|html|<div class="broadcast-blue"><strong>[Gen 9] OU is currently suspecting Tera Blast! For information on how to participate check out the <a href="https://www.smogon.com/tools/suspects/view/200">suspect thread</a>.</strong></div>
|j|☆ragingsquirtle420
|j|☆Snurke
|t:|1776316459
|gametype|singles
|player|p1|ragingsquirtle420|169|1517
|player|p2|Snurke|sisandbro|1551
|gen|9
|tier|[Gen 9] OU
|rated|
|rule|HP Percentage Mod: HP is shown in percentages
|rule|Endless Battle Clause: Forcing endless battles is banned
|rule|Species Clause: Limit one of each Pokémon
|rule|OHKO Clause: OHKO moves are banned
|rule|Evasion Items Clause: Evasion items are banned
|rule|Evasion Moves Clause: Evasion moves are banned
|rule|Evasion Abilities Clause: Evasion abilities are banned
|rule|Sleep Moves Clause: Sleep-inducing moves are banned
|clearpoke
|poke|p1|Landorus-Therian, M|
|poke|p1|Samurott-Hisui, M|
|poke|p1|Gholdengo|
|poke|p1|Thundurus-Therian, M|
|poke|p1|Scizor, M|
|poke|p1|Zamazenta-*|
|poke|p2|Mew|
|poke|p2|Great Tusk|
|poke|p2|Hatterene, F|
|poke|p2|Gholdengo|
|poke|p2|Gyarados, F|
|poke|p2|Umbreon, M|
|teampreview
|j| Monkey D MinMin
|inactive|Battle timer is ON: inactive players will automatically lose when time's up. (requested by Snurke)
|
|t:|1776316473
|teamsize|p1|6
|teamsize|p2|6
|start
|switch|p1a: Thundurus|Thundurus-Therian, M|100/100
|switch|p2a: Umbreon|Umbreon, M, shiny|100/100
|turn|1
|
|t:|1776316478
|move|p1a: Thundurus|Knock Off|p2a: Umbreon
|-resisted|p2a: Umbreon
|-damage|p2a: Umbreon|93/100
|-enditem|p2a: Umbreon|Light Clay|[from] move: Knock Off|[of] p1a: Thundurus
|move|p2a: Umbreon|Toxic|p1a: Thundurus
|-status|p1a: Thundurus|tox
|
|-damage|p1a: Thundurus|94/100 tox|[from] psn
|upkeep
|turn|2
|
|t:|1776316484
|move|p1a: Thundurus|Volt Switch|p2a: Umbreon
|-damage|p2a: Umbreon|73/100
|
|t:|1776316490
|switch|p1a: Gholdengo|Gholdengo|100/100|[from] Volt Switch
|move|p2a: Umbreon|Reflect|p2a: Umbreon
|-sidestart|p2: Snurke|Reflect
|
|upkeep
|turn|3
|
|t:|1776316493
|move|p1a: Gholdengo|Trick|p2a: Umbreon
|-activate|p1a: Gholdengo|move: Trick|[of] p2a: Umbreon
|-item|p2a: Umbreon|Choice Scarf|[from] move: Trick
|-enditem|p1a: Gholdengo|Choice Scarf|[silent]|[from] move: Trick
|move|p2a: Umbreon|Light Screen|p2a: Umbreon
|-sidestart|p2: Snurke|move: Light Screen
|
|upkeep
|turn|4
|
|t:|1776316505
|switch|p2a: Gyarados|Gyarados, F, shiny|100/100
|-ability|p2a: Gyarados|Intimidate|boost
|-unboost|p1a: Gholdengo|atk|1
|move|p1a: Gholdengo|Trick|p2a: Gyarados
|-activate|p1a: Gholdengo|move: Trick|[of] p2a: Gyarados
|-enditem|p2a: Gyarados|Leftovers|[silent]|[from] move: Trick
|-item|p1a: Gholdengo|Leftovers|[from] move: Trick
|
|upkeep
|turn|5
|
|t:|1776316515
|switch|p1a: Zamazenta|Zamazenta|100/100
|-ability|p1a: Zamazenta|Dauntless Shield|boost
|-boost|p1a: Zamazenta|def|1
|move|p2a: Gyarados|Earthquake|p1a: Zamazenta
|-damage|p1a: Zamazenta|85/100
|
|-heal|p1a: Zamazenta|91/100|[from] item: Leftovers
|upkeep
|turn|6
|
|t:|1776316518
|switch|p2a: Gholdengo|Gholdengo, shiny|100/100
|move|p1a: Zamazenta|Iron Defense|p1a: Zamazenta
|-boost|p1a: Zamazenta|def|2
|
|-heal|p1a: Zamazenta|97/100|[from] item: Leftovers
|-sideend|p2: Snurke|Reflect
|upkeep
|turn|7
|
|t:|1776316530
|move|p1a: Zamazenta|Crunch|p2a: Gholdengo
|-supereffective|p2a: Gholdengo
|-damage|p2a: Gholdengo|49/100
|move|p2a: Gholdengo|Nasty Plot|p2a: Gholdengo
|-boost|p2a: Gholdengo|spa|2
|
|-heal|p1a: Zamazenta|100/100|[from] item: Leftovers
|-heal|p2a: Gholdengo|55/100|[from] item: Leftovers
|-sideend|p2: Snurke|move: Light Screen
|upkeep
|turn|8
|
|t:|1776316537
|-terastallize|p2a: Gholdengo|Fighting
|move|p1a: Zamazenta|Crunch|p2a: Gholdengo
|-resisted|p2a: Gholdengo
|-damage|p2a: Gholdengo|43/100
|move|p2a: Gholdengo|Focus Blast|p1a: Zamazenta|[miss]
|-miss|p2a: Gholdengo|p1a: Zamazenta
|
|-heal|p2a: Gholdengo|49/100|[from] item: Leftovers
|upkeep
|turn|9
|
|t:|1776316547
|switch|p2a: Gyarados|Gyarados, F, shiny|100/100
|-ability|p2a: Gyarados|Intimidate|boost
|-unboost|p1a: Zamazenta|atk|1
|move|p1a: Zamazenta|Body Press|p2a: Gyarados
|-resisted|p2a: Gyarados
|-damage|p2a: Gyarados|62/100
|
|upkeep
|turn|10
|
|t:|1776316555
|move|p1a: Zamazenta|Iron Defense|p1a: Zamazenta
|-boost|p1a: Zamazenta|def|2
|move|p2a: Gyarados|Thunder Wave|p1a: Zamazenta
|-status|p1a: Zamazenta|par
|
|upkeep
|turn|11
|
|t:|1776316559
|move|p2a: Gyarados|Waterfall|p1a: Zamazenta
|-damage|p1a: Zamazenta|93/100 par
|cant|p1a: Zamazenta|par
|
|-heal|p1a: Zamazenta|99/100 par|[from] item: Leftovers
|upkeep
|turn|12
|
|t:|1776316563
|cant|p1a: Zamazenta|par
|move|p2a: Gyarados|Dragon Tail|p1a: Zamazenta
|-damage|p1a: Zamazenta|94/100 par
|drag|p1a: Samurott|Samurott-Hisui, M|100/100
|
|upkeep
|turn|13
|
|t:|1776316575
|switch|p2a: Umbreon|Umbreon, M, shiny|73/100
|move|p1a: Samurott|Ceaseless Edge|p2a: Umbreon
|-resisted|p2a: Umbreon
|-damage|p2a: Umbreon|54/100
|-sidestart|p2: Snurke|Spikes
|
|upkeep
|turn|14
|
|t:|1776316582
|move|p2a: Umbreon|Reflect|p2a: Umbreon
|-sidestart|p2: Snurke|Reflect
|move|p1a: Samurott|Razor Shell|p2a: Umbreon
|-damage|p2a: Umbreon|29/100
|-unboost|p2a: Umbreon|def|1
|
|upkeep
|turn|15
|
|t:|1776316586
|switch|p2a: Great Tusk|Great Tusk|100/100
|-damage|p2a: Great Tusk|88/100|[from] Spikes
|move|p1a: Samurott|Ceaseless Edge|p2a: Great Tusk
|-resisted|p2a: Great Tusk
|-damage|p2a: Great Tusk|80/100
|-damage|p1a: Samurott|84/100|[from] item: Rocky Helmet|[of] p2a: Great Tusk
|-sidestart|p2: Snurke|Spikes
|
|upkeep
|turn|16
|
|t:|1776316597
|switch|p1a: Landorus|Landorus-Therian, M|100/100
|-ability|p1a: Landorus|Intimidate|boost
|-unboost|p2a: Great Tusk|atk|1
|move|p2a: Great Tusk|Bulk Up|p2a: Great Tusk
|-boost|p2a: Great Tusk|atk|1
|-boost|p2a: Great Tusk|def|1
|
|upkeep
|turn|17
|
|t:|1776316605
|move|p1a: Landorus|Taunt|p2a: Great Tusk
|-start|p2a: Great Tusk|move: Taunt
|move|p2a: Great Tusk|Rapid Spin|p1a: Landorus
|-damage|p1a: Landorus|86/100
|-boost|p2a: Great Tusk|spe|1
|-damage|p2a: Great Tusk|64/100|[from] item: Rocky Helmet|[of] p1a: Landorus
|-sideend|p2: Snurke|Spikes|[from] move: Rapid Spin|[of] p2a: Great Tusk
|
|upkeep
|turn|18
|
|t:|1776316616
|move|p2a: Great Tusk|Ice Spinner|p1a: Landorus
|-supereffective|p1a: Landorus
|-damage|p1a: Landorus|0 fnt
|-damage|p2a: Great Tusk|47/100|[from] item: Rocky Helmet|[of] p1a: Landorus
|faint|p1a: Landorus
|
|-sideend|p2: Snurke|Reflect
|upkeep
|
|t:|1776316627
|switch|p1a: Scizor|Scizor, M|100/100
|turn|19
|
|t:|1776316635
|move|p2a: Great Tusk|Earthquake|p1a: Scizor
|-damage|p1a: Scizor|48/100
|move|p1a: Scizor|Swords Dance|p1a: Scizor
|-boost|p1a: Scizor|atk|2
|
|-end|p2a: Great Tusk|move: Taunt
|upkeep
|turn|20
|
|t:|1776316643
|-terastallize|p1a: Scizor|Steel
|move|p1a: Scizor|Bullet Punch|p2a: Great Tusk
|-damage|p2a: Great Tusk|6/100
|-damage|p1a: Scizor|32/100|[from] item: Rocky Helmet|[of] p2a: Great Tusk
|move|p2a: Great Tusk|Earthquake|p1a: Scizor
|-supereffective|p1a: Scizor
|-damage|p1a: Scizor|0 fnt
|faint|p1a: Scizor
|
|upkeep
|
|t:|1776316648
|switch|p1a: Samurott|Samurott-Hisui, M|84/100
|turn|21
|
|t:|1776316655
|move|p1a: Samurott|Sucker Punch|p2a: Great Tusk
|-resisted|p2a: Great Tusk
|-damage|p2a: Great Tusk|0 fnt
|-damage|p1a: Samurott|67/100|[from] item: Rocky Helmet|[of] p2a: Great Tusk
|faint|p2a: Great Tusk
|-end|p2a: Great Tusk|Protosynthesis|[silent]
|
|upkeep
|
|t:|1776316665
|switch|p2a: Mew|Mew, shiny|100/100
|turn|22
|
|t:|1776316669
|move|p2a: Mew|Imprison|p2a: Mew
|-start|p2a: Mew|move: Imprison
|move|p1a: Samurott|Ceaseless Edge|p2a: Mew|[miss]
|-miss|p1a: Samurott|p2a: Mew
|
|upkeep
|turn|23
|
|t:|1776316677
|move|p2a: Mew|Transform|p1a: Samurott
|-transform|p2a: Mew|p1a: Samurott
|cant|p1a: Samurott|move: Imprison|Ceaseless Edge
|
|upkeep
|turn|24
|
|t:|1776316682
|-activate|p1a: Samurott|move: Struggle
|move|p1a: Samurott|Struggle|p2a: Mew
|-damage|p2a: Mew|83/100
|-damage|p1a: Samurott|42/100|[from] recoil
|move|p2a: Mew|Ceaseless Edge|p1a: Samurott
|-resisted|p1a: Samurott
|-damage|p1a: Samurott|11/100
|-sidestart|p1: ragingsquirtle420|Spikes
|
|-heal|p2a: Mew|89/100|[from] item: Leftovers
|upkeep
|turn|25
|
|t:|1776316695
|move|p2a: Mew|Sucker Punch|p1a: Samurott
|-resisted|p1a: Samurott
|-damage|p1a: Samurott|0 fnt
|faint|p1a: Samurott
|
|-heal|p2a: Mew|95/100|[from] item: Leftovers
|upkeep
|
|t:|1776316699
|switch|p1a: Thundurus|Thundurus-Therian, M|94/100 tox
|turn|26
|
|t:|1776316706
|switch|p2a: Hatterene|Hatterene, F, shiny|100/100
|move|p1a: Thundurus|Thunderbolt|p2a: Hatterene
|-damage|p2a: Hatterene|67/100
|
|-damage|p1a: Thundurus|88/100 tox|[from] psn
|upkeep
|turn|27
|
|t:|1776316712
|move|p1a: Thundurus|Volt Switch|p2a: Hatterene
|-damage|p2a: Hatterene|43/100
|
|t:|1776316713
|switch|p1a: Gholdengo|Gholdengo|100/100|[from] Volt Switch
|-damage|p1a: Gholdengo|88/100|[from] Spikes
|move|p2a: Hatterene|Future Sight|p1a: Gholdengo
|-start|p2a: Hatterene|move: Future Sight
|
|-heal|p1a: Gholdengo|94/100|[from] item: Leftovers
|upkeep
|turn|28
|
|t:|1776316719
|switch|p2a: Umbreon|Umbreon, M, shiny|29/100
|move|p1a: Gholdengo|Shadow Ball|p2a: Umbreon
|-resisted|p2a: Umbreon
|-damage|p2a: Umbreon|19/100
|
|-heal|p1a: Gholdengo|99/100|[from] item: Leftovers
|upkeep
|turn|29
|
|t:|1776316728
|move|p1a: Gholdengo|Make It Rain|p2a: Umbreon
|-damage|p2a: Umbreon|0 fnt
|-unboost|p1a: Gholdengo|spa|1
|faint|p2a: Umbreon
|
|-end|p1a: Gholdengo|move: Future Sight
|-resisted|p1a: Gholdengo
|-damage|p1a: Gholdengo|62/100
|-heal|p1a: Gholdengo|68/100|[from] item: Leftovers
|upkeep
|
|t:|1776316737
|switch|p2a: Mew|Mew, shiny|95/100
|turn|30
|
|t:|1776316741
|move|p2a: Mew|Knock Off|p1a: Gholdengo
|-supereffective|p1a: Gholdengo
|-damage|p1a: Gholdengo|22/100
|-enditem|p1a: Gholdengo|Leftovers|[from] move: Knock Off|[of] p2a: Mew
|move|p1a: Gholdengo|Shadow Ball|p2a: Mew
|-supereffective|p2a: Mew
|-damage|p2a: Mew|50/100
|
|-heal|p2a: Mew|57/100|[from] item: Leftovers
|upkeep
|turn|31
|
|t:|1776316750
|move|p2a: Mew|Knock Off|p1a: Gholdengo
|-supereffective|p1a: Gholdengo
|-damage|p1a: Gholdengo|0 fnt
|faint|p1a: Gholdengo
|
|-heal|p2a: Mew|63/100|[from] item: Leftovers
|upkeep
|
|t:|1776316755
|switch|p1a: Thundurus|Thundurus-Therian, M|88/100 tox
|turn|32
|
|t:|1776316764
|move|p1a: Thundurus|Thunderbolt|p2a: Mew
|-damage|p2a: Mew|19/100
|move|p2a: Mew|Transform|p1a: Thundurus
|-transform|p2a: Mew|p1a: Thundurus
|
|-heal|p2a: Mew|25/100|[from] item: Leftovers
|-damage|p1a: Thundurus|82/100 tox|[from] psn
|upkeep
|turn|33
|
|t:|1776316778
|move|p2a: Mew|Knock Off|p1a: Thundurus
|-damage|p1a: Thundurus|49/100 tox
|-enditem|p1a: Thundurus|Heavy-Duty Boots|[from] move: Knock Off|[of] p2a: Mew
|move|p1a: Thundurus|Knock Off|p2a: Mew
|-damage|p2a: Mew|2/100
|-enditem|p2a: Mew|Leftovers|[from] move: Knock Off|[of] p1a: Thundurus
|
|-damage|p1a: Thundurus|37/100 tox|[from] psn
|upkeep
|turn|34
|
|t:|1776316790
|move|p2a: Mew|Tera Blast|p1a: Thundurus
|-damage|p1a: Thundurus|0 fnt
|faint|p1a: Thundurus
|
|upkeep
|
|t:|1776316792
|switch|p1a: Zamazenta|Zamazenta|94/100 par
|-damage|p1a: Zamazenta|82/100 par|[from] Spikes
|turn|35
|
|t:|1776316797
|move|p2a: Mew|Volt Switch|p1a: Zamazenta
|-damage|p1a: Zamazenta|47/100 par
|
|t:|1776316800
|switch|p2a: Hatterene|Hatterene, F, shiny|43/100|[from] Volt Switch
|cant|p1a: Zamazenta|par
|
|-heal|p1a: Zamazenta|53/100 par|[from] item: Leftovers
|upkeep
|turn|36
|
|t:|1776316807
|move|p1a: Zamazenta|Crunch|p2a: Hatterene
|-damage|p2a: Hatterene|17/100
|move|p2a: Hatterene|Future Sight|p1a: Zamazenta
|-start|p2a: Hatterene|move: Future Sight
|
|-heal|p1a: Zamazenta|59/100 par|[from] item: Leftovers
|upkeep
|turn|37
|
|t:|1776316812
|switch|p2a: Gyarados|Gyarados, F, shiny|62/100
|-ability|p2a: Gyarados|Intimidate|boost
|-unboost|p1a: Zamazenta|atk|1
|move|p1a: Zamazenta|Crunch|p2a: Gyarados
|-damage|p2a: Gyarados|48/100
|
|-heal|p1a: Zamazenta|65/100 par|[from] item: Leftovers
|upkeep
|turn|38
|
|t:|1776316820
|move|p2a: Gyarados|Waterfall|p1a: Zamazenta
|-damage|p1a: Zamazenta|35/100 par
|move|p1a: Zamazenta|Body Press|p2a: Gyarados
|-resisted|p2a: Gyarados
|-damage|p2a: Gyarados|31/100
|
|-end|p1a: Zamazenta|move: Future Sight
|-supereffective|p1a: Zamazenta
|-damage|p1a: Zamazenta|0 fnt
|faint|p1a: Zamazenta
|
|win|Snurke
|raw|ragingsquirtle420's rating: 1517 &rarr; <strong>1499</strong><br />(-18 for losing)
|raw|Snurke's rating: 1551 &rarr; <strong>1569</strong><br />(+18 for winning)
|l|☆ragingsquirtle420
|player|p1|
