|html|<div class="broadcast-blue"><strong>[Gen 9] OU is currently suspecting Tera Blast! For information on how to participate check out the <a href="https://www.smogon.com/tools/suspects/view/200">suspect thread</a>.</strong></div>
|j|☆baller salsa
|j|☆d'ent42
|t:|1776101581
|gametype|singles
|player|p1|baller salsa|veteran|1380
|player|p2|d'ent42|janitor|1320
|gen|9
|tier|[Gen 9] OU
|rated|
|rule|HP Percentage Mod: HP is shown in percentages
|rule|Endless Battle Clause: Forcing endless battles is banned
|rule|Species Clause: Limit one of each Pokémon
|rule|OHKO Clause: OHKO moves are banned
|rule|Evasion Items Clause: Evasion items are banned
|rule|Evasion Moves Clause: Evasion moves are banned
|rule|Evasion Abilities Clause: Evasion abilities are banned
|rule|Sleep Moves Clause: Sleep-inducing moves are banned
|clearpoke
|poke|p1|Glimmora, M|
|poke|p1|Ogerpon-Wellspring, F|
|poke|p1|Kingambit, M|
|poke|p1|Raging Bolt|
|poke|p1|Ceruledge, M|
|poke|p1|Iron Valiant|
|poke|p2|Orthworm, F|
|poke|p2|Dragapult, F|
|poke|p2|Amoonguss, M|
|poke|p2|Hariyama, M|
|poke|p2|Gastrodon, M|
|poke|p2|Dondozo, F|
|teampreview
|inactive|Battle timer is ON: inactive players will automatically lose when time's up. (requested by d'ent42)
|
|t:|1776101598
|teamsize|p1|6
|teamsize|p2|6
|start
|switch|p1a: starting|Glimmora, M|100/100
|switch|p2a: Gastrodon|Gastrodon, M|100/100
|turn|1
|
|t:|1776101606
|move|p1a: starting|Stealth Rock|p2a: Gastrodon
|-sidestart|p2: d'ent42|move: Stealth Rock
|move|p2a: Gastrodon|Earth Power|p1a: starting
|-supereffective|p1a: starting
|-enditem|p1a: starting|Focus Sash
|-damage|p1a: starting|1/100
|
|upkeep
|turn|2
|
|t:|1776101611
|move|p1a: starting|Spiky Shield|p1a: starting
|-singleturn|p1a: starting|move: Protect
|move|p2a: Gastrodon|Ice Beam|p1a: starting
|-activate|p1a: starting|move: Protect
|
|upkeep
|turn|3
|
|t:|1776101616
|move|p1a: starting|Mortal Spin|p2a: Gastrodon
|-resisted|p2a: Gastrodon
|-damage|p2a: Gastrodon|97/100
|-status|p2a: Gastrodon|psn
|move|p2a: Gastrodon|Ice Beam|p1a: starting
|-damage|p1a: starting|0 fnt
|faint|p1a: starting
|
|-heal|p2a: Gastrodon|100/100 psn|[from] item: Leftovers
|-damage|p2a: Gastrodon|88/100 psn|[from] psn
|upkeep
|
|t:|1776101631
|switch|p1a: Ogerpon|Ogerpon-Wellspring, F|100/100
|turn|4
|
|t:|1776101634
|switch|p2a: Amoonguss|Amoonguss, M|100/100
|-damage|p2a: Amoonguss|88/100|[from] Stealth Rock
|move|p1a: Ogerpon|Swords Dance|p1a: Ogerpon
|-boost|p1a: Ogerpon|atk|2
|
|-heal|p2a: Amoonguss|94/100|[from] item: Black Sludge
|upkeep
|turn|5
|inactive|baller salsa has 120 seconds left.
|
|t:|1776101670
|move|p1a: Ogerpon|Swords Dance|p1a: Ogerpon
|-boost|p1a: Ogerpon|atk|2
|move|p2a: Amoonguss|Sludge Bomb|p1a: Ogerpon
|-supereffective|p1a: Ogerpon
|-damage|p1a: Ogerpon|43/100
|
|-heal|p2a: Amoonguss|100/100|[from] item: Black Sludge
|upkeep
|turn|6
|inactive|baller salsa has 120 seconds left.
|
|t:|1776101676
|-terastallize|p1a: Ogerpon|Water
|detailschange|p1a: Ogerpon|Ogerpon-Wellspring-Tera, F, tera:Water
|-ability|p1a: Ogerpon|Embody Aspect (Wellspring)|boost
|-boost|p1a: Ogerpon|spd|1
|move|p1a: Ogerpon|Ivy Cudgel|p2a: Amoonguss|[anim] Ivy Cudgel Water
|-resisted|p2a: Amoonguss
|-damage|p2a: Amoonguss|29/100
|move|p2a: Amoonguss|Sludge Bomb|p1a: Ogerpon
|-damage|p1a: Ogerpon|24/100
|
|-heal|p2a: Amoonguss|36/100|[from] item: Black Sludge
|upkeep
|turn|7
|
|t:|1776101684
|switch|p2a: Orthworm|Orthworm, F|100/100
|-damage|p2a: Orthworm|94/100|[from] Stealth Rock
|move|p1a: Ogerpon|Ivy Cudgel|p2a: Orthworm|[anim] Ivy Cudgel Water
|-damage|p2a: Orthworm|0 fnt
|faint|p2a: Orthworm
|
|upkeep
|
|t:|1776101690
|switch|p2a: Dragapult|Dragapult, F|100/100
|-damage|p2a: Dragapult|88/100|[from] Stealth Rock
|turn|8
|
|t:|1776101695
|move|p2a: Dragapult|Thunderbolt|p1a: Ogerpon
|-supereffective|p1a: Ogerpon
|-damage|p1a: Ogerpon|0 fnt
|faint|p1a: Ogerpon
|detailschange|p1: Ogerpon|Ogerpon-Wellspring, F|[silent]
|-damage|p2a: Dragapult|78/100|[from] item: Life Orb
|
|upkeep
|
|t:|1776101706
|switch|p1a: gambit|Kingambit, M|100/100
|-activate|p1a: gambit|ability: Supreme Overlord
|-start|p1a: gambit|fallen2|[silent]
|turn|9
|
|t:|1776101709
|switch|p2a: Dondozo|Dondozo, F|100/100
|-damage|p2a: Dondozo|88/100|[from] Stealth Rock
|move|p1a: gambit|Swords Dance|p1a: gambit
|-boost|p1a: gambit|atk|2
|
|-heal|p2a: Dondozo|94/100|[from] item: Leftovers
|upkeep
|turn|10
|
|t:|1776101714
|move|p1a: gambit|Kowtow Cleave|p2a: Dondozo
|-damage|p2a: Dondozo|66/100
|move|p2a: Dondozo|Body Press|p1a: gambit
|-supereffective|p1a: gambit
|-damage|p1a: gambit|22/100
|
|-heal|p1a: gambit|28/100|[from] item: Leftovers
|-heal|p2a: Dondozo|72/100|[from] item: Leftovers
|upkeep
|turn|11
|
|t:|1776101720
|-end|p1a: gambit|fallen2|[silent]
|switch|p1a: ayman|Ceruledge, M|100/100
|move|p2a: Dondozo|Liquidation|p1a: ayman
|-supereffective|p1a: ayman
|-damage|p1a: ayman|7/100
|-ability|p1a: ayman|Weak Armor|boost
|-unboost|p1a: ayman|def|1
|-boost|p1a: ayman|spe|2
|
|-heal|p2a: Dondozo|78/100|[from] item: Leftovers
|upkeep
|turn|12
|
|t:|1776101726
|move|p1a: ayman|Poltergeist|p2a: Dondozo
|-activate|p2a: Dondozo|move: Poltergeist|Leftovers
|-damage|p2a: Dondozo|49/100
|move|p2a: Dondozo|Liquidation|p1a: ayman
|-supereffective|p1a: ayman
|-damage|p1a: ayman|0 fnt
|faint|p1a: ayman
|
|-heal|p2a: Dondozo|56/100|[from] item: Leftovers
|upkeep
|
|t:|1776101731
|switch|p1a: Raging Bolt|Raging Bolt|100/100
|turn|13
|
|t:|1776101734
|switch|p2a: Amoonguss|Amoonguss, M|69/100
|-damage|p2a: Amoonguss|57/100|[from] Stealth Rock
|move|p1a: Raging Bolt|Draco Meteor|p2a: Amoonguss
|-damage|p2a: Amoonguss|0 fnt
|-unboost|p1a: Raging Bolt|spa|2
|faint|p2a: Amoonguss
|
|upkeep
|
|t:|1776101739
|switch|p2a: Dragapult|Dragapult, F|78/100
|-damage|p2a: Dragapult|66/100|[from] Stealth Rock
|turn|14
|
|t:|1776101745
|move|p2a: Dragapult|Flamethrower|p1a: Raging Bolt
|-resisted|p1a: Raging Bolt
|-damage|p1a: Raging Bolt|91/100
|-damage|p2a: Dragapult|56/100|[from] item: Life Orb
|move|p1a: Raging Bolt|Draco Meteor|p2a: Dragapult
|-supereffective|p2a: Dragapult
|-damage|p2a: Dragapult|0 fnt
|-unboost|p1a: Raging Bolt|spa|2
|faint|p2a: Dragapult
|
|upkeep
|
|t:|1776101748
|switch|p2a: Hariyama|Hariyama, M|100/100
|-damage|p2a: Hariyama|94/100|[from] Stealth Rock
|turn|15
|
|t:|1776101754
|-end|p1a: Raging Bolt|Protosynthesis|[silent]
|switch|p1a: gambit|Kingambit, M|28/100
|-activate|p1a: gambit|ability: Supreme Overlord
|-start|p1a: gambit|fallen3|[silent]
|move|p2a: Hariyama|Earthquake|p1a: gambit
|-supereffective|p1a: gambit
|-damage|p1a: gambit|0 fnt
|faint|p1a: gambit
|-end|p1a: gambit|fallen3|[silent]
|
|-status|p2a: Hariyama|brn|[from] item: Flame Orb
|upkeep
|
|t:|1776101757
|switch|p1a: Schrödinger|Iron Valiant|100/100
|turn|16
|
|t:|1776101762
|switch|p2a: Gastrodon|Gastrodon, M|88/100 psn
|-damage|p2a: Gastrodon|82/100 psn|[from] Stealth Rock
|move|p1a: Schrödinger|Moonblast|p2a: Gastrodon
|-damage|p2a: Gastrodon|47/100 psn
|-unboost|p2a: Gastrodon|spa|1
|
|-heal|p2a: Gastrodon|53/100 psn|[from] item: Leftovers
|-damage|p2a: Gastrodon|41/100 psn|[from] psn
|upkeep
|turn|17
|
|t:|1776101765
|move|p1a: Schrödinger|Moonblast|p2a: Gastrodon
|-damage|p2a: Gastrodon|7/100 psn
|-unboost|p2a: Gastrodon|spa|1
|move|p2a: Gastrodon|Recover|p2a: Gastrodon
|-heal|p2a: Gastrodon|57/100 psn
|
|-heal|p2a: Gastrodon|63/100 psn|[from] item: Leftovers
|-damage|p2a: Gastrodon|51/100 psn|[from] psn
|upkeep
|turn|18
|
|t:|1776101773
|switch|p2a: Dondozo|Dondozo, F|56/100
|-damage|p2a: Dondozo|43/100|[from] Stealth Rock
|move|p1a: Schrödinger|Moonblast|p2a: Dondozo
|-damage|p2a: Dondozo|0 fnt
|faint|p2a: Dondozo
|
|upkeep
|
|t:|1776101775
|switch|p2a: Gastrodon|Gastrodon, M|51/100 psn
|-damage|p2a: Gastrodon|45/100 psn|[from] Stealth Rock
|turn|19
|
|t:|1776101777
|move|p1a: Schrödinger|Moonblast|p2a: Gastrodon
|-damage|p2a: Gastrodon|8/100 psn
|move|p2a: Gastrodon|Recover|p2a: Gastrodon
|-heal|p2a: Gastrodon|58/100 psn
|
|-heal|p2a: Gastrodon|64/100 psn|[from] item: Leftovers
|-damage|p2a: Gastrodon|52/100 psn|[from] psn
|upkeep
|turn|20
|
|t:|1776101780
|move|p1a: Schrödinger|Moonblast|p2a: Gastrodon
|-crit|p2a: Gastrodon
|-damage|p2a: Gastrodon|4/100 psn
|-unboost|p2a: Gastrodon|spa|1
|move|p2a: Gastrodon|Earth Power|p1a: Schrödinger
|-damage|p1a: Schrödinger|67/100
|
|-heal|p2a: Gastrodon|10/100 psn|[from] item: Leftovers
|-damage|p2a: Gastrodon|0 fnt|[from] psn
|faint|p2a: Gastrodon
|upkeep
|
|t:|1776101783
|switch|p2a: Hariyama|Hariyama, M|94/100 brn
|-damage|p2a: Hariyama|88/100 brn|[from] Stealth Rock
|turn|21
|c|☆baller salsa|ggs
|
|t:|1776101787
|move|p2a: Hariyama|Bullet Punch|p1a: Schrödinger
|-supereffective|p1a: Schrödinger
|-damage|p1a: Schrödinger|15/100
|move|p1a: Schrödinger|Moonblast|p2a: Hariyama
|-supereffective|p2a: Hariyama
|-damage|p2a: Hariyama|0 fnt
|faint|p2a: Hariyama
|
|win|baller salsa
|raw|baller salsa's rating: 1380 &rarr; <strong>1397</strong><br />(+17 for winning)
|raw|d&apos;ent42's rating: 1320 &rarr; <strong>1303</strong><br />(-17 for losing)
|c|☆d'ent42|gg
|l|☆d'ent42
|player|p2|
