|html|<div class="broadcast-blue"><strong>[Gen 9] OU is currently suspecting Tera Blast! For information on how to participate check out the <a href="https://www.smogon.com/tools/suspects/view/200">suspect thread</a>.</strong></div>
|j|☆SKHD1998
|j|☆BizarreHappy
|t:|1776090306
|gametype|singles
|player|p1|SKHD1998|veteran|1131
|player|p2|BizarreHappy|169|1113
|gen|9
|tier|[Gen 9] OU
|rated|
|rule|HP Percentage Mod: HP is shown in percentages
|rule|Endless Battle Clause: Forcing endless battles is banned
|rule|Species Clause: Limit one of each Pokémon
|rule|OHKO Clause: OHKO moves are banned
|rule|Evasion Items Clause: Evasion items are banned
|rule|Evasion Moves Clause: Evasion moves are banned
|rule|Evasion Abilities Clause: Evasion abilities are banned
|rule|Sleep Moves Clause: Sleep-inducing moves are banned
|clearpoke
|poke|p1|Toucannon, M|
|poke|p1|Lokix, M|
|poke|p1|Mamoswine, M|
|poke|p1|Vikavolt, M|
|poke|p1|Talonflame, M|
|poke|p1|Pincurchin, F|
|poke|p2|Tinkaton, F|
|poke|p2|Glaceon, F|
|poke|p2|Ninetales-Alola, M|
|poke|p2|Slowking-Galar, M|
|poke|p2|Kyurem|
|poke|p2|Gyarados, M|
|teampreview
|
|t:|1776090323
|teamsize|p1|6
|teamsize|p2|6
|start
|switch|p1a: Lokix|Lokix, M|100/100
|switch|p2a: Ninetales|Ninetales-Alola, M|100/100
|-weather|Snowscape|[from] ability: Snow Warning|[of] p2a: Ninetales
|turn|1
|
|t:|1776090338
|move|p1a: Lokix|First Impression|p2a: Ninetales
|-resisted|p2a: Ninetales
|-damage|p2a: Ninetales|33/100
|move|p2a: Ninetales|Aurora Veil|p2a: Ninetales
|-sidestart|p2: BizarreHappy|move: Aurora Veil
|
|-weather|Snowscape|[upkeep]
|upkeep
|turn|2
|
|t:|1776090350
|switch|p1a: Mamoswine|Mamoswine, M|100/100
|move|p2a: Ninetales|Moonblast|p1a: Mamoswine
|-damage|p1a: Mamoswine|54/100
|
|-weather|Snowscape|[upkeep]
|upkeep
|turn|3
|
|t:|1776090389
|move|p1a: Mamoswine|Iron Head|p2a: Ninetales
|-supereffective|p2a: Ninetales
|-damage|p2a: Ninetales|0 fnt
|faint|p2a: Ninetales
|
|-weather|Snowscape|[upkeep]
|upkeep
|
|t:|1776090395
|switch|p2a: Gyarados|Gyarados, M|100/100
|-ability|p2a: Gyarados|Intimidate|boost
|-fail|p1a: Mamoswine|unboost|Attack|[from] ability: Oblivious|[of] p1a: Mamoswine
|turn|4
|
|t:|1776090413
|switch|p1a: Toucannon|Toucannon, M|100/100
|move|p2a: Gyarados|Waterfall|p1a: Toucannon
|-damage|p1a: Toucannon|46/100
|
|-weather|Snowscape|[upkeep]
|upkeep
|turn|5
|
|t:|1776090425
|-singleturn|p1a: Toucannon|move: Beak Blast
|move|p2a: Gyarados|Waterfall|p1a: Toucannon
|-damage|p1a: Toucannon|0 fnt
|-status|p2a: Gyarados|brn
|faint|p1a: Toucannon
|
|-weather|none
|-damage|p2a: Gyarados|94/100 brn|[from] brn
|-sideend|p2: BizarreHappy|move: Aurora Veil
|upkeep
|
|t:|1776090445
|switch|p1a: Pincurchin|Pincurchin, F|100/100
|-fieldstart|move: Electric Terrain|[from] ability: Electric Surge|[of] p1a: Pincurchin
|-item|p1a: Pincurchin|Air Balloon
|turn|6
|
|t:|1776090473
|switch|p2a: Kyurem|Kyurem|100/100
|-ability|p2a: Kyurem|Pressure
|move|p1a: Pincurchin|Thunderbolt|p2a: Kyurem
|-resisted|p2a: Kyurem
|-damage|p2a: Kyurem|87/100
|
|upkeep
|turn|7
|
|t:|1776090505
|switch|p1a: Lokix|Lokix, M|100/100
|move|p2a: Kyurem|Stone Edge|p1a: Lokix
|-supereffective|p1a: Lokix
|-crit|p1a: Lokix
|-damage|p1a: Lokix|0 fnt
|faint|p1a: Lokix
|
|upkeep
|
|t:|1776090514
|switch|p1a: Mamoswine|Mamoswine, M|54/100
|turn|8
|
|t:|1776090521
|move|p1a: Mamoswine|Iron Head|p2a: Kyurem
|-supereffective|p2a: Kyurem
|-damage|p2a: Kyurem|24/100
|-enditem|p2a: Kyurem|Salac Berry|[eat]
|-boost|p2a: Kyurem|spe|1|[from] item: Salac Berry
|move|p2a: Kyurem|Iron Head|p1a: Mamoswine
|-supereffective|p1a: Mamoswine
|-crit|p1a: Mamoswine
|-damage|p1a: Mamoswine|0 fnt
|faint|p1a: Mamoswine
|
|upkeep
|
|t:|1776090535
|switch|p1a: Talonflame|Talonflame, M|100/100
|-enditem|p1a: Talonflame|Electric Seed
|-boost|p1a: Talonflame|def|1|[from] item: Electric Seed
|turn|9
|
|t:|1776090548
|move|p1a: Talonflame|Acrobatics|p2a: Kyurem
|-damage|p2a: Kyurem|0 fnt
|faint|p2a: Kyurem
|
|upkeep
|
|t:|1776090570
|switch|p2a: Slowking|Slowking-Galar, M|100/100
|turn|10
|
|t:|1776090578
|move|p1a: Talonflame|Acrobatics|p2a: Slowking
|-damage|p2a: Slowking|69/100
|move|p2a: Slowking|Toxic|p1a: Talonflame
|-status|p1a: Talonflame|tox
|
|-heal|p2a: Slowking|75/100|[from] item: Leftovers
|-damage|p1a: Talonflame|94/100 tox|[from] psn
|-fieldend|move: Electric Terrain
|upkeep
|turn|11
|
|t:|1776090588
|switch|p1a: Vikavolt|Vikavolt, M, shiny|100/100
|-prepare|p2a: Slowking|Chilly Reception|[premajor]
|move|p2a: Slowking|Chilly Reception|p2a: Slowking
|-weather|Snowscape
|
|t:|1776090598
|switch|p2a: Tinkaton|Tinkaton, F|100/100|[from] Chilly Reception
|-item|p2a: Tinkaton|Air Balloon
|
|-weather|Snowscape|[upkeep]
|upkeep
|turn|12
|
|t:|1776090607
|-terastallize|p1a: Vikavolt|Electric
|move|p2a: Tinkaton|Stealth Rock|p1a: Vikavolt
|-sidestart|p1: SKHD1998|move: Stealth Rock
|move|p1a: Vikavolt|Thunder|p2a: Tinkaton|[miss]
|-miss|p1a: Vikavolt|p2a: Tinkaton
|
|-weather|Snowscape|[upkeep]
|upkeep
|turn|13
|
|t:|1776090627
|switch|p2a: Glaceon|Glaceon, F|100/100
|move|p1a: Vikavolt|Thunder|p2a: Glaceon
|-damage|p2a: Glaceon|3/100
|
|-weather|Snowscape|[upkeep]
|-heal|p2a: Glaceon|9/100|[from] ability: Ice Body
|-heal|p2a: Glaceon|15/100|[from] item: Leftovers
|upkeep
|turn|14
|
|t:|1776090648
|move|p2a: Glaceon|Alluring Voice|p1a: Vikavolt
|-damage|p1a: Vikavolt|74/100
|move|p1a: Vikavolt|Bug Buzz|p2a: Glaceon
|-damage|p2a: Glaceon|0 fnt
|faint|p2a: Glaceon
|
|-weather|Snowscape|[upkeep]
|upkeep
|
|t:|1776090665
|switch|p2a: Slowking|Slowking-Galar, M|100/100
|turn|15
|
|t:|1776090671
|move|p1a: Vikavolt|Thunder|p2a: Slowking|[miss]
|-miss|p1a: Vikavolt|p2a: Slowking
|move|p2a: Slowking|Toxic|p1a: Vikavolt
|-status|p1a: Vikavolt|tox
|
|-weather|none
|-damage|p1a: Vikavolt|68/100 tox|[from] psn
|upkeep
|turn|16
|
|t:|1776090682
|move|p1a: Vikavolt|Thunder|p2a: Slowking
|-damage|p2a: Slowking|29/100
|move|p2a: Slowking|Calm Mind|p2a: Slowking
|-boost|p2a: Slowking|spa|1
|-boost|p2a: Slowking|spd|1
|
|-heal|p2a: Slowking|36/100|[from] item: Leftovers
|-damage|p1a: Vikavolt|56/100 tox|[from] psn
|upkeep
|turn|17
|
|t:|1776090692
|move|p1a: Vikavolt|Thunder|p2a: Slowking
|-damage|p2a: Slowking|0 fnt
|faint|p2a: Slowking
|
|-damage|p1a: Vikavolt|37/100 tox|[from] psn
|upkeep
|
|t:|1776090699
|switch|p2a: Gyarados|Gyarados, M|94/100 brn
|-ability|p2a: Gyarados|Intimidate|boost
|-unboost|p1a: Vikavolt|atk|1
|turn|18
|
|t:|1776090705
|move|p2a: Gyarados|Waterfall|p1a: Vikavolt
|-damage|p1a: Vikavolt|15/100 tox
|move|p1a: Vikavolt|Thunder|p2a: Gyarados
|-supereffective|p2a: Gyarados
|-damage|p2a: Gyarados|0 fnt
|faint|p2a: Gyarados
|
|-damage|p1a: Vikavolt|0 fnt|[from] psn
|faint|p1a: Vikavolt
|upkeep
|
|t:|1776090746
|switch|p2a: Tinkaton|Tinkaton, F|100/100
|switch|p1a: Pincurchin|Pincurchin, F|100/100
|-item|p2a: Tinkaton|Air Balloon
|-damage|p1a: Pincurchin|88/100|[from] Stealth Rock
|-fieldstart|move: Electric Terrain|[from] ability: Electric Surge|[of] p1a: Pincurchin
|-item|p1a: Pincurchin|Air Balloon
|turn|19
|
|t:|1776090781
|move|p2a: Tinkaton|Gigaton Hammer|p1a: Pincurchin
|-resisted|p1a: Pincurchin
|-damage|p1a: Pincurchin|65/100
|-enditem|p1a: Pincurchin|Air Balloon
|move|p1a: Pincurchin|Thunderbolt|p2a: Tinkaton
|-damage|p2a: Tinkaton|67/100
|-enditem|p2a: Tinkaton|Air Balloon
|
|upkeep
|turn|20
|
|t:|1776090794
|move|p2a: Tinkaton|Encore|p1a: Pincurchin
|-start|p1a: Pincurchin|Encore
|move|p1a: Pincurchin|Thunderbolt|p2a: Tinkaton
|-damage|p2a: Tinkaton|36/100
|
|upkeep
|turn|21
|
|t:|1776090799
|move|p2a: Tinkaton|Gigaton Hammer|p1a: Pincurchin
|-resisted|p1a: Pincurchin
|-damage|p1a: Pincurchin|42/100
|move|p1a: Pincurchin|Thunderbolt|p2a: Tinkaton
|-damage|p2a: Tinkaton|3/100
|
|upkeep
|turn|22
|c|☆BizarreHappy|gg
|
|t:|1776090806
|move|p2a: Tinkaton|Encore||[still]
|-fail|p2a: Tinkaton
|move|p1a: Pincurchin|Thunderbolt|p2a: Tinkaton
|-damage|p2a: Tinkaton|0 fnt
|faint|p2a: Tinkaton
|
|win|SKHD1998
|raw|SKHD1998's rating: 1131 &rarr; <strong>1155</strong><br />(+24 for winning)
|raw|BizarreHappy's rating: 1113 &rarr; <strong>1089</strong><br />(-24 for losing)
|l|☆BizarreHappy
|player|p2|
