|html|<div class="broadcast-blue"><strong>[Gen 9] OU is currently suspecting Tera Blast! For information on how to participate check out the <a href="https://www.smogon.com/tools/suspects/view/200">suspect thread</a>.</strong></div>
|j|☆smokey19
|j|☆Dr. Drake6782
|t:|1776100760
|gametype|singles
|player|p1|smokey19|2|1595
|player|p2|Dr. Drake6782|hilbert-masters|1629
|gen|9
|tier|[Gen 9] OU
|rated|
|rule|HP Percentage Mod: HP is shown in percentages
|rule|Endless Battle Clause: Forcing endless battles is banned
|rule|Species Clause: Limit one of each Pokémon
|rule|OHKO Clause: OHKO moves are banned
|rule|Evasion Items Clause: Evasion items are banned
|rule|Evasion Moves Clause: Evasion moves are banned
|rule|Evasion Abilities Clause: Evasion abilities are banned
|rule|Sleep Moves Clause: Sleep-inducing moves are banned
|clearpoke
|poke|p1|Iron Moth|
|poke|p1|Landorus-Therian, M|
|poke|p1|Samurott-Hisui, M|
|poke|p1|Slowking-Galar, M|
|poke|p1|Ogerpon, F|
|poke|p1|Enamorus, F|
|poke|p2|Cloyster, M|
|poke|p2|Ninetales-Alola, F|
|poke|p2|Polteageist|
|poke|p2|Iron Treads|
|poke|p2|Dragonite, M|
|poke|p2|Zamazenta-*|
|teampreview
|inactive|Battle timer is ON: inactive players will automatically lose when time's up. (requested by Dr. Drake6782)
|
|t:|1776100777
|teamsize|p1|6
|teamsize|p2|6
|start
|switch|p1a: Iron Moth|Iron Moth|100/100
|switch|p2a: Perish in Frost|Ninetales-Alola, F, shiny|100/100
|-weather|Snowscape|[from] ability: Snow Warning|[of] p2a: Perish in Frost
|-enditem|p1a: Iron Moth|Booster Energy
|-activate|p1a: Iron Moth|ability: Quark Drive|[fromitem]
|-start|p1a: Iron Moth|quarkdrivespe
|turn|1
|j| orccosupa
|
|t:|1776100791
|switch|p2a: Dniteial|Dragonite, M, shiny|100/100
|move|p1a: Iron Moth|Fiery Dance|p2a: Dniteial
|-resisted|p2a: Dniteial
|-damage|p2a: Dniteial|90/100
|-boost|p1a: Iron Moth|spa|1
|
|-weather|Snowscape|[upkeep]
|upkeep
|turn|2
|inactive|smokey19 has 120 seconds left.
|
|t:|1776100827
|move|p1a: Iron Moth|Dazzling Gleam|p2a: Dniteial
|-supereffective|p2a: Dniteial
|-damage|p2a: Dniteial|8/100
|move|p2a: Dniteial|Earthquake|p1a: Iron Moth
|-supereffective|p1a: Iron Moth
|-damage|p1a: Iron Moth|0 fnt
|faint|p1a: Iron Moth
|-end|p1a: Iron Moth|Quark Drive|[silent]
|
|-weather|Snowscape|[upkeep]
|upkeep
|inactive|smokey19 has 90 seconds left.
|
|t:|1776100859
|switch|p1a: Ogerpon|Ogerpon, F|100/100
|turn|3
|
|t:|1776100871
|move|p2a: Dniteial|Extreme Speed|p1a: Ogerpon
|-damage|p1a: Ogerpon|63/100
|move|p1a: Ogerpon|Ivy Cudgel|p2a: Dniteial
|-resisted|p2a: Dniteial
|-damage|p2a: Dniteial|0 fnt
|faint|p2a: Dniteial
|
|-weather|Snowscape|[upkeep]
|upkeep
|
|t:|1776100874
|switch|p2a: Perish in Frost|Ninetales-Alola, F, shiny|100/100
|turn|4
|inactive|smokey19 has 90 seconds left.
|
|t:|1776100904
|move|p1a: Ogerpon|Ivy Cudgel|p2a: Perish in Frost
|-damage|p2a: Perish in Frost|38/100
|move|p2a: Perish in Frost|Aurora Veil|p2a: Perish in Frost
|-sidestart|p2: Dr. Drake6782|move: Aurora Veil
|
|-weather|Snowscape|[upkeep]
|upkeep
|turn|5
|
|t:|1776100909
|switch|p1a: Slowking|Slowking-Galar, M, shiny|100/100
|move|p2a: Perish in Frost|Freeze-Dry|p1a: Slowking
|-damage|p1a: Slowking|90/100
|
|-weather|none
|upkeep
|turn|6
|
|t:|1776100924
|switch|p2a: Bibingka|Polteageist, shiny|100/100
|switch|p1a: Samurott|Samurott-Hisui, M|100/100
|
|upkeep
|turn|7
|
|t:|1776100941
|move|p1a: Samurott|Ceaseless Edge|p2a: Bibingka
|-supereffective|p2a: Bibingka
|-damage|p2a: Bibingka|55/100
|-start|p1a: Samurott|Disable|Ceaseless Edge|[from] ability: Cursed Body|[of] p2a: Bibingka
|-sidestart|p2: Dr. Drake6782|Spikes
|move|p2a: Bibingka|Shell Smash|p2a: Bibingka
|-unboost|p2a: Bibingka|def|1
|-unboost|p2a: Bibingka|spd|1
|-boost|p2a: Bibingka|atk|2
|-boost|p2a: Bibingka|spa|2
|-boost|p2a: Bibingka|spe|2
|-enditem|p2a: Bibingka|White Herb
|-clearnegativeboost|p2a: Bibingka|[silent]
|
|upkeep
|turn|8
|inactive|smokey19 has 90 seconds left.
|
|t:|1776100970
|move|p1a: Samurott|Sucker Punch|p2a: Bibingka
|-supereffective|p2a: Bibingka
|-crit|p2a: Bibingka
|-damage|p2a: Bibingka|0 fnt
|faint|p2a: Bibingka
|
|upkeep
|
|t:|1776100981
|switch|p2a: TETRADRIVE|Cloyster, M, shiny|100/100
|-damage|p2a: TETRADRIVE|88/100|[from] Spikes
|turn|9
|
|t:|1776100986
|move|p1a: Samurott|Sacred Sword|p2a: TETRADRIVE
|-supereffective|p2a: TETRADRIVE
|-damage|p2a: TETRADRIVE|58/100
|move|p2a: TETRADRIVE|Shell Smash|p2a: TETRADRIVE
|-unboost|p2a: TETRADRIVE|def|1
|-unboost|p2a: TETRADRIVE|spd|1
|-boost|p2a: TETRADRIVE|atk|2
|-boost|p2a: TETRADRIVE|spa|2
|-boost|p2a: TETRADRIVE|spe|2
|
|upkeep
|turn|10
|
|t:|1776100998
|move|p2a: TETRADRIVE|Icicle Spear|p1a: Samurott
|-resisted|p1a: Samurott
|-damage|p1a: Samurott|83/100
|-resisted|p1a: Samurott
|-damage|p1a: Samurott|65/100
|-resisted|p1a: Samurott
|-damage|p1a: Samurott|49/100
|-resisted|p1a: Samurott
|-damage|p1a: Samurott|32/100
|-resisted|p1a: Samurott
|-crit|p1a: Samurott
|-damage|p1a: Samurott|7/100
|-hitcount|p1a: Samurott|5
|move|p1a: Samurott|Sacred Sword|p2a: TETRADRIVE
|-supereffective|p2a: TETRADRIVE
|-damage|p2a: TETRADRIVE|25/100
|
|-end|p1a: Samurott|Disable
|upkeep
|turn|11
|
|t:|1776101006
|move|p2a: TETRADRIVE|Ice Shard|p1a: Samurott
|-resisted|p1a: Samurott
|-damage|p1a: Samurott|0 fnt
|faint|p1a: Samurott
|
|-sideend|p2: Dr. Drake6782|move: Aurora Veil
|upkeep
|inactive|smokey19 has 90 seconds left.
|inactive|smokey19 has 60 seconds left.
|
|t:|1776101069
|switch|p1a: Landorus|Landorus-Therian, M|100/100
|-ability|p1a: Landorus|Intimidate|boost
|-unboost|p2a: TETRADRIVE|atk|1
|turn|12
|
|t:|1776101079
|-terastallize|p1a: Landorus|Water
|move|p2a: TETRADRIVE|Icicle Spear|p1a: Landorus
|-resisted|p1a: Landorus
|-damage|p1a: Landorus|90/100
|-resisted|p1a: Landorus
|-damage|p1a: Landorus|79/100
|-resisted|p1a: Landorus
|-damage|p1a: Landorus|68/100
|-resisted|p1a: Landorus
|-damage|p1a: Landorus|58/100
|-resisted|p1a: Landorus
|-damage|p1a: Landorus|47/100
|-hitcount|p1a: Landorus|5
|move|p1a: Landorus|Earthquake|p2a: TETRADRIVE
|-damage|p2a: TETRADRIVE|0 fnt
|faint|p2a: TETRADRIVE
|
|upkeep
|
|t:|1776101093
|switch|p2a: Perish in Frost|Ninetales-Alola, F, shiny|38/100
|-damage|p2a: Perish in Frost|26/100|[from] Spikes
|-weather|Snowscape|[from] ability: Snow Warning|[of] p2a: Perish in Frost
|turn|13
|
|t:|1776101096
|switch|p1a: Slowking|Slowking-Galar, M, shiny|100/100
|move|p2a: Perish in Frost|Freeze-Dry|p1a: Slowking
|-damage|p1a: Slowking|90/100
|
|-weather|Snowscape|[upkeep]
|upkeep
|turn|14
|
|t:|1776101111
|move|p2a: Perish in Frost|Aurora Veil|p2a: Perish in Frost
|-sidestart|p2: Dr. Drake6782|move: Aurora Veil
|move|p1a: Slowking|Ice Beam|p2a: Perish in Frost
|-resisted|p2a: Perish in Frost
|-damage|p2a: Perish in Frost|20/100
|
|-weather|Snowscape|[upkeep]
|upkeep
|turn|15
|inactive|Dr. Drake6782 has 120 seconds left.
|
|t:|1776101142
|switch|p2a: Nav|Zamazenta|100/100
|-damage|p2a: Nav|88/100|[from] Spikes
|-ability|p2a: Nav|Dauntless Shield|boost
|-boost|p2a: Nav|def|1
|move|p1a: Slowking|Flamethrower|p2a: Nav
|-damage|p2a: Nav|80/100
|
|-weather|Snowscape|[upkeep]
|-heal|p2a: Nav|86/100|[from] item: Leftovers
|upkeep
|turn|16
|
|t:|1776101147
|move|p2a: Nav|Substitute|p2a: Nav
|-start|p2a: Nav|Substitute
|-damage|p2a: Nav|61/100
|move|p1a: Slowking|Psychic Noise|p2a: Nav
|-supereffective|p2a: Nav
|-damage|p2a: Nav|40/100
|-start|p2a: Nav|move: Heal Block
|
|-weather|Snowscape|[upkeep]
|upkeep
|turn|17
|
|t:|1776101158
|move|p2a: Nav|Iron Defense|p2a: Nav
|-boost|p2a: Nav|def|2
|move|p1a: Slowking|Psychic Noise|p2a: Nav
|-supereffective|p2a: Nav
|-damage|p2a: Nav|18/100
|
|-weather|none
|-end|p2a: Nav|move: Heal Block
|upkeep
|turn|18
|
|t:|1776101162
|move|p2a: Nav|Crunch|p1a: Slowking
|-supereffective|p1a: Slowking
|-damage|p1a: Slowking|59/100
|-unboost|p1a: Slowking|def|1
|move|p1a: Slowking|Psychic Noise|p2a: Nav
|-supereffective|p2a: Nav
|-damage|p2a: Nav|0 fnt
|faint|p2a: Nav
|
|upkeep
|-message|Dr. Drake6782 forfeited.
|
|win|smokey19
|raw|smokey19's rating: 1595 &rarr; <strong>1617</strong><br />(+22 for winning)
|raw|Dr. Drake6782's rating: 1632 &rarr; <strong>1610</strong><br />(-22 for losing)
|l|☆smokey19
|player|p1|
|l|☆Dr. Drake6782
|player|p2|
|l| orccosupa
