|html|<div class="broadcast-blue"><strong>[Gen 9] OU is currently suspecting Tera Blast! For information on how to participate check out the <a href="https://www.smogon.com/tools/suspects/view/200">suspect thread</a>.</strong></div>
|badge|p2|silver|gen9ou|30-9
|uhtml|medal-msg|<div class="broadcast-blue">Curious what those medals under the avatar are? PS now has Ladder Seasons! For more information, check out the <a href="https://www.smogon.com/forums/threads/3740067/">thread on Smogon.</a></div>
|j|☆der grosse z
|j|☆sv gurt
|t:|1776034355
|gametype|singles
|player|p1|der grosse z|gambler|1709
|player|p2|sv gurt|bugsy-masters|1831
|gen|9
|tier|[Gen 9] OU
|rated|
|rule|HP Percentage Mod: HP is shown in percentages
|rule|Endless Battle Clause: Forcing endless battles is banned
|rule|Species Clause: Limit one of each Pokémon
|rule|OHKO Clause: OHKO moves are banned
|rule|Evasion Items Clause: Evasion items are banned
|rule|Evasion Moves Clause: Evasion moves are banned
|rule|Evasion Abilities Clause: Evasion abilities are banned
|rule|Sleep Moves Clause: Sleep-inducing moves are banned
|clearpoke
|poke|p1|Iron Crown|
|poke|p1|Samurott-Hisui, F|
|poke|p1|Garganacl, F|
|poke|p1|Great Tusk|
|poke|p1|Sinistcha|
|poke|p1|Dragonite, F|
|poke|p2|Samurott-Hisui, F|
|poke|p2|Hoopa-Unbound|
|poke|p2|Dragonite, F|
|poke|p2|Dragapult, M|
|poke|p2|Scizor, M|
|poke|p2|Kingambit, M|
|teampreview
|
|t:|1776034376
|teamsize|p1|6
|teamsize|p2|6
|start
|switch|p1a: Iron Crown|Iron Crown|100/100
|switch|p2a: kuwaiti bomb squad|Scizor, M|100/100
|turn|1
|j| loen_64
|l| loen_64
|
|t:|1776034441
|move|p1a: Iron Crown|Volt Switch|p2a: kuwaiti bomb squad
|-damage|p2a: kuwaiti bomb squad|57/100
|
|t:|1776034456
|-end|p1a: Iron Crown|Quark Drive|[silent]
|switch|p1a: Samurott|Samurott-Hisui, F|100/100|[from] Volt Switch
|move|p2a: kuwaiti bomb squad|Swords Dance|p2a: kuwaiti bomb squad
|-boost|p2a: kuwaiti bomb squad|atk|2
|
|upkeep
|turn|2
|
|t:|1776034464
|move|p1a: Samurott|Razor Shell|p2a: kuwaiti bomb squad
|-damage|p2a: kuwaiti bomb squad|3/100
|move|p2a: kuwaiti bomb squad|Close Combat|p1a: Samurott
|-supereffective|p1a: Samurott
|-damage|p1a: Samurott|0 fnt
|-unboost|p2a: kuwaiti bomb squad|def|1
|-unboost|p2a: kuwaiti bomb squad|spd|1
|faint|p1a: Samurott
|
|upkeep
|
|t:|1776034470
|switch|p1a: Dragonite|Dragonite, F|100/100
|turn|3
|
|t:|1776034512
|switch|p2a: SWAGGED OFF A PILL|Dragapult, M|100/100
|move|p1a: Dragonite|Dragon Dance|p1a: Dragonite
|-boost|p1a: Dragonite|atk|1
|-boost|p1a: Dragonite|spe|1
|
|upkeep
|turn|4
|
|t:|1776034544
|-terastallize|p1a: Dragonite|Normal
|move|p2a: SWAGGED OFF A PILL|Will-O-Wisp|p1a: Dragonite
|-status|p1a: Dragonite|brn
|move|p1a: Dragonite|Dragon Dance|p1a: Dragonite
|-boost|p1a: Dragonite|atk|1
|-boost|p1a: Dragonite|spe|1
|
|-damage|p1a: Dragonite|94/100 brn|[from] brn
|upkeep
|turn|5
|
|t:|1776034550
|move|p1a: Dragonite|Outrage|p2a: SWAGGED OFF A PILL
|-supereffective|p2a: SWAGGED OFF A PILL
|-enditem|p2a: SWAGGED OFF A PILL|Focus Sash
|-damage|p2a: SWAGGED OFF A PILL|1/100
|move|p2a: SWAGGED OFF A PILL|Draco Meteor|p1a: Dragonite
|-damage|p1a: Dragonite|30/100 brn
|-unboost|p2a: SWAGGED OFF A PILL|spa|2
|
|-damage|p1a: Dragonite|24/100 brn|[from] brn
|upkeep
|turn|6
|
|t:|1776034554
|switch|p2a: kuwaiti bomb squad|Scizor, M|3/100
|move|p1a: Dragonite|Outrage|p2a: kuwaiti bomb squad|[from] lockedmove
|-resisted|p2a: kuwaiti bomb squad
|-damage|p2a: kuwaiti bomb squad|0 fnt
|faint|p2a: kuwaiti bomb squad
|
|-damage|p1a: Dragonite|18/100 brn|[from] brn
|upkeep
|
|t:|1776034557
|switch|p2a: ROTTEN $AM|Samurott-Hisui, F|100/100
|turn|7
|
|t:|1776034558
|move|p2a: ROTTEN $AM|Sucker Punch|p1a: Dragonite
|-damage|p1a: Dragonite|0 fnt
|faint|p1a: Dragonite
|
|upkeep
|
|t:|1776034568
|switch|p1a: Iron Crown|Iron Crown|100/100
|turn|8
|
|t:|1776034587
|move|p2a: ROTTEN $AM|Sucker Punch|p1a: Iron Crown
|-supereffective|p1a: Iron Crown
|-damage|p1a: Iron Crown|16/100
|move|p1a: Iron Crown|Focus Blast|p2a: ROTTEN $AM|[miss]
|-miss|p1a: Iron Crown|p2a: ROTTEN $AM
|
|upkeep
|turn|9
|
|t:|1776034596
|move|p2a: ROTTEN $AM|Sucker Punch|p1a: Iron Crown
|-supereffective|p1a: Iron Crown
|-damage|p1a: Iron Crown|0 fnt
|faint|p1a: Iron Crown
|-end|p1a: Iron Crown|Quark Drive|[silent]
|
|upkeep
|-message|der grosse z forfeited.
|
|win|sv gurt
|raw|der grosse z's rating: 1709 &rarr; <strong>1696</strong><br />(-13 for losing)
|raw|sv gurt's rating: 1831 &rarr; <strong>1844</strong><br />(+13 for winning)
|l|☆der grosse z
|player|p1|
|l|☆sv gurt
|player|p2|
