|html|<div class="broadcast-blue"><strong>[Gen 9] OU is currently suspecting Tera Blast! For information on how to participate check out the <a href="https://www.smogon.com/tools/suspects/view/200">suspect thread</a>.</strong></div>
|j|☆miaolegemilose
|j|☆Skyeto
|t:|1776335156
|gametype|singles
|player|p1|miaolegemilose|pokemonranger|1125
|player|p2|Skyeto|madame-gen4dp|1152
|gen|9
|tier|[Gen 9] OU
|rated|
|rule|HP Percentage Mod: HP is shown in percentages
|rule|Endless Battle Clause: Forcing endless battles is banned
|rule|Species Clause: Limit one of each Pokémon
|rule|OHKO Clause: OHKO moves are banned
|rule|Evasion Items Clause: Evasion items are banned
|rule|Evasion Moves Clause: Evasion moves are banned
|rule|Evasion Abilities Clause: Evasion abilities are banned
|rule|Sleep Moves Clause: Sleep-inducing moves are banned
|clearpoke
|poke|p1|Iron Moth|
|poke|p1|Gliscor, F|
|poke|p1|Hatterene, F|
|poke|p1|Ogerpon-Wellspring, F|
|poke|p1|Raging Bolt|
|poke|p1|Zamazenta-*|
|poke|p2|Alomomola, M|
|poke|p2|Great Tusk|
|poke|p2|Glimmora, M|
|poke|p2|Kingambit, F|
|poke|p2|Rillaboom, F|
|poke|p2|Landorus-Therian, M|
|teampreview
|
|t:|1776335184
|teamsize|p1|6
|teamsize|p2|6
|start
|switch|p1a: Hatterene|Hatterene, F|100/100
|switch|p2a: Glimmora|Glimmora, M|100/100
|turn|1
|
|t:|1776335195
|-terastallize|p1a: Hatterene|Water
|move|p2a: Glimmora|Sludge Wave|p1a: Hatterene
|-damage|p1a: Hatterene|61/100
|move|p1a: Hatterene|Calm Mind|p1a: Hatterene
|-boost|p1a: Hatterene|spa|1
|-boost|p1a: Hatterene|spd|1
|
|-heal|p1a: Hatterene|67/100|[from] item: Leftovers
|upkeep
|turn|2
|
|t:|1776335207
|switch|p2a: Rillaboom|Rillaboom, F|100/100
|-fieldstart|move: Grassy Terrain|[from] ability: Grassy Surge|[of] p2a: Rillaboom
|move|p1a: Hatterene|Stored Power|p2a: Rillaboom
|-damage|p2a: Rillaboom|43/100
|
|-heal|p2a: Rillaboom|49/100|[from] Grassy Terrain
|-heal|p1a: Hatterene|73/100|[from] Grassy Terrain
|-heal|p1a: Hatterene|79/100|[from] item: Leftovers
|upkeep
|turn|3
|
|t:|1776335223
|move|p2a: Rillaboom|Grassy Glide|p1a: Hatterene
|-supereffective|p1a: Hatterene
|-damage|p1a: Hatterene|0 fnt
|faint|p1a: Hatterene
|
|-heal|p2a: Rillaboom|55/100|[from] Grassy Terrain
|upkeep
|
|t:|1776335234
|switch|p1a: Iron Moth|Iron Moth|100/100
|-enditem|p1a: Iron Moth|Booster Energy
|-activate|p1a: Iron Moth|ability: Quark Drive|[fromitem]
|-start|p1a: Iron Moth|quarkdrivespe
|turn|4
|
|t:|1776335248
|switch|p2a: Alomomola|Alomomola, M|100/100
|move|p1a: Iron Moth|Toxic Spikes|p2a: Alomomola
|-sidestart|p2: Skyeto|move: Toxic Spikes
|
|upkeep
|turn|5
|
|t:|1776335258
|move|p2a: Alomomola|Flip Turn|p1a: Iron Moth
|-supereffective|p1a: Iron Moth
|-damage|p1a: Iron Moth|53/100
|
|t:|1776335263
|switch|p2a: Great Tusk|Great Tusk|100/100|[from] Flip Turn
|move|p1a: Iron Moth|Whirlwind|p2a: Great Tusk
|-end|p2a: Great Tusk|Protosynthesis|[silent]
|drag|p2a: Landorus|Landorus-Therian, M|100/100
|-ability|p2a: Landorus|Intimidate|boost
|-unboost|p1a: Iron Moth|atk|1
|
|-heal|p1a: Iron Moth|59/100|[from] Grassy Terrain
|upkeep
|turn|6
|
|t:|1776335280
|-end|p1a: Iron Moth|Quark Drive|[silent]
|switch|p1a: Ogerpon|Ogerpon-Wellspring, F|100/100
|move|p2a: Landorus|Facade|p1a: Ogerpon
|-damage|p1a: Ogerpon|67/100
|
|-heal|p1a: Ogerpon|73/100|[from] Grassy Terrain
|-fieldend|move: Grassy Terrain
|upkeep
|turn|7
|
|t:|1776335290
|switch|p2a: Glimmora|Glimmora, M|100/100
|-sideend|p2: Skyeto|move: Toxic Spikes|[of] p2a: Glimmora
|move|p1a: Ogerpon|Trailblaze|p2a: Glimmora
|-damage|p2a: Glimmora|69/100
|-boost|p1a: Ogerpon|spe|1
|-activate|p2a: Glimmora|ability: Toxic Debris
|-sidestart|p1: miaolegemilose|move: Toxic Spikes
|
|upkeep
|turn|8
|
|t:|1776335305
|-terastallize|p2a: Glimmora|Flying
|move|p1a: Ogerpon|Ivy Cudgel|p2a: Glimmora|[anim] Ivy Cudgel Water
|-damage|p2a: Glimmora|4/100
|-activate|p2a: Glimmora|ability: Toxic Debris
|-sidestart|p1: miaolegemilose|move: Toxic Spikes
|move|p2a: Glimmora|Stealth Rock|p1a: Ogerpon
|-sidestart|p1: miaolegemilose|move: Stealth Rock
|
|upkeep
|turn|9
|
|t:|1776335315
|move|p1a: Ogerpon|Trailblaze|p2a: Glimmora
|-resisted|p2a: Glimmora
|-crit|p2a: Glimmora
|-damage|p2a: Glimmora|0 fnt
|-boost|p1a: Ogerpon|spe|1
|faint|p2a: Glimmora
|
|upkeep
|
|t:|1776335325
|switch|p2a: Kingambit|Kingambit, F|100/100
|turn|10
|
|t:|1776335333
|move|p2a: Kingambit|Sucker Punch||[still]
|-fail|p2a: Kingambit
|move|p1a: Ogerpon|Swords Dance|p1a: Ogerpon
|-boost|p1a: Ogerpon|atk|2
|
|upkeep
|turn|11
|
|t:|1776335341
|move|p2a: Kingambit|Sucker Punch||[still]
|-fail|p2a: Kingambit
|move|p1a: Ogerpon|Encore|p2a: Kingambit
|-start|p2a: Kingambit|Encore
|
|upkeep
|turn|12
|
|t:|1776335349
|move|p2a: Kingambit|Sucker Punch||[still]
|-fail|p2a: Kingambit
|move|p1a: Ogerpon|Swords Dance|p1a: Ogerpon
|-boost|p1a: Ogerpon|atk|2
|
|upkeep
|turn|13
|-message|Skyeto forfeited.
|
|win|miaolegemilose
|raw|miaolegemilose's rating: 1125 &rarr; <strong>1152</strong><br />(+27 for winning)
|raw|Skyeto's rating: 1152 &rarr; <strong>1125</strong><br />(-27 for losing)
|l|☆Skyeto
|player|p2|
