|html|<div class="broadcast-blue"><strong>[Gen 9] OU is currently suspecting Tera Blast! For information on how to participate check out the <a href="https://www.smogon.com/tools/suspects/view/200">suspect thread</a>.</strong></div>
|j|☆69Risbo
|j|☆Benedict Juarez
|t:|1776093014
|gametype|singles
|player|p1|69Risbo|1|1317
|player|p2|Benedict Juarez|medium|1395
|gen|9
|tier|[Gen 9] OU
|rated|
|rule|HP Percentage Mod: HP is shown in percentages
|rule|Endless Battle Clause: Forcing endless battles is banned
|rule|Species Clause: Limit one of each Pokémon
|rule|OHKO Clause: OHKO moves are banned
|rule|Evasion Items Clause: Evasion items are banned
|rule|Evasion Moves Clause: Evasion moves are banned
|rule|Evasion Abilities Clause: Evasion abilities are banned
|rule|Sleep Moves Clause: Sleep-inducing moves are banned
|clearpoke
|poke|p1|Iron Crown|
|poke|p1|Ogerpon-Wellspring, F|
|poke|p1|Zoroark-Hisui, M|
|poke|p1|Okidogi, M|
|poke|p1|Chandelure, M|
|poke|p1|Enamorus, F|
|poke|p2|Zamazenta-*|
|poke|p2|Rillaboom, M|
|poke|p2|Raging Bolt|
|poke|p2|Slowking-Galar, F|
|poke|p2|Great Tusk|
|poke|p2|Rotom-Wash|
|teampreview
|inactive|Battle timer is ON: inactive players will automatically lose when time's up. (requested by 69Risbo)
|
|t:|1776093036
|teamsize|p1|6
|teamsize|p2|6
|start
|switch|p1a: Iron Crown|Iron Crown|100/100
|switch|p2a: Great Tusk|Great Tusk|100/100
|turn|1
|
|t:|1776093042
|move|p1a: Iron Crown|Future Sight|p2a: Great Tusk
|-start|p1a: Iron Crown|move: Future Sight
|move|p2a: Great Tusk|Knock Off|p1a: Iron Crown
|-supereffective|p1a: Iron Crown
|-damage|p1a: Iron Crown|41/100
|-enditem|p1a: Iron Crown|Assault Vest|[from] move: Knock Off|[of] p2a: Great Tusk
|
|upkeep
|turn|2
|
|t:|1776093049
|-end|p1a: Iron Crown|Quark Drive|[silent]
|switch|p1a: Enamorus|Enamorus, F|100/100
|move|p2a: Great Tusk|Stealth Rock|p1a: Enamorus
|-sidestart|p1: 69Risbo|move: Stealth Rock
|
|upkeep
|turn|3
|
|t:|1776093059
|-end|p2a: Great Tusk|Protosynthesis|[silent]
|switch|p2a: Slowking|Slowking-Galar, F|100/100
|move|p1a: Enamorus|Moonblast|p2a: Slowking
|-resisted|p2a: Slowking
|-crit|p2a: Slowking
|-damage|p2a: Slowking|74/100
|
|-end|p2a: Slowking|move: Future Sight
|-damage|p2a: Slowking|44/100
|upkeep
|turn|4
|
|t:|1776093072
|switch|p1a: Okidogi|Okidogi, M|100/100
|-damage|p1a: Okidogi|94/100|[from] Stealth Rock
|move|p2a: Slowking|Sludge Bomb|p1a: Okidogi
|-resisted|p1a: Okidogi
|-damage|p1a: Okidogi|79/100
|
|-heal|p1a: Okidogi|85/100|[from] item: Leftovers
|upkeep
|turn|5
|
|t:|1776093075
|move|p1a: Okidogi|Knock Off|p2a: Slowking
|-supereffective|p2a: Slowking
|-damage|p2a: Slowking|0 fnt
|-enditem|p2a: Slowking|Assault Vest|[from] move: Knock Off|[of] p1a: Okidogi
|faint|p2a: Slowking
|
|-heal|p1a: Okidogi|91/100|[from] item: Leftovers
|upkeep
|
|t:|1776093081
|switch|p2a: Great Tusk|Great Tusk|100/100
|turn|6
|
|t:|1776093087
|move|p2a: Great Tusk|Knock Off|p1a: Okidogi
|-resisted|p1a: Okidogi
|-damage|p1a: Okidogi|81/100
|-enditem|p1a: Okidogi|Leftovers|[from] move: Knock Off|[of] p2a: Great Tusk
|move|p1a: Okidogi|Bulk Up|p1a: Okidogi
|-boost|p1a: Okidogi|atk|1
|-boost|p1a: Okidogi|def|1
|
|upkeep
|turn|7
|
|t:|1776093093
|-terastallize|p1a: Okidogi|Water
|move|p2a: Great Tusk|Headlong Rush|p1a: Okidogi
|-damage|p1a: Okidogi|54/100
|-unboost|p2a: Great Tusk|def|1
|-unboost|p2a: Great Tusk|spd|1
|move|p1a: Okidogi|Bulk Up|p1a: Okidogi
|-boost|p1a: Okidogi|atk|1
|-boost|p1a: Okidogi|def|1
|
|upkeep
|turn|8
|
|t:|1776093098
|-end|p2a: Great Tusk|Protosynthesis|[silent]
|switch|p2a: Rotom|Rotom-Wash|100/100
|move|p1a: Okidogi|Drain Punch|p2a: Rotom
|-damage|p2a: Rotom|50/100
|-heal|p1a: Okidogi|74/100|[from] drain|[of] p2a: Rotom
|
|-heal|p2a: Rotom|56/100|[from] item: Leftovers
|upkeep
|turn|9
|
|t:|1776093105
|move|p1a: Okidogi|Drain Punch|p2a: Rotom
|-damage|p2a: Rotom|3/100
|-heal|p1a: Okidogi|95/100|[from] drain|[of] p2a: Rotom
|move|p2a: Rotom|Will-O-Wisp|p1a: Okidogi
|-status|p1a: Okidogi|brn
|
|-heal|p2a: Rotom|9/100|[from] item: Leftovers
|-damage|p1a: Okidogi|89/100 brn|[from] brn
|upkeep
|turn|10
|
|t:|1776093114
|switch|p2a: Great Tusk|Great Tusk|100/100
|move|p1a: Okidogi|Drain Punch|p2a: Great Tusk
|-damage|p2a: Great Tusk|80/100
|-heal|p1a: Okidogi|100/100 brn|[from] drain|[of] p2a: Great Tusk
|-damage|p1a: Okidogi|84/100 brn|[from] item: Rocky Helmet|[of] p2a: Great Tusk
|
|-damage|p1a: Okidogi|78/100 brn|[from] brn
|upkeep
|turn|11
|
|t:|1776093120
|-end|p2a: Great Tusk|Protosynthesis|[silent]
|switch|p2a: Raging Bolt|Raging Bolt|100/100
|-enditem|p2a: Raging Bolt|Booster Energy
|-activate|p2a: Raging Bolt|ability: Protosynthesis|[fromitem]
|-start|p2a: Raging Bolt|protosynthesisspa
|move|p1a: Okidogi|Ice Punch|p2a: Raging Bolt
|-supereffective|p2a: Raging Bolt
|-damage|p2a: Raging Bolt|64/100
|
|-damage|p1a: Okidogi|72/100 brn|[from] brn
|upkeep
|turn|12
|
|t:|1776093124
|move|p2a: Raging Bolt|Thunderbolt|p1a: Okidogi
|-supereffective|p1a: Okidogi
|-damage|p1a: Okidogi|0 fnt
|faint|p1a: Okidogi
|
|upkeep
|
|t:|1776093129
|switch|p1a: Enamorus|Enamorus, F|100/100
|-damage|p1a: Enamorus|76/100|[from] Stealth Rock
|turn|13
|
|t:|1776093133
|move|p2a: Raging Bolt|Thunderclap||[still]
|-fail|p2a: Raging Bolt
|move|p1a: Enamorus|Healing Wish|p1a: Enamorus
|faint|p1a: Enamorus
|
|upkeep
|
|t:|1776093135
|switch|p1a: Iron Crown|Iron Crown|41/100
|-heal|p1a: Iron Crown|100/100|[from] move: Healing Wish
|-damage|p1a: Iron Crown|94/100|[from] Stealth Rock
|turn|14
|
|t:|1776093139
|move|p1a: Iron Crown|Future Sight|p2a: Raging Bolt
|-start|p1a: Iron Crown|move: Future Sight
|move|p2a: Raging Bolt|Volt Switch|p1a: Iron Crown
|-damage|p1a: Iron Crown|40/100
|
|t:|1776093144
|-end|p2a: Raging Bolt|Protosynthesis|[silent]
|switch|p2a: Great Tusk|Great Tusk|80/100|[from] Volt Switch
|
|upkeep
|turn|15
|
|t:|1776093147
|move|p1a: Iron Crown|Tachyon Cutter|p2a: Great Tusk
|-damage|p2a: Great Tusk|49/100
|-damage|p2a: Great Tusk|17/100
|-hitcount|p2a: Great Tusk|2
|move|p2a: Great Tusk|Headlong Rush|p1a: Iron Crown
|-supereffective|p1a: Iron Crown
|-damage|p1a: Iron Crown|0 fnt
|-unboost|p2a: Great Tusk|def|1
|-unboost|p2a: Great Tusk|spd|1
|faint|p1a: Iron Crown
|-end|p1a: Iron Crown|Quark Drive|[silent]
|
|upkeep
|
|t:|1776093152
|switch|p1a: Ogerpon|Ogerpon-Wellspring, F|100/100
|-damage|p1a: Ogerpon|88/100|[from] Stealth Rock
|turn|16
|
|t:|1776093155
|move|p1a: Ogerpon|Swords Dance|p1a: Ogerpon
|-boost|p1a: Ogerpon|atk|2
|move|p2a: Great Tusk|Headlong Rush|p1a: Ogerpon
|-resisted|p1a: Ogerpon
|-damage|p1a: Ogerpon|52/100
|-unboost|p2a: Great Tusk|def|1
|-unboost|p2a: Great Tusk|spd|1
|
|-end|p2a: Great Tusk|move: Future Sight
|-supereffective|p2a: Great Tusk
|-damage|p2a: Great Tusk|0 fnt
|faint|p2a: Great Tusk
|-end|p2a: Great Tusk|Protosynthesis|[silent]
|upkeep
|
|t:|1776093158
|switch|p2a: Zamazenta|Zamazenta|100/100
|-ability|p2a: Zamazenta|Dauntless Shield|boost
|-boost|p2a: Zamazenta|def|1
|turn|17
|
|t:|1776093165
|move|p2a: Zamazenta|Body Press|p1a: Ogerpon
|-damage|p1a: Ogerpon|0 fnt
|faint|p1a: Ogerpon
|
|upkeep
|
|t:|1776093168
|switch|p1a: Chandelure|Chandelure, M|100/100
|-damage|p1a: Chandelure|88/100|[from] Stealth Rock
|turn|18
|
|t:|1776093171
|move|p2a: Zamazenta|Crunch|p1a: Chandelure
|-supereffective|p1a: Chandelure
|-damage|p1a: Chandelure|0 fnt
|replace|p1a: Zoroark|Zoroark-Hisui, M
|-end|p1a: Zoroark|Illusion
|faint|p1a: Zoroark
|
|upkeep
|
|t:|1776093173
|switch|p1a: Chandelure|Chandelure, M|100/100
|-damage|p1a: Chandelure|76/100|[from] Stealth Rock
|turn|19
|
|t:|1776093175
|move|p1a: Chandelure|Shadow Ball|p2a: Zamazenta
|-damage|p2a: Zamazenta|66/100
|move|p2a: Zamazenta|Crunch|p1a: Chandelure
|-supereffective|p1a: Chandelure
|-damage|p1a: Chandelure|14/100
|
|-heal|p2a: Zamazenta|72/100|[from] item: Leftovers
|upkeep
|turn|20
|
|t:|1776093178
|move|p1a: Chandelure|Shadow Ball|p2a: Zamazenta
|-damage|p2a: Zamazenta|35/100
|-unboost|p2a: Zamazenta|spd|1
|move|p2a: Zamazenta|Crunch|p1a: Chandelure
|-supereffective|p1a: Chandelure
|-damage|p1a: Chandelure|0 fnt
|faint|p1a: Chandelure
|
|win|Benedict Juarez
|raw|69Risbo's rating: 1317 &rarr; <strong>1301</strong><br />(-16 for losing)
|raw|Benedict Juarez's rating: 1395 &rarr; <strong>1411</strong><br />(+16 for winning)
|l|☆69Risbo
|player|p1|
|l|☆Benedict Juarez
|player|p2|
