|html|<div class="broadcast-blue"><strong>[Gen 9] OU is currently suspecting Tera Blast! For information on how to participate check out the <a href="https://www.smogon.com/tools/suspects/view/200">suspect thread</a>.</strong></div>
|j|☆generation why?
|j|☆FearlyVGC
|t:|1776054874
|gametype|singles
|player|p1|generation why?|blackbelt-gen4dp|1270
|player|p2|FearlyVGC|koga|1338
|gen|9
|tier|[Gen 9] OU
|rated|
|rule|HP Percentage Mod: HP is shown in percentages
|rule|Endless Battle Clause: Forcing endless battles is banned
|rule|Species Clause: Limit one of each Pokémon
|rule|OHKO Clause: OHKO moves are banned
|rule|Evasion Items Clause: Evasion items are banned
|rule|Evasion Moves Clause: Evasion moves are banned
|rule|Evasion Abilities Clause: Evasion abilities are banned
|rule|Sleep Moves Clause: Sleep-inducing moves are banned
|clearpoke
|poke|p1|Gliscor, F|
|poke|p1|Heatran, M|
|poke|p1|Moltres-Galar|
|poke|p1|Dondozo, F|
|poke|p1|Weezing-Galar, F|
|poke|p1|Incineroar, M|
|poke|p2|Dragapult, M|
|poke|p2|Landorus-Therian, M|
|poke|p2|Corviknight, M|
|poke|p2|Heatran, M|
|poke|p2|Primarina, M|
|poke|p2|Rillaboom, M|
|teampreview
|inactive|Battle timer is ON: inactive players will automatically lose when time's up. (requested by FearlyVGC)
|
|t:|1776054881
|teamsize|p1|6
|teamsize|p2|6
|start
|switch|p1a: Incineroar|Incineroar, M|100/100
|switch|p2a: Dragapult|Dragapult, M|100/100
|-ability|p1a: Incineroar|Intimidate|boost
|-fail|p2a: Dragapult|unboost|[from] ability: Clear Body|[of] p2a: Dragapult
|turn|1
|
|t:|1776054885
|switch|p2a: Corviknight|Corviknight, M|100/100
|-ability|p2a: Corviknight|Pressure
|move|p1a: Incineroar|Darkest Lariat|p2a: Corviknight
|-damage|p2a: Corviknight|69/100
|-damage|p1a: Incineroar|84/100|[from] item: Rocky Helmet|[of] p2a: Corviknight
|
|upkeep
|turn|2
|
|t:|1776054892
|switch|p2a: Heatran|Heatran, M|100/100
|move|p1a: Incineroar|Flare Blitz|p2a: Heatran
|-start|p2a: Heatran|ability: Flash Fire
|
|upkeep
|turn|3
|
|t:|1776054897
|switch|p1a: LDJ|Gliscor, F|100/100
|move|p2a: Heatran|Magma Storm|p1a: LDJ|[miss]
|-miss|p2a: Heatran|p1a: LDJ
|
|-status|p1a: LDJ|tox|[from] item: Toxic Orb
|upkeep
|turn|4
|
|t:|1776054903
|-end|p2a: Heatran|ability: Flash Fire|[silent]
|switch|p2a: Corviknight|Corviknight, M|69/100
|-ability|p2a: Corviknight|Pressure
|-terastallize|p1a: LDJ|Water
|move|p1a: LDJ|Earthquake|p2a: Corviknight
|-immune|p2a: Corviknight
|
|upkeep
|turn|5
|
|t:|1776054908
|move|p1a: LDJ|Swords Dance|p1a: LDJ
|-boost|p1a: LDJ|atk|2
|move|p2a: Corviknight|Roost|p2a: Corviknight
|-heal|p2a: Corviknight|100/100
|-singleturn|p2a: Corviknight|move: Roost
|
|upkeep
|turn|6
|
|t:|1776054911
|move|p1a: LDJ|Swords Dance|p1a: LDJ
|-boost|p1a: LDJ|atk|2
|move|p2a: Corviknight|Taunt|p1a: LDJ
|-start|p1a: LDJ|move: Taunt
|
|upkeep
|turn|7
|
|t:|1776054913
|move|p1a: LDJ|Crabhammer|p2a: Corviknight|[miss]
|-miss|p1a: LDJ|p2a: Corviknight
|move|p2a: Corviknight|U-turn|p1a: LDJ
|-damage|p1a: LDJ|87/100 tox
|
|t:|1776054916
|switch|p2a: Rillaboom|Rillaboom, M|100/100|[from] U-turn
|-fieldstart|move: Grassy Terrain|[from] ability: Grassy Surge|[of] p2a: Rillaboom
|
|-heal|p1a: LDJ|94/100 tox|[from] Grassy Terrain
|-heal|p1a: LDJ|100/100 tox|[from] ability: Poison Heal
|upkeep
|turn|8
|
|t:|1776054920
|switch|p1a: Touch The Stove|Heatran, M, shiny|100/100
|-item|p1a: Touch The Stove|Air Balloon
|move|p2a: Rillaboom|Fake Out|p1a: Touch The Stove
|-resisted|p1a: Touch The Stove
|-damage|p1a: Touch The Stove|95/100
|-enditem|p1a: Touch The Stove|Air Balloon
|
|-heal|p1a: Touch The Stove|100/100|[from] Grassy Terrain
|upkeep
|turn|9
|
|t:|1776054927
|switch|p2a: Primarina|Primarina, M|100/100
|move|p1a: Touch The Stove|Magma Storm|p2a: Primarina
|-resisted|p2a: Primarina
|-damage|p2a: Primarina|78/100
|-activate|p2a: Primarina|move: Magma Storm|[of] p1a: Touch The Stove
|
|-heal|p2a: Primarina|84/100|[from] Grassy Terrain
|-heal|p2a: Primarina|90/100|[from] item: Leftovers
|-damage|p2a: Primarina|78/100|[from] move: Magma Storm|[partiallytrapped]
|upkeep
|turn|10
|
|t:|1776054932
|move|p1a: Touch The Stove|Flash Cannon|p2a: Primarina
|-crit|p2a: Primarina
|-damage|p2a: Primarina|25/100
|-unboost|p2a: Primarina|spd|1
|move|p2a: Primarina|Whirlpool|p1a: Touch The Stove
|-supereffective|p1a: Touch The Stove
|-damage|p1a: Touch The Stove|74/100
|-activate|p1a: Touch The Stove|move: Whirlpool|[of] p2a: Primarina
|
|-heal|p1a: Touch The Stove|80/100|[from] Grassy Terrain
|-heal|p2a: Primarina|31/100|[from] Grassy Terrain
|-heal|p2a: Primarina|37/100|[from] item: Leftovers
|-damage|p1a: Touch The Stove|67/100|[from] move: Whirlpool|[partiallytrapped]
|-damage|p2a: Primarina|24/100|[from] move: Magma Storm|[partiallytrapped]
|upkeep
|turn|11
|
|t:|1776054939
|move|p2a: Primarina|Protect|p2a: Primarina
|-singleturn|p2a: Primarina|Protect
|move|p1a: Touch The Stove|Stealth Rock|p2a: Primarina
|-sidestart|p2: FearlyVGC|move: Stealth Rock
|
|-heal|p1a: Touch The Stove|74/100|[from] Grassy Terrain
|-heal|p2a: Primarina|30/100|[from] Grassy Terrain
|-heal|p2a: Primarina|36/100|[from] item: Leftovers
|-damage|p1a: Touch The Stove|61/100|[from] move: Whirlpool|[partiallytrapped]
|-damage|p2a: Primarina|24/100|[from] move: Magma Storm|[partiallytrapped]
|-fieldend|move: Grassy Terrain
|upkeep
|turn|12
|
|t:|1776054944
|move|p1a: Touch The Stove|Flash Cannon|p2a: Primarina
|-damage|p2a: Primarina|0 fnt
|faint|p2a: Primarina
|
|-end|p1a: Touch The Stove|Whirlpool|[partiallytrapped]|[silent]
|upkeep
|
|t:|1776054960
|switch|p2a: Landorus|Landorus-Therian, M|100/100
|-damage|p2a: Landorus|88/100|[from] Stealth Rock
|-ability|p2a: Landorus|Intimidate|boost
|-unboost|p1a: Touch The Stove|atk|1
|turn|13
|
|t:|1776054973
|switch|p1a: Weezing|Weezing-Galar, F|100/100
|move|p2a: Landorus|Rock Slide|p1a: Weezing
|-damage|p1a: Weezing|71/100
|
|-heal|p1a: Weezing|77/100|[from] item: Leftovers
|upkeep
|turn|14
|
|t:|1776054978
|switch|p2a: Corviknight|Corviknight, M|100/100
|-damage|p2a: Corviknight|88/100|[from] Stealth Rock
|-ability|p2a: Corviknight|Pressure
|move|p1a: Weezing|Will-O-Wisp|p2a: Corviknight|[miss]
|-miss|p1a: Weezing|p2a: Corviknight
|
|-heal|p1a: Weezing|83/100|[from] item: Leftovers
|upkeep
|turn|15
|
|t:|1776054989
|move|p2a: Corviknight|Defog|p1a: Weezing
|-unboost|p1a: Weezing|evasion|1
|-sideend|p2: FearlyVGC|Stealth Rock|[from] move: Defog|[of] p2a: Corviknight
|move|p1a: Weezing|Dazzling Gleam|p2a: Corviknight
|-resisted|p2a: Corviknight
|-damage|p2a: Corviknight|78/100
|
|-heal|p1a: Weezing|89/100|[from] item: Leftovers
|upkeep
|turn|16
|
|t:|1776054994
|switch|p1a: Incineroar|Incineroar, M|84/100
|-ability|p1a: Incineroar|Intimidate|boost
|-unboost|p2a: Corviknight|atk|1
|move|p2a: Corviknight|U-turn|p1a: Incineroar
|-damage|p1a: Incineroar|75/100
|
|t:|1776055000
|switch|p2a: Landorus|Landorus-Therian, M|88/100|[from] U-turn
|-ability|p2a: Landorus|Intimidate|boost
|-unboost|p1a: Incineroar|atk|1
|
|upkeep
|turn|17
|
|t:|1776055005
|switch|p1a: Weezing|Weezing-Galar, F|89/100
|-terastallize|p2a: Landorus|Flying
|move|p2a: Landorus|Tera Blast|p1a: Weezing|[anim] Tera Blast Flying
|-damage|p1a: Weezing|30/100
|
|-heal|p1a: Weezing|36/100|[from] item: Leftovers
|upkeep
|turn|18
|
|t:|1776055011
|move|p2a: Landorus|Tera Blast|p1a: Weezing|[anim] Tera Blast Flying
|-damage|p1a: Weezing|0 fnt
|faint|p1a: Weezing
|
|upkeep
|
|t:|1776055014
|switch|p1a: Spicy KFC|Moltres-Galar, shiny|100/100
|turn|19
|
|t:|1776055019
|switch|p2a: Heatran|Heatran, M|100/100
|move|p1a: Spicy KFC|Agility|p1a: Spicy KFC
|-boost|p1a: Spicy KFC|spe|2
|
|upkeep
|turn|20
|
|t:|1776055023
|move|p1a: Spicy KFC|Fiery Wrath|p2a: Heatran
|-damage|p2a: Heatran|72/100
|move|p2a: Heatran|Magma Storm|p1a: Spicy KFC|[miss]
|-miss|p2a: Heatran|p1a: Spicy KFC
|
|-heal|p2a: Heatran|78/100|[from] item: Leftovers
|upkeep
|turn|21
|
|t:|1776055028
|move|p1a: Spicy KFC|Fiery Wrath|p2a: Heatran
|-damage|p2a: Heatran|48/100
|cant|p2a: Heatran|flinch
|
|-heal|p2a: Heatran|54/100|[from] item: Leftovers
|upkeep
|turn|22
|
|t:|1776055032
|move|p1a: Spicy KFC|Fiery Wrath|p2a: Heatran
|-damage|p2a: Heatran|25/100
|move|p2a: Heatran|Magma Storm|p1a: Spicy KFC|[miss]
|-miss|p2a: Heatran|p1a: Spicy KFC
|
|-heal|p2a: Heatran|31/100|[from] item: Leftovers
|upkeep
|turn|23
|
|t:|1776055037
|move|p1a: Spicy KFC|Fiery Wrath|p2a: Heatran
|-damage|p2a: Heatran|1/100
|move|p2a: Heatran|Magma Storm|p1a: Spicy KFC|[miss]
|-miss|p2a: Heatran|p1a: Spicy KFC
|
|-heal|p2a: Heatran|7/100|[from] item: Leftovers
|upkeep
|turn|24
|
|t:|1776055041
|move|p1a: Spicy KFC|Air Slash|p2a: Heatran
|-resisted|p2a: Heatran
|-damage|p2a: Heatran|0 fnt
|faint|p2a: Heatran
|
|upkeep
|c|☆generation why?|bruh lol
|c|☆FearlyVGC|Yea sure
|c|☆FearlyVGC|Hahahaha
|c|☆FearlyVGC|This game sucks
|
|t:|1776055064
|switch|p2a: Landorus|Landorus-Therian, M, tera:Flying|88/100
|-ability|p2a: Landorus|Intimidate|boost
|-unboost|p1a: Spicy KFC|atk|1
|turn|25
|c|☆generation why?|i was seriously considering switching magma storm to lava plum bc of that
|
|t:|1776055073
|move|p1a: Spicy KFC|Fiery Wrath|p2a: Landorus
|-damage|p2a: Landorus|32/100
|cant|p2a: Landorus|flinch
|
|upkeep
|turn|26
|c|☆FearlyVGC|?????????????
|c|☆generation why?|plume"
|
|t:|1776055087
|switch|p2a: Rillaboom|Rillaboom, M|100/100
|-fieldstart|move: Grassy Terrain|[from] ability: Grassy Surge|[of] p2a: Rillaboom
|move|p1a: Spicy KFC|Air Slash|p2a: Rillaboom
|-supereffective|p2a: Rillaboom
|-crit|p2a: Rillaboom
|-damage|p2a: Rillaboom|25/100
|
|-heal|p2a: Rillaboom|31/100|[from] Grassy Terrain
|upkeep
|turn|27
|c|☆generation why?|i dont know man i cant explain the rng
|
|t:|1776055096
|move|p2a: Rillaboom|Fake Out|p1a: Spicy KFC
|-damage|p1a: Spicy KFC|83/100
|cant|p1a: Spicy KFC|flinch
|
|-heal|p2a: Rillaboom|37/100|[from] Grassy Terrain
|upkeep
|turn|28
|c|☆FearlyVGC|Dude wtf is happening
|
|t:|1776055102
|move|p2a: Rillaboom|Grassy Glide|p1a: Spicy KFC
|-resisted|p1a: Spicy KFC
|-damage|p1a: Spicy KFC|61/100
|move|p1a: Spicy KFC|Air Slash|p2a: Rillaboom
|-supereffective|p2a: Rillaboom
|-damage|p2a: Rillaboom|0 fnt
|faint|p2a: Rillaboom
|
|upkeep
|
|t:|1776055107
|switch|p2a: Corviknight|Corviknight, M|78/100
|-ability|p2a: Corviknight|Pressure
|turn|29
|
|t:|1776055112
|switch|p1a: Incineroar|Incineroar, M|75/100
|-ability|p1a: Incineroar|Intimidate|boost
|-unboost|p2a: Corviknight|atk|1
|move|p2a: Corviknight|U-turn|p1a: Incineroar
|-damage|p1a: Incineroar|66/100
|
|t:|1776055116
|switch|p2a: Dragapult|Dragapult, M|100/100|[from] U-turn
|
|-heal|p1a: Incineroar|72/100|[from] Grassy Terrain
|upkeep
|turn|30
|
|t:|1776055119
|move|p2a: Dragapult|Dragon Darts|p1a: Incineroar
|-damage|p1a: Incineroar|34/100
|-anim|p2a: Dragapult|Dragon Darts|p1a: Incineroar
|-damage|p1a: Incineroar|0 fnt
|faint|p1a: Incineroar
|
|-fieldend|move: Grassy Terrain
|upkeep
|
|t:|1776055123
|switch|p1a: Big Dumb Fish|Dondozo, F|100/100
|turn|31
|
|t:|1776055126
|switch|p2a: Corviknight|Corviknight, M|78/100
|-ability|p2a: Corviknight|Pressure
|move|p1a: Big Dumb Fish|Avalanche|p2a: Corviknight
|-damage|p2a: Corviknight|66/100
|-damage|p1a: Big Dumb Fish|84/100|[from] item: Rocky Helmet|[of] p2a: Corviknight
|
|-heal|p1a: Big Dumb Fish|90/100|[from] item: Leftovers
|upkeep
|turn|32
|
|t:|1776055132
|switch|p1a: Touch The Stove|Heatran, M, shiny|61/100
|move|p2a: Corviknight|Taunt|p1a: Touch The Stove
|-start|p1a: Touch The Stove|move: Taunt
|
|upkeep
|turn|33
|
|t:|1776055135
|move|p1a: Touch The Stove|Magma Storm|p2a: Corviknight
|-supereffective|p2a: Corviknight
|-damage|p2a: Corviknight|0 fnt
|faint|p2a: Corviknight
|
|upkeep
|
|t:|1776055138
|switch|p2a: Landorus|Landorus-Therian, M, tera:Flying|32/100
|-ability|p2a: Landorus|Intimidate|boost
|-unboost|p1a: Touch The Stove|atk|1
|turn|34
|c|☆generation why?|of course i hit it no problem lol
|
|t:|1776055150
|move|p2a: Landorus|Rock Slide|p1a: Touch The Stove
|-damage|p1a: Touch The Stove|34/100
|move|p1a: Touch The Stove|Magma Storm|p2a: Landorus
|-damage|p2a: Landorus|0 fnt
|faint|p2a: Landorus
|
|-end|p1a: Touch The Stove|move: Taunt
|upkeep
|
|t:|1776055156
|switch|p2a: Dragapult|Dragapult, M|100/100
|turn|35
|
|t:|1776055158
|move|p2a: Dragapult|Dragon Darts|p1a: Touch The Stove
|-resisted|p1a: Touch The Stove
|-damage|p1a: Touch The Stove|17/100
|-anim|p2a: Dragapult|Dragon Darts|p1a: Touch The Stove
|-resisted|p1a: Touch The Stove
|-damage|p1a: Touch The Stove|1/100
|move|p1a: Touch The Stove|Scorching Sands|p2a: Dragapult
|-damage|p2a: Dragapult|65/100
|
|upkeep
|turn|36
|c|☆FearlyVGC|I don't even get the roll
|c|☆FearlyVGC|tqiotagaga
|
|t:|1776055171
|move|p2a: Dragapult|Dragon Darts|p1a: Touch The Stove
|-resisted|p1a: Touch The Stove
|-damage|p1a: Touch The Stove|0 fnt
|faint|p1a: Touch The Stove
|
|upkeep
|
|t:|1776055175
|switch|p1a: LDJ|Gliscor, F, tera:Water|100/100 tox
|turn|37
|
|t:|1776055178
|move|p2a: Dragapult|Dragon Darts|p1a: LDJ
|-damage|p1a: LDJ|63/100 tox
|-anim|p2a: Dragapult|Dragon Darts|p1a: LDJ
|-damage|p1a: LDJ|26/100 tox
|move|p1a: LDJ|Knock Off|p2a: Dragapult
|-supereffective|p2a: Dragapult
|-damage|p2a: Dragapult|0 fnt
|-enditem|p2a: Dragapult|Choice Band|[from] move: Knock Off|[of] p1a: LDJ
|faint|p2a: Dragapult
|
|win|generation why?
|raw|generation why?'s rating: 1270 &rarr; <strong>1300</strong><br />(+30 for winning)
|raw|FearlyVGC's rating: 1338 &rarr; <strong>1314</strong><br />(-24 for losing)
|c|☆generation why?|ggwp
|c|☆generation why?|sorry about the rng
|c|☆FearlyVGC|Gg
|l|☆generation why?
|player|p1|
|c|☆FearlyVGC|All g happens lol
|l|☆FearlyVGC
|player|p2|
