|html|<div class="broadcast-blue"><strong>[Gen 9] OU is currently suspecting Tera Blast! For information on how to participate check out the <a href="https://www.smogon.com/tools/suspects/view/200">suspect thread</a>.</strong></div>
|j|☆Blastoise_Choice
|j|☆mathismathin
|t:|1776108704
|gametype|singles
|player|p1|Blastoise_Choice|benga|1760
|player|p2|mathismathin|bugsy-masters|1757
|gen|9
|tier|[Gen 9] OU
|rated|
|rule|HP Percentage Mod: HP is shown in percentages
|rule|Endless Battle Clause: Forcing endless battles is banned
|rule|Species Clause: Limit one of each Pokémon
|rule|OHKO Clause: OHKO moves are banned
|rule|Evasion Items Clause: Evasion items are banned
|rule|Evasion Moves Clause: Evasion moves are banned
|rule|Evasion Abilities Clause: Evasion abilities are banned
|rule|Sleep Moves Clause: Sleep-inducing moves are banned
|clearpoke
|poke|p1|Garganacl, M|
|poke|p1|Darkrai|
|poke|p1|Great Tusk|
|poke|p1|Hatterene, F|
|poke|p1|Tornadus-Therian, M|
|poke|p1|Dragonite, M|
|poke|p2|Samurott-Hisui, F|
|poke|p2|Hoopa-Unbound|
|poke|p2|Dragonite, F|
|poke|p2|Dragapult, F|
|poke|p2|Scizor, M|
|poke|p2|Kingambit, M|
|teampreview
|c|☆Blastoise_Choice|hf
|inactive|Battle timer is ON: inactive players will automatically lose when time's up. (requested by Blastoise_Choice)
|
|t:|1776108717
|teamsize|p1|6
|teamsize|p2|6
|start
|switch|p1a: Great Tusk|Great Tusk|100/100
|switch|p2a: SWAGGED OFF A PILL|Dragapult, F|100/100
|-enditem|p1a: Great Tusk|Booster Energy
|-activate|p1a: Great Tusk|ability: Protosynthesis|[fromitem]
|-start|p1a: Great Tusk|protosynthesisatk
|turn|1
|j| Monkey D MinMin
|
|t:|1776108723
|move|p2a: SWAGGED OFF A PILL|Draco Meteor|p1a: Great Tusk
|-damage|p1a: Great Tusk|20/100
|-unboost|p2a: SWAGGED OFF A PILL|spa|2
|move|p1a: Great Tusk|Ice Spinner|p2a: SWAGGED OFF A PILL
|-supereffective|p2a: SWAGGED OFF A PILL
|-enditem|p2a: SWAGGED OFF A PILL|Focus Sash
|-damage|p2a: SWAGGED OFF A PILL|1/100
|
|upkeep
|turn|2
|
|t:|1776108731
|-end|p1a: Great Tusk|Protosynthesis|[silent]
|switch|p1a: Garganacl|Garganacl, M|100/100
|move|p2a: SWAGGED OFF A PILL|Hex|p1a: Garganacl
|-crit|p1a: Garganacl
|-damage|p1a: Garganacl|85/100
|
|-heal|p1a: Garganacl|91/100|[from] item: Leftovers
|upkeep
|turn|3
|
|t:|1776108738
|switch|p2a: 6RACKSONMYWRISTS|Hoopa-Unbound|100/100
|move|p1a: Garganacl|Stealth Rock|p2a: 6RACKSONMYWRISTS
|-sidestart|p2: mathismathin|move: Stealth Rock
|
|-heal|p1a: Garganacl|97/100|[from] item: Leftovers
|upkeep
|turn|4
|
|t:|1776108744
|move|p1a: Garganacl|Protect|p1a: Garganacl
|-singleturn|p1a: Garganacl|Protect
|move|p2a: 6RACKSONMYWRISTS|Substitute|p2a: 6RACKSONMYWRISTS
|-start|p2a: 6RACKSONMYWRISTS|Substitute
|-damage|p2a: 6RACKSONMYWRISTS|75/100
|
|-heal|p2a: 6RACKSONMYWRISTS|82/100|[from] item: Leftovers
|-heal|p1a: Garganacl|100/100|[from] item: Leftovers
|upkeep
|turn|5
|
|t:|1776108772
|move|p2a: 6RACKSONMYWRISTS|Knock Off|p1a: Garganacl
|-damage|p1a: Garganacl|59/100
|-enditem|p1a: Garganacl|Leftovers|[from] move: Knock Off|[of] p2a: 6RACKSONMYWRISTS
|move|p1a: Garganacl|Salt Cure|p2a: 6RACKSONMYWRISTS
|-activate|p2a: 6RACKSONMYWRISTS|move: Substitute|[damage]
|
|-heal|p2a: 6RACKSONMYWRISTS|88/100|[from] item: Leftovers
|upkeep
|turn|6
|
|t:|1776108778
|switch|p1a: Tornadus|Tornadus-Therian, M, shiny|100/100
|move|p2a: 6RACKSONMYWRISTS|Knock Off|p1a: Tornadus
|-damage|p1a: Tornadus|28/100
|-enditem|p1a: Tornadus|Assault Vest|[from] move: Knock Off|[of] p2a: 6RACKSONMYWRISTS
|
|-heal|p2a: 6RACKSONMYWRISTS|94/100|[from] item: Leftovers
|upkeep
|turn|7
|inactive|mathismathin has 120 seconds left.
|
|t:|1776108820
|move|p1a: Tornadus|U-turn|p2a: 6RACKSONMYWRISTS
|-supereffective|p2a: 6RACKSONMYWRISTS
|-end|p2a: 6RACKSONMYWRISTS|Substitute
|
|t:|1776108826
|switch|p1a: Great Tusk|Great Tusk|20/100|[from] U-turn
|move|p2a: 6RACKSONMYWRISTS|Substitute|p2a: 6RACKSONMYWRISTS
|-start|p2a: 6RACKSONMYWRISTS|Substitute
|-damage|p2a: 6RACKSONMYWRISTS|69/100
|
|-heal|p2a: 6RACKSONMYWRISTS|75/100|[from] item: Leftovers
|upkeep
|turn|8
|
|t:|1776108842
|move|p1a: Great Tusk|Rapid Spin|p2a: 6RACKSONMYWRISTS
|-activate|p2a: 6RACKSONMYWRISTS|move: Substitute|[damage]
|-boost|p1a: Great Tusk|spe|1
|move|p2a: 6RACKSONMYWRISTS|Drain Punch|p1a: Great Tusk
|-damage|p1a: Great Tusk|0 fnt
|-heal|p2a: 6RACKSONMYWRISTS|86/100|[from] drain|[of] p1a: Great Tusk
|faint|p1a: Great Tusk
|-end|p1a: Great Tusk|Protosynthesis|[silent]
|
|-heal|p2a: 6RACKSONMYWRISTS|92/100|[from] item: Leftovers
|upkeep
|
|t:|1776108846
|switch|p1a: Tornadus|Tornadus-Therian, M, shiny|61/100
|turn|9
|
|t:|1776108849
|move|p1a: Tornadus|U-turn|p2a: 6RACKSONMYWRISTS
|-supereffective|p2a: 6RACKSONMYWRISTS
|-end|p2a: 6RACKSONMYWRISTS|Substitute
|
|t:|1776108853
|switch|p1a: Garganacl|Garganacl, M|59/100|[from] U-turn
|move|p2a: 6RACKSONMYWRISTS|Substitute|p2a: 6RACKSONMYWRISTS
|-start|p2a: 6RACKSONMYWRISTS|Substitute
|-damage|p2a: 6RACKSONMYWRISTS|67/100
|
|-heal|p2a: 6RACKSONMYWRISTS|73/100|[from] item: Leftovers
|upkeep
|turn|10
|inactive|mathismathin has 120 seconds left.
|inactive|mathismathin has 90 seconds left.
|
|t:|1776108917
|switch|p1a: Tornadus|Tornadus-Therian, M, shiny|95/100
|move|p2a: 6RACKSONMYWRISTS|Psychic Noise|p1a: Tornadus
|-damage|p1a: Tornadus|48/100
|-start|p1a: Tornadus|move: Heal Block
|
|-heal|p2a: 6RACKSONMYWRISTS|79/100|[from] item: Leftovers
|upkeep
|turn|11
|
|t:|1776108924
|move|p1a: Tornadus|U-turn|p2a: 6RACKSONMYWRISTS
|-supereffective|p2a: 6RACKSONMYWRISTS
|-end|p2a: 6RACKSONMYWRISTS|Substitute
|
|t:|1776108927
|switch|p1a: Dragonite|Dragonite, M|100/100|[from] U-turn
|move|p2a: 6RACKSONMYWRISTS|Psychic Noise|p1a: Dragonite
|-damage|p1a: Dragonite|79/100
|-start|p1a: Dragonite|move: Heal Block
|
|-heal|p2a: 6RACKSONMYWRISTS|85/100|[from] item: Leftovers
|upkeep
|turn|12
|inactive|mathismathin has 90 seconds left.
|
|t:|1776108935
|switch|p2a: SWAGGED OFF A PILL|Dragapult, F|1/100
|-damage|p2a: SWAGGED OFF A PILL|0 fnt|[from] Stealth Rock
|faint|p2a: SWAGGED OFF A PILL
|move|p1a: Dragonite|Earthquake|p2: SWAGGED OFF A PILL|[notarget]
|-fail|p1a: Dragonite
|
|-end|p1a: Dragonite|move: Heal Block
|upkeep
|
|t:|1776108937
|switch|p2a: kuwaiti bomb squad|Scizor, M|100/100
|-damage|p2a: kuwaiti bomb squad|88/100|[from] Stealth Rock
|turn|13
|
|t:|1776108943
|move|p1a: Dragonite|Earthquake|p2a: kuwaiti bomb squad
|-damage|p2a: kuwaiti bomb squad|48/100
|move|p2a: kuwaiti bomb squad|Swords Dance|p2a: kuwaiti bomb squad
|-boost|p2a: kuwaiti bomb squad|atk|2
|
|upkeep
|turn|14
|inactive|mathismathin has 90 seconds left.
|
|t:|1776108979
|switch|p1a: Hatterene|Hatterene, F|100/100
|move|p2a: kuwaiti bomb squad|Bullet Punch|p1a: Hatterene
|-supereffective|p1a: Hatterene
|-damage|p1a: Hatterene|0 fnt
|-damage|p2a: kuwaiti bomb squad|31/100|[from] item: Rocky Helmet|[of] p1a: Hatterene
|faint|p1a: Hatterene
|
|upkeep
|
|t:|1776108987
|switch|p1a: Garganacl|Garganacl, M|59/100
|turn|15
|inactive|mathismathin has 90 seconds left.
|
|t:|1776108999
|-terastallize|p1a: Garganacl|Water
|move|p2a: kuwaiti bomb squad|Close Combat|p1a: Garganacl
|-damage|p1a: Garganacl|0 fnt
|-unboost|p2a: kuwaiti bomb squad|def|1
|-unboost|p2a: kuwaiti bomb squad|spd|1
|faint|p1a: Garganacl
|
|upkeep
|
|t:|1776109003
|switch|p1a: Tornadus|Tornadus-Therian, M, shiny|81/100
|turn|16
|
|t:|1776109010
|switch|p1a: Dragonite|Dragonite, M|79/100
|move|p2a: kuwaiti bomb squad|Bullet Punch|p1a: Dragonite
|-damage|p1a: Dragonite|0 fnt
|faint|p1a: Dragonite
|
|upkeep
|
|t:|1776109013
|switch|p1a: Tornadus|Tornadus-Therian, M, shiny|100/100
|turn|17
|
|t:|1776109016
|switch|p1a: Darkrai|Darkrai|100/100
|-terastallize|p2a: kuwaiti bomb squad|Steel
|move|p2a: kuwaiti bomb squad|Bullet Punch|p1a: Darkrai
|-damage|p1a: Darkrai|0 fnt
|faint|p1a: Darkrai
|
|upkeep
|
|t:|1776109020
|switch|p1a: Tornadus|Tornadus-Therian, M, shiny|100/100
|turn|18
|
|t:|1776109023
|move|p2a: kuwaiti bomb squad|Bullet Punch|p1a: Tornadus
|-damage|p1a: Tornadus|0 fnt
|faint|p1a: Tornadus
|
|win|mathismathin
|raw|Blastoise_Choice's rating: 1760 &rarr; <strong>1741</strong><br />(-19 for losing)
|raw|mathismathin's rating: 1776 &rarr; <strong>1795</strong><br />(+19 for winning)
|c|☆Blastoise_Choice|gg
|c|☆mathismathin|gg
|l|☆mathismathin
|player|p2|
|l| Monkey D MinMin
