|html|<div class="broadcast-blue"><strong>[Gen 9] OU is currently suspecting Tera Blast! For information on how to participate check out the <a href="https://www.smogon.com/tools/suspects/view/200">suspect thread</a>.</strong></div>
|j|☆64wasian
|j|☆mo-ii-kai
|t:|1776107271
|gametype|singles
|player|p1|64wasian|169|1446
|player|p2|mo-ii-kai|janine|1484
|gen|9
|tier|[Gen 9] OU
|rated|
|rule|HP Percentage Mod: HP is shown in percentages
|rule|Endless Battle Clause: Forcing endless battles is banned
|rule|Species Clause: Limit one of each Pokémon
|rule|OHKO Clause: OHKO moves are banned
|rule|Evasion Items Clause: Evasion items are banned
|rule|Evasion Moves Clause: Evasion moves are banned
|rule|Evasion Abilities Clause: Evasion abilities are banned
|rule|Sleep Moves Clause: Sleep-inducing moves are banned
|clearpoke
|poke|p1|Mew|
|poke|p1|Ceruledge, F|
|poke|p1|Glimmora, F|
|poke|p1|Raging Bolt|
|poke|p1|Goodra-Hisui, F|
|poke|p1|Donphan, M|
|poke|p2|Ninetales, F|
|poke|p2|Walking Wake|
|poke|p2|Typhlosion-Hisui, M|
|poke|p2|Great Tusk|
|poke|p2|Rillaboom, M|
|poke|p2|Raging Bolt|
|teampreview
|inactive|Battle timer is ON: inactive players will automatically lose when time's up. (requested by 64wasian)
|j| ohko_smeargle
|
|t:|1776107286
|teamsize|p1|6
|teamsize|p2|6
|start
|switch|p1a: Ceruledge|Ceruledge, F|100/100
|switch|p2a: Raging Bolt|Raging Bolt|100/100
|turn|1
|
|t:|1776107294
|switch|p1a: Goodra|Goodra-Hisui, F|100/100
|move|p2a: Raging Bolt|Dragon Pulse|p1a: Goodra
|-damage|p1a: Goodra|73/100
|
|-heal|p1a: Goodra|79/100|[from] item: Leftovers
|upkeep
|turn|2
|
|t:|1776107310
|move|p2a: Raging Bolt|Volt Switch|p1a: Goodra
|-resisted|p1a: Goodra
|-damage|p1a: Goodra|69/100
|
|t:|1776107316
|-end|p2a: Raging Bolt|Protosynthesis|[silent]
|switch|p2a: Ninetales|Ninetales, F|100/100|[from] Volt Switch
|-weather|SunnyDay|[from] ability: Drought|[of] p2a: Ninetales
|move|p1a: Goodra|Dragon Tail|p2a: Ninetales|[miss]
|-miss|p1a: Goodra|p2a: Ninetales
|
|-weather|SunnyDay|[upkeep]
|-heal|p1a: Goodra|75/100|[from] item: Leftovers
|upkeep
|turn|3
|
|t:|1776107326
|switch|p2a: Rillaboom|Rillaboom, M|100/100
|-fieldstart|move: Grassy Terrain|[from] ability: Grassy Surge|[of] p2a: Rillaboom
|move|p1a: Goodra|Protect||[still]
|-fail|p1a: Goodra
|
|-weather|SunnyDay|[upkeep]
|-heal|p1a: Goodra|81/100|[from] Grassy Terrain
|-heal|p1a: Goodra|87/100|[from] item: Leftovers
|upkeep
|turn|4
|
|t:|1776107336
|move|p2a: Rillaboom|Knock Off|p1a: Goodra
|-damage|p1a: Goodra|34/100
|-enditem|p1a: Goodra|Leftovers|[from] move: Knock Off|[of] p2a: Rillaboom
|move|p1a: Goodra|Dragon Tail|p2a: Rillaboom
|-damage|p2a: Rillaboom|76/100
|drag|p2a: Great Tusk|Great Tusk|100/100
|-activate|p2a: Great Tusk|ability: Protosynthesis
|-start|p2a: Great Tusk|protosynthesisspe
|
|-weather|SunnyDay|[upkeep]
|-heal|p1a: Goodra|40/100|[from] Grassy Terrain
|upkeep
|turn|5
|
|t:|1776107349
|move|p1a: Goodra|Protect|p1a: Goodra
|-singleturn|p1a: Goodra|Protect
|move|p2a: Great Tusk|Stealth Rock|p1a: Goodra
|-sidestart|p1: 64wasian|move: Stealth Rock
|
|-weather|SunnyDay|[upkeep]
|-heal|p1a: Goodra|46/100|[from] Grassy Terrain
|upkeep
|turn|6
|
|t:|1776107355
|move|p2a: Great Tusk|Headlong Rush|p1a: Goodra
|-supereffective|p1a: Goodra
|-damage|p1a: Goodra|0 fnt
|-unboost|p2a: Great Tusk|def|1
|-unboost|p2a: Great Tusk|spd|1
|faint|p1a: Goodra
|
|-weather|SunnyDay|[upkeep]
|upkeep
|
|t:|1776107362
|switch|p1a: Donphan|Donphan, M|100/100
|-damage|p1a: Donphan|94/100|[from] Stealth Rock
|turn|7
|
|t:|1776107369
|-end|p2a: Great Tusk|Protosynthesis|[silent]
|switch|p2a: Rillaboom|Rillaboom, M|76/100
|move|p1a: Donphan|Rapid Spin|p2a: Rillaboom
|-damage|p2a: Rillaboom|60/100
|-boost|p1a: Donphan|spe|1
|-sideend|p1: 64wasian|Stealth Rock|[from] move: Rapid Spin|[of] p1a: Donphan
|
|-weather|SunnyDay|[upkeep]
|-heal|p2a: Rillaboom|66/100|[from] Grassy Terrain
|-heal|p1a: Donphan|100/100|[from] Grassy Terrain
|-fieldend|move: Grassy Terrain
|upkeep
|turn|8
|inactive|64wasian has 120 seconds left.
|
|t:|1776107407
|move|p2a: Rillaboom|U-turn|p1a: Donphan
|-crit|p1a: Donphan
|-damage|p1a: Donphan|69/100
|
|t:|1776107412
|switch|p2a: Walking Wake|Walking Wake|100/100|[from] U-turn
|-activate|p2a: Walking Wake|ability: Protosynthesis
|-start|p2a: Walking Wake|protosynthesisspa
|move|p1a: Donphan|Knock Off|p2a: Walking Wake
|-damage|p2a: Walking Wake|70/100
|-enditem|p2a: Walking Wake|Choice Specs|[from] move: Knock Off|[of] p1a: Donphan
|
|-weather|SunnyDay|[upkeep]
|-heal|p1a: Donphan|75/100|[from] item: Leftovers
|upkeep
|turn|9
|inactive|64wasian has 120 seconds left.
|
|t:|1776107427
|move|p2a: Walking Wake|Hydro Steam|p1a: Donphan
|-supereffective|p1a: Donphan
|-damage|p1a: Donphan|0 fnt
|faint|p1a: Donphan
|
|-weather|none
|-end|p2a: Walking Wake|Protosynthesis
|upkeep
|inactive|64wasian has 120 seconds left.
|
|t:|1776107433
|switch|p1a: Raging Bolt|Raging Bolt|100/100
|-enditem|p1a: Raging Bolt|Booster Energy
|-activate|p1a: Raging Bolt|ability: Protosynthesis|[fromitem]
|-start|p1a: Raging Bolt|protosynthesisspa
|turn|10
|
|t:|1776107456
|-end|p2a: Walking Wake|Protosynthesis|[silent]
|switch|p2a: Rillaboom|Rillaboom, M|66/100
|-fieldstart|move: Grassy Terrain|[from] ability: Grassy Surge|[of] p2a: Rillaboom
|move|p1a: Raging Bolt|Calm Mind|p1a: Raging Bolt
|-boost|p1a: Raging Bolt|spa|1
|-boost|p1a: Raging Bolt|spd|1
|
|-heal|p2a: Rillaboom|72/100|[from] Grassy Terrain
|upkeep
|turn|11
|inactive|64wasian has 120 seconds left.
|
|t:|1776107476
|move|p2a: Rillaboom|Wood Hammer|p1a: Raging Bolt
|-resisted|p1a: Raging Bolt
|-damage|p1a: Raging Bolt|51/100
|-damage|p2a: Rillaboom|50/100|[from] Recoil
|move|p1a: Raging Bolt|Dragon Pulse|p2a: Rillaboom
|-damage|p2a: Rillaboom|0 fnt
|faint|p2a: Rillaboom
|
|-heal|p1a: Raging Bolt|58/100|[from] Grassy Terrain
|upkeep
|
|t:|1776107494
|switch|p2a: Great Tusk|Great Tusk|100/100
|turn|12
|
|t:|1776107497
|-terastallize|p1a: Raging Bolt|Fairy
|move|p2a: Great Tusk|Headlong Rush|p1a: Raging Bolt
|-damage|p1a: Raging Bolt|18/100
|-unboost|p2a: Great Tusk|def|1
|-unboost|p2a: Great Tusk|spd|1
|move|p1a: Raging Bolt|Dragon Pulse|p2a: Great Tusk
|-damage|p2a: Great Tusk|0 fnt
|faint|p2a: Great Tusk
|-end|p2a: Great Tusk|Protosynthesis|[silent]
|
|-heal|p1a: Raging Bolt|25/100|[from] Grassy Terrain
|upkeep
|
|t:|1776107522
|switch|p2a: Walking Wake|Walking Wake|70/100
|turn|13
|
|t:|1776107535
|-end|p2a: Walking Wake|Protosynthesis|[silent]
|switch|p2a: Raging Bolt|Raging Bolt|100/100
|move|p1a: Raging Bolt|Thunderclap||[still]
|-fail|p1a: Raging Bolt
|
|-heal|p1a: Raging Bolt|31/100|[from] Grassy Terrain
|upkeep
|turn|14
|
|t:|1776107549
|move|p2a: Raging Bolt|Volt Switch|p1a: Raging Bolt
|-damage|p1a: Raging Bolt|7/100
|
|t:|1776107555
|-end|p2a: Raging Bolt|Protosynthesis|[silent]
|switch|p2a: Ninetales|Ninetales, F|100/100|[from] Volt Switch
|-weather|SunnyDay|[from] ability: Drought|[of] p2a: Ninetales
|move|p1a: Raging Bolt|Thunderbolt|p2a: Ninetales
|-damage|p2a: Ninetales|0 fnt
|faint|p2a: Ninetales
|
|-weather|SunnyDay|[upkeep]
|-heal|p1a: Raging Bolt|13/100|[from] Grassy Terrain
|-fieldend|move: Grassy Terrain
|upkeep
|
|t:|1776107557
|switch|p2a: Walking Wake|Walking Wake|70/100
|-activate|p2a: Walking Wake|ability: Protosynthesis
|-start|p2a: Walking Wake|protosynthesisspa
|turn|15
|
|t:|1776107571
|-end|p2a: Walking Wake|Protosynthesis|[silent]
|switch|p2a: Raging Bolt|Raging Bolt|100/100
|-activate|p2a: Raging Bolt|ability: Protosynthesis
|-start|p2a: Raging Bolt|protosynthesisspa
|move|p1a: Raging Bolt|Thunderclap||[still]
|-fail|p1a: Raging Bolt
|
|-weather|SunnyDay|[upkeep]
|upkeep
|turn|16
|
|t:|1776107580
|move|p2a: Raging Bolt|Volt Switch|p1a: Raging Bolt
|-damage|p1a: Raging Bolt|0 fnt
|faint|p1a: Raging Bolt
|-end|p1a: Raging Bolt|Protosynthesis|[silent]
|
|t:|1776107582
|-end|p2a: Raging Bolt|Protosynthesis|[silent]
|switch|p2a: Walking Wake|Walking Wake|70/100|[from] Volt Switch
|-activate|p2a: Walking Wake|ability: Protosynthesis
|-start|p2a: Walking Wake|protosynthesisspa
|
|-weather|SunnyDay|[upkeep]
|upkeep
|
|t:|1776107588
|switch|p1a: Mew|Mew|100/100
|turn|17
|
|t:|1776107594
|-terastallize|p2a: Walking Wake|Water
|move|p2a: Walking Wake|Hydro Steam|p1a: Mew
|-damage|p1a: Mew|0 fnt
|faint|p1a: Mew
|
|-weather|SunnyDay|[upkeep]
|upkeep
|
|t:|1776107605
|switch|p1a: Glimmora|Glimmora, F|100/100
|turn|18
|
|t:|1776107609
|move|p2a: Walking Wake|Hydro Steam|p1a: Glimmora
|-supereffective|p1a: Glimmora
|-enditem|p1a: Glimmora|Focus Sash
|-damage|p1a: Glimmora|1/100
|move|p1a: Glimmora|Mortal Spin|p2a: Walking Wake
|-damage|p2a: Walking Wake|63/100
|-status|p2a: Walking Wake|psn
|
|-weather|SunnyDay|[upkeep]
|-damage|p2a: Walking Wake|51/100 psn|[from] psn
|upkeep
|turn|19
|
|t:|1776107625
|move|p2a: Walking Wake|Hydro Steam|p1a: Glimmora
|-supereffective|p1a: Glimmora
|-damage|p1a: Glimmora|0 fnt
|faint|p1a: Glimmora
|
|-weather|SunnyDay|[upkeep]
|-damage|p2a: Walking Wake|38/100 psn|[from] psn
|upkeep
|
|t:|1776107631
|switch|p1a: Ceruledge|Ceruledge, F|100/100
|turn|20
|
|t:|1776107634
|move|p1a: Ceruledge|Shadow Sneak|p2a: Walking Wake
|-damage|p2a: Walking Wake|16/100 psn
|move|p2a: Walking Wake|Hydro Steam|p1a: Ceruledge
|-supereffective|p1a: Ceruledge
|-enditem|p1a: Ceruledge|Focus Sash
|-damage|p1a: Ceruledge|1/100
|
|-weather|SunnyDay|[upkeep]
|-damage|p2a: Walking Wake|4/100 psn|[from] psn
|upkeep
|turn|21
|-message|64wasian forfeited.
|
|win|mo-ii-kai
|raw|64wasian's rating: 1446 &rarr; <strong>1428</strong><br />(-18 for losing)
|raw|mo-ii-kai's rating: 1484 &rarr; <strong>1502</strong><br />(+18 for winning)
|l|☆64wasian
|player|p1|
|l| ohko_smeargle
