|html|<div class="broadcast-blue"><strong>[Gen 9] OU is currently suspecting Tera Blast! For information on how to participate check out the <a href="https://www.smogon.com/tools/suspects/view/200">suspect thread</a>.</strong></div>
|j|☆DestrozaVeganos
|j|☆SkyBlayzer17
|t:|1776052780
|gametype|singles
|player|p1|DestrozaVeganos|pokemonbreeder-gen4|1170
|player|p2|SkyBlayzer17|n|1202
|gen|9
|tier|[Gen 9] OU
|rated|
|rule|HP Percentage Mod: HP is shown in percentages
|rule|Endless Battle Clause: Forcing endless battles is banned
|rule|Species Clause: Limit one of each Pokémon
|rule|OHKO Clause: OHKO moves are banned
|rule|Evasion Items Clause: Evasion items are banned
|rule|Evasion Moves Clause: Evasion moves are banned
|rule|Evasion Abilities Clause: Evasion abilities are banned
|rule|Sleep Moves Clause: Sleep-inducing moves are banned
|clearpoke
|poke|p1|Dragapult, F|
|poke|p1|Gholdengo|
|poke|p1|Glimmora, F|
|poke|p1|Garganacl, M|
|poke|p1|Rotom-Wash|
|poke|p1|Ogerpon-Wellspring, F|
|poke|p2|Haxorus, M|
|poke|p2|Great Tusk|
|poke|p2|Glimmora, F|
|poke|p2|Galvantula, F|
|poke|p2|Walking Wake|
|poke|p2|Charizard, F|
|teampreview
|inactive|Battle timer is ON: inactive players will automatically lose when time's up. (requested by DestrozaVeganos)
|
|t:|1776052793
|teamsize|p1|6
|teamsize|p2|6
|start
|switch|p1a: Dragapult|Dragapult, F|100/100
|switch|p2a: Haxorus|Haxorus, M, shiny|100/100
|-ability|p2a: Haxorus|Mold Breaker
|turn|1
|
|t:|1776052803
|-terastallize|p2a: Haxorus|Steel
|move|p1a: Dragapult|U-turn|p2a: Haxorus
|-resisted|p2a: Haxorus
|-damage|p2a: Haxorus|85/100
|
|t:|1776052820
|switch|p1a: Glimmora|Glimmora, F|100/100|[from] U-turn
|move|p2a: Haxorus|Swords Dance|p2a: Haxorus
|-boost|p2a: Haxorus|atk|2
|
|upkeep
|turn|2
|
|t:|1776052835
|move|p2a: Haxorus|Scale Shot|p1a: Glimmora
|-damage|p1a: Glimmora|73/100
|-activate|p1a: Glimmora|ability: Toxic Debris
|-sidestart|p2: SkyBlayzer17|move: Toxic Spikes
|-damage|p1a: Glimmora|42/100
|-activate|p1a: Glimmora|ability: Toxic Debris
|-sidestart|p2: SkyBlayzer17|move: Toxic Spikes
|-damage|p1a: Glimmora|14/100
|-damage|p1a: Glimmora|0 fnt
|faint|p1a: Glimmora
|-hitcount|p1: Glimmora|4
|-unboost|p2a: Haxorus|def|1
|-boost|p2a: Haxorus|spe|1
|
|upkeep
|
|t:|1776052849
|switch|p1a: Garganacl|Garganacl, M|100/100
|turn|3
|
|t:|1776052855
|-terastallize|p1a: Garganacl|Poison
|move|p2a: Haxorus|Earthquake|p1a: Garganacl
|-supereffective|p1a: Garganacl
|-damage|p1a: Garganacl|5/100
|move|p1a: Garganacl|Salt Cure|p2a: Haxorus
|-resisted|p2a: Haxorus
|-damage|p2a: Haxorus|72/100
|-start|p2a: Haxorus|Salt Cure
|
|-heal|p1a: Garganacl|12/100|[from] item: Leftovers
|-damage|p2a: Haxorus|47/100|[from] Salt Cure
|upkeep
|turn|4
|
|t:|1776052868
|switch|p1a: Rotom|Rotom-Wash|100/100
|move|p2a: Haxorus|Scale Shot|p1a: Rotom|[miss]
|-miss|p2a: Haxorus|p1a: Rotom
|
|-damage|p2a: Haxorus|22/100|[from] Salt Cure
|upkeep
|turn|5
|
|t:|1776052878
|switch|p1a: Garganacl|Garganacl, M, tera:Poison|12/100
|move|p2a: Haxorus|Scale Shot|p1a: Garganacl
|-damage|p1a: Garganacl|0 fnt
|faint|p1a: Garganacl
|-hitcount|p1: Garganacl|1
|-unboost|p2a: Haxorus|def|1
|-boost|p2a: Haxorus|spe|1
|
|-damage|p2a: Haxorus|0 fnt|[from] Salt Cure
|faint|p2a: Haxorus
|upkeep
|
|t:|1776052898
|switch|p2a: Glimmora|Glimmora, F|100/100
|switch|p1a: Ogerpon|Ogerpon-Wellspring, F|100/100
|-sideend|p2: SkyBlayzer17|move: Toxic Spikes|[of] p2a: Glimmora
|turn|6
|
|t:|1776052905
|move|p1a: Ogerpon|Swords Dance|p1a: Ogerpon
|-boost|p1a: Ogerpon|atk|2
|move|p2a: Glimmora|Gunk Shot|p1a: Ogerpon|[miss]
|-miss|p2a: Glimmora|p1a: Ogerpon
|
|upkeep
|turn|7
|
|t:|1776052913
|move|p1a: Ogerpon|Ivy Cudgel|p2a: Glimmora|[anim] Ivy Cudgel Water
|-supereffective|p2a: Glimmora
|-damage|p2a: Glimmora|0 fnt
|-activate|p2a: Glimmora|ability: Toxic Debris
|-sidestart|p1: DestrozaVeganos|move: Toxic Spikes
|faint|p2a: Glimmora
|
|upkeep
|
|t:|1776052920
|switch|p2a: Galvantula|Galvantula, F, shiny|100/100
|turn|8
|
|t:|1776052925
|move|p2a: Galvantula|Thunder|p1a: Ogerpon
|-damage|p1a: Ogerpon|43/100
|move|p1a: Ogerpon|Ivy Cudgel|p2a: Galvantula|[anim] Ivy Cudgel Water
|-enditem|p2a: Galvantula|Focus Sash
|-damage|p2a: Galvantula|1/100
|
|upkeep
|turn|9
|
|t:|1776052933
|move|p2a: Galvantula|Thunder|p1a: Ogerpon
|-damage|p1a: Ogerpon|0 fnt
|faint|p1a: Ogerpon
|
|upkeep
|
|t:|1776052958
|switch|p1a: Rotom|Rotom-Wash|100/100
|turn|10
|
|t:|1776052962
|move|p2a: Galvantula|Thunder|p1a: Rotom
|-damage|p1a: Rotom|66/100
|move|p1a: Rotom|Hex|p2a: Galvantula
|-damage|p2a: Galvantula|0 fnt
|faint|p2a: Galvantula
|
|upkeep
|
|t:|1776052970
|switch|p2a: Walking Wake|Walking Wake|100/100
|-enditem|p2a: Walking Wake|Booster Energy
|-activate|p2a: Walking Wake|ability: Protosynthesis|[fromitem]
|-start|p2a: Walking Wake|protosynthesisspa
|turn|11
|
|t:|1776052978
|move|p2a: Walking Wake|Dragon Pulse|p1a: Rotom
|-damage|p1a: Rotom|28/100
|move|p1a: Rotom|Discharge|p2a: Walking Wake
|-damage|p2a: Walking Wake|65/100
|-status|p2a: Walking Wake|par
|
|upkeep
|turn|12
|
|t:|1776052988
|move|p1a: Rotom|Hex|p2a: Walking Wake
|-damage|p2a: Walking Wake|30/100 par
|move|p2a: Walking Wake|Draco Meteor|p1a: Rotom
|-damage|p1a: Rotom|0 fnt
|-unboost|p2a: Walking Wake|spa|2
|faint|p1a: Rotom
|
|upkeep
|inactive|DestrozaVeganos has 120 seconds left.
|
|t:|1776053020
|switch|p1a: Dragapult|Dragapult, F|100/100
|-status|p1a: Dragapult|psn
|turn|13
|
|t:|1776053024
|move|p1a: Dragapult|Dragon Darts|p2a: Walking Wake
|-supereffective|p2a: Walking Wake
|-damage|p2a: Walking Wake|0 fnt
|faint|p2a: Walking Wake
|-end|p2a: Walking Wake|Protosynthesis|[silent]
|
|-damage|p1a: Dragapult|88/100 psn|[from] psn
|upkeep
|
|t:|1776053031
|switch|p2a: Charizard|Charizard, F, shiny|100/100
|turn|14
|
|t:|1776053040
|move|p1a: Dragapult|Dragon Darts|p2a: Charizard
|-damage|p2a: Charizard|63/100
|-anim|p1a: Dragapult|Dragon Darts|p2a: Charizard
|-damage|p2a: Charizard|24/100
|move|p2a: Charizard|Air Slash|p1a: Dragapult
|-damage|p1a: Dragapult|39/100 psn
|
|-damage|p1a: Dragapult|26/100 psn|[from] psn
|upkeep
|turn|15
|
|t:|1776053050
|move|p1a: Dragapult|Dragon Darts|p2a: Charizard
|-damage|p2a: Charizard|0 fnt
|faint|p2a: Charizard
|
|-damage|p1a: Dragapult|14/100 psn|[from] psn
|upkeep
|
|t:|1776053057
|switch|p2a: Great Tusk|Great Tusk|100/100
|-enditem|p2a: Great Tusk|Booster Energy
|-activate|p2a: Great Tusk|ability: Protosynthesis|[fromitem]
|-start|p2a: Great Tusk|protosynthesisatk
|turn|16
|
|t:|1776053065
|move|p1a: Dragapult|Dragon Darts|p2a: Great Tusk
|-damage|p2a: Great Tusk|86/100
|-anim|p1a: Dragapult|Dragon Darts|p2a: Great Tusk
|-damage|p2a: Great Tusk|71/100
|move|p2a: Great Tusk|Headlong Rush|p1a: Dragapult
|-damage|p1a: Dragapult|0 fnt
|-unboost|p2a: Great Tusk|def|1
|-unboost|p2a: Great Tusk|spd|1
|faint|p1a: Dragapult
|
|upkeep
|
|t:|1776053072
|switch|p1a: Gholdengo|Gholdengo|100/100
|turn|17
|
|t:|1776053088
|move|p1a: Gholdengo|Make It Rain|p2a: Great Tusk
|-damage|p2a: Great Tusk|0 fnt
|-unboost|p1a: Gholdengo|spa|1
|faint|p2a: Great Tusk
|-end|p2a: Great Tusk|Protosynthesis|[silent]
|
|win|DestrozaVeganos
|raw|DestrozaVeganos's rating: 1170 &rarr; <strong>1197</strong><br />(+27 for winning)
|raw|SkyBlayzer17's rating: 1202 &rarr; <strong>1175</strong><br />(-27 for losing)
|l|☆SkyBlayzer17
|player|p2|
|l|☆DestrozaVeganos
|player|p1|
