|html|<div class="broadcast-blue"><strong>[Gen 9] OU is currently suspecting Tera Blast! For information on how to participate check out the <a href="https://www.smogon.com/tools/suspects/view/200">suspect thread</a>.</strong></div>
|j|☆wizardrex
|j|☆finerh
|t:|1776058048
|gametype|singles
|player|p1|wizardrex|101|1142
|player|p2|finerh|preschooler|1126
|gen|9
|tier|[Gen 9] OU
|rated|
|rule|HP Percentage Mod: HP is shown in percentages
|rule|Endless Battle Clause: Forcing endless battles is banned
|rule|Species Clause: Limit one of each Pokémon
|rule|OHKO Clause: OHKO moves are banned
|rule|Evasion Items Clause: Evasion items are banned
|rule|Evasion Moves Clause: Evasion moves are banned
|rule|Evasion Abilities Clause: Evasion abilities are banned
|rule|Sleep Moves Clause: Sleep-inducing moves are banned
|clearpoke
|poke|p1|Indeedee, M|
|poke|p1|Hatterene, F|
|poke|p1|Hawlucha, M|
|poke|p1|Hoopa-Unbound|
|poke|p1|Armarouge, M|
|poke|p1|Maushold|
|poke|p2|Corviknight, M|
|poke|p2|Deoxys-Speed|
|poke|p2|Iron Moth|
|poke|p2|Iron Valiant|
|poke|p2|Rillaboom, F|
|poke|p2|Hatterene, F|
|teampreview
|inactive|Battle timer is ON: inactive players will automatically lose when time's up. (requested by finerh)
|inactive|wizardrex has 120 seconds left.
|
|t:|1776058089
|teamsize|p1|6
|teamsize|p2|6
|start
|switch|p1a: Indeedee|Indeedee, M|100/100
|switch|p2a: Hatterene|Hatterene, F|100/100
|-fieldstart|move: Psychic Terrain|[from] ability: Psychic Surge|[of] p1a: Indeedee
|turn|1
|
|t:|1776058111
|move|p1a: Indeedee|Dazzling Gleam|p2a: Hatterene
|-damage|p2a: Hatterene|82/100
|move|p2a: Hatterene|Nuzzle|p1a: Indeedee
|-damage|p1a: Indeedee|94/100
|-status|p1a: Indeedee|par
|
|upkeep
|turn|2
|
|t:|1776058132
|switch|p1a: Hatterene|Hatterene, F|100/100
|move|p2a: Hatterene|Expanding Force|p1a: Hatterene
|-resisted|p1a: Hatterene
|-damage|p1a: Hatterene|51/100
|-enditem|p1a: Hatterene|Eject Button
|
|t:|1776058145
|switch|p1a: Hoopa|Hoopa-Unbound|100/100
|
|upkeep
|turn|3
|
|t:|1776058150
|move|p1a: Hoopa|Gunk Shot|p2a: Hatterene
|-supereffective|p2a: Hatterene
|-damage|p2a: Hatterene|0 fnt
|faint|p2a: Hatterene
|
|upkeep
|
|t:|1776058157
|switch|p2a: Iron Valiant|Iron Valiant|100/100
|turn|4
|
|t:|1776058173
|-terastallize|p1a: Hoopa|Poison
|move|p2a: Iron Valiant|Calm Mind|p2a: Iron Valiant
|-boost|p2a: Iron Valiant|spa|1
|-boost|p2a: Iron Valiant|spd|1
|move|p1a: Hoopa|Gunk Shot|p2a: Iron Valiant|[miss]
|-miss|p1a: Hoopa|p2a: Iron Valiant
|
|upkeep
|turn|5
|
|t:|1776058179
|move|p2a: Iron Valiant|Expanding Force|p1a: Hoopa
|-supereffective|p1a: Hoopa
|-damage|p1a: Hoopa|0 fnt
|faint|p1a: Hoopa
|
|upkeep
|
|t:|1776058193
|switch|p1a: Armarouge|Armarouge, M|100/100
|turn|6
|
|t:|1776058199
|move|p2a: Iron Valiant|Calm Mind|p2a: Iron Valiant
|-boost|p2a: Iron Valiant|spa|1
|-boost|p2a: Iron Valiant|spd|1
|move|p1a: Armarouge|Expanding Force|p2a: Iron Valiant
|-supereffective|p2a: Iron Valiant
|-damage|p2a: Iron Valiant|0 fnt
|faint|p2a: Iron Valiant
|-end|p2a: Iron Valiant|Quark Drive|[silent]
|
|upkeep
|
|t:|1776058205
|switch|p2a: Deoxys|Deoxys-Speed|100/100
|-ability|p2a: Deoxys|Pressure
|turn|7
|
|t:|1776058211
|move|p2a: Deoxys|Nasty Plot|p2a: Deoxys
|-boost|p2a: Deoxys|spa|2
|move|p1a: Armarouge|Armor Cannon|p2a: Deoxys
|-damage|p2a: Deoxys|6/100
|-unboost|p1a: Armarouge|def|1
|-unboost|p1a: Armarouge|spd|1
|
|upkeep
|turn|8
|
|t:|1776058220
|move|p2a: Deoxys|Dark Pulse|p1a: Armarouge
|-supereffective|p1a: Armarouge
|-enditem|p1a: Armarouge|Focus Sash
|-damage|p1a: Armarouge|1/100
|-damage|p2a: Deoxys|0 fnt|[from] item: Life Orb
|faint|p2a: Deoxys
|move|p1a: Armarouge|Expanding Force|p2: Deoxys|[notarget]
|-fail|p1a: Armarouge
|
|-fieldend|move: Psychic Terrain
|upkeep
|
|t:|1776058232
|switch|p2a: Iron Moth|Iron Moth|100/100
|-enditem|p2a: Iron Moth|Booster Energy
|-activate|p2a: Iron Moth|ability: Quark Drive|[fromitem]
|-start|p2a: Iron Moth|quarkdrivespe
|turn|9
|
|t:|1776058245
|move|p2a: Iron Moth|Dazzling Gleam|p1a: Armarouge
|-resisted|p1a: Armarouge
|-damage|p1a: Armarouge|0 fnt
|faint|p1a: Armarouge
|
|upkeep
|
|t:|1776058248
|switch|p1a: Indeedee|Indeedee, M|94/100 par
|-fieldstart|move: Psychic Terrain|[from] ability: Psychic Surge|[of] p1a: Indeedee
|turn|10
|
|t:|1776058253
|-terastallize|p2a: Iron Moth|Fire
|move|p2a: Iron Moth|Fiery Dance|p1a: Indeedee
|-damage|p1a: Indeedee|32/100 par
|move|p1a: Indeedee|Expanding Force|p2a: Iron Moth
|-damage|p2a: Iron Moth|44/100
|
|upkeep
|turn|11
|
|t:|1776058261
|switch|p1a: Hatterene|Hatterene, F|51/100
|move|p2a: Iron Moth|Fiery Dance|p1a: Hatterene
|-damage|p1a: Hatterene|0 fnt
|-boost|p2a: Iron Moth|spa|1
|faint|p1a: Hatterene
|
|upkeep
|
|t:|1776058266
|switch|p1a: Hawlucha|Hawlucha, M|100/100
|-enditem|p1a: Hawlucha|Psychic Seed
|-boost|p1a: Hawlucha|spd|1|[from] item: Psychic Seed
|turn|12
|
|t:|1776058274
|move|p1a: Hawlucha|Acrobatics|p2a: Iron Moth
|-damage|p2a: Iron Moth|0 fnt
|faint|p2a: Iron Moth
|-end|p2a: Iron Moth|Quark Drive|[silent]
|
|upkeep
|
|t:|1776058276
|switch|p2a: Corviknight|Corviknight, M|100/100
|turn|13
|
|t:|1776058279
|move|p1a: Hawlucha|Swords Dance|p1a: Hawlucha
|-boost|p1a: Hawlucha|atk|2
|move|p2a: Corviknight|Iron Defense|p2a: Corviknight
|-boost|p2a: Corviknight|def|2
|
|upkeep
|turn|14
|
|t:|1776058282
|move|p1a: Hawlucha|Taunt|p2a: Corviknight
|-start|p2a: Corviknight|move: Taunt
|cant|p2a: Corviknight|move: Taunt|Iron Defense
|
|upkeep
|turn|15
|
|t:|1776058285
|move|p1a: Hawlucha|Close Combat|p2a: Corviknight
|-damage|p2a: Corviknight|69/100
|-unboost|p1a: Hawlucha|def|1
|-unboost|p1a: Hawlucha|spd|1
|move|p2a: Corviknight|Body Press|p1a: Hawlucha
|-resisted|p1a: Hawlucha
|-damage|p1a: Hawlucha|46/100
|
|-heal|p2a: Corviknight|75/100|[from] item: Leftovers
|upkeep
|turn|16
|
|t:|1776058299
|move|p1a: Hawlucha|Close Combat|p2a: Corviknight
|-crit|p2a: Corviknight
|-damage|p2a: Corviknight|0 fnt
|-unboost|p1a: Hawlucha|def|1
|-unboost|p1a: Hawlucha|spd|1
|faint|p2a: Corviknight
|
|upkeep
|
|t:|1776058303
|switch|p2a: Rillaboom|Rillaboom, F|100/100
|-fieldstart|move: Grassy Terrain|[from] ability: Grassy Surge|[of] p2a: Rillaboom
|turn|17
|
|t:|1776058309
|switch|p1a: Indeedee|Indeedee, M|32/100 par
|-fieldstart|move: Psychic Terrain|[from] ability: Psychic Surge|[of] p1a: Indeedee
|move|p2a: Rillaboom|Grassy Glide|p1a: Indeedee
|-crit|p1a: Indeedee
|-damage|p1a: Indeedee|0 fnt
|faint|p1a: Indeedee
|
|upkeep
|
|t:|1776058317
|switch|p1a: Hawlucha|Hawlucha, M|46/100
|turn|18
|
|t:|1776058318
|move|p1a: Hawlucha|Acrobatics|p2a: Rillaboom
|-supereffective|p2a: Rillaboom
|-damage|p2a: Rillaboom|0 fnt
|faint|p2a: Rillaboom
|
|win|wizardrex
|raw|wizardrex's rating: 1142 &rarr; <strong>1166</strong><br />(+24 for winning)
|raw|finerh's rating: 1126 &rarr; <strong>1102</strong><br />(-24 for losing)
|l|☆finerh
|player|p2|
|l|☆wizardrex
|player|p1|
