|html|<div class="broadcast-blue"><strong>[Gen 9] OU is currently suspecting Tera Blast! For information on how to participate check out the <a href="https://www.smogon.com/tools/suspects/view/200">suspect thread</a>.</strong></div>
|j|☆MarchingOnTogether
|j|☆patcheele~
|t:|1776074750
|gametype|singles
|player|p1|MarchingOnTogether|265|1416
|player|p2|patcheele~|preschooler-gen7|1404
|gen|9
|tier|[Gen 9] OU
|rated|
|rule|HP Percentage Mod: HP is shown in percentages
|rule|Endless Battle Clause: Forcing endless battles is banned
|rule|Species Clause: Limit one of each Pokémon
|rule|OHKO Clause: OHKO moves are banned
|rule|Evasion Items Clause: Evasion items are banned
|rule|Evasion Moves Clause: Evasion moves are banned
|rule|Evasion Abilities Clause: Evasion abilities are banned
|rule|Sleep Moves Clause: Sleep-inducing moves are banned
|clearpoke
|poke|p1|Pelipper, M|
|poke|p1|Barraskewda, M|
|poke|p1|Thundurus-Therian, M|
|poke|p1|Iron Treads|
|poke|p1|Raging Bolt|
|poke|p1|Ogerpon-Wellspring, F|
|poke|p2|Dragapult, F|
|poke|p2|Alomomola, F|
|poke|p2|Slowking-Galar, M|
|poke|p2|Great Tusk|
|poke|p2|Enamorus, F|
|poke|p2|Ogerpon-Wellspring, F|
|teampreview
|inactive|Battle timer is ON: inactive players will automatically lose when time's up. (requested by MarchingOnTogether)
|
|t:|1776074758
|teamsize|p1|6
|teamsize|p2|6
|start
|switch|p1a: Iron Treads|Iron Treads|100/100
|switch|p2a: Dragapult|Dragapult, F|100/100
|turn|1
|
|t:|1776074765
|move|p2a: Dragapult|Will-O-Wisp|p1a: Iron Treads
|-status|p1a: Iron Treads|brn
|move|p1a: Iron Treads|Earthquake|p2a: Dragapult
|-damage|p2a: Dragapult|72/100
|
|-damage|p1a: Iron Treads|94/100 brn|[from] brn
|upkeep
|turn|2
|
|t:|1776074772
|switch|p2a: Great Tusk|Great Tusk|100/100
|move|p1a: Iron Treads|Stealth Rock|p2a: Great Tusk
|-sidestart|p2: patcheele~|move: Stealth Rock
|
|-damage|p1a: Iron Treads|88/100 brn|[from] brn
|upkeep
|turn|3
|
|t:|1776074777
|-end|p1a: Iron Treads|Quark Drive|[silent]
|switch|p1a: Pelipper|Pelipper, M|100/100
|-weather|RainDance|[from] ability: Drizzle|[of] p1a: Pelipper
|move|p2a: Great Tusk|Rapid Spin|p1a: Pelipper
|-damage|p1a: Pelipper|90/100
|-boost|p2a: Great Tusk|spe|1
|-sideend|p2: patcheele~|Stealth Rock|[from] move: Rapid Spin|[of] p2a: Great Tusk
|
|-weather|RainDance|[upkeep]
|upkeep
|turn|4
|
|t:|1776074784
|-end|p2a: Great Tusk|Protosynthesis|[silent]
|switch|p2a: Slowking|Slowking-Galar, M|100/100
|move|p1a: Pelipper|U-turn|p2a: Slowking
|-damage|p2a: Slowking|91/100
|
|t:|1776074795
|switch|p1a: Barraskewda|Barraskewda, M|100/100|[from] U-turn
|
|-weather|RainDance|[upkeep]
|upkeep
|turn|5
|
|t:|1776074802
|move|p1a: Barraskewda|Poison Jab|p2a: Slowking
|-resisted|p2a: Slowking
|-damage|p2a: Slowking|68/100
|-prepare|p2a: Slowking|Chilly Reception|[premajor]
|move|p2a: Slowking|Chilly Reception|p2a: Slowking
|-weather|Snowscape
|
|t:|1776074813
|switch|p2a: Dragapult|Dragapult, F|72/100|[from] Chilly Reception
|
|-weather|Snowscape|[upkeep]
|upkeep
|turn|6
|
|t:|1776074816
|switch|p1a: Iron Treads|Iron Treads|88/100 brn
|move|p2a: Dragapult|Dragon Darts|p1a: Iron Treads
|-resisted|p1a: Iron Treads
|-damage|p1a: Iron Treads|75/100 brn
|-anim|p2a: Dragapult|Dragon Darts|p1a: Iron Treads
|-resisted|p1a: Iron Treads
|-damage|p1a: Iron Treads|62/100 brn
|
|-weather|Snowscape|[upkeep]
|-damage|p1a: Iron Treads|56/100 brn|[from] brn
|upkeep
|turn|7
|
|t:|1776074825
|switch|p2a: Alomomola|Alomomola, F|100/100
|move|p1a: Iron Treads|Volt Switch|p2a: Alomomola
|-supereffective|p2a: Alomomola
|-damage|p2a: Alomomola|73/100
|
|t:|1776074830
|-end|p1a: Iron Treads|Quark Drive|[silent]
|switch|p1a: Thundurus|Thundurus-Therian, M|100/100|[from] Volt Switch
|
|-weather|Snowscape|[upkeep]
|upkeep
|turn|8
|
|t:|1776074838
|move|p1a: Thundurus|Thunder|p2a: Alomomola|[miss]
|-miss|p1a: Thundurus|p2a: Alomomola
|move|p2a: Alomomola|Flip Turn|p1a: Thundurus
|-damage|p1a: Thundurus|74/100
|
|t:|1776074852
|switch|p2a: Slowking|Slowking-Galar, M|100/100|[from] Flip Turn
|
|-weather|Snowscape|[upkeep]
|upkeep
|turn|9
|
|t:|1776074860
|move|p1a: Thundurus|Volt Switch|p2a: Slowking
|-damage|p2a: Slowking|78/100
|
|t:|1776074875
|switch|p1a: Iron Treads|Iron Treads|56/100 brn|[from] Volt Switch
|move|p2a: Slowking|Sludge Bomb|p1a: Iron Treads
|-immune|p1a: Iron Treads
|
|-weather|none
|-damage|p1a: Iron Treads|50/100 brn|[from] brn
|upkeep
|turn|10
|
|t:|1776074888
|move|p1a: Iron Treads|Stealth Rock|p2a: Slowking
|-sidestart|p2: patcheele~|move: Stealth Rock
|move|p2a: Slowking|Flamethrower|p1a: Iron Treads
|-supereffective|p1a: Iron Treads
|-damage|p1a: Iron Treads|0 fnt
|faint|p1a: Iron Treads
|-end|p1a: Iron Treads|Quark Drive|[silent]
|
|upkeep
|
|t:|1776074906
|switch|p1a: Pelipper|Pelipper, M|90/100
|-weather|RainDance|[from] ability: Drizzle|[of] p1a: Pelipper
|turn|11
|
|t:|1776074914
|move|p1a: Pelipper|Hurricane|p2a: Slowking
|-damage|p2a: Slowking|56/100
|-start|p2a: Slowking|confusion
|-activate|p2a: Slowking|confusion
|move|p2a: Slowking|Sludge Bomb|p1a: Pelipper
|-damage|p1a: Pelipper|44/100
|
|-weather|RainDance|[upkeep]
|upkeep
|turn|12
|
|t:|1776074931
|move|p1a: Pelipper|U-turn|p2a: Slowking
|-damage|p2a: Slowking|47/100
|
|t:|1776074938
|switch|p1a: Raging Bolt|Raging Bolt|100/100|[from] U-turn
|-prepare|p2a: Slowking|Chilly Reception|[premajor]
|-activate|p2a: Slowking|confusion
|move|p2a: Slowking|Chilly Reception|p2a: Slowking
|-weather|Snowscape
|
|t:|1776074944
|switch|p2a: Great Tusk|Great Tusk|100/100|[from] Chilly Reception
|-damage|p2a: Great Tusk|98/100|[from] Stealth Rock
|
|-weather|Snowscape|[upkeep]
|-heal|p2a: Great Tusk|100/100|[from] item: Leftovers
|upkeep
|turn|13
|
|t:|1776074955
|-terastallize|p1a: Raging Bolt|Flying
|move|p2a: Great Tusk|Rapid Spin|p1a: Raging Bolt
|-damage|p1a: Raging Bolt|89/100
|-boost|p2a: Great Tusk|spe|1
|-sideend|p2: patcheele~|Stealth Rock|[from] move: Rapid Spin|[of] p2a: Great Tusk
|move|p1a: Raging Bolt|Weather Ball|p2a: Great Tusk
|-supereffective|p2a: Great Tusk
|-damage|p2a: Great Tusk|0 fnt
|faint|p2a: Great Tusk
|-end|p2a: Great Tusk|Protosynthesis|[silent]
|
|-weather|Snowscape|[upkeep]
|upkeep
|
|t:|1776074974
|switch|p2a: Dragapult|Dragapult, F|72/100
|turn|14
|
|t:|1776074976
|-terastallize|p2a: Dragapult|Ghost
|move|p2a: Dragapult|Tera Blast|p1a: Raging Bolt|[anim] Tera Blast Ghost
|-damage|p1a: Raging Bolt|26/100
|move|p1a: Raging Bolt|Weather Ball|p2a: Dragapult
|-damage|p2a: Dragapult|0 fnt
|faint|p2a: Dragapult
|
|-weather|Snowscape|[upkeep]
|upkeep
|
|t:|1776074995
|switch|p2a: Enamorus|Enamorus, F|100/100
|turn|15
|
|t:|1776075016
|-end|p1a: Raging Bolt|Protosynthesis|[silent]
|switch|p1a: Pelipper|Pelipper, M|44/100
|-weather|RainDance|[from] ability: Drizzle|[of] p1a: Pelipper
|move|p2a: Enamorus|Moonblast|p1a: Pelipper
|-damage|p1a: Pelipper|0 fnt
|faint|p1a: Pelipper
|
|-weather|RainDance|[upkeep]
|upkeep
|
|t:|1776075021
|switch|p1a: Barraskewda|Barraskewda, M|100/100
|turn|16
|
|t:|1776075031
|switch|p2a: Alomomola|Alomomola, F|100/100
|move|p1a: Barraskewda|Flip Turn|p2a: Alomomola
|-resisted|p2a: Alomomola
|-damage|p2a: Alomomola|81/100
|
|t:|1776075034
|switch|p1a: Thundurus|Thundurus-Therian, M|74/100|[from] Flip Turn
|
|-weather|RainDance|[upkeep]
|upkeep
|turn|17
|
|t:|1776075042
|move|p1a: Thundurus|Volt Switch|p2a: Alomomola
|-supereffective|p2a: Alomomola
|-damage|p2a: Alomomola|0 fnt
|faint|p2a: Alomomola
|
|t:|1776075046
|switch|p1a: Barraskewda|Barraskewda, M|100/100|[from] Volt Switch
|
|-weather|RainDance|[upkeep]
|upkeep
|
|t:|1776075050
|switch|p2a: Ogerpon|Ogerpon-Wellspring, F|100/100
|turn|18
|
|t:|1776075052
|move|p1a: Barraskewda|Poison Jab|p2a: Ogerpon
|-supereffective|p2a: Ogerpon
|-damage|p2a: Ogerpon|0 fnt
|faint|p2a: Ogerpon
|
|-weather|RainDance|[upkeep]
|upkeep
|
|t:|1776075055
|switch|p2a: Slowking|Slowking-Galar, M|80/100
|turn|19
|
|t:|1776075061
|switch|p1a: Ogerpon|Ogerpon-Wellspring, F|100/100
|-prepare|p2a: Slowking|Chilly Reception|[premajor]
|move|p2a: Slowking|Chilly Reception|p2a: Slowking
|-weather|Snowscape
|
|t:|1776075064
|switch|p2a: Enamorus|Enamorus, F|100/100|[from] Chilly Reception
|
|-weather|Snowscape|[upkeep]
|upkeep
|turn|20
|
|t:|1776075072
|move|p2a: Enamorus|Moonblast|p1a: Ogerpon
|-damage|p1a: Ogerpon|37/100
|move|p1a: Ogerpon|Ivy Cudgel|p2a: Enamorus|[anim] Ivy Cudgel Water
|-damage|p2a: Enamorus|8/100
|
|-weather|Snowscape|[upkeep]
|upkeep
|turn|21
|
|t:|1776075089
|move|p2a: Enamorus|Moonblast|p1a: Ogerpon
|-damage|p1a: Ogerpon|0 fnt
|faint|p1a: Ogerpon
|
|-weather|Snowscape|[upkeep]
|upkeep
|
|t:|1776075094
|switch|p1a: Barraskewda|Barraskewda, M|100/100
|turn|22
|
|t:|1776075098
|move|p1a: Barraskewda|Aqua Jet|p2a: Enamorus
|-damage|p2a: Enamorus|0 fnt
|faint|p2a: Enamorus
|
|-weather|Snowscape|[upkeep]
|upkeep
|
|t:|1776075106
|switch|p2a: Slowking|Slowking-Galar, M|100/100
|turn|23
|
|t:|1776075108
|switch|p1a: Thundurus|Thundurus-Therian, M|74/100
|move|p2a: Slowking|Sludge Bomb|p1a: Thundurus
|-damage|p1a: Thundurus|28/100
|
|-weather|none
|upkeep
|turn|24
|
|t:|1776075113
|move|p1a: Thundurus|Thunder|p2a: Slowking
|-damage|p2a: Slowking|65/100
|move|p2a: Slowking|Sludge Bomb|p1a: Thundurus
|-damage|p1a: Thundurus|0 fnt
|faint|p1a: Thundurus
|
|upkeep
|
|t:|1776075122
|switch|p1a: Barraskewda|Barraskewda, M|100/100
|turn|25
|
|t:|1776075126
|move|p1a: Barraskewda|Liquidation|p2a: Slowking
|-damage|p2a: Slowking|0 fnt
|faint|p2a: Slowking
|
|win|MarchingOnTogether
|raw|MarchingOnTogether's rating: 1416 &rarr; <strong>1435</strong><br />(+19 for winning)
|raw|patcheele~'s rating: 1404 &rarr; <strong>1385</strong><br />(-19 for losing)
|l|☆patcheele~
|player|p2|
|l|☆MarchingOnTogether
|player|p1|
