|html|<div class="broadcast-blue"><strong>[Gen 9] OU is currently suspecting Tera Blast! For information on how to participate check out the <a href="https://www.smogon.com/tools/suspects/view/200">suspect thread</a>.</strong></div>
|j|☆xgJGbcAvVjW9Hfa9
|j|☆lliverialoko
|t:|1776093072
|gametype|singles
|player|p1|xgJGbcAvVjW9Hfa9|170|1000
|player|p2|lliverialoko|101|1000
|gen|9
|tier|[Gen 9] OU
|rated|
|rule|HP Percentage Mod: HP is shown in percentages
|rule|Endless Battle Clause: Forcing endless battles is banned
|rule|Species Clause: Limit one of each Pokémon
|rule|OHKO Clause: OHKO moves are banned
|rule|Evasion Items Clause: Evasion items are banned
|rule|Evasion Moves Clause: Evasion moves are banned
|rule|Evasion Abilities Clause: Evasion abilities are banned
|rule|Sleep Moves Clause: Sleep-inducing moves are banned
|clearpoke
|poke|p1|Iron Moth|
|poke|p1|Gliscor, F|
|poke|p1|Hatterene, F|
|poke|p1|Ogerpon-Wellspring, F|
|poke|p1|Raging Bolt|
|poke|p1|Zamazenta-*|
|poke|p2|Garchomp, F|
|poke|p2|Dragapult, M|
|poke|p2|Corviknight, M|
|poke|p2|Rotom-Wash|
|poke|p2|Kingambit, F|
|poke|p2|Iron Valiant|
|teampreview
|inactive|Battle timer is ON: inactive players will automatically lose when time's up. (requested by xgJGbcAvVjW9Hfa9)
|inactive|xgJGbcAvVjW9Hfa9 has 120 seconds left.
|inactive|xgJGbcAvVjW9Hfa9 has 90 seconds left.
|
|t:|1776093153
|teamsize|p1|6
|teamsize|p2|6
|start
|switch|p1a: Gliscor|Gliscor, F|100/100
|switch|p2a: Garchomp|Garchomp, F, shiny|100/100
|turn|1
|
|t:|1776093164
|switch|p1a: Hatterene|Hatterene, F|100/100
|move|p2a: Garchomp|Stealth Rock|p1a: Hatterene
|move|p1a: Hatterene|Stealth Rock|p2a: Garchomp|[from] ability: Magic Bounce
|-sidestart|p2: lliverialoko|move: Stealth Rock
|
|upkeep
|turn|2
|
|t:|1776093191
|switch|p2a: Corviknight|Corviknight, M, shiny|100/100
|-damage|p2a: Corviknight|88/100|[from] Stealth Rock
|-ability|p2a: Corviknight|Pressure
|move|p1a: Hatterene|Calm Mind|p1a: Hatterene
|-boost|p1a: Hatterene|spa|1
|-boost|p1a: Hatterene|spd|1
|
|-heal|p2a: Corviknight|94/100|[from] item: Leftovers
|upkeep
|turn|3
|
|t:|1776093206
|move|p2a: Corviknight|U-turn|p1a: Hatterene
|-damage|p1a: Hatterene|89/100
|
|t:|1776093210
|switch|p2a: Kingambit|Kingambit, F, shiny|100/100|[from] U-turn
|-damage|p2a: Kingambit|94/100|[from] Stealth Rock
|move|p1a: Hatterene|Calm Mind|p1a: Hatterene
|-boost|p1a: Hatterene|spa|1
|-boost|p1a: Hatterene|spd|1
|
|-heal|p1a: Hatterene|95/100|[from] item: Leftovers
|upkeep
|turn|4
|
|t:|1776093224
|move|p2a: Kingambit|Sucker Punch|p1a: Hatterene
|-damage|p1a: Hatterene|52/100
|move|p1a: Hatterene|Draining Kiss|p2a: Kingambit
|-damage|p2a: Kingambit|53/100
|-heal|p1a: Hatterene|92/100|[from] drain|[of] p2a: Kingambit
|
|-heal|p1a: Hatterene|98/100|[from] item: Leftovers
|upkeep
|turn|5
|
|t:|1776093234
|move|p2a: Kingambit|Sucker Punch|p1a: Hatterene
|-damage|p1a: Hatterene|56/100
|move|p1a: Hatterene|Draining Kiss|p2a: Kingambit
|-damage|p2a: Kingambit|11/100
|-heal|p1a: Hatterene|96/100|[from] drain|[of] p2a: Kingambit
|
|-heal|p1a: Hatterene|100/100|[from] item: Leftovers
|upkeep
|turn|6
|
|t:|1776093240
|move|p2a: Kingambit|Sucker Punch|p1a: Hatterene
|-damage|p1a: Hatterene|57/100
|move|p1a: Hatterene|Draining Kiss|p2a: Kingambit
|-damage|p2a: Kingambit|0 fnt
|-heal|p1a: Hatterene|67/100|[from] drain|[of] p2a: Kingambit
|faint|p2a: Kingambit
|-end|p2a: Kingambit|fallenundefined|[silent]
|
|-heal|p1a: Hatterene|73/100|[from] item: Leftovers
|upkeep
|
|t:|1776093257
|switch|p2a: Rotom|Rotom-Wash, shiny|100/100
|-damage|p2a: Rotom|88/100|[from] Stealth Rock
|turn|7
|
|t:|1776093262
|move|p2a: Rotom|Will-O-Wisp|p1a: Hatterene
|move|p1a: Hatterene|Will-O-Wisp|p2a: Rotom|[from] ability: Magic Bounce
|-status|p2a: Rotom|brn
|move|p1a: Hatterene|Draining Kiss|p2a: Rotom
|-damage|p2a: Rotom|44/100 brn
|-heal|p1a: Hatterene|100/100|[from] drain|[of] p2a: Rotom
|
|-heal|p2a: Rotom|50/100 brn|[from] item: Leftovers
|-damage|p2a: Rotom|44/100 brn|[from] brn
|upkeep
|turn|8
|
|t:|1776093270
|move|p2a: Rotom|Pain Split|p1a: Hatterene
|-sethp|p1a: Hatterene|71/100|[from] move: Pain Split|[silent]
|-sethp|p2a: Rotom|74/100 brn|[from] move: Pain Split
|move|p1a: Hatterene|Calm Mind|p1a: Hatterene
|-boost|p1a: Hatterene|spa|1
|-boost|p1a: Hatterene|spd|1
|
|-heal|p2a: Rotom|80/100 brn|[from] item: Leftovers
|-heal|p1a: Hatterene|77/100|[from] item: Leftovers
|-damage|p2a: Rotom|74/100 brn|[from] brn
|upkeep
|turn|9
|
|t:|1776093277
|move|p2a: Rotom|Volt Switch|p1a: Hatterene
|-damage|p1a: Hatterene|66/100
|
|t:|1776093282
|switch|p2a: Corviknight|Corviknight, M, shiny|94/100|[from] Volt Switch
|-damage|p2a: Corviknight|82/100|[from] Stealth Rock
|-ability|p2a: Corviknight|Pressure
|move|p1a: Hatterene|Calm Mind|p1a: Hatterene
|-boost|p1a: Hatterene|spa|1
|-boost|p1a: Hatterene|spd|1
|
|-heal|p2a: Corviknight|88/100|[from] item: Leftovers
|-heal|p1a: Hatterene|72/100|[from] item: Leftovers
|upkeep
|turn|10
|
|t:|1776093289
|move|p2a: Corviknight|Defog|p1a: Hatterene
|move|p1a: Hatterene|Defog|p2a: Corviknight|[from] ability: Magic Bounce
|-unboost|p2a: Corviknight|evasion|1
|-sideend|p2: lliverialoko|Stealth Rock|[from] move: Defog|[of] p1a: Hatterene
|move|p1a: Hatterene|Mystical Fire|p2a: Corviknight
|-supereffective|p2a: Corviknight
|-damage|p2a: Corviknight|0 fnt
|faint|p2a: Corviknight
|
|-heal|p1a: Hatterene|78/100|[from] item: Leftovers
|upkeep
|
|t:|1776093295
|switch|p2a: Iron Valiant|Iron Valiant, shiny|100/100
|-enditem|p2a: Iron Valiant|Booster Energy
|-activate|p2a: Iron Valiant|ability: Quark Drive|[fromitem]
|-start|p2a: Iron Valiant|quarkdrivespe
|turn|11
|
|t:|1776093305
|move|p2a: Iron Valiant|Calm Mind|p2a: Iron Valiant
|-boost|p2a: Iron Valiant|spa|1
|-boost|p2a: Iron Valiant|spd|1
|move|p1a: Hatterene|Draining Kiss|p2a: Iron Valiant
|-supereffective|p2a: Iron Valiant
|-damage|p2a: Iron Valiant|0 fnt
|-heal|p1a: Hatterene|100/100|[from] drain|[of] p2a: Iron Valiant
|faint|p2a: Iron Valiant
|-end|p2a: Iron Valiant|Quark Drive|[silent]
|
|upkeep
|
|t:|1776093307
|switch|p2a: Garchomp|Garchomp, F, shiny|100/100
|turn|12
|
|t:|1776093313
|move|p2a: Garchomp|Earthquake|p1a: Hatterene
|-damage|p1a: Hatterene|63/100
|move|p1a: Hatterene|Draining Kiss|p2a: Garchomp
|-supereffective|p2a: Garchomp
|-damage|p2a: Garchomp|0 fnt
|-heal|p1a: Hatterene|100/100|[from] drain|[of] p2a: Garchomp
|-damage|p1a: Hatterene|88/100|[from] ability: Rough Skin|[of] p2a: Garchomp
|-damage|p1a: Hatterene|72/100|[from] item: Rocky Helmet|[of] p2a: Garchomp
|faint|p2a: Garchomp
|
|-heal|p1a: Hatterene|78/100|[from] item: Leftovers
|upkeep
|
|t:|1776093317
|switch|p2a: Dragapult|Dragapult, M, shiny|100/100
|turn|13
|
|t:|1776093323
|move|p2a: Dragapult|Shadow Ball|p1a: Hatterene
|-supereffective|p1a: Hatterene
|-damage|p1a: Hatterene|42/100
|-unboost|p1a: Hatterene|spd|1
|move|p1a: Hatterene|Draining Kiss|p2a: Dragapult
|-supereffective|p2a: Dragapult
|-damage|p2a: Dragapult|0 fnt
|-heal|p1a: Hatterene|100/100|[from] drain|[of] p2a: Dragapult
|faint|p2a: Dragapult
|
|upkeep
|
|t:|1776093327
|switch|p2a: Rotom|Rotom-Wash, shiny|74/100 brn
|turn|14
|
|t:|1776093332
|move|p2a: Rotom|Pain Split|p1a: Hatterene
|-sethp|p1a: Hatterene|86/100|[from] move: Pain Split|[silent]
|-sethp|p2a: Rotom|89/100 brn|[from] move: Pain Split
|move|p1a: Hatterene|Draining Kiss|p2a: Rotom
|-damage|p2a: Rotom|23/100 brn
|-heal|p1a: Hatterene|100/100|[from] drain|[of] p2a: Rotom
|
|-heal|p2a: Rotom|29/100 brn|[from] item: Leftovers
|-damage|p2a: Rotom|23/100 brn|[from] brn
|upkeep
|turn|15
|
|t:|1776093336
|move|p2a: Rotom|Pain Split|p1a: Hatterene
|-sethp|p1a: Hatterene|61/100|[from] move: Pain Split|[silent]
|-sethp|p2a: Rotom|64/100 brn|[from] move: Pain Split
|move|p1a: Hatterene|Draining Kiss|p2a: Rotom
|-damage|p2a: Rotom|0 fnt
|-heal|p1a: Hatterene|100/100|[from] drain|[of] p2a: Rotom
|faint|p2a: Rotom
|
|win|xgJGbcAvVjW9Hfa9
|raw|xgJGbcAvVjW9Hfa9's rating: 1000 &rarr; <strong>1040</strong><br />(+40 for winning)
|raw|lliverialoko's rating: 1000 &rarr; <strong>1000</strong><br />(+0 for losing)
