|html|<div class="broadcast-blue"><strong>[Gen 9] OU is currently suspecting Tera Blast! For information on how to participate check out the <a href="https://www.smogon.com/tools/suspects/view/200">suspect thread</a>.</strong></div>
|j|☆Param710
|j|☆Juliho
|t:|1776243200
|gametype|singles
|player|p1|Param710|red|1050
|player|p2|Juliho|102|1000
|gen|9
|tier|[Gen 9] OU
|rated|
|rule|HP Percentage Mod: HP is shown in percentages
|rule|Endless Battle Clause: Forcing endless battles is banned
|rule|Species Clause: Limit one of each Pokémon
|rule|OHKO Clause: OHKO moves are banned
|rule|Evasion Items Clause: Evasion items are banned
|rule|Evasion Moves Clause: Evasion moves are banned
|rule|Evasion Abilities Clause: Evasion abilities are banned
|rule|Sleep Moves Clause: Sleep-inducing moves are banned
|clearpoke
|poke|p1|Salamence, F|
|poke|p1|Walking Wake|
|poke|p1|Iron Valiant|
|poke|p1|Glimmora, F|
|poke|p1|Hawlucha, M|
|poke|p1|Ceruledge, M|
|poke|p2|Articuno|
|poke|p2|Heatran, F|
|poke|p2|Dragonite, F|
|poke|p2|Iron Valiant|
|poke|p2|Gholdengo|
|poke|p2|Great Tusk|
|teampreview
|
|t:|1776243212
|teamsize|p1|6
|teamsize|p2|6
|start
|switch|p1a: Iron Valiant|Iron Valiant, shiny|100/100
|switch|p2a: Articuno|Articuno|100/100
|-ability|p2a: Articuno|Pressure
|turn|1
|
|t:|1776243235
|move|p1a: Iron Valiant|Knock Off|p2a: Articuno
|-damage|p2a: Articuno|65/100
|-enditem|p2a: Articuno|Heavy-Duty Boots|[from] move: Knock Off|[of] p1a: Iron Valiant
|-damage|p1a: Iron Valiant|90/100|[from] item: Life Orb
|move|p2a: Articuno|Freeze-Dry|p1a: Iron Valiant
|-damage|p1a: Iron Valiant|52/100
|
|upkeep
|turn|2
|inactive|Battle timer is ON: inactive players will automatically lose when time's up. (requested by Param710)
|
|t:|1776243266
|move|p1a: Iron Valiant|Spirit Break|p2a: Articuno
|-damage|p2a: Articuno|20/100
|-unboost|p2a: Articuno|spa|1
|-damage|p1a: Iron Valiant|42/100|[from] item: Life Orb
|move|p2a: Articuno|Freeze-Dry|p1a: Iron Valiant
|-damage|p1a: Iron Valiant|13/100
|
|upkeep
|turn|3
|inactive|Juliho has 120 seconds left.
|inactive|Juliho has 90 seconds left.
|
|t:|1776243326
|switch|p2a: Heatran|Heatran, F|100/100
|move|p1a: Iron Valiant|Spirit Break|p2a: Heatran
|-resisted|p2a: Heatran
|-damage|p2a: Heatran|88/100
|-unboost|p2a: Heatran|spa|1
|-damage|p1a: Iron Valiant|3/100|[from] item: Life Orb
|
|-heal|p2a: Heatran|95/100|[from] item: Leftovers
|upkeep
|turn|4
|inactive|Juliho has 90 seconds left.
|
|t:|1776243349
|move|p1a: Iron Valiant|Close Combat|p2a: Heatran
|-supereffective|p2a: Heatran
|-damage|p2a: Heatran|0 fnt
|-unboost|p1a: Iron Valiant|def|1
|-unboost|p1a: Iron Valiant|spd|1
|faint|p2a: Heatran
|-damage|p1a: Iron Valiant|0 fnt|[from] item: Life Orb
|faint|p1a: Iron Valiant
|-end|p1a: Iron Valiant|Quark Drive|[silent]
|
|upkeep
|
|t:|1776243365
|switch|p1a: Hawlucha|Hawlucha, M|100/100
|switch|p2a: Dragonite|Dragonite, F|100/100
|turn|5
|
|t:|1776243379
|move|p1a: Hawlucha|Swords Dance|p1a: Hawlucha
|-boost|p1a: Hawlucha|atk|2
|move|p2a: Dragonite|Ice Spinner|p1a: Hawlucha
|-supereffective|p1a: Hawlucha
|-damage|p1a: Hawlucha|9/100
|-enditem|p1a: Hawlucha|Sitrus Berry|[eat]
|-heal|p1a: Hawlucha|34/100|[from] item: Sitrus Berry
|
|upkeep
|turn|6
|
|t:|1776243394
|move|p1a: Hawlucha|Acrobatics|p2a: Dragonite
|-damage|p2a: Dragonite|50/100
|move|p2a: Dragonite|Ice Spinner|p1a: Hawlucha
|-supereffective|p1a: Hawlucha
|-damage|p1a: Hawlucha|0 fnt
|faint|p1a: Hawlucha
|
|upkeep
|
|t:|1776243405
|switch|p1a: Ceruledge|Ceruledge, M|100/100
|turn|7
|inactive|Juliho has 90 seconds left.
|
|t:|1776243416
|move|p1a: Ceruledge|Swords Dance|p1a: Ceruledge
|-boost|p1a: Ceruledge|atk|2
|move|p2a: Dragonite|Earthquake|p1a: Ceruledge
|-supereffective|p1a: Ceruledge
|-damage|p1a: Ceruledge|0 fnt
|faint|p1a: Ceruledge
|
|upkeep
|
|t:|1776243424
|switch|p1a: Glimmora|Glimmora, F, shiny|100/100
|-item|p1a: Glimmora|Air Balloon
|turn|8
|inactive|Juliho has 90 seconds left.
|
|t:|1776243436
|switch|p2a: Great Tusk|Great Tusk|100/100
|move|p1a: Glimmora|Stealth Rock|p2a: Great Tusk
|-sidestart|p2: Juliho|move: Stealth Rock
|
|upkeep
|turn|9
|inactive|Juliho has 90 seconds left.
|
|t:|1776243449
|-end|p2a: Great Tusk|Protosynthesis|[silent]
|switch|p2a: Gholdengo|Gholdengo|100/100
|-damage|p2a: Gholdengo|94/100|[from] Stealth Rock
|-item|p2a: Gholdengo|Air Balloon
|move|p1a: Glimmora|Mortal Spin|p2a: Gholdengo
|-immune|p2a: Gholdengo
|
|upkeep
|turn|10
|inactive|Juliho has 90 seconds left.
|
|t:|1776243465
|move|p2a: Gholdengo|Make It Rain|p1a: Glimmora
|-supereffective|p1a: Glimmora
|-damage|p1a: Glimmora|0 fnt
|-unboost|p2a: Gholdengo|spa|1
|-enditem|p1a: Glimmora|Air Balloon
|faint|p1a: Glimmora
|
|upkeep
|
|t:|1776243474
|switch|p1a: Salamence|Salamence, F|100/100
|turn|11
|inactive|Juliho has 90 seconds left.
|
|t:|1776243484
|switch|p2a: Dragonite|Dragonite, F|50/100
|move|p1a: Salamence|Dragon Dance|p1a: Salamence
|-boost|p1a: Salamence|atk|1
|-boost|p1a: Salamence|spe|1
|
|upkeep
|turn|12
|
|t:|1776243493
|-terastallize|p1a: Salamence|Steel
|move|p1a: Salamence|Dragon Claw|p2a: Dragonite
|-supereffective|p2a: Dragonite
|-damage|p2a: Dragonite|0 fnt
|faint|p2a: Dragonite
|-ability|p1a: Salamence|Moxie|boost
|-boost|p1a: Salamence|atk|1
|
|upkeep
|inactive|Juliho has 90 seconds left.
|
|t:|1776243507
|switch|p2a: Great Tusk|Great Tusk|100/100
|turn|13
|
|t:|1776243517
|-terastallize|p2a: Great Tusk|Steel
|move|p1a: Salamence|Dual Wingbeat|p2a: Great Tusk
|-resisted|p2a: Great Tusk
|-damage|p2a: Great Tusk|84/100
|-resisted|p2a: Great Tusk
|-damage|p2a: Great Tusk|67/100
|-hitcount|p2a: Great Tusk|2
|move|p2a: Great Tusk|Ice Spinner|p1a: Salamence
|-resisted|p1a: Salamence
|-damage|p1a: Salamence|83/100
|
|-heal|p1a: Salamence|89/100|[from] item: Leftovers
|upkeep
|turn|14
|inactive|Juliho has 90 seconds left.
|
|t:|1776243534
|move|p1a: Salamence|Dragon Dance|p1a: Salamence
|-boost|p1a: Salamence|atk|1
|-boost|p1a: Salamence|spe|1
|move|p2a: Great Tusk|Headlong Rush|p1a: Salamence
|-supereffective|p1a: Salamence
|-damage|p1a: Salamence|0 fnt
|-unboost|p2a: Great Tusk|def|1
|-unboost|p2a: Great Tusk|spd|1
|faint|p1a: Salamence
|
|upkeep
|
|t:|1776243544
|switch|p1a: Walking Wake|Walking Wake|100/100
|turn|15
|
|t:|1776243553
|-end|p2a: Great Tusk|Protosynthesis|[silent]
|switch|p2a: Iron Valiant|Iron Valiant|100/100
|-damage|p2a: Iron Valiant|94/100|[from] Stealth Rock
|-enditem|p2a: Iron Valiant|Booster Energy
|-activate|p2a: Iron Valiant|ability: Quark Drive|[fromitem]
|-start|p2a: Iron Valiant|quarkdrivespe
|move|p1a: Walking Wake|Sunny Day|p1a: Walking Wake
|-weather|SunnyDay
|-activate|p1a: Walking Wake|ability: Protosynthesis
|-start|p1a: Walking Wake|protosynthesisspa
|
|-weather|SunnyDay|[upkeep]
|upkeep
|turn|16
|
|t:|1776243569
|move|p2a: Iron Valiant|Moonblast|p1a: Walking Wake
|-supereffective|p1a: Walking Wake
|-damage|p1a: Walking Wake|0 fnt
|faint|p1a: Walking Wake
|-end|p1a: Walking Wake|Protosynthesis|[silent]
|
|win|Juliho
|raw|Param710's rating: 1050 &rarr; <strong>1030</strong><br />(-20 for losing)
|raw|Juliho's rating: 1000 &rarr; <strong>1046</strong><br />(+46 for winning)
|l|☆Param710
|player|p1|
