|html|<div class="broadcast-blue"><strong>[Gen 9] OU is currently suspecting Tera Blast! For information on how to participate check out the <a href="https://www.smogon.com/tools/suspects/view/200">suspect thread</a>.</strong></div>
|j|☆DonovanIsNotHere
|j|☆cataclyst03
|t:|1776138736
|gametype|singles
|player|p1|DonovanIsNotHere|1|1418
|player|p2|cataclyst03|hilbert|1453
|gen|9
|tier|[Gen 9] OU
|rated|
|rule|HP Percentage Mod: HP is shown in percentages
|rule|Endless Battle Clause: Forcing endless battles is banned
|rule|Species Clause: Limit one of each Pokémon
|rule|OHKO Clause: OHKO moves are banned
|rule|Evasion Items Clause: Evasion items are banned
|rule|Evasion Moves Clause: Evasion moves are banned
|rule|Evasion Abilities Clause: Evasion abilities are banned
|rule|Sleep Moves Clause: Sleep-inducing moves are banned
|clearpoke
|poke|p1|Venusaur, M|
|poke|p1|Magnezone|
|poke|p1|Moltres|
|poke|p1|Ogerpon-Wellspring, F|
|poke|p1|Iron Crown|
|poke|p1|Pecharunt|
|poke|p2|Deoxys-Speed|
|poke|p2|Kingambit, F|
|poke|p2|Ting-Lu|
|poke|p2|Pecharunt|
|poke|p2|Iron Valiant|
|poke|p2|Kyurem|
|teampreview
|inactive|Battle timer is ON: inactive players will automatically lose when time's up. (requested by cataclyst03)
|
|t:|1776138752
|teamsize|p1|6
|teamsize|p2|6
|start
|switch|p1a: Bird Trap|Magnezone|100/100
|switch|p2a: Deoxys|Deoxys-Speed|100/100
|-ability|p2a: Deoxys|Pressure
|turn|1
|
|t:|1776138759
|move|p2a: Deoxys|Taunt|p1a: Bird Trap
|-start|p1a: Bird Trap|move: Taunt
|move|p1a: Bird Trap|Flash Cannon|p2a: Deoxys
|-damage|p2a: Deoxys|0 fnt
|faint|p2a: Deoxys
|
|upkeep
|
|t:|1776138769
|switch|p2a: Ting-Lu|Ting-Lu|100/100
|-ability|p2a: Ting-Lu|Vessel of Ruin
|turn|2
|
|t:|1776138772
|switch|p1a: Flytrap|Venusaur, M|100/100
|move|p2a: Ting-Lu|Stealth Rock|p1a: Flytrap
|-sidestart|p1: DonovanIsNotHere|move: Stealth Rock
|
|upkeep
|turn|3
|
|t:|1776138776
|move|p1a: Flytrap|Leech Seed|p2a: Ting-Lu
|-start|p2a: Ting-Lu|move: Leech Seed
|move|p2a: Ting-Lu|Spikes|p1a: Flytrap
|-sidestart|p1: DonovanIsNotHere|Spikes
|
|-damage|p2a: Ting-Lu|88/100|[from] Leech Seed|[of] p1a: Flytrap
|upkeep
|turn|4
|
|t:|1776138780
|move|p1a: Flytrap|Giga Drain|p2a: Ting-Lu
|-supereffective|p2a: Ting-Lu
|-damage|p2a: Ting-Lu|58/100
|move|p2a: Ting-Lu|Earthquake|p1a: Flytrap
|-damage|p1a: Flytrap|58/100
|
|-heal|p1a: Flytrap|65/100|[from] item: Leftovers
|-damage|p2a: Ting-Lu|45/100|[from] Leech Seed|[of] p1a: Flytrap
|-heal|p1a: Flytrap|82/100|[silent]
|upkeep
|turn|5
|
|t:|1776138793
|switch|p2a: Pecharunt|Pecharunt|100/100
|move|p1a: Flytrap|Giga Drain|p2a: Pecharunt
|-resisted|p2a: Pecharunt
|-damage|p2a: Pecharunt|84/100
|-heal|p1a: Flytrap|89/100|[from] drain|[of] p2a: Pecharunt
|
|-heal|p1a: Flytrap|95/100|[from] item: Leftovers
|upkeep
|turn|6
|
|t:|1776138800
|move|p2a: Pecharunt|Nasty Plot|p2a: Pecharunt
|-boost|p2a: Pecharunt|spa|2
|move|p1a: Flytrap|Earth Power|p2a: Pecharunt
|-supereffective|p2a: Pecharunt
|-damage|p2a: Pecharunt|33/100
|
|-heal|p1a: Flytrap|100/100|[from] item: Leftovers
|upkeep
|turn|7
|
|t:|1776138809
|move|p2a: Pecharunt|Recover|p2a: Pecharunt
|-heal|p2a: Pecharunt|83/100
|move|p1a: Flytrap|Earth Power|p2a: Pecharunt
|-supereffective|p2a: Pecharunt
|-damage|p2a: Pecharunt|33/100
|-unboost|p2a: Pecharunt|spd|1
|
|upkeep
|turn|8
|
|t:|1776138815
|move|p2a: Pecharunt|Shadow Ball|p1a: Flytrap
|-damage|p1a: Flytrap|52/100
|move|p1a: Flytrap|Earth Power|p2a: Pecharunt
|-supereffective|p2a: Pecharunt
|-damage|p2a: Pecharunt|0 fnt
|faint|p2a: Pecharunt
|
|-heal|p1a: Flytrap|58/100|[from] item: Leftovers
|upkeep
|
|t:|1776138818
|switch|p2a: Kyurem|Kyurem|100/100
|-ability|p2a: Kyurem|Pressure
|turn|9
|
|t:|1776138823
|switch|p1a: Dog Trap|Moltres|100/100
|move|p2a: Kyurem|Substitute|p2a: Kyurem
|-start|p2a: Kyurem|Substitute
|-damage|p2a: Kyurem|76/100
|
|upkeep
|turn|10
|
|t:|1776138829
|move|p2a: Kyurem|Scale Shot|p1a: Dog Trap
|-damage|p1a: Dog Trap|92/100
|-damage|p1a: Dog Trap|85/100
|-damage|p1a: Dog Trap|76/100
|-damage|p1a: Dog Trap|69/100
|-damage|p1a: Dog Trap|62/100
|-hitcount|p1a: Dog Trap|5
|-unboost|p2a: Kyurem|def|1
|-boost|p2a: Kyurem|spe|1
|move|p1a: Dog Trap|Roar|p2a: Kyurem
|drag|p2a: Iron Valiant|Iron Valiant|100/100
|-enditem|p2a: Iron Valiant|Booster Energy
|-activate|p2a: Iron Valiant|ability: Quark Drive|[fromitem]
|-start|p2a: Iron Valiant|quarkdrivespe
|
|upkeep
|turn|11
|
|t:|1776138842
|switch|p1a: Bird Trap|Magnezone|100/100
|-damage|p1a: Bird Trap|94/100|[from] Stealth Rock
|-damage|p1a: Bird Trap|82/100|[from] Spikes
|-terastallize|p2a: Iron Valiant|Electric
|move|p2a: Iron Valiant|Thunderbolt|p1a: Bird Trap
|-resisted|p1a: Bird Trap
|-damage|p1a: Bird Trap|52/100
|
|upkeep
|turn|12
|
|t:|1776138850
|move|p2a: Iron Valiant|Calm Mind|p2a: Iron Valiant
|-boost|p2a: Iron Valiant|spa|1
|-boost|p2a: Iron Valiant|spd|1
|move|p1a: Bird Trap|Volt Switch|p2a: Iron Valiant
|-resisted|p2a: Iron Valiant
|-damage|p2a: Iron Valiant|67/100
|
|t:|1776138851
|switch|p1a: Flytrap|Venusaur, M|58/100|[from] Volt Switch
|-damage|p1a: Flytrap|45/100|[from] Stealth Rock
|-damage|p1a: Flytrap|33/100|[from] Spikes
|
|-heal|p1a: Flytrap|39/100|[from] item: Leftovers
|upkeep
|turn|13
|
|t:|1776138861
|move|p2a: Iron Valiant|Shadow Ball|p1a: Flytrap
|-damage|p1a: Flytrap|11/100
|move|p1a: Flytrap|Acid Spray|p2a: Iron Valiant
|-damage|p2a: Iron Valiant|50/100
|-unboost|p2a: Iron Valiant|spd|2
|
|-heal|p1a: Flytrap|17/100|[from] item: Leftovers
|upkeep
|turn|14
|
|t:|1776138870
|move|p2a: Iron Valiant|Shadow Ball|p1a: Flytrap
|-damage|p1a: Flytrap|0 fnt
|faint|p1a: Flytrap
|
|upkeep
|
|t:|1776138879
|switch|p1a: Iron Crown|Iron Crown|100/100
|-damage|p1a: Iron Crown|94/100|[from] Stealth Rock
|-damage|p1a: Iron Crown|82/100|[from] Spikes
|-enditem|p1a: Iron Crown|Booster Energy
|-activate|p1a: Iron Crown|ability: Quark Drive|[fromitem]
|-start|p1a: Iron Crown|quarkdrivespe
|turn|15
|
|t:|1776138885
|-terastallize|p1a: Iron Crown|Steel
|move|p2a: Iron Valiant|Moonblast|p1a: Iron Crown
|-resisted|p1a: Iron Crown
|-damage|p1a: Iron Crown|47/100
|-unboost|p1a: Iron Crown|spa|1
|move|p1a: Iron Crown|Tachyon Cutter|p2a: Iron Valiant
|-resisted|p2a: Iron Valiant
|-damage|p2a: Iron Valiant|21/100
|-resisted|p2a: Iron Valiant
|-damage|p2a: Iron Valiant|0 fnt
|faint|p2a: Iron Valiant
|-end|p2a: Iron Valiant|Quark Drive|[silent]
|-hitcount|p2: Iron Valiant|2
|
|upkeep
|
|t:|1776138899
|switch|p2a: Kingambit|Kingambit, F|100/100
|-activate|p2a: Kingambit|ability: Supreme Overlord
|-start|p2a: Kingambit|fallen3|[silent]
|turn|16
|
|t:|1776138907
|move|p1a: Iron Crown|Focus Blast|p2a: Kingambit
|-supereffective|p2a: Kingambit
|-damage|p2a: Kingambit|0 fnt
|faint|p2a: Kingambit
|-end|p2a: Kingambit|fallen3|[silent]
|
|upkeep
|-message|cataclyst03 forfeited.
|
|win|DonovanIsNotHere
|raw|DonovanIsNotHere's rating: 1418 &rarr; <strong>1440</strong><br />(+22 for winning)
|raw|cataclyst03's rating: 1453 &rarr; <strong>1431</strong><br />(-22 for losing)
|l|☆cataclyst03
|player|p2|
