|html|<div class="broadcast-blue"><strong>[Gen 9] OU is currently suspecting Tera Blast! For information on how to participate check out the <a href="https://www.smogon.com/tools/suspects/view/200">suspect thread</a>.</strong></div>
|j|☆OP Earthquakes
|j|☆vafafaf
|t:|1776212121
|gametype|singles
|player|p1|OP Earthquakes|giovanni-masters|1740
|player|p2|vafafaf|1|1693
|gen|9
|tier|[Gen 9] OU
|rated|
|rule|HP Percentage Mod: HP is shown in percentages
|rule|Endless Battle Clause: Forcing endless battles is banned
|rule|Species Clause: Limit one of each Pokémon
|rule|OHKO Clause: OHKO moves are banned
|rule|Evasion Items Clause: Evasion items are banned
|rule|Evasion Moves Clause: Evasion moves are banned
|rule|Evasion Abilities Clause: Evasion abilities are banned
|rule|Sleep Moves Clause: Sleep-inducing moves are banned
|clearpoke
|poke|p1|Excadrill, M|
|poke|p1|Tyranitar, F|
|poke|p1|Kyurem|
|poke|p1|Hawlucha, M|
|poke|p1|Pawmot, M|
|poke|p1|Grimmsnarl, M|
|poke|p2|Tyranitar, F|
|poke|p2|Excadrill, M|
|poke|p2|Deoxys-Speed|
|poke|p2|Indeedee, M|
|poke|p2|Ogerpon-Cornerstone, F|
|poke|p2|Moltres|
|teampreview
|inactive|Battle timer is ON: inactive players will automatically lose when time's up. (requested by OP Earthquakes)
|j| ohko_smeargle
|
|t:|1776212140
|teamsize|p1|6
|teamsize|p2|6
|start
|switch|p1a: Grimmsnarl|Grimmsnarl, M|100/100
|switch|p2a: Excadrill|Excadrill, M|100/100
|turn|1
|
|t:|1776212143
|-terastallize|p1a: Grimmsnarl|Fighting
|move|p2a: Excadrill|Iron Head|p1a: Grimmsnarl
|-damage|p1a: Grimmsnarl|22/100
|-damage|p2a: Excadrill|91/100|[from] item: Life Orb
|move|p1a: Grimmsnarl|Drain Punch|p2a: Excadrill
|-supereffective|p2a: Excadrill
|-damage|p2a: Excadrill|0 fnt
|-heal|p1a: Grimmsnarl|71/100|[from] drain|[of] p2a: Excadrill
|faint|p2a: Excadrill
|
|upkeep
|inactive|vafafaf has 120 seconds left.
|
|t:|1776212176
|switch|p2a: Deoxys|Deoxys-Speed|100/100
|-ability|p2a: Deoxys|Pressure
|turn|2
|
|t:|1776212186
|switch|p1a: The sandstorm|Tyranitar, F, shiny|100/100
|-weather|Sandstorm|[from] ability: Sand Stream|[of] p1a: The sandstorm
|move|p2a: Deoxys|Nasty Plot|p2a: Deoxys
|-boost|p2a: Deoxys|spa|2
|
|-weather|Sandstorm|[upkeep]
|-damage|p2a: Deoxys|94/100|[from] Sandstorm
|upkeep
|turn|3
|
|t:|1776212193
|switch|p1a: Itachi|Hawlucha, M, shiny|100/100
|-ability|p1a: Itachi|Mold Breaker
|-terastallize|p2a: Deoxys|Fighting
|move|p2a: Deoxys|Tera Blast|p1a: Itachi|[anim] Tera Blast Fighting
|-resisted|p1a: Itachi
|-damage|p1a: Itachi|16/100
|-enditem|p1a: Itachi|Red Card|[of] p2a: Deoxys
|drag|p2a: Ogerpon|Ogerpon-Cornerstone, F|100/100
|
|-weather|Sandstorm|[upkeep]
|-damage|p1a: Itachi|10/100|[from] Sandstorm
|upkeep
|turn|4
|
|t:|1776212215
|switch|p2a: Moltres|Moltres|100/100
|move|p1a: Itachi|Brave Bird|p2a: Moltres
|-crit|p2a: Moltres
|-damage|p2a: Moltres|50/100
|-damage|p1a: Itachi|0 fnt|[from] Recoil
|faint|p1a: Itachi
|
|-weather|Sandstorm|[upkeep]
|-damage|p2a: Moltres|43/100|[from] Sandstorm
|upkeep
|
|t:|1776212220
|switch|p1a: Frieza|Kyurem, shiny|100/100
|-ability|p1a: Frieza|Pressure
|turn|5
|
|t:|1776212228
|switch|p2a: Tyranitar|Tyranitar, F|100/100
|move|p1a: Frieza|Freeze-Dry|p2a: Tyranitar
|-damage|p2a: Tyranitar|79/100
|
|-weather|Sandstorm|[upkeep]
|-damage|p1a: Frieza|94/100|[from] Sandstorm
|upkeep
|turn|6
|inactive|vafafaf has 120 seconds left.
|
|t:|1776212277
|move|p1a: Frieza|Earth Power|p2a: Tyranitar
|-supereffective|p2a: Tyranitar
|-damage|p2a: Tyranitar|37/100
|move|p2a: Tyranitar|Knock Off|p1a: Frieza
|-damage|p1a: Frieza|50/100
|-enditem|p1a: Frieza|Expert Belt|[from] move: Knock Off|[of] p2a: Tyranitar
|
|-weather|Sandstorm|[upkeep]
|-damage|p1a: Frieza|43/100|[from] Sandstorm
|upkeep
|turn|7
|
|t:|1776212290
|move|p1a: Frieza|Earth Power|p2a: Tyranitar
|-supereffective|p2a: Tyranitar
|-crit|p2a: Tyranitar
|-damage|p2a: Tyranitar|0 fnt
|faint|p2a: Tyranitar
|
|-weather|Sandstorm|[upkeep]
|-damage|p1a: Frieza|37/100|[from] Sandstorm
|upkeep
|
|t:|1776212301
|switch|p2a: Ogerpon|Ogerpon-Cornerstone, F|100/100
|turn|8
|
|t:|1776212306
|switch|p1a: Grimmsnarl|Grimmsnarl, M, tera:Fighting|71/100
|move|p2a: Ogerpon|Ivy Cudgel|p1a: Grimmsnarl|[anim] Ivy Cudgel Rock
|-resisted|p1a: Grimmsnarl
|-damage|p1a: Grimmsnarl|32/100
|
|-weather|Sandstorm|[upkeep]
|-damage|p1a: Grimmsnarl|26/100|[from] Sandstorm
|upkeep
|turn|9
|
|t:|1776212312
|move|p1a: Grimmsnarl|Thunder Wave|p2a: Ogerpon
|-status|p2a: Ogerpon|par
|cant|p2a: Ogerpon|par
|
|-weather|none
|upkeep
|turn|10
|
|t:|1776212318
|switch|p2a: Moltres|Moltres|43/100
|move|p1a: Grimmsnarl|Drain Punch|p2a: Moltres
|-resisted|p2a: Moltres
|-damage|p2a: Moltres|29/100
|-heal|p1a: Grimmsnarl|34/100|[from] drain|[of] p2a: Moltres
|-status|p1a: Grimmsnarl|brn|[from] ability: Flame Body|[of] p2a: Moltres
|
|-damage|p1a: Grimmsnarl|28/100 brn|[from] brn
|upkeep
|turn|11
|inactive|vafafaf has 120 seconds left.
|
|t:|1776212327
|move|p1a: Grimmsnarl|Light Screen|p1a: Grimmsnarl
|-sidestart|p1: OP Earthquakes|move: Light Screen
|move|p2a: Moltres|U-turn|p1a: Grimmsnarl
|-resisted|p1a: Grimmsnarl
|-damage|p1a: Grimmsnarl|18/100 brn
|
|t:|1776212331
|switch|p2a: Ogerpon|Ogerpon-Cornerstone, F|100/100 par|[from] U-turn
|
|-damage|p1a: Grimmsnarl|12/100 brn|[from] brn
|upkeep
|turn|12
|
|t:|1776212335
|switch|p2a: Moltres|Moltres|29/100
|move|p1a: Grimmsnarl|Drain Punch|p2a: Moltres
|-resisted|p2a: Moltres
|-damage|p2a: Moltres|23/100
|-heal|p1a: Grimmsnarl|16/100 brn|[from] drain|[of] p2a: Moltres
|
|-damage|p1a: Grimmsnarl|10/100 brn|[from] brn
|upkeep
|turn|13
|
|t:|1776212339
|move|p1a: Grimmsnarl|Reflect|p1a: Grimmsnarl
|-sidestart|p1: OP Earthquakes|Reflect
|move|p2a: Moltres|Roost|p2a: Moltres
|-heal|p2a: Moltres|73/100
|-singleturn|p2a: Moltres|move: Roost
|
|-damage|p1a: Grimmsnarl|4/100 brn|[from] brn
|upkeep
|turn|14
|
|t:|1776212348
|switch|p1a: Frieza|Kyurem, shiny|37/100
|-ability|p1a: Frieza|Pressure
|move|p2a: Moltres|Roar|p1a: Frieza
|drag|p1a: The sandstorm|Tyranitar, F, shiny|100/100
|-weather|Sandstorm|[from] ability: Sand Stream|[of] p1a: The sandstorm
|
|-weather|Sandstorm|[upkeep]
|-damage|p2a: Moltres|67/100|[from] Sandstorm
|upkeep
|turn|15
|
|t:|1776212362
|move|p2a: Moltres|U-turn|p1a: The sandstorm
|-supereffective|p1a: The sandstorm
|-damage|p1a: The sandstorm|91/100
|
|t:|1776212379
|switch|p2a: Indeedee|Indeedee, M|100/100|[from] U-turn
|-fieldstart|move: Psychic Terrain|[from] ability: Psychic Surge|[of] p2a: Indeedee
|move|p1a: The sandstorm|Stealth Rock|p2a: Indeedee
|-sidestart|p2: vafafaf|move: Stealth Rock
|
|-weather|Sandstorm|[upkeep]
|-damage|p2a: Indeedee|94/100|[from] Sandstorm
|upkeep
|turn|16
|j| Jgfgjtsdcjhd
|
|t:|1776212387
|switch|p1a: OP|Excadrill, M|100/100
|move|p2a: Indeedee|Encore||[still]
|-fail|p2a: Indeedee
|
|-weather|Sandstorm|[upkeep]
|-damage|p2a: Indeedee|88/100|[from] Sandstorm
|upkeep
|turn|17
|
|t:|1776212408
|switch|p1a: Frieza|Kyurem, shiny|37/100
|-ability|p1a: Frieza|Pressure
|switch|p2a: Moltres|Moltres|67/100
|
|-weather|Sandstorm|[upkeep]
|-damage|p1a: Frieza|31/100|[from] Sandstorm
|-damage|p2a: Moltres|60/100|[from] Sandstorm
|upkeep
|turn|18
|
|t:|1776212422
|move|p1a: Frieza|Freeze-Dry|p2a: Moltres
|-damage|p2a: Moltres|23/100
|-status|p2a: Moltres|frz
|cant|p2a: Moltres|frz
|
|-weather|Sandstorm|[upkeep]
|-damage|p1a: Frieza|25/100|[from] Sandstorm
|-damage|p2a: Moltres|17/100 frz|[from] Sandstorm
|-sideend|p1: OP Earthquakes|move: Light Screen
|upkeep
|turn|19
|-message|vafafaf forfeited.
|
|win|OP Earthquakes
|raw|OP Earthquakes's rating: 1740 &rarr; <strong>1757</strong><br />(+17 for winning)
|raw|vafafaf's rating: 1693 &rarr; <strong>1676</strong><br />(-17 for losing)
|l|☆vafafaf
|player|p2|
|l| ohko_smeargle
