|html|<div class="broadcast-blue"><strong>[Gen 9] OU is currently suspecting Tera Blast! For information on how to participate check out the <a href="https://www.smogon.com/tools/suspects/view/200">suspect thread</a>.</strong></div>
|j|☆ir0nv4l14nt
|j|☆grotn2
|t:|1776071562
|gametype|singles
|player|p1|ir0nv4l14nt|ethan|1442
|player|p2|grotn2|smasher|1462
|gen|9
|tier|[Gen 9] OU
|rated|
|rule|HP Percentage Mod: HP is shown in percentages
|rule|Endless Battle Clause: Forcing endless battles is banned
|rule|Species Clause: Limit one of each Pokémon
|rule|OHKO Clause: OHKO moves are banned
|rule|Evasion Items Clause: Evasion items are banned
|rule|Evasion Moves Clause: Evasion moves are banned
|rule|Evasion Abilities Clause: Evasion abilities are banned
|rule|Sleep Moves Clause: Sleep-inducing moves are banned
|clearpoke
|poke|p1|Tornadus-Therian, M|
|poke|p1|Kleavor, M|
|poke|p1|Great Tusk|
|poke|p1|Dragapult, F|
|poke|p1|Kingambit, M|
|poke|p1|Iron Moth|
|poke|p2|Hydrapple, M|
|poke|p2|Tyranitar, F|
|poke|p2|Moltres|
|poke|p2|Zamazenta-*|
|poke|p2|Slowking-Galar, M|
|poke|p2|Excadrill, F|
|teampreview
|inactive|Battle timer is ON: inactive players will automatically lose when time's up. (requested by grotn2)
|inactive|ir0nv4l14nt also wants the timer to be on.
|
|t:|1776071577
|teamsize|p1|6
|teamsize|p2|6
|start
|switch|p1a: Kleavor|Kleavor, M|100/100
|switch|p2a: Excadrill|Excadrill, F|100/100
|-item|p2a: Excadrill|Air Balloon
|turn|1
|
|t:|1776071589
|switch|p1a: Great Tusk|Great Tusk|100/100
|-enditem|p1a: Great Tusk|Booster Energy
|-activate|p1a: Great Tusk|ability: Protosynthesis|[fromitem]
|-start|p1a: Great Tusk|protosynthesisatk
|move|p2a: Excadrill|Iron Head|p1a: Great Tusk
|-damage|p1a: Great Tusk|74/100
|
|upkeep
|turn|2
|
|t:|1776071598
|switch|p2a: Moltres|Moltres|100/100
|move|p1a: Great Tusk|Rapid Spin|p2a: Moltres
|-damage|p2a: Moltres|87/100
|-boost|p1a: Great Tusk|spe|1
|
|upkeep
|turn|3
|
|t:|1776071604
|-end|p1a: Great Tusk|Protosynthesis|[silent]
|switch|p1a: Iron Moth|Iron Moth|100/100
|-enditem|p1a: Iron Moth|Booster Energy
|-activate|p1a: Iron Moth|ability: Quark Drive|[fromitem]
|-start|p1a: Iron Moth|quarkdrivespe
|move|p2a: Moltres|Flamethrower|p1a: Iron Moth
|-resisted|p1a: Iron Moth
|-damage|p1a: Iron Moth|83/100
|
|upkeep
|turn|4
|
|t:|1776071611
|switch|p2a: Slowking|Slowking-Galar, M|100/100
|move|p1a: Iron Moth|Fiery Dance|p2a: Slowking
|-damage|p2a: Slowking|77/100
|-boost|p1a: Iron Moth|spa|1
|
|upkeep
|turn|5
|
|t:|1776071618
|move|p1a: Iron Moth|Fiery Dance|p2a: Slowking
|-damage|p2a: Slowking|44/100
|-boost|p1a: Iron Moth|spa|1
|move|p2a: Slowking|Psyshock|p1a: Iron Moth
|-supereffective|p1a: Iron Moth
|-damage|p1a: Iron Moth|0 fnt
|faint|p1a: Iron Moth
|-end|p1a: Iron Moth|Quark Drive|[silent]
|
|upkeep
|
|t:|1776071625
|switch|p1a: Kleavor|Kleavor, M|100/100
|turn|6
|
|t:|1776071628
|switch|p2a: Hydrapple|Hydrapple, M|100/100
|move|p1a: Kleavor|Stone Axe|p2a: Hydrapple
|-damage|p2a: Hydrapple|67/100
|-sidestart|p2: grotn2|move: Stealth Rock
|
|upkeep
|turn|7
|
|t:|1776071635
|-terastallize|p2a: Hydrapple|Poison
|move|p1a: Kleavor|X-Scissor|p2a: Hydrapple
|-resisted|p2a: Hydrapple
|-damage|p2a: Hydrapple|47/100
|move|p2a: Hydrapple|Fickle Beam|p1a: Kleavor
|-damage|p1a: Kleavor|40/100
|
|upkeep
|turn|8
|
|t:|1776071649
|switch|p1a: Kingambit|Kingambit, M|100/100
|-activate|p1a: Kingambit|ability: Supreme Overlord
|-start|p1a: Kingambit|fallen1|[silent]
|move|p2a: Hydrapple|Fickle Beam|p1a: Kingambit|[anim] Fickle Beam All Out
|-activate|p2a: Hydrapple|move: Fickle Beam
|-resisted|p1a: Kingambit
|-damage|p1a: Kingambit|70/100
|
|upkeep
|turn|9
|
|t:|1776071659
|switch|p2a: Moltres|Moltres|87/100
|move|p1a: Kingambit|Swords Dance|p1a: Kingambit
|-boost|p1a: Kingambit|atk|2
|
|upkeep
|turn|10
|
|t:|1776071673
|move|p2a: Moltres|Roost|p2a: Moltres
|-heal|p2a: Moltres|100/100
|-singleturn|p2a: Moltres|move: Roost
|move|p1a: Kingambit|Kowtow Cleave|p2a: Moltres
|-damage|p2a: Moltres|8/100
|-damage|p1a: Kingambit|60/100|[from] item: Life Orb
|
|upkeep
|turn|11
|
|t:|1776071682
|move|p1a: Kingambit|Sucker Punch||[still]
|-fail|p1a: Kingambit
|move|p2a: Moltres|Roost|p2a: Moltres
|-heal|p2a: Moltres|58/100
|-singleturn|p2a: Moltres|move: Roost
|
|upkeep
|turn|12
|
|t:|1776071692
|switch|p2a: Zamazenta|Zamazenta|100/100
|-damage|p2a: Zamazenta|94/100|[from] Stealth Rock
|-ability|p2a: Zamazenta|Dauntless Shield|boost
|-boost|p2a: Zamazenta|def|1
|move|p1a: Kingambit|Sucker Punch||[still]
|-fail|p1a: Kingambit
|
|-heal|p2a: Zamazenta|100/100|[from] item: Leftovers
|upkeep
|turn|13
|
|t:|1776071704
|-end|p1a: Kingambit|fallen1|[silent]
|switch|p1a: Tornadus|Tornadus-Therian, M|100/100
|move|p2a: Zamazenta|Body Press|p1a: Tornadus
|-resisted|p1a: Tornadus
|-damage|p1a: Tornadus|58/100
|
|upkeep
|turn|14
|
|t:|1776071709
|switch|p2a: Tyranitar|Tyranitar, F|100/100
|-damage|p2a: Tyranitar|88/100|[from] Stealth Rock
|-weather|Sandstorm|[from] ability: Sand Stream|[of] p2a: Tyranitar
|move|p1a: Tornadus|Bleakwind Storm|p2a: Tyranitar
|-resisted|p2a: Tyranitar
|-damage|p2a: Tyranitar|78/100
|
|-weather|Sandstorm|[upkeep]
|-damage|p1a: Tornadus|52/100|[from] Sandstorm
|upkeep
|turn|15
|
|t:|1776071725
|switch|p1a: Kleavor|Kleavor, M|40/100
|move|p2a: Tyranitar|Stealth Rock|p1a: Kleavor
|-sidestart|p1: ir0nv4l14nt|move: Stealth Rock
|
|-weather|Sandstorm|[upkeep]
|upkeep
|turn|16
|
|t:|1776071731
|switch|p2a: Hydrapple|Hydrapple, M, tera:Poison|80/100
|move|p1a: Kleavor|X-Scissor|p2a: Hydrapple
|-resisted|p2a: Hydrapple
|-crit|p2a: Hydrapple
|-damage|p2a: Hydrapple|53/100
|
|-weather|Sandstorm|[upkeep]
|-damage|p2a: Hydrapple|47/100|[from] Sandstorm
|upkeep
|turn|17
|
|t:|1776071738
|move|p1a: Kleavor|Stone Axe|p2a: Hydrapple
|-damage|p2a: Hydrapple|13/100
|move|p2a: Hydrapple|Fickle Beam|p1a: Kleavor
|-damage|p1a: Kleavor|3/100
|
|-weather|Sandstorm|[upkeep]
|-damage|p2a: Hydrapple|7/100|[from] Sandstorm
|upkeep
|turn|18
|
|t:|1776071743
|move|p1a: Kleavor|X-Scissor|p2a: Hydrapple
|-resisted|p2a: Hydrapple
|-damage|p2a: Hydrapple|0 fnt
|faint|p2a: Hydrapple
|
|-weather|Sandstorm|[upkeep]
|upkeep
|
|t:|1776071746
|switch|p2a: Excadrill|Excadrill, F|100/100
|-damage|p2a: Excadrill|97/100|[from] Stealth Rock
|-item|p2a: Excadrill|Air Balloon
|turn|19
|
|t:|1776071750
|switch|p1a: Dragapult|Dragapult, F|100/100
|-damage|p1a: Dragapult|88/100|[from] Stealth Rock
|move|p2a: Excadrill|Iron Head|p1a: Dragapult
|-damage|p1a: Dragapult|26/100
|
|-weather|Sandstorm|[upkeep]
|-damage|p1a: Dragapult|20/100|[from] Sandstorm
|upkeep
|turn|20
|
|t:|1776071767
|move|p2a: Excadrill|Earthquake|p1a: Dragapult
|-damage|p1a: Dragapult|0 fnt
|faint|p1a: Dragapult
|
|-weather|Sandstorm|[upkeep]
|upkeep
|
|t:|1776071769
|switch|p1a: Great Tusk|Great Tusk|74/100
|-damage|p1a: Great Tusk|71/100|[from] Stealth Rock
|turn|21
|
|t:|1776071778
|switch|p2a: Moltres|Moltres|58/100
|move|p1a: Great Tusk|Rapid Spin|p2a: Moltres
|-damage|p2a: Moltres|46/100
|-boost|p1a: Great Tusk|spe|1
|-sideend|p1: ir0nv4l14nt|Stealth Rock|[from] move: Rapid Spin|[of] p1a: Great Tusk
|
|-weather|none
|upkeep
|turn|22
|
|t:|1776071801
|-end|p1a: Great Tusk|Protosynthesis|[silent]
|switch|p1a: Kingambit|Kingambit, M|60/100
|-activate|p1a: Kingambit|ability: Supreme Overlord
|-start|p1a: Kingambit|fallen2|[silent]
|move|p2a: Moltres|Roost|p2a: Moltres
|-heal|p2a: Moltres|97/100
|-singleturn|p2a: Moltres|move: Roost
|
|upkeep
|turn|23
|
|t:|1776071808
|move|p2a: Moltres|Flamethrower|p1a: Kingambit
|-supereffective|p1a: Kingambit
|-damage|p1a: Kingambit|0 fnt
|faint|p1a: Kingambit
|-end|p1a: Kingambit|fallen2|[silent]
|
|upkeep
|
|t:|1776071811
|switch|p1a: Kleavor|Kleavor, M|3/100
|turn|24
|
|t:|1776071822
|switch|p2a: Tyranitar|Tyranitar, F|78/100
|-damage|p2a: Tyranitar|66/100|[from] Stealth Rock
|-weather|Sandstorm|[from] ability: Sand Stream|[of] p2a: Tyranitar
|move|p1a: Kleavor|Stone Axe|p2a: Tyranitar|[miss]
|-miss|p1a: Kleavor|p2a: Tyranitar
|
|-weather|Sandstorm|[upkeep]
|upkeep
|turn|25
|
|t:|1776071828
|move|p1a: Kleavor|X-Scissor|p2a: Tyranitar
|-supereffective|p2a: Tyranitar
|-damage|p2a: Tyranitar|0 fnt
|faint|p2a: Tyranitar
|
|-weather|Sandstorm|[upkeep]
|upkeep
|
|t:|1776071830
|switch|p2a: Excadrill|Excadrill, F|97/100
|-damage|p2a: Excadrill|94/100|[from] Stealth Rock
|-item|p2a: Excadrill|Air Balloon
|turn|26
|
|t:|1776071844
|switch|p1a: Great Tusk|Great Tusk|71/100
|move|p2a: Excadrill|Rapid Spin|p1a: Great Tusk
|-damage|p1a: Great Tusk|59/100
|-boost|p2a: Excadrill|spe|1
|-sideend|p2: grotn2|Stealth Rock|[from] move: Rapid Spin|[of] p2a: Excadrill
|
|-weather|Sandstorm|[upkeep]
|upkeep
|turn|27
|
|t:|1776071857
|switch|p2a: Moltres|Moltres|97/100
|move|p1a: Great Tusk|Rapid Spin|p2a: Moltres
|-damage|p2a: Moltres|85/100
|-boost|p1a: Great Tusk|spe|1
|
|-weather|Sandstorm|[upkeep]
|-damage|p2a: Moltres|79/100|[from] Sandstorm
|upkeep
|turn|28
|
|t:|1776071863
|-end|p1a: Great Tusk|Protosynthesis|[silent]
|switch|p1a: Tornadus|Tornadus-Therian, M|85/100
|move|p2a: Moltres|U-turn|p1a: Tornadus
|-resisted|p1a: Tornadus
|-damage|p1a: Tornadus|75/100
|
|t:|1776071866
|switch|p2a: Excadrill|Excadrill, F|94/100|[from] U-turn
|-item|p2a: Excadrill|Air Balloon
|
|-weather|Sandstorm|[upkeep]
|-damage|p1a: Tornadus|69/100|[from] Sandstorm
|upkeep
|turn|29
|
|t:|1776071869
|move|p2a: Excadrill|Iron Head|p1a: Tornadus
|-crit|p1a: Tornadus
|-damage|p1a: Tornadus|0 fnt
|faint|p1a: Tornadus
|
|-weather|Sandstorm|[upkeep]
|upkeep
|
|t:|1776071872
|switch|p1a: Great Tusk|Great Tusk|59/100
|turn|30
|
|t:|1776071878
|switch|p2a: Moltres|Moltres|79/100
|move|p1a: Great Tusk|Rapid Spin|p2a: Moltres
|-damage|p2a: Moltres|68/100
|-boost|p1a: Great Tusk|spe|1
|
|-weather|Sandstorm|[upkeep]
|-damage|p2a: Moltres|62/100|[from] Sandstorm
|upkeep
|turn|31
|
|t:|1776071882
|move|p1a: Great Tusk|Knock Off|p2a: Moltres
|-crit|p2a: Moltres
|-damage|p2a: Moltres|32/100
|-enditem|p2a: Moltres|Heavy-Duty Boots|[from] move: Knock Off|[of] p1a: Great Tusk
|move|p2a: Moltres|Flamethrower|p1a: Great Tusk
|-damage|p1a: Great Tusk|11/100
|
|-weather|none
|upkeep
|turn|32
|
|t:|1776071894
|move|p1a: Great Tusk|Knock Off|p2a: Moltres
|-damage|p2a: Moltres|18/100
|move|p2a: Moltres|Flamethrower|p1a: Great Tusk
|-damage|p1a: Great Tusk|0 fnt
|faint|p1a: Great Tusk
|-end|p1a: Great Tusk|Protosynthesis|[silent]
|
|upkeep
|
|t:|1776071897
|switch|p1a: Kleavor|Kleavor, M|3/100
|turn|33
|
|t:|1776071901
|move|p1a: Kleavor|Stone Axe|p2a: Moltres
|-supereffective|p2a: Moltres
|-damage|p2a: Moltres|0 fnt
|-status|p1a: Kleavor|brn|[from] ability: Flame Body|[of] p2a: Moltres
|-sidestart|p2: grotn2|move: Stealth Rock
|faint|p2a: Moltres
|
|-damage|p1a: Kleavor|0 fnt|[from] brn
|faint|p1a: Kleavor
|
|win|grotn2
|raw|ir0nv4l14nt's rating: 1442 &rarr; <strong>1423</strong><br />(-19 for losing)
|raw|grotn2's rating: 1462 &rarr; <strong>1481</strong><br />(+19 for winning)
|c|☆grotn2|Gg
|c|☆ir0nv4l14nt|GG
