|html|<div class="broadcast-blue"><strong>[Gen 9] OU is currently suspecting Tera Blast! For information on how to participate check out the <a href="https://www.smogon.com/tools/suspects/view/200">suspect thread</a>.</strong></div>
|j|‽unauthorized user
|j|☆Lumaxi
|t:|1776057125
|gametype|singles
|player|p1|unauthorized user|102|1147
|player|p2|Lumaxi|ghetsis-gen5bw|1184
|gen|9
|tier|[Gen 9] OU
|rated|
|rule|HP Percentage Mod: HP is shown in percentages
|rule|Endless Battle Clause: Forcing endless battles is banned
|rule|Species Clause: Limit one of each Pokémon
|rule|OHKO Clause: OHKO moves are banned
|rule|Evasion Items Clause: Evasion items are banned
|rule|Evasion Moves Clause: Evasion moves are banned
|rule|Evasion Abilities Clause: Evasion abilities are banned
|rule|Sleep Moves Clause: Sleep-inducing moves are banned
|clearpoke
|poke|p1|Meowscarada, M|
|poke|p1|Pecharunt|
|poke|p1|Enamorus, F|
|poke|p1|Iron Treads|
|poke|p1|Skarmory, F|
|poke|p1|Slowking, M|
|poke|p2|Garchomp, F|
|poke|p2|Iron Valiant|
|poke|p2|Zapdos|
|poke|p2|Meowscarada, F|
|poke|p2|Greninja-*, M|
|poke|p2|Gengar, F|
|teampreview
|
|t:|1776057162
|teamsize|p1|6
|teamsize|p2|6
|start
|switch|p1a: Skarmory|Skarmory, F|100/100
|switch|p2a: Gengar|Gengar, F|100/100
|turn|1
|
|t:|1776057198
|switch|p2a: Zapdos|Zapdos|100/100
|move|p1a: Skarmory|Spikes|p2a: Zapdos
|-sidestart|p2: Lumaxi|Spikes
|
|upkeep
|turn|2
|
|t:|1776057224
|switch|p1a: Iron Treads|Iron Treads|100/100
|move|p2a: Zapdos|Thunderbolt|p1a: Iron Treads
|-immune|p1a: Iron Treads
|
|upkeep
|turn|3
|
|t:|1776057240
|move|p2a: Zapdos|Heat Wave|p1a: Iron Treads
|-supereffective|p1a: Iron Treads
|-damage|p1a: Iron Treads|51/100
|-status|p1a: Iron Treads|brn
|move|p1a: Iron Treads|Stealth Rock|p2a: Zapdos
|-sidestart|p2: Lumaxi|move: Stealth Rock
|
|-heal|p1a: Iron Treads|57/100 brn|[from] item: Leftovers
|-damage|p1a: Iron Treads|51/100 brn|[from] brn
|upkeep
|turn|4
|
|t:|1776057275
|move|p2a: Zapdos|Heat Wave|p1a: Iron Treads
|-supereffective|p1a: Iron Treads
|-damage|p1a: Iron Treads|2/100 brn
|move|p1a: Iron Treads|Knock Off|p2a: Zapdos
|-crit|p2a: Zapdos
|-damage|p2a: Zapdos|79/100
|-enditem|p2a: Zapdos|Heavy-Duty Boots|[from] move: Knock Off|[of] p1a: Iron Treads
|
|-heal|p1a: Iron Treads|8/100 brn|[from] item: Leftovers
|-damage|p1a: Iron Treads|2/100 brn|[from] brn
|upkeep
|turn|5
|
|t:|1776057283
|-end|p1a: Iron Treads|Quark Drive|[silent]
|switch|p1a: Pecharunt|Pecharunt|100/100
|move|p2a: Zapdos|Heat Wave|p1a: Pecharunt
|-damage|p1a: Pecharunt|69/100
|
|upkeep
|turn|6
|
|t:|1776057305
|move|p2a: Zapdos|Thunderbolt|p1a: Pecharunt
|-damage|p1a: Pecharunt|20/100
|move|p1a: Pecharunt|Parting Shot|p2a: Zapdos
|-unboost|p2a: Zapdos|atk|1
|-unboost|p2a: Zapdos|spa|1
|
|t:|1776057312
|switch|p1a: Meowscarada|Meowscarada, M|100/100|[from] Parting Shot
|
|upkeep
|turn|7
|
|t:|1776057322
|move|p1a: Meowscarada|Triple Axel|p2a: Zapdos
|-start|p1a: Meowscarada|typechange|Ice|[from] ability: Protean
|-supereffective|p2a: Zapdos
|-damage|p2a: Zapdos|43/100
|-status|p1a: Meowscarada|par|[from] ability: Static|[of] p2a: Zapdos
|-supereffective|p2a: Zapdos
|-damage|p2a: Zapdos|0 fnt
|faint|p2a: Zapdos
|-hitcount|p2: Zapdos|2
|
|upkeep
|
|t:|1776057345
|switch|p2a: Iron Valiant|Iron Valiant|100/100
|-damage|p2a: Iron Valiant|88/100|[from] Spikes
|-damage|p2a: Iron Valiant|82/100|[from] Stealth Rock
|turn|8
|
|t:|1776057361
|switch|p1a: Pecharunt|Pecharunt|20/100
|move|p2a: Iron Valiant|Aura Sphere|p1a: Pecharunt
|-immune|p1a: Pecharunt
|
|upkeep
|turn|9
|
|t:|1776057388
|move|p2a: Iron Valiant|Psychic|p1a: Pecharunt
|-supereffective|p1a: Pecharunt
|-damage|p1a: Pecharunt|0 fnt
|faint|p1a: Pecharunt
|
|upkeep
|
|t:|1776057406
|switch|p1a: Enamorus|Enamorus, F|100/100
|turn|10
|
|t:|1776057423
|-terastallize|p1a: Enamorus|Fairy
|move|p1a: Enamorus|Moonblast|p2a: Iron Valiant
|-supereffective|p2a: Iron Valiant
|-damage|p2a: Iron Valiant|0 fnt
|faint|p2a: Iron Valiant
|-end|p2a: Iron Valiant|Quark Drive|[silent]
|
|upkeep
|
|t:|1776057428
|switch|p2a: Gengar|Gengar, F|100/100
|-damage|p2a: Gengar|88/100|[from] Spikes
|-damage|p2a: Gengar|76/100|[from] Stealth Rock
|turn|11
|
|t:|1776057442
|switch|p1a: Iron Treads|Iron Treads|2/100 brn
|move|p2a: Gengar|Sludge Wave|p1a: Iron Treads
|-immune|p1a: Iron Treads
|
|-heal|p1a: Iron Treads|8/100 brn|[from] item: Leftovers
|-damage|p1a: Iron Treads|2/100 brn|[from] brn
|upkeep
|turn|12
|
|t:|1776057459
|move|p2a: Gengar|Shadow Ball|p1a: Iron Treads
|-damage|p1a: Iron Treads|0 fnt
|faint|p1a: Iron Treads
|-end|p1a: Iron Treads|Quark Drive|[silent]
|
|upkeep
|
|t:|1776057477
|switch|p1a: Slowking|Slowking, M|100/100
|turn|13
|
|t:|1776057492
|move|p2a: Gengar|Shadow Ball|p1a: Slowking
|-supereffective|p1a: Slowking
|-damage|p1a: Slowking|61/100
|move|p1a: Slowking|Psyshock|p2a: Gengar
|-supereffective|p2a: Gengar
|-damage|p2a: Gengar|0 fnt
|-start|p1a: Slowking|Disable|Psyshock|[from] ability: Cursed Body|[of] p2a: Gengar
|faint|p2a: Gengar
|
|upkeep
|
|t:|1776057499
|switch|p2a: Meowscarada|Meowscarada, F|100/100
|-damage|p2a: Meowscarada|88/100|[from] Spikes
|-damage|p2a: Meowscarada|76/100|[from] Stealth Rock
|turn|14
|
|t:|1776057522
|switch|p1a: Skarmory|Skarmory, F|100/100
|move|p2a: Meowscarada|Lash Out|p1a: Skarmory
|-start|p2a: Meowscarada|typechange|Dark|[from] ability: Protean
|-damage|p1a: Skarmory|80/100
|
|upkeep
|turn|15
|
|t:|1776057544
|move|p2a: Meowscarada|U-turn|p1a: Skarmory
|-resisted|p1a: Skarmory
|-damage|p1a: Skarmory|77/100
|
|t:|1776057566
|switch|p2a: Greninja|Greninja, M|100/100|[from] U-turn
|-damage|p2a: Greninja|88/100|[from] Spikes
|-damage|p2a: Greninja|76/100|[from] Stealth Rock
|move|p1a: Skarmory|Iron Defense|p1a: Skarmory
|-boost|p1a: Skarmory|def|2
|
|upkeep
|turn|16
|
|t:|1776057574
|move|p2a: Greninja|Hydro Pump|p1a: Skarmory
|-damage|p1a: Skarmory|7/100
|move|p1a: Skarmory|Body Press|p2a: Greninja
|-supereffective|p2a: Greninja
|-damage|p2a: Greninja|0 fnt
|faint|p2a: Greninja
|
|upkeep
|
|t:|1776057580
|switch|p2a: Garchomp|Garchomp, F|100/100
|-damage|p2a: Garchomp|88/100|[from] Spikes
|-damage|p2a: Garchomp|82/100|[from] Stealth Rock
|turn|17
|
|t:|1776057587
|move|p2a: Garchomp|Stealth Rock|p1a: Skarmory
|-sidestart|p1: unauthorized user|move: Stealth Rock
|move|p1a: Skarmory|Body Press|p2a: Garchomp
|-damage|p2a: Garchomp|24/100
|-damage|p1a: Skarmory|0 fnt|[from] ability: Rough Skin|[of] p2a: Garchomp
|faint|p1a: Skarmory
|
|upkeep
|
|t:|1776057600
|switch|p1a: Enamorus|Enamorus, F, tera:Fairy|100/100
|-damage|p1a: Enamorus|88/100|[from] Stealth Rock
|turn|18
|
|t:|1776057606
|move|p1a: Enamorus|Moonblast|p2a: Garchomp
|-supereffective|p2a: Garchomp
|-damage|p2a: Garchomp|0 fnt
|faint|p2a: Garchomp
|
|upkeep
|
|t:|1776057621
|switch|p2a: Meowscarada|Meowscarada, F|76/100
|-damage|p2a: Meowscarada|64/100|[from] Spikes
|-damage|p2a: Meowscarada|51/100|[from] Stealth Rock
|turn|19
|
|t:|1776057627
|move|p1a: Enamorus|Moonblast|p2a: Meowscarada
|-supereffective|p2a: Meowscarada
|-damage|p2a: Meowscarada|0 fnt
|faint|p2a: Meowscarada
|
|win|unauthorized user
|raw|unauthorized user's rating: 1147 &rarr; <strong>1175</strong><br />(+28 for winning)
|raw|Lumaxi's rating: 1184 &rarr; <strong>1156</strong><br />(-28 for losing)
|l|‽unauthorized user
|player|p1|
|l|☆Lumaxi
|player|p2|
