|html|<div class="broadcast-blue"><strong>[Gen 9] OU is currently suspecting Tera Blast! For information on how to participate check out the <a href="https://www.smogon.com/tools/suspects/view/200">suspect thread</a>.</strong></div>
|j|☆taunt rage
|j|☆nemutheunpingable
|t:|1776200195
|gametype|singles
|player|p1|taunt rage|nate|1031
|player|p2|nemutheunpingable|gardenia|1000
|gen|9
|tier|[Gen 9] OU
|rated|
|rule|HP Percentage Mod: HP is shown in percentages
|rule|Endless Battle Clause: Forcing endless battles is banned
|rule|Species Clause: Limit one of each Pokémon
|rule|OHKO Clause: OHKO moves are banned
|rule|Evasion Items Clause: Evasion items are banned
|rule|Evasion Moves Clause: Evasion moves are banned
|rule|Evasion Abilities Clause: Evasion abilities are banned
|rule|Sleep Moves Clause: Sleep-inducing moves are banned
|clearpoke
|poke|p1|Alomomola, F|
|poke|p1|Dragapult, F|
|poke|p1|Landorus-Therian, M|
|poke|p1|Garganacl, F|
|poke|p1|Zoroark-Hisui, M|
|poke|p1|Garchomp, M|
|poke|p2|Wooper, F|
|poke|p2|Reuniclus, F|
|poke|p2|Slowbro, F|
|poke|p2|Garchomp, M|
|poke|p2|Dragonite, F|
|poke|p2|Tentacruel, M|
|teampreview
|
|t:|1776200205
|teamsize|p1|6
|teamsize|p2|6
|start
|switch|p1a: GEN 4 ELITE|Garchomp, M|100/100
|switch|p2a: bitch|Reuniclus, F|100/100
|turn|1
|
|t:|1776200226
|move|p1a: GEN 4 ELITE|Poison Jab|p2a: bitch
|-damage|p2a: bitch|74/100
|move|p2a: bitch|Psychic Noise|p1a: GEN 4 ELITE
|-damage|p1a: GEN 4 ELITE|64/100
|-start|p1a: GEN 4 ELITE|move: Heal Block
|
|upkeep
|turn|2
|
|t:|1776200237
|move|p1a: GEN 4 ELITE|Swords Dance|p1a: GEN 4 ELITE
|-boost|p1a: GEN 4 ELITE|atk|2
|move|p2a: bitch|Light Screen|p2a: bitch
|-sidestart|p2: nemutheunpingable|move: Light Screen
|
|-end|p1a: GEN 4 ELITE|move: Heal Block
|upkeep
|turn|3
|
|t:|1776200245
|move|p1a: GEN 4 ELITE|Swords Dance|p1a: GEN 4 ELITE
|-boost|p1a: GEN 4 ELITE|atk|2
|move|p2a: bitch|Body Slam|p1a: GEN 4 ELITE
|-damage|p1a: GEN 4 ELITE|48/100
|-damage|p2a: bitch|62/100|[from] ability: Rough Skin|[of] p1a: GEN 4 ELITE
|
|-heal|p1a: GEN 4 ELITE|54/100|[from] item: Leftovers
|upkeep
|turn|4
|
|t:|1776200258
|move|p1a: GEN 4 ELITE|Earthquake|p2a: bitch
|-damage|p2a: bitch|0 fnt
|faint|p2a: bitch
|
|-heal|p1a: GEN 4 ELITE|60/100|[from] item: Leftovers
|upkeep
|
|t:|1776200280
|switch|p2a: Shiitake|Wooper, F|100/100
|turn|5
|
|t:|1776200288
|move|p1a: GEN 4 ELITE|Outrage|p2a: Shiitake
|-damage|p2a: Shiitake|0 fnt
|faint|p2a: Shiitake
|
|-heal|p1a: GEN 4 ELITE|67/100|[from] item: Leftovers
|upkeep
|
|t:|1776200298
|switch|p2a: cool john|Tentacruel, M|100/100
|turn|6
|
|t:|1776200303
|move|p1a: GEN 4 ELITE|Outrage|p2a: cool john|[from] lockedmove
|-damage|p2a: cool john|0 fnt
|faint|p2a: cool john
|-start|p1a: GEN 4 ELITE|confusion|[fatigue]
|
|-heal|p1a: GEN 4 ELITE|73/100|[from] item: Leftovers
|-sideend|p2: nemutheunpingable|move: Light Screen
|upkeep
|
|t:|1776200311
|switch|p2a: 5 dollar footlong|Garchomp, M|100/100
|turn|7
|
|t:|1776200321
|-activate|p1a: GEN 4 ELITE|confusion
|move|p1a: GEN 4 ELITE|Outrage|p2a: 5 dollar footlong
|-supereffective|p2a: 5 dollar footlong
|-damage|p2a: 5 dollar footlong|0 fnt
|-damage|p1a: GEN 4 ELITE|60/100|[from] ability: Rough Skin|[of] p2a: 5 dollar footlong
|faint|p2a: 5 dollar footlong
|
|-heal|p1a: GEN 4 ELITE|67/100|[from] item: Leftovers
|upkeep
|
|t:|1776200329
|switch|p2a: joseph josestar|Slowbro, F|100/100
|turn|8
|
|t:|1776200338
|-activate|p1a: GEN 4 ELITE|confusion
|-damage|p1a: GEN 4 ELITE|26/100|[from] confusion
|move|p2a: joseph josestar|Future Sight|p1a: GEN 4 ELITE
|-start|p2a: joseph josestar|move: Future Sight
|
|-heal|p1a: GEN 4 ELITE|32/100|[from] item: Leftovers
|upkeep
|turn|9
|
|t:|1776200348
|-end|p1a: GEN 4 ELITE|confusion
|move|p1a: GEN 4 ELITE|Earthquake|p2a: joseph josestar
|-enditem|p2a: joseph josestar|Focus Sash
|-damage|p2a: joseph josestar|1/100
|move|p2a: joseph josestar|Brick Break|p1a: GEN 4 ELITE
|-damage|p1a: GEN 4 ELITE|18/100
|-damage|p2a: joseph josestar|0 fnt|[from] ability: Rough Skin|[of] p1a: GEN 4 ELITE
|faint|p2a: joseph josestar
|
|-heal|p1a: GEN 4 ELITE|24/100|[from] item: Leftovers
|upkeep
|
|t:|1776200359
|switch|p2a: Pride & Joy|Dragonite, F|100/100
|turn|10
|
|t:|1776200364
|move|p1a: GEN 4 ELITE|Outrage|p2a: Pride & Joy
|-supereffective|p2a: Pride & Joy
|-damage|p2a: Pride & Joy|0 fnt
|faint|p2a: Pride & Joy
|
|win|taunt rage
|raw|taunt rage's rating: 1031 &rarr; <strong>1063</strong><br />(+32 for winning)
|raw|nemutheunpingable's rating: 1000 &rarr; <strong>1000</strong><br />(+0 for losing)
