|html|<div class="broadcast-blue"><strong>[Gen 9] OU is currently suspecting Tera Blast! For information on how to participate check out the <a href="https://www.smogon.com/tools/suspects/view/200">suspect thread</a>.</strong></div>
|j|☆Dogerunner
|j|☆HIAFH
|t:|1776125907
|gametype|singles
|player|p1|Dogerunner|pokekid|1572
|player|p2|HIAFH|ingo|1681
|gen|9
|tier|[Gen 9] OU
|rated|
|rule|HP Percentage Mod: HP is shown in percentages
|rule|Endless Battle Clause: Forcing endless battles is banned
|rule|Species Clause: Limit one of each Pokémon
|rule|OHKO Clause: OHKO moves are banned
|rule|Evasion Items Clause: Evasion items are banned
|rule|Evasion Moves Clause: Evasion moves are banned
|rule|Evasion Abilities Clause: Evasion abilities are banned
|rule|Sleep Moves Clause: Sleep-inducing moves are banned
|clearpoke
|poke|p1|Heatran, F|
|poke|p1|Slowking-Galar, M|
|poke|p1|Raging Bolt|
|poke|p1|Ogerpon-Wellspring, F|
|poke|p1|Weezing-Galar, M|
|poke|p1|Corviknight, F|
|poke|p2|Excadrill, F|
|poke|p2|Tyranitar, F|
|poke|p2|Hydrapple, F|
|poke|p2|Alomomola, M|
|poke|p2|Hatterene, F|
|poke|p2|Zapdos|
|teampreview
|inactive|Battle timer is ON: inactive players will automatically lose when time's up. (requested by HIAFH)
|
|t:|1776125925
|teamsize|p1|6
|teamsize|p2|6
|start
|switch|p1a: Ogerpon|Ogerpon-Wellspring, F|100/100
|switch|p2a: Tyranitar|Tyranitar, F|100/100
|-weather|Sandstorm|[from] ability: Sand Stream|[of] p2a: Tyranitar
|turn|1
|
|t:|1776125932
|switch|p2a: Hydrapple|Hydrapple, F|100/100
|move|p1a: Ogerpon|U-turn|p2a: Hydrapple
|-supereffective|p2a: Hydrapple
|-damage|p2a: Hydrapple|68/100
|
|t:|1776125937
|switch|p1a: Slowking|Slowking-Galar, M|100/100|[from] U-turn
|
|-weather|Sandstorm|[upkeep]
|-damage|p2a: Hydrapple|62/100|[from] Sandstorm
|-damage|p1a: Slowking|94/100|[from] Sandstorm
|upkeep
|turn|2
|
|t:|1776125948
|switch|p2a: Zapdos|Zapdos|100/100
|move|p1a: Slowking|Ice Beam|p2a: Zapdos
|-supereffective|p2a: Zapdos
|-damage|p2a: Zapdos|51/100
|
|-weather|Sandstorm|[upkeep]
|-damage|p2a: Zapdos|45/100|[from] Sandstorm
|-damage|p1a: Slowking|88/100|[from] Sandstorm
|upkeep
|turn|3
|
|t:|1776125958
|move|p2a: Zapdos|Volt Switch|p1a: Slowking
|-damage|p1a: Slowking|66/100
|
|t:|1776125962
|switch|p2a: Excadrill|Excadrill, F|100/100|[from] Volt Switch
|move|p1a: Slowking|Sludge Bomb|p2a: Excadrill
|-immune|p2a: Excadrill
|
|-weather|Sandstorm|[upkeep]
|-damage|p1a: Slowking|60/100|[from] Sandstorm
|upkeep
|turn|4
|
|t:|1776125974
|switch|p2a: Zapdos|Zapdos|45/100
|switch|p1a: Corviknight|Corviknight, F|100/100
|-ability|p1a: Corviknight|Pressure
|
|-weather|Sandstorm|[upkeep]
|-damage|p2a: Zapdos|38/100|[from] Sandstorm
|upkeep
|turn|5
|
|t:|1776125988
|switch|p1a: Slowking|Slowking-Galar, M|93/100
|move|p2a: Zapdos|Hurricane|p1a: Slowking
|-damage|p1a: Slowking|62/100
|
|-weather|none
|upkeep
|turn|6
|
|t:|1776125996
|switch|p2a: Tyranitar|Tyranitar, F|100/100
|-weather|Sandstorm|[from] ability: Sand Stream|[of] p2a: Tyranitar
|move|p1a: Slowking|Sludge Bomb|p2a: Tyranitar
|-resisted|p2a: Tyranitar
|-damage|p2a: Tyranitar|90/100
|
|-weather|Sandstorm|[upkeep]
|-damage|p1a: Slowking|56/100|[from] Sandstorm
|upkeep
|turn|7
|
|t:|1776126007
|switch|p1a: Corviknight|Corviknight, F|100/100
|-ability|p1a: Corviknight|Pressure
|move|p2a: Tyranitar|Stone Edge|p1a: Corviknight
|-damage|p1a: Corviknight|49/100
|
|-weather|Sandstorm|[upkeep]
|upkeep
|turn|8
|
|t:|1776126022
|switch|p1a: Weezing|Weezing-Galar, M|100/100
|-ability|p1a: Weezing|Neutralizing Gas
|-item|p1a: Weezing|Air Balloon
|move|p2a: Tyranitar|Stone Edge|p1a: Weezing
|-crit|p1a: Weezing
|-damage|p1a: Weezing|9/100
|-enditem|p1a: Weezing|Air Balloon
|
|-weather|Sandstorm|[upkeep]
|-damage|p1a: Weezing|3/100|[from] Sandstorm
|upkeep
|turn|9
|
|t:|1776126042
|move|p2a: Tyranitar|Stone Edge|p1a: Weezing
|-damage|p1a: Weezing|0 fnt
|faint|p1a: Weezing
|-end|p1a: Weezing|ability: Neutralizing Gas
|
|-weather|Sandstorm|[upkeep]
|upkeep
|
|t:|1776126047
|switch|p1a: Ogerpon|Ogerpon-Wellspring, F|100/100
|turn|10
|
|t:|1776126051
|switch|p2a: Hydrapple|Hydrapple, F|95/100
|move|p1a: Ogerpon|U-turn|p2a: Hydrapple
|-supereffective|p2a: Hydrapple
|-damage|p2a: Hydrapple|63/100
|
|t:|1776126055
|switch|p1a: Slowking|Slowking-Galar, M|89/100|[from] U-turn
|
|-weather|none
|upkeep
|turn|11
|
|t:|1776126066
|switch|p2a: Excadrill|Excadrill, F|100/100
|move|p1a: Slowking|Sludge Bomb|p2a: Excadrill
|-immune|p2a: Excadrill
|
|upkeep
|turn|12
|
|t:|1776126074
|switch|p1a: Corviknight|Corviknight, F|49/100
|-ability|p1a: Corviknight|Pressure
|move|p2a: Excadrill|Rock Slide|p1a: Corviknight
|-damage|p1a: Corviknight|25/100
|
|upkeep
|turn|13
|
|t:|1776126081
|move|p2a: Excadrill|Rock Slide|p1a: Corviknight
|-damage|p1a: Corviknight|1/100
|move|p1a: Corviknight|Roost|p1a: Corviknight
|-heal|p1a: Corviknight|51/100
|-singleturn|p1a: Corviknight|move: Roost
|
|upkeep
|turn|14
|
|t:|1776126090
|switch|p2a: Zapdos|Zapdos|38/100
|move|p1a: Corviknight|Roost|p1a: Corviknight
|-heal|p1a: Corviknight|100/100
|-singleturn|p1a: Corviknight|move: Roost
|
|upkeep
|turn|15
|j| ty.babie
|
|t:|1776126102
|switch|p1a: Slowking|Slowking-Galar, M|100/100
|move|p2a: Zapdos|Volt Switch|p1a: Slowking
|-crit|p1a: Slowking
|-damage|p1a: Slowking|65/100
|
|t:|1776126109
|switch|p2a: Tyranitar|Tyranitar, F|90/100|[from] Volt Switch
|-weather|Sandstorm|[from] ability: Sand Stream|[of] p2a: Tyranitar
|
|-weather|Sandstorm|[upkeep]
|-damage|p1a: Slowking|59/100|[from] Sandstorm
|upkeep
|turn|16
|
|t:|1776126118
|switch|p1a: Heatran|Heatran, F|100/100
|move|p2a: Tyranitar|Stone Edge|p1a: Heatran
|-damage|p1a: Heatran|26/100
|
|-weather|Sandstorm|[upkeep]
|-heal|p1a: Heatran|32/100|[from] item: Leftovers
|upkeep
|turn|17
|
|t:|1776126127
|move|p1a: Heatran|Protect|p1a: Heatran
|-singleturn|p1a: Heatran|Protect
|move|p2a: Tyranitar|Stone Edge|p1a: Heatran
|-activate|p1a: Heatran|move: Protect
|
|-weather|Sandstorm|[upkeep]
|-heal|p1a: Heatran|38/100|[from] item: Leftovers
|upkeep
|turn|18
|l| ty.babie
|
|t:|1776126137
|switch|p2a: Alomomola|Alomomola, M|100/100
|switch|p1a: Corviknight|Corviknight, F|100/100
|-ability|p1a: Corviknight|Pressure
|
|-weather|Sandstorm|[upkeep]
|-damage|p2a: Alomomola|94/100|[from] Sandstorm
|upkeep
|turn|19
|
|t:|1776126151
|move|p1a: Corviknight|U-turn|p2a: Alomomola
|-damage|p2a: Alomomola|87/100
|
|t:|1776126152
|switch|p1a: Ogerpon|Ogerpon-Wellspring, F|100/100|[from] U-turn
|move|p2a: Alomomola|Wish|p2a: Alomomola
|
|-weather|none
|upkeep
|turn|20
|
|t:|1776126161
|switch|p2a: Hydrapple|Hydrapple, F|96/100
|move|p1a: Ogerpon|U-turn|p2a: Hydrapple
|-supereffective|p2a: Hydrapple
|-damage|p2a: Hydrapple|64/100
|
|t:|1776126163
|switch|p1a: Heatran|Heatran, F|38/100|[from] U-turn
|
|-heal|p2a: Hydrapple|100/100|[from] move: Wish|[wisher] Alomomola
|-heal|p1a: Heatran|44/100|[from] item: Leftovers
|upkeep
|turn|21
|
|t:|1776126174
|switch|p1a: Slowking|Slowking-Galar, M|92/100
|move|p2a: Hydrapple|Earth Power|p1a: Slowking
|-supereffective|p1a: Slowking
|-damage|p1a: Slowking|72/100
|-unboost|p1a: Slowking|spd|1
|
|upkeep
|turn|22
|
|t:|1776126189
|switch|p2a: Tyranitar|Tyranitar, F|90/100
|-weather|Sandstorm|[from] ability: Sand Stream|[of] p2a: Tyranitar
|move|p1a: Slowking|Ice Beam|p2a: Tyranitar
|-damage|p2a: Tyranitar|74/100
|
|-weather|Sandstorm|[upkeep]
|-damage|p1a: Slowking|65/100|[from] Sandstorm
|upkeep
|turn|23
|
|t:|1776126202
|switch|p1a: Corviknight|Corviknight, F|100/100
|-ability|p1a: Corviknight|Pressure
|move|p2a: Tyranitar|Knock Off|p1a: Corviknight
|-damage|p1a: Corviknight|53/100
|-damage|p2a: Tyranitar|57/100|[from] item: Rocky Helmet|[of] p1a: Corviknight
|-enditem|p1a: Corviknight|Rocky Helmet|[from] move: Knock Off|[of] p2a: Tyranitar
|
|-weather|Sandstorm|[upkeep]
|upkeep
|turn|24
|
|t:|1776126213
|switch|p2a: Zapdos|Zapdos|38/100
|move|p1a: Corviknight|Roost|p1a: Corviknight
|-heal|p1a: Corviknight|100/100
|-singleturn|p1a: Corviknight|move: Roost
|
|-weather|Sandstorm|[upkeep]
|-damage|p2a: Zapdos|32/100|[from] Sandstorm
|upkeep
|turn|25
|
|t:|1776126224
|switch|p1a: Slowking|Slowking-Galar, M|99/100
|move|p2a: Zapdos|Volt Switch|p1a: Slowking
|-damage|p1a: Slowking|79/100
|
|t:|1776126230
|switch|p2a: Tyranitar|Tyranitar, F|57/100|[from] Volt Switch
|
|-weather|Sandstorm|[upkeep]
|-damage|p1a: Slowking|73/100|[from] Sandstorm
|upkeep
|turn|26
|
|t:|1776126240
|switch|p1a: Corviknight|Corviknight, F|100/100
|-ability|p1a: Corviknight|Pressure
|move|p2a: Tyranitar|Stealth Rock|p1a: Corviknight
|-sidestart|p1: Dogerunner|move: Stealth Rock
|
|-weather|none
|upkeep
|turn|27
|
|t:|1776126248
|switch|p2a: Zapdos|Zapdos|32/100
|move|p1a: Corviknight|U-turn|p2a: Zapdos
|-resisted|p2a: Zapdos
|-damage|p2a: Zapdos|23/100
|
|t:|1776126255
|switch|p1a: Slowking|Slowking-Galar, M|100/100|[from] U-turn
|-damage|p1a: Slowking|88/100|[from] Stealth Rock
|
|upkeep
|turn|28
|
|t:|1776126261
|move|p2a: Zapdos|Volt Switch|p1a: Slowking
|-damage|p1a: Slowking|66/100
|
|t:|1776126264
|switch|p2a: Tyranitar|Tyranitar, F|57/100|[from] Volt Switch
|-weather|Sandstorm|[from] ability: Sand Stream|[of] p2a: Tyranitar
|move|p1a: Slowking|Ice Beam|p2a: Tyranitar
|-damage|p2a: Tyranitar|43/100
|
|-weather|Sandstorm|[upkeep]
|-damage|p1a: Slowking|60/100|[from] Sandstorm
|upkeep
|turn|29
|
|t:|1776126278
|switch|p1a: Corviknight|Corviknight, F|100/100
|-damage|p1a: Corviknight|88/100|[from] Stealth Rock
|-ability|p1a: Corviknight|Pressure
|move|p2a: Tyranitar|Knock Off|p1a: Corviknight
|-damage|p1a: Corviknight|52/100
|
|-weather|Sandstorm|[upkeep]
|upkeep
|turn|30
|
|t:|1776126289
|switch|p2a: Alomomola|Alomomola, M|100/100
|move|p1a: Corviknight|Roost|p1a: Corviknight
|-heal|p1a: Corviknight|100/100
|-singleturn|p1a: Corviknight|move: Roost
|
|-weather|Sandstorm|[upkeep]
|-damage|p2a: Alomomola|94/100|[from] Sandstorm
|upkeep
|turn|31
|
|t:|1776126298
|move|p1a: Corviknight|U-turn|p2a: Alomomola
|-damage|p2a: Alomomola|86/100
|
|t:|1776126299
|switch|p1a: Ogerpon|Ogerpon-Wellspring, F|100/100|[from] U-turn
|-damage|p1a: Ogerpon|88/100|[from] Stealth Rock
|move|p2a: Alomomola|Wish|p2a: Alomomola
|
|-weather|Sandstorm|[upkeep]
|-damage|p1a: Ogerpon|82/100|[from] Sandstorm
|-damage|p2a: Alomomola|80/100|[from] Sandstorm
|upkeep
|turn|32
|
|t:|1776126310
|switch|p2a: Hydrapple|Hydrapple, F|100/100
|move|p1a: Ogerpon|Ivy Cudgel|p2a: Hydrapple|[anim] Ivy Cudgel Water
|-resisted|p2a: Hydrapple
|-crit|p2a: Hydrapple
|-damage|p2a: Hydrapple|89/100
|
|-weather|none
|-heal|p2a: Hydrapple|100/100|[from] move: Wish|[wisher] Alomomola
|upkeep
|turn|33
|
|t:|1776126320
|move|p1a: Ogerpon|U-turn|p2a: Hydrapple
|-supereffective|p2a: Hydrapple
|-damage|p2a: Hydrapple|69/100
|
|t:|1776126322
|switch|p1a: Slowking|Slowking-Galar, M|94/100|[from] U-turn
|-damage|p1a: Slowking|81/100|[from] Stealth Rock
|move|p2a: Hydrapple|Nasty Plot|p2a: Hydrapple
|-boost|p2a: Hydrapple|spa|2
|
|upkeep
|turn|34
|
|t:|1776126331
|-terastallize|p2a: Hydrapple|Poison
|move|p2a: Hydrapple|Earth Power|p1a: Slowking
|-supereffective|p1a: Slowking
|-damage|p1a: Slowking|42/100
|move|p1a: Slowking|Ice Beam|p2a: Hydrapple
|-crit|p2a: Hydrapple
|-damage|p2a: Hydrapple|36/100
|
|upkeep
|turn|35
|
|t:|1776126344
|move|p2a: Hydrapple|Fickle Beam|p1a: Slowking
|-damage|p1a: Slowking|16/100
|move|p1a: Slowking|Earthquake|p2a: Hydrapple
|-supereffective|p2a: Hydrapple
|-damage|p2a: Hydrapple|18/100
|
|upkeep
|turn|36
|
|t:|1776126355
|switch|p1a: Heatran|Heatran, F|44/100
|-damage|p1a: Heatran|32/100|[from] Stealth Rock
|move|p2a: Hydrapple|Fickle Beam|p1a: Heatran
|-resisted|p1a: Heatran
|-damage|p1a: Heatran|12/100
|
|-heal|p1a: Heatran|18/100|[from] item: Leftovers
|upkeep
|turn|37
|
|t:|1776126364
|switch|p2a: Alomomola|Alomomola, M|100/100
|move|p1a: Heatran|Magma Storm|p2a: Alomomola
|-resisted|p2a: Alomomola
|-damage|p2a: Alomomola|76/100
|-activate|p2a: Alomomola|move: Magma Storm|[of] p1a: Heatran
|
|-heal|p1a: Heatran|25/100|[from] item: Leftovers
|-damage|p2a: Alomomola|63/100|[from] move: Magma Storm|[partiallytrapped]
|upkeep
|turn|38
|
|t:|1776126375
|move|p1a: Heatran|Taunt|p2a: Alomomola
|-start|p2a: Alomomola|move: Taunt
|move|p2a: Alomomola|Flip Turn|p1a: Heatran
|-supereffective|p1a: Heatran
|-damage|p1a: Heatran|0 fnt
|faint|p1a: Heatran
|
|t:|1776126388
|switch|p2a: Hydrapple|Hydrapple, F, tera:Poison|51/100|[from] Flip Turn
|
|upkeep
|
|t:|1776126396
|switch|p1a: Slowking|Slowking-Galar, M|50/100
|-damage|p1a: Slowking|37/100|[from] Stealth Rock
|turn|39
|
|t:|1776126408
|move|p2a: Hydrapple|Fickle Beam|p1a: Slowking
|-damage|p1a: Slowking|24/100
|move|p1a: Slowking|Future Sight|p2a: Hydrapple
|-start|p1a: Slowking|move: Future Sight
|
|upkeep
|turn|40
|
|t:|1776126416
|switch|p1a: Corviknight|Corviknight, F|100/100
|-damage|p1a: Corviknight|88/100|[from] Stealth Rock
|-ability|p1a: Corviknight|Pressure
|move|p2a: Hydrapple|Earth Power|p1a: Corviknight
|-immune|p1a: Corviknight
|
|upkeep
|turn|41
|
|t:|1776126425
|switch|p2a: Hatterene|Hatterene, F|100/100
|move|p1a: Corviknight|U-turn|p2a: Hatterene
|-damage|p2a: Hatterene|86/100
|
|t:|1776126427
|switch|p1a: Raging Bolt|Raging Bolt|100/100|[from] U-turn
|-damage|p1a: Raging Bolt|88/100|[from] Stealth Rock
|-enditem|p1a: Raging Bolt|Booster Energy
|-activate|p1a: Raging Bolt|ability: Protosynthesis|[fromitem]
|-start|p1a: Raging Bolt|protosynthesisspa
|
|-end|p2a: Hatterene|move: Future Sight
|-resisted|p2a: Hatterene
|-damage|p2a: Hatterene|73/100
|upkeep
|turn|42
|
|t:|1776126444
|-terastallize|p1a: Raging Bolt|Ghost
|move|p1a: Raging Bolt|Substitute|p1a: Raging Bolt
|-start|p1a: Raging Bolt|Substitute
|-damage|p1a: Raging Bolt|63/100
|move|p2a: Hatterene|Psyshock|p1a: Raging Bolt
|-end|p1a: Raging Bolt|Substitute
|
|upkeep
|turn|43
|
|t:|1776126452
|move|p1a: Raging Bolt|Tera Blast|p2a: Hatterene|[anim] Tera Blast Ghost
|-supereffective|p2a: Hatterene
|-damage|p2a: Hatterene|0 fnt
|faint|p2a: Hatterene
|
|upkeep
|
|t:|1776126467
|switch|p2a: Excadrill|Excadrill, F|100/100
|turn|44
|
|t:|1776126475
|move|p2a: Excadrill|Earthquake|p1a: Raging Bolt
|-crit|p1a: Raging Bolt
|-damage|p1a: Raging Bolt|0 fnt
|faint|p1a: Raging Bolt
|-end|p1a: Raging Bolt|Protosynthesis|[silent]
|
|upkeep
|
|t:|1776126477
|switch|p1a: Ogerpon|Ogerpon-Wellspring, F|82/100
|-damage|p1a: Ogerpon|70/100|[from] Stealth Rock
|turn|45
|
|t:|1776126484
|switch|p2a: Hydrapple|Hydrapple, F, tera:Poison|85/100
|move|p1a: Ogerpon|Ivy Cudgel|p2a: Hydrapple|[anim] Ivy Cudgel Water
|-damage|p2a: Hydrapple|50/100
|
|upkeep
|turn|46
|
|t:|1776126491
|move|p1a: Ogerpon|Ivy Cudgel|p2a: Hydrapple|[anim] Ivy Cudgel Water
|-damage|p2a: Hydrapple|17/100
|move|p2a: Hydrapple|Giga Drain|p1a: Ogerpon
|-damage|p1a: Ogerpon|33/100
|-heal|p2a: Hydrapple|31/100|[from] drain|[of] p1a: Ogerpon
|
|upkeep
|turn|47
|
|t:|1776126501
|switch|p2a: Alomomola|Alomomola, M|97/100
|move|p1a: Ogerpon|Ivy Cudgel|p2a: Alomomola|[anim] Ivy Cudgel Water
|-resisted|p2a: Alomomola
|-damage|p2a: Alomomola|81/100
|
|upkeep
|turn|48
|
|t:|1776126508
|move|p1a: Ogerpon|Ivy Cudgel|p2a: Alomomola|[anim] Ivy Cudgel Water
|-resisted|p2a: Alomomola
|-damage|p2a: Alomomola|66/100
|move|p2a: Alomomola|Wish|p2a: Alomomola
|
|upkeep
|turn|49
|j| ohko_smeargle
|-message|Dogerunner forfeited.
|
|win|HIAFH
|raw|Dogerunner's rating: 1572 &rarr; <strong>1558</strong><br />(-14 for losing)
|raw|HIAFH's rating: 1681 &rarr; <strong>1695</strong><br />(+14 for winning)
|l|☆Dogerunner
|player|p1|
|l| ohko_smeargle
