|html|<div class="broadcast-blue"><strong>[Gen 9] OU is currently suspecting Tera Blast! For information on how to participate check out the <a href="https://www.smogon.com/tools/suspects/view/200">suspect thread</a>.</strong></div>
|j|☆AerosmithJR
|j|☆Alvarosam
|t:|1776121277
|gametype|singles
|player|p1|AerosmithJR|roxie|
|player|p2|Alvarosam|cheren-gen5bw2|
|gen|9
|tier|[Gen 9] OU
|rule|HP Percentage Mod: HP is shown in percentages
|rule|Endless Battle Clause: Forcing endless battles is banned
|rule|Species Clause: Limit one of each Pokémon
|rule|OHKO Clause: OHKO moves are banned
|rule|Evasion Items Clause: Evasion items are banned
|rule|Evasion Moves Clause: Evasion moves are banned
|rule|Evasion Abilities Clause: Evasion abilities are banned
|rule|Sleep Moves Clause: Sleep-inducing moves are banned
|clearpoke
|poke|p1|Kyurem|
|poke|p1|Cinderace, M|
|poke|p1|Tornadus-Therian, M|
|poke|p1|Hatterene, F|
|poke|p1|Great Tusk|
|poke|p1|Kingambit, F|
|poke|p2|Dragapult, M|
|poke|p2|Hatterene, F|
|poke|p2|Garganacl, M|
|poke|p2|Glimmora, F|
|poke|p2|Gholdengo|
|poke|p2|Iron Moth|
|teampreview
|inactive|Battle timer is ON: inactive players will automatically lose when time's up. (requested by Alvarosam)
|c|☆AerosmithJR|Suerte
|
|t:|1776121290
|teamsize|p1|6
|teamsize|p2|6
|start
|switch|p1a: Great Tusk|Great Tusk|100/100
|switch|p2a: Glimmora|Glimmora, F, shiny|100/100
|turn|1
|
|t:|1776121308
|move|p1a: Great Tusk|Headlong Rush|p2a: Glimmora
|-supereffective|p2a: Glimmora
|-enditem|p2a: Glimmora|Focus Sash
|-damage|p2a: Glimmora|1/100
|-unboost|p1a: Great Tusk|def|1
|-unboost|p1a: Great Tusk|spd|1
|-activate|p2a: Glimmora|ability: Toxic Debris
|-sidestart|p1: AerosmithJR|move: Toxic Spikes
|move|p2a: Glimmora|Earth Power|p1a: Great Tusk
|-damage|p1a: Great Tusk|39/100
|
|upkeep
|turn|2
|
|t:|1776121323
|switch|p2a: Gholdengo|Gholdengo|100/100
|-item|p2a: Gholdengo|Air Balloon
|move|p1a: Great Tusk|Rapid Spin|p2a: Gholdengo
|-immune|p2a: Gholdengo
|
|upkeep
|turn|3
|
|t:|1776121332
|move|p1a: Great Tusk|Ice Spinner|p2a: Gholdengo
|-resisted|p2a: Gholdengo
|-damage|p2a: Gholdengo|87/100
|-enditem|p2a: Gholdengo|Air Balloon
|move|p2a: Gholdengo|Shadow Ball|p1a: Great Tusk
|-crit|p1a: Great Tusk
|-damage|p1a: Great Tusk|0 fnt
|faint|p1a: Great Tusk
|-end|p1a: Great Tusk|Protosynthesis|[silent]
|
|upkeep
|
|t:|1776121336
|switch|p1a: Cinderace|Cinderace, M|100/100
|turn|4
|
|t:|1776121347
|switch|p2a: Glimmora|Glimmora, F, shiny|1/100
|move|p1a: Cinderace|Pyro Ball|p2a: Glimmora
|-resisted|p2a: Glimmora
|-damage|p2a: Glimmora|0 fnt
|-activate|p2a: Glimmora|ability: Toxic Debris
|-sidestart|p1: AerosmithJR|move: Toxic Spikes
|faint|p2a: Glimmora
|
|upkeep
|
|t:|1776121358
|switch|p2a: Dragapult|Dragapult, M, shiny|100/100
|turn|5
|
|t:|1776121361
|move|p2a: Dragapult|Dragon Dance|p2a: Dragapult
|-boost|p2a: Dragapult|atk|1
|-boost|p2a: Dragapult|spe|1
|move|p1a: Cinderace|Court Change|p1a: Cinderace
|-start|p1a: Cinderace|typechange|Normal|[from] ability: Libero
|-swapsideconditions
|-activate|p1a: Cinderace|move: Court Change
|
|upkeep
|turn|6
|
|t:|1776121373
|switch|p1a: Hatterene|Hatterene, F|100/100
|move|p2a: Dragapult|Dragon Dance|p2a: Dragapult
|-boost|p2a: Dragapult|atk|1
|-boost|p2a: Dragapult|spe|1
|
|upkeep
|turn|7
|
|t:|1776121379
|move|p2a: Dragapult|Phantom Force||[still]
|-prepare|p2a: Dragapult|Phantom Force
|move|p1a: Hatterene|Nuzzle|p2a: Dragapult|[miss]
|-miss|p1a: Hatterene|p2a: Dragapult
|
|upkeep
|turn|8
|
|t:|1776121387
|-terastallize|p1a: Hatterene|Flying
|move|p2a: Dragapult|Phantom Force|p1a: Hatterene|[from] lockedmove
|-damage|p1a: Hatterene|27/100
|move|p1a: Hatterene|Nuzzle|p2a: Dragapult
|-resisted|p2a: Dragapult
|-damage|p2a: Dragapult|98/100
|-status|p2a: Dragapult|par
|
|-heal|p2a: Dragapult|100/100 par|[from] item: Leftovers
|-heal|p1a: Hatterene|33/100|[from] item: Leftovers
|upkeep
|turn|9
|
|t:|1776121399
|cant|p2a: Dragapult|par
|move|p1a: Hatterene|Draining Kiss|p2a: Dragapult
|-supereffective|p2a: Dragapult
|-damage|p2a: Dragapult|43/100 par
|-heal|p1a: Hatterene|76/100|[from] drain|[of] p2a: Dragapult
|
|-heal|p2a: Dragapult|49/100 par|[from] item: Leftovers
|-heal|p1a: Hatterene|82/100|[from] item: Leftovers
|upkeep
|turn|10
|
|t:|1776121408
|cant|p2a: Dragapult|par
|move|p1a: Hatterene|Draining Kiss|p2a: Dragapult
|-supereffective|p2a: Dragapult
|-damage|p2a: Dragapult|0 fnt
|-heal|p1a: Hatterene|100/100|[from] drain|[of] p2a: Dragapult
|faint|p2a: Dragapult
|
|upkeep
|
|t:|1776121416
|switch|p2a: Iron Moth|Iron Moth, shiny|100/100
|-sideend|p2: Alvarosam|move: Toxic Spikes|[of] p2a: Iron Moth
|-enditem|p2a: Iron Moth|Booster Energy
|-activate|p2a: Iron Moth|ability: Quark Drive|[fromitem]
|-start|p2a: Iron Moth|quarkdrivespe
|turn|11
|
|t:|1776121425
|move|p2a: Iron Moth|Substitute|p2a: Iron Moth
|-start|p2a: Iron Moth|Substitute
|-damage|p2a: Iron Moth|75/100
|move|p1a: Hatterene|Nuzzle|p2a: Iron Moth
|-activate|p2a: Iron Moth|move: Substitute|[damage]
|
|upkeep
|turn|12
|
|t:|1776121432
|move|p2a: Iron Moth|Fiery Dance|p1a: Hatterene
|-damage|p1a: Hatterene|55/100
|move|p1a: Hatterene|Psychic Noise|p2a: Iron Moth
|-supereffective|p2a: Iron Moth
|-damage|p2a: Iron Moth|10/100
|-start|p2a: Iron Moth|move: Heal Block
|
|-heal|p1a: Hatterene|61/100|[from] item: Leftovers
|upkeep
|turn|13
|
|t:|1776121444
|move|p2a: Iron Moth|Sludge Wave|p1a: Hatterene
|-damage|p1a: Hatterene|9/100
|-status|p1a: Hatterene|psn
|move|p1a: Hatterene|Psychic Noise|p2a: Iron Moth
|-supereffective|p2a: Iron Moth
|-damage|p2a: Iron Moth|0 fnt
|faint|p2a: Iron Moth
|-end|p2a: Iron Moth|Quark Drive|[silent]
|
|-heal|p1a: Hatterene|15/100 psn|[from] item: Leftovers
|-damage|p1a: Hatterene|3/100 psn|[from] psn
|upkeep
|
|t:|1776121457
|switch|p2a: Gholdengo|Gholdengo|87/100
|turn|14
|
|t:|1776121461
|move|p2a: Gholdengo|Shadow Ball|p1a: Hatterene
|-damage|p1a: Hatterene|0 fnt
|faint|p1a: Hatterene
|
|upkeep
|
|t:|1776121469
|switch|p1a: Cinderace|Cinderace, M|100/100
|turn|15
|
|t:|1776121480
|switch|p2a: Garganacl|Garganacl, M, shiny|100/100
|move|p1a: Cinderace|Pyro Ball|p2a: Garganacl
|-resisted|p2a: Garganacl
|-damage|p2a: Garganacl|84/100
|
|-heal|p2a: Garganacl|90/100|[from] item: Leftovers
|upkeep
|turn|16
|
|t:|1776121489
|move|p1a: Cinderace|U-turn|p2a: Garganacl
|-start|p1a: Cinderace|typechange|Bug|[from] ability: Libero
|-damage|p2a: Garganacl|72/100
|
|t:|1776121493
|switch|p1a: Kingambit|Kingambit, F|100/100|[from] U-turn
|-activate|p1a: Kingambit|ability: Supreme Overlord
|-start|p1a: Kingambit|fallen2|[silent]
|move|p2a: Garganacl|Salt Cure|p1a: Kingambit
|-resisted|p1a: Kingambit
|-crit|p1a: Kingambit
|-damage|p1a: Kingambit|93/100
|-start|p1a: Kingambit|Salt Cure
|
|-heal|p1a: Kingambit|99/100|[from] item: Leftovers
|-heal|p2a: Garganacl|78/100|[from] item: Leftovers
|-damage|p1a: Kingambit|74/100|[from] Salt Cure
|upkeep
|turn|17
|
|t:|1776121507
|-terastallize|p2a: Garganacl|Water
|move|p1a: Kingambit|Kowtow Cleave|p2a: Garganacl
|-crit|p2a: Garganacl
|-damage|p2a: Garganacl|27/100
|move|p2a: Garganacl|Salt Cure|p1a: Kingambit
|-resisted|p1a: Kingambit
|-damage|p1a: Kingambit|69/100
|
|-heal|p1a: Kingambit|75/100|[from] item: Leftovers
|-heal|p2a: Garganacl|34/100|[from] item: Leftovers
|-damage|p1a: Kingambit|50/100|[from] Salt Cure
|upkeep
|turn|18
|
|t:|1776121520
|move|p1a: Kingambit|Kowtow Cleave|p2a: Garganacl
|-damage|p2a: Garganacl|0 fnt
|faint|p2a: Garganacl
|
|-heal|p1a: Kingambit|57/100|[from] item: Leftovers
|-damage|p1a: Kingambit|32/100|[from] Salt Cure
|upkeep
|
|t:|1776121528
|switch|p2a: Gholdengo|Gholdengo|87/100
|turn|19
|
|t:|1776121537
|move|p1a: Kingambit|Sucker Punch||[still]
|-fail|p1a: Kingambit
|move|p2a: Gholdengo|Nasty Plot|p2a: Gholdengo
|-boost|p2a: Gholdengo|spa|2
|
|-heal|p1a: Kingambit|38/100|[from] item: Leftovers
|-damage|p1a: Kingambit|13/100|[from] Salt Cure
|upkeep
|turn|20
|
|t:|1776121550
|move|p1a: Kingambit|Sucker Punch|p2a: Gholdengo
|-supereffective|p2a: Gholdengo
|-damage|p2a: Gholdengo|0 fnt
|faint|p2a: Gholdengo
|
|-heal|p1a: Kingambit|19/100|[from] item: Leftovers
|-damage|p1a: Kingambit|0 fnt|[from] Salt Cure
|faint|p1a: Kingambit
|-end|p1a: Kingambit|fallen2|[silent]
|upkeep
|
|t:|1776121559
|switch|p2a: Hatterene|Hatterene, F, shiny|100/100
|switch|p1a: Cinderace|Cinderace, M|100/100
|turn|21
|
|t:|1776121564
|move|p1a: Cinderace|Pyro Ball|p2a: Hatterene
|-damage|p2a: Hatterene|57/100
|move|p2a: Hatterene|Nuzzle|p1a: Cinderace
|-damage|p1a: Cinderace|95/100
|-status|p1a: Cinderace|par
|
|-heal|p2a: Hatterene|63/100|[from] item: Leftovers
|upkeep
|turn|22
|
|t:|1776121574
|move|p1a: Cinderace|Pyro Ball|p2a: Hatterene
|-damage|p2a: Hatterene|19/100
|move|p2a: Hatterene|Draining Kiss|p1a: Cinderace
|-resisted|p1a: Cinderace
|-damage|p1a: Cinderace|80/100 par
|-heal|p2a: Hatterene|30/100|[from] drain|[of] p1a: Cinderace
|
|-heal|p2a: Hatterene|36/100|[from] item: Leftovers
|upkeep
|turn|23
|
|t:|1776121583
|cant|p1a: Cinderace|par
|move|p2a: Hatterene|Draining Kiss|p1a: Cinderace
|-resisted|p1a: Cinderace
|-damage|p1a: Cinderace|63/100 par
|-heal|p2a: Hatterene|48/100|[from] drain|[of] p1a: Cinderace
|
|-heal|p2a: Hatterene|54/100|[from] item: Leftovers
|upkeep
|turn|24
|
|t:|1776121592
|cant|p1a: Cinderace|par
|move|p2a: Hatterene|Calm Mind|p2a: Hatterene
|-boost|p2a: Hatterene|spa|1
|-boost|p2a: Hatterene|spd|1
|
|-heal|p2a: Hatterene|60/100|[from] item: Leftovers
|upkeep
|turn|25
|
|t:|1776121601
|move|p1a: Cinderace|Pyro Ball|p2a: Hatterene
|-damage|p2a: Hatterene|17/100
|move|p2a: Hatterene|Draining Kiss|p1a: Cinderace
|-resisted|p1a: Cinderace
|-damage|p1a: Cinderace|40/100 par
|-heal|p2a: Hatterene|33/100|[from] drain|[of] p1a: Cinderace
|
|-heal|p2a: Hatterene|39/100|[from] item: Leftovers
|upkeep
|turn|26
|
|t:|1776121610
|cant|p1a: Cinderace|par
|move|p2a: Hatterene|Draining Kiss|p1a: Cinderace
|-resisted|p1a: Cinderace
|-damage|p1a: Cinderace|15/100 par
|-heal|p2a: Hatterene|56/100|[from] drain|[of] p1a: Cinderace
|
|-heal|p2a: Hatterene|62/100|[from] item: Leftovers
|upkeep
|turn|27
|c|☆AerosmithJR|Ni que hacerle
|
|t:|1776121619
|move|p1a: Cinderace|Pyro Ball|p2a: Hatterene
|-damage|p2a: Hatterene|14/100
|move|p2a: Hatterene|Draining Kiss|p1a: Cinderace
|-resisted|p1a: Cinderace
|-damage|p1a: Cinderace|0 fnt
|-heal|p2a: Hatterene|25/100|[from] drain|[of] p1a: Cinderace
|faint|p1a: Cinderace
|
|-heal|p2a: Hatterene|31/100|[from] item: Leftovers
|upkeep
|
|t:|1776121627
|switch|p1a: Kyurem|Kyurem|100/100
|-ability|p1a: Kyurem|Pressure
|turn|28
|
|t:|1776121633
|move|p1a: Kyurem|Ice Beam|p2a: Hatterene
|-damage|p2a: Hatterene|0 fnt
|faint|p2a: Hatterene
|
|win|AerosmithJR
|c|☆AerosmithJR|Gg
