|html|<div class="broadcast-blue"><strong>[Gen 9] OU is currently suspecting Tera Blast! For information on how to participate check out the <a href="https://www.smogon.com/tools/suspects/view/200">suspect thread</a>.</strong></div>
|j|☆ToyaBear
|j|☆ghjdjaja
|t:|1776065167
|gametype|singles
|player|p1|ToyaBear|red|1107
|player|p2|ghjdjaja|170|1095
|gen|9
|tier|[Gen 9] OU
|rated|
|rule|HP Percentage Mod: HP is shown in percentages
|rule|Endless Battle Clause: Forcing endless battles is banned
|rule|Species Clause: Limit one of each Pokémon
|rule|OHKO Clause: OHKO moves are banned
|rule|Evasion Items Clause: Evasion items are banned
|rule|Evasion Moves Clause: Evasion moves are banned
|rule|Evasion Abilities Clause: Evasion abilities are banned
|rule|Sleep Moves Clause: Sleep-inducing moves are banned
|clearpoke
|poke|p1|Dragonite, M|
|poke|p1|Blaziken, M|
|poke|p1|Gliscor, M|
|poke|p1|Iron Treads|
|poke|p1|Rotom-Wash|
|poke|p1|Gengar, M|
|poke|p2|Magnezone|
|poke|p2|Heracross, F|
|poke|p2|Golduck, M|
|poke|p2|Barraskewda, F|
|poke|p2|Politoed, M|
|poke|p2|Pelipper, M|
|teampreview
|j| ohko_smeargle
|inactive|Battle timer is ON: inactive players will automatically lose when time's up. (requested by ToyaBear)
|
|t:|1776065188
|teamsize|p1|6
|teamsize|p2|6
|start
|switch|p1a: Gliscor|Gliscor, M|100/100
|switch|p2a: Politoed|Politoed, M|100/100
|-weather|RainDance|[from] ability: Drizzle|[of] p2a: Politoed
|turn|1
|
|t:|1776065204
|move|p1a: Gliscor|U-turn|p2a: Politoed
|-damage|p2a: Politoed|80/100
|
|t:|1776065207
|switch|p1a: Rotom|Rotom-Wash|100/100|[from] U-turn
|move|p2a: Politoed|Blizzard|p1a: Rotom
|-resisted|p1a: Rotom
|-damage|p1a: Rotom|84/100
|-status|p1a: Rotom|frz
|
|-weather|RainDance|[upkeep]
|-heal|p1a: Rotom|90/100 frz|[from] item: Leftovers
|upkeep
|turn|2
|
|t:|1776065225
|switch|p2a: Magnezone|Magnezone, shiny|100/100
|cant|p1a: Rotom|frz
|
|-weather|RainDance|[upkeep]
|-heal|p1a: Rotom|97/100 frz|[from] item: Leftovers
|upkeep
|turn|3
|
|t:|1776065238
|cant|p1a: Rotom|frz
|move|p2a: Magnezone|Tri Attack|p1a: Rotom
|-damage|p1a: Rotom|34/100 frz
|
|-weather|RainDance|[upkeep]
|-heal|p1a: Rotom|40/100 frz|[from] item: Leftovers
|upkeep
|turn|4
|
|t:|1776065245
|-curestatus|p1a: Rotom|frz|[msg]
|move|p1a: Rotom|Hydro Pump|p2a: Magnezone|[miss]
|-miss|p1a: Rotom|p2a: Magnezone
|move|p2a: Magnezone|Tri Attack|p1a: Rotom
|-damage|p1a: Rotom|0 fnt
|faint|p1a: Rotom
|
|-weather|RainDance|[upkeep]
|upkeep
|
|t:|1776065258
|switch|p1a: Iron Treads|Iron Treads|100/100
|-enditem|p1a: Iron Treads|Booster Energy
|-activate|p1a: Iron Treads|ability: Quark Drive|[fromitem]
|-start|p1a: Iron Treads|quarkdriveatk
|turn|5
|
|t:|1776065263
|switch|p2a: Pelipper|Pelipper, M|100/100
|move|p1a: Iron Treads|Earthquake|p2a: Pelipper
|-immune|p2a: Pelipper
|
|-weather|none
|upkeep
|turn|6
|
|t:|1776065276
|move|p1a: Iron Treads|Ice Spinner|p2a: Pelipper
|-crit|p2a: Pelipper
|-damage|p2a: Pelipper|44/100
|move|p2a: Pelipper|Hurricane|p1a: Iron Treads
|-resisted|p1a: Iron Treads
|-damage|p1a: Iron Treads|68/100
|-start|p1a: Iron Treads|confusion
|
|-heal|p2a: Pelipper|50/100|[from] item: Leftovers
|upkeep
|turn|7
|
|t:|1776065289
|switch|p2a: Politoed|Politoed, M|80/100
|-weather|RainDance|[from] ability: Drizzle|[of] p2a: Politoed
|-activate|p1a: Iron Treads|confusion
|move|p1a: Iron Treads|Ice Spinner|p2a: Politoed
|-resisted|p2a: Politoed
|-crit|p2a: Politoed
|-damage|p2a: Politoed|51/100
|
|-weather|RainDance|[upkeep]
|upkeep
|turn|8
|
|t:|1776065301
|-end|p1a: Iron Treads|confusion
|move|p1a: Iron Treads|Earthquake|p2a: Politoed
|-damage|p2a: Politoed|0 fnt
|faint|p2a: Politoed
|
|-weather|RainDance|[upkeep]
|upkeep
|
|t:|1776065306
|switch|p2a: Golduck|Golduck, M|100/100
|turn|9
|
|t:|1776065313
|move|p2a: Golduck|Hydro Pump|p1a: Iron Treads
|-supereffective|p1a: Iron Treads
|-damage|p1a: Iron Treads|0 fnt
|faint|p1a: Iron Treads
|-end|p1a: Iron Treads|Quark Drive|[silent]
|
|-weather|RainDance|[upkeep]
|upkeep
|
|t:|1776065320
|switch|p1a: Dragonite|Dragonite, M|100/100
|turn|10
|
|t:|1776065327
|move|p2a: Golduck|Hydro Pump|p1a: Dragonite|[miss]
|-miss|p2a: Golduck|p1a: Dragonite
|move|p1a: Dragonite|Dragon Dance|p1a: Dragonite
|-boost|p1a: Dragonite|atk|1
|-boost|p1a: Dragonite|spe|1
|
|-weather|RainDance|[upkeep]
|upkeep
|turn|11
|
|t:|1776065338
|-terastallize|p1a: Dragonite|Dragon
|move|p2a: Golduck|Hydro Pump|p1a: Dragonite|[miss]
|-miss|p2a: Golduck|p1a: Dragonite
|move|p1a: Dragonite|Dragon Claw|p2a: Golduck
|-damage|p2a: Golduck|0 fnt
|faint|p2a: Golduck
|
|-weather|none
|upkeep
|
|t:|1776065348
|switch|p2a: Magnezone|Magnezone, shiny|100/100
|turn|12
|
|t:|1776065355
|move|p1a: Dragonite|Earthquake|p2a: Magnezone
|-supereffective|p2a: Magnezone
|-damage|p2a: Magnezone|0 fnt
|faint|p2a: Magnezone
|
|upkeep
|
|t:|1776065359
|switch|p2a: Pelipper|Pelipper, M|50/100
|-weather|RainDance|[from] ability: Drizzle|[of] p2a: Pelipper
|turn|13
|
|t:|1776065363
|move|p1a: Dragonite|Dragon Claw|p2a: Pelipper
|-damage|p2a: Pelipper|0 fnt
|faint|p2a: Pelipper
|
|-weather|RainDance|[upkeep]
|upkeep
|
|t:|1776065365
|switch|p2a: Barraskewda|Barraskewda, F|100/100
|turn|14
|
|t:|1776065371
|-terastallize|p2a: Barraskewda|Fighting
|move|p2a: Barraskewda|Close Combat|p1a: Dragonite
|-damage|p1a: Dragonite|49/100
|-unboost|p2a: Barraskewda|def|1
|-unboost|p2a: Barraskewda|spd|1
|move|p1a: Dragonite|Dragon Claw|p2a: Barraskewda
|-damage|p2a: Barraskewda|0 fnt
|faint|p2a: Barraskewda
|
|-weather|RainDance|[upkeep]
|upkeep
|
|t:|1776065379
|switch|p2a: Heracross|Heracross, F|100/100
|turn|15
|l|☆ghjdjaja
|inactive|ghjdjaja disconnected and has a minute to reconnect!
|player|p2|
|inactive|ghjdjaja has 30 seconds to reconnect!
|inactive|ghjdjaja has 20 seconds to reconnect!
|inactive|ghjdjaja has 15 seconds to reconnect!
|inactive|ghjdjaja has 10 seconds to reconnect!
|inactive|ghjdjaja has 5 seconds to reconnect!
|-message|ghjdjaja lost due to inactivity.
|
|win|ToyaBear
|raw|ToyaBear's rating: 1107 &rarr; <strong>1131</strong><br />(+24 for winning)
|raw|ghjdjaja's rating: 1095 &rarr; <strong>1072</strong><br />(-23 for losing)
|l| ohko_smeargle
|l|☆ToyaBear
|player|p1|
