|html|<div class="broadcast-blue"><strong>[Gen 9] OU is currently suspecting Tera Blast! For information on how to participate check out the <a href="https://www.smogon.com/tools/suspects/view/200">suspect thread</a>.</strong></div>
|j|☆Bomi0
|j|☆suminkwak249
|t:|1776308393
|gametype|singles
|player|p1|Bomi0|parasollady|
|player|p2|suminkwak249|102|
|gen|9
|tier|[Gen 9] OU
|rule|HP Percentage Mod: HP is shown in percentages
|rule|Endless Battle Clause: Forcing endless battles is banned
|rule|Species Clause: Limit one of each Pokémon
|rule|OHKO Clause: OHKO moves are banned
|rule|Evasion Items Clause: Evasion items are banned
|rule|Evasion Moves Clause: Evasion moves are banned
|rule|Evasion Abilities Clause: Evasion abilities are banned
|rule|Sleep Moves Clause: Sleep-inducing moves are banned
|clearpoke
|poke|p1|Mimikyu, F|
|poke|p1|Cresselia, F|
|poke|p1|Ursaluna, M|
|poke|p1|Hatterene, F|
|poke|p1|Iron Hands|
|poke|p1|Azumarill, F|
|poke|p2|Torkoal, F|
|poke|p2|Walking Wake|
|poke|p2|Iron Treads|
|poke|p2|Raging Bolt|
|poke|p2|Ceruledge, F|
|poke|p2|Espeon, M|
|teampreview
|
|t:|1776308405
|teamsize|p1|6
|teamsize|p2|6
|start
|switch|p1a: Karma|Hatterene, F, shiny|100/100
|switch|p2a: Torkoal|Torkoal, F|100/100
|-weather|SunnyDay|[from] ability: Drought|[of] p2a: Torkoal
|turn|1
|
|t:|1776308409
|move|p2a: Torkoal|Overheat|p1a: Karma
|-damage|p1a: Karma|35/100
|-unboost|p2a: Torkoal|spa|2
|move|p1a: Karma|Trick Room|p1a: Karma
|-fieldstart|move: Trick Room|[of] p1a: Karma
|
|-weather|SunnyDay|[upkeep]
|upkeep
|turn|2
|
|t:|1776308445
|switch|p2a: Iron Treads|Iron Treads|100/100
|-enditem|p2a: Iron Treads|Booster Energy
|-activate|p2a: Iron Treads|ability: Quark Drive|[fromitem]
|-start|p2a: Iron Treads|quarkdrivespe
|move|p1a: Karma|Healing Wish|p1a: Karma
|faint|p1a: Karma
|
|-weather|SunnyDay|[upkeep]
|upkeep
|
|t:|1776308451
|switch|p1a: Pooh|Ursaluna, M|100/100
|turn|3
|
|t:|1776308456
|move|p1a: Pooh|Protect|p1a: Pooh
|-singleturn|p1a: Pooh|Protect
|move|p2a: Iron Treads|Ice Spinner|p1a: Pooh
|-activate|p1a: Pooh|move: Protect
|
|-weather|SunnyDay|[upkeep]
|-status|p1a: Pooh|brn|[from] item: Flame Orb
|upkeep
|turn|4
|
|t:|1776308460
|-end|p2a: Iron Treads|Quark Drive|[silent]
|switch|p2a: Espeon|Espeon, M|100/100
|move|p1a: Pooh|Headlong Rush|p2a: Espeon
|-crit|p2a: Espeon
|-damage|p2a: Espeon|0 fnt
|-unboost|p1a: Pooh|def|1
|-unboost|p1a: Pooh|spd|1
|faint|p2a: Espeon
|
|-weather|SunnyDay|[upkeep]
|-damage|p1a: Pooh|94/100 brn|[from] brn
|upkeep
|
|t:|1776308467
|switch|p2a: Ceruledge|Ceruledge, F|100/100
|turn|5
|
|t:|1776308470
|switch|p1a: Pikaboo|Mimikyu, F|100/100
|move|p2a: Ceruledge|Swords Dance|p2a: Ceruledge
|-boost|p2a: Ceruledge|atk|2
|
|-weather|SunnyDay|[upkeep]
|-fieldend|move: Trick Room
|upkeep
|turn|6
|
|t:|1776308477
|move|p2a: Ceruledge|Bitter Blade|p1a: Pikaboo
|-activate|p1a: Pikaboo|ability: Disguise
|-damage|p1a: Pikaboo|100/100
|detailschange|p1a: Pikaboo|Mimikyu-Busted, F
|-damage|p1a: Pikaboo|88/100|[from] pokemon: Mimikyu-Busted
|move|p1a: Pikaboo|Trick Room|p1a: Pikaboo
|-fieldstart|move: Trick Room|[of] p1a: Pikaboo
|
|-weather|SunnyDay|[upkeep]
|upkeep
|turn|7
|
|t:|1776308480
|move|p1a: Pikaboo|Destiny Bond|p1a: Pikaboo
|-singlemove|p1a: Pikaboo|Destiny Bond
|move|p2a: Ceruledge|Bitter Blade|p1a: Pikaboo
|-damage|p1a: Pikaboo|0 fnt
|faint|p1a: Pikaboo
|-activate|p1a: Pikaboo|move: Destiny Bond
|faint|p2a: Ceruledge
|
|-weather|SunnyDay|[upkeep]
|upkeep
|
|t:|1776308488
|switch|p1a: Pooh|Ursaluna, M|94/100 brn
|switch|p2a: Iron Treads|Iron Treads|100/100
|-heal|p1a: Pooh|100/100|[from] move: Healing Wish
|turn|8
|
|t:|1776308493
|move|p1a: Pooh|Protect|p1a: Pooh
|-singleturn|p1a: Pooh|Protect
|move|p2a: Iron Treads|Ice Spinner|p1a: Pooh
|-activate|p1a: Pooh|move: Protect
|
|-weather|none
|-status|p1a: Pooh|brn|[from] item: Flame Orb
|upkeep
|turn|9
|
|t:|1776308498
|move|p1a: Pooh|Headlong Rush|p2a: Iron Treads
|-supereffective|p2a: Iron Treads
|-damage|p2a: Iron Treads|0 fnt
|-unboost|p1a: Pooh|def|1
|-unboost|p1a: Pooh|spd|1
|faint|p2a: Iron Treads
|-end|p2a: Iron Treads|Quark Drive|[silent]
|
|-damage|p1a: Pooh|94/100 brn|[from] brn
|upkeep
|
|t:|1776308502
|switch|p2a: Torkoal|Torkoal, F|100/100
|-weather|SunnyDay|[from] ability: Drought|[of] p2a: Torkoal
|turn|10
|
|t:|1776308507
|move|p2a: Torkoal|Overheat|p1a: Pooh
|-damage|p1a: Pooh|0 fnt
|-unboost|p2a: Torkoal|spa|2
|faint|p1a: Pooh
|
|-weather|SunnyDay|[upkeep]
|-fieldend|move: Trick Room
|upkeep
|
|t:|1776308512
|switch|p1a: Dancing Queen|Cresselia, F, shiny|100/100
|turn|11
|
|t:|1776308521
|switch|p2a: Walking Wake|Walking Wake|100/100
|-activate|p2a: Walking Wake|ability: Protosynthesis
|-start|p2a: Walking Wake|protosynthesisspe
|move|p1a: Dancing Queen|Trick Room|p1a: Dancing Queen
|-fieldstart|move: Trick Room|[of] p1a: Dancing Queen
|
|-weather|SunnyDay|[upkeep]
|upkeep
|turn|12
|
|t:|1776308530
|switch|p1a: High Five|Iron Hands|100/100
|move|p2a: Walking Wake|Flip Turn|p1a: High Five
|-damage|p1a: High Five|96/100
|
|t:|1776308536
|-end|p2a: Walking Wake|Protosynthesis|[silent]
|switch|p2a: Torkoal|Torkoal, F|100/100|[from] Flip Turn
|
|-weather|SunnyDay|[upkeep]
|upkeep
|turn|13
|
|t:|1776308543
|move|p2a: Torkoal|Overheat|p1a: High Five
|-damage|p1a: High Five|48/100
|-unboost|p2a: Torkoal|spa|2
|-enditem|p1a: High Five|Sitrus Berry|[eat]
|-heal|p1a: High Five|73/100|[from] item: Sitrus Berry
|move|p1a: High Five|Drain Punch|p2a: Torkoal
|-damage|p2a: Torkoal|72/100
|-heal|p1a: High Five|81/100|[from] drain|[of] p2a: Torkoal
|
|-weather|SunnyDay|[upkeep]
|upkeep
|turn|14
|
|t:|1776308547
|move|p2a: Torkoal|Earthquake|p1a: High Five
|-supereffective|p1a: High Five
|-damage|p1a: High Five|55/100
|move|p1a: High Five|Swords Dance|p1a: High Five
|-boost|p1a: High Five|atk|2
|
|-weather|SunnyDay|[upkeep]
|upkeep
|turn|15
|
|t:|1776308552
|-terastallize|p1a: High Five|Flying
|move|p2a: Torkoal|Earthquake|p1a: High Five
|-immune|p1a: High Five
|move|p1a: High Five|Drain Punch|p2a: Torkoal
|-damage|p2a: Torkoal|12/100
|-heal|p1a: High Five|73/100|[from] drain|[of] p2a: Torkoal
|
|-weather|SunnyDay|[upkeep]
|-fieldend|move: Trick Room
|upkeep
|turn|16
|
|t:|1776308572
|switch|p2a: Walking Wake|Walking Wake|100/100
|-activate|p2a: Walking Wake|ability: Protosynthesis
|-start|p2a: Walking Wake|protosynthesisspe
|move|p1a: High Five|Drain Punch|p2a: Walking Wake
|-damage|p2a: Walking Wake|21/100
|-heal|p1a: High Five|99/100|[from] drain|[of] p2a: Walking Wake
|
|-weather|SunnyDay|[upkeep]
|upkeep
|turn|17
|
|t:|1776308580
|move|p2a: Walking Wake|Hydro Steam|p1a: High Five
|-damage|p1a: High Five|47/100
|move|p1a: High Five|Drain Punch|p2a: Walking Wake
|-damage|p2a: Walking Wake|0 fnt
|-heal|p1a: High Five|54/100|[from] drain|[of] p2a: Walking Wake
|faint|p2a: Walking Wake
|-end|p2a: Walking Wake|Protosynthesis|[silent]
|
|-weather|none
|upkeep
|
|t:|1776308583
|switch|p2a: Raging Bolt|Raging Bolt|100/100
|turn|18
|
|t:|1776308587
|move|p2a: Raging Bolt|Thunderbolt|p1a: High Five
|-supereffective|p1a: High Five
|-damage|p1a: High Five|0 fnt
|faint|p1a: High Five
|-end|p1a: High Five|Quark Drive|[silent]
|-damage|p2a: Raging Bolt|91/100|[from] item: Life Orb
|
|upkeep
|
|t:|1776308590
|switch|p1a: Dancing Queen|Cresselia, F, shiny|100/100
|turn|19
|
|t:|1776308592
|-end|p2a: Raging Bolt|Protosynthesis|[silent]
|switch|p2a: Torkoal|Torkoal, F|12/100
|-weather|SunnyDay|[from] ability: Drought|[of] p2a: Torkoal
|move|p1a: Dancing Queen|Trick Room|p1a: Dancing Queen
|-fieldstart|move: Trick Room|[of] p1a: Dancing Queen
|
|-weather|SunnyDay|[upkeep]
|upkeep
|turn|20
|
|t:|1776308597
|move|p2a: Torkoal|Overheat|p1a: Dancing Queen
|-damage|p1a: Dancing Queen|57/100
|-unboost|p2a: Torkoal|spa|2
|move|p1a: Dancing Queen|Psychic|p2a: Torkoal
|-damage|p2a: Torkoal|0 fnt
|faint|p2a: Torkoal
|
|-weather|SunnyDay|[upkeep]
|upkeep
|
|t:|1776308599
|switch|p2a: Raging Bolt|Raging Bolt|91/100
|-activate|p2a: Raging Bolt|ability: Protosynthesis
|-start|p2a: Raging Bolt|protosynthesisspa
|turn|21
|
|t:|1776308605
|-terastallize|p2a: Raging Bolt|Fairy
|move|p1a: Dancing Queen|Ice Beam|p2a: Raging Bolt
|-damage|p2a: Raging Bolt|75/100
|move|p2a: Raging Bolt|Thunderbolt|p1a: Dancing Queen
|-damage|p1a: Dancing Queen|13/100
|-damage|p2a: Raging Bolt|65/100|[from] item: Life Orb
|
|-weather|SunnyDay|[upkeep]
|upkeep
|turn|22
|
|t:|1776308613
|move|p2a: Raging Bolt|Thunderclap|p1a: Dancing Queen
|-damage|p1a: Dancing Queen|0 fnt
|faint|p1a: Dancing Queen
|-damage|p2a: Raging Bolt|55/100|[from] item: Life Orb
|
|-weather|SunnyDay|[upkeep]
|upkeep
|
|t:|1776308614
|switch|p1a: Psymarill|Azumarill, F|100/100
|turn|23
|
|t:|1776308628
|move|p2a: Raging Bolt|Thunderclap|p1a: Psymarill
|-supereffective|p1a: Psymarill
|-damage|p1a: Psymarill|11/100
|-damage|p2a: Raging Bolt|45/100|[from] item: Life Orb
|move|p1a: Psymarill|Play Rough|p2a: Raging Bolt
|-damage|p2a: Raging Bolt|0 fnt
|faint|p2a: Raging Bolt
|-end|p2a: Raging Bolt|Protosynthesis|[silent]
|
|win|Bomi0
