|html|<div class="broadcast-blue"><strong>[Gen 9] OU is currently suspecting Tera Blast! For information on how to participate check out the <a href="https://www.smogon.com/tools/suspects/view/200">suspect thread</a>.</strong></div>
|j|☆thelostsaint
|j|☆Manu016
|t:|1776099482
|gametype|singles
|player|p1|thelostsaint|gambler|
|player|p2|Manu016|hilbert-wonderlauncher|
|gen|9
|tier|[Gen 9] OU
|rule|HP Percentage Mod: HP is shown in percentages
|rule|Endless Battle Clause: Forcing endless battles is banned
|rule|Species Clause: Limit one of each Pokémon
|rule|OHKO Clause: OHKO moves are banned
|rule|Evasion Items Clause: Evasion items are banned
|rule|Evasion Moves Clause: Evasion moves are banned
|rule|Evasion Abilities Clause: Evasion abilities are banned
|rule|Sleep Moves Clause: Sleep-inducing moves are banned
|clearpoke
|poke|p1|Cinderace, L75, M|
|poke|p1|Primarina, L75, F|
|poke|p1|Rhyperior, L75, M|
|poke|p1|Conkeldurr, L75, M|
|poke|p1|Overqwil, L75, M|
|poke|p1|Hydrapple, L75, F|
|poke|p2|Blaziken, L75, F|
|poke|p2|Gliscor, L75, M|
|poke|p2|Ceruledge, L75, F|
|poke|p2|Arcanine-Hisui, L75, M|
|poke|p2|Mandibuzz, L75, F|
|poke|p2|Slowking, L75, M|
|teampreview
|j| ohko_smeargle
|
|t:|1776099520
|teamsize|p1|6
|teamsize|p2|6
|start
|switch|p1a: Divine|Primarina, L75, F|100/100
|switch|p2a: Ceruledge|Ceruledge, L75, F, shiny|100/100
|turn|1
|
|t:|1776099531
|switch|p2a: Slowking|Slowking, L75, M, shiny|100/100
|move|p1a: Divine|Surf|p2a: Slowking
|-resisted|p2a: Slowking
|-damage|p2a: Slowking|82/100
|
|upkeep
|turn|2
|
|t:|1776099542
|move|p1a: Divine|Moonblast|p2a: Slowking
|-damage|p2a: Slowking|40/100
|move|p2a: Slowking|Thunder Wave|p1a: Divine
|-status|p1a: Divine|par
|
|upkeep
|turn|3
|
|t:|1776099587
|move|p2a: Slowking|Slack Off|p2a: Slowking
|-heal|p2a: Slowking|90/100
|move|p1a: Divine|Flip Turn|p2a: Slowking
|-resisted|p2a: Slowking
|-damage|p2a: Slowking|82/100
|
|t:|1776099596
|switch|p1a: Spike|Overqwil, L75, M|100/100|[from] Flip Turn
|-ability|p1a: Spike|Intimidate|boost
|-unboost|p2a: Slowking|atk|1
|
|upkeep
|turn|4
|
|t:|1776099604
|move|p1a: Spike|Toxic Spikes|p2a: Slowking
|-sidestart|p2: Manu016|move: Toxic Spikes
|move|p2a: Slowking|Thunder Wave|p1a: Spike|[miss]
|-miss|p2a: Slowking|p1a: Spike
|
|upkeep
|turn|5
|
|t:|1776099617
|move|p1a: Spike|Crunch|p2a: Slowking
|-supereffective|p2a: Slowking
|-damage|p2a: Slowking|0 fnt
|faint|p2a: Slowking
|
|upkeep
|
|t:|1776099624
|switch|p2a: Mandibuzz|Mandibuzz, L75, F|100/100
|turn|6
|
|t:|1776099630
|move|p1a: Spike|Barb Barrage|p2a: Mandibuzz
|-damage|p2a: Mandibuzz|80/100
|move|p2a: Mandibuzz|Defog|p1a: Spike
|-unboost|p1a: Spike|evasion|1
|-sideend|p2: Manu016|Toxic Spikes|[from] move: Defog|[of] p2a: Mandibuzz
|
|-heal|p2a: Mandibuzz|86/100|[from] item: Leftovers
|upkeep
|turn|7
|
|t:|1776099639
|switch|p2a: Gliscor|Gliscor, L75, M, shiny|100/100
|move|p1a: Spike|Barb Barrage|p2a: Gliscor
|-resisted|p2a: Gliscor
|-damage|p2a: Gliscor|91/100
|-status|p2a: Gliscor|psn
|
|-heal|p2a: Gliscor|100/100 psn|[from] ability: Poison Heal
|upkeep
|turn|8
|
|t:|1776099658
|switch|p1a: Sweet|Hydrapple, L75, F|100/100
|move|p2a: Gliscor|Swords Dance|p2a: Gliscor
|-boost|p2a: Gliscor|atk|2
|
|upkeep
|turn|9
|
|t:|1776099666
|move|p2a: Gliscor|Swords Dance|p2a: Gliscor
|-boost|p2a: Gliscor|atk|2
|move|p1a: Sweet|Giga Drain|p2a: Gliscor
|-damage|p2a: Gliscor|50/100 psn
|
|-heal|p2a: Gliscor|62/100 psn|[from] ability: Poison Heal
|upkeep
|turn|10
|
|t:|1776099677
|move|p2a: Gliscor|Facade|p1a: Sweet
|-damage|p1a: Sweet|26/100
|move|p1a: Sweet|Fickle Beam|p2a: Gliscor|[anim] Fickle Beam All Out
|-activate|p1a: Sweet|move: Fickle Beam
|-crit|p2a: Gliscor
|-damage|p2a: Gliscor|0 fnt
|faint|p2a: Gliscor
|
|-heal|p1a: Sweet|32/100|[from] item: Leftovers
|upkeep
|l|☆thelostsaint
|player|p1|
|
|t:|1776099696
|switch|p2a: Ceruledge|Ceruledge, L75, F, shiny|100/100
|turn|11
|j|☆thelostsaint
|player|p1|thelostsaint|gambler|
|
|t:|1776099710
|switch|p1a: Spike|Overqwil, L75, M|100/100
|-ability|p1a: Spike|Intimidate|boost
|-unboost|p2a: Ceruledge|atk|1
|move|p2a: Ceruledge|Bulk Up|p2a: Ceruledge
|-boost|p2a: Ceruledge|atk|1
|-boost|p2a: Ceruledge|def|1
|
|upkeep
|turn|12
|
|t:|1776099730
|move|p2a: Ceruledge|Bitter Blade|p1a: Spike
|-damage|p1a: Spike|53/100
|move|p1a: Spike|Crunch|p2a: Ceruledge
|-supereffective|p2a: Ceruledge
|-damage|p2a: Ceruledge|24/100
|
|-heal|p1a: Spike|59/100|[from] item: Black Sludge
|upkeep
|turn|13
|
|t:|1776099739
|move|p2a: Ceruledge|Bitter Blade|p1a: Spike
|-damage|p1a: Spike|16/100
|-heal|p2a: Ceruledge|47/100|[from] drain|[of] p1a: Spike
|move|p1a: Spike|Crunch|p2a: Ceruledge
|-supereffective|p2a: Ceruledge
|-damage|p2a: Ceruledge|0 fnt
|faint|p2a: Ceruledge
|
|-heal|p1a: Spike|22/100|[from] item: Black Sludge
|upkeep
|
|t:|1776099747
|switch|p2a: Blaziken|Blaziken, L75, F, shiny|100/100
|turn|14
|
|t:|1776099766
|move|p2a: Blaziken|Protect|p2a: Blaziken
|-singleturn|p2a: Blaziken|Protect
|move|p1a: Spike|Barb Barrage|p2a: Blaziken
|-activate|p2a: Blaziken|move: Protect
|
|-heal|p1a: Spike|28/100|[from] item: Black Sludge
|-ability|p2a: Blaziken|Speed Boost|boost
|-boost|p2a: Blaziken|spe|1
|upkeep
|turn|15
|
|t:|1776099773
|move|p2a: Blaziken|Swords Dance|p2a: Blaziken
|-boost|p2a: Blaziken|atk|2
|move|p1a: Spike|Barb Barrage|p2a: Blaziken
|-damage|p2a: Blaziken|53/100
|-status|p2a: Blaziken|psn
|
|-heal|p1a: Spike|34/100|[from] item: Black Sludge
|-damage|p2a: Blaziken|40/100 psn|[from] psn
|-ability|p2a: Blaziken|Speed Boost|boost
|-boost|p2a: Blaziken|spe|1
|upkeep
|turn|16
|
|t:|1776099786
|move|p1a: Spike|Aqua Jet|p2a: Blaziken
|-supereffective|p2a: Blaziken
|-damage|p2a: Blaziken|0 fnt
|faint|p2a: Blaziken
|
|-heal|p1a: Spike|39/100|[from] item: Black Sludge
|upkeep
|
|t:|1776099791
|switch|p2a: Mandibuzz|Mandibuzz, L75, F|86/100
|turn|17
|
|t:|1776099794
|move|p1a: Spike|Barb Barrage|p2a: Mandibuzz
|-damage|p2a: Mandibuzz|63/100
|-status|p2a: Mandibuzz|psn
|move|p2a: Mandibuzz|Foul Play|p1a: Spike
|-resisted|p1a: Spike
|-damage|p1a: Spike|15/100
|
|-heal|p1a: Spike|21/100|[from] item: Black Sludge
|-heal|p2a: Mandibuzz|70/100 psn|[from] item: Leftovers
|-damage|p2a: Mandibuzz|57/100 psn|[from] psn
|upkeep
|turn|18
|
|t:|1776099799
|move|p1a: Spike|Barb Barrage|p2a: Mandibuzz
|-damage|p2a: Mandibuzz|14/100 psn
|move|p2a: Mandibuzz|Foul Play|p1a: Spike
|-resisted|p1a: Spike
|-damage|p1a: Spike|0 fnt
|faint|p1a: Spike
|
|-heal|p2a: Mandibuzz|20/100 psn|[from] item: Leftovers
|-damage|p2a: Mandibuzz|7/100 psn|[from] psn
|upkeep
|
|t:|1776099808
|switch|p1a: Brave|Conkeldurr, L75, M|100/100
|turn|19
|
|t:|1776099812
|move|p2a: Mandibuzz|Toxic|p1a: Brave
|-status|p1a: Brave|tox
|move|p1a: Brave|Bulk Up|p1a: Brave
|-boost|p1a: Brave|atk|1
|-boost|p1a: Brave|def|1
|
|-heal|p2a: Mandibuzz|14/100 psn|[from] item: Leftovers
|-damage|p2a: Mandibuzz|1/100 psn|[from] psn
|-damage|p1a: Brave|94/100 tox|[from] psn
|upkeep
|turn|20
|
|t:|1776099819
|move|p1a: Brave|Mach Punch|p2a: Mandibuzz
|-damage|p2a: Mandibuzz|0 fnt
|faint|p2a: Mandibuzz
|
|-damage|p1a: Brave|82/100 tox|[from] psn
|upkeep
|
|t:|1776099823
|switch|p2a: Arcanine|Arcanine-Hisui, L75, M|100/100
|turn|21
|
|t:|1776099830
|move|p2a: Arcanine|Flare Blitz|p1a: Brave
|-damage|p1a: Brave|34/100 tox
|move|p1a: Brave|Drain Punch|p2a: Arcanine
|-supereffective|p2a: Arcanine
|-damage|p2a: Arcanine|0 fnt
|-heal|p1a: Brave|74/100 tox|[from] drain|[of] p2a: Arcanine
|faint|p2a: Arcanine
|
|win|thelostsaint
|l| ohko_smeargle
