|html|<div class="broadcast-blue"><strong>[Gen 9] OU is currently suspecting Tera Blast! For information on how to participate check out the <a href="https://www.smogon.com/tools/suspects/view/200">suspect thread</a>.</strong></div>
|j|☆YapYapYapYapYapYap
|j|☆Blastoise_Choice
|t:|1776118929
|gametype|singles
|player|p1|YapYapYapYapYapYap|caitlin|1567
|player|p2|Blastoise_Choice|101|1597
|gen|9
|tier|[Gen 9] OU
|rated|
|rule|HP Percentage Mod: HP is shown in percentages
|rule|Endless Battle Clause: Forcing endless battles is banned
|rule|Species Clause: Limit one of each Pokémon
|rule|OHKO Clause: OHKO moves are banned
|rule|Evasion Items Clause: Evasion items are banned
|rule|Evasion Moves Clause: Evasion moves are banned
|rule|Evasion Abilities Clause: Evasion abilities are banned
|rule|Sleep Moves Clause: Sleep-inducing moves are banned
|clearpoke
|poke|p1|Iron Moth|
|poke|p1|Gliscor, F|
|poke|p1|Hatterene, F|
|poke|p1|Ogerpon-Wellspring, F|
|poke|p1|Raging Bolt|
|poke|p1|Zamazenta-*|
|poke|p2|Garganacl, M|
|poke|p2|Darkrai|
|poke|p2|Great Tusk|
|poke|p2|Hatterene, F|
|poke|p2|Tornadus-Therian, M|
|poke|p2|Dragonite, M|
|teampreview
|c|☆Blastoise_Choice|hf
|inactive|Battle timer is ON: inactive players will automatically lose when time's up. (requested by Blastoise_Choice)
|inactive|YapYapYapYapYapYap has 120 seconds left.
|
|t:|1776118986
|teamsize|p1|6
|teamsize|p2|6
|start
|switch|p1a: Zamazenta|Zamazenta|100/100
|switch|p2a: Tornadus|Tornadus-Therian, M, shiny|100/100
|-ability|p1a: Zamazenta|Dauntless Shield|boost
|-boost|p1a: Zamazenta|def|1
|turn|1
|c|☆YapYapYapYapYapYap|u2
|
|t:|1776118994
|move|p1a: Zamazenta|Light Screen|p1a: Zamazenta
|-sidestart|p1: YapYapYapYapYapYap|move: Light Screen
|move|p2a: Tornadus|Bleakwind Storm|p1a: Zamazenta
|-supereffective|p1a: Zamazenta
|-damage|p1a: Zamazenta|70/100
|
|upkeep
|turn|2
|
|t:|1776119002
|move|p1a: Zamazenta|Reflect|p1a: Zamazenta
|-sidestart|p1: YapYapYapYapYapYap|Reflect
|move|p2a: Tornadus|Knock Off|p1a: Zamazenta
|-resisted|p1a: Zamazenta
|-damage|p1a: Zamazenta|67/100
|-enditem|p1a: Zamazenta|Light Clay|[from] move: Knock Off|[of] p2a: Tornadus
|
|upkeep
|turn|3
|
|t:|1776119015
|switch|p1a: Iron Moth|Iron Moth|100/100
|-enditem|p1a: Iron Moth|Booster Energy
|-activate|p1a: Iron Moth|ability: Quark Drive|[fromitem]
|-start|p1a: Iron Moth|quarkdrivespe
|move|p2a: Tornadus|Bleakwind Storm|p1a: Iron Moth|[miss]
|-miss|p2a: Tornadus|p1a: Iron Moth
|
|upkeep
|turn|4
|
|t:|1776119022
|move|p1a: Iron Moth|Fiery Dance|p2a: Tornadus
|-damage|p2a: Tornadus|72/100
|move|p2a: Tornadus|U-turn|p1a: Iron Moth
|-resisted|p1a: Iron Moth
|-damage|p1a: Iron Moth|98/100
|
|t:|1776119029
|switch|p2a: Garganacl|Garganacl, M|100/100|[from] U-turn
|
|upkeep
|turn|5
|
|t:|1776119038
|move|p2a: Garganacl|Salt Cure|p1a: Iron Moth
|-supereffective|p1a: Iron Moth
|-damage|p1a: Iron Moth|76/100
|-start|p1a: Iron Moth|Salt Cure
|move|p1a: Iron Moth|Whirlwind|p2a: Garganacl
|drag|p2a: Hatterene|Hatterene, F|100/100
|
|-damage|p1a: Iron Moth|63/100|[from] Salt Cure
|upkeep
|turn|6
|
|t:|1776119045
|switch|p2a: Dragonite|Dragonite, M|100/100
|move|p1a: Iron Moth|Fiery Dance|p2a: Dragonite
|-resisted|p2a: Dragonite
|-damage|p2a: Dragonite|92/100
|-boost|p1a: Iron Moth|spa|1
|
|-damage|p1a: Iron Moth|51/100|[from] Salt Cure
|upkeep
|turn|7
|
|t:|1776119051
|move|p1a: Iron Moth|Sludge Wave|p2a: Dragonite
|-damage|p2a: Dragonite|19/100
|-status|p2a: Dragonite|psn
|move|p2a: Dragonite|Roost|p2a: Dragonite
|-heal|p2a: Dragonite|69/100 psn
|-singleturn|p2a: Dragonite|move: Roost
|
|-damage|p2a: Dragonite|57/100 psn|[from] psn
|-damage|p1a: Iron Moth|39/100|[from] Salt Cure
|upkeep
|turn|8
|
|t:|1776119058
|switch|p2a: Garganacl|Garganacl, M|100/100
|move|p1a: Iron Moth|Sludge Wave|p2a: Garganacl
|-resisted|p2a: Garganacl
|-damage|p2a: Garganacl|75/100
|
|-heal|p2a: Garganacl|81/100|[from] item: Leftovers
|-damage|p1a: Iron Moth|26/100|[from] Salt Cure
|-sideend|p1: YapYapYapYapYapYap|move: Light Screen
|upkeep
|turn|9
|
|t:|1776119062
|move|p1a: Iron Moth|Toxic Spikes|p2a: Garganacl
|-sidestart|p2: Blastoise_Choice|move: Toxic Spikes
|move|p2a: Garganacl|Salt Cure|p1a: Iron Moth
|-supereffective|p1a: Iron Moth
|-damage|p1a: Iron Moth|4/100
|
|-heal|p2a: Garganacl|88/100|[from] item: Leftovers
|-damage|p1a: Iron Moth|0 fnt|[from] Salt Cure
|faint|p1a: Iron Moth
|-end|p1a: Iron Moth|Quark Drive|[silent]
|-sideend|p1: YapYapYapYapYapYap|Reflect
|upkeep
|
|t:|1776119079
|switch|p1a: Raging Bolt|Raging Bolt|100/100
|-enditem|p1a: Raging Bolt|Booster Energy
|-activate|p1a: Raging Bolt|ability: Protosynthesis|[fromitem]
|-start|p1a: Raging Bolt|protosynthesisspa
|turn|10
|
|t:|1776119085
|move|p1a: Raging Bolt|Calm Mind|p1a: Raging Bolt
|-boost|p1a: Raging Bolt|spa|1
|-boost|p1a: Raging Bolt|spd|1
|move|p2a: Garganacl|Stealth Rock|p1a: Raging Bolt
|-sidestart|p1: YapYapYapYapYapYap|move: Stealth Rock
|
|-heal|p2a: Garganacl|94/100|[from] item: Leftovers
|upkeep
|turn|11
|
|t:|1776119094
|move|p2a: Garganacl|Protect|p2a: Garganacl
|-singleturn|p2a: Garganacl|Protect
|move|p1a: Raging Bolt|Calm Mind|p1a: Raging Bolt
|-boost|p1a: Raging Bolt|spa|1
|-boost|p1a: Raging Bolt|spd|1
|
|-heal|p2a: Garganacl|99/100|[from] item: Leftovers
|upkeep
|turn|12
|
|t:|1776119101
|move|p1a: Raging Bolt|Thunderbolt|p2a: Garganacl
|-damage|p2a: Garganacl|8/100
|move|p2a: Garganacl|Salt Cure|p1a: Raging Bolt
|-damage|p1a: Raging Bolt|86/100
|-start|p1a: Raging Bolt|Salt Cure
|
|-heal|p2a: Garganacl|14/100|[from] item: Leftovers
|-damage|p1a: Raging Bolt|74/100|[from] Salt Cure
|upkeep
|turn|13
|
|t:|1776119108
|move|p1a: Raging Bolt|Calm Mind|p1a: Raging Bolt
|-boost|p1a: Raging Bolt|spa|1
|-boost|p1a: Raging Bolt|spd|1
|move|p2a: Garganacl|Recover|p2a: Garganacl
|-heal|p2a: Garganacl|64/100
|
|-heal|p2a: Garganacl|70/100|[from] item: Leftovers
|-damage|p1a: Raging Bolt|62/100|[from] Salt Cure
|upkeep
|turn|14
|
|t:|1776119114
|switch|p2a: Dragonite|Dragonite, M|57/100 psn
|move|p1a: Raging Bolt|Thunderbolt|p2a: Dragonite
|-crit|p2a: Dragonite
|-damage|p2a: Dragonite|0 fnt
|faint|p2a: Dragonite
|
|-damage|p1a: Raging Bolt|50/100|[from] Salt Cure
|upkeep
|
|t:|1776119121
|switch|p2a: Great Tusk|Great Tusk|100/100
|-status|p2a: Great Tusk|psn
|-enditem|p2a: Great Tusk|Booster Energy
|-activate|p2a: Great Tusk|ability: Protosynthesis|[fromitem]
|-start|p2a: Great Tusk|protosynthesisatk
|turn|15
|
|t:|1776119128
|move|p2a: Great Tusk|Headlong Rush|p1a: Raging Bolt
|-supereffective|p1a: Raging Bolt
|-damage|p1a: Raging Bolt|0 fnt
|-unboost|p2a: Great Tusk|def|1
|-unboost|p2a: Great Tusk|spd|1
|faint|p1a: Raging Bolt
|-end|p1a: Raging Bolt|Protosynthesis|[silent]
|
|-damage|p2a: Great Tusk|88/100 psn|[from] psn
|upkeep
|
|t:|1776119136
|switch|p1a: Ogerpon|Ogerpon-Wellspring, F|100/100
|-damage|p1a: Ogerpon|88/100|[from] Stealth Rock
|turn|16
|
|t:|1776119142
|-terastallize|p2a: Great Tusk|Ice
|move|p1a: Ogerpon|Trailblaze|p2a: Great Tusk
|-damage|p2a: Great Tusk|50/100 psn
|-boost|p1a: Ogerpon|spe|1
|move|p2a: Great Tusk|Close Combat|p1a: Ogerpon
|-damage|p1a: Ogerpon|0 fnt
|-unboost|p2a: Great Tusk|def|1
|-unboost|p2a: Great Tusk|spd|1
|faint|p1a: Ogerpon
|
|-damage|p2a: Great Tusk|38/100 psn|[from] psn
|upkeep
|
|t:|1776119161
|switch|p1a: Zamazenta|Zamazenta|67/100
|-damage|p1a: Zamazenta|61/100|[from] Stealth Rock
|turn|17
|
|t:|1776119175
|-end|p2a: Great Tusk|Protosynthesis|[silent]
|switch|p2a: Tornadus|Tornadus-Therian, M, shiny|100/100
|move|p1a: Zamazenta|Close Combat|p2a: Tornadus
|-resisted|p2a: Tornadus
|-damage|p2a: Tornadus|69/100
|-unboost|p1a: Zamazenta|def|1
|-unboost|p1a: Zamazenta|spd|1
|
|upkeep
|turn|18
|
|t:|1776119179
|move|p1a: Zamazenta|Light Screen|p1a: Zamazenta
|-sidestart|p1: YapYapYapYapYapYap|move: Light Screen
|move|p2a: Tornadus|Bleakwind Storm|p1a: Zamazenta|[miss]
|-miss|p2a: Tornadus|p1a: Zamazenta
|
|upkeep
|turn|19
|
|t:|1776119184
|move|p1a: Zamazenta|Ice Fang|p2a: Tornadus
|-supereffective|p2a: Tornadus
|-damage|p2a: Tornadus|26/100
|move|p2a: Tornadus|Knock Off|p1a: Zamazenta
|-resisted|p1a: Zamazenta
|-damage|p1a: Zamazenta|53/100
|
|upkeep
|turn|20
|
|t:|1776119188
|switch|p2a: Great Tusk|Great Tusk, tera:Ice|38/100 psn
|move|p1a: Zamazenta|Ice Fang|p2a: Great Tusk
|-resisted|p2a: Great Tusk
|-damage|p2a: Great Tusk|31/100 psn
|
|-damage|p2a: Great Tusk|19/100 psn|[from] psn
|upkeep
|turn|21
|
|t:|1776119193
|move|p1a: Zamazenta|Close Combat|p2a: Great Tusk
|-supereffective|p2a: Great Tusk
|-damage|p2a: Great Tusk|0 fnt
|-unboost|p1a: Zamazenta|def|1
|-unboost|p1a: Zamazenta|spd|1
|faint|p2a: Great Tusk
|-end|p2a: Great Tusk|Protosynthesis|[silent]
|
|upkeep
|
|t:|1776119196
|switch|p2a: Tornadus|Tornadus-Therian, M, shiny|60/100
|turn|22
|
|t:|1776119200
|move|p1a: Zamazenta|Reflect|p1a: Zamazenta
|-sidestart|p1: YapYapYapYapYapYap|Reflect
|move|p2a: Tornadus|Bleakwind Storm|p1a: Zamazenta|[miss]
|-miss|p2a: Tornadus|p1a: Zamazenta
|
|-sideend|p1: YapYapYapYapYapYap|move: Light Screen
|upkeep
|turn|23
|
|t:|1776119203
|switch|p2a: Hatterene|Hatterene, F|100/100
|-status|p2a: Hatterene|psn
|move|p1a: Zamazenta|Ice Fang|p2a: Hatterene
|-damage|p2a: Hatterene|86/100 psn
|-damage|p1a: Zamazenta|36/100|[from] item: Rocky Helmet|[of] p2a: Hatterene
|
|-damage|p2a: Hatterene|73/100 psn|[from] psn
|upkeep
|turn|24
|
|t:|1776119208
|switch|p1a: Hatterene|Hatterene, F|100/100
|-damage|p1a: Hatterene|88/100|[from] Stealth Rock
|move|p2a: Hatterene|Future Sight|p1a: Hatterene
|-start|p2a: Hatterene|move: Future Sight
|
|-heal|p1a: Hatterene|94/100|[from] item: Leftovers
|-damage|p2a: Hatterene|61/100 psn|[from] psn
|upkeep
|turn|25
|
|t:|1776119214
|move|p1a: Hatterene|Calm Mind|p1a: Hatterene
|-boost|p1a: Hatterene|spa|1
|-boost|p1a: Hatterene|spd|1
|move|p2a: Hatterene|Nuzzle|p1a: Hatterene
|-damage|p1a: Hatterene|93/100
|-status|p1a: Hatterene|par
|
|-heal|p1a: Hatterene|99/100 par|[from] item: Leftovers
|-damage|p2a: Hatterene|48/100 psn|[from] psn
|upkeep
|turn|26
|
|t:|1776119222
|move|p2a: Hatterene|Pain Split|p1a: Hatterene
|-sethp|p1a: Hatterene|73/100 par|[from] move: Pain Split|[silent]
|-sethp|p2a: Hatterene|74/100 psn|[from] move: Pain Split
|move|p1a: Hatterene|Calm Mind|p1a: Hatterene
|-boost|p1a: Hatterene|spa|1
|-boost|p1a: Hatterene|spd|1
|
|-end|p1a: Hatterene|move: Future Sight
|-resisted|p1a: Hatterene
|-damage|p1a: Hatterene|59/100 par
|-heal|p1a: Hatterene|65/100 par|[from] item: Leftovers
|-damage|p2a: Hatterene|61/100 psn|[from] psn
|-sideend|p1: YapYapYapYapYapYap|Reflect
|upkeep
|turn|27
|
|t:|1776119234
|switch|p2a: Garganacl|Garganacl, M|70/100
|cant|p1a: Hatterene|par
|
|-heal|p2a: Garganacl|76/100|[from] item: Leftovers
|-heal|p1a: Hatterene|71/100 par|[from] item: Leftovers
|upkeep
|turn|28
|
|t:|1776119240
|move|p2a: Garganacl|Salt Cure|p1a: Hatterene
|-damage|p1a: Hatterene|59/100 par
|-start|p1a: Hatterene|Salt Cure
|cant|p1a: Hatterene|par
|
|-heal|p2a: Garganacl|83/100|[from] item: Leftovers
|-heal|p1a: Hatterene|65/100 par|[from] item: Leftovers
|-damage|p1a: Hatterene|52/100 par|[from] Salt Cure
|upkeep
|turn|29
|
|t:|1776119249
|move|p2a: Garganacl|Salt Cure|p1a: Hatterene
|-damage|p1a: Hatterene|40/100 par
|cant|p1a: Hatterene|par
|
|-heal|p2a: Garganacl|89/100|[from] item: Leftovers
|-heal|p1a: Hatterene|46/100 par|[from] item: Leftovers
|-damage|p1a: Hatterene|33/100 par|[from] Salt Cure
|upkeep
|turn|30
|
|t:|1776119256
|move|p2a: Garganacl|Salt Cure|p1a: Hatterene
|-damage|p1a: Hatterene|21/100 par
|cant|p1a: Hatterene|par
|
|-heal|p2a: Garganacl|95/100|[from] item: Leftovers
|-heal|p1a: Hatterene|27/100 par|[from] item: Leftovers
|-damage|p1a: Hatterene|14/100 par|[from] Salt Cure
|upkeep
|turn|31
|c|☆YapYapYapYapYapYap|please buy a lottery ticket immediately
|
|t:|1776119273
|move|p2a: Garganacl|Protect|p2a: Garganacl
|-singleturn|p2a: Garganacl|Protect
|cant|p1a: Hatterene|par
|
|-heal|p2a: Garganacl|100/100|[from] item: Leftovers
|-heal|p1a: Hatterene|20/100 par|[from] item: Leftovers
|-damage|p1a: Hatterene|8/100 par|[from] Salt Cure
|upkeep
|turn|32
|
|t:|1776119280
|move|p2a: Garganacl|Salt Cure|p1a: Hatterene
|-damage|p1a: Hatterene|0 fnt
|faint|p1a: Hatterene
|
|upkeep
|
|t:|1776119284
|switch|p1a: Gliscor|Gliscor, F|100/100
|-damage|p1a: Gliscor|88/100|[from] Stealth Rock
|turn|33
|
|t:|1776119293
|move|p1a: Gliscor|Swords Dance|p1a: Gliscor
|-boost|p1a: Gliscor|atk|2
|move|p2a: Garganacl|Salt Cure|p1a: Gliscor
|-crit|p1a: Gliscor
|-damage|p1a: Gliscor|70/100
|-start|p1a: Gliscor|Salt Cure
|
|-damage|p1a: Gliscor|58/100|[from] Salt Cure
|-status|p1a: Gliscor|tox|[from] item: Toxic Orb
|upkeep
|turn|34
|
|t:|1776119303
|switch|p2a: Tornadus|Tornadus-Therian, M, shiny|93/100
|move|p1a: Gliscor|Agility|p1a: Gliscor
|-boost|p1a: Gliscor|spe|2
|
|-heal|p1a: Gliscor|70/100 tox|[from] ability: Poison Heal
|-damage|p1a: Gliscor|58/100 tox|[from] Salt Cure
|upkeep
|turn|35
|
|t:|1776119310
|-terastallize|p1a: Gliscor|Normal
|move|p1a: Gliscor|Facade|p2a: Tornadus
|-damage|p2a: Tornadus|0 fnt
|faint|p2a: Tornadus
|
|-heal|p1a: Gliscor|70/100 tox|[from] ability: Poison Heal
|-damage|p1a: Gliscor|58/100 tox|[from] Salt Cure
|upkeep
|
|t:|1776119314
|switch|p2a: Garganacl|Garganacl, M|100/100
|turn|36
|
|t:|1776119318
|move|p2a: Garganacl|Protect|p2a: Garganacl
|-singleturn|p2a: Garganacl|Protect
|move|p1a: Gliscor|Earthquake|p2a: Garganacl
|-activate|p2a: Garganacl|move: Protect
|
|-heal|p1a: Gliscor|70/100 tox|[from] ability: Poison Heal
|-damage|p1a: Gliscor|58/100 tox|[from] Salt Cure
|upkeep
|turn|37
|
|t:|1776119327
|move|p2a: Garganacl|Protect||[still]
|-fail|p2a: Garganacl
|move|p1a: Gliscor|Earthquake|p2a: Garganacl
|-supereffective|p2a: Garganacl
|-damage|p2a: Garganacl|0 fnt
|faint|p2a: Garganacl
|
|-heal|p1a: Gliscor|70/100 tox|[from] ability: Poison Heal
|-damage|p1a: Gliscor|58/100 tox|[from] Salt Cure
|upkeep
|
|t:|1776119332
|switch|p2a: Hatterene|Hatterene, F|61/100 psn
|turn|38
|
|t:|1776119335
|move|p1a: Gliscor|Facade|p2a: Hatterene
|-damage|p2a: Hatterene|0 fnt
|-damage|p1a: Gliscor|41/100 tox|[from] item: Rocky Helmet|[of] p2a: Hatterene
|faint|p2a: Hatterene
|
|-heal|p1a: Gliscor|53/100 tox|[from] ability: Poison Heal
|-damage|p1a: Gliscor|41/100 tox|[from] Salt Cure
|upkeep
|
|t:|1776119339
|switch|p2a: Darkrai|Darkrai|100/100
|-status|p2a: Darkrai|psn
|turn|39
|
|t:|1776119342
|move|p1a: Gliscor|Facade|p2a: Darkrai
|-damage|p2a: Darkrai|0 fnt
|faint|p2a: Darkrai
|
|win|YapYapYapYapYapYap
|raw|YapYapYapYapYapYap's rating: 1567 &rarr; <strong>1589</strong><br />(+22 for winning)
|raw|Blastoise_Choice's rating: 1597 &rarr; <strong>1575</strong><br />(-22 for losing)
|c|☆Blastoise_Choice|gg
