|html|<div class="broadcast-blue"><strong>[Gen 9] OU is currently suspecting Tera Blast! For information on how to participate check out the <a href="https://www.smogon.com/tools/suspects/view/200">suspect thread</a>.</strong></div>
|j|☆hennyhardaway1
|j|☆DonovanIsNotHere
|t:|1776221828
|gametype|singles
|player|p1|hennyhardaway1|morty|1305
|player|p2|DonovanIsNotHere|266|1327
|gen|9
|tier|[Gen 9] OU
|rated|
|rule|HP Percentage Mod: HP is shown in percentages
|rule|Endless Battle Clause: Forcing endless battles is banned
|rule|Species Clause: Limit one of each Pokémon
|rule|OHKO Clause: OHKO moves are banned
|rule|Evasion Items Clause: Evasion items are banned
|rule|Evasion Moves Clause: Evasion moves are banned
|rule|Evasion Abilities Clause: Evasion abilities are banned
|rule|Sleep Moves Clause: Sleep-inducing moves are banned
|clearpoke
|poke|p1|Blaziken, F|
|poke|p1|Alomomola, F|
|poke|p1|Kyurem|
|poke|p1|Corviknight, F|
|poke|p1|Great Tusk|
|poke|p1|Dragapult, F|
|poke|p2|Venusaur, M|
|poke|p2|Magnezone|
|poke|p2|Samurott-Hisui, M|
|poke|p2|Pecharunt|
|poke|p2|Iron Crown|
|poke|p2|Corviknight, F|
|teampreview
|
|t:|1776221852
|teamsize|p1|6
|teamsize|p2|6
|start
|switch|p1a: Kyurem|Kyurem|100/100
|switch|p2a: King Slayer|Samurott-Hisui, M|100/100
|-ability|p1a: Kyurem|Pressure
|turn|1
|
|t:|1776221857
|switch|p2a: Corviknight|Corviknight, F|100/100
|-ability|p2a: Corviknight|Pressure
|move|p1a: Kyurem|Freeze-Dry|p2a: Corviknight
|-damage|p2a: Corviknight|51/100
|
|-heal|p2a: Corviknight|57/100|[from] item: Leftovers
|upkeep
|turn|2
|
|t:|1776221864
|move|p1a: Kyurem|Freeze-Dry|p2a: Corviknight
|-damage|p2a: Corviknight|15/100
|move|p2a: Corviknight|Roost|p2a: Corviknight
|-heal|p2a: Corviknight|65/100
|-singleturn|p2a: Corviknight|move: Roost
|
|-heal|p2a: Corviknight|71/100|[from] item: Leftovers
|upkeep
|turn|3
|
|t:|1776221871
|move|p1a: Kyurem|Freeze-Dry|p2a: Corviknight
|-damage|p2a: Corviknight|25/100
|move|p2a: Corviknight|Roost|p2a: Corviknight
|-heal|p2a: Corviknight|75/100
|-singleturn|p2a: Corviknight|move: Roost
|
|-heal|p2a: Corviknight|82/100|[from] item: Leftovers
|upkeep
|turn|4
|
|t:|1776221904
|move|p1a: Kyurem|Freeze-Dry|p2a: Corviknight
|-damage|p2a: Corviknight|39/100
|move|p2a: Corviknight|U-turn|p1a: Kyurem
|-damage|p1a: Kyurem|87/100
|
|t:|1776221906
|switch|p2a: Bird Trap|Magnezone|100/100|[from] U-turn
|
|upkeep
|turn|5
|inactive|Battle timer is ON: inactive players will automatically lose when time's up. (requested by DonovanIsNotHere)
|
|t:|1776221920
|switch|p1a: Alomomola|Alomomola, F|100/100
|move|p2a: Bird Trap|Flash Cannon|p1a: Alomomola
|-resisted|p1a: Alomomola
|-damage|p1a: Alomomola|74/100
|
|upkeep
|turn|6
|
|t:|1776221940
|switch|p2a: Flytrap|Venusaur, M|100/100
|move|p1a: Alomomola|Mirror Coat||[still]
|-fail|p1a: Alomomola
|
|upkeep
|turn|7
|
|t:|1776221949
|switch|p1a: Corviknight|Corviknight, F|100/100
|-ability|p1a: Corviknight|Pressure
|move|p2a: Flytrap|Worry Seed|p1a: Corviknight
|-ability|p1a: Corviknight|Insomnia|Pressure|[from] move: Worry Seed
|
|upkeep
|turn|8
|
|t:|1776221954
|switch|p2a: Bird Trap|Magnezone|100/100
|move|p1a: Corviknight|U-turn|p2a: Bird Trap
|-resisted|p2a: Bird Trap
|-damage|p2a: Bird Trap|93/100
|
|t:|1776221959
|switch|p1a: Blaziken|Blaziken, F, shiny|100/100|[from] U-turn
|
|upkeep
|turn|9
|inactive|DonovanIsNotHere has 120 seconds left.
|
|t:|1776222000
|switch|p2a: Pecharunt|Pecharunt|100/100
|move|p1a: Blaziken|Substitute|p1a: Blaziken
|-start|p1a: Blaziken|Substitute
|-damage|p1a: Blaziken|76/100
|
|-heal|p1a: Blaziken|82/100|[from] item: Leftovers
|-ability|p1a: Blaziken|Speed Boost|boost
|-boost|p1a: Blaziken|spe|1
|upkeep
|turn|10
|
|t:|1776222006
|move|p1a: Blaziken|Knock Off|p2a: Pecharunt
|-supereffective|p2a: Pecharunt
|-damage|p2a: Pecharunt|67/100
|-enditem|p2a: Pecharunt|Heavy-Duty Boots|[from] move: Knock Off|[of] p1a: Blaziken
|move|p2a: Pecharunt|Malignant Chain|p1a: Blaziken
|-end|p1a: Blaziken|Substitute
|
|-heal|p1a: Blaziken|88/100|[from] item: Leftovers
|-ability|p1a: Blaziken|Speed Boost|boost
|-boost|p1a: Blaziken|spe|1
|upkeep
|turn|11
|
|t:|1776222015
|switch|p1a: Corviknight|Corviknight, F|100/100
|-ability|p1a: Corviknight|Pressure
|move|p2a: Pecharunt|Shadow Ball|p1a: Corviknight
|-damage|p1a: Corviknight|75/100
|
|upkeep
|turn|12
|
|t:|1776222030
|move|p2a: Pecharunt|Shadow Ball|p1a: Corviknight
|-damage|p1a: Corviknight|49/100
|move|p1a: Corviknight|U-turn|p2a: Pecharunt
|-resisted|p2a: Pecharunt
|-damage|p2a: Pecharunt|65/100
|
|t:|1776222039
|switch|p1a: Dragapult|Dragapult, F|100/100|[from] U-turn
|
|upkeep
|turn|13
|
|t:|1776222044
|switch|p2a: King Slayer|Samurott-Hisui, M|100/100
|move|p1a: Dragapult|Will-O-Wisp|p2a: King Slayer
|-status|p2a: King Slayer|brn
|
|-damage|p2a: King Slayer|94/100 brn|[from] brn
|upkeep
|turn|14
|
|t:|1776222047
|move|p1a: Dragapult|U-turn|p2a: King Slayer
|-supereffective|p2a: King Slayer
|-damage|p2a: King Slayer|32/100 brn
|
|t:|1776222052
|switch|p1a: Alomomola|Alomomola, F|100/100|[from] U-turn
|move|p2a: King Slayer|Ceaseless Edge|p1a: Alomomola
|-damage|p1a: Alomomola|84/100
|-sidestart|p1: hennyhardaway1|Spikes
|
|-damage|p2a: King Slayer|26/100 brn|[from] brn
|upkeep
|turn|15
|
|t:|1776222071
|move|p2a: King Slayer|Ceaseless Edge|p1a: Alomomola
|-damage|p1a: Alomomola|68/100
|-sidestart|p1: hennyhardaway1|Spikes
|move|p1a: Alomomola|Flip Turn|p2a: King Slayer
|-resisted|p2a: King Slayer
|-damage|p2a: King Slayer|16/100 brn
|
|t:|1776222075
|switch|p1a: Great Tusk|Great Tusk|100/100|[from] Flip Turn
|-damage|p1a: Great Tusk|84/100|[from] Spikes
|
|-heal|p1a: Great Tusk|90/100|[from] item: Leftovers
|-damage|p2a: King Slayer|10/100 brn|[from] brn
|upkeep
|turn|16
|
|t:|1776222084
|switch|p2a: Pecharunt|Pecharunt|65/100
|move|p1a: Great Tusk|Stealth Rock|p2a: Pecharunt
|-sidestart|p2: DonovanIsNotHere|move: Stealth Rock
|
|-heal|p1a: Great Tusk|96/100|[from] item: Leftovers
|upkeep
|turn|17
|
|t:|1776222092
|move|p2a: Pecharunt|Shadow Ball|p1a: Great Tusk
|-damage|p1a: Great Tusk|64/100
|-unboost|p1a: Great Tusk|spd|1
|move|p1a: Great Tusk|Earthquake|p2a: Pecharunt
|-supereffective|p2a: Pecharunt
|-damage|p2a: Pecharunt|28/100
|
|-heal|p1a: Great Tusk|71/100|[from] item: Leftovers
|upkeep
|turn|18
|
|t:|1776222113
|-end|p1a: Great Tusk|Protosynthesis|[silent]
|switch|p1a: Alomomola|Alomomola, F|100/100
|-damage|p1a: Alomomola|84/100|[from] Spikes
|-terastallize|p2a: Pecharunt|Ghost
|move|p2a: Pecharunt|Recover|p2a: Pecharunt
|-heal|p2a: Pecharunt|78/100
|
|upkeep
|turn|19
|
|t:|1776222119
|move|p2a: Pecharunt|Malignant Chain|p1a: Alomomola
|-damage|p1a: Alomomola|58/100
|move|p1a: Alomomola|Flip Turn|p2a: Pecharunt
|-damage|p2a: Pecharunt|70/100
|
|t:|1776222134
|switch|p1a: Kyurem|Kyurem|87/100|[from] Flip Turn
|-damage|p1a: Kyurem|71/100|[from] Spikes
|-ability|p1a: Kyurem|Pressure
|
|upkeep
|turn|20
|
|t:|1776222143
|switch|p2a: King Slayer|Samurott-Hisui, M|10/100 brn
|-damage|p2a: King Slayer|0 fnt|[from] Stealth Rock
|faint|p2a: King Slayer
|move|p1a: Kyurem|Draco Meteor|p2: King Slayer|[notarget]
|-fail|p1a: Kyurem
|
|upkeep
|
|t:|1776222152
|switch|p2a: Iron Crown|Iron Crown|100/100
|-damage|p2a: Iron Crown|94/100|[from] Stealth Rock
|-enditem|p2a: Iron Crown|Booster Energy
|-activate|p2a: Iron Crown|ability: Quark Drive|[fromitem]
|-start|p2a: Iron Crown|quarkdrivespe
|turn|21
|
|t:|1776222158
|switch|p1a: Alomomola|Alomomola, F|92/100
|-damage|p1a: Alomomola|75/100|[from] Spikes
|move|p2a: Iron Crown|Calm Mind|p2a: Iron Crown
|-boost|p2a: Iron Crown|spa|1
|-boost|p2a: Iron Crown|spd|1
|
|upkeep
|turn|22
|
|t:|1776222163
|move|p2a: Iron Crown|Calm Mind|p2a: Iron Crown
|-boost|p2a: Iron Crown|spa|1
|-boost|p2a: Iron Crown|spd|1
|move|p1a: Alomomola|Mirror Coat||[still]
|-fail|p1a: Alomomola
|
|upkeep
|turn|23
|
|t:|1776222170
|move|p2a: Iron Crown|Calm Mind|p2a: Iron Crown
|-boost|p2a: Iron Crown|spa|1
|-boost|p2a: Iron Crown|spd|1
|move|p1a: Alomomola|Flip Turn|p2a: Iron Crown
|-damage|p2a: Iron Crown|79/100
|
|t:|1776222173
|switch|p1a: Blaziken|Blaziken, F, shiny|88/100|[from] Flip Turn
|-damage|p1a: Blaziken|71/100|[from] Spikes
|
|-heal|p1a: Blaziken|77/100|[from] item: Leftovers
|upkeep
|turn|24
|
|t:|1776222179
|-terastallize|p1a: Blaziken|Dark
|move|p2a: Iron Crown|Psyshock|p1a: Blaziken
|-immune|p1a: Blaziken
|move|p1a: Blaziken|Knock Off|p2a: Iron Crown
|-supereffective|p2a: Iron Crown
|-damage|p2a: Iron Crown|14/100
|
|-heal|p1a: Blaziken|83/100|[from] item: Leftovers
|-ability|p1a: Blaziken|Speed Boost|boost
|-boost|p1a: Blaziken|spe|1
|upkeep
|turn|25
|-message|hennyhardaway1 forfeited.
|
|win|DonovanIsNotHere
|raw|hennyhardaway1's rating: 1305 &rarr; <strong>1285</strong><br />(-20 for losing)
|raw|DonovanIsNotHere's rating: 1308 &rarr; <strong>1328</strong><br />(+20 for winning)
|l|☆hennyhardaway1
|player|p1|
