|html|<div class="broadcast-blue"><strong>[Gen 9] OU is currently suspecting Tera Blast! For information on how to participate check out the <a href="https://www.smogon.com/tools/suspects/view/200">suspect thread</a>.</strong></div>
|j|☆korzuch
|j|☆Sprakenheit
|t:|1776072109
|gametype|singles
|player|p1|korzuch|ghetsis|1109
|player|p2|Sprakenheit|marley|1158
|gen|9
|tier|[Gen 9] OU
|rated|
|rule|HP Percentage Mod: HP is shown in percentages
|rule|Endless Battle Clause: Forcing endless battles is banned
|rule|Species Clause: Limit one of each Pokémon
|rule|OHKO Clause: OHKO moves are banned
|rule|Evasion Items Clause: Evasion items are banned
|rule|Evasion Moves Clause: Evasion moves are banned
|rule|Evasion Abilities Clause: Evasion abilities are banned
|rule|Sleep Moves Clause: Sleep-inducing moves are banned
|clearpoke
|poke|p1|Excadrill, M|
|poke|p1|Tyranitar, F|
|poke|p1|Swanna, M|
|poke|p1|Chandelure, F|
|poke|p1|Luxray, M|
|poke|p1|Bronzong|
|poke|p2|Great Tusk|
|poke|p2|Corviknight, F|
|poke|p2|Raging Bolt|
|poke|p2|Meowscarada, F|
|poke|p2|Slowking-Galar, M|
|poke|p2|Kyurem|
|teampreview
|inactive|Battle timer is ON: inactive players will automatically lose when time's up. (requested by Sprakenheit)
|
|t:|1776072149
|teamsize|p1|6
|teamsize|p2|6
|start
|switch|p1a: Tyranitar|Tyranitar, F|100/100
|switch|p2a: Meowscarada|Meowscarada, F|100/100
|-weather|Sandstorm|[from] ability: Sand Stream|[of] p1a: Tyranitar
|turn|1
|inactive|korzuch has 120 seconds left.
|
|t:|1776072196
|move|p2a: Meowscarada|U-turn|p1a: Tyranitar
|-start|p2a: Meowscarada|typechange|Bug|[from] ability: Protean
|-supereffective|p1a: Tyranitar
|-damage|p1a: Tyranitar|48/100
|
|t:|1776072205
|switch|p2a: Corviknight|Corviknight, F|100/100|[from] U-turn
|-ability|p2a: Corviknight|Pressure
|move|p1a: Tyranitar|Stone Edge|p2a: Corviknight
|-damage|p2a: Corviknight|69/100
|
|-weather|Sandstorm|[upkeep]
|upkeep
|turn|2
|
|t:|1776072222
|switch|p1a: Bronzong|Bronzong, shiny|100/100
|move|p2a: Corviknight|U-turn|p1a: Bronzong
|-damage|p1a: Bronzong|88/100
|
|t:|1776072232
|switch|p2a: Slowking|Slowking-Galar, M|100/100|[from] U-turn
|
|-weather|Sandstorm|[upkeep]
|-damage|p2a: Slowking|94/100|[from] Sandstorm
|-heal|p1a: Bronzong|95/100|[from] item: Leftovers
|upkeep
|turn|3
|
|t:|1776072254
|switch|p1a: Chandelure|Chandelure, F, shiny|100/100
|-prepare|p2a: Slowking|Chilly Reception|[premajor]
|move|p2a: Slowking|Chilly Reception|p2a: Slowking
|-weather|Snowscape
|
|t:|1776072265
|switch|p2a: Great Tusk|Great Tusk|100/100|[from] Chilly Reception
|
|-weather|Snowscape|[upkeep]
|upkeep
|turn|4
|
|t:|1776072280
|-terastallize|p1a: Chandelure|Grass
|move|p2a: Great Tusk|Headlong Rush|p1a: Chandelure
|-resisted|p1a: Chandelure
|-damage|p1a: Chandelure|63/100
|-unboost|p2a: Great Tusk|def|1
|-unboost|p2a: Great Tusk|spd|1
|move|p1a: Chandelure|Energy Ball|p2a: Great Tusk
|-supereffective|p2a: Great Tusk
|-damage|p2a: Great Tusk|0 fnt
|faint|p2a: Great Tusk
|-end|p2a: Great Tusk|Protosynthesis|[silent]
|
|-weather|Snowscape|[upkeep]
|upkeep
|
|t:|1776072294
|switch|p2a: Kyurem|Kyurem|100/100
|-ability|p2a: Kyurem|Pressure
|turn|5
|
|t:|1776072298
|move|p2a: Kyurem|Icicle Spear|p1a: Chandelure
|-supereffective|p1a: Chandelure
|-damage|p1a: Chandelure|31/100
|-supereffective|p1a: Chandelure
|-damage|p1a: Chandelure|0 fnt
|faint|p1a: Chandelure
|-hitcount|p1: Chandelure|2
|
|-weather|Snowscape|[upkeep]
|upkeep
|inactive|korzuch has 120 seconds left.
|
|t:|1776072303
|switch|p1a: Tyranitar|Tyranitar, F|48/100
|-weather|Sandstorm|[from] ability: Sand Stream|[of] p1a: Tyranitar
|turn|6
|
|t:|1776072310
|move|p2a: Kyurem|Earth Power|p1a: Tyranitar
|-supereffective|p1a: Tyranitar
|-damage|p1a: Tyranitar|28/100
|move|p1a: Tyranitar|Stone Edge|p2a: Kyurem|[miss]
|-miss|p1a: Tyranitar|p2a: Kyurem
|
|-weather|Sandstorm|[upkeep]
|-damage|p2a: Kyurem|94/100|[from] Sandstorm
|upkeep
|turn|7
|
|t:|1776072321
|switch|p2a: Meowscarada|Meowscarada, F|100/100
|move|p1a: Tyranitar|Stone Edge|p2a: Meowscarada
|-damage|p2a: Meowscarada|9/100
|
|-weather|Sandstorm|[upkeep]
|-damage|p2a: Meowscarada|3/100|[from] Sandstorm
|upkeep
|turn|8
|
|t:|1776072341
|move|p2a: Meowscarada|U-turn|p1a: Tyranitar
|-start|p2a: Meowscarada|typechange|Bug|[from] ability: Protean
|-supereffective|p1a: Tyranitar
|-damage|p1a: Tyranitar|0 fnt
|faint|p1a: Tyranitar
|
|t:|1776072346
|switch|p2a: Corviknight|Corviknight, F|69/100|[from] U-turn
|-ability|p2a: Corviknight|Pressure
|
|-weather|Sandstorm|[upkeep]
|upkeep
|inactive|korzuch has 120 seconds left.
|
|t:|1776072368
|switch|p1a: Swanna|Swanna, M, shiny|100/100
|turn|9
|-message|korzuch forfeited.
|
|win|Sprakenheit
|raw|korzuch's rating: 1085 &rarr; <strong>1067</strong><br />(-18 for losing)
|raw|Sprakenheit's rating: 1158 &rarr; <strong>1178</strong><br />(+20 for winning)
|l|☆korzuch
|player|p1|
|l|☆Sprakenheit
|player|p2|
