|html|<div class="broadcast-blue"><strong>[Gen 9] OU is currently suspecting Tera Blast! For information on how to participate check out the <a href="https://www.smogon.com/tools/suspects/view/200">suspect thread</a>.</strong></div>
|j|☆OLDIRTYDOG
|j|☆FreeMoonBanTB
|t:|1776201582
|gametype|singles
|player|p1|OLDIRTYDOG|265|1077
|player|p2|FreeMoonBanTB|clair|1040
|gen|9
|tier|[Gen 9] OU
|rated|
|rule|HP Percentage Mod: HP is shown in percentages
|rule|Endless Battle Clause: Forcing endless battles is banned
|rule|Species Clause: Limit one of each Pokémon
|rule|OHKO Clause: OHKO moves are banned
|rule|Evasion Items Clause: Evasion items are banned
|rule|Evasion Moves Clause: Evasion moves are banned
|rule|Evasion Abilities Clause: Evasion abilities are banned
|rule|Sleep Moves Clause: Sleep-inducing moves are banned
|clearpoke
|poke|p1|Registeel|
|poke|p1|Metagross|
|poke|p1|Garganacl, F|
|poke|p1|Charizard, F|
|poke|p1|Vileplume, F|
|poke|p1|Gastrodon, M|
|poke|p2|Ting-Lu|
|poke|p2|Zamazenta-*|
|poke|p2|Ogerpon-Wellspring, F|
|poke|p2|Dragonite, F|
|poke|p2|Gholdengo|
|poke|p2|Iron Treads|
|teampreview
|
|t:|1776201585
|teamsize|p1|6
|teamsize|p2|6
|start
|switch|p1a: Registeel|Registeel|100/100
|switch|p2a: Ting-Lu|Ting-Lu|100/100
|-ability|p2a: Ting-Lu|Vessel of Ruin
|turn|1
|inactive|Battle timer is ON: inactive players will automatically lose when time's up. (requested by FreeMoonBanTB)
|
|t:|1776201593
|move|p1a: Registeel|Stealth Rock|p2a: Ting-Lu
|-sidestart|p2: FreeMoonBanTB|move: Stealth Rock
|move|p2a: Ting-Lu|Stealth Rock|p1a: Registeel
|-sidestart|p1: OLDIRTYDOG|move: Stealth Rock
|
|upkeep
|turn|2
|
|t:|1776201621
|move|p1a: Registeel|Iron Head|p2a: Ting-Lu
|-damage|p2a: Ting-Lu|90/100
|-enditem|p2a: Ting-Lu|Red Card|[of] p1a: Registeel
|drag|p1a: Charizard|Charizard, F|100/100
|-damage|p1a: Charizard|50/100|[from] Stealth Rock
|move|p2a: Ting-Lu|Spikes|p1a: Charizard
|-sidestart|p1: OLDIRTYDOG|Spikes
|
|-heal|p1a: Charizard|57/100|[from] item: Leftovers
|upkeep
|turn|3
|inactive|OLDIRTYDOG has 120 seconds left.
|
|t:|1776201636
|move|p1a: Charizard|Will-O-Wisp|p2a: Ting-Lu
|-status|p2a: Ting-Lu|brn
|move|p2a: Ting-Lu|Spikes|p1a: Charizard
|-sidestart|p1: OLDIRTYDOG|Spikes
|
|-heal|p1a: Charizard|63/100|[from] item: Leftovers
|-damage|p2a: Ting-Lu|84/100 brn|[from] brn
|upkeep
|turn|4
|inactive|OLDIRTYDOG has 120 seconds left.
|
|t:|1776201674
|move|p1a: Charizard|Fire Blast|p2a: Ting-Lu
|-damage|p2a: Ting-Lu|65/100 brn
|move|p2a: Ting-Lu|Spikes|p1a: Charizard
|-sidestart|p1: OLDIRTYDOG|Spikes
|
|-heal|p1a: Charizard|69/100|[from] item: Leftovers
|-damage|p2a: Ting-Lu|59/100 brn|[from] brn
|upkeep
|turn|5
|
|t:|1776201686
|move|p1a: Charizard|Dragon Pulse|p2a: Ting-Lu
|-damage|p2a: Ting-Lu|48/100 brn
|move|p2a: Ting-Lu|Whirlwind|p1a: Charizard
|drag|p1a: Gastrodon|Gastrodon, M|100/100
|-damage|p1a: Gastrodon|94/100|[from] Stealth Rock
|-damage|p1a: Gastrodon|69/100|[from] Spikes
|
|-heal|p1a: Gastrodon|75/100|[from] item: Leftovers
|-damage|p2a: Ting-Lu|42/100 brn|[from] brn
|upkeep
|turn|6
|inactive|OLDIRTYDOG has 90 seconds left.
|
|t:|1776201703
|move|p1a: Gastrodon|Spikes|p2a: Ting-Lu
|-sidestart|p2: FreeMoonBanTB|Spikes
|move|p2a: Ting-Lu|Whirlwind|p1a: Gastrodon
|drag|p1a: Charizard|Charizard, F|69/100
|-damage|p1a: Charizard|19/100|[from] Stealth Rock
|
|-heal|p1a: Charizard|25/100|[from] item: Leftovers
|-damage|p2a: Ting-Lu|36/100 brn|[from] brn
|upkeep
|turn|7
|inactive|OLDIRTYDOG has 90 seconds left.
|
|t:|1776201727
|move|p1a: Charizard|Earthquake|p2a: Ting-Lu
|-damage|p2a: Ting-Lu|27/100 brn
|move|p2a: Ting-Lu|Whirlwind|p1a: Charizard
|drag|p1a: Garganacl|Garganacl, F|100/100
|-damage|p1a: Garganacl|88/100|[from] Stealth Rock
|-damage|p1a: Garganacl|63/100|[from] Spikes
|
|-heal|p1a: Garganacl|70/100|[from] item: Leftovers
|-damage|p2a: Ting-Lu|20/100 brn|[from] brn
|upkeep
|turn|8
|
|t:|1776201745
|move|p1a: Garganacl|Rock Slide|p2a: Ting-Lu|[miss]
|-miss|p1a: Garganacl|p2a: Ting-Lu
|move|p2a: Ting-Lu|Whirlwind|p1a: Garganacl
|drag|p1a: Registeel|Registeel|100/100
|-damage|p1a: Registeel|94/100|[from] Stealth Rock
|-damage|p1a: Registeel|69/100|[from] Spikes
|
|-heal|p1a: Registeel|75/100|[from] item: Leftovers
|-damage|p2a: Ting-Lu|14/100 brn|[from] brn
|upkeep
|turn|9
|inactive|FreeMoonBanTB has 120 seconds left.
|
|t:|1776201781
|move|p1a: Registeel|Iron Head|p2a: Ting-Lu
|-damage|p2a: Ting-Lu|4/100 brn
|move|p2a: Ting-Lu|Whirlwind|p1a: Registeel
|drag|p1a: Metagross|Metagross|100/100
|-damage|p1a: Metagross|95/100|[from] Stealth Rock
|-damage|p1a: Metagross|70/100|[from] Spikes
|
|-heal|p1a: Metagross|76/100|[from] item: Leftovers
|-damage|p2a: Ting-Lu|0 fnt|[from] brn
|faint|p2a: Ting-Lu
|upkeep
|
|t:|1776201788
|switch|p2a: Iron Treads|Iron Treads|100/100
|-damage|p2a: Iron Treads|97/100|[from] Stealth Rock
|-item|p2a: Iron Treads|Air Balloon
|turn|10
|inactive|OLDIRTYDOG has 60 seconds left.
|
|t:|1776201821
|move|p2a: Iron Treads|Rapid Spin|p1a: Metagross
|-resisted|p1a: Metagross
|-damage|p1a: Metagross|70/100
|-boost|p2a: Iron Treads|spe|1
|-sideend|p2: FreeMoonBanTB|Spikes|[from] move: Rapid Spin|[of] p2a: Iron Treads
|-sideend|p2: FreeMoonBanTB|Stealth Rock|[from] move: Rapid Spin|[of] p2a: Iron Treads
|move|p1a: Metagross|Iron Defense|p1a: Metagross
|-boost|p1a: Metagross|def|2
|
|-heal|p1a: Metagross|76/100|[from] item: Leftovers
|upkeep
|turn|11
|inactive|OLDIRTYDOG has 60 seconds left.
|
|t:|1776201835
|-end|p2a: Iron Treads|Quark Drive|[silent]
|switch|p2a: Gholdengo|Gholdengo|100/100
|move|p1a: Metagross|Light Screen|p1a: Metagross
|-sidestart|p1: OLDIRTYDOG|move: Light Screen
|
|-heal|p1a: Metagross|82/100|[from] item: Leftovers
|upkeep
|turn|12
|inactive|OLDIRTYDOG has 60 seconds left.
|inactive|FreeMoonBanTB has 120 seconds left.
|inactive|FreeMoonBanTB has 90 seconds left.
|
|t:|1776201897
|move|p2a: Gholdengo|Shadow Ball|p1a: Metagross
|-supereffective|p1a: Metagross
|-damage|p1a: Metagross|42/100
|move|p1a: Metagross|Psychic Fangs|p2a: Gholdengo
|-resisted|p2a: Gholdengo
|-damage|p2a: Gholdengo|80/100
|
|-heal|p1a: Metagross|48/100|[from] item: Leftovers
|upkeep
|turn|13
|inactive|OLDIRTYDOG has 60 seconds left.
|
|t:|1776201921
|move|p2a: Gholdengo|Shadow Ball|p1a: Metagross
|-supereffective|p1a: Metagross
|-damage|p1a: Metagross|5/100
|move|p1a: Metagross|Explosion|p2a: Gholdengo
|-immune|p2a: Gholdengo
|faint|p1a: Metagross
|
|upkeep
|
|t:|1776201943
|switch|p1a: Garganacl|Garganacl, F|70/100
|-damage|p1a: Garganacl|57/100|[from] Stealth Rock
|-damage|p1a: Garganacl|32/100|[from] Spikes
|turn|14
|
|t:|1776201954
|switch|p2a: Iron Treads|Iron Treads|97/100
|-item|p2a: Iron Treads|Air Balloon
|move|p1a: Garganacl|Recover|p1a: Garganacl
|-heal|p1a: Garganacl|82/100
|
|-heal|p1a: Garganacl|89/100|[from] item: Leftovers
|upkeep
|turn|15
|
|t:|1776201966
|move|p2a: Iron Treads|Earthquake|p1a: Garganacl
|-supereffective|p1a: Garganacl
|-damage|p1a: Garganacl|31/100
|move|p1a: Garganacl|Iron Defense|p1a: Garganacl
|-boost|p1a: Garganacl|def|2
|
|-heal|p1a: Garganacl|37/100|[from] item: Leftovers
|-sideend|p1: OLDIRTYDOG|move: Light Screen
|upkeep
|turn|16
|
|t:|1776201988
|move|p2a: Iron Treads|Earthquake|p1a: Garganacl
|-supereffective|p1a: Garganacl
|-damage|p1a: Garganacl|10/100
|move|p1a: Garganacl|Recover|p1a: Garganacl
|-heal|p1a: Garganacl|60/100
|
|-heal|p1a: Garganacl|66/100|[from] item: Leftovers
|upkeep
|turn|17
|
|t:|1776201998
|-end|p2a: Iron Treads|Quark Drive|[silent]
|switch|p2a: Ogerpon|Ogerpon-Wellspring, F|100/100
|move|p1a: Garganacl|Recover|p1a: Garganacl
|-heal|p1a: Garganacl|100/100
|
|upkeep
|turn|18
|inactive|FreeMoonBanTB has 90 seconds left.
|l|☆FreeMoonBanTB
|inactive|FreeMoonBanTB disconnected and has a minute to reconnect!
|player|p2|
|inactive|FreeMoonBanTB has 30 seconds to reconnect!
|inactive|FreeMoonBanTB has 20 seconds to reconnect!
|j|☆FreeMoonBanTB
|inactive|FreeMoonBanTB reconnected and has 35 seconds left.
|player|p2|FreeMoonBanTB|clair|
|
|t:|1776202076
|move|p2a: Ogerpon|Ivy Cudgel|p1a: Garganacl|[anim] Ivy Cudgel Water
|-supereffective|p1a: Garganacl
|-crit|p1a: Garganacl
|-ability|p1a: Garganacl|Sturdy
|-damage|p1a: Garganacl|1/100
|move|p1a: Garganacl|Salt Cure|p2a: Ogerpon
|-damage|p2a: Ogerpon|82/100
|-start|p2a: Ogerpon|Salt Cure
|
|-heal|p1a: Garganacl|7/100|[from] item: Leftovers
|-damage|p2a: Ogerpon|57/100|[from] Salt Cure
|upkeep
|turn|19
|inactive|OLDIRTYDOG has 60 seconds left.
|
|t:|1776202091
|move|p2a: Ogerpon|Ivy Cudgel|p1a: Garganacl|[anim] Ivy Cudgel Water
|-supereffective|p1a: Garganacl
|-damage|p1a: Garganacl|0 fnt
|faint|p1a: Garganacl
|
|-damage|p2a: Ogerpon|32/100|[from] Salt Cure
|upkeep
|
|t:|1776202102
|switch|p1a: Gastrodon|Gastrodon, M|75/100
|-damage|p1a: Gastrodon|69/100|[from] Stealth Rock
|-damage|p1a: Gastrodon|44/100|[from] Spikes
|turn|20
|inactive|FreeMoonBanTB has 30 seconds left.
|inactive|FreeMoonBanTB has 20 seconds left.
|
|t:|1776202138
|move|p2a: Ogerpon|Taunt|p1a: Gastrodon
|-start|p1a: Gastrodon|move: Taunt
|cant|p1a: Gastrodon|move: Taunt|Recover
|
|-heal|p1a: Gastrodon|50/100|[from] item: Leftovers
|-damage|p2a: Ogerpon|7/100|[from] Salt Cure
|upkeep
|turn|21
|inactive|FreeMoonBanTB has 30 seconds left this turn.
|inactive|OLDIRTYDOG has 60 seconds left.
|
|t:|1776202156
|move|p2a: Ogerpon|Synthesis|p2a: Ogerpon
|-heal|p2a: Ogerpon|57/100
|move|p1a: Gastrodon|Earthquake|p2a: Ogerpon
|-resisted|p2a: Ogerpon
|-damage|p2a: Ogerpon|39/100
|
|-heal|p1a: Gastrodon|57/100|[from] item: Leftovers
|-damage|p2a: Ogerpon|14/100|[from] Salt Cure
|upkeep
|turn|22
|
|t:|1776202166
|move|p2a: Ogerpon|Taunt||[still]
|-fail|p2a: Ogerpon
|move|p1a: Gastrodon|Ice Beam|p2a: Ogerpon
|-damage|p2a: Ogerpon|0 fnt
|faint|p2a: Ogerpon
|
|-heal|p1a: Gastrodon|63/100|[from] item: Leftovers
|-end|p1a: Gastrodon|move: Taunt
|upkeep
|
|t:|1776202170
|switch|p2a: Dragonite|Dragonite, F, shiny|100/100
|turn|23
|inactive|OLDIRTYDOG has 60 seconds left.
|
|t:|1776202182
|-terastallize|p2a: Dragonite|Fairy
|move|p2a: Dragonite|Dragon Dance|p2a: Dragonite
|-boost|p2a: Dragonite|atk|1
|-boost|p2a: Dragonite|spe|1
|move|p1a: Gastrodon|Ice Beam|p2a: Dragonite
|-damage|p2a: Dragonite|93/100
|
|-heal|p1a: Gastrodon|69/100|[from] item: Leftovers
|upkeep
|turn|24
|inactive|OLDIRTYDOG has 60 seconds left.
|inactive|OLDIRTYDOG has 30 seconds left.
|inactive|OLDIRTYDOG has 20 seconds left.
|inactive|OLDIRTYDOG has 15 seconds left.
|inactive|OLDIRTYDOG has 10 seconds left.
|inactive|OLDIRTYDOG has 5 seconds left.
|-message|OLDIRTYDOG lost due to inactivity.
|
|win|FreeMoonBanTB
|raw|OLDIRTYDOG's rating: 1077 &rarr; <strong>1053</strong><br />(-24 for losing)
|raw|FreeMoonBanTB's rating: 1040 &rarr; <strong>1078</strong><br />(+38 for winning)
