|html|<div class="broadcast-blue"><strong>[Gen 9] OU is currently suspecting Tera Blast! For information on how to participate check out the <a href="https://www.smogon.com/tools/suspects/view/200">suspect thread</a>.</strong></div>
|j|☆kopv18
|j|☆twoflowersluggage
|t:|1776184691
|gametype|singles
|player|p1|kopv18|bugcatcher-gen4dp|1533
|player|p2|twoflowersluggage|pokefan-gen6|1641
|gen|9
|tier|[Gen 9] OU
|rated|
|rule|HP Percentage Mod: HP is shown in percentages
|rule|Endless Battle Clause: Forcing endless battles is banned
|rule|Species Clause: Limit one of each Pokémon
|rule|OHKO Clause: OHKO moves are banned
|rule|Evasion Items Clause: Evasion items are banned
|rule|Evasion Moves Clause: Evasion moves are banned
|rule|Evasion Abilities Clause: Evasion abilities are banned
|rule|Sleep Moves Clause: Sleep-inducing moves are banned
|clearpoke
|poke|p1|Tyranitar, F|
|poke|p1|Kingambit, M|
|poke|p1|Excadrill, F|
|poke|p1|Chimecho, M|
|poke|p1|Cinderace, F|
|poke|p1|Hydrapple, F|
|poke|p2|Gholdengo|
|poke|p2|Darkrai|
|poke|p2|Clefable, F|
|poke|p2|Ting-Lu|
|poke|p2|Dragonite, F|
|poke|p2|Pecharunt|
|teampreview
|
|t:|1776184737
|teamsize|p1|6
|teamsize|p2|6
|start
|switch|p1a: Chimecho|Chimecho, M|100/100
|switch|p2a: Pecharunt|Pecharunt|100/100
|turn|1
|
|t:|1776184748
|move|p2a: Pecharunt|Shadow Ball|p1a: Chimecho
|-supereffective|p1a: Chimecho
|-damage|p1a: Chimecho|53/100
|move|p1a: Chimecho|Future Sight|p2a: Pecharunt
|-start|p1a: Chimecho|move: Future Sight
|
|-heal|p1a: Chimecho|59/100|[from] item: Leftovers
|upkeep
|turn|2
|
|t:|1776184756
|switch|p2a: Ting-Lu|Ting-Lu|100/100
|-ability|p2a: Ting-Lu|Vessel of Ruin
|switch|p1a: Kingambit|Kingambit, M|100/100
|
|upkeep
|turn|3
|
|t:|1776184766
|move|p1a: Kingambit|Swords Dance|p1a: Kingambit
|-boost|p1a: Kingambit|atk|2
|move|p2a: Ting-Lu|Stealth Rock|p1a: Kingambit
|-sidestart|p1: kopv18|move: Stealth Rock
|
|-end|p2a: Ting-Lu|move: Future Sight
|-immune|p2a: Ting-Lu
|upkeep
|turn|4
|
|t:|1776184771
|move|p1a: Kingambit|Low Kick|p2a: Ting-Lu
|-supereffective|p2a: Ting-Lu
|-damage|p2a: Ting-Lu|17/100
|-enditem|p2a: Ting-Lu|Red Card|[of] p1a: Kingambit
|-end|p1a: Kingambit|fallenundefined|[silent]
|drag|p1a: Excadrill|Excadrill, F|100/100
|-damage|p1a: Excadrill|97/100|[from] Stealth Rock
|move|p2a: Ting-Lu|Spikes|p1a: Excadrill
|-sidestart|p1: kopv18|Spikes
|
|-heal|p1a: Excadrill|100/100|[from] item: Leftovers
|upkeep
|turn|5
|
|t:|1776184839
|switch|p2a: Dragonite|Dragonite, F|100/100
|move|p1a: Excadrill|Iron Head|p2a: Dragonite
|-damage|p2a: Dragonite|72/100
|
|upkeep
|turn|6
|
|t:|1776184862
|switch|p1a: Chimecho|Chimecho, M|59/100
|-damage|p1a: Chimecho|47/100|[from] Stealth Rock
|move|p2a: Dragonite|Earthquake|p1a: Chimecho
|-immune|p1a: Chimecho|[from] ability: Levitate
|
|-heal|p1a: Chimecho|53/100|[from] item: Leftovers
|upkeep
|turn|7
|inactive|Battle timer is ON: inactive players will automatically lose when time's up. (requested by twoflowersluggage)
|
|t:|1776184870
|switch|p2a: Gholdengo|Gholdengo|100/100
|move|p1a: Chimecho|Thunder Wave|p2a: Gholdengo
|-immune|p2a: Gholdengo|[from] ability: Good as Gold
|
|-heal|p1a: Chimecho|59/100|[from] item: Leftovers
|upkeep
|turn|8
|inactive|kopv18 has 120 seconds left.
|
|t:|1776184903
|switch|p1a: Cinderace|Cinderace, F|100/100
|move|p2a: Gholdengo|Trick|p1a: Cinderace
|-activate|p2a: Gholdengo|move: Trick|[of] p1a: Cinderace
|-item|p1a: Cinderace|Choice Scarf|[from] move: Trick
|-item|p2a: Gholdengo|Heavy-Duty Boots|[from] move: Trick
|
|upkeep
|turn|9
|
|t:|1776184927
|switch|p2a: Pecharunt|Pecharunt|100/100
|move|p1a: Cinderace|Pyro Ball|p2a: Pecharunt
|-damage|p2a: Pecharunt|63/100
|
|upkeep
|turn|10
|
|t:|1776184936
|move|p1a: Cinderace|Pyro Ball|p2a: Pecharunt
|-damage|p2a: Pecharunt|27/100
|move|p2a: Pecharunt|Recover|p2a: Pecharunt
|-heal|p2a: Pecharunt|77/100
|
|upkeep
|turn|11
|
|t:|1776184945
|move|p1a: Cinderace|Pyro Ball|p2a: Pecharunt|[miss]
|-miss|p1a: Cinderace|p2a: Pecharunt
|move|p2a: Pecharunt|Shadow Ball|p1a: Cinderace
|-damage|p1a: Cinderace|66/100
|
|upkeep
|turn|12
|
|t:|1776184952
|switch|p1a: Kingambit|Kingambit, M|100/100
|-damage|p1a: Kingambit|94/100|[from] Stealth Rock
|-damage|p1a: Kingambit|82/100|[from] Spikes
|move|p2a: Pecharunt|Recover|p2a: Pecharunt
|-heal|p2a: Pecharunt|100/100
|
|-heal|p1a: Kingambit|88/100|[from] item: Leftovers
|upkeep
|turn|13
|
|t:|1776184961
|switch|p2a: Darkrai|Darkrai|100/100
|move|p1a: Kingambit|Swords Dance|p1a: Kingambit
|-boost|p1a: Kingambit|atk|2
|
|-heal|p1a: Kingambit|94/100|[from] item: Leftovers
|upkeep
|turn|14
|
|t:|1776184978
|move|p2a: Darkrai|Will-O-Wisp|p1a: Kingambit
|-status|p1a: Kingambit|brn
|move|p1a: Kingambit|Low Kick|p2a: Darkrai
|-supereffective|p2a: Darkrai
|-damage|p2a: Darkrai|30/100
|
|-heal|p1a: Kingambit|100/100 brn|[from] item: Leftovers
|-damage|p1a: Kingambit|94/100 brn|[from] brn
|upkeep
|turn|15
|inactive|twoflowersluggage has 120 seconds left.
|
|t:|1776185011
|switch|p2a: Clefable|Clefable, F|100/100
|move|p1a: Kingambit|Swords Dance|p1a: Kingambit
|-boost|p1a: Kingambit|atk|2
|
|-heal|p1a: Kingambit|100/100 brn|[from] item: Leftovers
|-damage|p1a: Kingambit|94/100 brn|[from] brn
|upkeep
|turn|16
|inactive|twoflowersluggage has 120 seconds left.
|
|t:|1776185030
|switch|p2a: Ting-Lu|Ting-Lu|17/100
|-ability|p2a: Ting-Lu|Vessel of Ruin
|move|p1a: Kingambit|Iron Head|p2a: Ting-Lu
|-damage|p2a: Ting-Lu|0 fnt
|faint|p2a: Ting-Lu
|
|-heal|p1a: Kingambit|100/100 brn|[from] item: Leftovers
|-damage|p1a: Kingambit|94/100 brn|[from] brn
|upkeep
|inactive|twoflowersluggage has 120 seconds left.
|inactive|twoflowersluggage has 90 seconds left.
|
|t:|1776185073
|switch|p2a: Dragonite|Dragonite, F|72/100
|turn|17
|
|t:|1776185082
|move|p2a: Dragonite|Roost|p2a: Dragonite
|-heal|p2a: Dragonite|100/100
|-singleturn|p2a: Dragonite|move: Roost
|move|p1a: Kingambit|Iron Head|p2a: Dragonite
|-damage|p2a: Dragonite|67/100
|
|-heal|p1a: Kingambit|100/100 brn|[from] item: Leftovers
|-damage|p1a: Kingambit|94/100 brn|[from] brn
|upkeep
|turn|18
|
|t:|1776185091
|move|p2a: Dragonite|Roost|p2a: Dragonite
|-heal|p2a: Dragonite|100/100
|-singleturn|p2a: Dragonite|move: Roost
|move|p1a: Kingambit|Iron Head|p2a: Dragonite
|-damage|p2a: Dragonite|67/100
|
|-heal|p1a: Kingambit|100/100 brn|[from] item: Leftovers
|-damage|p1a: Kingambit|94/100 brn|[from] brn
|upkeep
|turn|19
|
|t:|1776185102
|move|p2a: Dragonite|Earthquake|p1a: Kingambit
|-supereffective|p1a: Kingambit
|-damage|p1a: Kingambit|33/100 brn
|move|p1a: Kingambit|Iron Head|p2a: Dragonite
|-damage|p2a: Dragonite|0 fnt
|faint|p2a: Dragonite
|
|-heal|p1a: Kingambit|39/100 brn|[from] item: Leftovers
|-damage|p1a: Kingambit|33/100 brn|[from] brn
|upkeep
|inactive|twoflowersluggage has 90 seconds left.
|
|t:|1776185118
|switch|p2a: Clefable|Clefable, F|100/100
|turn|20
|
|t:|1776185129
|move|p1a: Kingambit|Iron Head|p2a: Clefable
|-supereffective|p2a: Clefable
|-damage|p2a: Clefable|0 fnt
|faint|p2a: Clefable
|
|-heal|p1a: Kingambit|39/100 brn|[from] item: Leftovers
|-damage|p1a: Kingambit|33/100 brn|[from] brn
|upkeep
|inactive|twoflowersluggage has 90 seconds left.
|c|☆twoflowersluggage|yo jolly is crazy
|c|☆twoflowersluggage|bro i cant stand your team
|c|☆twoflowersluggage|stop matching up into me please
|-message|twoflowersluggage forfeited.
|
|win|kopv18
|raw|kopv18's rating: 1533 &rarr; <strong>1559</strong><br />(+26 for winning)
|raw|twoflowersluggage's rating: 1641 &rarr; <strong>1615</strong><br />(-26 for losing)
|l|☆twoflowersluggage
|player|p2|
