|html|<div class="broadcast-blue"><strong>[Gen 9] OU is currently suspecting Tera Blast! For information on how to participate check out the <a href="https://www.smogon.com/tools/suspects/view/200">suspect thread</a>.</strong></div>
|j|☆maxcolor
|j|☆Eveling
|t:|1776098922
|gametype|singles
|player|p1|maxcolor|266|1468
|player|p2|Eveling|gambler|1425
|gen|9
|tier|[Gen 9] OU
|rated|
|rule|HP Percentage Mod: HP is shown in percentages
|rule|Endless Battle Clause: Forcing endless battles is banned
|rule|Species Clause: Limit one of each Pokémon
|rule|OHKO Clause: OHKO moves are banned
|rule|Evasion Items Clause: Evasion items are banned
|rule|Evasion Moves Clause: Evasion moves are banned
|rule|Evasion Abilities Clause: Evasion abilities are banned
|rule|Sleep Moves Clause: Sleep-inducing moves are banned
|clearpoke
|poke|p1|Maushold|
|poke|p1|Zoroark-Hisui, M|
|poke|p1|Ursaluna, M|
|poke|p1|Ambipom, F|
|poke|p1|Farigiraf, M|
|poke|p1|Snorlax, F|
|poke|p2|Cinderace, F|
|poke|p2|Ogerpon-Wellspring, F|
|poke|p2|Gliscor, F|
|poke|p2|Glimmora, M|
|poke|p2|Iron Valiant|
|poke|p2|Gholdengo|
|teampreview
|inactive|Battle timer is ON: inactive players will automatically lose when time's up. (requested by maxcolor)
|
|t:|1776098938
|teamsize|p1|6
|teamsize|p2|6
|start
|switch|p1a: Ambipom|Ambipom, F|100/100
|switch|p2a: Glimmora|Glimmora, M|100/100
|turn|1
|
|t:|1776098944
|switch|p1a: Huntrix💙💛💜|Maushold, shiny|100/100
|move|p2a: Glimmora|Stealth Rock|p1a: Huntrix💙💛💜
|-sidestart|p1: maxcolor|move: Stealth Rock
|
|upkeep
|turn|2
|
|t:|1776098951
|move|p1a: Huntrix💙💛💜|Encore|p2a: Glimmora
|-start|p2a: Glimmora|Encore
|move|p2a: Glimmora|Stealth Rock||[still]
|-fail|p2a: Glimmora
|
|upkeep
|turn|3
|
|t:|1776098956
|switch|p2a: Gholdengo|Gholdengo|100/100
|move|p1a: Huntrix💙💛💜|Tidy Up|p1a: Huntrix💙💛💜
|-sideend|p1: maxcolor|Stealth Rock
|-activate|p1a: Huntrix💙💛💜|move: Tidy Up
|-boost|p1a: Huntrix💙💛💜|atk|1
|-boost|p1a: Huntrix💙💛💜|spe|1
|
|upkeep
|turn|4
|
|t:|1776098964
|move|p1a: Huntrix💙💛💜|Bite|p2a: Gholdengo
|-supereffective|p2a: Gholdengo
|-damage|p2a: Gholdengo|29/100
|move|p2a: Gholdengo|Focus Blast|p1a: Huntrix💙💛💜
|-supereffective|p1a: Huntrix💙💛💜
|-damage|p1a: Huntrix💙💛💜|0 fnt
|faint|p1a: Huntrix💙💛💜
|
|upkeep
|
|t:|1776098972
|switch|p1a: Ambipom|Ambipom, F|100/100
|turn|5
|
|t:|1776098980
|move|p1a: Ambipom|Bitter Malice|p2a: Gholdengo
|-supereffective|p2a: Gholdengo
|-damage|p2a: Gholdengo|0 fnt
|faint|p2a: Gholdengo
|
|upkeep
|
|t:|1776098987
|switch|p2a: Glimmora|Glimmora, M|100/100
|turn|6
|
|t:|1776098991
|move|p1a: Ambipom|Bitter Malice|p2a: Glimmora
|-damage|p2a: Glimmora|41/100
|-unboost|p2a: Glimmora|atk|1
|move|p2a: Glimmora|Stealth Rock|p1a: Ambipom
|-sidestart|p1: maxcolor|move: Stealth Rock
|
|upkeep
|turn|7
|
|t:|1776098998
|switch|p2a: Gliscor|Gliscor, F|100/100
|move|p1a: Ambipom|Bitter Malice|p2a: Gliscor
|-damage|p2a: Gliscor|47/100
|-unboost|p2a: Gliscor|atk|1
|
|-status|p2a: Gliscor|tox|[from] item: Toxic Orb
|upkeep
|turn|8
|
|t:|1776099002
|move|p2a: Gliscor|Protect|p2a: Gliscor
|-singleturn|p2a: Gliscor|Protect
|move|p1a: Ambipom|Bitter Malice|p2a: Gliscor
|-activate|p2a: Gliscor|move: Protect
|
|-heal|p2a: Gliscor|59/100 tox|[from] ability: Poison Heal
|upkeep
|turn|9
|
|t:|1776099014
|move|p1a: Ambipom|Bitter Malice|p2a: Gliscor
|-damage|p2a: Gliscor|9/100 tox
|-unboost|p2a: Gliscor|atk|1
|move|p2a: Gliscor|Toxic|p1a: Ambipom
|-status|p1a: Ambipom|tox
|
|-damage|p1a: Ambipom|95/100 tox|[from] psn
|-heal|p2a: Gliscor|21/100 tox|[from] ability: Poison Heal
|upkeep
|turn|10
|
|t:|1776099031
|switch|p1a: Ursaluna|Ursaluna, M|100/100
|-damage|p1a: Ursaluna|94/100|[from] Stealth Rock
|move|p2a: Gliscor|Protect||[still]
|-fail|p2a: Gliscor
|
|-heal|p2a: Gliscor|34/100 tox|[from] ability: Poison Heal
|-status|p1a: Ursaluna|brn|[from] item: Flame Orb
|upkeep
|turn|11
|
|t:|1776099037
|move|p2a: Gliscor|Earthquake|p1a: Ursaluna
|-damage|p1a: Ursaluna|83/100 brn
|move|p1a: Ursaluna|Ice Punch|p2a: Gliscor
|-supereffective|p2a: Gliscor
|-damage|p2a: Gliscor|0 fnt
|faint|p2a: Gliscor
|
|-damage|p1a: Ursaluna|77/100 brn|[from] brn
|upkeep
|
|t:|1776099041
|switch|p2a: Ogerpon|Ogerpon-Wellspring, F|100/100
|turn|12
|
|t:|1776099053
|switch|p1a: Farigiraf|Farigiraf, M|100/100
|-damage|p1a: Farigiraf|88/100|[from] Stealth Rock
|move|p2a: Ogerpon|Encore||[still]
|-fail|p2a: Ogerpon
|
|upkeep
|turn|13
|
|t:|1776099060
|-terastallize|p2a: Ogerpon|Water
|detailschange|p2a: Ogerpon|Ogerpon-Wellspring-Tera, F, tera:Water
|-ability|p2a: Ogerpon|Embody Aspect (Wellspring)|boost
|-boost|p2a: Ogerpon|spd|1
|move|p2a: Ogerpon|Swords Dance|p2a: Ogerpon
|-boost|p2a: Ogerpon|atk|2
|move|p1a: Farigiraf|Reflect|p1a: Farigiraf
|-sidestart|p1: maxcolor|Reflect
|
|upkeep
|turn|14
|
|t:|1776099067
|move|p2a: Ogerpon|Swords Dance|p2a: Ogerpon
|-boost|p2a: Ogerpon|atk|2
|move|p1a: Farigiraf|Trick Room|p1a: Farigiraf
|-fieldstart|move: Trick Room|[of] p1a: Farigiraf
|
|upkeep
|turn|15
|
|t:|1776099072
|move|p1a: Farigiraf|Light Screen|p1a: Farigiraf
|-sidestart|p1: maxcolor|move: Light Screen
|move|p2a: Ogerpon|Ivy Cudgel|p1a: Farigiraf|[anim] Ivy Cudgel Water
|-damage|p1a: Farigiraf|0 fnt
|faint|p1a: Farigiraf
|
|upkeep
|
|t:|1776099076
|switch|p1a: Ursaluna|Ursaluna, M|77/100 brn
|-damage|p1a: Ursaluna|71/100 brn|[from] Stealth Rock
|turn|16
|
|t:|1776099083
|switch|p2a: Glimmora|Glimmora, M|41/100
|move|p1a: Ursaluna|Facade|p2a: Glimmora
|-resisted|p2a: Glimmora
|-damage|p2a: Glimmora|0 fnt
|-activate|p2a: Glimmora|ability: Toxic Debris
|-sidestart|p1: maxcolor|move: Toxic Spikes
|faint|p2a: Glimmora
|
|-damage|p1a: Ursaluna|64/100 brn|[from] brn
|upkeep
|
|t:|1776099089
|switch|p2a: Cinderace|Cinderace, F|100/100
|turn|17
|
|t:|1776099094
|move|p2a: Cinderace|Sucker Punch|p1a: Ursaluna
|-start|p2a: Cinderace|typechange|Dark|[from] ability: Libero
|-crit|p1a: Ursaluna
|-damage|p1a: Ursaluna|29/100 brn
|move|p1a: Ursaluna|Facade|p2a: Cinderace
|-damage|p2a: Cinderace|0 fnt
|faint|p2a: Cinderace
|
|-damage|p1a: Ursaluna|22/100 brn|[from] brn
|upkeep
|
|t:|1776099103
|switch|p2a: Iron Valiant|Iron Valiant|100/100
|-enditem|p2a: Iron Valiant|Booster Energy
|-activate|p2a: Iron Valiant|ability: Quark Drive|[fromitem]
|-start|p2a: Iron Valiant|quarkdrivespe
|turn|18
|
|t:|1776099108
|move|p1a: Ursaluna|Headlong Rush|p2a: Iron Valiant
|-damage|p2a: Iron Valiant|0 fnt
|-unboost|p1a: Ursaluna|def|1
|-unboost|p1a: Ursaluna|spd|1
|faint|p2a: Iron Valiant
|-end|p2a: Iron Valiant|Quark Drive|[silent]
|
|-damage|p1a: Ursaluna|16/100 brn|[from] brn
|-fieldend|move: Trick Room
|upkeep
|
|t:|1776099113
|switch|p2a: Ogerpon|Ogerpon-Wellspring-Tera, F, tera:Water|100/100
|-ability|p2a: Ogerpon|Embody Aspect (Wellspring)|boost
|-boost|p2a: Ogerpon|spd|1
|turn|19
|
|t:|1776099116
|move|p2a: Ogerpon|Ivy Cudgel|p1a: Ursaluna|[anim] Ivy Cudgel Water
|-supereffective|p1a: Ursaluna
|-damage|p1a: Ursaluna|0 fnt
|faint|p1a: Ursaluna
|
|upkeep
|
|t:|1776099126
|switch|p1a: Ambipom|Ambipom, F|100/100
|-damage|p1a: Ambipom|88/100|[from] Stealth Rock
|-status|p1a: Ambipom|psn
|turn|20
|
|t:|1776099129
|-terastallize|p1a: Ambipom|Normal
|move|p1a: Ambipom|Fake Out|p2a: Ogerpon
|-damage|p2a: Ogerpon|41/100
|cant|p2a: Ogerpon|flinch
|
|-damage|p1a: Ambipom|76/100 psn|[from] psn
|-sideend|p1: maxcolor|Reflect
|upkeep
|turn|21
|
|t:|1776099137
|move|p1a: Ambipom|Covet|p2a: Ogerpon
|-damage|p2a: Ogerpon|0 fnt
|faint|p2a: Ogerpon
|detailschange|p2: Ogerpon|Ogerpon-Wellspring, F|[silent]
|
|win|maxcolor
|raw|maxcolor's rating: 1468 &rarr; <strong>1486</strong><br />(+18 for winning)
|raw|Eveling's rating: 1425 &rarr; <strong>1407</strong><br />(-18 for losing)
|l|☆Eveling
|player|p2|
|l|☆maxcolor
|player|p1|
