|html|<div class="broadcast-blue"><strong>[Gen 9] OU is currently suspecting Tera Blast! For information on how to participate check out the <a href="https://www.smogon.com/tools/suspects/view/200">suspect thread</a>.</strong></div>
|j|☆Clummsyy
|j|☆sam699
|t:|1776055266
|gametype|singles
|player|p1|Clummsyy|265|1459
|player|p2|sam699|zinzolin|1470
|gen|9
|tier|[Gen 9] OU
|rated|
|rule|HP Percentage Mod: HP is shown in percentages
|rule|Endless Battle Clause: Forcing endless battles is banned
|rule|Species Clause: Limit one of each Pokémon
|rule|OHKO Clause: OHKO moves are banned
|rule|Evasion Items Clause: Evasion items are banned
|rule|Evasion Moves Clause: Evasion moves are banned
|rule|Evasion Abilities Clause: Evasion abilities are banned
|rule|Sleep Moves Clause: Sleep-inducing moves are banned
|clearpoke
|poke|p1|Kyurem|
|poke|p1|Corviknight, M|
|poke|p1|Ting-Lu|
|poke|p1|Dondozo, F|
|poke|p1|Slowking-Galar, L99, M|
|poke|p1|Cinderace, F|
|poke|p2|Walking Wake|
|poke|p2|Heatran, M|
|poke|p2|Rillaboom, M|
|poke|p2|Clefable, F|
|poke|p2|Zapdos|
|poke|p2|Great Tusk|
|teampreview
|j| Latari
|inactive|Battle timer is ON: inactive players will automatically lose when time's up. (requested by Clummsyy)
|
|t:|1776055317
|teamsize|p1|6
|teamsize|p2|6
|start
|switch|p1a: Kyurem|Kyurem|100/100
|switch|p2a: Rillaboom|Rillaboom, M|100/100
|-ability|p1a: Kyurem|Pressure
|-fieldstart|move: Grassy Terrain|[from] ability: Grassy Surge|[of] p2a: Rillaboom
|turn|1
|inactive|Clummsyy has 120 seconds left.
|
|t:|1776055347
|switch|p2a: Clefable|Clefable, F|100/100
|move|p1a: Kyurem|Freeze-Dry|p2a: Clefable
|-damage|p2a: Clefable|77/100
|
|-heal|p2a: Clefable|83/100|[from] Grassy Terrain
|-heal|p2a: Clefable|89/100|[from] item: Leftovers
|upkeep
|turn|2
|inactive|Clummsyy has 120 seconds left.
|inactive|sam699 has 120 seconds left.
|inactive|Clummsyy has 90 seconds left.
|
|t:|1776055400
|switch|p1a: Slowking|Slowking-Galar, L99, M|100/100
|move|p2a: Clefable|Thunder Wave|p1a: Slowking
|-status|p1a: Slowking|par
|
|-heal|p2a: Clefable|95/100|[from] Grassy Terrain
|-heal|p2a: Clefable|100/100|[from] item: Leftovers
|upkeep
|turn|3
|
|t:|1776055423
|switch|p2a: Zapdos|Zapdos|100/100
|-prepare|p1a: Slowking|Chilly Reception|[premajor]
|move|p1a: Slowking|Chilly Reception|p1a: Slowking
|-weather|Snowscape
|
|t:|1776055437
|switch|p1a: Kyurem|Kyurem|100/100|[from] Chilly Reception
|-ability|p1a: Kyurem|Pressure
|
|-weather|Snowscape|[upkeep]
|upkeep
|turn|4
|inactive|sam699 has 120 seconds left.
|
|t:|1776055443
|switch|p2a: Clefable|Clefable, F|100/100
|move|p1a: Kyurem|Freeze-Dry|p2a: Clefable
|-damage|p2a: Clefable|74/100
|
|-weather|Snowscape|[upkeep]
|-heal|p2a: Clefable|80/100|[from] Grassy Terrain
|-heal|p2a: Clefable|86/100|[from] item: Leftovers
|upkeep
|turn|5
|inactive|sam699 has 120 seconds left.
|
|t:|1776055457
|move|p1a: Kyurem|Protect|p1a: Kyurem
|-singleturn|p1a: Kyurem|Protect
|move|p2a: Clefable|Moonblast|p1a: Kyurem
|-activate|p1a: Kyurem|move: Protect
|
|-weather|Snowscape|[upkeep]
|-heal|p2a: Clefable|92/100|[from] Grassy Terrain
|-heal|p2a: Clefable|98/100|[from] item: Leftovers
|-fieldend|move: Grassy Terrain
|upkeep
|turn|6
|
|t:|1776055463
|switch|p1a: Slowking|Slowking-Galar, L99, M|100/100 par
|move|p2a: Clefable|Moonblast|p1a: Slowking
|-resisted|p1a: Slowking
|-damage|p1a: Slowking|92/100 par
|
|-weather|Snowscape|[upkeep]
|-heal|p2a: Clefable|100/100|[from] item: Leftovers
|upkeep
|turn|7
|
|t:|1776055469
|switch|p2a: Zapdos|Zapdos|100/100
|move|p1a: Slowking|Toxic|p2a: Zapdos
|-status|p2a: Zapdos|tox
|
|-weather|none
|-damage|p2a: Zapdos|94/100 tox|[from] psn
|upkeep
|turn|8
|inactive|Clummsyy has 90 seconds left.
|
|t:|1776055479
|move|p2a: Zapdos|Volt Switch|p1a: Slowking
|-damage|p1a: Slowking|72/100 par
|
|t:|1776055484
|switch|p2a: Heatran|Heatran, M|100/100|[from] Volt Switch
|-prepare|p1a: Slowking|Chilly Reception|[premajor]
|move|p1a: Slowking|Chilly Reception|p1a: Slowking
|-weather|Snowscape
|inactive|Clummsyy has 90 seconds left.
|
|t:|1776055500
|switch|p1a: Kyurem|Kyurem|100/100|[from] Chilly Reception
|-ability|p1a: Kyurem|Pressure
|
|-weather|Snowscape|[upkeep]
|upkeep
|turn|9
|
|t:|1776055519
|switch|p2a: Clefable|Clefable, F|100/100
|move|p1a: Kyurem|Substitute|p1a: Kyurem
|-start|p1a: Kyurem|Substitute
|-damage|p1a: Kyurem|75/100
|
|-weather|Snowscape|[upkeep]
|-heal|p1a: Kyurem|82/100|[from] item: Leftovers
|upkeep
|turn|10
|
|t:|1776055524
|move|p1a: Kyurem|Protect|p1a: Kyurem
|-singleturn|p1a: Kyurem|Protect
|move|p2a: Clefable|Moonblast|p1a: Kyurem
|-activate|p1a: Kyurem|move: Protect
|
|-weather|Snowscape|[upkeep]
|-heal|p1a: Kyurem|88/100|[from] item: Leftovers
|upkeep
|turn|11
|
|t:|1776055527
|move|p1a: Kyurem|Freeze-Dry|p2a: Clefable
|-damage|p2a: Clefable|77/100
|move|p2a: Clefable|Moonblast|p1a: Kyurem
|-supereffective|p1a: Kyurem
|-end|p1a: Kyurem|Substitute
|
|-weather|Snowscape|[upkeep]
|-heal|p1a: Kyurem|94/100|[from] item: Leftovers
|-heal|p2a: Clefable|83/100|[from] item: Leftovers
|upkeep
|turn|12
|
|t:|1776055536
|switch|p1a: Slowking|Slowking-Galar, L99, M|100/100 par
|move|p2a: Clefable|Stealth Rock|p1a: Slowking
|-sidestart|p1: Clummsyy|move: Stealth Rock
|
|-weather|none
|-heal|p2a: Clefable|90/100|[from] item: Leftovers
|upkeep
|turn|13
|inactive|Clummsyy has 120 seconds left.
|inactive|Clummsyy has 90 seconds left.
|
|t:|1776055575
|move|p2a: Clefable|Wish|p2a: Clefable
|move|p1a: Slowking|Sludge Bomb|p2a: Clefable
|-supereffective|p2a: Clefable
|-damage|p2a: Clefable|45/100
|
|-heal|p2a: Clefable|52/100|[from] item: Leftovers
|upkeep
|turn|14
|inactive|Clummsyy has 90 seconds left.
|
|t:|1776055589
|switch|p2a: Heatran|Heatran, M|100/100
|move|p1a: Slowking|Future Sight|p2a: Heatran
|-start|p1a: Slowking|move: Future Sight
|
|upkeep
|turn|15
|inactive|Clummsyy has 90 seconds left.
|
|t:|1776055600
|switch|p1a: Dondozo|Dondozo, F|100/100
|-damage|p1a: Dondozo|88/100|[from] Stealth Rock
|move|p2a: Heatran|Magma Storm|p1a: Dondozo|[miss]
|-miss|p2a: Heatran|p1a: Dondozo
|
|-heal|p1a: Dondozo|94/100|[from] item: Leftovers
|upkeep
|turn|16
|
|t:|1776055609
|switch|p2a: Rillaboom|Rillaboom, M|100/100
|-fieldstart|move: Grassy Terrain|[from] ability: Grassy Surge|[of] p2a: Rillaboom
|move|p1a: Dondozo|Waterfall|p2a: Rillaboom
|-resisted|p2a: Rillaboom
|-damage|p2a: Rillaboom|87/100
|
|-end|p2a: Rillaboom|move: Future Sight
|-damage|p2a: Rillaboom|28/100
|-heal|p2a: Rillaboom|34/100|[from] Grassy Terrain
|-heal|p1a: Dondozo|100/100|[from] Grassy Terrain
|upkeep
|turn|17
|
|t:|1776055618
|switch|p1a: Corviknight|Corviknight, M|100/100
|-damage|p1a: Corviknight|88/100|[from] Stealth Rock
|-ability|p1a: Corviknight|Pressure
|move|p2a: Rillaboom|U-turn|p1a: Corviknight
|-resisted|p1a: Corviknight
|-damage|p1a: Corviknight|83/100
|-damage|p2a: Rillaboom|18/100|[from] item: Rocky Helmet|[of] p1a: Corviknight
|
|t:|1776055625
|switch|p2a: Walking Wake|Walking Wake|100/100|[from] U-turn
|
|upkeep
|turn|18
|l| Latari
|inactive|Clummsyy has 90 seconds left.
|inactive|Clummsyy has 60 seconds left.
|
|t:|1776055691
|switch|p1a: Ting-Lu|Ting-Lu|100/100
|-damage|p1a: Ting-Lu|94/100|[from] Stealth Rock
|-ability|p1a: Ting-Lu|Vessel of Ruin
|move|p2a: Walking Wake|Flamethrower|p1a: Ting-Lu
|-damage|p1a: Ting-Lu|78/100
|-damage|p2a: Walking Wake|91/100|[from] item: Life Orb
|
|-heal|p2a: Walking Wake|97/100|[from] Grassy Terrain
|-heal|p1a: Ting-Lu|84/100|[from] Grassy Terrain
|-heal|p1a: Ting-Lu|90/100|[from] item: Leftovers
|upkeep
|turn|19
|
|t:|1776055711
|-end|p2a: Walking Wake|Protosynthesis|[silent]
|switch|p2a: Clefable|Clefable, F|52/100
|move|p1a: Ting-Lu|Payback|p2a: Clefable
|-resisted|p2a: Clefable
|-damage|p2a: Clefable|42/100
|
|-heal|p2a: Clefable|48/100|[from] Grassy Terrain
|-heal|p2a: Clefable|54/100|[from] item: Leftovers
|-heal|p1a: Ting-Lu|96/100|[from] Grassy Terrain
|-heal|p1a: Ting-Lu|100/100|[from] item: Leftovers
|upkeep
|turn|20
|
|t:|1776055718
|switch|p1a: Corviknight|Corviknight, M|83/100
|-damage|p1a: Corviknight|71/100|[from] Stealth Rock
|-ability|p1a: Corviknight|Pressure
|move|p2a: Clefable|Wish|p2a: Clefable
|
|-heal|p2a: Clefable|60/100|[from] Grassy Terrain
|-heal|p2a: Clefable|66/100|[from] item: Leftovers
|-fieldend|move: Grassy Terrain
|upkeep
|turn|21
|
|t:|1776055721
|move|p1a: Corviknight|Defog|p2a: Clefable
|-unboost|p2a: Clefable|evasion|1
|-sideend|p1: Clummsyy|Stealth Rock|[from] move: Defog|[of] p1a: Corviknight
|move|p2a: Clefable|Thunder Wave|p1a: Corviknight
|-status|p1a: Corviknight|par
|
|-heal|p2a: Clefable|100/100|[from] move: Wish|[wisher] Clefable
|upkeep
|turn|22
|
|t:|1776055728
|move|p2a: Clefable|Wish|p2a: Clefable
|cant|p1a: Corviknight|par
|
|upkeep
|turn|23
|
|t:|1776055738
|switch|p2a: Walking Wake|Walking Wake|97/100
|move|p1a: Corviknight|U-turn|p2a: Walking Wake
|-damage|p2a: Walking Wake|82/100
|inactive|Clummsyy has 60 seconds left.
|
|t:|1776055768
|switch|p1a: Ting-Lu|Ting-Lu|100/100|[from] U-turn
|-ability|p1a: Ting-Lu|Vessel of Ruin
|
|-heal|p2a: Walking Wake|100/100|[from] move: Wish|[wisher] Clefable
|upkeep
|turn|24
|
|t:|1776055774
|move|p2a: Walking Wake|Scald|p1a: Ting-Lu
|-supereffective|p1a: Ting-Lu
|-damage|p1a: Ting-Lu|54/100
|-damage|p2a: Walking Wake|91/100|[from] item: Life Orb
|move|p1a: Ting-Lu|Earthquake|p2a: Walking Wake
|-damage|p2a: Walking Wake|52/100
|
|-heal|p1a: Ting-Lu|61/100|[from] item: Leftovers
|upkeep
|turn|25
|inactive|Clummsyy has 60 seconds left.
|
|t:|1776055808
|-end|p2a: Walking Wake|Protosynthesis|[silent]
|switch|p2a: Great Tusk|Great Tusk|100/100
|switch|p1a: Slowking|Slowking-Galar, L99, M|100/100 par
|
|upkeep
|turn|26
|
|t:|1776055820
|switch|p1a: Corviknight|Corviknight, M|71/100 par
|-ability|p1a: Corviknight|Pressure
|move|p2a: Great Tusk|Close Combat|p1a: Corviknight
|-damage|p1a: Corviknight|36/100 par
|-unboost|p2a: Great Tusk|def|1
|-unboost|p2a: Great Tusk|spd|1
|-damage|p2a: Great Tusk|84/100|[from] item: Rocky Helmet|[of] p1a: Corviknight
|
|upkeep
|turn|27
|inactive|Clummsyy has 30 seconds left.
|
|t:|1776055841
|switch|p1a: Dondozo|Dondozo, F|100/100
|move|p2a: Great Tusk|Close Combat|p1a: Dondozo
|-damage|p1a: Dondozo|72/100
|-unboost|p2a: Great Tusk|def|1
|-unboost|p2a: Great Tusk|spd|1
|
|-heal|p1a: Dondozo|78/100|[from] item: Leftovers
|upkeep
|turn|28
|inactive|Clummsyy has 30 seconds left.
|
|t:|1776055853
|-end|p2a: Great Tusk|Protosynthesis|[silent]
|switch|p2a: Zapdos|Zapdos|94/100 tox
|move|p1a: Dondozo|Waterfall|p2a: Zapdos
|-damage|p2a: Zapdos|76/100 tox
|
|-heal|p1a: Dondozo|84/100|[from] item: Leftovers
|-damage|p2a: Zapdos|70/100 tox|[from] psn
|upkeep
|turn|29
|
|t:|1776055859
|switch|p1a: Ting-Lu|Ting-Lu|61/100
|-ability|p1a: Ting-Lu|Vessel of Ruin
|move|p2a: Zapdos|Volt Switch|p1a: Ting-Lu
|-immune|p1a: Ting-Lu
|
|-heal|p1a: Ting-Lu|67/100|[from] item: Leftovers
|-damage|p2a: Zapdos|58/100 tox|[from] psn
|upkeep
|turn|30
|
|t:|1776055874
|switch|p2a: Clefable|Clefable, F|100/100
|move|p1a: Ting-Lu|Payback|p2a: Clefable
|-resisted|p2a: Clefable
|-damage|p2a: Clefable|90/100
|
|-heal|p2a: Clefable|96/100|[from] item: Leftovers
|-heal|p1a: Ting-Lu|73/100|[from] item: Leftovers
|upkeep
|turn|31
|
|t:|1776055887
|switch|p1a: Corviknight|Corviknight, M|36/100 par
|-ability|p1a: Corviknight|Pressure
|move|p2a: Clefable|Wish|p2a: Clefable
|
|-heal|p2a: Clefable|100/100|[from] item: Leftovers
|upkeep
|turn|32
|
|t:|1776055892
|switch|p2a: Walking Wake|Walking Wake|52/100
|move|p1a: Corviknight|Roost|p1a: Corviknight
|-heal|p1a: Corviknight|86/100 par
|-singleturn|p1a: Corviknight|move: Roost
|
|-heal|p2a: Walking Wake|100/100|[from] move: Wish|[wisher] Clefable
|upkeep
|turn|33
|
|t:|1776055915
|switch|p1a: Slowking|Slowking-Galar, L99, M|100/100 par
|move|p2a: Walking Wake|Scald|p1a: Slowking
|-damage|p1a: Slowking|66/100 par
|-damage|p2a: Walking Wake|91/100|[from] item: Life Orb
|
|upkeep
|turn|34
|
|t:|1776055931
|-end|p2a: Walking Wake|Protosynthesis|[silent]
|switch|p2a: Clefable|Clefable, F|100/100
|move|p1a: Slowking|Toxic|p2a: Clefable
|-status|p2a: Clefable|tox
|
|upkeep
|turn|35
|
|t:|1776055942
|switch|p2a: Heatran|Heatran, M|100/100
|move|p1a: Slowking|Sludge Bomb|p2a: Heatran
|-immune|p2a: Heatran
|
|upkeep
|turn|36
|
|t:|1776055957
|switch|p1a: Dondozo|Dondozo, F|84/100
|move|p2a: Heatran|Will-O-Wisp|p1a: Dondozo
|-status|p1a: Dondozo|brn
|
|-heal|p1a: Dondozo|90/100 brn|[from] item: Leftovers
|-damage|p1a: Dondozo|84/100 brn|[from] brn
|upkeep
|turn|37
|inactive|Clummsyy has 30 seconds left.
|
|t:|1776055981
|move|p2a: Heatran|Magma Storm|p1a: Dondozo
|-resisted|p1a: Dondozo
|-damage|p1a: Dondozo|59/100 brn
|-activate|p1a: Dondozo|move: Magma Storm|[of] p2a: Heatran
|move|p1a: Dondozo|Body Press|p2a: Heatran
|-supereffective|p2a: Heatran
|-crit|p2a: Heatran
|-damage|p2a: Heatran|63/100
|
|-heal|p2a: Heatran|70/100|[from] item: Leftovers
|-heal|p1a: Dondozo|66/100 brn|[from] item: Leftovers
|-damage|p1a: Dondozo|59/100 brn|[from] brn
|-damage|p1a: Dondozo|47/100 brn|[from] move: Magma Storm|[partiallytrapped]
|upkeep
|turn|38
|
|t:|1776055988
|move|p2a: Heatran|Protect|p2a: Heatran
|-singleturn|p2a: Heatran|Protect
|move|p1a: Dondozo|Rest|p1a: Dondozo
|-status|p1a: Dondozo|slp|[from] move: Rest
|-heal|p1a: Dondozo|100/100 slp|[silent]
|
|-heal|p2a: Heatran|76/100|[from] item: Leftovers
|-damage|p1a: Dondozo|88/100 slp|[from] move: Magma Storm|[partiallytrapped]
|upkeep
|turn|39
|
|t:|1776056000
|switch|p2a: Clefable|Clefable, F|100/100 tox
|cant|p1a: Dondozo|slp
|
|-heal|p1a: Dondozo|94/100 slp|[from] item: Leftovers
|-end|p1a: Dondozo|Magma Storm|[partiallytrapped]|[silent]
|upkeep
|turn|40
|
|t:|1776056012
|switch|p1a: Slowking|Slowking-Galar, L99, M|99/100 par
|move|p2a: Clefable|Wish|p2a: Clefable
|
|upkeep
|turn|41
|
|t:|1776056024
|switch|p2a: Heatran|Heatran, M|76/100
|move|p1a: Slowking|Future Sight|p2a: Heatran
|-start|p1a: Slowking|move: Future Sight
|
|-heal|p2a: Heatran|100/100|[from] move: Wish|[wisher] Clefable
|upkeep
|turn|42
|
|t:|1776056048
|switch|p1a: Ting-Lu|Ting-Lu|73/100
|-ability|p1a: Ting-Lu|Vessel of Ruin
|move|p2a: Heatran|Earth Power|p1a: Ting-Lu
|-damage|p1a: Ting-Lu|60/100
|
|-heal|p1a: Ting-Lu|66/100|[from] item: Leftovers
|upkeep
|turn|43
|
|t:|1776056068
|switch|p2a: Great Tusk|Great Tusk|84/100
|move|p1a: Ting-Lu|Earthquake|p2a: Great Tusk
|-damage|p2a: Great Tusk|58/100
|
|-end|p2a: Great Tusk|move: Future Sight
|-supereffective|p2a: Great Tusk
|-damage|p2a: Great Tusk|0 fnt
|faint|p2a: Great Tusk
|-end|p2a: Great Tusk|Protosynthesis|[silent]
|-heal|p1a: Ting-Lu|72/100|[from] item: Leftovers
|upkeep
|
|t:|1776056074
|switch|p2a: Rillaboom|Rillaboom, M|18/100
|-fieldstart|move: Grassy Terrain|[from] ability: Grassy Surge|[of] p2a: Rillaboom
|turn|44
|
|t:|1776056081
|switch|p1a: Corviknight|Corviknight, M|86/100 par
|-ability|p1a: Corviknight|Pressure
|move|p2a: Rillaboom|Knock Off|p1a: Corviknight
|-damage|p1a: Corviknight|54/100 par
|-damage|p2a: Rillaboom|1/100|[from] item: Rocky Helmet|[of] p1a: Corviknight
|-enditem|p1a: Corviknight|Rocky Helmet|[from] move: Knock Off|[of] p2a: Rillaboom
|
|-heal|p2a: Rillaboom|7/100|[from] Grassy Terrain
|upkeep
|turn|45
|
|t:|1776056091
|switch|p2a: Walking Wake|Walking Wake|91/100
|move|p1a: Corviknight|U-turn|p2a: Walking Wake
|-damage|p2a: Walking Wake|75/100
|
|t:|1776056105
|switch|p1a: Slowking|Slowking-Galar, L99, M|100/100 par|[from] U-turn
|
|-heal|p2a: Walking Wake|82/100|[from] Grassy Terrain
|upkeep
|turn|46
|
|t:|1776056117
|-end|p2a: Walking Wake|Protosynthesis|[silent]
|switch|p2a: Heatran|Heatran, M|100/100
|move|p1a: Slowking|Future Sight|p2a: Heatran
|-start|p1a: Slowking|move: Future Sight
|
|upkeep
|turn|47
|
|t:|1776056124
|switch|p1a: Ting-Lu|Ting-Lu|72/100
|-ability|p1a: Ting-Lu|Vessel of Ruin
|move|p2a: Heatran|Will-O-Wisp|p1a: Ting-Lu
|-status|p1a: Ting-Lu|brn
|
|-heal|p1a: Ting-Lu|79/100 brn|[from] Grassy Terrain
|-heal|p1a: Ting-Lu|85/100 brn|[from] item: Leftovers
|-damage|p1a: Ting-Lu|79/100 brn|[from] brn
|upkeep
|turn|48
|
|t:|1776056130
|move|p2a: Heatran|Magma Storm|p1a: Ting-Lu
|-damage|p1a: Ting-Lu|58/100 brn
|-activate|p1a: Ting-Lu|move: Magma Storm|[of] p2a: Heatran
|move|p1a: Ting-Lu|Rest|p1a: Ting-Lu
|-status|p1a: Ting-Lu|slp|[from] move: Rest
|-heal|p1a: Ting-Lu|100/100 slp|[silent]
|
|-end|p2a: Heatran|move: Future Sight
|-resisted|p2a: Heatran
|-damage|p2a: Heatran|87/100
|-heal|p2a: Heatran|93/100|[from] Grassy Terrain
|-heal|p2a: Heatran|99/100|[from] item: Leftovers
|-damage|p1a: Ting-Lu|88/100 slp|[from] move: Magma Storm|[partiallytrapped]
|-fieldend|move: Grassy Terrain
|upkeep
|turn|49
|
|t:|1776056140
|move|p2a: Heatran|Protect|p2a: Heatran
|-singleturn|p2a: Heatran|Protect
|cant|p1a: Ting-Lu|slp
|move|p1a: Ting-Lu|Sleep Talk|p1a: Ting-Lu
|move|p1a: Ting-Lu|Earthquake|p2a: Heatran|[from] move: Sleep Talk
|-activate|p2a: Heatran|move: Protect
|
|-heal|p2a: Heatran|100/100|[from] item: Leftovers
|-heal|p1a: Ting-Lu|94/100 slp|[from] item: Leftovers
|-damage|p1a: Ting-Lu|82/100 slp|[from] move: Magma Storm|[partiallytrapped]
|upkeep
|turn|50
|
|t:|1776056151
|switch|p2a: Zapdos|Zapdos|58/100 tox
|cant|p1a: Ting-Lu|slp
|move|p1a: Ting-Lu|Sleep Talk|p1a: Ting-Lu
|move|p1a: Ting-Lu|Rest||[from] move: Sleep Talk|[still]
|-fail|p1a: Ting-Lu
|
|-heal|p1a: Ting-Lu|88/100 slp|[from] item: Leftovers
|-damage|p2a: Zapdos|52/100 tox|[from] psn
|-end|p1a: Ting-Lu|Magma Storm|[partiallytrapped]|[silent]
|upkeep
|turn|51
|
|t:|1776056157
|move|p2a: Zapdos|Roost|p2a: Zapdos
|-heal|p2a: Zapdos|100/100 tox
|-singleturn|p2a: Zapdos|move: Roost
|-curestatus|p1a: Ting-Lu|slp|[msg]
|move|p1a: Ting-Lu|Payback|p2a: Zapdos
|-damage|p2a: Zapdos|71/100 tox
|-status|p1a: Ting-Lu|par|[from] ability: Static|[of] p2a: Zapdos
|
|-heal|p1a: Ting-Lu|94/100 par|[from] item: Leftovers
|-damage|p2a: Zapdos|59/100 tox|[from] psn
|upkeep
|turn|52
|
|t:|1776056171
|switch|p2a: Clefable|Clefable, F|100/100 tox
|switch|p1a: Slowking|Slowking-Galar, L99, M|100/100 par
|
|upkeep
|turn|53
|
|t:|1776056186
|move|p2a: Clefable|Wish|p2a: Clefable
|-prepare|p1a: Slowking|Chilly Reception|[premajor]
|cant|p1a: Slowking|par
|
|upkeep
|turn|54
|
|t:|1776056189
|switch|p2a: Rillaboom|Rillaboom, M|7/100
|-fieldstart|move: Grassy Terrain|[from] ability: Grassy Surge|[of] p2a: Rillaboom
|-prepare|p1a: Slowking|Chilly Reception|[premajor]
|move|p1a: Slowking|Chilly Reception|p1a: Slowking
|-weather|Snowscape
|inactive|Clummsyy has 90 seconds left.
|
|t:|1776056218
|switch|p1a: Cinderace|Cinderace, F|100/100|[from] Chilly Reception
|
|-weather|Snowscape|[upkeep]
|-heal|p2a: Rillaboom|65/100|[from] move: Wish|[wisher] Clefable
|-heal|p2a: Rillaboom|71/100|[from] Grassy Terrain
|upkeep
|turn|55
|
|t:|1776056224
|switch|p2a: Heatran|Heatran, M|100/100
|move|p1a: Cinderace|U-turn|p2a: Heatran
|-resisted|p2a: Heatran
|-damage|p2a: Heatran|96/100
|
|t:|1776056237
|switch|p1a: Kyurem|Kyurem|94/100|[from] U-turn
|-ability|p1a: Kyurem|Pressure
|
|-weather|Snowscape|[upkeep]
|-heal|p1a: Kyurem|99/100|[from] Grassy Terrain
|-heal|p1a: Kyurem|100/100|[from] item: Leftovers
|-heal|p2a: Heatran|100/100|[from] Grassy Terrain
|upkeep
|turn|56
|
|t:|1776056249
|-terastallize|p2a: Heatran|Fairy
|move|p1a: Kyurem|Earth Power|p2a: Heatran
|-damage|p2a: Heatran|76/100
|move|p2a: Heatran|Magma Storm|p1a: Kyurem
|-damage|p1a: Kyurem|53/100
|-activate|p1a: Kyurem|move: Magma Storm|[of] p2a: Heatran
|
|-weather|Snowscape|[upkeep]
|-heal|p1a: Kyurem|60/100|[from] Grassy Terrain
|-heal|p1a: Kyurem|66/100|[from] item: Leftovers
|-heal|p2a: Heatran|82/100|[from] Grassy Terrain
|-heal|p2a: Heatran|89/100|[from] item: Leftovers
|-damage|p1a: Kyurem|53/100|[from] move: Magma Storm|[partiallytrapped]
|upkeep
|turn|57
|inactive|Clummsyy has 60 seconds left.
|
|t:|1776056293
|move|p2a: Heatran|Protect|p2a: Heatran
|-singleturn|p2a: Heatran|Protect
|move|p1a: Kyurem|Substitute|p1a: Kyurem
|-start|p1a: Kyurem|Substitute
|-end|p1a: Kyurem|Magma Storm|[partiallytrapped]|[silent]
|-damage|p1a: Kyurem|28/100
|
|-weather|Snowscape|[upkeep]
|-heal|p1a: Kyurem|35/100|[from] Grassy Terrain
|-heal|p1a: Kyurem|41/100|[from] item: Leftovers
|-heal|p2a: Heatran|95/100|[from] Grassy Terrain
|-heal|p2a: Heatran|100/100|[from] item: Leftovers
|upkeep
|turn|58
|
|t:|1776056301
|move|p1a: Kyurem|Protect|p1a: Kyurem
|-singleturn|p1a: Kyurem|Protect
|move|p2a: Heatran|Earth Power|p1a: Kyurem
|-activate|p1a: Kyurem|move: Protect
|
|-weather|none
|-heal|p1a: Kyurem|47/100|[from] Grassy Terrain
|-heal|p1a: Kyurem|53/100|[from] item: Leftovers
|-fieldend|move: Grassy Terrain
|upkeep
|turn|59
|inactive|Clummsyy has 60 seconds left.
|
|t:|1776056316
|move|p1a: Kyurem|Freeze-Dry|p2a: Heatran
|-damage|p2a: Heatran|74/100
|move|p2a: Heatran|Earth Power|p1a: Kyurem
|-end|p1a: Kyurem|Substitute
|
|-heal|p1a: Kyurem|59/100|[from] item: Leftovers
|-heal|p2a: Heatran|80/100|[from] item: Leftovers
|upkeep
|turn|60
|inactive|Clummsyy has 60 seconds left.
|
|t:|1776056322
|move|p1a: Kyurem|Protect|p1a: Kyurem
|-singleturn|p1a: Kyurem|Protect
|move|p2a: Heatran|Earth Power|p1a: Kyurem
|-activate|p1a: Kyurem|move: Protect
|
|-heal|p1a: Kyurem|66/100|[from] item: Leftovers
|-heal|p2a: Heatran|87/100|[from] item: Leftovers
|upkeep
|turn|61
|
|t:|1776056329
|move|p1a: Kyurem|Substitute|p1a: Kyurem
|-start|p1a: Kyurem|Substitute
|-damage|p1a: Kyurem|41/100
|move|p2a: Heatran|Earth Power|p1a: Kyurem
|-end|p1a: Kyurem|Substitute
|
|-heal|p1a: Kyurem|47/100|[from] item: Leftovers
|-heal|p2a: Heatran|93/100|[from] item: Leftovers
|upkeep
|turn|62
|
|t:|1776056334
|move|p1a: Kyurem|Protect|p1a: Kyurem
|-singleturn|p1a: Kyurem|Protect
|move|p2a: Heatran|Earth Power|p1a: Kyurem
|-activate|p1a: Kyurem|move: Protect
|
|-heal|p1a: Kyurem|53/100|[from] item: Leftovers
|-heal|p2a: Heatran|99/100|[from] item: Leftovers
|upkeep
|turn|63
|
|t:|1776056348
|switch|p1a: Dondozo|Dondozo, F|94/100 slp
|move|p2a: Heatran|Earth Power|p1a: Dondozo
|-damage|p1a: Dondozo|64/100 slp
|
|-heal|p2a: Heatran|100/100|[from] item: Leftovers
|-heal|p1a: Dondozo|70/100 slp|[from] item: Leftovers
|upkeep
|turn|64
|
|t:|1776056354
|move|p2a: Heatran|Magma Storm|p1a: Dondozo
|-resisted|p1a: Dondozo
|-damage|p1a: Dondozo|43/100 slp
|-activate|p1a: Dondozo|move: Magma Storm|[of] p2a: Heatran
|cant|p1a: Dondozo|slp
|
|-heal|p1a: Dondozo|49/100 slp|[from] item: Leftovers
|-damage|p1a: Dondozo|37/100 slp|[from] move: Magma Storm|[partiallytrapped]
|upkeep
|turn|65
|
|t:|1776056360
|move|p2a: Heatran|Earth Power|p1a: Dondozo
|-damage|p1a: Dondozo|4/100 slp
|-curestatus|p1a: Dondozo|slp|[msg]
|move|p1a: Dondozo|Rest|p1a: Dondozo
|-status|p1a: Dondozo|slp|[from] move: Rest
|-heal|p1a: Dondozo|100/100 slp|[silent]
|
|-damage|p1a: Dondozo|88/100 slp|[from] move: Magma Storm|[partiallytrapped]
|upkeep
|turn|66
|
|t:|1776056365
|move|p2a: Heatran|Earth Power|p1a: Dondozo
|-damage|p1a: Dondozo|54/100 slp
|cant|p1a: Dondozo|slp
|
|-heal|p1a: Dondozo|60/100 slp|[from] item: Leftovers
|-damage|p1a: Dondozo|48/100 slp|[from] move: Magma Storm|[partiallytrapped]
|upkeep
|turn|67
|
|t:|1776056375
|move|p2a: Heatran|Earth Power|p1a: Dondozo
|-damage|p1a: Dondozo|18/100 slp
|cant|p1a: Dondozo|slp
|
|-heal|p1a: Dondozo|24/100 slp|[from] item: Leftovers
|-damage|p1a: Dondozo|12/100 slp|[from] move: Magma Storm|[partiallytrapped]
|upkeep
|turn|68
|
|t:|1776056382
|move|p2a: Heatran|Earth Power|p1a: Dondozo
|-damage|p1a: Dondozo|0 fnt
|faint|p1a: Dondozo
|
|upkeep
|
|t:|1776056393
|switch|p1a: Cinderace|Cinderace, F|100/100
|turn|69
|
|t:|1776056401
|move|p1a: Cinderace|U-turn|p2a: Heatran
|-resisted|p2a: Heatran
|-damage|p2a: Heatran|93/100
|
|t:|1776056406
|switch|p1a: Ting-Lu|Ting-Lu|94/100 par|[from] U-turn
|-ability|p1a: Ting-Lu|Vessel of Ruin
|move|p2a: Heatran|Magma Storm|p1a: Ting-Lu
|-damage|p1a: Ting-Lu|71/100 par
|-activate|p1a: Ting-Lu|move: Magma Storm|[of] p2a: Heatran
|
|-heal|p2a: Heatran|99/100|[from] item: Leftovers
|-heal|p1a: Ting-Lu|77/100 par|[from] item: Leftovers
|-damage|p1a: Ting-Lu|65/100 par|[from] move: Magma Storm|[partiallytrapped]
|upkeep
|turn|70
|
|t:|1776056416
|move|p2a: Heatran|Protect|p2a: Heatran
|-singleturn|p2a: Heatran|Protect
|move|p1a: Ting-Lu|Rest|p1a: Ting-Lu
|-status|p1a: Ting-Lu|slp|[from] move: Rest
|-heal|p1a: Ting-Lu|100/100 slp|[silent]
|
|-heal|p2a: Heatran|100/100|[from] item: Leftovers
|-damage|p1a: Ting-Lu|88/100 slp|[from] move: Magma Storm|[partiallytrapped]
|upkeep
|turn|71
|inactive|Clummsyy has 120 seconds left.
|
|t:|1776056422
|move|p2a: Heatran|Will-O-Wisp||[still]
|-fail|p2a: Heatran
|cant|p1a: Ting-Lu|slp
|move|p1a: Ting-Lu|Sleep Talk|p1a: Ting-Lu
|move|p1a: Ting-Lu|Payback|p2a: Heatran|[from] move: Sleep Talk
|-resisted|p2a: Heatran
|-damage|p2a: Heatran|85/100
|
|-heal|p2a: Heatran|91/100|[from] item: Leftovers
|-heal|p1a: Ting-Lu|94/100 slp|[from] item: Leftovers
|-damage|p1a: Ting-Lu|82/100 slp|[from] move: Magma Storm|[partiallytrapped]
|upkeep
|turn|72
|
|t:|1776056429
|move|p2a: Heatran|Will-O-Wisp||[still]
|-fail|p2a: Heatran
|cant|p1a: Ting-Lu|slp
|move|p1a: Ting-Lu|Sleep Talk|p1a: Ting-Lu
|move|p1a: Ting-Lu|Payback|p2a: Heatran|[from] move: Sleep Talk
|-resisted|p2a: Heatran
|-damage|p2a: Heatran|76/100
|
|-heal|p2a: Heatran|83/100|[from] item: Leftovers
|-heal|p1a: Ting-Lu|88/100 slp|[from] item: Leftovers
|-damage|p1a: Ting-Lu|76/100 slp|[from] move: Magma Storm|[partiallytrapped]
|upkeep
|turn|73
|
|t:|1776056443
|move|p2a: Heatran|Protect|p2a: Heatran
|-singleturn|p2a: Heatran|Protect
|-curestatus|p1a: Ting-Lu|slp|[msg]
|move|p1a: Ting-Lu|Earthquake|p2a: Heatran
|-activate|p2a: Heatran|move: Protect
|
|-heal|p2a: Heatran|89/100|[from] item: Leftovers
|-heal|p1a: Ting-Lu|82/100|[from] item: Leftovers
|-damage|p1a: Ting-Lu|69/100|[from] move: Magma Storm|[partiallytrapped]
|upkeep
|turn|74
|
|t:|1776056455
|switch|p2a: Clefable|Clefable, F|100/100 tox
|move|p1a: Ting-Lu|Payback|p2a: Clefable
|-resisted|p2a: Clefable
|-damage|p2a: Clefable|91/100 tox
|
|-heal|p2a: Clefable|97/100 tox|[from] item: Leftovers
|-heal|p1a: Ting-Lu|76/100|[from] item: Leftovers
|-end|p1a: Ting-Lu|Magma Storm|[partiallytrapped]
|upkeep
|turn|75
|
|t:|1776056463
|switch|p1a: Slowking|Slowking-Galar, L99, M|100/100 par
|move|p2a: Clefable|Stealth Rock|p1a: Slowking
|-sidestart|p1: Clummsyy|move: Stealth Rock
|
|-heal|p2a: Clefable|100/100 tox|[from] item: Leftovers
|upkeep
|turn|76
|
|t:|1776056476
|switch|p2a: Zapdos|Zapdos|59/100 tox
|move|p1a: Slowking|Sludge Bomb|p2a: Zapdos
|-damage|p2a: Zapdos|27/100 tox
|
|-damage|p2a: Zapdos|21/100 tox|[from] psn
|upkeep
|turn|77
|
|t:|1776056485
|move|p2a: Zapdos|Roost|p2a: Zapdos
|-heal|p2a: Zapdos|72/100 tox
|-singleturn|p2a: Zapdos|move: Roost
|move|p1a: Slowking|Future Sight|p2a: Zapdos
|-start|p1a: Slowking|move: Future Sight
|
|-damage|p2a: Zapdos|60/100 tox|[from] psn
|upkeep
|turn|78
|
|t:|1776056498
|switch|p2a: Walking Wake|Walking Wake|82/100
|move|p1a: Slowking|Sludge Bomb|p2a: Walking Wake
|-damage|p2a: Walking Wake|45/100
|
|upkeep
|turn|79
|
|t:|1776056509
|move|p2a: Walking Wake|Flip Turn|p1a: Slowking
|-damage|p1a: Slowking|77/100 par
|-damage|p2a: Walking Wake|35/100|[from] item: Life Orb
|
|t:|1776056512
|-end|p2a: Walking Wake|Protosynthesis|[silent]
|switch|p2a: Clefable|Clefable, F|100/100 tox|[from] Flip Turn
|cant|p1a: Slowking|par
|
|-end|p2a: Clefable|move: Future Sight
|-damage|p2a: Clefable|70/100 tox
|-heal|p2a: Clefable|76/100 tox|[from] item: Leftovers
|upkeep
|turn|80
|
|t:|1776056529
|move|p2a: Clefable|Wish|p2a: Clefable
|cant|p1a: Slowking|par
|
|-heal|p2a: Clefable|82/100 tox|[from] item: Leftovers
|upkeep
|turn|81
|
|t:|1776056535
|switch|p2a: Heatran|Heatran, M, tera:Fairy|89/100
|move|p1a: Slowking|Sludge Bomb|p2a: Heatran
|-supereffective|p2a: Heatran
|-damage|p2a: Heatran|41/100
|
|-heal|p2a: Heatran|92/100|[from] move: Wish|[wisher] Clefable
|-heal|p2a: Heatran|98/100|[from] item: Leftovers
|upkeep
|turn|82
|
|t:|1776056545
|switch|p1a: Ting-Lu|Ting-Lu|76/100
|-damage|p1a: Ting-Lu|69/100|[from] Stealth Rock
|-ability|p1a: Ting-Lu|Vessel of Ruin
|move|p2a: Heatran|Magma Storm|p1a: Ting-Lu
|-damage|p1a: Ting-Lu|45/100
|-activate|p1a: Ting-Lu|move: Magma Storm|[of] p2a: Heatran
|
|-heal|p2a: Heatran|100/100|[from] item: Leftovers
|-heal|p1a: Ting-Lu|51/100|[from] item: Leftovers
|-damage|p1a: Ting-Lu|39/100|[from] move: Magma Storm|[partiallytrapped]
|upkeep
|turn|83
|inactive|sam699 has 120 seconds left.
|
|t:|1776056584
|switch|p2a: Rillaboom|Rillaboom, M|71/100
|-fieldstart|move: Grassy Terrain|[from] ability: Grassy Surge|[of] p2a: Rillaboom
|move|p1a: Ting-Lu|Rest|p1a: Ting-Lu
|-status|p1a: Ting-Lu|slp|[from] move: Rest
|-heal|p1a: Ting-Lu|100/100 slp|[silent]
|
|-heal|p2a: Rillaboom|77/100|[from] Grassy Terrain
|-end|p1a: Ting-Lu|Magma Storm|[partiallytrapped]|[silent]
|upkeep
|turn|84
|inactive|sam699 has 120 seconds left.
|
|t:|1776056603
|switch|p1a: Corviknight|Corviknight, M|54/100 par
|-damage|p1a: Corviknight|41/100 par|[from] Stealth Rock
|-ability|p1a: Corviknight|Pressure
|move|p2a: Rillaboom|Knock Off|p1a: Corviknight
|-damage|p1a: Corviknight|19/100 par
|
|-heal|p2a: Rillaboom|83/100|[from] Grassy Terrain
|upkeep
|turn|85
|
|t:|1776056612
|move|p2a: Rillaboom|Knock Off|p1a: Corviknight
|-damage|p1a: Corviknight|0 fnt
|faint|p1a: Corviknight
|
|-heal|p2a: Rillaboom|90/100|[from] Grassy Terrain
|upkeep
|
|t:|1776056627
|switch|p1a: Cinderace|Cinderace, F|100/100
|turn|86
|
|t:|1776056636
|switch|p2a: Walking Wake|Walking Wake|35/100
|move|p1a: Cinderace|Court Change|p1a: Cinderace
|-swapsideconditions
|-activate|p1a: Cinderace|move: Court Change
|
|-heal|p2a: Walking Wake|42/100|[from] Grassy Terrain
|upkeep
|turn|87
|
|t:|1776056648
|move|p1a: Cinderace|U-turn|p2a: Walking Wake
|-damage|p2a: Walking Wake|20/100
|
|t:|1776056662
|switch|p1a: Slowking|Slowking-Galar, L99, M|100/100 par|[from] U-turn
|move|p2a: Walking Wake|Scald|p1a: Slowking
|-damage|p1a: Slowking|70/100 par
|-damage|p2a: Walking Wake|10/100|[from] item: Life Orb
|
|-heal|p2a: Walking Wake|16/100|[from] Grassy Terrain
|-heal|p1a: Slowking|77/100 par|[from] Grassy Terrain
|-fieldend|move: Grassy Terrain
|upkeep
|turn|88
|
|t:|1776056669
|move|p2a: Walking Wake|Draco Meteor|p1a: Slowking
|-damage|p1a: Slowking|22/100 par
|-unboost|p2a: Walking Wake|spa|2
|-damage|p2a: Walking Wake|6/100|[from] item: Life Orb
|move|p1a: Slowking|Sludge Bomb|p2a: Walking Wake
|-damage|p2a: Walking Wake|0 fnt
|faint|p2a: Walking Wake
|-end|p2a: Walking Wake|Protosynthesis|[silent]
|
|upkeep
|
|t:|1776056678
|switch|p2a: Rillaboom|Rillaboom, M|90/100
|-damage|p2a: Rillaboom|77/100|[from] Stealth Rock
|-fieldstart|move: Grassy Terrain|[from] ability: Grassy Surge|[of] p2a: Rillaboom
|turn|89
|
|t:|1776056697
|switch|p1a: Kyurem|Kyurem|53/100
|-ability|p1a: Kyurem|Pressure
|move|p2a: Rillaboom|Wood Hammer|p1a: Kyurem
|-resisted|p1a: Kyurem
|-damage|p1a: Kyurem|0 fnt
|faint|p1a: Kyurem
|-damage|p2a: Rillaboom|57/100|[from] Recoil
|
|-heal|p2a: Rillaboom|63/100|[from] Grassy Terrain
|upkeep
|
|t:|1776056705
|switch|p1a: Cinderace|Cinderace, F|100/100
|turn|90
|
|t:|1776056721
|switch|p2a: Zapdos|Zapdos|60/100 tox
|move|p1a: Cinderace|Pyro Ball|p2a: Zapdos
|-damage|p2a: Zapdos|24/100 tox
|
|-damage|p2a: Zapdos|18/100 tox|[from] psn
|upkeep
|turn|91
|
|t:|1776056727
|move|p1a: Cinderace|Pyro Ball|p2a: Zapdos
|-damage|p2a: Zapdos|0 fnt
|faint|p2a: Zapdos
|
|upkeep
|
|t:|1776056741
|switch|p2a: Heatran|Heatran, M, tera:Fairy|100/100
|-damage|p2a: Heatran|88/100|[from] Stealth Rock
|turn|92
|
|t:|1776056745
|move|p2a: Heatran|Protect|p2a: Heatran
|-singleturn|p2a: Heatran|Protect
|move|p1a: Cinderace|U-turn|p2a: Heatran
|-activate|p2a: Heatran|move: Protect
|
|-heal|p2a: Heatran|94/100|[from] Grassy Terrain
|-heal|p2a: Heatran|100/100|[from] item: Leftovers
|upkeep
|turn|93
|
|t:|1776056749
|move|p1a: Cinderace|U-turn|p2a: Heatran
|-resisted|p2a: Heatran
|-damage|p2a: Heatran|92/100
|
|t:|1776056752
|switch|p1a: Slowking|Slowking-Galar, L99, M|56/100 par|[from] U-turn
|move|p2a: Heatran|Will-O-Wisp||[still]
|-fail|p2a: Heatran
|
|-heal|p2a: Heatran|99/100|[from] Grassy Terrain
|-heal|p2a: Heatran|100/100|[from] item: Leftovers
|-heal|p1a: Slowking|62/100 par|[from] Grassy Terrain
|-fieldend|move: Grassy Terrain
|upkeep
|turn|94
|
|t:|1776056760
|move|p2a: Heatran|Will-O-Wisp||[still]
|-fail|p2a: Heatran
|move|p1a: Slowking|Sludge Bomb|p2a: Heatran
|-supereffective|p2a: Heatran
|-damage|p2a: Heatran|51/100
|
|-heal|p2a: Heatran|57/100|[from] item: Leftovers
|upkeep
|turn|95
|
|t:|1776056771
|move|p2a: Heatran|Will-O-Wisp||[still]
|-fail|p2a: Heatran
|move|p1a: Slowking|Sludge Bomb|p2a: Heatran
|-supereffective|p2a: Heatran
|-damage|p2a: Heatran|7/100
|-status|p2a: Heatran|psn
|
|-heal|p2a: Heatran|13/100 psn|[from] item: Leftovers
|-damage|p2a: Heatran|0 fnt|[from] psn
|faint|p2a: Heatran
|upkeep
|
|t:|1776056776
|switch|p2a: Rillaboom|Rillaboom, M|63/100
|-damage|p2a: Rillaboom|51/100|[from] Stealth Rock
|-fieldstart|move: Grassy Terrain|[from] ability: Grassy Surge|[of] p2a: Rillaboom
|turn|96
|
|t:|1776056797
|switch|p1a: Ting-Lu|Ting-Lu|100/100 slp
|-ability|p1a: Ting-Lu|Vessel of Ruin
|move|p2a: Rillaboom|Knock Off|p1a: Ting-Lu
|-resisted|p1a: Ting-Lu
|-damage|p1a: Ting-Lu|85/100 slp
|-enditem|p1a: Ting-Lu|Leftovers|[from] move: Knock Off|[of] p2a: Rillaboom
|
|-heal|p2a: Rillaboom|57/100|[from] Grassy Terrain
|-heal|p1a: Ting-Lu|91/100 slp|[from] Grassy Terrain
|upkeep
|turn|97
|
|t:|1776056805
|switch|p2a: Clefable|Clefable, F|82/100 tox
|cant|p1a: Ting-Lu|slp
|move|p1a: Ting-Lu|Sleep Talk|p1a: Ting-Lu
|move|p1a: Ting-Lu|Payback|p2a: Clefable|[from] move: Sleep Talk
|-resisted|p2a: Clefable
|-damage|p2a: Clefable|73/100 tox
|
|-heal|p2a: Clefable|79/100 tox|[from] Grassy Terrain
|-heal|p2a: Clefable|85/100 tox|[from] item: Leftovers
|-heal|p1a: Ting-Lu|98/100 slp|[from] Grassy Terrain
|upkeep
|turn|98
|
|t:|1776056815
|switch|p1a: Slowking|Slowking-Galar, L99, M|95/100 par
|move|p2a: Clefable|Stealth Rock|p1a: Slowking
|-sidestart|p1: Clummsyy|move: Stealth Rock
|
|-heal|p2a: Clefable|91/100 tox|[from] Grassy Terrain
|-heal|p2a: Clefable|97/100 tox|[from] item: Leftovers
|-heal|p1a: Slowking|100/100 par|[from] Grassy Terrain
|upkeep
|turn|99
|
|t:|1776056823
|move|p2a: Clefable|Wish|p2a: Clefable
|move|p1a: Slowking|Future Sight|p2a: Clefable
|-start|p1a: Slowking|move: Future Sight
|
|-heal|p2a: Clefable|100/100 tox|[from] Grassy Terrain
|upkeep
|turn|100
|
|t:|1776056833
|move|p2a: Clefable|Moonblast|p1a: Slowking
|-resisted|p1a: Slowking
|-damage|p1a: Slowking|91/100 par
|-unboost|p1a: Slowking|spa|1
|move|p1a: Slowking|Sludge Bomb|p2a: Clefable
|-supereffective|p2a: Clefable
|-damage|p2a: Clefable|70/100 tox
|
|-heal|p2a: Clefable|100/100 tox|[from] move: Wish|[wisher] Clefable
|-heal|p1a: Slowking|97/100 par|[from] Grassy Terrain
|-fieldend|move: Grassy Terrain
|upkeep
|turn|101
|
|t:|1776056862
|move|p2a: Clefable|Wish|p2a: Clefable
|-prepare|p1a: Slowking|Chilly Reception|[premajor]
|move|p1a: Slowking|Chilly Reception|p1a: Slowking
|-weather|Snowscape
|
|t:|1776056865
|switch|p1a: Cinderace|Cinderace, F|100/100|[from] Chilly Reception
|
|-weather|Snowscape|[upkeep]
|-end|p2a: Clefable|move: Future Sight
|-damage|p2a: Clefable|73/100 tox
|-heal|p2a: Clefable|79/100 tox|[from] item: Leftovers
|upkeep
|turn|102
|
|t:|1776056870
|move|p1a: Cinderace|Pyro Ball|p2a: Clefable
|-damage|p2a: Clefable|30/100 tox
|move|p2a: Clefable|Thunder Wave|p1a: Cinderace
|-status|p1a: Cinderace|par
|
|-weather|Snowscape|[upkeep]
|-heal|p2a: Clefable|80/100 tox|[from] move: Wish|[wisher] Clefable
|-heal|p2a: Clefable|86/100 tox|[from] item: Leftovers
|upkeep
|turn|103
|
|t:|1776056883
|move|p1a: Cinderace|Pyro Ball|p2a: Clefable
|-damage|p2a: Clefable|34/100 tox
|move|p2a: Clefable|Moonblast|p1a: Cinderace
|-resisted|p1a: Cinderace
|-damage|p1a: Cinderace|82/100 par
|
|-weather|Snowscape|[upkeep]
|-heal|p2a: Clefable|40/100 tox|[from] item: Leftovers
|upkeep
|turn|104
|
|t:|1776056891
|move|p1a: Cinderace|Pyro Ball|p2a: Clefable
|-damage|p2a: Clefable|0 fnt
|faint|p2a: Clefable
|
|-weather|Snowscape|[upkeep]
|upkeep
|
|t:|1776056892
|switch|p2a: Rillaboom|Rillaboom, M|57/100
|-damage|p2a: Rillaboom|44/100|[from] Stealth Rock
|-fieldstart|move: Grassy Terrain|[from] ability: Grassy Surge|[of] p2a: Rillaboom
|turn|105
|
|t:|1776056901
|switch|p1a: Ting-Lu|Ting-Lu|98/100 slp
|-damage|p1a: Ting-Lu|91/100 slp|[from] Stealth Rock
|-ability|p1a: Ting-Lu|Vessel of Ruin
|move|p2a: Rillaboom|Wood Hammer|p1a: Ting-Lu
|-supereffective|p1a: Ting-Lu
|-damage|p1a: Ting-Lu|0 fnt
|faint|p1a: Ting-Lu
|-damage|p2a: Rillaboom|0 fnt|[from] Recoil
|faint|p2a: Rillaboom
|
|win|Clummsyy
|raw|Clummsyy's rating: 1459 &rarr; <strong>1480</strong><br />(+21 for winning)
|raw|sam699's rating: 1470 &rarr; <strong>1449</strong><br />(-21 for losing)
|l|☆sam699
|player|p2|
|l|☆Clummsyy
|player|p1|
