|html|<div class="broadcast-blue"><strong>[Gen 9] OU is currently suspecting Tera Blast! For information on how to participate check out the <a href="https://www.smogon.com/tools/suspects/view/200">suspect thread</a>.</strong></div>
|j|☆GlorioDiaz
|j|☆untitled007
|t:|1776073874
|gametype|singles
|player|p1|GlorioDiaz|li|1165
|player|p2|untitled007|266|1220
|gen|9
|tier|[Gen 9] OU
|rated|
|rule|HP Percentage Mod: HP is shown in percentages
|rule|Endless Battle Clause: Forcing endless battles is banned
|rule|Species Clause: Limit one of each Pokémon
|rule|OHKO Clause: OHKO moves are banned
|rule|Evasion Items Clause: Evasion items are banned
|rule|Evasion Moves Clause: Evasion moves are banned
|rule|Evasion Abilities Clause: Evasion abilities are banned
|rule|Sleep Moves Clause: Sleep-inducing moves are banned
|clearpoke
|poke|p1|Glimmora, M|
|poke|p1|Samurott-Hisui, F|
|poke|p1|Great Tusk|
|poke|p1|Kyurem|
|poke|p1|Primarina, M|
|poke|p1|Garganacl, M|
|poke|p2|Slowbro-Galar, F|
|poke|p2|Weavile, M|
|poke|p2|Cinderace, F|
|poke|p2|Kyurem|
|poke|p2|Landorus-Therian, M|
|poke|p2|Dragapult, M|
|teampreview
|inactive|Battle timer is ON: inactive players will automatically lose when time's up. (requested by GlorioDiaz)
|
|t:|1776073886
|teamsize|p1|6
|teamsize|p2|6
|start
|switch|p1a: Glimmora|Glimmora, M|100/100
|switch|p2a: Landorus|Landorus-Therian, M|100/100
|-ability|p2a: Landorus|Intimidate|boost
|-unboost|p1a: Glimmora|atk|1
|turn|1
|
|t:|1776073906
|move|p2a: Landorus|Earthquake|p1a: Glimmora
|-supereffective|p1a: Glimmora
|-enditem|p1a: Glimmora|Focus Sash
|-damage|p1a: Glimmora|1/100
|-activate|p1a: Glimmora|ability: Toxic Debris
|-sidestart|p2: untitled007|move: Toxic Spikes
|move|p1a: Glimmora|Stealth Rock|p2a: Landorus
|-sidestart|p2: untitled007|move: Stealth Rock
|
|upkeep
|turn|2
|
|t:|1776073928
|move|p2a: Landorus|Earthquake|p1a: Glimmora
|-supereffective|p1a: Glimmora
|-damage|p1a: Glimmora|0 fnt
|-activate|p1a: Glimmora|ability: Toxic Debris
|-sidestart|p2: untitled007|move: Toxic Spikes
|faint|p1a: Glimmora
|
|upkeep
|inactive|GlorioDiaz has 120 seconds left.
|
|t:|1776073939
|switch|p1a: Primarina|Primarina, M|100/100
|turn|3
|
|t:|1776073947
|switch|p2a: Slowbro|Slowbro-Galar, F, shiny|100/100
|-sideend|p2: untitled007|move: Toxic Spikes|[of] p2a: Slowbro
|-damage|p2a: Slowbro|88/100|[from] Stealth Rock
|move|p1a: Primarina|Calm Mind|p1a: Primarina
|-boost|p1a: Primarina|spa|1
|-boost|p1a: Primarina|spd|1
|
|upkeep
|turn|4
|
|t:|1776073957
|switch|p1a: Eric|Garganacl, M, shiny|100/100
|move|p2a: Slowbro|Shell Side Arm|p1a: Eric|[anim] Shell Side Arm Special
|-resisted|p1a: Eric
|-crit|p1a: Eric
|-damage|p1a: Eric|80/100
|-hint|Special Shell Side Arm
|
|-heal|p1a: Eric|86/100|[from] item: Leftovers
|upkeep
|turn|5
|
|t:|1776073980
|switch|p2a: Cinderace|Cinderace, F|100/100
|move|p1a: Eric|Salt Cure|p2a: Cinderace
|-supereffective|p2a: Cinderace
|-damage|p2a: Cinderace|57/100
|-start|p2a: Cinderace|Salt Cure
|
|-heal|p1a: Eric|93/100|[from] item: Leftovers
|-damage|p2a: Cinderace|44/100|[from] Salt Cure
|upkeep
|turn|6
|
|t:|1776073994
|move|p2a: Cinderace|Court Change|p2a: Cinderace
|-start|p2a: Cinderace|typechange|Normal|[from] ability: Libero
|-swapsideconditions
|-activate|p2a: Cinderace|move: Court Change
|move|p1a: Eric|Salt Cure|p2a: Cinderace
|-damage|p2a: Cinderace|24/100
|
|-heal|p1a: Eric|99/100|[from] item: Leftovers
|-damage|p2a: Cinderace|12/100|[from] Salt Cure
|upkeep
|turn|7
|
|t:|1776074004
|switch|p2a: Kyurem|Kyurem|100/100
|-ability|p2a: Kyurem|Pressure
|move|p1a: Eric|Curse|p1a: Eric
|-unboost|p1a: Eric|spe|1
|-boost|p1a: Eric|atk|1
|-boost|p1a: Eric|def|1
|
|-heal|p1a: Eric|100/100|[from] item: Leftovers
|upkeep
|turn|8
|inactive|GlorioDiaz has 120 seconds left.
|
|t:|1776074031
|move|p2a: Kyurem|Focus Blast|p1a: Eric
|-supereffective|p1a: Eric
|-damage|p1a: Eric|46/100
|move|p1a: Eric|Salt Cure|p2a: Kyurem
|-supereffective|p2a: Kyurem
|-damage|p2a: Kyurem|62/100
|-start|p2a: Kyurem|Salt Cure
|
|-heal|p1a: Eric|52/100|[from] item: Leftovers
|-damage|p2a: Kyurem|49/100|[from] Salt Cure
|upkeep
|turn|9
|inactive|GlorioDiaz has 120 seconds left.
|
|t:|1776074043
|move|p1a: Eric|Protect|p1a: Eric
|-singleturn|p1a: Eric|Protect
|move|p2a: Kyurem|Focus Blast|p1a: Eric
|-activate|p1a: Eric|move: Protect
|
|-heal|p1a: Eric|58/100|[from] item: Leftovers
|-damage|p2a: Kyurem|37/100|[from] Salt Cure
|upkeep
|turn|10
|inactive|GlorioDiaz has 120 seconds left.
|
|t:|1776074062
|move|p2a: Kyurem|Focus Blast|p1a: Eric|[miss]
|-miss|p2a: Kyurem|p1a: Eric
|move|p1a: Eric|Recover|p1a: Eric
|-heal|p1a: Eric|100/100
|
|-damage|p2a: Kyurem|25/100|[from] Salt Cure
|upkeep
|turn|11
|-message|untitled007 forfeited.
|
|win|GlorioDiaz
|raw|GlorioDiaz's rating: 1165 &rarr; <strong>1196</strong><br />(+31 for winning)
|raw|untitled007's rating: 1244 &rarr; <strong>1213</strong><br />(-31 for losing)
|l|☆untitled007
|player|p2|
|l|☆GlorioDiaz
|player|p1|
