|html|<div class="broadcast-blue"><strong>[Gen 9] OU is currently suspecting Tera Blast! For information on how to participate check out the <a href="https://www.smogon.com/tools/suspects/view/200">suspect thread</a>.</strong></div>
|j|☆RPMSMLRN
|j|☆Damnitshard
|t:|1776339686
|gametype|singles
|player|p1|RPMSMLRN|ingo|1081
|player|p2|Damnitshard|170|1040
|gen|9
|tier|[Gen 9] OU
|rated|
|rule|HP Percentage Mod: HP is shown in percentages
|rule|Endless Battle Clause: Forcing endless battles is banned
|rule|Species Clause: Limit one of each Pokémon
|rule|OHKO Clause: OHKO moves are banned
|rule|Evasion Items Clause: Evasion items are banned
|rule|Evasion Moves Clause: Evasion moves are banned
|rule|Evasion Abilities Clause: Evasion abilities are banned
|rule|Sleep Moves Clause: Sleep-inducing moves are banned
|clearpoke
|poke|p1|Excadrill, F|
|poke|p1|Tyranitar, M|
|poke|p1|Hydrapple, F|
|poke|p1|Alomomola, F|
|poke|p1|Hatterene, F|
|poke|p1|Zapdos|
|poke|p2|Drifblim, M|
|poke|p2|Dragonite, M|
|poke|p2|Probopass, M|
|poke|p2|Electivire, M|
|poke|p2|Magmortar, M|
|poke|p2|Hatterene, F|
|teampreview
|inactive|Battle timer is ON: inactive players will automatically lose when time's up. (requested by RPMSMLRN)
|
|t:|1776339699
|teamsize|p1|6
|teamsize|p2|6
|start
|switch|p1a: Tyranitar|Tyranitar, M|100/100
|switch|p2a: Probopass|Probopass, M|100/100
|-weather|Sandstorm|[from] ability: Sand Stream|[of] p1a: Tyranitar
|turn|1
|
|t:|1776339712
|switch|p1a: Hatterene|Hatterene, F|100/100
|move|p2a: Probopass|Body Press|p1a: Hatterene
|-resisted|p1a: Hatterene
|-crit|p1a: Hatterene
|-damage|p1a: Hatterene|92/100
|
|-weather|Sandstorm|[upkeep]
|-damage|p1a: Hatterene|86/100|[from] Sandstorm
|upkeep
|turn|2
|
|t:|1776339733
|move|p2a: Probopass|Iron Defense|p2a: Probopass
|-boost|p2a: Probopass|def|2
|move|p1a: Hatterene|Nuzzle|p2a: Probopass
|-damage|p2a: Probopass|99/100
|-status|p2a: Probopass|par
|
|-weather|Sandstorm|[upkeep]
|-damage|p1a: Hatterene|80/100|[from] Sandstorm
|-heal|p2a: Probopass|100/100 par|[from] item: Leftovers
|upkeep
|turn|3
|
|t:|1776339744
|switch|p1a: Zapdos|Zapdos|100/100
|move|p2a: Probopass|Iron Defense|p2a: Probopass
|-boost|p2a: Probopass|def|2
|
|-weather|Sandstorm|[upkeep]
|-damage|p1a: Zapdos|94/100|[from] Sandstorm
|upkeep
|turn|4
|
|t:|1776339754
|move|p1a: Zapdos|Volt Switch|p2a: Probopass
|-damage|p2a: Probopass|75/100 par
|
|t:|1776339757
|switch|p1a: Hatterene|Hatterene, F|80/100|[from] Volt Switch
|move|p2a: Probopass|Stone Edge|p1a: Hatterene
|-damage|p1a: Hatterene|45/100
|
|-weather|Sandstorm|[upkeep]
|-damage|p1a: Hatterene|39/100|[from] Sandstorm
|-heal|p2a: Probopass|81/100 par|[from] item: Leftovers
|upkeep
|turn|5
|
|t:|1776339776
|move|p2a: Probopass|Earthquake|p1a: Hatterene
|-damage|p1a: Hatterene|14/100
|move|p1a: Hatterene|Mystical Fire|p2a: Probopass
|-damage|p2a: Probopass|70/100 par
|-unboost|p2a: Probopass|spa|1
|
|-weather|none
|-heal|p2a: Probopass|76/100 par|[from] item: Leftovers
|upkeep
|turn|6
|
|t:|1776339786
|move|p2a: Probopass|Earthquake|p1a: Hatterene
|-damage|p1a: Hatterene|0 fnt
|faint|p1a: Hatterene
|
|-heal|p2a: Probopass|82/100 par|[from] item: Leftovers
|upkeep
|
|t:|1776339795
|switch|p1a: Hydrapple|Hydrapple, F|100/100
|turn|7
|
|t:|1776339825
|switch|p2a: Dragonite|Dragonite, M, shiny|100/100
|move|p1a: Hydrapple|Nasty Plot|p1a: Hydrapple
|-boost|p1a: Hydrapple|spa|2
|
|upkeep
|turn|8
|
|t:|1776339833
|move|p2a: Dragonite|Ice Beam|p1a: Hydrapple
|-supereffective|p1a: Hydrapple
|-damage|p1a: Hydrapple|32/100
|move|p1a: Hydrapple|Fickle Beam|p2a: Dragonite
|-supereffective|p2a: Dragonite
|-damage|p2a: Dragonite|0 fnt
|faint|p2a: Dragonite
|
|upkeep
|inactive|Damnitshard has 120 seconds left.
|
|t:|1776339848
|switch|p2a: Hatterene|Hatterene, F, shiny|100/100
|turn|9
|
|t:|1776339854
|move|p1a: Hydrapple|Giga Drain|p2a: Hatterene
|-damage|p2a: Hatterene|37/100
|-heal|p1a: Hydrapple|57/100|[from] drain|[of] p2a: Hatterene
|move|p2a: Hatterene|Dazzling Gleam|p1a: Hydrapple
|-supereffective|p1a: Hydrapple
|-damage|p1a: Hydrapple|0 fnt
|faint|p1a: Hydrapple
|
|upkeep
|
|t:|1776339864
|switch|p1a: Zapdos|Zapdos|94/100
|turn|10
|
|t:|1776339870
|move|p1a: Zapdos|Thunderbolt|p2a: Hatterene
|-damage|p2a: Hatterene|0 fnt
|faint|p2a: Hatterene
|
|upkeep
|
|t:|1776339876
|switch|p2a: Probopass|Probopass, M|82/100 par
|turn|11
|
|t:|1776339881
|move|p1a: Zapdos|Thunderbolt|p2a: Probopass
|-damage|p2a: Probopass|31/100 par
|move|p2a: Probopass|Stone Edge|p1a: Zapdos
|-supereffective|p1a: Zapdos
|-damage|p1a: Zapdos|10/100
|
|-heal|p2a: Probopass|37/100 par|[from] item: Leftovers
|upkeep
|turn|12
|
|t:|1776339901
|move|p1a: Zapdos|Thunderbolt|p2a: Probopass
|-damage|p2a: Probopass|0 fnt
|faint|p2a: Probopass
|
|upkeep
|
|t:|1776339908
|switch|p2a: Magmortar|Magmortar, M|100/100
|turn|13
|
|t:|1776339915
|move|p1a: Zapdos|Thunderbolt|p2a: Magmortar
|-damage|p2a: Magmortar|13/100
|move|p2a: Magmortar|Rest|p2a: Magmortar
|-status|p2a: Magmortar|slp|[from] move: Rest
|-heal|p2a: Magmortar|100/100 slp|[silent]
|
|upkeep
|turn|14
|
|t:|1776339934
|move|p1a: Zapdos|Thunderbolt|p2a: Magmortar
|-crit|p2a: Magmortar
|-damage|p2a: Magmortar|0 fnt
|faint|p2a: Magmortar
|
|upkeep
|
|t:|1776339938
|switch|p2a: Electivire|Electivire, M, shiny|100/100
|turn|15
|
|t:|1776339942
|switch|p1a: Tyranitar|Tyranitar, M|100/100
|-weather|Sandstorm|[from] ability: Sand Stream|[of] p1a: Tyranitar
|move|p2a: Electivire|Ice Punch|p1a: Tyranitar
|-damage|p1a: Tyranitar|77/100
|
|-weather|Sandstorm|[upkeep]
|-damage|p2a: Electivire|94/100|[from] Sandstorm
|-heal|p2a: Electivire|100/100|[from] item: Leftovers
|upkeep
|turn|16
|
|t:|1776339953
|switch|p1a: Alomomola|Alomomola, F|100/100
|move|p2a: Electivire|Earthquake|p1a: Alomomola
|-damage|p1a: Alomomola|81/100
|
|-weather|Sandstorm|[upkeep]
|-damage|p2a: Electivire|94/100|[from] Sandstorm
|-damage|p1a: Alomomola|75/100|[from] Sandstorm
|-heal|p2a: Electivire|100/100|[from] item: Leftovers
|upkeep
|turn|17
|
|t:|1776339963
|move|p2a: Electivire|Electro Ball|p1a: Alomomola
|-supereffective|p1a: Alomomola
|-damage|p1a: Alomomola|25/100
|move|p1a: Alomomola|Flip Turn|p2a: Electivire
|-damage|p2a: Electivire|75/100
|
|t:|1776339971
|switch|p1a: Tyranitar|Tyranitar, M|77/100|[from] Flip Turn
|
|-weather|Sandstorm|[upkeep]
|-damage|p2a: Electivire|69/100|[from] Sandstorm
|-heal|p2a: Electivire|75/100|[from] item: Leftovers
|upkeep
|turn|18
|
|t:|1776339979
|move|p2a: Electivire|Cross Chop|p1a: Tyranitar
|-supereffective|p1a: Tyranitar
|-damage|p1a: Tyranitar|0 fnt
|faint|p1a: Tyranitar
|
|-weather|Sandstorm|[upkeep]
|-damage|p2a: Electivire|69/100|[from] Sandstorm
|-heal|p2a: Electivire|75/100|[from] item: Leftovers
|upkeep
|
|t:|1776339988
|switch|p1a: Excadrill|Excadrill, F|100/100
|turn|19
|
|t:|1776339995
|move|p1a: Excadrill|Iron Head|p2a: Electivire
|-resisted|p2a: Electivire
|-damage|p2a: Electivire|25/100
|move|p2a: Electivire|Cross Chop|p1a: Excadrill
|-supereffective|p1a: Excadrill
|-damage|p1a: Excadrill|10/100
|
|-weather|none
|-heal|p2a: Electivire|31/100|[from] item: Leftovers
|upkeep
|turn|20
|
|t:|1776340009
|move|p2a: Electivire|Earthquake|p1a: Excadrill
|-supereffective|p1a: Excadrill
|-crit|p1a: Excadrill
|-damage|p1a: Excadrill|0 fnt
|faint|p1a: Excadrill
|
|-heal|p2a: Electivire|38/100|[from] item: Leftovers
|upkeep
|
|t:|1776340017
|switch|p1a: Zapdos|Zapdos|10/100
|turn|21
|
|t:|1776340021
|-terastallize|p1a: Zapdos|Flying
|move|p1a: Zapdos|Hurricane|p2a: Electivire
|-resisted|p2a: Electivire
|-damage|p2a: Electivire|0 fnt
|faint|p2a: Electivire
|
|upkeep
|
|t:|1776340026
|switch|p2a: Drifblim|Drifblim, M, shiny|100/100
|turn|22
|
|t:|1776340032
|move|p1a: Zapdos|Hurricane|p2a: Drifblim
|-damage|p2a: Drifblim|0 fnt
|faint|p2a: Drifblim
|
|win|RPMSMLRN
|raw|RPMSMLRN's rating: 1081 &rarr; <strong>1106</strong><br />(+25 for winning)
|raw|Damnitshard's rating: 1040 &rarr; <strong>1026</strong><br />(-14 for losing)
|l|☆Damnitshard
|player|p2|
|c|☆RPMSMLRN|Ez
