|html|<div class="broadcast-blue"><strong>[Gen 9] OU is currently suspecting Volcarona! For information on how to participate check out the <a href="https://www.smogon.com/tools/suspects/view/208">suspect thread</a>.</strong></div>
|j|☆critical_32
|j|☆n44vvv
|t:|1778516672
|gametype|singles
|player|p1|critical_32|265|1315
|player|p2|n44vvv|grimsley-gen7|1310
|gen|9
|tier|[Gen 9] OU
|rated|
|rule|HP Percentage Mod: HP is shown in percentages
|rule|Endless Battle Clause: Forcing endless battles is banned
|rule|Species Clause: Limit one of each Pokémon
|rule|OHKO Clause: OHKO moves are banned
|rule|Evasion Items Clause: Evasion items are banned
|rule|Evasion Moves Clause: Evasion moves are banned
|rule|Evasion Abilities Clause: Evasion abilities are banned
|rule|Sleep Moves Clause: Sleep-inducing moves are banned
|clearpoke
|poke|p1|Barraskewda, M|
|poke|p1|Overqwil, F|
|poke|p1|Goodra-Hisui, M|
|poke|p1|Basculegion, M|
|poke|p1|Kingdra, F|
|poke|p1|Pelipper, M|
|poke|p2|Araquanid, F|
|poke|p2|Gholdengo|
|poke|p2|Raging Bolt|
|poke|p2|Iron Valiant|
|poke|p2|Ceruledge, M|
|poke|p2|Deoxys-Speed|
|teampreview
|inactive|Battle timer is ON: inactive players will automatically lose when time's up. (requested by critical_32)
|
|t:|1778516689
|teamsize|p1|6
|teamsize|p2|6
|start
|switch|p1a: Barraskewda|Barraskewda, M|100/100
|switch|p2a: Araquanid|Araquanid, F|100/100
|turn|1
|
|t:|1778516696
|move|p1a: Barraskewda|Flip Turn|p2a: Araquanid
|-resisted|p2a: Araquanid
|-damage|p2a: Araquanid|74/100
|
|t:|1778516698
|switch|p1a: Goodra|Goodra-Hisui, M|100/100|[from] Flip Turn
|move|p2a: Araquanid|Sticky Web|p1a: Goodra
|-sidestart|p1: critical_32|move: Sticky Web
|
|upkeep
|turn|2
|
|t:|1778516707
|move|p1a: Goodra|Thunder|p2a: Araquanid
|-supereffective|p2a: Araquanid
|-damage|p2a: Araquanid|1/100
|move|p2a: Araquanid|Lunge|p1a: Goodra
|-resisted|p1a: Goodra
|-damage|p1a: Goodra|91/100
|-unboost|p1a: Goodra|atk|1
|
|upkeep
|turn|3
|
|t:|1778516722
|switch|p2a: Gholdengo|Gholdengo|100/100
|-item|p2a: Gholdengo|Air Balloon
|move|p1a: Goodra|Thunder|p2a: Gholdengo
|-damage|p2a: Gholdengo|33/100
|-enditem|p2a: Gholdengo|Air Balloon
|
|upkeep
|turn|4
|
|t:|1778516729
|switch|p2a: Raging Bolt|Raging Bolt|100/100
|-enditem|p2a: Raging Bolt|Booster Energy
|-activate|p2a: Raging Bolt|ability: Protosynthesis|[fromitem]
|-start|p2a: Raging Bolt|protosynthesisspa
|move|p1a: Goodra|Thunder|p2a: Raging Bolt
|-resisted|p2a: Raging Bolt
|-damage|p2a: Raging Bolt|88/100
|
|upkeep
|turn|5
|
|t:|1778516741
|-end|p2a: Raging Bolt|Protosynthesis|[silent]
|switch|p2a: Araquanid|Araquanid, F|1/100
|switch|p1a: Pelipper|Pelipper, M|100/100
|-weather|RainDance|[from] ability: Drizzle|[of] p1a: Pelipper
|
|-weather|RainDance|[upkeep]
|upkeep
|turn|6
|-enditem|p2a: Araquanid|Custap Berry|[eat]
|-activate|p2a: Araquanid|item: Custap Berry|[consumed]
|
|t:|1778516747
|move|p2a: Araquanid|Surf|p1a: Pelipper
|-resisted|p1a: Pelipper
|-damage|p1a: Pelipper|60/100
|move|p1a: Pelipper|U-turn|p2a: Araquanid
|-damage|p2a: Araquanid|0 fnt
|faint|p2a: Araquanid
|
|t:|1778516754
|switch|p1a: Overqwil|Overqwil, F|100/100|[from] U-turn
|-activate|p1a: Overqwil|move: Sticky Web
|-unboost|p1a: Overqwil|spe|1
|
|-weather|RainDance|[upkeep]
|upkeep
|inactive|n44vvv has 120 seconds left.
|
|t:|1778516789
|switch|p2a: Raging Bolt|Raging Bolt|88/100
|turn|7
|
|t:|1778516797
|move|p1a: Overqwil|Crunch|p2a: Raging Bolt
|-damage|p2a: Raging Bolt|40/100
|-damage|p1a: Overqwil|91/100|[from] item: Life Orb
|move|p2a: Raging Bolt|Thunderbolt|p1a: Overqwil
|-damage|p1a: Overqwil|13/100
|
|-weather|RainDance|[upkeep]
|upkeep
|turn|8
|
|t:|1778516802
|switch|p1a: Goodra|Goodra-Hisui, M|91/100
|-activate|p1a: Goodra|move: Sticky Web
|-unboost|p1a: Goodra|spe|1
|move|p2a: Raging Bolt|Thunderclap||[still]
|-fail|p2a: Raging Bolt
|
|-weather|RainDance|[upkeep]
|upkeep
|turn|9
|
|t:|1778516809
|-end|p2a: Raging Bolt|Protosynthesis|[silent]
|switch|p2a: Gholdengo|Gholdengo|33/100
|move|p1a: Goodra|Surf|p2a: Gholdengo
|-damage|p2a: Gholdengo|0 fnt
|faint|p2a: Gholdengo
|
|-weather|RainDance|[upkeep]
|upkeep
|
|t:|1778516812
|switch|p2a: Ceruledge|Ceruledge, M|100/100
|turn|10
|
|t:|1778516816
|move|p2a: Ceruledge|Swords Dance|p2a: Ceruledge
|-boost|p2a: Ceruledge|atk|2
|move|p1a: Goodra|Surf|p2a: Ceruledge
|-supereffective|p2a: Ceruledge
|-enditem|p2a: Ceruledge|Focus Sash
|-damage|p2a: Ceruledge|1/100
|
|-weather|RainDance|[upkeep]
|upkeep
|turn|11
|
|t:|1778516824
|move|p2a: Ceruledge|Close Combat|p1a: Goodra
|-supereffective|p1a: Goodra
|-damage|p1a: Goodra|0 fnt
|-unboost|p2a: Ceruledge|def|1
|-unboost|p2a: Ceruledge|spd|1
|faint|p1a: Goodra
|
|-weather|RainDance|[upkeep]
|upkeep
|
|t:|1778516828
|switch|p1a: Basculegion|Basculegion, M|100/100
|-activate|p1a: Basculegion|move: Sticky Web
|-unboost|p1a: Basculegion|spe|1
|turn|12
|
|t:|1778516833
|move|p1a: Basculegion|Aqua Jet|p2a: Ceruledge
|-supereffective|p2a: Ceruledge
|-damage|p2a: Ceruledge|0 fnt
|faint|p2a: Ceruledge
|
|-weather|none
|upkeep
|inactive|n44vvv has 120 seconds left.
|
|t:|1778516864
|switch|p2a: Raging Bolt|Raging Bolt|40/100
|turn|13
|
|t:|1778516869
|switch|p1a: Pelipper|Pelipper, M|60/100
|-weather|RainDance|[from] ability: Drizzle|[of] p1a: Pelipper
|move|p2a: Raging Bolt|Thunderbolt|p1a: Pelipper
|-supereffective|p1a: Pelipper
|-damage|p1a: Pelipper|0 fnt
|faint|p1a: Pelipper
|
|-weather|RainDance|[upkeep]
|upkeep
|
|t:|1778516877
|switch|p1a: Barraskewda|Barraskewda, M|100/100
|-activate|p1a: Barraskewda|move: Sticky Web
|-unboost|p1a: Barraskewda|spe|1
|turn|14
|
|t:|1778516903
|-terastallize|p1a: Barraskewda|Ground
|move|p2a: Raging Bolt|Thunderclap|p1a: Barraskewda
|-immune|p1a: Barraskewda
|move|p1a: Barraskewda|Liquidation|p2a: Raging Bolt
|-resisted|p2a: Raging Bolt
|-damage|p2a: Raging Bolt|0 fnt
|faint|p2a: Raging Bolt
|-end|p2a: Raging Bolt|Protosynthesis|[silent]
|
|-weather|RainDance|[upkeep]
|upkeep
|inactive|n44vvv has 120 seconds left.
|-message|n44vvv forfeited.
|
|win|critical_32
|raw|critical_32's rating: 1315 &rarr; <strong>1335</strong><br />(+20 for winning)
|raw|n44vvv's rating: 1310 &rarr; <strong>1290</strong><br />(-20 for losing)
|l|☆n44vvv
|player|p2|
|l|☆critical_32
|player|p1|
