|html|<div class="broadcast-blue"><strong>[Gen 9] OU is currently suspecting Tera Blast! For information on how to participate check out the <a href="https://www.smogon.com/tools/suspects/view/200">suspect thread</a>.</strong></div>
|j|☆pressacanadagoose
|j|☆magikarp soup
|t:|1776154181
|gametype|singles
|player|p1|pressacanadagoose|swimmerf|1753
|player|p2|magikarp soup|medium|1800
|gen|9
|tier|[Gen 9] OU
|rated|
|rule|HP Percentage Mod: HP is shown in percentages
|rule|Endless Battle Clause: Forcing endless battles is banned
|rule|Species Clause: Limit one of each Pokémon
|rule|OHKO Clause: OHKO moves are banned
|rule|Evasion Items Clause: Evasion items are banned
|rule|Evasion Moves Clause: Evasion moves are banned
|rule|Evasion Abilities Clause: Evasion abilities are banned
|rule|Sleep Moves Clause: Sleep-inducing moves are banned
|clearpoke
|poke|p1|Great Tusk|
|poke|p1|Ogerpon-Wellspring, F|
|poke|p1|Deoxys-Speed|
|poke|p1|Hatterene, F|
|poke|p1|Gholdengo|
|poke|p1|Dragonite, M|
|poke|p2|Torkoal, M|
|poke|p2|Charizard, F|
|poke|p2|Venusaur, F|
|poke|p2|Slither Wing|
|poke|p2|Great Tusk|
|poke|p2|Alomomola, M|
|teampreview
|
|t:|1776154202
|teamsize|p1|6
|teamsize|p2|6
|start
|switch|p1a: Deoxys|Deoxys-Speed|100/100
|switch|p2a: Slither Wing|Slither Wing|100/100
|-ability|p1a: Deoxys|Pressure
|turn|1
|
|t:|1776154236
|move|p2a: Slither Wing|First Impression|p1a: Deoxys
|-supereffective|p1a: Deoxys
|-damage|p1a: Deoxys|0 fnt
|faint|p1a: Deoxys
|
|upkeep
|
|t:|1776154248
|switch|p1a: Great Tusk|Great Tusk|100/100
|turn|2
|inactive|Battle timer is ON: inactive players will automatically lose when time's up. (requested by pressacanadagoose)
|
|t:|1776154273
|-end|p1a: Great Tusk|Protosynthesis|[silent]
|switch|p1a: Hatterene|Hatterene, F|100/100
|move|p2a: Slither Wing|Low Kick|p1a: Hatterene
|-resisted|p1a: Hatterene
|-damage|p1a: Hatterene|99/100
|-damage|p2a: Slither Wing|84/100|[from] item: Rocky Helmet|[of] p1a: Hatterene
|
|upkeep
|turn|3
|j| Too Many Caps
|
|t:|1776154286
|-end|p2a: Slither Wing|Protosynthesis|[silent]
|switch|p2a: Torkoal|Torkoal, M|100/100
|-weather|SunnyDay|[from] ability: Drought|[of] p2a: Torkoal
|move|p1a: Hatterene|Nuzzle|p2a: Torkoal
|-damage|p2a: Torkoal|97/100
|-status|p2a: Torkoal|par
|
|-weather|SunnyDay|[upkeep]
|upkeep
|turn|4
|
|t:|1776154303
|switch|p2a: Alomomola|Alomomola, M|100/100
|move|p1a: Hatterene|Psychic Noise|p2a: Alomomola
|-damage|p2a: Alomomola|70/100
|-start|p2a: Alomomola|move: Heal Block
|-enditem|p2a: Alomomola|Red Card|[of] p1a: Hatterene
|drag|p1a: Gholdengo|Gholdengo|100/100
|
|-weather|SunnyDay|[upkeep]
|upkeep
|turn|5
|
|t:|1776154309
|switch|p1a: Ogerpon|Ogerpon-Wellspring, F|100/100
|move|p2a: Alomomola|Flip Turn|p1a: Ogerpon
|-immune|p1a: Ogerpon|[from] ability: Water Absorb
|
|-weather|SunnyDay|[upkeep]
|-end|p2a: Alomomola|move: Heal Block
|upkeep
|turn|6
|
|t:|1776154314
|switch|p2a: Venusaur|Venusaur, F|100/100
|move|p1a: Ogerpon|Ivy Cudgel|p2a: Venusaur|[anim] Ivy Cudgel Water
|-resisted|p2a: Venusaur
|-damage|p2a: Venusaur|83/100
|
|-weather|SunnyDay|[upkeep]
|upkeep
|turn|7
|
|t:|1776154325
|switch|p1a: Gholdengo|Gholdengo|100/100
|move|p2a: Venusaur|Weather Ball|p1a: Gholdengo
|-supereffective|p1a: Gholdengo
|-damage|p1a: Gholdengo|0 fnt
|faint|p1a: Gholdengo
|-damage|p2a: Venusaur|73/100|[from] item: Life Orb
|
|-weather|SunnyDay|[upkeep]
|upkeep
|
|t:|1776154332
|switch|p1a: Dragonite|Dragonite, M|100/100
|turn|8
|
|t:|1776154338
|switch|p2a: Great Tusk|Great Tusk|100/100
|-activate|p2a: Great Tusk|ability: Protosynthesis
|-start|p2a: Great Tusk|protosynthesisatk
|move|p1a: Dragonite|Dragon Dance|p1a: Dragonite
|-boost|p1a: Dragonite|atk|1
|-boost|p1a: Dragonite|spe|1
|
|-weather|SunnyDay|[upkeep]
|upkeep
|turn|9
|
|t:|1776154342
|switch|p1a: Hatterene|Hatterene, F|99/100
|move|p2a: Great Tusk|Ice Spinner|p1a: Hatterene
|-damage|p1a: Hatterene|61/100
|-damage|p2a: Great Tusk|84/100|[from] item: Rocky Helmet|[of] p1a: Hatterene
|-damage|p2a: Great Tusk|74/100|[from] item: Life Orb
|
|-weather|SunnyDay|[upkeep]
|upkeep
|turn|10
|
|t:|1776154350
|switch|p1a: Ogerpon|Ogerpon-Wellspring, F|100/100
|move|p2a: Great Tusk|Headlong Rush|p1a: Ogerpon
|-resisted|p1a: Ogerpon
|-damage|p1a: Ogerpon|38/100
|-unboost|p2a: Great Tusk|def|1
|-unboost|p2a: Great Tusk|spd|1
|-damage|p2a: Great Tusk|64/100|[from] item: Life Orb
|
|-weather|none
|-end|p2a: Great Tusk|Protosynthesis
|upkeep
|turn|11
|
|t:|1776154356
|-end|p2a: Great Tusk|Protosynthesis|[silent]
|switch|p2a: Torkoal|Torkoal, M|97/100 par
|-weather|SunnyDay|[from] ability: Drought|[of] p2a: Torkoal
|move|p1a: Ogerpon|Ivy Cudgel|p2a: Torkoal|[anim] Ivy Cudgel Water
|-supereffective|p2a: Torkoal
|-damage|p2a: Torkoal|60/100 par
|
|-weather|SunnyDay|[upkeep]
|upkeep
|turn|12
|
|t:|1776154359
|switch|p2a: Venusaur|Venusaur, F|73/100
|move|p1a: Ogerpon|Synthesis|p1a: Ogerpon
|-heal|p1a: Ogerpon|100/100
|
|-weather|SunnyDay|[upkeep]
|upkeep
|turn|13
|
|t:|1776154368
|move|p2a: Venusaur|Giga Drain|p1a: Ogerpon
|-damage|p1a: Ogerpon|62/100
|-heal|p2a: Venusaur|96/100|[from] drain|[of] p1a: Ogerpon
|-damage|p2a: Venusaur|86/100|[from] item: Life Orb
|move|p1a: Ogerpon|Ivy Cudgel|p2a: Venusaur|[anim] Ivy Cudgel Water
|-resisted|p2a: Venusaur
|-damage|p2a: Venusaur|67/100
|
|-weather|SunnyDay|[upkeep]
|upkeep
|turn|14
|
|t:|1776154372
|move|p2a: Venusaur|Giga Drain|p1a: Ogerpon
|-damage|p1a: Ogerpon|17/100
|-heal|p2a: Venusaur|94/100|[from] drain|[of] p1a: Ogerpon
|-damage|p2a: Venusaur|84/100|[from] item: Life Orb
|move|p1a: Ogerpon|Trailblaze|p2a: Venusaur
|-resisted|p2a: Venusaur
|-damage|p2a: Venusaur|75/100
|-boost|p1a: Ogerpon|spe|1
|
|-weather|SunnyDay|[upkeep]
|upkeep
|turn|15
|
|t:|1776154375
|move|p2a: Venusaur|Giga Drain|p1a: Ogerpon
|-damage|p1a: Ogerpon|0 fnt
|-heal|p2a: Venusaur|85/100|[from] drain|[of] p1a: Ogerpon
|faint|p1a: Ogerpon
|-damage|p2a: Venusaur|75/100|[from] item: Life Orb
|
|-weather|SunnyDay|[upkeep]
|upkeep
|
|t:|1776154377
|switch|p1a: Dragonite|Dragonite, M|100/100
|turn|16
|
|t:|1776154400
|switch|p2a: Alomomola|Alomomola, M|100/100
|move|p1a: Dragonite|Dragon Dance|p1a: Dragonite
|-boost|p1a: Dragonite|atk|1
|-boost|p1a: Dragonite|spe|1
|
|-weather|SunnyDay|[upkeep]
|upkeep
|turn|17
|
|t:|1776154406
|move|p1a: Dragonite|Dragon Dance|p1a: Dragonite
|-boost|p1a: Dragonite|atk|1
|-boost|p1a: Dragonite|spe|1
|move|p2a: Alomomola|Icy Wind|p1a: Dragonite
|-supereffective|p1a: Dragonite
|-damage|p1a: Dragonite|87/100
|-unboost|p1a: Dragonite|spe|1
|
|-weather|SunnyDay|[upkeep]
|-heal|p1a: Dragonite|93/100|[from] item: Leftovers
|upkeep
|turn|18
|
|t:|1776154410
|move|p1a: Dragonite|Dragon Dance|p1a: Dragonite
|-boost|p1a: Dragonite|atk|1
|-boost|p1a: Dragonite|spe|1
|move|p2a: Alomomola|Healing Wish|p2a: Alomomola
|faint|p2a: Alomomola
|
|-weather|none
|-heal|p1a: Dragonite|99/100|[from] item: Leftovers
|upkeep
|
|t:|1776154414
|switch|p2a: Great Tusk|Great Tusk|64/100
|-heal|p2a: Great Tusk|100/100|[from] move: Healing Wish
|turn|19
|
|t:|1776154423
|-terastallize|p1a: Dragonite|Flying
|-terastallize|p2a: Great Tusk|Fire
|move|p1a: Dragonite|Tera Blast|p2a: Great Tusk|[anim] Tera Blast Flying
|-crit|p2a: Great Tusk
|-damage|p2a: Great Tusk|0 fnt
|faint|p2a: Great Tusk
|-end|p2a: Great Tusk|Protosynthesis|[silent]
|
|-heal|p1a: Dragonite|100/100|[from] item: Leftovers
|upkeep
|c|☆magikarp soup|skill
|c|☆pressacanadagoose|Fr
|c|☆pressacanadagoose|#
|
|t:|1776154445
|switch|p2a: Torkoal|Torkoal, M|60/100 par
|-weather|SunnyDay|[from] ability: Drought|[of] p2a: Torkoal
|turn|20
|
|t:|1776154447
|move|p1a: Dragonite|Tera Blast|p2a: Torkoal|[anim] Tera Blast Flying
|-damage|p2a: Torkoal|0 fnt
|faint|p2a: Torkoal
|
|-weather|SunnyDay|[upkeep]
|upkeep
|
|t:|1776154451
|switch|p2a: Venusaur|Venusaur, F|75/100
|turn|21
|
|t:|1776154453
|move|p2a: Venusaur|Weather Ball|p1a: Dragonite
|-damage|p1a: Dragonite|70/100
|-damage|p2a: Venusaur|65/100|[from] item: Life Orb
|move|p1a: Dragonite|Tera Blast|p2a: Venusaur|[anim] Tera Blast Flying
|-supereffective|p2a: Venusaur
|-damage|p2a: Venusaur|0 fnt
|faint|p2a: Venusaur
|
|-weather|SunnyDay|[upkeep]
|-heal|p1a: Dragonite|77/100|[from] item: Leftovers
|upkeep
|
|t:|1776154455
|switch|p2a: Charizard|Charizard, F|100/100
|turn|22
|
|t:|1776154458
|move|p1a: Dragonite|Tera Blast|p2a: Charizard|[anim] Tera Blast Flying
|-damage|p2a: Charizard|0 fnt
|faint|p2a: Charizard
|
|-weather|SunnyDay|[upkeep]
|-heal|p1a: Dragonite|83/100|[from] item: Leftovers
|upkeep
|
|t:|1776154461
|switch|p2a: Slither Wing|Slither Wing|84/100
|-activate|p2a: Slither Wing|ability: Protosynthesis
|-start|p2a: Slither Wing|protosynthesisspd
|turn|23
|
|t:|1776154475
|move|p1a: Dragonite|Tera Blast|p2a: Slither Wing|[anim] Tera Blast Flying
|-supereffective|p2a: Slither Wing
|-damage|p2a: Slither Wing|0 fnt
|faint|p2a: Slither Wing
|-end|p2a: Slither Wing|Protosynthesis|[silent]
|
|win|pressacanadagoose
|raw|pressacanadagoose's rating: 1753 &rarr; <strong>1776</strong><br />(+23 for winning)
|raw|magikarp soup's rating: 1800 &rarr; <strong>1777</strong><br />(-23 for losing)
