|html|<div class="broadcast-blue"><strong>[Gen 9] OU is currently suspecting Tera Blast! For information on how to participate check out the <a href="https://www.smogon.com/tools/suspects/view/200">suspect thread</a>.</strong></div>
|j|☆afdtv
|j|☆dummydraedon
|t:|1776032802
|gametype|singles
|player|p1|afdtv|hilbert|1455
|player|p2|dummydraedon|265|1407
|gen|9
|tier|[Gen 9] OU
|rated|
|rule|HP Percentage Mod: HP is shown in percentages
|rule|Endless Battle Clause: Forcing endless battles is banned
|rule|Species Clause: Limit one of each Pokémon
|rule|OHKO Clause: OHKO moves are banned
|rule|Evasion Items Clause: Evasion items are banned
|rule|Evasion Moves Clause: Evasion moves are banned
|rule|Evasion Abilities Clause: Evasion abilities are banned
|rule|Sleep Moves Clause: Sleep-inducing moves are banned
|clearpoke
|poke|p1|Latios, M|
|poke|p1|Glimmora, F|
|poke|p1|Quaquaval, M|
|poke|p1|Gholdengo|
|poke|p1|Ting-Lu|
|poke|p1|Dragonite, F|
|poke|p2|Vaporeon, F|
|poke|p2|Tinkaton, F|
|poke|p2|Pelipper, M|
|poke|p2|Excadrill, M|
|poke|p2|Barraskewda, M|
|poke|p2|Zoroark-Hisui, M|
|teampreview
|
|t:|1776032821
|teamsize|p1|6
|teamsize|p2|6
|start
|switch|p1a: Latios|Latios, M|100/100
|switch|p2a: I smash vap|Tinkaton, F, shiny|100/100
|turn|1
|
|t:|1776032825
|switch|p1a: Glimmora|Glimmora, F|100/100
|move|p2a: I smash vap|Trick|p1a: Glimmora
|-activate|p2a: I smash vap|move: Trick|[of] p1a: Glimmora
|-item|p1a: Glimmora|Choice Scarf|[from] move: Trick
|-item|p2a: I smash vap|Focus Sash|[from] move: Trick
|
|upkeep
|turn|2
|
|t:|1776032837
|switch|p2a: I smash vap|Tinkaton, F, shiny|100/100
|-ability|p2a: I smash vap|Mold Breaker
|move|p1a: Glimmora|Earth Power|p2a: I smash vap
|-supereffective|p2a: I smash vap
|-damage|p2a: I smash vap|60/100
|
|-heal|p2a: I smash vap|66/100|[from] item: Leftovers
|upkeep
|turn|3
|
|t:|1776032848
|move|p1a: Glimmora|Earth Power|p2a: I smash vap
|-supereffective|p2a: I smash vap
|-crit|p2a: I smash vap
|-damage|p2a: I smash vap|0 fnt
|faint|p2a: I smash vap
|
|upkeep
|
|t:|1776032852
|switch|p2a: digging in vap|Excadrill, M, shiny|100/100
|-ability|p2a: digging in vap|Mold Breaker
|-item|p2a: digging in vap|Air Balloon
|turn|4
|
|t:|1776032874
|switch|p1a: Latios|Latios, M|100/100
|move|p2a: digging in vap|Swords Dance|p2a: digging in vap
|-boost|p2a: digging in vap|atk|2
|
|upkeep
|turn|5
|
|t:|1776032883
|move|p1a: Latios|Aura Sphere|p2a: digging in vap
|-supereffective|p2a: digging in vap
|-damage|p2a: digging in vap|21/100
|-enditem|p2a: digging in vap|Air Balloon
|move|p2a: digging in vap|Earthquake|p1a: Latios
|-damage|p1a: Latios|0 fnt
|faint|p1a: Latios
|
|upkeep
|
|t:|1776032900
|switch|p1a: Glimmora|Glimmora, F|100/100
|turn|6
|
|t:|1776032909
|switch|p2a: vap|Vaporeon, F|100/100
|move|p1a: Glimmora|Earth Power|p2a: vap
|-damage|p2a: vap|77/100
|
|-heal|p2a: vap|83/100|[from] item: Leftovers
|upkeep
|turn|7
|
|t:|1776032913
|switch|p1a: Quaquaval|Quaquaval, M|100/100
|move|p2a: vap|Wish|p2a: vap
|
|-heal|p2a: vap|90/100|[from] item: Leftovers
|upkeep
|turn|8
|
|t:|1776032917
|move|p1a: Quaquaval|Knock Off|p2a: vap
|-damage|p2a: vap|65/100
|-enditem|p2a: vap|Leftovers|[from] move: Knock Off|[of] p1a: Quaquaval
|move|p2a: vap|Scald|p1a: Quaquaval
|-resisted|p1a: Quaquaval
|-damage|p1a: Quaquaval|86/100
|
|-heal|p2a: vap|100/100|[from] move: Wish|[wisher] vap
|upkeep
|turn|9
|
|t:|1776032926
|switch|p1a: Ting-Lu|Ting-Lu|100/100
|-ability|p1a: Ting-Lu|Vessel of Ruin
|move|p2a: vap|Scald|p1a: Ting-Lu
|-supereffective|p1a: Ting-Lu
|-damage|p1a: Ting-Lu|74/100
|-status|p1a: Ting-Lu|brn
|
|-heal|p1a: Ting-Lu|81/100 brn|[from] item: Leftovers
|-damage|p1a: Ting-Lu|74/100 brn|[from] brn
|upkeep
|turn|10
|l|☆dummydraedon
|player|p2|
|j|☆dummydraedon
|player|p2|dummydraedon|265|
|
|t:|1776032945
|move|p2a: vap|Wish|p2a: vap
|move|p1a: Ting-Lu|Spikes|p2a: vap
|-sidestart|p2: dummydraedon|Spikes
|
|-heal|p1a: Ting-Lu|81/100 brn|[from] item: Leftovers
|-damage|p1a: Ting-Lu|74/100 brn|[from] brn
|upkeep
|turn|11
|
|t:|1776032965
|switch|p2a: digging in vap|Excadrill, M, shiny|21/100
|-damage|p2a: digging in vap|9/100|[from] Spikes
|-ability|p2a: digging in vap|Mold Breaker
|move|p1a: Ting-Lu|Spikes|p2a: digging in vap
|-sidestart|p2: dummydraedon|Spikes
|
|-heal|p2a: digging in vap|73/100|[from] move: Wish|[wisher] vap
|-heal|p1a: Ting-Lu|81/100 brn|[from] item: Leftovers
|-damage|p1a: Ting-Lu|74/100 brn|[from] brn
|upkeep
|turn|12
|
|t:|1776032977
|switch|p2a: vap|Vaporeon, F|100/100
|-damage|p2a: vap|84/100|[from] Spikes
|move|p1a: Ting-Lu|Earthquake|p2a: vap
|-damage|p2a: vap|71/100
|
|-heal|p1a: Ting-Lu|81/100 brn|[from] item: Leftovers
|-damage|p1a: Ting-Lu|74/100 brn|[from] brn
|upkeep
|turn|13
|
|t:|1776032980
|move|p2a: vap|Wish|p2a: vap
|move|p1a: Ting-Lu|Spikes|p2a: vap
|-sidestart|p2: dummydraedon|Spikes
|
|-heal|p1a: Ting-Lu|81/100 brn|[from] item: Leftovers
|-damage|p1a: Ting-Lu|74/100 brn|[from] brn
|upkeep
|turn|14
|
|t:|1776032987
|move|p2a: vap|Scald|p1a: Ting-Lu
|-supereffective|p1a: Ting-Lu
|-damage|p1a: Ting-Lu|48/100 brn
|move|p1a: Ting-Lu|Whirlwind|p2a: vap
|drag|p2a: vap|Vaporeon, F|100/100
|-damage|p2a: vap|75/100|[from] Spikes
|
|-heal|p2a: vap|100/100|[from] move: Wish|[wisher] vap
|-heal|p1a: Ting-Lu|55/100 brn|[from] item: Leftovers
|-damage|p1a: Ting-Lu|48/100 brn|[from] brn
|upkeep
|turn|15
|
|t:|1776032996
|move|p2a: vap|Hex|p1a: Ting-Lu
|-resisted|p1a: Ting-Lu
|-damage|p1a: Ting-Lu|33/100 brn
|move|p1a: Ting-Lu|Whirlwind|p2a: vap
|drag|p2a: digging in vap|Excadrill, M, shiny|73/100
|-damage|p2a: digging in vap|48/100|[from] Spikes
|-ability|p2a: digging in vap|Mold Breaker
|
|-heal|p1a: Ting-Lu|39/100 brn|[from] item: Leftovers
|-damage|p1a: Ting-Lu|33/100 brn|[from] brn
|upkeep
|turn|16
|
|t:|1776033005
|move|p2a: digging in vap|Earthquake|p1a: Ting-Lu
|-crit|p1a: Ting-Lu
|-damage|p1a: Ting-Lu|0 fnt
|faint|p1a: Ting-Lu
|
|upkeep
|
|t:|1776033008
|switch|p1a: Glimmora|Glimmora, F|100/100
|turn|17
|
|t:|1776033020
|move|p1a: Glimmora|Stealth Rock|p2a: digging in vap
|-sidestart|p2: dummydraedon|move: Stealth Rock
|move|p2a: digging in vap|Rapid Spin|p1a: Glimmora
|-resisted|p1a: Glimmora
|-damage|p1a: Glimmora|90/100
|-boost|p2a: digging in vap|spe|1
|-activate|p1a: Glimmora|ability: Toxic Debris
|-sidestart|p2: dummydraedon|move: Toxic Spikes
|-sideend|p2: dummydraedon|Spikes|[from] move: Rapid Spin|[of] p2a: digging in vap
|-sideend|p2: dummydraedon|Toxic Spikes|[from] move: Rapid Spin|[of] p2a: digging in vap
|-sideend|p2: dummydraedon|Stealth Rock|[from] move: Rapid Spin|[of] p2a: digging in vap
|
|upkeep
|turn|18
|
|t:|1776033035
|switch|p1a: Gholdengo|Gholdengo|100/100
|-item|p1a: Gholdengo|Air Balloon
|move|p2a: digging in vap|Rock Slide|p1a: Gholdengo
|-resisted|p1a: Gholdengo
|-damage|p1a: Gholdengo|85/100
|-enditem|p1a: Gholdengo|Air Balloon
|
|upkeep
|turn|19
|
|t:|1776033057
|switch|p1a: Glimmora|Glimmora, F|90/100
|move|p2a: digging in vap|Earthquake|p1a: Glimmora
|-supereffective|p1a: Glimmora
|-damage|p1a: Glimmora|0 fnt
|-activate|p1a: Glimmora|ability: Toxic Debris
|-sidestart|p2: dummydraedon|move: Toxic Spikes
|faint|p1a: Glimmora
|
|upkeep
|
|t:|1776033060
|switch|p1a: Dragonite|Dragonite, F|100/100
|turn|20
|
|t:|1776033064
|move|p2a: digging in vap|Rapid Spin|p1a: Dragonite
|-damage|p1a: Dragonite|82/100
|-boost|p2a: digging in vap|spe|1
|-sideend|p2: dummydraedon|Toxic Spikes|[from] move: Rapid Spin|[of] p2a: digging in vap
|move|p1a: Dragonite|Earthquake|p2a: digging in vap
|-supereffective|p2a: digging in vap
|-damage|p2a: digging in vap|0 fnt
|faint|p2a: digging in vap
|
|upkeep
|
|t:|1776033069
|switch|p2a: bird in vap|Pelipper, M|100/100
|-weather|RainDance|[from] ability: Drizzle|[of] p2a: bird in vap
|turn|21
|
|t:|1776033072
|move|p2a: bird in vap|Ice Beam|p1a: Dragonite
|-supereffective|p1a: Dragonite
|-damage|p1a: Dragonite|0 fnt
|faint|p1a: Dragonite
|
|-weather|RainDance|[upkeep]
|upkeep
|
|t:|1776033078
|switch|p1a: Gholdengo|Gholdengo|85/100
|turn|22
|
|t:|1776033084
|switch|p2a: vap|Vaporeon, F|71/100
|move|p1a: Gholdengo|Nasty Plot|p1a: Gholdengo
|-boost|p1a: Gholdengo|spa|2
|
|-weather|RainDance|[upkeep]
|upkeep
|turn|23
|
|t:|1776033091
|move|p1a: Gholdengo|Nasty Plot|p1a: Gholdengo
|-boost|p1a: Gholdengo|spa|2
|move|p2a: vap|Haze|p2a: vap
|-clearallboost
|
|-weather|RainDance|[upkeep]
|upkeep
|turn|24
|-message|afdtv forfeited.
|
|win|dummydraedon
|raw|afdtv's rating: 1455 &rarr; <strong>1432</strong><br />(-23 for losing)
|raw|dummydraedon's rating: 1407 &rarr; <strong>1430</strong><br />(+23 for winning)
|l|☆afdtv
|player|p1|
|l|☆dummydraedon
|player|p2|
