|html|<div class="broadcast-blue"><strong>[Gen 9] OU is currently suspecting Tera Blast! For information on how to participate check out the <a href="https://www.smogon.com/tools/suspects/view/200">suspect thread</a>.</strong></div>
|j|☆tssokevin
|j|☆fdfd333
|t:|1776034425
|gametype|singles
|player|p1|tssokevin|cyrus|1039
|player|p2|fdfd333|101|1000
|gen|9
|tier|[Gen 9] OU
|rated|
|rule|HP Percentage Mod: HP is shown in percentages
|rule|Endless Battle Clause: Forcing endless battles is banned
|rule|Species Clause: Limit one of each Pokémon
|rule|OHKO Clause: OHKO moves are banned
|rule|Evasion Items Clause: Evasion items are banned
|rule|Evasion Moves Clause: Evasion moves are banned
|rule|Evasion Abilities Clause: Evasion abilities are banned
|rule|Sleep Moves Clause: Sleep-inducing moves are banned
|clearpoke
|poke|p1|Meowscarada, F|
|poke|p1|Primarina, F|
|poke|p1|Gardevoir, F|
|poke|p1|Jolteon, F|
|poke|p1|Delphox, F|
|poke|p1|Lucario, F|
|poke|p2|Kingambit, F|
|poke|p2|Cinderace, F|
|poke|p2|Landorus-Therian, M|
|poke|p2|Iron Valiant|
|poke|p2|Kyurem|
|poke|p2|Slowking-Galar, M|
|teampreview
|
|t:|1776034435
|teamsize|p1|6
|teamsize|p2|6
|start
|switch|p1a: Primarina|Primarina, F|100/100
|switch|p2a: Judy|Cinderace, F, shiny|100/100
|turn|1
|
|t:|1776034453
|switch|p2a: Landon|Landorus-Therian, M, shiny|100/100
|-ability|p2a: Landon|Intimidate|boost
|-unboost|p1a: Primarina|atk|1
|move|p1a: Primarina|Calm Mind|p1a: Primarina
|-boost|p1a: Primarina|spa|1
|-boost|p1a: Primarina|spd|1
|
|upkeep
|turn|2
|
|t:|1776034464
|move|p2a: Landon|Taunt|p1a: Primarina
|-start|p1a: Primarina|move: Taunt
|move|p1a: Primarina|Hyper Voice|p2a: Landon
|-supereffective|p2a: Landon
|-damage|p2a: Landon|0 fnt
|faint|p2a: Landon
|
|upkeep
|
|t:|1776034482
|switch|p2a: Megamind|Slowking-Galar, M, shiny|100/100
|turn|3
|
|t:|1776034492
|switch|p1a: Meowscarada|Meowscarada, F|100/100
|move|p2a: Megamind|Sludge Bomb|p1a: Meowscarada
|-supereffective|p1a: Meowscarada
|-crit|p1a: Meowscarada
|-enditem|p1a: Meowscarada|Focus Sash
|-damage|p1a: Meowscarada|1/100
|-status|p1a: Meowscarada|psn
|
|-damage|p1a: Meowscarada|0 fnt|[from] psn
|faint|p1a: Meowscarada
|upkeep
|
|t:|1776034510
|switch|p1a: Jolteon|Jolteon, F|100/100
|-item|p1a: Jolteon|Air Balloon
|turn|4
|
|t:|1776034523
|move|p1a: Jolteon|Thunder Wave|p2a: Megamind
|-status|p2a: Megamind|par
|move|p2a: Megamind|Psychic Noise|p1a: Jolteon
|-damage|p1a: Jolteon|62/100
|-start|p1a: Jolteon|move: Heal Block
|-enditem|p1a: Jolteon|Air Balloon
|
|upkeep
|turn|5
|
|t:|1776034535
|move|p1a: Jolteon|Discharge|p2a: Megamind
|-damage|p2a: Megamind|76/100 par
|cant|p2a: Megamind|par
|
|-end|p1a: Jolteon|move: Heal Block
|upkeep
|turn|6
|
|t:|1776034554
|switch|p2a: Knife|Kingambit, F|100/100
|-activate|p2a: Knife|ability: Supreme Overlord
|-start|p2a: Knife|fallen1|[silent]
|move|p1a: Jolteon|Discharge|p2a: Knife
|-damage|p2a: Knife|56/100
|-status|p2a: Knife|par
|
|-heal|p2a: Knife|62/100 par|[from] item: Leftovers
|upkeep
|turn|7
|
|t:|1776034569
|move|p1a: Jolteon|Discharge|p2a: Knife
|-damage|p2a: Knife|19/100 par
|move|p2a: Knife|Kowtow Cleave|p1a: Jolteon
|-damage|p1a: Jolteon|0 fnt
|faint|p1a: Jolteon
|
|-heal|p2a: Knife|25/100 par|[from] item: Leftovers
|upkeep
|
|t:|1776034583
|switch|p1a: Lucario|Lucario, F|100/100
|-item|p1a: Lucario|Air Balloon
|turn|8
|
|t:|1776034590
|-end|p2a: Knife|fallen1|[silent]
|switch|p2a: Megamind|Slowking-Galar, M, shiny|100/100 par
|move|p1a: Lucario|Earthquake|p2a: Megamind
|-supereffective|p2a: Megamind
|-damage|p2a: Megamind|28/100 par
|
|upkeep
|turn|9
|
|t:|1776034605
|move|p1a: Lucario|Earthquake|p2a: Megamind
|-supereffective|p2a: Megamind
|-damage|p2a: Megamind|0 fnt
|faint|p2a: Megamind
|
|upkeep
|
|t:|1776034613
|switch|p2a: Megatron|Iron Valiant|100/100
|-enditem|p2a: Megatron|Booster Energy
|-activate|p2a: Megatron|ability: Quark Drive|[fromitem]
|-start|p2a: Megatron|quarkdrivespe
|turn|10
|
|t:|1776034631
|switch|p1a: Gardevoir|Gardevoir, F|100/100
|move|p2a: Megatron|Moonblast|p1a: Gardevoir
|-crit|p1a: Gardevoir
|-damage|p1a: Gardevoir|28/100
|-unboost|p1a: Gardevoir|spa|1
|
|upkeep
|turn|11
|
|t:|1776034641
|move|p2a: Megatron|Shadow Ball|p1a: Gardevoir
|-supereffective|p1a: Gardevoir
|-damage|p1a: Gardevoir|0 fnt
|faint|p1a: Gardevoir
|
|upkeep
|
|t:|1776034646
|switch|p1a: Delphox|Delphox, F|100/100
|turn|12
|
|t:|1776034655
|-terastallize|p1a: Delphox|Fire
|move|p2a: Megatron|Shadow Ball|p1a: Delphox
|-damage|p1a: Delphox|67/100
|move|p1a: Delphox|Psychic Noise|p2a: Megatron
|-supereffective|p2a: Megatron
|-damage|p2a: Megatron|0 fnt
|faint|p2a: Megatron
|-end|p2a: Megatron|Quark Drive|[silent]
|
|upkeep
|
|t:|1776034674
|switch|p2a: Judy|Cinderace, F, shiny|100/100
|turn|13
|
|t:|1776034698
|switch|p1a: Primarina|Primarina, F|100/100
|move|p2a: Judy|Pyro Ball|p1a: Primarina
|-resisted|p1a: Primarina
|-damage|p1a: Primarina|70/100
|
|-heal|p1a: Primarina|76/100|[from] item: Leftovers
|upkeep
|turn|14
|
|t:|1776034707
|move|p2a: Judy|U-turn|p1a: Primarina
|-resisted|p1a: Primarina
|-damage|p1a: Primarina|64/100
|
|t:|1776034715
|switch|p2a: Fridge|Kyurem, shiny|100/100|[from] U-turn
|-ability|p2a: Fridge|Pressure
|move|p1a: Primarina|Hyper Voice|p2a: Fridge
|-resisted|p2a: Fridge
|-damage|p2a: Fridge|79/100
|
|-heal|p2a: Fridge|85/100|[from] item: Leftovers
|-heal|p1a: Primarina|70/100|[from] item: Leftovers
|upkeep
|turn|15
|
|t:|1776034728
|move|p2a: Fridge|Freeze-Dry|p1a: Primarina
|-supereffective|p1a: Primarina
|-damage|p1a: Primarina|9/100
|move|p1a: Primarina|Draining Kiss|p2a: Fridge
|-supereffective|p2a: Fridge
|-damage|p2a: Fridge|28/100
|-heal|p1a: Primarina|57/100|[from] drain|[of] p2a: Fridge
|
|-heal|p2a: Fridge|34/100|[from] item: Leftovers
|-heal|p1a: Primarina|63/100|[from] item: Leftovers
|upkeep
|turn|16
|
|t:|1776034739
|move|p2a: Fridge|Freeze-Dry|p1a: Primarina
|-supereffective|p1a: Primarina
|-damage|p1a: Primarina|1/100
|move|p1a: Primarina|Draining Kiss|p2a: Fridge
|-supereffective|p2a: Fridge
|-damage|p2a: Fridge|0 fnt
|-heal|p1a: Primarina|29/100|[from] drain|[of] p2a: Fridge
|faint|p2a: Fridge
|
|-heal|p1a: Primarina|35/100|[from] item: Leftovers
|upkeep
|
|t:|1776034752
|switch|p2a: Judy|Cinderace, F, shiny|100/100
|turn|17
|
|t:|1776034757
|move|p2a: Judy|Pyro Ball|p1a: Primarina|[miss]
|-miss|p2a: Judy|p1a: Primarina
|move|p1a: Primarina|Hyper Voice|p2a: Judy
|-supereffective|p2a: Judy
|-damage|p2a: Judy|0 fnt
|faint|p2a: Judy
|
|-heal|p1a: Primarina|41/100|[from] item: Leftovers
|upkeep
|
|t:|1776034767
|switch|p2a: Knife|Kingambit, F|25/100 par
|-activate|p2a: Knife|ability: Supreme Overlord
|-start|p2a: Knife|fallen5|[silent]
|turn|18
|
|t:|1776034775
|move|p1a: Primarina|Hyper Voice|p2a: Knife
|-damage|p2a: Knife|0 fnt
|faint|p2a: Knife
|-end|p2a: Knife|fallen5|[silent]
|
|win|tssokevin
|raw|tssokevin's rating: 1039 &rarr; <strong>1069</strong><br />(+30 for winning)
|raw|fdfd333's rating: 1000 &rarr; <strong>1000</strong><br />(+0 for losing)
