|html|<div class="broadcast-blue"><strong>[Gen 9] OU is currently suspecting Tera Blast! For information on how to participate check out the <a href="https://www.smogon.com/tools/suspects/view/200">suspect thread</a>.</strong></div>
|j|☆icylikedecember
|j|‽clorox man
|t:|1776050599
|gametype|singles
|player|p1|icylikedecember|skierf|1709
|player|p2|clorox man|clown|1770
|gen|9
|tier|[Gen 9] OU
|rated|
|rule|HP Percentage Mod: HP is shown in percentages
|rule|Endless Battle Clause: Forcing endless battles is banned
|rule|Species Clause: Limit one of each Pokémon
|rule|OHKO Clause: OHKO moves are banned
|rule|Evasion Items Clause: Evasion items are banned
|rule|Evasion Moves Clause: Evasion moves are banned
|rule|Evasion Abilities Clause: Evasion abilities are banned
|rule|Sleep Moves Clause: Sleep-inducing moves are banned
|clearpoke
|poke|p1|Landorus-Therian, M|
|poke|p1|Corviknight, F|
|poke|p1|Slowking-Galar, M|
|poke|p1|Crawdaunt, F|
|poke|p1|Darkrai|
|poke|p1|Gholdengo|
|poke|p2|Pecharunt|
|poke|p2|Ting-Lu|
|poke|p2|Iron Valiant|
|poke|p2|Volcanion|
|poke|p2|Dragonite, M|
|poke|p2|Kingambit, M|
|teampreview
|
|t:|1776050613
|teamsize|p1|6
|teamsize|p2|6
|start
|switch|p1a: Crawdaunt|Crawdaunt, F|100/100
|switch|p2a: Iron Valiant|Iron Valiant|100/100
|-enditem|p2a: Iron Valiant|Booster Energy
|-activate|p2a: Iron Valiant|ability: Quark Drive|[fromitem]
|-start|p2a: Iron Valiant|quarkdrivespe
|turn|1
|
|t:|1776050618
|switch|p1a: Corviknight|Corviknight, F, shiny|100/100
|-ability|p1a: Corviknight|Pressure
|move|p2a: Iron Valiant|Knock Off|p1a: Corviknight
|-damage|p1a: Corviknight|84/100
|-enditem|p1a: Corviknight|Leftovers|[from] move: Knock Off|[of] p2a: Iron Valiant
|
|upkeep
|turn|2
|
|t:|1776050624
|move|p2a: Iron Valiant|Thunderbolt|p1a: Corviknight
|-supereffective|p1a: Corviknight
|-damage|p1a: Corviknight|30/100
|move|p1a: Corviknight|U-turn|p2a: Iron Valiant
|-resisted|p2a: Iron Valiant
|-damage|p2a: Iron Valiant|96/100
|
|t:|1776050631
|switch|p1a: Slowking|Slowking-Galar, M, shiny|100/100|[from] U-turn
|
|upkeep
|turn|3
|
|t:|1776050635
|move|p2a: Iron Valiant|Knock Off|p1a: Slowking
|-supereffective|p1a: Slowking
|-damage|p1a: Slowking|40/100
|-enditem|p1a: Slowking|Assault Vest|[from] move: Knock Off|[of] p2a: Iron Valiant
|move|p1a: Slowking|Sludge Bomb|p2a: Iron Valiant
|-supereffective|p2a: Iron Valiant
|-damage|p2a: Iron Valiant|0 fnt
|faint|p2a: Iron Valiant
|-end|p2a: Iron Valiant|Quark Drive|[silent]
|
|upkeep
|j| Goldman100000
|
|t:|1776050638
|switch|p2a: Ting-Lu|Ting-Lu|100/100
|-ability|p2a: Ting-Lu|Vessel of Ruin
|turn|4
|
|t:|1776050646
|switch|p1a: Crawdaunt|Crawdaunt, F|100/100
|move|p2a: Ting-Lu|Stealth Rock|p1a: Crawdaunt
|-sidestart|p1: icylikedecember|move: Stealth Rock
|
|upkeep
|turn|5
|
|t:|1776050650
|move|p1a: Crawdaunt|Close Combat|p2a: Ting-Lu
|-supereffective|p2a: Ting-Lu
|-damage|p2a: Ting-Lu|32/100
|-unboost|p1a: Crawdaunt|def|1
|-unboost|p1a: Crawdaunt|spd|1
|-enditem|p2a: Ting-Lu|Red Card|[of] p1a: Crawdaunt
|drag|p1a: Slowking|Slowking-Galar, M, shiny|73/100
|-damage|p1a: Slowking|60/100|[from] Stealth Rock
|move|p2a: Ting-Lu|Spikes|p1a: Slowking
|-sidestart|p1: icylikedecember|Spikes
|
|upkeep
|turn|6
|
|t:|1776050661
|switch|p1a: Corviknight|Corviknight, F, shiny|30/100
|-damage|p1a: Corviknight|18/100|[from] Stealth Rock
|-ability|p1a: Corviknight|Pressure
|move|p2a: Ting-Lu|Whirlwind|p1a: Corviknight
|drag|p1a: Slowking|Slowking-Galar, M, shiny|94/100
|-damage|p1a: Slowking|81/100|[from] Stealth Rock
|-damage|p1a: Slowking|69/100|[from] Spikes
|
|upkeep
|turn|7
|
|t:|1776050671
|switch|p2a: Volcanion|Volcanion|100/100
|move|p1a: Slowking|Ice Beam|p2a: Volcanion
|-resisted|p2a: Volcanion
|-damage|p2a: Volcanion|94/100
|
|upkeep
|turn|8
|
|t:|1776050676
|move|p2a: Volcanion|Steam Eruption|p1a: Slowking
|-damage|p1a: Slowking|23/100
|move|p1a: Slowking|Sludge Bomb|p2a: Volcanion
|-damage|p2a: Volcanion|54/100
|
|upkeep
|turn|9
|
|t:|1776050688
|-terastallize|p1a: Slowking|Grass
|move|p2a: Volcanion|Flamethrower|p1a: Slowking
|-supereffective|p1a: Slowking
|-damage|p1a: Slowking|0 fnt
|faint|p1a: Slowking
|
|upkeep
|
|t:|1776050692
|switch|p1a: Landorus|Landorus-Therian, M|100/100
|-damage|p1a: Landorus|88/100|[from] Stealth Rock
|-ability|p1a: Landorus|Intimidate|boost
|-unboost|p2a: Volcanion|atk|1
|turn|10
|
|t:|1776050700
|switch|p2a: Ting-Lu|Ting-Lu|32/100
|-ability|p2a: Ting-Lu|Vessel of Ruin
|move|p1a: Landorus|U-turn|p2a: Ting-Lu
|-supereffective|p2a: Ting-Lu
|-damage|p2a: Ting-Lu|7/100
|
|t:|1776050703
|switch|p1a: Corviknight|Corviknight, F, shiny|18/100|[from] U-turn
|-damage|p1a: Corviknight|6/100|[from] Stealth Rock
|-ability|p1a: Corviknight|Pressure
|
|upkeep
|turn|11
|
|t:|1776050709
|switch|p2a: Volcanion|Volcanion|54/100
|move|p1a: Corviknight|Defog|p2a: Volcanion
|-unboost|p2a: Volcanion|evasion|1
|-sideend|p1: icylikedecember|Spikes|[from] move: Defog|[of] p1a: Corviknight
|-sideend|p1: icylikedecember|Stealth Rock|[from] move: Defog|[of] p1a: Corviknight
|
|upkeep
|turn|12
|
|t:|1776050714
|move|p2a: Volcanion|Flamethrower|p1a: Corviknight
|-supereffective|p1a: Corviknight
|-damage|p1a: Corviknight|0 fnt
|faint|p1a: Corviknight
|
|upkeep
|
|t:|1776050719
|switch|p1a: Landorus|Landorus-Therian, M|88/100
|-ability|p1a: Landorus|Intimidate|boost
|-unboost|p2a: Volcanion|atk|1
|turn|13
|
|t:|1776050723
|switch|p2a: Ting-Lu|Ting-Lu|7/100
|-ability|p2a: Ting-Lu|Vessel of Ruin
|move|p1a: Landorus|Earthquake|p2a: Ting-Lu
|-damage|p2a: Ting-Lu|0 fnt
|faint|p2a: Ting-Lu
|
|upkeep
|
|t:|1776050735
|switch|p2a: Pecharunt|Pecharunt|100/100
|turn|14
|
|t:|1776050739
|move|p1a: Landorus|Stealth Rock|p2a: Pecharunt
|-sidestart|p2: clorox man|move: Stealth Rock
|move|p2a: Pecharunt|Shadow Ball|p1a: Landorus
|-damage|p1a: Landorus|62/100
|
|upkeep
|turn|15
|
|t:|1776050745
|move|p1a: Landorus|Earthquake|p2a: Pecharunt
|-supereffective|p2a: Pecharunt
|-damage|p2a: Pecharunt|43/100
|move|p2a: Pecharunt|Malignant Chain|p1a: Landorus
|-resisted|p1a: Landorus
|-crit|p1a: Landorus
|-damage|p1a: Landorus|35/100
|-status|p1a: Landorus|tox
|-start|p1a: Landorus|confusion|[from] ability: Poison Puppeteer|[of] p2a: Pecharunt
|
|-damage|p1a: Landorus|29/100 tox|[from] psn
|upkeep
|turn|16
|
|t:|1776050755
|-activate|p1a: Landorus|confusion
|-damage|p1a: Landorus|18/100 tox|[from] confusion
|move|p2a: Pecharunt|Recover|p2a: Pecharunt
|-heal|p2a: Pecharunt|93/100
|
|-damage|p1a: Landorus|6/100 tox|[from] psn
|upkeep
|turn|17
|
|t:|1776050759
|-activate|p1a: Landorus|confusion
|move|p1a: Landorus|Earthquake|p2a: Pecharunt
|-supereffective|p2a: Pecharunt
|-damage|p2a: Pecharunt|34/100
|move|p2a: Pecharunt|Recover|p2a: Pecharunt
|-heal|p2a: Pecharunt|84/100
|
|-damage|p1a: Landorus|0 fnt|[from] psn
|faint|p1a: Landorus
|upkeep
|
|t:|1776050762
|switch|p1a: Darkrai|Darkrai|100/100
|turn|18
|
|t:|1776050768
|switch|p2a: Volcanion|Volcanion|54/100
|move|p1a: Darkrai|Dark Pulse|p2a: Volcanion
|-damage|p2a: Volcanion|8/100
|
|upkeep
|turn|19
|
|t:|1776050773
|move|p1a: Darkrai|Dark Pulse|p2a: Volcanion
|-damage|p2a: Volcanion|0 fnt
|faint|p2a: Volcanion
|
|upkeep
|
|t:|1776050776
|switch|p2a: Dragonite|Dragonite, M|100/100
|turn|20
|
|t:|1776050781
|move|p1a: Darkrai|Ice Beam|p2a: Dragonite
|-supereffective|p2a: Dragonite
|-damage|p2a: Dragonite|16/100
|move|p2a: Dragonite|Dragon Dance|p2a: Dragonite
|-boost|p2a: Dragonite|atk|1
|-boost|p2a: Dragonite|spe|1
|
|upkeep
|turn|21
|
|t:|1776050789
|-terastallize|p2a: Dragonite|Fairy
|move|p2a: Dragonite|Tera Blast|p1a: Darkrai|[anim] Tera Blast Fairy
|-supereffective|p1a: Darkrai
|-damage|p1a: Darkrai|0 fnt
|faint|p1a: Darkrai
|
|upkeep
|
|t:|1776050804
|switch|p1a: Gholdengo|Gholdengo|100/100
|turn|22
|inactive|Battle timer is ON: inactive players will automatically lose when time's up. (requested by clorox man)
|
|t:|1776050810
|move|p1a: Gholdengo|Shadow Ball|p2a: Dragonite
|-damage|p2a: Dragonite|0 fnt
|faint|p2a: Dragonite
|
|upkeep
|
|t:|1776050814
|switch|p2a: Kingambit|Kingambit, M|100/100
|-damage|p2a: Kingambit|94/100|[from] Stealth Rock
|-activate|p2a: Kingambit|ability: Supreme Overlord
|-start|p2a: Kingambit|fallen4|[silent]
|turn|23
|
|t:|1776050819
|switch|p1a: Crawdaunt|Crawdaunt, F|100/100
|move|p2a: Kingambit|Low Kick|p1a: Crawdaunt
|-supereffective|p1a: Crawdaunt
|-damage|p1a: Crawdaunt|11/100
|
|upkeep
|turn|24
|
|t:|1776050825
|move|p1a: Crawdaunt|Aqua Jet|p2a: Kingambit
|-damage|p2a: Kingambit|56/100
|move|p2a: Kingambit|Sucker Punch||[still]
|-fail|p2a: Kingambit
|
|upkeep
|turn|25
|
|t:|1776050833
|switch|p1a: Gholdengo|Gholdengo|100/100
|move|p2a: Kingambit|Kowtow Cleave|p1a: Gholdengo
|-supereffective|p1a: Gholdengo
|-damage|p1a: Gholdengo|0 fnt
|faint|p1a: Gholdengo
|
|upkeep
|
|t:|1776050836
|switch|p1a: Crawdaunt|Crawdaunt, F|11/100
|turn|26
|
|t:|1776050839
|move|p1a: Crawdaunt|Aqua Jet|p2a: Kingambit
|-damage|p2a: Kingambit|18/100
|move|p2a: Kingambit|Sucker Punch||[still]
|-fail|p2a: Kingambit
|
|upkeep
|turn|27
|
|t:|1776050842
|move|p1a: Crawdaunt|Aqua Jet|p2a: Kingambit
|-damage|p2a: Kingambit|0 fnt
|faint|p2a: Kingambit
|-end|p2a: Kingambit|fallen4|[silent]
|
|upkeep
|
|t:|1776050844
|switch|p2a: Pecharunt|Pecharunt|84/100
|turn|28
|
|t:|1776050848
|move|p1a: Crawdaunt|Aqua Jet|p2a: Pecharunt
|-damage|p2a: Pecharunt|58/100
|move|p2a: Pecharunt|Malignant Chain|p1a: Crawdaunt
|-damage|p1a: Crawdaunt|0 fnt
|faint|p1a: Crawdaunt
|
|win|clorox man
|raw|icylikedecember's rating: 1709 &rarr; <strong>1692</strong><br />(-17 for losing)
|raw|clorox man's rating: 1770 &rarr; <strong>1787</strong><br />(+17 for winning)
|l|☆icylikedecember
|player|p1|
|l| Goldman100000
|j| Goldman100000
|l| Goldman100000
|l|‽clorox man
|player|p2|
