|html|<div class="broadcast-blue"><strong>[Gen 9] OU is currently suspecting Tera Blast! For information on how to participate check out the <a href="https://www.smogon.com/tools/suspects/view/200">suspect thread</a>.</strong></div>
|j|☆b3npaii
|j|☆EddusEatzAlot
|t:|1776148973
|gametype|singles
|player|p1|b3npaii|elesa|1614
|player|p2|EddusEatzAlot|steven|1619
|gen|9
|tier|[Gen 9] OU
|rated|
|rule|HP Percentage Mod: HP is shown in percentages
|rule|Endless Battle Clause: Forcing endless battles is banned
|rule|Species Clause: Limit one of each Pokémon
|rule|OHKO Clause: OHKO moves are banned
|rule|Evasion Items Clause: Evasion items are banned
|rule|Evasion Moves Clause: Evasion moves are banned
|rule|Evasion Abilities Clause: Evasion abilities are banned
|rule|Sleep Moves Clause: Sleep-inducing moves are banned
|clearpoke
|poke|p1|Walking Wake|
|poke|p1|Landorus-Therian, M|
|poke|p1|Pecharunt|
|poke|p1|Samurott-Hisui, F|
|poke|p1|Iron Valiant|
|poke|p1|Kingambit, M|
|poke|p2|Tyranitar, M|
|poke|p2|Dragapult, F|
|poke|p2|Great Tusk|
|poke|p2|Alomomola, F|
|poke|p2|Lokix, M|
|poke|p2|Corviknight, F|
|teampreview
|inactive|Battle timer is ON: inactive players will automatically lose when time's up. (requested by b3npaii)
|
|t:|1776148990
|teamsize|p1|6
|teamsize|p2|6
|start
|switch|p1a: glumon|Landorus-Therian, M|100/100
|switch|p2a: Alomomola|Alomomola, F|100/100
|-ability|p1a: glumon|Intimidate|boost
|-unboost|p2a: Alomomola|atk|1
|turn|1
|
|t:|1776149002
|move|p1a: glumon|Stealth Rock|p2a: Alomomola
|-sidestart|p2: EddusEatzAlot|move: Stealth Rock
|move|p2a: Alomomola|Flip Turn|p1a: glumon
|-supereffective|p1a: glumon
|-damage|p1a: glumon|78/100
|-damage|p2a: Alomomola|84/100|[from] item: Rocky Helmet|[of] p1a: glumon
|
|t:|1776149009
|switch|p2a: Great Tusk|Great Tusk|100/100|[from] Flip Turn
|
|upkeep
|turn|2
|
|t:|1776149013
|move|p1a: glumon|Taunt|p2a: Great Tusk
|-start|p2a: Great Tusk|move: Taunt
|move|p2a: Great Tusk|Knock Off|p1a: glumon
|-damage|p1a: glumon|46/100
|-damage|p2a: Great Tusk|84/100|[from] item: Rocky Helmet|[of] p1a: glumon
|-enditem|p1a: glumon|Rocky Helmet|[from] move: Knock Off|[of] p2a: Great Tusk
|
|upkeep
|turn|3
|
|t:|1776149023
|move|p1a: glumon|U-turn|p2a: Great Tusk
|-resisted|p2a: Great Tusk
|-damage|p2a: Great Tusk|76/100
|
|t:|1776149029
|switch|p1a: hiking trail|Walking Wake|100/100|[from] U-turn
|move|p2a: Great Tusk|Ice Spinner|p1a: hiking trail
|-damage|p1a: hiking trail|72/100
|
|upkeep
|turn|4
|
|t:|1776149034
|-end|p2a: Great Tusk|Protosynthesis|[silent]
|switch|p2a: Corviknight|Corviknight, F|100/100
|-damage|p2a: Corviknight|88/100|[from] Stealth Rock
|-ability|p2a: Corviknight|Pressure
|move|p1a: hiking trail|Knock Off|p2a: Corviknight
|-damage|p2a: Corviknight|74/100
|-damage|p1a: hiking trail|56/100|[from] item: Rocky Helmet|[of] p2a: Corviknight
|-enditem|p2a: Corviknight|Rocky Helmet|[from] move: Knock Off|[of] p1a: hiking trail
|
|upkeep
|turn|5
|
|t:|1776149042
|move|p1a: hiking trail|Surf|p2a: Corviknight
|-damage|p2a: Corviknight|41/100
|move|p2a: Corviknight|Roost|p2a: Corviknight
|-heal|p2a: Corviknight|91/100
|-singleturn|p2a: Corviknight|move: Roost
|
|upkeep
|turn|6
|
|t:|1776149047
|move|p1a: hiking trail|Flip Turn|p2a: Corviknight
|-damage|p2a: Corviknight|78/100
|
|t:|1776149051
|-end|p1a: hiking trail|Protosynthesis|[silent]
|switch|p1a: sad bunny girl|Pecharunt|100/100|[from] Flip Turn
|move|p2a: Corviknight|Defog|p1a: sad bunny girl
|-unboost|p1a: sad bunny girl|evasion|1
|-sideend|p2: EddusEatzAlot|Stealth Rock|[from] move: Defog|[of] p2a: Corviknight
|
|upkeep
|turn|7
|
|t:|1776149056
|move|p1a: sad bunny girl|Parting Shot|p2a: Corviknight
|-unboost|p2a: Corviknight|atk|1
|-unboost|p2a: Corviknight|spa|1
|
|t:|1776149060
|switch|p1a: glumon|Landorus-Therian, M|46/100|[from] Parting Shot
|-ability|p1a: glumon|Intimidate|boost
|-unboost|p2a: Corviknight|atk|1
|move|p2a: Corviknight|U-turn|p1a: glumon
|-resisted|p1a: glumon
|-crit|p1a: glumon
|-damage|p1a: glumon|35/100
|
|t:|1776149068
|switch|p2a: Dragapult|Dragapult, F|100/100|[from] U-turn
|
|upkeep
|turn|8
|
|t:|1776149071
|switch|p1a: spikebot|Samurott-Hisui, F|100/100
|move|p2a: Dragapult|Hex|p1a: spikebot
|-resisted|p1a: spikebot
|-damage|p1a: spikebot|78/100
|
|upkeep
|turn|9
|
|t:|1776149077
|switch|p2a: Alomomola|Alomomola, F|100/100
|move|p1a: spikebot|Ceaseless Edge|p2a: Alomomola
|-damage|p2a: Alomomola|79/100
|-sidestart|p2: EddusEatzAlot|Spikes
|
|upkeep
|turn|10
|
|t:|1776149082
|move|p1a: spikebot|Knock Off|p2a: Alomomola
|-damage|p2a: Alomomola|56/100
|-enditem|p2a: Alomomola|Heavy-Duty Boots|[from] move: Knock Off|[of] p1a: spikebot
|move|p2a: Alomomola|Wish|p2a: Alomomola
|
|upkeep
|turn|11
|
|t:|1776149087
|move|p1a: spikebot|Ceaseless Edge|p2a: Alomomola
|-damage|p2a: Alomomola|33/100
|-sidestart|p2: EddusEatzAlot|Spikes
|move|p2a: Alomomola|Flip Turn|p1a: spikebot
|-resisted|p1a: spikebot
|-damage|p1a: spikebot|69/100
|
|t:|1776149093
|switch|p2a: Corviknight|Corviknight, F|78/100|[from] Flip Turn
|-ability|p2a: Corviknight|Pressure
|
|-heal|p2a: Corviknight|100/100|[from] move: Wish|[wisher] Alomomola
|upkeep
|turn|12
|
|t:|1776149097
|move|p1a: spikebot|Ceaseless Edge|p2a: Corviknight
|-damage|p2a: Corviknight|62/100
|-sidestart|p2: EddusEatzAlot|Spikes
|move|p2a: Corviknight|U-turn|p1a: spikebot
|-supereffective|p1a: spikebot
|-damage|p1a: spikebot|33/100
|
|t:|1776149103
|switch|p2a: Great Tusk|Great Tusk|76/100|[from] U-turn
|
|upkeep
|turn|13
|
|t:|1776149107
|move|p2a: Great Tusk|Headlong Rush|p1a: spikebot
|-damage|p1a: spikebot|0 fnt
|-unboost|p2a: Great Tusk|def|1
|-unboost|p2a: Great Tusk|spd|1
|faint|p1a: spikebot
|
|upkeep
|
|t:|1776149110
|switch|p1a: hiking trail|Walking Wake|56/100
|turn|14
|
|t:|1776149114
|-end|p2a: Great Tusk|Protosynthesis|[silent]
|switch|p2a: Tyranitar|Tyranitar, M|100/100
|-weather|Sandstorm|[from] ability: Sand Stream|[of] p2a: Tyranitar
|move|p1a: hiking trail|Surf|p2a: Tyranitar
|-supereffective|p2a: Tyranitar
|-damage|p2a: Tyranitar|51/100
|
|-weather|Sandstorm|[upkeep]
|-damage|p1a: hiking trail|50/100|[from] Sandstorm
|upkeep
|turn|15
|
|t:|1776149122
|switch|p2a: Corviknight|Corviknight, F|62/100
|-ability|p2a: Corviknight|Pressure
|move|p1a: hiking trail|Surf|p2a: Corviknight
|-damage|p2a: Corviknight|33/100
|
|-weather|Sandstorm|[upkeep]
|-damage|p1a: hiking trail|43/100|[from] Sandstorm
|upkeep
|turn|16
|
|t:|1776149128
|move|p1a: hiking trail|Surf|p2a: Corviknight
|-damage|p2a: Corviknight|3/100
|move|p2a: Corviknight|Roost|p2a: Corviknight
|-heal|p2a: Corviknight|53/100
|-singleturn|p2a: Corviknight|move: Roost
|
|-weather|Sandstorm|[upkeep]
|-damage|p1a: hiking trail|37/100|[from] Sandstorm
|upkeep
|turn|17
|
|t:|1776149133
|move|p1a: hiking trail|Surf|p2a: Corviknight
|-damage|p2a: Corviknight|21/100
|move|p2a: Corviknight|Roost|p2a: Corviknight
|-heal|p2a: Corviknight|71/100
|-singleturn|p2a: Corviknight|move: Roost
|
|-weather|Sandstorm|[upkeep]
|-damage|p1a: hiking trail|31/100|[from] Sandstorm
|upkeep
|turn|18
|
|t:|1776149139
|move|p1a: hiking trail|Flip Turn|p2a: Corviknight
|-damage|p2a: Corviknight|59/100
|
|t:|1776149141
|-end|p1a: hiking trail|Protosynthesis|[silent]
|switch|p1a: glumon|Landorus-Therian, M|35/100|[from] Flip Turn
|-ability|p1a: glumon|Intimidate|boost
|-unboost|p2a: Corviknight|atk|1
|move|p2a: Corviknight|Roost|p2a: Corviknight
|-heal|p2a: Corviknight|100/100
|-singleturn|p2a: Corviknight|move: Roost
|
|-weather|none
|upkeep
|turn|19
|
|t:|1776149146
|move|p1a: glumon|Taunt|p2a: Corviknight
|-start|p2a: Corviknight|move: Taunt
|move|p2a: Corviknight|U-turn|p1a: glumon
|-resisted|p1a: glumon
|-damage|p1a: glumon|30/100
|
|t:|1776149149
|switch|p2a: Great Tusk|Great Tusk|76/100|[from] U-turn
|
|upkeep
|turn|20
|
|t:|1776149153
|move|p1a: glumon|U-turn|p2a: Great Tusk
|-resisted|p2a: Great Tusk
|-damage|p2a: Great Tusk|68/100
|
|t:|1776149155
|switch|p1a: sad bunny girl|Pecharunt|100/100|[from] U-turn
|move|p2a: Great Tusk|Knock Off|p1a: sad bunny girl
|-supereffective|p1a: sad bunny girl
|-damage|p1a: sad bunny girl|63/100
|-enditem|p1a: sad bunny girl|Heavy-Duty Boots|[from] move: Knock Off|[of] p2a: Great Tusk
|
|upkeep
|turn|21
|
|t:|1776149162
|move|p1a: sad bunny girl|Parting Shot|p2a: Great Tusk
|-unboost|p2a: Great Tusk|atk|1
|-unboost|p2a: Great Tusk|spa|1
|
|t:|1776149170
|switch|p1a: glumon|Landorus-Therian, M|30/100|[from] Parting Shot
|-ability|p1a: glumon|Intimidate|boost
|-unboost|p2a: Great Tusk|atk|1
|move|p2a: Great Tusk|Headlong Rush|p1a: glumon
|-immune|p1a: glumon
|
|upkeep
|turn|22
|
|t:|1776149183
|move|p1a: glumon|Stealth Rock|p2a: Great Tusk
|-sidestart|p2: EddusEatzAlot|move: Stealth Rock
|move|p2a: Great Tusk|Rapid Spin|p1a: glumon
|-damage|p1a: glumon|21/100
|-boost|p2a: Great Tusk|spe|1
|-sideend|p2: EddusEatzAlot|Spikes|[from] move: Rapid Spin|[of] p2a: Great Tusk
|-sideend|p2: EddusEatzAlot|Stealth Rock|[from] move: Rapid Spin|[of] p2a: Great Tusk
|
|upkeep
|turn|23
|
|t:|1776149192
|move|p2a: Great Tusk|Ice Spinner|p1a: glumon
|-supereffective|p1a: glumon
|-damage|p1a: glumon|0 fnt
|faint|p1a: glumon
|
|upkeep
|
|t:|1776149198
|switch|p1a: bi panic|Iron Valiant|100/100
|-enditem|p1a: bi panic|Booster Energy
|-activate|p1a: bi panic|ability: Quark Drive|[fromitem]
|-start|p1a: bi panic|quarkdrivespe
|turn|24
|
|t:|1776149207
|-end|p2a: Great Tusk|Protosynthesis|[silent]
|switch|p2a: Corviknight|Corviknight, F|100/100
|-ability|p2a: Corviknight|Pressure
|move|p1a: bi panic|Swords Dance|p1a: bi panic
|-boost|p1a: bi panic|atk|2
|
|upkeep
|turn|25
|
|t:|1776149235
|move|p1a: bi panic|Close Combat|p2a: Corviknight
|-damage|p2a: Corviknight|0 fnt
|-unboost|p1a: bi panic|def|1
|-unboost|p1a: bi panic|spd|1
|faint|p2a: Corviknight
|
|upkeep
|
|t:|1776149242
|switch|p2a: Alomomola|Alomomola, F|66/100
|turn|26
|
|t:|1776149247
|move|p1a: bi panic|Close Combat|p2a: Alomomola
|-damage|p2a: Alomomola|0 fnt
|-unboost|p1a: bi panic|def|1
|-unboost|p1a: bi panic|spd|1
|faint|p2a: Alomomola
|
|upkeep
|
|t:|1776149251
|switch|p2a: Lokix|Lokix, M|100/100
|turn|27
|
|t:|1776149255
|-terastallize|p2a: Lokix|Bug
|move|p2a: Lokix|First Impression|p1a: bi panic
|-resisted|p1a: bi panic
|-damage|p1a: bi panic|0 fnt
|faint|p1a: bi panic
|-end|p1a: bi panic|Quark Drive|[silent]
|
|upkeep
|
|t:|1776149260
|switch|p1a: sad bunny girl|Pecharunt|63/100
|turn|28
|
|t:|1776149263
|switch|p2a: Tyranitar|Tyranitar, M|51/100
|-weather|Sandstorm|[from] ability: Sand Stream|[of] p2a: Tyranitar
|move|p1a: sad bunny girl|Parting Shot|p2a: Tyranitar
|-unboost|p2a: Tyranitar|atk|1
|-unboost|p2a: Tyranitar|spa|1
|
|t:|1776149268
|switch|p1a: checkers man|Kingambit, M|100/100|[from] Parting Shot
|-activate|p1a: checkers man|ability: Supreme Overlord
|-start|p1a: checkers man|fallen3|[silent]
|
|-weather|Sandstorm|[upkeep]
|upkeep
|turn|29
|
|t:|1776149272
|move|p1a: checkers man|Iron Head|p2a: Tyranitar
|-supereffective|p2a: Tyranitar
|-damage|p2a: Tyranitar|0 fnt
|faint|p2a: Tyranitar
|
|-weather|Sandstorm|[upkeep]
|upkeep
|
|t:|1776149275
|switch|p2a: Great Tusk|Great Tusk|68/100
|turn|30
|
|t:|1776149290
|-end|p1a: checkers man|fallen3|[silent]
|switch|p1a: sad bunny girl|Pecharunt|63/100
|move|p2a: Great Tusk|Headlong Rush|p1a: sad bunny girl
|-supereffective|p1a: sad bunny girl
|-crit|p1a: sad bunny girl
|-damage|p1a: sad bunny girl|0 fnt
|-unboost|p2a: Great Tusk|def|1
|-unboost|p2a: Great Tusk|spd|1
|faint|p1a: sad bunny girl
|
|-weather|Sandstorm|[upkeep]
|upkeep
|
|t:|1776149294
|switch|p1a: hiking trail|Walking Wake|31/100
|turn|31
|
|t:|1776149302
|move|p1a: hiking trail|Surf|p2a: Great Tusk
|-supereffective|p2a: Great Tusk
|-damage|p2a: Great Tusk|0 fnt
|faint|p2a: Great Tusk
|-end|p2a: Great Tusk|Protosynthesis|[silent]
|
|-weather|Sandstorm|[upkeep]
|-damage|p1a: hiking trail|25/100|[from] Sandstorm
|upkeep
|
|t:|1776149304
|switch|p2a: Dragapult|Dragapult, F|100/100
|turn|32
|j| Kyurem
|
|t:|1776149311
|move|p2a: Dragapult|Will-O-Wisp|p1a: hiking trail
|-status|p1a: hiking trail|brn
|move|p1a: hiking trail|Draco Meteor|p2a: Dragapult
|-supereffective|p2a: Dragapult
|-damage|p2a: Dragapult|0 fnt
|-unboost|p1a: hiking trail|spa|2
|faint|p2a: Dragapult
|
|-weather|none
|-damage|p1a: hiking trail|19/100 brn|[from] brn
|upkeep
|
|t:|1776149314
|switch|p2a: Lokix|Lokix, M, tera:Bug|100/100
|turn|33
|
|t:|1776149317
|move|p1a: hiking trail|Draco Meteor|p2a: Lokix
|-damage|p2a: Lokix|35/100
|-unboost|p1a: hiking trail|spa|2
|move|p2a: Lokix|Leech Life|p1a: hiking trail
|-damage|p1a: hiking trail|0 fnt
|-heal|p2a: Lokix|46/100|[from] drain|[of] p1a: hiking trail
|faint|p1a: hiking trail
|-end|p1a: hiking trail|Protosynthesis|[silent]
|
|upkeep
|
|t:|1776149320
|switch|p1a: checkers man|Kingambit, M|100/100
|-activate|p1a: checkers man|ability: Supreme Overlord
|-start|p1a: checkers man|fallen5|[silent]
|turn|34
|
|t:|1776149323
|move|p1a: checkers man|Sucker Punch|p2a: Lokix
|-damage|p2a: Lokix|0 fnt
|faint|p2a: Lokix
|
|win|b3npaii
|raw|b3npaii's rating: 1614 &rarr; <strong>1634</strong><br />(+20 for winning)
|raw|EddusEatzAlot's rating: 1619 &rarr; <strong>1599</strong><br />(-20 for losing)
|l|☆EddusEatzAlot
|player|p2|
