|html|<div class="broadcast-blue"><strong>[Gen 9] OU is currently suspecting Tera Blast! For information on how to participate check out the <a href="https://www.smogon.com/tools/suspects/view/200">suspect thread</a>.</strong></div>
|j|☆InklingChicoUssbbw
|j|☆mightzzz
|t:|1776088517
|gametype|singles
|player|p1|InklingChicoUssbbw|waiter-gen4dp|1057
|player|p2|mightzzz|maid|1112
|gen|9
|tier|[Gen 9] OU
|rated|
|rule|HP Percentage Mod: HP is shown in percentages
|rule|Endless Battle Clause: Forcing endless battles is banned
|rule|Species Clause: Limit one of each Pokémon
|rule|OHKO Clause: OHKO moves are banned
|rule|Evasion Items Clause: Evasion items are banned
|rule|Evasion Moves Clause: Evasion moves are banned
|rule|Evasion Abilities Clause: Evasion abilities are banned
|rule|Sleep Moves Clause: Sleep-inducing moves are banned
|clearpoke
|poke|p1|Mew|
|poke|p1|Great Tusk|
|poke|p1|Gliscor, M|
|poke|p1|Dondozo, M|
|poke|p1|Kingambit, F|
|poke|p1|Cloyster, F|
|poke|p2|Toxapex, F|
|poke|p2|Blissey, F|
|poke|p2|Scizor, M|
|poke|p2|Gliscor, F|
|poke|p2|Skeledirge, M|
|poke|p2|Cresselia, F|
|teampreview
|c|☆InklingChicoUssbbw|WAIT...
|c|☆mightzzz|what
|c|☆InklingChicoUssbbw|Stall team?,
|inactive|Battle timer is ON: inactive players will automatically lose when time's up. (requested by mightzzz)
|c|☆InklingChicoUssbbw|You...
|c|☆mightzzz|maybe
|
|t:|1776088538
|teamsize|p1|6
|teamsize|p2|6
|start
|switch|p1a: Mew|Mew|100/100
|switch|p2a: Cresselia|Cresselia, F|100/100
|turn|1
|
|t:|1776088544
|move|p1a: Mew|Taunt|p2a: Cresselia
|-start|p2a: Cresselia|move: Taunt
|cant|p2a: Cresselia|move: Taunt|Calm Mind
|
|upkeep
|turn|2
|
|t:|1776088554
|switch|p2a: Skeledirge|Skeledirge, M|100/100
|move|p1a: Mew|Will-O-Wisp|p2a: Skeledirge|[miss]
|-miss|p1a: Mew|p2a: Skeledirge
|
|upkeep
|turn|3
|
|t:|1776088563
|move|p1a: Mew|Transform|p2a: Skeledirge
|-transform|p1a: Mew|p2a: Skeledirge
|move|p2a: Skeledirge|Torch Song|p1a: Mew
|-resisted|p1a: Mew
|-damage|p1a: Mew|77/100
|-boost|p2a: Skeledirge|spa|1
|
|upkeep
|turn|4
|c|☆mightzzz|oh
|c|☆mightzzz|i forgot
|
|t:|1776088576
|switch|p2a: Toxapex|Toxapex, F|100/100
|move|p1a: Mew|Shadow Ball|p2a: Toxapex
|-damage|p2a: Toxapex|67/100
|
|upkeep
|turn|5
|
|t:|1776088587
|move|p1a: Mew|Zen Headbutt|p2a: Toxapex
|-supereffective|p2a: Toxapex
|-damage|p2a: Toxapex|47/100
|-damage|p1a: Mew|61/100|[from] item: Rocky Helmet|[of] p2a: Toxapex
|move|p2a: Toxapex|Toxic Spikes|p1a: Mew
|-sidestart|p1: InklingChicoUssbbw|move: Toxic Spikes
|
|upkeep
|turn|6
|
|t:|1776088603
|switch|p1a: Great Tusk|Great Tusk|100/100
|-status|p1a: Great Tusk|psn
|move|p2a: Toxapex|Toxic Spikes|p1a: Great Tusk
|-sidestart|p1: InklingChicoUssbbw|move: Toxic Spikes
|
|-damage|p1a: Great Tusk|88/100 psn|[from] psn
|upkeep
|turn|7
|
|t:|1776088613
|switch|p2a: Scizor|Scizor, M|100/100
|move|p1a: Great Tusk|Earthquake|p2a: Scizor
|-damage|p2a: Scizor|26/100
|
|-heal|p1a: Great Tusk|94/100 psn|[from] item: Leftovers
|-damage|p1a: Great Tusk|82/100 psn|[from] psn
|upkeep
|turn|8
|
|t:|1776088622
|move|p2a: Scizor|Bullet Punch|p1a: Great Tusk
|-damage|p1a: Great Tusk|57/100 psn
|-damage|p2a: Scizor|16/100|[from] item: Life Orb
|move|p1a: Great Tusk|Rapid Spin|p2a: Scizor
|-resisted|p2a: Scizor
|-damage|p2a: Scizor|5/100
|-boost|p1a: Great Tusk|spe|1
|-sideend|p1: InklingChicoUssbbw|Toxic Spikes|[from] move: Rapid Spin|[of] p1a: Great Tusk
|
|-heal|p1a: Great Tusk|63/100 psn|[from] item: Leftovers
|-damage|p1a: Great Tusk|51/100 psn|[from] psn
|upkeep
|turn|9
|
|t:|1776088633
|move|p2a: Scizor|Bullet Punch|p1a: Great Tusk
|-damage|p1a: Great Tusk|24/100 psn
|-damage|p2a: Scizor|0 fnt|[from] item: Life Orb
|faint|p2a: Scizor
|move|p1a: Great Tusk|Bulk Up|p1a: Great Tusk
|-boost|p1a: Great Tusk|atk|1
|-boost|p1a: Great Tusk|def|1
|
|-heal|p1a: Great Tusk|30/100 psn|[from] item: Leftovers
|-damage|p1a: Great Tusk|18/100 psn|[from] psn
|upkeep
|
|t:|1776088646
|switch|p2a: Blissey|Blissey, F|100/100
|turn|10
|
|t:|1776088650
|move|p2a: Blissey|Protect|p2a: Blissey
|-singleturn|p2a: Blissey|Protect
|move|p1a: Great Tusk|Earthquake|p2a: Blissey
|-activate|p2a: Blissey|move: Protect
|
|-heal|p1a: Great Tusk|24/100 psn|[from] item: Leftovers
|-damage|p1a: Great Tusk|12/100 psn|[from] psn
|upkeep
|turn|11
|c|☆mightzzz|watch me 2 turn protect
|
|t:|1776088667
|move|p1a: Great Tusk|Ice Spinner|p2a: Blissey
|-damage|p2a: Blissey|56/100
|move|p2a: Blissey|Seismic Toss|p1a: Great Tusk
|-damage|p1a: Great Tusk|0 fnt
|faint|p1a: Great Tusk
|-end|p1a: Great Tusk|Protosynthesis|[silent]
|
|-heal|p2a: Blissey|62/100|[from] item: Leftovers
|upkeep
|
|t:|1776088681
|switch|p1a: Kingambit|Kingambit, F|100/100
|-activate|p1a: Kingambit|ability: Supreme Overlord
|-start|p1a: Kingambit|fallen1|[silent]
|turn|12
|
|t:|1776088690
|move|p2a: Blissey|Seismic Toss|p1a: Kingambit
|-damage|p1a: Kingambit|76/100
|move|p1a: Kingambit|Swords Dance|p1a: Kingambit
|-boost|p1a: Kingambit|atk|2
|
|-heal|p2a: Blissey|68/100|[from] item: Leftovers
|upkeep
|turn|13
|
|t:|1776088706
|move|p2a: Blissey|Protect|p2a: Blissey
|-singleturn|p2a: Blissey|Protect
|move|p1a: Kingambit|Sucker Punch||[still]
|-fail|p1a: Kingambit
|
|-heal|p2a: Blissey|74/100|[from] item: Leftovers
|upkeep
|turn|14
|
|t:|1776088713
|move|p1a: Kingambit|Sucker Punch||[still]
|-fail|p1a: Kingambit
|move|p2a: Blissey|Soft-Boiled|p2a: Blissey
|-heal|p2a: Blissey|100/100
|
|upkeep
|turn|15
|
|t:|1776088726
|-end|p1a: Kingambit|fallen1|[silent]
|switch|p1a: Mew|Mew|61/100
|move|p2a: Blissey|Light Screen|p2a: Blissey
|-sidestart|p2: mightzzz|move: Light Screen
|
|upkeep
|turn|16
|
|t:|1776088735
|move|p1a: Mew|Will-O-Wisp|p2a: Blissey
|-status|p2a: Blissey|brn
|move|p2a: Blissey|Seismic Toss|p1a: Mew
|-damage|p1a: Mew|36/100
|
|-damage|p2a: Blissey|94/100 brn|[from] brn
|upkeep
|turn|17
|
|t:|1776088746
|move|p1a: Mew|Scary Face|p2a: Blissey
|-unboost|p2a: Blissey|spe|2
|move|p2a: Blissey|Seismic Toss|p1a: Mew
|-damage|p1a: Mew|11/100
|
|-heal|p2a: Blissey|100/100 brn|[from] item: Leftovers
|-damage|p2a: Blissey|94/100 brn|[from] brn
|upkeep
|turn|18
|
|t:|1776088755
|move|p1a: Mew|Taunt|p2a: Blissey
|-start|p2a: Blissey|move: Taunt
|move|p2a: Blissey|Seismic Toss|p1a: Mew
|-damage|p1a: Mew|0 fnt
|faint|p1a: Mew
|
|-heal|p2a: Blissey|100/100 brn|[from] item: Leftovers
|-damage|p2a: Blissey|94/100 brn|[from] brn
|upkeep
|
|t:|1776088766
|switch|p1a: Cloyster|Cloyster, F|100/100
|turn|19
|
|t:|1776088769
|move|p1a: Cloyster|Shell Smash|p1a: Cloyster
|-unboost|p1a: Cloyster|def|1
|-unboost|p1a: Cloyster|spd|1
|-boost|p1a: Cloyster|atk|2
|-boost|p1a: Cloyster|spa|2
|-boost|p1a: Cloyster|spe|2
|move|p2a: Blissey|Seismic Toss|p1a: Cloyster
|-damage|p1a: Cloyster|59/100
|
|-heal|p1a: Cloyster|65/100|[from] item: Leftovers
|-heal|p2a: Blissey|100/100 brn|[from] item: Leftovers
|-damage|p2a: Blissey|94/100 brn|[from] brn
|-sideend|p2: mightzzz|move: Light Screen
|upkeep
|turn|20
|
|t:|1776088787
|move|p1a: Cloyster|Rock Blast|p2a: Blissey|[miss]
|-miss|p1a: Cloyster|p2a: Blissey
|move|p2a: Blissey|Seismic Toss|p1a: Cloyster
|-damage|p1a: Cloyster|24/100
|
|-heal|p1a: Cloyster|30/100|[from] item: Leftovers
|-heal|p2a: Blissey|100/100 brn|[from] item: Leftovers
|-damage|p2a: Blissey|94/100 brn|[from] brn
|-end|p2a: Blissey|move: Taunt
|upkeep
|turn|21
|
|t:|1776088798
|move|p2a: Blissey|Protect|p2a: Blissey
|-singleturn|p2a: Blissey|Protect
|move|p1a: Cloyster|Rock Blast|p2a: Blissey
|-activate|p2a: Blissey|move: Protect
|
|-heal|p1a: Cloyster|36/100|[from] item: Leftovers
|-heal|p2a: Blissey|100/100 brn|[from] item: Leftovers
|-damage|p2a: Blissey|94/100 brn|[from] brn
|upkeep
|turn|22
|
|t:|1776088809
|move|p1a: Cloyster|Rock Blast|p2a: Blissey|[miss]
|-miss|p1a: Cloyster|p2a: Blissey
|move|p2a: Blissey|Seismic Toss|p1a: Cloyster
|-damage|p1a: Cloyster|0 fnt
|faint|p1a: Cloyster
|
|-heal|p2a: Blissey|100/100 brn|[from] item: Leftovers
|-damage|p2a: Blissey|94/100 brn|[from] brn
|upkeep
|
|t:|1776088819
|switch|p1a: Dondozo|Dondozo, M|100/100
|turn|23
|
|t:|1776088825
|move|p1a: Dondozo|Curse|p1a: Dondozo
|-unboost|p1a: Dondozo|spe|1
|-boost|p1a: Dondozo|atk|1
|-boost|p1a: Dondozo|def|1
|move|p2a: Blissey|Seismic Toss|p1a: Dondozo
|-damage|p1a: Dondozo|81/100
|
|-heal|p2a: Blissey|100/100 brn|[from] item: Leftovers
|-heal|p1a: Dondozo|87/100|[from] item: Leftovers
|-damage|p2a: Blissey|94/100 brn|[from] brn
|upkeep
|turn|24
|
|t:|1776088836
|move|p2a: Blissey|Seismic Toss|p1a: Dondozo
|-damage|p1a: Dondozo|67/100
|move|p1a: Dondozo|Curse|p1a: Dondozo
|-unboost|p1a: Dondozo|spe|1
|-boost|p1a: Dondozo|atk|1
|-boost|p1a: Dondozo|def|1
|
|-heal|p2a: Blissey|100/100 brn|[from] item: Leftovers
|-heal|p1a: Dondozo|73/100|[from] item: Leftovers
|-damage|p2a: Blissey|94/100 brn|[from] brn
|upkeep
|turn|25
|
|t:|1776088848
|-terastallize|p1a: Dondozo|Dragon
|move|p2a: Blissey|Seismic Toss|p1a: Dondozo
|-damage|p1a: Dondozo|53/100
|move|p1a: Dondozo|Tera Blast|p2a: Blissey|[anim] Tera Blast Dragon
|-damage|p2a: Blissey|24/100 brn
|
|-heal|p2a: Blissey|30/100 brn|[from] item: Leftovers
|-heal|p1a: Dondozo|59/100|[from] item: Leftovers
|-damage|p2a: Blissey|24/100 brn|[from] brn
|upkeep
|turn|26
|
|t:|1776088860
|move|p2a: Blissey|Soft-Boiled|p2a: Blissey
|-heal|p2a: Blissey|74/100 brn
|move|p1a: Dondozo|Curse|p1a: Dondozo
|-unboost|p1a: Dondozo|spe|1
|-boost|p1a: Dondozo|atk|1
|-boost|p1a: Dondozo|def|1
|
|-heal|p2a: Blissey|80/100 brn|[from] item: Leftovers
|-heal|p1a: Dondozo|66/100|[from] item: Leftovers
|-damage|p2a: Blissey|74/100 brn|[from] brn
|upkeep
|turn|27
|
|t:|1776088871
|move|p2a: Blissey|Seismic Toss|p1a: Dondozo
|-damage|p1a: Dondozo|46/100
|move|p1a: Dondozo|Tera Blast|p2a: Blissey|[anim] Tera Blast Dragon
|-damage|p2a: Blissey|0 fnt
|faint|p2a: Blissey
|
|-heal|p1a: Dondozo|52/100|[from] item: Leftovers
|upkeep
|
|t:|1776088880
|switch|p2a: Cresselia|Cresselia, F|100/100
|turn|28
|
|t:|1776088885
|move|p2a: Cresselia|Dazzling Gleam|p1a: Dondozo
|-supereffective|p1a: Dondozo
|-damage|p1a: Dondozo|10/100
|move|p1a: Dondozo|Tera Blast|p2a: Cresselia|[anim] Tera Blast Dragon
|-damage|p2a: Cresselia|33/100
|
|-heal|p2a: Cresselia|39/100|[from] item: Leftovers
|-heal|p1a: Dondozo|16/100|[from] item: Leftovers
|upkeep
|turn|29
|
|t:|1776088894
|move|p2a: Cresselia|Dazzling Gleam|p1a: Dondozo
|-supereffective|p1a: Dondozo
|-crit|p1a: Dondozo
|-damage|p1a: Dondozo|0 fnt
|faint|p1a: Dondozo
|
|-heal|p2a: Cresselia|46/100|[from] item: Leftovers
|upkeep
|
|t:|1776088901
|switch|p1a: Kingambit|Kingambit, F|76/100
|-activate|p1a: Kingambit|ability: Supreme Overlord
|-start|p1a: Kingambit|fallen4|[silent]
|turn|30
|
|t:|1776088912
|move|p1a: Kingambit|Sucker Punch|p2a: Cresselia
|-supereffective|p2a: Cresselia
|-damage|p2a: Cresselia|0 fnt
|faint|p2a: Cresselia
|-damage|p1a: Kingambit|66/100|[from] item: Life Orb
|
|upkeep
|
|t:|1776088921
|switch|p2a: Skeledirge|Skeledirge, M|100/100
|turn|31
|
|t:|1776088924
|switch|p2a: Toxapex|Toxapex, F|47/100
|move|p1a: Kingambit|Sucker Punch||[still]
|-fail|p1a: Kingambit
|
|upkeep
|turn|32
|
|t:|1776088931
|move|p1a: Kingambit|Iron Head|p2a: Toxapex
|-resisted|p2a: Toxapex
|-damage|p2a: Toxapex|18/100
|-damage|p1a: Kingambit|49/100|[from] item: Rocky Helmet|[of] p2a: Toxapex
|-damage|p1a: Kingambit|39/100|[from] item: Life Orb
|cant|p2a: Toxapex|flinch
|
|upkeep
|turn|33
|
|t:|1776088939
|switch|p2a: Gliscor|Gliscor, F|100/100
|move|p1a: Kingambit|Iron Head|p2a: Gliscor
|-damage|p2a: Gliscor|17/100
|-damage|p1a: Kingambit|29/100|[from] item: Life Orb
|
|-status|p2a: Gliscor|tox|[from] item: Toxic Orb
|upkeep
|turn|34
|
|t:|1776088957
|switch|p2a: Skeledirge|Skeledirge, M|100/100
|move|p1a: Kingambit|Sucker Punch||[still]
|-fail|p1a: Kingambit
|
|upkeep
|turn|35
|
|t:|1776088963
|switch|p2a: Gliscor|Gliscor, F|17/100 tox
|move|p1a: Kingambit|Sucker Punch||[still]
|-fail|p1a: Kingambit
|
|-heal|p2a: Gliscor|29/100 tox|[from] ability: Poison Heal
|upkeep
|turn|36
|
|t:|1776088971
|switch|p2a: Skeledirge|Skeledirge, M|100/100
|move|p1a: Kingambit|Iron Head|p2a: Skeledirge
|-resisted|p2a: Skeledirge
|-damage|p2a: Skeledirge|66/100
|-damage|p1a: Kingambit|20/100|[from] item: Life Orb
|
|-heal|p2a: Skeledirge|72/100|[from] item: Leftovers
|upkeep
|turn|37
|
|t:|1776088981
|switch|p2a: Gliscor|Gliscor, F|29/100 tox
|move|p1a: Kingambit|Iron Head|p2a: Gliscor
|-damage|p2a: Gliscor|0 fnt
|faint|p2a: Gliscor
|-damage|p1a: Kingambit|10/100|[from] item: Life Orb
|
|upkeep
|
|t:|1776088988
|switch|p2a: Skeledirge|Skeledirge, M|72/100
|turn|38
|
|t:|1776088994
|switch|p2a: Toxapex|Toxapex, F|18/100
|move|p1a: Kingambit|Sucker Punch||[still]
|-fail|p1a: Kingambit
|
|upkeep
|turn|39
|
|t:|1776089000
|move|p2a: Toxapex|Baneful Bunker|p2a: Toxapex
|-singleturn|p2a: Toxapex|move: Protect
|move|p1a: Kingambit|Iron Head|p2a: Toxapex
|-activate|p2a: Toxapex|move: Protect
|
|upkeep
|turn|40
|
|t:|1776089008
|switch|p2a: Skeledirge|Skeledirge, M|72/100
|move|p1a: Kingambit|Iron Head|p2a: Skeledirge
|-resisted|p2a: Skeledirge
|-damage|p2a: Skeledirge|36/100
|-damage|p1a: Kingambit|0 fnt|[from] item: Life Orb
|faint|p1a: Kingambit
|-end|p1a: Kingambit|fallen4|[silent]
|
|-heal|p2a: Skeledirge|42/100|[from] item: Leftovers
|upkeep
|
|t:|1776089018
|switch|p1a: Gliscor|Gliscor, M|100/100
|turn|41
|
|t:|1776089023
|-terastallize|p2a: Skeledirge|Fire
|move|p1a: Gliscor|Protect|p1a: Gliscor
|-singleturn|p1a: Gliscor|Protect
|move|p2a: Skeledirge|Torch Song|p1a: Gliscor
|-activate|p1a: Gliscor|move: Protect
|
|-heal|p2a: Skeledirge|48/100|[from] item: Leftovers
|-status|p1a: Gliscor|tox|[from] item: Toxic Orb
|upkeep
|turn|42
|
|t:|1776089034
|move|p1a: Gliscor|Earthquake|p2a: Skeledirge
|-supereffective|p2a: Skeledirge
|-damage|p2a: Skeledirge|0 fnt
|faint|p2a: Skeledirge
|
|upkeep
|
|t:|1776089039
|switch|p2a: Toxapex|Toxapex, F|18/100
|turn|43
|c|☆InklingChicoUssbbw|You stall team Borin me
|
|t:|1776089049
|move|p1a: Gliscor|Earthquake|p2a: Toxapex
|-supereffective|p2a: Toxapex
|-damage|p2a: Toxapex|0 fnt
|faint|p2a: Toxapex
|
|win|InklingChicoUssbbw
|raw|InklingChicoUssbbw's rating: 1057 &rarr; <strong>1093</strong><br />(+36 for winning)
|raw|mightzzz's rating: 1112 &rarr; <strong>1083</strong><br />(-29 for losing)
|c|☆mightzzz|is this ragebait
|c|☆InklingChicoUssbbw|GG men..., Ggg
|c|☆mightzzz|gg
|l|☆mightzzz
|player|p2|
