|html|<div class="broadcast-blue"><strong>[Gen 9] OU is currently suspecting Tera Blast! For information on how to participate check out the <a href="https://www.smogon.com/tools/suspects/view/200">suspect thread</a>.</strong></div>
|j|☆Samarand
|j|☆Docter_Peng99
|t:|1776091312
|gametype|singles
|player|p1|Samarand|birdkeeper-gen4dp|1437
|player|p2|Docter_Peng99|corbeau|1455
|gen|9
|tier|[Gen 9] OU
|rated|
|rule|HP Percentage Mod: HP is shown in percentages
|rule|Endless Battle Clause: Forcing endless battles is banned
|rule|Species Clause: Limit one of each Pokémon
|rule|OHKO Clause: OHKO moves are banned
|rule|Evasion Items Clause: Evasion items are banned
|rule|Evasion Moves Clause: Evasion moves are banned
|rule|Evasion Abilities Clause: Evasion abilities are banned
|rule|Sleep Moves Clause: Sleep-inducing moves are banned
|clearpoke
|poke|p1|Infernape, M|
|poke|p1|Delphox, F|
|poke|p1|Walking Wake|
|poke|p1|Leafeon, M|
|poke|p1|Ninetales, F|
|poke|p1|Great Tusk|
|poke|p2|Samurott-Hisui, M|
|poke|p2|Great Tusk|
|poke|p2|Gholdengo|
|poke|p2|Zapdos|
|poke|p2|Iron Valiant|
|poke|p2|Kingambit, M|
|teampreview
|
|t:|1776091329
|teamsize|p1|6
|teamsize|p2|6
|start
|switch|p1a: Biscuit|Walking Wake|100/100
|switch|p2a: Mihawk|Samurott-Hisui, M, shiny|100/100
|turn|1
|
|t:|1776091334
|move|p1a: Biscuit|Flip Turn|p2a: Mihawk
|-resisted|p2a: Mihawk
|-damage|p2a: Mihawk|92/100
|
|t:|1776091342
|-end|p1a: Biscuit|Protosynthesis|[silent]
|switch|p1a: Dave|Infernape, M|100/100|[from] Flip Turn
|move|p2a: Mihawk|Ceaseless Edge|p1a: Dave
|-resisted|p1a: Dave
|-damage|p1a: Dave|67/100
|-sidestart|p1: Samarand|Spikes
|
|upkeep
|turn|2
|
|t:|1776091350
|switch|p2a: ICastParalysis|Zapdos|100/100
|move|p1a: Dave|Close Combat|p2a: ICastParalysis
|-resisted|p2a: ICastParalysis
|-damage|p2a: ICastParalysis|82/100
|-unboost|p1a: Dave|def|1
|-unboost|p1a: Dave|spd|1
|-status|p1a: Dave|par|[from] ability: Static|[of] p2a: ICastParalysis
|
|upkeep
|turn|3
|
|t:|1776091353
|move|p2a: ICastParalysis|Volt Switch|p1a: Dave
|-damage|p1a: Dave|3/100 par
|
|t:|1776091355
|switch|p2a: Iron Knight|Iron Valiant|100/100|[from] Volt Switch
|-enditem|p2a: Iron Knight|Booster Energy
|-activate|p2a: Iron Knight|ability: Quark Drive|[fromitem]
|-start|p2a: Iron Knight|quarkdrivespe
|move|p1a: Dave|Stealth Rock|p2a: Iron Knight
|-sidestart|p2: Docter_Peng99|move: Stealth Rock
|
|upkeep
|turn|4
|
|t:|1776091363
|move|p2a: Iron Knight|Moonblast|p1a: Dave
|-damage|p1a: Dave|0 fnt
|faint|p1a: Dave
|
|upkeep
|
|t:|1776091366
|switch|p1a: Hecate|Delphox, F|100/100
|turn|5
|
|t:|1776091369
|move|p2a: Iron Knight|Knock Off|p1a: Hecate
|-supereffective|p1a: Hecate
|-damage|p1a: Hecate|13/100
|-enditem|p1a: Hecate|Heavy-Duty Boots|[from] move: Knock Off|[of] p2a: Iron Knight
|move|p1a: Hecate|Psychic|p2a: Iron Knight
|-supereffective|p2a: Iron Knight
|-damage|p2a: Iron Knight|0 fnt
|faint|p2a: Iron Knight
|-end|p2a: Iron Knight|Quark Drive|[silent]
|
|upkeep
|
|t:|1776091371
|switch|p2a: Ancient Elephant|Great Tusk|100/100
|turn|6
|
|t:|1776091376
|move|p1a: Hecate|Psychic|p2a: Ancient Elephant
|-supereffective|p2a: Ancient Elephant
|-damage|p2a: Ancient Elephant|0 fnt
|faint|p2a: Ancient Elephant
|-end|p2a: Ancient Elephant|Protosynthesis|[silent]
|
|upkeep
|
|t:|1776091379
|switch|p2a: Mihawk|Samurott-Hisui, M, shiny|92/100
|-damage|p2a: Mihawk|80/100|[from] Stealth Rock
|turn|7
|
|t:|1776091383
|switch|p1a: Eleya|Ninetales, F|100/100
|-damage|p1a: Eleya|88/100|[from] Spikes
|-weather|SunnyDay|[from] ability: Drought|[of] p1a: Eleya
|move|p2a: Mihawk|Sucker Punch||[still]
|-fail|p2a: Mihawk
|
|-weather|SunnyDay|[upkeep]
|upkeep
|turn|8
|
|t:|1776091388
|move|p1a: Eleya|Encore|p2a: Mihawk
|-start|p2a: Mihawk|Encore
|move|p2a: Mihawk|Sucker Punch||[still]
|-fail|p2a: Mihawk
|
|-weather|SunnyDay|[upkeep]
|upkeep
|turn|9
|
|t:|1776091391
|switch|p2a: ICastParalysis|Zapdos|82/100
|move|p1a: Eleya|Will-O-Wisp|p2a: ICastParalysis
|-status|p2a: ICastParalysis|brn
|
|-weather|SunnyDay|[upkeep]
|-damage|p2a: ICastParalysis|76/100 brn|[from] brn
|upkeep
|turn|10
|
|t:|1776091394
|move|p1a: Eleya|Flamethrower|p2a: ICastParalysis
|-damage|p2a: ICastParalysis|37/100 brn
|move|p2a: ICastParalysis|Volt Switch|p1a: Eleya
|-damage|p1a: Eleya|61/100
|
|t:|1776091396
|switch|p2a: Mihawk|Samurott-Hisui, M, shiny|80/100|[from] Volt Switch
|-damage|p2a: Mihawk|68/100|[from] Stealth Rock
|
|-weather|SunnyDay|[upkeep]
|upkeep
|turn|11
|
|t:|1776091401
|move|p1a: Eleya|Will-O-Wisp|p2a: Mihawk
|-status|p2a: Mihawk|brn
|move|p2a: Mihawk|Ceaseless Edge|p1a: Eleya
|-damage|p1a: Eleya|36/100
|-sidestart|p1: Samarand|Spikes
|
|-weather|SunnyDay|[upkeep]
|-damage|p2a: Mihawk|62/100 brn|[from] brn
|upkeep
|turn|12
|
|t:|1776091404
|switch|p1a: Turbo Genius|Great Tusk|100/100
|-damage|p1a: Turbo Genius|84/100|[from] Spikes
|-activate|p1a: Turbo Genius|ability: Protosynthesis
|-start|p1a: Turbo Genius|protosynthesisatk
|move|p2a: Mihawk|Ceaseless Edge|p1a: Turbo Genius
|-resisted|p1a: Turbo Genius
|-damage|p1a: Turbo Genius|78/100
|-sidestart|p1: Samarand|Spikes
|
|-weather|SunnyDay|[upkeep]
|-damage|p2a: Mihawk|56/100 brn|[from] brn
|upkeep
|turn|13
|
|t:|1776091406
|switch|p2a: Mr. Moneybags|Gholdengo|100/100
|-damage|p2a: Mr. Moneybags|94/100|[from] Stealth Rock
|move|p1a: Turbo Genius|Rapid Spin|p2a: Mr. Moneybags
|-immune|p2a: Mr. Moneybags
|
|-weather|SunnyDay|[upkeep]
|upkeep
|turn|14
|
|t:|1776091410
|move|p2a: Mr. Moneybags|Make It Rain|p1a: Turbo Genius
|-crit|p1a: Turbo Genius
|-damage|p1a: Turbo Genius|0 fnt
|-unboost|p2a: Mr. Moneybags|spa|1
|faint|p1a: Turbo Genius
|-end|p1a: Turbo Genius|Protosynthesis|[silent]
|
|-weather|none
|upkeep
|
|t:|1776091414
|switch|p1a: Hecate|Delphox, F|13/100
|-damage|p1a: Hecate|0 fnt|[from] Spikes
|faint|p1a: Hecate
|
|t:|1776091418
|switch|p1a: Eleya|Ninetales, F|36/100
|-damage|p1a: Eleya|11/100|[from] Spikes
|-weather|SunnyDay|[from] ability: Drought|[of] p1a: Eleya
|turn|15
|
|t:|1776091423
|switch|p2a: Mihawk|Samurott-Hisui, M, shiny|56/100 brn
|-damage|p2a: Mihawk|44/100 brn|[from] Stealth Rock
|move|p1a: Eleya|Healing Wish|p1a: Eleya
|faint|p1a: Eleya
|
|-weather|SunnyDay|[upkeep]
|-damage|p2a: Mihawk|38/100 brn|[from] brn
|upkeep
|
|t:|1776091426
|switch|p1a: Hans|Leafeon, M|100/100
|-damage|p1a: Hans|76/100|[from] Spikes
|turn|16
|
|t:|1776091435
|-terastallize|p1a: Hans|Fire
|move|p1a: Hans|Tera Blast|p2a: Mihawk|[anim] Tera Blast Fire
|-resisted|p2a: Mihawk
|-damage|p2a: Mihawk|0 fnt
|faint|p2a: Mihawk
|-damage|p1a: Hans|66/100|[from] item: Life Orb
|
|-weather|SunnyDay|[upkeep]
|upkeep
|
|t:|1776091439
|switch|p2a: ICastParalysis|Zapdos|37/100 brn
|turn|17
|
|t:|1776091441
|move|p1a: Hans|Tera Blast|p2a: ICastParalysis|[anim] Tera Blast Fire
|-damage|p2a: ICastParalysis|0 fnt
|faint|p2a: ICastParalysis
|-damage|p1a: Hans|56/100|[from] item: Life Orb
|
|-weather|SunnyDay|[upkeep]
|upkeep
|
|t:|1776091443
|switch|p2a: Mr. Moneybags|Gholdengo|94/100
|-damage|p2a: Mr. Moneybags|88/100|[from] Stealth Rock
|turn|18
|
|t:|1776091445
|move|p1a: Hans|Tera Blast|p2a: Mr. Moneybags|[anim] Tera Blast Fire
|-supereffective|p2a: Mr. Moneybags
|-crit|p2a: Mr. Moneybags
|-damage|p2a: Mr. Moneybags|0 fnt
|faint|p2a: Mr. Moneybags
|-damage|p1a: Hans|46/100|[from] item: Life Orb
|
|-weather|SunnyDay|[upkeep]
|upkeep
|
|t:|1776091447
|switch|p2a: Checkmate|Kingambit, M, shiny|100/100
|-damage|p2a: Checkmate|94/100|[from] Stealth Rock
|-activate|p2a: Checkmate|ability: Supreme Overlord
|-start|p2a: Checkmate|fallen5|[silent]
|turn|19
|
|t:|1776091453
|-terastallize|p2a: Checkmate|Ghost
|move|p1a: Hans|Swords Dance|p1a: Hans
|-boost|p1a: Hans|atk|2
|move|p2a: Checkmate|Swords Dance|p2a: Checkmate
|-boost|p2a: Checkmate|atk|2
|
|-weather|SunnyDay|[upkeep]
|-heal|p2a: Checkmate|100/100|[from] item: Leftovers
|upkeep
|turn|20
|
|t:|1776091459
|move|p2a: Checkmate|Sucker Punch||[still]
|-fail|p2a: Checkmate
|move|p1a: Hans|Swords Dance|p1a: Hans
|-boost|p1a: Hans|atk|2
|
|-weather|SunnyDay|[upkeep]
|upkeep
|turn|21
|
|t:|1776091461
|move|p2a: Checkmate|Sucker Punch||[still]
|-fail|p2a: Checkmate
|move|p1a: Hans|Swords Dance|p1a: Hans
|-boost|p1a: Hans|atk|2
|
|-weather|SunnyDay|[upkeep]
|upkeep
|turn|22
|
|t:|1776091464
|move|p2a: Checkmate|Sucker Punch|p1a: Hans
|-damage|p1a: Hans|0 fnt
|faint|p1a: Hans
|
|-weather|none
|upkeep
|
|t:|1776091466
|switch|p1a: Biscuit|Walking Wake|100/100
|-damage|p1a: Biscuit|76/100|[from] Spikes
|turn|23
|
|t:|1776091468
|move|p2a: Checkmate|Sucker Punch|p1a: Biscuit
|-damage|p1a: Biscuit|0 fnt
|faint|p1a: Biscuit
|-end|p1a: Biscuit|Protosynthesis|[silent]
|
|win|Docter_Peng99
|raw|Samarand's rating: 1437 &rarr; <strong>1418</strong><br />(-19 for losing)
|raw|Docter_Peng99's rating: 1455 &rarr; <strong>1474</strong><br />(+19 for winning)
|l|☆Samarand
|player|p1|
|c|☆Docter_Peng99|gg
|l|☆Docter_Peng99
|player|p2|
