|html|<div class="broadcast-blue"><strong>[Gen 9] OU is currently suspecting Tera Blast! For information on how to participate check out the <a href="https://www.smogon.com/tools/suspects/view/200">suspect thread</a>.</strong></div>
|j|☆kaahasahat
|j|☆dkslfsd
|t:|1776036234
|gametype|singles
|player|p1|kaahasahat|170|1690
|player|p2|dkslfsd|swimmerf-gen4dp|1665
|gen|9
|tier|[Gen 9] OU
|rated|
|rule|HP Percentage Mod: HP is shown in percentages
|rule|Endless Battle Clause: Forcing endless battles is banned
|rule|Species Clause: Limit one of each Pokémon
|rule|OHKO Clause: OHKO moves are banned
|rule|Evasion Items Clause: Evasion items are banned
|rule|Evasion Moves Clause: Evasion moves are banned
|rule|Evasion Abilities Clause: Evasion abilities are banned
|rule|Sleep Moves Clause: Sleep-inducing moves are banned
|clearpoke
|poke|p1|Dragapult, F|
|poke|p1|Iron Moth|
|poke|p1|Serperior, F|
|poke|p1|Iron Treads|
|poke|p1|Dragonite, F|
|poke|p1|Greninja-*, M|
|poke|p2|Kingambit, M|
|poke|p2|Ursaluna, M|
|poke|p2|Dragapult, M|
|poke|p2|Manaphy|
|poke|p2|Glimmora, M|
|poke|p2|Zamazenta-*|
|teampreview
|inactive|Battle timer is ON: inactive players will automatically lose when time's up. (requested by dkslfsd)
|j| ohko_smeargle
|
|t:|1776036253
|teamsize|p1|6
|teamsize|p2|6
|start
|switch|p1a: Iron Treads|Iron Treads|100/100
|switch|p2a: Glimmora|Glimmora, M|100/100
|-enditem|p1a: Iron Treads|Booster Energy
|-activate|p1a: Iron Treads|ability: Quark Drive|[fromitem]
|-start|p1a: Iron Treads|quarkdrivespe
|turn|1
|
|t:|1776036261
|move|p1a: Iron Treads|Earthquake|p2a: Glimmora
|-supereffective|p2a: Glimmora
|-enditem|p2a: Glimmora|Focus Sash
|-damage|p2a: Glimmora|1/100
|-activate|p2a: Glimmora|ability: Toxic Debris
|-sidestart|p1: kaahasahat|move: Toxic Spikes
|move|p2a: Glimmora|Earth Power|p1a: Iron Treads
|-supereffective|p1a: Iron Treads
|-damage|p1a: Iron Treads|5/100
|
|upkeep
|turn|2
|
|t:|1776036264
|switch|p2a: Dragapult|Dragapult, M|100/100
|move|p1a: Iron Treads|Stealth Rock|p2a: Dragapult
|-sidestart|p2: dkslfsd|move: Stealth Rock
|
|upkeep
|turn|3
|
|t:|1776036268
|move|p1a: Iron Treads|Ice Spinner|p2a: Dragapult
|-supereffective|p2a: Dragapult
|-damage|p2a: Dragapult|32/100
|move|p2a: Dragapult|Shadow Ball|p1a: Iron Treads
|-damage|p1a: Iron Treads|0 fnt
|faint|p1a: Iron Treads
|-end|p1a: Iron Treads|Quark Drive|[silent]
|-damage|p2a: Dragapult|23/100|[from] item: Life Orb
|
|upkeep
|
|t:|1776036288
|switch|p1a: Iron Moth|Iron Moth|100/100
|-sideend|p1: kaahasahat|move: Toxic Spikes|[of] p1a: Iron Moth
|-enditem|p1a: Iron Moth|Booster Energy
|-activate|p1a: Iron Moth|ability: Quark Drive|[fromitem]
|-start|p1a: Iron Moth|quarkdrivespe
|turn|4
|
|t:|1776036293
|switch|p2a: Glimmora|Glimmora, M|1/100
|-damage|p2a: Glimmora|0 fnt|[from] Stealth Rock
|faint|p2a: Glimmora
|move|p1a: Iron Moth|Fiery Dance|p2: Glimmora|[notarget]
|-fail|p1a: Iron Moth
|
|upkeep
|
|t:|1776036295
|switch|p2a: Zamazenta|Zamazenta|100/100
|-damage|p2a: Zamazenta|94/100|[from] Stealth Rock
|-ability|p2a: Zamazenta|Dauntless Shield|boost
|-boost|p2a: Zamazenta|def|1
|turn|5
|
|t:|1776036297
|move|p1a: Iron Moth|Fiery Dance|p2a: Zamazenta
|-damage|p2a: Zamazenta|56/100
|-boost|p1a: Iron Moth|spa|1
|move|p2a: Zamazenta|Light Screen|p2a: Zamazenta
|-sidestart|p2: dkslfsd|move: Light Screen
|
|upkeep
|turn|6
|
|t:|1776036305
|move|p1a: Iron Moth|Substitute|p1a: Iron Moth
|-start|p1a: Iron Moth|Substitute
|-damage|p1a: Iron Moth|76/100
|move|p2a: Zamazenta|Reflect|p2a: Zamazenta
|-sidestart|p2: dkslfsd|Reflect
|
|upkeep
|turn|7
|
|t:|1776036309
|move|p1a: Iron Moth|Fiery Dance|p2a: Zamazenta
|-damage|p2a: Zamazenta|30/100
|move|p2a: Zamazenta|Close Combat|p1a: Iron Moth
|-resisted|p1a: Iron Moth
|-end|p1a: Iron Moth|Substitute
|-unboost|p2a: Zamazenta|def|1
|-unboost|p2a: Zamazenta|spd|1
|
|upkeep
|turn|8
|
|t:|1776036314
|move|p1a: Iron Moth|Fiery Dance|p2a: Zamazenta
|-damage|p2a: Zamazenta|0 fnt
|faint|p2a: Zamazenta
|
|upkeep
|
|t:|1776036323
|switch|p2a: Ursaluna|Ursaluna, M|100/100
|-damage|p2a: Ursaluna|94/100|[from] Stealth Rock
|turn|9
|inactive|kaahasahat has 120 seconds left.
|
|t:|1776036362
|-terastallize|p1a: Iron Moth|Grass
|move|p1a: Iron Moth|Energy Ball|p2a: Ursaluna
|-supereffective|p2a: Ursaluna
|-damage|p2a: Ursaluna|19/100
|move|p2a: Ursaluna|Headlong Rush|p1a: Iron Moth
|-resisted|p1a: Iron Moth
|-damage|p1a: Iron Moth|27/100
|-unboost|p2a: Ursaluna|def|1
|-unboost|p2a: Ursaluna|spd|1
|
|-status|p2a: Ursaluna|brn|[from] item: Flame Orb
|upkeep
|turn|10
|c|☆dkslfsd|holy shit
|
|t:|1776036383
|move|p1a: Iron Moth|Fiery Dance|p2a: Ursaluna
|-damage|p2a: Ursaluna|0 fnt
|faint|p2a: Ursaluna
|
|upkeep
|
|t:|1776036385
|switch|p2a: Kingambit|Kingambit, M|100/100
|-damage|p2a: Kingambit|94/100|[from] Stealth Rock
|-activate|p2a: Kingambit|ability: Supreme Overlord
|-start|p2a: Kingambit|fallen3|[silent]
|turn|11
|
|t:|1776036394
|move|p1a: Iron Moth|Substitute|p1a: Iron Moth
|-start|p1a: Iron Moth|Substitute
|-damage|p1a: Iron Moth|2/100
|move|p2a: Kingambit|Kowtow Cleave|p1a: Iron Moth
|-end|p1a: Iron Moth|Substitute
|
|upkeep
|turn|12
|
|t:|1776036396
|move|p2a: Kingambit|Sucker Punch||[still]
|-fail|p2a: Kingambit
|move|p1a: Iron Moth|Substitute|p1a: Iron Moth
|-fail|p1a: Iron Moth|move: Substitute|[weak]
|
|-sideend|p2: dkslfsd|move: Light Screen
|upkeep
|turn|13
|
|t:|1776036398
|move|p2a: Kingambit|Sucker Punch||[still]
|-fail|p2a: Kingambit
|move|p1a: Iron Moth|Substitute|p1a: Iron Moth
|-fail|p1a: Iron Moth|move: Substitute|[weak]
|
|-sideend|p2: dkslfsd|Reflect
|upkeep
|turn|14
|
|t:|1776036399
|move|p1a: Iron Moth|Substitute|p1a: Iron Moth
|-fail|p1a: Iron Moth|move: Substitute|[weak]
|move|p2a: Kingambit|Kowtow Cleave|p1a: Iron Moth
|-damage|p1a: Iron Moth|0 fnt
|faint|p1a: Iron Moth
|-end|p1a: Iron Moth|Quark Drive|[silent]
|
|upkeep
|
|t:|1776036403
|switch|p1a: Dragapult|Dragapult, F|100/100
|turn|15
|
|t:|1776036405
|move|p1a: Dragapult|Will-O-Wisp|p2a: Kingambit
|-status|p2a: Kingambit|brn
|move|p2a: Kingambit|Kowtow Cleave|p1a: Dragapult
|-supereffective|p1a: Dragapult
|-enditem|p1a: Dragapult|Focus Sash
|-damage|p1a: Dragapult|1/100
|
|-damage|p2a: Kingambit|88/100 brn|[from] brn
|upkeep
|turn|16
|
|t:|1776036409
|move|p1a: Dragapult|Hex|p2a: Kingambit
|-resisted|p2a: Kingambit
|-damage|p2a: Kingambit|57/100 brn
|move|p2a: Kingambit|Swords Dance|p2a: Kingambit
|-boost|p2a: Kingambit|atk|2
|
|-damage|p2a: Kingambit|51/100 brn|[from] brn
|upkeep
|turn|17
|
|t:|1776036414
|move|p1a: Dragapult|Will-O-Wisp|p2a: Kingambit
|-fail|p2a: Kingambit|brn
|move|p2a: Kingambit|Kowtow Cleave|p1a: Dragapult
|-supereffective|p1a: Dragapult
|-damage|p1a: Dragapult|0 fnt
|faint|p1a: Dragapult
|
|-damage|p2a: Kingambit|45/100 brn|[from] brn
|upkeep
|
|t:|1776036430
|switch|p1a: Dragonite|Dragonite, F|100/100
|turn|18
|
|t:|1776036433
|move|p1a: Dragonite|Fire Punch|p2a: Kingambit
|-supereffective|p2a: Kingambit
|-crit|p2a: Kingambit
|-damage|p2a: Kingambit|0 fnt
|faint|p2a: Kingambit
|-end|p2a: Kingambit|fallen3|[silent]
|
|upkeep
|
|t:|1776036437
|switch|p2a: Dragapult|Dragapult, M|23/100
|-damage|p2a: Dragapult|10/100|[from] Stealth Rock
|turn|19
|
|t:|1776036448
|move|p2a: Dragapult|Dragon Darts|p1a: Dragonite
|-supereffective|p1a: Dragonite
|-damage|p1a: Dragonite|69/100
|-anim|p2a: Dragapult|Dragon Darts|p1a: Dragonite
|-supereffective|p1a: Dragonite
|-damage|p1a: Dragonite|10/100
|-damage|p2a: Dragapult|0 fnt|[from] item: Life Orb
|faint|p2a: Dragapult
|move|p1a: Dragonite|Scale Shot|p2: Dragapult|[notarget]
|-fail|p1a: Dragonite
|
|upkeep
|
|t:|1776036452
|switch|p2a: Manaphy|Manaphy|100/100
|-damage|p2a: Manaphy|88/100|[from] Stealth Rock
|turn|20
|
|t:|1776036466
|-terastallize|p2a: Manaphy|Fairy
|move|p2a: Manaphy|Tail Glow|p2a: Manaphy
|-boost|p2a: Manaphy|spa|3
|move|p1a: Dragonite|Encore|p2a: Manaphy
|-start|p2a: Manaphy|Encore
|
|-heal|p2a: Manaphy|94/100|[from] item: Leftovers
|upkeep
|turn|21
|c|☆dkslfsd|...
|c|☆kaahasahat|what
|c|☆dkslfsd|yeah dnite is busted too
|c|☆dkslfsd|gg
|c|☆kaahasahat|we just played right
|c|☆dkslfsd|yeah i know
|inactive|dkslfsd has 120 seconds left.
|
|t:|1776036501
|move|p2a: Manaphy|Tail Glow|p2a: Manaphy
|-boost|p2a: Manaphy|spa|3
|move|p1a: Dragonite|Dragon Dance|p1a: Dragonite
|-boost|p1a: Dragonite|atk|1
|-boost|p1a: Dragonite|spe|1
|
|-heal|p2a: Manaphy|100/100|[from] item: Leftovers
|upkeep
|turn|22
|c|☆kaahasahat|o yeah i clicked dragon move on ur fairy last time
|inactive|dkslfsd has 120 seconds left.
|c|☆dkslfsd|i assumed you would scale shot or something
|c|☆dkslfsd|i had to try to go for tail glow or else i won't have enough power to ohko serp
|c|☆dkslfsd|gg
|inactive|dkslfsd has 90 seconds left.
|c|☆kaahasahat|tail glow only way u win so i encored
|c|☆dkslfsd|yeah ig we both played "optimal" from our pov
|c|☆dkslfsd|with us not knowing the opp set
|inactive|dkslfsd has 60 seconds left.
|c|☆dkslfsd|gg wp
|-message|dkslfsd forfeited.
|
|win|kaahasahat
|raw|kaahasahat's rating: 1690 &rarr; <strong>1709</strong><br />(+19 for winning)
|raw|dkslfsd's rating: 1665 &rarr; <strong>1646</strong><br />(-19 for losing)
|l| ohko_smeargle
|l|☆kaahasahat
|player|p1|
|l|☆dkslfsd
|player|p2|
