|html|<div class="broadcast-blue"><strong>[Gen 9] OU is currently suspecting Tera Blast! For information on how to participate check out the <a href="https://www.smogon.com/tools/suspects/view/200">suspect thread</a>.</strong></div>
|j|☆redcted
|j|‽crimdawgx2
|t:|1776075749
|gametype|singles
|player|p1|redcted|265|1366
|player|p2|crimdawgx2|170|1356
|gen|9
|tier|[Gen 9] OU
|rated|
|rule|HP Percentage Mod: HP is shown in percentages
|rule|Endless Battle Clause: Forcing endless battles is banned
|rule|Species Clause: Limit one of each Pokémon
|rule|OHKO Clause: OHKO moves are banned
|rule|Evasion Items Clause: Evasion items are banned
|rule|Evasion Moves Clause: Evasion moves are banned
|rule|Evasion Abilities Clause: Evasion abilities are banned
|rule|Sleep Moves Clause: Sleep-inducing moves are banned
|clearpoke
|poke|p1|Garchomp, F|
|poke|p1|Glimmora, F|
|poke|p1|Gholdengo|
|poke|p1|Meowscarada, F|
|poke|p1|Iron Valiant|
|poke|p1|Raging Bolt|
|poke|p2|Raging Bolt|
|poke|p2|Ribombee, M|
|poke|p2|Gholdengo|
|poke|p2|Great Tusk|
|poke|p2|Ogerpon-Cornerstone, F|
|poke|p2|Ceruledge, F|
|teampreview
|
|t:|1776075765
|teamsize|p1|6
|teamsize|p2|6
|start
|switch|p1a: Meowscarada|Meowscarada, F|100/100
|switch|p2a: Ribombee|Ribombee, M, shiny|100/100
|turn|1
|inactive|Battle timer is ON: inactive players will automatically lose when time's up. (requested by crimdawgx2)
|inactive|crimdawgx2 has 120 seconds left.
|
|t:|1776075806
|-terastallize|p2a: Ribombee|Steel
|move|p2a: Ribombee|Sticky Web|p1a: Meowscarada
|-sidestart|p1: redcted|move: Sticky Web
|move|p1a: Meowscarada|Triple Axel|p2a: Ribombee
|-start|p1a: Meowscarada|typechange|Ice|[from] ability: Protean
|-resisted|p2a: Ribombee
|-damage|p2a: Ribombee|91/100
|-resisted|p2a: Ribombee
|-damage|p2a: Ribombee|73/100
|-resisted|p2a: Ribombee
|-damage|p2a: Ribombee|44/100
|-hitcount|p2a: Ribombee|3
|
|upkeep
|turn|2
|
|t:|1776075818
|move|p2a: Ribombee|Stun Spore|p1a: Meowscarada
|-status|p1a: Meowscarada|par
|move|p1a: Meowscarada|Knock Off|p2a: Ribombee
|-damage|p2a: Ribombee|0 fnt
|-enditem|p2a: Ribombee|Focus Sash|[from] move: Knock Off|[of] p1a: Meowscarada
|faint|p2a: Ribombee
|
|upkeep
|
|t:|1776075834
|switch|p2a: Ceruledge|Ceruledge, F, shiny|100/100
|turn|3
|
|t:|1776075839
|move|p2a: Ceruledge|Swords Dance|p2a: Ceruledge
|-boost|p2a: Ceruledge|atk|2
|move|p1a: Meowscarada|Knock Off|p2a: Ceruledge
|-supereffective|p2a: Ceruledge
|-damage|p2a: Ceruledge|21/100
|-ability|p2a: Ceruledge|Weak Armor|boost
|-unboost|p2a: Ceruledge|def|1
|-boost|p2a: Ceruledge|spe|2
|-enditem|p2a: Ceruledge|Focus Sash|[from] move: Knock Off|[of] p1a: Meowscarada
|
|upkeep
|turn|4
|
|t:|1776075847
|move|p2a: Ceruledge|Bitter Blade|p1a: Meowscarada
|-supereffective|p1a: Meowscarada
|-damage|p1a: Meowscarada|0 fnt
|-heal|p2a: Ceruledge|71/100|[from] drain|[of] p1a: Meowscarada
|faint|p1a: Meowscarada
|
|upkeep
|
|t:|1776075857
|switch|p1a: Garchomp|Garchomp, F, shiny|100/100
|-activate|p1a: Garchomp|move: Sticky Web
|-unboost|p1a: Garchomp|spe|1
|turn|5
|
|t:|1776075865
|move|p2a: Ceruledge|Bitter Blade|p1a: Garchomp
|-resisted|p1a: Garchomp
|-damage|p1a: Garchomp|54/100
|-heal|p2a: Ceruledge|99/100|[from] drain|[of] p1a: Garchomp
|-damage|p2a: Ceruledge|87/100|[from] ability: Rough Skin|[of] p1a: Garchomp
|move|p1a: Garchomp|Scale Shot|p2a: Ceruledge
|-damage|p2a: Ceruledge|62/100
|-ability|p2a: Ceruledge|Weak Armor|boost
|-unboost|p2a: Ceruledge|def|1
|-boost|p2a: Ceruledge|spe|2
|-damage|p2a: Ceruledge|26/100
|-ability|p2a: Ceruledge|Weak Armor|boost
|-unboost|p2a: Ceruledge|def|1
|-boost|p2a: Ceruledge|spe|2
|-damage|p2a: Ceruledge|0 fnt
|faint|p2a: Ceruledge
|-hitcount|p2: Ceruledge|3
|-unboost|p1a: Garchomp|def|1
|-boost|p1a: Garchomp|spe|1
|
|upkeep
|
|t:|1776075883
|switch|p2a: Gholdengo|Gholdengo, shiny|100/100
|-item|p2a: Gholdengo|Air Balloon
|turn|6
|
|t:|1776075898
|switch|p1a: Raging Bolt|Raging Bolt|100/100
|move|p2a: Gholdengo|Nasty Plot|p2a: Gholdengo
|-boost|p2a: Gholdengo|spa|2
|
|upkeep
|turn|7
|
|t:|1776075906
|move|p2a: Gholdengo|Dazzling Gleam|p1a: Raging Bolt
|-supereffective|p1a: Raging Bolt
|-damage|p1a: Raging Bolt|0 fnt
|faint|p1a: Raging Bolt
|-end|p1a: Raging Bolt|Protosynthesis|[silent]
|
|upkeep
|-message|redcted forfeited.
|
|win|crimdawgx2
|raw|redcted's rating: 1366 &rarr; <strong>1345</strong><br />(-21 for losing)
|raw|crimdawgx2's rating: 1356 &rarr; <strong>1377</strong><br />(+21 for winning)
|l|☆redcted
|player|p1|
