|html|<div class="broadcast-blue"><strong>[Gen 9] OU is currently suspecting Tera Blast! For information on how to participate check out the <a href="https://www.smogon.com/tools/suspects/view/200">suspect thread</a>.</strong></div>
|j|☆Exceperojo
|j|☆vzn.exe
|t:|1776076251
|gametype|singles
|player|p1|Exceperojo|lillie-masters|1273
|player|p2|vzn.exe|lusamine-nihilego|1222
|gen|9
|tier|[Gen 9] OU
|rated|
|rule|HP Percentage Mod: HP is shown in percentages
|rule|Endless Battle Clause: Forcing endless battles is banned
|rule|Species Clause: Limit one of each Pokémon
|rule|OHKO Clause: OHKO moves are banned
|rule|Evasion Items Clause: Evasion items are banned
|rule|Evasion Moves Clause: Evasion moves are banned
|rule|Evasion Abilities Clause: Evasion abilities are banned
|rule|Sleep Moves Clause: Sleep-inducing moves are banned
|clearpoke
|poke|p1|Pawmot, F|
|poke|p1|Kingambit, M|
|poke|p1|Ceruledge, F|
|poke|p1|Corviknight, M|
|poke|p1|Zapdos|
|poke|p1|Meowscarada, F|
|poke|p2|Kyurem|
|poke|p2|Cinderace, F|
|poke|p2|Tornadus-Therian, M|
|poke|p2|Hatterene, F|
|poke|p2|Great Tusk|
|poke|p2|Kingambit, F|
|teampreview
|inactive|Battle timer is ON: inactive players will automatically lose when time's up. (requested by Exceperojo)
|
|t:|1776076269
|teamsize|p1|6
|teamsize|p2|6
|start
|switch|p1a: Nate|Meowscarada, F, shiny|100/100
|switch|p2a: Kyurem|Kyurem|100/100
|-ability|p2a: Kyurem|Pressure
|turn|1
|inactive|vzn.exe also wants the timer to be on.
|
|t:|1776076286
|move|p1a: Nate|Triple Axel|p2a: Kyurem
|-start|p1a: Nate|typechange|Ice|[from] ability: Protean
|-damage|p2a: Kyurem|92/100
|-damage|p2a: Kyurem|75/100
|-hitcount|p2a: Kyurem|2
|move|p2a: Kyurem|Ice Beam|p1a: Nate
|-resisted|p1a: Nate
|-damage|p1a: Nate|48/100
|
|upkeep
|turn|2
|
|t:|1776076303
|move|p1a: Nate|Triple Axel|p2a: Kyurem
|-damage|p2a: Kyurem|66/100
|-damage|p2a: Kyurem|46/100
|-damage|p2a: Kyurem|20/100
|-hitcount|p2a: Kyurem|3
|move|p2a: Kyurem|Ice Beam|p1a: Nate
|-resisted|p1a: Nate
|-crit|p1a: Nate
|-damage|p1a: Nate|0 fnt
|faint|p1a: Nate
|
|upkeep
|
|t:|1776076312
|switch|p1a: Charlotte|Ceruledge, F, shiny|100/100
|turn|3
|
|t:|1776076329
|move|p1a: Charlotte|Shadow Sneak|p2a: Kyurem
|-damage|p2a: Kyurem|0 fnt
|faint|p2a: Kyurem
|
|upkeep
|inactive|vzn.exe has 120 seconds left.
|
|t:|1776076347
|switch|p2a: Great Tusk|Great Tusk|100/100
|turn|4
|inactive|vzn.exe has 120 seconds left.
|
|t:|1776076363
|move|p2a: Great Tusk|Ice Spinner|p1a: Charlotte
|-resisted|p1a: Charlotte
|-damage|p1a: Charlotte|84/100
|-ability|p1a: Charlotte|Weak Armor|boost
|-unboost|p1a: Charlotte|def|1
|-boost|p1a: Charlotte|spe|2
|move|p1a: Charlotte|Swords Dance|p1a: Charlotte
|-boost|p1a: Charlotte|atk|2
|
|upkeep
|turn|5
|inactive|vzn.exe has 120 seconds left.
|
|t:|1776076381
|move|p1a: Charlotte|Bitter Blade|p2a: Great Tusk
|-damage|p2a: Great Tusk|43/100
|-heal|p1a: Charlotte|100/100|[from] drain|[of] p2a: Great Tusk
|-damage|p1a: Charlotte|84/100|[from] item: Rocky Helmet|[of] p2a: Great Tusk
|move|p2a: Great Tusk|Headlong Rush|p1a: Charlotte
|-supereffective|p1a: Charlotte
|-damage|p1a: Charlotte|0 fnt
|-unboost|p2a: Great Tusk|def|1
|-unboost|p2a: Great Tusk|spd|1
|faint|p1a: Charlotte
|
|upkeep
|inactive|Exceperojo has 120 seconds left.
|c|☆Exceperojo|I did not expect rocky helmet there
|
|t:|1776076408
|switch|p1a: Corviknight|Corviknight, M|100/100
|turn|6
|inactive|vzn.exe has 120 seconds left.
|
|t:|1776076424
|move|p2a: Great Tusk|Stealth Rock|p1a: Corviknight
|-sidestart|p1: Exceperojo|move: Stealth Rock
|move|p1a: Corviknight|Brave Bird|p2a: Great Tusk
|-supereffective|p2a: Great Tusk
|-damage|p2a: Great Tusk|0 fnt
|-damage|p1a: Corviknight|84/100|[from] item: Rocky Helmet|[of] p2a: Great Tusk
|faint|p2a: Great Tusk
|-end|p2a: Great Tusk|Protosynthesis|[silent]
|-damage|p1a: Corviknight|69/100|[from] Recoil
|
|upkeep
|
|t:|1776076443
|switch|p2a: Cinderace|Cinderace, F|100/100
|turn|7
|
|t:|1776076460
|move|p2a: Cinderace|Pyro Ball|p1a: Corviknight
|-supereffective|p1a: Corviknight
|-damage|p1a: Corviknight|0 fnt
|faint|p1a: Corviknight
|
|upkeep
|
|t:|1776076464
|switch|p1a: Zapdos|Zapdos|100/100
|-damage|p1a: Zapdos|75/100|[from] Stealth Rock
|turn|8
|
|t:|1776076481
|move|p2a: Cinderace|Pyro Ball|p1a: Zapdos
|-damage|p1a: Zapdos|13/100
|-status|p1a: Zapdos|brn
|move|p1a: Zapdos|Thunder|p2a: Cinderace
|-damage|p2a: Cinderace|0 fnt
|faint|p2a: Cinderace
|
|-damage|p1a: Zapdos|6/100 brn|[from] brn
|upkeep
|inactive|vzn.exe has 90 seconds left.
|
|t:|1776076499
|switch|p2a: Tornadus|Tornadus-Therian, M|100/100
|turn|9
|inactive|vzn.exe has 90 seconds left.
|
|t:|1776076516
|move|p2a: Tornadus|U-turn|p1a: Zapdos
|-resisted|p1a: Zapdos
|-damage|p1a: Zapdos|0 fnt
|faint|p1a: Zapdos
|
|t:|1776076533
|switch|p2a: Hatterene|Hatterene, F|100/100|[from] U-turn
|
|upkeep
|
|t:|1776076536
|switch|p1a: Kingambit|Kingambit, M|100/100
|-damage|p1a: Kingambit|94/100|[from] Stealth Rock
|-activate|p1a: Kingambit|ability: Supreme Overlord
|-start|p1a: Kingambit|fallen4|[silent]
|turn|10
|
|t:|1776076552
|move|p1a: Kingambit|Iron Head|p2a: Hatterene
|-supereffective|p2a: Hatterene
|-damage|p2a: Hatterene|0 fnt
|faint|p2a: Hatterene
|
|upkeep
|inactive|vzn.exe has 60 seconds left.
|
|t:|1776076570
|switch|p2a: Tornadus|Tornadus-Therian, M|100/100
|turn|11
|inactive|vzn.exe has 60 seconds left.
|
|t:|1776076586
|move|p1a: Kingambit|Sucker Punch|p2a: Tornadus
|-damage|p2a: Tornadus|31/100
|move|p2a: Tornadus|Heat Wave|p1a: Kingambit
|-supereffective|p1a: Kingambit
|-damage|p1a: Kingambit|61/100
|-status|p1a: Kingambit|brn
|
|-damage|p1a: Kingambit|55/100 brn|[from] brn
|upkeep
|turn|12
|inactive|vzn.exe has 60 seconds left.
|
|t:|1776076605
|switch|p2a: Kingambit|Kingambit, F|100/100
|-activate|p2a: Kingambit|ability: Supreme Overlord
|-start|p2a: Kingambit|fallen4|[silent]
|move|p1a: Kingambit|Sucker Punch||[still]
|-fail|p1a: Kingambit
|
|-damage|p1a: Kingambit|49/100 brn|[from] brn
|upkeep
|turn|13
|
|t:|1776076621
|move|p2a: Kingambit|Swords Dance|p2a: Kingambit
|-boost|p2a: Kingambit|atk|2
|move|p1a: Kingambit|Brick Break|p2a: Kingambit
|-supereffective|p2a: Kingambit
|-damage|p2a: Kingambit|44/100
|
|-heal|p2a: Kingambit|51/100|[from] item: Leftovers
|-damage|p1a: Kingambit|43/100 brn|[from] brn
|upkeep
|turn|14
|
|t:|1776076630
|move|p2a: Kingambit|Kowtow Cleave|p1a: Kingambit
|-resisted|p1a: Kingambit
|-damage|p1a: Kingambit|0 fnt
|faint|p1a: Kingambit
|-end|p1a: Kingambit|fallen4|[silent]
|
|-heal|p2a: Kingambit|57/100|[from] item: Leftovers
|upkeep
|
|t:|1776076641
|switch|p1a: Magi|Pawmot, F|100/100
|-damage|p1a: Magi|94/100|[from] Stealth Rock
|turn|15
|inactive|vzn.exe has 60 seconds left.
|
|t:|1776076649
|move|p2a: Kingambit|Sucker Punch||[still]
|-fail|p2a: Kingambit
|move|p1a: Magi|Revival Blessing|p1a: Magi
|
|t:|1776076659
|-heal|p1: Kingambit|50/100|[from] move: Revival Blessing
|
|-heal|p2a: Kingambit|63/100|[from] item: Leftovers
|upkeep
|turn|16
|inactive|vzn.exe has 60 seconds left.
|
|t:|1776076675
|move|p1a: Magi|Wish|p1a: Magi
|move|p2a: Kingambit|Kowtow Cleave|p1a: Magi
|-resisted|p1a: Magi
|-damage|p1a: Magi|0 fnt
|faint|p1a: Magi
|
|-heal|p2a: Kingambit|69/100|[from] item: Leftovers
|upkeep
|
|t:|1776076681
|switch|p1a: Kingambit|Kingambit, M|50/100
|-damage|p1a: Kingambit|44/100|[from] Stealth Rock
|-activate|p1a: Kingambit|ability: Supreme Overlord
|-start|p1a: Kingambit|fallen5|[silent]
|turn|17
|
|t:|1776076687
|move|p2a: Kingambit|Kowtow Cleave|p1a: Kingambit
|-resisted|p1a: Kingambit
|-damage|p1a: Kingambit|0 fnt
|faint|p1a: Kingambit
|-end|p1a: Kingambit|fallen5|[silent]
|
|win|vzn.exe
|raw|Exceperojo's rating: 1273 &rarr; <strong>1244</strong><br />(-29 for losing)
|raw|vzn.exe's rating: 1222 &rarr; <strong>1251</strong><br />(+29 for winning)
