|html|<div class="broadcast-blue"><strong>[Gen 9] OU is currently suspecting Tera Blast! For information on how to participate check out the <a href="https://www.smogon.com/tools/suspects/view/200">suspect thread</a>.</strong></div>
|j|☆mastersannin
|j|☆team10thPlanet
|t:|1776044646
|gametype|singles
|player|p1|mastersannin|2|1639
|player|p2|team10thPlanet|veteran|1693
|gen|9
|tier|[Gen 9] OU
|rated|
|rule|HP Percentage Mod: HP is shown in percentages
|rule|Endless Battle Clause: Forcing endless battles is banned
|rule|Species Clause: Limit one of each Pokémon
|rule|OHKO Clause: OHKO moves are banned
|rule|Evasion Items Clause: Evasion items are banned
|rule|Evasion Moves Clause: Evasion moves are banned
|rule|Evasion Abilities Clause: Evasion abilities are banned
|rule|Sleep Moves Clause: Sleep-inducing moves are banned
|clearpoke
|poke|p1|Samurott-Hisui, M|
|poke|p1|Zapdos|
|poke|p1|Iron Treads|
|poke|p1|Ceruledge, M|
|poke|p1|Gholdengo|
|poke|p1|Kingambit, M|
|poke|p2|Zamazenta-*|
|poke|p2|Dragonite, M|
|poke|p2|Hoopa-Unbound|
|poke|p2|Araquanid, M|
|poke|p2|Iron Treads|
|poke|p2|Raikou|
|teampreview
|
|t:|1776044694
|teamsize|p1|6
|teamsize|p2|6
|start
|switch|p1a: Zapdos|Zapdos|100/100
|switch|p2a: Hoopa|Hoopa-Unbound|100/100
|turn|1
|
|t:|1776044700
|-terastallize|p2a: Hoopa|Fairy
|move|p2a: Hoopa|Tera Blast|p1a: Zapdos|[anim] Tera Blast Fairy
|-damage|p1a: Zapdos|50/100
|move|p1a: Zapdos|Volt Switch|p2a: Hoopa
|-damage|p2a: Hoopa|75/100
|
|t:|1776044709
|switch|p1a: Ceruledge|Ceruledge, M|100/100|[from] Volt Switch
|
|upkeep
|turn|2
|
|t:|1776044718
|switch|p2a: Johnny Tsunami 🌊|Araquanid, M|100/100
|move|p1a: Ceruledge|Swords Dance|p1a: Ceruledge
|-boost|p1a: Ceruledge|atk|2
|
|upkeep
|turn|3
|
|t:|1776044738
|move|p1a: Ceruledge|Bitter Blade|p2a: Johnny Tsunami 🌊
|-damage|p2a: Johnny Tsunami 🌊|48/100
|move|p2a: Johnny Tsunami 🌊|Surf|p1a: Ceruledge
|-supereffective|p1a: Ceruledge
|-enditem|p1a: Ceruledge|Focus Sash
|-damage|p1a: Ceruledge|1/100
|
|upkeep
|turn|4
|
|t:|1776044747
|move|p1a: Ceruledge|Bitter Blade|p2a: Johnny Tsunami 🌊
|-damage|p2a: Johnny Tsunami 🌊|0 fnt
|-heal|p1a: Ceruledge|24/100|[from] drain|[of] p2a: Johnny Tsunami 🌊
|faint|p2a: Johnny Tsunami 🌊
|
|upkeep
|
|t:|1776044795
|switch|p2a: Iron Treads|Iron Treads|100/100
|-enditem|p2a: Iron Treads|Booster Energy
|-activate|p2a: Iron Treads|ability: Quark Drive|[fromitem]
|-start|p2a: Iron Treads|quarkdrivespe
|turn|5
|
|t:|1776044819
|move|p1a: Ceruledge|Shadow Sneak|p2a: Iron Treads
|-damage|p2a: Iron Treads|60/100
|move|p2a: Iron Treads|Knock Off|p1a: Ceruledge
|-supereffective|p1a: Ceruledge
|-damage|p1a: Ceruledge|0 fnt
|faint|p1a: Ceruledge
|
|upkeep
|
|t:|1776044823
|switch|p1a: Zapdos|Zapdos|50/100
|turn|6
|
|t:|1776044843
|move|p2a: Iron Treads|Rapid Spin|p1a: Zapdos
|-damage|p1a: Zapdos|40/100
|-boost|p2a: Iron Treads|spe|1
|move|p1a: Zapdos|Roost|p1a: Zapdos
|-heal|p1a: Zapdos|90/100
|-singleturn|p1a: Zapdos|move: Roost
|
|upkeep
|turn|7
|
|t:|1776044860
|move|p2a: Iron Treads|Rapid Spin|p1a: Zapdos
|-damage|p1a: Zapdos|79/100
|-boost|p2a: Iron Treads|spe|1
|-status|p2a: Iron Treads|par|[from] ability: Static|[of] p1a: Zapdos
|move|p1a: Zapdos|Hurricane|p2a: Iron Treads
|-resisted|p2a: Iron Treads
|-damage|p2a: Iron Treads|27/100 par
|-start|p2a: Iron Treads|confusion
|
|upkeep
|turn|8
|
|t:|1776044870
|-activate|p2a: Iron Treads|confusion
|move|p2a: Iron Treads|Endeavor|p1a: Zapdos
|-damage|p1a: Zapdos|23/100
|move|p1a: Zapdos|Hurricane|p2a: Iron Treads
|-resisted|p2a: Iron Treads
|-damage|p2a: Iron Treads|0 fnt
|faint|p2a: Iron Treads
|-end|p2a: Iron Treads|Quark Drive|[silent]
|
|upkeep
|
|t:|1776044896
|switch|p2a: Diego ⚡️|Raikou|100/100
|turn|9
|
|t:|1776044932
|switch|p1a: Iron Treads|Iron Treads|100/100
|move|p2a: Diego ⚡️|Scald|p1a: Iron Treads
|-supereffective|p1a: Iron Treads
|-damage|p1a: Iron Treads|0 fnt
|faint|p1a: Iron Treads
|-end|p1a: Iron Treads|Quark Drive|[silent]
|
|upkeep
|
|t:|1776044937
|switch|p1a: Samurott|Samurott-Hisui, M|100/100
|turn|10
|inactive|Battle timer is ON: inactive players will automatically lose when time's up. (requested by mastersannin)
|
|t:|1776044962
|switch|p2a: Hoopa|Hoopa-Unbound, tera:Fairy|75/100
|move|p1a: Samurott|Ceaseless Edge|p2a: Hoopa
|-resisted|p2a: Hoopa
|-damage|p2a: Hoopa|38/100
|-sidestart|p2: team10thPlanet|Spikes
|
|upkeep
|turn|11
|inactive|mastersannin has 120 seconds left.
|
|t:|1776044999
|-terastallize|p1a: Samurott|Poison
|move|p2a: Hoopa|Tera Blast|p1a: Samurott|[anim] Tera Blast Fairy
|-resisted|p1a: Samurott
|-damage|p1a: Samurott|84/100
|move|p1a: Samurott|Razor Shell|p2a: Hoopa
|-damage|p2a: Hoopa|0 fnt
|faint|p2a: Hoopa
|
|upkeep
|
|t:|1776045016
|switch|p2a: Diego ⚡️|Raikou|100/100
|-damage|p2a: Diego ⚡️|88/100|[from] Spikes
|turn|12
|inactive|mastersannin has 120 seconds left.
|
|t:|1776045034
|move|p2a: Diego ⚡️|Scald|p1a: Samurott
|-damage|p1a: Samurott|59/100
|-status|p1a: Samurott|brn
|move|p1a: Samurott|Ceaseless Edge|p2a: Diego ⚡️|[miss]
|-miss|p1a: Samurott|p2a: Diego ⚡️
|
|-damage|p1a: Samurott|53/100 brn|[from] brn
|upkeep
|turn|13
|inactive|mastersannin has 120 seconds left.
|
|t:|1776045053
|move|p2a: Diego ⚡️|Scald|p1a: Samurott
|-damage|p1a: Samurott|25/100 brn
|move|p1a: Samurott|Knock Off|p2a: Diego ⚡️
|-damage|p2a: Diego ⚡️|58/100
|-enditem|p2a: Diego ⚡️|Choice Specs|[from] move: Knock Off|[of] p1a: Samurott
|
|-damage|p1a: Samurott|19/100 brn|[from] brn
|upkeep
|turn|14
|inactive|mastersannin has 120 seconds left.
|
|t:|1776045069
|move|p1a: Samurott|Sucker Punch|p2a: Diego ⚡️
|-damage|p2a: Diego ⚡️|36/100
|move|p2a: Diego ⚡️|Thunderbolt|p1a: Samurott
|-damage|p1a: Samurott|0 fnt
|faint|p1a: Samurott
|
|upkeep
|
|t:|1776045074
|switch|p1a: Kingambit|Kingambit, M|100/100
|-activate|p1a: Kingambit|ability: Supreme Overlord
|-start|p1a: Kingambit|fallen3|[silent]
|turn|15
|
|t:|1776045079
|move|p2a: Diego ⚡️|Aura Sphere|p1a: Kingambit
|-supereffective|p1a: Kingambit
|-damage|p1a: Kingambit|0 fnt
|faint|p1a: Kingambit
|-end|p1a: Kingambit|fallen3|[silent]
|
|upkeep
|
|t:|1776045085
|switch|p1a: Gholdengo|Gholdengo|100/100
|-item|p1a: Gholdengo|Air Balloon
|turn|16
|
|t:|1776045096
|move|p2a: Diego ⚡️|Thunderbolt|p1a: Gholdengo
|-damage|p1a: Gholdengo|57/100
|-enditem|p1a: Gholdengo|Air Balloon
|move|p1a: Gholdengo|Hex|p2a: Diego ⚡️
|-damage|p2a: Diego ⚡️|3/100
|
|upkeep
|turn|17
|
|t:|1776045104
|move|p2a: Diego ⚡️|Thunderbolt|p1a: Gholdengo
|-damage|p1a: Gholdengo|18/100
|move|p1a: Gholdengo|Recover|p1a: Gholdengo
|-heal|p1a: Gholdengo|68/100
|
|upkeep
|turn|18
|
|t:|1776045110
|move|p2a: Diego ⚡️|Thunderbolt|p1a: Gholdengo
|-damage|p1a: Gholdengo|24/100
|-status|p1a: Gholdengo|par
|cant|p1a: Gholdengo|par
|
|upkeep
|turn|19
|-message|mastersannin forfeited.
|
|win|team10thPlanet
|raw|mastersannin's rating: 1639 &rarr; <strong>1622</strong><br />(-17 for losing)
|raw|team10thPlanet's rating: 1693 &rarr; <strong>1710</strong><br />(+17 for winning)
|l|☆mastersannin
|player|p1|
