|html|<div class="broadcast-blue"><strong>[Gen 9] OU is currently suspecting Tera Blast! For information on how to participate check out the <a href="https://www.smogon.com/tools/suspects/view/200">suspect thread</a>.</strong></div>
|j|☆VeryDryWater
|j|☆RovaRed
|t:|1776084509
|gametype|singles
|player|p1|VeryDryWater|2|1352
|player|p2|RovaRed|sonia-masters|1357
|gen|9
|tier|[Gen 9] OU
|rated|
|rule|HP Percentage Mod: HP is shown in percentages
|rule|Endless Battle Clause: Forcing endless battles is banned
|rule|Species Clause: Limit one of each Pokémon
|rule|OHKO Clause: OHKO moves are banned
|rule|Evasion Items Clause: Evasion items are banned
|rule|Evasion Moves Clause: Evasion moves are banned
|rule|Evasion Abilities Clause: Evasion abilities are banned
|rule|Sleep Moves Clause: Sleep-inducing moves are banned
|clearpoke
|poke|p1|Pelipper, F|
|poke|p1|Greninja-*, M|
|poke|p1|Barraskewda, M|
|poke|p1|Goodra-Hisui, F|
|poke|p1|Raging Bolt|
|poke|p1|Glimmora, M|
|poke|p2|Shiftry, F|
|poke|p2|Rillaboom, M|
|poke|p2|Brambleghast, M|
|poke|p2|Hawlucha, M|
|poke|p2|Great Tusk|
|poke|p2|Iron Moth|
|teampreview
|inactive|Battle timer is ON: inactive players will automatically lose when time's up. (requested by VeryDryWater)
|
|t:|1776084558
|teamsize|p1|6
|teamsize|p2|6
|start
|switch|p1a: Pelipper|Pelipper, F|100/100
|switch|p2a: The Fumble|Shiftry, F|100/100
|-weather|RainDance|[from] ability: Drizzle|[of] p1a: Pelipper
|turn|1
|
|t:|1776084567
|move|p2a: The Fumble|Tailwind|p2a: The Fumble
|-sidestart|p2: RovaRed|move: Tailwind
|-ability|p2a: The Fumble|Wind Rider|boost
|-boost|p2a: The Fumble|atk|1
|move|p1a: Pelipper|U-turn|p2a: The Fumble
|-supereffective|p2a: The Fumble
|-damage|p2a: The Fumble|45/100
|
|t:|1776084579
|switch|p1a: Goodra|Goodra-Hisui, F|100/100|[from] U-turn
|
|-weather|RainDance|[upkeep]
|upkeep
|turn|2
|
|t:|1776084586
|move|p2a: The Fumble|Knock Off|p1a: Goodra
|-damage|p1a: Goodra|44/100
|-enditem|p1a: Goodra|Assault Vest|[from] move: Knock Off|[of] p2a: The Fumble
|move|p1a: Goodra|Fire Blast|p2a: The Fumble|[miss]
|-miss|p1a: Goodra|p2a: The Fumble
|
|-weather|RainDance|[upkeep]
|upkeep
|turn|3
|
|t:|1776084596
|switch|p1a: Glimmora|Glimmora, M|100/100
|move|p2a: The Fumble|Explosion|p1a: Glimmora
|-resisted|p1a: Glimmora
|-damage|p1a: Glimmora|41/100
|-activate|p1a: Glimmora|ability: Toxic Debris
|-sidestart|p2: RovaRed|move: Toxic Spikes
|faint|p2a: The Fumble
|
|-weather|RainDance|[upkeep]
|upkeep
|
|t:|1776084609
|switch|p2a: The Tumble|Brambleghast, M|100/100
|-status|p2a: The Tumble|psn
|-ability|p2a: The Tumble|Wind Rider|boost
|-boost|p2a: The Tumble|atk|1
|turn|4
|
|t:|1776084616
|move|p2a: The Tumble|Bullet Seed|p1a: Glimmora
|-damage|p1a: Glimmora|20/100
|-activate|p1a: Glimmora|ability: Toxic Debris
|-sidestart|p2: RovaRed|move: Toxic Spikes
|-damage|p1a: Glimmora|0 fnt
|faint|p1a: Glimmora
|-hitcount|p1: Glimmora|2
|
|-weather|RainDance|[upkeep]
|-damage|p2a: The Tumble|88/100 psn|[from] psn
|-sideend|p2: RovaRed|move: Tailwind
|upkeep
|
|t:|1776084624
|switch|p1a: Greninja|Greninja, M|100/100
|turn|5
|
|t:|1776084639
|switch|p1a: Goodra|Goodra-Hisui, F|44/100
|-terastallize|p2a: The Tumble|Fighting
|move|p2a: The Tumble|Bullet Seed|p1a: Goodra
|-ability|p1a: Goodra|Sap Sipper|boost
|-boost|p1a: Goodra|atk|1
|
|-weather|RainDance|[upkeep]
|-damage|p2a: The Tumble|76/100 psn|[from] psn
|upkeep
|turn|6
|
|t:|1776084645
|move|p2a: The Tumble|Tera Blast|p1a: Goodra|[anim] Tera Blast Fighting
|-supereffective|p1a: Goodra
|-damage|p1a: Goodra|0 fnt
|faint|p1a: Goodra
|
|-weather|RainDance|[upkeep]
|-damage|p2a: The Tumble|63/100 psn|[from] psn
|upkeep
|
|t:|1776084651
|switch|p1a: Barraskewda|Barraskewda, M|100/100
|turn|7
|
|t:|1776084658
|-terastallize|p1a: Barraskewda|Water
|move|p2a: The Tumble|Shadow Sneak|p1a: Barraskewda
|-damage|p1a: Barraskewda|46/100
|move|p1a: Barraskewda|Liquidation|p2a: The Tumble
|-damage|p2a: The Tumble|0 fnt
|faint|p2a: The Tumble
|
|-weather|RainDance|[upkeep]
|upkeep
|
|t:|1776084676
|switch|p2a: Ronald Moth|Iron Moth, shiny|100/100
|-sideend|p2: RovaRed|move: Toxic Spikes|[of] p2a: Ronald Moth
|-enditem|p2a: Ronald Moth|Booster Energy
|-activate|p2a: Ronald Moth|ability: Quark Drive|[fromitem]
|-start|p2a: Ronald Moth|quarkdrivespe
|turn|8
|
|t:|1776084680
|-end|p2a: Ronald Moth|Quark Drive|[silent]
|switch|p2a: Hookline|Rillaboom, M|100/100
|-fieldstart|move: Grassy Terrain|[from] ability: Grassy Surge|[of] p2a: Hookline
|move|p1a: Barraskewda|Liquidation|p2a: Hookline
|-resisted|p2a: Hookline
|-crit|p2a: Hookline
|-damage|p2a: Hookline|3/100
|
|-weather|none
|-heal|p1a: Barraskewda|52/100|[from] Grassy Terrain
|-heal|p2a: Hookline|9/100|[from] Grassy Terrain
|upkeep
|turn|9
|
|t:|1776084693
|switch|p1a: Pelipper|Pelipper, F|100/100
|-weather|RainDance|[from] ability: Drizzle|[of] p1a: Pelipper
|move|p2a: Hookline|Grassy Glide|p1a: Pelipper
|-damage|p1a: Pelipper|70/100
|
|-weather|RainDance|[upkeep]
|-heal|p2a: Hookline|15/100|[from] Grassy Terrain
|upkeep
|turn|10
|
|t:|1776084704
|move|p2a: Hookline|Grassy Glide|p1a: Pelipper
|-damage|p1a: Pelipper|39/100
|move|p1a: Pelipper|U-turn|p2a: Hookline
|-supereffective|p2a: Hookline
|-damage|p2a: Hookline|0 fnt
|faint|p2a: Hookline
|
|t:|1776084707
|switch|p1a: Barraskewda|Barraskewda, M, tera:Water|52/100|[from] U-turn
|
|-weather|RainDance|[upkeep]
|-heal|p1a: Barraskewda|58/100|[from] Grassy Terrain
|upkeep
|
|t:|1776084732
|switch|p2a: Ronald Moth|Iron Moth, shiny|100/100
|turn|11
|-message|RovaRed forfeited.
|
|win|VeryDryWater
|raw|VeryDryWater's rating: 1352 &rarr; <strong>1372</strong><br />(+20 for winning)
|raw|RovaRed's rating: 1357 &rarr; <strong>1337</strong><br />(-20 for losing)
|l|☆RovaRed
|player|p2|
|l|☆VeryDryWater
|player|p1|
