|html|<div class="broadcast-blue"><strong>[Gen 9] OU is currently suspecting Tera Blast! For information on how to participate check out the <a href="https://www.smogon.com/tools/suspects/view/200">suspect thread</a>.</strong></div>
|j|☆sam699
|j|☆owtblastre Emily
|t:|1776112560
|gametype|singles
|player|p1|sam699|zinzolin|1469
|player|p2|owtblastre Emily|marley-masters|1472
|gen|9
|tier|[Gen 9] OU
|rated|
|rule|HP Percentage Mod: HP is shown in percentages
|rule|Endless Battle Clause: Forcing endless battles is banned
|rule|Species Clause: Limit one of each Pokémon
|rule|OHKO Clause: OHKO moves are banned
|rule|Evasion Items Clause: Evasion items are banned
|rule|Evasion Moves Clause: Evasion moves are banned
|rule|Evasion Abilities Clause: Evasion abilities are banned
|rule|Sleep Moves Clause: Sleep-inducing moves are banned
|clearpoke
|poke|p1|Walking Wake|
|poke|p1|Heatran, M|
|poke|p1|Rillaboom, F|
|poke|p1|Clefable, F|
|poke|p1|Zapdos|
|poke|p1|Great Tusk|
|poke|p2|Dondozo, F|
|poke|p2|Blissey, F|
|poke|p2|Gliscor, F|
|poke|p2|Toxapex, M|
|poke|p2|Mandibuzz, F|
|poke|p2|Talonflame, M|
|teampreview
|inactive|Battle timer is ON: inactive players will automatically lose when time's up. (requested by owtblastre Emily)
|
|t:|1776112573
|teamsize|p1|6
|teamsize|p2|6
|start
|switch|p1a: Heatran|Heatran, M|100/100
|switch|p2a: Gliscor|Gliscor, F|100/100
|turn|1
|
|t:|1776112584
|switch|p1a: Great Tusk|Great Tusk|100/100
|move|p2a: Gliscor|Protect||[still]
|-fail|p2a: Gliscor
|
|-status|p2a: Gliscor|tox|[from] item: Toxic Orb
|upkeep
|turn|2
|
|t:|1776112592
|switch|p2a: Talonflame|Talonflame, M|100/100
|move|p1a: Great Tusk|Bulk Up|p1a: Great Tusk
|-boost|p1a: Great Tusk|atk|1
|-boost|p1a: Great Tusk|def|1
|
|upkeep
|turn|3
|
|t:|1776112600
|-end|p1a: Great Tusk|Protosynthesis|[silent]
|switch|p1a: Heatran|Heatran, M|100/100
|move|p2a: Talonflame|Defog|p1a: Heatran
|-unboost|p1a: Heatran|evasion|1
|
|upkeep
|turn|4
|
|t:|1776112606
|switch|p2a: Gliscor|Gliscor, F|100/100 tox
|move|p1a: Heatran|Magma Storm|p2a: Gliscor|[miss]
|-miss|p1a: Heatran|p2a: Gliscor
|
|upkeep
|turn|5
|
|t:|1776112612
|switch|p1a: Zapdos|Zapdos|100/100
|move|p2a: Gliscor|Spikes|p1a: Zapdos
|-sidestart|p1: sam699|Spikes
|
|upkeep
|turn|6
|
|t:|1776112616
|move|p1a: Zapdos|Hurricane|p2a: Gliscor|[miss]
|-miss|p1a: Zapdos|p2a: Gliscor
|move|p2a: Gliscor|Knock Off|p1a: Zapdos
|-damage|p1a: Zapdos|86/100
|-enditem|p1a: Zapdos|Heavy-Duty Boots|[from] move: Knock Off|[of] p2a: Gliscor
|
|upkeep
|turn|7
|
|t:|1776112621
|switch|p2a: Blissey|Blissey, F|100/100
|move|p1a: Zapdos|Hurricane|p2a: Blissey
|-damage|p2a: Blissey|86/100
|
|-heal|p2a: Blissey|92/100|[from] item: Leftovers
|upkeep
|turn|8
|
|t:|1776112628
|move|p1a: Zapdos|Volt Switch|p2a: Blissey
|-damage|p2a: Blissey|82/100
|
|t:|1776112632
|switch|p1a: Great Tusk|Great Tusk|100/100|[from] Volt Switch
|-damage|p1a: Great Tusk|88/100|[from] Spikes
|move|p2a: Blissey|Stealth Rock|p1a: Great Tusk
|-sidestart|p1: sam699|move: Stealth Rock
|
|-heal|p2a: Blissey|89/100|[from] item: Leftovers
|upkeep
|turn|9
|
|t:|1776112639
|switch|p2a: Talonflame|Talonflame, M|100/100
|move|p1a: Great Tusk|Rapid Spin|p2a: Talonflame
|-damage|p2a: Talonflame|85/100
|-boost|p1a: Great Tusk|spe|1
|-sideend|p1: sam699|Spikes|[from] move: Rapid Spin|[of] p1a: Great Tusk
|-sideend|p1: sam699|Stealth Rock|[from] move: Rapid Spin|[of] p1a: Great Tusk
|
|upkeep
|turn|10
|
|t:|1776112646
|-end|p1a: Great Tusk|Protosynthesis|[silent]
|switch|p1a: Walking Wake|Walking Wake|100/100
|move|p2a: Talonflame|Defog|p1a: Walking Wake
|-unboost|p1a: Walking Wake|evasion|1
|
|upkeep
|turn|11
|
|t:|1776112653
|switch|p2a: Toxapex|Toxapex, M|100/100
|move|p1a: Walking Wake|Substitute|p1a: Walking Wake
|-start|p1a: Walking Wake|Substitute
|-damage|p1a: Walking Wake|76/100
|
|upkeep
|turn|12
|
|t:|1776112660
|move|p1a: Walking Wake|Draco Meteor|p2a: Toxapex
|-damage|p2a: Toxapex|40/100
|-unboost|p1a: Walking Wake|spa|2
|-damage|p1a: Walking Wake|66/100|[from] item: Life Orb
|move|p2a: Toxapex|Toxic Spikes|p1a: Walking Wake
|-sidestart|p1: sam699|move: Toxic Spikes
|
|-heal|p2a: Toxapex|47/100|[from] item: Black Sludge
|upkeep
|turn|13
|j| OUZ Quavo
|
|t:|1776112677
|-end|p1a: Walking Wake|Protosynthesis|[silent]
|switch|p1a: Heatran|Heatran, M|100/100
|move|p2a: Toxapex|Recover|p2a: Toxapex
|-heal|p2a: Toxapex|97/100
|
|-heal|p2a: Toxapex|100/100|[from] item: Black Sludge
|upkeep
|turn|14
|
|t:|1776112683
|switch|p2a: Gliscor|Gliscor, F|100/100 tox
|move|p1a: Heatran|Magma Storm|p2a: Gliscor
|-damage|p2a: Gliscor|52/100 tox
|-activate|p2a: Gliscor|move: Magma Storm|[of] p1a: Heatran
|
|-heal|p2a: Gliscor|65/100 tox|[from] ability: Poison Heal
|-damage|p2a: Gliscor|52/100 tox|[from] move: Magma Storm|[partiallytrapped]
|upkeep
|turn|15
|j| timid nidoking
|
|t:|1776112690
|move|p1a: Heatran|Protect|p1a: Heatran
|-singleturn|p1a: Heatran|Protect
|move|p2a: Gliscor|Earthquake|p1a: Heatran
|-activate|p1a: Heatran|move: Protect
|
|-heal|p2a: Gliscor|65/100 tox|[from] ability: Poison Heal
|-damage|p2a: Gliscor|52/100 tox|[from] move: Magma Storm|[partiallytrapped]
|upkeep
|turn|16
|l| timid nidoking
|
|t:|1776112699
|switch|p1a: Clefable|Clefable, F|100/100
|-status|p1a: Clefable|psn
|move|p2a: Gliscor|Protect||[still]
|-fail|p2a: Gliscor
|
|-heal|p2a: Gliscor|65/100 tox|[from] ability: Poison Heal
|-end|p2a: Gliscor|Magma Storm|[partiallytrapped]|[silent]
|upkeep
|turn|17
|j| timid nidoking
|
|t:|1776112708
|move|p2a: Gliscor|Knock Off|p1a: Clefable
|-resisted|p1a: Clefable
|-damage|p1a: Clefable|89/100 psn
|-enditem|p1a: Clefable|Leftovers|[from] move: Knock Off|[of] p2a: Gliscor
|move|p1a: Clefable|Stealth Rock|p2a: Gliscor
|-sidestart|p2: owtblastre Emily|move: Stealth Rock
|
|-heal|p2a: Gliscor|77/100 tox|[from] ability: Poison Heal
|upkeep
|turn|18
|
|t:|1776112713
|move|p2a: Gliscor|Spikes|p1a: Clefable
|-sidestart|p1: sam699|Spikes
|move|p1a: Clefable|Thunder Wave|p2a: Gliscor
|-immune|p2a: Gliscor
|
|-heal|p2a: Gliscor|90/100 tox|[from] ability: Poison Heal
|upkeep
|turn|19
|
|t:|1776112716
|move|p2a: Gliscor|Earthquake|p1a: Clefable
|-damage|p1a: Clefable|54/100 psn
|move|p1a: Clefable|Moonblast|p2a: Gliscor
|-damage|p2a: Gliscor|61/100 tox
|-unboost|p2a: Gliscor|spa|1
|
|-heal|p2a: Gliscor|74/100 tox|[from] ability: Poison Heal
|upkeep
|turn|20
|
|t:|1776112719
|move|p2a: Gliscor|Earthquake|p1a: Clefable
|-damage|p1a: Clefable|18/100 psn
|move|p1a: Clefable|Wish|p1a: Clefable
|
|-heal|p2a: Gliscor|86/100 tox|[from] ability: Poison Heal
|upkeep
|turn|21
|c|☆owtblastre Emily|bro
|
|t:|1776112729
|switch|p1a: Walking Wake|Walking Wake|66/100
|-status|p1a: Walking Wake|psn
|-damage|p1a: Walking Wake|54/100 psn|[from] Spikes
|move|p2a: Gliscor|Earthquake|p1a: Walking Wake
|-damage|p1a: Walking Wake|19/100 psn
|
|-heal|p1a: Walking Wake|77/100 psn|[from] move: Wish|[wisher] Clefable
|-damage|p1a: Walking Wake|65/100 psn|[from] psn
|-heal|p2a: Gliscor|99/100 tox|[from] ability: Poison Heal
|upkeep
|turn|22
|l| OUZ Quavo
|
|t:|1776112737
|switch|p2a: Toxapex|Toxapex, M|100/100
|-damage|p2a: Toxapex|88/100|[from] Stealth Rock
|move|p1a: Walking Wake|Draco Meteor|p2a: Toxapex
|-damage|p2a: Toxapex|28/100
|-unboost|p1a: Walking Wake|spa|2
|-damage|p1a: Walking Wake|55/100 psn|[from] item: Life Orb
|
|-heal|p2a: Toxapex|35/100|[from] item: Black Sludge
|-damage|p1a: Walking Wake|42/100 psn|[from] psn
|upkeep
|turn|23
|
|t:|1776112742
|-end|p1a: Walking Wake|Protosynthesis|[silent]
|switch|p1a: Heatran|Heatran, M|100/100
|-damage|p1a: Heatran|88/100|[from] Spikes
|move|p2a: Toxapex|Recover|p2a: Toxapex
|-heal|p2a: Toxapex|85/100
|
|-heal|p1a: Heatran|94/100|[from] item: Leftovers
|-heal|p2a: Toxapex|91/100|[from] item: Black Sludge
|upkeep
|turn|24
|
|t:|1776112745
|switch|p2a: Gliscor|Gliscor, F|99/100 tox
|-damage|p2a: Gliscor|86/100 tox|[from] Stealth Rock
|move|p1a: Heatran|Magma Storm|p2a: Gliscor
|-damage|p2a: Gliscor|36/100 tox
|-activate|p2a: Gliscor|move: Magma Storm|[of] p1a: Heatran
|
|-heal|p1a: Heatran|100/100|[from] item: Leftovers
|-heal|p2a: Gliscor|49/100 tox|[from] ability: Poison Heal
|-damage|p2a: Gliscor|36/100 tox|[from] move: Magma Storm|[partiallytrapped]
|upkeep
|turn|25
|
|t:|1776112757
|-terastallize|p1a: Heatran|Fairy
|move|p2a: Gliscor|Earthquake|p1a: Heatran
|-damage|p1a: Heatran|70/100
|move|p1a: Heatran|Magma Storm|p2a: Gliscor
|-damage|p2a: Gliscor|0 fnt
|faint|p2a: Gliscor
|
|-heal|p1a: Heatran|76/100|[from] item: Leftovers
|upkeep
|
|t:|1776112775
|switch|p2a: Mandibuzz|Mandibuzz, F|100/100
|turn|26
|
|t:|1776112779
|move|p2a: Mandibuzz|Toxic|p1a: Heatran
|-status|p1a: Heatran|tox
|move|p1a: Heatran|Taunt|p2a: Mandibuzz
|-start|p2a: Mandibuzz|move: Taunt
|
|-heal|p1a: Heatran|83/100 tox|[from] item: Leftovers
|-damage|p1a: Heatran|76/100 tox|[from] psn
|upkeep
|turn|27
|
|t:|1776112793
|move|p2a: Mandibuzz|Knock Off|p1a: Heatran
|-resisted|p1a: Heatran
|-damage|p1a: Heatran|67/100 tox
|-enditem|p1a: Heatran|Leftovers|[from] move: Knock Off|[of] p2a: Mandibuzz
|move|p1a: Heatran|Magma Storm|p2a: Mandibuzz
|-damage|p2a: Mandibuzz|62/100
|-activate|p2a: Mandibuzz|move: Magma Storm|[of] p1a: Heatran
|
|-damage|p1a: Heatran|54/100 tox|[from] psn
|-damage|p2a: Mandibuzz|50/100|[from] move: Magma Storm|[partiallytrapped]
|upkeep
|turn|28
|
|t:|1776112804
|switch|p1a: Zapdos|Zapdos|86/100
|move|p2a: Mandibuzz|Knock Off|p1a: Zapdos
|-damage|p1a: Zapdos|74/100
|-status|p2a: Mandibuzz|par|[from] ability: Static|[of] p1a: Zapdos
|
|-end|p2a: Mandibuzz|Magma Storm|[partiallytrapped]|[silent]
|upkeep
|turn|29
|
|t:|1776112815
|switch|p2a: Blissey|Blissey, F|89/100
|-damage|p2a: Blissey|76/100|[from] Stealth Rock
|move|p1a: Zapdos|Thunder Wave|p2a: Blissey
|-status|p2a: Blissey|par
|
|-heal|p2a: Blissey|82/100 par|[from] item: Leftovers
|upkeep
|turn|30
|
|t:|1776112822
|move|p1a: Zapdos|Volt Switch|p2a: Blissey
|-damage|p2a: Blissey|74/100 par
|
|t:|1776112830
|switch|p1a: Clefable|Clefable, F|18/100 psn|[from] Volt Switch
|cant|p2a: Blissey|par
|
|-heal|p2a: Blissey|80/100 par|[from] item: Leftovers
|upkeep
|turn|31
|l| timid nidoking
|
|t:|1776112836
|move|p1a: Clefable|Wish|p1a: Clefable
|move|p2a: Blissey|Seismic Toss|p1a: Clefable
|-damage|p1a: Clefable|0 fnt
|faint|p1a: Clefable
|
|-heal|p2a: Blissey|86/100 par|[from] item: Leftovers
|upkeep
|
|t:|1776112842
|switch|p1a: Great Tusk|Great Tusk|88/100
|-status|p1a: Great Tusk|psn
|-damage|p1a: Great Tusk|76/100 psn|[from] Spikes
|turn|32
|j| timid nidoking
|
|t:|1776112853
|-curestatus|p2a: Blissey|par|[from] ability: Natural Cure
|switch|p2a: Talonflame|Talonflame, M|85/100
|move|p1a: Great Tusk|Bulk Up|p1a: Great Tusk
|-boost|p1a: Great Tusk|atk|1
|-boost|p1a: Great Tusk|def|1
|
|-heal|p1a: Great Tusk|100/100 psn|[from] move: Wish|[wisher] Clefable
|-damage|p1a: Great Tusk|88/100 psn|[from] psn
|upkeep
|turn|33
|
|t:|1776112859
|move|p1a: Great Tusk|Bulk Up|p1a: Great Tusk
|-boost|p1a: Great Tusk|atk|1
|-boost|p1a: Great Tusk|def|1
|move|p2a: Talonflame|Defog|p1a: Great Tusk
|-unboost|p1a: Great Tusk|evasion|1
|-sideend|p1: sam699|Spikes|[from] move: Defog|[of] p2a: Talonflame
|-sideend|p1: sam699|Toxic Spikes|[from] move: Defog|[of] p2a: Talonflame
|-sideend|p2: owtblastre Emily|Stealth Rock|[from] move: Defog|[of] p2a: Talonflame
|
|-damage|p1a: Great Tusk|76/100 psn|[from] psn
|upkeep
|turn|34
|
|t:|1776112865
|switch|p2a: Dondozo|Dondozo, F|100/100
|move|p1a: Great Tusk|Bulk Up|p1a: Great Tusk
|-boost|p1a: Great Tusk|atk|1
|-boost|p1a: Great Tusk|def|1
|
|-damage|p1a: Great Tusk|63/100 psn|[from] psn
|upkeep
|turn|35
|c|☆owtblastre Emily|is this fucking earth plate like what
|
|t:|1776112879
|-end|p1a: Great Tusk|Protosynthesis|[silent]
|switch|p1a: Rillaboom|Rillaboom, F|100/100
|-fieldstart|move: Grassy Terrain|[from] ability: Grassy Surge|[of] p1a: Rillaboom
|move|p2a: Dondozo|Avalanche|p1a: Rillaboom
|-supereffective|p1a: Rillaboom
|-damage|p1a: Rillaboom|69/100
|
|-heal|p1a: Rillaboom|76/100|[from] Grassy Terrain
|upkeep
|turn|36
|
|t:|1776112886
|switch|p2a: Talonflame|Talonflame, M|85/100
|move|p1a: Rillaboom|Knock Off|p2a: Talonflame
|-damage|p2a: Talonflame|36/100
|-enditem|p2a: Talonflame|Heavy-Duty Boots|[from] move: Knock Off|[of] p1a: Rillaboom
|
|-heal|p1a: Rillaboom|82/100|[from] Grassy Terrain
|upkeep
|turn|37
|
|t:|1776112897
|switch|p1a: Walking Wake|Walking Wake|42/100 psn
|move|p2a: Talonflame|Roost|p2a: Talonflame
|-heal|p2a: Talonflame|86/100
|-singleturn|p2a: Talonflame|move: Roost
|
|-heal|p1a: Walking Wake|49/100 psn|[from] Grassy Terrain
|-heal|p2a: Talonflame|92/100|[from] Grassy Terrain
|-damage|p1a: Walking Wake|36/100 psn|[from] psn
|upkeep
|turn|38
|
|t:|1776112905
|switch|p2a: Blissey|Blissey, F|86/100
|move|p1a: Walking Wake|Draco Meteor|p2a: Blissey
|-damage|p2a: Blissey|60/100
|-unboost|p1a: Walking Wake|spa|2
|-damage|p1a: Walking Wake|26/100 psn|[from] item: Life Orb
|
|-heal|p1a: Walking Wake|33/100 psn|[from] Grassy Terrain
|-heal|p2a: Blissey|66/100|[from] Grassy Terrain
|-heal|p2a: Blissey|72/100|[from] item: Leftovers
|-damage|p1a: Walking Wake|20/100 psn|[from] psn
|upkeep
|turn|39
|
|t:|1776112912
|-end|p1a: Walking Wake|Protosynthesis|[silent]
|switch|p1a: Zapdos|Zapdos|74/100
|move|p2a: Blissey|Stealth Rock|p1a: Zapdos
|-sidestart|p1: sam699|move: Stealth Rock
|
|-heal|p2a: Blissey|78/100|[from] Grassy Terrain
|-heal|p2a: Blissey|85/100|[from] item: Leftovers
|-fieldend|move: Grassy Terrain
|upkeep
|turn|40
|c|☆owtblastre Emily|why is this sub lorb
|c|☆owtblastre Emily|many questions
|c|☆sam699|indeed
|
|t:|1776112934
|move|p1a: Zapdos|Volt Switch|p2a: Blissey
|-damage|p2a: Blissey|76/100
|
|t:|1776112939
|switch|p1a: Walking Wake|Walking Wake|20/100 psn|[from] Volt Switch
|-damage|p1a: Walking Wake|8/100 psn|[from] Stealth Rock
|move|p2a: Blissey|Seismic Toss|p1a: Walking Wake
|-damage|p1a: Walking Wake|0 fnt
|faint|p1a: Walking Wake
|-end|p1a: Walking Wake|Protosynthesis|[silent]
|
|-heal|p2a: Blissey|83/100|[from] item: Leftovers
|upkeep
|
|t:|1776112948
|switch|p1a: Great Tusk|Great Tusk|63/100 psn
|-damage|p1a: Great Tusk|60/100 psn|[from] Stealth Rock
|turn|41
|
|t:|1776112952
|switch|p2a: Dondozo|Dondozo, F|100/100
|move|p1a: Great Tusk|Close Combat|p2a: Dondozo
|-damage|p2a: Dondozo|74/100
|-unboost|p1a: Great Tusk|def|1
|-unboost|p1a: Great Tusk|spd|1
|
|-heal|p2a: Dondozo|80/100|[from] item: Leftovers
|-damage|p1a: Great Tusk|48/100 psn|[from] psn
|upkeep
|turn|42
|
|t:|1776112960
|move|p1a: Great Tusk|Headlong Rush|p2a: Dondozo
|-damage|p2a: Dondozo|49/100
|-unboost|p1a: Great Tusk|def|1
|-unboost|p1a: Great Tusk|spd|1
|move|p2a: Dondozo|Avalanche|p1a: Great Tusk
|-supereffective|p1a: Great Tusk
|-damage|p1a: Great Tusk|9/100 psn
|-damage|p2a: Dondozo|33/100|[from] item: Rocky Helmet|[of] p1a: Great Tusk
|
|-heal|p2a: Dondozo|39/100|[from] item: Leftovers
|-damage|p1a: Great Tusk|0 fnt|[from] psn
|faint|p1a: Great Tusk
|-end|p1a: Great Tusk|Protosynthesis|[silent]
|upkeep
|
|t:|1776112966
|switch|p1a: Rillaboom|Rillaboom, F|82/100
|-damage|p1a: Rillaboom|69/100|[from] Stealth Rock
|-fieldstart|move: Grassy Terrain|[from] ability: Grassy Surge|[of] p1a: Rillaboom
|turn|43
|c|☆owtblastre Emily|oh it is earth plate lmao
|
|t:|1776112975
|switch|p2a: Talonflame|Talonflame, M|92/100
|move|p1a: Rillaboom|Knock Off|p2a: Talonflame
|-damage|p2a: Talonflame|60/100
|
|-heal|p1a: Rillaboom|76/100|[from] Grassy Terrain
|upkeep
|turn|44
|c|☆sam699|ngl
|c|☆sam699|I mightve gotten 4 stall teams in a row
|inactive|sam699 has 120 seconds left.
|
|t:|1776113023
|move|p2a: Talonflame|Roost|p2a: Talonflame
|-heal|p2a: Talonflame|100/100
|-singleturn|p2a: Talonflame|move: Roost
|move|p1a: Rillaboom|Knock Off|p2a: Talonflame
|-damage|p2a: Talonflame|67/100
|-status|p1a: Rillaboom|brn|[from] ability: Flame Body|[of] p2a: Talonflame
|
|-heal|p2a: Talonflame|73/100|[from] Grassy Terrain
|-heal|p1a: Rillaboom|82/100 brn|[from] Grassy Terrain
|-damage|p1a: Rillaboom|76/100 brn|[from] brn
|upkeep
|turn|45
|-message|sam699 forfeited.
|
|win|owtblastre Emily
|raw|sam699's rating: 1469 &rarr; <strong>1449</strong><br />(-20 for losing)
|raw|owtblastre Emily's rating: 1472 &rarr; <strong>1492</strong><br />(+20 for winning)
|l|☆sam699
|player|p1|
|l|☆owtblastre Emily
|player|p2|
|l| timid nidoking
