|html|<div class="broadcast-blue"><strong>[Gen 9] OU is currently suspecting Tera Blast! For information on how to participate check out the <a href="https://www.smogon.com/tools/suspects/view/200">suspect thread</a>.</strong></div>
|j|☆nass253
|j|☆Exopa#8998
|t:|1776252518
|gametype|singles
|player|p1|nass253|266|1195
|player|p2|Exopa#8998|unknown|1154
|gen|9
|tier|[Gen 9] OU
|rated|
|rule|HP Percentage Mod: HP is shown in percentages
|rule|Endless Battle Clause: Forcing endless battles is banned
|rule|Species Clause: Limit one of each Pokémon
|rule|OHKO Clause: OHKO moves are banned
|rule|Evasion Items Clause: Evasion items are banned
|rule|Evasion Moves Clause: Evasion moves are banned
|rule|Evasion Abilities Clause: Evasion abilities are banned
|rule|Sleep Moves Clause: Sleep-inducing moves are banned
|clearpoke
|poke|p1|Glimmora, M|
|poke|p1|Kingambit, M|
|poke|p1|Darkrai|
|poke|p1|Zamazenta-*|
|poke|p1|Dragonite, F|
|poke|p1|Iron Valiant|
|poke|p2|Zoroark, M|
|poke|p2|Crabominable, M|
|poke|p2|Salamence, M|
|poke|p2|Gliscor, F|
|poke|p2|Dusclops, F|
|poke|p2|Slowking-Galar, F|
|teampreview
|
|t:|1776252540
|teamsize|p1|6
|teamsize|p2|6
|start
|switch|p1a: Glimmora|Glimmora, M|100/100
|switch|p2a: Gliscor|Gliscor, F|100/100
|turn|1
|
|t:|1776252561
|move|p1a: Glimmora|Stealth Rock|p2a: Gliscor
|-sidestart|p2: Exopa#8998|move: Stealth Rock
|move|p2a: Gliscor|Earthquake|p1a: Glimmora
|-supereffective|p1a: Glimmora
|-enditem|p1a: Glimmora|Focus Sash
|-damage|p1a: Glimmora|1/100
|-activate|p1a: Glimmora|ability: Toxic Debris
|-sidestart|p2: Exopa#8998|move: Toxic Spikes
|
|-status|p2a: Gliscor|tox|[from] item: Toxic Orb
|upkeep
|turn|2
|
|t:|1776252576
|switch|p1a: Dragonite|Dragonite, F|100/100
|move|p2a: Gliscor|Earthquake|p1a: Dragonite
|-immune|p1a: Dragonite
|
|upkeep
|turn|3
|
|t:|1776252583
|move|p2a: Gliscor|U-turn|p1a: Dragonite
|-resisted|p1a: Dragonite
|-damage|p1a: Dragonite|96/100
|inactive|Battle timer is ON: inactive players will automatically lose when time's up. (requested by nass253)
|
|t:|1776252640
|switch|p2a: Crabominable|Crabominable, M|100/100|[from] U-turn
|-damage|p2a: Crabominable|88/100|[from] Stealth Rock
|-status|p2a: Crabominable|psn
|move|p1a: Dragonite|Ice Spinner|p2a: Crabominable
|-resisted|p2a: Crabominable
|-damage|p2a: Crabominable|68/100 psn
|
|-damage|p2a: Crabominable|56/100 psn|[from] psn
|upkeep
|turn|4
|
|t:|1776252655
|-terastallize|p2a: Crabominable|Fighting
|move|p1a: Dragonite|Dragon Dance|p1a: Dragonite
|-boost|p1a: Dragonite|atk|1
|-boost|p1a: Dragonite|spe|1
|move|p2a: Crabominable|Ice Hammer|p1a: Dragonite
|-supereffective|p1a: Dragonite
|-damage|p1a: Dragonite|0 fnt
|-unboost|p2a: Crabominable|spe|1
|faint|p1a: Dragonite
|
|-damage|p2a: Crabominable|44/100 psn|[from] psn
|upkeep
|
|t:|1776252669
|switch|p1a: Iron Valiant|Iron Valiant|100/100
|-enditem|p1a: Iron Valiant|Booster Energy
|-activate|p1a: Iron Valiant|ability: Quark Drive|[fromitem]
|-start|p1a: Iron Valiant|quarkdrivespe
|turn|5
|
|t:|1776252682
|switch|p2a: Gliscor|Gliscor, F|100/100 tox
|-damage|p2a: Gliscor|88/100 tox|[from] Stealth Rock
|move|p1a: Iron Valiant|Calm Mind|p1a: Iron Valiant
|-boost|p1a: Iron Valiant|spa|1
|-boost|p1a: Iron Valiant|spd|1
|
|-heal|p2a: Gliscor|100/100 tox|[from] ability: Poison Heal
|upkeep
|turn|6
|
|t:|1776252692
|move|p1a: Iron Valiant|Calm Mind|p1a: Iron Valiant
|-boost|p1a: Iron Valiant|spa|1
|-boost|p1a: Iron Valiant|spd|1
|move|p2a: Gliscor|Toxic|p1a: Iron Valiant
|-status|p1a: Iron Valiant|tox
|
|-damage|p1a: Iron Valiant|94/100 tox|[from] psn
|upkeep
|turn|7
|
|t:|1776252700
|move|p1a: Iron Valiant|Moonblast|p2a: Gliscor
|-damage|p2a: Gliscor|2/100 tox
|move|p2a: Gliscor|Stealth Rock|p1a: Iron Valiant
|-sidestart|p1: nass253|move: Stealth Rock
|
|-damage|p1a: Iron Valiant|82/100 tox|[from] psn
|-heal|p2a: Gliscor|14/100 tox|[from] ability: Poison Heal
|upkeep
|turn|8
|
|t:|1776252712
|switch|p2a: Slowking|Slowking-Galar, F|100/100
|-damage|p2a: Slowking|88/100|[from] Stealth Rock
|-sideend|p2: Exopa#8998|move: Toxic Spikes|[of] p2a: Slowking
|move|p1a: Iron Valiant|Vacuum Wave|p2a: Slowking
|-resisted|p2a: Slowking
|-damage|p2a: Slowking|84/100
|
|-damage|p1a: Iron Valiant|63/100 tox|[from] psn
|upkeep
|turn|9
|
|t:|1776252724
|move|p1a: Iron Valiant|Shadow Ball|p2a: Slowking
|-supereffective|p2a: Slowking
|-damage|p2a: Slowking|42/100
|move|p2a: Slowking|Sludge Bomb|p1a: Iron Valiant
|-supereffective|p1a: Iron Valiant
|-damage|p1a: Iron Valiant|0 fnt
|faint|p1a: Iron Valiant
|-end|p1a: Iron Valiant|Quark Drive|[silent]
|
|upkeep
|
|t:|1776252732
|switch|p1a: Darkrai|Darkrai|100/100
|-damage|p1a: Darkrai|88/100|[from] Stealth Rock
|turn|10
|
|t:|1776252755
|switch|p2a: Gliscor|Gliscor, F|14/100 tox
|-damage|p2a: Gliscor|2/100 tox|[from] Stealth Rock
|move|p1a: Darkrai|Focus Blast|p2a: Gliscor
|-resisted|p2a: Gliscor
|-damage|p2a: Gliscor|0 fnt
|faint|p2a: Gliscor
|
|upkeep
|
|t:|1776252764
|switch|p2a: Dusclops|Dusclops, F|100/100
|-damage|p2a: Dusclops|88/100|[from] Stealth Rock
|turn|11
|
|t:|1776252775
|switch|p1a: Kingambit|Kingambit, M|100/100
|-damage|p1a: Kingambit|94/100|[from] Stealth Rock
|-activate|p1a: Kingambit|ability: Supreme Overlord
|-start|p1a: Kingambit|fallen2|[silent]
|move|p2a: Dusclops|Nasty Plot|p2a: Dusclops
|-boost|p2a: Dusclops|spa|2
|
|upkeep
|turn|12
|
|t:|1776252785
|move|p2a: Dusclops|Focus Blast|p1a: Kingambit
|-supereffective|p1a: Kingambit
|-damage|p1a: Kingambit|0 fnt
|faint|p1a: Kingambit
|-end|p1a: Kingambit|fallen2|[silent]
|-damage|p2a: Dusclops|78/100|[from] item: Life Orb
|
|upkeep
|
|t:|1776252791
|switch|p1a: Darkrai|Darkrai|88/100
|-damage|p1a: Darkrai|76/100|[from] Stealth Rock
|turn|13
|
|t:|1776252795
|move|p1a: Darkrai|Dark Pulse|p2a: Dusclops
|-resisted|p2a: Dusclops
|-damage|p2a: Dusclops|33/100
|replace|p2a: Zoroark|Zoroark, M
|-end|p2a: Zoroark|Illusion
|move|p2a: Zoroark|Focus Blast|p1a: Darkrai
|-supereffective|p1a: Darkrai
|-damage|p1a: Darkrai|0 fnt
|faint|p1a: Darkrai
|-damage|p2a: Zoroark|23/100|[from] item: Life Orb
|
|upkeep
|
|t:|1776252805
|switch|p1a: Glimmora|Glimmora, M|1/100
|-damage|p1a: Glimmora|0 fnt|[from] Stealth Rock
|faint|p1a: Glimmora
|
|t:|1776252809
|switch|p1a: Zamazenta|Zamazenta|100/100
|-damage|p1a: Zamazenta|94/100|[from] Stealth Rock
|-ability|p1a: Zamazenta|Dauntless Shield|boost
|-boost|p1a: Zamazenta|def|1
|turn|14
|
|t:|1776252818
|move|p1a: Zamazenta|Body Press|p2a: Zoroark
|-supereffective|p2a: Zoroark
|-damage|p2a: Zoroark|0 fnt
|faint|p2a: Zoroark
|
|-heal|p1a: Zamazenta|100/100|[from] item: Leftovers
|upkeep
|
|t:|1776252825
|switch|p2a: Slowking|Slowking-Galar, F|75/100
|-damage|p2a: Slowking|63/100|[from] Stealth Rock
|turn|15
|
|t:|1776252831
|move|p1a: Zamazenta|Crunch|p2a: Slowking
|-supereffective|p2a: Slowking
|-damage|p2a: Slowking|18/100
|move|p2a: Slowking|Future Sight|p1a: Zamazenta
|-start|p2a: Slowking|move: Future Sight
|
|upkeep
|turn|16
|
|t:|1776252838
|switch|p2a: Crabominable|Crabominable, M, tera:Fighting|44/100 psn
|-damage|p2a: Crabominable|38/100 psn|[from] Stealth Rock
|move|p1a: Zamazenta|Roar|p2a: Crabominable
|drag|p2a: Slowking|Slowking-Galar, F|51/100
|-damage|p2a: Slowking|39/100|[from] Stealth Rock
|
|upkeep
|turn|17
|
|t:|1776252847
|switch|p2a: Crabominable|Crabominable, M, tera:Fighting|38/100 psn
|-damage|p2a: Crabominable|32/100 psn|[from] Stealth Rock
|move|p1a: Zamazenta|Roar|p2a: Crabominable
|drag|p2a: Salamence|Salamence, M|100/100
|-ability|p2a: Salamence|Intimidate|boost
|-unboost|p1a: Zamazenta|atk|1
|
|-end|p1a: Zamazenta|move: Future Sight
|-supereffective|p1a: Zamazenta
|-damage|p1a: Zamazenta|23/100
|-heal|p1a: Zamazenta|29/100|[from] item: Leftovers
|upkeep
|turn|18
|
|t:|1776252865
|move|p1a: Zamazenta|Iron Defense|p1a: Zamazenta
|-boost|p1a: Zamazenta|def|2
|move|p2a: Salamence|Dual Wingbeat|p1a: Zamazenta
|-supereffective|p1a: Zamazenta
|-damage|p1a: Zamazenta|16/100
|-supereffective|p1a: Zamazenta
|-damage|p1a: Zamazenta|3/100
|-hitcount|p1a: Zamazenta|2
|
|-heal|p1a: Zamazenta|9/100|[from] item: Leftovers
|upkeep
|turn|19
|
|t:|1776252874
|move|p1a: Zamazenta|Iron Defense|p1a: Zamazenta
|-boost|p1a: Zamazenta|def|2
|move|p2a: Salamence|Dual Wingbeat|p1a: Zamazenta
|-supereffective|p1a: Zamazenta
|-damage|p1a: Zamazenta|0 fnt
|faint|p1a: Zamazenta
|-hitcount|p1: Zamazenta|1
|
|win|Exopa#8998
|raw|nass253's rating: 1195 &rarr; <strong>1167</strong><br />(-28 for losing)
|raw|Exopa#8998's rating: 1154 &rarr; <strong>1182</strong><br />(+28 for winning)
|l|☆nass253
|player|p1|
