|html|<div class="broadcast-blue"><strong>[Gen 9] OU is currently suspecting Volcarona! For information on how to participate check out the <a href="https://www.smogon.com/tools/suspects/view/208">suspect thread</a>.</strong></div>
|j|‽itiksane
|j|☆Curious kitkat
|t:|1778502723
|gametype|singles
|player|p1|itiksane|265|1115
|player|p2|Curious kitkat|iris-gen5bw2|1142
|gen|9
|tier|[Gen 9] OU
|rated|
|rule|HP Percentage Mod: HP is shown in percentages
|rule|Endless Battle Clause: Forcing endless battles is banned
|rule|Species Clause: Limit one of each Pokémon
|rule|OHKO Clause: OHKO moves are banned
|rule|Evasion Items Clause: Evasion items are banned
|rule|Evasion Moves Clause: Evasion moves are banned
|rule|Evasion Abilities Clause: Evasion abilities are banned
|rule|Sleep Moves Clause: Sleep-inducing moves are banned
|clearpoke
|poke|p1|Magmortar, F|
|poke|p1|Azelf|
|poke|p1|Yanmega, M|
|poke|p1|Rampardos, M|
|poke|p1|Cyclizar, M|
|poke|p1|Bruxish, F|
|poke|p2|Ogerpon-Wellspring, F|
|poke|p2|Glimmora, M|
|poke|p2|Gliscor, M|
|poke|p2|Primarina, F|
|poke|p2|Dragapult, F|
|poke|p2|Moltres|
|teampreview
|inactive|Battle timer is ON: inactive players will automatically lose when time's up. (requested by Curious kitkat)
|
|t:|1778502728
|teamsize|p1|6
|teamsize|p2|6
|start
|switch|p1a: Magmortar|Magmortar, F|100/100
|switch|p2a: Glimmora|Glimmora, M|100/100
|turn|1
|
|t:|1778502742
|move|p2a: Glimmora|Stealth Rock|p1a: Magmortar
|-sidestart|p1: itiksane|move: Stealth Rock
|move|p1a: Magmortar|Belly Drum|p1a: Magmortar
|-damage|p1a: Magmortar|50/100
|-setboost|p1a: Magmortar|atk|6|[from] move: Belly Drum
|-enditem|p1a: Magmortar|Sitrus Berry|[eat]
|-heal|p1a: Magmortar|75/100|[from] item: Sitrus Berry
|
|upkeep
|turn|2
|
|t:|1778502753
|move|p2a: Glimmora|Toxic|p1a: Magmortar
|-status|p1a: Magmortar|tox
|move|p1a: Magmortar|Flame Charge|p2a: Glimmora
|-resisted|p2a: Glimmora
|-damage|p2a: Glimmora|58/100
|-boost|p1a: Magmortar|spe|1
|
|-damage|p1a: Magmortar|69/100 tox|[from] psn
|upkeep
|turn|3
|
|t:|1778502762
|move|p2a: Glimmora|Spiky Shield|p2a: Glimmora
|-singleturn|p2a: Glimmora|move: Protect
|move|p1a: Magmortar|Knock Off|p2a: Glimmora
|-activate|p2a: Glimmora|move: Protect
|-damage|p1a: Magmortar|57/100 tox|[from] Spiky Shield|[of] p2a: Glimmora
|
|-damage|p1a: Magmortar|45/100 tox|[from] psn
|upkeep
|turn|4
|
|t:|1778502769
|move|p1a: Magmortar|Knock Off|p2a: Glimmora
|-damage|p2a: Glimmora|0 fnt
|-enditem|p2a: Glimmora|Focus Sash|[from] move: Knock Off|[of] p1a: Magmortar
|faint|p2a: Glimmora
|
|-damage|p1a: Magmortar|26/100 tox|[from] psn
|upkeep
|
|t:|1778502778
|switch|p2a: Dragapult|Dragapult, F|100/100
|turn|5
|
|t:|1778502785
|move|p2a: Dragapult|Sucker Punch|p1a: Magmortar
|-damage|p1a: Magmortar|0 fnt
|faint|p1a: Magmortar
|
|upkeep
|
|t:|1778502793
|switch|p1a: Azelf|Azelf|100/100
|-damage|p1a: Azelf|88/100|[from] Stealth Rock
|turn|6
|
|t:|1778502799
|move|p2a: Dragapult|Phantom Force||[still]
|-prepare|p2a: Dragapult|Phantom Force
|move|p1a: Azelf|Stealth Rock|p2a: Dragapult
|-sidestart|p2: Curious kitkat|move: Stealth Rock
|
|upkeep
|turn|7
|
|t:|1778502807
|switch|p1a: Cyclizar|Cyclizar, M|100/100
|-damage|p1a: Cyclizar|88/100|[from] Stealth Rock
|move|p2a: Dragapult|Phantom Force|p1a: Cyclizar|[from] lockedmove
|-immune|p1a: Cyclizar
|
|upkeep
|turn|8
|
|t:|1778502820
|switch|p1a: Azelf|Azelf|88/100
|-damage|p1a: Azelf|76/100|[from] Stealth Rock
|move|p2a: Dragapult|Dragon Darts|p1a: Azelf
|-damage|p1a: Azelf|33/100
|-anim|p2a: Dragapult|Dragon Darts|p1a: Azelf
|-damage|p1a: Azelf|0 fnt
|faint|p1a: Azelf
|
|upkeep
|
|t:|1778502833
|switch|p1a: Rampardos|Rampardos, M|100/100
|-damage|p1a: Rampardos|88/100|[from] Stealth Rock
|-ability|p1a: Rampardos|Mold Breaker
|turn|9
|
|t:|1778502844
|move|p2a: Dragapult|Dragon Darts|p1a: Rampardos
|-crit|p1a: Rampardos
|-damage|p1a: Rampardos|34/100
|-anim|p2a: Dragapult|Dragon Darts|p1a: Rampardos
|-damage|p1a: Rampardos|0 fnt
|faint|p1a: Rampardos
|
|upkeep
|
|t:|1778502860
|switch|p1a: Bruxish|Bruxish, F|100/100
|-damage|p1a: Bruxish|88/100|[from] Stealth Rock
|turn|10
|
|t:|1778502868
|switch|p1a: Cyclizar|Cyclizar, M|88/100
|-damage|p1a: Cyclizar|76/100|[from] Stealth Rock
|move|p2a: Dragapult|Protect||[still]
|-fail|p2a: Dragapult
|
|upkeep
|turn|11
|
|t:|1778502875
|switch|p1a: Bruxish|Bruxish, F|88/100
|-damage|p1a: Bruxish|76/100|[from] Stealth Rock
|move|p2a: Dragapult|Dragon Darts|p1a: Bruxish
|-damage|p1a: Bruxish|38/100
|-anim|p2a: Dragapult|Dragon Darts|p1a: Bruxish
|-crit|p1a: Bruxish
|-damage|p1a: Bruxish|0 fnt
|faint|p1a: Bruxish
|
|upkeep
|
|t:|1778502886
|switch|p1a: Yanmega|Yanmega, M|100/100
|-damage|p1a: Yanmega|51/100|[from] Stealth Rock
|turn|12
|
|t:|1778502902
|-terastallize|p1a: Yanmega|Bug
|move|p2a: Dragapult|Dragon Darts|p1a: Yanmega
|-damage|p1a: Yanmega|22/100
|-anim|p2a: Dragapult|Dragon Darts|p1a: Yanmega
|-damage|p1a: Yanmega|0 fnt
|faint|p1a: Yanmega
|
|upkeep
|
|t:|1778502910
|switch|p1a: Cyclizar|Cyclizar, M|76/100
|-damage|p1a: Cyclizar|63/100|[from] Stealth Rock
|turn|13
|
|t:|1778502918
|move|p2a: Dragapult|Dragon Darts|p1a: Cyclizar
|-supereffective|p1a: Cyclizar
|-damage|p1a: Cyclizar|0 fnt
|faint|p1a: Cyclizar
|
|win|Curious kitkat
|raw|itiksane's rating: 1115 &rarr; <strong>1092</strong><br />(-23 for losing)
|raw|Curious kitkat's rating: 1142 &rarr; <strong>1165</strong><br />(+23 for winning)
|l|☆Curious kitkat
|player|p2|
|l|‽itiksane
|player|p1|
