|html|<div class="broadcast-blue"><strong>[Gen 9] OU is currently suspecting Volcarona! For information on how to participate check out the <a href="https://www.smogon.com/tools/suspects/view/208">suspect thread</a>.</strong></div>
|j|☆thanous123
|j|☆batocom
|t:|1778503452
|gametype|singles
|player|p1|thanous123|170|1447
|player|p2|batocom|lucas|1490
|gen|9
|tier|[Gen 9] OU
|rated|
|rule|HP Percentage Mod: HP is shown in percentages
|rule|Endless Battle Clause: Forcing endless battles is banned
|rule|Species Clause: Limit one of each Pokémon
|rule|OHKO Clause: OHKO moves are banned
|rule|Evasion Items Clause: Evasion items are banned
|rule|Evasion Moves Clause: Evasion moves are banned
|rule|Evasion Abilities Clause: Evasion abilities are banned
|rule|Sleep Moves Clause: Sleep-inducing moves are banned
|clearpoke
|poke|p1|Gliscor, M|
|poke|p1|Heatran, F|
|poke|p1|Ogerpon-Wellspring, F|
|poke|p1|Rillaboom, F|
|poke|p1|Regieleki|
|poke|p1|Volcarona, F|
|poke|p2|Iron Boulder|
|poke|p2|Ribombee, M|
|poke|p2|Ogerpon-Wellspring, F|
|poke|p2|Darkrai|
|poke|p2|Volcarona, F|
|poke|p2|Great Tusk|
|teampreview
|
|t:|1778503469
|teamsize|p1|6
|teamsize|p2|6
|start
|switch|p1a: Volcarona|Volcarona, F|100/100
|switch|p2a: Ribombee|Ribombee, M|100/100
|turn|1
|
|t:|1778503472
|move|p2a: Ribombee|Trick|p1a: Volcarona
|-activate|p2a: Ribombee|move: Trick|[of] p1a: Volcarona
|-item|p1a: Volcarona|Choice Scarf|[from] move: Trick
|-item|p2a: Ribombee|Heavy-Duty Boots|[from] move: Trick
|move|p1a: Volcarona|Quiver Dance|p1a: Volcarona
|-boost|p1a: Volcarona|spa|1
|-boost|p1a: Volcarona|spd|1
|-boost|p1a: Volcarona|spe|1
|
|upkeep
|turn|2
|
|t:|1778503482
|switch|p1a: Heatran|Heatran, F|100/100
|move|p2a: Ribombee|Sticky Web|p1a: Heatran
|-sidestart|p1: thanous123|move: Sticky Web
|
|upkeep
|turn|3
|
|t:|1778503492
|move|p2a: Ribombee|Stun Spore|p1a: Heatran
|-status|p1a: Heatran|par
|cant|p1a: Heatran|par
|
|upkeep
|turn|4
|
|t:|1778503497
|move|p2a: Ribombee|Moonblast|p1a: Heatran
|-resisted|p1a: Heatran
|-damage|p1a: Heatran|95/100 par
|cant|p1a: Heatran|par
|
|-heal|p1a: Heatran|100/100 par|[from] item: Leftovers
|upkeep
|turn|5
|
|t:|1778503502
|move|p2a: Ribombee|Trick|p1a: Heatran
|-activate|p2a: Ribombee|move: Trick|[of] p1a: Heatran
|-item|p1a: Heatran|Heavy-Duty Boots|[from] move: Trick
|-item|p2a: Ribombee|Leftovers|[from] move: Trick
|cant|p1a: Heatran|par
|
|upkeep
|turn|6
|
|t:|1778503509
|move|p2a: Ribombee|Moonblast|p1a: Heatran
|-resisted|p1a: Heatran
|-crit|p1a: Heatran
|-damage|p1a: Heatran|91/100 par
|move|p1a: Heatran|Stealth Rock|p2a: Ribombee
|-sidestart|p2: batocom|move: Stealth Rock
|
|upkeep
|turn|7
|
|t:|1778503520
|move|p2a: Ribombee|Moonblast|p1a: Heatran
|-resisted|p1a: Heatran
|-damage|p1a: Heatran|85/100 par
|cant|p1a: Heatran|par
|
|upkeep
|turn|8
|
|t:|1778503538
|switch|p1a: Regieleki|Regieleki|100/100
|move|p2a: Ribombee|Moonblast|p1a: Regieleki
|-damage|p1a: Regieleki|35/100
|-unboost|p1a: Regieleki|spa|1
|
|upkeep
|turn|9
|
|t:|1778503545
|-terastallize|p2a: Ribombee|Ghost
|move|p1a: Regieleki|Rapid Spin|p2a: Ribombee
|-immune|p2a: Ribombee
|move|p2a: Ribombee|Moonblast|p1a: Regieleki
|-damage|p1a: Regieleki|0 fnt
|faint|p1a: Regieleki
|
|upkeep
|
|t:|1778503554
|switch|p1a: Gliscor|Gliscor, M|100/100
|turn|10
|
|t:|1778503558
|-terastallize|p1a: Gliscor|Ground
|move|p2a: Ribombee|Trick|p1a: Gliscor
|-activate|p2a: Ribombee|move: Trick|[of] p1a: Gliscor
|-item|p1a: Gliscor|Leftovers|[from] move: Trick
|-item|p2a: Ribombee|Toxic Orb|[from] move: Trick
|move|p1a: Gliscor|Spikes|p2a: Ribombee
|-sidestart|p2: batocom|Spikes
|
|-status|p2a: Ribombee|tox|[from] item: Toxic Orb
|upkeep
|turn|11
|
|t:|1778503569
|move|p1a: Gliscor|Protect|p1a: Gliscor
|-singleturn|p1a: Gliscor|Protect
|move|p2a: Ribombee|Stun Spore|p1a: Gliscor
|-activate|p1a: Gliscor|move: Protect
|
|-damage|p2a: Ribombee|94/100 tox|[from] psn
|upkeep
|turn|12
|
|t:|1778503573
|move|p2a: Ribombee|Stun Spore|p1a: Gliscor|[miss]
|-miss|p2a: Ribombee|p1a: Gliscor
|move|p1a: Gliscor|Spikes|p2a: Ribombee
|-sidestart|p2: batocom|Spikes
|
|-damage|p2a: Ribombee|82/100 tox|[from] psn
|upkeep
|turn|13
|
|t:|1778503577
|move|p2a: Ribombee|Moonblast|p1a: Gliscor
|-damage|p1a: Gliscor|48/100
|-unboost|p1a: Gliscor|spa|1
|move|p1a: Gliscor|Spikes|p2a: Ribombee
|-sidestart|p2: batocom|Spikes
|
|-heal|p1a: Gliscor|54/100|[from] item: Leftovers
|-damage|p2a: Ribombee|64/100 tox|[from] psn
|upkeep
|turn|14
|
|t:|1778503584
|move|p1a: Gliscor|Protect|p1a: Gliscor
|-singleturn|p1a: Gliscor|Protect
|move|p2a: Ribombee|Stun Spore|p1a: Gliscor
|-activate|p1a: Gliscor|move: Protect
|
|-heal|p1a: Gliscor|60/100|[from] item: Leftovers
|-damage|p2a: Ribombee|39/100 tox|[from] psn
|upkeep
|turn|15
|
|t:|1778503590
|switch|p1a: Rillaboom|Rillaboom, F|100/100
|-activate|p1a: Rillaboom|move: Sticky Web
|-unboost|p1a: Rillaboom|spe|1
|-fieldstart|move: Grassy Terrain|[from] ability: Grassy Surge|[of] p1a: Rillaboom
|move|p2a: Ribombee|Moonblast|p1a: Rillaboom
|-damage|p1a: Rillaboom|46/100
|
|-heal|p2a: Ribombee|45/100 tox|[from] Grassy Terrain
|-heal|p1a: Rillaboom|52/100|[from] Grassy Terrain
|-damage|p2a: Ribombee|15/100 tox|[from] psn
|upkeep
|turn|16
|
|t:|1778503603
|switch|p1a: Heatran|Heatran, F|85/100 par
|move|p2a: Ribombee|Trick|p1a: Heatran
|-activate|p2a: Ribombee|move: Trick|[of] p1a: Heatran
|-item|p1a: Heatran|Toxic Orb|[from] move: Trick
|-item|p2a: Ribombee|Heavy-Duty Boots|[from] move: Trick
|
|-heal|p2a: Ribombee|21/100 tox|[from] Grassy Terrain
|-heal|p1a: Heatran|91/100 par|[from] Grassy Terrain
|-damage|p2a: Ribombee|0 fnt|[from] psn
|faint|p2a: Ribombee
|upkeep
|
|t:|1778503607
|switch|p2a: Great Tusk|Great Tusk|100/100
|turn|17
|
|t:|1778503616
|move|p2a: Great Tusk|Rapid Spin|p1a: Heatran
|-resisted|p1a: Heatran
|-damage|p1a: Heatran|84/100 par
|-boost|p2a: Great Tusk|spe|1
|-sideend|p2: batocom|Spikes|[from] move: Rapid Spin|[of] p2a: Great Tusk
|-sideend|p2: batocom|Stealth Rock|[from] move: Rapid Spin|[of] p2a: Great Tusk
|move|p1a: Heatran|Magma Storm|p2a: Great Tusk
|-damage|p2a: Great Tusk|36/100
|-activate|p2a: Great Tusk|move: Magma Storm|[of] p1a: Heatran
|
|-heal|p2a: Great Tusk|42/100|[from] Grassy Terrain
|-heal|p1a: Heatran|90/100 par|[from] Grassy Terrain
|-damage|p2a: Great Tusk|29/100|[from] move: Magma Storm|[partiallytrapped]
|upkeep
|turn|18
|
|t:|1778503632
|move|p1a: Heatran|Protect|p1a: Heatran
|-singleturn|p1a: Heatran|Protect
|move|p2a: Great Tusk|Headlong Rush|p1a: Heatran
|-activate|p1a: Heatran|move: Protect
|
|-heal|p2a: Great Tusk|36/100|[from] Grassy Terrain
|-heal|p1a: Heatran|96/100 par|[from] Grassy Terrain
|-damage|p2a: Great Tusk|23/100|[from] move: Magma Storm|[partiallytrapped]
|upkeep
|turn|19
|
|t:|1778503646
|switch|p1a: Ogerpon|Ogerpon-Wellspring, F|100/100
|-activate|p1a: Ogerpon|move: Sticky Web
|-unboost|p1a: Ogerpon|spe|1
|move|p2a: Great Tusk|Headlong Rush|p1a: Ogerpon
|-resisted|p1a: Ogerpon
|-damage|p1a: Ogerpon|57/100
|-unboost|p2a: Great Tusk|def|1
|-unboost|p2a: Great Tusk|spd|1
|
|-heal|p2a: Great Tusk|29/100|[from] Grassy Terrain
|-heal|p1a: Ogerpon|63/100|[from] Grassy Terrain
|-end|p2a: Great Tusk|Magma Storm|[partiallytrapped]|[silent]
|-fieldend|move: Grassy Terrain
|upkeep
|turn|20
|
|t:|1778503660
|-end|p2a: Great Tusk|Protosynthesis|[silent]
|switch|p2a: Ogerpon|Ogerpon-Wellspring, F|100/100
|move|p1a: Ogerpon|U-turn|p2a: Ogerpon
|-supereffective|p2a: Ogerpon
|-damage|p2a: Ogerpon|27/100
|
|t:|1778503665
|switch|p1a: Rillaboom|Rillaboom, F|52/100|[from] U-turn
|-activate|p1a: Rillaboom|move: Sticky Web
|-unboost|p1a: Rillaboom|spe|1
|-fieldstart|move: Grassy Terrain|[from] ability: Grassy Surge|[of] p1a: Rillaboom
|
|-heal|p2a: Ogerpon|33/100|[from] Grassy Terrain
|-heal|p1a: Rillaboom|58/100|[from] Grassy Terrain
|upkeep
|turn|21
|
|t:|1778503670
|switch|p2a: Volcarona|Volcarona, F|100/100
|move|p1a: Rillaboom|Knock Off|p2a: Volcarona
|-crit|p2a: Volcarona
|-damage|p2a: Volcarona|0 fnt
|-enditem|p2a: Volcarona|Heavy-Duty Boots|[from] move: Knock Off|[of] p1a: Rillaboom
|faint|p2a: Volcarona
|
|-heal|p1a: Rillaboom|64/100|[from] Grassy Terrain
|upkeep
|
|t:|1778503698
|switch|p2a: Great Tusk|Great Tusk|29/100
|turn|22
|
|t:|1778503724
|switch|p1a: Gliscor|Gliscor, M, tera:Ground|60/100
|-activate|p1a: Gliscor|move: Sticky Web
|-unboost|p1a: Gliscor|spe|1
|move|p2a: Great Tusk|Ice Spinner|p1a: Gliscor
|-supereffective|p1a: Gliscor
|-damage|p1a: Gliscor|28/100
|-fieldend|move: Grassy Terrain
|
|-heal|p1a: Gliscor|35/100|[from] item: Leftovers
|upkeep
|turn|23
|
|t:|1778503733
|move|p2a: Great Tusk|Ice Spinner|p1a: Gliscor
|-supereffective|p1a: Gliscor
|-damage|p1a: Gliscor|2/100
|move|p1a: Gliscor|Earthquake|p2a: Great Tusk
|-damage|p2a: Great Tusk|0 fnt
|faint|p2a: Great Tusk
|-end|p2a: Great Tusk|Protosynthesis|[silent]
|
|-heal|p1a: Gliscor|8/100|[from] item: Leftovers
|upkeep
|
|t:|1778503740
|switch|p2a: Ogerpon|Ogerpon-Wellspring, F|33/100
|turn|24
|
|t:|1778503744
|move|p2a: Ogerpon|Wood Hammer|p1a: Gliscor
|-supereffective|p1a: Gliscor
|-damage|p1a: Gliscor|0 fnt
|faint|p1a: Gliscor
|-damage|p2a: Ogerpon|30/100|[from] Recoil
|
|upkeep
|
|t:|1778503747
|switch|p1a: Rillaboom|Rillaboom, F|64/100
|-activate|p1a: Rillaboom|move: Sticky Web
|-unboost|p1a: Rillaboom|spe|1
|-fieldstart|move: Grassy Terrain|[from] ability: Grassy Surge|[of] p1a: Rillaboom
|turn|25
|
|t:|1778503755
|move|p2a: Ogerpon|Ivy Cudgel|p1a: Rillaboom|[anim] Ivy Cudgel Water
|-resisted|p1a: Rillaboom
|-damage|p1a: Rillaboom|31/100
|move|p1a: Rillaboom|U-turn|p2a: Ogerpon
|-supereffective|p2a: Ogerpon
|-damage|p2a: Ogerpon|0 fnt
|faint|p2a: Ogerpon
|
|t:|1778503762
|switch|p1a: Volcarona|Volcarona, F|100/100|[from] U-turn
|-activate|p1a: Volcarona|move: Sticky Web
|-unboost|p1a: Volcarona|spe|1
|
|upkeep
|
|t:|1778503768
|switch|p2a: Iron Boulder|Iron Boulder|100/100
|-enditem|p2a: Iron Boulder|Booster Energy
|-activate|p2a: Iron Boulder|ability: Quark Drive|[fromitem]
|-start|p2a: Iron Boulder|quarkdrivespe
|turn|26
|
|t:|1778503779
|move|p2a: Iron Boulder|Mighty Cleave|p1a: Volcarona
|-supereffective|p1a: Volcarona
|-damage|p1a: Volcarona|0 fnt
|faint|p1a: Volcarona
|
|upkeep
|
|t:|1778503783
|switch|p1a: Ogerpon|Ogerpon-Wellspring, F|63/100
|-activate|p1a: Ogerpon|move: Sticky Web
|-unboost|p1a: Ogerpon|spe|1
|turn|27
|
|t:|1778503787
|move|p2a: Iron Boulder|Mighty Cleave|p1a: Ogerpon
|-damage|p1a: Ogerpon|6/100
|move|p1a: Ogerpon|Ivy Cudgel|p2a: Iron Boulder|[anim] Ivy Cudgel Water
|-supereffective|p2a: Iron Boulder
|-damage|p2a: Iron Boulder|0 fnt
|faint|p2a: Iron Boulder
|-end|p2a: Iron Boulder|Quark Drive|[silent]
|
|-heal|p1a: Ogerpon|12/100|[from] Grassy Terrain
|upkeep
|
|t:|1778503794
|switch|p2a: Darkrai|Darkrai|100/100
|turn|28
|
|t:|1778503796
|move|p2a: Darkrai|Dark Pulse|p1a: Ogerpon
|-damage|p1a: Ogerpon|0 fnt
|faint|p1a: Ogerpon
|-damage|p2a: Darkrai|91/100|[from] item: Life Orb
|
|-heal|p2a: Darkrai|97/100|[from] Grassy Terrain
|upkeep
|
|t:|1778503798
|switch|p1a: Heatran|Heatran, F|96/100 par
|-activate|p1a: Heatran|move: Sticky Web
|-unboost|p1a: Heatran|spe|1
|turn|29
|
|t:|1778503807
|move|p2a: Darkrai|Focus Blast|p1a: Heatran
|-supereffective|p1a: Heatran
|-damage|p1a: Heatran|30/100 par
|-damage|p2a: Darkrai|87/100|[from] item: Life Orb
|cant|p1a: Heatran|par
|
|-heal|p2a: Darkrai|93/100|[from] Grassy Terrain
|-heal|p1a: Heatran|36/100 par|[from] Grassy Terrain
|-fieldend|move: Grassy Terrain
|upkeep
|turn|30
|
|t:|1778503825
|move|p2a: Darkrai|Focus Blast|p1a: Heatran
|-supereffective|p1a: Heatran
|-damage|p1a: Heatran|0 fnt
|faint|p1a: Heatran
|-damage|p2a: Darkrai|83/100|[from] item: Life Orb
|
|upkeep
|
|t:|1778503827
|switch|p1a: Rillaboom|Rillaboom, F|31/100
|-activate|p1a: Rillaboom|move: Sticky Web
|-unboost|p1a: Rillaboom|spe|1
|-fieldstart|move: Grassy Terrain|[from] ability: Grassy Surge|[of] p1a: Rillaboom
|turn|31
|
|t:|1778503836
|move|p1a: Rillaboom|Grassy Glide|p2a: Darkrai
|-damage|p2a: Darkrai|7/100
|move|p2a: Darkrai|Sludge Bomb|p1a: Rillaboom
|-supereffective|p1a: Rillaboom
|-damage|p1a: Rillaboom|0 fnt
|faint|p1a: Rillaboom
|-damage|p2a: Darkrai|0 fnt|[from] item: Life Orb
|faint|p2a: Darkrai
|
|win|batocom
|raw|thanous123's rating: 1447 &rarr; <strong>1429</strong><br />(-18 for losing)
|raw|batocom's rating: 1490 &rarr; <strong>1508</strong><br />(+18 for winning)
|l|☆batocom
|player|p2|
|l|☆thanous123
|player|p1|
