|html|<div class="broadcast-blue"><strong>[Gen 9] OU is currently suspecting Tera Blast! For information on how to participate check out the <a href="https://www.smogon.com/tools/suspects/view/200">suspect thread</a>.</strong></div>
|j|☆Team BBIO 38
|j|☆tootymctoot
|t:|1776050748
|gametype|singles
|player|p1|Team BBIO 38|janitor|1364
|player|p2|tootymctoot|miku-ghost|1343
|gen|9
|tier|[Gen 9] OU
|rated|
|rule|HP Percentage Mod: HP is shown in percentages
|rule|Endless Battle Clause: Forcing endless battles is banned
|rule|Species Clause: Limit one of each Pokémon
|rule|OHKO Clause: OHKO moves are banned
|rule|Evasion Items Clause: Evasion items are banned
|rule|Evasion Moves Clause: Evasion moves are banned
|rule|Evasion Abilities Clause: Evasion abilities are banned
|rule|Sleep Moves Clause: Sleep-inducing moves are banned
|clearpoke
|poke|p1|Dusclops, M|
|poke|p1|Blissey, F|
|poke|p1|Flamigo, M|
|poke|p1|Latias, F|
|poke|p1|Darkrai|
|poke|p1|Porygon2|
|poke|p2|Ceruledge, M|
|poke|p2|Samurott-Hisui, M|
|poke|p2|Gholdengo|
|poke|p2|Iron Valiant|
|poke|p2|Talonflame, F|
|poke|p2|Garchomp, F|
|teampreview
|inactive|Battle timer is ON: inactive players will automatically lose when time's up. (requested by tootymctoot)
|inactive|Team BBIO 38 also wants the timer to be on.
|c|☆tootymctoot|oh hey
|
|t:|1776050763
|teamsize|p1|6
|teamsize|p2|6
|start
|switch|p1a: Flamigo|Flamigo, M|100/100
|switch|p2a: Samurott|Samurott-Hisui, M|100/100
|turn|1
|
|t:|1776050768
|switch|p2a: Talonflame|Talonflame, F|100/100
|move|p1a: Flamigo|Close Combat|p2a: Talonflame
|-resisted|p2a: Talonflame
|-damage|p2a: Talonflame|60/100
|-unboost|p1a: Flamigo|def|1
|-unboost|p1a: Flamigo|spd|1
|
|upkeep
|turn|2
|
|t:|1776050776
|switch|p1a: Dusclops|Dusclops, M|100/100
|-item|p2a: Talonflame|Heavy-Duty Boots|[from] ability: Frisk|[of] p1a: Dusclops
|move|p2a: Talonflame|U-turn|p1a: Dusclops
|-resisted|p1a: Dusclops
|-damage|p1a: Dusclops|97/100
|
|t:|1776050781
|switch|p2a: Gholdengo|Gholdengo|100/100|[from] U-turn
|
|upkeep
|turn|3
|
|t:|1776050785
|switch|p1a: Flamigo|Flamigo, M|100/100
|move|p2a: Gholdengo|Trick|p1a: Flamigo
|-activate|p2a: Gholdengo|move: Trick|[of] p1a: Flamigo
|-item|p1a: Flamigo|Choice Scarf|[from] move: Trick
|-item|p2a: Gholdengo|Choice Scarf|[from] move: Trick
|
|upkeep
|turn|4
|
|t:|1776050793
|switch|p2a: Talonflame|Talonflame, F|60/100
|move|p1a: Flamigo|Close Combat|p2a: Talonflame
|-resisted|p2a: Talonflame
|-damage|p2a: Talonflame|18/100
|-unboost|p1a: Flamigo|def|1
|-unboost|p1a: Flamigo|spd|1
|
|upkeep
|turn|5
|
|t:|1776050800
|move|p1a: Flamigo|Close Combat|p2a: Talonflame
|-resisted|p2a: Talonflame
|-damage|p2a: Talonflame|0 fnt
|-unboost|p1a: Flamigo|def|1
|-unboost|p1a: Flamigo|spd|1
|faint|p2a: Talonflame
|
|upkeep
|
|t:|1776050812
|switch|p2a: Ceruledge|Ceruledge, M, shiny|100/100
|turn|6
|
|t:|1776050825
|switch|p1a: Darkrai|Darkrai|100/100
|move|p2a: Ceruledge|Swords Dance|p2a: Ceruledge
|-boost|p2a: Ceruledge|atk|2
|
|upkeep
|turn|7
|
|t:|1776050830
|move|p1a: Darkrai|Trick|p2a: Ceruledge
|-activate|p1a: Darkrai|move: Trick|[of] p2a: Ceruledge
|-item|p2a: Ceruledge|Choice Specs|[from] move: Trick
|-item|p1a: Darkrai|Focus Sash|[from] move: Trick
|move|p2a: Ceruledge|Bitter Blade|p1a: Darkrai
|-enditem|p1a: Darkrai|Focus Sash
|-damage|p1a: Darkrai|1/100
|
|upkeep
|turn|8
|
|t:|1776050839
|switch|p2a: Samurott|Samurott-Hisui, M|100/100
|move|p1a: Darkrai|Dark Pulse|p2a: Samurott
|-resisted|p2a: Samurott
|-damage|p2a: Samurott|90/100
|
|upkeep
|turn|9
|
|t:|1776050850
|move|p2a: Samurott|Sucker Punch||[still]
|-fail|p2a: Samurott
|move|p1a: Darkrai|Trick|p2a: Samurott
|-activate|p1a: Darkrai|move: Trick|[of] p2a: Samurott
|-enditem|p2a: Samurott|Assault Vest|[silent]|[from] move: Trick
|-item|p1a: Darkrai|Assault Vest|[from] move: Trick
|
|upkeep
|turn|10
|
|t:|1776050857
|move|p1a: Darkrai|Dark Pulse|p2a: Samurott
|-resisted|p2a: Samurott
|-damage|p2a: Samurott|71/100
|move|p2a: Samurott|Ceaseless Edge|p1a: Darkrai
|-resisted|p1a: Darkrai
|-damage|p1a: Darkrai|0 fnt
|-sidestart|p1: Team BBIO 38|Spikes
|faint|p1a: Darkrai
|
|upkeep
|
|t:|1776050871
|switch|p1a: Flamigo|Flamigo, M|100/100
|turn|11
|
|t:|1776050879
|switch|p2a: Gholdengo|Gholdengo|100/100
|move|p1a: Flamigo|Close Combat|p2a: Gholdengo
|-supereffective|p2a: Gholdengo
|-damage|p2a: Gholdengo|0 fnt
|-unboost|p1a: Flamigo|def|1
|-unboost|p1a: Flamigo|spd|1
|faint|p2a: Gholdengo
|
|upkeep
|
|t:|1776050886
|switch|p2a: Garchomp|Garchomp, F|100/100
|turn|12
|
|t:|1776050890
|switch|p1a: Porygon2|Porygon2|100/100
|-damage|p1a: Porygon2|88/100|[from] Spikes
|-ability|p1a: Porygon2|Download|boost
|-boost|p1a: Porygon2|spa|1
|move|p2a: Garchomp|Swords Dance|p2a: Garchomp
|-boost|p2a: Garchomp|atk|2
|
|upkeep
|turn|13
|
|t:|1776050897
|move|p2a: Garchomp|Scale Shot|p1a: Porygon2
|-damage|p1a: Porygon2|69/100
|-damage|p1a: Porygon2|51/100
|-damage|p1a: Porygon2|33/100
|-damage|p1a: Porygon2|15/100
|-damage|p1a: Porygon2|0 fnt
|faint|p1a: Porygon2
|-hitcount|p1: Porygon2|5
|-unboost|p2a: Garchomp|def|1
|-boost|p2a: Garchomp|spe|1
|
|upkeep
|
|t:|1776050908
|switch|p1a: Dusclops|Dusclops, M|97/100
|-damage|p1a: Dusclops|84/100|[from] Spikes
|-item|p2a: Garchomp|Rocky Helmet|[from] ability: Frisk|[of] p1a: Dusclops
|turn|14
|
|t:|1776050913
|move|p2a: Garchomp|Swords Dance|p2a: Garchomp
|-boost|p2a: Garchomp|atk|2
|move|p1a: Dusclops|Haze|p1a: Dusclops
|-clearallboost
|
|upkeep
|turn|15
|
|t:|1776050918
|move|p2a: Garchomp|Swords Dance|p2a: Garchomp
|-boost|p2a: Garchomp|atk|2
|move|p1a: Dusclops|Will-O-Wisp|p2a: Garchomp
|-status|p2a: Garchomp|brn
|
|-damage|p2a: Garchomp|94/100 brn|[from] brn
|upkeep
|turn|16
|
|t:|1776050926
|move|p2a: Garchomp|Scale Shot|p1a: Dusclops
|-damage|p1a: Dusclops|79/100
|-crit|p1a: Dusclops
|-damage|p1a: Dusclops|69/100
|-hitcount|p1a: Dusclops|2
|-unboost|p2a: Garchomp|def|1
|-boost|p2a: Garchomp|spe|1
|move|p1a: Dusclops|Haze|p1a: Dusclops
|-clearallboost
|
|-damage|p2a: Garchomp|88/100 brn|[from] brn
|upkeep
|turn|17
|
|t:|1776050937
|move|p2a: Garchomp|Earthquake|p1a: Dusclops
|-damage|p1a: Dusclops|58/100
|move|p1a: Dusclops|Night Shade|p2a: Garchomp
|-damage|p2a: Garchomp|60/100 brn
|
|-damage|p2a: Garchomp|54/100 brn|[from] brn
|upkeep
|turn|18
|
|t:|1776050943
|move|p2a: Garchomp|Earthquake|p1a: Dusclops
|-damage|p1a: Dusclops|46/100
|move|p1a: Dusclops|Night Shade|p2a: Garchomp
|-damage|p2a: Garchomp|26/100 brn
|
|-damage|p2a: Garchomp|20/100 brn|[from] brn
|upkeep
|turn|19
|
|t:|1776050950
|move|p2a: Garchomp|Scale Shot|p1a: Dusclops
|-damage|p1a: Dusclops|42/100
|-damage|p1a: Dusclops|39/100
|-hitcount|p1a: Dusclops|2
|-unboost|p2a: Garchomp|def|1
|-boost|p2a: Garchomp|spe|1
|move|p1a: Dusclops|Night Shade|p2a: Garchomp
|-damage|p2a: Garchomp|0 fnt
|faint|p2a: Garchomp
|
|upkeep
|
|t:|1776050960
|switch|p2a: Samurott|Samurott-Hisui, M|71/100
|turn|20
|
|t:|1776050963
|move|p2a: Samurott|Ceaseless Edge|p1a: Dusclops
|-supereffective|p1a: Dusclops
|-damage|p1a: Dusclops|5/100
|-sidestart|p1: Team BBIO 38|Spikes
|move|p1a: Dusclops|Pain Split|p2a: Samurott
|-sethp|p2a: Samurott|37/100|[from] move: Pain Split|[silent]
|-sethp|p1a: Dusclops|50/100|[from] move: Pain Split
|
|upkeep
|turn|21
|
|t:|1776050971
|move|p2a: Samurott|Ceaseless Edge|p1a: Dusclops
|-supereffective|p1a: Dusclops
|-damage|p1a: Dusclops|16/100
|-sidestart|p1: Team BBIO 38|Spikes
|move|p1a: Dusclops|Will-O-Wisp|p2a: Samurott|[miss]
|-miss|p1a: Dusclops|p2a: Samurott
|
|upkeep
|turn|22
|
|t:|1776050977
|move|p2a: Samurott|Ceaseless Edge|p1a: Dusclops
|-supereffective|p1a: Dusclops
|-damage|p1a: Dusclops|0 fnt
|faint|p1a: Dusclops
|
|upkeep
|
|t:|1776050985
|switch|p1a: Flamigo|Flamigo, M|100/100
|turn|23
|
|t:|1776050991
|move|p2a: Samurott|Sucker Punch|p1a: Flamigo
|-resisted|p1a: Flamigo
|-damage|p1a: Flamigo|83/100
|move|p1a: Flamigo|Brave Bird|p2a: Samurott
|-damage|p2a: Samurott|0 fnt
|faint|p2a: Samurott
|-damage|p1a: Flamigo|68/100|[from] Recoil
|
|upkeep
|
|t:|1776050996
|switch|p2a: ambiguous|Iron Valiant|100/100
|-enditem|p2a: ambiguous|Booster Energy
|-activate|p2a: ambiguous|ability: Quark Drive|[fromitem]
|-start|p2a: ambiguous|quarkdrivespe
|turn|24
|
|t:|1776051003
|switch|p1a: Blissey|Blissey, F|100/100
|-damage|p1a: Blissey|75/100|[from] Spikes
|move|p2a: ambiguous|Calm Mind|p2a: ambiguous
|-boost|p2a: ambiguous|spa|1
|-boost|p2a: ambiguous|spd|1
|
|-heal|p1a: Blissey|82/100|[from] item: Leftovers
|upkeep
|turn|25
|
|t:|1776051012
|move|p2a: ambiguous|Calm Mind|p2a: ambiguous
|-boost|p2a: ambiguous|spa|1
|-boost|p2a: ambiguous|spd|1
|move|p1a: Blissey|Seismic Toss|p2a: ambiguous
|-damage|p2a: ambiguous|66/100
|
|-heal|p1a: Blissey|88/100|[from] item: Leftovers
|upkeep
|turn|26
|
|t:|1776051019
|move|p2a: ambiguous|Encore|p1a: Blissey
|-start|p1a: Blissey|Encore
|move|p1a: Blissey|Seismic Toss|p2a: ambiguous
|-damage|p2a: ambiguous|31/100
|
|-heal|p1a: Blissey|94/100|[from] item: Leftovers
|upkeep
|turn|27
|
|t:|1776051025
|move|p2a: ambiguous|Moonblast|p1a: Blissey
|-crit|p1a: Blissey
|-damage|p1a: Blissey|40/100
|move|p1a: Blissey|Seismic Toss|p2a: ambiguous
|-damage|p2a: ambiguous|0 fnt
|faint|p2a: ambiguous
|-end|p2a: ambiguous|Quark Drive|[silent]
|
|-heal|p1a: Blissey|46/100|[from] item: Leftovers
|upkeep
|
|t:|1776051027
|switch|p2a: Ceruledge|Ceruledge, M, shiny|100/100
|turn|28
|
|t:|1776051035
|move|p2a: Ceruledge|Bitter Blade|p1a: Blissey
|-damage|p1a: Blissey|5/100
|move|p1a: Blissey|Seismic Toss|p2a: Ceruledge
|-immune|p2a: Ceruledge
|
|-heal|p1a: Blissey|11/100|[from] item: Leftovers
|-end|p1a: Blissey|Encore
|upkeep
|turn|29
|-message|tootymctoot forfeited.
|
|win|Team BBIO 38
|raw|Team BBIO 38's rating: 1364 &rarr; <strong>1383</strong><br />(+19 for winning)
|raw|tootymctoot's rating: 1343 &rarr; <strong>1324</strong><br />(-19 for losing)
|l|☆tootymctoot
|player|p2|
|l|☆Team BBIO 38
|player|p1|
