|html|<div class="broadcast-blue"><strong>[Gen 9] OU is currently suspecting Tera Blast! For information on how to participate check out the <a href="https://www.smogon.com/tools/suspects/view/200">suspect thread</a>.</strong></div>
|j|☆kilobyt3
|j|☆L.BLADE
|t:|1776233165
|gametype|singles
|player|p1|kilobyt3|gambler|1260
|player|p2|L.BLADE|ethan|1232
|gen|9
|tier|[Gen 9] OU
|rated|
|rule|HP Percentage Mod: HP is shown in percentages
|rule|Endless Battle Clause: Forcing endless battles is banned
|rule|Species Clause: Limit one of each Pokémon
|rule|OHKO Clause: OHKO moves are banned
|rule|Evasion Items Clause: Evasion items are banned
|rule|Evasion Moves Clause: Evasion moves are banned
|rule|Evasion Abilities Clause: Evasion abilities are banned
|rule|Sleep Moves Clause: Sleep-inducing moves are banned
|clearpoke
|poke|p1|Hoopa|
|poke|p1|Goodra-Hisui, F|
|poke|p1|Jirachi|
|poke|p1|Zapdos-Galar|
|poke|p1|Forretress, M|
|poke|p1|Volcanion|
|poke|p2|Heatran, M|
|poke|p2|Latios, M|
|poke|p2|Mamoswine, M|
|poke|p2|Milotic, F|
|poke|p2|Zamazenta-*|
|poke|p2|Garganacl, M|
|teampreview
|c|☆L.BLADE|Yo o/
|
|t:|1776233172
|teamsize|p1|6
|teamsize|p2|6
|start
|switch|p1a: galarian goober|Zapdos-Galar|100/100
|switch|p2a: Hirudora|Heatran, M|100/100
|-item|p2a: Hirudora|Air Balloon
|turn|1
|
|t:|1776233183
|move|p1a: galarian goober|Thunderous Kick|p2a: Hirudora
|-supereffective|p2a: Hirudora
|-damage|p2a: Hirudora|0 fnt
|-enditem|p2a: Hirudora|Air Balloon
|faint|p2a: Hirudora
|-damage|p1a: galarian goober|91/100|[from] item: Life Orb
|
|upkeep
|
|t:|1776233198
|switch|p2a: Neos|Latios, M|100/100
|turn|2
|
|t:|1776233202
|switch|p1a: gooey goober|Goodra-Hisui, F|100/100
|move|p2a: Neos|Draco Meteor|p1a: gooey goober
|-damage|p1a: gooey goober|78/100
|-unboost|p2a: Neos|spa|2
|-enditem|p2a: Neos|White Herb
|-clearnegativeboost|p2a: Neos|[silent]
|
|upkeep
|turn|3
|
|t:|1776233217
|switch|p2a: Cynthia|Milotic, F|100/100
|move|p1a: gooey goober|Dragon Tail|p2a: Cynthia
|-damage|p2a: Cynthia|85/100
|drag|p2a: Izanami|Zamazenta|100/100
|-ability|p2a: Izanami|Dauntless Shield|boost
|-boost|p2a: Izanami|def|1
|
|upkeep
|turn|4
|
|t:|1776233226
|switch|p1a: magician goober|Hoopa|100/100
|move|p2a: Izanami|Close Combat|p1a: magician goober
|-immune|p1a: magician goober
|
|upkeep
|turn|5
|
|t:|1776233233
|switch|p1a: galarian goober|Zapdos-Galar|91/100
|move|p2a: Izanami|Crunch|p1a: galarian goober
|-resisted|p1a: galarian goober
|-damage|p1a: galarian goober|72/100
|
|upkeep
|turn|6
|
|t:|1776233244
|move|p1a: galarian goober|U-turn|p2a: Izanami
|-resisted|p2a: Izanami
|-damage|p2a: Izanami|92/100
|-damage|p1a: galarian goober|62/100|[from] item: Life Orb
|
|t:|1776233249
|switch|p1a: magician goober|Hoopa|100/100|[from] U-turn
|move|p2a: Izanami|Psychic Fangs|p1a: magician goober
|-resisted|p1a: magician goober
|-damage|p1a: magician goober|74/100
|
|upkeep
|turn|7
|
|t:|1776233256
|move|p1a: magician goober|Psychic|p2a: Izanami
|-supereffective|p2a: Izanami
|-damage|p2a: Izanami|41/100
|move|p2a: Izanami|Crunch|p1a: magician goober
|-supereffective|p1a: magician goober
|-damage|p1a: magician goober|0 fnt
|faint|p1a: magician goober
|
|upkeep
|c|☆L.BLADE|Assault vest
|
|t:|1776233265
|switch|p1a: sturdy goober|Forretress, M|100/100
|turn|8
|
|t:|1776233279
|switch|p2a: Neos|Latios, M|100/100
|move|p1a: sturdy goober|Stealth Rock|p2a: Neos
|-sidestart|p2: L.BLADE|move: Stealth Rock
|
|upkeep
|turn|9
|
|t:|1776233298
|move|p2a: Neos|Thunder Wave|p1a: sturdy goober
|-status|p1a: sturdy goober|par
|move|p1a: sturdy goober|Spikes|p2a: Neos
|-sidestart|p2: L.BLADE|Spikes
|
|upkeep
|turn|10
|c|☆L.BLADE|Spongebob fan? Goofy gooberrrr
|
|t:|1776233306
|move|p2a: Neos|Thunderbolt|p1a: sturdy goober
|-damage|p1a: sturdy goober|51/100 par
|move|p1a: sturdy goober|Gyro Ball|p2a: Neos
|-damage|p2a: Neos|39/100
|
|upkeep
|turn|11
|
|t:|1776233317
|switch|p2a: Cynthia|Milotic, F|85/100
|-damage|p2a: Cynthia|73/100|[from] Stealth Rock
|-damage|p2a: Cynthia|60/100|[from] Spikes
|move|p1a: sturdy goober|Spikes|p2a: Cynthia
|-sidestart|p2: L.BLADE|Spikes
|
|-status|p2a: Cynthia|brn|[from] item: Flame Orb
|upkeep
|turn|12
|
|t:|1776233326
|move|p2a: Cynthia|Recover|p2a: Cynthia
|-heal|p2a: Cynthia|100/100 brn
|move|p1a: sturdy goober|Spikes|p2a: Cynthia
|-sidestart|p2: L.BLADE|Spikes
|
|-damage|p2a: Cynthia|94/100 brn|[from] brn
|upkeep
|turn|13
|
|t:|1776233334
|switch|p1a: steamy goober|Volcanion|100/100
|move|p2a: Cynthia|Scald|p1a: steamy goober
|-immune|p1a: steamy goober|[from] ability: Water Absorb
|
|-damage|p2a: Cynthia|88/100 brn|[from] brn
|upkeep
|turn|14
|
|t:|1776233343
|move|p1a: steamy goober|Fire Spin|p2a: Cynthia
|-resisted|p2a: Cynthia
|-damage|p2a: Cynthia|81/100 brn
|-activate|p2a: Cynthia|move: Fire Spin|[of] p1a: steamy goober
|move|p2a: Cynthia|Mirror Coat|p1a: steamy goober
|-damage|p1a: steamy goober|86/100
|
|-damage|p2a: Cynthia|75/100 brn|[from] brn
|-damage|p2a: Cynthia|63/100 brn|[from] move: Fire Spin|[partiallytrapped]
|upkeep
|turn|15
|
|t:|1776233352
|move|p2a: Cynthia|Recover|p2a: Cynthia
|-heal|p2a: Cynthia|100/100 brn
|move|p1a: steamy goober|Taunt|p2a: Cynthia
|-start|p2a: Cynthia|move: Taunt
|
|-damage|p2a: Cynthia|94/100 brn|[from] brn
|-damage|p2a: Cynthia|82/100 brn|[from] move: Fire Spin|[partiallytrapped]
|upkeep
|turn|16
|
|t:|1776233366
|move|p1a: steamy goober|Steam Eruption|p2a: Cynthia
|-resisted|p2a: Cynthia
|-damage|p2a: Cynthia|59/100 brn
|move|p2a: Cynthia|Mirror Coat|p1a: steamy goober
|-damage|p1a: steamy goober|37/100
|
|-damage|p2a: Cynthia|52/100 brn|[from] brn
|-damage|p2a: Cynthia|40/100 brn|[from] move: Fire Spin|[partiallytrapped]
|upkeep
|turn|17
|
|t:|1776233377
|move|p1a: steamy goober|Fire Spin|p2a: Cynthia
|-resisted|p2a: Cynthia
|-damage|p2a: Cynthia|32/100 brn
|move|p2a: Cynthia|Mirror Coat|p1a: steamy goober
|-damage|p1a: steamy goober|21/100
|
|-damage|p2a: Cynthia|26/100 brn|[from] brn
|-damage|p2a: Cynthia|14/100 brn|[from] move: Fire Spin|[partiallytrapped]
|upkeep
|turn|18
|
|t:|1776233386
|move|p1a: steamy goober|Steam Eruption|p2a: Cynthia
|-resisted|p2a: Cynthia
|-damage|p2a: Cynthia|0 fnt
|faint|p2a: Cynthia
|
|upkeep
|
|t:|1776233392
|switch|p2a: Neos|Latios, M|39/100
|-damage|p2a: Neos|27/100|[from] Stealth Rock
|turn|19
|
|t:|1776233399
|move|p2a: Neos|Thunderbolt|p1a: steamy goober
|-supereffective|p1a: steamy goober
|-damage|p1a: steamy goober|0 fnt
|faint|p1a: steamy goober
|
|upkeep
|
|t:|1776233400
|switch|p1a: sturdy goober|Forretress, M|51/100 par
|turn|20
|
|t:|1776233406
|move|p2a: Neos|Thunderbolt|p1a: sturdy goober
|-crit|p1a: sturdy goober
|-damage|p1a: sturdy goober|0 fnt
|faint|p1a: sturdy goober
|
|upkeep
|
|t:|1776233410
|switch|p1a: gooey goober|Goodra-Hisui, F|78/100
|turn|21
|
|t:|1776233417
|move|p2a: Neos|Thunder Wave|p1a: gooey goober
|-status|p1a: gooey goober|par
|move|p1a: gooey goober|Dragon Tail|p2a: Neos
|-supereffective|p2a: Neos
|-damage|p2a: Neos|0 fnt
|faint|p2a: Neos
|
|upkeep
|
|t:|1776233438
|switch|p2a: Izanami|Zamazenta|41/100
|-damage|p2a: Izanami|35/100|[from] Stealth Rock
|-damage|p2a: Izanami|10/100|[from] Spikes
|turn|22
|
|t:|1776233447
|switch|p1a: galarian goober|Zapdos-Galar|62/100
|move|p2a: Izanami|Ice Fang|p1a: galarian goober
|-supereffective|p1a: galarian goober
|-damage|p1a: galarian goober|8/100
|
|upkeep
|turn|23
|
|t:|1776233455
|move|p1a: galarian goober|Thunderous Kick|p2a: Izanami
|-damage|p2a: Izanami|0 fnt
|faint|p2a: Izanami
|-damage|p1a: galarian goober|0 fnt|[from] item: Life Orb
|faint|p1a: galarian goober
|
|upkeep
|
|t:|1776233464
|switch|p1a: gooey goober|Goodra-Hisui, F|78/100 par
|switch|p2a: Real Great Tusk|Mamoswine, M|100/100
|-damage|p2a: Real Great Tusk|88/100|[from] Stealth Rock
|-damage|p2a: Real Great Tusk|63/100|[from] Spikes
|turn|24
|
|t:|1776233479
|-terastallize|p1a: gooey goober|Ghost
|move|p2a: Real Great Tusk|Earthquake|p1a: gooey goober
|-damage|p1a: gooey goober|28/100 par
|move|p1a: gooey goober|Flash Cannon|p2a: Real Great Tusk
|-supereffective|p2a: Real Great Tusk
|-damage|p2a: Real Great Tusk|0 fnt
|faint|p2a: Real Great Tusk
|
|upkeep
|c|☆L.BLADE|gg
|
|t:|1776233487
|switch|p2a: Mahoraga|Garganacl, M|100/100
|-damage|p2a: Mahoraga|88/100|[from] Stealth Rock
|-damage|p2a: Mahoraga|63/100|[from] Spikes
|turn|25
|
|t:|1776233492
|move|p2a: Mahoraga|Protect|p2a: Mahoraga
|-singleturn|p2a: Mahoraga|Protect
|move|p1a: gooey goober|Flash Cannon|p2a: Mahoraga
|-activate|p2a: Mahoraga|move: Protect
|
|-heal|p2a: Mahoraga|69/100|[from] item: Leftovers
|upkeep
|turn|26
|
|t:|1776233503
|-terastallize|p2a: Mahoraga|Water
|move|p2a: Mahoraga|Recover|p2a: Mahoraga
|-heal|p2a: Mahoraga|100/100
|move|p1a: gooey goober|Flash Cannon|p2a: Mahoraga
|-resisted|p2a: Mahoraga
|-damage|p2a: Mahoraga|91/100
|
|-heal|p2a: Mahoraga|97/100|[from] item: Leftovers
|upkeep
|turn|27
|
|t:|1776233513
|move|p2a: Mahoraga|Iron Defense|p2a: Mahoraga
|-boost|p2a: Mahoraga|def|2
|move|p1a: gooey goober|Draco Meteor|p2a: Mahoraga
|-damage|p2a: Mahoraga|64/100
|-unboost|p1a: gooey goober|spa|2
|
|-heal|p2a: Mahoraga|70/100|[from] item: Leftovers
|upkeep
|turn|28
|
|t:|1776233524
|switch|p1a: jiroober|Jirachi|100/100
|move|p2a: Mahoraga|Protect||[still]
|-fail|p2a: Mahoraga
|
|-heal|p2a: Mahoraga|76/100|[from] item: Leftovers
|upkeep
|turn|29
|
|t:|1776233530
|move|p2a: Mahoraga|Protect|p2a: Mahoraga
|-singleturn|p2a: Mahoraga|Protect
|move|p1a: jiroober|Thunder Wave|p2a: Mahoraga
|-activate|p2a: Mahoraga|move: Protect
|
|-heal|p2a: Mahoraga|82/100|[from] item: Leftovers
|upkeep
|turn|30
|
|t:|1776233541
|move|p1a: jiroober|Thunder Wave|p2a: Mahoraga
|-immune|p2a: Mahoraga|[from] ability: Purifying Salt
|move|p2a: Mahoraga|Recover|p2a: Mahoraga
|-heal|p2a: Mahoraga|100/100
|
|upkeep
|turn|31
|c|☆kilobyt3|oh forgot Abt that lol
|
|t:|1776233552
|move|p1a: jiroober|Mud-Slap|p2a: Mahoraga
|-damage|p2a: Mahoraga|98/100
|-unboost|p2a: Mahoraga|accuracy|1
|move|p2a: Mahoraga|Iron Defense|p2a: Mahoraga
|-boost|p2a: Mahoraga|def|2
|
|-heal|p2a: Mahoraga|100/100|[from] item: Leftovers
|upkeep
|turn|32
|c|☆L.BLADE|yes
|c|☆L.BLADE|nice ability, huh?
|
|t:|1776233565
|move|p1a: jiroober|Mud-Slap|p2a: Mahoraga
|-damage|p2a: Mahoraga|98/100
|-unboost|p2a: Mahoraga|accuracy|1
|move|p2a: Mahoraga|Iron Defense|p2a: Mahoraga
|-boost|p2a: Mahoraga|def|2
|
|-heal|p2a: Mahoraga|100/100|[from] item: Leftovers
|upkeep
|turn|33
|
|t:|1776233573
|move|p1a: jiroober|Mud-Slap|p2a: Mahoraga
|-damage|p2a: Mahoraga|98/100
|-unboost|p2a: Mahoraga|accuracy|1
|move|p2a: Mahoraga|Salt Cure|p1a: jiroober|[miss]
|-miss|p2a: Mahoraga|p1a: jiroober
|
|-heal|p2a: Mahoraga|100/100|[from] item: Leftovers
|upkeep
|turn|34
|
|t:|1776233581
|move|p1a: jiroober|Mud-Slap|p2a: Mahoraga
|-damage|p2a: Mahoraga|98/100
|-unboost|p2a: Mahoraga|accuracy|1
|move|p2a: Mahoraga|Salt Cure|p1a: jiroober|[miss]
|-miss|p2a: Mahoraga|p1a: jiroober
|
|-heal|p2a: Mahoraga|100/100|[from] item: Leftovers
|upkeep
|turn|35
|
|t:|1776233589
|move|p1a: jiroober|Mud-Slap|p2a: Mahoraga
|-damage|p2a: Mahoraga|97/100
|-unboost|p2a: Mahoraga|accuracy|1
|move|p2a: Mahoraga|Salt Cure|p1a: jiroober
|-resisted|p1a: jiroober
|-damage|p1a: jiroober|94/100
|-start|p1a: jiroober|Salt Cure
|
|-heal|p1a: jiroober|99/100|[from] item: Leftovers
|-heal|p2a: Mahoraga|100/100|[from] item: Leftovers
|-damage|p1a: jiroober|75/100|[from] Salt Cure
|upkeep
|turn|36
|inactive|Battle timer is ON: inactive players will automatically lose when time's up. (requested by L.BLADE)
|
|t:|1776233600
|move|p1a: jiroober|Mud-Slap|p2a: Mahoraga
|-damage|p2a: Mahoraga|98/100
|-unboost|p2a: Mahoraga|accuracy|1
|move|p2a: Mahoraga|Salt Cure|p1a: jiroober|[miss]
|-miss|p2a: Mahoraga|p1a: jiroober
|
|-heal|p1a: jiroober|81/100|[from] item: Leftovers
|-heal|p2a: Mahoraga|100/100|[from] item: Leftovers
|-damage|p1a: jiroober|56/100|[from] Salt Cure
|upkeep
|turn|37
|
|t:|1776233609
|move|p2a: Mahoraga|Protect|p2a: Mahoraga
|-singleturn|p2a: Mahoraga|Protect
|move|p1a: jiroober|Wish|p1a: jiroober
|
|-heal|p1a: jiroober|62/100|[from] item: Leftovers
|-damage|p1a: jiroober|37/100|[from] Salt Cure
|upkeep
|turn|38
|
|t:|1776233616
|switch|p1a: gooey goober|Goodra-Hisui, F, tera:Ghost|28/100 par
|move|p2a: Mahoraga|Salt Cure|p1a: gooey goober|[miss]
|-miss|p2a: Mahoraga|p1a: gooey goober
|
|-heal|p1a: gooey goober|83/100 par|[from] move: Wish|[wisher] jiroober
|upkeep
|turn|39
|
|t:|1776233626
|move|p2a: Mahoraga|Salt Cure|p1a: gooey goober
|-damage|p1a: gooey goober|69/100 par
|-start|p1a: gooey goober|Salt Cure
|move|p1a: gooey goober|Draco Meteor|p2a: Mahoraga
|-damage|p2a: Mahoraga|71/100
|-unboost|p1a: gooey goober|spa|2
|
|-heal|p2a: Mahoraga|77/100|[from] item: Leftovers
|-damage|p1a: gooey goober|57/100 par|[from] Salt Cure
|upkeep
|turn|40
|
|t:|1776233637
|switch|p1a: jiroober|Jirachi|37/100
|move|p2a: Mahoraga|Salt Cure|p1a: jiroober
|-resisted|p1a: jiroober
|-damage|p1a: jiroober|31/100
|-start|p1a: jiroober|Salt Cure
|
|-heal|p1a: jiroober|37/100|[from] item: Leftovers
|-heal|p2a: Mahoraga|83/100|[from] item: Leftovers
|-damage|p1a: jiroober|12/100|[from] Salt Cure
|upkeep
|turn|41
|
|t:|1776233649
|switch|p1a: gooey goober|Goodra-Hisui, F, tera:Ghost|57/100 par
|move|p2a: Mahoraga|Protect||[still]
|-fail|p2a: Mahoraga
|
|-heal|p2a: Mahoraga|89/100|[from] item: Leftovers
|upkeep
|turn|42
|
|t:|1776233656
|switch|p1a: jiroober|Jirachi|12/100
|move|p2a: Mahoraga|Salt Cure|p1a: jiroober|[miss]
|-miss|p2a: Mahoraga|p1a: jiroober
|
|-heal|p1a: jiroober|18/100|[from] item: Leftovers
|-heal|p2a: Mahoraga|96/100|[from] item: Leftovers
|upkeep
|turn|43
|
|t:|1776233663
|move|p1a: jiroober|Wish|p1a: jiroober
|move|p2a: Mahoraga|Salt Cure|p1a: jiroober|[miss]
|-miss|p2a: Mahoraga|p1a: jiroober
|
|-heal|p1a: jiroober|24/100|[from] item: Leftovers
|-heal|p2a: Mahoraga|100/100|[from] item: Leftovers
|upkeep
|turn|44
|
|t:|1776233669
|move|p1a: jiroober|Iron Head|p2a: Mahoraga
|-resisted|p2a: Mahoraga
|-damage|p2a: Mahoraga|98/100
|cant|p2a: Mahoraga|flinch
|
|-heal|p1a: jiroober|74/100|[from] move: Wish|[wisher] jiroober
|-heal|p1a: jiroober|80/100|[from] item: Leftovers
|-heal|p2a: Mahoraga|100/100|[from] item: Leftovers
|upkeep
|turn|45
|
|t:|1776233678
|move|p1a: jiroober|Iron Head|p2a: Mahoraga
|-resisted|p2a: Mahoraga
|-damage|p2a: Mahoraga|98/100
|cant|p2a: Mahoraga|flinch
|
|-heal|p1a: jiroober|87/100|[from] item: Leftovers
|-heal|p2a: Mahoraga|100/100|[from] item: Leftovers
|upkeep
|turn|46
|
|t:|1776233685
|move|p1a: jiroober|Iron Head|p2a: Mahoraga
|-resisted|p2a: Mahoraga
|-damage|p2a: Mahoraga|98/100
|move|p2a: Mahoraga|Salt Cure|p1a: jiroober|[miss]
|-miss|p2a: Mahoraga|p1a: jiroober
|
|-heal|p1a: jiroober|93/100|[from] item: Leftovers
|-heal|p2a: Mahoraga|100/100|[from] item: Leftovers
|upkeep
|turn|47
|
|t:|1776233693
|move|p1a: jiroober|Iron Head|p2a: Mahoraga
|-resisted|p2a: Mahoraga
|-damage|p2a: Mahoraga|98/100
|move|p2a: Mahoraga|Salt Cure|p1a: jiroober
|-resisted|p1a: jiroober
|-damage|p1a: jiroober|86/100
|-start|p1a: jiroober|Salt Cure
|
|-heal|p1a: jiroober|92/100|[from] item: Leftovers
|-heal|p2a: Mahoraga|100/100|[from] item: Leftovers
|-damage|p1a: jiroober|67/100|[from] Salt Cure
|upkeep
|turn|48
|c|☆L.BLADE|I think
|c|☆L.BLADE|you're going to win
|
|t:|1776233706
|switch|p1a: gooey goober|Goodra-Hisui, F, tera:Ghost|57/100 par
|move|p2a: Mahoraga|Protect||[still]
|-fail|p2a: Mahoraga
|
|upkeep
|turn|49
|
|t:|1776233713
|switch|p1a: jiroober|Jirachi|67/100
|move|p2a: Mahoraga|Salt Cure|p1a: jiroober|[miss]
|-miss|p2a: Mahoraga|p1a: jiroober
|
|-heal|p1a: jiroober|73/100|[from] item: Leftovers
|upkeep
|turn|50
|
|t:|1776233720
|move|p1a: jiroober|Iron Head|p2a: Mahoraga
|-resisted|p2a: Mahoraga
|-damage|p2a: Mahoraga|98/100
|cant|p2a: Mahoraga|flinch
|
|-heal|p1a: jiroober|79/100|[from] item: Leftovers
|-heal|p2a: Mahoraga|100/100|[from] item: Leftovers
|upkeep
|turn|51
|
|t:|1776233727
|move|p1a: jiroober|Iron Head|p2a: Mahoraga
|-resisted|p2a: Mahoraga
|-damage|p2a: Mahoraga|98/100
|move|p2a: Mahoraga|Salt Cure|p1a: jiroober
|-resisted|p1a: jiroober
|-damage|p1a: jiroober|73/100
|-start|p1a: jiroober|Salt Cure
|
|-heal|p1a: jiroober|79/100|[from] item: Leftovers
|-heal|p2a: Mahoraga|100/100|[from] item: Leftovers
|-damage|p1a: jiroober|54/100|[from] Salt Cure
|upkeep
|turn|52
|
|t:|1776233737
|move|p1a: jiroober|Wish|p1a: jiroober
|move|p2a: Mahoraga|Salt Cure|p1a: jiroober|[miss]
|-miss|p2a: Mahoraga|p1a: jiroober
|
|-heal|p1a: jiroober|60/100|[from] item: Leftovers
|-damage|p1a: jiroober|35/100|[from] Salt Cure
|upkeep
|turn|53
|
|t:|1776233745
|move|p1a: jiroober|Iron Head|p2a: Mahoraga
|-resisted|p2a: Mahoraga
|-damage|p2a: Mahoraga|98/100
|cant|p2a: Mahoraga|flinch
|
|-heal|p1a: jiroober|85/100|[from] move: Wish|[wisher] jiroober
|-heal|p1a: jiroober|91/100|[from] item: Leftovers
|-heal|p2a: Mahoraga|100/100|[from] item: Leftovers
|-damage|p1a: jiroober|66/100|[from] Salt Cure
|upkeep
|turn|54
|
|t:|1776233756
|move|p1a: jiroober|Wish|p1a: jiroober
|move|p2a: Mahoraga|Salt Cure|p1a: jiroober|[miss]
|-miss|p2a: Mahoraga|p1a: jiroober
|
|-heal|p1a: jiroober|73/100|[from] item: Leftovers
|-damage|p1a: jiroober|48/100|[from] Salt Cure
|upkeep
|turn|55
|
|t:|1776233763
|move|p1a: jiroober|Iron Head|p2a: Mahoraga
|-resisted|p2a: Mahoraga
|-damage|p2a: Mahoraga|98/100
|move|p2a: Mahoraga|Iron Defense|p2a: Mahoraga
|-boost|p2a: Mahoraga|def|0
|
|-heal|p1a: jiroober|98/100|[from] move: Wish|[wisher] jiroober
|-heal|p1a: jiroober|100/100|[from] item: Leftovers
|-heal|p2a: Mahoraga|100/100|[from] item: Leftovers
|-damage|p1a: jiroober|75/100|[from] Salt Cure
|upkeep
|turn|56
|
|t:|1776233773
|switch|p1a: gooey goober|Goodra-Hisui, F, tera:Ghost|57/100 par
|move|p2a: Mahoraga|Iron Defense|p2a: Mahoraga
|-boost|p2a: Mahoraga|def|0
|
|upkeep
|turn|57
|
|t:|1776233784
|move|p2a: Mahoraga|Salt Cure|p1a: gooey goober|[miss]
|-miss|p2a: Mahoraga|p1a: gooey goober
|move|p1a: gooey goober|Dragon Tail|p2a: Mahoraga
|-damage|p2a: Mahoraga|97/100
|
|-heal|p2a: Mahoraga|100/100|[from] item: Leftovers
|upkeep
|turn|58
|
|t:|1776233791
|move|p2a: Mahoraga|Salt Cure|p1a: gooey goober|[miss]
|-miss|p2a: Mahoraga|p1a: gooey goober
|move|p1a: gooey goober|Counter||[still]
|-fail|p1a: gooey goober
|
|upkeep
|turn|59
|
|t:|1776233797
|move|p2a: Mahoraga|Salt Cure|p1a: gooey goober|[miss]
|-miss|p2a: Mahoraga|p1a: gooey goober
|cant|p1a: gooey goober|par
|
|upkeep
|turn|60
|
|t:|1776233804
|move|p2a: Mahoraga|Salt Cure|p1a: gooey goober
|-damage|p1a: gooey goober|45/100 par
|-start|p1a: gooey goober|Salt Cure
|cant|p1a: gooey goober|par
|
|-damage|p1a: gooey goober|32/100 par|[from] Salt Cure
|upkeep
|turn|61
|
|t:|1776233812
|switch|p1a: jiroober|Jirachi|75/100
|move|p2a: Mahoraga|Iron Defense|p2a: Mahoraga
|-boost|p2a: Mahoraga|def|0
|
|-heal|p1a: jiroober|82/100|[from] item: Leftovers
|upkeep
|turn|62
|
|t:|1776233819
|move|p1a: jiroober|Wish|p1a: jiroober
|move|p2a: Mahoraga|Salt Cure|p1a: jiroober
|-resisted|p1a: jiroober
|-damage|p1a: jiroober|75/100
|-start|p1a: jiroober|Salt Cure
|
|-heal|p1a: jiroober|81/100|[from] item: Leftovers
|-damage|p1a: jiroober|56/100|[from] Salt Cure
|upkeep
|turn|63
|
|t:|1776233828
|switch|p1a: gooey goober|Goodra-Hisui, F, tera:Ghost|32/100 par
|move|p2a: Mahoraga|Iron Defense|p2a: Mahoraga
|-boost|p2a: Mahoraga|def|0
|
|-heal|p1a: gooey goober|88/100 par|[from] move: Wish|[wisher] jiroober
|upkeep
|turn|64
|
|t:|1776233835
|switch|p1a: jiroober|Jirachi|56/100
|move|p2a: Mahoraga|Salt Cure|p1a: jiroober|[miss]
|-miss|p2a: Mahoraga|p1a: jiroober
|
|-heal|p1a: jiroober|62/100|[from] item: Leftovers
|upkeep
|turn|65
|
|t:|1776233843
|move|p1a: jiroober|Iron Head|p2a: Mahoraga
|-resisted|p2a: Mahoraga
|-damage|p2a: Mahoraga|98/100
|cant|p2a: Mahoraga|flinch
|
|-heal|p1a: jiroober|69/100|[from] item: Leftovers
|-heal|p2a: Mahoraga|100/100|[from] item: Leftovers
|upkeep
|turn|66
|c|☆L.BLADE|that accuracy thing
|
|t:|1776233852
|move|p1a: jiroober|Wish|p1a: jiroober
|move|p2a: Mahoraga|Salt Cure|p1a: jiroober
|-resisted|p1a: jiroober
|-damage|p1a: jiroober|62/100
|-start|p1a: jiroober|Salt Cure
|
|-heal|p1a: jiroober|68/100|[from] item: Leftovers
|-damage|p1a: jiroober|43/100|[from] Salt Cure
|upkeep
|turn|67
|
|t:|1776233861
|move|p1a: jiroober|Thunder Wave|p2a: Mahoraga
|-immune|p2a: Mahoraga|[from] ability: Purifying Salt
|move|p2a: Mahoraga|Iron Defense|p2a: Mahoraga
|-boost|p2a: Mahoraga|def|0
|
|-heal|p1a: jiroober|93/100|[from] move: Wish|[wisher] jiroober
|-heal|p1a: jiroober|99/100|[from] item: Leftovers
|-damage|p1a: jiroober|74/100|[from] Salt Cure
|upkeep
|turn|68
|
|t:|1776233870
|move|p1a: jiroober|Mud-Slap|p2a: Mahoraga
|-damage|p2a: Mahoraga|98/100
|move|p2a: Mahoraga|Iron Defense|p2a: Mahoraga
|-boost|p2a: Mahoraga|def|0
|
|-heal|p1a: jiroober|80/100|[from] item: Leftovers
|-heal|p2a: Mahoraga|100/100|[from] item: Leftovers
|-damage|p1a: jiroober|55/100|[from] Salt Cure
|upkeep
|turn|69
|
|t:|1776233878
|move|p1a: jiroober|Wish|p1a: jiroober
|move|p2a: Mahoraga|Iron Defense|p2a: Mahoraga
|-boost|p2a: Mahoraga|def|0
|
|-heal|p1a: jiroober|61/100|[from] item: Leftovers
|-damage|p1a: jiroober|36/100|[from] Salt Cure
|upkeep
|turn|70
|
|t:|1776233885
|move|p1a: jiroober|Thunder Wave|p2a: Mahoraga
|-immune|p2a: Mahoraga|[from] ability: Purifying Salt
|move|p2a: Mahoraga|Iron Defense|p2a: Mahoraga
|-boost|p2a: Mahoraga|def|0
|
|-heal|p1a: jiroober|86/100|[from] move: Wish|[wisher] jiroober
|-heal|p1a: jiroober|93/100|[from] item: Leftovers
|-damage|p1a: jiroober|68/100|[from] Salt Cure
|upkeep
|turn|71
|
|t:|1776233894
|switch|p1a: gooey goober|Goodra-Hisui, F, tera:Ghost|88/100 par
|move|p2a: Mahoraga|Iron Defense|p2a: Mahoraga
|-boost|p2a: Mahoraga|def|0
|
|upkeep
|turn|72
|
|t:|1776233901
|move|p2a: Mahoraga|Salt Cure|p1a: gooey goober|[miss]
|-miss|p2a: Mahoraga|p1a: gooey goober
|move|p1a: gooey goober|Draco Meteor|p2a: Mahoraga|[miss]
|-miss|p1a: gooey goober|p2a: Mahoraga
|
|upkeep
|turn|73
|
|t:|1776233913
|move|p2a: Mahoraga|Salt Cure|p1a: gooey goober|[miss]
|-miss|p2a: Mahoraga|p1a: gooey goober
|move|p1a: gooey goober|Flash Cannon|p2a: Mahoraga
|-resisted|p2a: Mahoraga
|-damage|p2a: Mahoraga|90/100
|-unboost|p2a: Mahoraga|spd|1
|
|-heal|p2a: Mahoraga|96/100|[from] item: Leftovers
|upkeep
|turn|74
|
|t:|1776233922
|move|p2a: Mahoraga|Iron Defense|p2a: Mahoraga
|-boost|p2a: Mahoraga|def|0
|cant|p1a: gooey goober|par
|
|-heal|p2a: Mahoraga|100/100|[from] item: Leftovers
|upkeep
|turn|75
|
|t:|1776233928
|move|p2a: Mahoraga|Iron Defense|p2a: Mahoraga
|-boost|p2a: Mahoraga|def|0
|move|p1a: gooey goober|Flash Cannon|p2a: Mahoraga
|-resisted|p2a: Mahoraga
|-damage|p2a: Mahoraga|86/100
|
|-heal|p2a: Mahoraga|92/100|[from] item: Leftovers
|upkeep
|turn|76
|
|t:|1776233937
|move|p2a: Mahoraga|Protect|p2a: Mahoraga
|-singleturn|p2a: Mahoraga|Protect
|move|p1a: gooey goober|Flash Cannon|p2a: Mahoraga
|-activate|p2a: Mahoraga|move: Protect
|
|-heal|p2a: Mahoraga|98/100|[from] item: Leftovers
|upkeep
|turn|77
|
|t:|1776233944
|move|p2a: Mahoraga|Iron Defense|p2a: Mahoraga
|-boost|p2a: Mahoraga|def|0
|cant|p1a: gooey goober|par
|
|-heal|p2a: Mahoraga|100/100|[from] item: Leftovers
|upkeep
|turn|78
|
|t:|1776233950
|move|p2a: Mahoraga|Iron Defense|p2a: Mahoraga
|-boost|p2a: Mahoraga|def|0
|move|p1a: gooey goober|Counter||[still]
|-fail|p1a: gooey goober
|
|upkeep
|turn|79
|
|t:|1776233955
|move|p2a: Mahoraga|Iron Defense|p2a: Mahoraga
|-boost|p2a: Mahoraga|def|0
|move|p1a: gooey goober|Counter||[still]
|-fail|p1a: gooey goober
|
|upkeep
|turn|80
|
|t:|1776233959
|move|p2a: Mahoraga|Iron Defense|p2a: Mahoraga
|-boost|p2a: Mahoraga|def|0
|move|p1a: gooey goober|Counter||[still]
|-fail|p1a: gooey goober
|
|upkeep
|turn|81
|
|t:|1776233964
|move|p2a: Mahoraga|Iron Defense|p2a: Mahoraga
|-boost|p2a: Mahoraga|def|0
|cant|p1a: gooey goober|par
|
|upkeep
|turn|82
|
|t:|1776233969
|move|p2a: Mahoraga|Iron Defense|p2a: Mahoraga
|-boost|p2a: Mahoraga|def|0
|move|p1a: gooey goober|Counter||[still]
|-fail|p1a: gooey goober
|
|upkeep
|turn|83
|
|t:|1776233975
|move|p2a: Mahoraga|Iron Defense|p2a: Mahoraga
|-boost|p2a: Mahoraga|def|0
|move|p1a: gooey goober|Counter||[still]
|-fail|p1a: gooey goober
|
|upkeep
|turn|84
|
|t:|1776233980
|move|p2a: Mahoraga|Protect|p2a: Mahoraga
|-singleturn|p2a: Mahoraga|Protect
|move|p1a: gooey goober|Counter||[still]
|-fail|p1a: gooey goober
|
|upkeep
|turn|85
|
|t:|1776233984
|move|p2a: Mahoraga|Iron Defense|p2a: Mahoraga
|-boost|p2a: Mahoraga|def|0
|move|p1a: gooey goober|Counter||[still]
|-fail|p1a: gooey goober
|
|upkeep
|turn|86
|
|t:|1776233989
|move|p2a: Mahoraga|Protect|p2a: Mahoraga
|-singleturn|p2a: Mahoraga|Protect
|move|p1a: gooey goober|Counter||[still]
|-fail|p1a: gooey goober
|
|upkeep
|turn|87
|
|t:|1776233994
|move|p2a: Mahoraga|Iron Defense|p2a: Mahoraga
|-boost|p2a: Mahoraga|def|0
|cant|p1a: gooey goober|par
|
|upkeep
|turn|88
|
|t:|1776233999
|move|p2a: Mahoraga|Protect|p2a: Mahoraga
|-singleturn|p2a: Mahoraga|Protect
|cant|p1a: gooey goober|par
|
|upkeep
|turn|89
|
|t:|1776234004
|move|p2a: Mahoraga|Iron Defense|p2a: Mahoraga
|-boost|p2a: Mahoraga|def|0
|move|p1a: gooey goober|Counter||[still]
|-fail|p1a: gooey goober
|
|upkeep
|turn|90
|
|t:|1776234009
|move|p2a: Mahoraga|Recover||[still]
|-fail|p2a: Mahoraga|heal
|cant|p1a: gooey goober|par
|
|upkeep
|turn|91
|
|t:|1776234012
|move|p2a: Mahoraga|Recover||[still]
|-fail|p2a: Mahoraga|heal
|move|p1a: gooey goober|Counter||[still]
|-fail|p1a: gooey goober
|
|upkeep
|turn|92
|
|t:|1776234017
|move|p2a: Mahoraga|Recover||[still]
|-fail|p2a: Mahoraga|heal
|move|p1a: gooey goober|Counter||[still]
|-fail|p1a: gooey goober
|
|upkeep
|turn|93
|
|t:|1776234019
|move|p2a: Mahoraga|Recover||[still]
|-fail|p2a: Mahoraga|heal
|move|p1a: gooey goober|Counter||[still]
|-fail|p1a: gooey goober
|
|upkeep
|turn|94
|
|t:|1776234022
|move|p2a: Mahoraga|Recover||[still]
|-fail|p2a: Mahoraga|heal
|cant|p1a: gooey goober|par
|
|upkeep
|turn|95
|
|t:|1776234024
|move|p2a: Mahoraga|Recover||[still]
|-fail|p2a: Mahoraga|heal
|move|p1a: gooey goober|Counter||[still]
|-fail|p1a: gooey goober
|
|upkeep
|turn|96
|
|t:|1776234026
|move|p2a: Mahoraga|Protect|p2a: Mahoraga
|-singleturn|p2a: Mahoraga|Protect
|move|p1a: gooey goober|Counter||[still]
|-fail|p1a: gooey goober
|
|upkeep
|turn|97
|
|t:|1776234028
|move|p2a: Mahoraga|Protect|p2a: Mahoraga
|-singleturn|p2a: Mahoraga|Protect
|move|p1a: gooey goober|Counter||[still]
|-fail|p1a: gooey goober
|
|upkeep
|turn|98
|
|t:|1776234029
|move|p2a: Mahoraga|Protect||[still]
|-fail|p2a: Mahoraga
|move|p1a: gooey goober|Counter||[still]
|-fail|p1a: gooey goober
|
|upkeep
|turn|99
|
|t:|1776234030
|move|p2a: Mahoraga|Protect|p2a: Mahoraga
|-singleturn|p2a: Mahoraga|Protect
|move|p1a: gooey goober|Counter||[still]
|-fail|p1a: gooey goober
|
|upkeep
|turn|100
|
|t:|1776234032
|move|p2a: Mahoraga|Protect||[still]
|-fail|p2a: Mahoraga
|move|p1a: gooey goober|Counter||[still]
|-fail|p1a: gooey goober
|
|upkeep
|turn|101
|
|t:|1776234033
|move|p2a: Mahoraga|Protect|p2a: Mahoraga
|-singleturn|p2a: Mahoraga|Protect
|move|p1a: gooey goober|Counter||[still]
|-fail|p1a: gooey goober
|
|upkeep
|turn|102
|
|t:|1776234035
|-activate|p2a: Mahoraga|move: Struggle
|move|p2a: Mahoraga|Struggle|p1a: gooey goober
|-damage|p1a: gooey goober|77/100 par
|-ability|p1a: gooey goober|Gooey
|-unboost|p2a: Mahoraga|spe|1
|-damage|p2a: Mahoraga|75/100|[from] recoil
|cant|p1a: gooey goober|par
|
|-heal|p2a: Mahoraga|82/100|[from] item: Leftovers
|upkeep
|turn|103
|c|☆L.BLADE|gg
|c|☆kilobyt3|gg
|
|t:|1776234045
|-activate|p2a: Mahoraga|move: Struggle
|move|p2a: Mahoraga|Struggle|p1a: gooey goober
|-damage|p1a: gooey goober|65/100 par
|-ability|p1a: gooey goober|Gooey
|-unboost|p2a: Mahoraga|spe|1
|-damage|p2a: Mahoraga|57/100|[from] recoil
|move|p1a: gooey goober|Counter|p2a: Mahoraga
|-damage|p2a: Mahoraga|36/100
|
|-heal|p2a: Mahoraga|42/100|[from] item: Leftovers
|upkeep
|turn|104
|
|t:|1776234056
|cant|p1a: gooey goober|par
|-activate|p2a: Mahoraga|move: Struggle
|move|p2a: Mahoraga|Struggle|p1a: gooey goober
|-damage|p1a: gooey goober|54/100 par
|-ability|p1a: gooey goober|Gooey
|-unboost|p2a: Mahoraga|spe|1
|-damage|p2a: Mahoraga|17/100|[from] recoil
|
|-heal|p2a: Mahoraga|23/100|[from] item: Leftovers
|upkeep
|turn|105
|
|t:|1776234060
|move|p1a: gooey goober|Draco Meteor|p2a: Mahoraga
|-damage|p2a: Mahoraga|0 fnt
|-unboost|p1a: gooey goober|spa|2
|faint|p2a: Mahoraga
|
|win|kilobyt3
|raw|kilobyt3's rating: 1260 &rarr; <strong>1283</strong><br />(+23 for winning)
|raw|L.BLADE's rating: 1232 &rarr; <strong>1209</strong><br />(-23 for losing)
