|html|<div class="broadcast-blue"><strong>[Gen 9] OU is currently suspecting Tera Blast! For information on how to participate check out the <a href="https://www.smogon.com/tools/suspects/view/200">suspect thread</a>.</strong></div>
|j|☆corigible
|j|☆nass253
|t:|1776074089
|gametype|singles
|player|p1|corigible|winona|1110
|player|p2|nass253|1|1149
|gen|9
|tier|[Gen 9] OU
|rated|
|rule|HP Percentage Mod: HP is shown in percentages
|rule|Endless Battle Clause: Forcing endless battles is banned
|rule|Species Clause: Limit one of each Pokémon
|rule|OHKO Clause: OHKO moves are banned
|rule|Evasion Items Clause: Evasion items are banned
|rule|Evasion Moves Clause: Evasion moves are banned
|rule|Evasion Abilities Clause: Evasion abilities are banned
|rule|Sleep Moves Clause: Sleep-inducing moves are banned
|clearpoke
|poke|p1|Ribombee, F|
|poke|p1|Quaquaval, M|
|poke|p1|Oricorio-Pom-Pom, F|
|poke|p1|Jirachi|
|poke|p1|Sinistcha-Masterpiece|
|poke|p1|Glimmora, F|
|poke|p2|Dragonite, M|
|poke|p2|Landorus-Therian, M|
|poke|p2|Primarina, F|
|poke|p2|Pecharunt|
|poke|p2|Iron Treads|
|poke|p2|Zamazenta-*|
|teampreview
|inactive|Battle timer is ON: inactive players will automatically lose when time's up. (requested by corigible)
|j| ohko_smeargle
|
|t:|1776074102
|teamsize|p1|6
|teamsize|p2|6
|start
|switch|p1a: Ribombee|Ribombee, F|100/100
|switch|p2a: Great Tusk Wish|Iron Treads|100/100
|turn|1
|
|t:|1776074110
|switch|p1a: Sinistcha|Sinistcha-Masterpiece|100/100
|move|p2a: Great Tusk Wish|Stealth Rock|p1a: Sinistcha
|-sidestart|p1: corigible|move: Stealth Rock
|
|upkeep
|turn|2
|
|t:|1776074115
|move|p2a: Great Tusk Wish|Ice Spinner|p1a: Sinistcha
|-supereffective|p1a: Sinistcha
|-damage|p1a: Sinistcha|72/100
|-damage|p2a: Great Tusk Wish|84/100|[from] item: Rocky Helmet|[of] p1a: Sinistcha
|move|p1a: Sinistcha|Calm Mind|p1a: Sinistcha
|-boost|p1a: Sinistcha|spa|1
|-boost|p1a: Sinistcha|spd|1
|
|-heal|p2a: Great Tusk Wish|90/100|[from] item: Leftovers
|upkeep
|turn|3
|
|t:|1776074128
|move|p2a: Great Tusk Wish|Ice Spinner|p1a: Sinistcha
|-supereffective|p1a: Sinistcha
|-damage|p1a: Sinistcha|43/100
|-damage|p2a: Great Tusk Wish|74/100|[from] item: Rocky Helmet|[of] p1a: Sinistcha
|move|p1a: Sinistcha|Matcha Gotcha|p2a: Great Tusk Wish
|-damage|p2a: Great Tusk Wish|37/100
|-heal|p1a: Sinistcha|63/100|[from] drain|[of] p2a: Great Tusk Wish
|
|-heal|p2a: Great Tusk Wish|43/100|[from] item: Leftovers
|upkeep
|turn|4
|
|t:|1776074145
|move|p2a: Great Tusk Wish|Ice Spinner|p1a: Sinistcha
|-supereffective|p1a: Sinistcha
|-damage|p1a: Sinistcha|37/100
|-damage|p2a: Great Tusk Wish|26/100|[from] item: Rocky Helmet|[of] p1a: Sinistcha
|move|p1a: Sinistcha|Shadow Ball|p2a: Great Tusk Wish
|-damage|p2a: Great Tusk Wish|0 fnt
|faint|p2a: Great Tusk Wish
|-end|p2a: Great Tusk Wish|Quark Drive|[silent]
|
|upkeep
|
|t:|1776074153
|switch|p2a: Casimir|Dragonite, M|100/100
|turn|5
|
|t:|1776074156
|move|p2a: Casimir|Dragon Dance|p2a: Casimir
|-boost|p2a: Casimir|atk|1
|-boost|p2a: Casimir|spe|1
|move|p1a: Sinistcha|Strength Sap|p2a: Casimir
|-unboost|p2a: Casimir|atk|1
|-heal|p1a: Sinistcha|100/100
|
|upkeep
|turn|6
|
|t:|1776074165
|move|p2a: Casimir|Dragon Dance|p2a: Casimir
|-boost|p2a: Casimir|atk|1
|-boost|p2a: Casimir|spe|1
|move|p1a: Sinistcha|Shadow Ball|p2a: Casimir
|-damage|p2a: Casimir|76/100
|
|upkeep
|turn|7
|
|t:|1776074172
|move|p2a: Casimir|Ice Spinner|p1a: Sinistcha
|-supereffective|p1a: Sinistcha
|-damage|p1a: Sinistcha|41/100
|-damage|p2a: Casimir|59/100|[from] item: Rocky Helmet|[of] p1a: Sinistcha
|move|p1a: Sinistcha|Matcha Gotcha|p2a: Casimir
|-resisted|p2a: Casimir
|-damage|p2a: Casimir|47/100
|-heal|p1a: Sinistcha|47/100|[from] drain|[of] p2a: Casimir
|
|upkeep
|turn|8
|
|t:|1776074181
|move|p2a: Casimir|Ice Spinner|p1a: Sinistcha
|-supereffective|p1a: Sinistcha
|-damage|p1a: Sinistcha|0 fnt
|-damage|p2a: Casimir|31/100|[from] item: Rocky Helmet|[of] p1a: Sinistcha
|faint|p1a: Sinistcha
|
|upkeep
|
|t:|1776074183
|switch|p1a: Glimmora|Glimmora, F|100/100
|turn|9
|
|t:|1776074189
|move|p2a: Casimir|Earthquake|p1a: Glimmora
|-supereffective|p1a: Glimmora
|-damage|p1a: Glimmora|0 fnt
|faint|p1a: Glimmora
|
|upkeep
|
|t:|1776074198
|switch|p1a: Quaquaval|Quaquaval, M|100/100
|-damage|p1a: Quaquaval|94/100|[from] Stealth Rock
|turn|10
|
|t:|1776074204
|move|p2a: Casimir|Earthquake|p1a: Quaquaval
|-damage|p1a: Quaquaval|18/100
|move|p1a: Quaquaval|Triple Axel|p2a: Casimir
|-supereffective|p2a: Casimir
|-damage|p2a: Casimir|0 fnt
|faint|p2a: Casimir
|-ability|p1a: Quaquaval|Moxie|boost
|-boost|p1a: Quaquaval|atk|1
|-hitcount|p2: Casimir|1
|-damage|p1a: Quaquaval|8/100|[from] item: Life Orb
|
|upkeep
|
|t:|1776074214
|switch|p2a: Zamazenta|Zamazenta|100/100
|-ability|p2a: Zamazenta|Dauntless Shield|boost
|-boost|p2a: Zamazenta|def|1
|turn|11
|
|t:|1776074221
|move|p2a: Zamazenta|Iron Defense|p2a: Zamazenta
|-boost|p2a: Zamazenta|def|2
|move|p1a: Quaquaval|Aqua Step|p2a: Zamazenta
|-damage|p2a: Zamazenta|73/100
|-boost|p1a: Quaquaval|spe|1
|-damage|p1a: Quaquaval|0 fnt|[from] item: Life Orb
|faint|p1a: Quaquaval
|
|-heal|p2a: Zamazenta|80/100|[from] item: Leftovers
|upkeep
|
|t:|1776074224
|switch|p1a: Oricorio|Oricorio-Pom-Pom, F|100/100
|turn|12
|
|t:|1776074241
|-terastallize|p2a: Zamazenta|Fire
|move|p2a: Zamazenta|Crunch|p1a: Oricorio
|-damage|p1a: Oricorio|68/100
|move|p1a: Oricorio|Quiver Dance|p1a: Oricorio
|-boost|p1a: Oricorio|spa|1
|-boost|p1a: Oricorio|spd|1
|-boost|p1a: Oricorio|spe|1
|
|-heal|p2a: Zamazenta|86/100|[from] item: Leftovers
|upkeep
|turn|13
|
|t:|1776074250
|move|p1a: Oricorio|Quiver Dance|p1a: Oricorio
|-boost|p1a: Oricorio|spa|1
|-boost|p1a: Oricorio|spd|1
|-boost|p1a: Oricorio|spe|1
|move|p2a: Zamazenta|Iron Defense|p2a: Zamazenta
|-boost|p2a: Zamazenta|def|2
|
|-heal|p2a: Zamazenta|92/100|[from] item: Leftovers
|upkeep
|turn|14
|
|t:|1776074258
|-terastallize|p1a: Oricorio|Ground
|move|p1a: Oricorio|Revelation Dance|p2a: Zamazenta
|-supereffective|p2a: Zamazenta
|-damage|p2a: Zamazenta|0 fnt
|faint|p2a: Zamazenta
|
|upkeep
|
|t:|1776074268
|switch|p2a: Oui Tante Tweet!|Pecharunt|100/100
|turn|15
|
|t:|1776074273
|move|p1a: Oricorio|Revelation Dance|p2a: Oui Tante Tweet!
|-supereffective|p2a: Oui Tante Tweet!
|-crit|p2a: Oui Tante Tweet!
|-damage|p2a: Oui Tante Tweet!|0 fnt
|faint|p2a: Oui Tante Tweet!
|
|upkeep
|
|t:|1776074282
|switch|p2a: Dame Du Lac|Primarina, F|100/100
|turn|16
|
|t:|1776074285
|switch|p2a: Nick Forivoire|Landorus-Therian, M|100/100
|-ability|p2a: Nick Forivoire|Intimidate|boost
|-unboost|p1a: Oricorio|atk|1
|move|p1a: Oricorio|Air Slash|p2a: Nick Forivoire
|-damage|p2a: Nick Forivoire|0 fnt
|faint|p2a: Nick Forivoire
|
|upkeep
|
|t:|1776074293
|switch|p2a: Dame Du Lac|Primarina, F|100/100
|turn|17
|
|t:|1776074298
|move|p1a: Oricorio|Air Slash|p2a: Dame Du Lac
|-damage|p2a: Dame Du Lac|38/100
|move|p2a: Dame Du Lac|Surf|p1a: Oricorio
|-supereffective|p1a: Oricorio
|-damage|p1a: Oricorio|0 fnt
|faint|p1a: Oricorio
|
|-heal|p2a: Dame Du Lac|44/100|[from] item: Leftovers
|upkeep
|
|t:|1776074302
|switch|p1a: Jirachi|Jirachi|100/100
|-damage|p1a: Jirachi|94/100|[from] Stealth Rock
|turn|18
|
|t:|1776074310
|move|p1a: Jirachi|Iron Head|p2a: Dame Du Lac
|-damage|p2a: Dame Du Lac|0 fnt
|faint|p2a: Dame Du Lac
|
|win|corigible
|raw|corigible's rating: 1110 &rarr; <strong>1138</strong><br />(+28 for winning)
|raw|nass253's rating: 1149 &rarr; <strong>1121</strong><br />(-28 for losing)
|l| ohko_smeargle
|l|☆nass253
|player|p2|
|l|☆corigible
|player|p1|
