|html|<div class="broadcast-blue"><strong>[Gen 9] OU is currently suspecting Tera Blast! For information on how to participate check out the <a href="https://www.smogon.com/tools/suspects/view/200">suspect thread</a>.</strong></div>
|j|☆anderISbaneado
|j|☆anderlaine19_
|t:|1776085440
|gametype|singles
|player|p1|anderISbaneado|2|1159
|player|p2|anderlaine19_|pokemaniac|1160
|gen|9
|tier|[Gen 9] OU
|rated|
|rule|HP Percentage Mod: HP is shown in percentages
|rule|Endless Battle Clause: Forcing endless battles is banned
|rule|Species Clause: Limit one of each Pokémon
|rule|OHKO Clause: OHKO moves are banned
|rule|Evasion Items Clause: Evasion items are banned
|rule|Evasion Moves Clause: Evasion moves are banned
|rule|Evasion Abilities Clause: Evasion abilities are banned
|rule|Sleep Moves Clause: Sleep-inducing moves are banned
|clearpoke
|poke|p1|Pelipper, F|
|poke|p1|Ludicolo, M|
|poke|p1|Iron Treads|
|poke|p1|Landorus-Therian, M|
|poke|p1|Barraskewda, M|
|poke|p1|Basculegion-F, F|
|poke|p2|Hatterene, F|
|poke|p2|Pelipper, M|
|poke|p2|Hariyama, F|
|poke|p2|Cresselia, F|
|poke|p2|Ursaluna, F|
|poke|p2|Porygon2|
|teampreview
|
|t:|1776085451
|teamsize|p1|6
|teamsize|p2|6
|start
|switch|p1a: Landorus|Landorus-Therian, M|100/100
|switch|p2a: Sydney Sipme|Hatterene, F|100/100
|-ability|p1a: Landorus|Intimidate|boost
|-unboost|p2a: Sydney Sipme|atk|1
|turn|1
|
|t:|1776085462
|move|p1a: Landorus|Sludge Bomb|p2a: Sydney Sipme
|-supereffective|p2a: Sydney Sipme
|-crit|p2a: Sydney Sipme
|-enditem|p2a: Sydney Sipme|Focus Sash
|-damage|p2a: Sydney Sipme|1/100
|move|p2a: Sydney Sipme|Trick Room|p2a: Sydney Sipme
|-fieldstart|move: Trick Room|[of] p2a: Sydney Sipme
|
|upkeep
|turn|2
|
|t:|1776085476
|move|p2a: Sydney Sipme|Healing Wish|p2a: Sydney Sipme
|faint|p2a: Sydney Sipme
|move|p1a: Landorus|Sludge Bomb|p2: Sydney Sipme|[notarget]
|-fail|p1a: Landorus
|
|upkeep
|inactive|Battle timer is ON: inactive players will automatically lose when time's up. (requested by anderISbaneado)
|
|t:|1776085492
|switch|p2a: Late Hibernation|Ursaluna, F|100/100
|turn|3
|
|t:|1776085503
|switch|p1a: Basculegion|Basculegion-F, F|100/100
|-terastallize|p2a: Late Hibernation|Normal
|move|p2a: Late Hibernation|Swords Dance|p2a: Late Hibernation
|-boost|p2a: Late Hibernation|atk|2
|
|-status|p2a: Late Hibernation|brn|[from] item: Flame Orb
|upkeep
|turn|4
|
|t:|1776085516
|move|p2a: Late Hibernation|Headlong Rush|p1a: Basculegion
|-damage|p1a: Basculegion|0 fnt
|-unboost|p2a: Late Hibernation|def|1
|-unboost|p2a: Late Hibernation|spd|1
|faint|p1a: Basculegion
|
|-damage|p2a: Late Hibernation|94/100 brn|[from] brn
|upkeep
|
|t:|1776085526
|switch|p1a: Pelipper|Pelipper, F, shiny|100/100
|-weather|RainDance|[from] ability: Drizzle|[of] p1a: Pelipper
|turn|5
|
|t:|1776085531
|move|p2a: Late Hibernation|Facade|p1a: Pelipper
|-damage|p1a: Pelipper|0 fnt
|faint|p1a: Pelipper
|
|-weather|RainDance|[upkeep]
|-damage|p2a: Late Hibernation|88/100 brn|[from] brn
|-fieldend|move: Trick Room
|upkeep
|
|t:|1776085536
|switch|p1a: Barraskewda|Barraskewda, M, shiny|100/100
|turn|6
|
|t:|1776085549
|move|p1a: Barraskewda|Flip Turn|p2a: Late Hibernation
|-damage|p2a: Late Hibernation|12/100 brn
|
|t:|1776085553
|switch|p1a: Iron Treads|Iron Treads, shiny|100/100|[from] Flip Turn
|move|p2a: Late Hibernation|Facade|p1a: Iron Treads
|-resisted|p1a: Iron Treads
|-damage|p1a: Iron Treads|0 fnt
|faint|p1a: Iron Treads
|-end|p1a: Iron Treads|Quark Drive|[silent]
|
|-weather|RainDance|[upkeep]
|-damage|p2a: Late Hibernation|6/100 brn|[from] brn
|upkeep
|
|t:|1776085563
|switch|p1a: Landorus|Landorus-Therian, M|100/100
|-ability|p1a: Landorus|Intimidate|boost
|-unboost|p2a: Late Hibernation|atk|1
|turn|7
|
|t:|1776085574
|switch|p2a: JD Dance|Pelipper, M|100/100
|move|p1a: Landorus|U-turn|p2a: JD Dance
|-resisted|p2a: JD Dance
|-damage|p2a: JD Dance|89/100
|
|t:|1776085579
|switch|p1a: Barraskewda|Barraskewda, M, shiny|100/100|[from] U-turn
|
|-weather|RainDance|[upkeep]
|upkeep
|turn|8
|
|t:|1776085591
|move|p1a: Barraskewda|Poison Jab|p2a: JD Dance
|-damage|p2a: JD Dance|45/100
|move|p2a: JD Dance|Weather Ball|p1a: Barraskewda
|-resisted|p1a: Barraskewda
|-damage|p1a: Barraskewda|0 fnt
|faint|p1a: Barraskewda
|
|-weather|RainDance|[upkeep]
|upkeep
|
|t:|1776085598
|switch|p1a: Ludicolo|Ludicolo, M|100/100
|turn|9
|
|t:|1776085606
|move|p1a: Ludicolo|Ice Beam|p2a: JD Dance
|-damage|p2a: JD Dance|0 fnt
|faint|p2a: JD Dance
|-damage|p1a: Ludicolo|91/100|[from] item: Life Orb
|
|-weather|RainDance|[upkeep]
|upkeep
|
|t:|1776085618
|switch|p2a: Duck Duck Goobs|Porygon2|100/100
|-ability|p2a: Duck Duck Goobs|Download|boost
|-boost|p2a: Duck Duck Goobs|atk|1
|turn|10
|inactive|anderISbaneado has 120 seconds left.
|inactive|anderISbaneado has 90 seconds left.
|inactive|anderISbaneado has 60 seconds left.
|inactive|anderISbaneado has 30 seconds left.
|inactive|anderISbaneado has 20 seconds left.
|inactive|anderISbaneado has 15 seconds left.
|inactive|anderISbaneado has 10 seconds left.
|inactive|anderISbaneado has 5 seconds left.
|-message|anderISbaneado lost due to inactivity.
|
|win|anderlaine19_
|raw|anderISbaneado's rating: 1159 &rarr; <strong>1134</strong><br />(-25 for losing)
|raw|anderlaine19_'s rating: 1160 &rarr; <strong>1185</strong><br />(+25 for winning)
|l|☆anderISbaneado
|player|p1|
|l|☆anderlaine19_
|player|p2|
