|html|<div class="broadcast-blue"><strong>[Gen 9] OU is currently suspecting Tera Blast! For information on how to participate check out the <a href="https://www.smogon.com/tools/suspects/view/200">suspect thread</a>.</strong></div>
|j|☆F3RSTUDIO
|j|☆Zonoah SSJ
|t:|1776096202
|gametype|singles
|player|p1|F3RSTUDIO|brendan-gen3|1228
|player|p2|Zonoah SSJ|akari|1211
|gen|9
|tier|[Gen 9] OU
|rated|
|rule|HP Percentage Mod: HP is shown in percentages
|rule|Endless Battle Clause: Forcing endless battles is banned
|rule|Species Clause: Limit one of each Pokémon
|rule|OHKO Clause: OHKO moves are banned
|rule|Evasion Items Clause: Evasion items are banned
|rule|Evasion Moves Clause: Evasion moves are banned
|rule|Evasion Abilities Clause: Evasion abilities are banned
|rule|Sleep Moves Clause: Sleep-inducing moves are banned
|clearpoke
|poke|p1|Metagross|
|poke|p1|Scizor, M|
|poke|p1|Iron Treads|
|poke|p1|Heatran, M|
|poke|p1|Gholdengo|
|poke|p1|Corviknight, M|
|poke|p2|Murkrow, M|
|poke|p2|Forretress, F|
|poke|p2|Ceruledge, F|
|poke|p2|Darkrai|
|poke|p2|Gliscor, M|
|poke|p2|Meowscarada, M|
|teampreview
|
|t:|1776096210
|teamsize|p1|6
|teamsize|p2|6
|start
|switch|p1a: Scizor|Scizor, M|100/100
|switch|p2a: Forretress|Forretress, F|100/100
|turn|1
|
|t:|1776096230
|switch|p1a: Metagross|Metagross, shiny|100/100
|move|p2a: Forretress|Stealth Rock|p1a: Metagross
|-sidestart|p1: F3RSTUDIO|move: Stealth Rock
|
|upkeep
|turn|2
|
|t:|1776096234
|move|p1a: Metagross|Hone Claws|p1a: Metagross
|-boost|p1a: Metagross|atk|1
|-boost|p1a: Metagross|accuracy|1
|move|p2a: Forretress|Spikes|p1a: Metagross
|-sidestart|p1: F3RSTUDIO|Spikes
|
|upkeep
|turn|3
|
|t:|1776096239
|move|p1a: Metagross|Hone Claws|p1a: Metagross
|-boost|p1a: Metagross|atk|1
|-boost|p1a: Metagross|accuracy|1
|move|p2a: Forretress|Spikes|p1a: Metagross
|-sidestart|p1: F3RSTUDIO|Spikes
|
|upkeep
|turn|4
|
|t:|1776096245
|move|p1a: Metagross|Stone Edge|p2a: Forretress
|-damage|p2a: Forretress|59/100
|move|p2a: Forretress|Spikes|p1a: Metagross
|-sidestart|p1: F3RSTUDIO|Spikes
|
|-heal|p2a: Forretress|65/100|[from] item: Leftovers
|upkeep
|turn|5
|
|t:|1776096266
|move|p1a: Metagross|Earthquake|p2a: Forretress
|-damage|p2a: Forretress|20/100
|move|p2a: Forretress|Rapid Spin|p1a: Metagross
|-resisted|p1a: Metagross
|-damage|p1a: Metagross|97/100
|-boost|p2a: Forretress|spe|1
|
|-heal|p1a: Metagross|100/100|[from] item: Leftovers
|-heal|p2a: Forretress|26/100|[from] item: Leftovers
|upkeep
|turn|6
|
|t:|1776096274
|move|p1a: Metagross|Earthquake|p2a: Forretress
|-damage|p2a: Forretress|0 fnt
|faint|p2a: Forretress
|
|upkeep
|
|t:|1776096278
|switch|p2a: Murkrow|Murkrow, M|100/100
|turn|7
|
|t:|1776096286
|move|p1a: Metagross|Stone Edge|p2a: Murkrow
|-supereffective|p2a: Murkrow
|-damage|p2a: Murkrow|0 fnt
|faint|p2a: Murkrow
|
|upkeep
|
|t:|1776096302
|switch|p2a: Ceruledge|Ceruledge, F|100/100
|turn|8
|
|t:|1776096307
|-terastallize|p1a: Metagross|Dark
|move|p2a: Ceruledge|Swords Dance|p2a: Ceruledge
|-boost|p2a: Ceruledge|atk|2
|move|p1a: Metagross|Stone Edge|p2a: Ceruledge
|-supereffective|p2a: Ceruledge
|-enditem|p2a: Ceruledge|Focus Sash
|-damage|p2a: Ceruledge|1/100
|-ability|p2a: Ceruledge|Weak Armor|boost
|-unboost|p2a: Ceruledge|def|1
|-boost|p2a: Ceruledge|spe|2
|
|upkeep
|turn|9
|
|t:|1776096319
|move|p2a: Ceruledge|Bitter Blade|p1a: Metagross
|-damage|p1a: Metagross|37/100
|-heal|p2a: Ceruledge|41/100|[from] drain|[of] p1a: Metagross
|move|p1a: Metagross|Stone Edge|p2a: Ceruledge
|-supereffective|p2a: Ceruledge
|-crit|p2a: Ceruledge
|-damage|p2a: Ceruledge|0 fnt
|faint|p2a: Ceruledge
|
|-heal|p1a: Metagross|43/100|[from] item: Leftovers
|upkeep
|
|t:|1776096330
|switch|p2a: Nyah~|Meowscarada, M|100/100
|turn|10
|
|t:|1776096333
|move|p2a: Nyah~|U-turn|p1a: Metagross
|-start|p2a: Nyah~|typechange|Bug|[from] ability: Protean
|-supereffective|p1a: Metagross
|-damage|p1a: Metagross|0 fnt
|faint|p1a: Metagross
|
|t:|1776096338
|switch|p2a: Gliscor|Gliscor, M|100/100|[from] U-turn
|
|-status|p2a: Gliscor|tox|[from] item: Toxic Orb
|upkeep
|
|t:|1776096343
|switch|p1a: Scizor|Scizor, M|100/100
|-damage|p1a: Scizor|88/100|[from] Stealth Rock
|-damage|p1a: Scizor|63/100|[from] Spikes
|turn|11
|
|t:|1776096348
|move|p2a: Gliscor|Earthquake|p1a: Scizor
|-damage|p1a: Scizor|22/100
|move|p1a: Scizor|Defog|p2a: Gliscor
|-unboost|p2a: Gliscor|evasion|1
|-sideend|p1: F3RSTUDIO|Spikes|[from] move: Defog|[of] p1a: Scizor
|-sideend|p1: F3RSTUDIO|Stealth Rock|[from] move: Defog|[of] p1a: Scizor
|
|upkeep
|turn|12
|
|t:|1776096354
|move|p1a: Scizor|Bullet Punch|p2a: Gliscor
|-damage|p2a: Gliscor|65/100 tox
|move|p2a: Gliscor|Earthquake|p1a: Scizor
|-damage|p1a: Scizor|0 fnt
|faint|p1a: Scizor
|
|-heal|p2a: Gliscor|77/100 tox|[from] ability: Poison Heal
|upkeep
|
|t:|1776096360
|switch|p1a: Iron Treads|Iron Treads|100/100
|turn|13
|
|t:|1776096364
|move|p2a: Gliscor|Earthquake|p1a: Iron Treads
|-supereffective|p1a: Iron Treads
|-damage|p1a: Iron Treads|27/100
|move|p1a: Iron Treads|Ice Spinner|p2a: Gliscor
|-supereffective|p2a: Gliscor
|-damage|p2a: Gliscor|0 fnt
|faint|p2a: Gliscor
|
|upkeep
|
|t:|1776096377
|switch|p2a: Nyah~|Meowscarada, M|100/100
|turn|14
|
|t:|1776096382
|move|p2a: Nyah~|Flower Trick|p1a: Iron Treads
|-start|p2a: Nyah~|typechange|Grass|[from] ability: Protean
|-crit|p1a: Iron Treads
|-damage|p1a: Iron Treads|0 fnt
|faint|p1a: Iron Treads
|-end|p1a: Iron Treads|Quark Drive|[silent]
|
|upkeep
|
|t:|1776096385
|switch|p1a: Heatran|Heatran, M, shiny|100/100
|turn|15
|
|t:|1776096395
|-terastallize|p2a: Nyah~|Ghost
|move|p2a: Nyah~|Knock Off|p1a: Heatran
|-damage|p1a: Heatran|72/100
|-enditem|p1a: Heatran|Choice Scarf|[from] move: Knock Off|[of] p2a: Nyah~
|move|p1a: Heatran|Heat Wave|p2a: Nyah~
|-damage|p2a: Nyah~|17/100
|
|upkeep
|turn|16
|
|t:|1776096405
|move|p2a: Nyah~|U-turn|p1a: Heatran
|-resisted|p1a: Heatran
|-damage|p1a: Heatran|66/100
|
|t:|1776096407
|switch|p2a: Darkrai|Darkrai, shiny|100/100|[from] U-turn
|move|p1a: Heatran|Power Gem|p2a: Darkrai
|-damage|p2a: Darkrai|62/100
|
|upkeep
|turn|17
|
|t:|1776096416
|move|p2a: Darkrai|Thunder|p1a: Heatran
|-damage|p1a: Heatran|3/100
|move|p1a: Heatran|Steel Beam|p2a: Darkrai
|-damage|p2a: Darkrai|0 fnt
|-damage|p1a: Heatran|0 fnt|[from] steelbeam
|faint|p1a: Heatran
|faint|p2a: Darkrai
|
|upkeep
|
|t:|1776096425
|switch|p2a: Nyah~|Meowscarada, M, tera:Ghost|17/100
|switch|p1a: Corviknight|Corviknight, M|100/100
|turn|18
|
|t:|1776096430
|move|p2a: Nyah~|Triple Axel|p1a: Corviknight
|-damage|p1a: Corviknight|95/100
|-damage|p1a: Corviknight|86/100
|-damage|p1a: Corviknight|71/100
|-hitcount|p1a: Corviknight|3
|move|p1a: Corviknight|Iron Defense|p1a: Corviknight
|-boost|p1a: Corviknight|def|2
|
|-heal|p1a: Corviknight|77/100|[from] item: Leftovers
|upkeep
|turn|19
|c|☆Zonoah SSJ|I'm cooked
|c|☆F3RSTUDIO|maybe not
|c|☆Zonoah SSJ|why my murkrow didn't hit with whirlwind ?
|c|☆Zonoah SSJ|ur metagross used stone edge, it doesn't have any logic
|c|☆F3RSTUDIO|negative priority
|c|☆F3RSTUDIO|its -7 I think
|c|☆Zonoah SSJ|seriously ?????
|c|☆F3RSTUDIO|with prankster -6
|c|☆F3RSTUDIO|yes
|c|☆Zonoah SSJ|I'm so dumb ;-;
|
|t:|1776096529
|move|p2a: Nyah~|Triple Axel|p1a: Corviknight
|-damage|p1a: Corviknight|75/100
|-damage|p1a: Corviknight|70/100
|-hitcount|p1a: Corviknight|2
|move|p1a: Corviknight|U-turn|p2a: Nyah~
|-resisted|p2a: Nyah~
|-damage|p2a: Nyah~|6/100
|c|☆Zonoah SSJ|gg
|c|☆F3RSTUDIO|it would be broken ahahaha
|
|t:|1776096536
|switch|p1a: Gholdengo|Gholdengo|100/100|[from] U-turn
|-item|p1a: Gholdengo|Air Balloon
|
|upkeep
|turn|20
|
|t:|1776096541
|move|p2a: Nyah~|Knock Off|p1a: Gholdengo
|-supereffective|p1a: Gholdengo
|-damage|p1a: Gholdengo|0 fnt
|-enditem|p1a: Gholdengo|Air Balloon
|faint|p1a: Gholdengo
|
|upkeep
|
|t:|1776096544
|switch|p1a: Corviknight|Corviknight, M|70/100
|turn|21
|
|t:|1776096548
|move|p2a: Nyah~|Triple Axel|p1a: Corviknight
|-damage|p1a: Corviknight|64/100
|-damage|p1a: Corviknight|54/100
|-damage|p1a: Corviknight|39/100
|-hitcount|p1a: Corviknight|3
|move|p1a: Corviknight|U-turn|p2a: Nyah~
|-resisted|p2a: Nyah~
|-damage|p2a: Nyah~|0 fnt
|faint|p2a: Nyah~
|
|win|F3RSTUDIO
|raw|F3RSTUDIO's rating: 1228 &rarr; <strong>1252</strong><br />(+24 for winning)
|raw|Zonoah SSJ's rating: 1211 &rarr; <strong>1187</strong><br />(-24 for losing)
|c|☆Zonoah SSJ|gg
|l|☆F3RSTUDIO
|player|p1|
|l|☆Zonoah SSJ
|player|p2|
