|html|<div class="broadcast-blue"><strong>[Gen 9] OU is currently suspecting Tera Blast! For information on how to participate check out the <a href="https://www.smogon.com/tools/suspects/view/200">suspect thread</a>.</strong></div>
|j|☆4palxi
|j|☆no ratings
|t:|1776347389
|gametype|singles
|player|p1|4palxi|veteran|1521
|player|p2|no ratings|policeman-gen4|1571
|gen|9
|tier|[Gen 9] OU
|rated|
|rule|HP Percentage Mod: HP is shown in percentages
|rule|Endless Battle Clause: Forcing endless battles is banned
|rule|Species Clause: Limit one of each Pokémon
|rule|OHKO Clause: OHKO moves are banned
|rule|Evasion Items Clause: Evasion items are banned
|rule|Evasion Moves Clause: Evasion moves are banned
|rule|Evasion Abilities Clause: Evasion abilities are banned
|rule|Sleep Moves Clause: Sleep-inducing moves are banned
|clearpoke
|poke|p1|Dragapult, F|
|poke|p1|Alomomola, F|
|poke|p1|Ting-Lu|
|poke|p1|Kyurem|
|poke|p1|Weezing-Galar, F|
|poke|p1|Corviknight, F|
|poke|p2|Greninja-*, F|
|poke|p2|Garganacl, M|
|poke|p2|Weezing-Galar, F|
|poke|p2|Corviknight, M|
|poke|p2|Tornadus-Therian, M|
|poke|p2|Forretress, F|
|teampreview
|
|t:|1776347402
|teamsize|p1|6
|teamsize|p2|6
|start
|switch|p1a: Weezing|Weezing-Galar, F|100/100
|switch|p2a: Forretress|Forretress, F|100/100
|-ability|p1a: Weezing|Neutralizing Gas
|turn|1
|
|t:|1776347412
|move|p1a: Weezing|Will-O-Wisp|p2a: Forretress
|-status|p2a: Forretress|brn
|move|p2a: Forretress|Spikes|p1a: Weezing
|-sidestart|p1: 4palxi|Spikes
|
|-damage|p2a: Forretress|94/100 brn|[from] brn
|upkeep
|turn|2
|
|t:|1776347419
|move|p1a: Weezing|Defog|p2a: Forretress
|-unboost|p2a: Forretress|evasion|1
|-sideend|p1: 4palxi|Spikes|[from] move: Defog|[of] p1a: Weezing
|move|p2a: Forretress|Volt Switch|p1a: Weezing
|-damage|p1a: Weezing|85/100
|
|t:|1776347429
|switch|p2a: Tornadus|Tornadus-Therian, M|100/100|[from] Volt Switch
|
|-heal|p1a: Weezing|91/100|[from] item: Leftovers
|upkeep
|turn|3
|
|t:|1776347435
|move|p2a: Tornadus|Bleakwind Storm|p1a: Weezing
|-damage|p1a: Weezing|8/100
|-unboost|p1a: Weezing|spe|1
|-damage|p2a: Tornadus|91/100|[from] item: Life Orb
|move|p1a: Weezing|Toxic|p2a: Tornadus
|-status|p2a: Tornadus|tox
|
|-heal|p1a: Weezing|14/100|[from] item: Leftovers
|-damage|p2a: Tornadus|85/100 tox|[from] psn
|upkeep
|turn|4
|
|t:|1776347445
|switch|p2a: Greninja|Greninja, F, shiny|100/100
|move|p1a: Weezing|Protect||[still]
|-fail|p1a: Weezing
|
|-heal|p1a: Weezing|20/100|[from] item: Leftovers
|upkeep
|turn|5
|
|t:|1776347455
|-end|p1a: Weezing|ability: Neutralizing Gas
|switch|p1a: Tiffany BlueStones|Kyurem, shiny|100/100
|-ability|p1a: Tiffany BlueStones|Pressure
|move|p2a: Greninja|Ice Beam|p1a: Tiffany BlueStones
|-start|p2a: Greninja|typechange|Ice|[from] ability: Protean
|-crit|p1a: Tiffany BlueStones
|-damage|p1a: Tiffany BlueStones|47/100
|
|-heal|p1a: Tiffany BlueStones|53/100|[from] item: Leftovers
|upkeep
|turn|6
|inactive|Battle timer is ON: inactive players will automatically lose when time's up. (requested by no ratings)
|
|t:|1776347467
|switch|p2a: Forretress|Forretress, F|94/100 brn
|move|p1a: Tiffany BlueStones|Flash Cannon|p2a: Forretress
|-resisted|p2a: Forretress
|-damage|p2a: Forretress|81/100 brn
|
|-heal|p1a: Tiffany BlueStones|60/100|[from] item: Leftovers
|-heal|p2a: Forretress|87/100 brn|[from] item: Leftovers
|-damage|p2a: Forretress|81/100 brn|[from] brn
|upkeep
|turn|7
|
|t:|1776347474
|move|p1a: Tiffany BlueStones|Substitute|p1a: Tiffany BlueStones
|-start|p1a: Tiffany BlueStones|Substitute
|-damage|p1a: Tiffany BlueStones|35/100
|move|p2a: Forretress|Gyro Ball|p1a: Tiffany BlueStones
|-supereffective|p1a: Tiffany BlueStones
|-end|p1a: Tiffany BlueStones|Substitute
|
|-heal|p1a: Tiffany BlueStones|41/100|[from] item: Leftovers
|-heal|p2a: Forretress|87/100 brn|[from] item: Leftovers
|-damage|p2a: Forretress|81/100 brn|[from] brn
|upkeep
|turn|8
|
|t:|1776347481
|switch|p1a: Corviknight|Corviknight, F|100/100
|-ability|p1a: Corviknight|Pressure
|move|p2a: Forretress|Spikes|p1a: Corviknight
|-sidestart|p1: 4palxi|Spikes
|
|-heal|p2a: Forretress|87/100 brn|[from] item: Leftovers
|-damage|p2a: Forretress|81/100 brn|[from] brn
|upkeep
|turn|9
|
|t:|1776347486
|move|p1a: Corviknight|Defog|p2a: Forretress
|-unboost|p2a: Forretress|evasion|1
|-sideend|p1: 4palxi|Spikes|[from] move: Defog|[of] p1a: Corviknight
|move|p2a: Forretress|Volt Switch|p1a: Corviknight
|-supereffective|p1a: Corviknight
|-damage|p1a: Corviknight|86/100
|
|t:|1776347500
|switch|p2a: Garganacl|Garganacl, M|100/100|[from] Volt Switch
|
|-heal|p1a: Corviknight|93/100|[from] item: Leftovers
|upkeep
|turn|10
|
|t:|1776347517
|move|p1a: Corviknight|U-turn|p2a: Garganacl
|-damage|p2a: Garganacl|92/100
|
|t:|1776347528
|switch|p1a: Fogbound Lake|Alomomola, F|100/100|[from] U-turn
|move|p2a: Garganacl|Salt Cure|p1a: Fogbound Lake
|-damage|p1a: Fogbound Lake|93/100
|-start|p1a: Fogbound Lake|Salt Cure
|
|-heal|p2a: Garganacl|98/100|[from] item: Leftovers
|-damage|p1a: Fogbound Lake|68/100|[from] Salt Cure
|upkeep
|turn|11
|
|t:|1776347533
|move|p1a: Fogbound Lake|Wish|p1a: Fogbound Lake
|move|p2a: Garganacl|Stealth Rock|p1a: Fogbound Lake
|-sidestart|p1: 4palxi|move: Stealth Rock
|
|-heal|p2a: Garganacl|100/100|[from] item: Leftovers
|-damage|p1a: Fogbound Lake|43/100|[from] Salt Cure
|upkeep
|turn|12
|
|t:|1776347543
|move|p2a: Garganacl|Protect|p2a: Garganacl
|-singleturn|p2a: Garganacl|Protect
|move|p1a: Fogbound Lake|Flip Turn|p2a: Garganacl
|-activate|p2a: Garganacl|move: Protect
|
|-heal|p1a: Fogbound Lake|93/100|[from] move: Wish|[wisher] Fogbound Lake
|-damage|p1a: Fogbound Lake|68/100|[from] Salt Cure
|upkeep
|turn|13
|
|t:|1776347550
|switch|p2a: Tornadus|Tornadus-Therian, M|85/100 tox
|move|p1a: Fogbound Lake|Flip Turn|p2a: Tornadus
|-damage|p2a: Tornadus|61/100 tox
|
|t:|1776347568
|switch|p1a: Moody Blues|Dragapult, F|100/100|[from] Flip Turn
|-damage|p1a: Moody Blues|88/100|[from] Stealth Rock
|
|-damage|p2a: Tornadus|55/100 tox|[from] psn
|upkeep
|turn|14
|
|t:|1776347574
|switch|p2a: Weezing|Weezing-Galar, F|100/100
|-ability|p2a: Weezing|Neutralizing Gas
|move|p1a: Moody Blues|Dragon Darts|p2a: Weezing
|-immune|p2a: Weezing
|
|upkeep
|turn|15
|
|t:|1776347587
|switch|p1a: Corviknight|Corviknight, F|93/100
|-damage|p1a: Corviknight|80/100|[from] Stealth Rock
|move|p2a: Weezing|Will-O-Wisp|p1a: Corviknight|[miss]
|-miss|p2a: Weezing|p1a: Corviknight
|
|-heal|p1a: Corviknight|86/100|[from] item: Leftovers
|upkeep
|turn|16
|
|t:|1776347592
|move|p2a: Weezing|Will-O-Wisp|p1a: Corviknight
|-status|p1a: Corviknight|brn
|move|p1a: Corviknight|Defog|p2a: Weezing
|-unboost|p2a: Weezing|evasion|1
|-sideend|p1: 4palxi|Stealth Rock|[from] move: Defog|[of] p1a: Corviknight
|
|-heal|p1a: Corviknight|93/100 brn|[from] item: Leftovers
|-damage|p1a: Corviknight|86/100 brn|[from] brn
|upkeep
|turn|17
|
|t:|1776347599
|move|p2a: Weezing|Will-O-Wisp|p1a: Corviknight
|-fail|p1a: Corviknight|brn
|move|p1a: Corviknight|U-turn|p2a: Weezing
|-resisted|p2a: Weezing
|-damage|p2a: Weezing|99/100
|
|t:|1776347611
|switch|p1a: Fogbound Lake|Alomomola, F|100/100|[from] U-turn
|
|upkeep
|turn|18
|
|t:|1776347616
|move|p2a: Weezing|Will-O-Wisp|p1a: Fogbound Lake
|-status|p1a: Fogbound Lake|brn
|move|p1a: Fogbound Lake|Wish|p1a: Fogbound Lake
|
|-damage|p1a: Fogbound Lake|94/100 brn|[from] brn
|upkeep
|turn|19
|
|t:|1776347625
|move|p2a: Weezing|Strange Steam|p1a: Fogbound Lake
|-damage|p1a: Fogbound Lake|65/100 brn
|move|p1a: Fogbound Lake|Flip Turn|p2a: Weezing
|-damage|p2a: Weezing|94/100
|
|t:|1776347644
|switch|p1a: Tiffany BlueStones|Kyurem, shiny|41/100|[from] Flip Turn
|
|-heal|p1a: Tiffany BlueStones|100/100|[from] move: Wish|[wisher] Fogbound Lake
|upkeep
|turn|20
|
|t:|1776347651
|-terastallize|p1a: Tiffany BlueStones|Steel
|move|p1a: Tiffany BlueStones|Substitute|p1a: Tiffany BlueStones
|-start|p1a: Tiffany BlueStones|Substitute
|-damage|p1a: Tiffany BlueStones|76/100
|move|p2a: Weezing|Strange Steam|p1a: Tiffany BlueStones
|-resisted|p1a: Tiffany BlueStones
|-activate|p1a: Tiffany BlueStones|move: Substitute|[damage]
|
|-heal|p1a: Tiffany BlueStones|82/100|[from] item: Leftovers
|upkeep
|turn|21
|
|t:|1776347659
|-end|p2a: Weezing|ability: Neutralizing Gas
|-ability|p1a: Tiffany BlueStones|Pressure
|switch|p2a: Forretress|Forretress, F|81/100 brn
|move|p1a: Tiffany BlueStones|Flash Cannon|p2a: Forretress
|-resisted|p2a: Forretress
|-damage|p2a: Forretress|61/100 brn
|
|-heal|p1a: Tiffany BlueStones|88/100|[from] item: Leftovers
|-heal|p2a: Forretress|67/100 brn|[from] item: Leftovers
|-damage|p2a: Forretress|61/100 brn|[from] brn
|upkeep
|turn|22
|
|t:|1776347671
|move|p1a: Tiffany BlueStones|Earth Power|p2a: Forretress
|-damage|p2a: Forretress|32/100 brn
|move|p2a: Forretress|Body Press|p1a: Tiffany BlueStones
|-supereffective|p1a: Tiffany BlueStones
|-end|p1a: Tiffany BlueStones|Substitute
|
|-heal|p1a: Tiffany BlueStones|94/100|[from] item: Leftovers
|-heal|p2a: Forretress|39/100 brn|[from] item: Leftovers
|-damage|p2a: Forretress|32/100 brn|[from] brn
|upkeep
|turn|23
|
|t:|1776347689
|switch|p1a: Moody Blues|Dragapult, F|88/100
|move|p2a: Forretress|Volt Switch|p1a: Moody Blues
|-resisted|p1a: Moody Blues
|-damage|p1a: Moody Blues|81/100
|
|t:|1776347704
|switch|p2a: Greninja|Greninja, F, shiny|100/100|[from] Volt Switch
|
|upkeep
|turn|24
|
|t:|1776347714
|switch|p1a: Tiffany BlueStones|Kyurem, shiny, tera:Steel|94/100
|-ability|p1a: Tiffany BlueStones|Pressure
|move|p2a: Greninja|Ice Beam|p1a: Tiffany BlueStones
|-start|p2a: Greninja|typechange|Ice|[from] ability: Protean
|-resisted|p1a: Tiffany BlueStones
|-damage|p1a: Tiffany BlueStones|79/100
|
|-heal|p1a: Tiffany BlueStones|85/100|[from] item: Leftovers
|upkeep
|turn|25
|
|t:|1776347731
|switch|p2a: Corviknight|Corviknight, M|100/100
|-ability|p2a: Corviknight|Pressure
|move|p1a: Tiffany BlueStones|Substitute|p1a: Tiffany BlueStones
|-start|p1a: Tiffany BlueStones|Substitute
|-damage|p1a: Tiffany BlueStones|60/100
|
|-heal|p1a: Tiffany BlueStones|66/100|[from] item: Leftovers
|upkeep
|turn|26
|inactive|4palxi has 120 seconds left.
|
|t:|1776347764
|move|p1a: Tiffany BlueStones|Freeze-Dry|p2a: Corviknight
|-damage|p2a: Corviknight|63/100
|move|p2a: Corviknight|Body Press|p1a: Tiffany BlueStones
|-supereffective|p1a: Tiffany BlueStones
|-end|p1a: Tiffany BlueStones|Substitute
|
|-heal|p1a: Tiffany BlueStones|72/100|[from] item: Leftovers
|upkeep
|turn|27
|inactive|4palxi has 120 seconds left.
|
|t:|1776347776
|switch|p1a: Fogbound Lake|Alomomola, F|65/100 brn
|move|p2a: Corviknight|Body Press|p1a: Fogbound Lake
|-damage|p1a: Fogbound Lake|53/100 brn
|-damage|p2a: Corviknight|46/100|[from] item: Rocky Helmet|[of] p1a: Fogbound Lake
|
|-damage|p1a: Fogbound Lake|47/100 brn|[from] brn
|upkeep
|turn|28
|inactive|4palxi has 120 seconds left.
|
|t:|1776347790
|switch|p2a: Garganacl|Garganacl, M|100/100
|move|p1a: Fogbound Lake|Flip Turn|p2a: Garganacl
|-supereffective|p2a: Garganacl
|-damage|p2a: Garganacl|89/100
|
|t:|1776347798
|switch|p1a: Tiffany BlueStones|Kyurem, shiny, tera:Steel|72/100|[from] Flip Turn
|-ability|p1a: Tiffany BlueStones|Pressure
|
|-heal|p1a: Tiffany BlueStones|78/100|[from] item: Leftovers
|-heal|p2a: Garganacl|95/100|[from] item: Leftovers
|upkeep
|turn|29
|
|t:|1776347809
|move|p1a: Tiffany BlueStones|Substitute|p1a: Tiffany BlueStones
|-start|p1a: Tiffany BlueStones|Substitute
|-damage|p1a: Tiffany BlueStones|53/100
|move|p2a: Garganacl|Salt Cure|p1a: Tiffany BlueStones
|-resisted|p1a: Tiffany BlueStones
|-activate|p1a: Tiffany BlueStones|move: Substitute|[damage]
|
|-heal|p1a: Tiffany BlueStones|60/100|[from] item: Leftovers
|-heal|p2a: Garganacl|100/100|[from] item: Leftovers
|upkeep
|turn|30
|
|t:|1776347822
|switch|p2a: Forretress|Forretress, F|32/100 brn
|move|p1a: Tiffany BlueStones|Flash Cannon|p2a: Forretress
|-resisted|p2a: Forretress
|-damage|p2a: Forretress|14/100 brn
|
|-heal|p1a: Tiffany BlueStones|66/100|[from] item: Leftovers
|-heal|p2a: Forretress|21/100 brn|[from] item: Leftovers
|-damage|p2a: Forretress|14/100 brn|[from] brn
|upkeep
|turn|31
|
|t:|1776347827
|move|p1a: Tiffany BlueStones|Flash Cannon|p2a: Forretress
|-resisted|p2a: Forretress
|-damage|p2a: Forretress|0 fnt
|faint|p2a: Forretress
|
|-heal|p1a: Tiffany BlueStones|72/100|[from] item: Leftovers
|upkeep
|
|t:|1776347830
|switch|p2a: Corviknight|Corviknight, M|46/100
|-ability|p2a: Corviknight|Pressure
|turn|32
|
|t:|1776347834
|move|p1a: Tiffany BlueStones|Freeze-Dry|p2a: Corviknight
|-damage|p2a: Corviknight|9/100
|move|p2a: Corviknight|Body Press|p1a: Tiffany BlueStones
|-supereffective|p1a: Tiffany BlueStones
|-end|p1a: Tiffany BlueStones|Substitute
|
|-heal|p1a: Tiffany BlueStones|78/100|[from] item: Leftovers
|upkeep
|turn|33
|
|t:|1776347859
|move|p1a: Tiffany BlueStones|Freeze-Dry|p2a: Corviknight
|-damage|p2a: Corviknight|0 fnt
|faint|p2a: Corviknight
|
|-heal|p1a: Tiffany BlueStones|84/100|[from] item: Leftovers
|upkeep
|
|t:|1776347864
|switch|p2a: Greninja|Greninja, F, shiny|100/100
|turn|34
|
|t:|1776347873
|switch|p1a: Weezing|Weezing-Galar, F|20/100
|-ability|p1a: Weezing|Neutralizing Gas
|move|p2a: Greninja|Low Kick|p1a: Weezing
|-resisted|p1a: Weezing
|-damage|p1a: Weezing|19/100
|
|-heal|p1a: Weezing|25/100|[from] item: Leftovers
|upkeep
|turn|35
|
|t:|1776347887
|switch|p2a: Garganacl|Garganacl, M|100/100
|move|p1a: Weezing|Toxic|p2a: Garganacl
|-status|p2a: Garganacl|tox
|
|-heal|p1a: Weezing|31/100|[from] item: Leftovers
|-damage|p2a: Garganacl|94/100 tox|[from] psn
|upkeep
|turn|36
|
|t:|1776347898
|-end|p1a: Weezing|ability: Neutralizing Gas
|switch|p1a: Moody Blues|Dragapult, F|81/100
|move|p2a: Garganacl|Stealth Rock|p1a: Moody Blues
|-sidestart|p1: 4palxi|move: Stealth Rock
|
|-heal|p2a: Garganacl|100/100 tox|[from] item: Leftovers
|-damage|p2a: Garganacl|88/100 tox|[from] psn
|upkeep
|turn|37
|
|t:|1776347913
|move|p1a: Moody Blues|Dragon Darts|p2a: Garganacl
|-damage|p2a: Garganacl|64/100 tox
|-anim|p1a: Moody Blues|Dragon Darts|p2a: Garganacl
|-damage|p2a: Garganacl|41/100 tox
|move|p2a: Garganacl|Salt Cure|p1a: Moody Blues
|-damage|p1a: Moody Blues|62/100
|-start|p1a: Moody Blues|Salt Cure
|
|-heal|p2a: Garganacl|48/100 tox|[from] item: Leftovers
|-damage|p2a: Garganacl|29/100 tox|[from] psn
|-damage|p1a: Moody Blues|50/100|[from] Salt Cure
|upkeep
|turn|38
|
|t:|1776347921
|switch|p2a: Weezing|Weezing-Galar, F|94/100
|-ability|p2a: Weezing|Neutralizing Gas
|move|p1a: Moody Blues|Dragon Darts|p2a: Weezing
|-immune|p2a: Weezing
|
|-damage|p1a: Moody Blues|38/100|[from] Salt Cure
|upkeep
|turn|39
|
|t:|1776347930
|switch|p1a: Corviknight|Corviknight, F|86/100 brn
|-damage|p1a: Corviknight|74/100 brn|[from] Stealth Rock
|-end|p2a: Weezing|ability: Neutralizing Gas
|-ability|p1a: Corviknight|Pressure
|switch|p2a: Tornadus|Tornadus-Therian, M|88/100 tox
|
|-heal|p1a: Corviknight|80/100 brn|[from] item: Leftovers
|-damage|p2a: Tornadus|82/100 tox|[from] psn
|-damage|p1a: Corviknight|74/100 brn|[from] brn
|upkeep
|turn|40
|
|t:|1776347942
|move|p2a: Tornadus|Heat Wave|p1a: Corviknight
|-supereffective|p1a: Corviknight
|-damage|p1a: Corviknight|24/100 brn
|-damage|p2a: Tornadus|73/100 tox|[from] item: Life Orb
|move|p1a: Corviknight|Roost|p1a: Corviknight
|-heal|p1a: Corviknight|74/100 brn
|-singleturn|p1a: Corviknight|move: Roost
|
|-heal|p1a: Corviknight|80/100 brn|[from] item: Leftovers
|-damage|p2a: Tornadus|61/100 tox|[from] psn
|-damage|p1a: Corviknight|74/100 brn|[from] brn
|upkeep
|turn|41
|
|t:|1776347953
|switch|p2a: Weezing|Weezing-Galar, F|94/100
|-ability|p2a: Weezing|Neutralizing Gas
|move|p1a: Corviknight|Roost|p1a: Corviknight
|-heal|p1a: Corviknight|100/100 brn
|-singleturn|p1a: Corviknight|move: Roost
|
|-damage|p1a: Corviknight|94/100 brn|[from] brn
|upkeep
|turn|42
|
|t:|1776347964
|move|p2a: Weezing|Strange Steam|p1a: Corviknight
|-resisted|p1a: Corviknight
|-damage|p1a: Corviknight|85/100 brn
|move|p1a: Corviknight|Defog|p2a: Weezing
|-unboost|p2a: Weezing|evasion|1
|-sideend|p1: 4palxi|Stealth Rock|[from] move: Defog|[of] p1a: Corviknight
|
|-heal|p1a: Corviknight|91/100 brn|[from] item: Leftovers
|-damage|p1a: Corviknight|85/100 brn|[from] brn
|upkeep
|turn|43
|
|t:|1776347969
|-end|p2a: Weezing|ability: Neutralizing Gas
|-ability|p1a: Corviknight|Pressure
|switch|p2a: Greninja|Greninja, F, shiny|100/100
|move|p1a: Corviknight|U-turn|p2a: Greninja
|-supereffective|p2a: Greninja
|-damage|p2a: Greninja|76/100
|
|t:|1776347982
|switch|p1a: Weezing|Weezing-Galar, F|31/100|[from] U-turn
|-ability|p1a: Weezing|Neutralizing Gas
|
|-heal|p1a: Weezing|37/100|[from] item: Leftovers
|upkeep
|turn|44
|
|t:|1776347993
|switch|p2a: Tornadus|Tornadus-Therian, M|94/100 tox
|move|p1a: Weezing|Protect||[still]
|-fail|p1a: Weezing
|
|-heal|p1a: Weezing|43/100|[from] item: Leftovers
|-damage|p2a: Tornadus|88/100 tox|[from] psn
|upkeep
|turn|45
|
|t:|1776348001
|move|p1a: Weezing|Protect|p1a: Weezing
|-singleturn|p1a: Weezing|Protect
|move|p2a: Tornadus|Nasty Plot|p2a: Tornadus
|-boost|p2a: Tornadus|spa|2
|
|-heal|p1a: Weezing|49/100|[from] item: Leftovers
|-damage|p2a: Tornadus|76/100 tox|[from] psn
|upkeep
|turn|46
|
|t:|1776348009
|move|p2a: Tornadus|Bleakwind Storm|p1a: Weezing|[miss]
|-miss|p2a: Tornadus|p1a: Weezing
|move|p1a: Weezing|Defog|p2a: Tornadus
|-unboost|p2a: Tornadus|evasion|1
|
|-heal|p1a: Weezing|55/100|[from] item: Leftovers
|-damage|p2a: Tornadus|58/100 tox|[from] psn
|upkeep
|turn|47
|
|t:|1776348016
|move|p1a: Weezing|Protect|p1a: Weezing
|-singleturn|p1a: Weezing|Protect
|move|p2a: Tornadus|Bleakwind Storm|p1a: Weezing
|-activate|p1a: Weezing|move: Protect
|
|-heal|p1a: Weezing|61/100|[from] item: Leftovers
|-damage|p2a: Tornadus|34/100 tox|[from] psn
|upkeep
|turn|48
|
|t:|1776348033
|move|p2a: Tornadus|Heat Wave|p1a: Weezing
|-damage|p1a: Weezing|0 fnt
|faint|p1a: Weezing
|-end|p1a: Weezing|ability: Neutralizing Gas
|-damage|p2a: Tornadus|24/100 tox|[from] item: Life Orb
|
|-damage|p2a: Tornadus|0 fnt|[from] psn
|faint|p2a: Tornadus
|upkeep
|
|t:|1776348051
|switch|p2a: Greninja|Greninja, F, shiny|76/100
|switch|p1a: Fogbound Lake|Alomomola, F|80/100 brn
|turn|49
|
|t:|1776348061
|switch|p2a: Weezing|Weezing-Galar, F|94/100
|-ability|p2a: Weezing|Neutralizing Gas
|move|p1a: Fogbound Lake|Protect||[still]
|-fail|p1a: Fogbound Lake
|
|-damage|p1a: Fogbound Lake|74/100 brn|[from] brn
|upkeep
|turn|50
|
|t:|1776348069
|move|p2a: Weezing|Strange Steam|p1a: Fogbound Lake
|-damage|p1a: Fogbound Lake|42/100 brn
|move|p1a: Fogbound Lake|Flip Turn|p2a: Weezing
|-damage|p2a: Weezing|88/100
|
|t:|1776348074
|switch|p1a: Tiffany BlueStones|Kyurem, shiny, tera:Steel|84/100|[from] Flip Turn
|
|-heal|p1a: Tiffany BlueStones|90/100|[from] item: Leftovers
|upkeep
|turn|51
|
|t:|1776348081
|-end|p2a: Weezing|ability: Neutralizing Gas
|-ability|p1a: Tiffany BlueStones|Pressure
|switch|p2a: Garganacl|Garganacl, M|29/100 tox
|move|p1a: Tiffany BlueStones|Substitute|p1a: Tiffany BlueStones
|-start|p1a: Tiffany BlueStones|Substitute
|-damage|p1a: Tiffany BlueStones|65/100
|
|-heal|p1a: Tiffany BlueStones|72/100|[from] item: Leftovers
|-heal|p2a: Garganacl|35/100 tox|[from] item: Leftovers
|-damage|p2a: Garganacl|29/100 tox|[from] psn
|upkeep
|turn|52
|
|t:|1776348093
|move|p1a: Tiffany BlueStones|Earth Power|p2a: Garganacl
|-supereffective|p2a: Garganacl
|-damage|p2a: Garganacl|0 fnt
|faint|p2a: Garganacl
|
|-heal|p1a: Tiffany BlueStones|78/100|[from] item: Leftovers
|upkeep
|-message|no ratings forfeited.
|
|win|4palxi
|raw|4palxi's rating: 1521 &rarr; <strong>1544</strong><br />(+23 for winning)
|raw|no ratings's rating: 1571 &rarr; <strong>1548</strong><br />(-23 for losing)
|l|☆no ratings
|player|p2|
|c|☆4palxi|gg
