|html|<div class="broadcast-blue"><strong>[Gen 9] OU is currently suspecting Tera Blast! For information on how to participate check out the <a href="https://www.smogon.com/tools/suspects/view/200">suspect thread</a>.</strong></div>
|j|☆Nemuika
|j|☆Wanqer
|t:|1776112070
|gametype|singles
|player|p1|Nemuika|marley|1197
|player|p2|Wanqer|102|1182
|gen|9
|tier|[Gen 9] OU
|rated|
|rule|HP Percentage Mod: HP is shown in percentages
|rule|Endless Battle Clause: Forcing endless battles is banned
|rule|Species Clause: Limit one of each Pokémon
|rule|OHKO Clause: OHKO moves are banned
|rule|Evasion Items Clause: Evasion items are banned
|rule|Evasion Moves Clause: Evasion moves are banned
|rule|Evasion Abilities Clause: Evasion abilities are banned
|rule|Sleep Moves Clause: Sleep-inducing moves are banned
|clearpoke
|poke|p1|Meowscarada, F|
|poke|p1|Gliscor, M|
|poke|p1|Salazzle, F|
|poke|p1|Tyranitar, F|
|poke|p1|Empoleon, M|
|poke|p1|Rotom|
|poke|p2|Primarina, M|
|poke|p2|Scizor, F|
|poke|p2|Cinderace, F|
|poke|p2|Garganacl, M|
|poke|p2|Rillaboom, F|
|poke|p2|Clodsire, F|
|teampreview
|inactive|Battle timer is ON: inactive players will automatically lose when time's up. (requested by Nemuika)
|
|t:|1776112090
|teamsize|p1|6
|teamsize|p2|6
|start
|switch|p1a: Gliscor|Gliscor, M|100/100
|switch|p2a: Primarina|Primarina, M|100/100
|turn|1
|
|t:|1776112100
|move|p1a: Gliscor|U-turn|p2a: Primarina
|-resisted|p2a: Primarina
|-damage|p2a: Primarina|89/100
|
|t:|1776112103
|switch|p1a: Meowscarada|Meowscarada, F|100/100|[from] U-turn
|move|p2a: Primarina|Hyper Voice|p1a: Meowscarada
|-resisted|p1a: Meowscarada
|-damage|p1a: Meowscarada|52/100
|-damage|p2a: Primarina|79/100|[from] item: Life Orb
|
|upkeep
|turn|2
|
|t:|1776112122
|switch|p2a: Scizor|Scizor, F|100/100
|move|p1a: Meowscarada|Spikes|p2a: Scizor
|-sidestart|p2: Wanqer|Spikes
|
|upkeep
|turn|3
|
|t:|1776112136
|switch|p1a: Gliscor|Gliscor, M|100/100
|move|p2a: Scizor|U-turn|p1a: Gliscor
|-resisted|p1a: Gliscor
|-crit|p1a: Gliscor
|-damage|p1a: Gliscor|58/100
|
|t:|1776112144
|switch|p2a: Primarina|Primarina, M|79/100|[from] U-turn
|-damage|p2a: Primarina|66/100|[from] Spikes
|
|-status|p1a: Gliscor|tox|[from] item: Toxic Orb
|upkeep
|turn|4
|
|t:|1776112162
|move|p1a: Gliscor|U-turn|p2a: Primarina
|-resisted|p2a: Primarina
|-damage|p2a: Primarina|54/100
|
|t:|1776112166
|switch|p1a: Rotom|Rotom|100/100|[from] U-turn
|move|p2a: Primarina|Hyper Voice|p1a: Rotom
|-damage|p1a: Rotom|0 fnt
|faint|p1a: Rotom
|-damage|p2a: Primarina|44/100|[from] item: Life Orb
|
|upkeep
|
|t:|1776112176
|switch|p1a: Meowscarada|Meowscarada, F|52/100
|turn|5
|
|t:|1776112195
|switch|p2a: Cinderace|Cinderace, F|100/100
|move|p1a: Meowscarada|Knock Off|p2a: Cinderace
|-damage|p2a: Cinderace|33/100
|-enditem|p2a: Cinderace|Heavy-Duty Boots|[from] move: Knock Off|[of] p1a: Meowscarada
|
|upkeep
|turn|6
|
|t:|1776112204
|switch|p2a: Garganacl|Garganacl, M|100/100
|-damage|p2a: Garganacl|88/100|[from] Spikes
|move|p1a: Meowscarada|Flower Trick|p2a: Garganacl
|-supereffective|p2a: Garganacl
|-crit|p2a: Garganacl
|-damage|p2a: Garganacl|21/100
|
|upkeep
|turn|7
|
|t:|1776112217
|move|p1a: Meowscarada|Spikes|p2a: Garganacl
|-sidestart|p2: Wanqer|Spikes
|move|p2a: Garganacl|Recover|p2a: Garganacl
|-heal|p2a: Garganacl|71/100
|
|upkeep
|turn|8
|
|t:|1776112226
|-terastallize|p2a: Garganacl|Flying
|move|p1a: Meowscarada|Flower Trick|p2a: Garganacl
|-resisted|p2a: Garganacl
|-crit|p2a: Garganacl
|-damage|p2a: Garganacl|56/100
|move|p2a: Garganacl|Salt Cure|p1a: Meowscarada
|-damage|p1a: Meowscarada|30/100
|-start|p1a: Meowscarada|Salt Cure
|
|-damage|p1a: Meowscarada|17/100|[from] Salt Cure
|upkeep
|turn|9
|
|t:|1776112242
|switch|p1a: Gliscor|Gliscor, M|58/100 tox
|move|p2a: Garganacl|Protect||[still]
|-fail|p2a: Garganacl
|
|-heal|p1a: Gliscor|70/100 tox|[from] ability: Poison Heal
|upkeep
|turn|10
|
|t:|1776112256
|move|p1a: Gliscor|U-turn|p2a: Garganacl
|-resisted|p2a: Garganacl
|-damage|p2a: Garganacl|48/100
|-damage|p1a: Gliscor|53/100 tox|[from] item: Rocky Helmet|[of] p2a: Garganacl
|
|t:|1776112264
|switch|p1a: Empoleon|Empoleon, M|100/100|[from] U-turn
|move|p2a: Garganacl|Recover|p2a: Garganacl
|-heal|p2a: Garganacl|98/100
|
|upkeep
|turn|11
|
|t:|1776112273
|move|p1a: Empoleon|Ice Beam|p2a: Garganacl
|-supereffective|p2a: Garganacl
|-damage|p2a: Garganacl|60/100
|move|p2a: Garganacl|Salt Cure|p1a: Empoleon
|-resisted|p1a: Empoleon
|-damage|p1a: Empoleon|91/100
|-start|p1a: Empoleon|Salt Cure
|
|-heal|p1a: Empoleon|97/100|[from] item: Leftovers
|-damage|p1a: Empoleon|72/100|[from] Salt Cure
|upkeep
|turn|12
|
|t:|1776112284
|switch|p1a: Gliscor|Gliscor, M|53/100 tox
|move|p2a: Garganacl|Recover|p2a: Garganacl
|-heal|p2a: Garganacl|100/100
|
|-heal|p1a: Gliscor|66/100 tox|[from] ability: Poison Heal
|upkeep
|turn|13
|
|t:|1776112294
|move|p1a: Gliscor|Spikes|p2a: Garganacl
|-sidestart|p2: Wanqer|Spikes
|move|p2a: Garganacl|Salt Cure|p1a: Gliscor
|-crit|p1a: Gliscor
|-damage|p1a: Gliscor|46/100 tox
|-start|p1a: Gliscor|Salt Cure
|
|-heal|p1a: Gliscor|59/100 tox|[from] ability: Poison Heal
|-damage|p1a: Gliscor|46/100 tox|[from] Salt Cure
|upkeep
|turn|14
|
|t:|1776112313
|switch|p1a: Meowscarada|Meowscarada, F|17/100
|move|p2a: Garganacl|Recover||[still]
|-fail|p2a: Garganacl|heal
|
|upkeep
|turn|15
|
|t:|1776112321
|move|p1a: Meowscarada|Knock Off|p2a: Garganacl
|-damage|p2a: Garganacl|70/100
|-damage|p1a: Meowscarada|1/100|[from] item: Rocky Helmet|[of] p2a: Garganacl
|-enditem|p2a: Garganacl|Rocky Helmet|[from] move: Knock Off|[of] p1a: Meowscarada
|move|p2a: Garganacl|Salt Cure|p1a: Meowscarada
|-damage|p1a: Meowscarada|0 fnt
|faint|p1a: Meowscarada
|
|upkeep
|
|t:|1776112331
|switch|p1a: Salazzle|Salazzle, F|100/100
|-item|p1a: Salazzle|Air Balloon
|turn|16
|l|☆Wanqer
|inactive|Wanqer disconnected and has a minute to reconnect!
|player|p2|
|j|☆Wanqer
|inactive|Wanqer reconnected and has 125 seconds left.
|player|p2|Wanqer|102|
|inactive|Wanqer has 120 seconds left.
|
|t:|1776112368
|move|p1a: Salazzle|Sludge Wave|p2a: Garganacl
|-damage|p2a: Garganacl|39/100
|move|p2a: Garganacl|Salt Cure|p1a: Salazzle
|-supereffective|p1a: Salazzle
|-damage|p1a: Salazzle|49/100
|-start|p1a: Salazzle|Salt Cure
|-enditem|p1a: Salazzle|Air Balloon
|
|-damage|p1a: Salazzle|36/100|[from] Salt Cure
|upkeep
|turn|17
|
|t:|1776112382
|move|p1a: Salazzle|Flamethrower|p2a: Garganacl
|-damage|p2a: Garganacl|11/100
|move|p2a: Garganacl|Recover|p2a: Garganacl
|-heal|p2a: Garganacl|61/100
|
|-damage|p1a: Salazzle|24/100|[from] Salt Cure
|upkeep
|turn|18
|
|t:|1776112390
|move|p1a: Salazzle|Encore|p2a: Garganacl
|-start|p2a: Garganacl|Encore
|move|p2a: Garganacl|Recover|p2a: Garganacl
|-heal|p2a: Garganacl|100/100
|
|-damage|p1a: Salazzle|12/100|[from] Salt Cure
|upkeep
|turn|19
|
|t:|1776112400
|switch|p1a: Empoleon|Empoleon, M|72/100
|move|p2a: Garganacl|Recover||[still]
|-fail|p2a: Garganacl|heal
|
|-heal|p1a: Empoleon|78/100|[from] item: Leftovers
|upkeep
|turn|20
|
|t:|1776112413
|move|p1a: Empoleon|Ice Beam|p2a: Garganacl
|-supereffective|p2a: Garganacl
|-damage|p2a: Garganacl|57/100
|move|p2a: Garganacl|Recover|p2a: Garganacl
|-heal|p2a: Garganacl|100/100
|
|-heal|p1a: Empoleon|84/100|[from] item: Leftovers
|-end|p2a: Garganacl|Encore
|upkeep
|turn|21
|
|t:|1776112424
|switch|p1a: Tyranitar|Tyranitar, F|100/100
|-weather|Sandstorm|[from] ability: Sand Stream|[of] p1a: Tyranitar
|move|p2a: Garganacl|Salt Cure|p1a: Tyranitar
|-damage|p1a: Tyranitar|89/100
|-start|p1a: Tyranitar|Salt Cure
|
|-weather|Sandstorm|[upkeep]
|-damage|p2a: Garganacl|94/100|[from] Sandstorm
|-damage|p1a: Tyranitar|77/100|[from] Salt Cure
|upkeep
|turn|22
|
|t:|1776112437
|move|p1a: Tyranitar|Stone Edge|p2a: Garganacl
|-supereffective|p2a: Garganacl
|-damage|p2a: Garganacl|10/100
|move|p2a: Garganacl|Stealth Rock|p1a: Tyranitar
|-sidestart|p1: Nemuika|move: Stealth Rock
|
|-weather|Sandstorm|[upkeep]
|-damage|p2a: Garganacl|4/100|[from] Sandstorm
|-damage|p1a: Tyranitar|64/100|[from] Salt Cure
|upkeep
|turn|23
|
|t:|1776112449
|switch|p2a: Rillaboom|Rillaboom, F|100/100
|-damage|p2a: Rillaboom|76/100|[from] Spikes
|-fieldstart|move: Grassy Terrain|[from] ability: Grassy Surge|[of] p2a: Rillaboom
|move|p1a: Tyranitar|Dragon Tail|p2a: Rillaboom
|-damage|p2a: Rillaboom|59/100
|drag|p2a: Garganacl|Garganacl, M, tera:Flying|4/100
|
|-weather|Sandstorm|[upkeep]
|-damage|p2a: Garganacl|0 fnt|[from] Sandstorm
|faint|p2a: Garganacl
|-heal|p1a: Tyranitar|71/100|[from] Grassy Terrain
|-damage|p1a: Tyranitar|58/100|[from] Salt Cure
|upkeep
|
|t:|1776112461
|switch|p2a: Rillaboom|Rillaboom, F|59/100
|-damage|p2a: Rillaboom|34/100|[from] Spikes
|turn|24
|
|t:|1776112469
|switch|p1a: Gliscor|Gliscor, M|46/100 tox
|-damage|p1a: Gliscor|34/100 tox|[from] Stealth Rock
|move|p2a: Rillaboom|Wood Hammer|p1a: Gliscor
|-damage|p1a: Gliscor|0 fnt
|faint|p1a: Gliscor
|-damage|p2a: Rillaboom|25/100|[from] Recoil
|
|-weather|Sandstorm|[upkeep]
|-damage|p2a: Rillaboom|19/100|[from] Sandstorm
|-heal|p2a: Rillaboom|25/100|[from] Grassy Terrain
|upkeep
|
|t:|1776112484
|switch|p1a: Empoleon|Empoleon, M|84/100
|-damage|p1a: Empoleon|78/100|[from] Stealth Rock
|turn|25
|
|t:|1776112491
|move|p1a: Empoleon|Agility|p1a: Empoleon
|-boost|p1a: Empoleon|spe|2
|move|p2a: Rillaboom|Wood Hammer|p1a: Empoleon
|-crit|p1a: Empoleon
|-damage|p1a: Empoleon|0 fnt
|faint|p1a: Empoleon
|-damage|p2a: Rillaboom|3/100|[from] Recoil
|
|-weather|none
|-heal|p2a: Rillaboom|9/100|[from] Grassy Terrain
|upkeep
|-message|Nemuika forfeited.
|
|win|Wanqer
|raw|Nemuika's rating: 1197 &rarr; <strong>1171</strong><br />(-26 for losing)
|raw|Wanqer's rating: 1182 &rarr; <strong>1208</strong><br />(+26 for winning)
|l|☆Nemuika
|player|p1|
|l|☆Wanqer
|player|p2|
