|html|<div class="broadcast-blue"><strong>[Gen 9] OU is currently suspecting Tera Blast! For information on how to participate check out the <a href="https://www.smogon.com/tools/suspects/view/200">suspect thread</a>.</strong></div>
|j|☆tootskie
|j|☆simaskumban
|t:|1776353192
|gametype|singles
|player|p1|tootskie|102|1034
|player|p2|simaskumban|brock|1000
|gen|9
|tier|[Gen 9] OU
|rated|
|rule|HP Percentage Mod: HP is shown in percentages
|rule|Endless Battle Clause: Forcing endless battles is banned
|rule|Species Clause: Limit one of each Pokémon
|rule|OHKO Clause: OHKO moves are banned
|rule|Evasion Items Clause: Evasion items are banned
|rule|Evasion Moves Clause: Evasion moves are banned
|rule|Evasion Abilities Clause: Evasion abilities are banned
|rule|Sleep Moves Clause: Sleep-inducing moves are banned
|clearpoke
|poke|p1|Hawlucha, M|
|poke|p1|Gliscor, F|
|poke|p1|Cinderace, M|
|poke|p1|Kingambit, M|
|poke|p1|Scizor, M|
|poke|p1|Pecharunt|
|poke|p2|Incineroar, M|
|poke|p2|Rillaboom, M|
|poke|p2|Hatterene, F|
|poke|p2|Torkoal, M|
|poke|p2|Ursaluna, F|
|poke|p2|Garchomp, F|
|teampreview
|
|t:|1776353204
|teamsize|p1|6
|teamsize|p2|6
|start
|switch|p1a: Pecharunt|Pecharunt|100/100
|switch|p2a: Bleach|Garchomp, F|100/100
|turn|1
|
|t:|1776353212
|move|p2a: Bleach|Earthquake|p1a: Pecharunt
|-supereffective|p1a: Pecharunt
|-damage|p1a: Pecharunt|33/100
|move|p1a: Pecharunt|Malignant Chain|p2a: Bleach
|-resisted|p2a: Bleach
|-damage|p2a: Bleach|77/100
|-status|p2a: Bleach|tox
|-start|p2a: Bleach|confusion|[from] ability: Poison Puppeteer|[of] p1a: Pecharunt
|
|-heal|p1a: Pecharunt|40/100|[from] item: Leftovers
|-damage|p2a: Bleach|71/100 tox|[from] psn
|upkeep
|turn|2
|
|t:|1776353227
|-activate|p2a: Bleach|confusion
|move|p2a: Bleach|Dragon Claw|p1a: Pecharunt
|-damage|p1a: Pecharunt|15/100
|move|p1a: Pecharunt|Substitute|p1a: Pecharunt
|-fail|p1a: Pecharunt|move: Substitute|[weak]
|
|-heal|p1a: Pecharunt|21/100|[from] item: Leftovers
|-damage|p2a: Bleach|59/100 tox|[from] psn
|upkeep
|turn|3
|
|t:|1776353237
|-activate|p2a: Bleach|confusion
|move|p2a: Bleach|Earthquake|p1a: Pecharunt
|-supereffective|p1a: Pecharunt
|-damage|p1a: Pecharunt|0 fnt
|faint|p1a: Pecharunt
|
|-damage|p2a: Bleach|40/100 tox|[from] psn
|upkeep
|
|t:|1776353247
|switch|p1a: Gliscor|Gliscor, F|100/100
|turn|4
|
|t:|1776353257
|switch|p2a: Hatterene|Hatterene, F|100/100
|move|p1a: Gliscor|Swords Dance|p1a: Gliscor
|-boost|p1a: Gliscor|atk|2
|
|-status|p1a: Gliscor|tox|[from] item: Toxic Orb
|upkeep
|turn|5
|
|t:|1776353266
|move|p1a: Gliscor|Earthquake|p2a: Hatterene
|-damage|p2a: Hatterene|11/100
|move|p2a: Hatterene|Trick Room|p2a: Hatterene
|-fieldstart|move: Trick Room|[of] p2a: Hatterene
|
|upkeep
|turn|6
|
|t:|1776353274
|switch|p2a: Rillaboom|Rillaboom, M|100/100
|-fieldstart|move: Grassy Terrain|[from] ability: Grassy Surge|[of] p2a: Rillaboom
|move|p1a: Gliscor|Facade|p2a: Rillaboom
|-damage|p2a: Rillaboom|32/100
|
|-heal|p2a: Rillaboom|38/100|[from] Grassy Terrain
|upkeep
|turn|7
|
|t:|1776353284
|switch|p1a: Cinderace|Cinderace, M|100/100
|move|p2a: Rillaboom|Grassy Glide|p1a: Cinderace
|-resisted|p1a: Cinderace
|-damage|p1a: Cinderace|74/100
|
|-heal|p2a: Rillaboom|44/100|[from] Grassy Terrain
|-heal|p1a: Cinderace|80/100|[from] Grassy Terrain
|upkeep
|turn|8
|
|t:|1776353298
|switch|p2a: Ursaluna|Ursaluna, F|100/100
|move|p1a: Cinderace|Swords Dance|p1a: Cinderace
|-boost|p1a: Cinderace|atk|2
|
|-heal|p1a: Cinderace|86/100|[from] Grassy Terrain
|-status|p2a: Ursaluna|brn|[from] item: Flame Orb
|upkeep
|turn|9
|
|t:|1776353308
|switch|p1a: Gliscor|Gliscor, F|100/100 tox
|move|p2a: Ursaluna|Close Combat|p1a: Gliscor
|-resisted|p1a: Gliscor
|-damage|p1a: Gliscor|68/100 tox
|-unboost|p2a: Ursaluna|def|1
|-unboost|p2a: Ursaluna|spd|1
|
|-heal|p1a: Gliscor|80/100 tox|[from] ability: Poison Heal
|-damage|p2a: Ursaluna|94/100 brn|[from] brn
|-fieldend|move: Trick Room
|upkeep
|turn|10
|
|t:|1776353322
|switch|p2a: Rillaboom|Rillaboom, M|44/100
|move|p1a: Gliscor|Swords Dance|p1a: Gliscor
|-boost|p1a: Gliscor|atk|2
|
|-heal|p2a: Rillaboom|50/100|[from] Grassy Terrain
|-heal|p1a: Gliscor|93/100 tox|[from] ability: Poison Heal
|-fieldend|move: Grassy Terrain
|upkeep
|turn|11
|
|t:|1776353333
|move|p1a: Gliscor|Facade|p2a: Rillaboom
|-damage|p2a: Rillaboom|0 fnt
|faint|p2a: Rillaboom
|
|-heal|p1a: Gliscor|100/100 tox|[from] ability: Poison Heal
|upkeep
|
|t:|1776353336
|switch|p2a: King Nasir|Incineroar, M|100/100
|-ability|p2a: King Nasir|Intimidate|boost
|-unboost|p1a: Gliscor|atk|1
|turn|12
|
|t:|1776353342
|move|p1a: Gliscor|Earthquake|p2a: King Nasir
|-supereffective|p2a: King Nasir
|-damage|p2a: King Nasir|0 fnt
|faint|p2a: King Nasir
|
|upkeep
|
|t:|1776353345
|switch|p2a: Torkoal|Torkoal, M|100/100
|-weather|SunnyDay|[from] ability: Drought|[of] p2a: Torkoal
|turn|13
|
|t:|1776353349
|move|p2a: Torkoal|Protect|p2a: Torkoal
|-singleturn|p2a: Torkoal|Protect
|move|p1a: Gliscor|Earthquake|p2a: Torkoal
|-activate|p2a: Torkoal|move: Protect
|
|-weather|SunnyDay|[upkeep]
|upkeep
|turn|14
|
|t:|1776353355
|move|p1a: Gliscor|Earthquake|p2a: Torkoal
|-supereffective|p2a: Torkoal
|-damage|p2a: Torkoal|0 fnt
|faint|p2a: Torkoal
|
|-weather|SunnyDay|[upkeep]
|upkeep
|
|t:|1776353358
|switch|p2a: Ursaluna|Ursaluna, F|94/100 brn
|turn|15
|
|t:|1776353363
|move|p1a: Gliscor|Swords Dance|p1a: Gliscor
|-boost|p1a: Gliscor|atk|2
|move|p2a: Ursaluna|Close Combat|p1a: Gliscor
|-resisted|p1a: Gliscor
|-damage|p1a: Gliscor|66/100 tox
|-unboost|p2a: Ursaluna|def|1
|-unboost|p2a: Ursaluna|spd|1
|
|-weather|SunnyDay|[upkeep]
|-heal|p1a: Gliscor|79/100 tox|[from] ability: Poison Heal
|-damage|p2a: Ursaluna|88/100 brn|[from] brn
|upkeep
|turn|16
|
|t:|1776353374
|move|p1a: Gliscor|Facade|p2a: Ursaluna
|-damage|p2a: Ursaluna|0 fnt
|faint|p2a: Ursaluna
|
|-weather|SunnyDay|[upkeep]
|-heal|p1a: Gliscor|91/100 tox|[from] ability: Poison Heal
|upkeep
|
|t:|1776353379
|switch|p2a: Bleach|Garchomp, F|40/100 tox
|turn|17
|c|☆simaskumban|Me fodi, bro
|
|t:|1776353395
|move|p2a: Bleach|Dragon Claw|p1a: Gliscor
|-damage|p1a: Gliscor|53/100 tox
|move|p1a: Gliscor|Facade|p2a: Bleach
|-damage|p2a: Bleach|0 fnt
|-damage|p1a: Gliscor|40/100 tox|[from] ability: Rough Skin|[of] p2a: Bleach
|faint|p2a: Bleach
|
|-weather|none
|-heal|p1a: Gliscor|53/100 tox|[from] ability: Poison Heal
|upkeep
|
|t:|1776353405
|switch|p2a: Hatterene|Hatterene, F|11/100
|turn|18
|
|t:|1776353410
|move|p1a: Gliscor|Earthquake|p2a: Hatterene
|-damage|p2a: Hatterene|0 fnt
|faint|p2a: Hatterene
|
|win|tootskie
