|html|<div class="broadcast-blue"><strong>[Gen 9] OU is currently suspecting Volcarona! For information on how to participate check out the <a href="https://www.smogon.com/tools/suspects/view/208">suspect thread</a>.</strong></div>
|j|☆overshuckle
|j|☆RahulModi
|t:|1778512427
|gametype|singles
|player|p1|overshuckle|266|1165
|player|p2|RahulModi|102|1147
|gen|9
|tier|[Gen 9] OU
|rated|
|rule|HP Percentage Mod: HP is shown in percentages
|rule|Endless Battle Clause: Forcing endless battles is banned
|rule|Species Clause: Limit one of each Pokémon
|rule|OHKO Clause: OHKO moves are banned
|rule|Evasion Items Clause: Evasion items are banned
|rule|Evasion Moves Clause: Evasion moves are banned
|rule|Evasion Abilities Clause: Evasion abilities are banned
|rule|Sleep Moves Clause: Sleep-inducing moves are banned
|clearpoke
|poke|p1|Regieleki|
|poke|p1|Slowking-Galar, F|
|poke|p1|Corviknight, M|
|poke|p1|Keldeo-Resolute|
|poke|p1|Tornadus-Therian, M|
|poke|p1|Ting-Lu|
|poke|p2|Infernape, F|
|poke|p2|Sableye, F|
|poke|p2|Skuntank, M|
|poke|p2|Garganacl, F|
|poke|p2|Cinderace, M|
|poke|p2|Dragonite, F|
|teampreview
|
|t:|1778512435
|teamsize|p1|6
|teamsize|p2|6
|start
|switch|p1a: Regieleki|Regieleki|100/100
|switch|p2a: Skuntank|Skuntank, M|100/100
|-item|p2a: Skuntank|Air Balloon
|turn|1
|
|t:|1778512441
|-terastallize|p1a: Regieleki|Electric
|move|p1a: Regieleki|Volt Switch|p2a: Skuntank
|-damage|p2a: Skuntank|0 fnt
|-enditem|p2a: Skuntank|Air Balloon
|faint|p2a: Skuntank
|
|t:|1778512453
|switch|p1a: Slowking|Slowking-Galar, F|100/100|[from] Volt Switch
|
|upkeep
|
|t:|1778512462
|switch|p2a: Garganacl|Garganacl, F|100/100
|turn|2
|
|t:|1778512467
|move|p2a: Garganacl|Iron Defense|p2a: Garganacl
|-boost|p2a: Garganacl|def|2
|-prepare|p1a: Slowking|Chilly Reception|[premajor]
|move|p1a: Slowking|Chilly Reception|p1a: Slowking
|-weather|Snowscape
|
|t:|1778512473
|switch|p1a: Regieleki|Regieleki, tera:Electric|100/100|[from] Chilly Reception
|
|-weather|Snowscape|[upkeep]
|upkeep
|turn|3
|
|t:|1778512481
|move|p1a: Regieleki|Volt Switch|p2a: Garganacl
|-damage|p2a: Garganacl|42/100
|
|t:|1778512495
|switch|p1a: Keldeo|Keldeo-Resolute|100/100|[from] Volt Switch
|move|p2a: Garganacl|Body Press|p1a: Keldeo
|-crit|p1a: Keldeo
|-damage|p1a: Keldeo|22/100
|
|-weather|Snowscape|[upkeep]
|-heal|p2a: Garganacl|48/100|[from] item: Leftovers
|upkeep
|turn|4
|
|t:|1778512502
|move|p1a: Keldeo|Surf|p2a: Garganacl
|-supereffective|p2a: Garganacl
|-damage|p2a: Garganacl|0 fnt
|faint|p2a: Garganacl
|
|-weather|Snowscape|[upkeep]
|upkeep
|
|t:|1778512516
|switch|p2a: Infernape|Infernape, F|100/100
|turn|5
|
|t:|1778512519
|move|p2a: Infernape|Grass Knot|p1a: Keldeo
|-supereffective|p1a: Keldeo
|-damage|p1a: Keldeo|0 fnt
|faint|p1a: Keldeo
|-damage|p2a: Infernape|91/100|[from] item: Life Orb
|
|-weather|Snowscape|[upkeep]
|upkeep
|
|t:|1778512522
|switch|p1a: Regieleki|Regieleki, tera:Electric|100/100
|turn|6
|
|t:|1778512527
|move|p1a: Regieleki|Volt Switch|p2a: Infernape
|-damage|p2a: Infernape|0 fnt
|faint|p2a: Infernape
|
|t:|1778512530
|switch|p1a: Slowking|Slowking-Galar, F|100/100|[from] Volt Switch
|
|-weather|none
|upkeep
|
|t:|1778512535
|switch|p2a: Sableye|Sableye, F|100/100
|turn|7
|
|t:|1778512539
|move|p2a: Sableye|Fake Out|p1a: Slowking
|-damage|p1a: Slowking|93/100
|-prepare|p1a: Slowking|Chilly Reception|[premajor]
|cant|p1a: Slowking|flinch
|
|upkeep
|turn|8
|
|t:|1778512547
|move|p2a: Sableye|Knock Off|p1a: Slowking
|-supereffective|p1a: Slowking
|-damage|p1a: Slowking|39/100
|-enditem|p1a: Slowking|Shuca Berry|[from] move: Knock Off|[of] p2a: Sableye
|-prepare|p1a: Slowking|Chilly Reception|[premajor]
|move|p1a: Slowking|Chilly Reception|p1a: Slowking
|-weather|Snowscape
|
|t:|1778512550
|switch|p1a: Regieleki|Regieleki, tera:Electric|100/100|[from] Chilly Reception
|
|-weather|Snowscape|[upkeep]
|upkeep
|turn|9
|
|t:|1778512553
|move|p1a: Regieleki|Volt Switch|p2a: Sableye
|-damage|p2a: Sableye|16/100
|
|t:|1778512556
|switch|p1a: Slowking|Slowking-Galar, F|73/100|[from] Volt Switch
|move|p2a: Sableye|Knock Off|p1a: Slowking
|-supereffective|p1a: Slowking
|-damage|p1a: Slowking|36/100
|
|-weather|Snowscape|[upkeep]
|-heal|p2a: Sableye|22/100|[from] item: Leftovers
|upkeep
|turn|10
|
|t:|1778512563
|move|p2a: Sableye|Knock Off|p1a: Slowking
|-supereffective|p1a: Slowking
|-damage|p1a: Slowking|2/100
|-prepare|p1a: Slowking|Chilly Reception|[premajor]
|move|p1a: Slowking|Chilly Reception|p1a: Slowking
|
|t:|1778512565
|switch|p1a: Regieleki|Regieleki, tera:Electric|100/100|[from] Chilly Reception
|
|-weather|Snowscape|[upkeep]
|-heal|p2a: Sableye|28/100|[from] item: Leftovers
|upkeep
|turn|11
|
|t:|1778512571
|move|p2a: Sableye|Will-O-Wisp|p1a: Regieleki
|-status|p1a: Regieleki|brn
|move|p1a: Regieleki|Volt Switch|p2a: Sableye
|-damage|p2a: Sableye|0 fnt
|faint|p2a: Sableye
|
|t:|1778512574
|switch|p1a: Slowking|Slowking-Galar, F|35/100|[from] Volt Switch
|
|-weather|Snowscape|[upkeep]
|upkeep
|
|t:|1778512578
|switch|p2a: Cinderace|Cinderace, M, shiny|100/100
|turn|12
|
|t:|1778512582
|switch|p1a: Regieleki|Regieleki, tera:Electric|100/100 brn
|move|p2a: Cinderace|Pyro Ball|p1a: Regieleki|[miss]
|-miss|p2a: Cinderace|p1a: Regieleki
|
|-weather|none
|-damage|p1a: Regieleki|95/100 brn|[from] brn
|upkeep
|turn|13
|
|t:|1778512587
|move|p2a: Cinderace|Sucker Punch|p1a: Regieleki
|-start|p2a: Cinderace|typechange|Dark|[from] ability: Libero
|-damage|p1a: Regieleki|34/100 brn
|move|p1a: Regieleki|Volt Switch|p2a: Cinderace
|-damage|p2a: Cinderace|0 fnt
|faint|p2a: Cinderace
|
|t:|1778512591
|switch|p1a: Slowking|Slowking-Galar, F|68/100|[from] Volt Switch
|
|upkeep
|
|t:|1778512593
|switch|p2a: Dragonite|Dragonite, F|100/100
|turn|14
|
|t:|1778512611
|move|p2a: Dragonite|Dragon Dance|p2a: Dragonite
|-boost|p2a: Dragonite|atk|1
|-boost|p2a: Dragonite|spe|1
|move|p1a: Slowking|Toxic|p2a: Dragonite
|-status|p2a: Dragonite|tox
|
|-damage|p2a: Dragonite|94/100 tox|[from] psn
|upkeep
|turn|15
|-message|RahulModi forfeited.
|
|win|overshuckle
|raw|overshuckle's rating: 1165 &rarr; <strong>1189</strong><br />(+24 for winning)
|raw|RahulModi's rating: 1147 &rarr; <strong>1123</strong><br />(-24 for losing)
|l|☆RahulModi
|player|p2|
|l|☆overshuckle
|player|p1|
