|html|<div class="broadcast-blue"><strong>[Gen 9] OU is currently suspecting Tera Blast! For information on how to participate check out the <a href="https://www.smogon.com/tools/suspects/view/200">suspect thread</a>.</strong></div>
|j|☆Banish Blanca
|j|☆67218054CCC
|t:|1776127278
|gametype|singles
|player|p1|Banish Blanca|pokemonbreederf-gen4|1059
|player|p2|67218054CCC|elesa|1094
|gen|9
|tier|[Gen 9] OU
|rated|
|rule|HP Percentage Mod: HP is shown in percentages
|rule|Endless Battle Clause: Forcing endless battles is banned
|rule|Species Clause: Limit one of each Pokémon
|rule|OHKO Clause: OHKO moves are banned
|rule|Evasion Items Clause: Evasion items are banned
|rule|Evasion Moves Clause: Evasion moves are banned
|rule|Evasion Abilities Clause: Evasion abilities are banned
|rule|Sleep Moves Clause: Sleep-inducing moves are banned
|clearpoke
|poke|p1|Hydrapple, M|
|poke|p1|Lilligant-Hisui, F|
|poke|p1|Tsareena, F|
|poke|p1|Chesnaught, M|
|poke|p1|Serperior, F|
|poke|p1|Ogerpon-Cornerstone, F|
|poke|p2|Pelipper, M|
|poke|p2|Ludicolo, M|
|poke|p2|Barraskewda, M|
|poke|p2|Landorus-Therian, M|
|poke|p2|Magnezone|
|poke|p2|Tentacruel, F|
|teampreview
|
|t:|1776127287
|teamsize|p1|6
|teamsize|p2|6
|start
|switch|p1a: Ogerpon|Ogerpon-Cornerstone, F|100/100
|switch|p2a: Pelipper|Pelipper, M|100/100
|-weather|RainDance|[from] ability: Drizzle|[of] p2a: Pelipper
|turn|1
|
|t:|1776127296
|switch|p2a: Magnezone|Magnezone|100/100
|move|p1a: Ogerpon|Ivy Cudgel|p2a: Magnezone|[anim] Ivy Cudgel Rock
|-resisted|p2a: Magnezone
|-damage|p2a: Magnezone|80/100
|
|-weather|RainDance|[upkeep]
|upkeep
|turn|2
|
|t:|1776127304
|move|p1a: Ogerpon|Knock Off|p2a: Magnezone
|-damage|p2a: Magnezone|54/100
|-enditem|p2a: Magnezone|Light Clay|[from] move: Knock Off|[of] p1a: Ogerpon
|move|p2a: Magnezone|Reflect|p2a: Magnezone
|-sidestart|p2: 67218054CCC|Reflect
|
|-weather|RainDance|[upkeep]
|upkeep
|turn|3
|
|t:|1776127317
|move|p1a: Ogerpon|Ivy Cudgel|p2a: Magnezone|[anim] Ivy Cudgel Rock
|-resisted|p2a: Magnezone
|-damage|p2a: Magnezone|45/100
|move|p2a: Magnezone|Volt Switch|p1a: Ogerpon
|-resisted|p1a: Ogerpon
|-damage|p1a: Ogerpon|84/100
|
|t:|1776127338
|switch|p2a: Landorus|Landorus-Therian, M|100/100|[from] Volt Switch
|-ability|p2a: Landorus|Intimidate|boost
|-unboost|p1a: Ogerpon|atk|1
|
|-weather|RainDance|[upkeep]
|upkeep
|turn|4
|
|t:|1776127347
|move|p1a: Ogerpon|Knock Off|p2a: Landorus
|-damage|p2a: Landorus|87/100
|-enditem|p2a: Landorus|Assault Vest|[from] move: Knock Off|[of] p1a: Ogerpon
|move|p2a: Landorus|U-turn|p1a: Ogerpon
|-supereffective|p1a: Ogerpon
|-damage|p1a: Ogerpon|8/100
|
|t:|1776127355
|switch|p2a: Barraskewda|Barraskewda, M|100/100|[from] U-turn
|
|-weather|RainDance|[upkeep]
|upkeep
|turn|5
|
|t:|1776127362
|move|p2a: Barraskewda|Flip Turn|p1a: Ogerpon
|-damage|p1a: Ogerpon|0 fnt
|faint|p1a: Ogerpon
|-damage|p2a: Barraskewda|91/100|[from] item: Life Orb
|
|t:|1776127369
|switch|p2a: Magnezone|Magnezone|45/100|[from] Flip Turn
|
|-weather|RainDance|[upkeep]
|upkeep
|
|t:|1776127376
|switch|p1a: Lilligant|Lilligant-Hisui, F, shiny|100/100
|turn|6
|
|t:|1776127383
|move|p1a: Lilligant|Close Combat|p2a: Magnezone
|-supereffective|p2a: Magnezone
|-damage|p2a: Magnezone|0 fnt
|-unboost|p1a: Lilligant|def|1
|-unboost|p1a: Lilligant|spd|1
|faint|p2a: Magnezone
|
|-weather|RainDance|[upkeep]
|-sideend|p2: 67218054CCC|Reflect
|upkeep
|
|t:|1776127393
|switch|p2a: Ludicolo|Ludicolo, M|100/100
|turn|7
|
|t:|1776127398
|switch|p1a: Chesnaught|Chesnaught, M|100/100
|move|p2a: Ludicolo|Ice Beam|p1a: Chesnaught
|-supereffective|p1a: Chesnaught
|-damage|p1a: Chesnaught|41/100
|-damage|p2a: Ludicolo|91/100|[from] item: Life Orb
|
|-weather|RainDance|[upkeep]
|-heal|p1a: Chesnaught|47/100|[from] item: Leftovers
|upkeep
|turn|8
|
|t:|1776127409
|move|p2a: Ludicolo|Ice Beam|p1a: Chesnaught
|-supereffective|p1a: Chesnaught
|-damage|p1a: Chesnaught|0 fnt
|faint|p1a: Chesnaught
|-damage|p2a: Ludicolo|81/100|[from] item: Life Orb
|
|-weather|none
|upkeep
|
|t:|1776127421
|switch|p1a: Lilligant|Lilligant-Hisui, F, shiny|100/100
|turn|9
|
|t:|1776127428
|switch|p2a: Pelipper|Pelipper, M|100/100
|-weather|RainDance|[from] ability: Drizzle|[of] p2a: Pelipper
|-terastallize|p1a: Lilligant|Ice
|move|p1a: Lilligant|Victory Dance|p1a: Lilligant
|-boost|p1a: Lilligant|atk|1
|-boost|p1a: Lilligant|def|1
|-boost|p1a: Lilligant|spe|1
|
|-weather|RainDance|[upkeep]
|upkeep
|turn|10
|
|t:|1776127452
|move|p1a: Lilligant|Ice Spinner|p2a: Pelipper
|-damage|p2a: Pelipper|18/100
|move|p2a: Pelipper|U-turn|p1a: Lilligant
|-damage|p1a: Lilligant|92/100
|
|t:|1776127459
|switch|p2a: Ludicolo|Ludicolo, M|81/100|[from] U-turn
|
|-weather|RainDance|[upkeep]
|upkeep
|turn|11
|
|t:|1776127467
|move|p1a: Lilligant|Ice Spinner|p2a: Ludicolo|[miss]
|-miss|p1a: Lilligant|p2a: Ludicolo
|move|p2a: Ludicolo|Weather Ball|p1a: Lilligant
|-damage|p1a: Lilligant|0 fnt
|faint|p1a: Lilligant
|-damage|p2a: Ludicolo|71/100|[from] item: Life Orb
|
|-weather|RainDance|[upkeep]
|upkeep
|
|t:|1776127477
|switch|p1a: Tsareena|Tsareena, F|100/100
|turn|12
|
|t:|1776127481
|move|p2a: Ludicolo|Ice Beam|p1a: Tsareena
|-supereffective|p1a: Tsareena
|-damage|p1a: Tsareena|18/100
|-damage|p2a: Ludicolo|61/100|[from] item: Life Orb
|move|p1a: Tsareena|U-turn|p2a: Ludicolo
|-supereffective|p2a: Ludicolo
|-damage|p2a: Ludicolo|0 fnt
|faint|p2a: Ludicolo
|
|t:|1776127488
|switch|p1a: Hydrapple|Hydrapple, M|100/100|[from] U-turn
|
|-weather|RainDance|[upkeep]
|upkeep
|
|t:|1776127508
|switch|p2a: Tentacruel|Tentacruel, F|100/100
|turn|13
|
|t:|1776127515
|move|p2a: Tentacruel|Confuse Ray|p1a: Hydrapple
|-start|p1a: Hydrapple|confusion
|-activate|p1a: Hydrapple|confusion
|move|p1a: Hydrapple|Syrup Bomb|p2a: Tentacruel
|-damage|p2a: Tentacruel|82/100
|-start|p2a: Tentacruel|Syrup Bomb
|
|-weather|RainDance|[upkeep]
|-heal|p2a: Tentacruel|88/100|[from] ability: Rain Dish
|-unboost|p2a: Tentacruel|spe|1
|upkeep
|turn|14
|
|t:|1776127534
|move|p2a: Tentacruel|Toxic Spikes|p1a: Hydrapple
|-sidestart|p1: Banish Blanca|move: Toxic Spikes
|-activate|p1a: Hydrapple|confusion
|move|p1a: Hydrapple|Fickle Beam|p2a: Tentacruel|[anim] Fickle Beam All Out
|-activate|p1a: Hydrapple|move: Fickle Beam
|-damage|p2a: Tentacruel|42/100
|
|-weather|RainDance|[upkeep]
|-heal|p2a: Tentacruel|48/100|[from] ability: Rain Dish
|-unboost|p2a: Tentacruel|spe|1
|upkeep
|turn|15
|
|t:|1776127545
|switch|p2a: Landorus|Landorus-Therian, M|87/100
|-ability|p2a: Landorus|Intimidate|boost
|-unboost|p1a: Hydrapple|atk|1
|-end|p1a: Hydrapple|confusion
|move|p1a: Hydrapple|Fickle Beam|p2a: Landorus|[anim] Fickle Beam All Out
|-activate|p1a: Hydrapple|move: Fickle Beam
|-damage|p2a: Landorus|7/100
|
|-weather|RainDance|[upkeep]
|upkeep
|turn|16
|
|t:|1776127559
|move|p2a: Landorus|Outrage|p1a: Hydrapple
|-supereffective|p1a: Hydrapple
|-damage|p1a: Hydrapple|30/100
|move|p1a: Hydrapple|Fickle Beam|p2a: Landorus|[anim] Fickle Beam All Out
|-activate|p1a: Hydrapple|move: Fickle Beam
|-damage|p2a: Landorus|0 fnt
|faint|p2a: Landorus
|
|-weather|none
|upkeep
|
|t:|1776127569
|switch|p2a: Pelipper|Pelipper, M|18/100
|-weather|RainDance|[from] ability: Drizzle|[of] p2a: Pelipper
|turn|17
|
|t:|1776127575
|move|p2a: Pelipper|Hurricane|p1a: Hydrapple
|-supereffective|p1a: Hydrapple
|-damage|p1a: Hydrapple|0 fnt
|faint|p1a: Hydrapple
|
|-weather|RainDance|[upkeep]
|upkeep
|
|t:|1776127581
|switch|p1a: Serperior|Serperior, F|100/100
|-status|p1a: Serperior|psn
|turn|18
|
|t:|1776127589
|switch|p2a: Tentacruel|Tentacruel, F|48/100
|move|p1a: Serperior|Leaf Storm|p2a: Tentacruel
|-damage|p2a: Tentacruel|0 fnt
|-boost|p1a: Serperior|spa|2
|faint|p2a: Tentacruel
|
|-weather|RainDance|[upkeep]
|-damage|p1a: Serperior|88/100 psn|[from] psn
|upkeep
|
|t:|1776127600
|switch|p2a: Barraskewda|Barraskewda, M|91/100
|turn|19
|
|t:|1776127612
|-terastallize|p2a: Barraskewda|Psychic
|move|p2a: Barraskewda|Psychic Fangs|p1a: Serperior
|-damage|p1a: Serperior|20/100 psn
|-damage|p2a: Barraskewda|81/100|[from] item: Life Orb
|move|p1a: Serperior|Leaf Storm|p2a: Barraskewda
|-damage|p2a: Barraskewda|0 fnt
|-boost|p1a: Serperior|spa|2
|faint|p2a: Barraskewda
|
|-weather|RainDance|[upkeep]
|-damage|p1a: Serperior|8/100 psn|[from] psn
|upkeep
|inactive|Battle timer is ON: inactive players will automatically lose when time's up. (requested by Banish Blanca)
|
|t:|1776127626
|switch|p2a: Pelipper|Pelipper, M|18/100
|turn|20
|
|t:|1776127631
|move|p1a: Serperior|Leaf Storm|p2a: Pelipper
|-damage|p2a: Pelipper|0 fnt
|-boost|p1a: Serperior|spa|2
|faint|p2a: Pelipper
|
|win|Banish Blanca
|raw|Banish Blanca's rating: 1059 &rarr; <strong>1093</strong><br />(+34 for winning)
|raw|67218054CCC's rating: 1094 &rarr; <strong>1067</strong><br />(-27 for losing)
|l|☆67218054CCC
|player|p2|
