|html|<div class="broadcast-blue"><strong>[Gen 9] OU is currently suspecting Tera Blast! For information on how to participate check out the <a href="https://www.smogon.com/tools/suspects/view/200">suspect thread</a>.</strong></div>
|j|☆kefflonie
|j|☆thebadvibes
|t:|1776033662
|gametype|singles
|player|p1|kefflonie|policeman|1091
|player|p2|thebadvibes|psychic-gen4|1139
|gen|9
|tier|[Gen 9] OU
|rated|
|rule|HP Percentage Mod: HP is shown in percentages
|rule|Endless Battle Clause: Forcing endless battles is banned
|rule|Species Clause: Limit one of each Pokémon
|rule|OHKO Clause: OHKO moves are banned
|rule|Evasion Items Clause: Evasion items are banned
|rule|Evasion Moves Clause: Evasion moves are banned
|rule|Evasion Abilities Clause: Evasion abilities are banned
|rule|Sleep Moves Clause: Sleep-inducing moves are banned
|clearpoke
|poke|p1|Toucannon, M|
|poke|p1|Arbok, M|
|poke|p1|Scovillain, F|
|poke|p1|Ninetales, M|
|poke|p1|Gliscor, F|
|poke|p1|Brambleghast, F|
|poke|p2|Ambipom, F|
|poke|p2|Alomomola, F|
|poke|p2|Weezing-Galar, F|
|poke|p2|Galvantula, M|
|poke|p2|Primarina, M|
|poke|p2|Iron Valiant|
|teampreview
|
|t:|1776033665
|teamsize|p1|6
|teamsize|p2|6
|start
|switch|p1a: Toucannon|Toucannon, M|100/100
|switch|p2a: Roxanne|Ambipom, F, shiny|100/100
|turn|1
|
|t:|1776033675
|switch|p2a: Gertrude|Weezing-Galar, F|100/100
|-singleturn|p1a: Toucannon|move: Beak Blast
|move|p1a: Toucannon|Beak Blast|p2a: Gertrude
|-damage|p2a: Gertrude|53/100
|-damage|p1a: Toucannon|91/100|[from] item: Life Orb
|
|-heal|p2a: Gertrude|59/100|[from] item: Black Sludge
|upkeep
|turn|2
|
|t:|1776033693
|-singleturn|p1a: Toucannon|move: Beak Blast
|move|p2a: Gertrude|Toxic|p1a: Toucannon
|-status|p1a: Toucannon|tox
|move|p1a: Toucannon|Beak Blast|p2a: Gertrude
|-damage|p2a: Gertrude|16/100
|-damage|p1a: Toucannon|81/100 tox|[from] item: Life Orb
|
|-heal|p2a: Gertrude|22/100|[from] item: Black Sludge
|-damage|p1a: Toucannon|75/100 tox|[from] psn
|upkeep
|turn|3
|
|t:|1776033707
|switch|p1a: Gliscor|Gliscor, F|100/100
|move|p2a: Gertrude|Pain Split|p1a: Gliscor
|-sethp|p1a: Gliscor|63/100|[from] move: Pain Split|[silent]
|-sethp|p2a: Gertrude|55/100|[from] move: Pain Split
|
|-heal|p2a: Gertrude|61/100|[from] item: Black Sludge
|-status|p1a: Gliscor|tox|[from] item: Toxic Orb
|upkeep
|turn|4
|
|t:|1776033722
|move|p1a: Gliscor|Swords Dance|p1a: Gliscor
|-boost|p1a: Gliscor|atk|2
|move|p2a: Gertrude|Clear Smog|p1a: Gliscor
|-resisted|p1a: Gliscor
|-damage|p1a: Gliscor|52/100 tox
|-clearboost|p1a: Gliscor
|
|-heal|p2a: Gertrude|67/100|[from] item: Black Sludge
|-heal|p1a: Gliscor|64/100 tox|[from] ability: Poison Heal
|upkeep
|turn|5
|
|t:|1776033738
|move|p1a: Gliscor|Dual Wingbeat|p2a: Gertrude
|-damage|p2a: Gertrude|56/100
|-damage|p2a: Gertrude|45/100
|-hitcount|p2a: Gertrude|2
|move|p2a: Gertrude|Clear Smog|p1a: Gliscor
|-resisted|p1a: Gliscor
|-damage|p1a: Gliscor|54/100 tox
|-clearboost|p1a: Gliscor
|
|-heal|p2a: Gertrude|51/100|[from] item: Black Sludge
|-heal|p1a: Gliscor|66/100 tox|[from] ability: Poison Heal
|upkeep
|turn|6
|
|t:|1776033753
|move|p1a: Gliscor|Earthquake|p2a: Gertrude
|-immune|p2a: Gertrude|[from] ability: Levitate
|move|p2a: Gertrude|Pain Split|p1a: Gliscor
|-sethp|p1a: Gliscor|62/100 tox|[from] move: Pain Split|[silent]
|-sethp|p2a: Gertrude|54/100|[from] move: Pain Split
|
|-heal|p2a: Gertrude|60/100|[from] item: Black Sludge
|-heal|p1a: Gliscor|75/100 tox|[from] ability: Poison Heal
|upkeep
|turn|7
|
|t:|1776033768
|move|p1a: Gliscor|Swords Dance|p1a: Gliscor
|-boost|p1a: Gliscor|atk|2
|move|p2a: Gertrude|Clear Smog|p1a: Gliscor
|-resisted|p1a: Gliscor
|-damage|p1a: Gliscor|63/100 tox
|-clearboost|p1a: Gliscor
|
|-heal|p2a: Gertrude|66/100|[from] item: Black Sludge
|-heal|p1a: Gliscor|76/100 tox|[from] ability: Poison Heal
|upkeep
|turn|8
|
|t:|1776033781
|switch|p2a: Olivia|Alomomola, F, shiny|100/100
|move|p1a: Gliscor|Dual Wingbeat|p2a: Olivia
|-damage|p2a: Olivia|91/100
|-damage|p2a: Olivia|83/100
|-hitcount|p2a: Olivia|2
|
|-heal|p2a: Olivia|89/100|[from] item: Leftovers
|-heal|p1a: Gliscor|88/100 tox|[from] ability: Poison Heal
|upkeep
|turn|9
|
|t:|1776033798
|switch|p1a: Arbok|Arbok, M|100/100
|-ability|p1a: Arbok|Intimidate|boost
|-unboost|p2a: Olivia|atk|1
|move|p2a: Olivia|Scald|p1a: Arbok
|-damage|p1a: Arbok|79/100
|-status|p1a: Arbok|brn
|
|-heal|p1a: Arbok|85/100 brn|[from] item: Black Sludge
|-heal|p2a: Olivia|95/100|[from] item: Leftovers
|-damage|p1a: Arbok|79/100 brn|[from] brn
|upkeep
|turn|10
|
|t:|1776033819
|move|p1a: Arbok|Gunk Shot|p2a: Olivia
|-damage|p2a: Olivia|81/100
|move|p2a: Olivia|Flip Turn|p1a: Arbok
|-damage|p1a: Arbok|62/100 brn
|
|t:|1776033823
|switch|p2a: Roxanne|Ambipom, F, shiny|100/100|[from] Flip Turn
|
|-heal|p1a: Arbok|68/100 brn|[from] item: Black Sludge
|-damage|p1a: Arbok|62/100 brn|[from] brn
|upkeep
|turn|11
|
|t:|1776033836
|switch|p1a: Toucannon|Toucannon, M|75/100 tox
|move|p2a: Roxanne|Fake Out|p1a: Toucannon
|-damage|p1a: Toucannon|35/100 tox
|
|-damage|p1a: Toucannon|29/100 tox|[from] psn
|upkeep
|turn|12
|
|t:|1776033847
|switch|p2a: Gertrude|Weezing-Galar, F|66/100
|-singleturn|p1a: Toucannon|move: Beak Blast
|move|p1a: Toucannon|Beak Blast|p2a: Gertrude
|-damage|p2a: Gertrude|21/100
|-damage|p1a: Toucannon|19/100 tox|[from] item: Life Orb
|
|-heal|p2a: Gertrude|27/100|[from] item: Black Sludge
|-damage|p1a: Toucannon|7/100 tox|[from] psn
|upkeep
|turn|13
|
|t:|1776033863
|move|p1a: Toucannon|Bullet Seed|p2a: Gertrude
|-resisted|p2a: Gertrude
|-crit|p2a: Gertrude
|-damage|p2a: Gertrude|21/100
|-resisted|p2a: Gertrude
|-damage|p2a: Gertrude|17/100
|-resisted|p2a: Gertrude
|-damage|p2a: Gertrude|13/100
|-resisted|p2a: Gertrude
|-damage|p2a: Gertrude|9/100
|-resisted|p2a: Gertrude
|-damage|p2a: Gertrude|5/100
|-hitcount|p2a: Gertrude|5
|-damage|p1a: Toucannon|0 fnt|[from] item: Life Orb
|faint|p1a: Toucannon
|move|p2a: Gertrude|Clear Smog|p1: Toucannon|[notarget]
|-fail|p2a: Gertrude
|
|-heal|p2a: Gertrude|11/100|[from] item: Black Sludge
|upkeep
|
|t:|1776033885
|switch|p1a: Gliscor|Gliscor, F|88/100 tox
|turn|14
|
|t:|1776033890
|move|p1a: Gliscor|Swords Dance|p1a: Gliscor
|-boost|p1a: Gliscor|atk|2
|move|p2a: Gertrude|Pain Split|p1a: Gliscor
|-sethp|p1a: Gliscor|50/100 tox|[from] move: Pain Split|[silent]
|-sethp|p2a: Gertrude|44/100|[from] move: Pain Split
|
|-heal|p2a: Gertrude|50/100|[from] item: Black Sludge
|-heal|p1a: Gliscor|63/100 tox|[from] ability: Poison Heal
|upkeep
|turn|15
|
|t:|1776033903
|move|p1a: Gliscor|Facade|p2a: Gertrude
|-damage|p2a: Gertrude|0 fnt
|faint|p2a: Gertrude
|
|-heal|p1a: Gliscor|75/100 tox|[from] ability: Poison Heal
|upkeep
|
|t:|1776033908
|switch|p2a: Sirena|Primarina, M, shiny|100/100
|turn|16
|
|t:|1776033920
|move|p2a: Sirena|Ice Beam|p1a: Gliscor
|-supereffective|p1a: Gliscor
|-damage|p1a: Gliscor|0 fnt
|faint|p1a: Gliscor
|
|upkeep
|
|t:|1776033927
|switch|p1a: Ninetales|Ninetales, M|100/100
|-weather|SunnyDay|[from] ability: Drought|[of] p1a: Ninetales
|turn|17
|
|t:|1776033933
|switch|p2a: Roxanne|Ambipom, F, shiny|100/100
|move|p1a: Ninetales|Solar Beam||[still]
|-prepare|p1a: Ninetales|Solar Beam
|-anim|p1a: Ninetales|Solar Beam|p2a: Roxanne
|-damage|p2a: Roxanne|54/100
|
|-weather|SunnyDay|[upkeep]
|upkeep
|turn|18
|
|t:|1776033944
|switch|p1a: Brambleghast|Brambleghast, F|100/100
|move|p2a: Roxanne|Fake Out|p1a: Brambleghast
|-immune|p1a: Brambleghast
|
|-weather|SunnyDay|[upkeep]
|upkeep
|turn|19
|
|t:|1776033955
|move|p2a: Roxanne|Knock Off|p1a: Brambleghast
|-supereffective|p1a: Brambleghast
|-damage|p1a: Brambleghast|0 fnt
|-enditem|p1a: Brambleghast|Heavy-Duty Boots|[from] move: Knock Off|[of] p2a: Roxanne
|faint|p1a: Brambleghast
|
|-weather|SunnyDay|[upkeep]
|upkeep
|
|t:|1776033964
|switch|p1a: Scovillain|Scovillain, F|100/100
|turn|20
|
|t:|1776033974
|switch|p2a: Olivia|Alomomola, F, shiny|100/100
|move|p1a: Scovillain|Flamethrower|p2a: Olivia
|-resisted|p2a: Olivia
|-damage|p2a: Olivia|61/100
|
|-weather|SunnyDay|[upkeep]
|-heal|p2a: Olivia|67/100|[from] item: Leftovers
|upkeep
|turn|21
|
|t:|1776033986
|move|p2a: Olivia|Protect|p2a: Olivia
|-singleturn|p2a: Olivia|Protect
|move|p1a: Scovillain|Solar Beam||[still]
|-prepare|p1a: Scovillain|Solar Beam
|-anim|p1a: Scovillain|Solar Beam|p2a: Olivia
|-activate|p2a: Olivia|move: Protect
|
|-weather|SunnyDay|[upkeep]
|-heal|p2a: Olivia|73/100|[from] item: Leftovers
|upkeep
|turn|22
|
|t:|1776034001
|-terastallize|p2a: Olivia|Dragon
|move|p1a: Scovillain|Growth|p1a: Scovillain
|-boost|p1a: Scovillain|atk|2
|-boost|p1a: Scovillain|spa|2
|move|p2a: Olivia|Wish|p2a: Olivia
|
|-weather|SunnyDay|[upkeep]
|-heal|p2a: Olivia|79/100|[from] item: Leftovers
|upkeep
|turn|23
|
|t:|1776034018
|move|p1a: Scovillain|Solar Beam||[still]
|-prepare|p1a: Scovillain|Solar Beam
|-anim|p1a: Scovillain|Solar Beam|p2a: Olivia
|-resisted|p2a: Olivia
|-damage|p2a: Olivia|12/100
|move|p2a: Olivia|Wish||[still]
|-fail|p2a: Olivia
|
|-weather|SunnyDay|[upkeep]
|-heal|p2a: Olivia|62/100|[from] move: Wish|[wisher] Olivia
|-heal|p2a: Olivia|68/100|[from] item: Leftovers
|upkeep
|turn|24
|
|t:|1776034035
|move|p1a: Scovillain|Growth|p1a: Scovillain
|-boost|p1a: Scovillain|atk|2
|-boost|p1a: Scovillain|spa|2
|move|p2a: Olivia|Flip Turn|p1a: Scovillain
|-damage|p1a: Scovillain|88/100
|
|t:|1776034042
|switch|p2a: Roxanne|Ambipom, F, shiny|54/100|[from] Flip Turn
|
|-weather|none
|upkeep
|turn|25
|
|t:|1776034052
|switch|p1a: Arbok|Arbok, M|62/100 brn
|-ability|p1a: Arbok|Intimidate|boost
|-unboost|p2a: Roxanne|atk|1
|move|p2a: Roxanne|Fake Out|p1a: Arbok
|-damage|p1a: Arbok|23/100 brn
|
|-heal|p1a: Arbok|29/100 brn|[from] item: Black Sludge
|-damage|p1a: Arbok|23/100 brn|[from] brn
|upkeep
|turn|26
|
|t:|1776034067
|move|p1a: Arbok|Sucker Punch|p2a: Roxanne
|-damage|p2a: Roxanne|40/100
|move|p2a: Roxanne|Double-Edge|p1a: Arbok
|-damage|p1a: Arbok|0 fnt
|faint|p1a: Arbok
|-damage|p2a: Roxanne|33/100|[from] Recoil
|
|upkeep
|
|t:|1776034080
|switch|p1a: Ninetales|Ninetales, M|100/100
|-weather|SunnyDay|[from] ability: Drought|[of] p1a: Ninetales
|turn|27
|
|t:|1776034089
|move|p2a: Roxanne|Double-Edge|p1a: Ninetales
|-damage|p1a: Ninetales|34/100
|-damage|p2a: Roxanne|11/100|[from] Recoil
|move|p1a: Ninetales|Weather Ball|p2a: Roxanne
|-damage|p2a: Roxanne|0 fnt
|faint|p2a: Roxanne
|
|-weather|SunnyDay|[upkeep]
|upkeep
|
|t:|1776034093
|switch|p2a: Jordana|Galvantula, M, shiny|100/100
|turn|28
|
|t:|1776034109
|move|p1a: Ninetales|Weather Ball|p2a: Jordana
|-supereffective|p2a: Jordana
|-enditem|p2a: Jordana|Focus Sash
|-damage|p2a: Jordana|1/100
|move|p2a: Jordana|Bug Buzz|p1a: Ninetales
|-resisted|p1a: Ninetales
|-damage|p1a: Ninetales|6/100
|
|-weather|SunnyDay|[upkeep]
|upkeep
|turn|29
|
|t:|1776034126
|switch|p2a: Olivia|Alomomola, F, shiny, tera:Dragon|100/100
|move|p1a: Ninetales|Weather Ball|p2a: Olivia
|-resisted|p2a: Olivia
|-damage|p2a: Olivia|65/100
|
|-weather|SunnyDay|[upkeep]
|-heal|p2a: Olivia|71/100|[from] item: Leftovers
|upkeep
|turn|30
|
|t:|1776034142
|move|p1a: Ninetales|Dark Pulse|p2a: Olivia
|-damage|p2a: Olivia|47/100
|move|p2a: Olivia|Scald|p1a: Ninetales
|-supereffective|p1a: Ninetales
|-damage|p1a: Ninetales|0 fnt
|faint|p1a: Ninetales
|
|-weather|SunnyDay|[upkeep]
|-heal|p2a: Olivia|53/100|[from] item: Leftovers
|upkeep
|
|t:|1776034159
|switch|p1a: Scovillain|Scovillain, F|88/100
|turn|31
|
|t:|1776034166
|move|p1a: Scovillain|Flamethrower|p2a: Olivia
|-resisted|p2a: Olivia
|-damage|p2a: Olivia|11/100
|move|p2a: Olivia|Wish|p2a: Olivia
|
|-weather|SunnyDay|[upkeep]
|-heal|p2a: Olivia|18/100|[from] item: Leftovers
|upkeep
|turn|32
|
|t:|1776034179
|move|p2a: Olivia|Protect|p2a: Olivia
|-singleturn|p2a: Olivia|Protect
|move|p1a: Scovillain|Solar Beam||[still]
|-prepare|p1a: Scovillain|Solar Beam
|-anim|p1a: Scovillain|Solar Beam|p2a: Olivia
|-activate|p2a: Olivia|move: Protect
|
|-weather|SunnyDay|[upkeep]
|-heal|p2a: Olivia|68/100|[from] move: Wish|[wisher] Olivia
|-heal|p2a: Olivia|74/100|[from] item: Leftovers
|upkeep
|turn|33
|-message|kefflonie forfeited.
|
|win|thebadvibes
|raw|kefflonie's rating: 1091 &rarr; <strong>1071</strong><br />(-20 for losing)
|raw|thebadvibes's rating: 1139 &rarr; <strong>1161</strong><br />(+22 for winning)
|l|☆kefflonie
|player|p1|
|l|☆thebadvibes
|player|p2|
