|html|<div class="broadcast-blue"><strong>[Gen 9] OU is currently suspecting Tera Blast! For information on how to participate check out the <a href="https://www.smogon.com/tools/suspects/view/200">suspect thread</a>.</strong></div>
|j|☆one_angry_jew
|j|☆goodgoodcush
|t:|1776068374
|gametype|singles
|player|p1|one_angry_jew|101|1350
|player|p2|goodgoodcush|101|1373
|gen|9
|tier|[Gen 9] OU
|rated|
|rule|HP Percentage Mod: HP is shown in percentages
|rule|Endless Battle Clause: Forcing endless battles is banned
|rule|Species Clause: Limit one of each Pokémon
|rule|OHKO Clause: OHKO moves are banned
|rule|Evasion Items Clause: Evasion items are banned
|rule|Evasion Moves Clause: Evasion moves are banned
|rule|Evasion Abilities Clause: Evasion abilities are banned
|rule|Sleep Moves Clause: Sleep-inducing moves are banned
|clearpoke
|poke|p1|Jolteon, F|
|poke|p1|Espeon, F|
|poke|p1|Glaceon, F|
|poke|p1|Vaporeon, F|
|poke|p1|Sylveon, F|
|poke|p1|Umbreon, F|
|poke|p2|Rillaboom, F|
|poke|p2|Heatran, F|
|poke|p2|Zamazenta-*|
|poke|p2|Dragonite, F|
|poke|p2|Iron Treads|
|poke|p2|Gholdengo|
|teampreview
|
|t:|1776068409
|teamsize|p1|6
|teamsize|p2|6
|start
|switch|p1a: Glaceon|Glaceon, F|100/100
|switch|p2a: Rillaboom|Rillaboom, F|100/100
|-fieldstart|move: Grassy Terrain|[from] ability: Grassy Surge|[of] p2a: Rillaboom
|turn|1
|
|t:|1776068417
|-terastallize|p2a: Rillaboom|Grass
|move|p2a: Rillaboom|Wood Hammer|p1a: Glaceon
|-damage|p1a: Glaceon|0 fnt
|-damage|p2a: Rillaboom|84/100|[from] item: Rocky Helmet|[of] p1a: Glaceon
|faint|p1a: Glaceon
|-damage|p2a: Rillaboom|52/100|[from] Recoil
|
|-heal|p2a: Rillaboom|58/100|[from] Grassy Terrain
|upkeep
|
|t:|1776068425
|switch|p1a: Umbreon|Umbreon, F|100/100
|turn|2
|
|t:|1776068434
|switch|p2a: Heatran|Heatran, F|100/100
|-terastallize|p1a: Umbreon|Poison
|move|p1a: Umbreon|Toxic|p2a: Heatran
|-immune|p2a: Heatran
|
|upkeep
|turn|3
|
|t:|1776068438
|switch|p1a: Espeon|Espeon, F|100/100
|move|p2a: Heatran|Lava Plume|p1a: Espeon
|-damage|p1a: Espeon|57/100
|-status|p1a: Espeon|brn
|
|-heal|p1a: Espeon|63/100 brn|[from] Grassy Terrain
|-damage|p1a: Espeon|57/100 brn|[from] brn
|upkeep
|turn|4
|
|t:|1776068447
|move|p1a: Espeon|Trick|p2a: Heatran
|-activate|p1a: Espeon|move: Trick|[of] p2a: Heatran
|-item|p2a: Heatran|Choice Scarf|[from] move: Trick
|-item|p1a: Espeon|Leftovers|[from] move: Trick
|move|p2a: Heatran|Heavy Slam|p1a: Espeon
|-damage|p1a: Espeon|0 fnt
|faint|p1a: Espeon
|
|upkeep
|
|t:|1776068454
|switch|p1a: Umbreon|Umbreon, F, tera:Poison|100/100
|turn|5
|
|t:|1776068459
|switch|p2a: Iron Treads|Iron Treads|100/100
|move|p1a: Umbreon|Foul Play|p2a: Iron Treads
|-damage|p2a: Iron Treads|65/100
|
|-heal|p2a: Iron Treads|71/100|[from] Grassy Terrain
|-fieldend|move: Grassy Terrain
|upkeep
|turn|6
|
|t:|1776068465
|move|p2a: Iron Treads|Earthquake|p1a: Umbreon
|-supereffective|p1a: Umbreon
|-damage|p1a: Umbreon|41/100
|move|p1a: Umbreon|Wish|p1a: Umbreon
|
|-heal|p1a: Umbreon|47/100|[from] item: Leftovers
|upkeep
|turn|7
|
|t:|1776068476
|-end|p2a: Iron Treads|Quark Drive|[silent]
|switch|p2a: Gholdengo|Gholdengo|100/100
|move|p1a: Umbreon|Protect||[still]
|-fail|p1a: Umbreon
|
|-heal|p1a: Umbreon|97/100|[from] move: Wish|[wisher] Umbreon
|-heal|p1a: Umbreon|100/100|[from] item: Leftovers
|upkeep
|turn|8
|
|t:|1776068478
|switch|p1a: Vaporeon|Vaporeon, F|100/100
|move|p2a: Gholdengo|Trick|p1a: Vaporeon
|-activate|p2a: Gholdengo|move: Trick|[of] p1a: Vaporeon
|-item|p1a: Vaporeon|Choice Scarf|[from] move: Trick
|-item|p2a: Gholdengo|Choice Specs|[from] move: Trick
|
|upkeep
|turn|9
|
|t:|1776068486
|move|p2a: Gholdengo|Shadow Ball|p1a: Vaporeon
|-damage|p1a: Vaporeon|52/100
|move|p1a: Vaporeon|Shadow Ball|p2a: Gholdengo
|-supereffective|p2a: Gholdengo
|-damage|p2a: Gholdengo|42/100
|
|upkeep
|turn|10
|
|t:|1776068497
|switch|p2a: Iron Treads|Iron Treads|71/100
|move|p1a: Vaporeon|Shadow Ball|p2a: Iron Treads
|-damage|p2a: Iron Treads|48/100
|
|upkeep
|turn|11
|
|t:|1776068505
|move|p2a: Iron Treads|Earthquake|p1a: Vaporeon
|-damage|p1a: Vaporeon|0 fnt
|faint|p1a: Vaporeon
|
|upkeep
|
|t:|1776068508
|switch|p1a: Umbreon|Umbreon, F, tera:Poison|100/100
|turn|12
|
|t:|1776068518
|-end|p2a: Iron Treads|Quark Drive|[silent]
|switch|p2a: Heatran|Heatran, F|100/100
|move|p1a: Umbreon|Wish|p1a: Umbreon
|
|upkeep
|turn|13
|
|t:|1776068521
|move|p2a: Heatran|Stealth Rock|p1a: Umbreon
|-sidestart|p1: one_angry_jew|move: Stealth Rock
|move|p1a: Umbreon|Foul Play|p2a: Heatran
|-damage|p2a: Heatran|79/100
|
|upkeep
|turn|14
|
|t:|1776068531
|switch|p2a: Rillaboom|Rillaboom, F, tera:Grass|58/100
|-fieldstart|move: Grassy Terrain|[from] ability: Grassy Surge|[of] p2a: Rillaboom
|move|p1a: Umbreon|Foul Play|p2a: Rillaboom
|-damage|p2a: Rillaboom|0 fnt
|faint|p2a: Rillaboom
|
|upkeep
|
|t:|1776068533
|switch|p2a: Heatran|Heatran, F|79/100
|turn|15
|
|t:|1776068541
|move|p2a: Heatran|Lava Plume|p1a: Umbreon
|-damage|p1a: Umbreon|76/100
|move|p1a: Umbreon|Foul Play|p2a: Heatran
|-damage|p2a: Heatran|56/100
|
|-heal|p2a: Heatran|62/100|[from] Grassy Terrain
|-heal|p1a: Umbreon|82/100|[from] Grassy Terrain
|-heal|p1a: Umbreon|88/100|[from] item: Leftovers
|upkeep
|turn|16
|
|t:|1776068545
|move|p2a: Heatran|Lava Plume|p1a: Umbreon
|-crit|p1a: Umbreon
|-damage|p1a: Umbreon|54/100
|move|p1a: Umbreon|Foul Play|p2a: Heatran
|-damage|p2a: Heatran|39/100
|
|-heal|p2a: Heatran|45/100|[from] Grassy Terrain
|-heal|p1a: Umbreon|60/100|[from] Grassy Terrain
|-heal|p1a: Umbreon|66/100|[from] item: Leftovers
|upkeep
|turn|17
|
|t:|1776068547
|move|p2a: Heatran|Lava Plume|p1a: Umbreon
|-damage|p1a: Umbreon|43/100
|move|p1a: Umbreon|Foul Play|p2a: Heatran
|-damage|p2a: Heatran|22/100
|
|-heal|p2a: Heatran|28/100|[from] Grassy Terrain
|-heal|p1a: Umbreon|49/100|[from] Grassy Terrain
|-heal|p1a: Umbreon|56/100|[from] item: Leftovers
|upkeep
|turn|18
|
|t:|1776068551
|move|p2a: Heatran|Lava Plume|p1a: Umbreon
|-damage|p1a: Umbreon|31/100
|move|p1a: Umbreon|Foul Play|p2a: Heatran
|-damage|p2a: Heatran|7/100
|
|-heal|p2a: Heatran|13/100|[from] Grassy Terrain
|-heal|p1a: Umbreon|37/100|[from] Grassy Terrain
|-heal|p1a: Umbreon|43/100|[from] item: Leftovers
|-fieldend|move: Grassy Terrain
|upkeep
|turn|19
|
|t:|1776068556
|move|p1a: Umbreon|Protect|p1a: Umbreon
|-singleturn|p1a: Umbreon|Protect
|move|p2a: Heatran|Lava Plume|p1a: Umbreon
|-activate|p1a: Umbreon|move: Protect
|
|-heal|p1a: Umbreon|49/100|[from] item: Leftovers
|upkeep
|turn|20
|
|t:|1776068558
|move|p2a: Heatran|Lava Plume|p1a: Umbreon
|-damage|p1a: Umbreon|26/100
|move|p1a: Umbreon|Wish|p1a: Umbreon
|
|-heal|p1a: Umbreon|32/100|[from] item: Leftovers
|upkeep
|turn|21
|
|t:|1776068560
|move|p1a: Umbreon|Protect|p1a: Umbreon
|-singleturn|p1a: Umbreon|Protect
|move|p2a: Heatran|Lava Plume|p1a: Umbreon
|-activate|p1a: Umbreon|move: Protect
|
|-heal|p1a: Umbreon|82/100|[from] move: Wish|[wisher] Umbreon
|-heal|p1a: Umbreon|88/100|[from] item: Leftovers
|upkeep
|turn|22
|
|t:|1776068562
|move|p2a: Heatran|Lava Plume|p1a: Umbreon
|-damage|p1a: Umbreon|64/100
|move|p1a: Umbreon|Wish|p1a: Umbreon
|
|-heal|p1a: Umbreon|70/100|[from] item: Leftovers
|upkeep
|turn|23
|
|t:|1776068565
|move|p2a: Heatran|Lava Plume|p1a: Umbreon
|-damage|p1a: Umbreon|49/100
|-status|p1a: Umbreon|brn
|-activate|p1a: Umbreon|ability: Synchronize
|-immune|p2a: Heatran
|move|p1a: Umbreon|Foul Play|p2a: Heatran
|-damage|p2a: Heatran|3/100
|
|-heal|p1a: Umbreon|99/100 brn|[from] move: Wish|[wisher] Umbreon
|-heal|p1a: Umbreon|100/100 brn|[from] item: Leftovers
|-damage|p1a: Umbreon|94/100 brn|[from] brn
|upkeep
|turn|24
|
|t:|1776068572
|move|p2a: Heatran|Lava Plume|p1a: Umbreon
|-damage|p1a: Umbreon|72/100 brn
|move|p1a: Umbreon|Wish|p1a: Umbreon
|
|-heal|p1a: Umbreon|78/100 brn|[from] item: Leftovers
|-damage|p1a: Umbreon|72/100 brn|[from] brn
|upkeep
|turn|25
|
|t:|1776068577
|move|p2a: Heatran|Lava Plume|p1a: Umbreon
|-damage|p1a: Umbreon|48/100 brn
|move|p1a: Umbreon|Foul Play|p2a: Heatran
|-damage|p2a: Heatran|0 fnt
|faint|p2a: Heatran
|
|-heal|p1a: Umbreon|98/100 brn|[from] move: Wish|[wisher] Umbreon
|-heal|p1a: Umbreon|100/100 brn|[from] item: Leftovers
|-damage|p1a: Umbreon|94/100 brn|[from] brn
|upkeep
|
|t:|1776068580
|switch|p2a: Gholdengo|Gholdengo|42/100
|turn|26
|
|t:|1776068582
|move|p1a: Umbreon|Protect|p1a: Umbreon
|-singleturn|p1a: Umbreon|Protect
|move|p2a: Gholdengo|Trick|p1a: Umbreon
|-activate|p1a: Umbreon|move: Protect
|
|-heal|p1a: Umbreon|100/100 brn|[from] item: Leftovers
|-damage|p1a: Umbreon|94/100 brn|[from] brn
|upkeep
|turn|27
|
|t:|1776068586
|switch|p1a: Jolteon|Jolteon, F|100/100
|-damage|p1a: Jolteon|88/100|[from] Stealth Rock
|move|p2a: Gholdengo|Trick|p1a: Jolteon
|-activate|p2a: Gholdengo|move: Trick|[of] p1a: Jolteon
|-item|p1a: Jolteon|Choice Specs|[from] move: Trick
|-item|p2a: Gholdengo|Choice Specs|[from] move: Trick
|
|upkeep
|turn|28
|
|t:|1776068591
|switch|p2a: Iron Treads|Iron Treads|48/100
|move|p1a: Jolteon|Shadow Ball|p2a: Iron Treads
|-damage|p2a: Iron Treads|19/100
|
|upkeep
|turn|29
|
|t:|1776068624
|move|p1a: Jolteon|Shadow Ball|p2a: Iron Treads
|-damage|p2a: Iron Treads|0 fnt
|faint|p2a: Iron Treads
|-end|p2a: Iron Treads|Quark Drive|[silent]
|
|upkeep
|
|t:|1776068631
|switch|p2a: Zamazenta|Zamazenta|100/100
|-ability|p2a: Zamazenta|Dauntless Shield|boost
|-boost|p2a: Zamazenta|def|1
|turn|30
|
|t:|1776068639
|switch|p1a: Umbreon|Umbreon, F, tera:Poison|94/100 brn
|-damage|p1a: Umbreon|82/100 brn|[from] Stealth Rock
|move|p2a: Zamazenta|Iron Defense|p2a: Zamazenta
|-boost|p2a: Zamazenta|def|2
|
|-heal|p1a: Umbreon|88/100 brn|[from] item: Leftovers
|-damage|p1a: Umbreon|82/100 brn|[from] brn
|upkeep
|turn|31
|
|t:|1776068646
|switch|p2a: Gholdengo|Gholdengo|42/100
|move|p1a: Umbreon|Toxic|p2a: Gholdengo
|-immune|p2a: Gholdengo|[from] ability: Good as Gold
|
|-heal|p1a: Umbreon|88/100 brn|[from] item: Leftovers
|-damage|p1a: Umbreon|82/100 brn|[from] brn
|upkeep
|turn|32
|
|t:|1776068658
|move|p1a: Umbreon|Protect|p1a: Umbreon
|-singleturn|p1a: Umbreon|Protect
|move|p2a: Gholdengo|Recover|p2a: Gholdengo
|-heal|p2a: Gholdengo|92/100
|
|-heal|p1a: Umbreon|88/100 brn|[from] item: Leftovers
|-damage|p1a: Umbreon|82/100 brn|[from] brn
|upkeep
|turn|33
|
|t:|1776068668
|switch|p2a: Zamazenta|Zamazenta|100/100
|move|p1a: Umbreon|Toxic|p2a: Zamazenta
|-status|p2a: Zamazenta|tox
|
|-heal|p1a: Umbreon|88/100 brn|[from] item: Leftovers
|-damage|p2a: Zamazenta|94/100 tox|[from] psn
|-damage|p1a: Umbreon|82/100 brn|[from] brn
|upkeep
|turn|34
|
|t:|1776068671
|switch|p2a: Gholdengo|Gholdengo|92/100
|move|p1a: Umbreon|Wish|p1a: Umbreon
|
|-heal|p1a: Umbreon|88/100 brn|[from] item: Leftovers
|-damage|p1a: Umbreon|82/100 brn|[from] brn
|upkeep
|turn|35
|
|t:|1776068695
|switch|p1a: Sylveon|Sylveon, F|100/100
|-damage|p1a: Sylveon|88/100|[from] Stealth Rock
|move|p2a: Gholdengo|Trick|p1a: Sylveon
|-activate|p2a: Gholdengo|move: Trick|[of] p1a: Sylveon
|-item|p1a: Sylveon|Choice Specs|[from] move: Trick
|-item|p2a: Gholdengo|Assault Vest|[from] move: Trick
|
|-heal|p1a: Sylveon|100/100|[from] move: Wish|[wisher] Umbreon
|upkeep
|turn|36
|
|t:|1776068712
|move|p2a: Gholdengo|Make It Rain|p1a: Sylveon
|-supereffective|p1a: Sylveon
|-damage|p1a: Sylveon|6/100
|-unboost|p2a: Gholdengo|spa|1
|move|p1a: Sylveon|Shadow Ball|p2a: Gholdengo
|-supereffective|p2a: Gholdengo
|-crit|p2a: Gholdengo
|-damage|p2a: Gholdengo|0 fnt
|faint|p2a: Gholdengo
|
|upkeep
|
|t:|1776068718
|switch|p2a: Dragonite|Dragonite, F|100/100
|turn|37
|
|t:|1776068723
|move|p2a: Dragonite|Dragon Dance|p2a: Dragonite
|-boost|p2a: Dragonite|atk|1
|-boost|p2a: Dragonite|spe|1
|move|p1a: Sylveon|Shadow Ball|p2a: Dragonite
|-crit|p2a: Dragonite
|-damage|p2a: Dragonite|69/100
|-unboost|p2a: Dragonite|spd|1
|
|upkeep
|turn|38
|
|t:|1776068749
|move|p2a: Dragonite|Dragon Claw|p1a: Sylveon
|-immune|p1a: Sylveon
|move|p1a: Sylveon|Shadow Ball|p2a: Dragonite
|-damage|p2a: Dragonite|1/100
|
|upkeep
|turn|39
|-message|goodgoodcush forfeited.
|
|win|one_angry_jew
|raw|one_angry_jew's rating: 1350 &rarr; <strong>1371</strong><br />(+21 for winning)
|raw|goodgoodcush's rating: 1373 &rarr; <strong>1352</strong><br />(-21 for losing)
|l|☆goodgoodcush
|player|p2|
|l|☆one_angry_jew
|player|p1|
