|html|<div class="broadcast-blue"><strong>[Gen 9] OU is currently suspecting Tera Blast! For information on how to participate check out the <a href="https://www.smogon.com/tools/suspects/view/200">suspect thread</a>.</strong></div>
|j|☆phreshoatmeal
|j|☆WeR#4Hay!
|t:|1776041553
|gametype|singles
|player|p1|phreshoatmeal|170|1589
|player|p2|WeR#4Hay!|101|1627
|gen|9
|tier|[Gen 9] OU
|rated|
|rule|HP Percentage Mod: HP is shown in percentages
|rule|Endless Battle Clause: Forcing endless battles is banned
|rule|Species Clause: Limit one of each Pokémon
|rule|OHKO Clause: OHKO moves are banned
|rule|Evasion Items Clause: Evasion items are banned
|rule|Evasion Moves Clause: Evasion moves are banned
|rule|Evasion Abilities Clause: Evasion abilities are banned
|rule|Sleep Moves Clause: Sleep-inducing moves are banned
|clearpoke
|poke|p1|Jolteon, F|
|poke|p1|Lokix, M|
|poke|p1|Rotom-Heat|
|poke|p1|Hawlucha, F|
|poke|p1|Slowking-Galar, M|
|poke|p1|Alomomola, M|
|poke|p2|Lokix, F|
|poke|p2|Garganacl, F|
|poke|p2|Iron Treads|
|poke|p2|Alomomola, F|
|poke|p2|Tornadus-Therian, M|
|poke|p2|Weezing-Galar, F|
|teampreview
|
|t:|1776041597
|teamsize|p1|6
|teamsize|p2|6
|start
|switch|p1a: Alomomola|Alomomola, M|100/100
|switch|p2a: Sakamoto|Tornadus-Therian, M|100/100
|turn|1
|
|t:|1776041603
|move|p2a: Sakamoto|Knock Off|p1a: Alomomola
|-damage|p1a: Alomomola|87/100
|-enditem|p1a: Alomomola|Eject Button|[from] move: Knock Off|[of] p2a: Sakamoto
|move|p1a: Alomomola|Flip Turn|p2a: Sakamoto
|-damage|p2a: Sakamoto|80/100
|
|t:|1776041607
|switch|p1a: Jolteon|Jolteon, F|100/100|[from] Flip Turn
|
|-status|p1a: Jolteon|brn|[from] item: Flame Orb
|upkeep
|turn|2
|
|t:|1776041621
|switch|p2a: Yuuko Aoi|Garganacl, F|100/100
|-terastallize|p1a: Jolteon|Ice
|move|p1a: Jolteon|Tera Blast|p2a: Yuuko Aoi|[anim] Tera Blast Ice
|-damage|p2a: Yuuko Aoi|75/100
|
|-heal|p2a: Yuuko Aoi|81/100|[from] item: Leftovers
|-damage|p1a: Jolteon|95/100 brn|[from] brn
|upkeep
|turn|3
|
|t:|1776041629
|move|p1a: Jolteon|Volt Switch|p2a: Yuuko Aoi
|-damage|p2a: Yuuko Aoi|55/100
|
|t:|1776041636
|switch|p1a: Rotom|Rotom-Heat|100/100|[from] Volt Switch
|move|p2a: Yuuko Aoi|Salt Cure|p1a: Rotom
|-supereffective|p1a: Rotom
|-damage|p1a: Rotom|67/100
|
|-heal|p2a: Yuuko Aoi|61/100|[from] item: Leftovers
|upkeep
|turn|4
|inactive|Battle timer is ON: inactive players will automatically lose when time's up. (requested by phreshoatmeal)
|
|t:|1776041677
|move|p1a: Rotom|Nasty Plot|p1a: Rotom
|-boost|p1a: Rotom|spa|2
|move|p2a: Yuuko Aoi|Recover|p2a: Yuuko Aoi
|-heal|p2a: Yuuko Aoi|100/100
|
|upkeep
|turn|5
|
|t:|1776041692
|move|p1a: Rotom|Pain Split|p2a: Yuuko Aoi
|-sethp|p2a: Yuuko Aoi|75/100|[from] move: Pain Split|[silent]
|-sethp|p1a: Rotom|100/100|[from] move: Pain Split
|move|p2a: Yuuko Aoi|Salt Cure|p1a: Rotom
|-supereffective|p1a: Rotom
|-damage|p1a: Rotom|67/100
|
|-heal|p2a: Yuuko Aoi|81/100|[from] item: Leftovers
|upkeep
|turn|6
|
|t:|1776041705
|switch|p2a: Sakamoto|Tornadus-Therian, M|100/100
|move|p1a: Rotom|Pain Split|p2a: Sakamoto
|-sethp|p2a: Sakamoto|77/100|[from] move: Pain Split|[silent]
|-sethp|p1a: Rotom|96/100|[from] move: Pain Split
|
|upkeep
|turn|7
|
|t:|1776041709
|move|p2a: Sakamoto|Knock Off|p1a: Rotom
|-crit|p1a: Rotom
|-damage|p1a: Rotom|64/100
|-enditem|p1a: Rotom|Covert Cloak|[from] move: Knock Off|[of] p2a: Sakamoto
|move|p1a: Rotom|Thunderbolt|p2a: Sakamoto
|-supereffective|p2a: Sakamoto
|-damage|p2a: Sakamoto|0 fnt
|faint|p2a: Sakamoto
|
|upkeep
|
|t:|1776041714
|switch|p2a: Mai Minakami|Lokix, F|100/100
|turn|8
|
|t:|1776041722
|switch|p1a: Hawlucha|Hawlucha, F|100/100
|-ability|p1a: Hawlucha|Mold Breaker
|-terastallize|p2a: Mai Minakami|Bug
|move|p2a: Mai Minakami|First Impression|p1a: Hawlucha
|-resisted|p1a: Hawlucha
|-damage|p1a: Hawlucha|62/100
|-damage|p2a: Mai Minakami|84/100|[from] item: Rocky Helmet|[of] p1a: Hawlucha
|
|upkeep
|turn|9
|
|t:|1776041750
|switch|p2a: Hakase|Weezing-Galar, F|100/100
|-ability|p2a: Hakase|Neutralizing Gas
|move|p1a: Hawlucha|Roost|p1a: Hawlucha
|-heal|p1a: Hawlucha|100/100
|-singleturn|p1a: Hawlucha|move: Roost
|
|upkeep
|turn|10
|
|t:|1776041759
|switch|p1a: Slowking|Slowking-Galar, M|100/100
|move|p2a: Hakase|Sludge Bomb|p1a: Slowking
|-resisted|p1a: Slowking
|-damage|p1a: Slowking|92/100
|-enditem|p1a: Slowking|Eject Button
|
|t:|1776041770
|switch|p1a: Rotom|Rotom-Heat|64/100
|
|upkeep
|turn|11
|
|t:|1776041794
|-end|p2a: Hakase|ability: Neutralizing Gas
|switch|p2a: Yuuko Aoi|Garganacl, F|81/100
|move|p1a: Rotom|Overheat|p2a: Yuuko Aoi
|-resisted|p2a: Yuuko Aoi
|-damage|p2a: Yuuko Aoi|58/100
|-unboost|p1a: Rotom|spa|2
|
|-heal|p2a: Yuuko Aoi|64/100|[from] item: Leftovers
|upkeep
|turn|12
|
|t:|1776041814
|switch|p1a: Alomomola|Alomomola, M|100/100
|move|p2a: Yuuko Aoi|Salt Cure|p1a: Alomomola
|-damage|p1a: Alomomola|92/100
|-start|p1a: Alomomola|Salt Cure
|
|-heal|p2a: Yuuko Aoi|70/100|[from] item: Leftovers
|-damage|p1a: Alomomola|67/100|[from] Salt Cure
|upkeep
|turn|13
|inactive|WeR#4Hay! has 120 seconds left.
|inactive|WeR#4Hay! has 90 seconds left.
|
|t:|1776041873
|switch|p2a: Hakase|Weezing-Galar, F|100/100
|-ability|p2a: Hakase|Neutralizing Gas
|move|p1a: Alomomola|Flip Turn|p2a: Hakase
|-damage|p2a: Hakase|89/100
|j| North Ryder
|l| North Ryder
|
|t:|1776041890
|switch|p1a: Jolteon|Jolteon, F, tera:Ice|95/100 brn|[from] Flip Turn
|
|-damage|p1a: Jolteon|89/100 brn|[from] brn
|upkeep
|turn|14
|inactive|WeR#4Hay! has 90 seconds left.
|inactive|WeR#4Hay! has 60 seconds left.
|
|t:|1776041946
|-end|p2a: Hakase|ability: Neutralizing Gas
|switch|p2a: Nano Shinonome|Iron Treads|100/100
|move|p1a: Jolteon|Volt Switch|p2a: Nano Shinonome
|-immune|p2a: Nano Shinonome
|
|-damage|p1a: Jolteon|83/100 brn|[from] brn
|upkeep
|turn|15
|
|t:|1776041962
|switch|p1a: Alomomola|Alomomola, M|67/100
|move|p2a: Nano Shinonome|Stealth Rock|p1a: Alomomola
|-sidestart|p1: phreshoatmeal|move: Stealth Rock
|
|upkeep
|turn|16
|inactive|WeR#4Hay! has 60 seconds left.
|inactive|WeR#4Hay! has 30 seconds left.
|
|t:|1776042010
|-end|p2a: Nano Shinonome|Quark Drive|[silent]
|switch|p2a: Hakase|Weezing-Galar, F|89/100
|-ability|p2a: Hakase|Neutralizing Gas
|move|p1a: Alomomola|Flip Turn|p2a: Hakase
|-damage|p2a: Hakase|79/100
|
|t:|1776042026
|switch|p1a: Slowking|Slowking-Galar, M|92/100|[from] Flip Turn
|-damage|p1a: Slowking|80/100|[from] Stealth Rock
|
|upkeep
|turn|17
|inactive|WeR#4Hay! has 30 seconds left.
|
|t:|1776042046
|-end|p2a: Hakase|ability: Neutralizing Gas
|switch|p2a: Nano Shinonome|Iron Treads|100/100
|-prepare|p1a: Slowking|Chilly Reception|[premajor]
|move|p1a: Slowking|Chilly Reception|p1a: Slowking
|-weather|Snowscape
|
|t:|1776042059
|switch|p1a: Hawlucha|Hawlucha, F|100/100|[from] Chilly Reception
|-damage|p1a: Hawlucha|88/100|[from] Stealth Rock
|-ability|p1a: Hawlucha|Mold Breaker
|
|-weather|Snowscape|[upkeep]
|upkeep
|turn|18
|inactive|WeR#4Hay! has 30 seconds left.
|
|t:|1776042075
|move|p1a: Hawlucha|Defog|p2a: Nano Shinonome
|-unboost|p2a: Nano Shinonome|evasion|1
|-sideend|p1: phreshoatmeal|Stealth Rock|[from] move: Defog|[of] p1a: Hawlucha
|move|p2a: Nano Shinonome|Knock Off|p1a: Hawlucha
|-resisted|p1a: Hawlucha
|-damage|p1a: Hawlucha|77/100
|-damage|p2a: Nano Shinonome|84/100|[from] item: Rocky Helmet|[of] p1a: Hawlucha
|-enditem|p1a: Hawlucha|Rocky Helmet|[from] move: Knock Off|[of] p2a: Nano Shinonome
|
|-weather|Snowscape|[upkeep]
|-heal|p2a: Nano Shinonome|90/100|[from] item: Leftovers
|upkeep
|turn|19
|
|t:|1776042085
|-end|p2a: Nano Shinonome|Quark Drive|[silent]
|switch|p2a: Mio Nanagohara|Alomomola, F|100/100
|move|p1a: Hawlucha|Encore||[still]
|-fail|p1a: Hawlucha
|
|-weather|Snowscape|[upkeep]
|upkeep
|turn|20
|
|t:|1776042096
|switch|p1a: Lokix|Lokix, M|100/100
|move|p2a: Mio Nanagohara|Flip Turn|p1a: Lokix
|-damage|p1a: Lokix|78/100
|
|t:|1776042099
|switch|p2a: Hakase|Weezing-Galar, F|79/100|[from] Flip Turn
|-ability|p2a: Hakase|Neutralizing Gas
|
|-weather|Snowscape|[upkeep]
|upkeep
|turn|21
|
|t:|1776042108
|switch|p1a: Slowking|Slowking-Galar, M|100/100
|-end|p2a: Hakase|ability: Neutralizing Gas
|switch|p2a: Mio Nanagohara|Alomomola, F|100/100
|
|-weather|none
|upkeep
|turn|22
|
|t:|1776042117
|move|p2a: Mio Nanagohara|Flip Turn|p1a: Slowking
|-damage|p1a: Slowking|82/100
|
|t:|1776042120
|switch|p2a: Nano Shinonome|Iron Treads|90/100|[from] Flip Turn
|move|p1a: Slowking|Flamethrower|p2a: Nano Shinonome
|-supereffective|p2a: Nano Shinonome
|-crit|p2a: Nano Shinonome
|-damage|p2a: Nano Shinonome|40/100
|-status|p2a: Nano Shinonome|brn
|
|-heal|p2a: Nano Shinonome|46/100 brn|[from] item: Leftovers
|-damage|p2a: Nano Shinonome|40/100 brn|[from] brn
|upkeep
|turn|23
|inactive|WeR#4Hay! has 60 seconds left.
|
|t:|1776042139
|move|p2a: Nano Shinonome|Stealth Rock|p1a: Slowking
|-sidestart|p1: phreshoatmeal|move: Stealth Rock
|move|p1a: Slowking|Flamethrower|p2a: Nano Shinonome
|-supereffective|p2a: Nano Shinonome
|-damage|p2a: Nano Shinonome|3/100 brn
|
|-heal|p2a: Nano Shinonome|9/100 brn|[from] item: Leftovers
|-damage|p2a: Nano Shinonome|3/100 brn|[from] brn
|upkeep
|turn|24
|
|t:|1776042145
|-end|p2a: Nano Shinonome|Quark Drive|[silent]
|switch|p2a: Yuuko Aoi|Garganacl, F|70/100
|switch|p1a: Hawlucha|Hawlucha, F|77/100
|-damage|p1a: Hawlucha|65/100|[from] Stealth Rock
|-ability|p1a: Hawlucha|Mold Breaker
|
|-heal|p2a: Yuuko Aoi|76/100|[from] item: Leftovers
|upkeep
|turn|25
|
|t:|1776042149
|move|p1a: Hawlucha|Defog|p2a: Yuuko Aoi
|-unboost|p2a: Yuuko Aoi|evasion|1
|-sideend|p1: phreshoatmeal|Stealth Rock|[from] move: Defog|[of] p1a: Hawlucha
|move|p2a: Yuuko Aoi|Salt Cure|p1a: Hawlucha
|-damage|p1a: Hawlucha|52/100
|-start|p1a: Hawlucha|Salt Cure
|
|-heal|p2a: Yuuko Aoi|82/100|[from] item: Leftovers
|-damage|p1a: Hawlucha|40/100|[from] Salt Cure
|upkeep
|turn|26
|
|t:|1776042155
|move|p1a: Hawlucha|Roost|p1a: Hawlucha
|-heal|p1a: Hawlucha|90/100
|-singleturn|p1a: Hawlucha|move: Roost
|move|p2a: Yuuko Aoi|Curse|p2a: Yuuko Aoi
|-unboost|p2a: Yuuko Aoi|spe|1
|-boost|p2a: Yuuko Aoi|atk|1
|-boost|p2a: Yuuko Aoi|def|1
|
|-heal|p2a: Yuuko Aoi|89/100|[from] item: Leftovers
|-damage|p1a: Hawlucha|77/100|[from] Salt Cure
|upkeep
|turn|27
|
|t:|1776042161
|switch|p2a: Mio Nanagohara|Alomomola, F|100/100
|move|p1a: Hawlucha|Encore||[still]
|-fail|p1a: Hawlucha
|
|-damage|p1a: Hawlucha|65/100|[from] Salt Cure
|upkeep
|turn|28
|
|t:|1776042165
|switch|p1a: Alomomola|Alomomola, M|67/100
|move|p2a: Mio Nanagohara|Flip Turn|p1a: Alomomola
|-resisted|p1a: Alomomola
|-damage|p1a: Alomomola|62/100
|
|t:|1776042172
|switch|p2a: Mai Minakami|Lokix, F, tera:Bug|84/100|[from] Flip Turn
|
|upkeep
|turn|29
|
|t:|1776042180
|move|p2a: Mai Minakami|U-turn|p1a: Alomomola
|-damage|p1a: Alomomola|19/100
|
|t:|1776042182
|switch|p2a: Hakase|Weezing-Galar, F|79/100|[from] U-turn
|-ability|p2a: Hakase|Neutralizing Gas
|move|p1a: Alomomola|Acrobatics|p2a: Hakase
|-damage|p2a: Hakase|65/100
|
|upkeep
|turn|30
|
|t:|1776042195
|switch|p1a: Slowking|Slowking-Galar, M|100/100
|move|p2a: Hakase|Will-O-Wisp|p1a: Slowking|[miss]
|-miss|p2a: Hakase|p1a: Slowking
|
|upkeep
|turn|31
|
|t:|1776042201
|-end|p2a: Hakase|ability: Neutralizing Gas
|switch|p2a: Mio Nanagohara|Alomomola, F|100/100
|move|p1a: Slowking|Psychic Noise|p2a: Mio Nanagohara
|-damage|p2a: Mio Nanagohara|77/100
|-start|p2a: Mio Nanagohara|move: Heal Block
|
|upkeep
|turn|32
|
|t:|1776042210
|move|p2a: Mio Nanagohara|Flip Turn|p1a: Slowking
|-damage|p1a: Slowking|83/100
|
|t:|1776042215
|switch|p2a: Mai Minakami|Lokix, F, tera:Bug|84/100|[from] Flip Turn
|move|p1a: Slowking|Psychic Noise|p2a: Mai Minakami
|-damage|p2a: Mai Minakami|33/100
|-start|p2a: Mai Minakami|move: Heal Block
|
|upkeep
|turn|33
|
|t:|1776042221
|switch|p1a: Hawlucha|Hawlucha, F|65/100
|-ability|p1a: Hawlucha|Mold Breaker
|move|p2a: Mai Minakami|U-turn|p1a: Hawlucha
|-resisted|p1a: Hawlucha
|-damage|p1a: Hawlucha|36/100
|
|t:|1776042232
|switch|p2a: Mio Nanagohara|Alomomola, F|100/100|[from] U-turn
|
|upkeep
|turn|34
|
|t:|1776042235
|move|p1a: Hawlucha|Roost|p1a: Hawlucha
|-heal|p1a: Hawlucha|86/100
|-singleturn|p1a: Hawlucha|move: Roost
|move|p2a: Mio Nanagohara|Flip Turn|p1a: Hawlucha
|-damage|p1a: Hawlucha|70/100
|
|t:|1776042237
|switch|p2a: Mai Minakami|Lokix, F, tera:Bug|33/100|[from] Flip Turn
|
|upkeep
|turn|35
|
|t:|1776042243
|move|p1a: Hawlucha|Flying Press|p2a: Mai Minakami
|-damage|p2a: Mai Minakami|0 fnt
|faint|p2a: Mai Minakami
|
|upkeep
|-message|WeR#4Hay! forfeited.
|
|win|phreshoatmeal
|raw|phreshoatmeal's rating: 1589 &rarr; <strong>1610</strong><br />(+21 for winning)
|raw|WeR#4Hay!'s rating: 1606 &rarr; <strong>1585</strong><br />(-21 for losing)
|l|☆WeR#4Hay!
|player|p2|
|l|☆phreshoatmeal
|player|p1|
