|html|<div class="broadcast-blue"><strong>[Gen 9] OU is currently suspecting Tera Blast! For information on how to participate check out the <a href="https://www.smogon.com/tools/suspects/view/200">suspect thread</a>.</strong></div>
|j|☆Re_DragonitPawmot
|j|☆gooseemon3
|t:|1776082258
|gametype|singles
|player|p1|Re_DragonitPawmot|266|1250
|player|p2|gooseemon3|clown|1222
|gen|9
|tier|[Gen 9] OU
|rated|
|rule|HP Percentage Mod: HP is shown in percentages
|rule|Endless Battle Clause: Forcing endless battles is banned
|rule|Species Clause: Limit one of each Pokémon
|rule|OHKO Clause: OHKO moves are banned
|rule|Evasion Items Clause: Evasion items are banned
|rule|Evasion Moves Clause: Evasion moves are banned
|rule|Evasion Abilities Clause: Evasion abilities are banned
|rule|Sleep Moves Clause: Sleep-inducing moves are banned
|clearpoke
|poke|p1|Dragonite, F|
|poke|p1|Heatran, F|
|poke|p1|Iron Valiant|
|poke|p1|Landorus-Therian, M|
|poke|p1|Tornadus-Therian, M|
|poke|p1|Rillaboom, F|
|poke|p2|Braviary-Hisui, M|
|poke|p2|Blaziken, M|
|poke|p2|Kyurem|
|poke|p2|Primarina, M|
|poke|p2|Regidrago|
|poke|p2|Iron Treads|
|teampreview
|
|t:|1776082286
|teamsize|p1|6
|teamsize|p2|6
|start
|switch|p1a: Landorus|Landorus-Therian, M|100/100
|switch|p2a: Braviary|Braviary-Hisui, M|100/100
|-ability|p1a: Landorus|Intimidate|boost
|-unboost|p2a: Braviary|atk|1
|turn|1
|
|t:|1776082294
|move|p1a: Landorus|Stealth Rock|p2a: Braviary
|-sidestart|p2: gooseemon3|move: Stealth Rock
|move|p2a: Braviary|Esper Wing|p1a: Landorus
|-damage|p1a: Landorus|57/100
|-boost|p2a: Braviary|spe|1
|
|upkeep
|turn|2
|
|t:|1776082307
|move|p2a: Braviary|Air Slash|p1a: Landorus
|-damage|p1a: Landorus|11/100
|move|p1a: Landorus|U-turn|p2a: Braviary
|-damage|p2a: Braviary|75/100
|
|t:|1776082325
|switch|p1a: Heatran|Heatran, F|100/100|[from] U-turn
|
|upkeep
|turn|3
|
|t:|1776082333
|move|p2a: Braviary|Esper Wing|p1a: Heatran
|-resisted|p1a: Heatran
|-damage|p1a: Heatran|72/100
|-boost|p2a: Braviary|spe|1
|move|p1a: Heatran|Magma Storm|p2a: Braviary
|-damage|p2a: Braviary|25/100
|-activate|p2a: Braviary|move: Magma Storm|[of] p1a: Heatran
|
|-heal|p1a: Heatran|78/100|[from] item: Leftovers
|-damage|p2a: Braviary|12/100|[from] move: Magma Storm|[partiallytrapped]
|upkeep
|turn|4
|
|t:|1776082351
|move|p2a: Braviary|Roost|p2a: Braviary
|-heal|p2a: Braviary|63/100
|-singleturn|p2a: Braviary|move: Roost
|move|p1a: Heatran|Taunt|p2a: Braviary
|-start|p2a: Braviary|move: Taunt
|
|-heal|p1a: Heatran|84/100|[from] item: Leftovers
|-damage|p2a: Braviary|50/100|[from] move: Magma Storm|[partiallytrapped]
|upkeep
|turn|5
|
|t:|1776082370
|move|p2a: Braviary|Esper Wing|p1a: Heatran
|-resisted|p1a: Heatran
|-damage|p1a: Heatran|58/100
|-boost|p2a: Braviary|spe|1
|move|p1a: Heatran|Magma Storm|p2a: Braviary
|-damage|p2a: Braviary|0 fnt
|faint|p2a: Braviary
|
|-heal|p1a: Heatran|64/100|[from] item: Leftovers
|upkeep
|
|t:|1776082374
|switch|p2a: Primarina|Primarina, M|100/100
|-damage|p2a: Primarina|88/100|[from] Stealth Rock
|turn|6
|
|t:|1776082385
|-terastallize|p1a: Heatran|Grass
|move|p2a: Primarina|Hyper Voice|p1a: Heatran
|-resisted|p1a: Heatran
|-damage|p1a: Heatran|53/100
|-enditem|p2a: Primarina|Throat Spray
|-boost|p2a: Primarina|spa|1|[from] item: Throat Spray
|move|p1a: Heatran|Magma Storm|p2a: Primarina
|-resisted|p2a: Primarina
|-damage|p2a: Primarina|68/100
|-activate|p2a: Primarina|move: Magma Storm|[of] p1a: Heatran
|
|-heal|p1a: Heatran|59/100|[from] item: Leftovers
|-damage|p2a: Primarina|56/100|[from] move: Magma Storm|[partiallytrapped]
|upkeep
|turn|7
|
|t:|1776082397
|move|p2a: Primarina|Draining Kiss|p1a: Heatran
|-damage|p1a: Heatran|39/100
|-heal|p2a: Primarina|75/100|[from] drain|[of] p1a: Heatran
|move|p1a: Heatran|Taunt|p2a: Primarina
|-start|p2a: Primarina|move: Taunt
|
|-heal|p1a: Heatran|46/100|[from] item: Leftovers
|-damage|p2a: Primarina|62/100|[from] move: Magma Storm|[partiallytrapped]
|upkeep
|turn|8
|
|t:|1776082404
|move|p2a: Primarina|Draining Kiss|p1a: Heatran
|-damage|p1a: Heatran|25/100
|-heal|p2a: Primarina|83/100|[from] drain|[of] p1a: Heatran
|move|p1a: Heatran|Magma Storm|p2a: Primarina
|-resisted|p2a: Primarina
|-damage|p2a: Primarina|62/100
|
|-heal|p1a: Heatran|31/100|[from] item: Leftovers
|-damage|p2a: Primarina|50/100|[from] move: Magma Storm|[partiallytrapped]
|upkeep
|turn|9
|
|t:|1776082413
|move|p2a: Primarina|Draining Kiss|p1a: Heatran
|-damage|p1a: Heatran|12/100
|-heal|p2a: Primarina|68/100|[from] drain|[of] p1a: Heatran
|move|p1a: Heatran|Earth Power|p2a: Primarina
|-damage|p2a: Primarina|44/100
|
|-heal|p1a: Heatran|18/100|[from] item: Leftovers
|-damage|p2a: Primarina|32/100|[from] move: Magma Storm|[partiallytrapped]
|upkeep
|turn|10
|
|t:|1776082430
|switch|p1a: Landorus|Landorus-Therian, M|11/100
|-ability|p1a: Landorus|Intimidate|boost
|-unboost|p2a: Primarina|atk|1
|move|p2a: Primarina|Draining Kiss|p1a: Landorus
|-damage|p1a: Landorus|0 fnt
|-heal|p2a: Primarina|43/100|[from] drain|[of] p1a: Landorus
|-damage|p2a: Primarina|26/100|[from] item: Rocky Helmet|[of] p1a: Landorus
|faint|p1a: Landorus
|
|-end|p2a: Primarina|Magma Storm|[partiallytrapped]
|-end|p2a: Primarina|move: Taunt
|upkeep
|
|t:|1776082436
|switch|p1a: Tornadus|Tornadus-Therian, M|100/100
|turn|11
|
|t:|1776082446
|move|p1a: Tornadus|Bleakwind Storm|p2a: Primarina
|-damage|p2a: Primarina|0 fnt
|faint|p2a: Primarina
|
|upkeep
|
|t:|1776082452
|switch|p2a: Iron Treads|Iron Treads|100/100
|-damage|p2a: Iron Treads|97/100|[from] Stealth Rock
|-enditem|p2a: Iron Treads|Booster Energy
|-activate|p2a: Iron Treads|ability: Quark Drive|[fromitem]
|-start|p2a: Iron Treads|quarkdriveatk
|turn|12
|
|t:|1776082460
|move|p1a: Tornadus|Heat Wave|p2a: Iron Treads
|-supereffective|p2a: Iron Treads
|-crit|p2a: Iron Treads
|-damage|p2a: Iron Treads|0 fnt
|faint|p2a: Iron Treads
|-end|p2a: Iron Treads|Quark Drive|[silent]
|
|upkeep
|
|t:|1776082465
|switch|p2a: Regidrago|Regidrago|100/100
|-damage|p2a: Regidrago|88/100|[from] Stealth Rock
|turn|13
|
|t:|1776082472
|move|p2a: Regidrago|Dragon Energy|p1a: Tornadus
|-damage|p1a: Tornadus|42/100
|move|p1a: Tornadus|Knock Off|p2a: Regidrago
|-damage|p2a: Regidrago|67/100
|-enditem|p2a: Regidrago|Choice Scarf|[from] move: Knock Off|[of] p1a: Tornadus
|
|upkeep
|turn|14
|
|t:|1776082480
|switch|p1a: Iron Valiant|Iron Valiant|100/100
|move|p2a: Regidrago|Ancient Power|p1a: Iron Valiant
|-resisted|p1a: Iron Valiant
|-damage|p1a: Iron Valiant|83/100
|
|upkeep
|turn|15
|
|t:|1776082498
|move|p1a: Iron Valiant|Moonblast|p2a: Regidrago
|-supereffective|p2a: Regidrago
|-damage|p2a: Regidrago|0 fnt
|faint|p2a: Regidrago
|
|upkeep
|
|t:|1776082501
|switch|p2a: Blaziken|Blaziken, M|100/100
|-damage|p2a: Blaziken|88/100|[from] Stealth Rock
|turn|16
|
|t:|1776082517
|-end|p1a: Iron Valiant|Quark Drive|[silent]
|switch|p1a: Heatran|Heatran, F, tera:Grass|18/100
|move|p2a: Blaziken|Flamethrower|p1a: Heatran
|-start|p1a: Heatran|ability: Flash Fire
|
|-heal|p1a: Heatran|24/100|[from] item: Leftovers
|-ability|p2a: Blaziken|Speed Boost|boost
|-boost|p2a: Blaziken|spe|1
|upkeep
|turn|17
|
|t:|1776082525
|move|p2a: Blaziken|Aura Sphere|p1a: Heatran
|-damage|p1a: Heatran|0 fnt
|faint|p1a: Heatran
|
|-ability|p2a: Blaziken|Speed Boost|boost
|-boost|p2a: Blaziken|spe|1
|upkeep
|
|t:|1776082531
|switch|p1a: Dragonite|Dragonite, F|100/100
|turn|18
|
|t:|1776082535
|move|p2a: Blaziken|Flamethrower|p1a: Dragonite
|-resisted|p1a: Dragonite
|-damage|p1a: Dragonite|91/100
|move|p1a: Dragonite|Dragon Dance|p1a: Dragonite
|-boost|p1a: Dragonite|atk|1
|-boost|p1a: Dragonite|spe|1
|
|-ability|p2a: Blaziken|Speed Boost|boost
|-boost|p2a: Blaziken|spe|1
|upkeep
|turn|19
|
|t:|1776082544
|move|p2a: Blaziken|Flamethrower|p1a: Dragonite
|-resisted|p1a: Dragonite
|-crit|p1a: Dragonite
|-damage|p1a: Dragonite|60/100
|move|p1a: Dragonite|Dragon Dance|p1a: Dragonite
|-boost|p1a: Dragonite|atk|1
|-boost|p1a: Dragonite|spe|1
|
|-ability|p2a: Blaziken|Speed Boost|boost
|-boost|p2a: Blaziken|spe|1
|upkeep
|turn|20
|-message|gooseemon3 forfeited.
|
|win|Re_DragonitPawmot
|raw|Re_DragonitPawmot's rating: 1250 &rarr; <strong>1273</strong><br />(+23 for winning)
|raw|gooseemon3's rating: 1222 &rarr; <strong>1199</strong><br />(-23 for losing)
|l|☆gooseemon3
|player|p2|
|l|☆Re_DragonitPawmot
|player|p1|
