|html|<div class="broadcast-blue"><strong>[Gen 9] OU is currently suspecting Tera Blast! For information on how to participate check out the <a href="https://www.smogon.com/tools/suspects/view/200">suspect thread</a>.</strong></div>
|j|☆duckie1b
|j|☆rocket's proton
|t:|1776073345
|gametype|singles
|player|p1|duckie1b|roxie|1108
|player|p2|rocket's proton|proton|1116
|gen|9
|tier|[Gen 9] OU
|rated|
|rule|HP Percentage Mod: HP is shown in percentages
|rule|Endless Battle Clause: Forcing endless battles is banned
|rule|Species Clause: Limit one of each Pokémon
|rule|OHKO Clause: OHKO moves are banned
|rule|Evasion Items Clause: Evasion items are banned
|rule|Evasion Moves Clause: Evasion moves are banned
|rule|Evasion Abilities Clause: Evasion abilities are banned
|rule|Sleep Moves Clause: Sleep-inducing moves are banned
|clearpoke
|poke|p1|Frosmoth, M|
|poke|p1|Cinccino, F|
|poke|p1|Incineroar, M|
|poke|p1|Weezing-Galar, F|
|poke|p1|Sinistcha|
|poke|p1|Alomomola, M|
|poke|p2|Tinkaton, F|
|poke|p2|Ogerpon, F|
|poke|p2|Great Tusk|
|poke|p2|Pecharunt|
|poke|p2|Alomomola, M|
|poke|p2|Hydreigon, M|
|teampreview
|inactive|Battle timer is ON: inactive players will automatically lose when time's up. (requested by rocket's proton)
|
|t:|1776073393
|teamsize|p1|6
|teamsize|p2|6
|start
|switch|p1a: Alomomola|Alomomola, M|100/100
|switch|p2a: Great Tusk|Great Tusk, shiny|100/100
|turn|1
|
|t:|1776073413
|move|p2a: Great Tusk|Close Combat|p1a: Alomomola
|-damage|p1a: Alomomola|60/100
|-unboost|p2a: Great Tusk|def|1
|-unboost|p2a: Great Tusk|spd|1
|-damage|p2a: Great Tusk|84/100|[from] item: Rocky Helmet|[of] p1a: Alomomola
|move|p1a: Alomomola|Flip Turn|p2a: Great Tusk
|-supereffective|p2a: Great Tusk
|-damage|p2a: Great Tusk|48/100
|inactive|duckie1b has 120 seconds left.
|
|t:|1776073444
|switch|p1a: Incineroar|Incineroar, M|100/100|[from] Flip Turn
|-ability|p1a: Incineroar|Intimidate|boost
|-unboost|p2a: Great Tusk|atk|1
|
|upkeep
|turn|2
|
|t:|1776073458
|-end|p2a: Great Tusk|Protosynthesis|[silent]
|switch|p2a: Pecharunt|Pecharunt|100/100
|move|p1a: Incineroar|Flare Blitz|p2a: Pecharunt
|-damage|p2a: Pecharunt|78/100
|-damage|p1a: Incineroar|84/100|[from] item: Rocky Helmet|[of] p2a: Pecharunt
|-damage|p1a: Incineroar|77/100|[from] Recoil
|
|upkeep
|turn|3
|
|t:|1776073467
|move|p2a: Pecharunt|Malignant Chain|p1a: Incineroar
|-damage|p1a: Incineroar|47/100
|-status|p1a: Incineroar|tox
|-start|p1a: Incineroar|confusion|[from] ability: Poison Puppeteer|[of] p2a: Pecharunt
|-activate|p1a: Incineroar|confusion
|-damage|p1a: Incineroar|40/100 tox|[from] confusion
|
|-damage|p1a: Incineroar|33/100 tox|[from] psn
|upkeep
|turn|4
|inactive|duckie1b has 120 seconds left.
|
|t:|1776073478
|move|p2a: Pecharunt|Malignant Chain|p1a: Incineroar
|-damage|p1a: Incineroar|6/100 tox
|-activate|p1a: Incineroar|confusion
|move|p1a: Incineroar|Knock Off|p2a: Pecharunt
|-supereffective|p2a: Pecharunt
|-damage|p2a: Pecharunt|46/100
|-damage|p1a: Incineroar|0 fnt|[from] item: Rocky Helmet|[of] p2a: Pecharunt
|faint|p1a: Incineroar
|
|upkeep
|inactive|duckie1b has 120 seconds left.
|
|t:|1776073494
|switch|p1a: Weezing|Weezing-Galar, F|100/100
|-ability|p1a: Weezing|Neutralizing Gas
|turn|5
|
|t:|1776073509
|-end|p1a: Weezing|ability: Neutralizing Gas
|switch|p1a: Alomomola|Alomomola, M|94/100
|move|p2a: Pecharunt|Parting Shot|p1a: Alomomola
|-unboost|p1a: Alomomola|atk|1
|-unboost|p1a: Alomomola|spa|1
|
|t:|1776073515
|switch|p2a: Ogerpon|Ogerpon, F|100/100|[from] Parting Shot
|
|upkeep
|turn|6
|inactive|duckie1b has 120 seconds left.
|
|t:|1776073544
|move|p2a: Ogerpon|Ivy Cudgel|p1a: Alomomola
|-supereffective|p1a: Alomomola
|-damage|p1a: Alomomola|5/100
|move|p1a: Alomomola|Flip Turn|p2a: Ogerpon
|-resisted|p2a: Ogerpon
|-damage|p2a: Ogerpon|94/100
|
|t:|1776073549
|switch|p1a: Sinistcha|Sinistcha|100/100|[from] Flip Turn
|
|upkeep
|turn|7
|
|t:|1776073568
|switch|p2a: Alomomola|Alomomola, M, shiny|100/100
|switch|p1a: Alomomola|Alomomola, M|38/100
|
|upkeep
|turn|8
|
|t:|1776073580
|move|p2a: Alomomola|Flip Turn|p1a: Alomomola
|-resisted|p1a: Alomomola
|-damage|p1a: Alomomola|34/100
|-damage|p2a: Alomomola|84/100|[from] item: Rocky Helmet|[of] p1a: Alomomola
|
|t:|1776073584
|switch|p2a: Pecharunt|Pecharunt|46/100|[from] Flip Turn
|move|p1a: Alomomola|Mirror Coat||[still]
|-fail|p1a: Alomomola
|
|upkeep
|turn|9
|inactive|duckie1b has 120 seconds left.
|
|t:|1776073602
|move|p2a: Pecharunt|Malignant Chain|p1a: Alomomola
|-damage|p1a: Alomomola|7/100
|move|p1a: Alomomola|Flip Turn|p2a: Pecharunt
|-crit|p2a: Pecharunt
|-damage|p2a: Pecharunt|35/100
|-damage|p1a: Alomomola|0 fnt|[from] item: Rocky Helmet|[of] p2a: Pecharunt
|faint|p1a: Alomomola
|
|upkeep
|inactive|duckie1b has 120 seconds left.
|
|t:|1776073617
|switch|p1a: Frosmoth|Frosmoth, M|100/100
|turn|10
|
|t:|1776073636
|switch|p2a: Alomomola|Alomomola, M, shiny|100/100
|move|p1a: Frosmoth|Substitute|p1a: Frosmoth
|-start|p1a: Frosmoth|Substitute
|-damage|p1a: Frosmoth|76/100
|
|-heal|p1a: Frosmoth|82/100|[from] item: Leftovers
|upkeep
|turn|11
|inactive|duckie1b has 120 seconds left.
|
|t:|1776073645
|move|p1a: Frosmoth|Quiver Dance|p1a: Frosmoth
|-boost|p1a: Frosmoth|spa|1
|-boost|p1a: Frosmoth|spd|1
|-boost|p1a: Frosmoth|spe|1
|move|p2a: Alomomola|Play Rough|p1a: Frosmoth
|-activate|p1a: Frosmoth|move: Substitute|[damage]
|
|-heal|p1a: Frosmoth|88/100|[from] item: Leftovers
|upkeep
|turn|12
|
|t:|1776073650
|move|p1a: Frosmoth|Quiver Dance|p1a: Frosmoth
|-boost|p1a: Frosmoth|spa|1
|-boost|p1a: Frosmoth|spd|1
|-boost|p1a: Frosmoth|spe|1
|move|p2a: Alomomola|Play Rough|p1a: Frosmoth
|-end|p1a: Frosmoth|Substitute
|
|-heal|p1a: Frosmoth|94/100|[from] item: Leftovers
|upkeep
|turn|13
|
|t:|1776073660
|-terastallize|p1a: Frosmoth|Electric
|move|p1a: Frosmoth|Tera Blast|p2a: Alomomola|[anim] Tera Blast Electric
|-supereffective|p2a: Alomomola
|-damage|p2a: Alomomola|37/100
|move|p2a: Alomomola|Mirror Coat|p1a: Frosmoth
|-damage|p1a: Frosmoth|0 fnt
|faint|p1a: Frosmoth
|
|upkeep
|inactive|duckie1b has 120 seconds left.
|
|t:|1776073694
|switch|p1a: Cinccino|Cinccino, F|100/100
|turn|14
|
|t:|1776073716
|switch|p2a: Pecharunt|Pecharunt|35/100
|move|p1a: Cinccino|Tidy Up|p1a: Cinccino
|-boost|p1a: Cinccino|atk|1
|-boost|p1a: Cinccino|spe|1
|
|upkeep
|turn|15
|inactive|duckie1b has 120 seconds left.
|
|t:|1776073730
|move|p1a: Cinccino|Knock Off|p2a: Pecharunt
|-supereffective|p2a: Pecharunt
|-damage|p2a: Pecharunt|0 fnt
|-damage|p1a: Cinccino|84/100|[from] item: Rocky Helmet|[of] p2a: Pecharunt
|-enditem|p2a: Pecharunt|Rocky Helmet|[from] move: Knock Off|[of] p1a: Cinccino
|faint|p2a: Pecharunt
|
|upkeep
|
|t:|1776073739
|switch|p2a: Tinkaton|Tinkaton, F, shiny|100/100
|-item|p2a: Tinkaton|Air Balloon
|turn|16
|inactive|duckie1b has 120 seconds left.
|
|t:|1776073761
|move|p1a: Cinccino|Tail Slap|p2a: Tinkaton
|-resisted|p2a: Tinkaton
|-crit|p2a: Tinkaton
|-damage|p2a: Tinkaton|79/100
|-enditem|p2a: Tinkaton|Air Balloon
|-resisted|p2a: Tinkaton
|-damage|p2a: Tinkaton|62/100
|-resisted|p2a: Tinkaton
|-damage|p2a: Tinkaton|48/100
|-resisted|p2a: Tinkaton
|-damage|p2a: Tinkaton|31/100
|-resisted|p2a: Tinkaton
|-damage|p2a: Tinkaton|15/100
|-hitcount|p2a: Tinkaton|5
|-enditem|p1a: Cinccino|Loaded Dice|[silent]|[from] ability: Pickpocket|[of] p1a: Cinccino
|-item|p2a: Tinkaton|Loaded Dice|[from] ability: Pickpocket|[of] p1a: Cinccino
|move|p2a: Tinkaton|Gigaton Hammer|p1a: Cinccino
|-damage|p1a: Cinccino|0 fnt
|faint|p1a: Cinccino
|
|upkeep
|
|t:|1776073773
|switch|p1a: Sinistcha|Sinistcha|100/100
|turn|17
|
|t:|1776073786
|move|p2a: Tinkaton|Ice Hammer|p1a: Sinistcha|[miss]
|-miss|p2a: Tinkaton|p1a: Sinistcha
|move|p1a: Sinistcha|Scald|p2a: Tinkaton
|-damage|p2a: Tinkaton|0 fnt
|faint|p2a: Tinkaton
|
|upkeep
|
|t:|1776073791
|switch|p2a: Ogerpon|Ogerpon, F|94/100
|turn|18
|inactive|duckie1b has 120 seconds left.
|
|t:|1776073803
|switch|p1a: Weezing|Weezing-Galar, F|100/100
|-ability|p1a: Weezing|Neutralizing Gas
|move|p2a: Ogerpon|Knock Off|p1a: Weezing
|-resisted|p1a: Weezing
|-damage|p1a: Weezing|84/100
|-enditem|p1a: Weezing|Shuca Berry|[from] move: Knock Off|[of] p2a: Ogerpon
|
|upkeep
|turn|19
|
|t:|1776073818
|switch|p2a: Alomomola|Alomomola, M, shiny|70/100
|move|p1a: Weezing|Toxic|p2a: Alomomola
|-status|p2a: Alomomola|tox
|
|-damage|p2a: Alomomola|64/100 tox|[from] psn
|upkeep
|turn|20
|inactive|duckie1b has 120 seconds left.
|
|t:|1776073836
|move|p1a: Weezing|Strange Steam|p2a: Alomomola
|-damage|p2a: Alomomola|49/100 tox
|move|p2a: Alomomola|Flip Turn|p1a: Weezing
|-damage|p1a: Weezing|74/100
|
|t:|1776073842
|switch|p2a: Hydreigon|Hydreigon, M, shiny|100/100|[from] Flip Turn
|
|upkeep
|turn|21
|
|t:|1776073853
|-terastallize|p2a: Hydreigon|Steel
|move|p2a: Hydreigon|Flash Cannon|p1a: Weezing
|-supereffective|p1a: Weezing
|-damage|p1a: Weezing|0 fnt
|faint|p1a: Weezing
|-end|p1a: Weezing|ability: Neutralizing Gas
|
|upkeep
|
|t:|1776073856
|switch|p1a: Sinistcha|Sinistcha|100/100
|turn|22
|
|t:|1776073866
|switch|p2a: Alomomola|Alomomola, M, shiny|49/100 tox
|move|p1a: Sinistcha|Scald|p2a: Alomomola
|-resisted|p2a: Alomomola
|-damage|p2a: Alomomola|45/100 tox
|
|-damage|p2a: Alomomola|38/100 tox|[from] psn
|upkeep
|turn|23
|
|t:|1776073876
|move|p1a: Sinistcha|Strength Sap|p2a: Alomomola
|-unboost|p2a: Alomomola|atk|1
|move|p2a: Alomomola|Mirror Coat||[still]
|-fail|p2a: Alomomola
|
|-damage|p2a: Alomomola|26/100 tox|[from] psn
|upkeep
|turn|24
|
|t:|1776073886
|move|p1a: Sinistcha|Matcha Gotcha|p2a: Alomomola
|-supereffective|p2a: Alomomola
|-damage|p2a: Alomomola|0 fnt
|faint|p2a: Alomomola
|
|upkeep
|
|t:|1776073892
|switch|p2a: Ogerpon|Ogerpon, F|94/100
|turn|25
|
|t:|1776073900
|move|p2a: Ogerpon|Knock Off|p1a: Sinistcha
|-supereffective|p1a: Sinistcha
|-enditem|p1a: Sinistcha|Colbur Berry|[eat]
|-enditem|p1a: Sinistcha|Colbur Berry|[weaken]
|-damage|p1a: Sinistcha|70/100
|move|p1a: Sinistcha|Scald|p2a: Ogerpon
|-resisted|p2a: Ogerpon
|-damage|p2a: Ogerpon|80/100
|
|upkeep
|turn|26
|
|t:|1776073908
|move|p2a: Ogerpon|Knock Off|p1a: Sinistcha
|-supereffective|p1a: Sinistcha
|-damage|p1a: Sinistcha|27/100
|move|p1a: Sinistcha|Calm Mind|p1a: Sinistcha
|-boost|p1a: Sinistcha|spa|1
|-boost|p1a: Sinistcha|spd|1
|
|upkeep
|turn|27
|
|t:|1776073915
|move|p2a: Ogerpon|Knock Off|p1a: Sinistcha
|-supereffective|p1a: Sinistcha
|-damage|p1a: Sinistcha|0 fnt
|faint|p1a: Sinistcha
|
|win|rocket's proton
|raw|duckie1b's rating: 1108 &rarr; <strong>1084</strong><br />(-24 for losing)
|raw|rocket&apos;s proton's rating: 1116 &rarr; <strong>1140</strong><br />(+24 for winning)
|l|☆duckie1b
|player|p1|
|l|☆rocket's proton
|player|p2|
