|html|<div class="broadcast-blue"><strong>[Gen 9] OU is currently suspecting Tera Blast! For information on how to participate check out the <a href="https://www.smogon.com/tools/suspects/view/200">suspect thread</a>.</strong></div>
|j|☆kedwin007
|j|☆table_man_10293
|t:|1776092801
|gametype|singles
|player|p1|kedwin007|veteran|1315
|player|p2|table_man_10293|101|1369
|gen|9
|tier|[Gen 9] OU
|rated|
|rule|HP Percentage Mod: HP is shown in percentages
|rule|Endless Battle Clause: Forcing endless battles is banned
|rule|Species Clause: Limit one of each Pokémon
|rule|OHKO Clause: OHKO moves are banned
|rule|Evasion Items Clause: Evasion items are banned
|rule|Evasion Moves Clause: Evasion moves are banned
|rule|Evasion Abilities Clause: Evasion abilities are banned
|rule|Sleep Moves Clause: Sleep-inducing moves are banned
|clearpoke
|poke|p1|Grimmsnarl, M|
|poke|p1|Glimmora, M|
|poke|p1|Okidogi, M|
|poke|p1|Raging Bolt|
|poke|p1|Conkeldurr, M|
|poke|p1|Gholdengo|
|poke|p2|Great Tusk|
|poke|p2|Zapdos|
|poke|p2|Meowscarada, F|
|poke|p2|Kingambit, M|
|poke|p2|Dragapult, M|
|poke|p2|Clefable, F|
|teampreview
|inactive|Battle timer is ON: inactive players will automatically lose when time's up. (requested by kedwin007)
|inactive|table_man_10293 has 120 seconds left.
|
|t:|1776092837
|teamsize|p1|6
|teamsize|p2|6
|start
|switch|p1a: Glimmora|Glimmora, M|100/100
|switch|p2a: Great Tusk|Great Tusk|100/100
|turn|1
|
|t:|1776092847
|move|p2a: Great Tusk|Rapid Spin|p1a: Glimmora
|-resisted|p1a: Glimmora
|-damage|p1a: Glimmora|91/100
|-boost|p2a: Great Tusk|spe|1
|-activate|p1a: Glimmora|ability: Toxic Debris
|-sidestart|p2: table_man_10293|move: Toxic Spikes
|-sideend|p2: table_man_10293|Toxic Spikes|[from] move: Rapid Spin|[of] p2a: Great Tusk
|move|p1a: Glimmora|Stealth Rock|p2a: Great Tusk
|-sidestart|p2: table_man_10293|move: Stealth Rock
|
|upkeep
|turn|2
|
|t:|1776092856
|move|p2a: Great Tusk|Headlong Rush|p1a: Glimmora
|-supereffective|p1a: Glimmora
|-damage|p1a: Glimmora|0 fnt
|-unboost|p2a: Great Tusk|def|1
|-unboost|p2a: Great Tusk|spd|1
|-activate|p1a: Glimmora|ability: Toxic Debris
|-sidestart|p2: table_man_10293|move: Toxic Spikes
|faint|p1a: Glimmora
|
|upkeep
|
|t:|1776092865
|switch|p1a: Gholdengo|Gholdengo|100/100
|turn|3
|
|t:|1776092875
|-terastallize|p2a: Great Tusk|Fire
|move|p2a: Great Tusk|Temper Flare|p1a: Gholdengo
|-supereffective|p1a: Gholdengo
|-damage|p1a: Gholdengo|7/100
|move|p1a: Gholdengo|Shadow Ball|p2a: Great Tusk
|-damage|p2a: Great Tusk|7/100
|
|upkeep
|turn|4
|
|t:|1776092901
|move|p2a: Great Tusk|Headlong Rush|p1a: Gholdengo
|-supereffective|p1a: Gholdengo
|-damage|p1a: Gholdengo|0 fnt
|-unboost|p2a: Great Tusk|def|1
|-unboost|p2a: Great Tusk|spd|1
|faint|p1a: Gholdengo
|
|upkeep
|
|t:|1776092908
|switch|p1a: Raging Bolt|Raging Bolt|100/100
|turn|5
|
|t:|1776092918
|-end|p2a: Great Tusk|Protosynthesis|[silent]
|switch|p2a: Meowscarada|Meowscarada, F|100/100
|-damage|p2a: Meowscarada|88/100|[from] Stealth Rock
|-status|p2a: Meowscarada|psn
|move|p1a: Raging Bolt|Thunderclap||[still]
|-fail|p1a: Raging Bolt
|
|-damage|p2a: Meowscarada|76/100 psn|[from] psn
|upkeep
|turn|6
|
|t:|1776092932
|-end|p1a: Raging Bolt|Protosynthesis|[silent]
|switch|p1a: Okidogi|Okidogi, M|100/100
|move|p2a: Meowscarada|Triple Axel|p1a: Okidogi
|-start|p2a: Meowscarada|typechange|Ice|[from] ability: Protean
|-damage|p1a: Okidogi|88/100
|-damage|p1a: Okidogi|65/100
|-damage|p1a: Okidogi|34/100
|-hitcount|p1a: Okidogi|3
|
|-heal|p1a: Okidogi|40/100|[from] item: Leftovers
|-damage|p2a: Meowscarada|64/100 psn|[from] psn
|upkeep
|turn|7
|
|t:|1776092949
|move|p2a: Meowscarada|Triple Axel|p1a: Okidogi
|-damage|p1a: Okidogi|29/100
|-damage|p1a: Okidogi|6/100
|-damage|p1a: Okidogi|0 fnt
|faint|p1a: Okidogi
|-hitcount|p1: Okidogi|3
|
|-damage|p2a: Meowscarada|51/100 psn|[from] psn
|upkeep
|
|t:|1776092959
|switch|p1a: Conkeldurr|Conkeldurr, M|100/100
|turn|8
|
|t:|1776092963
|switch|p2a: Dragapult|Dragapult, M|100/100
|-damage|p2a: Dragapult|88/100|[from] Stealth Rock
|-status|p2a: Dragapult|psn
|move|p1a: Conkeldurr|Mach Punch|p2a: Dragapult
|-immune|p2a: Dragapult
|
|-heal|p2a: Dragapult|94/100 psn|[from] item: Leftovers
|-damage|p2a: Dragapult|82/100 psn|[from] psn
|-status|p1a: Conkeldurr|brn|[from] item: Flame Orb
|upkeep
|turn|9
|
|t:|1776092976
|switch|p1a: Grimmsnarl|Grimmsnarl, M|100/100
|move|p2a: Dragapult|Substitute|p2a: Dragapult
|-start|p2a: Dragapult|Substitute
|-damage|p2a: Dragapult|57/100 psn
|
|-heal|p2a: Dragapult|63/100 psn|[from] item: Leftovers
|-damage|p2a: Dragapult|51/100 psn|[from] psn
|upkeep
|turn|10
|
|t:|1776092985
|move|p2a: Dragapult|Thunder Wave|p1a: Grimmsnarl
|-status|p1a: Grimmsnarl|par
|cant|p1a: Grimmsnarl|par
|
|-heal|p2a: Dragapult|57/100 psn|[from] item: Leftovers
|-damage|p2a: Dragapult|44/100 psn|[from] psn
|upkeep
|turn|11
|
|t:|1776092994
|move|p2a: Dragapult|Hex|p1a: Grimmsnarl
|-resisted|p1a: Grimmsnarl
|-crit|p1a: Grimmsnarl
|-damage|p1a: Grimmsnarl|57/100 par
|move|p1a: Grimmsnarl|Spirit Break|p2a: Dragapult
|-supereffective|p2a: Dragapult
|-crit|p2a: Dragapult
|-end|p2a: Dragapult|Substitute
|
|-heal|p2a: Dragapult|50/100 psn|[from] item: Leftovers
|-damage|p2a: Dragapult|38/100 psn|[from] psn
|upkeep
|turn|12
|
|t:|1776093010
|switch|p2a: Kingambit|Kingambit, M|100/100
|-damage|p2a: Kingambit|94/100|[from] Stealth Rock
|-item|p2a: Kingambit|Air Balloon
|cant|p1a: Grimmsnarl|par
|
|upkeep
|turn|13
|
|t:|1776093021
|move|p1a: Grimmsnarl|Reflect|p1a: Grimmsnarl
|-sidestart|p1: kedwin007|Reflect
|move|p2a: Kingambit|Swords Dance|p2a: Kingambit
|-boost|p2a: Kingambit|atk|2
|
|upkeep
|turn|14
|
|t:|1776093027
|switch|p1a: Conkeldurr|Conkeldurr, M|100/100 brn
|move|p2a: Kingambit|Swords Dance|p2a: Kingambit
|-boost|p2a: Kingambit|atk|2
|
|-damage|p1a: Conkeldurr|95/100 brn|[from] brn
|upkeep
|turn|15
|
|t:|1776093039
|move|p2a: Kingambit|Low Kick|p1a: Conkeldurr
|-damage|p1a: Conkeldurr|44/100 brn
|move|p1a: Conkeldurr|Drain Punch|p2a: Kingambit
|-supereffective|p2a: Kingambit
|-damage|p2a: Kingambit|0 fnt
|-heal|p1a: Conkeldurr|90/100 brn|[from] drain|[of] p2a: Kingambit
|-enditem|p2a: Kingambit|Air Balloon
|faint|p2a: Kingambit
|-end|p2a: Kingambit|fallenundefined|[silent]
|
|-damage|p1a: Conkeldurr|84/100 brn|[from] brn
|upkeep
|
|t:|1776093063
|switch|p2a: Dragapult|Dragapult, M|38/100 psn
|-damage|p2a: Dragapult|26/100 psn|[from] Stealth Rock
|turn|16
|
|t:|1776093071
|switch|p1a: Grimmsnarl|Grimmsnarl, M|57/100 par
|move|p2a: Dragapult|Hex|p1a: Grimmsnarl
|-resisted|p1a: Grimmsnarl
|-damage|p1a: Grimmsnarl|26/100 par
|
|-heal|p2a: Dragapult|32/100 psn|[from] item: Leftovers
|-damage|p2a: Dragapult|19/100 psn|[from] psn
|upkeep
|turn|17
|
|t:|1776093080
|move|p1a: Grimmsnarl|Light Screen|p1a: Grimmsnarl
|-sidestart|p1: kedwin007|move: Light Screen
|move|p2a: Dragapult|Hex|p1a: Grimmsnarl
|-resisted|p1a: Grimmsnarl
|-damage|p1a: Grimmsnarl|0 fnt
|faint|p1a: Grimmsnarl
|
|-heal|p2a: Dragapult|25/100 psn|[from] item: Leftovers
|-damage|p2a: Dragapult|13/100 psn|[from] psn
|upkeep
|
|t:|1776093090
|switch|p1a: Raging Bolt|Raging Bolt|100/100
|turn|18
|
|t:|1776093095
|move|p2a: Dragapult|Dragon Darts|p1a: Raging Bolt
|-supereffective|p1a: Raging Bolt
|-damage|p1a: Raging Bolt|66/100
|-anim|p2a: Dragapult|Dragon Darts|p1a: Raging Bolt
|-supereffective|p1a: Raging Bolt
|-damage|p1a: Raging Bolt|29/100
|move|p1a: Raging Bolt|Calm Mind|p1a: Raging Bolt
|-boost|p1a: Raging Bolt|spa|1
|-boost|p1a: Raging Bolt|spd|1
|
|-heal|p2a: Dragapult|19/100 psn|[from] item: Leftovers
|-heal|p1a: Raging Bolt|35/100|[from] item: Leftovers
|-damage|p2a: Dragapult|7/100 psn|[from] psn
|upkeep
|turn|19
|
|t:|1776093109
|move|p1a: Raging Bolt|Thunderclap|p2a: Dragapult
|-resisted|p2a: Dragapult
|-damage|p2a: Dragapult|0 fnt
|faint|p2a: Dragapult
|
|-heal|p1a: Raging Bolt|41/100|[from] item: Leftovers
|upkeep
|
|t:|1776093111
|switch|p2a: Great Tusk|Great Tusk, tera:Fire|7/100
|turn|20
|
|t:|1776093121
|-end|p2a: Great Tusk|Protosynthesis|[silent]
|switch|p2a: Zapdos|Zapdos|100/100
|move|p1a: Raging Bolt|Thunderclap||[still]
|-fail|p1a: Raging Bolt
|
|-heal|p1a: Raging Bolt|47/100|[from] item: Leftovers
|-sideend|p1: kedwin007|Reflect
|upkeep
|turn|21
|
|t:|1776093130
|move|p2a: Zapdos|Volt Switch|p1a: Raging Bolt
|-resisted|p1a: Raging Bolt
|-damage|p1a: Raging Bolt|45/100
|
|t:|1776093133
|switch|p2a: Clefable|Clefable, F|100/100|[from] Volt Switch
|-status|p2a: Clefable|psn
|move|p1a: Raging Bolt|Dragon Pulse|p2a: Clefable
|-immune|p2a: Clefable
|
|-heal|p1a: Raging Bolt|51/100|[from] item: Leftovers
|upkeep
|turn|22
|
|t:|1776093149
|-terastallize|p1a: Raging Bolt|Fairy
|move|p1a: Raging Bolt|Calm Mind|p1a: Raging Bolt
|-boost|p1a: Raging Bolt|spa|1
|-boost|p1a: Raging Bolt|spd|1
|move|p2a: Clefable|Moonblast|p1a: Raging Bolt
|-crit|p1a: Raging Bolt
|-damage|p1a: Raging Bolt|5/100
|-unboost|p1a: Raging Bolt|spa|1
|
|-heal|p1a: Raging Bolt|11/100|[from] item: Leftovers
|upkeep
|turn|23
|
|t:|1776093170
|move|p1a: Raging Bolt|Thunderbolt|p2a: Clefable
|-damage|p2a: Clefable|42/100 psn
|move|p2a: Clefable|Moonblast|p1a: Raging Bolt
|-damage|p1a: Raging Bolt|4/100
|
|-heal|p1a: Raging Bolt|10/100|[from] item: Leftovers
|-heal|p2a: Clefable|48/100 psn|[from] item: Leftovers
|upkeep
|turn|24
|
|t:|1776093189
|move|p1a: Raging Bolt|Thunderbolt|p2a: Clefable
|-damage|p2a: Clefable|0 fnt
|faint|p2a: Clefable
|
|-heal|p1a: Raging Bolt|16/100|[from] item: Leftovers
|-sideend|p1: kedwin007|move: Light Screen
|upkeep
|
|t:|1776093198
|switch|p2a: Zapdos|Zapdos|100/100
|turn|25
|
|t:|1776093207
|move|p1a: Raging Bolt|Thunderclap|p2a: Zapdos
|-damage|p2a: Zapdos|43/100
|move|p2a: Zapdos|Heat Wave|p1a: Raging Bolt
|-damage|p1a: Raging Bolt|4/100
|
|-heal|p1a: Raging Bolt|10/100|[from] item: Leftovers
|upkeep
|turn|26
|c|☆table_man_10293|raging goat
|c|☆table_man_10293|🥀
|
|t:|1776093220
|move|p1a: Raging Bolt|Thunderclap||[still]
|-fail|p1a: Raging Bolt
|move|p2a: Zapdos|Roost|p2a: Zapdos
|-heal|p2a: Zapdos|93/100
|-singleturn|p2a: Zapdos|move: Roost
|
|-heal|p1a: Raging Bolt|16/100|[from] item: Leftovers
|upkeep
|turn|27
|
|t:|1776093229
|move|p1a: Raging Bolt|Thunderclap|p2a: Zapdos
|-damage|p2a: Zapdos|35/100
|move|p2a: Zapdos|Hurricane|p1a: Raging Bolt
|-damage|p1a: Raging Bolt|0 fnt
|faint|p1a: Raging Bolt
|-end|p1a: Raging Bolt|Protosynthesis|[silent]
|
|upkeep
|
|t:|1776093236
|switch|p1a: Conkeldurr|Conkeldurr, M|84/100 brn
|turn|28
|
|t:|1776093242
|move|p2a: Zapdos|Hurricane|p1a: Conkeldurr
|-supereffective|p1a: Conkeldurr
|-damage|p1a: Conkeldurr|0 fnt
|faint|p1a: Conkeldurr
|
|win|table_man_10293
|raw|kedwin007's rating: 1315 &rarr; <strong>1298</strong><br />(-17 for losing)
|raw|table_man_10293's rating: 1369 &rarr; <strong>1386</strong><br />(+17 for winning)
|c|☆table_man_10293|gg
|l|☆kedwin007
|player|p1|
