|html|<div class="broadcast-blue"><strong>[Gen 9] OU is currently suspecting Tera Blast! For information on how to participate check out the <a href="https://www.smogon.com/tools/suspects/view/200">suspect thread</a>.</strong></div>
|j|☆mushtery
|j|☆kingofdondons
|t:|1776285606
|gametype|singles
|player|p1|mushtery|unknown|1452
|player|p2|kingofdondons|skyla|1477
|gen|9
|tier|[Gen 9] OU
|rated|
|rule|HP Percentage Mod: HP is shown in percentages
|rule|Endless Battle Clause: Forcing endless battles is banned
|rule|Species Clause: Limit one of each Pokémon
|rule|OHKO Clause: OHKO moves are banned
|rule|Evasion Items Clause: Evasion items are banned
|rule|Evasion Moves Clause: Evasion moves are banned
|rule|Evasion Abilities Clause: Evasion abilities are banned
|rule|Sleep Moves Clause: Sleep-inducing moves are banned
|clearpoke
|poke|p1|Maushold-Four|
|poke|p1|Garganacl, F|
|poke|p1|Gliscor, M|
|poke|p1|Gholdengo|
|poke|p1|Darkrai|
|poke|p1|Dragonite, F|
|poke|p2|Dragonite, M|
|poke|p2|Ting-Lu|
|poke|p2|Iron Moth|
|poke|p2|Iron Valiant|
|poke|p2|Kyurem|
|poke|p2|Gholdengo|
|teampreview
|inactive|Battle timer is ON: inactive players will automatically lose when time's up. (requested by mushtery)
|inactive|kingofdondons also wants the timer to be on.
|
|t:|1776285626
|teamsize|p1|6
|teamsize|p2|6
|start
|switch|p1a: Maushold|Maushold-Four|100/100
|switch|p2a: Kyurem|Kyurem|100/100
|-ability|p2a: Kyurem|Pressure
|turn|1
|
|t:|1776285652
|move|p1a: Maushold|Population Bomb|p2a: Kyurem
|-damage|p2a: Kyurem|90/100
|-damage|p2a: Kyurem|80/100
|-damage|p2a: Kyurem|70/100
|-damage|p2a: Kyurem|60/100
|-damage|p2a: Kyurem|49/100
|-hitcount|p2a: Kyurem|5
|move|p2a: Kyurem|Dragon Dance|p2a: Kyurem
|-boost|p2a: Kyurem|atk|1
|-boost|p2a: Kyurem|spe|1
|
|upkeep
|turn|2
|
|t:|1776285669
|switch|p1a: Garganacl|Garganacl, F|100/100
|move|p2a: Kyurem|Icicle Spear|p1a: Garganacl
|-damage|p1a: Garganacl|85/100
|-damage|p1a: Garganacl|71/100
|-damage|p1a: Garganacl|55/100
|-damage|p1a: Garganacl|43/100
|-hitcount|p1a: Garganacl|4
|
|-heal|p1a: Garganacl|49/100|[from] item: Leftovers
|upkeep
|turn|3
|
|t:|1776285675
|move|p1a: Garganacl|Protect|p1a: Garganacl
|-singleturn|p1a: Garganacl|Protect
|move|p2a: Kyurem|Icicle Spear|p1a: Garganacl
|-activate|p1a: Garganacl|move: Protect
|
|-heal|p1a: Garganacl|55/100|[from] item: Leftovers
|upkeep
|turn|4
|
|t:|1776285682
|move|p2a: Kyurem|Icicle Spear|p1a: Garganacl
|-damage|p1a: Garganacl|41/100
|-crit|p1a: Garganacl
|-damage|p1a: Garganacl|21/100
|-damage|p1a: Garganacl|8/100
|-damage|p1a: Garganacl|0 fnt
|faint|p1a: Garganacl
|-hitcount|p1: Garganacl|4
|
|upkeep
|
|t:|1776285688
|switch|p1a: Darkrai|Darkrai|100/100
|turn|5
|
|t:|1776285697
|move|p1a: Darkrai|Focus Blast|p2a: Kyurem|[miss]
|-miss|p1a: Darkrai|p2a: Kyurem
|move|p2a: Kyurem|Icicle Spear|p1a: Darkrai
|-damage|p1a: Darkrai|71/100
|-damage|p1a: Darkrai|42/100
|-damage|p1a: Darkrai|13/100
|-damage|p1a: Darkrai|0 fnt
|faint|p1a: Darkrai
|-hitcount|p1: Darkrai|4
|
|upkeep
|
|t:|1776285702
|switch|p1a: Gholdengo|Gholdengo|100/100
|turn|6
|
|t:|1776285708
|-terastallize|p2a: Kyurem|Fire
|move|p2a: Kyurem|Tera Blast|p1a: Gholdengo|[anim] Tera Blast Fire
|-supereffective|p1a: Gholdengo
|-damage|p1a: Gholdengo|0 fnt
|faint|p1a: Gholdengo
|
|upkeep
|
|t:|1776285717
|switch|p1a: Dragonite|Dragonite, F|100/100
|turn|7
|
|t:|1776285723
|-terastallize|p1a: Dragonite|Normal
|move|p2a: Kyurem|Icicle Spear|p1a: Dragonite
|-damage|p1a: Dragonite|89/100
|-damage|p1a: Dragonite|67/100
|-damage|p1a: Dragonite|44/100
|-damage|p1a: Dragonite|19/100
|-damage|p1a: Dragonite|0 fnt
|faint|p1a: Dragonite
|-hitcount|p1: Dragonite|5
|
|upkeep
|c|☆mushtery|ok
|-message|mushtery forfeited.
|
|win|kingofdondons
|raw|mushtery's rating: 1452 &rarr; <strong>1433</strong><br />(-19 for losing)
|raw|kingofdondons's rating: 1477 &rarr; <strong>1496</strong><br />(+19 for winning)
|l|☆mushtery
|player|p1|
|j|☆mushtery
|player|p1|mushtery|unknown|
