|html|<div class="broadcast-blue"><strong>[Gen 9] OU is currently suspecting Tera Blast! For information on how to participate check out the <a href="https://www.smogon.com/tools/suspects/view/200">suspect thread</a>.</strong></div>
|j|☆Gu2025
|j|☆erjuanzas
|t:|1776089083
|gametype|singles
|player|p1|Gu2025|rood|1442
|player|p2|erjuanzas|linebacker|1458
|gen|9
|tier|[Gen 9] OU
|rated|
|rule|HP Percentage Mod: HP is shown in percentages
|rule|Endless Battle Clause: Forcing endless battles is banned
|rule|Species Clause: Limit one of each Pokémon
|rule|OHKO Clause: OHKO moves are banned
|rule|Evasion Items Clause: Evasion items are banned
|rule|Evasion Moves Clause: Evasion moves are banned
|rule|Evasion Abilities Clause: Evasion abilities are banned
|rule|Sleep Moves Clause: Sleep-inducing moves are banned
|clearpoke
|poke|p1|Zapdos|
|poke|p1|Rillaboom, M|
|poke|p1|Gholdengo|
|poke|p1|Great Tusk|
|poke|p1|Zamazenta-*|
|poke|p1|Iron Moth|
|poke|p2|Pelipper, M|
|poke|p2|Ludicolo, M|
|poke|p2|Iron Treads|
|poke|p2|Landorus-Therian, M|
|poke|p2|Barraskewda, M|
|poke|p2|Basculegion-F, F|
|teampreview
|inactive|Battle timer is ON: inactive players will automatically lose when time's up. (requested by erjuanzas)
|
|t:|1776089099
|teamsize|p1|6
|teamsize|p2|6
|start
|switch|p1a: Zapdios|Zapdos|100/100
|switch|p2a: Pelipas|Pelipper, M, shiny|100/100
|-weather|RainDance|[from] ability: Drizzle|[of] p2a: Pelipas
|turn|1
|
|t:|1776089108
|switch|p2a: Chanao|Iron Treads, shiny|100/100
|move|p1a: Zapdios|Heat Wave|p2a: Chanao|[miss]
|-miss|p1a: Zapdios|p2a: Chanao
|
|-weather|RainDance|[upkeep]
|upkeep
|turn|2
|
|t:|1776089115
|switch|p1a: Great Trust|Great Tusk|100/100
|move|p2a: Chanao|Volt Switch|p1a: Great Trust
|-immune|p1a: Great Trust
|
|-weather|RainDance|[upkeep]
|upkeep
|turn|3
|
|t:|1776089124
|-end|p2a: Chanao|Quark Drive|[silent]
|switch|p2a: Loco|Ludicolo, M, shiny|100/100
|move|p1a: Great Trust|Stealth Rock|p2a: Loco
|-sidestart|p2: erjuanzas|move: Stealth Rock
|
|-weather|RainDance|[upkeep]
|upkeep
|turn|4
|
|t:|1776089136
|-end|p1a: Great Trust|Protosynthesis|[silent]
|switch|p1a: TapuBulu|Rillaboom, M|100/100
|-fieldstart|move: Grassy Terrain|[from] ability: Grassy Surge|[of] p1a: TapuBulu
|move|p2a: Loco|Surf|p1a: TapuBulu
|-resisted|p1a: TapuBulu
|-damage|p1a: TapuBulu|51/100
|-damage|p2a: Loco|91/100|[from] item: Life Orb
|
|-weather|RainDance|[upkeep]
|-heal|p2a: Loco|97/100|[from] Grassy Terrain
|-heal|p1a: TapuBulu|57/100|[from] Grassy Terrain
|upkeep
|turn|5
|
|t:|1776089149
|move|p2a: Loco|Ice Beam|p1a: TapuBulu
|-supereffective|p1a: TapuBulu
|-damage|p1a: TapuBulu|0 fnt
|faint|p1a: TapuBulu
|-damage|p2a: Loco|87/100|[from] item: Life Orb
|
|-weather|RainDance|[upkeep]
|-heal|p2a: Loco|93/100|[from] Grassy Terrain
|upkeep
|
|t:|1776089162
|switch|p1a: Zoro|Zamazenta|100/100
|-ability|p1a: Zoro|Dauntless Shield|boost
|-boost|p1a: Zoro|def|1
|turn|6
|c|☆erjuanzas|nice memories tapu bulu
|
|t:|1776089173
|move|p2a: Loco|Surf|p1a: Zoro
|-damage|p1a: Zoro|44/100
|-damage|p2a: Loco|83/100|[from] item: Life Orb
|move|p1a: Zoro|Body Press|p2a: Loco
|-damage|p2a: Loco|2/100
|
|-weather|RainDance|[upkeep]
|-heal|p2a: Loco|8/100|[from] Grassy Terrain
|-heal|p1a: Zoro|50/100|[from] Grassy Terrain
|-heal|p1a: Zoro|56/100|[from] item: Leftovers
|upkeep
|turn|7
|
|t:|1776089184
|move|p2a: Loco|Surf|p1a: Zoro
|-damage|p1a: Zoro|0 fnt
|faint|p1a: Zoro
|-damage|p2a: Loco|0 fnt|[from] item: Life Orb
|faint|p2a: Loco
|
|-weather|RainDance|[upkeep]
|upkeep
|
|t:|1776089194
|switch|p1a: Zapdios|Zapdos|100/100
|switch|p2a: La cabra|Barraskewda, M|100/100
|-damage|p2a: La cabra|88/100|[from] Stealth Rock
|turn|8
|
|t:|1776089200
|-terastallize|p2a: La cabra|Water
|move|p2a: La cabra|Liquidation|p1a: Zapdios
|-damage|p1a: Zapdios|0 fnt
|faint|p1a: Zapdios
|
|-weather|none
|-heal|p2a: La cabra|94/100|[from] Grassy Terrain
|-fieldend|move: Grassy Terrain
|upkeep
|
|t:|1776089211
|switch|p1a: Volcabrona|Iron Moth|100/100
|-enditem|p1a: Volcabrona|Booster Energy
|-activate|p1a: Volcabrona|ability: Quark Drive|[fromitem]
|-start|p1a: Volcabrona|quarkdrivespe
|turn|9
|
|t:|1776089219
|switch|p2a: Chanao|Iron Treads, shiny|100/100
|-damage|p2a: Chanao|97/100|[from] Stealth Rock
|move|p1a: Volcabrona|Fiery Dance|p2a: Chanao
|-supereffective|p2a: Chanao
|-damage|p2a: Chanao|58/100
|-boost|p1a: Volcabrona|spa|1
|
|upkeep
|turn|10
|
|t:|1776089230
|move|p1a: Volcabrona|Fiery Dance|p2a: Chanao
|-supereffective|p2a: Chanao
|-damage|p2a: Chanao|0 fnt
|-boost|p1a: Volcabrona|spa|1
|faint|p2a: Chanao
|-end|p2a: Chanao|Quark Drive|[silent]
|
|upkeep
|
|t:|1776089234
|switch|p2a: Pelipas|Pelipper, M, shiny|100/100
|-damage|p2a: Pelipas|76/100|[from] Stealth Rock
|-weather|RainDance|[from] ability: Drizzle|[of] p2a: Pelipas
|turn|11
|
|t:|1776089241
|move|p1a: Volcabrona|Sludge Wave|p2a: Pelipas
|-damage|p2a: Pelipas|0 fnt
|faint|p2a: Pelipas
|
|-weather|RainDance|[upkeep]
|upkeep
|
|t:|1776089245
|switch|p2a: Miauni|Basculegion-F, F, shiny|100/100
|-damage|p2a: Miauni|88/100|[from] Stealth Rock
|turn|12
|
|t:|1776089258
|-terastallize|p1a: Volcabrona|Ground
|move|p1a: Volcabrona|Tera Blast|p2a: Miauni|[anim] Tera Blast Ground
|-damage|p2a: Miauni|0 fnt
|faint|p2a: Miauni
|
|-weather|RainDance|[upkeep]
|upkeep
|
|t:|1776089262
|switch|p2a: La cabra|Barraskewda, M, tera:Water|94/100
|-damage|p2a: La cabra|82/100|[from] Stealth Rock
|turn|13
|
|t:|1776089273
|move|p2a: La cabra|Liquidation|p1a: Volcabrona
|-supereffective|p1a: Volcabrona
|-damage|p1a: Volcabrona|0 fnt
|faint|p1a: Volcabrona
|-end|p1a: Volcabrona|Quark Drive|[silent]
|
|-weather|RainDance|[upkeep]
|upkeep
|
|t:|1776089278
|switch|p1a: Orate|Gholdengo|100/100
|-item|p1a: Orate|Air Balloon
|turn|14
|c|☆Gu2025|la cabra god
|
|t:|1776089293
|move|p2a: La cabra|Liquidation|p1a: Orate
|-damage|p1a: Orate|0 fnt
|-enditem|p1a: Orate|Air Balloon
|faint|p1a: Orate
|
|-weather|RainDance|[upkeep]
|upkeep
|c|☆erjuanzas|yep
|c|☆Gu2025|mvp
|c|☆Gu2025|gg
|
|t:|1776089301
|switch|p1a: Great Trust|Great Tusk|100/100
|turn|15
|c|☆erjuanzas|gg
|
|t:|1776089305
|move|p2a: La cabra|Liquidation|p1a: Great Trust
|-supereffective|p1a: Great Trust
|-damage|p1a: Great Trust|0 fnt
|faint|p1a: Great Trust
|-end|p1a: Great Trust|Protosynthesis|[silent]
|
|win|erjuanzas
|raw|Gu2025's rating: 1442 &rarr; <strong>1423</strong><br />(-19 for losing)
|raw|erjuanzas's rating: 1458 &rarr; <strong>1477</strong><br />(+19 for winning)
|l|☆Gu2025
|player|p1|
|l|☆erjuanzas
|player|p2|
