|html|<div class="broadcast-blue"><strong>[Gen 9] OU is currently suspecting Tera Blast! For information on how to participate check out the <a href="https://www.smogon.com/tools/suspects/view/200">suspect thread</a>.</strong></div>
|j|☆joaogotty
|j|☆Hunter_of_Keys
|t:|1776083372
|gametype|singles
|player|p1|joaogotty|cynthia-masters4|1554
|player|p2|Hunter_of_Keys|veteran|1550
|gen|9
|tier|[Gen 9] OU
|rated|
|rule|HP Percentage Mod: HP is shown in percentages
|rule|Endless Battle Clause: Forcing endless battles is banned
|rule|Species Clause: Limit one of each Pokémon
|rule|OHKO Clause: OHKO moves are banned
|rule|Evasion Items Clause: Evasion items are banned
|rule|Evasion Moves Clause: Evasion moves are banned
|rule|Evasion Abilities Clause: Evasion abilities are banned
|rule|Sleep Moves Clause: Sleep-inducing moves are banned
|clearpoke
|poke|p1|Ninetales, F|
|poke|p1|Cresselia, F|
|poke|p1|Raging Bolt|
|poke|p1|Iron Moth|
|poke|p1|Great Tusk|
|poke|p1|Walking Wake|
|poke|p2|Gallade, M|
|poke|p2|Armarouge, F|
|poke|p2|Indeedee, M|
|poke|p2|Cresselia, F|
|poke|p2|Rabsca, F|
|poke|p2|Espeon, F|
|teampreview
|inactive|Battle timer is ON: inactive players will automatically lose when time's up. (requested by Hunter_of_Keys)
|
|t:|1776083390
|teamsize|p1|6
|teamsize|p2|6
|start
|switch|p1a: Ninetales|Ninetales, F|100/100
|switch|p2a: Indeedee|Indeedee, M|100/100
|-weather|SunnyDay|[from] ability: Drought|[of] p1a: Ninetales
|-fieldstart|move: Psychic Terrain|[from] ability: Psychic Surge|[of] p2a: Indeedee
|turn|1
|
|t:|1776083398
|switch|p2a: Armarouge|Armarouge, F|100/100
|move|p1a: Ninetales|Overheat|p2a: Armarouge
|-resisted|p2a: Armarouge
|-damage|p2a: Armarouge|64/100
|-unboost|p1a: Ninetales|spa|2
|
|-weather|SunnyDay|[upkeep]
|upkeep
|turn|2
|
|t:|1776083406
|switch|p1a: Cresselia|Cresselia, F|100/100
|move|p2a: Armarouge|Expanding Force|p1a: Cresselia
|-resisted|p1a: Cresselia
|-damage|p1a: Cresselia|73/100
|-enditem|p1a: Cresselia|Eject Button
|
|t:|1776083410
|switch|p1a: Great Tusk|Great Tusk|100/100
|-activate|p1a: Great Tusk|ability: Protosynthesis
|-start|p1a: Great Tusk|protosynthesisspe
|
|-weather|SunnyDay|[upkeep]
|upkeep
|turn|3
|
|t:|1776083420
|move|p2a: Armarouge|Endure|p2a: Armarouge
|-singleturn|p2a: Armarouge|move: Endure
|move|p1a: Great Tusk|Stealth Rock|p2a: Armarouge
|-sidestart|p2: Hunter_of_Keys|move: Stealth Rock
|
|-weather|SunnyDay|[upkeep]
|upkeep
|turn|4
|
|t:|1776083426
|move|p2a: Armarouge|Endure||[still]
|-fail|p2a: Armarouge
|move|p1a: Great Tusk|Head Smash|p2a: Armarouge
|-supereffective|p2a: Armarouge
|-damage|p2a: Armarouge|0 fnt
|faint|p2a: Armarouge
|-damage|p1a: Great Tusk|77/100|[from] Recoil
|
|-weather|SunnyDay|[upkeep]
|upkeep
|
|t:|1776083428
|switch|p2a: Cresselia|Cresselia, F|100/100
|-damage|p2a: Cresselia|88/100|[from] Stealth Rock
|turn|5
|
|t:|1776083440
|-end|p1a: Great Tusk|Protosynthesis|[silent]
|switch|p1a: Ninetales|Ninetales, F|100/100
|move|p2a: Cresselia|Ice Beam|p1a: Ninetales
|-resisted|p1a: Ninetales
|-damage|p1a: Ninetales|93/100
|
|-weather|SunnyDay|[upkeep]
|upkeep
|turn|6
|
|t:|1776083442
|move|p1a: Ninetales|Encore|p2a: Cresselia
|-start|p2a: Cresselia|Encore
|move|p2a: Cresselia|Ice Beam|p1a: Ninetales
|-resisted|p1a: Ninetales
|-crit|p1a: Ninetales
|-damage|p1a: Ninetales|82/100
|
|-weather|SunnyDay|[upkeep]
|upkeep
|turn|7
|
|t:|1776083452
|switch|p1a: Iron Moth|Iron Moth|100/100
|-enditem|p1a: Iron Moth|Booster Energy
|-activate|p1a: Iron Moth|ability: Quark Drive|[fromitem]
|-start|p1a: Iron Moth|quarkdrivespe
|switch|p2a: Gallade|Gallade, M|100/100
|-damage|p2a: Gallade|94/100|[from] Stealth Rock
|
|-weather|SunnyDay|[upkeep]
|upkeep
|turn|8
|
|t:|1776083455
|move|p1a: Iron Moth|Fiery Dance|p2a: Gallade
|-damage|p2a: Gallade|27/100
|move|p2a: Gallade|Psycho Cut|p1a: Iron Moth
|-supereffective|p1a: Iron Moth
|-damage|p1a: Iron Moth|0 fnt
|faint|p1a: Iron Moth
|-end|p1a: Iron Moth|Quark Drive|[silent]
|
|-weather|none
|-fieldend|move: Psychic Terrain
|upkeep
|
|t:|1776083460
|switch|p1a: Ninetales|Ninetales, F|82/100
|-weather|SunnyDay|[from] ability: Drought|[of] p1a: Ninetales
|turn|9
|
|t:|1776083464
|move|p1a: Ninetales|Overheat|p2a: Gallade
|-damage|p2a: Gallade|0 fnt
|-unboost|p1a: Ninetales|spa|2
|faint|p2a: Gallade
|
|-weather|SunnyDay|[upkeep]
|upkeep
|
|t:|1776083469
|switch|p2a: Indeedee|Indeedee, M|100/100
|-damage|p2a: Indeedee|88/100|[from] Stealth Rock
|-fieldstart|move: Psychic Terrain|[from] ability: Psychic Surge|[of] p2a: Indeedee
|turn|10
|
|t:|1776083473
|switch|p1a: Walking Wake|Walking Wake|100/100
|-activate|p1a: Walking Wake|ability: Protosynthesis
|-start|p1a: Walking Wake|protosynthesisspa
|move|p2a: Indeedee|Expanding Force|p1a: Walking Wake
|-damage|p1a: Walking Wake|20/100
|
|-weather|SunnyDay|[upkeep]
|upkeep
|turn|11
|
|t:|1776083478
|move|p2a: Indeedee|Expanding Force|p1a: Walking Wake
|-damage|p1a: Walking Wake|0 fnt
|faint|p1a: Walking Wake
|-end|p1a: Walking Wake|Protosynthesis|[silent]
|
|-weather|SunnyDay|[upkeep]
|upkeep
|
|t:|1776083484
|switch|p1a: Cresselia|Cresselia, F|73/100
|turn|12
|
|t:|1776083487
|move|p2a: Indeedee|Hyper Voice|p1a: Cresselia
|-damage|p1a: Cresselia|47/100
|move|p1a: Cresselia|Thunder Wave|p2a: Indeedee|[miss]
|-miss|p1a: Cresselia|p2a: Indeedee
|
|-weather|SunnyDay|[upkeep]
|upkeep
|turn|13
|
|t:|1776083492
|switch|p2a: Espeon|Espeon, F|100/100
|-damage|p2a: Espeon|88/100|[from] Stealth Rock
|move|p1a: Cresselia|Thunder Wave|p2a: Espeon
|move|p2a: Espeon|Thunder Wave|p1a: Cresselia|[from] ability: Magic Bounce
|-status|p1a: Cresselia|par
|
|-weather|SunnyDay|[upkeep]
|upkeep
|turn|14
|
|t:|1776083498
|move|p2a: Espeon|Psychic Noise|p1a: Cresselia
|-resisted|p1a: Cresselia
|-damage|p1a: Cresselia|33/100 par
|-start|p1a: Cresselia|move: Heal Block
|cant|p1a: Cresselia|move: Heal Block|Moonlight
|
|-weather|SunnyDay|[upkeep]
|upkeep
|turn|15
|
|t:|1776083505
|move|p2a: Espeon|Shadow Ball|p1a: Cresselia
|-supereffective|p1a: Cresselia
|-damage|p1a: Cresselia|4/100 par
|move|p1a: Cresselia|Ice Beam|p2a: Espeon
|-damage|p2a: Espeon|71/100
|
|-weather|SunnyDay|[upkeep]
|-end|p1a: Cresselia|move: Heal Block
|upkeep
|turn|16
|
|t:|1776083510
|move|p2a: Espeon|Psychic Noise|p1a: Cresselia
|-resisted|p1a: Cresselia
|-damage|p1a: Cresselia|0 fnt
|faint|p1a: Cresselia
|
|-weather|none
|upkeep
|
|t:|1776083511
|switch|p1a: Ninetales|Ninetales, F|82/100
|-weather|SunnyDay|[from] ability: Drought|[of] p1a: Ninetales
|turn|17
|
|t:|1776083518
|move|p1a: Ninetales|Overheat|p2a: Espeon
|-damage|p2a: Espeon|14/100
|-unboost|p1a: Ninetales|spa|2
|move|p2a: Espeon|Thunder Wave|p1a: Ninetales
|-status|p1a: Ninetales|par
|
|-weather|SunnyDay|[upkeep]
|-fieldend|move: Psychic Terrain
|upkeep
|turn|18
|
|t:|1776083524
|move|p2a: Espeon|Psychic Noise|p1a: Ninetales
|-damage|p1a: Ninetales|48/100 par
|-start|p1a: Ninetales|move: Heal Block
|move|p1a: Ninetales|Encore|p2a: Espeon
|move|p2a: Espeon|Encore||[from] ability: Magic Bounce|[still]
|-fail|p2a: Espeon
|
|-weather|SunnyDay|[upkeep]
|upkeep
|turn|19
|
|t:|1776083532
|switch|p1a: Raging Bolt|Raging Bolt|100/100
|-activate|p1a: Raging Bolt|ability: Protosynthesis
|-start|p1a: Raging Bolt|protosynthesisspa
|move|p2a: Espeon|Psychic Noise|p1a: Raging Bolt
|-damage|p1a: Raging Bolt|67/100
|-start|p1a: Raging Bolt|move: Heal Block
|
|-weather|SunnyDay|[upkeep]
|upkeep
|turn|20
|
|t:|1776083535
|move|p1a: Raging Bolt|Thunderclap|p2a: Espeon
|-damage|p2a: Espeon|0 fnt
|faint|p2a: Espeon
|-damage|p1a: Raging Bolt|57/100|[from] item: Life Orb
|
|-weather|SunnyDay|[upkeep]
|-end|p1a: Raging Bolt|move: Heal Block
|upkeep
|
|t:|1776083536
|switch|p2a: Indeedee|Indeedee, M|88/100
|-damage|p2a: Indeedee|76/100|[from] Stealth Rock
|-fieldstart|move: Psychic Terrain|[from] ability: Psychic Surge|[of] p2a: Indeedee
|turn|21
|
|t:|1776083553
|move|p1a: Raging Bolt|Thunderclap|p2a: Indeedee
|-activate|p2a: Indeedee|move: Psychic Terrain
|move|p2a: Indeedee|Expanding Force|p1a: Raging Bolt
|-damage|p1a: Raging Bolt|0 fnt
|faint|p1a: Raging Bolt
|-end|p1a: Raging Bolt|Protosynthesis|[silent]
|
|-weather|SunnyDay|[upkeep]
|upkeep
|-message|joaogotty forfeited.
|
|win|Hunter_of_Keys
|raw|joaogotty's rating: 1554 &rarr; <strong>1534</strong><br />(-20 for losing)
|raw|Hunter_of_Keys's rating: 1550 &rarr; <strong>1570</strong><br />(+20 for winning)
|l|☆joaogotty
|player|p1|
|l|☆Hunter_of_Keys
|player|p2|
