|html|<div class="broadcast-blue"><strong>[Gen 9] OU is currently suspecting Tera Blast! For information on how to participate check out the <a href="https://www.smogon.com/tools/suspects/view/200">suspect thread</a>.</strong></div>
|j|☆teabag_mcdabbin
|j|☆Nick 038
|t:|1776321395
|gametype|singles
|player|p1|teabag_mcdabbin|265|1213
|player|p2|Nick 038|red|1206
|gen|9
|tier|[Gen 9] OU
|rated|
|rule|HP Percentage Mod: HP is shown in percentages
|rule|Endless Battle Clause: Forcing endless battles is banned
|rule|Species Clause: Limit one of each Pokémon
|rule|OHKO Clause: OHKO moves are banned
|rule|Evasion Items Clause: Evasion items are banned
|rule|Evasion Moves Clause: Evasion moves are banned
|rule|Evasion Abilities Clause: Evasion abilities are banned
|rule|Sleep Moves Clause: Sleep-inducing moves are banned
|clearpoke
|poke|p1|Cresselia, F|
|poke|p1|Hatterene, F|
|poke|p1|Porygon2|
|poke|p1|Ursaluna, M|
|poke|p1|Iron Hands|
|poke|p1|Enamorus-Therian, F|
|poke|p2|Haxorus, F|
|poke|p2|Dragapult, M|
|poke|p2|Alomomola, M|
|poke|p2|Corviknight, F|
|poke|p2|Darkrai|
|poke|p2|Heatran, F|
|teampreview
|
|t:|1776321418
|teamsize|p1|6
|teamsize|p2|6
|start
|switch|p1a: white witch|Hatterene, F|100/100
|switch|p2a: Haxorus|Haxorus, F|100/100
|-ability|p2a: Haxorus|Mold Breaker
|turn|1
|
|t:|1776321425
|move|p2a: Haxorus|Dragon Dance|p2a: Haxorus
|-boost|p2a: Haxorus|atk|1
|-boost|p2a: Haxorus|spe|1
|move|p1a: white witch|Trick Room|p1a: white witch
|-fieldstart|move: Trick Room|[of] p1a: white witch
|
|upkeep
|turn|2
|
|t:|1776321433
|switch|p1a: solid snake|Enamorus-Therian, F|100/100
|move|p2a: Haxorus|Iron Head|p1a: solid snake
|-supereffective|p1a: solid snake
|-damage|p1a: solid snake|10/100
|
|upkeep
|turn|3
|j| Punchshroom
|
|t:|1776321448
|switch|p2a: Heatran|Heatran, F|100/100
|-item|p2a: Heatran|Air Balloon
|move|p1a: solid snake|Moonblast|p2a: Heatran
|-resisted|p2a: Heatran
|-damage|p2a: Heatran|82/100
|-enditem|p2a: Heatran|Air Balloon
|-damage|p1a: solid snake|0 fnt|[from] item: Life Orb
|faint|p1a: solid snake
|
|upkeep
|
|t:|1776321458
|switch|p1a: bear boy|Ursaluna, M|100/100
|turn|4
|
|t:|1776321464
|switch|p2a: Corviknight|Corviknight, F|100/100
|move|p1a: bear boy|Headlong Rush|p2a: Corviknight
|-immune|p2a: Corviknight
|
|-status|p1a: bear boy|brn|[from] item: Flame Orb
|upkeep
|turn|5
|
|t:|1776321475
|move|p1a: bear boy|Swords Dance|p1a: bear boy
|-boost|p1a: bear boy|atk|2
|move|p2a: Corviknight|Iron Defense|p2a: Corviknight
|-boost|p2a: Corviknight|def|2
|
|-damage|p1a: bear boy|94/100 brn|[from] brn
|-fieldend|move: Trick Room
|upkeep
|turn|6
|l| Punchshroom
|
|t:|1776321484
|move|p2a: Corviknight|Body Press|p1a: bear boy
|-supereffective|p1a: bear boy
|-damage|p1a: bear boy|20/100 brn
|move|p1a: bear boy|Swords Dance|p1a: bear boy
|-boost|p1a: bear boy|atk|2
|
|-damage|p1a: bear boy|14/100 brn|[from] brn
|upkeep
|turn|7
|
|t:|1776321493
|move|p2a: Corviknight|Body Press|p1a: bear boy
|-supereffective|p1a: bear boy
|-damage|p1a: bear boy|0 fnt
|faint|p1a: bear boy
|
|upkeep
|
|t:|1776321507
|switch|p1a: pink banana|Porygon2|100/100
|-ability|p1a: pink banana|Download|boost
|-boost|p1a: pink banana|spa|1
|turn|8
|
|t:|1776321532
|move|p2a: Corviknight|Body Press|p1a: pink banana
|-supereffective|p1a: pink banana
|-damage|p1a: pink banana|35/100
|move|p1a: pink banana|Trick Room|p1a: pink banana
|-fieldstart|move: Trick Room|[of] p1a: pink banana
|
|upkeep
|turn|9
|
|t:|1776321538
|move|p1a: pink banana|Thunderbolt|p2a: Corviknight
|-supereffective|p2a: Corviknight
|-damage|p2a: Corviknight|17/100
|move|p2a: Corviknight|Body Press|p1a: pink banana
|-supereffective|p1a: pink banana
|-damage|p1a: pink banana|0 fnt
|faint|p1a: pink banana
|
|upkeep
|
|t:|1776321545
|switch|p1a: big hugster|Iron Hands|100/100
|turn|10
|
|t:|1776321549
|move|p1a: big hugster|Ice Punch|p2a: Corviknight
|-damage|p2a: Corviknight|6/100
|-damage|p1a: big hugster|84/100|[from] item: Rocky Helmet|[of] p2a: Corviknight
|-damage|p1a: big hugster|74/100|[from] item: Life Orb
|move|p2a: Corviknight|Roost|p2a: Corviknight
|-heal|p2a: Corviknight|56/100
|-singleturn|p2a: Corviknight|move: Roost
|
|upkeep
|turn|11
|
|t:|1776321560
|move|p1a: big hugster|Close Combat|p2a: Corviknight
|-damage|p2a: Corviknight|27/100
|-unboost|p1a: big hugster|def|1
|-unboost|p1a: big hugster|spd|1
|-damage|p1a: big hugster|57/100|[from] item: Rocky Helmet|[of] p2a: Corviknight
|-damage|p1a: big hugster|47/100|[from] item: Life Orb
|move|p2a: Corviknight|Roost|p2a: Corviknight
|-heal|p2a: Corviknight|77/100
|-singleturn|p2a: Corviknight|move: Roost
|
|upkeep
|turn|12
|
|t:|1776321572
|move|p1a: big hugster|Supercell Slam|p2a: Corviknight
|-supereffective|p2a: Corviknight
|-damage|p2a: Corviknight|34/100
|-damage|p1a: big hugster|31/100|[from] item: Rocky Helmet|[of] p2a: Corviknight
|-damage|p1a: big hugster|21/100|[from] item: Life Orb
|move|p2a: Corviknight|Iron Defense|p2a: Corviknight
|-boost|p2a: Corviknight|def|2
|
|-fieldend|move: Trick Room
|upkeep
|turn|13
|
|t:|1776321583
|move|p2a: Corviknight|Roost|p2a: Corviknight
|-heal|p2a: Corviknight|84/100
|-singleturn|p2a: Corviknight|move: Roost
|move|p1a: big hugster|Close Combat|p2a: Corviknight
|-supereffective|p2a: Corviknight
|-damage|p2a: Corviknight|46/100
|-unboost|p1a: big hugster|def|1
|-unboost|p1a: big hugster|spd|1
|-damage|p1a: big hugster|4/100|[from] item: Rocky Helmet|[of] p2a: Corviknight
|-damage|p1a: big hugster|0 fnt|[from] item: Life Orb
|faint|p1a: big hugster
|-end|p1a: big hugster|Quark Drive|[silent]
|
|upkeep
|
|t:|1776321594
|switch|p1a: moon lady|Cresselia, F|100/100
|turn|14
|
|t:|1776321601
|move|p2a: Corviknight|Roost|p2a: Corviknight
|-heal|p2a: Corviknight|96/100
|-singleturn|p2a: Corviknight|move: Roost
|move|p1a: moon lady|Trick Room|p1a: moon lady
|-fieldstart|move: Trick Room|[of] p1a: moon lady
|
|upkeep
|turn|15
|
|t:|1776321607
|move|p2a: Corviknight|Body Press|p1a: moon lady
|-resisted|p1a: moon lady
|-damage|p1a: moon lady|79/100
|move|p1a: moon lady|Ice Beam|p2a: Corviknight
|-damage|p2a: Corviknight|81/100
|
|upkeep
|turn|16
|
|t:|1776321614
|move|p2a: Corviknight|Body Press|p1a: moon lady
|-resisted|p1a: moon lady
|-damage|p1a: moon lady|60/100
|move|p1a: moon lady|Ice Beam|p2a: Corviknight
|-damage|p2a: Corviknight|67/100
|
|upkeep
|turn|17
|
|t:|1776321621
|move|p2a: Corviknight|Body Press|p1a: moon lady
|-resisted|p1a: moon lady
|-damage|p1a: moon lady|38/100
|move|p1a: moon lady|Ice Beam|p2a: Corviknight
|-damage|p2a: Corviknight|52/100
|
|upkeep
|turn|18
|c|☆teabag_mcdabbin|my freeze luck
|
|t:|1776321635
|move|p2a: Corviknight|Body Press|p1a: moon lady
|-resisted|p1a: moon lady
|-damage|p1a: moon lady|17/100
|move|p1a: moon lady|Ice Beam|p2a: Corviknight
|-damage|p2a: Corviknight|35/100
|
|-fieldend|move: Trick Room
|upkeep
|turn|19
|
|t:|1776321646
|move|p1a: moon lady|Moonlight|p1a: moon lady
|-heal|p1a: moon lady|67/100
|move|p2a: Corviknight|Roost|p2a: Corviknight
|-heal|p2a: Corviknight|85/100
|-singleturn|p2a: Corviknight|move: Roost
|
|upkeep
|turn|20
|
|t:|1776321654
|move|p1a: moon lady|Ice Beam|p2a: Corviknight
|-damage|p2a: Corviknight|71/100
|move|p2a: Corviknight|Iron Defense|p2a: Corviknight
|-boost|p2a: Corviknight|def|2
|
|upkeep
|turn|21
|
|t:|1776321659
|move|p2a: Corviknight|Body Press|p1a: moon lady
|-resisted|p1a: moon lady
|-damage|p1a: moon lady|42/100
|move|p1a: moon lady|Trick Room|p1a: moon lady
|-fieldstart|move: Trick Room|[of] p1a: moon lady
|
|upkeep
|turn|22
|
|t:|1776321665
|move|p2a: Corviknight|Body Press|p1a: moon lady
|-resisted|p1a: moon lady
|-damage|p1a: moon lady|13/100
|move|p1a: moon lady|Ice Beam|p2a: Corviknight
|-damage|p2a: Corviknight|55/100
|
|upkeep
|turn|23
|
|t:|1776321671
|move|p2a: Corviknight|Body Press|p1a: moon lady
|-resisted|p1a: moon lady
|-crit|p1a: moon lady
|-damage|p1a: moon lady|0 fnt
|faint|p1a: moon lady
|
|upkeep
|
|t:|1776321677
|switch|p1a: white witch|Hatterene, F|100/100
|turn|24
|
|t:|1776321703
|move|p1a: white witch|Mystical Fire|p2a: Corviknight
|-supereffective|p2a: Corviknight
|-damage|p2a: Corviknight|10/100
|-ability|p2a: Corviknight|Mirror Armor
|-unboost|p1a: white witch|spa|1
|move|p2a: Corviknight|Body Press|p1a: white witch
|-resisted|p1a: white witch
|-damage|p1a: white witch|81/100
|
|upkeep
|turn|25
|
|t:|1776321713
|move|p2a: Corviknight|Roost|p2a: Corviknight
|-heal|p2a: Corviknight|60/100
|-singleturn|p2a: Corviknight|move: Roost
|move|p1a: white witch|Trick Room|p1a: white witch
|-fieldend|move: Trick Room
|
|upkeep
|turn|26
|
|t:|1776321722
|move|p2a: Corviknight|Body Press|p1a: white witch
|-resisted|p1a: white witch
|-damage|p1a: white witch|60/100
|move|p1a: white witch|Mystical Fire|p2a: Corviknight
|-supereffective|p2a: Corviknight
|-damage|p2a: Corviknight|32/100
|-ability|p2a: Corviknight|Mirror Armor
|-unboost|p1a: white witch|spa|1
|
|upkeep
|turn|27
|c|☆teabag_mcdabbin|please i need this win im cooked
|
|t:|1776321752
|move|p2a: Corviknight|Roost|p2a: Corviknight
|-heal|p2a: Corviknight|82/100
|-singleturn|p2a: Corviknight|move: Roost
|move|p1a: white witch|Mystical Fire|p2a: Corviknight
|-supereffective|p2a: Corviknight
|-damage|p2a: Corviknight|59/100
|-ability|p2a: Corviknight|Mirror Armor
|-unboost|p1a: white witch|spa|1
|
|upkeep
|turn|28
|c|☆teabag_mcdabbin|just got to 1200
|
|t:|1776321768
|move|p2a: Corviknight|Body Press|p1a: white witch
|-resisted|p1a: white witch
|-damage|p1a: white witch|41/100
|move|p1a: white witch|Mystical Fire|p2a: Corviknight
|-supereffective|p2a: Corviknight
|-damage|p2a: Corviknight|41/100
|-ability|p2a: Corviknight|Mirror Armor
|-unboost|p1a: white witch|spa|1
|
|upkeep
|turn|29
|
|t:|1776321777
|move|p2a: Corviknight|Body Press|p1a: white witch
|-resisted|p1a: white witch
|-damage|p1a: white witch|18/100
|move|p1a: white witch|Psychic Noise|p2a: Corviknight
|-resisted|p2a: Corviknight
|-damage|p2a: Corviknight|35/100
|-start|p2a: Corviknight|move: Heal Block
|
|upkeep
|turn|30
|
|t:|1776321785
|move|p2a: Corviknight|Body Press|p1a: white witch
|-resisted|p1a: white witch
|-damage|p1a: white witch|0 fnt
|faint|p1a: white witch
|
|win|Nick 038
|raw|teabag_mcdabbin's rating: 1213 &rarr; <strong>1187</strong><br />(-26 for losing)
|raw|Nick 038's rating: 1206 &rarr; <strong>1232</strong><br />(+26 for winning)
|c|☆teabag_mcdabbin|FUCK
