|html|<div class="broadcast-blue"><strong>[Gen 9] OU is currently suspecting Tera Blast! For information on how to participate check out the <a href="https://www.smogon.com/tools/suspects/view/200">suspect thread</a>.</strong></div>
|j|☆daeducator
|j|☆Frieren0405
|t:|1776054968
|gametype|singles
|player|p1|daeducator|swimmerf|1133
|player|p2|Frieren0405|acerola-masters|1167
|gen|9
|tier|[Gen 9] OU
|rated|
|rule|HP Percentage Mod: HP is shown in percentages
|rule|Endless Battle Clause: Forcing endless battles is banned
|rule|Species Clause: Limit one of each Pokémon
|rule|OHKO Clause: OHKO moves are banned
|rule|Evasion Items Clause: Evasion items are banned
|rule|Evasion Moves Clause: Evasion moves are banned
|rule|Evasion Abilities Clause: Evasion abilities are banned
|rule|Sleep Moves Clause: Sleep-inducing moves are banned
|clearpoke
|poke|p1|Heatran, M|
|poke|p1|Dragapult, M|
|poke|p1|Hatterene, F|
|poke|p1|Dondozo, M|
|poke|p1|Corviknight, M|
|poke|p1|Weavile, M|
|poke|p2|Dragonite, F|
|poke|p2|Zamazenta-*|
|poke|p2|Hatterene, F|
|poke|p2|Ogerpon-Cornerstone, F|
|poke|p2|Great Tusk|
|poke|p2|Iron Crown|
|teampreview
|j| ohko_smeargle
|
|t:|1776054988
|teamsize|p1|6
|teamsize|p2|6
|start
|switch|p1a: Dondozo|Dondozo, M|100/100
|switch|p2a: Great Tusk|Great Tusk|100/100
|turn|1
|
|t:|1776055000
|move|p2a: Great Tusk|Stealth Rock|p1a: Dondozo
|-sidestart|p1: daeducator|move: Stealth Rock
|move|p1a: Dondozo|Liquidation|p2a: Great Tusk
|-supereffective|p2a: Great Tusk
|-damage|p2a: Great Tusk|64/100
|-damage|p1a: Dondozo|84/100|[from] item: Rocky Helmet|[of] p2a: Great Tusk
|
|-heal|p1a: Dondozo|90/100|[from] item: Leftovers
|upkeep
|turn|2
|
|t:|1776055019
|-end|p2a: Great Tusk|Protosynthesis|[silent]
|switch|p2a: Zamazenta|Zamazenta|100/100
|-ability|p2a: Zamazenta|Dauntless Shield|boost
|-boost|p2a: Zamazenta|def|1
|move|p1a: Dondozo|Liquidation|p2a: Zamazenta
|-damage|p2a: Zamazenta|80/100
|-unboost|p2a: Zamazenta|def|1
|
|-heal|p2a: Zamazenta|86/100|[from] item: Leftovers
|-heal|p1a: Dondozo|96/100|[from] item: Leftovers
|upkeep
|turn|3
|
|t:|1776055032
|move|p1a: Dondozo|Liquidation|p2a: Zamazenta
|-damage|p2a: Zamazenta|65/100
|move|p2a: Zamazenta|Roar|p1a: Dondozo
|drag|p1a: Heatran|Heatran, M|100/100
|-damage|p1a: Heatran|88/100|[from] Stealth Rock
|-item|p1a: Heatran|Air Balloon
|
|-heal|p2a: Zamazenta|72/100|[from] item: Leftovers
|upkeep
|turn|4
|
|t:|1776055052
|switch|p1a: Dondozo|Dondozo, M|96/100
|-damage|p1a: Dondozo|84/100|[from] Stealth Rock
|move|p2a: Zamazenta|Body Press|p1a: Dondozo
|-damage|p1a: Dondozo|69/100
|
|-heal|p2a: Zamazenta|78/100|[from] item: Leftovers
|-heal|p1a: Dondozo|75/100|[from] item: Leftovers
|upkeep
|turn|5
|
|t:|1776055068
|move|p1a: Dondozo|Liquidation|p2a: Zamazenta
|-damage|p2a: Zamazenta|56/100
|move|p2a: Zamazenta|Roar|p1a: Dondozo
|drag|p1a: Hatterene|Hatterene, F|100/100
|-damage|p1a: Hatterene|88/100|[from] Stealth Rock
|
|-heal|p2a: Zamazenta|62/100|[from] item: Leftovers
|upkeep
|turn|6
|
|t:|1776055079
|switch|p2a: Iron Crown|Iron Crown|100/100
|move|p1a: Hatterene|Dazzling Gleam|p2a: Iron Crown
|-resisted|p2a: Iron Crown
|-damage|p2a: Iron Crown|77/100
|
|upkeep
|turn|7
|
|t:|1776055091
|-terastallize|p1a: Hatterene|Steel
|move|p2a: Iron Crown|Volt Switch|p1a: Hatterene
|-crit|p1a: Hatterene
|-damage|p1a: Hatterene|37/100
|
|t:|1776055098
|-end|p2a: Iron Crown|Quark Drive|[silent]
|switch|p2a: Great Tusk|Great Tusk|64/100|[from] Volt Switch
|move|p1a: Hatterene|Dark Pulse|p2a: Great Tusk
|-resisted|p2a: Great Tusk
|-damage|p2a: Great Tusk|44/100
|
|upkeep
|turn|8
|
|t:|1776055107
|move|p2a: Great Tusk|Headlong Rush|p1a: Hatterene
|-supereffective|p1a: Hatterene
|-damage|p1a: Hatterene|0 fnt
|-unboost|p2a: Great Tusk|def|1
|-unboost|p2a: Great Tusk|spd|1
|faint|p1a: Hatterene
|
|upkeep
|
|t:|1776055114
|switch|p1a: Corviknight|Corviknight, M|100/100
|-damage|p1a: Corviknight|88/100|[from] Stealth Rock
|turn|9
|
|t:|1776055119
|-end|p2a: Great Tusk|Protosynthesis|[silent]
|switch|p2a: Iron Crown|Iron Crown|77/100
|move|p1a: Corviknight|Defog|p2a: Iron Crown
|-unboost|p2a: Iron Crown|evasion|1
|-sideend|p1: daeducator|Stealth Rock|[from] move: Defog|[of] p1a: Corviknight
|
|upkeep
|turn|10
|
|t:|1776055133
|switch|p1a: Heatran|Heatran, M|88/100
|-item|p1a: Heatran|Air Balloon
|move|p2a: Iron Crown|Volt Switch|p1a: Heatran
|-damage|p1a: Heatran|59/100
|-enditem|p1a: Heatran|Air Balloon
|
|t:|1776055143
|-end|p2a: Iron Crown|Quark Drive|[silent]
|switch|p2a: Great Tusk|Great Tusk|44/100|[from] Volt Switch
|
|upkeep
|turn|11
|
|t:|1776055154
|switch|p1a: Corviknight|Corviknight, M|88/100
|move|p2a: Great Tusk|Stealth Rock|p1a: Corviknight
|-sidestart|p1: daeducator|move: Stealth Rock
|
|upkeep
|turn|12
|
|t:|1776055171
|-end|p2a: Great Tusk|Protosynthesis|[silent]
|switch|p2a: Iron Crown|Iron Crown|77/100
|move|p1a: Corviknight|Defog|p2a: Iron Crown
|-unboost|p2a: Iron Crown|evasion|1
|-sideend|p1: daeducator|Stealth Rock|[from] move: Defog|[of] p1a: Corviknight
|
|upkeep
|turn|13
|
|t:|1776055185
|switch|p1a: Heatran|Heatran, M|59/100
|move|p2a: Iron Crown|Volt Switch|p1a: Heatran
|-damage|p1a: Heatran|32/100
|
|t:|1776055196
|-end|p2a: Iron Crown|Quark Drive|[silent]
|switch|p2a: Ogerpon|Ogerpon-Cornerstone, F|100/100|[from] Volt Switch
|
|upkeep
|turn|14
|
|t:|1776055203
|move|p2a: Ogerpon|Ivy Cudgel|p1a: Heatran|[anim] Ivy Cudgel Rock
|-damage|p1a: Heatran|0 fnt
|faint|p1a: Heatran
|
|upkeep
|
|t:|1776055209
|switch|p1a: Dondozo|Dondozo, M|75/100
|turn|15
|
|t:|1776055217
|move|p2a: Ogerpon|Power Whip|p1a: Dondozo
|-supereffective|p1a: Dondozo
|-damage|p1a: Dondozo|16/100
|move|p1a: Dondozo|Liquidation|p2a: Ogerpon
|-damage|p2a: Ogerpon|62/100
|
|-heal|p1a: Dondozo|22/100|[from] item: Leftovers
|upkeep
|turn|16
|
|t:|1776055226
|switch|p1a: Corviknight|Corviknight, M|88/100
|move|p2a: Ogerpon|Ivy Cudgel|p1a: Corviknight|[anim] Ivy Cudgel Rock
|-crit|p1a: Corviknight
|-damage|p1a: Corviknight|37/100
|
|upkeep
|turn|17
|
|t:|1776055238
|move|p2a: Ogerpon|Swords Dance|p2a: Ogerpon
|-boost|p2a: Ogerpon|atk|2
|move|p1a: Corviknight|Brave Bird|p2a: Ogerpon
|-damage|p2a: Ogerpon|17/100
|-damage|p1a: Corviknight|25/100|[from] Recoil
|
|upkeep
|turn|18
|
|t:|1776055247
|move|p2a: Ogerpon|Ivy Cudgel|p1a: Corviknight|[anim] Ivy Cudgel Rock
|-damage|p1a: Corviknight|0 fnt
|faint|p1a: Corviknight
|
|upkeep
|
|t:|1776055254
|switch|p1a: Weavile|Weavile, M|100/100
|-ability|p1a: Weavile|Pressure
|turn|19
|
|t:|1776055273
|move|p1a: Weavile|Triple Axel|p2a: Ogerpon
|-supereffective|p2a: Ogerpon
|-damage|p2a: Ogerpon|0 fnt
|faint|p2a: Ogerpon
|-hitcount|p2: Ogerpon|1
|
|upkeep
|
|t:|1776055318
|switch|p2a: Zamazenta|Zamazenta|62/100
|turn|20
|
|t:|1776055334
|move|p2a: Zamazenta|Body Press|p1a: Weavile
|-supereffective|p1a: Weavile
|-enditem|p1a: Weavile|Focus Sash
|-damage|p1a: Weavile|1/100
|move|p1a: Weavile|Triple Axel|p2a: Zamazenta
|-damage|p2a: Zamazenta|55/100
|-damage|p2a: Zamazenta|41/100
|-damage|p2a: Zamazenta|19/100
|-hitcount|p2a: Zamazenta|3
|
|-heal|p2a: Zamazenta|25/100|[from] item: Leftovers
|upkeep
|turn|21
|
|t:|1776055350
|switch|p1a: Dondozo|Dondozo, M|22/100
|move|p2a: Zamazenta|Crunch|p1a: Dondozo
|-damage|p1a: Dondozo|13/100
|
|-heal|p2a: Zamazenta|31/100|[from] item: Leftovers
|-heal|p1a: Dondozo|19/100|[from] item: Leftovers
|upkeep
|turn|22
|
|t:|1776055358
|switch|p2a: Iron Crown|Iron Crown|77/100
|move|p1a: Dondozo|Rest|p1a: Dondozo
|-status|p1a: Dondozo|slp|[from] move: Rest
|-heal|p1a: Dondozo|100/100 slp|[silent]
|
|upkeep
|turn|23
|
|t:|1776055368
|move|p2a: Iron Crown|Volt Switch|p1a: Dondozo
|-supereffective|p1a: Dondozo
|-damage|p1a: Dondozo|27/100 slp
|
|t:|1776055374
|-end|p2a: Iron Crown|Quark Drive|[silent]
|switch|p2a: Great Tusk|Great Tusk|44/100|[from] Volt Switch
|cant|p1a: Dondozo|slp
|
|-heal|p1a: Dondozo|34/100 slp|[from] item: Leftovers
|upkeep
|turn|24
|
|t:|1776055384
|move|p2a: Great Tusk|Stealth Rock|p1a: Dondozo
|-sidestart|p1: daeducator|move: Stealth Rock
|cant|p1a: Dondozo|slp
|move|p1a: Dondozo|Sleep Talk|p1a: Dondozo
|move|p1a: Dondozo|Avalanche|p2a: Great Tusk|[from] move: Sleep Talk
|-supereffective|p2a: Great Tusk
|-damage|p2a: Great Tusk|26/100
|-damage|p1a: Dondozo|17/100 slp|[from] item: Rocky Helmet|[of] p2a: Great Tusk
|
|-heal|p1a: Dondozo|23/100 slp|[from] item: Leftovers
|upkeep
|turn|25
|
|t:|1776055397
|move|p2a: Great Tusk|Headlong Rush|p1a: Dondozo
|-damage|p1a: Dondozo|2/100 slp
|-unboost|p2a: Great Tusk|def|1
|-unboost|p2a: Great Tusk|spd|1
|-curestatus|p1a: Dondozo|slp|[msg]
|move|p1a: Dondozo|Liquidation|p2a: Great Tusk
|-supereffective|p2a: Great Tusk
|-damage|p2a: Great Tusk|0 fnt
|-damage|p1a: Dondozo|0 fnt|[from] item: Rocky Helmet|[of] p2a: Great Tusk
|faint|p2a: Great Tusk
|-end|p2a: Great Tusk|Protosynthesis|[silent]
|faint|p1a: Dondozo
|
|upkeep
|
|t:|1776055410
|switch|p2a: Hatterene|Hatterene, F|100/100
|switch|p1a: Weavile|Weavile, M|1/100
|-damage|p1a: Weavile|0 fnt|[from] Stealth Rock
|faint|p1a: Weavile
|
|t:|1776055417
|switch|p1a: Dragapult|Dragapult, M|100/100
|-damage|p1a: Dragapult|88/100|[from] Stealth Rock
|turn|26
|
|t:|1776055434
|move|p1a: Dragapult|Double-Edge|p2a: Hatterene
|-damage|p2a: Hatterene|30/100
|-damage|p1a: Dragapult|65/100|[from] Recoil
|move|p2a: Hatterene|Nuzzle|p1a: Dragapult
|-resisted|p1a: Dragapult
|-damage|p1a: Dragapult|63/100
|-status|p1a: Dragapult|par
|
|upkeep
|turn|27
|
|t:|1776055443
|move|p1a: Dragapult|Double-Edge|p2a: Hatterene
|-damage|p2a: Hatterene|0 fnt
|faint|p2a: Hatterene
|-damage|p1a: Dragapult|53/100 par|[from] Recoil
|
|upkeep
|
|t:|1776055445
|switch|p2a: Dragonite|Dragonite, F|100/100
|turn|28
|
|t:|1776055450
|-terastallize|p2a: Dragonite|Flying
|move|p2a: Dragonite|Tera Blast|p1a: Dragapult|[anim] Tera Blast Flying
|-damage|p1a: Dragapult|0 fnt
|faint|p1a: Dragapult
|
|win|Frieren0405
|raw|daeducator's rating: 1133 &rarr; <strong>1110</strong><br />(-23 for losing)
|raw|Frieren0405's rating: 1167 &rarr; <strong>1190</strong><br />(+23 for winning)
|l| ohko_smeargle
|l|☆Frieren0405
|player|p2|
|l|☆daeducator
|player|p1|
