|html|<div class="broadcast-blue"><strong>[Gen 9] OU is currently suspecting Tera Blast! For information on how to participate check out the <a href="https://www.smogon.com/tools/suspects/view/200">suspect thread</a>.</strong></div>
|j|☆alexk45
|j|☆TracerBuzz
|t:|1776076605
|gametype|singles
|player|p1|alexk45|101|1314
|player|p2|TracerBuzz|101|1222
|gen|9
|tier|[Gen 9] OU
|rated|
|rule|HP Percentage Mod: HP is shown in percentages
|rule|Endless Battle Clause: Forcing endless battles is banned
|rule|Species Clause: Limit one of each Pokémon
|rule|OHKO Clause: OHKO moves are banned
|rule|Evasion Items Clause: Evasion items are banned
|rule|Evasion Moves Clause: Evasion moves are banned
|rule|Evasion Abilities Clause: Evasion abilities are banned
|rule|Sleep Moves Clause: Sleep-inducing moves are banned
|clearpoke
|poke|p1|Pelipper, F|
|poke|p1|Raging Bolt|
|poke|p1|Overqwil, F|
|poke|p1|Barraskewda, F|
|poke|p1|Iron Treads|
|poke|p1|Kingambit, M|
|poke|p2|Clodsire, F|
|poke|p2|Hitmonlee, M|
|poke|p2|Cinderace, F|
|poke|p2|Salazzle, F|
|poke|p2|Latias, F|
|poke|p2|Zoroark, M|
|teampreview
|
|t:|1776076617
|teamsize|p1|6
|teamsize|p2|6
|start
|switch|p1a: Iron Treads|Iron Treads|100/100
|switch|p2a: Latias|Latias, F, shiny|100/100
|-enditem|p1a: Iron Treads|Booster Energy
|-activate|p1a: Iron Treads|ability: Quark Drive|[fromitem]
|-start|p1a: Iron Treads|quarkdrivespe
|turn|1
|
|t:|1776076627
|switch|p2a: Hitmonlee|Hitmonlee, M|100/100
|move|p1a: Iron Treads|Stealth Rock|p2a: Hitmonlee
|-sidestart|p2: TracerBuzz|move: Stealth Rock
|
|upkeep
|turn|2
|
|t:|1776076635
|-end|p1a: Iron Treads|Quark Drive|[silent]
|switch|p1a: Pelipper|Pelipper, F, shiny|100/100
|-weather|RainDance|[from] ability: Drizzle|[of] p1a: Pelipper
|move|p2a: Hitmonlee|Endure||[still]
|-fail|p2a: Hitmonlee
|
|-weather|RainDance|[upkeep]
|upkeep
|turn|3
|
|t:|1776076642
|switch|p2a: Latias|Latias, F, shiny|100/100
|-damage|p2a: Latias|88/100|[from] Stealth Rock
|move|p1a: Pelipper|Hurricane|p2a: Latias
|-damage|p2a: Latias|53/100
|
|-weather|RainDance|[upkeep]
|upkeep
|turn|4
|
|t:|1776076653
|move|p2a: Latias|Thunder|p1a: Pelipper
|-supereffective|p1a: Pelipper
|-damage|p1a: Pelipper|0 fnt
|faint|p1a: Pelipper
|
|-weather|RainDance|[upkeep]
|upkeep
|
|t:|1776076659
|switch|p1a: Raging Bolt|Raging Bolt|100/100
|-enditem|p1a: Raging Bolt|Booster Energy
|-activate|p1a: Raging Bolt|ability: Protosynthesis|[fromitem]
|-start|p1a: Raging Bolt|protosynthesisspa
|turn|5
|
|t:|1776076670
|-terastallize|p1a: Raging Bolt|Fairy
|move|p2a: Latias|Ice Beam|p1a: Raging Bolt
|-damage|p1a: Raging Bolt|79/100
|move|p1a: Raging Bolt|Draco Meteor|p2a: Latias
|-supereffective|p2a: Latias
|-damage|p2a: Latias|0 fnt
|-unboost|p1a: Raging Bolt|spa|2
|faint|p2a: Latias
|
|-weather|RainDance|[upkeep]
|upkeep
|
|t:|1776076692
|switch|p2a: Salazzle|Salazzle, F|100/100
|-damage|p2a: Salazzle|75/100|[from] Stealth Rock
|turn|6
|
|t:|1776076698
|move|p2a: Salazzle|Substitute|p2a: Salazzle
|-start|p2a: Salazzle|Substitute
|-damage|p2a: Salazzle|50/100
|move|p1a: Raging Bolt|Weather Ball|p2a: Salazzle
|-supereffective|p2a: Salazzle
|-end|p2a: Salazzle|Substitute
|
|-weather|RainDance|[upkeep]
|-heal|p2a: Salazzle|57/100|[from] item: Leftovers
|upkeep
|turn|7
|
|t:|1776076705
|move|p2a: Salazzle|Disable|p1a: Raging Bolt
|-start|p1a: Raging Bolt|Disable|Weather Ball
|cant|p1a: Raging Bolt|Disable|Weather Ball
|
|-weather|RainDance|[upkeep]
|-heal|p2a: Salazzle|63/100|[from] item: Leftovers
|upkeep
|turn|8
|
|t:|1776076716
|-end|p1a: Raging Bolt|Protosynthesis|[silent]
|switch|p1a: Overqwil|Overqwil, F, shiny|100/100
|move|p2a: Salazzle|Encore||[still]
|-fail|p2a: Salazzle
|
|-weather|RainDance|[upkeep]
|-heal|p2a: Salazzle|69/100|[from] item: Leftovers
|upkeep
|turn|9
|
|t:|1776076724
|switch|p2a: Clodsire|Clodsire, F|100/100
|-damage|p2a: Clodsire|94/100|[from] Stealth Rock
|move|p1a: Overqwil|Liquidation|p2a: Clodsire
|-heal|p2a: Clodsire|100/100|[from] ability: Water Absorb|[of] p1a: Overqwil
|
|-weather|none
|upkeep
|turn|10
|
|t:|1776076742
|move|p1a: Overqwil|Crunch|p2a: Clodsire
|-damage|p2a: Clodsire|60/100
|-damage|p1a: Overqwil|91/100|[from] item: Life Orb
|move|p2a: Clodsire|Earthquake|p1a: Overqwil
|-supereffective|p1a: Overqwil
|-damage|p1a: Overqwil|26/100
|
|-heal|p2a: Clodsire|66/100|[from] item: Leftovers
|upkeep
|turn|11
|
|t:|1776076750
|move|p1a: Overqwil|Crunch|p2a: Clodsire
|-damage|p2a: Clodsire|23/100
|-damage|p1a: Overqwil|16/100|[from] item: Life Orb
|move|p2a: Clodsire|Counter|p1a: Overqwil
|-damage|p1a: Overqwil|0 fnt
|faint|p1a: Overqwil
|
|-heal|p2a: Clodsire|29/100|[from] item: Leftovers
|upkeep
|
|t:|1776076758
|switch|p1a: Iron Treads|Iron Treads|100/100
|turn|12
|
|t:|1776076767
|move|p1a: Iron Treads|Earth Power|p2a: Clodsire
|-supereffective|p2a: Clodsire
|-damage|p2a: Clodsire|0 fnt
|faint|p2a: Clodsire
|
|upkeep
|
|t:|1776076784
|switch|p2a: Salazzle|Salazzle, F|69/100
|-damage|p2a: Salazzle|44/100|[from] Stealth Rock
|turn|13
|inactive|Battle timer is ON: inactive players will automatically lose when time's up. (requested by TracerBuzz)
|
|t:|1776076797
|move|p2a: Salazzle|Substitute|p2a: Salazzle
|-start|p2a: Salazzle|Substitute
|-damage|p2a: Salazzle|19/100
|move|p1a: Iron Treads|Rapid Spin|p2a: Salazzle
|-activate|p2a: Salazzle|move: Substitute|[damage]
|-boost|p1a: Iron Treads|spe|1
|
|-heal|p2a: Salazzle|25/100|[from] item: Leftovers
|upkeep
|turn|14
|
|t:|1776076809
|move|p1a: Iron Treads|Earth Power|p2a: Salazzle
|-supereffective|p2a: Salazzle
|-end|p2a: Salazzle|Substitute
|move|p2a: Salazzle|Toxic|p1a: Iron Treads
|-status|p1a: Iron Treads|tox
|
|-heal|p2a: Salazzle|31/100|[from] item: Leftovers
|-damage|p1a: Iron Treads|94/100 tox|[from] psn
|upkeep
|turn|15
|
|t:|1776076818
|move|p1a: Iron Treads|Earth Power|p2a: Salazzle
|-supereffective|p2a: Salazzle
|-damage|p2a: Salazzle|0 fnt
|faint|p2a: Salazzle
|
|-damage|p1a: Iron Treads|82/100 tox|[from] psn
|upkeep
|
|t:|1776076824
|switch|p2a: Hitmonlee|Hitmonlee, M|100/100
|-damage|p2a: Hitmonlee|94/100|[from] Stealth Rock
|turn|16
|
|t:|1776076829
|move|p2a: Hitmonlee|Endure|p2a: Hitmonlee
|-singleturn|p2a: Hitmonlee|move: Endure
|move|p1a: Iron Treads|Earth Power|p2a: Hitmonlee
|-damage|p2a: Hitmonlee|47/100
|
|-damage|p1a: Iron Treads|63/100 tox|[from] psn
|upkeep
|turn|17
|
|t:|1776076845
|move|p2a: Hitmonlee|Endure|p2a: Hitmonlee
|-singleturn|p2a: Hitmonlee|move: Endure
|move|p1a: Iron Treads|Earth Power|p2a: Hitmonlee
|-activate|p2a: Hitmonlee|move: Endure
|-damage|p2a: Hitmonlee|1/100
|-enditem|p2a: Hitmonlee|Liechi Berry|[eat]
|-boost|p2a: Hitmonlee|atk|1|[from] item: Liechi Berry
|
|-damage|p1a: Iron Treads|38/100 tox|[from] psn
|upkeep
|turn|18
|
|t:|1776076857
|-terastallize|p2a: Hitmonlee|Fighting
|move|p2a: Hitmonlee|Reversal|p1a: Iron Treads
|-supereffective|p1a: Iron Treads
|-damage|p1a: Iron Treads|0 fnt
|faint|p1a: Iron Treads
|-end|p1a: Iron Treads|Quark Drive|[silent]
|
|upkeep
|
|t:|1776076863
|switch|p1a: Barraskewda|Barraskewda, F, shiny|100/100
|turn|19
|
|t:|1776076886
|move|p2a: Hitmonlee|Upper Hand|p1a: Barraskewda
|-damage|p1a: Barraskewda|0 fnt
|faint|p1a: Barraskewda
|
|upkeep
|
|t:|1776076892
|switch|p1a: Raging Bolt|Raging Bolt, tera:Fairy|79/100
|turn|20
|
|t:|1776076897
|move|p2a: Hitmonlee|Upper Hand|p1a: Raging Bolt
|-resisted|p1a: Raging Bolt
|-damage|p1a: Raging Bolt|47/100
|cant|p1a: Raging Bolt|flinch
|
|upkeep
|turn|21
|
|t:|1776076902
|move|p2a: Hitmonlee|Upper Hand||[still]
|-fail|p2a: Hitmonlee
|move|p1a: Raging Bolt|Weather Ball|p2a: Hitmonlee
|-damage|p2a: Hitmonlee|0 fnt
|faint|p2a: Hitmonlee
|
|upkeep
|
|t:|1776076908
|switch|p2a: Cinderace|Cinderace, F|100/100
|turn|22
|
|t:|1776076911
|move|p2a: Cinderace|Pyro Ball|p1a: Raging Bolt
|-damage|p1a: Raging Bolt|0 fnt
|faint|p1a: Raging Bolt
|-end|p1a: Raging Bolt|Protosynthesis|[silent]
|
|upkeep
|
|t:|1776076915
|switch|p1a: Kingambit|Kingambit, M, shiny|100/100
|-activate|p1a: Kingambit|ability: Supreme Overlord
|-start|p1a: Kingambit|fallen5|[silent]
|turn|23
|
|t:|1776076925
|switch|p2a: Cinderace|Cinderace, F|100/100
|move|p1a: Kingambit|Sucker Punch||[still]
|-fail|p1a: Kingambit
|
|upkeep
|turn|24
|
|t:|1776076931
|move|p2a: Cinderace|Swords Dance|p2a: Cinderace
|-boost|p2a: Cinderace|atk|2
|move|p1a: Kingambit|Kowtow Cleave|p2a: Cinderace
|-resisted|p2a: Cinderace
|-damage|p2a: Cinderace|31/100
|replace|p2a: Zoroark|Zoroark, M, shiny
|-end|p2a: Zoroark|Illusion
|
|upkeep
|turn|25
|
|t:|1776076942
|move|p2a: Zoroark|Sucker Punch|p1a: Kingambit
|-resisted|p1a: Kingambit
|-damage|p1a: Kingambit|79/100
|move|p1a: Kingambit|Sucker Punch||[still]
|-fail|p1a: Kingambit
|
|-heal|p1a: Kingambit|86/100|[from] item: Leftovers
|upkeep
|turn|26
|
|t:|1776076949
|move|p2a: Zoroark|Sucker Punch|p1a: Kingambit
|-resisted|p1a: Kingambit
|-damage|p1a: Kingambit|63/100
|move|p1a: Kingambit|Iron Head|p2a: Zoroark
|-crit|p2a: Zoroark
|-damage|p2a: Zoroark|0 fnt
|faint|p2a: Zoroark
|
|-heal|p1a: Kingambit|69/100|[from] item: Leftovers
|upkeep
|
|t:|1776076951
|switch|p2a: Cinderace|Cinderace, F|100/100
|turn|27
|
|t:|1776076960
|move|p1a: Kingambit|Sucker Punch||[still]
|-fail|p1a: Kingambit
|move|p2a: Cinderace|Court Change|p2a: Cinderace
|-start|p2a: Cinderace|typechange|Normal|[from] ability: Libero
|-swapsideconditions
|-activate|p2a: Cinderace|move: Court Change
|
|-heal|p1a: Kingambit|76/100|[from] item: Leftovers
|upkeep
|turn|28
|
|t:|1776076968
|move|p2a: Cinderace|Pyro Ball|p1a: Kingambit
|-supereffective|p1a: Kingambit
|-damage|p1a: Kingambit|18/100
|move|p1a: Kingambit|Iron Head|p2a: Cinderace
|-damage|p2a: Cinderace|0 fnt
|faint|p2a: Cinderace
|
|win|alexk45
|raw|alexk45's rating: 1314 &rarr; <strong>1329</strong><br />(+15 for winning)
|raw|TracerBuzz's rating: 1222 &rarr; <strong>1203</strong><br />(-19 for losing)
|l|☆TracerBuzz
|player|p2|
|l|☆alexk45
|player|p1|
