|html|<div class="broadcast-blue"><strong>[Gen 9] OU is currently suspecting Tera Blast! For information on how to participate check out the <a href="https://www.smogon.com/tools/suspects/view/200">suspect thread</a>.</strong></div>
|j|☆PlatKing
|j|☆Trac!3.Mart3l
|t:|1776054918
|gametype|singles
|player|p1|PlatKing|skierf|1088
|player|p2|Trac!3.Mart3l|lusamine-masters|1084
|gen|9
|tier|[Gen 9] OU
|rated|
|rule|HP Percentage Mod: HP is shown in percentages
|rule|Endless Battle Clause: Forcing endless battles is banned
|rule|Species Clause: Limit one of each Pokémon
|rule|OHKO Clause: OHKO moves are banned
|rule|Evasion Items Clause: Evasion items are banned
|rule|Evasion Moves Clause: Evasion moves are banned
|rule|Evasion Abilities Clause: Evasion abilities are banned
|rule|Sleep Moves Clause: Sleep-inducing moves are banned
|clearpoke
|poke|p1|Floatzel, F|
|poke|p1|Pelipper, M|
|poke|p1|Breloom, F|
|poke|p1|Iron Treads|
|poke|p1|Dragonite, M|
|poke|p1|Kilowattrel, M|
|poke|p2|Primarina, M|
|poke|p2|Blaziken, M|
|poke|p2|Corviknight, M|
|poke|p2|Garchomp, F|
|poke|p2|Zoroark-Hisui, F|
|poke|p2|Hatterene, F|
|teampreview
|
|t:|1776054927
|teamsize|p1|6
|teamsize|p2|6
|start
|switch|p1a: Pelipper|Pelipper, M|100/100
|switch|p2a: Primarina|Primarina, M|100/100
|-weather|RainDance|[from] ability: Drizzle|[of] p1a: Pelipper
|turn|1
|
|t:|1776054945
|switch|p1a: Floatzel|Floatzel, F|100/100
|move|p2a: Primarina|Hydro Pump|p1a: Floatzel|[miss]
|-miss|p2a: Primarina|p1a: Floatzel
|
|-weather|RainDance|[upkeep]
|upkeep
|turn|2
|
|t:|1776054954
|move|p1a: Floatzel|Wave Crash|p2a: Primarina
|-resisted|p2a: Primarina
|-damage|p2a: Primarina|25/100
|-damage|p1a: Floatzel|72/100|[from] Recoil
|move|p2a: Primarina|Hydro Pump|p1a: Floatzel
|-resisted|p1a: Floatzel
|-damage|p1a: Floatzel|0 fnt
|faint|p1a: Floatzel
|
|-weather|RainDance|[upkeep]
|upkeep
|
|t:|1776054964
|switch|p1a: Breloom|Breloom, F|100/100
|turn|3
|
|t:|1776054969
|move|p1a: Breloom|Mach Punch|p2a: Primarina
|-resisted|p2a: Primarina
|-damage|p2a: Primarina|0 fnt
|faint|p2a: Primarina
|
|-weather|RainDance|[upkeep]
|upkeep
|
|t:|1776054980
|switch|p2a: Hatterene|Hatterene, F|100/100
|turn|4
|
|t:|1776054984
|switch|p1a: Iron Treads|Iron Treads|100/100
|move|p2a: Hatterene|Flamethrower|p1a: Iron Treads
|-supereffective|p1a: Iron Treads
|-damage|p1a: Iron Treads|61/100
|-damage|p2a: Hatterene|91/100|[from] item: Life Orb
|
|-weather|RainDance|[upkeep]
|-heal|p1a: Iron Treads|67/100|[from] item: Leftovers
|upkeep
|turn|5
|
|t:|1776054996
|switch|p2a: Corviknight|Corviknight, M|100/100
|move|p1a: Iron Treads|Iron Head|p2a: Corviknight
|-resisted|p2a: Corviknight
|-damage|p2a: Corviknight|87/100
|
|-weather|RainDance|[upkeep]
|-heal|p1a: Iron Treads|74/100|[from] item: Leftovers
|upkeep
|turn|6
|
|t:|1776055005
|move|p1a: Iron Treads|Stealth Rock|p2a: Corviknight
|-sidestart|p2: Trac!3.Mart3l|move: Stealth Rock
|move|p2a: Corviknight|Iron Defense|p2a: Corviknight
|-boost|p2a: Corviknight|def|2
|
|-weather|RainDance|[upkeep]
|-heal|p1a: Iron Treads|80/100|[from] item: Leftovers
|upkeep
|turn|7
|
|t:|1776055016
|-end|p1a: Iron Treads|Quark Drive|[silent]
|switch|p1a: Kilowattrel|Kilowattrel, M|100/100
|move|p2a: Corviknight|Iron Defense|p2a: Corviknight
|-boost|p2a: Corviknight|def|2
|
|-weather|RainDance|[upkeep]
|upkeep
|turn|8
|
|t:|1776055024
|move|p1a: Kilowattrel|Thunder|p2a: Corviknight
|-supereffective|p2a: Corviknight
|-damage|p2a: Corviknight|0 fnt
|faint|p2a: Corviknight
|
|-weather|none
|upkeep
|
|t:|1776055031
|switch|p2a: Garchomp|Garchomp, F|100/100
|-damage|p2a: Garchomp|94/100|[from] Stealth Rock
|turn|9
|
|t:|1776055041
|switch|p1a: Pelipper|Pelipper, M|100/100
|-weather|RainDance|[from] ability: Drizzle|[of] p1a: Pelipper
|move|p2a: Garchomp|Scale Shot|p1a: Pelipper
|-damage|p1a: Pelipper|91/100
|-damage|p1a: Pelipper|81/100
|-damage|p1a: Pelipper|71/100
|-damage|p1a: Pelipper|61/100
|-hitcount|p1a: Pelipper|4
|-unboost|p2a: Garchomp|def|1
|-boost|p2a: Garchomp|spe|1
|
|-weather|RainDance|[upkeep]
|upkeep
|turn|10
|
|t:|1776055058
|-terastallize|p2a: Garchomp|Dragon
|move|p2a: Garchomp|Scale Shot|p1a: Pelipper|[miss]
|-miss|p2a: Garchomp|p1a: Pelipper
|move|p1a: Pelipper|Roost|p1a: Pelipper
|-heal|p1a: Pelipper|100/100
|-singleturn|p1a: Pelipper|move: Roost
|
|-weather|RainDance|[upkeep]
|upkeep
|turn|11
|
|t:|1776055074
|move|p2a: Garchomp|Scale Shot|p1a: Pelipper
|-damage|p1a: Pelipper|88/100
|-damage|p1a: Pelipper|76/100
|-damage|p1a: Pelipper|63/100
|-damage|p1a: Pelipper|48/100
|-damage|p1a: Pelipper|35/100
|-hitcount|p1a: Pelipper|5
|-unboost|p2a: Garchomp|def|1
|-boost|p2a: Garchomp|spe|1
|move|p1a: Pelipper|U-turn|p2a: Garchomp
|-damage|p2a: Garchomp|76/100
|-damage|p1a: Pelipper|22/100|[from] ability: Rough Skin|[of] p2a: Garchomp
|
|t:|1776055089
|switch|p1a: Breloom|Breloom, F|100/100|[from] U-turn
|
|-weather|RainDance|[upkeep]
|upkeep
|turn|12
|
|t:|1776055096
|move|p1a: Breloom|Mach Punch|p2a: Garchomp
|-damage|p2a: Garchomp|0 fnt
|-damage|p1a: Breloom|88/100|[from] ability: Rough Skin|[of] p2a: Garchomp
|faint|p2a: Garchomp
|
|-weather|RainDance|[upkeep]
|upkeep
|
|t:|1776055104
|switch|p2a: Hatterene|Hatterene, F|91/100
|-damage|p2a: Hatterene|78/100|[from] Stealth Rock
|turn|13
|
|t:|1776055108
|switch|p1a: Iron Treads|Iron Treads|80/100
|move|p2a: Hatterene|Will-O-Wisp|p1a: Iron Treads
|-status|p1a: Iron Treads|brn
|
|-weather|RainDance|[upkeep]
|-heal|p1a: Iron Treads|86/100 brn|[from] item: Leftovers
|-damage|p1a: Iron Treads|80/100 brn|[from] brn
|upkeep
|turn|14
|-message|Trac!3.Mart3l forfeited.
|
|win|PlatKing
|raw|PlatKing's rating: 1088 &rarr; <strong>1114</strong><br />(+26 for winning)
|raw|Trac!3.Mart3l's rating: 1084 &rarr; <strong>1062</strong><br />(-22 for losing)
|l|☆Trac!3.Mart3l
|player|p2|
|l|☆PlatKing
|player|p1|
