|html|<div class="broadcast-blue"><strong>[Gen 9] OU is currently suspecting Tera Blast! For information on how to participate check out the <a href="https://www.smogon.com/tools/suspects/view/200">suspect thread</a>.</strong></div>
|j|☆mymicisasian
|j|☆SS D Venerable
|t:|1776091321
|gametype|singles
|player|p1|mymicisasian|265|1402
|player|p2|SS D Venerable|medium|1467
|gen|9
|tier|[Gen 9] OU
|rated|
|rule|HP Percentage Mod: HP is shown in percentages
|rule|Endless Battle Clause: Forcing endless battles is banned
|rule|Species Clause: Limit one of each Pokémon
|rule|OHKO Clause: OHKO moves are banned
|rule|Evasion Items Clause: Evasion items are banned
|rule|Evasion Moves Clause: Evasion moves are banned
|rule|Evasion Abilities Clause: Evasion abilities are banned
|rule|Sleep Moves Clause: Sleep-inducing moves are banned
|clearpoke
|poke|p1|Dragapult, F|
|poke|p1|Alomomola, F|
|poke|p1|Ting-Lu|
|poke|p1|Kyurem|
|poke|p1|Weezing-Galar, F|
|poke|p1|Corviknight, F|
|poke|p2|Iron Valiant|
|poke|p2|Kyurem|
|poke|p2|Landorus-Therian, M|
|poke|p2|Great Tusk|
|poke|p2|Gholdengo|
|poke|p2|Glimmora, F|
|teampreview
|
|t:|1776091328
|teamsize|p1|6
|teamsize|p2|6
|start
|switch|p1a: Moody Blues|Dragapult, F|100/100
|switch|p2a: Kyurem|Kyurem|100/100
|-ability|p2a: Kyurem|Pressure
|turn|1
|
|t:|1776091334
|move|p2a: Kyurem|Protect|p2a: Kyurem
|-singleturn|p2a: Kyurem|Protect
|move|p1a: Moody Blues|U-turn|p2a: Kyurem
|-activate|p2a: Kyurem|move: Protect
|
|upkeep
|turn|2
|
|t:|1776091339
|switch|p2a: Great Tusk|Great Tusk|100/100
|move|p1a: Moody Blues|U-turn|p2a: Great Tusk
|-resisted|p2a: Great Tusk
|-damage|p2a: Great Tusk|90/100
|-damage|p1a: Moody Blues|84/100|[from] item: Rocky Helmet|[of] p2a: Great Tusk
|
|t:|1776091343
|switch|p1a: Tiffany BlueStones|Kyurem, shiny|100/100|[from] U-turn
|-ability|p1a: Tiffany BlueStones|Pressure
|
|upkeep
|turn|3
|inactive|Battle timer is ON: inactive players will automatically lose when time's up. (requested by mymicisasian)
|
|t:|1776091375
|-terastallize|p2a: Great Tusk|Steel
|move|p2a: Great Tusk|Knock Off|p1a: Tiffany BlueStones
|-damage|p1a: Tiffany BlueStones|73/100
|-enditem|p1a: Tiffany BlueStones|Leftovers|[from] move: Knock Off|[of] p2a: Great Tusk
|move|p1a: Tiffany BlueStones|Substitute|p1a: Tiffany BlueStones
|-start|p1a: Tiffany BlueStones|Substitute
|-damage|p1a: Tiffany BlueStones|48/100
|
|upkeep
|turn|4
|
|t:|1776091389
|-end|p2a: Great Tusk|Protosynthesis|[silent]
|switch|p2a: Kyurem|Kyurem|100/100
|-ability|p2a: Kyurem|Pressure
|move|p1a: Tiffany BlueStones|Earth Power|p2a: Kyurem
|-damage|p2a: Kyurem|68/100
|-unboost|p2a: Kyurem|spd|1
|
|upkeep
|turn|5
|
|t:|1776091401
|move|p2a: Kyurem|Freeze-Dry|p1a: Tiffany BlueStones
|-end|p1a: Tiffany BlueStones|Substitute
|move|p1a: Tiffany BlueStones|Earth Power|p2a: Kyurem
|-damage|p2a: Kyurem|17/100
|
|upkeep
|turn|6
|
|t:|1776091409
|switch|p1a: Corviknight|Corviknight, F|100/100
|-ability|p1a: Corviknight|Pressure
|move|p2a: Kyurem|Ice Beam|p1a: Corviknight
|-damage|p1a: Corviknight|58/100
|
|-heal|p1a: Corviknight|65/100|[from] item: Leftovers
|upkeep
|turn|7
|
|t:|1776091421
|move|p2a: Kyurem|Ice Beam|p1a: Corviknight
|-damage|p1a: Corviknight|27/100
|move|p1a: Corviknight|Roost|p1a: Corviknight
|-heal|p1a: Corviknight|77/100
|-singleturn|p1a: Corviknight|move: Roost
|
|-heal|p1a: Corviknight|83/100|[from] item: Leftovers
|upkeep
|turn|8
|
|t:|1776091428
|move|p2a: Kyurem|Ice Beam|p1a: Corviknight
|-damage|p1a: Corviknight|45/100
|-status|p1a: Corviknight|frz
|cant|p1a: Corviknight|frz
|
|-heal|p1a: Corviknight|51/100 frz|[from] item: Leftovers
|upkeep
|turn|9
|
|t:|1776091436
|move|p2a: Kyurem|Freeze-Dry|p1a: Corviknight
|-damage|p1a: Corviknight|23/100 frz
|-curestatus|p1a: Corviknight|frz|[msg]
|move|p1a: Corviknight|Roost|p1a: Corviknight
|-heal|p1a: Corviknight|73/100
|-singleturn|p1a: Corviknight|move: Roost
|
|-heal|p1a: Corviknight|79/100|[from] item: Leftovers
|upkeep
|turn|10
|
|t:|1776091445
|move|p2a: Kyurem|Ice Beam|p1a: Corviknight
|-damage|p1a: Corviknight|38/100
|move|p1a: Corviknight|U-turn|p2a: Kyurem
|-damage|p2a: Kyurem|4/100
|
|t:|1776091447
|switch|p1a: Moody Blues|Dragapult, F|84/100|[from] U-turn
|
|upkeep
|turn|11
|
|t:|1776091452
|move|p2a: Kyurem|Protect|p2a: Kyurem
|-singleturn|p2a: Kyurem|Protect
|move|p1a: Moody Blues|U-turn|p2a: Kyurem
|-activate|p2a: Kyurem|move: Protect
|
|upkeep
|turn|12
|
|t:|1776091458
|switch|p2a: Glimmora|Glimmora, F|100/100
|move|p1a: Moody Blues|U-turn|p2a: Glimmora
|-resisted|p2a: Glimmora
|-damage|p2a: Glimmora|78/100
|-activate|p2a: Glimmora|ability: Toxic Debris
|-sidestart|p1: mymicisasian|move: Toxic Spikes
|
|t:|1776091460
|switch|p1a: Weezing|Weezing-Galar, F|100/100|[from] U-turn
|-ability|p1a: Weezing|Neutralizing Gas
|-sideend|p1: mymicisasian|move: Toxic Spikes|[of] p1a: Weezing
|
|upkeep
|turn|13
|
|t:|1776091468
|move|p1a: Weezing|Protect|p1a: Weezing
|-singleturn|p1a: Weezing|Protect
|move|p2a: Glimmora|Stealth Rock|p1a: Weezing
|-sidestart|p1: mymicisasian|move: Stealth Rock
|
|upkeep
|turn|14
|
|t:|1776091473
|move|p2a: Glimmora|Earth Power|p1a: Weezing
|-supereffective|p1a: Weezing
|-damage|p1a: Weezing|12/100
|move|p1a: Weezing|Defog|p2a: Glimmora
|-unboost|p2a: Glimmora|evasion|1
|-sideend|p1: mymicisasian|Stealth Rock|[from] move: Defog|[of] p1a: Weezing
|
|-heal|p1a: Weezing|18/100|[from] item: Leftovers
|upkeep
|turn|15
|
|t:|1776091481
|-end|p1a: Weezing|ability: Neutralizing Gas
|switch|p1a: Corviknight|Corviknight, F|38/100
|-ability|p1a: Corviknight|Pressure
|move|p2a: Glimmora|Power Gem|p1a: Corviknight
|-damage|p1a: Corviknight|12/100
|
|-heal|p1a: Corviknight|18/100|[from] item: Leftovers
|upkeep
|turn|16
|
|t:|1776091490
|switch|p1a: Fogbound Lake|Alomomola, F|100/100
|move|p2a: Glimmora|Power Gem|p1a: Fogbound Lake
|-damage|p1a: Fogbound Lake|48/100
|
|upkeep
|turn|17
|
|t:|1776091497
|switch|p1a: Ting-Lu|Ting-Lu|100/100
|-ability|p1a: Ting-Lu|Vessel of Ruin
|move|p2a: Glimmora|Power Gem|p1a: Ting-Lu
|-resisted|p1a: Ting-Lu
|-damage|p1a: Ting-Lu|92/100
|
|-heal|p1a: Ting-Lu|98/100|[from] item: Leftovers
|upkeep
|turn|18
|
|t:|1776091512
|move|p2a: Glimmora|Stealth Rock|p1a: Ting-Lu
|-sidestart|p1: mymicisasian|move: Stealth Rock
|move|p1a: Ting-Lu|Stealth Rock|p2a: Glimmora
|-sidestart|p2: SS D Venerable|move: Stealth Rock
|
|-heal|p1a: Ting-Lu|100/100|[from] item: Leftovers
|upkeep
|turn|19
|
|t:|1776091517
|switch|p2a: Landorus|Landorus-Therian, M|100/100
|-damage|p2a: Landorus|88/100|[from] Stealth Rock
|-ability|p2a: Landorus|Intimidate|boost
|-unboost|p1a: Ting-Lu|atk|1
|move|p1a: Ting-Lu|Whirlwind|p2a: Landorus
|drag|p2a: Gholdengo|Gholdengo|100/100
|-damage|p2a: Gholdengo|94/100|[from] Stealth Rock
|
|upkeep
|turn|20
|
|t:|1776091538
|switch|p2a: Landorus|Landorus-Therian, M|88/100
|-damage|p2a: Landorus|76/100|[from] Stealth Rock
|-ability|p2a: Landorus|Intimidate|boost
|-unboost|p1a: Ting-Lu|atk|1
|move|p1a: Ting-Lu|Ruination|p2a: Landorus
|-damage|p2a: Landorus|38/100
|
|upkeep
|turn|21
|
|t:|1776091548
|switch|p1a: Fogbound Lake|Alomomola, F|82/100
|-damage|p1a: Fogbound Lake|69/100|[from] Stealth Rock
|move|p2a: Landorus|Earthquake|p1a: Fogbound Lake
|-damage|p1a: Fogbound Lake|42/100
|
|upkeep
|turn|22
|
|t:|1776091557
|switch|p2a: Glimmora|Glimmora, F|78/100
|-damage|p2a: Glimmora|66/100|[from] Stealth Rock
|move|p1a: Fogbound Lake|Wish|p1a: Fogbound Lake
|
|upkeep
|turn|23
|
|t:|1776091565
|switch|p1a: Ting-Lu|Ting-Lu|100/100
|-damage|p1a: Ting-Lu|94/100|[from] Stealth Rock
|-ability|p1a: Ting-Lu|Vessel of Ruin
|move|p2a: Glimmora|Power Gem|p1a: Ting-Lu
|-resisted|p1a: Ting-Lu
|-damage|p1a: Ting-Lu|86/100
|
|-heal|p1a: Ting-Lu|100/100|[from] move: Wish|[wisher] Fogbound Lake
|upkeep
|turn|24
|
|t:|1776091576
|switch|p2a: Great Tusk|Great Tusk, tera:Steel|90/100
|-damage|p2a: Great Tusk|84/100|[from] Stealth Rock
|move|p1a: Ting-Lu|Ruination|p2a: Great Tusk
|-damage|p2a: Great Tusk|42/100
|
|upkeep
|turn|25
|
|t:|1776091586
|-end|p2a: Great Tusk|Protosynthesis|[silent]
|switch|p2a: Glimmora|Glimmora, F|66/100
|-damage|p2a: Glimmora|53/100|[from] Stealth Rock
|switch|p1a: Fogbound Lake|Alomomola, F|75/100
|-damage|p1a: Fogbound Lake|63/100|[from] Stealth Rock
|
|upkeep
|turn|26
|
|t:|1776091593
|switch|p1a: Ting-Lu|Ting-Lu|100/100
|-damage|p1a: Ting-Lu|94/100|[from] Stealth Rock
|-ability|p1a: Ting-Lu|Vessel of Ruin
|move|p2a: Glimmora|Power Gem|p1a: Ting-Lu
|-resisted|p1a: Ting-Lu
|-damage|p1a: Ting-Lu|86/100
|
|-heal|p1a: Ting-Lu|92/100|[from] item: Leftovers
|upkeep
|turn|27
|
|t:|1776091606
|switch|p2a: Kyurem|Kyurem|4/100
|-damage|p2a: Kyurem|0 fnt|[from] Stealth Rock
|faint|p2a: Kyurem
|move|p1a: Ting-Lu|Ruination|p2: Kyurem|[notarget]
|-fail|p1a: Ting-Lu
|
|-heal|p1a: Ting-Lu|99/100|[from] item: Leftovers
|upkeep
|
|t:|1776091614
|switch|p2a: Iron Valiant|Iron Valiant|100/100
|-damage|p2a: Iron Valiant|94/100|[from] Stealth Rock
|turn|28
|
|t:|1776091619
|-terastallize|p1a: Ting-Lu|Water
|move|p2a: Iron Valiant|Moonblast|p1a: Ting-Lu
|-damage|p1a: Ting-Lu|78/100
|move|p1a: Ting-Lu|Ruination|p2a: Iron Valiant
|-damage|p2a: Iron Valiant|48/100
|
|-heal|p1a: Ting-Lu|84/100|[from] item: Leftovers
|upkeep
|turn|29
|inactive|SS D Venerable has 120 seconds left.
|
|t:|1776091660
|move|p2a: Iron Valiant|Knock Off|p1a: Ting-Lu
|-damage|p1a: Ting-Lu|69/100
|-enditem|p1a: Ting-Lu|Leftovers|[from] move: Knock Off|[of] p2a: Iron Valiant
|move|p1a: Ting-Lu|Ruination|p2a: Iron Valiant|[miss]
|-miss|p1a: Ting-Lu|p2a: Iron Valiant
|
|upkeep
|turn|30
|
|t:|1776091667
|move|p2a: Iron Valiant|Thunderbolt|p1a: Ting-Lu
|-supereffective|p1a: Ting-Lu
|-damage|p1a: Ting-Lu|39/100
|move|p1a: Ting-Lu|Ruination|p2a: Iron Valiant
|-damage|p2a: Iron Valiant|24/100
|
|upkeep
|turn|31
|inactive|SS D Venerable has 120 seconds left.
|
|t:|1776091672
|move|p2a: Iron Valiant|Thunderbolt|p1a: Ting-Lu
|-supereffective|p1a: Ting-Lu
|-damage|p1a: Ting-Lu|9/100
|move|p1a: Ting-Lu|Rest|p1a: Ting-Lu
|-status|p1a: Ting-Lu|slp|[from] move: Rest
|-heal|p1a: Ting-Lu|100/100 slp|[silent]
|
|upkeep
|turn|32
|
|t:|1776091679
|move|p2a: Iron Valiant|Thunderbolt|p1a: Ting-Lu
|-supereffective|p1a: Ting-Lu
|-damage|p1a: Ting-Lu|71/100 slp
|cant|p1a: Ting-Lu|slp
|
|upkeep
|turn|33
|
|t:|1776091684
|move|p2a: Iron Valiant|Thunderbolt|p1a: Ting-Lu
|-supereffective|p1a: Ting-Lu
|-damage|p1a: Ting-Lu|43/100 slp
|cant|p1a: Ting-Lu|slp
|
|upkeep
|turn|34
|
|t:|1776091690
|move|p2a: Iron Valiant|Thunderbolt|p1a: Ting-Lu
|-supereffective|p1a: Ting-Lu
|-damage|p1a: Ting-Lu|14/100 slp
|-curestatus|p1a: Ting-Lu|slp|[msg]
|move|p1a: Ting-Lu|Rest|p1a: Ting-Lu
|-status|p1a: Ting-Lu|slp|[from] move: Rest
|-heal|p1a: Ting-Lu|100/100 slp|[silent]
|
|upkeep
|turn|35
|
|t:|1776091697
|move|p2a: Iron Valiant|Thunderbolt|p1a: Ting-Lu
|-supereffective|p1a: Ting-Lu
|-damage|p1a: Ting-Lu|73/100 slp
|cant|p1a: Ting-Lu|slp
|
|upkeep
|turn|36
|
|t:|1776091702
|move|p2a: Iron Valiant|Thunderbolt|p1a: Ting-Lu
|-supereffective|p1a: Ting-Lu
|-damage|p1a: Ting-Lu|44/100 slp
|cant|p1a: Ting-Lu|slp
|
|upkeep
|turn|37
|
|t:|1776091706
|move|p2a: Iron Valiant|Thunderbolt|p1a: Ting-Lu
|-supereffective|p1a: Ting-Lu
|-damage|p1a: Ting-Lu|17/100 slp
|-curestatus|p1a: Ting-Lu|slp|[msg]
|move|p1a: Ting-Lu|Rest|p1a: Ting-Lu
|-status|p1a: Ting-Lu|slp|[from] move: Rest
|-heal|p1a: Ting-Lu|100/100 slp|[silent]
|
|upkeep
|turn|38
|
|t:|1776091714
|switch|p1a: Corviknight|Corviknight, F|18/100
|-damage|p1a: Corviknight|6/100|[from] Stealth Rock
|-ability|p1a: Corviknight|Pressure
|move|p2a: Iron Valiant|Thunderbolt|p1a: Corviknight
|-supereffective|p1a: Corviknight
|-damage|p1a: Corviknight|0 fnt
|faint|p1a: Corviknight
|
|upkeep
|
|t:|1776091716
|switch|p1a: Moody Blues|Dragapult, F|84/100
|-damage|p1a: Moody Blues|72/100|[from] Stealth Rock
|turn|39
|
|t:|1776091728
|-end|p2a: Iron Valiant|Quark Drive|[silent]
|switch|p2a: Glimmora|Glimmora, F|53/100
|-damage|p2a: Glimmora|41/100|[from] Stealth Rock
|move|p1a: Moody Blues|Sucker Punch||[still]
|-fail|p1a: Moody Blues
|
|upkeep
|turn|40
|
|t:|1776091746
|switch|p1a: Fogbound Lake|Alomomola, F|96/100
|-damage|p1a: Fogbound Lake|84/100|[from] Stealth Rock
|switch|p2a: Gholdengo|Gholdengo|94/100
|-damage|p2a: Gholdengo|88/100|[from] Stealth Rock
|
|upkeep
|turn|41
|
|t:|1776091753
|move|p2a: Gholdengo|Nasty Plot|p2a: Gholdengo
|-boost|p2a: Gholdengo|spa|2
|move|p1a: Fogbound Lake|Wish|p1a: Fogbound Lake
|
|upkeep
|turn|42
|
|t:|1776091761
|move|p2a: Gholdengo|Shadow Ball|p1a: Fogbound Lake
|-damage|p1a: Fogbound Lake|0 fnt
|faint|p1a: Fogbound Lake
|
|upkeep
|
|t:|1776091765
|switch|p1a: Ting-Lu|Ting-Lu, tera:Water|100/100 slp
|-damage|p1a: Ting-Lu|88/100 slp|[from] Stealth Rock
|-ability|p1a: Ting-Lu|Vessel of Ruin
|turn|43
|
|t:|1776091771
|move|p2a: Gholdengo|Nasty Plot|p2a: Gholdengo
|-boost|p2a: Gholdengo|spa|2
|cant|p1a: Ting-Lu|slp
|
|upkeep
|turn|44
|
|t:|1776091776
|move|p2a: Gholdengo|Shadow Ball|p1a: Ting-Lu
|-damage|p1a: Ting-Lu|35/100 slp
|cant|p1a: Ting-Lu|slp
|
|upkeep
|turn|45
|
|t:|1776091781
|move|p2a: Gholdengo|Shadow Ball|p1a: Ting-Lu
|-damage|p1a: Ting-Lu|0 fnt
|faint|p1a: Ting-Lu
|
|upkeep
|
|t:|1776091783
|switch|p1a: Moody Blues|Dragapult, F|72/100
|-damage|p1a: Moody Blues|59/100|[from] Stealth Rock
|turn|46
|
|t:|1776091789
|switch|p2a: Glimmora|Glimmora, F|41/100
|-damage|p2a: Glimmora|29/100|[from] Stealth Rock
|move|p1a: Moody Blues|Phantom Force||[still]
|-prepare|p1a: Moody Blues|Phantom Force
|
|upkeep
|turn|47
|
|t:|1776091796
|move|p1a: Moody Blues|Phantom Force|p2a: Glimmora|[from] lockedmove
|-damage|p2a: Glimmora|0 fnt
|-activate|p2a: Glimmora|ability: Toxic Debris
|-sidestart|p1: mymicisasian|move: Toxic Spikes
|faint|p2a: Glimmora
|
|upkeep
|
|t:|1776091810
|switch|p2a: Landorus|Landorus-Therian, M|38/100
|-damage|p2a: Landorus|26/100|[from] Stealth Rock
|-ability|p2a: Landorus|Intimidate|boost
|-unboost|p1a: Moody Blues|atk|1
|turn|48
|
|t:|1776091818
|switch|p1a: Weezing|Weezing-Galar, F|18/100
|-ability|p1a: Weezing|Neutralizing Gas
|-damage|p1a: Weezing|5/100|[from] Stealth Rock
|-sideend|p1: mymicisasian|move: Toxic Spikes|[of] p1a: Weezing
|switch|p2a: Great Tusk|Great Tusk, tera:Steel|42/100
|-damage|p2a: Great Tusk|36/100|[from] Stealth Rock
|
|-heal|p1a: Weezing|12/100|[from] item: Leftovers
|upkeep
|turn|49
|
|t:|1776091831
|move|p2a: Great Tusk|Ice Spinner|p1a: Weezing
|-crit|p1a: Weezing
|-damage|p1a: Weezing|0 fnt
|faint|p1a: Weezing
|-end|p1a: Weezing|ability: Neutralizing Gas
|
|upkeep
|
|t:|1776091835
|switch|p1a: Moody Blues|Dragapult, F|59/100
|-damage|p1a: Moody Blues|47/100|[from] Stealth Rock
|turn|50
|
|t:|1776091845
|-end|p2a: Great Tusk|Protosynthesis|[silent]
|switch|p2a: Landorus|Landorus-Therian, M|26/100
|-damage|p2a: Landorus|14/100|[from] Stealth Rock
|-ability|p2a: Landorus|Intimidate|boost
|-unboost|p1a: Moody Blues|atk|1
|move|p1a: Moody Blues|Phantom Force||[still]
|-prepare|p1a: Moody Blues|Phantom Force
|
|upkeep
|turn|51
|
|t:|1776091858
|switch|p2a: Great Tusk|Great Tusk, tera:Steel|36/100
|-damage|p2a: Great Tusk|30/100|[from] Stealth Rock
|move|p1a: Moody Blues|Phantom Force|p2a: Great Tusk|[from] lockedmove
|-damage|p2a: Great Tusk|3/100
|-damage|p1a: Moody Blues|31/100|[from] item: Rocky Helmet|[of] p2a: Great Tusk
|
|upkeep
|turn|52
|
|t:|1776091869
|move|p1a: Moody Blues|Phantom Force||[still]
|-prepare|p1a: Moody Blues|Phantom Force
|move|p2a: Great Tusk|Knock Off|p1a: Moody Blues|[miss]
|-miss|p2a: Great Tusk|p1a: Moody Blues
|
|upkeep
|turn|53
|
|t:|1776091873
|move|p1a: Moody Blues|Phantom Force|p2a: Great Tusk|[from] lockedmove
|-damage|p2a: Great Tusk|0 fnt
|-damage|p1a: Moody Blues|14/100|[from] item: Rocky Helmet|[of] p2a: Great Tusk
|faint|p2a: Great Tusk
|-end|p2a: Great Tusk|Protosynthesis|[silent]
|
|upkeep
|
|t:|1776091880
|switch|p2a: Landorus|Landorus-Therian, M|14/100
|-damage|p2a: Landorus|1/100|[from] Stealth Rock
|-ability|p2a: Landorus|Intimidate|boost
|-unboost|p1a: Moody Blues|atk|1
|turn|54
|
|t:|1776091887
|switch|p1a: Tiffany BlueStones|Kyurem, shiny|48/100
|-damage|p1a: Tiffany BlueStones|23/100|[from] Stealth Rock
|-ability|p1a: Tiffany BlueStones|Pressure
|move|p2a: Landorus|Earthquake|p1a: Tiffany BlueStones
|-damage|p1a: Tiffany BlueStones|0 fnt
|faint|p1a: Tiffany BlueStones
|
|upkeep
|
|t:|1776091890
|switch|p1a: Moody Blues|Dragapult, F|14/100
|-damage|p1a: Moody Blues|2/100|[from] Stealth Rock
|turn|55
|
|t:|1776091898
|move|p1a: Moody Blues|Phantom Force||[still]
|-prepare|p1a: Moody Blues|Phantom Force
|move|p2a: Landorus|Earthquake|p1a: Moody Blues|[miss]
|-miss|p2a: Landorus|p1a: Moody Blues
|
|upkeep
|turn|56
|
|t:|1776091902
|move|p1a: Moody Blues|Phantom Force|p2a: Landorus|[from] lockedmove
|-crit|p2a: Landorus
|-damage|p2a: Landorus|0 fnt
|-damage|p1a: Moody Blues|0 fnt|[from] item: Rocky Helmet|[of] p2a: Landorus
|faint|p2a: Landorus
|faint|p1a: Moody Blues
|
|win|SS D Venerable
|raw|mymicisasian's rating: 1402 &rarr; <strong>1386</strong><br />(-16 for losing)
|raw|SS D Venerable's rating: 1467 &rarr; <strong>1483</strong><br />(+16 for winning)
|l|☆mymicisasian
|player|p1|
