|html|<div class="broadcast-blue"><strong>[Gen 9] OU is currently suspecting Tera Blast! For information on how to participate check out the <a href="https://www.smogon.com/tools/suspects/view/200">suspect thread</a>.</strong></div>
|j|‽clorox man
|j|☆A Welcome Guest
|t:|1776049563
|gametype|singles
|player|p1|clorox man|clown|1748
|player|p2|A Welcome Guest|pokemaniac|1784
|gen|9
|tier|[Gen 9] OU
|rated|
|rule|HP Percentage Mod: HP is shown in percentages
|rule|Endless Battle Clause: Forcing endless battles is banned
|rule|Species Clause: Limit one of each Pokémon
|rule|OHKO Clause: OHKO moves are banned
|rule|Evasion Items Clause: Evasion items are banned
|rule|Evasion Moves Clause: Evasion moves are banned
|rule|Evasion Abilities Clause: Evasion abilities are banned
|rule|Sleep Moves Clause: Sleep-inducing moves are banned
|clearpoke
|poke|p1|Dragonite, M|
|poke|p1|Great Tusk|
|poke|p1|Gholdengo|
|poke|p1|Ting-Lu|
|poke|p1|Raging Bolt|
|poke|p1|Darkrai|
|poke|p2|Alomomola, F|
|poke|p2|Weezing-Galar, F|
|poke|p2|Gliscor, M|
|poke|p2|Corviknight, F|
|poke|p2|Ogerpon, F|
|poke|p2|Darkrai|
|teampreview
|c|☆A Welcome Guest|hf
|inactive|Battle timer is ON: inactive players will automatically lose when time's up. (requested by clorox man)
|
|t:|1776049598
|teamsize|p1|6
|teamsize|p2|6
|start
|switch|p1a: Ting-Lu|Ting-Lu|100/100
|switch|p2a: Gliscor|Gliscor, M|100/100
|-ability|p1a: Ting-Lu|Vessel of Ruin
|turn|1
|
|t:|1776049602
|move|p2a: Gliscor|Toxic|p1a: Ting-Lu
|-status|p1a: Ting-Lu|tox
|move|p1a: Ting-Lu|Ruination|p2a: Gliscor
|-damage|p2a: Gliscor|50/100
|
|-damage|p1a: Ting-Lu|94/100 tox|[from] psn
|-status|p2a: Gliscor|tox|[from] item: Toxic Orb
|upkeep
|turn|2
|
|t:|1776049605
|move|p2a: Gliscor|Stealth Rock|p1a: Ting-Lu
|-sidestart|p1: clorox man|move: Stealth Rock
|move|p1a: Ting-Lu|Stealth Rock|p2a: Gliscor
|-sidestart|p2: A Welcome Guest|move: Stealth Rock
|
|-heal|p2a: Gliscor|63/100 tox|[from] ability: Poison Heal
|-damage|p1a: Ting-Lu|82/100 tox|[from] psn
|upkeep
|turn|3
|
|t:|1776049607
|move|p2a: Gliscor|Earthquake|p1a: Ting-Lu
|-damage|p1a: Ting-Lu|64/100 tox
|-enditem|p1a: Ting-Lu|Red Card|[of] p2a: Gliscor
|drag|p2a: Ogerpon|Ogerpon, F|100/100
|-damage|p2a: Ogerpon|88/100|[from] Stealth Rock
|move|p1a: Ting-Lu|Whirlwind|p2a: Ogerpon
|drag|p2a: Darkrai|Darkrai|100/100
|-damage|p2a: Darkrai|88/100|[from] Stealth Rock
|
|-damage|p1a: Ting-Lu|45/100 tox|[from] psn
|upkeep
|turn|4
|
|t:|1776049612
|switch|p2a: Corviknight|Corviknight, F|100/100
|-damage|p2a: Corviknight|88/100|[from] Stealth Rock
|-ability|p2a: Corviknight|Pressure
|move|p1a: Ting-Lu|Spikes|p2a: Corviknight
|-sidestart|p2: A Welcome Guest|Spikes
|
|-heal|p2a: Corviknight|94/100|[from] item: Leftovers
|-damage|p1a: Ting-Lu|20/100 tox|[from] psn
|upkeep
|turn|5
|
|t:|1776049619
|move|p2a: Corviknight|Brave Bird|p1a: Ting-Lu
|-damage|p1a: Ting-Lu|0 fnt
|faint|p1a: Ting-Lu
|-damage|p2a: Corviknight|86/100|[from] Recoil
|
|-heal|p2a: Corviknight|92/100|[from] item: Leftovers
|upkeep
|
|t:|1776049628
|switch|p1a: Raging Bolt|Raging Bolt|100/100
|-damage|p1a: Raging Bolt|88/100|[from] Stealth Rock
|-enditem|p1a: Raging Bolt|Booster Energy
|-activate|p1a: Raging Bolt|ability: Protosynthesis|[fromitem]
|-start|p1a: Raging Bolt|protosynthesisspa
|turn|6
|
|t:|1776049638
|move|p1a: Raging Bolt|Thunderbolt|p2a: Corviknight
|-supereffective|p2a: Corviknight
|-damage|p2a: Corviknight|0 fnt
|faint|p2a: Corviknight
|
|upkeep
|
|t:|1776049644
|switch|p2a: Gliscor|Gliscor, M|63/100 tox
|-damage|p2a: Gliscor|50/100 tox|[from] Stealth Rock
|turn|7
|
|t:|1776049648
|move|p2a: Gliscor|Earthquake|p1a: Raging Bolt
|-supereffective|p1a: Raging Bolt
|-damage|p1a: Raging Bolt|24/100
|move|p1a: Raging Bolt|Dragon Pulse|p2a: Gliscor
|-damage|p2a: Gliscor|0 fnt
|faint|p2a: Gliscor
|
|upkeep
|
|t:|1776049661
|switch|p2a: Ogerpon|Ogerpon, F|88/100
|-damage|p2a: Ogerpon|76/100|[from] Stealth Rock
|-damage|p2a: Ogerpon|64/100|[from] Spikes
|turn|8
|
|t:|1776049667
|move|p1a: Raging Bolt|Thunderclap|p2a: Ogerpon
|-resisted|p2a: Ogerpon
|-damage|p2a: Ogerpon|33/100
|move|p2a: Ogerpon|Ivy Cudgel|p1a: Raging Bolt
|-resisted|p1a: Raging Bolt
|-crit|p1a: Raging Bolt
|-damage|p1a: Raging Bolt|0 fnt
|faint|p1a: Raging Bolt
|-end|p1a: Raging Bolt|Protosynthesis|[silent]
|
|upkeep
|
|t:|1776049682
|switch|p1a: Dragonite|Dragonite, M|100/100
|turn|9
|
|t:|1776049686
|switch|p2a: Alomomola|Alomomola, F|100/100
|-damage|p2a: Alomomola|88/100|[from] Stealth Rock
|-damage|p2a: Alomomola|76/100|[from] Spikes
|move|p1a: Dragonite|Dragon Dance|p1a: Dragonite
|-boost|p1a: Dragonite|atk|1
|-boost|p1a: Dragonite|spe|1
|
|upkeep
|turn|10
|
|t:|1776049692
|switch|p1a: Darkrai|Darkrai|100/100
|move|p2a: Alomomola|Tickle|p1a: Darkrai
|-unboost|p1a: Darkrai|atk|1
|-unboost|p1a: Darkrai|def|1
|
|upkeep
|turn|11
|
|t:|1776049698
|switch|p2a: Weezing|Weezing-Galar, F|100/100
|-ability|p2a: Weezing|Neutralizing Gas
|-damage|p2a: Weezing|88/100|[from] Stealth Rock
|-damage|p2a: Weezing|76/100|[from] Spikes
|move|p1a: Darkrai|Will-O-Wisp|p2a: Weezing
|-status|p2a: Weezing|brn
|
|-heal|p2a: Weezing|82/100 brn|[from] item: Leftovers
|-damage|p2a: Weezing|76/100 brn|[from] brn
|upkeep
|turn|12
|
|t:|1776049705
|move|p1a: Darkrai|Ice Beam|p2a: Weezing
|-damage|p2a: Weezing|28/100 brn
|move|p2a: Weezing|Defog|p1a: Darkrai
|-unboost|p1a: Darkrai|evasion|1
|-sideend|p1: clorox man|Stealth Rock|[from] move: Defog|[of] p2a: Weezing
|-sideend|p2: A Welcome Guest|Spikes|[from] move: Defog|[of] p2a: Weezing
|-sideend|p2: A Welcome Guest|Stealth Rock|[from] move: Defog|[of] p2a: Weezing
|
|-heal|p2a: Weezing|34/100 brn|[from] item: Leftovers
|-damage|p2a: Weezing|28/100 brn|[from] brn
|upkeep
|turn|13
|
|t:|1776049708
|move|p1a: Darkrai|Ice Beam|p2a: Weezing
|-damage|p2a: Weezing|0 fnt
|faint|p2a: Weezing
|-end|p2a: Weezing|ability: Neutralizing Gas
|
|upkeep
|j| Shucklepilled
|
|t:|1776049718
|switch|p2a: Darkrai|Darkrai|88/100
|turn|14
|
|t:|1776049723
|move|p2a: Darkrai|Focus Blast|p1a: Darkrai
|-supereffective|p1a: Darkrai
|-damage|p1a: Darkrai|0 fnt
|faint|p1a: Darkrai
|
|upkeep
|
|t:|1776049729
|switch|p1a: Great Tusk|Great Tusk|100/100
|-enditem|p1a: Great Tusk|Booster Energy
|-activate|p1a: Great Tusk|ability: Protosynthesis|[fromitem]
|-start|p1a: Great Tusk|protosynthesisspe
|turn|15
|
|t:|1776049734
|switch|p2a: Alomomola|Alomomola, F|100/100
|move|p1a: Great Tusk|Bulk Up|p1a: Great Tusk
|-boost|p1a: Great Tusk|atk|1
|-boost|p1a: Great Tusk|def|1
|
|upkeep
|turn|16
|
|t:|1776049737
|move|p1a: Great Tusk|Headlong Rush|p2a: Alomomola
|-crit|p2a: Alomomola
|-damage|p2a: Alomomola|37/100
|-unboost|p1a: Great Tusk|def|1
|-unboost|p1a: Great Tusk|spd|1
|-damage|p1a: Great Tusk|84/100|[from] item: Rocky Helmet|[of] p2a: Alomomola
|move|p2a: Alomomola|Flip Turn|p1a: Great Tusk
|-supereffective|p1a: Great Tusk
|-damage|p1a: Great Tusk|63/100
|
|t:|1776049745
|switch|p2a: Ogerpon|Ogerpon, F|33/100|[from] Flip Turn
|
|upkeep
|turn|17
|
|t:|1776049750
|-terastallize|p2a: Ogerpon|Grass
|detailschange|p2a: Ogerpon|Ogerpon-Teal-Tera, F, tera:Grass
|-ability|p2a: Ogerpon|Embody Aspect (Teal)|boost
|-boost|p2a: Ogerpon|spe|1
|move|p2a: Ogerpon|Ivy Cudgel|p1a: Great Tusk
|-supereffective|p1a: Great Tusk
|-damage|p1a: Great Tusk|0 fnt
|faint|p1a: Great Tusk
|-end|p1a: Great Tusk|Protosynthesis|[silent]
|
|upkeep
|
|t:|1776049754
|switch|p1a: Dragonite|Dragonite, M|100/100
|turn|18
|
|t:|1776049765
|move|p2a: Ogerpon|Knock Off|p1a: Dragonite
|-damage|p1a: Dragonite|82/100
|-enditem|p1a: Dragonite|Heavy-Duty Boots|[from] move: Knock Off|[of] p2a: Ogerpon
|move|p1a: Dragonite|Dragon Dance|p1a: Dragonite
|-boost|p1a: Dragonite|atk|1
|-boost|p1a: Dragonite|spe|1
|
|upkeep
|turn|19
|
|t:|1776049771
|move|p2a: Ogerpon|Encore|p1a: Dragonite
|-start|p1a: Dragonite|Encore
|move|p1a: Dragonite|Dragon Dance|p1a: Dragonite
|-boost|p1a: Dragonite|atk|1
|-boost|p1a: Dragonite|spe|1
|
|upkeep
|turn|20
|
|t:|1776049776
|switch|p2a: Darkrai|Darkrai|88/100
|move|p1a: Dragonite|Dragon Dance|p1a: Dragonite
|-boost|p1a: Dragonite|atk|1
|-boost|p1a: Dragonite|spe|1
|
|upkeep
|turn|21
|
|t:|1776049781
|-terastallize|p1a: Dragonite|Flying
|move|p1a: Dragonite|Dragon Dance|p1a: Dragonite
|-boost|p1a: Dragonite|atk|1
|-boost|p1a: Dragonite|spe|1
|move|p2a: Darkrai|Trick|p1a: Dragonite
|-activate|p2a: Darkrai|move: Trick|[of] p1a: Dragonite
|-item|p1a: Dragonite|Choice Specs|[from] move: Trick
|-enditem|p2a: Darkrai|Choice Specs|[silent]|[from] move: Trick
|
|-end|p1a: Dragonite|Encore
|upkeep
|turn|22
|
|t:|1776049788
|move|p1a: Dragonite|Tera Blast|p2a: Darkrai|[anim] Tera Blast Flying
|-damage|p2a: Darkrai|0 fnt
|faint|p2a: Darkrai
|
|upkeep
|-message|A Welcome Guest forfeited.
|
|win|clorox man
|raw|clorox man's rating: 1748 &rarr; <strong>1770</strong><br />(+22 for winning)
|raw|A Welcome Guest's rating: 1784 &rarr; <strong>1762</strong><br />(-22 for losing)
|l|☆A Welcome Guest
|player|p2|
|l| Shucklepilled
|l|‽clorox man
|player|p1|
