|html|<div class="broadcast-blue"><strong>[Gen 9] OU is currently suspecting Tera Blast! For information on how to participate check out the <a href="https://www.smogon.com/tools/suspects/view/200">suspect thread</a>.</strong></div>
|j|☆maiese
|j|☆comickeegan
|t:|1776291350
|gametype|singles
|player|p1|maiese|red|1022
|player|p2|comickeegan|266|1037
|gen|9
|tier|[Gen 9] OU
|rated|
|rule|HP Percentage Mod: HP is shown in percentages
|rule|Endless Battle Clause: Forcing endless battles is banned
|rule|Species Clause: Limit one of each Pokémon
|rule|OHKO Clause: OHKO moves are banned
|rule|Evasion Items Clause: Evasion items are banned
|rule|Evasion Moves Clause: Evasion moves are banned
|rule|Evasion Abilities Clause: Evasion abilities are banned
|rule|Sleep Moves Clause: Sleep-inducing moves are banned
|clearpoke
|poke|p1|Gliscor, M|
|poke|p1|Blaziken, M|
|poke|p1|Hydreigon, F|
|poke|p1|Zapdos|
|poke|p1|Lucario, F|
|poke|p1|Quaquaval, F|
|poke|p2|Leafeon, M|
|poke|p2|Clefable, F|
|poke|p2|Hatterene, F|
|poke|p2|Garchomp, F|
|poke|p2|Quaquaval, M|
|poke|p2|Gholdengo|
|teampreview
|
|t:|1776291365
|teamsize|p1|6
|teamsize|p2|6
|start
|switch|p1a: Gliscor|Gliscor, M|100/100
|switch|p2a: Hatterene|Hatterene, F|100/100
|turn|1
|
|t:|1776291374
|move|p1a: Gliscor|Earthquake|p2a: Hatterene
|-damage|p2a: Hatterene|69/100
|move|p2a: Hatterene|Calm Mind|p2a: Hatterene
|-boost|p2a: Hatterene|spa|1
|-boost|p2a: Hatterene|spd|1
|
|-heal|p2a: Hatterene|75/100|[from] item: Leftovers
|-status|p1a: Gliscor|tox|[from] item: Toxic Orb
|upkeep
|turn|2
|
|t:|1776291390
|switch|p1a: Lucario|Lucario, F|100/100
|move|p2a: Hatterene|Psychic Noise|p1a: Lucario
|-damage|p1a: Lucario|31/100
|-start|p1a: Lucario|move: Heal Block
|
|-heal|p2a: Hatterene|81/100|[from] item: Leftovers
|upkeep
|turn|3
|
|t:|1776291404
|move|p1a: Lucario|Flash Cannon|p2a: Hatterene
|-supereffective|p2a: Hatterene
|-damage|p2a: Hatterene|29/100
|move|p2a: Hatterene|Psychic Noise|p1a: Lucario
|-damage|p1a: Lucario|0 fnt
|faint|p1a: Lucario
|
|-heal|p2a: Hatterene|35/100|[from] item: Leftovers
|upkeep
|
|t:|1776291425
|switch|p1a: Zapdos|Zapdos, shiny|100/100
|turn|4
|
|t:|1776291433
|move|p1a: Zapdos|Thunder Wave|p2a: Hatterene
|move|p2a: Hatterene|Thunder Wave|p1a: Zapdos|[from] ability: Magic Bounce
|-immune|p1a: Zapdos
|move|p2a: Hatterene|Draining Kiss|p1a: Zapdos
|-damage|p1a: Zapdos|68/100
|-heal|p2a: Hatterene|62/100|[from] drain|[of] p1a: Zapdos
|
|-heal|p2a: Hatterene|68/100|[from] item: Leftovers
|upkeep
|turn|5
|
|t:|1776291443
|move|p1a: Zapdos|Thunderbolt|p2a: Hatterene
|-damage|p2a: Hatterene|30/100
|-damage|p1a: Zapdos|58/100|[from] item: Life Orb
|move|p2a: Hatterene|Psychic Noise|p1a: Zapdos
|-damage|p1a: Zapdos|4/100
|-start|p1a: Zapdos|move: Heal Block
|
|-heal|p2a: Hatterene|36/100|[from] item: Leftovers
|upkeep
|turn|6
|
|t:|1776291505
|move|p1a: Zapdos|Brave Bird|p2a: Hatterene
|-damage|p2a: Hatterene|0 fnt
|faint|p2a: Hatterene
|-damage|p1a: Zapdos|0 fnt|[from] Recoil
|faint|p1a: Zapdos
|
|upkeep
|
|t:|1776291549
|switch|p1a: Blaziken|Blaziken, M|100/100
|switch|p2a: Gholdengo|Gholdengo, shiny|100/100
|turn|7
|
|t:|1776291556
|switch|p2a: Quaquaval|Quaquaval, M|100/100
|move|p1a: Blaziken|Protect||[still]
|-fail|p1a: Blaziken
|
|-ability|p1a: Blaziken|Speed Boost|boost
|-boost|p1a: Blaziken|spe|1
|upkeep
|turn|8
|
|t:|1776291569
|move|p1a: Blaziken|Earthquake|p2a: Quaquaval
|-damage|p2a: Quaquaval|63/100
|move|p2a: Quaquaval|Aqua Step|p1a: Blaziken
|-supereffective|p1a: Blaziken
|-enditem|p1a: Blaziken|Focus Sash
|-damage|p1a: Blaziken|1/100
|-boost|p2a: Quaquaval|spe|1
|
|-ability|p1a: Blaziken|Speed Boost|boost
|-boost|p1a: Blaziken|spe|1
|upkeep
|turn|9
|
|t:|1776291587
|move|p2a: Quaquaval|Rapid Spin|p1a: Blaziken
|-damage|p1a: Blaziken|0 fnt
|-boost|p2a: Quaquaval|spe|1
|faint|p1a: Blaziken
|-ability|p2a: Quaquaval|Moxie|boost
|-boost|p2a: Quaquaval|atk|1
|
|upkeep
|
|t:|1776291609
|switch|p1a: Gliscor|Gliscor, M|100/100 tox
|turn|10
|
|t:|1776291618
|-terastallize|p1a: Gliscor|Ice
|move|p2a: Quaquaval|Aqua Step|p1a: Gliscor
|-damage|p1a: Gliscor|48/100 tox
|-boost|p2a: Quaquaval|spe|1
|move|p1a: Gliscor|Toxic|p2a: Quaquaval|[miss]
|-miss|p1a: Gliscor|p2a: Quaquaval
|
|-heal|p1a: Gliscor|61/100 tox|[from] ability: Poison Heal
|upkeep
|turn|11
|
|t:|1776291630
|move|p2a: Quaquaval|Close Combat|p1a: Gliscor
|-supereffective|p1a: Gliscor
|-damage|p1a: Gliscor|0 fnt
|-unboost|p2a: Quaquaval|def|1
|-unboost|p2a: Quaquaval|spd|1
|faint|p1a: Gliscor
|-ability|p2a: Quaquaval|Moxie|boost
|-boost|p2a: Quaquaval|atk|1
|
|upkeep
|
|t:|1776291637
|switch|p1a: Quaquaval|Quaquaval, F|100/100
|turn|12
|
|t:|1776291648
|move|p2a: Quaquaval|Close Combat|p1a: Quaquaval
|-damage|p1a: Quaquaval|0 fnt
|-unboost|p2a: Quaquaval|def|1
|-unboost|p2a: Quaquaval|spd|1
|faint|p1a: Quaquaval
|-ability|p2a: Quaquaval|Moxie|boost
|-boost|p2a: Quaquaval|atk|1
|
|upkeep
|-message|maiese forfeited.
|
|win|comickeegan
|raw|maiese's rating: 1022 &rarr; <strong>1009</strong><br />(-13 for losing)
|raw|comickeegan's rating: 1037 &rarr; <strong>1070</strong><br />(+33 for winning)
|l|☆maiese
|player|p1|
