|html|<div class="broadcast-blue"><strong>[Gen 9] OU is currently suspecting Tera Blast! For information on how to participate check out the <a href="https://www.smogon.com/tools/suspects/view/200">suspect thread</a>.</strong></div>
|j|☆EeroyeTheCamerupt
|j|‽bigoldlips
|t:|1776105437
|gametype|singles
|player|p1|EeroyeTheCamerupt|hilda|1186
|player|p2|bigoldlips|cynthia|1163
|gen|9
|tier|[Gen 9] OU
|rated|
|rule|HP Percentage Mod: HP is shown in percentages
|rule|Endless Battle Clause: Forcing endless battles is banned
|rule|Species Clause: Limit one of each Pokémon
|rule|OHKO Clause: OHKO moves are banned
|rule|Evasion Items Clause: Evasion items are banned
|rule|Evasion Moves Clause: Evasion moves are banned
|rule|Evasion Abilities Clause: Evasion abilities are banned
|rule|Sleep Moves Clause: Sleep-inducing moves are banned
|clearpoke
|poke|p1|Swanna, F|
|poke|p1|Gholdengo|
|poke|p1|Iron Valiant|
|poke|p1|Cinderace, M|
|poke|p1|Kingambit, F|
|poke|p1|Clodsire, F|
|poke|p2|Hydrapple, M|
|poke|p2|Tyranitar, F|
|poke|p2|Moltres|
|poke|p2|Zamazenta-*|
|poke|p2|Slowking-Galar, F|
|poke|p2|Excadrill, F|
|teampreview
|inactive|Battle timer is ON: inactive players will automatically lose when time's up. (requested by bigoldlips)
|c|☆EeroyeTheCamerupt|ohko_incineroar :D
|
|t:|1776105463
|teamsize|p1|6
|teamsize|p2|6
|start
|switch|p1a: CLODfromElemental|Clodsire, F|100/100
|switch|p2a: Tyranitar|Tyranitar, F|100/100
|-weather|Sandstorm|[from] ability: Sand Stream|[of] p2a: Tyranitar
|turn|1
|
|t:|1776105478
|move|p2a: Tyranitar|Stealth Rock|p1a: CLODfromElemental
|-sidestart|p1: EeroyeTheCamerupt|move: Stealth Rock
|move|p1a: CLODfromElemental|Toxic|p2a: Tyranitar
|-status|p2a: Tyranitar|tox
|
|-weather|Sandstorm|[upkeep]
|-damage|p2a: Tyranitar|94/100 tox|[from] psn
|upkeep
|turn|2
|
|t:|1776105497
|switch|p2a: Slowking|Slowking-Galar, F|100/100
|move|p1a: CLODfromElemental|Earthquake|p2a: Slowking
|-supereffective|p2a: Slowking
|-damage|p2a: Slowking|57/100
|
|-weather|Sandstorm|[upkeep]
|-damage|p2a: Slowking|51/100|[from] Sandstorm
|upkeep
|turn|3
|
|t:|1776105504
|move|p2a: Slowking|Psyshock|p1a: CLODfromElemental
|-supereffective|p1a: CLODfromElemental
|-damage|p1a: CLODfromElemental|33/100
|move|p1a: CLODfromElemental|Earthquake|p2a: Slowking
|-supereffective|p2a: Slowking
|-damage|p2a: Slowking|10/100
|
|-weather|Sandstorm|[upkeep]
|-damage|p2a: Slowking|4/100|[from] Sandstorm
|-heal|p1a: CLODfromElemental|39/100|[from] item: Black Sludge
|upkeep
|turn|4
|
|t:|1776105512
|move|p2a: Slowking|Psyshock|p1a: CLODfromElemental
|-supereffective|p1a: CLODfromElemental
|-damage|p1a: CLODfromElemental|0 fnt
|faint|p1a: CLODfromElemental
|
|-weather|Sandstorm|[upkeep]
|-damage|p2a: Slowking|0 fnt|[from] Sandstorm
|faint|p2a: Slowking
|upkeep
|inactive|bigoldlips has 120 seconds left.
|inactive|bigoldlips has 90 seconds left.
|
|t:|1776105573
|switch|p2a: Moltres|Moltres|100/100
|switch|p1a: Cygnus|Swanna, F|100/100
|-damage|p1a: Cygnus|76/100|[from] Stealth Rock
|turn|5
|inactive|bigoldlips has 90 seconds left.
|inactive|bigoldlips has 60 seconds left.
|
|t:|1776105631
|move|p1a: Cygnus|Surf|p2a: Moltres
|-supereffective|p2a: Moltres
|-damage|p2a: Moltres|22/100
|move|p2a: Moltres|U-turn|p1a: Cygnus
|-resisted|p1a: Cygnus
|-damage|p1a: Cygnus|64/100
|inactive|bigoldlips has 30 seconds left.
|
|t:|1776105647
|switch|p2a: Excadrill|Excadrill, F|100/100|[from] U-turn
|-item|p2a: Excadrill|Air Balloon
|
|-weather|Sandstorm|[upkeep]
|-damage|p1a: Cygnus|58/100|[from] Sandstorm
|-heal|p1a: Cygnus|64/100|[from] item: Leftovers
|upkeep
|turn|6
|inactive|bigoldlips has 30 seconds left.
|inactive|bigoldlips has 20 seconds left.
|
|t:|1776105670
|move|p2a: Excadrill|Swords Dance|p2a: Excadrill
|-boost|p2a: Excadrill|atk|2
|move|p1a: Cygnus|Surf|p2a: Excadrill
|-supereffective|p2a: Excadrill
|-damage|p2a: Excadrill|0 fnt
|-enditem|p2a: Excadrill|Air Balloon
|faint|p2a: Excadrill
|
|-weather|Sandstorm|[upkeep]
|-damage|p1a: Cygnus|58/100|[from] Sandstorm
|-heal|p1a: Cygnus|64/100|[from] item: Leftovers
|upkeep
|inactive|bigoldlips has 25 seconds left this turn.
|inactive|bigoldlips has 20 seconds left.
|-message|bigoldlips forfeited.
|
|win|EeroyeTheCamerupt
|raw|EeroyeTheCamerupt's rating: 1186 &rarr; <strong>1209</strong><br />(+23 for winning)
|raw|bigoldlips's rating: 1163 &rarr; <strong>1140</strong><br />(-23 for losing)
|l|‽bigoldlips
|player|p2|
|c|☆EeroyeTheCamerupt|relt I fear
|c|☆EeroyeTheCamerupt|gg
