|html|<div class="broadcast-blue"><strong>[Gen 9] OU is currently suspecting Volcarona! For information on how to participate check out the <a href="https://www.smogon.com/tools/suspects/view/208">suspect thread</a>.</strong></div>
|j|☆LuchoEnriquePSG
|j|☆tennitttT on YT
|t:|1778517933
|gametype|singles
|player|p1|LuchoEnriquePSG|lysandre|1066
|player|p2|tennitttT on YT|265|1050
|gen|9
|tier|[Gen 9] OU
|rated|
|rule|HP Percentage Mod: HP is shown in percentages
|rule|Endless Battle Clause: Forcing endless battles is banned
|rule|Species Clause: Limit one of each Pokémon
|rule|OHKO Clause: OHKO moves are banned
|rule|Evasion Items Clause: Evasion items are banned
|rule|Evasion Moves Clause: Evasion moves are banned
|rule|Evasion Abilities Clause: Evasion abilities are banned
|rule|Sleep Moves Clause: Sleep-inducing moves are banned
|clearpoke
|poke|p1|Rillaboom, M|
|poke|p1|Zamazenta-*|
|poke|p1|Ceruledge, M|
|poke|p1|Samurott-Hisui, M|
|poke|p1|Latias, F|
|poke|p1|Iron Treads|
|poke|p2|Magikarp, F|
|poke|p2|Probopass, M|
|poke|p2|Flareon, M|
|poke|p2|Falinks|
|poke|p2|Arboliva, M|
|teampreview
|j| Engimon
|l| Engimon
|j| Engimon
|c|☆tennitttT on YT|glhf
|
|t:|1778517961
|teamsize|p1|6
|teamsize|p2|5
|start
|switch|p1a: Kvaratskhelia|Zamazenta|100/100
|switch|p2a: the highlight|Arboliva, M|100/100
|-ability|p1a: Kvaratskhelia|Dauntless Shield|boost
|-boost|p1a: Kvaratskhelia|def|1
|turn|1
|
|t:|1778517976
|move|p1a: Kvaratskhelia|Light Screen|p1a: Kvaratskhelia
|-sidestart|p1: LuchoEnriquePSG|move: Light Screen
|move|p2a: the highlight|Substitute|p2a: the highlight
|-start|p2a: the highlight|Substitute
|-damage|p2a: the highlight|75/100
|
|upkeep
|turn|2
|inactive|Battle timer is ON: inactive players will automatically lose when time's up. (requested by LuchoEnriquePSG)
|l| Engimon
|
|t:|1778518010
|move|p1a: Kvaratskhelia|Reflect|p1a: Kvaratskhelia
|-sidestart|p1: LuchoEnriquePSG|Reflect
|move|p2a: the highlight|Hyper Beam|p1a: Kvaratskhelia
|-crit|p1a: Kvaratskhelia
|-damage|p1a: Kvaratskhelia|27/100
|-mustrecharge|p2a: the highlight
|
|upkeep
|turn|3
|
|t:|1778518016
|cant|p2a: the highlight|recharge
|move|p1a: Kvaratskhelia|Roar|p2a: the highlight
|drag|p2a: mustache with nose|Probopass, M|100/100
|
|upkeep
|turn|4
|
|t:|1778518032
|move|p1a: Kvaratskhelia|Steel Beam|p2a: mustache with nose
|-damage|p2a: mustache with nose|86/100
|-damage|p1a: Kvaratskhelia|0 fnt|[from] steelbeam
|faint|p1a: Kvaratskhelia
|move|p2a: mustache with nose|Body Press|p1: Kvaratskhelia|[notarget]
|-fail|p2a: mustache with nose
|
|upkeep
|
|t:|1778518039
|switch|p1a: Vitinha|Samurott-Hisui, M|100/100
|turn|5
|
|t:|1778518049
|move|p1a: Vitinha|Swords Dance|p1a: Vitinha
|-boost|p1a: Vitinha|atk|2
|move|p2a: mustache with nose|Head Smash|p1a: Vitinha
|-damage|p1a: Vitinha|79/100
|-damage|p2a: mustache with nose|75/100|[from] Recoil
|
|upkeep
|turn|6
|
|t:|1778518058
|move|p1a: Vitinha|Razor Shell|p2a: mustache with nose
|-supereffective|p2a: mustache with nose
|-damage|p2a: mustache with nose|0 fnt
|faint|p2a: mustache with nose
|
|upkeep
|
|t:|1778518075
|switch|p2a: the highlight|Arboliva, M|75/100
|turn|7
|
|t:|1778518086
|move|p1a: Vitinha|Ceaseless Edge|p2a: the highlight
|-damage|p2a: the highlight|0 fnt
|-fieldstart|move: Grassy Terrain|[from] ability: Seed Sower|[of] p2a: the highlight
|-sidestart|p2: tennitttT on YT|Spikes
|faint|p2a: the highlight
|
|-heal|p1a: Vitinha|85/100|[from] Grassy Terrain
|upkeep
|
|t:|1778518100
|switch|p2a: firefox|Flareon, M|100/100
|-damage|p2a: firefox|88/100|[from] Spikes
|turn|8
|c|☆tennitttT on YT|how do i check my ELO
|
|t:|1778518119
|move|p1a: Vitinha|Razor Shell|p2a: firefox
|-supereffective|p2a: firefox
|-damage|p2a: firefox|0 fnt
|faint|p2a: firefox
|
|-heal|p1a: Vitinha|91/100|[from] Grassy Terrain
|-sideend|p1: LuchoEnriquePSG|move: Light Screen
|upkeep
|n|☆tennitttT on YT|tennittttonyt
|inactive|tennitttT on YT has 120 seconds left.
|
|t:|1778518140
|switch|p2a: line 'o gremlins|Falinks|100/100
|-damage|p2a: line 'o gremlins|88/100|[from] Spikes
|turn|9
|
|t:|1778518145
|move|p1a: Vitinha|Razor Shell|p2a: line 'o gremlins|[miss]
|-miss|p1a: Vitinha|p2a: line 'o gremlins
|move|p2a: line 'o gremlins|No Retreat|p2a: line 'o gremlins
|-boost|p2a: line 'o gremlins|atk|1
|-boost|p2a: line 'o gremlins|def|1
|-boost|p2a: line 'o gremlins|spa|1
|-boost|p2a: line 'o gremlins|spd|1
|-boost|p2a: line 'o gremlins|spe|1
|-start|p2a: line 'o gremlins|move: No Retreat
|
|-heal|p2a: line 'o gremlins|94/100|[from] Grassy Terrain
|-heal|p2a: line 'o gremlins|99/100|[from] item: Leftovers
|-heal|p1a: Vitinha|98/100|[from] Grassy Terrain
|-sideend|p1: LuchoEnriquePSG|Reflect
|upkeep
|turn|10
|
|t:|1778518160
|move|p2a: line 'o gremlins|Bulk Up|p2a: line 'o gremlins
|-boost|p2a: line 'o gremlins|atk|1
|-boost|p2a: line 'o gremlins|def|1
|move|p1a: Vitinha|Razor Shell|p2a: line 'o gremlins
|-damage|p2a: line 'o gremlins|30/100
|
|-heal|p2a: line 'o gremlins|36/100|[from] Grassy Terrain
|-heal|p2a: line 'o gremlins|42/100|[from] item: Leftovers
|-heal|p1a: Vitinha|100/100|[from] Grassy Terrain
|upkeep
|turn|11
|inactive|tennitttT on YT has 120 seconds left.
|
|t:|1778518176
|-terastallize|p2a: line 'o gremlins|Fighting
|move|p2a: line 'o gremlins|Agility|p2a: line 'o gremlins
|-boost|p2a: line 'o gremlins|spe|2
|move|p1a: Vitinha|Razor Shell|p2a: line 'o gremlins
|-damage|p2a: line 'o gremlins|0 fnt
|faint|p2a: line 'o gremlins
|
|-fieldend|move: Grassy Terrain
|upkeep
|inactive|tennitttT on YT has 120 seconds left.
|
|t:|1778518185
|switch|p2a: karp|Magikarp, F|100/100
|-damage|p2a: karp|88/100|[from] Spikes
|turn|12
|inactive|tennitttT on YT has 120 seconds left.
|
|t:|1778518200
|move|p1a: Vitinha|Ceaseless Edge|p2a: karp
|-damage|p2a: karp|0 fnt
|-sidestart|p2: tennitttT on YT|Spikes
|faint|p2a: karp
|
|win|LuchoEnriquePSG
|raw|LuchoEnriquePSG's rating: 1066 &rarr; <strong>1095</strong><br />(+29 for winning)
|raw|tennitttT on YT's rating: 1050 &rarr; <strong>1033</strong><br />(-17 for losing)
|c|☆tennitttT on YT|my bad
|c|☆tennitttT on YT|gg
|l|☆tennitttT on YT
|player|p2|
|j|☆tennitttT on YT
|player|p2|tennitttT on YT|265|
|l|☆tennitttT on YT
|player|p2|
|l|☆LuchoEnriquePSG
|player|p1|
