|html|<div class="broadcast-blue"><strong>[Gen 9] OU is currently suspecting Tera Blast! For information on how to participate check out the <a href="https://www.smogon.com/tools/suspects/view/200">suspect thread</a>.</strong></div>
|j|☆NintenCant
|j|☆saimeee
|t:|1776085064
|gametype|singles
|player|p1|NintenCant|iris-gen5bw2|1055
|player|p2|saimeee|ethan|1070
|gen|9
|tier|[Gen 9] OU
|rated|
|rule|HP Percentage Mod: HP is shown in percentages
|rule|Endless Battle Clause: Forcing endless battles is banned
|rule|Species Clause: Limit one of each Pokémon
|rule|OHKO Clause: OHKO moves are banned
|rule|Evasion Items Clause: Evasion items are banned
|rule|Evasion Moves Clause: Evasion moves are banned
|rule|Evasion Abilities Clause: Evasion abilities are banned
|rule|Sleep Moves Clause: Sleep-inducing moves are banned
|clearpoke
|poke|p1|Ursaluna, F|
|poke|p1|Indeedee, M|
|poke|p1|Maushold|
|poke|p1|Toucannon, F|
|poke|p1|Farigiraf, M|
|poke|p1|Ditto|
|poke|p2|Enamorus, F|
|poke|p2|Rotom-Wash|
|poke|p2|Kingambit, M|
|poke|p2|Gliscor, M|
|poke|p2|Chesnaught, M|
|poke|p2|Heatran, M|
|teampreview
|
|t:|1776085079
|teamsize|p1|6
|teamsize|p2|6
|start
|switch|p1a: Toucannon|Toucannon, F|100/100
|switch|p2a: Führer|Gliscor, M, shiny|100/100
|turn|1
|
|t:|1776085087
|move|p2a: Führer|Knock Off|p1a: Toucannon
|-damage|p1a: Toucannon|74/100
|-enditem|p1a: Toucannon|Heavy-Duty Boots|[from] move: Knock Off|[of] p2a: Führer
|move|p1a: Toucannon|Knock Off|p2a: Führer
|-damage|p2a: Führer|79/100
|-enditem|p2a: Führer|Toxic Orb|[from] move: Knock Off|[of] p1a: Toucannon
|
|upkeep
|turn|2
|
|t:|1776085094
|-singleturn|p1a: Toucannon|move: Beak Blast
|move|p2a: Führer|Earthquake|p1a: Toucannon
|-immune|p1a: Toucannon
|move|p1a: Toucannon|Beak Blast|p2a: Führer
|-damage|p2a: Führer|47/100
|
|upkeep
|turn|3
|
|t:|1776085104
|switch|p2a: Alphonse|Rotom-Wash, shiny|100/100
|-singleturn|p1a: Toucannon|move: Beak Blast
|move|p1a: Toucannon|Beak Blast|p2a: Alphonse
|-resisted|p2a: Alphonse
|-damage|p2a: Alphonse|70/100
|
|-heal|p2a: Alphonse|76/100|[from] item: Leftovers
|upkeep
|turn|4
|
|t:|1776085118
|move|p2a: Alphonse|Hydro Pump|p1a: Toucannon
|-damage|p1a: Toucannon|26/100
|move|p1a: Toucannon|U-turn|p2a: Alphonse
|-damage|p2a: Alphonse|47/100
|
|t:|1776085125
|switch|p1a: DestroyTheChald|Maushold|100/100|[from] U-turn
|
|-heal|p2a: Alphonse|53/100|[from] item: Leftovers
|upkeep
|turn|5
|
|t:|1776085135
|move|p1a: DestroyTheChald|Population Bomb|p2a: Alphonse
|-damage|p2a: Alphonse|41/100
|-damage|p2a: Alphonse|29/100
|-damage|p2a: Alphonse|18/100
|-crit|p2a: Alphonse
|-damage|p2a: Alphonse|1/100
|-hitcount|p2a: Alphonse|4
|move|p2a: Alphonse|Pain Split|p1a: DestroyTheChald
|-sethp|p1a: DestroyTheChald|50/100|[from] move: Pain Split|[silent]
|-sethp|p2a: Alphonse|48/100|[from] move: Pain Split
|
|-heal|p2a: Alphonse|54/100|[from] item: Leftovers
|upkeep
|turn|6
|
|t:|1776085148
|move|p1a: DestroyTheChald|Population Bomb|p2a: Alphonse
|-damage|p2a: Alphonse|42/100
|-damage|p2a: Alphonse|30/100
|-damage|p2a: Alphonse|17/100
|-damage|p2a: Alphonse|6/100
|-damage|p2a: Alphonse|0 fnt
|faint|p2a: Alphonse
|-hitcount|p2: Alphonse|5
|
|upkeep
|
|t:|1776085152
|switch|p2a: Yeezy|Kingambit, M|100/100
|-activate|p2a: Yeezy|ability: Supreme Overlord
|-start|p2a: Yeezy|fallen1|[silent]
|turn|7
|
|t:|1776085156
|switch|p1a: Ursaluna|Ursaluna, F|100/100
|move|p2a: Yeezy|Sucker Punch||[still]
|-fail|p2a: Yeezy
|
|-status|p1a: Ursaluna|brn|[from] item: Flame Orb
|upkeep
|turn|8
|
|t:|1776085162
|-end|p2a: Yeezy|fallen1|[silent]
|switch|p2a: Mia Khalifa|Chesnaught, M, shiny|100/100
|move|p1a: Ursaluna|Close Combat|p2a: Mia Khalifa
|-damage|p2a: Mia Khalifa|57/100
|-unboost|p1a: Ursaluna|def|1
|-unboost|p1a: Ursaluna|spd|1
|-damage|p1a: Ursaluna|84/100 brn|[from] item: Rocky Helmet|[of] p2a: Mia Khalifa
|
|-damage|p1a: Ursaluna|78/100 brn|[from] brn
|upkeep
|turn|9
|
|t:|1776085172
|switch|p1a: Ditto|Ditto|100/100
|-transform|p1a: Ditto|p2a: Mia Khalifa|[from] ability: Imposter
|move|p2a: Mia Khalifa|Body Press|p1a: Ditto
|-damage|p1a: Ditto|66/100
|
|upkeep
|turn|10
|
|t:|1776085182
|move|p1a: Ditto|Spikes|p2a: Mia Khalifa
|-sidestart|p2: saimeee|Spikes
|move|p2a: Mia Khalifa|Leech Seed|p1a: Ditto
|-immune|p1a: Ditto
|
|upkeep
|turn|11
|
|t:|1776085187
|move|p1a: Ditto|Spikes|p2a: Mia Khalifa
|-sidestart|p2: saimeee|Spikes
|move|p2a: Mia Khalifa|Body Press|p1a: Ditto
|-damage|p1a: Ditto|36/100
|
|upkeep
|turn|12
|
|t:|1776085190
|move|p1a: Ditto|Spikes|p2a: Mia Khalifa
|-sidestart|p2: saimeee|Spikes
|move|p2a: Mia Khalifa|Body Press|p1a: Ditto
|-damage|p1a: Ditto|3/100
|
|upkeep
|turn|13
|
|t:|1776085202
|switch|p1a: Farigiraf|Farigiraf, M|100/100
|move|p2a: Mia Khalifa|Body Press|p1a: Farigiraf
|-damage|p1a: Farigiraf|57/100
|
|upkeep
|turn|14
|
|t:|1776085207
|move|p2a: Mia Khalifa|Leech Seed|p1a: Farigiraf
|-start|p1a: Farigiraf|move: Leech Seed
|move|p1a: Farigiraf|Trick Room|p1a: Farigiraf
|-fieldstart|move: Trick Room|[of] p1a: Farigiraf
|
|-damage|p1a: Farigiraf|44/100|[from] Leech Seed|[of] p2a: Mia Khalifa
|-heal|p2a: Mia Khalifa|70/100|[silent]
|upkeep
|turn|15
|
|t:|1776085211
|move|p1a: Farigiraf|Nasty Plot|p1a: Farigiraf
|-boost|p1a: Farigiraf|spa|2
|move|p2a: Mia Khalifa|Body Press|p1a: Farigiraf
|-damage|p1a: Farigiraf|2/100
|
|-damage|p1a: Farigiraf|0 fnt|[from] Leech Seed|[of] p2a: Mia Khalifa
|-heal|p2a: Mia Khalifa|71/100|[silent]
|faint|p1a: Farigiraf
|upkeep
|
|t:|1776085214
|switch|p1a: Toucannon|Toucannon, F|26/100
|turn|16
|
|t:|1776085240
|-singleturn|p1a: Toucannon|move: Beak Blast
|move|p2a: Mia Khalifa|Knock Off|p1a: Toucannon
|-damage|p1a: Toucannon|7/100
|-status|p2a: Mia Khalifa|brn
|move|p1a: Toucannon|Beak Blast|p2a: Mia Khalifa
|-supereffective|p2a: Mia Khalifa
|-damage|p2a: Mia Khalifa|0 fnt
|faint|p2a: Mia Khalifa
|
|upkeep
|
|t:|1776085251
|switch|p2a: Yeezy|Kingambit, M|100/100
|-damage|p2a: Yeezy|75/100|[from] Spikes
|-activate|p2a: Yeezy|ability: Supreme Overlord
|-start|p2a: Yeezy|fallen2|[silent]
|turn|17
|
|t:|1776085254
|-singleturn|p1a: Toucannon|move: Beak Blast
|move|p2a: Yeezy|Sucker Punch|p1a: Toucannon
|-damage|p1a: Toucannon|0 fnt
|-status|p2a: Yeezy|brn
|faint|p1a: Toucannon
|
|-damage|p2a: Yeezy|69/100 brn|[from] brn
|upkeep
|
|t:|1776085263
|switch|p1a: Ursaluna|Ursaluna, F|78/100 brn
|turn|18
|
|t:|1776085273
|-end|p2a: Yeezy|fallen2|[silent]
|switch|p2a: Virgin|Enamorus, F|100/100
|move|p1a: Ursaluna|Headlong Rush|p2a: Virgin
|-immune|p2a: Virgin
|
|-damage|p1a: Ursaluna|72/100 brn|[from] brn
|-fieldend|move: Trick Room
|upkeep
|turn|19
|
|t:|1776085285
|move|p2a: Virgin|Moonblast|p1a: Ursaluna
|-damage|p1a: Ursaluna|29/100 brn
|move|p1a: Ursaluna|Facade|p2a: Virgin
|-damage|p2a: Virgin|0 fnt
|faint|p2a: Virgin
|
|-damage|p1a: Ursaluna|23/100 brn|[from] brn
|upkeep
|
|t:|1776085293
|switch|p2a: Yeezy|Kingambit, M|69/100 brn
|-damage|p2a: Yeezy|44/100 brn|[from] Spikes
|-activate|p2a: Yeezy|ability: Supreme Overlord
|-start|p2a: Yeezy|fallen3|[silent]
|turn|20
|
|t:|1776085316
|move|p2a: Yeezy|Sucker Punch|p1a: Ursaluna
|-crit|p1a: Ursaluna
|-damage|p1a: Ursaluna|0 fnt
|faint|p1a: Ursaluna
|
|-damage|p2a: Yeezy|38/100 brn|[from] brn
|upkeep
|
|t:|1776085319
|switch|p1a: Indeedee|Indeedee, M|100/100
|-fieldstart|move: Psychic Terrain|[from] ability: Psychic Surge|[of] p1a: Indeedee
|turn|21
|
|t:|1776085330
|move|p1a: Indeedee|Draining Kiss|p2a: Yeezy
|-damage|p2a: Yeezy|16/100 brn
|move|p2a: Yeezy|Kowtow Cleave|p1a: Indeedee
|-supereffective|p1a: Indeedee
|-damage|p1a: Indeedee|0 fnt
|faint|p1a: Indeedee
|
|-damage|p2a: Yeezy|10/100 brn|[from] brn
|upkeep
|
|t:|1776085335
|switch|p1a: Ditto|Ditto|3/100
|-transform|p1a: Ditto|p2a: Yeezy|[from] ability: Imposter
|-activate|p1a: Ditto|ability: Supreme Overlord
|-start|p1a: Ditto|fallen4|[silent]
|turn|22
|
|t:|1776085345
|move|p1a: Ditto|Kowtow Cleave|p2a: Yeezy
|-resisted|p2a: Yeezy
|-damage|p2a: Yeezy|0 fnt
|faint|p2a: Yeezy
|-end|p2a: Yeezy|fallen3|[silent]
|
|upkeep
|
|t:|1776085353
|switch|p2a: Führer|Gliscor, M, shiny|47/100
|turn|23
|
|t:|1776085356
|move|p2a: Führer|Knock Off|p1a: Ditto
|-resisted|p1a: Ditto
|-damage|p1a: Ditto|0 fnt
|-enditem|p1a: Ditto|Choice Scarf|[from] move: Knock Off|[of] p2a: Führer
|faint|p1a: Ditto
|-end|p1a: Ditto|fallen4|[silent]
|
|upkeep
|
|t:|1776085358
|switch|p1a: DestroyTheChald|Maushold|50/100
|turn|24
|
|t:|1776085364
|move|p2a: Führer|Protect|p2a: Führer
|-singleturn|p2a: Führer|Protect
|move|p1a: DestroyTheChald|Population Bomb|p2a: Führer
|-activate|p2a: Führer|move: Protect
|
|upkeep
|turn|25
|
|t:|1776085370
|move|p1a: DestroyTheChald|Tidy Up|p1a: DestroyTheChald
|-sideend|p2: saimeee|Spikes
|-activate|p1a: DestroyTheChald|move: Tidy Up
|-boost|p1a: DestroyTheChald|atk|1
|-boost|p1a: DestroyTheChald|spe|1
|move|p2a: Führer|Earthquake|p1a: DestroyTheChald
|-damage|p1a: DestroyTheChald|0 fnt
|faint|p1a: DestroyTheChald
|
|win|saimeee
|raw|NintenCant's rating: 1055 &rarr; <strong>1038</strong><br />(-17 for losing)
|raw|saimeee's rating: 1070 &rarr; <strong>1098</strong><br />(+28 for winning)
|l|☆NintenCant
|player|p1|
|l|☆saimeee
|player|p2|
