|html|<div class="broadcast-blue"><strong>[Gen 9] OU is currently suspecting Tera Blast! For information on how to participate check out the <a href="https://www.smogon.com/tools/suspects/view/200">suspect thread</a>.</strong></div>
|badge|p1|bronze|gen9ubers|100-9
|uhtml|medal-msg|<div class="broadcast-blue">Curious what those medals under the avatar are? PS now has Ladder Seasons! For more information, check out the <a href="https://www.smogon.com/forums/threads/3740067/">thread on Smogon.</a></div>
|j|☆jason986
|j|☆jimmy_bob_guy
|t:|1776263714
|gametype|singles
|player|p1|jason986|170|1453
|player|p2|jimmy_bob_guy|linebacker|1509
|gen|9
|tier|[Gen 9] OU
|rated|
|rule|HP Percentage Mod: HP is shown in percentages
|rule|Endless Battle Clause: Forcing endless battles is banned
|rule|Species Clause: Limit one of each Pokémon
|rule|OHKO Clause: OHKO moves are banned
|rule|Evasion Items Clause: Evasion items are banned
|rule|Evasion Moves Clause: Evasion moves are banned
|rule|Evasion Abilities Clause: Evasion abilities are banned
|rule|Sleep Moves Clause: Sleep-inducing moves are banned
|clearpoke
|poke|p1|Ninetales, F|
|poke|p1|Raging Bolt|
|poke|p1|Walking Wake|
|poke|p1|Lilligant-Hisui, F|
|poke|p1|Iron Moth|
|poke|p1|Great Tusk|
|poke|p2|Dragonite, F|
|poke|p2|Kingambit, F|
|poke|p2|Iron Moth|
|poke|p2|Samurott-Hisui, M|
|poke|p2|Iron Valiant|
|poke|p2|Moltres-Galar|
|teampreview
|inactive|Battle timer is ON: inactive players will automatically lose when time's up. (requested by jimmy_bob_guy)
|
|t:|1776263736
|teamsize|p1|6
|teamsize|p2|6
|start
|switch|p1a: Ninetales|Ninetales, F|100/100
|switch|p2a: Samurott|Samurott-Hisui, M|100/100
|-weather|SunnyDay|[from] ability: Drought|[of] p1a: Ninetales
|turn|1
|
|t:|1776263748
|switch|p1a: Lilligant|Lilligant-Hisui, F|100/100
|move|p2a: Samurott|Ceaseless Edge|p1a: Lilligant
|-resisted|p1a: Lilligant
|-damage|p1a: Lilligant|60/100
|-sidestart|p1: jason986|Spikes
|
|-weather|SunnyDay|[upkeep]
|upkeep
|turn|2
|
|t:|1776263765
|switch|p2a: Iron Moth|Iron Moth|100/100
|-enditem|p2a: Iron Moth|Booster Energy
|-activate|p2a: Iron Moth|ability: Quark Drive|[fromitem]
|-start|p2a: Iron Moth|quarkdrivespe
|move|p1a: Lilligant|Close Combat|p2a: Iron Moth
|-resisted|p2a: Iron Moth
|-damage|p2a: Iron Moth|61/100
|-unboost|p1a: Lilligant|def|1
|-unboost|p1a: Lilligant|spd|1
|
|-weather|SunnyDay|[upkeep]
|upkeep
|turn|3
|
|t:|1776263782
|move|p1a: Lilligant|Close Combat|p2a: Iron Moth
|-resisted|p2a: Iron Moth
|-damage|p2a: Iron Moth|20/100
|-unboost|p1a: Lilligant|def|1
|-unboost|p1a: Lilligant|spd|1
|move|p2a: Iron Moth|Fiery Dance|p1a: Lilligant
|-supereffective|p1a: Lilligant
|-damage|p1a: Lilligant|0 fnt
|-boost|p2a: Iron Moth|spa|1
|faint|p1a: Lilligant
|
|-weather|SunnyDay|[upkeep]
|upkeep
|
|t:|1776263792
|switch|p1a: Raging Bolt|Raging Bolt|100/100
|-damage|p1a: Raging Bolt|88/100|[from] Spikes
|-activate|p1a: Raging Bolt|ability: Protosynthesis
|-start|p1a: Raging Bolt|protosynthesisspa
|turn|4
|
|t:|1776263802
|move|p2a: Iron Moth|Dazzling Gleam|p1a: Raging Bolt
|-supereffective|p1a: Raging Bolt
|-damage|p1a: Raging Bolt|45/100
|move|p1a: Raging Bolt|Dragon Pulse|p2a: Iron Moth
|-damage|p2a: Iron Moth|0 fnt
|faint|p2a: Iron Moth
|-end|p2a: Iron Moth|Quark Drive|[silent]
|
|-weather|SunnyDay|[upkeep]
|upkeep
|
|t:|1776263806
|switch|p2a: Samurott|Samurott-Hisui, M|100/100
|turn|5
|
|t:|1776263813
|move|p1a: Raging Bolt|Thunderclap|p2a: Samurott
|-supereffective|p2a: Samurott
|-enditem|p2a: Samurott|Focus Sash
|-damage|p2a: Samurott|1/100
|move|p2a: Samurott|Ceaseless Edge|p1a: Raging Bolt
|-damage|p1a: Raging Bolt|1/100
|-sidestart|p1: jason986|Spikes
|
|-weather|SunnyDay|[upkeep]
|upkeep
|turn|6
|
|t:|1776263822
|move|p2a: Samurott|Sucker Punch|p1a: Raging Bolt
|-damage|p1a: Raging Bolt|0 fnt
|faint|p1a: Raging Bolt
|-end|p1a: Raging Bolt|Protosynthesis|[silent]
|
|-weather|SunnyDay|[upkeep]
|upkeep
|
|t:|1776263834
|switch|p1a: Iron Moth|Iron Moth|100/100
|-damage|p1a: Iron Moth|84/100|[from] Spikes
|-enditem|p1a: Iron Moth|Booster Energy
|-activate|p1a: Iron Moth|ability: Quark Drive|[fromitem]
|-start|p1a: Iron Moth|quarkdrivespa
|turn|7
|
|t:|1776263839
|move|p1a: Iron Moth|Fiery Dance|p2a: Samurott
|-resisted|p2a: Samurott
|-damage|p2a: Samurott|0 fnt
|faint|p2a: Samurott
|
|-weather|SunnyDay|[upkeep]
|upkeep
|
|t:|1776263845
|switch|p2a: Dragonite|Dragonite, F|100/100
|turn|8
|
|t:|1776263869
|-end|p1a: Iron Moth|Quark Drive|[silent]
|switch|p1a: Great Tusk|Great Tusk|100/100
|-damage|p1a: Great Tusk|84/100|[from] Spikes
|-activate|p1a: Great Tusk|ability: Protosynthesis
|-start|p1a: Great Tusk|protosynthesisspe
|move|p2a: Dragonite|Dragon Dance|p2a: Dragonite
|-boost|p2a: Dragonite|atk|1
|-boost|p2a: Dragonite|spe|1
|
|-weather|none
|-end|p1a: Great Tusk|Protosynthesis
|upkeep
|turn|9
|
|t:|1776263877
|move|p2a: Dragonite|Outrage|p1a: Great Tusk
|-damage|p1a: Great Tusk|21/100
|-damage|p2a: Dragonite|84/100|[from] item: Rocky Helmet|[of] p1a: Great Tusk
|move|p1a: Great Tusk|Rapid Spin|p2a: Dragonite
|-damage|p2a: Dragonite|68/100
|-boost|p1a: Great Tusk|spe|1
|-sideend|p1: jason986|Spikes|[from] move: Rapid Spin|[of] p1a: Great Tusk
|
|upkeep
|turn|10
|
|t:|1776263886
|move|p1a: Great Tusk|Ice Spinner|p2a: Dragonite
|-supereffective|p2a: Dragonite
|-damage|p2a: Dragonite|0 fnt
|faint|p2a: Dragonite
|
|upkeep
|
|t:|1776263890
|switch|p2a: Iron Valiant|Iron Valiant|100/100
|-enditem|p2a: Iron Valiant|Booster Energy
|-activate|p2a: Iron Valiant|ability: Quark Drive|[fromitem]
|-start|p2a: Iron Valiant|quarkdrivespe
|turn|11
|
|t:|1776263895
|-end|p1a: Great Tusk|Protosynthesis|[silent]
|switch|p1a: Ninetales|Ninetales, F|100/100
|-weather|SunnyDay|[from] ability: Drought|[of] p1a: Ninetales
|move|p2a: Iron Valiant|Moonblast|p1a: Ninetales
|-resisted|p1a: Ninetales
|-damage|p1a: Ninetales|72/100
|-unboost|p1a: Ninetales|spa|1
|
|-weather|SunnyDay|[upkeep]
|upkeep
|turn|12
|
|t:|1776263909
|switch|p1a: Iron Moth|Iron Moth|84/100
|move|p2a: Iron Valiant|Knock Off|p1a: Iron Moth
|-damage|p1a: Iron Moth|51/100
|
|-weather|SunnyDay|[upkeep]
|upkeep
|turn|13
|
|t:|1776263917
|move|p2a: Iron Valiant|Knock Off|p1a: Iron Moth
|-damage|p1a: Iron Moth|16/100
|move|p1a: Iron Moth|Fiery Dance|p2a: Iron Valiant
|-damage|p2a: Iron Valiant|0 fnt
|-boost|p1a: Iron Moth|spa|1
|faint|p2a: Iron Valiant
|-end|p2a: Iron Valiant|Quark Drive|[silent]
|
|-weather|SunnyDay|[upkeep]
|upkeep
|
|t:|1776263922
|switch|p2a: Sweeper|Moltres-Galar, shiny|100/100
|turn|14
|
|t:|1776263928
|move|p1a: Iron Moth|Fiery Dance|p2a: Sweeper
|-damage|p2a: Sweeper|14/100
|-boost|p1a: Iron Moth|spa|1
|-ability|p2a: Sweeper|Berserk|boost
|-boost|p2a: Sweeper|spa|1
|-enditem|p2a: Sweeper|Sitrus Berry|[eat]
|-heal|p2a: Sweeper|39/100|[from] item: Sitrus Berry
|move|p2a: Sweeper|Agility|p2a: Sweeper
|-boost|p2a: Sweeper|spe|2
|
|-weather|SunnyDay|[upkeep]
|upkeep
|turn|15
|
|t:|1776263936
|move|p2a: Sweeper|Fiery Wrath|p1a: Iron Moth
|-damage|p1a: Iron Moth|0 fnt
|faint|p1a: Iron Moth
|-end|p1a: Iron Moth|Quark Drive|[silent]
|
|-weather|SunnyDay|[upkeep]
|upkeep
|
|t:|1776263942
|switch|p1a: Walking Wake|Walking Wake|100/100
|-activate|p1a: Walking Wake|ability: Protosynthesis
|-start|p1a: Walking Wake|protosynthesisspe
|turn|16
|
|t:|1776263944
|-terastallize|p2a: Sweeper|Fairy
|move|p2a: Sweeper|Tera Blast|p1a: Walking Wake|[anim] Tera Blast Fairy
|-supereffective|p1a: Walking Wake
|-damage|p1a: Walking Wake|0 fnt
|faint|p1a: Walking Wake
|-end|p1a: Walking Wake|Protosynthesis|[silent]
|
|-weather|SunnyDay|[upkeep]
|upkeep
|
|t:|1776263963
|switch|p1a: Ninetales|Ninetales, F|72/100
|turn|17
|
|t:|1776263965
|move|p2a: Sweeper|Fiery Wrath|p1a: Ninetales
|-damage|p1a: Ninetales|2/100
|move|p1a: Ninetales|Weather Ball|p2a: Sweeper
|-damage|p2a: Sweeper|0 fnt
|faint|p2a: Sweeper
|
|-weather|SunnyDay|[upkeep]
|upkeep
|
|t:|1776263970
|switch|p2a: Kingambit|Kingambit, F|100/100
|-activate|p2a: Kingambit|ability: Supreme Overlord
|-start|p2a: Kingambit|fallen5|[silent]
|-item|p2a: Kingambit|Air Balloon
|turn|18
|
|t:|1776263975
|move|p2a: Kingambit|Sucker Punch||[still]
|-fail|p2a: Kingambit
|move|p1a: Ninetales|Healing Wish|p1a: Ninetales
|faint|p1a: Ninetales
|
|-weather|none
|upkeep
|
|t:|1776263982
|switch|p1a: Great Tusk|Great Tusk|21/100
|-heal|p1a: Great Tusk|100/100|[from] move: Healing Wish
|turn|19
|
|t:|1776263989
|move|p1a: Great Tusk|Ice Spinner|p2a: Kingambit
|-resisted|p2a: Kingambit
|-damage|p2a: Kingambit|91/100
|-enditem|p2a: Kingambit|Air Balloon
|move|p2a: Kingambit|Iron Head|p1a: Great Tusk
|-damage|p1a: Great Tusk|55/100
|-damage|p2a: Kingambit|74/100|[from] item: Rocky Helmet|[of] p1a: Great Tusk
|
|upkeep
|turn|20
|c|☆jason986|gg
|
|t:|1776264004
|move|p2a: Kingambit|Sucker Punch|p1a: Great Tusk
|-resisted|p1a: Great Tusk
|-damage|p1a: Great Tusk|36/100
|-damage|p2a: Kingambit|58/100|[from] item: Rocky Helmet|[of] p1a: Great Tusk
|move|p1a: Great Tusk|Headlong Rush|p2a: Kingambit
|-supereffective|p2a: Kingambit
|-damage|p2a: Kingambit|0 fnt
|-unboost|p1a: Great Tusk|def|1
|-unboost|p1a: Great Tusk|spd|1
|faint|p2a: Kingambit
|-end|p2a: Kingambit|fallen5|[silent]
|
|win|jason986
|raw|jason986's rating: 1453 &rarr; <strong>1476</strong><br />(+23 for winning)
|raw|jimmy_bob_guy's rating: 1509 &rarr; <strong>1486</strong><br />(-23 for losing)
|l|☆jimmy_bob_guy
|player|p2|
