|html|<div class="broadcast-blue"><strong>[Gen 9] OU is currently suspecting Tera Blast! For information on how to participate check out the <a href="https://www.smogon.com/tools/suspects/view/200">suspect thread</a>.</strong></div>
|j|☆Sprakenheit
|j|☆tastelesscow
|t:|1776262250
|gametype|singles
|player|p1|Sprakenheit|marley|1283
|player|p2|tastelesscow|hilbert|1266
|gen|9
|tier|[Gen 9] OU
|rated|
|rule|HP Percentage Mod: HP is shown in percentages
|rule|Endless Battle Clause: Forcing endless battles is banned
|rule|Species Clause: Limit one of each Pokémon
|rule|OHKO Clause: OHKO moves are banned
|rule|Evasion Items Clause: Evasion items are banned
|rule|Evasion Moves Clause: Evasion moves are banned
|rule|Evasion Abilities Clause: Evasion abilities are banned
|rule|Sleep Moves Clause: Sleep-inducing moves are banned
|clearpoke
|poke|p1|Iron Valiant|
|poke|p1|Dragonite, F|
|poke|p1|Glimmora, F|
|poke|p1|Gholdengo|
|poke|p1|Ogerpon-Wellspring, F|
|poke|p1|Mamoswine, M|
|poke|p2|Glimmora, F|
|poke|p2|Rillaboom, M|
|poke|p2|Kingambit, M|
|poke|p2|Hoopa-Unbound|
|poke|p2|Great Tusk|
|poke|p2|Alomomola, F|
|teampreview
|inactive|Battle timer is ON: inactive players will automatically lose when time's up. (requested by Sprakenheit)
|
|t:|1776262264
|teamsize|p1|6
|teamsize|p2|6
|start
|switch|p1a: Glimmora|Glimmora, F|100/100
|switch|p2a: Geeta|Glimmora, F, shiny|100/100
|turn|1
|
|t:|1776262271
|move|p2a: Geeta|Power Gem|p1a: Glimmora
|-damage|p1a: Glimmora|43/100
|move|p1a: Glimmora|Earth Power|p2a: Geeta
|-supereffective|p2a: Geeta
|-damage|p2a: Geeta|0 fnt
|faint|p2a: Geeta
|
|upkeep
|
|t:|1776262284
|switch|p2a: HAM!|Great Tusk, shiny|100/100
|turn|2
|
|t:|1776262288
|switch|p1a: Gholdengo|Gholdengo|100/100
|-item|p1a: Gholdengo|Air Balloon
|move|p2a: HAM!|Headlong Rush|p1a: Gholdengo
|-immune|p1a: Gholdengo
|
|upkeep
|turn|3
|
|t:|1776262315
|move|p2a: HAM!|Knock Off|p1a: Gholdengo
|-supereffective|p1a: Gholdengo
|-damage|p1a: Gholdengo|56/100
|-enditem|p1a: Gholdengo|Air Balloon
|move|p1a: Gholdengo|Shadow Ball|p2a: HAM!
|-damage|p2a: HAM!|47/100
|
|upkeep
|turn|4
|
|t:|1776262323
|switch|p1a: Glimmora|Glimmora, F|43/100
|move|p2a: HAM!|Headlong Rush|p1a: Glimmora
|-supereffective|p1a: Glimmora
|-damage|p1a: Glimmora|0 fnt
|-unboost|p2a: HAM!|def|1
|-unboost|p2a: HAM!|spd|1
|-activate|p1a: Glimmora|ability: Toxic Debris
|-sidestart|p2: tastelesscow|move: Toxic Spikes
|faint|p1a: Glimmora
|
|upkeep
|
|t:|1776262328
|switch|p1a: Ogerpon|Ogerpon-Wellspring, F|100/100
|turn|5
|inactive|tastelesscow has 120 seconds left.
|
|t:|1776262370
|-end|p2a: HAM!|Protosynthesis|[silent]
|switch|p2a: Funky Kong|Rillaboom, M, shiny|100/100
|-status|p2a: Funky Kong|psn
|-fieldstart|move: Grassy Terrain|[from] ability: Grassy Surge|[of] p2a: Funky Kong
|move|p1a: Ogerpon|Power Whip|p2a: Funky Kong
|-resisted|p2a: Funky Kong
|-damage|p2a: Funky Kong|48/100 psn
|
|-heal|p2a: Funky Kong|54/100 psn|[from] Grassy Terrain
|-damage|p2a: Funky Kong|42/100 psn|[from] psn
|upkeep
|turn|6
|
|t:|1776262388
|switch|p1a: Gholdengo|Gholdengo|56/100
|move|p2a: Funky Kong|Grassy Glide|p1a: Gholdengo
|-resisted|p1a: Gholdengo
|-damage|p1a: Gholdengo|43/100
|
|-heal|p2a: Funky Kong|48/100 psn|[from] Grassy Terrain
|-heal|p1a: Gholdengo|49/100|[from] Grassy Terrain
|-damage|p2a: Funky Kong|35/100 psn|[from] psn
|upkeep
|turn|7
|
|t:|1776262395
|move|p2a: Funky Kong|Knock Off|p1a: Gholdengo
|-supereffective|p1a: Gholdengo
|-damage|p1a: Gholdengo|18/100
|move|p1a: Gholdengo|Recover|p1a: Gholdengo
|-heal|p1a: Gholdengo|68/100
|
|-heal|p2a: Funky Kong|42/100 psn|[from] Grassy Terrain
|-heal|p1a: Gholdengo|75/100|[from] Grassy Terrain
|-damage|p2a: Funky Kong|29/100 psn|[from] psn
|upkeep
|turn|8
|
|t:|1776262400
|move|p2a: Funky Kong|U-turn|p1a: Gholdengo
|-resisted|p1a: Gholdengo
|-damage|p1a: Gholdengo|70/100
|
|t:|1776262404
|switch|p2a: HAM!|Great Tusk, shiny|47/100|[from] U-turn
|move|p1a: Gholdengo|Recover|p1a: Gholdengo
|-heal|p1a: Gholdengo|100/100
|
|-heal|p2a: HAM!|53/100|[from] Grassy Terrain
|upkeep
|turn|9
|
|t:|1776262415
|move|p2a: HAM!|Rapid Spin|p1a: Gholdengo
|-immune|p1a: Gholdengo
|move|p1a: Gholdengo|Shadow Ball|p2a: HAM!
|-damage|p2a: HAM!|0 fnt
|faint|p2a: HAM!
|-end|p2a: HAM!|Protosynthesis|[silent]
|
|upkeep
|c|☆tastelesscow|rip
|c|☆tastelesscow|didnt expect you to sack there
|c|☆tastelesscow|was expecting tera or switch
|c|☆Sprakenheit|Just wanted the spike to stay
|inactive|tastelesscow has 120 seconds left.
|c|☆tastelesscow|fair
|c|☆tastelesscow|it really puts me in a bad spot
|
|t:|1776262459
|switch|p2a: Genghis Khan|Kingambit, M, shiny|100/100
|-activate|p2a: Genghis Khan|ability: Supreme Overlord
|-start|p2a: Genghis Khan|fallen2|[silent]
|turn|10
|
|t:|1776262466
|move|p1a: Gholdengo|Focus Blast|p2a: Genghis Khan
|-supereffective|p2a: Genghis Khan
|-damage|p2a: Genghis Khan|0 fnt
|faint|p2a: Genghis Khan
|-end|p2a: Genghis Khan|fallen2|[silent]
|
|upkeep
|c|☆tastelesscow|aaaaaaand thats game
|inactive|tastelesscow has 120 seconds left.
|c|☆tastelesscow|gg wp
|-message|tastelesscow forfeited.
|
|win|Sprakenheit
|raw|Sprakenheit's rating: 1283 &rarr; <strong>1307</strong><br />(+24 for winning)
|raw|tastelesscow's rating: 1266 &rarr; <strong>1242</strong><br />(-24 for losing)
|c|☆Sprakenheit|GG
|l|☆tastelesscow
|player|p2|
