|html|<div class="broadcast-blue"><strong>[Gen 9] OU is currently suspecting Tera Blast! For information on how to participate check out the <a href="https://www.smogon.com/tools/suspects/view/200">suspect thread</a>.</strong></div>
|j|☆allstartalon
|j|☆hhahhahahhahahha
|t:|1776213564
|gametype|singles
|player|p1|allstartalon|pokemonranger-gen4|1177
|player|p2|hhahhahahhahahha|acetrainercouple|1175
|gen|9
|tier|[Gen 9] OU
|rated|
|rule|HP Percentage Mod: HP is shown in percentages
|rule|Endless Battle Clause: Forcing endless battles is banned
|rule|Species Clause: Limit one of each Pokémon
|rule|OHKO Clause: OHKO moves are banned
|rule|Evasion Items Clause: Evasion items are banned
|rule|Evasion Moves Clause: Evasion moves are banned
|rule|Evasion Abilities Clause: Evasion abilities are banned
|rule|Sleep Moves Clause: Sleep-inducing moves are banned
|clearpoke
|poke|p1|Munkidori, M|
|poke|p1|Excadrill, M|
|poke|p1|Scizor, F|
|poke|p1|Torkoal, F|
|poke|p1|Typhlosion, M|
|poke|p1|Kingambit, M|
|poke|p2|Deoxys-Speed|
|poke|p2|Ceruledge, F|
|poke|p2|Zamazenta-*|
|poke|p2|Ogerpon-Wellspring, F|
|poke|p2|Glimmora, M|
|poke|p2|Moltres-Galar|
|teampreview
|inactive|Battle timer is ON: inactive players will automatically lose when time's up. (requested by hhahhahahhahahha)
|j| ohko_smeargle
|
|t:|1776213579
|teamsize|p1|6
|teamsize|p2|6
|start
|switch|p1a: Torkoal|Torkoal, F, shiny|100/100
|switch|p2a: Deoxys|Deoxys-Speed|100/100
|-ability|p2a: Deoxys|Pressure
|-weather|SunnyDay|[from] ability: Drought|[of] p1a: Torkoal
|turn|1
|
|t:|1776213583
|move|p2a: Deoxys|Taunt|p1a: Torkoal
|-start|p1a: Torkoal|move: Taunt
|move|p1a: Torkoal|Fire Blast|p2a: Deoxys
|-damage|p2a: Deoxys|0 fnt
|faint|p2a: Deoxys
|
|-weather|SunnyDay|[upkeep]
|upkeep
|
|t:|1776213585
|switch|p2a: Ceruledge|Ceruledge, F|100/100
|turn|2
|
|t:|1776213589
|move|p2a: Ceruledge|Swords Dance|p2a: Ceruledge
|-boost|p2a: Ceruledge|atk|2
|move|p1a: Torkoal|Fire Blast|p2a: Ceruledge
|-resisted|p2a: Ceruledge
|-damage|p2a: Ceruledge|48/100
|
|-weather|SunnyDay|[upkeep]
|upkeep
|turn|3
|
|t:|1776213595
|move|p2a: Ceruledge|Poltergeist|p1a: Torkoal
|-activate|p1a: Torkoal|move: Poltergeist|Choice Specs
|-damage|p1a: Torkoal|0 fnt
|faint|p1a: Torkoal
|-damage|p2a: Ceruledge|39/100|[from] item: Life Orb
|
|-weather|SunnyDay|[upkeep]
|upkeep
|
|t:|1776213618
|switch|p1a: Scizor|Scizor, F, shiny|100/100
|turn|4
|
|t:|1776213634
|move|p1a: Scizor|Bullet Punch|p2a: Ceruledge
|-resisted|p2a: Ceruledge
|-damage|p2a: Ceruledge|16/100
|-ability|p2a: Ceruledge|Weak Armor|boost
|-unboost|p2a: Ceruledge|def|1
|-boost|p2a: Ceruledge|spe|2
|move|p2a: Ceruledge|Bitter Blade|p1a: Scizor
|-supereffective|p1a: Scizor
|-damage|p1a: Scizor|0 fnt
|-heal|p2a: Ceruledge|60/100|[from] drain|[of] p1a: Scizor
|faint|p1a: Scizor
|-damage|p2a: Ceruledge|51/100|[from] item: Life Orb
|
|-weather|SunnyDay|[upkeep]
|upkeep
|inactive|allstartalon has 120 seconds left.
|
|t:|1776213654
|switch|p1a: Munkidori|Munkidori, M|100/100
|turn|5
|
|t:|1776213658
|move|p2a: Ceruledge|Poltergeist|p1a: Munkidori
|-activate|p1a: Munkidori|move: Poltergeist|Life Orb
|-supereffective|p1a: Munkidori
|-damage|p1a: Munkidori|0 fnt
|faint|p1a: Munkidori
|-damage|p2a: Ceruledge|41/100|[from] item: Life Orb
|
|-weather|none
|upkeep
|
|t:|1776213665
|switch|p1a: Excadrill|Excadrill, M, shiny|100/100
|-ability|p1a: Excadrill|Mold Breaker
|turn|6
|
|t:|1776213668
|move|p2a: Ceruledge|Bitter Blade|p1a: Excadrill
|-supereffective|p1a: Excadrill
|-damage|p1a: Excadrill|0 fnt
|-heal|p2a: Ceruledge|98/100|[from] drain|[of] p1a: Excadrill
|faint|p1a: Excadrill
|-damage|p2a: Ceruledge|88/100|[from] item: Life Orb
|
|upkeep
|
|t:|1776213676
|switch|p1a: Kingambit|Kingambit, M, shiny|100/100
|-activate|p1a: Kingambit|ability: Supreme Overlord
|-start|p1a: Kingambit|fallen4|[silent]
|turn|7
|
|t:|1776213684
|move|p1a: Kingambit|Sucker Punch|p2a: Ceruledge
|-supereffective|p2a: Ceruledge
|-damage|p2a: Ceruledge|0 fnt
|faint|p2a: Ceruledge
|-damage|p1a: Kingambit|91/100|[from] item: Life Orb
|
|upkeep
|
|t:|1776213689
|switch|p2a: Zamazenta|Zamazenta|100/100
|-ability|p2a: Zamazenta|Dauntless Shield|boost
|-boost|p2a: Zamazenta|def|1
|turn|8
|
|t:|1776213704
|-terastallize|p1a: Kingambit|Psychic
|move|p2a: Zamazenta|Iron Defense|p2a: Zamazenta
|-boost|p2a: Zamazenta|def|2
|move|p1a: Kingambit|Zen Headbutt|p2a: Zamazenta
|-supereffective|p2a: Zamazenta
|-damage|p2a: Zamazenta|49/100
|-damage|p1a: Kingambit|81/100|[from] item: Life Orb
|
|-heal|p2a: Zamazenta|56/100|[from] item: Leftovers
|upkeep
|turn|9
|
|t:|1776213717
|move|p1a: Kingambit|Zen Headbutt|p2a: Zamazenta
|-supereffective|p2a: Zamazenta
|-damage|p2a: Zamazenta|4/100
|-damage|p1a: Kingambit|71/100|[from] item: Life Orb
|move|p2a: Zamazenta|Roar|p1a: Kingambit
|-end|p1a: Kingambit|fallen4|[silent]
|drag|p1a: Typhlosion|Typhlosion, M|100/100
|
|-heal|p2a: Zamazenta|11/100|[from] item: Leftovers
|upkeep
|turn|10
|l|☆allstartalon
|inactive|allstartalon disconnected and has a minute to reconnect!
|player|p1|
|inactive|allstartalon has 30 seconds to reconnect!
|inactive|allstartalon has 20 seconds to reconnect!
|inactive|allstartalon has 15 seconds to reconnect!
|inactive|allstartalon has 10 seconds to reconnect!
|inactive|allstartalon has 5 seconds to reconnect!
|-message|allstartalon lost due to inactivity.
|
|win|hhahhahahhahahha
|raw|allstartalon's rating: 1177 &rarr; <strong>1152</strong><br />(-25 for losing)
|raw|hhahhahahhahahha's rating: 1175 &rarr; <strong>1200</strong><br />(+25 for winning)
|l| ohko_smeargle
|n|☆hhahhahahhahahha|hhahhahahhahahha
