|html|<div class="broadcast-blue"><strong>[Gen 9] OU is currently suspecting Tera Blast! For information on how to participate check out the <a href="https://www.smogon.com/tools/suspects/view/200">suspect thread</a>.</strong></div>
|j|☆AssassinLemony
|j|☆mlbebek
|t:|1776060097
|gametype|singles
|player|p1|AssassinLemony|1|1322
|player|p2|mlbebek|policeman|1195
|gen|9
|tier|[Gen 9] OU
|rated|
|rule|HP Percentage Mod: HP is shown in percentages
|rule|Endless Battle Clause: Forcing endless battles is banned
|rule|Species Clause: Limit one of each Pokémon
|rule|OHKO Clause: OHKO moves are banned
|rule|Evasion Items Clause: Evasion items are banned
|rule|Evasion Moves Clause: Evasion moves are banned
|rule|Evasion Abilities Clause: Evasion abilities are banned
|rule|Sleep Moves Clause: Sleep-inducing moves are banned
|clearpoke
|poke|p1|Tyranitar, F|
|poke|p1|Excadrill, M|
|poke|p1|Kingambit, F|
|poke|p1|Garchomp, M|
|poke|p1|Pecharunt|
|poke|p1|Rotom-Wash|
|poke|p2|Feraligatr, M|
|poke|p2|Grimmsnarl, M|
|poke|p2|Walking Wake|
|poke|p2|Bisharp, M|
|poke|p2|Meowscarada, M|
|poke|p2|Tornadus-Therian, M|
|teampreview
|
|t:|1776060105
|teamsize|p1|6
|teamsize|p2|6
|start
|switch|p1a: Tyranitar|Tyranitar, F|100/100
|switch|p2a: Bisharp|Bisharp, M, shiny|100/100
|-weather|Sandstorm|[from] ability: Sand Stream|[of] p1a: Tyranitar
|turn|1
|inactive|Battle timer is ON: inactive players will automatically lose when time's up. (requested by AssassinLemony)
|
|t:|1776060117
|switch|p1a: Excadrill|Excadrill, M|100/100
|move|p2a: Bisharp|Low Kick|p1a: Excadrill
|-supereffective|p1a: Excadrill
|-damage|p1a: Excadrill|36/100
|
|-weather|Sandstorm|[upkeep]
|upkeep
|turn|2
|
|t:|1776060135
|switch|p2a: Tornadus|Tornadus-Therian, M|100/100
|move|p1a: Excadrill|Rock Slide|p2a: Tornadus
|-supereffective|p2a: Tornadus
|-damage|p2a: Tornadus|0 fnt
|faint|p2a: Tornadus
|-damage|p1a: Excadrill|26/100|[from] item: Life Orb
|
|-weather|Sandstorm|[upkeep]
|upkeep
|c|☆AssassinLemony|scrub
|
|t:|1776060143
|switch|p2a: Bisharp|Bisharp, M, shiny|100/100
|turn|3
|
|t:|1776060145
|move|p2a: Bisharp|Sucker Punch|p1a: Excadrill
|-damage|p1a: Excadrill|0 fnt
|faint|p1a: Excadrill
|
|-weather|Sandstorm|[upkeep]
|upkeep
|
|t:|1776060156
|switch|p1a: Rotom|Rotom-Wash|100/100
|turn|4
|
|t:|1776060159
|switch|p2a: Grimmsnarl|Grimmsnarl, M|100/100
|move|p1a: Rotom|Will-O-Wisp|p2a: Grimmsnarl
|-status|p2a: Grimmsnarl|brn
|
|-weather|Sandstorm|[upkeep]
|-damage|p1a: Rotom|94/100|[from] Sandstorm
|-damage|p2a: Grimmsnarl|94/100 brn|[from] Sandstorm
|-heal|p1a: Rotom|100/100|[from] item: Leftovers
|-damage|p2a: Grimmsnarl|88/100 brn|[from] brn
|upkeep
|turn|5
|
|t:|1776060165
|move|p2a: Grimmsnarl|Light Screen|p2a: Grimmsnarl
|-sidestart|p2: mlbebek|move: Light Screen
|move|p1a: Rotom|Volt Switch|p2a: Grimmsnarl
|-damage|p2a: Grimmsnarl|78/100 brn
|
|t:|1776060171
|switch|p1a: Kingambit|Kingambit, F|100/100|[from] Volt Switch
|-activate|p1a: Kingambit|ability: Supreme Overlord
|-start|p1a: Kingambit|fallen1|[silent]
|
|-weather|Sandstorm|[upkeep]
|-damage|p2a: Grimmsnarl|72/100 brn|[from] Sandstorm
|-damage|p2a: Grimmsnarl|66/100 brn|[from] brn
|upkeep
|turn|6
|
|t:|1776060180
|move|p1a: Kingambit|Iron Head|p2a: Grimmsnarl
|-supereffective|p2a: Grimmsnarl
|-damage|p2a: Grimmsnarl|0 fnt
|faint|p2a: Grimmsnarl
|
|-weather|Sandstorm|[upkeep]
|upkeep
|
|t:|1776060187
|switch|p2a: Walking Wake|Walking Wake|100/100
|turn|7
|inactive|AssassinLemony has 120 seconds left.
|
|t:|1776060230
|-end|p1a: Kingambit|fallen1|[silent]
|switch|p1a: Rotom|Rotom-Wash|100/100
|move|p2a: Walking Wake|Flamethrower|p1a: Rotom
|-resisted|p1a: Rotom
|-damage|p1a: Rotom|85/100
|
|-weather|Sandstorm|[upkeep]
|-damage|p2a: Walking Wake|94/100|[from] Sandstorm
|-damage|p1a: Rotom|79/100|[from] Sandstorm
|-heal|p1a: Rotom|85/100|[from] item: Leftovers
|upkeep
|turn|8
|
|t:|1776060238
|move|p2a: Walking Wake|Draco Meteor|p1a: Rotom
|-damage|p1a: Rotom|15/100
|-unboost|p2a: Walking Wake|spa|2
|move|p1a: Rotom|Volt Switch|p2a: Walking Wake
|-damage|p2a: Walking Wake|80/100
|
|t:|1776060255
|switch|p1a: Garchomp|Garchomp, M|100/100|[from] Volt Switch
|
|-weather|none
|upkeep
|turn|9
|
|t:|1776060262
|move|p2a: Walking Wake|Draco Meteor|p1a: Garchomp|[miss]
|-miss|p2a: Walking Wake|p1a: Garchomp
|move|p1a: Garchomp|Scale Shot|p2a: Walking Wake
|-supereffective|p2a: Walking Wake
|-damage|p2a: Walking Wake|50/100
|-supereffective|p2a: Walking Wake
|-crit|p2a: Walking Wake
|-damage|p2a: Walking Wake|9/100
|-supereffective|p2a: Walking Wake
|-damage|p2a: Walking Wake|0 fnt
|faint|p2a: Walking Wake
|-end|p2a: Walking Wake|Protosynthesis|[silent]
|-hitcount|p2: Walking Wake|3
|-unboost|p1a: Garchomp|def|1
|-boost|p1a: Garchomp|spe|1
|
|upkeep
|
|t:|1776060266
|switch|p2a: Meowscarada|Meowscarada, M|100/100
|turn|10
|-message|mlbebek forfeited.
|
|win|AssassinLemony
|raw|AssassinLemony's rating: 1322 &rarr; <strong>1335</strong><br />(+13 for winning)
|raw|mlbebek's rating: 1195 &rarr; <strong>1179</strong><br />(-16 for losing)
|l|☆mlbebek
|player|p2|
