|html|<div class="broadcast-blue"><strong>[Gen 9] OU is currently suspecting Tera Blast! For information on how to participate check out the <a href="https://www.smogon.com/tools/suspects/view/200">suspect thread</a>.</strong></div>
|j|☆Pugito2
|j|☆thatpronewb
|t:|1776121004
|gametype|singles
|player|p1|Pugito2|bellelba|1082
|player|p2|thatpronewb|veteran|1123
|gen|9
|tier|[Gen 9] OU
|rated|
|rule|HP Percentage Mod: HP is shown in percentages
|rule|Endless Battle Clause: Forcing endless battles is banned
|rule|Species Clause: Limit one of each Pokémon
|rule|OHKO Clause: OHKO moves are banned
|rule|Evasion Items Clause: Evasion items are banned
|rule|Evasion Moves Clause: Evasion moves are banned
|rule|Evasion Abilities Clause: Evasion abilities are banned
|rule|Sleep Moves Clause: Sleep-inducing moves are banned
|clearpoke
|poke|p1|Dondozo, M|
|poke|p1|Gholdengo|
|poke|p1|Samurott-Hisui, F|
|poke|p1|Rillaboom, F|
|poke|p1|Ceruledge, F|
|poke|p1|Ogerpon-Wellspring, F|
|poke|p2|Kingambit, F|
|poke|p2|Iron Treads|
|poke|p2|Sinistcha|
|poke|p2|Dragapult, M|
|poke|p2|Crawdaunt, M|
|poke|p2|Azumarill, F|
|teampreview
|inactive|Battle timer is ON: inactive players will automatically lose when time's up. (requested by Pugito2)
|c|☆Pugito2|suyp dude
|
|t:|1776121017
|teamsize|p1|6
|teamsize|p2|6
|start
|switch|p1a: Dondozo|Dondozo, M, shiny|100/100
|switch|p2a: Iron Treads|Iron Treads|100/100
|-enditem|p2a: Iron Treads|Booster Energy
|-activate|p2a: Iron Treads|ability: Quark Drive|[fromitem]
|-start|p2a: Iron Treads|quarkdrivespe
|turn|1
|
|t:|1776121033
|move|p2a: Iron Treads|Knock Off|p1a: Dondozo
|-damage|p1a: Dondozo|87/100
|-enditem|p1a: Dondozo|Leftovers|[from] move: Knock Off|[of] p2a: Iron Treads
|move|p1a: Dondozo|Curse|p1a: Dondozo
|-unboost|p1a: Dondozo|spe|1
|-boost|p1a: Dondozo|atk|1
|-boost|p1a: Dondozo|def|1
|
|upkeep
|turn|2
|
|t:|1776121051
|-end|p2a: Iron Treads|Quark Drive|[silent]
|switch|p2a: Sinistcha|Sinistcha|100/100
|move|p1a: Dondozo|Waterfall|p2a: Sinistcha
|-resisted|p2a: Sinistcha
|-crit|p2a: Sinistcha
|-damage|p2a: Sinistcha|73/100
|
|-heal|p2a: Sinistcha|79/100|[from] item: Leftovers
|upkeep
|turn|3
|
|t:|1776121060
|move|p2a: Sinistcha|Matcha Gotcha|p1a: Dondozo
|-supereffective|p1a: Dondozo
|-damage|p1a: Dondozo|6/100
|-heal|p2a: Sinistcha|100/100|[from] drain|[of] p1a: Dondozo
|move|p1a: Dondozo|Curse|p1a: Dondozo
|-unboost|p1a: Dondozo|spe|1
|-boost|p1a: Dondozo|atk|1
|-boost|p1a: Dondozo|def|1
|
|upkeep
|turn|4
|
|t:|1776121070
|move|p2a: Sinistcha|Matcha Gotcha|p1a: Dondozo
|-supereffective|p1a: Dondozo
|-damage|p1a: Dondozo|0 fnt
|faint|p1a: Dondozo
|
|upkeep
|
|t:|1776121079
|switch|p1a: Ceruledge|Ceruledge, F, shiny|100/100
|turn|5
|
|t:|1776121085
|move|p1a: Ceruledge|Shadow Sneak|p2a: Sinistcha
|-supereffective|p2a: Sinistcha
|-damage|p2a: Sinistcha|46/100
|-damage|p1a: Ceruledge|91/100|[from] item: Life Orb
|move|p2a: Sinistcha|Scald|p1a: Ceruledge
|-supereffective|p1a: Ceruledge
|-damage|p1a: Ceruledge|25/100
|
|-heal|p2a: Sinistcha|53/100|[from] item: Leftovers
|upkeep
|turn|6
|
|t:|1776121098
|move|p1a: Ceruledge|Shadow Sneak|p2a: Sinistcha
|-supereffective|p2a: Sinistcha
|-damage|p2a: Sinistcha|0 fnt
|faint|p2a: Sinistcha
|-damage|p1a: Ceruledge|15/100|[from] item: Life Orb
|
|upkeep
|
|t:|1776121104
|switch|p2a: Crawdaunt|Crawdaunt, M|100/100
|turn|7
|
|t:|1776121108
|switch|p1a: Rillaboom|Rillaboom, F, shiny|100/100
|-fieldstart|move: Grassy Terrain|[from] ability: Grassy Surge|[of] p1a: Rillaboom
|move|p2a: Crawdaunt|Knock Off|p1a: Rillaboom
|-damage|p1a: Rillaboom|21/100
|-enditem|p1a: Rillaboom|Life Orb|[from] move: Knock Off|[of] p2a: Crawdaunt
|
|-heal|p1a: Rillaboom|27/100|[from] Grassy Terrain
|upkeep
|turn|8
|
|t:|1776121130
|move|p1a: Rillaboom|Wood Hammer|p2a: Crawdaunt
|-supereffective|p2a: Crawdaunt
|-damage|p2a: Crawdaunt|0 fnt
|faint|p2a: Crawdaunt
|-damage|p1a: Rillaboom|0 fnt|[from] Recoil
|faint|p1a: Rillaboom
|
|upkeep
|
|t:|1776121140
|switch|p1a: Ceruledge|Ceruledge, F, shiny|15/100
|switch|p2a: Iron Treads|Iron Treads|100/100
|turn|9
|
|t:|1776121145
|move|p2a: Iron Treads|Knock Off|p1a: Ceruledge
|-supereffective|p1a: Ceruledge
|-damage|p1a: Ceruledge|0 fnt
|-enditem|p1a: Ceruledge|Life Orb|[from] move: Knock Off|[of] p2a: Iron Treads
|faint|p1a: Ceruledge
|
|upkeep
|
|t:|1776121153
|switch|p1a: Gholdengo|Gholdengo|100/100
|-item|p1a: Gholdengo|Air Balloon
|turn|10
|
|t:|1776121160
|move|p2a: Iron Treads|Knock Off|p1a: Gholdengo
|-supereffective|p1a: Gholdengo
|-damage|p1a: Gholdengo|32/100
|-enditem|p1a: Gholdengo|Air Balloon
|move|p1a: Gholdengo|Nasty Plot|p1a: Gholdengo
|-boost|p1a: Gholdengo|spa|2
|
|-heal|p1a: Gholdengo|38/100|[from] Grassy Terrain
|upkeep
|turn|11
|
|t:|1776121174
|switch|p1a: Samurott|Samurott-Hisui, F, shiny|100/100
|move|p2a: Iron Treads|Knock Off|p1a: Samurott
|-resisted|p1a: Samurott
|-damage|p1a: Samurott|85/100
|-enditem|p1a: Samurott|Assault Vest|[from] move: Knock Off|[of] p2a: Iron Treads
|
|-heal|p1a: Samurott|91/100|[from] Grassy Terrain
|-fieldend|move: Grassy Terrain
|upkeep
|turn|12
|
|t:|1776121191
|move|p2a: Iron Treads|Rapid Spin|p1a: Samurott
|-damage|p1a: Samurott|75/100
|-boost|p2a: Iron Treads|spe|1
|move|p1a: Samurott|Razor Shell|p2a: Iron Treads
|-supereffective|p2a: Iron Treads
|-damage|p2a: Iron Treads|11/100
|-unboost|p2a: Iron Treads|def|1
|
|upkeep
|turn|13
|
|t:|1776121200
|move|p1a: Samurott|Sucker Punch|p2a: Iron Treads
|-damage|p2a: Iron Treads|0 fnt
|faint|p2a: Iron Treads
|-end|p2a: Iron Treads|Quark Drive|[silent]
|
|upkeep
|
|t:|1776121209
|switch|p2a: Kingambit|Kingambit, F|100/100
|-activate|p2a: Kingambit|ability: Supreme Overlord
|-start|p2a: Kingambit|fallen3|[silent]
|turn|14
|
|t:|1776121218
|move|p1a: Samurott|Flip Turn|p2a: Kingambit
|-damage|p2a: Kingambit|82/100
|
|t:|1776121224
|switch|p1a: Gholdengo|Gholdengo|38/100|[from] Flip Turn
|move|p2a: Kingambit|Swords Dance|p2a: Kingambit
|-boost|p2a: Kingambit|atk|2
|
|upkeep
|turn|15
|
|t:|1776121236
|-terastallize|p2a: Kingambit|Flying
|move|p2a: Kingambit|Sucker Punch|p1a: Gholdengo
|-supereffective|p1a: Gholdengo
|-damage|p1a: Gholdengo|0 fnt
|faint|p1a: Gholdengo
|
|upkeep
|
|t:|1776121243
|switch|p1a: Samurott|Samurott-Hisui, F, shiny|75/100
|turn|16
|
|t:|1776121253
|move|p1a: Samurott|Sucker Punch|p2a: Kingambit
|-damage|p2a: Kingambit|60/100
|move|p2a: Kingambit|Kowtow Cleave|p1a: Samurott
|-resisted|p1a: Samurott
|-damage|p1a: Samurott|0 fnt
|faint|p1a: Samurott
|
|upkeep
|
|t:|1776121264
|switch|p1a: Ogerpon|Ogerpon-Wellspring, F|100/100
|turn|17
|
|t:|1776121283
|move|p2a: Kingambit|Sucker Punch|p1a: Ogerpon
|-damage|p1a: Ogerpon|0 fnt
|faint|p1a: Ogerpon
|
|win|thatpronewb
|raw|Pugito2's rating: 1082 &rarr; <strong>1062</strong><br />(-20 for losing)
|raw|thatpronewb's rating: 1123 &rarr; <strong>1145</strong><br />(+22 for winning)
|c|☆Pugito2|gg
