|html|<div class="broadcast-blue"><strong>[Gen 9] OU is currently suspecting Tera Blast! For information on how to participate check out the <a href="https://www.smogon.com/tools/suspects/view/200">suspect thread</a>.</strong></div>
|j|☆fat chuds inc.
|j|☆vzn.exe
|t:|1776095252
|gametype|singles
|player|p1|fat chuds inc.|collector|1529
|player|p2|vzn.exe|lusamine-nihilego|1490
|gen|9
|tier|[Gen 9] OU
|rated|
|rule|HP Percentage Mod: HP is shown in percentages
|rule|Endless Battle Clause: Forcing endless battles is banned
|rule|Species Clause: Limit one of each Pokémon
|rule|OHKO Clause: OHKO moves are banned
|rule|Evasion Items Clause: Evasion items are banned
|rule|Evasion Moves Clause: Evasion moves are banned
|rule|Evasion Abilities Clause: Evasion abilities are banned
|rule|Sleep Moves Clause: Sleep-inducing moves are banned
|clearpoke
|poke|p1|Hoopa-Unbound|
|poke|p1|Zamazenta-*|
|poke|p1|Pecharunt|
|poke|p1|Iron Treads|
|poke|p1|Primarina, F|
|poke|p1|Dragonite, M|
|poke|p2|Zamazenta-*|
|poke|p2|Kyurem|
|poke|p2|Iron Treads|
|poke|p2|Tornadus-Therian, M|
|poke|p2|Pecharunt|
|poke|p2|Ting-Lu|
|teampreview
|inactive|Battle timer is ON: inactive players will automatically lose when time's up. (requested by vzn.exe)
|
|t:|1776095275
|teamsize|p1|6
|teamsize|p2|6
|start
|switch|p1a: Pecharunt|Pecharunt|100/100
|switch|p2a: Ting-Lu|Ting-Lu|100/100
|-ability|p2a: Ting-Lu|Vessel of Ruin
|turn|1
|
|t:|1776095292
|move|p1a: Pecharunt|Malignant Chain|p2a: Ting-Lu
|-resisted|p2a: Ting-Lu
|-crit|p2a: Ting-Lu
|-damage|p2a: Ting-Lu|89/100
|-status|p2a: Ting-Lu|tox
|-start|p2a: Ting-Lu|confusion|[from] ability: Poison Puppeteer|[of] p1a: Pecharunt
|-activate|p2a: Ting-Lu|confusion
|move|p2a: Ting-Lu|Ruination|p1a: Pecharunt
|-damage|p1a: Pecharunt|51/100
|
|-heal|p2a: Ting-Lu|95/100 tox|[from] item: Leftovers
|-damage|p2a: Ting-Lu|89/100 tox|[from] psn
|upkeep
|turn|2
|
|t:|1776095310
|switch|p2a: Kyurem|Kyurem|100/100
|-ability|p2a: Kyurem|Pressure
|move|p1a: Pecharunt|Recover|p1a: Pecharunt
|-heal|p1a: Pecharunt|100/100
|
|upkeep
|turn|3
|
|t:|1776095327
|move|p1a: Pecharunt|Parting Shot|p2a: Kyurem
|-unboost|p2a: Kyurem|atk|1
|-unboost|p2a: Kyurem|spa|1
|
|t:|1776095330
|switch|p1a: Hoopa|Hoopa-Unbound|100/100|[from] Parting Shot
|move|p2a: Kyurem|Ice Beam|p1a: Hoopa
|-damage|p1a: Hoopa|71/100
|
|upkeep
|turn|4
|
|t:|1776095348
|switch|p2a: Zamazenta|Zamazenta|100/100
|-ability|p2a: Zamazenta|Dauntless Shield|boost
|-boost|p2a: Zamazenta|def|1
|move|p1a: Hoopa|Drain Punch|p2a: Zamazenta
|-damage|p2a: Zamazenta|77/100
|-heal|p1a: Hoopa|85/100|[from] drain|[of] p2a: Zamazenta
|
|-heal|p2a: Zamazenta|83/100|[from] item: Leftovers
|upkeep
|turn|5
|inactive|vzn.exe has 120 seconds left.
|
|t:|1776095365
|switch|p1a: Pecharunt|Pecharunt|100/100
|move|p2a: Zamazenta|Roar|p1a: Pecharunt
|drag|p1a: Iron Treads|Iron Treads|100/100
|
|-heal|p2a: Zamazenta|89/100|[from] item: Leftovers
|upkeep
|turn|6
|inactive|vzn.exe has 120 seconds left.
|
|t:|1776095382
|-end|p1a: Iron Treads|Quark Drive|[silent]
|switch|p1a: Pecharunt|Pecharunt|100/100
|move|p2a: Zamazenta|Roar|p1a: Pecharunt
|drag|p1a: Primarina|Primarina, F|100/100
|
|-heal|p2a: Zamazenta|95/100|[from] item: Leftovers
|upkeep
|turn|7
|inactive|vzn.exe has 120 seconds left.
|
|t:|1776095399
|switch|p2a: Pecharunt|Pecharunt|100/100
|move|p1a: Primarina|Psychic Noise|p2a: Pecharunt
|-supereffective|p2a: Pecharunt
|-damage|p2a: Pecharunt|42/100
|
|upkeep
|turn|8
|
|t:|1776095417
|switch|p1a: Iron Treads|Iron Treads|100/100
|move|p2a: Pecharunt|Malignant Chain|p1a: Iron Treads
|-immune|p1a: Iron Treads
|
|upkeep
|turn|9
|
|t:|1776095434
|move|p1a: Iron Treads|Stealth Rock|p2a: Pecharunt
|-sidestart|p2: vzn.exe|move: Stealth Rock
|move|p2a: Pecharunt|Recover|p2a: Pecharunt
|-heal|p2a: Pecharunt|92/100
|
|upkeep
|turn|10
|
|t:|1776095451
|move|p1a: Iron Treads|Ice Spinner|p2a: Pecharunt
|-damage|p2a: Pecharunt|79/100
|move|p2a: Pecharunt|Recover|p2a: Pecharunt
|-heal|p2a: Pecharunt|100/100
|
|upkeep
|turn|11
|inactive|vzn.exe has 90 seconds left.
|
|t:|1776095470
|move|p1a: Iron Treads|Ice Spinner|p2a: Pecharunt
|-damage|p2a: Pecharunt|87/100
|move|p2a: Pecharunt|Recover|p2a: Pecharunt
|-heal|p2a: Pecharunt|100/100
|
|upkeep
|turn|12
|inactive|vzn.exe has 90 seconds left.
|
|t:|1776095488
|move|p1a: Iron Treads|Ice Spinner|p2a: Pecharunt
|-damage|p2a: Pecharunt|88/100
|move|p2a: Pecharunt|Recover|p2a: Pecharunt
|-heal|p2a: Pecharunt|100/100
|
|upkeep
|turn|13
|inactive|vzn.exe has 90 seconds left.
|
|t:|1776095505
|move|p1a: Iron Treads|Rapid Spin|p2a: Pecharunt
|-immune|p2a: Pecharunt
|move|p2a: Pecharunt|Recover||[still]
|-fail|p2a: Pecharunt|heal
|
|upkeep
|turn|14
|
|t:|1776095515
|move|p1a: Iron Treads|Earthquake|p2a: Pecharunt
|-supereffective|p2a: Pecharunt
|-damage|p2a: Pecharunt|53/100
|move|p2a: Pecharunt|Recover|p2a: Pecharunt
|-heal|p2a: Pecharunt|100/100
|
|upkeep
|turn|15
|inactive|vzn.exe has 90 seconds left.
|
|t:|1776095524
|switch|p2a: Tornadus|Tornadus-Therian, M|100/100
|move|p1a: Iron Treads|Ice Spinner|p2a: Tornadus
|-supereffective|p2a: Tornadus
|-damage|p2a: Tornadus|45/100
|
|upkeep
|turn|16
|
|t:|1776095533
|switch|p2a: Ting-Lu|Ting-Lu|89/100 tox
|-damage|p2a: Ting-Lu|82/100 tox|[from] Stealth Rock
|-ability|p2a: Ting-Lu|Vessel of Ruin
|move|p1a: Iron Treads|Ice Spinner|p2a: Ting-Lu
|-supereffective|p2a: Ting-Lu
|-damage|p2a: Ting-Lu|58/100 tox
|
|-heal|p2a: Ting-Lu|64/100 tox|[from] item: Leftovers
|-damage|p2a: Ting-Lu|58/100 tox|[from] psn
|upkeep
|turn|17
|
|t:|1776095544
|move|p1a: Iron Treads|Ice Spinner|p2a: Ting-Lu
|-supereffective|p2a: Ting-Lu
|-damage|p2a: Ting-Lu|34/100 tox
|move|p2a: Ting-Lu|Ruination|p1a: Iron Treads|[miss]
|-miss|p2a: Ting-Lu|p1a: Iron Treads
|
|-heal|p2a: Ting-Lu|40/100 tox|[from] item: Leftovers
|-damage|p2a: Ting-Lu|28/100 tox|[from] psn
|upkeep
|turn|18
|
|t:|1776095554
|move|p1a: Iron Treads|Rapid Spin|p2a: Ting-Lu
|-damage|p2a: Ting-Lu|20/100 tox
|-boost|p1a: Iron Treads|spe|1
|move|p2a: Ting-Lu|Ruination|p1a: Iron Treads
|-damage|p1a: Iron Treads|51/100
|
|-heal|p2a: Ting-Lu|27/100 tox|[from] item: Leftovers
|-damage|p2a: Ting-Lu|8/100 tox|[from] psn
|upkeep
|turn|19
|
|t:|1776095564
|switch|p2a: Zamazenta|Zamazenta|95/100
|-damage|p2a: Zamazenta|89/100|[from] Stealth Rock
|move|p1a: Iron Treads|Ice Spinner|p2a: Zamazenta
|-damage|p2a: Zamazenta|72/100
|
|-heal|p2a: Zamazenta|78/100|[from] item: Leftovers
|upkeep
|turn|20
|
|t:|1776095573
|-end|p1a: Iron Treads|Quark Drive|[silent]
|switch|p1a: Pecharunt|Pecharunt|100/100
|move|p2a: Zamazenta|Body Press|p1a: Pecharunt
|-immune|p1a: Pecharunt
|
|-heal|p2a: Zamazenta|84/100|[from] item: Leftovers
|upkeep
|turn|21
|inactive|vzn.exe has 120 seconds left.
|
|t:|1776095582
|switch|p2a: Iron Treads|Iron Treads|100/100
|-damage|p2a: Iron Treads|97/100|[from] Stealth Rock
|move|p1a: Pecharunt|Shadow Ball|p2a: Iron Treads
|-damage|p2a: Iron Treads|74/100
|-unboost|p2a: Iron Treads|spd|1
|
|-heal|p2a: Iron Treads|80/100|[from] item: Leftovers
|upkeep
|turn|22
|
|t:|1776095592
|move|p1a: Pecharunt|Shadow Ball|p2a: Iron Treads
|-damage|p2a: Iron Treads|42/100
|move|p2a: Iron Treads|Earthquake|p1a: Pecharunt
|-supereffective|p1a: Pecharunt
|-damage|p1a: Pecharunt|48/100
|
|-heal|p2a: Iron Treads|48/100|[from] item: Leftovers
|upkeep
|turn|23
|
|t:|1776095601
|move|p1a: Pecharunt|Recover|p1a: Pecharunt
|-heal|p1a: Pecharunt|98/100
|move|p2a: Iron Treads|Earthquake|p1a: Pecharunt
|-supereffective|p1a: Pecharunt
|-damage|p1a: Pecharunt|46/100
|
|-heal|p2a: Iron Treads|55/100|[from] item: Leftovers
|upkeep
|turn|24
|
|t:|1776095610
|move|p1a: Pecharunt|Shadow Ball|p2a: Iron Treads
|-damage|p2a: Iron Treads|20/100
|move|p2a: Iron Treads|Earthquake|p1a: Pecharunt
|-supereffective|p1a: Pecharunt
|-damage|p1a: Pecharunt|0 fnt
|faint|p1a: Pecharunt
|
|-heal|p2a: Iron Treads|26/100|[from] item: Leftovers
|upkeep
|
|t:|1776095625
|switch|p1a: Iron Treads|Iron Treads|51/100
|turn|25
|
|t:|1776095636
|-end|p2a: Iron Treads|Quark Drive|[silent]
|switch|p2a: Tornadus|Tornadus-Therian, M|78/100
|move|p1a: Iron Treads|Earthquake|p2a: Tornadus
|-immune|p2a: Tornadus
|
|upkeep
|turn|26
|
|t:|1776095645
|switch|p2a: Zamazenta|Zamazenta|84/100
|-damage|p2a: Zamazenta|78/100|[from] Stealth Rock
|-end|p1a: Iron Treads|Quark Drive|[silent]
|switch|p1a: Primarina|Primarina, F|100/100
|
|-heal|p2a: Zamazenta|84/100|[from] item: Leftovers
|upkeep
|turn|27
|
|t:|1776095662
|switch|p2a: Ting-Lu|Ting-Lu|8/100 tox
|-damage|p2a: Ting-Lu|2/100 tox|[from] Stealth Rock
|-ability|p2a: Ting-Lu|Vessel of Ruin
|move|p1a: Primarina|Psychic Noise|p2a: Ting-Lu
|-immune|p2a: Ting-Lu
|
|-heal|p2a: Ting-Lu|8/100 tox|[from] item: Leftovers
|-damage|p2a: Ting-Lu|2/100 tox|[from] psn
|upkeep
|turn|28
|
|t:|1776095679
|move|p1a: Primarina|Flip Turn|p2a: Ting-Lu
|-supereffective|p2a: Ting-Lu
|-damage|p2a: Ting-Lu|0 fnt
|faint|p2a: Ting-Lu
|
|t:|1776095687
|switch|p1a: Hoopa|Hoopa-Unbound|85/100|[from] Flip Turn
|
|upkeep
|
|t:|1776095704
|switch|p2a: Zamazenta|Zamazenta|84/100
|-damage|p2a: Zamazenta|78/100|[from] Stealth Rock
|turn|29
|inactive|vzn.exe has 120 seconds left.
|
|t:|1776095721
|move|p2a: Zamazenta|Body Press|p1a: Hoopa
|-damage|p1a: Hoopa|30/100
|move|p1a: Hoopa|Zen Headbutt|p2a: Zamazenta|[miss]
|-miss|p1a: Hoopa|p2a: Zamazenta
|
|-heal|p2a: Zamazenta|84/100|[from] item: Leftovers
|upkeep
|turn|30
|inactive|vzn.exe has 120 seconds left.
|
|t:|1776095738
|move|p1a: Hoopa|Zen Headbutt|p2a: Zamazenta
|-supereffective|p2a: Zamazenta
|-damage|p2a: Zamazenta|0 fnt
|faint|p2a: Zamazenta
|
|upkeep
|
|t:|1776095754
|switch|p2a: Tornadus|Tornadus-Therian, M|100/100
|turn|31
|
|t:|1776095771
|move|p2a: Tornadus|Knock Off|p1a: Hoopa
|-damage|p1a: Hoopa|0 fnt
|-enditem|p1a: Hoopa|Choice Band|[from] move: Knock Off|[of] p2a: Tornadus
|faint|p1a: Hoopa
|
|upkeep
|
|t:|1776095782
|switch|p1a: Dragonite|Dragonite, M|100/100
|turn|32
|
|t:|1776095799
|move|p2a: Tornadus|Knock Off|p1a: Dragonite
|-damage|p1a: Dragonite|90/100
|-enditem|p1a: Dragonite|Heavy-Duty Boots|[from] move: Knock Off|[of] p2a: Tornadus
|move|p1a: Dragonite|Dragon Dance|p1a: Dragonite
|-boost|p1a: Dragonite|atk|1
|-boost|p1a: Dragonite|spe|1
|
|upkeep
|turn|33
|
|t:|1776095817
|move|p1a: Dragonite|Dragon Dance|p1a: Dragonite
|-boost|p1a: Dragonite|atk|1
|-boost|p1a: Dragonite|spe|1
|move|p2a: Tornadus|Bleakwind Storm|p1a: Dragonite|[miss]
|-miss|p2a: Tornadus|p1a: Dragonite
|
|upkeep
|turn|34
|inactive|vzn.exe has 90 seconds left.
|
|t:|1776095834
|switch|p2a: Iron Treads|Iron Treads|26/100
|-damage|p2a: Iron Treads|23/100|[from] Stealth Rock
|move|p1a: Dragonite|Stone Edge|p2a: Iron Treads
|-resisted|p2a: Iron Treads
|-damage|p2a: Iron Treads|9/100
|
|-heal|p2a: Iron Treads|15/100|[from] item: Leftovers
|upkeep
|turn|35
|inactive|vzn.exe has 90 seconds left.
|
|t:|1776095851
|-end|p2a: Iron Treads|Quark Drive|[silent]
|switch|p2a: Tornadus|Tornadus-Therian, M|100/100
|move|p1a: Dragonite|Earthquake|p2a: Tornadus
|-immune|p2a: Tornadus
|
|upkeep
|turn|36
|inactive|vzn.exe has 90 seconds left.
|j| ohko_smeargle
|
|t:|1776095861
|switch|p2a: Iron Treads|Iron Treads|15/100
|-damage|p2a: Iron Treads|12/100|[from] Stealth Rock
|move|p1a: Dragonite|Stone Edge|p2a: Iron Treads
|-resisted|p2a: Iron Treads
|-damage|p2a: Iron Treads|0 fnt
|faint|p2a: Iron Treads
|-end|p2a: Iron Treads|Quark Drive|[silent]
|
|upkeep
|inactive|vzn.exe has 90 seconds left.
|
|t:|1776095871
|switch|p2a: Kyurem|Kyurem|100/100
|-damage|p2a: Kyurem|76/100|[from] Stealth Rock
|-ability|p2a: Kyurem|Pressure
|turn|37
|
|t:|1776095880
|-terastallize|p1a: Dragonite|Normal
|move|p1a: Dragonite|Extreme Speed|p2a: Kyurem
|-damage|p2a: Kyurem|12/100
|move|p2a: Kyurem|Freeze-Dry|p1a: Dragonite
|-damage|p1a: Dragonite|52/100
|
|upkeep
|turn|38
|
|t:|1776095889
|switch|p2a: Tornadus|Tornadus-Therian, M|100/100
|move|p1a: Dragonite|Earthquake|p2a: Tornadus
|-immune|p2a: Tornadus
|
|upkeep
|turn|39
|
|t:|1776095897
|switch|p2a: Pecharunt|Pecharunt|100/100
|-damage|p2a: Pecharunt|88/100|[from] Stealth Rock
|move|p1a: Dragonite|Extreme Speed|p2a: Pecharunt
|-immune|p2a: Pecharunt
|
|upkeep
|turn|40
|
|t:|1776095906
|switch|p2a: Tornadus|Tornadus-Therian, M|100/100
|move|p1a: Dragonite|Earthquake|p2a: Tornadus
|-immune|p2a: Tornadus
|
|upkeep
|turn|41
|
|t:|1776095914
|switch|p2a: Pecharunt|Pecharunt|88/100
|-damage|p2a: Pecharunt|76/100|[from] Stealth Rock
|move|p1a: Dragonite|Stone Edge|p2a: Pecharunt
|-damage|p2a: Pecharunt|33/100
|
|upkeep
|turn|42
|inactive|vzn.exe has 120 seconds left.
|
|t:|1776095923
|move|p1a: Dragonite|Earthquake|p2a: Pecharunt
|-supereffective|p2a: Pecharunt
|-damage|p2a: Pecharunt|0 fnt
|faint|p2a: Pecharunt
|
|upkeep
|inactive|vzn.exe has 120 seconds left.
|
|t:|1776095930
|switch|p2a: Tornadus|Tornadus-Therian, M|100/100
|turn|43
|
|t:|1776095935
|move|p1a: Dragonite|Extreme Speed|p2a: Tornadus
|-damage|p2a: Tornadus|0 fnt
|faint|p2a: Tornadus
|
|upkeep
|
|t:|1776095938
|switch|p2a: Kyurem|Kyurem|12/100
|-damage|p2a: Kyurem|0 fnt|[from] Stealth Rock
|faint|p2a: Kyurem
|
|win|fat chuds inc.
|raw|fat chuds inc.'s rating: 1529 &rarr; <strong>1547</strong><br />(+18 for winning)
|raw|vzn.exe's rating: 1490 &rarr; <strong>1472</strong><br />(-18 for losing)
