|html|<div class="broadcast-blue"><strong>[Gen 9] OU is currently suspecting Tera Blast! For information on how to participate check out the <a href="https://www.smogon.com/tools/suspects/view/200">suspect thread</a>.</strong></div>
|j|☆Blastoise_Choice
|j|☆SpringLucina
|t:|1776134006
|gametype|singles
|player|p1|Blastoise_Choice|101|1432
|player|p2|SpringLucina|will|1495
|gen|9
|tier|[Gen 9] OU
|rated|
|rule|HP Percentage Mod: HP is shown in percentages
|rule|Endless Battle Clause: Forcing endless battles is banned
|rule|Species Clause: Limit one of each Pokémon
|rule|OHKO Clause: OHKO moves are banned
|rule|Evasion Items Clause: Evasion items are banned
|rule|Evasion Moves Clause: Evasion moves are banned
|rule|Evasion Abilities Clause: Evasion abilities are banned
|rule|Sleep Moves Clause: Sleep-inducing moves are banned
|clearpoke
|poke|p1|Hydrapple, M|
|poke|p1|Tyranitar, F|
|poke|p1|Moltres|
|poke|p1|Zamazenta-*|
|poke|p1|Slowking-Galar, M|
|poke|p1|Excadrill, F|
|poke|p2|Dondozo, M|
|poke|p2|Zapdos|
|poke|p2|Meowscarada, M|
|poke|p2|Slowking-Galar, M|
|poke|p2|Kingambit, F|
|poke|p2|Garchomp, F|
|teampreview
|j| ohko_smeargle
|c|☆Blastoise_Choice|hf
|inactive|Battle timer is ON: inactive players will automatically lose when time's up. (requested by Blastoise_Choice)
|c|☆SpringLucina|u2
|
|t:|1776134021
|teamsize|p1|6
|teamsize|p2|6
|start
|switch|p1a: Zamazenta|Zamazenta|100/100
|switch|p2a: Garchomp|Garchomp, F|100/100
|-ability|p1a: Zamazenta|Dauntless Shield|boost
|-boost|p1a: Zamazenta|def|1
|turn|1
|
|t:|1776134028
|move|p1a: Zamazenta|Iron Defense|p1a: Zamazenta
|-boost|p1a: Zamazenta|def|2
|move|p2a: Garchomp|Dragon Tail|p1a: Zamazenta
|-damage|p1a: Zamazenta|92/100
|drag|p1a: Excadrill|Excadrill, F|100/100
|-item|p1a: Excadrill|Air Balloon
|
|upkeep
|turn|2
|
|t:|1776134035
|move|p1a: Excadrill|Earthquake|p2a: Garchomp
|-damage|p2a: Garchomp|69/100
|move|p2a: Garchomp|Dragon Tail|p1a: Excadrill
|-resisted|p1a: Excadrill
|-crit|p1a: Excadrill
|-damage|p1a: Excadrill|74/100
|-enditem|p1a: Excadrill|Air Balloon
|drag|p1a: Moltres|Moltres|100/100
|
|upkeep
|turn|3
|
|t:|1776134042
|switch|p2a: Zapdos|Zapdos|100/100
|switch|p1a: Hydrapple|Hydrapple, M|100/100
|
|upkeep
|turn|4
|
|t:|1776134048
|switch|p1a: Tyranitar|Tyranitar, F|100/100
|-weather|Sandstorm|[from] ability: Sand Stream|[of] p1a: Tyranitar
|move|p2a: Zapdos|Hurricane|p1a: Tyranitar
|-resisted|p1a: Tyranitar
|-damage|p1a: Tyranitar|91/100
|
|-weather|Sandstorm|[upkeep]
|-damage|p2a: Zapdos|94/100|[from] Sandstorm
|upkeep
|turn|5
|
|t:|1776134055
|move|p2a: Zapdos|Volt Switch|p1a: Tyranitar
|-damage|p1a: Tyranitar|79/100
|
|t:|1776134060
|switch|p2a: Garchomp|Garchomp, F|69/100|[from] Volt Switch
|move|p1a: Tyranitar|Stealth Rock|p2a: Garchomp
|-sidestart|p2: SpringLucina|move: Stealth Rock
|
|-weather|Sandstorm|[upkeep]
|upkeep
|turn|6
|
|t:|1776134072
|move|p2a: Garchomp|Stealth Rock|p1a: Tyranitar
|-sidestart|p1: Blastoise_Choice|move: Stealth Rock
|move|p1a: Tyranitar|Ice Beam|p2a: Garchomp
|-supereffective|p2a: Garchomp
|-damage|p2a: Garchomp|0 fnt
|faint|p2a: Garchomp
|
|-weather|Sandstorm|[upkeep]
|upkeep
|
|t:|1776134074
|switch|p2a: Meowscarada|Meowscarada, M|100/100
|-damage|p2a: Meowscarada|88/100|[from] Stealth Rock
|turn|7
|
|t:|1776134081
|move|p2a: Meowscarada|Knock Off|p1a: Tyranitar
|-start|p2a: Meowscarada|typechange|Dark|[from] ability: Protean
|-resisted|p1a: Tyranitar
|-damage|p1a: Tyranitar|52/100
|-enditem|p1a: Tyranitar|Smooth Rock|[from] move: Knock Off|[of] p2a: Meowscarada
|move|p1a: Tyranitar|Knock Off|p2a: Meowscarada
|-resisted|p2a: Meowscarada
|-damage|p2a: Meowscarada|55/100
|-enditem|p2a: Meowscarada|Choice Band|[from] move: Knock Off|[of] p1a: Tyranitar
|
|-weather|Sandstorm|[upkeep]
|-damage|p2a: Meowscarada|49/100|[from] Sandstorm
|upkeep
|turn|8
|
|t:|1776134089
|switch|p1a: Zamazenta|Zamazenta|92/100
|-damage|p1a: Zamazenta|86/100|[from] Stealth Rock
|move|p2a: Meowscarada|Flower Trick|p1a: Zamazenta
|-crit|p1a: Zamazenta
|-damage|p1a: Zamazenta|61/100
|
|-weather|Sandstorm|[upkeep]
|-damage|p1a: Zamazenta|55/100|[from] Sandstorm
|-damage|p2a: Meowscarada|43/100|[from] Sandstorm
|-heal|p1a: Zamazenta|61/100|[from] item: Leftovers
|upkeep
|turn|9
|
|t:|1776134095
|switch|p2a: Zapdos|Zapdos|94/100
|move|p1a: Zamazenta|Body Press|p2a: Zapdos
|-resisted|p2a: Zapdos
|-damage|p2a: Zapdos|81/100
|
|-weather|Sandstorm|[upkeep]
|-damage|p1a: Zamazenta|55/100|[from] Sandstorm
|-damage|p2a: Zapdos|75/100|[from] Sandstorm
|-heal|p1a: Zamazenta|61/100|[from] item: Leftovers
|upkeep
|turn|10
|
|t:|1776134103
|switch|p1a: Excadrill|Excadrill, F|74/100
|-damage|p1a: Excadrill|71/100|[from] Stealth Rock
|move|p2a: Zapdos|Volt Switch|p1a: Excadrill
|-immune|p1a: Excadrill
|
|-weather|Sandstorm|[upkeep]
|-damage|p2a: Zapdos|69/100|[from] Sandstorm
|upkeep
|turn|11
|
|t:|1776134109
|move|p1a: Excadrill|Rapid Spin|p2a: Zapdos
|-damage|p2a: Zapdos|56/100
|-boost|p1a: Excadrill|spe|1
|-status|p1a: Excadrill|par|[from] ability: Static|[of] p2a: Zapdos
|-sideend|p1: Blastoise_Choice|Stealth Rock|[from] move: Rapid Spin|[of] p1a: Excadrill
|move|p2a: Zapdos|Roost|p2a: Zapdos
|-heal|p2a: Zapdos|100/100
|-singleturn|p2a: Zapdos|move: Roost
|
|-weather|none
|upkeep
|turn|12
|
|t:|1776134118
|move|p2a: Zapdos|Hurricane|p1a: Excadrill
|-resisted|p1a: Excadrill
|-damage|p1a: Excadrill|43/100 par
|-start|p1a: Excadrill|confusion
|-activate|p1a: Excadrill|confusion
|-damage|p1a: Excadrill|22/100 par|[from] confusion
|
|upkeep
|turn|13
|
|t:|1776134121
|switch|p1a: Tyranitar|Tyranitar, F|52/100
|-weather|Sandstorm|[from] ability: Sand Stream|[of] p1a: Tyranitar
|move|p2a: Zapdos|Hurricane|p1a: Tyranitar
|-resisted|p1a: Tyranitar
|-damage|p1a: Tyranitar|43/100
|-start|p1a: Tyranitar|confusion
|
|-weather|Sandstorm|[upkeep]
|-damage|p2a: Zapdos|94/100|[from] Sandstorm
|upkeep
|turn|14
|
|t:|1776134125
|move|p2a: Zapdos|Volt Switch|p1a: Tyranitar
|-damage|p1a: Tyranitar|31/100
|
|t:|1776134147
|switch|p2a: Meowscarada|Meowscarada, M|43/100|[from] Volt Switch
|-damage|p2a: Meowscarada|31/100|[from] Stealth Rock
|-activate|p1a: Tyranitar|confusion
|move|p1a: Tyranitar|Knock Off|p2a: Meowscarada
|-resisted|p2a: Meowscarada
|-damage|p2a: Meowscarada|9/100
|
|-weather|Sandstorm|[upkeep]
|-damage|p2a: Meowscarada|3/100|[from] Sandstorm
|upkeep
|turn|15
|
|t:|1776134157
|switch|p1a: Excadrill|Excadrill, F|22/100 par
|move|p2a: Meowscarada|Flower Trick|p1a: Excadrill
|-start|p2a: Meowscarada|typechange|Grass|[from] ability: Protean
|-crit|p1a: Excadrill
|-damage|p1a: Excadrill|0 fnt
|faint|p1a: Excadrill
|
|-weather|Sandstorm|[upkeep]
|-damage|p2a: Meowscarada|0 fnt|[from] Sandstorm
|faint|p2a: Meowscarada
|upkeep
|
|t:|1776134166
|switch|p2a: Slowking|Slowking-Galar, M|100/100
|switch|p1a: Tyranitar|Tyranitar, F|31/100
|turn|16
|
|t:|1776134174
|move|p1a: Tyranitar|Ice Beam|p2a: Slowking
|-damage|p2a: Slowking|89/100
|-prepare|p2a: Slowking|Chilly Reception|[premajor]
|move|p2a: Slowking|Chilly Reception|p2a: Slowking
|-weather|Snowscape
|
|t:|1776134178
|switch|p2a: Kingambit|Kingambit, F|100/100|[from] Chilly Reception
|-damage|p2a: Kingambit|94/100|[from] Stealth Rock
|-activate|p2a: Kingambit|ability: Supreme Overlord
|-start|p2a: Kingambit|fallen2|[silent]
|
|-weather|Snowscape|[upkeep]
|-heal|p2a: Kingambit|100/100|[from] item: Leftovers
|upkeep
|turn|17
|
|t:|1776134185
|-end|p2a: Kingambit|fallen2|[silent]
|switch|p2a: Zapdos|Zapdos|94/100
|switch|p1a: Moltres|Moltres|100/100
|
|-weather|Snowscape|[upkeep]
|upkeep
|turn|18
|
|t:|1776134188
|switch|p1a: Slowking|Slowking-Galar, M|100/100
|move|p2a: Zapdos|Volt Switch|p1a: Slowking
|-damage|p1a: Slowking|84/100
|
|t:|1776134193
|switch|p2a: Kingambit|Kingambit, F|100/100|[from] Volt Switch
|-damage|p2a: Kingambit|94/100|[from] Stealth Rock
|-activate|p2a: Kingambit|ability: Supreme Overlord
|-start|p2a: Kingambit|fallen2|[silent]
|
|-weather|Snowscape|[upkeep]
|-heal|p2a: Kingambit|100/100|[from] item: Leftovers
|upkeep
|turn|19
|
|t:|1776134199
|switch|p1a: Moltres|Moltres|100/100
|move|p2a: Kingambit|Swords Dance|p2a: Kingambit
|-boost|p2a: Kingambit|atk|2
|
|-weather|Snowscape|[upkeep]
|upkeep
|turn|20
|
|t:|1776134205
|move|p2a: Kingambit|Kowtow Cleave|p1a: Moltres
|-damage|p1a: Moltres|20/100
|move|p1a: Moltres|Roar|p2a: Kingambit
|-end|p2a: Kingambit|fallen2|[silent]
|drag|p2a: Zapdos|Zapdos|94/100
|
|-weather|none
|upkeep
|turn|21
|
|t:|1776134211
|switch|p1a: Tyranitar|Tyranitar, F|31/100
|-weather|Sandstorm|[from] ability: Sand Stream|[of] p1a: Tyranitar
|move|p2a: Zapdos|Volt Switch|p1a: Tyranitar
|-damage|p1a: Tyranitar|19/100
|
|t:|1776134217
|switch|p2a: Kingambit|Kingambit, F|100/100|[from] Volt Switch
|-damage|p2a: Kingambit|94/100|[from] Stealth Rock
|-activate|p2a: Kingambit|ability: Supreme Overlord
|-start|p2a: Kingambit|fallen2|[silent]
|
|-weather|Sandstorm|[upkeep]
|-heal|p2a: Kingambit|100/100|[from] item: Leftovers
|upkeep
|turn|22
|
|t:|1776134223
|switch|p1a: Zamazenta|Zamazenta|61/100
|-terastallize|p2a: Kingambit|Fairy
|move|p2a: Kingambit|Tera Blast|p1a: Zamazenta|[anim] Tera Blast Fairy
|-supereffective|p1a: Zamazenta
|-damage|p1a: Zamazenta|0 fnt
|faint|p1a: Zamazenta
|
|-weather|Sandstorm|[upkeep]
|-damage|p2a: Kingambit|94/100|[from] Sandstorm
|-heal|p2a: Kingambit|100/100|[from] item: Leftovers
|upkeep
|
|t:|1776134229
|switch|p1a: Moltres|Moltres|20/100
|turn|23
|
|t:|1776134232
|move|p1a: Moltres|Roost|p1a: Moltres
|-heal|p1a: Moltres|70/100
|-singleturn|p1a: Moltres|move: Roost
|move|p2a: Kingambit|Swords Dance|p2a: Kingambit
|-boost|p2a: Kingambit|atk|2
|
|-weather|Sandstorm|[upkeep]
|-damage|p1a: Moltres|64/100|[from] Sandstorm
|-damage|p2a: Kingambit|94/100|[from] Sandstorm
|-heal|p2a: Kingambit|100/100|[from] item: Leftovers
|upkeep
|turn|24
|
|t:|1776134236
|move|p1a: Moltres|Flamethrower|p2a: Kingambit
|-damage|p2a: Kingambit|60/100
|move|p2a: Kingambit|Kowtow Cleave|p1a: Moltres
|-damage|p1a: Moltres|0 fnt
|faint|p1a: Moltres
|
|-weather|Sandstorm|[upkeep]
|-damage|p2a: Kingambit|54/100|[from] Sandstorm
|-heal|p2a: Kingambit|60/100|[from] item: Leftovers
|upkeep
|
|t:|1776134243
|switch|p1a: Slowking|Slowking-Galar, M|100/100
|turn|25
|
|t:|1776134247
|-terastallize|p1a: Slowking|Grass
|move|p2a: Kingambit|Kowtow Cleave|p1a: Slowking
|-damage|p1a: Slowking|6/100
|move|p1a: Slowking|Sludge Bomb|p2a: Kingambit
|-supereffective|p2a: Kingambit
|-damage|p2a: Kingambit|0 fnt
|faint|p2a: Kingambit
|-end|p2a: Kingambit|fallen2|[silent]
|
|-weather|none
|upkeep
|
|t:|1776134255
|switch|p2a: Zapdos|Zapdos|94/100
|turn|26
|
|t:|1776134258
|switch|p1a: Tyranitar|Tyranitar, F|19/100
|-weather|Sandstorm|[from] ability: Sand Stream|[of] p1a: Tyranitar
|move|p2a: Zapdos|Volt Switch|p1a: Tyranitar
|-damage|p1a: Tyranitar|6/100
|
|t:|1776134262
|switch|p2a: Dondozo|Dondozo, M|100/100|[from] Volt Switch
|-damage|p2a: Dondozo|88/100|[from] Stealth Rock
|
|-weather|Sandstorm|[upkeep]
|-damage|p2a: Dondozo|82/100|[from] Sandstorm
|-heal|p2a: Dondozo|88/100|[from] item: Leftovers
|upkeep
|turn|27
|
|t:|1776134268
|move|p1a: Tyranitar|Thunder Wave|p2a: Dondozo
|-status|p2a: Dondozo|par
|move|p2a: Dondozo|Liquidation|p1a: Tyranitar
|-supereffective|p1a: Tyranitar
|-damage|p1a: Tyranitar|0 fnt
|faint|p1a: Tyranitar
|
|-weather|Sandstorm|[upkeep]
|-damage|p2a: Dondozo|82/100 par|[from] Sandstorm
|-heal|p2a: Dondozo|88/100 par|[from] item: Leftovers
|upkeep
|
|t:|1776134276
|switch|p1a: Slowking|Slowking-Galar, M, tera:Grass|39/100
|turn|28
|
|t:|1776134283
|switch|p2a: Slowking|Slowking-Galar, M|100/100
|move|p1a: Slowking|Ice Beam|p2a: Slowking
|-damage|p2a: Slowking|88/100
|
|-weather|Sandstorm|[upkeep]
|-damage|p1a: Slowking|33/100|[from] Sandstorm
|-damage|p2a: Slowking|81/100|[from] Sandstorm
|upkeep
|turn|29
|
|t:|1776134291
|switch|p1a: Hydrapple|Hydrapple, M|100/100
|move|p2a: Slowking|Sludge Bomb|p1a: Hydrapple
|-supereffective|p1a: Hydrapple
|-damage|p1a: Hydrapple|32/100
|
|-weather|Sandstorm|[upkeep]
|-damage|p1a: Hydrapple|26/100|[from] Sandstorm
|-damage|p2a: Slowking|75/100|[from] Sandstorm
|upkeep
|turn|30
|
|t:|1776134298
|move|p1a: Hydrapple|Earth Power|p2a: Slowking
|-supereffective|p2a: Slowking
|-damage|p2a: Slowking|44/100
|move|p2a: Slowking|Sludge Bomb|p1a: Hydrapple
|-supereffective|p1a: Hydrapple
|-damage|p1a: Hydrapple|0 fnt
|faint|p1a: Hydrapple
|
|-weather|none
|upkeep
|
|t:|1776134304
|switch|p1a: Slowking|Slowking-Galar, M, tera:Grass|66/100
|turn|31
|
|t:|1776134321
|move|p1a: Slowking|Ice Beam|p2a: Slowking
|-damage|p2a: Slowking|30/100
|move|p2a: Slowking|Sludge Bomb|p1a: Slowking
|-supereffective|p1a: Slowking
|-damage|p1a: Slowking|31/100
|
|upkeep
|turn|32
|
|t:|1776134328
|move|p1a: Slowking|Psyshock|p2a: Slowking
|-damage|p2a: Slowking|0 fnt
|faint|p2a: Slowking
|
|upkeep
|
|t:|1776134333
|switch|p2a: Zapdos|Zapdos|94/100
|turn|33
|
|t:|1776134336
|move|p2a: Zapdos|Hurricane|p1a: Slowking
|-supereffective|p1a: Slowking
|-damage|p1a: Slowking|0 fnt
|faint|p1a: Slowking
|
|win|SpringLucina
|raw|Blastoise_Choice's rating: 1432 &rarr; <strong>1416</strong><br />(-16 for losing)
|raw|SpringLucina's rating: 1495 &rarr; <strong>1511</strong><br />(+16 for winning)
|c|☆Blastoise_Choice|gg
