|html|<div class="broadcast-blue"><strong>[Gen 9] OU is currently suspecting Volcarona! For information on how to participate check out the <a href="https://www.smogon.com/tools/suspects/view/208">suspect thread</a>.</strong></div>
|j|☆jayyavelli
|j|☆jklgg
|t:|1778506010
|gametype|singles
|player|p1|jayyavelli|brock|1353
|player|p2|jklgg|2|1391
|gen|9
|tier|[Gen 9] OU
|rated|
|rule|HP Percentage Mod: HP is shown in percentages
|rule|Endless Battle Clause: Forcing endless battles is banned
|rule|Species Clause: Limit one of each Pokémon
|rule|OHKO Clause: OHKO moves are banned
|rule|Evasion Items Clause: Evasion items are banned
|rule|Evasion Moves Clause: Evasion moves are banned
|rule|Evasion Abilities Clause: Evasion abilities are banned
|rule|Sleep Moves Clause: Sleep-inducing moves are banned
|clearpoke
|poke|p1|Zoroark-Hisui, F|
|poke|p1|Slowking-Galar, M|
|poke|p1|Volcanion|
|poke|p1|Dragonite, M|
|poke|p1|Iron Valiant|
|poke|p1|Great Tusk|
|poke|p2|Gholdengo|
|poke|p2|Great Tusk|
|poke|p2|Primarina, F|
|poke|p2|Tyranitar, F|
|poke|p2|Smeargle, M|
|poke|p2|Meowscarada, M|
|teampreview
|inactive|Battle timer is ON: inactive players will automatically lose when time's up. (requested by jayyavelli)
|
|t:|1778506025
|teamsize|p1|6
|teamsize|p2|6
|start
|switch|p1a: Great Tusk|Great Tusk|100/100
|switch|p2a: Smeargle|Smeargle, M|100/100
|turn|1
|
|t:|1778506036
|move|p1a: Great Tusk|Hyper Voice|p2a: Smeargle
|-damage|p2a: Smeargle|7/100
|move|p2a: Smeargle|Glare|p1a: Great Tusk
|-status|p1a: Great Tusk|par
|
|upkeep
|turn|2
|
|t:|1778506042
|move|p2a: Smeargle|Sticky Web|p1a: Great Tusk
|-sidestart|p1: jayyavelli|move: Sticky Web
|cant|p1a: Great Tusk|par
|
|upkeep
|turn|3
|
|t:|1778506046
|move|p2a: Smeargle|Stone Axe|p1a: Great Tusk
|-damage|p1a: Great Tusk|91/100 par
|replace|p1a: Zoroark|Zoroark-Hisui, F, shiny
|-end|p1a: Zoroark|Illusion
|-sidestart|p1: jayyavelli|move: Stealth Rock
|move|p1a: Zoroark|Hyper Voice|p2a: Smeargle
|-damage|p2a: Smeargle|0 fnt
|faint|p2a: Smeargle
|
|upkeep
|
|t:|1778506056
|switch|p2a: Tyranitar|Tyranitar, F|100/100
|-weather|Sandstorm|[from] ability: Sand Stream|[of] p2a: Tyranitar
|turn|4
|
|t:|1778506063
|switch|p1a: Great Tusk|Great Tusk|100/100
|-activate|p1a: Great Tusk|move: Sticky Web
|-unboost|p1a: Great Tusk|spe|1
|-damage|p1a: Great Tusk|98/100|[from] Stealth Rock
|move|p2a: Tyranitar|Knock Off|p1a: Great Tusk
|-resisted|p1a: Great Tusk
|-damage|p1a: Great Tusk|73/100
|-enditem|p1a: Great Tusk|Leftovers|[from] move: Knock Off|[of] p2a: Tyranitar
|
|-weather|Sandstorm|[upkeep]
|upkeep
|turn|5
|
|t:|1778506074
|switch|p2a: Gholdengo|Gholdengo|100/100
|-item|p2a: Gholdengo|Air Balloon
|move|p1a: Great Tusk|Knock Off|p2a: Gholdengo
|-supereffective|p2a: Gholdengo
|-damage|p2a: Gholdengo|41/100
|-enditem|p2a: Gholdengo|Air Balloon
|
|-weather|Sandstorm|[upkeep]
|upkeep
|turn|6
|
|t:|1778506086
|move|p2a: Gholdengo|Dazzling Gleam|p1a: Great Tusk
|-supereffective|p1a: Great Tusk
|-crit|p1a: Great Tusk
|-damage|p1a: Great Tusk|4/100
|move|p1a: Great Tusk|Stealth Rock|p2a: Gholdengo
|-sidestart|p2: jklgg|move: Stealth Rock
|
|-weather|Sandstorm|[upkeep]
|upkeep
|turn|7
|
|t:|1778506095
|move|p2a: Gholdengo|Dazzling Gleam|p1a: Great Tusk
|-supereffective|p1a: Great Tusk
|-damage|p1a: Great Tusk|0 fnt
|faint|p1a: Great Tusk
|-end|p1a: Great Tusk|Protosynthesis|[silent]
|
|-weather|Sandstorm|[upkeep]
|upkeep
|
|t:|1778506113
|switch|p1a: Iron Valiant|Iron Valiant, shiny|91/100 par
|-activate|p1a: Iron Valiant|move: Sticky Web
|-unboost|p1a: Iron Valiant|spe|1
|-damage|p1a: Iron Valiant|78/100 par|[from] Stealth Rock
|turn|8
|
|t:|1778506120
|move|p2a: Gholdengo|Make It Rain|p1a: Iron Valiant
|-damage|p1a: Iron Valiant|0 fnt
|-unboost|p2a: Gholdengo|spa|1
|replace|p1a: Zoroark|Zoroark-Hisui, F, shiny
|-end|p1a: Zoroark|Illusion
|faint|p1a: Zoroark
|
|-weather|none
|upkeep
|
|t:|1778506135
|switch|p1a: Dragonite|Dragonite, M|100/100
|-damage|p1a: Dragonite|75/100|[from] Stealth Rock
|turn|9
|
|t:|1778506142
|move|p2a: Gholdengo|Dazzling Gleam|p1a: Dragonite
|-supereffective|p1a: Dragonite
|-damage|p1a: Dragonite|38/100
|move|p1a: Dragonite|Fire Punch|p2a: Gholdengo
|-supereffective|p2a: Gholdengo
|-damage|p2a: Gholdengo|0 fnt
|faint|p2a: Gholdengo
|
|upkeep
|
|t:|1778506148
|switch|p2a: Great Tusk|Great Tusk|100/100
|turn|10
|
|t:|1778506165
|move|p2a: Great Tusk|Rapid Spin|p1a: Dragonite
|-damage|p1a: Dragonite|20/100
|-boost|p2a: Great Tusk|spe|1
|-sideend|p2: jklgg|Stealth Rock|[from] move: Rapid Spin|[of] p2a: Great Tusk
|move|p1a: Dragonite|Fire Punch|p2a: Great Tusk
|-damage|p2a: Great Tusk|69/100
|-status|p2a: Great Tusk|brn
|
|-damage|p2a: Great Tusk|62/100 brn|[from] brn
|upkeep
|turn|11
|
|t:|1778506180
|switch|p1a: Slowking|Slowking-Galar, M, shiny|100/100
|-activate|p1a: Slowking|move: Sticky Web
|-unboost|p1a: Slowking|spe|1
|-damage|p1a: Slowking|88/100|[from] Stealth Rock
|move|p2a: Great Tusk|Knock Off|p1a: Slowking
|-supereffective|p1a: Slowking
|-damage|p1a: Slowking|58/100
|-enditem|p1a: Slowking|Assault Vest|[from] move: Knock Off|[of] p2a: Great Tusk
|
|-damage|p2a: Great Tusk|56/100 brn|[from] brn
|upkeep
|turn|12
|
|t:|1778506191
|move|p2a: Great Tusk|Headlong Rush|p1a: Slowking
|-supereffective|p1a: Slowking
|-damage|p1a: Slowking|4/100
|-unboost|p2a: Great Tusk|def|1
|-unboost|p2a: Great Tusk|spd|1
|move|p1a: Slowking|Future Sight|p2a: Great Tusk
|-start|p1a: Slowking|move: Future Sight
|
|-damage|p2a: Great Tusk|50/100 brn|[from] brn
|upkeep
|turn|13
|
|t:|1778506207
|switch|p1a: Dragonite|Dragonite, M|20/100
|-damage|p1a: Dragonite|0 fnt|[from] Stealth Rock
|faint|p1a: Dragonite
|move|p2a: Great Tusk|Knock Off|p1: Dragonite|[notarget]
|-fail|p2a: Great Tusk
|
|-damage|p2a: Great Tusk|44/100 brn|[from] brn
|upkeep
|
|t:|1778506216
|switch|p1a: Iron Valiant|Iron Valiant, shiny|100/100
|-activate|p1a: Iron Valiant|move: Sticky Web
|-unboost|p1a: Iron Valiant|spe|1
|-damage|p1a: Iron Valiant|94/100|[from] Stealth Rock
|-enditem|p1a: Iron Valiant|Booster Energy
|-activate|p1a: Iron Valiant|ability: Quark Drive|[fromitem]
|-start|p1a: Iron Valiant|quarkdrivespa
|turn|14
|
|t:|1778506223
|move|p2a: Great Tusk|Headlong Rush|p1a: Iron Valiant
|-damage|p1a: Iron Valiant|56/100
|-unboost|p2a: Great Tusk|def|1
|-unboost|p2a: Great Tusk|spd|1
|move|p1a: Iron Valiant|Moonblast|p2a: Great Tusk
|-supereffective|p2a: Great Tusk
|-damage|p2a: Great Tusk|0 fnt
|faint|p2a: Great Tusk
|-end|p2a: Great Tusk|Protosynthesis|[silent]
|
|-hint|Future Sight did not hit because the target is fainted.
|upkeep
|
|t:|1778506230
|switch|p2a: Primarina|Primarina, F|100/100
|turn|15
|
|t:|1778506238
|move|p1a: Iron Valiant|Charge Beam|p2a: Primarina
|-supereffective|p2a: Primarina
|-damage|p2a: Primarina|74/100
|-boost|p1a: Iron Valiant|spa|1
|move|p2a: Primarina|Moonblast|p1a: Iron Valiant
|-supereffective|p1a: Iron Valiant
|-damage|p1a: Iron Valiant|0 fnt
|faint|p1a: Iron Valiant
|-end|p1a: Iron Valiant|Quark Drive|[silent]
|
|upkeep
|
|t:|1778506256
|switch|p1a: Slowking|Slowking-Galar, M, shiny|37/100
|-activate|p1a: Slowking|move: Sticky Web
|-unboost|p1a: Slowking|spe|1
|-damage|p1a: Slowking|24/100|[from] Stealth Rock
|turn|16
|
|t:|1778506262
|switch|p1a: Volcanion|Volcanion|100/100
|-activate|p1a: Volcanion|move: Sticky Web
|-unboost|p1a: Volcanion|spe|1
|-damage|p1a: Volcanion|76/100|[from] Stealth Rock
|move|p2a: Primarina|Hyper Voice|p1a: Volcanion
|-heal|p1a: Volcanion|100/100|[from] ability: Water Absorb|[of] p2a: Primarina
|
|upkeep
|turn|17
|
|t:|1778506275
|move|p2a: Primarina|Energy Ball|p1a: Volcanion
|-damage|p1a: Volcanion|65/100
|move|p1a: Volcanion|Sludge Bomb|p2a: Primarina
|-supereffective|p2a: Primarina
|-damage|p2a: Primarina|14/100
|-status|p2a: Primarina|psn
|
|-damage|p2a: Primarina|2/100 psn|[from] psn
|upkeep
|turn|18
|
|t:|1778506284
|switch|p1a: Slowking|Slowking-Galar, M, shiny|58/100
|-activate|p1a: Slowking|move: Sticky Web
|-unboost|p1a: Slowking|spe|1
|-damage|p1a: Slowking|45/100|[from] Stealth Rock
|move|p2a: Primarina|Energy Ball|p1a: Slowking
|-resisted|p1a: Slowking
|-damage|p1a: Slowking|34/100
|
|-damage|p2a: Primarina|0 fnt|[from] psn
|faint|p2a: Primarina
|upkeep
|
|t:|1778506286
|switch|p2a: Tyranitar|Tyranitar, F|100/100
|-weather|Sandstorm|[from] ability: Sand Stream|[of] p2a: Tyranitar
|turn|19
|
|t:|1778506303
|move|p2a: Tyranitar|Earthquake|p1a: Slowking
|-supereffective|p1a: Slowking
|-damage|p1a: Slowking|0 fnt
|faint|p1a: Slowking
|
|-weather|Sandstorm|[upkeep]
|upkeep
|
|t:|1778506308
|switch|p1a: Volcanion|Volcanion|65/100
|-activate|p1a: Volcanion|move: Sticky Web
|-unboost|p1a: Volcanion|spe|1
|-damage|p1a: Volcanion|40/100|[from] Stealth Rock
|turn|20
|
|t:|1778506314
|-terastallize|p1a: Volcanion|Ground
|move|p2a: Tyranitar|Earthquake|p1a: Volcanion
|-damage|p1a: Volcanion|0 fnt
|faint|p1a: Volcanion
|
|win|jklgg
|raw|jayyavelli's rating: 1353 &rarr; <strong>1335</strong><br />(-18 for losing)
|raw|jklgg's rating: 1391 &rarr; <strong>1409</strong><br />(+18 for winning)
|l|☆jklgg
|player|p2|
|l|☆jayyavelli
|player|p1|
