|html|<div class="broadcast-blue"><strong>[Gen 9] OU is currently suspecting Tera Blast! For information on how to participate check out the <a href="https://www.smogon.com/tools/suspects/view/200">suspect thread</a>.</strong></div>
|j|☆Blastoise_Choice
|j|☆msean3
|t:|1776122770
|gametype|singles
|player|p1|Blastoise_Choice|101|1560
|player|p2|msean3|102|1587
|gen|9
|tier|[Gen 9] OU
|rated|
|rule|HP Percentage Mod: HP is shown in percentages
|rule|Endless Battle Clause: Forcing endless battles is banned
|rule|Species Clause: Limit one of each Pokémon
|rule|OHKO Clause: OHKO moves are banned
|rule|Evasion Items Clause: Evasion items are banned
|rule|Evasion Moves Clause: Evasion moves are banned
|rule|Evasion Abilities Clause: Evasion abilities are banned
|rule|Sleep Moves Clause: Sleep-inducing moves are banned
|clearpoke
|poke|p1|Hydrapple, M|
|poke|p1|Tyranitar, F|
|poke|p1|Moltres|
|poke|p1|Zamazenta-*|
|poke|p1|Slowking-Galar, F|
|poke|p1|Excadrill, F|
|poke|p2|Darkrai|
|poke|p2|Alomomola, M|
|poke|p2|Garchomp, F|
|poke|p2|Corviknight, M|
|poke|p2|Weezing-Galar, F|
|poke|p2|Ogerpon, F|
|teampreview
|inactive|Battle timer is ON: inactive players will automatically lose when time's up. (requested by msean3)
|c|☆Blastoise_Choice|hf
|inactive|Blastoise_Choice also wants the timer to be on.
|
|t:|1776122784
|teamsize|p1|6
|teamsize|p2|6
|start
|switch|p1a: Slowking|Slowking-Galar, F|100/100
|switch|p2a: Corviknight|Corviknight, M|100/100
|-ability|p2a: Corviknight|Pressure
|turn|1
|
|t:|1776122791
|move|p2a: Corviknight|Brave Bird|p1a: Slowking
|-damage|p1a: Slowking|71/100
|-damage|p2a: Corviknight|91/100|[from] Recoil
|move|p1a: Slowking|Sludge Bomb|p2a: Corviknight
|-immune|p2a: Corviknight
|
|-heal|p2a: Corviknight|97/100|[from] item: Leftovers
|upkeep
|turn|2
|
|t:|1776122798
|switch|p1a: Moltres|Moltres|100/100
|move|p2a: Corviknight|U-turn|p1a: Moltres
|-resisted|p1a: Moltres
|-damage|p1a: Moltres|98/100
|
|t:|1776122802
|switch|p2a: Garchomp|Garchomp, F|100/100|[from] U-turn
|
|upkeep
|turn|3
|
|t:|1776122809
|switch|p1a: Zamazenta|Zamazenta|100/100
|-ability|p1a: Zamazenta|Dauntless Shield|boost
|-boost|p1a: Zamazenta|def|1
|move|p2a: Garchomp|Stealth Rock|p1a: Zamazenta
|-sidestart|p1: Blastoise_Choice|move: Stealth Rock
|
|upkeep
|turn|4
|
|t:|1776122815
|switch|p2a: Weezing|Weezing-Galar, F|100/100
|-ability|p2a: Weezing|Neutralizing Gas
|move|p1a: Zamazenta|Roar|p2a: Weezing
|-end|p2a: Weezing|ability: Neutralizing Gas
|drag|p2a: Ogerpon|Ogerpon, F|100/100
|
|upkeep
|turn|5
|
|t:|1776122826
|switch|p2a: Weezing|Weezing-Galar, F|100/100
|-ability|p2a: Weezing|Neutralizing Gas
|move|p1a: Zamazenta|Body Press|p2a: Weezing
|-resisted|p2a: Weezing
|-damage|p2a: Weezing|91/100
|
|-heal|p2a: Weezing|97/100|[from] item: Leftovers
|upkeep
|turn|6
|
|t:|1776122836
|switch|p1a: Slowking|Slowking-Galar, F|100/100
|-damage|p1a: Slowking|88/100|[from] Stealth Rock
|move|p2a: Weezing|Sludge Bomb|p1a: Slowking
|-resisted|p1a: Slowking
|-damage|p1a: Slowking|81/100
|
|-heal|p2a: Weezing|100/100|[from] item: Leftovers
|upkeep
|turn|7
|
|t:|1776122843
|move|p2a: Weezing|Will-O-Wisp|p1a: Slowking|[miss]
|-miss|p2a: Weezing|p1a: Slowking
|move|p1a: Slowking|Flamethrower|p2a: Weezing
|-damage|p2a: Weezing|71/100
|
|-heal|p2a: Weezing|77/100|[from] item: Leftovers
|upkeep
|turn|8
|
|t:|1776122851
|-end|p2a: Weezing|ability: Neutralizing Gas
|switch|p2a: Alomomola|Alomomola, M|100/100
|move|p1a: Slowking|Sludge Bomb|p2a: Alomomola
|-damage|p2a: Alomomola|82/100
|-status|p2a: Alomomola|psn
|
|-damage|p2a: Alomomola|69/100 psn|[from] psn
|upkeep
|turn|9
|
|t:|1776122860
|move|p2a: Alomomola|Flip Turn|p1a: Slowking
|-damage|p1a: Slowking|67/100
|
|t:|1776122862
|switch|p2a: Corviknight|Corviknight, M|97/100|[from] Flip Turn
|-ability|p2a: Corviknight|Pressure
|move|p1a: Slowking|Flamethrower|p2a: Corviknight
|-supereffective|p2a: Corviknight
|-damage|p2a: Corviknight|63/100
|
|-heal|p2a: Corviknight|69/100|[from] item: Leftovers
|upkeep
|turn|10
|
|t:|1776122870
|switch|p1a: Moltres|Moltres|98/100
|move|p2a: Corviknight|U-turn|p1a: Moltres
|-resisted|p1a: Moltres
|-damage|p1a: Moltres|96/100
|
|t:|1776122873
|switch|p2a: Darkrai|Darkrai|100/100|[from] U-turn
|
|upkeep
|turn|11
|
|t:|1776122881
|switch|p1a: Tyranitar|Tyranitar, F|100/100
|-damage|p1a: Tyranitar|88/100|[from] Stealth Rock
|-weather|Sandstorm|[from] ability: Sand Stream|[of] p1a: Tyranitar
|move|p2a: Darkrai|Dark Pulse|p1a: Tyranitar
|-resisted|p1a: Tyranitar
|-damage|p1a: Tyranitar|75/100
|
|-weather|Sandstorm|[upkeep]
|-damage|p2a: Darkrai|94/100|[from] Sandstorm
|upkeep
|turn|12
|
|t:|1776122888
|switch|p2a: Corviknight|Corviknight, M|69/100
|-ability|p2a: Corviknight|Pressure
|move|p1a: Tyranitar|Stealth Rock|p2a: Corviknight
|-sidestart|p2: msean3|move: Stealth Rock
|
|-weather|Sandstorm|[upkeep]
|-heal|p2a: Corviknight|75/100|[from] item: Leftovers
|upkeep
|turn|13
|
|t:|1776122894
|move|p2a: Corviknight|Defog|p1a: Tyranitar
|-unboost|p1a: Tyranitar|evasion|1
|-sideend|p1: Blastoise_Choice|Stealth Rock|[from] move: Defog|[of] p2a: Corviknight
|-sideend|p2: msean3|Stealth Rock|[from] move: Defog|[of] p2a: Corviknight
|move|p1a: Tyranitar|Knock Off|p2a: Corviknight
|-damage|p2a: Corviknight|40/100
|-enditem|p2a: Corviknight|Leftovers|[from] move: Knock Off|[of] p1a: Tyranitar
|
|-weather|Sandstorm|[upkeep]
|upkeep
|turn|14
|
|t:|1776122898
|move|p2a: Corviknight|Roost|p2a: Corviknight
|-heal|p2a: Corviknight|90/100
|-singleturn|p2a: Corviknight|move: Roost
|move|p1a: Tyranitar|Stealth Rock|p2a: Corviknight
|-sidestart|p2: msean3|move: Stealth Rock
|
|-weather|Sandstorm|[upkeep]
|upkeep
|turn|15
|
|t:|1776122902
|move|p2a: Corviknight|Defog|p1a: Tyranitar
|-unboost|p1a: Tyranitar|evasion|1
|-sideend|p2: msean3|Stealth Rock|[from] move: Defog|[of] p2a: Corviknight
|move|p1a: Tyranitar|Thunder Wave|p2a: Corviknight
|-status|p2a: Corviknight|par
|
|-weather|Sandstorm|[upkeep]
|upkeep
|turn|16
|
|t:|1776122906
|move|p1a: Tyranitar|Stealth Rock|p2a: Corviknight
|-sidestart|p2: msean3|move: Stealth Rock
|move|p2a: Corviknight|Brave Bird|p1a: Tyranitar
|-resisted|p1a: Tyranitar
|-damage|p1a: Tyranitar|62/100
|-damage|p2a: Corviknight|86/100 par|[from] Recoil
|
|-weather|Sandstorm|[upkeep]
|upkeep
|turn|17
|
|t:|1776122911
|move|p1a: Tyranitar|Knock Off|p2a: Corviknight
|-damage|p2a: Corviknight|63/100 par
|move|p2a: Corviknight|Defog|p1a: Tyranitar
|-unboost|p1a: Tyranitar|evasion|1
|-sideend|p2: msean3|Stealth Rock|[from] move: Defog|[of] p2a: Corviknight
|
|-weather|Sandstorm|[upkeep]
|upkeep
|turn|18
|
|t:|1776122921
|move|p1a: Tyranitar|Stealth Rock|p2a: Corviknight
|-sidestart|p2: msean3|move: Stealth Rock
|move|p2a: Corviknight|Brave Bird|p1a: Tyranitar
|-resisted|p1a: Tyranitar
|-damage|p1a: Tyranitar|47/100
|-damage|p2a: Corviknight|58/100 par|[from] Recoil
|
|-weather|none
|upkeep
|turn|19
|
|t:|1776122925
|move|p1a: Tyranitar|Knock Off|p2a: Corviknight
|-damage|p2a: Corviknight|36/100 par
|move|p2a: Corviknight|Roost|p2a: Corviknight
|-heal|p2a: Corviknight|86/100 par
|-singleturn|p2a: Corviknight|move: Roost
|
|upkeep
|turn|20
|
|t:|1776122929
|move|p1a: Tyranitar|Knock Off|p2a: Corviknight
|-damage|p2a: Corviknight|61/100 par
|move|p2a: Corviknight|Defog|p1a: Tyranitar
|-unboost|p1a: Tyranitar|evasion|1
|-sideend|p2: msean3|Stealth Rock|[from] move: Defog|[of] p2a: Corviknight
|
|upkeep
|turn|21
|
|t:|1776122934
|move|p1a: Tyranitar|Stealth Rock|p2a: Corviknight
|-sidestart|p2: msean3|move: Stealth Rock
|move|p2a: Corviknight|Brave Bird|p1a: Tyranitar
|-resisted|p1a: Tyranitar
|-damage|p1a: Tyranitar|34/100
|-damage|p2a: Corviknight|56/100 par|[from] Recoil
|
|upkeep
|turn|22
|
|t:|1776122938
|move|p1a: Tyranitar|Knock Off|p2a: Corviknight
|-damage|p2a: Corviknight|34/100 par
|move|p2a: Corviknight|Defog|p1a: Tyranitar
|-unboost|p1a: Tyranitar|evasion|1
|-sideend|p2: msean3|Stealth Rock|[from] move: Defog|[of] p2a: Corviknight
|
|upkeep
|turn|23
|
|t:|1776122942
|move|p1a: Tyranitar|Stealth Rock|p2a: Corviknight
|-sidestart|p2: msean3|move: Stealth Rock
|move|p2a: Corviknight|Roost|p2a: Corviknight
|-heal|p2a: Corviknight|84/100 par
|-singleturn|p2a: Corviknight|move: Roost
|
|upkeep
|turn|24
|
|t:|1776122946
|move|p1a: Tyranitar|Knock Off|p2a: Corviknight
|-damage|p2a: Corviknight|60/100 par
|move|p2a: Corviknight|Defog|p1a: Tyranitar
|-unboost|p1a: Tyranitar|evasion|1
|-sideend|p2: msean3|Stealth Rock|[from] move: Defog|[of] p2a: Corviknight
|
|upkeep
|turn|25
|
|t:|1776122950
|move|p1a: Tyranitar|Stealth Rock|p2a: Corviknight
|-sidestart|p2: msean3|move: Stealth Rock
|cant|p2a: Corviknight|par
|
|upkeep
|turn|26
|
|t:|1776122954
|move|p1a: Tyranitar|Knock Off|p2a: Corviknight
|-damage|p2a: Corviknight|36/100 par
|cant|p2a: Corviknight|par
|
|upkeep
|turn|27
|
|t:|1776122958
|switch|p1a: Excadrill|Excadrill, F|100/100
|-item|p1a: Excadrill|Air Balloon
|move|p2a: Corviknight|Roost|p2a: Corviknight
|-heal|p2a: Corviknight|86/100 par
|-singleturn|p2a: Corviknight|move: Roost
|
|upkeep
|turn|28
|
|t:|1776122962
|move|p1a: Excadrill|Rapid Spin|p2a: Corviknight
|-resisted|p2a: Corviknight
|-damage|p2a: Corviknight|79/100 par
|-boost|p1a: Excadrill|spe|1
|cant|p2a: Corviknight|par
|
|upkeep
|turn|29
|
|t:|1776122966
|move|p1a: Excadrill|Swords Dance|p1a: Excadrill
|-boost|p1a: Excadrill|atk|2
|move|p2a: Corviknight|Defog|p1a: Excadrill
|-unboost|p1a: Excadrill|evasion|1
|-sideend|p2: msean3|Stealth Rock|[from] move: Defog|[of] p2a: Corviknight
|
|upkeep
|turn|30
|
|t:|1776122969
|move|p1a: Excadrill|Swords Dance|p1a: Excadrill
|-boost|p1a: Excadrill|atk|2
|move|p2a: Corviknight|U-turn|p1a: Excadrill
|-resisted|p1a: Excadrill
|-damage|p1a: Excadrill|91/100
|-enditem|p1a: Excadrill|Air Balloon
|
|t:|1776122975
|switch|p2a: Ogerpon|Ogerpon, F|100/100|[from] U-turn
|
|upkeep
|turn|31
|
|t:|1776122981
|-terastallize|p2a: Ogerpon|Grass
|detailschange|p2a: Ogerpon|Ogerpon-Teal-Tera, F, tera:Grass
|-ability|p2a: Ogerpon|Embody Aspect (Teal)|boost
|-boost|p2a: Ogerpon|spe|1
|move|p2a: Ogerpon|Ivy Cudgel|p1a: Excadrill
|-damage|p1a: Excadrill|1/100
|move|p1a: Excadrill|Iron Head|p2a: Ogerpon
|-damage|p2a: Ogerpon|0 fnt
|faint|p2a: Ogerpon
|detailschange|p2: Ogerpon|Ogerpon, F|[silent]
|
|upkeep
|
|t:|1776122988
|switch|p2a: Alomomola|Alomomola, M|100/100 psn
|turn|32
|
|t:|1776122995
|move|p2a: Alomomola|Aqua Jet|p1a: Excadrill
|-supereffective|p1a: Excadrill
|-damage|p1a: Excadrill|0 fnt
|faint|p1a: Excadrill
|
|-damage|p2a: Alomomola|88/100 psn|[from] psn
|upkeep
|
|t:|1776123001
|switch|p1a: Hydrapple|Hydrapple, M|100/100
|turn|33
|
|t:|1776123007
|move|p1a: Hydrapple|Giga Drain|p2a: Alomomola
|-supereffective|p2a: Alomomola
|-damage|p2a: Alomomola|56/100 psn
|move|p2a: Alomomola|Flip Turn|p1a: Hydrapple
|-resisted|p1a: Hydrapple
|-damage|p1a: Hydrapple|98/100
|
|t:|1776123010
|switch|p2a: Darkrai|Darkrai|94/100|[from] Flip Turn
|
|upkeep
|turn|34
|
|t:|1776123016
|switch|p1a: Zamazenta|Zamazenta|100/100
|move|p2a: Darkrai|Ice Beam|p1a: Zamazenta
|-damage|p1a: Zamazenta|59/100
|
|-heal|p1a: Zamazenta|65/100|[from] item: Leftovers
|upkeep
|turn|35
|
|t:|1776123022
|switch|p2a: Weezing|Weezing-Galar, F|77/100
|-ability|p2a: Weezing|Neutralizing Gas
|move|p1a: Zamazenta|Body Press|p2a: Weezing
|-resisted|p2a: Weezing
|-damage|p2a: Weezing|71/100
|
|-heal|p1a: Zamazenta|71/100|[from] item: Leftovers
|-heal|p2a: Weezing|77/100|[from] item: Leftovers
|upkeep
|turn|36
|
|t:|1776123030
|switch|p1a: Slowking|Slowking-Galar, F|99/100
|-end|p2a: Weezing|ability: Neutralizing Gas
|switch|p2a: Garchomp|Garchomp, F|100/100
|
|upkeep
|turn|37
|
|t:|1776123036
|move|p2a: Garchomp|Stealth Rock|p1a: Slowking
|-sidestart|p1: Blastoise_Choice|move: Stealth Rock
|move|p1a: Slowking|Ice Beam|p2a: Garchomp
|-supereffective|p2a: Garchomp
|-damage|p2a: Garchomp|12/100
|
|upkeep
|turn|38
|
|t:|1776123046
|switch|p1a: Hydrapple|Hydrapple, M|100/100
|move|p2a: Garchomp|Spikes|p1a: Hydrapple
|-sidestart|p1: Blastoise_Choice|Spikes
|
|upkeep
|turn|39
|
|t:|1776123053
|switch|p2a: Alomomola|Alomomola, M|89/100 psn
|move|p1a: Hydrapple|Fickle Beam|p2a: Alomomola
|-damage|p2a: Alomomola|72/100 psn
|
|-damage|p2a: Alomomola|60/100 psn|[from] psn
|upkeep
|turn|40
|
|t:|1776123059
|move|p1a: Hydrapple|Fickle Beam|p2a: Alomomola
|-damage|p2a: Alomomola|41/100 psn
|move|p2a: Alomomola|Mirror Coat|p1a: Hydrapple
|-damage|p1a: Hydrapple|53/100
|
|-damage|p2a: Alomomola|29/100 psn|[from] psn
|upkeep
|turn|41
|
|t:|1776123066
|move|p1a: Hydrapple|Giga Drain|p2a: Alomomola
|-supereffective|p2a: Alomomola
|-damage|p2a: Alomomola|0 fnt
|-heal|p1a: Hydrapple|71/100|[from] drain|[of] p2a: Alomomola
|faint|p2a: Alomomola
|
|upkeep
|
|t:|1776123074
|switch|p2a: Darkrai|Darkrai|94/100
|turn|42
|
|t:|1776123080
|switch|p1a: Tyranitar|Tyranitar, F|34/100
|-damage|p1a: Tyranitar|22/100|[from] Stealth Rock
|-damage|p1a: Tyranitar|9/100|[from] Spikes
|-weather|Sandstorm|[from] ability: Sand Stream|[of] p1a: Tyranitar
|move|p2a: Darkrai|Dark Pulse|p1a: Tyranitar
|-resisted|p1a: Tyranitar
|-damage|p1a: Tyranitar|0 fnt
|faint|p1a: Tyranitar
|
|-weather|Sandstorm|[upkeep]
|-damage|p2a: Darkrai|88/100|[from] Sandstorm
|upkeep
|
|t:|1776123086
|switch|p1a: Zamazenta|Zamazenta|71/100
|-damage|p1a: Zamazenta|65/100|[from] Stealth Rock
|-damage|p1a: Zamazenta|52/100|[from] Spikes
|turn|43
|
|t:|1776123093
|switch|p2a: Garchomp|Garchomp, F|12/100
|move|p1a: Zamazenta|Roar|p2a: Garchomp
|drag|p2a: Darkrai|Darkrai|88/100
|
|-weather|Sandstorm|[upkeep]
|-damage|p1a: Zamazenta|46/100|[from] Sandstorm
|-damage|p2a: Darkrai|82/100|[from] Sandstorm
|-heal|p1a: Zamazenta|52/100|[from] item: Leftovers
|upkeep
|turn|44
|
|t:|1776123099
|switch|p2a: Garchomp|Garchomp, F|12/100
|move|p1a: Zamazenta|Roar|p2a: Garchomp
|drag|p2a: Weezing|Weezing-Galar, F|77/100
|-ability|p2a: Weezing|Neutralizing Gas
|
|-weather|Sandstorm|[upkeep]
|-damage|p1a: Zamazenta|46/100|[from] Sandstorm
|-damage|p2a: Weezing|71/100|[from] Sandstorm
|-heal|p1a: Zamazenta|52/100|[from] item: Leftovers
|-heal|p2a: Weezing|77/100|[from] item: Leftovers
|upkeep
|turn|45
|
|t:|1776123106
|switch|p1a: Slowking|Slowking-Galar, F|100/100
|-damage|p1a: Slowking|88/100|[from] Stealth Rock
|-damage|p1a: Slowking|76/100|[from] Spikes
|move|p2a: Weezing|Sludge Bomb|p1a: Slowking
|-resisted|p1a: Slowking
|-damage|p1a: Slowking|69/100
|
|-weather|Sandstorm|[upkeep]
|-damage|p2a: Weezing|71/100|[from] Sandstorm
|-damage|p1a: Slowking|63/100|[from] Sandstorm
|-heal|p2a: Weezing|77/100|[from] item: Leftovers
|upkeep
|turn|46
|
|t:|1776123113
|-end|p2a: Weezing|ability: Neutralizing Gas
|switch|p2a: Garchomp|Garchomp, F|12/100
|move|p1a: Slowking|Sludge Bomb|p2a: Garchomp
|-resisted|p2a: Garchomp
|-damage|p2a: Garchomp|0 fnt
|faint|p2a: Garchomp
|
|-weather|Sandstorm|[upkeep]
|-damage|p1a: Slowking|56/100|[from] Sandstorm
|upkeep
|
|t:|1776123115
|switch|p2a: Darkrai|Darkrai|82/100
|turn|47
|
|t:|1776123122
|-terastallize|p1a: Slowking|Grass
|move|p2a: Darkrai|Dark Pulse|p1a: Slowking
|-damage|p1a: Slowking|24/100
|cant|p1a: Slowking|flinch
|
|-weather|Sandstorm|[upkeep]
|-damage|p2a: Darkrai|76/100|[from] Sandstorm
|-damage|p1a: Slowking|18/100|[from] Sandstorm
|upkeep
|turn|48
|
|t:|1776123128
|move|p2a: Darkrai|Dark Pulse|p1a: Slowking
|-damage|p1a: Slowking|0 fnt
|faint|p1a: Slowking
|
|-weather|Sandstorm|[upkeep]
|-damage|p2a: Darkrai|70/100|[from] Sandstorm
|upkeep
|
|t:|1776123134
|switch|p1a: Zamazenta|Zamazenta|52/100
|-damage|p1a: Zamazenta|46/100|[from] Stealth Rock
|-damage|p1a: Zamazenta|34/100|[from] Spikes
|turn|49
|
|t:|1776123141
|switch|p2a: Weezing|Weezing-Galar, F|77/100
|-ability|p2a: Weezing|Neutralizing Gas
|move|p1a: Zamazenta|Roar|p2a: Weezing
|-end|p2a: Weezing|ability: Neutralizing Gas
|drag|p2a: Corviknight|Corviknight, M|79/100 par
|-ability|p2a: Corviknight|Pressure
|
|-weather|none
|-heal|p1a: Zamazenta|40/100|[from] item: Leftovers
|upkeep
|turn|50
|
|t:|1776123144
|move|p1a: Zamazenta|Iron Defense|p1a: Zamazenta
|-boost|p1a: Zamazenta|def|2
|move|p2a: Corviknight|Brave Bird|p1a: Zamazenta
|-supereffective|p1a: Zamazenta
|-damage|p1a: Zamazenta|12/100
|-damage|p2a: Corviknight|71/100 par|[from] Recoil
|
|-heal|p1a: Zamazenta|19/100|[from] item: Leftovers
|upkeep
|turn|51
|
|t:|1776123151
|move|p1a: Zamazenta|Crunch|p2a: Corviknight
|-damage|p2a: Corviknight|55/100 par
|move|p2a: Corviknight|Brave Bird|p1a: Zamazenta
|-supereffective|p1a: Zamazenta
|-damage|p1a: Zamazenta|0 fnt
|faint|p1a: Zamazenta
|-damage|p2a: Corviknight|50/100 par|[from] Recoil
|
|upkeep
|
|t:|1776123156
|switch|p1a: Moltres|Moltres|96/100
|turn|52
|
|t:|1776123162
|cant|p2a: Corviknight|par
|move|p1a: Moltres|Roar|p2a: Corviknight
|drag|p2a: Weezing|Weezing-Galar, F|77/100
|-ability|p2a: Weezing|Neutralizing Gas
|
|-heal|p2a: Weezing|83/100|[from] item: Leftovers
|upkeep
|turn|53
|
|t:|1776123169
|move|p1a: Moltres|Roost|p1a: Moltres
|-heal|p1a: Moltres|100/100
|-singleturn|p1a: Moltres|move: Roost
|move|p2a: Weezing|Sludge Bomb|p1a: Moltres
|-damage|p1a: Moltres|75/100
|
|-heal|p2a: Weezing|89/100|[from] item: Leftovers
|upkeep
|turn|54
|
|t:|1776123176
|move|p1a: Moltres|Flamethrower|p2a: Weezing
|-damage|p2a: Weezing|40/100
|move|p2a: Weezing|Sludge Bomb|p1a: Moltres
|-damage|p1a: Moltres|49/100
|
|-heal|p2a: Weezing|46/100|[from] item: Leftovers
|upkeep
|turn|55
|
|t:|1776123186
|move|p1a: Moltres|Roost|p1a: Moltres
|-heal|p1a: Moltres|99/100
|-singleturn|p1a: Moltres|move: Roost
|move|p2a: Weezing|Sludge Bomb|p1a: Moltres
|-damage|p1a: Moltres|70/100
|
|-heal|p2a: Weezing|52/100|[from] item: Leftovers
|upkeep
|turn|56
|
|t:|1776123193
|move|p1a: Moltres|Flamethrower|p2a: Weezing
|-damage|p2a: Weezing|4/100
|move|p2a: Weezing|Sludge Bomb|p1a: Moltres
|-damage|p1a: Moltres|43/100
|
|-heal|p2a: Weezing|10/100|[from] item: Leftovers
|upkeep
|turn|57
|
|t:|1776123201
|move|p1a: Moltres|Roost|p1a: Moltres
|-heal|p1a: Moltres|93/100
|-singleturn|p1a: Moltres|move: Roost
|move|p2a: Weezing|Pain Split|p1a: Moltres
|-sethp|p1a: Moltres|51/100|[from] move: Pain Split|[silent]
|-sethp|p2a: Weezing|59/100|[from] move: Pain Split
|
|-heal|p2a: Weezing|65/100|[from] item: Leftovers
|upkeep
|turn|58
|
|t:|1776123204
|move|p1a: Moltres|Roost|p1a: Moltres
|-heal|p1a: Moltres|100/100
|-singleturn|p1a: Moltres|move: Roost
|move|p2a: Weezing|Sludge Bomb|p1a: Moltres
|-damage|p1a: Moltres|72/100
|-status|p1a: Moltres|psn
|
|-heal|p2a: Weezing|71/100|[from] item: Leftovers
|-damage|p1a: Moltres|60/100 psn|[from] psn
|upkeep
|turn|59
|
|t:|1776123216
|move|p2a: Weezing|Sludge Bomb|p1a: Moltres
|-damage|p1a: Moltres|31/100 psn
|move|p1a: Moltres|Roar|p2a: Weezing
|-end|p2a: Weezing|ability: Neutralizing Gas
|drag|p2a: Corviknight|Corviknight, M|50/100 par
|-ability|p2a: Corviknight|Pressure
|
|-damage|p1a: Moltres|19/100 psn|[from] psn
|upkeep
|turn|60
|
|t:|1776123220
|move|p1a: Moltres|Flamethrower|p2a: Corviknight
|-supereffective|p2a: Corviknight
|-damage|p2a: Corviknight|0 fnt
|faint|p2a: Corviknight
|
|-damage|p1a: Moltres|7/100 psn|[from] psn
|upkeep
|
|t:|1776123222
|switch|p2a: Darkrai|Darkrai|70/100
|turn|61
|
|t:|1776123228
|move|p2a: Darkrai|Ice Beam|p1a: Moltres
|-damage|p1a: Moltres|0 fnt
|faint|p1a: Moltres
|
|upkeep
|
|t:|1776123234
|switch|p1a: Hydrapple|Hydrapple, M|100/100
|turn|62
|
|t:|1776123238
|move|p2a: Darkrai|Ice Beam|p1a: Hydrapple
|-supereffective|p1a: Hydrapple
|-damage|p1a: Hydrapple|0 fnt
|faint|p1a: Hydrapple
|
|win|msean3
|raw|Blastoise_Choice's rating: 1560 &rarr; <strong>1542</strong><br />(-18 for losing)
|raw|msean3's rating: 1587 &rarr; <strong>1605</strong><br />(+18 for winning)
|c|☆Blastoise_Choice|gg
