|html|<div class="broadcast-blue"><strong>[Gen 9] OU is currently suspecting Tera Blast! For information on how to participate check out the <a href="https://www.smogon.com/tools/suspects/view/200">suspect thread</a>.</strong></div>
|j|☆lkysyts
|j|☆tapeonastick
|t:|1776041757
|gametype|singles
|player|p1|lkysyts|266|1300
|player|p2|tapeonastick|101|1241
|gen|9
|tier|[Gen 9] OU
|rated|
|rule|HP Percentage Mod: HP is shown in percentages
|rule|Endless Battle Clause: Forcing endless battles is banned
|rule|Species Clause: Limit one of each Pokémon
|rule|OHKO Clause: OHKO moves are banned
|rule|Evasion Items Clause: Evasion items are banned
|rule|Evasion Moves Clause: Evasion moves are banned
|rule|Evasion Abilities Clause: Evasion abilities are banned
|rule|Sleep Moves Clause: Sleep-inducing moves are banned
|clearpoke
|poke|p1|Hoopa-Unbound|
|poke|p1|Cinderace, M|
|poke|p1|Walking Wake|
|poke|p1|Kingambit, M|
|poke|p1|Gholdengo|
|poke|p1|Landorus-Therian, M|
|poke|p2|Samurott-Hisui, F|
|poke|p2|Iron Valiant|
|poke|p2|Pecharunt|
|poke|p2|Reuniclus, F|
|poke|p2|Darkrai|
|poke|p2|Kingambit, F|
|teampreview
|inactive|Battle timer is ON: inactive players will automatically lose when time's up. (requested by tapeonastick)
|
|t:|1776041788
|teamsize|p1|6
|teamsize|p2|6
|start
|switch|p1a: Landorus|Landorus-Therian, M|100/100
|switch|p2a: Valediction|Samurott-Hisui, F|100/100
|-ability|p1a: Landorus|Intimidate|boost
|-unboost|p2a: Valediction|atk|1
|turn|1
|
|t:|1776041797
|move|p1a: Landorus|U-turn|p2a: Valediction
|-supereffective|p2a: Valediction
|-damage|p2a: Valediction|51/100
|
|t:|1776041808
|switch|p1a: Cinderace|Cinderace, M|100/100|[from] U-turn
|move|p2a: Valediction|Ceaseless Edge|p1a: Cinderace
|-damage|p1a: Cinderace|56/100
|-sidestart|p1: lkysyts|Spikes
|
|upkeep
|turn|2
|
|t:|1776041817
|move|p1a: Cinderace|U-turn|p2a: Valediction
|-start|p1a: Cinderace|typechange|Bug|[from] ability: Libero
|-supereffective|p2a: Valediction
|-damage|p2a: Valediction|0 fnt
|faint|p2a: Valediction
|
|t:|1776041823
|switch|p1a: Landorus|Landorus-Therian, M|100/100|[from] U-turn
|
|upkeep
|
|t:|1776041828
|switch|p2a: Scarlet Devil|Darkrai|100/100
|turn|3
|
|t:|1776041834
|-terastallize|p1a: Landorus|Water
|move|p2a: Scarlet Devil|Ice Beam|p1a: Landorus
|-resisted|p1a: Landorus
|-damage|p1a: Landorus|81/100
|move|p1a: Landorus|Stealth Rock|p2a: Scarlet Devil
|-sidestart|p2: tapeonastick|move: Stealth Rock
|
|upkeep
|turn|4
|
|t:|1776041849
|switch|p2a: Metastasis|Reuniclus, F|100/100
|move|p1a: Landorus|U-turn|p2a: Metastasis
|-supereffective|p2a: Metastasis
|-damage|p2a: Metastasis|61/100
|
|t:|1776041855
|switch|p1a: Hoopa|Hoopa-Unbound|100/100|[from] U-turn
|-damage|p1a: Hoopa|88/100|[from] Spikes
|
|upkeep
|turn|5
|
|t:|1776041870
|switch|p2a: Murasama|Kingambit, F|100/100
|-damage|p2a: Murasama|94/100|[from] Stealth Rock
|-activate|p2a: Murasama|ability: Supreme Overlord
|-start|p2a: Murasama|fallen1|[silent]
|move|p1a: Hoopa|Knock Off|p2a: Murasama
|-resisted|p2a: Murasama
|-damage|p2a: Murasama|75/100
|-enditem|p2a: Murasama|Weakness Policy|[from] move: Knock Off|[of] p1a: Hoopa
|
|upkeep
|turn|6
|
|t:|1776041882
|switch|p1a: Landorus|Landorus-Therian, M, tera:Water|81/100
|-damage|p1a: Landorus|68/100|[from] Spikes
|-ability|p1a: Landorus|Intimidate|boost
|-unboost|p2a: Murasama|atk|1
|move|p2a: Murasama|Kowtow Cleave|p1a: Landorus
|-damage|p1a: Landorus|25/100
|-damage|p2a: Murasama|58/100|[from] item: Rocky Helmet|[of] p1a: Landorus
|
|upkeep
|turn|7
|
|t:|1776041894
|move|p1a: Landorus|Earth Power|p2a: Murasama
|-supereffective|p2a: Murasama
|-damage|p2a: Murasama|0 fnt
|faint|p2a: Murasama
|-end|p2a: Murasama|fallen1|[silent]
|
|upkeep
|
|t:|1776041908
|switch|p2a: Scarlet Devil|Darkrai|100/100
|-damage|p2a: Scarlet Devil|88/100|[from] Stealth Rock
|turn|8
|
|t:|1776041915
|move|p2a: Scarlet Devil|Dark Pulse|p1a: Landorus
|-damage|p1a: Landorus|0 fnt
|faint|p1a: Landorus
|
|upkeep
|
|t:|1776041918
|switch|p1a: Hoopa|Hoopa-Unbound|88/100
|-damage|p1a: Hoopa|76/100|[from] Spikes
|turn|9
|
|t:|1776041945
|switch|p2a: Metastasis|Reuniclus, F|61/100
|move|p1a: Hoopa|Knock Off|p2a: Metastasis
|-supereffective|p2a: Metastasis
|-damage|p2a: Metastasis|0 fnt
|-enditem|p2a: Metastasis|Life Orb|[from] move: Knock Off|[of] p1a: Hoopa
|faint|p2a: Metastasis
|
|upkeep
|
|t:|1776041949
|switch|p2a: Mani Katti|Iron Valiant|100/100
|-damage|p2a: Mani Katti|94/100|[from] Stealth Rock
|-enditem|p2a: Mani Katti|Booster Energy
|-activate|p2a: Mani Katti|ability: Quark Drive|[fromitem]
|-start|p2a: Mani Katti|quarkdrivespa
|turn|10
|
|t:|1776041961
|move|p2a: Mani Katti|Moonblast|p1a: Hoopa
|-supereffective|p1a: Hoopa
|-damage|p1a: Hoopa|27/100
|move|p1a: Hoopa|Psychic Noise|p2a: Mani Katti
|-supereffective|p2a: Mani Katti
|-damage|p2a: Mani Katti|0 fnt
|faint|p2a: Mani Katti
|-end|p2a: Mani Katti|Quark Drive|[silent]
|
|upkeep
|
|t:|1776041970
|switch|p2a: Azathoth|Pecharunt|100/100
|-damage|p2a: Azathoth|88/100|[from] Stealth Rock
|turn|11
|
|t:|1776041978
|move|p2a: Azathoth|Shadow Ball|p1a: Hoopa
|-damage|p1a: Hoopa|16/100
|move|p1a: Hoopa|Psychic Noise|p2a: Azathoth
|-supereffective|p2a: Azathoth
|-damage|p2a: Azathoth|0 fnt
|faint|p2a: Azathoth
|
|upkeep
|
|t:|1776041982
|switch|p2a: Scarlet Devil|Darkrai|88/100
|-damage|p2a: Scarlet Devil|76/100|[from] Stealth Rock
|turn|12
|
|t:|1776041990
|move|p2a: Scarlet Devil|Dark Pulse|p1a: Hoopa
|-damage|p1a: Hoopa|0 fnt
|faint|p1a: Hoopa
|
|upkeep
|
|t:|1776041993
|switch|p1a: Walking Wake|Walking Wake|100/100
|-damage|p1a: Walking Wake|88/100|[from] Spikes
|-enditem|p1a: Walking Wake|Booster Energy
|-activate|p1a: Walking Wake|ability: Protosynthesis|[fromitem]
|-start|p1a: Walking Wake|protosynthesisspe
|turn|13
|c|☆tapeonastick|did not realize spdef was that high
|c|☆tapeonastick|ggwp
|
|t:|1776042005
|move|p1a: Walking Wake|Hydro Pump|p2a: Scarlet Devil
|-damage|p2a: Scarlet Devil|0 fnt
|faint|p2a: Scarlet Devil
|
|win|lkysyts
|raw|lkysyts's rating: 1300 &rarr; <strong>1321</strong><br />(+21 for winning)
|raw|tapeonastick's rating: 1241 &rarr; <strong>1220</strong><br />(-21 for losing)
|l|☆tapeonastick
|player|p2|
