|html|<div class="broadcast-blue"><strong>[Gen 9] OU is currently suspecting Tera Blast! For information on how to participate check out the <a href="https://www.smogon.com/tools/suspects/view/200">suspect thread</a>.</strong></div>
|j|☆Nahlokin
|j|☆erjuanzas
|t:|1776103322
|gametype|singles
|player|p1|Nahlokin|hilbert|1535
|player|p2|erjuanzas|linebacker|1455
|gen|9
|tier|[Gen 9] OU
|rated|
|rule|HP Percentage Mod: HP is shown in percentages
|rule|Endless Battle Clause: Forcing endless battles is banned
|rule|Species Clause: Limit one of each Pokémon
|rule|OHKO Clause: OHKO moves are banned
|rule|Evasion Items Clause: Evasion items are banned
|rule|Evasion Moves Clause: Evasion moves are banned
|rule|Evasion Abilities Clause: Evasion abilities are banned
|rule|Sleep Moves Clause: Sleep-inducing moves are banned
|clearpoke
|poke|p1|Trevenant, M|
|poke|p1|Torkoal, M|
|poke|p1|Walking Wake|
|poke|p1|Great Tusk|
|poke|p1|Heatran, M|
|poke|p1|Clefable, M|
|poke|p2|Pelipper, M|
|poke|p2|Ludicolo, M|
|poke|p2|Iron Treads|
|poke|p2|Landorus-Therian, M|
|poke|p2|Barraskewda, M|
|poke|p2|Basculegion-F, F|
|teampreview
|inactive|Battle timer is ON: inactive players will automatically lose when time's up. (requested by Nahlokin)
|
|t:|1776103339
|teamsize|p1|6
|teamsize|p2|6
|start
|switch|p1a: END KALI YUGA|Torkoal, M|100/100
|switch|p2a: La cabra|Barraskewda, M|100/100
|-weather|SunnyDay|[from] ability: Drought|[of] p1a: END KALI YUGA
|turn|1
|
|t:|1776103347
|move|p2a: La cabra|Flip Turn|p1a: END KALI YUGA
|-supereffective|p1a: END KALI YUGA
|-damage|p1a: END KALI YUGA|71/100
|
|t:|1776103353
|switch|p2a: Pelipas|Pelipper, M, shiny|100/100|[from] Flip Turn
|-weather|RainDance|[from] ability: Drizzle|[of] p2a: Pelipas
|move|p1a: END KALI YUGA|Will-O-Wisp|p2a: Pelipas
|-status|p2a: Pelipas|brn
|
|-weather|RainDance|[upkeep]
|-damage|p2a: Pelipas|94/100 brn|[from] brn
|upkeep
|turn|2
|
|t:|1776103363
|switch|p1a: GOLEMS NOT READY|Trevenant, M|100/100
|move|p2a: Pelipas|U-turn|p1a: GOLEMS NOT READY
|-damage|p1a: GOLEMS NOT READY|96/100
|
|t:|1776103366
|switch|p2a: Miauni|Basculegion-F, F, shiny|100/100|[from] U-turn
|
|-weather|RainDance|[upkeep]
|upkeep
|turn|3
|
|t:|1776103374
|switch|p1a: END KALI YUGA|Torkoal, M|71/100
|-weather|SunnyDay|[from] ability: Drought|[of] p1a: END KALI YUGA
|move|p2a: Miauni|Shadow Ball|p1a: END KALI YUGA
|-damage|p1a: END KALI YUGA|0 fnt
|faint|p1a: END KALI YUGA
|-damage|p2a: Miauni|91/100|[from] item: Life Orb
|
|-weather|SunnyDay|[upkeep]
|upkeep
|
|t:|1776103382
|switch|p1a: MATHEMATICAL CHEST|Walking Wake|100/100
|-activate|p1a: MATHEMATICAL CHEST|ability: Protosynthesis
|-start|p1a: MATHEMATICAL CHEST|protosynthesisspe
|turn|4
|
|t:|1776103388
|switch|p2a: Chanao|Iron Treads, shiny|100/100
|move|p1a: MATHEMATICAL CHEST|Dragon Pulse|p2a: Chanao
|-resisted|p2a: Chanao
|-damage|p2a: Chanao|85/100
|
|-weather|SunnyDay|[upkeep]
|upkeep
|turn|5
|
|t:|1776103395
|-end|p1a: MATHEMATICAL CHEST|Protosynthesis|[silent]
|switch|p1a: MINERAL AWARENESS|Great Tusk|100/100
|-activate|p1a: MINERAL AWARENESS|ability: Protosynthesis
|-start|p1a: MINERAL AWARENESS|protosynthesisatk
|move|p2a: Chanao|Volt Switch|p1a: MINERAL AWARENESS
|-immune|p1a: MINERAL AWARENESS
|
|-weather|SunnyDay|[upkeep]
|upkeep
|turn|6
|
|t:|1776103404
|-end|p2a: Chanao|Quark Drive|[silent]
|switch|p2a: Pelipas|Pelipper, M, shiny|94/100 brn
|-weather|RainDance|[from] ability: Drizzle|[of] p2a: Pelipas
|-end|p1a: MINERAL AWARENESS|Protosynthesis
|move|p1a: MINERAL AWARENESS|Knock Off|p2a: Pelipas
|-damage|p2a: Pelipas|70/100 brn
|-enditem|p2a: Pelipas|Damp Rock|[from] move: Knock Off|[of] p1a: MINERAL AWARENESS
|
|-weather|RainDance|[upkeep]
|-damage|p2a: Pelipas|63/100 brn|[from] brn
|upkeep
|turn|7
|
|t:|1776103414
|-end|p1a: MINERAL AWARENESS|Protosynthesis|[silent]
|switch|p1a: I'LL MISS|Heatran, M|100/100
|move|p2a: Pelipas|U-turn|p1a: I'LL MISS
|-resisted|p1a: I'LL MISS
|-damage|p1a: I'LL MISS|99/100
|
|t:|1776103418
|switch|p2a: La cabra|Barraskewda, M|100/100|[from] U-turn
|
|-weather|RainDance|[upkeep]
|-heal|p1a: I'LL MISS|100/100|[from] item: Leftovers
|upkeep
|turn|8
|
|t:|1776103423
|-terastallize|p1a: I'LL MISS|Grass
|move|p2a: La cabra|Flip Turn|p1a: I'LL MISS
|-resisted|p1a: I'LL MISS
|-damage|p1a: I'LL MISS|68/100
|
|t:|1776103428
|switch|p2a: Loco|Ludicolo, M, shiny|100/100|[from] Flip Turn
|move|p1a: I'LL MISS|Magma Storm|p2a: Loco
|-damage|p2a: Loco|75/100
|-activate|p2a: Loco|move: Magma Storm|[of] p1a: I'LL MISS
|
|-weather|RainDance|[upkeep]
|-heal|p1a: I'LL MISS|74/100|[from] item: Leftovers
|-damage|p2a: Loco|63/100|[from] move: Magma Storm|[partiallytrapped]
|upkeep
|turn|9
|
|t:|1776103436
|move|p2a: Loco|Ice Beam|p1a: I'LL MISS
|-supereffective|p1a: I'LL MISS
|-damage|p1a: I'LL MISS|31/100
|-damage|p2a: Loco|53/100|[from] item: Life Orb
|move|p1a: I'LL MISS|Stealth Rock|p2a: Loco
|-sidestart|p2: erjuanzas|move: Stealth Rock
|
|-weather|RainDance|[upkeep]
|-heal|p1a: I'LL MISS|37/100|[from] item: Leftovers
|-damage|p2a: Loco|41/100|[from] move: Magma Storm|[partiallytrapped]
|upkeep
|turn|10
|
|t:|1776103445
|switch|p1a: ANNUNAKI PROJECT|Clefable, M|100/100
|move|p2a: Loco|Ice Beam|p1a: ANNUNAKI PROJECT
|-damage|p1a: ANNUNAKI PROJECT|69/100
|-damage|p2a: Loco|31/100|[from] item: Life Orb
|
|-weather|RainDance|[upkeep]
|-heal|p1a: ANNUNAKI PROJECT|75/100|[from] item: Leftovers
|-end|p2a: Loco|Magma Storm|[partiallytrapped]|[silent]
|upkeep
|turn|11
|
|t:|1776103455
|move|p2a: Loco|Surf|p1a: ANNUNAKI PROJECT
|-damage|p1a: ANNUNAKI PROJECT|4/100
|-damage|p2a: Loco|21/100|[from] item: Life Orb
|move|p1a: ANNUNAKI PROJECT|Moonblast|p2a: Loco
|-damage|p2a: Loco|0 fnt
|faint|p2a: Loco
|
|-weather|RainDance|[upkeep]
|-heal|p1a: ANNUNAKI PROJECT|10/100|[from] item: Leftovers
|upkeep
|
|t:|1776103459
|switch|p2a: Chanao|Iron Treads, shiny|85/100
|-damage|p2a: Chanao|81/100|[from] Stealth Rock
|turn|12
|
|t:|1776103466
|switch|p1a: GOLEMS NOT READY|Trevenant, M|96/100
|move|p2a: Chanao|Rapid Spin|p1a: GOLEMS NOT READY
|-immune|p1a: GOLEMS NOT READY
|
|-weather|RainDance|[upkeep]
|upkeep
|turn|13
|
|t:|1776103473
|move|p2a: Chanao|Iron Head|p1a: GOLEMS NOT READY
|-damage|p1a: GOLEMS NOT READY|61/100
|cant|p1a: GOLEMS NOT READY|flinch
|
|-weather|none
|upkeep
|turn|14
|
|t:|1776103478
|move|p2a: Chanao|Iron Head|p1a: GOLEMS NOT READY
|-crit|p1a: GOLEMS NOT READY
|-damage|p1a: GOLEMS NOT READY|11/100
|-enditem|p1a: GOLEMS NOT READY|Sitrus Berry|[eat]
|-heal|p1a: GOLEMS NOT READY|36/100|[from] item: Sitrus Berry
|move|p1a: GOLEMS NOT READY|Leech Seed|p2a: Chanao
|-start|p2a: Chanao|move: Leech Seed
|
|-damage|p2a: Chanao|69/100|[from] Leech Seed|[of] p1a: GOLEMS NOT READY
|-heal|p1a: GOLEMS NOT READY|48/100|[silent]
|upkeep
|turn|15
|
|t:|1776103487
|-end|p2a: Chanao|Quark Drive|[silent]
|switch|p2a: Pelipas|Pelipper, M, shiny|63/100 brn
|-damage|p2a: Pelipas|39/100 brn|[from] Stealth Rock
|-weather|RainDance|[from] ability: Drizzle|[of] p2a: Pelipas
|move|p1a: GOLEMS NOT READY|Protect||[still]
|-fail|p1a: GOLEMS NOT READY
|
|-weather|RainDance|[upkeep]
|-damage|p2a: Pelipas|32/100 brn|[from] brn
|upkeep
|turn|16
|
|t:|1776103495
|switch|p1a: MATHEMATICAL CHEST|Walking Wake|100/100
|switch|p2a: Miauni|Basculegion-F, F, shiny|91/100
|-damage|p2a: Miauni|78/100|[from] Stealth Rock
|
|-weather|RainDance|[upkeep]
|upkeep
|turn|17
|
|t:|1776103502
|move|p2a: Miauni|Shadow Ball|p1a: MATHEMATICAL CHEST
|-damage|p1a: MATHEMATICAL CHEST|47/100
|-damage|p2a: Miauni|68/100|[from] item: Life Orb
|move|p1a: MATHEMATICAL CHEST|Dragon Pulse|p2a: Miauni
|-damage|p2a: Miauni|1/100
|
|-weather|RainDance|[upkeep]
|upkeep
|turn|18
|
|t:|1776103520
|-end|p1a: MATHEMATICAL CHEST|Protosynthesis|[silent]
|switch|p1a: ANNUNAKI PROJECT|Clefable, M|10/100
|move|p2a: Miauni|Shadow Ball|p1a: ANNUNAKI PROJECT
|-damage|p1a: ANNUNAKI PROJECT|0 fnt
|faint|p1a: ANNUNAKI PROJECT
|-damage|p2a: Miauni|0 fnt|[from] item: Life Orb
|faint|p2a: Miauni
|
|-weather|RainDance|[upkeep]
|upkeep
|
|t:|1776103531
|switch|p2a: La cabra|Barraskewda, M|100/100
|switch|p1a: MATHEMATICAL CHEST|Walking Wake|47/100
|-damage|p2a: La cabra|88/100|[from] Stealth Rock
|turn|19
|
|t:|1776103538
|move|p2a: La cabra|Close Combat|p1a: MATHEMATICAL CHEST
|-damage|p1a: MATHEMATICAL CHEST|0 fnt
|-unboost|p2a: La cabra|def|1
|-unboost|p2a: La cabra|spd|1
|faint|p1a: MATHEMATICAL CHEST
|-end|p1a: MATHEMATICAL CHEST|Protosynthesis|[silent]
|
|-weather|none
|upkeep
|
|t:|1776103545
|switch|p1a: MINERAL AWARENESS|Great Tusk|100/100
|turn|20
|
|t:|1776103550
|switch|p2a: Pelipas|Pelipper, M, shiny|32/100 brn
|-damage|p2a: Pelipas|8/100 brn|[from] Stealth Rock
|-weather|RainDance|[from] ability: Drizzle|[of] p2a: Pelipas
|move|p1a: MINERAL AWARENESS|Ice Spinner|p2a: Pelipas
|-damage|p2a: Pelipas|0 fnt
|faint|p2a: Pelipas
|
|-weather|RainDance|[upkeep]
|upkeep
|
|t:|1776103553
|switch|p2a: La cabra|Barraskewda, M|88/100
|-damage|p2a: La cabra|76/100|[from] Stealth Rock
|turn|21
|
|t:|1776103562
|-end|p1a: MINERAL AWARENESS|Protosynthesis|[silent]
|switch|p1a: GOLEMS NOT READY|Trevenant, M|48/100
|-terastallize|p2a: La cabra|Water
|move|p2a: La cabra|Liquidation|p1a: GOLEMS NOT READY
|-resisted|p1a: GOLEMS NOT READY
|-damage|p1a: GOLEMS NOT READY|0 fnt
|faint|p1a: GOLEMS NOT READY
|
|-weather|RainDance|[upkeep]
|upkeep
|c|☆erjuanzas|gg
|
|t:|1776103570
|switch|p1a: I'LL MISS|Heatran, M, tera:Grass|37/100
|turn|22
|
|t:|1776103573
|move|p2a: La cabra|Liquidation|p1a: I'LL MISS
|-resisted|p1a: I'LL MISS
|-damage|p1a: I'LL MISS|0 fnt
|faint|p1a: I'LL MISS
|
|-weather|RainDance|[upkeep]
|upkeep
|
|t:|1776103579
|switch|p1a: MINERAL AWARENESS|Great Tusk|100/100
|turn|23
|
|t:|1776103582
|move|p2a: La cabra|Liquidation|p1a: MINERAL AWARENESS
|-supereffective|p1a: MINERAL AWARENESS
|-damage|p1a: MINERAL AWARENESS|0 fnt
|faint|p1a: MINERAL AWARENESS
|-end|p1a: MINERAL AWARENESS|Protosynthesis|[silent]
|
|win|erjuanzas
|raw|Nahlokin's rating: 1535 &rarr; <strong>1510</strong><br />(-25 for losing)
|raw|erjuanzas's rating: 1455 &rarr; <strong>1480</strong><br />(+25 for winning)
|l|☆Nahlokin
|player|p1|
|l|☆erjuanzas
|player|p2|
