|html|<div class="broadcast-blue"><strong>[Gen 9] OU is currently suspecting Tera Blast! For information on how to participate check out the <a href="https://www.smogon.com/tools/suspects/view/200">suspect thread</a>.</strong></div>
|j|☆Blaze_Firesong
|j|☆ledealerderamoloss
|t:|1776189008
|gametype|singles
|player|p1|Blaze_Firesong|drayden|1301
|player|p2|ledealerderamoloss|lance-gen2|1341
|gen|9
|tier|[Gen 9] OU
|rated|
|rule|HP Percentage Mod: HP is shown in percentages
|rule|Endless Battle Clause: Forcing endless battles is banned
|rule|Species Clause: Limit one of each Pokémon
|rule|OHKO Clause: OHKO moves are banned
|rule|Evasion Items Clause: Evasion items are banned
|rule|Evasion Moves Clause: Evasion moves are banned
|rule|Evasion Abilities Clause: Evasion abilities are banned
|rule|Sleep Moves Clause: Sleep-inducing moves are banned
|clearpoke
|poke|p1|Iron Valiant|
|poke|p1|Iron Crown|
|poke|p1|Moltres|
|poke|p1|Dragapult, M|
|poke|p1|Great Tusk|
|poke|p1|Ogerpon-Wellspring, F|
|poke|p2|Excadrill, F|
|poke|p2|Tyranitar, M|
|poke|p2|Gliscor, F|
|poke|p2|Sinistcha|
|poke|p2|Raging Bolt|
|poke|p2|Tornadus-Therian, M|
|teampreview
|inactive|Battle timer is ON: inactive players will automatically lose when time's up. (requested by Blaze_Firesong)
|
|t:|1776189023
|teamsize|p1|6
|teamsize|p2|6
|start
|switch|p1a: Pon|Ogerpon-Wellspring, F|100/100
|switch|p2a: birb|Tornadus-Therian, M|100/100
|turn|1
|
|t:|1776189045
|switch|p1a: Dawn|Moltres|100/100
|move|p2a: birb|Bleakwind Storm|p1a: Dawn
|-damage|p1a: Dawn|63/100
|
|upkeep
|turn|2
|
|t:|1776189058
|move|p2a: birb|Knock Off|p1a: Dawn
|-damage|p1a: Dawn|50/100
|-status|p2a: birb|brn|[from] ability: Flame Body|[of] p1a: Dawn
|-enditem|p1a: Dawn|Heavy-Duty Boots|[from] move: Knock Off|[of] p2a: birb
|move|p1a: Dawn|Flamethrower|p2a: birb
|-damage|p2a: birb|61/100 brn
|
|-damage|p2a: birb|55/100 brn|[from] brn
|upkeep
|turn|3
|
|t:|1776189065
|move|p2a: birb|U-turn|p1a: Dawn
|-resisted|p1a: Dawn
|-damage|p1a: Dawn|49/100
|
|t:|1776189069
|switch|p2a: Who's Powercreep?|Tyranitar, M|100/100|[from] U-turn
|-weather|Sandstorm|[from] ability: Sand Stream|[of] p2a: Who's Powercreep?
|move|p1a: Dawn|Flamethrower|p2a: Who's Powercreep?
|-resisted|p2a: Who's Powercreep?
|-damage|p2a: Who's Powercreep?|92/100
|
|-weather|Sandstorm|[upkeep]
|-damage|p1a: Dawn|43/100|[from] Sandstorm
|upkeep
|turn|4
|
|t:|1776189074
|move|p1a: Dawn|U-turn|p2a: Who's Powercreep?
|-supereffective|p2a: Who's Powercreep?
|-damage|p2a: Who's Powercreep?|71/100
|
|t:|1776189079
|switch|p1a: Pon|Ogerpon-Wellspring, F|100/100|[from] U-turn
|move|p2a: Who's Powercreep?|Stealth Rock|p1a: Pon
|-sidestart|p1: Blaze_Firesong|move: Stealth Rock
|
|-weather|Sandstorm|[upkeep]
|-damage|p1a: Pon|95/100|[from] Sandstorm
|upkeep
|turn|5
|
|t:|1776189087
|switch|p2a: 100k Labubumatcha|Sinistcha|100/100
|move|p1a: Pon|Ivy Cudgel|p2a: 100k Labubumatcha|[anim] Ivy Cudgel Water
|-resisted|p2a: 100k Labubumatcha
|-damage|p2a: 100k Labubumatcha|79/100
|
|-weather|Sandstorm|[upkeep]
|-damage|p1a: Pon|89/100|[from] Sandstorm
|-damage|p2a: 100k Labubumatcha|73/100|[from] Sandstorm
|upkeep
|turn|6
|
|t:|1776189107
|move|p1a: Pon|U-turn|p2a: 100k Labubumatcha
|-damage|p2a: 100k Labubumatcha|53/100
|
|t:|1776189113
|switch|p1a: Iron Clown|Iron Crown|100/100|[from] U-turn
|-damage|p1a: Iron Clown|94/100|[from] Stealth Rock
|move|p2a: 100k Labubumatcha|Matcha Gotcha|p1a: Iron Clown
|-resisted|p1a: Iron Clown
|-damage|p1a: Iron Clown|84/100
|-heal|p2a: 100k Labubumatcha|57/100|[from] drain|[of] p1a: Iron Clown
|
|-weather|Sandstorm|[upkeep]
|-damage|p2a: 100k Labubumatcha|51/100|[from] Sandstorm
|upkeep
|turn|7
|
|t:|1776189125
|switch|p2a: Gholdengo digger|Excadrill, F|100/100
|move|p1a: Iron Clown|Tachyon Cutter|p2a: Gholdengo digger
|-resisted|p2a: Gholdengo digger
|-damage|p2a: Gholdengo digger|84/100
|-resisted|p2a: Gholdengo digger
|-damage|p2a: Gholdengo digger|67/100
|-hitcount|p2a: Gholdengo digger|2
|
|-weather|none
|-heal|p2a: Gholdengo digger|73/100|[from] item: Leftovers
|upkeep
|turn|8
|
|t:|1776189138
|move|p1a: Iron Clown|Focus Blast|p2a: Gholdengo digger|[miss]
|-miss|p1a: Iron Clown|p2a: Gholdengo digger
|move|p2a: Gholdengo digger|Earthquake|p1a: Iron Clown
|-supereffective|p1a: Iron Clown
|-damage|p1a: Iron Clown|0 fnt
|faint|p1a: Iron Clown
|-end|p1a: Iron Clown|Quark Drive|[silent]
|
|-heal|p2a: Gholdengo digger|79/100|[from] item: Leftovers
|upkeep
|
|t:|1776189150
|switch|p1a: Address me|Great Tusk|100/100
|turn|9
|
|t:|1776189156
|switch|p2a: 100k Labubumatcha|Sinistcha|51/100
|move|p1a: Address me|Rapid Spin|p2a: 100k Labubumatcha
|-immune|p2a: 100k Labubumatcha
|
|upkeep
|turn|10
|
|t:|1776189160
|move|p1a: Address me|Knock Off|p2a: 100k Labubumatcha
|-supereffective|p2a: 100k Labubumatcha
|-damage|p2a: 100k Labubumatcha|0 fnt
|-enditem|p2a: 100k Labubumatcha|Heavy-Duty Boots|[from] move: Knock Off|[of] p1a: Address me
|faint|p2a: 100k Labubumatcha
|
|upkeep
|
|t:|1776189164
|switch|p2a: birb|Tornadus-Therian, M|88/100 brn
|turn|11
|
|t:|1776189174
|-end|p1a: Address me|Protosynthesis|[silent]
|switch|p1a: Dawn|Moltres|43/100
|-damage|p1a: Dawn|0 fnt|[from] Stealth Rock
|faint|p1a: Dawn
|move|p2a: birb|Bleakwind Storm|p1: Dawn|[notarget]
|-fail|p2a: birb
|
|-damage|p2a: birb|82/100 brn|[from] brn
|upkeep
|
|t:|1776189177
|switch|p1a: B2 Spirit Bomber|Dragapult, M, shiny|100/100
|-damage|p1a: B2 Spirit Bomber|88/100|[from] Stealth Rock
|turn|12
|
|t:|1776189182
|switch|p2a: Who's Powercreep?|Tyranitar, M|71/100
|-weather|Sandstorm|[from] ability: Sand Stream|[of] p2a: Who's Powercreep?
|move|p1a: B2 Spirit Bomber|Draco Meteor|p2a: Who's Powercreep?
|-damage|p2a: Who's Powercreep?|34/100
|-unboost|p1a: B2 Spirit Bomber|spa|2
|
|-weather|Sandstorm|[upkeep]
|-damage|p1a: B2 Spirit Bomber|82/100|[from] Sandstorm
|upkeep
|turn|13
|
|t:|1776189205
|switch|p1a: Address me|Great Tusk|100/100
|move|p2a: Who's Powercreep?|Knock Off|p1a: Address me
|-resisted|p1a: Address me
|-damage|p1a: Address me|86/100
|-enditem|p1a: Address me|Heavy-Duty Boots|[from] move: Knock Off|[of] p2a: Who's Powercreep?
|
|-weather|Sandstorm|[upkeep]
|upkeep
|turn|14
|
|t:|1776189233
|switch|p2a: birb|Tornadus-Therian, M|100/100 brn
|move|p1a: Address me|Close Combat|p2a: birb
|-resisted|p2a: birb
|-damage|p2a: birb|63/100 brn
|-unboost|p1a: Address me|def|1
|-unboost|p1a: Address me|spd|1
|
|-weather|Sandstorm|[upkeep]
|-damage|p2a: birb|57/100 brn|[from] Sandstorm
|-damage|p2a: birb|51/100 brn|[from] brn
|upkeep
|turn|15
|
|t:|1776189240
|-end|p1a: Address me|Protosynthesis|[silent]
|switch|p1a: B2 Spirit Bomber|Dragapult, M, shiny|82/100
|-damage|p1a: B2 Spirit Bomber|70/100|[from] Stealth Rock
|move|p2a: birb|Bleakwind Storm|p1a: B2 Spirit Bomber
|-damage|p1a: B2 Spirit Bomber|18/100
|
|-weather|Sandstorm|[upkeep]
|-damage|p1a: B2 Spirit Bomber|12/100|[from] Sandstorm
|-damage|p2a: birb|45/100 brn|[from] Sandstorm
|-damage|p2a: birb|39/100 brn|[from] brn
|upkeep
|turn|16
|
|t:|1776189245
|switch|p2a: Who's Powercreep?|Tyranitar, M|34/100
|move|p1a: B2 Spirit Bomber|Shadow Ball|p2a: Who's Powercreep?
|-resisted|p2a: Who's Powercreep?
|-damage|p2a: Who's Powercreep?|23/100
|
|-weather|none
|upkeep
|turn|17
|
|t:|1776189270
|move|p1a: B2 Spirit Bomber|Shadow Ball|p2a: Who's Powercreep?
|-resisted|p2a: Who's Powercreep?
|-damage|p2a: Who's Powercreep?|6/100
|move|p2a: Who's Powercreep?|Knock Off|p1a: B2 Spirit Bomber
|-supereffective|p1a: B2 Spirit Bomber
|-damage|p1a: B2 Spirit Bomber|0 fnt
|-enditem|p1a: B2 Spirit Bomber|Choice Specs|[from] move: Knock Off|[of] p2a: Who's Powercreep?
|faint|p1a: B2 Spirit Bomber
|
|upkeep
|inactive|Blaze_Firesong has 120 seconds left.
|
|t:|1776189297
|switch|p1a: Pon|Ogerpon-Wellspring, F|89/100
|-damage|p1a: Pon|76/100|[from] Stealth Rock
|turn|18
|
|t:|1776189308
|switch|p2a: J U S T I C E|Gliscor, F, shiny|100/100
|move|p1a: Pon|Ivy Cudgel|p2a: J U S T I C E|[anim] Ivy Cudgel Water
|-supereffective|p2a: J U S T I C E
|-damage|p2a: J U S T I C E|4/100
|
|-status|p2a: J U S T I C E|tox|[from] item: Toxic Orb
|upkeep
|turn|19
|inactive|Blaze_Firesong has 120 seconds left.
|
|t:|1776189340
|move|p2a: J U S T I C E|Protect|p2a: J U S T I C E
|-singleturn|p2a: J U S T I C E|Protect
|move|p1a: Pon|Ivy Cudgel|p2a: J U S T I C E|[anim] Ivy Cudgel Water
|-activate|p2a: J U S T I C E|move: Protect
|
|-heal|p2a: J U S T I C E|17/100 tox|[from] ability: Poison Heal
|upkeep
|turn|20
|
|t:|1776189345
|move|p1a: Pon|Ivy Cudgel|p2a: J U S T I C E|[anim] Ivy Cudgel Water
|-supereffective|p2a: J U S T I C E
|-damage|p2a: J U S T I C E|0 fnt
|faint|p2a: J U S T I C E
|
|upkeep
|
|t:|1776189349
|switch|p2a: birb|Tornadus-Therian, M|72/100 brn
|turn|21
|inactive|Blaze_Firesong has 120 seconds left.
|
|t:|1776189359
|-terastallize|p1a: Pon|Water
|detailschange|p1a: Pon|Ogerpon-Wellspring-Tera, F, tera:Water
|-ability|p1a: Pon|Embody Aspect (Wellspring)|boost
|-boost|p1a: Pon|spd|1
|move|p2a: birb|Bleakwind Storm|p1a: Pon
|-damage|p1a: Pon|48/100
|move|p1a: Pon|Ivy Cudgel|p2a: birb|[anim] Ivy Cudgel Water
|-damage|p2a: birb|0 fnt
|faint|p2a: birb
|
|upkeep
|
|t:|1776189370
|switch|p2a: Victor Wembanyama|Raging Bolt|100/100
|turn|22
|inactive|Blaze_Firesong has 120 seconds left.
|
|t:|1776189395
|switch|p1a: Address me|Great Tusk|86/100
|-damage|p1a: Address me|83/100|[from] Stealth Rock
|move|p2a: Victor Wembanyama|Thunderclap||[still]
|-fail|p2a: Victor Wembanyama
|
|upkeep
|turn|23
|inactive|Blaze_Firesong has 120 seconds left.
|
|t:|1776189401
|-terastallize|p2a: Victor Wembanyama|Fairy
|move|p1a: Address me|Headlong Rush|p2a: Victor Wembanyama
|-damage|p2a: Victor Wembanyama|45/100
|-unboost|p1a: Address me|def|1
|-unboost|p1a: Address me|spd|1
|move|p2a: Victor Wembanyama|Dragon Pulse|p1a: Address me
|-damage|p1a: Address me|0 fnt
|faint|p1a: Address me
|-end|p1a: Address me|Protosynthesis|[silent]
|
|upkeep
|inactive|Blaze_Firesong has 120 seconds left.
|
|t:|1776189408
|switch|p1a: They/Them|Iron Valiant, shiny|100/100
|-damage|p1a: They/Them|94/100|[from] Stealth Rock
|-enditem|p1a: They/Them|Booster Energy
|-activate|p1a: They/Them|ability: Quark Drive|[fromitem]
|-start|p1a: They/Them|quarkdrivespe
|turn|24
|
|t:|1776189417
|-end|p2a: Victor Wembanyama|Protosynthesis|[silent]
|switch|p2a: Who's Powercreep?|Tyranitar, M|6/100
|-weather|Sandstorm|[from] ability: Sand Stream|[of] p2a: Who's Powercreep?
|move|p1a: They/Them|Moonblast|p2a: Who's Powercreep?
|-supereffective|p2a: Who's Powercreep?
|-damage|p2a: Who's Powercreep?|0 fnt
|faint|p2a: Who's Powercreep?
|
|-weather|Sandstorm|[upkeep]
|-damage|p1a: They/Them|88/100|[from] Sandstorm
|upkeep
|
|t:|1776189424
|switch|p2a: Gholdengo digger|Excadrill, F|79/100
|turn|25
|
|t:|1776189431
|move|p2a: Gholdengo digger|Earthquake|p1a: They/Them
|-damage|p1a: They/Them|21/100
|move|p1a: They/Them|Close Combat|p2a: Gholdengo digger
|-supereffective|p2a: Gholdengo digger
|-damage|p2a: Gholdengo digger|0 fnt
|-unboost|p1a: They/Them|def|1
|-unboost|p1a: They/Them|spd|1
|faint|p2a: Gholdengo digger
|
|-weather|Sandstorm|[upkeep]
|-damage|p1a: They/Them|15/100|[from] Sandstorm
|upkeep
|
|t:|1776189435
|switch|p2a: Victor Wembanyama|Raging Bolt, tera:Fairy|45/100
|turn|26
|
|t:|1776189439
|move|p2a: Victor Wembanyama|Thunderclap||[still]
|-fail|p2a: Victor Wembanyama
|move|p1a: They/Them|Encore|p2a: Victor Wembanyama
|-start|p2a: Victor Wembanyama|Encore
|
|-weather|Sandstorm|[upkeep]
|-damage|p1a: They/Them|9/100|[from] Sandstorm
|-damage|p2a: Victor Wembanyama|39/100|[from] Sandstorm
|upkeep
|turn|27
|c|☆Blaze_Firesong|now what
|
|t:|1776189466
|move|p2a: Victor Wembanyama|Thunderclap||[still]
|-fail|p2a: Victor Wembanyama
|move|p1a: They/Them|Encore||[still]
|-fail|p1a: They/Them
|
|-weather|Sandstorm|[upkeep]
|-damage|p1a: They/Them|3/100|[from] Sandstorm
|-damage|p2a: Victor Wembanyama|33/100|[from] Sandstorm
|upkeep
|turn|28
|c|☆ledealerderamoloss|sanD
|c|☆ledealerderamoloss|iDk
|c|☆Blaze_Firesong|true
|
|t:|1776189486
|move|p2a: Victor Wembanyama|Thunderclap||[still]
|-fail|p2a: Victor Wembanyama
|move|p1a: They/Them|Encore||[still]
|-fail|p1a: They/Them
|
|-weather|none
|upkeep
|turn|29
|
|t:|1776189509
|move|p2a: Victor Wembanyama|Thunderclap||[still]
|-fail|p2a: Victor Wembanyama
|move|p1a: They/Them|Encore||[still]
|-fail|p1a: They/Them
|
|-end|p2a: Victor Wembanyama|Encore
|upkeep
|turn|30
|c|☆ledealerderamoloss|Dang
|
|t:|1776189523
|move|p2a: Victor Wembanyama|Thunderclap|p1a: They/Them
|-damage|p1a: They/Them|0 fnt
|faint|p1a: They/Them
|-end|p1a: They/Them|Quark Drive|[silent]
|
|upkeep
|c|☆Blaze_Firesong|dang
|c|☆Blaze_Firesong|shouldve encored again
|
|t:|1776189534
|switch|p1a: Pon|Ogerpon-Wellspring-Tera, F, tera:Water|48/100
|-damage|p1a: Pon|36/100|[from] Stealth Rock
|-ability|p1a: Pon|Embody Aspect (Wellspring)|boost
|-boost|p1a: Pon|spd|1
|turn|31
|c|☆ledealerderamoloss|true
|
|t:|1776189541
|move|p2a: Victor Wembanyama|Thunderclap||[still]
|-fail|p2a: Victor Wembanyama
|move|p1a: Pon|Swords Dance|p1a: Pon
|-boost|p1a: Pon|atk|2
|
|upkeep
|turn|32
|inactive|ledealerderamoloss has 120 seconds left.
|inactive|ledealerderamoloss has 90 seconds left.
|j| ohko_smeargle
|inactive|ledealerderamoloss has 60 seconds left.
|c|☆Blaze_Firesong|1 pp
|c|☆Blaze_Firesong|50/50
|c|☆ledealerderamoloss|thats why im thinking
|inactive|ledealerderamoloss has 30 seconds left.
|c|☆Blaze_Firesong|true
|c|☆ledealerderamoloss|last turna anyway
|inactive|ledealerderamoloss has 20 seconds left.
|c|☆Blaze_Firesong|yea
|inactive|ledealerderamoloss has 15 seconds left.
|c|☆ledealerderamoloss|so i can think
|
|t:|1776189679
|move|p2a: Victor Wembanyama|Thunderclap||[still]
|-fail|p2a: Victor Wembanyama
|move|p1a: Pon|Swords Dance|p1a: Pon
|-boost|p1a: Pon|atk|2
|
|upkeep
|turn|33
|inactive|ledealerderamoloss has 25 seconds left this turn.
|c|☆Blaze_Firesong|gg
|inactive|ledealerderamoloss has 20 seconds left.
|c|☆ledealerderamoloss|gg
|
|t:|1776189689
|move|p1a: Pon|Ivy Cudgel|p2a: Victor Wembanyama|[anim] Ivy Cudgel Water
|-damage|p2a: Victor Wembanyama|0 fnt
|faint|p2a: Victor Wembanyama
|-end|p2a: Victor Wembanyama|Protosynthesis|[silent]
|
|win|Blaze_Firesong
|raw|Blaze_Firesong's rating: 1282 &rarr; <strong>1311</strong><br />(+29 for winning)
|raw|ledealerderamoloss's rating: 1341 &rarr; <strong>1318</strong><br />(-23 for losing)
|l| ohko_smeargle
