|html|<div class="broadcast-blue"><strong>[Gen 9] OU is currently suspecting Tera Blast! For information on how to participate check out the <a href="https://www.smogon.com/tools/suspects/view/200">suspect thread</a>.</strong></div>
|j|☆blisteringbigfoot
|j|☆Chrisfeb1992
|t:|1776184328
|gametype|singles
|player|p1|blisteringbigfoot|roxie-masters|1483
|player|p2|Chrisfeb1992|102|1439
|gen|9
|tier|[Gen 9] OU
|rated|
|rule|HP Percentage Mod: HP is shown in percentages
|rule|Endless Battle Clause: Forcing endless battles is banned
|rule|Species Clause: Limit one of each Pokémon
|rule|OHKO Clause: OHKO moves are banned
|rule|Evasion Items Clause: Evasion items are banned
|rule|Evasion Moves Clause: Evasion moves are banned
|rule|Evasion Abilities Clause: Evasion abilities are banned
|rule|Sleep Moves Clause: Sleep-inducing moves are banned
|clearpoke
|poke|p1|Ogerpon-Wellspring, F|
|poke|p1|Gholdengo|
|poke|p1|Glimmora, M|
|poke|p1|Dragonite, F|
|poke|p1|Iron Valiant|
|poke|p1|Deoxys-Speed|
|poke|p2|Torkoal, M|
|poke|p2|Walking Wake|
|poke|p2|Deoxys-Speed|
|poke|p2|Zamazenta-*|
|poke|p2|Cinderace, F|
|poke|p2|Ceruledge, F|
|teampreview
|
|t:|1776184334
|teamsize|p1|6
|teamsize|p2|6
|start
|switch|p1a: Glimmora|Glimmora, M|100/100
|switch|p2a: Cinderace|Cinderace, F|100/100
|turn|1
|inactive|Battle timer is ON: inactive players will automatically lose when time's up. (requested by blisteringbigfoot)
|
|t:|1776184342
|move|p2a: Cinderace|Will-O-Wisp|p1a: Glimmora
|-status|p1a: Glimmora|brn
|move|p1a: Glimmora|Meteor Beam||[still]
|-prepare|p1a: Glimmora|Meteor Beam
|-boost|p1a: Glimmora|spa|1
|-enditem|p1a: Glimmora|Power Herb
|-anim|p1a: Glimmora|Meteor Beam|p2a: Cinderace
|-supereffective|p2a: Cinderace
|-damage|p2a: Cinderace|0 fnt
|faint|p2a: Cinderace
|
|-damage|p1a: Glimmora|94/100 brn|[from] brn
|upkeep
|
|t:|1776184356
|switch|p2a: Deoxys|Deoxys-Speed|100/100
|-ability|p2a: Deoxys|Pressure
|turn|2
|
|t:|1776184362
|move|p2a: Deoxys|Light Screen|p2a: Deoxys
|-sidestart|p2: Chrisfeb1992|move: Light Screen
|move|p1a: Glimmora|Stealth Rock|p2a: Deoxys
|-sidestart|p2: Chrisfeb1992|move: Stealth Rock
|
|-damage|p1a: Glimmora|88/100 brn|[from] brn
|upkeep
|turn|3
|
|t:|1776184369
|move|p2a: Deoxys|Psycho Boost|p1a: Glimmora
|-supereffective|p1a: Glimmora
|-damage|p1a: Glimmora|0 fnt
|-unboost|p2a: Deoxys|spa|2
|faint|p1a: Glimmora
|
|upkeep
|
|t:|1776184372
|switch|p1a: Deoxys|Deoxys-Speed|100/100
|-ability|p1a: Deoxys|Pressure
|turn|4
|
|t:|1776184379
|move|p2a: Deoxys|Reflect|p2a: Deoxys
|-sidestart|p2: Chrisfeb1992|Reflect
|move|p1a: Deoxys|Taunt|p2a: Deoxys
|-start|p2a: Deoxys|move: Taunt
|
|upkeep
|turn|5
|
|t:|1776184385
|switch|p2a: Ceruledge|Ceruledge, F|100/100
|-damage|p2a: Ceruledge|76/100|[from] Stealth Rock
|move|p1a: Deoxys|Reflect|p1a: Deoxys
|-sidestart|p1: blisteringbigfoot|Reflect
|
|upkeep
|turn|6
|
|t:|1776184391
|move|p1a: Deoxys|Taunt|p2a: Ceruledge
|-start|p2a: Ceruledge|move: Taunt
|move|p2a: Ceruledge|Bitter Blade|p1a: Deoxys
|-damage|p1a: Deoxys|73/100
|-heal|p2a: Ceruledge|90/100|[from] drain|[of] p1a: Deoxys
|
|upkeep
|turn|7
|
|t:|1776184399
|move|p1a: Deoxys|Light Screen|p1a: Deoxys
|-sidestart|p1: blisteringbigfoot|move: Light Screen
|move|p2a: Ceruledge|Bitter Blade|p1a: Deoxys
|-damage|p1a: Deoxys|46/100
|-heal|p2a: Ceruledge|100/100|[from] drain|[of] p1a: Deoxys
|
|upkeep
|turn|8
|
|t:|1776184408
|move|p1a: Deoxys|Psycho Boost|p2a: Ceruledge|[miss]
|-miss|p1a: Deoxys|p2a: Ceruledge
|move|p2a: Ceruledge|Poltergeist|p1a: Deoxys
|-activate|p1a: Deoxys|move: Poltergeist|Light Clay
|-supereffective|p1a: Deoxys
|-damage|p1a: Deoxys|0 fnt
|faint|p1a: Deoxys
|
|-end|p2a: Ceruledge|move: Taunt
|upkeep
|
|t:|1776184420
|switch|p1a: Iron Valiant|Iron Valiant|100/100
|-enditem|p1a: Iron Valiant|Booster Energy
|-activate|p1a: Iron Valiant|ability: Quark Drive|[fromitem]
|-start|p1a: Iron Valiant|quarkdrivespe
|turn|9
|
|t:|1776184428
|switch|p2a: Torkoal|Torkoal, M|100/100
|-damage|p2a: Torkoal|75/100|[from] Stealth Rock
|-weather|SunnyDay|[from] ability: Drought|[of] p2a: Torkoal
|move|p1a: Iron Valiant|Knock Off|p2a: Torkoal
|-damage|p2a: Torkoal|66/100
|-enditem|p2a: Torkoal|Heat Rock|[from] move: Knock Off|[of] p1a: Iron Valiant
|
|-weather|SunnyDay|[upkeep]
|-sideend|p2: Chrisfeb1992|move: Light Screen
|upkeep
|turn|10
|
|t:|1776184439
|move|p1a: Iron Valiant|Swords Dance|p1a: Iron Valiant
|-boost|p1a: Iron Valiant|atk|2
|move|p2a: Torkoal|Stealth Rock|p1a: Iron Valiant
|-sidestart|p1: blisteringbigfoot|move: Stealth Rock
|
|-weather|SunnyDay|[upkeep]
|upkeep
|turn|11
|
|t:|1776184446
|move|p1a: Iron Valiant|Encore|p2a: Torkoal
|-start|p2a: Torkoal|Encore
|move|p2a: Torkoal|Stealth Rock||[still]
|-fail|p2a: Torkoal
|
|-weather|SunnyDay|[upkeep]
|-sideend|p2: Chrisfeb1992|Reflect
|upkeep
|turn|12
|
|t:|1776184455
|switch|p2a: Deoxys|Deoxys-Speed|100/100
|-damage|p2a: Deoxys|88/100|[from] Stealth Rock
|-ability|p2a: Deoxys|Pressure
|move|p1a: Iron Valiant|Swords Dance|p1a: Iron Valiant
|-boost|p1a: Iron Valiant|atk|2
|
|-weather|SunnyDay|[upkeep]
|-sideend|p1: blisteringbigfoot|Reflect
|upkeep
|turn|13
|
|t:|1776184466
|move|p1a: Iron Valiant|Knock Off|p2a: Deoxys
|-supereffective|p2a: Deoxys
|-damage|p2a: Deoxys|0 fnt
|-enditem|p2a: Deoxys|Light Clay|[from] move: Knock Off|[of] p1a: Iron Valiant
|faint|p2a: Deoxys
|
|-weather|SunnyDay|[upkeep]
|upkeep
|
|t:|1776184474
|switch|p2a: Torkoal|Torkoal, M|66/100
|-damage|p2a: Torkoal|41/100|[from] Stealth Rock
|turn|14
|
|t:|1776184479
|move|p1a: Iron Valiant|Close Combat|p2a: Torkoal
|-damage|p2a: Torkoal|0 fnt
|-unboost|p1a: Iron Valiant|def|1
|-unboost|p1a: Iron Valiant|spd|1
|faint|p2a: Torkoal
|
|-weather|SunnyDay|[upkeep]
|-sideend|p1: blisteringbigfoot|move: Light Screen
|upkeep
|
|t:|1776184492
|switch|p2a: Zamazenta|Zamazenta|100/100
|-damage|p2a: Zamazenta|94/100|[from] Stealth Rock
|-ability|p2a: Zamazenta|Dauntless Shield|boost
|-boost|p2a: Zamazenta|def|1
|turn|15
|
|t:|1776184500
|move|p1a: Iron Valiant|Close Combat|p2a: Zamazenta
|-damage|p2a: Zamazenta|0 fnt
|-unboost|p1a: Iron Valiant|def|1
|-unboost|p1a: Iron Valiant|spd|1
|faint|p2a: Zamazenta
|
|-weather|SunnyDay|[upkeep]
|upkeep
|
|t:|1776184507
|switch|p2a: Ceruledge|Ceruledge, F|100/100
|-damage|p2a: Ceruledge|76/100|[from] Stealth Rock
|turn|16
|
|t:|1776184513
|-terastallize|p1a: Iron Valiant|Dark
|-terastallize|p2a: Ceruledge|Ghost
|move|p2a: Ceruledge|Shadow Sneak|p1a: Iron Valiant
|-resisted|p1a: Iron Valiant
|-damage|p1a: Iron Valiant|63/100
|move|p1a: Iron Valiant|Knock Off|p2a: Ceruledge
|-supereffective|p2a: Ceruledge
|-damage|p2a: Ceruledge|0 fnt
|-enditem|p2a: Ceruledge|Focus Sash|[from] move: Knock Off|[of] p1a: Iron Valiant
|faint|p2a: Ceruledge
|
|-weather|none
|upkeep
|-message|Chrisfeb1992 forfeited.
|
|win|blisteringbigfoot
|raw|blisteringbigfoot's rating: 1483 &rarr; <strong>1500</strong><br />(+17 for winning)
|raw|Chrisfeb1992's rating: 1439 &rarr; <strong>1422</strong><br />(-17 for losing)
|l|☆Chrisfeb1992
|player|p2|
|j|☆Chrisfeb1992
|player|p2|Chrisfeb1992|102|
|l|☆Chrisfeb1992
|player|p2|
