|html|<div class="broadcast-blue"><strong>[Gen 9] OU is currently suspecting Volcarona! For information on how to participate check out the <a href="https://www.smogon.com/tools/suspects/view/208">suspect thread</a>.</strong></div>
|j|☆overshuckle
|j|☆jelows
|t:|1778516926
|gametype|singles
|player|p1|overshuckle|266|1204
|player|p2|jelows|170|1176
|gen|9
|tier|[Gen 9] OU
|rated|
|rule|HP Percentage Mod: HP is shown in percentages
|rule|Endless Battle Clause: Forcing endless battles is banned
|rule|Species Clause: Limit one of each Pokémon
|rule|OHKO Clause: OHKO moves are banned
|rule|Evasion Items Clause: Evasion items are banned
|rule|Evasion Moves Clause: Evasion moves are banned
|rule|Evasion Abilities Clause: Evasion abilities are banned
|rule|Sleep Moves Clause: Sleep-inducing moves are banned
|clearpoke
|poke|p1|Regieleki|
|poke|p1|Slowking-Galar, M|
|poke|p1|Corviknight, M|
|poke|p1|Keldeo-Resolute|
|poke|p1|Tornadus-Therian, M|
|poke|p1|Ting-Lu|
|poke|p2|Terrakion|
|poke|p2|Klawf, F|
|poke|p2|Vivillon-Fancy, M|
|poke|p2|Mamoswine, M|
|poke|p2|Ditto|
|poke|p2|Iron Jugulis|
|teampreview
|
|t:|1778516956
|teamsize|p1|6
|teamsize|p2|6
|start
|switch|p1a: Ting-Lu|Ting-Lu|100/100
|switch|p2a: Iron Jugulis|Iron Jugulis, shiny|100/100
|-ability|p1a: Ting-Lu|Vessel of Ruin
|-enditem|p2a: Iron Jugulis|Booster Energy
|-activate|p2a: Iron Jugulis|ability: Quark Drive|[fromitem]
|-start|p2a: Iron Jugulis|quarkdrivespa
|turn|1
|
|t:|1778516972
|move|p2a: Iron Jugulis|Earth Power|p1a: Ting-Lu
|-damage|p1a: Ting-Lu|84/100
|-unboost|p1a: Ting-Lu|spd|1
|move|p1a: Ting-Lu|Stealth Rock|p2a: Iron Jugulis
|-sidestart|p2: jelows|move: Stealth Rock
|
|-heal|p1a: Ting-Lu|90/100|[from] item: Leftovers
|upkeep
|turn|2
|
|t:|1778517017
|-end|p2a: Iron Jugulis|Quark Drive|[silent]
|switch|p2a: Mamoswine|Mamoswine, M, shiny|100/100
|-damage|p2a: Mamoswine|88/100|[from] Stealth Rock
|move|p1a: Ting-Lu|Whirlwind|p2a: Mamoswine
|drag|p2a: Klawf|Klawf, F, shiny|100/100
|-damage|p2a: Klawf|88/100|[from] Stealth Rock
|
|-heal|p1a: Ting-Lu|96/100|[from] item: Leftovers
|upkeep
|turn|3
|
|t:|1778517030
|move|p2a: Klawf|Crabhammer|p1a: Ting-Lu
|-supereffective|p1a: Ting-Lu
|-damage|p1a: Ting-Lu|63/100
|move|p1a: Ting-Lu|Earthquake|p2a: Klawf
|-supereffective|p2a: Klawf
|-damage|p2a: Klawf|24/100
|
|-heal|p1a: Ting-Lu|69/100|[from] item: Leftovers
|upkeep
|turn|4
|
|t:|1778517038
|move|p2a: Klawf|Crabhammer|p1a: Ting-Lu
|-supereffective|p1a: Ting-Lu
|-damage|p1a: Ting-Lu|38/100
|move|p1a: Ting-Lu|Earthquake|p2a: Klawf
|-supereffective|p2a: Klawf
|-damage|p2a: Klawf|0 fnt
|faint|p2a: Klawf
|
|-heal|p1a: Ting-Lu|44/100|[from] item: Leftovers
|upkeep
|
|t:|1778517053
|switch|p2a: Mamoswine|Mamoswine, M, shiny|88/100
|-damage|p2a: Mamoswine|75/100|[from] Stealth Rock
|turn|5
|
|t:|1778517060
|switch|p1a: Corviknight|Corviknight, M|100/100
|-ability|p1a: Corviknight|Pressure
|move|p2a: Mamoswine|Trailblaze|p1a: Corviknight
|-resisted|p1a: Corviknight
|-damage|p1a: Corviknight|98/100
|-boost|p2a: Mamoswine|spe|1
|-damage|p2a: Mamoswine|59/100|[from] item: Rocky Helmet|[of] p1a: Corviknight
|
|upkeep
|turn|6
|
|t:|1778517076
|move|p2a: Mamoswine|Body Press|p1a: Corviknight
|-damage|p1a: Corviknight|89/100
|-damage|p2a: Mamoswine|42/100|[from] item: Rocky Helmet|[of] p1a: Corviknight
|move|p1a: Corviknight|U-turn|p2a: Mamoswine
|-damage|p2a: Mamoswine|30/100
|
|t:|1778517078
|switch|p1a: Keldeo|Keldeo-Resolute|100/100|[from] U-turn
|
|upkeep
|turn|7
|
|t:|1778517085
|move|p1a: Keldeo|Vacuum Wave|p2a: Mamoswine
|-supereffective|p2a: Mamoswine
|-damage|p2a: Mamoswine|0 fnt
|faint|p2a: Mamoswine
|
|upkeep
|
|t:|1778517094
|switch|p2a: Vivillon|Vivillon-Fancy, M, shiny|100/100
|-damage|p2a: Vivillon|51/100|[from] Stealth Rock
|turn|8
|
|t:|1778517101
|switch|p1a: Slowking|Slowking-Galar, M|100/100
|move|p2a: Vivillon|Stun Spore|p1a: Slowking
|-status|p1a: Slowking|par
|
|upkeep
|turn|9
|
|t:|1778517108
|move|p2a: Vivillon|Tailwind|p2a: Vivillon
|-sidestart|p2: jelows|move: Tailwind
|cant|p1a: Slowking|par
|
|upkeep
|turn|10
|
|t:|1778517112
|move|p2a: Vivillon|Draining Kiss|p1a: Slowking
|-resisted|p1a: Slowking
|-damage|p1a: Slowking|96/100 par
|-heal|p2a: Vivillon|55/100|[from] drain|[of] p1a: Slowking
|-prepare|p1a: Slowking|Chilly Reception|[premajor]
|move|p1a: Slowking|Chilly Reception|p1a: Slowking
|-weather|Snowscape
|
|t:|1778517115
|switch|p1a: Regieleki|Regieleki|100/100|[from] Chilly Reception
|
|-weather|Snowscape|[upkeep]
|upkeep
|turn|11
|
|t:|1778517122
|move|p2a: Vivillon|Draining Kiss|p1a: Regieleki
|-damage|p1a: Regieleki|73/100
|-heal|p2a: Vivillon|75/100|[from] drain|[of] p1a: Regieleki
|move|p1a: Regieleki|Volt Switch|p2a: Vivillon
|-supereffective|p2a: Vivillon
|-damage|p2a: Vivillon|0 fnt
|faint|p2a: Vivillon
|
|t:|1778517135
|switch|p1a: Keldeo|Keldeo-Resolute|100/100|[from] Volt Switch
|
|-weather|Snowscape|[upkeep]
|upkeep
|
|t:|1778517139
|switch|p2a: Ditto|Ditto, shiny|100/100
|-damage|p2a: Ditto|88/100|[from] Stealth Rock
|-transform|p2a: Ditto|p1a: Keldeo|[from] ability: Imposter
|turn|12
|
|t:|1778517155
|switch|p1a: Slowking|Slowking-Galar, M|100/100 par
|move|p2a: Ditto|Secret Sword|p1a: Slowking
|-resisted|p1a: Slowking
|-damage|p1a: Slowking|89/100 par
|
|-weather|Snowscape|[upkeep]
|-heal|p2a: Ditto|94/100|[from] item: Leftovers
|-sideend|p2: jelows|move: Tailwind
|upkeep
|turn|13
|
|t:|1778517170
|-terastallize|p2a: Ditto|Steel
|move|p2a: Ditto|Surf|p1a: Slowking
|-damage|p1a: Slowking|60/100 par
|move|p1a: Slowking|Future Sight|p2a: Ditto
|-start|p1a: Slowking|move: Future Sight
|
|-weather|Snowscape|[upkeep]
|-heal|p2a: Ditto|99/100|[from] item: Leftovers
|upkeep
|turn|14
|
|t:|1778517185
|move|p2a: Ditto|Surf|p1a: Slowking
|-damage|p1a: Slowking|34/100 par
|-prepare|p1a: Slowking|Chilly Reception|[premajor]
|move|p1a: Slowking|Chilly Reception|p1a: Slowking
|
|t:|1778517192
|switch|p1a: Keldeo|Keldeo-Resolute|100/100|[from] Chilly Reception
|
|-weather|none
|-heal|p2a: Ditto|100/100|[from] item: Leftovers
|upkeep
|turn|15
|
|t:|1778517205
|switch|p2a: Iron Jugulis|Iron Jugulis, shiny|100/100
|-damage|p2a: Iron Jugulis|76/100|[from] Stealth Rock
|move|p1a: Keldeo|Secret Sword|p2a: Iron Jugulis
|-damage|p2a: Iron Jugulis|0 fnt
|faint|p2a: Iron Jugulis
|-end|p2a: Iron Jugulis|Quark Drive|[silent]
|
|-hint|Future Sight did not hit because the target is fainted.
|upkeep
|-message|jelows forfeited.
|
|win|overshuckle
|raw|overshuckle's rating: 1204 &rarr; <strong>1227</strong><br />(+23 for winning)
|raw|jelows's rating: 1176 &rarr; <strong>1153</strong><br />(-23 for losing)
|l|☆jelows
|player|p2|
|l|☆overshuckle
|player|p1|
