|html|<div class="broadcast-blue"><strong>[Gen 9] OU is currently suspecting Tera Blast! For information on how to participate check out the <a href="https://www.smogon.com/tools/suspects/view/200">suspect thread</a>.</strong></div>
|j|☆Victini785
|j|‽Cyb90
|t:|1776063869
|gametype|singles
|player|p1|Victini785|red|1079
|player|p2|Cyb90|hugh|1094
|gen|9
|tier|[Gen 9] OU
|rated|
|rule|HP Percentage Mod: HP is shown in percentages
|rule|Endless Battle Clause: Forcing endless battles is banned
|rule|Species Clause: Limit one of each Pokémon
|rule|OHKO Clause: OHKO moves are banned
|rule|Evasion Items Clause: Evasion items are banned
|rule|Evasion Moves Clause: Evasion moves are banned
|rule|Evasion Abilities Clause: Evasion abilities are banned
|rule|Sleep Moves Clause: Sleep-inducing moves are banned
|clearpoke
|poke|p1|Haxorus, M|
|poke|p1|Ceruledge, F|
|poke|p1|Corviknight, F|
|poke|p1|Trevenant, M|
|poke|p1|Galvantula, F|
|poke|p1|Incineroar, M|
|poke|p2|Dragapult, F|
|poke|p2|Blastoise, F|
|poke|p2|Tinkaton, F|
|poke|p2|Darkrai|
|poke|p2|Rillaboom, F|
|poke|p2|Hawlucha, F|
|teampreview
|
|t:|1776063887
|teamsize|p1|6
|teamsize|p2|6
|start
|switch|p1a: Galvantula|Galvantula, F, shiny|100/100
|switch|p2a: Tinkaton|Tinkaton, F|100/100
|-ability|p2a: Tinkaton|Mold Breaker
|turn|1
|inactive|Battle timer is ON: inactive players will automatically lose when time's up. (requested by Cyb90)
|
|t:|1776063912
|move|p1a: Galvantula|Sticky Web|p2a: Tinkaton
|-sidestart|p2: Cyb90|move: Sticky Web
|move|p2a: Tinkaton|Reflect|p2a: Tinkaton
|-sidestart|p2: Cyb90|Reflect
|
|upkeep
|turn|2
|
|t:|1776063926
|switch|p1a: Ceruledge|Ceruledge, F|100/100
|move|p2a: Tinkaton|Light Screen|p2a: Tinkaton
|-sidestart|p2: Cyb90|move: Light Screen
|
|upkeep
|turn|3
|
|t:|1776063932
|move|p2a: Tinkaton|Knock Off|p1a: Ceruledge
|-supereffective|p1a: Ceruledge
|-damage|p1a: Ceruledge|32/100
|-ability|p1a: Ceruledge|Weak Armor|boost
|-unboost|p1a: Ceruledge|def|1
|-boost|p1a: Ceruledge|spe|2
|-enditem|p1a: Ceruledge|Focus Sash|[from] move: Knock Off|[of] p2a: Tinkaton
|move|p1a: Ceruledge|Swords Dance|p1a: Ceruledge
|-boost|p1a: Ceruledge|atk|2
|
|upkeep
|turn|4
|
|t:|1776063946
|-terastallize|p1a: Ceruledge|Fire
|move|p1a: Ceruledge|Bitter Blade|p2a: Tinkaton
|-supereffective|p2a: Tinkaton
|-damage|p2a: Tinkaton|0 fnt
|-heal|p1a: Ceruledge|85/100|[from] drain|[of] p2a: Tinkaton
|faint|p2a: Tinkaton
|
|upkeep
|
|t:|1776063955
|switch|p2a: Blastoise|Blastoise, F|100/100
|-activate|p2a: Blastoise|move: Sticky Web
|-unboost|p2a: Blastoise|spe|1
|turn|5
|
|t:|1776063966
|switch|p1a: Trevenant|Trevenant, M, shiny|100/100
|move|p2a: Blastoise|Water Spout|p1a: Trevenant
|-resisted|p1a: Trevenant
|-damage|p1a: Trevenant|71/100
|
|upkeep
|turn|6
|
|t:|1776063979
|switch|p2a: Rillaboom|Rillaboom, F|100/100
|-fieldstart|move: Grassy Terrain|[from] ability: Grassy Surge|[of] p2a: Rillaboom
|move|p1a: Trevenant|Toxic|p2a: Rillaboom
|-status|p2a: Rillaboom|tox
|
|-heal|p1a: Trevenant|78/100|[from] Grassy Terrain
|-damage|p2a: Rillaboom|94/100 tox|[from] psn
|upkeep
|turn|7
|
|t:|1776063999
|switch|p1a: Incineroar|Incineroar, M|100/100
|-ability|p1a: Incineroar|Intimidate|boost
|-unboost|p2a: Rillaboom|atk|1
|move|p2a: Rillaboom|Knock Off|p1a: Incineroar
|-resisted|p1a: Incineroar
|-damage|p1a: Incineroar|91/100
|-enditem|p1a: Incineroar|Big Root|[from] move: Knock Off|[of] p2a: Rillaboom
|
|-heal|p2a: Rillaboom|100/100 tox|[from] Grassy Terrain
|-heal|p1a: Incineroar|97/100|[from] Grassy Terrain
|-damage|p2a: Rillaboom|88/100 tox|[from] psn
|upkeep
|turn|8
|
|t:|1776064013
|switch|p2a: Blastoise|Blastoise, F|100/100
|-activate|p2a: Blastoise|move: Sticky Web
|-unboost|p2a: Blastoise|spe|1
|move|p1a: Incineroar|Fake Out|p2a: Blastoise
|-damage|p2a: Blastoise|93/100
|
|-heal|p2a: Blastoise|99/100|[from] Grassy Terrain
|-heal|p2a: Blastoise|100/100|[from] item: Leftovers
|-heal|p1a: Incineroar|100/100|[from] Grassy Terrain
|-sideend|p2: Cyb90|Reflect
|upkeep
|turn|9
|
|t:|1776064032
|switch|p1a: Trevenant|Trevenant, M, shiny|78/100
|move|p2a: Blastoise|Rapid Spin|p1a: Trevenant
|-immune|p1a: Trevenant
|
|-heal|p1a: Trevenant|84/100|[from] Grassy Terrain
|-sideend|p2: Cyb90|move: Light Screen
|upkeep
|turn|10
|
|t:|1776064050
|switch|p2a: Hawlucha|Hawlucha, F|100/100
|-enditem|p2a: Hawlucha|Grassy Seed
|-boost|p2a: Hawlucha|def|1|[from] item: Grassy Seed
|move|p1a: Trevenant|Toxic|p2a: Hawlucha
|-status|p2a: Hawlucha|tox
|
|-heal|p1a: Trevenant|90/100|[from] Grassy Terrain
|-damage|p2a: Hawlucha|94/100 tox|[from] psn
|-fieldend|move: Grassy Terrain
|upkeep
|turn|11
|
|t:|1776064064
|move|p2a: Hawlucha|Swords Dance|p2a: Hawlucha
|-boost|p2a: Hawlucha|atk|2
|move|p1a: Trevenant|Leech Seed|p2a: Hawlucha
|-start|p2a: Hawlucha|move: Leech Seed
|
|-damage|p2a: Hawlucha|82/100 tox|[from] Leech Seed|[of] p1a: Trevenant
|-heal|p1a: Trevenant|99/100|[silent]
|-damage|p2a: Hawlucha|70/100 tox|[from] psn
|upkeep
|turn|12
|
|t:|1776064073
|move|p2a: Hawlucha|Acrobatics|p1a: Trevenant
|-supereffective|p1a: Trevenant
|-damage|p1a: Trevenant|0 fnt
|faint|p1a: Trevenant
|
|-damage|p2a: Hawlucha|52/100 tox|[from] psn
|upkeep
|
|t:|1776064083
|switch|p1a: Incineroar|Incineroar, M|100/100
|-ability|p1a: Incineroar|Intimidate|boost
|-unboost|p2a: Hawlucha|atk|1
|turn|13
|
|t:|1776064094
|switch|p1a: Ceruledge|Ceruledge, F, tera:Fire|85/100
|move|p2a: Hawlucha|Close Combat|p1a: Ceruledge
|-damage|p1a: Ceruledge|0 fnt
|-unboost|p2a: Hawlucha|def|1
|-unboost|p2a: Hawlucha|spd|1
|faint|p1a: Ceruledge
|
|-damage|p2a: Hawlucha|27/100 tox|[from] psn
|upkeep
|
|t:|1776064110
|switch|p1a: Incineroar|Incineroar, M|100/100
|-ability|p1a: Incineroar|Intimidate|boost
|-unboost|p2a: Hawlucha|atk|1
|turn|14
|
|t:|1776064118
|move|p1a: Incineroar|Fake Out|p2a: Hawlucha
|-damage|p2a: Hawlucha|8/100 tox
|cant|p2a: Hawlucha|flinch
|
|-damage|p2a: Hawlucha|0 fnt|[from] Leech Seed|[of] p1a: Incineroar
|faint|p2a: Hawlucha
|upkeep
|
|t:|1776064127
|switch|p2a: Blastoise|Blastoise, F|100/100
|-activate|p2a: Blastoise|move: Sticky Web
|-unboost|p2a: Blastoise|spe|1
|turn|15
|
|t:|1776064138
|switch|p1a: Corviknight|Corviknight, F, shiny|100/100
|move|p2a: Blastoise|Rapid Spin|p1a: Corviknight
|-resisted|p1a: Corviknight
|-damage|p1a: Corviknight|97/100
|-boost|p2a: Blastoise|spe|1
|-sideend|p2: Cyb90|Sticky Web|[from] move: Rapid Spin|[of] p2a: Blastoise
|
|-heal|p1a: Corviknight|100/100|[from] item: Leftovers
|upkeep
|turn|16
|
|t:|1776064148
|switch|p1a: Galvantula|Galvantula, F, shiny|100/100
|move|p2a: Blastoise|Shell Smash|p2a: Blastoise
|-unboost|p2a: Blastoise|def|1
|-unboost|p2a: Blastoise|spd|1
|-boost|p2a: Blastoise|atk|2
|-boost|p2a: Blastoise|spa|2
|-boost|p2a: Blastoise|spe|2
|
|upkeep
|turn|17
|
|t:|1776064158
|move|p2a: Blastoise|Water Spout|p1a: Galvantula
|-enditem|p1a: Galvantula|Focus Sash
|-damage|p1a: Galvantula|1/100
|move|p1a: Galvantula|Thunder|p2a: Blastoise
|-supereffective|p2a: Blastoise
|-damage|p2a: Blastoise|0 fnt
|faint|p2a: Blastoise
|
|upkeep
|
|t:|1776064176
|switch|p2a: Dragapult|Dragapult, F|100/100
|turn|18
|
|t:|1776064181
|move|p1a: Galvantula|Sucker Punch|p2a: Dragapult
|-supereffective|p2a: Dragapult
|-damage|p2a: Dragapult|62/100
|move|p2a: Dragapult|Dragon Darts|p1a: Galvantula
|-damage|p1a: Galvantula|0 fnt
|faint|p1a: Galvantula
|
|upkeep
|
|t:|1776064190
|switch|p1a: Incineroar|Incineroar, M|100/100
|-ability|p1a: Incineroar|Intimidate|boost
|-unboost|p2a: Dragapult|atk|1
|turn|19
|inactive|Cyb90 has 120 seconds left.
|
|t:|1776064226
|switch|p2a: Darkrai|Darkrai|100/100
|move|p1a: Incineroar|Darkest Lariat|p2a: Darkrai
|-resisted|p2a: Darkrai
|-damage|p2a: Darkrai|73/100
|
|upkeep
|turn|20
|inactive|Cyb90 has 120 seconds left.
|
|t:|1776064234
|move|p2a: Darkrai|Focus Blast|p1a: Incineroar
|-supereffective|p1a: Incineroar
|-damage|p1a: Incineroar|0 fnt
|faint|p1a: Incineroar
|-damage|p2a: Darkrai|63/100|[from] item: Life Orb
|
|upkeep
|
|t:|1776064244
|switch|p1a: Haxorus|Haxorus, M, shiny|100/100
|-ability|p1a: Haxorus|Mold Breaker
|turn|21
|
|t:|1776064257
|move|p2a: Darkrai|Ice Beam|p1a: Haxorus
|-supereffective|p1a: Haxorus
|-enditem|p1a: Haxorus|Focus Sash
|-damage|p1a: Haxorus|1/100
|-damage|p2a: Darkrai|54/100|[from] item: Life Orb
|move|p1a: Haxorus|Dragon Dance|p1a: Haxorus
|-boost|p1a: Haxorus|atk|1
|-boost|p1a: Haxorus|spe|1
|
|upkeep
|turn|22
|
|t:|1776064267
|move|p1a: Haxorus|Dragon Claw|p2a: Darkrai
|-damage|p2a: Darkrai|0 fnt
|faint|p2a: Darkrai
|
|upkeep
|
|t:|1776064272
|switch|p2a: Rillaboom|Rillaboom, F|88/100 tox
|-fieldstart|move: Grassy Terrain|[from] ability: Grassy Surge|[of] p2a: Rillaboom
|turn|23
|
|t:|1776064278
|move|p2a: Rillaboom|Grassy Glide|p1a: Haxorus
|-resisted|p1a: Haxorus
|-damage|p1a: Haxorus|0 fnt
|faint|p1a: Haxorus
|
|-heal|p2a: Rillaboom|94/100 tox|[from] Grassy Terrain
|-damage|p2a: Rillaboom|88/100 tox|[from] psn
|upkeep
|
|t:|1776064287
|switch|p1a: Corviknight|Corviknight, F, shiny|100/100
|turn|24
|
|t:|1776064291
|move|p2a: Rillaboom|Knock Off|p1a: Corviknight
|-crit|p1a: Corviknight
|-damage|p1a: Corviknight|60/100
|-enditem|p1a: Corviknight|Leftovers|[from] move: Knock Off|[of] p2a: Rillaboom
|move|p1a: Corviknight|Bulk Up|p1a: Corviknight
|-boost|p1a: Corviknight|atk|1
|-boost|p1a: Corviknight|def|1
|
|-heal|p2a: Rillaboom|94/100 tox|[from] Grassy Terrain
|-damage|p2a: Rillaboom|82/100 tox|[from] psn
|upkeep
|turn|25
|
|t:|1776064305
|switch|p2a: Dragapult|Dragapult, F|62/100
|move|p1a: Corviknight|Bulk Up|p1a: Corviknight
|-boost|p1a: Corviknight|atk|1
|-boost|p1a: Corviknight|def|1
|
|-heal|p2a: Dragapult|68/100|[from] Grassy Terrain
|upkeep
|turn|26
|
|t:|1776064316
|move|p2a: Dragapult|Thunderbolt|p1a: Corviknight
|-supereffective|p1a: Corviknight
|-damage|p1a: Corviknight|29/100
|move|p1a: Corviknight|Roost|p1a: Corviknight
|-heal|p1a: Corviknight|79/100
|-singleturn|p1a: Corviknight|move: Roost
|
|-heal|p2a: Dragapult|74/100|[from] Grassy Terrain
|-heal|p1a: Corviknight|85/100|[from] Grassy Terrain
|upkeep
|turn|27
|
|t:|1776064328
|move|p2a: Dragapult|Thunderbolt|p1a: Corviknight
|-supereffective|p1a: Corviknight
|-damage|p1a: Corviknight|49/100
|move|p1a: Corviknight|Bulk Up|p1a: Corviknight
|-boost|p1a: Corviknight|atk|1
|-boost|p1a: Corviknight|def|1
|
|-heal|p2a: Dragapult|80/100|[from] Grassy Terrain
|-fieldend|move: Grassy Terrain
|upkeep
|turn|28
|
|t:|1776064338
|move|p2a: Dragapult|Thunderbolt|p1a: Corviknight
|-supereffective|p1a: Corviknight
|-damage|p1a: Corviknight|13/100
|move|p1a: Corviknight|Roost|p1a: Corviknight
|-heal|p1a: Corviknight|63/100
|-singleturn|p1a: Corviknight|move: Roost
|
|upkeep
|turn|29
|
|t:|1776064348
|move|p2a: Dragapult|Thunderbolt|p1a: Corviknight
|-supereffective|p1a: Corviknight
|-damage|p1a: Corviknight|32/100
|move|p1a: Corviknight|Roost|p1a: Corviknight
|-heal|p1a: Corviknight|82/100
|-singleturn|p1a: Corviknight|move: Roost
|
|upkeep
|turn|30
|
|t:|1776064357
|move|p2a: Dragapult|Thunderbolt|p1a: Corviknight
|-supereffective|p1a: Corviknight
|-damage|p1a: Corviknight|48/100
|move|p1a: Corviknight|Iron Head|p2a: Dragapult
|-damage|p2a: Dragapult|0 fnt
|faint|p2a: Dragapult
|
|upkeep
|-message|Cyb90 forfeited.
|
|win|Victini785
|raw|Victini785's rating: 1079 &rarr; <strong>1108</strong><br />(+29 for winning)
|raw|Cyb90's rating: 1094 &rarr; <strong>1069</strong><br />(-25 for losing)
|l|‽Cyb90
|player|p2|
|l|☆Victini785
|player|p1|
