|html|<div class="broadcast-blue"><strong>[Gen 9] OU is currently suspecting Tera Blast! For information on how to participate check out the <a href="https://www.smogon.com/tools/suspects/view/200">suspect thread</a>.</strong></div>
|j|☆metaguy99
|j|☆mintyfresh48!(-~-)
|t:|1776108362
|gametype|singles
|player|p1|metaguy99|burglar|1021
|player|p2|mintyfresh48!(-~-)|mallow-masters|1000
|gen|9
|tier|[Gen 9] OU
|rated|
|rule|HP Percentage Mod: HP is shown in percentages
|rule|Endless Battle Clause: Forcing endless battles is banned
|rule|Species Clause: Limit one of each Pokémon
|rule|OHKO Clause: OHKO moves are banned
|rule|Evasion Items Clause: Evasion items are banned
|rule|Evasion Moves Clause: Evasion moves are banned
|rule|Evasion Abilities Clause: Evasion abilities are banned
|rule|Sleep Moves Clause: Sleep-inducing moves are banned
|clearpoke
|poke|p1|Gliscor, F|
|poke|p1|Eelektross, F|
|poke|p1|Ceruledge, M|
|poke|p1|Excadrill, F|
|poke|p1|Garganacl, F|
|poke|p1|Cresselia, F|
|poke|p2|Serperior, M|
|poke|p2|Samurott-Hisui, M|
|poke|p2|Hatterene, F|
|poke|p2|Arcanine-Hisui, M|
|poke|p2|Great Tusk|
|poke|p2|Raging Bolt|
|teampreview
|
|t:|1776108370
|teamsize|p1|6
|teamsize|p2|6
|start
|switch|p1a: Cresselia|Cresselia, F|100/100
|switch|p2a: Samurott|Samurott-Hisui, M|100/100
|turn|1
|
|t:|1776108376
|move|p2a: Samurott|Swords Dance|p2a: Samurott
|-boost|p2a: Samurott|atk|2
|move|p1a: Cresselia|Reflect|p1a: Cresselia
|-sidestart|p1: metaguy99|Reflect
|
|upkeep
|turn|2
|
|t:|1776108385
|switch|p1a: Eelektross|Eelektross, F|100/100
|move|p2a: Samurott|Swords Dance|p2a: Samurott
|-boost|p2a: Samurott|atk|2
|
|upkeep
|turn|3
|
|t:|1776108395
|move|p2a: Samurott|Ceaseless Edge|p1a: Eelektross
|-damage|p1a: Eelektross|36/100
|-sidestart|p1: metaguy99|Spikes
|move|p1a: Eelektross|Coil|p1a: Eelektross
|-boost|p1a: Eelektross|atk|1
|-boost|p1a: Eelektross|def|1
|-boost|p1a: Eelektross|accuracy|1
|
|upkeep
|turn|4
|
|t:|1776108402
|move|p2a: Samurott|Ceaseless Edge|p1a: Eelektross
|-damage|p1a: Eelektross|0 fnt
|-sidestart|p1: metaguy99|Spikes
|faint|p1a: Eelektross
|
|upkeep
|
|t:|1776108414
|switch|p1a: Gliscor|Gliscor, F|100/100
|turn|5
|
|t:|1776108420
|move|p2a: Samurott|Razor Shell|p1a: Gliscor
|-supereffective|p1a: Gliscor
|-damage|p1a: Gliscor|0 fnt
|faint|p1a: Gliscor
|
|upkeep
|
|t:|1776108427
|switch|p1a: Ceruledge|Ceruledge, M|100/100
|-damage|p1a: Ceruledge|84/100|[from] Spikes
|turn|6
|
|t:|1776108431
|move|p2a: Samurott|Razor Shell|p1a: Ceruledge
|-supereffective|p1a: Ceruledge
|-damage|p1a: Ceruledge|0 fnt
|faint|p1a: Ceruledge
|
|upkeep
|
|t:|1776108437
|switch|p1a: Excadrill|Excadrill, F|100/100
|-damage|p1a: Excadrill|84/100|[from] Spikes
|-ability|p1a: Excadrill|Mold Breaker
|turn|7
|
|t:|1776108443
|move|p2a: Samurott|Sacred Sword|p1a: Excadrill
|-supereffective|p1a: Excadrill
|-damage|p1a: Excadrill|0 fnt
|faint|p1a: Excadrill
|
|upkeep
|
|t:|1776108449
|switch|p1a: Cresselia|Cresselia, F|100/100
|turn|8
|
|t:|1776108452
|move|p2a: Samurott|Ceaseless Edge|p1a: Cresselia
|-supereffective|p1a: Cresselia
|-damage|p1a: Cresselia|15/100
|-sidestart|p1: metaguy99|Spikes
|move|p1a: Cresselia|Confuse Ray|p2a: Samurott
|-start|p2a: Samurott|confusion
|
|-sideend|p1: metaguy99|Reflect
|upkeep
|turn|9
|
|t:|1776108460
|-activate|p2a: Samurott|confusion
|move|p2a: Samurott|Razor Shell|p1a: Cresselia
|-crit|p1a: Cresselia
|-damage|p1a: Cresselia|0 fnt
|faint|p1a: Cresselia
|
|upkeep
|
|t:|1776108465
|switch|p1a: Garganacl|Garganacl, F|100/100
|-damage|p1a: Garganacl|75/100|[from] Spikes
|turn|10
|
|t:|1776108471
|-end|p2a: Samurott|confusion
|move|p2a: Samurott|Razor Shell|p1a: Garganacl
|-supereffective|p1a: Garganacl
|-damage|p1a: Garganacl|0 fnt
|faint|p1a: Garganacl
|
|win|mintyfresh48!(-~-)
|raw|metaguy99's rating: 1021 &rarr; <strong>1007</strong><br />(-14 for losing)
|raw|mintyfresh48!(-~-)'s rating: 1000 &rarr; <strong>1042</strong><br />(+42 for winning)
|l|☆metaguy99
|player|p1|
