|html|<div class="broadcast-blue"><strong>[Gen 9] OU is currently suspecting Tera Blast! For information on how to participate check out the <a href="https://www.smogon.com/tools/suspects/view/200">suspect thread</a>.</strong></div>
|j|☆BAzz Barge
|j|☆sou_training
|t:|1776274537
|gametype|singles
|player|p1|BAzz Barge|benga|1254
|player|p2|sou_training|ghetsis-gen5bw|1277
|gen|9
|tier|[Gen 9] OU
|rated|
|rule|HP Percentage Mod: HP is shown in percentages
|rule|Endless Battle Clause: Forcing endless battles is banned
|rule|Species Clause: Limit one of each Pokémon
|rule|OHKO Clause: OHKO moves are banned
|rule|Evasion Items Clause: Evasion items are banned
|rule|Evasion Moves Clause: Evasion moves are banned
|rule|Evasion Abilities Clause: Evasion abilities are banned
|rule|Sleep Moves Clause: Sleep-inducing moves are banned
|clearpoke
|poke|p1|Tyranitar, M|
|poke|p1|Excadrill, F|
|poke|p1|Ogerpon-Cornerstone, F|
|poke|p1|Dragapult, M|
|poke|p1|Moltres|
|poke|p1|Corviknight, M|
|poke|p2|Iron Valiant|
|poke|p2|Kingambit, M|
|poke|p2|Great Tusk|
|poke|p2|Moltres|
|poke|p2|Zamazenta-*|
|poke|p2|Iron Crown|
|teampreview
|
|t:|1776274556
|teamsize|p1|6
|teamsize|p2|6
|start
|switch|p1a: Ogerpon|Ogerpon-Cornerstone, F|100/100
|switch|p2a: Iron Crown|Iron Crown|100/100
|turn|1
|
|t:|1776274568
|switch|p1a: Moltres|Moltres|100/100
|move|p2a: Iron Crown|Tachyon Cutter|p1a: Moltres
|-resisted|p1a: Moltres
|-damage|p1a: Moltres|82/100
|-resisted|p1a: Moltres
|-damage|p1a: Moltres|63/100
|-hitcount|p1a: Moltres|2
|
|upkeep
|turn|2
|
|t:|1776274580
|-end|p2a: Iron Crown|Quark Drive|[silent]
|switch|p2a: Moltres|Moltres|100/100
|move|p1a: Moltres|Flamethrower|p2a: Moltres
|-resisted|p2a: Moltres
|-damage|p2a: Moltres|82/100
|
|upkeep
|turn|3
|
|t:|1776274590
|move|p1a: Moltres|Roost|p1a: Moltres
|-heal|p1a: Moltres|100/100
|-singleturn|p1a: Moltres|move: Roost
|move|p2a: Moltres|Roar|p1a: Moltres
|drag|p1a: Tyranitar|Tyranitar, M|100/100
|-weather|Sandstorm|[from] ability: Sand Stream|[of] p1a: Tyranitar
|
|-weather|Sandstorm|[upkeep]
|-damage|p2a: Moltres|76/100|[from] Sandstorm
|upkeep
|turn|4
|
|t:|1776274608
|switch|p2a: Zamazenta|Zamazenta|100/100
|-ability|p2a: Zamazenta|Dauntless Shield|boost
|-boost|p2a: Zamazenta|def|1
|move|p1a: Tyranitar|Knock Off|p2a: Zamazenta
|-resisted|p2a: Zamazenta
|-damage|p2a: Zamazenta|89/100
|-enditem|p2a: Zamazenta|Leftovers|[from] move: Knock Off|[of] p1a: Tyranitar
|
|-weather|Sandstorm|[upkeep]
|-damage|p2a: Zamazenta|83/100|[from] Sandstorm
|upkeep
|turn|5
|
|t:|1776274622
|switch|p1a: Dragapult|Dragapult, M|100/100
|move|p2a: Zamazenta|Iron Defense|p2a: Zamazenta
|-boost|p2a: Zamazenta|def|2
|
|-weather|Sandstorm|[upkeep]
|-damage|p1a: Dragapult|95/100|[from] Sandstorm
|-damage|p2a: Zamazenta|77/100|[from] Sandstorm
|upkeep
|turn|6
|
|t:|1776274635
|move|p1a: Dragapult|Draco Meteor|p2a: Zamazenta
|-damage|p2a: Zamazenta|16/100
|-unboost|p1a: Dragapult|spa|2
|move|p2a: Zamazenta|Crunch|p1a: Dragapult
|-supereffective|p1a: Dragapult
|-damage|p1a: Dragapult|35/100
|
|-weather|Sandstorm|[upkeep]
|-damage|p1a: Dragapult|29/100|[from] Sandstorm
|-damage|p2a: Zamazenta|10/100|[from] Sandstorm
|upkeep
|turn|7
|
|t:|1776274645
|move|p1a: Dragapult|Draco Meteor|p2a: Zamazenta
|-damage|p2a: Zamazenta|0 fnt
|-unboost|p1a: Dragapult|spa|2
|faint|p2a: Zamazenta
|
|-weather|Sandstorm|[upkeep]
|-damage|p1a: Dragapult|23/100|[from] Sandstorm
|upkeep
|
|t:|1776274647
|switch|p2a: Iron|Iron Valiant|100/100
|-enditem|p2a: Iron|Booster Energy
|-activate|p2a: Iron|ability: Quark Drive|[fromitem]
|-start|p2a: Iron|quarkdrivespe
|turn|8
|
|t:|1776274662
|switch|p1a: Corviknight|Corviknight, M|100/100
|-ability|p1a: Corviknight|Pressure
|move|p2a: Iron|Swords Dance|p2a: Iron
|-boost|p2a: Iron|atk|2
|
|-weather|Sandstorm|[upkeep]
|-damage|p2a: Iron|94/100|[from] Sandstorm
|upkeep
|turn|9
|
|t:|1776274685
|-terastallize|p2a: Iron|Dark
|move|p2a: Iron|Knock Off|p1a: Corviknight
|-damage|p1a: Corviknight|27/100
|-enditem|p1a: Corviknight|Leftovers|[from] move: Knock Off|[of] p2a: Iron
|move|p1a: Corviknight|Brave Bird|p2a: Iron
|-damage|p2a: Iron|48/100
|-damage|p1a: Corviknight|16/100|[from] Recoil
|
|-weather|Sandstorm|[upkeep]
|-damage|p2a: Iron|42/100|[from] Sandstorm
|upkeep
|turn|10
|
|t:|1776274700
|move|p2a: Iron|Knock Off|p1a: Corviknight
|-damage|p1a: Corviknight|0 fnt
|faint|p1a: Corviknight
|
|-weather|none
|upkeep
|
|t:|1776274716
|switch|p1a: Moltres|Moltres|100/100
|turn|11
|
|t:|1776274729
|move|p2a: Iron|Knock Off|p1a: Moltres
|-damage|p1a: Moltres|36/100
|-status|p2a: Iron|brn|[from] ability: Flame Body|[of] p1a: Moltres
|-enditem|p1a: Moltres|Heavy-Duty Boots|[from] move: Knock Off|[of] p2a: Iron
|move|p1a: Moltres|U-turn|p2a: Iron
|-supereffective|p2a: Iron
|-damage|p2a: Iron|4/100 brn
|
|t:|1776274738
|switch|p1a: Tyranitar|Tyranitar, M|100/100|[from] U-turn
|-weather|Sandstorm|[from] ability: Sand Stream|[of] p1a: Tyranitar
|
|-weather|Sandstorm|[upkeep]
|-damage|p2a: Iron|0 fnt|[from] Sandstorm
|faint|p2a: Iron
|-end|p2a: Iron|Quark Drive|[silent]
|upkeep
|
|t:|1776274744
|switch|p2a: Iron Crown|Iron Crown|100/100
|turn|12
|
|t:|1776274754
|move|p2a: Iron Crown|Tachyon Cutter|p1a: Tyranitar
|-supereffective|p1a: Tyranitar
|-crit|p1a: Tyranitar
|-damage|p1a: Tyranitar|54/100
|-supereffective|p1a: Tyranitar
|-damage|p1a: Tyranitar|23/100
|-hitcount|p1a: Tyranitar|2
|move|p1a: Tyranitar|Knock Off|p2a: Iron Crown
|-supereffective|p2a: Iron Crown
|-damage|p2a: Iron Crown|6/100
|-enditem|p2a: Iron Crown|Choice Specs|[from] move: Knock Off|[of] p1a: Tyranitar
|
|-weather|Sandstorm|[upkeep]
|upkeep
|turn|13
|
|t:|1776274766
|move|p2a: Iron Crown|Tachyon Cutter|p1a: Tyranitar
|-supereffective|p1a: Tyranitar
|-damage|p1a: Tyranitar|2/100
|-supereffective|p1a: Tyranitar
|-damage|p1a: Tyranitar|0 fnt
|faint|p1a: Tyranitar
|-hitcount|p1: Tyranitar|2
|
|-weather|Sandstorm|[upkeep]
|upkeep
|
|t:|1776274780
|switch|p1a: Ogerpon|Ogerpon-Cornerstone, F|100/100
|turn|14
|
|t:|1776274786
|move|p1a: Ogerpon|Ivy Cudgel|p2a: Iron Crown|[anim] Ivy Cudgel Rock
|-resisted|p2a: Iron Crown
|-crit|p2a: Iron Crown
|-damage|p2a: Iron Crown|0 fnt
|faint|p2a: Iron Crown
|-end|p2a: Iron Crown|Quark Drive|[silent]
|
|-weather|Sandstorm|[upkeep]
|upkeep
|
|t:|1776274790
|switch|p2a: Moltres|Moltres|76/100
|turn|15
|
|t:|1776274798
|-terastallize|p1a: Ogerpon|Rock
|detailschange|p1a: Ogerpon|Ogerpon-Cornerstone-Tera, F, tera:Rock
|-ability|p1a: Ogerpon|Embody Aspect (Cornerstone)|boost
|-boost|p1a: Ogerpon|def|1
|move|p1a: Ogerpon|Ivy Cudgel|p2a: Moltres|[anim] Ivy Cudgel Rock
|-supereffective|p2a: Moltres
|-crit|p2a: Moltres
|-damage|p2a: Moltres|0 fnt
|faint|p2a: Moltres
|
|-weather|Sandstorm|[upkeep]
|upkeep
|
|t:|1776274802
|switch|p2a: Le grand tusk|Great Tusk|100/100
|turn|16
|
|t:|1776274809
|move|p1a: Ogerpon|Power Whip|p2a: Le grand tusk
|-supereffective|p2a: Le grand tusk
|-damage|p2a: Le grand tusk|0 fnt
|faint|p2a: Le grand tusk
|-end|p2a: Le grand tusk|Protosynthesis|[silent]
|
|-weather|Sandstorm|[upkeep]
|upkeep
|
|t:|1776274813
|switch|p2a: King|Kingambit, M|100/100
|-activate|p2a: King|ability: Supreme Overlord
|-start|p2a: King|fallen5|[silent]
|turn|17
|
|t:|1776274818
|move|p1a: Ogerpon|Encore||[still]
|-fail|p1a: Ogerpon
|move|p2a: King|Swords Dance|p2a: King
|-boost|p2a: King|atk|2
|
|-weather|Sandstorm|[upkeep]
|upkeep
|turn|18
|
|t:|1776274823
|move|p1a: Ogerpon|Encore|p2a: King
|-start|p2a: King|Encore
|move|p2a: King|Swords Dance|p2a: King
|-boost|p2a: King|atk|2
|
|-weather|none
|upkeep
|turn|19
|
|t:|1776274832
|move|p1a: Ogerpon|Swords Dance|p1a: Ogerpon
|-boost|p1a: Ogerpon|atk|2
|move|p2a: King|Swords Dance|p2a: King
|-boost|p2a: King|atk|2
|
|upkeep
|turn|20
|
|t:|1776274838
|move|p1a: Ogerpon|Swords Dance|p1a: Ogerpon
|-boost|p1a: Ogerpon|atk|2
|move|p2a: King|Swords Dance|p2a: King
|-boost|p2a: King|atk|0
|
|-end|p2a: King|Encore
|upkeep
|turn|21
|
|t:|1776274848
|move|p2a: King|Sucker Punch||[still]
|-fail|p2a: King
|move|p1a: Ogerpon|Encore|p2a: King
|-start|p2a: King|Encore
|
|upkeep
|turn|22
|
|t:|1776274852
|move|p2a: King|Sucker Punch||[still]
|-fail|p2a: King
|move|p1a: Ogerpon|Swords Dance|p1a: Ogerpon
|-boost|p1a: Ogerpon|atk|2
|
|upkeep
|turn|23
|
|t:|1776274861
|move|p2a: King|Sucker Punch||[still]
|-fail|p2a: King
|move|p1a: Ogerpon|Swords Dance|p1a: Ogerpon
|-boost|p1a: Ogerpon|atk|0
|
|upkeep
|turn|24
|
|t:|1776274866
|move|p2a: King|Sucker Punch||[still]
|-fail|p2a: King
|move|p1a: Ogerpon|Swords Dance|p1a: Ogerpon
|-boost|p1a: Ogerpon|atk|0
|
|-end|p2a: King|Encore
|upkeep
|turn|25
|
|t:|1776274873
|move|p1a: Ogerpon|Encore|p2a: King
|-start|p2a: King|Encore
|move|p2a: King|Sucker Punch||[still]
|-fail|p2a: King
|
|upkeep
|turn|26
|
|t:|1776274877
|move|p2a: King|Sucker Punch||[still]
|-fail|p2a: King
|move|p1a: Ogerpon|Swords Dance|p1a: Ogerpon
|-boost|p1a: Ogerpon|atk|0
|
|upkeep
|turn|27
|
|t:|1776274884
|move|p2a: King|Sucker Punch||[still]
|-fail|p2a: King
|move|p1a: Ogerpon|Swords Dance|p1a: Ogerpon
|-boost|p1a: Ogerpon|atk|0
|
|-end|p2a: King|Encore
|upkeep
|turn|28
|
|t:|1776274890
|move|p1a: Ogerpon|Encore|p2a: King
|-start|p2a: King|Encore
|move|p2a: King|Sucker Punch||[still]
|-fail|p2a: King
|
|-end|p2a: King|Encore
|upkeep
|turn|29
|
|t:|1776274898
|move|p1a: Ogerpon|Ivy Cudgel|p2a: King|[anim] Ivy Cudgel Rock
|-resisted|p2a: King
|-damage|p2a: King|0 fnt
|faint|p2a: King
|-end|p2a: King|fallen5|[silent]
|
|win|BAzz Barge
|raw|BAzz Barge's rating: 1254 &rarr; <strong>1281</strong><br />(+27 for winning)
|raw|sou_training's rating: 1277 &rarr; <strong>1250</strong><br />(-27 for losing)
|l|☆sou_training
|player|p2|
|c|☆BAzz Barge|gg
