|html|<div class="broadcast-blue"><strong>[Gen 9] OU is currently suspecting Tera Blast! For information on how to participate check out the <a href="https://www.smogon.com/tools/suspects/view/200">suspect thread</a>.</strong></div>
|j|☆Aivajobdribcahtjv
|j|☆big_chud837396
|t:|1776309507
|gametype|singles
|player|p1|Aivajobdribcahtjv|red|1047
|player|p2|big_chud837396|hiker|1009
|gen|9
|tier|[Gen 9] OU
|rated|
|rule|HP Percentage Mod: HP is shown in percentages
|rule|Endless Battle Clause: Forcing endless battles is banned
|rule|Species Clause: Limit one of each Pokémon
|rule|OHKO Clause: OHKO moves are banned
|rule|Evasion Items Clause: Evasion items are banned
|rule|Evasion Moves Clause: Evasion moves are banned
|rule|Evasion Abilities Clause: Evasion abilities are banned
|rule|Sleep Moves Clause: Sleep-inducing moves are banned
|clearpoke
|poke|p1|Gliscor, M|
|poke|p1|Dragonite, M|
|poke|p1|Zapdos|
|poke|p1|Moltres|
|poke|p1|Zamazenta-*|
|poke|p1|Darkrai|
|poke|p2|Infernape, M|
|poke|p2|Great Tusk|
|poke|p2|Abomasnow, M|
|poke|p2|Gardevoir, F|
|poke|p2|Toxtricity-Low-Key, F|
|poke|p2|Coalossal, F|
|teampreview
|inactive|Battle timer is ON: inactive players will automatically lose when time's up. (requested by Aivajobdribcahtjv)
|
|t:|1776309530
|teamsize|p1|6
|teamsize|p2|6
|start
|switch|p1a: Darkrai|Darkrai|100/100
|switch|p2a: Infernape|Infernape, M, shiny|100/100
|turn|1
|
|t:|1776309544
|move|p1a: Darkrai|Psychic|p2a: Infernape
|-supereffective|p2a: Infernape
|-enditem|p2a: Infernape|Focus Sash
|-damage|p2a: Infernape|1/100
|move|p2a: Infernape|Close Combat|p1a: Darkrai
|-supereffective|p1a: Darkrai
|-damage|p1a: Darkrai|0 fnt
|-unboost|p2a: Infernape|def|1
|-unboost|p2a: Infernape|spd|1
|faint|p1a: Darkrai
|
|upkeep
|
|t:|1776309559
|switch|p1a: Gliscor|Gliscor, M|100/100
|turn|2
|
|t:|1776309568
|move|p2a: Infernape|Throat Chop|p1a: Gliscor
|-damage|p1a: Gliscor|83/100
|-start|p1a: Gliscor|Throat Chop|[silent]
|move|p1a: Gliscor|Stealth Rock|p2a: Infernape
|-sidestart|p2: big_chud837396|move: Stealth Rock
|
|-status|p1a: Gliscor|tox|[from] item: Toxic Orb
|upkeep
|turn|3
|
|t:|1776309577
|move|p2a: Infernape|Stone Edge|p1a: Gliscor
|-damage|p1a: Gliscor|63/100 tox
|move|p1a: Gliscor|Toxic Spikes|p2a: Infernape
|-sidestart|p2: big_chud837396|move: Toxic Spikes
|
|-heal|p1a: Gliscor|75/100 tox|[from] ability: Poison Heal
|-end|p1a: Gliscor|Throat Chop|[silent]
|upkeep
|turn|4
|
|t:|1776309586
|move|p2a: Infernape|Fire Blast|p1a: Gliscor
|-damage|p1a: Gliscor|6/100 tox
|move|p1a: Gliscor|Toxic Spikes|p2a: Infernape
|-sidestart|p2: big_chud837396|move: Toxic Spikes
|
|-heal|p1a: Gliscor|18/100 tox|[from] ability: Poison Heal
|upkeep
|turn|5
|
|t:|1776309610
|switch|p1a: Dragonite|Dragonite, M|100/100
|move|p2a: Infernape|Fire Blast|p1a: Dragonite
|-resisted|p1a: Dragonite
|-damage|p1a: Dragonite|87/100
|
|upkeep
|turn|6
|
|t:|1776309625
|move|p2a: Infernape|Stone Edge|p1a: Dragonite
|-supereffective|p1a: Dragonite
|-damage|p1a: Dragonite|9/100
|move|p1a: Dragonite|Stone Edge|p2a: Infernape
|-crit|p2a: Infernape
|-damage|p2a: Infernape|0 fnt
|faint|p2a: Infernape
|
|upkeep
|
|t:|1776309646
|switch|p2a: Great Tusk|Great Tusk, shiny|100/100
|-damage|p2a: Great Tusk|98/100|[from] Stealth Rock
|-status|p2a: Great Tusk|tox
|turn|7
|
|t:|1776309654
|move|p1a: Dragonite|Roost|p1a: Dragonite
|-heal|p1a: Dragonite|59/100
|-singleturn|p1a: Dragonite|move: Roost
|move|p2a: Great Tusk|Ice Spinner|p1a: Dragonite
|-supereffective|p1a: Dragonite
|-damage|p1a: Dragonite|0 fnt
|faint|p1a: Dragonite
|
|-heal|p2a: Great Tusk|100/100 tox|[from] item: Leftovers
|-damage|p2a: Great Tusk|94/100 tox|[from] psn
|upkeep
|
|t:|1776309668
|switch|p1a: Zamazenta|Zamazenta|100/100
|-ability|p1a: Zamazenta|Dauntless Shield|boost
|-boost|p1a: Zamazenta|def|1
|turn|8
|
|t:|1776309682
|-terastallize|p2a: Great Tusk|Ghost
|move|p1a: Zamazenta|Close Combat|p2a: Great Tusk
|-immune|p2a: Great Tusk
|move|p2a: Great Tusk|Close Combat|p1a: Zamazenta
|-crit|p1a: Zamazenta
|-damage|p1a: Zamazenta|9/100
|-unboost|p2a: Great Tusk|def|1
|-unboost|p2a: Great Tusk|spd|1
|
|-heal|p1a: Zamazenta|15/100|[from] item: Leftovers
|-heal|p2a: Great Tusk|100/100 tox|[from] item: Leftovers
|-damage|p2a: Great Tusk|88/100 tox|[from] psn
|upkeep
|turn|9
|inactive|Aivajobdribcahtjv has 120 seconds left.
|
|t:|1776309707
|switch|p1a: Moltres|Moltres|100/100
|move|p2a: Great Tusk|Ice Spinner|p1a: Moltres
|-damage|p1a: Moltres|70/100
|
|-heal|p2a: Great Tusk|94/100 tox|[from] item: Leftovers
|-damage|p2a: Great Tusk|76/100 tox|[from] psn
|upkeep
|turn|10
|inactive|Aivajobdribcahtjv has 120 seconds left.
|
|t:|1776309722
|-end|p2a: Great Tusk|Protosynthesis|[silent]
|switch|p2a: Coalossal|Coalossal, F, shiny|100/100
|-damage|p2a: Coalossal|76/100|[from] Stealth Rock
|-status|p2a: Coalossal|tox
|move|p1a: Moltres|Fire Blast|p2a: Coalossal
|-resisted|p2a: Coalossal
|-crit|p2a: Coalossal
|-damage|p2a: Coalossal|48/100 tox
|-ability|p2a: Coalossal|Steam Engine|boost
|-boost|p2a: Coalossal|spe|6
|
|-damage|p2a: Coalossal|42/100 tox|[from] psn
|upkeep
|turn|11
|inactive|Aivajobdribcahtjv has 120 seconds left.
|
|t:|1776309751
|move|p2a: Coalossal|Stone Edge|p1a: Moltres
|-supereffective|p1a: Moltres
|-damage|p1a: Moltres|0 fnt
|faint|p1a: Moltres
|
|-damage|p2a: Coalossal|30/100 tox|[from] psn
|upkeep
|
|t:|1776309759
|switch|p1a: Gliscor|Gliscor, M|18/100 tox
|turn|12
|
|t:|1776309765
|move|p2a: Coalossal|Fire Blast|p1a: Gliscor
|-damage|p1a: Gliscor|0 fnt
|faint|p1a: Gliscor
|
|-damage|p2a: Coalossal|12/100 tox|[from] psn
|upkeep
|
|t:|1776309774
|switch|p1a: Zamazenta|Zamazenta|15/100
|turn|13
|
|t:|1776309784
|switch|p2a: Great Tusk|Great Tusk, shiny, tera:Ghost|76/100 tox
|-damage|p2a: Great Tusk|63/100 tox|[from] Stealth Rock
|move|p1a: Zamazenta|Iron Head|p2a: Great Tusk
|-damage|p2a: Great Tusk|47/100 tox
|
|-heal|p1a: Zamazenta|21/100|[from] item: Leftovers
|-heal|p2a: Great Tusk|53/100 tox|[from] item: Leftovers
|-damage|p2a: Great Tusk|47/100 tox|[from] psn
|upkeep
|turn|14
|inactive|Aivajobdribcahtjv has 120 seconds left.
|-message|Aivajobdribcahtjv forfeited.
|
|win|big_chud837396
|raw|Aivajobdribcahtjv's rating: 1047 &rarr; <strong>1028</strong><br />(-19 for losing)
|raw|big_chud837396's rating: 1009 &rarr; <strong>1052</strong><br />(+43 for winning)
|l|☆Aivajobdribcahtjv
|player|p1|
