|html|<div class="broadcast-blue"><strong>[Gen 9] OU is currently suspecting Volcarona! For information on how to participate check out the <a href="https://www.smogon.com/tools/suspects/view/208">suspect thread</a>.</strong></div>
|j|☆Danipuerro
|j|☆mrsmaiwool
|t:|1778504076
|gametype|singles
|player|p1|Danipuerro|2|1226
|player|p2|mrsmaiwool|shauntal|1249
|gen|9
|tier|[Gen 9] OU
|rated|
|rule|HP Percentage Mod: HP is shown in percentages
|rule|Endless Battle Clause: Forcing endless battles is banned
|rule|Species Clause: Limit one of each Pokémon
|rule|OHKO Clause: OHKO moves are banned
|rule|Evasion Items Clause: Evasion items are banned
|rule|Evasion Moves Clause: Evasion moves are banned
|rule|Evasion Abilities Clause: Evasion abilities are banned
|rule|Sleep Moves Clause: Sleep-inducing moves are banned
|clearpoke
|poke|p1|Pelipper, M|
|poke|p1|Ludicolo, M|
|poke|p1|Landorus-Therian, M|
|poke|p1|Barraskewda, F|
|poke|p1|Iron Treads|
|poke|p1|Raging Bolt|
|poke|p2|Brambleghast, M|
|poke|p2|Floatzel, M|
|poke|p2|Falinks|
|poke|p2|Pelipper, F|
|poke|p2|Sandy Shocks|
|poke|p2|Hatterene, F|
|teampreview
|inactive|Battle timer is ON: inactive players will automatically lose when time's up. (requested by mrsmaiwool)
|
|t:|1778504095
|teamsize|p1|6
|teamsize|p2|6
|start
|switch|p1a: Raging Bolt|Raging Bolt|100/100
|switch|p2a: Brambleghast|Brambleghast, M|100/100
|-enditem|p1a: Raging Bolt|Booster Energy
|-activate|p1a: Raging Bolt|ability: Protosynthesis|[fromitem]
|-start|p1a: Raging Bolt|protosynthesisspa
|turn|1
|
|t:|1778504110
|move|p2a: Brambleghast|Poltergeist||[still]
|-fail|p2a: Brambleghast
|move|p1a: Raging Bolt|Calm Mind|p1a: Raging Bolt
|-boost|p1a: Raging Bolt|spa|1
|-boost|p1a: Raging Bolt|spd|1
|
|upkeep
|turn|2
|
|t:|1778504127
|switch|p2a: Hatterene|Hatterene, F|100/100
|move|p1a: Raging Bolt|Calm Mind|p1a: Raging Bolt
|-boost|p1a: Raging Bolt|spa|1
|-boost|p1a: Raging Bolt|spd|1
|
|upkeep
|turn|3
|
|t:|1778504141
|move|p1a: Raging Bolt|Thunderclap||[still]
|-fail|p1a: Raging Bolt
|move|p2a: Hatterene|Trick Room|p2a: Hatterene
|-fieldstart|move: Trick Room|[of] p2a: Hatterene
|
|upkeep
|turn|4
|
|t:|1778504151
|move|p1a: Raging Bolt|Thunderclap|p2a: Hatterene
|-damage|p2a: Hatterene|0 fnt
|faint|p2a: Hatterene
|
|upkeep
|
|t:|1778504156
|switch|p2a: Sandy Shocks|Sandy Shocks|100/100
|turn|5
|
|t:|1778504164
|move|p1a: Raging Bolt|Draco Meteor|p2a: Sandy Shocks
|-damage|p2a: Sandy Shocks|0 fnt
|-unboost|p1a: Raging Bolt|spa|2
|faint|p2a: Sandy Shocks
|-end|p2a: Sandy Shocks|Protosynthesis|[silent]
|
|upkeep
|
|t:|1778504173
|switch|p2a: Falinks|Falinks|100/100
|turn|6
|
|t:|1778504187
|move|p1a: Raging Bolt|Thunderclap||[still]
|-fail|p1a: Raging Bolt
|move|p2a: Falinks|No Retreat|p2a: Falinks
|-boost|p2a: Falinks|atk|1
|-boost|p2a: Falinks|def|1
|-boost|p2a: Falinks|spa|1
|-boost|p2a: Falinks|spd|1
|-boost|p2a: Falinks|spe|1
|-start|p2a: Falinks|move: No Retreat
|
|upkeep
|turn|7
|
|t:|1778504202
|move|p1a: Raging Bolt|Thunderclap|p2a: Falinks
|-damage|p2a: Falinks|47/100
|move|p2a: Falinks|Close Combat|p1a: Raging Bolt
|-damage|p1a: Raging Bolt|27/100
|-unboost|p2a: Falinks|def|1
|-unboost|p2a: Falinks|spd|1
|
|-heal|p2a: Falinks|53/100|[from] item: Leftovers
|-fieldend|move: Trick Room
|upkeep
|turn|8
|
|t:|1778504212
|move|p1a: Raging Bolt|Thunderclap|p2a: Falinks
|-damage|p2a: Falinks|0 fnt
|faint|p2a: Falinks
|
|upkeep
|
|t:|1778504215
|switch|p2a: Brambleghast|Brambleghast, M|100/100
|turn|9
|
|t:|1778504226
|move|p1a: Raging Bolt|Thunderclap|p2a: Brambleghast
|-resisted|p2a: Brambleghast
|-damage|p2a: Brambleghast|51/100
|move|p2a: Brambleghast|Power Whip|p1a: Raging Bolt
|-resisted|p1a: Raging Bolt
|-damage|p1a: Raging Bolt|4/100
|
|upkeep
|turn|10
|c|☆Danipuerro|wow
|c|☆Danipuerro|this pokemon is so broken
|
|t:|1778504248
|move|p1a: Raging Bolt|Thunderclap||[still]
|-fail|p1a: Raging Bolt
|move|p2a: Brambleghast|Strength Sap|p1a: Raging Bolt
|-unboost|p1a: Raging Bolt|atk|1
|-heal|p2a: Brambleghast|100/100
|
|upkeep
|turn|11
|
|t:|1778504258
|move|p2a: Brambleghast|Rapid Spin|p1a: Raging Bolt
|-damage|p1a: Raging Bolt|0 fnt
|-boost|p2a: Brambleghast|spe|1
|faint|p1a: Raging Bolt
|-end|p1a: Raging Bolt|Protosynthesis|[silent]
|
|upkeep
|
|t:|1778504276
|switch|p1a: Pelipper|Pelipper, M, shiny|100/100
|-weather|RainDance|[from] ability: Drizzle|[of] p1a: Pelipper
|turn|12
|
|t:|1778504281
|move|p2a: Brambleghast|Poltergeist|p1a: Pelipper
|-activate|p1a: Pelipper|move: Poltergeist|Damp Rock
|-damage|p1a: Pelipper|58/100
|move|p1a: Pelipper|Hurricane|p2a: Brambleghast
|-ability|p2a: Brambleghast|Wind Rider|boost
|-boost|p2a: Brambleghast|atk|1
|
|-weather|RainDance|[upkeep]
|upkeep
|turn|13
|
|t:|1778504294
|move|p2a: Brambleghast|Poltergeist|p1a: Pelipper
|-activate|p1a: Pelipper|move: Poltergeist|Damp Rock
|-damage|p1a: Pelipper|0 fnt
|faint|p1a: Pelipper
|
|-weather|RainDance|[upkeep]
|upkeep
|
|t:|1778504304
|switch|p1a: Barraskewda|Barraskewda, F, shiny|100/100
|turn|14
|inactive|Danipuerro has 120 seconds left.
|
|t:|1778504324
|move|p1a: Barraskewda|Flip Turn|p2a: Brambleghast
|-resisted|p2a: Brambleghast
|-damage|p2a: Brambleghast|32/100
|
|t:|1778504328
|switch|p1a: Ludicolo|Ludicolo, M, shiny|100/100|[from] Flip Turn
|move|p2a: Brambleghast|Power Whip|p1a: Ludicolo
|-damage|p1a: Ludicolo|0 fnt
|faint|p1a: Ludicolo
|
|-weather|RainDance|[upkeep]
|upkeep
|
|t:|1778504337
|switch|p1a: Barraskewda|Barraskewda, F, shiny|100/100
|turn|15
|c|☆mrsmaiwool|Damn
|inactive|Danipuerro has 120 seconds left.
|
|t:|1778504368
|switch|p2a: Pelipper|Pelipper, F|100/100
|move|p1a: Barraskewda|Liquidation|p2a: Pelipper
|-resisted|p2a: Pelipper
|-damage|p2a: Pelipper|61/100
|
|-weather|RainDance|[upkeep]
|upkeep
|turn|16
|
|t:|1778504383
|switch|p1a: Iron Treads|Iron Treads|100/100
|move|p2a: Pelipper|Hurricane|p1a: Iron Treads
|-resisted|p1a: Iron Treads
|-damage|p1a: Iron Treads|87/100
|-start|p1a: Iron Treads|confusion
|
|-weather|RainDance|[upkeep]
|upkeep
|turn|17
|
|t:|1778504391
|-activate|p1a: Iron Treads|confusion
|move|p1a: Iron Treads|Volt Switch|p2a: Pelipper
|-supereffective|p2a: Pelipper
|-damage|p2a: Pelipper|0 fnt
|faint|p2a: Pelipper
|
|t:|1778504398
|-end|p1a: Iron Treads|Quark Drive|[silent]
|switch|p1a: Barraskewda|Barraskewda, F, shiny|100/100|[from] Volt Switch
|
|-weather|RainDance|[upkeep]
|upkeep
|
|t:|1778504400
|switch|p2a: Floatzel|Floatzel, M|100/100
|turn|18
|c|☆Danipuerro|gg
|inactive|Danipuerro has 120 seconds left.
|
|t:|1778504410
|move|p1a: Barraskewda|Poison Jab|p2a: Floatzel
|-damage|p2a: Floatzel|25/100
|move|p2a: Floatzel|Wave Crash|p1a: Barraskewda
|-resisted|p1a: Barraskewda
|-damage|p1a: Barraskewda|0 fnt
|faint|p1a: Barraskewda
|-damage|p2a: Floatzel|0 fnt|[from] Recoil
|faint|p2a: Floatzel
|
|-weather|RainDance|[upkeep]
|upkeep
|
|t:|1778504428
|switch|p1a: Landorus|Landorus-Therian, M, shiny|100/100
|switch|p2a: Brambleghast|Brambleghast, M|32/100
|-ability|p1a: Landorus|Intimidate|boost
|-unboost|p2a: Brambleghast|atk|1
|turn|19
|
|t:|1778504434
|move|p1a: Landorus|Sludge Bomb|p2a: Brambleghast
|-damage|p2a: Brambleghast|0 fnt
|faint|p2a: Brambleghast
|
|win|Danipuerro
|raw|Danipuerro's rating: 1226 &rarr; <strong>1253</strong><br />(+27 for winning)
|raw|mrsmaiwool's rating: 1249 &rarr; <strong>1222</strong><br />(-27 for losing)
