|html|<div class="broadcast-blue"><strong>[Gen 9] OU is currently suspecting Tera Blast! For information on how to participate check out the <a href="https://www.smogon.com/tools/suspects/view/200">suspect thread</a>.</strong></div>
|j|☆Mawile441
|j|☆mbetta1
|t:|1776117527
|gametype|singles
|player|p1|Mawile441|265|1442
|player|p2|mbetta1|skier|1466
|gen|9
|tier|[Gen 9] OU
|rated|
|rule|HP Percentage Mod: HP is shown in percentages
|rule|Endless Battle Clause: Forcing endless battles is banned
|rule|Species Clause: Limit one of each Pokémon
|rule|OHKO Clause: OHKO moves are banned
|rule|Evasion Items Clause: Evasion items are banned
|rule|Evasion Moves Clause: Evasion moves are banned
|rule|Evasion Abilities Clause: Evasion abilities are banned
|rule|Sleep Moves Clause: Sleep-inducing moves are banned
|clearpoke
|poke|p1|Kingambit, F|
|poke|p1|Zapdos|
|poke|p1|Walking Wake|
|poke|p1|Skarmory, M|
|poke|p1|Alomomola, M|
|poke|p1|Lilligant-Hisui, F|
|poke|p2|Blaziken, M|
|poke|p2|Ceruledge, M|
|poke|p2|Corviknight, M|
|poke|p2|Ribombee, F|
|poke|p2|Zoroark-Hisui, M|
|poke|p2|Toxtricity, M|
|teampreview
|inactive|Battle timer is ON: inactive players will automatically lose when time's up. (requested by mbetta1)
|inactive|mbetta1 has 120 seconds left.
|
|t:|1776117566
|teamsize|p1|6
|teamsize|p2|6
|start
|switch|p1a: Zapdos|Zapdos, shiny|100/100
|switch|p2a: Toxtricity|Toxtricity, M|100/100
|turn|1
|
|t:|1776117578
|move|p2a: Toxtricity|Boomburst|p1a: Zapdos
|-damage|p1a: Zapdos|36/100
|move|p1a: Zapdos|Volt Switch|p2a: Toxtricity
|-resisted|p2a: Toxtricity
|-damage|p2a: Toxtricity|66/100
|-damage|p1a: Zapdos|26/100|[from] item: Life Orb
|
|t:|1776117585
|switch|p1a: Walking Wake|Walking Wake|100/100|[from] Volt Switch
|
|upkeep
|turn|2
|inactive|mbetta1 has 120 seconds left.
|
|t:|1776117620
|move|p2a: Toxtricity|Boomburst|p1a: Walking Wake
|-damage|p1a: Walking Wake|73/100
|move|p1a: Walking Wake|Scald|p2a: Toxtricity
|-damage|p2a: Toxtricity|17/100
|-status|p2a: Toxtricity|brn
|
|-damage|p2a: Toxtricity|11/100 brn|[from] brn
|upkeep
|turn|3
|inactive|Mawile441 has 120 seconds left.
|inactive|mbetta1 has 120 seconds left.
|
|t:|1776117654
|move|p2a: Toxtricity|Boomburst|p1a: Walking Wake
|-damage|p1a: Walking Wake|47/100
|move|p1a: Walking Wake|Scald|p2a: Toxtricity
|-damage|p2a: Toxtricity|0 fnt
|faint|p2a: Toxtricity
|
|upkeep
|inactive|mbetta1 has 120 seconds left.
|
|t:|1776117671
|switch|p2a: Ribombee|Ribombee, F|100/100
|turn|4
|
|t:|1776117683
|move|p2a: Ribombee|Moonblast|p1a: Walking Wake
|-supereffective|p1a: Walking Wake
|-damage|p1a: Walking Wake|7/100
|-unboost|p1a: Walking Wake|spa|1
|move|p1a: Walking Wake|Scald|p2a: Ribombee
|-damage|p2a: Ribombee|63/100
|
|upkeep
|turn|5
|inactive|mbetta1 has 120 seconds left.
|
|t:|1776117691
|move|p2a: Ribombee|Sticky Web|p1a: Walking Wake
|-sidestart|p1: Mawile441|move: Sticky Web
|move|p1a: Walking Wake|Scald|p2a: Ribombee
|-damage|p2a: Ribombee|26/100
|
|upkeep
|turn|6
|inactive|mbetta1 has 120 seconds left.
|
|t:|1776117714
|move|p2a: Ribombee|Moonblast|p1a: Walking Wake
|-supereffective|p1a: Walking Wake
|-damage|p1a: Walking Wake|0 fnt
|faint|p1a: Walking Wake
|-end|p1a: Walking Wake|Protosynthesis|[silent]
|
|upkeep
|
|t:|1776117717
|switch|p1a: Alomomola|Alomomola, M, shiny|100/100
|-activate|p1a: Alomomola|move: Sticky Web
|-unboost|p1a: Alomomola|spe|1
|turn|7
|inactive|mbetta1 has 120 seconds left.
|
|t:|1776117725
|move|p2a: Ribombee|Moonblast|p1a: Alomomola
|-damage|p1a: Alomomola|49/100
|-unboost|p1a: Alomomola|spa|1
|move|p1a: Alomomola|Flip Turn|p2a: Ribombee
|-damage|p2a: Ribombee|0 fnt
|faint|p2a: Ribombee
|
|t:|1776117731
|switch|p1a: Lilligant|Lilligant-Hisui, F, shiny|100/100|[from] Flip Turn
|
|upkeep
|
|t:|1776117733
|switch|p2a: Ceruledge|Ceruledge, M|100/100
|turn|8
|
|t:|1776117742
|move|p1a: Lilligant|Defog|p2a: Ceruledge
|-unboost|p2a: Ceruledge|evasion|1
|-sideend|p1: Mawile441|Sticky Web|[from] move: Defog|[of] p1a: Lilligant
|move|p2a: Ceruledge|Bitter Blade|p1a: Lilligant
|-supereffective|p1a: Lilligant
|-damage|p1a: Lilligant|0 fnt
|faint|p1a: Lilligant
|
|upkeep
|
|t:|1776117747
|switch|p1a: Alomomola|Alomomola, M, shiny|83/100
|turn|9
|
|t:|1776117756
|switch|p2a: Corviknight|Corviknight, M|100/100
|-ability|p2a: Corviknight|Pressure
|move|p1a: Alomomola|Aqua Jet|p2a: Corviknight
|-damage|p2a: Corviknight|87/100
|-damage|p1a: Alomomola|66/100|[from] item: Rocky Helmet|[of] p2a: Corviknight
|
|upkeep
|turn|10
|
|t:|1776117763
|move|p1a: Alomomola|Aqua Jet|p2a: Corviknight
|-damage|p2a: Corviknight|73/100
|-damage|p1a: Alomomola|50/100|[from] item: Rocky Helmet|[of] p2a: Corviknight
|move|p2a: Corviknight|U-turn|p1a: Alomomola
|-damage|p1a: Alomomola|40/100
|
|t:|1776117766
|switch|p2a: Blaziken|Blaziken, M|100/100|[from] U-turn
|
|upkeep
|turn|11
|
|t:|1776117773
|switch|p1a: Kingambit|Kingambit, F, shiny|100/100
|move|p2a: Blaziken|Shadow Ball|p1a: Kingambit
|-resisted|p1a: Kingambit
|-damage|p1a: Kingambit|79/100
|-unboost|p1a: Kingambit|spd|1
|-ability|p1a: Kingambit|Defiant|boost
|-boost|p1a: Kingambit|atk|2
|
|upkeep
|turn|12
|
|t:|1776117780
|-terastallize|p2a: Blaziken|Fighting
|move|p2a: Blaziken|Tera Blast|p1a: Kingambit|[anim] Tera Blast Fighting
|-supereffective|p1a: Kingambit
|-damage|p1a: Kingambit|0 fnt
|faint|p1a: Kingambit
|
|upkeep
|
|t:|1776117785
|switch|p1a: Skarmory|Skarmory, M, shiny|100/100
|turn|13
|
|t:|1776117795
|switch|p2a: Ceruledge|Ceruledge, M|100/100
|move|p1a: Skarmory|Swords Dance|p1a: Skarmory
|-boost|p1a: Skarmory|atk|2
|
|upkeep
|turn|14
|inactive|mbetta1 has 120 seconds left.
|l|☆mbetta1
|inactive|mbetta1 disconnected and has a minute to reconnect!
|player|p2|
|j|☆mbetta1
|inactive|mbetta1 reconnected and has 100 seconds left.
|player|p2|mbetta1|skier|
|
|t:|1776117851
|move|p1a: Skarmory|Drill Run|p2a: Ceruledge
|-supereffective|p2a: Ceruledge
|-damage|p2a: Ceruledge|0 fnt
|faint|p2a: Ceruledge
|-damage|p1a: Skarmory|91/100|[from] item: Life Orb
|
|upkeep
|inactive|mbetta1 has 90 seconds left.
|
|t:|1776117862
|switch|p2a: Blaziken|Blaziken, M|100/100
|turn|15
|
|t:|1776117878
|-terastallize|p1a: Skarmory|Ground
|move|p2a: Blaziken|Swords Dance|p2a: Blaziken
|-boost|p2a: Blaziken|atk|2
|move|p1a: Skarmory|Drill Peck|p2a: Blaziken
|-supereffective|p2a: Blaziken
|-enditem|p2a: Blaziken|Focus Sash
|-damage|p2a: Blaziken|1/100
|-damage|p1a: Skarmory|81/100|[from] item: Life Orb
|
|-ability|p2a: Blaziken|Speed Boost|boost
|-boost|p2a: Blaziken|spe|1
|upkeep
|turn|16
|
|t:|1776117882
|move|p2a: Blaziken|Reversal|p1a: Skarmory
|-damage|p1a: Skarmory|0 fnt
|faint|p1a: Skarmory
|
|-ability|p2a: Blaziken|Speed Boost|boost
|-boost|p2a: Blaziken|spe|1
|upkeep
|
|t:|1776117886
|switch|p1a: Alomomola|Alomomola, M, shiny|74/100
|turn|17
|
|t:|1776117893
|switch|p2a: Corviknight|Corviknight, M|73/100
|-ability|p2a: Corviknight|Pressure
|move|p1a: Alomomola|Aqua Jet|p2a: Corviknight
|-damage|p2a: Corviknight|58/100
|-damage|p1a: Alomomola|57/100|[from] item: Rocky Helmet|[of] p2a: Corviknight
|
|upkeep
|turn|18
|
|t:|1776117897
|switch|p1a: Zapdos|Zapdos, shiny|26/100
|move|p2a: Corviknight|U-turn|p1a: Zapdos
|-resisted|p1a: Zapdos
|-damage|p1a: Zapdos|19/100
|
|t:|1776117899
|switch|p2a: Corviknight|Corviknight, M, tera:Fighting|100/100|[from] U-turn
|
|upkeep
|turn|19
|
|t:|1776117906
|move|p2a: Corviknight|Shadow Ball|p1a: Zapdos
|-damage|p1a: Zapdos|0 fnt
|faint|p1a: Zapdos
|
|upkeep
|
|t:|1776117909
|switch|p1a: Alomomola|Alomomola, M, shiny|91/100
|turn|20
|inactive|mbetta1 has 120 seconds left.
|
|t:|1776117950
|move|p2a: Corviknight|Shadow Ball|p1a: Alomomola
|-damage|p1a: Alomomola|31/100
|move|p1a: Alomomola|Liquidation|p2a: Corviknight
|-damage|p2a: Corviknight|0 fnt
|replace|p2a: Zoroark|Zoroark-Hisui, M
|-end|p2a: Zoroark|Illusion
|faint|p2a: Zoroark
|
|upkeep
|
|t:|1776117961
|switch|p2a: Corviknight|Corviknight, M|58/100
|-ability|p2a: Corviknight|Pressure
|turn|21
|inactive|Mawile441 has 120 seconds left.
|
|t:|1776117992
|move|p2a: Corviknight|Iron Defense|p2a: Corviknight
|-boost|p2a: Corviknight|def|2
|move|p1a: Alomomola|Liquidation|p2a: Corviknight
|-damage|p2a: Corviknight|42/100
|-damage|p1a: Alomomola|15/100|[from] item: Rocky Helmet|[of] p2a: Corviknight
|
|upkeep
|turn|22
|inactive|Mawile441 has 120 seconds left.
|
|t:|1776118013
|move|p2a: Corviknight|Body Press|p1a: Alomomola
|-damage|p1a: Alomomola|0 fnt
|faint|p1a: Alomomola
|
|win|mbetta1
|raw|Mawile441's rating: 1442 &rarr; <strong>1423</strong><br />(-19 for losing)
|raw|mbetta1's rating: 1466 &rarr; <strong>1485</strong><br />(+19 for winning)
|l|☆mbetta1
|player|p2|
