|html|<div class="broadcast-blue"><strong>[Gen 9] OU is currently suspecting Tera Blast! For information on how to participate check out the <a href="https://www.smogon.com/tools/suspects/view/200">suspect thread</a>.</strong></div>
|j|☆sharang
|j|☆klekim
|t:|1776079067
|gametype|singles
|player|p1|sharang|firebreather|1329
|player|p2|klekim|roughneck|1401
|gen|9
|tier|[Gen 9] OU
|rated|
|rule|HP Percentage Mod: HP is shown in percentages
|rule|Endless Battle Clause: Forcing endless battles is banned
|rule|Species Clause: Limit one of each Pokémon
|rule|OHKO Clause: OHKO moves are banned
|rule|Evasion Items Clause: Evasion items are banned
|rule|Evasion Moves Clause: Evasion moves are banned
|rule|Evasion Abilities Clause: Evasion abilities are banned
|rule|Sleep Moves Clause: Sleep-inducing moves are banned
|clearpoke
|poke|p1|Glaceon, M|
|poke|p1|Sylveon, M|
|poke|p1|Slowking-Galar, M|
|poke|p1|Blaziken, F|
|poke|p1|Torterra, M|
|poke|p1|Dragapult, M|
|poke|p2|Iron Moth|
|poke|p2|Gliscor, M|
|poke|p2|Hatterene, F|
|poke|p2|Ogerpon-Wellspring, F|
|poke|p2|Raging Bolt|
|poke|p2|Zamazenta-*|
|teampreview
|inactive|Battle timer is ON: inactive players will automatically lose when time's up. (requested by sharang)
|
|t:|1776079074
|teamsize|p1|6
|teamsize|p2|6
|start
|switch|p1a: Slowking|Slowking-Galar, M|100/100
|switch|p2a: Zamazenta|Zamazenta|100/100
|-ability|p2a: Zamazenta|Dauntless Shield|boost
|-boost|p2a: Zamazenta|def|1
|turn|1
|
|t:|1776079083
|move|p2a: Zamazenta|Light Screen|p2a: Zamazenta
|-sidestart|p2: klekim|move: Light Screen
|-prepare|p1a: Slowking|Chilly Reception|[premajor]
|move|p1a: Slowking|Chilly Reception|p1a: Slowking
|-weather|Snowscape
|
|t:|1776079092
|switch|p1a: Dragapult|Dragapult, M|100/100|[from] Chilly Reception
|
|-weather|Snowscape|[upkeep]
|upkeep
|turn|2
|
|t:|1776079098
|move|p1a: Dragapult|Will-O-Wisp|p2a: Zamazenta
|-status|p2a: Zamazenta|brn
|move|p2a: Zamazenta|Ice Fang|p1a: Dragapult
|-supereffective|p1a: Dragapult
|-damage|p1a: Dragapult|77/100
|
|-weather|Snowscape|[upkeep]
|-damage|p2a: Zamazenta|94/100 brn|[from] brn
|upkeep
|turn|3
|
|t:|1776079108
|move|p1a: Dragapult|Hex|p2a: Zamazenta
|-damage|p2a: Zamazenta|32/100 brn
|-damage|p1a: Dragapult|68/100|[from] item: Life Orb
|move|p2a: Zamazenta|Ice Fang|p1a: Dragapult
|-supereffective|p1a: Dragapult
|-damage|p1a: Dragapult|41/100
|
|-weather|Snowscape|[upkeep]
|-damage|p2a: Zamazenta|26/100 brn|[from] brn
|upkeep
|turn|4
|
|t:|1776079118
|switch|p2a: Hatterene|Hatterene, F|100/100
|move|p1a: Dragapult|Hex|p2a: Hatterene
|-supereffective|p2a: Hatterene
|-damage|p2a: Hatterene|26/100
|-damage|p1a: Dragapult|31/100|[from] item: Life Orb
|
|-weather|Snowscape|[upkeep]
|-heal|p2a: Hatterene|32/100|[from] item: Leftovers
|upkeep
|turn|5
|
|t:|1776079133
|move|p1a: Dragapult|Hex|p2a: Hatterene
|-supereffective|p2a: Hatterene
|-damage|p2a: Hatterene|0 fnt
|faint|p2a: Hatterene
|-damage|p1a: Dragapult|21/100|[from] item: Life Orb
|
|-weather|none
|upkeep
|inactive|klekim has 120 seconds left.
|
|t:|1776079160
|switch|p2a: Iron Moth|Iron Moth|100/100
|-enditem|p2a: Iron Moth|Booster Energy
|-activate|p2a: Iron Moth|ability: Quark Drive|[fromitem]
|-start|p2a: Iron Moth|quarkdrivespe
|turn|6
|inactive|klekim has 120 seconds left.
|
|t:|1776079179
|switch|p1a: Slowking|Slowking-Galar, M|100/100
|move|p2a: Iron Moth|Sludge Wave|p1a: Slowking
|-resisted|p1a: Slowking
|-damage|p1a: Slowking|88/100
|
|-heal|p1a: Slowking|94/100|[from] item: Leftovers
|upkeep
|turn|7
|
|t:|1776079188
|-prepare|p1a: Slowking|Chilly Reception|[premajor]
|move|p1a: Slowking|Chilly Reception|p1a: Slowking
|-weather|Snowscape
|
|t:|1776079203
|switch|p1a: Dragapult|Dragapult, M|21/100|[from] Chilly Reception
|move|p2a: Iron Moth|Whirlwind|p1a: Dragapult
|drag|p1a: Blaziken|Blaziken, F|100/100
|
|-weather|Snowscape|[upkeep]
|upkeep
|turn|8
|
|t:|1776079224
|switch|p1a: Dragapult|Dragapult, M|21/100
|move|p2a: Iron Moth|Fiery Dance|p1a: Dragapult
|-resisted|p1a: Dragapult
|-damage|p1a: Dragapult|0 fnt
|-boost|p2a: Iron Moth|spa|1
|faint|p1a: Dragapult
|
|-weather|Snowscape|[upkeep]
|-sideend|p2: klekim|move: Light Screen
|upkeep
|
|t:|1776079230
|switch|p1a: Slowking|Slowking-Galar, M|100/100
|turn|9
|
|t:|1776079238
|move|p1a: Slowking|Psychic|p2a: Iron Moth
|-supereffective|p2a: Iron Moth
|-damage|p2a: Iron Moth|35/100
|move|p2a: Iron Moth|Whirlwind|p1a: Slowking
|drag|p1a: Sylveon|Sylveon, M|100/100
|
|-weather|Snowscape|[upkeep]
|upkeep
|turn|10
|
|t:|1776079247
|move|p2a: Iron Moth|Sludge Wave|p1a: Sylveon
|-supereffective|p1a: Sylveon
|-damage|p1a: Sylveon|2/100
|move|p1a: Sylveon|Psyshock|p2a: Iron Moth
|-supereffective|p2a: Iron Moth
|-damage|p2a: Iron Moth|0 fnt
|faint|p2a: Iron Moth
|-end|p2a: Iron Moth|Quark Drive|[silent]
|
|-weather|Snowscape|[upkeep]
|upkeep
|
|t:|1776079258
|switch|p2a: Zamazenta|Zamazenta|26/100 brn
|turn|11
|
|t:|1776079262
|move|p2a: Zamazenta|Light Screen|p2a: Zamazenta
|-sidestart|p2: klekim|move: Light Screen
|move|p1a: Sylveon|Psyshock|p2a: Zamazenta
|-supereffective|p2a: Zamazenta
|-damage|p2a: Zamazenta|0 fnt
|faint|p2a: Zamazenta
|
|-weather|none
|upkeep
|
|t:|1776079269
|switch|p2a: Gliscor|Gliscor, M|100/100
|turn|12
|
|t:|1776079274
|move|p2a: Gliscor|Swords Dance|p2a: Gliscor
|-boost|p2a: Gliscor|atk|2
|move|p1a: Sylveon|Psyshock|p2a: Gliscor
|-crit|p2a: Gliscor
|-damage|p2a: Gliscor|47/100
|
|-status|p2a: Gliscor|tox|[from] item: Toxic Orb
|upkeep
|turn|13
|
|t:|1776079283
|move|p2a: Gliscor|Earthquake|p1a: Sylveon
|-damage|p1a: Sylveon|0 fnt
|faint|p1a: Sylveon
|
|-heal|p2a: Gliscor|59/100 tox|[from] ability: Poison Heal
|upkeep
|
|t:|1776079286
|switch|p1a: Glaceon|Glaceon, M|100/100
|turn|14
|
|t:|1776079294
|-terastallize|p2a: Gliscor|Normal
|move|p2a: Gliscor|Facade|p1a: Glaceon
|-damage|p1a: Glaceon|16/100
|move|p1a: Glaceon|Wish|p1a: Glaceon
|
|-heal|p2a: Gliscor|71/100 tox|[from] ability: Poison Heal
|upkeep
|turn|15
|
|t:|1776079305
|move|p1a: Glaceon|Protect|p1a: Glaceon
|-singleturn|p1a: Glaceon|Protect
|move|p2a: Gliscor|Swords Dance|p2a: Gliscor
|-boost|p2a: Gliscor|atk|2
|
|-heal|p1a: Glaceon|66/100|[from] move: Wish|[wisher] Glaceon
|-heal|p2a: Gliscor|84/100 tox|[from] ability: Poison Heal
|upkeep
|turn|16
|
|t:|1776079314
|move|p2a: Gliscor|Facade|p1a: Glaceon
|-damage|p1a: Glaceon|0 fnt
|faint|p1a: Glaceon
|
|-heal|p2a: Gliscor|96/100 tox|[from] ability: Poison Heal
|upkeep
|
|t:|1776079318
|switch|p1a: Torterra|Torterra, M|100/100
|turn|17
|
|t:|1776079322
|move|p2a: Gliscor|Facade|p1a: Torterra
|-damage|p1a: Torterra|0 fnt
|faint|p1a: Torterra
|
|-heal|p2a: Gliscor|100/100 tox|[from] ability: Poison Heal
|upkeep
|
|t:|1776079325
|switch|p1a: Slowking|Slowking-Galar, M|100/100
|turn|18
|
|t:|1776079330
|move|p2a: Gliscor|Earthquake|p1a: Slowking
|-supereffective|p1a: Slowking
|-crit|p1a: Slowking
|-damage|p1a: Slowking|0 fnt
|faint|p1a: Slowking
|
|-sideend|p2: klekim|move: Light Screen
|upkeep
|
|t:|1776079332
|switch|p1a: Blaziken|Blaziken, F|100/100
|turn|19
|
|t:|1776079338
|-terastallize|p1a: Blaziken|Dark
|move|p1a: Blaziken|Swords Dance|p1a: Blaziken
|-boost|p1a: Blaziken|atk|2
|move|p2a: Gliscor|Earthquake|p1a: Blaziken
|-damage|p1a: Blaziken|0 fnt
|faint|p1a: Blaziken
|
|win|klekim
|raw|sharang's rating: 1329 &rarr; <strong>1313</strong><br />(-16 for losing)
|raw|klekim's rating: 1401 &rarr; <strong>1417</strong><br />(+16 for winning)
|l|☆sharang
|player|p1|
|l|☆klekim
|player|p2|
