|html|<div class="broadcast-blue"><strong>[Gen 9] OU is currently suspecting Tera Blast! For information on how to participate check out the <a href="https://www.smogon.com/tools/suspects/view/200">suspect thread</a>.</strong></div>
|j|☆Metallic Symphony
|j|☆pressacanadagoose
|t:|1776083187
|gametype|singles
|player|p1|Metallic Symphony|red|1662
|player|p2|pressacanadagoose|169|1671
|gen|9
|tier|[Gen 9] OU
|rated|
|rule|HP Percentage Mod: HP is shown in percentages
|rule|Endless Battle Clause: Forcing endless battles is banned
|rule|Species Clause: Limit one of each Pokémon
|rule|OHKO Clause: OHKO moves are banned
|rule|Evasion Items Clause: Evasion items are banned
|rule|Evasion Moves Clause: Evasion moves are banned
|rule|Evasion Abilities Clause: Evasion abilities are banned
|rule|Sleep Moves Clause: Sleep-inducing moves are banned
|clearpoke
|poke|p1|Dragonite, F|
|poke|p1|Landorus-Therian, M|
|poke|p1|Iron Crown|
|poke|p1|Lokix, F|
|poke|p1|Primarina, F|
|poke|p1|Cinderace, F|
|poke|p2|Deoxys-Speed|
|poke|p2|Ceruledge, M|
|poke|p2|Zamazenta-*|
|poke|p2|Ogerpon-Wellspring, F|
|poke|p2|Glimmora, F|
|poke|p2|Moltres-Galar|
|teampreview
|inactive|Battle timer is ON: inactive players will automatically lose when time's up. (requested by Metallic Symphony)
|inactive|Metallic Symphony has 120 seconds left.
|inactive|Metallic Symphony has 90 seconds left.
|
|t:|1776083251
|teamsize|p1|6
|teamsize|p2|6
|start
|switch|p1a: Simple Man|Lokix, F|100/100
|switch|p2a: Deoxys|Deoxys-Speed|100/100
|-ability|p2a: Deoxys|Pressure
|turn|1
|j| klopppool
|
|t:|1776083267
|switch|p2a: Glimmora|Glimmora, F|100/100
|move|p1a: Simple Man|Knock Off|p2a: Glimmora
|-damage|p2a: Glimmora|11/100
|-activate|p2a: Glimmora|ability: Toxic Debris
|-sidestart|p1: Metallic Symphony|move: Toxic Spikes
|-enditem|p2a: Glimmora|Power Herb|[from] move: Knock Off|[of] p1a: Simple Man
|
|upkeep
|turn|2
|inactive|Metallic Symphony has 120 seconds left.
|
|t:|1776083318
|switch|p1a: Riff Raff|Iron Crown|100/100
|move|p2a: Glimmora|Stealth Rock|p1a: Riff Raff
|-sidestart|p1: Metallic Symphony|move: Stealth Rock
|
|upkeep
|turn|3
|
|t:|1776083332
|switch|p2a: Ogerpon|Ogerpon-Wellspring, F|100/100
|move|p1a: Riff Raff|Volt Switch|p2a: Ogerpon
|-damage|p2a: Ogerpon|59/100
|inactive|Metallic Symphony has 90 seconds left.
|
|t:|1776083352
|-end|p1a: Riff Raff|Quark Drive|[silent]
|switch|p1a: Baptism by Fire|Cinderace, F|100/100|[from] Volt Switch
|
|upkeep
|turn|4
|inactive|Metallic Symphony has 90 seconds left.
|
|t:|1776083359
|move|p1a: Baptism by Fire|Pyro Ball|p2a: Ogerpon
|-damage|p2a: Ogerpon|0 fnt
|faint|p2a: Ogerpon
|
|upkeep
|
|t:|1776083361
|switch|p2a: Deoxys|Deoxys-Speed|100/100
|-ability|p2a: Deoxys|Pressure
|turn|5
|
|t:|1776083374
|move|p2a: Deoxys|Taunt|p1a: Baptism by Fire
|-start|p1a: Baptism by Fire|move: Taunt
|cant|p1a: Baptism by Fire|move: Taunt|Court Change
|
|upkeep
|turn|6
|
|t:|1776083377
|move|p2a: Deoxys|Reflect|p2a: Deoxys
|-sidestart|p2: pressacanadagoose|Reflect
|move|p1a: Baptism by Fire|U-turn|p2a: Deoxys
|-supereffective|p2a: Deoxys
|-damage|p2a: Deoxys|79/100
|inactive|Metallic Symphony has 90 seconds left.
|
|t:|1776083400
|switch|p1a: Riff Raff|Iron Crown|100/100|[from] U-turn
|-damage|p1a: Riff Raff|94/100|[from] Stealth Rock
|
|upkeep
|turn|7
|
|t:|1776083407
|move|p2a: Deoxys|Light Screen|p2a: Deoxys
|-sidestart|p2: pressacanadagoose|move: Light Screen
|move|p1a: Riff Raff|Volt Switch|p2a: Deoxys
|-damage|p2a: Deoxys|58/100
|inactive|Metallic Symphony has 90 seconds left.
|
|t:|1776083423
|-end|p1a: Riff Raff|Quark Drive|[silent]
|switch|p1a: Baptism by Fire|Cinderace, F|100/100|[from] Volt Switch
|
|upkeep
|turn|8
|
|t:|1776083427
|move|p2a: Deoxys|Taunt|p1a: Baptism by Fire
|-start|p1a: Baptism by Fire|move: Taunt
|move|p1a: Baptism by Fire|U-turn|p2a: Deoxys
|-supereffective|p2a: Deoxys
|-damage|p2a: Deoxys|36/100
|inactive|Metallic Symphony has 90 seconds left.
|
|t:|1776083451
|switch|p1a: Simple Man|Lokix, F|100/100|[from] U-turn
|-status|p1a: Simple Man|psn
|-damage|p1a: Simple Man|76/100 psn|[from] Stealth Rock
|
|-damage|p1a: Simple Man|63/100 psn|[from] psn
|upkeep
|turn|9
|
|t:|1776083470
|switch|p2a: Zamazenta|Zamazenta|100/100
|-ability|p2a: Zamazenta|Dauntless Shield|boost
|-boost|p2a: Zamazenta|def|1
|move|p1a: Simple Man|U-turn|p2a: Zamazenta
|-resisted|p2a: Zamazenta
|-damage|p2a: Zamazenta|88/100
|
|t:|1776083488
|switch|p1a: Believer|Dragonite, F|100/100|[from] U-turn
|-damage|p1a: Believer|76/100|[from] Stealth Rock
|
|-heal|p2a: Zamazenta|94/100|[from] item: Leftovers
|-heal|p1a: Believer|82/100|[from] item: Leftovers
|upkeep
|turn|10
|j| bggghhj
|
|t:|1776083494
|move|p2a: Zamazenta|Iron Defense|p2a: Zamazenta
|-boost|p2a: Zamazenta|def|2
|move|p1a: Believer|Dragon Dance|p1a: Believer
|-boost|p1a: Believer|atk|1
|-boost|p1a: Believer|spe|1
|
|-heal|p1a: Believer|88/100|[from] item: Leftovers
|-heal|p2a: Zamazenta|99/100|[from] item: Leftovers
|upkeep
|turn|11
|
|t:|1776083499
|move|p1a: Believer|Encore|p2a: Zamazenta
|-start|p2a: Zamazenta|Encore
|move|p2a: Zamazenta|Iron Defense|p2a: Zamazenta
|-boost|p2a: Zamazenta|def|2
|
|-heal|p1a: Believer|94/100|[from] item: Leftovers
|-heal|p2a: Zamazenta|100/100|[from] item: Leftovers
|upkeep
|turn|12
|
|t:|1776083504
|switch|p2a: Glimmora|Glimmora, F|11/100
|move|p1a: Believer|Dragon Dance|p1a: Believer
|-boost|p1a: Believer|atk|1
|-boost|p1a: Believer|spe|1
|
|-heal|p1a: Believer|100/100|[from] item: Leftovers
|upkeep
|turn|13
|
|t:|1776083516
|move|p1a: Believer|Earthquake|p2a: Glimmora
|-supereffective|p2a: Glimmora
|-damage|p2a: Glimmora|0 fnt
|-activate|p2a: Glimmora|ability: Toxic Debris
|-sidestart|p1: Metallic Symphony|move: Toxic Spikes
|faint|p2a: Glimmora
|
|-sideend|p2: pressacanadagoose|Reflect
|upkeep
|
|t:|1776083518
|switch|p2a: Zamazenta|Zamazenta|100/100
|turn|14
|
|t:|1776083536
|switch|p2a: Moltres|Moltres-Galar|100/100
|move|p1a: Believer|Earthquake|p2a: Moltres
|-immune|p2a: Moltres
|
|-sideend|p2: pressacanadagoose|move: Light Screen
|upkeep
|turn|15
|
|t:|1776083541
|move|p1a: Believer|Ice Spinner|p2a: Moltres
|-supereffective|p2a: Moltres
|-damage|p2a: Moltres|0 fnt
|faint|p2a: Moltres
|
|upkeep
|
|t:|1776083543
|switch|p2a: Zamazenta|Zamazenta|100/100
|turn|16
|inactive|Metallic Symphony has 120 seconds left.
|
|t:|1776083550
|move|p1a: Believer|Earthquake|p2a: Zamazenta
|-damage|p2a: Zamazenta|42/100
|move|p2a: Zamazenta|Roar|p1a: Believer
|drag|p1a: Simple Man|Lokix, F|63/100 psn
|-damage|p1a: Simple Man|39/100 psn|[from] Stealth Rock
|
|-heal|p2a: Zamazenta|48/100|[from] item: Leftovers
|-damage|p1a: Simple Man|26/100 psn|[from] psn
|upkeep
|turn|17
|inactive|Metallic Symphony has 120 seconds left.
|
|t:|1776083569
|move|p1a: Simple Man|First Impression|p2a: Zamazenta
|-resisted|p2a: Zamazenta
|-damage|p2a: Zamazenta|0 fnt
|faint|p2a: Zamazenta
|
|-damage|p1a: Simple Man|14/100 psn|[from] psn
|upkeep
|
|t:|1776083572
|switch|p2a: Deoxys|Deoxys-Speed|36/100
|-ability|p2a: Deoxys|Pressure
|turn|18
|inactive|Metallic Symphony has 120 seconds left.
|
|t:|1776083612
|switch|p1a: Baptism by Fire|Cinderace, F|100/100
|move|p2a: Deoxys|Reflect|p2a: Deoxys
|-sidestart|p2: pressacanadagoose|Reflect
|
|upkeep
|turn|19
|
|t:|1776083623
|switch|p2a: Ceruledge|Ceruledge, M|100/100
|move|p1a: Baptism by Fire|U-turn|p2a: Ceruledge
|-resisted|p2a: Ceruledge
|-damage|p2a: Ceruledge|97/100
|-ability|p2a: Ceruledge|Weak Armor|boost
|-unboost|p2a: Ceruledge|def|1
|-boost|p2a: Ceruledge|spe|2
|inactive|Metallic Symphony has 90 seconds left.
|inactive|Metallic Symphony has 60 seconds left.
|inactive|Metallic Symphony has 30 seconds left.
|
|t:|1776083694
|switch|p1a: Piano Man|Primarina, F|100/100|[from] U-turn
|-status|p1a: Piano Man|tox
|-damage|p1a: Piano Man|88/100 tox|[from] Stealth Rock
|
|-damage|p1a: Piano Man|82/100 tox|[from] psn
|upkeep
|turn|20
|
|t:|1776083702
|-terastallize|p2a: Ceruledge|Ghost
|move|p2a: Ceruledge|Swords Dance|p2a: Ceruledge
|-boost|p2a: Ceruledge|atk|2
|move|p1a: Piano Man|Psychic Noise|p2a: Ceruledge
|-damage|p2a: Ceruledge|58/100
|-start|p2a: Ceruledge|move: Heal Block
|
|-damage|p1a: Piano Man|70/100 tox|[from] psn
|upkeep
|turn|21
|inactive|Metallic Symphony has 30 seconds left.
|
|t:|1776083721
|move|p1a: Piano Man|Aqua Jet|p2a: Ceruledge
|-damage|p2a: Ceruledge|49/100
|-ability|p2a: Ceruledge|Weak Armor|boost
|-unboost|p2a: Ceruledge|def|1
|-boost|p2a: Ceruledge|spe|2
|move|p2a: Ceruledge|Poltergeist|p1a: Piano Man
|-activate|p1a: Piano Man|move: Poltergeist|Assault Vest
|-damage|p1a: Piano Man|0 fnt
|faint|p1a: Piano Man
|-damage|p2a: Ceruledge|39/100|[from] item: Life Orb
|
|-end|p2a: Ceruledge|move: Heal Block
|upkeep
|inactive|Metallic Symphony has 30 seconds left.
|inactive|Metallic Symphony has 20 seconds left.
|inactive|Metallic Symphony has 15 seconds left.
|
|t:|1776083742
|switch|p1a: Believer|Dragonite, F|100/100
|-damage|p1a: Believer|76/100|[from] Stealth Rock
|turn|22
|inactive|Metallic Symphony has 25 seconds left this turn.
|
|t:|1776083747
|move|p2a: Ceruledge|Poltergeist|p1a: Believer
|-activate|p1a: Believer|move: Poltergeist|Leftovers
|-crit|p1a: Believer
|-damage|p1a: Believer|0 fnt
|faint|p1a: Believer
|-damage|p2a: Ceruledge|29/100|[from] item: Life Orb
|
|upkeep
|inactive|Metallic Symphony has 30 seconds left this turn.
|inactive|Metallic Symphony has 20 seconds left.
|inactive|Metallic Symphony has 15 seconds left.
|inactive|Metallic Symphony has 10 seconds left.
|
|t:|1776083771
|switch|p1a: Baptism by Fire|Cinderace, F|100/100
|turn|23
|inactive|Metallic Symphony has 20 seconds left this turn.
|j| gvxdfgxrfghdr
|j| ohko_smeargle
|inactive|pressacanadagoose has 120 seconds left.
|
|t:|1776083805
|move|p2a: Ceruledge|Bitter Blade|p1a: Baptism by Fire
|-resisted|p1a: Baptism by Fire
|-damage|p1a: Baptism by Fire|21/100
|-heal|p2a: Ceruledge|76/100|[from] drain|[of] p1a: Baptism by Fire
|-damage|p2a: Ceruledge|66/100|[from] item: Life Orb
|move|p1a: Baptism by Fire|Court Change|p1a: Baptism by Fire
|-swapsideconditions
|-activate|p1a: Baptism by Fire|move: Court Change
|
|upkeep
|turn|24
|inactive|Metallic Symphony has 30 seconds left this turn.
|inactive|Metallic Symphony has 20 seconds left.
|inactive|pressacanadagoose has 120 seconds left.
|
|t:|1776083816
|move|p2a: Ceruledge|Bitter Blade|p1a: Baptism by Fire
|-resisted|p1a: Baptism by Fire
|-crit|p1a: Baptism by Fire
|-damage|p1a: Baptism by Fire|0 fnt
|-heal|p2a: Ceruledge|78/100|[from] drain|[of] p1a: Baptism by Fire
|faint|p1a: Baptism by Fire
|-damage|p2a: Ceruledge|68/100|[from] item: Life Orb
|
|upkeep
|inactive|Metallic Symphony has 25 seconds left this turn.
|inactive|Metallic Symphony has 20 seconds left.
|
|t:|1776083822
|switch|p1a: Simple Man|Lokix, F|14/100 psn
|turn|25
|inactive|Metallic Symphony has 30 seconds left this turn.
|c|☆Metallic Symphony|gg
|
|t:|1776083826
|-terastallize|p1a: Simple Man|Bug
|move|p1a: Simple Man|First Impression|p2a: Ceruledge
|-resisted|p2a: Ceruledge
|-damage|p2a: Ceruledge|0 fnt
|faint|p2a: Ceruledge
|
|-damage|p1a: Simple Man|2/100 psn|[from] psn
|-sideend|p1: Metallic Symphony|Reflect
|upkeep
|-message|pressacanadagoose forfeited.
|
|win|Metallic Symphony
|raw|Metallic Symphony's rating: 1662 &rarr; <strong>1683</strong><br />(+21 for winning)
|raw|pressacanadagoose's rating: 1671 &rarr; <strong>1650</strong><br />(-21 for losing)
|l|☆pressacanadagoose
|player|p2|
|l| ohko_smeargle
