|html|<div class="broadcast-blue"><strong>[Gen 9] OU is currently suspecting Tera Blast! For information on how to participate check out the <a href="https://www.smogon.com/tools/suspects/view/200">suspect thread</a>.</strong></div>
|j|☆dractrock43
|j|☆Schmoobis
|t:|1776036228
|gametype|singles
|player|p1|dractrock43|101|1287
|player|p2|Schmoobis|clown|1291
|gen|9
|tier|[Gen 9] OU
|rated|
|rule|HP Percentage Mod: HP is shown in percentages
|rule|Endless Battle Clause: Forcing endless battles is banned
|rule|Species Clause: Limit one of each Pokémon
|rule|OHKO Clause: OHKO moves are banned
|rule|Evasion Items Clause: Evasion items are banned
|rule|Evasion Moves Clause: Evasion moves are banned
|rule|Evasion Abilities Clause: Evasion abilities are banned
|rule|Sleep Moves Clause: Sleep-inducing moves are banned
|clearpoke
|poke|p1|Cinderace, M|
|poke|p1|Dragapult, M|
|poke|p1|Ogerpon-Wellspring, F|
|poke|p1|Iron Valiant|
|poke|p1|Darkrai|
|poke|p1|Gholdengo|
|poke|p2|Ninetales-Alola, M|
|poke|p2|Raging Bolt|
|poke|p2|Iron Valiant|
|poke|p2|Heatran, M|
|poke|p2|Sandslash-Alola, F|
|poke|p2|Corviknight, M|
|teampreview
|inactive|Battle timer is ON: inactive players will automatically lose when time's up. (requested by dractrock43)
|
|t:|1776036243
|teamsize|p1|6
|teamsize|p2|6
|start
|switch|p1a: Dragapult|Dragapult, M|100/100
|switch|p2a: Ninetales|Ninetales-Alola, M|100/100
|-weather|Snowscape|[from] ability: Snow Warning|[of] p2a: Ninetales
|turn|1
|
|t:|1776036251
|move|p1a: Dragapult|U-turn|p2a: Ninetales
|-resisted|p2a: Ninetales
|-damage|p2a: Ninetales|87/100
|-damage|p1a: Dragapult|91/100|[from] item: Life Orb
|
|t:|1776036254
|switch|p1a: Gholdengo|Gholdengo|100/100|[from] U-turn
|move|p2a: Ninetales|Freeze-Dry|p1a: Gholdengo
|-resisted|p1a: Gholdengo
|-damage|p1a: Gholdengo|88/100
|
|-weather|Snowscape|[upkeep]
|upkeep
|turn|2
|
|t:|1776036264
|switch|p2a: Sandslash|Sandslash-Alola, F|100/100
|move|p1a: Gholdengo|Shadow Ball|p2a: Sandslash
|-damage|p2a: Sandslash|27/100
|-unboost|p2a: Sandslash|spd|1
|
|-weather|Snowscape|[upkeep]
|upkeep
|turn|3
|
|t:|1776036274
|switch|p1a: Ogerpon|Ogerpon-Wellspring, F|100/100
|move|p2a: Sandslash|Ice Spinner|p1a: Ogerpon
|-damage|p1a: Ogerpon|50/100
|
|-weather|Snowscape|[upkeep]
|upkeep
|turn|4
|
|t:|1776036281
|move|p2a: Sandslash|Ice Spinner|p1a: Ogerpon
|-damage|p1a: Ogerpon|3/100
|move|p1a: Ogerpon|Ivy Cudgel|p2a: Sandslash|[anim] Ivy Cudgel Water
|-damage|p2a: Sandslash|0 fnt
|faint|p2a: Sandslash
|
|-weather|Snowscape|[upkeep]
|upkeep
|
|t:|1776036290
|switch|p2a: Ninetales|Ninetales-Alola, M|87/100
|turn|5
|
|t:|1776036293
|move|p1a: Ogerpon|Ivy Cudgel|p2a: Ninetales|[anim] Ivy Cudgel Water
|-damage|p2a: Ninetales|36/100
|move|p2a: Ninetales|Aurora Veil|p2a: Ninetales
|-sidestart|p2: Schmoobis|move: Aurora Veil
|
|-weather|none
|upkeep
|turn|6
|
|t:|1776036300
|move|p1a: Ogerpon|Ivy Cudgel|p2a: Ninetales|[anim] Ivy Cudgel Water
|-damage|p2a: Ninetales|0 fnt
|faint|p2a: Ninetales
|
|upkeep
|
|t:|1776036312
|switch|p2a: Raging Bolt|Raging Bolt|100/100
|turn|7
|
|t:|1776036317
|move|p1a: Ogerpon|U-turn|p2a: Raging Bolt
|-damage|p2a: Raging Bolt|89/100
|
|t:|1776036323
|switch|p1a: Dragapult|Dragapult, M|91/100|[from] U-turn
|move|p2a: Raging Bolt|Volt Switch|p1a: Dragapult
|-resisted|p1a: Dragapult
|-damage|p1a: Dragapult|62/100
|
|t:|1776036329
|-end|p2a: Raging Bolt|Protosynthesis|[silent]
|switch|p2a: Iron Valiant|Iron Valiant|100/100|[from] Volt Switch
|-enditem|p2a: Iron Valiant|Booster Energy
|-activate|p2a: Iron Valiant|ability: Quark Drive|[fromitem]
|-start|p2a: Iron Valiant|quarkdrivespe
|
|upkeep
|turn|8
|
|t:|1776036336
|switch|p1a: Ogerpon|Ogerpon-Wellspring, F|3/100
|move|p2a: Iron Valiant|Moonblast|p1a: Ogerpon
|-damage|p1a: Ogerpon|0 fnt
|faint|p1a: Ogerpon
|
|upkeep
|
|t:|1776036349
|switch|p1a: Iron Valiant|Iron Valiant|100/100
|-enditem|p1a: Iron Valiant|Booster Energy
|-activate|p1a: Iron Valiant|ability: Quark Drive|[fromitem]
|-start|p1a: Iron Valiant|quarkdrivespe
|turn|9
|
|t:|1776036354
|move|p2a: Iron Valiant|Moonblast|p1a: Iron Valiant
|-supereffective|p1a: Iron Valiant
|-damage|p1a: Iron Valiant|0 fnt
|faint|p1a: Iron Valiant
|-end|p1a: Iron Valiant|Quark Drive|[silent]
|
|upkeep
|
|t:|1776036360
|switch|p1a: Gholdengo|Gholdengo|88/100
|turn|10
|
|t:|1776036367
|-end|p2a: Iron Valiant|Quark Drive|[silent]
|switch|p2a: Heatran|Heatran, M|100/100
|-terastallize|p1a: Gholdengo|Steel
|move|p1a: Gholdengo|Make It Rain|p2a: Heatran
|-resisted|p2a: Heatran
|-damage|p2a: Heatran|94/100
|-unboost|p1a: Gholdengo|spa|1
|
|-heal|p2a: Heatran|100/100|[from] item: Leftovers
|upkeep
|turn|11
|
|t:|1776036380
|switch|p1a: Darkrai|Darkrai|100/100
|move|p2a: Heatran|Stealth Rock|p1a: Darkrai
|-sidestart|p1: dractrock43|move: Stealth Rock
|
|upkeep
|turn|12
|
|t:|1776036388
|switch|p2a: Raging Bolt|Raging Bolt|89/100
|move|p1a: Darkrai|Nasty Plot|p1a: Darkrai
|-boost|p1a: Darkrai|spa|2
|
|-sideend|p2: Schmoobis|move: Aurora Veil
|upkeep
|turn|13
|
|t:|1776036398
|move|p1a: Darkrai|Ice Beam|p2a: Raging Bolt
|-supereffective|p2a: Raging Bolt
|-damage|p2a: Raging Bolt|12/100
|move|p2a: Raging Bolt|Draco Meteor|p1a: Darkrai
|-enditem|p1a: Darkrai|Focus Sash
|-damage|p1a: Darkrai|1/100
|-unboost|p2a: Raging Bolt|spa|2
|
|upkeep
|turn|14
|
|t:|1776036407
|move|p2a: Raging Bolt|Thunderclap|p1a: Darkrai
|-damage|p1a: Darkrai|0 fnt
|faint|p1a: Darkrai
|
|upkeep
|
|t:|1776036411
|switch|p1a: Cinderace|Cinderace, M|100/100
|-damage|p1a: Cinderace|76/100|[from] Stealth Rock
|turn|15
|
|t:|1776036417
|-end|p2a: Raging Bolt|Protosynthesis|[silent]
|switch|p2a: Heatran|Heatran, M|100/100
|move|p1a: Cinderace|Sucker Punch||[still]
|-fail|p1a: Cinderace
|
|upkeep
|turn|16
|
|t:|1776036423
|switch|p1a: Dragapult|Dragapult, M|62/100
|-damage|p1a: Dragapult|50/100|[from] Stealth Rock
|move|p2a: Heatran|Earth Power|p1a: Dragapult
|-damage|p1a: Dragapult|12/100
|
|upkeep
|turn|17
|
|t:|1776036432
|move|p1a: Dragapult|Phantom Force||[still]
|-prepare|p1a: Dragapult|Phantom Force
|move|p2a: Heatran|Earth Power|p1a: Dragapult|[miss]
|-miss|p2a: Heatran|p1a: Dragapult
|
|upkeep
|turn|18
|
|t:|1776036438
|switch|p2a: Corviknight|Corviknight, M|100/100
|move|p1a: Dragapult|Phantom Force|p2a: Corviknight|[from] lockedmove
|-damage|p2a: Corviknight|57/100
|-damage|p1a: Dragapult|0 fnt|[from] item: Rocky Helmet|[of] p2a: Corviknight
|faint|p1a: Dragapult
|
|upkeep
|
|t:|1776036448
|switch|p1a: Cinderace|Cinderace, M|76/100
|-damage|p1a: Cinderace|51/100|[from] Stealth Rock
|turn|19
|
|t:|1776036455
|move|p1a: Cinderace|High Jump Kick|p2a: Corviknight
|-start|p1a: Cinderace|typechange|Fighting|[from] ability: Libero
|-damage|p2a: Corviknight|0 fnt
|-damage|p1a: Cinderace|34/100|[from] item: Rocky Helmet|[of] p2a: Corviknight
|faint|p2a: Corviknight
|
|upkeep
|
|t:|1776036466
|switch|p2a: Iron Valiant|Iron Valiant|100/100
|turn|20
|
|t:|1776036469
|switch|p1a: Gholdengo|Gholdengo, tera:Steel|88/100
|-damage|p1a: Gholdengo|82/100|[from] Stealth Rock
|move|p2a: Iron Valiant|Moonblast|p1a: Gholdengo
|-resisted|p1a: Gholdengo
|-damage|p1a: Gholdengo|53/100
|
|upkeep
|turn|21
|
|t:|1776036481
|-end|p2a: Iron Valiant|Quark Drive|[silent]
|switch|p2a: Heatran|Heatran, M|100/100
|move|p1a: Gholdengo|Make It Rain|p2a: Heatran
|-resisted|p2a: Heatran
|-damage|p2a: Heatran|87/100
|-unboost|p1a: Gholdengo|spa|1
|
|-heal|p2a: Heatran|93/100|[from] item: Leftovers
|upkeep
|turn|22
|-message|dractrock43 forfeited.
|
|win|Schmoobis
|raw|dractrock43's rating: 1287 &rarr; <strong>1262</strong><br />(-25 for losing)
|raw|Schmoobis's rating: 1291 &rarr; <strong>1316</strong><br />(+25 for winning)
|l|☆dractrock43
|player|p1|
|l|☆Schmoobis
|player|p2|
