|html|<div class="broadcast-blue"><strong>[Gen 9] OU is currently suspecting Tera Blast! For information on how to participate check out the <a href="https://www.smogon.com/tools/suspects/view/200">suspect thread</a>.</strong></div>
|j|☆mathismathin
|j|☆diggory delvet
|t:|1776124445
|gametype|singles
|player|p1|mathismathin|bugsy-masters|1620
|player|p2|diggory delvet|1|1636
|gen|9
|tier|[Gen 9] OU
|rated|
|rule|HP Percentage Mod: HP is shown in percentages
|rule|Endless Battle Clause: Forcing endless battles is banned
|rule|Species Clause: Limit one of each Pokémon
|rule|OHKO Clause: OHKO moves are banned
|rule|Evasion Items Clause: Evasion items are banned
|rule|Evasion Moves Clause: Evasion moves are banned
|rule|Evasion Abilities Clause: Evasion abilities are banned
|rule|Sleep Moves Clause: Sleep-inducing moves are banned
|clearpoke
|poke|p1|Ribombee, F|
|poke|p1|Zarude-Dada|
|poke|p1|Lycanroc-Dusk, M|
|poke|p1|Gholdengo|
|poke|p1|Blaziken, F|
|poke|p1|Glimmora, F|
|poke|p2|Armarouge, M|
|poke|p2|Dragonite, M|
|poke|p2|Cinderace, M|
|poke|p2|Ceruledge, F|
|poke|p2|Kyurem|
|poke|p2|Quaquaval, F|
|teampreview
|
|t:|1776124453
|teamsize|p1|6
|teamsize|p2|6
|start
|switch|p1a: Glimmora|Glimmora, F|100/100
|switch|p2a: Quaquaval|Quaquaval, F|100/100
|turn|1
|
|t:|1776124459
|move|p1a: Glimmora|Sludge Wave|p2a: Quaquaval
|-damage|p2a: Quaquaval|29/100
|move|p2a: Quaquaval|Aqua Step|p1a: Glimmora
|-supereffective|p1a: Glimmora
|-damage|p1a: Glimmora|0 fnt
|-boost|p2a: Quaquaval|spe|1
|-activate|p1a: Glimmora|ability: Toxic Debris
|-sidestart|p2: diggory delvet|move: Toxic Spikes
|faint|p1a: Glimmora
|-ability|p2a: Quaquaval|Moxie|boost
|-boost|p2a: Quaquaval|atk|1
|-damage|p2a: Quaquaval|19/100|[from] item: Life Orb
|
|upkeep
|
|t:|1776124462
|switch|p1a: Lycanroc|Lycanroc-Dusk, M|100/100
|turn|2
|
|t:|1776124465
|move|p1a: Lycanroc|Sucker Punch|p2a: Quaquaval
|-resisted|p2a: Quaquaval
|-damage|p2a: Quaquaval|0 fnt
|faint|p2a: Quaquaval
|-damage|p1a: Lycanroc|91/100|[from] item: Life Orb
|
|upkeep
|
|t:|1776124473
|switch|p2a: Dragonite|Dragonite, M|100/100
|turn|3
|
|t:|1776124507
|switch|p1a: Ribombee|Ribombee, F|100/100
|move|p2a: Dragonite|Earthquake|p1a: Ribombee
|-resisted|p1a: Ribombee
|-damage|p1a: Ribombee|60/100
|
|upkeep
|turn|4
|
|t:|1776124514
|switch|p1a: Blaziken|Blaziken, F|100/100
|move|p2a: Dragonite|Extreme Speed|p1a: Blaziken
|-damage|p1a: Blaziken|54/100
|
|upkeep
|turn|5
|
|t:|1776124518
|switch|p1a: Gholdengo|Gholdengo|100/100
|-item|p1a: Gholdengo|Air Balloon
|move|p2a: Dragonite|Earthquake|p1a: Gholdengo
|-immune|p1a: Gholdengo
|
|upkeep
|turn|6
|
|t:|1776124521
|move|p1a: Gholdengo|Dazzling Gleam|p2a: Dragonite
|-supereffective|p2a: Dragonite
|-damage|p2a: Dragonite|68/100
|-enditem|p2a: Dragonite|Weakness Policy
|-boost|p2a: Dragonite|atk|2|[from] item: Weakness Policy
|-boost|p2a: Dragonite|spa|2|[from] item: Weakness Policy
|move|p2a: Dragonite|Ice Spinner|p1a: Gholdengo
|-resisted|p1a: Gholdengo
|-damage|p1a: Gholdengo|64/100
|-enditem|p1a: Gholdengo|Air Balloon
|
|upkeep
|turn|7
|
|t:|1776124527
|move|p1a: Gholdengo|Dazzling Gleam|p2a: Dragonite
|-supereffective|p2a: Dragonite
|-damage|p2a: Dragonite|0 fnt
|faint|p2a: Dragonite
|
|upkeep
|
|t:|1776124532
|switch|p2a: Cinderace|Cinderace, M|100/100
|turn|8
|
|t:|1776124553
|move|p2a: Cinderace|Pyro Ball|p1a: Gholdengo|[miss]
|-miss|p2a: Cinderace|p1a: Gholdengo
|move|p1a: Gholdengo|Shadow Ball|p2a: Cinderace
|-damage|p2a: Cinderace|38/100
|
|upkeep
|turn|9
|
|t:|1776124563
|move|p2a: Cinderace|Court Change|p2a: Cinderace
|-start|p2a: Cinderace|typechange|Normal|[from] ability: Libero
|-swapsideconditions
|-activate|p2a: Cinderace|move: Court Change
|move|p1a: Gholdengo|Shadow Ball|p2a: Cinderace
|-immune|p2a: Cinderace
|
|upkeep
|turn|10
|inactive|Battle timer is ON: inactive players will automatically lose when time's up. (requested by diggory delvet)
|
|t:|1776124600
|move|p2a: Cinderace|Pyro Ball|p1a: Gholdengo
|-supereffective|p1a: Gholdengo
|-crit|p1a: Gholdengo
|-damage|p1a: Gholdengo|0 fnt
|faint|p1a: Gholdengo
|
|upkeep
|
|t:|1776124609
|switch|p1a: Blaziken|Blaziken, F|54/100
|-status|p1a: Blaziken|psn
|turn|11
|
|t:|1776124612
|move|p2a: Cinderace|High Jump Kick|p1a: Blaziken
|-damage|p1a: Blaziken|0 fnt
|faint|p1a: Blaziken
|
|upkeep
|
|t:|1776124615
|switch|p1a: Ribombee|Ribombee, F|60/100
|-status|p1a: Ribombee|psn
|turn|12
|
|t:|1776124623
|move|p1a: Ribombee|Sticky Web|p2a: Cinderace
|-sidestart|p2: diggory delvet|move: Sticky Web
|move|p2a: Cinderace|Pyro Ball|p1a: Ribombee
|-supereffective|p1a: Ribombee
|-damage|p1a: Ribombee|0 fnt
|faint|p1a: Ribombee
|
|upkeep
|
|t:|1776124632
|switch|p1a: Lycanroc|Lycanroc-Dusk, M|91/100
|-status|p1a: Lycanroc|psn
|turn|13
|
|t:|1776124635
|move|p1a: Lycanroc|Accelerock|p2a: Cinderace
|-damage|p2a: Cinderace|0 fnt
|faint|p2a: Cinderace
|-damage|p1a: Lycanroc|81/100 psn|[from] item: Life Orb
|
|-damage|p1a: Lycanroc|68/100 psn|[from] psn
|upkeep
|
|t:|1776124638
|switch|p2a: Ceruledge|Ceruledge, F|100/100
|-activate|p2a: Ceruledge|move: Sticky Web
|-unboost|p2a: Ceruledge|spe|1
|turn|14
|
|t:|1776124656
|move|p1a: Lycanroc|Accelerock|p2a: Ceruledge
|-supereffective|p2a: Ceruledge
|-enditem|p2a: Ceruledge|Focus Sash
|-damage|p2a: Ceruledge|1/100
|-ability|p2a: Ceruledge|Weak Armor|boost
|-unboost|p2a: Ceruledge|def|1
|-boost|p2a: Ceruledge|spe|2
|-damage|p1a: Lycanroc|58/100 psn|[from] item: Life Orb
|move|p2a: Ceruledge|Close Combat|p1a: Lycanroc
|-supereffective|p1a: Lycanroc
|-damage|p1a: Lycanroc|0 fnt
|-unboost|p2a: Ceruledge|def|1
|-unboost|p2a: Ceruledge|spd|1
|faint|p1a: Lycanroc
|
|upkeep
|
|t:|1776124658
|switch|p1a: Zarude|Zarude-Dada|100/100
|-status|p1a: Zarude|psn
|turn|15
|
|t:|1776124663
|-terastallize|p1a: Zarude|Fire
|move|p2a: Ceruledge|Bitter Blade|p1a: Zarude
|-resisted|p1a: Zarude
|-damage|p1a: Zarude|79/100 psn
|-heal|p2a: Ceruledge|14/100|[from] drain|[of] p1a: Zarude
|move|p1a: Zarude|Knock Off|p2a: Ceruledge
|-supereffective|p2a: Ceruledge
|-damage|p2a: Ceruledge|0 fnt
|faint|p2a: Ceruledge
|-damage|p1a: Zarude|69/100 psn|[from] item: Life Orb
|
|-damage|p1a: Zarude|57/100 psn|[from] psn
|upkeep
|
|t:|1776124667
|switch|p2a: Kyurem|Kyurem|100/100
|-activate|p2a: Kyurem|move: Sticky Web
|-unboost|p2a: Kyurem|spe|1
|-ability|p2a: Kyurem|Pressure
|turn|16
|
|t:|1776124670
|move|p1a: Zarude|Close Combat|p2a: Kyurem
|-supereffective|p2a: Kyurem
|-damage|p2a: Kyurem|2/100
|-unboost|p1a: Zarude|def|1
|-unboost|p1a: Zarude|spd|1
|-damage|p1a: Zarude|47/100 psn|[from] item: Life Orb
|move|p2a: Kyurem|Scale Shot|p1a: Zarude
|-damage|p1a: Zarude|25/100 psn
|-damage|p1a: Zarude|6/100 psn
|-damage|p1a: Zarude|0 fnt
|faint|p1a: Zarude
|-hitcount|p1: Zarude|3
|
|win|diggory delvet
|raw|mathismathin's rating: 1595 &rarr; <strong>1577</strong><br />(-18 for losing)
|raw|diggory delvet's rating: 1636 &rarr; <strong>1654</strong><br />(+18 for winning)
