|html|<div class="broadcast-blue"><strong>[Gen 9] OU is currently suspecting Tera Blast! For information on how to participate check out the <a href="https://www.smogon.com/tools/suspects/view/200">suspect thread</a>.</strong></div>
|j|☆kkkuroi
|j|☆Dr.wihl
|t:|1776196181
|gametype|singles
|player|p1|kkkuroi|marlon|1040
|player|p2|Dr.wihl|101|1068
|gen|9
|tier|[Gen 9] OU
|rated|
|rule|HP Percentage Mod: HP is shown in percentages
|rule|Endless Battle Clause: Forcing endless battles is banned
|rule|Species Clause: Limit one of each Pokémon
|rule|OHKO Clause: OHKO moves are banned
|rule|Evasion Items Clause: Evasion items are banned
|rule|Evasion Moves Clause: Evasion moves are banned
|rule|Evasion Abilities Clause: Evasion abilities are banned
|rule|Sleep Moves Clause: Sleep-inducing moves are banned
|clearpoke
|poke|p1|Gliscor, M|
|poke|p1|Heatran, F|
|poke|p1|Sinistcha|
|poke|p1|Corviknight, M|
|poke|p1|Tentacruel, F|
|poke|p1|Darkrai|
|poke|p2|Great Tusk|
|poke|p2|Iron Moth|
|poke|p2|Iron Valiant|
|poke|p2|Iron Crown|
|poke|p2|Walking Wake|
|poke|p2|Slither Wing|
|teampreview
|j| cardfiber
|c|☆Dr.wihl|the past and future are here and now
|inactive|Battle timer is ON: inactive players will automatically lose when time's up. (requested by Dr.wihl)
|
|t:|1776196205
|teamsize|p1|6
|teamsize|p2|6
|start
|switch|p1a: Gliskibidy|Gliscor, M|100/100
|switch|p2a: Great Tusk|Great Tusk, shiny|100/100
|turn|1
|
|t:|1776196216
|move|p1a: Gliskibidy|Protect|p1a: Gliskibidy
|-singleturn|p1a: Gliskibidy|Protect
|move|p2a: Great Tusk|Stealth Rock|p1a: Gliskibidy
|-sidestart|p1: kkkuroi|move: Stealth Rock
|
|-status|p1a: Gliskibidy|tox|[from] item: Toxic Orb
|upkeep
|turn|2
|
|t:|1776196230
|-end|p2a: Great Tusk|Protosynthesis|[silent]
|switch|p2a: Walking Wake|Walking Wake|100/100
|move|p1a: Gliskibidy|Spikes|p2a: Walking Wake
|-sidestart|p2: Dr.wihl|Spikes
|
|upkeep
|turn|3
|
|t:|1776196246
|switch|p1a: TenACruel|Tentacruel, F, shiny|100/100
|move|p2a: Walking Wake|Hydro Steam|p1a: TenACruel
|-resisted|p1a: TenACruel
|-damage|p1a: TenACruel|73/100
|
|upkeep
|turn|4
|
|t:|1776196256
|move|p2a: Walking Wake|Hydro Steam|p1a: TenACruel
|-resisted|p1a: TenACruel
|-damage|p1a: TenACruel|42/100
|move|p1a: TenACruel|Rapid Spin|p2a: Walking Wake
|-damage|p2a: Walking Wake|92/100
|-boost|p1a: TenACruel|spe|1
|-sideend|p1: kkkuroi|Stealth Rock|[from] move: Rapid Spin|[of] p1a: TenACruel
|
|upkeep
|turn|5
|
|t:|1776196268
|move|p1a: TenACruel|Sludge Bomb|p2a: Walking Wake
|-damage|p2a: Walking Wake|53/100
|move|p2a: Walking Wake|Hydro Steam|p1a: TenACruel
|-resisted|p1a: TenACruel
|-damage|p1a: TenACruel|14/100
|
|upkeep
|turn|6
|
|t:|1776196284
|switch|p1a: SinChingar|Sinistcha|100/100
|move|p2a: Walking Wake|Hydro Steam|p1a: SinChingar
|-resisted|p1a: SinChingar
|-crit|p1a: SinChingar
|-damage|p1a: SinChingar|50/100
|
|upkeep
|turn|7
|
|t:|1776196296
|move|p2a: Walking Wake|Hydro Steam|p1a: SinChingar
|-resisted|p1a: SinChingar
|-damage|p1a: SinChingar|16/100
|move|p1a: SinChingar|Matcha Gotcha|p2a: Walking Wake
|-damage|p2a: Walking Wake|17/100
|-heal|p1a: SinChingar|34/100|[from] drain|[of] p2a: Walking Wake
|
|upkeep
|turn|8
|
|t:|1776196308
|move|p2a: Walking Wake|Hydro Steam|p1a: SinChingar
|-resisted|p1a: SinChingar
|-damage|p1a: SinChingar|0 fnt
|faint|p1a: SinChingar
|
|upkeep
|inactive|kkkuroi has 120 seconds left.
|
|t:|1776196334
|switch|p1a: KornViknight|Corviknight, M|100/100
|-ability|p1a: KornViknight|Pressure
|turn|9
|inactive|kkkuroi has 120 seconds left.
|
|t:|1776196345
|move|p2a: Walking Wake|Hydro Steam|p1a: KornViknight
|-damage|p1a: KornViknight|41/100
|move|p1a: KornViknight|U-turn|p2a: Walking Wake
|-damage|p2a: Walking Wake|0 fnt
|faint|p2a: Walking Wake
|-end|p2a: Walking Wake|Protosynthesis|[silent]
|
|t:|1776196354
|switch|p1a: Gliskibidy|Gliscor, M|100/100 tox|[from] U-turn
|
|upkeep
|l| cardfiber
|
|t:|1776196374
|switch|p2a: Great Tusk|Great Tusk, shiny|100/100
|-damage|p2a: Great Tusk|88/100|[from] Spikes
|turn|10
|
|t:|1776196380
|move|p2a: Great Tusk|Rapid Spin|p1a: Gliskibidy
|-damage|p1a: Gliskibidy|86/100 tox
|-boost|p2a: Great Tusk|spe|1
|-sideend|p2: Dr.wihl|Spikes|[from] move: Rapid Spin|[of] p2a: Great Tusk
|move|p1a: Gliskibidy|Spikes|p2a: Great Tusk
|-sidestart|p2: Dr.wihl|Spikes
|
|-heal|p2a: Great Tusk|94/100|[from] item: Leftovers
|-heal|p1a: Gliskibidy|99/100 tox|[from] ability: Poison Heal
|upkeep
|turn|11
|
|t:|1776196392
|move|p2a: Great Tusk|Stealth Rock|p1a: Gliskibidy
|-sidestart|p1: kkkuroi|move: Stealth Rock
|move|p1a: Gliskibidy|Spikes|p2a: Great Tusk
|-sidestart|p2: Dr.wihl|Spikes
|
|-heal|p2a: Great Tusk|100/100|[from] item: Leftovers
|-heal|p1a: Gliskibidy|100/100 tox|[from] ability: Poison Heal
|upkeep
|turn|12
|
|t:|1776196404
|move|p2a: Great Tusk|Rapid Spin|p1a: Gliskibidy
|-damage|p1a: Gliskibidy|85/100 tox
|-boost|p2a: Great Tusk|spe|1
|-sideend|p2: Dr.wihl|Spikes|[from] move: Rapid Spin|[of] p2a: Great Tusk
|move|p1a: Gliskibidy|Knock Off|p2a: Great Tusk
|-resisted|p2a: Great Tusk
|-damage|p2a: Great Tusk|92/100
|-enditem|p2a: Great Tusk|Leftovers|[from] move: Knock Off|[of] p1a: Gliskibidy
|
|-heal|p1a: Gliskibidy|98/100 tox|[from] ability: Poison Heal
|upkeep
|turn|13
|
|t:|1776196424
|-end|p2a: Great Tusk|Protosynthesis|[silent]
|switch|p2a: Iron Moth|Iron Moth, shiny|100/100
|-enditem|p2a: Iron Moth|Booster Energy
|-activate|p2a: Iron Moth|ability: Quark Drive|[fromitem]
|-start|p2a: Iron Moth|quarkdrivespe
|move|p1a: Gliskibidy|Earthquake|p2a: Iron Moth
|-supereffective|p2a: Iron Moth
|-damage|p2a: Iron Moth|0 fnt
|faint|p2a: Iron Moth
|-end|p2a: Iron Moth|Quark Drive|[silent]
|
|-heal|p1a: Gliskibidy|100/100 tox|[from] ability: Poison Heal
|upkeep
|
|t:|1776196443
|switch|p2a: Iron Valiant|Iron Valiant|100/100
|-enditem|p2a: Iron Valiant|Booster Energy
|-activate|p2a: Iron Valiant|ability: Quark Drive|[fromitem]
|-start|p2a: Iron Valiant|quarkdrivespe
|turn|14
|inactive|Dr.wihl has 120 seconds left.
|
|t:|1776196459
|-terastallize|p2a: Iron Valiant|Ghost
|move|p1a: Gliskibidy|Protect|p1a: Gliskibidy
|-singleturn|p1a: Gliskibidy|Protect
|move|p2a: Iron Valiant|Swords Dance|p2a: Iron Valiant
|-boost|p2a: Iron Valiant|atk|2
|
|upkeep
|turn|15
|
|t:|1776196473
|move|p2a: Iron Valiant|Spirit Break|p1a: Gliskibidy
|-damage|p1a: Gliskibidy|43/100 tox
|-unboost|p1a: Gliskibidy|spa|1
|move|p1a: Gliskibidy|Knock Off|p2a: Iron Valiant
|-supereffective|p2a: Iron Valiant
|-damage|p2a: Iron Valiant|63/100
|
|-heal|p1a: Gliskibidy|55/100 tox|[from] ability: Poison Heal
|upkeep
|turn|16
|
|t:|1776196484
|move|p1a: Gliskibidy|Protect|p1a: Gliskibidy
|-singleturn|p1a: Gliskibidy|Protect
|move|p2a: Iron Valiant|Spirit Break|p1a: Gliskibidy
|-activate|p1a: Gliskibidy|move: Protect
|
|-heal|p1a: Gliskibidy|68/100 tox|[from] ability: Poison Heal
|upkeep
|turn|17
|
|t:|1776196494
|move|p2a: Iron Valiant|Swords Dance|p2a: Iron Valiant
|-boost|p2a: Iron Valiant|atk|2
|move|p1a: Gliskibidy|Knock Off|p2a: Iron Valiant
|-supereffective|p2a: Iron Valiant
|-damage|p2a: Iron Valiant|25/100
|
|-heal|p1a: Gliskibidy|80/100 tox|[from] ability: Poison Heal
|upkeep
|turn|18
|
|t:|1776196505
|move|p1a: Gliskibidy|Protect|p1a: Gliskibidy
|-singleturn|p1a: Gliskibidy|Protect
|move|p2a: Iron Valiant|Spirit Break|p1a: Gliskibidy
|-activate|p1a: Gliskibidy|move: Protect
|
|-heal|p1a: Gliskibidy|93/100 tox|[from] ability: Poison Heal
|upkeep
|turn|19
|
|t:|1776196515
|move|p2a: Iron Valiant|Spirit Break|p1a: Gliskibidy
|-damage|p1a: Gliskibidy|6/100 tox
|-unboost|p1a: Gliskibidy|spa|1
|move|p1a: Gliskibidy|Knock Off|p2a: Iron Valiant
|-supereffective|p2a: Iron Valiant
|-damage|p2a: Iron Valiant|0 fnt
|faint|p2a: Iron Valiant
|-end|p2a: Iron Valiant|Quark Drive|[silent]
|
|-heal|p1a: Gliskibidy|19/100 tox|[from] ability: Poison Heal
|upkeep
|
|t:|1776196532
|switch|p2a: Iron Crown|Iron Crown|100/100
|-enditem|p2a: Iron Crown|Booster Energy
|-activate|p2a: Iron Crown|ability: Quark Drive|[fromitem]
|-start|p2a: Iron Crown|quarkdrivespe
|turn|20
|
|t:|1776196543
|move|p1a: Gliskibidy|Protect|p1a: Gliskibidy
|-singleturn|p1a: Gliskibidy|Protect
|move|p2a: Iron Crown|Calm Mind|p2a: Iron Crown
|-boost|p2a: Iron Crown|spa|1
|-boost|p2a: Iron Crown|spd|1
|
|-heal|p1a: Gliskibidy|31/100 tox|[from] ability: Poison Heal
|upkeep
|turn|21
|
|t:|1776196554
|move|p2a: Iron Crown|Tachyon Cutter|p1a: Gliskibidy
|-damage|p1a: Gliskibidy|0 fnt
|faint|p1a: Gliskibidy
|-hitcount|p1: Gliskibidy|1
|
|upkeep
|
|t:|1776196562
|switch|p1a: Hotran|Heatran, F|100/100
|-damage|p1a: Hotran|88/100|[from] Stealth Rock
|turn|22
|
|t:|1776196579
|move|p2a: Iron Crown|Calm Mind|p2a: Iron Crown
|-boost|p2a: Iron Crown|spa|1
|-boost|p2a: Iron Crown|spd|1
|move|p1a: Hotran|Earth Power|p2a: Iron Crown
|-supereffective|p2a: Iron Crown
|-damage|p2a: Iron Crown|75/100
|
|-heal|p1a: Hotran|94/100|[from] item: Leftovers
|upkeep
|turn|23
|
|t:|1776196596
|move|p2a: Iron Crown|Tachyon Cutter|p1a: Hotran
|-resisted|p1a: Hotran
|-damage|p1a: Hotran|87/100
|-resisted|p1a: Hotran
|-damage|p1a: Hotran|80/100
|-hitcount|p1a: Hotran|2
|move|p1a: Hotran|Magma Storm|p2a: Iron Crown
|-supereffective|p2a: Iron Crown
|-damage|p2a: Iron Crown|36/100
|-activate|p2a: Iron Crown|move: Magma Storm|[of] p1a: Hotran
|
|-heal|p1a: Hotran|86/100|[from] item: Leftovers
|-damage|p2a: Iron Crown|23/100|[from] move: Magma Storm|[partiallytrapped]
|upkeep
|turn|24
|
|t:|1776196609
|move|p2a: Iron Crown|Stored Power|p1a: Hotran
|-resisted|p1a: Hotran
|-damage|p1a: Hotran|57/100
|move|p1a: Hotran|Magma Storm|p2a: Iron Crown
|-supereffective|p2a: Iron Crown
|-damage|p2a: Iron Crown|0 fnt
|faint|p2a: Iron Crown
|-end|p2a: Iron Crown|Quark Drive|[silent]
|
|-heal|p1a: Hotran|63/100|[from] item: Leftovers
|upkeep
|-message|Dr.wihl forfeited.
|
|win|kkkuroi
|raw|kkkuroi's rating: 1040 &rarr; <strong>1077</strong><br />(+37 for winning)
|raw|Dr.wihl's rating: 1068 &rarr; <strong>1046</strong><br />(-22 for losing)
|l|☆Dr.wihl
|player|p2|
|c|☆kkkuroi|ggs(?
