|html|<div class="broadcast-blue"><strong>[Gen 9] OU is currently suspecting Tera Blast! For information on how to participate check out the <a href="https://www.smogon.com/tools/suspects/view/200">suspect thread</a>.</strong></div>
|j|☆Winterchillz
|j|☆Blastoise_Choice
|t:|1776058077
|gametype|singles
|player|p1|Winterchillz|wallace|1574
|player|p2|Blastoise_Choice|benga|1572
|gen|9
|tier|[Gen 9] OU
|rated|
|rule|HP Percentage Mod: HP is shown in percentages
|rule|Endless Battle Clause: Forcing endless battles is banned
|rule|Species Clause: Limit one of each Pokémon
|rule|OHKO Clause: OHKO moves are banned
|rule|Evasion Items Clause: Evasion items are banned
|rule|Evasion Moves Clause: Evasion moves are banned
|rule|Evasion Abilities Clause: Evasion abilities are banned
|rule|Sleep Moves Clause: Sleep-inducing moves are banned
|clearpoke
|poke|p1|Pecharunt|
|poke|p1|Great Tusk|
|poke|p1|Kyurem|
|poke|p1|Primarina, F|
|poke|p1|Dragonite, M|
|poke|p1|Cinderace, M|
|poke|p2|Hydrapple, M|
|poke|p2|Tyranitar, F|
|poke|p2|Moltres|
|poke|p2|Zamazenta-*|
|poke|p2|Slowking-Galar, F|
|poke|p2|Excadrill, F|
|teampreview
|c|☆Blastoise_Choice|hf
|inactive|Battle timer is ON: inactive players will automatically lose when time's up. (requested by Blastoise_Choice)
|j| E2508
|
|t:|1776058097
|teamsize|p1|6
|teamsize|p2|6
|start
|switch|p1a: Primarina|Primarina, F|100/100
|switch|p2a: Slowking|Slowking-Galar, F|100/100
|turn|1
|
|t:|1776058109
|move|p1a: Primarina|Surf|p2a: Slowking
|-damage|p2a: Slowking|75/100
|move|p2a: Slowking|Psyshock|p1a: Primarina
|-damage|p1a: Primarina|63/100
|
|upkeep
|turn|2
|
|t:|1776058118
|move|p1a: Primarina|Flip Turn|p2a: Slowking
|-damage|p2a: Slowking|63/100
|
|t:|1776058120
|switch|p1a: Great Tusk|Great Tusk|100/100|[from] Flip Turn
|move|p2a: Slowking|Psyshock|p1a: Great Tusk
|-supereffective|p1a: Great Tusk
|-damage|p1a: Great Tusk|52/100
|
|upkeep
|turn|3
|
|t:|1776058127
|move|p1a: Great Tusk|Stealth Rock|p2a: Slowking
|-sidestart|p2: Blastoise_Choice|move: Stealth Rock
|move|p2a: Slowking|Ice Beam|p1a: Great Tusk
|-supereffective|p1a: Great Tusk
|-damage|p1a: Great Tusk|0 fnt
|faint|p1a: Great Tusk
|-end|p1a: Great Tusk|Protosynthesis|[silent]
|
|upkeep
|
|t:|1776058140
|switch|p1a: Cinderace|Cinderace, M|100/100
|turn|4
|
|t:|1776058146
|move|p1a: Cinderace|Pyro Ball|p2a: Slowking
|-damage|p2a: Slowking|27/100
|move|p2a: Slowking|Psyshock|p1a: Cinderace
|-damage|p1a: Cinderace|65/100
|
|upkeep
|turn|5
|
|t:|1776058155
|move|p1a: Cinderace|Pyro Ball|p2a: Slowking
|-damage|p2a: Slowking|0 fnt
|faint|p2a: Slowking
|
|upkeep
|
|t:|1776058161
|switch|p2a: Moltres|Moltres|100/100
|turn|6
|
|t:|1776058168
|move|p1a: Cinderace|Will-O-Wisp|p2a: Moltres
|-immune|p2a: Moltres
|move|p2a: Moltres|U-turn|p1a: Cinderace
|-resisted|p1a: Cinderace
|-damage|p1a: Cinderace|57/100
|c|☆Winterchillz|misclick
|
|t:|1776058174
|switch|p2a: Zamazenta|Zamazenta|100/100|[from] U-turn
|-damage|p2a: Zamazenta|94/100|[from] Stealth Rock
|-ability|p2a: Zamazenta|Dauntless Shield|boost
|-boost|p2a: Zamazenta|def|1
|
|-heal|p2a: Zamazenta|100/100|[from] item: Leftovers
|upkeep
|turn|7
|
|t:|1776058181
|switch|p1a: Pecharunt|Pecharunt|100/100
|move|p2a: Zamazenta|Crunch|p1a: Pecharunt
|-supereffective|p1a: Pecharunt
|-damage|p1a: Pecharunt|75/100
|
|upkeep
|turn|8
|
|t:|1776058188
|move|p2a: Zamazenta|Iron Defense|p2a: Zamazenta
|-boost|p2a: Zamazenta|def|2
|move|p1a: Pecharunt|Shadow Ball|p2a: Zamazenta
|-damage|p2a: Zamazenta|78/100
|
|-heal|p2a: Zamazenta|84/100|[from] item: Leftovers
|upkeep
|turn|9
|
|t:|1776058194
|move|p1a: Pecharunt|Malignant Chain|p2a: Zamazenta
|-damage|p2a: Zamazenta|56/100
|move|p2a: Zamazenta|Roar|p1a: Pecharunt
|drag|p1a: Primarina|Primarina, F|63/100
|
|-heal|p2a: Zamazenta|62/100|[from] item: Leftovers
|upkeep
|turn|10
|
|t:|1776058201
|switch|p1a: Pecharunt|Pecharunt|75/100
|move|p2a: Zamazenta|Body Press|p1a: Pecharunt
|-immune|p1a: Pecharunt
|
|-heal|p2a: Zamazenta|68/100|[from] item: Leftovers
|upkeep
|turn|11
|
|t:|1776058207
|move|p2a: Zamazenta|Crunch|p1a: Pecharunt
|-supereffective|p1a: Pecharunt
|-damage|p1a: Pecharunt|50/100
|move|p1a: Pecharunt|Malignant Chain|p2a: Zamazenta
|-damage|p2a: Zamazenta|40/100
|
|-heal|p2a: Zamazenta|46/100|[from] item: Leftovers
|upkeep
|turn|12
|
|t:|1776058214
|move|p1a: Pecharunt|Recover|p1a: Pecharunt
|-heal|p1a: Pecharunt|99/100
|move|p2a: Zamazenta|Roar|p1a: Pecharunt
|drag|p1a: Dragonite|Dragonite, M|100/100
|
|-heal|p2a: Zamazenta|52/100|[from] item: Leftovers
|upkeep
|turn|13
|
|t:|1776058220
|switch|p1a: Pecharunt|Pecharunt|99/100
|move|p2a: Zamazenta|Roar|p1a: Pecharunt
|drag|p1a: Kyurem|Kyurem|100/100
|-ability|p1a: Kyurem|Pressure
|
|-heal|p2a: Zamazenta|58/100|[from] item: Leftovers
|upkeep
|turn|14
|
|t:|1776058227
|switch|p1a: Pecharunt|Pecharunt|99/100
|move|p2a: Zamazenta|Roar|p1a: Pecharunt
|drag|p1a: Cinderace|Cinderace, M|57/100
|
|-heal|p2a: Zamazenta|64/100|[from] item: Leftovers
|upkeep
|turn|15
|
|t:|1776058233
|switch|p1a: Pecharunt|Pecharunt|99/100
|move|p2a: Zamazenta|Crunch|p1a: Pecharunt
|-supereffective|p1a: Pecharunt
|-damage|p1a: Pecharunt|74/100
|
|-heal|p2a: Zamazenta|71/100|[from] item: Leftovers
|upkeep
|turn|16
|
|t:|1776058237
|switch|p2a: Excadrill|Excadrill, F|100/100
|-damage|p2a: Excadrill|97/100|[from] Stealth Rock
|-item|p2a: Excadrill|Air Balloon
|move|p1a: Pecharunt|Malignant Chain|p2a: Excadrill
|-immune|p2a: Excadrill
|
|upkeep
|turn|17
|
|t:|1776058242
|move|p2a: Excadrill|Earthquake|p1a: Pecharunt
|-supereffective|p1a: Pecharunt
|-damage|p1a: Pecharunt|16/100
|move|p1a: Pecharunt|Parting Shot|p2a: Excadrill
|-unboost|p2a: Excadrill|atk|1
|-unboost|p2a: Excadrill|spa|1
|
|t:|1776058248
|switch|p1a: Cinderace|Cinderace, M|57/100|[from] Parting Shot
|
|upkeep
|turn|18
|
|t:|1776058255
|move|p1a: Cinderace|Pyro Ball|p2a: Excadrill
|-supereffective|p2a: Excadrill
|-damage|p2a: Excadrill|0 fnt
|-enditem|p2a: Excadrill|Air Balloon
|faint|p2a: Excadrill
|
|upkeep
|
|t:|1776058261
|switch|p2a: Zamazenta|Zamazenta|71/100
|-damage|p2a: Zamazenta|64/100|[from] Stealth Rock
|turn|19
|
|t:|1776058268
|move|p1a: Cinderace|Will-O-Wisp|p2a: Zamazenta
|-status|p2a: Zamazenta|brn
|move|p2a: Zamazenta|Roar|p1a: Cinderace
|drag|p1a: Primarina|Primarina, F|63/100
|
|-heal|p2a: Zamazenta|71/100 brn|[from] item: Leftovers
|-damage|p2a: Zamazenta|64/100 brn|[from] brn
|upkeep
|turn|20
|
|t:|1776058275
|switch|p2a: Moltres|Moltres|100/100
|move|p1a: Primarina|Moonblast|p2a: Moltres
|-resisted|p2a: Moltres
|-damage|p2a: Moltres|76/100
|-unboost|p2a: Moltres|spa|1
|
|upkeep
|turn|21
|
|t:|1776058282
|move|p2a: Moltres|U-turn|p1a: Primarina
|-resisted|p1a: Primarina
|-damage|p1a: Primarina|55/100
|l| E2508
|
|t:|1776058286
|switch|p2a: Zamazenta|Zamazenta|64/100 brn|[from] U-turn
|-damage|p2a: Zamazenta|58/100 brn|[from] Stealth Rock
|move|p1a: Primarina|Moonblast|p2a: Zamazenta
|-supereffective|p2a: Zamazenta
|-crit|p2a: Zamazenta
|-damage|p2a: Zamazenta|0 fnt
|faint|p2a: Zamazenta
|
|upkeep
|
|t:|1776058290
|switch|p2a: Tyranitar|Tyranitar, F|100/100
|-damage|p2a: Tyranitar|88/100|[from] Stealth Rock
|-weather|Sandstorm|[from] ability: Sand Stream|[of] p2a: Tyranitar
|turn|22
|
|t:|1776058294
|move|p1a: Primarina|Moonblast|p2a: Tyranitar
|-supereffective|p2a: Tyranitar
|-damage|p2a: Tyranitar|48/100
|move|p2a: Tyranitar|Thunder Wave|p1a: Primarina
|-status|p1a: Primarina|par
|
|-weather|Sandstorm|[upkeep]
|-damage|p1a: Primarina|49/100 par|[from] Sandstorm
|upkeep
|turn|23
|
|t:|1776058300
|move|p2a: Tyranitar|Stealth Rock|p1a: Primarina
|-sidestart|p1: Winterchillz|move: Stealth Rock
|cant|p1a: Primarina|par
|
|-weather|Sandstorm|[upkeep]
|-damage|p1a: Primarina|43/100 par|[from] Sandstorm
|upkeep
|turn|24
|
|t:|1776058304
|move|p2a: Tyranitar|Knock Off|p1a: Primarina
|-resisted|p1a: Primarina
|-damage|p1a: Primarina|18/100 par
|-enditem|p1a: Primarina|Assault Vest|[from] move: Knock Off|[of] p2a: Tyranitar
|move|p1a: Primarina|Moonblast|p2a: Tyranitar
|-supereffective|p2a: Tyranitar
|-damage|p2a: Tyranitar|6/100
|
|-weather|Sandstorm|[upkeep]
|-damage|p1a: Primarina|11/100 par|[from] Sandstorm
|upkeep
|turn|25
|
|t:|1776058310
|move|p2a: Tyranitar|Knock Off|p1a: Primarina
|-resisted|p1a: Primarina
|-damage|p1a: Primarina|0 fnt
|faint|p1a: Primarina
|
|-weather|Sandstorm|[upkeep]
|upkeep
|
|t:|1776058315
|switch|p1a: Kyurem|Kyurem|100/100
|-damage|p1a: Kyurem|76/100|[from] Stealth Rock
|-ability|p1a: Kyurem|Pressure
|turn|26
|
|t:|1776058322
|move|p1a: Kyurem|Ice Beam|p2a: Tyranitar
|-damage|p2a: Tyranitar|0 fnt
|faint|p2a: Tyranitar
|
|-weather|Sandstorm|[upkeep]
|-damage|p1a: Kyurem|70/100|[from] Sandstorm
|upkeep
|
|t:|1776058329
|switch|p2a: Moltres|Moltres|76/100
|turn|27
|
|t:|1776058335
|switch|p1a: Pecharunt|Pecharunt|16/100
|move|p2a: Moltres|Roar|p1a: Pecharunt
|drag|p1a: Cinderace|Cinderace, M|57/100
|
|-weather|Sandstorm|[upkeep]
|-damage|p1a: Cinderace|51/100|[from] Sandstorm
|-damage|p2a: Moltres|70/100|[from] Sandstorm
|upkeep
|turn|28
|
|t:|1776058342
|move|p1a: Cinderace|Pyro Ball|p2a: Moltres|[miss]
|-miss|p1a: Cinderace|p2a: Moltres
|move|p2a: Moltres|Roar|p1a: Cinderace
|drag|p1a: Pecharunt|Pecharunt|16/100
|
|-weather|Sandstorm|[upkeep]
|-damage|p1a: Pecharunt|10/100|[from] Sandstorm
|-damage|p2a: Moltres|64/100|[from] Sandstorm
|upkeep
|turn|29
|
|t:|1776058346
|move|p1a: Pecharunt|Malignant Chain|p2a: Moltres
|-damage|p2a: Moltres|31/100
|-status|p2a: Moltres|tox
|-start|p2a: Moltres|confusion|[from] ability: Poison Puppeteer|[of] p1a: Pecharunt
|-activate|p2a: Moltres|confusion
|move|p2a: Moltres|Roost|p2a: Moltres
|-heal|p2a: Moltres|81/100 tox
|-singleturn|p2a: Moltres|move: Roost
|
|-weather|none
|-damage|p2a: Moltres|75/100 tox|[from] psn
|upkeep
|turn|30
|
|t:|1776058355
|move|p1a: Pecharunt|Shadow Ball|p2a: Moltres
|-damage|p2a: Moltres|50/100 tox
|-activate|p2a: Moltres|confusion
|move|p2a: Moltres|Flamethrower|p1a: Pecharunt
|-damage|p1a: Pecharunt|0 fnt
|faint|p1a: Pecharunt
|
|-damage|p2a: Moltres|38/100 tox|[from] psn
|upkeep
|
|t:|1776058360
|switch|p1a: Kyurem|Kyurem|70/100
|-damage|p1a: Kyurem|45/100|[from] Stealth Rock
|-ability|p1a: Kyurem|Pressure
|turn|31
|
|t:|1776058366
|move|p1a: Kyurem|Ice Beam|p2a: Moltres
|-damage|p2a: Moltres|0 fnt
|faint|p2a: Moltres
|
|upkeep
|
|t:|1776058372
|switch|p2a: Hydrapple|Hydrapple, M|100/100
|turn|32
|
|t:|1776058378
|switch|p1a: Cinderace|Cinderace, M|51/100
|-terastallize|p2a: Hydrapple|Poison
|move|p2a: Hydrapple|Fickle Beam|p1a: Cinderace|[anim] Fickle Beam All Out
|-activate|p2a: Hydrapple|move: Fickle Beam
|-damage|p1a: Cinderace|0 fnt
|faint|p1a: Cinderace
|
|upkeep
|
|t:|1776058386
|switch|p1a: Kyurem|Kyurem|45/100
|-damage|p1a: Kyurem|20/100|[from] Stealth Rock
|-ability|p1a: Kyurem|Pressure
|turn|33
|
|t:|1776058397
|move|p1a: Kyurem|Earth Power|p2a: Hydrapple
|-supereffective|p2a: Hydrapple
|-damage|p2a: Hydrapple|11/100
|move|p2a: Hydrapple|Fickle Beam|p1a: Kyurem
|-supereffective|p1a: Kyurem
|-crit|p1a: Kyurem
|-damage|p1a: Kyurem|0 fnt
|faint|p1a: Kyurem
|
|upkeep
|
|t:|1776058401
|switch|p1a: Dragonite|Dragonite, M|100/100
|-damage|p1a: Dragonite|76/100|[from] Stealth Rock
|turn|34
|
|t:|1776058406
|move|p1a: Dragonite|Fire Punch|p2a: Hydrapple
|-damage|p2a: Hydrapple|0 fnt
|faint|p2a: Hydrapple
|
|win|Winterchillz
|raw|Winterchillz's rating: 1574 &rarr; <strong>1594</strong><br />(+20 for winning)
|raw|Blastoise_Choice's rating: 1572 &rarr; <strong>1552</strong><br />(-20 for losing)
|c|☆Blastoise_Choice|gg
