|html|<div class="broadcast-blue"><strong>[Gen 9] OU is currently suspecting Tera Blast! For information on how to participate check out the <a href="https://www.smogon.com/tools/suspects/view/200">suspect thread</a>.</strong></div>
|j|☆Bonny222222222
|j|☆Icarus Shinra
|t:|1776192727
|gametype|singles
|player|p1|Bonny222222222|harlequin|1029
|player|p2|Icarus Shinra|palmer|1065
|gen|9
|tier|[Gen 9] OU
|rated|
|rule|HP Percentage Mod: HP is shown in percentages
|rule|Endless Battle Clause: Forcing endless battles is banned
|rule|Species Clause: Limit one of each Pokémon
|rule|OHKO Clause: OHKO moves are banned
|rule|Evasion Items Clause: Evasion items are banned
|rule|Evasion Moves Clause: Evasion moves are banned
|rule|Evasion Abilities Clause: Evasion abilities are banned
|rule|Sleep Moves Clause: Sleep-inducing moves are banned
|clearpoke
|poke|p1|Pecharunt|
|poke|p1|Cinderace, M|
|poke|p1|Zapdos-Galar|
|poke|p1|Gliscor, F|
|poke|p1|Blissey, F|
|poke|p1|Deoxys-Speed|
|poke|p2|Garchomp, F|
|poke|p2|Iron Valiant|
|poke|p2|Kingambit, F|
|poke|p2|Blaziken, F|
|poke|p2|Greninja-*, F|
|poke|p2|Lycanroc-Dusk, F|
|teampreview
|
|t:|1776192736
|teamsize|p1|6
|teamsize|p2|6
|start
|switch|p1a: Mangle|Gliscor, F, shiny|100/100
|switch|p2a: Greninja|Greninja, F|100/100
|turn|1
|
|t:|1776192748
|switch|p1a: Withered Chica|Zapdos-Galar|100/100
|move|p2a: Greninja|Ice Beam|p1a: Withered Chica
|-start|p2a: Greninja|typechange|Ice|[from] ability: Protean
|-supereffective|p1a: Withered Chica
|-damage|p1a: Withered Chica|0 fnt
|faint|p1a: Withered Chica
|-damage|p2a: Greninja|91/100|[from] item: Life Orb
|
|upkeep
|
|t:|1776192759
|switch|p1a: Toy Bonnie|Cinderace, M, shiny|100/100
|turn|2
|
|t:|1776192770
|-terastallize|p1a: Toy Bonnie|Flying
|move|p1a: Toy Bonnie|Pyro Ball|p2a: Greninja|[miss]
|-miss|p1a: Toy Bonnie|p2a: Greninja
|move|p2a: Greninja|Hydro Pump|p1a: Toy Bonnie
|-damage|p1a: Toy Bonnie|51/100
|-damage|p2a: Greninja|81/100|[from] item: Life Orb
|
|-heal|p1a: Toy Bonnie|57/100|[from] item: Leftovers
|upkeep
|turn|3
|
|t:|1776192780
|move|p1a: Toy Bonnie|Pyro Ball|p2a: Greninja
|-supereffective|p2a: Greninja
|-damage|p2a: Greninja|0 fnt
|faint|p2a: Greninja
|
|-heal|p1a: Toy Bonnie|63/100|[from] item: Leftovers
|upkeep
|
|t:|1776192794
|switch|p2a: Garchomp|Garchomp, F|100/100
|turn|4
|
|t:|1776192800
|switch|p1a: Mangle|Gliscor, F, shiny|100/100
|move|p2a: Garchomp|Stone Edge|p1a: Mangle
|-damage|p1a: Mangle|73/100
|
|-status|p1a: Mangle|tox|[from] item: Toxic Orb
|upkeep
|turn|5
|
|t:|1776192814
|move|p1a: Mangle|Ice Fang|p2a: Garchomp
|-supereffective|p2a: Garchomp
|-damage|p2a: Garchomp|44/100
|-damage|p1a: Mangle|60/100 tox|[from] ability: Rough Skin|[of] p2a: Garchomp
|-damage|p1a: Mangle|44/100 tox|[from] item: Rocky Helmet|[of] p2a: Garchomp
|move|p2a: Garchomp|Swords Dance|p2a: Garchomp
|-boost|p2a: Garchomp|atk|2
|
|-heal|p1a: Mangle|56/100 tox|[from] ability: Poison Heal
|upkeep
|turn|6
|
|t:|1776192825
|move|p1a: Mangle|Ice Fang|p2a: Garchomp
|-supereffective|p2a: Garchomp
|-damage|p2a: Garchomp|0 fnt
|-damage|p1a: Mangle|44/100 tox|[from] ability: Rough Skin|[of] p2a: Garchomp
|-damage|p1a: Mangle|27/100 tox|[from] item: Rocky Helmet|[of] p2a: Garchomp
|faint|p2a: Garchomp
|
|-heal|p1a: Mangle|40/100 tox|[from] ability: Poison Heal
|upkeep
|
|t:|1776192836
|switch|p2a: Lycanroc|Lycanroc-Dusk, F|100/100
|turn|7
|
|t:|1776192843
|move|p2a: Lycanroc|Accelerock|p1a: Mangle
|-damage|p1a: Mangle|19/100 tox
|move|p1a: Mangle|Earthquake|p2a: Lycanroc
|-supereffective|p2a: Lycanroc
|-damage|p2a: Lycanroc|0 fnt
|faint|p2a: Lycanroc
|
|-heal|p1a: Mangle|31/100 tox|[from] ability: Poison Heal
|upkeep
|
|t:|1776192848
|switch|p2a: Iron Valiant|Iron Valiant|100/100
|-enditem|p2a: Iron Valiant|Booster Energy
|-activate|p2a: Iron Valiant|ability: Quark Drive|[fromitem]
|-start|p2a: Iron Valiant|quarkdriveatk
|turn|8
|
|t:|1776192859
|move|p1a: Mangle|Dual Wingbeat|p2a: Iron Valiant
|-supereffective|p2a: Iron Valiant
|-damage|p2a: Iron Valiant|63/100
|-supereffective|p2a: Iron Valiant
|-damage|p2a: Iron Valiant|23/100
|-hitcount|p2a: Iron Valiant|2
|move|p2a: Iron Valiant|Moonblast|p1a: Mangle
|-damage|p1a: Mangle|0 fnt
|faint|p1a: Mangle
|
|upkeep
|
|t:|1776192880
|switch|p1a: PUPPET|Deoxys-Speed|100/100
|-ability|p1a: PUPPET|Pressure
|turn|9
|
|t:|1776192893
|move|p1a: PUPPET|Drain Punch|p2a: Iron Valiant
|-resisted|p2a: Iron Valiant
|-damage|p2a: Iron Valiant|14/100
|move|p2a: Iron Valiant|Moonblast|p1a: PUPPET
|-damage|p1a: PUPPET|40/100
|-unboost|p1a: PUPPET|spa|1
|
|-heal|p1a: PUPPET|46/100|[from] item: Leftovers
|upkeep
|turn|10
|
|t:|1776192902
|move|p1a: PUPPET|Psycho Boost|p2a: Iron Valiant
|-supereffective|p2a: Iron Valiant
|-damage|p2a: Iron Valiant|0 fnt
|-unboost|p1a: PUPPET|spa|2
|faint|p2a: Iron Valiant
|-end|p2a: Iron Valiant|Quark Drive|[silent]
|
|-heal|p1a: PUPPET|52/100|[from] item: Leftovers
|upkeep
|
|t:|1776192914
|switch|p2a: Kingambit|Kingambit, F|100/100
|-activate|p2a: Kingambit|ability: Supreme Overlord
|-start|p2a: Kingambit|fallen4|[silent]
|turn|11
|
|t:|1776192923
|move|p2a: Kingambit|Sucker Punch|p1a: PUPPET
|-supereffective|p1a: PUPPET
|-damage|p1a: PUPPET|0 fnt
|faint|p1a: PUPPET
|
|upkeep
|
|t:|1776192928
|switch|p1a: Toy Bonnie|Cinderace, M, shiny, tera:Flying|63/100
|turn|12
|
|t:|1776192939
|move|p2a: Kingambit|Sucker Punch||[still]
|-fail|p2a: Kingambit
|move|p1a: Toy Bonnie|Bulk Up|p1a: Toy Bonnie
|-boost|p1a: Toy Bonnie|atk|1
|-boost|p1a: Toy Bonnie|def|1
|
|-heal|p1a: Toy Bonnie|69/100|[from] item: Leftovers
|upkeep
|turn|13
|
|t:|1776192947
|-terastallize|p2a: Kingambit|Dark
|move|p2a: Kingambit|Sucker Punch|p1a: Toy Bonnie
|-damage|p1a: Toy Bonnie|3/100
|move|p1a: Toy Bonnie|Pyro Ball|p2a: Kingambit|[miss]
|-miss|p1a: Toy Bonnie|p2a: Kingambit
|
|-heal|p1a: Toy Bonnie|9/100|[from] item: Leftovers
|upkeep
|turn|14
|
|t:|1776192957
|move|p2a: Kingambit|Sucker Punch||[still]
|-fail|p2a: Kingambit
|move|p1a: Toy Bonnie|Bulk Up|p1a: Toy Bonnie
|-boost|p1a: Toy Bonnie|atk|1
|-boost|p1a: Toy Bonnie|def|1
|
|-heal|p1a: Toy Bonnie|15/100|[from] item: Leftovers
|upkeep
|turn|15
|
|t:|1776192963
|move|p2a: Kingambit|Sucker Punch||[still]
|-fail|p2a: Kingambit
|move|p1a: Toy Bonnie|Bulk Up|p1a: Toy Bonnie
|-boost|p1a: Toy Bonnie|atk|1
|-boost|p1a: Toy Bonnie|def|1
|
|-heal|p1a: Toy Bonnie|21/100|[from] item: Leftovers
|upkeep
|turn|16
|
|t:|1776192968
|move|p1a: Toy Bonnie|Bulk Up|p1a: Toy Bonnie
|-boost|p1a: Toy Bonnie|atk|1
|-boost|p1a: Toy Bonnie|def|1
|move|p2a: Kingambit|Kowtow Cleave|p1a: Toy Bonnie
|-damage|p1a: Toy Bonnie|0 fnt
|faint|p1a: Toy Bonnie
|
|upkeep
|
|t:|1776192976
|switch|p1a: Toy Freddy|Pecharunt|100/100
|turn|17
|
|t:|1776192980
|move|p2a: Kingambit|Sucker Punch||[still]
|-fail|p2a: Kingambit
|move|p1a: Toy Freddy|Parting Shot|p2a: Kingambit
|-unboost|p2a: Kingambit|atk|1
|-unboost|p2a: Kingambit|spa|1
|
|t:|1776192985
|switch|p1a: JJ|Blissey, F, shiny|100/100|[from] Parting Shot
|
|upkeep
|turn|18
|
|t:|1776192993
|move|p2a: Kingambit|Sucker Punch||[still]
|-fail|p2a: Kingambit
|move|p1a: JJ|Calm Mind|p1a: JJ
|-boost|p1a: JJ|spa|1
|-boost|p1a: JJ|spd|1
|
|upkeep
|turn|19
|
|t:|1776192996
|move|p1a: JJ|Calm Mind|p1a: JJ
|-boost|p1a: JJ|spa|1
|-boost|p1a: JJ|spd|1
|move|p2a: Kingambit|Iron Head|p1a: JJ
|-damage|p1a: JJ|71/100
|
|-heal|p1a: JJ|77/100|[from] item: Leftovers
|upkeep
|turn|20
|
|t:|1776193006
|move|p1a: JJ|Calm Mind|p1a: JJ
|-boost|p1a: JJ|spa|1
|-boost|p1a: JJ|spd|1
|move|p2a: Kingambit|Kowtow Cleave|p1a: JJ
|-damage|p1a: JJ|24/100
|
|-heal|p1a: JJ|30/100|[from] item: Leftovers
|upkeep
|turn|21
|
|t:|1776193013
|move|p1a: JJ|Alluring Voice|p2a: Kingambit
|-supereffective|p2a: Kingambit
|-damage|p2a: Kingambit|21/100
|move|p2a: Kingambit|Kowtow Cleave|p1a: JJ
|-damage|p1a: JJ|0 fnt
|faint|p1a: JJ
|
|upkeep
|
|t:|1776193019
|switch|p1a: Toy Freddy|Pecharunt|100/100
|turn|22
|
|t:|1776193027
|move|p1a: Toy Freddy|Parting Shot|p2a: Kingambit
|-unboost|p2a: Kingambit|atk|1
|-unboost|p2a: Kingambit|spa|1
|move|p2a: Kingambit|Kowtow Cleave|p1a: Toy Freddy
|-supereffective|p1a: Toy Freddy
|-damage|p1a: Toy Freddy|48/100
|
|-heal|p1a: Toy Freddy|54/100|[from] item: Leftovers
|upkeep
|turn|23
|
|t:|1776193036
|move|p1a: Toy Freddy|Recover|p1a: Toy Freddy
|-heal|p1a: Toy Freddy|100/100
|move|p2a: Kingambit|Kowtow Cleave|p1a: Toy Freddy
|-supereffective|p1a: Toy Freddy
|-damage|p1a: Toy Freddy|53/100
|
|-heal|p1a: Toy Freddy|59/100|[from] item: Leftovers
|upkeep
|turn|24
|
|t:|1776193042
|move|p1a: Toy Freddy|Malignant Chain|p2a: Kingambit
|-damage|p2a: Kingambit|0 fnt
|faint|p2a: Kingambit
|-end|p2a: Kingambit|fallen4|[silent]
|
|-heal|p1a: Toy Freddy|65/100|[from] item: Leftovers
|upkeep
|
|t:|1776193050
|switch|p2a: Blaziken|Blaziken, F|100/100
|turn|25
|
|t:|1776193057
|move|p2a: Blaziken|Protect|p2a: Blaziken
|-singleturn|p2a: Blaziken|Protect
|move|p1a: Toy Freddy|Recover|p1a: Toy Freddy
|-heal|p1a: Toy Freddy|100/100
|
|-ability|p2a: Blaziken|Speed Boost|boost
|-boost|p2a: Blaziken|spe|1
|upkeep
|turn|26
|
|t:|1776193064
|move|p2a: Blaziken|Protect||[still]
|-fail|p2a: Blaziken
|move|p1a: Toy Freddy|Malignant Chain|p2a: Blaziken
|-damage|p2a: Blaziken|37/100
|
|-ability|p2a: Blaziken|Speed Boost|boost
|-boost|p2a: Blaziken|spe|1
|upkeep
|turn|27
|
|t:|1776193073
|move|p2a: Blaziken|Protect|p2a: Blaziken
|-singleturn|p2a: Blaziken|Protect
|move|p1a: Toy Freddy|Recover||[still]
|-fail|p1a: Toy Freddy|heal
|
|-ability|p2a: Blaziken|Speed Boost|boost
|-boost|p2a: Blaziken|spe|1
|upkeep
|turn|28
|
|t:|1776193079
|move|p2a: Blaziken|Fire Blast|p1a: Toy Freddy
|-damage|p1a: Toy Freddy|61/100
|move|p1a: Toy Freddy|Malignant Chain|p2a: Blaziken
|-damage|p2a: Blaziken|0 fnt
|faint|p2a: Blaziken
|
|win|Bonny222222222
|raw|Bonny222222222's rating: 1029 &rarr; <strong>1068</strong><br />(+39 for winning)
|raw|Icarus Shinra's rating: 1065 &rarr; <strong>1043</strong><br />(-22 for losing)
|l|☆Icarus Shinra
|player|p2|
