|html|<div class="broadcast-blue"><strong>[Gen 9] OU is currently suspecting Tera Blast! For information on how to participate check out the <a href="https://www.smogon.com/tools/suspects/view/200">suspect thread</a>.</strong></div>
|j|☆SeasonedToxapexual
|j|☆VICTOR_FIFA
|t:|1776107826
|gametype|singles
|player|p1|SeasonedToxapexual|clerk-boss|1184
|player|p2|VICTOR_FIFA|biker-gen4|1229
|gen|9
|tier|[Gen 9] OU
|rated|
|rule|HP Percentage Mod: HP is shown in percentages
|rule|Endless Battle Clause: Forcing endless battles is banned
|rule|Species Clause: Limit one of each Pokémon
|rule|OHKO Clause: OHKO moves are banned
|rule|Evasion Items Clause: Evasion items are banned
|rule|Evasion Moves Clause: Evasion moves are banned
|rule|Evasion Abilities Clause: Evasion abilities are banned
|rule|Sleep Moves Clause: Sleep-inducing moves are banned
|clearpoke
|poke|p1|Rillaboom, F|
|poke|p1|Serperior, M|
|poke|p1|Heatran, F|
|poke|p1|Gholdengo|
|poke|p1|Zamazenta-*|
|poke|p1|Great Tusk|
|poke|p2|Gliscor, M|
|poke|p2|Corviknight, F|
|poke|p2|Volcanion|
|poke|p2|Kingambit, M|
|poke|p2|Alomomola, F|
|poke|p2|Spiritomb, F|
|teampreview
|inactive|Battle timer is ON: inactive players will automatically lose when time's up. (requested by SeasonedToxapexual)
|j| nautillect
|
|t:|1776107852
|teamsize|p1|6
|teamsize|p2|6
|start
|switch|p1a: Rillaboom|Rillaboom, F|100/100
|switch|p2a: Volcanion|Volcanion|100/100
|-fieldstart|move: Grassy Terrain|[from] ability: Grassy Surge|[of] p1a: Rillaboom
|turn|1
|inactive|SeasonedToxapexual has 120 seconds left.
|inactive|SeasonedToxapexual has 90 seconds left.
|
|t:|1776107919
|move|p1a: Rillaboom|Knock Off|p2a: Volcanion
|-damage|p2a: Volcanion|55/100
|-damage|p1a: Rillaboom|84/100|[from] item: Rocky Helmet|[of] p2a: Volcanion
|-enditem|p2a: Volcanion|Rocky Helmet|[from] move: Knock Off|[of] p1a: Rillaboom
|-damage|p1a: Rillaboom|74/100|[from] item: Life Orb
|move|p2a: Volcanion|Fire Blast|p1a: Rillaboom
|-supereffective|p1a: Rillaboom
|-damage|p1a: Rillaboom|0 fnt
|faint|p1a: Rillaboom
|
|-heal|p2a: Volcanion|61/100|[from] Grassy Terrain
|upkeep
|
|t:|1776107940
|switch|p1a: Serperior|Serperior, M|100/100
|turn|2
|
|t:|1776107944
|switch|p1a: Heatran|Heatran, F|100/100
|-item|p1a: Heatran|Air Balloon
|move|p2a: Volcanion|Fire Blast|p1a: Heatran
|-start|p1a: Heatran|ability: Flash Fire
|
|-heal|p2a: Volcanion|67/100|[from] Grassy Terrain
|upkeep
|turn|3
|
|t:|1776107967
|switch|p2a: Alomomola|Alomomola, F|100/100
|-end|p1a: Heatran|ability: Flash Fire|[silent]
|switch|p1a: Serperior|Serperior, M|100/100
|
|upkeep
|turn|4
|
|t:|1776107976
|switch|p1a: Gholdengo|Gholdengo|100/100
|-enditem|p1a: Gholdengo|Grassy Seed
|-boost|p1a: Gholdengo|def|1|[from] item: Grassy Seed
|move|p2a: Alomomola|Alluring Voice|p1a: Gholdengo
|-resisted|p1a: Gholdengo
|-damage|p1a: Gholdengo|97/100
|-start|p1a: Gholdengo|confusion
|
|-heal|p1a: Gholdengo|100/100|[from] Grassy Terrain
|upkeep
|turn|5
|
|t:|1776107985
|-activate|p1a: Gholdengo|confusion
|-damage|p1a: Gholdengo|98/100|[from] confusion
|move|p2a: Alomomola|Wish|p2a: Alomomola
|
|-heal|p1a: Gholdengo|100/100|[from] Grassy Terrain
|-fieldend|move: Grassy Terrain
|upkeep
|turn|6
|
|t:|1776107998
|-activate|p1a: Gholdengo|confusion
|-damage|p1a: Gholdengo|98/100|[from] confusion
|move|p2a: Alomomola|Flip Turn|p1a: Gholdengo
|-damage|p1a: Gholdengo|86/100
|
|t:|1776108004
|switch|p2a: Volcanion|Volcanion|67/100|[from] Flip Turn
|
|-heal|p2a: Volcanion|100/100|[from] move: Wish|[wisher] Alomomola
|upkeep
|turn|7
|
|t:|1776108011
|-terastallize|p1a: Gholdengo|Water
|move|p2a: Volcanion|Steam Eruption|p1a: Gholdengo
|-resisted|p1a: Gholdengo
|-damage|p1a: Gholdengo|59/100
|-activate|p1a: Gholdengo|confusion
|move|p1a: Gholdengo|Nasty Plot|p1a: Gholdengo
|-boost|p1a: Gholdengo|spa|2
|
|upkeep
|turn|8
|inactive|SeasonedToxapexual has 120 seconds left.
|
|t:|1776108019
|move|p2a: Volcanion|Sludge Wave|p1a: Gholdengo
|-damage|p1a: Gholdengo|29/100
|-activate|p1a: Gholdengo|confusion
|-damage|p1a: Gholdengo|26/100|[from] confusion
|
|upkeep
|turn|9
|inactive|SeasonedToxapexual has 120 seconds left.
|
|t:|1776108036
|switch|p1a: Heatran|Heatran, F|100/100
|-item|p1a: Heatran|Air Balloon
|move|p2a: Volcanion|Sludge Wave|p1a: Heatran
|-immune|p1a: Heatran
|
|upkeep
|turn|10
|
|t:|1776108041
|move|p2a: Volcanion|Steam Eruption|p1a: Heatran
|-supereffective|p1a: Heatran
|-damage|p1a: Heatran|18/100
|-enditem|p1a: Heatran|Air Balloon
|move|p1a: Heatran|Stealth Rock|p2a: Volcanion
|-sidestart|p2: VICTOR_FIFA|move: Stealth Rock
|
|upkeep
|turn|11
|
|t:|1776108048
|switch|p1a: Serperior|Serperior, M|100/100
|move|p2a: Volcanion|Steam Eruption|p1a: Serperior
|-resisted|p1a: Serperior
|-damage|p1a: Serperior|65/100
|-status|p1a: Serperior|brn
|
|-damage|p1a: Serperior|59/100 brn|[from] brn
|upkeep
|turn|12
|
|t:|1776108056
|move|p1a: Serperior|Leaf Storm|p2a: Volcanion
|-damage|p2a: Volcanion|40/100
|-boost|p1a: Serperior|spa|2
|move|p2a: Volcanion|Sludge Wave|p1a: Serperior
|-supereffective|p1a: Serperior
|-damage|p1a: Serperior|0 fnt
|faint|p1a: Serperior
|
|upkeep
|
|t:|1776108059
|switch|p1a: Zamazenta|Zamazenta|100/100
|-ability|p1a: Zamazenta|Dauntless Shield|boost
|-boost|p1a: Zamazenta|def|1
|turn|13
|
|t:|1776108068
|move|p1a: Zamazenta|Close Combat|p2a: Volcanion
|-crit|p2a: Volcanion
|-damage|p2a: Volcanion|0 fnt
|-unboost|p1a: Zamazenta|def|1
|-unboost|p1a: Zamazenta|spd|1
|faint|p2a: Volcanion
|-damage|p1a: Zamazenta|91/100|[from] item: Life Orb
|
|upkeep
|
|t:|1776108078
|switch|p2a: Corviknight|Corviknight, F|100/100
|-damage|p2a: Corviknight|88/100|[from] Stealth Rock
|turn|14
|
|t:|1776108082
|switch|p1a: Gholdengo|Gholdengo, tera:Water|26/100
|move|p2a: Corviknight|Defog|p1a: Gholdengo
|-immune|p1a: Gholdengo|[from] ability: Good as Gold
|
|upkeep
|turn|15
|
|t:|1776108089
|move|p1a: Gholdengo|Recover|p1a: Gholdengo
|-heal|p1a: Gholdengo|76/100
|move|p2a: Corviknight|Hurricane|p1a: Gholdengo|[miss]
|-miss|p2a: Corviknight|p1a: Gholdengo
|
|upkeep
|turn|16
|
|t:|1776108094
|move|p1a: Gholdengo|Nasty Plot|p1a: Gholdengo
|-boost|p1a: Gholdengo|spa|2
|move|p2a: Corviknight|Light Screen|p2a: Corviknight
|-sidestart|p2: VICTOR_FIFA|move: Light Screen
|
|upkeep
|turn|17
|
|t:|1776108099
|move|p1a: Gholdengo|Nasty Plot|p1a: Gholdengo
|-boost|p1a: Gholdengo|spa|2
|move|p2a: Corviknight|Hurricane|p1a: Gholdengo
|-damage|p1a: Gholdengo|59/100
|
|upkeep
|turn|18
|
|t:|1776108105
|move|p1a: Gholdengo|Recover|p1a: Gholdengo
|-heal|p1a: Gholdengo|100/100
|move|p2a: Corviknight|Hurricane|p1a: Gholdengo
|-crit|p1a: Gholdengo
|-damage|p1a: Gholdengo|77/100
|
|upkeep
|turn|19
|
|t:|1776108118
|move|p1a: Gholdengo|Nasty Plot|p1a: Gholdengo
|-boost|p1a: Gholdengo|spa|2
|move|p2a: Corviknight|Hurricane|p1a: Gholdengo|[miss]
|-miss|p2a: Corviknight|p1a: Gholdengo
|
|upkeep
|turn|20
|
|t:|1776108124
|move|p1a: Gholdengo|Recover|p1a: Gholdengo
|-heal|p1a: Gholdengo|100/100
|move|p2a: Corviknight|Hurricane|p1a: Gholdengo|[miss]
|-miss|p2a: Corviknight|p1a: Gholdengo
|
|-sideend|p2: VICTOR_FIFA|move: Light Screen
|upkeep
|turn|21
|-message|VICTOR_FIFA forfeited.
|
|win|SeasonedToxapexual
|raw|SeasonedToxapexual's rating: 1184 &rarr; <strong>1212</strong><br />(+28 for winning)
|raw|VICTOR_FIFA's rating: 1229 &rarr; <strong>1201</strong><br />(-28 for losing)
|l|☆VICTOR_FIFA
|player|p2|
