|html|<div class="broadcast-blue"><strong>[Gen 9] OU is currently suspecting Tera Blast! For information on how to participate check out the <a href="https://www.smogon.com/tools/suspects/view/200">suspect thread</a>.</strong></div>
|j|☆goodgoodcush
|j|☆Sniper20657
|t:|1776056392
|gametype|singles
|player|p1|goodgoodcush|101|1379
|player|p2|Sniper20657|101|1328
|gen|9
|tier|[Gen 9] OU
|rated|
|rule|HP Percentage Mod: HP is shown in percentages
|rule|Endless Battle Clause: Forcing endless battles is banned
|rule|Species Clause: Limit one of each Pokémon
|rule|OHKO Clause: OHKO moves are banned
|rule|Evasion Items Clause: Evasion items are banned
|rule|Evasion Moves Clause: Evasion moves are banned
|rule|Evasion Abilities Clause: Evasion abilities are banned
|rule|Sleep Moves Clause: Sleep-inducing moves are banned
|clearpoke
|poke|p1|Hoopa-Unbound|
|poke|p1|Slowking-Galar, F|
|poke|p1|Alomomola, F|
|poke|p1|Zamazenta-*|
|poke|p1|Great Tusk|
|poke|p1|Kingambit, F|
|poke|p2|Darkrai|
|poke|p2|Indeedee, M|
|poke|p2|Hoopa-Unbound|
|poke|p2|Heatran, M|
|poke|p2|Zamazenta-*|
|poke|p2|Iron Hands|
|teampreview
|inactive|Battle timer is ON: inactive players will automatically lose when time's up. (requested by goodgoodcush)
|
|t:|1776056428
|teamsize|p1|6
|teamsize|p2|6
|start
|switch|p1a: Slowking|Slowking-Galar, F|100/100
|switch|p2a: Indeedee|Indeedee, M|100/100
|-fieldstart|move: Psychic Terrain|[from] ability: Psychic Surge|[of] p2a: Indeedee
|turn|1
|
|t:|1776056438
|switch|p2a: Hoopa|Hoopa-Unbound|100/100
|-enditem|p2a: Hoopa|Psychic Seed
|-boost|p2a: Hoopa|spd|1|[from] item: Psychic Seed
|-prepare|p1a: Slowking|Chilly Reception|[premajor]
|move|p1a: Slowking|Chilly Reception|p1a: Slowking
|-weather|Snowscape
|inactive|goodgoodcush has 120 seconds left.
|
|t:|1776056479
|switch|p1a: Zamazenta|Zamazenta|100/100|[from] Chilly Reception
|-ability|p1a: Zamazenta|Dauntless Shield|boost
|-boost|p1a: Zamazenta|def|1
|
|-weather|Snowscape|[upkeep]
|upkeep
|turn|2
|
|t:|1776056492
|-terastallize|p2a: Hoopa|Fairy
|move|p1a: Zamazenta|Body Press|p2a: Hoopa
|-resisted|p2a: Hoopa
|-damage|p2a: Hoopa|69/100
|move|p2a: Hoopa|Expanding Force|p1a: Zamazenta
|-supereffective|p1a: Zamazenta
|-damage|p1a: Zamazenta|0 fnt
|faint|p1a: Zamazenta
|-item|p2a: Hoopa|Leftovers|[from] ability: Magician|[of] p1: Zamazenta
|
|-weather|Snowscape|[upkeep]
|-heal|p2a: Hoopa|75/100|[from] item: Leftovers
|upkeep
|
|t:|1776056507
|switch|p1a: Kingambit|Kingambit, F|100/100
|-activate|p1a: Kingambit|ability: Supreme Overlord
|-start|p1a: Kingambit|fallen1|[silent]
|turn|3
|
|t:|1776056519
|-terastallize|p1a: Kingambit|Fire
|move|p2a: Hoopa|Focus Blast|p1a: Kingambit
|-damage|p1a: Kingambit|48/100
|move|p1a: Kingambit|Iron Head|p2a: Hoopa
|-supereffective|p2a: Hoopa
|-damage|p2a: Hoopa|0 fnt
|faint|p2a: Hoopa
|
|-weather|Snowscape|[upkeep]
|-heal|p1a: Kingambit|55/100|[from] item: Leftovers
|upkeep
|inactive|Sniper20657 has 120 seconds left.
|
|t:|1776056556
|switch|p2a: Iron Hands|Iron Hands|100/100
|-enditem|p2a: Iron Hands|Booster Energy
|-activate|p2a: Iron Hands|ability: Quark Drive|[fromitem]
|-start|p2a: Iron Hands|quarkdriveatk
|turn|4
|
|t:|1776056564
|-end|p1a: Kingambit|fallen1|[silent]
|switch|p1a: Great Tusk|Great Tusk|100/100
|move|p2a: Iron Hands|Swords Dance|p2a: Iron Hands
|-boost|p2a: Iron Hands|atk|2
|
|-weather|Snowscape|[upkeep]
|upkeep
|turn|5
|inactive|Sniper20657 has 120 seconds left.
|
|t:|1776056571
|move|p1a: Great Tusk|Headlong Rush|p2a: Iron Hands
|-supereffective|p2a: Iron Hands
|-damage|p2a: Iron Hands|13/100
|-unboost|p1a: Great Tusk|def|1
|-unboost|p1a: Great Tusk|spd|1
|move|p2a: Iron Hands|Ice Punch|p1a: Great Tusk
|-supereffective|p1a: Great Tusk
|-damage|p1a: Great Tusk|0 fnt
|faint|p1a: Great Tusk
|-end|p1a: Great Tusk|Protosynthesis|[silent]
|
|-weather|none
|upkeep
|
|t:|1776056576
|switch|p1a: Hoopa|Hoopa-Unbound|100/100
|turn|6
|
|t:|1776056582
|move|p1a: Hoopa|Knock Off|p2a: Iron Hands
|-resisted|p2a: Iron Hands
|-damage|p2a: Iron Hands|0 fnt
|faint|p2a: Iron Hands
|-end|p2a: Iron Hands|Quark Drive|[silent]
|
|upkeep
|
|t:|1776056591
|switch|p2a: Darkrai|Darkrai|100/100
|turn|7
|
|t:|1776056599
|move|p2a: Darkrai|Trick|p1a: Hoopa
|-activate|p2a: Darkrai|move: Trick|[of] p1a: Hoopa
|-item|p1a: Hoopa|Choice Scarf|[from] move: Trick
|-item|p2a: Darkrai|Choice Band|[from] move: Trick
|move|p1a: Hoopa|Knock Off|p2a: Darkrai
|-resisted|p2a: Darkrai
|-damage|p2a: Darkrai|61/100
|-enditem|p2a: Darkrai|Choice Band|[from] move: Knock Off|[of] p1a: Hoopa
|
|upkeep
|turn|8
|
|t:|1776056622
|switch|p1a: Slowking|Slowking-Galar, F|100/100
|move|p2a: Darkrai|Sludge Bomb|p1a: Slowking
|-resisted|p1a: Slowking
|-damage|p1a: Slowking|92/100
|
|-fieldend|move: Psychic Terrain
|upkeep
|turn|9
|
|t:|1776056627
|move|p2a: Darkrai|Dark Pulse|p1a: Slowking
|-supereffective|p1a: Slowking
|-damage|p1a: Slowking|46/100
|move|p1a: Slowking|Future Sight|p2a: Darkrai
|-start|p1a: Slowking|move: Future Sight
|
|upkeep
|turn|10
|
|t:|1776056653
|switch|p1a: Hoopa|Hoopa-Unbound|100/100
|move|p2a: Darkrai|Dark Pulse|p1a: Hoopa
|-damage|p1a: Hoopa|60/100
|
|upkeep
|turn|11
|
|t:|1776056664
|switch|p2a: Zamazenta|Zamazenta|100/100
|-ability|p2a: Zamazenta|Dauntless Shield|boost
|-boost|p2a: Zamazenta|def|1
|move|p1a: Hoopa|Drain Punch|p2a: Zamazenta
|-damage|p2a: Zamazenta|83/100
|-heal|p1a: Hoopa|72/100|[from] drain|[of] p2a: Zamazenta
|
|-end|p2a: Zamazenta|move: Future Sight
|-supereffective|p2a: Zamazenta
|-damage|p2a: Zamazenta|13/100
|-heal|p2a: Zamazenta|19/100|[from] item: Leftovers
|upkeep
|turn|12
|
|t:|1776056684
|switch|p1a: Alomomola|Alomomola, F|100/100
|move|p2a: Zamazenta|Crunch|p1a: Alomomola
|-damage|p1a: Alomomola|87/100
|
|-heal|p2a: Zamazenta|25/100|[from] item: Leftovers
|upkeep
|turn|13
|
|t:|1776056699
|switch|p2a: Indeedee|Indeedee, M|100/100
|-fieldstart|move: Psychic Terrain|[from] ability: Psychic Surge|[of] p2a: Indeedee
|move|p1a: Alomomola|Wish|p1a: Alomomola
|
|upkeep
|turn|14
|inactive|Sniper20657 has 120 seconds left.
|l|☆Sniper20657
|inactive|Sniper20657 disconnected and has a minute to reconnect!
|player|p2|
|j|☆Sniper20657
|inactive|Sniper20657 reconnected and has 105 seconds left.
|player|p2|Sniper20657|101|
|
|t:|1776056751
|switch|p1a: Slowking|Slowking-Galar, F|79/100
|move|p2a: Indeedee|Dazzling Gleam|p1a: Slowking
|-resisted|p1a: Slowking
|-damage|p1a: Slowking|73/100
|
|-heal|p1a: Slowking|100/100|[from] move: Wish|[wisher] Alomomola
|upkeep
|turn|15
|
|t:|1776056760
|move|p2a: Indeedee|Expanding Force|p1a: Slowking
|-damage|p1a: Slowking|68/100
|move|p1a: Slowking|Future Sight|p2a: Indeedee
|-start|p1a: Slowking|move: Future Sight
|
|upkeep
|turn|16
|
|t:|1776056767
|move|p2a: Indeedee|Expanding Force|p1a: Slowking
|-damage|p1a: Slowking|36/100
|-prepare|p1a: Slowking|Chilly Reception|[premajor]
|move|p1a: Slowking|Chilly Reception|p1a: Slowking
|-weather|Snowscape
|
|t:|1776056772
|switch|p1a: Hoopa|Hoopa-Unbound|72/100|[from] Chilly Reception
|
|-weather|Snowscape|[upkeep]
|upkeep
|turn|17
|
|t:|1776056778
|move|p1a: Hoopa|Hyperspace Fury|p2a: Indeedee
|-supereffective|p2a: Indeedee
|-damage|p2a: Indeedee|0 fnt
|-unboost|p1a: Hoopa|def|1
|faint|p2a: Indeedee
|
|-weather|Snowscape|[upkeep]
|-hint|Future Sight did not hit because the target is fainted.
|upkeep
|inactive|Sniper20657 has 120 seconds left.
|
|t:|1776056799
|switch|p2a: Darkrai|Darkrai|61/100
|turn|18
|
|t:|1776056808
|switch|p1a: Alomomola|Alomomola, F|100/100
|move|p2a: Darkrai|Dark Pulse|p1a: Alomomola
|-damage|p1a: Alomomola|61/100
|
|-weather|Snowscape|[upkeep]
|upkeep
|turn|19
|
|t:|1776056813
|move|p2a: Darkrai|Dark Pulse|p1a: Alomomola
|-crit|p1a: Alomomola
|-damage|p1a: Alomomola|0 fnt
|faint|p1a: Alomomola
|
|-weather|Snowscape|[upkeep]
|upkeep
|
|t:|1776056819
|switch|p1a: Hoopa|Hoopa-Unbound|72/100
|turn|20
|inactive|Sniper20657 has 120 seconds left.
|
|t:|1776056856
|move|p1a: Hoopa|Drain Punch|p2a: Darkrai
|-supereffective|p2a: Darkrai
|-crit|p2a: Darkrai
|-damage|p2a: Darkrai|0 fnt
|-heal|p1a: Hoopa|99/100|[from] drain|[of] p2a: Darkrai
|faint|p2a: Darkrai
|
|-weather|none
|-fieldend|move: Psychic Terrain
|upkeep
|
|t:|1776056863
|switch|p2a: Zamazenta|Zamazenta|25/100
|turn|21
|
|t:|1776056868
|move|p2a: Zamazenta|Iron Defense|p2a: Zamazenta
|-boost|p2a: Zamazenta|def|2
|move|p1a: Hoopa|Drain Punch|p2a: Zamazenta
|-damage|p2a: Zamazenta|12/100
|-heal|p1a: Hoopa|100/100|[from] drain|[of] p2a: Zamazenta
|
|-heal|p2a: Zamazenta|18/100|[from] item: Leftovers
|upkeep
|turn|22
|
|t:|1776056886
|switch|p1a: Slowking|Slowking-Galar, F|69/100
|move|p2a: Zamazenta|Crunch|p1a: Slowking
|-supereffective|p1a: Slowking
|-damage|p1a: Slowking|24/100
|
|-heal|p2a: Zamazenta|24/100|[from] item: Leftovers
|upkeep
|turn|23
|
|t:|1776056897
|switch|p1a: Kingambit|Kingambit, F, tera:Fire|55/100
|-activate|p1a: Kingambit|ability: Supreme Overlord
|-start|p1a: Kingambit|fallen3|[silent]
|move|p2a: Zamazenta|Crunch|p1a: Kingambit
|-damage|p1a: Kingambit|40/100
|
|-heal|p2a: Zamazenta|31/100|[from] item: Leftovers
|-heal|p1a: Kingambit|46/100|[from] item: Leftovers
|upkeep
|turn|24
|
|t:|1776056904
|move|p1a: Kingambit|Sucker Punch|p2a: Zamazenta
|-resisted|p2a: Zamazenta
|-damage|p2a: Zamazenta|21/100
|move|p2a: Zamazenta|Body Press|p1a: Kingambit
|-damage|p1a: Kingambit|0 fnt
|faint|p1a: Kingambit
|-end|p1a: Kingambit|fallen3|[silent]
|
|-heal|p2a: Zamazenta|27/100|[from] item: Leftovers
|upkeep
|
|t:|1776056907
|switch|p1a: Slowking|Slowking-Galar, F|57/100
|turn|25
|
|t:|1776056915
|move|p2a: Zamazenta|Crunch|p1a: Slowking
|-supereffective|p1a: Slowking
|-damage|p1a: Slowking|16/100
|-unboost|p1a: Slowking|def|1
|move|p1a: Slowking|Sludge Bomb|p2a: Zamazenta
|-damage|p2a: Zamazenta|2/100
|-status|p2a: Zamazenta|psn
|
|-heal|p2a: Zamazenta|8/100 psn|[from] item: Leftovers
|-damage|p2a: Zamazenta|0 fnt|[from] psn
|faint|p2a: Zamazenta
|upkeep
|
|t:|1776056922
|switch|p2a: Heatran|Heatran, M|100/100
|-item|p2a: Heatran|Air Balloon
|turn|26
|inactive|Sniper20657 has 120 seconds left.
|
|t:|1776056941
|move|p2a: Heatran|Flamethrower|p1a: Slowking
|-damage|p1a: Slowking|0 fnt
|faint|p1a: Slowking
|
|upkeep
|
|t:|1776056944
|switch|p1a: Hoopa|Hoopa-Unbound|100/100
|turn|27
|
|t:|1776056958
|move|p1a: Hoopa|Hyperspace Fury|p2a: Heatran
|-damage|p2a: Heatran|48/100
|-unboost|p1a: Hoopa|def|1
|-enditem|p2a: Heatran|Air Balloon
|move|p2a: Heatran|Flamethrower|p1a: Hoopa
|-damage|p1a: Hoopa|64/100
|
|upkeep
|turn|28
|-message|Sniper20657 forfeited.
|
|win|goodgoodcush
|raw|goodgoodcush's rating: 1379 &rarr; <strong>1396</strong><br />(+17 for winning)
|raw|Sniper20657's rating: 1328 &rarr; <strong>1311</strong><br />(-17 for losing)
|l|☆Sniper20657
|player|p2|
|l|☆goodgoodcush
|player|p1|
