|html|<div class="broadcast-blue"><strong>[Gen 9] OU is currently suspecting Tera Blast! For information on how to participate check out the <a href="https://www.smogon.com/tools/suspects/view/200">suspect thread</a>.</strong></div>
|j|☆BAzz Barge
|j|☆THunDeR_174
|t:|1776285334
|gametype|singles
|player|p1|BAzz Barge|benga|1335
|player|p2|THunDeR_174|102|1296
|gen|9
|tier|[Gen 9] OU
|rated|
|rule|HP Percentage Mod: HP is shown in percentages
|rule|Endless Battle Clause: Forcing endless battles is banned
|rule|Species Clause: Limit one of each Pokémon
|rule|OHKO Clause: OHKO moves are banned
|rule|Evasion Items Clause: Evasion items are banned
|rule|Evasion Moves Clause: Evasion moves are banned
|rule|Evasion Abilities Clause: Evasion abilities are banned
|rule|Sleep Moves Clause: Sleep-inducing moves are banned
|clearpoke
|poke|p1|Tyranitar, F|
|poke|p1|Excadrill, M|
|poke|p1|Ogerpon-Cornerstone, F|
|poke|p1|Dragapult, F|
|poke|p1|Moltres|
|poke|p1|Corviknight, M|
|poke|p2|Great Tusk|
|poke|p2|Dragapult, F|
|poke|p2|Slowking-Galar, F|
|poke|p2|Kingambit, F|
|poke|p2|Pecharunt|
|poke|p2|Enamorus, F|
|teampreview
|inactive|Battle timer is ON: inactive players will automatically lose when time's up. (requested by THunDeR_174)
|
|t:|1776285361
|teamsize|p1|6
|teamsize|p2|6
|start
|switch|p1a: Ogerpon|Ogerpon-Cornerstone, F|100/100
|switch|p2a: Great Tusk|Great Tusk|100/100
|turn|1
|
|t:|1776285372
|move|p1a: Ogerpon|Power Whip|p2a: Great Tusk
|-supereffective|p2a: Great Tusk
|-damage|p2a: Great Tusk|28/100
|move|p2a: Great Tusk|Stealth Rock|p1a: Ogerpon
|-sidestart|p1: BAzz Barge|move: Stealth Rock
|
|upkeep
|turn|2
|
|t:|1776285384
|-end|p2a: Great Tusk|Protosynthesis|[silent]
|switch|p2a: Pecharunt|Pecharunt|100/100
|move|p1a: Ogerpon|Encore||[still]
|-fail|p1a: Ogerpon
|
|upkeep
|turn|3
|
|t:|1776285411
|move|p1a: Ogerpon|Ivy Cudgel|p2a: Pecharunt|[anim] Ivy Cudgel Rock
|-damage|p2a: Pecharunt|73/100
|move|p2a: Pecharunt|Malignant Chain|p1a: Ogerpon
|-damage|p1a: Ogerpon|65/100
|-status|p1a: Ogerpon|tox
|-start|p1a: Ogerpon|confusion|[from] ability: Poison Puppeteer|[of] p2a: Pecharunt
|
|-damage|p1a: Ogerpon|59/100 tox|[from] psn
|upkeep
|turn|4
|inactive|BAzz Barge has 120 seconds left.
|
|t:|1776285430
|switch|p1a: Corviknight|Corviknight, M|100/100
|-damage|p1a: Corviknight|88/100|[from] Stealth Rock
|-ability|p1a: Corviknight|Pressure
|move|p2a: Pecharunt|Recover|p2a: Pecharunt
|-heal|p2a: Pecharunt|100/100
|
|-heal|p1a: Corviknight|94/100|[from] item: Leftovers
|upkeep
|turn|5
|inactive|BAzz Barge has 120 seconds left.
|
|t:|1776285441
|move|p2a: Pecharunt|Parting Shot|p1a: Corviknight
|-unboost|p1a: Corviknight|atk|1
|-unboost|p1a: Corviknight|spa|1
|
|t:|1776285445
|switch|p2a: Enamorus|Enamorus, F|100/100|[from] Parting Shot
|move|p1a: Corviknight|Defog|p2a: Enamorus
|-boost|p2a: Enamorus|evasion|1
|-sideend|p1: BAzz Barge|Stealth Rock|[from] move: Defog|[of] p1a: Corviknight
|
|-heal|p1a: Corviknight|99/100|[from] item: Leftovers
|upkeep
|turn|6
|
|t:|1776285455
|move|p2a: Enamorus|Mystical Fire|p1a: Corviknight
|-supereffective|p1a: Corviknight
|-damage|p1a: Corviknight|54/100
|-unboost|p1a: Corviknight|spa|1
|move|p1a: Corviknight|U-turn|p2a: Enamorus|[miss]
|-miss|p1a: Corviknight|p2a: Enamorus
|
|-heal|p1a: Corviknight|60/100|[from] item: Leftovers
|upkeep
|turn|7
|
|t:|1776285467
|move|p2a: Enamorus|Mystical Fire|p1a: Corviknight
|-supereffective|p1a: Corviknight
|-damage|p1a: Corviknight|20/100
|-unboost|p1a: Corviknight|spa|1
|move|p1a: Corviknight|Roost|p1a: Corviknight
|-heal|p1a: Corviknight|70/100
|-singleturn|p1a: Corviknight|move: Roost
|
|-heal|p1a: Corviknight|76/100|[from] item: Leftovers
|upkeep
|turn|8
|
|t:|1776285479
|move|p2a: Enamorus|Mystical Fire|p1a: Corviknight
|-supereffective|p1a: Corviknight
|-damage|p1a: Corviknight|36/100
|-unboost|p1a: Corviknight|spa|1
|move|p1a: Corviknight|U-turn|p2a: Enamorus
|-resisted|p2a: Enamorus
|-damage|p2a: Enamorus|97/100
|
|t:|1776285487
|switch|p1a: Tyranitar|Tyranitar, F|100/100|[from] U-turn
|-weather|Sandstorm|[from] ability: Sand Stream|[of] p1a: Tyranitar
|
|-weather|Sandstorm|[upkeep]
|-damage|p2a: Enamorus|91/100|[from] Sandstorm
|upkeep
|turn|9
|
|t:|1776285512
|switch|p2a: Dragapult|Dragapult, F|100/100
|move|p1a: Tyranitar|Thunder Wave|p2a: Dragapult
|-status|p2a: Dragapult|par
|
|-weather|Sandstorm|[upkeep]
|-damage|p2a: Dragapult|95/100 par|[from] Sandstorm
|upkeep
|turn|10
|
|t:|1776285520
|move|p2a: Dragapult|U-turn|p1a: Tyranitar
|-supereffective|p1a: Tyranitar
|-damage|p1a: Tyranitar|42/100
|
|t:|1776285528
|switch|p2a: Pecharunt|Pecharunt|100/100|[from] U-turn
|move|p1a: Tyranitar|Knock Off|p2a: Pecharunt
|-supereffective|p2a: Pecharunt
|-damage|p2a: Pecharunt|57/100
|-damage|p1a: Tyranitar|25/100|[from] item: Rocky Helmet|[of] p2a: Pecharunt
|-enditem|p2a: Pecharunt|Rocky Helmet|[from] move: Knock Off|[of] p1a: Tyranitar
|
|-weather|Sandstorm|[upkeep]
|-damage|p2a: Pecharunt|51/100|[from] Sandstorm
|upkeep
|turn|11
|
|t:|1776285543
|move|p2a: Pecharunt|Recover|p2a: Pecharunt
|-heal|p2a: Pecharunt|100/100
|move|p1a: Tyranitar|Earthquake|p2a: Pecharunt
|-supereffective|p2a: Pecharunt
|-damage|p2a: Pecharunt|73/100
|
|-weather|Sandstorm|[upkeep]
|-damage|p2a: Pecharunt|67/100|[from] Sandstorm
|upkeep
|turn|12
|
|t:|1776285563
|switch|p2a: Enamorus|Enamorus, F|91/100
|switch|p1a: Dragapult|Dragapult, F|100/100
|
|-weather|Sandstorm|[upkeep]
|-damage|p2a: Enamorus|85/100|[from] Sandstorm
|-damage|p1a: Dragapult|95/100|[from] Sandstorm
|upkeep
|turn|13
|
|t:|1776285578
|-terastallize|p1a: Dragapult|Fairy
|move|p2a: Enamorus|Moonblast|p1a: Dragapult
|-damage|p1a: Dragapult|23/100
|-unboost|p1a: Dragapult|spa|1
|move|p1a: Dragapult|Shadow Ball|p2a: Enamorus
|-damage|p2a: Enamorus|39/100
|
|-weather|Sandstorm|[upkeep]
|-damage|p2a: Enamorus|32/100|[from] Sandstorm
|-damage|p1a: Dragapult|17/100|[from] Sandstorm
|upkeep
|turn|14
|
|t:|1776285592
|switch|p1a: Excadrill|Excadrill, M|100/100
|move|p2a: Enamorus|Moonblast|p1a: Excadrill
|-resisted|p1a: Excadrill
|-damage|p1a: Excadrill|60/100
|-unboost|p1a: Excadrill|spa|1
|
|-weather|Sandstorm|[upkeep]
|-damage|p2a: Enamorus|26/100|[from] Sandstorm
|upkeep
|turn|15
|
|t:|1776285605
|switch|p2a: Great Tusk|Great Tusk|28/100
|move|p1a: Excadrill|Iron Head|p2a: Great Tusk
|-damage|p2a: Great Tusk|2/100
|-damage|p1a: Excadrill|50/100|[from] item: Life Orb
|
|-weather|none
|upkeep
|turn|16
|
|t:|1776285614
|move|p1a: Excadrill|Earthquake|p2a: Great Tusk
|-damage|p2a: Great Tusk|0 fnt
|faint|p2a: Great Tusk
|-end|p2a: Great Tusk|Protosynthesis|[silent]
|-damage|p1a: Excadrill|40/100|[from] item: Life Orb
|
|upkeep
|
|t:|1776285626
|switch|p2a: Kingambit|Kingambit, F|100/100
|-activate|p2a: Kingambit|ability: Supreme Overlord
|-start|p2a: Kingambit|fallen1|[silent]
|turn|17
|
|t:|1776285634
|-terastallize|p2a: Kingambit|Flying
|move|p1a: Excadrill|Swords Dance|p1a: Excadrill
|-boost|p1a: Excadrill|atk|2
|move|p2a: Kingambit|Swords Dance|p2a: Kingambit
|-boost|p2a: Kingambit|atk|2
|
|upkeep
|turn|18
|
|t:|1776285645
|move|p2a: Kingambit|Sucker Punch||[still]
|-fail|p2a: Kingambit
|move|p1a: Excadrill|Swords Dance|p1a: Excadrill
|-boost|p1a: Excadrill|atk|2
|
|upkeep
|turn|19
|
|t:|1776285651
|move|p1a: Excadrill|Iron Head|p2a: Kingambit
|-damage|p2a: Kingambit|0 fnt
|faint|p2a: Kingambit
|-end|p2a: Kingambit|fallen1|[silent]
|-damage|p1a: Excadrill|30/100|[from] item: Life Orb
|
|upkeep
|
|t:|1776285654
|switch|p2a: Enamorus|Enamorus, F|26/100
|turn|20
|
|t:|1776285663
|switch|p1a: Moltres|Moltres|100/100
|move|p2a: Enamorus|Mystical Fire|p1a: Moltres
|-resisted|p1a: Moltres
|-damage|p1a: Moltres|85/100
|-unboost|p1a: Moltres|spa|1
|
|upkeep
|turn|21
|
|t:|1776285679
|switch|p2a: Dragapult|Dragapult, F|95/100 par
|move|p1a: Moltres|Flamethrower|p2a: Dragapult
|-resisted|p2a: Dragapult
|-damage|p2a: Dragapult|79/100 par
|
|upkeep
|turn|22
|
|t:|1776285689
|move|p1a: Moltres|Roost|p1a: Moltres
|-heal|p1a: Moltres|100/100
|-singleturn|p1a: Moltres|move: Roost
|move|p2a: Dragapult|Dragon Darts|p1a: Moltres
|-damage|p1a: Moltres|73/100
|-anim|p2a: Dragapult|Dragon Darts|p1a: Moltres
|-damage|p1a: Moltres|47/100
|
|upkeep
|turn|23
|
|t:|1776285701
|move|p1a: Moltres|U-turn|p2a: Dragapult
|-resisted|p2a: Dragapult
|-damage|p2a: Dragapult|70/100 par
|
|t:|1776285704
|switch|p1a: Dragapult|Dragapult, F, tera:Fairy|17/100|[from] U-turn
|move|p2a: Dragapult|Dragon Darts|p1a: Dragapult
|-immune|p1a: Dragapult
|
|upkeep
|turn|24
|
|t:|1776285713
|switch|p2a: Slowking|Slowking-Galar, F|100/100
|move|p1a: Dragapult|Shadow Ball|p2a: Slowking
|-supereffective|p2a: Slowking
|-damage|p2a: Slowking|35/100
|
|upkeep
|turn|25
|
|t:|1776285722
|switch|p2a: Enamorus|Enamorus, F|26/100
|move|p1a: Dragapult|Shadow Ball|p2a: Enamorus
|-damage|p2a: Enamorus|0 fnt
|faint|p2a: Enamorus
|
|upkeep
|
|t:|1776285725
|switch|p2a: Dragapult|Dragapult, F|70/100 par
|turn|26
|-message|THunDeR_174 forfeited.
|
|win|BAzz Barge
|raw|BAzz Barge's rating: 1335 &rarr; <strong>1353</strong><br />(+18 for winning)
|raw|THunDeR_174's rating: 1296 &rarr; <strong>1274</strong><br />(-22 for losing)
|l|☆THunDeR_174
|player|p2|
