|html|<div class="broadcast-blue"><strong>[Gen 9] OU is currently suspecting Tera Blast! For information on how to participate check out the <a href="https://www.smogon.com/tools/suspects/view/200">suspect thread</a>.</strong></div>
|j|☆gte3412
|j|‽Kantola
|t:|1776251420
|gametype|singles
|player|p1|gte3412|swimmer|1054
|player|p2|Kantola|266|1040
|gen|9
|tier|[Gen 9] OU
|rated|
|rule|HP Percentage Mod: HP is shown in percentages
|rule|Endless Battle Clause: Forcing endless battles is banned
|rule|Species Clause: Limit one of each Pokémon
|rule|OHKO Clause: OHKO moves are banned
|rule|Evasion Items Clause: Evasion items are banned
|rule|Evasion Moves Clause: Evasion moves are banned
|rule|Evasion Abilities Clause: Evasion abilities are banned
|rule|Sleep Moves Clause: Sleep-inducing moves are banned
|clearpoke
|poke|p1|Zebstrika, F|
|poke|p1|Pelipper, M|
|poke|p1|Cloyster, F|
|poke|p1|Chandelure, M|
|poke|p1|Gliscor, F|
|poke|p1|Clefable, M|
|poke|p2|Pelipper, F|
|poke|p2|Kingdra, M|
|poke|p2|Great Tusk|
|poke|p2|Amoonguss, F|
|poke|p2|Zapdos|
|poke|p2|Basculegion, M|
|teampreview
|
|t:|1776251446
|teamsize|p1|6
|teamsize|p2|6
|start
|switch|p1a: Zeb striker|Zebstrika, F|100/100
|switch|p2a: Pelipper|Pelipper, F, shiny|100/100
|-item|p1a: Zeb striker|Air Balloon
|-weather|RainDance|[from] ability: Drizzle|[of] p2a: Pelipper
|turn|1
|
|t:|1776251457
|-terastallize|p2a: Pelipper|Ground
|move|p1a: Zeb striker|Thunder|p2a: Pelipper
|-immune|p2a: Pelipper
|move|p2a: Pelipper|U-turn|p1a: Zeb striker
|-damage|p1a: Zeb striker|87/100
|-enditem|p1a: Zeb striker|Air Balloon
|
|t:|1776251467
|switch|p2a: Kingdra|Kingdra, M|100/100|[from] U-turn
|
|-weather|RainDance|[upkeep]
|upkeep
|turn|2
|
|t:|1776251493
|switch|p1a: igyr|Clefable, M|100/100
|move|p2a: Kingdra|Weather Ball|p1a: igyr
|-damage|p1a: igyr|30/100
|
|-weather|RainDance|[upkeep]
|upkeep
|turn|3
|
|t:|1776251504
|move|p2a: Kingdra|Weather Ball|p1a: igyr
|-damage|p1a: igyr|0 fnt
|faint|p1a: igyr
|
|-weather|RainDance|[upkeep]
|upkeep
|
|t:|1776251525
|switch|p1a: akapopo|Cloyster, F, shiny|100/100
|turn|4
|
|t:|1776251536
|move|p2a: Kingdra|Weather Ball|p1a: akapopo
|-resisted|p1a: akapopo
|-damage|p1a: akapopo|0 fnt
|faint|p1a: akapopo
|
|-weather|RainDance|[upkeep]
|upkeep
|
|t:|1776251551
|switch|p1a: Zeb striker|Zebstrika, F|87/100
|turn|5
|
|t:|1776251554
|move|p2a: Kingdra|Weather Ball|p1a: Zeb striker
|-damage|p1a: Zeb striker|0 fnt
|faint|p1a: Zeb striker
|
|-weather|RainDance|[upkeep]
|upkeep
|
|t:|1776251565
|switch|p1a: igui|Gliscor, F, shiny|100/100
|turn|6
|
|t:|1776251574
|move|p2a: Kingdra|Weather Ball|p1a: igui
|-supereffective|p1a: igui
|-damage|p1a: igui|0 fnt
|faint|p1a: igui
|
|-weather|RainDance|[upkeep]
|upkeep
|
|t:|1776251580
|switch|p1a: uba|Chandelure, M|100/100
|turn|7
|
|t:|1776251586
|move|p2a: Kingdra|Weather Ball|p1a: uba
|-supereffective|p1a: uba
|-damage|p1a: uba|0 fnt
|faint|p1a: uba
|
|-weather|RainDance|[upkeep]
|upkeep
|
|t:|1776251591
|switch|p1a: Pelipper|Pelipper, M|100/100
|turn|8
|
|t:|1776251595
|move|p2a: Kingdra|Weather Ball|p1a: Pelipper
|-resisted|p1a: Pelipper
|-damage|p1a: Pelipper|32/100
|move|p1a: Pelipper|Hurricane|p2a: Kingdra
|-damage|p2a: Kingdra|58/100
|-start|p2a: Kingdra|confusion
|
|-weather|none
|upkeep
|turn|9
|
|t:|1776251603
|-activate|p2a: Kingdra|confusion
|move|p2a: Kingdra|Weather Ball|p1a: Pelipper
|-damage|p1a: Pelipper|2/100
|move|p1a: Pelipper|Hurricane|p2a: Kingdra
|-damage|p2a: Kingdra|14/100
|
|upkeep
|turn|10
|
|t:|1776251611
|switch|p2a: Zapdos|Zapdos|100/100
|move|p1a: Pelipper|Hurricane|p2a: Zapdos
|-resisted|p2a: Zapdos
|-damage|p2a: Zapdos|87/100
|
|upkeep
|turn|11
|
|t:|1776251625
|move|p2a: Zapdos|Volt Switch|p1a: Pelipper
|-supereffective|p1a: Pelipper
|-damage|p1a: Pelipper|0 fnt
|faint|p1a: Pelipper
|
|win|Kantola
|raw|gte3412's rating: 1054 &rarr; <strong>1035</strong><br />(-19 for losing)
|raw|Kantola's rating: 1040 &rarr; <strong>1075</strong><br />(+35 for winning)
