|html|<div class="broadcast-blue"><strong>[Gen 9] OU is currently suspecting Tera Blast! For information on how to participate check out the <a href="https://www.smogon.com/tools/suspects/view/200">suspect thread</a>.</strong></div>
|j|☆la5495
|j|☆Dentroy32
|t:|1776055849
|gametype|singles
|player|p1|la5495|ghetsis|1263
|player|p2|Dentroy32|266|1225
|gen|9
|tier|[Gen 9] OU
|rated|
|rule|HP Percentage Mod: HP is shown in percentages
|rule|Endless Battle Clause: Forcing endless battles is banned
|rule|Species Clause: Limit one of each Pokémon
|rule|OHKO Clause: OHKO moves are banned
|rule|Evasion Items Clause: Evasion items are banned
|rule|Evasion Moves Clause: Evasion moves are banned
|rule|Evasion Abilities Clause: Evasion abilities are banned
|rule|Sleep Moves Clause: Sleep-inducing moves are banned
|clearpoke
|poke|p1|Cobalion|
|poke|p1|Iron Moth|
|poke|p1|Pecharunt|
|poke|p1|Great Tusk|
|poke|p1|Slither Wing|
|poke|p1|Primarina, M|
|poke|p2|Blastoise, M|
|poke|p2|Darkrai|
|poke|p2|Weezing-Galar, M|
|poke|p2|Kyurem|
|poke|p2|Moltres|
|poke|p2|Slither Wing|
|teampreview
|inactive|Battle timer is ON: inactive players will automatically lose when time's up. (requested by la5495)
|
|t:|1776055862
|teamsize|p1|6
|teamsize|p2|6
|start
|switch|p1a: Cobalion|Cobalion|100/100
|switch|p2a: Darkrai|Darkrai|100/100
|turn|1
|
|t:|1776055877
|switch|p2a: Moltres|Moltres|100/100
|move|p1a: Cobalion|Stealth Rock|p2a: Moltres
|-sidestart|p2: Dentroy32|move: Stealth Rock
|
|upkeep
|turn|2
|
|t:|1776055884
|move|p2a: Moltres|Flamethrower|p1a: Cobalion
|-supereffective|p1a: Cobalion
|-damage|p1a: Cobalion|0 fnt
|faint|p1a: Cobalion
|
|upkeep
|
|t:|1776055894
|switch|p1a: Iron Moth|Iron Moth|100/100
|-enditem|p1a: Iron Moth|Booster Energy
|-activate|p1a: Iron Moth|ability: Quark Drive|[fromitem]
|-start|p1a: Iron Moth|quarkdrivespe
|turn|3
|
|t:|1776055900
|switch|p2a: Blastoise|Blastoise, M|100/100
|-damage|p2a: Blastoise|88/100|[from] Stealth Rock
|move|p1a: Iron Moth|Substitute|p1a: Iron Moth
|-start|p1a: Iron Moth|Substitute
|-damage|p1a: Iron Moth|76/100
|
|-heal|p2a: Blastoise|94/100|[from] item: Leftovers
|upkeep
|turn|4
|inactive|Dentroy32 has 120 seconds left.
|
|t:|1776055935
|switch|p2a: Weezing|Weezing-Galar, M|100/100
|-damage|p2a: Weezing|88/100|[from] Stealth Rock
|move|p1a: Iron Moth|Sludge Wave|p2a: Weezing
|-damage|p2a: Weezing|19/100
|
|upkeep
|turn|5
|inactive|Dentroy32 has 120 seconds left.
|
|t:|1776055945
|move|p1a: Iron Moth|Fiery Dance|p2a: Weezing
|-damage|p2a: Weezing|0 fnt
|-boost|p1a: Iron Moth|spa|1
|faint|p2a: Weezing
|
|upkeep
|inactive|Dentroy32 has 120 seconds left.
|
|t:|1776055952
|switch|p2a: Kyurem|Kyurem|100/100
|-damage|p2a: Kyurem|76/100|[from] Stealth Rock
|-ability|p2a: Kyurem|Pressure
|turn|6
|inactive|Dentroy32 has 120 seconds left.
|
|t:|1776055981
|move|p1a: Iron Moth|Sludge Wave|p2a: Kyurem
|-damage|p2a: Kyurem|6/100
|move|p2a: Kyurem|Scale Shot|p1a: Iron Moth
|-activate|p1a: Iron Moth|move: Substitute|[damage]
|-end|p1a: Iron Moth|Substitute
|-damage|p1a: Iron Moth|57/100
|-damage|p1a: Iron Moth|36/100
|-damage|p1a: Iron Moth|17/100
|-hitcount|p1a: Iron Moth|5
|-unboost|p2a: Kyurem|def|1
|-boost|p2a: Kyurem|spe|1
|
|upkeep
|turn|7
|inactive|Dentroy32 has 120 seconds left.
|inactive|la5495 has 120 seconds left.
|
|t:|1776056004
|move|p1a: Iron Moth|Sludge Wave|p2a: Kyurem
|-damage|p2a: Kyurem|0 fnt
|faint|p2a: Kyurem
|
|upkeep
|
|t:|1776056016
|switch|p2a: Moltres|Moltres|100/100
|-damage|p2a: Moltres|51/100|[from] Stealth Rock
|turn|8
|inactive|la5495 has 120 seconds left.
|
|t:|1776056039
|move|p1a: Iron Moth|Sludge Wave|p2a: Moltres
|-damage|p2a: Moltres|0 fnt
|faint|p2a: Moltres
|
|upkeep
|
|t:|1776056045
|switch|p2a: Slither Wing|Slither Wing|100/100
|-damage|p2a: Slither Wing|88/100|[from] Stealth Rock
|-enditem|p2a: Slither Wing|Booster Energy
|-activate|p2a: Slither Wing|ability: Protosynthesis|[fromitem]
|-start|p2a: Slither Wing|protosynthesisatk
|turn|9
|inactive|Dentroy32 has 120 seconds left.
|
|t:|1776056051
|-end|p1a: Iron Moth|Quark Drive|[silent]
|switch|p1a: Pecharunt|Pecharunt|100/100
|move|p2a: Slither Wing|First Impression|p1a: Pecharunt
|-resisted|p1a: Pecharunt
|-damage|p1a: Pecharunt|94/100
|-damage|p2a: Slither Wing|72/100|[from] item: Rocky Helmet|[of] p1a: Pecharunt
|
|upkeep
|turn|10
|inactive|Dentroy32 has 120 seconds left.
|
|t:|1776056063
|-end|p2a: Slither Wing|Protosynthesis|[silent]
|switch|p2a: Blastoise|Blastoise, M|94/100
|-damage|p2a: Blastoise|82/100|[from] Stealth Rock
|move|p1a: Pecharunt|Parting Shot|p2a: Blastoise
|-unboost|p2a: Blastoise|atk|1
|-unboost|p2a: Blastoise|spa|1
|inactive|la5495 has 120 seconds left.
|
|t:|1776056078
|switch|p1a: Iron Moth|Iron Moth|17/100|[from] Parting Shot
|
|-heal|p2a: Blastoise|88/100|[from] item: Leftovers
|upkeep
|turn|11
|
|t:|1776056089
|switch|p2a: Slither Wing|Slither Wing|72/100
|-damage|p2a: Slither Wing|60/100|[from] Stealth Rock
|move|p1a: Iron Moth|Sludge Wave|p2a: Slither Wing
|-damage|p2a: Slither Wing|7/100
|
|upkeep
|turn|12
|
|t:|1776056097
|-end|p1a: Iron Moth|Quark Drive|[silent]
|switch|p1a: Pecharunt|Pecharunt|94/100
|move|p2a: Slither Wing|Flame Charge|p1a: Pecharunt
|-damage|p1a: Pecharunt|86/100
|-boost|p2a: Slither Wing|spe|1
|-damage|p2a: Slither Wing|0 fnt|[from] item: Rocky Helmet|[of] p1a: Pecharunt
|faint|p2a: Slither Wing
|-end|p2a: Slither Wing|Protosynthesis|[silent]
|
|upkeep
|
|t:|1776056107
|switch|p2a: Darkrai|Darkrai|100/100
|-damage|p2a: Darkrai|88/100|[from] Stealth Rock
|turn|13
|
|t:|1776056126
|switch|p1a: Primarina|Primarina, M|100/100
|move|p2a: Darkrai|Nasty Plot|p2a: Darkrai
|-boost|p2a: Darkrai|spa|2
|
|upkeep
|turn|14
|
|t:|1776056135
|-terastallize|p2a: Darkrai|Dark
|move|p2a: Darkrai|Dark Pulse|p1a: Primarina
|-resisted|p1a: Primarina
|-damage|p1a: Primarina|62/100
|move|p1a: Primarina|Moonblast|p2a: Darkrai
|-supereffective|p2a: Darkrai
|-damage|p2a: Darkrai|0 fnt
|faint|p2a: Darkrai
|
|upkeep
|-message|Dentroy32 forfeited.
|
|win|la5495
|raw|la5495's rating: 1263 &rarr; <strong>1285</strong><br />(+22 for winning)
|raw|Dentroy32's rating: 1225 &rarr; <strong>1203</strong><br />(-22 for losing)
|l|☆Dentroy32
|player|p2|
|l|☆la5495
|player|p1|
