|html|<div class="broadcast-blue"><strong>[Gen 9] OU is currently suspecting Tera Blast! For information on how to participate check out the <a href="https://www.smogon.com/tools/suspects/view/200">suspect thread</a>.</strong></div>
|j|☆Pig Perfect
|j|☆Gameboyrob
|t:|1776062839
|gametype|singles
|player|p1|Pig Perfect|workerice|1603
|player|p2|Gameboyrob|petrel|1453
|gen|9
|tier|[Gen 9] OU
|rated|
|rule|HP Percentage Mod: HP is shown in percentages
|rule|Endless Battle Clause: Forcing endless battles is banned
|rule|Species Clause: Limit one of each Pokémon
|rule|OHKO Clause: OHKO moves are banned
|rule|Evasion Items Clause: Evasion items are banned
|rule|Evasion Moves Clause: Evasion moves are banned
|rule|Evasion Abilities Clause: Evasion abilities are banned
|rule|Sleep Moves Clause: Sleep-inducing moves are banned
|clearpoke
|poke|p1|Iron Leaves|
|poke|p1|Iron Treads|
|poke|p1|Kingambit, F|
|poke|p1|Pawmot, F|
|poke|p1|Pincurchin, M|
|poke|p1|Raging Bolt|
|poke|p2|Ninetales, F|
|poke|p2|Ceruledge, F|
|poke|p2|Venusaur, F|
|poke|p2|Hatterene, F|
|poke|p2|Great Tusk|
|poke|p2|Walking Wake|
|teampreview
|inactive|Battle timer is ON: inactive players will automatically lose when time's up. (requested by Gameboyrob)
|
|t:|1776062855
|teamsize|p1|6
|teamsize|p2|6
|start
|switch|p1a: Sew What?|Pincurchin, M|100/100
|switch|p2a: Kurama Chakra Mode|Ninetales, F|100/100
|-weather|SunnyDay|[from] ability: Drought|[of] p2a: Kurama Chakra Mode
|-fieldstart|move: Electric Terrain|[from] ability: Electric Surge|[of] p1a: Sew What?
|turn|1
|
|t:|1776062865
|switch|p2a: Lynrd Spynrd|Great Tusk|100/100
|-activate|p2a: Lynrd Spynrd|ability: Protosynthesis
|-start|p2a: Lynrd Spynrd|protosynthesisspe
|move|p1a: Sew What?|Memento|p2a: Lynrd Spynrd
|-unboost|p2a: Lynrd Spynrd|atk|2
|-unboost|p2a: Lynrd Spynrd|spa|2
|faint|p1a: Sew What?
|
|-weather|SunnyDay|[upkeep]
|upkeep
|
|t:|1776062876
|switch|p1a: *Leaves Game*|Iron Leaves|100/100
|-activate|p1a: *Leaves Game*|ability: Quark Drive
|-start|p1a: *Leaves Game*|quarkdriveatk
|turn|2
|
|t:|1776062893
|-end|p2a: Lynrd Spynrd|Protosynthesis|[silent]
|switch|p2a: Die w A Smile|Hatterene, F|100/100
|move|p1a: *Leaves Game*|Trailblaze|p2a: Die w A Smile
|-damage|p2a: Die w A Smile|66/100
|-boost|p1a: *Leaves Game*|spe|1
|-enditem|p2a: Die w A Smile|Eject Button
|
|t:|1776062901
|switch|p2a: Slayboi Carti|Ceruledge, F|100/100
|
|-weather|SunnyDay|[upkeep]
|upkeep
|turn|3
|
|t:|1776062908
|-end|p1a: *Leaves Game*|Quark Drive|[silent]
|switch|p1a: Necky's Nuts|Raging Bolt|100/100
|-activate|p1a: Necky's Nuts|ability: Protosynthesis
|-start|p1a: Necky's Nuts|protosynthesisspa
|move|p2a: Slayboi Carti|Bitter Blade|p1a: Necky's Nuts
|-resisted|p1a: Necky's Nuts
|-damage|p1a: Necky's Nuts|69/100
|
|-weather|SunnyDay|[upkeep]
|upkeep
|turn|4
|
|t:|1776062920
|switch|p2a: Lynrd Spynrd|Great Tusk|100/100
|-activate|p2a: Lynrd Spynrd|ability: Protosynthesis
|-start|p2a: Lynrd Spynrd|protosynthesisspe
|move|p1a: Necky's Nuts|Dragon Pulse|p2a: Lynrd Spynrd
|-damage|p2a: Lynrd Spynrd|17/100
|
|-weather|SunnyDay|[upkeep]
|upkeep
|turn|5
|
|t:|1776062932
|move|p2a: Lynrd Spynrd|Headlong Rush|p1a: Necky's Nuts
|-supereffective|p1a: Necky's Nuts
|-damage|p1a: Necky's Nuts|0 fnt
|-unboost|p2a: Lynrd Spynrd|def|1
|-unboost|p2a: Lynrd Spynrd|spd|1
|faint|p1a: Necky's Nuts
|-end|p1a: Necky's Nuts|Protosynthesis|[silent]
|
|-weather|SunnyDay|[upkeep]
|upkeep
|
|t:|1776062937
|switch|p1a: Iron Trunk|Iron Treads|100/100
|-item|p1a: Iron Trunk|Air Balloon
|-activate|p1a: Iron Trunk|ability: Quark Drive
|-start|p1a: Iron Trunk|quarkdrivespe
|turn|6
|
|t:|1776062948
|-end|p2a: Lynrd Spynrd|Protosynthesis|[silent]
|switch|p2a: Venu Vidi Vici|Venusaur, F|100/100
|move|p1a: Iron Trunk|Earth Power|p2a: Venu Vidi Vici
|-damage|p2a: Venu Vidi Vici|60/100
|
|-weather|SunnyDay|[upkeep]
|upkeep
|turn|7
|
|t:|1776062961
|move|p2a: Venu Vidi Vici|Weather Ball|p1a: Iron Trunk
|-supereffective|p1a: Iron Trunk
|-damage|p1a: Iron Trunk|0 fnt
|-enditem|p1a: Iron Trunk|Air Balloon
|faint|p1a: Iron Trunk
|-end|p1a: Iron Trunk|Quark Drive|[silent]
|-damage|p2a: Venu Vidi Vici|50/100|[from] item: Life Orb
|
|-weather|SunnyDay|[upkeep]
|upkeep
|
|t:|1776062964
|switch|p1a: So ein Mist!|Kingambit, F|100/100
|-activate|p1a: So ein Mist!|ability: Supreme Overlord
|-start|p1a: So ein Mist!|fallen3|[silent]
|turn|8
|
|t:|1776062978
|switch|p2a: Slayboi Carti|Ceruledge, F|100/100
|move|p1a: So ein Mist!|Sucker Punch||[still]
|-fail|p1a: So ein Mist!
|
|-weather|none
|-fieldend|move: Electric Terrain
|upkeep
|turn|9
|
|t:|1776062987
|-terastallize|p1a: So ein Mist!|Ghost
|move|p2a: Slayboi Carti|Bitter Blade|p1a: So ein Mist!
|-damage|p1a: So ein Mist!|67/100
|move|p1a: So ein Mist!|Iron Head|p2a: Slayboi Carti
|-resisted|p2a: Slayboi Carti
|-damage|p2a: Slayboi Carti|56/100
|-ability|p2a: Slayboi Carti|Weak Armor|boost
|-unboost|p2a: Slayboi Carti|def|1
|-boost|p2a: Slayboi Carti|spe|2
|
|-heal|p1a: So ein Mist!|73/100|[from] item: Leftovers
|upkeep
|turn|10
|
|t:|1776063002
|switch|p2a: Kurama Chakra Mode|Ninetales, F|100/100
|-weather|SunnyDay|[from] ability: Drought|[of] p2a: Kurama Chakra Mode
|move|p1a: So ein Mist!|Iron Head|p2a: Kurama Chakra Mode
|-resisted|p2a: Kurama Chakra Mode
|-damage|p2a: Kurama Chakra Mode|63/100
|
|-weather|SunnyDay|[upkeep]
|-heal|p1a: So ein Mist!|79/100|[from] item: Leftovers
|upkeep
|turn|11
|
|t:|1776063009
|-end|p1a: So ein Mist!|fallen3|[silent]
|switch|p1a: Peak-Chu|Pawmot, F|100/100
|move|p2a: Kurama Chakra Mode|Will-O-Wisp|p1a: Peak-Chu|[miss]
|-miss|p2a: Kurama Chakra Mode|p1a: Peak-Chu
|
|-weather|SunnyDay|[upkeep]
|upkeep
|turn|12
|
|t:|1776063019
|move|p1a: Peak-Chu|Revival Blessing|p1a: Peak-Chu
|-enditem|p1a: Peak-Chu|Leppa Berry|[eat]
|-activate|p1a: Peak-Chu|item: Leppa Berry|Revival Blessing|[consumed]
|
|t:|1776063024
|-heal|p1: Necky's Nuts|50/100|[from] move: Revival Blessing
|move|p2a: Kurama Chakra Mode|Will-O-Wisp|p1a: Peak-Chu
|-status|p1a: Peak-Chu|brn
|
|-weather|SunnyDay|[upkeep]
|-damage|p1a: Peak-Chu|94/100 brn|[from] brn
|upkeep
|turn|13
|
|t:|1776063048
|move|p1a: Peak-Chu|Revival Blessing|p1a: Peak-Chu
|
|t:|1776063051
|-heal|p1: Sew What?|50/100|[from] move: Revival Blessing
|move|p2a: Kurama Chakra Mode|Encore||[still]
|-fail|p2a: Kurama Chakra Mode
|
|-weather|SunnyDay|[upkeep]
|-damage|p1a: Peak-Chu|88/100 brn|[from] brn
|upkeep
|turn|14
|
|t:|1776063063
|switch|p1a: Necky's Nuts|Raging Bolt|50/100
|-activate|p1a: Necky's Nuts|ability: Protosynthesis
|-start|p1a: Necky's Nuts|protosynthesisspa
|switch|p2a: Die w A Smile|Hatterene, F|66/100
|
|-weather|SunnyDay|[upkeep]
|upkeep
|turn|15
|
|t:|1776063075
|-end|p1a: Necky's Nuts|Protosynthesis|[silent]
|switch|p1a: Sew What?|Pincurchin, M|50/100
|-fieldstart|move: Electric Terrain|[from] ability: Electric Surge|[of] p1a: Sew What?
|move|p2a: Die w A Smile|Healing Wish|p2a: Die w A Smile
|faint|p2a: Die w A Smile
|
|-weather|SunnyDay|[upkeep]
|upkeep
|
|t:|1776063084
|switch|p2a: Lynrd Spynrd|Great Tusk|17/100
|-heal|p2a: Lynrd Spynrd|100/100|[from] move: Healing Wish
|-activate|p2a: Lynrd Spynrd|ability: Protosynthesis
|-start|p2a: Lynrd Spynrd|protosynthesisspe
|turn|16
|
|t:|1776063092
|move|p2a: Lynrd Spynrd|Knock Off|p1a: Sew What?
|-damage|p1a: Sew What?|26/100
|-enditem|p1a: Sew What?|Terrain Extender|[from] move: Knock Off|[of] p2a: Lynrd Spynrd
|move|p1a: Sew What?|Memento|p2a: Lynrd Spynrd
|-unboost|p2a: Lynrd Spynrd|atk|2
|-unboost|p2a: Lynrd Spynrd|spa|2
|faint|p1a: Sew What?
|
|-weather|SunnyDay|[upkeep]
|upkeep
|
|t:|1776063094
|switch|p1a: *Leaves Game*|Iron Leaves|100/100
|-activate|p1a: *Leaves Game*|ability: Quark Drive
|-start|p1a: *Leaves Game*|quarkdriveatk
|turn|17
|
|t:|1776063108
|-end|p2a: Lynrd Spynrd|Protosynthesis|[silent]
|switch|p2a: Slayboi Carti|Ceruledge, F|56/100
|move|p1a: *Leaves Game*|Trailblaze|p2a: Slayboi Carti
|-resisted|p2a: Slayboi Carti
|-crit|p2a: Slayboi Carti
|-damage|p2a: Slayboi Carti|17/100
|-boost|p1a: *Leaves Game*|spe|1
|-ability|p2a: Slayboi Carti|Weak Armor|boost
|-unboost|p2a: Slayboi Carti|def|1
|-boost|p2a: Slayboi Carti|spe|2
|
|-weather|none
|upkeep
|turn|18
|
|t:|1776063125
|-end|p1a: *Leaves Game*|Quark Drive|[silent]
|switch|p1a: Peak-Chu|Pawmot, F|88/100 brn
|move|p2a: Slayboi Carti|Bitter Blade|p1a: Peak-Chu
|-damage|p1a: Peak-Chu|12/100 brn
|-heal|p2a: Slayboi Carti|54/100|[from] drain|[of] p1a: Peak-Chu
|
|-damage|p1a: Peak-Chu|6/100 brn|[from] brn
|upkeep
|turn|19
|
|t:|1776063137
|move|p2a: Slayboi Carti|Bitter Blade|p1a: Peak-Chu
|-damage|p1a: Peak-Chu|0 fnt
|-heal|p2a: Slayboi Carti|57/100|[from] drain|[of] p1a: Peak-Chu
|faint|p1a: Peak-Chu
|
|upkeep
|
|t:|1776063167
|switch|p1a: Necky's Nuts|Raging Bolt|50/100
|-enditem|p1a: Necky's Nuts|Booster Energy
|-activate|p1a: Necky's Nuts|ability: Protosynthesis|[fromitem]
|-start|p1a: Necky's Nuts|protosynthesisspa
|turn|20
|
|t:|1776063179
|-terastallize|p2a: Slayboi Carti|Fairy
|move|p2a: Slayboi Carti|Tera Blast|p1a: Necky's Nuts|[anim] Tera Blast Fairy
|-supereffective|p1a: Necky's Nuts
|-damage|p1a: Necky's Nuts|0 fnt
|faint|p1a: Necky's Nuts
|-end|p1a: Necky's Nuts|Protosynthesis|[silent]
|
|upkeep
|inactive|Pig Perfect has 120 seconds left.
|
|t:|1776063212
|switch|p1a: So ein Mist!|Kingambit, F, tera:Ghost|79/100
|-activate|p1a: So ein Mist!|ability: Supreme Overlord
|-start|p1a: So ein Mist!|fallen5|[silent]
|turn|21
|
|t:|1776063232
|switch|p2a: Lynrd Spynrd|Great Tusk|100/100
|move|p1a: So ein Mist!|Sucker Punch||[still]
|-fail|p1a: So ein Mist!
|
|-heal|p1a: So ein Mist!|85/100|[from] item: Leftovers
|upkeep
|turn|22
|inactive|Pig Perfect has 120 seconds left.
|
|t:|1776063243
|move|p2a: Lynrd Spynrd|Knock Off|p1a: So ein Mist!
|-supereffective|p1a: So ein Mist!
|-damage|p1a: So ein Mist!|40/100
|-enditem|p1a: So ein Mist!|Leftovers|[from] move: Knock Off|[of] p2a: Lynrd Spynrd
|move|p1a: So ein Mist!|Iron Head|p2a: Lynrd Spynrd
|-damage|p2a: Lynrd Spynrd|57/100
|-damage|p1a: So ein Mist!|23/100|[from] item: Rocky Helmet|[of] p2a: Lynrd Spynrd
|
|-fieldend|move: Electric Terrain
|upkeep
|turn|23
|
|t:|1776063257
|move|p1a: So ein Mist!|Sucker Punch|p2a: Lynrd Spynrd
|-resisted|p2a: Lynrd Spynrd
|-damage|p2a: Lynrd Spynrd|39/100
|-damage|p1a: So ein Mist!|7/100|[from] item: Rocky Helmet|[of] p2a: Lynrd Spynrd
|move|p2a: Lynrd Spynrd|Knock Off|p1a: So ein Mist!
|-supereffective|p1a: So ein Mist!
|-damage|p1a: So ein Mist!|0 fnt
|faint|p1a: So ein Mist!
|-end|p1a: So ein Mist!|fallen5|[silent]
|
|upkeep
|
|t:|1776063260
|switch|p1a: *Leaves Game*|Iron Leaves|100/100
|turn|24
|
|t:|1776063271
|move|p1a: *Leaves Game*|Trailblaze|p2a: Lynrd Spynrd
|-supereffective|p2a: Lynrd Spynrd
|-damage|p2a: Lynrd Spynrd|3/100
|-boost|p1a: *Leaves Game*|spe|1
|-damage|p1a: *Leaves Game*|84/100|[from] item: Rocky Helmet|[of] p2a: Lynrd Spynrd
|move|p2a: Lynrd Spynrd|Knock Off|p1a: *Leaves Game*
|-supereffective|p1a: *Leaves Game*
|-damage|p1a: *Leaves Game*|15/100
|-enditem|p1a: *Leaves Game*|Assault Vest|[from] move: Knock Off|[of] p2a: Lynrd Spynrd
|
|upkeep
|turn|25
|-message|Pig Perfect forfeited.
|
|win|Gameboyrob
|raw|Pig Perfect's rating: 1603 &rarr; <strong>1575</strong><br />(-28 for losing)
|raw|Gameboyrob's rating: 1453 &rarr; <strong>1481</strong><br />(+28 for winning)
|l|☆Pig Perfect
|player|p1|
|l|☆Gameboyrob
|player|p2|
