|html|<div class="broadcast-blue"><strong>[Gen 9] OU is currently suspecting Tera Blast! For information on how to participate check out the <a href="https://www.smogon.com/tools/suspects/view/200">suspect thread</a>.</strong></div>
|j|‽rank 1 greninja
|j|☆ivaneras
|t:|1776106144
|gametype|singles
|player|p1|rank 1 greninja|169|1436
|player|p2|ivaneras|volkner|1389
|gen|9
|tier|[Gen 9] OU
|rated|
|rule|HP Percentage Mod: HP is shown in percentages
|rule|Endless Battle Clause: Forcing endless battles is banned
|rule|Species Clause: Limit one of each Pokémon
|rule|OHKO Clause: OHKO moves are banned
|rule|Evasion Items Clause: Evasion items are banned
|rule|Evasion Moves Clause: Evasion moves are banned
|rule|Evasion Abilities Clause: Evasion abilities are banned
|rule|Sleep Moves Clause: Sleep-inducing moves are banned
|clearpoke
|poke|p1|Pelipper, F|
|poke|p1|Tornadus-Therian, M|
|poke|p1|Barraskewda, M|
|poke|p1|Iron Treads|
|poke|p1|Ogerpon-Wellspring, F|
|poke|p1|Bronzong|
|poke|p2|Glimmora, F|
|poke|p2|Gliscor, M|
|poke|p2|Empoleon, M|
|poke|p2|Raging Bolt|
|poke|p2|Iron Valiant|
|poke|p2|Ogerpon-Wellspring, F|
|teampreview
|inactive|Battle timer is ON: inactive players will automatically lose when time's up. (requested by ivaneras)
|j| ohko_smeargle
|
|t:|1776106157
|teamsize|p1|6
|teamsize|p2|6
|start
|switch|p1a: Pelipper|Pelipper, F|100/100
|switch|p2a: Glimmora|Glimmora, F|100/100
|-weather|RainDance|[from] ability: Drizzle|[of] p1a: Pelipper
|turn|1
|
|t:|1776106159
|switch|p1a: Bronzong|Bronzong|100/100
|move|p2a: Glimmora|Power Gem|p1a: Bronzong
|-resisted|p1a: Bronzong
|-damage|p1a: Bronzong|85/100
|
|-weather|RainDance|[upkeep]
|-heal|p1a: Bronzong|91/100|[from] item: Leftovers
|upkeep
|turn|2
|
|t:|1776106166
|move|p2a: Glimmora|Stealth Rock|p1a: Bronzong
|-sidestart|p1: rank 1 greninja|move: Stealth Rock
|move|p1a: Bronzong|Weather Ball|p2a: Glimmora
|-supereffective|p2a: Glimmora
|-damage|p2a: Glimmora|13/100
|
|-weather|RainDance|[upkeep]
|-heal|p2a: Glimmora|20/100|[from] item: Black Sludge
|-heal|p1a: Bronzong|97/100|[from] item: Leftovers
|upkeep
|turn|3
|
|t:|1776106176
|switch|p2a: Ogerpon|Ogerpon-Wellspring, F|100/100
|move|p1a: Bronzong|Stealth Rock|p2a: Ogerpon
|-sidestart|p2: ivaneras|move: Stealth Rock
|
|-weather|RainDance|[upkeep]
|-heal|p1a: Bronzong|100/100|[from] item: Leftovers
|upkeep
|turn|4
|
|t:|1776106181
|move|p2a: Ogerpon|Swords Dance|p2a: Ogerpon
|-boost|p2a: Ogerpon|atk|2
|move|p1a: Bronzong|Psychic Noise|p2a: Ogerpon
|-damage|p2a: Ogerpon|62/100
|-start|p2a: Ogerpon|move: Heal Block
|
|-weather|RainDance|[upkeep]
|upkeep
|turn|5
|
|t:|1776106186
|switch|p1a: Ogerpon|Ogerpon-Wellspring, F|100/100
|-damage|p1a: Ogerpon|88/100|[from] Stealth Rock
|move|p2a: Ogerpon|Ivy Cudgel|p1a: Ogerpon|[anim] Ivy Cudgel Water
|-heal|p1a: Ogerpon|100/100|[from] ability: Water Absorb|[of] p2a: Ogerpon
|
|-weather|RainDance|[upkeep]
|-end|p2a: Ogerpon|move: Heal Block
|upkeep
|turn|6
|
|t:|1776106189
|move|p1a: Ogerpon|U-turn|p2a: Ogerpon
|-supereffective|p2a: Ogerpon
|-crit|p2a: Ogerpon
|-damage|p2a: Ogerpon|0 fnt
|faint|p2a: Ogerpon
|
|t:|1776106205
|switch|p1a: Iron Treads|Iron Treads|100/100|[from] U-turn
|-damage|p1a: Iron Treads|97/100|[from] Stealth Rock
|
|-weather|RainDance|[upkeep]
|upkeep
|
|t:|1776106210
|switch|p2a: Empoleon|Empoleon, M|100/100
|-damage|p2a: Empoleon|94/100|[from] Stealth Rock
|turn|7
|
|t:|1776106214
|move|p1a: Iron Treads|Rapid Spin|p2a: Empoleon
|-resisted|p2a: Empoleon
|-damage|p2a: Empoleon|88/100
|-boost|p1a: Iron Treads|spe|1
|-sideend|p1: rank 1 greninja|Stealth Rock|[from] move: Rapid Spin|[of] p1a: Iron Treads
|move|p2a: Empoleon|Surf|p1a: Iron Treads
|-supereffective|p1a: Iron Treads
|-damage|p1a: Iron Treads|46/100
|
|-weather|RainDance|[upkeep]
|-heal|p2a: Empoleon|94/100|[from] item: Leftovers
|upkeep
|turn|8
|
|t:|1776106223
|move|p1a: Iron Treads|Volt Switch|p2a: Empoleon
|-supereffective|p2a: Empoleon
|-damage|p2a: Empoleon|79/100
|
|t:|1776106226
|-end|p1a: Iron Treads|Quark Drive|[silent]
|switch|p1a: Ogerpon|Ogerpon-Wellspring, F|100/100|[from] Volt Switch
|move|p2a: Empoleon|Surf|p1a: Ogerpon
|-immune|p1a: Ogerpon|[from] ability: Water Absorb
|
|-weather|none
|-heal|p2a: Empoleon|85/100|[from] item: Leftovers
|upkeep
|turn|9
|
|t:|1776106231
|switch|p2a: Raging Bolt|Raging Bolt|100/100
|-damage|p2a: Raging Bolt|88/100|[from] Stealth Rock
|move|p1a: Ogerpon|Spikes|p2a: Raging Bolt
|-sidestart|p2: ivaneras|Spikes
|
|upkeep
|turn|10
|
|t:|1776106238
|move|p1a: Ogerpon|U-turn|p2a: Raging Bolt
|-damage|p2a: Raging Bolt|65/100
|
|t:|1776106240
|switch|p1a: Iron Treads|Iron Treads|46/100|[from] U-turn
|move|p2a: Raging Bolt|Draco Meteor|p1a: Iron Treads
|-resisted|p1a: Iron Treads
|-damage|p1a: Iron Treads|27/100
|-unboost|p2a: Raging Bolt|spa|2
|
|upkeep
|turn|11
|
|t:|1776106247
|-end|p1a: Iron Treads|Quark Drive|[silent]
|switch|p1a: Pelipper|Pelipper, F|100/100
|-weather|RainDance|[from] ability: Drizzle|[of] p1a: Pelipper
|-end|p2a: Raging Bolt|Protosynthesis|[silent]
|switch|p2a: Gliscor|Gliscor, M|100/100
|-damage|p2a: Gliscor|88/100|[from] Stealth Rock
|
|-weather|RainDance|[upkeep]
|-status|p2a: Gliscor|tox|[from] item: Toxic Orb
|upkeep
|turn|12
|
|t:|1776106251
|switch|p1a: Ogerpon|Ogerpon-Wellspring, F|100/100
|move|p2a: Gliscor|Protect||[still]
|-fail|p2a: Gliscor
|
|-weather|RainDance|[upkeep]
|-heal|p2a: Gliscor|100/100 tox|[from] ability: Poison Heal
|upkeep
|turn|13
|
|t:|1776106254
|move|p1a: Ogerpon|Spikes|p2a: Gliscor
|-sidestart|p2: ivaneras|Spikes
|move|p2a: Gliscor|U-turn|p1a: Ogerpon
|-supereffective|p1a: Ogerpon
|-damage|p1a: Ogerpon|56/100
|
|t:|1776106265
|switch|p2a: Iron Valiant|Iron Valiant|100/100|[from] U-turn
|-damage|p2a: Iron Valiant|94/100|[from] Stealth Rock
|-damage|p2a: Iron Valiant|78/100|[from] Spikes
|
|-weather|RainDance|[upkeep]
|upkeep
|turn|14
|
|t:|1776106274
|switch|p1a: Bronzong|Bronzong|100/100
|move|p2a: Iron Valiant|Moonblast|p1a: Bronzong
|-resisted|p1a: Bronzong
|-damage|p1a: Bronzong|73/100
|-damage|p2a: Iron Valiant|68/100|[from] item: Life Orb
|
|-weather|RainDance|[upkeep]
|-heal|p1a: Bronzong|79/100|[from] item: Leftovers
|upkeep
|turn|15
|
|t:|1776106280
|move|p2a: Iron Valiant|Knock Off|p1a: Bronzong
|-supereffective|p1a: Bronzong
|-damage|p1a: Bronzong|13/100
|-enditem|p1a: Bronzong|Leftovers|[from] move: Knock Off|[of] p2a: Iron Valiant
|-damage|p2a: Iron Valiant|58/100|[from] item: Life Orb
|move|p1a: Bronzong|Psychic Noise|p2a: Iron Valiant
|-supereffective|p2a: Iron Valiant
|-damage|p2a: Iron Valiant|0 fnt
|faint|p2a: Iron Valiant
|-end|p2a: Iron Valiant|Quark Drive|[silent]
|
|-weather|RainDance|[upkeep]
|upkeep
|
|t:|1776106295
|switch|p2a: Empoleon|Empoleon, M|85/100
|-damage|p2a: Empoleon|79/100|[from] Stealth Rock
|-damage|p2a: Empoleon|62/100|[from] Spikes
|turn|16
|
|t:|1776106297
|move|p2a: Empoleon|Ice Beam|p1a: Bronzong
|-resisted|p1a: Bronzong
|-damage|p1a: Bronzong|3/100
|move|p1a: Bronzong|Body Press|p2a: Empoleon
|-supereffective|p2a: Empoleon
|-damage|p2a: Empoleon|17/100
|
|-weather|RainDance|[upkeep]
|-heal|p2a: Empoleon|23/100|[from] item: Leftovers
|upkeep
|turn|17
|
|t:|1776106304
|move|p2a: Empoleon|Roost|p2a: Empoleon
|-heal|p2a: Empoleon|73/100
|-singleturn|p2a: Empoleon|move: Roost
|move|p1a: Bronzong|Body Press|p2a: Empoleon
|-supereffective|p2a: Empoleon
|-damage|p2a: Empoleon|32/100
|
|-weather|RainDance|[upkeep]
|-heal|p2a: Empoleon|39/100|[from] item: Leftovers
|upkeep
|turn|18
|
|t:|1776106308
|move|p2a: Empoleon|Roost|p2a: Empoleon
|-heal|p2a: Empoleon|89/100
|-singleturn|p2a: Empoleon|move: Roost
|move|p1a: Bronzong|Psychic Noise|p2a: Empoleon
|-resisted|p2a: Empoleon
|-damage|p2a: Empoleon|80/100
|-start|p2a: Empoleon|move: Heal Block
|
|-weather|none
|upkeep
|turn|19
|
|t:|1776106311
|move|p2a: Empoleon|Ice Beam|p1a: Bronzong
|-resisted|p1a: Bronzong
|-damage|p1a: Bronzong|0 fnt
|faint|p1a: Bronzong
|
|-end|p2a: Empoleon|move: Heal Block
|upkeep
|
|t:|1776106319
|switch|p1a: Barraskewda|Barraskewda, M|100/100
|turn|20
|
|t:|1776106328
|switch|p2a: Glimmora|Glimmora, F|20/100
|-damage|p2a: Glimmora|7/100|[from] Stealth Rock
|-damage|p2a: Glimmora|0 fnt|[from] Spikes
|faint|p2a: Glimmora
|-terastallize|p1a: Barraskewda|Water
|move|p1a: Barraskewda|Flip Turn|p2: Glimmora|[notarget]
|-fail|p1a: Barraskewda
|
|upkeep
|
|t:|1776106337
|switch|p2a: Raging Bolt|Raging Bolt|65/100
|-damage|p2a: Raging Bolt|52/100|[from] Stealth Rock
|-damage|p2a: Raging Bolt|36/100|[from] Spikes
|turn|21
|
|t:|1776106339
|move|p1a: Barraskewda|Flip Turn|p2a: Raging Bolt
|-resisted|p2a: Raging Bolt
|-damage|p2a: Raging Bolt|9/100
|
|t:|1776106342
|switch|p1a: Pelipper|Pelipper, F|100/100|[from] Flip Turn
|-weather|RainDance|[from] ability: Drizzle|[of] p1a: Pelipper
|move|p2a: Raging Bolt|Draco Meteor|p1a: Pelipper
|-damage|p1a: Pelipper|0 fnt
|-unboost|p2a: Raging Bolt|spa|2
|faint|p1a: Pelipper
|
|-weather|RainDance|[upkeep]
|upkeep
|-message|ivaneras forfeited.
|
|win|rank 1 greninja
|raw|rank 1 greninja's rating: 1436 &rarr; <strong>1453</strong><br />(+17 for winning)
|raw|ivaneras's rating: 1389 &rarr; <strong>1372</strong><br />(-17 for losing)
|l|☆ivaneras
|player|p2|
|l| ohko_smeargle
|l|‽rank 1 greninja
|player|p1|
