|html|<div class="broadcast-blue"><strong>[Gen 9] OU is currently suspecting Tera Blast! For information on how to participate check out the <a href="https://www.smogon.com/tools/suspects/view/200">suspect thread</a>.</strong></div>
|badge|p1|silver|gen9ou|30-9
|uhtml|medal-msg|<div class="broadcast-blue">Curious what those medals under the avatar are? PS now has Ladder Seasons! For more information, check out the <a href="https://www.smogon.com/forums/threads/3740067/">thread on Smogon.</a></div>
|badge|p2|silver|gen9ou|30-9
|badge|p2|silver|gen9ubers|30-9
|uhtml|medal-msg|<div class="broadcast-blue">Curious what those medals under the avatar are? PS now has Ladder Seasons! For more information, check out the <a href="https://www.smogon.com/forums/threads/3740067/">thread on Smogon.</a></div>
|raw|<div class="broadcast-blue"><strong>This battle is required to be public due to a player having a name starting with 'ulthz25'.</div>
|j|☆lowladdert
|j|☆ULTHZ25 LASERS
|t:|1776064462
|gametype|singles
|player|p1|lowladdert|plasmagrunt|1946
|player|p2|ULTHZ25 LASERS|2|1922
|gen|9
|tier|[Gen 9] OU
|rated|
|rule|HP Percentage Mod: HP is shown in percentages
|rule|Endless Battle Clause: Forcing endless battles is banned
|rule|Species Clause: Limit one of each Pokémon
|rule|OHKO Clause: OHKO moves are banned
|rule|Evasion Items Clause: Evasion items are banned
|rule|Evasion Moves Clause: Evasion moves are banned
|rule|Evasion Abilities Clause: Evasion abilities are banned
|rule|Sleep Moves Clause: Sleep-inducing moves are banned
|clearpoke
|poke|p1|Gliscor, M|
|poke|p1|Latios, M|
|poke|p1|Clodsire, F|
|poke|p1|Mandibuzz, F|
|poke|p1|Pecharunt|
|poke|p1|Lokix, F|
|poke|p2|Landorus-Therian, M|
|poke|p2|Kyurem|
|poke|p2|Ceruledge, F|
|poke|p2|Hatterene, F|
|poke|p2|Kingambit, M|
|poke|p2|Zamazenta-*|
|teampreview
|inactive|Battle timer is ON: inactive players will automatically lose when time's up. (requested by lowladdert)
|
|t:|1776064473
|teamsize|p1|6
|teamsize|p2|6
|start
|switch|p1a: Latios|Latios, M|100/100
|switch|p2a: Hatterene|Hatterene, F|100/100
|turn|1
|
|t:|1776064484
|-terastallize|p1a: Latios|Steel
|move|p1a: Latios|Psychic Noise|p2a: Hatterene
|-resisted|p2a: Hatterene
|-damage|p2a: Hatterene|86/100
|-start|p2a: Hatterene|move: Heal Block
|cant|p2a: Hatterene|move: Heal Block|Draining Kiss
|
|upkeep
|turn|2
|
|t:|1776064492
|switch|p1a: Gliscor|Gliscor, M|100/100
|move|p2a: Hatterene|Mystical Fire|p1a: Gliscor
|-damage|p1a: Gliscor|79/100
|-unboost|p1a: Gliscor|spa|1
|
|-end|p2a: Hatterene|move: Heal Block
|-status|p1a: Gliscor|tox|[from] item: Toxic Orb
|upkeep
|turn|3
|j| Too Many Caps
|
|t:|1776064501
|move|p1a: Gliscor|Knock Off|p2a: Hatterene
|-damage|p2a: Hatterene|62/100
|-enditem|p2a: Hatterene|Assault Vest|[from] move: Knock Off|[of] p1a: Gliscor
|move|p2a: Hatterene|Psyshock|p1a: Gliscor
|-damage|p1a: Gliscor|45/100 tox
|
|-heal|p1a: Gliscor|58/100 tox|[from] ability: Poison Heal
|upkeep
|turn|4
|
|t:|1776064509
|move|p1a: Gliscor|Protect|p1a: Gliscor
|-singleturn|p1a: Gliscor|Protect
|move|p2a: Hatterene|Draining Kiss|p1a: Gliscor
|-activate|p1a: Gliscor|move: Protect
|
|-heal|p1a: Gliscor|70/100 tox|[from] ability: Poison Heal
|upkeep
|turn|5
|
|t:|1776064516
|move|p1a: Gliscor|U-turn|p2a: Hatterene
|-damage|p2a: Hatterene|44/100
|
|t:|1776064520
|switch|p1a: Pecharunt|Pecharunt|100/100|[from] U-turn
|move|p2a: Hatterene|Draining Kiss|p1a: Pecharunt
|-resisted|p1a: Pecharunt
|-damage|p1a: Pecharunt|88/100
|-heal|p2a: Hatterene|55/100|[from] drain|[of] p1a: Pecharunt
|
|upkeep
|turn|6
|
|t:|1776064526
|switch|p2a: Landorus|Landorus-Therian, M|100/100
|-ability|p2a: Landorus|Intimidate|boost
|-unboost|p1a: Pecharunt|atk|1
|move|p1a: Pecharunt|Malignant Chain|p2a: Landorus
|-resisted|p2a: Landorus
|-damage|p2a: Landorus|85/100
|
|upkeep
|turn|7
|
|t:|1776064529
|move|p2a: Landorus|Stealth Rock|p1a: Pecharunt
|-sidestart|p1: lowladdert|move: Stealth Rock
|move|p1a: Pecharunt|Malignant Chain|p2a: Landorus
|-resisted|p2a: Landorus
|-damage|p2a: Landorus|68/100
|
|upkeep
|turn|8
|
|t:|1776064535
|switch|p1a: Gliscor|Gliscor, M|70/100 tox
|-damage|p1a: Gliscor|58/100 tox|[from] Stealth Rock
|move|p2a: Landorus|Earth Power|p1a: Gliscor
|-immune|p1a: Gliscor
|
|-heal|p1a: Gliscor|70/100 tox|[from] ability: Poison Heal
|upkeep
|turn|9
|
|t:|1776064539
|move|p2a: Landorus|Taunt|p1a: Gliscor
|-start|p1a: Gliscor|move: Taunt
|move|p1a: Gliscor|U-turn|p2a: Landorus
|-resisted|p2a: Landorus
|-damage|p2a: Landorus|60/100
|-damage|p1a: Gliscor|54/100 tox|[from] item: Rocky Helmet|[of] p2a: Landorus
|
|t:|1776064544
|switch|p1a: Latios|Latios, M, tera:Steel|100/100|[from] U-turn
|-damage|p1a: Latios|95/100|[from] Stealth Rock
|
|upkeep
|turn|10
|
|t:|1776064551
|switch|p2a: Hatterene|Hatterene, F|55/100
|move|p1a: Latios|Draco Meteor|p2a: Hatterene
|-immune|p2a: Hatterene
|
|upkeep
|turn|11
|
|t:|1776064556
|switch|p1a: Pecharunt|Pecharunt|88/100
|move|p2a: Hatterene|Draining Kiss|p1a: Pecharunt
|-resisted|p1a: Pecharunt
|-damage|p1a: Pecharunt|75/100
|-heal|p2a: Hatterene|67/100|[from] drain|[of] p1a: Pecharunt
|
|upkeep
|turn|12
|
|t:|1776064561
|switch|p2a: Landorus|Landorus-Therian, M|60/100
|-ability|p2a: Landorus|Intimidate|boost
|-unboost|p1a: Pecharunt|atk|1
|move|p1a: Pecharunt|Malignant Chain|p2a: Landorus
|-resisted|p2a: Landorus
|-damage|p2a: Landorus|43/100
|
|upkeep
|turn|13
|
|t:|1776064565
|move|p2a: Landorus|Earth Power|p1a: Pecharunt
|-supereffective|p1a: Pecharunt
|-damage|p1a: Pecharunt|7/100
|move|p1a: Pecharunt|Recover|p1a: Pecharunt
|-heal|p1a: Pecharunt|57/100
|
|upkeep
|turn|14
|
|t:|1776064569
|move|p2a: Landorus|U-turn|p1a: Pecharunt
|-resisted|p1a: Pecharunt
|-damage|p1a: Pecharunt|54/100
|
|t:|1776064572
|switch|p2a: Kingambit|Kingambit, M|100/100|[from] U-turn
|move|p1a: Pecharunt|Recover|p1a: Pecharunt
|-heal|p1a: Pecharunt|100/100
|
|upkeep
|turn|15
|
|t:|1776064578
|switch|p1a: Mandibuzz|Mandibuzz, F|100/100
|-end|p2a: Kingambit|fallenundefined|[silent]
|switch|p2a: Hatterene|Hatterene, F|67/100
|
|upkeep
|turn|16
|
|t:|1776064581
|switch|p1a: Pecharunt|Pecharunt|100/100
|move|p2a: Hatterene|Draining Kiss|p1a: Pecharunt
|-resisted|p1a: Pecharunt
|-damage|p1a: Pecharunt|87/100
|-heal|p2a: Hatterene|78/100|[from] drain|[of] p1a: Pecharunt
|
|upkeep
|turn|17
|
|t:|1776064587
|switch|p1a: Lokix|Lokix, F|100/100
|-damage|p1a: Lokix|76/100|[from] Stealth Rock
|switch|p2a: Landorus|Landorus-Therian, M|43/100
|-ability|p2a: Landorus|Intimidate|boost
|-unboost|p1a: Lokix|atk|1
|
|upkeep
|turn|18
|
|t:|1776064591
|move|p1a: Lokix|Knock Off|p2a: Landorus
|-damage|p2a: Landorus|5/100
|-damage|p1a: Lokix|59/100|[from] item: Rocky Helmet|[of] p2a: Landorus
|-enditem|p2a: Landorus|Rocky Helmet|[from] move: Knock Off|[of] p1a: Lokix
|move|p2a: Landorus|U-turn|p1a: Lokix
|-supereffective|p1a: Lokix
|-damage|p1a: Lokix|3/100
|
|t:|1776064604
|switch|p2a: Ceruledge|Ceruledge, F|100/100|[from] U-turn
|
|upkeep
|turn|19
|
|t:|1776064607
|switch|p1a: Mandibuzz|Mandibuzz, F|100/100
|switch|p2a: Landorus|Landorus-Therian, M|5/100
|-ability|p2a: Landorus|Intimidate|boost
|-unboost|p1a: Mandibuzz|atk|1
|
|upkeep
|turn|20
|
|t:|1776064616
|move|p2a: Landorus|Taunt|p1a: Mandibuzz
|-start|p1a: Mandibuzz|move: Taunt
|cant|p1a: Mandibuzz|move: Taunt|Defog
|
|upkeep
|turn|21
|
|t:|1776064619
|move|p2a: Landorus|U-turn|p1a: Mandibuzz
|-damage|p1a: Mandibuzz|88/100
|
|t:|1776064621
|switch|p2a: Kyurem|Kyurem|100/100|[from] U-turn
|-ability|p2a: Kyurem|Pressure
|move|p1a: Mandibuzz|Foul Play|p2a: Kyurem
|-damage|p2a: Kyurem|56/100
|
|upkeep
|turn|22
|
|t:|1776064625
|switch|p1a: Pecharunt|Pecharunt|87/100
|move|p2a: Kyurem|Icicle Spear|p1a: Pecharunt
|-damage|p1a: Pecharunt|78/100
|-damage|p1a: Pecharunt|70/100
|-damage|p1a: Pecharunt|62/100
|-damage|p1a: Pecharunt|54/100
|-hitcount|p1a: Pecharunt|4
|
|upkeep
|turn|23
|
|t:|1776064630
|move|p2a: Kyurem|Dragon Dance|p2a: Kyurem
|-boost|p2a: Kyurem|atk|1
|-boost|p2a: Kyurem|spe|1
|move|p1a: Pecharunt|Recover|p1a: Pecharunt
|-heal|p1a: Pecharunt|100/100
|
|upkeep
|turn|24
|j| tonyrby
|
|t:|1776064632
|move|p2a: Kyurem|Icicle Spear|p1a: Pecharunt
|-damage|p1a: Pecharunt|89/100
|-damage|p1a: Pecharunt|78/100
|-damage|p1a: Pecharunt|67/100
|-crit|p1a: Pecharunt
|-damage|p1a: Pecharunt|48/100
|-hitcount|p1a: Pecharunt|4
|move|p1a: Pecharunt|Malignant Chain|p2a: Kyurem
|-damage|p2a: Kyurem|24/100
|-status|p2a: Kyurem|tox
|-start|p2a: Kyurem|confusion|[from] ability: Poison Puppeteer|[of] p1a: Pecharunt
|
|-damage|p2a: Kyurem|17/100 tox|[from] psn
|upkeep
|turn|25
|j| Dogedgr8
|
|t:|1776064636
|-activate|p2a: Kyurem|confusion
|move|p2a: Kyurem|Icicle Spear|p1a: Pecharunt
|-damage|p1a: Pecharunt|36/100
|-damage|p1a: Pecharunt|24/100
|-damage|p1a: Pecharunt|12/100
|-damage|p1a: Pecharunt|0 fnt
|faint|p1a: Pecharunt
|-hitcount|p1: Pecharunt|4
|
|-damage|p2a: Kyurem|5/100 tox|[from] psn
|upkeep
|
|t:|1776064639
|switch|p1a: Latios|Latios, M, tera:Steel|95/100
|-damage|p1a: Latios|89/100|[from] Stealth Rock
|turn|26
|
|t:|1776064642
|-activate|p2a: Kyurem|confusion
|-damage|p2a: Kyurem|0 fnt|[from] confusion
|faint|p2a: Kyurem
|move|p1a: Latios|Psychic Noise|p2: Kyurem|[notarget]
|-fail|p1a: Latios
|
|upkeep
|
|t:|1776064644
|switch|p2a: Ceruledge|Ceruledge, F|100/100
|turn|27
|
|t:|1776064648
|move|p1a: Latios|Psychic Noise|p2a: Ceruledge
|-damage|p2a: Ceruledge|48/100
|-start|p2a: Ceruledge|move: Heal Block
|cant|p2a: Ceruledge|move: Heal Block|Bitter Blade
|
|upkeep
|turn|28
|j| uswest
|
|t:|1776064653
|move|p2a: Ceruledge|Shadow Sneak|p1a: Latios
|-damage|p1a: Latios|52/100
|-damage|p2a: Ceruledge|38/100|[from] item: Life Orb
|move|p1a: Latios|Draco Meteor|p2a: Ceruledge
|-damage|p2a: Ceruledge|0 fnt
|-unboost|p1a: Latios|spa|2
|faint|p2a: Ceruledge
|
|upkeep
|
|t:|1776064656
|switch|p2a: Zamazenta|Zamazenta|100/100
|-ability|p2a: Zamazenta|Dauntless Shield|boost
|-boost|p2a: Zamazenta|def|1
|turn|29
|
|t:|1776064660
|switch|p1a: Clodsire|Clodsire, F|100/100
|-damage|p1a: Clodsire|94/100|[from] Stealth Rock
|move|p2a: Zamazenta|Iron Defense|p2a: Zamazenta
|-boost|p2a: Zamazenta|def|2
|
|upkeep
|turn|30
|
|t:|1776064669
|switch|p2a: Hatterene|Hatterene, F|78/100
|move|p1a: Clodsire|Poison Jab|p2a: Hatterene
|-supereffective|p2a: Hatterene
|-damage|p2a: Hatterene|26/100
|
|upkeep
|turn|31
|
|t:|1776064674
|move|p2a: Hatterene|Psyshock|p1a: Clodsire
|-supereffective|p1a: Clodsire
|-damage|p1a: Clodsire|0 fnt
|faint|p1a: Clodsire
|
|upkeep
|
|t:|1776064679
|switch|p1a: Mandibuzz|Mandibuzz, F|88/100
|turn|32
|
|t:|1776064683
|move|p1a: Mandibuzz|Foul Play|p2a: Hatterene
|-damage|p2a: Hatterene|0 fnt
|faint|p2a: Hatterene
|
|upkeep
|
|t:|1776064690
|switch|p2a: Landorus|Landorus-Therian, M|5/100
|-ability|p2a: Landorus|Intimidate|boost
|-unboost|p1a: Mandibuzz|atk|1
|turn|33
|
|t:|1776064693
|move|p2a: Landorus|Taunt|p1a: Mandibuzz
|-start|p1a: Mandibuzz|move: Taunt
|move|p1a: Mandibuzz|Foul Play|p2a: Landorus
|-crit|p2a: Landorus
|-damage|p2a: Landorus|0 fnt
|faint|p2a: Landorus
|
|upkeep
|
|t:|1776064695
|switch|p2a: Zamazenta|Zamazenta|100/100
|turn|34
|
|t:|1776064699
|switch|p1a: Gliscor|Gliscor, M|54/100 tox
|-damage|p1a: Gliscor|41/100 tox|[from] Stealth Rock
|move|p2a: Zamazenta|Iron Defense|p2a: Zamazenta
|-boost|p2a: Zamazenta|def|2
|
|-heal|p1a: Gliscor|54/100 tox|[from] ability: Poison Heal
|upkeep
|turn|35
|
|t:|1776064701
|move|p2a: Zamazenta|Iron Defense|p2a: Zamazenta
|-boost|p2a: Zamazenta|def|2
|move|p1a: Gliscor|Knock Off|p2a: Zamazenta
|-resisted|p2a: Zamazenta
|-damage|p2a: Zamazenta|98/100
|-enditem|p2a: Zamazenta|Leftovers|[from] move: Knock Off|[of] p1a: Gliscor
|
|-heal|p1a: Gliscor|66/100 tox|[from] ability: Poison Heal
|upkeep
|turn|36
|
|t:|1776064704
|move|p2a: Zamazenta|Iron Defense|p2a: Zamazenta
|-boost|p2a: Zamazenta|def|2
|move|p1a: Gliscor|U-turn|p2a: Zamazenta
|-resisted|p2a: Zamazenta
|-damage|p2a: Zamazenta|96/100
|
|t:|1776064708
|switch|p1a: Mandibuzz|Mandibuzz, F|88/100|[from] U-turn
|
|upkeep
|turn|37
|
|t:|1776064711
|move|p2a: Zamazenta|Body Press|p1a: Mandibuzz
|-damage|p1a: Mandibuzz|12/100
|move|p1a: Mandibuzz|Iron Defense|p1a: Mandibuzz
|-boost|p1a: Mandibuzz|def|2
|
|upkeep
|turn|38
|-message|lowladdert forfeited.
|
|win|ULTHZ25 LASERS
|raw|lowladdert's rating: 1946 &rarr; <strong>1925</strong><br />(-21 for losing)
|raw|ULTHZ25 LASERS's rating: 1922 &rarr; <strong>1943</strong><br />(+21 for winning)
|l|☆lowladdert
|player|p1|
|l|☆ULTHZ25 LASERS
|player|p2|
|l| uswest
