|html|<div class="broadcast-blue"><strong>[Gen 9] OU is currently suspecting Tera Blast! For information on how to participate check out the <a href="https://www.smogon.com/tools/suspects/view/200">suspect thread</a>.</strong></div>
|j|☆jurple
|j|☆luisovalle
|t:|1776032423
|gametype|singles
|player|p1|jurple|101|1335
|player|p2|luisovalle|silver|1282
|gen|9
|tier|[Gen 9] OU
|rated|
|rule|HP Percentage Mod: HP is shown in percentages
|rule|Endless Battle Clause: Forcing endless battles is banned
|rule|Species Clause: Limit one of each Pokémon
|rule|OHKO Clause: OHKO moves are banned
|rule|Evasion Items Clause: Evasion items are banned
|rule|Evasion Moves Clause: Evasion moves are banned
|rule|Evasion Abilities Clause: Evasion abilities are banned
|rule|Sleep Moves Clause: Sleep-inducing moves are banned
|clearpoke
|poke|p1|Eiscue, M|
|poke|p1|Dragonite, M|
|poke|p1|Hitmonlee, M|
|poke|p1|Vikavolt, M|
|poke|p1|Polteageist-Antique|
|poke|p1|Azelf|
|poke|p2|Latios, M|
|poke|p2|Cinderace, M|
|poke|p2|Meowscarada, F|
|poke|p2|Great Tusk|
|poke|p2|Pecharunt|
|poke|p2|Ting-Lu|
|teampreview
|inactive|Battle timer is ON: inactive players will automatically lose when time's up. (requested by luisovalle)
|
|t:|1776032433
|teamsize|p1|6
|teamsize|p2|6
|start
|switch|p1a: Vikavolt|Vikavolt, M|100/100
|switch|p2a: Meowscarada|Meowscarada, F|100/100
|turn|1
|
|t:|1776032440
|move|p2a: Meowscarada|Triple Axel|p1a: Vikavolt
|-start|p2a: Meowscarada|typechange|Ice|[from] ability: Protean
|-damage|p1a: Vikavolt|91/100
|-damage|p1a: Vikavolt|71/100
|-hitcount|p1a: Vikavolt|2
|move|p1a: Vikavolt|Sticky Web|p2a: Meowscarada
|-sidestart|p2: luisovalle|move: Sticky Web
|
|upkeep
|turn|2
|
|t:|1776032453
|move|p2a: Meowscarada|Triple Axel|p1a: Vikavolt
|-damage|p1a: Vikavolt|62/100
|-damage|p1a: Vikavolt|43/100
|-damage|p1a: Vikavolt|15/100
|-hitcount|p1a: Vikavolt|3
|move|p1a: Vikavolt|Flash Cannon|p2a: Meowscarada
|-supereffective|p2a: Meowscarada
|-damage|p2a: Meowscarada|0 fnt
|faint|p2a: Meowscarada
|
|upkeep
|
|t:|1776032461
|switch|p2a: Great Tusk|Great Tusk|100/100
|turn|3
|
|t:|1776032468
|move|p2a: Great Tusk|Headlong Rush|p1a: Vikavolt
|-immune|p1a: Vikavolt|[from] ability: Levitate
|move|p1a: Vikavolt|Flash Cannon|p2a: Great Tusk
|-damage|p2a: Great Tusk|58/100
|
|upkeep
|turn|4
|
|t:|1776032476
|move|p2a: Great Tusk|Rapid Spin|p1a: Vikavolt
|-damage|p1a: Vikavolt|0 fnt
|-boost|p2a: Great Tusk|spe|1
|-sideend|p2: luisovalle|Sticky Web|[from] move: Rapid Spin|[of] p2a: Great Tusk
|faint|p1a: Vikavolt
|
|upkeep
|
|t:|1776032499
|switch|p1a: Azelf|Azelf|100/100
|turn|5
|
|t:|1776032505
|-end|p2a: Great Tusk|Protosynthesis|[silent]
|switch|p2a: Ting-Lu|Ting-Lu, shiny|100/100
|-ability|p2a: Ting-Lu|Vessel of Ruin
|move|p1a: Azelf|Psychic|p2a: Ting-Lu
|-immune|p2a: Ting-Lu
|
|upkeep
|turn|6
|
|t:|1776032521
|switch|p1a: Eiscue|Eiscue, M|100/100
|move|p2a: Ting-Lu|Stealth Rock|p1a: Eiscue
|-sidestart|p1: jurple|move: Stealth Rock
|
|upkeep
|turn|7
|
|t:|1776032526
|move|p1a: Eiscue|Substitute|p1a: Eiscue
|-start|p1a: Eiscue|Substitute
|-damage|p1a: Eiscue|75/100
|move|p2a: Ting-Lu|Whirlwind|p1a: Eiscue
|drag|p1a: Hitmonlee|Hitmonlee, M|100/100
|-damage|p1a: Hitmonlee|94/100|[from] Stealth Rock
|
|upkeep
|turn|8
|
|t:|1776032536
|move|p1a: Hitmonlee|Rapid Spin|p2a: Ting-Lu
|-damage|p2a: Ting-Lu|93/100
|-boost|p1a: Hitmonlee|spe|1
|-sideend|p1: jurple|Stealth Rock|[from] move: Rapid Spin|[of] p1a: Hitmonlee
|move|p2a: Ting-Lu|Whirlwind|p1a: Hitmonlee
|drag|p1a: Azelf|Azelf|100/100
|
|-heal|p2a: Ting-Lu|99/100|[from] item: Leftovers
|upkeep
|turn|9
|
|t:|1776032546
|move|p1a: Azelf|Trick|p2a: Ting-Lu
|-activate|p1a: Azelf|move: Trick|[of] p2a: Ting-Lu
|-item|p2a: Ting-Lu|Choice Specs|[from] move: Trick
|-item|p1a: Azelf|Leftovers|[from] move: Trick
|move|p2a: Ting-Lu|Stealth Rock|p1a: Azelf
|-sidestart|p1: jurple|move: Stealth Rock
|
|upkeep
|turn|10
|
|t:|1776032558
|switch|p2a: Cinderace|Cinderace, M|100/100
|move|p1a: Azelf|Dazzling Gleam|p2a: Cinderace
|-resisted|p2a: Cinderace
|-damage|p2a: Cinderace|81/100
|
|upkeep
|turn|11
|
|t:|1776032568
|move|p2a: Cinderace|U-turn|p1a: Azelf
|-start|p2a: Cinderace|typechange|Bug|[from] ability: Libero
|-supereffective|p1a: Azelf
|-damage|p1a: Azelf|0 fnt
|faint|p1a: Azelf
|
|t:|1776032577
|switch|p2a: Pecharunt|Pecharunt|100/100|[from] U-turn
|
|upkeep
|
|t:|1776032589
|switch|p1a: Eiscue|Eiscue, M|75/100
|-damage|p1a: Eiscue|50/100|[from] Stealth Rock
|turn|12
|
|t:|1776032598
|move|p2a: Pecharunt|Malignant Chain|p1a: Eiscue
|-damage|p1a: Eiscue|12/100
|-enditem|p1a: Eiscue|Salac Berry|[eat]
|-boost|p1a: Eiscue|spe|1|[from] item: Salac Berry
|move|p1a: Eiscue|Substitute|p1a: Eiscue
|-fail|p1a: Eiscue|move: Substitute|[weak]
|
|upkeep
|turn|13
|
|t:|1776032606
|move|p1a: Eiscue|Ice Spinner|p2a: Pecharunt
|-damage|p2a: Pecharunt|85/100
|move|p2a: Pecharunt|Malignant Chain|p1a: Eiscue
|-damage|p1a: Eiscue|0 fnt
|faint|p1a: Eiscue
|
|-heal|p2a: Pecharunt|92/100|[from] item: Leftovers
|upkeep
|
|t:|1776032617
|switch|p1a: Polteageist|Polteageist-Antique|100/100
|-damage|p1a: Polteageist|88/100|[from] Stealth Rock
|turn|14
|
|t:|1776032626
|move|p1a: Polteageist|Shell Smash|p1a: Polteageist
|-unboost|p1a: Polteageist|def|1
|-unboost|p1a: Polteageist|spd|1
|-boost|p1a: Polteageist|atk|2
|-boost|p1a: Polteageist|spa|2
|-boost|p1a: Polteageist|spe|2
|move|p2a: Pecharunt|Parting Shot|p1a: Polteageist
|-unboost|p1a: Polteageist|atk|1
|-unboost|p1a: Polteageist|spa|1
|
|t:|1776032628
|switch|p2a: Ting-Lu|Ting-Lu, shiny|99/100|[from] Parting Shot
|-ability|p2a: Ting-Lu|Vessel of Ruin
|
|upkeep
|turn|15
|
|t:|1776032639
|move|p1a: Polteageist|Giga Drain|p2a: Ting-Lu
|-supereffective|p2a: Ting-Lu
|-damage|p2a: Ting-Lu|48/100
|-heal|p1a: Polteageist|100/100|[from] drain|[of] p2a: Ting-Lu
|move|p2a: Ting-Lu|Whirlwind|p1a: Polteageist
|drag|p1a: Dragonite|Dragonite, M|100/100
|-damage|p1a: Dragonite|76/100|[from] Stealth Rock
|
|upkeep
|turn|16
|
|t:|1776032648
|move|p1a: Dragonite|Dragon Dance|p1a: Dragonite
|-boost|p1a: Dragonite|atk|1
|-boost|p1a: Dragonite|spe|1
|move|p2a: Ting-Lu|Whirlwind|p1a: Dragonite
|drag|p1a: Polteageist|Polteageist-Antique|100/100
|-damage|p1a: Polteageist|88/100|[from] Stealth Rock
|
|upkeep
|turn|17
|
|t:|1776032659
|move|p1a: Polteageist|Giga Drain|p2a: Ting-Lu
|-supereffective|p2a: Ting-Lu
|-damage|p2a: Ting-Lu|12/100
|-heal|p1a: Polteageist|100/100|[from] drain|[of] p2a: Ting-Lu
|move|p2a: Ting-Lu|Whirlwind|p1a: Polteageist
|drag|p1a: Dragonite|Dragonite, M|76/100
|-damage|p1a: Dragonite|51/100|[from] Stealth Rock
|
|upkeep
|turn|18
|
|t:|1776032670
|move|p1a: Dragonite|Iron Head|p2a: Ting-Lu
|-damage|p2a: Ting-Lu|0 fnt
|faint|p2a: Ting-Lu
|
|upkeep
|
|t:|1776032673
|switch|p2a: Pecharunt|Pecharunt|92/100
|turn|19
|
|t:|1776032689
|-terastallize|p1a: Dragonite|Steel
|move|p1a: Dragonite|Dragon Dance|p1a: Dragonite
|-boost|p1a: Dragonite|atk|1
|-boost|p1a: Dragonite|spe|1
|move|p2a: Pecharunt|Malignant Chain|p1a: Dragonite
|-immune|p1a: Dragonite
|
|-heal|p2a: Pecharunt|98/100|[from] item: Leftovers
|upkeep
|turn|20
|
|t:|1776032703
|move|p1a: Dragonite|Dragon Dance|p1a: Dragonite
|-boost|p1a: Dragonite|atk|1
|-boost|p1a: Dragonite|spe|1
|move|p2a: Pecharunt|Parting Shot|p1a: Dragonite
|-unboost|p1a: Dragonite|atk|1
|-unboost|p1a: Dragonite|spa|1
|
|t:|1776032707
|switch|p2a: Great Tusk|Great Tusk|58/100|[from] Parting Shot
|
|upkeep
|turn|21
|
|t:|1776032719
|move|p1a: Dragonite|Outrage|p2a: Great Tusk
|-damage|p2a: Great Tusk|0 fnt
|faint|p2a: Great Tusk
|-end|p2a: Great Tusk|Protosynthesis|[silent]
|
|upkeep
|
|t:|1776032735
|switch|p2a: Latios|Latios, M|100/100
|turn|22
|
|t:|1776032747
|-terastallize|p2a: Latios|Steel
|move|p1a: Dragonite|Outrage|p2a: Latios|[from] lockedmove
|-resisted|p2a: Latios
|-damage|p2a: Latios|38/100
|move|p2a: Latios|Draco Meteor|p1a: Dragonite
|-resisted|p1a: Dragonite
|-damage|p1a: Dragonite|0 fnt
|-unboost|p2a: Latios|spa|2
|faint|p1a: Dragonite
|
|upkeep
|
|t:|1776032764
|switch|p1a: Hitmonlee|Hitmonlee, M|94/100
|-damage|p1a: Hitmonlee|88/100|[from] Stealth Rock
|turn|23
|
|t:|1776032769
|switch|p2a: Pecharunt|Pecharunt|98/100
|move|p1a: Hitmonlee|Rapid Spin|p2a: Pecharunt
|-immune|p2a: Pecharunt
|
|-heal|p2a: Pecharunt|100/100|[from] item: Leftovers
|upkeep
|turn|24
|
|t:|1776032779
|move|p1a: Hitmonlee|Endure|p1a: Hitmonlee
|-singleturn|p1a: Hitmonlee|move: Endure
|move|p2a: Pecharunt|Malignant Chain|p1a: Hitmonlee
|-damage|p1a: Hitmonlee|48/100
|-status|p1a: Hitmonlee|tox
|-start|p1a: Hitmonlee|confusion|[from] ability: Poison Puppeteer|[of] p2a: Pecharunt
|
|-damage|p1a: Hitmonlee|42/100 tox|[from] psn
|upkeep
|turn|25
|
|t:|1776032795
|-activate|p1a: Hitmonlee|confusion
|move|p1a: Hitmonlee|Sucker Punch||[still]
|-fail|p1a: Hitmonlee
|move|p2a: Pecharunt|Parting Shot|p1a: Hitmonlee
|-unboost|p1a: Hitmonlee|atk|1
|-unboost|p1a: Hitmonlee|spa|1
|
|t:|1776032806
|switch|p2a: Latios|Latios, M, tera:Steel|38/100|[from] Parting Shot
|
|-damage|p1a: Hitmonlee|30/100 tox|[from] psn
|upkeep
|turn|26
|
|t:|1776032813
|move|p2a: Latios|Luster Purge|p1a: Hitmonlee
|-supereffective|p1a: Hitmonlee
|-damage|p1a: Hitmonlee|0 fnt
|faint|p1a: Hitmonlee
|
|upkeep
|
|t:|1776032818
|switch|p1a: Polteageist|Polteageist-Antique|100/100
|-damage|p1a: Polteageist|88/100|[from] Stealth Rock
|turn|27
|
|t:|1776032826
|move|p2a: Latios|Luster Purge|p1a: Polteageist
|-damage|p1a: Polteageist|5/100
|-unboost|p1a: Polteageist|spd|1
|move|p1a: Polteageist|Shell Smash|p1a: Polteageist
|-unboost|p1a: Polteageist|def|1
|-unboost|p1a: Polteageist|spd|1
|-boost|p1a: Polteageist|atk|2
|-boost|p1a: Polteageist|spa|2
|-boost|p1a: Polteageist|spe|2
|
|upkeep
|turn|28
|
|t:|1776032842
|move|p1a: Polteageist|Shadow Ball|p2a: Latios
|-damage|p2a: Latios|0 fnt
|faint|p2a: Latios
|
|upkeep
|
|t:|1776032845
|switch|p2a: Pecharunt|Pecharunt|100/100
|turn|29
|
|t:|1776032849
|move|p1a: Polteageist|Stored Power|p2a: Pecharunt
|-supereffective|p2a: Pecharunt
|-damage|p2a: Pecharunt|0 fnt
|faint|p2a: Pecharunt
|
|upkeep
|
|t:|1776032852
|switch|p2a: Cinderace|Cinderace, M|81/100
|turn|30
|
|t:|1776032857
|move|p2a: Cinderace|Sucker Punch|p1a: Polteageist
|-start|p2a: Cinderace|typechange|Dark|[from] ability: Libero
|-supereffective|p1a: Polteageist
|-damage|p1a: Polteageist|0 fnt
|faint|p1a: Polteageist
|
|win|luisovalle
|raw|jurple's rating: 1335 &rarr; <strong>1312</strong><br />(-23 for losing)
|raw|luisovalle's rating: 1282 &rarr; <strong>1311</strong><br />(+29 for winning)
|c|☆luisovalle|GG
|c|☆jurple|gg
|l|☆jurple
|player|p1|
|l|☆luisovalle
|player|p2|
