|html|<div class="broadcast-blue"><strong>[Gen 9] OU is currently suspecting Tera Blast! For information on how to participate check out the <a href="https://www.smogon.com/tools/suspects/view/200">suspect thread</a>.</strong></div>
|j|☆medicant
|j|☆Anondree
|t:|1776032466
|gametype|singles
|player|p1|medicant|workerice|1461
|player|p2|Anondree|101|1477
|gen|9
|tier|[Gen 9] OU
|rated|
|rule|HP Percentage Mod: HP is shown in percentages
|rule|Endless Battle Clause: Forcing endless battles is banned
|rule|Species Clause: Limit one of each Pokémon
|rule|OHKO Clause: OHKO moves are banned
|rule|Evasion Items Clause: Evasion items are banned
|rule|Evasion Moves Clause: Evasion moves are banned
|rule|Evasion Abilities Clause: Evasion abilities are banned
|rule|Sleep Moves Clause: Sleep-inducing moves are banned
|clearpoke
|poke|p1|Iron Moth|
|poke|p1|Gliscor, M|
|poke|p1|Hatterene, F|
|poke|p1|Ogerpon-Wellspring, F|
|poke|p1|Raging Bolt|
|poke|p1|Zamazenta-*|
|poke|p2|Goodra-Hisui, M|
|poke|p2|Samurott-Hisui, F|
|poke|p2|Ting-Lu|
|poke|p2|Dragapult, F|
|poke|p2|Weezing-Galar, M|
|poke|p2|Ditto|
|teampreview
|j| deathsqhero
|inactive|Battle timer is ON: inactive players will automatically lose when time's up. (requested by medicant)
|inactive|Anondree has 120 seconds left.
|inactive|Anondree has 90 seconds left.
|inactive|Anondree has 60 seconds left.
|
|t:|1776032587
|teamsize|p1|6
|teamsize|p2|6
|start
|switch|p1a: Zamazenta|Zamazenta|100/100
|switch|p2a: Samurott|Samurott-Hisui, F|100/100
|-ability|p1a: Zamazenta|Dauntless Shield|boost
|-boost|p1a: Zamazenta|def|1
|turn|1
|
|t:|1776032598
|switch|p2a: Weezing|Weezing-Galar, M, shiny|100/100
|move|p1a: Zamazenta|Light Screen|p1a: Zamazenta
|-sidestart|p1: medicant|move: Light Screen
|
|upkeep
|turn|2
|
|t:|1776032607
|switch|p1a: Ogerpon|Ogerpon-Wellspring, F|100/100
|move|p2a: Weezing|Will-O-Wisp|p1a: Ogerpon
|-status|p1a: Ogerpon|brn
|
|-damage|p1a: Ogerpon|95/100 brn|[from] brn
|upkeep
|turn|3
|
|t:|1776032612
|move|p1a: Ogerpon|Encore|p2a: Weezing
|-start|p2a: Weezing|Encore
|move|p2a: Weezing|Will-O-Wisp|p1a: Ogerpon
|-fail|p1a: Ogerpon|brn
|
|-damage|p1a: Ogerpon|89/100 brn|[from] brn
|upkeep
|turn|4
|
|t:|1776032617
|move|p1a: Ogerpon|Swords Dance|p1a: Ogerpon
|-boost|p1a: Ogerpon|atk|2
|move|p2a: Weezing|Will-O-Wisp|p1a: Ogerpon
|-fail|p1a: Ogerpon|brn
|
|-damage|p1a: Ogerpon|83/100 brn|[from] brn
|upkeep
|turn|5
|
|t:|1776032622
|switch|p2a: Goodra|Goodra-Hisui, M|100/100
|move|p1a: Ogerpon|Swords Dance|p1a: Ogerpon
|-boost|p1a: Ogerpon|atk|2
|
|-damage|p1a: Ogerpon|77/100 brn|[from] brn
|upkeep
|turn|6
|l| deathsqhero
|
|t:|1776032628
|move|p1a: Ogerpon|Ivy Cudgel|p2a: Goodra|[anim] Ivy Cudgel Water
|-resisted|p2a: Goodra
|-damage|p2a: Goodra|57/100
|move|p2a: Goodra|Dragon Tail|p1a: Ogerpon
|-damage|p1a: Ogerpon|50/100 brn
|drag|p1a: Gliscor|Gliscor, M|100/100
|
|-heal|p2a: Goodra|64/100|[from] item: Leftovers
|-status|p1a: Gliscor|tox|[from] item: Toxic Orb
|upkeep
|turn|7
|
|t:|1776032636
|switch|p2a: Weezing|Weezing-Galar, M, shiny|100/100
|move|p1a: Gliscor|Earthquake|p2a: Weezing
|-immune|p2a: Weezing|[from] ability: Levitate
|
|upkeep
|turn|8
|
|t:|1776032645
|move|p1a: Gliscor|Agility|p1a: Gliscor
|-boost|p1a: Gliscor|spe|2
|move|p2a: Weezing|Toxic Spikes|p1a: Gliscor
|-sidestart|p1: medicant|move: Toxic Spikes
|
|-sideend|p1: medicant|move: Light Screen
|upkeep
|turn|9
|
|t:|1776032652
|move|p1a: Gliscor|Swords Dance|p1a: Gliscor
|-boost|p1a: Gliscor|atk|2
|move|p2a: Weezing|Clear Smog|p1a: Gliscor
|-resisted|p1a: Gliscor
|-damage|p1a: Gliscor|91/100 tox
|-clearboost|p1a: Gliscor
|
|-heal|p1a: Gliscor|100/100 tox|[from] ability: Poison Heal
|upkeep
|turn|10
|
|t:|1776032663
|move|p1a: Gliscor|Swords Dance|p1a: Gliscor
|-boost|p1a: Gliscor|atk|2
|move|p2a: Weezing|Clear Smog|p1a: Gliscor
|-resisted|p1a: Gliscor
|-damage|p1a: Gliscor|91/100 tox
|-clearboost|p1a: Gliscor
|
|-heal|p1a: Gliscor|100/100 tox|[from] ability: Poison Heal
|upkeep
|turn|11
|
|t:|1776032669
|move|p1a: Gliscor|Facade|p2a: Weezing
|-damage|p2a: Weezing|68/100
|-damage|p1a: Gliscor|84/100 tox|[from] item: Rocky Helmet|[of] p2a: Weezing
|move|p2a: Weezing|Toxic Spikes|p1a: Gliscor
|-sidestart|p1: medicant|move: Toxic Spikes
|
|-heal|p1a: Gliscor|96/100 tox|[from] ability: Poison Heal
|upkeep
|turn|12
|
|t:|1776032683
|switch|p2a: Ting-Lu|Ting-Lu|100/100
|-ability|p2a: Ting-Lu|Vessel of Ruin
|move|p1a: Gliscor|Agility|p1a: Gliscor
|-boost|p1a: Gliscor|spe|2
|
|-heal|p1a: Gliscor|100/100 tox|[from] ability: Poison Heal
|upkeep
|turn|13
|
|t:|1776032690
|move|p1a: Gliscor|Earthquake|p2a: Ting-Lu
|-damage|p2a: Ting-Lu|79/100
|move|p2a: Ting-Lu|Whirlwind|p1a: Gliscor
|drag|p1a: Hatterene|Hatterene, F|100/100
|-status|p1a: Hatterene|tox
|
|-heal|p2a: Ting-Lu|85/100|[from] item: Leftovers
|-damage|p1a: Hatterene|95/100 tox|[from] psn
|upkeep
|turn|14
|
|t:|1776032705
|switch|p2a: Ditto|Ditto, shiny|100/100
|-transform|p2a: Ditto|p1a: Hatterene|[from] ability: Imposter
|move|p1a: Hatterene|Draining Kiss|p2a: Ditto
|-damage|p2a: Ditto|74/100
|-heal|p1a: Hatterene|100/100 tox|[from] drain|[of] p2a: Ditto
|
|-damage|p1a: Hatterene|89/100 tox|[from] psn
|upkeep
|turn|15
|
|t:|1776032713
|switch|p1a: Iron Moth|Iron Moth|100/100
|-sideend|p1: medicant|move: Toxic Spikes|[of] p1a: Iron Moth
|-enditem|p1a: Iron Moth|Booster Energy
|-activate|p1a: Iron Moth|ability: Quark Drive|[fromitem]
|-start|p1a: Iron Moth|quarkdrivespe
|move|p2a: Ditto|Mystical Fire|p1a: Iron Moth
|-resisted|p1a: Iron Moth
|-damage|p1a: Iron Moth|89/100
|-unboost|p1a: Iron Moth|spa|1
|
|upkeep
|turn|16
|
|t:|1776032727
|-end|p1a: Iron Moth|Quark Drive|[silent]
|switch|p1a: Zamazenta|Zamazenta|100/100
|switch|p2a: Ting-Lu|Ting-Lu|85/100
|-ability|p2a: Ting-Lu|Vessel of Ruin
|
|-heal|p2a: Ting-Lu|91/100|[from] item: Leftovers
|upkeep
|turn|17
|
|t:|1776032734
|move|p1a: Zamazenta|Close Combat|p2a: Ting-Lu
|-supereffective|p2a: Ting-Lu
|-damage|p2a: Ting-Lu|40/100
|-unboost|p1a: Zamazenta|def|1
|-unboost|p1a: Zamazenta|spd|1
|move|p2a: Ting-Lu|Stealth Rock|p1a: Zamazenta
|-sidestart|p1: medicant|move: Stealth Rock
|
|-heal|p2a: Ting-Lu|46/100|[from] item: Leftovers
|upkeep
|turn|18
|
|t:|1776032743
|switch|p2a: Weezing|Weezing-Galar, M, shiny|68/100
|move|p1a: Zamazenta|Reflect|p1a: Zamazenta
|-sidestart|p1: medicant|Reflect
|
|upkeep
|turn|19
|
|t:|1776032757
|switch|p2a: Samurott|Samurott-Hisui, F|100/100
|move|p1a: Zamazenta|Light Screen|p1a: Zamazenta
|-sidestart|p1: medicant|move: Light Screen
|
|upkeep
|turn|20
|
|t:|1776032764
|switch|p1a: Ogerpon|Ogerpon-Wellspring, F|50/100 brn
|-damage|p1a: Ogerpon|37/100 brn|[from] Stealth Rock
|move|p2a: Samurott|Ceaseless Edge|p1a: Ogerpon
|-damage|p1a: Ogerpon|7/100 brn
|-sidestart|p1: medicant|Spikes
|
|-damage|p1a: Ogerpon|1/100 brn|[from] brn
|upkeep
|turn|21
|
|t:|1776032777
|move|p1a: Ogerpon|Trailblaze|p2a: Samurott
|-supereffective|p2a: Samurott
|-damage|p2a: Samurott|62/100
|-boost|p1a: Ogerpon|spe|1
|move|p2a: Samurott|Ceaseless Edge|p1a: Ogerpon
|-damage|p1a: Ogerpon|0 fnt
|-sidestart|p1: medicant|Spikes
|faint|p1a: Ogerpon
|
|upkeep
|
|t:|1776032799
|switch|p1a: Hatterene|Hatterene, F|89/100 tox
|-damage|p1a: Hatterene|76/100 tox|[from] Stealth Rock
|-damage|p1a: Hatterene|60/100 tox|[from] Spikes
|turn|22
|
|t:|1776032816
|switch|p2a: Goodra|Goodra-Hisui, M|64/100
|-terastallize|p1a: Hatterene|Water
|move|p1a: Hatterene|Calm Mind|p1a: Hatterene
|-boost|p1a: Hatterene|spa|1
|-boost|p1a: Hatterene|spd|1
|
|-heal|p2a: Goodra|70/100|[from] item: Leftovers
|-heal|p1a: Hatterene|66/100 tox|[from] item: Leftovers
|-damage|p1a: Hatterene|60/100 tox|[from] psn
|upkeep
|turn|23
|inactive|medicant has 120 seconds left.
|
|t:|1776032838
|move|p2a: Goodra|Iron Head|p1a: Hatterene
|-resisted|p1a: Hatterene
|-damage|p1a: Hatterene|54/100 tox
|cant|p1a: Hatterene|flinch
|
|-heal|p2a: Goodra|76/100|[from] item: Leftovers
|-heal|p1a: Hatterene|60/100 tox|[from] item: Leftovers
|-damage|p1a: Hatterene|48/100 tox|[from] psn
|upkeep
|turn|24
|
|t:|1776032850
|move|p2a: Goodra|Iron Head|p1a: Hatterene
|-resisted|p1a: Hatterene
|-damage|p1a: Hatterene|42/100 tox
|cant|p1a: Hatterene|flinch
|
|-heal|p2a: Goodra|82/100|[from] item: Leftovers
|-heal|p1a: Hatterene|48/100 tox|[from] item: Leftovers
|-damage|p1a: Hatterene|30/100 tox|[from] psn
|upkeep
|turn|25
|
|t:|1776032868
|switch|p2a: Ditto|Ditto, shiny|74/100
|-transform|p2a: Ditto|p1a: Hatterene|[from] ability: Imposter
|move|p1a: Hatterene|Draining Kiss|p2a: Ditto
|-damage|p2a: Ditto|50/100
|-heal|p1a: Hatterene|47/100 tox|[from] drain|[of] p2a: Ditto
|
|-heal|p1a: Hatterene|53/100 tox|[from] item: Leftovers
|-damage|p1a: Hatterene|29/100 tox|[from] psn
|-sideend|p1: medicant|Reflect
|upkeep
|-start|p2a: Ditto|typechange|Psychic/Fairy|[silent]
|turn|26
|
|t:|1776032880
|move|p2a: Ditto|Draining Kiss|p1a: Hatterene
|-damage|p1a: Hatterene|18/100 tox
|-heal|p2a: Ditto|59/100|[from] drain|[of] p1a: Hatterene
|move|p1a: Hatterene|Mystical Fire|p2a: Ditto
|-damage|p2a: Ditto|34/100
|-unboost|p2a: Ditto|spa|1
|
|-heal|p1a: Hatterene|24/100 tox|[from] item: Leftovers
|-damage|p1a: Hatterene|0 fnt|[from] psn
|faint|p1a: Hatterene
|-sideend|p1: medicant|move: Light Screen
|upkeep
|
|t:|1776032892
|switch|p1a: Iron Moth|Iron Moth|89/100
|-damage|p1a: Iron Moth|65/100|[from] Stealth Rock
|-damage|p1a: Iron Moth|48/100|[from] Spikes
|turn|27
|
|t:|1776032902
|switch|p2a: Weezing|Weezing-Galar, M, shiny|68/100
|move|p1a: Iron Moth|Fiery Dance|p2a: Weezing
|-damage|p2a: Weezing|25/100
|
|upkeep
|turn|28
|
|t:|1776032913
|move|p1a: Iron Moth|Toxic Spikes|p2a: Weezing
|-sidestart|p2: Anondree|move: Toxic Spikes
|move|p2a: Weezing|Clear Smog|p1a: Iron Moth
|-resisted|p1a: Iron Moth
|-damage|p1a: Iron Moth|40/100
|-clearboost|p1a: Iron Moth
|
|upkeep
|turn|29
|
|t:|1776032918
|move|p1a: Iron Moth|Toxic Spikes|p2a: Weezing
|-sidestart|p2: Anondree|move: Toxic Spikes
|move|p2a: Weezing|Defog|p1a: Iron Moth
|-unboost|p1a: Iron Moth|evasion|1
|-sideend|p1: medicant|Spikes|[from] move: Defog|[of] p2a: Weezing
|-sideend|p1: medicant|Stealth Rock|[from] move: Defog|[of] p2a: Weezing
|-sideend|p2: Anondree|Toxic Spikes|[from] move: Defog|[of] p2a: Weezing
|
|upkeep
|turn|30
|
|t:|1776032925
|switch|p2a: Samurott|Samurott-Hisui, F|62/100
|move|p1a: Iron Moth|Fiery Dance|p2a: Samurott
|-resisted|p2a: Samurott
|-damage|p2a: Samurott|31/100
|
|upkeep
|turn|31
|
|t:|1776032932
|move|p2a: Samurott|Aqua Jet|p1a: Iron Moth
|-supereffective|p1a: Iron Moth
|-damage|p1a: Iron Moth|0 fnt
|faint|p1a: Iron Moth
|-end|p1a: Iron Moth|Quark Drive|[silent]
|
|upkeep
|
|t:|1776032935
|switch|p1a: Zamazenta|Zamazenta|100/100
|turn|32
|
|t:|1776032942
|switch|p2a: Weezing|Weezing-Galar, M, shiny|25/100
|move|p1a: Zamazenta|Close Combat|p2a: Weezing
|-resisted|p2a: Weezing
|-damage|p2a: Weezing|15/100
|-unboost|p1a: Zamazenta|def|1
|-unboost|p1a: Zamazenta|spd|1
|-damage|p1a: Zamazenta|84/100|[from] item: Rocky Helmet|[of] p2a: Weezing
|
|upkeep
|turn|33
|
|t:|1776032951
|move|p1a: Zamazenta|Ice Fang|p2a: Weezing
|-damage|p2a: Weezing|1/100
|-damage|p1a: Zamazenta|67/100|[from] item: Rocky Helmet|[of] p2a: Weezing
|move|p2a: Weezing|Will-O-Wisp|p1a: Zamazenta
|-status|p1a: Zamazenta|brn
|
|-damage|p1a: Zamazenta|61/100 brn|[from] brn
|upkeep
|turn|34
|
|t:|1776032960
|move|p1a: Zamazenta|Reflect|p1a: Zamazenta
|-sidestart|p1: medicant|Reflect
|move|p2a: Weezing|Toxic Spikes|p1a: Zamazenta
|-sidestart|p1: medicant|move: Toxic Spikes
|
|-damage|p1a: Zamazenta|55/100 brn|[from] brn
|upkeep
|turn|35
|
|t:|1776032964
|switch|p1a: Raging Bolt|Raging Bolt|100/100
|-status|p1a: Raging Bolt|psn
|-enditem|p1a: Raging Bolt|Booster Energy
|-activate|p1a: Raging Bolt|ability: Protosynthesis|[fromitem]
|-start|p1a: Raging Bolt|protosynthesisspa
|move|p2a: Weezing|Toxic Spikes|p1a: Raging Bolt
|-sidestart|p1: medicant|move: Toxic Spikes
|
|-damage|p1a: Raging Bolt|88/100 psn|[from] psn
|upkeep
|turn|36
|
|t:|1776032969
|move|p1a: Raging Bolt|Calm Mind|p1a: Raging Bolt
|-boost|p1a: Raging Bolt|spa|1
|-boost|p1a: Raging Bolt|spd|1
|move|p2a: Weezing|Clear Smog|p1a: Raging Bolt
|-damage|p1a: Raging Bolt|78/100 psn
|-clearboost|p1a: Raging Bolt
|
|-damage|p1a: Raging Bolt|66/100 psn|[from] psn
|upkeep
|turn|37
|
|t:|1776032973
|move|p1a: Raging Bolt|Thunderbolt|p2a: Weezing
|-damage|p2a: Weezing|0 fnt
|faint|p2a: Weezing
|
|-damage|p1a: Raging Bolt|53/100 psn|[from] psn
|upkeep
|
|t:|1776032980
|switch|p2a: Goodra|Goodra-Hisui, M|82/100
|turn|38
|
|t:|1776032986
|move|p1a: Raging Bolt|Dragon Pulse|p2a: Goodra
|-damage|p2a: Goodra|45/100
|move|p2a: Goodra|Dragon Tail|p1a: Raging Bolt
|-supereffective|p1a: Raging Bolt
|-damage|p1a: Raging Bolt|33/100 psn
|-end|p1a: Raging Bolt|Protosynthesis|[silent]
|drag|p1a: Zamazenta|Zamazenta|55/100 brn
|
|-heal|p2a: Goodra|51/100|[from] item: Leftovers
|-damage|p1a: Zamazenta|49/100 brn|[from] brn
|upkeep
|turn|39
|
|t:|1776033006
|switch|p2a: Dragapult|Dragapult, F|100/100
|move|p1a: Zamazenta|Light Screen|p1a: Zamazenta
|-sidestart|p1: medicant|move: Light Screen
|
|-damage|p1a: Zamazenta|43/100 brn|[from] brn
|upkeep
|turn|40
|
|t:|1776033024
|switch|p2a: Ditto|Ditto, shiny|34/100
|-transform|p2a: Ditto|p1a: Zamazenta|[from] ability: Imposter
|-ability|p2a: Ditto|Dauntless Shield|boost
|-boost|p2a: Ditto|def|1
|move|p1a: Zamazenta|Ice Fang|p2a: Ditto
|-damage|p2a: Ditto|28/100
|
|-damage|p1a: Zamazenta|37/100 brn|[from] brn
|upkeep
|turn|41
|
|t:|1776033035
|switch|p1a: Gliscor|Gliscor, M|100/100 tox
|move|p2a: Ditto|Reflect|p2a: Ditto
|-sidestart|p2: Anondree|Reflect
|
|-sideend|p1: medicant|Reflect
|upkeep
|turn|42
|
|t:|1776033040
|switch|p2a: Ting-Lu|Ting-Lu|46/100
|-ability|p2a: Ting-Lu|Vessel of Ruin
|move|p1a: Gliscor|Agility|p1a: Gliscor
|-boost|p1a: Gliscor|spe|2
|
|-heal|p2a: Ting-Lu|53/100|[from] item: Leftovers
|upkeep
|turn|43
|
|t:|1776033048
|move|p1a: Gliscor|Earthquake|p2a: Ting-Lu
|-damage|p2a: Ting-Lu|41/100
|move|p2a: Ting-Lu|Stealth Rock|p1a: Gliscor
|-sidestart|p1: medicant|move: Stealth Rock
|
|-heal|p2a: Ting-Lu|47/100|[from] item: Leftovers
|upkeep
|turn|44
|
|t:|1776033052
|move|p1a: Gliscor|Earthquake|p2a: Ting-Lu
|-damage|p2a: Ting-Lu|36/100
|move|p2a: Ting-Lu|Whirlwind|p1a: Gliscor
|drag|p1a: Zamazenta|Zamazenta|37/100 brn
|-damage|p1a: Zamazenta|31/100 brn|[from] Stealth Rock
|
|-heal|p2a: Ting-Lu|42/100|[from] item: Leftovers
|-damage|p1a: Zamazenta|25/100 brn|[from] brn
|upkeep
|turn|45
|
|t:|1776033062
|switch|p2a: Dragapult|Dragapult, F|100/100
|move|p1a: Zamazenta|Close Combat|p2a: Dragapult
|-immune|p2a: Dragapult
|
|-damage|p1a: Zamazenta|19/100 brn|[from] brn
|-sideend|p2: Anondree|Reflect
|upkeep
|turn|46
|
|t:|1776033066
|move|p2a: Dragapult|Hex|p1a: Zamazenta
|-damage|p1a: Zamazenta|0 fnt
|faint|p1a: Zamazenta
|
|-sideend|p1: medicant|move: Light Screen
|upkeep
|
|t:|1776033070
|switch|p1a: Gliscor|Gliscor, M|100/100 tox
|-damage|p1a: Gliscor|88/100 tox|[from] Stealth Rock
|turn|47
|
|t:|1776033076
|move|p2a: Dragapult|Hex|p1a: Gliscor
|-damage|p1a: Gliscor|13/100 tox
|move|p1a: Gliscor|Earthquake|p2a: Dragapult
|-damage|p2a: Dragapult|41/100
|
|-heal|p1a: Gliscor|25/100 tox|[from] ability: Poison Heal
|upkeep
|turn|48
|
|t:|1776033082
|move|p2a: Dragapult|Hex|p1a: Gliscor
|-damage|p1a: Gliscor|0 fnt
|faint|p1a: Gliscor
|
|upkeep
|
|t:|1776033085
|switch|p1a: Raging Bolt|Raging Bolt|33/100 psn
|-damage|p1a: Raging Bolt|21/100 psn|[from] Stealth Rock
|turn|49
|
|t:|1776033091
|move|p2a: Dragapult|Substitute|p2a: Dragapult
|-start|p2a: Dragapult|Substitute
|-damage|p2a: Dragapult|16/100
|move|p1a: Raging Bolt|Dragon Pulse|p2a: Dragapult
|-supereffective|p2a: Dragapult
|-end|p2a: Dragapult|Substitute
|
|-damage|p1a: Raging Bolt|9/100 psn|[from] psn
|upkeep
|turn|50
|
|t:|1776033097
|switch|p2a: Samurott|Samurott-Hisui, F|31/100
|move|p1a: Raging Bolt|Thunderclap||[still]
|-fail|p1a: Raging Bolt
|
|-damage|p1a: Raging Bolt|0 fnt|[from] psn
|faint|p1a: Raging Bolt
|-end|p1a: Raging Bolt|Protosynthesis|[silent]
|
|win|Anondree
|raw|medicant's rating: 1461 &rarr; <strong>1442</strong><br />(-19 for losing)
|raw|Anondree's rating: 1477 &rarr; <strong>1496</strong><br />(+19 for winning)
|l|☆Anondree
|player|p2|
|l|☆medicant
|player|p1|
