|html|<div class="broadcast-blue"><strong>[Gen 9] OU is currently suspecting Volcarona! For information on how to participate check out the <a href="https://www.smogon.com/tools/suspects/view/208">suspect thread</a>.</strong></div>
|j|☆Tocanada
|j|‽Retorno de azelf
|t:|1778509665
|gametype|singles
|player|p1|Tocanada|265|1102
|player|p2|Retorno de azelf|schoolkidf|1146
|gen|9
|tier|[Gen 9] OU
|rated|
|rule|HP Percentage Mod: HP is shown in percentages
|rule|Endless Battle Clause: Forcing endless battles is banned
|rule|Species Clause: Limit one of each Pokémon
|rule|OHKO Clause: OHKO moves are banned
|rule|Evasion Items Clause: Evasion items are banned
|rule|Evasion Moves Clause: Evasion moves are banned
|rule|Evasion Abilities Clause: Evasion abilities are banned
|rule|Sleep Moves Clause: Sleep-inducing moves are banned
|clearpoke
|poke|p1|Iron Moth|
|poke|p1|Gliscor, F|
|poke|p1|Hatterene, F|
|poke|p1|Ogerpon-Wellspring, F|
|poke|p1|Raging Bolt|
|poke|p1|Zamazenta-*|
|poke|p2|Landorus-Therian, M|
|poke|p2|Uxie|
|poke|p2|Gholdengo|
|poke|p2|Dragapult, F|
|poke|p2|Kingambit, M|
|poke|p2|Greninja-*, M|
|teampreview
|inactive|Battle timer is ON: inactive players will automatically lose when time's up. (requested by Tocanada)
|
|t:|1778509684
|teamsize|p1|6
|teamsize|p2|6
|start
|switch|p1a: Hatterene|Hatterene, F|100/100
|switch|p2a: Uxie|Uxie|100/100
|turn|1
|
|t:|1778509696
|move|p2a: Uxie|Safeguard|p2a: Uxie
|-sidestart|p2: Retorno de azelf|Safeguard
|move|p1a: Hatterene|Calm Mind|p1a: Hatterene
|-boost|p1a: Hatterene|spa|1
|-boost|p1a: Hatterene|spd|1
|
|upkeep
|turn|2
|
|t:|1778509724
|move|p2a: Uxie|U-turn|p1a: Hatterene
|-damage|p1a: Hatterene|87/100
|
|t:|1778509731
|switch|p2a: Kingambit|Kingambit, M|100/100|[from] U-turn
|move|p1a: Hatterene|Calm Mind|p1a: Hatterene
|-boost|p1a: Hatterene|spa|1
|-boost|p1a: Hatterene|spd|1
|
|-heal|p1a: Hatterene|93/100|[from] item: Leftovers
|upkeep
|turn|3
|
|t:|1778509742
|move|p2a: Kingambit|Iron Head|p1a: Hatterene
|-supereffective|p1a: Hatterene
|-damage|p1a: Hatterene|14/100
|move|p1a: Hatterene|Mystical Fire|p2a: Kingambit
|-supereffective|p2a: Kingambit
|-damage|p2a: Kingambit|25/100
|-unboost|p2a: Kingambit|spa|1
|-ability|p2a: Kingambit|Defiant|boost
|-boost|p2a: Kingambit|atk|2
|
|-heal|p1a: Hatterene|20/100|[from] item: Leftovers
|upkeep
|turn|4
|
|t:|1778509756
|move|p2a: Kingambit|Kowtow Cleave|p1a: Hatterene
|-damage|p1a: Hatterene|0 fnt
|faint|p1a: Hatterene
|
|upkeep
|
|t:|1778509758
|switch|p1a: Zamazenta|Zamazenta|100/100
|-ability|p1a: Zamazenta|Dauntless Shield|boost
|-boost|p1a: Zamazenta|def|1
|turn|5
|inactive|Retorno de azelf has 120 seconds left.
|
|t:|1778509791
|switch|p2a: Uxie|Uxie|100/100
|move|p1a: Zamazenta|Close Combat|p2a: Uxie
|-resisted|p2a: Uxie
|-damage|p2a: Uxie|79/100
|-unboost|p1a: Zamazenta|def|1
|-unboost|p1a: Zamazenta|spd|1
|
|-sideend|p2: Retorno de azelf|Safeguard
|upkeep
|turn|6
|inactive|Retorno de azelf has 120 seconds left.
|
|t:|1778509811
|switch|p2a: Landorus|Landorus-Therian, M|100/100
|-ability|p2a: Landorus|Intimidate|boost
|-unboost|p1a: Zamazenta|atk|1
|move|p1a: Zamazenta|Light Screen|p1a: Zamazenta
|-sidestart|p1: Tocanada|move: Light Screen
|
|upkeep
|turn|7
|inactive|Retorno de azelf has 120 seconds left.
|
|t:|1778509820
|move|p1a: Zamazenta|Reflect|p1a: Zamazenta
|-sidestart|p1: Tocanada|Reflect
|move|p2a: Landorus|Gravity|p2a: Landorus
|-fieldstart|move: Gravity
|
|upkeep
|turn|8
|inactive|Retorno de azelf has 120 seconds left.
|
|t:|1778509832
|move|p1a: Zamazenta|Ice Fang|p2a: Landorus
|-supereffective|p2a: Landorus
|-enditem|p2a: Landorus|Yache Berry|[eat]
|-enditem|p2a: Landorus|Yache Berry|[weaken]
|-damage|p2a: Landorus|74/100
|move|p2a: Landorus|Scorching Sands|p1a: Zamazenta
|-damage|p1a: Zamazenta|82/100
|-status|p1a: Zamazenta|brn
|
|-damage|p1a: Zamazenta|76/100 brn|[from] brn
|upkeep
|turn|9
|inactive|Retorno de azelf has 120 seconds left.
|
|t:|1778509867
|switch|p1a: Gliscor|Gliscor, F|100/100
|switch|p2a: Dragapult|Dragapult, F|100/100
|
|-status|p1a: Gliscor|tox|[from] item: Toxic Orb
|upkeep
|turn|10
|
|t:|1778509882
|move|p2a: Dragapult|Reflect|p2a: Dragapult
|-sidestart|p2: Retorno de azelf|Reflect
|move|p1a: Gliscor|Agility|p1a: Gliscor
|-boost|p1a: Gliscor|spe|2
|-enditem|p2a: Dragapult|Mirror Herb
|-boost|p2a: Dragapult|spe|2|[from] item: Mirror Herb
|
|upkeep
|turn|11
|inactive|Retorno de azelf has 90 seconds left.
|
|t:|1778509906
|switch|p2a: Uxie|Uxie|79/100
|move|p1a: Gliscor|Swords Dance|p1a: Gliscor
|-boost|p1a: Gliscor|atk|2
|
|-fieldend|move: Gravity
|upkeep
|turn|12
|
|t:|1778509922
|move|p1a: Gliscor|Agility|p1a: Gliscor
|-boost|p1a: Gliscor|spe|2
|move|p2a: Uxie|Encore|p1a: Gliscor
|-start|p1a: Gliscor|Encore
|
|upkeep
|turn|13
|
|t:|1778509936
|switch|p2a: Gholdengo|Gholdengo|100/100
|move|p1a: Gliscor|Agility|p1a: Gliscor
|-boost|p1a: Gliscor|spe|2
|
|-sideend|p1: Tocanada|move: Light Screen
|upkeep
|turn|14
|
|t:|1778509942
|move|p1a: Gliscor|Agility|p1a: Gliscor
|-boost|p1a: Gliscor|spe|0
|move|p2a: Gholdengo|Make It Rain|p1a: Gliscor
|-damage|p1a: Gliscor|11/100 tox
|-unboost|p2a: Gholdengo|spa|1
|
|-heal|p1a: Gliscor|23/100 tox|[from] ability: Poison Heal
|-sideend|p2: Retorno de azelf|Reflect
|-sideend|p1: Tocanada|Reflect
|upkeep
|turn|15
|
|t:|1778509952
|-terastallize|p1a: Gliscor|Normal
|move|p1a: Gliscor|Agility|p1a: Gliscor
|-boost|p1a: Gliscor|spe|0
|move|p2a: Gholdengo|Make It Rain|p1a: Gliscor
|-damage|p1a: Gliscor|0 fnt
|-unboost|p2a: Gholdengo|spa|1
|faint|p1a: Gliscor
|
|upkeep
|-message|Tocanada forfeited.
|
|win|Retorno de azelf
|raw|Tocanada's rating: 1102 &rarr; <strong>1080</strong><br />(-22 for losing)
|raw|Retorno de azelf's rating: 1146 &rarr; <strong>1168</strong><br />(+22 for winning)
|l|☆Tocanada
|player|p1|
