|html|<div class="broadcast-blue"><strong>[Gen 9] OU is currently suspecting Tera Blast! For information on how to participate check out the <a href="https://www.smogon.com/tools/suspects/view/200">suspect thread</a>.</strong></div>
|j|☆Saemon
|j|☆corigible
|t:|1776086407
|gametype|singles
|player|p1|Saemon|acetrainer-gen4|1211
|player|p2|corigible|winona|1212
|gen|9
|tier|[Gen 9] OU
|rated|
|rule|HP Percentage Mod: HP is shown in percentages
|rule|Endless Battle Clause: Forcing endless battles is banned
|rule|Species Clause: Limit one of each Pokémon
|rule|OHKO Clause: OHKO moves are banned
|rule|Evasion Items Clause: Evasion items are banned
|rule|Evasion Moves Clause: Evasion moves are banned
|rule|Evasion Abilities Clause: Evasion abilities are banned
|rule|Sleep Moves Clause: Sleep-inducing moves are banned
|clearpoke
|poke|p1|Kingambit, F|
|poke|p1|Dragonite, F|
|poke|p1|Pecharunt|
|poke|p1|Sinistcha|
|poke|p1|Corviknight, F|
|poke|p1|Cloyster, M|
|poke|p2|Ribombee, F|
|poke|p2|Quaquaval, M|
|poke|p2|Oricorio-Pom-Pom, F|
|poke|p2|Jirachi|
|poke|p2|Sinistcha-Masterpiece|
|poke|p2|Glimmora, F|
|teampreview
|inactive|Battle timer is ON: inactive players will automatically lose when time's up. (requested by corigible)
|
|t:|1776086410
|teamsize|p1|6
|teamsize|p2|6
|start
|switch|p1a: Pecharunt|Pecharunt|100/100
|switch|p2a: Ribombee|Ribombee, F|100/100
|turn|1
|j| vasago
|
|t:|1776086416
|move|p1a: Pecharunt|Malignant Chain|p2a: Ribombee
|-supereffective|p2a: Ribombee
|-enditem|p2a: Ribombee|Focus Sash
|-damage|p2a: Ribombee|1/100
|move|p2a: Ribombee|Sticky Web|p1a: Pecharunt
|-sidestart|p1: Saemon|move: Sticky Web
|
|upkeep
|turn|2
|
|t:|1776086425
|switch|p2a: Jirachi|Jirachi|100/100
|move|p1a: Pecharunt|Malignant Chain|p2a: Jirachi
|-immune|p2a: Jirachi
|
|upkeep
|turn|3
|
|t:|1776086432
|switch|p1a: Corviknight|Corviknight, F|100/100
|move|p2a: Jirachi|Iron Head|p1a: Corviknight
|-resisted|p1a: Corviknight
|-damage|p1a: Corviknight|90/100
|
|upkeep
|turn|4
|
|t:|1776086440
|switch|p2a: Oricorio|Oricorio-Pom-Pom, F|100/100
|move|p1a: Corviknight|Defog|p2a: Oricorio
|-unboost|p2a: Oricorio|evasion|1
|-sideend|p1: Saemon|Sticky Web|[from] move: Defog|[of] p1a: Corviknight
|
|upkeep
|turn|5
|
|t:|1776086447
|move|p2a: Oricorio|Quiver Dance|p2a: Oricorio
|-boost|p2a: Oricorio|spa|1
|-boost|p2a: Oricorio|spd|1
|-boost|p2a: Oricorio|spe|1
|move|p1a: Corviknight|Body Press|p2a: Oricorio
|-resisted|p2a: Oricorio
|-damage|p2a: Oricorio|81/100
|
|upkeep
|turn|6
|
|t:|1776086454
|move|p2a: Oricorio|Revelation Dance|p1a: Corviknight
|-supereffective|p1a: Corviknight
|-damage|p1a: Corviknight|0 fnt
|faint|p1a: Corviknight
|
|upkeep
|
|t:|1776086462
|switch|p1a: Dragonite|Dragonite, F|100/100
|turn|7
|
|t:|1776086467
|move|p2a: Oricorio|Alluring Voice|p1a: Dragonite
|-supereffective|p1a: Dragonite
|-damage|p1a: Dragonite|60/100
|-enditem|p1a: Dragonite|Weakness Policy
|-boost|p1a: Dragonite|atk|2|[from] item: Weakness Policy
|-boost|p1a: Dragonite|spa|2|[from] item: Weakness Policy
|move|p1a: Dragonite|Dragon Dance|p1a: Dragonite
|-boost|p1a: Dragonite|atk|1
|-boost|p1a: Dragonite|spe|1
|-activate|p2a: Oricorio|ability: Dancer
|move|p2a: Oricorio|Dragon Dance|p2a: Oricorio|[from] ability: Dancer
|-boost|p2a: Oricorio|atk|1
|-boost|p2a: Oricorio|spe|1
|
|upkeep
|turn|8
|
|t:|1776086481
|-terastallize|p1a: Dragonite|Normal
|move|p1a: Dragonite|Extreme Speed|p2a: Oricorio
|-damage|p2a: Oricorio|0 fnt
|faint|p2a: Oricorio
|
|upkeep
|
|t:|1776086485
|switch|p2a: Sinistcha|Sinistcha-Masterpiece|100/100
|turn|9
|l| vasago
|
|t:|1776086490
|move|p1a: Dragonite|Fire Punch|p2a: Sinistcha
|-supereffective|p2a: Sinistcha
|-damage|p2a: Sinistcha|53/100
|-damage|p1a: Dragonite|43/100|[from] item: Rocky Helmet|[of] p2a: Sinistcha
|move|p2a: Sinistcha|Strength Sap|p1a: Dragonite
|-unboost|p1a: Dragonite|atk|1
|-heal|p2a: Sinistcha|100/100
|
|upkeep
|turn|10
|
|t:|1776086504
|switch|p1a: Pecharunt|Pecharunt|100/100
|move|p2a: Sinistcha|Matcha Gotcha|p1a: Pecharunt
|-resisted|p1a: Pecharunt
|-damage|p1a: Pecharunt|81/100
|
|upkeep
|turn|11
|
|t:|1776086513
|move|p1a: Pecharunt|Malignant Chain|p2a: Sinistcha
|-crit|p2a: Sinistcha
|-damage|p2a: Sinistcha|23/100
|-status|p2a: Sinistcha|tox
|-start|p2a: Sinistcha|confusion|[from] ability: Poison Puppeteer|[of] p1a: Pecharunt
|-activate|p2a: Sinistcha|confusion
|-damage|p2a: Sinistcha|20/100 tox|[from] confusion
|
|-damage|p2a: Sinistcha|14/100 tox|[from] psn
|upkeep
|turn|12
|-message|corigible forfeited.
|
|win|Saemon
|raw|Saemon's rating: 1211 &rarr; <strong>1236</strong><br />(+25 for winning)
|raw|corigible's rating: 1212 &rarr; <strong>1187</strong><br />(-25 for losing)
|l|☆corigible
|player|p2|
|l|☆Saemon
|player|p1|
