|html|<div class="broadcast-blue"><strong>[Gen 9] OU is currently suspecting Tera Blast! For information on how to participate check out the <a href="https://www.smogon.com/tools/suspects/view/200">suspect thread</a>.</strong></div>
|j|☆keep your life
|j|☆ggabireu
|t:|1776201043
|gametype|singles
|player|p1|keep your life|2|1269
|player|p2|ggabireu|psychic|1320
|gen|9
|tier|[Gen 9] OU
|rated|
|rule|HP Percentage Mod: HP is shown in percentages
|rule|Endless Battle Clause: Forcing endless battles is banned
|rule|Species Clause: Limit one of each Pokémon
|rule|OHKO Clause: OHKO moves are banned
|rule|Evasion Items Clause: Evasion items are banned
|rule|Evasion Moves Clause: Evasion moves are banned
|rule|Evasion Abilities Clause: Evasion abilities are banned
|rule|Sleep Moves Clause: Sleep-inducing moves are banned
|clearpoke
|poke|p1|Ogerpon-Wellspring, F|
|poke|p1|Rillaboom, M|
|poke|p1|Clefable, F|
|poke|p1|Zamazenta-*|
|poke|p1|Cinderace, M|
|poke|p1|Raging Bolt|
|poke|p2|Zapdos|
|poke|p2|Slowking-Galar, M|
|poke|p2|Great Tusk|
|poke|p2|Ogerpon-Wellspring, F|
|poke|p2|Iron Moth|
|poke|p2|Gholdengo|
|teampreview
|
|t:|1776201070
|teamsize|p1|6
|teamsize|p2|6
|start
|switch|p1a: Cinderace|Cinderace, M|100/100
|switch|p2a: Laboon|Great Tusk|100/100
|turn|1
|
|t:|1776201083
|move|p1a: Cinderace|U-turn|p2a: Laboon
|-start|p1a: Cinderace|typechange|Bug|[from] ability: Libero
|-resisted|p2a: Laboon
|-damage|p2a: Laboon|92/100
|
|t:|1776201087
|switch|p1a: Rillaboom|Rillaboom, M|100/100|[from] U-turn
|-fieldstart|move: Grassy Terrain|[from] ability: Grassy Surge|[of] p1a: Rillaboom
|move|p2a: Laboon|Rapid Spin|p1a: Rillaboom
|-damage|p1a: Rillaboom|87/100
|-boost|p2a: Laboon|spe|1
|
|-heal|p2a: Laboon|98/100|[from] Grassy Terrain
|-heal|p1a: Rillaboom|93/100|[from] Grassy Terrain
|upkeep
|turn|2
|
|t:|1776201099
|-end|p2a: Laboon|Protosynthesis|[silent]
|switch|p2a: Professor|Zapdos|100/100
|move|p1a: Rillaboom|Wood Hammer|p2a: Professor
|-resisted|p2a: Professor
|-damage|p2a: Professor|68/100
|-damage|p1a: Rillaboom|83/100|[from] Recoil
|
|-heal|p1a: Rillaboom|89/100|[from] Grassy Terrain
|upkeep
|turn|3
|
|t:|1776201112
|move|p2a: Professor|Roost|p2a: Professor
|-heal|p2a: Professor|100/100
|-singleturn|p2a: Professor|move: Roost
|move|p1a: Rillaboom|U-turn|p2a: Professor
|-damage|p2a: Professor|82/100
|
|t:|1776201127
|switch|p1a: Clefable|Clefable, F|100/100|[from] U-turn
|
|-heal|p2a: Professor|88/100|[from] Grassy Terrain
|upkeep
|turn|4
|
|t:|1776201134
|move|p2a: Professor|U-turn|p1a: Clefable
|-resisted|p1a: Clefable
|-damage|p1a: Clefable|93/100
|
|t:|1776201138
|switch|p2a: King Gizzard|Slowking-Galar, M, shiny|100/100|[from] U-turn
|move|p1a: Clefable|Knock Off|p2a: King Gizzard
|-supereffective|p2a: King Gizzard
|-damage|p2a: King Gizzard|67/100
|-enditem|p2a: King Gizzard|Heavy-Duty Boots|[from] move: Knock Off|[of] p1a: Clefable
|
|-heal|p1a: Clefable|99/100|[from] Grassy Terrain
|-heal|p2a: King Gizzard|74/100|[from] Grassy Terrain
|upkeep
|turn|5
|
|t:|1776201150
|move|p1a: Clefable|Thunder Wave|p2a: King Gizzard
|-status|p2a: King Gizzard|par
|move|p2a: King Gizzard|Future Sight|p1a: Clefable
|-start|p2a: King Gizzard|move: Future Sight
|
|-heal|p1a: Clefable|100/100|[from] Grassy Terrain
|-heal|p2a: King Gizzard|80/100 par|[from] Grassy Terrain
|-fieldend|move: Grassy Terrain
|upkeep
|turn|6
|
|t:|1776201159
|move|p1a: Clefable|Wish|p1a: Clefable
|move|p2a: King Gizzard|Thunder Wave|p1a: Clefable
|-status|p1a: Clefable|par
|
|upkeep
|turn|7
|
|t:|1776201165
|move|p1a: Clefable|Encore|p2a: King Gizzard
|-start|p2a: King Gizzard|Encore
|move|p2a: King Gizzard|Thunder Wave|p1a: Clefable
|-fail|p1a: Clefable|par
|
|-end|p1a: Clefable|move: Future Sight
|-damage|p1a: Clefable|69/100 par
|-heal|p1a: Clefable|100/100 par|[from] move: Wish|[wisher] Clefable
|upkeep
|turn|8
|
|t:|1776201175
|move|p1a: Clefable|Wish|p1a: Clefable
|move|p2a: King Gizzard|Thunder Wave|p1a: Clefable
|-fail|p1a: Clefable|par
|
|upkeep
|turn|9
|
|t:|1776201181
|cant|p1a: Clefable|par
|move|p2a: King Gizzard|Thunder Wave|p1a: Clefable
|-fail|p1a: Clefable|par
|
|-end|p2a: King Gizzard|Encore
|upkeep
|turn|10
|
|t:|1776201190
|switch|p2a: Curly Fry|Gholdengo|100/100
|move|p1a: Clefable|Knock Off|p2a: Curly Fry
|-supereffective|p2a: Curly Fry
|-damage|p2a: Curly Fry|69/100
|-enditem|p2a: Curly Fry|Choice Scarf|[from] move: Knock Off|[of] p1a: Clefable
|
|upkeep
|turn|11
|
|t:|1776201202
|switch|p1a: Cinderace|Cinderace, M|100/100
|-terastallize|p2a: Curly Fry|Fighting
|move|p2a: Curly Fry|Shadow Ball|p1a: Cinderace
|-damage|p1a: Cinderace|39/100
|
|upkeep
|turn|12
|
|t:|1776201213
|switch|p2a: Laboon|Great Tusk|98/100
|move|p1a: Cinderace|Pyro Ball|p2a: Laboon
|-damage|p2a: Laboon|67/100
|
|upkeep
|turn|13
|
|t:|1776201230
|move|p1a: Cinderace|Pyro Ball|p2a: Laboon
|-damage|p2a: Laboon|34/100
|move|p2a: Laboon|Ice Spinner|p1a: Cinderace
|-resisted|p1a: Cinderace
|-damage|p1a: Cinderace|21/100
|
|upkeep
|turn|14
|
|t:|1776201236
|move|p1a: Cinderace|Pyro Ball|p2a: Laboon|[miss]
|-miss|p1a: Cinderace|p2a: Laboon
|move|p2a: Laboon|Earthquake|p1a: Cinderace
|-supereffective|p1a: Cinderace
|-damage|p1a: Cinderace|0 fnt
|faint|p1a: Cinderace
|
|upkeep
|
|t:|1776201247
|switch|p1a: Ogerpon|Ogerpon-Wellspring, F|100/100
|turn|15
|
|t:|1776201261
|-end|p2a: Laboon|Protosynthesis|[silent]
|switch|p2a: Professor|Zapdos|88/100
|move|p1a: Ogerpon|U-turn|p2a: Professor
|-resisted|p2a: Professor
|-crit|p2a: Professor
|-damage|p2a: Professor|76/100
|
|t:|1776201278
|switch|p1a: Raging Bolt|Raging Bolt|100/100|[from] U-turn
|
|upkeep
|turn|16
|
|t:|1776201289
|switch|p2a: Curly Fry|Gholdengo, tera:Fighting|69/100
|move|p1a: Raging Bolt|Volt Switch|p2a: Curly Fry
|-damage|p2a: Curly Fry|3/100
|-damage|p1a: Raging Bolt|91/100|[from] item: Life Orb
|
|t:|1776201297
|-end|p1a: Raging Bolt|Protosynthesis|[silent]
|switch|p1a: Rillaboom|Rillaboom, M|89/100|[from] Volt Switch
|-fieldstart|move: Grassy Terrain|[from] ability: Grassy Surge|[of] p1a: Rillaboom
|
|-heal|p2a: Curly Fry|9/100|[from] Grassy Terrain
|-heal|p1a: Rillaboom|95/100|[from] Grassy Terrain
|upkeep
|turn|17
|
|t:|1776201307
|switch|p2a: Professor|Zapdos|76/100
|move|p1a: Rillaboom|High Horsepower|p2a: Professor
|-immune|p2a: Professor
|
|-heal|p1a: Rillaboom|100/100|[from] Grassy Terrain
|upkeep
|turn|18
|
|t:|1776201317
|move|p2a: Professor|Hurricane|p1a: Rillaboom
|-supereffective|p1a: Rillaboom
|-damage|p1a: Rillaboom|29/100
|move|p1a: Rillaboom|U-turn|p2a: Professor
|-resisted|p2a: Professor
|-damage|p2a: Professor|66/100
|
|t:|1776201329
|switch|p1a: Raging Bolt|Raging Bolt|91/100|[from] U-turn
|
|-heal|p1a: Raging Bolt|97/100|[from] Grassy Terrain
|upkeep
|turn|19
|
|t:|1776201338
|move|p2a: Professor|Roost|p2a: Professor
|-heal|p2a: Professor|100/100
|-singleturn|p2a: Professor|move: Roost
|move|p1a: Raging Bolt|Draco Meteor|p2a: Professor
|-damage|p2a: Professor|2/100
|-unboost|p1a: Raging Bolt|spa|2
|-damage|p1a: Raging Bolt|87/100|[from] item: Life Orb
|
|-heal|p2a: Professor|8/100|[from] Grassy Terrain
|-heal|p1a: Raging Bolt|93/100|[from] Grassy Terrain
|upkeep
|turn|20
|
|t:|1776201350
|move|p2a: Professor|Roost|p2a: Professor
|-heal|p2a: Professor|58/100
|-singleturn|p2a: Professor|move: Roost
|move|p1a: Raging Bolt|Draco Meteor|p2a: Professor
|-damage|p2a: Professor|7/100
|-unboost|p1a: Raging Bolt|spa|2
|-damage|p1a: Raging Bolt|83/100|[from] item: Life Orb
|
|-heal|p2a: Professor|13/100|[from] Grassy Terrain
|-heal|p1a: Raging Bolt|89/100|[from] Grassy Terrain
|-fieldend|move: Grassy Terrain
|upkeep
|turn|21
|
|t:|1776201362
|move|p2a: Professor|Roost|p2a: Professor
|-heal|p2a: Professor|63/100
|-singleturn|p2a: Professor|move: Roost
|move|p1a: Raging Bolt|Volt Switch|p2a: Professor
|-resisted|p2a: Professor
|-damage|p2a: Professor|54/100
|-damage|p1a: Raging Bolt|79/100|[from] item: Life Orb
|
|t:|1776201374
|-end|p1a: Raging Bolt|Protosynthesis|[silent]
|switch|p1a: Clefable|Clefable, F|100/100 par|[from] Volt Switch
|
|upkeep
|turn|22
|
|t:|1776201383
|move|p2a: Professor|U-turn|p1a: Clefable
|-resisted|p1a: Clefable
|-damage|p1a: Clefable|93/100 par
|
|t:|1776201387
|switch|p2a: King Gizzard|Slowking-Galar, M, shiny|100/100 par|[from] U-turn
|cant|p1a: Clefable|par
|
|upkeep
|turn|23
|
|t:|1776201398
|move|p1a: Clefable|Wish|p1a: Clefable
|move|p2a: King Gizzard|Future Sight|p1a: Clefable
|-start|p2a: King Gizzard|move: Future Sight
|
|upkeep
|turn|24
|
|t:|1776201403
|switch|p1a: Rillaboom|Rillaboom, M|29/100
|-fieldstart|move: Grassy Terrain|[from] ability: Grassy Surge|[of] p1a: Rillaboom
|-prepare|p2a: King Gizzard|Chilly Reception|[premajor]
|cant|p2a: King Gizzard|par
|
|-heal|p1a: Rillaboom|77/100|[from] move: Wish|[wisher] Clefable
|-heal|p1a: Rillaboom|84/100|[from] Grassy Terrain
|upkeep
|turn|25
|
|t:|1776201416
|switch|p1a: Clefable|Clefable, F|93/100 par
|switch|p2a: Professor|Zapdos|54/100
|
|-end|p1a: Clefable|move: Future Sight
|-damage|p1a: Clefable|65/100 par
|-heal|p1a: Clefable|71/100 par|[from] Grassy Terrain
|upkeep
|turn|26
|
|t:|1776201426
|move|p2a: Professor|U-turn|p1a: Clefable
|-resisted|p1a: Clefable
|-damage|p1a: Clefable|64/100 par
|
|t:|1776201430
|switch|p2a: King Gizzard|Slowking-Galar, M, shiny|100/100 par|[from] U-turn
|move|p1a: Clefable|Encore||[still]
|-fail|p1a: Clefable
|
|-heal|p1a: Clefable|70/100 par|[from] Grassy Terrain
|upkeep
|turn|27
|
|t:|1776201439
|cant|p1a: Clefable|par
|move|p2a: King Gizzard|Future Sight|p1a: Clefable
|-start|p2a: King Gizzard|move: Future Sight
|
|-heal|p1a: Clefable|76/100 par|[from] Grassy Terrain
|upkeep
|turn|28
|
|t:|1776201443
|cant|p1a: Clefable|par
|-prepare|p2a: King Gizzard|Chilly Reception|[premajor]
|move|p2a: King Gizzard|Chilly Reception|p2a: King Gizzard
|-weather|Snowscape
|
|t:|1776201458
|switch|p2a: Curly Fry|Gholdengo, tera:Fighting|9/100|[from] Chilly Reception
|
|-weather|Snowscape|[upkeep]
|-heal|p2a: Curly Fry|15/100|[from] Grassy Terrain
|-heal|p1a: Clefable|82/100 par|[from] Grassy Terrain
|-fieldend|move: Grassy Terrain
|upkeep
|turn|29
|
|t:|1776201468
|switch|p1a: Rillaboom|Rillaboom, M|84/100
|-fieldstart|move: Grassy Terrain|[from] ability: Grassy Surge|[of] p1a: Rillaboom
|move|p2a: Curly Fry|Make It Rain|p1a: Rillaboom
|-damage|p1a: Rillaboom|36/100
|-unboost|p2a: Curly Fry|spa|1
|
|-weather|Snowscape|[upkeep]
|-end|p1a: Rillaboom|move: Future Sight
|-damage|p1a: Rillaboom|4/100
|-heal|p2a: Curly Fry|22/100|[from] Grassy Terrain
|-heal|p1a: Rillaboom|10/100|[from] Grassy Terrain
|upkeep
|turn|30
|
|t:|1776201482
|move|p1a: Rillaboom|Grassy Glide|p2a: Curly Fry
|-damage|p2a: Curly Fry|0 fnt
|faint|p2a: Curly Fry
|
|-weather|Snowscape|[upkeep]
|-heal|p1a: Rillaboom|16/100|[from] Grassy Terrain
|upkeep
|
|t:|1776201487
|switch|p2a: Professor|Zapdos|54/100
|turn|31
|
|t:|1776201496
|switch|p1a: Raging Bolt|Raging Bolt|79/100
|move|p2a: Professor|Roost|p2a: Professor
|-heal|p2a: Professor|100/100
|-singleturn|p2a: Professor|move: Roost
|
|-weather|Snowscape|[upkeep]
|-heal|p1a: Raging Bolt|85/100|[from] Grassy Terrain
|upkeep
|turn|32
|
|t:|1776201506
|switch|p2a: King Gizzard|Slowking-Galar, M, shiny|100/100 par
|move|p1a: Raging Bolt|Volt Switch|p2a: King Gizzard
|-damage|p2a: King Gizzard|69/100 par
|-damage|p1a: Raging Bolt|75/100|[from] item: Life Orb
|
|t:|1776201520
|-end|p1a: Raging Bolt|Protosynthesis|[silent]
|switch|p1a: Ogerpon|Ogerpon-Wellspring, F|100/100|[from] Volt Switch
|
|-weather|none
|-heal|p2a: King Gizzard|75/100 par|[from] Grassy Terrain
|upkeep
|turn|33
|
|t:|1776201537
|move|p1a: Ogerpon|Knock Off|p2a: King Gizzard
|-supereffective|p2a: King Gizzard
|-damage|p2a: King Gizzard|34/100 par
|move|p2a: King Gizzard|Thunder Wave|p1a: Ogerpon
|-status|p1a: Ogerpon|par
|
|-heal|p2a: King Gizzard|40/100 par|[from] Grassy Terrain
|-fieldend|move: Grassy Terrain
|upkeep
|turn|34
|
|t:|1776201548
|move|p1a: Ogerpon|Ivy Cudgel|p2a: King Gizzard|[anim] Ivy Cudgel Water
|-damage|p2a: King Gizzard|0 fnt
|faint|p2a: King Gizzard
|
|upkeep
|
|t:|1776201554
|switch|p2a: Shrek 2|Ogerpon-Wellspring, F|100/100
|turn|35
|
|t:|1776201559
|move|p2a: Shrek 2|Horn Leech|p1a: Ogerpon
|-damage|p1a: Ogerpon|55/100 par
|move|p1a: Ogerpon|U-turn|p2a: Shrek 2
|-supereffective|p2a: Shrek 2
|-damage|p2a: Shrek 2|37/100
|
|t:|1776201571
|switch|p1a: Rillaboom|Rillaboom, M|16/100|[from] U-turn
|-fieldstart|move: Grassy Terrain|[from] ability: Grassy Surge|[of] p1a: Rillaboom
|
|-heal|p2a: Shrek 2|43/100|[from] Grassy Terrain
|-heal|p1a: Rillaboom|23/100|[from] Grassy Terrain
|upkeep
|turn|36
|
|t:|1776201582
|switch|p2a: Baby snakes|Iron Moth|100/100
|move|p1a: Rillaboom|Grassy Glide|p2a: Baby snakes
|-resisted|p2a: Baby snakes
|-crit|p2a: Baby snakes
|-damage|p2a: Baby snakes|76/100
|
|-heal|p2a: Baby snakes|82/100|[from] Grassy Terrain
|-heal|p1a: Rillaboom|29/100|[from] Grassy Terrain
|upkeep
|turn|37
|
|t:|1776201592
|move|p2a: Baby snakes|Fiery Dance|p1a: Rillaboom
|-supereffective|p1a: Rillaboom
|-damage|p1a: Rillaboom|0 fnt
|-boost|p2a: Baby snakes|spa|1
|faint|p1a: Rillaboom
|
|-heal|p2a: Baby snakes|88/100|[from] Grassy Terrain
|upkeep
|
|t:|1776201607
|switch|p1a: Raging Bolt|Raging Bolt|75/100
|turn|38
|
|t:|1776201613
|move|p2a: Baby snakes|Substitute|p2a: Baby snakes
|-start|p2a: Baby snakes|Substitute
|-damage|p2a: Baby snakes|63/100
|move|p1a: Raging Bolt|Draco Meteor|p2a: Baby snakes
|-end|p2a: Baby snakes|Substitute
|-unboost|p1a: Raging Bolt|spa|2
|-damage|p1a: Raging Bolt|65/100|[from] item: Life Orb
|
|-heal|p2a: Baby snakes|69/100|[from] Grassy Terrain
|-heal|p1a: Raging Bolt|71/100|[from] Grassy Terrain
|upkeep
|turn|39
|
|t:|1776201631
|move|p2a: Baby snakes|Psychic|p1a: Raging Bolt
|-crit|p1a: Raging Bolt
|-damage|p1a: Raging Bolt|12/100
|move|p1a: Raging Bolt|Volt Switch|p2a: Baby snakes
|-damage|p2a: Baby snakes|43/100
|-damage|p1a: Raging Bolt|2/100|[from] item: Life Orb
|
|t:|1776201640
|-end|p1a: Raging Bolt|Protosynthesis|[silent]
|switch|p1a: Zamazenta|Zamazenta|100/100|[from] Volt Switch
|-ability|p1a: Zamazenta|Dauntless Shield|boost
|-boost|p1a: Zamazenta|def|1
|
|-heal|p2a: Baby snakes|49/100|[from] Grassy Terrain
|-fieldend|move: Grassy Terrain
|upkeep
|turn|40
|j| ohko_smeargle
|
|t:|1776201659
|-terastallize|p1a: Zamazenta|Fairy
|move|p1a: Zamazenta|Body Press|p2a: Baby snakes
|-resisted|p2a: Baby snakes
|-damage|p2a: Baby snakes|9/100
|move|p2a: Baby snakes|Psychic|p1a: Zamazenta
|-damage|p1a: Zamazenta|60/100
|
|-heal|p1a: Zamazenta|66/100|[from] item: Leftovers
|upkeep
|turn|41
|
|t:|1776201670
|-end|p2a: Baby snakes|Quark Drive|[silent]
|switch|p2a: Professor|Zapdos|100/100
|move|p1a: Zamazenta|Body Press|p2a: Professor
|-resisted|p2a: Professor
|-damage|p2a: Professor|85/100
|
|-heal|p1a: Zamazenta|72/100|[from] item: Leftovers
|upkeep
|turn|42
|
|t:|1776201679
|switch|p1a: Clefable|Clefable, F|82/100 par
|move|p2a: Professor|Discharge|p1a: Clefable
|-damage|p1a: Clefable|60/100 par
|
|upkeep
|turn|43
|
|t:|1776201694
|move|p2a: Professor|Hurricane|p1a: Clefable
|-damage|p1a: Clefable|29/100 par
|move|p1a: Clefable|Wish|p1a: Clefable
|
|upkeep
|turn|44
|
|t:|1776201708
|move|p2a: Professor|U-turn|p1a: Clefable
|-resisted|p1a: Clefable
|-damage|p1a: Clefable|22/100 par
|
|t:|1776201739
|switch|p2a: Laboon|Great Tusk|34/100|[from] U-turn
|cant|p1a: Clefable|par
|
|-heal|p1a: Clefable|72/100 par|[from] move: Wish|[wisher] Clefable
|upkeep
|turn|45
|
|t:|1776201750
|move|p2a: Laboon|Earthquake|p1a: Clefable
|-damage|p1a: Clefable|24/100 par
|move|p1a: Clefable|Encore|p2a: Laboon
|-start|p2a: Laboon|Encore
|
|upkeep
|turn|46
|
|t:|1776201773
|move|p2a: Laboon|Earthquake|p1a: Clefable
|-damage|p1a: Clefable|0 fnt
|faint|p1a: Clefable
|
|upkeep
|
|t:|1776201778
|switch|p1a: Ogerpon|Ogerpon-Wellspring, F|55/100 par
|turn|47
|
|t:|1776201789
|move|p2a: Laboon|Earthquake|p1a: Ogerpon
|-resisted|p1a: Ogerpon
|-damage|p1a: Ogerpon|33/100 par
|move|p1a: Ogerpon|U-turn|p2a: Laboon
|-resisted|p2a: Laboon
|-crit|p2a: Laboon
|-damage|p2a: Laboon|25/100
|
|t:|1776201796
|switch|p1a: Zamazenta|Zamazenta, tera:Fairy|72/100|[from] U-turn
|
|-heal|p1a: Zamazenta|78/100|[from] item: Leftovers
|upkeep
|turn|48
|
|t:|1776201803
|-end|p2a: Laboon|Protosynthesis|[silent]
|switch|p2a: Professor|Zapdos|85/100
|move|p1a: Zamazenta|Iron Defense|p1a: Zamazenta
|-boost|p1a: Zamazenta|def|2
|
|-heal|p1a: Zamazenta|85/100|[from] item: Leftovers
|upkeep
|turn|49
|
|t:|1776201814
|move|p1a: Zamazenta|Body Press|p2a: Professor
|-resisted|p2a: Professor
|-damage|p2a: Professor|61/100
|move|p2a: Professor|Discharge|p1a: Zamazenta
|-damage|p1a: Zamazenta|58/100
|
|-heal|p1a: Zamazenta|64/100|[from] item: Leftovers
|upkeep
|turn|50
|
|t:|1776201821
|move|p1a: Zamazenta|Body Press|p2a: Professor
|-resisted|p2a: Professor
|-damage|p2a: Professor|39/100
|move|p2a: Professor|Discharge|p1a: Zamazenta
|-damage|p1a: Zamazenta|36/100
|
|-heal|p1a: Zamazenta|42/100|[from] item: Leftovers
|upkeep
|turn|51
|
|t:|1776201828
|move|p1a: Zamazenta|Body Press|p2a: Professor
|-resisted|p2a: Professor
|-damage|p2a: Professor|18/100
|-status|p1a: Zamazenta|par|[from] ability: Static|[of] p2a: Professor
|move|p2a: Professor|Roost|p2a: Professor
|-heal|p2a: Professor|68/100
|-singleturn|p2a: Professor|move: Roost
|
|-heal|p1a: Zamazenta|48/100 par|[from] item: Leftovers
|upkeep
|turn|52
|
|t:|1776201835
|move|p2a: Professor|Roost|p2a: Professor
|-heal|p2a: Professor|100/100
|-singleturn|p2a: Professor|move: Roost
|move|p1a: Zamazenta|Body Press|p2a: Professor
|-damage|p2a: Professor|59/100
|
|-heal|p1a: Zamazenta|55/100 par|[from] item: Leftovers
|upkeep
|turn|53
|-message|keep your life forfeited.
|
|win|ggabireu
|raw|keep your life's rating: 1269 &rarr; <strong>1248</strong><br />(-21 for losing)
|raw|ggabireu's rating: 1320 &rarr; <strong>1337</strong><br />(+17 for winning)
|l|☆keep your life
|player|p1|
