|html|<div class="broadcast-blue"><strong>[Gen 9] OU is currently suspecting Tera Blast! For information on how to participate check out the <a href="https://www.smogon.com/tools/suspects/view/200">suspect thread</a>.</strong></div>
|j|☆bahnmiking
|j|☆amimec
|t:|1776076150
|gametype|singles
|player|p1|bahnmiking|bianca|1684
|player|p2|amimec|eusine|1706
|gen|9
|tier|[Gen 9] OU
|rated|
|rule|HP Percentage Mod: HP is shown in percentages
|rule|Endless Battle Clause: Forcing endless battles is banned
|rule|Species Clause: Limit one of each Pokémon
|rule|OHKO Clause: OHKO moves are banned
|rule|Evasion Items Clause: Evasion items are banned
|rule|Evasion Moves Clause: Evasion moves are banned
|rule|Evasion Abilities Clause: Evasion abilities are banned
|rule|Sleep Moves Clause: Sleep-inducing moves are banned
|clearpoke
|poke|p1|Gholdengo|
|poke|p1|Raging Bolt|
|poke|p1|Ceruledge, M|
|poke|p1|Ribombee, M|
|poke|p1|Dragonite, F|
|poke|p1|Great Tusk|
|poke|p2|Meowscarada, M|
|poke|p2|Pecharunt|
|poke|p2|Enamorus, F|
|poke|p2|Iron Treads|
|poke|p2|Skarmory, F|
|poke|p2|Slowking, F|
|teampreview
|
|t:|1776076165
|teamsize|p1|6
|teamsize|p2|6
|start
|switch|p1a: Ribombee|Ribombee, M|100/100
|switch|p2a: Iron Treads|Iron Treads|100/100
|turn|1
|
|t:|1776076174
|move|p1a: Ribombee|Stun Spore|p2a: Iron Treads
|-status|p2a: Iron Treads|par
|move|p2a: Iron Treads|Stealth Rock|p1a: Ribombee
|-sidestart|p1: bahnmiking|move: Stealth Rock
|
|upkeep
|turn|2
|
|t:|1776076193
|move|p1a: Ribombee|Sticky Web|p2a: Iron Treads
|-sidestart|p2: amimec|move: Sticky Web
|move|p2a: Iron Treads|Rapid Spin|p1a: Ribombee
|-damage|p1a: Ribombee|75/100
|-boost|p2a: Iron Treads|spe|1
|-sideend|p2: amimec|Sticky Web|[from] move: Rapid Spin|[of] p2a: Iron Treads
|
|upkeep
|turn|3
|
|t:|1776076202
|move|p1a: Ribombee|Sticky Web|p2a: Iron Treads
|-sidestart|p2: amimec|move: Sticky Web
|move|p2a: Iron Treads|Rapid Spin|p1a: Ribombee
|-damage|p1a: Ribombee|52/100
|-boost|p2a: Iron Treads|spe|1
|-sideend|p2: amimec|Sticky Web|[from] move: Rapid Spin|[of] p2a: Iron Treads
|
|upkeep
|turn|4
|
|t:|1776076205
|move|p1a: Ribombee|Sticky Web|p2a: Iron Treads
|-sidestart|p2: amimec|move: Sticky Web
|cant|p2a: Iron Treads|par
|
|upkeep
|turn|5
|
|t:|1776076213
|switch|p1a: Gholdengo|Gholdengo|100/100
|-damage|p1a: Gholdengo|94/100|[from] Stealth Rock
|-item|p1a: Gholdengo|Air Balloon
|move|p2a: Iron Treads|Knock Off|p1a: Gholdengo
|-supereffective|p1a: Gholdengo
|-damage|p1a: Gholdengo|38/100
|-enditem|p1a: Gholdengo|Air Balloon
|
|upkeep
|turn|6
|
|t:|1776076222
|move|p1a: Gholdengo|Shadow Ball|p2a: Iron Treads
|-damage|p2a: Iron Treads|64/100 par
|cant|p2a: Iron Treads|par
|
|-heal|p2a: Iron Treads|70/100 par|[from] item: Leftovers
|upkeep
|turn|7
|
|t:|1776076229
|move|p1a: Gholdengo|Shadow Ball|p2a: Iron Treads
|-damage|p2a: Iron Treads|34/100 par
|-unboost|p2a: Iron Treads|spd|1
|move|p2a: Iron Treads|Earthquake|p1a: Gholdengo
|-supereffective|p1a: Gholdengo
|-damage|p1a: Gholdengo|0 fnt
|faint|p1a: Gholdengo
|
|-heal|p2a: Iron Treads|40/100 par|[from] item: Leftovers
|upkeep
|
|t:|1776076238
|switch|p1a: Great Tusk|Great Tusk|100/100
|-damage|p1a: Great Tusk|98/100|[from] Stealth Rock
|-enditem|p1a: Great Tusk|Booster Energy
|-activate|p1a: Great Tusk|ability: Protosynthesis|[fromitem]
|-start|p1a: Great Tusk|protosynthesisatk
|turn|8
|
|t:|1776076246
|-end|p2a: Iron Treads|Quark Drive|[silent]
|switch|p2a: Skarmory|Skarmory, F|100/100
|-terastallize|p1a: Great Tusk|Ghost
|move|p1a: Great Tusk|Bulk Up|p1a: Great Tusk
|-boost|p1a: Great Tusk|atk|1
|-boost|p1a: Great Tusk|def|1
|
|upkeep
|turn|9
|
|t:|1776076250
|move|p1a: Great Tusk|Rapid Spin|p2a: Skarmory
|-resisted|p2a: Skarmory
|-damage|p2a: Skarmory|91/100
|-boost|p1a: Great Tusk|spe|1
|-sideend|p1: bahnmiking|Stealth Rock|[from] move: Rapid Spin|[of] p1a: Great Tusk
|move|p2a: Skarmory|Iron Defense|p2a: Skarmory
|-boost|p2a: Skarmory|def|2
|
|upkeep
|turn|10
|
|t:|1776076259
|move|p1a: Great Tusk|Bulk Up|p1a: Great Tusk
|-boost|p1a: Great Tusk|atk|1
|-boost|p1a: Great Tusk|def|1
|move|p2a: Skarmory|Iron Defense|p2a: Skarmory
|-boost|p2a: Skarmory|def|2
|
|upkeep
|turn|11
|
|t:|1776076261
|move|p1a: Great Tusk|Bulk Up|p1a: Great Tusk
|-boost|p1a: Great Tusk|atk|1
|-boost|p1a: Great Tusk|def|1
|move|p2a: Skarmory|Iron Defense|p2a: Skarmory
|-boost|p2a: Skarmory|def|2
|
|upkeep
|turn|12
|
|t:|1776076267
|move|p1a: Great Tusk|Bulk Up|p1a: Great Tusk
|-boost|p1a: Great Tusk|atk|1
|-boost|p1a: Great Tusk|def|1
|move|p2a: Skarmory|Spikes|p1a: Great Tusk
|-sidestart|p1: bahnmiking|Spikes
|
|upkeep
|turn|13
|
|t:|1776076273
|move|p1a: Great Tusk|Bulk Up|p1a: Great Tusk
|-boost|p1a: Great Tusk|atk|1
|-boost|p1a: Great Tusk|def|1
|move|p2a: Skarmory|Spikes|p1a: Great Tusk
|-sidestart|p1: bahnmiking|Spikes
|
|upkeep
|turn|14
|
|t:|1776076276
|move|p1a: Great Tusk|Bulk Up|p1a: Great Tusk
|-boost|p1a: Great Tusk|atk|1
|-boost|p1a: Great Tusk|def|1
|move|p2a: Skarmory|Spikes|p1a: Great Tusk
|-sidestart|p1: bahnmiking|Spikes
|
|upkeep
|turn|15
|
|t:|1776076285
|switch|p2a: Enamorus|Enamorus, F|100/100
|move|p1a: Great Tusk|Rapid Spin|p2a: Enamorus
|-damage|p2a: Enamorus|0 fnt
|-boost|p1a: Great Tusk|spe|1
|-sideend|p1: bahnmiking|Spikes|[from] move: Rapid Spin|[of] p1a: Great Tusk
|faint|p2a: Enamorus
|
|upkeep
|-message|amimec forfeited.
|
|win|bahnmiking
|raw|bahnmiking's rating: 1684 &rarr; <strong>1705</strong><br />(+21 for winning)
|raw|amimec's rating: 1706 &rarr; <strong>1685</strong><br />(-21 for losing)
|l|☆amimec
|player|p2|
