|html|<div class="broadcast-blue"><strong>[Gen 9] OU is currently suspecting Tera Blast! For information on how to participate check out the <a href="https://www.smogon.com/tools/suspects/view/200">suspect thread</a>.</strong></div>
|j|☆A Welcome Guest
|j|☆Johnny tots
|t:|1776043414
|gametype|singles
|player|p1|A Welcome Guest|pokemaniac|1733
|player|p2|Johnny tots|102|1800
|gen|9
|tier|[Gen 9] OU
|rated|
|rule|HP Percentage Mod: HP is shown in percentages
|rule|Endless Battle Clause: Forcing endless battles is banned
|rule|Species Clause: Limit one of each Pokémon
|rule|OHKO Clause: OHKO moves are banned
|rule|Evasion Items Clause: Evasion items are banned
|rule|Evasion Moves Clause: Evasion moves are banned
|rule|Evasion Abilities Clause: Evasion abilities are banned
|rule|Sleep Moves Clause: Sleep-inducing moves are banned
|clearpoke
|poke|p1|Deoxys-Speed|
|poke|p1|Walking Wake|
|poke|p1|Moltres-Galar|
|poke|p1|Glimmora, F|
|poke|p1|Ursaluna, M|
|poke|p1|Zamazenta-*|
|poke|p2|Rillaboom, M|
|poke|p2|Klefki, M|
|poke|p2|Manaphy|
|poke|p2|Ogerpon-Wellspring, F|
|poke|p2|Maushold-Four|
|poke|p2|Clefable, M|
|teampreview
|inactive|Battle timer is ON: inactive players will automatically lose when time's up. (requested by Johnny tots)
|c|☆A Welcome Guest|hf
|c|☆Johnny tots|Gl
|
|t:|1776043437
|teamsize|p1|6
|teamsize|p2|6
|start
|switch|p1a: Glimmora|Glimmora, F|100/100
|switch|p2a: Klefki|Klefki, M|100/100
|turn|1
|l|☆Johnny tots
|inactive|Johnny tots disconnected and has a minute to reconnect!
|player|p2|
|j|☆Johnny tots
|inactive|Johnny tots reconnected and has 140 seconds left.
|player|p2|Johnny tots|102|
|
|t:|1776043450
|switch|p1a: Ursaluna|Ursaluna, M|100/100
|move|p2a: Klefki|Thunder Wave|p1a: Ursaluna
|-immune|p1a: Ursaluna
|
|-status|p1a: Ursaluna|brn|[from] item: Flame Orb
|upkeep
|turn|2
|
|t:|1776043462
|move|p2a: Klefki|Reflect|p2a: Klefki
|-sidestart|p2: Johnny tots|Reflect
|move|p1a: Ursaluna|Swords Dance|p1a: Ursaluna
|-boost|p1a: Ursaluna|atk|2
|
|-damage|p1a: Ursaluna|94/100 brn|[from] brn
|upkeep
|turn|3
|
|t:|1776043467
|move|p2a: Klefki|Light Screen|p2a: Klefki
|-sidestart|p2: Johnny tots|move: Light Screen
|move|p1a: Ursaluna|Facade|p2a: Klefki
|-resisted|p2a: Klefki
|-crit|p2a: Klefki
|-damage|p2a: Klefki|0 fnt
|faint|p2a: Klefki
|
|-damage|p1a: Ursaluna|88/100 brn|[from] brn
|upkeep
|
|t:|1776043469
|switch|p2a: Ogerpon|Ogerpon-Wellspring, F|100/100
|turn|4
|
|t:|1776043481
|-terastallize|p1a: Ursaluna|Normal
|move|p2a: Ogerpon|Ivy Cudgel|p1a: Ursaluna|[anim] Ivy Cudgel Water
|-damage|p1a: Ursaluna|41/100 brn
|move|p1a: Ursaluna|Facade|p2a: Ogerpon
|-damage|p2a: Ogerpon|0 fnt
|faint|p2a: Ogerpon
|
|-damage|p1a: Ursaluna|34/100 brn|[from] brn
|upkeep
|l|☆Johnny tots
|inactive|Johnny tots disconnected and has a minute to reconnect!
|player|p2|
|j|☆Johnny tots
|inactive|Johnny tots reconnected and has 135 seconds left.
|player|p2|Johnny tots|102|
|
|t:|1776043502
|switch|p2a: Maushold|Maushold-Four|100/100
|turn|5
|
|t:|1776043507
|move|p2a: Maushold|Population Bomb|p1a: Ursaluna
|-damage|p1a: Ursaluna|24/100 brn
|-damage|p1a: Ursaluna|15/100 brn
|-damage|p1a: Ursaluna|5/100 brn
|-damage|p1a: Ursaluna|0 fnt
|faint|p1a: Ursaluna
|-hitcount|p1: Ursaluna|4
|
|upkeep
|
|t:|1776043513
|switch|p1a: Glimmora|Glimmora, F|100/100
|turn|6
|
|t:|1776043517
|move|p2a: Maushold|Tidy Up|p2a: Maushold
|-boost|p2a: Maushold|atk|1
|-boost|p2a: Maushold|spe|1
|move|p1a: Glimmora|Power Gem|p2a: Maushold
|-damage|p2a: Maushold|77/100
|
|upkeep
|turn|7
|
|t:|1776043520
|move|p2a: Maushold|Population Bomb|p1a: Glimmora
|-resisted|p1a: Glimmora
|-damage|p1a: Glimmora|93/100
|-activate|p1a: Glimmora|ability: Toxic Debris
|-sidestart|p2: Johnny tots|move: Toxic Spikes
|-resisted|p1a: Glimmora
|-damage|p1a: Glimmora|87/100
|-activate|p1a: Glimmora|ability: Toxic Debris
|-sidestart|p2: Johnny tots|move: Toxic Spikes
|-resisted|p1a: Glimmora
|-damage|p1a: Glimmora|80/100
|-resisted|p1a: Glimmora
|-damage|p1a: Glimmora|74/100
|-resisted|p1a: Glimmora
|-damage|p1a: Glimmora|67/100
|-resisted|p1a: Glimmora
|-damage|p1a: Glimmora|60/100
|-resisted|p1a: Glimmora
|-damage|p1a: Glimmora|53/100
|-resisted|p1a: Glimmora
|-damage|p1a: Glimmora|46/100
|-resisted|p1a: Glimmora
|-damage|p1a: Glimmora|39/100
|-resisted|p1a: Glimmora
|-damage|p1a: Glimmora|33/100
|-hitcount|p1a: Glimmora|10
|-enditem|p1a: Glimmora|Red Card|[of] p2a: Maushold
|drag|p2a: Rillaboom|Rillaboom, M|100/100
|-status|p2a: Rillaboom|tox
|-fieldstart|move: Grassy Terrain|[from] ability: Grassy Surge|[of] p2a: Rillaboom
|move|p1a: Glimmora|Mortal Spin|p2a: Rillaboom
|-supereffective|p2a: Rillaboom
|-damage|p2a: Rillaboom|95/100 tox
|
|-heal|p2a: Rillaboom|100/100 tox|[from] Grassy Terrain
|-heal|p1a: Glimmora|39/100|[from] Grassy Terrain
|-damage|p2a: Rillaboom|94/100 tox|[from] psn
|upkeep
|turn|8
|
|t:|1776043528
|switch|p2a: Maushold|Maushold-Four|77/100
|-status|p2a: Maushold|tox
|move|p1a: Glimmora|Stealth Rock|p2a: Maushold
|-sidestart|p2: Johnny tots|move: Stealth Rock
|
|-heal|p2a: Maushold|83/100 tox|[from] Grassy Terrain
|-heal|p1a: Glimmora|45/100|[from] Grassy Terrain
|-damage|p2a: Maushold|77/100 tox|[from] psn
|upkeep
|turn|9
|j| messiah.dc
|
|t:|1776043543
|switch|p1a: Deoxys|Deoxys-Speed|100/100
|-ability|p1a: Deoxys|Pressure
|move|p2a: Maushold|Encore||[still]
|-fail|p2a: Maushold
|
|-heal|p2a: Maushold|83/100 tox|[from] Grassy Terrain
|-damage|p2a: Maushold|70/100 tox|[from] psn
|-sideend|p2: Johnny tots|Reflect
|upkeep
|turn|10
|
|t:|1776043545
|move|p1a: Deoxys|Taunt|p2a: Maushold
|-start|p2a: Maushold|move: Taunt
|cant|p2a: Maushold|move: Taunt|Tidy Up
|
|-heal|p2a: Maushold|77/100 tox|[from] Grassy Terrain
|-damage|p2a: Maushold|58/100 tox|[from] psn
|-sideend|p2: Johnny tots|move: Light Screen
|upkeep
|turn|11
|
|t:|1776043555
|switch|p1a: Glimmora|Glimmora, F|45/100
|switch|p2a: Clefable|Clefable, M|100/100
|-status|p2a: Clefable|tox
|
|-heal|p1a: Glimmora|51/100|[from] Grassy Terrain
|upkeep
|turn|12
|
|t:|1776043560
|switch|p1a: Deoxys|Deoxys-Speed|100/100
|-ability|p1a: Deoxys|Pressure
|move|p2a: Clefable|Calm Mind|p2a: Clefable
|-boost|p2a: Clefable|spa|1
|-boost|p2a: Clefable|spd|1
|
|upkeep
|turn|13
|
|t:|1776043562
|move|p1a: Deoxys|Taunt|p2a: Clefable
|-start|p2a: Clefable|move: Taunt
|move|p2a: Clefable|Moonblast|p1a: Deoxys
|-damage|p1a: Deoxys|32/100
|
|-heal|p1a: Deoxys|38/100|[from] Grassy Terrain
|upkeep
|turn|14
|
|t:|1776043565
|move|p1a: Deoxys|Light Screen|p1a: Deoxys
|-sidestart|p1: A Welcome Guest|move: Light Screen
|move|p2a: Clefable|Moonblast|p1a: Deoxys
|-damage|p1a: Deoxys|0 fnt
|faint|p1a: Deoxys
|
|-fieldend|move: Grassy Terrain
|upkeep
|
|t:|1776043569
|switch|p1a: Zamazenta|Zamazenta|100/100
|-ability|p1a: Zamazenta|Dauntless Shield|boost
|-boost|p1a: Zamazenta|def|1
|turn|15
|
|t:|1776043572
|move|p1a: Zamazenta|Heavy Slam|p2a: Clefable
|-supereffective|p2a: Clefable
|-damage|p2a: Clefable|39/100 tox
|move|p2a: Clefable|Moonblast|p1a: Zamazenta
|-supereffective|p1a: Zamazenta
|-damage|p1a: Zamazenta|40/100
|
|-heal|p1a: Zamazenta|46/100|[from] item: Leftovers
|-heal|p2a: Clefable|45/100 tox|[from] item: Leftovers
|-end|p2a: Clefable|move: Taunt
|upkeep
|turn|16
|
|t:|1776043576
|switch|p2a: Rillaboom|Rillaboom, M|94/100 tox
|-damage|p2a: Rillaboom|82/100 tox|[from] Stealth Rock
|-fieldstart|move: Grassy Terrain|[from] ability: Grassy Surge|[of] p2a: Rillaboom
|move|p1a: Zamazenta|Heavy Slam|p2a: Rillaboom
|-damage|p2a: Rillaboom|65/100 tox
|
|-heal|p1a: Zamazenta|52/100|[from] Grassy Terrain
|-heal|p1a: Zamazenta|58/100|[from] item: Leftovers
|-heal|p2a: Rillaboom|71/100 tox|[from] Grassy Terrain
|-damage|p2a: Rillaboom|65/100 tox|[from] psn
|upkeep
|turn|17
|
|t:|1776043580
|move|p1a: Zamazenta|Iron Defense|p1a: Zamazenta
|-boost|p1a: Zamazenta|def|2
|move|p2a: Rillaboom|Knock Off|p1a: Zamazenta
|-resisted|p1a: Zamazenta
|-damage|p1a: Zamazenta|52/100
|-enditem|p1a: Zamazenta|Leftovers|[from] move: Knock Off|[of] p2a: Rillaboom
|
|-heal|p1a: Zamazenta|59/100|[from] Grassy Terrain
|-heal|p2a: Rillaboom|71/100 tox|[from] Grassy Terrain
|-damage|p2a: Rillaboom|59/100 tox|[from] psn
|upkeep
|turn|18
|
|t:|1776043586
|move|p1a: Zamazenta|Iron Defense|p1a: Zamazenta
|-boost|p1a: Zamazenta|def|2
|move|p2a: Rillaboom|Bulk Up|p2a: Rillaboom
|-boost|p2a: Rillaboom|atk|1
|-boost|p2a: Rillaboom|def|1
|
|-heal|p1a: Zamazenta|65/100|[from] Grassy Terrain
|-heal|p2a: Rillaboom|65/100 tox|[from] Grassy Terrain
|-damage|p2a: Rillaboom|47/100 tox|[from] psn
|upkeep
|turn|19
|
|t:|1776043588
|move|p2a: Rillaboom|Grassy Glide|p1a: Zamazenta
|-damage|p1a: Zamazenta|52/100
|move|p1a: Zamazenta|Body Press|p2a: Rillaboom
|-damage|p2a: Rillaboom|0 fnt
|faint|p2a: Rillaboom
|
|-heal|p1a: Zamazenta|58/100|[from] Grassy Terrain
|upkeep
|
|t:|1776043592
|switch|p2a: Maushold|Maushold-Four|58/100 tox
|-damage|p2a: Maushold|46/100 tox|[from] Stealth Rock
|turn|20
|
|t:|1776043596
|-terastallize|p2a: Maushold|Ghost
|move|p1a: Zamazenta|Heavy Slam|p2a: Maushold
|-damage|p2a: Maushold|0 fnt
|faint|p2a: Maushold
|
|-heal|p1a: Zamazenta|64/100|[from] Grassy Terrain
|upkeep
|c|☆Johnny tots|Gg
|c|☆A Welcome Guest|gg
|j| Monkey D MinMin
|-message|Johnny tots forfeited.
|
|win|A Welcome Guest
|raw|A Welcome Guest's rating: 1733 &rarr; <strong>1757</strong><br />(+24 for winning)
|raw|Johnny tots's rating: 1800 &rarr; <strong>1776</strong><br />(-24 for losing)
|l|☆Johnny tots
|player|p2|
|l| messiah.dc
