|html|<div class="broadcast-blue"><strong>[Gen 9] OU is currently suspecting Tera Blast! For information on how to participate check out the <a href="https://www.smogon.com/tools/suspects/view/200">suspect thread</a>.</strong></div>
|j|☆DarkAngel205
|j|☆Yoshi Jan
|t:|1776059485
|gametype|singles
|player|p1|DarkAngel205|1|1249
|player|p2|Yoshi Jan|pokemaniac|1218
|gen|9
|tier|[Gen 9] OU
|rated|
|rule|HP Percentage Mod: HP is shown in percentages
|rule|Endless Battle Clause: Forcing endless battles is banned
|rule|Species Clause: Limit one of each Pokémon
|rule|OHKO Clause: OHKO moves are banned
|rule|Evasion Items Clause: Evasion items are banned
|rule|Evasion Moves Clause: Evasion moves are banned
|rule|Evasion Abilities Clause: Evasion abilities are banned
|rule|Sleep Moves Clause: Sleep-inducing moves are banned
|clearpoke
|poke|p1|Ninetales, F|
|poke|p1|Lilligant-Hisui, F|
|poke|p1|Walking Wake|
|poke|p1|Iron Moth|
|poke|p1|Great Tusk|
|poke|p1|Corviknight, M|
|poke|p2|Pelipper, F|
|poke|p2|Galvantula, M|
|poke|p2|Basculegion, M|
|poke|p2|Barraskewda, M|
|poke|p2|Overqwil, M|
|poke|p2|Politoed, F|
|teampreview
|inactive|Battle timer is ON: inactive players will automatically lose when time's up. (requested by Yoshi Jan)
|
|t:|1776059495
|teamsize|p1|6
|teamsize|p2|6
|start
|switch|p1a: Walking Wake|Walking Wake|100/100
|switch|p2a: Politoed|Politoed, F|100/100
|-weather|RainDance|[from] ability: Drizzle|[of] p2a: Politoed
|turn|1
|
|t:|1776059505
|switch|p2a: Overqwil|Overqwil, M, shiny|100/100
|move|p1a: Walking Wake|Agility|p1a: Walking Wake
|-boost|p1a: Walking Wake|spe|2
|
|-weather|RainDance|[upkeep]
|upkeep
|turn|2
|
|t:|1776059516
|move|p1a: Walking Wake|Dragon Pulse|p2a: Overqwil
|-damage|p2a: Overqwil|41/100
|move|p2a: Overqwil|Barb Barrage|p1a: Walking Wake
|-damage|p1a: Walking Wake|63/100
|-status|p1a: Walking Wake|psn
|
|-weather|RainDance|[upkeep]
|-heal|p2a: Overqwil|47/100|[from] item: Leftovers
|-damage|p1a: Walking Wake|51/100 psn|[from] psn
|upkeep
|turn|3
|
|t:|1776059523
|move|p1a: Walking Wake|Dragon Pulse|p2a: Overqwil
|-damage|p2a: Overqwil|0 fnt
|faint|p2a: Overqwil
|
|-weather|RainDance|[upkeep]
|-damage|p1a: Walking Wake|39/100 psn|[from] psn
|upkeep
|
|t:|1776059527
|switch|p2a: Galvantula|Galvantula, M|100/100
|turn|4
|
|t:|1776059529
|move|p1a: Walking Wake|Dragon Pulse|p2a: Galvantula
|-enditem|p2a: Galvantula|Focus Sash
|-damage|p2a: Galvantula|1/100
|move|p2a: Galvantula|Thunder|p1a: Walking Wake
|-damage|p1a: Walking Wake|0 fnt
|faint|p1a: Walking Wake
|-end|p1a: Walking Wake|Protosynthesis|[silent]
|
|-weather|RainDance|[upkeep]
|upkeep
|
|t:|1776059542
|switch|p1a: Iron Moth|Iron Moth|100/100
|-enditem|p1a: Iron Moth|Booster Energy
|-activate|p1a: Iron Moth|ability: Quark Drive|[fromitem]
|-start|p1a: Iron Moth|quarkdrivespe
|turn|5
|
|t:|1776059547
|move|p1a: Iron Moth|Fiery Dance|p2a: Galvantula
|-supereffective|p2a: Galvantula
|-damage|p2a: Galvantula|0 fnt
|-boost|p1a: Iron Moth|spa|1
|faint|p2a: Galvantula
|
|-weather|RainDance|[upkeep]
|upkeep
|
|t:|1776059555
|switch|p2a: Basculegion|Basculegion, M, shiny|100/100
|turn|6
|
|t:|1776059559
|-terastallize|p1a: Iron Moth|Grass
|move|p1a: Iron Moth|Energy Ball|p2a: Basculegion
|-supereffective|p2a: Basculegion
|-damage|p2a: Basculegion|0 fnt
|faint|p2a: Basculegion
|
|-weather|RainDance|[upkeep]
|upkeep
|
|t:|1776059564
|switch|p2a: Pelipper|Pelipper, F, shiny|100/100
|turn|7
|
|t:|1776059566
|move|p1a: Iron Moth|Energy Ball|p2a: Pelipper
|-damage|p2a: Pelipper|2/100
|move|p2a: Pelipper|Hurricane|p1a: Iron Moth
|-supereffective|p1a: Iron Moth
|-damage|p1a: Iron Moth|20/100
|
|-weather|RainDance|[upkeep]
|upkeep
|turn|8
|
|t:|1776059571
|move|p1a: Iron Moth|Fiery Dance|p2a: Pelipper
|-resisted|p2a: Pelipper
|-damage|p2a: Pelipper|0 fnt
|-boost|p1a: Iron Moth|spa|1
|faint|p2a: Pelipper
|
|-weather|none
|upkeep
|
|t:|1776059574
|switch|p2a: Politoed|Politoed, F|100/100
|-weather|RainDance|[from] ability: Drizzle|[of] p2a: Politoed
|turn|9
|
|t:|1776059576
|move|p1a: Iron Moth|Energy Ball|p2a: Politoed
|-supereffective|p2a: Politoed
|-damage|p2a: Politoed|0 fnt
|faint|p2a: Politoed
|
|-weather|RainDance|[upkeep]
|upkeep
|
|t:|1776059578
|switch|p2a: Barraskewda|Barraskewda, M|100/100
|turn|10
|
|t:|1776059584
|-terastallize|p2a: Barraskewda|Water
|move|p2a: Barraskewda|Waterfall|p1a: Iron Moth
|-resisted|p1a: Iron Moth
|-damage|p1a: Iron Moth|0 fnt
|faint|p1a: Iron Moth
|-end|p1a: Iron Moth|Quark Drive|[silent]
|
|-weather|RainDance|[upkeep]
|upkeep
|
|t:|1776059588
|switch|p1a: Ninetales|Ninetales, F, shiny|100/100
|-weather|SunnyDay|[from] ability: Drought|[of] p1a: Ninetales
|turn|11
|
|t:|1776059590
|move|p1a: Ninetales|Will-O-Wisp|p2a: Barraskewda
|-status|p2a: Barraskewda|brn
|move|p2a: Barraskewda|Waterfall|p1a: Ninetales
|-supereffective|p1a: Ninetales
|-damage|p1a: Ninetales|29/100
|
|-weather|SunnyDay|[upkeep]
|-damage|p2a: Barraskewda|94/100 brn|[from] brn
|upkeep
|turn|12
|-message|Yoshi Jan forfeited.
|
|win|DarkAngel205
|raw|DarkAngel205's rating: 1249 &rarr; <strong>1272</strong><br />(+23 for winning)
|raw|Yoshi Jan's rating: 1218 &rarr; <strong>1195</strong><br />(-23 for losing)
|l|☆Yoshi Jan
|player|p2|
|l|☆DarkAngel205
|player|p1|
