|html|<div class="broadcast-blue"><strong>[Gen 9] OU is currently suspecting Tera Blast! For information on how to participate check out the <a href="https://www.smogon.com/tools/suspects/view/200">suspect thread</a>.</strong></div>
|j|☆ok lets go neige
|j|☆Platypuzzled
|t:|1776346536
|gametype|singles
|player|p1|ok lets go neige|burglar|1292
|player|p2|Platypuzzled|burglar-lgpe|1286
|gen|9
|tier|[Gen 9] OU
|rated|
|rule|HP Percentage Mod: HP is shown in percentages
|rule|Endless Battle Clause: Forcing endless battles is banned
|rule|Species Clause: Limit one of each Pokémon
|rule|OHKO Clause: OHKO moves are banned
|rule|Evasion Items Clause: Evasion items are banned
|rule|Evasion Moves Clause: Evasion moves are banned
|rule|Evasion Abilities Clause: Evasion abilities are banned
|rule|Sleep Moves Clause: Sleep-inducing moves are banned
|clearpoke
|poke|p1|Pelipper, F|
|poke|p1|Kingdra, F|
|poke|p1|Barraskewda, F|
|poke|p1|Dragonite, M|
|poke|p1|Raging Bolt|
|poke|p1|Iron Treads|
|poke|p2|Samurott-Hisui, F|
|poke|p2|Corviknight, M|
|poke|p2|Muk-Alola, M|
|poke|p2|Kommo-o, F|
|poke|p2|Sandy Shocks|
|poke|p2|Cramorant, F|
|teampreview
|
|t:|1776346553
|teamsize|p1|6
|teamsize|p2|6
|start
|switch|p1a: Conor MCGregor|Pelipper, F|100/100
|switch|p2a: Slop|Muk-Alola, M|100/100
|-weather|RainDance|[from] ability: Drizzle|[of] p1a: Conor MCGregor
|turn|1
|c|☆Platypuzzled|glhf
|inactive|Battle timer is ON: inactive players will automatically lose when time's up. (requested by Platypuzzled)
|c|☆ok lets go neige|u2
|
|t:|1776346570
|move|p2a: Slop|Knock Off|p1a: Conor MCGregor
|-damage|p1a: Conor MCGregor|72/100
|-enditem|p1a: Conor MCGregor|Damp Rock|[from] move: Knock Off|[of] p2a: Slop
|move|p1a: Conor MCGregor|U-turn|p2a: Slop
|-damage|p2a: Slop|91/100
|
|t:|1776346583
|switch|p1a: Jon Jones|Barraskewda, F|100/100|[from] U-turn
|
|-weather|RainDance|[upkeep]
|upkeep
|turn|2
|
|t:|1776346589
|move|p1a: Jon Jones|Liquidation|p2a: Slop
|-damage|p2a: Slop|0 fnt
|faint|p2a: Slop
|
|-weather|RainDance|[upkeep]
|upkeep
|
|t:|1776346599
|switch|p2a: Wet Dog|Samurott-Hisui, F|100/100
|turn|3
|
|t:|1776346621
|switch|p1a: K.Nurmagemedov|Raging Bolt|100/100
|-enditem|p1a: K.Nurmagemedov|Booster Energy
|-activate|p1a: K.Nurmagemedov|ability: Protosynthesis|[fromitem]
|-start|p1a: K.Nurmagemedov|protosynthesisspa
|move|p2a: Wet Dog|Ceaseless Edge|p1a: K.Nurmagemedov
|-damage|p1a: K.Nurmagemedov|53/100
|-sidestart|p1: ok lets go neige|Spikes
|
|-weather|RainDance|[upkeep]
|upkeep
|turn|4
|
|t:|1776346629
|switch|p2a: Polycule|Sandy Shocks|100/100
|-enditem|p2a: Polycule|Booster Energy
|-activate|p2a: Polycule|ability: Protosynthesis|[fromitem]
|-start|p2a: Polycule|protosynthesisspe
|move|p1a: K.Nurmagemedov|Weather Ball|p2a: Polycule
|-supereffective|p2a: Polycule
|-crit|p2a: Polycule
|-damage|p2a: Polycule|0 fnt
|faint|p2a: Polycule
|-end|p2a: Polycule|Protosynthesis|[silent]
|
|-weather|RainDance|[upkeep]
|upkeep
|
|t:|1776346636
|switch|p2a: Wet Dog|Samurott-Hisui, F|100/100
|turn|5
|
|t:|1776346653
|-terastallize|p2a: Wet Dog|Water
|move|p1a: K.Nurmagemedov|Thunderclap|p2a: Wet Dog
|-supereffective|p2a: Wet Dog
|-enditem|p2a: Wet Dog|Focus Sash
|-damage|p2a: Wet Dog|1/100
|move|p2a: Wet Dog|Aqua Cutter|p1a: K.Nurmagemedov
|-resisted|p1a: K.Nurmagemedov
|-damage|p1a: K.Nurmagemedov|7/100
|
|-weather|RainDance|[upkeep]
|upkeep
|turn|6
|
|t:|1776346661
|move|p2a: Wet Dog|Aqua Jet|p1a: K.Nurmagemedov
|-resisted|p1a: K.Nurmagemedov
|-damage|p1a: K.Nurmagemedov|0 fnt
|faint|p1a: K.Nurmagemedov
|-end|p1a: K.Nurmagemedov|Protosynthesis|[silent]
|
|-weather|RainDance|[upkeep]
|upkeep
|
|t:|1776346666
|switch|p1a: Francis Nganou|Dragonite, M|100/100
|turn|7
|
|t:|1776346682
|move|p1a: Francis Nganou|Extreme Speed|p2a: Wet Dog
|-damage|p2a: Wet Dog|0 fnt
|faint|p2a: Wet Dog
|
|-weather|RainDance|[upkeep]
|upkeep
|
|t:|1776346691
|switch|p2a: Bird :D|Cramorant, F|100/100
|turn|8
|
|t:|1776346694
|move|p1a: Francis Nganou|Dragon Dance|p1a: Francis Nganou
|-boost|p1a: Francis Nganou|atk|1
|-boost|p1a: Francis Nganou|spe|1
|move|p2a: Bird :D|Hurricane|p1a: Francis Nganou
|-damage|p1a: Francis Nganou|77/100
|
|-weather|none
|upkeep
|turn|9
|inactive|Platypuzzled has 120 seconds left.
|
|t:|1776346726
|move|p1a: Francis Nganou|Dragon Dance|p1a: Francis Nganou
|-boost|p1a: Francis Nganou|atk|1
|-boost|p1a: Francis Nganou|spe|1
|move|p2a: Bird :D|Surf|p1a: Francis Nganou
|-formechange|p2a: Bird :D|Cramorant-Gulping|
|-resisted|p1a: Francis Nganou
|-damage|p1a: Francis Nganou|56/100
|
|upkeep
|turn|10
|
|t:|1776346731
|move|p1a: Francis Nganou|Dragon Dance|p1a: Francis Nganou
|-boost|p1a: Francis Nganou|atk|1
|-boost|p1a: Francis Nganou|spe|1
|move|p2a: Bird :D|Hurricane|p1a: Francis Nganou
|-damage|p1a: Francis Nganou|2/100
|
|upkeep
|turn|11
|
|t:|1776346734
|-terastallize|p1a: Francis Nganou|Normal
|move|p1a: Francis Nganou|Extreme Speed|p2a: Bird :D
|-damage|p2a: Bird :D|0 fnt
|-damage|p1a: Francis Nganou|0 fnt|[from] ability: Gulp Missile|[of] p2a: Bird :D
|-formechange|p2a: Bird :D|Cramorant|
|faint|p2a: Bird :D
|faint|p1a: Francis Nganou
|
|upkeep
|
|t:|1776346742
|switch|p1a: Conor MCGregor|Pelipper, F|72/100
|switch|p2a: Banana Horse|Kommo-o, F|100/100
|-weather|RainDance|[from] ability: Drizzle|[of] p1a: Conor MCGregor
|turn|12
|
|t:|1776346748
|move|p2a: Banana Horse|Clanging Scales|p1a: Conor MCGregor
|-damage|p1a: Conor MCGregor|0 fnt
|faint|p1a: Conor MCGregor
|-unboost|p2a: Banana Horse|def|1
|-enditem|p2a: Banana Horse|Throat Spray
|-boost|p2a: Banana Horse|spa|1|[from] item: Throat Spray
|
|-weather|RainDance|[upkeep]
|upkeep
|
|t:|1776346752
|switch|p1a: Georges St-Pierre|Kingdra, F|100/100
|-damage|p1a: Georges St-Pierre|88/100|[from] Spikes
|turn|13
|
|t:|1776346771
|move|p1a: Georges St-Pierre|Draco Meteor|p2a: Banana Horse
|-supereffective|p2a: Banana Horse
|-damage|p2a: Banana Horse|0 fnt
|-unboost|p1a: Georges St-Pierre|spa|2
|faint|p2a: Banana Horse
|
|-weather|RainDance|[upkeep]
|upkeep
|
|t:|1776346772
|switch|p2a: Chicken|Corviknight, M|100/100
|-ability|p2a: Chicken|Pressure
|turn|14
|
|t:|1776346775
|switch|p1a: Jon Jones|Barraskewda, F|100/100
|-damage|p1a: Jon Jones|88/100|[from] Spikes
|move|p2a: Chicken|Bulk Up|p2a: Chicken
|-boost|p2a: Chicken|atk|1
|-boost|p2a: Chicken|def|1
|
|-weather|RainDance|[upkeep]
|upkeep
|turn|15
|
|t:|1776346783
|move|p1a: Jon Jones|Liquidation|p2a: Chicken
|-damage|p2a: Chicken|57/100
|-unboost|p2a: Chicken|def|1
|-damage|p1a: Jon Jones|72/100|[from] item: Rocky Helmet|[of] p2a: Chicken
|move|p2a: Chicken|Bulk Up|p2a: Chicken
|-boost|p2a: Chicken|atk|1
|-boost|p2a: Chicken|def|1
|
|-weather|RainDance|[upkeep]
|upkeep
|turn|16
|
|t:|1776346787
|move|p1a: Jon Jones|Liquidation|p2a: Chicken
|-damage|p2a: Chicken|14/100
|-damage|p1a: Jon Jones|56/100|[from] item: Rocky Helmet|[of] p2a: Chicken
|move|p2a: Chicken|Roost|p2a: Chicken
|-heal|p2a: Chicken|64/100
|-singleturn|p2a: Chicken|move: Roost
|
|-weather|none
|upkeep
|turn|17
|
|t:|1776346790
|move|p1a: Jon Jones|Liquidation|p2a: Chicken
|-damage|p2a: Chicken|32/100
|-damage|p1a: Jon Jones|39/100|[from] item: Rocky Helmet|[of] p2a: Chicken
|move|p2a: Chicken|Roost|p2a: Chicken
|-heal|p2a: Chicken|83/100
|-singleturn|p2a: Chicken|move: Roost
|
|upkeep
|turn|18
|
|t:|1776346793
|move|p1a: Jon Jones|Liquidation|p2a: Chicken
|-damage|p2a: Chicken|53/100
|-damage|p1a: Jon Jones|23/100|[from] item: Rocky Helmet|[of] p2a: Chicken
|move|p2a: Chicken|Roost|p2a: Chicken
|-heal|p2a: Chicken|100/100
|-singleturn|p2a: Chicken|move: Roost
|
|upkeep
|turn|19
|
|t:|1776346796
|move|p1a: Jon Jones|Liquidation|p2a: Chicken
|-damage|p2a: Chicken|70/100
|-damage|p1a: Jon Jones|7/100|[from] item: Rocky Helmet|[of] p2a: Chicken
|move|p2a: Chicken|Bulk Up|p2a: Chicken
|-boost|p2a: Chicken|atk|1
|-boost|p2a: Chicken|def|1
|
|upkeep
|turn|20
|
|t:|1776346800
|move|p1a: Jon Jones|Liquidation|p2a: Chicken
|-damage|p2a: Chicken|48/100
|-damage|p1a: Jon Jones|0 fnt|[from] item: Rocky Helmet|[of] p2a: Chicken
|faint|p1a: Jon Jones
|move|p2a: Chicken|Roost|p2a: Chicken
|-heal|p2a: Chicken|98/100
|-singleturn|p2a: Chicken|move: Roost
|
|upkeep
|
|t:|1776346805
|switch|p1a: Cyril Gane|Iron Treads|100/100
|-damage|p1a: Cyril Gane|88/100|[from] Spikes
|-enditem|p1a: Cyril Gane|Booster Energy
|-activate|p1a: Cyril Gane|ability: Quark Drive|[fromitem]
|-start|p1a: Cyril Gane|quarkdrivespe
|turn|21
|
|t:|1776346809
|move|p1a: Cyril Gane|Steel Beam|p2a: Chicken
|-resisted|p2a: Chicken
|-damage|p2a: Chicken|76/100
|-damage|p1a: Cyril Gane|38/100|[from] steelbeam
|move|p2a: Chicken|Body Press|p1a: Cyril Gane
|-supereffective|p1a: Cyril Gane
|-damage|p1a: Cyril Gane|0 fnt
|faint|p1a: Cyril Gane
|-end|p1a: Cyril Gane|Quark Drive|[silent]
|
|upkeep
|
|t:|1776346814
|switch|p1a: Georges St-Pierre|Kingdra, F|88/100
|-damage|p1a: Georges St-Pierre|76/100|[from] Spikes
|turn|22
|
|t:|1776346816
|move|p1a: Georges St-Pierre|Hydro Pump|p2a: Chicken
|-damage|p2a: Chicken|3/100
|move|p2a: Chicken|Brave Bird|p1a: Georges St-Pierre
|-crit|p1a: Georges St-Pierre
|-damage|p1a: Georges St-Pierre|0 fnt
|faint|p1a: Georges St-Pierre
|-damage|p2a: Chicken|0 fnt|[from] Recoil
|faint|p2a: Chicken
|
|win|Platypuzzled
|raw|ok lets go neige's rating: 1292 &rarr; <strong>1267</strong><br />(-25 for losing)
|raw|Platypuzzled's rating: 1286 &rarr; <strong>1311</strong><br />(+25 for winning)
|c|☆Platypuzzled|gg
|l|☆ok lets go neige
|player|p1|
