|html|<div class="broadcast-blue"><strong>[Gen 9] OU is currently suspecting Tera Blast! For information on how to participate check out the <a href="https://www.smogon.com/tools/suspects/view/200">suspect thread</a>.</strong></div>
|j|☆PartySpider
|j|☆icetray28
|t:|1776041786
|gametype|singles
|player|p1|PartySpider|1|1203
|player|p2|icetray28|102|1251
|gen|9
|tier|[Gen 9] OU
|rated|
|rule|HP Percentage Mod: HP is shown in percentages
|rule|Endless Battle Clause: Forcing endless battles is banned
|rule|Species Clause: Limit one of each Pokémon
|rule|OHKO Clause: OHKO moves are banned
|rule|Evasion Items Clause: Evasion items are banned
|rule|Evasion Moves Clause: Evasion moves are banned
|rule|Evasion Abilities Clause: Evasion abilities are banned
|rule|Sleep Moves Clause: Sleep-inducing moves are banned
|clearpoke
|poke|p1|Munkidori, M|
|poke|p1|Rillaboom, F|
|poke|p1|Oranguru, M|
|poke|p1|Zarude|
|poke|p1|Ambipom, M|
|poke|p1|Passimian, F|
|poke|p2|Ninetales, M|
|poke|p2|Blaziken, M|
|poke|p2|Walking Wake|
|poke|p2|Whimsicott, F|
|poke|p2|Great Tusk|
|poke|p2|Iron Moth|
|teampreview
|inactive|Battle timer is ON: inactive players will automatically lose when time's up. (requested by icetray28)
|
|t:|1776041801
|teamsize|p1|6
|teamsize|p2|6
|start
|switch|p1a: Munkidori|Munkidori, M|100/100
|switch|p2a: borutodad|Ninetales, M|100/100
|-weather|SunnyDay|[from] ability: Drought|[of] p2a: borutodad
|turn|1
|c|☆PartySpider|Monkey
|c|☆icetray28|monkey team?
|
|t:|1776041819
|move|p1a: Munkidori|Future Sight|p2a: borutodad
|-start|p1a: Munkidori|move: Future Sight
|move|p2a: borutodad|Overheat|p1a: Munkidori
|-damage|p1a: Munkidori|17/100
|-unboost|p2a: borutodad|spa|2
|
|-weather|SunnyDay|[upkeep]
|-heal|p1a: Munkidori|23/100|[from] item: Leftovers
|upkeep
|turn|2
|c|☆PartySpider|Is it viable… no
|inactive|PartySpider has 120 seconds left.
|c|☆icetray28|lets see
|c|☆PartySpider|is it monkey
|c|☆PartySpider|yes
|
|t:|1776041864
|move|p1a: Munkidori|U-turn|p2a: borutodad
|-resisted|p2a: borutodad
|-damage|p2a: borutodad|92/100
|
|t:|1776041869
|switch|p1a: Oranguru|Oranguru, M|100/100|[from] U-turn
|move|p2a: borutodad|Encore||[still]
|-fail|p2a: borutodad
|
|-weather|SunnyDay|[upkeep]
|upkeep
|turn|3
|
|t:|1776041874
|switch|p2a: kenshiro|Blaziken, M|100/100
|move|p1a: Oranguru|Hyper Voice|p2a: kenshiro
|-damage|p2a: kenshiro|40/100
|
|-weather|SunnyDay|[upkeep]
|-end|p2a: kenshiro|move: Future Sight
|-supereffective|p2a: kenshiro
|-damage|p2a: kenshiro|0 fnt
|faint|p2a: kenshiro
|upkeep
|
|t:|1776041884
|switch|p2a: borutodad|Ninetales, M|92/100
|turn|4
|
|t:|1776041888
|move|p2a: borutodad|Encore|p1a: Oranguru
|-start|p1a: Oranguru|Encore
|move|p1a: Oranguru|Hyper Voice|p2a: borutodad
|-damage|p2a: borutodad|47/100
|
|-weather|SunnyDay|[upkeep]
|upkeep
|turn|5
|
|t:|1776041892
|move|p2a: borutodad|Overheat|p1a: Oranguru
|-damage|p1a: Oranguru|37/100
|-unboost|p2a: borutodad|spa|2
|move|p1a: Oranguru|Hyper Voice|p2a: borutodad
|-damage|p2a: borutodad|0 fnt
|faint|p2a: borutodad
|
|-weather|SunnyDay|[upkeep]
|upkeep
|
|t:|1776041898
|switch|p2a: Treevis Scott|Whimsicott, F|100/100
|turn|6
|
|t:|1776041923
|-terastallize|p2a: Treevis Scott|Ghost
|move|p2a: Treevis Scott|Growth|p2a: Treevis Scott
|-boost|p2a: Treevis Scott|atk|2
|-boost|p2a: Treevis Scott|spa|2
|move|p1a: Oranguru|Hyper Voice|p2a: Treevis Scott
|-immune|p2a: Treevis Scott
|
|-weather|SunnyDay|[upkeep]
|-end|p1a: Oranguru|Encore
|upkeep
|turn|7
|inactive|PartySpider has 120 seconds left.
|
|t:|1776041946
|switch|p1a: Rillaboom|Rillaboom, F|100/100
|-fieldstart|move: Grassy Terrain|[from] ability: Grassy Surge|[of] p1a: Rillaboom
|move|p2a: Treevis Scott|Moonblast|p1a: Rillaboom
|-damage|p1a: Rillaboom|17/100
|-damage|p2a: Treevis Scott|91/100|[from] item: Life Orb
|
|-weather|SunnyDay|[upkeep]
|-heal|p2a: Treevis Scott|97/100|[from] Grassy Terrain
|-heal|p1a: Rillaboom|23/100|[from] Grassy Terrain
|upkeep
|turn|8
|
|t:|1776041961
|move|p1a: Rillaboom|Grassy Glide|p2a: Treevis Scott
|-damage|p2a: Treevis Scott|50/100
|move|p2a: Treevis Scott|Moonblast|p1a: Rillaboom
|-damage|p1a: Rillaboom|0 fnt
|faint|p1a: Rillaboom
|-damage|p2a: Treevis Scott|40/100|[from] item: Life Orb
|
|-weather|none
|-heal|p2a: Treevis Scott|46/100|[from] Grassy Terrain
|upkeep
|
|t:|1776041969
|switch|p1a: Ambipom|Ambipom, M|100/100
|turn|9
|
|t:|1776041975
|move|p1a: Ambipom|Triple Axel|p2a: Treevis Scott
|-damage|p2a: Treevis Scott|35/100
|-crit|p2a: Treevis Scott
|-damage|p2a: Treevis Scott|5/100
|-damage|p2a: Treevis Scott|0 fnt
|faint|p2a: Treevis Scott
|-hitcount|p2: Treevis Scott|3
|
|upkeep
|
|t:|1776041984
|switch|p2a: Kokushibo|Iron Moth|100/100
|-enditem|p2a: Kokushibo|Booster Energy
|-activate|p2a: Kokushibo|ability: Quark Drive|[fromitem]
|-start|p2a: Kokushibo|quarkdrivespe
|turn|10
|
|t:|1776041999
|switch|p1a: Oranguru|Oranguru, M|37/100
|move|p2a: Kokushibo|Fiery Dance|p1a: Oranguru
|-damage|p1a: Oranguru|5/100
|
|-heal|p1a: Oranguru|11/100|[from] Grassy Terrain
|upkeep
|turn|11
|
|t:|1776042011
|move|p2a: Kokushibo|Fiery Dance|p1a: Oranguru
|-damage|p1a: Oranguru|0 fnt
|-boost|p2a: Kokushibo|spa|1
|faint|p1a: Oranguru
|
|-fieldend|move: Grassy Terrain
|upkeep
|
|t:|1776042024
|switch|p1a: Ambipom|Ambipom, M|100/100
|turn|12
|
|t:|1776042034
|-terastallize|p1a: Ambipom|Normal
|move|p1a: Ambipom|Fake Out|p2a: Kokushibo
|-damage|p2a: Kokushibo|47/100
|cant|p2a: Kokushibo|flinch
|
|upkeep
|turn|13
|
|t:|1776042040
|switch|p1a: Munkidori|Munkidori, M|23/100
|move|p2a: Kokushibo|Fiery Dance|p1a: Munkidori
|-damage|p1a: Munkidori|0 fnt
|faint|p1a: Munkidori
|
|upkeep
|
|t:|1776042049
|switch|p1a: Ambipom|Ambipom, M, tera:Normal|100/100
|turn|14
|
|t:|1776042052
|-end|p2a: Kokushibo|Quark Drive|[silent]
|switch|p2a: Address Me|Great Tusk|100/100
|move|p1a: Ambipom|Fake Out|p2a: Address Me
|-damage|p2a: Address Me|80/100
|-damage|p1a: Ambipom|84/100|[from] item: Rocky Helmet|[of] p2a: Address Me
|
|upkeep
|turn|15
|
|t:|1776042058
|move|p1a: Ambipom|Triple Axel|p2a: Address Me
|-supereffective|p2a: Address Me
|-damage|p2a: Address Me|69/100
|-damage|p1a: Ambipom|68/100|[from] item: Rocky Helmet|[of] p2a: Address Me
|-supereffective|p2a: Address Me
|-damage|p2a: Address Me|48/100
|-damage|p1a: Ambipom|51/100|[from] item: Rocky Helmet|[of] p2a: Address Me
|-supereffective|p2a: Address Me
|-damage|p2a: Address Me|15/100
|-damage|p1a: Ambipom|35/100|[from] item: Rocky Helmet|[of] p2a: Address Me
|-hitcount|p2a: Address Me|3
|move|p2a: Address Me|Stealth Rock|p1a: Ambipom
|-sidestart|p1: PartySpider|move: Stealth Rock
|
|upkeep
|turn|16
|
|t:|1776042073
|move|p1a: Ambipom|Double-Edge|p2a: Address Me
|-damage|p2a: Address Me|0 fnt
|-damage|p1a: Ambipom|18/100|[from] item: Rocky Helmet|[of] p2a: Address Me
|faint|p2a: Address Me
|-end|p2a: Address Me|Protosynthesis|[silent]
|-damage|p1a: Ambipom|11/100|[from] Recoil
|
|upkeep
|
|t:|1776042081
|switch|p2a: Dubya|Walking Wake|100/100
|turn|17
|
|t:|1776042086
|move|p1a: Ambipom|Double-Edge|p2a: Dubya
|-damage|p2a: Dubya|37/100
|-damage|p1a: Ambipom|0 fnt|[from] Recoil
|faint|p1a: Ambipom
|move|p2a: Dubya|Hydro Steam|p1: Ambipom|[notarget]
|-fail|p2a: Dubya
|
|upkeep
|
|t:|1776042093
|switch|p1a: Passimian|Passimian, F|100/100
|-damage|p1a: Passimian|94/100|[from] Stealth Rock
|turn|18
|
|t:|1776042096
|-end|p2a: Dubya|Protosynthesis|[silent]
|switch|p2a: Kokushibo|Iron Moth|47/100
|move|p1a: Passimian|Close Combat|p2a: Kokushibo
|-resisted|p2a: Kokushibo
|-damage|p2a: Kokushibo|0 fnt
|-unboost|p1a: Passimian|def|1
|-unboost|p1a: Passimian|spd|1
|faint|p2a: Kokushibo
|-end|p2a: Kokushibo|Quark Drive|[silent]
|
|upkeep
|
|t:|1776042099
|switch|p2a: Dubya|Walking Wake|37/100
|turn|19
|
|t:|1776042102
|move|p2a: Dubya|Hydro Steam|p1a: Passimian
|-damage|p1a: Passimian|12/100
|move|p1a: Passimian|Close Combat|p2a: Dubya
|-damage|p2a: Dubya|0 fnt
|-unboost|p1a: Passimian|def|1
|-unboost|p1a: Passimian|spd|1
|faint|p2a: Dubya
|-end|p2a: Dubya|Protosynthesis|[silent]
|
|win|PartySpider
|raw|PartySpider's rating: 1203 &rarr; <strong>1231</strong><br />(+28 for winning)
|raw|icetray28's rating: 1251 &rarr; <strong>1223</strong><br />(-28 for losing)
|c|☆icetray28|gg
|c|☆PartySpider|Gg
|c|☆PartySpider|monkey is proud
|l|☆icetray28
|player|p2|
|l|☆PartySpider
|player|p1|
|j|☆PartySpider
|player|p1|PartySpider|1|
