|html|<div class="broadcast-blue"><strong>[Gen 9] OU is currently suspecting Tera Blast! For information on how to participate check out the <a href="https://www.smogon.com/tools/suspects/view/200">suspect thread</a>.</strong></div>
|j|☆Silvist
|j|☆PiggLad
|t:|1776033665
|gametype|singles
|player|p1|Silvist|hilbert|1786
|player|p2|PiggLad|grimsley-gen7|1757
|gen|9
|tier|[Gen 9] OU
|rated|
|rule|HP Percentage Mod: HP is shown in percentages
|rule|Endless Battle Clause: Forcing endless battles is banned
|rule|Species Clause: Limit one of each Pokémon
|rule|OHKO Clause: OHKO moves are banned
|rule|Evasion Items Clause: Evasion items are banned
|rule|Evasion Moves Clause: Evasion moves are banned
|rule|Evasion Abilities Clause: Evasion abilities are banned
|rule|Sleep Moves Clause: Sleep-inducing moves are banned
|clearpoke
|poke|p1|Araquanid, M|
|poke|p1|Dragonite, M|
|poke|p1|Kyurem|
|poke|p1|Raging Bolt|
|poke|p1|Gholdengo|
|poke|p1|Kingambit, M|
|poke|p2|Tyranitar, F|
|poke|p2|Hydrapple, F|
|poke|p2|Enamorus, F|
|poke|p2|Garganacl, F|
|poke|p2|Excadrill, F|
|poke|p2|Alomomola, F|
|teampreview
|inactive|Battle timer is ON: inactive players will automatically lose when time's up. (requested by Silvist)
|
|t:|1776033689
|teamsize|p1|6
|teamsize|p2|6
|start
|switch|p1a: Gholdengo|Gholdengo|100/100
|switch|p2a: Jevils To This|Garganacl, F, shiny|100/100
|-item|p1a: Gholdengo|Air Balloon
|turn|1
|
|t:|1776033705
|switch|p2a: Alomomola|Alomomola, F|100/100
|move|p1a: Gholdengo|Make It Rain|p2a: Alomomola
|-resisted|p2a: Alomomola
|-damage|p2a: Alomomola|82/100
|-unboost|p1a: Gholdengo|spa|1
|
|upkeep
|turn|2
|
|t:|1776033724
|switch|p1a: Araquanid|Araquanid, M|100/100
|move|p2a: Alomomola|Flip Turn|p1a: Araquanid
|-resisted|p1a: Araquanid
|-damage|p1a: Araquanid|93/100
|
|t:|1776033734
|switch|p2a: Tyranitar|Tyranitar, F|100/100|[from] Flip Turn
|-weather|Sandstorm|[from] ability: Sand Stream|[of] p2a: Tyranitar
|
|-weather|Sandstorm|[upkeep]
|-damage|p1a: Araquanid|86/100|[from] Sandstorm
|upkeep
|turn|3
|
|t:|1776033742
|move|p2a: Tyranitar|Stone Edge|p1a: Araquanid
|-supereffective|p1a: Araquanid
|-damage|p1a: Araquanid|0 fnt
|faint|p1a: Araquanid
|
|-weather|Sandstorm|[upkeep]
|upkeep
|
|t:|1776033747
|switch|p1a: Gholdengo|Gholdengo|100/100
|-item|p1a: Gholdengo|Air Balloon
|turn|4
|
|t:|1776033751
|switch|p2a: Alomomola|Alomomola, F|100/100
|move|p1a: Gholdengo|Make It Rain|p2a: Alomomola
|-resisted|p2a: Alomomola
|-damage|p2a: Alomomola|83/100
|-unboost|p1a: Gholdengo|spa|1
|
|-weather|Sandstorm|[upkeep]
|-damage|p2a: Alomomola|77/100|[from] Sandstorm
|upkeep
|turn|5
|
|t:|1776033767
|switch|p1a: Kyurem|Kyurem|100/100
|-ability|p1a: Kyurem|Pressure
|move|p2a: Alomomola|Flip Turn|p1a: Kyurem
|-resisted|p1a: Kyurem
|-damage|p1a: Kyurem|92/100
|
|t:|1776033784
|switch|p2a: Tyranitar|Tyranitar, F|100/100|[from] Flip Turn
|
|-weather|Sandstorm|[upkeep]
|-damage|p1a: Kyurem|86/100|[from] Sandstorm
|upkeep
|turn|6
|
|t:|1776033792
|move|p1a: Kyurem|Earth Power|p2a: Tyranitar
|-supereffective|p2a: Tyranitar
|-damage|p2a: Tyranitar|36/100
|-unboost|p2a: Tyranitar|spd|1
|move|p2a: Tyranitar|Low Kick|p1a: Kyurem
|-supereffective|p1a: Kyurem
|-damage|p1a: Kyurem|0 fnt
|faint|p1a: Kyurem
|
|-weather|none
|upkeep
|j| i registered this
|
|t:|1776033819
|switch|p1a: Raging Bolt|Raging Bolt|100/100
|-enditem|p1a: Raging Bolt|Booster Energy
|-activate|p1a: Raging Bolt|ability: Protosynthesis|[fromitem]
|-start|p1a: Raging Bolt|protosynthesisspa
|turn|7
|j| Jokaida
|
|t:|1776033838
|switch|p2a: Jevils To This|Garganacl, F, shiny|100/100
|move|p1a: Raging Bolt|Dragon Pulse|p2a: Jevils To This
|-damage|p2a: Jevils To This|54/100
|
|-heal|p2a: Jevils To This|60/100|[from] item: Leftovers
|upkeep
|turn|8
|inactive|Silvist has 120 seconds left.
|l| i registered this
|
|t:|1776033866
|move|p1a: Raging Bolt|Calm Mind|p1a: Raging Bolt
|-boost|p1a: Raging Bolt|spa|1
|-boost|p1a: Raging Bolt|spd|1
|move|p2a: Jevils To This|Stealth Rock|p1a: Raging Bolt
|-sidestart|p1: Silvist|move: Stealth Rock
|
|-heal|p2a: Jevils To This|67/100|[from] item: Leftovers
|upkeep
|turn|9
|inactive|Silvist has 120 seconds left.
|inactive|Silvist has 90 seconds left.
|inactive|Silvist has 60 seconds left.
|inactive|Silvist has 30 seconds left.
|inactive|Silvist has 20 seconds left.
|inactive|Silvist has 15 seconds left.
|inactive|Silvist has 10 seconds left.
|inactive|Silvist has 5 seconds left.
|-message|Silvist lost due to inactivity.
|
|win|PiggLad
|raw|Silvist's rating: 1786 &rarr; <strong>1764</strong><br />(-22 for losing)
|raw|PiggLad's rating: 1757 &rarr; <strong>1779</strong><br />(+22 for winning)
|l|☆PiggLad
|player|p2|
