|html|<div class="broadcast-blue"><strong>[Gen 9] OU is currently suspecting Tera Blast! For information on how to participate check out the <a href="https://www.smogon.com/tools/suspects/view/200">suspect thread</a>.</strong></div>
|j|☆BITTER BLADEE
|j|☆Auburn Hills
|t:|1776050379
|gametype|singles
|player|p1|BITTER BLADEE|waitress-gen4|1770
|player|p2|Auburn Hills|alder|1840
|gen|9
|tier|[Gen 9] OU
|rated|
|rule|HP Percentage Mod: HP is shown in percentages
|rule|Endless Battle Clause: Forcing endless battles is banned
|rule|Species Clause: Limit one of each Pokémon
|rule|OHKO Clause: OHKO moves are banned
|rule|Evasion Items Clause: Evasion items are banned
|rule|Evasion Moves Clause: Evasion moves are banned
|rule|Evasion Abilities Clause: Evasion abilities are banned
|rule|Sleep Moves Clause: Sleep-inducing moves are banned
|clearpoke
|poke|p1|Latias, F|
|poke|p1|Hatterene, F|
|poke|p1|Heatran, F|
|poke|p1|Zamazenta-*|
|poke|p1|Gliscor, F|
|poke|p1|Kingambit, M|
|poke|p2|Iron Moth|
|poke|p2|Umbreon, F|
|poke|p2|Garchomp, F|
|poke|p2|Glimmora, F|
|poke|p2|Gholdengo|
|poke|p2|Dragonite, M|
|teampreview
|inactive|Battle timer is ON: inactive players will automatically lose when time's up. (requested by BITTER BLADEE)
|
|t:|1776050426
|teamsize|p1|6
|teamsize|p2|6
|start
|switch|p1a: GET IT SEXYY|Zamazenta|100/100
|switch|p2a: Alvvays|Umbreon, F|100/100
|-ability|p1a: GET IT SEXYY|Dauntless Shield|boost
|-boost|p1a: GET IT SEXYY|def|1
|turn|1
|
|t:|1776050433
|move|p1a: GET IT SEXYY|Reflect|p1a: GET IT SEXYY
|-sidestart|p1: BITTER BLADEE|Reflect
|move|p2a: Alvvays|Thunder Wave|p1a: GET IT SEXYY
|-status|p1a: GET IT SEXYY|par
|
|upkeep
|turn|2
|j| Shucklepilled
|inactive|Auburn Hills has 120 seconds left.
|
|t:|1776050492
|switch|p2a: Julia Jacklin|Glimmora, F|100/100
|move|p1a: GET IT SEXYY|Light Screen|p1a: GET IT SEXYY
|-sidestart|p1: BITTER BLADEE|move: Light Screen
|
|upkeep
|turn|3
|
|t:|1776050500
|switch|p2a: Smino|Gholdengo|100/100
|switch|p1a: HOOD PRINCESS|Heatran, F|100/100
|-item|p1a: HOOD PRINCESS|Air Balloon
|
|upkeep
|turn|4
|
|t:|1776050512
|move|p2a: Smino|Trick|p1a: HOOD PRINCESS
|-activate|p2a: Smino|move: Trick|[of] p1a: HOOD PRINCESS
|-item|p1a: HOOD PRINCESS|Choice Scarf|[from] move: Trick
|-item|p2a: Smino|Air Balloon
|-item|p2a: Smino|Air Balloon|[from] move: Trick
|move|p1a: HOOD PRINCESS|Stealth Rock|p2a: Smino
|-sidestart|p2: Auburn Hills|move: Stealth Rock
|
|upkeep
|turn|5
|
|t:|1776050529
|switch|p1a: SEXYY RED|Latias, F|100/100
|move|p2a: Smino|Trick|p1a: SEXYY RED
|-activate|p2a: Smino|move: Trick|[of] p1a: SEXYY RED
|-item|p1a: SEXYY RED|Air Balloon
|-item|p1a: SEXYY RED|Air Balloon|[from] move: Trick
|-item|p2a: Smino|Weakness Policy|[from] move: Trick
|
|upkeep
|turn|6
|
|t:|1776050535
|move|p1a: SEXYY RED|Calm Mind|p1a: SEXYY RED
|-boost|p1a: SEXYY RED|spa|1
|-boost|p1a: SEXYY RED|spd|1
|move|p2a: Smino|Shadow Ball|p1a: SEXYY RED
|-supereffective|p1a: SEXYY RED
|-damage|p1a: SEXYY RED|80/100
|-enditem|p1a: SEXYY RED|Air Balloon
|
|upkeep
|turn|7
|
|t:|1776050539
|switch|p2a: Alvvays|Umbreon, F|100/100
|-damage|p2a: Alvvays|88/100|[from] Stealth Rock
|move|p1a: SEXYY RED|Calm Mind|p1a: SEXYY RED
|-boost|p1a: SEXYY RED|spa|1
|-boost|p1a: SEXYY RED|spd|1
|
|-heal|p2a: Alvvays|94/100|[from] item: Leftovers
|upkeep
|turn|8
|
|t:|1776050547
|move|p1a: SEXYY RED|Calm Mind|p1a: SEXYY RED
|-boost|p1a: SEXYY RED|spa|1
|-boost|p1a: SEXYY RED|spd|1
|move|p2a: Alvvays|Thunder Wave|p1a: SEXYY RED
|-status|p1a: SEXYY RED|par
|
|-heal|p2a: Alvvays|99/100|[from] item: Leftovers
|-sideend|p1: BITTER BLADEE|Reflect
|upkeep
|turn|9
|
|t:|1776050555
|move|p1a: SEXYY RED|Agility|p1a: SEXYY RED
|-boost|p1a: SEXYY RED|spe|2
|move|p2a: Alvvays|Foul Play|p1a: SEXYY RED
|-supereffective|p1a: SEXYY RED
|-damage|p1a: SEXYY RED|40/100 par
|
|-heal|p2a: Alvvays|100/100|[from] item: Leftovers
|-sideend|p1: BITTER BLADEE|move: Light Screen
|upkeep
|turn|10
|
|t:|1776050561
|-terastallize|p1a: SEXYY RED|Fairy
|move|p1a: SEXYY RED|Draining Kiss|p2a: Alvvays
|-supereffective|p2a: Alvvays
|-damage|p2a: Alvvays|42/100
|-heal|p1a: SEXYY RED|87/100 par|[from] drain|[of] p2a: Alvvays
|move|p2a: Alvvays|Foul Play|p1a: SEXYY RED
|-resisted|p1a: SEXYY RED
|-damage|p1a: SEXYY RED|77/100 par
|
|-heal|p2a: Alvvays|48/100|[from] item: Leftovers
|upkeep
|turn|11
|
|t:|1776050565
|move|p1a: SEXYY RED|Draining Kiss|p2a: Alvvays
|-supereffective|p2a: Alvvays
|-damage|p2a: Alvvays|0 fnt
|-heal|p1a: SEXYY RED|100/100 par|[from] drain|[of] p2a: Alvvays
|faint|p2a: Alvvays
|
|upkeep
|
|t:|1776050570
|switch|p2a: Elucid|Dragonite, M|100/100
|turn|12
|
|t:|1776050572
|-terastallize|p2a: Elucid|Normal
|move|p2a: Elucid|Extreme Speed|p1a: SEXYY RED
|-damage|p1a: SEXYY RED|56/100 par
|move|p1a: SEXYY RED|Stored Power|p2a: Elucid
|-damage|p2a: Elucid|17/100
|
|upkeep
|turn|13
|
|t:|1776050580
|move|p2a: Elucid|Extreme Speed|p1a: SEXYY RED
|-damage|p1a: SEXYY RED|5/100 par
|move|p1a: SEXYY RED|Draining Kiss|p2a: Elucid
|-damage|p2a: Elucid|0 fnt
|-heal|p1a: SEXYY RED|16/100 par|[from] drain|[of] p2a: Elucid
|faint|p2a: Elucid
|
|upkeep
|
|t:|1776050586
|switch|p2a: Carly Rae|Iron Moth|100/100
|-damage|p2a: Carly Rae|76/100|[from] Stealth Rock
|-enditem|p2a: Carly Rae|Booster Energy
|-activate|p2a: Carly Rae|ability: Quark Drive|[fromitem]
|-start|p2a: Carly Rae|quarkdrivespe
|turn|14
|
|t:|1776050591
|switch|p1a: HOOD PRINCESS|Heatran, F|100/100
|move|p2a: Carly Rae|Fiery Dance|p1a: HOOD PRINCESS
|-damage|p1a: HOOD PRINCESS|66/100
|
|upkeep
|turn|15
|
|t:|1776050600
|move|p2a: Carly Rae|Fiery Dance|p1a: HOOD PRINCESS
|-damage|p1a: HOOD PRINCESS|33/100
|move|p1a: HOOD PRINCESS|Earth Power|p2a: Carly Rae
|-supereffective|p2a: Carly Rae
|-damage|p2a: Carly Rae|0 fnt
|faint|p2a: Carly Rae
|-end|p2a: Carly Rae|Quark Drive|[silent]
|
|upkeep
|
|t:|1776050604
|switch|p2a: Rat Tally|Garchomp, F|100/100
|-damage|p2a: Rat Tally|94/100|[from] Stealth Rock
|turn|16
|
|t:|1776050606
|move|p1a: HOOD PRINCESS|Earth Power|p2a: Rat Tally
|-damage|p2a: Rat Tally|65/100
|move|p2a: Rat Tally|Swords Dance|p2a: Rat Tally
|-boost|p2a: Rat Tally|atk|2
|
|upkeep
|turn|17
|
|t:|1776050610
|move|p1a: HOOD PRINCESS|Earth Power|p2a: Rat Tally
|-damage|p2a: Rat Tally|36/100
|move|p2a: Rat Tally|Scale Shot|p1a: HOOD PRINCESS
|-resisted|p1a: HOOD PRINCESS
|-damage|p1a: HOOD PRINCESS|23/100
|-resisted|p1a: HOOD PRINCESS
|-damage|p1a: HOOD PRINCESS|12/100
|-resisted|p1a: HOOD PRINCESS
|-crit|p1a: HOOD PRINCESS
|-damage|p1a: HOOD PRINCESS|0 fnt
|faint|p1a: HOOD PRINCESS
|-hitcount|p1: HOOD PRINCESS|3
|-unboost|p2a: Rat Tally|def|1
|-boost|p2a: Rat Tally|spe|1
|
|upkeep
|
|t:|1776050628
|switch|p1a: GET IT SEXYY|Zamazenta|100/100 par
|turn|18
|
|t:|1776050632
|move|p2a: Rat Tally|Earthquake|p1a: GET IT SEXYY
|-damage|p1a: GET IT SEXYY|16/100 par
|move|p1a: GET IT SEXYY|Close Combat|p2a: Rat Tally
|-damage|p2a: Rat Tally|0 fnt
|-unboost|p1a: GET IT SEXYY|def|1
|-unboost|p1a: GET IT SEXYY|spd|1
|-damage|p1a: GET IT SEXYY|4/100 par|[from] ability: Rough Skin|[of] p2a: Rat Tally
|faint|p2a: Rat Tally
|
|upkeep
|
|t:|1776050637
|switch|p2a: Julia Jacklin|Glimmora, F|100/100
|-damage|p2a: Julia Jacklin|88/100|[from] Stealth Rock
|turn|19
|
|t:|1776050641
|move|p2a: Julia Jacklin|Stealth Rock|p1a: GET IT SEXYY
|-sidestart|p1: BITTER BLADEE|move: Stealth Rock
|move|p1a: GET IT SEXYY|Light Screen|p1a: GET IT SEXYY
|-sidestart|p1: BITTER BLADEE|move: Light Screen
|
|upkeep
|turn|20
|
|t:|1776050645
|switch|p1a: SEXYY RED|Latias, F, tera:Fairy|16/100 par
|-damage|p1a: SEXYY RED|4/100 par|[from] Stealth Rock
|move|p2a: Julia Jacklin|Mortal Spin|p1a: SEXYY RED
|-supereffective|p1a: SEXYY RED
|-damage|p1a: SEXYY RED|0 fnt
|-sideend|p2: Auburn Hills|Stealth Rock|[from] move: Mortal Spin|[of] p2a: Julia Jacklin
|faint|p1a: SEXYY RED
|
|upkeep
|
|t:|1776050650
|switch|p1a: IF YOU WANT IT|Gliscor, F|100/100
|-damage|p1a: IF YOU WANT IT|88/100|[from] Stealth Rock
|turn|21
|-message|Auburn Hills forfeited.
|
|win|BITTER BLADEE
|raw|BITTER BLADEE's rating: 1770 &rarr; <strong>1794</strong><br />(+24 for winning)
|raw|Auburn Hills's rating: 1840 &rarr; <strong>1816</strong><br />(-24 for losing)
|l|☆Auburn Hills
|player|p2|
|l|☆BITTER BLADEE
|player|p1|
|l| Shucklepilled
