|html|<div class="broadcast-blue"><strong>[Gen 9] OU is currently suspecting Tera Blast! For information on how to participate check out the <a href="https://www.smogon.com/tools/suspects/view/200">suspect thread</a>.</strong></div>
|j|☆Nekomaru2
|j|☆LordVideogame
|t:|1776061947
|gametype|singles
|player|p1|Nekomaru2|hiker|1060
|player|p2|LordVideogame|1|1065
|gen|9
|tier|[Gen 9] OU
|rated|
|rule|HP Percentage Mod: HP is shown in percentages
|rule|Endless Battle Clause: Forcing endless battles is banned
|rule|Species Clause: Limit one of each Pokémon
|rule|OHKO Clause: OHKO moves are banned
|rule|Evasion Items Clause: Evasion items are banned
|rule|Evasion Moves Clause: Evasion moves are banned
|rule|Evasion Abilities Clause: Evasion abilities are banned
|rule|Sleep Moves Clause: Sleep-inducing moves are banned
|clearpoke
|poke|p1|Krookodile, F|
|poke|p1|Toxtricity, F|
|poke|p1|Brute Bonnet|
|poke|p1|Rotom-Heat|
|poke|p1|Maushold|
|poke|p1|Gastrodon, F|
|poke|p2|Ninetales-Alola, M|
|poke|p2|Articuno|
|poke|p2|Beartic, M|
|poke|p2|Slaking, M|
|poke|p2|Weezing-Galar, M|
|poke|p2|Infernape, M|
|teampreview
|j| ohko_smeargle
|
|t:|1776061958
|teamsize|p1|6
|teamsize|p2|6
|start
|switch|p1a: Maushold|Maushold, shiny|100/100
|switch|p2a: Slaking|Slaking, M|100/100
|turn|1
|inactive|Battle timer is ON: inactive players will automatically lose when time's up. (requested by Nekomaru2)
|
|t:|1776061979
|-terastallize|p1a: Maushold|Ghost
|move|p1a: Maushold|Tidy Up|p1a: Maushold
|-boost|p1a: Maushold|atk|1
|-boost|p1a: Maushold|spe|1
|move|p2a: Slaking|Hammer Arm|p1a: Maushold
|-immune|p1a: Maushold
|
|upkeep
|turn|2
|
|t:|1776062003
|switch|p2a: Weezing|Weezing-Galar, M|100/100
|move|p1a: Maushold|Tidy Up|p1a: Maushold
|-boost|p1a: Maushold|atk|1
|-boost|p1a: Maushold|spe|1
|
|upkeep
|turn|3
|
|t:|1776062016
|move|p1a: Maushold|Population Bomb|p2a: Weezing
|-damage|p2a: Weezing|87/100
|-damage|p2a: Weezing|72/100
|-damage|p2a: Weezing|59/100
|-damage|p2a: Weezing|44/100
|-damage|p2a: Weezing|30/100
|-damage|p2a: Weezing|17/100
|-damage|p2a: Weezing|1/100
|-damage|p2a: Weezing|0 fnt
|faint|p2a: Weezing
|-hitcount|p2: Weezing|8
|
|upkeep
|
|t:|1776062029
|switch|p2a: Ninetales|Ninetales-Alola, M|100/100
|-weather|Snowscape|[from] ability: Snow Warning|[of] p2a: Ninetales
|turn|4
|
|t:|1776062037
|move|p1a: Maushold|Population Bomb|p2a: Ninetales
|-damage|p2a: Ninetales|80/100
|-damage|p2a: Ninetales|59/100
|-damage|p2a: Ninetales|36/100
|-damage|p2a: Ninetales|13/100
|-damage|p2a: Ninetales|0 fnt
|faint|p2a: Ninetales
|-hitcount|p2: Ninetales|5
|
|-weather|Snowscape|[upkeep]
|upkeep
|
|t:|1776062048
|switch|p2a: Articuno|Articuno|100/100
|-ability|p2a: Articuno|Pressure
|turn|5
|
|t:|1776062058
|move|p1a: Maushold|Population Bomb|p2a: Articuno
|-damage|p2a: Articuno|88/100
|-damage|p2a: Articuno|77/100
|-damage|p2a: Articuno|64/100
|-damage|p2a: Articuno|50/100
|-damage|p2a: Articuno|39/100
|-crit|p2a: Articuno
|-damage|p2a: Articuno|21/100
|-damage|p2a: Articuno|10/100
|-crit|p2a: Articuno
|-damage|p2a: Articuno|0 fnt
|faint|p2a: Articuno
|-hitcount|p2: Articuno|8
|
|-weather|Snowscape|[upkeep]
|upkeep
|inactive|LordVideogame has 120 seconds left.
|
|t:|1776062083
|switch|p2a: Beartic|Beartic, M|100/100
|turn|6
|inactive|LordVideogame has 120 seconds left.
|
|t:|1776062092
|move|p1a: Maushold|Population Bomb|p2a: Beartic
|-damage|p2a: Beartic|82/100
|-damage|p2a: Beartic|63/100
|-damage|p2a: Beartic|44/100
|-damage|p2a: Beartic|25/100
|-damage|p2a: Beartic|6/100
|-damage|p2a: Beartic|0 fnt
|faint|p2a: Beartic
|-hitcount|p2: Beartic|6
|
|-weather|Snowscape|[upkeep]
|upkeep
|
|t:|1776062097
|switch|p2a: Slaking|Slaking, M|100/100
|turn|7
|
|t:|1776062112
|move|p1a: Maushold|Tidy Up|p1a: Maushold
|-boost|p1a: Maushold|atk|1
|-boost|p1a: Maushold|spe|1
|move|p2a: Slaking|Earthquake|p1a: Maushold
|-crit|p1a: Maushold
|-damage|p1a: Maushold|0 fnt
|faint|p1a: Maushold
|
|-weather|Snowscape|[upkeep]
|upkeep
|
|t:|1776062124
|switch|p1a: Krookodile|Krookodile, F|100/100
|-ability|p1a: Krookodile|Intimidate|boost
|-unboost|p2a: Slaking|atk|1
|turn|8
|
|t:|1776062131
|-terastallize|p2a: Slaking|Ghost
|cant|p2a: Slaking|ability: Truant
|move|p1a: Krookodile|Stealth Rock|p2a: Slaking
|-sidestart|p2: LordVideogame|move: Stealth Rock
|
|-weather|Snowscape|[upkeep]
|upkeep
|turn|9
|
|t:|1776062141
|move|p2a: Slaking|Earthquake|p1a: Krookodile
|-damage|p1a: Krookodile|59/100
|move|p1a: Krookodile|Knock Off|p2a: Slaking
|-supereffective|p2a: Slaking
|-damage|p2a: Slaking|41/100
|-enditem|p2a: Slaking|Choice Band|[from] move: Knock Off|[of] p1a: Krookodile
|
|-weather|Snowscape|[upkeep]
|-heal|p1a: Krookodile|65/100|[from] item: Leftovers
|upkeep
|turn|10
|
|t:|1776062161
|cant|p2a: Slaking|ability: Truant
|move|p1a: Krookodile|Earthquake|p2a: Slaking
|-crit|p2a: Slaking
|-damage|p2a: Slaking|0 fnt
|faint|p2a: Slaking
|
|-weather|Snowscape|[upkeep]
|-heal|p1a: Krookodile|71/100|[from] item: Leftovers
|upkeep
|
|t:|1776062169
|switch|p2a: Infernape|Infernape, M|100/100
|-damage|p2a: Infernape|88/100|[from] Stealth Rock
|turn|11
|
|t:|1776062174
|move|p2a: Infernape|Close Combat|p1a: Krookodile
|-supereffective|p1a: Krookodile
|-damage|p1a: Krookodile|0 fnt
|-unboost|p2a: Infernape|def|1
|-unboost|p2a: Infernape|spd|1
|faint|p1a: Krookodile
|
|-weather|none
|upkeep
|
|t:|1776062181
|switch|p1a: Gastrodon|Gastrodon, F|100/100
|turn|12
|
|t:|1776062191
|move|p2a: Infernape|Close Combat|p1a: Gastrodon
|-damage|p1a: Gastrodon|42/100
|-unboost|p2a: Infernape|def|1
|-unboost|p2a: Infernape|spd|1
|move|p1a: Gastrodon|Earth Power|p2a: Infernape
|-supereffective|p2a: Infernape
|-damage|p2a: Infernape|0 fnt
|faint|p2a: Infernape
|
|win|Nekomaru2
|raw|Nekomaru2's rating: 1060 &rarr; <strong>1091</strong><br />(+31 for winning)
|raw|LordVideogame's rating: 1065 &rarr; <strong>1045</strong><br />(-20 for losing)
|l| ohko_smeargle
|l|☆LordVideogame
|player|p2|
|l|☆Nekomaru2
|player|p1|
