|html|<div class="broadcast-blue"><strong>[Gen 9] OU is currently suspecting Tera Blast! For information on how to participate check out the <a href="https://www.smogon.com/tools/suspects/view/200">suspect thread</a>.</strong></div>
|j|☆OP Earthquakes
|j|☆ceo o wo chien
|t:|1776123919
|gametype|singles
|player|p1|OP Earthquakes|giovanni-masters|1757
|player|p2|ceo o wo chien|fisherman-gen4|1777
|gen|9
|tier|[Gen 9] OU
|rated|
|rule|HP Percentage Mod: HP is shown in percentages
|rule|Endless Battle Clause: Forcing endless battles is banned
|rule|Species Clause: Limit one of each Pokémon
|rule|OHKO Clause: OHKO moves are banned
|rule|Evasion Items Clause: Evasion items are banned
|rule|Evasion Moves Clause: Evasion moves are banned
|rule|Evasion Abilities Clause: Evasion abilities are banned
|rule|Sleep Moves Clause: Sleep-inducing moves are banned
|clearpoke
|poke|p1|Excadrill, F|
|poke|p1|Tyranitar, M|
|poke|p1|Kyurem|
|poke|p1|Hawlucha, M|
|poke|p1|Pawmot, F|
|poke|p1|Gliscor, F|
|poke|p2|Wo-Chien|
|poke|p2|Ursaluna, F|
|poke|p2|Slowking-Galar, M|
|poke|p2|Corviknight, F|
|poke|p2|Cinderace, M|
|poke|p2|Alomomola, M|
|teampreview
|inactive|Battle timer is ON: inactive players will automatically lose when time's up. (requested by ceo o wo chien)
|inactive|OP Earthquakes also wants the timer to be on.
|c|☆ceo o wo chien|hf
|c|☆OP Earthquakes|GLHF
|
|t:|1776123942
|teamsize|p1|6
|teamsize|p2|6
|start
|switch|p1a: Gliscor|Gliscor, F, shiny|100/100
|switch|p2a: Slowking|Slowking-Galar, M|100/100
|turn|1
|
|t:|1776123947
|move|p1a: Gliscor|Protect|p1a: Gliscor
|-singleturn|p1a: Gliscor|Protect
|move|p2a: Slowking|Trick|p1a: Gliscor
|-activate|p1a: Gliscor|move: Protect
|
|-status|p1a: Gliscor|tox|[from] item: Toxic Orb
|upkeep
|turn|2
|
|t:|1776123956
|move|p1a: Gliscor|Knock Off|p2a: Slowking
|-supereffective|p2a: Slowking
|-damage|p2a: Slowking|51/100
|-enditem|p2a: Slowking|Black Sludge|[from] move: Knock Off|[of] p1a: Gliscor
|move|p2a: Slowking|Ice Beam|p1a: Gliscor
|-supereffective|p1a: Gliscor
|-damage|p1a: Gliscor|0 fnt
|faint|p1a: Gliscor
|
|upkeep
|
|t:|1776123964
|switch|p1a: Frieza|Kyurem, shiny|100/100
|-ability|p1a: Frieza|Pressure
|turn|3
|
|t:|1776123968
|move|p1a: Frieza|Freeze-Dry|p2a: Slowking
|-damage|p2a: Slowking|26/100
|move|p2a: Slowking|Trick|p1a: Frieza
|-activate|p2a: Slowking|move: Trick|[of] p1a: Frieza
|-enditem|p1a: Frieza|Loaded Dice|[silent]|[from] move: Trick
|-item|p2a: Slowking|Loaded Dice|[from] move: Trick
|
|upkeep
|turn|4
|
|t:|1776123991
|switch|p2a: Corviknight|Corviknight, F|100/100
|-ability|p2a: Corviknight|Pressure
|move|p1a: Frieza|Earth Power|p2a: Corviknight
|-immune|p2a: Corviknight
|
|upkeep
|turn|5
|
|t:|1776123995
|move|p1a: Frieza|Freeze-Dry|p2a: Corviknight
|-damage|p2a: Corviknight|61/100
|move|p2a: Corviknight|Brave Bird|p1a: Frieza
|-damage|p1a: Frieza|63/100
|-damage|p2a: Corviknight|48/100|[from] Recoil
|
|-heal|p2a: Corviknight|54/100|[from] item: Leftovers
|upkeep
|turn|6
|
|t:|1776124002
|-terastallize|p1a: Frieza|Ghost
|move|p1a: Frieza|Shadow Ball|p2a: Corviknight
|-damage|p2a: Corviknight|7/100
|move|p2a: Corviknight|Roost|p2a: Corviknight
|-heal|p2a: Corviknight|57/100
|-singleturn|p2a: Corviknight|move: Roost
|
|-heal|p2a: Corviknight|63/100|[from] item: Leftovers
|upkeep
|turn|7
|
|t:|1776124007
|move|p1a: Frieza|Shadow Ball|p2a: Corviknight
|-damage|p2a: Corviknight|16/100
|move|p2a: Corviknight|Roost|p2a: Corviknight
|-heal|p2a: Corviknight|66/100
|-singleturn|p2a: Corviknight|move: Roost
|
|-heal|p2a: Corviknight|72/100|[from] item: Leftovers
|upkeep
|turn|8
|
|t:|1776124013
|move|p1a: Frieza|Freeze-Dry|p2a: Corviknight
|-damage|p2a: Corviknight|31/100
|move|p2a: Corviknight|Roost|p2a: Corviknight
|-heal|p2a: Corviknight|81/100
|-singleturn|p2a: Corviknight|move: Roost
|
|-heal|p2a: Corviknight|87/100|[from] item: Leftovers
|upkeep
|turn|9
|
|t:|1776124018
|move|p1a: Frieza|Shadow Ball|p2a: Corviknight
|-damage|p2a: Corviknight|45/100
|move|p2a: Corviknight|U-turn|p1a: Frieza
|-resisted|p1a: Frieza
|-damage|p1a: Frieza|55/100
|
|t:|1776124020
|switch|p2a: Wo-Chien|Wo-Chien|100/100|[from] U-turn
|-ability|p2a: Wo-Chien|Tablets of Ruin
|
|upkeep
|turn|10
|
|t:|1776124027
|move|p1a: Frieza|Freeze-Dry|p2a: Wo-Chien
|-supereffective|p2a: Wo-Chien
|-damage|p2a: Wo-Chien|49/100
|-status|p2a: Wo-Chien|frz
|-curestatus|p2a: Wo-Chien|frz|[msg]
|move|p2a: Wo-Chien|Foul Play|p1a: Frieza
|-supereffective|p1a: Frieza
|-damage|p1a: Frieza|0 fnt
|faint|p1a: Frieza
|
|-heal|p2a: Wo-Chien|55/100|[from] item: Leftovers
|upkeep
|
|t:|1776124043
|switch|p1a: Porunga|Pawmot, F|100/100
|turn|11
|
|t:|1776124052
|move|p1a: Porunga|Revival Blessing|p1a: Porunga
|-enditem|p1a: Porunga|Leppa Berry|[eat]
|-activate|p1a: Porunga|item: Leppa Berry|Revival Blessing|[consumed]
|
|t:|1776124055
|-heal|p1: Gliscor|50/100|[from] move: Revival Blessing
|move|p2a: Wo-Chien|Leech Seed|p1a: Porunga
|-start|p1a: Porunga|move: Leech Seed
|
|-heal|p2a: Wo-Chien|61/100|[from] item: Leftovers
|-damage|p1a: Porunga|88/100|[from] Leech Seed|[of] p2a: Wo-Chien
|-heal|p2a: Wo-Chien|71/100|[silent]
|upkeep
|turn|12
|
|t:|1776124058
|move|p1a: Porunga|Revival Blessing|p1a: Porunga
|
|t:|1776124060
|-heal|p1: Frieza|50/100|[from] move: Revival Blessing
|move|p2a: Wo-Chien|Foul Play|p1a: Porunga
|-resisted|p1a: Porunga
|-damage|p1a: Porunga|64/100
|
|-heal|p2a: Wo-Chien|78/100|[from] item: Leftovers
|-damage|p1a: Porunga|51/100|[from] Leech Seed|[of] p2a: Wo-Chien
|-heal|p2a: Wo-Chien|88/100|[silent]
|upkeep
|turn|13
|
|t:|1776124065
|switch|p1a: Gliscor|Gliscor, F, shiny|50/100
|move|p2a: Wo-Chien|Protect||[still]
|-fail|p2a: Wo-Chien
|
|-heal|p2a: Wo-Chien|94/100|[from] item: Leftovers
|-status|p1a: Gliscor|tox|[from] item: Toxic Orb
|upkeep
|turn|14
|j| Nyrkry
|
|t:|1776124074
|move|p2a: Wo-Chien|Protect|p2a: Wo-Chien
|-singleturn|p2a: Wo-Chien|Protect
|move|p1a: Gliscor|Knock Off|p2a: Wo-Chien
|-activate|p2a: Wo-Chien|move: Protect
|
|-heal|p2a: Wo-Chien|99/100|[from] item: Leftovers
|-heal|p1a: Gliscor|63/100 tox|[from] ability: Poison Heal
|upkeep
|turn|15
|
|t:|1776124080
|move|p1a: Gliscor|Knock Off|p2a: Wo-Chien
|-resisted|p2a: Wo-Chien
|-damage|p2a: Wo-Chien|94/100
|-enditem|p2a: Wo-Chien|Leftovers|[from] move: Knock Off|[of] p1a: Gliscor
|move|p2a: Wo-Chien|Leech Seed|p1a: Gliscor
|-start|p1a: Gliscor|move: Leech Seed
|
|-damage|p1a: Gliscor|50/100 tox|[from] Leech Seed|[of] p2a: Wo-Chien
|-heal|p2a: Wo-Chien|100/100|[silent]
|-heal|p1a: Gliscor|63/100 tox|[from] ability: Poison Heal
|upkeep
|turn|16
|
|t:|1776124090
|switch|p1a: Itachi|Hawlucha, M, shiny|100/100
|-ability|p1a: Itachi|Mold Breaker
|move|p2a: Wo-Chien|Leech Seed|p1a: Itachi
|-start|p1a: Itachi|move: Leech Seed
|
|-damage|p1a: Itachi|88/100|[from] Leech Seed|[of] p2a: Wo-Chien
|upkeep
|turn|17
|
|t:|1776124096
|switch|p1a: Gliscor|Gliscor, F, shiny|63/100 tox
|move|p2a: Wo-Chien|Stun Spore||[still]
|-fail|p2a: Wo-Chien
|
|-heal|p1a: Gliscor|75/100 tox|[from] ability: Poison Heal
|upkeep
|turn|18
|
|t:|1776124107
|switch|p1a: Porunga|Pawmot, F|51/100
|move|p2a: Wo-Chien|Leech Seed|p1a: Porunga
|-start|p1a: Porunga|move: Leech Seed
|
|-damage|p1a: Porunga|39/100|[from] Leech Seed|[of] p2a: Wo-Chien
|upkeep
|turn|19
|
|t:|1776124116
|switch|p2a: Alomomola|Alomomola, M|100/100
|move|p1a: Porunga|Rest|p1a: Porunga
|-status|p1a: Porunga|slp|[from] move: Rest
|-heal|p1a: Porunga|100/100 slp|[silent]
|
|-damage|p1a: Porunga|88/100 slp|[from] Leech Seed|[of] p2a: Alomomola
|upkeep
|turn|20
|
|t:|1776124121
|switch|p1a: Gliscor|Gliscor, F, shiny|75/100 tox
|move|p2a: Alomomola|Flip Turn|p1a: Gliscor
|-supereffective|p1a: Gliscor
|-damage|p1a: Gliscor|53/100 tox
|
|t:|1776124123
|switch|p2a: Ursaluna|Ursaluna, F|100/100|[from] Flip Turn
|
|-heal|p1a: Gliscor|65/100 tox|[from] ability: Poison Heal
|-status|p2a: Ursaluna|brn|[from] item: Flame Orb
|upkeep
|turn|21
|
|t:|1776124133
|move|p1a: Gliscor|Protect|p1a: Gliscor
|-singleturn|p1a: Gliscor|Protect
|move|p2a: Ursaluna|Facade|p1a: Gliscor
|-activate|p1a: Gliscor|move: Protect
|
|-heal|p1a: Gliscor|78/100 tox|[from] ability: Poison Heal
|-damage|p2a: Ursaluna|94/100 brn|[from] brn
|upkeep
|turn|22
|
|t:|1776124142
|switch|p1a: The sandstorm|Tyranitar, M, shiny|100/100
|-weather|Sandstorm|[from] ability: Sand Stream|[of] p1a: The sandstorm
|move|p2a: Ursaluna|Facade|p1a: The sandstorm
|-resisted|p1a: The sandstorm
|-damage|p1a: The sandstorm|64/100
|
|-weather|Sandstorm|[upkeep]
|-damage|p2a: Ursaluna|88/100 brn|[from] brn
|upkeep
|turn|23
|
|t:|1776124150
|switch|p1a: Gliscor|Gliscor, F, shiny|78/100 tox
|move|p2a: Ursaluna|Earthquake|p1a: Gliscor
|-immune|p1a: Gliscor
|
|-weather|Sandstorm|[upkeep]
|-heal|p1a: Gliscor|90/100 tox|[from] ability: Poison Heal
|-damage|p2a: Ursaluna|82/100 brn|[from] brn
|upkeep
|turn|24
|
|t:|1776124157
|move|p1a: Gliscor|Earthquake|p2a: Ursaluna
|-damage|p2a: Ursaluna|55/100 brn
|move|p2a: Ursaluna|Facade|p1a: Gliscor
|-damage|p1a: Gliscor|12/100 tox
|
|-weather|Sandstorm|[upkeep]
|-heal|p1a: Gliscor|24/100 tox|[from] ability: Poison Heal
|-damage|p2a: Ursaluna|48/100 brn|[from] brn
|upkeep
|turn|25
|
|t:|1776124171
|switch|p2a: Alomomola|Alomomola, M|100/100
|move|p1a: Gliscor|Protect||[still]
|-fail|p1a: Gliscor
|
|-weather|Sandstorm|[upkeep]
|-damage|p2a: Alomomola|94/100|[from] Sandstorm
|-heal|p1a: Gliscor|37/100 tox|[from] ability: Poison Heal
|upkeep
|turn|26
|
|t:|1776124189
|switch|p1a: Frieza|Kyurem, shiny|50/100
|-ability|p1a: Frieza|Pressure
|move|p2a: Alomomola|Wish|p2a: Alomomola
|
|-weather|Sandstorm|[upkeep]
|-damage|p1a: Frieza|44/100|[from] Sandstorm
|-damage|p2a: Alomomola|88/100|[from] Sandstorm
|upkeep
|turn|27
|
|t:|1776124197
|move|p1a: Frieza|Freeze-Dry|p2a: Alomomola
|-supereffective|p2a: Alomomola
|-damage|p2a: Alomomola|16/100
|move|p2a: Alomomola|Flip Turn|p1a: Frieza
|-resisted|p1a: Frieza
|-damage|p1a: Frieza|36/100
|
|t:|1776124202
|switch|p2a: Ursaluna|Ursaluna, F|48/100 brn|[from] Flip Turn
|
|-weather|Sandstorm|[upkeep]
|-damage|p1a: Frieza|30/100|[from] Sandstorm
|-heal|p2a: Ursaluna|100/100 brn|[from] move: Wish|[wisher] Alomomola
|-damage|p2a: Ursaluna|94/100 brn|[from] brn
|upkeep
|turn|28
|
|t:|1776124208
|switch|p2a: Slowking|Slowking-Galar, M|59/100
|move|p1a: Frieza|Freeze-Dry|p2a: Slowking
|-damage|p2a: Slowking|36/100
|
|-weather|Sandstorm|[upkeep]
|-damage|p1a: Frieza|24/100|[from] Sandstorm
|-damage|p2a: Slowking|29/100|[from] Sandstorm
|upkeep
|turn|29
|j| foobar crusader
|
|t:|1776124221
|switch|p2a: Corviknight|Corviknight, F|45/100
|-ability|p2a: Corviknight|Pressure
|move|p1a: Frieza|Scale Shot|p2a: Corviknight
|-resisted|p2a: Corviknight
|-damage|p2a: Corviknight|42/100
|-resisted|p2a: Corviknight
|-damage|p2a: Corviknight|38/100
|-resisted|p2a: Corviknight
|-damage|p2a: Corviknight|35/100
|-resisted|p2a: Corviknight
|-damage|p2a: Corviknight|32/100
|-hitcount|p2a: Corviknight|4
|-unboost|p1a: Frieza|def|1
|-boost|p1a: Frieza|spe|1
|
|-weather|none
|-heal|p2a: Corviknight|38/100|[from] item: Leftovers
|upkeep
|turn|30
|
|t:|1776124236
|move|p1a: Frieza|Freeze-Dry|p2a: Corviknight
|-damage|p2a: Corviknight|0 fnt
|faint|p2a: Corviknight
|
|upkeep
|
|t:|1776124242
|switch|p2a: Cinderace|Cinderace, M|100/100
|turn|31
|
|t:|1776124247
|move|p1a: Frieza|Earth Power|p2a: Cinderace
|-supereffective|p2a: Cinderace
|-crit|p2a: Cinderace
|-damage|p2a: Cinderace|0 fnt
|faint|p2a: Cinderace
|
|upkeep
|
|t:|1776124250
|switch|p2a: Wo-Chien|Wo-Chien|100/100
|-ability|p2a: Wo-Chien|Tablets of Ruin
|turn|32
|
|t:|1776124256
|move|p1a: Frieza|Freeze-Dry|p2a: Wo-Chien
|-supereffective|p2a: Wo-Chien
|-damage|p2a: Wo-Chien|42/100
|move|p2a: Wo-Chien|Foul Play|p1a: Frieza
|-damage|p1a: Frieza|0 fnt
|faint|p1a: Frieza
|
|upkeep
|
|t:|1776124269
|switch|p1a: Itachi|Hawlucha, M, shiny|88/100
|-ability|p1a: Itachi|Mold Breaker
|turn|33
|
|t:|1776124273
|switch|p2a: Slowking|Slowking-Galar, M|63/100
|move|p1a: Itachi|Swords Dance|p1a: Itachi
|-boost|p1a: Itachi|atk|2
|
|upkeep
|turn|34
|
|t:|1776124278
|move|p1a: Itachi|Brave Bird|p2a: Slowking
|-damage|p2a: Slowking|0 fnt
|faint|p2a: Slowking
|-damage|p1a: Itachi|61/100|[from] Recoil
|
|upkeep
|
|t:|1776124280
|switch|p2a: Alomomola|Alomomola, M|49/100
|turn|35
|
|t:|1776124287
|switch|p2a: Ursaluna|Ursaluna, F|94/100 brn
|move|p1a: Itachi|Brave Bird|p2a: Ursaluna
|-damage|p2a: Ursaluna|17/100 brn
|-damage|p1a: Itachi|27/100|[from] Recoil
|
|-damage|p2a: Ursaluna|11/100 brn|[from] brn
|upkeep
|turn|36
|
|t:|1776124289
|switch|p2a: Alomomola|Alomomola, M|82/100
|move|p1a: Itachi|Brave Bird|p2a: Alomomola
|-damage|p2a: Alomomola|21/100
|-damage|p1a: Itachi|10/100|[from] item: Rocky Helmet|[of] p2a: Alomomola
|-damage|p1a: Itachi|0 fnt|[from] Recoil
|faint|p1a: Itachi
|
|upkeep
|
|t:|1776124296
|switch|p1a: OP|Excadrill, F|100/100
|turn|37
|
|t:|1776124301
|switch|p2a: Ursaluna|Ursaluna, F|11/100 brn
|move|p1a: OP|Earthquake|p2a: Ursaluna
|-damage|p2a: Ursaluna|0 fnt
|faint|p2a: Ursaluna
|
|upkeep
|
|t:|1776124303
|switch|p2a: Alomomola|Alomomola, M|55/100
|turn|38
|
|t:|1776124305
|move|p1a: OP|Earthquake|p2a: Alomomola
|-damage|p2a: Alomomola|0 fnt
|faint|p2a: Alomomola
|
|upkeep
|
|t:|1776124309
|switch|p2a: Wo-Chien|Wo-Chien|42/100
|-ability|p2a: Wo-Chien|Tablets of Ruin
|turn|39
|
|t:|1776124319
|move|p1a: OP|Earthquake|p2a: Wo-Chien
|-resisted|p2a: Wo-Chien
|-damage|p2a: Wo-Chien|17/100
|move|p2a: Wo-Chien|Leech Seed|p1a: OP|[miss]
|-miss|p2a: Wo-Chien|p1a: OP
|
|upkeep
|turn|40
|-message|ceo o wo chien forfeited.
|
|win|OP Earthquakes
|raw|OP Earthquakes's rating: 1757 &rarr; <strong>1778</strong><br />(+21 for winning)
|raw|ceo o wo chien's rating: 1777 &rarr; <strong>1756</strong><br />(-21 for losing)
|l|☆ceo o wo chien
|player|p2|
|c|☆OP Earthquakes|Crazy
