|html|<div class="broadcast-blue"><strong>[Gen 9] OU is currently suspecting Volcarona! For information on how to participate check out the <a href="https://www.smogon.com/tools/suspects/view/208">suspect thread</a>.</strong></div>
|j|‽BlabberSaur
|j|☆melmetal fanboy
|t:|1778517325
|gametype|singles
|player|p1|BlabberSaur|wallace|1205
|player|p2|melmetal fanboy|skierf-gen4dp|1181
|gen|9
|tier|[Gen 9] OU
|rated|
|rule|HP Percentage Mod: HP is shown in percentages
|rule|Endless Battle Clause: Forcing endless battles is banned
|rule|Species Clause: Limit one of each Pokémon
|rule|OHKO Clause: OHKO moves are banned
|rule|Evasion Items Clause: Evasion items are banned
|rule|Evasion Moves Clause: Evasion moves are banned
|rule|Evasion Abilities Clause: Evasion abilities are banned
|rule|Sleep Moves Clause: Sleep-inducing moves are banned
|clearpoke
|poke|p1|Torkoal, F|
|poke|p1|Great Tusk|
|poke|p1|Dragapult, F|
|poke|p1|Walking Wake|
|poke|p1|Venusaur, M|
|poke|p1|Darkrai|
|poke|p2|Minior-Violet|
|poke|p2|Iron Treads|
|poke|p2|Dragapult, M|
|poke|p2|Kingambit, F|
|poke|p2|Iron Moth|
|poke|p2|Ogerpon-Wellspring, F|
|teampreview
|inactive|Battle timer is ON: inactive players will automatically lose when time's up. (requested by BlabberSaur)
|inactive|melmetal fanboy also wants the timer to be on.
|
|t:|1778517337
|teamsize|p1|6
|teamsize|p2|6
|start
|switch|p1a: Dragapult|Dragapult, F|100/100
|switch|p2a: rotate|Iron Treads|100/100
|-enditem|p2a: rotate|Booster Energy
|-activate|p2a: rotate|ability: Quark Drive|[fromitem]
|-start|p2a: rotate|quarkdrivespe
|turn|1
|
|t:|1778517341
|move|p2a: rotate|Stealth Rock|p1a: Dragapult
|-sidestart|p1: BlabberSaur|move: Stealth Rock
|move|p1a: Dragapult|Flamethrower|p2a: rotate
|-supereffective|p2a: rotate
|-damage|p2a: rotate|0 fnt
|faint|p2a: rotate
|-end|p2a: rotate|Quark Drive|[silent]
|-damage|p1a: Dragapult|91/100|[from] item: Life Orb
|
|upkeep
|
|t:|1778517354
|switch|p2a: the upgrade|Iron Moth, shiny|100/100
|-enditem|p2a: the upgrade|Booster Energy
|-activate|p2a: the upgrade|ability: Quark Drive|[fromitem]
|-start|p2a: the upgrade|quarkdrivespe
|turn|2
|
|t:|1778517359
|-terastallize|p2a: the upgrade|Fairy
|move|p2a: the upgrade|Dazzling Gleam|p1a: Dragapult
|-supereffective|p1a: Dragapult
|-damage|p1a: Dragapult|0 fnt
|faint|p1a: Dragapult
|
|upkeep
|
|t:|1778517363
|switch|p1a: Torkoal|Torkoal, F|100/100
|-damage|p1a: Torkoal|75/100|[from] Stealth Rock
|-weather|SunnyDay|[from] ability: Drought|[of] p1a: Torkoal
|turn|3
|
|t:|1778517367
|move|p2a: the upgrade|Substitute|p2a: the upgrade
|-start|p2a: the upgrade|Substitute
|-damage|p2a: the upgrade|76/100
|move|p1a: Torkoal|Rapid Spin|p2a: the upgrade
|-activate|p2a: the upgrade|move: Substitute|[damage]
|-sideend|p1: BlabberSaur|Stealth Rock|[from] move: Rapid Spin|[of] p1a: Torkoal
|-boost|p1a: Torkoal|spe|1
|
|-weather|SunnyDay|[upkeep]
|upkeep
|turn|4
|
|t:|1778517373
|move|p2a: the upgrade|Sludge Wave|p1a: Torkoal
|-damage|p1a: Torkoal|11/100
|move|p1a: Torkoal|Flamethrower|p2a: the upgrade
|-end|p2a: the upgrade|Substitute
|
|-weather|SunnyDay|[upkeep]
|upkeep
|turn|5
|
|t:|1778517376
|move|p2a: the upgrade|Sludge Wave|p1a: Torkoal
|-damage|p1a: Torkoal|0 fnt
|faint|p1a: Torkoal
|
|-weather|SunnyDay|[upkeep]
|upkeep
|
|t:|1778517386
|switch|p1a: Venusaur|Venusaur, M|100/100
|turn|6
|
|t:|1778517392
|-terastallize|p1a: Venusaur|Water
|move|p2a: the upgrade|Fiery Dance|p1a: Venusaur
|-resisted|p1a: Venusaur
|-damage|p1a: Venusaur|70/100
|-boost|p2a: the upgrade|spa|1
|move|p1a: Venusaur|Sludge Bomb|p2a: the upgrade
|-supereffective|p2a: the upgrade
|-damage|p2a: the upgrade|0 fnt
|faint|p2a: the upgrade
|-end|p2a: the upgrade|Quark Drive|[silent]
|
|-weather|SunnyDay|[upkeep]
|-heal|p1a: Venusaur|76/100|[from] item: Leftovers
|upkeep
|
|t:|1778517399
|switch|p2a: nuh uh|Kingambit, F|100/100
|-activate|p2a: nuh uh|ability: Supreme Overlord
|-start|p2a: nuh uh|fallen2|[silent]
|turn|7
|
|t:|1778517409
|move|p2a: nuh uh|Sucker Punch||[still]
|-fail|p2a: nuh uh
|move|p1a: Venusaur|Growth|p1a: Venusaur
|-boost|p1a: Venusaur|atk|2
|-boost|p1a: Venusaur|spa|2
|
|-weather|SunnyDay|[upkeep]
|-heal|p1a: Venusaur|82/100|[from] item: Leftovers
|upkeep
|turn|8
|
|t:|1778517413
|move|p2a: nuh uh|Sucker Punch|p1a: Venusaur
|-damage|p1a: Venusaur|12/100
|-damage|p2a: nuh uh|91/100|[from] item: Life Orb
|move|p1a: Venusaur|Earth Power|p2a: nuh uh
|-supereffective|p2a: nuh uh
|-damage|p2a: nuh uh|0 fnt
|faint|p2a: nuh uh
|-end|p2a: nuh uh|fallen2|[silent]
|
|-weather|SunnyDay|[upkeep]
|-heal|p1a: Venusaur|18/100|[from] item: Leftovers
|upkeep
|
|t:|1778517421
|switch|p2a: catch this|Ogerpon-Wellspring, F|100/100
|turn|9
|
|t:|1778517429
|switch|p2a: nuclear warhead|Dragapult, M|100/100
|move|p1a: Venusaur|Giga Drain|p2a: nuclear warhead
|-resisted|p2a: nuclear warhead
|-damage|p2a: nuclear warhead|56/100
|-heal|p1a: Venusaur|38/100|[from] drain|[of] p2a: nuclear warhead
|
|-weather|SunnyDay|[upkeep]
|-heal|p1a: Venusaur|44/100|[from] item: Leftovers
|upkeep
|turn|10
|
|t:|1778517437
|move|p2a: nuclear warhead|U-turn|p1a: Venusaur
|-damage|p1a: Venusaur|25/100
|
|t:|1778517440
|switch|p2a: catch this|Ogerpon-Wellspring, F|100/100|[from] U-turn
|move|p1a: Venusaur|Giga Drain|p2a: catch this
|-damage|p2a: catch this|15/100
|-heal|p1a: Venusaur|61/100|[from] drain|[of] p2a: catch this
|
|-weather|none
|-heal|p1a: Venusaur|67/100|[from] item: Leftovers
|upkeep
|turn|11
|
|t:|1778517448
|move|p2a: catch this|Power Whip|p1a: Venusaur
|-supereffective|p1a: Venusaur
|-damage|p1a: Venusaur|0 fnt
|faint|p1a: Venusaur
|
|upkeep
|
|t:|1778517455
|switch|p1a: Darkrai|Darkrai|100/100
|turn|12
|
|t:|1778517459
|move|p1a: Darkrai|Dark Pulse|p2a: catch this
|-damage|p2a: catch this|0 fnt
|faint|p2a: catch this
|-damage|p1a: Darkrai|91/100|[from] item: Life Orb
|
|upkeep
|
|t:|1778517462
|switch|p2a: nuclear warhead|Dragapult, M|56/100
|turn|13
|
|t:|1778517467
|move|p1a: Darkrai|Sucker Punch|p2a: nuclear warhead
|-supereffective|p2a: nuclear warhead
|-damage|p2a: nuclear warhead|0 fnt
|faint|p2a: nuclear warhead
|-damage|p1a: Darkrai|81/100|[from] item: Life Orb
|
|upkeep
|
|t:|1778517470
|switch|p2a: THE GOAT|Minior-Violet, shiny|100/100
|-formechange|p2a: THE GOAT|Minior-Meteor||[from] ability: Shields Down
|turn|14
|
|t:|1778517475
|move|p1a: Darkrai|Ice Beam|p2a: THE GOAT
|-supereffective|p2a: THE GOAT
|-damage|p2a: THE GOAT|0 fnt
|faint|p2a: THE GOAT
|-damage|p1a: Darkrai|71/100|[from] item: Life Orb
|
|win|BlabberSaur
|raw|BlabberSaur's rating: 1205 &rarr; <strong>1228</strong><br />(+23 for winning)
|raw|melmetal fanboy's rating: 1181 &rarr; <strong>1158</strong><br />(-23 for losing)
|l|☆melmetal fanboy
|player|p2|
|l|‽BlabberSaur
|player|p1|
