|html|<div class="broadcast-blue"><strong>[Gen 9] OU is currently suspecting Tera Blast! For information on how to participate check out the <a href="https://www.smogon.com/tools/suspects/view/200">suspect thread</a>.</strong></div>
|j|☆qualitymilk
|j|☆NateN1432
|t:|1776274556
|gametype|singles
|player|p1|qualitymilk|101|1207
|player|p2|NateN1432|101|1167
|gen|9
|tier|[Gen 9] OU
|rated|
|rule|HP Percentage Mod: HP is shown in percentages
|rule|Endless Battle Clause: Forcing endless battles is banned
|rule|Species Clause: Limit one of each Pokémon
|rule|OHKO Clause: OHKO moves are banned
|rule|Evasion Items Clause: Evasion items are banned
|rule|Evasion Moves Clause: Evasion moves are banned
|rule|Evasion Abilities Clause: Evasion abilities are banned
|rule|Sleep Moves Clause: Sleep-inducing moves are banned
|clearpoke
|poke|p1|Ting-Lu|
|poke|p1|Heatran, F|
|poke|p1|Ogerpon-Wellspring, F|
|poke|p1|Dragonite, F|
|poke|p1|Gholdengo|
|poke|p1|Iron Treads|
|poke|p2|Hatterene, F|
|poke|p2|Ursaluna, M|
|poke|p2|Porygon2|
|poke|p2|Cresselia, F|
|poke|p2|Iron Hands|
|poke|p2|Volcanion|
|teampreview
|c|☆NateN1432|what a nice team
|c|☆NateN1432|oeairjoaijroaeirjaoeirjeiorjeoirjeorjeorjeorjeorjoejr
|c|☆NateN1432|kill me now
|c|☆qualitymilk|oh
|
|t:|1776274584
|teamsize|p1|6
|teamsize|p2|6
|start
|switch|p1a: Heatran|Heatran, F|100/100
|switch|p2a: TARS|Porygon2|100/100
|-ability|p2a: TARS|Download|boost
|-boost|p2a: TARS|atk|1
|turn|1
|inactive|Battle timer is ON: inactive players will automatically lose when time's up. (requested by NateN1432)
|c|☆NateN1432|please don't melt me
|
|t:|1776274606
|move|p1a: Heatran|Lava Plume|p2a: TARS
|-damage|p2a: TARS|74/100
|-status|p2a: TARS|brn
|move|p2a: TARS|Trick Room|p2a: TARS
|-fieldstart|move: Trick Room|[of] p2a: TARS
|
|-damage|p2a: TARS|68/100 brn|[from] brn
|upkeep
|turn|2
|c|☆NateN1432|owe
|c|☆qualitymilk|ouch
|
|t:|1776274624
|switch|p2a: Saturn|Volcanion|100/100
|move|p1a: Heatran|Lava Plume|p2a: Saturn
|-resisted|p2a: Saturn
|-damage|p2a: Saturn|89/100
|
|upkeep
|turn|3
|c|☆NateN1432|FAH
|c|☆NateN1432|FAH
|c|☆NateN1432|FAAAAAAAAAAAAAAAAAAAAAAAAH
|inactive|qualitymilk has 120 seconds left.
|
|t:|1776274659
|switch|p1a: Gholdengo|Gholdengo|100/100
|move|p2a: Saturn|Earth Power|p1a: Gholdengo
|-supereffective|p1a: Gholdengo
|-damage|p1a: Gholdengo|0 fnt
|faint|p1a: Gholdengo
|
|upkeep
|c|☆NateN1432|fah
|inactive|qualitymilk has 120 seconds left.
|c|☆NateN1432|FAH
|c|☆qualitymilk|ohhh
|
|t:|1776274674
|switch|p1a: Dragonite|Dragonite, F|100/100
|turn|4
|inactive|qualitymilk has 120 seconds left.
|
|t:|1776274688
|switch|p2a: Miller|Cresselia, F, shiny|100/100
|move|p1a: Dragonite|Dragon Dance|p1a: Dragonite
|-boost|p1a: Dragonite|atk|1
|-boost|p1a: Dragonite|spe|1
|
|upkeep
|turn|5
|inactive|qualitymilk has 120 seconds left.
|c|☆NateN1432|please don't kill me
|
|t:|1776274699
|switch|p1a: Heatran|Heatran, F|100/100
|move|p2a: Miller|Moonblast|p1a: Heatran
|-resisted|p1a: Heatran
|-damage|p1a: Heatran|98/100
|
|-fieldend|move: Trick Room
|upkeep
|turn|6
|c|☆NateN1432|in one hit
|c|☆NateN1432|oh
|inactive|qualitymilk has 120 seconds left.
|c|☆NateN1432|bruh
|
|t:|1776274713
|move|p1a: Heatran|Lava Plume|p2a: Miller
|-damage|p2a: Miller|71/100
|move|p2a: Miller|Trick Room|p2a: Miller
|-fieldstart|move: Trick Room|[of] p2a: Miller
|
|upkeep
|turn|7
|c|☆NateN1432|ow
|inactive|qualitymilk has 120 seconds left.
|
|t:|1776274720
|switch|p2a: Mann|Ursaluna, M|100/100
|move|p1a: Heatran|Earth Power|p2a: Mann
|-damage|p2a: Mann|70/100
|
|-status|p2a: Mann|brn|[from] item: Flame Orb
|upkeep
|turn|8
|inactive|qualitymilk has 120 seconds left.
|c|☆qualitymilk|DAMN ANOTHER BURN BY HEATRAN
|c|☆qualitymilk|goat
|
|t:|1776274741
|switch|p1a: Iron Treads|Iron Treads|100/100
|-item|p1a: Iron Treads|Air Balloon
|move|p2a: Mann|Headlong Rush|p1a: Iron Treads
|-immune|p1a: Iron Treads
|
|-damage|p2a: Mann|64/100 brn|[from] brn
|upkeep
|turn|9
|c|☆NateN1432|FAHHHHHHHHHHHHHHHHHHHHHHHHHHH
|c|☆qualitymilk|FAHHHHHHHHHH
|c|☆NateN1432|die already
|
|t:|1776274757
|move|p2a: Mann|Fire Punch|p1a: Iron Treads
|-supereffective|p1a: Iron Treads
|-damage|p1a: Iron Treads|24/100
|-enditem|p1a: Iron Treads|Air Balloon
|move|p1a: Iron Treads|Ice Spinner|p2a: Mann
|-supereffective|p2a: Mann
|-damage|p2a: Mann|34/100 brn
|
|-damage|p2a: Mann|27/100 brn|[from] brn
|upkeep
|turn|10
|c|☆NateN1432|oh crap
|c|☆NateN1432|ow
|c|☆NateN1432|ow
|
|t:|1776274768
|move|p2a: Mann|Fire Punch|p1a: Iron Treads
|-supereffective|p1a: Iron Treads
|-damage|p1a: Iron Treads|0 fnt
|faint|p1a: Iron Treads
|-end|p1a: Iron Treads|Quark Drive|[silent]
|
|-damage|p2a: Mann|21/100 brn|[from] brn
|-fieldend|move: Trick Room
|upkeep
|c|☆qualitymilk|what a fat bear
|c|☆NateN1432|PHew
|c|☆NateN1432|efjfeojefjoefojeffeojoojjojojojo
|c|☆NateN1432|ojo
|c|☆NateN1432|oj
|c|☆NateN1432|I have a plan
|c|☆NateN1432|mwehehhehehe
|
|t:|1776274789
|switch|p1a: Ogerpon|Ogerpon-Wellspring, F|100/100
|turn|11
|c|☆NateN1432|nevermind
|c|☆qualitymilk|oh shit
|
|t:|1776274800
|switch|p2a: Brand|Hatterene, F, shiny|100/100
|move|p1a: Ogerpon|Ivy Cudgel|p2a: Brand|[anim] Ivy Cudgel Water
|-damage|p2a: Brand|28/100
|
|upkeep
|turn|12
|c|☆NateN1432|well there goes that plan
|
|t:|1776274814
|-terastallize|p2a: Brand|Steel
|move|p1a: Ogerpon|Ivy Cudgel|p2a: Brand|[anim] Ivy Cudgel Water
|-damage|p2a: Brand|0 fnt
|faint|p2a: Brand
|
|upkeep
|
|t:|1776274818
|switch|p2a: Miller|Cresselia, F, shiny|71/100
|turn|13
|c|☆NateN1432|bruh
|c|☆qualitymilk|an IQ too high?
|c|☆NateN1432|ples
|c|☆NateN1432|ple
|c|☆NateN1432|spes
|c|☆NateN1432|lep
|
|t:|1776274830
|move|p1a: Ogerpon|Encore||[still]
|-fail|p1a: Ogerpon
|move|p2a: Miller|Trick Room|p2a: Miller
|-fieldstart|move: Trick Room|[of] p2a: Miller
|
|upkeep
|turn|14
|c|☆NateN1432|uh
|c|☆qualitymilk|FAHHH
|c|☆NateN1432|huh??
|c|☆NateN1432|dude I'm a trick room tea
|c|☆qualitymilk|an IQ too high?
|
|t:|1776274848
|move|p2a: Miller|Lunar Dance|p2a: Miller
|faint|p2a: Miller
|move|p1a: Ogerpon|Ivy Cudgel|p2: Miller|[notarget]
|-fail|p1a: Ogerpon
|
|upkeep
|
|t:|1776274852
|switch|p2a: Mann|Ursaluna, M|21/100 brn
|-heal|p2a: Mann|100/100|[from] move: Lunar Dance
|turn|15
|c|☆NateN1432|FAH
|
|t:|1776274861
|-terastallize|p1a: Ogerpon|Water
|detailschange|p1a: Ogerpon|Ogerpon-Wellspring-Tera, F, tera:Water
|-ability|p1a: Ogerpon|Embody Aspect (Wellspring)|boost
|-boost|p1a: Ogerpon|spd|1
|move|p2a: Mann|Protect|p2a: Mann
|-singleturn|p2a: Mann|Protect
|move|p1a: Ogerpon|Ivy Cudgel|p2a: Mann|[anim] Ivy Cudgel Water
|-activate|p2a: Mann|move: Protect
|
|-status|p2a: Mann|brn|[from] item: Flame Orb
|upkeep
|turn|16
|c|☆NateN1432|what
|inactive|qualitymilk has 120 seconds left.
|c|☆NateN1432|oh hell no
|
|t:|1776274873
|move|p2a: Mann|Facade|p1a: Ogerpon
|-crit|p1a: Ogerpon
|-damage|p1a: Ogerpon|0 fnt
|faint|p1a: Ogerpon
|detailschange|p1: Ogerpon|Ogerpon-Wellspring, F|[silent]
|
|-damage|p2a: Mann|94/100 brn|[from] brn
|upkeep
|c|☆NateN1432|BOOM
|c|☆qualitymilk|im selling
|
|t:|1776274881
|switch|p1a: Ting-Lu|Ting-Lu|100/100
|-ability|p1a: Ting-Lu|Vessel of Ruin
|turn|17
|inactive|qualitymilk has 120 seconds left.
|
|t:|1776274888
|move|p1a: Ting-Lu|Ruination|p2a: Mann|[miss]
|-miss|p1a: Ting-Lu|p2a: Mann
|move|p2a: Mann|Facade|p1a: Ting-Lu
|-damage|p1a: Ting-Lu|43/100
|
|-heal|p1a: Ting-Lu|49/100|[from] item: Leftovers
|-damage|p2a: Mann|88/100 brn|[from] brn
|-fieldend|move: Trick Room
|upkeep
|turn|18
|c|☆NateN1432|BOM
|c|☆NateN1432|LLOL
|c|☆qualitymilk|oh
|c|☆NateN1432|OLO
|c|☆NateN1432|oh that's not good
|inactive|qualitymilk has 120 seconds left.
|
|t:|1776274907
|move|p2a: Mann|Protect|p2a: Mann
|-singleturn|p2a: Mann|Protect
|move|p1a: Ting-Lu|Ruination|p2a: Mann
|-activate|p2a: Mann|move: Protect
|
|-heal|p1a: Ting-Lu|55/100|[from] item: Leftovers
|-damage|p2a: Mann|82/100 brn|[from] brn
|upkeep
|turn|19
|
|t:|1776274914
|move|p2a: Mann|Facade|p1a: Ting-Lu
|-damage|p1a: Ting-Lu|1/100
|move|p1a: Ting-Lu|Ruination|p2a: Mann
|-damage|p2a: Mann|42/100 brn
|
|-heal|p1a: Ting-Lu|7/100|[from] item: Leftovers
|-damage|p2a: Mann|35/100 brn|[from] brn
|upkeep
|turn|20
|c|☆NateN1432|PLEASE MISS
|c|☆NateN1432|NO
|c|☆NateN1432|BR
|c|☆NateN1432|WHAT THE HELL IS THAT
|
|t:|1776274927
|move|p2a: Mann|Facade|p1a: Ting-Lu
|-damage|p1a: Ting-Lu|0 fnt
|faint|p1a: Ting-Lu
|
|-damage|p2a: Mann|29/100 brn|[from] brn
|upkeep
|c|☆qualitymilk|hehe
|c|☆NateN1432|DIE YOU STUPID
|
|t:|1776274934
|switch|p1a: Heatran|Heatran, F|98/100
|turn|21
|
|t:|1776274939
|move|p1a: Heatran|Lava Plume|p2a: Mann
|-damage|p2a: Mann|0 fnt
|faint|p2a: Mann
|
|upkeep
|c|☆NateN1432|ow
|
|t:|1776274944
|switch|p2a: Saturn|Volcanion|89/100
|turn|22
|c|☆qualitymilk|tehe
|c|☆NateN1432|tehe
|
|t:|1776274954
|move|p1a: Heatran|Earth Power|p2a: Saturn
|-supereffective|p2a: Saturn
|-damage|p2a: Saturn|28/100
|-unboost|p2a: Saturn|spd|1
|move|p2a: Saturn|Earth Power|p1a: Heatran
|-supereffective|p1a: Heatran
|-damage|p1a: Heatran|1/100
|
|upkeep
|turn|23
|c|☆NateN1432|OW
|c|☆NateN1432|4X EFFECTIVES
|c|☆NateN1432|BRO
|c|☆NateN1432|AGAIN
|c|☆qualitymilk|OHHH SHIT
|c|☆NateN1432|WHAT THE HELL
|c|☆NateN1432|IS WRONG WITH YOUR FUCKING POKEMON
|c|☆NateN1432|Heatran toughed it out! ah
|inactive|NateN1432 has 120 seconds left.
|l|☆NateN1432
|inactive|NateN1432 disconnected and has a minute to reconnect!
|player|p2|
|c|☆qualitymilk|heatran toughed it out so you wouldnt feel bad
|inactive|NateN1432 has 30 seconds to reconnect!
|inactive|NateN1432 has 20 seconds to reconnect!
|inactive|NateN1432 has 15 seconds to reconnect!
|inactive|NateN1432 has 10 seconds to reconnect!
|inactive|NateN1432 has 5 seconds to reconnect!
|-message|NateN1432 lost due to inactivity.
|
|win|qualitymilk
