|html|<div class="broadcast-blue"><strong>[Gen 9] OU is currently suspecting Tera Blast! For information on how to participate check out the <a href="https://www.smogon.com/tools/suspects/view/200">suspect thread</a>.</strong></div>
|j|☆b0nboii
|j|☆Gercio
|t:|1776108333
|gametype|singles
|player|p1|b0nboii|iris-gen5bw2|1214
|player|p2|Gercio|1|1263
|gen|9
|tier|[Gen 9] OU
|rated|
|rule|HP Percentage Mod: HP is shown in percentages
|rule|Endless Battle Clause: Forcing endless battles is banned
|rule|Species Clause: Limit one of each Pokémon
|rule|OHKO Clause: OHKO moves are banned
|rule|Evasion Items Clause: Evasion items are banned
|rule|Evasion Moves Clause: Evasion moves are banned
|rule|Evasion Abilities Clause: Evasion abilities are banned
|rule|Sleep Moves Clause: Sleep-inducing moves are banned
|clearpoke
|poke|p1|Scrafty, F|
|poke|p1|Great Tusk|
|poke|p1|Greninja-*, M|
|poke|p1|Gholdengo|
|poke|p1|Toxtricity-Low-Key, F|
|poke|p1|Iron Moth|
|poke|p2|Kingambit, M|
|poke|p2|Zamazenta-*|
|poke|p2|Ogerpon-Wellspring, F|
|poke|p2|Garganacl, F|
|poke|p2|Dragapult, F|
|poke|p2|Hatterene, F|
|teampreview
|inactive|Battle timer is ON: inactive players will automatically lose when time's up. (requested by b0nboii)
|
|t:|1776108385
|teamsize|p1|6
|teamsize|p2|6
|start
|switch|p1a: hoodlum|Scrafty, F|100/100
|switch|p2a: Hatterene|Hatterene, F|100/100
|turn|1
|
|t:|1776108395
|-terastallize|p1a: hoodlum|Fairy
|move|p1a: hoodlum|Bulk Up|p1a: hoodlum
|-boost|p1a: hoodlum|atk|1
|-boost|p1a: hoodlum|def|1
|move|p2a: Hatterene|Trick Room|p2a: Hatterene
|-fieldstart|move: Trick Room|[of] p2a: Hatterene
|
|upkeep
|turn|2
|
|t:|1776108406
|-terastallize|p2a: Hatterene|Psychic
|move|p2a: Hatterene|Psyshock|p1a: hoodlum
|-damage|p1a: hoodlum|51/100
|-damage|p2a: Hatterene|91/100|[from] item: Life Orb
|move|p1a: hoodlum|Bulk Up|p1a: hoodlum
|-boost|p1a: hoodlum|atk|1
|-boost|p1a: hoodlum|def|1
|
|-heal|p1a: hoodlum|57/100|[from] item: Leftovers
|upkeep
|turn|3
|
|t:|1776108416
|move|p2a: Hatterene|Draining Kiss|p1a: hoodlum
|-damage|p1a: hoodlum|20/100
|-heal|p2a: Hatterene|100/100|[from] drain|[of] p1a: hoodlum
|-damage|p2a: Hatterene|91/100|[from] item: Life Orb
|move|p1a: hoodlum|Knock Off|p2a: Hatterene
|-supereffective|p2a: Hatterene
|-damage|p2a: Hatterene|0 fnt
|-enditem|p2a: Hatterene|Life Orb|[from] move: Knock Off|[of] p1a: hoodlum
|faint|p2a: Hatterene
|
|-heal|p1a: hoodlum|26/100|[from] item: Leftovers
|upkeep
|
|t:|1776108422
|switch|p2a: Garganacl|Garganacl, F, shiny|100/100
|turn|4
|
|t:|1776108429
|move|p2a: Garganacl|Salt Cure|p1a: hoodlum
|-damage|p1a: hoodlum|20/100
|-start|p1a: hoodlum|Salt Cure
|move|p1a: hoodlum|Drain Punch|p2a: Garganacl
|-supereffective|p2a: Garganacl
|-damage|p2a: Garganacl|10/100
|-heal|p1a: hoodlum|75/100|[from] drain|[of] p2a: Garganacl
|-damage|p1a: hoodlum|58/100|[from] item: Rocky Helmet|[of] p2a: Garganacl
|
|-heal|p1a: hoodlum|64/100|[from] item: Leftovers
|-damage|p1a: hoodlum|52/100|[from] Salt Cure
|upkeep
|turn|5
|
|t:|1776108440
|move|p2a: Garganacl|Recover|p2a: Garganacl
|-heal|p2a: Garganacl|60/100
|move|p1a: hoodlum|Bulk Up|p1a: hoodlum
|-boost|p1a: hoodlum|atk|1
|-boost|p1a: hoodlum|def|1
|
|-heal|p1a: hoodlum|58/100|[from] item: Leftovers
|-damage|p1a: hoodlum|46/100|[from] Salt Cure
|-fieldend|move: Trick Room
|upkeep
|turn|6
|
|t:|1776108447
|move|p1a: hoodlum|Drain Punch|p2a: Garganacl
|-supereffective|p2a: Garganacl
|-damage|p2a: Garganacl|0 fnt
|-heal|p1a: hoodlum|82/100|[from] drain|[of] p2a: Garganacl
|-damage|p1a: hoodlum|65/100|[from] item: Rocky Helmet|[of] p2a: Garganacl
|faint|p2a: Garganacl
|
|-heal|p1a: hoodlum|71/100|[from] item: Leftovers
|-damage|p1a: hoodlum|59/100|[from] Salt Cure
|upkeep
|
|t:|1776108456
|switch|p2a: Ogerpon|Ogerpon-Wellspring, F|100/100
|turn|7
|
|t:|1776108460
|move|p2a: Ogerpon|Power Whip|p1a: hoodlum
|-damage|p1a: hoodlum|32/100
|move|p1a: hoodlum|Drain Punch|p2a: Ogerpon
|-damage|p2a: Ogerpon|0 fnt
|-heal|p1a: hoodlum|77/100|[from] drain|[of] p2a: Ogerpon
|faint|p2a: Ogerpon
|
|-heal|p1a: hoodlum|83/100|[from] item: Leftovers
|-damage|p1a: hoodlum|71/100|[from] Salt Cure
|upkeep
|
|t:|1776108466
|switch|p2a: Zamazenta|Zamazenta, shiny|100/100
|-ability|p2a: Zamazenta|Dauntless Shield|boost
|-boost|p2a: Zamazenta|def|1
|turn|8
|-message|Gercio forfeited.
|
|win|b0nboii
|raw|b0nboii's rating: 1214 &rarr; <strong>1243</strong><br />(+29 for winning)
|raw|Gercio's rating: 1263 &rarr; <strong>1234</strong><br />(-29 for losing)
|l|☆Gercio
|player|p2|
|l|☆b0nboii
|player|p1|
