|html|<div class="broadcast-blue"><strong>[Gen 9] OU is currently suspecting Tera Blast! For information on how to participate check out the <a href="https://www.smogon.com/tools/suspects/view/200">suspect thread</a>.</strong></div>
|j|☆Thederpa1
|j|☆medtyr
|t:|1776079732
|gametype|singles
|player|p1|Thederpa1|swimmer-gen4dp|1451
|player|p2|medtyr|1|1457
|gen|9
|tier|[Gen 9] OU
|rated|
|rule|HP Percentage Mod: HP is shown in percentages
|rule|Endless Battle Clause: Forcing endless battles is banned
|rule|Species Clause: Limit one of each Pokémon
|rule|OHKO Clause: OHKO moves are banned
|rule|Evasion Items Clause: Evasion items are banned
|rule|Evasion Moves Clause: Evasion moves are banned
|rule|Evasion Abilities Clause: Evasion abilities are banned
|rule|Sleep Moves Clause: Sleep-inducing moves are banned
|clearpoke
|poke|p1|Zapdos|
|poke|p1|Gholdengo|
|poke|p1|Tentacruel, F|
|poke|p1|Garchomp, F|
|poke|p1|Hoopa-Unbound|
|poke|p1|Garganacl, F|
|poke|p2|Muk-Alola, M|
|poke|p2|Excadrill, F|
|poke|p2|Rillaboom, M|
|poke|p2|Zapdos|
|poke|p2|Garchomp, F|
|poke|p2|Iron Valiant|
|teampreview
|inactive|Battle timer is ON: inactive players will automatically lose when time's up. (requested by Thederpa1)
|j| ohko_smeargle
|
|t:|1776079759
|teamsize|p1|6
|teamsize|p2|6
|start
|switch|p1a: Garganacl|Garganacl, F|100/100
|switch|p2a: Rillaboom|Rillaboom, M|100/100
|-fieldstart|move: Grassy Terrain|[from] ability: Grassy Surge|[of] p2a: Rillaboom
|turn|1
|
|t:|1776079764
|move|p1a: Garganacl|Protect|p1a: Garganacl
|-singleturn|p1a: Garganacl|Protect
|move|p2a: Rillaboom|Wood Hammer|p1a: Garganacl
|-activate|p1a: Garganacl|move: Protect
|
|upkeep
|turn|2
|
|t:|1776079774
|switch|p2a: Garchomp|Garchomp, F|100/100
|-terastallize|p1a: Garganacl|Ghost
|move|p1a: Garganacl|Salt Cure|p2a: Garchomp
|-resisted|p2a: Garchomp
|-damage|p2a: Garchomp|96/100
|-start|p2a: Garchomp|Salt Cure
|
|-heal|p2a: Garchomp|100/100|[from] Grassy Terrain
|-damage|p2a: Garchomp|88/100|[from] Salt Cure
|upkeep
|turn|3
|
|t:|1776079780
|move|p2a: Garchomp|Stealth Rock|p1a: Garganacl
|-sidestart|p1: Thederpa1|move: Stealth Rock
|move|p1a: Garganacl|Stealth Rock|p2a: Garchomp
|-sidestart|p2: medtyr|move: Stealth Rock
|
|-heal|p2a: Garchomp|94/100|[from] Grassy Terrain
|-damage|p2a: Garchomp|82/100|[from] Salt Cure
|upkeep
|turn|4
|
|t:|1776079784
|move|p2a: Garchomp|Spikes|p1a: Garganacl
|-sidestart|p1: Thederpa1|Spikes
|move|p1a: Garganacl|Salt Cure|p2a: Garchomp
|-resisted|p2a: Garchomp
|-damage|p2a: Garchomp|78/100
|
|-heal|p2a: Garchomp|84/100|[from] Grassy Terrain
|-damage|p2a: Garchomp|72/100|[from] Salt Cure
|upkeep
|turn|5
|
|t:|1776079797
|switch|p1a: Zapdos|Zapdos|100/100
|move|p2a: Garchomp|Dragon Tail|p1a: Zapdos
|-damage|p1a: Zapdos|81/100
|-status|p2a: Garchomp|par|[from] ability: Static|[of] p1a: Zapdos
|drag|p1a: Garchomp|Garchomp, F|100/100
|-damage|p1a: Garchomp|94/100|[from] Stealth Rock
|-damage|p1a: Garchomp|82/100|[from] Spikes
|
|-heal|p1a: Garchomp|88/100|[from] Grassy Terrain
|-heal|p2a: Garchomp|78/100 par|[from] Grassy Terrain
|-damage|p2a: Garchomp|66/100 par|[from] Salt Cure
|-fieldend|move: Grassy Terrain
|upkeep
|turn|6
|
|t:|1776079810
|move|p1a: Garchomp|Spikes|p2a: Garchomp
|-sidestart|p2: medtyr|Spikes
|cant|p2a: Garchomp|par
|
|-damage|p2a: Garchomp|53/100 par|[from] Salt Cure
|upkeep
|turn|7
|
|t:|1776079814
|move|p1a: Garchomp|Earthquake|p2a: Garchomp
|-damage|p2a: Garchomp|27/100 par
|cant|p2a: Garchomp|par
|
|-damage|p2a: Garchomp|15/100 par|[from] Salt Cure
|upkeep
|turn|8
|
|t:|1776079819
|switch|p2a: Zapdos|Zapdos|100/100
|move|p1a: Garchomp|Earthquake|p2a: Zapdos
|-immune|p2a: Zapdos
|
|upkeep
|turn|9
|
|t:|1776079849
|switch|p1a: Hoopa|Hoopa-Unbound|100/100
|-damage|p1a: Hoopa|88/100|[from] Stealth Rock
|-damage|p1a: Hoopa|76/100|[from] Spikes
|move|p2a: Zapdos|Hurricane|p1a: Hoopa
|-damage|p1a: Hoopa|37/100
|
|upkeep
|turn|10
|
|t:|1776079862
|switch|p2a: Muk|Muk-Alola, M|100/100
|-damage|p2a: Muk|88/100|[from] Stealth Rock
|-damage|p2a: Muk|76/100|[from] Spikes
|move|p1a: Hoopa|Trick|p2a: Muk
|-activate|p1a: Hoopa|move: Trick|[of] p2a: Muk
|-item|p2a: Muk|Choice Scarf|[from] move: Trick
|-item|p1a: Hoopa|Assault Vest|[from] move: Trick
|
|upkeep
|turn|11
|
|t:|1776079870
|switch|p1a: Tentacruel|Tentacruel, F|100/100
|move|p2a: Muk|Shadow Sneak|p1a: Tentacruel
|-crit|p1a: Tentacruel
|-damage|p1a: Tentacruel|67/100
|
|upkeep
|turn|12
|
|t:|1776079877
|switch|p2a: Garchomp|Garchomp, F|15/100 par
|-damage|p2a: Garchomp|9/100 par|[from] Stealth Rock
|-damage|p2a: Garchomp|0 fnt|[from] Spikes
|faint|p2a: Garchomp
|move|p1a: Tentacruel|Rapid Spin|p2: Garchomp|[notarget]
|-fail|p1a: Tentacruel
|
|upkeep
|
|t:|1776079885
|switch|p2a: Rillaboom|Rillaboom, M|100/100
|-damage|p2a: Rillaboom|88/100|[from] Stealth Rock
|-damage|p2a: Rillaboom|76/100|[from] Spikes
|-fieldstart|move: Grassy Terrain|[from] ability: Grassy Surge|[of] p2a: Rillaboom
|turn|13
|
|t:|1776079891
|switch|p1a: Zapdos|Zapdos|81/100
|move|p2a: Rillaboom|Knock Off|p1a: Zapdos
|-damage|p1a: Zapdos|43/100
|-status|p2a: Rillaboom|par|[from] ability: Static|[of] p1a: Zapdos
|-enditem|p1a: Zapdos|Heavy-Duty Boots|[from] move: Knock Off|[of] p2a: Rillaboom
|
|-heal|p2a: Rillaboom|82/100 par|[from] Grassy Terrain
|upkeep
|turn|14
|
|t:|1776079899
|switch|p2a: Zapdos|Zapdos|100/100
|move|p1a: Zapdos|Roost|p1a: Zapdos
|-heal|p1a: Zapdos|93/100
|-singleturn|p1a: Zapdos|move: Roost
|
|-heal|p1a: Zapdos|99/100|[from] Grassy Terrain
|upkeep
|turn|15
|
|t:|1776079903
|move|p2a: Zapdos|Hurricane|p1a: Zapdos
|-resisted|p1a: Zapdos
|-damage|p1a: Zapdos|78/100
|move|p1a: Zapdos|Volt Switch|p2a: Zapdos
|-damage|p2a: Zapdos|72/100
|
|t:|1776079915
|switch|p1a: Tentacruel|Tentacruel, F|67/100|[from] Volt Switch
|
|-heal|p1a: Tentacruel|73/100|[from] Grassy Terrain
|upkeep
|turn|16
|
|t:|1776079923
|move|p1a: Tentacruel|Rapid Spin|p2a: Zapdos
|-damage|p2a: Zapdos|65/100
|-boost|p1a: Tentacruel|spe|1
|-status|p1a: Tentacruel|par|[from] ability: Static|[of] p2a: Zapdos
|-sideend|p1: Thederpa1|Spikes|[from] move: Rapid Spin|[of] p1a: Tentacruel
|-sideend|p1: Thederpa1|Stealth Rock|[from] move: Rapid Spin|[of] p1a: Tentacruel
|move|p2a: Zapdos|Volt Switch|p1a: Tentacruel
|-supereffective|p1a: Tentacruel
|-damage|p1a: Tentacruel|12/100 par
|j| Sprakenheit
|
|t:|1776079929
|switch|p2a: Excadrill|Excadrill, F|100/100|[from] Volt Switch
|-damage|p2a: Excadrill|97/100|[from] Stealth Rock
|-ability|p2a: Excadrill|Mold Breaker
|-item|p2a: Excadrill|Air Balloon
|
|-heal|p1a: Tentacruel|18/100 par|[from] Grassy Terrain
|upkeep
|turn|17
|
|t:|1776079934
|switch|p1a: Garganacl|Garganacl, F, tera:Ghost|100/100
|move|p2a: Excadrill|Iron Head|p1a: Garganacl
|-damage|p1a: Garganacl|74/100
|
|-heal|p1a: Garganacl|80/100|[from] Grassy Terrain
|-heal|p1a: Garganacl|86/100|[from] item: Leftovers
|-fieldend|move: Grassy Terrain
|upkeep
|turn|18
|
|t:|1776079942
|switch|p2a: Zapdos|Zapdos|65/100
|move|p1a: Garganacl|Salt Cure|p2a: Zapdos
|-supereffective|p2a: Zapdos
|-damage|p2a: Zapdos|48/100
|-start|p2a: Zapdos|Salt Cure
|
|-heal|p1a: Garganacl|92/100|[from] item: Leftovers
|-damage|p2a: Zapdos|36/100|[from] Salt Cure
|upkeep
|turn|19
|
|t:|1776079949
|switch|p2a: Muk|Muk-Alola, M|76/100
|-damage|p2a: Muk|64/100|[from] Stealth Rock
|-damage|p2a: Muk|51/100|[from] Spikes
|switch|p1a: Hoopa|Hoopa-Unbound|37/100
|
|upkeep
|turn|20
|
|t:|1776079958
|switch|p1a: Garchomp|Garchomp, F|88/100
|move|p2a: Muk|Knock Off|p1a: Garchomp
|-damage|p1a: Garchomp|60/100
|-damage|p2a: Muk|39/100|[from] ability: Rough Skin|[of] p1a: Garchomp
|-damage|p2a: Muk|22/100|[from] item: Rocky Helmet|[of] p1a: Garchomp
|-enditem|p1a: Garchomp|Rocky Helmet|[from] move: Knock Off|[of] p2a: Muk
|
|upkeep
|turn|21
|
|t:|1776079967
|switch|p2a: Zapdos|Zapdos|36/100
|move|p1a: Garchomp|Spikes|p2a: Zapdos
|-sidestart|p2: medtyr|Spikes
|
|upkeep
|turn|22
|
|t:|1776079971
|switch|p1a: Tentacruel|Tentacruel, F|18/100 par
|move|p2a: Zapdos|Roost|p2a: Zapdos
|-heal|p2a: Zapdos|86/100
|-singleturn|p2a: Zapdos|move: Roost
|
|upkeep
|turn|23
|
|t:|1776079977
|move|p2a: Zapdos|Discharge|p1a: Tentacruel
|-supereffective|p1a: Tentacruel
|-damage|p1a: Tentacruel|0 fnt
|faint|p1a: Tentacruel
|
|upkeep
|
|t:|1776079989
|switch|p1a: Gholdengo|Gholdengo|100/100
|-item|p1a: Gholdengo|Air Balloon
|turn|24
|
|t:|1776079993
|move|p1a: Gholdengo|Nasty Plot|p1a: Gholdengo
|-boost|p1a: Gholdengo|spa|2
|move|p2a: Zapdos|Volt Switch|p1a: Gholdengo
|-damage|p1a: Gholdengo|64/100
|-enditem|p1a: Gholdengo|Air Balloon
|
|t:|1776079998
|switch|p2a: Excadrill|Excadrill, F|97/100|[from] Volt Switch
|-damage|p2a: Excadrill|94/100|[from] Stealth Rock
|-ability|p2a: Excadrill|Mold Breaker
|-item|p2a: Excadrill|Air Balloon
|
|upkeep
|turn|25
|
|t:|1776080001
|switch|p1a: Garganacl|Garganacl, F, tera:Ghost|92/100
|move|p2a: Excadrill|Earthquake|p1a: Garganacl
|-damage|p1a: Garganacl|54/100
|
|-heal|p1a: Garganacl|60/100|[from] item: Leftovers
|upkeep
|turn|26
|
|t:|1776080009
|switch|p2a: Rillaboom|Rillaboom, M|82/100 par
|-damage|p2a: Rillaboom|70/100 par|[from] Stealth Rock
|-damage|p2a: Rillaboom|53/100 par|[from] Spikes
|-fieldstart|move: Grassy Terrain|[from] ability: Grassy Surge|[of] p2a: Rillaboom
|move|p1a: Garganacl|Salt Cure|p2a: Rillaboom
|-damage|p2a: Rillaboom|41/100 par
|-start|p2a: Rillaboom|Salt Cure
|
|-heal|p2a: Rillaboom|47/100 par|[from] Grassy Terrain
|-heal|p1a: Garganacl|67/100|[from] Grassy Terrain
|-heal|p1a: Garganacl|73/100|[from] item: Leftovers
|-damage|p2a: Rillaboom|35/100 par|[from] Salt Cure
|upkeep
|turn|27
|
|t:|1776080017
|switch|p2a: Zapdos|Zapdos|86/100
|move|p1a: Garganacl|Protect||[still]
|-fail|p1a: Garganacl
|
|-heal|p1a: Garganacl|79/100|[from] Grassy Terrain
|-heal|p1a: Garganacl|85/100|[from] item: Leftovers
|upkeep
|turn|28
|
|t:|1776080024
|move|p1a: Garganacl|Protect|p1a: Garganacl
|-singleturn|p1a: Garganacl|Protect
|move|p2a: Zapdos|Volt Switch|p1a: Garganacl
|-activate|p1a: Garganacl|move: Protect
|
|-heal|p1a: Garganacl|91/100|[from] Grassy Terrain
|-heal|p1a: Garganacl|98/100|[from] item: Leftovers
|upkeep
|turn|29
|
|t:|1776080029
|move|p2a: Zapdos|Volt Switch|p1a: Garganacl
|-damage|p1a: Garganacl|77/100
|
|t:|1776080037
|switch|p2a: Muk|Muk-Alola, M|22/100|[from] Volt Switch
|-damage|p2a: Muk|10/100|[from] Stealth Rock
|-damage|p2a: Muk|0 fnt|[from] Spikes
|faint|p2a: Muk
|move|p1a: Garganacl|Salt Cure|p2: Muk|[notarget]
|-fail|p1a: Garganacl
|
|-heal|p1a: Garganacl|84/100|[from] Grassy Terrain
|-heal|p1a: Garganacl|90/100|[from] item: Leftovers
|upkeep
|
|t:|1776080041
|switch|p2a: Iron Valiant|Iron Valiant|100/100
|-damage|p2a: Iron Valiant|94/100|[from] Stealth Rock
|-damage|p2a: Iron Valiant|78/100|[from] Spikes
|-enditem|p2a: Iron Valiant|Booster Energy
|-activate|p2a: Iron Valiant|ability: Quark Drive|[fromitem]
|-start|p2a: Iron Valiant|quarkdrivespe
|turn|30
|
|t:|1776080044
|move|p2a: Iron Valiant|Moonblast|p1a: Garganacl
|-damage|p1a: Garganacl|57/100
|move|p1a: Garganacl|Salt Cure|p2a: Iron Valiant
|-resisted|p2a: Iron Valiant
|-damage|p2a: Iron Valiant|69/100
|-start|p2a: Iron Valiant|Salt Cure
|
|-heal|p2a: Iron Valiant|75/100|[from] Grassy Terrain
|-heal|p1a: Garganacl|63/100|[from] Grassy Terrain
|-heal|p1a: Garganacl|70/100|[from] item: Leftovers
|-damage|p2a: Iron Valiant|62/100|[from] Salt Cure
|-fieldend|move: Grassy Terrain
|upkeep
|turn|31
|
|t:|1776080050
|move|p1a: Garganacl|Protect|p1a: Garganacl
|-singleturn|p1a: Garganacl|Protect
|move|p2a: Iron Valiant|Moonblast|p1a: Garganacl
|-activate|p1a: Garganacl|move: Protect
|
|-heal|p1a: Garganacl|76/100|[from] item: Leftovers
|-damage|p2a: Iron Valiant|50/100|[from] Salt Cure
|upkeep
|turn|32
|
|t:|1776080058
|switch|p1a: Hoopa|Hoopa-Unbound|37/100
|move|p2a: Iron Valiant|Moonblast|p1a: Hoopa
|-supereffective|p1a: Hoopa
|-damage|p1a: Hoopa|0 fnt
|faint|p1a: Hoopa
|
|-damage|p2a: Iron Valiant|38/100|[from] Salt Cure
|upkeep
|
|t:|1776080066
|switch|p1a: Zapdos|Zapdos|78/100
|turn|33
|
|t:|1776080081
|move|p2a: Iron Valiant|Destiny Bond|p2a: Iron Valiant
|-singlemove|p2a: Iron Valiant|Destiny Bond
|move|p1a: Zapdos|Volt Switch|p2a: Iron Valiant
|-damage|p2a: Iron Valiant|0 fnt
|faint|p2a: Iron Valiant
|-activate|p2a: Iron Valiant|move: Destiny Bond
|-end|p2a: Iron Valiant|Quark Drive|[silent]
|faint|p1a: Zapdos
|
|upkeep
|
|t:|1776080094
|switch|p2a: Excadrill|Excadrill, F|94/100
|switch|p1a: Garganacl|Garganacl, F, tera:Ghost|76/100
|-damage|p2a: Excadrill|91/100|[from] Stealth Rock
|-ability|p2a: Excadrill|Mold Breaker
|-item|p2a: Excadrill|Air Balloon
|turn|34
|
|t:|1776080101
|move|p2a: Excadrill|Swords Dance|p2a: Excadrill
|-boost|p2a: Excadrill|atk|2
|move|p1a: Garganacl|Salt Cure|p2a: Excadrill
|-resisted|p2a: Excadrill
|-damage|p2a: Excadrill|87/100
|-start|p2a: Excadrill|Salt Cure
|-enditem|p2a: Excadrill|Air Balloon
|
|-heal|p1a: Garganacl|82/100|[from] item: Leftovers
|-damage|p2a: Excadrill|62/100|[from] Salt Cure
|upkeep
|turn|35
|
|t:|1776080107
|move|p1a: Garganacl|Protect|p1a: Garganacl
|-singleturn|p1a: Garganacl|Protect
|move|p2a: Excadrill|Swords Dance|p2a: Excadrill
|-boost|p2a: Excadrill|atk|2
|
|-heal|p1a: Garganacl|88/100|[from] item: Leftovers
|-damage|p2a: Excadrill|37/100|[from] Salt Cure
|upkeep
|turn|36
|
|t:|1776080113
|switch|p1a: Garchomp|Garchomp, F|60/100
|move|p2a: Excadrill|Earthquake|p1a: Garchomp
|-damage|p1a: Garchomp|0 fnt
|faint|p1a: Garchomp
|
|-damage|p2a: Excadrill|12/100|[from] Salt Cure
|upkeep
|
|t:|1776080118
|switch|p1a: Garganacl|Garganacl, F, tera:Ghost|88/100
|turn|37
|
|t:|1776080124
|move|p1a: Garganacl|Protect|p1a: Garganacl
|-singleturn|p1a: Garganacl|Protect
|move|p2a: Excadrill|Earthquake|p1a: Garganacl
|-activate|p1a: Garganacl|move: Protect
|
|-heal|p1a: Garganacl|94/100|[from] item: Leftovers
|-damage|p2a: Excadrill|0 fnt|[from] Salt Cure
|faint|p2a: Excadrill
|upkeep
|
|t:|1776080127
|switch|p2a: Zapdos|Zapdos|86/100
|turn|38
|
|t:|1776080135
|move|p1a: Garganacl|Protect||[still]
|-fail|p1a: Garganacl
|move|p2a: Zapdos|Hurricane|p1a: Garganacl
|-damage|p1a: Garganacl|65/100
|
|-heal|p1a: Garganacl|72/100|[from] item: Leftovers
|upkeep
|turn|39
|
|t:|1776080141
|move|p1a: Garganacl|Protect|p1a: Garganacl
|-singleturn|p1a: Garganacl|Protect
|move|p2a: Zapdos|Hurricane|p1a: Garganacl
|-activate|p1a: Garganacl|move: Protect
|
|-heal|p1a: Garganacl|78/100|[from] item: Leftovers
|upkeep
|turn|40
|
|t:|1776080144
|move|p2a: Zapdos|Hurricane|p1a: Garganacl|[miss]
|-miss|p2a: Zapdos|p1a: Garganacl
|move|p1a: Garganacl|Salt Cure|p2a: Zapdos
|-supereffective|p2a: Zapdos
|-damage|p2a: Zapdos|69/100
|-start|p2a: Zapdos|Salt Cure
|
|-heal|p1a: Garganacl|84/100|[from] item: Leftovers
|-damage|p2a: Zapdos|56/100|[from] Salt Cure
|upkeep
|turn|41
|
|t:|1776080150
|move|p2a: Zapdos|Roost|p2a: Zapdos
|-heal|p2a: Zapdos|100/100
|-singleturn|p2a: Zapdos|move: Roost
|move|p1a: Garganacl|Recover|p1a: Garganacl
|-heal|p1a: Garganacl|100/100
|
|-damage|p2a: Zapdos|88/100|[from] Salt Cure
|upkeep
|turn|42
|
|t:|1776080154
|move|p1a: Garganacl|Protect|p1a: Garganacl
|-singleturn|p1a: Garganacl|Protect
|move|p2a: Zapdos|Hurricane|p1a: Garganacl
|-activate|p1a: Garganacl|move: Protect
|
|-damage|p2a: Zapdos|76/100|[from] Salt Cure
|upkeep
|turn|43
|
|t:|1776080165
|move|p2a: Zapdos|Discharge|p1a: Garganacl
|-crit|p1a: Garganacl
|-damage|p1a: Garganacl|66/100
|move|p1a: Garganacl|Salt Cure|p2a: Zapdos
|-supereffective|p2a: Zapdos
|-damage|p2a: Zapdos|57/100
|
|-heal|p1a: Garganacl|72/100|[from] item: Leftovers
|-damage|p2a: Zapdos|44/100|[from] Salt Cure
|upkeep
|turn|44
|-message|medtyr forfeited.
|
|win|Thederpa1
|raw|Thederpa1's rating: 1451 &rarr; <strong>1471</strong><br />(+20 for winning)
|raw|medtyr's rating: 1457 &rarr; <strong>1437</strong><br />(-20 for losing)
|l|☆medtyr
|player|p2|
|l| ohko_smeargle
|l|☆Thederpa1
|player|p1|
