|html|<div class="broadcast-blue"><strong>[Gen 9] OU is currently suspecting Tera Blast! For information on how to participate check out the <a href="https://www.smogon.com/tools/suspects/view/200">suspect thread</a>.</strong></div>
|j|☆digiwayne003
|j|☆fddfdf
|t:|1776236591
|gametype|singles
|player|p1|digiwayne003|beauty|1406
|player|p2|fddfdf|cynthia|1436
|gen|9
|tier|[Gen 9] OU
|rated|
|rule|HP Percentage Mod: HP is shown in percentages
|rule|Endless Battle Clause: Forcing endless battles is banned
|rule|Species Clause: Limit one of each Pokémon
|rule|OHKO Clause: OHKO moves are banned
|rule|Evasion Items Clause: Evasion items are banned
|rule|Evasion Moves Clause: Evasion moves are banned
|rule|Evasion Abilities Clause: Evasion abilities are banned
|rule|Sleep Moves Clause: Sleep-inducing moves are banned
|clearpoke
|poke|p1|Scovillain, M|
|poke|p1|Ninetales, M|
|poke|p1|Raging Bolt|
|poke|p1|Walking Wake|
|poke|p1|Hatterene, F|
|poke|p1|Great Tusk|
|poke|p2|Lycanroc-Dusk, F|
|poke|p2|Gholdengo|
|poke|p2|Ribombee, M|
|poke|p2|Alomomola, F|
|poke|p2|Glimmora, M|
|poke|p2|Zamazenta-*|
|teampreview
|inactive|Battle timer is ON: inactive players will automatically lose when time's up. (requested by fddfdf)
|
|t:|1776236602
|teamsize|p1|6
|teamsize|p2|6
|start
|switch|p1a: Ninetales|Ninetales, M|100/100
|switch|p2a: Lycanroc|Lycanroc-Dusk, F|100/100
|-weather|SunnyDay|[from] ability: Drought|[of] p1a: Ninetales
|turn|1
|
|t:|1776236612
|switch|p1a: Great Tusk|Great Tusk|100/100
|-activate|p1a: Great Tusk|ability: Protosynthesis
|-start|p1a: Great Tusk|protosynthesisatk
|-terastallize|p2a: Lycanroc|Rock
|move|p2a: Lycanroc|Accelerock|p1a: Great Tusk
|-resisted|p1a: Great Tusk
|-damage|p1a: Great Tusk|91/100
|-damage|p2a: Lycanroc|91/100|[from] item: Life Orb
|
|-weather|SunnyDay|[upkeep]
|upkeep
|turn|2
|
|t:|1776236627
|switch|p2a: Alomomola|Alomomola, F|100/100
|move|p1a: Great Tusk|Rapid Spin|p2a: Alomomola
|-damage|p2a: Alomomola|85/100
|-boost|p1a: Great Tusk|spe|1
|
|-weather|SunnyDay|[upkeep]
|upkeep
|turn|3
|
|t:|1776236635
|-end|p1a: Great Tusk|Protosynthesis|[silent]
|switch|p1a: Walking Wake|Walking Wake|100/100
|-activate|p1a: Walking Wake|ability: Protosynthesis
|-start|p1a: Walking Wake|protosynthesisspe
|move|p2a: Alomomola|Flip Turn|p1a: Walking Wake
|-resisted|p1a: Walking Wake
|-damage|p1a: Walking Wake|98/100
|
|t:|1776236644
|switch|p2a: Ribombee|Ribombee, M|100/100|[from] Flip Turn
|
|-weather|SunnyDay|[upkeep]
|upkeep
|turn|4
|
|t:|1776236650
|move|p1a: Walking Wake|Flip Turn|p2a: Ribombee
|-damage|p2a: Ribombee|81/100
|-damage|p1a: Walking Wake|89/100|[from] item: Life Orb
|
|t:|1776236653
|-end|p1a: Walking Wake|Protosynthesis|[silent]
|switch|p1a: Hatterene|Hatterene, F|100/100|[from] Flip Turn
|move|p2a: Ribombee|Moonblast|p1a: Hatterene
|-damage|p1a: Hatterene|57/100
|-unboost|p1a: Hatterene|spa|1
|-enditem|p1a: Hatterene|Eject Button
|
|t:|1776236659
|switch|p1a: Walking Wake|Walking Wake|89/100
|-activate|p1a: Walking Wake|ability: Protosynthesis
|-start|p1a: Walking Wake|protosynthesisspe
|
|-weather|SunnyDay|[upkeep]
|upkeep
|turn|5
|
|t:|1776236669
|switch|p2a: Alomomola|Alomomola, F|100/100
|move|p1a: Walking Wake|Hydro Steam|p2a: Alomomola
|-resisted|p2a: Alomomola
|-damage|p2a: Alomomola|80/100
|-damage|p1a: Walking Wake|79/100|[from] item: Life Orb
|
|-weather|SunnyDay|[upkeep]
|upkeep
|turn|6
|
|t:|1776236679
|move|p1a: Walking Wake|Flip Turn|p2a: Alomomola
|-resisted|p2a: Alomomola
|-damage|p2a: Alomomola|77/100
|-damage|p1a: Walking Wake|69/100|[from] item: Life Orb
|
|t:|1776236689
|-end|p1a: Walking Wake|Protosynthesis|[silent]
|switch|p1a: Raging Bolt|Raging Bolt|100/100|[from] Flip Turn
|-activate|p1a: Raging Bolt|ability: Protosynthesis
|-start|p1a: Raging Bolt|protosynthesisspa
|move|p2a: Alomomola|Flip Turn|p1a: Raging Bolt
|-resisted|p1a: Raging Bolt
|-damage|p1a: Raging Bolt|97/100
|
|t:|1776236712
|switch|p2a: Glimmora|Glimmora, M|100/100|[from] Flip Turn
|-item|p2a: Glimmora|Air Balloon
|
|-weather|SunnyDay|[upkeep]
|upkeep
|turn|7
|
|t:|1776236720
|move|p2a: Glimmora|Stealth Rock|p1a: Raging Bolt
|-sidestart|p1: digiwayne003|move: Stealth Rock
|move|p1a: Raging Bolt|Thunderbolt|p2a: Glimmora
|-damage|p2a: Glimmora|0 fnt
|-enditem|p2a: Glimmora|Air Balloon
|faint|p2a: Glimmora
|
|-weather|SunnyDay|[upkeep]
|upkeep
|inactive|fddfdf has 120 seconds left.
|
|t:|1776236749
|switch|p2a: Ribombee|Ribombee, M|81/100
|turn|8
|
|t:|1776236755
|-end|p1a: Raging Bolt|Protosynthesis|[silent]
|switch|p1a: Scovillain|Scovillain, M|100/100
|-damage|p1a: Scovillain|76/100|[from] Stealth Rock
|move|p2a: Ribombee|Sticky Web|p1a: Scovillain
|-sidestart|p1: digiwayne003|move: Sticky Web
|
|-weather|none
|upkeep
|turn|9
|inactive|digiwayne003 has 120 seconds left.
|
|t:|1776236805
|move|p2a: Ribombee|U-turn|p1a: Scovillain
|-damage|p1a: Scovillain|53/100
|
|t:|1776236808
|switch|p2a: Alomomola|Alomomola, F|100/100|[from] U-turn
|move|p1a: Scovillain|Flamethrower|p2a: Alomomola
|-resisted|p2a: Alomomola
|-damage|p2a: Alomomola|90/100
|
|upkeep
|turn|10
|
|t:|1776236816
|switch|p1a: Great Tusk|Great Tusk|91/100
|move|p2a: Alomomola|Flip Turn|p1a: Great Tusk
|-supereffective|p1a: Great Tusk
|-damage|p1a: Great Tusk|66/100
|
|t:|1776236826
|switch|p2a: Ribombee|Ribombee, M|81/100|[from] Flip Turn
|
|upkeep
|turn|11
|
|t:|1776236830
|-terastallize|p1a: Great Tusk|Steel
|move|p2a: Ribombee|Moonblast|p1a: Great Tusk
|-resisted|p1a: Great Tusk
|-damage|p1a: Great Tusk|35/100
|-unboost|p1a: Great Tusk|spa|1
|move|p1a: Great Tusk|Rapid Spin|p2a: Ribombee
|-damage|p2a: Ribombee|47/100
|-boost|p1a: Great Tusk|spe|1
|-sideend|p1: digiwayne003|Stealth Rock|[from] move: Rapid Spin|[of] p1a: Great Tusk
|-sideend|p1: digiwayne003|Sticky Web|[from] move: Rapid Spin|[of] p1a: Great Tusk
|
|upkeep
|turn|12
|
|t:|1776236850
|switch|p2a: Alomomola|Alomomola, F|100/100
|move|p1a: Great Tusk|Ice Spinner|p2a: Alomomola
|-resisted|p2a: Alomomola
|-crit|p2a: Alomomola
|-damage|p2a: Alomomola|86/100
|
|upkeep
|turn|13
|
|t:|1776236861
|move|p1a: Great Tusk|Headlong Rush|p2a: Alomomola
|-damage|p2a: Alomomola|43/100
|-unboost|p1a: Great Tusk|def|1
|-unboost|p1a: Great Tusk|spd|1
|move|p2a: Alomomola|Flip Turn|p1a: Great Tusk
|-damage|p1a: Great Tusk|17/100
|
|t:|1776236869
|switch|p2a: Lycanroc|Lycanroc-Dusk, F, tera:Rock|91/100|[from] Flip Turn
|
|upkeep
|turn|14
|
|t:|1776236880
|-end|p1a: Great Tusk|Protosynthesis|[silent]
|switch|p1a: Ninetales|Ninetales, M|100/100
|-weather|SunnyDay|[from] ability: Drought|[of] p1a: Ninetales
|move|p2a: Lycanroc|Accelerock|p1a: Ninetales
|-supereffective|p1a: Ninetales
|-damage|p1a: Ninetales|0 fnt
|faint|p1a: Ninetales
|-damage|p2a: Lycanroc|81/100|[from] item: Life Orb
|
|-weather|SunnyDay|[upkeep]
|upkeep
|
|t:|1776236891
|switch|p1a: Walking Wake|Walking Wake|69/100
|-activate|p1a: Walking Wake|ability: Protosynthesis
|-start|p1a: Walking Wake|protosynthesisspe
|turn|15
|
|t:|1776236897
|switch|p2a: Alomomola|Alomomola, F|76/100
|move|p1a: Walking Wake|Draco Meteor|p2a: Alomomola
|-damage|p2a: Alomomola|30/100
|-unboost|p1a: Walking Wake|spa|2
|-damage|p1a: Walking Wake|59/100|[from] item: Life Orb
|
|-weather|SunnyDay|[upkeep]
|upkeep
|turn|16
|
|t:|1776236915
|-end|p1a: Walking Wake|Protosynthesis|[silent]
|switch|p1a: Hatterene|Hatterene, F|57/100
|move|p2a: Alomomola|Flip Turn|p1a: Hatterene
|-damage|p1a: Hatterene|50/100
|
|t:|1776236923
|switch|p2a: Gholdengo|Gholdengo|100/100|[from] Flip Turn
|
|-weather|SunnyDay|[upkeep]
|upkeep
|turn|17
|
|t:|1776236929
|switch|p1a: Raging Bolt|Raging Bolt|97/100
|-activate|p1a: Raging Bolt|ability: Protosynthesis
|-start|p1a: Raging Bolt|protosynthesisspa
|move|p2a: Gholdengo|Shadow Ball|p1a: Raging Bolt
|-damage|p1a: Raging Bolt|55/100
|
|-weather|SunnyDay|[upkeep]
|upkeep
|turn|18
|
|t:|1776236943
|switch|p2a: Ribombee|Ribombee, M|47/100
|move|p1a: Raging Bolt|Thunderbolt|p2a: Ribombee
|-damage|p2a: Ribombee|0 fnt
|faint|p2a: Ribombee
|
|-weather|SunnyDay|[upkeep]
|upkeep
|
|t:|1776236953
|switch|p2a: Zamazenta|Zamazenta|100/100
|-ability|p2a: Zamazenta|Dauntless Shield|boost
|-boost|p2a: Zamazenta|def|1
|turn|19
|
|t:|1776236957
|move|p2a: Zamazenta|Body Press|p1a: Raging Bolt
|-damage|p1a: Raging Bolt|0 fnt
|faint|p1a: Raging Bolt
|-end|p1a: Raging Bolt|Protosynthesis|[silent]
|
|-weather|SunnyDay|[upkeep]
|upkeep
|
|t:|1776236961
|switch|p1a: Walking Wake|Walking Wake|59/100
|-activate|p1a: Walking Wake|ability: Protosynthesis
|-start|p1a: Walking Wake|protosynthesisspe
|turn|20
|
|t:|1776236970
|move|p1a: Walking Wake|Draco Meteor|p2a: Zamazenta
|-damage|p2a: Zamazenta|21/100
|-unboost|p1a: Walking Wake|spa|2
|-damage|p1a: Walking Wake|49/100|[from] item: Life Orb
|move|p2a: Zamazenta|Body Press|p1a: Walking Wake
|-damage|p1a: Walking Wake|0 fnt
|faint|p1a: Walking Wake
|-end|p1a: Walking Wake|Protosynthesis|[silent]
|
|-weather|SunnyDay|[upkeep]
|-heal|p2a: Zamazenta|28/100|[from] item: Leftovers
|upkeep
|
|t:|1776236979
|switch|p1a: Scovillain|Scovillain, M|53/100
|turn|21
|
|t:|1776236988
|move|p1a: Scovillain|Seed Bomb|p2a: Zamazenta
|-crit|p2a: Zamazenta
|-damage|p2a: Zamazenta|0 fnt
|faint|p2a: Zamazenta
|
|-weather|none
|upkeep
|
|t:|1776236995
|switch|p2a: Lycanroc|Lycanroc-Dusk, F, tera:Rock|81/100
|turn|22
|
|t:|1776237000
|move|p2a: Lycanroc|Accelerock|p1a: Scovillain
|-supereffective|p1a: Scovillain
|-damage|p1a: Scovillain|0 fnt
|faint|p1a: Scovillain
|-damage|p2a: Lycanroc|71/100|[from] item: Life Orb
|
|upkeep
|
|t:|1776237002
|switch|p1a: Hatterene|Hatterene, F|50/100
|turn|23
|
|t:|1776237010
|move|p2a: Lycanroc|Accelerock|p1a: Hatterene
|-damage|p1a: Hatterene|8/100
|-damage|p2a: Lycanroc|61/100|[from] item: Life Orb
|move|p1a: Hatterene|Healing Wish|p1a: Hatterene
|faint|p1a: Hatterene
|
|upkeep
|
|t:|1776237015
|switch|p1a: Great Tusk|Great Tusk, tera:Steel|17/100
|-heal|p1a: Great Tusk|100/100|[from] move: Healing Wish
|turn|24
|
|t:|1776237021
|move|p2a: Lycanroc|Close Combat|p1a: Great Tusk
|-supereffective|p1a: Great Tusk
|-damage|p1a: Great Tusk|0 fnt
|-unboost|p2a: Lycanroc|def|1
|-unboost|p2a: Lycanroc|spd|1
|faint|p1a: Great Tusk
|-end|p1a: Great Tusk|Protosynthesis|[silent]
|-damage|p2a: Lycanroc|51/100|[from] item: Life Orb
|
|win|fddfdf
|raw|digiwayne003's rating: 1406 &rarr; <strong>1388</strong><br />(-18 for losing)
|raw|fddfdf's rating: 1436 &rarr; <strong>1454</strong><br />(+18 for winning)
|l|☆digiwayne003
|player|p1|
