|html|<div class="broadcast-blue"><strong>[Gen 9] OU is currently suspecting Tera Blast! For information on how to participate check out the <a href="https://www.smogon.com/tools/suspects/view/200">suspect thread</a>.</strong></div>
|j|☆Fitis3
|j|☆CilenTreeco
|t:|1776065170
|gametype|singles
|player|p1|Fitis3|170|1193
|player|p2|CilenTreeco|2|1220
|gen|9
|tier|[Gen 9] OU
|rated|
|rule|HP Percentage Mod: HP is shown in percentages
|rule|Endless Battle Clause: Forcing endless battles is banned
|rule|Species Clause: Limit one of each Pokémon
|rule|OHKO Clause: OHKO moves are banned
|rule|Evasion Items Clause: Evasion items are banned
|rule|Evasion Moves Clause: Evasion moves are banned
|rule|Evasion Abilities Clause: Evasion abilities are banned
|rule|Sleep Moves Clause: Sleep-inducing moves are banned
|clearpoke
|poke|p1|Gliscor, M|
|poke|p1|Gholdengo|
|poke|p1|Great Tusk|
|poke|p1|Dragonite, M|
|poke|p1|Tyranitar, M|
|poke|p1|Iron Valiant|
|poke|p2|Quaquaval, F|
|poke|p2|Sinistcha-Masterpiece|
|poke|p2|Armarouge, M|
|poke|p2|Goodra-Hisui, F|
|poke|p2|Enamorus, F|
|poke|p2|Klefki, M|
|teampreview
|
|t:|1776065182
|teamsize|p1|6
|teamsize|p2|6
|start
|switch|p1a: Gholdengo|Gholdengo|100/100
|switch|p2a: Klefki|Klefki, M|100/100
|turn|1
|
|t:|1776065186
|move|p2a: Klefki|Spikes|p1a: Gholdengo
|-sidestart|p1: Fitis3|Spikes
|move|p1a: Gholdengo|Trick|p2a: Klefki
|-activate|p1a: Gholdengo|move: Trick|[of] p2a: Klefki
|-item|p2a: Klefki|Choice Scarf|[from] move: Trick
|-item|p1a: Gholdengo|Choice Scarf|[from] move: Trick
|
|upkeep
|turn|2
|
|t:|1776065205
|switch|p1a: Gliscor|Gliscor, M|100/100
|move|p2a: Klefki|Spikes|p1a: Gliscor
|-sidestart|p1: Fitis3|Spikes
|
|-status|p1a: Gliscor|tox|[from] item: Toxic Orb
|upkeep
|turn|3
|
|t:|1776065209
|move|p2a: Klefki|Spikes|p1a: Gliscor
|-sidestart|p1: Fitis3|Spikes
|move|p1a: Gliscor|Swords Dance|p1a: Gliscor
|-boost|p1a: Gliscor|atk|2
|
|upkeep
|turn|4
|inactive|Battle timer is ON: inactive players will automatically lose when time's up. (requested by Fitis3)
|
|t:|1776065227
|switch|p2a: Sinistcha|Sinistcha-Masterpiece, shiny|100/100
|move|p1a: Gliscor|Agility|p1a: Gliscor
|-boost|p1a: Gliscor|spe|2
|
|upkeep
|turn|5
|
|t:|1776065242
|switch|p2a: Goodra|Goodra-Hisui, F, shiny|100/100
|-terastallize|p1a: Gliscor|Normal
|move|p1a: Gliscor|Swords Dance|p1a: Gliscor
|-boost|p1a: Gliscor|atk|2
|
|upkeep
|turn|6
|
|t:|1776065258
|-terastallize|p2a: Goodra|Flying
|move|p1a: Gliscor|Earthquake|p2a: Goodra
|-immune|p2a: Goodra
|move|p2a: Goodra|Dragon Tail|p1a: Gliscor
|-damage|p1a: Gliscor|79/100 tox
|drag|p1a: Great Tusk|Great Tusk|100/100
|
|upkeep
|turn|7
|
|t:|1776065266
|switch|p2a: Sinistcha|Sinistcha-Masterpiece, shiny|100/100
|move|p1a: Great Tusk|Stealth Rock|p2a: Sinistcha
|-sidestart|p2: CilenTreeco|move: Stealth Rock
|
|upkeep
|turn|8
|
|t:|1776065270
|move|p1a: Great Tusk|Knock Off|p2a: Sinistcha
|-supereffective|p2a: Sinistcha
|-damage|p2a: Sinistcha|57/100
|-enditem|p2a: Sinistcha|Leftovers|[from] move: Knock Off|[of] p1a: Great Tusk
|move|p2a: Sinistcha|Matcha Gotcha|p1a: Great Tusk
|-supereffective|p1a: Great Tusk
|-damage|p1a: Great Tusk|10/100
|-heal|p2a: Sinistcha|100/100|[from] drain|[of] p1a: Great Tusk
|
|upkeep
|turn|9
|
|t:|1776065290
|-end|p1a: Great Tusk|Protosynthesis|[silent]
|switch|p1a: Tyranitar|Tyranitar, M|100/100
|-damage|p1a: Tyranitar|76/100|[from] Spikes
|-weather|Sandstorm|[from] ability: Sand Stream|[of] p1a: Tyranitar
|move|p2a: Sinistcha|Scald|p1a: Tyranitar
|-supereffective|p1a: Tyranitar
|-damage|p1a: Tyranitar|57/100
|
|-weather|Sandstorm|[upkeep]
|-damage|p2a: Sinistcha|94/100|[from] Sandstorm
|upkeep
|turn|10
|
|t:|1776065296
|move|p2a: Sinistcha|Strength Sap|p1a: Tyranitar
|-unboost|p1a: Tyranitar|atk|1
|-heal|p2a: Sinistcha|100/100
|move|p1a: Tyranitar|Ice Beam|p2a: Sinistcha
|-supereffective|p2a: Sinistcha
|-damage|p2a: Sinistcha|44/100
|
|-weather|Sandstorm|[upkeep]
|-damage|p2a: Sinistcha|38/100|[from] Sandstorm
|upkeep
|turn|11
|
|t:|1776065309
|switch|p2a: Quaquaval|Quaquaval, F, shiny|100/100
|-damage|p2a: Quaquaval|94/100|[from] Stealth Rock
|move|p1a: Tyranitar|Ice Beam|p2a: Quaquaval
|-resisted|p2a: Quaquaval
|-damage|p2a: Quaquaval|84/100
|
|-weather|Sandstorm|[upkeep]
|-damage|p2a: Quaquaval|78/100|[from] Sandstorm
|upkeep
|turn|12
|
|t:|1776065321
|switch|p1a: Iron Valiant|Iron Valiant|100/100
|-damage|p1a: Iron Valiant|76/100|[from] Spikes
|move|p2a: Quaquaval|Rapid Spin|p1a: Iron Valiant
|-crit|p1a: Iron Valiant
|-damage|p1a: Iron Valiant|42/100
|-boost|p2a: Quaquaval|spe|1
|-sideend|p2: CilenTreeco|Stealth Rock|[from] move: Rapid Spin|[of] p2a: Quaquaval
|
|-weather|Sandstorm|[upkeep]
|-damage|p2a: Quaquaval|72/100|[from] Sandstorm
|-damage|p1a: Iron Valiant|36/100|[from] Sandstorm
|upkeep
|turn|13
|
|t:|1776065329
|move|p2a: Quaquaval|Aqua Step|p1a: Iron Valiant
|-damage|p1a: Iron Valiant|0 fnt
|-boost|p2a: Quaquaval|spe|1
|faint|p1a: Iron Valiant
|-end|p1a: Iron Valiant|Quark Drive|[silent]
|-ability|p2a: Quaquaval|Moxie|boost
|-boost|p2a: Quaquaval|atk|1
|
|-weather|none
|upkeep
|l|☆Fitis3
|inactive|Fitis3 disconnected and has a minute to reconnect!
|player|p1|
|inactive|Fitis3 has 30 seconds to reconnect!
|inactive|Fitis3 has 20 seconds to reconnect!
|inactive|Fitis3 has 15 seconds to reconnect!
|inactive|Fitis3 has 10 seconds to reconnect!
|inactive|Fitis3 has 5 seconds to reconnect!
|-message|Fitis3 lost due to inactivity.
|
|win|CilenTreeco
|raw|Fitis3's rating: 1193 &rarr; <strong>1170</strong><br />(-23 for losing)
|raw|CilenTreeco's rating: 1220 &rarr; <strong>1243</strong><br />(+23 for winning)
|l|☆CilenTreeco
|player|p2|
