|html|<div class="broadcast-blue"><strong>[Gen 9] OU is currently suspecting Tera Blast! For information on how to participate check out the <a href="https://www.smogon.com/tools/suspects/view/200">suspect thread</a>.</strong></div>
|j|☆khkh jk kn
|j|☆Asterbilly
|t:|1776092116
|gametype|singles
|player|p1|khkh jk kn|steven|1313
|player|p2|Asterbilly|102|1269
|gen|9
|tier|[Gen 9] OU
|rated|
|rule|HP Percentage Mod: HP is shown in percentages
|rule|Endless Battle Clause: Forcing endless battles is banned
|rule|Species Clause: Limit one of each Pokémon
|rule|OHKO Clause: OHKO moves are banned
|rule|Evasion Items Clause: Evasion items are banned
|rule|Evasion Moves Clause: Evasion moves are banned
|rule|Evasion Abilities Clause: Evasion abilities are banned
|rule|Sleep Moves Clause: Sleep-inducing moves are banned
|clearpoke
|poke|p1|Grimmsnarl, M|
|poke|p1|Rotom-Wash|
|poke|p1|Corviknight, F|
|poke|p1|Landorus-Therian, M|
|poke|p1|Kommo-o, M|
|poke|p1|Iron Moth|
|poke|p2|Pecharunt|
|poke|p2|Sudowoodo, L1, F|
|poke|p2|Garganacl, M|
|poke|p2|Comfey, M|
|poke|p2|Tyranitar, M|
|poke|p2|Ditto|
|teampreview
|inactive|Battle timer is ON: inactive players will automatically lose when time's up. (requested by khkh jk kn)
|
|t:|1776092125
|teamsize|p1|6
|teamsize|p2|6
|start
|switch|p1a: Rotom|Rotom-Wash, shiny|100/100
|switch|p2a: Tyranitar|Tyranitar, M|100/100
|-weather|Sandstorm|[from] ability: Sand Stream|[of] p2a: Tyranitar
|turn|1
|
|t:|1776092136
|switch|p2a: Ditto|Ditto|100/100
|-transform|p2a: Ditto|p1a: Rotom|[from] ability: Imposter
|move|p1a: Rotom|Will-O-Wisp|p2a: Ditto
|-status|p2a: Ditto|brn
|
|-weather|Sandstorm|[upkeep]
|-damage|p2a: Ditto|94/100 brn|[from] Sandstorm
|-damage|p1a: Rotom|94/100|[from] Sandstorm
|-heal|p1a: Rotom|100/100|[from] item: Leftovers
|-damage|p2a: Ditto|88/100 brn|[from] brn
|upkeep
|turn|2
|
|t:|1776092150
|move|p2a: Ditto|Will-O-Wisp|p1a: Rotom|[miss]
|-miss|p2a: Ditto|p1a: Rotom
|move|p1a: Rotom|Pain Split|p2a: Ditto
|-sethp|p2a: Ditto|95/100 brn|[from] move: Pain Split|[silent]
|-sethp|p1a: Rotom|94/100|[from] move: Pain Split
|
|-weather|Sandstorm|[upkeep]
|-damage|p2a: Ditto|89/100 brn|[from] Sandstorm
|-damage|p1a: Rotom|87/100|[from] Sandstorm
|-heal|p1a: Rotom|94/100|[from] item: Leftovers
|-damage|p2a: Ditto|83/100 brn|[from] brn
|upkeep
|turn|3
|
|t:|1776092162
|move|p2a: Ditto|Will-O-Wisp|p1a: Rotom
|-status|p1a: Rotom|brn
|move|p1a: Rotom|Volt Switch|p2a: Ditto
|-damage|p2a: Ditto|46/100 brn
|
|t:|1776092164
|switch|p1a: Iron Moth|Iron Moth, shiny|100/100|[from] Volt Switch
|
|-weather|Sandstorm|[upkeep]
|-damage|p1a: Iron Moth|95/100|[from] Sandstorm
|-damage|p2a: Ditto|40/100 brn|[from] Sandstorm
|-damage|p2a: Ditto|34/100 brn|[from] brn
|upkeep
|turn|4
|
|t:|1776092175
|switch|p2a: Tyranitar|Tyranitar, M|100/100
|move|p1a: Iron Moth|Energy Ball|p2a: Tyranitar
|-supereffective|p2a: Tyranitar
|-damage|p2a: Tyranitar|60/100
|
|-weather|Sandstorm|[upkeep]
|-damage|p1a: Iron Moth|89/100|[from] Sandstorm
|upkeep
|turn|5
|
|t:|1776092191
|-end|p1a: Iron Moth|Quark Drive|[silent]
|switch|p1a: Landorus|Landorus-Therian, M, shiny|100/100
|-ability|p1a: Landorus|Intimidate|boost
|-unboost|p2a: Tyranitar|atk|1
|move|p2a: Tyranitar|Power Gem|p1a: Landorus
|-damage|p1a: Landorus|65/100
|
|-weather|none
|upkeep
|turn|6
|
|t:|1776092199
|move|p1a: Landorus|U-turn|p2a: Tyranitar
|-supereffective|p2a: Tyranitar
|-damage|p2a: Tyranitar|13/100
|
|t:|1776092202
|switch|p1a: Grimmsnarl|Grimmsnarl, M, shiny|100/100|[from] U-turn
|move|p2a: Tyranitar|Flamethrower|p1a: Grimmsnarl
|-damage|p1a: Grimmsnarl|84/100
|
|upkeep
|turn|7
|
|t:|1776092209
|move|p1a: Grimmsnarl|Light Screen|p1a: Grimmsnarl
|-sidestart|p1: khkh jk kn|move: Light Screen
|move|p2a: Tyranitar|Knock Off|p1a: Grimmsnarl
|-resisted|p1a: Grimmsnarl
|-damage|p1a: Grimmsnarl|72/100
|-enditem|p1a: Grimmsnarl|Light Clay|[from] move: Knock Off|[of] p2a: Tyranitar
|
|upkeep
|turn|8
|
|t:|1776092216
|move|p1a: Grimmsnarl|Reflect|p1a: Grimmsnarl
|-sidestart|p1: khkh jk kn|Reflect
|move|p2a: Tyranitar|Power Gem|p1a: Grimmsnarl
|-damage|p1a: Grimmsnarl|62/100
|
|upkeep
|turn|9
|
|t:|1776092221
|move|p1a: Grimmsnarl|Spirit Break|p2a: Tyranitar
|-supereffective|p2a: Tyranitar
|-damage|p2a: Tyranitar|0 fnt
|faint|p2a: Tyranitar
|
|upkeep
|
|t:|1776092226
|switch|p2a: Ditto|Ditto|34/100 brn
|-transform|p2a: Ditto|p1a: Grimmsnarl|[from] ability: Imposter
|turn|10
|
|t:|1776092231
|move|p2a: Ditto|Reflect|p2a: Ditto
|-sidestart|p2: Asterbilly|Reflect
|move|p1a: Grimmsnarl|Spirit Break|p2a: Ditto
|-supereffective|p2a: Ditto
|-damage|p2a: Ditto|0 fnt
|faint|p2a: Ditto
|
|upkeep
|
|t:|1776092240
|switch|p2a: Comfey|Comfey, M|100/100
|turn|11
|
|t:|1776092251
|switch|p1a: Iron Moth|Iron Moth, shiny|89/100
|move|p2a: Comfey|Leech Seed|p1a: Iron Moth
|-start|p1a: Iron Moth|move: Leech Seed
|
|-damage|p1a: Iron Moth|76/100|[from] Leech Seed|[of] p2a: Comfey
|upkeep
|turn|12
|
|t:|1776092269
|move|p1a: Iron Moth|Fiery Dance|p2a: Comfey
|-damage|p2a: Comfey|19/100
|-boost|p1a: Iron Moth|spa|1
|move|p2a: Comfey|Knock Off|p1a: Iron Moth
|-damage|p1a: Iron Moth|65/100
|-enditem|p1a: Iron Moth|Choice Specs|[from] move: Knock Off|[of] p2a: Comfey
|
|-damage|p1a: Iron Moth|53/100|[from] Leech Seed|[of] p2a: Comfey
|-heal|p2a: Comfey|34/100|[silent]
|-sideend|p1: khkh jk kn|Reflect
|upkeep
|turn|13
|
|t:|1776092285
|switch|p2a: Pecharunt|Pecharunt|100/100
|move|p1a: Iron Moth|Fiery Dance|p2a: Pecharunt
|-damage|p2a: Pecharunt|37/100
|-boost|p1a: Iron Moth|spa|1
|
|-heal|p2a: Pecharunt|43/100|[from] item: Black Sludge
|-damage|p1a: Iron Moth|40/100|[from] Leech Seed|[of] p2a: Pecharunt
|-heal|p2a: Pecharunt|53/100|[silent]
|upkeep
|turn|14
|inactive|Asterbilly has 120 seconds left.
|
|t:|1776092308
|-terastallize|p1a: Iron Moth|Ground
|move|p1a: Iron Moth|Tera Blast|p2a: Pecharunt|[anim] Tera Blast Ground
|-supereffective|p2a: Pecharunt
|-damage|p2a: Pecharunt|0 fnt
|faint|p2a: Pecharunt
|
|-sideend|p2: Asterbilly|Reflect
|-sideend|p1: khkh jk kn|move: Light Screen
|upkeep
|inactive|Asterbilly has 120 seconds left.
|
|t:|1776092316
|switch|p2a: Sudowoodo|Sudowoodo, L1, F|100/100
|turn|15
|
|t:|1776092323
|-end|p1a: Iron Moth|Quark Drive|[silent]
|switch|p1a: Corviknight|Corviknight, F, shiny|100/100
|move|p2a: Sudowoodo|Endeavor|p1a: Corviknight
|-damage|p1a: Corviknight|4/100
|-damage|p2a: Sudowoodo|84/100|[from] item: Rocky Helmet|[of] p1a: Corviknight
|-heal|p2a: Sudowoodo|100/100|[from] item: Shell Bell|[of] p1a: Corviknight
|
|upkeep
|turn|16
|
|t:|1776092337
|move|p1a: Corviknight|U-turn|p2a: Sudowoodo
|-ability|p2a: Sudowoodo|Sturdy
|-damage|p2a: Sudowoodo|9/100
|
|t:|1776092344
|switch|p1a: Rotom|Rotom-Wash, shiny|94/100 brn|[from] U-turn
|move|p2a: Sudowoodo|Stealth Rock|p1a: Rotom
|-sidestart|p1: khkh jk kn|move: Stealth Rock
|
|-heal|p1a: Rotom|99/100 brn|[from] item: Leftovers
|-damage|p1a: Rotom|94/100 brn|[from] brn
|upkeep
|turn|17
|
|t:|1776092353
|move|p1a: Rotom|Volt Switch|p2a: Sudowoodo
|-crit|p2a: Sudowoodo
|-damage|p2a: Sudowoodo|0 fnt
|faint|p2a: Sudowoodo
|
|t:|1776092356
|switch|p1a: Landorus|Landorus-Therian, M, shiny|65/100|[from] Volt Switch
|-damage|p1a: Landorus|53/100|[from] Stealth Rock
|
|upkeep
|
|t:|1776092366
|switch|p2a: Garganacl|Garganacl, M|100/100
|turn|18
|
|t:|1776092375
|move|p1a: Landorus|Earthquake|p2a: Garganacl
|-supereffective|p2a: Garganacl
|-damage|p2a: Garganacl|36/100
|-enditem|p2a: Garganacl|Sitrus Berry|[eat]
|-heal|p2a: Garganacl|61/100|[from] item: Sitrus Berry
|move|p2a: Garganacl|Salt Cure|p1a: Landorus
|-damage|p1a: Landorus|38/100
|-start|p1a: Landorus|Salt Cure
|
|-damage|p1a: Landorus|26/100|[from] Salt Cure
|upkeep
|turn|19
|
|t:|1776092387
|move|p1a: Landorus|Earthquake|p2a: Garganacl
|-supereffective|p2a: Garganacl
|-damage|p2a: Garganacl|0 fnt
|faint|p2a: Garganacl
|
|-damage|p1a: Landorus|13/100|[from] Salt Cure
|upkeep
|
|t:|1776092393
|switch|p2a: Comfey|Comfey, M|34/100
|turn|20
|
|t:|1776092398
|move|p2a: Comfey|Draining Kiss|p1a: Landorus
|-damage|p1a: Landorus|0 fnt
|-heal|p2a: Comfey|47/100|[from] drain|[of] p1a: Landorus
|faint|p1a: Landorus
|
|upkeep
|
|t:|1776092403
|switch|p1a: Iron Moth|Iron Moth, shiny, tera:Ground|40/100
|-damage|p1a: Iron Moth|34/100|[from] Stealth Rock
|turn|21
|
|t:|1776092410
|-terastallize|p2a: Comfey|Fairy
|move|p2a: Comfey|Giga Drain|p1a: Iron Moth
|-supereffective|p1a: Iron Moth
|-damage|p1a: Iron Moth|0 fnt
|-heal|p2a: Comfey|68/100|[from] drain|[of] p1a: Iron Moth
|faint|p1a: Iron Moth
|-end|p1a: Iron Moth|Quark Drive|[silent]
|
|upkeep
|
|t:|1776092415
|switch|p1a: Grimmsnarl|Grimmsnarl, M, shiny|62/100
|-damage|p1a: Grimmsnarl|49/100|[from] Stealth Rock
|turn|22
|
|t:|1776092420
|move|p2a: Comfey|Giga Drain|p1a: Grimmsnarl
|-damage|p1a: Grimmsnarl|35/100
|-heal|p2a: Comfey|80/100|[from] drain|[of] p1a: Grimmsnarl
|move|p1a: Grimmsnarl|Light Screen|p1a: Grimmsnarl
|-sidestart|p1: khkh jk kn|move: Light Screen
|
|upkeep
|turn|23
|
|t:|1776092425
|move|p2a: Comfey|Draining Kiss|p1a: Grimmsnarl
|-supereffective|p1a: Grimmsnarl
|-damage|p1a: Grimmsnarl|9/100
|-heal|p2a: Comfey|100/100|[from] drain|[of] p1a: Grimmsnarl
|move|p1a: Grimmsnarl|Parting Shot|p2a: Comfey
|-unboost|p2a: Comfey|atk|1
|-unboost|p2a: Comfey|spa|1
|
|t:|1776092434
|switch|p1a: Rotom|Rotom-Wash, shiny|94/100 brn|[from] Parting Shot
|-damage|p1a: Rotom|81/100 brn|[from] Stealth Rock
|
|-heal|p1a: Rotom|87/100 brn|[from] item: Leftovers
|-damage|p1a: Rotom|81/100 brn|[from] brn
|upkeep
|turn|24
|
|t:|1776092443
|move|p2a: Comfey|Leech Seed|p1a: Rotom
|-start|p1a: Rotom|move: Leech Seed
|move|p1a: Rotom|Will-O-Wisp|p2a: Comfey
|-status|p2a: Comfey|brn
|
|-heal|p1a: Rotom|87/100 brn|[from] item: Leftovers
|-damage|p1a: Rotom|75/100 brn|[from] Leech Seed|[of] p2a: Comfey
|-damage|p2a: Comfey|94/100 brn|[from] brn
|-damage|p1a: Rotom|69/100 brn|[from] brn
|upkeep
|turn|25
|
|t:|1776092458
|move|p2a: Comfey|Giga Drain|p1a: Rotom
|-supereffective|p1a: Rotom
|-damage|p1a: Rotom|53/100 brn
|-heal|p2a: Comfey|100/100 brn|[from] drain|[of] p1a: Rotom
|move|p1a: Rotom|Pain Split|p2a: Comfey
|-sethp|p2a: Comfey|83/100 brn|[from] move: Pain Split|[silent]
|-sethp|p1a: Rotom|67/100 brn|[from] move: Pain Split
|
|-heal|p1a: Rotom|73/100 brn|[from] item: Leftovers
|-damage|p1a: Rotom|60/100 brn|[from] Leech Seed|[of] p2a: Comfey
|-heal|p2a: Comfey|99/100 brn|[silent]
|-damage|p2a: Comfey|93/100 brn|[from] brn
|-damage|p1a: Rotom|54/100 brn|[from] brn
|upkeep
|turn|26
|
|t:|1776092472
|move|p2a: Comfey|Giga Drain|p1a: Rotom
|-supereffective|p1a: Rotom
|-damage|p1a: Rotom|39/100 brn
|-heal|p2a: Comfey|100/100 brn|[from] drain|[of] p1a: Rotom
|move|p1a: Rotom|Pain Split|p2a: Comfey
|-sethp|p2a: Comfey|75/100 brn|[from] move: Pain Split|[silent]
|-sethp|p1a: Rotom|60/100 brn|[from] move: Pain Split
|
|-heal|p1a: Rotom|66/100 brn|[from] item: Leftovers
|-damage|p1a: Rotom|53/100 brn|[from] Leech Seed|[of] p2a: Comfey
|-heal|p2a: Comfey|90/100 brn|[silent]
|-damage|p2a: Comfey|84/100 brn|[from] brn
|-damage|p1a: Rotom|47/100 brn|[from] brn
|-sideend|p1: khkh jk kn|move: Light Screen
|upkeep
|turn|27
|
|t:|1776092486
|move|p2a: Comfey|Knock Off|p1a: Rotom
|-damage|p1a: Rotom|43/100 brn
|-enditem|p1a: Rotom|Leftovers|[from] move: Knock Off|[of] p2a: Comfey
|move|p1a: Rotom|Hydro Pump|p2a: Comfey
|-damage|p2a: Comfey|12/100 brn
|
|-damage|p1a: Rotom|30/100 brn|[from] Leech Seed|[of] p2a: Comfey
|-heal|p2a: Comfey|28/100 brn|[silent]
|-damage|p2a: Comfey|22/100 brn|[from] brn
|-damage|p1a: Rotom|24/100 brn|[from] brn
|upkeep
|turn|28
|
|t:|1776092496
|move|p2a: Comfey|Giga Drain|p1a: Rotom
|-supereffective|p1a: Rotom
|-damage|p1a: Rotom|0 fnt
|-heal|p2a: Comfey|37/100 brn|[from] drain|[of] p1a: Rotom
|faint|p1a: Rotom
|
|-damage|p2a: Comfey|31/100 brn|[from] brn
|upkeep
|
|t:|1776092500
|switch|p1a: Grimmsnarl|Grimmsnarl, M, shiny|9/100
|-damage|p1a: Grimmsnarl|0 fnt|[from] Stealth Rock
|faint|p1a: Grimmsnarl
|
|t:|1776092507
|switch|p1a: Corviknight|Corviknight, F, shiny|4/100
|-damage|p1a: Corviknight|0 fnt|[from] Stealth Rock
|faint|p1a: Corviknight
|
|t:|1776092515
|switch|p1a: Kommo-o|Kommo-o, M|100/100
|-damage|p1a: Kommo-o|94/100|[from] Stealth Rock
|turn|29
|
|t:|1776092520
|move|p2a: Comfey|Draining Kiss|p1a: Kommo-o
|-supereffective|p1a: Kommo-o
|-damage|p1a: Kommo-o|0 fnt
|-heal|p2a: Comfey|100/100 brn|[from] drain|[of] p1a: Kommo-o
|faint|p1a: Kommo-o
|
|win|Asterbilly
|raw|khkh jk kn's rating: 1313 &rarr; <strong>1290</strong><br />(-23 for losing)
|raw|Asterbilly's rating: 1269 &rarr; <strong>1297</strong><br />(+28 for winning)
|l|☆khkh jk kn
|player|p1|
|l|☆Asterbilly
|player|p2|
