|html|<div class="broadcast-blue"><strong>[Gen 9] OU is currently suspecting Volcarona! For information on how to participate check out the <a href="https://www.smogon.com/tools/suspects/view/208">suspect thread</a>.</strong></div>
|j|☆amia2233
|j|☆sptr
|t:|1778511358
|gametype|singles
|player|p1|amia2233|dawn|1132
|player|p2|sptr|pokemaniac|1092
|gen|9
|tier|[Gen 9] OU
|rated|
|rule|HP Percentage Mod: HP is shown in percentages
|rule|Endless Battle Clause: Forcing endless battles is banned
|rule|Species Clause: Limit one of each Pokémon
|rule|OHKO Clause: OHKO moves are banned
|rule|Evasion Items Clause: Evasion items are banned
|rule|Evasion Moves Clause: Evasion moves are banned
|rule|Evasion Abilities Clause: Evasion abilities are banned
|rule|Sleep Moves Clause: Sleep-inducing moves are banned
|clearpoke
|poke|p1|Dragonite, F|
|poke|p1|Gholdengo|
|poke|p1|Kingambit, F|
|poke|p1|Skeledirge, F|
|poke|p1|Hydreigon, M|
|poke|p1|Great Tusk|
|poke|p2|Toxapex, F|
|poke|p2|Kommo-o, M|
|poke|p2|Great Tusk|
|poke|p2|Raging Bolt|
|poke|p2|Oricorio-Pom-Pom, M|
|poke|p2|Volcarona, M|
|teampreview
|
|t:|1778511383
|teamsize|p1|6
|teamsize|p2|6
|start
|switch|p1a: Dragonite|Dragonite, F|100/100
|switch|p2a: Volcarona|Volcarona, M|100/100
|turn|1
|
|t:|1778511393
|switch|p2a: Kommo-o|Kommo-o, M|100/100
|move|p1a: Dragonite|Thunder Wave|p2a: Kommo-o
|-status|p2a: Kommo-o|par
|
|upkeep
|turn|2
|
|t:|1778511407
|switch|p2a: Oricorio|Oricorio-Pom-Pom, M|100/100
|move|p1a: Dragonite|Fire Spin|p2a: Oricorio
|-damage|p2a: Oricorio|88/100
|-activate|p2a: Oricorio|move: Fire Spin|[of] p1a: Dragonite
|
|-damage|p2a: Oricorio|76/100|[from] move: Fire Spin|[partiallytrapped]
|upkeep
|turn|3
|
|t:|1778511437
|switch|p1a: Great Tusk|Great Tusk|100/100
|move|p2a: Oricorio|Icy Wind|p1a: Great Tusk
|-supereffective|p1a: Great Tusk
|-damage|p1a: Great Tusk|85/100
|-unboost|p1a: Great Tusk|spe|1
|
|-end|p2a: Oricorio|Fire Spin|[partiallytrapped]|[silent]
|upkeep
|turn|4
|
|t:|1778511449
|-end|p1a: Great Tusk|Protosynthesis|[silent]
|switch|p1a: Dragonite|Dragonite, F|100/100
|move|p2a: Oricorio|Acrobatics|p1a: Dragonite
|-damage|p1a: Dragonite|93/100
|-damage|p2a: Oricorio|59/100|[from] item: Rocky Helmet|[of] p1a: Dragonite
|
|upkeep
|turn|5
|
|t:|1778511458
|move|p2a: Oricorio|Icy Wind|p1a: Dragonite
|-supereffective|p1a: Dragonite
|-damage|p1a: Dragonite|45/100
|-unboost|p1a: Dragonite|spe|1
|move|p1a: Dragonite|Fire Spin|p2a: Oricorio|[miss]
|-miss|p1a: Dragonite|p2a: Oricorio
|
|upkeep
|turn|6
|
|t:|1778511467
|-terastallize|p1a: Dragonite|Steel
|move|p2a: Oricorio|Icy Wind|p1a: Dragonite
|-resisted|p1a: Dragonite
|-damage|p1a: Dragonite|38/100
|-unboost|p1a: Dragonite|spe|1
|move|p1a: Dragonite|Fire Spin|p2a: Oricorio
|-damage|p2a: Oricorio|46/100
|-activate|p2a: Oricorio|move: Fire Spin|[of] p1a: Dragonite
|
|-damage|p2a: Oricorio|33/100|[from] move: Fire Spin|[partiallytrapped]
|upkeep
|turn|7
|
|t:|1778511480
|move|p2a: Oricorio|Revelation Dance|p1a: Dragonite
|-damage|p1a: Dragonite|9/100
|move|p1a: Dragonite|Roost|p1a: Dragonite
|-heal|p1a: Dragonite|59/100
|
|-damage|p2a: Oricorio|21/100|[from] move: Fire Spin|[partiallytrapped]
|upkeep
|turn|8
|
|t:|1778511489
|move|p2a: Oricorio|Revelation Dance|p1a: Dragonite
|-damage|p1a: Dragonite|26/100
|move|p1a: Dragonite|Roost|p1a: Dragonite
|-heal|p1a: Dragonite|76/100
|
|-damage|p2a: Oricorio|9/100|[from] move: Fire Spin|[partiallytrapped]
|upkeep
|turn|9
|
|t:|1778511500
|move|p2a: Oricorio|Revelation Dance|p1a: Dragonite
|-damage|p1a: Dragonite|47/100
|move|p1a: Dragonite|Roost|p1a: Dragonite
|-heal|p1a: Dragonite|97/100
|
|-damage|p2a: Oricorio|0 fnt|[from] move: Fire Spin|[partiallytrapped]
|faint|p2a: Oricorio
|upkeep
|
|t:|1778511508
|switch|p2a: Kommo-o|Kommo-o, M|100/100 par
|turn|10
|
|t:|1778511516
|move|p2a: Kommo-o|Swords Dance|p2a: Kommo-o
|-boost|p2a: Kommo-o|atk|2
|move|p1a: Dragonite|Fire Spin|p2a: Kommo-o
|-resisted|p2a: Kommo-o
|-damage|p2a: Kommo-o|96/100 par
|-activate|p2a: Kommo-o|move: Fire Spin|[of] p1a: Dragonite
|
|-damage|p2a: Kommo-o|83/100 par|[from] move: Fire Spin|[partiallytrapped]
|upkeep
|turn|11
|
|t:|1778511528
|switch|p1a: Gholdengo|Gholdengo|100/100
|move|p2a: Kommo-o|Close Combat|p1a: Gholdengo
|-immune|p1a: Gholdengo
|
|-end|p2a: Kommo-o|Fire Spin|[partiallytrapped]|[silent]
|upkeep
|turn|12
|
|t:|1778511544
|switch|p2a: Great Tusk|Great Tusk|100/100
|-enditem|p2a: Great Tusk|Booster Energy
|-activate|p2a: Great Tusk|ability: Protosynthesis|[fromitem]
|-start|p2a: Great Tusk|protosynthesisspe
|move|p1a: Gholdengo|Shadow Ball|p2a: Great Tusk
|-damage|p2a: Great Tusk|45/100
|
|upkeep
|turn|13
|
|t:|1778511555
|switch|p1a: Hydreigon|Hydreigon, M|100/100
|move|p2a: Great Tusk|Headlong Rush|p1a: Hydreigon
|-immune|p1a: Hydreigon|[from] ability: Levitate
|
|upkeep
|turn|14
|
|t:|1778511579
|move|p2a: Great Tusk|Close Combat|p1a: Hydreigon
|-supereffective|p1a: Hydreigon
|-damage|p1a: Hydreigon|0 fnt
|-unboost|p2a: Great Tusk|def|1
|-unboost|p2a: Great Tusk|spd|1
|faint|p1a: Hydreigon
|
|upkeep
|
|t:|1778511585
|switch|p1a: Skeledirge|Skeledirge, F|100/100
|turn|15
|
|t:|1778511594
|-terastallize|p2a: Great Tusk|Ground
|move|p2a: Great Tusk|Headlong Rush|p1a: Skeledirge
|-supereffective|p1a: Skeledirge
|-damage|p1a: Skeledirge|0 fnt
|-unboost|p2a: Great Tusk|def|1
|-unboost|p2a: Great Tusk|spd|1
|faint|p1a: Skeledirge
|
|upkeep
|
|t:|1778511600
|switch|p1a: Gholdengo|Gholdengo|100/100
|turn|16
|
|t:|1778511606
|move|p2a: Great Tusk|Headlong Rush|p1a: Gholdengo
|-supereffective|p1a: Gholdengo
|-damage|p1a: Gholdengo|0 fnt
|-unboost|p2a: Great Tusk|def|1
|-unboost|p2a: Great Tusk|spd|1
|faint|p1a: Gholdengo
|
|upkeep
|-message|amia2233 forfeited.
|
|win|sptr
|raw|amia2233's rating: 1132 &rarr; <strong>1104</strong><br />(-28 for losing)
|raw|sptr's rating: 1092 &rarr; <strong>1121</strong><br />(+29 for winning)
|l|☆amia2233
|player|p1|
|c|☆sptr|cheese tema
|l|☆sptr
|player|p2|
