|html|<div class="broadcast-blue"><strong>[Gen 9] OU is currently suspecting Tera Blast! For information on how to participate check out the <a href="https://www.smogon.com/tools/suspects/view/200">suspect thread</a>.</strong></div>
|j|☆temporarykeru
|j|☆shortsleeveamerica
|t:|1776305233
|gametype|singles
|player|p1|temporarykeru|1|1113
|player|p2|shortsleeveamerica|drake-gen3|1050
|gen|9
|tier|[Gen 9] OU
|rated|
|rule|HP Percentage Mod: HP is shown in percentages
|rule|Endless Battle Clause: Forcing endless battles is banned
|rule|Species Clause: Limit one of each Pokémon
|rule|OHKO Clause: OHKO moves are banned
|rule|Evasion Items Clause: Evasion items are banned
|rule|Evasion Moves Clause: Evasion moves are banned
|rule|Evasion Abilities Clause: Evasion abilities are banned
|rule|Sleep Moves Clause: Sleep-inducing moves are banned
|clearpoke
|poke|p1|Dragonite, M|
|poke|p1|Gliscor, M|
|poke|p1|Gengar, M|
|poke|p1|Corviknight, F|
|poke|p1|Slowking-Galar, F|
|poke|p1|Tyranitar, M|
|poke|p2|Slowking-Galar, M|
|poke|p2|Tornadus-Therian, M|
|poke|p2|Cinderace, F|
|poke|p2|Lokix, F|
|poke|p2|Hydrapple, M|
|poke|p2|Great Tusk|
|teampreview
|inactive|Battle timer is ON: inactive players will automatically lose when time's up. (requested by shortsleeveamerica)
|inactive|temporarykeru also wants the timer to be on.
|
|t:|1776305248
|teamsize|p1|6
|teamsize|p2|6
|start
|switch|p1a: Tyranitar|Tyranitar, M|100/100
|switch|p2a: Great Tusk|Great Tusk|100/100
|-weather|Sandstorm|[from] ability: Sand Stream|[of] p1a: Tyranitar
|turn|1
|
|t:|1776305256
|switch|p1a: Corviknight|Corviknight, F|100/100
|-ability|p1a: Corviknight|Pressure
|move|p2a: Great Tusk|Earthquake|p1a: Corviknight
|-immune|p1a: Corviknight
|
|-weather|Sandstorm|[upkeep]
|upkeep
|turn|2
|
|t:|1776305272
|-end|p2a: Great Tusk|Protosynthesis|[silent]
|switch|p2a: Slowking|Slowking-Galar, M|100/100
|move|p1a: Corviknight|Brave Bird|p2a: Slowking
|-damage|p2a: Slowking|76/100
|-damage|p1a: Corviknight|92/100|[from] Recoil
|
|-weather|Sandstorm|[upkeep]
|-damage|p2a: Slowking|70/100|[from] Sandstorm
|upkeep
|turn|3
|
|t:|1776305292
|move|p1a: Corviknight|Brave Bird|p2a: Slowking
|-damage|p2a: Slowking|44/100
|-damage|p1a: Corviknight|84/100|[from] Recoil
|-prepare|p2a: Slowking|Chilly Reception|[premajor]
|move|p2a: Slowking|Chilly Reception|p2a: Slowking
|-weather|Snowscape
|
|t:|1776305301
|switch|p2a: Cinderace|Cinderace, F|100/100|[from] Chilly Reception
|
|-weather|Snowscape|[upkeep]
|upkeep
|turn|4
|
|t:|1776305307
|switch|p1a: Tyranitar|Tyranitar, M|100/100
|-weather|Sandstorm|[from] ability: Sand Stream|[of] p1a: Tyranitar
|move|p2a: Cinderace|Pyro Ball|p1a: Tyranitar
|-resisted|p1a: Tyranitar
|-damage|p1a: Tyranitar|82/100
|
|-weather|Sandstorm|[upkeep]
|-damage|p2a: Cinderace|94/100|[from] Sandstorm
|-heal|p1a: Tyranitar|88/100|[from] item: Leftovers
|upkeep
|turn|5
|
|t:|1776305323
|move|p2a: Cinderace|U-turn|p1a: Tyranitar
|-supereffective|p1a: Tyranitar
|-damage|p1a: Tyranitar|56/100
|
|t:|1776305338
|switch|p2a: Hydrapple|Hydrapple, M|100/100|[from] U-turn
|move|p1a: Tyranitar|Roar|p2a: Hydrapple
|drag|p2a: Lokix|Lokix, F|100/100
|
|-weather|Sandstorm|[upkeep]
|-damage|p2a: Lokix|94/100|[from] Sandstorm
|-heal|p1a: Tyranitar|62/100|[from] item: Leftovers
|upkeep
|turn|6
|
|t:|1776305351
|switch|p1a: Corviknight|Corviknight, F|84/100
|-ability|p1a: Corviknight|Pressure
|move|p2a: Lokix|First Impression|p1a: Corviknight
|-resisted|p1a: Corviknight
|-damage|p1a: Corviknight|64/100
|-damage|p2a: Lokix|78/100|[from] item: Rocky Helmet|[of] p1a: Corviknight
|
|-weather|Sandstorm|[upkeep]
|-damage|p2a: Lokix|72/100|[from] Sandstorm
|upkeep
|turn|7
|
|t:|1776305366
|switch|p2a: Tornadus|Tornadus-Therian, M|100/100
|move|p1a: Corviknight|Body Press|p2a: Tornadus
|-resisted|p2a: Tornadus
|-damage|p2a: Tornadus|85/100
|
|-weather|Sandstorm|[upkeep]
|-damage|p2a: Tornadus|79/100|[from] Sandstorm
|upkeep
|turn|8
|
|t:|1776305377
|move|p2a: Tornadus|Heat Wave|p1a: Corviknight
|-supereffective|p1a: Corviknight
|-damage|p1a: Corviknight|16/100
|move|p1a: Corviknight|Roost|p1a: Corviknight
|-heal|p1a: Corviknight|66/100
|-singleturn|p1a: Corviknight|move: Roost
|
|-weather|none
|upkeep
|turn|9
|
|t:|1776305387
|switch|p1a: Tyranitar|Tyranitar, M|62/100
|-weather|Sandstorm|[from] ability: Sand Stream|[of] p1a: Tyranitar
|move|p2a: Tornadus|Heat Wave|p1a: Tyranitar|[miss]
|-miss|p2a: Tornadus|p1a: Tyranitar
|
|-weather|Sandstorm|[upkeep]
|-damage|p2a: Tornadus|73/100|[from] Sandstorm
|-heal|p1a: Tyranitar|68/100|[from] item: Leftovers
|upkeep
|turn|10
|
|t:|1776305398
|move|p2a: Tornadus|U-turn|p1a: Tyranitar
|-supereffective|p1a: Tyranitar
|-damage|p1a: Tyranitar|46/100
|
|t:|1776305405
|switch|p2a: Hydrapple|Hydrapple, M|100/100|[from] U-turn
|move|p1a: Tyranitar|Stealth Rock|p2a: Hydrapple
|-sidestart|p2: shortsleeveamerica|move: Stealth Rock
|
|-weather|Sandstorm|[upkeep]
|-damage|p2a: Hydrapple|94/100|[from] Sandstorm
|-heal|p1a: Tyranitar|52/100|[from] item: Leftovers
|upkeep
|turn|11
|
|t:|1776305432
|switch|p1a: Corviknight|Corviknight, F|66/100
|-ability|p1a: Corviknight|Pressure
|move|p2a: Hydrapple|Fickle Beam|p1a: Corviknight|[anim] Fickle Beam All Out
|-activate|p2a: Hydrapple|move: Fickle Beam
|-resisted|p1a: Corviknight
|-damage|p1a: Corviknight|13/100
|-damage|p2a: Hydrapple|85/100|[from] item: Life Orb
|
|-weather|Sandstorm|[upkeep]
|-damage|p2a: Hydrapple|79/100|[from] Sandstorm
|upkeep
|turn|12
|inactive|temporarykeru has 120 seconds left.
|
|t:|1776305453
|move|p1a: Corviknight|Roost|p1a: Corviknight
|-heal|p1a: Corviknight|63/100
|-singleturn|p1a: Corviknight|move: Roost
|move|p2a: Hydrapple|Fickle Beam|p1a: Corviknight
|-resisted|p1a: Corviknight
|-damage|p1a: Corviknight|38/100
|-damage|p2a: Hydrapple|69/100|[from] item: Life Orb
|
|-weather|Sandstorm|[upkeep]
|-damage|p2a: Hydrapple|63/100|[from] Sandstorm
|upkeep
|turn|13
|
|t:|1776305465
|switch|p2a: Tornadus|Tornadus-Therian, M|100/100
|-damage|p2a: Tornadus|76/100|[from] Stealth Rock
|move|p1a: Corviknight|Roost|p1a: Corviknight
|-heal|p1a: Corviknight|88/100
|-singleturn|p1a: Corviknight|move: Roost
|
|-weather|none
|upkeep
|turn|14
|
|t:|1776305476
|switch|p1a: Slowking|Slowking-Galar, F|100/100
|move|p2a: Tornadus|Knock Off|p1a: Slowking
|-supereffective|p1a: Slowking
|-damage|p1a: Slowking|70/100
|-enditem|p1a: Slowking|Black Sludge|[from] move: Knock Off|[of] p2a: Tornadus
|
|upkeep
|turn|15
|
|t:|1776305487
|move|p2a: Tornadus|U-turn|p1a: Slowking
|-damage|p1a: Slowking|60/100
|inactive|shortsleeveamerica has 120 seconds left.
|
|t:|1776305532
|switch|p2a: Slowking|Slowking-Galar, M|78/100|[from] U-turn
|-damage|p2a: Slowking|65/100|[from] Stealth Rock
|move|p1a: Slowking|Ice Beam|p2a: Slowking
|-damage|p2a: Slowking|49/100
|
|upkeep
|turn|16
|
|t:|1776305546
|-prepare|p1a: Slowking|Chilly Reception|[premajor]
|move|p1a: Slowking|Chilly Reception|p1a: Slowking
|-weather|Snowscape
|
|t:|1776305555
|switch|p1a: Gliscor|Gliscor, M|100/100|[from] Chilly Reception
|-prepare|p2a: Slowking|Chilly Reception|[premajor]
|move|p2a: Slowking|Chilly Reception|p2a: Slowking
|inactive|shortsleeveamerica has 120 seconds left.
|
|t:|1776305562
|switch|p2a: Great Tusk|Great Tusk|100/100|[from] Chilly Reception
|-damage|p2a: Great Tusk|97/100|[from] Stealth Rock
|
|-weather|Snowscape|[upkeep]
|-status|p1a: Gliscor|tox|[from] item: Toxic Orb
|upkeep
|turn|17
|
|t:|1776305572
|move|p1a: Gliscor|Protect|p1a: Gliscor
|-singleturn|p1a: Gliscor|Protect
|move|p2a: Great Tusk|Ice Spinner|p1a: Gliscor
|-activate|p1a: Gliscor|move: Protect
|
|-weather|Snowscape|[upkeep]
|upkeep
|turn|18
|
|t:|1776305585
|switch|p1a: Corviknight|Corviknight, F|88/100
|-ability|p1a: Corviknight|Pressure
|move|p2a: Great Tusk|Ice Spinner|p1a: Corviknight
|-damage|p1a: Corviknight|75/100
|-damage|p2a: Great Tusk|81/100|[from] item: Rocky Helmet|[of] p1a: Corviknight
|
|-weather|Snowscape|[upkeep]
|upkeep
|turn|19
|
|t:|1776305595
|-end|p2a: Great Tusk|Protosynthesis|[silent]
|switch|p2a: Tornadus|Tornadus-Therian, M|100/100
|-damage|p2a: Tornadus|76/100|[from] Stealth Rock
|move|p1a: Corviknight|Brave Bird|p2a: Tornadus
|-crit|p2a: Tornadus
|-damage|p2a: Tornadus|8/100
|-damage|p1a: Corviknight|55/100|[from] Recoil
|
|-weather|Snowscape|[upkeep]
|upkeep
|turn|20
|c|☆shortsleeveamerica|fortissimo
|
|t:|1776305611
|switch|p2a: Slowking|Slowking-Galar, M|82/100
|-damage|p2a: Slowking|69/100|[from] Stealth Rock
|switch|p1a: Tyranitar|Tyranitar, M|52/100
|-weather|Sandstorm|[from] ability: Sand Stream|[of] p1a: Tyranitar
|
|-weather|Sandstorm|[upkeep]
|-damage|p2a: Slowking|63/100|[from] Sandstorm
|-heal|p1a: Tyranitar|59/100|[from] item: Leftovers
|upkeep
|turn|21
|
|t:|1776305633
|move|p1a: Tyranitar|Dark Pulse|p2a: Slowking
|-supereffective|p2a: Slowking
|-enditem|p2a: Slowking|Colbur Berry|[eat]
|-enditem|p2a: Slowking|Colbur Berry|[weaken]
|-damage|p2a: Slowking|36/100
|-prepare|p2a: Slowking|Chilly Reception|[premajor]
|move|p2a: Slowking|Chilly Reception|p2a: Slowking
|-weather|Snowscape
|
|t:|1776305641
|switch|p2a: Great Tusk|Great Tusk|81/100|[from] Chilly Reception
|-damage|p2a: Great Tusk|78/100|[from] Stealth Rock
|
|-weather|Snowscape|[upkeep]
|-heal|p1a: Tyranitar|65/100|[from] item: Leftovers
|upkeep
|turn|22
|
|t:|1776305656
|switch|p1a: Slowking|Slowking-Galar, F|93/100
|move|p2a: Great Tusk|Rapid Spin|p1a: Slowking
|-damage|p1a: Slowking|82/100
|-boost|p2a: Great Tusk|spe|1
|-sideend|p2: shortsleeveamerica|Stealth Rock|[from] move: Rapid Spin|[of] p2a: Great Tusk
|
|-weather|Snowscape|[upkeep]
|upkeep
|turn|23
|
|t:|1776305679
|-terastallize|p2a: Great Tusk|Steel
|move|p2a: Great Tusk|Earthquake|p1a: Slowking
|-supereffective|p1a: Slowking
|-damage|p1a: Slowking|24/100
|move|p1a: Slowking|Future Sight|p2a: Great Tusk
|-start|p1a: Slowking|move: Future Sight
|
|-weather|Snowscape|[upkeep]
|upkeep
|turn|24
|
|t:|1776305692
|switch|p1a: Gliscor|Gliscor, M|100/100 tox
|move|p2a: Great Tusk|Earthquake|p1a: Gliscor
|-immune|p1a: Gliscor
|
|-weather|Snowscape|[upkeep]
|upkeep
|turn|25
|
|t:|1776305700
|-end|p2a: Great Tusk|Protosynthesis|[silent]
|switch|p2a: Tornadus|Tornadus-Therian, M|41/100
|move|p1a: Gliscor|Knock Off|p2a: Tornadus
|-damage|p2a: Tornadus|15/100
|-enditem|p2a: Tornadus|Assault Vest|[from] move: Knock Off|[of] p1a: Gliscor
|
|-weather|none
|-end|p2a: Tornadus|move: Future Sight
|-damage|p2a: Tornadus|0 fnt
|faint|p2a: Tornadus
|upkeep
|
|t:|1776305711
|switch|p2a: Hydrapple|Hydrapple, M|96/100
|turn|26
|
|t:|1776305719
|move|p1a: Gliscor|Protect|p1a: Gliscor
|-singleturn|p1a: Gliscor|Protect
|move|p2a: Hydrapple|Nasty Plot|p2a: Hydrapple
|-boost|p2a: Hydrapple|spa|2
|
|upkeep
|turn|27
|
|t:|1776305728
|move|p1a: Gliscor|Toxic|p2a: Hydrapple
|-status|p2a: Hydrapple|tox
|move|p2a: Hydrapple|Fickle Beam|p1a: Gliscor
|-damage|p1a: Gliscor|0 fnt
|faint|p1a: Gliscor
|-damage|p2a: Hydrapple|86/100 tox|[from] item: Life Orb
|
|-damage|p2a: Hydrapple|80/100 tox|[from] psn
|upkeep
|inactive|temporarykeru has 120 seconds left.
|
|t:|1776305759
|switch|p1a: Tyranitar|Tyranitar, M|65/100
|-weather|Sandstorm|[from] ability: Sand Stream|[of] p1a: Tyranitar
|turn|28
|inactive|temporarykeru has 120 seconds left.
|
|t:|1776305774
|move|p2a: Hydrapple|Earth Power|p1a: Tyranitar
|-supereffective|p1a: Tyranitar
|-damage|p1a: Tyranitar|0 fnt
|faint|p1a: Tyranitar
|-damage|p2a: Hydrapple|70/100 tox|[from] item: Life Orb
|
|-weather|Sandstorm|[upkeep]
|-damage|p2a: Hydrapple|64/100 tox|[from] Sandstorm
|-damage|p2a: Hydrapple|52/100 tox|[from] psn
|upkeep
|
|t:|1776305785
|switch|p1a: Slowking|Slowking-Galar, F|57/100
|turn|29
|
|t:|1776305793
|switch|p1a: Corviknight|Corviknight, F|55/100
|-ability|p1a: Corviknight|Pressure
|move|p2a: Hydrapple|Earth Power|p1a: Corviknight
|-immune|p1a: Corviknight
|
|-weather|Sandstorm|[upkeep]
|-damage|p2a: Hydrapple|46/100 tox|[from] Sandstorm
|-damage|p2a: Hydrapple|28/100 tox|[from] psn
|upkeep
|turn|30
|
|t:|1776305804
|switch|p2a: Slowking|Slowking-Galar, M|69/100
|move|p1a: Corviknight|Brave Bird|p2a: Slowking
|-damage|p2a: Slowking|42/100
|-damage|p1a: Corviknight|46/100|[from] Recoil
|
|-weather|Sandstorm|[upkeep]
|-damage|p2a: Slowking|36/100|[from] Sandstorm
|upkeep
|turn|31
|
|t:|1776305826
|move|p1a: Corviknight|Roost|p1a: Corviknight
|-heal|p1a: Corviknight|96/100
|-singleturn|p1a: Corviknight|move: Roost
|-prepare|p2a: Slowking|Chilly Reception|[premajor]
|move|p2a: Slowking|Chilly Reception|p2a: Slowking
|-weather|Snowscape
|
|t:|1776305829
|switch|p2a: Cinderace|Cinderace, F|94/100|[from] Chilly Reception
|
|-weather|Snowscape|[upkeep]
|upkeep
|turn|32
|
|t:|1776305847
|switch|p1a: Slowking|Slowking-Galar, F|90/100
|move|p2a: Cinderace|Pyro Ball|p1a: Slowking
|-damage|p1a: Slowking|56/100
|
|-weather|Snowscape|[upkeep]
|upkeep
|turn|33
|
|t:|1776305860
|move|p2a: Cinderace|Pyro Ball|p1a: Slowking
|-damage|p1a: Slowking|24/100
|move|p1a: Slowking|Sludge Bomb|p2a: Cinderace
|-damage|p2a: Cinderace|53/100
|
|-weather|Snowscape|[upkeep]
|upkeep
|turn|34
|
|t:|1776305877
|switch|p1a: Dragonite|Dragonite, M|100/100
|move|p2a: Cinderace|Pyro Ball|p1a: Dragonite
|-resisted|p1a: Dragonite
|-damage|p1a: Dragonite|87/100
|
|-weather|Snowscape|[upkeep]
|upkeep
|turn|35
|
|t:|1776305889
|-terastallize|p1a: Dragonite|Fire
|move|p2a: Cinderace|Will-O-Wisp|p1a: Dragonite
|-immune|p1a: Dragonite
|move|p1a: Dragonite|Encore|p2a: Cinderace
|-start|p2a: Cinderace|Encore
|
|-weather|none
|upkeep
|turn|36
|
|t:|1776305898
|switch|p2a: Lokix|Lokix, F|72/100
|move|p1a: Dragonite|Dragon Dance|p1a: Dragonite
|-boost|p1a: Dragonite|atk|1
|-boost|p1a: Dragonite|spe|1
|
|upkeep
|turn|37
|
|t:|1776305905
|move|p2a: Lokix|First Impression|p1a: Dragonite
|-resisted|p1a: Dragonite
|-damage|p1a: Dragonite|9/100
|move|p1a: Dragonite|Fire Punch|p2a: Lokix
|-supereffective|p2a: Lokix
|-damage|p2a: Lokix|0 fnt
|faint|p2a: Lokix
|
|upkeep
|
|t:|1776305924
|switch|p2a: Slowking|Slowking-Galar, M|69/100
|turn|38
|
|t:|1776305929
|move|p1a: Dragonite|Scale Shot|p2a: Slowking
|-damage|p2a: Slowking|52/100
|-damage|p2a: Slowking|37/100
|-damage|p2a: Slowking|21/100
|-damage|p2a: Slowking|6/100
|-hitcount|p2a: Slowking|4
|-unboost|p1a: Dragonite|def|1
|-boost|p1a: Dragonite|spe|1
|move|p2a: Slowking|Psychic Noise|p1a: Dragonite
|-damage|p1a: Dragonite|0 fnt
|faint|p1a: Dragonite
|
|upkeep
|
|t:|1776305944
|switch|p1a: Gengar|Gengar, M|100/100
|turn|39
|
|t:|1776305961
|switch|p2a: Hydrapple|Hydrapple, M|61/100 tox
|move|p1a: Gengar|Shadow Ball|p2a: Hydrapple
|-damage|p2a: Hydrapple|0 fnt
|faint|p2a: Hydrapple
|
|upkeep
|
|t:|1776305973
|switch|p2a: Great Tusk|Great Tusk, tera:Steel|78/100
|turn|40
|
|t:|1776305977
|switch|p1a: Corviknight|Corviknight, F|96/100
|-ability|p1a: Corviknight|Pressure
|move|p2a: Great Tusk|Earthquake|p1a: Corviknight
|-immune|p1a: Corviknight
|
|upkeep
|turn|41
|
|t:|1776305987
|move|p2a: Great Tusk|Stealth Rock|p1a: Corviknight
|-sidestart|p1: temporarykeru|move: Stealth Rock
|move|p1a: Corviknight|Body Press|p2a: Great Tusk
|-supereffective|p2a: Great Tusk
|-damage|p2a: Great Tusk|42/100
|-damage|p1a: Corviknight|79/100|[from] item: Rocky Helmet|[of] p2a: Great Tusk
|
|upkeep
|turn|42
|
|t:|1776305997
|-end|p2a: Great Tusk|Protosynthesis|[silent]
|switch|p2a: Slowking|Slowking-Galar, M|39/100
|move|p1a: Corviknight|Defog|p2a: Slowking
|-unboost|p2a: Slowking|evasion|1
|-sideend|p1: temporarykeru|Stealth Rock|[from] move: Defog|[of] p1a: Corviknight
|
|upkeep
|turn|43
|
|t:|1776306005
|move|p1a: Corviknight|Brave Bird|p2a: Slowking
|-damage|p2a: Slowking|14/100
|-damage|p1a: Corviknight|71/100|[from] Recoil
|-prepare|p2a: Slowking|Chilly Reception|[premajor]
|move|p2a: Slowking|Chilly Reception|p2a: Slowking
|-weather|Snowscape
|
|t:|1776306013
|switch|p2a: Cinderace|Cinderace, F|53/100|[from] Chilly Reception
|
|-weather|Snowscape|[upkeep]
|upkeep
|turn|44
|
|t:|1776306022
|switch|p1a: Slowking|Slowking-Galar, F|57/100
|move|p2a: Cinderace|Will-O-Wisp|p1a: Slowking
|-status|p1a: Slowking|brn
|
|-weather|Snowscape|[upkeep]
|-damage|p1a: Slowking|51/100 brn|[from] brn
|upkeep
|turn|45
|
|t:|1776306034
|move|p2a: Cinderace|U-turn|p1a: Slowking
|-damage|p1a: Slowking|38/100 brn
|
|t:|1776306036
|switch|p2a: Slowking|Slowking-Galar, M|47/100|[from] U-turn
|move|p1a: Slowking|Future Sight|p2a: Slowking
|-start|p1a: Slowking|move: Future Sight
|
|-weather|Snowscape|[upkeep]
|-damage|p1a: Slowking|32/100 brn|[from] brn
|upkeep
|turn|46
|
|t:|1776306045
|move|p2a: Slowking|Psychic Noise|p1a: Slowking
|-damage|p1a: Slowking|11/100 brn
|-start|p1a: Slowking|move: Heal Block
|-prepare|p1a: Slowking|Chilly Reception|[premajor]
|move|p1a: Slowking|Chilly Reception|p1a: Slowking
|
|t:|1776306055
|switch|p1a: Gengar|Gengar, M|100/100|[from] Chilly Reception
|
|-weather|Snowscape|[upkeep]
|upkeep
|turn|47
|
|t:|1776306064
|move|p1a: Gengar|Shadow Ball|p2a: Slowking
|-supereffective|p2a: Slowking
|-damage|p2a: Slowking|0 fnt
|faint|p2a: Slowking
|
|-weather|none
|-hint|Future Sight did not hit because the target is fainted.
|upkeep
|
|t:|1776306068
|switch|p2a: Cinderace|Cinderace, F|53/100
|turn|48
|
|t:|1776306078
|switch|p1a: Slowking|Slowking-Galar, F|44/100 brn
|move|p2a: Cinderace|Pyro Ball|p1a: Slowking|[miss]
|-miss|p2a: Cinderace|p1a: Slowking
|
|-damage|p1a: Slowking|38/100 brn|[from] brn
|upkeep
|turn|49
|c|☆shortsleeveamerica|NO MAN
|c|☆shortsleeveamerica|come on bro
|c|☆shortsleeveamerica|holy shiot
|c|☆shortsleeveamerica|FORTISSIMO
|c|☆temporarykeru|?
|c|☆shortsleeveamerica|if i hit that pyroball right
|inactive|temporarykeru has 120 seconds left.
|c|☆shortsleeveamerica|either you stay in or die
|c|☆shortsleeveamerica|or switch to someone
|c|☆shortsleeveamerica|and they die
|c|☆shortsleeveamerica|instead he misses it
|c|☆shortsleeveamerica|meaning none of that means anything
|inactive|temporarykeru has 90 seconds left.
|c|☆shortsleeveamerica|aka im screwed off a 10%
|c|☆shortsleeveamerica|which is a shame
|c|☆temporarykeru|gotcha
|inactive|temporarykeru has 60 seconds left.
|
|t:|1776306169
|switch|p2a: Great Tusk|Great Tusk, tera:Steel|42/100
|move|p1a: Slowking|Sludge Bomb|p2a: Great Tusk
|-immune|p2a: Great Tusk
|
|-damage|p1a: Slowking|32/100 brn|[from] brn
|upkeep
|turn|50
|
|t:|1776306177
|-end|p2a: Great Tusk|Protosynthesis|[silent]
|switch|p2a: Cinderace|Cinderace, F|53/100
|switch|p1a: Corviknight|Corviknight, F|71/100
|-ability|p1a: Corviknight|Pressure
|
|upkeep
|turn|51
|
|t:|1776306192
|switch|p1a: Slowking|Slowking-Galar, F|65/100 brn
|move|p2a: Cinderace|Will-O-Wisp|p1a: Slowking
|-fail|p1a: Slowking|brn
|
|-damage|p1a: Slowking|59/100 brn|[from] brn
|upkeep
|turn|52
|
|t:|1776306205
|move|p2a: Cinderace|U-turn|p1a: Slowking
|-damage|p1a: Slowking|46/100 brn
|
|t:|1776306207
|switch|p2a: Great Tusk|Great Tusk, tera:Steel|42/100|[from] U-turn
|move|p1a: Slowking|Ice Beam|p2a: Great Tusk
|-resisted|p2a: Great Tusk
|-damage|p2a: Great Tusk|28/100
|
|-damage|p1a: Slowking|40/100 brn|[from] brn
|upkeep
|turn|53
|
|t:|1776306222
|switch|p1a: Corviknight|Corviknight, F|71/100
|-ability|p1a: Corviknight|Pressure
|move|p2a: Great Tusk|Earthquake|p1a: Corviknight
|-immune|p1a: Corviknight
|
|upkeep
|turn|54
|
|t:|1776306233
|-end|p2a: Great Tusk|Protosynthesis|[silent]
|switch|p2a: Cinderace|Cinderace, F|53/100
|move|p1a: Corviknight|Body Press|p2a: Cinderace
|-damage|p2a: Cinderace|21/100
|
|upkeep
|turn|55
|
|t:|1776306240
|move|p2a: Cinderace|Pyro Ball|p1a: Corviknight
|-supereffective|p1a: Corviknight
|-crit|p1a: Corviknight
|-damage|p1a: Corviknight|0 fnt
|faint|p1a: Corviknight
|
|upkeep
|
|t:|1776306246
|switch|p1a: Gengar|Gengar, M|100/100
|turn|56
|
|t:|1776306258
|move|p2a: Cinderace|Pyro Ball|p1a: Gengar
|-damage|p1a: Gengar|0 fnt
|faint|p1a: Gengar
|
|upkeep
|-message|temporarykeru forfeited.
|
|win|shortsleeveamerica
|raw|temporarykeru's rating: 1113 &rarr; <strong>1084</strong><br />(-29 for losing)
|raw|shortsleeveamerica's rating: 1050 &rarr; <strong>1088</strong><br />(+38 for winning)
|l|☆temporarykeru
|player|p1|
|c|☆shortsleeveamerica|LETS GO
|c|☆shortsleeveamerica|HOLY SHIOT
|c|☆shortsleeveamerica|OH MY GOD
|c|☆shortsleeveamerica|the game took my free win bro
|c|☆shortsleeveamerica|had to make some stupid ass reads
|c|☆shortsleeveamerica|holy SHIT MAN
|c|☆shortsleeveamerica|LETS GO
|c|☆shortsleeveamerica|FUCK YEAH
|c|☆shortsleeveamerica|LETS GO DUDE
