|html|<div class="broadcast-blue"><strong>[Gen 9] OU is currently suspecting Tera Blast! For information on how to participate check out the <a href="https://www.smogon.com/tools/suspects/view/200">suspect thread</a>.</strong></div>
|j|‽rank 1 greninja
|j|☆Just Barely
|t:|1776034428
|gametype|singles
|player|p1|rank 1 greninja|2|1395
|player|p2|Just Barely|acetrainer|1362
|gen|9
|tier|[Gen 9] OU
|rated|
|rule|HP Percentage Mod: HP is shown in percentages
|rule|Endless Battle Clause: Forcing endless battles is banned
|rule|Species Clause: Limit one of each Pokémon
|rule|OHKO Clause: OHKO moves are banned
|rule|Evasion Items Clause: Evasion items are banned
|rule|Evasion Moves Clause: Evasion moves are banned
|rule|Evasion Abilities Clause: Evasion abilities are banned
|rule|Sleep Moves Clause: Sleep-inducing moves are banned
|clearpoke
|poke|p1|Pelipper, M|
|poke|p1|Tornadus-Therian, M|
|poke|p1|Barraskewda, F|
|poke|p1|Iron Treads|
|poke|p1|Ogerpon-Wellspring, F|
|poke|p1|Bronzong|
|poke|p2|Garchomp, M|
|poke|p2|Iron Crown|
|poke|p2|Ogerpon, F|
|poke|p2|Glimmora, M|
|poke|p2|Enamorus, F|
|poke|p2|Samurott-Hisui, M|
|teampreview
|
|t:|1776034450
|teamsize|p1|6
|teamsize|p2|6
|start
|switch|p1a: Pelipper|Pelipper, M|100/100
|switch|p2a: Samurott|Samurott-Hisui, M|100/100
|-weather|RainDance|[from] ability: Drizzle|[of] p1a: Pelipper
|turn|1
|
|t:|1776034465
|move|p2a: Samurott|Ceaseless Edge|p1a: Pelipper|[miss]
|-miss|p2a: Samurott|p1a: Pelipper
|move|p1a: Pelipper|U-turn|p2a: Samurott
|-supereffective|p2a: Samurott
|-damage|p2a: Samurott|80/100
|
|t:|1776034471
|switch|p1a: Barraskewda|Barraskewda, F|100/100|[from] U-turn
|
|-weather|RainDance|[upkeep]
|upkeep
|turn|2
|
|t:|1776034482
|switch|p2a: Glimmora|Glimmora, M|100/100
|move|p1a: Barraskewda|Flip Turn|p2a: Glimmora
|-supereffective|p2a: Glimmora
|-enditem|p2a: Glimmora|Focus Sash
|-damage|p2a: Glimmora|1/100
|-activate|p2a: Glimmora|ability: Toxic Debris
|-sidestart|p1: rank 1 greninja|move: Toxic Spikes
|
|t:|1776034485
|switch|p1a: Iron Treads|Iron Treads|100/100|[from] Flip Turn
|
|-weather|RainDance|[upkeep]
|upkeep
|turn|3
|inactive|Battle timer is ON: inactive players will automatically lose when time's up. (requested by rank 1 greninja)
|
|t:|1776034501
|switch|p2a: Samurott|Samurott-Hisui, M|80/100
|move|p1a: Iron Treads|Rapid Spin|p2a: Samurott
|-damage|p2a: Samurott|66/100
|-boost|p1a: Iron Treads|spe|1
|-sideend|p1: rank 1 greninja|Toxic Spikes|[from] move: Rapid Spin|[of] p1a: Iron Treads
|
|-weather|RainDance|[upkeep]
|upkeep
|turn|4
|
|t:|1776034507
|move|p1a: Iron Treads|Volt Switch|p2a: Samurott
|-supereffective|p2a: Samurott
|-damage|p2a: Samurott|51/100
|
|t:|1776034513
|-end|p1a: Iron Treads|Quark Drive|[silent]
|switch|p1a: Tornadus|Tornadus-Therian, M|100/100|[from] Volt Switch
|move|p2a: Samurott|Ceaseless Edge|p1a: Tornadus
|-damage|p1a: Tornadus|45/100
|-sidestart|p1: rank 1 greninja|Spikes
|
|-weather|RainDance|[upkeep]
|upkeep
|turn|5
|
|t:|1776034525
|switch|p2a: Iron Crown|Iron Crown|100/100
|move|p1a: Tornadus|Nasty Plot|p1a: Tornadus
|-boost|p1a: Tornadus|spa|2
|
|-weather|RainDance|[upkeep]
|upkeep
|turn|6
|
|t:|1776034541
|move|p1a: Tornadus|Weather Ball|p2a: Iron Crown
|-damage|p2a: Iron Crown|16/100
|-damage|p1a: Tornadus|36/100|[from] item: Life Orb
|move|p2a: Iron Crown|Tachyon Cutter|p1a: Tornadus
|-damage|p1a: Tornadus|4/100
|-damage|p1a: Tornadus|0 fnt
|faint|p1a: Tornadus
|-hitcount|p1: Tornadus|2
|
|-weather|RainDance|[upkeep]
|upkeep
|
|t:|1776034545
|switch|p1a: Iron Treads|Iron Treads|100/100
|-damage|p1a: Iron Treads|88/100|[from] Spikes
|turn|7
|
|t:|1776034559
|-end|p2a: Iron Crown|Quark Drive|[silent]
|switch|p2a: Samurott|Samurott-Hisui, M|51/100
|move|p1a: Iron Treads|Rapid Spin|p2a: Samurott
|-damage|p2a: Samurott|37/100
|-boost|p1a: Iron Treads|spe|1
|-sideend|p1: rank 1 greninja|Spikes|[from] move: Rapid Spin|[of] p1a: Iron Treads
|
|-weather|RainDance|[upkeep]
|upkeep
|turn|8
|
|t:|1776034566
|move|p1a: Iron Treads|Earthquake|p2a: Samurott
|-damage|p2a: Samurott|0 fnt
|faint|p2a: Samurott
|
|-weather|none
|upkeep
|
|t:|1776034588
|switch|p2a: Garchomp|Garchomp, M, shiny|100/100
|turn|9
|inactive|rank 1 greninja has 120 seconds left.
|
|t:|1776034645
|-end|p1a: Iron Treads|Quark Drive|[silent]
|switch|p1a: Bronzong|Bronzong|100/100
|move|p2a: Garchomp|Swords Dance|p2a: Garchomp
|-boost|p2a: Garchomp|atk|2
|
|upkeep
|turn|10
|
|t:|1776034653
|-terastallize|p2a: Garchomp|Fire
|move|p2a: Garchomp|Tera Blast|p1a: Bronzong|[anim] Tera Blast Fire
|-supereffective|p1a: Bronzong
|-damage|p1a: Bronzong|0 fnt
|faint|p1a: Bronzong
|
|upkeep
|
|t:|1776034665
|switch|p1a: Pelipper|Pelipper, M|100/100
|-weather|RainDance|[from] ability: Drizzle|[of] p1a: Pelipper
|turn|11
|
|t:|1776034672
|move|p2a: Garchomp|Scale Shot|p1a: Pelipper
|-damage|p1a: Pelipper|79/100
|-damage|p1a: Pelipper|57/100
|-damage|p1a: Pelipper|37/100
|-damage|p1a: Pelipper|16/100
|-hitcount|p1a: Pelipper|4
|-unboost|p2a: Garchomp|def|1
|-boost|p2a: Garchomp|spe|1
|move|p1a: Pelipper|U-turn|p2a: Garchomp
|-resisted|p2a: Garchomp
|-damage|p2a: Garchomp|93/100
|-damage|p1a: Pelipper|4/100|[from] ability: Rough Skin|[of] p2a: Garchomp
|
|t:|1776034676
|switch|p1a: Barraskewda|Barraskewda, F|100/100|[from] U-turn
|
|-weather|RainDance|[upkeep]
|upkeep
|turn|12
|
|t:|1776034681
|switch|p2a: Glimmora|Glimmora, M|1/100
|move|p1a: Barraskewda|Flip Turn|p2a: Glimmora
|-supereffective|p2a: Glimmora
|-damage|p2a: Glimmora|0 fnt
|-activate|p2a: Glimmora|ability: Toxic Debris
|-sidestart|p1: rank 1 greninja|move: Toxic Spikes
|faint|p2a: Glimmora
|
|t:|1776034690
|switch|p1a: Iron Treads|Iron Treads|88/100|[from] Flip Turn
|
|-weather|RainDance|[upkeep]
|upkeep
|
|t:|1776034711
|switch|p2a: Ogerpon|Ogerpon, F|100/100
|turn|13
|inactive|rank 1 greninja has 120 seconds left.
|
|t:|1776034738
|move|p2a: Ogerpon|Ivy Cudgel|p1a: Iron Treads
|-damage|p1a: Iron Treads|53/100
|move|p1a: Iron Treads|Rapid Spin|p2a: Ogerpon
|-damage|p2a: Ogerpon|83/100
|-boost|p1a: Iron Treads|spe|1
|-sideend|p1: rank 1 greninja|Toxic Spikes|[from] move: Rapid Spin|[of] p1a: Iron Treads
|
|-weather|RainDance|[upkeep]
|upkeep
|turn|14
|
|t:|1776034745
|move|p1a: Iron Treads|Ice Spinner|p2a: Ogerpon
|-supereffective|p2a: Ogerpon
|-damage|p2a: Ogerpon|33/100
|move|p2a: Ogerpon|Knock Off|p1a: Iron Treads
|-damage|p1a: Iron Treads|29/100
|-enditem|p1a: Iron Treads|Assault Vest|[from] move: Knock Off|[of] p2a: Ogerpon
|
|-weather|RainDance|[upkeep]
|upkeep
|turn|15
|
|t:|1776034757
|switch|p2a: Iron Crown|Iron Crown|16/100
|move|p1a: Iron Treads|Volt Switch|p2a: Iron Crown
|-damage|p2a: Iron Crown|9/100
|
|t:|1776034761
|-end|p1a: Iron Treads|Quark Drive|[silent]
|switch|p1a: Ogerpon|Ogerpon-Wellspring, F|100/100|[from] Volt Switch
|
|-weather|RainDance|[upkeep]
|upkeep
|turn|16
|
|t:|1776034772
|move|p1a: Ogerpon|Trailblaze|p2a: Iron Crown
|-resisted|p2a: Iron Crown
|-damage|p2a: Iron Crown|0 fnt
|-boost|p1a: Ogerpon|spe|1
|faint|p2a: Iron Crown
|-end|p2a: Iron Crown|Quark Drive|[silent]
|
|-weather|RainDance|[upkeep]
|upkeep
|
|t:|1776034777
|switch|p2a: Enamorus|Enamorus, F|100/100
|turn|17
|
|t:|1776034783
|-terastallize|p1a: Ogerpon|Water
|detailschange|p1a: Ogerpon|Ogerpon-Wellspring-Tera, F, tera:Water
|-ability|p1a: Ogerpon|Embody Aspect (Wellspring)|boost
|-boost|p1a: Ogerpon|spd|1
|move|p1a: Ogerpon|Ivy Cudgel|p2a: Enamorus|[anim] Ivy Cudgel Water
|-damage|p2a: Enamorus|0 fnt
|faint|p2a: Enamorus
|
|-weather|RainDance|[upkeep]
|upkeep
|
|t:|1776034787
|switch|p2a: Garchomp|Garchomp, M, shiny, tera:Fire|93/100
|turn|18
|-message|Just Barely forfeited.
|
|win|rank 1 greninja
|raw|rank 1 greninja's rating: 1395 &rarr; <strong>1413</strong><br />(+18 for winning)
|raw|Just Barely's rating: 1362 &rarr; <strong>1344</strong><br />(-18 for losing)
|l|☆Just Barely
|player|p2|
