|html|<div class="broadcast-blue"><strong>[Gen 9] OU is currently suspecting Tera Blast! For information on how to participate check out the <a href="https://www.smogon.com/tools/suspects/view/200">suspect thread</a>.</strong></div>
|j|☆i am a dirt
|j|☆Blaze Fenix
|t:|1776031615
|gametype|singles
|player|p1|i am a dirt|cress|1199
|player|p2|Blaze Fenix|blue|1198
|gen|9
|tier|[Gen 9] OU
|rated|
|rule|HP Percentage Mod: HP is shown in percentages
|rule|Endless Battle Clause: Forcing endless battles is banned
|rule|Species Clause: Limit one of each Pokémon
|rule|OHKO Clause: OHKO moves are banned
|rule|Evasion Items Clause: Evasion items are banned
|rule|Evasion Moves Clause: Evasion moves are banned
|rule|Evasion Abilities Clause: Evasion abilities are banned
|rule|Sleep Moves Clause: Sleep-inducing moves are banned
|clearpoke
|poke|p1|Iron Hands|
|poke|p1|Ninetales-Alola, F|
|poke|p1|Rillaboom, M|
|poke|p1|Iron Valiant|
|poke|p1|Glimmora, F|
|poke|p1|Gholdengo|
|poke|p2|Entei|
|poke|p2|Garchomp, M|
|poke|p2|Weavile, F|
|poke|p2|Slowbro, M|
|poke|p2|Corviknight, F|
|poke|p2|Rillaboom, M|
|teampreview
|c|☆i am a dirt|gl hf
|
|t:|1776031630
|teamsize|p1|6
|teamsize|p2|6
|start
|switch|p1a: Nine Tails|Ninetales-Alola, F|100/100
|switch|p2a: Slowbro|Slowbro, M|100/100
|-weather|Snowscape|[from] ability: Snow Warning|[of] p1a: Nine Tails
|turn|1
|
|t:|1776031638
|move|p1a: Nine Tails|Aurora Veil|p1a: Nine Tails
|-sidestart|p1: i am a dirt|move: Aurora Veil
|move|p2a: Slowbro|Future Sight|p1a: Nine Tails
|-start|p2a: Slowbro|move: Future Sight
|
|-weather|Snowscape|[upkeep]
|upkeep
|turn|2
|
|t:|1776031647
|move|p1a: Nine Tails|Freeze-Dry|p2a: Slowbro
|-supereffective|p2a: Slowbro
|-damage|p2a: Slowbro|60/100
|move|p2a: Slowbro|Thunder Wave|p1a: Nine Tails
|-status|p1a: Nine Tails|par
|
|-weather|Snowscape|[upkeep]
|upkeep
|turn|3
|
|t:|1776031657
|switch|p2a: Corviknight|Corviknight, F|100/100
|-ability|p2a: Corviknight|Pressure
|move|p1a: Nine Tails|Freeze-Dry|p2a: Corviknight
|-damage|p2a: Corviknight|87/100
|
|-weather|Snowscape|[upkeep]
|-end|p1a: Nine Tails|move: Future Sight
|-damage|p1a: Nine Tails|79/100 par
|-heal|p2a: Corviknight|93/100|[from] item: Leftovers
|upkeep
|turn|4
|
|t:|1776031672
|switch|p1a: C4TCH TH3S3|Iron Hands|100/100
|move|p2a: Corviknight|U-turn|p1a: C4TCH TH3S3
|-resisted|p1a: C4TCH TH3S3
|-damage|p1a: C4TCH TH3S3|99/100
|
|t:|1776031679
|switch|p2a: Garchomp|Garchomp, M|100/100|[from] U-turn
|
|-weather|Snowscape|[upkeep]
|upkeep
|turn|5
|
|t:|1776031686
|move|p2a: Garchomp|Earthquake|p1a: C4TCH TH3S3
|-supereffective|p1a: C4TCH TH3S3
|-damage|p1a: C4TCH TH3S3|70/100
|move|p1a: C4TCH TH3S3|Ice Punch|p2a: Garchomp
|-supereffective|p2a: Garchomp
|-damage|p2a: Garchomp|37/100
|-damage|p1a: C4TCH TH3S3|57/100|[from] ability: Rough Skin|[of] p2a: Garchomp
|-damage|p1a: C4TCH TH3S3|41/100|[from] item: Rocky Helmet|[of] p2a: Garchomp
|
|-weather|none
|upkeep
|turn|6
|
|t:|1776031699
|-terastallize|p1a: C4TCH TH3S3|Flying
|move|p2a: Garchomp|Stealth Rock|p1a: C4TCH TH3S3
|-sidestart|p1: i am a dirt|move: Stealth Rock
|move|p1a: C4TCH TH3S3|Ice Punch|p2a: Garchomp
|-supereffective|p2a: Garchomp
|-damage|p2a: Garchomp|0 fnt
|-damage|p1a: C4TCH TH3S3|28/100|[from] ability: Rough Skin|[of] p2a: Garchomp
|-damage|p1a: C4TCH TH3S3|12/100|[from] item: Rocky Helmet|[of] p2a: Garchomp
|faint|p2a: Garchomp
|
|upkeep
|
|t:|1776031719
|switch|p2a: Weavile|Weavile, F|100/100
|turn|7
|
|t:|1776031728
|move|p2a: Weavile|Knock Off|p1a: C4TCH TH3S3
|-damage|p1a: C4TCH TH3S3|0 fnt
|-enditem|p1a: C4TCH TH3S3|Grassy Seed|[from] move: Knock Off|[of] p2a: Weavile
|faint|p1a: C4TCH TH3S3
|-end|p1a: C4TCH TH3S3|Quark Drive|[silent]
|-damage|p2a: Weavile|91/100|[from] item: Life Orb
|
|upkeep
|
|t:|1776031734
|switch|p1a: bap|Iron Valiant|100/100
|-damage|p1a: bap|94/100|[from] Stealth Rock
|-enditem|p1a: bap|Booster Energy
|-activate|p1a: bap|ability: Quark Drive|[fromitem]
|-start|p1a: bap|quarkdrivespe
|turn|8
|
|t:|1776031750
|switch|p2a: Slowbro|Slowbro, M|94/100
|move|p1a: bap|Close Combat|p2a: Slowbro
|-resisted|p2a: Slowbro
|-damage|p2a: Slowbro|78/100
|-unboost|p1a: bap|def|1
|-unboost|p1a: bap|spd|1
|
|-sideend|p1: i am a dirt|move: Aurora Veil
|upkeep
|turn|9
|
|t:|1776031760
|-end|p1a: bap|Quark Drive|[silent]
|switch|p1a: RETURN TO MONKE|Rillaboom, M|100/100
|-damage|p1a: RETURN TO MONKE|88/100|[from] Stealth Rock
|-fieldstart|move: Grassy Terrain|[from] ability: Grassy Surge|[of] p1a: RETURN TO MONKE
|move|p2a: Slowbro|Future Sight|p1a: RETURN TO MONKE
|-start|p2a: Slowbro|move: Future Sight
|
|-heal|p1a: RETURN TO MONKE|94/100|[from] Grassy Terrain
|-heal|p2a: Slowbro|84/100|[from] Grassy Terrain
|upkeep
|turn|10
|
|t:|1776031771
|switch|p2a: Corviknight|Corviknight, F|93/100
|-ability|p2a: Corviknight|Pressure
|move|p1a: RETURN TO MONKE|Wood Hammer|p2a: Corviknight
|-resisted|p2a: Corviknight
|-damage|p2a: Corviknight|71/100
|-damage|p1a: RETURN TO MONKE|86/100|[from] Recoil
|-damage|p1a: RETURN TO MONKE|76/100|[from] item: Life Orb
|
|-heal|p1a: RETURN TO MONKE|82/100|[from] Grassy Terrain
|-heal|p2a: Corviknight|78/100|[from] item: Leftovers
|upkeep
|turn|11
|
|t:|1776031785
|switch|p1a: Methamphetamine|Glimmora, F|100/100
|-damage|p1a: Methamphetamine|88/100|[from] Stealth Rock
|move|p2a: Corviknight|U-turn|p1a: Methamphetamine
|-resisted|p1a: Methamphetamine
|-damage|p1a: Methamphetamine|80/100
|-activate|p1a: Methamphetamine|ability: Toxic Debris
|-sidestart|p2: Blaze Fenix|move: Toxic Spikes
|
|t:|1776031796
|switch|p2a: Slowbro|Slowbro, M|100/100|[from] U-turn
|
|-end|p1a: Methamphetamine|move: Future Sight
|-supereffective|p1a: Methamphetamine
|-damage|p1a: Methamphetamine|0 fnt
|faint|p1a: Methamphetamine
|upkeep
|c|☆i am a dirt|wait shit i forgot about that
|
|t:|1776031808
|switch|p1a: RETURN TO MONKE|Rillaboom, M|82/100
|-damage|p1a: RETURN TO MONKE|70/100|[from] Stealth Rock
|turn|12
|
|t:|1776031819
|switch|p2a: Corviknight|Corviknight, F|78/100
|-ability|p2a: Corviknight|Pressure
|move|p1a: RETURN TO MONKE|Knock Off|p2a: Corviknight
|-damage|p2a: Corviknight|42/100
|-enditem|p2a: Corviknight|Leftovers|[from] move: Knock Off|[of] p1a: RETURN TO MONKE
|-damage|p1a: RETURN TO MONKE|60/100|[from] item: Life Orb
|
|-heal|p1a: RETURN TO MONKE|66/100|[from] Grassy Terrain
|upkeep
|turn|13
|
|t:|1776031830
|switch|p1a: bap|Iron Valiant|94/100
|-damage|p1a: bap|88/100|[from] Stealth Rock
|move|p2a: Corviknight|U-turn|p1a: bap
|-resisted|p1a: bap
|-crit|p1a: bap
|-damage|p1a: bap|82/100
|
|t:|1776031838
|switch|p2a: Slowbro|Slowbro, M|100/100|[from] U-turn
|
|-heal|p1a: bap|88/100|[from] Grassy Terrain
|-fieldend|move: Grassy Terrain
|upkeep
|turn|14
|
|t:|1776031845
|move|p1a: bap|Moonblast|p2a: Slowbro
|-damage|p2a: Slowbro|52/100
|move|p2a: Slowbro|Future Sight|p1a: bap
|-start|p2a: Slowbro|move: Future Sight
|
|upkeep
|turn|15
|
|t:|1776031851
|switch|p2a: Corviknight|Corviknight, F|42/100
|-ability|p2a: Corviknight|Pressure
|move|p1a: bap|Encore||[still]
|-fail|p1a: bap
|
|upkeep
|turn|16
|
|t:|1776031860
|-end|p1a: bap|Quark Drive|[silent]
|switch|p1a: Nine Tails|Ninetales-Alola, F|79/100 par
|-damage|p1a: Nine Tails|54/100 par|[from] Stealth Rock
|-weather|Snowscape|[from] ability: Snow Warning|[of] p1a: Nine Tails
|move|p2a: Corviknight|Roost|p2a: Corviknight
|-heal|p2a: Corviknight|92/100
|-singleturn|p2a: Corviknight|move: Roost
|
|-weather|Snowscape|[upkeep]
|-end|p1a: Nine Tails|move: Future Sight
|-damage|p1a: Nine Tails|13/100 par
|upkeep
|turn|17
|
|t:|1776031873
|move|p1a: Nine Tails|Aurora Veil|p1a: Nine Tails
|-sidestart|p1: i am a dirt|move: Aurora Veil
|move|p2a: Corviknight|Defog|p1a: Nine Tails
|-unboost|p1a: Nine Tails|evasion|1
|-sideend|p1: i am a dirt|move: Aurora Veil
|-sideend|p1: i am a dirt|Stealth Rock|[from] move: Defog|[of] p2a: Corviknight
|-sideend|p2: Blaze Fenix|Toxic Spikes|[from] move: Defog|[of] p2a: Corviknight
|
|-weather|Snowscape|[upkeep]
|upkeep
|turn|18
|
|t:|1776031881
|switch|p1a: String Cheese Man|Gholdengo|100/100
|move|p2a: Corviknight|Brave Bird|p1a: String Cheese Man
|-resisted|p1a: String Cheese Man
|-damage|p1a: String Cheese Man|90/100
|-damage|p2a: Corviknight|88/100|[from] Recoil
|
|-weather|Snowscape|[upkeep]
|upkeep
|turn|19
|
|t:|1776031890
|move|p1a: String Cheese Man|Nasty Plot|p1a: String Cheese Man
|-boost|p1a: String Cheese Man|spa|2
|move|p2a: Corviknight|U-turn|p1a: String Cheese Man
|-resisted|p1a: String Cheese Man
|-damage|p1a: String Cheese Man|88/100
|
|t:|1776031896
|switch|p2a: Weavile|Weavile, F|91/100|[from] U-turn
|
|-weather|Snowscape|[upkeep]
|upkeep
|turn|20
|
|t:|1776031903
|move|p2a: Weavile|Knock Off|p1a: String Cheese Man
|-supereffective|p1a: String Cheese Man
|-damage|p1a: String Cheese Man|0 fnt
|-enditem|p1a: String Cheese Man|Grassy Seed|[from] move: Knock Off|[of] p2a: Weavile
|faint|p1a: String Cheese Man
|-damage|p2a: Weavile|81/100|[from] item: Life Orb
|
|-weather|none
|upkeep
|
|t:|1776031912
|switch|p1a: bap|Iron Valiant|88/100
|turn|21
|
|t:|1776031918
|switch|p2a: Corviknight|Corviknight, F|88/100
|-ability|p2a: Corviknight|Pressure
|move|p1a: bap|Close Combat|p2a: Corviknight
|-damage|p2a: Corviknight|48/100
|-unboost|p1a: bap|def|1
|-unboost|p1a: bap|spd|1
|
|upkeep
|turn|22
|
|t:|1776031931
|move|p1a: bap|Destiny Bond|p1a: bap
|-singlemove|p1a: bap|Destiny Bond
|move|p2a: Corviknight|Roost|p2a: Corviknight
|-heal|p2a: Corviknight|98/100
|-singleturn|p2a: Corviknight|move: Roost
|
|upkeep
|turn|23
|c|☆i am a dirt|yeah its over
|c|☆i am a dirt|ggs
|-message|i am a dirt forfeited.
|
|win|Blaze Fenix
|raw|i am a dirt's rating: 1199 &rarr; <strong>1174</strong><br />(-25 for losing)
|raw|Blaze Fenix's rating: 1198 &rarr; <strong>1223</strong><br />(+25 for winning)
|l|☆i am a dirt
|player|p1|
|l|☆Blaze Fenix
|player|p2|
