|html|<div class="broadcast-blue"><strong>[Gen 9] OU is currently suspecting Tera Blast! For information on how to participate check out the <a href="https://www.smogon.com/tools/suspects/view/200">suspect thread</a>.</strong></div>
|j|☆Laplace11
|j|☆redcted
|t:|1776180931
|gametype|singles
|player|p1|Laplace11|266|1315
|player|p2|redcted|265|1265
|gen|9
|tier|[Gen 9] OU
|rated|
|rule|HP Percentage Mod: HP is shown in percentages
|rule|Endless Battle Clause: Forcing endless battles is banned
|rule|Species Clause: Limit one of each Pokémon
|rule|OHKO Clause: OHKO moves are banned
|rule|Evasion Items Clause: Evasion items are banned
|rule|Evasion Moves Clause: Evasion moves are banned
|rule|Evasion Abilities Clause: Evasion abilities are banned
|rule|Sleep Moves Clause: Sleep-inducing moves are banned
|clearpoke
|poke|p1|Goodra-Hisui, F|
|poke|p1|Slowking-Galar, M|
|poke|p1|Moltres|
|poke|p1|Samurott-Hisui, F|
|poke|p1|Iron Treads|
|poke|p1|Iron Valiant|
|poke|p2|Breloom, F|
|poke|p2|Weezing-Galar, F|
|poke|p2|Heatran, F|
|poke|p2|Gliscor, M|
|poke|p2|Gholdengo|
|poke|p2|Iron Valiant|
|teampreview
|
|t:|1776180955
|teamsize|p1|6
|teamsize|p2|6
|start
|switch|p1a: Samurott|Samurott-Hisui, F|100/100
|switch|p2a: Breloom|Breloom, F|100/100
|turn|1
|inactive|Battle timer is ON: inactive players will automatically lose when time's up. (requested by redcted)
|inactive|Laplace11 has 120 seconds left.
|inactive|Laplace11 has 90 seconds left.
|inactive|Laplace11 has 60 seconds left.
|inactive|Laplace11 has 30 seconds left.
|inactive|Laplace11 has 20 seconds left.
|
|t:|1776181171
|switch|p2a: Heatran|Heatran, F|100/100
|move|p1a: Samurott|Sacred Sword|p2a: Heatran
|-supereffective|p2a: Heatran
|-damage|p2a: Heatran|0 fnt
|faint|p2a: Heatran
|
|upkeep
|
|t:|1776181195
|switch|p2a: Breloom|Breloom, F|100/100
|turn|2
|inactive|Laplace11 has 90 seconds left.
|
|t:|1776181201
|switch|p1a: Slowking|Slowking-Galar, M|100/100
|move|p2a: Breloom|Bullet Seed|p1a: Slowking
|-resisted|p1a: Slowking
|-damage|p1a: Slowking|91/100
|-resisted|p1a: Slowking
|-damage|p1a: Slowking|79/100
|-hitcount|p1a: Slowking|2
|
|upkeep
|turn|3
|
|t:|1776181209
|switch|p2a: Gholdengo|Gholdengo|100/100
|-item|p2a: Gholdengo|Air Balloon
|-prepare|p1a: Slowking|Chilly Reception|[premajor]
|move|p1a: Slowking|Chilly Reception|p1a: Slowking
|-weather|Snowscape
|
|t:|1776181214
|switch|p1a: Moltres|Moltres|100/100|[from] Chilly Reception
|
|-weather|Snowscape|[upkeep]
|upkeep
|turn|4
|
|t:|1776181226
|switch|p2a: Gliscor|Gliscor, M|100/100
|move|p1a: Moltres|Flamethrower|p2a: Gliscor
|-damage|p2a: Gliscor|70/100
|
|-weather|Snowscape|[upkeep]
|-status|p2a: Gliscor|tox|[from] item: Toxic Orb
|upkeep
|turn|5
|
|t:|1776181234
|move|p1a: Moltres|U-turn|p2a: Gliscor
|-resisted|p2a: Gliscor
|-damage|p2a: Gliscor|64/100 tox
|
|t:|1776181238
|switch|p1a: Slowking|Slowking-Galar, M|100/100|[from] U-turn
|move|p2a: Gliscor|Spikes|p1a: Slowking
|-sidestart|p1: Laplace11|Spikes
|
|-weather|Snowscape|[upkeep]
|-heal|p2a: Gliscor|76/100 tox|[from] ability: Poison Heal
|upkeep
|turn|6
|
|t:|1776181242
|move|p2a: Gliscor|Knock Off|p1a: Slowking
|-supereffective|p1a: Slowking
|-damage|p1a: Slowking|60/100
|-enditem|p1a: Slowking|Covert Cloak|[from] move: Knock Off|[of] p2a: Gliscor
|move|p1a: Slowking|Future Sight|p2a: Gliscor
|-start|p1a: Slowking|move: Future Sight
|
|-weather|Snowscape|[upkeep]
|-heal|p2a: Gliscor|89/100 tox|[from] ability: Poison Heal
|upkeep
|turn|7
|
|t:|1776181251
|switch|p1a: Samurott|Samurott-Hisui, F|100/100
|-damage|p1a: Samurott|88/100|[from] Spikes
|move|p2a: Gliscor|Earthquake|p1a: Samurott
|-damage|p1a: Samurott|45/100
|
|-weather|none
|-heal|p2a: Gliscor|100/100 tox|[from] ability: Poison Heal
|upkeep
|turn|8
|
|t:|1776181259
|move|p2a: Gliscor|Protect|p2a: Gliscor
|-singleturn|p2a: Gliscor|Protect
|move|p1a: Samurott|Aqua Cutter|p2a: Gliscor
|-activate|p2a: Gliscor|move: Protect
|
|-end|p2a: Gliscor|move: Future Sight
|-damage|p2a: Gliscor|63/100 tox
|-heal|p2a: Gliscor|75/100 tox|[from] ability: Poison Heal
|upkeep
|turn|9
|
|t:|1776181269
|switch|p2a: Weezing|Weezing-Galar, F|100/100
|move|p1a: Samurott|Aqua Cutter|p2a: Weezing
|-crit|p2a: Weezing
|-damage|p2a: Weezing|36/100
|
|upkeep
|turn|10
|
|t:|1776181279
|switch|p2a: Breloom|Breloom, F|100/100
|move|p1a: Samurott|Aqua Cutter|p2a: Breloom
|-resisted|p2a: Breloom
|-damage|p2a: Breloom|53/100
|
|upkeep
|turn|11
|
|t:|1776181284
|switch|p1a: Moltres|Moltres|100/100
|move|p2a: Breloom|Thunder Punch|p1a: Moltres
|-supereffective|p1a: Moltres
|-damage|p1a: Moltres|41/100
|
|upkeep
|turn|12
|
|t:|1776181293
|move|p1a: Moltres|Will-O-Wisp|p2a: Breloom
|-status|p2a: Breloom|brn
|move|p2a: Breloom|Thunder Punch|p1a: Moltres
|-supereffective|p1a: Moltres
|-damage|p1a: Moltres|16/100
|
|-damage|p2a: Breloom|47/100 brn|[from] brn
|upkeep
|turn|13
|
|t:|1776181298
|switch|p2a: Gliscor|Gliscor, M|75/100 tox
|move|p1a: Moltres|Roost|p1a: Moltres
|-heal|p1a: Moltres|66/100
|-singleturn|p1a: Moltres|move: Roost
|
|-heal|p2a: Gliscor|88/100 tox|[from] ability: Poison Heal
|upkeep
|turn|14
|
|t:|1776181306
|move|p1a: Moltres|Flamethrower|p2a: Gliscor
|-damage|p2a: Gliscor|54/100 tox
|move|p2a: Gliscor|Knock Off|p1a: Moltres
|-damage|p1a: Moltres|45/100
|-enditem|p1a: Moltres|Heavy-Duty Boots|[from] move: Knock Off|[of] p2a: Gliscor
|
|-heal|p2a: Gliscor|67/100 tox|[from] ability: Poison Heal
|upkeep
|turn|15
|
|t:|1776181317
|move|p2a: Gliscor|Protect|p2a: Gliscor
|-singleturn|p2a: Gliscor|Protect
|move|p1a: Moltres|Roost|p1a: Moltres
|-heal|p1a: Moltres|95/100
|-singleturn|p1a: Moltres|move: Roost
|
|-heal|p2a: Gliscor|79/100 tox|[from] ability: Poison Heal
|upkeep
|turn|16
|
|t:|1776181330
|move|p1a: Moltres|Flamethrower|p2a: Gliscor
|-damage|p2a: Gliscor|46/100 tox
|move|p2a: Gliscor|Spikes|p1a: Moltres
|-sidestart|p1: Laplace11|Spikes
|
|-heal|p2a: Gliscor|58/100 tox|[from] ability: Poison Heal
|upkeep
|turn|17
|
|t:|1776181341
|move|p2a: Gliscor|Protect|p2a: Gliscor
|-singleturn|p2a: Gliscor|Protect
|move|p1a: Moltres|Flamethrower|p2a: Gliscor
|-activate|p2a: Gliscor|move: Protect
|
|-heal|p2a: Gliscor|71/100 tox|[from] ability: Poison Heal
|upkeep
|turn|18
|
|t:|1776181347
|move|p1a: Moltres|Flamethrower|p2a: Gliscor
|-damage|p2a: Gliscor|40/100 tox
|move|p2a: Gliscor|Spikes|p1a: Moltres
|-sidestart|p1: Laplace11|Spikes
|
|-heal|p2a: Gliscor|52/100 tox|[from] ability: Poison Heal
|upkeep
|turn|19
|
|t:|1776181356
|move|p2a: Gliscor|Protect|p2a: Gliscor
|-singleturn|p2a: Gliscor|Protect
|move|p1a: Moltres|U-turn|p2a: Gliscor
|-activate|p2a: Gliscor|move: Protect
|
|-heal|p2a: Gliscor|65/100 tox|[from] ability: Poison Heal
|upkeep
|turn|20
|
|t:|1776181362
|move|p1a: Moltres|Flamethrower|p2a: Gliscor
|-damage|p2a: Gliscor|31/100 tox
|move|p2a: Gliscor|Knock Off|p1a: Moltres
|-damage|p1a: Moltres|81/100
|
|-heal|p2a: Gliscor|43/100 tox|[from] ability: Poison Heal
|upkeep
|turn|21
|
|t:|1776181369
|move|p2a: Gliscor|Protect|p2a: Gliscor
|-singleturn|p2a: Gliscor|Protect
|move|p1a: Moltres|Flamethrower|p2a: Gliscor
|-activate|p2a: Gliscor|move: Protect
|
|-heal|p2a: Gliscor|56/100 tox|[from] ability: Poison Heal
|upkeep
|turn|22
|
|t:|1776181380
|-terastallize|p2a: Gliscor|Water
|move|p1a: Moltres|Flamethrower|p2a: Gliscor
|-resisted|p2a: Gliscor
|-damage|p2a: Gliscor|39/100 tox
|move|p2a: Gliscor|Knock Off|p1a: Moltres
|-damage|p1a: Moltres|66/100
|
|-heal|p2a: Gliscor|52/100 tox|[from] ability: Poison Heal
|upkeep
|turn|23
|
|t:|1776181389
|move|p1a: Moltres|Roost|p1a: Moltres
|-heal|p1a: Moltres|100/100
|-singleturn|p1a: Moltres|move: Roost
|move|p2a: Gliscor|Knock Off|p1a: Moltres
|-damage|p1a: Moltres|85/100
|
|-heal|p2a: Gliscor|64/100 tox|[from] ability: Poison Heal
|upkeep
|turn|24
|
|t:|1776181398
|move|p1a: Moltres|U-turn|p2a: Gliscor
|-damage|p2a: Gliscor|52/100 tox
|
|t:|1776181428
|switch|p1a: Iron Valiant|Iron Valiant|100/100|[from] U-turn
|-damage|p1a: Iron Valiant|76/100|[from] Spikes
|move|p2a: Gliscor|Knock Off|p1a: Iron Valiant
|-resisted|p1a: Iron Valiant
|-damage|p1a: Iron Valiant|69/100
|-enditem|p1a: Iron Valiant|Choice Scarf|[from] move: Knock Off|[of] p2a: Gliscor
|
|-heal|p2a: Gliscor|64/100 tox|[from] ability: Poison Heal
|upkeep
|turn|25
|
|t:|1776181438
|move|p2a: Gliscor|Protect|p2a: Gliscor
|-singleturn|p2a: Gliscor|Protect
|move|p1a: Iron Valiant|Thunderbolt|p2a: Gliscor
|-activate|p2a: Gliscor|move: Protect
|
|-heal|p2a: Gliscor|77/100 tox|[from] ability: Poison Heal
|upkeep
|turn|26
|
|t:|1776181450
|switch|p2a: Iron Valiant|Iron Valiant|100/100
|-enditem|p2a: Iron Valiant|Booster Energy
|-activate|p2a: Iron Valiant|ability: Quark Drive|[fromitem]
|-start|p2a: Iron Valiant|quarkdrivespe
|move|p1a: Iron Valiant|Thunderbolt|p2a: Iron Valiant
|-damage|p2a: Iron Valiant|43/100
|
|upkeep
|turn|27
|
|t:|1776181461
|-end|p1a: Iron Valiant|Quark Drive|[silent]
|switch|p1a: Slowking|Slowking-Galar, M|94/100
|-damage|p1a: Slowking|69/100|[from] Spikes
|move|p2a: Iron Valiant|Knock Off|p1a: Slowking
|-supereffective|p1a: Slowking
|-damage|p1a: Slowking|33/100
|
|upkeep
|turn|28
|
|t:|1776181466
|move|p2a: Iron Valiant|Knock Off|p1a: Slowking
|-supereffective|p1a: Slowking
|-damage|p1a: Slowking|0 fnt
|faint|p1a: Slowking
|
|upkeep
|
|t:|1776181475
|switch|p1a: Moltres|Moltres|85/100
|turn|29
|
|t:|1776181484
|-end|p2a: Iron Valiant|Quark Drive|[silent]
|switch|p2a: Gliscor|Gliscor, M, tera:Water|77/100 tox
|move|p1a: Moltres|Flamethrower|p2a: Gliscor
|-resisted|p2a: Gliscor
|-damage|p2a: Gliscor|61/100 tox
|
|-heal|p2a: Gliscor|74/100 tox|[from] ability: Poison Heal
|upkeep
|turn|30
|
|t:|1776181495
|move|p2a: Gliscor|Protect|p2a: Gliscor
|-singleturn|p2a: Gliscor|Protect
|move|p1a: Moltres|U-turn|p2a: Gliscor
|-activate|p2a: Gliscor|move: Protect
|
|-heal|p2a: Gliscor|86/100 tox|[from] ability: Poison Heal
|upkeep
|turn|31
|
|t:|1776181514
|move|p1a: Moltres|Flamethrower|p2a: Gliscor
|-resisted|p2a: Gliscor
|-damage|p2a: Gliscor|72/100 tox
|move|p2a: Gliscor|Earthquake|p1a: Moltres
|-immune|p1a: Moltres
|
|-heal|p2a: Gliscor|84/100 tox|[from] ability: Poison Heal
|upkeep
|turn|32
|
|t:|1776181531
|move|p1a: Moltres|Flamethrower|p2a: Gliscor
|-resisted|p2a: Gliscor
|-damage|p2a: Gliscor|68/100 tox
|move|p2a: Gliscor|Knock Off|p1a: Moltres
|-damage|p1a: Moltres|71/100
|
|-heal|p2a: Gliscor|80/100 tox|[from] ability: Poison Heal
|upkeep
|turn|33
|
|t:|1776181540
|move|p2a: Gliscor|Protect|p2a: Gliscor
|-singleturn|p2a: Gliscor|Protect
|move|p1a: Moltres|U-turn|p2a: Gliscor
|-activate|p2a: Gliscor|move: Protect
|
|-heal|p2a: Gliscor|93/100 tox|[from] ability: Poison Heal
|upkeep
|turn|34
|
|t:|1776181544
|move|p1a: Moltres|Flamethrower|p2a: Gliscor
|-resisted|p2a: Gliscor
|-damage|p2a: Gliscor|77/100 tox
|move|p2a: Gliscor|Knock Off|p1a: Moltres
|-damage|p1a: Moltres|57/100
|
|-heal|p2a: Gliscor|90/100 tox|[from] ability: Poison Heal
|upkeep
|turn|35
|
|t:|1776181551
|move|p1a: Moltres|Roost|p1a: Moltres
|-heal|p1a: Moltres|100/100
|-singleturn|p1a: Moltres|move: Roost
|move|p2a: Gliscor|Knock Off|p1a: Moltres
|-damage|p1a: Moltres|87/100
|
|-heal|p2a: Gliscor|100/100 tox|[from] ability: Poison Heal
|upkeep
|turn|36
|
|t:|1776181557
|move|p1a: Moltres|U-turn|p2a: Gliscor
|-damage|p2a: Gliscor|88/100 tox
|
|t:|1776181581
|switch|p1a: Iron Valiant|Iron Valiant|69/100|[from] U-turn
|-damage|p1a: Iron Valiant|44/100|[from] Spikes
|move|p2a: Gliscor|Knock Off|p1a: Iron Valiant
|-resisted|p1a: Iron Valiant
|-damage|p1a: Iron Valiant|39/100
|
|-heal|p2a: Gliscor|100/100 tox|[from] ability: Poison Heal
|upkeep
|turn|37
|
|t:|1776181592
|move|p1a: Iron Valiant|Thunderbolt|p2a: Gliscor
|-supereffective|p2a: Gliscor
|-damage|p2a: Gliscor|52/100 tox
|move|p2a: Gliscor|Earthquake|p1a: Iron Valiant
|-damage|p1a: Iron Valiant|0 fnt
|faint|p1a: Iron Valiant
|-end|p1a: Iron Valiant|Quark Drive|[silent]
|
|-heal|p2a: Gliscor|65/100 tox|[from] ability: Poison Heal
|upkeep
|
|t:|1776181600
|switch|p1a: Iron Treads|Iron Treads|100/100
|-damage|p1a: Iron Treads|76/100|[from] Spikes
|turn|38
|
|t:|1776181607
|-terastallize|p1a: Iron Treads|Flying
|move|p2a: Gliscor|Protect|p2a: Gliscor
|-singleturn|p2a: Gliscor|Protect
|move|p1a: Iron Treads|Rapid Spin|p2a: Gliscor
|-activate|p2a: Gliscor|move: Protect
|
|-heal|p2a: Gliscor|77/100 tox|[from] ability: Poison Heal
|upkeep
|turn|39
|
|t:|1776181618
|switch|p2a: Gholdengo|Gholdengo|100/100
|-item|p2a: Gholdengo|Air Balloon
|move|p1a: Iron Treads|Volt Switch|p2a: Gholdengo
|-damage|p2a: Gholdengo|88/100
|-enditem|p2a: Gholdengo|Air Balloon
|
|t:|1776181625
|-end|p1a: Iron Treads|Quark Drive|[silent]
|switch|p1a: Samurott|Samurott-Hisui, F|45/100|[from] Volt Switch
|-damage|p1a: Samurott|20/100|[from] Spikes
|
|upkeep
|turn|40
|
|t:|1776181633
|switch|p2a: Breloom|Breloom, F|47/100 brn
|move|p1a: Samurott|Flip Turn|p2a: Breloom
|-resisted|p2a: Breloom
|-damage|p2a: Breloom|19/100 brn
|
|t:|1776181645
|switch|p1a: Iron Treads|Iron Treads, tera:Flying|76/100|[from] Flip Turn
|
|-damage|p2a: Breloom|13/100 brn|[from] brn
|upkeep
|turn|41
|
|t:|1776181650
|switch|p2a: Gholdengo|Gholdengo|88/100
|move|p1a: Iron Treads|Rapid Spin|p2a: Gholdengo
|-immune|p2a: Gholdengo
|
|upkeep
|turn|42
|
|t:|1776181669
|move|p1a: Iron Treads|Earthquake|p2a: Gholdengo
|-supereffective|p2a: Gholdengo
|-damage|p2a: Gholdengo|0 fnt
|faint|p2a: Gholdengo
|
|upkeep
|
|t:|1776181677
|switch|p2a: Gliscor|Gliscor, M, tera:Water|77/100 tox
|turn|43
|
|t:|1776181680
|move|p1a: Iron Treads|Rapid Spin|p2a: Gliscor
|-damage|p2a: Gliscor|64/100 tox
|-boost|p1a: Iron Treads|spe|1
|-sideend|p1: Laplace11|Spikes|[from] move: Rapid Spin|[of] p1a: Iron Treads
|move|p2a: Gliscor|Knock Off|p1a: Iron Treads
|-damage|p1a: Iron Treads|57/100
|-enditem|p1a: Iron Treads|Assault Vest|[from] move: Knock Off|[of] p2a: Gliscor
|
|-heal|p2a: Gliscor|77/100 tox|[from] ability: Poison Heal
|upkeep
|turn|44
|
|t:|1776181688
|move|p2a: Gliscor|Protect|p2a: Gliscor
|-singleturn|p2a: Gliscor|Protect
|move|p1a: Iron Treads|Earthquake|p2a: Gliscor
|-activate|p2a: Gliscor|move: Protect
|
|-heal|p2a: Gliscor|89/100 tox|[from] ability: Poison Heal
|upkeep
|turn|45
|
|t:|1776181693
|move|p1a: Iron Treads|Earthquake|p2a: Gliscor
|-damage|p2a: Gliscor|55/100 tox
|move|p2a: Gliscor|Knock Off|p1a: Iron Treads
|-damage|p1a: Iron Treads|44/100
|
|-heal|p2a: Gliscor|68/100 tox|[from] ability: Poison Heal
|upkeep
|turn|46
|l|☆redcted
|inactive|redcted disconnected and has a minute to reconnect!
|player|p2|
|
|t:|1776181713
|switch|p2a: Weezing|Weezing-Galar, F|36/100
|move|p1a: Iron Treads|Volt Switch|p2a: Weezing
|-damage|p2a: Weezing|21/100
|
|t:|1776181719
|-end|p1a: Iron Treads|Quark Drive|[silent]
|switch|p1a: Samurott|Samurott-Hisui, F|20/100|[from] Volt Switch
|
|upkeep
|turn|47
|j|☆redcted
|inactive|redcted reconnected and has 135 seconds left.
|player|p2|redcted|265|
|
|t:|1776181750
|switch|p2a: Gliscor|Gliscor, M, tera:Water|68/100 tox
|move|p1a: Samurott|Flip Turn|p2a: Gliscor
|-resisted|p2a: Gliscor
|-damage|p2a: Gliscor|50/100 tox
|
|t:|1776181763
|switch|p1a: Iron Treads|Iron Treads, tera:Flying|44/100|[from] Flip Turn
|
|-heal|p2a: Gliscor|63/100 tox|[from] ability: Poison Heal
|upkeep
|turn|48
|
|t:|1776181776
|move|p2a: Gliscor|Protect|p2a: Gliscor
|-singleturn|p2a: Gliscor|Protect
|move|p1a: Iron Treads|Volt Switch|p2a: Gliscor
|-activate|p2a: Gliscor|move: Protect
|
|-heal|p2a: Gliscor|75/100 tox|[from] ability: Poison Heal
|upkeep
|turn|49
|
|t:|1776181782
|move|p1a: Iron Treads|Earthquake|p2a: Gliscor
|-damage|p2a: Gliscor|39/100 tox
|move|p2a: Gliscor|Earthquake|p1a: Iron Treads
|-immune|p1a: Iron Treads
|
|-heal|p2a: Gliscor|51/100 tox|[from] ability: Poison Heal
|upkeep
|turn|50
|
|t:|1776181791
|move|p2a: Gliscor|Protect|p2a: Gliscor
|-singleturn|p2a: Gliscor|Protect
|move|p1a: Iron Treads|Earthquake|p2a: Gliscor
|-activate|p2a: Gliscor|move: Protect
|
|-heal|p2a: Gliscor|64/100 tox|[from] ability: Poison Heal
|upkeep
|turn|51
|
|t:|1776181794
|move|p1a: Iron Treads|Earthquake|p2a: Gliscor
|-damage|p2a: Gliscor|24/100 tox
|move|p2a: Gliscor|Spikes|p1a: Iron Treads
|-sidestart|p1: Laplace11|Spikes
|
|-heal|p2a: Gliscor|37/100 tox|[from] ability: Poison Heal
|upkeep
|turn|52
|
|t:|1776181802
|move|p2a: Gliscor|Protect|p2a: Gliscor
|-singleturn|p2a: Gliscor|Protect
|move|p1a: Iron Treads|Rapid Spin|p2a: Gliscor
|-activate|p2a: Gliscor|move: Protect
|
|-heal|p2a: Gliscor|49/100 tox|[from] ability: Poison Heal
|upkeep
|turn|53
|
|t:|1776181807
|switch|p2a: Weezing|Weezing-Galar, F|21/100
|move|p1a: Iron Treads|Earthquake|p2a: Weezing
|-immune|p2a: Weezing|[from] ability: Levitate
|
|upkeep
|turn|54
|
|t:|1776181820
|move|p1a: Iron Treads|Iron Head|p2a: Weezing
|-supereffective|p2a: Weezing
|-damage|p2a: Weezing|0 fnt
|-damage|p1a: Iron Treads|28/100|[from] item: Rocky Helmet|[of] p2a: Weezing
|faint|p2a: Weezing
|
|upkeep
|
|t:|1776181823
|switch|p2a: Iron Valiant|Iron Valiant|43/100
|turn|55
|
|t:|1776181833
|-end|p1a: Iron Treads|Quark Drive|[silent]
|switch|p1a: Samurott|Samurott-Hisui, F|20/100
|-damage|p1a: Samurott|8/100|[from] Spikes
|move|p2a: Iron Valiant|Moonblast|p1a: Samurott
|-supereffective|p1a: Samurott
|-damage|p1a: Samurott|0 fnt
|faint|p1a: Samurott
|
|upkeep
|
|t:|1776181841
|switch|p1a: Moltres|Moltres|87/100
|turn|56
|
|t:|1776181861
|-end|p2a: Iron Valiant|Quark Drive|[silent]
|switch|p2a: Gliscor|Gliscor, M, tera:Water|49/100 tox
|move|p1a: Moltres|Flamethrower|p2a: Gliscor
|-resisted|p2a: Gliscor
|-damage|p2a: Gliscor|32/100 tox
|
|-heal|p2a: Gliscor|45/100 tox|[from] ability: Poison Heal
|upkeep
|turn|57
|
|t:|1776181870
|move|p1a: Moltres|U-turn|p2a: Gliscor
|-damage|p2a: Gliscor|33/100 tox
|
|t:|1776181874
|switch|p1a: Iron Treads|Iron Treads, tera:Flying|28/100|[from] U-turn
|move|p2a: Gliscor|Knock Off|p1a: Iron Treads
|-damage|p1a: Iron Treads|15/100
|
|-heal|p2a: Gliscor|45/100 tox|[from] ability: Poison Heal
|upkeep
|turn|58
|
|t:|1776181882
|move|p2a: Gliscor|Protect|p2a: Gliscor
|-singleturn|p2a: Gliscor|Protect
|move|p1a: Iron Treads|Rapid Spin|p2a: Gliscor
|-activate|p2a: Gliscor|move: Protect
|
|-heal|p2a: Gliscor|58/100 tox|[from] ability: Poison Heal
|upkeep
|turn|59
|
|t:|1776181892
|move|p1a: Iron Treads|Volt Switch|p2a: Gliscor
|-supereffective|p2a: Gliscor
|-damage|p2a: Gliscor|38/100 tox
|
|t:|1776181899
|-end|p1a: Iron Treads|Quark Drive|[silent]
|switch|p1a: Moltres|Moltres|87/100|[from] Volt Switch
|move|p2a: Gliscor|Knock Off|p1a: Moltres
|-damage|p1a: Moltres|74/100
|
|-heal|p2a: Gliscor|51/100 tox|[from] ability: Poison Heal
|upkeep
|turn|60
|
|t:|1776181912
|move|p1a: Moltres|Flamethrower|p2a: Gliscor
|-resisted|p2a: Gliscor
|-damage|p2a: Gliscor|35/100 tox
|move|p2a: Gliscor|Knock Off|p1a: Moltres
|-damage|p1a: Moltres|59/100
|
|-heal|p2a: Gliscor|48/100 tox|[from] ability: Poison Heal
|upkeep
|turn|61
|
|t:|1776181920
|move|p1a: Moltres|Flamethrower|p2a: Gliscor
|-resisted|p2a: Gliscor
|-damage|p2a: Gliscor|31/100 tox
|move|p2a: Gliscor|Knock Off|p1a: Moltres
|-damage|p1a: Moltres|46/100
|
|-heal|p2a: Gliscor|43/100 tox|[from] ability: Poison Heal
|upkeep
|turn|62
|
|t:|1776181925
|move|p1a: Moltres|Flamethrower|p2a: Gliscor
|-resisted|p2a: Gliscor
|-damage|p2a: Gliscor|28/100 tox
|move|p2a: Gliscor|Knock Off|p1a: Moltres
|-damage|p1a: Moltres|31/100
|
|-heal|p2a: Gliscor|41/100 tox|[from] ability: Poison Heal
|upkeep
|turn|63
|
|t:|1776181933
|move|p1a: Moltres|Roost|p1a: Moltres
|-heal|p1a: Moltres|81/100
|-singleturn|p1a: Moltres|move: Roost
|move|p2a: Gliscor|Spikes|p1a: Moltres
|-sidestart|p1: Laplace11|Spikes
|
|-heal|p2a: Gliscor|53/100 tox|[from] ability: Poison Heal
|upkeep
|turn|64
|
|t:|1776181946
|move|p1a: Moltres|Flamethrower|p2a: Gliscor
|-resisted|p2a: Gliscor
|-damage|p2a: Gliscor|38/100 tox
|move|p2a: Gliscor|Knock Off|p1a: Moltres
|-damage|p1a: Moltres|67/100
|
|-heal|p2a: Gliscor|50/100 tox|[from] ability: Poison Heal
|upkeep
|turn|65
|
|t:|1776181954
|move|p1a: Moltres|Flamethrower|p2a: Gliscor
|-resisted|p2a: Gliscor
|-damage|p2a: Gliscor|33/100 tox
|move|p2a: Gliscor|Knock Off|p1a: Moltres
|-damage|p1a: Moltres|53/100
|
|-heal|p2a: Gliscor|46/100 tox|[from] ability: Poison Heal
|upkeep
|turn|66
|
|t:|1776181959
|move|p1a: Moltres|Roost|p1a: Moltres
|-heal|p1a: Moltres|100/100
|-singleturn|p1a: Moltres|move: Roost
|move|p2a: Gliscor|Knock Off|p1a: Moltres
|-damage|p1a: Moltres|87/100
|
|-heal|p2a: Gliscor|58/100 tox|[from] ability: Poison Heal
|upkeep
|turn|67
|
|t:|1776181970
|move|p1a: Moltres|U-turn|p2a: Gliscor
|-damage|p2a: Gliscor|48/100 tox
|
|t:|1776181974
|switch|p1a: Iron Treads|Iron Treads, tera:Flying|15/100|[from] U-turn
|move|p2a: Gliscor|Earthquake|p1a: Iron Treads
|-immune|p1a: Iron Treads
|
|-heal|p2a: Gliscor|60/100 tox|[from] ability: Poison Heal
|upkeep
|turn|68
|
|t:|1776181983
|move|p1a: Iron Treads|Earthquake|p2a: Gliscor
|-damage|p2a: Gliscor|23/100 tox
|move|p2a: Gliscor|Knock Off|p1a: Iron Treads
|-damage|p1a: Iron Treads|3/100
|
|-heal|p2a: Gliscor|35/100 tox|[from] ability: Poison Heal
|upkeep
|turn|69
|
|t:|1776181997
|move|p2a: Gliscor|Protect|p2a: Gliscor
|-singleturn|p2a: Gliscor|Protect
|move|p1a: Iron Treads|Earthquake|p2a: Gliscor
|-activate|p2a: Gliscor|move: Protect
|
|-heal|p2a: Gliscor|48/100 tox|[from] ability: Poison Heal
|upkeep
|turn|70
|
|t:|1776182004
|move|p1a: Iron Treads|Rapid Spin|p2a: Gliscor
|-damage|p2a: Gliscor|35/100 tox
|-boost|p1a: Iron Treads|spe|1
|-sideend|p1: Laplace11|Spikes|[from] move: Rapid Spin|[of] p1a: Iron Treads
|move|p2a: Gliscor|Knock Off|p1a: Iron Treads
|-damage|p1a: Iron Treads|0 fnt
|faint|p1a: Iron Treads
|-end|p1a: Iron Treads|Quark Drive|[silent]
|
|-heal|p2a: Gliscor|48/100 tox|[from] ability: Poison Heal
|upkeep
|
|t:|1776182032
|switch|p1a: Goodra|Goodra-Hisui, F|100/100
|turn|71
|c|☆redcted|I think it’s gags bro
|
|t:|1776182041
|move|p2a: Gliscor|Protect|p2a: Gliscor
|-singleturn|p2a: Gliscor|Protect
|move|p1a: Goodra|Acid Armor|p1a: Goodra
|-boost|p1a: Goodra|def|2
|
|-heal|p2a: Gliscor|60/100 tox|[from] ability: Poison Heal
|upkeep
|turn|72
|
|t:|1776182060
|switch|p2a: Iron Valiant|Iron Valiant|43/100
|move|p1a: Goodra|Substitute|p1a: Goodra
|-start|p1a: Goodra|Substitute
|-damage|p1a: Goodra|75/100
|
|-heal|p1a: Goodra|82/100|[from] item: Leftovers
|upkeep
|turn|73
|
|t:|1776182068
|move|p2a: Iron Valiant|Moonblast|p1a: Goodra
|-end|p1a: Goodra|Substitute
|move|p1a: Goodra|Body Press|p2a: Iron Valiant
|-resisted|p2a: Iron Valiant
|-damage|p2a: Iron Valiant|10/100
|
|-heal|p1a: Goodra|88/100|[from] item: Leftovers
|upkeep
|turn|74
|
|t:|1776182083
|move|p2a: Iron Valiant|Moonblast|p1a: Goodra
|-damage|p1a: Goodra|57/100
|move|p1a: Goodra|Body Press|p2a: Iron Valiant
|-resisted|p2a: Iron Valiant
|-damage|p2a: Iron Valiant|0 fnt
|faint|p2a: Iron Valiant
|-end|p2a: Iron Valiant|Quark Drive|[silent]
|
|-heal|p1a: Goodra|63/100|[from] item: Leftovers
|upkeep
|
|t:|1776182091
|switch|p2a: Breloom|Breloom, F|13/100 brn
|turn|75
|
|t:|1776182102
|move|p2a: Breloom|Mach Punch|p1a: Goodra
|-supereffective|p1a: Goodra
|-crit|p1a: Goodra
|-damage|p1a: Goodra|24/100
|move|p1a: Goodra|Body Press|p2a: Breloom
|-damage|p2a: Breloom|0 fnt
|faint|p2a: Breloom
|
|-heal|p1a: Goodra|30/100|[from] item: Leftovers
|upkeep
|
|t:|1776182105
|switch|p2a: Gliscor|Gliscor, M, tera:Water|60/100 tox
|turn|76
|
|t:|1776182108
|move|p2a: Gliscor|Earthquake|p1a: Goodra
|-supereffective|p1a: Goodra
|-damage|p1a: Goodra|7/100
|move|p1a: Goodra|Body Press|p2a: Gliscor
|-damage|p2a: Gliscor|21/100 tox
|
|-heal|p1a: Goodra|13/100|[from] item: Leftovers
|-heal|p2a: Gliscor|34/100 tox|[from] ability: Poison Heal
|upkeep
|turn|77
|
|t:|1776182126
|move|p2a: Gliscor|Earthquake|p1a: Goodra
|-supereffective|p1a: Goodra
|-damage|p1a: Goodra|0 fnt
|faint|p1a: Goodra
|
|-heal|p2a: Gliscor|46/100 tox|[from] ability: Poison Heal
|upkeep
|
|t:|1776182130
|switch|p1a: Moltres|Moltres|87/100
|turn|78
|
|t:|1776182144
|move|p1a: Moltres|U-turn|p2a: Gliscor
|-damage|p2a: Gliscor|34/100 tox
|move|p2a: Gliscor|Knock Off|p1a: Moltres
|-damage|p1a: Moltres|73/100
|
|-heal|p2a: Gliscor|46/100 tox|[from] ability: Poison Heal
|upkeep
|turn|79
|
|t:|1776182151
|move|p1a: Moltres|U-turn|p2a: Gliscor
|-damage|p2a: Gliscor|34/100 tox
|move|p2a: Gliscor|Knock Off|p1a: Moltres
|-damage|p1a: Moltres|60/100
|
|-heal|p2a: Gliscor|46/100 tox|[from] ability: Poison Heal
|upkeep
|turn|80
|
|t:|1776182164
|move|p1a: Moltres|Flamethrower|p2a: Gliscor
|-resisted|p2a: Gliscor
|-damage|p2a: Gliscor|30/100 tox
|move|p2a: Gliscor|Knock Off|p1a: Moltres
|-damage|p1a: Moltres|45/100
|
|-heal|p2a: Gliscor|43/100 tox|[from] ability: Poison Heal
|upkeep
|turn|81
|
|t:|1776182172
|move|p1a: Moltres|Flamethrower|p2a: Gliscor
|-resisted|p2a: Gliscor
|-damage|p2a: Gliscor|26/100 tox
|move|p2a: Gliscor|Knock Off|p1a: Moltres
|-damage|p1a: Moltres|30/100
|
|-heal|p2a: Gliscor|39/100 tox|[from] ability: Poison Heal
|upkeep
|turn|82
|
|t:|1776182179
|move|p1a: Moltres|Roost|p1a: Moltres
|-heal|p1a: Moltres|80/100
|-singleturn|p1a: Moltres|move: Roost
|move|p2a: Gliscor|Knock Off|p1a: Moltres
|-damage|p1a: Moltres|66/100
|
|-heal|p2a: Gliscor|51/100 tox|[from] ability: Poison Heal
|upkeep
|turn|83
|
|t:|1776182185
|move|p1a: Moltres|Flamethrower|p2a: Gliscor
|-resisted|p2a: Gliscor
|-damage|p2a: Gliscor|34/100 tox
|move|p2a: Gliscor|Knock Off|p1a: Moltres
|-damage|p1a: Moltres|53/100
|
|-heal|p2a: Gliscor|47/100 tox|[from] ability: Poison Heal
|upkeep
|turn|84
|
|t:|1776182190
|move|p1a: Moltres|Roost|p1a: Moltres
|-heal|p1a: Moltres|100/100
|-singleturn|p1a: Moltres|move: Roost
|move|p2a: Gliscor|Knock Off|p1a: Moltres
|-damage|p1a: Moltres|87/100
|
|-heal|p2a: Gliscor|59/100 tox|[from] ability: Poison Heal
|upkeep
|turn|85
|
|t:|1776182201
|move|p1a: Moltres|U-turn|p2a: Gliscor
|-damage|p2a: Gliscor|47/100 tox
|move|p2a: Gliscor|Knock Off|p1a: Moltres
|-damage|p1a: Moltres|73/100
|
|-heal|p2a: Gliscor|60/100 tox|[from] ability: Poison Heal
|upkeep
|turn|86
|
|t:|1776182211
|move|p1a: Moltres|U-turn|p2a: Gliscor
|-damage|p2a: Gliscor|47/100 tox
|move|p2a: Gliscor|Knock Off|p1a: Moltres
|-damage|p1a: Moltres|59/100
|
|-heal|p2a: Gliscor|60/100 tox|[from] ability: Poison Heal
|upkeep
|turn|87
|
|t:|1776182217
|move|p1a: Moltres|U-turn|p2a: Gliscor
|-damage|p2a: Gliscor|48/100 tox
|move|p2a: Gliscor|Knock Off|p1a: Moltres
|-damage|p1a: Moltres|45/100
|
|-heal|p2a: Gliscor|60/100 tox|[from] ability: Poison Heal
|upkeep
|turn|88
|c|☆redcted|mwahahaha
|
|t:|1776182224
|move|p1a: Moltres|U-turn|p2a: Gliscor
|-damage|p2a: Gliscor|49/100 tox
|move|p2a: Gliscor|Spikes|p1a: Moltres
|-sidestart|p1: Laplace11|Spikes
|
|-heal|p2a: Gliscor|61/100 tox|[from] ability: Poison Heal
|upkeep
|turn|89
|
|t:|1776182230
|move|p1a: Moltres|U-turn|p2a: Gliscor
|-damage|p2a: Gliscor|49/100 tox
|move|p2a: Gliscor|Spikes|p1a: Moltres
|-sidestart|p1: Laplace11|Spikes
|
|-heal|p2a: Gliscor|61/100 tox|[from] ability: Poison Heal
|upkeep
|turn|90
|
|t:|1776182233
|move|p1a: Moltres|Will-O-Wisp||[still]
|-fail|p1a: Moltres
|move|p2a: Gliscor|Earthquake|p1a: Moltres
|-immune|p1a: Moltres
|
|-heal|p2a: Gliscor|74/100 tox|[from] ability: Poison Heal
|upkeep
|turn|91
|
|t:|1776182237
|move|p1a: Moltres|Will-O-Wisp||[still]
|-fail|p1a: Moltres
|move|p2a: Gliscor|Spikes|p1a: Moltres
|-sidestart|p1: Laplace11|Spikes
|
|-heal|p2a: Gliscor|86/100 tox|[from] ability: Poison Heal
|upkeep
|turn|92
|
|t:|1776182244
|move|p1a: Moltres|Will-O-Wisp||[still]
|-fail|p1a: Moltres
|move|p2a: Gliscor|Spikes||[still]
|-fail|p2a: Gliscor
|
|-heal|p2a: Gliscor|99/100 tox|[from] ability: Poison Heal
|upkeep
|turn|93
|
|t:|1776182252
|move|p1a: Moltres|Will-O-Wisp||[still]
|-fail|p1a: Moltres
|move|p2a: Gliscor|Spikes||[still]
|-fail|p2a: Gliscor
|
|-heal|p2a: Gliscor|100/100 tox|[from] ability: Poison Heal
|upkeep
|turn|94
|
|t:|1776182259
|move|p1a: Moltres|Will-O-Wisp||[still]
|-fail|p1a: Moltres
|move|p2a: Gliscor|Spikes||[still]
|-fail|p2a: Gliscor
|
|upkeep
|turn|95
|
|t:|1776182261
|move|p1a: Moltres|Will-O-Wisp||[still]
|-fail|p1a: Moltres
|move|p2a: Gliscor|Earthquake|p1a: Moltres
|-immune|p1a: Moltres
|
|upkeep
|turn|96
|
|t:|1776182265
|move|p1a: Moltres|Will-O-Wisp||[still]
|-fail|p1a: Moltres
|move|p2a: Gliscor|Earthquake|p1a: Moltres
|-immune|p1a: Moltres
|
|upkeep
|turn|97
|
|t:|1776182269
|move|p1a: Moltres|Will-O-Wisp|p2a: Gliscor|[miss]
|-miss|p1a: Moltres|p2a: Gliscor
|move|p2a: Gliscor|Earthquake|p1a: Moltres
|-immune|p1a: Moltres
|
|upkeep
|turn|98
|
|t:|1776182271
|move|p1a: Moltres|Will-O-Wisp||[still]
|-fail|p1a: Moltres
|move|p2a: Gliscor|Earthquake|p1a: Moltres
|-immune|p1a: Moltres
|
|upkeep
|turn|99
|
|t:|1776182273
|move|p1a: Moltres|Will-O-Wisp||[still]
|-fail|p1a: Moltres
|move|p2a: Gliscor|Earthquake|p1a: Moltres
|-immune|p1a: Moltres
|
|upkeep
|turn|100
|
|t:|1776182280
|move|p1a: Moltres|Will-O-Wisp||[still]
|-fail|p1a: Moltres
|move|p2a: Gliscor|Earthquake|p1a: Moltres
|-immune|p1a: Moltres
|
|upkeep
|turn|101
|
|t:|1776182283
|move|p1a: Moltres|Will-O-Wisp||[still]
|-fail|p1a: Moltres
|move|p2a: Gliscor|Earthquake|p1a: Moltres
|-immune|p1a: Moltres
|
|upkeep
|turn|102
|
|t:|1776182286
|move|p1a: Moltres|Will-O-Wisp||[still]
|-fail|p1a: Moltres
|move|p2a: Gliscor|Earthquake|p1a: Moltres
|-immune|p1a: Moltres
|
|upkeep
|turn|103
|
|t:|1776182295
|move|p1a: Moltres|Will-O-Wisp||[still]
|-fail|p1a: Moltres
|move|p2a: Gliscor|Spikes||[still]
|-fail|p2a: Gliscor
|
|upkeep
|turn|104
|
|t:|1776182304
|move|p1a: Moltres|Will-O-Wisp||[still]
|-fail|p1a: Moltres
|move|p2a: Gliscor|Spikes||[still]
|-fail|p2a: Gliscor
|
|upkeep
|turn|105
|
|t:|1776182306
|move|p1a: Moltres|Will-O-Wisp||[still]
|-fail|p1a: Moltres
|move|p2a: Gliscor|Spikes||[still]
|-fail|p2a: Gliscor
|
|upkeep
|turn|106
|
|t:|1776182308
|move|p1a: Moltres|Will-O-Wisp||[still]
|-fail|p1a: Moltres
|move|p2a: Gliscor|Spikes||[still]
|-fail|p2a: Gliscor
|
|upkeep
|turn|107
|
|t:|1776182310
|move|p1a: Moltres|Will-O-Wisp||[still]
|-fail|p1a: Moltres
|move|p2a: Gliscor|Spikes||[still]
|-fail|p2a: Gliscor
|
|upkeep
|turn|108
|
|t:|1776182312
|move|p1a: Moltres|Will-O-Wisp||[still]
|-fail|p1a: Moltres
|move|p2a: Gliscor|Spikes||[still]
|-fail|p2a: Gliscor
|
|upkeep
|turn|109
|
|t:|1776182314
|move|p1a: Moltres|Will-O-Wisp||[still]
|-fail|p1a: Moltres
|move|p2a: Gliscor|Spikes||[still]
|-fail|p2a: Gliscor
|
|upkeep
|turn|110
|
|t:|1776182316
|move|p1a: Moltres|Will-O-Wisp||[still]
|-fail|p1a: Moltres
|move|p2a: Gliscor|Spikes||[still]
|-fail|p2a: Gliscor
|
|upkeep
|turn|111
|
|t:|1776182318
|move|p1a: Moltres|Will-O-Wisp||[still]
|-fail|p1a: Moltres
|move|p2a: Gliscor|Spikes||[still]
|-fail|p2a: Gliscor
|
|upkeep
|turn|112
|
|t:|1776182319
|move|p1a: Moltres|Will-O-Wisp||[still]
|-fail|p1a: Moltres
|move|p2a: Gliscor|Spikes||[still]
|-fail|p2a: Gliscor
|
|upkeep
|turn|113
|
|t:|1776182322
|move|p1a: Moltres|U-turn|p2a: Gliscor
|-damage|p2a: Gliscor|89/100 tox
|move|p2a: Gliscor|Spikes||[still]
|-fail|p2a: Gliscor
|
|-heal|p2a: Gliscor|100/100 tox|[from] ability: Poison Heal
|upkeep
|turn|114
|
|t:|1776182324
|move|p1a: Moltres|U-turn|p2a: Gliscor
|-damage|p2a: Gliscor|89/100 tox
|move|p2a: Gliscor|Spikes||[still]
|-fail|p2a: Gliscor
|
|-heal|p2a: Gliscor|100/100 tox|[from] ability: Poison Heal
|upkeep
|turn|115
|
|t:|1776182328
|move|p1a: Moltres|U-turn|p2a: Gliscor
|-damage|p2a: Gliscor|89/100 tox
|move|p2a: Gliscor|Spikes||[still]
|-fail|p2a: Gliscor
|
|-heal|p2a: Gliscor|100/100 tox|[from] ability: Poison Heal
|upkeep
|turn|116
|
|t:|1776182329
|move|p1a: Moltres|U-turn|p2a: Gliscor
|-damage|p2a: Gliscor|90/100 tox
|move|p2a: Gliscor|Spikes||[still]
|-fail|p2a: Gliscor
|
|-heal|p2a: Gliscor|100/100 tox|[from] ability: Poison Heal
|upkeep
|turn|117
|l|☆redcted
|inactive|redcted disconnected and has a minute to reconnect!
|player|p2|
|j|☆redcted
|inactive|redcted reconnected and has 135 seconds left.
|player|p2|redcted|265|
|
|t:|1776182351
|move|p1a: Moltres|U-turn|p2a: Gliscor
|-damage|p2a: Gliscor|88/100 tox
|move|p2a: Gliscor|Spikes||[still]
|-fail|p2a: Gliscor
|
|-heal|p2a: Gliscor|100/100 tox|[from] ability: Poison Heal
|upkeep
|turn|118
|
|t:|1776182356
|move|p1a: Moltres|U-turn|p2a: Gliscor
|-damage|p2a: Gliscor|90/100 tox
|move|p2a: Gliscor|Spikes||[still]
|-fail|p2a: Gliscor
|
|-heal|p2a: Gliscor|100/100 tox|[from] ability: Poison Heal
|upkeep
|turn|119
|
|t:|1776182358
|move|p1a: Moltres|U-turn|p2a: Gliscor
|-damage|p2a: Gliscor|88/100 tox
|move|p2a: Gliscor|Spikes||[still]
|-fail|p2a: Gliscor
|
|-heal|p2a: Gliscor|100/100 tox|[from] ability: Poison Heal
|upkeep
|turn|120
|
|t:|1776182360
|move|p1a: Moltres|U-turn|p2a: Gliscor
|-damage|p2a: Gliscor|90/100 tox
|move|p2a: Gliscor|Spikes||[still]
|-fail|p2a: Gliscor
|
|-heal|p2a: Gliscor|100/100 tox|[from] ability: Poison Heal
|upkeep
|turn|121
|
|t:|1776182366
|move|p1a: Moltres|U-turn|p2a: Gliscor
|-damage|p2a: Gliscor|90/100 tox
|move|p2a: Gliscor|Spikes||[still]
|-fail|p2a: Gliscor
|
|-heal|p2a: Gliscor|100/100 tox|[from] ability: Poison Heal
|upkeep
|turn|122
|
|t:|1776182370
|move|p1a: Moltres|U-turn|p2a: Gliscor
|-damage|p2a: Gliscor|88/100 tox
|move|p2a: Gliscor|Spikes||[still]
|-fail|p2a: Gliscor
|
|-heal|p2a: Gliscor|100/100 tox|[from] ability: Poison Heal
|upkeep
|turn|123
|
|t:|1776182376
|move|p1a: Moltres|U-turn|p2a: Gliscor
|-damage|p2a: Gliscor|88/100 tox
|move|p2a: Gliscor|Spikes||[still]
|-fail|p2a: Gliscor
|
|-heal|p2a: Gliscor|100/100 tox|[from] ability: Poison Heal
|upkeep
|turn|124
|
|t:|1776182379
|move|p1a: Moltres|Flamethrower|p2a: Gliscor
|-resisted|p2a: Gliscor
|-damage|p2a: Gliscor|84/100 tox
|-activate|p2a: Gliscor|move: Struggle
|move|p2a: Gliscor|Struggle|p1a: Moltres
|-damage|p1a: Moltres|34/100
|-damage|p2a: Gliscor|59/100 tox|[from] recoil
|
|-heal|p2a: Gliscor|72/100 tox|[from] ability: Poison Heal
|upkeep
|turn|125
|
|t:|1776182385
|move|p1a: Moltres|Flamethrower|p2a: Gliscor
|-resisted|p2a: Gliscor
|-damage|p2a: Gliscor|55/100 tox
|-activate|p2a: Gliscor|move: Struggle
|move|p2a: Gliscor|Struggle|p1a: Moltres
|-damage|p1a: Moltres|23/100
|-damage|p2a: Gliscor|30/100 tox|[from] recoil
|
|-heal|p2a: Gliscor|43/100 tox|[from] ability: Poison Heal
|upkeep
|turn|126
|
|t:|1776182392
|move|p1a: Moltres|Flamethrower|p2a: Gliscor
|-resisted|p2a: Gliscor
|-damage|p2a: Gliscor|25/100 tox
|-activate|p2a: Gliscor|move: Struggle
|move|p2a: Gliscor|Struggle|p1a: Moltres
|-damage|p1a: Moltres|12/100
|-damage|p2a: Gliscor|0 fnt|[from] recoil
|faint|p2a: Gliscor
|
|win|Laplace11
|raw|Laplace11's rating: 1315 &rarr; <strong>1332</strong><br />(+17 for winning)
|raw|redcted's rating: 1265 &rarr; <strong>1244</strong><br />(-21 for losing)
|c|☆redcted|lmao gg
