|html|<div class="broadcast-blue"><strong>[Gen 9] OU is currently suspecting Tera Blast! For information on how to participate check out the <a href="https://www.smogon.com/tools/suspects/view/200">suspect thread</a>.</strong></div>
|j|☆leowmeer
|j|☆thecrowqueen
|t:|1776215833
|gametype|singles
|player|p1|leowmeer|102|1000
|player|p2|thecrowqueen|veteranf|1047
|gen|9
|tier|[Gen 9] OU
|rated|
|rule|HP Percentage Mod: HP is shown in percentages
|rule|Endless Battle Clause: Forcing endless battles is banned
|rule|Species Clause: Limit one of each Pokémon
|rule|OHKO Clause: OHKO moves are banned
|rule|Evasion Items Clause: Evasion items are banned
|rule|Evasion Moves Clause: Evasion moves are banned
|rule|Evasion Abilities Clause: Evasion abilities are banned
|rule|Sleep Moves Clause: Sleep-inducing moves are banned
|clearpoke
|poke|p1|Pelipper, M|
|poke|p1|Swampert, M|
|poke|p1|Gliscor, M|
|poke|p1|Salamence, F|
|poke|p1|Corviknight, M|
|poke|p1|Dragapult, M|
|poke|p2|Dondozo, F|
|poke|p2|Blissey, F|
|poke|p2|Corviknight, M|
|poke|p2|Weezing-Galar, M|
|poke|p2|Gliscor, F|
|poke|p2|Toxapex, F|
|teampreview
|
|t:|1776215836
|teamsize|p1|6
|teamsize|p2|6
|start
|switch|p1a: Pelipper|Pelipper, M|100/100
|switch|p2a: Blissey|Blissey, F|100/100
|-weather|RainDance|[from] ability: Drizzle|[of] p1a: Pelipper
|turn|1
|
|t:|1776215845
|move|p1a: Pelipper|Weather Ball|p2a: Blissey
|-damage|p2a: Blissey|82/100
|move|p2a: Blissey|Stealth Rock|p1a: Pelipper
|-sidestart|p1: leowmeer|move: Stealth Rock
|
|-weather|RainDance|[upkeep]
|-heal|p2a: Blissey|88/100|[from] item: Leftovers
|upkeep
|turn|2
|
|t:|1776215858
|switch|p1a: Gliscor|Gliscor, M|100/100
|-damage|p1a: Gliscor|88/100|[from] Stealth Rock
|move|p2a: Blissey|Seismic Toss|p1a: Gliscor
|-damage|p1a: Gliscor|60/100
|
|-weather|RainDance|[upkeep]
|-heal|p2a: Blissey|95/100|[from] item: Leftovers
|-status|p1a: Gliscor|tox|[from] item: Toxic Orb
|upkeep
|turn|3
|
|t:|1776215879
|switch|p2a: Toxapex|Toxapex, F|100/100
|move|p1a: Gliscor|Toxic|p2a: Toxapex
|-immune|p2a: Toxapex
|
|-weather|RainDance|[upkeep]
|-heal|p1a: Gliscor|72/100 tox|[from] ability: Poison Heal
|upkeep
|turn|4
|
|t:|1776215899
|move|p1a: Gliscor|Earthquake|p2a: Toxapex
|-supereffective|p2a: Toxapex
|-damage|p2a: Toxapex|49/100
|move|p2a: Toxapex|Poison Jab|p1a: Gliscor
|-resisted|p1a: Gliscor
|-damage|p1a: Gliscor|67/100 tox
|
|-weather|RainDance|[upkeep]
|-heal|p2a: Toxapex|55/100|[from] item: Leftovers
|-heal|p1a: Gliscor|79/100 tox|[from] ability: Poison Heal
|upkeep
|turn|5
|
|t:|1776215911
|switch|p2a: Dondozo|Dondozo, F|100/100
|move|p1a: Gliscor|Earthquake|p2a: Dondozo
|-damage|p2a: Dondozo|86/100
|
|-weather|RainDance|[upkeep]
|-heal|p2a: Dondozo|92/100|[from] item: Leftovers
|-heal|p1a: Gliscor|91/100 tox|[from] ability: Poison Heal
|upkeep
|turn|6
|
|t:|1776215927
|move|p1a: Gliscor|Protect|p1a: Gliscor
|-singleturn|p1a: Gliscor|Protect
|move|p2a: Dondozo|Avalanche|p1a: Gliscor
|-activate|p1a: Gliscor|move: Protect
|
|-weather|RainDance|[upkeep]
|-heal|p2a: Dondozo|98/100|[from] item: Leftovers
|-heal|p1a: Gliscor|100/100 tox|[from] ability: Poison Heal
|upkeep
|turn|7
|
|t:|1776215937
|move|p1a: Gliscor|Toxic|p2a: Dondozo
|-status|p2a: Dondozo|tox
|move|p2a: Dondozo|Avalanche|p1a: Gliscor
|-supereffective|p1a: Gliscor
|-damage|p1a: Gliscor|67/100 tox
|
|-weather|RainDance|[upkeep]
|-heal|p2a: Dondozo|100/100 tox|[from] item: Leftovers
|-heal|p1a: Gliscor|79/100 tox|[from] ability: Poison Heal
|-damage|p2a: Dondozo|94/100 tox|[from] psn
|upkeep
|turn|8
|
|t:|1776215954
|switch|p1a: Corviknight|Corviknight, M|100/100
|-damage|p1a: Corviknight|88/100|[from] Stealth Rock
|move|p2a: Dondozo|Avalanche|p1a: Corviknight
|-crit|p1a: Corviknight
|-damage|p1a: Corviknight|71/100
|-damage|p2a: Dondozo|78/100 tox|[from] item: Rocky Helmet|[of] p1a: Corviknight
|
|-weather|none
|-heal|p2a: Dondozo|84/100 tox|[from] item: Leftovers
|-damage|p2a: Dondozo|72/100 tox|[from] psn
|upkeep
|turn|9
|
|t:|1776215976
|switch|p2a: Corviknight|Corviknight, M|100/100
|-ability|p2a: Corviknight|Pressure
|move|p1a: Corviknight|Brave Bird|p2a: Corviknight
|-resisted|p2a: Corviknight
|-damage|p2a: Corviknight|89/100
|-damage|p1a: Corviknight|66/100|[from] Recoil
|
|-heal|p2a: Corviknight|95/100|[from] item: Leftovers
|upkeep
|turn|10
|
|t:|1776215995
|switch|p1a: Salamence|Salamence, F|100/100
|-damage|p1a: Salamence|75/100|[from] Stealth Rock
|-ability|p1a: Salamence|Intimidate|boost
|-unboost|p2a: Corviknight|atk|1
|move|p2a: Corviknight|Iron Defense|p2a: Corviknight
|-boost|p2a: Corviknight|def|2
|
|-heal|p2a: Corviknight|100/100|[from] item: Leftovers
|upkeep
|turn|11
|
|t:|1776216061
|switch|p2a: Weezing|Weezing-Galar, M|100/100
|-ability|p2a: Weezing|Neutralizing Gas
|move|p1a: Salamence|Hurricane|p2a: Weezing
|-damage|p2a: Weezing|0 fnt
|faint|p2a: Weezing
|-end|p2a: Weezing|ability: Neutralizing Gas
|
|upkeep
|
|t:|1776216074
|switch|p2a: Toxapex|Toxapex, F|88/100
|turn|12
|
|t:|1776216081
|move|p1a: Salamence|Hurricane|p2a: Toxapex
|-damage|p2a: Toxapex|38/100
|move|p2a: Toxapex|Poison Jab|p1a: Salamence
|-damage|p1a: Salamence|54/100
|
|-heal|p2a: Toxapex|45/100|[from] item: Leftovers
|upkeep
|turn|13
|
|t:|1776216098
|switch|p2a: Blissey|Blissey, F|95/100
|move|p1a: Salamence|Hurricane|p2a: Blissey
|-damage|p2a: Blissey|71/100
|
|-heal|p2a: Blissey|77/100|[from] item: Leftovers
|upkeep
|turn|14
|
|t:|1776216140
|switch|p1a: Gliscor|Gliscor, M|79/100 tox
|-damage|p1a: Gliscor|67/100 tox|[from] Stealth Rock
|move|p2a: Blissey|Seismic Toss|p1a: Gliscor
|-damage|p1a: Gliscor|38/100 tox
|
|-heal|p2a: Blissey|84/100|[from] item: Leftovers
|-heal|p1a: Gliscor|51/100 tox|[from] ability: Poison Heal
|upkeep
|turn|15
|
|t:|1776216161
|move|p1a: Gliscor|Toxic|p2a: Blissey
|-status|p2a: Blissey|tox
|move|p2a: Blissey|Calm Mind|p2a: Blissey
|-boost|p2a: Blissey|spa|1
|-boost|p2a: Blissey|spd|1
|
|-heal|p2a: Blissey|90/100 tox|[from] item: Leftovers
|-heal|p1a: Gliscor|63/100 tox|[from] ability: Poison Heal
|-damage|p2a: Blissey|84/100 tox|[from] psn
|upkeep
|turn|16
|
|t:|1776216174
|move|p1a: Gliscor|Protect|p1a: Gliscor
|-singleturn|p1a: Gliscor|Protect
|move|p2a: Blissey|Seismic Toss|p1a: Gliscor
|-activate|p1a: Gliscor|move: Protect
|
|-heal|p2a: Blissey|90/100 tox|[from] item: Leftovers
|-heal|p1a: Gliscor|76/100 tox|[from] ability: Poison Heal
|-damage|p2a: Blissey|77/100 tox|[from] psn
|upkeep
|turn|17
|
|t:|1776216184
|move|p1a: Gliscor|Earthquake|p2a: Blissey
|-crit|p2a: Blissey
|-damage|p2a: Blissey|28/100 tox
|move|p2a: Blissey|Seismic Toss|p1a: Gliscor
|-damage|p1a: Gliscor|47/100 tox
|
|-heal|p2a: Blissey|34/100 tox|[from] item: Leftovers
|-heal|p1a: Gliscor|60/100 tox|[from] ability: Poison Heal
|-damage|p2a: Blissey|15/100 tox|[from] psn
|upkeep
|turn|18
|
|t:|1776216197
|move|p1a: Gliscor|Earthquake|p2a: Blissey
|-damage|p2a: Blissey|0 fnt
|faint|p2a: Blissey
|
|-heal|p1a: Gliscor|72/100 tox|[from] ability: Poison Heal
|upkeep
|
|t:|1776216203
|switch|p2a: Gliscor|Gliscor, F|100/100
|turn|19
|
|t:|1776216211
|switch|p1a: Pelipper|Pelipper, M|100/100
|-damage|p1a: Pelipper|75/100|[from] Stealth Rock
|-weather|RainDance|[from] ability: Drizzle|[of] p1a: Pelipper
|move|p2a: Gliscor|Knock Off|p1a: Pelipper
|-damage|p1a: Pelipper|55/100
|-enditem|p1a: Pelipper|Damp Rock|[from] move: Knock Off|[of] p2a: Gliscor
|
|-weather|RainDance|[upkeep]
|-status|p2a: Gliscor|tox|[from] item: Toxic Orb
|upkeep
|turn|20
|
|t:|1776216228
|move|p2a: Gliscor|Protect|p2a: Gliscor
|-singleturn|p2a: Gliscor|Protect
|move|p1a: Pelipper|Weather Ball|p2a: Gliscor
|-activate|p2a: Gliscor|move: Protect
|
|-weather|RainDance|[upkeep]
|upkeep
|turn|21
|
|t:|1776216236
|move|p2a: Gliscor|Spikes|p1a: Pelipper
|-sidestart|p1: leowmeer|Spikes
|move|p1a: Pelipper|Weather Ball|p2a: Gliscor
|-supereffective|p2a: Gliscor
|-damage|p2a: Gliscor|0 fnt
|faint|p2a: Gliscor
|
|-weather|RainDance|[upkeep]
|upkeep
|
|t:|1776216244
|switch|p2a: Corviknight|Corviknight, M|100/100
|-ability|p2a: Corviknight|Pressure
|turn|22
|
|t:|1776216254
|switch|p2a: Dondozo|Dondozo, F|72/100 tox
|move|p1a: Pelipper|Weather Ball|p2a: Dondozo
|-resisted|p2a: Dondozo
|-damage|p2a: Dondozo|44/100 tox
|
|-weather|RainDance|[upkeep]
|-heal|p2a: Dondozo|50/100 tox|[from] item: Leftovers
|-damage|p2a: Dondozo|44/100 tox|[from] psn
|upkeep
|turn|23
|
|t:|1776216267
|move|p1a: Pelipper|Roost|p1a: Pelipper
|-heal|p1a: Pelipper|100/100
|-singleturn|p1a: Pelipper|move: Roost
|move|p2a: Dondozo|Rest|p2a: Dondozo
|-status|p2a: Dondozo|slp|[from] move: Rest
|-heal|p2a: Dondozo|100/100 slp|[silent]
|
|-weather|RainDance|[upkeep]
|upkeep
|turn|24
|
|t:|1776216278
|switch|p1a: Dragapult|Dragapult, M|100/100
|-damage|p1a: Dragapult|88/100|[from] Stealth Rock
|-damage|p1a: Dragapult|76/100|[from] Spikes
|cant|p2a: Dondozo|slp
|move|p2a: Dondozo|Sleep Talk|p2a: Dondozo
|move|p2a: Dondozo|Body Press|p1a: Dragapult|[from] move: Sleep Talk
|-immune|p1a: Dragapult
|
|-weather|RainDance|[upkeep]
|upkeep
|turn|25
|
|t:|1776216298
|switch|p2a: Toxapex|Toxapex, F|78/100
|move|p1a: Dragapult|Dragon Dance|p1a: Dragapult
|-boost|p1a: Dragapult|atk|1
|-boost|p1a: Dragapult|spe|1
|
|-weather|RainDance|[upkeep]
|-heal|p2a: Toxapex|84/100|[from] item: Leftovers
|upkeep
|turn|26
|
|t:|1776216315
|switch|p1a: Gliscor|Gliscor, M|72/100 tox
|-damage|p1a: Gliscor|60/100 tox|[from] Stealth Rock
|move|p2a: Toxapex|Haze|p2a: Toxapex
|-clearallboost
|
|-weather|none
|-heal|p2a: Toxapex|90/100|[from] item: Leftovers
|-heal|p1a: Gliscor|72/100 tox|[from] ability: Poison Heal
|upkeep
|turn|27
|
|t:|1776216328
|switch|p2a: Corviknight|Corviknight, M|100/100
|-ability|p2a: Corviknight|Pressure
|move|p1a: Gliscor|Earthquake|p2a: Corviknight
|-immune|p2a: Corviknight
|
|-heal|p1a: Gliscor|85/100 tox|[from] ability: Poison Heal
|upkeep
|turn|28
|
|t:|1776216340
|switch|p1a: Salamence|Salamence, F|54/100
|-damage|p1a: Salamence|29/100|[from] Stealth Rock
|-ability|p1a: Salamence|Intimidate|boost
|-unboost|p2a: Corviknight|atk|1
|move|p2a: Corviknight|Body Press|p1a: Salamence
|-resisted|p1a: Salamence
|-damage|p1a: Salamence|12/100
|
|upkeep
|turn|29
|
|t:|1776216354
|move|p1a: Salamence|Hurricane|p2a: Corviknight|[miss]
|-miss|p1a: Salamence|p2a: Corviknight
|move|p2a: Corviknight|Iron Defense|p2a: Corviknight
|-boost|p2a: Corviknight|def|2
|
|upkeep
|turn|30
|
|t:|1776216368
|-terastallize|p2a: Corviknight|Fighting
|move|p1a: Salamence|Hurricane|p2a: Corviknight|[miss]
|-miss|p1a: Salamence|p2a: Corviknight
|move|p2a: Corviknight|Body Press|p1a: Salamence
|-resisted|p1a: Salamence
|-damage|p1a: Salamence|0 fnt
|faint|p1a: Salamence
|
|upkeep
|
|t:|1776216379
|switch|p1a: Pelipper|Pelipper, M|100/100
|-damage|p1a: Pelipper|75/100|[from] Stealth Rock
|-weather|RainDance|[from] ability: Drizzle|[of] p1a: Pelipper
|turn|31
|
|t:|1776216387
|move|p1a: Pelipper|Weather Ball|p2a: Corviknight
|-damage|p2a: Corviknight|46/100
|move|p2a: Corviknight|Iron Defense|p2a: Corviknight
|-boost|p2a: Corviknight|def|2
|
|-weather|RainDance|[upkeep]
|-heal|p2a: Corviknight|52/100|[from] item: Leftovers
|upkeep
|turn|32
|
|t:|1776216396
|move|p1a: Pelipper|Weather Ball|p2a: Corviknight
|-damage|p2a: Corviknight|0 fnt
|faint|p2a: Corviknight
|
|-weather|RainDance|[upkeep]
|upkeep
|
|t:|1776216402
|switch|p2a: Dondozo|Dondozo, F|100/100 slp
|turn|33
|
|t:|1776216406
|switch|p1a: Gliscor|Gliscor, M|85/100 tox
|-damage|p1a: Gliscor|72/100 tox|[from] Stealth Rock
|cant|p2a: Dondozo|slp
|
|-weather|RainDance|[upkeep]
|-heal|p1a: Gliscor|85/100 tox|[from] ability: Poison Heal
|upkeep
|turn|34
|
|t:|1776216422
|move|p1a: Gliscor|Toxic||[still]
|-fail|p1a: Gliscor
|-curestatus|p2a: Dondozo|slp|[msg]
|move|p2a: Dondozo|Avalanche|p1a: Gliscor
|-supereffective|p1a: Gliscor
|-damage|p1a: Gliscor|47/100 tox
|
|-weather|RainDance|[upkeep]
|-heal|p1a: Gliscor|60/100 tox|[from] ability: Poison Heal
|upkeep
|turn|35
|
|t:|1776216436
|switch|p1a: Dragapult|Dragapult, M|76/100
|-damage|p1a: Dragapult|64/100|[from] Stealth Rock
|-damage|p1a: Dragapult|51/100|[from] Spikes
|move|p2a: Dondozo|Avalanche|p1a: Dragapult
|-supereffective|p1a: Dragapult
|-crit|p1a: Dragapult
|-damage|p1a: Dragapult|0 fnt
|faint|p1a: Dragapult
|
|-weather|none
|upkeep
|
|t:|1776216449
|switch|p1a: Swampert|Swampert, M|100/100
|-damage|p1a: Swampert|94/100|[from] Stealth Rock
|-damage|p1a: Swampert|82/100|[from] Spikes
|turn|36
|
|t:|1776216465
|move|p1a: Swampert|Earthquake|p2a: Dondozo
|-crit|p2a: Dondozo
|-damage|p2a: Dondozo|46/100
|move|p2a: Dondozo|Avalanche|p1a: Swampert
|-damage|p1a: Swampert|56/100
|
|-heal|p2a: Dondozo|52/100|[from] item: Leftovers
|upkeep
|turn|37
|
|t:|1776216479
|move|p1a: Swampert|Earthquake|p2a: Dondozo
|-damage|p2a: Dondozo|20/100
|move|p2a: Dondozo|Rest|p2a: Dondozo
|-status|p2a: Dondozo|slp|[from] move: Rest
|-heal|p2a: Dondozo|100/100 slp|[silent]
|
|upkeep
|turn|38
|
|t:|1776216490
|move|p1a: Swampert|Earthquake|p2a: Dondozo
|-damage|p2a: Dondozo|69/100 slp
|cant|p2a: Dondozo|slp
|move|p2a: Dondozo|Sleep Talk|p2a: Dondozo
|move|p2a: Dondozo|Rest||[from] move: Sleep Talk|[still]
|-fail|p2a: Dondozo
|
|-heal|p2a: Dondozo|75/100 slp|[from] item: Leftovers
|upkeep
|turn|39
|
|t:|1776216501
|move|p1a: Swampert|Earthquake|p2a: Dondozo
|-damage|p2a: Dondozo|38/100 slp
|cant|p2a: Dondozo|slp
|move|p2a: Dondozo|Sleep Talk|p2a: Dondozo
|move|p2a: Dondozo|Rest||[from] move: Sleep Talk|[still]
|-fail|p2a: Dondozo
|
|-heal|p2a: Dondozo|45/100 slp|[from] item: Leftovers
|upkeep
|turn|40
|
|t:|1776216512
|switch|p2a: Toxapex|Toxapex, F|100/100
|move|p1a: Swampert|Earthquake|p2a: Toxapex
|-supereffective|p2a: Toxapex
|-damage|p2a: Toxapex|0 fnt
|faint|p2a: Toxapex
|
|upkeep
|
|t:|1776216518
|switch|p2a: Dondozo|Dondozo, F|45/100 slp
|turn|41
|
|t:|1776216522
|move|p1a: Swampert|Earthquake|p2a: Dondozo
|-damage|p2a: Dondozo|8/100 slp
|-curestatus|p2a: Dondozo|slp|[msg]
|move|p2a: Dondozo|Sleep Talk||[still]
|-fail|p2a: Dondozo
|
|-heal|p2a: Dondozo|14/100|[from] item: Leftovers
|upkeep
|turn|42
|
|t:|1776216532
|move|p1a: Swampert|Earthquake|p2a: Dondozo
|-damage|p2a: Dondozo|0 fnt
|faint|p2a: Dondozo
|
|win|leowmeer
|raw|leowmeer's rating: 1000 &rarr; <strong>1045</strong><br />(+45 for winning)
|raw|thecrowqueen's rating: 1047 &rarr; <strong>1028</strong><br />(-19 for losing)
|l|☆thecrowqueen
|player|p2|
