|html|<div class="broadcast-blue"><strong>[Gen 9] OU is currently suspecting Tera Blast! For information on how to participate check out the <a href="https://www.smogon.com/tools/suspects/view/200">suspect thread</a>.</strong></div>
|j|☆cam2030
|j|☆AJOH1030
|t:|1776036718
|gametype|singles
|player|p1|cam2030|bruno|
|player|p2|AJOH1030|265|
|gen|9
|tier|[Gen 9] OU
|rule|HP Percentage Mod: HP is shown in percentages
|rule|Endless Battle Clause: Forcing endless battles is banned
|rule|Species Clause: Limit one of each Pokémon
|rule|OHKO Clause: OHKO moves are banned
|rule|Evasion Items Clause: Evasion items are banned
|rule|Evasion Moves Clause: Evasion moves are banned
|rule|Evasion Abilities Clause: Evasion abilities are banned
|rule|Sleep Moves Clause: Sleep-inducing moves are banned
|clearpoke
|poke|p1|Iron Valiant|
|poke|p1|Great Tusk|
|poke|p1|Dragonite, F|
|poke|p1|Deoxys-Speed|
|poke|p1|Glimmora, F|
|poke|p1|Kingambit, M|
|poke|p2|Heatran, F|
|poke|p2|Rillaboom, M|
|poke|p2|Dragonite, F|
|poke|p2|Slowbro, F|
|poke|p2|Excadrill, M|
|poke|p2|Gengar, F|
|teampreview
|
|t:|1776036757
|teamsize|p1|6
|teamsize|p2|6
|start
|switch|p1a: Deoxys|Deoxys-Speed, shiny|100/100
|switch|p2a: Rillaboom|Rillaboom, M, shiny|100/100
|-ability|p1a: Deoxys|Pressure
|-fieldstart|move: Grassy Terrain|[from] ability: Grassy Surge|[of] p2a: Rillaboom
|turn|1
|
|t:|1776036765
|move|p1a: Deoxys|Light Screen|p1a: Deoxys
|-sidestart|p1: cam2030|move: Light Screen
|move|p2a: Rillaboom|Knock Off|p1a: Deoxys
|-supereffective|p1a: Deoxys
|-damage|p1a: Deoxys|0 fnt
|-enditem|p1a: Deoxys|Light Clay|[from] move: Knock Off|[of] p2a: Rillaboom
|faint|p1a: Deoxys
|
|upkeep
|
|t:|1776036773
|switch|p1a: Glimmora|Glimmora, F|100/100
|turn|2
|
|t:|1776036792
|switch|p2a: Excadrill|Excadrill, M, shiny|100/100
|-ability|p2a: Excadrill|Mold Breaker
|-item|p2a: Excadrill|Air Balloon
|move|p1a: Glimmora|Stealth Rock|p2a: Excadrill
|-sidestart|p2: AJOH1030|move: Stealth Rock
|
|upkeep
|turn|3
|
|t:|1776036807
|switch|p1a: Dragonite|Dragonite, F|100/100
|move|p2a: Excadrill|Earthquake|p1a: Dragonite
|-immune|p1a: Dragonite
|
|upkeep
|turn|4
|
|t:|1776036824
|switch|p2a: Slowbro|Slowbro, F, shiny|100/100
|-damage|p2a: Slowbro|88/100|[from] Stealth Rock
|move|p1a: Dragonite|Dragon Dance|p1a: Dragonite
|-boost|p1a: Dragonite|atk|1
|-boost|p1a: Dragonite|spe|1
|
|-heal|p2a: Slowbro|94/100|[from] Grassy Terrain
|upkeep
|turn|5
|
|t:|1776036847
|move|p1a: Dragonite|Tera Blast|p2a: Slowbro
|-damage|p2a: Slowbro|78/100
|move|p2a: Slowbro|Future Sight|p1a: Dragonite
|-start|p2a: Slowbro|move: Future Sight
|
|-heal|p2a: Slowbro|84/100|[from] Grassy Terrain
|-fieldend|move: Grassy Terrain
|upkeep
|turn|6
|
|t:|1776036858
|move|p1a: Dragonite|Substitute|p1a: Dragonite
|-start|p1a: Dragonite|Substitute
|-damage|p1a: Dragonite|76/100
|move|p2a: Slowbro|Ice Beam|p1a: Dragonite
|-supereffective|p1a: Dragonite
|-end|p1a: Dragonite|Substitute
|
|-heal|p1a: Dragonite|82/100|[from] item: Leftovers
|upkeep
|turn|7
|
|t:|1776036866
|move|p1a: Dragonite|Earthquake|p2a: Slowbro
|-damage|p2a: Slowbro|52/100
|move|p2a: Slowbro|Ice Beam|p1a: Dragonite
|-supereffective|p1a: Dragonite
|-damage|p1a: Dragonite|39/100
|-status|p1a: Dragonite|frz
|
|-end|p1a: Dragonite|move: Future Sight
|-damage|p1a: Dragonite|18/100 frz
|-heal|p1a: Dragonite|24/100 frz|[from] item: Leftovers
|upkeep
|turn|8
|
|t:|1776036878
|cant|p1a: Dragonite|frz
|move|p2a: Slowbro|Ice Beam|p1a: Dragonite
|-supereffective|p1a: Dragonite
|-damage|p1a: Dragonite|0 fnt
|faint|p1a: Dragonite
|
|-sideend|p1: cam2030|move: Light Screen
|upkeep
|
|t:|1776036888
|switch|p1a: Great Tusk|Great Tusk|100/100
|-enditem|p1a: Great Tusk|Booster Energy
|-activate|p1a: Great Tusk|ability: Protosynthesis|[fromitem]
|-start|p1a: Great Tusk|protosynthesisspe
|turn|9
|
|t:|1776036900
|move|p1a: Great Tusk|Bulk Up|p1a: Great Tusk
|-boost|p1a: Great Tusk|atk|1
|-boost|p1a: Great Tusk|def|1
|move|p2a: Slowbro|Future Sight|p1a: Great Tusk
|-start|p2a: Slowbro|move: Future Sight
|
|upkeep
|turn|10
|
|t:|1776036917
|move|p1a: Great Tusk|Headlong Rush|p2a: Slowbro
|-damage|p2a: Slowbro|2/100
|-unboost|p1a: Great Tusk|def|1
|-unboost|p1a: Great Tusk|spd|1
|-damage|p1a: Great Tusk|84/100|[from] item: Rocky Helmet|[of] p2a: Slowbro
|move|p2a: Slowbro|Scald|p1a: Great Tusk
|-supereffective|p1a: Great Tusk
|-damage|p1a: Great Tusk|0 fnt
|faint|p1a: Great Tusk
|-end|p1a: Great Tusk|Protosynthesis|[silent]
|
|upkeep
|
|t:|1776036928
|switch|p1a: Iron Valiant|Iron Valiant, shiny|100/100
|-enditem|p1a: Iron Valiant|Booster Energy
|-activate|p1a: Iron Valiant|ability: Quark Drive|[fromitem]
|-start|p1a: Iron Valiant|quarkdrivespe
|turn|11
|
|t:|1776036937
|move|p1a: Iron Valiant|Knock Off|p2a: Slowbro
|-supereffective|p2a: Slowbro
|-damage|p2a: Slowbro|0 fnt
|-damage|p1a: Iron Valiant|84/100|[from] item: Rocky Helmet|[of] p2a: Slowbro
|-enditem|p2a: Slowbro|Rocky Helmet|[from] move: Knock Off|[of] p1a: Iron Valiant
|faint|p2a: Slowbro
|
|-end|p1a: Iron Valiant|move: Future Sight
|-supereffective|p1a: Iron Valiant
|-damage|p1a: Iron Valiant|0 fnt
|faint|p1a: Iron Valiant
|-end|p1a: Iron Valiant|Quark Drive|[silent]
|upkeep
|
|t:|1776036954
|switch|p1a: Kingambit|Kingambit, M|100/100
|switch|p2a: Excadrill|Excadrill, M, shiny|100/100
|-damage|p2a: Excadrill|97/100|[from] Stealth Rock
|-ability|p2a: Excadrill|Mold Breaker
|-item|p2a: Excadrill|Air Balloon
|-activate|p1a: Kingambit|ability: Supreme Overlord
|-start|p1a: Kingambit|fallen4|[silent]
|turn|12
|
|t:|1776036967
|-terastallize|p1a: Kingambit|Fighting
|move|p2a: Excadrill|Earthquake|p1a: Kingambit
|-damage|p1a: Kingambit|58/100
|move|p1a: Kingambit|Swords Dance|p1a: Kingambit
|-boost|p1a: Kingambit|atk|2
|
|upkeep
|turn|13
|
|t:|1776036980
|move|p2a: Excadrill|Earthquake|p1a: Kingambit
|-damage|p1a: Kingambit|16/100
|move|p1a: Kingambit|Low Kick|p2a: Excadrill
|-supereffective|p2a: Excadrill
|-damage|p2a: Excadrill|0 fnt
|-enditem|p2a: Excadrill|Air Balloon
|faint|p2a: Excadrill
|
|upkeep
|
|t:|1776036991
|switch|p2a: Heatran|Heatran, F, shiny|100/100
|-damage|p2a: Heatran|88/100|[from] Stealth Rock
|turn|14
|
|t:|1776037002
|move|p1a: Kingambit|Low Kick|p2a: Heatran
|-supereffective|p2a: Heatran
|-damage|p2a: Heatran|0 fnt
|faint|p2a: Heatran
|
|upkeep
|
|t:|1776037007
|switch|p2a: Dragonite|Dragonite, F, shiny|100/100
|turn|15
|
|t:|1776037015
|move|p2a: Dragonite|Extreme Speed|p1a: Kingambit
|-damage|p1a: Kingambit|0 fnt
|faint|p1a: Kingambit
|-end|p1a: Kingambit|fallen4|[silent]
|
|upkeep
|
|t:|1776037017
|switch|p1a: Glimmora|Glimmora, F|100/100
|turn|16
|
|t:|1776037023
|move|p2a: Dragonite|Earthquake|p1a: Glimmora
|-supereffective|p1a: Glimmora
|-damage|p1a: Glimmora|0 fnt
|-activate|p1a: Glimmora|ability: Toxic Debris
|-sidestart|p2: AJOH1030|move: Toxic Spikes
|faint|p1a: Glimmora
|
|win|AJOH1030
|l|☆cam2030
|player|p1|
