|html|<div class="broadcast-blue"><strong>[Gen 9] OU is currently suspecting Tera Blast! For information on how to participate check out the <a href="https://www.smogon.com/tools/suspects/view/200">suspect thread</a>.</strong></div>
|j|☆washed is generous
|j|☆Hunter_of_Keys
|t:|1776281812
|gametype|singles
|player|p1|washed is generous|blue|1672
|player|p2|Hunter_of_Keys|veteran|1610
|gen|9
|tier|[Gen 9] OU
|rated|
|rule|HP Percentage Mod: HP is shown in percentages
|rule|Endless Battle Clause: Forcing endless battles is banned
|rule|Species Clause: Limit one of each Pokémon
|rule|OHKO Clause: OHKO moves are banned
|rule|Evasion Items Clause: Evasion items are banned
|rule|Evasion Moves Clause: Evasion moves are banned
|rule|Evasion Abilities Clause: Evasion abilities are banned
|rule|Sleep Moves Clause: Sleep-inducing moves are banned
|clearpoke
|poke|p1|Ogerpon-Wellspring, F|
|poke|p1|Great Tusk|
|poke|p1|Garganacl, M|
|poke|p1|Pecharunt|
|poke|p1|Corviknight, F|
|poke|p1|Gholdengo|
|poke|p2|Gallade, M|
|poke|p2|Armarouge, F|
|poke|p2|Indeedee, M|
|poke|p2|Cresselia, F|
|poke|p2|Rabsca, M|
|poke|p2|Espeon, M|
|teampreview
|inactive|Battle timer is ON: inactive players will automatically lose when time's up. (requested by Hunter_of_Keys)
|
|t:|1776281826
|teamsize|p1|6
|teamsize|p2|6
|start
|switch|p1a: Ogerpon|Ogerpon-Wellspring, F|100/100
|switch|p2a: Indeedee|Indeedee, M|100/100
|-fieldstart|move: Psychic Terrain|[from] ability: Psychic Surge|[of] p2a: Indeedee
|turn|1
|
|t:|1776281830
|switch|p2a: Cresselia|Cresselia, F|100/100
|move|p1a: Ogerpon|Ivy Cudgel|p2a: Cresselia|[anim] Ivy Cudgel Water
|-crit|p2a: Cresselia
|-damage|p2a: Cresselia|50/100
|
|upkeep
|turn|2
|
|t:|1776281835
|move|p1a: Ogerpon|Knock Off|p2a: Cresselia
|-supereffective|p2a: Cresselia
|-damage|p2a: Cresselia|5/100
|-damage|p1a: Ogerpon|84/100|[from] item: Rocky Helmet|[of] p2a: Cresselia
|-enditem|p2a: Cresselia|Rocky Helmet|[from] move: Knock Off|[of] p1a: Ogerpon
|move|p2a: Cresselia|Thunder Wave|p1a: Ogerpon
|-status|p1a: Ogerpon|par
|
|upkeep
|turn|3
|
|t:|1776281839
|move|p2a: Cresselia|Lunar Dance|p2a: Cresselia
|faint|p2a: Cresselia
|move|p1a: Ogerpon|U-turn|p2: Cresselia|[notarget]
|-fail|p1a: Ogerpon
|
|upkeep
|
|t:|1776281850
|switch|p2a: Gallade|Gallade, M|100/100
|turn|4
|
|t:|1776281853
|move|p2a: Gallade|Psycho Cut|p1a: Ogerpon
|-crit|p1a: Ogerpon
|-damage|p1a: Ogerpon|0 fnt
|faint|p1a: Ogerpon
|
|upkeep
|
|t:|1776281860
|switch|p1a: Gholdengo|Gholdengo|100/100
|turn|5
|
|t:|1776281863
|-terastallize|p2a: Gallade|Dark
|move|p1a: Gholdengo|Shadow Ball|p2a: Gallade
|-resisted|p2a: Gallade
|-damage|p2a: Gallade|76/100
|move|p2a: Gallade|Night Slash|p1a: Gholdengo
|-supereffective|p1a: Gholdengo
|-damage|p1a: Gholdengo|0 fnt
|faint|p1a: Gholdengo
|
|upkeep
|
|t:|1776281865
|switch|p1a: Corviknight|Corviknight, F|100/100
|-ability|p1a: Corviknight|Pressure
|turn|6
|
|t:|1776281868
|switch|p2a: Armarouge|Armarouge, F|100/100
|move|p1a: Corviknight|U-turn|p2a: Armarouge
|-damage|p2a: Armarouge|84/100
|-ability|p2a: Armarouge|Weak Armor|boost
|-unboost|p2a: Armarouge|def|1
|-boost|p2a: Armarouge|spe|2
|
|t:|1776281871
|switch|p1a: Garganacl|Garganacl, M|100/100|[from] U-turn
|
|upkeep
|turn|7
|
|t:|1776281873
|move|p2a: Armarouge|Expanding Force|p1a: Garganacl
|-damage|p1a: Garganacl|46/100
|move|p1a: Garganacl|Salt Cure|p2a: Armarouge
|-supereffective|p2a: Armarouge
|-damage|p2a: Armarouge|38/100
|-start|p2a: Armarouge|Salt Cure
|-ability|p2a: Armarouge|Weak Armor|boost
|-unboost|p2a: Armarouge|def|1
|-boost|p2a: Armarouge|spe|2
|-enditem|p2a: Armarouge|Weakness Policy
|-boost|p2a: Armarouge|atk|2|[from] item: Weakness Policy
|-boost|p2a: Armarouge|spa|2|[from] item: Weakness Policy
|
|-heal|p1a: Garganacl|52/100|[from] item: Leftovers
|-damage|p2a: Armarouge|25/100|[from] Salt Cure
|upkeep
|turn|8
|
|t:|1776281877
|move|p1a: Garganacl|Protect|p1a: Garganacl
|-singleturn|p1a: Garganacl|Protect
|move|p2a: Armarouge|Expanding Force|p1a: Garganacl
|-activate|p1a: Garganacl|move: Protect
|
|-heal|p1a: Garganacl|59/100|[from] item: Leftovers
|-damage|p2a: Armarouge|13/100|[from] Salt Cure
|-fieldend|move: Psychic Terrain
|upkeep
|turn|9
|
|t:|1776281881
|move|p2a: Armarouge|Expanding Force|p1a: Garganacl
|-damage|p1a: Garganacl|10/100
|move|p1a: Garganacl|Recover|p1a: Garganacl
|-heal|p1a: Garganacl|60/100
|
|-heal|p1a: Garganacl|66/100|[from] item: Leftovers
|-damage|p2a: Armarouge|0 fnt|[from] Salt Cure
|faint|p2a: Armarouge
|upkeep
|
|t:|1776281892
|switch|p2a: Indeedee|Indeedee, M|100/100
|-fieldstart|move: Psychic Terrain|[from] ability: Psychic Surge|[of] p2a: Indeedee
|turn|10
|
|t:|1776281895
|move|p1a: Garganacl|Protect|p1a: Garganacl
|-singleturn|p1a: Garganacl|Protect
|move|p2a: Indeedee|Expanding Force|p1a: Garganacl
|-activate|p1a: Garganacl|move: Protect
|
|-heal|p1a: Garganacl|73/100|[from] item: Leftovers
|upkeep
|turn|11
|
|t:|1776281898
|switch|p1a: Corviknight|Corviknight, F|100/100
|-ability|p1a: Corviknight|Pressure
|move|p2a: Indeedee|Expanding Force|p1a: Corviknight
|-resisted|p1a: Corviknight
|-damage|p1a: Corviknight|69/100
|
|upkeep
|turn|12
|
|t:|1776281904
|switch|p2a: Espeon|Espeon, M|100/100
|move|p1a: Corviknight|U-turn|p2a: Espeon
|-supereffective|p2a: Espeon
|-damage|p2a: Espeon|73/100
|
|t:|1776281912
|switch|p1a: Garganacl|Garganacl, M|73/100|[from] U-turn
|
|-heal|p1a: Garganacl|79/100|[from] item: Leftovers
|upkeep
|turn|13
|
|t:|1776281915
|move|p1a: Garganacl|Protect|p1a: Garganacl
|-singleturn|p1a: Garganacl|Protect
|move|p2a: Espeon|Psychic Noise|p1a: Garganacl
|-activate|p1a: Garganacl|move: Protect
|
|-heal|p1a: Garganacl|85/100|[from] item: Leftovers
|upkeep
|turn|14
|
|t:|1776281921
|move|p2a: Espeon|Psychic Noise|p1a: Garganacl
|-damage|p1a: Garganacl|59/100
|-start|p1a: Garganacl|move: Heal Block
|move|p1a: Garganacl|Salt Cure|p2a: Espeon
|-damage|p2a: Espeon|59/100
|-start|p2a: Espeon|Salt Cure
|
|-damage|p2a: Espeon|47/100|[from] Salt Cure
|upkeep
|turn|15
|j| dendar
|
|t:|1776281926
|move|p1a: Garganacl|Protect|p1a: Garganacl
|-singleturn|p1a: Garganacl|Protect
|move|p2a: Espeon|Psychic Noise|p1a: Garganacl
|-activate|p1a: Garganacl|move: Protect
|
|-damage|p2a: Espeon|35/100|[from] Salt Cure
|-end|p1a: Garganacl|move: Heal Block
|upkeep
|turn|16
|
|t:|1776281928
|switch|p1a: Corviknight|Corviknight, F|69/100
|-ability|p1a: Corviknight|Pressure
|move|p2a: Espeon|Psychic Noise|p1a: Corviknight
|-resisted|p1a: Corviknight
|-damage|p1a: Corviknight|47/100
|-start|p1a: Corviknight|move: Heal Block
|
|-damage|p2a: Espeon|23/100|[from] Salt Cure
|upkeep
|turn|17
|
|t:|1776281930
|move|p2a: Espeon|Thunder Wave|p1a: Corviknight
|-status|p1a: Corviknight|par
|move|p1a: Corviknight|U-turn|p2a: Espeon
|-supereffective|p2a: Espeon
|-damage|p2a: Espeon|0 fnt
|faint|p2a: Espeon
|
|t:|1776281936
|switch|p1a: Garganacl|Garganacl, M|59/100|[from] U-turn
|
|-heal|p1a: Garganacl|65/100|[from] item: Leftovers
|-fieldend|move: Psychic Terrain
|upkeep
|l| dendar
|
|t:|1776281939
|switch|p2a: Indeedee|Indeedee, M|100/100
|-heal|p2a: Indeedee|100/100|[from] move: Lunar Dance
|-fieldstart|move: Psychic Terrain|[from] ability: Psychic Surge|[of] p2a: Indeedee
|turn|18
|
|t:|1776281945
|move|p1a: Garganacl|Protect|p1a: Garganacl
|-singleturn|p1a: Garganacl|Protect
|move|p2a: Indeedee|Expanding Force|p1a: Garganacl
|-activate|p1a: Garganacl|move: Protect
|
|-heal|p1a: Garganacl|71/100|[from] item: Leftovers
|upkeep
|turn|19
|
|t:|1776281947
|move|p2a: Indeedee|Expanding Force|p1a: Garganacl
|-damage|p1a: Garganacl|26/100
|move|p1a: Garganacl|Recover|p1a: Garganacl
|-heal|p1a: Garganacl|76/100
|
|-heal|p1a: Garganacl|82/100|[from] item: Leftovers
|upkeep
|turn|20
|
|t:|1776281950
|move|p1a: Garganacl|Protect|p1a: Garganacl
|-singleturn|p1a: Garganacl|Protect
|move|p2a: Indeedee|Expanding Force|p1a: Garganacl
|-activate|p1a: Garganacl|move: Protect
|
|-heal|p1a: Garganacl|89/100|[from] item: Leftovers
|upkeep
|turn|21
|
|t:|1776281957
|switch|p2a: Gallade|Gallade, M, tera:Dark|76/100
|move|p1a: Garganacl|Salt Cure|p2a: Gallade
|-damage|p2a: Gallade|49/100
|-start|p2a: Gallade|Salt Cure
|
|-heal|p1a: Garganacl|95/100|[from] item: Leftovers
|-damage|p2a: Gallade|37/100|[from] Salt Cure
|upkeep
|turn|22
|
|t:|1776281961
|move|p1a: Garganacl|Protect|p1a: Garganacl
|-singleturn|p1a: Garganacl|Protect
|move|p2a: Gallade|Sacred Sword|p1a: Garganacl
|-activate|p1a: Garganacl|move: Protect
|
|-heal|p1a: Garganacl|100/100|[from] item: Leftovers
|-damage|p2a: Gallade|25/100|[from] Salt Cure
|upkeep
|turn|23
|
|t:|1776281963
|switch|p1a: Corviknight|Corviknight, F|47/100 par
|-ability|p1a: Corviknight|Pressure
|move|p2a: Gallade|Sacred Sword|p1a: Corviknight
|-damage|p1a: Corviknight|2/100 par
|-damage|p2a: Gallade|8/100|[from] item: Rocky Helmet|[of] p1a: Corviknight
|
|-damage|p2a: Gallade|0 fnt|[from] Salt Cure
|faint|p2a: Gallade
|upkeep
|
|t:|1776281974
|switch|p2a: Rabsca|Rabsca, M|100/100
|turn|24
|
|t:|1776281977
|move|p1a: Corviknight|U-turn|p2a: Rabsca
|-supereffective|p2a: Rabsca
|-damage|p2a: Rabsca|76/100
|
|t:|1776281980
|switch|p1a: Garganacl|Garganacl, M|100/100|[from] U-turn
|move|p2a: Rabsca|Revival Blessing|p2a: Rabsca
|-enditem|p2a: Rabsca|Leppa Berry|[eat]
|-activate|p2a: Rabsca|item: Leppa Berry|Revival Blessing|[consumed]
|
|t:|1776281989
|-heal|p2: Gallade|50/100|[from] move: Revival Blessing
|
|upkeep
|turn|25
|
|t:|1776281992
|move|p1a: Garganacl|Stealth Rock|p2a: Rabsca
|-sidestart|p2: Hunter_of_Keys|move: Stealth Rock
|move|p2a: Rabsca|Revival Blessing|p2a: Rabsca
|
|t:|1776281994
|-heal|p2: Armarouge|50/100|[from] move: Revival Blessing
|
|-fieldend|move: Psychic Terrain
|upkeep
|turn|26
|
|t:|1776281997
|move|p1a: Garganacl|Salt Cure|p2a: Rabsca
|-supereffective|p2a: Rabsca
|-damage|p2a: Rabsca|52/100
|-start|p2a: Rabsca|Salt Cure
|move|p2a: Rabsca|Psychic Noise|p1a: Garganacl
|-damage|p1a: Garganacl|82/100
|-start|p1a: Garganacl|move: Heal Block
|
|-damage|p2a: Rabsca|39/100|[from] Salt Cure
|upkeep
|turn|27
|
|t:|1776282000
|switch|p2a: Indeedee|Indeedee, M|100/100
|-damage|p2a: Indeedee|88/100|[from] Stealth Rock
|-fieldstart|move: Psychic Terrain|[from] ability: Psychic Surge|[of] p2a: Indeedee
|move|p1a: Garganacl|Protect||[still]
|-fail|p1a: Garganacl
|
|-end|p1a: Garganacl|move: Heal Block
|upkeep
|turn|28
|
|t:|1776282006
|move|p1a: Garganacl|Protect|p1a: Garganacl
|-singleturn|p1a: Garganacl|Protect
|move|p2a: Indeedee|Expanding Force|p1a: Garganacl
|-activate|p1a: Garganacl|move: Protect
|
|-heal|p1a: Garganacl|89/100|[from] item: Leftovers
|upkeep
|turn|29
|
|t:|1776282008
|move|p2a: Indeedee|Expanding Force|p1a: Garganacl
|-damage|p1a: Garganacl|40/100
|move|p1a: Garganacl|Salt Cure|p2a: Indeedee
|-damage|p2a: Indeedee|61/100
|-start|p2a: Indeedee|Salt Cure
|
|-heal|p1a: Garganacl|46/100|[from] item: Leftovers
|-damage|p2a: Indeedee|49/100|[from] Salt Cure
|upkeep
|turn|30
|
|t:|1776282013
|move|p1a: Garganacl|Protect|p1a: Garganacl
|-singleturn|p1a: Garganacl|Protect
|move|p2a: Indeedee|Expanding Force|p1a: Garganacl
|-activate|p1a: Garganacl|move: Protect
|
|-heal|p1a: Garganacl|52/100|[from] item: Leftovers
|-damage|p2a: Indeedee|36/100|[from] Salt Cure
|upkeep
|turn|31
|
|t:|1776282014
|move|p2a: Indeedee|Expanding Force|p1a: Garganacl
|-damage|p1a: Garganacl|9/100
|move|p1a: Garganacl|Recover|p1a: Garganacl
|-heal|p1a: Garganacl|59/100
|
|-heal|p1a: Garganacl|65/100|[from] item: Leftovers
|-damage|p2a: Indeedee|24/100|[from] Salt Cure
|upkeep
|turn|32
|
|t:|1776282031
|move|p2a: Indeedee|Healing Wish|p2a: Indeedee
|faint|p2a: Indeedee
|move|p1a: Garganacl|Recover|p1a: Garganacl
|-heal|p1a: Garganacl|100/100
|
|upkeep
|
|t:|1776282032
|switch|p2a: Gallade|Gallade, M|50/100
|-heal|p2a: Gallade|100/100|[from] move: Healing Wish
|-damage|p2a: Gallade|94/100|[from] Stealth Rock
|turn|33
|
|t:|1776282038
|switch|p1a: Corviknight|Corviknight, F|2/100 par
|-ability|p1a: Corviknight|Pressure
|move|p2a: Gallade|Psycho Cut|p1a: Corviknight
|-resisted|p1a: Corviknight
|-damage|p1a: Corviknight|0 fnt
|faint|p1a: Corviknight
|
|upkeep
|
|t:|1776282042
|switch|p1a: Great Tusk|Great Tusk|100/100
|turn|34
|
|t:|1776282045
|switch|p2a: Rabsca|Rabsca, M|39/100
|-damage|p2a: Rabsca|15/100|[from] Stealth Rock
|-terastallize|p1a: Great Tusk|Steel
|move|p1a: Great Tusk|Rapid Spin|p2a: Rabsca
|-crit|p2a: Rabsca
|-damage|p2a: Rabsca|0 fnt
|-boost|p1a: Great Tusk|spe|1
|faint|p2a: Rabsca
|
|-fieldend|move: Psychic Terrain
|upkeep
|
|t:|1776282047
|switch|p2a: Armarouge|Armarouge, F|50/100
|-damage|p2a: Armarouge|25/100|[from] Stealth Rock
|turn|35
|
|t:|1776282049
|move|p2a: Armarouge|Endure|p2a: Armarouge
|-singleturn|p2a: Armarouge|move: Endure
|move|p1a: Great Tusk|Rapid Spin|p2a: Armarouge
|-damage|p2a: Armarouge|4/100
|-boost|p1a: Great Tusk|spe|1
|-ability|p2a: Armarouge|Weak Armor|boost
|-unboost|p2a: Armarouge|def|1
|-boost|p2a: Armarouge|spe|2
|
|upkeep
|turn|36
|
|t:|1776282054
|move|p2a: Armarouge|Endure||[still]
|-fail|p2a: Armarouge
|move|p1a: Great Tusk|Rapid Spin|p2a: Armarouge
|-damage|p2a: Armarouge|0 fnt
|-boost|p1a: Great Tusk|spe|1
|faint|p2a: Armarouge
|
|upkeep
|
|t:|1776282055
|switch|p2a: Gallade|Gallade, M|94/100
|-damage|p2a: Gallade|88/100|[from] Stealth Rock
|turn|37
|
|t:|1776282060
|move|p1a: Great Tusk|Headlong Rush|p2a: Gallade
|-damage|p2a: Gallade|0 fnt
|-unboost|p1a: Great Tusk|def|1
|-unboost|p1a: Great Tusk|spd|1
|faint|p2a: Gallade
|
|win|washed is generous
|raw|washed is generous's rating: 1672 &rarr; <strong>1688</strong><br />(+16 for winning)
|raw|Hunter_of_Keys's rating: 1610 &rarr; <strong>1594</strong><br />(-16 for losing)
|c|☆washed is generous|gg
|l|☆Hunter_of_Keys
|player|p2|
