|html|<div class="broadcast-blue"><strong>[Gen 9] OU is currently suspecting Tera Blast! For information on how to participate check out the <a href="https://www.smogon.com/tools/suspects/view/200">suspect thread</a>.</strong></div>
|j|☆cuongf
|j|☆moogathekid
|t:|1776087004
|gametype|singles
|player|p1|cuongf|depotagent|1143
|player|p2|moogathekid|steven|1155
|gen|9
|tier|[Gen 9] OU
|rated|
|rule|HP Percentage Mod: HP is shown in percentages
|rule|Endless Battle Clause: Forcing endless battles is banned
|rule|Species Clause: Limit one of each Pokémon
|rule|OHKO Clause: OHKO moves are banned
|rule|Evasion Items Clause: Evasion items are banned
|rule|Evasion Moves Clause: Evasion moves are banned
|rule|Evasion Abilities Clause: Evasion abilities are banned
|rule|Sleep Moves Clause: Sleep-inducing moves are banned
|clearpoke
|poke|p1|Mesprit|
|poke|p1|Azumarill, M|
|poke|p1|Porygon-Z|
|poke|p1|Kingambit, M|
|poke|p1|Dragapult, M|
|poke|p1|Gothitelle, L99, F|
|poke|p2|Gardevoir, F|
|poke|p2|Whimsicott, M|
|poke|p2|Milotic, F|
|poke|p2|Mew|
|poke|p2|Incineroar, M|
|poke|p2|Zoroark-Hisui, F|
|teampreview
|c|☆moogathekid|Im cooked
|inactive|Battle timer is ON: inactive players will automatically lose when time's up. (requested by cuongf)
|c|☆cuongf|huh
|c|☆moogathekid|Me dont know what coming but seeing gothitelle
|c|☆moogathekid|Bro gonna cook me fr
|c|☆cuongf|this aint gonna be good trust
|
|t:|1776087055
|teamsize|p1|6
|teamsize|p2|6
|start
|switch|p1a: Mesprit|Mesprit|100/100
|switch|p2a: Incineroar|Incineroar, M|100/100
|-ability|p2a: Incineroar|Intimidate|boost
|-unboost|p1a: Mesprit|atk|1
|turn|1
|
|t:|1776087064
|move|p1a: Mesprit|Protect|p1a: Mesprit
|-singleturn|p1a: Mesprit|Protect
|move|p2a: Incineroar|Fake Out|p1a: Mesprit
|-activate|p1a: Mesprit|move: Protect
|
|upkeep
|turn|2
|
|t:|1776087072
|-terastallize|p1a: Mesprit|Dark
|move|p2a: Incineroar|Knock Off|p1a: Mesprit
|-resisted|p1a: Mesprit
|-damage|p1a: Mesprit|80/100
|-enditem|p1a: Mesprit|Leftovers|[from] move: Knock Off|[of] p2a: Incineroar
|move|p1a: Mesprit|Magic Room|p1a: Mesprit
|-fieldstart|move: Magic Room|[of] p1a: Mesprit
|
|upkeep
|turn|3
|c|☆moogathekid|M a g i c r o o m?
|c|☆moogathekid|...
|c|☆cuongf|yeah
|inactive|moogathekid has 120 seconds left.
|c|☆moogathekid|Azumarill
|c|☆moogathekid|!!!
|c|☆cuongf|yeah
|c|☆moogathekid|Belly drum choice band!?
|c|☆moogathekid|Im cooked
|c|☆cuongf|uk her job here
|
|t:|1776087120
|move|p2a: Incineroar|Flare Blitz|p1a: Mesprit
|-damage|p1a: Mesprit|28/100
|-damage|p2a: Incineroar|86/100|[from] Recoil
|move|p1a: Mesprit|U-turn|p2a: Incineroar
|-damage|p2a: Incineroar|75/100
|
|t:|1776087124
|switch|p1a: Azumarill|Azumarill, M|100/100|[from] U-turn
|
|upkeep
|turn|4
|c|☆moogathekid|Oh wait
|c|☆moogathekid|I still have knock off incineroar
|
|t:|1776087144
|move|p2a: Incineroar|Knock Off|p1a: Azumarill
|-resisted|p1a: Azumarill
|-damage|p1a: Azumarill|74/100
|-enditem|p1a: Azumarill|Choice Band|[from] move: Knock Off|[of] p2a: Incineroar
|move|p1a: Azumarill|Belly Drum|p1a: Azumarill
|-damage|p1a: Azumarill|25/100
|-setboost|p1a: Azumarill|atk|6|[from] move: Belly Drum
|
|upkeep
|turn|5
|c|☆cuongf|oh woah
|
|t:|1776087154
|move|p1a: Azumarill|Aqua Jet|p2a: Incineroar
|-supereffective|p2a: Incineroar
|-damage|p2a: Incineroar|0 fnt
|faint|p2a: Incineroar
|
|upkeep
|c|☆cuongf|forgot that
|
|t:|1776087161
|switch|p2a: Whimsicott|Whimsicott, M|100/100
|turn|6
|
|t:|1776087166
|move|p2a: Whimsicott|Stun Spore|p1a: Azumarill
|-status|p1a: Azumarill|par
|cant|p1a: Azumarill|par
|
|-fieldend|move: Magic Room|[of] p1: Mesprit
|upkeep
|turn|7
|inactive|moogathekid has 120 seconds left.
|
|t:|1776087172
|move|p1a: Azumarill|Aqua Jet|p2a: Whimsicott
|-resisted|p2a: Whimsicott
|-damage|p2a: Whimsicott|40/100
|move|p2a: Whimsicott|Moonblast|p1a: Azumarill
|-damage|p1a: Azumarill|0 fnt
|faint|p1a: Azumarill
|
|-heal|p2a: Whimsicott|46/100|[from] item: Leftovers
|upkeep
|
|t:|1776087177
|switch|p1a: Gothitelle|Gothitelle, L99, F|100/100
|turn|8
|
|t:|1776087180
|move|p2a: Whimsicott|Stun Spore|p1a: Gothitelle
|-status|p1a: Gothitelle|par
|move|p1a: Gothitelle|Taunt|p2a: Whimsicott
|-start|p2a: Whimsicott|move: Taunt
|
|-heal|p2a: Whimsicott|52/100|[from] item: Leftovers
|upkeep
|turn|9
|
|t:|1776087186
|move|p2a: Whimsicott|Moonblast|p1a: Gothitelle
|-damage|p1a: Gothitelle|67/100 par
|-unboost|p1a: Gothitelle|spa|1
|-ability|p1a: Gothitelle|Competitive|boost
|-boost|p1a: Gothitelle|spa|2
|move|p1a: Gothitelle|Thunder Wave|p2a: Whimsicott
|-status|p2a: Whimsicott|par
|
|-heal|p2a: Whimsicott|58/100 par|[from] item: Leftovers
|upkeep
|turn|10
|c|☆moogathekid|Huh!?
|c|☆moogathekid|Competitive
|
|t:|1776087199
|cant|p2a: Whimsicott|par
|cant|p1a: Gothitelle|par
|
|-heal|p2a: Whimsicott|64/100 par|[from] item: Leftovers
|upkeep
|turn|11
|c|☆cuongf|shadow tag is banned
|c|☆moogathekid|Oh
|c|☆moogathekid|I see
|
|t:|1776087209
|move|p2a: Whimsicott|Moonblast|p1a: Gothitelle
|-damage|p1a: Gothitelle|36/100 par
|-unboost|p1a: Gothitelle|spa|1
|-ability|p1a: Gothitelle|Competitive|boost
|-boost|p1a: Gothitelle|spa|2
|-enditem|p1a: Gothitelle|Sitrus Berry|[eat]
|-heal|p1a: Gothitelle|61/100 par|[from] item: Sitrus Berry
|move|p1a: Gothitelle|Magic Room|p1a: Gothitelle
|-fieldstart|move: Magic Room|[of] p1a: Gothitelle
|
|-end|p2a: Whimsicott|move: Taunt
|upkeep
|turn|12
|
|t:|1776087219
|move|p2a: Whimsicott|Encore|p1a: Gothitelle
|-start|p1a: Gothitelle|Encore
|move|p1a: Gothitelle|Magic Room|p1a: Gothitelle
|-fieldend|move: Magic Room|[of] p1a: Gothitelle
|
|-heal|p2a: Whimsicott|70/100 par|[from] item: Leftovers
|upkeep
|turn|13
|
|t:|1776087225
|cant|p2a: Whimsicott|par
|move|p1a: Gothitelle|Magic Room|p1a: Gothitelle
|-fieldstart|move: Magic Room|[of] p1a: Gothitelle
|
|upkeep
|turn|14
|
|t:|1776087229
|switch|p1a: Porygon-Z|Porygon-Z|100/100
|move|p2a: Whimsicott|Moonblast|p1a: Porygon-Z
|-damage|p1a: Porygon-Z|49/100
|-unboost|p1a: Porygon-Z|spa|1
|
|upkeep
|turn|15
|c|☆moogathekid|Goatsicott save life from shenanigan
|
|t:|1776087245
|move|p2a: Whimsicott|Stun Spore|p1a: Porygon-Z
|-status|p1a: Porygon-Z|par
|move|p1a: Porygon-Z|Nasty Plot|p1a: Porygon-Z
|-boost|p1a: Porygon-Z|spa|2
|
|upkeep
|turn|16
|
|t:|1776087251
|move|p1a: Porygon-Z|Recover|p1a: Porygon-Z
|-heal|p1a: Porygon-Z|99/100 par
|move|p2a: Whimsicott|Moonblast|p1a: Porygon-Z
|-damage|p1a: Porygon-Z|48/100 par
|
|upkeep
|turn|17
|
|t:|1776087258
|cant|p1a: Porygon-Z|par
|move|p2a: Whimsicott|Moonblast|p1a: Porygon-Z
|-damage|p1a: Porygon-Z|0 fnt
|faint|p1a: Porygon-Z
|
|-fieldend|move: Magic Room|[of] p1: Gothitelle
|upkeep
|c|☆cuongf|things go down since here
|
|t:|1776087270
|switch|p1a: Kingambit|Kingambit, M|100/100
|-activate|p1a: Kingambit|ability: Supreme Overlord
|-start|p1a: Kingambit|fallen2|[silent]
|turn|18
|c|☆moogathekid|Wha
|
|t:|1776087275
|cant|p2a: Whimsicott|par
|move|p1a: Kingambit|Iron Head|p2a: Whimsicott
|-supereffective|p2a: Whimsicott
|-damage|p2a: Whimsicott|0 fnt
|faint|p2a: Whimsicott
|
|upkeep
|
|t:|1776087299
|switch|p2a: Gardevoir|Gardevoir, F, shiny|100/100
|-ability|p2a: Gardevoir|Supreme Overlord|Trace|[from] ability: Trace|[of] p1a: Kingambit
|-activate|p2a: Gardevoir|ability: Supreme Overlord
|-start|p2a: Gardevoir|fallen2|[silent]
|turn|19
|c|☆moogathekid|But
|c|☆moogathekid|I got goadevour here
|c|☆moogathekid|Goatdevoir*
|
|t:|1776087316
|-end|p1a: Kingambit|fallen2|[silent]
|switch|p1a: Gothitelle|Gothitelle, L99, F|61/100 par
|move|p2a: Gardevoir|Vacuum Wave|p1a: Gothitelle
|-resisted|p1a: Gothitelle
|-damage|p1a: Gothitelle|53/100 par
|
|upkeep
|turn|20
|c|☆moogathekid|Aw
|inactive|moogathekid has 120 seconds left.
|c|☆cuongf|predicted
|c|☆cuongf|wait actually i didnt predicted that vacumm wave
|inactive|cuongf has 120 seconds left.
|
|t:|1776087348
|-end|p2a: Gardevoir|fallen2|[silent]
|switch|p2a: Milotic|Milotic, F|100/100
|move|p1a: Gothitelle|Thunder Wave|p2a: Milotic
|-status|p2a: Milotic|par
|
|upkeep
|turn|21
|c|☆moogathekid|Didnt expect anyone expect vacum wavevoir
|inactive|moogathekid has 120 seconds left.
|c|☆moogathekid|That like my trick to kill kingambit in tjis meta
|
|t:|1776087366
|cant|p2a: Milotic|par
|move|p1a: Gothitelle|Psychic|p2a: Milotic
|-damage|p2a: Milotic|78/100 par
|-unboost|p2a: Milotic|spd|1
|-ability|p2a: Milotic|Competitive|boost
|-boost|p2a: Milotic|spa|2
|
|upkeep
|turn|22
|inactive|moogathekid has 120 seconds left.
|inactive|cuongf has 120 seconds left.
|c|☆moogathekid|But I got competitive too
|c|☆cuongf|fairy type upon a steel type is more weird than wolfe glick didnt use incineroar
|
|t:|1776087398
|cant|p2a: Milotic|par
|move|p1a: Gothitelle|Taunt|p2a: Milotic
|-start|p2a: Milotic|move: Taunt
|
|upkeep
|turn|23
|
|t:|1776087410
|switch|p1a: Dragapult|Dragapult, M|100/100
|cant|p2a: Milotic|par
|
|upkeep
|turn|24
|inactive|cuongf has 120 seconds left.
|c|☆moogathekid|Lmao
|
|t:|1776087418
|move|p1a: Dragapult|Draco Meteor|p2a: Milotic
|-damage|p2a: Milotic|30/100 par
|-unboost|p1a: Dragapult|spa|2
|move|p2a: Milotic|Ice Beam|p1a: Dragapult
|-supereffective|p1a: Dragapult
|-damage|p1a: Dragapult|0 fnt
|faint|p1a: Dragapult
|-damage|p2a: Milotic|20/100 par|[from] item: Life Orb
|
|upkeep
|c|☆moogathekid|Maybe I just have good terra type
|inactive|cuongf has 120 seconds left.
|
|t:|1776087425
|switch|p1a: Kingambit|Kingambit, M|100/100
|-activate|p1a: Kingambit|ability: Supreme Overlord
|-start|p1a: Kingambit|fallen3|[silent]
|turn|25
|
|t:|1776087432
|move|p1a: Kingambit|Kowtow Cleave|p2a: Milotic
|-damage|p2a: Milotic|0 fnt
|faint|p2a: Milotic
|
|upkeep
|inactive|moogathekid has 120 seconds left.
|
|t:|1776087448
|switch|p2a: Mew|Mew|100/100
|turn|26
|inactive|moogathekid has 120 seconds left.
|c|☆moogathekid|But I got mew
|
|t:|1776087461
|-terastallize|p2a: Mew|Fighting
|move|p2a: Mew|Tera Blast|p1a: Kingambit|[anim] Tera Blast Fighting
|-supereffective|p1a: Kingambit
|-crit|p1a: Kingambit
|-damage|p1a: Kingambit|0 fnt
|faint|p1a: Kingambit
|-end|p1a: Kingambit|fallen3|[silent]
|
|upkeep
|c|☆cuongf|wo
|c|☆cuongf|ok im cooked
|
|t:|1776087475
|switch|p1a: Gothitelle|Gothitelle, L99, F|53/100 par
|turn|27
|c|☆moogathekid|This mew is goat
|
|t:|1776087480
|move|p2a: Mew|Hex|p1a: Gothitelle
|-supereffective|p1a: Gothitelle
|-damage|p1a: Gothitelle|0 fnt
|faint|p1a: Gothitelle
|
|upkeep
|c|☆cuongf|didnt expected fr
|
|t:|1776087489
|switch|p1a: Mesprit|Mesprit, tera:Dark|28/100
|turn|28
|c|☆cuongf|gg
|
|t:|1776087493
|move|p2a: Mew|Nasty Plot|p2a: Mew
|-boost|p2a: Mew|spa|2
|move|p1a: Mesprit|U-turn|p2a: Mew
|-resisted|p2a: Mew
|-damage|p2a: Mew|84/100
|replace|p2a: Zoroark|Zoroark-Hisui, F
|-end|p2a: Zoroark|Illusion
|
|upkeep
|turn|29
|c|☆cuongf|??
|c|☆moogathekid|It also not mew at all
|c|☆cuongf|lmao
|
|t:|1776087513
|move|p2a: Zoroark|Tera Blast|p1a: Mesprit|[anim] Tera Blast Fighting
|-supereffective|p1a: Mesprit
|-damage|p1a: Mesprit|0 fnt
|faint|p1a: Mesprit
|
|win|moogathekid
|raw|cuongf's rating: 1143 &rarr; <strong>1119</strong><br />(-24 for losing)
|raw|moogathekid's rating: 1155 &rarr; <strong>1179</strong><br />(+24 for winning)
|c|☆moogathekid|gg
|c|☆cuongf|gg
|l|☆cuongf
|player|p1|
