|html|<div class="broadcast-blue"><strong>[Gen 9] OU is currently suspecting Tera Blast! For information on how to participate check out the <a href="https://www.smogon.com/tools/suspects/view/200">suspect thread</a>.</strong></div>
|j|☆FlowwwZ
|j|☆Angeboii
|t:|1776079667
|gametype|singles
|player|p1|FlowwwZ|benga|1136
|player|p2|Angeboii|pokekid|1141
|gen|9
|tier|[Gen 9] OU
|rated|
|rule|HP Percentage Mod: HP is shown in percentages
|rule|Endless Battle Clause: Forcing endless battles is banned
|rule|Species Clause: Limit one of each Pokémon
|rule|OHKO Clause: OHKO moves are banned
|rule|Evasion Items Clause: Evasion items are banned
|rule|Evasion Moves Clause: Evasion moves are banned
|rule|Evasion Abilities Clause: Evasion abilities are banned
|rule|Sleep Moves Clause: Sleep-inducing moves are banned
|clearpoke
|poke|p1|Iron Moth|
|poke|p1|Kingambit, M|
|poke|p1|Dragonite, M|
|poke|p1|Ogerpon-Cornerstone, F|
|poke|p1|Iron Valiant|
|poke|p1|Raging Bolt|
|poke|p2|Cinccino, M|
|poke|p2|Rhyperior, M|
|poke|p2|Weavile, M|
|poke|p2|Barraskewda, M|
|poke|p2|Dragapult, M|
|poke|p2|Donphan, M|
|teampreview
|
|t:|1776079686
|teamsize|p1|6
|teamsize|p2|6
|start
|switch|p1a: Ogerpon|Ogerpon-Cornerstone, F|100/100
|switch|p2a: Questionable Bob|Donphan, M|100/100
|turn|1
|
|t:|1776079695
|move|p1a: Ogerpon|Power Whip|p2a: Questionable Bob
|-supereffective|p2a: Questionable Bob
|-ability|p2a: Questionable Bob|Sturdy
|-damage|p2a: Questionable Bob|1/100
|-enditem|p2a: Questionable Bob|Liechi Berry|[eat]
|-boost|p2a: Questionable Bob|atk|1|[from] item: Liechi Berry
|move|p2a: Questionable Bob|Rapid Spin|p1a: Ogerpon
|-resisted|p1a: Ogerpon
|-damage|p1a: Ogerpon|85/100
|-boost|p2a: Questionable Bob|spe|1
|
|upkeep
|turn|2
|
|t:|1776079713
|move|p1a: Ogerpon|Power Whip|p2a: Questionable Bob
|-supereffective|p2a: Questionable Bob
|-damage|p2a: Questionable Bob|0 fnt
|faint|p2a: Questionable Bob
|
|upkeep
|
|t:|1776079725
|switch|p2a: Speedy Bob|Barraskewda, M|100/100
|turn|3
|
|t:|1776079739
|switch|p1a: Dragonite|Dragonite, M|100/100
|move|p2a: Speedy Bob|Liquidation|p1a: Dragonite
|-resisted|p1a: Dragonite
|-damage|p1a: Dragonite|82/100
|-unboost|p1a: Dragonite|def|1
|
|upkeep
|turn|4
|
|t:|1776079750
|move|p2a: Speedy Bob|Liquidation|p1a: Dragonite
|-resisted|p1a: Dragonite
|-damage|p1a: Dragonite|22/100
|move|p1a: Dragonite|Dragon Dance|p1a: Dragonite
|-boost|p1a: Dragonite|atk|1
|-boost|p1a: Dragonite|spe|1
|
|upkeep
|turn|5
|
|t:|1776079761
|move|p1a: Dragonite|Earthquake|p2a: Speedy Bob
|-damage|p2a: Speedy Bob|0 fnt
|faint|p2a: Speedy Bob
|
|upkeep
|
|t:|1776079766
|switch|p2a: Sleek Bob|Weavile, M|100/100
|-ability|p2a: Sleek Bob|Pressure
|turn|6
|
|t:|1776079772
|move|p2a: Sleek Bob|Ice Shard|p1a: Dragonite
|-supereffective|p1a: Dragonite
|-damage|p1a: Dragonite|0 fnt
|faint|p1a: Dragonite
|
|upkeep
|
|t:|1776079776
|switch|p1a: Iron Moth|Iron Moth|100/100
|-enditem|p1a: Iron Moth|Booster Energy
|-activate|p1a: Iron Moth|ability: Quark Drive|[fromitem]
|-start|p1a: Iron Moth|quarkdrivespe
|turn|7
|
|t:|1776079803
|switch|p2a: Strong Bob|Dragapult, M|100/100
|move|p1a: Iron Moth|Energy Ball|p2a: Strong Bob
|-resisted|p2a: Strong Bob
|-damage|p2a: Strong Bob|81/100
|
|upkeep
|turn|8
|
|t:|1776079815
|move|p1a: Iron Moth|Dazzling Gleam|p2a: Strong Bob
|-supereffective|p2a: Strong Bob
|-damage|p2a: Strong Bob|6/100
|move|p2a: Strong Bob|Dragon Darts|p1a: Iron Moth
|-damage|p1a: Iron Moth|43/100
|-anim|p2a: Strong Bob|Dragon Darts|p1a: Iron Moth
|-damage|p1a: Iron Moth|0 fnt
|faint|p1a: Iron Moth
|-end|p1a: Iron Moth|Quark Drive|[silent]
|
|upkeep
|
|t:|1776079834
|switch|p1a: Iron Valiant|Iron Valiant|100/100
|-enditem|p1a: Iron Valiant|Booster Energy
|-activate|p1a: Iron Valiant|ability: Quark Drive|[fromitem]
|-start|p1a: Iron Valiant|quarkdrivespe
|turn|9
|
|t:|1776079850
|move|p1a: Iron Valiant|Knock Off|p2a: Strong Bob
|-supereffective|p2a: Strong Bob
|-damage|p2a: Strong Bob|0 fnt
|-enditem|p2a: Strong Bob|Choice Band|[from] move: Knock Off|[of] p1a: Iron Valiant
|faint|p2a: Strong Bob
|
|upkeep
|
|t:|1776079857
|switch|p2a: Sleek Bob|Weavile, M|100/100
|-ability|p2a: Sleek Bob|Pressure
|turn|10
|
|t:|1776079864
|-terastallize|p2a: Sleek Bob|Ghost
|move|p1a: Iron Valiant|Close Combat|p2a: Sleek Bob
|-immune|p2a: Sleek Bob
|move|p2a: Sleek Bob|Triple Axel|p1a: Iron Valiant
|-damage|p1a: Iron Valiant|87/100
|-damage|p1a: Iron Valiant|58/100
|-damage|p1a: Iron Valiant|18/100
|-hitcount|p1a: Iron Valiant|3
|
|upkeep
|turn|11
|
|t:|1776079874
|move|p2a: Sleek Bob|Ice Shard|p1a: Iron Valiant
|-damage|p1a: Iron Valiant|0 fnt
|faint|p1a: Iron Valiant
|-end|p1a: Iron Valiant|Quark Drive|[silent]
|
|upkeep
|
|t:|1776079878
|switch|p1a: Kingambit|Kingambit, M|100/100
|-activate|p1a: Kingambit|ability: Supreme Overlord
|-start|p1a: Kingambit|fallen3|[silent]
|turn|12
|
|t:|1776079885
|switch|p2a: Bob but hard|Rhyperior, M|100/100
|move|p1a: Kingambit|Kowtow Cleave|p2a: Bob but hard
|-damage|p2a: Bob but hard|49/100
|
|upkeep
|turn|13
|
|t:|1776079892
|move|p1a: Kingambit|Kowtow Cleave|p2a: Bob but hard
|-damage|p2a: Bob but hard|3/100
|move|p2a: Bob but hard|Earthquake|p1a: Kingambit
|-supereffective|p1a: Kingambit
|-damage|p1a: Kingambit|14/100
|
|upkeep
|turn|14
|
|t:|1776079900
|move|p1a: Kingambit|Kowtow Cleave|p2a: Bob but hard
|-crit|p2a: Bob but hard
|-damage|p2a: Bob but hard|0 fnt
|faint|p2a: Bob but hard
|
|upkeep
|
|t:|1776079904
|switch|p2a: Little Bob|Cinccino, M|100/100
|turn|15
|
|t:|1776079918
|-terastallize|p1a: Kingambit|Ghost
|move|p2a: Little Bob|Tail Slap|p1a: Kingambit
|-immune|p1a: Kingambit
|move|p1a: Kingambit|Kowtow Cleave|p2a: Little Bob
|-damage|p2a: Little Bob|0 fnt
|faint|p2a: Little Bob
|
|upkeep
|
|t:|1776079921
|switch|p2a: Sleek Bob|Weavile, M, tera:Ghost|100/100
|-ability|p2a: Sleek Bob|Pressure
|turn|16
|c|☆Angeboii|ggs
|
|t:|1776079929
|move|p2a: Sleek Bob|Ice Shard|p1a: Kingambit
|-damage|p1a: Kingambit|0 fnt
|faint|p1a: Kingambit
|-end|p1a: Kingambit|fallen3|[silent]
|
|upkeep
|
|t:|1776079943
|switch|p1a: Ogerpon|Ogerpon-Cornerstone, F|85/100
|turn|17
|
|t:|1776079962
|move|p1a: Ogerpon|Knock Off|p2a: Sleek Bob
|-supereffective|p2a: Sleek Bob
|-enditem|p2a: Sleek Bob|Focus Sash
|-damage|p2a: Sleek Bob|1/100
|move|p2a: Sleek Bob|Triple Axel|p1a: Ogerpon
|-supereffective|p1a: Ogerpon
|-damage|p1a: Ogerpon|54/100
|-supereffective|p1a: Ogerpon
|-damage|p1a: Ogerpon|0 fnt
|faint|p1a: Ogerpon
|-hitcount|p1: Ogerpon|2
|
|upkeep
|
|t:|1776079971
|switch|p1a: Raging Bolt|Raging Bolt|100/100
|-enditem|p1a: Raging Bolt|Booster Energy
|-activate|p1a: Raging Bolt|ability: Protosynthesis|[fromitem]
|-start|p1a: Raging Bolt|protosynthesisspa
|turn|18
|
|t:|1776079975
|move|p2a: Sleek Bob|Ice Shard|p1a: Raging Bolt
|-supereffective|p1a: Raging Bolt
|-damage|p1a: Raging Bolt|58/100
|move|p1a: Raging Bolt|Thunderclap||[still]
|-fail|p1a: Raging Bolt
|
|upkeep
|turn|19
|
|t:|1776079986
|move|p2a: Sleek Bob|Triple Axel|p1a: Raging Bolt
|-supereffective|p1a: Raging Bolt
|-damage|p1a: Raging Bolt|35/100
|-supereffective|p1a: Raging Bolt
|-damage|p1a: Raging Bolt|0 fnt
|faint|p1a: Raging Bolt
|-end|p1a: Raging Bolt|Protosynthesis|[silent]
|-hitcount|p1: Raging Bolt|2
|
|win|Angeboii
|raw|FlowwwZ's rating: 1136 &rarr; <strong>1111</strong><br />(-25 for losing)
|raw|Angeboii's rating: 1141 &rarr; <strong>1166</strong><br />(+25 for winning)
|c|☆Angeboii|HOLY CRAP
|l|☆FlowwwZ
|player|p1|
|c|☆Angeboii|GGS
|l|☆Angeboii
|player|p2|
