|html|<div class="broadcast-blue"><strong>[Gen 9] OU is currently suspecting Tera Blast! For information on how to participate check out the <a href="https://www.smogon.com/tools/suspects/view/200">suspect thread</a>.</strong></div>
|j|☆zk1314
|j|☆I buy roblox items
|t:|1776059630
|gametype|singles
|player|p1|zk1314|n|1542
|player|p2|I buy roblox items|gentleman-gen1|1525
|gen|9
|tier|[Gen 9] OU
|rated|
|rule|HP Percentage Mod: HP is shown in percentages
|rule|Endless Battle Clause: Forcing endless battles is banned
|rule|Species Clause: Limit one of each Pokémon
|rule|OHKO Clause: OHKO moves are banned
|rule|Evasion Items Clause: Evasion items are banned
|rule|Evasion Moves Clause: Evasion moves are banned
|rule|Evasion Abilities Clause: Evasion abilities are banned
|rule|Sleep Moves Clause: Sleep-inducing moves are banned
|clearpoke
|poke|p1|Raging Bolt|
|poke|p1|Moltres|
|poke|p1|Ceruledge, F|
|poke|p1|Muk-Alola, F|
|poke|p1|Clefable, M|
|poke|p1|Haxorus, F|
|poke|p2|Entei|
|poke|p2|Kyurem|
|poke|p2|Zamazenta-*|
|poke|p2|Quaquaval, M|
|poke|p2|Muk-Alola, F|
|poke|p2|Ceruledge, F|
|teampreview
|inactive|Battle timer is ON: inactive players will automatically lose when time's up. (requested by I buy roblox items)
|
|t:|1776059653
|teamsize|p1|6
|teamsize|p2|6
|start
|switch|p1a: Clefable|Clefable, M|100/100
|switch|p2a: Entei|Entei|100/100
|-ability|p2a: Entei|Pressure
|turn|1
|
|t:|1776059663
|move|p2a: Entei|Substitute|p2a: Entei
|-start|p2a: Entei|Substitute
|-damage|p2a: Entei|76/100
|move|p1a: Clefable|Thunderbolt|p2a: Entei
|-crit|p2a: Entei
|-end|p2a: Entei|Substitute
|
|-heal|p2a: Entei|82/100|[from] item: Leftovers
|upkeep
|turn|2
|
|t:|1776059672
|move|p2a: Entei|Sacred Fire|p1a: Clefable
|-damage|p1a: Clefable|48/100
|move|p1a: Clefable|Thunderbolt|p2a: Entei
|-damage|p2a: Entei|46/100
|
|-heal|p2a: Entei|52/100|[from] item: Leftovers
|upkeep
|turn|3
|
|t:|1776059683
|switch|p1a: Ceruledge|Ceruledge, F|100/100
|move|p2a: Entei|Sacred Fire|p1a: Ceruledge
|-resisted|p1a: Ceruledge
|-damage|p1a: Ceruledge|71/100
|-ability|p1a: Ceruledge|Weak Armor|boost
|-unboost|p1a: Ceruledge|def|1
|-boost|p1a: Ceruledge|spe|2
|
|-heal|p2a: Entei|58/100|[from] item: Leftovers
|upkeep
|turn|4
|
|t:|1776059695
|move|p1a: Ceruledge|Poltergeist|p2a: Entei
|-activate|p2a: Entei|move: Poltergeist|Leftovers
|-damage|p2a: Entei|0 fnt
|faint|p2a: Entei
|
|upkeep
|
|t:|1776059703
|switch|p2a: Muk|Muk-Alola, F|100/100
|turn|5
|
|t:|1776059714
|move|p1a: Ceruledge|Bitter Blade|p2a: Muk
|-damage|p2a: Muk|48/100
|-heal|p1a: Ceruledge|100/100|[from] drain|[of] p2a: Muk
|move|p2a: Muk|Curse|p2a: Muk
|-unboost|p2a: Muk|spe|1
|-boost|p2a: Muk|atk|1
|-boost|p2a: Muk|def|1
|
|-heal|p2a: Muk|54/100|[from] item: Leftovers
|upkeep
|turn|6
|
|t:|1776059725
|move|p1a: Ceruledge|Swords Dance|p1a: Ceruledge
|-boost|p1a: Ceruledge|atk|2
|move|p2a: Muk|Knock Off|p1a: Ceruledge
|-supereffective|p1a: Ceruledge
|-enditem|p1a: Ceruledge|Focus Sash
|-damage|p1a: Ceruledge|1/100
|-ability|p1a: Ceruledge|Weak Armor|boost
|-unboost|p1a: Ceruledge|def|1
|-boost|p1a: Ceruledge|spe|2
|
|-heal|p2a: Muk|60/100|[from] item: Leftovers
|upkeep
|turn|7
|j| samurajen
|
|t:|1776059737
|move|p1a: Ceruledge|Bitter Blade|p2a: Muk
|-damage|p2a: Muk|0 fnt
|-heal|p1a: Ceruledge|43/100|[from] drain|[of] p2a: Muk
|faint|p2a: Muk
|
|upkeep
|
|t:|1776059742
|switch|p2a: Ceruledge|Ceruledge, F|100/100
|turn|8
|
|t:|1776059754
|switch|p1a: Moltres|Moltres|100/100
|-terastallize|p2a: Ceruledge|Bug
|move|p2a: Ceruledge|Shadow Sneak|p1a: Moltres
|-crit|p1a: Moltres
|-damage|p1a: Moltres|77/100
|
|upkeep
|turn|9
|
|t:|1776059762
|move|p1a: Moltres|Will-O-Wisp|p2a: Ceruledge
|-start|p2a: Ceruledge|ability: Flash Fire
|move|p2a: Ceruledge|Bulk Up|p2a: Ceruledge
|-boost|p2a: Ceruledge|atk|1
|-boost|p2a: Ceruledge|def|1
|
|upkeep
|turn|10
|
|t:|1776059771
|move|p1a: Moltres|Ancient Power|p2a: Ceruledge
|-supereffective|p2a: Ceruledge
|-damage|p2a: Ceruledge|71/100
|-boost|p1a: Moltres|atk|1
|-boost|p1a: Moltres|def|1
|-boost|p1a: Moltres|spa|1
|-boost|p1a: Moltres|spd|1
|-boost|p1a: Moltres|spe|1
|move|p2a: Ceruledge|Taunt|p1a: Moltres
|-start|p1a: Moltres|move: Taunt
|
|upkeep
|turn|11
|c|☆I buy roblox items|why?
|
|t:|1776059786
|-end|p2a: Ceruledge|ability: Flash Fire|[silent]
|switch|p2a: Quaquaval|Quaquaval, M|100/100
|move|p1a: Moltres|Ancient Power|p2a: Quaquaval
|-resisted|p2a: Quaquaval
|-damage|p2a: Quaquaval|87/100
|
|upkeep
|turn|12
|
|t:|1776059795
|move|p1a: Moltres|Flamethrower|p2a: Quaquaval
|-resisted|p2a: Quaquaval
|-damage|p2a: Quaquaval|54/100
|move|p2a: Quaquaval|Aqua Step|p1a: Moltres
|-supereffective|p1a: Moltres
|-damage|p1a: Moltres|16/100
|-boost|p2a: Quaquaval|spe|1
|
|upkeep
|turn|13
|
|t:|1776059810
|move|p2a: Quaquaval|Knock Off|p1a: Moltres
|-damage|p1a: Moltres|0 fnt
|-enditem|p1a: Moltres|Heavy-Duty Boots|[from] move: Knock Off|[of] p2a: Quaquaval
|faint|p1a: Moltres
|-ability|p2a: Quaquaval|Moxie|boost
|-boost|p2a: Quaquaval|atk|1
|
|upkeep
|
|t:|1776059818
|switch|p1a: Raging Bolt|Raging Bolt|100/100
|turn|14
|
|t:|1776059827
|move|p1a: Raging Bolt|Thunderclap|p2a: Quaquaval
|-supereffective|p2a: Quaquaval
|-damage|p2a: Quaquaval|0 fnt
|faint|p2a: Quaquaval
|
|upkeep
|
|t:|1776059832
|switch|p2a: Zamazenta|Zamazenta|100/100
|-ability|p2a: Zamazenta|Dauntless Shield|boost
|-boost|p2a: Zamazenta|def|1
|turn|15
|
|t:|1776059840
|-end|p1a: Raging Bolt|Protosynthesis|[silent]
|switch|p1a: Ceruledge|Ceruledge, F|43/100
|move|p2a: Zamazenta|Snarl|p1a: Ceruledge
|-supereffective|p1a: Ceruledge
|-damage|p1a: Ceruledge|17/100
|-unboost|p1a: Ceruledge|spa|1
|
|upkeep
|turn|16
|
|t:|1776059851
|move|p2a: Zamazenta|Iron Defense|p2a: Zamazenta
|-boost|p2a: Zamazenta|def|2
|move|p1a: Ceruledge|Bitter Blade|p2a: Zamazenta
|-damage|p2a: Zamazenta|85/100
|-heal|p1a: Ceruledge|28/100|[from] drain|[of] p2a: Zamazenta
|
|-heal|p2a: Zamazenta|91/100|[from] item: Leftovers
|upkeep
|turn|17
|
|t:|1776059861
|move|p2a: Zamazenta|Substitute|p2a: Zamazenta
|-start|p2a: Zamazenta|Substitute
|-damage|p2a: Zamazenta|66/100
|move|p1a: Ceruledge|Swords Dance|p1a: Ceruledge
|-boost|p1a: Ceruledge|atk|2
|
|-heal|p2a: Zamazenta|72/100|[from] item: Leftovers
|upkeep
|turn|18
|
|t:|1776059870
|move|p2a: Zamazenta|Iron Defense|p2a: Zamazenta
|-boost|p2a: Zamazenta|def|2
|move|p1a: Ceruledge|Bitter Blade|p2a: Zamazenta
|-activate|p2a: Zamazenta|move: Substitute|[damage]
|-heal|p1a: Ceruledge|41/100|[from] drain|[of] p2a: Zamazenta
|
|-heal|p2a: Zamazenta|78/100|[from] item: Leftovers
|upkeep
|turn|19
|
|t:|1776059880
|move|p2a: Zamazenta|Snarl|p1a: Ceruledge
|-supereffective|p1a: Ceruledge
|-damage|p1a: Ceruledge|15/100
|-unboost|p1a: Ceruledge|spa|1
|move|p1a: Ceruledge|Bitter Blade|p2a: Zamazenta
|-end|p2a: Zamazenta|Substitute
|-heal|p1a: Ceruledge|18/100|[from] drain|[of] p2a: Zamazenta
|
|-heal|p2a: Zamazenta|84/100|[from] item: Leftovers
|upkeep
|turn|20
|
|t:|1776059892
|move|p2a: Zamazenta|Snarl|p1a: Ceruledge
|-supereffective|p1a: Ceruledge
|-crit|p1a: Ceruledge
|-damage|p1a: Ceruledge|0 fnt
|faint|p1a: Ceruledge
|
|-heal|p2a: Zamazenta|90/100|[from] item: Leftovers
|upkeep
|
|t:|1776059903
|switch|p1a: Clefable|Clefable, M|48/100
|turn|21
|
|t:|1776059907
|move|p2a: Zamazenta|Body Press|p1a: Clefable
|-resisted|p1a: Clefable
|-damage|p1a: Clefable|0 fnt
|faint|p1a: Clefable
|
|-heal|p2a: Zamazenta|96/100|[from] item: Leftovers
|upkeep
|
|t:|1776059915
|switch|p1a: Raging Bolt|Raging Bolt|100/100
|turn|22
|
|t:|1776059922
|-terastallize|p1a: Raging Bolt|Fairy
|move|p2a: Zamazenta|Snarl|p1a: Raging Bolt
|-resisted|p1a: Raging Bolt
|-damage|p1a: Raging Bolt|96/100
|-unboost|p1a: Raging Bolt|spa|1
|move|p1a: Raging Bolt|Draco Meteor|p2a: Zamazenta
|-damage|p2a: Zamazenta|32/100
|-unboost|p1a: Raging Bolt|spa|2
|
|-heal|p2a: Zamazenta|38/100|[from] item: Leftovers
|upkeep
|turn|23
|
|t:|1776059937
|-end|p1a: Raging Bolt|Protosynthesis|[silent]
|switch|p1a: Muk|Muk-Alola, F|100/100
|move|p2a: Zamazenta|Body Press|p1a: Muk
|-damage|p1a: Muk|0 fnt
|faint|p1a: Muk
|
|-heal|p2a: Zamazenta|44/100|[from] item: Leftovers
|upkeep
|
|t:|1776059947
|switch|p1a: Raging Bolt|Raging Bolt, tera:Fairy|96/100
|turn|24
|
|t:|1776059951
|move|p2a: Zamazenta|Substitute|p2a: Zamazenta
|-start|p2a: Zamazenta|Substitute
|-damage|p2a: Zamazenta|19/100
|move|p1a: Raging Bolt|Thunderbolt|p2a: Zamazenta
|-end|p2a: Zamazenta|Substitute
|
|-heal|p2a: Zamazenta|25/100|[from] item: Leftovers
|upkeep
|turn|25
|
|t:|1776059960
|move|p2a: Zamazenta|Body Press|p1a: Raging Bolt
|-resisted|p1a: Raging Bolt
|-damage|p1a: Raging Bolt|42/100
|move|p1a: Raging Bolt|Thunderbolt|p2a: Zamazenta
|-damage|p2a: Zamazenta|0 fnt
|faint|p2a: Zamazenta
|
|upkeep
|
|t:|1776059962
|switch|p2a: 🥢🆙🎣|Kyurem|100/100
|-ability|p2a: 🥢🆙🎣|Pressure
|turn|26
|
|t:|1776059972
|-end|p1a: Raging Bolt|Protosynthesis|[silent]
|switch|p1a: Haxorus|Haxorus, F|100/100
|-ability|p1a: Haxorus|Mold Breaker
|move|p2a: 🥢🆙🎣|Dragon Dance|p2a: 🥢🆙🎣
|-boost|p2a: 🥢🆙🎣|atk|1
|-boost|p2a: 🥢🆙🎣|spe|1
|
|upkeep
|turn|27
|
|t:|1776059982
|move|p2a: 🥢🆙🎣|Icicle Spear|p1a: Haxorus
|-supereffective|p1a: Haxorus
|-damage|p1a: Haxorus|56/100
|-supereffective|p1a: Haxorus
|-damage|p1a: Haxorus|19/100
|-hitcount|p1a: Haxorus|2
|move|p1a: Haxorus|Scale Shot|p2a: 🥢🆙🎣
|-supereffective|p2a: 🥢🆙🎣
|-damage|p2a: 🥢🆙🎣|81/100
|-supereffective|p2a: 🥢🆙🎣
|-damage|p2a: 🥢🆙🎣|62/100
|-supereffective|p2a: 🥢🆙🎣
|-damage|p2a: 🥢🆙🎣|42/100
|-supereffective|p2a: 🥢🆙🎣
|-damage|p2a: 🥢🆙🎣|22/100
|-supereffective|p2a: 🥢🆙🎣
|-damage|p2a: 🥢🆙🎣|3/100
|-hitcount|p2a: 🥢🆙🎣|5
|-unboost|p1a: Haxorus|def|1
|-boost|p1a: Haxorus|spe|1
|
|-heal|p2a: 🥢🆙🎣|9/100|[from] item: Leftovers
|upkeep
|turn|28
|
|t:|1776060002
|move|p1a: Haxorus|Iron Head|p2a: 🥢🆙🎣
|-supereffective|p2a: 🥢🆙🎣
|-damage|p2a: 🥢🆙🎣|0 fnt
|faint|p2a: 🥢🆙🎣
|
|upkeep
|
|t:|1776060005
|switch|p2a: Ceruledge|Ceruledge, F, tera:Bug|71/100
|turn|29
|
|t:|1776060012
|move|p2a: Ceruledge|Shadow Sneak|p1a: Haxorus
|-damage|p1a: Haxorus|0 fnt
|faint|p1a: Haxorus
|
|upkeep
|
|t:|1776060017
|switch|p1a: Raging Bolt|Raging Bolt, tera:Fairy|42/100
|turn|30
|c|☆I buy roblox items|miss
|
|t:|1776060026
|move|p1a: Raging Bolt|Thunderbolt|p2a: Ceruledge
|-damage|p2a: Ceruledge|10/100
|move|p2a: Ceruledge|Bitter Blade|p1a: Raging Bolt
|-damage|p1a: Raging Bolt|8/100
|-heal|p2a: Ceruledge|30/100|[from] drain|[of] p1a: Raging Bolt
|
|upkeep
|turn|31
|
|t:|1776060033
|move|p2a: Ceruledge|Shadow Sneak|p1a: Raging Bolt
|-damage|p1a: Raging Bolt|0 fnt
|faint|p1a: Raging Bolt
|-end|p1a: Raging Bolt|Protosynthesis|[silent]
|
|win|I buy roblox items
|raw|zk1314's rating: 1542 &rarr; <strong>1521</strong><br />(-21 for losing)
|raw|I buy roblox items's rating: 1525 &rarr; <strong>1546</strong><br />(+21 for winning)
|c|☆I buy roblox items|throw
|l|☆I buy roblox items
|player|p2|
|l|☆zk1314
|player|p1|
