|html|<div class="broadcast-blue"><strong>[Gen 9] OU is currently suspecting Tera Blast! For information on how to participate check out the <a href="https://www.smogon.com/tools/suspects/view/200">suspect thread</a>.</strong></div>
|j|☆Dripple3000
|j|☆OP Earthquakes
|t:|1776147501
|gametype|singles
|player|p1|Dripple3000|ingo|1596
|player|p2|OP Earthquakes|giovanni-masters|1721
|gen|9
|tier|[Gen 9] OU
|rated|
|rule|HP Percentage Mod: HP is shown in percentages
|rule|Endless Battle Clause: Forcing endless battles is banned
|rule|Species Clause: Limit one of each Pokémon
|rule|OHKO Clause: OHKO moves are banned
|rule|Evasion Items Clause: Evasion items are banned
|rule|Evasion Moves Clause: Evasion moves are banned
|rule|Evasion Abilities Clause: Evasion abilities are banned
|rule|Sleep Moves Clause: Sleep-inducing moves are banned
|clearpoke
|poke|p1|Pelipper, M|
|poke|p1|Barraskewda, M|
|poke|p1|Iron Treads|
|poke|p1|Overqwil, F|
|poke|p1|Raging Bolt|
|poke|p1|Kingambit, F|
|poke|p2|Excadrill, F|
|poke|p2|Tyranitar, F|
|poke|p2|Hawlucha, F|
|poke|p2|Pawmot, M|
|poke|p2|Enamorus, F|
|poke|p2|Ninetales-Alola, F|
|teampreview
|inactive|Battle timer is ON: inactive players will automatically lose when time's up. (requested by OP Earthquakes)
|inactive|Dripple3000 also wants the timer to be on.
|c|☆OP Earthquakes|GLHF
|c|☆Dripple3000|glhf
|j| nu world order
|
|t:|1776147525
|teamsize|p1|6
|teamsize|p2|6
|start
|switch|p1a: Little Foot|Raging Bolt|100/100
|switch|p2a: Ninetales|Ninetales-Alola, F|100/100
|-weather|Snowscape|[from] ability: Snow Warning|[of] p2a: Ninetales
|-enditem|p1a: Little Foot|Booster Energy
|-activate|p1a: Little Foot|ability: Protosynthesis|[fromitem]
|-start|p1a: Little Foot|protosynthesisspa
|turn|1
|
|t:|1776147540
|-terastallize|p1a: Little Foot|Fairy
|move|p2a: Ninetales|Aurora Veil|p2a: Ninetales
|-sidestart|p2: OP Earthquakes|move: Aurora Veil
|move|p1a: Little Foot|Thunder|p2a: Ninetales
|-damage|p2a: Ninetales|58/100
|-status|p2a: Ninetales|par
|
|-weather|Snowscape|[upkeep]
|upkeep
|turn|2
|j| playoofs
|c|☆OP Earthquakes|Huge para
|
|t:|1776147562
|switch|p2a: The sandstorm|Tyranitar, F, shiny|100/100
|-weather|Sandstorm|[from] ability: Sand Stream|[of] p2a: The sandstorm
|move|p1a: Little Foot|Thunder|p2a: The sandstorm
|-damage|p2a: The sandstorm|71/100
|
|-weather|Sandstorm|[upkeep]
|-damage|p1a: Little Foot|94/100|[from] Sandstorm
|upkeep
|turn|3
|
|t:|1776147570
|-end|p1a: Little Foot|Protosynthesis|[silent]
|switch|p1a: Nigel|Pelipper, M, shiny|100/100
|-weather|RainDance|[from] ability: Drizzle|[of] p1a: Nigel
|move|p2a: The sandstorm|Stealth Rock|p1a: Nigel
|-sidestart|p1: Dripple3000|move: Stealth Rock
|
|-weather|RainDance|[upkeep]
|upkeep
|turn|4
|
|t:|1776147577
|switch|p2a: Ninetales|Ninetales-Alola, F|58/100 par
|-weather|Snowscape|[from] ability: Snow Warning|[of] p2a: Ninetales
|move|p1a: Nigel|U-turn|p2a: Ninetales
|-resisted|p2a: Ninetales
|-damage|p2a: Ninetales|56/100 par
|
|t:|1776147587
|switch|p1a: Nobunaga|Kingambit, F, shiny|100/100|[from] U-turn
|-damage|p1a: Nobunaga|94/100|[from] Stealth Rock
|
|-weather|Snowscape|[upkeep]
|-heal|p1a: Nobunaga|100/100|[from] item: Leftovers
|upkeep
|turn|5
|
|t:|1776147601
|move|p2a: Ninetales|Moonblast|p1a: Nobunaga
|-damage|p1a: Nobunaga|68/100
|move|p1a: Nobunaga|Swords Dance|p1a: Nobunaga
|-boost|p1a: Nobunaga|atk|2
|
|-weather|Snowscape|[upkeep]
|-heal|p1a: Nobunaga|74/100|[from] item: Leftovers
|upkeep
|turn|6
|
|t:|1776147607
|-end|p1a: Nobunaga|fallenundefined|[silent]
|switch|p1a: Nigel|Pelipper, M, shiny|100/100
|-damage|p1a: Nigel|76/100|[from] Stealth Rock
|-weather|RainDance|[from] ability: Drizzle|[of] p1a: Nigel
|cant|p2a: Ninetales|par
|
|-weather|RainDance|[upkeep]
|upkeep
|turn|7
|
|t:|1776147619
|move|p2a: Ninetales|Freeze-Dry|p1a: Nigel
|-supereffective|p1a: Nigel
|-damage|p1a: Nigel|0 fnt
|faint|p1a: Nigel
|
|-weather|RainDance|[upkeep]
|upkeep
|c| nu world order|lol
|c|☆Dripple3000|oops
|
|t:|1776147630
|switch|p1a: Ghoti|Barraskewda, M|100/100
|-damage|p1a: Ghoti|88/100|[from] Stealth Rock
|turn|8
|c|☆OP Earthquakes|Oof
|
|t:|1776147644
|switch|p2a: The sandstorm|Tyranitar, F, shiny|71/100
|-weather|Sandstorm|[from] ability: Sand Stream|[of] p2a: The sandstorm
|move|p1a: Ghoti|Liquidation|p2a: The sandstorm
|-supereffective|p2a: The sandstorm
|-damage|p2a: The sandstorm|23/100
|
|-weather|Sandstorm|[upkeep]
|-damage|p1a: Ghoti|82/100|[from] Sandstorm
|-sideend|p2: OP Earthquakes|move: Aurora Veil
|upkeep
|turn|9
|
|t:|1776147652
|switch|p2a: Itachi|Hawlucha, F, shiny|100/100
|-ability|p2a: Itachi|Mold Breaker
|move|p1a: Ghoti|Liquidation|p2a: Itachi
|-damage|p2a: Itachi|0 fnt
|faint|p2a: Itachi
|
|-weather|Sandstorm|[upkeep]
|-damage|p1a: Ghoti|76/100|[from] Sandstorm
|upkeep
|
|t:|1776147663
|switch|p2a: OP|Excadrill, F|100/100
|turn|10
|
|t:|1776147666
|move|p2a: OP|Earthquake|p1a: Ghoti
|-damage|p1a: Ghoti|0 fnt
|faint|p1a: Ghoti
|
|-weather|Sandstorm|[upkeep]
|upkeep
|c| nu world order|gg lol
|c|☆OP Earthquakes|Gg
|
|t:|1776147694
|switch|p1a: Nelly|Iron Treads|100/100
|-damage|p1a: Nelly|97/100|[from] Stealth Rock
|-enditem|p1a: Nelly|Booster Energy
|-activate|p1a: Nelly|ability: Quark Drive|[fromitem]
|-start|p1a: Nelly|quarkdrivespe
|turn|11
|c|☆OP Earthquakes|Ty for continuing :)
|
|t:|1776147708
|move|p2a: OP|Earthquake|p1a: Nelly
|-supereffective|p1a: Nelly
|-damage|p1a: Nelly|0 fnt
|faint|p1a: Nelly
|-end|p1a: Nelly|Quark Drive|[silent]
|
|-weather|Sandstorm|[upkeep]
|upkeep
|
|t:|1776147717
|switch|p1a: Little Foot|Raging Bolt, tera:Fairy|94/100
|-damage|p1a: Little Foot|82/100|[from] Stealth Rock
|turn|12
|
|t:|1776147721
|move|p2a: OP|Earthquake|p1a: Little Foot
|-damage|p1a: Little Foot|0 fnt
|faint|p1a: Little Foot
|-end|p1a: Little Foot|Protosynthesis|[silent]
|
|-weather|Sandstorm|[upkeep]
|upkeep
|
|t:|1776147726
|switch|p1a: Nobunaga|Kingambit, F, shiny|74/100
|-damage|p1a: Nobunaga|68/100|[from] Stealth Rock
|-activate|p1a: Nobunaga|ability: Supreme Overlord
|-start|p1a: Nobunaga|fallen4|[silent]
|turn|13
|
|t:|1776147730
|move|p1a: Nobunaga|Sucker Punch|p2a: OP
|-crit|p2a: OP
|-damage|p2a: OP|0 fnt
|faint|p2a: OP
|
|-weather|Sandstorm|[upkeep]
|-heal|p1a: Nobunaga|74/100|[from] item: Leftovers
|upkeep
|c|☆OP Earthquakes|Huge crit
|
|t:|1776147743
|switch|p2a: Enamorus|Enamorus, F|100/100
|turn|14
|
|t:|1776147746
|move|p2a: Enamorus|Superpower|p1a: Nobunaga
|-supereffective|p1a: Nobunaga
|-damage|p1a: Nobunaga|0 fnt
|-boost|p2a: Enamorus|atk|1
|-boost|p2a: Enamorus|def|1
|faint|p1a: Nobunaga
|-end|p1a: Nobunaga|fallen4|[silent]
|
|-weather|Sandstorm|[upkeep]
|-damage|p2a: Enamorus|94/100|[from] Sandstorm
|upkeep
|
|t:|1776147750
|switch|p1a: Kinta|Overqwil, F|100/100
|-damage|p1a: Kinta|88/100|[from] Stealth Rock
|turn|15
|
|t:|1776147768
|-terastallize|p2a: Enamorus|Stellar
|move|p2a: Enamorus|Superpower|p1a: Kinta
|-damage|p1a: Kinta|15/100
|-boost|p2a: Enamorus|atk|1
|-boost|p2a: Enamorus|def|1
|move|p1a: Kinta|Gunk Shot|p2a: Enamorus|[miss]
|-miss|p1a: Kinta|p2a: Enamorus
|
|-weather|none
|upkeep
|turn|16
|l| nu world order
|c|☆OP Earthquakes|Mb
|
|t:|1776147783
|move|p2a: Enamorus|Superpower|p1a: Kinta
|-damage|p1a: Kinta|0 fnt
|-boost|p2a: Enamorus|atk|1
|-boost|p2a: Enamorus|def|1
|faint|p1a: Kinta
|
|win|OP Earthquakes
|raw|Dripple3000's rating: 1596 &rarr; <strong>1583</strong><br />(-13 for losing)
|raw|OP Earthquakes's rating: 1721 &rarr; <strong>1734</strong><br />(+13 for winning)
|c|☆Dripple3000|gg
