|html|<div class="broadcast-blue"><strong>[Gen 9] OU is currently suspecting Tera Blast! For information on how to participate check out the <a href="https://www.smogon.com/tools/suspects/view/200">suspect thread</a>.</strong></div>
|j|☆lololooopp
|j|☆Days of the Past
|t:|1776063795
|gametype|singles
|player|p1|lololooopp|cyrus|1289
|player|p2|Days of the Past|red-gen2|1255
|gen|9
|tier|[Gen 9] OU
|rated|
|rule|HP Percentage Mod: HP is shown in percentages
|rule|Endless Battle Clause: Forcing endless battles is banned
|rule|Species Clause: Limit one of each Pokémon
|rule|OHKO Clause: OHKO moves are banned
|rule|Evasion Items Clause: Evasion items are banned
|rule|Evasion Moves Clause: Evasion moves are banned
|rule|Evasion Abilities Clause: Evasion abilities are banned
|rule|Sleep Moves Clause: Sleep-inducing moves are banned
|clearpoke
|poke|p1|Tyranitar, M|
|poke|p1|Iron Valiant|
|poke|p1|Rillaboom, M|
|poke|p1|Garchomp, M|
|poke|p1|Kingambit, F|
|poke|p1|Scizor, M|
|poke|p2|Torkoal, M|
|poke|p2|Cinderace, M|
|poke|p2|Ting-Lu|
|poke|p2|Raging Bolt|
|poke|p2|Lilligant-Hisui, F|
|poke|p2|Great Tusk|
|teampreview
|inactive|Battle timer is ON: inactive players will automatically lose when time's up. (requested by Days of the Past)
|
|t:|1776063806
|teamsize|p1|6
|teamsize|p2|6
|start
|switch|p1a: Garchomp|Garchomp, M|100/100
|switch|p2a: Torkoal|Torkoal, M|100/100
|-weather|SunnyDay|[from] ability: Drought|[of] p2a: Torkoal
|turn|1
|
|t:|1776063812
|switch|p2a: Ting-Lu|Ting-Lu|100/100
|-ability|p2a: Ting-Lu|Vessel of Ruin
|move|p1a: Garchomp|Swords Dance|p1a: Garchomp
|-boost|p1a: Garchomp|atk|2
|
|-weather|SunnyDay|[upkeep]
|upkeep
|turn|2
|
|t:|1776063817
|move|p1a: Garchomp|Scale Shot|p2a: Ting-Lu
|-damage|p2a: Ting-Lu|87/100
|-damage|p2a: Ting-Lu|72/100
|-hitcount|p2a: Ting-Lu|2
|-unboost|p1a: Garchomp|def|1
|-boost|p1a: Garchomp|spe|1
|move|p2a: Ting-Lu|Whirlwind|p1a: Garchomp
|drag|p1a: Scizor|Scizor, M|100/100
|
|-weather|SunnyDay|[upkeep]
|upkeep
|turn|3
|
|t:|1776063827
|switch|p2a: Great Tusk|Great Tusk|100/100
|-activate|p2a: Great Tusk|ability: Protosynthesis
|-start|p2a: Great Tusk|protosynthesisspe
|move|p1a: Scizor|Close Combat|p2a: Great Tusk
|-damage|p2a: Great Tusk|68/100
|-unboost|p1a: Scizor|def|1
|-unboost|p1a: Scizor|spd|1
|
|-weather|SunnyDay|[upkeep]
|-heal|p2a: Great Tusk|74/100|[from] item: Leftovers
|upkeep
|turn|4
|
|t:|1776063842
|switch|p1a: Rillaboom|Rillaboom, M|100/100
|-fieldstart|move: Grassy Terrain|[from] ability: Grassy Surge|[of] p1a: Rillaboom
|move|p2a: Great Tusk|Bulk Up|p2a: Great Tusk
|-boost|p2a: Great Tusk|atk|1
|-boost|p2a: Great Tusk|def|1
|
|-weather|SunnyDay|[upkeep]
|-heal|p2a: Great Tusk|80/100|[from] Grassy Terrain
|-heal|p2a: Great Tusk|87/100|[from] item: Leftovers
|upkeep
|turn|5
|
|t:|1776063849
|move|p2a: Great Tusk|Ice Spinner|p1a: Rillaboom
|-supereffective|p1a: Rillaboom
|-damage|p1a: Rillaboom|40/100
|-fieldend|move: Grassy Terrain
|move|p1a: Rillaboom|Wood Hammer|p2a: Great Tusk
|-supereffective|p2a: Great Tusk
|-damage|p2a: Great Tusk|9/100
|-damage|p1a: Rillaboom|16/100|[from] Recoil
|
|-weather|SunnyDay|[upkeep]
|-heal|p2a: Great Tusk|15/100|[from] item: Leftovers
|upkeep
|turn|6
|
|t:|1776063859
|move|p2a: Great Tusk|Rapid Spin|p1a: Rillaboom
|-damage|p1a: Rillaboom|0 fnt
|-boost|p2a: Great Tusk|spe|1
|faint|p1a: Rillaboom
|
|-weather|SunnyDay|[upkeep]
|-heal|p2a: Great Tusk|21/100|[from] item: Leftovers
|upkeep
|
|t:|1776063861
|switch|p1a: Scizor|Scizor, M|100/100
|turn|7
|
|t:|1776063865
|-end|p2a: Great Tusk|Protosynthesis|[silent]
|switch|p2a: Torkoal|Torkoal, M|100/100
|move|p1a: Scizor|Bullet Punch|p2a: Torkoal
|-resisted|p2a: Torkoal
|-damage|p2a: Torkoal|92/100
|
|-weather|SunnyDay|[upkeep]
|upkeep
|turn|8
|j| Kyurem
|
|t:|1776063881
|switch|p1a: Garchomp|Garchomp, M|100/100
|move|p2a: Torkoal|Burning Jealousy|p1a: Garchomp
|-resisted|p1a: Garchomp
|-damage|p1a: Garchomp|84/100
|
|-weather|none
|-heal|p1a: Garchomp|90/100|[from] item: Leftovers
|upkeep
|turn|9
|
|t:|1776063885
|switch|p2a: Ting-Lu|Ting-Lu|72/100
|-ability|p2a: Ting-Lu|Vessel of Ruin
|move|p1a: Garchomp|Swords Dance|p1a: Garchomp
|-boost|p1a: Garchomp|atk|2
|
|-heal|p1a: Garchomp|96/100|[from] item: Leftovers
|upkeep
|turn|10
|
|t:|1776063891
|move|p1a: Garchomp|Scale Shot|p2a: Ting-Lu
|-damage|p2a: Ting-Lu|59/100
|-damage|p2a: Ting-Lu|46/100
|-damage|p2a: Ting-Lu|32/100
|-damage|p2a: Ting-Lu|18/100
|-hitcount|p2a: Ting-Lu|4
|-unboost|p1a: Garchomp|def|1
|-boost|p1a: Garchomp|spe|1
|move|p2a: Ting-Lu|Whirlwind|p1a: Garchomp
|drag|p1a: Tyranitar|Tyranitar, M|100/100
|-weather|Sandstorm|[from] ability: Sand Stream|[of] p1a: Tyranitar
|
|-weather|Sandstorm|[upkeep]
|upkeep
|turn|11
|
|t:|1776063897
|move|p1a: Tyranitar|Dragon Dance|p1a: Tyranitar
|-boost|p1a: Tyranitar|atk|1
|-boost|p1a: Tyranitar|spe|1
|move|p2a: Ting-Lu|Earthquake|p1a: Tyranitar
|-supereffective|p1a: Tyranitar
|-damage|p1a: Tyranitar|37/100
|
|-weather|Sandstorm|[upkeep]
|-heal|p1a: Tyranitar|43/100|[from] item: Leftovers
|upkeep
|turn|12
|
|t:|1776063905
|move|p1a: Tyranitar|Ice Punch|p2a: Ting-Lu
|-supereffective|p2a: Ting-Lu
|-damage|p2a: Ting-Lu|0 fnt
|-damage|p1a: Tyranitar|26/100|[from] item: Rocky Helmet|[of] p2a: Ting-Lu
|faint|p2a: Ting-Lu
|
|-weather|Sandstorm|[upkeep]
|-heal|p1a: Tyranitar|32/100|[from] item: Leftovers
|upkeep
|
|t:|1776063915
|switch|p2a: Torkoal|Torkoal, M|92/100
|-weather|SunnyDay|[from] ability: Drought|[of] p2a: Torkoal
|turn|13
|
|t:|1776063919
|switch|p2a: Great Tusk|Great Tusk|21/100
|-activate|p2a: Great Tusk|ability: Protosynthesis
|-start|p2a: Great Tusk|protosynthesisspe
|move|p1a: Tyranitar|Earthquake|p2a: Great Tusk
|-crit|p2a: Great Tusk
|-damage|p2a: Great Tusk|0 fnt
|faint|p2a: Great Tusk
|-end|p2a: Great Tusk|Protosynthesis|[silent]
|
|-weather|SunnyDay|[upkeep]
|-heal|p1a: Tyranitar|39/100|[from] item: Leftovers
|upkeep
|
|t:|1776063924
|switch|p2a: Lilligant|Lilligant-Hisui, F|100/100
|turn|14
|
|t:|1776063931
|move|p2a: Lilligant|Close Combat|p1a: Tyranitar
|-supereffective|p1a: Tyranitar
|-damage|p1a: Tyranitar|0 fnt
|-unboost|p2a: Lilligant|def|1
|-unboost|p2a: Lilligant|spd|1
|faint|p1a: Tyranitar
|-damage|p2a: Lilligant|91/100|[from] item: Life Orb
|
|-weather|SunnyDay|[upkeep]
|upkeep
|
|t:|1776063936
|switch|p1a: Garchomp|Garchomp, M|96/100
|turn|15
|
|t:|1776063943
|-terastallize|p1a: Garchomp|Fire
|move|p2a: Lilligant|Triple Axel|p1a: Garchomp
|-resisted|p1a: Garchomp
|-damage|p1a: Garchomp|92/100
|-damage|p2a: Lilligant|79/100|[from] ability: Rough Skin|[of] p1a: Garchomp
|-resisted|p1a: Garchomp
|-damage|p1a: Garchomp|83/100
|-damage|p2a: Lilligant|66/100|[from] ability: Rough Skin|[of] p1a: Garchomp
|-resisted|p1a: Garchomp
|-damage|p1a: Garchomp|71/100
|-damage|p2a: Lilligant|54/100|[from] ability: Rough Skin|[of] p1a: Garchomp
|-hitcount|p1a: Garchomp|3
|-damage|p2a: Lilligant|44/100|[from] item: Life Orb
|move|p1a: Garchomp|Fire Fang|p2a: Lilligant
|-supereffective|p2a: Lilligant
|-damage|p2a: Lilligant|0 fnt
|faint|p2a: Lilligant
|
|-weather|SunnyDay|[upkeep]
|-heal|p1a: Garchomp|78/100|[from] item: Leftovers
|upkeep
|
|t:|1776063951
|switch|p2a: Raging Bolt|Raging Bolt|100/100
|-activate|p2a: Raging Bolt|ability: Protosynthesis
|-start|p2a: Raging Bolt|protosynthesisspa
|turn|16
|
|t:|1776063968
|-terastallize|p2a: Raging Bolt|Flying
|move|p1a: Garchomp|Earthquake|p2a: Raging Bolt
|-immune|p2a: Raging Bolt
|move|p2a: Raging Bolt|Thunderbolt|p1a: Garchomp
|-damage|p1a: Garchomp|2/100
|-status|p1a: Garchomp|par
|
|-weather|SunnyDay|[upkeep]
|-heal|p1a: Garchomp|9/100 par|[from] item: Leftovers
|upkeep
|turn|17
|
|t:|1776063974
|move|p2a: Raging Bolt|Weather Ball|p1a: Garchomp
|-resisted|p1a: Garchomp
|-damage|p1a: Garchomp|0 fnt
|faint|p1a: Garchomp
|
|-weather|SunnyDay|[upkeep]
|upkeep
|
|t:|1776063976
|switch|p1a: Iron Valiant|Iron Valiant|100/100
|-enditem|p1a: Iron Valiant|Booster Energy
|-activate|p1a: Iron Valiant|ability: Quark Drive|[fromitem]
|-start|p1a: Iron Valiant|quarkdrivespa
|turn|18
|
|t:|1776063980
|move|p1a: Iron Valiant|Thunderbolt|p2a: Raging Bolt
|-supereffective|p2a: Raging Bolt
|-damage|p2a: Raging Bolt|57/100
|move|p2a: Raging Bolt|Thunderbolt|p1a: Iron Valiant
|-crit|p1a: Iron Valiant
|-damage|p1a: Iron Valiant|0 fnt
|faint|p1a: Iron Valiant
|-end|p1a: Iron Valiant|Quark Drive|[silent]
|
|-weather|SunnyDay|[upkeep]
|upkeep
|
|t:|1776063983
|switch|p1a: Scizor|Scizor, M|100/100
|turn|19
|
|t:|1776063988
|move|p1a: Scizor|Swords Dance|p1a: Scizor
|-boost|p1a: Scizor|atk|2
|move|p2a: Raging Bolt|Weather Ball|p1a: Scizor
|-supereffective|p1a: Scizor
|-damage|p1a: Scizor|0 fnt
|faint|p1a: Scizor
|
|-weather|SunnyDay|[upkeep]
|upkeep
|
|t:|1776063989
|switch|p1a: Kingambit|Kingambit, F|100/100
|-activate|p1a: Kingambit|ability: Supreme Overlord
|-start|p1a: Kingambit|fallen5|[silent]
|-item|p1a: Kingambit|Air Balloon
|turn|20
|
|t:|1776063993
|move|p2a: Raging Bolt|Weather Ball|p1a: Kingambit
|-supereffective|p1a: Kingambit
|-crit|p1a: Kingambit
|-damage|p1a: Kingambit|0 fnt
|-enditem|p1a: Kingambit|Air Balloon
|faint|p1a: Kingambit
|-end|p1a: Kingambit|fallen5|[silent]
|
|win|Days of the Past
|raw|lololooopp's rating: 1289 &rarr; <strong>1262</strong><br />(-27 for losing)
|raw|Days of the Past's rating: 1255 &rarr; <strong>1282</strong><br />(+27 for winning)
|j| N0AH__123__
|l|☆lololooopp
|player|p1|
|l|☆Days of the Past
|player|p2|
|l| N0AH__123__
|l| Kyurem
