|html|<div class="broadcast-blue"><strong>[Gen 9] OU is currently suspecting Tera Blast! For information on how to participate check out the <a href="https://www.smogon.com/tools/suspects/view/200">suspect thread</a>.</strong></div>
|j|☆jarrodbennett
|j|☆Playm4ker52
|t:|1776262143
|gametype|singles
|player|p1|jarrodbennett|2|1550
|player|p2|Playm4ker52|lucas|1562
|gen|9
|tier|[Gen 9] OU
|rated|
|rule|HP Percentage Mod: HP is shown in percentages
|rule|Endless Battle Clause: Forcing endless battles is banned
|rule|Species Clause: Limit one of each Pokémon
|rule|OHKO Clause: OHKO moves are banned
|rule|Evasion Items Clause: Evasion items are banned
|rule|Evasion Moves Clause: Evasion moves are banned
|rule|Evasion Abilities Clause: Evasion abilities are banned
|rule|Sleep Moves Clause: Sleep-inducing moves are banned
|clearpoke
|poke|p1|Ribombee, M|
|poke|p1|Cinderace, F|
|poke|p1|Serperior, F|
|poke|p1|Hitmonlee, M|
|poke|p1|Empoleon, M|
|poke|p1|Kingambit, M|
|poke|p2|Kyurem|
|poke|p2|Primarina, F|
|poke|p2|Latios, M|
|poke|p2|Gengar, F|
|poke|p2|Great Tusk|
|poke|p2|Corviknight, M|
|teampreview
|
|t:|1776262190
|teamsize|p1|6
|teamsize|p2|6
|start
|switch|p1a: Ya Like Jazz?|Ribombee, M|100/100
|switch|p2a: Gardidittoya|Gengar, F|100/100
|turn|1
|
|t:|1776262197
|move|p1a: Ya Like Jazz?|Sticky Web|p2a: Gardidittoya
|-sidestart|p2: Playm4ker52|move: Sticky Web
|move|p2a: Gardidittoya|Sludge Wave|p1a: Ya Like Jazz?
|-supereffective|p1a: Ya Like Jazz?
|-enditem|p1a: Ya Like Jazz?|Focus Sash
|-damage|p1a: Ya Like Jazz?|1/100
|
|upkeep
|turn|2
|
|t:|1776262205
|switch|p2a: A Great Chaos|Corviknight, M|100/100
|-ability|p2a: A Great Chaos|Pressure
|move|p1a: Ya Like Jazz?|Struggle Bug|p2a: A Great Chaos
|-resisted|p2a: A Great Chaos
|-damage|p2a: A Great Chaos|96/100
|-unboost|p2a: A Great Chaos|spa|1
|
|upkeep
|turn|3
|
|t:|1776262214
|move|p1a: Ya Like Jazz?|Moonblast|p2a: A Great Chaos
|-resisted|p2a: A Great Chaos
|-damage|p2a: A Great Chaos|77/100
|move|p2a: A Great Chaos|U-turn|p1a: Ya Like Jazz?
|-resisted|p1a: Ya Like Jazz?
|-damage|p1a: Ya Like Jazz?|0 fnt
|faint|p1a: Ya Like Jazz?
|
|t:|1776262217
|switch|p2a: Tusky Soprano|Great Tusk|100/100|[from] U-turn
|-activate|p2a: Tusky Soprano|move: Sticky Web
|-unboost|p2a: Tusky Soprano|spe|1
|-enditem|p2a: Tusky Soprano|Booster Energy
|-activate|p2a: Tusky Soprano|ability: Protosynthesis|[fromitem]
|-start|p2a: Tusky Soprano|protosynthesisatk
|
|upkeep
|inactive|Battle timer is ON: inactive players will automatically lose when time's up. (requested by Playm4ker52)
|
|t:|1776262229
|switch|p1a: What's Up Doc?|Cinderace, F|100/100
|turn|4
|
|t:|1776262243
|move|p1a: What's Up Doc?|Court Change|p1a: What's Up Doc?
|-start|p1a: What's Up Doc?|typechange|Normal|[from] ability: Libero
|-swapsideconditions
|-activate|p1a: What's Up Doc?|move: Court Change
|move|p2a: Tusky Soprano|Headlong Rush|p1a: What's Up Doc?
|-damage|p1a: What's Up Doc?|0 fnt
|-unboost|p2a: Tusky Soprano|def|1
|-unboost|p2a: Tusky Soprano|spd|1
|faint|p1a: What's Up Doc?
|
|upkeep
|
|t:|1776262254
|switch|p1a: Slytherin|Serperior, F|100/100
|-activate|p1a: Slytherin|move: Sticky Web
|-boost|p1a: Slytherin|spe|1
|turn|5
|
|t:|1776262261
|-end|p2a: Tusky Soprano|Protosynthesis|[silent]
|switch|p2a: Blinding lights|Latios, M|100/100
|move|p1a: Slytherin|Leaf Storm|p2a: Blinding lights
|-resisted|p2a: Blinding lights
|-damage|p2a: Blinding lights|75/100
|-boost|p1a: Slytherin|spa|2
|
|upkeep
|turn|6
|
|t:|1776262270
|switch|p1a: Big Z|Empoleon, M|100/100
|-activate|p1a: Big Z|move: Sticky Web
|-unboost|p1a: Big Z|spe|1
|-ability|p1a: Big Z|Competitive|boost
|-boost|p1a: Big Z|spa|2
|move|p2a: Blinding lights|Draco Meteor|p1a: Big Z
|-resisted|p1a: Big Z
|-damage|p1a: Big Z|67/100
|-unboost|p2a: Blinding lights|spa|2
|
|upkeep
|turn|7
|
|t:|1776262281
|switch|p2a: My Singing Prima|Primarina, F|100/100
|move|p1a: Big Z|Ice Beam|p2a: My Singing Prima
|-resisted|p2a: My Singing Prima
|-damage|p2a: My Singing Prima|84/100
|
|upkeep
|turn|8
|
|t:|1776262290
|move|p2a: My Singing Prima|Flip Turn|p1a: Big Z
|-resisted|p1a: Big Z
|-damage|p1a: Big Z|59/100
|
|t:|1776262296
|switch|p2a: A Great Chaos|Corviknight, M|77/100|[from] Flip Turn
|-ability|p2a: A Great Chaos|Pressure
|move|p1a: Big Z|Grass Knot|p2a: A Great Chaos
|-resisted|p2a: A Great Chaos
|-damage|p2a: A Great Chaos|64/100
|-damage|p1a: Big Z|42/100|[from] item: Rocky Helmet|[of] p2a: A Great Chaos
|
|upkeep
|turn|9
|
|t:|1776262309
|move|p2a: A Great Chaos|Roost|p2a: A Great Chaos
|-heal|p2a: A Great Chaos|100/100
|-singleturn|p2a: A Great Chaos|move: Roost
|move|p1a: Big Z|Surf|p2a: A Great Chaos
|-damage|p2a: A Great Chaos|11/100
|
|upkeep
|turn|10
|
|t:|1776262326
|switch|p2a: My Singing Prima|Primarina, F|84/100
|move|p1a: Big Z|Vacuum Wave|p2a: My Singing Prima
|-resisted|p2a: My Singing Prima
|-damage|p2a: My Singing Prima|76/100
|
|upkeep
|turn|11
|
|t:|1776262347
|switch|p2a: A Great Chaos|Corviknight, M|11/100
|-ability|p2a: A Great Chaos|Pressure
|move|p1a: Big Z|Grass Knot|p2a: A Great Chaos
|-resisted|p2a: A Great Chaos
|-damage|p2a: A Great Chaos|0 fnt
|-damage|p1a: Big Z|26/100|[from] item: Rocky Helmet|[of] p2a: A Great Chaos
|faint|p2a: A Great Chaos
|
|upkeep
|inactive|Playm4ker52 has 120 seconds left.
|
|t:|1776262359
|switch|p2a: Gardidittoya|Gengar, F|100/100
|turn|12
|
|t:|1776262363
|move|p2a: Gardidittoya|Shadow Ball|p1a: Big Z
|-damage|p1a: Big Z|2/100
|-unboost|p1a: Big Z|spd|1
|-ability|p1a: Big Z|Competitive|boost
|-boost|p1a: Big Z|spa|2
|move|p1a: Big Z|Surf|p2a: Gardidittoya
|-enditem|p2a: Gardidittoya|Focus Sash
|-damage|p2a: Gardidittoya|1/100
|-start|p1a: Big Z|Disable|Surf|[from] ability: Cursed Body|[of] p2a: Gardidittoya
|
|upkeep
|turn|13
|
|t:|1776262378
|move|p2a: Gardidittoya|Shadow Ball|p1a: Big Z
|-damage|p1a: Big Z|0 fnt
|faint|p1a: Big Z
|
|upkeep
|
|t:|1776262385
|switch|p1a: Kickin' Nugget|Hitmonlee, M|100/100
|-activate|p1a: Kickin' Nugget|move: Sticky Web
|-unboost|p1a: Kickin' Nugget|spe|1
|-enditem|p1a: Kickin' Nugget|White Herb
|-clearnegativeboost|p1a: Kickin' Nugget|[silent]
|turn|14
|
|t:|1776262394
|move|p1a: Kickin' Nugget|Swords Dance|p1a: Kickin' Nugget
|-boost|p1a: Kickin' Nugget|atk|2
|move|p2a: Gardidittoya|Thunder Wave|p1a: Kickin' Nugget
|-status|p1a: Kickin' Nugget|par
|
|upkeep
|turn|15
|
|t:|1776262404
|move|p2a: Gardidittoya|Sludge Wave|p1a: Kickin' Nugget
|-damage|p1a: Kickin' Nugget|37/100 par
|move|p1a: Kickin' Nugget|Knock Off|p2a: Gardidittoya
|-supereffective|p2a: Gardidittoya
|-damage|p2a: Gardidittoya|0 fnt
|-start|p1a: Kickin' Nugget|Disable|Knock Off|[from] ability: Cursed Body|[of] p2a: Gardidittoya
|faint|p2a: Gardidittoya
|
|upkeep
|inactive|Playm4ker52 has 120 seconds left.
|
|t:|1776262437
|switch|p2a: Blinding lights|Latios, M|75/100
|turn|16
|
|t:|1776262446
|move|p2a: Blinding lights|Aura Sphere|p1a: Kickin' Nugget
|-damage|p1a: Kickin' Nugget|0 fnt
|faint|p1a: Kickin' Nugget
|
|upkeep
|
|t:|1776262452
|switch|p1a: Come At Me Bro|Kingambit, M|100/100
|-activate|p1a: Come At Me Bro|move: Sticky Web
|-unboost|p1a: Come At Me Bro|spe|1
|-ability|p1a: Come At Me Bro|Defiant|boost
|-boost|p1a: Come At Me Bro|atk|2
|turn|17
|
|t:|1776262469
|switch|p2a: My Singing Prima|Primarina, F|76/100
|-terastallize|p1a: Come At Me Bro|Fairy
|move|p1a: Come At Me Bro|Iron Head|p2a: My Singing Prima
|-damage|p2a: My Singing Prima|0 fnt
|faint|p2a: My Singing Prima
|
|upkeep
|inactive|Playm4ker52 has 120 seconds left.
|
|t:|1776262487
|switch|p2a: Odd-eyes Raging|Kyurem|100/100
|-ability|p2a: Odd-eyes Raging|Pressure
|turn|18
|inactive|Playm4ker52 has 120 seconds left.
|
|t:|1776262502
|move|p2a: Odd-eyes Raging|Icicle Spear|p1a: Come At Me Bro
|-damage|p1a: Come At Me Bro|89/100
|-damage|p1a: Come At Me Bro|79/100
|-damage|p1a: Come At Me Bro|70/100
|-damage|p1a: Come At Me Bro|59/100
|-damage|p1a: Come At Me Bro|49/100
|-hitcount|p1a: Come At Me Bro|5
|move|p1a: Come At Me Bro|Iron Head|p2a: Odd-eyes Raging
|-supereffective|p2a: Odd-eyes Raging
|-damage|p2a: Odd-eyes Raging|0 fnt
|faint|p2a: Odd-eyes Raging
|
|upkeep
|
|t:|1776262512
|switch|p2a: Tusky Soprano|Great Tusk|100/100
|turn|19
|
|t:|1776262519
|move|p2a: Tusky Soprano|Headlong Rush|p1a: Come At Me Bro
|-crit|p1a: Come At Me Bro
|-damage|p1a: Come At Me Bro|0 fnt
|-unboost|p2a: Tusky Soprano|def|1
|-unboost|p2a: Tusky Soprano|spd|1
|faint|p1a: Come At Me Bro
|
|upkeep
|
|t:|1776262526
|switch|p1a: Slytherin|Serperior, F|100/100
|-activate|p1a: Slytherin|move: Sticky Web
|-boost|p1a: Slytherin|spe|1
|turn|20
|
|t:|1776262531
|move|p1a: Slytherin|Leaf Storm|p2a: Tusky Soprano
|-supereffective|p2a: Tusky Soprano
|-damage|p2a: Tusky Soprano|0 fnt
|-boost|p1a: Slytherin|spa|2
|faint|p2a: Tusky Soprano
|-end|p2a: Tusky Soprano|Protosynthesis|[silent]
|
|upkeep
|
|t:|1776262533
|switch|p2a: Blinding lights|Latios, M|75/100
|turn|21
|
|t:|1776262540
|-terastallize|p2a: Blinding lights|Dragon
|move|p1a: Slytherin|Substitute|p1a: Slytherin
|-start|p1a: Slytherin|Substitute
|-damage|p1a: Slytherin|76/100
|move|p2a: Blinding lights|Draco Meteor|p1a: Slytherin
|-end|p1a: Slytherin|Substitute
|-unboost|p2a: Blinding lights|spa|2
|
|upkeep
|turn|22
|
|t:|1776262550
|move|p1a: Slytherin|Leaf Storm|p2a: Blinding lights
|-resisted|p2a: Blinding lights
|-damage|p2a: Blinding lights|26/100
|-boost|p1a: Slytherin|spa|2
|move|p2a: Blinding lights|Draco Meteor|p1a: Slytherin
|-damage|p1a: Slytherin|0 fnt
|-unboost|p2a: Blinding lights|spa|2
|faint|p1a: Slytherin
|
|win|Playm4ker52
|raw|jarrodbennett's rating: 1550 &rarr; <strong>1531</strong><br />(-19 for losing)
|raw|Playm4ker52's rating: 1562 &rarr; <strong>1581</strong><br />(+19 for winning)
|c|☆jarrodbennett|Damn. Should've used another sub.
|c|☆jarrodbennett|Gg
|c|☆Playm4ker52|Yeah gg
|l|☆jarrodbennett
|player|p1|
