|html|<div class="broadcast-blue"><strong>[Gen 9] OU is currently suspecting Tera Blast! For information on how to participate check out the <a href="https://www.smogon.com/tools/suspects/view/200">suspect thread</a>.</strong></div>
|j|☆omega toad17
|j|☆deltarunetheanime
|t:|1776054031
|gametype|singles
|player|p1|omega toad17|2|1366
|player|p2|deltarunetheanime|roxie|1457
|gen|9
|tier|[Gen 9] OU
|rated|
|rule|HP Percentage Mod: HP is shown in percentages
|rule|Endless Battle Clause: Forcing endless battles is banned
|rule|Species Clause: Limit one of each Pokémon
|rule|OHKO Clause: OHKO moves are banned
|rule|Evasion Items Clause: Evasion items are banned
|rule|Evasion Moves Clause: Evasion moves are banned
|rule|Evasion Abilities Clause: Evasion abilities are banned
|rule|Sleep Moves Clause: Sleep-inducing moves are banned
|clearpoke
|poke|p1|Heatran, M|
|poke|p1|Ogerpon-Wellspring, F|
|poke|p1|Slowking-Galar, F|
|poke|p1|Enamorus, F|
|poke|p1|Kingambit, F|
|poke|p1|Great Tusk|
|poke|p2|Clodsire, F|
|poke|p2|Ogerpon-Wellspring, F|
|poke|p2|Zoroark-Hisui, F|
|poke|p2|Zamazenta-*|
|poke|p2|Cinderace, F|
|poke|p2|Deoxys-Speed|
|teampreview
|inactive|Battle timer is ON: inactive players will automatically lose when time's up. (requested by omega toad17)
|j| ohko_smeargle
|
|t:|1776054036
|teamsize|p1|6
|teamsize|p2|6
|start
|switch|p1a: Ogerpon|Ogerpon-Wellspring, F|100/100
|switch|p2a: Ogerpon|Ogerpon-Wellspring, F|100/100
|turn|1
|
|t:|1776054040
|-terastallize|p2a: Ogerpon|Water
|detailschange|p2a: Ogerpon|Ogerpon-Wellspring-Tera, F, tera:Water
|-ability|p2a: Ogerpon|Embody Aspect (Wellspring)|boost
|-boost|p2a: Ogerpon|spd|1
|move|p1a: Ogerpon|U-turn|p2a: Ogerpon
|-damage|p2a: Ogerpon|65/100
|
|t:|1776054046
|switch|p1a: Heatran|Heatran, M|100/100|[from] U-turn
|move|p2a: Ogerpon|U-turn|p1a: Heatran
|-resisted|p1a: Heatran
|-damage|p1a: Heatran|95/100
|
|t:|1776054049
|switch|p2a: Clodsire|Clodsire, F|100/100|[from] U-turn
|
|-heal|p1a: Heatran|100/100|[from] item: Leftovers
|upkeep
|turn|2
|
|t:|1776054052
|switch|p1a: Enamorus|Enamorus, F|100/100
|move|p2a: Clodsire|Earthquake|p1a: Enamorus
|-immune|p1a: Enamorus
|
|upkeep
|turn|3
|
|t:|1776054055
|move|p1a: Enamorus|Substitute|p1a: Enamorus
|-start|p1a: Enamorus|Substitute
|-damage|p1a: Enamorus|76/100
|move|p2a: Clodsire|Toxic||[still]
|-fail|p2a: Clodsire
|
|-heal|p1a: Enamorus|82/100|[from] item: Leftovers
|upkeep
|turn|4
|
|t:|1776054066
|move|p1a: Enamorus|Earth Power|p2a: Clodsire
|-supereffective|p2a: Clodsire
|-damage|p2a: Clodsire|69/100
|move|p2a: Clodsire|Toxic Spikes|p1a: Enamorus
|-sidestart|p1: omega toad17|move: Toxic Spikes
|
|-heal|p1a: Enamorus|88/100|[from] item: Leftovers
|-heal|p2a: Clodsire|75/100|[from] item: Leftovers
|upkeep
|turn|5
|
|t:|1776054076
|move|p1a: Enamorus|Calm Mind|p1a: Enamorus
|-boost|p1a: Enamorus|spa|1
|-boost|p1a: Enamorus|spd|1
|move|p2a: Clodsire|Toxic Spikes|p1a: Enamorus
|-sidestart|p1: omega toad17|move: Toxic Spikes
|
|-heal|p1a: Enamorus|94/100|[from] item: Leftovers
|-heal|p2a: Clodsire|81/100|[from] item: Leftovers
|upkeep
|turn|6
|
|t:|1776054078
|switch|p2a: Ogerpon|Ogerpon-Wellspring-Tera, F, tera:Water|65/100
|-ability|p2a: Ogerpon|Embody Aspect (Wellspring)|boost
|-boost|p2a: Ogerpon|spd|1
|move|p1a: Enamorus|Calm Mind|p1a: Enamorus
|-boost|p1a: Enamorus|spa|1
|-boost|p1a: Enamorus|spd|1
|
|-heal|p1a: Enamorus|100/100|[from] item: Leftovers
|upkeep
|turn|7
|
|t:|1776054081
|move|p2a: Ogerpon|Encore|p1a: Enamorus
|-start|p1a: Enamorus|Encore
|move|p1a: Enamorus|Calm Mind|p1a: Enamorus
|-boost|p1a: Enamorus|spa|1
|-boost|p1a: Enamorus|spd|1
|
|upkeep
|turn|8
|
|t:|1776054085
|move|p2a: Ogerpon|U-turn|p1a: Enamorus
|-resisted|p1a: Enamorus
|-activate|p1a: Enamorus|move: Substitute|[damage]
|
|t:|1776054088
|switch|p2a: Cinderace|Cinderace, F|100/100|[from] U-turn
|move|p1a: Enamorus|Calm Mind|p1a: Enamorus
|-boost|p1a: Enamorus|spa|1
|-boost|p1a: Enamorus|spd|1
|
|upkeep
|turn|9
|
|t:|1776054090
|move|p2a: Cinderace|U-turn|p1a: Enamorus
|-start|p2a: Cinderace|typechange|Bug|[from] ability: Libero
|-resisted|p1a: Enamorus
|-end|p1a: Enamorus|Substitute
|
|t:|1776054093
|switch|p2a: Ogerpon|Ogerpon-Wellspring-Tera, F, tera:Water|65/100|[from] U-turn
|-ability|p2a: Ogerpon|Embody Aspect (Wellspring)|boost
|-boost|p2a: Ogerpon|spd|1
|move|p1a: Enamorus|Calm Mind|p1a: Enamorus
|-boost|p1a: Enamorus|spa|1
|-boost|p1a: Enamorus|spd|1
|
|-end|p1a: Enamorus|Encore
|upkeep
|turn|10
|
|t:|1776054098
|switch|p1a: Slowking|Slowking-Galar, F|100/100
|-sideend|p1: omega toad17|move: Toxic Spikes|[of] p1a: Slowking
|move|p2a: Ogerpon|Encore||[still]
|-fail|p2a: Ogerpon
|
|upkeep
|turn|11
|
|t:|1776054105
|move|p2a: Ogerpon|Ivy Cudgel|p1a: Slowking|[anim] Ivy Cudgel Water
|-damage|p1a: Slowking|14/100
|move|p1a: Slowking|Future Sight|p2a: Ogerpon
|-start|p1a: Slowking|move: Future Sight
|
|upkeep
|turn|12
|
|t:|1776054113
|switch|p1a: Ogerpon|Ogerpon-Wellspring, F|100/100
|move|p2a: Ogerpon|U-turn|p1a: Ogerpon
|-supereffective|p1a: Ogerpon
|-damage|p1a: Ogerpon|31/100
|
|t:|1776054116
|switch|p2a: Cinderace|Cinderace, F|100/100|[from] U-turn
|
|upkeep
|turn|13
|
|t:|1776054122
|switch|p1a: Great Tusk|Great Tusk|100/100
|move|p2a: Cinderace|U-turn|p1a: Great Tusk
|-start|p2a: Cinderace|typechange|Bug|[from] ability: Libero
|-resisted|p1a: Great Tusk
|-damage|p1a: Great Tusk|90/100
|
|t:|1776054125
|switch|p2a: Deoxys|Deoxys-Speed|100/100|[from] U-turn
|-ability|p2a: Deoxys|Pressure
|
|-end|p2a: Deoxys|move: Future Sight
|-resisted|p2a: Deoxys
|-crit|p2a: Deoxys
|-damage|p2a: Deoxys|50/100
|upkeep
|turn|14
|
|t:|1776054129
|-end|p1a: Great Tusk|Protosynthesis|[silent]
|switch|p1a: Kingambit|Kingambit, F|100/100
|move|p2a: Deoxys|Psycho Boost|p1a: Kingambit
|-immune|p1a: Kingambit
|
|upkeep
|turn|15
|
|t:|1776054133
|switch|p2a: Clodsire|Clodsire, F|81/100
|move|p1a: Kingambit|Sucker Punch||[still]
|-fail|p1a: Kingambit
|
|-heal|p2a: Clodsire|87/100|[from] item: Leftovers
|upkeep
|turn|16
|
|t:|1776054137
|move|p1a: Kingambit|Kowtow Cleave|p2a: Clodsire
|-damage|p2a: Clodsire|17/100
|move|p2a: Clodsire|Toxic Spikes|p1a: Kingambit
|-sidestart|p1: omega toad17|move: Toxic Spikes
|
|-heal|p2a: Clodsire|23/100|[from] item: Leftovers
|upkeep
|turn|17
|
|t:|1776054142
|switch|p2a: Zamazenta|Zamazenta|100/100
|-ability|p2a: Zamazenta|Dauntless Shield|boost
|-boost|p2a: Zamazenta|def|1
|move|p1a: Kingambit|Kowtow Cleave|p2a: Zamazenta
|-resisted|p2a: Zamazenta
|-damage|p2a: Zamazenta|83/100
|
|upkeep
|turn|18
|
|t:|1776054144
|switch|p1a: Slowking|Slowking-Galar, F|47/100
|-sideend|p1: omega toad17|move: Toxic Spikes|[of] p1a: Slowking
|move|p2a: Zamazenta|Crunch|p1a: Slowking
|-supereffective|p1a: Slowking
|-damage|p1a: Slowking|0 fnt
|faint|p1a: Slowking
|
|upkeep
|
|t:|1776054147
|switch|p1a: Enamorus|Enamorus, F|100/100
|turn|19
|
|t:|1776054151
|switch|p2a: Clodsire|Clodsire, F|23/100
|move|p1a: Enamorus|Moonblast|p2a: Clodsire
|-resisted|p2a: Clodsire
|-damage|p2a: Clodsire|9/100
|
|-heal|p2a: Clodsire|16/100|[from] item: Leftovers
|upkeep
|turn|20
|
|t:|1776054156
|move|p1a: Enamorus|Earth Power|p2a: Clodsire
|-supereffective|p2a: Clodsire
|-damage|p2a: Clodsire|0 fnt
|faint|p2a: Clodsire
|
|upkeep
|
|t:|1776054158
|switch|p2a: Ogerpon|Ogerpon-Wellspring-Tera, F, tera:Water|65/100
|-ability|p2a: Ogerpon|Embody Aspect (Wellspring)|boost
|-boost|p2a: Ogerpon|spd|1
|turn|21
|
|t:|1776054167
|move|p2a: Ogerpon|Ivy Cudgel|p1a: Enamorus|[anim] Ivy Cudgel Water
|-damage|p1a: Enamorus|0 fnt
|faint|p1a: Enamorus
|
|upkeep
|
|t:|1776054169
|switch|p1a: Ogerpon|Ogerpon-Wellspring, F|31/100
|turn|22
|
|t:|1776054171
|move|p2a: Ogerpon|U-turn|p1a: Ogerpon
|-supereffective|p1a: Ogerpon
|-damage|p1a: Ogerpon|0 fnt
|faint|p1a: Ogerpon
|
|t:|1776054173
|switch|p2a: Deoxys|Deoxys-Speed|100/100|[from] U-turn
|-item|p2a: Deoxys|Air Balloon
|
|upkeep
|-message|omega toad17 forfeited.
|
|win|deltarunetheanime
|raw|omega toad17's rating: 1366 &rarr; <strong>1351</strong><br />(-15 for losing)
|raw|deltarunetheanime's rating: 1457 &rarr; <strong>1472</strong><br />(+15 for winning)
|l|☆omega toad17
|player|p1|
|l| ohko_smeargle
|l|☆deltarunetheanime
|player|p2|
