|html|<div class="broadcast-blue"><strong>[Gen 9] OU is currently suspecting Tera Blast! For information on how to participate check out the <a href="https://www.smogon.com/tools/suspects/view/200">suspect thread</a>.</strong></div>
|j|☆team10thPlanet
|j|☆GreninjaMyFav
|t:|1776034522
|gametype|singles
|player|p1|team10thPlanet|veteran|1679
|player|p2|GreninjaMyFav|169|1659
|gen|9
|tier|[Gen 9] OU
|rated|
|rule|HP Percentage Mod: HP is shown in percentages
|rule|Endless Battle Clause: Forcing endless battles is banned
|rule|Species Clause: Limit one of each Pokémon
|rule|OHKO Clause: OHKO moves are banned
|rule|Evasion Items Clause: Evasion items are banned
|rule|Evasion Moves Clause: Evasion moves are banned
|rule|Evasion Abilities Clause: Evasion abilities are banned
|rule|Sleep Moves Clause: Sleep-inducing moves are banned
|clearpoke
|poke|p1|Zamazenta-*|
|poke|p1|Dragonite, M|
|poke|p1|Hoopa-Unbound|
|poke|p1|Araquanid, M|
|poke|p1|Iron Treads|
|poke|p1|Raikou|
|poke|p2|Greninja-*, M|
|poke|p2|Hoopa-Unbound|
|poke|p2|Great Tusk|
|poke|p2|Corviknight, M|
|poke|p2|Pecharunt|
|poke|p2|Alomomola, M|
|teampreview
|
|t:|1776034533
|teamsize|p1|6
|teamsize|p2|6
|start
|switch|p1a: Hoopa|Hoopa-Unbound|100/100
|switch|p2a: Corviknight|Corviknight, M|100/100
|-ability|p2a: Corviknight|Pressure
|turn|1
|
|t:|1776034550
|-terastallize|p1a: Hoopa|Fairy
|move|p1a: Hoopa|Thunderbolt|p2a: Corviknight
|-supereffective|p2a: Corviknight
|-damage|p2a: Corviknight|25/100
|move|p2a: Corviknight|U-turn|p1a: Hoopa
|-resisted|p1a: Hoopa
|-damage|p1a: Hoopa|88/100
|
|t:|1776034554
|switch|p2a: Greninja|Greninja, M|100/100|[from] U-turn
|
|upkeep
|turn|2
|
|t:|1776034561
|move|p1a: Hoopa|Thunderbolt|p2a: Greninja
|-supereffective|p2a: Greninja
|-damage|p2a: Greninja|0 fnt
|faint|p2a: Greninja
|
|upkeep
|
|t:|1776034564
|switch|p2a: Great Tusk|Great Tusk|100/100
|turn|3
|
|t:|1776034569
|switch|p1a: Johnny Tsunami 🌊|Araquanid, M|100/100
|move|p2a: Great Tusk|Stealth Rock|p1a: Johnny Tsunami 🌊
|-sidestart|p1: team10thPlanet|move: Stealth Rock
|
|upkeep
|turn|4
|
|t:|1776034576
|-end|p2a: Great Tusk|Protosynthesis|[silent]
|switch|p2a: Corviknight|Corviknight, M|25/100
|-ability|p2a: Corviknight|Pressure
|move|p1a: Johnny Tsunami 🌊|Surf|p2a: Corviknight
|-damage|p2a: Corviknight|0 fnt
|faint|p2a: Corviknight
|
|upkeep
|
|t:|1776034579
|switch|p2a: Hoopa|Hoopa-Unbound|100/100
|turn|5
|
|t:|1776034590
|move|p2a: Hoopa|Hyperspace Fury|p1a: Johnny Tsunami 🌊
|-damage|p1a: Johnny Tsunami 🌊|8/100
|-unboost|p2a: Hoopa|def|1
|move|p1a: Johnny Tsunami 🌊|Sticky Web|p2a: Hoopa
|-sidestart|p2: GreninjaMyFav|move: Sticky Web
|
|upkeep
|turn|6
|-enditem|p1a: Johnny Tsunami 🌊|Custap Berry|[eat]
|-activate|p1a: Johnny Tsunami 🌊|item: Custap Berry|[consumed]
|
|t:|1776034601
|switch|p2a: Pecharunt|Pecharunt|100/100
|move|p1a: Johnny Tsunami 🌊|Surf|p2a: Pecharunt
|-damage|p2a: Pecharunt|44/100
|
|upkeep
|turn|7
|
|t:|1776034609
|move|p2a: Pecharunt|Malignant Chain|p1a: Johnny Tsunami 🌊
|-damage|p1a: Johnny Tsunami 🌊|0 fnt
|faint|p1a: Johnny Tsunami 🌊
|
|upkeep
|
|t:|1776034618
|switch|p1a: Iron Treads|Iron Treads|100/100
|-damage|p1a: Iron Treads|97/100|[from] Stealth Rock
|-enditem|p1a: Iron Treads|Booster Energy
|-activate|p1a: Iron Treads|ability: Quark Drive|[fromitem]
|-start|p1a: Iron Treads|quarkdrivespe
|turn|8
|
|t:|1776034624
|move|p1a: Iron Treads|Knock Off|p2a: Pecharunt
|-supereffective|p2a: Pecharunt
|-damage|p2a: Pecharunt|13/100
|-enditem|p2a: Pecharunt|Heavy-Duty Boots|[from] move: Knock Off|[of] p1a: Iron Treads
|move|p2a: Pecharunt|Recover|p2a: Pecharunt
|-heal|p2a: Pecharunt|63/100
|
|upkeep
|turn|9
|
|t:|1776034632
|move|p1a: Iron Treads|Earthquake|p2a: Pecharunt
|-supereffective|p2a: Pecharunt
|-damage|p2a: Pecharunt|17/100
|move|p2a: Pecharunt|Recover|p2a: Pecharunt
|-heal|p2a: Pecharunt|67/100
|
|upkeep
|turn|10
|
|t:|1776034640
|switch|p2a: Great Tusk|Great Tusk|100/100
|move|p1a: Iron Treads|Earthquake|p2a: Great Tusk
|-damage|p2a: Great Tusk|69/100
|
|upkeep
|turn|11
|
|t:|1776034663
|move|p1a: Iron Treads|Rapid Spin|p2a: Great Tusk
|-damage|p2a: Great Tusk|56/100
|-boost|p1a: Iron Treads|spe|1
|-sideend|p1: team10thPlanet|Stealth Rock|[from] move: Rapid Spin|[of] p1a: Iron Treads
|move|p2a: Great Tusk|Headlong Rush|p1a: Iron Treads
|-supereffective|p1a: Iron Treads
|-damage|p1a: Iron Treads|0 fnt
|-unboost|p2a: Great Tusk|def|1
|-unboost|p2a: Great Tusk|spd|1
|faint|p1a: Iron Treads
|-end|p1a: Iron Treads|Quark Drive|[silent]
|
|upkeep
|
|t:|1776034677
|switch|p1a: Diego ⚡️|Raikou|100/100
|turn|12
|
|t:|1776034684
|-end|p2a: Great Tusk|Protosynthesis|[silent]
|switch|p2a: Alomomola|Alomomola, M|100/100
|-activate|p2a: Alomomola|move: Sticky Web
|-unboost|p2a: Alomomola|spe|1
|move|p1a: Diego ⚡️|Scald|p2a: Alomomola
|-resisted|p2a: Alomomola
|-damage|p2a: Alomomola|92/100
|
|upkeep
|turn|13
|
|t:|1776034692
|move|p1a: Diego ⚡️|Scald|p2a: Alomomola
|-resisted|p2a: Alomomola
|-damage|p2a: Alomomola|82/100
|move|p2a: Alomomola|Flip Turn|p1a: Diego ⚡️
|-damage|p1a: Diego ⚡️|79/100
|
|t:|1776034695
|switch|p2a: Hoopa|Hoopa-Unbound|100/100|[from] Flip Turn
|-activate|p2a: Hoopa|move: Sticky Web
|-unboost|p2a: Hoopa|spe|1
|
|upkeep
|turn|14
|
|t:|1776034704
|move|p1a: Diego ⚡️|Scald|p2a: Hoopa
|-damage|p2a: Hoopa|64/100
|move|p2a: Hoopa|Hyperspace Fury|p1a: Diego ⚡️
|-damage|p1a: Diego ⚡️|0 fnt
|-unboost|p2a: Hoopa|def|1
|faint|p1a: Diego ⚡️
|
|upkeep
|inactive|Battle timer is ON: inactive players will automatically lose when time's up. (requested by GreninjaMyFav)
|
|t:|1776034727
|switch|p1a: Fat Boy|Dragonite, M, shiny|100/100
|turn|15
|
|t:|1776034731
|switch|p2a: Pecharunt|Pecharunt|67/100
|-activate|p2a: Pecharunt|move: Sticky Web
|-unboost|p2a: Pecharunt|spe|1
|move|p1a: Fat Boy|Outrage|p2a: Pecharunt
|-damage|p2a: Pecharunt|22/100
|
|upkeep
|turn|16
|
|t:|1776034739
|switch|p2a: Alomomola|Alomomola, M|100/100
|-activate|p2a: Alomomola|move: Sticky Web
|-unboost|p2a: Alomomola|spe|1
|move|p1a: Fat Boy|Outrage|p2a: Alomomola|[from] lockedmove
|-damage|p2a: Alomomola|18/100
|
|upkeep
|turn|17
|
|t:|1776034747
|-terastallize|p2a: Alomomola|Fairy
|move|p1a: Fat Boy|Outrage|p2a: Alomomola|[from] lockedmove
|-immune|p2a: Alomomola
|-start|p1a: Fat Boy|confusion|[fatigue]
|move|p2a: Alomomola|Play Rough|p1a: Fat Boy
|-supereffective|p1a: Fat Boy
|-damage|p1a: Fat Boy|78/100
|
|upkeep
|turn|18
|
|t:|1776034770
|switch|p1a: Hoopa|Hoopa-Unbound, tera:Fairy|88/100
|move|p2a: Alomomola|Flip Turn|p1a: Hoopa
|-damage|p1a: Hoopa|62/100
|
|t:|1776034776
|switch|p2a: Great Tusk|Great Tusk|56/100|[from] Flip Turn
|
|upkeep
|turn|19
|
|t:|1776034782
|-end|p2a: Great Tusk|Protosynthesis|[silent]
|switch|p2a: Hoopa|Hoopa-Unbound|64/100
|-activate|p2a: Hoopa|move: Sticky Web
|-unboost|p2a: Hoopa|spe|1
|move|p1a: Hoopa|Tera Blast|p2a: Hoopa|[anim] Tera Blast Fairy
|-supereffective|p2a: Hoopa
|-damage|p2a: Hoopa|0 fnt
|faint|p2a: Hoopa
|
|upkeep
|-message|GreninjaMyFav forfeited.
|
|win|team10thPlanet
|raw|team10thPlanet's rating: 1679 &rarr; <strong>1698</strong><br />(+19 for winning)
|raw|GreninjaMyFav's rating: 1659 &rarr; <strong>1640</strong><br />(-19 for losing)
|l|☆GreninjaMyFav
|player|p2|
|l|☆team10thPlanet
|player|p1|
