|html|<div class="broadcast-blue"><strong>[Gen 9] OU is currently suspecting Tera Blast! For information on how to participate check out the <a href="https://www.smogon.com/tools/suspects/view/200">suspect thread</a>.</strong></div>
|j|☆Clodsire CULT
|j|☆pokebrodie
|t:|1776055926
|gametype|singles
|player|p1|Clodsire CULT|2|1390
|player|p2|pokebrodie|acerola-masters|1408
|gen|9
|tier|[Gen 9] OU
|rated|
|rule|HP Percentage Mod: HP is shown in percentages
|rule|Endless Battle Clause: Forcing endless battles is banned
|rule|Species Clause: Limit one of each Pokémon
|rule|OHKO Clause: OHKO moves are banned
|rule|Evasion Items Clause: Evasion items are banned
|rule|Evasion Moves Clause: Evasion moves are banned
|rule|Evasion Abilities Clause: Evasion abilities are banned
|rule|Sleep Moves Clause: Sleep-inducing moves are banned
|clearpoke
|poke|p1|Clodsire, F|
|poke|p1|Great Tusk|
|poke|p1|Quagsire, F|
|poke|p1|Rillaboom, M|
|poke|p1|Maushold-Four|
|poke|p1|Heatran, M|
|poke|p2|Iron Moth|
|poke|p2|Gliscor, M|
|poke|p2|Hatterene, F|
|poke|p2|Ogerpon-Wellspring, F|
|poke|p2|Raging Bolt|
|poke|p2|Zamazenta-*|
|teampreview
|inactive|Battle timer is ON: inactive players will automatically lose when time's up. (requested by pokebrodie)
|inactive|pokebrodie has 120 seconds left.
|
|t:|1776055979
|teamsize|p1|6
|teamsize|p2|6
|start
|switch|p1a: Vin Diesel|Maushold-Four|100/100
|switch|p2a: Zamazenta|Zamazenta|100/100
|-ability|p2a: Zamazenta|Dauntless Shield|boost
|-boost|p2a: Zamazenta|def|1
|turn|1
|
|t:|1776055998
|switch|p1a: Glen Quagsire|Quagsire, F|100/100
|move|p2a: Zamazenta|Light Screen|p2a: Zamazenta
|-sidestart|p2: pokebrodie|move: Light Screen
|
|upkeep
|turn|2
|
|t:|1776056013
|switch|p2a: Hatterene|Hatterene, F|100/100
|move|p1a: Glen Quagsire|Whirlpool|p2a: Hatterene
|-damage|p2a: Hatterene|96/100
|-activate|p2a: Hatterene|move: Whirlpool|[of] p1a: Glen Quagsire
|
|-heal|p2a: Hatterene|100/100|[from] item: Leftovers
|-damage|p2a: Hatterene|88/100|[from] move: Whirlpool|[partiallytrapped]
|upkeep
|turn|3
|
|t:|1776056030
|switch|p1a: Krakatoa|Heatran, M|100/100
|move|p2a: Hatterene|Draining Kiss|p1a: Krakatoa
|-resisted|p1a: Krakatoa
|-damage|p1a: Krakatoa|97/100
|-heal|p2a: Hatterene|92/100|[from] drain|[of] p1a: Krakatoa
|
|-heal|p1a: Krakatoa|100/100|[from] item: Leftovers
|-heal|p2a: Hatterene|98/100|[from] item: Leftovers
|-end|p2a: Hatterene|Whirlpool|[partiallytrapped]|[silent]
|upkeep
|turn|4
|inactive|Clodsire CULT has 120 seconds left.
|
|t:|1776056069
|move|p1a: Krakatoa|Magma Storm|p2a: Hatterene
|-damage|p2a: Hatterene|78/100
|-activate|p2a: Hatterene|move: Magma Storm|[of] p1a: Krakatoa
|move|p2a: Hatterene|Calm Mind|p2a: Hatterene
|-boost|p2a: Hatterene|spa|1
|-boost|p2a: Hatterene|spd|1
|
|-heal|p2a: Hatterene|84/100|[from] item: Leftovers
|-damage|p2a: Hatterene|71/100|[from] move: Magma Storm|[partiallytrapped]
|upkeep
|turn|5
|
|t:|1776056079
|move|p1a: Krakatoa|Earth Power|p2a: Hatterene
|-damage|p2a: Hatterene|62/100
|move|p2a: Hatterene|Calm Mind|p2a: Hatterene
|-boost|p2a: Hatterene|spa|1
|-boost|p2a: Hatterene|spd|1
|
|-heal|p2a: Hatterene|68/100|[from] item: Leftovers
|-damage|p2a: Hatterene|56/100|[from] move: Magma Storm|[partiallytrapped]
|upkeep
|turn|6
|
|t:|1776056094
|move|p1a: Krakatoa|Magma Storm|p2a: Hatterene
|-damage|p2a: Hatterene|46/100
|move|p2a: Hatterene|Calm Mind|p2a: Hatterene
|-boost|p2a: Hatterene|spa|1
|-boost|p2a: Hatterene|spd|1
|
|-heal|p2a: Hatterene|52/100|[from] item: Leftovers
|-damage|p2a: Hatterene|39/100|[from] move: Magma Storm|[partiallytrapped]
|upkeep
|turn|7
|
|t:|1776056105
|move|p1a: Krakatoa|Earth Power|p2a: Hatterene
|-damage|p2a: Hatterene|34/100
|move|p2a: Hatterene|Stored Power|p1a: Krakatoa
|-resisted|p1a: Krakatoa
|-damage|p1a: Krakatoa|54/100
|
|-heal|p1a: Krakatoa|60/100|[from] item: Leftovers
|-heal|p2a: Hatterene|40/100|[from] item: Leftovers
|-damage|p2a: Hatterene|28/100|[from] move: Magma Storm|[partiallytrapped]
|upkeep
|turn|8
|
|t:|1776056120
|move|p1a: Krakatoa|Earth Power|p2a: Hatterene
|-crit|p2a: Hatterene
|-damage|p2a: Hatterene|0 fnt
|faint|p2a: Hatterene
|
|-heal|p1a: Krakatoa|66/100|[from] item: Leftovers
|-sideend|p2: pokebrodie|move: Light Screen
|upkeep
|
|t:|1776056126
|switch|p2a: Gliscor|Gliscor, M|100/100
|turn|9
|inactive|Clodsire CULT has 120 seconds left.
|
|t:|1776056153
|switch|p1a: Winton|Rillaboom, M|100/100
|-fieldstart|move: Grassy Terrain|[from] ability: Grassy Surge|[of] p1a: Winton
|move|p2a: Gliscor|Earthquake|p1a: Winton
|-resisted|p1a: Winton
|-damage|p1a: Winton|94/100
|
|-heal|p1a: Winton|99/100|[from] Grassy Terrain
|-heal|p1a: Winton|100/100|[from] item: Leftovers
|-status|p2a: Gliscor|tox|[from] item: Toxic Orb
|upkeep
|turn|10
|inactive|pokebrodie has 120 seconds left.
|
|t:|1776056173
|switch|p2a: Zamazenta|Zamazenta|100/100
|move|p1a: Winton|Substitute|p1a: Winton
|-start|p1a: Winton|Substitute
|-damage|p1a: Winton|75/100
|
|-heal|p1a: Winton|82/100|[from] Grassy Terrain
|-heal|p1a: Winton|88/100|[from] item: Leftovers
|upkeep
|turn|11
|
|t:|1776056180
|move|p2a: Zamazenta|Reflect|p2a: Zamazenta
|-sidestart|p2: pokebrodie|Reflect
|move|p1a: Winton|Leech Seed|p2a: Zamazenta
|-start|p2a: Zamazenta|move: Leech Seed
|
|-heal|p1a: Winton|94/100|[from] Grassy Terrain
|-heal|p1a: Winton|99/100|[from] item: Leftovers
|-damage|p2a: Zamazenta|88/100|[from] Leech Seed|[of] p1a: Winton
|-heal|p1a: Winton|100/100|[silent]
|upkeep
|turn|12
|inactive|Clodsire CULT has 120 seconds left.
|
|t:|1776056187
|move|p2a: Zamazenta|Ice Fang|p1a: Winton
|-supereffective|p1a: Winton
|-end|p1a: Winton|Substitute
|move|p1a: Winton|Knock Off|p2a: Zamazenta
|-resisted|p2a: Zamazenta
|-damage|p2a: Zamazenta|83/100
|-enditem|p2a: Zamazenta|Light Clay|[from] move: Knock Off|[of] p1a: Winton
|
|-heal|p2a: Zamazenta|89/100|[from] Grassy Terrain
|-damage|p2a: Zamazenta|77/100|[from] Leech Seed|[of] p1a: Winton
|upkeep
|turn|13
|inactive|Clodsire CULT has 120 seconds left.
|
|t:|1776056198
|switch|p1a: Glen Quagsire|Quagsire, F|100/100
|move|p2a: Zamazenta|Ice Fang|p1a: Glen Quagsire
|-damage|p1a: Glen Quagsire|89/100
|
|-heal|p2a: Zamazenta|83/100|[from] Grassy Terrain
|-heal|p1a: Glen Quagsire|95/100|[from] Grassy Terrain
|-heal|p1a: Glen Quagsire|100/100|[from] item: Leftovers
|-damage|p2a: Zamazenta|70/100|[from] Leech Seed|[of] p1a: Glen Quagsire
|-fieldend|move: Grassy Terrain
|upkeep
|turn|14
|inactive|Clodsire CULT has 120 seconds left.
|
|t:|1776056212
|switch|p2a: Ogerpon|Ogerpon-Wellspring, F|100/100
|move|p1a: Glen Quagsire|Toxic|p2a: Ogerpon
|-status|p2a: Ogerpon|tox
|
|-damage|p2a: Ogerpon|95/100 tox|[from] psn
|upkeep
|turn|15
|inactive|Clodsire CULT has 120 seconds left.
|
|t:|1776056222
|switch|p1a: Winton|Rillaboom, M|100/100
|-fieldstart|move: Grassy Terrain|[from] ability: Grassy Surge|[of] p1a: Winton
|move|p2a: Ogerpon|Encore||[still]
|-fail|p2a: Ogerpon
|
|-heal|p2a: Ogerpon|100/100 tox|[from] Grassy Terrain
|-damage|p2a: Ogerpon|89/100 tox|[from] psn
|upkeep
|turn|16
|inactive|Clodsire CULT has 120 seconds left.
|
|t:|1776056235
|switch|p2a: Iron Moth|Iron Moth|100/100
|-enditem|p2a: Iron Moth|Booster Energy
|-activate|p2a: Iron Moth|ability: Quark Drive|[fromitem]
|-start|p2a: Iron Moth|quarkdrivespe
|move|p1a: Winton|U-turn|p2a: Iron Moth
|-resisted|p2a: Iron Moth
|-damage|p2a: Iron Moth|97/100
|inactive|Clodsire CULT has 120 seconds left.
|
|t:|1776056243
|switch|p1a: Krakatoa|Heatran, M|66/100|[from] U-turn
|
|-heal|p2a: Iron Moth|100/100|[from] Grassy Terrain
|-heal|p1a: Krakatoa|72/100|[from] Grassy Terrain
|-heal|p1a: Krakatoa|78/100|[from] item: Leftovers
|upkeep
|turn|17
|inactive|Clodsire CULT has 120 seconds left.
|
|t:|1776056257
|move|p2a: Iron Moth|Toxic Spikes|p1a: Krakatoa
|-sidestart|p1: Clodsire CULT|move: Toxic Spikes
|move|p1a: Krakatoa|Earth Power|p2a: Iron Moth
|-supereffective|p2a: Iron Moth
|-damage|p2a: Iron Moth|0 fnt
|faint|p2a: Iron Moth
|-end|p2a: Iron Moth|Quark Drive|[silent]
|
|-heal|p1a: Krakatoa|85/100|[from] Grassy Terrain
|-heal|p1a: Krakatoa|91/100|[from] item: Leftovers
|upkeep
|
|t:|1776056262
|switch|p2a: Raging Bolt|Raging Bolt|100/100
|-enditem|p2a: Raging Bolt|Booster Energy
|-activate|p2a: Raging Bolt|ability: Protosynthesis|[fromitem]
|-start|p2a: Raging Bolt|protosynthesisspa
|turn|18
|inactive|Clodsire CULT has 120 seconds left.
|-message|pokebrodie forfeited.
|
|win|Clodsire CULT
|raw|Clodsire CULT's rating: 1390 &rarr; <strong>1411</strong><br />(+21 for winning)
|raw|pokebrodie's rating: 1408 &rarr; <strong>1387</strong><br />(-21 for losing)
|l|☆Clodsire CULT
|player|p1|
