|html|<div class="broadcast-blue"><strong>[Gen 9] OU is currently suspecting Tera Blast! For information on how to participate check out the <a href="https://www.smogon.com/tools/suspects/view/200">suspect thread</a>.</strong></div>
|j|☆rujjtrainer
|j|☆VICTOR_FIFA
|t:|1776234467
|gametype|singles
|player|p1|rujjtrainer|twins-gen4dp|1077
|player|p2|VICTOR_FIFA|biker-gen4|1182
|gen|9
|tier|[Gen 9] OU
|rated|
|rule|HP Percentage Mod: HP is shown in percentages
|rule|Endless Battle Clause: Forcing endless battles is banned
|rule|Species Clause: Limit one of each Pokémon
|rule|OHKO Clause: OHKO moves are banned
|rule|Evasion Items Clause: Evasion items are banned
|rule|Evasion Moves Clause: Evasion moves are banned
|rule|Evasion Abilities Clause: Evasion abilities are banned
|rule|Sleep Moves Clause: Sleep-inducing moves are banned
|clearpoke
|poke|p1|Arcanine-Hisui, M|
|poke|p1|Toxtricity, M|
|poke|p1|Scizor, M|
|poke|p1|Lucario, M|
|poke|p1|Sinistcha-Masterpiece|
|poke|p1|Quaquaval, M|
|poke|p2|Volcanion|
|poke|p2|Kingambit, F|
|poke|p2|Alomomola, F|
|poke|p2|Sylveon, M|
|poke|p2|Slowking-Galar, M|
|poke|p2|Great Tusk|
|teampreview
|j| ohko_smeargle
|inactive|Battle timer is ON: inactive players will automatically lose when time's up. (requested by VICTOR_FIFA)
|
|t:|1776234476
|teamsize|p1|6
|teamsize|p2|6
|start
|switch|p1a: Toxtricity|Toxtricity, M|100/100
|switch|p2a: Volcanion|Volcanion|100/100
|turn|1
|
|t:|1776234486
|switch|p2a: Great Tusk|Great Tusk|100/100
|move|p1a: Toxtricity|Boomburst|p2a: Great Tusk
|-damage|p2a: Great Tusk|21/100
|-enditem|p1a: Toxtricity|Throat Spray
|-boost|p1a: Toxtricity|spa|1|[from] item: Throat Spray
|
|upkeep
|turn|2
|
|t:|1776234494
|-terastallize|p1a: Toxtricity|Flying
|move|p1a: Toxtricity|Boomburst|p2a: Great Tusk
|-damage|p2a: Great Tusk|0 fnt
|faint|p2a: Great Tusk
|-end|p2a: Great Tusk|Protosynthesis|[silent]
|
|upkeep
|
|t:|1776234499
|switch|p2a: Alomomola|Alomomola, F|100/100
|turn|3
|
|t:|1776234503
|move|p1a: Toxtricity|Overdrive|p2a: Alomomola
|-supereffective|p2a: Alomomola
|-damage|p2a: Alomomola|0 fnt
|faint|p2a: Alomomola
|
|upkeep
|
|t:|1776234508
|switch|p2a: Volcanion|Volcanion|100/100
|turn|4
|
|t:|1776234511
|-terastallize|p2a: Volcanion|Ground
|move|p1a: Toxtricity|Overdrive|p2a: Volcanion
|-immune|p2a: Volcanion
|move|p2a: Volcanion|Steam Eruption|p1a: Toxtricity
|-damage|p1a: Toxtricity|9/100
|
|upkeep
|turn|5
|
|t:|1776234523
|move|p1a: Toxtricity|Boomburst|p2a: Volcanion
|-damage|p2a: Volcanion|0 fnt
|faint|p2a: Volcanion
|
|upkeep
|
|t:|1776234527
|switch|p2a: Kingambit|Kingambit, F|100/100
|-activate|p2a: Kingambit|ability: Supreme Overlord
|-start|p2a: Kingambit|fallen3|[silent]
|turn|6
|
|t:|1776234532
|move|p2a: Kingambit|Sucker Punch|p1a: Toxtricity
|-damage|p1a: Toxtricity|0 fnt
|faint|p1a: Toxtricity
|
|upkeep
|
|t:|1776234543
|switch|p1a: Scizor|Scizor, M|100/100
|turn|7
|
|t:|1776234548
|-end|p2a: Kingambit|fallen3|[silent]
|switch|p2a: Slowking|Slowking-Galar, M|100/100
|move|p1a: Scizor|Close Combat|p2a: Slowking
|-resisted|p2a: Slowking
|-damage|p2a: Slowking|86/100
|-unboost|p1a: Scizor|def|1
|-unboost|p1a: Scizor|spd|1
|-damage|p1a: Scizor|84/100|[from] item: Rocky Helmet|[of] p2a: Slowking
|-damage|p1a: Scizor|74/100|[from] item: Life Orb
|
|upkeep
|turn|8
|
|t:|1776234558
|move|p1a: Scizor|Bug Bite|p2a: Slowking
|-damage|p2a: Slowking|22/100
|-damage|p1a: Scizor|58/100|[from] item: Rocky Helmet|[of] p2a: Slowking
|-damage|p1a: Scizor|48/100|[from] item: Life Orb
|move|p2a: Slowking|Future Sight|p1a: Scizor
|-start|p2a: Slowking|move: Future Sight
|
|upkeep
|turn|9
|
|t:|1776234569
|switch|p2a: Sylveon|Sylveon, M|100/100
|move|p1a: Scizor|Bullet Punch|p2a: Sylveon
|-supereffective|p2a: Sylveon
|-damage|p2a: Sylveon|0 fnt
|faint|p2a: Sylveon
|-damage|p1a: Scizor|38/100|[from] item: Life Orb
|
|upkeep
|
|t:|1776234575
|switch|p2a: Slowking|Slowking-Galar, M|55/100
|turn|10
|
|t:|1776234579
|move|p1a: Scizor|Bug Bite|p2a: Slowking
|-damage|p2a: Slowking|0 fnt
|-damage|p1a: Scizor|21/100|[from] item: Rocky Helmet|[of] p2a: Slowking
|faint|p2a: Slowking
|-damage|p1a: Scizor|12/100|[from] item: Life Orb
|
|-end|p1a: Scizor|move: Future Sight
|-resisted|p1a: Scizor
|-damage|p1a: Scizor|0 fnt
|faint|p1a: Scizor
|upkeep
|
|t:|1776234589
|switch|p1a: Lucario|Lucario, M|100/100
|switch|p2a: Kingambit|Kingambit, F|100/100
|-activate|p2a: Kingambit|ability: Supreme Overlord
|-start|p2a: Kingambit|fallen5|[silent]
|turn|11
|-message|VICTOR_FIFA forfeited.
|
|win|rujjtrainer
|raw|rujjtrainer's rating: 1077 &rarr; <strong>1114</strong><br />(+37 for winning)
|raw|VICTOR_FIFA's rating: 1182 &rarr; <strong>1150</strong><br />(-32 for losing)
|l|☆VICTOR_FIFA
|player|p2|
|l| ohko_smeargle
