|html|<div class="broadcast-blue"><strong>[Gen 9] OU is currently suspecting Tera Blast! For information on how to participate check out the <a href="https://www.smogon.com/tools/suspects/view/200">suspect thread</a>.</strong></div>
|j|☆Yernish'Ma
|j|☆shushue
|t:|1776039545
|gametype|singles
|player|p1|Yernish'Ma|iris-gen5bw2|1116
|player|p2|shushue|102|1133
|gen|9
|tier|[Gen 9] OU
|rated|
|rule|HP Percentage Mod: HP is shown in percentages
|rule|Endless Battle Clause: Forcing endless battles is banned
|rule|Species Clause: Limit one of each Pokémon
|rule|OHKO Clause: OHKO moves are banned
|rule|Evasion Items Clause: Evasion items are banned
|rule|Evasion Moves Clause: Evasion moves are banned
|rule|Evasion Abilities Clause: Evasion abilities are banned
|rule|Sleep Moves Clause: Sleep-inducing moves are banned
|clearpoke
|poke|p1|Duraludon, F|
|poke|p1|Noivern, F|
|poke|p1|Haxorus, F|
|poke|p1|Empoleon, F|
|poke|p1|Kyurem|
|poke|p1|Kingambit, M|
|poke|p2|Tornadus-Therian, M|
|poke|p2|Iron Moth|
|poke|p2|Dragonite, M|
|poke|p2|Heatran, F|
|poke|p2|Clefable, F|
|poke|p2|Cinderace, F|
|teampreview
|inactive|Battle timer is ON: inactive players will automatically lose when time's up. (requested by Yernish'Ma)
|j| ohko_smeargle
|
|t:|1776039557
|teamsize|p1|6
|teamsize|p2|6
|start
|switch|p1a: Haxorus|Haxorus, F, shiny|100/100
|switch|p2a: Heatran|Heatran, F|100/100
|-ability|p1a: Haxorus|Mold Breaker
|-item|p2a: Heatran|Air Balloon
|turn|1
|
|t:|1776039574
|move|p1a: Haxorus|Outrage|p2a: Heatran
|-resisted|p2a: Heatran
|-damage|p2a: Heatran|61/100
|-enditem|p2a: Heatran|Air Balloon
|move|p2a: Heatran|Stealth Rock|p1a: Haxorus
|-sidestart|p1: Yernish'Ma|move: Stealth Rock
|
|upkeep
|turn|2
|c|☆shushue|gl hf
|c|☆Yernish'Ma|glhf
|
|t:|1776039583
|switch|p2a: Clefable|Clefable, F|100/100
|move|p1a: Haxorus|Outrage|p2a: Clefable|[from] lockedmove
|-immune|p2a: Clefable
|-start|p1a: Haxorus|confusion|[fatigue]
|
|upkeep
|turn|3
|
|t:|1776039590
|switch|p1a: Duraludon|Duraludon, F, shiny|100/100
|-damage|p1a: Duraludon|94/100|[from] Stealth Rock
|move|p2a: Clefable|Moonblast|p1a: Duraludon
|-damage|p1a: Duraludon|58/100
|
|upkeep
|turn|4
|
|t:|1776039603
|switch|p2a: Heatran|Heatran, F|61/100
|move|p1a: Duraludon|Thunder Wave|p2a: Heatran
|-status|p2a: Heatran|par
|
|upkeep
|turn|5
|
|t:|1776039610
|move|p1a: Duraludon|Body Press|p2a: Heatran
|-supereffective|p2a: Heatran
|-damage|p2a: Heatran|16/100 par
|move|p2a: Heatran|Lava Plume|p1a: Duraludon
|-damage|p1a: Duraludon|7/100
|-status|p1a: Duraludon|brn
|
|-damage|p1a: Duraludon|0 fnt|[from] brn
|faint|p1a: Duraludon
|upkeep
|
|t:|1776039629
|switch|p1a: Haxorus|Haxorus, F, shiny|100/100
|-damage|p1a: Haxorus|88/100|[from] Stealth Rock
|-ability|p1a: Haxorus|Mold Breaker
|turn|6
|
|t:|1776039636
|move|p1a: Haxorus|Earthquake|p2a: Heatran
|-supereffective|p2a: Heatran
|-damage|p2a: Heatran|0 fnt
|faint|p2a: Heatran
|
|upkeep
|
|t:|1776039647
|switch|p2a: Dragonite|Dragonite, M|100/100
|turn|7
|
|t:|1776039659
|switch|p1a: Kyurem|Kyurem, shiny|100/100
|-damage|p1a: Kyurem|76/100|[from] Stealth Rock
|-ability|p1a: Kyurem|Pressure
|switch|p2a: Clefable|Clefable, F|100/100
|
|upkeep
|turn|8
|
|t:|1776039670
|move|p1a: Kyurem|Dragon Dance|p1a: Kyurem
|-boost|p1a: Kyurem|atk|1
|-boost|p1a: Kyurem|spe|1
|move|p2a: Clefable|Moonblast|p1a: Kyurem
|-supereffective|p1a: Kyurem
|-damage|p1a: Kyurem|19/100
|
|upkeep
|turn|9
|
|t:|1776039677
|move|p1a: Kyurem|Icicle Spear|p2a: Clefable
|-damage|p2a: Clefable|81/100
|-damage|p2a: Clefable|63/100
|-damage|p2a: Clefable|45/100
|-damage|p2a: Clefable|27/100
|-hitcount|p2a: Clefable|4
|move|p2a: Clefable|Moonblast|p1a: Kyurem
|-supereffective|p1a: Kyurem
|-damage|p1a: Kyurem|0 fnt
|faint|p1a: Kyurem
|
|-heal|p2a: Clefable|33/100|[from] item: Leftovers
|upkeep
|inactive|Yernish'Ma has 120 seconds left.
|inactive|Yernish'Ma has 90 seconds left.
|inactive|Yernish'Ma has 60 seconds left.
|inactive|Yernish'Ma has 30 seconds left.
|c|☆shushue|er
|inactive|Yernish'Ma has 20 seconds left.
|inactive|Yernish'Ma has 15 seconds left.
|inactive|Yernish'Ma has 10 seconds left.
|c|☆shushue|gg ig
|inactive|Yernish'Ma has 5 seconds left.
|-message|Yernish'Ma lost due to inactivity.
|
|win|shushue
|raw|Yernish&apos;Ma's rating: 1116 &rarr; <strong>1092</strong><br />(-24 for losing)
|raw|shushue's rating: 1133 &rarr; <strong>1157</strong><br />(+24 for winning)
|l| ohko_smeargle
|l|☆shushue
|player|p2|
|l|☆Yernish'Ma
|player|p1|
