|html|<div class="broadcast-blue"><strong>[Gen 9] OU is currently suspecting Tera Blast! For information on how to participate check out the <a href="https://www.smogon.com/tools/suspects/view/200">suspect thread</a>.</strong></div>
|j|☆kkkuroi
|j|☆Kaidekaida
|t:|1776104944
|gametype|singles
|player|p1|kkkuroi|marlon|
|player|p2|Kaidekaida|swimmerf-gen4dp|
|gen|9
|tier|[Gen 9] OU
|rule|HP Percentage Mod: HP is shown in percentages
|rule|Endless Battle Clause: Forcing endless battles is banned
|rule|Species Clause: Limit one of each Pokémon
|rule|OHKO Clause: OHKO moves are banned
|rule|Evasion Items Clause: Evasion items are banned
|rule|Evasion Moves Clause: Evasion moves are banned
|rule|Evasion Abilities Clause: Evasion abilities are banned
|rule|Sleep Moves Clause: Sleep-inducing moves are banned
|clearpoke
|poke|p1|Gliscor, M|
|poke|p1|Heatran, F|
|poke|p1|Sinistcha|
|poke|p1|Corviknight, M|
|poke|p1|Tentacruel, F|
|poke|p1|Darkrai|
|poke|p2|Tyranitar, M|
|poke|p2|Excadrill, M|
|poke|p2|Gliscor, F|
|poke|p2|Gholdengo|
|poke|p2|Corviknight, F|
|poke|p2|Iron Valiant|
|teampreview
|
|t:|1776104978
|teamsize|p1|6
|teamsize|p2|6
|start
|switch|p1a: Gliskibidy|Gliscor, M|100/100
|switch|p2a: Tyranitar|Tyranitar, M|100/100
|-weather|Sandstorm|[from] ability: Sand Stream|[of] p2a: Tyranitar
|turn|1
|
|t:|1776104990
|move|p1a: Gliskibidy|Knock Off|p2a: Tyranitar
|-resisted|p2a: Tyranitar
|-damage|p2a: Tyranitar|93/100
|-enditem|p2a: Tyranitar|Chople Berry|[from] move: Knock Off|[of] p1a: Gliskibidy
|move|p2a: Tyranitar|Knock Off|p1a: Gliskibidy
|-damage|p1a: Gliskibidy|62/100
|-enditem|p1a: Gliskibidy|Toxic Orb|[from] move: Knock Off|[of] p2a: Tyranitar
|
|-weather|Sandstorm|[upkeep]
|upkeep
|turn|2
|
|t:|1776105013
|move|p1a: Gliskibidy|Earthquake|p2a: Tyranitar
|-supereffective|p2a: Tyranitar
|-damage|p2a: Tyranitar|36/100
|move|p2a: Tyranitar|Stealth Rock|p1a: Gliskibidy
|-sidestart|p1: kkkuroi|move: Stealth Rock
|
|-weather|Sandstorm|[upkeep]
|upkeep
|turn|3
|
|t:|1776105023
|switch|p2a: Gliscor|Gliscor, F|100/100
|move|p1a: Gliskibidy|Earthquake|p2a: Gliscor
|-immune|p2a: Gliscor
|
|-weather|Sandstorm|[upkeep]
|-status|p2a: Gliscor|tox|[from] item: Toxic Orb
|upkeep
|turn|4
|
|t:|1776105084
|switch|p2a: Excadrill|Excadrill, M|100/100
|switch|p1a: KornViknight|Corviknight, M|100/100
|-damage|p1a: KornViknight|88/100|[from] Stealth Rock
|-ability|p1a: KornViknight|Pressure
|
|-weather|Sandstorm|[upkeep]
|upkeep
|turn|5
|
|t:|1776105098
|move|p2a: Excadrill|Iron Head|p1a: KornViknight
|-resisted|p1a: KornViknight
|-damage|p1a: KornViknight|71/100
|-damage|p2a: Excadrill|84/100|[from] item: Rocky Helmet|[of] p1a: KornViknight
|-damage|p2a: Excadrill|74/100|[from] item: Life Orb
|move|p1a: KornViknight|Iron Defense|p1a: KornViknight
|-boost|p1a: KornViknight|def|2
|
|-weather|none
|upkeep
|turn|6
|
|t:|1776105110
|move|p2a: Excadrill|Swords Dance|p2a: Excadrill
|-boost|p2a: Excadrill|atk|2
|move|p1a: KornViknight|Iron Defense|p1a: KornViknight
|-boost|p1a: KornViknight|def|2
|
|upkeep
|turn|7
|
|t:|1776105119
|move|p2a: Excadrill|Swords Dance|p2a: Excadrill
|-boost|p2a: Excadrill|atk|2
|move|p1a: KornViknight|Brave Bird|p2a: Excadrill
|-resisted|p2a: Excadrill
|-damage|p2a: Excadrill|48/100
|-damage|p1a: KornViknight|63/100|[from] Recoil
|
|upkeep
|turn|8
|
|t:|1776105128
|move|p2a: Excadrill|Rock Slide|p1a: KornViknight
|-damage|p1a: KornViknight|41/100
|-damage|p2a: Excadrill|39/100|[from] item: Life Orb
|move|p1a: KornViknight|Roost|p1a: KornViknight
|-heal|p1a: KornViknight|91/100
|-singleturn|p1a: KornViknight|move: Roost
|
|upkeep
|turn|9
|
|t:|1776105138
|move|p2a: Excadrill|Rock Slide|p1a: KornViknight
|-damage|p1a: KornViknight|65/100
|-damage|p2a: Excadrill|29/100|[from] item: Life Orb
|move|p1a: KornViknight|Iron Defense|p1a: KornViknight
|-boost|p1a: KornViknight|def|2
|
|upkeep
|turn|10
|
|t:|1776105146
|move|p2a: Excadrill|Swords Dance|p2a: Excadrill
|-boost|p2a: Excadrill|atk|2
|move|p1a: KornViknight|Brave Bird|p2a: Excadrill
|-resisted|p2a: Excadrill
|-damage|p2a: Excadrill|4/100
|-damage|p1a: KornViknight|57/100|[from] Recoil
|
|upkeep
|turn|11
|
|t:|1776105167
|move|p2a: Excadrill|Rock Slide|p1a: KornViknight
|-damage|p1a: KornViknight|33/100
|-damage|p2a: Excadrill|0 fnt|[from] item: Life Orb
|faint|p2a: Excadrill
|move|p1a: KornViknight|Roost|p1a: KornViknight
|-heal|p1a: KornViknight|83/100
|-singleturn|p1a: KornViknight|move: Roost
|
|upkeep
|
|t:|1776105171
|switch|p2a: Tyranitar|Tyranitar, M|36/100
|-weather|Sandstorm|[from] ability: Sand Stream|[of] p2a: Tyranitar
|turn|12
|
|t:|1776105236
|switch|p2a: Gholdengo|Gholdengo|100/100
|-item|p2a: Gholdengo|Air Balloon
|move|p1a: KornViknight|Brave Bird|p2a: Gholdengo
|-resisted|p2a: Gholdengo
|-damage|p2a: Gholdengo|81/100
|-enditem|p2a: Gholdengo|Air Balloon
|-damage|p1a: KornViknight|78/100|[from] Recoil
|
|-weather|Sandstorm|[upkeep]
|upkeep
|turn|13
|
|t:|1776105270
|switch|p1a: TenACruel|Tentacruel, F, shiny|100/100
|move|p2a: Gholdengo|Nasty Plot|p2a: Gholdengo
|-boost|p2a: Gholdengo|spa|2
|
|-weather|Sandstorm|[upkeep]
|-damage|p1a: TenACruel|95/100|[from] Sandstorm
|upkeep
|turn|14
|
|t:|1776105284
|move|p1a: TenACruel|Rapid Spin|p2a: Gholdengo
|-immune|p2a: Gholdengo
|move|p2a: Gholdengo|Shadow Ball|p1a: TenACruel
|-damage|p1a: TenACruel|9/100
|
|-weather|Sandstorm|[upkeep]
|-damage|p1a: TenACruel|3/100|[from] Sandstorm
|upkeep
|turn|15
|
|t:|1776105316
|switch|p1a: DreamNotFound|Darkrai|100/100
|-damage|p1a: DreamNotFound|88/100|[from] Stealth Rock
|move|p2a: Gholdengo|Nasty Plot|p2a: Gholdengo
|-boost|p2a: Gholdengo|spa|2
|
|-weather|Sandstorm|[upkeep]
|-damage|p1a: DreamNotFound|82/100|[from] Sandstorm
|upkeep
|turn|16
|
|t:|1776105335
|move|p1a: DreamNotFound|Sucker Punch|p2a: Gholdengo
|-supereffective|p2a: Gholdengo
|-damage|p2a: Gholdengo|24/100
|move|p2a: Gholdengo|Make It Rain|p1a: DreamNotFound
|-damage|p1a: DreamNotFound|0 fnt
|-unboost|p2a: Gholdengo|spa|1
|faint|p1a: DreamNotFound
|
|-weather|none
|upkeep
|
|t:|1776105347
|switch|p1a: TenACruel|Tentacruel, F, shiny|3/100
|turn|17
|
|t:|1776105351
|move|p1a: TenACruel|Surf|p2a: Gholdengo
|-damage|p2a: Gholdengo|0 fnt
|faint|p2a: Gholdengo
|
|upkeep
|
|t:|1776105357
|switch|p2a: Iron Valiant|Iron Valiant|100/100
|turn|18
|
|t:|1776105373
|move|p2a: Iron Valiant|Aura Sphere|p1a: TenACruel
|-resisted|p1a: TenACruel
|-damage|p1a: TenACruel|0 fnt
|faint|p1a: TenACruel
|
|upkeep
|
|t:|1776105390
|switch|p1a: SinChingar|Sinistcha|100/100
|turn|19
|
|t:|1776105422
|-end|p2a: Iron Valiant|Quark Drive|[silent]
|switch|p2a: Corviknight|Corviknight, F|100/100
|-terastallize|p1a: SinChingar|Fairy
|move|p1a: SinChingar|Calm Mind|p1a: SinChingar
|-boost|p1a: SinChingar|spa|1
|-boost|p1a: SinChingar|spd|1
|
|upkeep
|turn|20
|
|t:|1776105437
|switch|p1a: Hotran|Heatran, F|100/100
|-damage|p1a: Hotran|88/100|[from] Stealth Rock
|move|p2a: Corviknight|Taunt|p1a: Hotran
|-start|p1a: Hotran|move: Taunt
|
|-heal|p1a: Hotran|94/100|[from] item: Leftovers
|upkeep
|turn|21
|
|t:|1776105454
|move|p1a: Hotran|Earth Power|p2a: Corviknight
|-immune|p2a: Corviknight
|move|p2a: Corviknight|Roost||[still]
|-fail|p2a: Corviknight|heal
|
|-heal|p1a: Hotran|100/100|[from] item: Leftovers
|upkeep
|turn|22
|
|t:|1776105462
|move|p1a: Hotran|Magma Storm|p2a: Corviknight
|-supereffective|p2a: Corviknight
|-damage|p2a: Corviknight|19/100
|-activate|p2a: Corviknight|move: Magma Storm|[of] p1a: Hotran
|move|p2a: Corviknight|U-turn|p1a: Hotran
|-resisted|p1a: Hotran
|-damage|p1a: Hotran|98/100
|
|t:|1776105467
|switch|p2a: Gliscor|Gliscor, F|100/100 tox|[from] U-turn
|
|-heal|p1a: Hotran|100/100|[from] item: Leftovers
|-end|p1a: Hotran|move: Taunt
|upkeep
|turn|23
|
|t:|1776105480
|switch|p1a: KornViknight|Corviknight, M|78/100
|-damage|p1a: KornViknight|66/100|[from] Stealth Rock
|-ability|p1a: KornViknight|Pressure
|move|p2a: Gliscor|Earthquake|p1a: KornViknight
|-immune|p1a: KornViknight
|
|upkeep
|turn|24
|
|t:|1776105492
|switch|p2a: Iron Valiant|Iron Valiant|100/100
|move|p1a: KornViknight|Iron Defense|p1a: KornViknight
|-boost|p1a: KornViknight|def|2
|
|upkeep
|turn|25
|
|t:|1776105507
|switch|p1a: SinChingar|Sinistcha, tera:Fairy|100/100
|move|p2a: Iron Valiant|Thunder Punch|p1a: SinChingar
|-damage|p1a: SinChingar|84/100
|-status|p1a: SinChingar|par
|
|upkeep
|turn|26
|
|t:|1776105520
|-end|p2a: Iron Valiant|Quark Drive|[silent]
|switch|p2a: Tyranitar|Tyranitar, M|36/100
|-weather|Sandstorm|[from] ability: Sand Stream|[of] p2a: Tyranitar
|move|p1a: SinChingar|Matcha Gotcha|p2a: Tyranitar
|-supereffective|p2a: Tyranitar
|-damage|p2a: Tyranitar|3/100
|-heal|p1a: SinChingar|100/100 par|[from] drain|[of] p2a: Tyranitar
|
|-weather|Sandstorm|[upkeep]
|-damage|p1a: SinChingar|94/100 par|[from] Sandstorm
|upkeep
|turn|27
|
|t:|1776105538
|move|p2a: Tyranitar|Earthquake|p1a: SinChingar
|-damage|p1a: SinChingar|66/100 par
|move|p1a: SinChingar|Shadow Ball|p2a: Tyranitar
|-resisted|p2a: Tyranitar
|-damage|p2a: Tyranitar|0 fnt
|faint|p2a: Tyranitar
|
|-weather|Sandstorm|[upkeep]
|-damage|p1a: SinChingar|60/100 par|[from] Sandstorm
|upkeep
|
|t:|1776105550
|switch|p2a: Iron Valiant|Iron Valiant|100/100
|turn|28
|
|t:|1776105570
|move|p2a: Iron Valiant|Moonblast|p1a: SinChingar
|-damage|p1a: SinChingar|0 fnt
|faint|p1a: SinChingar
|
|-weather|Sandstorm|[upkeep]
|-damage|p2a: Iron Valiant|94/100|[from] Sandstorm
|upkeep
|
|t:|1776105586
|switch|p1a: Hotran|Heatran, F|100/100
|-damage|p1a: Hotran|88/100|[from] Stealth Rock
|turn|29
|
|t:|1776105597
|move|p2a: Iron Valiant|Moonblast|p1a: Hotran
|-resisted|p1a: Hotran
|-damage|p1a: Hotran|76/100
|move|p1a: Hotran|Magma Storm|p2a: Iron Valiant|[miss]
|-miss|p1a: Hotran|p2a: Iron Valiant
|
|-weather|Sandstorm|[upkeep]
|-damage|p2a: Iron Valiant|88/100|[from] Sandstorm
|-heal|p1a: Hotran|82/100|[from] item: Leftovers
|upkeep
|turn|30
|
|t:|1776105609
|-end|p2a: Iron Valiant|Quark Drive|[silent]
|switch|p2a: Gliscor|Gliscor, F|100/100 tox
|move|p1a: Hotran|Magma Storm|p2a: Gliscor
|-damage|p2a: Gliscor|41/100 tox
|-activate|p2a: Gliscor|move: Magma Storm|[of] p1a: Hotran
|
|-weather|none
|-heal|p1a: Hotran|88/100|[from] item: Leftovers
|-heal|p2a: Gliscor|54/100 tox|[from] ability: Poison Heal
|-damage|p2a: Gliscor|41/100 tox|[from] move: Magma Storm|[partiallytrapped]
|upkeep
|turn|31
|
|t:|1776105624
|switch|p1a: Gliskibidy|Gliscor, M|62/100
|-damage|p1a: Gliskibidy|50/100|[from] Stealth Rock
|move|p2a: Gliscor|Protect||[still]
|-fail|p2a: Gliscor
|
|-heal|p2a: Gliscor|54/100 tox|[from] ability: Poison Heal
|-end|p2a: Gliscor|Magma Storm|[partiallytrapped]|[silent]
|upkeep
|turn|32
|
|t:|1776105641
|switch|p2a: Iron Valiant|Iron Valiant|88/100
|move|p1a: Gliskibidy|Spikes|p2a: Iron Valiant
|-sidestart|p2: Kaidekaida|Spikes
|
|upkeep
|turn|33
|
|t:|1776105650
|move|p1a: Gliskibidy|Protect|p1a: Gliskibidy
|-singleturn|p1a: Gliskibidy|Protect
|move|p2a: Iron Valiant|Aura Sphere|p1a: Gliskibidy
|-activate|p1a: Gliskibidy|move: Protect
|
|upkeep
|turn|34
|
|t:|1776105661
|move|p2a: Iron Valiant|Aura Sphere|p1a: Gliskibidy
|-resisted|p1a: Gliskibidy
|-damage|p1a: Gliskibidy|24/100
|move|p1a: Gliskibidy|Spikes|p2a: Iron Valiant
|-sidestart|p2: Kaidekaida|Spikes
|
|upkeep
|turn|35
|
|t:|1776105673
|move|p2a: Iron Valiant|Aura Sphere|p1a: Gliskibidy
|-resisted|p1a: Gliskibidy
|-damage|p1a: Gliskibidy|0 fnt
|faint|p1a: Gliskibidy
|
|upkeep
|
|t:|1776105685
|switch|p1a: KornViknight|Corviknight, M|66/100
|-damage|p1a: KornViknight|54/100|[from] Stealth Rock
|-ability|p1a: KornViknight|Pressure
|turn|36
|
|t:|1776105692
|move|p2a: Iron Valiant|Aura Sphere|p1a: KornViknight
|-damage|p1a: KornViknight|0 fnt
|faint|p1a: KornViknight
|
|upkeep
|
|t:|1776105697
|switch|p1a: Hotran|Heatran, F|88/100
|-damage|p1a: Hotran|76/100|[from] Stealth Rock
|turn|37
|
|t:|1776105706
|move|p2a: Iron Valiant|Aura Sphere|p1a: Hotran
|-supereffective|p1a: Hotran
|-damage|p1a: Hotran|0 fnt
|faint|p1a: Hotran
|
|win|Kaidekaida
