|html|<div class="broadcast-blue"><strong>[Gen 9] OU is currently suspecting Tera Blast! For information on how to participate check out the <a href="https://www.smogon.com/tools/suspects/view/200">suspect thread</a>.</strong></div>
|j|☆vzn.exe
|j|☆dono yoyo
|t:|1776077380
|gametype|singles
|player|p1|vzn.exe|lusamine-nihilego|1243
|player|p2|dono yoyo|dancer|1226
|gen|9
|tier|[Gen 9] OU
|rated|
|rule|HP Percentage Mod: HP is shown in percentages
|rule|Endless Battle Clause: Forcing endless battles is banned
|rule|Species Clause: Limit one of each Pokémon
|rule|OHKO Clause: OHKO moves are banned
|rule|Evasion Items Clause: Evasion items are banned
|rule|Evasion Moves Clause: Evasion moves are banned
|rule|Evasion Abilities Clause: Evasion abilities are banned
|rule|Sleep Moves Clause: Sleep-inducing moves are banned
|clearpoke
|poke|p1|Ting-Lu|
|poke|p1|Zamazenta-*|
|poke|p1|Ogerpon-Wellspring, F|
|poke|p1|Dragonite, F|
|poke|p1|Gholdengo|
|poke|p1|Iron Treads|
|poke|p2|Ceruledge, M|
|poke|p2|Ninetales-Alola, F|
|poke|p2|Scizor, M|
|poke|p2|Heatran, F|
|poke|p2|Great Tusk|
|poke|p2|Ogerpon-Wellspring, F|
|teampreview
|inactive|Battle timer is ON: inactive players will automatically lose when time's up. (requested by vzn.exe)
|c|☆dono yoyo|On boy
|
|t:|1776077403
|teamsize|p1|6
|teamsize|p2|6
|start
|switch|p1a: Zamazenta|Zamazenta|100/100
|switch|p2a: Unstoppable object|Heatran, F|100/100
|-ability|p1a: Zamazenta|Dauntless Shield|boost
|-boost|p1a: Zamazenta|def|1
|-item|p2a: Unstoppable object|Air Balloon
|turn|1
|
|t:|1776077420
|move|p1a: Zamazenta|Body Press|p2a: Unstoppable object
|-supereffective|p2a: Unstoppable object
|-damage|p2a: Unstoppable object|10/100
|-enditem|p2a: Unstoppable object|Air Balloon
|move|p2a: Unstoppable object|Stealth Rock|p1a: Zamazenta
|-sidestart|p1: vzn.exe|move: Stealth Rock
|
|upkeep
|turn|2
|
|t:|1776077438
|switch|p2a: The Shadow knight|Ceruledge, M|100/100
|move|p1a: Zamazenta|Body Press|p2a: The Shadow knight
|-immune|p2a: The Shadow knight
|
|upkeep
|turn|3
|
|t:|1776077455
|move|p1a: Zamazenta|Iron Defense|p1a: Zamazenta
|-boost|p1a: Zamazenta|def|2
|move|p2a: The Shadow knight|Swords Dance|p2a: The Shadow knight
|-boost|p2a: The Shadow knight|atk|2
|
|upkeep
|turn|4
|inactive|vzn.exe has 120 seconds left.
|
|t:|1776077472
|move|p1a: Zamazenta|Crunch|p2a: The Shadow knight
|-supereffective|p2a: The Shadow knight
|-crit|p2a: The Shadow knight
|-damage|p2a: The Shadow knight|9/100
|-unboost|p2a: The Shadow knight|def|1
|-ability|p2a: The Shadow knight|Weak Armor|boost
|-unboost|p2a: The Shadow knight|def|1
|-boost|p2a: The Shadow knight|spe|2
|move|p2a: The Shadow knight|Swords Dance|p2a: The Shadow knight
|-boost|p2a: The Shadow knight|atk|2
|
|upkeep
|turn|5
|inactive|vzn.exe has 120 seconds left.
|
|t:|1776077490
|-terastallize|p2a: The Shadow knight|Fairy
|move|p2a: The Shadow knight|Bitter Blade|p1a: Zamazenta
|-damage|p1a: Zamazenta|56/100
|-heal|p2a: The Shadow knight|35/100|[from] drain|[of] p1a: Zamazenta
|move|p1a: Zamazenta|Crunch|p2a: The Shadow knight
|-resisted|p2a: The Shadow knight
|-damage|p2a: The Shadow knight|3/100
|-ability|p2a: The Shadow knight|Weak Armor|boost
|-unboost|p2a: The Shadow knight|def|1
|-boost|p2a: The Shadow knight|spe|2
|
|-heal|p1a: Zamazenta|62/100|[from] item: Leftovers
|upkeep
|turn|6
|inactive|vzn.exe has 120 seconds left.
|
|t:|1776077508
|move|p2a: The Shadow knight|Poltergeist|p1a: Zamazenta
|-activate|p1a: Zamazenta|move: Poltergeist|Leftovers
|-damage|p1a: Zamazenta|14/100
|move|p1a: Zamazenta|Body Press|p2a: The Shadow knight
|-resisted|p2a: The Shadow knight
|-damage|p2a: The Shadow knight|0 fnt
|faint|p2a: The Shadow knight
|
|-heal|p1a: Zamazenta|20/100|[from] item: Leftovers
|upkeep
|
|t:|1776077517
|switch|p2a: Girl boss|Ninetales-Alola, F|100/100
|-weather|Snowscape|[from] ability: Snow Warning|[of] p2a: Girl boss
|turn|7
|inactive|vzn.exe has 120 seconds left.
|
|t:|1776077534
|move|p1a: Zamazenta|Body Press|p2a: Girl boss
|-damage|p2a: Girl boss|13/100
|move|p2a: Girl boss|Moonblast|p1a: Zamazenta
|-supereffective|p1a: Zamazenta
|-damage|p1a: Zamazenta|0 fnt
|faint|p1a: Zamazenta
|
|-weather|Snowscape|[upkeep]
|upkeep
|
|t:|1776077551
|switch|p1a: Gholdengo|Gholdengo|100/100
|-damage|p1a: Gholdengo|94/100|[from] Stealth Rock
|turn|8
|
|t:|1776077568
|move|p1a: Gholdengo|Shadow Ball|p2a: Girl boss
|-damage|p2a: Girl boss|0 fnt
|faint|p2a: Girl boss
|
|-weather|Snowscape|[upkeep]
|upkeep
|
|t:|1776077572
|switch|p2a: Mohamed Abdul|Scizor, M|100/100
|turn|9
|
|t:|1776077589
|move|p1a: Gholdengo|Shadow Ball|p2a: Mohamed Abdul
|-damage|p2a: Mohamed Abdul|49/100
|-unboost|p2a: Mohamed Abdul|spd|1
|-enditem|p2a: Mohamed Abdul|Sitrus Berry|[eat]
|-heal|p2a: Mohamed Abdul|74/100|[from] item: Sitrus Berry
|move|p2a: Mohamed Abdul|Swords Dance|p2a: Mohamed Abdul
|-boost|p2a: Mohamed Abdul|atk|2
|
|-weather|Snowscape|[upkeep]
|upkeep
|turn|10
|inactive|vzn.exe has 90 seconds left.
|
|t:|1776077607
|move|p1a: Gholdengo|Shadow Ball|p2a: Mohamed Abdul
|-damage|p2a: Mohamed Abdul|0 fnt
|faint|p2a: Mohamed Abdul
|
|-weather|Snowscape|[upkeep]
|upkeep
|c|☆dono yoyo|Of course it gets the effing SPD drop
|
|t:|1776077627
|switch|p2a: Amina mina eh eh|Ogerpon-Wellspring, F|100/100
|turn|11
|inactive|vzn.exe has 90 seconds left.
|
|t:|1776077644
|move|p1a: Gholdengo|Shadow Ball|p2a: Amina mina eh eh
|-damage|p2a: Amina mina eh eh|47/100
|-unboost|p2a: Amina mina eh eh|spd|1
|move|p2a: Amina mina eh eh|Knock Off|p1a: Gholdengo
|-supereffective|p1a: Gholdengo
|-damage|p1a: Gholdengo|6/100
|-enditem|p1a: Gholdengo|Choice Scarf|[from] move: Knock Off|[of] p2a: Amina mina eh eh
|
|-weather|none
|upkeep
|turn|12
|c|☆dono yoyo|Brother
|inactive|vzn.exe has 90 seconds left.
|
|t:|1776077662
|move|p2a: Amina mina eh eh|Knock Off|p1a: Gholdengo
|-supereffective|p1a: Gholdengo
|-damage|p1a: Gholdengo|0 fnt
|faint|p1a: Gholdengo
|
|upkeep
|
|t:|1776077678
|switch|p1a: Dragonite|Dragonite, F|100/100
|turn|13
|
|t:|1776077695
|switch|p2a: Big boi|Great Tusk|100/100
|move|p1a: Dragonite|Tera Blast|p2a: Big boi
|-damage|p2a: Big boi|78/100
|
|upkeep
|turn|14
|
|t:|1776077713
|move|p2a: Big boi|Ice Spinner|p1a: Dragonite
|-supereffective|p1a: Dragonite
|-damage|p1a: Dragonite|64/100
|move|p1a: Dragonite|Dragon Dance|p1a: Dragonite
|-boost|p1a: Dragonite|atk|1
|-boost|p1a: Dragonite|spe|1
|
|upkeep
|turn|15
|inactive|vzn.exe has 60 seconds left.
|
|t:|1776077730
|move|p1a: Dragonite|Roost|p1a: Dragonite
|-heal|p1a: Dragonite|100/100
|-singleturn|p1a: Dragonite|move: Roost
|move|p2a: Big boi|Ice Spinner|p1a: Dragonite
|-supereffective|p1a: Dragonite
|-damage|p1a: Dragonite|83/100
|
|upkeep
|turn|16
|inactive|vzn.exe has 60 seconds left.
|
|t:|1776077747
|switch|p1a: Ogerpon|Ogerpon-Wellspring, F|100/100
|-damage|p1a: Ogerpon|88/100|[from] Stealth Rock
|move|p2a: Big boi|Ice Spinner|p1a: Ogerpon
|-crit|p1a: Ogerpon
|-damage|p1a: Ogerpon|43/100
|
|upkeep
|turn|17
|inactive|vzn.exe has 60 seconds left.
|
|t:|1776077764
|-end|p2a: Big boi|Protosynthesis|[silent]
|switch|p2a: Amina mina eh eh|Ogerpon-Wellspring, F|47/100
|move|p1a: Ogerpon|Synthesis|p1a: Ogerpon
|-heal|p1a: Ogerpon|93/100
|
|upkeep
|turn|18
|
|t:|1776077781
|move|p2a: Amina mina eh eh|Horn Leech|p1a: Ogerpon
|-damage|p1a: Ogerpon|33/100
|-heal|p2a: Amina mina eh eh|78/100|[from] drain|[of] p1a: Ogerpon
|move|p1a: Ogerpon|Play Rough|p2a: Amina mina eh eh
|-damage|p2a: Amina mina eh eh|32/100
|
|upkeep
|turn|19
|
|t:|1776077790
|move|p1a: Ogerpon|Play Rough|p2a: Amina mina eh eh
|-damage|p2a: Amina mina eh eh|0 fnt
|faint|p2a: Amina mina eh eh
|
|upkeep
|
|t:|1776077795
|switch|p2a: Big boi|Great Tusk|78/100
|turn|20
|inactive|vzn.exe has 60 seconds left.
|
|t:|1776077803
|move|p1a: Ogerpon|Ivy Cudgel|p2a: Big boi|[anim] Ivy Cudgel Water
|-supereffective|p2a: Big boi
|-crit|p2a: Big boi
|-damage|p2a: Big boi|0 fnt
|faint|p2a: Big boi
|-end|p2a: Big boi|Protosynthesis|[silent]
|
|upkeep
|c|☆dono yoyo|GG's
|
|t:|1776077809
|switch|p2a: Unstoppable object|Heatran, F|10/100
|turn|21
|
|t:|1776077815
|move|p1a: Ogerpon|Ivy Cudgel|p2a: Unstoppable object|[anim] Ivy Cudgel Water
|-supereffective|p2a: Unstoppable object
|-damage|p2a: Unstoppable object|0 fnt
|faint|p2a: Unstoppable object
|
|win|vzn.exe
|raw|vzn.exe's rating: 1243 &rarr; <strong>1267</strong><br />(+24 for winning)
|raw|dono yoyo's rating: 1226 &rarr; <strong>1202</strong><br />(-24 for losing)
