|html|<div class="broadcast-blue"><strong>[Gen 9] OU is currently suspecting Volcarona! For information on how to participate check out the <a href="https://www.smogon.com/tools/suspects/view/208">suspect thread</a>.</strong></div>
|j|☆Agathina
|j|☆Menaxelum
|t:|1778516166
|gametype|singles
|player|p1|Agathina|cynthia-gen4|1369
|player|p2|Menaxelum|266|1420
|gen|9
|tier|[Gen 9] OU
|rated|
|rule|HP Percentage Mod: HP is shown in percentages
|rule|Endless Battle Clause: Forcing endless battles is banned
|rule|Species Clause: Limit one of each Pokémon
|rule|OHKO Clause: OHKO moves are banned
|rule|Evasion Items Clause: Evasion items are banned
|rule|Evasion Moves Clause: Evasion moves are banned
|rule|Evasion Abilities Clause: Evasion abilities are banned
|rule|Sleep Moves Clause: Sleep-inducing moves are banned
|clearpoke
|poke|p1|Garchomp, M|
|poke|p1|Skeledirge, F|
|poke|p1|Rillaboom, F|
|poke|p1|Iron Valiant|
|poke|p1|Iron Crown|
|poke|p1|Ogerpon-Wellspring, F|
|poke|p2|Ceruledge, F|
|poke|p2|Zamazenta-*|
|poke|p2|Kingambit, F|
|poke|p2|Great Tusk|
|poke|p2|Gholdengo|
|poke|p2|Tornadus-Therian, M|
|teampreview
|inactive|Battle timer is ON: inactive players will automatically lose when time's up. (requested by Menaxelum)
|
|t:|1778516190
|teamsize|p1|6
|teamsize|p2|6
|start
|switch|p1a: Iron Crown|Iron Crown|100/100
|switch|p2a: Great Tusk|Great Tusk|100/100
|turn|1
|
|t:|1778516201
|-end|p2a: Great Tusk|Protosynthesis|[silent]
|switch|p2a: Gholdengo|Gholdengo|100/100
|move|p1a: Iron Crown|Psychic Noise|p2a: Gholdengo
|-resisted|p2a: Gholdengo
|-damage|p2a: Gholdengo|78/100
|-start|p2a: Gholdengo|move: Heal Block
|
|upkeep
|turn|2
|
|t:|1778516221
|move|p2a: Gholdengo|Shadow Ball|p1a: Iron Crown
|-supereffective|p1a: Iron Crown
|-damage|p1a: Iron Crown|43/100
|move|p1a: Iron Crown|Tachyon Cutter|p2a: Gholdengo
|-resisted|p2a: Gholdengo
|-damage|p2a: Gholdengo|65/100
|-resisted|p2a: Gholdengo
|-damage|p2a: Gholdengo|52/100
|-hitcount|p2a: Gholdengo|2
|
|-end|p2a: Gholdengo|move: Heal Block
|upkeep
|turn|3
|inactive|Agathina has 120 seconds left.
|inactive|Agathina has 90 seconds left.
|inactive|Agathina has 60 seconds left.
|
|t:|1778516323
|-terastallize|p1a: Iron Crown|Fighting
|move|p2a: Gholdengo|Shadow Ball|p1a: Iron Crown
|-damage|p1a: Iron Crown|15/100
|move|p1a: Iron Crown|Volt Switch|p2a: Gholdengo
|-damage|p2a: Gholdengo|24/100
|
|t:|1778516338
|-end|p1a: Iron Crown|Quark Drive|[silent]
|switch|p1a: Rillaboom|Rillaboom, F|100/100|[from] Volt Switch
|-fieldstart|move: Grassy Terrain|[from] ability: Grassy Surge|[of] p1a: Rillaboom
|
|-heal|p2a: Gholdengo|30/100|[from] Grassy Terrain
|upkeep
|turn|4
|
|t:|1778516347
|switch|p2a: Tornadus|Tornadus-Therian, M|100/100
|move|p1a: Rillaboom|Drum Beating|p2a: Tornadus
|-resisted|p2a: Tornadus
|-damage|p2a: Tornadus|66/100
|-unboost|p2a: Tornadus|spe|1
|
|upkeep
|turn|5
|
|t:|1778516364
|move|p1a: Rillaboom|U-turn|p2a: Tornadus
|-resisted|p2a: Tornadus
|-damage|p2a: Tornadus|51/100
|
|t:|1778516370
|switch|p1a: Garchomp|Garchomp, M, shiny|100/100|[from] U-turn
|move|p2a: Tornadus|U-turn|p1a: Garchomp
|-damage|p1a: Garchomp|91/100
|-damage|p2a: Tornadus|38/100|[from] ability: Rough Skin|[of] p1a: Garchomp
|-damage|p2a: Tornadus|22/100|[from] item: Rocky Helmet|[of] p1a: Garchomp
|
|t:|1778516375
|switch|p2a: Great Tusk|Great Tusk|100/100|[from] U-turn
|
|-heal|p1a: Garchomp|98/100|[from] Grassy Terrain
|upkeep
|turn|6
|
|t:|1778516398
|move|p2a: Great Tusk|Ice Spinner|p1a: Garchomp
|-supereffective|p1a: Garchomp
|-damage|p1a: Garchomp|25/100
|-damage|p2a: Great Tusk|88/100|[from] ability: Rough Skin|[of] p1a: Garchomp
|-damage|p2a: Great Tusk|72/100|[from] item: Rocky Helmet|[of] p1a: Garchomp
|-fieldend|move: Grassy Terrain
|move|p1a: Garchomp|Dragon Tail|p2a: Great Tusk
|-damage|p2a: Great Tusk|51/100
|-end|p2a: Great Tusk|Protosynthesis|[silent]
|drag|p2a: Kingambit|Kingambit, F|100/100
|
|upkeep
|turn|7
|
|t:|1778516414
|-end|p2a: Kingambit|fallenundefined|[silent]
|switch|p2a: Tornadus|Tornadus-Therian, M|55/100
|move|p1a: Garchomp|Stealth Rock|p2a: Tornadus
|-sidestart|p2: Menaxelum|move: Stealth Rock
|
|upkeep
|turn|8
|
|t:|1778516424
|switch|p1a: Skeledirge|Skeledirge, F|100/100
|move|p2a: Tornadus|Bleakwind Storm|p1a: Skeledirge
|-damage|p1a: Skeledirge|65/100
|
|upkeep
|turn|9
|
|t:|1778516433
|move|p2a: Tornadus|Knock Off|p1a: Skeledirge
|-supereffective|p1a: Skeledirge
|-damage|p1a: Skeledirge|42/100
|-enditem|p1a: Skeledirge|Heavy-Duty Boots|[from] move: Knock Off|[of] p2a: Tornadus
|move|p1a: Skeledirge|Roar|p2a: Tornadus
|drag|p2a: Zamazenta|Zamazenta|100/100
|-ability|p2a: Zamazenta|Dauntless Shield|boost
|-boost|p2a: Zamazenta|def|1
|
|upkeep
|turn|10
|
|t:|1778516447
|move|p2a: Zamazenta|Stone Edge|p1a: Skeledirge|[miss]
|-miss|p2a: Zamazenta|p1a: Skeledirge
|move|p1a: Skeledirge|Slack Off|p1a: Skeledirge
|-heal|p1a: Skeledirge|92/100
|
|upkeep
|turn|11
|inactive|Agathina has 60 seconds left.
|
|t:|1778516477
|switch|p1a: Rillaboom|Rillaboom, F|100/100
|-fieldstart|move: Grassy Terrain|[from] ability: Grassy Surge|[of] p1a: Rillaboom
|move|p2a: Zamazenta|Stone Edge|p1a: Rillaboom
|-damage|p1a: Rillaboom|66/100
|
|-heal|p1a: Rillaboom|72/100|[from] Grassy Terrain
|upkeep
|turn|12
|
|t:|1778516500
|move|p2a: Zamazenta|Crunch|p1a: Rillaboom
|-damage|p1a: Rillaboom|46/100
|move|p1a: Rillaboom|Drum Beating|p2a: Zamazenta
|-damage|p2a: Zamazenta|66/100
|-unboost|p2a: Zamazenta|spe|1
|
|-heal|p2a: Zamazenta|72/100|[from] Grassy Terrain
|-heal|p1a: Rillaboom|52/100|[from] Grassy Terrain
|upkeep
|turn|13
|
|t:|1778516512
|switch|p2a: Tornadus|Tornadus-Therian, M|88/100
|switch|p1a: Garchomp|Garchomp, M, shiny|25/100
|
|-heal|p1a: Garchomp|31/100|[from] Grassy Terrain
|upkeep
|turn|14
|
|t:|1778516526
|switch|p1a: Skeledirge|Skeledirge, F|92/100
|move|p2a: Tornadus|Bleakwind Storm|p1a: Skeledirge
|-damage|p1a: Skeledirge|58/100
|-unboost|p1a: Skeledirge|spe|1
|
|-heal|p1a: Skeledirge|64/100|[from] Grassy Terrain
|upkeep
|turn|15
|
|t:|1778516537
|move|p2a: Tornadus|U-turn|p1a: Skeledirge
|-resisted|p1a: Skeledirge
|-damage|p1a: Skeledirge|62/100
|
|t:|1778516560
|switch|p2a: Great Tusk|Great Tusk|51/100|[from] U-turn
|move|p1a: Skeledirge|Slack Off|p1a: Skeledirge
|-heal|p1a: Skeledirge|100/100
|
|-heal|p2a: Great Tusk|57/100|[from] Grassy Terrain
|-fieldend|move: Grassy Terrain
|upkeep
|turn|16
|inactive|Agathina has 60 seconds left.
|
|t:|1778516568
|switch|p1a: Garchomp|Garchomp, M, shiny|31/100
|move|p2a: Great Tusk|Headlong Rush|p1a: Garchomp
|-damage|p1a: Garchomp|0 fnt
|-unboost|p2a: Great Tusk|def|1
|-unboost|p2a: Great Tusk|spd|1
|-damage|p2a: Great Tusk|45/100|[from] ability: Rough Skin|[of] p1a: Garchomp
|-damage|p2a: Great Tusk|29/100|[from] item: Rocky Helmet|[of] p1a: Garchomp
|faint|p1a: Garchomp
|
|upkeep
|inactive|Agathina has 60 seconds left.
|
|t:|1778516590
|switch|p1a: Ogerpon|Ogerpon-Wellspring, F|100/100
|turn|17
|inactive|Menaxelum has 120 seconds left.
|
|t:|1778516621
|-end|p2a: Great Tusk|Protosynthesis|[silent]
|switch|p2a: Tornadus|Tornadus-Therian, M|100/100
|move|p1a: Ogerpon|Ivy Cudgel|p2a: Tornadus|[anim] Ivy Cudgel Water
|-damage|p2a: Tornadus|30/100
|
|upkeep
|turn|18
|inactive|Menaxelum has 120 seconds left.
|
|t:|1778516638
|move|p2a: Tornadus|Bleakwind Storm|p1a: Ogerpon
|-supereffective|p1a: Ogerpon
|-damage|p1a: Ogerpon|21/100
|move|p1a: Ogerpon|Ivy Cudgel|p2a: Tornadus|[anim] Ivy Cudgel Water
|-damage|p2a: Tornadus|0 fnt
|faint|p2a: Tornadus
|
|upkeep
|
|t:|1778516647
|switch|p2a: Zamazenta|Zamazenta|72/100
|turn|19
|
|t:|1778516664
|switch|p1a: Iron Crown|Iron Crown, tera:Fighting|15/100
|move|p2a: Zamazenta|Crunch|p1a: Iron Crown
|-resisted|p1a: Iron Crown
|-damage|p1a: Iron Crown|0 fnt
|faint|p1a: Iron Crown
|-end|p1a: Iron Crown|Quark Drive|[silent]
|
|upkeep
|inactive|Agathina has 30 seconds left.
|
|t:|1778516693
|switch|p1a: Iron Valiant|Iron Valiant, shiny|100/100
|-enditem|p1a: Iron Valiant|Booster Energy
|-activate|p1a: Iron Valiant|ability: Quark Drive|[fromitem]
|-start|p1a: Iron Valiant|quarkdrivespe
|turn|20
|inactive|Agathina has 30 seconds left.
|
|t:|1778516706
|switch|p2a: Great Tusk|Great Tusk|29/100
|move|p1a: Iron Valiant|Moonblast|p2a: Great Tusk
|-supereffective|p2a: Great Tusk
|-damage|p2a: Great Tusk|0 fnt
|faint|p2a: Great Tusk
|-end|p2a: Great Tusk|Protosynthesis|[silent]
|
|upkeep
|
|t:|1778516715
|switch|p2a: Kingambit|Kingambit, F|100/100
|-damage|p2a: Kingambit|94/100|[from] Stealth Rock
|-activate|p2a: Kingambit|ability: Supreme Overlord
|-start|p2a: Kingambit|fallen2|[silent]
|turn|21
|inactive|Agathina has 30 seconds left.
|
|t:|1778516732
|move|p1a: Iron Valiant|Vacuum Wave|p2a: Kingambit
|-supereffective|p2a: Kingambit
|-damage|p2a: Kingambit|3/100
|move|p2a: Kingambit|Iron Head|p1a: Iron Valiant
|-supereffective|p1a: Iron Valiant
|-damage|p1a: Iron Valiant|0 fnt
|faint|p1a: Iron Valiant
|-end|p1a: Iron Valiant|Quark Drive|[silent]
|
|-heal|p2a: Kingambit|9/100|[from] item: Leftovers
|upkeep
|inactive|Agathina has 30 seconds left.
|
|t:|1778516743
|switch|p1a: Rillaboom|Rillaboom, F|52/100
|-fieldstart|move: Grassy Terrain|[from] ability: Grassy Surge|[of] p1a: Rillaboom
|turn|22
|inactive|Agathina has 30 seconds left.
|l|☆Menaxelum
|inactive|Menaxelum disconnected and has a minute to reconnect!
|player|p2|
|inactive|Menaxelum has 30 seconds to reconnect!
|inactive|Menaxelum has 20 seconds to reconnect!
|inactive|Menaxelum has 15 seconds to reconnect!
|inactive|Menaxelum has 10 seconds to reconnect!
|inactive|Menaxelum has 5 seconds to reconnect!
|-message|Menaxelum lost due to inactivity.
|
|win|Agathina
|raw|Agathina's rating: 1369 &rarr; <strong>1392</strong><br />(+23 for winning)
|raw|Menaxelum's rating: 1420 &rarr; <strong>1397</strong><br />(-23 for losing)
