|html|<div class="broadcast-blue"><strong>[Gen 9] OU is currently suspecting Tera Blast! For information on how to participate check out the <a href="https://www.smogon.com/tools/suspects/view/200">suspect thread</a>.</strong></div>
|j|☆meio_potato
|j|☆phreshoatmeal
|t:|1776112910
|gametype|singles
|player|p1|meio_potato|hilda-wonderlauncher|1491
|player|p2|phreshoatmeal|266|1541
|gen|9
|tier|[Gen 9] OU
|rated|
|rule|HP Percentage Mod: HP is shown in percentages
|rule|Endless Battle Clause: Forcing endless battles is banned
|rule|Species Clause: Limit one of each Pokémon
|rule|OHKO Clause: OHKO moves are banned
|rule|Evasion Items Clause: Evasion items are banned
|rule|Evasion Moves Clause: Evasion moves are banned
|rule|Evasion Abilities Clause: Evasion abilities are banned
|rule|Sleep Moves Clause: Sleep-inducing moves are banned
|clearpoke
|poke|p1|Latias, F|
|poke|p1|Polteageist|
|poke|p1|Zamazenta-*|
|poke|p1|Kingambit, M|
|poke|p1|Ogerpon-Wellspring, F|
|poke|p1|Iron Moth|
|poke|p2|Donphan, L1, F|
|poke|p2|Hawlucha, F|
|poke|p2|Vileplume, M|
|poke|p2|Kingambit, F|
|poke|p2|Hatterene, F|
|poke|p2|Dragapult, M|
|teampreview
|inactive|Battle timer is ON: inactive players will automatically lose when time's up. (requested by meio_potato)
|
|t:|1776112923
|teamsize|p1|6
|teamsize|p2|6
|start
|switch|p1a: Latias|Latias, F|100/100
|switch|p2a: Don Phuan|Donphan, L1, F|100/100
|turn|1
|
|t:|1776112929
|switch|p1a: Polteageist|Polteageist|100/100
|move|p2a: Don Phuan|Protect||[still]
|-fail|p2a: Don Phuan
|
|upkeep
|turn|2
|
|t:|1776112936
|switch|p2a: Kingambit|Kingambit, F|100/100
|move|p1a: Polteageist|Shell Smash|p1a: Polteageist
|-unboost|p1a: Polteageist|def|1
|-unboost|p1a: Polteageist|spd|1
|-boost|p1a: Polteageist|atk|2
|-boost|p1a: Polteageist|spa|2
|-boost|p1a: Polteageist|spe|2
|
|upkeep
|turn|3
|
|t:|1776112962
|move|p2a: Kingambit|Sucker Punch|p1a: Polteageist
|-supereffective|p1a: Polteageist
|-enditem|p1a: Polteageist|Focus Sash
|-damage|p1a: Polteageist|1/100
|-ability|p1a: Polteageist|Weak Armor|boost
|-unboost|p1a: Polteageist|def|1
|-boost|p1a: Polteageist|spe|2
|move|p1a: Polteageist|Shadow Ball|p2a: Kingambit
|-resisted|p2a: Kingambit
|-damage|p2a: Kingambit|69/100
|
|upkeep
|turn|4
|
|t:|1776112973
|move|p1a: Polteageist|Shell Smash|p1a: Polteageist
|-unboost|p1a: Polteageist|def|1
|-unboost|p1a: Polteageist|spd|1
|-boost|p1a: Polteageist|atk|2
|-boost|p1a: Polteageist|spa|2
|-boost|p1a: Polteageist|spe|2
|move|p2a: Kingambit|Kowtow Cleave|p1a: Polteageist
|-supereffective|p1a: Polteageist
|-damage|p1a: Polteageist|0 fnt
|faint|p1a: Polteageist
|
|upkeep
|
|t:|1776112977
|switch|p1a: Kingambit|Kingambit, M|100/100
|turn|5
|
|t:|1776112986
|-end|p2a: Kingambit|fallenundefined|[silent]
|switch|p2a: Hawlucha|Hawlucha, F|100/100
|-ability|p2a: Hawlucha|Mold Breaker
|move|p1a: Kingambit|Low Kick|p2a: Hawlucha
|-resisted|p2a: Hawlucha
|-damage|p2a: Hawlucha|94/100
|-damage|p1a: Kingambit|84/100|[from] item: Rocky Helmet|[of] p2a: Hawlucha
|
|-heal|p1a: Kingambit|90/100|[from] item: Leftovers
|upkeep
|turn|6
|
|t:|1776113006
|switch|p2a: Don Phuan|Donphan, L1, F|100/100
|switch|p1a: Latias|Latias, F|100/100
|
|upkeep
|turn|7
|
|t:|1776113010
|move|p1a: Latias|Calm Mind|p1a: Latias
|-boost|p1a: Latias|spa|1
|-boost|p1a: Latias|spd|1
|move|p2a: Don Phuan|Endeavor|p1a: Latias
|-damage|p1a: Latias|4/100
|
|upkeep
|turn|8
|
|t:|1776113037
|move|p2a: Don Phuan|Protect|p2a: Don Phuan
|-singleturn|p2a: Don Phuan|Protect
|move|p1a: Latias|Draining Kiss|p2a: Don Phuan
|-activate|p2a: Don Phuan|move: Protect
|
|upkeep
|turn|9
|
|t:|1776113044
|switch|p2a: Vileplume|Vileplume, M|100/100
|move|p1a: Latias|Draining Kiss|p2a: Vileplume
|-resisted|p2a: Vileplume
|-damage|p2a: Vileplume|89/100
|-heal|p1a: Latias|14/100|[from] drain|[of] p2a: Vileplume
|-damage|p1a: Latias|0 fnt|[from] item: Rocky Helmet|[of] p2a: Vileplume
|faint|p1a: Latias
|
|upkeep
|
|t:|1776113052
|switch|p1a: Iron Moth|Iron Moth|100/100
|turn|10
|
|t:|1776113060
|switch|p2a: Dragapult|Dragapult, M|100/100
|move|p1a: Iron Moth|Fiery Dance|p2a: Dragapult
|-resisted|p2a: Dragapult
|-damage|p2a: Dragapult|71/100
|-boost|p1a: Iron Moth|spa|1
|
|upkeep
|turn|11
|
|t:|1776113068
|move|p2a: Dragapult|Dragon Darts|p1a: Iron Moth
|-damage|p1a: Iron Moth|43/100
|-anim|p2a: Dragapult|Dragon Darts|p1a: Iron Moth
|-damage|p1a: Iron Moth|0 fnt
|faint|p1a: Iron Moth
|-end|p1a: Iron Moth|Quark Drive|[silent]
|
|upkeep
|
|t:|1776113078
|switch|p1a: Zamazenta|Zamazenta|100/100
|-ability|p1a: Zamazenta|Dauntless Shield|boost
|-boost|p1a: Zamazenta|def|1
|turn|12
|
|t:|1776113087
|switch|p2a: Hawlucha|Hawlucha, F|94/100
|-ability|p2a: Hawlucha|Mold Breaker
|-terastallize|p1a: Zamazenta|Fire
|move|p1a: Zamazenta|Iron Defense|p1a: Zamazenta
|-boost|p1a: Zamazenta|def|2
|
|upkeep
|turn|13
|
|t:|1776113097
|move|p1a: Zamazenta|Body Press|p2a: Hawlucha
|-resisted|p2a: Hawlucha
|-damage|p2a: Hawlucha|59/100
|-damage|p1a: Zamazenta|84/100|[from] item: Rocky Helmet|[of] p2a: Hawlucha
|move|p2a: Hawlucha|Encore|p1a: Zamazenta
|-start|p1a: Zamazenta|Encore
|
|-heal|p1a: Zamazenta|90/100|[from] item: Leftovers
|upkeep
|turn|14
|
|t:|1776113103
|move|p1a: Zamazenta|Body Press|p2a: Hawlucha
|-resisted|p2a: Hawlucha
|-crit|p2a: Hawlucha
|-damage|p2a: Hawlucha|8/100
|-damage|p1a: Zamazenta|73/100|[from] item: Rocky Helmet|[of] p2a: Hawlucha
|move|p2a: Hawlucha|Roost|p2a: Hawlucha
|-heal|p2a: Hawlucha|58/100
|-singleturn|p2a: Hawlucha|move: Roost
|
|-heal|p1a: Zamazenta|80/100|[from] item: Leftovers
|upkeep
|turn|15
|
|t:|1776113106
|move|p1a: Zamazenta|Body Press|p2a: Hawlucha
|-resisted|p2a: Hawlucha
|-damage|p2a: Hawlucha|24/100
|-damage|p1a: Zamazenta|63/100|[from] item: Rocky Helmet|[of] p2a: Hawlucha
|move|p2a: Hawlucha|Roost|p2a: Hawlucha
|-heal|p2a: Hawlucha|74/100
|-singleturn|p2a: Hawlucha|move: Roost
|
|-heal|p1a: Zamazenta|69/100|[from] item: Leftovers
|upkeep
|turn|16
|
|t:|1776113109
|move|p1a: Zamazenta|Body Press|p2a: Hawlucha
|-resisted|p2a: Hawlucha
|-damage|p2a: Hawlucha|36/100
|-damage|p1a: Zamazenta|52/100|[from] item: Rocky Helmet|[of] p2a: Hawlucha
|move|p2a: Hawlucha|Roost|p2a: Hawlucha
|-heal|p2a: Hawlucha|86/100
|-singleturn|p2a: Hawlucha|move: Roost
|
|-heal|p1a: Zamazenta|59/100|[from] item: Leftovers
|-end|p1a: Zamazenta|Encore
|upkeep
|turn|17
|
|t:|1776113115
|move|p2a: Hawlucha|Encore|p1a: Zamazenta
|-start|p1a: Zamazenta|Encore
|move|p1a: Zamazenta|Body Press|p2a: Hawlucha
|-resisted|p2a: Hawlucha
|-damage|p2a: Hawlucha|49/100
|-damage|p1a: Zamazenta|42/100|[from] item: Rocky Helmet|[of] p2a: Hawlucha
|
|-heal|p1a: Zamazenta|48/100|[from] item: Leftovers
|upkeep
|turn|18
|
|t:|1776113117
|move|p1a: Zamazenta|Body Press|p2a: Hawlucha
|-resisted|p2a: Hawlucha
|-damage|p2a: Hawlucha|13/100
|-damage|p1a: Zamazenta|32/100|[from] item: Rocky Helmet|[of] p2a: Hawlucha
|move|p2a: Hawlucha|Roost|p2a: Hawlucha
|-heal|p2a: Hawlucha|63/100
|-singleturn|p2a: Hawlucha|move: Roost
|
|-heal|p1a: Zamazenta|38/100|[from] item: Leftovers
|upkeep
|turn|19
|
|t:|1776113132
|move|p1a: Zamazenta|Body Press|p2a: Hawlucha
|-resisted|p2a: Hawlucha
|-damage|p2a: Hawlucha|30/100
|-damage|p1a: Zamazenta|21/100|[from] item: Rocky Helmet|[of] p2a: Hawlucha
|move|p2a: Hawlucha|Roost|p2a: Hawlucha
|-heal|p2a: Hawlucha|80/100
|-singleturn|p2a: Hawlucha|move: Roost
|
|-heal|p1a: Zamazenta|27/100|[from] item: Leftovers
|-end|p1a: Zamazenta|Encore
|upkeep
|turn|20
|
|t:|1776113138
|move|p1a: Zamazenta|Body Press|p2a: Hawlucha
|-resisted|p2a: Hawlucha
|-damage|p2a: Hawlucha|46/100
|-damage|p1a: Zamazenta|11/100|[from] item: Rocky Helmet|[of] p2a: Hawlucha
|move|p2a: Hawlucha|Roost|p2a: Hawlucha
|-heal|p2a: Hawlucha|96/100
|-singleturn|p2a: Hawlucha|move: Roost
|
|-heal|p1a: Zamazenta|17/100|[from] item: Leftovers
|upkeep
|turn|21
|
|t:|1776113150
|move|p1a: Zamazenta|Body Press|p2a: Hawlucha
|-resisted|p2a: Hawlucha
|-damage|p2a: Hawlucha|60/100
|-damage|p1a: Zamazenta|0 fnt|[from] item: Rocky Helmet|[of] p2a: Hawlucha
|faint|p1a: Zamazenta
|move|p2a: Hawlucha|Encore|p1: Zamazenta|[notarget]
|-fail|p2a: Hawlucha
|
|upkeep
|
|t:|1776113156
|switch|p1a: Ogerpon|Ogerpon-Wellspring, F|100/100
|turn|22
|
|t:|1776113161
|switch|p2a: Vileplume|Vileplume, M|89/100
|move|p1a: Ogerpon|Ivy Cudgel|p2a: Vileplume|[anim] Ivy Cudgel Water
|-resisted|p2a: Vileplume
|-damage|p2a: Vileplume|66/100
|
|upkeep
|turn|23
|
|t:|1776113173
|move|p1a: Ogerpon|Swords Dance|p1a: Ogerpon
|-boost|p1a: Ogerpon|atk|2
|move|p2a: Vileplume|Strength Sap|p1a: Ogerpon
|-unboost|p1a: Ogerpon|atk|1
|-heal|p2a: Vileplume|100/100
|
|upkeep
|turn|24
|
|t:|1776113176
|move|p1a: Ogerpon|Knock Off|p2a: Vileplume
|-damage|p2a: Vileplume|59/100
|-damage|p1a: Ogerpon|84/100|[from] item: Rocky Helmet|[of] p2a: Vileplume
|-enditem|p2a: Vileplume|Rocky Helmet|[from] move: Knock Off|[of] p1a: Ogerpon
|move|p2a: Vileplume|Sludge Bomb|p1a: Ogerpon
|-supereffective|p1a: Ogerpon
|-damage|p1a: Ogerpon|11/100
|
|upkeep
|turn|25
|
|t:|1776113181
|move|p1a: Ogerpon|Ivy Cudgel|p2a: Vileplume|[anim] Ivy Cudgel Water
|-resisted|p2a: Vileplume
|-damage|p2a: Vileplume|28/100
|move|p2a: Vileplume|Strength Sap|p1a: Ogerpon
|-unboost|p1a: Ogerpon|atk|1
|-heal|p2a: Vileplume|100/100
|
|upkeep
|turn|26
|
|t:|1776113186
|move|p1a: Ogerpon|Ivy Cudgel|p2a: Vileplume|[anim] Ivy Cudgel Water
|-resisted|p2a: Vileplume
|-damage|p2a: Vileplume|78/100
|move|p2a: Vileplume|Sludge Bomb|p1a: Ogerpon
|-supereffective|p1a: Ogerpon
|-damage|p1a: Ogerpon|0 fnt
|faint|p1a: Ogerpon
|
|upkeep
|
|t:|1776113189
|switch|p1a: Kingambit|Kingambit, M|90/100
|turn|27
|
|t:|1776113192
|move|p1a: Kingambit|Swords Dance|p1a: Kingambit
|-boost|p1a: Kingambit|atk|2
|move|p2a: Vileplume|Strength Sap|p1a: Kingambit
|-unboost|p1a: Kingambit|atk|1
|-ability|p1a: Kingambit|Defiant|boost
|-boost|p1a: Kingambit|atk|2
|-heal|p2a: Vileplume|100/100
|
|-heal|p1a: Kingambit|96/100|[from] item: Leftovers
|upkeep
|turn|28
|
|t:|1776113207
|move|p1a: Kingambit|Iron Head|p2a: Vileplume
|-damage|p2a: Vileplume|20/100
|move|p2a: Vileplume|Grass Knot|p1a: Kingambit
|-resisted|p1a: Kingambit
|-damage|p1a: Kingambit|76/100
|
|-heal|p1a: Kingambit|82/100|[from] item: Leftovers
|upkeep
|turn|29
|
|t:|1776113212
|move|p1a: Kingambit|Swords Dance|p1a: Kingambit
|-boost|p1a: Kingambit|atk|2
|move|p2a: Vileplume|Strength Sap|p1a: Kingambit
|-unboost|p1a: Kingambit|atk|1
|-ability|p1a: Kingambit|Defiant|boost
|-boost|p1a: Kingambit|atk|2
|-heal|p2a: Vileplume|100/100
|
|-heal|p1a: Kingambit|88/100|[from] item: Leftovers
|upkeep
|turn|30
|
|t:|1776113215
|move|p1a: Kingambit|Iron Head|p2a: Vileplume
|-damage|p2a: Vileplume|0 fnt
|faint|p2a: Vileplume
|
|-heal|p1a: Kingambit|94/100|[from] item: Leftovers
|upkeep
|
|t:|1776113230
|switch|p2a: Dragapult|Dragapult, M|71/100
|turn|31
|
|t:|1776113232
|move|p1a: Kingambit|Sucker Punch|p2a: Dragapult
|-supereffective|p2a: Dragapult
|-damage|p2a: Dragapult|0 fnt
|faint|p2a: Dragapult
|
|-heal|p1a: Kingambit|99/100|[from] item: Leftovers
|upkeep
|
|t:|1776113234
|switch|p2a: Hawlucha|Hawlucha, F|60/100
|-ability|p2a: Hawlucha|Mold Breaker
|turn|32
|
|t:|1776113236
|move|p1a: Kingambit|Sucker Punch||[still]
|-fail|p1a: Kingambit
|move|p2a: Hawlucha|Encore|p1a: Kingambit
|-start|p1a: Kingambit|Encore
|
|-heal|p1a: Kingambit|100/100|[from] item: Leftovers
|upkeep
|turn|33
|
|t:|1776113242
|move|p1a: Kingambit|Sucker Punch|p2a: Hawlucha
|-resisted|p2a: Hawlucha
|-damage|p2a: Hawlucha|0 fnt
|-damage|p1a: Kingambit|84/100|[from] item: Rocky Helmet|[of] p2a: Hawlucha
|faint|p2a: Hawlucha
|
|-heal|p1a: Kingambit|90/100|[from] item: Leftovers
|upkeep
|
|t:|1776113244
|switch|p2a: Don Phuan|Donphan, L1, F|100/100
|turn|34
|
|t:|1776113246
|move|p1a: Kingambit|Sucker Punch|p2a: Don Phuan
|-ability|p2a: Don Phuan|Sturdy
|-damage|p2a: Don Phuan|9/100
|move|p2a: Don Phuan|Endeavor|p1a: Kingambit
|-damage|p1a: Kingambit|1/100
|-heal|p2a: Don Phuan|100/100|[from] item: Shell Bell|[of] p1a: Kingambit
|
|-heal|p1a: Kingambit|7/100|[from] item: Leftovers
|upkeep
|turn|35
|
|t:|1776113269
|move|p2a: Don Phuan|Protect|p2a: Don Phuan
|-singleturn|p2a: Don Phuan|Protect
|move|p1a: Kingambit|Sucker Punch||[still]
|-fail|p1a: Kingambit
|
|-heal|p1a: Kingambit|13/100|[from] item: Leftovers
|-end|p1a: Kingambit|Encore
|upkeep
|turn|36
|
|t:|1776113299
|move|p1a: Kingambit|Iron Head|p2a: Don Phuan
|-crit|p2a: Don Phuan
|-ability|p2a: Don Phuan|Sturdy
|-damage|p2a: Don Phuan|9/100
|cant|p2a: Don Phuan|flinch
|
|-heal|p1a: Kingambit|19/100|[from] item: Leftovers
|upkeep
|turn|37
|
|t:|1776113314
|move|p1a: Kingambit|Iron Head|p2a: Don Phuan
|-damage|p2a: Don Phuan|0 fnt
|faint|p2a: Don Phuan
|
|-heal|p1a: Kingambit|25/100|[from] item: Leftovers
|upkeep
|
|t:|1776113316
|switch|p2a: Kingambit|Kingambit, F|69/100
|-activate|p2a: Kingambit|ability: Supreme Overlord
|-start|p2a: Kingambit|fallen4|[silent]
|turn|38
|
|t:|1776113322
|move|p2a: Kingambit|Sucker Punch|p1a: Kingambit
|-resisted|p1a: Kingambit
|-damage|p1a: Kingambit|3/100
|move|p1a: Kingambit|Low Kick|p2a: Kingambit
|-supereffective|p2a: Kingambit
|-damage|p2a: Kingambit|0 fnt
|faint|p2a: Kingambit
|-end|p2a: Kingambit|fallen4|[silent]
|
|-heal|p1a: Kingambit|9/100|[from] item: Leftovers
|upkeep
|
|t:|1776113324
|switch|p2a: Hatterene|Hatterene, F|100/100
|turn|39
|
|t:|1776113326
|-terastallize|p2a: Hatterene|Flying
|move|p1a: Kingambit|Iron Head|p2a: Hatterene
|-damage|p2a: Hatterene|0 fnt
|faint|p2a: Hatterene
|
|win|meio_potato
|raw|meio_potato's rating: 1509 &rarr; <strong>1531</strong><br />(+22 for winning)
|raw|phreshoatmeal's rating: 1541 &rarr; <strong>1519</strong><br />(-22 for losing)
|l|☆phreshoatmeal
|player|p2|
|l|☆meio_potato
|player|p1|
