|html|<div class="broadcast-blue"><strong>[Gen 9] OU is currently suspecting Tera Blast! For information on how to participate check out the <a href="https://www.smogon.com/tools/suspects/view/200">suspect thread</a>.</strong></div>
|j|☆okbomber
|j|☆fraaaxn
|t:|1776055674
|gametype|singles
|player|p1|okbomber|1|1571
|player|p2|fraaaxn|unknownf|1644
|gen|9
|tier|[Gen 9] OU
|rated|
|rule|HP Percentage Mod: HP is shown in percentages
|rule|Endless Battle Clause: Forcing endless battles is banned
|rule|Species Clause: Limit one of each Pokémon
|rule|OHKO Clause: OHKO moves are banned
|rule|Evasion Items Clause: Evasion items are banned
|rule|Evasion Moves Clause: Evasion moves are banned
|rule|Evasion Abilities Clause: Evasion abilities are banned
|rule|Sleep Moves Clause: Sleep-inducing moves are banned
|clearpoke
|poke|p1|Samurott-Hisui, F|
|poke|p1|Zapdos|
|poke|p1|Iron Treads|
|poke|p1|Ceruledge, M|
|poke|p1|Gholdengo|
|poke|p1|Kingambit, M|
|poke|p2|Dragonite, M|
|poke|p2|Gliscor, F|
|poke|p2|Great Tusk|
|poke|p2|Meowscarada, M|
|poke|p2|Gholdengo|
|poke|p2|Samurott-Hisui, M|
|teampreview
|inactive|Battle timer is ON: inactive players will automatically lose when time's up. (requested by fraaaxn)
|
|t:|1776055695
|teamsize|p1|6
|teamsize|p2|6
|start
|switch|p1a: Samurott|Samurott-Hisui, F|100/100
|switch|p2a: Meowscarada|Meowscarada, M|100/100
|turn|1
|
|t:|1776055700
|move|p2a: Meowscarada|Flower Trick|p1a: Samurott
|-start|p2a: Meowscarada|typechange|Grass|[from] ability: Protean
|-supereffective|p1a: Samurott
|-crit|p1a: Samurott
|-damage|p1a: Samurott|4/100
|move|p1a: Samurott|Ceaseless Edge|p2a: Meowscarada
|-crit|p2a: Meowscarada
|-damage|p2a: Meowscarada|9/100
|-sidestart|p2: fraaaxn|Spikes
|
|upkeep
|turn|2
|
|t:|1776055710
|switch|p2a: Great Tusk|Great Tusk|100/100
|move|p1a: Samurott|Sucker Punch||[still]
|-fail|p1a: Samurott
|
|upkeep
|turn|3
|
|t:|1776055715
|switch|p1a: Gholdengo|Gholdengo|100/100
|-item|p1a: Gholdengo|Air Balloon
|move|p2a: Great Tusk|Ice Spinner|p1a: Gholdengo
|-resisted|p1a: Gholdengo
|-damage|p1a: Gholdengo|91/100
|-enditem|p1a: Gholdengo|Air Balloon
|
|upkeep
|turn|4
|
|t:|1776055741
|move|p2a: Great Tusk|Ice Spinner|p1a: Gholdengo
|-resisted|p1a: Gholdengo
|-damage|p1a: Gholdengo|82/100
|move|p1a: Gholdengo|Recover|p1a: Gholdengo
|-heal|p1a: Gholdengo|100/100
|
|upkeep
|turn|5
|
|t:|1776055760
|move|p2a: Great Tusk|Headlong Rush|p1a: Gholdengo
|-supereffective|p1a: Gholdengo
|-damage|p1a: Gholdengo|12/100
|-unboost|p2a: Great Tusk|def|1
|-unboost|p2a: Great Tusk|spd|1
|move|p1a: Gholdengo|Focus Blast|p2a: Great Tusk
|-damage|p2a: Great Tusk|19/100
|
|upkeep
|turn|6
|
|t:|1776055771
|switch|p1a: Samurott|Samurott-Hisui, F|4/100
|move|p2a: Great Tusk|Headlong Rush|p1a: Samurott
|-damage|p1a: Samurott|0 fnt
|-unboost|p2a: Great Tusk|def|1
|-unboost|p2a: Great Tusk|spd|1
|faint|p1a: Samurott
|
|upkeep
|inactive|okbomber has 120 seconds left.
|
|t:|1776055806
|switch|p1a: Iron Treads|Iron Treads|100/100
|turn|7
|inactive|fraaaxn has 120 seconds left.
|
|t:|1776055854
|move|p1a: Iron Treads|Rapid Spin|p2a: Great Tusk
|-damage|p2a: Great Tusk|0 fnt
|-boost|p1a: Iron Treads|spe|1
|faint|p2a: Great Tusk
|-end|p2a: Great Tusk|Protosynthesis|[silent]
|
|upkeep
|
|t:|1776055860
|switch|p2a: Samurott|Samurott-Hisui, M|100/100
|-damage|p2a: Samurott|88/100|[from] Spikes
|turn|8
|
|t:|1776055864
|move|p1a: Iron Treads|Earthquake|p2a: Samurott
|-damage|p2a: Samurott|37/100
|move|p2a: Samurott|Razor Shell|p1a: Iron Treads
|-supereffective|p1a: Iron Treads
|-damage|p1a: Iron Treads|9/100
|
|-heal|p1a: Iron Treads|15/100|[from] item: Leftovers
|upkeep
|turn|9
|inactive|fraaaxn has 120 seconds left.
|
|t:|1776055879
|move|p1a: Iron Treads|Stealth Rock|p2a: Samurott
|-sidestart|p2: fraaaxn|move: Stealth Rock
|move|p2a: Samurott|Ceaseless Edge|p1a: Iron Treads
|-damage|p1a: Iron Treads|0 fnt
|-sidestart|p1: okbomber|Spikes
|faint|p1a: Iron Treads
|-end|p1a: Iron Treads|Quark Drive|[silent]
|
|upkeep
|
|t:|1776055889
|switch|p1a: Ceruledge|Ceruledge, M|100/100
|turn|10
|inactive|fraaaxn has 120 seconds left.
|
|t:|1776055895
|-terastallize|p1a: Ceruledge|Fairy
|move|p2a: Samurott|Knock Off|p1a: Ceruledge
|-resisted|p1a: Ceruledge
|-damage|p1a: Ceruledge|75/100
|-ability|p1a: Ceruledge|Weak Armor|boost
|-unboost|p1a: Ceruledge|def|1
|-boost|p1a: Ceruledge|spe|2
|-enditem|p1a: Ceruledge|Heavy-Duty Boots|[from] move: Knock Off|[of] p2a: Samurott
|move|p1a: Ceruledge|Swords Dance|p1a: Ceruledge
|-boost|p1a: Ceruledge|atk|2
|
|upkeep
|turn|11
|
|t:|1776055902
|move|p1a: Ceruledge|Bitter Blade|p2a: Samurott
|-resisted|p2a: Samurott
|-damage|p2a: Samurott|0 fnt
|-heal|p1a: Ceruledge|95/100|[from] drain|[of] p2a: Samurott
|faint|p2a: Samurott
|
|upkeep
|
|t:|1776055908
|switch|p2a: Gliscor|Gliscor, F|100/100
|-damage|p2a: Gliscor|88/100|[from] Stealth Rock
|turn|12
|
|t:|1776055912
|move|p1a: Ceruledge|Poltergeist|p2a: Gliscor
|-activate|p2a: Gliscor|move: Poltergeist|Toxic Orb
|-damage|p2a: Gliscor|0 fnt
|faint|p2a: Gliscor
|
|upkeep
|
|t:|1776055915
|switch|p2a: Dragonite|Dragonite, M|100/100
|turn|13
|
|t:|1776055921
|-terastallize|p2a: Dragonite|Normal
|move|p1a: Ceruledge|Poltergeist|p2a: Dragonite
|-immune|p2a: Dragonite
|move|p2a: Dragonite|Dragon Dance|p2a: Dragonite
|-boost|p2a: Dragonite|atk|1
|-boost|p2a: Dragonite|spe|1
|
|upkeep
|turn|14
|
|t:|1776055925
|move|p2a: Dragonite|Extreme Speed|p1a: Ceruledge
|-damage|p1a: Ceruledge|0 fnt
|faint|p1a: Ceruledge
|
|upkeep
|
|t:|1776055930
|switch|p1a: Zapdos|Zapdos|100/100
|turn|15
|
|t:|1776055935
|move|p2a: Dragonite|Dragon Dance|p2a: Dragonite
|-boost|p2a: Dragonite|atk|1
|-boost|p2a: Dragonite|spe|1
|move|p1a: Zapdos|Hurricane|p2a: Dragonite
|-damage|p2a: Dragonite|76/100
|
|upkeep
|turn|16
|
|t:|1776055947
|move|p2a: Dragonite|Roost|p2a: Dragonite
|-heal|p2a: Dragonite|100/100
|move|p1a: Zapdos|Thunder Wave|p2a: Dragonite
|-status|p2a: Dragonite|par
|
|upkeep
|turn|17
|
|t:|1776055950
|move|p2a: Dragonite|Dragon Dance|p2a: Dragonite
|-boost|p2a: Dragonite|atk|1
|-boost|p2a: Dragonite|spe|1
|move|p1a: Zapdos|Hurricane|p2a: Dragonite
|-damage|p2a: Dragonite|78/100 par
|
|upkeep
|turn|18
|
|t:|1776055953
|cant|p2a: Dragonite|par
|move|p1a: Zapdos|Hurricane|p2a: Dragonite
|-damage|p2a: Dragonite|28/100 par
|
|upkeep
|turn|19
|
|t:|1776055955
|cant|p2a: Dragonite|par
|move|p1a: Zapdos|Hurricane|p2a: Dragonite
|-damage|p2a: Dragonite|0 fnt
|faint|p2a: Dragonite
|
|upkeep
|
|t:|1776055960
|switch|p2a: Meowscarada|Meowscarada, M|9/100
|turn|20
|
|t:|1776055963
|move|p2a: Meowscarada|Triple Axel|p1a: Zapdos
|-start|p2a: Meowscarada|typechange|Ice|[from] ability: Protean
|-supereffective|p1a: Zapdos
|-damage|p1a: Zapdos|87/100
|-hitcount|p1a: Zapdos|1
|move|p1a: Zapdos|Volt Switch|p2a: Meowscarada
|-crit|p2a: Meowscarada
|-damage|p2a: Meowscarada|0 fnt
|faint|p2a: Meowscarada
|
|t:|1776055965
|switch|p1a: Kingambit|Kingambit, M|100/100|[from] Volt Switch
|-damage|p1a: Kingambit|88/100|[from] Spikes
|-activate|p1a: Kingambit|ability: Supreme Overlord
|-start|p1a: Kingambit|fallen3|[silent]
|
|-heal|p1a: Kingambit|94/100|[from] item: Leftovers
|upkeep
|-message|fraaaxn forfeited.
|
|win|okbomber
|raw|okbomber's rating: 1571 &rarr; <strong>1595</strong><br />(+24 for winning)
|raw|fraaaxn's rating: 1644 &rarr; <strong>1620</strong><br />(-24 for losing)
