|html|<div class="broadcast-blue"><strong>[Gen 9] OU is currently suspecting Tera Blast! For information on how to participate check out the <a href="https://www.smogon.com/tools/suspects/view/200">suspect thread</a>.</strong></div>
|j|☆parkiay
|j|☆Colin Prime
|t:|1776091728
|gametype|singles
|player|p1|parkiay|juan|1536
|player|p2|Colin Prime|iris-gen5bw2|1504
|gen|9
|tier|[Gen 9] OU
|rated|
|rule|HP Percentage Mod: HP is shown in percentages
|rule|Endless Battle Clause: Forcing endless battles is banned
|rule|Species Clause: Limit one of each Pokémon
|rule|OHKO Clause: OHKO moves are banned
|rule|Evasion Items Clause: Evasion items are banned
|rule|Evasion Moves Clause: Evasion moves are banned
|rule|Evasion Abilities Clause: Evasion abilities are banned
|rule|Sleep Moves Clause: Sleep-inducing moves are banned
|clearpoke
|poke|p1|Cinderace, F|
|poke|p1|Rotom-Wash|
|poke|p1|Darkrai|
|poke|p1|Ogerpon-Cornerstone, F|
|poke|p1|Iron Moth|
|poke|p1|Raging Bolt|
|poke|p2|Torkoal, F|
|poke|p2|Hatterene, F|
|poke|p2|Typhlosion-Hisui, M|
|poke|p2|Walking Wake|
|poke|p2|Great Tusk|
|poke|p2|Sandy Shocks|
|teampreview
|inactive|Battle timer is ON: inactive players will automatically lose when time's up. (requested by parkiay)
|c|☆parkiay|gl
|c|☆parkiay|hf
|c|☆Colin Prime|glhf
|
|t:|1776091744
|teamsize|p1|6
|teamsize|p2|6
|start
|switch|p1a: Ogerpon|Ogerpon-Cornerstone, F|100/100
|switch|p2a: Sandy Shocks|Sandy Shocks|100/100
|turn|1
|j| Foxi4
|
|t:|1776091751
|move|p1a: Ogerpon|Swords Dance|p1a: Ogerpon
|-boost|p1a: Ogerpon|atk|2
|move|p2a: Sandy Shocks|Sunny Day|p2a: Sandy Shocks
|-weather|SunnyDay
|-activate|p2a: Sandy Shocks|ability: Protosynthesis
|-start|p2a: Sandy Shocks|protosynthesisspe
|
|-weather|SunnyDay|[upkeep]
|upkeep
|turn|2
|
|t:|1776091758
|move|p1a: Ogerpon|Spiky Shield|p1a: Ogerpon
|-singleturn|p1a: Ogerpon|move: Protect
|move|p2a: Sandy Shocks|Earth Power|p1a: Ogerpon
|-activate|p1a: Ogerpon|move: Protect
|
|-weather|SunnyDay|[upkeep]
|upkeep
|turn|3
|
|t:|1776091765
|move|p2a: Sandy Shocks|Earth Power|p1a: Ogerpon
|-damage|p1a: Ogerpon|48/100
|move|p1a: Ogerpon|Horn Leech|p2a: Sandy Shocks
|-supereffective|p2a: Sandy Shocks
|-enditem|p2a: Sandy Shocks|Focus Sash
|-damage|p2a: Sandy Shocks|1/100
|-heal|p1a: Ogerpon|100/100|[from] drain|[of] p2a: Sandy Shocks
|
|-weather|SunnyDay|[upkeep]
|upkeep
|turn|4
|
|t:|1776091773
|move|p1a: Ogerpon|Spiky Shield|p1a: Ogerpon
|-singleturn|p1a: Ogerpon|move: Protect
|move|p2a: Sandy Shocks|Earth Power|p1a: Ogerpon
|-activate|p1a: Ogerpon|move: Protect
|
|-weather|SunnyDay|[upkeep]
|upkeep
|turn|5
|
|t:|1776091780
|move|p2a: Sandy Shocks|Earth Power|p1a: Ogerpon
|-damage|p1a: Ogerpon|52/100
|move|p1a: Ogerpon|Horn Leech|p2a: Sandy Shocks
|-supereffective|p2a: Sandy Shocks
|-damage|p2a: Sandy Shocks|0 fnt
|-heal|p1a: Ogerpon|52/100|[from] drain|[of] p2a: Sandy Shocks
|faint|p2a: Sandy Shocks
|-end|p2a: Sandy Shocks|Protosynthesis|[silent]
|
|-weather|none
|upkeep
|
|t:|1776091789
|switch|p2a: Typhlosion|Typhlosion-Hisui, M|100/100
|turn|6
|
|t:|1776091798
|move|p2a: Typhlosion|Eruption|p1a: Ogerpon
|-damage|p1a: Ogerpon|0 fnt
|faint|p1a: Ogerpon
|
|upkeep
|
|t:|1776091805
|switch|p1a: Iron Moth|Iron Moth|100/100
|-enditem|p1a: Iron Moth|Booster Energy
|-activate|p1a: Iron Moth|ability: Quark Drive|[fromitem]
|-start|p1a: Iron Moth|quarkdrivespe
|turn|7
|
|t:|1776091812
|switch|p2a: Torkoal|Torkoal, F|100/100
|-weather|SunnyDay|[from] ability: Drought|[of] p2a: Torkoal
|move|p1a: Iron Moth|Substitute|p1a: Iron Moth
|-start|p1a: Iron Moth|Substitute
|-damage|p1a: Iron Moth|76/100
|
|-weather|SunnyDay|[upkeep]
|upkeep
|turn|8
|
|t:|1776091822
|move|p1a: Iron Moth|Fiery Dance|p2a: Torkoal
|-resisted|p2a: Torkoal
|-damage|p2a: Torkoal|63/100
|move|p2a: Torkoal|Body Press|p1a: Iron Moth
|-resisted|p1a: Iron Moth
|-activate|p1a: Iron Moth|move: Substitute|[damage]
|
|-weather|SunnyDay|[upkeep]
|upkeep
|turn|9
|
|t:|1776091830
|switch|p2a: Walking Wake|Walking Wake|100/100
|-activate|p2a: Walking Wake|ability: Protosynthesis
|-start|p2a: Walking Wake|protosynthesisspa
|move|p1a: Iron Moth|Fiery Dance|p2a: Walking Wake
|-resisted|p2a: Walking Wake
|-damage|p2a: Walking Wake|84/100
|
|-weather|SunnyDay|[upkeep]
|upkeep
|turn|10
|
|t:|1776091839
|move|p1a: Iron Moth|Sludge Wave|p2a: Walking Wake
|-damage|p2a: Walking Wake|24/100
|move|p2a: Walking Wake|Hydro Steam|p1a: Iron Moth
|-supereffective|p1a: Iron Moth
|-end|p1a: Iron Moth|Substitute
|
|-weather|SunnyDay|[upkeep]
|upkeep
|turn|11
|
|t:|1776091844
|move|p1a: Iron Moth|Substitute|p1a: Iron Moth
|-start|p1a: Iron Moth|Substitute
|-damage|p1a: Iron Moth|51/100
|move|p2a: Walking Wake|Hydro Steam|p1a: Iron Moth
|-supereffective|p1a: Iron Moth
|-end|p1a: Iron Moth|Substitute
|
|-weather|SunnyDay|[upkeep]
|upkeep
|turn|12
|
|t:|1776091848
|move|p1a: Iron Moth|Substitute|p1a: Iron Moth
|-start|p1a: Iron Moth|Substitute
|-damage|p1a: Iron Moth|26/100
|move|p2a: Walking Wake|Hydro Steam|p1a: Iron Moth
|-supereffective|p1a: Iron Moth
|-end|p1a: Iron Moth|Substitute
|
|-weather|SunnyDay|[upkeep]
|upkeep
|turn|13
|
|t:|1776091856
|move|p1a: Iron Moth|Substitute|p1a: Iron Moth
|-start|p1a: Iron Moth|Substitute
|-damage|p1a: Iron Moth|1/100
|move|p2a: Walking Wake|Hydro Steam|p1a: Iron Moth
|-supereffective|p1a: Iron Moth
|-end|p1a: Iron Moth|Substitute
|
|-weather|SunnyDay|[upkeep]
|upkeep
|turn|14
|
|t:|1776091859
|move|p1a: Iron Moth|Sludge Wave|p2a: Walking Wake
|-damage|p2a: Walking Wake|0 fnt
|faint|p2a: Walking Wake
|-end|p2a: Walking Wake|Protosynthesis|[silent]
|
|-weather|none
|upkeep
|
|t:|1776091883
|switch|p2a: Typhlosion|Typhlosion-Hisui, M|100/100
|turn|15
|
|t:|1776091890
|move|p1a: Iron Moth|Psychic|p2a: Typhlosion
|-damage|p2a: Typhlosion|60/100
|move|p2a: Typhlosion|Shadow Ball|p1a: Iron Moth
|-damage|p1a: Iron Moth|0 fnt
|faint|p1a: Iron Moth
|-end|p1a: Iron Moth|Quark Drive|[silent]
|
|upkeep
|
|t:|1776091896
|switch|p1a: Darkrai|Darkrai|100/100
|turn|16
|
|t:|1776091912
|switch|p2a: Torkoal|Torkoal, F|63/100
|-weather|SunnyDay|[from] ability: Drought|[of] p2a: Torkoal
|move|p1a: Darkrai|Nasty Plot|p1a: Darkrai
|-boost|p1a: Darkrai|spa|2
|
|-weather|SunnyDay|[upkeep]
|upkeep
|turn|17
|
|t:|1776091918
|move|p1a: Darkrai|Dark Pulse|p2a: Torkoal
|-crit|p2a: Torkoal
|-damage|p2a: Torkoal|0 fnt
|faint|p2a: Torkoal
|
|-weather|SunnyDay|[upkeep]
|upkeep
|
|t:|1776091925
|switch|p2a: Typhlosion|Typhlosion-Hisui, M|60/100
|turn|18
|
|t:|1776091930
|-terastallize|p2a: Typhlosion|Fire
|move|p2a: Typhlosion|Flamethrower|p1a: Darkrai
|-damage|p1a: Darkrai|0 fnt
|faint|p1a: Darkrai
|
|-weather|SunnyDay|[upkeep]
|upkeep
|
|t:|1776091935
|switch|p1a: Rotom|Rotom-Wash|100/100
|turn|19
|
|t:|1776091938
|switch|p2a: Hatterene|Hatterene, F|100/100
|move|p1a: Rotom|Hydro Pump|p2a: Hatterene|[miss]
|-miss|p1a: Rotom|p2a: Hatterene
|
|-weather|SunnyDay|[upkeep]
|upkeep
|turn|20
|inactiveoff|Battle timer is now OFF.
|
|t:|1776091944
|move|p1a: Rotom|Discharge|p2a: Hatterene
|-damage|p2a: Hatterene|67/100
|-enditem|p2a: Hatterene|Eject Button
|
|t:|1776091947
|switch|p2a: Great Tusk|Great Tusk|100/100
|-activate|p2a: Great Tusk|ability: Protosynthesis
|-start|p2a: Great Tusk|protosynthesisatk
|
|-weather|SunnyDay|[upkeep]
|upkeep
|turn|21
|
|t:|1776091950
|move|p2a: Great Tusk|Close Combat|p1a: Rotom
|-damage|p1a: Rotom|0 fnt
|-unboost|p2a: Great Tusk|def|1
|-unboost|p2a: Great Tusk|spd|1
|faint|p1a: Rotom
|
|-weather|SunnyDay|[upkeep]
|upkeep
|
|t:|1776091956
|switch|p1a: Raging Bolt|Raging Bolt|100/100
|-activate|p1a: Raging Bolt|ability: Protosynthesis
|-start|p1a: Raging Bolt|protosynthesisspa
|turn|22
|
|t:|1776091966
|-end|p2a: Great Tusk|Protosynthesis|[silent]
|switch|p2a: Hatterene|Hatterene, F|67/100
|-terastallize|p1a: Raging Bolt|Bug
|move|p1a: Raging Bolt|Dragon Pulse|p2a: Hatterene
|-immune|p2a: Hatterene
|
|-weather|SunnyDay|[upkeep]
|upkeep
|turn|23
|inactive|Battle timer is ON: inactive players will automatically lose when time's up. (requested by parkiay)
|
|t:|1776091979
|move|p1a: Raging Bolt|Thunderbolt|p2a: Hatterene
|-damage|p2a: Hatterene|0 fnt
|faint|p2a: Hatterene
|
|-weather|none
|-end|p1a: Raging Bolt|Protosynthesis
|upkeep
|-enditem|p1a: Raging Bolt|Booster Energy
|-activate|p1a: Raging Bolt|ability: Protosynthesis|[fromitem]
|-start|p1a: Raging Bolt|protosynthesisspa
|
|t:|1776091996
|switch|p2a: Great Tusk|Great Tusk|100/100
|turn|24
|
|t:|1776092004
|move|p2a: Great Tusk|Head Smash|p1a: Raging Bolt
|-supereffective|p1a: Raging Bolt
|-damage|p1a: Raging Bolt|0 fnt
|faint|p1a: Raging Bolt
|-end|p1a: Raging Bolt|Protosynthesis|[silent]
|-damage|p2a: Great Tusk|48/100|[from] Recoil
|
|upkeep
|
|t:|1776092008
|switch|p1a: Cinderace|Cinderace, F|100/100
|turn|25
|
|t:|1776092015
|-end|p2a: Great Tusk|Protosynthesis|[silent]
|switch|p2a: Typhlosion|Typhlosion-Hisui, M, tera:Fire|60/100
|move|p1a: Cinderace|Pyro Ball|p2a: Typhlosion
|-resisted|p2a: Typhlosion
|-damage|p2a: Typhlosion|17/100
|
|upkeep
|turn|26
|
|t:|1776092021
|move|p2a: Typhlosion|Shadow Ball|p1a: Cinderace
|-crit|p1a: Cinderace
|-damage|p1a: Cinderace|5/100
|move|p1a: Cinderace|Pyro Ball|p2a: Typhlosion|[miss]
|-miss|p1a: Cinderace|p2a: Typhlosion
|
|upkeep
|turn|27
|c|☆parkiay|gg
|c|☆parkiay|wp
|
|t:|1776092027
|move|p1a: Cinderace|Sucker Punch|p2a: Typhlosion
|-start|p1a: Cinderace|typechange|Dark|[from] ability: Libero
|-damage|p2a: Typhlosion|0 fnt
|faint|p2a: Typhlosion
|
|upkeep
|
|t:|1776092030
|switch|p2a: Great Tusk|Great Tusk|48/100
|turn|28
|
|t:|1776092033
|move|p1a: Cinderace|Pyro Ball|p2a: Great Tusk
|-damage|p2a: Great Tusk|19/100
|move|p2a: Great Tusk|Ice Spinner|p1a: Cinderace
|-damage|p1a: Cinderace|0 fnt
|faint|p1a: Cinderace
|
|win|Colin Prime
|raw|parkiay's rating: 1536 &rarr; <strong>1514</strong><br />(-22 for losing)
|raw|Colin Prime's rating: 1504 &rarr; <strong>1526</strong><br />(+22 for winning)
|l|☆parkiay
|player|p1|
