|html|<div class="broadcast-blue"><strong>[Gen 9] OU is currently suspecting Tera Blast! For information on how to participate check out the <a href="https://www.smogon.com/tools/suspects/view/200">suspect thread</a>.</strong></div>
|j|☆SeasideWandering
|j|☆Motussman
|t:|1776085139
|gametype|singles
|player|p1|SeasideWandering|marnie-masters3|1390
|player|p2|Motussman|2|1358
|gen|9
|tier|[Gen 9] OU
|rated|
|rule|HP Percentage Mod: HP is shown in percentages
|rule|Endless Battle Clause: Forcing endless battles is banned
|rule|Species Clause: Limit one of each Pokémon
|rule|OHKO Clause: OHKO moves are banned
|rule|Evasion Items Clause: Evasion items are banned
|rule|Evasion Moves Clause: Evasion moves are banned
|rule|Evasion Abilities Clause: Evasion abilities are banned
|rule|Sleep Moves Clause: Sleep-inducing moves are banned
|clearpoke
|poke|p1|Tyranitar, F|
|poke|p1|Rillaboom, F|
|poke|p1|Toedscruel, M|
|poke|p1|Ceruledge, M|
|poke|p1|Pecharunt|
|poke|p1|Kyurem|
|poke|p2|Dragapult, F|
|poke|p2|Primarina, F|
|poke|p2|Ogerpon-Wellspring, F|
|poke|p2|Slowking-Galar, M|
|poke|p2|Terrakion|
|poke|p2|Kingambit, F|
|teampreview
|inactive|Battle timer is ON: inactive players will automatically lose when time's up. (requested by Motussman)
|
|t:|1776085153
|teamsize|p1|6
|teamsize|p2|6
|start
|switch|p1a: Toedscruel|Toedscruel, M|100/100
|switch|p2a: Terrakion|Terrakion|100/100
|turn|1
|
|t:|1776085164
|move|p2a: Terrakion|Close Combat|p1a: Toedscruel
|-damage|p1a: Toedscruel|8/100
|-unboost|p2a: Terrakion|def|1
|-unboost|p2a: Terrakion|spd|1
|move|p1a: Toedscruel|Rapid Spin|p2a: Terrakion
|-resisted|p2a: Terrakion
|-damage|p2a: Terrakion|94/100
|-boost|p1a: Toedscruel|spe|1
|
|upkeep
|turn|2
|
|t:|1776085178
|move|p1a: Toedscruel|Giga Drain|p2a: Terrakion
|-supereffective|p2a: Terrakion
|-damage|p2a: Terrakion|3/100
|-heal|p1a: Toedscruel|57/100|[from] drain|[of] p2a: Terrakion
|move|p2a: Terrakion|Close Combat|p1a: Toedscruel
|-damage|p1a: Toedscruel|0 fnt
|-unboost|p2a: Terrakion|def|1
|-unboost|p2a: Terrakion|spd|1
|faint|p1a: Toedscruel
|
|upkeep
|
|t:|1776085197
|switch|p1a: Ceruledge|Ceruledge, M|100/100
|turn|3
|
|t:|1776085211
|move|p1a: Ceruledge|Shadow Sneak|p2a: Terrakion
|-damage|p2a: Terrakion|0 fnt
|faint|p2a: Terrakion
|
|upkeep
|
|t:|1776085217
|switch|p2a: Ogerpon|Ogerpon-Wellspring, F|100/100
|turn|4
|
|t:|1776085226
|move|p2a: Ogerpon|Ivy Cudgel|p1a: Ceruledge|[anim] Ivy Cudgel Water
|-supereffective|p1a: Ceruledge
|-enditem|p1a: Ceruledge|Focus Sash
|-damage|p1a: Ceruledge|1/100
|-ability|p1a: Ceruledge|Weak Armor|boost
|-unboost|p1a: Ceruledge|def|1
|-boost|p1a: Ceruledge|spe|2
|move|p1a: Ceruledge|Bitter Blade|p2a: Ogerpon
|-damage|p2a: Ogerpon|44/100
|-heal|p1a: Ceruledge|30/100|[from] drain|[of] p2a: Ogerpon
|
|upkeep
|turn|5
|
|t:|1776085241
|move|p1a: Ceruledge|Bitter Blade|p2a: Ogerpon
|-damage|p2a: Ogerpon|0 fnt
|-heal|p1a: Ceruledge|53/100|[from] drain|[of] p2a: Ogerpon
|faint|p2a: Ogerpon
|
|upkeep
|
|t:|1776085245
|switch|p2a: Primarina|Primarina, F|100/100
|turn|6
|
|t:|1776085262
|move|p1a: Ceruledge|Destiny Bond|p1a: Ceruledge
|-singlemove|p1a: Ceruledge|Destiny Bond
|move|p2a: Primarina|Surf|p1a: Ceruledge
|-supereffective|p1a: Ceruledge
|-damage|p1a: Ceruledge|0 fnt
|faint|p1a: Ceruledge
|-activate|p1a: Ceruledge|move: Destiny Bond
|faint|p2a: Primarina
|
|upkeep
|
|t:|1776085279
|switch|p1a: Tyranitar|Tyranitar, F|100/100
|switch|p2a: Slowking|Slowking-Galar, M|100/100
|-weather|Sandstorm|[from] ability: Sand Stream|[of] p1a: Tyranitar
|turn|7
|
|t:|1776085305
|move|p1a: Tyranitar|Knock Off|p2a: Slowking
|-supereffective|p2a: Slowking
|-damage|p2a: Slowking|0 fnt
|-enditem|p2a: Slowking|Black Sludge|[from] move: Knock Off|[of] p1a: Tyranitar
|faint|p2a: Slowking
|
|-weather|Sandstorm|[upkeep]
|upkeep
|
|t:|1776085308
|switch|p2a: Kingambit|Kingambit, F|100/100
|-activate|p2a: Kingambit|ability: Supreme Overlord
|-start|p2a: Kingambit|fallen4|[silent]
|turn|8
|
|t:|1776085326
|switch|p1a: Kyurem|Kyurem|100/100
|-ability|p1a: Kyurem|Pressure
|move|p2a: Kingambit|Iron Head|p1a: Kyurem
|-supereffective|p1a: Kyurem
|-damage|p1a: Kyurem|0 fnt
|faint|p1a: Kyurem
|
|-weather|Sandstorm|[upkeep]
|upkeep
|
|t:|1776085335
|switch|p1a: Tyranitar|Tyranitar, F|100/100
|turn|9
|
|t:|1776085342
|move|p1a: Tyranitar|Low Kick|p2a: Kingambit
|-supereffective|p2a: Kingambit
|-damage|p2a: Kingambit|0 fnt
|faint|p2a: Kingambit
|-end|p2a: Kingambit|fallen4|[silent]
|
|-weather|Sandstorm|[upkeep]
|upkeep
|
|t:|1776085345
|switch|p2a: Dragapult|Dragapult, F|100/100
|turn|10
|
|t:|1776085351
|switch|p1a: Pecharunt|Pecharunt|100/100
|-terastallize|p2a: Dragapult|Ghost
|move|p2a: Dragapult|Shadow Ball|p1a: Pecharunt
|-supereffective|p1a: Pecharunt
|-damage|p1a: Pecharunt|0 fnt
|faint|p1a: Pecharunt
|
|-weather|Sandstorm|[upkeep]
|-damage|p2a: Dragapult|95/100|[from] Sandstorm
|upkeep
|
|t:|1776085363
|switch|p1a: Rillaboom|Rillaboom, F|100/100
|-fieldstart|move: Grassy Terrain|[from] ability: Grassy Surge|[of] p1a: Rillaboom
|turn|11
|
|t:|1776085377
|move|p2a: Dragapult|Shadow Ball|p1a: Rillaboom
|-damage|p1a: Rillaboom|10/100
|move|p1a: Rillaboom|Knock Off|p2a: Dragapult
|-supereffective|p2a: Dragapult
|-damage|p2a: Dragapult|0 fnt
|-enditem|p2a: Dragapult|Choice Specs|[from] move: Knock Off|[of] p1a: Rillaboom
|faint|p2a: Dragapult
|-damage|p1a: Rillaboom|0 fnt|[from] item: Life Orb
|faint|p1a: Rillaboom
|
|win|SeasideWandering
|raw|SeasideWandering's rating: 1390 &rarr; <strong>1408</strong><br />(+18 for winning)
|raw|Motussman's rating: 1358 &rarr; <strong>1340</strong><br />(-18 for losing)
|l|☆Motussman
|player|p2|
|l|☆SeasideWandering
|player|p1|
