|html|<div class="broadcast-blue"><strong>[Gen 9] OU is currently suspecting Tera Blast! For information on how to participate check out the <a href="https://www.smogon.com/tools/suspects/view/200">suspect thread</a>.</strong></div>
|j|☆flapjacque
|j|☆FrankGuevara
|t:|1776117855
|gametype|singles
|player|p1|flapjacque|wallace|1314
|player|p2|FrankGuevara|cynthia-gen4|1334
|gen|9
|tier|[Gen 9] OU
|rated|
|rule|HP Percentage Mod: HP is shown in percentages
|rule|Endless Battle Clause: Forcing endless battles is banned
|rule|Species Clause: Limit one of each Pokémon
|rule|OHKO Clause: OHKO moves are banned
|rule|Evasion Items Clause: Evasion items are banned
|rule|Evasion Moves Clause: Evasion moves are banned
|rule|Evasion Abilities Clause: Evasion abilities are banned
|rule|Sleep Moves Clause: Sleep-inducing moves are banned
|clearpoke
|poke|p1|Gengar, F|
|poke|p1|Milotic, F|
|poke|p1|Mandibuzz, F|
|poke|p1|Quagsire, F|
|poke|p1|Iron Valiant|
|poke|p1|Latias, F|
|poke|p2|Garchomp, M|
|poke|p2|Iron Valiant|
|poke|p2|Araquanid, F|
|poke|p2|Pecharunt|
|poke|p2|Corviknight, M|
|poke|p2|Gholdengo|
|teampreview
|inactive|Battle timer is ON: inactive players will automatically lose when time's up. (requested by FrankGuevara)
|
|t:|1776117861
|teamsize|p1|6
|teamsize|p2|6
|start
|switch|p1a: Mandibuzz|Mandibuzz, F|100/100
|switch|p2a: Araquanid|Araquanid, F|100/100
|turn|1
|
|t:|1776117879
|switch|p2a: Corviknight|Corviknight, M|100/100
|move|p1a: Mandibuzz|Foul Play|p2a: Corviknight
|-damage|p2a: Corviknight|79/100
|-damage|p1a: Mandibuzz|84/100|[from] item: Rocky Helmet|[of] p2a: Corviknight
|
|upkeep
|turn|2
|
|t:|1776117889
|switch|p1a: Milotic|Milotic, F|100/100
|move|p2a: Corviknight|Brave Bird|p1a: Milotic
|-damage|p1a: Milotic|64/100
|-damage|p2a: Corviknight|67/100|[from] Recoil
|
|-heal|p1a: Milotic|70/100|[from] item: Leftovers
|upkeep
|turn|3
|
|t:|1776117900
|move|p1a: Milotic|Hydro Pump|p2a: Corviknight
|-damage|p2a: Corviknight|31/100
|move|p2a: Corviknight|Roost|p2a: Corviknight
|-heal|p2a: Corviknight|81/100
|-singleturn|p2a: Corviknight|move: Roost
|
|-heal|p1a: Milotic|76/100|[from] item: Leftovers
|upkeep
|turn|4
|
|t:|1776117912
|switch|p1a: Quagsire|Quagsire, F|100/100
|move|p2a: Corviknight|U-turn|p1a: Quagsire
|-damage|p1a: Quagsire|91/100
|
|t:|1776117918
|switch|p2a: Araquanid|Araquanid, F|100/100|[from] U-turn
|
|-heal|p1a: Quagsire|97/100|[from] item: Leftovers
|upkeep
|turn|5
|
|t:|1776117924
|move|p2a: Araquanid|Sticky Web|p1a: Quagsire
|-sidestart|p1: flapjacque|move: Sticky Web
|move|p1a: Quagsire|Stealth Rock|p2a: Araquanid
|-sidestart|p2: FrankGuevara|move: Stealth Rock
|
|-heal|p1a: Quagsire|100/100|[from] item: Leftovers
|upkeep
|turn|6
|
|t:|1776117932
|move|p2a: Araquanid|Bug Buzz|p1a: Quagsire
|-damage|p1a: Quagsire|65/100
|move|p1a: Quagsire|Toxic|p2a: Araquanid
|-status|p2a: Araquanid|tox
|
|-heal|p1a: Quagsire|71/100|[from] item: Leftovers
|-damage|p2a: Araquanid|94/100 tox|[from] psn
|upkeep
|turn|7
|
|t:|1776117940
|move|p2a: Araquanid|Bug Buzz|p1a: Quagsire
|-damage|p1a: Quagsire|40/100
|move|p1a: Quagsire|Earthquake|p2a: Araquanid
|-resisted|p2a: Araquanid
|-damage|p2a: Araquanid|79/100 tox
|
|-heal|p1a: Quagsire|46/100|[from] item: Leftovers
|-damage|p2a: Araquanid|66/100 tox|[from] psn
|upkeep
|turn|8
|
|t:|1776117949
|move|p2a: Araquanid|Bug Buzz|p1a: Quagsire
|-damage|p1a: Quagsire|15/100
|move|p1a: Quagsire|Recover|p1a: Quagsire
|-heal|p1a: Quagsire|65/100
|
|-heal|p1a: Quagsire|71/100|[from] item: Leftovers
|-damage|p2a: Araquanid|48/100 tox|[from] psn
|upkeep
|turn|9
|
|t:|1776117965
|switch|p2a: Garchomp|Garchomp, M|100/100
|-damage|p2a: Garchomp|94/100|[from] Stealth Rock
|move|p1a: Quagsire|Recover|p1a: Quagsire
|-heal|p1a: Quagsire|100/100
|
|upkeep
|turn|10
|
|t:|1776117972
|move|p2a: Garchomp|Swords Dance|p2a: Garchomp
|-boost|p2a: Garchomp|atk|2
|move|p1a: Quagsire|Toxic|p2a: Garchomp
|-status|p2a: Garchomp|tox
|
|-damage|p2a: Garchomp|88/100 tox|[from] psn
|upkeep
|turn|11
|
|t:|1776117983
|move|p2a: Garchomp|Scale Shot|p1a: Quagsire
|-damage|p1a: Quagsire|90/100
|-damage|p1a: Quagsire|79/100
|-crit|p1a: Quagsire
|-damage|p1a: Quagsire|63/100
|-damage|p1a: Quagsire|54/100
|-damage|p1a: Quagsire|44/100
|-hitcount|p1a: Quagsire|5
|-unboost|p2a: Garchomp|def|1
|-boost|p2a: Garchomp|spe|1
|move|p1a: Quagsire|Earthquake|p2a: Garchomp
|-damage|p2a: Garchomp|56/100 tox
|
|-heal|p1a: Quagsire|50/100|[from] item: Leftovers
|-damage|p2a: Garchomp|43/100 tox|[from] psn
|upkeep
|turn|12
|
|t:|1776117998
|move|p2a: Garchomp|Earthquake|p1a: Quagsire
|-damage|p1a: Quagsire|9/100
|move|p1a: Quagsire|Recover|p1a: Quagsire
|-heal|p1a: Quagsire|59/100
|
|-heal|p1a: Quagsire|65/100|[from] item: Leftovers
|-damage|p2a: Garchomp|25/100 tox|[from] psn
|upkeep
|turn|13
|
|t:|1776118022
|switch|p2a: Pecharunt|Pecharunt|100/100
|move|p1a: Quagsire|Recover|p1a: Quagsire
|-heal|p1a: Quagsire|100/100
|
|upkeep
|turn|14
|
|t:|1776118029
|move|p2a: Pecharunt|Malignant Chain|p1a: Quagsire
|-resisted|p1a: Quagsire
|-damage|p1a: Quagsire|80/100
|-status|p1a: Quagsire|tox
|-start|p1a: Quagsire|confusion|[from] ability: Poison Puppeteer|[of] p2a: Pecharunt
|-activate|p1a: Quagsire|confusion
|move|p1a: Quagsire|Earthquake|p2a: Pecharunt
|-supereffective|p2a: Pecharunt
|-damage|p2a: Pecharunt|72/100
|
|-heal|p1a: Quagsire|86/100 tox|[from] item: Leftovers
|-damage|p1a: Quagsire|80/100 tox|[from] psn
|upkeep
|turn|15
|
|t:|1776118048
|move|p2a: Pecharunt|Hex|p1a: Quagsire
|-damage|p1a: Quagsire|35/100 tox
|-activate|p1a: Quagsire|confusion
|move|p1a: Quagsire|Earthquake|p2a: Pecharunt
|-supereffective|p2a: Pecharunt
|-damage|p2a: Pecharunt|43/100
|
|-heal|p1a: Quagsire|41/100 tox|[from] item: Leftovers
|-damage|p1a: Quagsire|28/100 tox|[from] psn
|upkeep
|turn|16
|
|t:|1776118065
|switch|p1a: Mandibuzz|Mandibuzz, F|84/100
|move|p2a: Pecharunt|Recover|p2a: Pecharunt
|-heal|p2a: Pecharunt|93/100
|
|upkeep
|turn|17
|
|t:|1776118075
|move|p2a: Pecharunt|Malignant Chain|p1a: Mandibuzz
|-damage|p1a: Mandibuzz|58/100
|move|p1a: Mandibuzz|Foul Play|p2a: Pecharunt
|-supereffective|p2a: Pecharunt
|-damage|p2a: Pecharunt|72/100
|
|upkeep
|turn|18
|
|t:|1776118085
|move|p2a: Pecharunt|Malignant Chain|p1a: Mandibuzz
|-damage|p1a: Mandibuzz|33/100
|-status|p1a: Mandibuzz|tox
|-start|p1a: Mandibuzz|confusion|[from] ability: Poison Puppeteer|[of] p2a: Pecharunt
|-activate|p1a: Mandibuzz|confusion
|move|p1a: Mandibuzz|U-turn|p2a: Pecharunt
|-resisted|p2a: Pecharunt
|-damage|p2a: Pecharunt|71/100
|
|t:|1776118095
|switch|p1a: Milotic|Milotic, F|76/100|[from] U-turn
|-activate|p1a: Milotic|move: Sticky Web
|-unboost|p1a: Milotic|spe|1
|-ability|p1a: Milotic|Competitive|boost
|-boost|p1a: Milotic|spa|2
|
|-heal|p1a: Milotic|82/100|[from] item: Leftovers
|upkeep
|turn|19
|
|t:|1776118105
|move|p2a: Pecharunt|Malignant Chain|p1a: Milotic
|-damage|p1a: Milotic|61/100
|-status|p1a: Milotic|tox
|-start|p1a: Milotic|confusion|[from] ability: Poison Puppeteer|[of] p2a: Pecharunt
|-activate|p1a: Milotic|confusion
|-damage|p1a: Milotic|56/100 tox|[from] confusion
|
|-heal|p1a: Milotic|62/100 tox|[from] item: Leftovers
|-damage|p1a: Milotic|56/100 tox|[from] psn
|upkeep
|turn|20
|
|t:|1776118116
|move|p2a: Pecharunt|Parting Shot|p1a: Milotic
|-unboost|p1a: Milotic|atk|1
|-ability|p1a: Milotic|Competitive|boost
|-boost|p1a: Milotic|spa|2
|-unboost|p1a: Milotic|spa|1
|-ability|p1a: Milotic|Competitive|boost
|-boost|p1a: Milotic|spa|2
|
|t:|1776118120
|switch|p2a: Gholdengo|Gholdengo|100/100|[from] Parting Shot
|-damage|p2a: Gholdengo|94/100|[from] Stealth Rock
|-item|p2a: Gholdengo|Air Balloon
|-activate|p1a: Milotic|confusion
|move|p1a: Milotic|Hydro Pump|p2a: Gholdengo
|-damage|p2a: Gholdengo|0 fnt
|-enditem|p2a: Gholdengo|Air Balloon
|faint|p2a: Gholdengo
|
|-heal|p1a: Milotic|62/100 tox|[from] item: Leftovers
|-damage|p1a: Milotic|49/100 tox|[from] psn
|upkeep
|
|t:|1776118131
|switch|p2a: Iron Valiant|Iron Valiant|100/100
|-damage|p2a: Iron Valiant|94/100|[from] Stealth Rock
|-enditem|p2a: Iron Valiant|Booster Energy
|-activate|p2a: Iron Valiant|ability: Quark Drive|[fromitem]
|-start|p2a: Iron Valiant|quarkdrivespe
|turn|21
|
|t:|1776118143
|-terastallize|p2a: Iron Valiant|Fairy
|move|p2a: Iron Valiant|Moonblast|p1a: Milotic
|-damage|p1a: Milotic|3/100 tox
|-unboost|p1a: Milotic|spa|1
|-ability|p1a: Milotic|Competitive|boost
|-boost|p1a: Milotic|spa|2
|-activate|p1a: Milotic|confusion
|move|p1a: Milotic|Hydro Pump|p2a: Iron Valiant
|-damage|p2a: Iron Valiant|0 fnt
|faint|p2a: Iron Valiant
|-end|p2a: Iron Valiant|Quark Drive|[silent]
|
|-heal|p1a: Milotic|9/100 tox|[from] item: Leftovers
|-damage|p1a: Milotic|0 fnt|[from] psn
|faint|p1a: Milotic
|upkeep
|
|t:|1776118172
|switch|p2a: Pecharunt|Pecharunt|71/100
|switch|p1a: Gengar|Gengar, F|100/100
|-activate|p1a: Gengar|move: Sticky Web
|-unboost|p1a: Gengar|spe|1
|turn|22
|
|t:|1776118181
|move|p1a: Gengar|Thunder Wave|p2a: Pecharunt
|-status|p2a: Pecharunt|par
|move|p2a: Pecharunt|Hex|p1a: Gengar
|-supereffective|p1a: Gengar
|-damage|p1a: Gengar|29/100
|
|upkeep
|turn|23
|
|t:|1776118190
|move|p1a: Gengar|Hex|p2a: Pecharunt
|-supereffective|p2a: Pecharunt
|-damage|p2a: Pecharunt|0 fnt
|faint|p2a: Pecharunt
|
|upkeep
|
|t:|1776118196
|switch|p2a: Araquanid|Araquanid, F|48/100 tox
|-damage|p2a: Araquanid|23/100 tox|[from] Stealth Rock
|turn|24
|
|t:|1776118203
|move|p1a: Gengar|Sludge Wave|p2a: Araquanid
|-crit|p2a: Araquanid
|-damage|p2a: Araquanid|0 fnt
|faint|p2a: Araquanid
|
|upkeep
|
|t:|1776118210
|switch|p2a: Garchomp|Garchomp, M|25/100 tox
|-damage|p2a: Garchomp|19/100 tox|[from] Stealth Rock
|turn|25
|
|t:|1776118221
|move|p2a: Garchomp|Scale Shot|p1a: Gengar
|-damage|p1a: Gengar|0 fnt
|faint|p1a: Gengar
|-hitcount|p1: Gengar|1
|-unboost|p2a: Garchomp|def|1
|-boost|p2a: Garchomp|spe|1
|
|-damage|p2a: Garchomp|13/100 tox|[from] psn
|upkeep
|
|t:|1776118230
|switch|p1a: Quagsire|Quagsire, F|28/100 tox
|-activate|p1a: Quagsire|move: Sticky Web
|-unboost|p1a: Quagsire|spe|1
|turn|26
|
|t:|1776118235
|move|p2a: Garchomp|Earthquake|p1a: Quagsire
|-damage|p1a: Quagsire|0 fnt
|faint|p1a: Quagsire
|
|-damage|p2a: Garchomp|0 fnt|[from] psn
|faint|p2a: Garchomp
|upkeep
|
|t:|1776118242
|switch|p2a: Corviknight|Corviknight, M|81/100
|switch|p1a: Mandibuzz|Mandibuzz, F|33/100 tox
|-damage|p2a: Corviknight|69/100|[from] Stealth Rock
|turn|27
|
|t:|1776118251
|move|p1a: Mandibuzz|Defog|p2a: Corviknight
|-ability|p2a: Corviknight|Mirror Armor
|-unboost|p1a: Mandibuzz|evasion|1
|-sideend|p2: FrankGuevara|Stealth Rock|[from] move: Defog|[of] p1a: Mandibuzz
|-sideend|p1: flapjacque|Sticky Web|[from] move: Defog|[of] p1a: Mandibuzz
|move|p2a: Corviknight|Roost|p2a: Corviknight
|-heal|p2a: Corviknight|100/100
|-singleturn|p2a: Corviknight|move: Roost
|
|-damage|p1a: Mandibuzz|27/100 tox|[from] psn
|upkeep
|turn|28
|
|t:|1776118273
|move|p1a: Mandibuzz|Foul Play|p2a: Corviknight
|-damage|p2a: Corviknight|78/100
|-damage|p1a: Mandibuzz|10/100 tox|[from] item: Rocky Helmet|[of] p2a: Corviknight
|move|p2a: Corviknight|U-turn|p1a: Mandibuzz
|-damage|p1a: Mandibuzz|1/100 tox
|
|-damage|p1a: Mandibuzz|0 fnt|[from] psn
|faint|p1a: Mandibuzz
|upkeep
|
|t:|1776118284
|switch|p1a: Latias|Latias, F|100/100
|turn|29
|
|t:|1776118292
|move|p1a: Latias|Calm Mind|p1a: Latias
|-boost|p1a: Latias|spa|1
|-boost|p1a: Latias|spd|1
|move|p2a: Corviknight|Roost|p2a: Corviknight
|-heal|p2a: Corviknight|100/100
|-singleturn|p2a: Corviknight|move: Roost
|
|upkeep
|turn|30
|
|t:|1776118299
|move|p1a: Latias|Calm Mind|p1a: Latias
|-boost|p1a: Latias|spa|1
|-boost|p1a: Latias|spd|1
|move|p2a: Corviknight|U-turn|p1a: Latias
|-supereffective|p1a: Latias
|-damage|p1a: Latias|80/100
|-enditem|p1a: Latias|Weakness Policy
|-boost|p1a: Latias|atk|2|[from] item: Weakness Policy
|-boost|p1a: Latias|spa|2|[from] item: Weakness Policy
|
|upkeep
|turn|31
|
|t:|1776118306
|move|p1a: Latias|Calm Mind|p1a: Latias
|-boost|p1a: Latias|spa|1
|-boost|p1a: Latias|spd|1
|move|p2a: Corviknight|Brave Bird|p1a: Latias
|-damage|p1a: Latias|55/100
|-damage|p2a: Corviknight|93/100|[from] Recoil
|
|upkeep
|turn|32
|
|t:|1776118313
|move|p1a: Latias|Stored Power|p2a: Corviknight
|-resisted|p2a: Corviknight
|-damage|p2a: Corviknight|1/100
|move|p2a: Corviknight|Brave Bird|p1a: Latias
|-damage|p1a: Latias|28/100
|-damage|p2a: Corviknight|0 fnt|[from] Recoil
|faint|p2a: Corviknight
|
|win|flapjacque
|raw|flapjacque's rating: 1314 &rarr; <strong>1335</strong><br />(+21 for winning)
|raw|FrankGuevara's rating: 1334 &rarr; <strong>1313</strong><br />(-21 for losing)
|c|☆flapjacque|gg
|l|☆FrankGuevara
|player|p2|
|l|☆flapjacque
|player|p1|
