|html|<div class="broadcast-blue"><strong>[Gen 9] OU is currently suspecting Tera Blast! For information on how to participate check out the <a href="https://www.smogon.com/tools/suspects/view/200">suspect thread</a>.</strong></div>
|j|☆brogre35
|j|‽balle oder nicht
|t:|1776098089
|gametype|singles
|player|p1|brogre35|swimmer-gen4dp|1626
|player|p2|balle oder nicht|101|1672
|gen|9
|tier|[Gen 9] OU
|rated|
|rule|HP Percentage Mod: HP is shown in percentages
|rule|Endless Battle Clause: Forcing endless battles is banned
|rule|Species Clause: Limit one of each Pokémon
|rule|OHKO Clause: OHKO moves are banned
|rule|Evasion Items Clause: Evasion items are banned
|rule|Evasion Moves Clause: Evasion moves are banned
|rule|Evasion Abilities Clause: Evasion abilities are banned
|rule|Sleep Moves Clause: Sleep-inducing moves are banned
|clearpoke
|poke|p1|Ninetales-Alola, F|
|poke|p1|Kyurem|
|poke|p1|Ursaluna, F|
|poke|p1|Farigiraf, M|
|poke|p1|Hatterene, F|
|poke|p1|Cresselia, F|
|poke|p2|Rillaboom, F|
|poke|p2|Serperior, M|
|poke|p2|Heatran, F|
|poke|p2|Gholdengo|
|poke|p2|Zamazenta-*|
|poke|p2|Great Tusk|
|teampreview
|inactive|Battle timer is ON: inactive players will automatically lose when time's up. (requested by brogre35)
|
|t:|1776098108
|teamsize|p1|6
|teamsize|p2|6
|start
|switch|p1a: El Scorcho|Ursaluna, F|100/100
|switch|p2a: Serperior|Serperior, M|100/100
|turn|1
|
|t:|1776098127
|move|p1a: El Scorcho|Protect|p1a: El Scorcho
|-singleturn|p1a: El Scorcho|Protect
|move|p2a: Serperior|Leaf Storm|p1a: El Scorcho
|-activate|p1a: El Scorcho|move: Protect
|
|-status|p1a: El Scorcho|brn|[from] item: Flame Orb
|upkeep
|turn|2
|
|t:|1776098132
|-terastallize|p1a: El Scorcho|Normal
|move|p2a: Serperior|Leaf Storm|p1a: El Scorcho
|-damage|p1a: El Scorcho|52/100 brn
|-boost|p2a: Serperior|spa|2
|move|p1a: El Scorcho|Facade|p2a: Serperior
|-damage|p2a: Serperior|0 fnt
|faint|p2a: Serperior
|
|-damage|p1a: El Scorcho|46/100 brn|[from] brn
|upkeep
|
|t:|1776098146
|switch|p2a: Zamazenta|Zamazenta|100/100
|-ability|p2a: Zamazenta|Dauntless Shield|boost
|-boost|p2a: Zamazenta|def|1
|turn|3
|
|t:|1776098153
|switch|p1a: Butterfly|Cresselia, F|100/100
|move|p2a: Zamazenta|Close Combat|p1a: Butterfly
|-resisted|p1a: Butterfly
|-damage|p1a: Butterfly|77/100
|-unboost|p2a: Zamazenta|def|1
|-unboost|p2a: Zamazenta|spd|1
|-damage|p2a: Zamazenta|91/100|[from] item: Life Orb
|
|upkeep
|turn|4
|
|t:|1776098162
|move|p2a: Zamazenta|Crunch|p1a: Butterfly
|-supereffective|p1a: Butterfly
|-damage|p1a: Butterfly|38/100
|-damage|p2a: Zamazenta|81/100|[from] item: Life Orb
|move|p1a: Butterfly|Trick Room|p1a: Butterfly
|-fieldstart|move: Trick Room|[of] p1a: Butterfly
|
|upkeep
|turn|5
|
|t:|1776098171
|move|p1a: Butterfly|Moonblast|p2a: Zamazenta
|-supereffective|p2a: Zamazenta
|-damage|p2a: Zamazenta|35/100
|-unboost|p2a: Zamazenta|spa|1
|move|p2a: Zamazenta|Crunch|p1a: Butterfly
|-supereffective|p1a: Butterfly
|-damage|p1a: Butterfly|0 fnt
|faint|p1a: Butterfly
|-damage|p2a: Zamazenta|25/100|[from] item: Life Orb
|
|upkeep
|
|t:|1776098181
|switch|p1a: El Scorcho|Ursaluna, F, tera:Normal|46/100 brn
|turn|6
|
|t:|1776098184
|switch|p2a: Rillaboom|Rillaboom, F|100/100
|-fieldstart|move: Grassy Terrain|[from] ability: Grassy Surge|[of] p2a: Rillaboom
|move|p1a: El Scorcho|Fire Punch|p2a: Rillaboom
|-supereffective|p2a: Rillaboom
|-damage|p2a: Rillaboom|0 fnt
|faint|p2a: Rillaboom
|
|-heal|p1a: El Scorcho|52/100 brn|[from] Grassy Terrain
|-damage|p1a: El Scorcho|46/100 brn|[from] brn
|upkeep
|
|t:|1776098187
|switch|p2a: Gholdengo|Gholdengo|100/100
|-enditem|p2a: Gholdengo|Grassy Seed
|-boost|p2a: Gholdengo|def|1|[from] item: Grassy Seed
|turn|7
|
|t:|1776098200
|-terastallize|p2a: Gholdengo|Water
|move|p1a: El Scorcho|Facade|p2a: Gholdengo
|-damage|p2a: Gholdengo|0 fnt
|faint|p2a: Gholdengo
|
|-heal|p1a: El Scorcho|52/100 brn|[from] Grassy Terrain
|-damage|p1a: El Scorcho|46/100 brn|[from] brn
|upkeep
|
|t:|1776098206
|switch|p2a: Great Tusk|Great Tusk|100/100
|-enditem|p2a: Great Tusk|Booster Energy
|-activate|p2a: Great Tusk|ability: Protosynthesis|[fromitem]
|-start|p2a: Great Tusk|protosynthesisspe
|turn|8
|
|t:|1776098210
|move|p1a: El Scorcho|Facade|p2a: Great Tusk
|-damage|p2a: Great Tusk|2/100
|move|p2a: Great Tusk|Bulk Up|p2a: Great Tusk
|-boost|p2a: Great Tusk|atk|1
|-boost|p2a: Great Tusk|def|1
|
|-heal|p1a: El Scorcho|52/100 brn|[from] Grassy Terrain
|-heal|p2a: Great Tusk|8/100|[from] Grassy Terrain
|-damage|p1a: El Scorcho|46/100 brn|[from] brn
|-fieldend|move: Trick Room
|upkeep
|turn|9
|
|t:|1776098216
|switch|p1a: Pink Triangle|Hatterene, F|100/100
|move|p2a: Great Tusk|Headlong Rush|p1a: Pink Triangle
|-damage|p1a: Pink Triangle|9/100
|-unboost|p2a: Great Tusk|def|1
|-unboost|p2a: Great Tusk|spd|1
|
|-heal|p2a: Great Tusk|14/100|[from] Grassy Terrain
|-heal|p1a: Pink Triangle|15/100|[from] Grassy Terrain
|upkeep
|turn|10
|
|t:|1776098226
|move|p2a: Great Tusk|Rapid Spin|p1a: Pink Triangle
|-damage|p1a: Pink Triangle|0 fnt
|-boost|p2a: Great Tusk|spe|1
|faint|p1a: Pink Triangle
|
|-heal|p2a: Great Tusk|20/100|[from] Grassy Terrain
|-fieldend|move: Grassy Terrain
|upkeep
|
|t:|1776098230
|switch|p1a: Across The Sea|Farigiraf, M|100/100
|turn|11
|
|t:|1776098232
|move|p2a: Great Tusk|Headlong Rush|p1a: Across The Sea
|-damage|p1a: Across The Sea|19/100
|-unboost|p2a: Great Tusk|def|1
|-unboost|p2a: Great Tusk|spd|1
|move|p1a: Across The Sea|Trick Room|p1a: Across The Sea
|-fieldstart|move: Trick Room|[of] p1a: Across The Sea
|
|-heal|p1a: Across The Sea|25/100|[from] item: Leftovers
|upkeep
|turn|12
|
|t:|1776098236
|-end|p2a: Great Tusk|Protosynthesis|[silent]
|switch|p2a: Heatran|Heatran, F|100/100
|-item|p2a: Heatran|Air Balloon
|move|p1a: Across The Sea|Shadow Ball|p2a: Heatran
|-damage|p2a: Heatran|83/100
|-enditem|p2a: Heatran|Air Balloon
|
|-heal|p1a: Across The Sea|31/100|[from] item: Leftovers
|upkeep
|turn|13
|
|t:|1776098243
|move|p1a: Across The Sea|Shadow Ball|p2a: Heatran
|-damage|p2a: Heatran|66/100
|move|p2a: Heatran|Stealth Rock|p1a: Across The Sea
|-sidestart|p1: brogre35|move: Stealth Rock
|
|-heal|p1a: Across The Sea|37/100|[from] item: Leftovers
|upkeep
|turn|14
|
|t:|1776098249
|move|p1a: Across The Sea|Nasty Plot|p1a: Across The Sea
|-boost|p1a: Across The Sea|spa|2
|move|p2a: Heatran|Taunt|p1a: Across The Sea
|-start|p1a: Across The Sea|move: Taunt
|
|-heal|p1a: Across The Sea|44/100|[from] item: Leftovers
|upkeep
|turn|15
|
|t:|1776098252
|move|p1a: Across The Sea|Shadow Ball|p2a: Heatran
|-damage|p2a: Heatran|33/100
|move|p2a: Heatran|Magma Storm|p1a: Across The Sea
|-damage|p1a: Across The Sea|2/100
|-activate|p1a: Across The Sea|move: Magma Storm|[of] p2a: Heatran
|
|-heal|p1a: Across The Sea|8/100|[from] item: Leftovers
|-damage|p1a: Across The Sea|0 fnt|[from] move: Magma Storm|[partiallytrapped]
|faint|p1a: Across The Sea
|-fieldend|move: Trick Room
|upkeep
|
|t:|1776098255
|switch|p1a: The Good Life|Ninetales-Alola, F|100/100
|-damage|p1a: The Good Life|76/100|[from] Stealth Rock
|-weather|Snowscape|[from] ability: Snow Warning|[of] p1a: The Good Life
|turn|16
|
|t:|1776098263
|move|p1a: The Good Life|Aurora Veil|p1a: The Good Life
|-sidestart|p1: brogre35|move: Aurora Veil
|move|p2a: Heatran|Heavy Slam|p1a: The Good Life
|-supereffective|p1a: The Good Life
|-damage|p1a: The Good Life|14/100
|
|-weather|Snowscape|[upkeep]
|upkeep
|turn|17
|
|t:|1776098270
|move|p1a: The Good Life|Freeze-Dry|p2a: Heatran
|-resisted|p2a: Heatran
|-damage|p2a: Heatran|30/100
|move|p2a: Heatran|Taunt|p1a: The Good Life
|-start|p1a: The Good Life|move: Taunt
|
|-weather|Snowscape|[upkeep]
|upkeep
|turn|18
|
|t:|1776098273
|move|p1a: The Good Life|Freeze-Dry|p2a: Heatran
|-resisted|p2a: Heatran
|-damage|p2a: Heatran|26/100
|move|p2a: Heatran|Taunt||[still]
|-fail|p2a: Heatran
|
|-weather|Snowscape|[upkeep]
|upkeep
|turn|19
|
|t:|1776098279
|move|p1a: The Good Life|Freeze-Dry|p2a: Heatran
|-resisted|p2a: Heatran
|-damage|p2a: Heatran|23/100
|move|p2a: Heatran|Taunt||[still]
|-fail|p2a: Heatran
|
|-weather|Snowscape|[upkeep]
|upkeep
|turn|20
|
|t:|1776098287
|move|p1a: The Good Life|Freeze-Dry|p2a: Heatran
|-resisted|p2a: Heatran
|-damage|p2a: Heatran|20/100
|move|p2a: Heatran|Magma Storm|p1a: The Good Life|[miss]
|-miss|p2a: Heatran|p1a: The Good Life
|
|-weather|none
|-end|p1a: The Good Life|move: Taunt
|upkeep
|turn|21
|
|t:|1776098297
|move|p1a: The Good Life|Encore|p2a: Heatran
|-start|p2a: Heatran|Encore
|move|p2a: Heatran|Magma Storm|p1a: The Good Life|[miss]
|-miss|p2a: Heatran|p1a: The Good Life
|
|upkeep
|turn|22
|
|t:|1776098300
|move|p1a: The Good Life|Freeze-Dry|p2a: Heatran
|-resisted|p2a: Heatran
|-damage|p2a: Heatran|17/100
|move|p2a: Heatran|Magma Storm|p1a: The Good Life
|-supereffective|p1a: The Good Life
|-damage|p1a: The Good Life|0 fnt
|faint|p1a: The Good Life
|
|upkeep
|
|t:|1776098302
|switch|p1a: Getchoo|Kyurem|100/100
|-damage|p1a: Getchoo|76/100|[from] Stealth Rock
|-ability|p1a: Getchoo|Pressure
|turn|23
|
|t:|1776098306
|move|p1a: Getchoo|Dragon Dance|p1a: Getchoo
|-boost|p1a: Getchoo|atk|1
|-boost|p1a: Getchoo|spe|1
|move|p2a: Heatran|Magma Storm|p1a: Getchoo
|-damage|p1a: Getchoo|55/100
|-activate|p1a: Getchoo|move: Magma Storm|[of] p2a: Heatran
|
|-damage|p1a: Getchoo|43/100|[from] move: Magma Storm|[partiallytrapped]
|-end|p2a: Heatran|Encore
|-sideend|p1: brogre35|move: Aurora Veil
|upkeep
|turn|24
|
|t:|1776098309
|move|p1a: Getchoo|Icicle Spear|p2a: Heatran
|-resisted|p2a: Heatran
|-damage|p2a: Heatran|12/100
|-resisted|p2a: Heatran
|-damage|p2a: Heatran|8/100
|-resisted|p2a: Heatran
|-damage|p2a: Heatran|3/100
|-resisted|p2a: Heatran
|-damage|p2a: Heatran|0 fnt
|faint|p2a: Heatran
|-hitcount|p2: Heatran|4
|
|-end|p1a: Getchoo|Magma Storm|[partiallytrapped]|[silent]
|upkeep
|
|t:|1776098311
|switch|p2a: Zamazenta|Zamazenta|25/100
|turn|25
|
|t:|1776098316
|move|p1a: Getchoo|Icicle Spear|p2a: Zamazenta
|-damage|p2a: Zamazenta|6/100
|-damage|p2a: Zamazenta|0 fnt
|faint|p2a: Zamazenta
|-hitcount|p2: Zamazenta|2
|
|upkeep
|-message|balle oder nicht forfeited.
|
|win|brogre35
|raw|brogre35's rating: 1626 &rarr; <strong>1649</strong><br />(+23 for winning)
|raw|balle oder nicht's rating: 1672 &rarr; <strong>1649</strong><br />(-23 for losing)
|l|‽balle oder nicht
|player|p2|
|l|☆brogre35
|player|p1|
