|html|<div class="broadcast-blue"><strong>[Gen 9] OU is currently suspecting Tera Blast! For information on how to participate check out the <a href="https://www.smogon.com/tools/suspects/view/200">suspect thread</a>.</strong></div>
|j|☆JorjikaLadoist
|j|☆GamosDT
|t:|1776237953
|gametype|singles
|player|p1|JorjikaLadoist|2|1000
|player|p2|GamosDT|1|1000
|gen|9
|tier|[Gen 9] OU
|rated|
|rule|HP Percentage Mod: HP is shown in percentages
|rule|Endless Battle Clause: Forcing endless battles is banned
|rule|Species Clause: Limit one of each Pokémon
|rule|OHKO Clause: OHKO moves are banned
|rule|Evasion Items Clause: Evasion items are banned
|rule|Evasion Moves Clause: Evasion moves are banned
|rule|Evasion Abilities Clause: Evasion abilities are banned
|rule|Sleep Moves Clause: Sleep-inducing moves are banned
|clearpoke
|poke|p1|Great Tusk|
|poke|p1|Walking Wake|
|poke|p1|Kingambit, M|
|poke|p1|Venusaur, F|
|poke|p1|Ninetales, M|
|poke|p1|Raging Bolt|
|poke|p2|Clefable, F|
|poke|p2|Ogerpon-Wellspring, F|
|poke|p2|Rillaboom, F|
|poke|p2|Alomomola, F|
|poke|p2|Kingambit, F|
|poke|p2|Gholdengo|
|teampreview
|
|t:|1776237964
|teamsize|p1|6
|teamsize|p2|6
|start
|switch|p1a: Venusaur|Venusaur, F|100/100
|switch|p2a: Alomomola|Alomomola, F|100/100
|turn|1
|
|t:|1776237979
|move|p1a: Venusaur|Giga Drain|p2a: Alomomola
|-supereffective|p2a: Alomomola
|-damage|p2a: Alomomola|28/100
|-damage|p1a: Venusaur|91/100|[from] item: Life Orb
|move|p2a: Alomomola|Wish|p2a: Alomomola
|
|-heal|p2a: Alomomola|35/100|[from] item: Leftovers
|upkeep
|turn|2
|
|t:|1776237991
|switch|p2a: Clefable|Clefable, F, shiny|100/100
|move|p1a: Venusaur|Giga Drain|p2a: Clefable
|-damage|p2a: Clefable|74/100
|-heal|p1a: Venusaur|100/100|[from] drain|[of] p2a: Clefable
|-damage|p1a: Venusaur|91/100|[from] item: Life Orb
|
|-heal|p2a: Clefable|100/100|[from] move: Wish|[wisher] Alomomola
|upkeep
|turn|3
|
|t:|1776238004
|move|p1a: Venusaur|Sludge Bomb|p2a: Clefable
|-supereffective|p2a: Clefable
|-damage|p2a: Clefable|39/100
|-damage|p1a: Venusaur|81/100|[from] item: Life Orb
|move|p2a: Clefable|Ice Beam|p1a: Venusaur
|-supereffective|p1a: Venusaur
|-damage|p1a: Venusaur|26/100
|
|upkeep
|turn|4
|
|t:|1776238018
|switch|p1a: Ninetales|Ninetales, M|100/100
|-weather|SunnyDay|[from] ability: Drought|[of] p1a: Ninetales
|switch|p2a: Gholdengo|Gholdengo|100/100
|
|-weather|SunnyDay|[upkeep]
|upkeep
|turn|5
|
|t:|1776238030
|switch|p2a: Alomomola|Alomomola, F|68/100
|move|p1a: Ninetales|Weather Ball|p2a: Alomomola
|-resisted|p2a: Alomomola
|-damage|p2a: Alomomola|48/100
|
|-weather|SunnyDay|[upkeep]
|-heal|p2a: Alomomola|54/100|[from] item: Leftovers
|upkeep
|turn|6
|
|t:|1776238078
|switch|p1a: Walking Wake|Walking Wake|100/100
|-activate|p1a: Walking Wake|ability: Protosynthesis
|-start|p1a: Walking Wake|protosynthesisspe
|move|p2a: Alomomola|Wish|p2a: Alomomola
|
|-weather|SunnyDay|[upkeep]
|-heal|p2a: Alomomola|60/100|[from] item: Leftovers
|upkeep
|turn|7
|
|t:|1776238093
|switch|p2a: Clefable|Clefable, F, shiny|39/100
|move|p1a: Walking Wake|Draco Meteor|p2a: Clefable
|-immune|p2a: Clefable
|
|-weather|SunnyDay|[upkeep]
|-heal|p2a: Clefable|100/100|[from] move: Wish|[wisher] Alomomola
|upkeep
|turn|8
|
|t:|1776238111
|move|p1a: Walking Wake|Flip Turn|p2a: Clefable
|-damage|p2a: Clefable|93/100
|
|t:|1776238121
|-end|p1a: Walking Wake|Protosynthesis|[silent]
|switch|p1a: Ninetales|Ninetales, M|100/100|[from] Flip Turn
|move|p2a: Clefable|Thunderbolt|p1a: Ninetales
|-damage|p1a: Ninetales|75/100
|
|-weather|SunnyDay|[upkeep]
|upkeep
|turn|9
|
|t:|1776238148
|move|p1a: Ninetales|Encore|p2a: Clefable
|-start|p2a: Clefable|Encore
|move|p2a: Clefable|Thunderbolt|p1a: Ninetales
|-damage|p1a: Ninetales|53/100
|
|-weather|SunnyDay|[upkeep]
|upkeep
|turn|10
|
|t:|1776238156
|switch|p1a: Raging Bolt|Raging Bolt|100/100
|-item|p1a: Raging Bolt|Air Balloon
|-activate|p1a: Raging Bolt|ability: Protosynthesis
|-start|p1a: Raging Bolt|protosynthesisspa
|move|p2a: Clefable|Thunderbolt|p1a: Raging Bolt
|-resisted|p1a: Raging Bolt
|-damage|p1a: Raging Bolt|94/100
|-enditem|p1a: Raging Bolt|Air Balloon
|
|-weather|SunnyDay|[upkeep]
|upkeep
|turn|11
|
|t:|1776238174
|switch|p2a: Rillaboom|Rillaboom, F, shiny|100/100
|-fieldstart|move: Grassy Terrain|[from] ability: Grassy Surge|[of] p2a: Rillaboom
|-enditem|p2a: Rillaboom|Grassy Seed
|-boost|p2a: Rillaboom|def|1|[from] item: Grassy Seed
|move|p1a: Raging Bolt|Calm Mind|p1a: Raging Bolt
|-boost|p1a: Raging Bolt|spa|1
|-boost|p1a: Raging Bolt|spd|1
|
|-weather|none
|-end|p1a: Raging Bolt|Protosynthesis
|-heal|p1a: Raging Bolt|100/100|[from] Grassy Terrain
|upkeep
|turn|12
|
|t:|1776238190
|move|p2a: Rillaboom|Fake Out|p1a: Raging Bolt
|-damage|p1a: Raging Bolt|85/100
|cant|p1a: Raging Bolt|flinch
|
|-heal|p1a: Raging Bolt|91/100|[from] Grassy Terrain
|upkeep
|turn|13
|
|t:|1776238201
|move|p1a: Raging Bolt|Dragon Pulse|p2a: Rillaboom
|-damage|p2a: Rillaboom|14/100
|move|p2a: Rillaboom|Earthquake|p1a: Raging Bolt
|-supereffective|p1a: Raging Bolt
|-damage|p1a: Raging Bolt|58/100
|
|-heal|p1a: Raging Bolt|64/100|[from] Grassy Terrain
|-heal|p2a: Rillaboom|20/100|[from] Grassy Terrain
|upkeep
|turn|14
|
|t:|1776238214
|move|p2a: Rillaboom|Protect|p2a: Rillaboom
|-singleturn|p2a: Rillaboom|Protect
|move|p1a: Raging Bolt|Dragon Pulse|p2a: Rillaboom
|-activate|p2a: Rillaboom|move: Protect
|
|-heal|p1a: Raging Bolt|70/100|[from] Grassy Terrain
|-heal|p2a: Rillaboom|26/100|[from] Grassy Terrain
|upkeep
|turn|15
|
|t:|1776238225
|-end|p1a: Raging Bolt|Protosynthesis|[silent]
|switch|p1a: Ninetales|Ninetales, M|53/100
|-weather|SunnyDay|[from] ability: Drought|[of] p1a: Ninetales
|switch|p2a: Clefable|Clefable, F, shiny|93/100
|
|-weather|SunnyDay|[upkeep]
|-heal|p1a: Ninetales|59/100|[from] Grassy Terrain
|-heal|p2a: Clefable|99/100|[from] Grassy Terrain
|-fieldend|move: Grassy Terrain
|upkeep
|turn|16
|
|t:|1776238246
|move|p1a: Ninetales|Will-O-Wisp|p2a: Clefable
|-status|p2a: Clefable|brn
|move|p2a: Clefable|Ice Beam|p1a: Ninetales
|-resisted|p1a: Ninetales
|-damage|p1a: Ninetales|46/100
|
|-weather|SunnyDay|[upkeep]
|-damage|p2a: Clefable|93/100 brn|[from] brn
|upkeep
|turn|17
|
|t:|1776238258
|move|p1a: Ninetales|Encore|p2a: Clefable
|-start|p2a: Clefable|Encore
|move|p2a: Clefable|Ice Beam|p1a: Ninetales
|-resisted|p1a: Ninetales
|-damage|p1a: Ninetales|35/100
|
|-weather|SunnyDay|[upkeep]
|-damage|p2a: Clefable|87/100 brn|[from] brn
|upkeep
|turn|18
|
|t:|1776238273
|switch|p1a: Kingambit|Kingambit, M|100/100
|-item|p1a: Kingambit|Air Balloon
|move|p2a: Clefable|Ice Beam|p1a: Kingambit
|-resisted|p1a: Kingambit
|-damage|p1a: Kingambit|87/100
|-enditem|p1a: Kingambit|Air Balloon
|
|-weather|SunnyDay|[upkeep]
|-damage|p2a: Clefable|81/100 brn|[from] brn
|upkeep
|turn|19
|
|t:|1776238289
|switch|p2a: Rillaboom|Rillaboom, F, shiny|26/100
|-fieldstart|move: Grassy Terrain|[from] ability: Grassy Surge|[of] p2a: Rillaboom
|move|p1a: Kingambit|Swords Dance|p1a: Kingambit
|-boost|p1a: Kingambit|atk|2
|
|-weather|SunnyDay|[upkeep]
|-heal|p2a: Rillaboom|33/100|[from] Grassy Terrain
|-heal|p1a: Kingambit|93/100|[from] Grassy Terrain
|upkeep
|turn|20
|
|t:|1776238302
|move|p2a: Rillaboom|Fake Out|p1a: Kingambit
|-resisted|p1a: Kingambit
|-damage|p1a: Kingambit|87/100
|cant|p1a: Kingambit|flinch
|
|-weather|SunnyDay|[upkeep]
|-heal|p2a: Rillaboom|39/100|[from] Grassy Terrain
|-heal|p1a: Kingambit|93/100|[from] Grassy Terrain
|upkeep
|turn|21
|
|t:|1776238311
|move|p2a: Rillaboom|Protect|p2a: Rillaboom
|-singleturn|p2a: Rillaboom|Protect
|move|p1a: Kingambit|Iron Head|p2a: Rillaboom
|-activate|p2a: Rillaboom|move: Protect
|
|-weather|SunnyDay|[upkeep]
|-heal|p2a: Rillaboom|45/100|[from] Grassy Terrain
|-heal|p1a: Kingambit|99/100|[from] Grassy Terrain
|upkeep
|turn|22
|
|t:|1776238323
|move|p2a: Rillaboom|Earthquake|p1a: Kingambit
|-supereffective|p1a: Kingambit
|-damage|p1a: Kingambit|70/100
|move|p1a: Kingambit|Kowtow Cleave|p2a: Rillaboom
|-damage|p2a: Rillaboom|0 fnt
|faint|p2a: Rillaboom
|
|-weather|none
|-heal|p1a: Kingambit|76/100|[from] Grassy Terrain
|upkeep
|
|t:|1776238334
|switch|p2a: Clefable|Clefable, F, shiny|81/100 brn
|turn|23
|
|t:|1776238349
|-terastallize|p1a: Kingambit|Ghost
|move|p1a: Kingambit|Iron Head|p2a: Clefable
|-supereffective|p2a: Clefable
|-damage|p2a: Clefable|0 fnt
|faint|p2a: Clefable
|
|-heal|p1a: Kingambit|82/100|[from] Grassy Terrain
|-fieldend|move: Grassy Terrain
|upkeep
|
|t:|1776238359
|switch|p2a: Gholdengo|Gholdengo|100/100
|turn|24
|
|t:|1776238367
|move|p2a: Gholdengo|Nasty Plot|p2a: Gholdengo
|-boost|p2a: Gholdengo|spa|2
|move|p1a: Kingambit|Kowtow Cleave|p2a: Gholdengo
|-supereffective|p2a: Gholdengo
|-damage|p2a: Gholdengo|0 fnt
|faint|p2a: Gholdengo
|
|upkeep
|
|t:|1776238377
|switch|p2a: Alomomola|Alomomola, F|93/100
|turn|25
|
|t:|1776238389
|move|p2a: Alomomola|Scald|p1a: Kingambit
|-damage|p1a: Kingambit|69/100
|move|p1a: Kingambit|Kowtow Cleave|p2a: Alomomola
|-damage|p2a: Alomomola|32/100
|
|-heal|p2a: Alomomola|38/100|[from] item: Leftovers
|upkeep
|turn|26
|
|t:|1776238397
|move|p2a: Alomomola|Scald|p1a: Kingambit
|-damage|p1a: Kingambit|57/100
|move|p1a: Kingambit|Swords Dance|p1a: Kingambit
|-boost|p1a: Kingambit|atk|2
|
|-heal|p2a: Alomomola|44/100|[from] item: Leftovers
|upkeep
|turn|27
|
|t:|1776238406
|move|p1a: Kingambit|Sucker Punch|p2a: Alomomola
|-damage|p2a: Alomomola|0 fnt
|faint|p2a: Alomomola
|
|upkeep
|
|t:|1776238413
|switch|p2a: Ogerpon|Ogerpon-Wellspring, F|100/100
|turn|28
|
|t:|1776238421
|-terastallize|p2a: Ogerpon|Water
|detailschange|p2a: Ogerpon|Ogerpon-Wellspring-Tera, F, tera:Water
|-ability|p2a: Ogerpon|Embody Aspect (Wellspring)|boost
|-boost|p2a: Ogerpon|spd|1
|move|p2a: Ogerpon|Swords Dance|p2a: Ogerpon
|-boost|p2a: Ogerpon|atk|2
|move|p1a: Kingambit|Kowtow Cleave|p2a: Ogerpon
|-damage|p2a: Ogerpon|0 fnt
|faint|p2a: Ogerpon
|detailschange|p2: Ogerpon|Ogerpon-Wellspring, F|[silent]
|
|upkeep
|
|t:|1776238433
|switch|p2a: Kingambit|Kingambit, F|100/100
|-activate|p2a: Kingambit|ability: Supreme Overlord
|-start|p2a: Kingambit|fallen5|[silent]
|turn|29
|
|t:|1776238448
|move|p1a: Kingambit|Sucker Punch||[still]
|-fail|p1a: Kingambit
|move|p2a: Kingambit|Swords Dance|p2a: Kingambit
|-boost|p2a: Kingambit|atk|2
|
|upkeep
|turn|30
|
|t:|1776238462
|move|p1a: Kingambit|Kowtow Cleave|p2a: Kingambit
|-resisted|p2a: Kingambit
|-damage|p2a: Kingambit|47/100
|move|p2a: Kingambit|Swords Dance|p2a: Kingambit
|-boost|p2a: Kingambit|atk|2
|
|upkeep
|turn|31
|
|t:|1776238470
|move|p2a: Kingambit|Sucker Punch|p1a: Kingambit
|-supereffective|p1a: Kingambit
|-damage|p1a: Kingambit|0 fnt
|faint|p1a: Kingambit
|-end|p1a: Kingambit|fallenundefined|[silent]
|
|upkeep
|
|t:|1776238478
|switch|p1a: Ninetales|Ninetales, M|35/100
|-weather|SunnyDay|[from] ability: Drought|[of] p1a: Ninetales
|turn|32
|
|t:|1776238486
|move|p1a: Ninetales|Healing Wish|p1a: Ninetales
|faint|p1a: Ninetales
|move|p2a: Kingambit|Night Slash|p1: Ninetales|[notarget]
|-fail|p2a: Kingambit
|
|-weather|SunnyDay|[upkeep]
|upkeep
|
|t:|1776238491
|switch|p1a: Venusaur|Venusaur, F|26/100
|-heal|p1a: Venusaur|100/100|[from] move: Healing Wish
|turn|33
|
|t:|1776238499
|move|p1a: Venusaur|Weather Ball|p2a: Kingambit
|-supereffective|p2a: Kingambit
|-damage|p2a: Kingambit|0 fnt
|faint|p2a: Kingambit
|-end|p2a: Kingambit|fallen5|[silent]
|-damage|p1a: Venusaur|91/100|[from] item: Life Orb
|
|win|JorjikaLadoist
|raw|JorjikaLadoist's rating: 1000 &rarr; <strong>1040</strong><br />(+40 for winning)
|raw|GamosDT's rating: 1000 &rarr; <strong>1000</strong><br />(+0 for losing)
|c|☆JorjikaLadoist|gg
|l|☆GamosDT
|player|p2|
