|html|<div class="broadcast-blue"><strong>[Gen 9] OU is currently suspecting Tera Blast! For information on how to participate check out the <a href="https://www.smogon.com/tools/suspects/view/200">suspect thread</a>.</strong></div>
|j|☆Beef Lo Mein
|j|☆IVorkath
|t:|1776295475
|gametype|singles
|player|p1|Beef Lo Mein|wattson|1254
|player|p2|IVorkath|whitney-masters|1305
|gen|9
|tier|[Gen 9] OU
|rated|
|rule|HP Percentage Mod: HP is shown in percentages
|rule|Endless Battle Clause: Forcing endless battles is banned
|rule|Species Clause: Limit one of each Pokémon
|rule|OHKO Clause: OHKO moves are banned
|rule|Evasion Items Clause: Evasion items are banned
|rule|Evasion Moves Clause: Evasion moves are banned
|rule|Evasion Abilities Clause: Evasion abilities are banned
|rule|Sleep Moves Clause: Sleep-inducing moves are banned
|clearpoke
|poke|p1|Great Tusk|
|poke|p1|Walking Wake|
|poke|p1|Kingambit, F|
|poke|p1|Venusaur, F|
|poke|p1|Ninetales, F|
|poke|p1|Raging Bolt|
|poke|p2|Meowscarada, M|
|poke|p2|Zamazenta-*|
|poke|p2|Glimmora, F|
|poke|p2|Gholdengo|
|poke|p2|Dragonite, F|
|poke|p2|Greninja-*, F|
|teampreview
|inactive|Battle timer is ON: inactive players will automatically lose when time's up. (requested by IVorkath)
|
|t:|1776295490
|teamsize|p1|6
|teamsize|p2|6
|start
|switch|p1a: Venusaur|Venusaur, F|100/100
|switch|p2a: Meowscarada|Meowscarada, M|100/100
|turn|1
|j| TrueBananaman41
|j| t44 (the one)
|
|t:|1776295498
|move|p2a: Meowscarada|Triple Axel|p1a: Venusaur
|-start|p2a: Meowscarada|typechange|Ice|[from] ability: Protean
|-supereffective|p1a: Venusaur
|-damage|p1a: Venusaur|74/100
|-supereffective|p1a: Venusaur
|-damage|p1a: Venusaur|28/100
|-supereffective|p1a: Venusaur
|-damage|p1a: Venusaur|0 fnt
|faint|p1a: Venusaur
|-hitcount|p1: Venusaur|3
|
|upkeep
|l| t44 (the one)
|
|t:|1776295508
|switch|p1a: Ninetales|Ninetales, F|100/100
|-weather|SunnyDay|[from] ability: Drought|[of] p1a: Ninetales
|turn|2
|
|t:|1776295516
|switch|p2a: Dragonite|Dragonite, F|100/100
|move|p1a: Ninetales|Weather Ball|p2a: Dragonite
|-resisted|p2a: Dragonite
|-damage|p2a: Dragonite|89/100
|
|-weather|SunnyDay|[upkeep]
|-heal|p2a: Dragonite|96/100|[from] item: Leftovers
|upkeep
|turn|3
|j| i am a dirt
|l| i am a dirt
|
|t:|1776295530
|move|p1a: Ninetales|Will-O-Wisp|p2a: Dragonite
|-status|p2a: Dragonite|brn
|move|p2a: Dragonite|Earthquake|p1a: Ninetales
|-supereffective|p1a: Ninetales
|-damage|p1a: Ninetales|56/100
|
|-weather|SunnyDay|[upkeep]
|-heal|p2a: Dragonite|100/100 brn|[from] item: Leftovers
|-damage|p2a: Dragonite|94/100 brn|[from] brn
|upkeep
|turn|4
|
|t:|1776295541
|move|p1a: Ninetales|Encore|p2a: Dragonite
|-start|p2a: Dragonite|Encore
|move|p2a: Dragonite|Earthquake|p1a: Ninetales
|-supereffective|p1a: Ninetales
|-damage|p1a: Ninetales|15/100
|
|-weather|SunnyDay|[upkeep]
|-heal|p2a: Dragonite|100/100 brn|[from] item: Leftovers
|-damage|p2a: Dragonite|94/100 brn|[from] brn
|upkeep
|turn|5
|
|t:|1776295551
|switch|p1a: Great Tusk|Great Tusk|100/100
|-activate|p1a: Great Tusk|ability: Protosynthesis
|-start|p1a: Great Tusk|protosynthesisatk
|move|p2a: Dragonite|Earthquake|p1a: Great Tusk
|-damage|p1a: Great Tusk|89/100
|
|-weather|SunnyDay|[upkeep]
|-heal|p2a: Dragonite|100/100 brn|[from] item: Leftovers
|-damage|p2a: Dragonite|94/100 brn|[from] brn
|upkeep
|turn|6
|l| TrueBananaman41
|
|t:|1776295565
|switch|p2a: Gholdengo|Gholdengo|100/100
|-item|p2a: Gholdengo|Air Balloon
|move|p1a: Great Tusk|Rapid Spin|p2a: Gholdengo
|-immune|p2a: Gholdengo
|
|-weather|SunnyDay|[upkeep]
|upkeep
|turn|7
|c|☆Beef Lo Mein|thats an ISSUE
|c|☆Beef Lo Mein|okay
|
|t:|1776295574
|switch|p2a: Glimmora|Glimmora, F|100/100
|move|p1a: Great Tusk|Ice Spinner|p2a: Glimmora
|-damage|p2a: Glimmora|59/100
|-activate|p2a: Glimmora|ability: Toxic Debris
|-sidestart|p1: Beef Lo Mein|move: Toxic Spikes
|
|-weather|SunnyDay|[upkeep]
|upkeep
|turn|8
|j| uncle brown
|
|t:|1776295591
|move|p2a: Glimmora|Stealth Rock|p1a: Great Tusk
|-sidestart|p1: Beef Lo Mein|move: Stealth Rock
|move|p1a: Great Tusk|Headlong Rush|p2a: Glimmora
|-supereffective|p2a: Glimmora
|-damage|p2a: Glimmora|0 fnt
|-unboost|p1a: Great Tusk|def|1
|-unboost|p1a: Great Tusk|spd|1
|-activate|p2a: Glimmora|ability: Toxic Debris
|-sidestart|p1: Beef Lo Mein|move: Toxic Spikes
|faint|p2a: Glimmora
|
|-weather|SunnyDay|[upkeep]
|upkeep
|
|t:|1776295607
|switch|p2a: Greninja|Greninja, F, shiny|100/100
|turn|9
|
|t:|1776295612
|-terastallize|p1a: Great Tusk|Water
|move|p2a: Greninja|Surf|p1a: Great Tusk
|-start|p2a: Greninja|typechange|Water|[from] ability: Protean
|-resisted|p1a: Great Tusk
|-crit|p1a: Great Tusk
|-damage|p1a: Great Tusk|60/100
|move|p1a: Great Tusk|Close Combat|p2a: Greninja
|-damage|p2a: Greninja|0 fnt
|-unboost|p1a: Great Tusk|def|1
|-unboost|p1a: Great Tusk|spd|1
|faint|p2a: Greninja
|
|-weather|none
|-end|p1a: Great Tusk|Protosynthesis
|upkeep
|j| t44 (the one)
|
|t:|1776295629
|switch|p2a: Meowscarada|Meowscarada, M|100/100
|turn|10
|
|t:|1776295639
|-end|p1a: Great Tusk|Protosynthesis|[silent]
|switch|p1a: Ninetales|Ninetales, F|15/100
|-status|p1a: Ninetales|tox
|-damage|p1a: Ninetales|0 fnt|[from] Stealth Rock
|faint|p1a: Ninetales
|move|p2a: Meowscarada|Flower Trick|p1: Ninetales|[notarget]
|-fail|p2a: Meowscarada
|
|upkeep
|
|t:|1776295653
|switch|p1a: Walking Wake|Walking Wake|100/100
|-status|p1a: Walking Wake|tox
|-damage|p1a: Walking Wake|88/100 tox|[from] Stealth Rock
|turn|11
|
|t:|1776295661
|switch|p2a: Dragonite|Dragonite, F|94/100 brn
|move|p1a: Walking Wake|Flamethrower|p2a: Dragonite
|-resisted|p2a: Dragonite
|-damage|p2a: Dragonite|77/100 brn
|
|-heal|p2a: Dragonite|84/100 brn|[from] item: Leftovers
|-damage|p1a: Walking Wake|82/100 tox|[from] psn
|-damage|p2a: Dragonite|77/100 brn|[from] brn
|upkeep
|turn|12
|j| MEMEtEam AbuSeR
|
|t:|1776295673
|move|p1a: Walking Wake|Flip Turn|p2a: Dragonite
|-resisted|p2a: Dragonite
|-damage|p2a: Dragonite|69/100 brn
|
|t:|1776295676
|-end|p1a: Walking Wake|Protosynthesis|[silent]
|switch|p1a: Kingambit|Kingambit, F|100/100|[from] Flip Turn
|-damage|p1a: Kingambit|94/100|[from] Stealth Rock
|-activate|p1a: Kingambit|ability: Supreme Overlord
|-start|p1a: Kingambit|fallen2|[silent]
|-item|p1a: Kingambit|Air Balloon
|move|p2a: Dragonite|Ice Spinner|p1a: Kingambit
|-resisted|p1a: Kingambit
|-damage|p1a: Kingambit|89/100
|-enditem|p1a: Kingambit|Air Balloon
|
|-heal|p2a: Dragonite|75/100 brn|[from] item: Leftovers
|-damage|p2a: Dragonite|69/100 brn|[from] brn
|upkeep
|turn|13
|
|t:|1776295697
|move|p2a: Dragonite|Earthquake|p1a: Kingambit
|-supereffective|p1a: Kingambit
|-damage|p1a: Kingambit|62/100
|move|p1a: Kingambit|Kowtow Cleave|p2a: Dragonite
|-damage|p2a: Dragonite|0 fnt
|faint|p2a: Dragonite
|
|upkeep
|
|t:|1776295706
|switch|p2a: Zamazenta|Zamazenta|100/100
|-ability|p2a: Zamazenta|Dauntless Shield|boost
|-boost|p2a: Zamazenta|def|1
|turn|14
|
|t:|1776295726
|move|p2a: Zamazenta|Iron Defense|p2a: Zamazenta
|-boost|p2a: Zamazenta|def|2
|move|p1a: Kingambit|Iron Head|p2a: Zamazenta
|-damage|p2a: Zamazenta|82/100
|
|-heal|p2a: Zamazenta|89/100|[from] item: Leftovers
|upkeep
|turn|15
|
|t:|1776295741
|move|p2a: Zamazenta|Body Press|p1a: Kingambit
|-supereffective|p1a: Kingambit
|-damage|p1a: Kingambit|0 fnt
|faint|p1a: Kingambit
|-end|p1a: Kingambit|fallen2|[silent]
|
|-heal|p2a: Zamazenta|95/100|[from] item: Leftovers
|upkeep
|
|t:|1776295746
|switch|p1a: Raging Bolt|Raging Bolt|100/100
|-damage|p1a: Raging Bolt|88/100|[from] Stealth Rock
|-item|p1a: Raging Bolt|Air Balloon
|turn|16
|
|t:|1776295754
|move|p2a: Zamazenta|Body Press|p1a: Raging Bolt
|-damage|p1a: Raging Bolt|17/100
|-enditem|p1a: Raging Bolt|Air Balloon
|move|p1a: Raging Bolt|Thunderbolt|p2a: Zamazenta
|-crit|p2a: Zamazenta
|-damage|p2a: Zamazenta|30/100
|
|-heal|p2a: Zamazenta|36/100|[from] item: Leftovers
|upkeep
|turn|17
|
|t:|1776295765
|move|p1a: Raging Bolt|Thunderclap|p2a: Zamazenta
|-damage|p2a: Zamazenta|4/100
|move|p2a: Zamazenta|Body Press|p1a: Raging Bolt
|-damage|p1a: Raging Bolt|0 fnt
|faint|p1a: Raging Bolt
|-end|p1a: Raging Bolt|Protosynthesis|[silent]
|
|-heal|p2a: Zamazenta|10/100|[from] item: Leftovers
|upkeep
|
|t:|1776295771
|switch|p1a: Walking Wake|Walking Wake|82/100 tox
|-damage|p1a: Walking Wake|70/100 tox|[from] Stealth Rock
|turn|18
|
|t:|1776295779
|move|p1a: Walking Wake|Flamethrower|p2a: Zamazenta
|-damage|p2a: Zamazenta|0 fnt
|faint|p2a: Zamazenta
|
|-damage|p1a: Walking Wake|64/100 tox|[from] psn
|upkeep
|
|t:|1776295789
|switch|p2a: Gholdengo|Gholdengo|100/100
|-item|p2a: Gholdengo|Air Balloon
|turn|19
|l| t44 (the one)
|
|t:|1776295795
|move|p1a: Walking Wake|Flamethrower|p2a: Gholdengo
|-supereffective|p2a: Gholdengo
|-crit|p2a: Gholdengo
|-damage|p2a: Gholdengo|0 fnt
|-enditem|p2a: Gholdengo|Air Balloon
|faint|p2a: Gholdengo
|
|-damage|p1a: Walking Wake|51/100 tox|[from] psn
|upkeep
|
|t:|1776295805
|switch|p2a: Meowscarada|Meowscarada, M|100/100
|turn|20
|
|t:|1776295814
|move|p2a: Meowscarada|Flower Trick|p1a: Walking Wake
|-start|p2a: Meowscarada|typechange|Grass|[from] ability: Protean
|-crit|p1a: Walking Wake
|-damage|p1a: Walking Wake|2/100 tox
|move|p1a: Walking Wake|Flamethrower|p2a: Meowscarada
|-supereffective|p2a: Meowscarada
|-damage|p2a: Meowscarada|1/100
|
|-damage|p1a: Walking Wake|0 fnt|[from] psn
|faint|p1a: Walking Wake
|-end|p1a: Walking Wake|Protosynthesis|[silent]
|upkeep
|c|☆Beef Lo Mein|NOOOOOOOOOOOOOOOOOOO
|c|☆IVorkath|Lmao
|inactive|Beef Lo Mein has 120 seconds left.
|j| ShadowWizardTB3
|j| i am a dirt
|l| ShadowWizardTB3
|inactive|Beef Lo Mein has 90 seconds left.
|c| i am a dirt|o7
|
|t:|1776295883
|switch|p1a: Great Tusk|Great Tusk, tera:Water|60/100
|-status|p1a: Great Tusk|tox
|-damage|p1a: Great Tusk|47/100 tox|[from] Stealth Rock
|turn|21
|c|☆Beef Lo Mein|thats how mafia works
|c|☆Beef Lo Mein|gg
|l| MEMEtEam AbuSeR
|l| i am a dirt
|inactive|IVorkath has 120 seconds left.
|
|t:|1776295917
|move|p2a: Meowscarada|Flower Trick|p1a: Great Tusk
|-supereffective|p1a: Great Tusk
|-crit|p1a: Great Tusk
|-damage|p1a: Great Tusk|0 fnt
|faint|p1a: Great Tusk
|-end|p1a: Great Tusk|Protosynthesis|[silent]
|
|win|IVorkath
|raw|Beef Lo Mein's rating: 1254 &rarr; <strong>1233</strong><br />(-21 for losing)
|raw|IVorkath's rating: 1305 &rarr; <strong>1322</strong><br />(+17 for winning)
|l|☆IVorkath
|player|p2|
