|html|<div class="broadcast-blue"><strong>[Gen 9] OU is currently suspecting Tera Blast! For information on how to participate check out the <a href="https://www.smogon.com/tools/suspects/view/200">suspect thread</a>.</strong></div>
|j|☆rainy day 00
|j|☆Pharyl
|t:|1776099933
|gametype|singles
|player|p1|rainy day 00|clair|1205
|player|p2|Pharyl|silver|1235
|gen|9
|tier|[Gen 9] OU
|rated|
|rule|HP Percentage Mod: HP is shown in percentages
|rule|Endless Battle Clause: Forcing endless battles is banned
|rule|Species Clause: Limit one of each Pokémon
|rule|OHKO Clause: OHKO moves are banned
|rule|Evasion Items Clause: Evasion items are banned
|rule|Evasion Moves Clause: Evasion moves are banned
|rule|Evasion Abilities Clause: Evasion abilities are banned
|rule|Sleep Moves Clause: Sleep-inducing moves are banned
|clearpoke
|poke|p1|Scizor, M|
|poke|p1|Umbreon, M|
|poke|p1|Gengar, M|
|poke|p1|Bellibolt, M|
|poke|p1|Tsareena, F|
|poke|p1|Slowking, M|
|poke|p2|Deoxys-Speed|
|poke|p2|Sandy Shocks|
|poke|p2|Tyranitar, F|
|poke|p2|Kingambit, F|
|poke|p2|Gholdengo|
|poke|p2|Slowking-Galar, M|
|teampreview
|inactive|Battle timer is ON: inactive players will automatically lose when time's up. (requested by Pharyl)
|
|t:|1776099944
|teamsize|p1|6
|teamsize|p2|6
|start
|switch|p1a: Slowking|Slowking, M|100/100
|switch|p2a: Deoxys|Deoxys-Speed|100/100
|-ability|p2a: Deoxys|Pressure
|turn|1
|
|t:|1776099965
|move|p2a: Deoxys|Taunt|p1a: Slowking
|-start|p1a: Slowking|move: Taunt
|move|p1a: Slowking|Scald|p2a: Deoxys
|-damage|p2a: Deoxys|54/100
|
|upkeep
|turn|2
|
|t:|1776099975
|switch|p2a: Tyranitar|Tyranitar, F|100/100
|-weather|Sandstorm|[from] ability: Sand Stream|[of] p2a: Tyranitar
|move|p1a: Slowking|Scald|p2a: Tyranitar
|-supereffective|p2a: Tyranitar
|-damage|p2a: Tyranitar|69/100
|
|-weather|Sandstorm|[upkeep]
|-damage|p1a: Slowking|94/100|[from] Sandstorm
|-heal|p1a: Slowking|100/100|[from] item: Leftovers
|upkeep
|turn|3
|
|t:|1776099987
|move|p2a: Tyranitar|Knock Off|p1a: Slowking
|-supereffective|p1a: Slowking
|-damage|p1a: Slowking|0 fnt
|-enditem|p1a: Slowking|Leftovers|[from] move: Knock Off|[of] p2a: Tyranitar
|faint|p1a: Slowking
|
|-weather|Sandstorm|[upkeep]
|upkeep
|
|t:|1776099998
|switch|p1a: Scizor|Scizor, M|100/100
|turn|4
|
|t:|1776100003
|switch|p2a: Slowking|Slowking-Galar, M|100/100
|move|p1a: Scizor|Swords Dance|p1a: Scizor
|-boost|p1a: Scizor|atk|2
|
|-weather|Sandstorm|[upkeep]
|-damage|p2a: Slowking|94/100|[from] Sandstorm
|upkeep
|turn|5
|
|t:|1776100016
|-terastallize|p1a: Scizor|Normal
|move|p1a: Scizor|Swords Dance|p1a: Scizor
|-boost|p1a: Scizor|atk|2
|move|p2a: Slowking|Flamethrower|p1a: Scizor
|-damage|p1a: Scizor|67/100
|
|-weather|Sandstorm|[upkeep]
|-damage|p1a: Scizor|61/100|[from] Sandstorm
|-damage|p2a: Slowking|88/100|[from] Sandstorm
|upkeep
|turn|6
|
|t:|1776100030
|move|p1a: Scizor|Quick Attack|p2a: Slowking
|-damage|p2a: Slowking|0 fnt
|faint|p2a: Slowking
|
|-weather|none
|upkeep
|c|☆Pharyl|HUH???
|
|t:|1776100037
|switch|p2a: Tyranitar|Tyranitar, F|69/100
|-weather|Sandstorm|[from] ability: Sand Stream|[of] p2a: Tyranitar
|turn|7
|c|☆rainy day 00|yep
|
|t:|1776100050
|move|p1a: Scizor|Bullet Punch|p2a: Tyranitar
|-supereffective|p2a: Tyranitar
|-damage|p2a: Tyranitar|0 fnt
|faint|p2a: Tyranitar
|
|-weather|Sandstorm|[upkeep]
|-damage|p1a: Scizor|55/100|[from] Sandstorm
|upkeep
|c|☆Pharyl|not even bullet is criminal
|
|t:|1776100057
|switch|p2a: Deoxys|Deoxys-Speed|54/100
|-ability|p2a: Deoxys|Pressure
|turn|8
|c|☆Pharyl|how do i even beat this
|c|☆rainy day 00|you konw
|inactive|rainy day 00 has 120 seconds left.
|c|☆rainy day 00|ıam now normal type
|
|t:|1776100093
|move|p1a: Scizor|Quick Attack|p2a: Deoxys
|-damage|p2a: Deoxys|0 fnt
|faint|p2a: Deoxys
|
|-weather|Sandstorm|[upkeep]
|-damage|p1a: Scizor|49/100|[from] Sandstorm
|upkeep
|
|t:|1776100106
|switch|p2a: Gholdengo|Gholdengo|100/100
|-item|p2a: Gholdengo|Air Balloon
|turn|9
|inactive|rainy day 00 has 120 seconds left.
|inactive|rainy day 00 has 90 seconds left.
|inactive|rainy day 00 has 60 seconds left.
|
|t:|1776100182
|move|p1a: Scizor|Bullet Punch|p2a: Gholdengo
|-resisted|p2a: Gholdengo
|-damage|p2a: Gholdengo|49/100
|-enditem|p2a: Gholdengo|Air Balloon
|move|p2a: Gholdengo|Make It Rain|p1a: Scizor
|-damage|p1a: Scizor|0 fnt
|-unboost|p2a: Gholdengo|spa|1
|faint|p1a: Scizor
|
|-weather|Sandstorm|[upkeep]
|upkeep
|
|t:|1776100196
|switch|p1a: Gengar|Gengar, M|100/100
|turn|10
|
|t:|1776100210
|move|p1a: Gengar|Shadow Ball|p2a: Gholdengo
|-supereffective|p2a: Gholdengo
|-damage|p2a: Gholdengo|0 fnt
|faint|p2a: Gholdengo
|
|-weather|Sandstorm|[upkeep]
|-damage|p1a: Gengar|94/100|[from] Sandstorm
|upkeep
|
|t:|1776100213
|switch|p2a: Sandy Shocks|Sandy Shocks|100/100
|turn|11
|
|t:|1776100222
|move|p1a: Gengar|Shadow Ball|p2a: Sandy Shocks
|-damage|p2a: Sandy Shocks|50/100
|-unboost|p2a: Sandy Shocks|spd|1
|move|p2a: Sandy Shocks|Earth Power|p1a: Gengar
|-supereffective|p1a: Gengar
|-damage|p1a: Gengar|0 fnt
|faint|p1a: Gengar
|
|-weather|none
|upkeep
|
|t:|1776100237
|switch|p1a: Bellibolt|Bellibolt, M|100/100
|-item|p1a: Bellibolt|Air Balloon
|turn|12
|
|t:|1776100245
|-end|p2a: Sandy Shocks|Protosynthesis|[silent]
|switch|p2a: Kingambit|Kingambit, F|100/100
|-activate|p2a: Kingambit|ability: Supreme Overlord
|-start|p2a: Kingambit|fallen4|[silent]
|move|p1a: Bellibolt|Muddy Water|p2a: Kingambit
|-damage|p2a: Kingambit|80/100
|
|upkeep
|turn|13
|
|t:|1776100256
|move|p2a: Kingambit|Swords Dance|p2a: Kingambit
|-boost|p2a: Kingambit|atk|2
|move|p1a: Bellibolt|Soak|p2a: Kingambit
|-start|p2a: Kingambit|typechange|Water
|
|upkeep
|turn|14
|
|t:|1776100266
|move|p2a: Kingambit|Sucker Punch|p1a: Bellibolt
|-damage|p1a: Bellibolt|34/100
|-start|p1a: Bellibolt|Charge|Sucker Punch|[from] ability: Electromorphosis
|-enditem|p1a: Bellibolt|Air Balloon
|move|p1a: Bellibolt|Thunderbolt|p2a: Kingambit
|-supereffective|p2a: Kingambit
|-damage|p2a: Kingambit|0 fnt
|faint|p2a: Kingambit
|-end|p2a: Kingambit|fallen4|[silent]
|-end|p1a: Bellibolt|Charge|[silent]
|
|upkeep
|-message|Pharyl forfeited.
|
|win|rainy day 00
|raw|rainy day 00's rating: 1205 &rarr; <strong>1232</strong><br />(+27 for winning)
|raw|Pharyl's rating: 1235 &rarr; <strong>1208</strong><br />(-27 for losing)
|l|☆Pharyl
|player|p2|
|c|☆rainy day 00|gg
|l|☆rainy day 00
|player|p1|
