|html|<div class="broadcast-blue"><strong>[Gen 9] OU is currently suspecting Tera Blast! For information on how to participate check out the <a href="https://www.smogon.com/tools/suspects/view/200">suspect thread</a>.</strong></div>
|j|☆magistermilitum420
|j|☆oniduA
|t:|1776111222
|gametype|singles
|player|p1|magistermilitum420|blue|1293
|player|p2|oniduA|burglar|1318
|gen|9
|tier|[Gen 9] OU
|rated|
|rule|HP Percentage Mod: HP is shown in percentages
|rule|Endless Battle Clause: Forcing endless battles is banned
|rule|Species Clause: Limit one of each Pokémon
|rule|OHKO Clause: OHKO moves are banned
|rule|Evasion Items Clause: Evasion items are banned
|rule|Evasion Moves Clause: Evasion moves are banned
|rule|Evasion Abilities Clause: Evasion abilities are banned
|rule|Sleep Moves Clause: Sleep-inducing moves are banned
|clearpoke
|poke|p1|Meowscarada, M|
|poke|p1|Great Tusk|
|poke|p1|Alomomola, F|
|poke|p1|Slowking-Galar, M|
|poke|p1|Dragonite, F|
|poke|p1|Heatran, F|
|poke|p2|Ting-Lu|
|poke|p2|Gholdengo|
|poke|p2|Dragonite, F|
|poke|p2|Slowking-Galar, F|
|poke|p2|Iron Valiant|
|poke|p2|Ogerpon-Wellspring, F|
|teampreview
|
|t:|1776111239
|teamsize|p1|6
|teamsize|p2|6
|start
|switch|p1a: Mahad|Meowscarada, M, shiny|100/100
|switch|p2a: Slowking|Slowking-Galar, F|100/100
|turn|1
|
|t:|1776111255
|switch|p2a: Iron Valiant|Iron Valiant|100/100
|move|p1a: Mahad|Knock Off|p2a: Iron Valiant
|-start|p1a: Mahad|typechange|Dark|[from] ability: Protean
|-resisted|p2a: Iron Valiant
|-damage|p2a: Iron Valiant|87/100
|-enditem|p2a: Iron Valiant|Heavy-Duty Boots|[from] move: Knock Off|[of] p1a: Mahad
|
|upkeep
|turn|2
|
|t:|1776111272
|switch|p1a: Mithridates|Slowking-Galar, M|100/100
|move|p2a: Iron Valiant|Close Combat|p1a: Mithridates
|-resisted|p1a: Mithridates
|-damage|p1a: Mithridates|87/100
|-unboost|p2a: Iron Valiant|def|1
|-unboost|p2a: Iron Valiant|spd|1
|
|upkeep
|turn|3
|inactive|Battle timer is ON: inactive players will automatically lose when time's up. (requested by oniduA)
|
|t:|1776111290
|-end|p2a: Iron Valiant|Quark Drive|[silent]
|switch|p2a: Ting-Lu|Ting-Lu|100/100
|-ability|p2a: Ting-Lu|Vessel of Ruin
|move|p1a: Mithridates|Surf|p2a: Ting-Lu
|-supereffective|p2a: Ting-Lu
|-damage|p2a: Ting-Lu|69/100
|
|-heal|p2a: Ting-Lu|75/100|[from] item: Leftovers
|upkeep
|turn|4
|
|t:|1776111302
|switch|p1a: Charybdis|Alomomola, F, shiny|100/100
|move|p2a: Ting-Lu|Stealth Rock|p1a: Charybdis
|-sidestart|p1: magistermilitum420|move: Stealth Rock
|
|-heal|p2a: Ting-Lu|81/100|[from] item: Leftovers
|upkeep
|turn|5
|
|t:|1776111314
|move|p2a: Ting-Lu|Ruination|p1a: Charybdis
|-damage|p1a: Charybdis|50/100
|move|p1a: Charybdis|Scald|p2a: Ting-Lu
|-supereffective|p2a: Ting-Lu
|-damage|p2a: Ting-Lu|64/100
|-status|p2a: Ting-Lu|brn
|
|-heal|p2a: Ting-Lu|70/100 brn|[from] item: Leftovers
|-damage|p2a: Ting-Lu|64/100 brn|[from] brn
|upkeep
|turn|6
|
|t:|1776111326
|switch|p2a: Ogerpon|Ogerpon-Wellspring, F|100/100
|move|p1a: Charybdis|Flip Turn|p2a: Ogerpon
|-immune|p2a: Ogerpon|[from] ability: Water Absorb
|
|upkeep
|turn|7
|
|t:|1776111339
|switch|p1a: Mithridates|Slowking-Galar, M|100/100
|-damage|p1a: Mithridates|88/100|[from] Stealth Rock
|move|p2a: Ogerpon|Spikes|p1a: Mithridates
|-sidestart|p1: magistermilitum420|Spikes
|
|upkeep
|turn|8
|
|t:|1776111351
|move|p2a: Ogerpon|U-turn|p1a: Mithridates
|-damage|p1a: Mithridates|57/100
|
|t:|1776111359
|switch|p2a: Gholdengo|Gholdengo|100/100|[from] U-turn
|move|p1a: Mithridates|Psychic Noise|p2a: Gholdengo
|-resisted|p2a: Gholdengo
|-damage|p2a: Gholdengo|84/100
|-start|p2a: Gholdengo|move: Heal Block
|
|upkeep
|turn|9
|
|t:|1776111385
|switch|p1a: Charybdis|Alomomola, F, shiny|84/100
|move|p2a: Gholdengo|Shadow Ball|p1a: Charybdis
|-damage|p1a: Charybdis|42/100
|
|-end|p2a: Gholdengo|move: Heal Block
|upkeep
|turn|10
|inactive|magistermilitum420 has 120 seconds left.
|
|t:|1776111404
|move|p2a: Gholdengo|Shadow Ball|p1a: Charybdis
|-damage|p1a: Charybdis|1/100
|move|p1a: Charybdis|Wish|p1a: Charybdis
|
|upkeep
|turn|11
|
|t:|1776111413
|move|p1a: Charybdis|Protect|p1a: Charybdis
|-singleturn|p1a: Charybdis|Protect
|move|p2a: Gholdengo|Nasty Plot|p2a: Gholdengo
|-boost|p2a: Gholdengo|spa|2
|
|-heal|p1a: Charybdis|51/100|[from] move: Wish|[wisher] Charybdis
|upkeep
|turn|12
|
|t:|1776111423
|move|p2a: Gholdengo|Shadow Ball|p1a: Charybdis
|-damage|p1a: Charybdis|0 fnt
|faint|p1a: Charybdis
|
|upkeep
|
|t:|1776111427
|switch|p1a: Mahad|Meowscarada, M, shiny|100/100
|-damage|p1a: Mahad|88/100|[from] Stealth Rock
|-damage|p1a: Mahad|76/100|[from] Spikes
|turn|13
|
|t:|1776111442
|-terastallize|p2a: Gholdengo|Fairy
|move|p1a: Mahad|Knock Off|p2a: Gholdengo
|-start|p1a: Mahad|typechange|Dark|[from] ability: Protean
|-resisted|p2a: Gholdengo
|-damage|p2a: Gholdengo|67/100
|-enditem|p2a: Gholdengo|Heavy-Duty Boots|[from] move: Knock Off|[of] p1a: Mahad
|move|p2a: Gholdengo|Make It Rain|p1a: Mahad
|-damage|p1a: Mahad|0 fnt
|-unboost|p2a: Gholdengo|spa|1
|faint|p1a: Mahad
|
|upkeep
|
|t:|1776111463
|switch|p1a: Vulcanus|Heatran, F, shiny|100/100
|-damage|p1a: Vulcanus|88/100|[from] Stealth Rock
|-damage|p1a: Vulcanus|76/100|[from] Spikes
|turn|14
|
|t:|1776111477
|switch|p2a: Slowking|Slowking-Galar, F|100/100
|move|p1a: Vulcanus|Flash Cannon|p2a: Slowking
|-damage|p2a: Slowking|62/100
|
|upkeep
|turn|15
|
|t:|1776111486
|move|p1a: Vulcanus|Flash Cannon|p2a: Slowking
|-damage|p2a: Slowking|26/100
|move|p2a: Slowking|Thunder Wave|p1a: Vulcanus
|-status|p1a: Vulcanus|par
|
|upkeep
|turn|16
|
|t:|1776111500
|switch|p2a: Dragonite|Dragonite, F|100/100
|move|p1a: Vulcanus|Flash Cannon|p2a: Dragonite
|-damage|p2a: Dragonite|74/100
|-unboost|p2a: Dragonite|spd|1
|
|upkeep
|turn|17
|
|t:|1776111510
|-terastallize|p1a: Vulcanus|Grass
|move|p2a: Dragonite|Earthquake|p1a: Vulcanus
|-resisted|p1a: Vulcanus
|-damage|p1a: Vulcanus|58/100 par
|move|p1a: Vulcanus|Flash Cannon|p2a: Dragonite
|-damage|p2a: Dragonite|0 fnt
|faint|p2a: Dragonite
|
|upkeep
|
|t:|1776111535
|switch|p2a: Slowking|Slowking-Galar, F|59/100
|turn|18
|
|t:|1776111543
|switch|p1a: Barca|Great Tusk|100/100
|move|p2a: Slowking|Ice Beam|p1a: Barca
|-supereffective|p1a: Barca
|-damage|p1a: Barca|31/100
|
|upkeep
|turn|19
|
|t:|1776111560
|move|p1a: Barca|Knock Off|p2a: Slowking
|-supereffective|p2a: Slowking
|-crit|p2a: Slowking
|-damage|p2a: Slowking|0 fnt
|-enditem|p2a: Slowking|Heavy-Duty Boots|[from] move: Knock Off|[of] p1a: Barca
|faint|p2a: Slowking
|
|upkeep
|
|t:|1776111567
|switch|p2a: Iron Valiant|Iron Valiant|87/100
|turn|20
|
|t:|1776111578
|move|p2a: Iron Valiant|Moonblast|p1a: Barca
|-supereffective|p1a: Barca
|-damage|p1a: Barca|0 fnt
|faint|p1a: Barca
|-end|p1a: Barca|Protosynthesis|[silent]
|
|upkeep
|
|t:|1776111583
|switch|p1a: Mithridates|Slowking-Galar, M|90/100
|-damage|p1a: Mithridates|78/100|[from] Stealth Rock
|-damage|p1a: Mithridates|65/100|[from] Spikes
|turn|21
|
|t:|1776111595
|-end|p2a: Iron Valiant|Quark Drive|[silent]
|switch|p2a: Ting-Lu|Ting-Lu|64/100 brn
|-ability|p2a: Ting-Lu|Vessel of Ruin
|move|p1a: Mithridates|Psychic Noise|p2a: Ting-Lu
|-immune|p2a: Ting-Lu
|
|-heal|p2a: Ting-Lu|70/100 brn|[from] item: Leftovers
|-damage|p2a: Ting-Lu|64/100 brn|[from] brn
|upkeep
|turn|22
|
|t:|1776111612
|switch|p1a: Vulcanus|Heatran, F, shiny, tera:Grass|58/100 par
|-damage|p1a: Vulcanus|45/100 par|[from] Stealth Rock
|-damage|p1a: Vulcanus|33/100 par|[from] Spikes
|move|p2a: Ting-Lu|Ruination|p1a: Vulcanus
|-damage|p1a: Vulcanus|17/100 par
|
|-heal|p2a: Ting-Lu|70/100 brn|[from] item: Leftovers
|-damage|p2a: Ting-Lu|64/100 brn|[from] brn
|upkeep
|turn|23
|inactive|oniduA has 120 seconds left.
|
|t:|1776111639
|move|p1a: Vulcanus|Overheat|p2a: Ting-Lu
|-damage|p2a: Ting-Lu|8/100 brn
|-unboost|p1a: Vulcanus|spa|2
|move|p2a: Ting-Lu|Whirlwind|p1a: Vulcanus
|drag|p1a: Mithridates|Slowking-Galar, M|99/100
|-damage|p1a: Mithridates|86/100|[from] Stealth Rock
|-damage|p1a: Mithridates|74/100|[from] Spikes
|
|-heal|p2a: Ting-Lu|14/100 brn|[from] item: Leftovers
|-damage|p2a: Ting-Lu|8/100 brn|[from] brn
|upkeep
|turn|24
|inactive|oniduA has 120 seconds left.
|
|t:|1776111656
|move|p2a: Ting-Lu|Ruination|p1a: Mithridates|[miss]
|-miss|p2a: Ting-Lu|p1a: Mithridates
|move|p1a: Mithridates|Surf|p2a: Ting-Lu
|-supereffective|p2a: Ting-Lu
|-damage|p2a: Ting-Lu|0 fnt
|faint|p2a: Ting-Lu
|
|upkeep
|inactive|oniduA has 120 seconds left.
|
|t:|1776111664
|switch|p2a: Ogerpon|Ogerpon-Wellspring, F|100/100
|turn|25
|
|t:|1776111670
|move|p2a: Ogerpon|Knock Off|p1a: Mithridates
|-supereffective|p1a: Mithridates
|-damage|p1a: Mithridates|0 fnt
|-enditem|p1a: Mithridates|Assault Vest|[from] move: Knock Off|[of] p2a: Ogerpon
|faint|p1a: Mithridates
|
|upkeep
|
|t:|1776111677
|switch|p1a: Ladon|Dragonite, F, shiny|100/100
|turn|26
|
|t:|1776111683
|move|p2a: Ogerpon|Knock Off|p1a: Ladon
|-damage|p1a: Ladon|79/100
|-enditem|p1a: Ladon|Heavy-Duty Boots|[from] move: Knock Off|[of] p2a: Ogerpon
|move|p1a: Ladon|Dragon Dance|p1a: Ladon
|-boost|p1a: Ladon|atk|1
|-boost|p1a: Ladon|spe|1
|
|upkeep
|turn|27
|
|t:|1776111695
|move|p1a: Ladon|Dragon Dance|p1a: Ladon
|-boost|p1a: Ladon|atk|1
|-boost|p1a: Ladon|spe|1
|move|p2a: Ogerpon|Ivy Cudgel|p1a: Ladon|[anim] Ivy Cudgel Water
|-resisted|p1a: Ladon
|-damage|p1a: Ladon|46/100
|
|upkeep
|turn|28
|
|t:|1776111711
|move|p1a: Ladon|Fire Punch|p2a: Ogerpon
|-damage|p2a: Ogerpon|32/100
|move|p2a: Ogerpon|Ivy Cudgel|p1a: Ladon|[anim] Ivy Cudgel Water
|-resisted|p1a: Ladon
|-damage|p1a: Ladon|15/100
|
|upkeep
|turn|29
|
|t:|1776111718
|move|p1a: Ladon|Fire Punch|p2a: Ogerpon
|-damage|p2a: Ogerpon|0 fnt
|faint|p2a: Ogerpon
|
|upkeep
|
|t:|1776111729
|switch|p2a: Iron Valiant|Iron Valiant|87/100
|turn|30
|
|t:|1776111737
|move|p1a: Ladon|Earthquake|p2a: Iron Valiant
|-crit|p2a: Iron Valiant
|-damage|p2a: Iron Valiant|0 fnt
|faint|p2a: Iron Valiant
|-end|p2a: Iron Valiant|Quark Drive|[silent]
|
|upkeep
|
|t:|1776111743
|switch|p2a: Gholdengo|Gholdengo, tera:Fairy|67/100
|turn|31
|
|t:|1776111757
|move|p1a: Ladon|Earthquake|p2a: Gholdengo
|-damage|p2a: Gholdengo|21/100
|move|p2a: Gholdengo|Shadow Ball|p1a: Ladon
|-damage|p1a: Ladon|0 fnt
|faint|p1a: Ladon
|
|upkeep
|
|t:|1776111763
|switch|p1a: Vulcanus|Heatran, F, shiny, tera:Grass|17/100 par
|-damage|p1a: Vulcanus|5/100 par|[from] Stealth Rock
|-damage|p1a: Vulcanus|0 fnt|[from] Spikes
|faint|p1a: Vulcanus
|
|win|oniduA
|raw|magistermilitum420's rating: 1293 &rarr; <strong>1270</strong><br />(-23 for losing)
|raw|oniduA's rating: 1318 &rarr; <strong>1337</strong><br />(+19 for winning)
|c|☆magistermilitum420|gg
|l|☆oniduA
|player|p2|
