|html|<div class="broadcast-blue"><strong>[Gen 9] OU is currently suspecting Tera Blast! For information on how to participate check out the <a href="https://www.smogon.com/tools/suspects/view/200">suspect thread</a>.</strong></div>
|j|☆fat chud seal
|j|☆jokermoule
|t:|1776067589
|gametype|singles
|player|p1|fat chud seal|266|1174
|player|p2|jokermoule|169|1180
|gen|9
|tier|[Gen 9] OU
|rated|
|rule|HP Percentage Mod: HP is shown in percentages
|rule|Endless Battle Clause: Forcing endless battles is banned
|rule|Species Clause: Limit one of each Pokémon
|rule|OHKO Clause: OHKO moves are banned
|rule|Evasion Items Clause: Evasion items are banned
|rule|Evasion Moves Clause: Evasion moves are banned
|rule|Evasion Abilities Clause: Evasion abilities are banned
|rule|Sleep Moves Clause: Sleep-inducing moves are banned
|clearpoke
|poke|p1|Reuniclus, M|
|poke|p1|Corviknight, M|
|poke|p1|Ceruledge, M|
|poke|p1|Zarude|
|poke|p1|Iron Valiant|
|poke|p1|Barraskewda, F|
|poke|p2|Zamazenta-*|
|poke|p2|Kingambit, M|
|poke|p2|Samurott-Hisui, M|
|poke|p2|Landorus-Therian, M|
|poke|p2|Iron Valiant|
|poke|p2|Iron Moth|
|teampreview
|inactive|Battle timer is ON: inactive players will automatically lose when time's up. (requested by jokermoule)
|
|t:|1776067602
|teamsize|p1|6
|teamsize|p2|6
|start
|switch|p1a: whatchamacallit|Zarude|100/100
|switch|p2a: Landorus|Landorus-Therian, M|100/100
|-ability|p2a: Landorus|Intimidate|boost
|-unboost|p1a: whatchamacallit|atk|1
|turn|1
|
|t:|1776067614
|move|p2a: Landorus|Taunt|p1a: whatchamacallit
|-start|p1a: whatchamacallit|move: Taunt
|move|p1a: whatchamacallit|Knock Off|p2a: Landorus
|-damage|p2a: Landorus|69/100
|-damage|p1a: whatchamacallit|84/100|[from] item: Rocky Helmet|[of] p2a: Landorus
|-enditem|p2a: Landorus|Rocky Helmet|[from] move: Knock Off|[of] p1a: whatchamacallit
|
|upkeep
|turn|2
|
|t:|1776067621
|move|p2a: Landorus|U-turn|p1a: whatchamacallit
|-supereffective|p1a: whatchamacallit
|-damage|p1a: whatchamacallit|14/100
|-damage|p2a: Landorus|53/100|[from] item: Rocky Helmet|[of] p1a: whatchamacallit
|
|t:|1776067629
|switch|p2a: Iron Moth|Iron Moth|100/100|[from] U-turn
|-enditem|p2a: Iron Moth|Booster Energy
|-activate|p2a: Iron Moth|ability: Quark Drive|[fromitem]
|-start|p2a: Iron Moth|quarkdrivespe
|move|p1a: whatchamacallit|U-turn|p2a: Iron Moth
|-resisted|p2a: Iron Moth
|-damage|p2a: Iron Moth|95/100
|
|t:|1776067638
|switch|p1a: Thingamebob|Reuniclus, M|100/100|[from] U-turn
|
|upkeep
|turn|3
|
|t:|1776067645
|-end|p2a: Iron Moth|Quark Drive|[silent]
|switch|p2a: Samurott|Samurott-Hisui, M|100/100
|move|p1a: Thingamebob|Thunder Wave|p2a: Samurott
|-status|p2a: Samurott|par
|
|upkeep
|turn|4
|
|t:|1776067656
|switch|p1a: Doodad|Corviknight, M|100/100
|move|p2a: Samurott|Knock Off|p1a: Doodad
|-crit|p1a: Doodad
|-damage|p1a: Doodad|56/100
|-enditem|p1a: Doodad|Leftovers|[from] move: Knock Off|[of] p2a: Samurott
|
|upkeep
|turn|5
|
|t:|1776067669
|move|p1a: Doodad|Roost|p1a: Doodad
|-heal|p1a: Doodad|100/100
|-singleturn|p1a: Doodad|move: Roost
|move|p2a: Samurott|Ceaseless Edge|p1a: Doodad
|-damage|p1a: Doodad|71/100
|-sidestart|p1: fat chud seal|Spikes
|
|upkeep
|turn|6
|
|t:|1776067678
|move|p1a: Doodad|U-turn|p2a: Samurott
|-supereffective|p2a: Samurott
|-damage|p2a: Samurott|62/100 par
|
|t:|1776067682
|switch|p1a: whatchamacallit|Zarude|14/100|[from] U-turn
|-damage|p1a: whatchamacallit|2/100|[from] Spikes
|move|p2a: Samurott|Ceaseless Edge|p1a: whatchamacallit
|-resisted|p1a: whatchamacallit
|-damage|p1a: whatchamacallit|0 fnt
|-damage|p2a: Samurott|45/100 par|[from] item: Rocky Helmet|[of] p1a: whatchamacallit
|-sidestart|p1: fat chud seal|Spikes
|faint|p1a: whatchamacallit
|
|upkeep
|
|t:|1776067691
|switch|p1a: Doohickey|Barraskewda, F|100/100
|-damage|p1a: Doohickey|84/100|[from] Spikes
|turn|7
|
|t:|1776067695
|switch|p2a: Iron Valiant|Iron Valiant|100/100
|-enditem|p2a: Iron Valiant|Booster Energy
|-activate|p2a: Iron Valiant|ability: Quark Drive|[fromitem]
|-start|p2a: Iron Valiant|quarkdrivespe
|move|p1a: Doohickey|Close Combat|p2a: Iron Valiant
|-resisted|p2a: Iron Valiant
|-damage|p2a: Iron Valiant|59/100
|-unboost|p1a: Doohickey|def|1
|-unboost|p1a: Doohickey|spd|1
|
|upkeep
|turn|8
|
|t:|1776067707
|switch|p1a: Thingamebob|Reuniclus, M|100/100
|move|p2a: Iron Valiant|Thunderbolt|p1a: Thingamebob
|-damage|p1a: Thingamebob|80/100
|
|upkeep
|turn|9
|
|t:|1776067726
|move|p2a: Iron Valiant|Thunderbolt|p1a: Thingamebob
|-crit|p1a: Thingamebob
|-damage|p1a: Thingamebob|50/100
|move|p1a: Thingamebob|Psychic Noise|p2a: Iron Valiant
|-supereffective|p2a: Iron Valiant
|-damage|p2a: Iron Valiant|0 fnt
|faint|p2a: Iron Valiant
|-end|p2a: Iron Valiant|Quark Drive|[silent]
|
|upkeep
|
|t:|1776067735
|switch|p2a: Samurott|Samurott-Hisui, M|45/100 par
|turn|10
|
|t:|1776067739
|move|p2a: Samurott|Knock Off|p1a: Thingamebob
|-supereffective|p1a: Thingamebob
|-crit|p1a: Thingamebob
|-damage|p1a: Thingamebob|0 fnt
|-enditem|p1a: Thingamebob|Sticky Barb|[from] move: Knock Off|[of] p2a: Samurott
|faint|p1a: Thingamebob
|
|upkeep
|
|t:|1776067748
|switch|p1a: Doohickey|Barraskewda, F|84/100
|-damage|p1a: Doohickey|67/100|[from] Spikes
|turn|11
|
|t:|1776067757
|move|p1a: Doohickey|Close Combat|p2a: Samurott
|-supereffective|p2a: Samurott
|-damage|p2a: Samurott|0 fnt
|-unboost|p1a: Doohickey|def|1
|-unboost|p1a: Doohickey|spd|1
|faint|p2a: Samurott
|
|upkeep
|
|t:|1776067764
|switch|p2a: Zamazenta|Zamazenta|100/100
|-ability|p2a: Zamazenta|Dauntless Shield|boost
|-boost|p2a: Zamazenta|def|1
|turn|12
|
|t:|1776067770
|switch|p1a: Doodad|Corviknight, M|71/100
|move|p2a: Zamazenta|Roar|p1a: Doodad
|drag|p1a: Doohickey|Barraskewda, F|67/100
|-damage|p1a: Doohickey|50/100|[from] Spikes
|
|upkeep
|turn|13
|
|t:|1776067781
|move|p1a: Doohickey|Flip Turn|p2a: Zamazenta
|-damage|p2a: Zamazenta|76/100
|
|t:|1776067784
|switch|p1a: thingamejig|Ceruledge, M|100/100|[from] Flip Turn
|-damage|p1a: thingamejig|84/100|[from] Spikes
|move|p2a: Zamazenta|Roar|p1a: thingamejig
|drag|p1a: Doodad|Corviknight, M|71/100
|
|-heal|p2a: Zamazenta|82/100|[from] item: Leftovers
|upkeep
|turn|14
|
|t:|1776067793
|move|p2a: Zamazenta|Body Press|p1a: Doodad
|-damage|p1a: Doodad|42/100
|move|p1a: Doodad|Defog|p2a: Zamazenta
|-unboost|p2a: Zamazenta|evasion|1
|-sideend|p1: fat chud seal|Spikes|[from] move: Defog|[of] p1a: Doodad
|
|-heal|p2a: Zamazenta|89/100|[from] item: Leftovers
|upkeep
|turn|15
|
|t:|1776067803
|move|p2a: Zamazenta|Crunch|p1a: Doodad
|-damage|p1a: Doodad|29/100
|move|p1a: Doodad|Roost|p1a: Doodad
|-heal|p1a: Doodad|79/100
|-singleturn|p1a: Doodad|move: Roost
|
|-heal|p2a: Zamazenta|95/100|[from] item: Leftovers
|upkeep
|turn|16
|
|t:|1776067811
|move|p2a: Zamazenta|Body Press|p1a: Doodad
|-damage|p1a: Doodad|48/100
|move|p1a: Doodad|Roost|p1a: Doodad
|-heal|p1a: Doodad|98/100
|-singleturn|p1a: Doodad|move: Roost
|
|-heal|p2a: Zamazenta|100/100|[from] item: Leftovers
|upkeep
|turn|17
|
|t:|1776067821
|move|p1a: Doodad|Brave Bird|p2a: Zamazenta
|-supereffective|p2a: Zamazenta
|-damage|p2a: Zamazenta|64/100
|-damage|p1a: Doodad|87/100|[from] Recoil
|move|p2a: Zamazenta|Roar|p1a: Doodad
|drag|p1a: thingamejig|Ceruledge, M|84/100
|
|-heal|p2a: Zamazenta|70/100|[from] item: Leftovers
|upkeep
|turn|18
|
|t:|1776067846
|-terastallize|p1a: thingamejig|Fairy
|move|p2a: Zamazenta|Crunch|p1a: thingamejig
|-resisted|p1a: thingamejig
|-damage|p1a: thingamejig|71/100
|-unboost|p1a: thingamejig|def|1
|move|p1a: thingamejig|Tera Blast|p2a: Zamazenta|[anim] Tera Blast Fairy
|-supereffective|p2a: Zamazenta
|-damage|p2a: Zamazenta|26/100
|
|-heal|p2a: Zamazenta|32/100|[from] item: Leftovers
|upkeep
|turn|19
|
|t:|1776067860
|move|p2a: Zamazenta|Iron Defense|p2a: Zamazenta
|-boost|p2a: Zamazenta|def|2
|move|p1a: thingamejig|Tera Blast|p2a: Zamazenta|[anim] Tera Blast Fairy
|-supereffective|p2a: Zamazenta
|-damage|p2a: Zamazenta|4/100
|
|-heal|p2a: Zamazenta|11/100|[from] item: Leftovers
|upkeep
|turn|20
|
|t:|1776067871
|move|p2a: Zamazenta|Body Press|p1a: thingamejig
|-resisted|p1a: thingamejig
|-damage|p1a: thingamejig|1/100
|move|p1a: thingamejig|Tera Blast|p2a: Zamazenta|[anim] Tera Blast Fairy
|-supereffective|p2a: Zamazenta
|-damage|p2a: Zamazenta|0 fnt
|faint|p2a: Zamazenta
|
|upkeep
|
|t:|1776067879
|switch|p2a: Iron Moth|Iron Moth|95/100
|turn|21
|
|t:|1776067890
|move|p2a: Iron Moth|Fiery Dance|p1a: thingamejig
|-start|p1a: thingamejig|ability: Flash Fire
|move|p1a: thingamejig|Shadow Claw|p2a: Iron Moth
|-damage|p2a: Iron Moth|36/100
|
|upkeep
|turn|22
|c|☆fat chud seal|?
|
|t:|1776067898
|move|p2a: Iron Moth|Tera Blast|p1a: thingamejig
|-damage|p1a: thingamejig|0 fnt
|faint|p1a: thingamejig
|
|upkeep
|
|t:|1776067903
|switch|p1a: Doohickey|Barraskewda, F|50/100
|turn|23
|
|t:|1776067911
|move|p1a: Doohickey|Liquidation|p2a: Iron Moth
|-supereffective|p2a: Iron Moth
|-damage|p2a: Iron Moth|0 fnt
|faint|p2a: Iron Moth
|-end|p2a: Iron Moth|Quark Drive|[silent]
|
|upkeep
|
|t:|1776067915
|switch|p2a: Landorus|Landorus-Therian, M|53/100
|-ability|p2a: Landorus|Intimidate|boost
|-unboost|p1a: Doohickey|atk|1
|turn|24
|
|t:|1776067921
|move|p1a: Doohickey|Liquidation|p2a: Landorus
|-supereffective|p2a: Landorus
|-damage|p2a: Landorus|0 fnt
|faint|p2a: Landorus
|
|upkeep
|
|t:|1776067926
|switch|p2a: Kingambit|Kingambit, M|100/100
|-activate|p2a: Kingambit|ability: Supreme Overlord
|-start|p2a: Kingambit|fallen5|[silent]
|turn|25
|
|t:|1776067932
|switch|p1a: Gizmo|Iron Valiant|100/100
|-enditem|p1a: Gizmo|Booster Energy
|-activate|p1a: Gizmo|ability: Quark Drive|[fromitem]
|-start|p1a: Gizmo|quarkdrivespe
|-terastallize|p2a: Kingambit|Ghost
|move|p2a: Kingambit|Swords Dance|p2a: Kingambit
|-boost|p2a: Kingambit|atk|2
|
|upkeep
|turn|26
|
|t:|1776067944
|move|p1a: Gizmo|Calm Mind|p1a: Gizmo
|-boost|p1a: Gizmo|spa|1
|-boost|p1a: Gizmo|spd|1
|move|p2a: Kingambit|Iron Head|p1a: Gizmo
|-supereffective|p1a: Gizmo
|-damage|p1a: Gizmo|0 fnt
|faint|p1a: Gizmo
|-end|p1a: Gizmo|Quark Drive|[silent]
|
|upkeep
|
|t:|1776067956
|switch|p1a: Doodad|Corviknight, M|87/100
|turn|27
|
|t:|1776067962
|move|p2a: Kingambit|Sucker Punch|p1a: Doodad
|-damage|p1a: Doodad|16/100
|move|p1a: Doodad|Brave Bird|p2a: Kingambit
|-damage|p2a: Kingambit|72/100
|-damage|p1a: Doodad|7/100|[from] Recoil
|
|-heal|p2a: Kingambit|78/100|[from] item: Leftovers
|upkeep
|turn|28
|
|t:|1776067971
|move|p1a: Doodad|Brave Bird|p2a: Kingambit
|-damage|p2a: Kingambit|50/100
|-damage|p1a: Doodad|0 fnt|[from] Recoil
|faint|p1a: Doodad
|move|p2a: Kingambit|Swords Dance|p2a: Kingambit
|-boost|p2a: Kingambit|atk|2
|
|-heal|p2a: Kingambit|56/100|[from] item: Leftovers
|upkeep
|
|t:|1776067979
|switch|p1a: Doohickey|Barraskewda, F|50/100
|turn|29
|
|t:|1776067982
|move|p2a: Kingambit|Sucker Punch|p1a: Doohickey
|-damage|p1a: Doohickey|0 fnt
|faint|p1a: Doohickey
|
|win|jokermoule
|raw|fat chud seal's rating: 1174 &rarr; <strong>1149</strong><br />(-25 for losing)
|raw|jokermoule's rating: 1180 &rarr; <strong>1205</strong><br />(+25 for winning)
|c|☆jokermoule|gg
|l|☆jokermoule
|player|p2|
|c|☆fat chud seal|crit carried
|l|☆fat chud seal
|player|p1|
