|html|<div class="broadcast-blue"><strong>[Gen 9] OU is currently suspecting Tera Blast! For information on how to participate check out the <a href="https://www.smogon.com/tools/suspects/view/200">suspect thread</a>.</strong></div>
|j|☆aizennenr
|j|☆KING丶3266926956今余
|t:|1776250759
|gametype|singles
|player|p1|aizennenr|170|1379
|player|p2|KING丶3266926956今余|dawn|1330
|gen|9
|tier|[Gen 9] OU
|rated|
|rule|HP Percentage Mod: HP is shown in percentages
|rule|Endless Battle Clause: Forcing endless battles is banned
|rule|Species Clause: Limit one of each Pokémon
|rule|OHKO Clause: OHKO moves are banned
|rule|Evasion Items Clause: Evasion items are banned
|rule|Evasion Moves Clause: Evasion moves are banned
|rule|Evasion Abilities Clause: Evasion abilities are banned
|rule|Sleep Moves Clause: Sleep-inducing moves are banned
|clearpoke
|poke|p1|Rillaboom, M|
|poke|p1|Hawlucha, F|
|poke|p1|Kingambit, M|
|poke|p1|Hatterene, F|
|poke|p1|Heatran, F|
|poke|p1|Raging Bolt|
|poke|p2|Luxray, M|
|poke|p2|Noctowl, M|
|poke|p2|Alomomola, M|
|poke|p2|Meowstic, M|
|poke|p2|Incineroar, F|
|poke|p2|Meowscarada, M|
|teampreview
|inactive|Battle timer is ON: inactive players will automatically lose when time's up. (requested by KING丶3266926956今余)
|
|t:|1776250787
|teamsize|p1|6
|teamsize|p2|6
|start
|switch|p1a: Heatran|Heatran, F|100/100
|switch|p2a: Meowscarada|Meowscarada, M|100/100
|turn|1
|
|t:|1776250808
|switch|p2a: Alomomola|Alomomola, M|100/100
|move|p1a: Heatran|Stealth Rock|p2a: Alomomola
|-sidestart|p2: KING丶3266926956今余|move: Stealth Rock
|
|upkeep
|turn|2
|
|t:|1776250815
|switch|p1a: Rillaboom|Rillaboom, M|100/100
|-fieldstart|move: Grassy Terrain|[from] ability: Grassy Surge|[of] p1a: Rillaboom
|move|p2a: Alomomola|Flip Turn|p1a: Rillaboom
|-resisted|p1a: Rillaboom
|-damage|p1a: Rillaboom|92/100
|
|t:|1776250818
|switch|p2a: Meowscarada|Meowscarada, M|100/100|[from] Flip Turn
|-damage|p2a: Meowscarada|88/100|[from] Stealth Rock
|
|-heal|p2a: Meowscarada|94/100|[from] Grassy Terrain
|-heal|p1a: Rillaboom|98/100|[from] Grassy Terrain
|upkeep
|turn|3
|
|t:|1776250823
|switch|p1a: Heatran|Heatran, F|100/100
|move|p2a: Meowscarada|U-turn|p1a: Heatran
|-start|p2a: Meowscarada|typechange|Bug|[from] ability: Protean
|-resisted|p1a: Heatran
|-damage|p1a: Heatran|91/100
|
|t:|1776250827
|switch|p2a: Alomomola|Alomomola, M|100/100|[from] U-turn
|-damage|p2a: Alomomola|88/100|[from] Stealth Rock
|
|-heal|p1a: Heatran|97/100|[from] Grassy Terrain
|-heal|p1a: Heatran|100/100|[from] item: Leftovers
|-heal|p2a: Alomomola|94/100|[from] Grassy Terrain
|upkeep
|turn|4
|
|t:|1776250835
|switch|p1a: Rillaboom|Rillaboom, M|98/100
|move|p2a: Alomomola|Flip Turn|p1a: Rillaboom
|-resisted|p1a: Rillaboom
|-damage|p1a: Rillaboom|89/100
|
|t:|1776250839
|switch|p2a: Meowscarada|Meowscarada, M|94/100|[from] Flip Turn
|-damage|p2a: Meowscarada|82/100|[from] Stealth Rock
|
|-heal|p2a: Meowscarada|88/100|[from] Grassy Terrain
|-heal|p1a: Rillaboom|95/100|[from] Grassy Terrain
|upkeep
|turn|5
|
|t:|1776250846
|switch|p1a: Heatran|Heatran, F|100/100
|move|p2a: Meowscarada|U-turn|p1a: Heatran
|-start|p2a: Meowscarada|typechange|Bug|[from] ability: Protean
|-resisted|p1a: Heatran
|-damage|p1a: Heatran|91/100
|
|t:|1776250859
|switch|p2a: Alomomola|Alomomola, M|100/100|[from] U-turn
|-damage|p2a: Alomomola|88/100|[from] Stealth Rock
|
|-heal|p1a: Heatran|97/100|[from] Grassy Terrain
|-heal|p1a: Heatran|100/100|[from] item: Leftovers
|-heal|p2a: Alomomola|94/100|[from] Grassy Terrain
|upkeep
|turn|6
|
|t:|1776250869
|move|p1a: Heatran|Magma Storm|p2a: Alomomola
|-resisted|p2a: Alomomola
|-damage|p2a: Alomomola|77/100
|-activate|p2a: Alomomola|move: Magma Storm|[of] p1a: Heatran
|move|p2a: Alomomola|Flip Turn|p1a: Heatran
|-supereffective|p1a: Heatran
|-damage|p1a: Heatran|72/100
|
|t:|1776250876
|switch|p2a: Noctowl|Noctowl, M|100/100|[from] Flip Turn
|
|-heal|p1a: Heatran|78/100|[from] Grassy Terrain
|-heal|p1a: Heatran|84/100|[from] item: Leftovers
|-fieldend|move: Grassy Terrain
|upkeep
|turn|7
|
|t:|1776250881
|-terastallize|p2a: Noctowl|Ground
|move|p2a: Noctowl|Tera Blast|p1a: Heatran|[anim] Tera Blast Ground
|-supereffective|p1a: Heatran
|-crit|p1a: Heatran
|-damage|p1a: Heatran|0 fnt
|faint|p1a: Heatran
|
|upkeep
|
|t:|1776250893
|switch|p1a: Rillaboom|Rillaboom, M|95/100
|-fieldstart|move: Grassy Terrain|[from] ability: Grassy Surge|[of] p1a: Rillaboom
|turn|8
|
|t:|1776250900
|switch|p2a: Incineroar|Incineroar, F|100/100
|-ability|p2a: Incineroar|Intimidate|boost
|-unboost|p1a: Rillaboom|atk|1
|move|p1a: Rillaboom|U-turn|p2a: Incineroar
|-damage|p2a: Incineroar|80/100
|
|t:|1776250918
|switch|p1a: Hatterene|Hatterene, F|100/100|[from] U-turn
|
|-heal|p2a: Incineroar|86/100|[from] Grassy Terrain
|upkeep
|turn|9
|
|t:|1776250937
|switch|p2a: Luxray|Luxray, M|100/100
|-damage|p2a: Luxray|88/100|[from] Stealth Rock
|move|p1a: Hatterene|Calm Mind|p1a: Hatterene
|-boost|p1a: Hatterene|spa|1
|-boost|p1a: Hatterene|spd|1
|
|-heal|p2a: Luxray|94/100|[from] Grassy Terrain
|-status|p2a: Luxray|brn|[from] item: Flame Orb
|upkeep
|turn|10
|
|t:|1776250949
|move|p2a: Luxray|Facade|p1a: Hatterene
|-damage|p1a: Hatterene|41/100
|move|p1a: Hatterene|Draining Kiss|p2a: Luxray
|-damage|p2a: Luxray|43/100 brn
|-heal|p1a: Hatterene|78/100|[from] drain|[of] p2a: Luxray
|
|-heal|p2a: Luxray|49/100 brn|[from] Grassy Terrain
|-heal|p1a: Hatterene|84/100|[from] Grassy Terrain
|-heal|p1a: Hatterene|89/100|[from] item: Leftovers
|-damage|p2a: Luxray|43/100 brn|[from] brn
|upkeep
|turn|11
|
|t:|1776250960
|move|p2a: Luxray|Volt Switch|p1a: Hatterene
|-damage|p1a: Hatterene|75/100
|
|t:|1776250969
|switch|p2a: Incineroar|Incineroar, F|86/100|[from] Volt Switch
|-ability|p2a: Incineroar|Intimidate|boost
|-unboost|p1a: Hatterene|atk|1
|move|p1a: Hatterene|Draining Kiss|p2a: Incineroar
|-damage|p2a: Incineroar|56/100
|-heal|p1a: Hatterene|100/100|[from] drain|[of] p2a: Incineroar
|
|-heal|p2a: Incineroar|62/100|[from] Grassy Terrain
|upkeep
|turn|12
|
|t:|1776250986
|move|p2a: Incineroar|Parting Shot|p1a: Hatterene
|move|p1a: Hatterene|Parting Shot|p2a: Incineroar|[from] ability: Magic Bounce
|-unboost|p2a: Incineroar|atk|1
|-unboost|p2a: Incineroar|spa|1
|
|t:|1776251000
|switch|p1a: Raging Bolt|Raging Bolt|100/100|[from] Parting Shot
|-enditem|p1a: Raging Bolt|Booster Energy
|-activate|p1a: Raging Bolt|ability: Protosynthesis|[fromitem]
|-start|p1a: Raging Bolt|protosynthesisspa
|
|-heal|p2a: Incineroar|69/100|[from] Grassy Terrain
|-fieldend|move: Grassy Terrain
|upkeep
|turn|13
|
|t:|1776251009
|switch|p2a: Luxray|Luxray, M|43/100 brn
|-damage|p2a: Luxray|31/100 brn|[from] Stealth Rock
|move|p1a: Raging Bolt|Dragon Pulse|p2a: Luxray
|-damage|p2a: Luxray|0 fnt
|faint|p2a: Luxray
|
|upkeep
|
|t:|1776251021
|switch|p2a: Meowscarada|Meowscarada, M|88/100
|-damage|p2a: Meowscarada|76/100|[from] Stealth Rock
|turn|14
|
|t:|1776251031
|move|p2a: Meowscarada|Triple Axel|p1a: Raging Bolt
|-start|p2a: Meowscarada|typechange|Ice|[from] ability: Protean
|-supereffective|p1a: Raging Bolt
|-damage|p1a: Raging Bolt|74/100
|-supereffective|p1a: Raging Bolt
|-damage|p1a: Raging Bolt|18/100
|-supereffective|p1a: Raging Bolt
|-damage|p1a: Raging Bolt|0 fnt
|faint|p1a: Raging Bolt
|-end|p1a: Raging Bolt|Protosynthesis|[silent]
|-hitcount|p1: Raging Bolt|3
|
|upkeep
|
|t:|1776251037
|switch|p1a: Rillaboom|Rillaboom, M|95/100
|-fieldstart|move: Grassy Terrain|[from] ability: Grassy Surge|[of] p1a: Rillaboom
|turn|15
|
|t:|1776251041
|switch|p2a: Incineroar|Incineroar, F|69/100
|-ability|p2a: Incineroar|Intimidate|boost
|-unboost|p1a: Rillaboom|atk|1
|move|p1a: Rillaboom|Grassy Glide|p2a: Incineroar
|-resisted|p2a: Incineroar
|-damage|p2a: Incineroar|54/100
|
|-heal|p1a: Rillaboom|100/100|[from] Grassy Terrain
|-heal|p2a: Incineroar|60/100|[from] Grassy Terrain
|upkeep
|turn|16
|
|t:|1776251054
|switch|p1a: Hatterene|Hatterene, F|100/100
|move|p2a: Incineroar|Will-O-Wisp|p1a: Hatterene
|move|p1a: Hatterene|Will-O-Wisp|p2a: Incineroar|[from] ability: Magic Bounce
|-immune|p2a: Incineroar
|
|-heal|p2a: Incineroar|66/100|[from] Grassy Terrain
|upkeep
|turn|17
|
|t:|1776251063
|switch|p2a: Noctowl|Noctowl, M, tera:Ground|100/100
|move|p1a: Hatterene|Calm Mind|p1a: Hatterene
|-boost|p1a: Hatterene|spa|1
|-boost|p1a: Hatterene|spd|1
|
|upkeep
|turn|18
|
|t:|1776251072
|move|p2a: Noctowl|Defog|p1a: Hatterene
|move|p1a: Hatterene|Defog|p2a: Noctowl|[from] ability: Magic Bounce
|-unboost|p2a: Noctowl|evasion|1
|-sideend|p2: KING丶3266926956今余|Stealth Rock|[from] move: Defog|[of] p1a: Hatterene
|-fieldend|move: Grassy Terrain
|move|p1a: Hatterene|Calm Mind|p1a: Hatterene
|-boost|p1a: Hatterene|spa|1
|-boost|p1a: Hatterene|spd|1
|
|upkeep
|turn|19
|
|t:|1776251080
|move|p2a: Noctowl|Hurricane|p1a: Hatterene
|-damage|p1a: Hatterene|74/100
|move|p1a: Hatterene|Draining Kiss|p2a: Noctowl
|-damage|p2a: Noctowl|57/100
|-heal|p1a: Hatterene|100/100|[from] drain|[of] p2a: Noctowl
|
|upkeep
|turn|20
|
|t:|1776251085
|switch|p2a: Alomomola|Alomomola, M|100/100
|move|p1a: Hatterene|Draining Kiss|p2a: Alomomola
|-damage|p2a: Alomomola|69/100
|
|upkeep
|turn|21
|
|t:|1776251091
|move|p1a: Hatterene|Calm Mind|p1a: Hatterene
|-boost|p1a: Hatterene|spa|1
|-boost|p1a: Hatterene|spd|1
|move|p2a: Alomomola|Mirror Coat||[still]
|-fail|p2a: Alomomola
|
|upkeep
|turn|22
|
|t:|1776251094
|move|p1a: Hatterene|Calm Mind|p1a: Hatterene
|-boost|p1a: Hatterene|spa|1
|-boost|p1a: Hatterene|spd|1
|move|p2a: Alomomola|Wish|p2a: Alomomola
|
|upkeep
|turn|23
|
|t:|1776251096
|move|p1a: Hatterene|Calm Mind|p1a: Hatterene
|-boost|p1a: Hatterene|spa|1
|-boost|p1a: Hatterene|spd|1
|move|p2a: Alomomola|Flip Turn|p1a: Hatterene
|-damage|p1a: Hatterene|86/100
|
|t:|1776251098
|switch|p2a: Incineroar|Incineroar, F|66/100|[from] Flip Turn
|-ability|p2a: Incineroar|Intimidate|boost
|-unboost|p1a: Hatterene|atk|1
|
|-heal|p2a: Incineroar|100/100|[from] move: Wish|[wisher] Alomomola
|-heal|p1a: Hatterene|92/100|[from] item: Leftovers
|upkeep
|turn|24
|
|t:|1776251102
|move|p2a: Incineroar|Parting Shot|p1a: Hatterene
|move|p1a: Hatterene|Parting Shot|p2a: Incineroar|[from] ability: Magic Bounce
|-unboost|p2a: Incineroar|atk|1
|-unboost|p2a: Incineroar|spa|1
|
|t:|1776251110
|switch|p1a: Rillaboom|Rillaboom, M|100/100|[from] Parting Shot
|-fieldstart|move: Grassy Terrain|[from] ability: Grassy Surge|[of] p1a: Rillaboom
|
|upkeep
|turn|25
|
|t:|1776251117
|move|p1a: Rillaboom|U-turn|p2a: Incineroar
|-damage|p2a: Incineroar|70/100
|
|t:|1776251120
|switch|p1a: Hatterene|Hatterene, F|92/100|[from] U-turn
|move|p2a: Incineroar|Will-O-Wisp|p1a: Hatterene
|move|p1a: Hatterene|Will-O-Wisp|p2a: Incineroar|[from] ability: Magic Bounce|[miss]
|-miss|p1a: Hatterene|p2a: Incineroar
|
|-heal|p2a: Incineroar|76/100|[from] Grassy Terrain
|-heal|p1a: Hatterene|98/100|[from] Grassy Terrain
|-heal|p1a: Hatterene|100/100|[from] item: Leftovers
|upkeep
|turn|26
|
|t:|1776251129
|move|p2a: Incineroar|Knock Off|p1a: Hatterene
|-damage|p1a: Hatterene|80/100
|-enditem|p1a: Hatterene|Leftovers|[from] move: Knock Off|[of] p2a: Incineroar
|move|p1a: Hatterene|Draining Kiss|p2a: Incineroar
|-damage|p2a: Incineroar|57/100
|-heal|p1a: Hatterene|97/100|[from] drain|[of] p2a: Incineroar
|
|-heal|p2a: Incineroar|63/100|[from] Grassy Terrain
|-heal|p1a: Hatterene|100/100|[from] Grassy Terrain
|upkeep
|turn|27
|
|t:|1776251139
|switch|p2a: Alomomola|Alomomola, M|100/100
|move|p1a: Hatterene|Draining Kiss|p2a: Alomomola
|-damage|p2a: Alomomola|85/100
|
|-heal|p2a: Alomomola|91/100|[from] Grassy Terrain
|upkeep
|turn|28
|
|t:|1776251150
|switch|p1a: Hawlucha|Hawlucha, F|100/100
|-enditem|p1a: Hawlucha|Grassy Seed
|-boost|p1a: Hawlucha|def|1|[from] item: Grassy Seed
|move|p2a: Alomomola|Wish|p2a: Alomomola
|
|-heal|p2a: Alomomola|98/100|[from] Grassy Terrain
|-fieldend|move: Grassy Terrain
|upkeep
|turn|29
|
|t:|1776251160
|move|p1a: Hawlucha|Swords Dance|p1a: Hawlucha
|-boost|p1a: Hawlucha|atk|2
|move|p2a: Alomomola|Flip Turn|p1a: Hawlucha
|-damage|p1a: Hawlucha|86/100
|
|t:|1776251161
|switch|p2a: Meowstic|Meowstic, M|100/100|[from] Flip Turn
|
|upkeep
|turn|30
|
|t:|1776251170
|move|p2a: Meowstic|Trick|p1a: Hawlucha
|-activate|p2a: Meowstic|move: Trick|[of] p1a: Hawlucha
|-item|p1a: Hawlucha|Choice Specs|[from] move: Trick
|-enditem|p2a: Meowstic|Choice Specs|[silent]|[from] move: Trick
|move|p1a: Hawlucha|Acrobatics|p2a: Meowstic
|-damage|p2a: Meowstic|36/100
|
|upkeep
|turn|31
|
|t:|1776251180
|switch|p2a: Incineroar|Incineroar, F|63/100
|-ability|p2a: Incineroar|Intimidate|boost
|-unboost|p1a: Hawlucha|atk|1
|move|p1a: Hawlucha|Acrobatics|p2a: Incineroar
|-damage|p2a: Incineroar|37/100
|
|upkeep
|turn|32
|
|t:|1776251193
|switch|p2a: Alomomola|Alomomola, M|100/100
|move|p1a: Hawlucha|Acrobatics|p2a: Alomomola
|-damage|p2a: Alomomola|72/100
|
|upkeep
|turn|33
|
|t:|1776251203
|switch|p1a: Rillaboom|Rillaboom, M|100/100
|-fieldstart|move: Grassy Terrain|[from] ability: Grassy Surge|[of] p1a: Rillaboom
|move|p2a: Alomomola|Wish|p2a: Alomomola
|
|-heal|p2a: Alomomola|78/100|[from] Grassy Terrain
|upkeep
|turn|34
|
|t:|1776251212
|switch|p2a: Incineroar|Incineroar, F|37/100
|-ability|p2a: Incineroar|Intimidate|boost
|-unboost|p1a: Rillaboom|atk|1
|move|p1a: Rillaboom|Wood Hammer|p2a: Incineroar
|-resisted|p2a: Incineroar
|-damage|p2a: Incineroar|4/100
|-damage|p1a: Rillaboom|88/100|[from] Recoil
|
|-heal|p2a: Incineroar|71/100|[from] move: Wish|[wisher] Alomomola
|-heal|p1a: Rillaboom|94/100|[from] Grassy Terrain
|-heal|p2a: Incineroar|77/100|[from] Grassy Terrain
|upkeep
|turn|35
|
|t:|1776251231
|switch|p1a: Hawlucha|Hawlucha, F|86/100
|move|p2a: Incineroar|Parting Shot|p1a: Hawlucha
|-unboost|p1a: Hawlucha|atk|1
|-unboost|p1a: Hawlucha|spa|1
|
|t:|1776251237
|switch|p2a: Alomomola|Alomomola, M|100/100|[from] Parting Shot
|
|upkeep
|turn|36
|
|t:|1776251241
|switch|p1a: Rillaboom|Rillaboom, M|94/100
|move|p2a: Alomomola|Wish|p2a: Alomomola
|
|-heal|p1a: Rillaboom|99/100|[from] Grassy Terrain
|upkeep
|turn|37
|
|t:|1776251248
|switch|p2a: Incineroar|Incineroar, F|77/100
|-ability|p2a: Incineroar|Intimidate|boost
|-unboost|p1a: Rillaboom|atk|1
|move|p1a: Rillaboom|U-turn|p2a: Incineroar
|-damage|p2a: Incineroar|59/100
|
|t:|1776251250
|switch|p1a: Hawlucha|Hawlucha, F|86/100|[from] U-turn
|
|-heal|p2a: Incineroar|100/100|[from] move: Wish|[wisher] Alomomola
|-fieldend|move: Grassy Terrain
|upkeep
|turn|38
|
|t:|1776251259
|switch|p2a: Alomomola|Alomomola, M|100/100
|move|p1a: Hawlucha|Close Combat|p2a: Alomomola
|-damage|p2a: Alomomola|62/100
|-unboost|p1a: Hawlucha|def|1
|-unboost|p1a: Hawlucha|spd|1
|
|upkeep
|turn|39
|
|t:|1776251268
|move|p1a: Hawlucha|Close Combat|p2a: Alomomola
|-damage|p2a: Alomomola|24/100
|-unboost|p1a: Hawlucha|def|1
|-unboost|p1a: Hawlucha|spd|1
|move|p2a: Alomomola|Flip Turn|p1a: Hawlucha
|-crit|p1a: Hawlucha
|-damage|p1a: Hawlucha|17/100
|
|t:|1776251278
|switch|p2a: Meowscarada|Meowscarada, M|76/100|[from] Flip Turn
|
|upkeep
|turn|40
|
|t:|1776251286
|move|p2a: Meowscarada|U-turn|p1a: Hawlucha
|-start|p2a: Meowscarada|typechange|Bug|[from] ability: Protean
|-resisted|p1a: Hawlucha
|-damage|p1a: Hawlucha|0 fnt
|faint|p1a: Hawlucha
|
|t:|1776251293
|switch|p2a: Alomomola|Alomomola, M|57/100|[from] U-turn
|
|upkeep
|
|t:|1776251301
|switch|p1a: Hatterene|Hatterene, F|100/100
|turn|41
|
|t:|1776251310
|switch|p1a: Rillaboom|Rillaboom, M|99/100
|-fieldstart|move: Grassy Terrain|[from] ability: Grassy Surge|[of] p1a: Rillaboom
|move|p2a: Alomomola|Flip Turn|p1a: Rillaboom
|-resisted|p1a: Rillaboom
|-damage|p1a: Rillaboom|91/100
|
|t:|1776251317
|switch|p2a: Meowscarada|Meowscarada, M|76/100|[from] Flip Turn
|
|-heal|p2a: Meowscarada|82/100|[from] Grassy Terrain
|-heal|p1a: Rillaboom|97/100|[from] Grassy Terrain
|upkeep
|turn|42
|
|t:|1776251328
|-terastallize|p1a: Rillaboom|Grass
|move|p2a: Meowscarada|U-turn|p1a: Rillaboom
|-start|p2a: Meowscarada|typechange|Bug|[from] ability: Protean
|-supereffective|p1a: Rillaboom
|-crit|p1a: Rillaboom
|-damage|p1a: Rillaboom|0 fnt
|faint|p1a: Rillaboom
|
|t:|1776251338
|switch|p2a: Alomomola|Alomomola, M|91/100|[from] U-turn
|
|-heal|p2a: Alomomola|97/100|[from] Grassy Terrain
|upkeep
|
|t:|1776251345
|switch|p1a: Kingambit|Kingambit, M|100/100
|-activate|p1a: Kingambit|ability: Supreme Overlord
|-start|p1a: Kingambit|fallen4|[silent]
|turn|43
|
|t:|1776251351
|move|p1a: Kingambit|Swords Dance|p1a: Kingambit
|-boost|p1a: Kingambit|atk|2
|move|p2a: Alomomola|Flip Turn|p1a: Kingambit
|-damage|p1a: Kingambit|87/100
|
|t:|1776251353
|switch|p2a: Incineroar|Incineroar, F|100/100|[from] Flip Turn
|-ability|p2a: Incineroar|Intimidate|boost
|-unboost|p1a: Kingambit|atk|1
|
|-heal|p1a: Kingambit|93/100|[from] Grassy Terrain
|-heal|p1a: Kingambit|99/100|[from] item: Leftovers
|upkeep
|turn|44
|
|t:|1776251362
|move|p1a: Kingambit|Kowtow Cleave|p2a: Incineroar
|-resisted|p2a: Incineroar
|-damage|p2a: Incineroar|65/100
|move|p2a: Incineroar|Will-O-Wisp|p1a: Kingambit
|-status|p1a: Kingambit|brn
|
|-heal|p1a: Kingambit|100/100 brn|[from] Grassy Terrain
|-heal|p2a: Incineroar|71/100|[from] Grassy Terrain
|-damage|p1a: Kingambit|94/100 brn|[from] brn
|upkeep
|turn|45
|
|t:|1776251374
|move|p1a: Kingambit|Swords Dance|p1a: Kingambit
|-boost|p1a: Kingambit|atk|2
|move|p2a: Incineroar|Parting Shot|p1a: Kingambit
|-unboost|p1a: Kingambit|atk|1
|-unboost|p1a: Kingambit|spa|1
|
|t:|1776251380
|switch|p2a: Alomomola|Alomomola, M|100/100|[from] Parting Shot
|
|-heal|p1a: Kingambit|100/100 brn|[from] Grassy Terrain
|-damage|p1a: Kingambit|94/100 brn|[from] brn
|-fieldend|move: Grassy Terrain
|upkeep
|turn|46
|
|t:|1776251384
|move|p1a: Kingambit|Sucker Punch||[still]
|-fail|p1a: Kingambit
|move|p2a: Alomomola|Wish|p2a: Alomomola
|
|-heal|p1a: Kingambit|100/100 brn|[from] item: Leftovers
|-damage|p1a: Kingambit|94/100 brn|[from] brn
|upkeep
|turn|47
|
|t:|1776251394
|switch|p2a: Incineroar|Incineroar, F|71/100
|-ability|p2a: Incineroar|Intimidate|boost
|-unboost|p1a: Kingambit|atk|1
|move|p1a: Kingambit|Swords Dance|p1a: Kingambit
|-boost|p1a: Kingambit|atk|2
|
|-heal|p2a: Incineroar|100/100|[from] move: Wish|[wisher] Alomomola
|-heal|p1a: Kingambit|100/100 brn|[from] item: Leftovers
|-damage|p1a: Kingambit|94/100 brn|[from] brn
|upkeep
|turn|48
|
|t:|1776251401
|move|p1a: Kingambit|Swords Dance|p1a: Kingambit
|-boost|p1a: Kingambit|atk|2
|move|p2a: Incineroar|Flare Blitz|p1a: Kingambit
|-supereffective|p1a: Kingambit
|-damage|p1a: Kingambit|13/100 brn
|-damage|p2a: Incineroar|77/100|[from] Recoil
|
|-heal|p1a: Kingambit|19/100 brn|[from] item: Leftovers
|-damage|p1a: Kingambit|13/100 brn|[from] brn
|upkeep
|turn|49
|
|t:|1776251412
|move|p1a: Kingambit|Kowtow Cleave|p2a: Incineroar
|-resisted|p2a: Incineroar
|-damage|p2a: Incineroar|35/100
|move|p2a: Incineroar|Knock Off|p1a: Kingambit
|-resisted|p1a: Kingambit
|-damage|p1a: Kingambit|0 fnt
|-enditem|p1a: Kingambit|Leftovers|[from] move: Knock Off|[of] p2a: Incineroar
|faint|p1a: Kingambit
|-end|p1a: Kingambit|fallen4|[silent]
|
|upkeep
|
|t:|1776251415
|switch|p1a: Hatterene|Hatterene, F|100/100
|turn|50
|
|t:|1776251436
|move|p2a: Incineroar|Flare Blitz|p1a: Hatterene
|-damage|p1a: Hatterene|62/100
|-damage|p2a: Incineroar|25/100|[from] Recoil
|move|p1a: Hatterene|Calm Mind|p1a: Hatterene
|-boost|p1a: Hatterene|spa|1
|-boost|p1a: Hatterene|spd|1
|
|upkeep
|turn|51
|
|t:|1776251442
|move|p2a: Incineroar|Flare Blitz|p1a: Hatterene
|-damage|p1a: Hatterene|23/100
|-damage|p2a: Incineroar|14/100|[from] Recoil
|move|p1a: Hatterene|Draining Kiss|p2a: Incineroar
|-damage|p2a: Incineroar|0 fnt
|-heal|p1a: Hatterene|36/100|[from] drain|[of] p2a: Incineroar
|faint|p2a: Incineroar
|
|upkeep
|
|t:|1776251449
|switch|p2a: Meowscarada|Meowscarada, M|82/100
|turn|52
|
|t:|1776251452
|move|p2a: Meowscarada|Flower Trick|p1a: Hatterene
|-start|p2a: Meowscarada|typechange|Grass|[from] ability: Protean
|-crit|p1a: Hatterene
|-damage|p1a: Hatterene|0 fnt
|faint|p1a: Hatterene
|
|win|KING丶3266926956今余
|raw|aizennenr's rating: 1379 &rarr; <strong>1356</strong><br />(-23 for losing)
|raw|KING丶3266926956今余's rating: 1330 &rarr; <strong>1353</strong><br />(+23 for winning)
|l|☆aizennenr
|player|p1|
