|html|<div class="broadcast-blue"><strong>[Gen 9] OU is currently suspecting Tera Blast! For information on how to participate check out the <a href="https://www.smogon.com/tools/suspects/view/200">suspect thread</a>.</strong></div>
|j|☆ir0nv4l14nt
|j|☆GoyEmpereor
|t:|1776068758
|gametype|singles
|player|p1|ir0nv4l14nt|ethan|1531
|player|p2|GoyEmpereor|101|1640
|gen|9
|tier|[Gen 9] OU
|rated|
|rule|HP Percentage Mod: HP is shown in percentages
|rule|Endless Battle Clause: Forcing endless battles is banned
|rule|Species Clause: Limit one of each Pokémon
|rule|OHKO Clause: OHKO moves are banned
|rule|Evasion Items Clause: Evasion items are banned
|rule|Evasion Moves Clause: Evasion moves are banned
|rule|Evasion Abilities Clause: Evasion abilities are banned
|rule|Sleep Moves Clause: Sleep-inducing moves are banned
|clearpoke
|poke|p1|Ogerpon-Wellspring, F|
|poke|p1|Samurott-Hisui, F|
|poke|p1|Dragapult, M|
|poke|p1|Iron Moth|
|poke|p1|Dragonite, F|
|poke|p1|Great Tusk|
|poke|p2|Heatran, F|
|poke|p2|Pecharunt|
|poke|p2|Zamazenta-*|
|poke|p2|Clefable, M|
|poke|p2|Ting-Lu|
|poke|p2|Dragonite, M|
|teampreview
|inactive|Battle timer is ON: inactive players will automatically lose when time's up. (requested by ir0nv4l14nt)
|
|t:|1776068785
|teamsize|p1|6
|teamsize|p2|6
|start
|switch|p1a: Samurott|Samurott-Hisui, F|100/100
|switch|p2a: Clefable|Clefable, M|100/100
|turn|1
|
|t:|1776068800
|switch|p1a: Iron Moth|Iron Moth|100/100
|-enditem|p1a: Iron Moth|Booster Energy
|-activate|p1a: Iron Moth|ability: Quark Drive|[fromitem]
|-start|p1a: Iron Moth|quarkdrivespe
|move|p2a: Clefable|Moonblast|p1a: Iron Moth
|-resisted|p1a: Iron Moth
|-damage|p1a: Iron Moth|93/100
|
|upkeep
|turn|2
|
|t:|1776068820
|-end|p1a: Iron Moth|Quark Drive|[silent]
|switch|p1a: Samurott|Samurott-Hisui, F|100/100
|switch|p2a: Heatran|Heatran, F|100/100
|
|upkeep
|turn|3
|
|t:|1776068825
|switch|p2a: Clefable|Clefable, M|100/100
|move|p1a: Samurott|Ceaseless Edge|p2a: Clefable
|-resisted|p2a: Clefable
|-damage|p2a: Clefable|85/100
|-sidestart|p2: GoyEmpereor|Spikes
|
|-heal|p2a: Clefable|91/100|[from] item: Leftovers
|upkeep
|turn|4
|
|t:|1776068835
|switch|p1a: Iron Moth|Iron Moth|93/100
|move|p2a: Clefable|Moonblast|p1a: Iron Moth
|-resisted|p1a: Iron Moth
|-damage|p1a: Iron Moth|85/100
|
|-heal|p2a: Clefable|97/100|[from] item: Leftovers
|upkeep
|turn|5
|
|t:|1776068844
|switch|p2a: Heatran|Heatran, F|100/100
|-damage|p2a: Heatran|88/100|[from] Spikes
|move|p1a: Iron Moth|Sludge Wave|p2a: Heatran
|-immune|p2a: Heatran
|
|-heal|p2a: Heatran|94/100|[from] item: Leftovers
|upkeep
|turn|6
|
|t:|1776068850
|-end|p1a: Iron Moth|Quark Drive|[silent]
|switch|p1a: Samurott|Samurott-Hisui, F|100/100
|move|p2a: Heatran|Will-O-Wisp|p1a: Samurott
|-status|p1a: Samurott|brn
|
|-heal|p2a: Heatran|100/100|[from] item: Leftovers
|-damage|p1a: Samurott|94/100 brn|[from] brn
|upkeep
|turn|7
|
|t:|1776068856
|move|p1a: Samurott|Ceaseless Edge|p2a: Heatran
|-damage|p2a: Heatran|81/100
|-sidestart|p2: GoyEmpereor|Spikes
|move|p2a: Heatran|Stealth Rock|p1a: Samurott
|-sidestart|p1: ir0nv4l14nt|move: Stealth Rock
|
|-heal|p2a: Heatran|87/100|[from] item: Leftovers
|-damage|p1a: Samurott|88/100 brn|[from] brn
|upkeep
|turn|8
|
|t:|1776068861
|switch|p2a: Clefable|Clefable, M|97/100
|move|p1a: Samurott|Aqua Cutter|p2a: Clefable
|-damage|p2a: Clefable|78/100
|
|-heal|p2a: Clefable|84/100|[from] item: Leftovers
|-damage|p1a: Samurott|82/100 brn|[from] brn
|upkeep
|turn|9
|
|t:|1776068870
|switch|p1a: Iron Moth|Iron Moth|85/100
|-damage|p1a: Iron Moth|60/100|[from] Stealth Rock
|move|p2a: Clefable|Moonblast|p1a: Iron Moth
|-resisted|p1a: Iron Moth
|-damage|p1a: Iron Moth|54/100
|
|-heal|p2a: Clefable|90/100|[from] item: Leftovers
|upkeep
|turn|10
|
|t:|1776068888
|-end|p1a: Iron Moth|Quark Drive|[silent]
|switch|p1a: Great Tusk|Great Tusk|100/100
|-damage|p1a: Great Tusk|98/100|[from] Stealth Rock
|-enditem|p1a: Great Tusk|Booster Energy
|-activate|p1a: Great Tusk|ability: Protosynthesis|[fromitem]
|-start|p1a: Great Tusk|protosynthesisatk
|switch|p2a: Ting-Lu|Ting-Lu|100/100
|-damage|p2a: Ting-Lu|84/100|[from] Spikes
|-ability|p2a: Ting-Lu|Vessel of Ruin
|
|-heal|p2a: Ting-Lu|90/100|[from] item: Leftovers
|upkeep
|turn|11
|
|t:|1776068902
|move|p1a: Great Tusk|Bulk Up|p1a: Great Tusk
|-boost|p1a: Great Tusk|atk|1
|-boost|p1a: Great Tusk|def|1
|move|p2a: Ting-Lu|Whirlwind|p1a: Great Tusk
|-end|p1a: Great Tusk|Protosynthesis|[silent]
|drag|p1a: Iron Moth|Iron Moth|54/100
|-damage|p1a: Iron Moth|29/100|[from] Stealth Rock
|
|-heal|p2a: Ting-Lu|96/100|[from] item: Leftovers
|upkeep
|turn|12
|l|☆ir0nv4l14nt
|inactive|ir0nv4l14nt disconnected and has a minute to reconnect!
|player|p1|
|j|☆ir0nv4l14nt
|inactive|ir0nv4l14nt reconnected and has 135 seconds left.
|player|p1|ir0nv4l14nt|ethan|
|
|t:|1776068922
|-end|p1a: Iron Moth|Quark Drive|[silent]
|switch|p1a: Great Tusk|Great Tusk|98/100
|-damage|p1a: Great Tusk|95/100|[from] Stealth Rock
|move|p2a: Ting-Lu|Spikes|p1a: Great Tusk
|-sidestart|p1: ir0nv4l14nt|Spikes
|
|-heal|p2a: Ting-Lu|100/100|[from] item: Leftovers
|upkeep
|turn|13
|
|t:|1776068931
|switch|p2a: Pecharunt|Pecharunt|100/100
|move|p1a: Great Tusk|Bulk Up|p1a: Great Tusk
|-boost|p1a: Great Tusk|atk|1
|-boost|p1a: Great Tusk|def|1
|
|upkeep
|turn|14
|
|t:|1776068936
|-terastallize|p2a: Pecharunt|Ghost
|move|p1a: Great Tusk|Earthquake|p2a: Pecharunt
|-damage|p2a: Pecharunt|62/100
|move|p2a: Pecharunt|Toxic|p1a: Great Tusk
|-status|p1a: Great Tusk|tox
|-start|p1a: Great Tusk|confusion|[from] ability: Poison Puppeteer|[of] p2a: Pecharunt
|
|-damage|p1a: Great Tusk|88/100 tox|[from] psn
|upkeep
|turn|15
|
|t:|1776068943
|-activate|p1a: Great Tusk|confusion
|-damage|p1a: Great Tusk|77/100 tox|[from] confusion
|move|p2a: Pecharunt|Recover|p2a: Pecharunt
|-heal|p2a: Pecharunt|100/100
|
|-damage|p1a: Great Tusk|65/100 tox|[from] psn
|upkeep
|turn|16
|
|t:|1776068946
|-end|p1a: Great Tusk|confusion
|move|p1a: Great Tusk|Knock Off|p2a: Pecharunt
|-supereffective|p2a: Pecharunt
|-damage|p2a: Pecharunt|54/100
|-enditem|p2a: Pecharunt|Heavy-Duty Boots|[from] move: Knock Off|[of] p1a: Great Tusk
|move|p2a: Pecharunt|Shadow Ball|p1a: Great Tusk
|-damage|p1a: Great Tusk|16/100 tox
|
|-damage|p1a: Great Tusk|0 fnt|[from] psn
|faint|p1a: Great Tusk
|-end|p1a: Great Tusk|Protosynthesis|[silent]
|upkeep
|l|☆ir0nv4l14nt
|inactive|ir0nv4l14nt disconnected and has a minute to reconnect!
|player|p1|
|j|☆ir0nv4l14nt
|inactive|ir0nv4l14nt reconnected and has 145 seconds left.
|player|p1|ir0nv4l14nt|ethan|
|
|t:|1776068968
|switch|p1a: Samurott|Samurott-Hisui, F|82/100 brn
|-damage|p1a: Samurott|69/100 brn|[from] Stealth Rock
|-damage|p1a: Samurott|57/100 brn|[from] Spikes
|turn|17
|
|t:|1776068971
|move|p1a: Samurott|Ceaseless Edge|p2a: Pecharunt
|-supereffective|p2a: Pecharunt
|-damage|p2a: Pecharunt|33/100
|-sidestart|p2: GoyEmpereor|Spikes
|move|p2a: Pecharunt|Recover|p2a: Pecharunt
|-heal|p2a: Pecharunt|83/100
|
|-damage|p1a: Samurott|51/100 brn|[from] brn
|upkeep
|turn|18
|
|t:|1776068980
|switch|p2a: Clefable|Clefable, M|90/100
|move|p1a: Samurott|Ceaseless Edge|p2a: Clefable|[miss]
|-miss|p1a: Samurott|p2a: Clefable
|
|-heal|p2a: Clefable|96/100|[from] item: Leftovers
|-damage|p1a: Samurott|44/100 brn|[from] brn
|upkeep
|turn|19
|
|t:|1776068986
|switch|p1a: Iron Moth|Iron Moth|29/100
|-damage|p1a: Iron Moth|4/100|[from] Stealth Rock
|-damage|p1a: Iron Moth|0 fnt|[from] Spikes
|faint|p1a: Iron Moth
|-end|p1a: Iron Moth|Quark Drive|[silent]
|move|p2a: Clefable|Calm Mind|p2a: Clefable
|-boost|p2a: Clefable|spa|1
|-boost|p2a: Clefable|spd|1
|
|-heal|p2a: Clefable|100/100|[from] item: Leftovers
|upkeep
|
|t:|1776068993
|switch|p1a: Ogerpon|Ogerpon-Wellspring, F|100/100
|-damage|p1a: Ogerpon|88/100|[from] Stealth Rock
|-damage|p1a: Ogerpon|76/100|[from] Spikes
|turn|20
|
|t:|1776068996
|switch|p2a: Dragonite|Dragonite, M|100/100
|move|p1a: Ogerpon|Swords Dance|p1a: Ogerpon
|-boost|p1a: Ogerpon|atk|2
|
|upkeep
|turn|21
|
|t:|1776069000
|move|p2a: Dragonite|Extreme Speed|p1a: Ogerpon
|-damage|p1a: Ogerpon|33/100
|move|p1a: Ogerpon|Knock Off|p2a: Dragonite
|-damage|p2a: Dragonite|64/100
|-enditem|p2a: Dragonite|Heavy-Duty Boots|[from] move: Knock Off|[of] p1a: Ogerpon
|
|upkeep
|turn|22
|
|t:|1776069013
|switch|p1a: Dragapult|Dragapult, M|100/100
|-damage|p1a: Dragapult|88/100|[from] Stealth Rock
|-damage|p1a: Dragapult|76/100|[from] Spikes
|move|p2a: Dragonite|Extreme Speed|p1a: Dragapult
|-immune|p1a: Dragapult
|
|upkeep
|turn|23
|
|t:|1776069023
|switch|p2a: Heatran|Heatran, F|87/100
|-damage|p2a: Heatran|62/100|[from] Spikes
|move|p1a: Dragapult|Shadow Ball|p2a: Heatran
|-damage|p2a: Heatran|28/100
|
|-heal|p2a: Heatran|34/100|[from] item: Leftovers
|upkeep
|turn|24
|
|t:|1776069029
|switch|p2a: Ting-Lu|Ting-Lu|100/100
|-damage|p2a: Ting-Lu|76/100|[from] Spikes
|-ability|p2a: Ting-Lu|Vessel of Ruin
|move|p1a: Dragapult|Shadow Ball|p2a: Ting-Lu
|-resisted|p2a: Ting-Lu
|-damage|p2a: Ting-Lu|65/100
|
|-heal|p2a: Ting-Lu|71/100|[from] item: Leftovers
|upkeep
|turn|25
|
|t:|1776069040
|move|p1a: Dragapult|Shadow Ball|p2a: Ting-Lu
|-resisted|p2a: Ting-Lu
|-damage|p2a: Ting-Lu|61/100
|move|p2a: Ting-Lu|Earthquake|p1a: Dragapult
|-damage|p1a: Dragapult|24/100
|
|-heal|p2a: Ting-Lu|67/100|[from] item: Leftovers
|upkeep
|turn|26
|
|t:|1776069047
|switch|p1a: Dragonite|Dragonite, F|100/100
|-damage|p1a: Dragonite|76/100|[from] Stealth Rock
|move|p2a: Ting-Lu|Spikes|p1a: Dragonite
|-sidestart|p1: ir0nv4l14nt|Spikes
|
|-heal|p2a: Ting-Lu|73/100|[from] item: Leftovers
|upkeep
|turn|27
|
|t:|1776069056
|move|p1a: Dragonite|Earthquake|p2a: Ting-Lu
|-damage|p2a: Ting-Lu|53/100
|move|p2a: Ting-Lu|Whirlwind|p1a: Dragonite
|drag|p1a: Samurott|Samurott-Hisui, F|44/100 brn
|-damage|p1a: Samurott|32/100 brn|[from] Stealth Rock
|-damage|p1a: Samurott|15/100 brn|[from] Spikes
|
|-heal|p2a: Ting-Lu|60/100|[from] item: Leftovers
|-damage|p1a: Samurott|9/100 brn|[from] brn
|upkeep
|turn|28
|
|t:|1776069063
|move|p1a: Samurott|Aqua Cutter|p2a: Ting-Lu
|-supereffective|p2a: Ting-Lu
|-damage|p2a: Ting-Lu|34/100
|move|p2a: Ting-Lu|Spikes|p1a: Samurott
|-sidestart|p1: ir0nv4l14nt|Spikes
|
|-heal|p2a: Ting-Lu|41/100|[from] item: Leftovers
|-damage|p1a: Samurott|3/100 brn|[from] brn
|upkeep
|turn|29
|c|☆GoyEmpereor|gg
|
|t:|1776069068
|move|p1a: Samurott|Aqua Cutter|p2a: Ting-Lu
|-supereffective|p2a: Ting-Lu
|-damage|p2a: Ting-Lu|15/100
|move|p2a: Ting-Lu|Earthquake|p1a: Samurott
|-damage|p1a: Samurott|0 fnt
|faint|p1a: Samurott
|
|-heal|p2a: Ting-Lu|21/100|[from] item: Leftovers
|upkeep
|
|t:|1776069078
|switch|p1a: Ogerpon|Ogerpon-Wellspring, F|33/100
|-damage|p1a: Ogerpon|20/100|[from] Stealth Rock
|-damage|p1a: Ogerpon|0 fnt|[from] Spikes
|faint|p1a: Ogerpon
|
|t:|1776069079
|switch|p1a: Dragapult|Dragapult, M|24/100
|-damage|p1a: Dragapult|12/100|[from] Stealth Rock
|-damage|p1a: Dragapult|0 fnt|[from] Spikes
|faint|p1a: Dragapult
|
|t:|1776069080
|switch|p1a: Dragonite|Dragonite, F|76/100
|-damage|p1a: Dragonite|51/100|[from] Stealth Rock
|turn|30
|
|t:|1776069095
|switch|p2a: Pecharunt|Pecharunt, tera:Ghost|83/100
|-damage|p2a: Pecharunt|58/100|[from] Spikes
|move|p1a: Dragonite|Dragon Dance|p1a: Dragonite
|-boost|p1a: Dragonite|atk|1
|-boost|p1a: Dragonite|spe|1
|
|upkeep
|turn|31
|
|t:|1776069101
|-terastallize|p1a: Dragonite|Ground
|move|p1a: Dragonite|Earthquake|p2a: Pecharunt
|-damage|p2a: Pecharunt|14/100
|move|p2a: Pecharunt|Toxic|p1a: Dragonite|[miss]
|-miss|p2a: Pecharunt|p1a: Dragonite
|
|upkeep
|turn|32
|
|t:|1776069107
|move|p1a: Dragonite|Earthquake|p2a: Pecharunt
|-crit|p2a: Pecharunt
|-damage|p2a: Pecharunt|0 fnt
|faint|p2a: Pecharunt
|
|upkeep
|
|t:|1776069109
|switch|p2a: Zamazenta|Zamazenta|100/100
|-ability|p2a: Zamazenta|Dauntless Shield|boost
|-boost|p2a: Zamazenta|def|1
|turn|33
|
|t:|1776069113
|move|p2a: Zamazenta|Close Combat|p1a: Dragonite
|-damage|p1a: Dragonite|0 fnt
|-unboost|p2a: Zamazenta|def|1
|-unboost|p2a: Zamazenta|spd|1
|faint|p1a: Dragonite
|
|win|GoyEmpereor
|raw|ir0nv4l14nt's rating: 1531 &rarr; <strong>1517</strong><br />(-14 for losing)
|raw|GoyEmpereor's rating: 1640 &rarr; <strong>1654</strong><br />(+14 for winning)
