|html|<div class="broadcast-blue"><strong>[Gen 9] OU is currently suspecting Tera Blast! For information on how to participate check out the <a href="https://www.smogon.com/tools/suspects/view/200">suspect thread</a>.</strong></div>
|j|☆gwennedee
|j|☆testingolem
|t:|1776160860
|gametype|singles
|player|p1|gwennedee|salvatore|1571
|player|p2|testingolem|hiker-gen4|1650
|gen|9
|tier|[Gen 9] OU
|rated|
|rule|HP Percentage Mod: HP is shown in percentages
|rule|Endless Battle Clause: Forcing endless battles is banned
|rule|Species Clause: Limit one of each Pokémon
|rule|OHKO Clause: OHKO moves are banned
|rule|Evasion Items Clause: Evasion items are banned
|rule|Evasion Moves Clause: Evasion moves are banned
|rule|Evasion Abilities Clause: Evasion abilities are banned
|rule|Sleep Moves Clause: Sleep-inducing moves are banned
|clearpoke
|poke|p1|Slowking-Galar, F|
|poke|p1|Weavile, F|
|poke|p1|Sinistcha|
|poke|p1|Gliscor, M|
|poke|p1|Iron Valiant|
|poke|p1|Heatran, F|
|poke|p2|Kingambit, M|
|poke|p2|Deoxys-Speed|
|poke|p2|Great Tusk|
|poke|p2|Primarina, F|
|poke|p2|Raging Bolt|
|poke|p2|Smeargle, M|
|teampreview
|
|t:|1776160871
|teamsize|p1|6
|teamsize|p2|6
|start
|switch|p1a: Carrot|Weavile, F|100/100
|switch|p2a: Deoxys|Deoxys-Speed|100/100
|-ability|p2a: Deoxys|Pressure
|-ability|p1a: Carrot|Pressure
|turn|1
|
|t:|1776160876
|move|p2a: Deoxys|Superpower|p1a: Carrot
|-supereffective|p1a: Carrot
|-damage|p1a: Carrot|0 fnt
|-unboost|p2a: Deoxys|atk|1
|-unboost|p2a: Deoxys|def|1
|faint|p1a: Carrot
|-damage|p2a: Deoxys|91/100|[from] item: Life Orb
|
|upkeep
|
|t:|1776160883
|switch|p1a: ghetto symphony|Heatran, F|100/100
|turn|2
|
|t:|1776160886
|switch|p2a: Primarina|Primarina, F|100/100
|move|p1a: ghetto symphony|Magma Storm|p2a: Primarina
|-resisted|p2a: Primarina
|-damage|p2a: Primarina|90/100
|-activate|p2a: Primarina|move: Magma Storm|[of] p1a: ghetto symphony
|
|-damage|p2a: Primarina|77/100|[from] move: Magma Storm|[partiallytrapped]
|upkeep
|turn|3
|
|t:|1776160898
|switch|p1a: Dolce & Gabbana|Slowking-Galar, F|100/100
|move|p2a: Primarina|Hyper Voice|p1a: Dolce & Gabbana
|-damage|p1a: Dolce & Gabbana|70/100
|
|-end|p2a: Primarina|Magma Storm|[partiallytrapped]|[silent]
|upkeep
|turn|4
|
|t:|1776160904
|move|p2a: Primarina|Flip Turn|p1a: Dolce & Gabbana
|-damage|p1a: Dolce & Gabbana|54/100
|
|t:|1776160907
|switch|p2a: Kingambit|Kingambit, M|100/100|[from] Flip Turn
|-item|p2a: Kingambit|Air Balloon
|-prepare|p1a: Dolce & Gabbana|Chilly Reception|[premajor]
|move|p1a: Dolce & Gabbana|Chilly Reception|p1a: Dolce & Gabbana
|-weather|Snowscape
|
|t:|1776160911
|switch|p1a: Pink flat|Iron Valiant|100/100|[from] Chilly Reception
|
|-weather|Snowscape|[upkeep]
|upkeep
|turn|5
|
|t:|1776160919
|-end|p2a: Kingambit|fallenundefined|[silent]
|switch|p2a: Primarina|Primarina, F|77/100
|move|p1a: Pink flat|Knock Off|p2a: Primarina
|-resisted|p2a: Primarina
|-damage|p2a: Primarina|59/100
|-enditem|p2a: Primarina|Assault Vest|[from] move: Knock Off|[of] p1a: Pink flat
|
|-weather|Snowscape|[upkeep]
|upkeep
|turn|6
|
|t:|1776160924
|-end|p1a: Pink flat|Quark Drive|[silent]
|switch|p1a: Dolce & Gabbana|Slowking-Galar, F|87/100
|move|p2a: Primarina|Flip Turn|p1a: Dolce & Gabbana
|-damage|p1a: Dolce & Gabbana|71/100
|
|t:|1776160928
|switch|p2a: Deoxys|Deoxys-Speed|91/100|[from] Flip Turn
|-ability|p2a: Deoxys|Pressure
|
|-weather|Snowscape|[upkeep]
|upkeep
|turn|7
|
|t:|1776160940
|switch|p1a: ghetto symphony|Heatran, F|100/100
|move|p2a: Deoxys|Knock Off|p1a: ghetto symphony
|-damage|p1a: ghetto symphony|76/100
|-enditem|p1a: ghetto symphony|Heavy-Duty Boots|[from] move: Knock Off|[of] p2a: Deoxys
|-damage|p2a: Deoxys|81/100|[from] item: Life Orb
|
|-weather|Snowscape|[upkeep]
|upkeep
|turn|8
|
|t:|1776160948
|switch|p2a: Primarina|Primarina, F|59/100
|switch|p1a: Dolce & Gabbana|Slowking-Galar, F|100/100
|
|-weather|none
|upkeep
|turn|9
|
|t:|1776160952
|move|p2a: Primarina|Hyper Voice|p1a: Dolce & Gabbana
|-crit|p1a: Dolce & Gabbana
|-damage|p1a: Dolce & Gabbana|55/100
|-prepare|p1a: Dolce & Gabbana|Chilly Reception|[premajor]
|move|p1a: Dolce & Gabbana|Chilly Reception|p1a: Dolce & Gabbana
|-weather|Snowscape
|
|t:|1776160966
|switch|p1a: Pink flat|Iron Valiant|100/100|[from] Chilly Reception
|
|-weather|Snowscape|[upkeep]
|upkeep
|turn|10
|
|t:|1776160969
|-end|p1a: Pink flat|Quark Drive|[silent]
|switch|p1a: Dolce & Gabbana|Slowking-Galar, F|88/100
|move|p2a: Primarina|Draining Kiss|p1a: Dolce & Gabbana
|-resisted|p1a: Dolce & Gabbana
|-damage|p1a: Dolce & Gabbana|79/100
|-heal|p2a: Primarina|66/100|[from] drain|[of] p1a: Dolce & Gabbana
|
|-weather|Snowscape|[upkeep]
|upkeep
|turn|11
|
|t:|1776160975
|move|p2a: Primarina|Flip Turn|p1a: Dolce & Gabbana
|-damage|p1a: Dolce & Gabbana|63/100
|
|t:|1776160978
|switch|p2a: Kingambit|Kingambit, M|100/100|[from] Flip Turn
|-item|p2a: Kingambit|Air Balloon
|-prepare|p1a: Dolce & Gabbana|Chilly Reception|[premajor]
|move|p1a: Dolce & Gabbana|Chilly Reception|p1a: Dolce & Gabbana
|
|t:|1776160984
|switch|p1a: Pink flat|Iron Valiant|100/100|[from] Chilly Reception
|
|-weather|Snowscape|[upkeep]
|upkeep
|turn|12
|
|t:|1776160990
|-end|p2a: Kingambit|fallenundefined|[silent]
|switch|p2a: Primarina|Primarina, F|66/100
|move|p1a: Pink flat|Close Combat|p2a: Primarina
|-resisted|p2a: Primarina
|-damage|p2a: Primarina|35/100
|-unboost|p1a: Pink flat|def|1
|-unboost|p1a: Pink flat|spd|1
|
|-weather|Snowscape|[upkeep]
|upkeep
|turn|13
|
|t:|1776161010
|move|p1a: Pink flat|Moonblast|p2a: Primarina
|-damage|p2a: Primarina|0 fnt
|faint|p2a: Primarina
|
|-weather|none
|upkeep
|
|t:|1776161013
|switch|p2a: Deoxys|Deoxys-Speed|81/100
|-ability|p2a: Deoxys|Pressure
|turn|14
|
|t:|1776161020
|-end|p1a: Pink flat|Quark Drive|[silent]
|switch|p1a: Dolce & Gabbana|Slowking-Galar, F|97/100
|move|p2a: Deoxys|Psycho Boost|p1a: Dolce & Gabbana
|-damage|p1a: Dolce & Gabbana|51/100
|-unboost|p2a: Deoxys|spa|2
|-damage|p2a: Deoxys|71/100|[from] item: Life Orb
|
|upkeep
|turn|15
|
|t:|1776161025
|switch|p1a: Van Dam|Gliscor, M|100/100
|move|p2a: Deoxys|Knock Off|p1a: Van Dam
|-damage|p1a: Van Dam|82/100
|-enditem|p1a: Van Dam|Toxic Orb|[from] move: Knock Off|[of] p2a: Deoxys
|-damage|p2a: Deoxys|61/100|[from] item: Life Orb
|
|upkeep
|turn|16
|
|t:|1776161033
|switch|p2a: Kingambit|Kingambit, M|100/100
|-activate|p2a: Kingambit|ability: Supreme Overlord
|-start|p2a: Kingambit|fallen1|[silent]
|-item|p2a: Kingambit|Air Balloon
|switch|p1a: Dolce & Gabbana|Slowking-Galar, F|84/100
|
|upkeep
|turn|17
|
|t:|1776161038
|switch|p1a: Van Dam|Gliscor, M|82/100
|move|p2a: Kingambit|Kowtow Cleave|p1a: Van Dam
|-damage|p1a: Van Dam|50/100
|
|upkeep
|turn|18
|
|t:|1776161044
|move|p1a: Van Dam|Knock Off|p2a: Kingambit
|-resisted|p2a: Kingambit
|-damage|p2a: Kingambit|92/100
|-enditem|p2a: Kingambit|Air Balloon
|move|p2a: Kingambit|Kowtow Cleave|p1a: Van Dam
|-damage|p1a: Van Dam|16/100
|
|upkeep
|turn|19
|
|t:|1776161047
|move|p1a: Van Dam|Spikes|p2a: Kingambit
|-sidestart|p2: testingolem|Spikes
|move|p2a: Kingambit|Kowtow Cleave|p1a: Van Dam
|-damage|p1a: Van Dam|0 fnt
|faint|p1a: Van Dam
|
|upkeep
|
|t:|1776161050
|switch|p1a: Pink flat|Iron Valiant|100/100
|turn|20
|
|t:|1776161057
|move|p2a: Kingambit|Sucker Punch|p1a: Pink flat
|-resisted|p1a: Pink flat
|-damage|p1a: Pink flat|85/100
|move|p1a: Pink flat|Close Combat|p2a: Kingambit
|-supereffective|p2a: Kingambit
|-damage|p2a: Kingambit|0 fnt
|-unboost|p1a: Pink flat|def|1
|-unboost|p1a: Pink flat|spd|1
|faint|p2a: Kingambit
|-end|p2a: Kingambit|fallen1|[silent]
|
|upkeep
|
|t:|1776161060
|switch|p2a: Deoxys|Deoxys-Speed|61/100
|-damage|p2a: Deoxys|48/100|[from] Spikes
|-ability|p2a: Deoxys|Pressure
|turn|21
|
|t:|1776161063
|-end|p1a: Pink flat|Quark Drive|[silent]
|switch|p1a: Dolce & Gabbana|Slowking-Galar, F|100/100
|move|p2a: Deoxys|Psycho Boost|p1a: Dolce & Gabbana
|-damage|p1a: Dolce & Gabbana|48/100
|-unboost|p2a: Deoxys|spa|2
|-damage|p2a: Deoxys|38/100|[from] item: Life Orb
|
|upkeep
|turn|22
|
|t:|1776161081
|switch|p1a: texastea|Sinistcha|100/100
|move|p2a: Deoxys|Knock Off|p1a: texastea
|-supereffective|p1a: texastea
|-damage|p1a: texastea|60/100
|-enditem|p1a: texastea|Heavy-Duty Boots|[from] move: Knock Off|[of] p2a: Deoxys
|-damage|p2a: Deoxys|28/100|[from] item: Life Orb
|
|upkeep
|turn|23
|
|t:|1776161088
|switch|p2a: Smeargle|Smeargle, M|100/100
|-damage|p2a: Smeargle|88/100|[from] Spikes
|move|p1a: texastea|Strength Sap|p2a: Smeargle
|-unboost|p2a: Smeargle|atk|1
|-heal|p1a: texastea|100/100
|
|upkeep
|turn|24
|
|t:|1776161103
|switch|p1a: ghetto symphony|Heatran, F|76/100
|move|p2a: Smeargle|Stone Axe|p1a: ghetto symphony
|-damage|p1a: ghetto symphony|70/100
|-sidestart|p1: gwennedee|move: Stealth Rock
|
|upkeep
|turn|25
|
|t:|1776161106
|move|p1a: ghetto symphony|Stealth Rock|p2a: Smeargle
|-sidestart|p2: testingolem|move: Stealth Rock
|move|p2a: Smeargle|Endeavor|p1a: ghetto symphony
|-damage|p1a: ghetto symphony|57/100
|
|upkeep
|turn|26
|
|t:|1776161112
|switch|p1a: Dolce & Gabbana|Slowking-Galar, F|81/100
|move|p2a: Smeargle|Endeavor|p1a: Dolce & Gabbana
|-damage|p1a: Dolce & Gabbana|56/100
|
|upkeep
|turn|27
|
|t:|1776161117
|move|p2a: Smeargle|Stone Axe|p1a: Dolce & Gabbana
|-damage|p1a: Dolce & Gabbana|49/100
|move|p1a: Dolce & Gabbana|Future Sight|p2a: Smeargle
|-start|p1a: Dolce & Gabbana|move: Future Sight
|
|upkeep
|turn|28
|
|t:|1776161120
|move|p2a: Smeargle|Stone Axe|p1a: Dolce & Gabbana
|-damage|p1a: Dolce & Gabbana|43/100
|-prepare|p1a: Dolce & Gabbana|Chilly Reception|[premajor]
|move|p1a: Dolce & Gabbana|Chilly Reception|p1a: Dolce & Gabbana
|-weather|Snowscape
|
|t:|1776161122
|switch|p1a: Pink flat|Iron Valiant|85/100|[from] Chilly Reception
|
|-weather|Snowscape|[upkeep]
|upkeep
|turn|29
|
|t:|1776161127
|move|p2a: Smeargle|Burning Bulwark|p2a: Smeargle
|-singleturn|p2a: Smeargle|move: Protect
|move|p1a: Pink flat|Moonblast|p2a: Smeargle
|-activate|p2a: Smeargle|move: Protect
|
|-weather|Snowscape|[upkeep]
|-end|p2a: Smeargle|move: Future Sight
|-damage|p2a: Smeargle|0 fnt
|faint|p2a: Smeargle
|upkeep
|
|t:|1776161142
|switch|p2a: Great Tusk|Great Tusk|100/100
|-damage|p2a: Great Tusk|88/100|[from] Spikes
|-damage|p2a: Great Tusk|85/100|[from] Stealth Rock
|-enditem|p2a: Great Tusk|Booster Energy
|-activate|p2a: Great Tusk|ability: Protosynthesis|[fromitem]
|-start|p2a: Great Tusk|protosynthesisspe
|turn|30
|
|t:|1776161150
|-end|p1a: Pink flat|Quark Drive|[silent]
|switch|p1a: texastea|Sinistcha|100/100
|-damage|p1a: texastea|88/100|[from] Stealth Rock
|move|p2a: Great Tusk|Rapid Spin|p1a: texastea
|-immune|p1a: texastea
|
|-weather|Snowscape|[upkeep]
|upkeep
|turn|31
|
|t:|1776161161
|move|p2a: Great Tusk|Ice Spinner|p1a: texastea
|-supereffective|p1a: texastea
|-damage|p1a: texastea|55/100
|move|p1a: texastea|Matcha Gotcha|p2a: Great Tusk
|-supereffective|p2a: Great Tusk
|-damage|p2a: Great Tusk|3/100
|-heal|p1a: texastea|100/100|[from] drain|[of] p2a: Great Tusk
|
|-weather|Snowscape|[upkeep]
|upkeep
|turn|32
|
|t:|1776161168
|move|p2a: Great Tusk|Ice Spinner|p1a: texastea
|-supereffective|p1a: texastea
|-damage|p1a: texastea|69/100
|move|p1a: texastea|Strength Sap|p2a: Great Tusk
|-unboost|p2a: Great Tusk|atk|1
|-heal|p1a: texastea|100/100
|
|-weather|none
|upkeep
|turn|33
|
|t:|1776161172
|move|p2a: Great Tusk|Ice Spinner|p1a: texastea
|-supereffective|p1a: texastea
|-damage|p1a: texastea|79/100
|move|p1a: texastea|Strength Sap|p2a: Great Tusk
|-unboost|p2a: Great Tusk|atk|1
|-heal|p1a: texastea|100/100
|
|upkeep
|turn|34
|
|t:|1776161175
|move|p2a: Great Tusk|Bulk Up|p2a: Great Tusk
|-boost|p2a: Great Tusk|atk|1
|-boost|p2a: Great Tusk|def|1
|move|p1a: texastea|Shadow Ball|p2a: Great Tusk
|-damage|p2a: Great Tusk|0 fnt
|faint|p2a: Great Tusk
|-end|p2a: Great Tusk|Protosynthesis|[silent]
|
|upkeep
|
|t:|1776161177
|switch|p2a: Raging Bolt|Raging Bolt|100/100
|-damage|p2a: Raging Bolt|88/100|[from] Spikes
|-damage|p2a: Raging Bolt|76/100|[from] Stealth Rock
|-enditem|p2a: Raging Bolt|Booster Energy
|-activate|p2a: Raging Bolt|ability: Protosynthesis|[fromitem]
|-start|p2a: Raging Bolt|protosynthesisspa
|turn|35
|
|t:|1776161205
|switch|p1a: Pink flat|Iron Valiant|85/100
|move|p2a: Raging Bolt|Calm Mind|p2a: Raging Bolt
|-boost|p2a: Raging Bolt|spa|1
|-boost|p2a: Raging Bolt|spd|1
|
|upkeep
|turn|36
|
|t:|1776161210
|move|p2a: Raging Bolt|Thunderclap||[still]
|-fail|p2a: Raging Bolt
|move|p1a: Pink flat|Encore|p2a: Raging Bolt
|-start|p2a: Raging Bolt|Encore
|
|upkeep
|turn|37
|
|t:|1776161220
|-end|p1a: Pink flat|Quark Drive|[silent]
|switch|p1a: Dolce & Gabbana|Slowking-Galar, F|76/100
|-end|p2a: Raging Bolt|Protosynthesis|[silent]
|switch|p2a: Deoxys|Deoxys-Speed|28/100
|-damage|p2a: Deoxys|16/100|[from] Spikes
|-damage|p2a: Deoxys|3/100|[from] Stealth Rock
|-ability|p2a: Deoxys|Pressure
|
|upkeep
|turn|38
|
|t:|1776161235
|switch|p1a: texastea|Sinistcha|100/100
|-damage|p1a: texastea|88/100|[from] Stealth Rock
|move|p2a: Deoxys|Knock Off|p1a: texastea
|-supereffective|p1a: texastea
|-damage|p1a: texastea|59/100
|-damage|p2a: Deoxys|0 fnt|[from] item: Life Orb
|faint|p2a: Deoxys
|
|upkeep
|
|t:|1776161238
|switch|p2a: Raging Bolt|Raging Bolt|76/100
|-damage|p2a: Raging Bolt|63/100|[from] Spikes
|-damage|p2a: Raging Bolt|51/100|[from] Stealth Rock
|turn|39
|
|t:|1776161247
|switch|p1a: Pink flat|Iron Valiant|85/100
|move|p2a: Raging Bolt|Calm Mind|p2a: Raging Bolt
|-boost|p2a: Raging Bolt|spa|1
|-boost|p2a: Raging Bolt|spd|1
|
|upkeep
|turn|40
|
|t:|1776161252
|move|p1a: Pink flat|Encore|p2a: Raging Bolt
|-start|p2a: Raging Bolt|Encore
|move|p2a: Raging Bolt|Calm Mind|p2a: Raging Bolt
|-boost|p2a: Raging Bolt|spa|1
|-boost|p2a: Raging Bolt|spd|1
|
|upkeep
|turn|41
|-message|testingolem forfeited.
|
|win|gwennedee
|raw|gwennedee's rating: 1571 &rarr; <strong>1595</strong><br />(+24 for winning)
|raw|testingolem's rating: 1650 &rarr; <strong>1626</strong><br />(-24 for losing)
|l|☆testingolem
|player|p2|
