|html|<div class="broadcast-blue"><strong>[Gen 9] OU is currently suspecting Tera Blast! For information on how to participate check out the <a href="https://www.smogon.com/tools/suspects/view/200">suspect thread</a>.</strong></div>
|j|☆YeironXL
|j|☆michstyle
|t:|1776304949
|gametype|singles
|player|p1|YeironXL|169|
|player|p2|michstyle|169|
|gen|9
|tier|[Gen 9] OU
|rule|HP Percentage Mod: HP is shown in percentages
|rule|Endless Battle Clause: Forcing endless battles is banned
|rule|Species Clause: Limit one of each Pokémon
|rule|OHKO Clause: OHKO moves are banned
|rule|Evasion Items Clause: Evasion items are banned
|rule|Evasion Moves Clause: Evasion moves are banned
|rule|Evasion Abilities Clause: Evasion abilities are banned
|rule|Sleep Moves Clause: Sleep-inducing moves are banned
|clearpoke
|poke|p1|Excadrill, M|
|poke|p1|Tyranitar, F|
|poke|p1|Landorus-Therian, M|
|poke|p1|Rotom-Wash|
|poke|p1|Dragapult, F|
|poke|p1|Corviknight, F|
|poke|p2|Dragonite, F|
|poke|p2|Great Tusk|
|poke|p2|Rotom-Wash|
|poke|p2|Corviknight, M|
|poke|p2|Gholdengo|
|poke|p2|Dragapult, F|
|teampreview
|
|t:|1776304993
|teamsize|p1|6
|teamsize|p2|6
|start
|switch|p1a: Rotom|Rotom-Wash|100/100
|switch|p2a: Dragapult|Dragapult, F|100/100
|turn|1
|
|t:|1776305024
|move|p2a: Dragapult|Draco Meteor|p1a: Rotom
|-damage|p1a: Rotom|7/100
|-unboost|p2a: Dragapult|spa|2
|move|p1a: Rotom|Will-O-Wisp|p2a: Dragapult
|-status|p2a: Dragapult|brn
|
|-heal|p1a: Rotom|14/100|[from] item: Leftovers
|-damage|p2a: Dragapult|95/100 brn|[from] brn
|upkeep
|turn|2
|
|t:|1776305044
|move|p2a: Dragapult|Draco Meteor|p1a: Rotom
|-crit|p1a: Rotom
|-damage|p1a: Rotom|0 fnt
|-unboost|p2a: Dragapult|spa|2
|faint|p1a: Rotom
|
|-damage|p2a: Dragapult|89/100 brn|[from] brn
|upkeep
|
|t:|1776305053
|switch|p1a: Tyranitar|Tyranitar, F|100/100
|-weather|Sandstorm|[from] ability: Sand Stream|[of] p1a: Tyranitar
|turn|3
|
|t:|1776305083
|switch|p2a: Gholdengo|Gholdengo|100/100
|move|p1a: Tyranitar|Stealth Rock|p2a: Gholdengo
|-sidestart|p2: michstyle|move: Stealth Rock
|
|-weather|Sandstorm|[upkeep]
|upkeep
|turn|4
|
|t:|1776305111
|switch|p1a: Excadrill|Excadrill, M|100/100
|move|p2a: Gholdengo|Focus Blast|p1a: Excadrill|[miss]
|-miss|p2a: Gholdengo|p1a: Excadrill
|
|-weather|Sandstorm|[upkeep]
|upkeep
|turn|5
|
|t:|1776305124
|switch|p2a: Corviknight|Corviknight, M|100/100
|-damage|p2a: Corviknight|88/100|[from] Stealth Rock
|-ability|p2a: Corviknight|Pressure
|move|p1a: Excadrill|Swords Dance|p1a: Excadrill
|-boost|p1a: Excadrill|atk|2
|
|-weather|Sandstorm|[upkeep]
|upkeep
|turn|6
|
|t:|1776305141
|move|p1a: Excadrill|Iron Head|p2a: Corviknight
|-resisted|p2a: Corviknight
|-damage|p2a: Corviknight|54/100
|-damage|p1a: Excadrill|84/100|[from] item: Rocky Helmet|[of] p2a: Corviknight
|-damage|p1a: Excadrill|74/100|[from] item: Life Orb
|move|p2a: Corviknight|Defog|p1a: Excadrill
|-unboost|p1a: Excadrill|evasion|1
|-sideend|p2: michstyle|Stealth Rock|[from] move: Defog|[of] p2a: Corviknight
|
|-weather|Sandstorm|[upkeep]
|upkeep
|turn|7
|
|t:|1776305152
|move|p1a: Excadrill|Iron Head|p2a: Corviknight
|-resisted|p2a: Corviknight
|-damage|p2a: Corviknight|19/100
|-damage|p1a: Excadrill|57/100|[from] item: Rocky Helmet|[of] p2a: Corviknight
|-damage|p1a: Excadrill|47/100|[from] item: Life Orb
|move|p2a: Corviknight|Roost|p2a: Corviknight
|-heal|p2a: Corviknight|69/100
|-singleturn|p2a: Corviknight|move: Roost
|
|-weather|Sandstorm|[upkeep]
|upkeep
|turn|8
|
|t:|1776305184
|move|p1a: Excadrill|Swords Dance|p1a: Excadrill
|-boost|p1a: Excadrill|atk|2
|move|p2a: Corviknight|Roost|p2a: Corviknight
|-heal|p2a: Corviknight|100/100
|-singleturn|p2a: Corviknight|move: Roost
|
|-weather|Sandstorm|[upkeep]
|upkeep
|turn|9
|
|t:|1776305202
|-terastallize|p1a: Excadrill|Steel
|move|p1a: Excadrill|Iron Head|p2a: Corviknight
|-resisted|p2a: Corviknight
|-damage|p2a: Corviknight|26/100
|-damage|p1a: Excadrill|31/100|[from] item: Rocky Helmet|[of] p2a: Corviknight
|-damage|p1a: Excadrill|21/100|[from] item: Life Orb
|move|p2a: Corviknight|Roost|p2a: Corviknight
|-heal|p2a: Corviknight|76/100
|-singleturn|p2a: Corviknight|move: Roost
|
|-weather|Sandstorm|[upkeep]
|upkeep
|turn|10
|
|t:|1776305220
|move|p1a: Excadrill|Iron Head|p2a: Corviknight
|-resisted|p2a: Corviknight
|-damage|p2a: Corviknight|0 fnt
|-damage|p1a: Excadrill|4/100|[from] item: Rocky Helmet|[of] p2a: Corviknight
|faint|p2a: Corviknight
|-damage|p1a: Excadrill|0 fnt|[from] item: Life Orb
|faint|p1a: Excadrill
|
|-weather|none
|upkeep
|
|t:|1776305253
|switch|p1a: Dragapult|Dragapult, F|100/100
|switch|p2a: Dragonite|Dragonite, F|100/100
|turn|11
|
|t:|1776305292
|-terastallize|p2a: Dragonite|Normal
|move|p1a: Dragapult|Draco Meteor|p2a: Dragonite
|-damage|p2a: Dragonite|57/100
|-unboost|p1a: Dragapult|spa|2
|move|p2a: Dragonite|Earthquake|p1a: Dragapult
|-damage|p1a: Dragapult|55/100
|
|upkeep
|turn|12
|
|t:|1776305315
|switch|p1a: Landorus|Landorus-Therian, M|100/100
|-ability|p1a: Landorus|Intimidate|boost
|-unboost|p2a: Dragonite|atk|1
|switch|p2a: Rotom|Rotom-Wash|100/100
|
|upkeep
|turn|13
|
|t:|1776305336
|move|p2a: Rotom|Hydro Pump|p1a: Landorus
|-supereffective|p1a: Landorus
|-damage|p1a: Landorus|0 fnt
|faint|p1a: Landorus
|
|upkeep
|
|t:|1776305346
|switch|p1a: Tyranitar|Tyranitar, F|100/100
|-weather|Sandstorm|[from] ability: Sand Stream|[of] p1a: Tyranitar
|turn|14
|
|t:|1776305361
|move|p2a: Rotom|Hydro Pump|p1a: Tyranitar
|-supereffective|p1a: Tyranitar
|-damage|p1a: Tyranitar|63/100
|move|p1a: Tyranitar|Stone Edge|p2a: Rotom
|-damage|p2a: Rotom|43/100
|
|-weather|Sandstorm|[upkeep]
|-damage|p2a: Rotom|37/100|[from] Sandstorm
|upkeep
|turn|15
|
|t:|1776305390
|switch|p2a: Great Tusk|Great Tusk|100/100
|move|p1a: Tyranitar|Crunch|p2a: Great Tusk
|-resisted|p2a: Great Tusk
|-damage|p2a: Great Tusk|92/100
|
|-weather|Sandstorm|[upkeep]
|-heal|p2a: Great Tusk|98/100|[from] item: Leftovers
|upkeep
|turn|16
|
|t:|1776305410
|move|p2a: Great Tusk|Stealth Rock|p1a: Tyranitar
|-sidestart|p1: YeironXL|move: Stealth Rock
|move|p1a: Tyranitar|Stealth Rock|p2a: Great Tusk
|-sidestart|p2: michstyle|move: Stealth Rock
|
|-weather|Sandstorm|[upkeep]
|-heal|p2a: Great Tusk|100/100|[from] item: Leftovers
|upkeep
|turn|17
|
|t:|1776305418
|move|p2a: Great Tusk|Close Combat|p1a: Tyranitar
|-supereffective|p1a: Tyranitar
|-damage|p1a: Tyranitar|0 fnt
|-unboost|p2a: Great Tusk|def|1
|-unboost|p2a: Great Tusk|spd|1
|faint|p1a: Tyranitar
|
|-weather|Sandstorm|[upkeep]
|upkeep
|
|t:|1776305429
|switch|p1a: Corviknight|Corviknight, F|100/100
|-damage|p1a: Corviknight|88/100|[from] Stealth Rock
|-ability|p1a: Corviknight|Pressure
|turn|18
|
|t:|1776305462
|-end|p2a: Great Tusk|Protosynthesis|[silent]
|switch|p2a: Rotom|Rotom-Wash|37/100
|-damage|p2a: Rotom|24/100|[from] Stealth Rock
|move|p1a: Corviknight|Defog|p2a: Rotom
|-unboost|p2a: Rotom|evasion|1
|-sideend|p2: michstyle|Stealth Rock|[from] move: Defog|[of] p1a: Corviknight
|-sideend|p1: YeironXL|Stealth Rock|[from] move: Defog|[of] p1a: Corviknight
|
|-weather|Sandstorm|[upkeep]
|-damage|p2a: Rotom|18/100|[from] Sandstorm
|-heal|p1a: Corviknight|94/100|[from] item: Leftovers
|upkeep
|turn|19
|
|t:|1776305481
|move|p2a: Rotom|Volt Switch|p1a: Corviknight
|-supereffective|p1a: Corviknight
|-damage|p1a: Corviknight|37/100
|
|t:|1776305486
|switch|p2a: Gholdengo|Gholdengo|100/100|[from] Volt Switch
|move|p1a: Corviknight|U-turn|p2a: Gholdengo
|-resisted|p2a: Gholdengo
|-damage|p2a: Gholdengo|97/100
|
|t:|1776305491
|switch|p1a: Dragapult|Dragapult, F|55/100|[from] U-turn
|
|-weather|Sandstorm|[upkeep]
|-damage|p1a: Dragapult|49/100|[from] Sandstorm
|upkeep
|turn|20
|
|t:|1776305499
|switch|p2a: Rotom|Rotom-Wash|18/100
|move|p1a: Dragapult|Shadow Ball|p2a: Rotom
|-crit|p2a: Rotom
|-damage|p2a: Rotom|0 fnt
|faint|p2a: Rotom
|
|-weather|Sandstorm|[upkeep]
|-damage|p1a: Dragapult|43/100|[from] Sandstorm
|upkeep
|
|t:|1776305517
|switch|p2a: Great Tusk|Great Tusk|100/100
|turn|21
|
|t:|1776305528
|move|p1a: Dragapult|Shadow Ball|p2a: Great Tusk
|-damage|p2a: Great Tusk|28/100
|move|p2a: Great Tusk|Stealth Rock|p1a: Dragapult
|-sidestart|p1: YeironXL|move: Stealth Rock
|
|-weather|none
|-heal|p2a: Great Tusk|35/100|[from] item: Leftovers
|upkeep
|turn|22
|
|t:|1776305539
|move|p1a: Dragapult|Shadow Ball|p2a: Great Tusk
|-damage|p2a: Great Tusk|0 fnt
|faint|p2a: Great Tusk
|-end|p2a: Great Tusk|Protosynthesis|[silent]
|
|upkeep
|
|t:|1776305546
|switch|p2a: Dragonite|Dragonite, F, tera:Normal|57/100
|turn|23
|
|t:|1776305566
|switch|p1a: Corviknight|Corviknight, F|37/100
|-damage|p1a: Corviknight|25/100|[from] Stealth Rock
|-ability|p1a: Corviknight|Pressure
|move|p2a: Dragonite|Earthquake|p1a: Corviknight
|-immune|p1a: Corviknight
|
|-heal|p1a: Corviknight|31/100|[from] item: Leftovers
|upkeep
|turn|24
|
|t:|1776305576
|move|p2a: Dragonite|Fire Punch|p1a: Corviknight
|-supereffective|p1a: Corviknight
|-damage|p1a: Corviknight|0 fnt
|faint|p1a: Corviknight
|
|upkeep
|
|t:|1776305580
|switch|p1a: Dragapult|Dragapult, F|43/100
|-damage|p1a: Dragapult|31/100|[from] Stealth Rock
|turn|25
|
|t:|1776305595
|move|p1a: Dragapult|Flamethrower|p2a: Dragonite
|-damage|p2a: Dragonite|16/100
|move|p2a: Dragonite|Earthquake|p1a: Dragapult
|-damage|p1a: Dragapult|0 fnt
|faint|p1a: Dragapult
|
|win|michstyle
