|html|<div class="broadcast-blue"><strong>[Gen 9] OU is currently suspecting Tera Blast! For information on how to participate check out the <a href="https://www.smogon.com/tools/suspects/view/200">suspect thread</a>.</strong></div>
|j|☆BidenBlastinOffAgn
|j|☆Gameboyrob
|t:|1776064022
|gametype|singles
|player|p1|BidenBlastinOffAgn|1|1460
|player|p2|Gameboyrob|petrel|1457
|gen|9
|tier|[Gen 9] OU
|rated|
|rule|HP Percentage Mod: HP is shown in percentages
|rule|Endless Battle Clause: Forcing endless battles is banned
|rule|Species Clause: Limit one of each Pokémon
|rule|OHKO Clause: OHKO moves are banned
|rule|Evasion Items Clause: Evasion items are banned
|rule|Evasion Moves Clause: Evasion moves are banned
|rule|Evasion Abilities Clause: Evasion abilities are banned
|rule|Sleep Moves Clause: Sleep-inducing moves are banned
|clearpoke
|poke|p1|Dragonite, F|
|poke|p1|Ogerpon-Wellspring, F|
|poke|p1|Gholdengo|
|poke|p1|Kingambit, F|
|poke|p1|Kyurem|
|poke|p1|Hatterene, F|
|poke|p2|Ninetales, F|
|poke|p2|Ceruledge, M|
|poke|p2|Venusaur, F|
|poke|p2|Hatterene, F|
|poke|p2|Great Tusk|
|poke|p2|Walking Wake|
|teampreview
|inactive|Battle timer is ON: inactive players will automatically lose when time's up. (requested by Gameboyrob)
|
|t:|1776064045
|teamsize|p1|6
|teamsize|p2|6
|start
|switch|p1a: Kyurem|Kyurem|100/100
|switch|p2a: Kurama Chakra Mode|Ninetales, F|100/100
|-weather|SunnyDay|[from] ability: Drought|[of] p2a: Kurama Chakra Mode
|-ability|p1a: Kyurem|Pressure
|turn|1
|
|t:|1776064054
|switch|p2a: Die w A Smile|Hatterene, F|100/100
|move|p1a: Kyurem|Freeze-Dry|p2a: Die w A Smile
|-damage|p2a: Die w A Smile|63/100
|-enditem|p2a: Die w A Smile|Eject Button
|
|t:|1776064062
|switch|p2a: Slayboi Carti|Ceruledge, M|100/100
|
|-weather|SunnyDay|[upkeep]
|upkeep
|turn|2
|
|t:|1776064070
|switch|p1a: Dragonite|Dragonite, F|100/100
|move|p2a: Slayboi Carti|Swords Dance|p2a: Slayboi Carti
|-boost|p2a: Slayboi Carti|atk|2
|
|-weather|SunnyDay|[upkeep]
|upkeep
|turn|3
|
|t:|1776064082
|move|p2a: Slayboi Carti|Bitter Blade|p1a: Dragonite
|-resisted|p1a: Dragonite
|-damage|p1a: Dragonite|68/100
|move|p1a: Dragonite|Dragon Dance|p1a: Dragonite
|-boost|p1a: Dragonite|atk|1
|-boost|p1a: Dragonite|spe|1
|
|-weather|SunnyDay|[upkeep]
|upkeep
|turn|4
|
|t:|1776064101
|-terastallize|p2a: Slayboi Carti|Fairy
|move|p1a: Dragonite|Rest|p1a: Dragonite
|-status|p1a: Dragonite|slp|[from] move: Rest
|-heal|p1a: Dragonite|100/100 slp|[silent]
|-enditem|p1a: Dragonite|Chesto Berry|[eat]
|-curestatus|p1a: Dragonite|slp|[msg]
|move|p2a: Slayboi Carti|Tera Blast|p1a: Dragonite|[anim] Tera Blast Fairy
|-supereffective|p1a: Dragonite
|-damage|p1a: Dragonite|33/100
|
|-weather|SunnyDay|[upkeep]
|upkeep
|turn|5
|
|t:|1776064119
|move|p1a: Dragonite|Earthquake|p2a: Slayboi Carti
|-damage|p2a: Slayboi Carti|36/100
|-ability|p2a: Slayboi Carti|Weak Armor|boost
|-unboost|p2a: Slayboi Carti|def|1
|-boost|p2a: Slayboi Carti|spe|2
|move|p2a: Slayboi Carti|Bitter Blade|p1a: Dragonite
|-resisted|p1a: Dragonite
|-damage|p1a: Dragonite|0 fnt
|-heal|p2a: Slayboi Carti|55/100|[from] drain|[of] p1a: Dragonite
|faint|p1a: Dragonite
|
|-weather|SunnyDay|[upkeep]
|upkeep
|inactive|BidenBlastinOffAgn has 120 seconds left.
|
|t:|1776064152
|switch|p1a: Kingambit|Kingambit, F|100/100
|-activate|p1a: Kingambit|ability: Supreme Overlord
|-start|p1a: Kingambit|fallen1|[silent]
|turn|6
|
|t:|1776064157
|move|p1a: Kingambit|Sucker Punch|p2a: Slayboi Carti
|-resisted|p2a: Slayboi Carti
|-damage|p2a: Slayboi Carti|5/100
|-ability|p2a: Slayboi Carti|Weak Armor|boost
|-unboost|p2a: Slayboi Carti|def|1
|-boost|p2a: Slayboi Carti|spe|2
|move|p2a: Slayboi Carti|Bitter Blade|p1a: Kingambit
|-supereffective|p1a: Kingambit
|-damage|p1a: Kingambit|0 fnt
|-heal|p2a: Slayboi Carti|63/100|[from] drain|[of] p1a: Kingambit
|faint|p1a: Kingambit
|-end|p1a: Kingambit|fallen1|[silent]
|
|-weather|SunnyDay|[upkeep]
|upkeep
|inactive|BidenBlastinOffAgn has 120 seconds left.
|
|t:|1776064169
|switch|p1a: Ogerpon|Ogerpon-Wellspring, F|100/100
|turn|7
|
|t:|1776064172
|-terastallize|p1a: Ogerpon|Water
|detailschange|p1a: Ogerpon|Ogerpon-Wellspring-Tera, F, tera:Water
|-ability|p1a: Ogerpon|Embody Aspect (Wellspring)|boost
|-boost|p1a: Ogerpon|spd|1
|move|p2a: Slayboi Carti|Bitter Blade|p1a: Ogerpon
|-resisted|p1a: Ogerpon
|-damage|p1a: Ogerpon|3/100
|-heal|p2a: Slayboi Carti|100/100|[from] drain|[of] p1a: Ogerpon
|move|p1a: Ogerpon|Ivy Cudgel|p2a: Slayboi Carti|[anim] Ivy Cudgel Water
|-enditem|p2a: Slayboi Carti|Focus Sash
|-damage|p2a: Slayboi Carti|1/100
|-ability|p2a: Slayboi Carti|Weak Armor|boost
|-unboost|p2a: Slayboi Carti|def|1
|-boost|p2a: Slayboi Carti|spe|2
|
|-weather|SunnyDay|[upkeep]
|upkeep
|turn|8
|-message|BidenBlastinOffAgn forfeited.
|
|win|Gameboyrob
|raw|BidenBlastinOffAgn's rating: 1460 &rarr; <strong>1440</strong><br />(-20 for losing)
|raw|Gameboyrob's rating: 1457 &rarr; <strong>1477</strong><br />(+20 for winning)
|l|☆BidenBlastinOffAgn
|player|p1|
|l|☆Gameboyrob
|player|p2|
