|html|<div class="broadcast-blue"><strong>[Gen 9] OU is currently suspecting Tera Blast! For information on how to participate check out the <a href="https://www.smogon.com/tools/suspects/view/200">suspect thread</a>.</strong></div>
|j|☆BAzz Barge
|j|☆h1217
|t:|1776273833
|gametype|singles
|player|p1|BAzz Barge|benga|1233
|player|p2|h1217|koga|1184
|gen|9
|tier|[Gen 9] OU
|rated|
|rule|HP Percentage Mod: HP is shown in percentages
|rule|Endless Battle Clause: Forcing endless battles is banned
|rule|Species Clause: Limit one of each Pokémon
|rule|OHKO Clause: OHKO moves are banned
|rule|Evasion Items Clause: Evasion items are banned
|rule|Evasion Moves Clause: Evasion moves are banned
|rule|Evasion Abilities Clause: Evasion abilities are banned
|rule|Sleep Moves Clause: Sleep-inducing moves are banned
|clearpoke
|poke|p1|Tyranitar, M|
|poke|p1|Excadrill, M|
|poke|p1|Ogerpon-Cornerstone, F|
|poke|p1|Dragapult, F|
|poke|p1|Moltres|
|poke|p1|Corviknight, F|
|poke|p2|Iron Valiant|
|poke|p2|Primarina, M|
|poke|p2|Enamorus, F|
|poke|p2|Great Tusk|
|poke|p2|Iron Moth|
|poke|p2|Araquanid, F|
|teampreview
|inactive|Battle timer is ON: inactive players will automatically lose when time's up. (requested by h1217)
|c|☆h1217|Glhf
|c|☆BAzz Barge|u2
|
|t:|1776273852
|teamsize|p1|6
|teamsize|p2|6
|start
|switch|p1a: Dragapult|Dragapult, F|100/100
|switch|p2a: Araquanid|Araquanid, F|100/100
|turn|1
|
|t:|1776273860
|move|p1a: Dragapult|Shadow Ball|p2a: Araquanid
|-damage|p2a: Araquanid|58/100
|move|p2a: Araquanid|Sticky Web|p1a: Dragapult
|-sidestart|p1: BAzz Barge|move: Sticky Web
|
|upkeep
|turn|2
|
|t:|1776273876
|switch|p1a: Corviknight|Corviknight, F|100/100
|-ability|p1a: Corviknight|Pressure
|move|p2a: Araquanid|Surf|p1a: Corviknight
|-damage|p1a: Corviknight|60/100
|
|-heal|p1a: Corviknight|66/100|[from] item: Leftovers
|upkeep
|turn|3
|
|t:|1776273890
|move|p1a: Corviknight|Brave Bird|p2a: Araquanid
|-supereffective|p2a: Araquanid
|-damage|p2a: Araquanid|0 fnt
|faint|p2a: Araquanid
|-damage|p1a: Corviknight|50/100|[from] Recoil
|
|-heal|p1a: Corviknight|56/100|[from] item: Leftovers
|upkeep
|
|t:|1776273898
|switch|p2a: Iron Moth|Iron Moth|100/100
|-enditem|p2a: Iron Moth|Booster Energy
|-activate|p2a: Iron Moth|ability: Quark Drive|[fromitem]
|-start|p2a: Iron Moth|quarkdrivespe
|turn|4
|
|t:|1776273909
|switch|p1a: Moltres|Moltres|100/100
|move|p2a: Iron Moth|Fiery Dance|p1a: Moltres
|-resisted|p1a: Moltres
|-damage|p1a: Moltres|80/100
|-boost|p2a: Iron Moth|spa|1
|
|upkeep
|turn|5
|
|t:|1776273919
|move|p2a: Iron Moth|Substitute|p2a: Iron Moth
|-start|p2a: Iron Moth|Substitute
|-damage|p2a: Iron Moth|76/100
|move|p1a: Moltres|Roar|p2a: Iron Moth
|-end|p2a: Iron Moth|Quark Drive|[silent]
|drag|p2a: Primarina|Primarina, M|100/100
|
|upkeep
|turn|6
|
|t:|1776273928
|switch|p1a: Corviknight|Corviknight, F|56/100
|-ability|p1a: Corviknight|Pressure
|move|p2a: Primarina|Substitute|p2a: Primarina
|-start|p2a: Primarina|Substitute
|-damage|p2a: Primarina|75/100
|
|-heal|p1a: Corviknight|62/100|[from] item: Leftovers
|upkeep
|turn|7
|
|t:|1776273940
|move|p1a: Corviknight|Defog|p2a: Primarina
|-sideend|p1: BAzz Barge|Sticky Web|[from] move: Defog|[of] p1a: Corviknight
|move|p2a: Primarina|Calm Mind|p2a: Primarina
|-boost|p2a: Primarina|spa|1
|-boost|p2a: Primarina|spd|1
|
|-heal|p1a: Corviknight|68/100|[from] item: Leftovers
|upkeep
|turn|8
|c|☆h1217|I shouldve just waved you
|
|t:|1776273958
|move|p1a: Corviknight|Roost|p1a: Corviknight
|-heal|p1a: Corviknight|100/100
|-singleturn|p1a: Corviknight|move: Roost
|move|p2a: Primarina|Surf|p1a: Corviknight
|-damage|p1a: Corviknight|46/100
|
|-heal|p1a: Corviknight|52/100|[from] item: Leftovers
|upkeep
|turn|9
|
|t:|1776273972
|move|p1a: Corviknight|Brave Bird|p2a: Primarina
|-end|p2a: Primarina|Substitute
|-damage|p1a: Corviknight|44/100|[from] Recoil|[of] p2a: Primarina
|move|p2a: Primarina|Surf|p1a: Corviknight
|-damage|p1a: Corviknight|0 fnt
|faint|p1a: Corviknight
|
|upkeep
|
|t:|1776273986
|switch|p1a: Ogerpon|Ogerpon-Cornerstone, F|100/100
|turn|10
|
|t:|1776273992
|move|p1a: Ogerpon|Power Whip|p2a: Primarina
|-supereffective|p2a: Primarina
|-damage|p2a: Primarina|0 fnt
|faint|p2a: Primarina
|
|upkeep
|
|t:|1776273999
|switch|p2a: Great Tusk|Great Tusk|100/100
|-enditem|p2a: Great Tusk|Booster Energy
|-activate|p2a: Great Tusk|ability: Protosynthesis|[fromitem]
|-start|p2a: Great Tusk|protosynthesisatk
|turn|11
|
|t:|1776274007
|move|p1a: Ogerpon|Power Whip|p2a: Great Tusk
|-supereffective|p2a: Great Tusk
|-damage|p2a: Great Tusk|0 fnt
|faint|p2a: Great Tusk
|-end|p2a: Great Tusk|Protosynthesis|[silent]
|
|upkeep
|
|t:|1776274017
|switch|p2a: Iron Moth|Iron Moth|76/100
|turn|12
|
|t:|1776274022
|-terastallize|p1a: Ogerpon|Rock
|detailschange|p1a: Ogerpon|Ogerpon-Cornerstone-Tera, F, tera:Rock
|-ability|p1a: Ogerpon|Embody Aspect (Cornerstone)|boost
|-boost|p1a: Ogerpon|def|1
|move|p2a: Iron Moth|Fiery Dance|p1a: Ogerpon
|-resisted|p1a: Ogerpon
|-damage|p1a: Ogerpon|79/100
|move|p1a: Ogerpon|Ivy Cudgel|p2a: Iron Moth|[anim] Ivy Cudgel Rock
|-supereffective|p2a: Iron Moth
|-damage|p2a: Iron Moth|0 fnt
|faint|p2a: Iron Moth
|-end|p2a: Iron Moth|Quark Drive|[silent]
|
|upkeep
|-message|h1217 forfeited.
|
|win|BAzz Barge
|raw|BAzz Barge's rating: 1233 &rarr; <strong>1254</strong><br />(+21 for winning)
|raw|h1217's rating: 1184 &rarr; <strong>1163</strong><br />(-21 for losing)
|l|☆h1217
|player|p2|
