|html|<div class="broadcast-blue"><strong>[Gen 9] OU is currently suspecting Tera Blast! For information on how to participate check out the <a href="https://www.smogon.com/tools/suspects/view/200">suspect thread</a>.</strong></div>
|j|☆infectious melody
|j|☆EleaRosea
|t:|1776277655
|gametype|singles
|player|p1|infectious melody|miku-flying|1544
|player|p2|EleaRosea|harmony|1562
|gen|9
|tier|[Gen 9] OU
|rated|
|rule|HP Percentage Mod: HP is shown in percentages
|rule|Endless Battle Clause: Forcing endless battles is banned
|rule|Species Clause: Limit one of each Pokémon
|rule|OHKO Clause: OHKO moves are banned
|rule|Evasion Items Clause: Evasion items are banned
|rule|Evasion Moves Clause: Evasion moves are banned
|rule|Evasion Abilities Clause: Evasion abilities are banned
|rule|Sleep Moves Clause: Sleep-inducing moves are banned
|clearpoke
|poke|p1|Kyurem|
|poke|p1|Slowking-Galar, M|
|poke|p1|Lokix, F|
|poke|p1|Cinderace, M|
|poke|p1|Hatterene, F|
|poke|p1|Landorus-Therian, M|
|poke|p2|Great Tusk|
|poke|p2|Heatran, F|
|poke|p2|Weavile, F|
|poke|p2|Primarina, F|
|poke|p2|Ogerpon, F|
|poke|p2|Pecharunt|
|teampreview
|inactive|Battle timer is ON: inactive players will automatically lose when time's up. (requested by EleaRosea)
|inactive|EleaRosea has 120 seconds left.
|inactive|EleaRosea has 90 seconds left.
|inactive|EleaRosea has 60 seconds left.
|
|t:|1776277755
|teamsize|p1|6
|teamsize|p2|6
|start
|switch|p1a: Kyurem|Kyurem|100/100
|switch|p2a: Bandit|Weavile, F, shiny|100/100
|-ability|p2a: Bandit|Pressure
|-ability|p1a: Kyurem|Pressure
|turn|1
|
|t:|1776277773
|switch|p2a: Celestine|Primarina, F, shiny|100/100
|move|p1a: Kyurem|Protect||[still]
|-fail|p1a: Kyurem
|
|upkeep
|turn|2
|
|t:|1776277778
|switch|p1a: Slowking|Slowking-Galar, M|100/100
|move|p2a: Celestine|Moonblast|p1a: Slowking
|-resisted|p1a: Slowking
|-damage|p1a: Slowking|85/100
|-enditem|p1a: Slowking|Eject Button
|
|t:|1776277783
|switch|p1a: Lokix|Lokix, F|100/100
|
|upkeep
|turn|3
|
|t:|1776277789
|move|p1a: Lokix|U-turn|p2a: Celestine
|-resisted|p2a: Celestine
|-damage|p2a: Celestine|39/100
|
|t:|1776277815
|switch|p1a: Slowking|Slowking-Galar, M|100/100|[from] U-turn
|move|p2a: Celestine|Moonblast|p1a: Slowking
|-resisted|p1a: Slowking
|-damage|p1a: Slowking|85/100
|-unboost|p1a: Slowking|spa|1
|
|upkeep
|turn|4
|
|t:|1776277822
|move|p2a: Celestine|Flip Turn|p1a: Slowking
|-damage|p1a: Slowking|69/100
|
|t:|1776277824
|switch|p2a: Bandit|Weavile, F, shiny|100/100|[from] Flip Turn
|-ability|p2a: Bandit|Pressure
|-prepare|p1a: Slowking|Chilly Reception|[premajor]
|move|p1a: Slowking|Chilly Reception|p1a: Slowking
|-weather|Snowscape
|inactive|infectious melody has 120 seconds left.
|
|t:|1776277872
|switch|p1a: Lokix|Lokix, F|100/100|[from] Chilly Reception
|
|-weather|Snowscape|[upkeep]
|upkeep
|turn|5
|
|t:|1776277881
|move|p1a: Lokix|First Impression|p2a: Bandit
|-supereffective|p2a: Bandit
|-damage|p2a: Bandit|0 fnt
|faint|p2a: Bandit
|
|-weather|Snowscape|[upkeep]
|upkeep
|
|t:|1776277883
|switch|p2a: Anonymous|Ogerpon, F|100/100
|turn|6
|
|t:|1776277890
|switch|p1a: Hatterene|Hatterene, F|100/100
|move|p2a: Anonymous|Ivy Cudgel|p1a: Hatterene
|-damage|p1a: Hatterene|36/100
|-enditem|p1a: Hatterene|Eject Button
|
|t:|1776277894
|switch|p1a: Kyurem|Kyurem|100/100
|-ability|p1a: Kyurem|Pressure
|
|-weather|Snowscape|[upkeep]
|upkeep
|turn|7
|
|t:|1776277898
|switch|p2a: Celestine|Primarina, F, shiny|39/100
|move|p1a: Kyurem|Substitute|p1a: Kyurem
|-start|p1a: Kyurem|Substitute
|-damage|p1a: Kyurem|75/100
|
|-weather|Snowscape|[upkeep]
|-heal|p1a: Kyurem|82/100|[from] item: Leftovers
|upkeep
|turn|8
|
|t:|1776277902
|move|p1a: Kyurem|Freeze-Dry|p2a: Celestine
|-supereffective|p2a: Celestine
|-damage|p2a: Celestine|1/100
|move|p2a: Celestine|Moonblast|p1a: Kyurem
|-supereffective|p1a: Kyurem
|-end|p1a: Kyurem|Substitute
|
|-weather|none
|-heal|p1a: Kyurem|88/100|[from] item: Leftovers
|upkeep
|turn|9
|c|☆EleaRosea|real skillful play
|
|t:|1776277910
|move|p1a: Kyurem|Freeze-Dry|p2a: Celestine
|-supereffective|p2a: Celestine
|-damage|p2a: Celestine|0 fnt
|faint|p2a: Celestine
|
|-heal|p1a: Kyurem|94/100|[from] item: Leftovers
|upkeep
|
|t:|1776277916
|switch|p2a: Chaos|Heatran, F, shiny|100/100
|-item|p2a: Chaos|Air Balloon
|turn|10
|c|☆infectious melody|thank you!!!!
|
|t:|1776277934
|move|p1a: Kyurem|Freeze-Dry|p2a: Chaos
|-resisted|p2a: Chaos
|-damage|p2a: Chaos|91/100
|-enditem|p2a: Chaos|Air Balloon
|move|p2a: Chaos|Earth Power|p1a: Kyurem
|-damage|p1a: Kyurem|64/100
|-unboost|p1a: Kyurem|spd|1
|
|-heal|p1a: Kyurem|70/100|[from] item: Leftovers
|upkeep
|turn|11
|
|t:|1776277940
|move|p1a: Kyurem|Earth Power|p2a: Chaos
|-supereffective|p2a: Chaos
|-damage|p2a: Chaos|0 fnt
|faint|p2a: Chaos
|
|-heal|p1a: Kyurem|76/100|[from] item: Leftovers
|upkeep
|
|t:|1776277942
|switch|p2a: Anonymous|Ogerpon, F|100/100
|turn|12
|
|t:|1776277957
|-terastallize|p2a: Anonymous|Grass
|detailschange|p2a: Anonymous|Ogerpon-Teal-Tera, F, tera:Grass
|-ability|p2a: Anonymous|Embody Aspect (Teal)|boost
|-boost|p2a: Anonymous|spe|1
|move|p1a: Kyurem|Protect|p1a: Kyurem
|-singleturn|p1a: Kyurem|Protect
|move|p2a: Anonymous|Ivy Cudgel|p1a: Kyurem
|-activate|p1a: Kyurem|move: Protect
|
|-heal|p1a: Kyurem|83/100|[from] item: Leftovers
|upkeep
|turn|13
|
|t:|1776277968
|move|p2a: Anonymous|Ivy Cudgel|p1a: Kyurem
|-resisted|p1a: Kyurem
|-damage|p1a: Kyurem|33/100
|move|p1a: Kyurem|Freeze-Dry|p2a: Anonymous
|-supereffective|p2a: Anonymous
|-damage|p2a: Anonymous|22/100
|
|-heal|p1a: Kyurem|40/100|[from] item: Leftovers
|upkeep
|turn|14
|
|t:|1776277977
|move|p1a: Kyurem|Protect|p1a: Kyurem
|-singleturn|p1a: Kyurem|Protect
|move|p2a: Anonymous|Ivy Cudgel|p1a: Kyurem
|-activate|p1a: Kyurem|move: Protect
|
|-heal|p1a: Kyurem|46/100|[from] item: Leftovers
|upkeep
|turn|15
|
|t:|1776277979
|switch|p1a: Hatterene|Hatterene, F|36/100
|move|p2a: Anonymous|Ivy Cudgel|p1a: Hatterene
|-damage|p1a: Hatterene|0 fnt
|faint|p1a: Hatterene
|
|upkeep
|
|t:|1776277981
|switch|p1a: Lokix|Lokix, F|100/100
|turn|16
|
|t:|1776277983
|switch|p2a: Overseer|Pecharunt|100/100
|move|p1a: Lokix|First Impression|p2a: Overseer
|-resisted|p2a: Overseer
|-damage|p2a: Overseer|86/100
|-damage|p1a: Lokix|84/100|[from] item: Rocky Helmet|[of] p2a: Overseer
|
|upkeep
|turn|17
|
|t:|1776278006
|switch|p1a: Slowking|Slowking-Galar, M|100/100
|move|p2a: Overseer|Parting Shot|p1a: Slowking
|-unboost|p1a: Slowking|atk|1
|-unboost|p1a: Slowking|spa|1
|
|t:|1776278026
|switch|p2a: Behemoth|Great Tusk, shiny|100/100|[from] Parting Shot
|
|upkeep
|turn|18
|
|t:|1776278031
|switch|p1a: Landorus|Landorus-Therian, M|100/100
|-ability|p1a: Landorus|Intimidate|boost
|-unboost|p2a: Behemoth|atk|1
|move|p2a: Behemoth|Ice Spinner|p1a: Landorus
|-supereffective|p1a: Landorus
|-damage|p1a: Landorus|31/100
|-damage|p2a: Behemoth|84/100|[from] item: Rocky Helmet|[of] p1a: Landorus
|
|upkeep
|turn|19
|
|t:|1776278034
|switch|p1a: Slowking|Slowking-Galar, M|100/100
|move|p2a: Behemoth|Ice Spinner|p1a: Slowking
|-damage|p1a: Slowking|83/100
|
|upkeep
|turn|20
|
|t:|1776278043
|-end|p2a: Behemoth|Protosynthesis|[silent]
|switch|p2a: Anonymous|Ogerpon-Teal-Tera, F, tera:Grass|22/100
|-ability|p2a: Anonymous|Embody Aspect (Teal)|boost
|-boost|p2a: Anonymous|spe|1
|switch|p1a: Landorus|Landorus-Therian, M|31/100
|-ability|p1a: Landorus|Intimidate|boost
|-unboost|p2a: Anonymous|atk|1
|
|upkeep
|turn|21
|
|t:|1776278048
|move|p2a: Anonymous|Ivy Cudgel|p1a: Landorus
|-damage|p1a: Landorus|0 fnt
|faint|p1a: Landorus
|
|upkeep
|
|t:|1776278053
|switch|p1a: Lokix|Lokix, F|84/100
|turn|22
|
|t:|1776278058
|move|p1a: Lokix|First Impression|p2a: Anonymous
|-supereffective|p2a: Anonymous
|-damage|p2a: Anonymous|0 fnt
|faint|p2a: Anonymous
|detailschange|p2: Anonymous|Ogerpon, F|[silent]
|
|upkeep
|
|t:|1776278060
|switch|p2a: Behemoth|Great Tusk, shiny|84/100
|turn|23
|
|t:|1776278068
|switch|p1a: Slowking|Slowking-Galar, M|100/100
|move|p2a: Behemoth|Rapid Spin|p1a: Slowking
|-damage|p1a: Slowking|83/100
|-boost|p2a: Behemoth|spe|1
|
|upkeep
|turn|24
|
|t:|1776278081
|-terastallize|p1a: Slowking|Water
|move|p2a: Behemoth|Headlong Rush|p1a: Slowking
|-damage|p1a: Slowking|22/100
|-unboost|p2a: Behemoth|def|1
|-unboost|p2a: Behemoth|spd|1
|move|p1a: Slowking|Future Sight|p2a: Behemoth
|-start|p1a: Slowking|move: Future Sight
|
|upkeep
|turn|25
|
|t:|1776278089
|switch|p1a: Lokix|Lokix, F|84/100
|move|p2a: Behemoth|Headlong Rush|p1a: Lokix
|-resisted|p1a: Lokix
|-crit|p1a: Lokix
|-damage|p1a: Lokix|12/100
|-unboost|p2a: Behemoth|def|1
|-unboost|p2a: Behemoth|spd|1
|
|upkeep
|turn|26
|
|t:|1776278094
|-end|p2a: Behemoth|Protosynthesis|[silent]
|switch|p2a: Overseer|Pecharunt|86/100
|move|p1a: Lokix|Knock Off|p2a: Overseer
|-supereffective|p2a: Overseer
|-damage|p2a: Overseer|17/100
|-damage|p1a: Lokix|0 fnt|[from] item: Rocky Helmet|[of] p2a: Overseer
|faint|p1a: Lokix
|
|-end|p2a: Overseer|move: Future Sight
|-supereffective|p2a: Overseer
|-damage|p2a: Overseer|0 fnt
|faint|p2a: Overseer
|upkeep
|
|t:|1776278098
|switch|p1a: Cinderace|Cinderace, M|100/100
|switch|p2a: Behemoth|Great Tusk, shiny|84/100
|turn|27
|
|t:|1776278101
|move|p1a: Cinderace|Will-O-Wisp|p2a: Behemoth|[miss]
|-miss|p1a: Cinderace|p2a: Behemoth
|move|p2a: Behemoth|Rapid Spin|p1a: Cinderace
|-damage|p1a: Cinderace|77/100
|-boost|p2a: Behemoth|spe|1
|
|upkeep
|turn|28
|c|☆EleaRosea|#GOOBED
|
|t:|1776278109
|move|p2a: Behemoth|Headlong Rush|p1a: Cinderace
|-supereffective|p1a: Cinderace
|-damage|p1a: Cinderace|0 fnt
|-unboost|p2a: Behemoth|def|1
|-unboost|p2a: Behemoth|spd|1
|faint|p1a: Cinderace
|
|upkeep
|
|t:|1776278115
|switch|p1a: Kyurem|Kyurem|46/100
|-ability|p1a: Kyurem|Pressure
|turn|29
|
|t:|1776278119
|move|p1a: Kyurem|Protect|p1a: Kyurem
|-singleturn|p1a: Kyurem|Protect
|move|p2a: Behemoth|Headlong Rush|p1a: Kyurem
|-activate|p1a: Kyurem|move: Protect
|
|-heal|p1a: Kyurem|52/100|[from] item: Leftovers
|upkeep
|turn|30
|
|t:|1776278124
|switch|p1a: Slowking|Slowking-Galar, M, tera:Water|56/100
|move|p2a: Behemoth|Close Combat|p1a: Slowking
|-damage|p1a: Slowking|0 fnt
|-unboost|p2a: Behemoth|def|1
|-unboost|p2a: Behemoth|spd|1
|faint|p1a: Slowking
|
|upkeep
|
|t:|1776278128
|switch|p1a: Kyurem|Kyurem|52/100
|-ability|p1a: Kyurem|Pressure
|turn|31
|
|t:|1776278130
|move|p1a: Kyurem|Protect|p1a: Kyurem
|-singleturn|p1a: Kyurem|Protect
|move|p2a: Behemoth|Close Combat|p1a: Kyurem
|-activate|p1a: Kyurem|move: Protect
|
|-heal|p1a: Kyurem|58/100|[from] item: Leftovers
|upkeep
|turn|32
|
|t:|1776278133
|move|p1a: Kyurem|Protect||[still]
|-fail|p1a: Kyurem
|move|p2a: Behemoth|Close Combat|p1a: Kyurem
|-supereffective|p1a: Kyurem
|-damage|p1a: Kyurem|0 fnt
|-unboost|p2a: Behemoth|def|1
|-unboost|p2a: Behemoth|spd|1
|faint|p1a: Kyurem
|
|win|EleaRosea
|raw|infectious melody's rating: 1564 &rarr; <strong>1544</strong><br />(-20 for losing)
|raw|EleaRosea's rating: 1562 &rarr; <strong>1582</strong><br />(+20 for winning)
|l|☆infectious melody
|player|p1|
|c|☆EleaRosea|JUSTICE
