|html|<div class="broadcast-blue"><strong>[Gen 9] OU is currently suspecting Tera Blast! For information on how to participate check out the <a href="https://www.smogon.com/tools/suspects/view/200">suspect thread</a>.</strong></div>
|j|☆luffyismygoat
|j|☆Vitalitix
|t:|1776223123
|gametype|singles
|player|p1|luffyismygoat|pokekid|1142
|player|p2|Vitalitix|265|1113
|gen|9
|tier|[Gen 9] OU
|rated|
|rule|HP Percentage Mod: HP is shown in percentages
|rule|Endless Battle Clause: Forcing endless battles is banned
|rule|Species Clause: Limit one of each Pokémon
|rule|OHKO Clause: OHKO moves are banned
|rule|Evasion Items Clause: Evasion items are banned
|rule|Evasion Moves Clause: Evasion moves are banned
|rule|Evasion Abilities Clause: Evasion abilities are banned
|rule|Sleep Moves Clause: Sleep-inducing moves are banned
|clearpoke
|poke|p1|Ninetales, M|
|poke|p1|Raging Bolt|
|poke|p1|Great Tusk|
|poke|p1|Walking Wake|
|poke|p1|Smeargle, M|
|poke|p1|Araquanid, F|
|poke|p2|Ting-Lu|
|poke|p2|Gholdengo|
|poke|p2|Slowking-Galar, M|
|poke|p2|Great Tusk|
|poke|p2|Enamorus, F|
|poke|p2|Meowscarada, F|
|teampreview
|j| ohko_smeargle
|inactive|Battle timer is ON: inactive players will automatically lose when time's up. (requested by Vitalitix)
|
|t:|1776223127
|teamsize|p1|6
|teamsize|p2|6
|start
|switch|p1a: Araquanid|Araquanid, F|100/100
|switch|p2a: Meowscarada|Meowscarada, F, shiny|100/100
|turn|1
|
|t:|1776223142
|move|p2a: Meowscarada|U-turn|p1a: Araquanid
|-start|p2a: Meowscarada|typechange|Bug|[from] ability: Protean
|-damage|p1a: Araquanid|47/100
|
|t:|1776223153
|switch|p2a: Gholdengo|Gholdengo|100/100|[from] U-turn
|-item|p2a: Gholdengo|Air Balloon
|move|p1a: Araquanid|Sticky Web|p2a: Gholdengo
|-sidestart|p2: Vitalitix|move: Sticky Web
|
|-heal|p1a: Araquanid|53/100|[from] item: Leftovers
|upkeep
|turn|2
|
|t:|1776223166
|switch|p1a: Ninetales|Ninetales, M|100/100
|-weather|SunnyDay|[from] ability: Drought|[of] p1a: Ninetales
|move|p2a: Gholdengo|Make It Rain|p1a: Ninetales
|-resisted|p1a: Ninetales
|-damage|p1a: Ninetales|69/100
|-unboost|p2a: Gholdengo|spa|1
|
|-weather|SunnyDay|[upkeep]
|upkeep
|turn|3
|
|t:|1776223181
|switch|p1a: Raging Bolt|Raging Bolt|100/100
|-activate|p1a: Raging Bolt|ability: Protosynthesis
|-start|p1a: Raging Bolt|protosynthesisspa
|switch|p2a: Great Tusk|Great Tusk, shiny|100/100
|-activate|p2a: Great Tusk|move: Sticky Web
|-unboost|p2a: Great Tusk|spe|1
|-activate|p2a: Great Tusk|ability: Protosynthesis
|-start|p2a: Great Tusk|protosynthesisatk
|
|-weather|SunnyDay|[upkeep]
|upkeep
|turn|4
|
|t:|1776223193
|-end|p1a: Raging Bolt|Protosynthesis|[silent]
|switch|p1a: Walking Wake|Walking Wake|100/100
|-activate|p1a: Walking Wake|ability: Protosynthesis
|-start|p1a: Walking Wake|protosynthesisspa
|move|p2a: Great Tusk|Bulk Up|p2a: Great Tusk
|-boost|p2a: Great Tusk|atk|1
|-boost|p2a: Great Tusk|def|1
|
|-weather|SunnyDay|[upkeep]
|upkeep
|turn|5
|
|t:|1776223205
|-terastallize|p2a: Great Tusk|Ice
|move|p1a: Walking Wake|Hydro Steam|p2a: Great Tusk
|-damage|p2a: Great Tusk|0 fnt
|faint|p2a: Great Tusk
|-end|p2a: Great Tusk|Protosynthesis|[silent]
|
|-weather|SunnyDay|[upkeep]
|upkeep
|
|t:|1776223213
|switch|p2a: Meowscarada|Meowscarada, F, shiny|100/100
|-activate|p2a: Meowscarada|move: Sticky Web
|-unboost|p2a: Meowscarada|spe|1
|turn|6
|
|t:|1776223226
|-end|p1a: Walking Wake|Protosynthesis|[silent]
|switch|p1a: Great Tusk|Great Tusk|100/100
|-activate|p1a: Great Tusk|ability: Protosynthesis
|-start|p1a: Great Tusk|protosynthesisspe
|move|p2a: Meowscarada|Flower Trick|p1a: Great Tusk
|-start|p2a: Meowscarada|typechange|Grass|[from] ability: Protean
|-supereffective|p1a: Great Tusk
|-crit|p1a: Great Tusk
|-damage|p1a: Great Tusk|5/100
|
|-weather|SunnyDay|[upkeep]
|upkeep
|turn|7
|
|t:|1776223242
|switch|p2a: Enamorus|Enamorus, F|100/100
|move|p1a: Great Tusk|Head Smash|p2a: Enamorus
|-supereffective|p2a: Enamorus
|-damage|p2a: Enamorus|0 fnt
|faint|p2a: Enamorus
|-damage|p1a: Great Tusk|0 fnt|[from] Recoil
|faint|p1a: Great Tusk
|-end|p1a: Great Tusk|Protosynthesis|[silent]
|
|-weather|SunnyDay|[upkeep]
|upkeep
|
|t:|1776223251
|switch|p2a: Gholdengo|Gholdengo|100/100
|switch|p1a: Smeargle|Smeargle, M|100/100
|-item|p2a: Gholdengo|Air Balloon
|turn|8
|
|t:|1776223260
|switch|p1a: Walking Wake|Walking Wake|100/100
|-activate|p1a: Walking Wake|ability: Protosynthesis
|-start|p1a: Walking Wake|protosynthesisspa
|move|p2a: Gholdengo|Make It Rain|p1a: Walking Wake
|-resisted|p1a: Walking Wake
|-damage|p1a: Walking Wake|65/100
|-unboost|p2a: Gholdengo|spa|1
|
|-weather|SunnyDay|[upkeep]
|upkeep
|turn|9
|
|t:|1776223275
|switch|p2a: Slowking|Slowking-Galar, M|100/100
|move|p1a: Walking Wake|Weather Ball|p2a: Slowking
|-damage|p2a: Slowking|35/100
|
|-weather|none
|-end|p1a: Walking Wake|Protosynthesis
|upkeep
|turn|10
|
|t:|1776223284
|-end|p1a: Walking Wake|Protosynthesis|[silent]
|switch|p1a: Ninetales|Ninetales, M|69/100
|-weather|SunnyDay|[from] ability: Drought|[of] p1a: Ninetales
|-prepare|p2a: Slowking|Chilly Reception|[premajor]
|move|p2a: Slowking|Chilly Reception|p2a: Slowking
|-weather|Snowscape
|
|t:|1776223294
|switch|p2a: Meowscarada|Meowscarada, F, shiny|100/100|[from] Chilly Reception
|-activate|p2a: Meowscarada|move: Sticky Web
|-unboost|p2a: Meowscarada|spe|1
|
|-weather|Snowscape|[upkeep]
|upkeep
|turn|11
|
|t:|1776223304
|switch|p2a: Ting-Lu|Ting-Lu, shiny|100/100
|-activate|p2a: Ting-Lu|move: Sticky Web
|-unboost|p2a: Ting-Lu|spe|1
|-ability|p2a: Ting-Lu|Vessel of Ruin
|move|p1a: Ninetales|Overheat|p2a: Ting-Lu
|-damage|p2a: Ting-Lu|85/100
|-unboost|p1a: Ninetales|spa|2
|
|-weather|Snowscape|[upkeep]
|-heal|p2a: Ting-Lu|91/100|[from] item: Leftovers
|upkeep
|turn|12
|
|t:|1776223321
|switch|p1a: Araquanid|Araquanid, F|53/100
|move|p2a: Ting-Lu|Stealth Rock|p1a: Araquanid
|-sidestart|p1: luffyismygoat|move: Stealth Rock
|
|-weather|Snowscape|[upkeep]
|-heal|p1a: Araquanid|59/100|[from] item: Leftovers
|-heal|p2a: Ting-Lu|98/100|[from] item: Leftovers
|upkeep
|turn|13
|
|t:|1776223329
|move|p1a: Araquanid|Leech Life|p2a: Ting-Lu
|-supereffective|p2a: Ting-Lu
|-damage|p2a: Ting-Lu|62/100
|-heal|p1a: Araquanid|86/100|[from] drain|[of] p2a: Ting-Lu
|move|p2a: Ting-Lu|Ruination|p1a: Araquanid
|-damage|p1a: Araquanid|43/100
|
|-weather|Snowscape|[upkeep]
|-heal|p1a: Araquanid|49/100|[from] item: Leftovers
|-heal|p2a: Ting-Lu|68/100|[from] item: Leftovers
|upkeep
|turn|14
|
|t:|1776223344
|switch|p2a: Gholdengo|Gholdengo|100/100
|-item|p2a: Gholdengo|Air Balloon
|move|p1a: Araquanid|Liquidation|p2a: Gholdengo
|-damage|p2a: Gholdengo|24/100
|-enditem|p2a: Gholdengo|Air Balloon
|
|-weather|none
|-heal|p1a: Araquanid|55/100|[from] item: Leftovers
|upkeep
|turn|15
|
|t:|1776223354
|move|p2a: Gholdengo|Shadow Ball|p1a: Araquanid
|-damage|p1a: Araquanid|22/100
|move|p1a: Araquanid|Liquidation|p2a: Gholdengo
|-damage|p2a: Gholdengo|0 fnt
|faint|p2a: Gholdengo
|
|-heal|p1a: Araquanid|28/100|[from] item: Leftovers
|upkeep
|
|t:|1776223366
|switch|p2a: Meowscarada|Meowscarada, F, shiny|100/100
|-activate|p2a: Meowscarada|move: Sticky Web
|-unboost|p2a: Meowscarada|spe|1
|turn|16
|
|t:|1776223372
|move|p2a: Meowscarada|Flower Trick|p1a: Araquanid
|-start|p2a: Meowscarada|typechange|Grass|[from] ability: Protean
|-crit|p1a: Araquanid
|-damage|p1a: Araquanid|0 fnt
|faint|p1a: Araquanid
|
|upkeep
|
|t:|1776223377
|switch|p1a: Ninetales|Ninetales, M|69/100
|-damage|p1a: Ninetales|44/100|[from] Stealth Rock
|-weather|SunnyDay|[from] ability: Drought|[of] p1a: Ninetales
|turn|17
|
|t:|1776223388
|move|p1a: Ninetales|Overheat|p2a: Meowscarada
|-supereffective|p2a: Meowscarada
|-damage|p2a: Meowscarada|0 fnt
|-unboost|p1a: Ninetales|spa|2
|faint|p2a: Meowscarada
|
|-weather|SunnyDay|[upkeep]
|upkeep
|
|t:|1776223396
|switch|p2a: Slowking|Slowking-Galar, M|68/100
|turn|18
|
|t:|1776223399
|switch|p1a: Raging Bolt|Raging Bolt|100/100
|-damage|p1a: Raging Bolt|88/100|[from] Stealth Rock
|-activate|p1a: Raging Bolt|ability: Protosynthesis
|-start|p1a: Raging Bolt|protosynthesisspa
|-prepare|p2a: Slowking|Chilly Reception|[premajor]
|move|p2a: Slowking|Chilly Reception|p2a: Slowking
|-weather|Snowscape
|-end|p1a: Raging Bolt|Protosynthesis
|
|t:|1776223408
|switch|p2a: Ting-Lu|Ting-Lu, shiny|68/100|[from] Chilly Reception
|-activate|p2a: Ting-Lu|move: Sticky Web
|-unboost|p2a: Ting-Lu|spe|1
|-ability|p2a: Ting-Lu|Vessel of Ruin
|
|-weather|Snowscape|[upkeep]
|-heal|p2a: Ting-Lu|75/100|[from] item: Leftovers
|upkeep
|turn|19
|
|t:|1776223417
|move|p1a: Raging Bolt|Weather Ball|p2a: Ting-Lu
|-supereffective|p2a: Ting-Lu
|-damage|p2a: Ting-Lu|35/100
|-damage|p1a: Raging Bolt|78/100|[from] item: Life Orb
|move|p2a: Ting-Lu|Earthquake|p1a: Raging Bolt
|-supereffective|p1a: Raging Bolt
|-damage|p1a: Raging Bolt|2/100
|
|-weather|Snowscape|[upkeep]
|-heal|p2a: Ting-Lu|41/100|[from] item: Leftovers
|upkeep
|turn|20
|
|t:|1776223430
|move|p1a: Raging Bolt|Weather Ball|p2a: Ting-Lu
|-supereffective|p2a: Ting-Lu
|-crit|p2a: Ting-Lu
|-damage|p2a: Ting-Lu|0 fnt
|faint|p2a: Ting-Lu
|-damage|p1a: Raging Bolt|0 fnt|[from] item: Life Orb
|faint|p1a: Raging Bolt
|-end|p1a: Raging Bolt|Protosynthesis|[silent]
|
|-weather|Snowscape|[upkeep]
|upkeep
|
|t:|1776223438
|switch|p1a: Ninetales|Ninetales, M|44/100
|switch|p2a: Slowking|Slowking-Galar, M|100/100
|-damage|p1a: Ninetales|19/100|[from] Stealth Rock
|-weather|SunnyDay|[from] ability: Drought|[of] p1a: Ninetales
|turn|21
|
|t:|1776223444
|switch|p1a: Smeargle|Smeargle, M|100/100
|-damage|p1a: Smeargle|88/100|[from] Stealth Rock
|-prepare|p2a: Slowking|Chilly Reception|[premajor]
|move|p2a: Slowking|Chilly Reception|p2a: Slowking
|-weather|Snowscape
|
|-weather|Snowscape|[upkeep]
|upkeep
|turn|22
|
|t:|1776223455
|move|p1a: Smeargle|Shell Smash|p1a: Smeargle
|-unboost|p1a: Smeargle|def|1
|-unboost|p1a: Smeargle|spd|1
|-boost|p1a: Smeargle|atk|2
|-boost|p1a: Smeargle|spa|2
|-boost|p1a: Smeargle|spe|2
|move|p2a: Slowking|Sludge Bomb|p1a: Smeargle
|-damage|p1a: Smeargle|0 fnt
|faint|p1a: Smeargle
|
|-weather|Snowscape|[upkeep]
|upkeep
|
|t:|1776223460
|switch|p1a: Ninetales|Ninetales, M|19/100
|-damage|p1a: Ninetales|0 fnt|[from] Stealth Rock
|faint|p1a: Ninetales
|
|t:|1776223461
|switch|p1a: Walking Wake|Walking Wake|65/100
|-damage|p1a: Walking Wake|52/100|[from] Stealth Rock
|turn|23
|
|t:|1776223474
|move|p1a: Walking Wake|Hydro Steam|p2a: Slowking
|-damage|p2a: Slowking|59/100
|move|p2a: Slowking|Sludge Bomb|p1a: Walking Wake
|-damage|p1a: Walking Wake|15/100
|
|-weather|Snowscape|[upkeep]
|upkeep
|turn|24
|
|t:|1776223481
|-terastallize|p1a: Walking Wake|Water
|move|p1a: Walking Wake|Hydro Steam|p2a: Slowking
|-damage|p2a: Slowking|9/100
|move|p2a: Slowking|Sludge Bomb|p1a: Walking Wake
|-damage|p1a: Walking Wake|0 fnt
|faint|p1a: Walking Wake
|-end|p1a: Walking Wake|Protosynthesis|[silent]
|
|win|Vitalitix
|raw|luffyismygoat's rating: 1142 &rarr; <strong>1115</strong><br />(-27 for losing)
|raw|Vitalitix's rating: 1113 &rarr; <strong>1140</strong><br />(+27 for winning)
|l| ohko_smeargle
|l|☆luffyismygoat
|player|p1|
