|html|<div class="broadcast-blue"><strong>[Gen 9] OU is currently suspecting Volcarona! For information on how to participate check out the <a href="https://www.smogon.com/tools/suspects/view/208">suspect thread</a>.</strong></div>
|j|☆Illuminating_Fate
|j|☆Agathina
|t:|1778505490
|gametype|singles
|player|p1|Illuminating_Fate|lucas|1348
|player|p2|Agathina|cynthia-gen4|1316
|gen|9
|tier|[Gen 9] OU
|rated|
|rule|HP Percentage Mod: HP is shown in percentages
|rule|Endless Battle Clause: Forcing endless battles is banned
|rule|Species Clause: Limit one of each Pokémon
|rule|OHKO Clause: OHKO moves are banned
|rule|Evasion Items Clause: Evasion items are banned
|rule|Evasion Moves Clause: Evasion moves are banned
|rule|Evasion Abilities Clause: Evasion abilities are banned
|rule|Sleep Moves Clause: Sleep-inducing moves are banned
|clearpoke
|poke|p1|Gliscor, F|
|poke|p1|Gholdengo|
|poke|p1|Blissey, F|
|poke|p1|Corviknight, F|
|poke|p1|Slither Wing|
|poke|p1|Darkrai|
|poke|p2|Garchomp, F|
|poke|p2|Skeledirge, M|
|poke|p2|Rillaboom, M|
|poke|p2|Iron Valiant|
|poke|p2|Iron Crown|
|poke|p2|Ogerpon-Wellspring, F|
|teampreview
|inactive|Battle timer is ON: inactive players will automatically lose when time's up. (requested by Illuminating_Fate)
|
|t:|1778505516
|teamsize|p1|6
|teamsize|p2|6
|start
|switch|p1a: Gliscor|Gliscor, F|100/100
|switch|p2a: Ogerpon|Ogerpon-Wellspring, F|100/100
|turn|1
|
|t:|1778505526
|move|p1a: Gliscor|Protect|p1a: Gliscor
|-singleturn|p1a: Gliscor|Protect
|move|p2a: Ogerpon|Swords Dance|p2a: Ogerpon
|-boost|p2a: Ogerpon|atk|2
|
|-status|p1a: Gliscor|tox|[from] item: Toxic Orb
|upkeep
|turn|2
|
|t:|1778505538
|-terastallize|p1a: Gliscor|Water
|move|p2a: Ogerpon|Ivy Cudgel|p1a: Gliscor|[anim] Ivy Cudgel Water
|-resisted|p1a: Gliscor
|-damage|p1a: Gliscor|61/100 tox
|move|p1a: Gliscor|Toxic|p2a: Ogerpon
|-status|p2a: Ogerpon|tox
|
|-damage|p2a: Ogerpon|95/100 tox|[from] psn
|-heal|p1a: Gliscor|73/100 tox|[from] ability: Poison Heal
|upkeep
|turn|3
|
|t:|1778505555
|switch|p2a: Iron Crown|Iron Crown|100/100
|switch|p1a: Corviknight|Corviknight, F|100/100
|
|upkeep
|turn|4
|
|t:|1778505562
|switch|p1a: Blissey|Blissey, F|100/100
|move|p2a: Iron Crown|Volt Switch|p1a: Blissey
|-crit|p1a: Blissey
|-damage|p1a: Blissey|91/100
|inactive|Agathina has 120 seconds left.
|
|t:|1778505588
|-end|p2a: Iron Crown|Quark Drive|[silent]
|switch|p2a: Rillaboom|Rillaboom, M|100/100|[from] Volt Switch
|-fieldstart|move: Grassy Terrain|[from] ability: Grassy Surge|[of] p2a: Rillaboom
|
|-heal|p1a: Blissey|97/100|[from] Grassy Terrain
|upkeep
|turn|5
|
|t:|1778505595
|switch|p1a: Slither Wing|Slither Wing|100/100
|move|p2a: Rillaboom|Wood Hammer|p1a: Slither Wing
|-resisted|p1a: Slither Wing
|-damage|p1a: Slither Wing|51/100
|-damage|p2a: Rillaboom|83/100|[from] Recoil
|
|-heal|p2a: Rillaboom|89/100|[from] Grassy Terrain
|-heal|p1a: Slither Wing|57/100|[from] Grassy Terrain
|upkeep
|turn|6
|
|t:|1778505601
|switch|p2a: Garchomp|Garchomp, F|100/100
|move|p1a: Slither Wing|U-turn|p2a: Garchomp
|-damage|p2a: Garchomp|75/100
|-damage|p1a: Slither Wing|45/100|[from] ability: Rough Skin|[of] p2a: Garchomp
|-damage|p1a: Slither Wing|29/100|[from] item: Rocky Helmet|[of] p2a: Garchomp
|
|t:|1778505610
|-end|p1a: Slither Wing|Protosynthesis|[silent]
|switch|p1a: Gliscor|Gliscor, F, tera:Water|73/100 tox|[from] U-turn
|
|-heal|p2a: Garchomp|81/100|[from] Grassy Terrain
|-heal|p1a: Gliscor|79/100 tox|[from] Grassy Terrain
|-heal|p1a: Gliscor|92/100 tox|[from] ability: Poison Heal
|upkeep
|turn|7
|
|t:|1778505625
|switch|p2a: Iron Crown|Iron Crown|100/100
|move|p1a: Gliscor|Spikes|p2a: Iron Crown
|-sidestart|p2: Agathina|Spikes
|
|-heal|p1a: Gliscor|98/100 tox|[from] Grassy Terrain
|-heal|p1a: Gliscor|100/100 tox|[from] ability: Poison Heal
|upkeep
|turn|8
|
|t:|1778505633
|move|p2a: Iron Crown|Psychic Noise|p1a: Gliscor
|-damage|p1a: Gliscor|58/100 tox
|-start|p1a: Gliscor|move: Heal Block
|move|p1a: Gliscor|Spikes|p2a: Iron Crown
|-sidestart|p2: Agathina|Spikes
|
|-fieldend|move: Grassy Terrain
|upkeep
|turn|9
|
|t:|1778505651
|switch|p1a: Blissey|Blissey, F|97/100
|move|p2a: Iron Crown|Volt Switch|p1a: Blissey
|-crit|p1a: Blissey
|-damage|p1a: Blissey|87/100
|
|t:|1778505675
|-end|p2a: Iron Crown|Quark Drive|[silent]
|switch|p2a: Garchomp|Garchomp, F|81/100|[from] Volt Switch
|-damage|p2a: Garchomp|65/100|[from] Spikes
|
|upkeep
|turn|10
|
|t:|1778505683
|move|p2a: Garchomp|Spikes|p1a: Blissey
|-sidestart|p1: Illuminating_Fate|Spikes
|move|p1a: Blissey|Trick|p2a: Garchomp
|-activate|p1a: Blissey|move: Trick|[of] p2a: Garchomp
|-item|p2a: Garchomp|Choice Scarf|[from] move: Trick
|-item|p1a: Blissey|Rocky Helmet|[from] move: Trick
|
|upkeep
|turn|11
|inactive|Agathina has 120 seconds left.
|
|t:|1778505713
|switch|p1a: Corviknight|Corviknight, F|100/100
|move|p2a: Garchomp|Spikes|p1a: Corviknight
|-sidestart|p1: Illuminating_Fate|Spikes
|
|upkeep
|turn|12
|
|t:|1778505721
|switch|p2a: Skeledirge|Skeledirge, M|100/100
|move|p1a: Corviknight|Defog|p2a: Skeledirge
|-unboost|p2a: Skeledirge|evasion|1
|-sideend|p2: Agathina|Spikes|[from] move: Defog|[of] p1a: Corviknight
|-sideend|p1: Illuminating_Fate|Spikes|[from] move: Defog|[of] p1a: Corviknight
|
|upkeep
|turn|13
|inactive|Agathina has 120 seconds left.
|
|t:|1778505727
|switch|p1a: Blissey|Blissey, F|87/100
|move|p2a: Skeledirge|Torch Song|p1a: Blissey
|-damage|p1a: Blissey|78/100
|-boost|p2a: Skeledirge|spa|1
|
|upkeep
|turn|14
|
|t:|1778505750
|move|p2a: Skeledirge|Torch Song|p1a: Blissey
|-damage|p1a: Blissey|65/100
|-boost|p2a: Skeledirge|spa|1
|move|p1a: Blissey|Flamethrower|p2a: Skeledirge
|-resisted|p2a: Skeledirge
|-damage|p2a: Skeledirge|92/100
|
|upkeep
|turn|15
|-message|Illuminating_Fate forfeited.
|
|win|Agathina
|raw|Illuminating_Fate's rating: 1348 &rarr; <strong>1326</strong><br />(-22 for losing)
|raw|Agathina's rating: 1316 &rarr; <strong>1338</strong><br />(+22 for winning)
|l|☆Illuminating_Fate
|player|p1|
