|html|<div class="broadcast-blue"><strong>[Gen 9] OU is currently suspecting Tera Blast! For information on how to participate check out the <a href="https://www.smogon.com/tools/suspects/view/200">suspect thread</a>.</strong></div>
|j|☆hat40
|j|☆Justtheduckman
|t:|1776048238
|gametype|singles
|player|p1|hat40|1|1219
|player|p2|Justtheduckman|miku-grass|1253
|gen|9
|tier|[Gen 9] OU
|rated|
|rule|HP Percentage Mod: HP is shown in percentages
|rule|Endless Battle Clause: Forcing endless battles is banned
|rule|Species Clause: Limit one of each Pokémon
|rule|OHKO Clause: OHKO moves are banned
|rule|Evasion Items Clause: Evasion items are banned
|rule|Evasion Moves Clause: Evasion moves are banned
|rule|Evasion Abilities Clause: Evasion abilities are banned
|rule|Sleep Moves Clause: Sleep-inducing moves are banned
|clearpoke
|poke|p1|Great Tusk|
|poke|p1|Walking Wake|
|poke|p1|Kingambit, M|
|poke|p1|Venusaur, F|
|poke|p1|Ninetales, F|
|poke|p1|Thundurus-Therian, M|
|poke|p2|Emboar, F|
|poke|p2|Crawdaunt, F|
|poke|p2|Meowscarada, F|
|poke|p2|Corviknight, F|
|poke|p2|Ting-Lu|
|poke|p2|Slowking-Galar, F|
|teampreview
|j| ohko_smeargle
|inactive|Battle timer is ON: inactive players will automatically lose when time's up. (requested by hat40)
|
|t:|1776048259
|teamsize|p1|6
|teamsize|p2|6
|start
|switch|p1a: Thundurus|Thundurus-Therian, M|100/100
|switch|p2a: Ting-Lu|Ting-Lu|100/100
|-ability|p2a: Ting-Lu|Vessel of Ruin
|turn|1
|
|t:|1776048266
|switch|p2a: Slowking|Slowking-Galar, F|100/100
|move|p1a: Thundurus|Grass Knot|p2a: Slowking
|-resisted|p2a: Slowking
|-damage|p2a: Slowking|90/100
|-damage|p1a: Thundurus|84/100|[from] item: Rocky Helmet|[of] p2a: Slowking
|
|upkeep
|turn|2
|
|t:|1776048272
|switch|p1a: Kingambit|Kingambit, M|100/100
|-item|p1a: Kingambit|Air Balloon
|move|p2a: Slowking|Future Sight|p1a: Kingambit
|-start|p2a: Slowking|move: Future Sight
|
|upkeep
|turn|3
|
|t:|1776048287
|-end|p1a: Kingambit|fallenundefined|[silent]
|switch|p1a: Thundurus|Thundurus-Therian, M|84/100
|switch|p2a: Corviknight|Corviknight, F|100/100
|-ability|p2a: Corviknight|Pressure
|
|upkeep
|turn|4
|
|t:|1776048294
|move|p1a: Thundurus|Volt Switch|p2a: Corviknight
|-supereffective|p2a: Corviknight
|-damage|p2a: Corviknight|19/100
|
|t:|1776048299
|switch|p1a: Kingambit|Kingambit, M|100/100|[from] Volt Switch
|-item|p1a: Kingambit|Air Balloon
|move|p2a: Corviknight|Body Press|p1a: Kingambit
|-supereffective|p1a: Kingambit
|-damage|p1a: Kingambit|16/100
|-enditem|p1a: Kingambit|Air Balloon
|
|-end|p1a: Kingambit|move: Future Sight
|-immune|p1a: Kingambit
|upkeep
|turn|5
|
|t:|1776048313
|switch|p2a: Meowscarada|Meowscarada, F|100/100
|-end|p1a: Kingambit|fallenundefined|[silent]
|switch|p1a: Thundurus|Thundurus-Therian, M|84/100
|
|upkeep
|turn|6
|
|t:|1776048326
|switch|p1a: Ninetales|Ninetales, F|100/100
|-weather|SunnyDay|[from] ability: Drought|[of] p1a: Ninetales
|move|p2a: Meowscarada|Triple Axel|p1a: Ninetales
|-start|p2a: Meowscarada|typechange|Ice|[from] ability: Protean
|-resisted|p1a: Ninetales
|-damage|p1a: Ninetales|94/100
|-resisted|p1a: Ninetales
|-damage|p1a: Ninetales|84/100
|-resisted|p1a: Ninetales
|-damage|p1a: Ninetales|69/100
|-hitcount|p1a: Ninetales|3
|
|-weather|SunnyDay|[upkeep]
|upkeep
|turn|7
|
|t:|1776048339
|switch|p2a: Slowking|Slowking-Galar, F|100/100
|switch|p1a: Walking Wake|Walking Wake|100/100
|-activate|p1a: Walking Wake|ability: Protosynthesis
|-start|p1a: Walking Wake|protosynthesisspe
|
|-weather|SunnyDay|[upkeep]
|upkeep
|turn|8
|
|t:|1776048348
|move|p1a: Walking Wake|Draco Meteor|p2a: Slowking
|-damage|p2a: Slowking|51/100
|-unboost|p1a: Walking Wake|spa|2
|-prepare|p2a: Slowking|Chilly Reception|[premajor]
|move|p2a: Slowking|Chilly Reception|p2a: Slowking
|-weather|Snowscape
|-end|p1a: Walking Wake|Protosynthesis
|
|t:|1776048359
|switch|p2a: Meowscarada|Meowscarada, F|100/100|[from] Chilly Reception
|
|-weather|Snowscape|[upkeep]
|upkeep
|turn|9
|
|t:|1776048365
|-end|p1a: Walking Wake|Protosynthesis|[silent]
|switch|p1a: Ninetales|Ninetales, F|69/100
|-weather|SunnyDay|[from] ability: Drought|[of] p1a: Ninetales
|move|p2a: Meowscarada|Knock Off|p1a: Ninetales
|-start|p2a: Meowscarada|typechange|Dark|[from] ability: Protean
|-damage|p1a: Ninetales|17/100
|-enditem|p1a: Ninetales|Heat Rock|[from] move: Knock Off|[of] p2a: Meowscarada
|
|-weather|SunnyDay|[upkeep]
|upkeep
|turn|10
|
|t:|1776048376
|switch|p1a: Great Tusk|Great Tusk|100/100
|-activate|p1a: Great Tusk|ability: Protosynthesis
|-start|p1a: Great Tusk|protosynthesisatk
|move|p2a: Meowscarada|Knock Off|p1a: Great Tusk
|-resisted|p1a: Great Tusk
|-damage|p1a: Great Tusk|87/100
|-damage|p2a: Meowscarada|84/100|[from] item: Rocky Helmet|[of] p1a: Great Tusk
|-enditem|p1a: Great Tusk|Rocky Helmet|[from] move: Knock Off|[of] p2a: Meowscarada
|
|-weather|SunnyDay|[upkeep]
|upkeep
|turn|11
|
|t:|1776048392
|switch|p2a: Ting-Lu|Ting-Lu|100/100
|-ability|p2a: Ting-Lu|Vessel of Ruin
|move|p1a: Great Tusk|Stealth Rock|p2a: Ting-Lu
|-sidestart|p2: Justtheduckman|move: Stealth Rock
|
|-weather|SunnyDay|[upkeep]
|upkeep
|turn|12
|
|t:|1776048399
|move|p1a: Great Tusk|Ice Spinner|p2a: Ting-Lu
|-supereffective|p2a: Ting-Lu
|-damage|p2a: Ting-Lu|59/100
|move|p2a: Ting-Lu|Stealth Rock|p1a: Great Tusk
|-sidestart|p1: hat40|move: Stealth Rock
|
|-weather|SunnyDay|[upkeep]
|-heal|p2a: Ting-Lu|65/100|[from] item: Leftovers
|upkeep
|turn|13
|
|t:|1776048410
|switch|p2a: Slowking|Slowking-Galar, F|84/100
|-damage|p2a: Slowking|72/100|[from] Stealth Rock
|move|p1a: Great Tusk|Rapid Spin|p2a: Slowking
|-damage|p2a: Slowking|53/100
|-boost|p1a: Great Tusk|spe|1
|-damage|p1a: Great Tusk|70/100|[from] item: Rocky Helmet|[of] p2a: Slowking
|-sideend|p1: hat40|Stealth Rock|[from] move: Rapid Spin|[of] p1a: Great Tusk
|
|-weather|SunnyDay|[upkeep]
|upkeep
|turn|14
|
|t:|1776048419
|move|p1a: Great Tusk|Headlong Rush|p2a: Slowking
|-supereffective|p2a: Slowking
|-damage|p2a: Slowking|0 fnt
|-unboost|p1a: Great Tusk|def|1
|-unboost|p1a: Great Tusk|spd|1
|-damage|p1a: Great Tusk|54/100|[from] item: Rocky Helmet|[of] p2a: Slowking
|faint|p2a: Slowking
|
|-weather|SunnyDay|[upkeep]
|upkeep
|
|t:|1776048427
|switch|p2a: Meowscarada|Meowscarada, F|84/100
|-damage|p2a: Meowscarada|72/100|[from] Stealth Rock
|turn|15
|
|t:|1776048434
|-end|p1a: Great Tusk|Protosynthesis|[silent]
|switch|p1a: Venusaur|Venusaur, F|100/100
|move|p2a: Meowscarada|Flower Trick|p1a: Venusaur
|-start|p2a: Meowscarada|typechange|Grass|[from] ability: Protean
|-resisted|p1a: Venusaur
|-crit|p1a: Venusaur
|-damage|p1a: Venusaur|83/100
|
|-weather|SunnyDay|[upkeep]
|upkeep
|turn|16
|
|t:|1776048443
|switch|p2a: Emboar|Emboar, F|100/100
|-damage|p2a: Emboar|88/100|[from] Stealth Rock
|move|p1a: Venusaur|Weather Ball|p2a: Emboar
|-resisted|p2a: Emboar
|-damage|p2a: Emboar|42/100
|-damage|p1a: Venusaur|73/100|[from] item: Life Orb
|
|-weather|none
|upkeep
|turn|17
|
|t:|1776048454
|move|p1a: Venusaur|Sludge Bomb|p2a: Emboar
|-damage|p2a: Emboar|0 fnt
|faint|p2a: Emboar
|-damage|p1a: Venusaur|63/100|[from] item: Life Orb
|
|upkeep
|
|t:|1776048464
|switch|p2a: Meowscarada|Meowscarada, F|72/100
|-damage|p2a: Meowscarada|60/100|[from] Stealth Rock
|turn|18
|
|t:|1776048470
|switch|p1a: Kingambit|Kingambit, M|16/100
|move|p2a: Meowscarada|Triple Axel|p1a: Kingambit
|-start|p2a: Meowscarada|typechange|Ice|[from] ability: Protean
|-resisted|p1a: Kingambit
|-damage|p1a: Kingambit|13/100
|-resisted|p1a: Kingambit
|-damage|p1a: Kingambit|6/100
|-resisted|p1a: Kingambit
|-damage|p1a: Kingambit|0 fnt
|faint|p1a: Kingambit
|-end|p1a: Kingambit|fallenundefined|[silent]
|-hitcount|p1: Kingambit|3
|
|upkeep
|
|t:|1776048488
|switch|p1a: Walking Wake|Walking Wake|100/100
|turn|19
|
|t:|1776048494
|switch|p2a: Corviknight|Corviknight, F|19/100
|-damage|p2a: Corviknight|7/100|[from] Stealth Rock
|-ability|p2a: Corviknight|Pressure
|move|p1a: Walking Wake|Flamethrower|p2a: Corviknight
|-supereffective|p2a: Corviknight
|-damage|p2a: Corviknight|0 fnt
|faint|p2a: Corviknight
|
|upkeep
|
|t:|1776048507
|switch|p2a: Mr. Craw|Crawdaunt, F|100/100
|-damage|p2a: Mr. Craw|88/100|[from] Stealth Rock
|turn|20
|
|t:|1776048513
|move|p1a: Walking Wake|Draco Meteor|p2a: Mr. Craw
|-damage|p2a: Mr. Craw|0 fnt
|-unboost|p1a: Walking Wake|spa|2
|faint|p2a: Mr. Craw
|
|upkeep
|
|t:|1776048519
|switch|p2a: Meowscarada|Meowscarada, F|60/100
|-damage|p2a: Meowscarada|47/100|[from] Stealth Rock
|turn|21
|
|t:|1776048526
|-end|p1a: Walking Wake|Protosynthesis|[silent]
|switch|p1a: Ninetales|Ninetales, F|17/100
|-weather|SunnyDay|[from] ability: Drought|[of] p1a: Ninetales
|move|p2a: Meowscarada|Triple Axel|p1a: Ninetales
|-start|p2a: Meowscarada|typechange|Ice|[from] ability: Protean
|-resisted|p1a: Ninetales
|-damage|p1a: Ninetales|11/100
|-hitcount|p1a: Ninetales|1
|
|-weather|SunnyDay|[upkeep]
|upkeep
|turn|22
|
|t:|1776048536
|move|p2a: Meowscarada|Triple Axel|p1a: Ninetales
|-resisted|p1a: Ninetales
|-damage|p1a: Ninetales|6/100
|-resisted|p1a: Ninetales
|-damage|p1a: Ninetales|0 fnt
|faint|p1a: Ninetales
|-hitcount|p1: Ninetales|2
|
|-weather|SunnyDay|[upkeep]
|upkeep
|
|t:|1776048541
|switch|p1a: Venusaur|Venusaur, F|63/100
|turn|23
|
|t:|1776048545
|-terastallize|p1a: Venusaur|Fire
|move|p2a: Meowscarada|Triple Axel|p1a: Venusaur|[miss]
|-miss|p2a: Meowscarada|p1a: Venusaur
|move|p1a: Venusaur|Weather Ball|p2a: Meowscarada
|-supereffective|p2a: Meowscarada
|-damage|p2a: Meowscarada|0 fnt
|faint|p2a: Meowscarada
|-damage|p1a: Venusaur|53/100|[from] item: Life Orb
|
|-weather|SunnyDay|[upkeep]
|upkeep
|-message|Justtheduckman forfeited.
|
|win|hat40
|raw|hat40's rating: 1219 &rarr; <strong>1246</strong><br />(+27 for winning)
|raw|Justtheduckman's rating: 1253 &rarr; <strong>1226</strong><br />(-27 for losing)
|l|☆Justtheduckman
|player|p2|
|l| ohko_smeargle
|l|☆hat40
|player|p1|
