|html|<div class="broadcast-blue"><strong>[Gen 9] OU is currently suspecting Tera Blast! For information on how to participate check out the <a href="https://www.smogon.com/tools/suspects/view/200">suspect thread</a>.</strong></div>
|j|☆yyuyuu
|j|☆doyd9yyd7f
|t:|1776052768
|gametype|singles
|player|p1|yyuyuu|266|1234
|player|p2|doyd9yyd7f|266|1235
|gen|9
|tier|[Gen 9] OU
|rated|
|rule|HP Percentage Mod: HP is shown in percentages
|rule|Endless Battle Clause: Forcing endless battles is banned
|rule|Species Clause: Limit one of each Pokémon
|rule|OHKO Clause: OHKO moves are banned
|rule|Evasion Items Clause: Evasion items are banned
|rule|Evasion Moves Clause: Evasion moves are banned
|rule|Evasion Abilities Clause: Evasion abilities are banned
|rule|Sleep Moves Clause: Sleep-inducing moves are banned
|clearpoke
|poke|p1|Honchkrow, M|
|poke|p1|Hatterene, F|
|poke|p1|Arboliva, M|
|poke|p1|Torkoal, F|
|poke|p1|Walking Wake|
|poke|p1|Glimmora, F|
|poke|p2|Garganacl, M|
|poke|p2|Scizor, F|
|poke|p2|Landorus-Therian, M|
|poke|p2|Ninetales-Alola, M|
|poke|p2|Corviknight, M|
|poke|p2|Toxapex, M|
|teampreview
|
|t:|1776052778
|teamsize|p1|6
|teamsize|p2|6
|start
|switch|p1a: Glimmora|Glimmora, F|100/100
|switch|p2a: Toxapex|Toxapex, M|100/100
|turn|1
|
|t:|1776052782
|move|p1a: Glimmora|Stealth Rock|p2a: Toxapex
|-sidestart|p2: doyd9yyd7f|move: Stealth Rock
|move|p2a: Toxapex|Infestation|p1a: Glimmora
|-resisted|p1a: Glimmora
|-damage|p1a: Glimmora|99/100
|-activate|p1a: Glimmora|move: Infestation|[of] p2a: Toxapex
|
|-damage|p1a: Glimmora|86/100|[from] move: Infestation|[partiallytrapped]
|upkeep
|turn|2
|inactive|Battle timer is ON: inactive players will automatically lose when time's up. (requested by yyuyuu)
|
|t:|1776052794
|move|p2a: Toxapex|Protect|p2a: Toxapex
|-singleturn|p2a: Toxapex|Protect
|move|p1a: Glimmora|Earth Power|p2a: Toxapex
|-activate|p2a: Toxapex|move: Protect
|
|-damage|p1a: Glimmora|74/100|[from] move: Infestation|[partiallytrapped]
|upkeep
|turn|3
|
|t:|1776052809
|switch|p2a: Corviknight|Corviknight, M|100/100
|-damage|p2a: Corviknight|88/100|[from] Stealth Rock
|-ability|p2a: Corviknight|Pressure
|move|p1a: Glimmora|Sludge Wave|p2a: Corviknight
|-immune|p2a: Corviknight
|
|-heal|p2a: Corviknight|94/100|[from] item: Leftovers
|-end|p1a: Glimmora|Infestation|[partiallytrapped]|[silent]
|upkeep
|turn|4
|
|t:|1776052823
|switch|p1a: Hatterene|Hatterene, F|100/100
|move|p2a: Corviknight|Agility|p2a: Corviknight
|-boost|p2a: Corviknight|spe|2
|
|-heal|p2a: Corviknight|100/100|[from] item: Leftovers
|upkeep
|turn|5
|
|t:|1776052833
|move|p2a: Corviknight|Iron Defense|p2a: Corviknight
|-boost|p2a: Corviknight|def|2
|move|p1a: Hatterene|Trick Room|p1a: Hatterene
|-fieldstart|move: Trick Room|[of] p1a: Hatterene
|
|upkeep
|turn|6
|
|t:|1776052843
|move|p1a: Hatterene|Psychic|p2a: Corviknight
|-resisted|p2a: Corviknight
|-damage|p2a: Corviknight|63/100
|-damage|p1a: Hatterene|91/100|[from] item: Life Orb
|move|p2a: Corviknight|Iron Defense|p2a: Corviknight
|-boost|p2a: Corviknight|def|2
|
|-heal|p2a: Corviknight|70/100|[from] item: Leftovers
|upkeep
|turn|7
|
|t:|1776052853
|move|p1a: Hatterene|Psychic|p2a: Corviknight
|-resisted|p2a: Corviknight
|-damage|p2a: Corviknight|31/100
|-damage|p1a: Hatterene|81/100|[from] item: Life Orb
|move|p2a: Corviknight|Power Trip|p1a: Hatterene
|-damage|p1a: Hatterene|34/100
|
|-heal|p2a: Corviknight|37/100|[from] item: Leftovers
|upkeep
|turn|8
|
|t:|1776052866
|switch|p1a: Torkoal|Torkoal, F|100/100
|-weather|SunnyDay|[from] ability: Drought|[of] p1a: Torkoal
|move|p2a: Corviknight|Power Trip|p1a: Torkoal
|-damage|p1a: Torkoal|70/100
|
|-weather|SunnyDay|[upkeep]
|-heal|p2a: Corviknight|44/100|[from] item: Leftovers
|upkeep
|turn|9
|
|t:|1776052875
|move|p1a: Torkoal|Eruption|p2a: Corviknight
|-supereffective|p2a: Corviknight
|-damage|p2a: Corviknight|0 fnt
|faint|p2a: Corviknight
|
|-weather|SunnyDay|[upkeep]
|-fieldend|move: Trick Room
|upkeep
|
|t:|1776052880
|switch|p2a: Ninetales|Ninetales-Alola, M|100/100
|-damage|p2a: Ninetales|76/100|[from] Stealth Rock
|-weather|Snowscape|[from] ability: Snow Warning|[of] p2a: Ninetales
|turn|10
|
|t:|1776052888
|move|p2a: Ninetales|Aurora Veil|p2a: Ninetales
|-sidestart|p2: doyd9yyd7f|move: Aurora Veil
|move|p1a: Torkoal|Overheat|p2a: Ninetales
|-supereffective|p2a: Ninetales
|-damage|p2a: Ninetales|14/100
|-unboost|p1a: Torkoal|spa|2
|
|-weather|Snowscape|[upkeep]
|upkeep
|turn|11
|
|t:|1776052896
|-terastallize|p2a: Ninetales|Ground
|move|p2a: Ninetales|Tera Blast|p1a: Torkoal|[anim] Tera Blast Ground
|-supereffective|p1a: Torkoal
|-damage|p1a: Torkoal|0 fnt
|faint|p1a: Torkoal
|
|-weather|Snowscape|[upkeep]
|upkeep
|
|t:|1776052919
|switch|p1a: Walking Wake|Walking Wake|100/100
|turn|12
|
|t:|1776052926
|-terastallize|p1a: Walking Wake|Steel
|move|p2a: Ninetales|Freeze-Dry|p1a: Walking Wake
|-resisted|p1a: Walking Wake
|-damage|p1a: Walking Wake|87/100
|-status|p1a: Walking Wake|frz
|-curestatus|p1a: Walking Wake|frz|[from] move: Hydro Steam
|move|p1a: Walking Wake|Hydro Steam|p2a: Ninetales
|-supereffective|p2a: Ninetales
|-damage|p2a: Ninetales|0 fnt
|faint|p2a: Ninetales
|
|-weather|Snowscape|[upkeep]
|upkeep
|
|t:|1776052939
|switch|p2a: Garganacl|Garganacl, M|100/100
|-damage|p2a: Garganacl|88/100|[from] Stealth Rock
|turn|13
|
|t:|1776052943
|move|p1a: Walking Wake|Hydro Steam|p2a: Garganacl
|-supereffective|p2a: Garganacl
|-damage|p2a: Garganacl|42/100
|move|p2a: Garganacl|Salt Cure|p1a: Walking Wake
|-resisted|p1a: Walking Wake
|-damage|p1a: Walking Wake|80/100
|-start|p1a: Walking Wake|Salt Cure
|
|-weather|Snowscape|[upkeep]
|-heal|p2a: Garganacl|48/100|[from] item: Leftovers
|-damage|p1a: Walking Wake|55/100|[from] Salt Cure
|upkeep
|turn|14
|
|t:|1776052950
|move|p2a: Garganacl|Protect|p2a: Garganacl
|-singleturn|p2a: Garganacl|Protect
|move|p1a: Walking Wake|Hydro Steam|p2a: Garganacl
|-activate|p2a: Garganacl|move: Protect
|
|-weather|none
|-heal|p2a: Garganacl|54/100|[from] item: Leftovers
|-damage|p1a: Walking Wake|31/100|[from] Salt Cure
|upkeep
|turn|15
|
|t:|1776052954
|switch|p2a: Toxapex|Toxapex, M|100/100
|-damage|p2a: Toxapex|88/100|[from] Stealth Rock
|move|p1a: Walking Wake|Hydro Steam|p2a: Toxapex
|-resisted|p2a: Toxapex
|-damage|p2a: Toxapex|80/100
|
|-heal|p2a: Toxapex|86/100|[from] item: Leftovers
|-damage|p1a: Walking Wake|6/100|[from] Salt Cure
|upkeep
|turn|16
|
|t:|1776052976
|-end|p1a: Walking Wake|Protosynthesis|[silent]
|switch|p1a: Glimmora|Glimmora, F|74/100
|move|p2a: Toxapex|Protect||[still]
|-fail|p2a: Toxapex
|
|-heal|p2a: Toxapex|92/100|[from] item: Leftovers
|upkeep
|turn|17
|
|t:|1776052988
|switch|p2a: Landorus|Landorus-Therian, M|100/100
|-damage|p2a: Landorus|88/100|[from] Stealth Rock
|-ability|p2a: Landorus|Intimidate|boost
|-unboost|p1a: Glimmora|atk|1
|move|p1a: Glimmora|Earth Power|p2a: Landorus
|-immune|p2a: Landorus
|
|-sideend|p2: doyd9yyd7f|move: Aurora Veil
|upkeep
|turn|18
|
|t:|1776052996
|move|p1a: Glimmora|Sludge Wave|p2a: Landorus
|-resisted|p2a: Landorus
|-damage|p2a: Landorus|54/100
|move|p2a: Landorus|Earth Power|p1a: Glimmora
|-supereffective|p1a: Glimmora
|-damage|p1a: Glimmora|0 fnt
|faint|p1a: Glimmora
|
|upkeep
|
|t:|1776053010
|switch|p1a: Arboliva|Arboliva, M|100/100
|turn|19
|
|t:|1776053015
|move|p2a: Landorus|Taunt|p1a: Arboliva
|-start|p1a: Arboliva|move: Taunt
|cant|p1a: Arboliva|move: Taunt|Growth
|
|upkeep
|turn|20
|
|t:|1776053023
|move|p2a: Landorus|Stealth Rock|p1a: Arboliva
|-sidestart|p1: yyuyuu|move: Stealth Rock
|move|p1a: Arboliva|Energy Ball|p2a: Landorus
|-damage|p2a: Landorus|0 fnt
|faint|p2a: Landorus
|
|upkeep
|
|t:|1776053030
|switch|p2a: Scizor|Scizor, F|100/100
|-damage|p2a: Scizor|88/100|[from] Stealth Rock
|turn|21
|
|t:|1776053034
|move|p2a: Scizor|Knock Off|p1a: Arboliva
|-damage|p1a: Arboliva|70/100
|-enditem|p1a: Arboliva|Custap Berry|[from] move: Knock Off|[of] p2a: Scizor
|move|p1a: Arboliva|Earth Power|p2a: Scizor
|-damage|p2a: Scizor|47/100
|
|-end|p1a: Arboliva|move: Taunt
|upkeep
|turn|22
|
|t:|1776053041
|move|p2a: Scizor|Dual Wingbeat|p1a: Arboliva
|-supereffective|p1a: Arboliva
|-damage|p1a: Arboliva|35/100
|-supereffective|p1a: Arboliva
|-crit|p1a: Arboliva
|-damage|p1a: Arboliva|0 fnt
|faint|p1a: Arboliva
|-hitcount|p1: Arboliva|2
|
|upkeep
|
|t:|1776053049
|switch|p1a: Honchkrow|Honchkrow, M|100/100
|-damage|p1a: Honchkrow|75/100|[from] Stealth Rock
|turn|23
|
|t:|1776053056
|move|p1a: Honchkrow|Sucker Punch|p2a: Scizor
|-damage|p2a: Scizor|17/100
|-damage|p1a: Honchkrow|59/100|[from] item: Rocky Helmet|[of] p2a: Scizor
|move|p2a: Scizor|Knock Off|p1a: Honchkrow
|-resisted|p1a: Honchkrow
|-damage|p1a: Honchkrow|40/100
|-enditem|p1a: Honchkrow|Room Service|[from] move: Knock Off|[of] p2a: Scizor
|
|upkeep
|turn|24
|
|t:|1776053067
|move|p2a: Scizor|Bullet Punch|p1a: Honchkrow
|-damage|p1a: Honchkrow|1/100
|move|p1a: Honchkrow|Acrobatics|p2a: Scizor
|-damage|p2a: Scizor|0 fnt
|-damage|p1a: Honchkrow|0 fnt|[from] item: Rocky Helmet|[of] p2a: Scizor
|faint|p2a: Scizor
|faint|p1a: Honchkrow
|
|upkeep
|
|t:|1776053092
|switch|p1a: Hatterene|Hatterene, F|34/100
|switch|p2a: Toxapex|Toxapex, M|100/100
|-damage|p2a: Toxapex|88/100|[from] Stealth Rock
|-damage|p1a: Hatterene|22/100|[from] Stealth Rock
|turn|25
|inactive|yyuyuu has 120 seconds left.
|
|t:|1776053107
|move|p2a: Toxapex|Toxic|p1a: Hatterene
|move|p1a: Hatterene|Toxic|p2a: Toxapex|[from] ability: Magic Bounce
|-immune|p2a: Toxapex
|move|p1a: Hatterene|Psychic|p2a: Toxapex
|-supereffective|p2a: Toxapex
|-damage|p2a: Toxapex|0 fnt
|faint|p2a: Toxapex
|-damage|p1a: Hatterene|12/100|[from] item: Life Orb
|
|upkeep
|
|t:|1776053115
|switch|p2a: Garganacl|Garganacl, M|54/100
|-damage|p2a: Garganacl|42/100|[from] Stealth Rock
|turn|26
|
|t:|1776053121
|move|p2a: Garganacl|Sandstorm|p2a: Garganacl
|-weather|Sandstorm
|move|p1a: Hatterene|Psychic|p2a: Garganacl
|-damage|p2a: Garganacl|1/100
|-damage|p1a: Hatterene|3/100|[from] item: Life Orb
|
|-weather|Sandstorm|[upkeep]
|-damage|p1a: Hatterene|0 fnt|[from] Sandstorm
|faint|p1a: Hatterene
|-heal|p2a: Garganacl|7/100|[from] item: Leftovers
|upkeep
|
|t:|1776053126
|switch|p1a: Walking Wake|Walking Wake, tera:Steel|6/100
|-damage|p1a: Walking Wake|0 fnt|[from] Stealth Rock
|faint|p1a: Walking Wake
|-end|p1a: Walking Wake|Protosynthesis|[silent]
|
|win|doyd9yyd7f
|raw|yyuyuu's rating: 1234 &rarr; <strong>1209</strong><br />(-25 for losing)
|raw|doyd9yyd7f's rating: 1235 &rarr; <strong>1260</strong><br />(+25 for winning)
|l|☆doyd9yyd7f
|player|p2|
|l|☆yyuyuu
|player|p1|
