|html|<div class="broadcast-blue"><strong>[Gen 9] OU is currently suspecting Tera Blast! For information on how to participate check out the <a href="https://www.smogon.com/tools/suspects/view/200">suspect thread</a>.</strong></div>
|j|☆TJinthehouse2007
|j|☆govonno
|t:|1776041821
|gametype|singles
|player|p1|TJinthehouse2007|wallace|1317
|player|p2|govonno|cynthia-gen4|1362
|gen|9
|tier|[Gen 9] OU
|rated|
|rule|HP Percentage Mod: HP is shown in percentages
|rule|Endless Battle Clause: Forcing endless battles is banned
|rule|Species Clause: Limit one of each Pokémon
|rule|OHKO Clause: OHKO moves are banned
|rule|Evasion Items Clause: Evasion items are banned
|rule|Evasion Moves Clause: Evasion moves are banned
|rule|Evasion Abilities Clause: Evasion abilities are banned
|rule|Sleep Moves Clause: Sleep-inducing moves are banned
|clearpoke
|poke|p1|Tatsugiri, M|
|poke|p1|Ogerpon, F|
|poke|p1|Iron Valiant|
|poke|p1|Kingambit, M|
|poke|p1|Iron Moth|
|poke|p1|Gliscor, M|
|poke|p2|Cinderace, M|
|poke|p2|Primarina, F|
|poke|p2|Landorus-Therian, M|
|poke|p2|Zamazenta-*|
|poke|p2|Raging Bolt|
|poke|p2|Scizor, M|
|teampreview
|inactive|Battle timer is ON: inactive players will automatically lose when time's up. (requested by govonno)
|
|t:|1776041842
|teamsize|p1|6
|teamsize|p2|6
|start
|switch|p1a: Tatsugiri|Tatsugiri, M|100/100
|switch|p2a: Cinderace|Cinderace, M|100/100
|turn|1
|
|t:|1776041851
|move|p1a: Tatsugiri|Hydro Pump|p2a: Cinderace
|-supereffective|p2a: Cinderace
|-damage|p2a: Cinderace|0 fnt
|faint|p2a: Cinderace
|
|upkeep
|
|t:|1776041859
|switch|p2a: Raging Bolt|Raging Bolt|100/100
|turn|2
|
|t:|1776041871
|switch|p1a: Ogerpon|Ogerpon, F|100/100
|move|p2a: Raging Bolt|Volt Switch|p1a: Ogerpon
|-resisted|p1a: Ogerpon
|-damage|p1a: Ogerpon|67/100
|-damage|p2a: Raging Bolt|91/100|[from] item: Life Orb
|
|t:|1776041876
|-end|p2a: Raging Bolt|Protosynthesis|[silent]
|switch|p2a: Scizor|Scizor, M|100/100|[from] Volt Switch
|
|upkeep
|turn|3
|
|t:|1776041905
|switch|p1a: Iron Moth|Iron Moth|100/100
|move|p2a: Scizor|Swords Dance|p2a: Scizor
|-boost|p2a: Scizor|atk|2
|
|upkeep
|turn|4
|
|t:|1776041915
|-terastallize|p2a: Scizor|Flying
|move|p1a: Iron Moth|Fiery Dance|p2a: Scizor
|-damage|p2a: Scizor|36/100
|-boost|p1a: Iron Moth|spa|1
|-damage|p1a: Iron Moth|91/100|[from] item: Life Orb
|move|p2a: Scizor|Dual Wingbeat|p1a: Iron Moth
|-damage|p1a: Iron Moth|0 fnt
|faint|p1a: Iron Moth
|-end|p1a: Iron Moth|Quark Drive|[silent]
|-hitcount|p1: Iron Moth|1
|
|upkeep
|inactive|TJinthehouse2007 has 120 seconds left.
|
|t:|1776041949
|switch|p1a: Tatsugiri|Tatsugiri, M|100/100
|turn|5
|
|t:|1776041953
|move|p2a: Scizor|Bullet Punch|p1a: Tatsugiri
|-resisted|p1a: Tatsugiri
|-damage|p1a: Tatsugiri|24/100
|move|p1a: Tatsugiri|Draco Meteor|p2a: Scizor|[miss]
|-miss|p1a: Tatsugiri|p2a: Scizor
|
|upkeep
|turn|6
|inactive|TJinthehouse2007 has 120 seconds left.
|
|t:|1776041965
|move|p2a: Scizor|Bullet Punch|p1a: Tatsugiri
|-resisted|p1a: Tatsugiri
|-damage|p1a: Tatsugiri|0 fnt
|faint|p1a: Tatsugiri
|
|upkeep
|
|t:|1776041977
|switch|p1a: Iron Valiant|Iron Valiant|100/100
|-enditem|p1a: Iron Valiant|Booster Energy
|-activate|p1a: Iron Valiant|ability: Quark Drive|[fromitem]
|-start|p1a: Iron Valiant|quarkdrivespe
|turn|7
|
|t:|1776041981
|-terastallize|p1a: Iron Valiant|Electric
|move|p2a: Scizor|Bullet Punch|p1a: Iron Valiant
|-resisted|p1a: Iron Valiant
|-damage|p1a: Iron Valiant|52/100
|move|p1a: Iron Valiant|Thunderbolt|p2a: Scizor
|-supereffective|p2a: Scizor
|-damage|p2a: Scizor|0 fnt
|faint|p2a: Scizor
|
|upkeep
|
|t:|1776041988
|switch|p2a: Landorus|Landorus-Therian, M|100/100
|-ability|p2a: Landorus|Intimidate|boost
|-unboost|p1a: Iron Valiant|atk|1
|turn|8
|inactive|TJinthehouse2007 has 120 seconds left.
|
|t:|1776042011
|-end|p1a: Iron Valiant|Quark Drive|[silent]
|switch|p1a: Gliscor|Gliscor, M|100/100
|move|p2a: Landorus|U-turn|p1a: Gliscor
|-resisted|p1a: Gliscor
|-damage|p1a: Gliscor|93/100
|
|t:|1776042015
|switch|p2a: Primarina|Primarina, F|100/100|[from] U-turn
|
|-status|p1a: Gliscor|tox|[from] item: Toxic Orb
|upkeep
|turn|9
|inactive|TJinthehouse2007 has 120 seconds left.
|
|t:|1776042039
|move|p1a: Gliscor|Swords Dance|p1a: Gliscor
|-boost|p1a: Gliscor|atk|2
|move|p2a: Primarina|Ice Beam|p1a: Gliscor
|-supereffective|p1a: Gliscor
|-damage|p1a: Gliscor|0 fnt
|faint|p1a: Gliscor
|
|upkeep
|
|t:|1776042048
|switch|p1a: Ogerpon|Ogerpon, F|67/100
|turn|10
|
|t:|1776042072
|switch|p2a: Raging Bolt|Raging Bolt|91/100
|move|p1a: Ogerpon|Ivy Cudgel|p2a: Raging Bolt
|-resisted|p2a: Raging Bolt
|-damage|p2a: Raging Bolt|61/100
|
|upkeep
|turn|11
|
|t:|1776042095
|switch|p1a: Kingambit|Kingambit, M|100/100
|-activate|p1a: Kingambit|ability: Supreme Overlord
|-start|p1a: Kingambit|fallen3|[silent]
|move|p2a: Raging Bolt|Draco Meteor|p1a: Kingambit
|-resisted|p1a: Kingambit
|-damage|p1a: Kingambit|43/100
|-unboost|p2a: Raging Bolt|spa|2
|-damage|p2a: Raging Bolt|51/100|[from] item: Life Orb
|
|upkeep
|turn|12
|inactive|TJinthehouse2007 has 90 seconds left.
|
|t:|1776042115
|-end|p2a: Raging Bolt|Protosynthesis|[silent]
|switch|p2a: Landorus|Landorus-Therian, M|100/100
|-ability|p2a: Landorus|Intimidate|boost
|-unboost|p1a: Kingambit|atk|1
|move|p1a: Kingambit|Kowtow Cleave|p2a: Landorus
|-damage|p2a: Landorus|67/100
|-damage|p1a: Kingambit|27/100|[from] item: Rocky Helmet|[of] p2a: Landorus
|
|upkeep
|turn|13
|inactive|TJinthehouse2007 has 90 seconds left.
|
|t:|1776042124
|move|p1a: Kingambit|Sucker Punch|p2a: Landorus
|-damage|p2a: Landorus|38/100
|-damage|p1a: Kingambit|10/100|[from] item: Rocky Helmet|[of] p2a: Landorus
|move|p2a: Landorus|U-turn|p1a: Kingambit
|-damage|p1a: Kingambit|0 fnt
|faint|p1a: Kingambit
|-end|p1a: Kingambit|fallen3|[silent]
|
|t:|1776042142
|switch|p2a: Raging Bolt|Raging Bolt|51/100|[from] U-turn
|
|upkeep
|
|t:|1776042147
|switch|p1a: Iron Valiant|Iron Valiant, tera:Electric|52/100
|turn|14
|
|t:|1776042152
|-end|p2a: Raging Bolt|Protosynthesis|[silent]
|switch|p2a: Landorus|Landorus-Therian, M|38/100
|-ability|p2a: Landorus|Intimidate|boost
|-unboost|p1a: Iron Valiant|atk|1
|move|p1a: Iron Valiant|Moonblast|p2a: Landorus
|-damage|p2a: Landorus|0 fnt
|faint|p2a: Landorus
|
|upkeep
|
|t:|1776042163
|switch|p2a: Primarina|Primarina, F|100/100
|turn|15
|
|t:|1776042166
|move|p1a: Iron Valiant|Thunderbolt|p2a: Primarina
|-supereffective|p2a: Primarina
|-damage|p2a: Primarina|52/100
|move|p2a: Primarina|Moonblast|p1a: Iron Valiant
|-damage|p1a: Iron Valiant|0 fnt
|faint|p1a: Iron Valiant
|-end|p1a: Iron Valiant|Quark Drive|[silent]
|
|upkeep
|inactive|TJinthehouse2007 has 120 seconds left.
|
|t:|1776042172
|switch|p1a: Ogerpon|Ogerpon, F|67/100
|turn|16
|
|t:|1776042177
|move|p1a: Ogerpon|Ivy Cudgel|p2a: Primarina
|-supereffective|p2a: Primarina
|-damage|p2a: Primarina|0 fnt
|faint|p2a: Primarina
|
|upkeep
|
|t:|1776042182
|switch|p2a: Raging Bolt|Raging Bolt|51/100
|turn|17
|
|t:|1776042184
|move|p1a: Ogerpon|Ivy Cudgel|p2a: Raging Bolt
|-resisted|p2a: Raging Bolt
|-damage|p2a: Raging Bolt|22/100
|move|p2a: Raging Bolt|Draco Meteor|p1a: Ogerpon|[miss]
|-miss|p2a: Raging Bolt|p1a: Ogerpon
|
|upkeep
|turn|18
|
|t:|1776042190
|move|p2a: Raging Bolt|Thunderclap|p1a: Ogerpon
|-resisted|p1a: Ogerpon
|-damage|p1a: Ogerpon|36/100
|-damage|p2a: Raging Bolt|12/100|[from] item: Life Orb
|move|p1a: Ogerpon|Ivy Cudgel|p2a: Raging Bolt
|-resisted|p2a: Raging Bolt
|-damage|p2a: Raging Bolt|0 fnt
|faint|p2a: Raging Bolt
|-end|p2a: Raging Bolt|Protosynthesis|[silent]
|
|upkeep
|
|t:|1776042193
|switch|p2a: Zamazenta|Zamazenta|100/100
|-ability|p2a: Zamazenta|Dauntless Shield|boost
|-boost|p2a: Zamazenta|def|1
|turn|19
|
|t:|1776042195
|move|p2a: Zamazenta|Close Combat|p1a: Ogerpon
|-damage|p1a: Ogerpon|0 fnt
|-unboost|p2a: Zamazenta|def|1
|-unboost|p2a: Zamazenta|spd|1
|faint|p1a: Ogerpon
|-damage|p2a: Zamazenta|91/100|[from] item: Life Orb
|
|win|govonno
|raw|TJinthehouse2007's rating: 1317 &rarr; <strong>1300</strong><br />(-17 for losing)
|raw|govonno's rating: 1362 &rarr; <strong>1379</strong><br />(+17 for winning)
|l|☆TJinthehouse2007
|player|p1|
|c|☆govonno|gg
|l|☆govonno
|player|p2|
