|html|<div class="broadcast-blue"><strong>[Gen 9] OU is currently suspecting Tera Blast! For information on how to participate check out the <a href="https://www.smogon.com/tools/suspects/view/200">suspect thread</a>.</strong></div>
|j|☆ChokingOnMatcha
|j|☆trenko
|t:|1776287677
|gametype|singles
|player|p1|ChokingOnMatcha|169|1752
|player|p2|trenko|pokekid|1659
|gen|9
|tier|[Gen 9] OU
|rated|
|rule|HP Percentage Mod: HP is shown in percentages
|rule|Endless Battle Clause: Forcing endless battles is banned
|rule|Species Clause: Limit one of each Pokémon
|rule|OHKO Clause: OHKO moves are banned
|rule|Evasion Items Clause: Evasion items are banned
|rule|Evasion Moves Clause: Evasion moves are banned
|rule|Evasion Abilities Clause: Evasion abilities are banned
|rule|Sleep Moves Clause: Sleep-inducing moves are banned
|clearpoke
|poke|p1|Hippowdon, M|
|poke|p1|Excadrill, M|
|poke|p1|Garganacl, M|
|poke|p1|Skarmory, M|
|poke|p1|Sinistcha|
|poke|p1|Weavile, M|
|poke|p2|Kyurem|
|poke|p2|Corviknight, F|
|poke|p2|Ting-Lu|
|poke|p2|Dondozo, M|
|poke|p2|Slowking-Galar, M|
|poke|p2|Cinderace, F|
|teampreview
|j| Ctannn
|
|t:|1776287695
|teamsize|p1|6
|teamsize|p2|6
|start
|switch|p1a: Weavile|Weavile, M, shiny|100/100
|switch|p2a: Cinderace|Cinderace, F|100/100
|-ability|p1a: Weavile|Pressure
|turn|1
|
|t:|1776287700
|switch|p1a: Skarmory|Skarmory, M|100/100
|move|p2a: Cinderace|Will-O-Wisp|p1a: Skarmory
|-status|p1a: Skarmory|brn
|
|-damage|p1a: Skarmory|95/100 brn|[from] brn
|upkeep
|turn|2
|
|t:|1776287704
|switch|p1a: Garganacl|Garganacl, M, shiny|100/100
|move|p2a: Cinderace|Pyro Ball|p1a: Garganacl|[miss]
|-miss|p2a: Cinderace|p1a: Garganacl
|
|upkeep
|turn|3
|
|t:|1776287707
|move|p2a: Cinderace|U-turn|p1a: Garganacl
|-damage|p1a: Garganacl|89/100
|
|t:|1776287712
|switch|p2a: Ting-Lu|Ting-Lu|100/100|[from] U-turn
|-ability|p2a: Ting-Lu|Vessel of Ruin
|move|p1a: Garganacl|Salt Cure|p2a: Ting-Lu
|-resisted|p2a: Ting-Lu
|-damage|p2a: Ting-Lu|97/100
|-start|p2a: Ting-Lu|Salt Cure
|
|-heal|p2a: Ting-Lu|100/100|[from] item: Leftovers
|-heal|p1a: Garganacl|95/100|[from] item: Leftovers
|-damage|p2a: Ting-Lu|88/100|[from] Salt Cure
|upkeep
|turn|4
|
|t:|1776287716
|switch|p1a: Skarmory|Skarmory, M|95/100 brn
|move|p2a: Ting-Lu|Earthquake|p1a: Skarmory
|-immune|p1a: Skarmory
|
|-heal|p2a: Ting-Lu|94/100|[from] item: Leftovers
|-damage|p1a: Skarmory|89/100 brn|[from] brn
|-damage|p2a: Ting-Lu|82/100|[from] Salt Cure
|upkeep
|turn|5
|
|t:|1776287719
|switch|p2a: Cinderace|Cinderace, F|100/100
|move|p1a: Skarmory|Spikes|p2a: Cinderace
|-sidestart|p2: trenko|Spikes
|
|-damage|p1a: Skarmory|83/100 brn|[from] brn
|upkeep
|turn|6
|
|t:|1776287722
|switch|p1a: Garganacl|Garganacl, M, shiny|95/100
|move|p2a: Cinderace|Court Change|p2a: Cinderace
|-swapsideconditions
|-activate|p2a: Cinderace|move: Court Change
|
|-heal|p1a: Garganacl|100/100|[from] item: Leftovers
|upkeep
|turn|7
|
|t:|1776287725
|switch|p2a: Slowking|Slowking-Galar, M|100/100
|move|p1a: Garganacl|Salt Cure|p2a: Slowking
|-damage|p2a: Slowking|90/100
|-start|p2a: Slowking|Salt Cure
|
|-damage|p2a: Slowking|77/100|[from] Salt Cure
|upkeep
|turn|8
|j| 0RickMountStrong
|
|t:|1776287728
|move|p1a: Garganacl|Curse|p1a: Garganacl
|-unboost|p1a: Garganacl|spe|1
|-boost|p1a: Garganacl|atk|1
|-boost|p1a: Garganacl|def|1
|-prepare|p2a: Slowking|Chilly Reception|[premajor]
|move|p2a: Slowking|Chilly Reception|p2a: Slowking
|-weather|Snowscape
|
|t:|1776287735
|switch|p2a: Ting-Lu|Ting-Lu|82/100|[from] Chilly Reception
|-ability|p2a: Ting-Lu|Vessel of Ruin
|
|-weather|Snowscape|[upkeep]
|-heal|p2a: Ting-Lu|88/100|[from] item: Leftovers
|upkeep
|turn|9
|
|t:|1776287738
|switch|p1a: Skarmory|Skarmory, M|83/100 brn
|move|p2a: Ting-Lu|Ruination|p1a: Skarmory
|-damage|p1a: Skarmory|42/100 brn
|
|-weather|Snowscape|[upkeep]
|-heal|p2a: Ting-Lu|94/100|[from] item: Leftovers
|-damage|p1a: Skarmory|36/100 brn|[from] brn
|upkeep
|turn|10
|
|t:|1776287748
|switch|p2a: Cinderace|Cinderace, F|100/100
|move|p1a: Skarmory|Spikes|p2a: Cinderace
|-sidestart|p2: trenko|Spikes
|
|-weather|Snowscape|[upkeep]
|-damage|p1a: Skarmory|30/100 brn|[from] brn
|upkeep
|turn|11
|
|t:|1776287751
|switch|p1a: Garganacl|Garganacl, M, shiny|100/100
|-damage|p1a: Garganacl|88/100|[from] Spikes
|move|p2a: Cinderace|Pyro Ball|p1a: Garganacl
|-resisted|p1a: Garganacl
|-damage|p1a: Garganacl|73/100
|
|-weather|Snowscape|[upkeep]
|-heal|p1a: Garganacl|79/100|[from] item: Leftovers
|upkeep
|turn|12
|
|t:|1776287754
|move|p2a: Cinderace|U-turn|p1a: Garganacl
|-damage|p1a: Garganacl|67/100
|
|t:|1776287757
|switch|p2a: Ting-Lu|Ting-Lu|94/100|[from] U-turn
|-damage|p2a: Ting-Lu|82/100|[from] Spikes
|-ability|p2a: Ting-Lu|Vessel of Ruin
|move|p1a: Garganacl|Curse|p1a: Garganacl
|-unboost|p1a: Garganacl|spe|1
|-boost|p1a: Garganacl|atk|1
|-boost|p1a: Garganacl|def|1
|
|-weather|none
|-heal|p2a: Ting-Lu|88/100|[from] item: Leftovers
|-heal|p1a: Garganacl|73/100|[from] item: Leftovers
|upkeep
|turn|13
|
|t:|1776287761
|move|p2a: Ting-Lu|Ruination|p1a: Garganacl|[miss]
|-miss|p2a: Ting-Lu|p1a: Garganacl
|move|p1a: Garganacl|Salt Cure|p2a: Ting-Lu
|-resisted|p2a: Ting-Lu
|-damage|p2a: Ting-Lu|82/100
|-start|p2a: Ting-Lu|Salt Cure
|
|-heal|p2a: Ting-Lu|88/100|[from] item: Leftovers
|-heal|p1a: Garganacl|79/100|[from] item: Leftovers
|-damage|p2a: Ting-Lu|76/100|[from] Salt Cure
|upkeep
|turn|14
|
|t:|1776287763
|move|p2a: Ting-Lu|Ruination|p1a: Garganacl
|-damage|p1a: Garganacl|40/100
|move|p1a: Garganacl|Ice Punch|p2a: Ting-Lu
|-supereffective|p2a: Ting-Lu
|-damage|p2a: Ting-Lu|50/100
|
|-heal|p2a: Ting-Lu|56/100|[from] item: Leftovers
|-heal|p1a: Garganacl|46/100|[from] item: Leftovers
|-damage|p2a: Ting-Lu|44/100|[from] Salt Cure
|upkeep
|turn|15
|
|t:|1776287766
|move|p2a: Ting-Lu|Rest|p2a: Ting-Lu
|-status|p2a: Ting-Lu|slp|[from] move: Rest
|-heal|p2a: Ting-Lu|100/100 slp|[silent]
|move|p1a: Garganacl|Recover|p1a: Garganacl
|-heal|p1a: Garganacl|96/100
|
|-heal|p1a: Garganacl|100/100|[from] item: Leftovers
|-damage|p2a: Ting-Lu|88/100 slp|[from] Salt Cure
|upkeep
|turn|16
|
|t:|1776287768
|cant|p2a: Ting-Lu|slp
|move|p2a: Ting-Lu|Sleep Talk|p2a: Ting-Lu
|move|p2a: Ting-Lu|Ruination|p1a: Garganacl|[from] move: Sleep Talk
|-damage|p1a: Garganacl|50/100
|move|p1a: Garganacl|Ice Punch|p2a: Ting-Lu
|-supereffective|p2a: Ting-Lu
|-damage|p2a: Ting-Lu|58/100 slp
|
|-heal|p2a: Ting-Lu|65/100 slp|[from] item: Leftovers
|-heal|p1a: Garganacl|57/100|[from] item: Leftovers
|-damage|p2a: Ting-Lu|52/100 slp|[from] Salt Cure
|upkeep
|turn|17
|
|t:|1776287777
|switch|p2a: Slowking|Slowking-Galar, M|100/100
|-damage|p2a: Slowking|88/100|[from] Spikes
|move|p1a: Garganacl|Recover|p1a: Garganacl
|-heal|p1a: Garganacl|100/100
|
|upkeep
|turn|18
|
|t:|1776287781
|move|p2a: Slowking|Future Sight|p1a: Garganacl
|-start|p2a: Slowking|move: Future Sight
|move|p1a: Garganacl|Salt Cure|p2a: Slowking
|-damage|p2a: Slowking|72/100
|-start|p2a: Slowking|Salt Cure
|
|-damage|p2a: Slowking|60/100|[from] Salt Cure
|upkeep
|turn|19
|
|t:|1776287783
|-prepare|p2a: Slowking|Chilly Reception|[premajor]
|move|p2a: Slowking|Chilly Reception|p2a: Slowking
|-weather|Snowscape
|
|t:|1776287788
|switch|p2a: Ting-Lu|Ting-Lu|52/100 slp|[from] Chilly Reception
|-damage|p2a: Ting-Lu|40/100 slp|[from] Spikes
|-ability|p2a: Ting-Lu|Vessel of Ruin
|move|p1a: Garganacl|Ice Punch|p2a: Ting-Lu
|-supereffective|p2a: Ting-Lu
|-damage|p2a: Ting-Lu|11/100 slp
|
|-weather|Snowscape|[upkeep]
|-heal|p2a: Ting-Lu|17/100 slp|[from] item: Leftovers
|upkeep
|turn|20
|
|t:|1776287792
|cant|p2a: Ting-Lu|slp
|move|p2a: Ting-Lu|Sleep Talk|p2a: Ting-Lu
|move|p2a: Ting-Lu|Rest||[from] move: Sleep Talk|[still]
|-fail|p2a: Ting-Lu
|move|p1a: Garganacl|Ice Punch|p2a: Ting-Lu
|-supereffective|p2a: Ting-Lu
|-damage|p2a: Ting-Lu|0 fnt
|faint|p2a: Ting-Lu
|
|-weather|Snowscape|[upkeep]
|-end|p1a: Garganacl|move: Future Sight
|-damage|p1a: Garganacl|69/100
|-heal|p1a: Garganacl|75/100|[from] item: Leftovers
|upkeep
|
|t:|1776287797
|switch|p2a: Kyurem|Kyurem|100/100
|-damage|p2a: Kyurem|88/100|[from] Spikes
|-ability|p2a: Kyurem|Pressure
|turn|21
|
|t:|1776287801
|switch|p1a: Skarmory|Skarmory, M|30/100 brn
|-terastallize|p2a: Kyurem|Ground
|move|p2a: Kyurem|Earth Power|p1a: Skarmory
|-immune|p1a: Skarmory
|
|-weather|Snowscape|[upkeep]
|-heal|p2a: Kyurem|94/100|[from] item: Leftovers
|-damage|p1a: Skarmory|24/100 brn|[from] brn
|upkeep
|turn|22
|
|t:|1776287804
|move|p2a: Kyurem|Substitute|p2a: Kyurem
|-start|p2a: Kyurem|Substitute
|-damage|p2a: Kyurem|69/100
|move|p1a: Skarmory|Spikes|p2a: Kyurem
|-sidestart|p2: trenko|Spikes
|
|-weather|Snowscape|[upkeep]
|-heal|p2a: Kyurem|75/100|[from] item: Leftovers
|-damage|p1a: Skarmory|18/100 brn|[from] brn
|upkeep
|turn|23
|
|t:|1776287807
|move|p2a: Kyurem|Freeze-Dry|p1a: Skarmory
|-damage|p1a: Skarmory|0 fnt
|faint|p1a: Skarmory
|
|-weather|none
|-heal|p2a: Kyurem|82/100|[from] item: Leftovers
|upkeep
|
|t:|1776287809
|switch|p1a: Hippowdon|Hippowdon, M|100/100
|-damage|p1a: Hippowdon|88/100|[from] Spikes
|-weather|Sandstorm|[from] ability: Sand Stream|[of] p1a: Hippowdon
|turn|24
|
|t:|1776287813
|move|p2a: Kyurem|Freeze-Dry|p1a: Hippowdon
|-supereffective|p1a: Hippowdon
|-damage|p1a: Hippowdon|41/100
|move|p1a: Hippowdon|Whirlwind|p2a: Kyurem
|drag|p2a: Cinderace|Cinderace, F|100/100
|
|-weather|Sandstorm|[upkeep]
|-damage|p2a: Cinderace|94/100|[from] Sandstorm
|upkeep
|turn|25
|
|t:|1776287821
|move|p2a: Cinderace|Will-O-Wisp|p1a: Hippowdon
|-status|p1a: Hippowdon|brn
|move|p1a: Hippowdon|Slack Off|p1a: Hippowdon
|-heal|p1a: Hippowdon|91/100 brn
|
|-weather|Sandstorm|[upkeep]
|-damage|p2a: Cinderace|88/100|[from] Sandstorm
|-damage|p1a: Hippowdon|85/100 brn|[from] brn
|upkeep
|turn|26
|
|t:|1776287826
|move|p2a: Cinderace|Pyro Ball|p1a: Hippowdon
|-damage|p1a: Hippowdon|49/100 brn
|move|p1a: Hippowdon|Earthquake|p2a: Cinderace
|-supereffective|p2a: Cinderace
|-damage|p2a: Cinderace|41/100
|
|-weather|Sandstorm|[upkeep]
|-damage|p2a: Cinderace|35/100|[from] Sandstorm
|-damage|p1a: Hippowdon|43/100 brn|[from] brn
|upkeep
|turn|27
|
|t:|1776287841
|switch|p2a: Corviknight|Corviknight, F|100/100
|-ability|p2a: Corviknight|Pressure
|move|p1a: Hippowdon|Slack Off|p1a: Hippowdon
|-heal|p1a: Hippowdon|93/100 brn
|
|-weather|Sandstorm|[upkeep]
|-damage|p1a: Hippowdon|87/100 brn|[from] brn
|upkeep
|turn|28
|
|t:|1776287845
|switch|p1a: Garganacl|Garganacl, M, shiny|75/100
|-damage|p1a: Garganacl|63/100|[from] Spikes
|move|p2a: Corviknight|Defog|p1a: Garganacl
|-unboost|p1a: Garganacl|evasion|1
|-sideend|p1: ChokingOnMatcha|Spikes|[from] move: Defog|[of] p2a: Corviknight
|-sideend|p2: trenko|Spikes|[from] move: Defog|[of] p2a: Corviknight
|
|-weather|Sandstorm|[upkeep]
|-heal|p1a: Garganacl|69/100|[from] item: Leftovers
|upkeep
|turn|29
|
|t:|1776287847
|move|p2a: Corviknight|U-turn|p1a: Garganacl
|-damage|p1a: Garganacl|59/100
|
|t:|1776287855
|switch|p2a: Slowking|Slowking-Galar, M|93/100|[from] U-turn
|move|p1a: Garganacl|Recover|p1a: Garganacl
|-heal|p1a: Garganacl|100/100
|
|-weather|Sandstorm|[upkeep]
|-damage|p2a: Slowking|87/100|[from] Sandstorm
|upkeep
|turn|30
|
|t:|1776287859
|switch|p1a: Weavile|Weavile, M, shiny|100/100
|-ability|p1a: Weavile|Pressure
|move|p2a: Slowking|Future Sight|p1a: Weavile
|-start|p2a: Slowking|move: Future Sight
|
|-weather|Sandstorm|[upkeep]
|-damage|p1a: Weavile|94/100|[from] Sandstorm
|-damage|p2a: Slowking|81/100|[from] Sandstorm
|upkeep
|turn|31
|
|t:|1776287863
|switch|p2a: Dondozo|Dondozo, M|100/100
|move|p1a: Weavile|Knock Off|p2a: Dondozo
|-damage|p2a: Dondozo|71/100
|-enditem|p2a: Dondozo|Leftovers|[from] move: Knock Off|[of] p1a: Weavile
|
|-weather|none
|upkeep
|turn|32
|
|t:|1776287870
|switch|p1a: Hippowdon|Hippowdon, M|87/100 brn
|-weather|Sandstorm|[from] ability: Sand Stream|[of] p1a: Hippowdon
|move|p2a: Dondozo|Body Press|p1a: Hippowdon
|-damage|p1a: Hippowdon|73/100 brn
|
|-weather|Sandstorm|[upkeep]
|-damage|p2a: Dondozo|65/100|[from] Sandstorm
|-end|p1a: Hippowdon|move: Future Sight
|-damage|p1a: Hippowdon|43/100 brn
|-damage|p1a: Hippowdon|37/100 brn|[from] brn
|upkeep
|turn|33
|
|t:|1776287873
|move|p1a: Hippowdon|Slack Off|p1a: Hippowdon
|-heal|p1a: Hippowdon|87/100 brn
|move|p2a: Dondozo|Waterfall|p1a: Hippowdon
|-supereffective|p1a: Hippowdon
|-damage|p1a: Hippowdon|50/100 brn
|
|-weather|Sandstorm|[upkeep]
|-damage|p2a: Dondozo|58/100|[from] Sandstorm
|-damage|p1a: Hippowdon|43/100 brn|[from] brn
|upkeep
|turn|34
|
|t:|1776287877
|switch|p1a: Sinistcha|Sinistcha, shiny|100/100
|move|p2a: Dondozo|Curse|p2a: Dondozo
|-unboost|p2a: Dondozo|spe|1
|-boost|p2a: Dondozo|atk|1
|-boost|p2a: Dondozo|def|1
|
|-weather|Sandstorm|[upkeep]
|-damage|p1a: Sinistcha|94/100|[from] Sandstorm
|-damage|p2a: Dondozo|52/100|[from] Sandstorm
|upkeep
|turn|35
|
|t:|1776287880
|switch|p2a: Cinderace|Cinderace, F|35/100
|move|p1a: Sinistcha|Calm Mind|p1a: Sinistcha
|-boost|p1a: Sinistcha|spa|1
|-boost|p1a: Sinistcha|spd|1
|
|-weather|Sandstorm|[upkeep]
|-damage|p2a: Cinderace|29/100|[from] Sandstorm
|-damage|p1a: Sinistcha|88/100|[from] Sandstorm
|upkeep
|turn|36
|
|t:|1776287884
|move|p2a: Cinderace|Pyro Ball|p1a: Sinistcha
|-supereffective|p1a: Sinistcha
|-damage|p1a: Sinistcha|36/100
|move|p1a: Sinistcha|Shadow Ball|p2a: Cinderace
|-damage|p2a: Cinderace|0 fnt
|faint|p2a: Cinderace
|
|-weather|Sandstorm|[upkeep]
|-damage|p1a: Sinistcha|30/100|[from] Sandstorm
|upkeep
|
|t:|1776287888
|switch|p2a: Kyurem|Kyurem, tera:Ground|82/100
|-ability|p2a: Kyurem|Pressure
|turn|37
|
|t:|1776287893
|switch|p1a: Garganacl|Garganacl, M, shiny|100/100
|move|p2a: Kyurem|Freeze-Dry|p1a: Garganacl
|-crit|p1a: Garganacl
|-damage|p1a: Garganacl|74/100
|
|-weather|Sandstorm|[upkeep]
|-heal|p2a: Kyurem|88/100|[from] item: Leftovers
|-heal|p1a: Garganacl|80/100|[from] item: Leftovers
|upkeep
|turn|38
|
|t:|1776287895
|move|p2a: Kyurem|Protect|p2a: Kyurem
|-singleturn|p2a: Kyurem|Protect
|move|p1a: Garganacl|Ice Punch|p2a: Kyurem
|-activate|p2a: Kyurem|move: Protect
|
|-weather|Sandstorm|[upkeep]
|-heal|p2a: Kyurem|94/100|[from] item: Leftovers
|-heal|p1a: Garganacl|87/100|[from] item: Leftovers
|upkeep
|turn|39
|
|t:|1776287899
|move|p2a: Kyurem|Earth Power|p1a: Garganacl
|-supereffective|p1a: Garganacl
|-damage|p1a: Garganacl|45/100
|-unboost|p1a: Garganacl|spd|1
|move|p1a: Garganacl|Ice Punch|p2a: Kyurem
|-supereffective|p2a: Kyurem
|-damage|p2a: Kyurem|61/100
|
|-weather|none
|-heal|p2a: Kyurem|67/100|[from] item: Leftovers
|-heal|p1a: Garganacl|51/100|[from] item: Leftovers
|upkeep
|turn|40
|
|t:|1776287905
|switch|p1a: Hippowdon|Hippowdon, M|43/100 brn
|-weather|Sandstorm|[from] ability: Sand Stream|[of] p1a: Hippowdon
|move|p2a: Kyurem|Earth Power|p1a: Hippowdon
|-damage|p1a: Hippowdon|11/100 brn
|
|-weather|Sandstorm|[upkeep]
|-heal|p2a: Kyurem|73/100|[from] item: Leftovers
|-damage|p1a: Hippowdon|5/100 brn|[from] brn
|upkeep
|turn|41
|
|t:|1776287910
|move|p2a: Kyurem|Freeze-Dry|p1a: Hippowdon
|-supereffective|p1a: Hippowdon
|-damage|p1a: Hippowdon|0 fnt
|faint|p1a: Hippowdon
|
|-weather|Sandstorm|[upkeep]
|-heal|p2a: Kyurem|79/100|[from] item: Leftovers
|upkeep
|
|t:|1776287912
|switch|p1a: Weavile|Weavile, M, shiny|94/100
|-ability|p1a: Weavile|Pressure
|turn|42
|
|t:|1776287915
|move|p2a: Kyurem|Protect|p2a: Kyurem
|-singleturn|p2a: Kyurem|Protect
|move|p1a: Weavile|Swords Dance|p1a: Weavile
|-boost|p1a: Weavile|atk|2
|
|-weather|Sandstorm|[upkeep]
|-damage|p1a: Weavile|88/100|[from] Sandstorm
|-heal|p2a: Kyurem|86/100|[from] item: Leftovers
|upkeep
|turn|43
|
|t:|1776287921
|switch|p2a: Slowking|Slowking-Galar, M|100/100
|move|p1a: Weavile|Knock Off|p2a: Slowking
|-supereffective|p2a: Slowking
|-damage|p2a: Slowking|0 fnt
|-enditem|p2a: Slowking|Shuca Berry|[from] move: Knock Off|[of] p1a: Weavile
|faint|p2a: Slowking
|
|-weather|Sandstorm|[upkeep]
|-damage|p1a: Weavile|82/100|[from] Sandstorm
|upkeep
|
|t:|1776287925
|switch|p2a: Dondozo|Dondozo, M|52/100
|turn|44
|
|t:|1776287928
|switch|p1a: Sinistcha|Sinistcha, shiny|30/100
|move|p2a: Dondozo|Body Press|p1a: Sinistcha
|-immune|p1a: Sinistcha
|
|-weather|Sandstorm|[upkeep]
|-damage|p1a: Sinistcha|24/100|[from] Sandstorm
|-damage|p2a: Dondozo|46/100|[from] Sandstorm
|upkeep
|turn|45
|
|t:|1776287931
|switch|p2a: Corviknight|Corviknight, F|100/100
|-ability|p2a: Corviknight|Pressure
|move|p1a: Sinistcha|Strength Sap|p2a: Corviknight
|-unboost|p2a: Corviknight|atk|1
|-heal|p1a: Sinistcha|85/100
|
|-weather|Sandstorm|[upkeep]
|-damage|p1a: Sinistcha|79/100|[from] Sandstorm
|upkeep
|turn|46
|
|t:|1776287934
|move|p1a: Sinistcha|Calm Mind|p1a: Sinistcha
|-boost|p1a: Sinistcha|spa|1
|-boost|p1a: Sinistcha|spd|1
|move|p2a: Corviknight|Brave Bird|p1a: Sinistcha
|-supereffective|p1a: Sinistcha
|-damage|p1a: Sinistcha|46/100
|-damage|p2a: Corviknight|91/100|[from] Recoil
|
|-weather|Sandstorm|[upkeep]
|-damage|p1a: Sinistcha|40/100|[from] Sandstorm
|upkeep
|turn|47
|
|t:|1776287939
|move|p1a: Sinistcha|Strength Sap|p2a: Corviknight
|-unboost|p2a: Corviknight|atk|1
|-heal|p1a: Sinistcha|80/100
|move|p2a: Corviknight|U-turn|p1a: Sinistcha
|-damage|p1a: Sinistcha|75/100
|
|t:|1776287941
|switch|p2a: Kyurem|Kyurem, tera:Ground|86/100|[from] U-turn
|-ability|p2a: Kyurem|Pressure
|
|-weather|none
|-heal|p2a: Kyurem|92/100|[from] item: Leftovers
|upkeep
|turn|48
|
|t:|1776287943
|move|p2a: Kyurem|Freeze-Dry|p1a: Sinistcha
|-supereffective|p1a: Sinistcha
|-damage|p1a: Sinistcha|16/100
|move|p1a: Sinistcha|Matcha Gotcha|p2a: Kyurem|[miss]
|-miss|p1a: Sinistcha|p2a: Kyurem
|
|-heal|p2a: Kyurem|98/100|[from] item: Leftovers
|upkeep
|turn|49
|c|☆ChokingOnMatcha|Welp
|
|t:|1776287951
|switch|p1a: Weavile|Weavile, M, shiny|82/100
|-ability|p1a: Weavile|Pressure
|move|p2a: Kyurem|Freeze-Dry|p1a: Weavile
|-resisted|p1a: Weavile
|-damage|p1a: Weavile|60/100
|
|-heal|p2a: Kyurem|100/100|[from] item: Leftovers
|upkeep
|turn|50
|
|t:|1776287957
|switch|p2a: Corviknight|Corviknight, F|91/100
|-ability|p2a: Corviknight|Pressure
|move|p1a: Weavile|Knock Off|p2a: Corviknight
|-damage|p2a: Corviknight|65/100
|-damage|p1a: Weavile|44/100|[from] item: Rocky Helmet|[of] p2a: Corviknight
|-enditem|p2a: Corviknight|Rocky Helmet|[from] move: Knock Off|[of] p1a: Weavile
|
|upkeep
|turn|51
|
|t:|1776287968
|move|p1a: Weavile|Triple Axel|p2a: Corviknight
|-damage|p2a: Corviknight|58/100
|-damage|p2a: Corviknight|47/100
|-hitcount|p2a: Corviknight|2
|move|p2a: Corviknight|U-turn|p1a: Weavile
|-supereffective|p1a: Weavile
|-damage|p1a: Weavile|0 fnt
|faint|p1a: Weavile
|
|t:|1776287976
|switch|p2a: Kyurem|Kyurem, tera:Ground|100/100|[from] U-turn
|-ability|p2a: Kyurem|Pressure
|
|upkeep
|
|t:|1776287980
|switch|p1a: Excadrill|Excadrill, M|100/100
|-item|p1a: Excadrill|Air Balloon
|turn|52
|
|t:|1776287986
|switch|p2a: Corviknight|Corviknight, F|47/100
|-ability|p2a: Corviknight|Pressure
|move|p1a: Excadrill|Rapid Spin|p2a: Corviknight
|-resisted|p2a: Corviknight
|-crit|p2a: Corviknight
|-damage|p2a: Corviknight|38/100
|-boost|p1a: Excadrill|spe|1
|
|upkeep
|turn|53
|
|t:|1776287991
|move|p1a: Excadrill|Swords Dance|p1a: Excadrill
|-boost|p1a: Excadrill|atk|2
|move|p2a: Corviknight|U-turn|p1a: Excadrill
|-resisted|p1a: Excadrill
|-damage|p1a: Excadrill|90/100
|-enditem|p1a: Excadrill|Air Balloon
|
|t:|1776287992
|switch|p2a: Dondozo|Dondozo, M|46/100|[from] U-turn
|
|upkeep
|turn|54
|
|t:|1776287995
|move|p1a: Excadrill|Earthquake|p2a: Dondozo
|-damage|p2a: Dondozo|13/100
|move|p2a: Dondozo|Rest|p2a: Dondozo
|-status|p2a: Dondozo|slp|[from] move: Rest
|-heal|p2a: Dondozo|100/100 slp|[silent]
|
|upkeep
|turn|55
|
|t:|1776288004
|move|p1a: Excadrill|Earthquake|p2a: Dondozo
|-damage|p2a: Dondozo|64/100 slp
|cant|p2a: Dondozo|slp
|
|upkeep
|turn|56
|
|t:|1776288006
|switch|p1a: Sinistcha|Sinistcha, shiny|16/100
|cant|p2a: Dondozo|slp
|
|upkeep
|turn|57
|
|t:|1776288011
|switch|p2a: Kyurem|Kyurem, tera:Ground|100/100
|-ability|p2a: Kyurem|Pressure
|move|p1a: Sinistcha|Strength Sap|p2a: Kyurem
|-unboost|p2a: Kyurem|atk|1
|-heal|p1a: Sinistcha|85/100
|
|upkeep
|turn|58
|
|t:|1776288016
|-terastallize|p1a: Sinistcha|Poison
|move|p2a: Kyurem|Substitute|p2a: Kyurem
|-start|p2a: Kyurem|Substitute
|-damage|p2a: Kyurem|75/100
|move|p1a: Sinistcha|Matcha Gotcha|p2a: Kyurem
|-supereffective|p2a: Kyurem
|-end|p2a: Kyurem|Substitute
|-heal|p1a: Sinistcha|99/100|[from] drain|[of] p2a: Kyurem
|
|-heal|p2a: Kyurem|82/100|[from] item: Leftovers
|upkeep
|turn|59
|
|t:|1776288019
|move|p2a: Kyurem|Protect|p2a: Kyurem
|-singleturn|p2a: Kyurem|Protect
|move|p1a: Sinistcha|Matcha Gotcha|p2a: Kyurem
|-activate|p2a: Kyurem|move: Protect
|
|-heal|p2a: Kyurem|88/100|[from] item: Leftovers
|upkeep
|turn|60
|
|t:|1776288021
|move|p2a: Kyurem|Substitute|p2a: Kyurem
|-start|p2a: Kyurem|Substitute
|-damage|p2a: Kyurem|63/100
|move|p1a: Sinistcha|Matcha Gotcha|p2a: Kyurem
|-supereffective|p2a: Kyurem
|-end|p2a: Kyurem|Substitute
|-heal|p1a: Sinistcha|100/100|[from] drain|[of] p2a: Kyurem
|
|-heal|p2a: Kyurem|69/100|[from] item: Leftovers
|upkeep
|turn|61
|
|t:|1776288024
|move|p2a: Kyurem|Protect|p2a: Kyurem
|-singleturn|p2a: Kyurem|Protect
|move|p1a: Sinistcha|Matcha Gotcha|p2a: Kyurem
|-activate|p2a: Kyurem|move: Protect
|
|-heal|p2a: Kyurem|75/100|[from] item: Leftovers
|upkeep
|turn|62
|
|t:|1776288026
|switch|p2a: Corviknight|Corviknight, F|38/100
|-ability|p2a: Corviknight|Pressure
|move|p1a: Sinistcha|Matcha Gotcha|p2a: Corviknight
|-resisted|p2a: Corviknight
|-damage|p2a: Corviknight|29/100
|
|upkeep
|turn|63
|
|t:|1776288029
|move|p1a: Sinistcha|Calm Mind|p1a: Sinistcha
|-boost|p1a: Sinistcha|spa|1
|-boost|p1a: Sinistcha|spd|1
|move|p2a: Corviknight|Roost|p2a: Corviknight
|-heal|p2a: Corviknight|79/100
|-singleturn|p2a: Corviknight|move: Roost
|
|upkeep
|turn|64
|
|t:|1776288031
|move|p1a: Sinistcha|Calm Mind|p1a: Sinistcha
|-boost|p1a: Sinistcha|spa|1
|-boost|p1a: Sinistcha|spd|1
|move|p2a: Corviknight|Brave Bird|p1a: Sinistcha
|-damage|p1a: Sinistcha|77/100
|-damage|p2a: Corviknight|73/100|[from] Recoil
|
|upkeep
|turn|65
|
|t:|1776288040
|move|p1a: Sinistcha|Strength Sap|p2a: Corviknight
|-unboost|p2a: Corviknight|atk|1
|-heal|p1a: Sinistcha|100/100
|move|p2a: Corviknight|Brave Bird|p1a: Sinistcha
|-damage|p1a: Sinistcha|83/100
|-damage|p2a: Corviknight|68/100|[from] Recoil
|
|upkeep
|turn|66
|
|t:|1776288048
|switch|p2a: Dondozo|Dondozo, M|64/100 slp
|move|p1a: Sinistcha|Calm Mind|p1a: Sinistcha
|-boost|p1a: Sinistcha|spa|1
|-boost|p1a: Sinistcha|spd|1
|
|upkeep
|turn|67
|
|t:|1776288051
|move|p1a: Sinistcha|Matcha Gotcha|p2a: Dondozo|[miss]
|-miss|p1a: Sinistcha|p2a: Dondozo
|-curestatus|p2a: Dondozo|slp|[msg]
|move|p2a: Dondozo|Curse|p2a: Dondozo
|-unboost|p2a: Dondozo|spe|1
|-boost|p2a: Dondozo|atk|1
|-boost|p2a: Dondozo|def|1
|
|upkeep
|turn|68
|
|t:|1776288055
|move|p1a: Sinistcha|Matcha Gotcha|p2a: Dondozo
|-supereffective|p2a: Dondozo
|-damage|p2a: Dondozo|25/100
|-heal|p1a: Sinistcha|100/100|[from] drain|[of] p2a: Dondozo
|-status|p2a: Dondozo|brn
|move|p2a: Dondozo|Waterfall|p1a: Sinistcha
|-damage|p1a: Sinistcha|87/100
|
|-damage|p2a: Dondozo|19/100 brn|[from] brn
|upkeep
|turn|69
|
|t:|1776288058
|move|p1a: Sinistcha|Shadow Ball|p2a: Dondozo
|-damage|p2a: Dondozo|0 fnt
|faint|p2a: Dondozo
|
|upkeep
|
|t:|1776288059
|switch|p2a: Kyurem|Kyurem, tera:Ground|75/100
|-ability|p2a: Kyurem|Pressure
|turn|70
|
|t:|1776288063
|move|p2a: Kyurem|Earth Power|p1a: Sinistcha
|-supereffective|p1a: Sinistcha
|-damage|p1a: Sinistcha|42/100
|move|p1a: Sinistcha|Shadow Ball|p2a: Kyurem
|-damage|p2a: Kyurem|0 fnt
|faint|p2a: Kyurem
|
|upkeep
|-message|trenko forfeited.
|
|win|ChokingOnMatcha
|raw|ChokingOnMatcha's rating: 1752 &rarr; <strong>1767</strong><br />(+15 for winning)
|raw|trenko's rating: 1659 &rarr; <strong>1644</strong><br />(-15 for losing)
|l|☆trenko
|player|p2|
|l| Ctannn
