|html|<div class="broadcast-blue"><strong>[Gen 9] OU is currently suspecting Tera Blast! For information on how to participate check out the <a href="https://www.smogon.com/tools/suspects/view/200">suspect thread</a>.</strong></div>
|j|☆yyuyuu
|j|☆KingofEdenz
|t:|1776063571
|gametype|singles
|player|p1|yyuyuu|266|1257
|player|p2|KingofEdenz|harlequin|1218
|gen|9
|tier|[Gen 9] OU
|rated|
|rule|HP Percentage Mod: HP is shown in percentages
|rule|Endless Battle Clause: Forcing endless battles is banned
|rule|Species Clause: Limit one of each Pokémon
|rule|OHKO Clause: OHKO moves are banned
|rule|Evasion Items Clause: Evasion items are banned
|rule|Evasion Moves Clause: Evasion moves are banned
|rule|Evasion Abilities Clause: Evasion abilities are banned
|rule|Sleep Moves Clause: Sleep-inducing moves are banned
|clearpoke
|poke|p1|Honchkrow, M|
|poke|p1|Hatterene, F|
|poke|p1|Arboliva, M|
|poke|p1|Torkoal, M|
|poke|p1|Walking Wake|
|poke|p1|Glimmora, F|
|poke|p2|Lokix, F|
|poke|p2|Zoroark-Hisui, M|
|poke|p2|Entei|
|poke|p2|Gliscor, M|
|poke|p2|Zapdos|
|poke|p2|Kingambit, F|
|teampreview
|inactive|Battle timer is ON: inactive players will automatically lose when time's up. (requested by yyuyuu)
|
|t:|1776063579
|teamsize|p1|6
|teamsize|p2|6
|start
|switch|p1a: Glimmora|Glimmora, F|100/100
|switch|p2a: Sting Scorpion|Gliscor, M|100/100
|turn|1
|
|t:|1776063584
|move|p2a: Sting Scorpion|Nasty Plot|p2a: Sting Scorpion
|-boost|p2a: Sting Scorpion|spa|2
|move|p1a: Glimmora|Stealth Rock|p2a: Sting Scorpion
|-sidestart|p2: KingofEdenz|move: Stealth Rock
|
|upkeep
|turn|2
|
|t:|1776063597
|move|p2a: Sting Scorpion|Shadow Ball|p1a: Glimmora
|-enditem|p1a: Glimmora|Focus Sash
|-damage|p1a: Glimmora|1/100
|-unboost|p1a: Glimmora|spd|1
|move|p1a: Glimmora|Light Screen|p1a: Glimmora
|-sidestart|p1: yyuyuu|move: Light Screen
|
|upkeep
|turn|3
|
|t:|1776063605
|move|p2a: Sting Scorpion|Shadow Ball|p1a: Glimmora
|-damage|p1a: Glimmora|0 fnt
|faint|p1a: Glimmora
|
|upkeep
|
|t:|1776063618
|switch|p1a: Arboliva|Arboliva, M|100/100
|turn|4
|
|t:|1776063627
|move|p2a: Sting Scorpion|Nasty Plot|p2a: Sting Scorpion
|-boost|p2a: Sting Scorpion|spa|2
|move|p1a: Arboliva|Hyper Voice|p2a: Sting Scorpion
|-immune|p2a: Sting Scorpion
|
|upkeep
|turn|5
|inactive|yyuyuu has 120 seconds left.
|
|t:|1776063658
|move|p2a: Sting Scorpion|Flamethrower|p1a: Arboliva
|-supereffective|p1a: Arboliva
|-damage|p1a: Arboliva|24/100
|move|p1a: Arboliva|Earth Power|p2a: Sting Scorpion
|-damage|p2a: Sting Scorpion|36/100
|replace|p2a: Shooting Wolf|Zoroark-Hisui, M, shiny
|-end|p2a: Shooting Wolf|Illusion
|
|upkeep
|turn|6
|-enditem|p1a: Arboliva|Custap Berry|[eat]
|-activate|p1a: Arboliva|item: Custap Berry|[consumed]
|
|t:|1776063665
|move|p1a: Arboliva|Earth Power|p2a: Shooting Wolf
|-damage|p2a: Shooting Wolf|0 fnt
|faint|p2a: Shooting Wolf
|
|-sideend|p1: yyuyuu|move: Light Screen
|upkeep
|
|t:|1776063669
|switch|p2a: Rising Hopper|Lokix, F, shiny|100/100
|-damage|p2a: Rising Hopper|76/100|[from] Stealth Rock
|turn|7
|
|t:|1776063679
|move|p2a: Rising Hopper|Swords Dance|p2a: Rising Hopper
|-boost|p2a: Rising Hopper|atk|2
|move|p1a: Arboliva|Hyper Voice|p2a: Rising Hopper
|-damage|p2a: Rising Hopper|0 fnt
|faint|p2a: Rising Hopper
|
|upkeep
|-message|KingofEdenz forfeited.
|
|win|yyuyuu
|raw|yyuyuu's rating: 1257 &rarr; <strong>1279</strong><br />(+22 for winning)
|raw|KingofEdenz's rating: 1218 &rarr; <strong>1196</strong><br />(-22 for losing)
|l|☆KingofEdenz
|player|p2|
|l|☆yyuyuu
|player|p1|
