|html|<div class="broadcast-blue"><strong>[Gen 9] OU is currently suspecting Tera Blast! For information on how to participate check out the <a href="https://www.smogon.com/tools/suspects/view/200">suspect thread</a>.</strong></div>
|j|☆darimg
|j|☆Baba Y4ga
|t:|1776347134
|gametype|singles
|player|p1|darimg|1|1133
|player|p2|Baba Y4ga|pilot|1193
|gen|9
|tier|[Gen 9] OU
|rated|
|rule|HP Percentage Mod: HP is shown in percentages
|rule|Endless Battle Clause: Forcing endless battles is banned
|rule|Species Clause: Limit one of each Pokémon
|rule|OHKO Clause: OHKO moves are banned
|rule|Evasion Items Clause: Evasion items are banned
|rule|Evasion Moves Clause: Evasion moves are banned
|rule|Evasion Abilities Clause: Evasion abilities are banned
|rule|Sleep Moves Clause: Sleep-inducing moves are banned
|clearpoke
|poke|p1|Heatran, F|
|poke|p1|Toxapex, M|
|poke|p1|Corviknight, M|
|poke|p1|Clodsire, F|
|poke|p1|Great Tusk|
|poke|p1|Gliscor, F|
|poke|p2|Moltres-Galar|
|poke|p2|Gholdengo|
|poke|p2|Samurott-Hisui, M|
|poke|p2|Smeargle, M|
|poke|p2|Zamazenta-*|
|poke|p2|Deoxys-Speed|
|teampreview
|inactive|Battle timer is ON: inactive players will automatically lose when time's up. (requested by Baba Y4ga)
|
|t:|1776347151
|teamsize|p1|6
|teamsize|p2|6
|start
|switch|p1a: Girlboss|Toxapex, M|100/100
|switch|p2a: Samurott|Samurott-Hisui, M|100/100
|turn|1
|
|t:|1776347159
|switch|p2a: Gholdengo|Gholdengo|100/100
|move|p1a: Girlboss|Toxic|p2a: Gholdengo
|-immune|p2a: Gholdengo|[from] ability: Good as Gold
|
|upkeep
|turn|2
|
|t:|1776347176
|switch|p1a: Gaslight|Heatran, F|100/100
|move|p2a: Gholdengo|Shadow Ball|p1a: Gaslight
|-damage|p1a: Gaslight|73/100
|-unboost|p1a: Gaslight|spd|1
|
|-heal|p1a: Gaslight|80/100|[from] item: Leftovers
|upkeep
|turn|3
|
|t:|1776347204
|switch|p2a: Samurott|Samurott-Hisui, M|100/100
|move|p1a: Gaslight|Magma Storm|p2a: Samurott
|-resisted|p2a: Samurott
|-damage|p2a: Samurott|67/100
|-activate|p2a: Samurott|move: Magma Storm|[of] p1a: Gaslight
|
|-heal|p1a: Gaslight|86/100|[from] item: Leftovers
|-damage|p2a: Samurott|55/100|[from] move: Magma Storm|[partiallytrapped]
|upkeep
|turn|4
|
|t:|1776347214
|move|p1a: Gaslight|Protect|p1a: Gaslight
|-singleturn|p1a: Gaslight|Protect
|move|p2a: Samurott|Ceaseless Edge|p1a: Gaslight
|-activate|p1a: Gaslight|move: Protect
|
|-heal|p1a: Gaslight|92/100|[from] item: Leftovers
|-damage|p2a: Samurott|42/100|[from] move: Magma Storm|[partiallytrapped]
|upkeep
|turn|5
|
|t:|1776347228
|switch|p1a: Girlboss|Toxapex, M|100/100
|move|p2a: Samurott|Razor Shell|p1a: Girlboss
|-resisted|p1a: Girlboss
|-damage|p1a: Girlboss|85/100
|-unboost|p1a: Girlboss|def|1
|
|-heal|p1a: Girlboss|91/100|[from] item: Black Sludge
|-end|p2a: Samurott|Magma Storm|[partiallytrapped]|[silent]
|upkeep
|turn|6
|
|t:|1776347240
|move|p2a: Samurott|Ceaseless Edge|p1a: Girlboss
|-damage|p1a: Girlboss|54/100
|-sidestart|p1: darimg|Spikes
|move|p1a: Girlboss|Surf|p2a: Samurott
|-resisted|p2a: Samurott
|-damage|p2a: Samurott|28/100
|
|-heal|p1a: Girlboss|60/100|[from] item: Black Sludge
|upkeep
|turn|7
|
|t:|1776347249
|move|p2a: Samurott|Knock Off|p1a: Girlboss
|-damage|p1a: Girlboss|17/100
|-enditem|p1a: Girlboss|Black Sludge|[from] move: Knock Off|[of] p2a: Samurott
|move|p1a: Girlboss|Toxic|p2a: Samurott
|-status|p2a: Samurott|tox
|
|-damage|p2a: Samurott|22/100 tox|[from] psn
|upkeep
|turn|8
|
|t:|1776347258
|switch|p1a: Gatekeep|Corviknight, M|100/100
|-ability|p1a: Gatekeep|Pressure
|move|p2a: Samurott|Ceaseless Edge|p1a: Gatekeep|[miss]
|-miss|p2a: Samurott|p1a: Gatekeep
|
|-damage|p2a: Samurott|9/100 tox|[from] psn
|upkeep
|turn|9
|
|t:|1776347270
|switch|p2a: Moltres|Moltres-Galar|100/100
|move|p1a: Gatekeep|Defog|p2a: Moltres
|-unboost|p2a: Moltres|evasion|1
|-sideend|p1: darimg|Spikes|[from] move: Defog|[of] p1a: Gatekeep
|
|upkeep
|turn|10
|
|t:|1776347293
|move|p2a: Moltres|Nasty Plot|p2a: Moltres
|-boost|p2a: Moltres|spa|2
|move|p1a: Gatekeep|U-turn|p2a: Moltres
|-damage|p2a: Moltres|83/100
|inactive|darimg has 120 seconds left.
|
|t:|1776347304
|switch|p1a: Girlboss|Toxapex, M|50/100|[from] U-turn
|
|upkeep
|turn|11
|
|t:|1776347310
|move|p2a: Moltres|Fiery Wrath|p1a: Girlboss
|-damage|p1a: Girlboss|0 fnt
|faint|p1a: Girlboss
|
|upkeep
|
|t:|1776347319
|switch|p1a: The Good|Clodsire, F|100/100
|turn|12
|inactive|Baba Y4ga has 120 seconds left.
|
|t:|1776347352
|move|p2a: Moltres|Fiery Wrath|p1a: The Good
|-damage|p1a: The Good|77/100
|move|p1a: The Good|Toxic|p2a: Moltres
|-status|p2a: Moltres|tox
|
|-heal|p1a: The Good|83/100|[from] item: Leftovers
|-damage|p2a: Moltres|77/100 tox|[from] psn
|upkeep
|turn|13
|inactive|Baba Y4ga has 120 seconds left.
|
|t:|1776347376
|switch|p2a: Zamazenta|Zamazenta|100/100
|-ability|p2a: Zamazenta|Dauntless Shield|boost
|-boost|p2a: Zamazenta|def|1
|move|p1a: The Good|Spikes|p2a: Zamazenta
|-sidestart|p2: Baba Y4ga|Spikes
|
|-heal|p1a: The Good|90/100|[from] item: Leftovers
|upkeep
|turn|14
|
|t:|1776347387
|move|p1a: The Good|Toxic|p2a: Zamazenta
|-status|p2a: Zamazenta|tox
|move|p2a: Zamazenta|Roar|p1a: The Good
|drag|p1a: The Bad|Great Tusk|100/100
|
|-damage|p2a: Zamazenta|94/100 tox|[from] psn
|upkeep
|turn|15
|
|t:|1776347398
|move|p2a: Zamazenta|Body Press|p1a: The Bad
|-damage|p1a: The Bad|59/100
|move|p1a: The Bad|Knock Off|p2a: Zamazenta
|-resisted|p2a: Zamazenta
|-damage|p2a: Zamazenta|85/100 tox
|-enditem|p2a: Zamazenta|Leftovers|[from] move: Knock Off|[of] p1a: The Bad
|
|-heal|p1a: The Bad|65/100|[from] item: Leftovers
|-damage|p2a: Zamazenta|73/100 tox|[from] psn
|upkeep
|turn|16
|inactive|darimg has 120 seconds left.
|
|t:|1776347426
|-end|p1a: The Bad|Protosynthesis|[silent]
|switch|p1a: The Dirty|Gliscor, F|100/100
|move|p2a: Zamazenta|Body Press|p1a: The Dirty
|-resisted|p1a: The Dirty
|-damage|p1a: The Dirty|83/100
|
|-damage|p2a: Zamazenta|54/100 tox|[from] psn
|-status|p1a: The Dirty|tox|[from] item: Toxic Orb
|upkeep
|turn|17
|inactive|darimg has 120 seconds left.
|
|t:|1776347439
|switch|p2a: Moltres|Moltres-Galar|77/100 tox
|move|p1a: The Dirty|Protect||[still]
|-fail|p1a: The Dirty
|
|-damage|p2a: Moltres|71/100 tox|[from] psn
|-heal|p1a: The Dirty|96/100 tox|[from] ability: Poison Heal
|upkeep
|turn|18
|inactive|darimg has 120 seconds left.
|
|t:|1776347451
|move|p2a: Moltres|Nasty Plot|p2a: Moltres
|-boost|p2a: Moltres|spa|2
|move|p1a: The Dirty|Substitute|p1a: The Dirty
|-start|p1a: The Dirty|Substitute
|-damage|p1a: The Dirty|71/100 tox
|
|-damage|p2a: Moltres|58/100 tox|[from] psn
|-heal|p1a: The Dirty|83/100 tox|[from] ability: Poison Heal
|upkeep
|turn|19
|inactive|darimg has 120 seconds left.
|
|t:|1776347462
|move|p1a: The Dirty|Protect|p1a: The Dirty
|-singleturn|p1a: The Dirty|Protect
|move|p2a: Moltres|Fiery Wrath|p1a: The Dirty
|-activate|p1a: The Dirty|move: Protect
|
|-damage|p2a: Moltres|40/100 tox|[from] psn
|-heal|p1a: The Dirty|96/100 tox|[from] ability: Poison Heal
|upkeep
|-enditem|p2a: Moltres|Sitrus Berry|[eat]
|-heal|p2a: Moltres|65/100 tox|[from] item: Sitrus Berry
|turn|20
|inactive|darimg has 120 seconds left.
|
|t:|1776347475
|move|p2a: Moltres|Fiery Wrath|p1a: The Dirty
|-crit|p1a: The Dirty
|-end|p1a: The Dirty|Substitute
|move|p1a: The Dirty|Substitute|p1a: The Dirty
|-start|p1a: The Dirty|Substitute
|-damage|p1a: The Dirty|71/100 tox
|
|-damage|p2a: Moltres|40/100 tox|[from] psn
|-heal|p1a: The Dirty|83/100 tox|[from] ability: Poison Heal
|upkeep
|turn|21
|inactive|darimg has 120 seconds left.
|
|t:|1776347501
|switch|p2a: Gholdengo|Gholdengo|100/100
|-damage|p2a: Gholdengo|88/100|[from] Spikes
|move|p1a: The Dirty|Protect||[still]
|-fail|p1a: The Dirty
|
|-heal|p1a: The Dirty|96/100 tox|[from] ability: Poison Heal
|upkeep
|turn|22
|inactive|darimg has 120 seconds left.
|
|t:|1776347516
|move|p2a: Gholdengo|Shadow Ball|p1a: The Dirty
|-end|p1a: The Dirty|Substitute
|move|p1a: The Dirty|Earthquake|p2a: Gholdengo
|-supereffective|p2a: Gholdengo
|-damage|p2a: Gholdengo|17/100
|
|-heal|p1a: The Dirty|100/100 tox|[from] ability: Poison Heal
|upkeep
|turn|23
|l|☆darimg
|inactive|darimg disconnected and has a minute to reconnect!
|player|p1|
|j|☆darimg
|inactive|darimg reconnected and has 115 seconds left.
|player|p1|darimg|1|
|
|t:|1776347535
|switch|p2a: Samurott|Samurott-Hisui, M|9/100 tox
|-damage|p2a: Samurott|0 fnt|[from] Spikes
|faint|p2a: Samurott
|move|p1a: The Dirty|Protect||[still]
|-fail|p1a: The Dirty
|
|upkeep
|
|t:|1776347542
|switch|p2a: Gholdengo|Gholdengo|17/100
|-damage|p2a: Gholdengo|5/100|[from] Spikes
|turn|24
|
|t:|1776347552
|move|p2a: Gholdengo|Trick|p1a: The Dirty
|-activate|p2a: Gholdengo|move: Trick|[of] p1a: The Dirty
|-item|p1a: The Dirty|Choice Scarf|[from] move: Trick
|-item|p2a: Gholdengo|Toxic Orb|[from] move: Trick
|move|p1a: The Dirty|Earthquake|p2a: Gholdengo
|-supereffective|p2a: Gholdengo
|-damage|p2a: Gholdengo|0 fnt
|faint|p2a: Gholdengo
|
|upkeep
|
|t:|1776347556
|switch|p2a: Smeargle|Smeargle, M|100/100
|-damage|p2a: Smeargle|88/100|[from] Spikes
|turn|25
|
|t:|1776347564
|-terastallize|p2a: Smeargle|Flying
|move|p1a: The Dirty|Earthquake|p2a: Smeargle
|-immune|p2a: Smeargle
|move|p2a: Smeargle|Jaw Lock|p1a: The Dirty
|-damage|p1a: The Dirty|93/100 tox
|-activate|p2a: Smeargle|trapped
|-activate|p1a: The Dirty|trapped
|
|-heal|p1a: The Dirty|100/100 tox|[from] ability: Poison Heal
|upkeep
|turn|26
|
|t:|1776347580
|move|p1a: The Dirty|Earthquake|p2a: Smeargle
|-immune|p2a: Smeargle
|move|p2a: Smeargle|No Retreat|p2a: Smeargle
|-boost|p2a: Smeargle|atk|1
|-boost|p2a: Smeargle|def|1
|-boost|p2a: Smeargle|spa|1
|-boost|p2a: Smeargle|spd|1
|-boost|p2a: Smeargle|spe|1
|
|upkeep
|turn|27
|
|t:|1776347587
|move|p1a: The Dirty|Earthquake|p2a: Smeargle
|-immune|p2a: Smeargle
|move|p2a: Smeargle|No Retreat|p2a: Smeargle
|-boost|p2a: Smeargle|atk|1
|-boost|p2a: Smeargle|def|1
|-boost|p2a: Smeargle|spa|1
|-boost|p2a: Smeargle|spd|1
|-boost|p2a: Smeargle|spe|1
|
|upkeep
|turn|28
|
|t:|1776347595
|move|p2a: Smeargle|No Retreat|p2a: Smeargle
|-boost|p2a: Smeargle|atk|1
|-boost|p2a: Smeargle|def|1
|-boost|p2a: Smeargle|spa|1
|-boost|p2a: Smeargle|spd|1
|-boost|p2a: Smeargle|spe|1
|move|p1a: The Dirty|Earthquake|p2a: Smeargle
|-immune|p2a: Smeargle
|
|upkeep
|turn|29
|
|t:|1776347603
|move|p2a: Smeargle|No Retreat|p2a: Smeargle
|-boost|p2a: Smeargle|atk|1
|-boost|p2a: Smeargle|def|1
|-boost|p2a: Smeargle|spa|1
|-boost|p2a: Smeargle|spd|1
|-boost|p2a: Smeargle|spe|1
|move|p1a: The Dirty|Earthquake|p2a: Smeargle
|-immune|p2a: Smeargle
|
|upkeep
|turn|30
|
|t:|1776347611
|move|p2a: Smeargle|No Retreat|p2a: Smeargle
|-boost|p2a: Smeargle|atk|1
|-boost|p2a: Smeargle|def|1
|-boost|p2a: Smeargle|spa|1
|-boost|p2a: Smeargle|spd|1
|-boost|p2a: Smeargle|spe|1
|move|p1a: The Dirty|Earthquake|p2a: Smeargle
|-immune|p2a: Smeargle
|
|upkeep
|turn|31
|
|t:|1776347619
|move|p2a: Smeargle|No Retreat|p2a: Smeargle
|-boost|p2a: Smeargle|atk|1
|-boost|p2a: Smeargle|def|1
|-boost|p2a: Smeargle|spa|1
|-boost|p2a: Smeargle|spd|1
|-boost|p2a: Smeargle|spe|1
|move|p1a: The Dirty|Earthquake|p2a: Smeargle
|-immune|p2a: Smeargle
|
|upkeep
|turn|32
|
|t:|1776347628
|move|p2a: Smeargle|Population Bomb|p1a: The Dirty
|-damage|p1a: The Dirty|84/100 tox
|-damage|p1a: The Dirty|65/100 tox
|-damage|p1a: The Dirty|48/100 tox
|-damage|p1a: The Dirty|32/100 tox
|-damage|p1a: The Dirty|14/100 tox
|-damage|p1a: The Dirty|0 fnt
|faint|p1a: The Dirty
|-hitcount|p1: The Dirty|6
|
|upkeep
|
|t:|1776347647
|switch|p1a: Gaslight|Heatran, F|92/100
|turn|33
|
|t:|1776347651
|move|p2a: Smeargle|Power Trip|p1a: Gaslight
|-crit|p1a: Gaslight
|-damage|p1a: Gaslight|0 fnt
|faint|p1a: Gaslight
|
|upkeep
|
|t:|1776347657
|switch|p1a: Gatekeep|Corviknight, M|100/100
|-ability|p1a: Gatekeep|Pressure
|turn|34
|
|t:|1776347665
|move|p2a: Smeargle|Power Trip|p1a: Gatekeep
|-damage|p1a: Gatekeep|0 fnt
|faint|p1a: Gatekeep
|
|upkeep
|c|☆Baba Y4ga|lets go
|-message|darimg forfeited.
|
|win|Baba Y4ga
|raw|darimg's rating: 1133 &rarr; <strong>1112</strong><br />(-21 for losing)
|raw|Baba Y4ga's rating: 1193 &rarr; <strong>1214</strong><br />(+21 for winning)
|l|☆darimg
|player|p1|
