|html|<div class="broadcast-blue"><strong>[Gen 9] OU is currently suspecting Tera Blast! For information on how to participate check out the <a href="https://www.smogon.com/tools/suspects/view/200">suspect thread</a>.</strong></div>
|j|☆liviifailure
|j|☆She/Heroin
|t:|1776123513
|gametype|singles
|player|p1|liviifailure|iono|
|player|p2|She/Heroin|jacinthe|
|gen|9
|tier|[Gen 9] OU
|rule|HP Percentage Mod: HP is shown in percentages
|rule|Endless Battle Clause: Forcing endless battles is banned
|rule|Species Clause: Limit one of each Pokémon
|rule|OHKO Clause: OHKO moves are banned
|rule|Evasion Items Clause: Evasion items are banned
|rule|Evasion Moves Clause: Evasion moves are banned
|rule|Evasion Abilities Clause: Evasion abilities are banned
|rule|Sleep Moves Clause: Sleep-inducing moves are banned
|clearpoke
|poke|p1|Heatran, F|
|poke|p1|Rillaboom, F|
|poke|p1|Ogerpon-Wellspring, F|
|poke|p1|Dragapult, F|
|poke|p1|Great Tusk|
|poke|p1|Orthworm, F|
|poke|p2|Ceruledge, F|
|poke|p2|Ninetales-Alola, F|
|poke|p2|Great Tusk|
|poke|p2|Dragonite, M|
|poke|p2|Hatterene, F|
|poke|p2|Tornadus-Therian, M|
|teampreview
|c|☆liviifailure|oh i didnt know we could swap teams
|c|☆liviifailure|noted :3
|c|☆She/Heroin|wanna rechall?
|c|☆liviifailure|it's fine dw
|
|t:|1776123559
|teamsize|p1|6
|teamsize|p2|6
|start
|switch|p1a: Orthworm|Orthworm, F|100/100
|switch|p2a: Ninetales|Ninetales-Alola, F, shiny|100/100
|-weather|Snowscape|[from] ability: Snow Warning|[of] p2a: Ninetales
|turn|1
|
|t:|1776123577
|switch|p2a: Hatterene|Hatterene, F|100/100
|move|p1a: Orthworm|Stealth Rock|p2a: Hatterene
|move|p2a: Hatterene|Stealth Rock|p1a: Orthworm|[from] ability: Magic Bounce
|-sidestart|p1: liviifailure|move: Stealth Rock
|
|-weather|Snowscape|[upkeep]
|upkeep
|turn|2
|
|t:|1776123583
|move|p1a: Orthworm|Stealth Rock|p2a: Hatterene
|move|p2a: Hatterene|Stealth Rock||[from] ability: Magic Bounce|[still]
|-fail|p2a: Hatterene
|move|p2a: Hatterene|Psychic Noise|p1a: Orthworm
|-resisted|p1a: Orthworm
|-damage|p1a: Orthworm|83/100
|-start|p1a: Orthworm|move: Heal Block
|
|-weather|Snowscape|[upkeep]
|upkeep
|turn|3
|
|t:|1776123591
|move|p1a: Orthworm|Iron Defense|p1a: Orthworm
|-boost|p1a: Orthworm|def|2
|move|p2a: Hatterene|Pain Split|p1a: Orthworm
|-sethp|p1a: Orthworm|88/100|[from] move: Pain Split|[silent]
|-sethp|p2a: Hatterene|95/100|[from] move: Pain Split
|
|-weather|Snowscape|[upkeep]
|-end|p1a: Orthworm|move: Heal Block
|upkeep
|turn|4
|
|t:|1776123596
|move|p1a: Orthworm|Heavy Slam|p2a: Hatterene
|-supereffective|p2a: Hatterene
|-damage|p2a: Hatterene|31/100
|-enditem|p2a: Hatterene|Eject Button
|
|t:|1776123610
|switch|p2a: Tornadus|Tornadus-Therian, M|100/100
|
|-weather|Snowscape|[upkeep]
|-heal|p1a: Orthworm|94/100|[from] item: Leftovers
|upkeep
|turn|5
|
|t:|1776123620
|move|p2a: Tornadus|Heat Wave|p1a: Orthworm
|-supereffective|p1a: Orthworm
|-damage|p1a: Orthworm|11/100
|-damage|p2a: Tornadus|91/100|[from] item: Life Orb
|move|p1a: Orthworm|Heavy Slam|p2a: Tornadus
|-damage|p2a: Tornadus|46/100
|
|-weather|none
|-heal|p1a: Orthworm|17/100|[from] item: Leftovers
|upkeep
|turn|6
|
|t:|1776123629
|move|p2a: Tornadus|Bleakwind Storm|p1a: Orthworm
|-resisted|p1a: Orthworm
|-damage|p1a: Orthworm|0 fnt
|faint|p1a: Orthworm
|-damage|p2a: Tornadus|37/100|[from] item: Life Orb
|
|upkeep
|
|t:|1776123639
|switch|p1a: Heatran|Heatran, F|100/100
|-damage|p1a: Heatran|88/100|[from] Stealth Rock
|turn|7
|
|t:|1776123646
|-terastallize|p2a: Tornadus|Ground
|move|p2a: Tornadus|Tera Blast|p1a: Heatran|[anim] Tera Blast Ground
|-supereffective|p1a: Heatran
|-damage|p1a: Heatran|0 fnt
|faint|p1a: Heatran
|-damage|p2a: Tornadus|27/100|[from] item: Life Orb
|
|upkeep
|
|t:|1776123650
|switch|p1a: Rillaboom|Rillaboom, F|100/100
|-damage|p1a: Rillaboom|88/100|[from] Stealth Rock
|-fieldstart|move: Grassy Terrain|[from] ability: Grassy Surge|[of] p1a: Rillaboom
|turn|8
|
|t:|1776123655
|switch|p2a: Ceruledge|Ceruledge, F|100/100
|move|p1a: Rillaboom|U-turn|p2a: Ceruledge
|-resisted|p2a: Ceruledge
|-damage|p2a: Ceruledge|92/100
|-ability|p2a: Ceruledge|Weak Armor|boost
|-unboost|p2a: Ceruledge|def|1
|-boost|p2a: Ceruledge|spe|2
|
|t:|1776123668
|switch|p1a: Dragapult|Dragapult, F|100/100|[from] U-turn
|-damage|p1a: Dragapult|88/100|[from] Stealth Rock
|
|-heal|p2a: Ceruledge|98/100|[from] Grassy Terrain
|-heal|p1a: Dragapult|94/100|[from] Grassy Terrain
|upkeep
|turn|9
|
|t:|1776123677
|-terastallize|p1a: Dragapult|Fairy
|move|p2a: Ceruledge|Swords Dance|p2a: Ceruledge
|-boost|p2a: Ceruledge|atk|2
|move|p1a: Dragapult|Shadow Ball|p2a: Ceruledge
|-supereffective|p2a: Ceruledge
|-damage|p2a: Ceruledge|0 fnt
|faint|p2a: Ceruledge
|
|-heal|p1a: Dragapult|99/100|[from] Grassy Terrain
|upkeep
|
|t:|1776123687
|switch|p2a: Ninetales|Ninetales-Alola, F, shiny|100/100
|-weather|Snowscape|[from] ability: Snow Warning|[of] p2a: Ninetales
|turn|10
|
|t:|1776123695
|move|p1a: Dragapult|Shadow Ball|p2a: Ninetales
|-damage|p2a: Ninetales|46/100
|move|p2a: Ninetales|Aurora Veil|p2a: Ninetales
|-sidestart|p2: She/Heroin|move: Aurora Veil
|
|-weather|Snowscape|[upkeep]
|-heal|p1a: Dragapult|100/100|[from] Grassy Terrain
|-heal|p2a: Ninetales|52/100|[from] Grassy Terrain
|upkeep
|turn|11
|
|t:|1776123718
|switch|p2a: Hatterene|Hatterene, F|31/100
|move|p1a: Dragapult|Shadow Ball|p2a: Hatterene
|-supereffective|p2a: Hatterene
|-damage|p2a: Hatterene|0 fnt
|faint|p2a: Hatterene
|
|-weather|Snowscape|[upkeep]
|upkeep
|
|t:|1776123727
|switch|p2a: Dragonite|Dragonite, M|100/100
|turn|12
|
|t:|1776123735
|switch|p1a: Great Tusk|Great Tusk|100/100
|move|p2a: Dragonite|Dragon Dance|p2a: Dragonite
|-boost|p2a: Dragonite|atk|1
|-boost|p2a: Dragonite|spe|1
|
|-weather|Snowscape|[upkeep]
|upkeep
|turn|13
|
|t:|1776123741
|move|p2a: Dragonite|Dragon Dance|p2a: Dragonite
|-boost|p2a: Dragonite|atk|1
|-boost|p2a: Dragonite|spe|1
|move|p1a: Great Tusk|Rapid Spin|p2a: Dragonite
|-damage|p2a: Dragonite|96/100
|-boost|p1a: Great Tusk|spe|1
|-sideend|p1: liviifailure|Stealth Rock|[from] move: Rapid Spin|[of] p1a: Great Tusk
|
|-weather|Snowscape|[upkeep]
|-heal|p2a: Dragonite|100/100|[from] item: Leftovers
|upkeep
|turn|14
|
|t:|1776123748
|move|p2a: Dragonite|Dragon Dance|p2a: Dragonite
|-boost|p2a: Dragonite|atk|1
|-boost|p2a: Dragonite|spe|1
|move|p1a: Great Tusk|Ice Spinner|p2a: Dragonite
|-supereffective|p2a: Dragonite
|-damage|p2a: Dragonite|72/100
|-fieldend|move: Grassy Terrain
|
|-weather|none
|-heal|p2a: Dragonite|79/100|[from] item: Leftovers
|upkeep
|turn|15
|
|t:|1776123754
|move|p2a: Dragonite|Earthquake|p1a: Great Tusk
|-damage|p1a: Great Tusk|33/100
|move|p1a: Great Tusk|Ice Spinner|p2a: Dragonite
|-supereffective|p2a: Dragonite
|-damage|p2a: Dragonite|22/100
|
|-heal|p2a: Dragonite|28/100|[from] item: Leftovers
|upkeep
|turn|16
|
|t:|1776123766
|move|p2a: Dragonite|Earthquake|p1a: Great Tusk
|-damage|p1a: Great Tusk|0 fnt
|faint|p1a: Great Tusk
|-end|p1a: Great Tusk|Protosynthesis|[silent]
|
|-heal|p2a: Dragonite|34/100|[from] item: Leftovers
|upkeep
|
|t:|1776123771
|switch|p1a: Rillaboom|Rillaboom, F|88/100
|-fieldstart|move: Grassy Terrain|[from] ability: Grassy Surge|[of] p1a: Rillaboom
|turn|17
|
|t:|1776123775
|move|p2a: Dragonite|Earthquake|p1a: Rillaboom
|-resisted|p1a: Rillaboom
|-damage|p1a: Rillaboom|66/100
|move|p1a: Rillaboom|Knock Off|p2a: Dragonite
|-damage|p2a: Dragonite|15/100
|-enditem|p2a: Dragonite|Leftovers|[from] move: Knock Off|[of] p1a: Rillaboom
|
|-heal|p1a: Rillaboom|72/100|[from] Grassy Terrain
|-sideend|p2: She/Heroin|move: Aurora Veil
|upkeep
|turn|18
|
|t:|1776123784
|move|p2a: Dragonite|Earthquake|p1a: Rillaboom
|-resisted|p1a: Rillaboom
|-damage|p1a: Rillaboom|50/100
|move|p1a: Rillaboom|Knock Off|p2a: Dragonite
|-damage|p2a: Dragonite|0 fnt
|faint|p2a: Dragonite
|
|-heal|p1a: Rillaboom|56/100|[from] Grassy Terrain
|upkeep
|
|t:|1776123787
|switch|p2a: Ninetales|Ninetales-Alola, F, shiny|52/100
|-weather|Snowscape|[from] ability: Snow Warning|[of] p2a: Ninetales
|turn|19
|
|t:|1776123793
|move|p1a: Rillaboom|Grassy Glide|p2a: Ninetales
|-damage|p2a: Ninetales|20/100
|move|p2a: Ninetales|Aurora Veil|p2a: Ninetales
|-sidestart|p2: She/Heroin|move: Aurora Veil
|
|-weather|Snowscape|[upkeep]
|-heal|p2a: Ninetales|26/100|[from] Grassy Terrain
|-heal|p1a: Rillaboom|62/100|[from] Grassy Terrain
|upkeep
|turn|20
|
|t:|1776123802
|move|p2a: Ninetales|Freeze-Dry|p1a: Rillaboom
|-supereffective|p1a: Rillaboom
|-damage|p1a: Rillaboom|18/100
|move|p1a: Rillaboom|U-turn|p2a: Ninetales
|-resisted|p2a: Ninetales
|-damage|p2a: Ninetales|20/100
|
|t:|1776123804
|switch|p1a: Ogerpon|Ogerpon-Wellspring, F|100/100|[from] U-turn
|
|-weather|Snowscape|[upkeep]
|-heal|p2a: Ninetales|26/100|[from] Grassy Terrain
|upkeep
|turn|21
|
|t:|1776123810
|move|p1a: Ogerpon|Grassy Glide|p2a: Ninetales
|-damage|p2a: Ninetales|5/100
|move|p2a: Ninetales|Freeze-Dry|p1a: Ogerpon
|-supereffective|p1a: Ogerpon
|-crit|p1a: Ogerpon
|-damage|p1a: Ogerpon|0 fnt
|faint|p1a: Ogerpon
|
|-weather|Snowscape|[upkeep]
|-heal|p2a: Ninetales|11/100|[from] Grassy Terrain
|upkeep
|
|t:|1776123815
|switch|p1a: Rillaboom|Rillaboom, F|18/100
|turn|22
|
|t:|1776123823
|move|p1a: Rillaboom|Grassy Glide|p2a: Ninetales
|-damage|p2a: Ninetales|0 fnt
|faint|p2a: Ninetales
|
|-weather|Snowscape|[upkeep]
|-heal|p1a: Rillaboom|24/100|[from] Grassy Terrain
|upkeep
|
|t:|1776123835
|switch|p2a: Great Tusk|Great Tusk|100/100
|-enditem|p2a: Great Tusk|Booster Energy
|-activate|p2a: Great Tusk|ability: Protosynthesis|[fromitem]
|-start|p2a: Great Tusk|protosynthesisatk
|turn|23
|
|t:|1776123843
|switch|p1a: Dragapult|Dragapult, F, tera:Fairy|100/100
|move|p2a: Great Tusk|Rapid Spin|p1a: Dragapult
|-damage|p1a: Dragapult|68/100
|-boost|p2a: Great Tusk|spe|1
|
|-weather|none
|-heal|p1a: Dragapult|74/100|[from] Grassy Terrain
|upkeep
|turn|24
|
|t:|1776123852
|move|p2a: Great Tusk|Headlong Rush|p1a: Dragapult
|-crit|p1a: Dragapult
|-damage|p1a: Dragapult|0 fnt
|-unboost|p2a: Great Tusk|def|1
|-unboost|p2a: Great Tusk|spd|1
|faint|p1a: Dragapult
|
|-fieldend|move: Grassy Terrain
|upkeep
|
|t:|1776123867
|switch|p1a: Rillaboom|Rillaboom, F|24/100
|-fieldstart|move: Grassy Terrain|[from] ability: Grassy Surge|[of] p1a: Rillaboom
|turn|25
|
|t:|1776123870
|move|p1a: Rillaboom|Grassy Glide|p2a: Great Tusk
|-supereffective|p2a: Great Tusk
|-damage|p2a: Great Tusk|60/100
|move|p2a: Great Tusk|Ice Spinner|p1a: Rillaboom
|-supereffective|p1a: Rillaboom
|-damage|p1a: Rillaboom|0 fnt
|-fieldend|move: Grassy Terrain
|faint|p1a: Rillaboom
|
|win|She/Heroin
|l|☆liviifailure
|player|p1|
