|html|<div class="broadcast-blue"><strong>[Gen 9] OU is currently suspecting Volcarona! For information on how to participate check out the <a href="https://www.smogon.com/tools/suspects/view/208">suspect thread</a>.</strong></div>
|j|☆S7unn3R
|j|☆zefi1220
|t:|1778511993
|gametype|singles
|player|p1|S7unn3R|cliff|1108
|player|p2|zefi1220|riley|1057
|gen|9
|tier|[Gen 9] OU
|rated|
|rule|HP Percentage Mod: HP is shown in percentages
|rule|Endless Battle Clause: Forcing endless battles is banned
|rule|Species Clause: Limit one of each Pokémon
|rule|OHKO Clause: OHKO moves are banned
|rule|Evasion Items Clause: Evasion items are banned
|rule|Evasion Moves Clause: Evasion moves are banned
|rule|Evasion Abilities Clause: Evasion abilities are banned
|rule|Sleep Moves Clause: Sleep-inducing moves are banned
|clearpoke
|poke|p1|Floatzel, M|
|poke|p1|Volcarona, M|
|poke|p1|Kingambit, M|
|poke|p1|Pelipper, M|
|poke|p1|Iron Treads|
|poke|p1|Raging Bolt|
|poke|p2|Volcarona, F|
|poke|p2|Garchomp, F|
|poke|p2|Glimmora, F|
|poke|p2|Lucario, M|
|poke|p2|Azumarill, M|
|poke|p2|Meowscarada, M|
|teampreview
|inactive|Battle timer is ON: inactive players will automatically lose when time's up. (requested by zefi1220)
|
|t:|1778512017
|teamsize|p1|6
|teamsize|p2|6
|start
|switch|p1a: Pelipper|Pelipper, M, shiny|100/100
|switch|p2a: Glimmora|Glimmora, F|100/100
|-weather|RainDance|[from] ability: Drizzle|[of] p1a: Pelipper
|turn|1
|
|t:|1778512028
|switch|p2a: Azumarill|Azumarill, M|100/100
|switch|p1a: Iron Treads|Iron Treads, shiny|100/100
|-enditem|p1a: Iron Treads|Booster Energy
|-activate|p1a: Iron Treads|ability: Quark Drive|[fromitem]
|-start|p1a: Iron Treads|quarkdrivespe
|
|-weather|RainDance|[upkeep]
|upkeep
|turn|2
|
|t:|1778512044
|move|p2a: Azumarill|Aqua Jet|p1a: Iron Treads
|-supereffective|p1a: Iron Treads
|-damage|p1a: Iron Treads|30/100
|move|p1a: Iron Treads|Earth Power|p2a: Azumarill
|-damage|p2a: Azumarill|66/100
|
|-weather|RainDance|[upkeep]
|upkeep
|turn|3
|
|t:|1778512053
|-end|p1a: Iron Treads|Quark Drive|[silent]
|switch|p1a: Raging Bolt|Raging Bolt|100/100
|move|p2a: Azumarill|Aqua Jet|p1a: Raging Bolt
|-resisted|p1a: Raging Bolt
|-damage|p1a: Raging Bolt|84/100
|
|-weather|RainDance|[upkeep]
|upkeep
|turn|4
|
|t:|1778512066
|switch|p2a: Garchomp|Garchomp, F|100/100
|move|p1a: Raging Bolt|Weather Ball|p2a: Garchomp
|-damage|p2a: Garchomp|40/100
|
|-weather|RainDance|[upkeep]
|upkeep
|turn|5
|
|t:|1778512077
|-end|p1a: Raging Bolt|Protosynthesis|[silent]
|switch|p1a: Iron Treads|Iron Treads, shiny|30/100
|move|p2a: Garchomp|Dragon Claw|p1a: Iron Treads
|-resisted|p1a: Iron Treads
|-damage|p1a: Iron Treads|11/100
|
|-weather|RainDance|[upkeep]
|upkeep
|turn|6
|
|t:|1778512089
|switch|p2a: Azumarill|Azumarill, M|66/100
|move|p1a: Iron Treads|Stealth Rock|p2a: Azumarill
|-sidestart|p2: zefi1220|move: Stealth Rock
|
|-weather|RainDance|[upkeep]
|upkeep
|turn|7
|
|t:|1778512098
|move|p2a: Azumarill|Aqua Jet|p1a: Iron Treads
|-supereffective|p1a: Iron Treads
|-damage|p1a: Iron Treads|0 fnt
|faint|p1a: Iron Treads
|-end|p1a: Iron Treads|Quark Drive|[silent]
|
|-weather|RainDance|[upkeep]
|upkeep
|
|t:|1778512108
|switch|p1a: Raging Bolt|Raging Bolt|84/100
|turn|8
|
|t:|1778512126
|switch|p2a: Meowscarada|Meowscarada, M|100/100
|-damage|p2a: Meowscarada|88/100|[from] Stealth Rock
|move|p1a: Raging Bolt|Thunder|p2a: Meowscarada
|-resisted|p2a: Meowscarada
|-damage|p2a: Meowscarada|34/100
|
|-weather|none
|upkeep
|turn|9
|
|t:|1778512140
|-end|p1a: Raging Bolt|Protosynthesis|[silent]
|switch|p1a: Volcarona|Volcarona, M, shiny|100/100
|move|p2a: Meowscarada|Knock Off|p1a: Volcarona
|-start|p2a: Meowscarada|typechange|Dark|[from] ability: Protean
|-damage|p1a: Volcarona|41/100
|-status|p2a: Meowscarada|brn|[from] ability: Flame Body|[of] p1a: Volcarona
|-enditem|p1a: Volcarona|Heavy-Duty Boots|[from] move: Knock Off|[of] p2a: Meowscarada
|
|-damage|p2a: Meowscarada|28/100 brn|[from] brn
|upkeep
|turn|10
|
|t:|1778512153
|move|p2a: Meowscarada|Knock Off|p1a: Volcarona
|-damage|p1a: Volcarona|18/100
|move|p1a: Volcarona|Quiver Dance|p1a: Volcarona
|-boost|p1a: Volcarona|spa|1
|-boost|p1a: Volcarona|spd|1
|-boost|p1a: Volcarona|spe|1
|
|-damage|p2a: Meowscarada|22/100 brn|[from] brn
|upkeep
|turn|11
|
|t:|1778512162
|move|p2a: Meowscarada|Knock Off|p1a: Volcarona
|-damage|p1a: Volcarona|0 fnt
|faint|p1a: Volcarona
|
|-damage|p2a: Meowscarada|16/100 brn|[from] brn
|upkeep
|
|t:|1778512191
|switch|p1a: F-U|Floatzel, M, shiny|100/100
|turn|12
|
|t:|1778512194
|move|p1a: F-U|Aqua Jet|p2a: Meowscarada
|-damage|p2a: Meowscarada|0 fnt
|faint|p2a: Meowscarada
|
|upkeep
|
|t:|1778512201
|switch|p2a: Azumarill|Azumarill, M|66/100
|-damage|p2a: Azumarill|53/100|[from] Stealth Rock
|turn|13
|
|t:|1778512206
|switch|p1a: Pelipper|Pelipper, M, shiny|100/100
|-weather|RainDance|[from] ability: Drizzle|[of] p1a: Pelipper
|move|p2a: Azumarill|Play Rough|p1a: Pelipper
|-damage|p1a: Pelipper|52/100
|
|-weather|RainDance|[upkeep]
|upkeep
|turn|14
|
|t:|1778512218
|move|p2a: Azumarill|Play Rough|p1a: Pelipper
|-damage|p1a: Pelipper|0 fnt
|faint|p1a: Pelipper
|
|-weather|RainDance|[upkeep]
|upkeep
|
|t:|1778512240
|switch|p1a: Raging Bolt|Raging Bolt|84/100
|turn|15
|
|t:|1778512249
|switch|p2a: Lucario|Lucario, M|100/100
|-damage|p2a: Lucario|98/100|[from] Stealth Rock
|-item|p2a: Lucario|Air Balloon
|move|p1a: Raging Bolt|Thunder|p2a: Lucario
|-damage|p2a: Lucario|0 fnt
|-enditem|p2a: Lucario|Air Balloon
|faint|p2a: Lucario
|
|-weather|RainDance|[upkeep]
|upkeep
|
|t:|1778512260
|switch|p2a: Glimmora|Glimmora, F|100/100
|-damage|p2a: Glimmora|88/100|[from] Stealth Rock
|turn|16
|
|t:|1778512266
|move|p2a: Glimmora|Earth Power|p1a: Raging Bolt
|-supereffective|p1a: Raging Bolt
|-damage|p1a: Raging Bolt|54/100
|move|p1a: Raging Bolt|Weather Ball|p2a: Glimmora
|-supereffective|p2a: Glimmora
|-damage|p2a: Glimmora|0 fnt
|faint|p2a: Glimmora
|
|-weather|RainDance|[upkeep]
|upkeep
|
|t:|1778512278
|switch|p2a: Garchomp|Garchomp, F|40/100
|-damage|p2a: Garchomp|34/100|[from] Stealth Rock
|turn|17
|
|t:|1778512285
|-terastallize|p1a: Raging Bolt|Fairy
|move|p2a: Garchomp|Earthquake|p1a: Raging Bolt
|-damage|p1a: Raging Bolt|12/100
|move|p1a: Raging Bolt|Weather Ball|p2a: Garchomp
|-damage|p2a: Garchomp|0 fnt
|faint|p2a: Garchomp
|
|-weather|RainDance|[upkeep]
|upkeep
|
|t:|1778512293
|switch|p2a: Azumarill|Azumarill, M|53/100
|-damage|p2a: Azumarill|41/100|[from] Stealth Rock
|-enditem|p2a: Azumarill|Sitrus Berry|[eat]
|-heal|p2a: Azumarill|66/100|[from] item: Sitrus Berry
|turn|18
|
|t:|1778512301
|move|p1a: Raging Bolt|Thunderclap|p2a: Azumarill
|-supereffective|p2a: Azumarill
|-damage|p2a: Azumarill|0 fnt
|faint|p2a: Azumarill
|
|-weather|RainDance|[upkeep]
|upkeep
|
|t:|1778512306
|switch|p2a: Volcarona|Volcarona, F|100/100
|turn|19
|
|t:|1778512310
|move|p2a: Volcarona|Flamethrower|p1a: Raging Bolt
|-damage|p1a: Raging Bolt|0 fnt
|faint|p1a: Raging Bolt
|-end|p1a: Raging Bolt|Protosynthesis|[silent]
|
|-weather|RainDance|[upkeep]
|upkeep
|
|t:|1778512317
|switch|p1a: F-U|Floatzel, M, shiny|100/100
|turn|20
|
|t:|1778512321
|move|p1a: F-U|Wave Crash|p2a: Volcarona
|-supereffective|p2a: Volcarona
|-damage|p2a: Volcarona|0 fnt
|faint|p2a: Volcarona
|-damage|p1a: F-U|67/100|[from] Recoil
|
|win|S7unn3R
|raw|S7unn3R's rating: 1108 &rarr; <strong>1129</strong><br />(+21 for winning)
|raw|zefi1220's rating: 1057 &rarr; <strong>1041</strong><br />(-16 for losing)
|l|☆zefi1220
|player|p2|
