|html|<div class="broadcast-blue"><strong>[Gen 9] OU is currently suspecting Volcarona! For information on how to participate check out the <a href="https://www.smogon.com/tools/suspects/view/208">suspect thread</a>.</strong></div>
|j|☆lambarilson
|j|☆duli2010
|t:|1778506975
|gametype|singles
|player|p1|lambarilson|veteran|1188
|player|p2|duli2010|bugcatcher-gen4dp|1186
|gen|9
|tier|[Gen 9] OU
|rated|
|rule|HP Percentage Mod: HP is shown in percentages
|rule|Endless Battle Clause: Forcing endless battles is banned
|rule|Species Clause: Limit one of each Pokémon
|rule|OHKO Clause: OHKO moves are banned
|rule|Evasion Items Clause: Evasion items are banned
|rule|Evasion Moves Clause: Evasion moves are banned
|rule|Evasion Abilities Clause: Evasion abilities are banned
|rule|Sleep Moves Clause: Sleep-inducing moves are banned
|clearpoke
|poke|p1|Kyurem|
|poke|p1|Cinderace, F|
|poke|p1|Tornadus-Therian, M|
|poke|p1|Hatterene, F|
|poke|p1|Great Tusk|
|poke|p1|Kingambit, F|
|poke|p2|Spiritomb, F|
|poke|p2|Toxapex, F|
|poke|p2|Hydrapple, F|
|poke|p2|Quagsire, M|
|poke|p2|Milotic, F|
|poke|p2|Quaquaval, M|
|teampreview
|inactive|Battle timer is ON: inactive players will automatically lose when time's up. (requested by lambarilson)
|
|t:|1778506984
|teamsize|p1|6
|teamsize|p2|6
|start
|switch|p1a: Hatterene|Hatterene, F|100/100
|switch|p2a: Spiritomb|Spiritomb, F|100/100
|turn|1
|
|t:|1778506991
|move|p2a: Spiritomb|Trick|p1a: Hatterene
|-activate|p2a: Spiritomb|move: Trick|[of] p1a: Hatterene
|-item|p1a: Hatterene|Choice Scarf|[from] move: Trick
|-item|p2a: Spiritomb|Leftovers|[from] move: Trick
|move|p1a: Hatterene|Draining Kiss|p2a: Spiritomb
|-supereffective|p2a: Spiritomb
|-damage|p2a: Spiritomb|54/100
|
|-heal|p2a: Spiritomb|61/100|[from] item: Leftovers
|upkeep
|turn|2
|
|t:|1778507002
|switch|p2a: Toxapex|Toxapex, F|100/100
|move|p1a: Hatterene|Draining Kiss|p2a: Toxapex
|-resisted|p2a: Toxapex
|-damage|p2a: Toxapex|93/100
|
|-heal|p2a: Toxapex|99/100|[from] item: Black Sludge
|upkeep
|turn|3
|
|t:|1778507021
|switch|p1a: Kyurem|Kyurem|100/100
|-ability|p1a: Kyurem|Pressure
|move|p2a: Toxapex|Toxic|p1a: Kyurem
|-status|p1a: Kyurem|tox
|
|-heal|p2a: Toxapex|100/100|[from] item: Black Sludge
|-damage|p1a: Kyurem|94/100 tox|[from] psn
|upkeep
|turn|4
|
|t:|1778507030
|move|p1a: Kyurem|Draco Meteor|p2a: Toxapex
|-damage|p2a: Toxapex|33/100
|-unboost|p1a: Kyurem|spa|2
|move|p2a: Toxapex|Infestation|p1a: Kyurem
|-damage|p1a: Kyurem|92/100 tox
|-activate|p1a: Kyurem|move: Infestation|[of] p2a: Toxapex
|
|-heal|p2a: Toxapex|40/100|[from] item: Black Sludge
|-damage|p1a: Kyurem|80/100 tox|[from] psn
|-damage|p1a: Kyurem|67/100 tox|[from] move: Infestation|[partiallytrapped]
|upkeep
|turn|5
|
|t:|1778507040
|move|p2a: Toxapex|Baneful Bunker|p2a: Toxapex
|-singleturn|p2a: Toxapex|move: Protect
|move|p1a: Kyurem|Draco Meteor|p2a: Toxapex
|-activate|p2a: Toxapex|move: Protect
|
|-heal|p2a: Toxapex|46/100|[from] item: Black Sludge
|-damage|p1a: Kyurem|49/100 tox|[from] psn
|-damage|p1a: Kyurem|37/100 tox|[from] move: Infestation|[partiallytrapped]
|upkeep
|turn|6
|
|t:|1778507050
|move|p1a: Kyurem|Draco Meteor|p2a: Toxapex
|-damage|p2a: Toxapex|7/100
|-unboost|p1a: Kyurem|spa|2
|move|p2a: Toxapex|Recover|p2a: Toxapex
|-heal|p2a: Toxapex|57/100
|
|-heal|p2a: Toxapex|63/100|[from] item: Black Sludge
|-damage|p1a: Kyurem|12/100 tox|[from] psn
|-damage|p1a: Kyurem|0 fnt|[from] move: Infestation|[partiallytrapped]
|faint|p1a: Kyurem
|upkeep
|
|t:|1778507057
|switch|p1a: Great Tusk|Great Tusk|100/100
|turn|7
|
|t:|1778507066
|switch|p2a: Hydrapple|Hydrapple, F, shiny|100/100
|move|p1a: Great Tusk|Headlong Rush|p2a: Hydrapple
|-resisted|p2a: Hydrapple
|-damage|p2a: Hydrapple|82/100
|-unboost|p1a: Great Tusk|def|1
|-unboost|p1a: Great Tusk|spd|1
|
|-heal|p2a: Hydrapple|88/100|[from] item: Leftovers
|upkeep
|turn|8
|
|t:|1778507075
|-terastallize|p2a: Hydrapple|Grass
|move|p1a: Great Tusk|Ice Spinner|p2a: Hydrapple
|-supereffective|p2a: Hydrapple
|-damage|p2a: Hydrapple|56/100
|move|p2a: Hydrapple|Giga Drain|p1a: Great Tusk
|-supereffective|p1a: Great Tusk
|-damage|p1a: Great Tusk|0 fnt
|-heal|p2a: Hydrapple|100/100|[from] drain|[of] p1a: Great Tusk
|faint|p1a: Great Tusk
|-end|p1a: Great Tusk|Protosynthesis|[silent]
|
|upkeep
|
|t:|1778507083
|switch|p1a: Cinderace|Cinderace, F|100/100
|turn|9
|
|t:|1778507092
|switch|p2a: Toxapex|Toxapex, F|97/100
|move|p1a: Cinderace|U-turn|p2a: Toxapex
|-start|p1a: Cinderace|typechange|Bug|[from] ability: Libero
|-resisted|p2a: Toxapex
|-damage|p2a: Toxapex|85/100
|
|t:|1778507097
|switch|p1a: Hatterene|Hatterene, F|100/100|[from] U-turn
|
|-heal|p2a: Toxapex|91/100|[from] item: Black Sludge
|upkeep
|turn|10
|
|t:|1778507102
|move|p2a: Toxapex|Baneful Bunker|p2a: Toxapex
|-singleturn|p2a: Toxapex|move: Protect
|move|p1a: Hatterene|Psychic Noise|p2a: Toxapex
|-activate|p2a: Toxapex|move: Protect
|
|-heal|p2a: Toxapex|97/100|[from] item: Black Sludge
|upkeep
|turn|11
|
|t:|1778507111
|switch|p2a: Spiritomb|Spiritomb, F|61/100
|move|p1a: Hatterene|Psychic Noise|p2a: Spiritomb
|-immune|p2a: Spiritomb
|
|-heal|p2a: Spiritomb|67/100|[from] item: Leftovers
|upkeep
|turn|12
|
|t:|1778507120
|switch|p1a: Kingambit|Kingambit, F|100/100
|-activate|p1a: Kingambit|ability: Supreme Overlord
|-start|p1a: Kingambit|fallen2|[silent]
|move|p2a: Spiritomb|Will-O-Wisp|p1a: Kingambit
|-status|p1a: Kingambit|brn
|
|-heal|p2a: Spiritomb|73/100|[from] item: Leftovers
|-damage|p1a: Kingambit|94/100 brn|[from] brn
|upkeep
|turn|13
|-message|lambarilson forfeited.
|
|win|duli2010
|raw|lambarilson's rating: 1188 &rarr; <strong>1163</strong><br />(-25 for losing)
|raw|duli2010's rating: 1186 &rarr; <strong>1211</strong><br />(+25 for winning)
|l|☆lambarilson
|player|p1|
|l|☆duli2010
|player|p2|
