|html|<div class="broadcast-blue"><strong>[Gen 9] OU is currently suspecting Tera Blast! For information on how to participate check out the <a href="https://www.smogon.com/tools/suspects/view/200">suspect thread</a>.</strong></div>
|j|☆dmtoanhoc36
|j|☆terablastdontbanit
|t:|1776326149
|gametype|singles
|player|p1|dmtoanhoc36|1|1349
|player|p2|terablastdontbanit|169|1333
|gen|9
|tier|[Gen 9] OU
|rated|
|rule|HP Percentage Mod: HP is shown in percentages
|rule|Endless Battle Clause: Forcing endless battles is banned
|rule|Species Clause: Limit one of each Pokémon
|rule|OHKO Clause: OHKO moves are banned
|rule|Evasion Items Clause: Evasion items are banned
|rule|Evasion Moves Clause: Evasion moves are banned
|rule|Evasion Abilities Clause: Evasion abilities are banned
|rule|Sleep Moves Clause: Sleep-inducing moves are banned
|clearpoke
|poke|p1|Gholdengo|
|poke|p1|Glimmora, M|
|poke|p1|Zamazenta-*|
|poke|p1|Grimmsnarl, M|
|poke|p1|Polteageist|
|poke|p1|Ogerpon-Wellspring, F|
|poke|p2|Darkrai|
|poke|p2|Zamazenta-*|
|poke|p2|Iron Treads|
|poke|p2|Ting-Lu|
|poke|p2|Gholdengo|
|poke|p2|Dragonite, F|
|teampreview
|inactive|Battle timer is ON: inactive players will automatically lose when time's up. (requested by dmtoanhoc36)
|inactive|terablastdontbanit also wants the timer to be on.
|
|t:|1776326161
|teamsize|p1|6
|teamsize|p2|6
|start
|switch|p1a: Grimmsnarl|Grimmsnarl, M, shiny|100/100
|switch|p2a: Ting-Lu|Ting-Lu|100/100
|-ability|p2a: Ting-Lu|Vessel of Ruin
|turn|1
|
|t:|1776326186
|move|p1a: Grimmsnarl|Reflect|p1a: Grimmsnarl
|-sidestart|p1: dmtoanhoc36|Reflect
|move|p2a: Ting-Lu|Heavy Slam|p1a: Grimmsnarl
|-supereffective|p1a: Grimmsnarl
|-damage|p1a: Grimmsnarl|57/100
|
|upkeep
|turn|2
|
|t:|1776326205
|move|p1a: Grimmsnarl|Light Screen|p1a: Grimmsnarl
|-sidestart|p1: dmtoanhoc36|move: Light Screen
|move|p2a: Ting-Lu|Stealth Rock|p1a: Grimmsnarl
|-sidestart|p1: dmtoanhoc36|move: Stealth Rock
|
|upkeep
|turn|3
|
|t:|1776326210
|move|p1a: Grimmsnarl|Low Kick|p2a: Ting-Lu
|-supereffective|p2a: Ting-Lu
|-damage|p2a: Ting-Lu|57/100
|-enditem|p2a: Ting-Lu|Red Card|[of] p1a: Grimmsnarl
|drag|p1a: Glimmora|Glimmora, M, shiny|100/100
|-damage|p1a: Glimmora|88/100|[from] Stealth Rock
|move|p2a: Ting-Lu|Spikes|p1a: Glimmora
|-sidestart|p1: dmtoanhoc36|Spikes
|
|upkeep
|turn|4
|
|t:|1776326220
|switch|p2a: Gholdengo|Gholdengo|100/100
|-item|p2a: Gholdengo|Air Balloon
|move|p1a: Glimmora|Stealth Rock|p2a: Gholdengo
|-sidestart|p2: terablastdontbanit|move: Stealth Rock
|
|upkeep
|turn|5
|
|t:|1776326232
|move|p2a: Gholdengo|Thunder Wave|p1a: Glimmora
|-status|p1a: Glimmora|par
|move|p1a: Glimmora|Spikes|p2a: Gholdengo
|-sidestart|p2: terablastdontbanit|Spikes
|
|upkeep
|turn|6
|
|t:|1776326247
|switch|p2a: Iron Treads|Iron Treads|100/100
|-damage|p2a: Iron Treads|97/100|[from] Stealth Rock
|-damage|p2a: Iron Treads|85/100|[from] Spikes
|move|p1a: Glimmora|Spikes|p2a: Iron Treads
|-sidestart|p2: terablastdontbanit|Spikes
|
|-heal|p2a: Iron Treads|91/100|[from] item: Leftovers
|upkeep
|turn|7
|
|t:|1776326257
|move|p2a: Iron Treads|Rapid Spin|p1a: Glimmora
|-resisted|p1a: Glimmora
|-damage|p1a: Glimmora|85/100 par
|-boost|p2a: Iron Treads|spe|1
|-activate|p1a: Glimmora|ability: Toxic Debris
|-sidestart|p2: terablastdontbanit|move: Toxic Spikes
|-sideend|p2: terablastdontbanit|Spikes|[from] move: Rapid Spin|[of] p2a: Iron Treads
|-sideend|p2: terablastdontbanit|Toxic Spikes|[from] move: Rapid Spin|[of] p2a: Iron Treads
|-sideend|p2: terablastdontbanit|Stealth Rock|[from] move: Rapid Spin|[of] p2a: Iron Treads
|-enditem|p1a: Glimmora|Red Card|[of] p2a: Iron Treads
|-end|p2a: Iron Treads|Quark Drive|[silent]
|drag|p2a: Ting-Lu|Ting-Lu|57/100
|-ability|p2a: Ting-Lu|Vessel of Ruin
|move|p1a: Glimmora|Earth Power|p2a: Ting-Lu
|-damage|p2a: Ting-Lu|47/100
|
|upkeep
|turn|8
|
|t:|1776326270
|move|p2a: Ting-Lu|Spikes|p1a: Glimmora
|-sidestart|p1: dmtoanhoc36|Spikes
|move|p1a: Glimmora|Mortal Spin|p2a: Ting-Lu
|-resisted|p2a: Ting-Lu
|-damage|p2a: Ting-Lu|45/100
|-status|p2a: Ting-Lu|psn
|-sideend|p1: dmtoanhoc36|Spikes|[from] move: Mortal Spin|[of] p1a: Glimmora
|-sideend|p1: dmtoanhoc36|Stealth Rock|[from] move: Mortal Spin|[of] p1a: Glimmora
|
|-damage|p2a: Ting-Lu|32/100 psn|[from] psn
|-sideend|p1: dmtoanhoc36|Reflect
|upkeep
|turn|9
|
|t:|1776326279
|move|p2a: Ting-Lu|Stealth Rock|p1a: Glimmora
|-sidestart|p1: dmtoanhoc36|move: Stealth Rock
|move|p1a: Glimmora|Stealth Rock|p2a: Ting-Lu
|-sidestart|p2: terablastdontbanit|move: Stealth Rock
|
|-damage|p2a: Ting-Lu|20/100 psn|[from] psn
|-sideend|p1: dmtoanhoc36|move: Light Screen
|upkeep
|turn|10
|
|t:|1776326289
|switch|p2a: Iron Treads|Iron Treads|91/100
|-damage|p2a: Iron Treads|88/100|[from] Stealth Rock
|switch|p1a: Gholdengo|Gholdengo, shiny|100/100
|-damage|p1a: Gholdengo|94/100|[from] Stealth Rock
|-item|p1a: Gholdengo|Air Balloon
|
|-heal|p2a: Iron Treads|94/100|[from] item: Leftovers
|upkeep
|turn|11
|
|t:|1776326300
|move|p2a: Iron Treads|Knock Off|p1a: Gholdengo
|-supereffective|p1a: Gholdengo
|-damage|p1a: Gholdengo|22/100
|-enditem|p1a: Gholdengo|Air Balloon
|move|p1a: Gholdengo|Shadow Ball|p2a: Iron Treads
|-crit|p2a: Iron Treads
|-damage|p2a: Iron Treads|9/100
|
|-heal|p2a: Iron Treads|15/100|[from] item: Leftovers
|upkeep
|turn|12
|
|t:|1776326309
|move|p2a: Iron Treads|Earthquake|p1a: Gholdengo
|-supereffective|p1a: Gholdengo
|-damage|p1a: Gholdengo|0 fnt
|faint|p1a: Gholdengo
|
|-heal|p2a: Iron Treads|22/100|[from] item: Leftovers
|upkeep
|
|t:|1776326334
|switch|p1a: Polteageist|Polteageist, shiny|100/100
|-damage|p1a: Polteageist|88/100|[from] Stealth Rock
|turn|13
|inactive|terablastdontbanit has 120 seconds left.
|
|t:|1776326365
|-terastallize|p1a: Polteageist|Fighting
|move|p2a: Iron Treads|Knock Off|p1a: Polteageist
|-resisted|p1a: Polteageist
|-crit|p1a: Polteageist
|-damage|p1a: Polteageist|48/100
|-enditem|p1a: Polteageist|White Herb|[from] move: Knock Off|[of] p2a: Iron Treads
|move|p1a: Polteageist|Shell Smash|p1a: Polteageist
|-unboost|p1a: Polteageist|def|1
|-unboost|p1a: Polteageist|spd|1
|-boost|p1a: Polteageist|atk|2
|-boost|p1a: Polteageist|spa|2
|-boost|p1a: Polteageist|spe|2
|
|-heal|p2a: Iron Treads|28/100|[from] item: Leftovers
|upkeep
|turn|14
|inactive|dmtoanhoc36 has 120 seconds left.
|
|t:|1776326392
|move|p1a: Polteageist|Shadow Ball|p2a: Iron Treads
|-damage|p2a: Iron Treads|0 fnt
|faint|p2a: Iron Treads
|-end|p2a: Iron Treads|Quark Drive|[silent]
|
|upkeep
|inactive|terablastdontbanit has 120 seconds left.
|inactive|terablastdontbanit has 90 seconds left.
|
|t:|1776326454
|switch|p2a: Zamazenta|Zamazenta|100/100
|-damage|p2a: Zamazenta|94/100|[from] Stealth Rock
|-ability|p2a: Zamazenta|Dauntless Shield|boost
|-boost|p2a: Zamazenta|def|1
|turn|15
|inactive|terablastdontbanit has 60 seconds left.
|
|t:|1776326478
|move|p1a: Polteageist|Strength Sap|p2a: Zamazenta
|-unboost|p2a: Zamazenta|atk|1
|-heal|p1a: Polteageist|100/100
|move|p2a: Zamazenta|Body Press|p1a: Polteageist
|-damage|p1a: Polteageist|0 fnt
|faint|p1a: Polteageist
|
|-heal|p2a: Zamazenta|100/100|[from] item: Leftovers
|upkeep
|
|t:|1776326490
|switch|p1a: Glimmora|Glimmora, M, shiny|85/100 par
|-damage|p1a: Glimmora|72/100 par|[from] Stealth Rock
|turn|16
|inactive|terablastdontbanit has 60 seconds left.
|
|t:|1776326508
|move|p2a: Zamazenta|Iron Defense|p2a: Zamazenta
|-boost|p2a: Zamazenta|def|2
|move|p1a: Glimmora|Mortal Spin|p2a: Zamazenta
|-damage|p2a: Zamazenta|98/100
|-status|p2a: Zamazenta|psn
|-sideend|p1: dmtoanhoc36|Stealth Rock|[from] move: Mortal Spin|[of] p1a: Glimmora
|
|-heal|p2a: Zamazenta|100/100 psn|[from] item: Leftovers
|-damage|p2a: Zamazenta|88/100 psn|[from] psn
|upkeep
|turn|17
|
|t:|1776326519
|switch|p1a: Grimmsnarl|Grimmsnarl, M, shiny|57/100
|move|p2a: Zamazenta|Body Press|p1a: Grimmsnarl
|-damage|p1a: Grimmsnarl|0 fnt
|faint|p1a: Grimmsnarl
|
|-heal|p2a: Zamazenta|94/100 psn|[from] item: Leftovers
|-damage|p2a: Zamazenta|82/100 psn|[from] psn
|upkeep
|
|t:|1776326528
|switch|p1a: Zamazenta|Zamazenta, shiny|100/100
|-ability|p1a: Zamazenta|Dauntless Shield|boost
|-boost|p1a: Zamazenta|def|1
|turn|18
|
|t:|1776326536
|move|p1a: Zamazenta|Iron Defense|p1a: Zamazenta
|-boost|p1a: Zamazenta|def|2
|move|p2a: Zamazenta|Roar|p1a: Zamazenta
|drag|p1a: Ogerpon|Ogerpon-Wellspring, F|100/100
|
|-heal|p2a: Zamazenta|88/100 psn|[from] item: Leftovers
|-damage|p2a: Zamazenta|76/100 psn|[from] psn
|upkeep
|turn|19
|
|t:|1776326545
|switch|p1a: Zamazenta|Zamazenta, shiny|100/100
|move|p2a: Zamazenta|Body Press|p1a: Zamazenta
|-damage|p1a: Zamazenta|28/100
|
|-heal|p2a: Zamazenta|82/100 psn|[from] item: Leftovers
|-heal|p1a: Zamazenta|34/100|[from] item: Leftovers
|-damage|p2a: Zamazenta|70/100 psn|[from] psn
|upkeep
|turn|20
|
|t:|1776326553
|move|p2a: Zamazenta|Body Press|p1a: Zamazenta
|-damage|p1a: Zamazenta|0 fnt
|faint|p1a: Zamazenta
|
|-heal|p2a: Zamazenta|76/100 psn|[from] item: Leftovers
|-damage|p2a: Zamazenta|64/100 psn|[from] psn
|upkeep
|
|t:|1776326560
|switch|p1a: Glimmora|Glimmora, M, shiny|72/100 par
|turn|21
|
|t:|1776326565
|move|p2a: Zamazenta|Body Press|p1a: Glimmora
|-damage|p1a: Glimmora|0 fnt
|-activate|p1a: Glimmora|ability: Toxic Debris
|-sidestart|p2: terablastdontbanit|move: Toxic Spikes
|faint|p1a: Glimmora
|
|-heal|p2a: Zamazenta|70/100 psn|[from] item: Leftovers
|-damage|p2a: Zamazenta|57/100 psn|[from] psn
|upkeep
|
|t:|1776326573
|switch|p1a: Ogerpon|Ogerpon-Wellspring, F|100/100
|turn|22
|
|t:|1776326578
|move|p2a: Zamazenta|Body Press|p1a: Ogerpon
|-damage|p1a: Ogerpon|0 fnt
|faint|p1a: Ogerpon
|
|win|terablastdontbanit
|raw|dmtoanhoc36's rating: 1349 &rarr; <strong>1328</strong><br />(-21 for losing)
|raw|terablastdontbanit's rating: 1333 &rarr; <strong>1354</strong><br />(+21 for winning)
|l|☆dmtoanhoc36
|player|p1|
|c|☆terablastdontbanit|Gg
