|html|<div class="broadcast-blue"><strong>[Gen 9] OU is currently suspecting Volcarona! For information on how to participate check out the <a href="https://www.smogon.com/tools/suspects/view/208">suspect thread</a>.</strong></div>
|j|☆jaum77_-_
|j|☆DumbCrapMemes
|t:|1778513087
|gametype|singles
|player|p1|jaum77_-_|2|1178
|player|p2|DumbCrapMemes|scientist-gen4dp|1202
|gen|9
|tier|[Gen 9] OU
|rated|
|rule|HP Percentage Mod: HP is shown in percentages
|rule|Endless Battle Clause: Forcing endless battles is banned
|rule|Species Clause: Limit one of each Pokémon
|rule|OHKO Clause: OHKO moves are banned
|rule|Evasion Items Clause: Evasion items are banned
|rule|Evasion Moves Clause: Evasion moves are banned
|rule|Evasion Abilities Clause: Evasion abilities are banned
|rule|Sleep Moves Clause: Sleep-inducing moves are banned
|clearpoke
|poke|p1|Ceruledge, M|
|poke|p1|Garganacl, F|
|poke|p1|Corviknight, F|
|poke|p1|Primarina, M|
|poke|p1|Meowscarada, M|
|poke|p1|Slowbro-Galar, F|
|poke|p2|Great Tusk|
|poke|p2|Ninetales-Alola, F|
|poke|p2|Slowking-Galar, M|
|poke|p2|Cetitan, M|
|poke|p2|Samurott-Hisui, F|
|poke|p2|Hatterene, F|
|teampreview
|inactive|Battle timer is ON: inactive players will automatically lose when time's up. (requested by DumbCrapMemes)
|
|t:|1778513090
|teamsize|p1|6
|teamsize|p2|6
|start
|switch|p1a: Garganacl|Garganacl, F|100/100
|switch|p2a: Siffrin|Samurott-Hisui, F|100/100
|turn|1
|
|t:|1778513099
|move|p2a: Siffrin|Knock Off|p1a: Garganacl
|-damage|p1a: Garganacl|78/100
|-enditem|p1a: Garganacl|Leftovers|[from] move: Knock Off|[of] p2a: Siffrin
|move|p1a: Garganacl|Salt Cure|p2a: Siffrin
|-damage|p2a: Siffrin|81/100
|-start|p2a: Siffrin|Salt Cure
|
|-damage|p2a: Siffrin|57/100|[from] Salt Cure
|upkeep
|turn|2
|
|t:|1778513110
|move|p2a: Siffrin|Ceaseless Edge|p1a: Garganacl
|-damage|p1a: Garganacl|54/100
|-sidestart|p1: jaum77_-_|Spikes
|move|p1a: Garganacl|Stealth Rock|p2a: Siffrin
|-sidestart|p2: DumbCrapMemes|move: Stealth Rock
|
|-damage|p2a: Siffrin|32/100|[from] Salt Cure
|upkeep
|turn|3
|
|t:|1778513118
|move|p2a: Siffrin|Ceaseless Edge|p1a: Garganacl
|-damage|p1a: Garganacl|32/100
|-sidestart|p1: jaum77_-_|Spikes
|move|p1a: Garganacl|Recover|p1a: Garganacl
|-heal|p1a: Garganacl|82/100
|
|-damage|p2a: Siffrin|7/100|[from] Salt Cure
|upkeep
|turn|4
|
|t:|1778513128
|switch|p1a: Corviknight|Corviknight, F|100/100
|-ability|p1a: Corviknight|Unnerve
|move|p2a: Siffrin|Ceaseless Edge|p1a: Corviknight|[miss]
|-miss|p2a: Siffrin|p1a: Corviknight
|
|-damage|p2a: Siffrin|0 fnt|[from] Salt Cure
|faint|p2a: Siffrin
|upkeep
|
|t:|1778513151
|switch|p2a: The King|Slowking-Galar, M|100/100
|turn|5
|
|t:|1778513158
|move|p1a: Corviknight|Defog|p2a: The King
|-unboost|p2a: The King|evasion|1
|-sideend|p2: DumbCrapMemes|Stealth Rock|[from] move: Defog|[of] p1a: Corviknight
|-sideend|p1: jaum77_-_|Spikes|[from] move: Defog|[of] p1a: Corviknight
|move|p2a: The King|Thunder Wave|p1a: Corviknight
|-status|p1a: Corviknight|par
|
|upkeep
|turn|6
|
|t:|1778513168
|switch|p1a: Garganacl|Garganacl, F|82/100
|move|p2a: The King|Flamethrower|p1a: Garganacl
|-resisted|p1a: Garganacl
|-damage|p1a: Garganacl|71/100
|
|upkeep
|turn|7
|
|t:|1778513184
|switch|p2a: Mirabelle|Ninetales-Alola, F|100/100
|-weather|Snowscape|[from] ability: Snow Warning|[of] p2a: Mirabelle
|move|p1a: Garganacl|Salt Cure|p2a: Mirabelle
|-supereffective|p2a: Mirabelle
|-damage|p2a: Mirabelle|78/100
|-start|p2a: Mirabelle|Salt Cure
|
|-weather|Snowscape|[upkeep]
|-damage|p2a: Mirabelle|65/100|[from] Salt Cure
|upkeep
|turn|8
|
|t:|1778513195
|move|p2a: Mirabelle|Aurora Veil|p2a: Mirabelle
|-sidestart|p2: DumbCrapMemes|move: Aurora Veil
|move|p1a: Garganacl|Stealth Rock|p2a: Mirabelle
|-sidestart|p2: DumbCrapMemes|move: Stealth Rock
|
|-weather|Snowscape|[upkeep]
|-damage|p2a: Mirabelle|53/100|[from] Salt Cure
|upkeep
|turn|9
|
|t:|1778513205
|switch|p2a: Isabeau|Cetitan, M|100/100
|-damage|p2a: Isabeau|76/100|[from] Stealth Rock
|switch|p1a: Corviknight|Corviknight, F|100/100 par
|-ability|p1a: Corviknight|Unnerve
|
|-weather|Snowscape|[upkeep]
|upkeep
|turn|10
|
|t:|1778513217
|move|p2a: Isabeau|Belly Drum|p2a: Isabeau
|-damage|p2a: Isabeau|26/100
|-setboost|p2a: Isabeau|atk|6|[from] move: Belly Drum
|move|p1a: Corviknight|Iron Defense|p1a: Corviknight
|-boost|p1a: Corviknight|def|2
|
|-weather|Snowscape|[upkeep]
|upkeep
|turn|11
|
|t:|1778513228
|move|p2a: Isabeau|Icicle Crash|p1a: Corviknight
|-damage|p1a: Corviknight|30/100 par
|move|p1a: Corviknight|Body Press|p2a: Isabeau
|-supereffective|p2a: Isabeau
|-damage|p2a: Isabeau|0 fnt
|faint|p2a: Isabeau
|
|-weather|Snowscape|[upkeep]
|upkeep
|
|t:|1778513243
|switch|p2a: The King|Slowking-Galar, M|100/100
|turn|12
|
|t:|1778513249
|cant|p1a: Corviknight|par
|move|p2a: The King|Flamethrower|p1a: Corviknight
|-supereffective|p1a: Corviknight
|-damage|p1a: Corviknight|0 fnt
|faint|p1a: Corviknight
|
|-weather|Snowscape|[upkeep]
|-sideend|p2: DumbCrapMemes|move: Aurora Veil
|upkeep
|
|t:|1778513260
|switch|p1a: Garganacl|Garganacl, F|71/100
|turn|13
|
|t:|1778513266
|switch|p2a: Bonnie|Great Tusk|100/100
|-damage|p2a: Bonnie|98/100|[from] Stealth Rock
|-enditem|p2a: Bonnie|Booster Energy
|-activate|p2a: Bonnie|ability: Protosynthesis|[fromitem]
|-start|p2a: Bonnie|protosynthesisspe
|move|p1a: Garganacl|Salt Cure|p2a: Bonnie
|-resisted|p2a: Bonnie
|-damage|p2a: Bonnie|95/100
|-start|p2a: Bonnie|Salt Cure
|
|-weather|Snowscape|[upkeep]
|-damage|p2a: Bonnie|83/100|[from] Salt Cure
|upkeep
|turn|14
|
|t:|1778513296
|move|p1a: Garganacl|Protect|p1a: Garganacl
|-singleturn|p1a: Garganacl|Protect
|move|p2a: Bonnie|Bulk Up|p2a: Bonnie
|-boost|p2a: Bonnie|atk|1
|-boost|p2a: Bonnie|def|1
|
|-weather|none
|-damage|p2a: Bonnie|71/100|[from] Salt Cure
|upkeep
|turn|15
|
|t:|1778513309
|move|p2a: Bonnie|Headlong Rush|p1a: Garganacl
|-supereffective|p1a: Garganacl
|-damage|p1a: Garganacl|0 fnt
|-unboost|p2a: Bonnie|def|1
|-unboost|p2a: Bonnie|spd|1
|faint|p1a: Garganacl
|
|-damage|p2a: Bonnie|58/100|[from] Salt Cure
|upkeep
|
|t:|1778513312
|switch|p1a: Slowbro|Slowbro-Galar, F|100/100
|turn|16
|
|t:|1778513321
|move|p2a: Bonnie|Headlong Rush|p1a: Slowbro
|-supereffective|p1a: Slowbro
|-damage|p1a: Slowbro|0 fnt
|-unboost|p2a: Bonnie|def|1
|-unboost|p2a: Bonnie|spd|1
|faint|p1a: Slowbro
|
|-damage|p2a: Bonnie|46/100|[from] Salt Cure
|upkeep
|
|t:|1778513330
|switch|p1a: Meowscarada|Meowscarada, M|100/100
|turn|17
|
|t:|1778513337
|-terastallize|p2a: Bonnie|Ice
|move|p2a: Bonnie|Ice Spinner|p1a: Meowscarada
|-supereffective|p1a: Meowscarada
|-damage|p1a: Meowscarada|0 fnt
|faint|p1a: Meowscarada
|
|-damage|p2a: Bonnie|33/100|[from] Salt Cure
|upkeep
|
|t:|1778513342
|switch|p1a: Ceruledge|Ceruledge, M|100/100
|turn|18
|
|t:|1778513349
|move|p2a: Bonnie|Headlong Rush|p1a: Ceruledge
|-supereffective|p1a: Ceruledge
|-enditem|p1a: Ceruledge|Focus Sash
|-damage|p1a: Ceruledge|1/100
|-unboost|p2a: Bonnie|def|1
|-unboost|p2a: Bonnie|spd|1
|-ability|p1a: Ceruledge|Weak Armor|boost
|-unboost|p1a: Ceruledge|def|1
|-boost|p1a: Ceruledge|spe|2
|move|p1a: Ceruledge|Swords Dance|p1a: Ceruledge
|-boost|p1a: Ceruledge|atk|2
|
|-damage|p2a: Bonnie|21/100|[from] Salt Cure
|upkeep
|turn|19
|
|t:|1778513363
|move|p1a: Ceruledge|Bitter Blade|p2a: Bonnie
|-supereffective|p2a: Bonnie
|-damage|p2a: Bonnie|0 fnt
|-heal|p1a: Ceruledge|16/100|[from] drain|[of] p2a: Bonnie
|faint|p2a: Bonnie
|-end|p2a: Bonnie|Protosynthesis|[silent]
|
|upkeep
|
|t:|1778513373
|switch|p2a: Odile|Hatterene, F|100/100
|-damage|p2a: Odile|88/100|[from] Stealth Rock
|turn|20
|
|t:|1778513381
|move|p1a: Ceruledge|Bitter Blade|p2a: Odile
|-damage|p2a: Odile|12/100
|-heal|p1a: Ceruledge|58/100|[from] drain|[of] p2a: Odile
|-damage|p1a: Ceruledge|41/100|[from] item: Rocky Helmet|[of] p2a: Odile
|move|p2a: Odile|Draining Kiss|p1a: Ceruledge
|-resisted|p1a: Ceruledge
|-damage|p1a: Ceruledge|28/100
|-heal|p2a: Odile|21/100|[from] drain|[of] p1a: Ceruledge
|
|upkeep
|turn|21
|
|t:|1778513392
|switch|p2a: The King|Slowking-Galar, M|100/100
|move|p1a: Ceruledge|Bitter Blade|p2a: The King
|-damage|p2a: The King|9/100
|-heal|p1a: Ceruledge|90/100|[from] drain|[of] p2a: The King
|
|upkeep
|turn|22
|
|t:|1778513405
|move|p1a: Ceruledge|Bitter Blade|p2a: The King
|-damage|p2a: The King|0 fnt
|-heal|p1a: Ceruledge|96/100|[from] drain|[of] p2a: The King
|faint|p2a: The King
|
|upkeep
|
|t:|1778513413
|switch|p2a: Mirabelle|Ninetales-Alola, F|53/100
|-damage|p2a: Mirabelle|28/100|[from] Stealth Rock
|-weather|Snowscape|[from] ability: Snow Warning|[of] p2a: Mirabelle
|turn|23
|
|t:|1778513420
|move|p1a: Ceruledge|Bitter Blade|p2a: Mirabelle
|-supereffective|p2a: Mirabelle
|-damage|p2a: Mirabelle|0 fnt
|-heal|p1a: Ceruledge|100/100|[from] drain|[of] p2a: Mirabelle
|faint|p2a: Mirabelle
|
|-weather|Snowscape|[upkeep]
|upkeep
|
|t:|1778513428
|switch|p2a: Odile|Hatterene, F|21/100
|-damage|p2a: Odile|9/100|[from] Stealth Rock
|turn|24
|c|☆DumbCrapMemes|GG
|
|t:|1778513438
|move|p1a: Ceruledge|Shadow Sneak|p2a: Odile
|-supereffective|p2a: Odile
|-damage|p2a: Odile|0 fnt
|-damage|p1a: Ceruledge|84/100|[from] item: Rocky Helmet|[of] p2a: Odile
|faint|p2a: Odile
|
|win|jaum77_-_
|raw|jaum77_-_'s rating: 1178 &rarr; <strong>1205</strong><br />(+27 for winning)
|raw|DumbCrapMemes's rating: 1202 &rarr; <strong>1175</strong><br />(-27 for losing)
|l|☆jaum77_-_
|player|p1|
|l|☆DumbCrapMemes
|player|p2|
