|html|<div class="broadcast-blue"><strong>[Gen 9] OU is currently suspecting Tera Blast! For information on how to participate check out the <a href="https://www.smogon.com/tools/suspects/view/200">suspect thread</a>.</strong></div>
|j|☆schxmidt
|j|☆DaVixiusQ0608
|t:|1776169342
|gametype|singles
|player|p1|schxmidt|nate|
|player|p2|DaVixiusQ0608|169|
|gen|9
|tier|[Gen 9] OU
|rule|HP Percentage Mod: HP is shown in percentages
|rule|Endless Battle Clause: Forcing endless battles is banned
|rule|Species Clause: Limit one of each Pokémon
|rule|OHKO Clause: OHKO moves are banned
|rule|Evasion Items Clause: Evasion items are banned
|rule|Evasion Moves Clause: Evasion moves are banned
|rule|Evasion Abilities Clause: Evasion abilities are banned
|rule|Sleep Moves Clause: Sleep-inducing moves are banned
|clearpoke
|poke|p1|Iron Valiant|
|poke|p1|Great Tusk|
|poke|p1|Gholdengo|
|poke|p1|Kingambit, F|
|poke|p1|Greninja-*, M|
|poke|p1|Deoxys-Speed|
|poke|p2|Salamence, F|
|poke|p2|Slowking-Galar, F|
|poke|p2|Landorus-Therian, M|
|poke|p2|Iron Valiant|
|poke|p2|Cinderace, F|
|poke|p2|Kingambit, F|
|teampreview
|
|t:|1776169359
|teamsize|p1|6
|teamsize|p2|6
|start
|switch|p1a: Treachery|Greninja, M|100/100
|switch|p2a: Salamence|Salamence, F|100/100
|-ability|p2a: Salamence|Intimidate|boost
|-unboost|p1a: Treachery|atk|1
|turn|1
|
|t:|1776169369
|switch|p2a: Slowking|Slowking-Galar, F|100/100
|move|p1a: Treachery|Ice Beam|p2a: Slowking
|-start|p1a: Treachery|typechange|Ice|[from] ability: Protean
|-damage|p2a: Slowking|70/100
|-status|p2a: Slowking|frz
|-damage|p1a: Treachery|91/100|[from] item: Life Orb
|
|upkeep
|turn|2
|
|t:|1776169378
|move|p1a: Treachery|Dark Pulse|p2a: Slowking
|-supereffective|p2a: Slowking
|-damage|p2a: Slowking|35/100 frz
|-damage|p1a: Treachery|81/100|[from] item: Life Orb
|cant|p2a: Slowking|frz
|
|upkeep
|turn|3
|c|☆DaVixiusQ0608|Ooo were both using our fav mons
|
|t:|1776169390
|move|p1a: Treachery|Dark Pulse|p2a: Slowking
|-supereffective|p2a: Slowking
|-damage|p2a: Slowking|0 fnt
|faint|p2a: Slowking
|-damage|p1a: Treachery|71/100|[from] item: Life Orb
|
|upkeep
|
|t:|1776169394
|switch|p2a: Iron Valiant|Iron Valiant|100/100
|-enditem|p2a: Iron Valiant|Booster Energy
|-activate|p2a: Iron Valiant|ability: Quark Drive|[fromitem]
|-start|p2a: Iron Valiant|quarkdrivespe
|turn|4
|
|t:|1776169414
|move|p2a: Iron Valiant|Moonblast|p1a: Treachery
|-damage|p1a: Treachery|0 fnt
|faint|p1a: Treachery
|
|upkeep
|
|t:|1776169423
|switch|p1a: Gluttony|Gholdengo|100/100
|turn|5
|
|t:|1776169428
|-end|p2a: Iron Valiant|Quark Drive|[silent]
|switch|p2a: Landorus|Landorus-Therian, M|100/100
|-ability|p2a: Landorus|Intimidate|boost
|-unboost|p1a: Gluttony|atk|1
|move|p1a: Gluttony|Make It Rain|p2a: Landorus
|-damage|p2a: Landorus|29/100
|-unboost|p1a: Gluttony|spa|1
|
|upkeep
|turn|6
|
|t:|1776169430
|move|p1a: Gluttony|Make It Rain|p2a: Landorus
|-damage|p2a: Landorus|0 fnt
|-unboost|p1a: Gluttony|spa|1
|faint|p2a: Landorus
|
|upkeep
|
|t:|1776169435
|switch|p2a: Cinderace|Cinderace, F|100/100
|turn|7
|
|t:|1776169440
|switch|p1a: Tempestuous|Great Tusk|100/100
|-enditem|p1a: Tempestuous|Booster Energy
|-activate|p1a: Tempestuous|ability: Protosynthesis|[fromitem]
|-start|p1a: Tempestuous|protosynthesisspe
|move|p2a: Cinderace|Pyro Ball|p1a: Tempestuous
|-damage|p1a: Tempestuous|62/100
|
|upkeep
|turn|8
|c|☆DaVixiusQ0608|Bad switch ..
|
|t:|1776169454
|switch|p2a: Iron Valiant|Iron Valiant|100/100
|move|p1a: Tempestuous|Headlong Rush|p2a: Iron Valiant
|-damage|p2a: Iron Valiant|37/100
|-unboost|p1a: Tempestuous|def|1
|-unboost|p1a: Tempestuous|spd|1
|
|upkeep
|turn|9
|
|t:|1776169458
|move|p1a: Tempestuous|Headlong Rush|p2a: Iron Valiant
|-damage|p2a: Iron Valiant|0 fnt
|-unboost|p1a: Tempestuous|def|1
|-unboost|p1a: Tempestuous|spd|1
|faint|p2a: Iron Valiant
|-end|p2a: Iron Valiant|Quark Drive|[silent]
|
|upkeep
|
|t:|1776169471
|switch|p2a: Salamence|Salamence, F|100/100
|-ability|p2a: Salamence|Intimidate|boost
|-unboost|p1a: Tempestuous|atk|1
|turn|10
|c|☆DaVixiusQ0608|Bro ur too good 😭
|
|t:|1776169495
|-end|p1a: Tempestuous|Protosynthesis|[silent]
|switch|p1a: Envy|Deoxys-Speed|100/100
|-ability|p1a: Envy|Pressure
|move|p2a: Salamence|Dual Wingbeat|p1a: Envy
|-damage|p1a: Envy|66/100
|-damage|p1a: Envy|32/100
|-hitcount|p1a: Envy|2
|
|upkeep
|turn|11
|
|t:|1776169499
|switch|p2a: Kingambit|Kingambit, F|100/100
|-activate|p2a: Kingambit|ability: Supreme Overlord
|-start|p2a: Kingambit|fallen3|[silent]
|move|p1a: Envy|Ice Beam|p2a: Kingambit
|-resisted|p2a: Kingambit
|-damage|p2a: Kingambit|89/100
|
|-heal|p2a: Kingambit|95/100|[from] item: Leftovers
|upkeep
|turn|12
|
|t:|1776169526
|move|p1a: Envy|Superpower|p2a: Kingambit
|-supereffective|p2a: Kingambit
|-damage|p2a: Kingambit|6/100
|-unboost|p1a: Envy|atk|1
|-unboost|p1a: Envy|def|1
|-enditem|p1a: Envy|Eject Pack
|
|t:|1776169535
|switch|p1a: The Fallen|Kingambit, F|100/100
|-activate|p1a: The Fallen|ability: Supreme Overlord
|-start|p1a: The Fallen|fallen1|[silent]
|move|p2a: Kingambit|Kowtow Cleave|p1a: The Fallen
|-resisted|p1a: The Fallen
|-damage|p1a: The Fallen|77/100
|
|-heal|p2a: Kingambit|12/100|[from] item: Leftovers
|upkeep
|turn|13
|
|t:|1776169541
|-end|p2a: Kingambit|fallen3|[silent]
|switch|p2a: Cinderace|Cinderace, F|100/100
|move|p1a: The Fallen|Kowtow Cleave|p2a: Cinderace
|-crit|p2a: Cinderace
|-damage|p2a: Cinderace|0 fnt
|faint|p2a: Cinderace
|
|upkeep
|
|t:|1776169544
|switch|p2a: Kingambit|Kingambit, F|12/100
|-activate|p2a: Kingambit|ability: Supreme Overlord
|-start|p2a: Kingambit|fallen4|[silent]
|turn|14
|
|t:|1776169549
|move|p2a: Kingambit|Sucker Punch|p1a: The Fallen
|-resisted|p1a: The Fallen
|-damage|p1a: The Fallen|57/100
|move|p1a: The Fallen|Kowtow Cleave|p2a: Kingambit
|-resisted|p2a: Kingambit
|-damage|p2a: Kingambit|0 fnt
|faint|p2a: Kingambit
|-end|p2a: Kingambit|fallen4|[silent]
|
|upkeep
|
|t:|1776169551
|switch|p2a: Salamence|Salamence, F|100/100
|-ability|p2a: Salamence|Intimidate|boost
|-unboost|p1a: The Fallen|atk|1
|turn|15
|
|t:|1776169562
|move|p2a: Salamence|Dragon Dance|p2a: Salamence
|-boost|p2a: Salamence|atk|1
|-boost|p2a: Salamence|spe|1
|move|p1a: The Fallen|Swords Dance|p1a: The Fallen
|-boost|p1a: The Fallen|atk|2
|
|upkeep
|turn|16
|
|t:|1776169568
|move|p2a: Salamence|Dragon Dance|p2a: Salamence
|-boost|p2a: Salamence|atk|1
|-boost|p2a: Salamence|spe|1
|move|p1a: The Fallen|Swords Dance|p1a: The Fallen
|-boost|p1a: The Fallen|atk|2
|
|upkeep
|turn|17
|
|t:|1776169577
|-terastallize|p2a: Salamence|Fire
|move|p2a: Salamence|Temper Flare|p1a: The Fallen
|-supereffective|p1a: The Fallen
|-damage|p1a: The Fallen|0 fnt
|faint|p1a: The Fallen
|-end|p1a: The Fallen|fallen1|[silent]
|
|upkeep
|
|t:|1776169585
|switch|p1a: Envy|Deoxys-Speed|32/100
|-ability|p1a: Envy|Pressure
|turn|18
|
|t:|1776169588
|move|p2a: Salamence|Temper Flare|p1a: Envy
|-damage|p1a: Envy|0 fnt
|faint|p1a: Envy
|
|upkeep
|
|t:|1776169591
|switch|p1a: Truthseeker|Iron Valiant, shiny|100/100
|-enditem|p1a: Truthseeker|Booster Energy
|-activate|p1a: Truthseeker|ability: Quark Drive|[fromitem]
|-start|p1a: Truthseeker|quarkdrivespe
|turn|19
|c|☆DaVixiusQ0608|NOOOOOO WRONG ABILITY
|
|t:|1776169615
|move|p2a: Salamence|Temper Flare|p1a: Truthseeker
|-damage|p1a: Truthseeker|0 fnt
|faint|p1a: Truthseeker
|-end|p1a: Truthseeker|Quark Drive|[silent]
|
|upkeep
|
|t:|1776169619
|switch|p1a: Gluttony|Gholdengo|100/100
|turn|20
|c|☆schxmidt|Ok u sweeping 😭
|
|t:|1776169636
|move|p2a: Salamence|Temper Flare|p1a: Gluttony
|-supereffective|p1a: Gluttony
|-damage|p1a: Gluttony|0 fnt
|faint|p1a: Gluttony
|
|upkeep
|
|t:|1776169639
|switch|p1a: Tempestuous|Great Tusk|62/100
|turn|21
|
|t:|1776169647
|-terastallize|p1a: Tempestuous|Ground
|move|p2a: Salamence|Temper Flare|p1a: Tempestuous
|-damage|p1a: Tempestuous|15/100
|move|p1a: Tempestuous|Headlong Rush|p2a: Salamence
|-supereffective|p2a: Salamence
|-damage|p2a: Salamence|0 fnt
|-unboost|p1a: Tempestuous|def|1
|-unboost|p1a: Tempestuous|spd|1
|faint|p2a: Salamence
|
|win|schxmidt
|c|☆DaVixiusQ0608|ggs
|c|☆schxmidt|Oh wow
|c|☆schxmidt|Ggs
