|html|<div class="broadcast-blue"><strong>[Gen 9] OU is currently suspecting Tera Blast! For information on how to participate check out the <a href="https://www.smogon.com/tools/suspects/view/200">suspect thread</a>.</strong></div>
|j|☆lokjhnmkio
|j|☆Brazy4Bray
|t:|1776204246
|gametype|singles
|player|p1|lokjhnmkio|102|1045
|player|p2|Brazy4Bray|iris|1055
|gen|9
|tier|[Gen 9] OU
|rated|
|rule|HP Percentage Mod: HP is shown in percentages
|rule|Endless Battle Clause: Forcing endless battles is banned
|rule|Species Clause: Limit one of each Pokémon
|rule|OHKO Clause: OHKO moves are banned
|rule|Evasion Items Clause: Evasion items are banned
|rule|Evasion Moves Clause: Evasion moves are banned
|rule|Evasion Abilities Clause: Evasion abilities are banned
|rule|Sleep Moves Clause: Sleep-inducing moves are banned
|clearpoke
|poke|p1|Iron Valiant|
|poke|p1|Great Tusk|
|poke|p1|Dragonite, M|
|poke|p1|Deoxys-Speed|
|poke|p1|Glimmora, F|
|poke|p1|Kingambit, M|
|poke|p2|Indeedee, M|
|poke|p2|Hatterene, F|
|poke|p2|Iron Treads|
|poke|p2|Deoxys-Speed|
|poke|p2|Ceruledge, M|
|poke|p2|Walking Wake|
|teampreview
|inactive|Battle timer is ON: inactive players will automatically lose when time's up. (requested by Brazy4Bray)
|
|t:|1776204259
|teamsize|p1|6
|teamsize|p2|6
|start
|switch|p1a: Glimmora|Glimmora, F, shiny|100/100
|switch|p2a: Hatterene|Hatterene, F|100/100
|turn|1
|
|t:|1776204270
|move|p1a: Glimmora|Mortal Spin|p2a: Hatterene
|-supereffective|p2a: Hatterene
|-damage|p2a: Hatterene|89/100
|-status|p2a: Hatterene|psn
|move|p2a: Hatterene|Psychic Noise|p1a: Glimmora
|-supereffective|p1a: Glimmora
|-damage|p1a: Glimmora|0 fnt
|faint|p1a: Glimmora
|
|-damage|p2a: Hatterene|77/100 psn|[from] psn
|upkeep
|
|t:|1776204288
|switch|p1a: Iron Valiant|Iron Valiant, shiny|100/100
|-enditem|p1a: Iron Valiant|Booster Energy
|-activate|p1a: Iron Valiant|ability: Quark Drive|[fromitem]
|-start|p1a: Iron Valiant|quarkdrivespe
|turn|2
|
|t:|1776204295
|move|p1a: Iron Valiant|Knock Off|p2a: Hatterene
|-damage|p2a: Hatterene|48/100 psn
|-enditem|p2a: Hatterene|Custap Berry|[from] move: Knock Off|[of] p1a: Iron Valiant
|move|p2a: Hatterene|Nuzzle|p1a: Iron Valiant
|-damage|p1a: Iron Valiant|95/100
|-status|p1a: Iron Valiant|par
|
|-damage|p2a: Hatterene|36/100 psn|[from] psn
|upkeep
|turn|3
|
|t:|1776204309
|cant|p1a: Iron Valiant|par
|move|p2a: Hatterene|Psychic Noise|p1a: Iron Valiant
|-supereffective|p1a: Iron Valiant
|-damage|p1a: Iron Valiant|0 fnt
|faint|p1a: Iron Valiant
|-end|p1a: Iron Valiant|Quark Drive|[silent]
|
|-damage|p2a: Hatterene|23/100 psn|[from] psn
|upkeep
|
|t:|1776204316
|switch|p1a: Dragonite|Dragonite, M, shiny|100/100
|turn|4
|
|t:|1776204324
|move|p1a: Dragonite|Earthquake|p2a: Hatterene
|-damage|p2a: Hatterene|0 fnt
|faint|p2a: Hatterene
|
|upkeep
|inactive|Brazy4Bray has 120 seconds left.
|
|t:|1776204369
|switch|p2a: Indeedee|Indeedee, M|100/100
|-fieldstart|move: Psychic Terrain|[from] ability: Psychic Surge|[of] p2a: Indeedee
|turn|5
|
|t:|1776204380
|move|p2a: Indeedee|Dazzling Gleam|p1a: Dragonite
|-supereffective|p1a: Dragonite
|-damage|p1a: Dragonite|75/100
|move|p1a: Dragonite|Substitute|p1a: Dragonite
|-start|p1a: Dragonite|Substitute
|-damage|p1a: Dragonite|50/100
|
|-heal|p1a: Dragonite|57/100|[from] item: Leftovers
|upkeep
|turn|6
|
|t:|1776204386
|-terastallize|p1a: Dragonite|Flying
|move|p2a: Indeedee|Expanding Force|p1a: Dragonite
|-end|p1a: Dragonite|Substitute
|move|p1a: Dragonite|Dragon Dance|p1a: Dragonite
|-boost|p1a: Dragonite|atk|1
|-boost|p1a: Dragonite|spe|1
|
|-heal|p1a: Dragonite|63/100|[from] item: Leftovers
|upkeep
|turn|7
|
|t:|1776204395
|move|p1a: Dragonite|Tera Blast|p2a: Indeedee|[anim] Tera Blast Flying
|-crit|p2a: Indeedee
|-damage|p2a: Indeedee|0 fnt
|faint|p2a: Indeedee
|
|-heal|p1a: Dragonite|69/100|[from] item: Leftovers
|upkeep
|inactive|Brazy4Bray has 120 seconds left.
|
|t:|1776204430
|switch|p2a: Deoxys|Deoxys-Speed|100/100
|-ability|p2a: Deoxys|Pressure
|turn|8
|inactive|lokjhnmkio has 120 seconds left.
|
|t:|1776204469
|move|p2a: Deoxys|Superpower|p1a: Dragonite
|-resisted|p1a: Dragonite
|-damage|p1a: Dragonite|48/100
|-unboost|p2a: Deoxys|atk|1
|-unboost|p2a: Deoxys|def|1
|-damage|p2a: Deoxys|91/100|[from] item: Life Orb
|move|p1a: Dragonite|Tera Blast|p2a: Deoxys|[anim] Tera Blast Flying
|-damage|p2a: Deoxys|0 fnt
|faint|p2a: Deoxys
|
|-heal|p1a: Dragonite|54/100|[from] item: Leftovers
|upkeep
|
|t:|1776204474
|switch|p2a: Ceruledge|Ceruledge, M|100/100
|turn|9
|
|t:|1776204482
|-terastallize|p2a: Ceruledge|Bug
|move|p1a: Dragonite|Earthquake|p2a: Ceruledge
|-resisted|p2a: Ceruledge
|-damage|p2a: Ceruledge|60/100
|-ability|p2a: Ceruledge|Weak Armor|boost
|-unboost|p2a: Ceruledge|def|1
|-boost|p2a: Ceruledge|spe|2
|move|p2a: Ceruledge|Swords Dance|p2a: Ceruledge
|-boost|p2a: Ceruledge|atk|2
|
|-heal|p1a: Dragonite|60/100|[from] item: Leftovers
|upkeep
|turn|10
|inactive|Brazy4Bray has 120 seconds left.
|
|t:|1776204490
|move|p2a: Ceruledge|Bitter Blade|p1a: Dragonite
|-damage|p1a: Dragonite|0 fnt
|-heal|p2a: Ceruledge|93/100|[from] drain|[of] p1a: Dragonite
|faint|p1a: Dragonite
|
|upkeep
|inactive|lokjhnmkio has 120 seconds left.
|
|t:|1776204519
|switch|p1a: Great Tusk|Great Tusk, shiny|100/100
|-enditem|p1a: Great Tusk|Booster Energy
|-activate|p1a: Great Tusk|ability: Protosynthesis|[fromitem]
|-start|p1a: Great Tusk|protosynthesisspe
|turn|11
|inactive|Brazy4Bray has 120 seconds left.
|
|t:|1776204536
|move|p2a: Ceruledge|Poltergeist||[still]
|-fail|p2a: Ceruledge
|move|p1a: Great Tusk|Bulk Up|p1a: Great Tusk
|-boost|p1a: Great Tusk|atk|1
|-boost|p1a: Great Tusk|def|1
|
|upkeep
|turn|12
|
|t:|1776204542
|move|p2a: Ceruledge|Bitter Blade|p1a: Great Tusk
|-damage|p1a: Great Tusk|61/100
|-heal|p2a: Ceruledge|100/100|[from] drain|[of] p1a: Great Tusk
|move|p1a: Great Tusk|Taunt|p2a: Ceruledge
|-start|p2a: Ceruledge|move: Taunt
|
|-fieldend|move: Psychic Terrain
|upkeep
|turn|13
|c|☆Brazy4Bray|im a bot bra
|
|t:|1776204548
|move|p2a: Ceruledge|Bitter Blade|p1a: Great Tusk
|-damage|p1a: Great Tusk|23/100
|move|p1a: Great Tusk|Head Smash|p2a: Ceruledge
|-supereffective|p2a: Ceruledge
|-enditem|p2a: Ceruledge|Focus Sash
|-damage|p2a: Ceruledge|1/100
|-ability|p2a: Ceruledge|Weak Armor|boost
|-unboost|p2a: Ceruledge|def|1
|-boost|p2a: Ceruledge|spe|2
|-damage|p1a: Great Tusk|0 fnt|[from] Recoil
|faint|p1a: Great Tusk
|-end|p1a: Great Tusk|Protosynthesis|[silent]
|
|upkeep
|
|t:|1776204555
|switch|p1a: Deoxys|Deoxys-Speed, shiny|100/100
|-ability|p1a: Deoxys|Pressure
|turn|14
|
|t:|1776204560
|move|p2a: Ceruledge|Bitter Blade|p1a: Deoxys
|-damage|p1a: Deoxys|0 fnt
|-heal|p2a: Ceruledge|53/100|[from] drain|[of] p1a: Deoxys
|faint|p1a: Deoxys
|
|upkeep
|
|t:|1776204563
|switch|p1a: Kingambit|Kingambit, M, shiny|100/100
|-activate|p1a: Kingambit|ability: Supreme Overlord
|-start|p1a: Kingambit|fallen5|[silent]
|turn|15
|
|t:|1776204569
|move|p1a: Kingambit|Sucker Punch|p2a: Ceruledge
|-crit|p2a: Ceruledge
|-damage|p2a: Ceruledge|0 fnt
|faint|p2a: Ceruledge
|
|upkeep
|
|t:|1776204573
|switch|p2a: Walking Wake|Walking Wake|100/100
|-enditem|p2a: Walking Wake|Booster Energy
|-activate|p2a: Walking Wake|ability: Protosynthesis|[fromitem]
|-start|p2a: Walking Wake|protosynthesisspa
|turn|16
|
|t:|1776204582
|move|p2a: Walking Wake|Flamethrower|p1a: Kingambit
|-supereffective|p1a: Kingambit
|-damage|p1a: Kingambit|4/100
|move|p1a: Kingambit|Low Kick|p2a: Walking Wake
|-damage|p2a: Walking Wake|26/100
|
|upkeep
|turn|17
|
|t:|1776204591
|-end|p2a: Walking Wake|Protosynthesis|[silent]
|switch|p2a: Iron Treads|Iron Treads|100/100
|-enditem|p2a: Iron Treads|Booster Energy
|-activate|p2a: Iron Treads|ability: Quark Drive|[fromitem]
|-start|p2a: Iron Treads|quarkdrivespe
|move|p1a: Kingambit|Sucker Punch||[still]
|-fail|p1a: Kingambit
|
|upkeep
|turn|18
|
|t:|1776204598
|move|p2a: Iron Treads|Earth Power|p1a: Kingambit
|-supereffective|p1a: Kingambit
|-damage|p1a: Kingambit|0 fnt
|faint|p1a: Kingambit
|-end|p1a: Kingambit|fallen5|[silent]
|
|win|Brazy4Bray
|raw|lokjhnmkio's rating: 1045 &rarr; <strong>1029</strong><br />(-16 for losing)
|raw|Brazy4Bray's rating: 1055 &rarr; <strong>1086</strong><br />(+31 for winning)
|c|☆Brazy4Bray|gg
|l|☆lokjhnmkio
|player|p1|
