|html|<div class="broadcast-blue"><strong>[Gen 9] OU is currently suspecting Tera Blast! For information on how to participate check out the <a href="https://www.smogon.com/tools/suspects/view/200">suspect thread</a>.</strong></div>
|j|☆backtoeden
|j|☆12erfg
|t:|1776152012
|gametype|singles
|player|p1|backtoeden|pokefan-gen4|1164
|player|p2|12erfg|giovanni|1122
|gen|9
|tier|[Gen 9] OU
|rated|
|rule|HP Percentage Mod: HP is shown in percentages
|rule|Endless Battle Clause: Forcing endless battles is banned
|rule|Species Clause: Limit one of each Pokémon
|rule|OHKO Clause: OHKO moves are banned
|rule|Evasion Items Clause: Evasion items are banned
|rule|Evasion Moves Clause: Evasion moves are banned
|rule|Evasion Abilities Clause: Evasion abilities are banned
|rule|Sleep Moves Clause: Sleep-inducing moves are banned
|clearpoke
|poke|p1|Hatterene, F|
|poke|p1|Garganacl, F|
|poke|p1|Darkrai|
|poke|p1|Great Tusk|
|poke|p1|Tornadus-Therian, M|
|poke|p1|Dragonite, F|
|poke|p2|Kingambit, F|
|poke|p2|Cinderace, F|
|poke|p2|Landorus-Therian, M|
|poke|p2|Iron Valiant|
|poke|p2|Kyurem|
|poke|p2|Slowking-Galar, M|
|teampreview
|inactive|Battle timer is ON: inactive players will automatically lose when time's up. (requested by backtoeden)
|inactive|12erfg also wants the timer to be on.
|j| ohko_smeargle
|
|t:|1776152027
|teamsize|p1|6
|teamsize|p2|6
|start
|switch|p1a: Great Tusk|Great Tusk|100/100
|switch|p2a: Kyurem|Kyurem, shiny|100/100
|-ability|p2a: Kyurem|Pressure
|-enditem|p1a: Great Tusk|Booster Energy
|-activate|p1a: Great Tusk|ability: Protosynthesis|[fromitem]
|-start|p1a: Great Tusk|protosynthesisatk
|turn|1
|
|t:|1776152038
|-terastallize|p1a: Great Tusk|Ice
|move|p2a: Kyurem|Substitute|p2a: Kyurem
|-start|p2a: Kyurem|Substitute
|-damage|p2a: Kyurem|76/100
|move|p1a: Great Tusk|Close Combat|p2a: Kyurem
|-supereffective|p2a: Kyurem
|-end|p2a: Kyurem|Substitute
|-unboost|p1a: Great Tusk|def|1
|-unboost|p1a: Great Tusk|spd|1
|
|-heal|p2a: Kyurem|82/100|[from] item: Leftovers
|upkeep
|turn|2
|
|t:|1776152058
|move|p2a: Kyurem|Substitute|p2a: Kyurem
|-start|p2a: Kyurem|Substitute
|-damage|p2a: Kyurem|57/100
|move|p1a: Great Tusk|Close Combat|p2a: Kyurem
|-supereffective|p2a: Kyurem
|-end|p2a: Kyurem|Substitute
|-unboost|p1a: Great Tusk|def|1
|-unboost|p1a: Great Tusk|spd|1
|
|-heal|p2a: Kyurem|63/100|[from] item: Leftovers
|upkeep
|turn|3
|inactive|12erfg has 120 seconds left.
|
|t:|1776152098
|-end|p1a: Great Tusk|Protosynthesis|[silent]
|switch|p1a: Protect the Hattes|Hatterene, F, shiny|100/100
|-terastallize|p2a: Kyurem|Ground
|move|p2a: Kyurem|Earth Power|p1a: Protect the Hattes
|-damage|p1a: Protect the Hattes|48/100
|
|-heal|p2a: Kyurem|69/100|[from] item: Leftovers
|upkeep
|turn|4
|inactive|backtoeden has 120 seconds left.
|
|t:|1776152118
|switch|p1a: M-Aggron|Garganacl, F|100/100
|move|p2a: Kyurem|Earth Power|p1a: M-Aggron
|-supereffective|p1a: M-Aggron
|-damage|p1a: M-Aggron|41/100
|
|-heal|p2a: Kyurem|75/100|[from] item: Leftovers
|-heal|p1a: M-Aggron|47/100|[from] item: Leftovers
|upkeep
|turn|5
|inactive|backtoeden has 120 seconds left.
|inactive|12erfg has 120 seconds left.
|
|t:|1776152126
|move|p1a: M-Aggron|Protect|p1a: M-Aggron
|-singleturn|p1a: M-Aggron|Protect
|move|p2a: Kyurem|Earth Power|p1a: M-Aggron
|-activate|p1a: M-Aggron|move: Protect
|
|-heal|p2a: Kyurem|81/100|[from] item: Leftovers
|-heal|p1a: M-Aggron|53/100|[from] item: Leftovers
|upkeep
|turn|6
|inactive|backtoeden has 120 seconds left.
|
|t:|1776152136
|switch|p1a: Let's go gambling|Tornadus-Therian, M, shiny|100/100
|move|p2a: Kyurem|Substitute|p2a: Kyurem
|-start|p2a: Kyurem|Substitute
|-damage|p2a: Kyurem|57/100
|
|-heal|p2a: Kyurem|63/100|[from] item: Leftovers
|upkeep
|turn|7
|inactive|backtoeden has 120 seconds left.
|
|t:|1776152147
|move|p1a: Let's go gambling|U-turn|p2a: Kyurem
|-activate|p2a: Kyurem|move: Substitute|[damage]
|inactive|backtoeden has 120 seconds left.
|
|t:|1776152153
|switch|p1a: Great Tusk|Great Tusk, tera:Ice|100/100|[from] U-turn
|move|p2a: Kyurem|Freeze-Dry|p1a: Great Tusk
|-resisted|p1a: Great Tusk
|-damage|p1a: Great Tusk|72/100
|
|-heal|p2a: Kyurem|69/100|[from] item: Leftovers
|upkeep
|turn|8
|
|t:|1776152169
|move|p2a: Kyurem|Earth Power|p1a: Great Tusk
|-damage|p1a: Great Tusk|0 fnt
|faint|p1a: Great Tusk
|-end|p1a: Great Tusk|Protosynthesis|[silent]
|
|-heal|p2a: Kyurem|75/100|[from] item: Leftovers
|upkeep
|-message|backtoeden forfeited.
|
|win|12erfg
|raw|backtoeden's rating: 1164 &rarr; <strong>1136</strong><br />(-28 for losing)
|raw|12erfg's rating: 1122 &rarr; <strong>1150</strong><br />(+28 for winning)
|l|☆backtoeden
|player|p1|
|l| ohko_smeargle
