|html|<div class="broadcast-blue"><strong>[Gen 9] OU is currently suspecting Tera Blast! For information on how to participate check out the <a href="https://www.smogon.com/tools/suspects/view/200">suspect thread</a>.</strong></div>
|j|☆Chinatownz
|j|☆datebayonueve
|t:|1776067424
|gametype|singles
|player|p1|Chinatownz|169|1201
|player|p2|datebayonueve|cyrus|1152
|gen|9
|tier|[Gen 9] OU
|rated|
|rule|HP Percentage Mod: HP is shown in percentages
|rule|Endless Battle Clause: Forcing endless battles is banned
|rule|Species Clause: Limit one of each Pokémon
|rule|OHKO Clause: OHKO moves are banned
|rule|Evasion Items Clause: Evasion items are banned
|rule|Evasion Moves Clause: Evasion moves are banned
|rule|Evasion Abilities Clause: Evasion abilities are banned
|rule|Sleep Moves Clause: Sleep-inducing moves are banned
|clearpoke
|poke|p1|Poliwrath, M|
|poke|p1|Pelipper, F|
|poke|p1|Azumarill, F|
|poke|p1|Blissey, F|
|poke|p1|Shaymin|
|poke|p1|Tsareena, F|
|poke|p2|Deoxys-Speed|
|poke|p2|Gholdengo|
|poke|p2|Haxorus, F|
|poke|p2|Meowscarada, F|
|poke|p2|Tyranitar, F|
|poke|p2|Dondozo, F|
|teampreview
|inactive|Battle timer is ON: inactive players will automatically lose when time's up. (requested by Chinatownz)
|
|t:|1776067437
|teamsize|p1|6
|teamsize|p2|6
|start
|switch|p1a: Azumarill|Azumarill, F|100/100
|switch|p2a: R34R|Meowscarada, F, shiny|100/100
|turn|1
|
|t:|1776067447
|move|p2a: R34R|Flower Trick|p1a: Azumarill
|-start|p2a: R34R|typechange|Grass|[from] ability: Protean
|-supereffective|p1a: Azumarill
|-crit|p1a: Azumarill
|-damage|p1a: Azumarill|0 fnt
|faint|p1a: Azumarill
|-damage|p2a: R34R|91/100|[from] item: Life Orb
|
|upkeep
|
|t:|1776067454
|switch|p1a: Shaymin|Shaymin|100/100
|turn|2
|
|t:|1776067459
|move|p2a: R34R|U-turn|p1a: Shaymin
|-supereffective|p1a: Shaymin
|-damage|p1a: Shaymin|48/100
|-damage|p2a: R34R|81/100|[from] item: Life Orb
|
|t:|1776067464
|switch|p2a: A-train|Deoxys-Speed, shiny|100/100|[from] U-turn
|-ability|p2a: A-train|Pressure
|move|p1a: Shaymin|Air Slash|p2a: A-train
|-damage|p2a: A-train|59/100
|
|upkeep
|turn|3
|
|t:|1776067472
|switch|p1a: Blissey|Blissey, F|100/100
|move|p2a: A-train|Ice Beam|p1a: Blissey
|-damage|p1a: Blissey|92/100
|-damage|p2a: A-train|49/100|[from] item: Life Orb
|
|-heal|p1a: Blissey|98/100|[from] item: Leftovers
|upkeep
|turn|4
|
|t:|1776067481
|move|p2a: A-train|Drain Punch|p1a: Blissey
|-supereffective|p1a: Blissey
|-damage|p1a: Blissey|8/100
|-heal|p2a: A-train|100/100|[from] drain|[of] p1a: Blissey
|-damage|p2a: A-train|91/100|[from] item: Life Orb
|move|p1a: Blissey|Stealth Rock|p2a: A-train
|-sidestart|p2: datebayonueve|move: Stealth Rock
|
|-heal|p1a: Blissey|15/100|[from] item: Leftovers
|upkeep
|turn|5
|
|t:|1776067492
|move|p2a: A-train|Drain Punch|p1a: Blissey
|-supereffective|p1a: Blissey
|-damage|p1a: Blissey|0 fnt
|-heal|p2a: A-train|100/100|[from] drain|[of] p1a: Blissey
|faint|p1a: Blissey
|-damage|p2a: A-train|91/100|[from] item: Life Orb
|
|upkeep
|
|t:|1776067493
|switch|p1a: Pelipper|Pelipper, F|100/100
|-weather|RainDance|[from] ability: Drizzle|[of] p1a: Pelipper
|turn|6
|
|t:|1776067505
|move|p2a: A-train|Psycho Boost|p1a: Pelipper
|-damage|p1a: Pelipper|0 fnt
|-unboost|p2a: A-train|spa|2
|faint|p1a: Pelipper
|-damage|p2a: A-train|81/100|[from] item: Life Orb
|
|-weather|RainDance|[upkeep]
|upkeep
|
|t:|1776067508
|switch|p1a: Poliwrath|Poliwrath, M|100/100
|turn|7
|
|t:|1776067514
|switch|p2a: Plin2pik|Tyranitar, F, shiny|100/100
|-damage|p2a: Plin2pik|88/100|[from] Stealth Rock
|-weather|Sandstorm|[from] ability: Sand Stream|[of] p2a: Plin2pik
|-terastallize|p1a: Poliwrath|Fire
|move|p1a: Poliwrath|Belly Drum|p1a: Poliwrath
|-damage|p1a: Poliwrath|50/100
|-setboost|p1a: Poliwrath|atk|6|[from] move: Belly Drum
|-enditem|p1a: Poliwrath|Sitrus Berry|[eat]
|-heal|p1a: Poliwrath|75/100|[from] item: Sitrus Berry
|
|-weather|Sandstorm|[upkeep]
|-damage|p1a: Poliwrath|69/100|[from] Sandstorm
|upkeep
|turn|8
|-message|Chinatownz forfeited.
|
|win|datebayonueve
|raw|Chinatownz's rating: 1201 &rarr; <strong>1172</strong><br />(-29 for losing)
|raw|datebayonueve's rating: 1152 &rarr; <strong>1181</strong><br />(+29 for winning)
|l|☆Chinatownz
|player|p1|
|l|☆datebayonueve
|player|p2|
