|html|<div class="broadcast-blue"><strong>[Gen 9] OU is currently suspecting Tera Blast! For information on how to participate check out the <a href="https://www.smogon.com/tools/suspects/view/200">suspect thread</a>.</strong></div>
|j|☆rickyflames1
|j|☆richieleo0802
|t:|1776097341
|gametype|singles
|player|p1|rickyflames1|265|1279
|player|p2|richieleo0802|burglar|1311
|gen|9
|tier|[Gen 9] OU
|rated|
|rule|HP Percentage Mod: HP is shown in percentages
|rule|Endless Battle Clause: Forcing endless battles is banned
|rule|Species Clause: Limit one of each Pokémon
|rule|OHKO Clause: OHKO moves are banned
|rule|Evasion Items Clause: Evasion items are banned
|rule|Evasion Moves Clause: Evasion moves are banned
|rule|Evasion Abilities Clause: Evasion abilities are banned
|rule|Sleep Moves Clause: Sleep-inducing moves are banned
|clearpoke
|poke|p1|Chansey, F|
|poke|p1|Gliscor, M|
|poke|p1|Mandibuzz, F|
|poke|p1|Deoxys-Defense|
|poke|p1|Landorus-Therian, M|
|poke|p1|Ting-Lu|
|poke|p2|Samurott-Hisui, F|
|poke|p2|Alomomola, M|
|poke|p2|Gliscor, M|
|poke|p2|Great Tusk|
|poke|p2|Ogerpon-Wellspring, F|
|poke|p2|Slowking-Galar, F|
|teampreview
|inactive|Battle timer is ON: inactive players will automatically lose when time's up. (requested by rickyflames1)
|inactive|richieleo0802 has 120 seconds left.
|
|t:|1776097397
|teamsize|p1|6
|teamsize|p2|6
|start
|switch|p1a: Landorus|Landorus-Therian, M, shiny|100/100
|switch|p2a: Samurott|Samurott-Hisui, F|100/100
|-ability|p1a: Landorus|Intimidate|boost
|-unboost|p2a: Samurott|atk|1
|turn|1
|
|t:|1776097405
|move|p1a: Landorus|U-turn|p2a: Samurott
|-supereffective|p2a: Samurott
|-damage|p2a: Samurott|20/100
|
|t:|1776097410
|switch|p1a: Mandibuzz|Mandibuzz, F, shiny|100/100|[from] U-turn
|move|p2a: Samurott|Flip Turn|p1a: Mandibuzz
|-damage|p1a: Mandibuzz|89/100
|-damage|p2a: Samurott|4/100|[from] item: Rocky Helmet|[of] p1a: Mandibuzz
|
|t:|1776097422
|switch|p2a: Alomomola|Alomomola, M|100/100|[from] Flip Turn
|
|upkeep
|turn|2
|
|t:|1776097427
|move|p1a: Mandibuzz|Toxic|p2a: Alomomola
|-status|p2a: Alomomola|tox
|move|p2a: Alomomola|Scald|p1a: Mandibuzz
|-damage|p1a: Mandibuzz|77/100
|-status|p1a: Mandibuzz|brn
|
|-damage|p2a: Alomomola|94/100 tox|[from] psn
|-damage|p1a: Mandibuzz|71/100 brn|[from] brn
|upkeep
|turn|3
|
|t:|1776097439
|switch|p1a: Chansey|Chansey, F, shiny|100/100
|move|p2a: Alomomola|Flip Turn|p1a: Chansey
|-damage|p1a: Chansey|79/100
|
|t:|1776097451
|switch|p2a: Great Tusk|Great Tusk|100/100|[from] Flip Turn
|
|upkeep
|turn|4
|
|t:|1776097460
|switch|p1a: Landorus|Landorus-Therian, M, shiny|100/100
|-ability|p1a: Landorus|Intimidate|boost
|-unboost|p2a: Great Tusk|atk|1
|move|p2a: Great Tusk|Ice Spinner|p1a: Landorus
|-supereffective|p1a: Landorus
|-damage|p1a: Landorus|15/100
|
|upkeep
|turn|5
|
|t:|1776097478
|switch|p1a: Mandibuzz|Mandibuzz, F, shiny|71/100 brn
|-end|p2a: Great Tusk|Protosynthesis|[silent]
|switch|p2a: Alomomola|Alomomola, M|100/100 tox
|
|-damage|p2a: Alomomola|94/100 tox|[from] psn
|-damage|p1a: Mandibuzz|64/100 brn|[from] brn
|upkeep
|turn|6
|
|t:|1776097491
|switch|p1a: Chansey|Chansey, F, shiny|79/100
|move|p2a: Alomomola|Flip Turn|p1a: Chansey
|-damage|p1a: Chansey|56/100
|
|t:|1776097500
|switch|p2a: Gliscor|Gliscor, M|100/100|[from] Flip Turn
|
|-status|p2a: Gliscor|tox|[from] item: Toxic Orb
|upkeep
|turn|7
|
|t:|1776097525
|move|p2a: Gliscor|Facade|p1a: Chansey
|-damage|p1a: Chansey|0 fnt
|faint|p1a: Chansey
|
|upkeep
|
|t:|1776097533
|switch|p1a: Landorus|Landorus-Therian, M, shiny|15/100
|-ability|p1a: Landorus|Intimidate|boost
|-unboost|p2a: Gliscor|atk|1
|turn|8
|
|t:|1776097539
|switch|p1a: Ting-Lu|Ting-Lu, shiny|100/100
|-ability|p1a: Ting-Lu|Vessel of Ruin
|move|p2a: Gliscor|U-turn|p1a: Ting-Lu
|-supereffective|p1a: Ting-Lu
|-damage|p1a: Ting-Lu|89/100
|-damage|p2a: Gliscor|84/100 tox|[from] item: Rocky Helmet|[of] p1a: Ting-Lu
|
|t:|1776097550
|switch|p2a: Ogerpon|Ogerpon-Wellspring, F|100/100|[from] U-turn
|
|upkeep
|turn|9
|
|t:|1776097558
|switch|p1a: Landorus|Landorus-Therian, M, shiny|15/100
|-ability|p1a: Landorus|Intimidate|boost
|-unboost|p2a: Ogerpon|atk|1
|move|p2a: Ogerpon|Ivy Cudgel|p1a: Landorus|[anim] Ivy Cudgel Water
|-supereffective|p1a: Landorus
|-damage|p1a: Landorus|0 fnt
|faint|p1a: Landorus
|
|upkeep
|
|t:|1776097569
|switch|p1a: Deoxys|Deoxys-Defense, shiny|100/100
|-ability|p1a: Deoxys|Pressure
|turn|10
|
|t:|1776097574
|move|p2a: Ogerpon|U-turn|p1a: Deoxys
|-supereffective|p1a: Deoxys
|-damage|p1a: Deoxys|70/100
|-enditem|p1a: Deoxys|Weakness Policy
|-boost|p1a: Deoxys|atk|2|[from] item: Weakness Policy
|-boost|p1a: Deoxys|spa|2|[from] item: Weakness Policy
|
|t:|1776097586
|switch|p2a: Slowking|Slowking-Galar, F|100/100|[from] U-turn
|move|p1a: Deoxys|Cosmic Power|p1a: Deoxys
|-boost|p1a: Deoxys|def|1
|-boost|p1a: Deoxys|spd|1
|
|upkeep
|turn|11
|
|t:|1776097595
|-terastallize|p1a: Deoxys|Steel
|move|p1a: Deoxys|Cosmic Power|p1a: Deoxys
|-boost|p1a: Deoxys|def|1
|-boost|p1a: Deoxys|spd|1
|move|p2a: Slowking|Sludge Wave|p1a: Deoxys
|-immune|p1a: Deoxys
|
|upkeep
|turn|12
|
|t:|1776097605
|move|p1a: Deoxys|Cosmic Power|p1a: Deoxys
|-boost|p1a: Deoxys|def|1
|-boost|p1a: Deoxys|spd|1
|move|p2a: Slowking|Flamethrower|p1a: Deoxys
|-supereffective|p1a: Deoxys
|-damage|p1a: Deoxys|50/100
|
|upkeep
|turn|13
|
|t:|1776097614
|move|p1a: Deoxys|Recover|p1a: Deoxys
|-heal|p1a: Deoxys|100/100
|move|p2a: Slowking|Flamethrower|p1a: Deoxys
|-supereffective|p1a: Deoxys
|-damage|p1a: Deoxys|80/100
|
|upkeep
|turn|14
|
|t:|1776097621
|move|p1a: Deoxys|Cosmic Power|p1a: Deoxys
|-boost|p1a: Deoxys|def|1
|-boost|p1a: Deoxys|spd|1
|move|p2a: Slowking|Flamethrower|p1a: Deoxys
|-supereffective|p1a: Deoxys
|-damage|p1a: Deoxys|64/100
|
|upkeep
|turn|15
|
|t:|1776097633
|move|p1a: Deoxys|Cosmic Power|p1a: Deoxys
|-boost|p1a: Deoxys|def|1
|-boost|p1a: Deoxys|spd|1
|move|p2a: Slowking|Flamethrower|p1a: Deoxys
|-supereffective|p1a: Deoxys
|-damage|p1a: Deoxys|50/100
|
|upkeep
|turn|16
|
|t:|1776097641
|move|p1a: Deoxys|Recover|p1a: Deoxys
|-heal|p1a: Deoxys|100/100
|move|p2a: Slowking|Flamethrower|p1a: Deoxys
|-supereffective|p1a: Deoxys
|-damage|p1a: Deoxys|87/100
|
|upkeep
|turn|17
|
|t:|1776097648
|move|p1a: Deoxys|Stored Power|p2a: Slowking
|-damage|p2a: Slowking|0 fnt
|faint|p2a: Slowking
|
|upkeep
|
|t:|1776097650
|switch|p2a: Ogerpon|Ogerpon-Wellspring, F|100/100
|turn|18
|
|t:|1776097656
|-terastallize|p2a: Ogerpon|Water
|detailschange|p2a: Ogerpon|Ogerpon-Wellspring-Tera, F, tera:Water
|-ability|p2a: Ogerpon|Embody Aspect (Wellspring)|boost
|-boost|p2a: Ogerpon|spd|1
|move|p2a: Ogerpon|Ivy Cudgel|p1a: Deoxys|[anim] Ivy Cudgel Water
|-damage|p1a: Deoxys|71/100
|move|p1a: Deoxys|Stored Power|p2a: Ogerpon
|-damage|p2a: Ogerpon|0 fnt
|faint|p2a: Ogerpon
|detailschange|p2: Ogerpon|Ogerpon-Wellspring, F|[silent]
|
|upkeep
|
|t:|1776097674
|switch|p2a: Samurott|Samurott-Hisui, F|4/100
|turn|19
|
|t:|1776097679
|move|p2a: Samurott|Sacred Sword|p1a: Deoxys
|-supereffective|p1a: Deoxys
|-crit|p1a: Deoxys
|-damage|p1a: Deoxys|0 fnt
|faint|p1a: Deoxys
|
|upkeep
|
|t:|1776097696
|switch|p1a: Ting-Lu|Ting-Lu, shiny|89/100
|-ability|p1a: Ting-Lu|Vessel of Ruin
|turn|20
|
|t:|1776097705
|switch|p2a: Alomomola|Alomomola, M|100/100 tox
|move|p1a: Ting-Lu|Ruination|p2a: Alomomola
|-damage|p2a: Alomomola|50/100 tox
|
|-damage|p2a: Alomomola|44/100 tox|[from] psn
|upkeep
|turn|21
|
|t:|1776097719
|move|p2a: Alomomola|Wish|p2a: Alomomola
|move|p1a: Ting-Lu|Earthquake|p2a: Alomomola
|-damage|p2a: Alomomola|25/100 tox
|
|-damage|p2a: Alomomola|13/100 tox|[from] psn
|upkeep
|turn|22
|
|t:|1776097732
|move|p2a: Alomomola|Protect|p2a: Alomomola
|-singleturn|p2a: Alomomola|Protect
|move|p1a: Ting-Lu|Earthquake|p2a: Alomomola
|-activate|p2a: Alomomola|move: Protect
|
|-heal|p2a: Alomomola|63/100 tox|[from] move: Wish|[wisher] Alomomola
|-damage|p2a: Alomomola|44/100 tox|[from] psn
|upkeep
|turn|23
|
|t:|1776097746
|switch|p2a: Gliscor|Gliscor, M|84/100 tox
|move|p1a: Ting-Lu|Ruination|p2a: Gliscor
|-damage|p2a: Gliscor|42/100 tox
|
|-heal|p2a: Gliscor|55/100 tox|[from] ability: Poison Heal
|upkeep
|turn|24
|
|t:|1776097766
|move|p2a: Gliscor|Facade|p1a: Ting-Lu
|-damage|p1a: Ting-Lu|72/100
|-damage|p2a: Gliscor|38/100 tox|[from] item: Rocky Helmet|[of] p1a: Ting-Lu
|move|p1a: Ting-Lu|Ruination|p2a: Gliscor
|-damage|p2a: Gliscor|19/100 tox
|
|-heal|p2a: Gliscor|32/100 tox|[from] ability: Poison Heal
|upkeep
|turn|25
|
|t:|1776097781
|move|p2a: Gliscor|Protect|p2a: Gliscor
|-singleturn|p2a: Gliscor|Protect
|move|p1a: Ting-Lu|Whirlwind|p2a: Gliscor
|drag|p2a: Great Tusk|Great Tusk|100/100
|
|upkeep
|turn|26
|
|t:|1776097791
|move|p2a: Great Tusk|Close Combat|p1a: Ting-Lu
|-supereffective|p1a: Ting-Lu
|-damage|p1a: Ting-Lu|23/100
|-unboost|p2a: Great Tusk|def|1
|-unboost|p2a: Great Tusk|spd|1
|-damage|p2a: Great Tusk|84/100|[from] item: Rocky Helmet|[of] p1a: Ting-Lu
|move|p1a: Ting-Lu|Ruination|p2a: Great Tusk
|-damage|p2a: Great Tusk|42/100
|
|upkeep
|turn|27
|
|t:|1776097810
|switch|p1a: Mandibuzz|Mandibuzz, F, shiny|64/100 brn
|move|p2a: Great Tusk|Ice Spinner|p1a: Mandibuzz
|-supereffective|p1a: Mandibuzz
|-damage|p1a: Mandibuzz|33/100 brn
|-damage|p2a: Great Tusk|26/100|[from] item: Rocky Helmet|[of] p1a: Mandibuzz
|
|-damage|p1a: Mandibuzz|27/100 brn|[from] brn
|upkeep
|turn|28
|
|t:|1776097823
|-end|p2a: Great Tusk|Protosynthesis|[silent]
|switch|p2a: Alomomola|Alomomola, M|77/100 tox
|move|p1a: Mandibuzz|Foul Play|p2a: Alomomola
|-damage|p2a: Alomomola|71/100 tox
|-damage|p1a: Mandibuzz|11/100 brn|[from] item: Rocky Helmet|[of] p2a: Alomomola
|
|-damage|p2a: Alomomola|65/100 tox|[from] psn
|-damage|p1a: Mandibuzz|5/100 brn|[from] brn
|upkeep
|turn|29
|
|t:|1776097842
|switch|p1a: Ting-Lu|Ting-Lu, shiny|23/100
|-ability|p1a: Ting-Lu|Vessel of Ruin
|move|p2a: Alomomola|Scald|p1a: Ting-Lu
|-supereffective|p1a: Ting-Lu
|-damage|p1a: Ting-Lu|6/100
|
|-damage|p2a: Alomomola|53/100 tox|[from] psn
|upkeep
|turn|30
|
|t:|1776097853
|move|p2a: Alomomola|Flip Turn|p1a: Ting-Lu
|-supereffective|p1a: Ting-Lu
|-damage|p1a: Ting-Lu|0 fnt
|-damage|p2a: Alomomola|36/100 tox|[from] item: Rocky Helmet|[of] p1a: Ting-Lu
|faint|p1a: Ting-Lu
|
|t:|1776097856
|switch|p2a: Gliscor|Gliscor, M|32/100 tox|[from] Flip Turn
|
|-heal|p2a: Gliscor|44/100 tox|[from] ability: Poison Heal
|upkeep
|
|t:|1776097868
|switch|p1a: Mandibuzz|Mandibuzz, F, shiny|5/100 brn
|turn|31
|
|t:|1776097874
|move|p2a: Gliscor|Facade|p1a: Mandibuzz
|-damage|p1a: Mandibuzz|0 fnt
|-damage|p2a: Gliscor|28/100 tox|[from] item: Rocky Helmet|[of] p1a: Mandibuzz
|faint|p1a: Mandibuzz
|
|-heal|p2a: Gliscor|40/100 tox|[from] ability: Poison Heal
|upkeep
|
|t:|1776097882
|switch|p1a: Gliscor|Gliscor, M, shiny|100/100
|turn|32
|
|t:|1776097894
|move|p1a: Gliscor|Agility|p1a: Gliscor
|-boost|p1a: Gliscor|spe|2
|move|p2a: Gliscor|U-turn|p1a: Gliscor
|-resisted|p1a: Gliscor
|-damage|p1a: Gliscor|90/100
|
|t:|1776097899
|switch|p2a: Alomomola|Alomomola, M|69/100 tox|[from] U-turn
|
|-damage|p2a: Alomomola|63/100 tox|[from] psn
|-status|p1a: Gliscor|tox|[from] item: Toxic Orb
|upkeep
|turn|33
|
|t:|1776097908
|move|p1a: Gliscor|Knock Off|p2a: Alomomola
|-damage|p2a: Alomomola|47/100 tox
|-damage|p1a: Gliscor|73/100 tox|[from] item: Rocky Helmet|[of] p2a: Alomomola
|-enditem|p2a: Alomomola|Rocky Helmet|[from] move: Knock Off|[of] p1a: Gliscor
|move|p2a: Alomomola|Scald|p1a: Gliscor
|-supereffective|p1a: Gliscor
|-damage|p1a: Gliscor|31/100 tox
|
|-heal|p1a: Gliscor|44/100 tox|[from] ability: Poison Heal
|-damage|p2a: Alomomola|35/100 tox|[from] psn
|upkeep
|turn|34
|
|t:|1776097920
|switch|p2a: Great Tusk|Great Tusk|26/100
|move|p1a: Gliscor|Facade|p2a: Great Tusk
|-damage|p2a: Great Tusk|0 fnt
|faint|p2a: Great Tusk
|-end|p2a: Great Tusk|Protosynthesis|[silent]
|
|-heal|p1a: Gliscor|56/100 tox|[from] ability: Poison Heal
|upkeep
|
|t:|1776097927
|switch|p2a: Gliscor|Gliscor, M|40/100 tox
|turn|35
|
|t:|1776097932
|move|p1a: Gliscor|Facade|p2a: Gliscor
|-damage|p2a: Gliscor|0 fnt
|faint|p2a: Gliscor
|
|-heal|p1a: Gliscor|69/100 tox|[from] ability: Poison Heal
|upkeep
|
|t:|1776097937
|switch|p2a: Alomomola|Alomomola, M|68/100 tox
|turn|36
|
|t:|1776097943
|move|p1a: Gliscor|Facade|p2a: Alomomola
|-damage|p2a: Alomomola|46/100 tox
|move|p2a: Alomomola|Scald|p1a: Gliscor
|-supereffective|p1a: Gliscor
|-crit|p1a: Gliscor
|-damage|p1a: Gliscor|2/100 tox
|
|-heal|p1a: Gliscor|14/100 tox|[from] ability: Poison Heal
|-damage|p2a: Alomomola|40/100 tox|[from] psn
|upkeep
|turn|37
|
|t:|1776097960
|move|p1a: Gliscor|Facade|p2a: Alomomola
|-damage|p2a: Alomomola|18/100 tox
|move|p2a: Alomomola|Scald|p1a: Gliscor
|-supereffective|p1a: Gliscor
|-damage|p1a: Gliscor|0 fnt
|faint|p1a: Gliscor
|
|win|richieleo0802
|raw|rickyflames1's rating: 1279 &rarr; <strong>1256</strong><br />(-23 for losing)
|raw|richieleo0802's rating: 1311 &rarr; <strong>1329</strong><br />(+18 for winning)
|l|☆rickyflames1
|player|p1|
|c|☆richieleo0802|iiwojzj
|c|☆richieleo0802|iamnskaoqoqm
|c|☆richieleo0802|mqlqppqlqwk
|c|☆richieleo0802|I’m owlqlqlqla
