|html|<div class="broadcast-blue"><strong>[Gen 9] OU is currently suspecting Tera Blast! For information on how to participate check out the <a href="https://www.smogon.com/tools/suspects/view/200">suspect thread</a>.</strong></div>
|j|☆Hakkimaru
|j|‽Meiinnuu
|t:|1776100862
|gametype|singles
|player|p1|Hakkimaru|youngster-gen4dp|1219
|player|p2|Meiinnuu|wallace-gen6|1245
|gen|9
|tier|[Gen 9] OU
|rated|
|rule|HP Percentage Mod: HP is shown in percentages
|rule|Endless Battle Clause: Forcing endless battles is banned
|rule|Species Clause: Limit one of each Pokémon
|rule|OHKO Clause: OHKO moves are banned
|rule|Evasion Items Clause: Evasion items are banned
|rule|Evasion Moves Clause: Evasion moves are banned
|rule|Evasion Abilities Clause: Evasion abilities are banned
|rule|Sleep Moves Clause: Sleep-inducing moves are banned
|clearpoke
|poke|p1|Spiritomb, F|
|poke|p1|Gliscor, M|
|poke|p1|Klefki, F|
|poke|p1|Slaking, M|
|poke|p1|Cinderace, F|
|poke|p1|Dondozo, M|
|poke|p2|Corviknight, M|
|poke|p2|Slowking-Galar, F|
|poke|p2|Cinderace, F|
|poke|p2|Clefable, F|
|poke|p2|Malamar, M|
|poke|p2|Gastrodon, F|
|teampreview
|inactive|Battle timer is ON: inactive players will automatically lose when time's up. (requested by Hakkimaru)
|
|t:|1776100866
|teamsize|p1|6
|teamsize|p2|6
|start
|switch|p1a: Klefki|Klefki, F|100/100
|switch|p2a: Clefable|Clefable, F|100/100
|turn|1
|
|t:|1776100872
|move|p1a: Klefki|Light Screen|p1a: Klefki
|-sidestart|p1: Hakkimaru|move: Light Screen
|move|p2a: Clefable|Knock Off|p1a: Klefki
|-resisted|p1a: Klefki
|-damage|p1a: Klefki|90/100
|-enditem|p1a: Klefki|Light Clay|[from] move: Knock Off|[of] p2a: Clefable
|
|upkeep
|turn|2
|
|t:|1776100878
|move|p1a: Klefki|Reflect|p1a: Klefki
|-sidestart|p1: Hakkimaru|Reflect
|move|p2a: Clefable|Flamethrower|p1a: Klefki
|-supereffective|p1a: Klefki
|-damage|p1a: Klefki|63/100
|
|upkeep
|turn|3
|
|t:|1776100884
|move|p1a: Klefki|Thunder Wave|p2a: Clefable
|-status|p2a: Clefable|par
|cant|p2a: Clefable|par
|
|upkeep
|turn|4
|
|t:|1776100894
|move|p1a: Klefki|Foul Play|p2a: Clefable
|-resisted|p2a: Clefable
|-damage|p2a: Clefable|94/100 par
|move|p2a: Clefable|Flamethrower|p1a: Klefki
|-supereffective|p1a: Klefki
|-damage|p1a: Klefki|37/100
|
|upkeep
|turn|5
|
|t:|1776100902
|switch|p1a: Spiritomb|Spiritomb, F|100/100
|cant|p2a: Clefable|par
|
|upkeep
|turn|6
|
|t:|1776100909
|move|p1a: Spiritomb|Calm Mind|p1a: Spiritomb
|-boost|p1a: Spiritomb|spa|1
|-boost|p1a: Spiritomb|spd|1
|move|p2a: Clefable|Knock Off|p1a: Spiritomb
|-damage|p1a: Spiritomb|89/100
|-enditem|p1a: Spiritomb|Leftovers|[from] move: Knock Off|[of] p2a: Clefable
|
|-sideend|p1: Hakkimaru|Reflect
|upkeep
|turn|7
|
|t:|1776100921
|move|p1a: Spiritomb|Substitute|p1a: Spiritomb
|-start|p1a: Spiritomb|Substitute
|-damage|p1a: Spiritomb|65/100
|move|p2a: Clefable|Moonblast|p1a: Spiritomb
|-supereffective|p1a: Spiritomb
|-end|p1a: Spiritomb|Substitute
|
|upkeep
|turn|8
|
|t:|1776100932
|move|p1a: Spiritomb|Calm Mind|p1a: Spiritomb
|-boost|p1a: Spiritomb|spa|1
|-boost|p1a: Spiritomb|spd|1
|move|p2a: Clefable|Moonblast|p1a: Spiritomb
|-supereffective|p1a: Spiritomb
|-damage|p1a: Spiritomb|41/100
|
|-sideend|p1: Hakkimaru|move: Light Screen
|upkeep
|turn|9
|
|t:|1776100940
|move|p1a: Spiritomb|Calm Mind|p1a: Spiritomb
|-boost|p1a: Spiritomb|spa|1
|-boost|p1a: Spiritomb|spd|1
|move|p2a: Clefable|Moonblast|p1a: Spiritomb
|-supereffective|p1a: Spiritomb
|-damage|p1a: Spiritomb|6/100
|
|upkeep
|turn|10
|
|t:|1776100946
|move|p1a: Spiritomb|Pain Split|p2a: Clefable
|-sethp|p2a: Clefable|49/100 par|[from] move: Pain Split|[silent]
|-sethp|p1a: Spiritomb|79/100|[from] move: Pain Split
|move|p2a: Clefable|Moonblast|p1a: Spiritomb
|-supereffective|p1a: Spiritomb
|-damage|p1a: Spiritomb|43/100
|
|upkeep
|turn|11
|
|t:|1776100955
|move|p1a: Spiritomb|Calm Mind|p1a: Spiritomb
|-boost|p1a: Spiritomb|spa|1
|-boost|p1a: Spiritomb|spd|1
|move|p2a: Clefable|Moonlight|p2a: Clefable
|-heal|p2a: Clefable|99/100 par
|
|upkeep
|turn|12
|
|t:|1776100959
|switch|p2a: Cinderace|Cinderace, F|100/100
|move|p1a: Spiritomb|Pain Split|p2a: Cinderace
|-sethp|p2a: Cinderace|67/100|[from] move: Pain Split|[silent]
|-sethp|p1a: Spiritomb|84/100|[from] move: Pain Split
|
|upkeep
|turn|13
|
|t:|1776100967
|move|p2a: Cinderace|Pyro Ball|p1a: Spiritomb
|-damage|p1a: Spiritomb|16/100
|-damage|p2a: Cinderace|57/100|[from] item: Life Orb
|move|p1a: Spiritomb|Stored Power|p2a: Cinderace
|-damage|p2a: Cinderace|0 fnt
|faint|p2a: Cinderace
|
|upkeep
|
|t:|1776100979
|switch|p2a: Corviknight|Corviknight, M|100/100
|-ability|p2a: Corviknight|Pressure
|turn|14
|
|t:|1776100996
|switch|p1a: Klefki|Klefki, F|37/100
|move|p2a: Corviknight|Brave Bird|p1a: Klefki
|-resisted|p1a: Klefki
|-damage|p1a: Klefki|20/100
|-damage|p2a: Corviknight|96/100|[from] Recoil
|
|upkeep
|turn|15
|
|t:|1776101002
|switch|p2a: Gastrodon|Gastrodon, F|100/100
|move|p1a: Klefki|Reflect|p1a: Klefki
|-sidestart|p1: Hakkimaru|Reflect
|
|upkeep
|turn|16
|
|t:|1776101006
|move|p1a: Klefki|Light Screen|p1a: Klefki
|-sidestart|p1: Hakkimaru|move: Light Screen
|move|p2a: Gastrodon|Earth Power|p1a: Klefki
|-supereffective|p1a: Klefki
|-damage|p1a: Klefki|0 fnt
|faint|p1a: Klefki
|
|upkeep
|
|t:|1776101013
|switch|p1a: Spiritomb|Spiritomb, F|16/100
|turn|17
|
|t:|1776101017
|move|p1a: Spiritomb|Pain Split|p2a: Gastrodon
|-sethp|p2a: Gastrodon|55/100|[from] move: Pain Split|[silent]
|-sethp|p1a: Spiritomb|96/100|[from] move: Pain Split
|move|p2a: Gastrodon|Surf|p1a: Spiritomb
|-damage|p1a: Spiritomb|81/100
|
|-heal|p2a: Gastrodon|61/100|[from] item: Leftovers
|upkeep
|turn|18
|
|t:|1776101026
|move|p1a: Spiritomb|Substitute|p1a: Spiritomb
|-start|p1a: Spiritomb|Substitute
|-damage|p1a: Spiritomb|56/100
|move|p2a: Gastrodon|Stealth Rock|p1a: Spiritomb
|-sidestart|p1: Hakkimaru|move: Stealth Rock
|
|-heal|p2a: Gastrodon|67/100|[from] item: Leftovers
|upkeep
|turn|19
|
|t:|1776101034
|switch|p2a: Slowking|Slowking-Galar, F|100/100
|move|p1a: Spiritomb|Calm Mind|p1a: Spiritomb
|-boost|p1a: Spiritomb|spa|1
|-boost|p1a: Spiritomb|spd|1
|
|-sideend|p1: Hakkimaru|Reflect
|upkeep
|turn|20
|
|t:|1776101039
|-terastallize|p2a: Slowking|Poison
|move|p1a: Spiritomb|Calm Mind|p1a: Spiritomb
|-boost|p1a: Spiritomb|spa|1
|-boost|p1a: Spiritomb|spd|1
|move|p2a: Slowking|Sludge Bomb|p1a: Spiritomb
|-resisted|p1a: Spiritomb
|-activate|p1a: Spiritomb|move: Substitute|[damage]
|
|-sideend|p1: Hakkimaru|move: Light Screen
|upkeep
|turn|21
|
|t:|1776101050
|move|p1a: Spiritomb|Calm Mind|p1a: Spiritomb
|-boost|p1a: Spiritomb|spa|1
|-boost|p1a: Spiritomb|spd|1
|move|p2a: Slowking|Surf|p1a: Spiritomb
|-activate|p1a: Spiritomb|move: Substitute|[damage]
|
|upkeep
|turn|22
|-message|Meiinnuu forfeited.
|
|win|Hakkimaru
|raw|Hakkimaru's rating: 1219 &rarr; <strong>1246</strong><br />(+27 for winning)
|raw|Meiinnuu's rating: 1245 &rarr; <strong>1218</strong><br />(-27 for losing)
|l|‽Meiinnuu
|player|p2|
|l|☆Hakkimaru
|player|p1|
