|html|<div class="broadcast-blue"><strong>[Gen 9] OU is currently suspecting Tera Blast! For information on how to participate check out the <a href="https://www.smogon.com/tools/suspects/view/200">suspect thread</a>.</strong></div>
|j|☆Koko497
|j|☆bryanblud
|t:|1776148221
|gametype|singles
|player|p1|Koko497|ghetsis-gen5bw|1298
|player|p2|bryanblud|mars|1358
|gen|9
|tier|[Gen 9] OU
|rated|
|rule|HP Percentage Mod: HP is shown in percentages
|rule|Endless Battle Clause: Forcing endless battles is banned
|rule|Species Clause: Limit one of each Pokémon
|rule|OHKO Clause: OHKO moves are banned
|rule|Evasion Items Clause: Evasion items are banned
|rule|Evasion Moves Clause: Evasion moves are banned
|rule|Evasion Abilities Clause: Evasion abilities are banned
|rule|Sleep Moves Clause: Sleep-inducing moves are banned
|clearpoke
|poke|p1|Kingambit, F|
|poke|p1|Cinderace, F|
|poke|p1|Landorus-Therian, M|
|poke|p1|Iron Valiant|
|poke|p1|Kyurem|
|poke|p1|Slowking-Galar, M|
|poke|p2|Dragapult, F|
|poke|p2|Alomomola, F|
|poke|p2|Ting-Lu|
|poke|p2|Kyurem|
|poke|p2|Weezing-Galar, F|
|poke|p2|Corviknight, F|
|teampreview
|inactive|Battle timer is ON: inactive players will automatically lose when time's up. (requested by bryanblud)
|inactive|Koko497 has 120 seconds left.
|
|t:|1776148256
|teamsize|p1|6
|teamsize|p2|6
|start
|switch|p1a: Homelandor|Landorus-Therian, M, shiny|100/100
|switch|p2a: Ting-Lu|Ting-Lu|100/100
|-ability|p1a: Homelandor|Intimidate|boost
|-unboost|p2a: Ting-Lu|atk|1
|-ability|p2a: Ting-Lu|Vessel of Ruin
|turn|1
|
|t:|1776148267
|move|p1a: Homelandor|Stealth Rock|p2a: Ting-Lu
|-sidestart|p2: bryanblud|move: Stealth Rock
|move|p2a: Ting-Lu|Stealth Rock|p1a: Homelandor
|-sidestart|p1: Koko497|move: Stealth Rock
|
|upkeep
|turn|2
|
|t:|1776148272
|move|p1a: Homelandor|U-turn|p2a: Ting-Lu
|-supereffective|p2a: Ting-Lu
|-damage|p2a: Ting-Lu|78/100
|
|t:|1776148292
|switch|p1a: Daenerys|Kingambit, F|100/100|[from] U-turn
|-damage|p1a: Daenerys|94/100|[from] Stealth Rock
|move|p2a: Ting-Lu|Ruination|p1a: Daenerys
|-damage|p1a: Daenerys|47/100
|
|-heal|p1a: Daenerys|54/100|[from] item: Leftovers
|-heal|p2a: Ting-Lu|84/100|[from] item: Leftovers
|upkeep
|turn|3
|
|t:|1776148305
|-end|p1a: Daenerys|fallenundefined|[silent]
|switch|p1a: Homelandor|Landorus-Therian, M, shiny|100/100
|-damage|p1a: Homelandor|88/100|[from] Stealth Rock
|-ability|p1a: Homelandor|Intimidate|boost
|-unboost|p2a: Ting-Lu|atk|1
|move|p2a: Ting-Lu|Whirlwind|p1a: Homelandor
|drag|p1a: Mr. Freeze|Kyurem, shiny|100/100
|-damage|p1a: Mr. Freeze|75/100|[from] Stealth Rock
|-ability|p1a: Mr. Freeze|Pressure
|
|-heal|p1a: Mr. Freeze|82/100|[from] item: Leftovers
|-heal|p2a: Ting-Lu|90/100|[from] item: Leftovers
|upkeep
|turn|4
|
|t:|1776148320
|switch|p1a: Homelandor|Landorus-Therian, M, shiny|88/100
|-damage|p1a: Homelandor|76/100|[from] Stealth Rock
|-ability|p1a: Homelandor|Intimidate|boost
|-unboost|p2a: Ting-Lu|atk|1
|move|p2a: Ting-Lu|Whirlwind|p1a: Homelandor
|drag|p1a: Daenerys|Kingambit, F|54/100
|-damage|p1a: Daenerys|47/100|[from] Stealth Rock
|
|-heal|p1a: Daenerys|54/100|[from] item: Leftovers
|-heal|p2a: Ting-Lu|96/100|[from] item: Leftovers
|upkeep
|turn|5
|
|t:|1776148337
|-end|p1a: Daenerys|fallenundefined|[silent]
|switch|p1a: Chillionaire|Slowking-Galar, M, shiny|100/100
|move|p2a: Ting-Lu|Whirlwind|p1a: Chillionaire
|drag|p1a: Mr. Freeze|Kyurem, shiny|82/100
|-damage|p1a: Mr. Freeze|57/100|[from] Stealth Rock
|-ability|p1a: Mr. Freeze|Pressure
|
|-heal|p1a: Mr. Freeze|63/100|[from] item: Leftovers
|-heal|p2a: Ting-Lu|100/100|[from] item: Leftovers
|upkeep
|turn|6
|
|t:|1776148351
|switch|p2a: Corviknight|Corviknight, F, shiny|100/100
|-damage|p2a: Corviknight|88/100|[from] Stealth Rock
|-ability|p2a: Corviknight|Pressure
|move|p1a: Mr. Freeze|Freeze-Dry|p2a: Corviknight
|-damage|p2a: Corviknight|62/100
|
|-heal|p1a: Mr. Freeze|69/100|[from] item: Leftovers
|-heal|p2a: Corviknight|68/100|[from] item: Leftovers
|upkeep
|turn|7
|
|t:|1776148364
|switch|p1a: Chillionaire|Slowking-Galar, M, shiny|100/100
|move|p2a: Corviknight|Roost|p2a: Corviknight
|-heal|p2a: Corviknight|100/100
|-singleturn|p2a: Corviknight|move: Roost
|
|upkeep
|turn|8
|
|t:|1776148373
|move|p2a: Corviknight|Brave Bird|p1a: Chillionaire
|-damage|p1a: Chillionaire|62/100
|-damage|p2a: Corviknight|88/100|[from] Recoil
|move|p1a: Chillionaire|Future Sight|p2a: Corviknight
|-start|p1a: Chillionaire|move: Future Sight
|
|-heal|p2a: Corviknight|94/100|[from] item: Leftovers
|upkeep
|turn|9
|
|t:|1776148383
|move|p2a: Corviknight|Brave Bird|p1a: Chillionaire
|-damage|p1a: Chillionaire|22/100
|-damage|p2a: Corviknight|81/100|[from] Recoil
|-prepare|p1a: Chillionaire|Chilly Reception|[premajor]
|move|p1a: Chillionaire|Chilly Reception|p1a: Chillionaire
|-weather|Snowscape
|
|t:|1776148390
|switch|p1a: Kristine|Cinderace, F, shiny|100/100|[from] Chilly Reception
|
|-weather|Snowscape|[upkeep]
|-heal|p2a: Corviknight|87/100|[from] item: Leftovers
|upkeep
|turn|10
|
|t:|1776148413
|switch|p2a: Ting-Lu|Ting-Lu|100/100
|-damage|p2a: Ting-Lu|94/100|[from] Stealth Rock
|-ability|p2a: Ting-Lu|Vessel of Ruin
|move|p1a: Kristine|Pyro Ball|p2a: Ting-Lu
|-damage|p2a: Ting-Lu|65/100
|
|-weather|Snowscape|[upkeep]
|-end|p2a: Ting-Lu|move: Future Sight
|-immune|p2a: Ting-Lu
|-heal|p2a: Ting-Lu|71/100|[from] item: Leftovers
|upkeep
|turn|11
|
|t:|1776148429
|move|p1a: Kristine|Will-O-Wisp|p2a: Ting-Lu
|-status|p2a: Ting-Lu|brn
|move|p2a: Ting-Lu|Earthquake|p1a: Kristine
|-supereffective|p1a: Kristine
|-damage|p1a: Kristine|44/100
|
|-weather|Snowscape|[upkeep]
|-heal|p2a: Ting-Lu|77/100 brn|[from] item: Leftovers
|-damage|p2a: Ting-Lu|71/100 brn|[from] brn
|upkeep
|turn|12
|
|t:|1776148440
|move|p1a: Kristine|U-turn|p2a: Ting-Lu
|-supereffective|p2a: Ting-Lu
|-damage|p2a: Ting-Lu|47/100 brn
|
|t:|1776148444
|switch|p1a: Homelandor|Landorus-Therian, M, shiny|76/100|[from] U-turn
|-damage|p1a: Homelandor|63/100|[from] Stealth Rock
|-ability|p1a: Homelandor|Intimidate|boost
|-unboost|p2a: Ting-Lu|atk|1
|move|p2a: Ting-Lu|Whirlwind|p1a: Homelandor
|drag|p1a: WALL-Y|Iron Valiant|100/100
|-damage|p1a: WALL-Y|94/100|[from] Stealth Rock
|-enditem|p1a: WALL-Y|Booster Energy
|-activate|p1a: WALL-Y|ability: Quark Drive|[fromitem]
|-start|p1a: WALL-Y|quarkdrivespe
|
|-weather|Snowscape|[upkeep]
|-heal|p2a: Ting-Lu|53/100 brn|[from] item: Leftovers
|-damage|p2a: Ting-Lu|47/100 brn|[from] brn
|upkeep
|turn|13
|inactive|Koko497 has 120 seconds left.
|
|t:|1776148465
|switch|p2a: Corviknight|Corviknight, F, shiny|87/100
|-damage|p2a: Corviknight|75/100|[from] Stealth Rock
|-ability|p2a: Corviknight|Pressure
|move|p1a: WALL-Y|Moonblast|p2a: Corviknight
|-resisted|p2a: Corviknight
|-crit|p2a: Corviknight
|-damage|p2a: Corviknight|51/100
|-unboost|p2a: Corviknight|spa|1
|
|-weather|none
|-heal|p2a: Corviknight|57/100|[from] item: Leftovers
|upkeep
|turn|14
|inactive|Koko497 has 120 seconds left.
|
|t:|1776148482
|-terastallize|p1a: WALL-Y|Ghost
|move|p1a: WALL-Y|Calm Mind|p1a: WALL-Y
|-boost|p1a: WALL-Y|spa|1
|-boost|p1a: WALL-Y|spd|1
|move|p2a: Corviknight|Roost|p2a: Corviknight
|-heal|p2a: Corviknight|100/100
|-singleturn|p2a: Corviknight|move: Roost
|
|upkeep
|turn|15
|inactive|Koko497 has 120 seconds left.
|
|t:|1776148491
|move|p1a: WALL-Y|Calm Mind|p1a: WALL-Y
|-boost|p1a: WALL-Y|spa|1
|-boost|p1a: WALL-Y|spd|1
|move|p2a: Corviknight|U-turn|p1a: WALL-Y
|-resisted|p1a: WALL-Y
|-damage|p1a: WALL-Y|85/100
|inactive|bryanblud has 120 seconds left.
|inactive|bryanblud has 90 seconds left.
|
|t:|1776148555
|switch|p2a: Kyurem|Kyurem|100/100|[from] U-turn
|-damage|p2a: Kyurem|75/100|[from] Stealth Rock
|-ability|p2a: Kyurem|Pressure
|
|-heal|p2a: Kyurem|82/100|[from] item: Leftovers
|upkeep
|turn|16
|
|t:|1776148564
|-terastallize|p2a: Kyurem|Steel
|move|p1a: WALL-Y|Moonblast|p2a: Kyurem
|-resisted|p2a: Kyurem
|-crit|p2a: Kyurem
|-damage|p2a: Kyurem|15/100
|move|p2a: Kyurem|Flash Cannon|p1a: WALL-Y
|-damage|p1a: WALL-Y|52/100
|
|-heal|p2a: Kyurem|21/100|[from] item: Leftovers
|upkeep
|turn|17
|
|t:|1776148577
|move|p1a: WALL-Y|Shadow Ball|p2a: Kyurem
|-damage|p2a: Kyurem|0 fnt
|faint|p2a: Kyurem
|
|upkeep
|
|t:|1776148579
|switch|p2a: Dragapult|Dragapult, F, shiny|100/100
|-damage|p2a: Dragapult|88/100|[from] Stealth Rock
|turn|18
|
|t:|1776148586
|move|p2a: Dragapult|Sucker Punch|p1a: WALL-Y
|-supereffective|p1a: WALL-Y
|-crit|p1a: WALL-Y
|-damage|p1a: WALL-Y|0 fnt
|faint|p1a: WALL-Y
|-end|p1a: WALL-Y|Quark Drive|[silent]
|
|upkeep
|
|t:|1776148601
|switch|p1a: Homelandor|Landorus-Therian, M, shiny|63/100
|-damage|p1a: Homelandor|51/100|[from] Stealth Rock
|-ability|p1a: Homelandor|Intimidate|boost
|-unboost|p2a: Dragapult|atk|1
|turn|19
|
|t:|1776148608
|switch|p2a: Corviknight|Corviknight, F, shiny|100/100
|-damage|p2a: Corviknight|88/100|[from] Stealth Rock
|-ability|p2a: Corviknight|Pressure
|move|p1a: Homelandor|U-turn|p2a: Corviknight
|-resisted|p2a: Corviknight
|-damage|p2a: Corviknight|84/100
|
|t:|1776148623
|switch|p1a: Kristine|Cinderace, F, shiny|44/100|[from] U-turn
|
|-heal|p2a: Corviknight|90/100|[from] item: Leftovers
|upkeep
|turn|20
|
|t:|1776148642
|switch|p2a: Alomomola|Alomomola, F|100/100
|-damage|p2a: Alomomola|88/100|[from] Stealth Rock
|move|p1a: Kristine|Pyro Ball|p2a: Alomomola
|-resisted|p2a: Alomomola
|-damage|p2a: Alomomola|74/100
|
|upkeep
|turn|21
|
|t:|1776148650
|move|p1a: Kristine|U-turn|p2a: Alomomola
|-damage|p2a: Alomomola|61/100
|-damage|p1a: Kristine|28/100|[from] item: Rocky Helmet|[of] p2a: Alomomola
|
|t:|1776148656
|switch|p1a: Chillionaire|Slowking-Galar, M, shiny|55/100|[from] U-turn
|move|p2a: Alomomola|Wish|p2a: Alomomola
|
|upkeep
|turn|22
|
|t:|1776148662
|move|p2a: Alomomola|Flip Turn|p1a: Chillionaire
|-damage|p1a: Chillionaire|39/100
|
|t:|1776148665
|switch|p2a: Ting-Lu|Ting-Lu|47/100 brn|[from] Flip Turn
|-damage|p2a: Ting-Lu|40/100 brn|[from] Stealth Rock
|-ability|p2a: Ting-Lu|Vessel of Ruin
|move|p1a: Chillionaire|Future Sight|p2a: Ting-Lu
|-start|p1a: Chillionaire|move: Future Sight
|
|-heal|p2a: Ting-Lu|92/100 brn|[from] move: Wish|[wisher] Alomomola
|-heal|p2a: Ting-Lu|99/100 brn|[from] item: Leftovers
|-damage|p2a: Ting-Lu|92/100 brn|[from] brn
|upkeep
|turn|23
|
|t:|1776148680
|switch|p1a: Homelandor|Landorus-Therian, M, shiny|51/100
|-damage|p1a: Homelandor|39/100|[from] Stealth Rock
|-ability|p1a: Homelandor|Intimidate|boost
|-unboost|p2a: Ting-Lu|atk|1
|move|p2a: Ting-Lu|Whirlwind|p1a: Homelandor
|drag|p1a: Mr. Freeze|Kyurem, shiny|69/100
|-damage|p1a: Mr. Freeze|44/100|[from] Stealth Rock
|-ability|p1a: Mr. Freeze|Pressure
|
|-heal|p1a: Mr. Freeze|50/100|[from] item: Leftovers
|-heal|p2a: Ting-Lu|99/100 brn|[from] item: Leftovers
|-damage|p2a: Ting-Lu|92/100 brn|[from] brn
|upkeep
|turn|24
|
|t:|1776148705
|move|p1a: Mr. Freeze|Freeze-Dry|p2a: Ting-Lu
|-supereffective|p2a: Ting-Lu
|-crit|p2a: Ting-Lu
|-damage|p2a: Ting-Lu|49/100 brn
|move|p2a: Ting-Lu|Whirlwind|p1a: Mr. Freeze
|drag|p1a: Homelandor|Landorus-Therian, M, shiny|39/100
|-damage|p1a: Homelandor|26/100|[from] Stealth Rock
|-ability|p1a: Homelandor|Intimidate|boost
|-unboost|p2a: Ting-Lu|atk|1
|
|-end|p2a: Ting-Lu|move: Future Sight
|-immune|p2a: Ting-Lu
|-heal|p2a: Ting-Lu|55/100 brn|[from] item: Leftovers
|-damage|p2a: Ting-Lu|49/100 brn|[from] brn
|upkeep
|turn|25
|inactive|Koko497 has 120 seconds left.
|
|t:|1776148721
|switch|p2a: Alomomola|Alomomola, F|94/100
|-damage|p2a: Alomomola|82/100|[from] Stealth Rock
|move|p1a: Homelandor|U-turn|p2a: Alomomola
|-damage|p2a: Alomomola|71/100
|-damage|p1a: Homelandor|10/100|[from] item: Rocky Helmet|[of] p2a: Alomomola
|inactive|Koko497 has 120 seconds left.
|
|t:|1776148729
|switch|p1a: Mr. Freeze|Kyurem, shiny|50/100|[from] U-turn
|-damage|p1a: Mr. Freeze|25/100|[from] Stealth Rock
|-ability|p1a: Mr. Freeze|Pressure
|
|-heal|p1a: Mr. Freeze|31/100|[from] item: Leftovers
|upkeep
|turn|26
|
|t:|1776148739
|switch|p2a: Corviknight|Corviknight, F, shiny|90/100
|-damage|p2a: Corviknight|77/100|[from] Stealth Rock
|-ability|p2a: Corviknight|Pressure
|move|p1a: Mr. Freeze|Substitute|p1a: Mr. Freeze
|-start|p1a: Mr. Freeze|Substitute
|-damage|p1a: Mr. Freeze|6/100
|
|-heal|p1a: Mr. Freeze|13/100|[from] item: Leftovers
|-heal|p2a: Corviknight|84/100|[from] item: Leftovers
|upkeep
|turn|27
|
|t:|1776148751
|move|p1a: Mr. Freeze|Freeze-Dry|p2a: Corviknight
|-damage|p2a: Corviknight|60/100
|move|p2a: Corviknight|Brave Bird|p1a: Mr. Freeze
|-end|p1a: Mr. Freeze|Substitute
|-damage|p2a: Corviknight|52/100|[from] Recoil|[of] p1a: Mr. Freeze
|
|-heal|p1a: Mr. Freeze|19/100|[from] item: Leftovers
|-heal|p2a: Corviknight|58/100|[from] item: Leftovers
|upkeep
|turn|28
|
|t:|1776148763
|move|p1a: Mr. Freeze|Freeze-Dry|p2a: Corviknight
|-damage|p2a: Corviknight|34/100
|-status|p2a: Corviknight|frz
|cant|p2a: Corviknight|frz
|
|-heal|p1a: Mr. Freeze|25/100|[from] item: Leftovers
|-heal|p2a: Corviknight|41/100 frz|[from] item: Leftovers
|upkeep
|turn|29
|
|t:|1776148772
|move|p1a: Mr. Freeze|Substitute|p1a: Mr. Freeze
|-fail|p1a: Mr. Freeze|move: Substitute|[weak]
|cant|p2a: Corviknight|frz
|
|-heal|p1a: Mr. Freeze|31/100|[from] item: Leftovers
|-heal|p2a: Corviknight|47/100 frz|[from] item: Leftovers
|upkeep
|turn|30
|
|t:|1776148781
|move|p1a: Mr. Freeze|Substitute|p1a: Mr. Freeze
|-start|p1a: Mr. Freeze|Substitute
|-damage|p1a: Mr. Freeze|6/100
|cant|p2a: Corviknight|frz
|
|-heal|p1a: Mr. Freeze|12/100|[from] item: Leftovers
|-heal|p2a: Corviknight|53/100 frz|[from] item: Leftovers
|upkeep
|turn|31
|
|t:|1776148792
|move|p1a: Mr. Freeze|Freeze-Dry|p2a: Corviknight
|-damage|p2a: Corviknight|28/100 frz
|-curestatus|p2a: Corviknight|frz|[msg]
|move|p2a: Corviknight|Roost|p2a: Corviknight
|-heal|p2a: Corviknight|78/100
|-singleturn|p2a: Corviknight|move: Roost
|
|-heal|p1a: Mr. Freeze|19/100|[from] item: Leftovers
|-heal|p2a: Corviknight|85/100|[from] item: Leftovers
|upkeep
|turn|32
|
|t:|1776148806
|move|p1a: Mr. Freeze|Freeze-Dry|p2a: Corviknight
|-damage|p2a: Corviknight|62/100
|move|p2a: Corviknight|U-turn|p1a: Mr. Freeze
|-activate|p1a: Mr. Freeze|move: Substitute|[damage]
|
|t:|1776148808
|switch|p2a: Dragapult|Dragapult, F, shiny|88/100|[from] U-turn
|-damage|p2a: Dragapult|76/100|[from] Stealth Rock
|
|-heal|p1a: Mr. Freeze|25/100|[from] item: Leftovers
|upkeep
|turn|33
|
|t:|1776148821
|move|p2a: Dragapult|Dragon Darts|p1a: Mr. Freeze
|-supereffective|p1a: Mr. Freeze
|-damage|p1a: Mr. Freeze|0 fnt
|faint|p1a: Mr. Freeze
|
|upkeep
|
|t:|1776148828
|switch|p1a: Daenerys|Kingambit, F|54/100
|-damage|p1a: Daenerys|47/100|[from] Stealth Rock
|-activate|p1a: Daenerys|ability: Supreme Overlord
|-start|p1a: Daenerys|fallen2|[silent]
|turn|34
|
|t:|1776148834
|switch|p2a: Alomomola|Alomomola, F|100/100
|-damage|p2a: Alomomola|88/100|[from] Stealth Rock
|move|p1a: Daenerys|Swords Dance|p1a: Daenerys
|-boost|p1a: Daenerys|atk|2
|
|-heal|p1a: Daenerys|54/100|[from] item: Leftovers
|upkeep
|turn|35
|
|t:|1776148844
|move|p1a: Daenerys|Swords Dance|p1a: Daenerys
|-boost|p1a: Daenerys|atk|2
|move|p2a: Alomomola|Flip Turn|p1a: Daenerys
|-damage|p1a: Daenerys|42/100
|
|t:|1776148851
|switch|p2a: Weezing|Weezing-Galar, F|100/100|[from] Flip Turn
|-ability|p2a: Weezing|Neutralizing Gas
|-damage|p2a: Weezing|88/100|[from] Stealth Rock
|
|-heal|p2a: Weezing|94/100|[from] item: Leftovers
|-heal|p1a: Daenerys|48/100|[from] item: Leftovers
|upkeep
|turn|36
|
|t:|1776148864
|move|p2a: Weezing|Will-O-Wisp|p1a: Daenerys
|-status|p1a: Daenerys|brn
|move|p1a: Daenerys|Iron Head|p2a: Weezing
|-supereffective|p2a: Weezing
|-damage|p2a: Weezing|0 fnt
|faint|p2a: Weezing
|-end|p2a: Weezing|ability: Neutralizing Gas
|-activate|p1a: Daenerys|ability: Supreme Overlord
|-start|p1a: Daenerys|fallen2|[silent]
|
|-heal|p1a: Daenerys|54/100 brn|[from] item: Leftovers
|-damage|p1a: Daenerys|48/100 brn|[from] brn
|upkeep
|
|t:|1776148873
|switch|p2a: Alomomola|Alomomola, F|100/100
|-damage|p2a: Alomomola|88/100|[from] Stealth Rock
|turn|37
|
|t:|1776148884
|move|p1a: Daenerys|Swords Dance|p1a: Daenerys
|-boost|p1a: Daenerys|atk|2
|move|p2a: Alomomola|Tickle|p1a: Daenerys
|-unboost|p1a: Daenerys|atk|1
|-unboost|p1a: Daenerys|def|1
|
|-heal|p1a: Daenerys|54/100 brn|[from] item: Leftovers
|-damage|p1a: Daenerys|48/100 brn|[from] brn
|upkeep
|turn|38
|
|t:|1776148898
|move|p1a: Daenerys|Kowtow Cleave|p2a: Alomomola
|-damage|p2a: Alomomola|30/100
|-damage|p1a: Daenerys|31/100 brn|[from] item: Rocky Helmet|[of] p2a: Alomomola
|move|p2a: Alomomola|Wish|p2a: Alomomola
|
|-heal|p1a: Daenerys|37/100 brn|[from] item: Leftovers
|-damage|p1a: Daenerys|31/100 brn|[from] brn
|upkeep
|turn|39
|
|t:|1776148908
|move|p2a: Alomomola|Protect|p2a: Alomomola
|-singleturn|p2a: Alomomola|Protect
|move|p1a: Daenerys|Swords Dance|p1a: Daenerys
|-boost|p1a: Daenerys|atk|1
|
|-heal|p2a: Alomomola|80/100|[from] move: Wish|[wisher] Alomomola
|-heal|p1a: Daenerys|37/100 brn|[from] item: Leftovers
|-damage|p1a: Daenerys|31/100 brn|[from] brn
|upkeep
|turn|40
|
|t:|1776148922
|move|p1a: Daenerys|Kowtow Cleave|p2a: Alomomola
|-damage|p2a: Alomomola|18/100
|-damage|p1a: Daenerys|14/100 brn|[from] item: Rocky Helmet|[of] p2a: Alomomola
|move|p2a: Alomomola|Flip Turn|p1a: Daenerys
|-damage|p1a: Daenerys|0 fnt
|faint|p1a: Daenerys
|-end|p1a: Daenerys|fallen2|[silent]
|
|t:|1776148929
|switch|p2a: Dragapult|Dragapult, F, shiny|76/100|[from] Flip Turn
|-damage|p2a: Dragapult|64/100|[from] Stealth Rock
|
|upkeep
|
|t:|1776148936
|switch|p1a: Kristine|Cinderace, F, shiny|28/100
|turn|41
|
|t:|1776148948
|move|p2a: Dragapult|Dragon Darts|p1a: Kristine
|-damage|p1a: Kristine|0 fnt
|faint|p1a: Kristine
|
|upkeep
|-message|Koko497 forfeited.
|
|win|bryanblud
|raw|Koko497's rating: 1298 &rarr; <strong>1277</strong><br />(-21 for losing)
|raw|bryanblud's rating: 1358 &rarr; <strong>1375</strong><br />(+17 for winning)
