|html|<div class="broadcast-blue"><strong>[Gen 9] OU is currently suspecting Tera Blast! For information on how to participate check out the <a href="https://www.smogon.com/tools/suspects/view/200">suspect thread</a>.</strong></div>
|j|☆stootic
|j|☆skolem
|t:|1776075441
|gametype|singles
|player|p1|stootic|volkner|1325
|player|p2|skolem|maylene|1376
|gen|9
|tier|[Gen 9] OU
|rated|
|rule|HP Percentage Mod: HP is shown in percentages
|rule|Endless Battle Clause: Forcing endless battles is banned
|rule|Species Clause: Limit one of each Pokémon
|rule|OHKO Clause: OHKO moves are banned
|rule|Evasion Items Clause: Evasion items are banned
|rule|Evasion Moves Clause: Evasion moves are banned
|rule|Evasion Abilities Clause: Evasion abilities are banned
|rule|Sleep Moves Clause: Sleep-inducing moves are banned
|clearpoke
|poke|p1|Weavile, F|
|poke|p1|Hydrapple, F|
|poke|p1|Ting-Lu|
|poke|p1|Alomomola, F|
|poke|p1|Gholdengo|
|poke|p1|Gliscor, M|
|poke|p2|Salazzle, F|
|poke|p2|Torkoal, M|
|poke|p2|Hatterene, F|
|poke|p2|Walking Wake|
|poke|p2|Kingambit, M|
|poke|p2|Lilligant-Hisui, F|
|teampreview
|inactive|Battle timer is ON: inactive players will automatically lose when time's up. (requested by stootic)
|
|t:|1776075459
|teamsize|p1|6
|teamsize|p2|6
|start
|switch|p1a: Gliscor|Gliscor, M|100/100
|switch|p2a: Kingambit|Kingambit, M, shiny|100/100
|-item|p2a: Kingambit|Air Balloon
|turn|1
|
|t:|1776075466
|move|p1a: Gliscor|Stealth Rock|p2a: Kingambit
|-sidestart|p2: skolem|move: Stealth Rock
|move|p2a: Kingambit|Swords Dance|p2a: Kingambit
|-boost|p2a: Kingambit|atk|2
|
|-status|p1a: Gliscor|tox|[from] item: Toxic Orb
|upkeep
|turn|2
|
|t:|1776075470
|switch|p1a: Ting-Lu|Ting-Lu|100/100
|-ability|p1a: Ting-Lu|Vessel of Ruin
|move|p2a: Kingambit|Iron Head|p1a: Ting-Lu
|-damage|p1a: Ting-Lu|57/100
|
|-heal|p1a: Ting-Lu|63/100|[from] item: Leftovers
|upkeep
|turn|3
|
|t:|1776075476
|move|p2a: Kingambit|Low Kick|p1a: Ting-Lu
|-supereffective|p1a: Ting-Lu
|-damage|p1a: Ting-Lu|0 fnt
|faint|p1a: Ting-Lu
|
|upkeep
|
|t:|1776075478
|switch|p1a: Gholdengo|Gholdengo|100/100
|-item|p1a: Gholdengo|Air Balloon
|turn|4
|
|t:|1776075484
|-terastallize|p1a: Gholdengo|Fighting
|move|p2a: Kingambit|Sucker Punch|p1a: Gholdengo
|-resisted|p1a: Gholdengo
|-damage|p1a: Gholdengo|59/100
|-enditem|p1a: Gholdengo|Air Balloon
|move|p1a: Gholdengo|Focus Blast|p2a: Kingambit
|-supereffective|p2a: Kingambit
|-damage|p2a: Kingambit|0 fnt
|-enditem|p2a: Kingambit|Air Balloon
|faint|p2a: Kingambit
|-end|p2a: Kingambit|fallenundefined|[silent]
|
|upkeep
|
|t:|1776075496
|switch|p2a: Torkoal|Torkoal, M, shiny|100/100
|-damage|p2a: Torkoal|76/100|[from] Stealth Rock
|-weather|SunnyDay|[from] ability: Drought|[of] p2a: Torkoal
|turn|5
|
|t:|1776075499
|move|p1a: Gholdengo|Focus Blast|p2a: Torkoal|[miss]
|-miss|p1a: Gholdengo|p2a: Torkoal
|move|p2a: Torkoal|Stealth Rock|p1a: Gholdengo
|-sidestart|p1: stootic|move: Stealth Rock
|
|-weather|SunnyDay|[upkeep]
|upkeep
|turn|6
|
|t:|1776075504
|move|p1a: Gholdengo|Focus Blast|p2a: Torkoal
|-damage|p2a: Torkoal|15/100
|move|p2a: Torkoal|Rapid Spin|p1a: Gholdengo
|-damage|p1a: Gholdengo|48/100
|-boost|p2a: Torkoal|spe|1
|-sideend|p2: skolem|Stealth Rock|[from] move: Rapid Spin|[of] p2a: Torkoal
|
|-weather|SunnyDay|[upkeep]
|upkeep
|turn|7
|
|t:|1776075509
|switch|p2a: Hatterene|Hatterene, F, shiny|100/100
|move|p1a: Gholdengo|Shadow Ball|p2a: Hatterene
|-supereffective|p2a: Hatterene
|-damage|p2a: Hatterene|13/100
|
|-weather|SunnyDay|[upkeep]
|upkeep
|turn|8
|
|t:|1776075517
|move|p1a: Gholdengo|Shadow Ball|p2a: Hatterene
|-supereffective|p2a: Hatterene
|-damage|p2a: Hatterene|0 fnt
|faint|p2a: Hatterene
|
|-weather|SunnyDay|[upkeep]
|upkeep
|
|t:|1776075519
|switch|p2a: Walking Wake|Walking Wake|100/100
|-activate|p2a: Walking Wake|ability: Protosynthesis
|-start|p2a: Walking Wake|protosynthesisspe
|turn|9
|
|t:|1776075526
|move|p2a: Walking Wake|Hydro Steam|p1a: Gholdengo
|-damage|p1a: Gholdengo|0 fnt
|faint|p1a: Gholdengo
|
|-weather|SunnyDay|[upkeep]
|upkeep
|
|t:|1776075528
|switch|p1a: Alomomola|Alomomola, F|100/100
|turn|10
|
|t:|1776075538
|move|p2a: Walking Wake|Hydro Steam|p1a: Alomomola
|-resisted|p1a: Alomomola
|-damage|p1a: Alomomola|48/100
|move|p1a: Alomomola|Wish|p1a: Alomomola
|
|-weather|SunnyDay|[upkeep]
|upkeep
|turn|11
|
|t:|1776075541
|-end|p2a: Walking Wake|Protosynthesis|[silent]
|switch|p2a: Lilligant|Lilligant-Hisui, F, shiny|100/100
|move|p1a: Alomomola|Protect||[still]
|-fail|p1a: Alomomola
|
|-weather|SunnyDay|[upkeep]
|-heal|p1a: Alomomola|98/100|[from] move: Wish|[wisher] Alomomola
|upkeep
|turn|12
|
|t:|1776075544
|move|p2a: Lilligant|Victory Dance|p2a: Lilligant
|-boost|p2a: Lilligant|atk|1
|-boost|p2a: Lilligant|def|1
|-boost|p2a: Lilligant|spe|1
|move|p1a: Alomomola|Scald|p2a: Lilligant
|-resisted|p2a: Lilligant
|-damage|p2a: Lilligant|96/100
|
|-weather|none
|upkeep
|turn|13
|
|t:|1776075547
|move|p2a: Lilligant|Bullet Seed|p1a: Alomomola
|-supereffective|p1a: Alomomola
|-damage|p1a: Alomomola|77/100
|-supereffective|p1a: Alomomola
|-damage|p1a: Alomomola|56/100
|-supereffective|p1a: Alomomola
|-damage|p1a: Alomomola|36/100
|-supereffective|p1a: Alomomola
|-damage|p1a: Alomomola|15/100
|-supereffective|p1a: Alomomola
|-damage|p1a: Alomomola|0 fnt
|faint|p1a: Alomomola
|-hitcount|p1: Alomomola|5
|
|upkeep
|
|t:|1776075551
|switch|p1a: Hydrapple|Hydrapple, F, shiny|100/100
|turn|14
|
|t:|1776075554
|move|p2a: Lilligant|Triple Axel|p1a: Hydrapple
|-supereffective|p1a: Hydrapple
|-damage|p1a: Hydrapple|78/100
|-supereffective|p1a: Hydrapple
|-damage|p1a: Hydrapple|37/100
|-supereffective|p1a: Hydrapple
|-damage|p1a: Hydrapple|0 fnt
|faint|p1a: Hydrapple
|-hitcount|p1: Hydrapple|3
|
|upkeep
|
|t:|1776075557
|switch|p1a: Weavile|Weavile, F|100/100
|-ability|p1a: Weavile|Pressure
|turn|15
|
|t:|1776075559
|move|p2a: Lilligant|Bullet Seed|p1a: Weavile
|-damage|p1a: Weavile|66/100
|-damage|p1a: Weavile|34/100
|-crit|p1a: Weavile
|-damage|p1a: Weavile|0 fnt
|faint|p1a: Weavile
|-hitcount|p1: Weavile|3
|
|upkeep
|-message|stootic forfeited.
|
|win|skolem
|raw|stootic's rating: 1325 &rarr; <strong>1308</strong><br />(-17 for losing)
|raw|skolem's rating: 1376 &rarr; <strong>1393</strong><br />(+17 for winning)
|l|☆stootic
|player|p1|
|l|☆skolem
|player|p2|
