|html|<div class="broadcast-blue"><strong>[Gen 9] OU is currently suspecting Tera Blast! For information on how to participate check out the <a href="https://www.smogon.com/tools/suspects/view/200">suspect thread</a>.</strong></div>
|j|☆jamesx-x-x-x-x
|j|☆Samarand
|t:|1776107691
|gametype|singles
|player|p1|jamesx-x-x-x-x|169|1553
|player|p2|Samarand|birdkeeper-gen4dp|1485
|gen|9
|tier|[Gen 9] OU
|rated|
|rule|HP Percentage Mod: HP is shown in percentages
|rule|Endless Battle Clause: Forcing endless battles is banned
|rule|Species Clause: Limit one of each Pokémon
|rule|OHKO Clause: OHKO moves are banned
|rule|Evasion Items Clause: Evasion items are banned
|rule|Evasion Moves Clause: Evasion moves are banned
|rule|Evasion Abilities Clause: Evasion abilities are banned
|rule|Sleep Moves Clause: Sleep-inducing moves are banned
|clearpoke
|poke|p1|Gholdengo|
|poke|p1|Araquanid, F|
|poke|p1|Ting-Lu|
|poke|p1|Raging Bolt|
|poke|p1|Great Tusk|
|poke|p1|Enamorus, F|
|poke|p2|Infernape, M|
|poke|p2|Delphox, F|
|poke|p2|Walking Wake|
|poke|p2|Leafeon, M|
|poke|p2|Ninetales, F|
|poke|p2|Great Tusk|
|teampreview
|j| kopwdkmw
|inactive|Battle timer is ON: inactive players will automatically lose when time's up. (requested by jamesx-x-x-x-x)
|inactive|Samarand has 120 seconds left.
|
|t:|1776107734
|teamsize|p1|6
|teamsize|p2|6
|start
|switch|p1a: Araquanid|Araquanid, F|100/100
|switch|p2a: Dave|Infernape, M|100/100
|turn|1
|
|t:|1776107747
|move|p2a: Dave|Taunt|p1a: Araquanid
|-start|p1a: Araquanid|move: Taunt
|cant|p1a: Araquanid|move: Taunt|Sticky Web
|
|upkeep
|turn|2
|
|t:|1776107761
|move|p2a: Dave|Stealth Rock|p1a: Araquanid
|-sidestart|p1: jamesx-x-x-x-x|move: Stealth Rock
|move|p1a: Araquanid|Surf|p2a: Dave
|-supereffective|p2a: Dave
|-enditem|p2a: Dave|Focus Sash
|-damage|p2a: Dave|1/100
|
|upkeep
|turn|3
|l|☆Samarand
|inactive|Samarand disconnected and has a minute to reconnect!
|player|p2|
|inactive|Samarand has 30 seconds to reconnect!
|j|☆Samarand
|inactive|Samarand reconnected and has 105 seconds left.
|player|p2|Samarand|birdkeeper-gen4dp|
|
|t:|1776107809
|switch|p2a: Eleya|Ninetales, F|100/100
|-weather|SunnyDay|[from] ability: Drought|[of] p2a: Eleya
|move|p1a: Araquanid|Surf|p2a: Eleya
|-supereffective|p2a: Eleya
|-damage|p2a: Eleya|66/100
|
|-weather|SunnyDay|[upkeep]
|-end|p1a: Araquanid|move: Taunt
|upkeep
|turn|4
|
|t:|1776107828
|move|p2a: Eleya|Encore|p1a: Araquanid
|-start|p1a: Araquanid|Encore
|move|p1a: Araquanid|Surf|p2a: Eleya
|-supereffective|p2a: Eleya
|-damage|p2a: Eleya|33/100
|
|-weather|SunnyDay|[upkeep]
|upkeep
|turn|5
|
|t:|1776107835
|switch|p2a: Hans|Leafeon, M|100/100
|move|p1a: Araquanid|Surf|p2a: Hans
|-resisted|p2a: Hans
|-damage|p2a: Hans|85/100
|
|-weather|SunnyDay|[upkeep]
|upkeep
|turn|6
|
|t:|1776107845
|switch|p1a: Raging Bolt|Raging Bolt|100/100
|-damage|p1a: Raging Bolt|88/100|[from] Stealth Rock
|-activate|p1a: Raging Bolt|ability: Protosynthesis
|-start|p1a: Raging Bolt|protosynthesisspa
|move|p2a: Hans|Substitute|p2a: Hans
|-start|p2a: Hans|Substitute
|-damage|p2a: Hans|61/100
|
|-weather|SunnyDay|[upkeep]
|upkeep
|turn|7
|
|t:|1776107855
|move|p2a: Hans|Solar Blade||[still]
|-prepare|p2a: Hans|Solar Blade
|-anim|p2a: Hans|Solar Blade|p1a: Raging Bolt
|-resisted|p1a: Raging Bolt
|-damage|p1a: Raging Bolt|52/100
|-damage|p2a: Hans|51/100|[from] item: Life Orb
|move|p1a: Raging Bolt|Thunderbolt|p2a: Hans
|-resisted|p2a: Hans
|-end|p2a: Hans|Substitute
|-damage|p1a: Raging Bolt|42/100|[from] item: Life Orb
|
|-weather|SunnyDay|[upkeep]
|upkeep
|turn|8
|l| kopwdkmw
|
|t:|1776107869
|switch|p2a: Dave|Infernape, M|1/100
|move|p1a: Raging Bolt|Thunderbolt|p2a: Dave
|-damage|p2a: Dave|0 fnt
|faint|p2a: Dave
|-damage|p1a: Raging Bolt|32/100|[from] item: Life Orb
|
|-weather|SunnyDay|[upkeep]
|upkeep
|
|t:|1776107875
|switch|p2a: Turbo Genius|Great Tusk|100/100
|-activate|p2a: Turbo Genius|ability: Protosynthesis
|-start|p2a: Turbo Genius|protosynthesisatk
|turn|9
|
|t:|1776107884
|move|p1a: Raging Bolt|Draco Meteor|p2a: Turbo Genius
|-damage|p2a: Turbo Genius|0 fnt
|-unboost|p1a: Raging Bolt|spa|2
|faint|p2a: Turbo Genius
|-end|p2a: Turbo Genius|Protosynthesis|[silent]
|-damage|p1a: Raging Bolt|22/100|[from] item: Life Orb
|
|-weather|SunnyDay|[upkeep]
|upkeep
|
|t:|1776107893
|switch|p2a: Hecate|Delphox, F|100/100
|turn|10
|
|t:|1776107896
|move|p1a: Raging Bolt|Thunderclap|p2a: Hecate
|-damage|p2a: Hecate|63/100
|-damage|p1a: Raging Bolt|12/100|[from] item: Life Orb
|move|p2a: Hecate|Flamethrower|p1a: Raging Bolt
|-resisted|p1a: Raging Bolt
|-damage|p1a: Raging Bolt|0 fnt
|faint|p1a: Raging Bolt
|-end|p1a: Raging Bolt|Protosynthesis|[silent]
|
|-weather|none
|upkeep
|
|t:|1776107905
|switch|p1a: Araquanid|Araquanid, F|100/100
|-damage|p1a: Araquanid|76/100|[from] Stealth Rock
|turn|11
|
|t:|1776107909
|switch|p2a: Eleya|Ninetales, F|33/100
|-weather|SunnyDay|[from] ability: Drought|[of] p2a: Eleya
|move|p1a: Araquanid|Sticky Web|p2a: Eleya
|-sidestart|p2: Samarand|move: Sticky Web
|
|-weather|SunnyDay|[upkeep]
|upkeep
|turn|12
|
|t:|1776107916
|switch|p1a: Ting-Lu|Ting-Lu|100/100
|-damage|p1a: Ting-Lu|94/100|[from] Stealth Rock
|-ability|p1a: Ting-Lu|Vessel of Ruin
|move|p2a: Eleya|Flamethrower|p1a: Ting-Lu
|-damage|p1a: Ting-Lu|69/100
|
|-weather|SunnyDay|[upkeep]
|-heal|p1a: Ting-Lu|75/100|[from] item: Leftovers
|upkeep
|turn|13
|
|t:|1776107921
|move|p2a: Eleya|Will-O-Wisp|p1a: Ting-Lu|[miss]
|-miss|p2a: Eleya|p1a: Ting-Lu
|move|p1a: Ting-Lu|Spikes|p2a: Eleya
|-sidestart|p2: Samarand|Spikes
|
|-weather|SunnyDay|[upkeep]
|-heal|p1a: Ting-Lu|81/100|[from] item: Leftovers
|upkeep
|turn|14
|
|t:|1776107924
|move|p2a: Eleya|Will-O-Wisp|p1a: Ting-Lu
|-status|p1a: Ting-Lu|brn
|move|p1a: Ting-Lu|Spikes|p2a: Eleya
|-sidestart|p2: Samarand|Spikes
|
|-weather|SunnyDay|[upkeep]
|-heal|p1a: Ting-Lu|88/100 brn|[from] item: Leftovers
|-damage|p1a: Ting-Lu|81/100 brn|[from] brn
|upkeep
|turn|15
|
|t:|1776107928
|move|p2a: Eleya|Healing Wish|p2a: Eleya
|faint|p2a: Eleya
|move|p1a: Ting-Lu|Spikes|p2: Eleya
|-sidestart|p2: Samarand|Spikes
|
|-weather|SunnyDay|[upkeep]
|-heal|p1a: Ting-Lu|88/100 brn|[from] item: Leftovers
|-damage|p1a: Ting-Lu|81/100 brn|[from] brn
|upkeep
|
|t:|1776107930
|switch|p2a: Hans|Leafeon, M|51/100
|-heal|p2a: Hans|100/100|[from] move: Healing Wish
|-activate|p2a: Hans|move: Sticky Web
|-unboost|p2a: Hans|spe|1
|-damage|p2a: Hans|76/100|[from] Spikes
|turn|16
|
|t:|1776107936
|move|p2a: Hans|Solar Blade||[still]
|-prepare|p2a: Hans|Solar Blade
|-anim|p2a: Hans|Solar Blade|p1a: Ting-Lu
|-supereffective|p1a: Ting-Lu
|-damage|p1a: Ting-Lu|8/100 brn
|-damage|p2a: Hans|66/100|[from] item: Life Orb
|move|p1a: Ting-Lu|Whirlwind|p2a: Hans
|drag|p2a: Biscuit|Walking Wake|100/100
|-activate|p2a: Biscuit|move: Sticky Web
|-unboost|p2a: Biscuit|spe|1
|-damage|p2a: Biscuit|76/100|[from] Spikes
|-activate|p2a: Biscuit|ability: Protosynthesis
|-start|p2a: Biscuit|protosynthesisspa
|
|-weather|SunnyDay|[upkeep]
|-heal|p1a: Ting-Lu|14/100 brn|[from] item: Leftovers
|-damage|p1a: Ting-Lu|8/100 brn|[from] brn
|upkeep
|turn|17
|
|t:|1776107943
|move|p2a: Biscuit|Hydro Steam|p1a: Ting-Lu
|-supereffective|p1a: Ting-Lu
|-damage|p1a: Ting-Lu|0 fnt
|faint|p1a: Ting-Lu
|
|-weather|SunnyDay|[upkeep]
|upkeep
|
|t:|1776107950
|switch|p1a: Araquanid|Araquanid, F|76/100
|-damage|p1a: Araquanid|51/100|[from] Stealth Rock
|turn|18
|
|t:|1776107960
|-terastallize|p2a: Biscuit|Water
|move|p2a: Biscuit|Hydro Steam|p1a: Araquanid
|-resisted|p1a: Araquanid
|-damage|p1a: Araquanid|20/100
|move|p1a: Araquanid|Surf|p2a: Biscuit
|-resisted|p2a: Biscuit
|-damage|p2a: Biscuit|65/100
|
|-weather|none
|-end|p2a: Biscuit|Protosynthesis
|upkeep
|turn|19
|-enditem|p1a: Araquanid|Custap Berry|[eat]
|-activate|p1a: Araquanid|item: Custap Berry|[consumed]
|
|t:|1776107967
|move|p1a: Araquanid|Endeavor|p2a: Biscuit
|-damage|p2a: Biscuit|20/100
|move|p2a: Biscuit|Hydro Steam|p1a: Araquanid
|-resisted|p1a: Araquanid
|-damage|p1a: Araquanid|5/100
|
|upkeep
|turn|20
|-message|Samarand forfeited.
|
|win|jamesx-x-x-x-x
|raw|jamesx-x-x-x-x's rating: 1553 &rarr; <strong>1569</strong><br />(+16 for winning)
|raw|Samarand's rating: 1485 &rarr; <strong>1469</strong><br />(-16 for losing)
|l|☆Samarand
|player|p2|
|l|☆jamesx-x-x-x-x
|player|p1|
