|html|<div class="broadcast-blue"><strong>[Gen 9] OU is currently suspecting Tera Blast! For information on how to participate check out the <a href="https://www.smogon.com/tools/suspects/view/200">suspect thread</a>.</strong></div>
|j|☆Bestfroggieboy
|j|☆SteampunkFurret
|t:|1776068168
|gametype|singles
|player|p1|Bestfroggieboy|bellelba|1129
|player|p2|SteampunkFurret|lass-gen4dp|1078
|gen|9
|tier|[Gen 9] OU
|rated|
|rule|HP Percentage Mod: HP is shown in percentages
|rule|Endless Battle Clause: Forcing endless battles is banned
|rule|Species Clause: Limit one of each Pokémon
|rule|OHKO Clause: OHKO moves are banned
|rule|Evasion Items Clause: Evasion items are banned
|rule|Evasion Moves Clause: Evasion moves are banned
|rule|Evasion Abilities Clause: Evasion abilities are banned
|rule|Sleep Moves Clause: Sleep-inducing moves are banned
|clearpoke
|poke|p1|Delphox, M|
|poke|p1|Greninja-*, M|
|poke|p1|Chesnaught, F|
|poke|p1|Hawlucha, M|
|poke|p1|Volcanion|
|poke|p1|Hoopa-Unbound|
|poke|p2|Iron Valiant|
|poke|p2|Excadrill, M|
|poke|p2|Tyranitar, M|
|poke|p2|Tornadus-Therian, M|
|poke|p2|Ogerpon-Cornerstone, F|
|poke|p2|Toxapex, M|
|teampreview
|inactive|Battle timer is ON: inactive players will automatically lose when time's up. (requested by Bestfroggieboy)
|j| ohko_smeargle
|
|t:|1776068177
|teamsize|p1|6
|teamsize|p2|6
|start
|switch|p1a: Chesnaught|Chesnaught, F|100/100
|switch|p2a: Fujin|Tornadus-Therian, M, shiny|100/100
|turn|1
|
|t:|1776068190
|move|p2a: Fujin|Bleakwind Storm|p1a: Chesnaught
|-supereffective|p1a: Chesnaught
|-damage|p1a: Chesnaught|0 fnt
|faint|p1a: Chesnaught
|
|upkeep
|
|t:|1776068193
|switch|p1a: Greninja|Greninja, M|100/100
|turn|2
|
|t:|1776068205
|switch|p2a: Spirit Monger|Ogerpon-Cornerstone, F|100/100
|move|p1a: Greninja|Ice Beam|p2a: Spirit Monger
|-supereffective|p2a: Spirit Monger
|-damage|p2a: Spirit Monger|20/100
|-damage|p1a: Greninja|91/100|[from] item: Life Orb
|
|upkeep
|turn|3
|
|t:|1776068214
|switch|p2a: Rex|Tyranitar, M, shiny|100/100
|-weather|Sandstorm|[from] ability: Sand Stream|[of] p2a: Rex
|move|p1a: Greninja|Ice Beam|p2a: Rex
|-damage|p2a: Rex|77/100
|-damage|p1a: Greninja|81/100|[from] item: Life Orb
|
|-weather|Sandstorm|[upkeep]
|-damage|p1a: Greninja|75/100|[from] Sandstorm
|upkeep
|turn|4
|
|t:|1776068228
|switch|p2a: Serpentine|Toxapex, M, shiny|100/100
|move|p1a: Greninja|U-turn|p2a: Serpentine
|-resisted|p2a: Serpentine
|-damage|p2a: Serpentine|93/100
|-enditem|p2a: Serpentine|Eject Button
|-damage|p1a: Greninja|65/100|[from] item: Life Orb
|
|t:|1776068234
|switch|p2a: Impaler|Excadrill, M, shiny|100/100
|
|-weather|Sandstorm|[upkeep]
|-damage|p1a: Greninja|59/100|[from] Sandstorm
|upkeep
|turn|5
|
|t:|1776068243
|switch|p1a: Hawlucha|Hawlucha, M|100/100
|move|p2a: Impaler|Substitute|p2a: Impaler
|-start|p2a: Impaler|Substitute
|-damage|p2a: Impaler|76/100
|
|-weather|Sandstorm|[upkeep]
|-damage|p1a: Hawlucha|94/100|[from] Sandstorm
|-heal|p2a: Impaler|82/100|[from] item: Leftovers
|upkeep
|turn|6
|
|t:|1776068255
|move|p2a: Impaler|Rock Slide|p1a: Hawlucha
|-damage|p1a: Hawlucha|53/100
|move|p1a: Hawlucha|Close Combat|p2a: Impaler
|-supereffective|p2a: Impaler
|-end|p2a: Impaler|Substitute
|-unboost|p1a: Hawlucha|def|1
|-unboost|p1a: Hawlucha|spd|1
|-enditem|p1a: Hawlucha|White Herb
|-clearnegativeboost|p1a: Hawlucha|[silent]
|
|-weather|Sandstorm|[upkeep]
|-damage|p1a: Hawlucha|47/100|[from] Sandstorm
|-heal|p2a: Impaler|88/100|[from] item: Leftovers
|upkeep
|turn|7
|
|t:|1776068274
|switch|p2a: Serpentine|Toxapex, M, shiny|100/100
|move|p1a: Hawlucha|Close Combat|p2a: Serpentine
|-resisted|p2a: Serpentine
|-damage|p2a: Serpentine|82/100
|-unboost|p1a: Hawlucha|def|1
|-unboost|p1a: Hawlucha|spd|1
|
|-weather|Sandstorm|[upkeep]
|-damage|p1a: Hawlucha|41/100|[from] Sandstorm
|-damage|p2a: Serpentine|76/100|[from] Sandstorm
|upkeep
|turn|8
|
|t:|1776068290
|switch|p1a: Volcanion|Volcanion|100/100
|move|p2a: Serpentine|Toxic|p1a: Volcanion
|-status|p1a: Volcanion|tox
|
|-weather|Sandstorm|[upkeep]
|-damage|p1a: Volcanion|94/100 tox|[from] Sandstorm
|-damage|p2a: Serpentine|70/100|[from] Sandstorm
|-heal|p1a: Volcanion|100/100 tox|[from] item: Leftovers
|-damage|p1a: Volcanion|94/100 tox|[from] psn
|upkeep
|turn|9
|
|t:|1776068302
|switch|p2a: Fujin|Tornadus-Therian, M, shiny|100/100
|move|p1a: Volcanion|Earth Power|p2a: Fujin
|-immune|p2a: Fujin
|
|-weather|Sandstorm|[upkeep]
|-damage|p2a: Fujin|94/100|[from] Sandstorm
|-damage|p1a: Volcanion|88/100 tox|[from] Sandstorm
|-heal|p1a: Volcanion|94/100 tox|[from] item: Leftovers
|-damage|p1a: Volcanion|82/100 tox|[from] psn
|upkeep
|turn|10
|
|t:|1776068313
|move|p2a: Fujin|Weather Ball|p1a: Volcanion
|-supereffective|p1a: Volcanion
|-damage|p1a: Volcanion|0 fnt
|faint|p1a: Volcanion
|
|-weather|none
|upkeep
|
|t:|1776068319
|switch|p1a: Greninja|Greninja, M|59/100
|turn|11
|
|t:|1776068330
|switch|p2a: Spirit Monger|Ogerpon-Cornerstone, F|20/100
|move|p1a: Greninja|Ice Beam|p2a: Spirit Monger
|-supereffective|p2a: Spirit Monger
|-damage|p2a: Spirit Monger|0 fnt
|faint|p2a: Spirit Monger
|-ability|p1a: Greninja|Battle Bond|boost
|-boost|p1a: Greninja|atk|1
|-boost|p1a: Greninja|spa|1
|-boost|p1a: Greninja|spe|1
|-activate|p1a: Greninja|ability: Battle Bond
|-damage|p1a: Greninja|49/100|[from] item: Life Orb
|
|upkeep
|
|t:|1776068347
|switch|p2a: Calamity|Iron Valiant, shiny|100/100
|turn|12
|
|t:|1776068351
|move|p2a: Calamity|Vacuum Wave|p1a: Greninja
|-supereffective|p1a: Greninja
|-damage|p1a: Greninja|0 fnt
|faint|p1a: Greninja
|
|upkeep
|
|t:|1776068354
|switch|p1a: Hawlucha|Hawlucha, M|41/100
|turn|13
|
|t:|1776068365
|-end|p2a: Calamity|Quark Drive|[silent]
|switch|p2a: Serpentine|Toxapex, M, shiny|100/100
|move|p1a: Hawlucha|Acrobatics|p2a: Serpentine
|-damage|p2a: Serpentine|65/100
|
|upkeep
|turn|14
|
|t:|1776068374
|move|p1a: Hawlucha|Acrobatics|p2a: Serpentine
|-damage|p2a: Serpentine|31/100
|move|p2a: Serpentine|Toxic Spikes|p1a: Hawlucha
|-sidestart|p1: Bestfroggieboy|move: Toxic Spikes
|
|upkeep
|turn|15
|
|t:|1776068387
|switch|p2a: Rex|Tyranitar, M, shiny|77/100
|-weather|Sandstorm|[from] ability: Sand Stream|[of] p2a: Rex
|move|p1a: Hawlucha|Acrobatics|p2a: Rex
|-resisted|p2a: Rex
|-damage|p2a: Rex|56/100
|
|-weather|Sandstorm|[upkeep]
|-damage|p1a: Hawlucha|35/100|[from] Sandstorm
|upkeep
|turn|16
|
|t:|1776068399
|move|p1a: Hawlucha|Close Combat|p2a: Rex
|-supereffective|p2a: Rex
|-damage|p2a: Rex|0 fnt
|-unboost|p1a: Hawlucha|def|1
|-unboost|p1a: Hawlucha|spd|1
|faint|p2a: Rex
|
|-weather|Sandstorm|[upkeep]
|-damage|p1a: Hawlucha|29/100|[from] Sandstorm
|upkeep
|
|t:|1776068424
|switch|p2a: Impaler|Excadrill, M, shiny|88/100
|turn|17
|
|t:|1776068430
|move|p2a: Impaler|Rock Slide|p1a: Hawlucha
|-damage|p1a: Hawlucha|0 fnt
|faint|p1a: Hawlucha
|
|-weather|Sandstorm|[upkeep]
|-heal|p2a: Impaler|94/100|[from] item: Leftovers
|upkeep
|
|t:|1776068435
|switch|p1a: Delphox|Delphox, M|100/100
|-status|p1a: Delphox|psn
|turn|18
|
|t:|1776068442
|move|p2a: Impaler|Substitute|p2a: Impaler
|-start|p2a: Impaler|Substitute
|-damage|p2a: Impaler|69/100
|move|p1a: Delphox|Fire Blast|p2a: Impaler
|-supereffective|p2a: Impaler
|-end|p2a: Impaler|Substitute
|
|-weather|Sandstorm|[upkeep]
|-damage|p1a: Delphox|94/100 psn|[from] Sandstorm
|-heal|p2a: Impaler|75/100|[from] item: Leftovers
|-damage|p1a: Delphox|82/100 psn|[from] psn
|upkeep
|turn|19
|
|t:|1776068452
|move|p2a: Impaler|Substitute|p2a: Impaler
|-start|p2a: Impaler|Substitute
|-damage|p2a: Impaler|50/100
|move|p1a: Delphox|Fire Blast|p2a: Impaler
|-supereffective|p2a: Impaler
|-end|p2a: Impaler|Substitute
|
|-weather|Sandstorm|[upkeep]
|-damage|p1a: Delphox|76/100 psn|[from] Sandstorm
|-heal|p2a: Impaler|56/100|[from] item: Leftovers
|-damage|p1a: Delphox|63/100 psn|[from] psn
|upkeep
|turn|20
|
|t:|1776068470
|move|p2a: Impaler|Earthquake|p1a: Delphox
|-supereffective|p1a: Delphox
|-damage|p1a: Delphox|0 fnt
|faint|p1a: Delphox
|
|-weather|Sandstorm|[upkeep]
|-heal|p2a: Impaler|62/100|[from] item: Leftovers
|upkeep
|
|t:|1776068473
|switch|p1a: Hoopa|Hoopa-Unbound|100/100
|-status|p1a: Hoopa|psn
|turn|21
|
|t:|1776068480
|move|p2a: Impaler|Substitute|p2a: Impaler
|-start|p2a: Impaler|Substitute
|-damage|p2a: Impaler|37/100
|move|p1a: Hoopa|Hyperspace Fury|p2a: Impaler
|-damage|p2a: Impaler|0 fnt
|-unboost|p1a: Hoopa|def|1
|faint|p2a: Impaler
|
|-weather|Sandstorm|[upkeep]
|-damage|p1a: Hoopa|95/100 psn|[from] Sandstorm
|-damage|p1a: Hoopa|82/100 psn|[from] psn
|upkeep
|
|t:|1776068495
|switch|p2a: Calamity|Iron Valiant, shiny|100/100
|turn|22
|
|t:|1776068503
|-terastallize|p1a: Hoopa|Psychic
|move|p2a: Calamity|Moonblast|p1a: Hoopa
|-damage|p1a: Hoopa|21/100 psn
|-unboost|p1a: Hoopa|spa|1
|move|p1a: Hoopa|Shadow Ball|p2a: Calamity
|-damage|p2a: Calamity|58/100
|
|-weather|none
|-damage|p1a: Hoopa|9/100 psn|[from] psn
|upkeep
|turn|23
|
|t:|1776068513
|move|p2a: Calamity|Moonblast|p1a: Hoopa
|-damage|p1a: Hoopa|0 fnt
|faint|p1a: Hoopa
|
|win|SteampunkFurret
|raw|Bestfroggieboy's rating: 1129 &rarr; <strong>1100</strong><br />(-29 for losing)
|raw|SteampunkFurret's rating: 1078 &rarr; <strong>1110</strong><br />(+32 for winning)
|l| ohko_smeargle
|l|☆Bestfroggieboy
|player|p1|
|l|☆SteampunkFurret
|player|p2|
