|html|<div class="broadcast-blue"><strong>[Gen 9] OU is currently suspecting Tera Blast! For information on how to participate check out the <a href="https://www.smogon.com/tools/suspects/view/200">suspect thread</a>.</strong></div>
|j|‽Gabiou
|j|☆thebestsuperstar
|t:|1776175986
|gametype|singles
|player|p1|Gabiou|giovanni|1311
|player|p2|thebestsuperstar|1|1333
|gen|9
|tier|[Gen 9] OU
|rated|
|rule|HP Percentage Mod: HP is shown in percentages
|rule|Endless Battle Clause: Forcing endless battles is banned
|rule|Species Clause: Limit one of each Pokémon
|rule|OHKO Clause: OHKO moves are banned
|rule|Evasion Items Clause: Evasion items are banned
|rule|Evasion Moves Clause: Evasion moves are banned
|rule|Evasion Abilities Clause: Evasion abilities are banned
|rule|Sleep Moves Clause: Sleep-inducing moves are banned
|clearpoke
|poke|p1|Pelipper, M|
|poke|p1|Iron Treads|
|poke|p1|Barraskewda, F|
|poke|p1|Raging Bolt|
|poke|p1|Talonflame, F|
|poke|p1|Keldeo-Resolute|
|poke|p2|Dragapult, M|
|poke|p2|Ceruledge, F|
|poke|p2|Hoopa-Unbound|
|poke|p2|Pecharunt|
|poke|p2|Great Tusk|
|poke|p2|Moltres-Galar|
|teampreview
|inactive|Battle timer is ON: inactive players will automatically lose when time's up. (requested by thebestsuperstar)
|inactive|Gabiou also wants the timer to be on.
|
|t:|1776175995
|teamsize|p1|6
|teamsize|p2|6
|start
|switch|p1a: Pelipper|Pelipper, M|100/100
|switch|p2a: Hoopa|Hoopa-Unbound|100/100
|-weather|RainDance|[from] ability: Drizzle|[of] p1a: Pelipper
|turn|1
|
|t:|1776176014
|move|p2a: Hoopa|Thunderbolt|p1a: Pelipper
|-supereffective|p1a: Pelipper
|-damage|p1a: Pelipper|0 fnt
|faint|p1a: Pelipper
|
|-weather|RainDance|[upkeep]
|upkeep
|
|t:|1776176023
|switch|p1a: Barraskewda|Barraskewda, F|100/100
|turn|2
|
|t:|1776176033
|switch|p2a: Pecharunt|Pecharunt|100/100
|move|p1a: Barraskewda|Liquidation|p2a: Pecharunt
|-crit|p2a: Pecharunt
|-damage|p2a: Pecharunt|33/100
|-damage|p1a: Barraskewda|84/100|[from] item: Rocky Helmet|[of] p2a: Pecharunt
|
|-weather|RainDance|[upkeep]
|upkeep
|turn|3
|
|t:|1776176044
|move|p1a: Barraskewda|Liquidation|p2a: Pecharunt
|-damage|p2a: Pecharunt|0 fnt
|-damage|p1a: Barraskewda|68/100|[from] item: Rocky Helmet|[of] p2a: Pecharunt
|faint|p2a: Pecharunt
|
|-weather|RainDance|[upkeep]
|upkeep
|
|t:|1776176046
|switch|p2a: Ceruledge|Ceruledge, F|100/100
|turn|4
|
|t:|1776176062
|move|p1a: Barraskewda|Liquidation|p2a: Ceruledge
|-supereffective|p2a: Ceruledge
|-crit|p2a: Ceruledge
|-enditem|p2a: Ceruledge|Focus Sash
|-damage|p2a: Ceruledge|1/100
|-ability|p2a: Ceruledge|Weak Armor|boost
|-unboost|p2a: Ceruledge|def|1
|-boost|p2a: Ceruledge|spe|2
|move|p2a: Ceruledge|Poltergeist|p1a: Barraskewda
|-activate|p1a: Barraskewda|move: Poltergeist|Choice Band
|-damage|p1a: Barraskewda|0 fnt
|faint|p1a: Barraskewda
|
|-weather|RainDance|[upkeep]
|upkeep
|
|t:|1776176067
|switch|p1a: Talonflame|Talonflame, F|100/100
|turn|5
|
|t:|1776176077
|move|p2a: Ceruledge|Shadow Sneak|p1a: Talonflame
|-damage|p1a: Talonflame|69/100
|move|p1a: Talonflame|Hurricane|p2a: Ceruledge
|-damage|p2a: Ceruledge|0 fnt
|faint|p2a: Ceruledge
|
|-weather|RainDance|[upkeep]
|upkeep
|
|t:|1776176090
|switch|p2a: Dragapult|Dragapult, M|100/100
|turn|6
|
|t:|1776176111
|move|p2a: Dragapult|Dragon Darts|p1a: Talonflame
|-damage|p1a: Talonflame|13/100
|-anim|p2a: Dragapult|Dragon Darts|p1a: Talonflame
|-damage|p1a: Talonflame|0 fnt
|faint|p1a: Talonflame
|
|-weather|RainDance|[upkeep]
|upkeep
|
|t:|1776176114
|switch|p1a: Raging Bolt|Raging Bolt|100/100
|-enditem|p1a: Raging Bolt|Booster Energy
|-activate|p1a: Raging Bolt|ability: Protosynthesis|[fromitem]
|-start|p1a: Raging Bolt|protosynthesisspa
|turn|7
|
|t:|1776176127
|-terastallize|p1a: Raging Bolt|Fairy
|move|p2a: Dragapult|Dragon Darts|p1a: Raging Bolt
|-immune|p1a: Raging Bolt
|move|p1a: Raging Bolt|Dragon Pulse|p2a: Dragapult
|-supereffective|p2a: Dragapult
|-damage|p2a: Dragapult|0 fnt
|faint|p2a: Dragapult
|
|-weather|RainDance|[upkeep]
|upkeep
|
|t:|1776176137
|switch|p2a: Hoopa|Hoopa-Unbound|100/100
|turn|8
|
|t:|1776176151
|-end|p1a: Raging Bolt|Protosynthesis|[silent]
|switch|p1a: Iron Treads|Iron Treads|100/100
|-enditem|p1a: Iron Treads|Booster Energy
|-activate|p1a: Iron Treads|ability: Quark Drive|[fromitem]
|-start|p1a: Iron Treads|quarkdrivespe
|move|p2a: Hoopa|Psychic|p1a: Iron Treads
|-resisted|p1a: Iron Treads
|-damage|p1a: Iron Treads|56/100
|
|-weather|none
|upkeep
|turn|9
|
|t:|1776176159
|switch|p2a: Moltres|Moltres-Galar|100/100
|move|p1a: Iron Treads|Earthquake|p2a: Moltres
|-immune|p2a: Moltres
|
|upkeep
|turn|10
|
|t:|1776176163
|move|p1a: Iron Treads|Ice Spinner|p2a: Moltres
|-supereffective|p2a: Moltres
|-damage|p2a: Moltres|42/100
|-enditem|p2a: Moltres|Weakness Policy
|-boost|p2a: Moltres|atk|2|[from] item: Weakness Policy
|-boost|p2a: Moltres|spa|2|[from] item: Weakness Policy
|-ability|p2a: Moltres|Berserk|boost
|-boost|p2a: Moltres|spa|1
|move|p2a: Moltres|Agility|p2a: Moltres
|-boost|p2a: Moltres|spe|2
|
|upkeep
|turn|11
|
|t:|1776176173
|move|p2a: Moltres|Fiery Wrath|p1a: Iron Treads
|-damage|p1a: Iron Treads|0 fnt
|faint|p1a: Iron Treads
|-end|p1a: Iron Treads|Quark Drive|[silent]
|
|upkeep
|
|t:|1776176177
|switch|p1a: Raging Bolt|Raging Bolt, tera:Fairy|100/100
|turn|12
|
|t:|1776176181
|move|p1a: Raging Bolt|Thunderclap|p2a: Moltres
|-supereffective|p2a: Moltres
|-damage|p2a: Moltres|0 fnt
|faint|p2a: Moltres
|
|upkeep
|
|t:|1776176187
|switch|p2a: Hoopa|Hoopa-Unbound|100/100
|turn|13
|
|t:|1776176194
|move|p1a: Raging Bolt|Thunder|p2a: Hoopa
|-damage|p2a: Hoopa|67/100
|-status|p2a: Hoopa|par
|cant|p2a: Hoopa|par
|
|upkeep
|turn|14
|c|☆thebestsuperstar|wtf
|c|☆thebestsuperstar|wtf
|c|☆thebestsuperstar|wtf
|c|☆thebestsuperstar|wtf
|
|t:|1776176207
|move|p1a: Raging Bolt|Thunder|p2a: Hoopa
|-damage|p2a: Hoopa|37/100 par
|cant|p2a: Hoopa|par
|
|upkeep
|turn|15
|c|☆thebestsuperstar|wtf
|
|t:|1776176215
|switch|p2a: Great Tusk|Great Tusk|100/100
|-enditem|p2a: Great Tusk|Booster Energy
|-activate|p2a: Great Tusk|ability: Protosynthesis|[fromitem]
|-start|p2a: Great Tusk|protosynthesisatk
|move|p1a: Raging Bolt|Thunderclap||[still]
|-fail|p1a: Raging Bolt
|
|upkeep
|turn|16
|
|t:|1776176232
|-terastallize|p2a: Great Tusk|Steel
|move|p2a: Great Tusk|Rapid Spin|p1a: Raging Bolt
|-damage|p1a: Raging Bolt|80/100
|-boost|p2a: Great Tusk|spe|1
|move|p1a: Raging Bolt|Dragon Pulse|p2a: Great Tusk
|-resisted|p2a: Great Tusk
|-damage|p2a: Great Tusk|63/100
|
|upkeep
|turn|17
|
|t:|1776176238
|move|p1a: Raging Bolt|Thunderclap|p2a: Great Tusk
|-damage|p2a: Great Tusk|2/100
|move|p2a: Great Tusk|Headlong Rush|p1a: Raging Bolt
|-damage|p1a: Raging Bolt|7/100
|-unboost|p2a: Great Tusk|def|1
|-unboost|p2a: Great Tusk|spd|1
|
|upkeep
|turn|18
|
|t:|1776176245
|move|p1a: Raging Bolt|Thunderclap|p2a: Great Tusk
|-damage|p2a: Great Tusk|0 fnt
|faint|p2a: Great Tusk
|-end|p2a: Great Tusk|Protosynthesis|[silent]
|
|upkeep
|
|t:|1776176247
|switch|p2a: Hoopa|Hoopa-Unbound|37/100 par
|turn|19
|c|☆thebestsuperstar|bro
|c|☆thebestsuperstar|you are so lucky
|n|!thebestsuperstar|thebestsuperstar
|
|t:|1776176262
|move|p1a: Raging Bolt|Dragon Pulse|p2a: Hoopa
|-damage|p2a: Hoopa|12/100 par
|cant|p2a: Hoopa|par
|
|upkeep
|turn|20
|-message|thebestsuperstar forfeited.
|
|win|Gabiou
