|html|<div class="broadcast-blue"><strong>[Gen 9] OU is currently suspecting Tera Blast! For information on how to participate check out the <a href="https://www.smogon.com/tools/suspects/view/200">suspect thread</a>.</strong></div>
|j|☆tutimor
|j|☆Razen100
|t:|1776098128
|gametype|singles
|player|p1|tutimor|101|1170
|player|p2|Razen100|170|1126
|gen|9
|tier|[Gen 9] OU
|rated|
|rule|HP Percentage Mod: HP is shown in percentages
|rule|Endless Battle Clause: Forcing endless battles is banned
|rule|Species Clause: Limit one of each Pokémon
|rule|OHKO Clause: OHKO moves are banned
|rule|Evasion Items Clause: Evasion items are banned
|rule|Evasion Moves Clause: Evasion moves are banned
|rule|Evasion Abilities Clause: Evasion abilities are banned
|rule|Sleep Moves Clause: Sleep-inducing moves are banned
|clearpoke
|poke|p1|Sceptile, M|
|poke|p1|Slither Wing|
|poke|p1|Garganacl, F|
|poke|p1|Ninetales, M|
|poke|p1|Mew|
|poke|p1|Bombirdier, M|
|poke|p2|Kingambit, F|
|poke|p2|Zoroark-Hisui, F|
|poke|p2|Glimmora, M|
|poke|p2|Gholdengo|
|poke|p2|Dragapult, M|
|poke|p2|Great Tusk|
|teampreview
|
|t:|1776098151
|teamsize|p1|6
|teamsize|p2|6
|start
|switch|p1a: Ninetales|Ninetales, M|100/100
|switch|p2a: Glimmora|Glimmora, M|100/100
|-weather|SunnyDay|[from] ability: Drought|[of] p1a: Ninetales
|turn|1
|
|t:|1776098162
|move|p1a: Ninetales|Foul Play|p2a: Glimmora
|-damage|p2a: Glimmora|83/100
|-activate|p2a: Glimmora|ability: Toxic Debris
|-sidestart|p1: tutimor|move: Toxic Spikes
|move|p2a: Glimmora|Stealth Rock|p1a: Ninetales
|-sidestart|p1: tutimor|move: Stealth Rock
|
|-weather|SunnyDay|[upkeep]
|upkeep
|turn|2
|
|t:|1776098172
|move|p1a: Ninetales|Will-O-Wisp|p2a: Glimmora
|-status|p2a: Glimmora|brn
|move|p2a: Glimmora|Power Gem|p1a: Ninetales
|-supereffective|p1a: Ninetales
|-damage|p1a: Ninetales|16/100
|
|-weather|SunnyDay|[upkeep]
|-damage|p2a: Glimmora|77/100 brn|[from] brn
|upkeep
|turn|3
|
|t:|1776098187
|move|p1a: Ninetales|Healing Wish|p1a: Ninetales
|faint|p1a: Ninetales
|move|p2a: Glimmora|Power Gem|p1: Ninetales|[notarget]
|-fail|p2a: Glimmora
|
|-weather|SunnyDay|[upkeep]
|-damage|p2a: Glimmora|71/100 brn|[from] brn
|upkeep
|
|t:|1776098203
|switch|p1a: Sceptile|Sceptile, M|100/100
|-status|p1a: Sceptile|psn
|-damage|p1a: Sceptile|88/100 psn|[from] Stealth Rock
|turn|4
|
|t:|1776098212
|move|p2a: Glimmora|Power Gem|p1a: Sceptile
|-damage|p1a: Sceptile|34/100 psn
|move|p1a: Sceptile|Roar|p2a: Glimmora
|-enditem|p1a: Sceptile|Throat Spray
|-boost|p1a: Sceptile|spa|1|[from] item: Throat Spray
|drag|p2a: Gholdengo|Gholdengo|100/100
|-item|p2a: Gholdengo|Air Balloon
|
|-weather|SunnyDay|[upkeep]
|-damage|p1a: Sceptile|21/100 psn|[from] psn
|upkeep
|turn|5
|
|t:|1776098236
|-terastallize|p1a: Sceptile|Fire
|move|p1a: Sceptile|Tera Blast|p2a: Gholdengo|[anim] Tera Blast Fire
|-supereffective|p2a: Gholdengo
|-damage|p2a: Gholdengo|0 fnt
|-enditem|p2a: Gholdengo|Air Balloon
|faint|p2a: Gholdengo
|
|-weather|SunnyDay|[upkeep]
|-damage|p1a: Sceptile|9/100 psn|[from] psn
|upkeep
|
|t:|1776098252
|switch|p2a: Glimmora|Glimmora, M|71/100 brn
|turn|6
|
|t:|1776098278
|move|p1a: Sceptile|Solar Beam||[still]
|-prepare|p1a: Sceptile|Solar Beam
|-anim|p1a: Sceptile|Solar Beam|p2a: Glimmora
|-damage|p2a: Glimmora|0 fnt
|faint|p2a: Glimmora
|
|-weather|SunnyDay|[upkeep]
|-damage|p1a: Sceptile|0 fnt|[from] psn
|faint|p1a: Sceptile
|upkeep
|
|t:|1776098298
|switch|p1a: Bombirdier|Bombirdier, M|100/100
|switch|p2a: Dragapult|Dragapult, M|100/100
|-damage|p1a: Bombirdier|75/100|[from] Stealth Rock
|turn|7
|
|t:|1776098312
|move|p2a: Dragapult|Draco Meteor|p1a: Bombirdier
|-damage|p1a: Bombirdier|0 fnt
|-unboost|p2a: Dragapult|spa|2
|faint|p1a: Bombirdier
|
|-weather|SunnyDay|[upkeep]
|upkeep
|
|t:|1776098327
|switch|p1a: Mew|Mew|100/100
|-status|p1a: Mew|psn
|-damage|p1a: Mew|88/100 psn|[from] Stealth Rock
|turn|8
|
|t:|1776098334
|switch|p2a: Kingambit|Kingambit, F|100/100
|move|p1a: Mew|Flame Charge|p2a: Kingambit
|-damage|p2a: Kingambit|48/100
|-boost|p1a: Mew|spe|1
|replace|p2a: Zoroark|Zoroark-Hisui, F
|-end|p2a: Zoroark|Illusion
|
|-weather|none
|-damage|p1a: Mew|76/100 psn|[from] psn
|upkeep
|turn|9
|
|t:|1776098346
|move|p2a: Zoroark|Trick|p1a: Mew
|-activate|p2a: Zoroark|move: Trick|[of] p1a: Mew
|-item|p1a: Mew|Choice Scarf|[from] move: Trick
|-item|p2a: Zoroark|Red Card|[from] move: Trick
|move|p1a: Mew|Swords Dance|p1a: Mew
|-boost|p1a: Mew|atk|2
|
|-damage|p1a: Mew|64/100 psn|[from] psn
|upkeep
|turn|10
|-message|tutimor forfeited.
|
|win|Razen100
|raw|tutimor's rating: 1170 &rarr; <strong>1142</strong><br />(-28 for losing)
|raw|Razen100's rating: 1126 &rarr; <strong>1154</strong><br />(+28 for winning)
|l|☆tutimor
|player|p1|
|l|☆Razen100
|player|p2|
