|html|<div class="broadcast-blue"><strong>[Gen 9] OU is currently suspecting Tera Blast! For information on how to participate check out the <a href="https://www.smogon.com/tools/suspects/view/200">suspect thread</a>.</strong></div>
|j|☆Lloydious
|j|☆cachowcapow
|t:|1776043829
|gametype|singles
|player|p1|Lloydious|101|1368
|player|p2|cachowcapow|102|1367
|gen|9
|tier|[Gen 9] OU
|rated|
|rule|HP Percentage Mod: HP is shown in percentages
|rule|Endless Battle Clause: Forcing endless battles is banned
|rule|Species Clause: Limit one of each Pokémon
|rule|OHKO Clause: OHKO moves are banned
|rule|Evasion Items Clause: Evasion items are banned
|rule|Evasion Moves Clause: Evasion moves are banned
|rule|Evasion Abilities Clause: Evasion abilities are banned
|rule|Sleep Moves Clause: Sleep-inducing moves are banned
|clearpoke
|poke|p1|Porygon-Z|
|poke|p1|Corviknight, F|
|poke|p1|Cinderace, F|
|poke|p1|Alomomola, M|
|poke|p1|Samurott-Hisui, M|
|poke|p1|Raging Bolt|
|poke|p2|Dragapult, M|
|poke|p2|Slither Wing|
|poke|p2|Maushold-Four|
|poke|p2|Mew|
|poke|p2|Weavile, F|
|poke|p2|Alomomola, M|
|teampreview
|
|t:|1776043842
|teamsize|p1|6
|teamsize|p2|6
|start
|switch|p1a: Porygon-Z|Porygon-Z|100/100
|switch|p2a: Mew|Mew|100/100
|-ability|p1a: Porygon-Z|Download|boost
|-boost|p1a: Porygon-Z|spa|1
|turn|1
|
|t:|1776043853
|switch|p2a: Alomomola|Alomomola, M|100/100
|move|p1a: Porygon-Z|Shadow Ball|p2a: Alomomola
|-damage|p2a: Alomomola|68/100
|-unboost|p2a: Alomomola|spd|1
|
|upkeep
|turn|2
|
|t:|1776043870
|switch|p1a: Raging Bolt|Raging Bolt|100/100
|move|p2a: Alomomola|Flip Turn|p1a: Raging Bolt
|-resisted|p1a: Raging Bolt
|-damage|p1a: Raging Bolt|94/100
|
|t:|1776043876
|switch|p2a: Weavile|Weavile, F|100/100|[from] Flip Turn
|
|upkeep
|turn|3
|
|t:|1776043885
|-end|p1a: Raging Bolt|Protosynthesis|[silent]
|switch|p1a: Alomomola|Alomomola, M|100/100
|move|p2a: Weavile|Knock Off|p1a: Alomomola
|-damage|p1a: Alomomola|63/100
|-damage|p2a: Weavile|84/100|[from] item: Rocky Helmet|[of] p1a: Alomomola
|-enditem|p1a: Alomomola|Rocky Helmet|[from] move: Knock Off|[of] p2a: Weavile
|
|upkeep
|turn|4
|
|t:|1776043896
|switch|p2a: Slither Wing|Slither Wing, shiny|100/100
|move|p1a: Alomomola|Flip Turn|p2a: Slither Wing
|-damage|p2a: Slither Wing|89/100
|-damage|p1a: Alomomola|47/100|[from] item: Rocky Helmet|[of] p2a: Slither Wing
|
|t:|1776043906
|switch|p1a: Porygon-Z|Porygon-Z|100/100|[from] Flip Turn
|-ability|p1a: Porygon-Z|Download|boost
|-boost|p1a: Porygon-Z|spa|1
|
|upkeep
|turn|5
|
|t:|1776043916
|move|p1a: Porygon-Z|Tera Blast|p2a: Slither Wing
|-damage|p2a: Slither Wing|9/100
|move|p2a: Slither Wing|U-turn|p1a: Porygon-Z
|-damage|p1a: Porygon-Z|57/100
|
|t:|1776043926
|-end|p2a: Slither Wing|Protosynthesis|[silent]
|switch|p2a: Alomomola|Alomomola, M|100/100|[from] U-turn
|
|upkeep
|turn|6
|
|t:|1776043959
|switch|p1a: Alomomola|Alomomola, M|80/100
|move|p2a: Alomomola|Flip Turn|p1a: Alomomola
|-resisted|p1a: Alomomola
|-damage|p1a: Alomomola|76/100
|
|t:|1776043968
|switch|p2a: Dragapult|Dragapult, M|100/100|[from] Flip Turn
|
|upkeep
|turn|7
|
|t:|1776043974
|move|p2a: Dragapult|Thunder Wave|p1a: Alomomola
|-status|p1a: Alomomola|par
|move|p1a: Alomomola|Flip Turn|p2a: Dragapult
|-resisted|p2a: Dragapult
|-crit|p2a: Dragapult
|-damage|p2a: Dragapult|84/100
|
|t:|1776043979
|switch|p1a: Samurott|Samurott-Hisui, M|100/100|[from] Flip Turn
|
|upkeep
|turn|8
|
|t:|1776043984
|move|p2a: Dragapult|Will-O-Wisp|p1a: Samurott
|-status|p1a: Samurott|brn
|move|p1a: Samurott|Ceaseless Edge|p2a: Dragapult
|-supereffective|p2a: Dragapult
|-damage|p2a: Dragapult|17/100
|-sidestart|p2: cachowcapow|Spikes
|
|-damage|p1a: Samurott|94/100 brn|[from] brn
|upkeep
|turn|9
|
|t:|1776044003
|move|p2a: Dragapult|U-turn|p1a: Samurott
|-supereffective|p1a: Samurott
|-damage|p1a: Samurott|47/100 brn
|
|t:|1776044007
|switch|p2a: Alomomola|Alomomola, M|100/100|[from] U-turn
|-damage|p2a: Alomomola|88/100|[from] Spikes
|move|p1a: Samurott|Ceaseless Edge|p2a: Alomomola
|-damage|p2a: Alomomola|71/100
|-sidestart|p2: cachowcapow|Spikes
|
|-damage|p1a: Samurott|41/100 brn|[from] brn
|upkeep
|turn|10
|
|t:|1776044040
|move|p1a: Samurott|Flip Turn|p2a: Alomomola
|-resisted|p2a: Alomomola
|-damage|p2a: Alomomola|67/100
|
|t:|1776044051
|switch|p1a: Alomomola|Alomomola, M|100/100 par|[from] Flip Turn
|move|p2a: Alomomola|Flip Turn|p1a: Alomomola
|-resisted|p1a: Alomomola
|-damage|p1a: Alomomola|96/100 par
|inactive|Battle timer is ON: inactive players will automatically lose when time's up. (requested by Lloydious)
|
|t:|1776044057
|switch|p2a: Maushold|Maushold-Four|100/100|[from] Flip Turn
|-damage|p2a: Maushold|84/100|[from] Spikes
|
|upkeep
|turn|11
|
|t:|1776044075
|switch|p1a: Corviknight|Corviknight, F|100/100
|-ability|p1a: Corviknight|Pressure
|move|p2a: Maushold|Tidy Up|p2a: Maushold
|-sideend|p2: cachowcapow|Spikes
|-activate|p2a: Maushold|move: Tidy Up
|-boost|p2a: Maushold|atk|1
|-boost|p2a: Maushold|spe|1
|
|upkeep
|turn|12
|
|t:|1776044085
|move|p2a: Maushold|Population Bomb|p1a: Corviknight
|-resisted|p1a: Corviknight
|-damage|p1a: Corviknight|95/100
|-damage|p2a: Maushold|67/100|[from] item: Rocky Helmet|[of] p1a: Corviknight
|-resisted|p1a: Corviknight
|-damage|p1a: Corviknight|90/100
|-damage|p2a: Maushold|51/100|[from] item: Rocky Helmet|[of] p1a: Corviknight
|-resisted|p1a: Corviknight
|-damage|p1a: Corviknight|85/100
|-damage|p2a: Maushold|34/100|[from] item: Rocky Helmet|[of] p1a: Corviknight
|-resisted|p1a: Corviknight
|-damage|p1a: Corviknight|80/100
|-damage|p2a: Maushold|17/100|[from] item: Rocky Helmet|[of] p1a: Corviknight
|-resisted|p1a: Corviknight
|-crit|p1a: Corviknight
|-damage|p1a: Corviknight|73/100
|-damage|p2a: Maushold|1/100|[from] item: Rocky Helmet|[of] p1a: Corviknight
|-hitcount|p1a: Corviknight|5
|move|p1a: Corviknight|Body Press|p2a: Maushold
|-supereffective|p2a: Maushold
|-damage|p2a: Maushold|0 fnt
|faint|p2a: Maushold
|
|upkeep
|
|t:|1776044088
|switch|p2a: Mew|Mew|100/100
|turn|13
|inactive|Lloydious has 120 seconds left.
|
|t:|1776044138
|move|p2a: Mew|Agility|p2a: Mew
|-boost|p2a: Mew|spe|2
|move|p1a: Corviknight|U-turn|p2a: Mew
|-supereffective|p2a: Mew
|-damage|p2a: Mew|81/100
|-enditem|p2a: Mew|Weakness Policy
|-boost|p2a: Mew|atk|2|[from] item: Weakness Policy
|-boost|p2a: Mew|spa|2|[from] item: Weakness Policy
|
|t:|1776044156
|switch|p1a: Samurott|Samurott-Hisui, M|41/100 brn|[from] U-turn
|
|-damage|p1a: Samurott|34/100 brn|[from] brn
|upkeep
|turn|14
|
|t:|1776044170
|-terastallize|p2a: Mew|Fairy
|move|p2a: Mew|Calm Mind|p2a: Mew
|-boost|p2a: Mew|spa|1
|-boost|p2a: Mew|spd|1
|move|p1a: Samurott|Ceaseless Edge|p2a: Mew
|-resisted|p2a: Mew
|-damage|p2a: Mew|74/100
|-sidestart|p2: cachowcapow|Spikes
|
|-damage|p1a: Samurott|28/100 brn|[from] brn
|upkeep
|turn|15
|
|t:|1776044183
|move|p2a: Mew|Draining Kiss|p1a: Samurott
|-supereffective|p1a: Samurott
|-damage|p1a: Samurott|0 fnt
|-heal|p2a: Mew|90/100|[from] drain|[of] p1a: Samurott
|faint|p1a: Samurott
|
|upkeep
|
|t:|1776044193
|switch|p1a: Cinderace|Cinderace, F|100/100
|turn|16
|
|t:|1776044207
|move|p2a: Mew|Stored Power|p1a: Cinderace
|-damage|p1a: Cinderace|0 fnt
|faint|p1a: Cinderace
|
|upkeep
|
|t:|1776044214
|switch|p1a: Porygon-Z|Porygon-Z|57/100
|-ability|p1a: Porygon-Z|Download|boost
|-boost|p1a: Porygon-Z|atk|1
|turn|17
|-message|Lloydious forfeited.
|
|win|cachowcapow
|raw|Lloydious's rating: 1368 &rarr; <strong>1348</strong><br />(-20 for losing)
|raw|cachowcapow's rating: 1367 &rarr; <strong>1387</strong><br />(+20 for winning)
|l|☆Lloydious
|player|p1|
|l|☆cachowcapow
|player|p2|
