|html|<div class="broadcast-blue"><strong>[Gen 9] OU is currently suspecting Volcarona! For information on how to participate check out the <a href="https://www.smogon.com/tools/suspects/view/208">suspect thread</a>.</strong></div>
|j|☆Hsvsgshnssbn
|j|☆vinipoges
|t:|1778511520
|gametype|singles
|player|p1|Hsvsgshnssbn|dragontamer|1000
|player|p2|vinipoges|169|1016
|gen|9
|tier|[Gen 9] OU
|rated|
|rule|HP Percentage Mod: HP is shown in percentages
|rule|Endless Battle Clause: Forcing endless battles is banned
|rule|Species Clause: Limit one of each Pokémon
|rule|OHKO Clause: OHKO moves are banned
|rule|Evasion Items Clause: Evasion items are banned
|rule|Evasion Moves Clause: Evasion moves are banned
|rule|Evasion Abilities Clause: Evasion abilities are banned
|rule|Sleep Moves Clause: Sleep-inducing moves are banned
|clearpoke
|poke|p1|Glimmora, F|
|poke|p1|Dragapult, F|
|poke|p1|Venusaur, M|
|poke|p1|Ceruledge, F|
|poke|p1|Minior-Violet|
|poke|p1|Kommo-o, F|
|poke|p2|Dragonite, M|
|poke|p2|Great Tusk|
|poke|p2|Deoxys-Speed|
|poke|p2|Gholdengo|
|poke|p2|Zamazenta-*|
|poke|p2|Iron Valiant|
|teampreview
|inactive|Battle timer is ON: inactive players will automatically lose when time's up. (requested by vinipoges)
|
|t:|1778511541
|teamsize|p1|6
|teamsize|p2|6
|start
|switch|p1a: Glimmora|Glimmora, F, shiny|100/100
|switch|p2a: Great Tusk|Great Tusk|100/100
|-enditem|p2a: Great Tusk|Booster Energy
|-activate|p2a: Great Tusk|ability: Protosynthesis|[fromitem]
|-start|p2a: Great Tusk|protosynthesisspe
|turn|1
|
|t:|1778511548
|move|p2a: Great Tusk|Bulk Up|p2a: Great Tusk
|-boost|p2a: Great Tusk|atk|1
|-boost|p2a: Great Tusk|def|1
|move|p1a: Glimmora|Spikes|p2a: Great Tusk
|-sidestart|p2: vinipoges|Spikes
|
|upkeep
|turn|2
|
|t:|1778511553
|move|p2a: Great Tusk|Bulk Up|p2a: Great Tusk
|-boost|p2a: Great Tusk|atk|1
|-boost|p2a: Great Tusk|def|1
|move|p1a: Glimmora|Stealth Rock|p2a: Great Tusk
|-sidestart|p2: vinipoges|move: Stealth Rock
|
|upkeep
|turn|3
|
|t:|1778511562
|move|p2a: Great Tusk|Bulk Up|p2a: Great Tusk
|-boost|p2a: Great Tusk|atk|1
|-boost|p2a: Great Tusk|def|1
|move|p1a: Glimmora|Spikes|p2a: Great Tusk
|-sidestart|p2: vinipoges|Spikes
|
|upkeep
|turn|4
|
|t:|1778511573
|move|p2a: Great Tusk|Headlong Rush|p1a: Glimmora
|-supereffective|p1a: Glimmora
|-enditem|p1a: Glimmora|Focus Sash
|-damage|p1a: Glimmora|1/100
|-unboost|p2a: Great Tusk|def|1
|-unboost|p2a: Great Tusk|spd|1
|-activate|p1a: Glimmora|ability: Toxic Debris
|-sidestart|p2: vinipoges|move: Toxic Spikes
|move|p1a: Glimmora|Spikes|p2a: Great Tusk
|-sidestart|p2: vinipoges|Spikes
|
|upkeep
|turn|5
|
|t:|1778511590
|move|p2a: Great Tusk|Ice Spinner|p1a: Glimmora
|-damage|p1a: Glimmora|0 fnt
|-activate|p1a: Glimmora|ability: Toxic Debris
|-sidestart|p2: vinipoges|move: Toxic Spikes
|faint|p1a: Glimmora
|
|upkeep
|
|t:|1778511598
|switch|p1a: Kommo-o|Kommo-o, F, shiny|100/100
|turn|6
|
|t:|1778511606
|move|p2a: Great Tusk|Ice Spinner|p1a: Kommo-o
|-supereffective|p1a: Kommo-o
|-damage|p1a: Kommo-o|2/100
|move|p1a: Kommo-o|Drain Punch|p2a: Great Tusk
|-damage|p2a: Great Tusk|90/100
|-heal|p1a: Kommo-o|9/100|[from] drain|[of] p2a: Great Tusk
|
|upkeep
|turn|7
|
|t:|1778511617
|move|p2a: Great Tusk|Ice Spinner|p1a: Kommo-o
|-supereffective|p1a: Kommo-o
|-damage|p1a: Kommo-o|0 fnt
|faint|p1a: Kommo-o
|
|upkeep
|
|t:|1778511621
|switch|p1a: Venusaur|Venusaur, M|100/100
|turn|8
|
|t:|1778511643
|move|p2a: Great Tusk|Ice Spinner|p1a: Venusaur
|-supereffective|p1a: Venusaur
|-damage|p1a: Venusaur|0 fnt
|faint|p1a: Venusaur
|
|upkeep
|
|t:|1778511649
|switch|p1a: Minior|Minior-Violet, shiny|100/100
|-formechange|p1a: Minior|Minior-Meteor||[from] ability: Shields Down
|turn|9
|
|t:|1778511658
|move|p2a: Great Tusk|Ice Spinner|p1a: Minior
|-supereffective|p1a: Minior
|-damage|p1a: Minior|0 fnt
|faint|p1a: Minior
|
|upkeep
|
|t:|1778511663
|switch|p1a: Dragapult|Dragapult, F, shiny|100/100
|turn|10
|
|t:|1778511681
|move|p2a: Great Tusk|Ice Spinner|p1a: Dragapult
|-supereffective|p1a: Dragapult
|-damage|p1a: Dragapult|0 fnt
|faint|p1a: Dragapult
|
|upkeep
|
|t:|1778511684
|switch|p1a: Ceruledge|Ceruledge, F, shiny|100/100
|turn|11
|
|t:|1778511691
|move|p2a: Great Tusk|Headlong Rush|p1a: Ceruledge
|-supereffective|p1a: Ceruledge
|-damage|p1a: Ceruledge|0 fnt
|-unboost|p2a: Great Tusk|def|1
|-unboost|p2a: Great Tusk|spd|1
|faint|p1a: Ceruledge
|
|win|vinipoges
|raw|Hsvsgshnssbn's rating: 1000 &rarr; <strong>1000</strong><br />(+0 for losing)
|raw|vinipoges's rating: 1016 &rarr; <strong>1052</strong><br />(+36 for winning)
