|html|<div class="broadcast-blue"><strong>[Gen 9] OU is currently suspecting Volcarona! For information on how to participate check out the <a href="https://www.smogon.com/tools/suspects/view/208">suspect thread</a>.</strong></div>
|j|☆roddyj
|j|☆DoDouno
|t:|1778507504
|gametype|singles
|player|p1|roddyj|ethan|1406
|player|p2|DoDouno|psychic|1387
|gen|9
|tier|[Gen 9] OU
|rated|
|rule|HP Percentage Mod: HP is shown in percentages
|rule|Endless Battle Clause: Forcing endless battles is banned
|rule|Species Clause: Limit one of each Pokémon
|rule|OHKO Clause: OHKO moves are banned
|rule|Evasion Items Clause: Evasion items are banned
|rule|Evasion Moves Clause: Evasion moves are banned
|rule|Evasion Abilities Clause: Evasion abilities are banned
|rule|Sleep Moves Clause: Sleep-inducing moves are banned
|clearpoke
|poke|p1|Maushold-Four|
|poke|p1|Serperior, F|
|poke|p1|Raikou|
|poke|p1|Incineroar, M|
|poke|p1|Weezing-Galar, M|
|poke|p1|Gyarados, F|
|poke|p2|Gholdengo|
|poke|p2|Deoxys-Speed|
|poke|p2|Samurott-Hisui, M|
|poke|p2|Iron Valiant|
|poke|p2|Dragonite, M|
|poke|p2|Glimmora, M|
|teampreview
|inactive|Battle timer is ON: inactive players will automatically lose when time's up. (requested by DoDouno)
|
|t:|1778507534
|teamsize|p1|6
|teamsize|p2|6
|start
|switch|p1a: Incineroar|Incineroar, M, shiny|100/100
|switch|p2a: ben|Deoxys-Speed|100/100
|-ability|p2a: ben|Pressure
|-ability|p1a: Incineroar|Intimidate|boost
|-unboost|p2a: ben|atk|1
|turn|1
|
|t:|1778507551
|switch|p2a: Goatmorea|Glimmora, M|100/100
|move|p1a: Incineroar|Knock Off|p2a: Goatmorea
|-damage|p2a: Goatmorea|52/100
|-activate|p2a: Goatmorea|ability: Toxic Debris
|-sidestart|p1: roddyj|move: Toxic Spikes
|-enditem|p2a: Goatmorea|Power Herb|[from] move: Knock Off|[of] p1a: Incineroar
|
|upkeep
|turn|2
|
|t:|1778507560
|switch|p1a: Weezing|Weezing-Galar, M, shiny|100/100
|move|p2a: Goatmorea|Stealth Rock|p1a: Weezing
|-sidestart|p1: roddyj|move: Stealth Rock
|
|upkeep
|turn|3
|
|t:|1778507565
|switch|p2a: Goldengo|Gholdengo|100/100
|-item|p2a: Goldengo|Air Balloon
|move|p1a: Weezing|Strange Steam|p2a: Goldengo
|-resisted|p2a: Goldengo
|-damage|p2a: Goldengo|86/100
|-enditem|p2a: Goldengo|Air Balloon
|
|upkeep
|turn|4
|
|t:|1778507577
|switch|p1a: Incineroar|Incineroar, M, shiny|100/100
|-ability|p1a: Incineroar|Intimidate|boost
|-unboost|p2a: Goldengo|atk|1
|move|p2a: Goldengo|Nasty Plot|p2a: Goldengo
|-boost|p2a: Goldengo|spa|2
|
|upkeep
|turn|5
|
|t:|1778507587
|move|p2a: Goldengo|Make It Rain|p1a: Incineroar
|-resisted|p1a: Incineroar
|-damage|p1a: Incineroar|57/100
|-unboost|p2a: Goldengo|spa|1
|move|p1a: Incineroar|Knock Off|p2a: Goldengo
|-supereffective|p2a: Goldengo
|-damage|p2a: Goldengo|23/100
|
|upkeep
|turn|6
|
|t:|1778507595
|move|p2a: Goldengo|Make It Rain|p1a: Incineroar
|-resisted|p1a: Incineroar
|-damage|p1a: Incineroar|25/100
|-unboost|p2a: Goldengo|spa|1
|move|p1a: Incineroar|Knock Off|p2a: Goldengo
|-supereffective|p2a: Goldengo
|-damage|p2a: Goldengo|0 fnt
|faint|p2a: Goldengo
|
|upkeep
|
|t:|1778507609
|switch|p2a: Goatmorea|Glimmora, M|52/100
|turn|7
|
|t:|1778507612
|switch|p1a: Weezing|Weezing-Galar, M, shiny|100/100
|-damage|p1a: Weezing|88/100|[from] Stealth Rock
|move|p2a: Goatmorea|Meteor Beam||[still]
|-prepare|p2a: Goatmorea|Meteor Beam
|-boost|p2a: Goatmorea|spa|1
|
|-heal|p1a: Weezing|94/100|[from] item: Leftovers
|upkeep
|turn|8
|
|t:|1778507622
|switch|p1a: Incineroar|Incineroar, M, shiny|25/100
|-ability|p1a: Incineroar|Intimidate|boost
|-unboost|p2a: Goatmorea|atk|1
|move|p2a: Goatmorea|Meteor Beam|p1a: Incineroar|[from] lockedmove
|-supereffective|p1a: Incineroar
|-damage|p1a: Incineroar|0 fnt
|faint|p1a: Incineroar
|
|upkeep
|
|t:|1778507629
|switch|p1a: Weezing|Weezing-Galar, M, shiny|94/100
|-damage|p1a: Weezing|82/100|[from] Stealth Rock
|turn|9
|
|t:|1778507636
|move|p2a: Goatmorea|Meteor Beam||[still]
|-prepare|p2a: Goatmorea|Meteor Beam
|-boost|p2a: Goatmorea|spa|1
|move|p1a: Weezing|Defog|p2a: Goatmorea
|-unboost|p2a: Goatmorea|evasion|1
|-sideend|p1: roddyj|Toxic Spikes|[from] move: Defog|[of] p1a: Weezing
|-sideend|p1: roddyj|Stealth Rock|[from] move: Defog|[of] p1a: Weezing
|
|-heal|p1a: Weezing|88/100|[from] item: Leftovers
|upkeep
|turn|10
|
|t:|1778507658
|switch|p1a: Raikou|Raikou, shiny|100/100
|-ability|p1a: Raikou|Pressure
|move|p2a: Goatmorea|Meteor Beam|p1a: Raikou|[from] lockedmove
|-damage|p1a: Raikou|0 fnt
|faint|p1a: Raikou
|
|upkeep
|
|t:|1778507661
|switch|p1a: Serperior|Serperior, F, shiny|100/100
|turn|11
|
|t:|1778507683
|move|p1a: Serperior|Leaf Storm|p2a: Goatmorea
|-damage|p2a: Goatmorea|0 fnt
|-boost|p1a: Serperior|spa|2
|faint|p2a: Goatmorea
|
|upkeep
|
|t:|1778507690
|switch|p2a: spikes-za-hut|Samurott-Hisui, M|100/100
|turn|12
|
|t:|1778507693
|move|p1a: Serperior|Leaf Storm|p2a: spikes-za-hut
|-supereffective|p2a: spikes-za-hut
|-enditem|p2a: spikes-za-hut|Focus Sash
|-damage|p2a: spikes-za-hut|1/100
|-boost|p1a: Serperior|spa|2
|move|p2a: spikes-za-hut|Ceaseless Edge|p1a: Serperior
|-damage|p1a: Serperior|58/100
|-sidestart|p1: roddyj|Spikes
|
|-heal|p1a: Serperior|64/100|[from] item: Leftovers
|upkeep
|turn|13
|
|t:|1778507705
|move|p2a: spikes-za-hut|Sucker Punch||[still]
|-fail|p2a: spikes-za-hut
|move|p1a: Serperior|Substitute|p1a: Serperior
|-start|p1a: Serperior|Substitute
|-damage|p1a: Serperior|39/100
|
|-heal|p1a: Serperior|45/100|[from] item: Leftovers
|upkeep
|turn|14
|
|t:|1778507711
|move|p1a: Serperior|Glare|p2a: spikes-za-hut
|-status|p2a: spikes-za-hut|par
|move|p2a: spikes-za-hut|Encore|p1a: Serperior
|-start|p1a: Serperior|Encore
|
|-heal|p1a: Serperior|51/100|[from] item: Leftovers
|upkeep
|turn|15
|
|t:|1778507733
|move|p1a: Serperior|Glare|p2a: spikes-za-hut
|-fail|p2a: spikes-za-hut|par
|move|p2a: spikes-za-hut|Ceaseless Edge|p1a: Serperior
|-end|p1a: Serperior|Substitute
|-sidestart|p1: roddyj|Spikes
|
|-heal|p1a: Serperior|58/100|[from] item: Leftovers
|upkeep
|turn|16
|
|t:|1778507741
|switch|p1a: Weezing|Weezing-Galar, M, shiny|88/100
|move|p2a: spikes-za-hut|Ceaseless Edge|p1a: Weezing
|-resisted|p1a: Weezing
|-damage|p1a: Weezing|74/100
|-sidestart|p1: roddyj|Spikes
|
|-heal|p1a: Weezing|80/100|[from] item: Leftovers
|upkeep
|turn|17
|
|t:|1778507753
|switch|p2a: ben|Deoxys-Speed|100/100
|-ability|p2a: ben|Pressure
|move|p1a: Weezing|Defog|p2a: ben
|-unboost|p2a: ben|evasion|1
|-sideend|p1: roddyj|Spikes|[from] move: Defog|[of] p1a: Weezing
|
|-heal|p1a: Weezing|86/100|[from] item: Leftovers
|upkeep
|turn|18
|
|t:|1778507771
|switch|p1a: Serperior|Serperior, F, shiny|58/100
|move|p2a: ben|Light Screen|p2a: ben
|-sidestart|p2: DoDouno|move: Light Screen
|
|-heal|p1a: Serperior|64/100|[from] item: Leftovers
|upkeep
|turn|19
|
|t:|1778507776
|move|p2a: ben|Taunt|p1a: Serperior
|-start|p1a: Serperior|move: Taunt
|cant|p1a: Serperior|move: Taunt|Glare
|
|-heal|p1a: Serperior|70/100|[from] item: Leftovers
|upkeep
|turn|20
|
|t:|1778507784
|switch|p2a: green teen|Dragonite, M|100/100
|move|p1a: Serperior|Leaf Storm|p2a: green teen
|-resisted|p2a: green teen
|-damage|p2a: green teen|98/100
|-boost|p1a: Serperior|spa|2
|
|-heal|p1a: Serperior|76/100|[from] item: Leftovers
|upkeep
|turn|21
|
|t:|1778507792
|switch|p1a: Weezing|Weezing-Galar, M, shiny|86/100
|move|p2a: green teen|Dragon Dance|p2a: green teen
|-boost|p2a: green teen|atk|1
|-boost|p2a: green teen|spe|1
|
|-heal|p1a: Weezing|92/100|[from] item: Leftovers
|upkeep
|turn|22
|
|t:|1778507800
|-terastallize|p2a: green teen|Fire
|move|p2a: green teen|Dragon Dance|p2a: green teen
|-boost|p2a: green teen|atk|1
|-boost|p2a: green teen|spe|1
|move|p1a: Weezing|Will-O-Wisp|p2a: green teen
|-immune|p2a: green teen
|
|-heal|p1a: Weezing|98/100|[from] item: Leftovers
|upkeep
|turn|23
|
|t:|1778507820
|move|p2a: green teen|Encore|p1a: Weezing
|-start|p1a: Weezing|Encore
|move|p1a: Weezing|Will-O-Wisp|p2a: green teen
|-immune|p2a: green teen
|
|-heal|p1a: Weezing|100/100|[from] item: Leftovers
|upkeep
|turn|24
|-message|roddyj forfeited.
|
|win|DoDouno
|raw|roddyj's rating: 1406 &rarr; <strong>1385</strong><br />(-21 for losing)
|raw|DoDouno's rating: 1387 &rarr; <strong>1408</strong><br />(+21 for winning)
|l|☆roddyj
|player|p1|
|l|☆DoDouno
|player|p2|
