|html|<div class="broadcast-blue"><strong>[Gen 9] OU is currently suspecting Tera Blast! For information on how to participate check out the <a href="https://www.smogon.com/tools/suspects/view/200">suspect thread</a>.</strong></div>
|j|‽Zoax
|j|☆Chrisfeb1992
|t:|1776250265
|gametype|singles
|player|p1|Zoax|cyclist-gen4|1321
|player|p2|Chrisfeb1992|169|1391
|gen|9
|tier|[Gen 9] OU
|rated|
|rule|HP Percentage Mod: HP is shown in percentages
|rule|Endless Battle Clause: Forcing endless battles is banned
|rule|Species Clause: Limit one of each Pokémon
|rule|OHKO Clause: OHKO moves are banned
|rule|Evasion Items Clause: Evasion items are banned
|rule|Evasion Moves Clause: Evasion moves are banned
|rule|Evasion Abilities Clause: Evasion abilities are banned
|rule|Sleep Moves Clause: Sleep-inducing moves are banned
|clearpoke
|poke|p1|Landorus-Therian, M|
|poke|p1|Meowstic, M|
|poke|p1|Rotom-Wash|
|poke|p1|Blaziken, F|
|poke|p1|Corviknight, F|
|poke|p1|Samurott-Hisui, F|
|poke|p2|Torkoal, F|
|poke|p2|Walking Wake|
|poke|p2|Deoxys-Speed|
|poke|p2|Zamazenta-*|
|poke|p2|Cinderace, M|
|poke|p2|Ceruledge, M|
|teampreview
|
|t:|1776250279
|teamsize|p1|6
|teamsize|p2|6
|start
|switch|p1a: Samurott|Samurott-Hisui, F|100/100
|switch|p2a: Torkoal|Torkoal, F|100/100
|-weather|SunnyDay|[from] ability: Drought|[of] p2a: Torkoal
|turn|1
|
|t:|1776250287
|move|p1a: Samurott|Swords Dance|p1a: Samurott
|-boost|p1a: Samurott|atk|2
|move|p2a: Torkoal|Will-O-Wisp|p1a: Samurott|[miss]
|-miss|p2a: Torkoal|p1a: Samurott
|
|-weather|SunnyDay|[upkeep]
|upkeep
|turn|2
|
|t:|1776250298
|move|p1a: Samurott|Aqua Cutter|p2a: Torkoal
|-supereffective|p2a: Torkoal
|-damage|p2a: Torkoal|48/100
|move|p2a: Torkoal|Will-O-Wisp|p1a: Samurott
|-status|p1a: Samurott|brn
|
|-weather|SunnyDay|[upkeep]
|-damage|p1a: Samurott|94/100 brn|[from] brn
|upkeep
|turn|3
|
|t:|1776250308
|switch|p2a: Walking Wake|Walking Wake|100/100
|-activate|p2a: Walking Wake|ability: Protosynthesis
|-start|p2a: Walking Wake|protosynthesisspe
|move|p1a: Samurott|Ceaseless Edge|p2a: Walking Wake
|-damage|p2a: Walking Wake|49/100
|-sidestart|p2: Chrisfeb1992|Spikes
|
|-weather|SunnyDay|[upkeep]
|-damage|p1a: Samurott|88/100 brn|[from] brn
|upkeep
|turn|4
|
|t:|1776250323
|move|p2a: Walking Wake|Hydro Steam|p1a: Samurott
|-resisted|p1a: Samurott
|-damage|p1a: Samurott|21/100 brn
|move|p1a: Samurott|Ceaseless Edge|p2a: Walking Wake
|-damage|p2a: Walking Wake|0 fnt
|-sidestart|p2: Chrisfeb1992|Spikes
|faint|p2a: Walking Wake
|-end|p2a: Walking Wake|Protosynthesis|[silent]
|
|-weather|SunnyDay|[upkeep]
|-damage|p1a: Samurott|15/100 brn|[from] brn
|upkeep
|
|t:|1776250335
|switch|p2a: Cinderace|Cinderace, M|100/100
|turn|5
|
|t:|1776250342
|move|p2a: Cinderace|Pyro Ball|p1a: Samurott
|-resisted|p1a: Samurott
|-damage|p1a: Samurott|0 fnt
|faint|p1a: Samurott
|
|-weather|SunnyDay|[upkeep]
|upkeep
|
|t:|1776250350
|switch|p1a: Meowstic|Meowstic, M|100/100
|turn|6
|
|t:|1776250355
|move|p1a: Meowstic|Reflect|p1a: Meowstic
|-sidestart|p1: Zoax|Reflect
|move|p2a: Cinderace|Court Change|p2a: Cinderace
|-swapsideconditions
|-activate|p2a: Cinderace|move: Court Change
|
|-weather|SunnyDay|[upkeep]
|upkeep
|turn|7
|
|t:|1776250366
|move|p1a: Meowstic|Thunder Wave|p2a: Cinderace
|-status|p2a: Cinderace|par
|move|p2a: Cinderace|Pyro Ball|p1a: Meowstic
|-damage|p1a: Meowstic|4/100
|
|-weather|SunnyDay|[upkeep]
|upkeep
|turn|8
|
|t:|1776250375
|move|p1a: Meowstic|Reflect|p1a: Meowstic
|-sidestart|p1: Zoax|Reflect
|move|p2a: Cinderace|U-turn|p1a: Meowstic
|-supereffective|p1a: Meowstic
|-crit|p1a: Meowstic
|-damage|p1a: Meowstic|0 fnt
|faint|p1a: Meowstic
|
|t:|1776250384
|switch|p2a: Ceruledge|Ceruledge, M|100/100|[from] U-turn
|
|-weather|none
|upkeep
|
|t:|1776250390
|switch|p1a: Rotom|Rotom-Wash|100/100
|turn|9
|
|t:|1776250394
|switch|p2a: Torkoal|Torkoal, F|48/100
|-weather|SunnyDay|[from] ability: Drought|[of] p2a: Torkoal
|move|p1a: Rotom|Trick|p2a: Torkoal
|-activate|p1a: Rotom|move: Trick|[of] p2a: Torkoal
|-item|p2a: Torkoal|Choice Scarf|[from] move: Trick
|-item|p1a: Rotom|Heat Rock|[from] move: Trick
|
|-weather|SunnyDay|[upkeep]
|upkeep
|turn|10
|
|t:|1776250406
|move|p1a: Rotom|Hydro Pump|p2a: Torkoal
|-supereffective|p2a: Torkoal
|-damage|p2a: Torkoal|0 fnt
|faint|p2a: Torkoal
|
|-weather|SunnyDay|[upkeep]
|upkeep
|
|t:|1776250413
|switch|p2a: Deoxys|Deoxys-Speed|100/100
|-ability|p2a: Deoxys|Pressure
|turn|11
|
|t:|1776250421
|move|p2a: Deoxys|Light Screen|p2a: Deoxys
|-sidestart|p2: Chrisfeb1992|move: Light Screen
|move|p1a: Rotom|Discharge|p2a: Deoxys
|-damage|p2a: Deoxys|77/100
|-status|p2a: Deoxys|par
|
|-weather|SunnyDay|[upkeep]
|upkeep
|turn|12
|
|t:|1776250432
|switch|p1a: Corviknight|Corviknight, F|100/100
|-ability|p1a: Corviknight|Unnerve
|move|p2a: Deoxys|Psycho Boost|p1a: Corviknight|[miss]
|-miss|p2a: Deoxys|p1a: Corviknight
|
|-weather|SunnyDay|[upkeep]
|upkeep
|turn|13
|
|t:|1776250442
|switch|p2a: Ceruledge|Ceruledge, M|100/100
|move|p1a: Corviknight|Defog|p2a: Ceruledge
|-unboost|p2a: Ceruledge|evasion|1
|-sideend|p2: Chrisfeb1992|Reflect
|-sideend|p2: Chrisfeb1992|move: Light Screen
|-sideend|p1: Zoax|Spikes|[from] move: Defog|[of] p1a: Corviknight
|
|-weather|SunnyDay|[upkeep]
|upkeep
|turn|14
|
|t:|1776250456
|switch|p1a: Landorus|Landorus-Therian, M|100/100
|-ability|p1a: Landorus|Intimidate|boost
|-unboost|p2a: Ceruledge|atk|1
|move|p2a: Ceruledge|Swords Dance|p2a: Ceruledge
|-boost|p2a: Ceruledge|atk|2
|
|-weather|SunnyDay|[upkeep]
|upkeep
|turn|15
|
|t:|1776250467
|-terastallize|p2a: Ceruledge|Ghost
|move|p1a: Landorus|Earthquake|p2a: Ceruledge
|-damage|p2a: Ceruledge|19/100
|-ability|p2a: Ceruledge|Weak Armor|boost
|-unboost|p2a: Ceruledge|def|1
|-boost|p2a: Ceruledge|spe|2
|move|p2a: Ceruledge|Swords Dance|p2a: Ceruledge
|-boost|p2a: Ceruledge|atk|2
|
|-weather|SunnyDay|[upkeep]
|-sideend|p1: Zoax|Reflect
|upkeep
|turn|16
|
|t:|1776250482
|switch|p1a: Rotom|Rotom-Wash|100/100
|move|p2a: Ceruledge|Bitter Blade|p1a: Rotom
|-resisted|p1a: Rotom
|-damage|p1a: Rotom|0 fnt
|-heal|p2a: Ceruledge|60/100|[from] drain|[of] p1a: Rotom
|faint|p1a: Rotom
|
|-weather|none
|upkeep
|
|t:|1776250493
|switch|p1a: Landorus|Landorus-Therian, M|100/100
|-ability|p1a: Landorus|Intimidate|boost
|-unboost|p2a: Ceruledge|atk|1
|turn|17
|
|t:|1776250498
|move|p2a: Ceruledge|Poltergeist|p1a: Landorus
|-activate|p1a: Landorus|move: Poltergeist|Choice Scarf
|-damage|p1a: Landorus|0 fnt
|faint|p1a: Landorus
|
|upkeep
|
|t:|1776250505
|switch|p1a: Blaziken|Blaziken, F|100/100
|turn|18
|
|t:|1776250511
|move|p2a: Ceruledge|Poltergeist|p1a: Blaziken
|-activate|p1a: Blaziken|move: Poltergeist|Heavy-Duty Boots
|-damage|p1a: Blaziken|0 fnt
|faint|p1a: Blaziken
|
|upkeep
|-message|Zoax forfeited.
|
|win|Chrisfeb1992
|raw|Zoax's rating: 1321 &rarr; <strong>1305</strong><br />(-16 for losing)
|raw|Chrisfeb1992's rating: 1391 &rarr; <strong>1407</strong><br />(+16 for winning)
|l|‽Zoax
|player|p1|
