|html|<div class="broadcast-blue"><strong>[Gen 9] OU is currently suspecting Tera Blast! For information on how to participate check out the <a href="https://www.smogon.com/tools/suspects/view/200">suspect thread</a>.</strong></div>
|j|☆ueuezii
|j|☆malihuhh
|t:|1776041021
|gametype|singles
|player|p1|ueuezii|2|1077
|player|p2|malihuhh|caitlin|1076
|gen|9
|tier|[Gen 9] OU
|rated|
|rule|HP Percentage Mod: HP is shown in percentages
|rule|Endless Battle Clause: Forcing endless battles is banned
|rule|Species Clause: Limit one of each Pokémon
|rule|OHKO Clause: OHKO moves are banned
|rule|Evasion Items Clause: Evasion items are banned
|rule|Evasion Moves Clause: Evasion moves are banned
|rule|Evasion Abilities Clause: Evasion abilities are banned
|rule|Sleep Moves Clause: Sleep-inducing moves are banned
|clearpoke
|poke|p1|Ninetales-Alola, F|
|poke|p1|Gliscor, M|
|poke|p1|Hatterene, F|
|poke|p1|Heatran, M|
|poke|p1|Samurott-Hisui, M|
|poke|p1|Dragonite, M|
|poke|p2|Scizor, M|
|poke|p2|Frosmoth, M|
|poke|p2|Forretress, M|
|poke|p2|Lokix, F|
|poke|p2|Heracross, F|
|poke|p2|Vivillon-Pokeball, M|
|teampreview
|inactive|Battle timer is ON: inactive players will automatically lose when time's up. (requested by ueuezii)
|c|☆malihuhh|hey
|c|☆malihuhh|do you like my bugs
|
|t:|1776041043
|teamsize|p1|6
|teamsize|p2|6
|start
|switch|p1a: Heatran|Heatran, M|100/100
|switch|p2a: Forretress|Forretress, M|100/100
|turn|1
|c|☆ueuezii|ye mate
|c|☆malihuhh|thanks
|
|t:|1776041056
|move|p1a: Heatran|Fire Blast|p2a: Forretress
|-supereffective|p2a: Forretress
|-ability|p2a: Forretress|Sturdy
|-damage|p2a: Forretress|1/100
|move|p2a: Forretress|Body Press|p1a: Heatran
|-supereffective|p1a: Heatran
|-damage|p1a: Heatran|48/100
|
|-heal|p1a: Heatran|54/100|[from] item: Leftovers
|-heal|p2a: Forretress|7/100|[from] item: Leftovers
|upkeep
|turn|2
|
|t:|1776041070
|move|p1a: Heatran|Fire Blast|p2a: Forretress
|-supereffective|p2a: Forretress
|-damage|p2a: Forretress|0 fnt
|faint|p2a: Forretress
|
|-heal|p1a: Heatran|60/100|[from] item: Leftovers
|upkeep
|inactive|malihuhh has 120 seconds left.
|
|t:|1776041112
|switch|p2a: bois|Heracross, F|100/100
|turn|3
|
|t:|1776041119
|move|p2a: bois|Close Combat|p1a: Heatran
|-supereffective|p1a: Heatran
|-damage|p1a: Heatran|0 fnt
|-unboost|p2a: bois|def|1
|-unboost|p2a: bois|spd|1
|faint|p1a: Heatran
|-ability|p2a: bois|Moxie|boost
|-boost|p2a: bois|atk|1
|
|upkeep
|
|t:|1776041141
|switch|p1a: Dragonite|Dragonite, M|100/100
|turn|4
|
|t:|1776041152
|move|p2a: bois|Close Combat|p1a: Dragonite
|-resisted|p1a: Dragonite
|-damage|p1a: Dragonite|62/100
|-unboost|p2a: bois|def|1
|-unboost|p2a: bois|spd|1
|move|p1a: Dragonite|Fire Blast|p2a: bois
|-supereffective|p2a: bois
|-damage|p2a: bois|0 fnt
|faint|p2a: bois
|
|-heal|p1a: Dragonite|68/100|[from] item: Leftovers
|upkeep
|inactive|malihuhh has 120 seconds left.
|
|t:|1776041172
|switch|p2a: Frosmoth|Frosmoth, M|100/100
|turn|5
|inactive|malihuhh has 120 seconds left.
|
|t:|1776041177
|move|p2a: Frosmoth|Icicle Spear|p1a: Dragonite
|-supereffective|p1a: Dragonite
|-damage|p1a: Dragonite|42/100
|-supereffective|p1a: Dragonite
|-damage|p1a: Dragonite|16/100
|-supereffective|p1a: Dragonite
|-damage|p1a: Dragonite|0 fnt
|faint|p1a: Dragonite
|-hitcount|p1: Dragonite|3
|
|upkeep
|
|t:|1776041201
|switch|p1a: Samurott|Samurott-Hisui, M|100/100
|turn|6
|
|t:|1776041205
|move|p1a: Samurott|Air Slash|p2a: Frosmoth
|-supereffective|p2a: Frosmoth
|-damage|p2a: Frosmoth|61/100
|move|p2a: Frosmoth|Quiver Dance|p2a: Frosmoth
|-boost|p2a: Frosmoth|spa|1
|-boost|p2a: Frosmoth|spd|1
|-boost|p2a: Frosmoth|spe|1
|
|upkeep
|turn|7
|
|t:|1776041217
|move|p2a: Frosmoth|Quiver Dance|p2a: Frosmoth
|-boost|p2a: Frosmoth|spa|1
|-boost|p2a: Frosmoth|spd|1
|-boost|p2a: Frosmoth|spe|1
|move|p1a: Samurott|Air Slash|p2a: Frosmoth
|-supereffective|p2a: Frosmoth
|-damage|p2a: Frosmoth|38/100
|
|upkeep
|turn|8
|
|t:|1776041224
|move|p2a: Frosmoth|Quiver Dance|p2a: Frosmoth
|-boost|p2a: Frosmoth|spa|1
|-boost|p2a: Frosmoth|spd|1
|-boost|p2a: Frosmoth|spe|1
|move|p1a: Samurott|Ceaseless Edge|p2a: Frosmoth
|-damage|p2a: Frosmoth|0 fnt
|-sidestart|p2: malihuhh|Spikes
|faint|p2a: Frosmoth
|
|upkeep
|
|t:|1776041231
|switch|p2a: Vivillon|Vivillon-Pokeball, M|100/100
|turn|9
|
|t:|1776041235
|move|p2a: Vivillon|Stun Spore|p1a: Samurott
|-status|p1a: Samurott|par
|cant|p1a: Samurott|par
|
|upkeep
|turn|10
|
|t:|1776041243
|move|p2a: Vivillon|Quiver Dance|p2a: Vivillon
|-boost|p2a: Vivillon|spa|1
|-boost|p2a: Vivillon|spd|1
|-boost|p2a: Vivillon|spe|1
|move|p1a: Samurott|Swords Dance|p1a: Samurott
|-boost|p1a: Samurott|atk|2
|
|upkeep
|turn|11
|
|t:|1776041250
|move|p2a: Vivillon|Quiver Dance|p2a: Vivillon
|-boost|p2a: Vivillon|spa|1
|-boost|p2a: Vivillon|spd|1
|-boost|p2a: Vivillon|spe|1
|move|p1a: Samurott|Ceaseless Edge|p2a: Vivillon
|-damage|p2a: Vivillon|0 fnt
|-sidestart|p2: malihuhh|Spikes
|faint|p2a: Vivillon
|
|upkeep
|
|t:|1776041255
|switch|p2a: Scizor|Scizor, M, shiny|100/100
|-damage|p2a: Scizor|84/100|[from] Spikes
|turn|12
|
|t:|1776041264
|move|p2a: Scizor|Trailblaze|p1a: Samurott
|-supereffective|p1a: Samurott
|-damage|p1a: Samurott|42/100 par
|-boost|p2a: Scizor|spe|1
|cant|p1a: Samurott|par
|
|-heal|p1a: Samurott|48/100 par|[from] item: Leftovers
|upkeep
|turn|13
|
|t:|1776041277
|move|p2a: Scizor|Trailblaze|p1a: Samurott
|-supereffective|p1a: Samurott
|-damage|p1a: Samurott|0 fnt
|-boost|p2a: Scizor|spe|1
|faint|p1a: Samurott
|
|upkeep
|
|t:|1776041293
|switch|p1a: Gliscor|Gliscor, M|100/100
|turn|14
|
|t:|1776041307
|move|p2a: Scizor|Swords Dance|p2a: Scizor
|-boost|p2a: Scizor|atk|2
|move|p1a: Gliscor|Earthquake|p2a: Scizor
|-damage|p2a: Scizor|49/100
|
|-status|p1a: Gliscor|tox|[from] item: Toxic Orb
|upkeep
|turn|15
|
|t:|1776041317
|move|p2a: Scizor|Bullet Punch|p1a: Gliscor
|-damage|p1a: Gliscor|47/100 tox
|move|p1a: Gliscor|Facade|p2a: Scizor
|-resisted|p2a: Scizor
|-damage|p2a: Scizor|32/100
|
|-heal|p1a: Gliscor|60/100 tox|[from] ability: Poison Heal
|upkeep
|turn|16
|
|t:|1776041326
|move|p2a: Scizor|Bullet Punch|p1a: Gliscor
|-damage|p1a: Gliscor|10/100 tox
|move|p1a: Gliscor|Earthquake|p2a: Scizor
|-damage|p2a: Scizor|0 fnt
|faint|p2a: Scizor
|
|-heal|p1a: Gliscor|22/100 tox|[from] ability: Poison Heal
|upkeep
|
|t:|1776041328
|switch|p2a: Lokix|Lokix, F|100/100
|-damage|p2a: Lokix|84/100|[from] Spikes
|turn|17
|
|t:|1776041340
|move|p1a: Gliscor|Facade|p2a: Lokix
|-damage|p2a: Lokix|48/100
|move|p2a: Lokix|Assurance|p1a: Gliscor
|-damage|p1a: Gliscor|0 fnt
|faint|p1a: Gliscor
|
|upkeep
|-message|malihuhh forfeited.
|
|win|ueuezii
|raw|ueuezii's rating: 1077 &rarr; <strong>1105</strong><br />(+28 for winning)
|raw|malihuhh's rating: 1076 &rarr; <strong>1055</strong><br />(-21 for losing)
|l|☆malihuhh
|player|p2|
|l|☆ueuezii
|player|p1|
