|html|<div class="broadcast-blue"><strong>[Gen 9] OU is currently suspecting Tera Blast! For information on how to participate check out the <a href="https://www.smogon.com/tools/suspects/view/200">suspect thread</a>.</strong></div>
|j|☆ANOTHERDAYWILLCOME
|j|☆PinkyWinkyt
|t:|1776040295
|gametype|singles
|player|p1|ANOTHERDAYWILLCOME|1|1460
|player|p2|PinkyWinkyt|dawn|1518
|gen|9
|tier|[Gen 9] OU
|rated|
|rule|HP Percentage Mod: HP is shown in percentages
|rule|Endless Battle Clause: Forcing endless battles is banned
|rule|Species Clause: Limit one of each Pokémon
|rule|OHKO Clause: OHKO moves are banned
|rule|Evasion Items Clause: Evasion items are banned
|rule|Evasion Moves Clause: Evasion moves are banned
|rule|Evasion Abilities Clause: Evasion abilities are banned
|rule|Sleep Moves Clause: Sleep-inducing moves are banned
|clearpoke
|poke|p1|Slowking-Galar, M|
|poke|p1|Porygon-Z|
|poke|p1|Meowscarada, M|
|poke|p1|Skeledirge, M|
|poke|p1|Weavile, M|
|poke|p1|Corviknight, F|
|poke|p2|Zapdos|
|poke|p2|Primarina, M|
|poke|p2|Garganacl, F|
|poke|p2|Great Tusk|
|poke|p2|Iron Moth|
|poke|p2|Kingambit, F|
|teampreview
|j| ohko_smeargle
|inactive|Battle timer is ON: inactive players will automatically lose when time's up. (requested by PinkyWinkyt)
|
|t:|1776040309
|teamsize|p1|6
|teamsize|p2|6
|start
|switch|p1a: Meowscarada|Meowscarada, M|100/100
|switch|p2a: Zapdos|Zapdos|100/100
|turn|1
|
|t:|1776040316
|switch|p1a: Slowking|Slowking-Galar, M|100/100
|move|p2a: Zapdos|Heat Wave|p1a: Slowking
|-damage|p1a: Slowking|86/100
|
|upkeep
|turn|2
|
|t:|1776040321
|move|p2a: Zapdos|U-turn|p1a: Slowking
|-damage|p1a: Slowking|71/100
|
|t:|1776040324
|switch|p2a: Primarina|Primarina, M, shiny|100/100|[from] U-turn
|-prepare|p1a: Slowking|Chilly Reception|[premajor]
|move|p1a: Slowking|Chilly Reception|p1a: Slowking
|-weather|Snowscape
|
|t:|1776040329
|switch|p1a: Meowscarada|Meowscarada, M|100/100|[from] Chilly Reception
|
|-weather|Snowscape|[upkeep]
|upkeep
|turn|3
|
|t:|1776040333
|switch|p2a: Zapdos|Zapdos|100/100
|move|p1a: Meowscarada|Knock Off|p2a: Zapdos
|-start|p1a: Meowscarada|typechange|Dark|[from] ability: Protean
|-damage|p2a: Zapdos|54/100
|-enditem|p2a: Zapdos|Heavy-Duty Boots|[from] move: Knock Off|[of] p1a: Meowscarada
|
|-weather|Snowscape|[upkeep]
|upkeep
|turn|4
|
|t:|1776040338
|switch|p1a: Slowking|Slowking-Galar, M|100/100
|move|p2a: Zapdos|U-turn|p1a: Slowking
|-damage|p1a: Slowking|88/100
|
|t:|1776040341
|switch|p2a: Iron Moth|Iron Moth|100/100|[from] U-turn
|-enditem|p2a: Iron Moth|Booster Energy
|-activate|p2a: Iron Moth|ability: Quark Drive|[fromitem]
|-start|p2a: Iron Moth|quarkdrivespa
|
|-weather|Snowscape|[upkeep]
|upkeep
|turn|5
|
|t:|1776040348
|move|p2a: Iron Moth|Substitute|p2a: Iron Moth
|-start|p2a: Iron Moth|Substitute
|-damage|p2a: Iron Moth|76/100
|-prepare|p1a: Slowking|Chilly Reception|[premajor]
|move|p1a: Slowking|Chilly Reception|p1a: Slowking
|
|t:|1776040362
|switch|p1a: Skeledirge|Skeledirge, M|100/100|[from] Chilly Reception
|
|-weather|Snowscape|[upkeep]
|upkeep
|turn|6
|
|t:|1776040372
|move|p2a: Iron Moth|Fiery Dance|p1a: Skeledirge
|-resisted|p1a: Skeledirge
|-damage|p1a: Skeledirge|72/100
|-boost|p2a: Iron Moth|spa|1
|move|p1a: Skeledirge|Torch Song|p2a: Iron Moth
|-resisted|p2a: Iron Moth
|-damage|p2a: Iron Moth|59/100
|-boost|p1a: Skeledirge|spa|1
|
|-weather|none
|upkeep
|turn|7
|
|t:|1776040383
|move|p2a: Iron Moth|Sludge Wave|p1a: Skeledirge
|-resisted|p1a: Skeledirge
|-damage|p1a: Skeledirge|37/100
|move|p1a: Skeledirge|Torch Song|p2a: Iron Moth
|-resisted|p2a: Iron Moth
|-damage|p2a: Iron Moth|35/100
|-boost|p1a: Skeledirge|spa|1
|
|upkeep
|turn|8
|
|t:|1776040392
|move|p2a: Iron Moth|Sludge Wave|p1a: Skeledirge
|-resisted|p1a: Skeledirge
|-damage|p1a: Skeledirge|0 fnt
|faint|p1a: Skeledirge
|
|upkeep
|
|t:|1776040408
|switch|p1a: Meowscarada|Meowscarada, M|100/100
|turn|9
|
|t:|1776040411
|move|p1a: Meowscarada|U-turn|p2a: Iron Moth
|-start|p1a: Meowscarada|typechange|Bug|[from] ability: Protean
|-resisted|p2a: Iron Moth
|-activate|p2a: Iron Moth|move: Substitute|[damage]
|
|t:|1776040418
|switch|p1a: Slowking|Slowking-Galar, M|100/100|[from] U-turn
|move|p2a: Iron Moth|Fiery Dance|p1a: Slowking
|-damage|p1a: Slowking|47/100
|
|upkeep
|turn|10
|
|t:|1776040442
|move|p2a: Iron Moth|Fiery Dance|p1a: Slowking
|-damage|p1a: Slowking|0 fnt
|faint|p1a: Slowking
|
|upkeep
|
|t:|1776040444
|switch|p1a: Meowscarada|Meowscarada, M|100/100
|turn|11
|
|t:|1776040451
|move|p1a: Meowscarada|Triple Axel|p2a: Iron Moth
|-start|p1a: Meowscarada|typechange|Ice|[from] ability: Protean
|-resisted|p2a: Iron Moth
|-end|p2a: Iron Moth|Substitute
|-resisted|p2a: Iron Moth
|-damage|p2a: Iron Moth|10/100
|-resisted|p2a: Iron Moth
|-damage|p2a: Iron Moth|0 fnt
|faint|p2a: Iron Moth
|-end|p2a: Iron Moth|Quark Drive|[silent]
|-hitcount|p2: Iron Moth|3
|
|upkeep
|
|t:|1776040462
|switch|p2a: Great Tusk|Great Tusk|100/100
|turn|12
|
|t:|1776040466
|move|p1a: Meowscarada|Triple Axel|p2a: Great Tusk|[miss]
|-miss|p1a: Meowscarada|p2a: Great Tusk
|move|p2a: Great Tusk|Body Press|p1a: Meowscarada
|-supereffective|p1a: Meowscarada
|-damage|p1a: Meowscarada|0 fnt
|faint|p1a: Meowscarada
|
|upkeep
|
|t:|1776040469
|switch|p1a: Porygon-Z|Porygon-Z|100/100
|-ability|p1a: Porygon-Z|Download|boost
|-boost|p1a: Porygon-Z|spa|1
|turn|13
|
|t:|1776040483
|move|p1a: Porygon-Z|Tri Attack|p2a: Great Tusk
|-damage|p2a: Great Tusk|0 fnt
|faint|p2a: Great Tusk
|-end|p2a: Great Tusk|Protosynthesis|[silent]
|
|upkeep
|
|t:|1776040487
|switch|p2a: Primarina|Primarina, M, shiny|100/100
|turn|14
|
|t:|1776040491
|move|p1a: Porygon-Z|Tri Attack|p2a: Primarina
|-damage|p2a: Primarina|45/100
|move|p2a: Primarina|Sparkling Aria|p1a: Porygon-Z
|-damage|p1a: Porygon-Z|34/100
|
|upkeep
|turn|15
|
|t:|1776040498
|move|p1a: Porygon-Z|Tri Attack|p2a: Primarina
|-damage|p2a: Primarina|0 fnt
|faint|p2a: Primarina
|
|upkeep
|
|t:|1776040503
|switch|p2a: Garganacl|Garganacl, F|100/100
|turn|16
|
|t:|1776040508
|move|p1a: Porygon-Z|Tri Attack|p2a: Garganacl
|-resisted|p2a: Garganacl
|-damage|p2a: Garganacl|71/100
|move|p2a: Garganacl|Body Press|p1a: Porygon-Z
|-supereffective|p1a: Porygon-Z
|-crit|p1a: Porygon-Z
|-damage|p1a: Porygon-Z|0 fnt
|faint|p1a: Porygon-Z
|
|-heal|p2a: Garganacl|77/100|[from] item: Leftovers
|upkeep
|-message|ANOTHERDAYWILLCOME forfeited.
|
|win|PinkyWinkyt
|raw|ANOTHERDAYWILLCOME's rating: 1460 &rarr; <strong>1443</strong><br />(-17 for losing)
|raw|PinkyWinkyt's rating: 1518 &rarr; <strong>1535</strong><br />(+17 for winning)
|l|☆ANOTHERDAYWILLCOME
|player|p1|
|l| ohko_smeargle
|l|☆PinkyWinkyt
|player|p2|
