|html|<div class="broadcast-blue"><strong>[Gen 9] OU is currently suspecting Volcarona! For information on how to participate check out the <a href="https://www.smogon.com/tools/suspects/view/208">suspect thread</a>.</strong></div>
|badge|p2|bronze|gen9ou|100-9
|uhtml|medal-msg|<div class="broadcast-blue">Curious what those medals under the avatar are? PS now has Ladder Seasons! For more information, check out the <a href="https://www.smogon.com/forums/threads/3740067/">thread on Smogon.</a></div>
|j|☆takeyouout
|j|☆Noamm
|t:|1778510518
|gametype|singles
|player|p1|takeyouout|richboy|1687
|player|p2|Noamm|gambler|1838
|gen|9
|tier|[Gen 9] OU
|rated|
|rule|HP Percentage Mod: HP is shown in percentages
|rule|Endless Battle Clause: Forcing endless battles is banned
|rule|Species Clause: Limit one of each Pokémon
|rule|OHKO Clause: OHKO moves are banned
|rule|Evasion Items Clause: Evasion items are banned
|rule|Evasion Moves Clause: Evasion moves are banned
|rule|Evasion Abilities Clause: Evasion abilities are banned
|rule|Sleep Moves Clause: Sleep-inducing moves are banned
|clearpoke
|poke|p1|Tyranitar, F|
|poke|p1|Alomomola, F|
|poke|p1|Tornadus-Therian, M|
|poke|p1|Excadrill, F|
|poke|p1|Amoonguss, M|
|poke|p1|Keldeo-Resolute|
|poke|p2|Lokix, M|
|poke|p2|Iron Valiant|
|poke|p2|Alomomola, M|
|poke|p2|Mandibuzz, F|
|poke|p2|Great Tusk|
|poke|p2|Gholdengo|
|teampreview
|inactive|Battle timer is ON: inactive players will automatically lose when time's up. (requested by Noamm)
|inactive|takeyouout has 120 seconds left.
|
|t:|1778510563
|teamsize|p1|6
|teamsize|p2|6
|start
|switch|p1a: PinkCannon|Alomomola, F, shiny|100/100
|switch|p2a: Tetsuya Sawaki|Alomomola, M|100/100
|turn|1
|
|t:|1778510568
|move|p1a: PinkCannon|Light Screen|p1a: PinkCannon
|-sidestart|p1: takeyouout|move: Light Screen
|move|p2a: Tetsuya Sawaki|Flip Turn|p1a: PinkCannon
|-resisted|p1a: PinkCannon
|-damage|p1a: PinkCannon|95/100
|-damage|p2a: Tetsuya Sawaki|84/100|[from] item: Rocky Helmet|[of] p1a: PinkCannon
|
|t:|1778510570
|switch|p2a: MACHINE TORNADER|Gholdengo|100/100|[from] Flip Turn
|
|upkeep
|turn|2
|
|t:|1778510574
|move|p2a: MACHINE TORNADER|Trick|p1a: PinkCannon
|-activate|p2a: MACHINE TORNADER|move: Trick|[of] p1a: PinkCannon
|-item|p1a: PinkCannon|Choice Scarf|[from] move: Trick
|-item|p2a: MACHINE TORNADER|Rocky Helmet|[from] move: Trick
|move|p1a: PinkCannon|Flip Turn|p2a: MACHINE TORNADER
|-damage|p2a: MACHINE TORNADER|83/100
|-damage|p1a: PinkCannon|79/100|[from] item: Rocky Helmet|[of] p2a: MACHINE TORNADER
|
|t:|1778510578
|switch|p1a: 99|Keldeo-Resolute|100/100|[from] Flip Turn
|
|upkeep
|turn|3
|
|t:|1778510581
|switch|p2a: Tetsuya Sawaki|Alomomola, M|100/100
|move|p1a: 99|Secret Sword|p2a: Tetsuya Sawaki
|-damage|p2a: Tetsuya Sawaki|49/100
|
|upkeep
|turn|4
|
|t:|1778510586
|switch|p1a: Starscream|Excadrill, F|100/100
|switch|p2a: MACHINE TORNADER|Gholdengo|83/100
|
|upkeep
|turn|5
|
|t:|1778510588
|switch|p2a: Gills Exceed|Great Tusk|100/100
|move|p1a: Starscream|Earthquake|p2a: Gills Exceed
|-damage|p2a: Gills Exceed|47/100
|-damage|p1a: Starscream|91/100|[from] item: Life Orb
|
|-sideend|p1: takeyouout|move: Light Screen
|upkeep
|turn|6
|
|t:|1778510593
|move|p1a: Starscream|Swords Dance|p1a: Starscream
|-boost|p1a: Starscream|atk|2
|move|p2a: Gills Exceed|Headlong Rush|p1a: Starscream
|-supereffective|p1a: Starscream
|-damage|p1a: Starscream|0 fnt
|-unboost|p2a: Gills Exceed|def|1
|-unboost|p2a: Gills Exceed|spd|1
|faint|p1a: Starscream
|
|upkeep
|
|t:|1778510596
|switch|p1a: 99|Keldeo-Resolute|100/100
|turn|7
|
|t:|1778510599
|-end|p2a: Gills Exceed|Protosynthesis|[silent]
|switch|p2a: Tetsuya Sawaki|Alomomola, M|82/100
|move|p1a: 99|Hydro Pump|p2a: Tetsuya Sawaki
|-resisted|p2a: Tetsuya Sawaki
|-damage|p2a: Tetsuya Sawaki|58/100
|
|upkeep
|turn|8
|
|t:|1778510603
|switch|p1a: PinkCannon|Alomomola, F, shiny|100/100
|move|p2a: Tetsuya Sawaki|Flip Turn|p1a: PinkCannon
|-resisted|p1a: PinkCannon
|-damage|p1a: PinkCannon|96/100
|
|t:|1778510609
|switch|p2a: G3-X|Iron Valiant, shiny|100/100|[from] Flip Turn
|
|upkeep
|turn|9
|
|t:|1778510612
|move|p2a: G3-X|Thunderbolt|p1a: PinkCannon
|-supereffective|p1a: PinkCannon
|-damage|p1a: PinkCannon|22/100
|move|p1a: PinkCannon|Light Screen|p1a: PinkCannon
|-sidestart|p1: takeyouout|move: Light Screen
|
|upkeep
|turn|10
|
|t:|1778510618
|-end|p2a: G3-X|Quark Drive|[silent]
|switch|p2a: MACHINE TORNADER|Gholdengo|83/100
|switch|p1a: 66|Amoonguss, M|100/100
|
|upkeep
|turn|11
|
|t:|1778510623
|move|p2a: MACHINE TORNADER|Nasty Plot|p2a: MACHINE TORNADER
|-boost|p2a: MACHINE TORNADER|spa|2
|move|p1a: 66|Stomping Tantrum|p2a: MACHINE TORNADER
|-supereffective|p2a: MACHINE TORNADER
|-damage|p2a: MACHINE TORNADER|51/100
|-damage|p1a: 66|84/100|[from] item: Rocky Helmet|[of] p2a: MACHINE TORNADER
|
|upkeep
|turn|12
|
|t:|1778510628
|switch|p1a: 99|Keldeo-Resolute|100/100
|move|p2a: MACHINE TORNADER|Shadow Ball|p1a: 99
|-damage|p1a: 99|52/100
|
|upkeep
|turn|13
|
|t:|1778510633
|switch|p1a: 77|Tornadus-Therian, M|100/100
|switch|p2a: Tetsuya Sawaki|Alomomola, M|92/100
|
|-sideend|p1: takeyouout|move: Light Screen
|upkeep
|turn|14
|
|t:|1778510636
|move|p1a: 77|Nasty Plot|p1a: 77
|-boost|p1a: 77|spa|2
|move|p2a: Tetsuya Sawaki|Mirror Coat||[still]
|-fail|p2a: Tetsuya Sawaki
|
|upkeep
|turn|15
|
|t:|1778510639
|move|p1a: 77|Nasty Plot|p1a: 77
|-boost|p1a: 77|spa|2
|move|p2a: Tetsuya Sawaki|Flip Turn|p1a: 77
|-damage|p1a: 77|78/100
|
|t:|1778510641
|switch|p2a: Shining Agito|Lokix, M, shiny|100/100|[from] Flip Turn
|
|upkeep
|turn|16
|
|t:|1778510644
|switch|p1a: PinkCannon|Alomomola, F, shiny|55/100
|-terastallize|p2a: Shining Agito|Bug
|move|p2a: Shining Agito|First Impression|p1a: PinkCannon
|-damage|p1a: PinkCannon|5/100
|
|upkeep
|turn|17
|
|t:|1778510647
|switch|p2a: G3-X|Iron Valiant, shiny|100/100
|switch|p1a: 77|Tornadus-Therian, M|100/100
|
|upkeep
|turn|18
|
|t:|1778510650
|-end|p2a: G3-X|Quark Drive|[silent]
|switch|p2a: Tetsuya Sawaki|Alomomola, M|100/100
|move|p1a: 77|Bleakwind Storm|p2a: Tetsuya Sawaki|[miss]
|-miss|p1a: 77|p2a: Tetsuya Sawaki
|
|upkeep
|turn|19
|
|t:|1778510657
|move|p1a: 77|Nasty Plot|p1a: 77
|-boost|p1a: 77|spa|2
|move|p2a: Tetsuya Sawaki|Flip Turn|p1a: 77
|-damage|p1a: 77|77/100
|
|t:|1778510659
|switch|p2a: Shining Agito|Lokix, M, shiny, tera:Bug|100/100|[from] Flip Turn
|
|upkeep
|turn|20
|
|t:|1778510664
|switch|p1a: 66|Amoonguss, M|100/100
|move|p2a: Shining Agito|First Impression|p1a: 66
|-damage|p1a: 66|34/100
|-damage|p2a: Shining Agito|84/100|[from] item: Rocky Helmet|[of] p1a: 66
|
|upkeep
|turn|21
|
|t:|1778510676
|switch|p2a: MACHINE TORNADER|Gholdengo|51/100
|switch|p1a: 77|Tornadus-Therian, M|100/100
|
|upkeep
|turn|22
|
|t:|1778510681
|switch|p2a: Tetsuya Sawaki|Alomomola, M|100/100
|move|p1a: 77|Nasty Plot|p1a: 77
|-boost|p1a: 77|spa|2
|
|upkeep
|turn|23
|
|t:|1778510684
|move|p1a: 77|Bleakwind Storm|p2a: Tetsuya Sawaki
|-damage|p2a: Tetsuya Sawaki|32/100
|-damage|p1a: 77|90/100|[from] item: Life Orb
|move|p2a: Tetsuya Sawaki|Flip Turn|p1a: 77
|-damage|p1a: 77|68/100
|
|t:|1778510687
|switch|p2a: Shining Agito|Lokix, M, shiny, tera:Bug|84/100|[from] Flip Turn
|
|upkeep
|turn|24
|
|t:|1778510690
|switch|p1a: PinkCannon|Alomomola, F, shiny|38/100
|move|p2a: Shining Agito|Leech Life|p1a: PinkCannon
|-damage|p1a: PinkCannon|0 fnt
|-heal|p2a: Shining Agito|100/100|[from] drain|[of] p1a: PinkCannon
|faint|p1a: PinkCannon
|
|upkeep
|
|t:|1778510694
|switch|p1a: 77|Tornadus-Therian, M|100/100
|turn|25
|
|t:|1778510697
|switch|p2a: Overlord|Mandibuzz, F|100/100
|move|p1a: 77|Nasty Plot|p1a: 77
|-boost|p1a: 77|spa|2
|
|upkeep
|turn|26
|
|t:|1778510699
|move|p1a: 77|Bleakwind Storm|p2a: Overlord
|-damage|p2a: Overlord|0 fnt
|faint|p2a: Overlord
|-damage|p1a: 77|90/100|[from] item: Life Orb
|
|upkeep
|
|t:|1778510702
|switch|p2a: Shining Agito|Lokix, M, shiny, tera:Bug|100/100
|turn|27
|
|t:|1778510706
|switch|p1a: 66|Amoonguss, M|68/100
|move|p2a: Shining Agito|First Impression|p1a: 66
|-damage|p1a: 66|6/100
|-damage|p2a: Shining Agito|84/100|[from] item: Rocky Helmet|[of] p1a: 66
|
|upkeep
|turn|28
|
|t:|1778510711
|switch|p2a: Tetsuya Sawaki|Alomomola, M|65/100
|switch|p1a: 77|Tornadus-Therian, M|100/100
|
|upkeep
|turn|29
|
|t:|1778510718
|move|p1a: 77|Bleakwind Storm|p2a: Tetsuya Sawaki
|-damage|p2a: Tetsuya Sawaki|34/100
|-damage|p1a: 77|90/100|[from] item: Life Orb
|move|p2a: Tetsuya Sawaki|Flip Turn|p1a: 77
|-damage|p1a: 77|69/100
|
|t:|1778510719
|switch|p2a: Shining Agito|Lokix, M, shiny, tera:Bug|84/100|[from] Flip Turn
|
|upkeep
|turn|30
|
|t:|1778510722
|switch|p1a: 66|Amoonguss, M|39/100
|move|p2a: Shining Agito|First Impression|p1a: 66
|-damage|p1a: 66|0 fnt
|-damage|p2a: Shining Agito|67/100|[from] item: Rocky Helmet|[of] p1a: 66
|faint|p1a: 66
|
|upkeep
|
|t:|1778510728
|switch|p1a: 77|Tornadus-Therian, M|100/100
|turn|31
|
|t:|1778510733
|switch|p2a: Tetsuya Sawaki|Alomomola, M|67/100
|move|p1a: 77|Nasty Plot|p1a: 77
|-boost|p1a: 77|spa|2
|
|upkeep
|turn|32
|
|t:|1778510741
|switch|p2a: MACHINE TORNADER|Gholdengo|51/100
|move|p1a: 77|Bleakwind Storm|p2a: MACHINE TORNADER
|-resisted|p2a: MACHINE TORNADER
|-crit|p2a: MACHINE TORNADER
|-damage|p2a: MACHINE TORNADER|0 fnt
|faint|p2a: MACHINE TORNADER
|-damage|p1a: 77|90/100|[from] item: Life Orb
|
|upkeep
|
|t:|1778510743
|switch|p2a: Shining Agito|Lokix, M, shiny, tera:Bug|67/100
|turn|33
|
|t:|1778510746
|switch|p1a: 99|Keldeo-Resolute|52/100
|move|p2a: Shining Agito|First Impression|p1a: 99
|-resisted|p1a: 99
|-damage|p1a: 99|0 fnt
|faint|p1a: 99
|
|upkeep
|-message|takeyouout forfeited.
|
|win|Noamm
|raw|takeyouout's rating: 1687 &rarr; <strong>1675</strong><br />(-12 for losing)
|raw|Noamm's rating: 1838 &rarr; <strong>1850</strong><br />(+12 for winning)
|l|☆takeyouout
|player|p1|
|l|☆Noamm
|player|p2|
