|j|☆encore21768768
|j|☆Abyssal Bot
|t:|1776336561
|gametype|singles
|player|p1|encore21768768|265|
|player|p2|Abyssal Bot|supernerd|
|teamsize|p1|6
|teamsize|p2|6
|gen|9
|tier|[Gen 9] OU
|rule|Species Clause: Limit one of each Pokémon
|rule|OHKO Clause: OHKO moves are banned
|rule|Evasion Items Clause: Evasion items are banned
|rule|Evasion Moves Clause: Evasion moves are banned
|rule|Endless Battle Clause: Forcing endless battles is banned
|rule|HP Percentage Mod: HP is shown in percentages
|rule|Sleep Moves Clause: Sleep-inducing moves are banned
|clearpoke
|poke|p1|Pelipper, M|
|poke|p1|Manaphy|
|poke|p1|Bruxish, F|
|poke|p1|Overqwil, F|
|poke|p1|Iron Treads|
|poke|p1|Raging Bolt|
|poke|p2|Skarmory, M|
|poke|p2|Ting-Lu|
|poke|p2|Zamazenta-*|
|poke|p2|Weavile, F|
|poke|p2|Kyurem|
|poke|p2|Slowking-Galar, F|
|teampreview
|c|☆Abyssal Bot|**WARNING**: Expect much hax.
|inactive|Battle timer is ON: inactive players will automatically lose when time's up. (requested by Abyssal Bot)
|j|*Turbo Bottttt
|
|t:|1776336564
|start
|switch|p1a: Bruxish|Bruxish, F|100/100
|switch|p2a: Slowking|Slowking-Galar, F|100/100
|turn|1
|
|t:|1776336570
|switch|p2a: Weavile|Weavile, F|100/100
|move|p1a: Bruxish|Flip Turn|p2a: Weavile
|-damage|p2a: Weavile|57/100
|
|t:|1776336573
|switch|p1a: Pelipper|Pelipper, M|100/100|[from] Flip Turn
|-weather|Rain Dance|[from] ability: Drizzle|[of] p1a: Pelipper
|
|-weather|Rain Dance|[upkeep]
|upkeep
|turn|2
|
|t:|1776336581
|move|p2a: Weavile|Knock Off|p1a: Pelipper
|-damage|p1a: Pelipper|64/100
|-enditem|p1a: Pelipper|Damp Rock|[from] move: Knock Off|[of] p2a: Weavile
|move|p1a: Pelipper|Hurricane|p2a: Weavile
|-damage|p2a: Weavile|8/100
|
|-weather|Rain Dance|[upkeep]
|upkeep
|turn|3
|
|t:|1776336584
|move|p2a: Weavile|Knock Off|p1a: Pelipper
|-damage|p1a: Pelipper|40/100
|move|p1a: Pelipper|U-turn|p2a: Weavile
|-supereffective|p2a: Weavile
|-damage|p2a: Weavile|0
|faint|p2a: Weavile
|
|t:|1776336586
|switch|p1a: Raging Bolt|Raging Bolt|100/100|[from] U-turn
|-enditem|p1a: Raging Bolt|Booster Energy
|-activate|p1a: Raging Bolt|ability: Protosynthesis|[fromitem]
|-start|p1a: Raging Bolt|protosynthesisspa
|
|-weather|Rain Dance|[upkeep]
|upkeep
|
|t:|1776336586
|switch|p2a: Ting-Lu|Ting-Lu|100/100
|-ability|p2a: Ting-Lu|Vessel of Ruin
|turn|4
|
|t:|1776336594
|move|p1a: Raging Bolt|Weather Ball|p2a: Ting-Lu
|-supereffective|p2a: Ting-Lu
|-damage|p2a: Ting-Lu|33/100
|move|p2a: Ting-Lu|Earthquake|p1a: Raging Bolt
|-supereffective|p1a: Raging Bolt
|-damage|p1a: Raging Bolt|39/100
|
|-weather|Rain Dance|[upkeep]
|upkeep
|turn|5
|
|t:|1776336598
|move|p1a: Raging Bolt|Weather Ball|p2a: Ting-Lu
|-supereffective|p2a: Ting-Lu
|-damage|p2a: Ting-Lu|0
|faint|p2a: Ting-Lu
|
|-weather|Rain Dance|[upkeep]
|upkeep
|
|t:|1776336598
|switch|p2a: Zamazenta|Zamazenta|100/100
|-ability|p2a: Zamazenta|Dauntless Shield|boost
|-boost|p2a: Zamazenta|def|1
|turn|6
|
|t:|1776336609
|move|p1a: Raging Bolt|Thunderclap|p2a: Zamazenta
|-damage|p2a: Zamazenta|50/100
|move|p2a: Zamazenta|Close Combat|p1a: Raging Bolt
|-damage|p1a: Raging Bolt|0
|-unboost|p2a: Zamazenta|def|1
|-unboost|p2a: Zamazenta|spd|1
|faint|p1a: Raging Bolt
|-end|p1a: Raging Bolt|Protosynthesis|[silent]
|
|-weather|Rain Dance|[upkeep]
|upkeep
|
|t:|1776336617
|switch|p1a: Bruxish|Bruxish, F|100/100
|turn|7
|
|t:|1776336619
|move|p1a: Bruxish|Wave Crash|p2a: Zamazenta
|-damage|p2a: Zamazenta|0
|faint|p2a: Zamazenta
|-damage|p1a: Bruxish|81/100|[from] Recoil
|
|-weather|Rain Dance|[upkeep]
|upkeep
|
|t:|1776336619
|switch|p2a: Kyurem|Kyurem|100/100
|-ability|p2a: Kyurem|Pressure
|turn|8
|
|t:|1776336641
|move|p1a: Bruxish|Wave Crash|p2a: Kyurem
|-resisted|p2a: Kyurem
|-damage|p2a: Kyurem|65/100
|-damage|p1a: Bruxish|65/100|[from] Recoil
|move|p2a: Kyurem|Freeze-Dry|p1a: Bruxish
|-supereffective|p1a: Bruxish
|-damage|p1a: Bruxish|0
|faint|p1a: Bruxish
|
|-weather|none
|upkeep
|
|t:|1776336644
|switch|p1a: Pelipper|Pelipper, M|40/100
|-weather|Rain Dance|[from] ability: Drizzle|[of] p1a: Pelipper
|turn|9
|
|t:|1776336650
|move|p2a: Kyurem|Freeze-Dry|p1a: Pelipper
|-supereffective|p1a: Pelipper
|-damage|p1a: Pelipper|0
|faint|p1a: Pelipper
|
|-weather|Rain Dance|[upkeep]
|upkeep
|
|t:|1776336652
|switch|p1a: Overqwil|Overqwil, F|100/100
|turn|10
|
|t:|1776336654
|move|p1a: Overqwil|Gunk Shot|p2a: Kyurem
|-damage|p2a: Kyurem|0
|faint|p2a: Kyurem
|-damage|p1a: Overqwil|91/100|[from] item: Life Orb
|
|-weather|Rain Dance|[upkeep]
|upkeep
|
|t:|1776336654
|switch|p2a: Skarmory|Skarmory, M|100/100
|turn|11
|
|t:|1776336657
|move|p1a: Overqwil|Swords Dance|p1a: Overqwil
|-boost|p1a: Overqwil|atk|2
|move|p2a: Skarmory|Stealth Rock|p1a: Overqwil
|-sidestart|p1: encore21768768|move: Stealth Rock
|
|-weather|Rain Dance|[upkeep]
|upkeep
|turn|12
|
|t:|1776336659
|move|p1a: Overqwil|Crunch|p2a: Skarmory
|-damage|p2a: Skarmory|43/100
|-damage|p1a: Overqwil|74/100|[from] item: Rocky Helmet|[of] p2a: Skarmory
|-damage|p1a: Overqwil|64/100|[from] item: Life Orb
|move|p2a: Skarmory|Brave Bird|p1a: Overqwil
|-damage|p1a: Overqwil|22/100
|-damage|p2a: Skarmory|30/100|[from] Recoil
|
|-weather|Rain Dance|[upkeep]
|upkeep
|turn|13
|
|t:|1776336662
|move|p1a: Overqwil|Crunch|p2a: Skarmory
|-damage|p2a: Skarmory|0
|-damage|p1a: Overqwil|5/100|[from] item: Rocky Helmet|[of] p2a: Skarmory
|faint|p2a: Skarmory
|-damage|p1a: Overqwil|0|[from] item: Life Orb
|faint|p1a: Overqwil
|
|-weather|none
|upkeep
|
|t:|1776336664
|switch|p1a: Iron Treads|Iron Treads|100/100
|switch|p2a: Slowking|Slowking-Galar, F|100/100
|-damage|p1a: Iron Treads|97/100|[from] Stealth Rock|[of] p2: Skarmory
|-enditem|p1a: Iron Treads|Booster Energy
|-activate|p1a: Iron Treads|ability: Quark Drive|[fromitem]
|-start|p1a: Iron Treads|quarkdrivespe
|turn|14
|
|t:|1776336667
|move|p1a: Iron Treads|Knock Off|p2a: Slowking
|-supereffective|p2a: Slowking
|-damage|p2a: Slowking|48/100
|-enditem|p2a: Slowking|Heavy-Duty Boots|[from] move: Knock Off|[of] p1a: Iron Treads
|move|p2a: Slowking|Future Sight|p1a: Iron Treads
|-start|p2a: Slowking|move: Future Sight
|
|upkeep
|turn|15
|
|t:|1776336670
|move|p1a: Iron Treads|Earthquake|p2a: Slowking
|-supereffective|p2a: Slowking
|-damage|p2a: Slowking|0
|faint|p2a: Slowking
|
|win|encore21768768
|c|☆Abyssal Bot|Oh, I lost. Good Game.
|l|☆Abyssal Bot
|player|p2|
|l|*Turbo Bottttt
