|html|<div class="broadcast-blue"><strong>[Gen 9] OU is currently suspecting Tera Blast! For information on how to participate check out the <a href="https://www.smogon.com/tools/suspects/view/200">suspect thread</a>.</strong></div>
|j|☆She/Heroin
|j|☆liviifailure
|t:|1776123002
|gametype|singles
|player|p1|She/Heroin|jacinthe|
|player|p2|liviifailure|iono|
|gen|9
|tier|[Gen 9] OU
|rule|HP Percentage Mod: HP is shown in percentages
|rule|Endless Battle Clause: Forcing endless battles is banned
|rule|Species Clause: Limit one of each Pokémon
|rule|OHKO Clause: OHKO moves are banned
|rule|Evasion Items Clause: Evasion items are banned
|rule|Evasion Moves Clause: Evasion moves are banned
|rule|Evasion Abilities Clause: Evasion abilities are banned
|rule|Sleep Moves Clause: Sleep-inducing moves are banned
|clearpoke
|poke|p1|Ogerpon-Cornerstone, F|
|poke|p1|Hatterene, F|
|poke|p1|Iron Treads|
|poke|p1|Zapdos|
|poke|p1|Primarina, F|
|poke|p1|Salamence, F|
|poke|p2|Heatran, F|
|poke|p2|Rillaboom, F|
|poke|p2|Ogerpon-Wellspring, F|
|poke|p2|Dragapult, F|
|poke|p2|Great Tusk|
|poke|p2|Orthworm, F|
|teampreview
|c|☆liviifailure|glhf :3
|c|☆She/Heroin|u2
|
|t:|1776123046
|teamsize|p1|6
|teamsize|p2|6
|start
|switch|p1a: Zapdos|Zapdos, shiny|100/100
|switch|p2a: Dragapult|Dragapult, F|100/100
|turn|1
|
|t:|1776123072
|switch|p1a: Primarina|Primarina, F|100/100
|move|p2a: Dragapult|Shadow Ball|p1a: Primarina
|-damage|p1a: Primarina|51/100
|
|-heal|p1a: Primarina|57/100|[from] item: Leftovers
|upkeep
|turn|2
|
|t:|1776123081
|switch|p2a: Rillaboom|Rillaboom, F|100/100
|-fieldstart|move: Grassy Terrain|[from] ability: Grassy Surge|[of] p2a: Rillaboom
|move|p1a: Primarina|Moonblast|p2a: Rillaboom
|-damage|p2a: Rillaboom|34/100
|
|-heal|p2a: Rillaboom|41/100|[from] Grassy Terrain
|-heal|p1a: Primarina|63/100|[from] Grassy Terrain
|-heal|p1a: Primarina|69/100|[from] item: Leftovers
|upkeep
|turn|3
|
|t:|1776123096
|switch|p1a: Salamence|Salamence, F|100/100
|-ability|p1a: Salamence|Intimidate|boost
|-unboost|p2a: Rillaboom|atk|1
|move|p2a: Rillaboom|U-turn|p1a: Salamence
|-resisted|p1a: Salamence
|-damage|p1a: Salamence|91/100
|
|t:|1776123117
|switch|p2a: Orthworm|Orthworm, F|100/100|[from] U-turn
|
|-heal|p1a: Salamence|98/100|[from] item: Leftovers
|upkeep
|turn|4
|
|t:|1776123122
|switch|p1a: Hatterene|Hatterene, F|100/100
|move|p2a: Orthworm|Stealth Rock|p1a: Hatterene
|move|p1a: Hatterene|Stealth Rock|p2a: Orthworm|[from] ability: Magic Bounce
|-sidestart|p2: liviifailure|move: Stealth Rock
|
|upkeep
|turn|5
|
|t:|1776123145
|move|p2a: Orthworm|Stealth Rock|p1a: Hatterene
|move|p1a: Hatterene|Stealth Rock||[from] ability: Magic Bounce|[still]
|-fail|p1a: Hatterene
|move|p1a: Hatterene|Psychic Noise|p2a: Orthworm
|-resisted|p2a: Orthworm
|-damage|p2a: Orthworm|85/100
|-start|p2a: Orthworm|move: Heal Block
|
|upkeep
|turn|6
|
|t:|1776123153
|move|p2a: Orthworm|Stealth Rock|p1a: Hatterene
|move|p1a: Hatterene|Stealth Rock||[from] ability: Magic Bounce|[still]
|-fail|p1a: Hatterene
|move|p1a: Hatterene|Pain Split|p2a: Orthworm
|-sethp|p2a: Orthworm|89/100|[from] move: Pain Split|[silent]
|-sethp|p1a: Hatterene|96/100|[from] move: Pain Split
|
|-heal|p1a: Hatterene|100/100|[from] Grassy Terrain
|-end|p2a: Orthworm|move: Heal Block
|upkeep
|turn|7
|
|t:|1776123161
|move|p2a: Orthworm|Heavy Slam|p1a: Hatterene
|-supereffective|p1a: Hatterene
|-crit|p1a: Hatterene
|-damage|p1a: Hatterene|9/100
|-damage|p2a: Orthworm|72/100|[from] item: Rocky Helmet|[of] p1a: Hatterene
|move|p1a: Hatterene|Draining Kiss|p2a: Orthworm
|-resisted|p2a: Orthworm
|-damage|p2a: Orthworm|60/100
|-heal|p1a: Hatterene|19/100|[from] drain|[of] p2a: Orthworm
|
|-heal|p2a: Orthworm|66/100|[from] Grassy Terrain
|-heal|p2a: Orthworm|72/100|[from] item: Leftovers
|-heal|p1a: Hatterene|25/100|[from] Grassy Terrain
|upkeep
|turn|8
|
|t:|1776123169
|move|p2a: Orthworm|Stealth Rock|p1a: Hatterene
|move|p1a: Hatterene|Stealth Rock||[from] ability: Magic Bounce|[still]
|-fail|p1a: Hatterene
|move|p1a: Hatterene|Pain Split|p2a: Orthworm
|-sethp|p2a: Orthworm|48/100|[from] move: Pain Split|[silent]
|-sethp|p1a: Hatterene|51/100|[from] move: Pain Split
|
|-heal|p2a: Orthworm|54/100|[from] Grassy Terrain
|-heal|p2a: Orthworm|60/100|[from] item: Leftovers
|-heal|p1a: Hatterene|57/100|[from] Grassy Terrain
|upkeep
|turn|9
|
|t:|1776123179
|switch|p1a: Zapdos|Zapdos, shiny|100/100
|move|p2a: Orthworm|Heavy Slam|p1a: Zapdos
|-resisted|p1a: Zapdos
|-damage|p1a: Zapdos|78/100
|
|-heal|p2a: Orthworm|66/100|[from] Grassy Terrain
|-heal|p2a: Orthworm|72/100|[from] item: Leftovers
|-fieldend|move: Grassy Terrain
|upkeep
|turn|10
|
|t:|1776123200
|move|p1a: Zapdos|Thunderbolt|p2a: Orthworm
|-damage|p2a: Orthworm|24/100
|move|p2a: Orthworm|Stealth Rock|p1a: Zapdos
|-sidestart|p1: She/Heroin|move: Stealth Rock
|
|-heal|p2a: Orthworm|30/100|[from] item: Leftovers
|upkeep
|turn|11
|
|t:|1776123228
|switch|p1a: Iron Treads|Iron Treads|100/100
|-damage|p1a: Iron Treads|97/100|[from] Stealth Rock
|-item|p1a: Iron Treads|Air Balloon
|switch|p2a: Great Tusk|Great Tusk|100/100
|
|upkeep
|turn|12
|
|t:|1776123237
|move|p1a: Iron Treads|Rapid Spin|p2a: Great Tusk
|-damage|p2a: Great Tusk|90/100
|-boost|p1a: Iron Treads|spe|1
|-sideend|p1: She/Heroin|Stealth Rock|[from] move: Rapid Spin|[of] p1a: Iron Treads
|move|p2a: Great Tusk|Rapid Spin|p1a: Iron Treads
|-resisted|p1a: Iron Treads
|-damage|p1a: Iron Treads|90/100
|-boost|p2a: Great Tusk|spe|1
|-enditem|p1a: Iron Treads|Air Balloon
|-sideend|p2: liviifailure|Stealth Rock|[from] move: Rapid Spin|[of] p2a: Great Tusk
|
|upkeep
|turn|13
|
|t:|1776123247
|-end|p1a: Iron Treads|Quark Drive|[silent]
|switch|p1a: Hatterene|Hatterene, F|57/100
|move|p2a: Great Tusk|Headlong Rush|p1a: Hatterene
|-damage|p1a: Hatterene|0 fnt
|-unboost|p2a: Great Tusk|def|1
|-unboost|p2a: Great Tusk|spd|1
|-damage|p2a: Great Tusk|74/100|[from] item: Rocky Helmet|[of] p1a: Hatterene
|faint|p1a: Hatterene
|
|upkeep
|
|t:|1776123252
|switch|p1a: Salamence|Salamence, F|98/100
|-ability|p1a: Salamence|Intimidate|boost
|-unboost|p2a: Great Tusk|atk|1
|turn|14
|
|t:|1776123265
|-end|p2a: Great Tusk|Protosynthesis|[silent]
|switch|p2a: Dragapult|Dragapult, F|100/100
|move|p1a: Salamence|Substitute|p1a: Salamence
|-start|p1a: Salamence|Substitute
|-damage|p1a: Salamence|73/100
|
|-heal|p1a: Salamence|79/100|[from] item: Leftovers
|upkeep
|turn|15
|
|t:|1776123282
|-terastallize|p2a: Dragapult|Fairy
|-terastallize|p1a: Salamence|Steel
|move|p2a: Dragapult|Tera Blast|p1a: Salamence|[anim] Tera Blast Fairy
|-resisted|p1a: Salamence
|-end|p1a: Salamence|Substitute
|move|p1a: Salamence|Dragon Dance|p1a: Salamence
|-boost|p1a: Salamence|atk|1
|-boost|p1a: Salamence|spe|1
|
|-heal|p1a: Salamence|85/100|[from] item: Leftovers
|upkeep
|turn|16
|
|t:|1776123297
|switch|p2a: Orthworm|Orthworm, F|30/100
|move|p1a: Salamence|Dual Wingbeat|p2a: Orthworm
|-resisted|p2a: Orthworm
|-damage|p2a: Orthworm|19/100
|-resisted|p2a: Orthworm
|-damage|p2a: Orthworm|7/100
|-hitcount|p2a: Orthworm|2
|
|-heal|p1a: Salamence|91/100|[from] item: Leftovers
|-heal|p2a: Orthworm|14/100|[from] item: Leftovers
|upkeep
|turn|17
|
|t:|1776123309
|move|p1a: Salamence|Substitute|p1a: Salamence
|-start|p1a: Salamence|Substitute
|-damage|p1a: Salamence|66/100
|move|p2a: Orthworm|Body Press|p1a: Salamence
|-supereffective|p1a: Salamence
|-end|p1a: Salamence|Substitute
|
|-heal|p1a: Salamence|72/100|[from] item: Leftovers
|-heal|p2a: Orthworm|20/100|[from] item: Leftovers
|upkeep
|turn|18
|
|t:|1776123316
|move|p1a: Salamence|Dual Wingbeat|p2a: Orthworm
|-resisted|p2a: Orthworm
|-damage|p2a: Orthworm|10/100
|-resisted|p2a: Orthworm
|-damage|p2a: Orthworm|0 fnt
|faint|p2a: Orthworm
|-hitcount|p2: Orthworm|2
|
|-heal|p1a: Salamence|79/100|[from] item: Leftovers
|upkeep
|
|t:|1776123332
|switch|p2a: Dragapult|Dragapult, F, tera:Fairy|100/100
|turn|19
|
|t:|1776123337
|move|p1a: Salamence|Dual Wingbeat|p2a: Dragapult|[miss]
|-miss|p1a: Salamence|p2a: Dragapult
|move|p2a: Dragapult|Flamethrower|p1a: Salamence
|-supereffective|p1a: Salamence
|-damage|p1a: Salamence|0 fnt
|faint|p1a: Salamence
|
|upkeep
|
|t:|1776123345
|switch|p1a: Primarina|Primarina, F|69/100
|turn|20
|
|t:|1776123354
|switch|p2a: Rillaboom|Rillaboom, F|41/100
|-fieldstart|move: Grassy Terrain|[from] ability: Grassy Surge|[of] p2a: Rillaboom
|move|p1a: Primarina|Substitute|p1a: Primarina
|-start|p1a: Primarina|Substitute
|-damage|p1a: Primarina|44/100
|
|-heal|p2a: Rillaboom|47/100|[from] Grassy Terrain
|-heal|p1a: Primarina|51/100|[from] Grassy Terrain
|-heal|p1a: Primarina|57/100|[from] item: Leftovers
|upkeep
|turn|21
|
|t:|1776123361
|move|p2a: Rillaboom|Grassy Glide|p1a: Primarina
|-supereffective|p1a: Primarina
|-end|p1a: Primarina|Substitute
|move|p1a: Primarina|Moonblast|p2a: Rillaboom
|-damage|p2a: Rillaboom|0 fnt
|faint|p2a: Rillaboom
|
|-heal|p1a: Primarina|63/100|[from] Grassy Terrain
|-heal|p1a: Primarina|69/100|[from] item: Leftovers
|upkeep
|
|t:|1776123366
|switch|p2a: Ogerpon|Ogerpon-Wellspring, F|100/100
|turn|22
|
|t:|1776123373
|switch|p1a: Iron Treads|Iron Treads|90/100
|move|p2a: Ogerpon|Grassy Glide|p1a: Iron Treads
|-damage|p1a: Iron Treads|44/100
|
|-heal|p1a: Iron Treads|50/100|[from] Grassy Terrain
|upkeep
|turn|23
|
|t:|1776123388
|move|p1a: Iron Treads|Knock Off|p2a: Ogerpon
|-damage|p2a: Ogerpon|75/100
|move|p2a: Ogerpon|Swords Dance|p2a: Ogerpon
|-boost|p2a: Ogerpon|atk|2
|
|-heal|p1a: Iron Treads|57/100|[from] Grassy Terrain
|-heal|p2a: Ogerpon|81/100|[from] Grassy Terrain
|upkeep
|turn|24
|
|t:|1776123401
|move|p2a: Ogerpon|Grassy Glide|p1a: Iron Treads
|-damage|p1a: Iron Treads|0 fnt
|faint|p1a: Iron Treads
|-end|p1a: Iron Treads|Quark Drive|[silent]
|
|-heal|p2a: Ogerpon|87/100|[from] Grassy Terrain
|upkeep
|
|t:|1776123410
|switch|p1a: Zapdos|Zapdos, shiny|78/100
|turn|25
|
|t:|1776123415
|move|p1a: Zapdos|Hurricane|p2a: Ogerpon
|-supereffective|p2a: Ogerpon
|-damage|p2a: Ogerpon|0 fnt
|faint|p2a: Ogerpon
|
|upkeep
|
|t:|1776123419
|switch|p2a: Heatran|Heatran, F|100/100
|turn|26
|
|t:|1776123427
|switch|p1a: Primarina|Primarina, F|69/100
|move|p2a: Heatran|Heavy Slam|p1a: Primarina
|-damage|p1a: Primarina|24/100
|
|-heal|p1a: Primarina|30/100|[from] Grassy Terrain
|-heal|p1a: Primarina|37/100|[from] item: Leftovers
|upkeep
|turn|27
|
|t:|1776123435
|move|p2a: Heatran|Heavy Slam|p1a: Primarina
|-damage|p1a: Primarina|0 fnt
|faint|p1a: Primarina
|
|-fieldend|move: Grassy Terrain
|upkeep
|
|t:|1776123447
|switch|p1a: Ogerpon|Ogerpon-Cornerstone, F|100/100
|turn|28
|
|t:|1776123456
|move|p1a: Ogerpon|Low Kick|p2a: Heatran
|-supereffective|p2a: Heatran
|-damage|p2a: Heatran|23/100
|move|p2a: Heatran|Heavy Slam|p1a: Ogerpon
|-supereffective|p1a: Ogerpon
|-damage|p1a: Ogerpon|14/100
|
|-heal|p2a: Heatran|29/100|[from] item: Leftovers
|upkeep
|turn|29
|
|t:|1776123464
|move|p1a: Ogerpon|Ivy Cudgel|p2a: Heatran|[anim] Ivy Cudgel Rock
|-damage|p2a: Heatran|0 fnt
|faint|p2a: Heatran
|
|upkeep
|
|t:|1776123466
|switch|p2a: Dragapult|Dragapult, F, tera:Fairy|100/100
|turn|30
|
|t:|1776123473
|move|p2a: Dragapult|Tera Blast|p1a: Ogerpon|[anim] Tera Blast Fairy
|-damage|p1a: Ogerpon|0 fnt
|faint|p1a: Ogerpon
|
|upkeep
|
|t:|1776123475
|switch|p1a: Zapdos|Zapdos, shiny|78/100
|turn|31
|
|t:|1776123481
|move|p1a: Zapdos|Hurricane|p2a: Dragapult
|-damage|p2a: Dragapult|30/100
|move|p2a: Dragapult|Tera Blast|p1a: Zapdos|[anim] Tera Blast Fairy
|-damage|p1a: Zapdos|21/100
|
|upkeep
|turn|32
|
|t:|1776123489
|move|p1a: Zapdos|Hurricane|p2a: Dragapult
|-damage|p2a: Dragapult|0 fnt
|faint|p2a: Dragapult
|
|upkeep
|
|t:|1776123491
|switch|p2a: Great Tusk|Great Tusk|74/100
|turn|33
|
|t:|1776123494
|move|p1a: Zapdos|Hurricane|p2a: Great Tusk
|-supereffective|p2a: Great Tusk
|-damage|p2a: Great Tusk|0 fnt
|faint|p2a: Great Tusk
|-end|p2a: Great Tusk|Protosynthesis|[silent]
|
|win|She/Heroin
|c|☆liviifailure|gg
|c|☆She/Heroin|gg
|l|☆liviifailure
|player|p2|
