|html|<div class="broadcast-blue"><strong>[Gen 9] OU is currently suspecting Tera Blast! For information on how to participate check out the <a href="https://www.smogon.com/tools/suspects/view/200">suspect thread</a>.</strong></div>
|j|☆SonSan
|j|☆FoolishAngel
|t:|1776291693
|gametype|singles
|player|p1|SonSan|169|1130
|player|p2|FoolishAngel|n-masters3|1126
|gen|9
|tier|[Gen 9] OU
|rated|
|rule|HP Percentage Mod: HP is shown in percentages
|rule|Endless Battle Clause: Forcing endless battles is banned
|rule|Species Clause: Limit one of each Pokémon
|rule|OHKO Clause: OHKO moves are banned
|rule|Evasion Items Clause: Evasion items are banned
|rule|Evasion Moves Clause: Evasion moves are banned
|rule|Evasion Abilities Clause: Evasion abilities are banned
|rule|Sleep Moves Clause: Sleep-inducing moves are banned
|clearpoke
|poke|p1|Volcanion|
|poke|p1|Revavroom, M|
|poke|p1|Azelf|
|poke|p1|Golem-Alola, F|
|poke|p1|Forretress, M|
|poke|p1|Greninja-*, M|
|poke|p2|Iron Moth|
|poke|p2|Gliscor, M|
|poke|p2|Hatterene, F|
|poke|p2|Ogerpon-Wellspring, F|
|poke|p2|Raging Bolt|
|poke|p2|Zamazenta-*|
|teampreview
|inactive|Battle timer is ON: inactive players will automatically lose when time's up. (requested by SonSan)
|
|t:|1776291702
|teamsize|p1|6
|teamsize|p2|6
|start
|switch|p1a: Forretress|Forretress, M|100/100
|switch|p2a: Iron Moth|Iron Moth|100/100
|-enditem|p2a: Iron Moth|Booster Energy
|-activate|p2a: Iron Moth|ability: Quark Drive|[fromitem]
|-start|p2a: Iron Moth|quarkdrivespe
|turn|1
|
|t:|1776291711
|move|p2a: Iron Moth|Fiery Dance|p1a: Forretress
|-supereffective|p1a: Forretress
|-ability|p1a: Forretress|Sturdy
|-damage|p1a: Forretress|1/100
|-boost|p2a: Iron Moth|spa|1
|move|p1a: Forretress|Toxic Spikes|p2a: Iron Moth
|-sidestart|p2: FoolishAngel|move: Toxic Spikes
|
|upkeep
|turn|2
|
|t:|1776291720
|move|p2a: Iron Moth|Fiery Dance|p1a: Forretress
|-supereffective|p1a: Forretress
|-damage|p1a: Forretress|0 fnt
|-boost|p2a: Iron Moth|spa|1
|faint|p1a: Forretress
|
|upkeep
|
|t:|1776291730
|switch|p1a: Greninja|Greninja, M|100/100
|turn|3
|
|t:|1776291738
|-terastallize|p2a: Iron Moth|Ghost
|move|p1a: Greninja|Water Shuriken|p2a: Iron Moth
|-damage|p2a: Iron Moth|93/100
|-damage|p2a: Iron Moth|87/100
|-damage|p2a: Iron Moth|79/100
|-damage|p2a: Iron Moth|72/100
|-damage|p2a: Iron Moth|65/100
|-hitcount|p2a: Iron Moth|5
|move|p2a: Iron Moth|Sludge Wave|p1a: Greninja
|-damage|p1a: Greninja|0 fnt
|faint|p1a: Greninja
|
|upkeep
|
|t:|1776291754
|switch|p1a: Revavroom|Revavroom, M|100/100
|turn|4
|c|☆FoolishAngel|the moth is on top
|
|t:|1776291770
|-terastallize|p1a: Revavroom|Water
|move|p2a: Iron Moth|Fiery Dance|p1a: Revavroom
|-resisted|p1a: Revavroom
|-damage|p1a: Revavroom|41/100
|move|p1a: Revavroom|Parting Shot|p2a: Iron Moth
|-unboost|p2a: Iron Moth|atk|1
|-unboost|p2a: Iron Moth|spa|1
|
|t:|1776291778
|switch|p1a: Golem|Golem-Alola, F|100/100|[from] Parting Shot
|
|upkeep
|turn|5
|
|t:|1776291785
|move|p2a: Iron Moth|Toxic Spikes|p1a: Golem
|-sidestart|p1: SonSan|move: Toxic Spikes
|move|p1a: Golem|Stealth Rock|p2a: Iron Moth
|-sidestart|p2: FoolishAngel|move: Stealth Rock
|
|upkeep
|turn|6
|
|t:|1776291791
|move|p2a: Iron Moth|Toxic Spikes|p1a: Golem
|-sidestart|p1: SonSan|move: Toxic Spikes
|move|p1a: Golem|Explosion|p2a: Iron Moth
|-damage|p2a: Iron Moth|0 fnt
|faint|p1a: Golem
|faint|p2a: Iron Moth
|-end|p2a: Iron Moth|Quark Drive|[silent]
|
|upkeep
|c|☆FoolishAngel|galvanize
|c|☆FoolishAngel|damn it
|
|t:|1776291799
|switch|p2a: Gliscor|Gliscor, M|100/100
|switch|p1a: Revavroom|Revavroom, M, tera:Water|41/100
|-status|p1a: Revavroom|tox
|-damage|p2a: Gliscor|88/100|[from] Stealth Rock
|turn|7
|
|t:|1776291808
|move|p1a: Revavroom|Self-Destruct|p2a: Gliscor
|-enditem|p1a: Revavroom|Normal Gem|[from] gem
|-damage|p2a: Gliscor|16/100
|faint|p1a: Revavroom
|move|p2a: Gliscor|Facade|p1: Revavroom|[notarget]
|-fail|p2a: Gliscor
|
|-status|p2a: Gliscor|tox|[from] item: Toxic Orb
|upkeep
|
|t:|1776291816
|switch|p1a: Azelf|Azelf|100/100
|turn|8
|
|t:|1776291829
|move|p1a: Azelf|Reflect|p1a: Azelf
|-sidestart|p1: SonSan|Reflect
|move|p2a: Gliscor|Facade|p1a: Azelf
|-damage|p1a: Azelf|70/100
|
|-heal|p2a: Gliscor|28/100 tox|[from] ability: Poison Heal
|upkeep
|turn|9
|
|t:|1776291836
|move|p1a: Azelf|Light Screen|p1a: Azelf
|-sidestart|p1: SonSan|move: Light Screen
|move|p2a: Gliscor|Swords Dance|p2a: Gliscor
|-boost|p2a: Gliscor|atk|2
|
|-heal|p2a: Gliscor|41/100 tox|[from] ability: Poison Heal
|upkeep
|turn|10
|
|t:|1776291843
|move|p1a: Azelf|Explosion|p2a: Gliscor
|-enditem|p1a: Azelf|Normal Gem|[from] gem
|-damage|p2a: Gliscor|0 fnt
|faint|p1a: Azelf
|faint|p2a: Gliscor
|
|upkeep
|
|t:|1776291850
|switch|p1a: Volcanion|Volcanion|100/100
|switch|p2a: Hatterene|Hatterene, F|100/100
|-status|p1a: Volcanion|tox
|-status|p2a: Hatterene|psn
|-damage|p2a: Hatterene|88/100 psn|[from] Stealth Rock
|turn|11
|
|t:|1776291863
|move|p1a: Volcanion|Flash Cannon|p2a: Hatterene
|-supereffective|p2a: Hatterene
|-damage|p2a: Hatterene|23/100 psn
|move|p2a: Hatterene|Calm Mind|p2a: Hatterene
|-boost|p2a: Hatterene|spa|1
|-boost|p2a: Hatterene|spd|1
|
|-heal|p2a: Hatterene|29/100 psn|[from] item: Leftovers
|-damage|p1a: Volcanion|95/100 tox|[from] psn
|-damage|p2a: Hatterene|17/100 psn|[from] psn
|upkeep
|turn|12
|
|t:|1776291889
|move|p1a: Volcanion|Flash Cannon|p2a: Hatterene
|-supereffective|p2a: Hatterene
|-damage|p2a: Hatterene|0 fnt
|faint|p2a: Hatterene
|
|-damage|p1a: Volcanion|83/100 tox|[from] psn
|-sideend|p1: SonSan|Reflect
|upkeep
|
|t:|1776291895
|switch|p2a: Ogerpon|Ogerpon-Wellspring, F|100/100
|-status|p2a: Ogerpon|psn
|-damage|p2a: Ogerpon|88/100 psn|[from] Stealth Rock
|turn|13
|-message|SonSan forfeited.
|
|win|FoolishAngel
|raw|SonSan's rating: 1130 &rarr; <strong>1105</strong><br />(-25 for losing)
|raw|FoolishAngel's rating: 1126 &rarr; <strong>1151</strong><br />(+25 for winning)
|l|☆SonSan
|player|p1|
