|html|<div class="broadcast-blue"><strong>[Gen 9] OU is currently suspecting Tera Blast! For information on how to participate check out the <a href="https://www.smogon.com/tools/suspects/view/200">suspect thread</a>.</strong></div>
|j|☆OP Earthquakes
|j|☆GauMongTo
|t:|1776064047
|gametype|singles
|player|p1|OP Earthquakes|giovanni-masters|1808
|player|p2|GauMongTo|101|1724
|gen|9
|tier|[Gen 9] OU
|rated|
|rule|HP Percentage Mod: HP is shown in percentages
|rule|Endless Battle Clause: Forcing endless battles is banned
|rule|Species Clause: Limit one of each Pokémon
|rule|OHKO Clause: OHKO moves are banned
|rule|Evasion Items Clause: Evasion items are banned
|rule|Evasion Moves Clause: Evasion moves are banned
|rule|Evasion Abilities Clause: Evasion abilities are banned
|rule|Sleep Moves Clause: Sleep-inducing moves are banned
|clearpoke
|poke|p1|Excadrill, F|
|poke|p1|Tyranitar, M|
|poke|p1|Kyurem|
|poke|p1|Hawlucha, M|
|poke|p1|Pawmot, F|
|poke|p1|Gliscor, M|
|poke|p2|Dragonite, M|
|poke|p2|Hatterene, F|
|poke|p2|Weavile, M|
|poke|p2|Ogerpon-Wellspring, F|
|poke|p2|Kingambit, F|
|poke|p2|Great Tusk|
|teampreview
|inactive|Battle timer is ON: inactive players will automatically lose when time's up. (requested by OP Earthquakes)
|j| ohko_smeargle
|
|t:|1776064061
|teamsize|p1|6
|teamsize|p2|6
|start
|switch|p1a: Frieza|Kyurem, shiny|100/100
|switch|p2a: Z-machine|Great Tusk|100/100
|-ability|p1a: Frieza|Pressure
|turn|1
|
|t:|1776064066
|move|p1a: Frieza|Freeze-Dry|p2a: Z-machine
|-supereffective|p2a: Z-machine
|-damage|p2a: Z-machine|32/100
|move|p2a: Z-machine|Close Combat|p1a: Frieza
|-supereffective|p1a: Frieza
|-damage|p1a: Frieza|0 fnt
|-unboost|p2a: Z-machine|def|1
|-unboost|p2a: Z-machine|spd|1
|faint|p1a: Frieza
|
|upkeep
|
|t:|1776064081
|switch|p1a: OP|Excadrill, F|100/100
|turn|2
|
|t:|1776064086
|-end|p2a: Z-machine|Protosynthesis|[silent]
|switch|p2a: Swish|Dragonite, M|100/100
|move|p1a: OP|Earthquake|p2a: Swish
|-immune|p2a: Swish
|
|upkeep
|turn|3
|
|t:|1776064093
|switch|p2a: Maladresse|Ogerpon-Wellspring, F|100/100
|switch|p1a: The sandstorm|Tyranitar, M, shiny|100/100
|-weather|Sandstorm|[from] ability: Sand Stream|[of] p1a: The sandstorm
|
|-weather|Sandstorm|[upkeep]
|-damage|p2a: Maladresse|95/100|[from] Sandstorm
|upkeep
|turn|4
|
|t:|1776064098
|move|p2a: Maladresse|Ivy Cudgel|p1a: The sandstorm|[anim] Ivy Cudgel Water
|-supereffective|p1a: The sandstorm
|-damage|p1a: The sandstorm|15/100
|move|p1a: The sandstorm|Thunder Wave|p2a: Maladresse
|-status|p2a: Maladresse|par
|
|-weather|Sandstorm|[upkeep]
|-damage|p2a: Maladresse|89/100 par|[from] Sandstorm
|upkeep
|turn|5
|
|t:|1776064104
|switch|p2a: Vent de l'est|Hatterene, F|100/100
|switch|p1a: Itachi|Hawlucha, M, shiny|100/100
|-ability|p1a: Itachi|Mold Breaker
|
|-weather|Sandstorm|[upkeep]
|-damage|p1a: Itachi|94/100|[from] Sandstorm
|-damage|p2a: Vent de l'est|95/100|[from] Sandstorm
|upkeep
|turn|6
|
|t:|1776064109
|switch|p1a: OP|Excadrill, F|100/100
|move|p2a: Vent de l'est|Draining Kiss|p1a: OP
|-resisted|p1a: OP
|-damage|p1a: OP|86/100
|-heal|p2a: Vent de l'est|100/100|[from] drain|[of] p1a: OP
|
|-weather|Sandstorm|[upkeep]
|-damage|p2a: Vent de l'est|95/100|[from] Sandstorm
|upkeep
|turn|7
|
|t:|1776064116
|switch|p2a: Maladresse|Ogerpon-Wellspring, F|89/100 par
|move|p1a: OP|Earthquake|p2a: Maladresse
|-resisted|p2a: Maladresse
|-damage|p2a: Maladresse|33/100 par
|
|-weather|Sandstorm|[upkeep]
|-damage|p2a: Maladresse|27/100 par|[from] Sandstorm
|upkeep
|turn|8
|
|t:|1776064122
|switch|p2a: Swish|Dragonite, M|100/100
|move|p1a: OP|Earthquake|p2a: Swish
|-immune|p2a: Swish
|
|-weather|Sandstorm|[upkeep]
|-damage|p2a: Swish|94/100|[from] Sandstorm
|-heal|p2a: Swish|100/100|[from] item: Leftovers
|upkeep
|turn|9
|
|t:|1776064127
|switch|p1a: Gliscor|Gliscor, M, shiny|100/100
|move|p2a: Swish|Dragon Dance|p2a: Swish
|-boost|p2a: Swish|atk|1
|-boost|p2a: Swish|spe|1
|
|-weather|Sandstorm|[upkeep]
|-damage|p2a: Swish|94/100|[from] Sandstorm
|-heal|p2a: Swish|100/100|[from] item: Leftovers
|-status|p1a: Gliscor|tox|[from] item: Toxic Orb
|upkeep
|turn|10
|
|t:|1776064131
|move|p2a: Swish|Ice Spinner|p1a: Gliscor
|-supereffective|p1a: Gliscor
|-damage|p1a: Gliscor|0 fnt
|faint|p1a: Gliscor
|
|-weather|none
|upkeep
|
|t:|1776064146
|switch|p1a: The sandstorm|Tyranitar, M, shiny|15/100
|-weather|Sandstorm|[from] ability: Sand Stream|[of] p1a: The sandstorm
|turn|11
|
|t:|1776064151
|move|p2a: Swish|Earthquake|p1a: The sandstorm
|-supereffective|p1a: The sandstorm
|-damage|p1a: The sandstorm|0 fnt
|faint|p1a: The sandstorm
|
|-weather|Sandstorm|[upkeep]
|-damage|p2a: Swish|94/100|[from] Sandstorm
|-heal|p2a: Swish|100/100|[from] item: Leftovers
|upkeep
|
|t:|1776064157
|switch|p1a: OP|Excadrill, F|86/100
|turn|12
|
|t:|1776064160
|move|p1a: OP|Iron Head|p2a: Swish
|-damage|p2a: Swish|64/100
|move|p2a: Swish|Earthquake|p1a: OP
|-supereffective|p1a: OP
|-damage|p1a: OP|0 fnt
|faint|p1a: OP
|
|-weather|Sandstorm|[upkeep]
|-damage|p2a: Swish|58/100|[from] Sandstorm
|-heal|p2a: Swish|64/100|[from] item: Leftovers
|upkeep
|
|t:|1776064166
|switch|p1a: Porunga|Pawmot, F|100/100
|turn|13
|
|t:|1776064169
|-terastallize|p1a: Porunga|Grass
|move|p2a: Swish|Earthquake|p1a: Porunga
|-resisted|p1a: Porunga
|-damage|p1a: Porunga|60/100
|move|p1a: Porunga|Revival Blessing|p1a: Porunga
|-enditem|p1a: Porunga|Leppa Berry|[eat]
|-activate|p1a: Porunga|item: Leppa Berry|Revival Blessing|[consumed]
|
|t:|1776064177
|-heal|p1: OP|50/100|[from] move: Revival Blessing
|
|-weather|Sandstorm|[upkeep]
|-damage|p2a: Swish|58/100|[from] Sandstorm
|-damage|p1a: Porunga|54/100|[from] Sandstorm
|-heal|p2a: Swish|64/100|[from] item: Leftovers
|upkeep
|turn|14
|
|t:|1776064181
|move|p2a: Swish|Ice Spinner|p1a: Porunga
|-supereffective|p1a: Porunga
|-damage|p1a: Porunga|0 fnt
|faint|p1a: Porunga
|
|-weather|Sandstorm|[upkeep]
|-damage|p2a: Swish|58/100|[from] Sandstorm
|-heal|p2a: Swish|64/100|[from] item: Leftovers
|upkeep
|
|t:|1776064183
|switch|p1a: OP|Excadrill, F|50/100
|turn|15
|
|t:|1776064186
|move|p1a: OP|Iron Head|p2a: Swish
|-damage|p2a: Swish|0 fnt
|faint|p2a: Swish
|
|-weather|Sandstorm|[upkeep]
|upkeep
|
|t:|1776064193
|switch|p2a: PrinceDeSangMêlé|Kingambit, F|100/100
|-activate|p2a: PrinceDeSangMêlé|ability: Supreme Overlord
|-start|p2a: PrinceDeSangMêlé|fallen1|[silent]
|turn|16
|
|t:|1776064196
|move|p1a: OP|Iron Head|p2a: PrinceDeSangMêlé
|-resisted|p2a: PrinceDeSangMêlé
|-damage|p2a: PrinceDeSangMêlé|71/100
|move|p2a: PrinceDeSangMêlé|Iron Head|p1a: OP
|-resisted|p1a: OP
|-damage|p1a: OP|12/100
|
|-weather|Sandstorm|[upkeep]
|upkeep
|turn|17
|
|t:|1776064204
|move|p1a: OP|Iron Head|p2a: PrinceDeSangMêlé
|-resisted|p2a: PrinceDeSangMêlé
|-damage|p2a: PrinceDeSangMêlé|38/100
|move|p2a: PrinceDeSangMêlé|Swords Dance|p2a: PrinceDeSangMêlé
|-boost|p2a: PrinceDeSangMêlé|atk|2
|
|-weather|Sandstorm|[upkeep]
|upkeep
|turn|18
|
|t:|1776064211
|switch|p1a: Itachi|Hawlucha, M, shiny|94/100
|-ability|p1a: Itachi|Mold Breaker
|move|p2a: PrinceDeSangMêlé|Iron Head|p1a: Itachi
|-damage|p1a: Itachi|0 fnt
|faint|p1a: Itachi
|
|-weather|none
|upkeep
|-message|OP Earthquakes forfeited.
|
|win|GauMongTo
|raw|OP Earthquakes's rating: 1808 &rarr; <strong>1783</strong><br />(-25 for losing)
|raw|GauMongTo's rating: 1724 &rarr; <strong>1749</strong><br />(+25 for winning)
|l|☆OP Earthquakes
|player|p1|
|l| ohko_smeargle
|l|☆GauMongTo
|player|p2|
