|html|<div class="broadcast-blue"><strong>[Gen 9] OU is currently suspecting Volcarona! For information on how to participate check out the <a href="https://www.smogon.com/tools/suspects/view/208">suspect thread</a>.</strong></div>
|j|☆bayonettaFan
|j|☆karmasiren
|t:|1778501493
|gametype|singles
|player|p1|bayonettaFan|n|1450
|player|p2|karmasiren|skyla|1441
|gen|9
|tier|[Gen 9] OU
|rated|
|rule|HP Percentage Mod: HP is shown in percentages
|rule|Endless Battle Clause: Forcing endless battles is banned
|rule|Species Clause: Limit one of each Pokémon
|rule|OHKO Clause: OHKO moves are banned
|rule|Evasion Items Clause: Evasion items are banned
|rule|Evasion Moves Clause: Evasion moves are banned
|rule|Evasion Abilities Clause: Evasion abilities are banned
|rule|Sleep Moves Clause: Sleep-inducing moves are banned
|clearpoke
|poke|p1|Pelipper, F|
|poke|p1|Barraskewda, F|
|poke|p1|Kingdra, F|
|poke|p1|Toxicroak, F|
|poke|p1|Iron Treads|
|poke|p1|Goodra-Hisui, F|
|poke|p2|Tinkaton, F|
|poke|p2|Ogerpon, F|
|poke|p2|Great Tusk|
|poke|p2|Pecharunt|
|poke|p2|Alomomola, M|
|poke|p2|Hydreigon, M|
|teampreview
|inactive|Battle timer is ON: inactive players will automatically lose when time's up. (requested by bayonettaFan)
|
|t:|1778501509
|teamsize|p1|6
|teamsize|p2|6
|start
|switch|p1a: Pelipper|Pelipper, F|100/100
|switch|p2a: Smile.exe|Tinkaton, F, shiny|100/100
|-item|p2a: Smile.exe|Air Balloon
|-weather|RainDance|[from] ability: Drizzle|[of] p1a: Pelipper
|turn|1
|
|t:|1778501525
|move|p2a: Smile.exe|Stealth Rock|p1a: Pelipper
|-sidestart|p1: bayonettaFan|move: Stealth Rock
|move|p1a: Pelipper|U-turn|p2a: Smile.exe
|-resisted|p2a: Smile.exe
|-damage|p2a: Smile.exe|97/100
|-enditem|p2a: Smile.exe|Air Balloon
|-enditem|p1a: Pelipper|Damp Rock|[silent]|[from] ability: Pickpocket|[of] p1a: Pelipper
|-item|p2a: Smile.exe|Damp Rock|[from] ability: Pickpocket|[of] p1a: Pelipper
|
|t:|1778501539
|switch|p1a: Kingdra|Kingdra, F|100/100|[from] U-turn
|-damage|p1a: Kingdra|88/100|[from] Stealth Rock
|
|-weather|RainDance|[upkeep]
|upkeep
|turn|2
|
|t:|1778501545
|switch|p2a: Pisces|Alomomola, M, shiny|100/100
|-terastallize|p1a: Kingdra|Water
|move|p1a: Kingdra|Weather Ball|p2a: Pisces
|-resisted|p2a: Pisces
|-damage|p2a: Pisces|67/100
|
|-weather|RainDance|[upkeep]
|upkeep
|turn|3
|
|t:|1778501565
|switch|p1a: Toxicroak|Toxicroak, F|100/100
|-damage|p1a: Toxicroak|94/100|[from] Stealth Rock
|move|p2a: Pisces|Flip Turn|p1a: Toxicroak
|-heal|p1a: Toxicroak|100/100|[from] ability: Dry Skin|[of] p2a: Pisces
|
|-weather|RainDance|[upkeep]
|upkeep
|turn|4
|
|t:|1778501570
|switch|p2a: Overseer|Pecharunt|100/100
|move|p1a: Toxicroak|Knock Off|p2a: Overseer
|-supereffective|p2a: Overseer
|-damage|p2a: Overseer|78/100
|-damage|p1a: Toxicroak|84/100|[from] item: Rocky Helmet|[of] p2a: Overseer
|-enditem|p2a: Overseer|Rocky Helmet|[from] move: Knock Off|[of] p1a: Toxicroak
|
|-weather|RainDance|[upkeep]
|-heal|p1a: Toxicroak|96/100|[from] ability: Dry Skin
|upkeep
|turn|5
|
|t:|1778501576
|move|p2a: Overseer|Parting Shot|p1a: Toxicroak
|-unboost|p1a: Toxicroak|atk|1
|-unboost|p1a: Toxicroak|spa|1
|
|t:|1778501579
|switch|p2a: Behemoth|Great Tusk, shiny|100/100|[from] Parting Shot
|move|p1a: Toxicroak|Knock Off|p2a: Behemoth
|-resisted|p2a: Behemoth
|-damage|p2a: Behemoth|95/100
|-enditem|p2a: Behemoth|Heavy-Duty Boots|[from] move: Knock Off|[of] p1a: Toxicroak
|
|-weather|RainDance|[upkeep]
|-heal|p1a: Toxicroak|100/100|[from] ability: Dry Skin
|upkeep
|turn|6
|
|t:|1778501590
|-end|p2a: Behemoth|Protosynthesis|[silent]
|switch|p2a: Hybrid|Hydreigon, M, shiny|100/100
|switch|p1a: Pelipper|Pelipper, F|100/100
|-damage|p1a: Pelipper|76/100|[from] Stealth Rock
|
|-weather|RainDance|[upkeep]
|upkeep
|turn|7
|
|t:|1778501597
|switch|p1a: Goodra|Goodra-Hisui, F|100/100
|-damage|p1a: Goodra|94/100|[from] Stealth Rock
|move|p2a: Hybrid|Draco Meteor|p1a: Goodra
|-damage|p1a: Goodra|59/100
|-unboost|p2a: Hybrid|spa|2
|
|-weather|RainDance|[upkeep]
|upkeep
|turn|8
|
|t:|1778501607
|switch|p2a: Smile.exe|Tinkaton, F, shiny|97/100
|move|p1a: Goodra|Knock Off|p2a: Smile.exe
|-resisted|p2a: Smile.exe
|-damage|p2a: Smile.exe|83/100
|-enditem|p2a: Smile.exe|Damp Rock|[from] move: Knock Off|[of] p1a: Goodra
|-enditem|p1a: Goodra|Assault Vest|[silent]|[from] ability: Pickpocket|[of] p1a: Goodra
|-item|p2a: Smile.exe|Assault Vest|[from] ability: Pickpocket|[of] p1a: Goodra
|
|-weather|none
|upkeep
|turn|9
|
|t:|1778501616
|switch|p2a: Hybrid|Hydreigon, M, shiny|100/100
|switch|p1a: Iron Treads|Iron Treads|100/100
|-damage|p1a: Iron Treads|97/100|[from] Stealth Rock
|
|-heal|p1a: Iron Treads|100/100|[from] item: Leftovers
|upkeep
|turn|10
|
|t:|1778501624
|move|p1a: Iron Treads|Rapid Spin|p2a: Hybrid
|-damage|p2a: Hybrid|82/100
|-boost|p1a: Iron Treads|spe|1
|-sideend|p1: bayonettaFan|Stealth Rock|[from] move: Rapid Spin|[of] p1a: Iron Treads
|move|p2a: Hybrid|Earth Power|p1a: Iron Treads
|-supereffective|p1a: Iron Treads
|-damage|p1a: Iron Treads|0 fnt
|faint|p1a: Iron Treads
|-end|p1a: Iron Treads|Quark Drive|[silent]
|
|upkeep
|
|t:|1778501630
|switch|p1a: Barraskewda|Barraskewda, F|100/100
|turn|11
|
|t:|1778501635
|switch|p2a: Smile.exe|Tinkaton, F, shiny|83/100
|move|p1a: Barraskewda|Flip Turn|p2a: Smile.exe
|-damage|p2a: Smile.exe|19/100
|
|t:|1778501639
|switch|p1a: Pelipper|Pelipper, F|76/100|[from] Flip Turn
|-weather|RainDance|[from] ability: Drizzle|[of] p1a: Pelipper
|
|-weather|RainDance|[upkeep]
|upkeep
|turn|12
|
|t:|1778501643
|move|p2a: Smile.exe|Gigaton Hammer|p1a: Pelipper
|-resisted|p1a: Pelipper
|-damage|p1a: Pelipper|55/100
|move|p1a: Pelipper|U-turn|p2a: Smile.exe
|-resisted|p2a: Smile.exe
|-damage|p2a: Smile.exe|16/100
|
|t:|1778501656
|switch|p1a: Barraskewda|Barraskewda, F|100/100|[from] U-turn
|
|-weather|RainDance|[upkeep]
|upkeep
|turn|13
|
|t:|1778501661
|move|p1a: Barraskewda|Flip Turn|p2a: Smile.exe
|-damage|p2a: Smile.exe|0 fnt
|faint|p2a: Smile.exe
|
|t:|1778501672
|switch|p1a: Toxicroak|Toxicroak, F|100/100|[from] Flip Turn
|
|-weather|RainDance|[upkeep]
|upkeep
|
|t:|1778501678
|switch|p2a: Overseer|Pecharunt|78/100
|turn|14
|
|t:|1778501682
|move|p2a: Overseer|Parting Shot|p1a: Toxicroak
|-unboost|p1a: Toxicroak|atk|1
|-unboost|p1a: Toxicroak|spa|1
|
|t:|1778501686
|switch|p2a: Behemoth|Great Tusk, shiny|95/100|[from] Parting Shot
|move|p1a: Toxicroak|Knock Off|p2a: Behemoth
|-resisted|p2a: Behemoth
|-damage|p2a: Behemoth|91/100
|
|-weather|RainDance|[upkeep]
|upkeep
|turn|15
|
|t:|1778501691
|-end|p2a: Behemoth|Protosynthesis|[silent]
|switch|p2a: Hybrid|Hydreigon, M, shiny|82/100
|move|p1a: Toxicroak|Toxic|p2a: Hybrid
|-status|p2a: Hybrid|tox
|
|-weather|none
|-damage|p2a: Hybrid|76/100 tox|[from] psn
|upkeep
|turn|16
|
|t:|1778501695
|move|p1a: Toxicroak|Protect|p1a: Toxicroak
|-singleturn|p1a: Toxicroak|Protect
|move|p2a: Hybrid|Draco Meteor|p1a: Toxicroak
|-activate|p1a: Toxicroak|move: Protect
|
|-damage|p2a: Hybrid|64/100 tox|[from] psn
|upkeep
|turn|17
|
|t:|1778501708
|move|p2a: Hybrid|Draco Meteor|p1a: Toxicroak
|-damage|p1a: Toxicroak|0 fnt
|-unboost|p2a: Hybrid|spa|2
|faint|p1a: Toxicroak
|
|-damage|p2a: Hybrid|45/100 tox|[from] psn
|upkeep
|
|t:|1778501712
|switch|p1a: Barraskewda|Barraskewda, F|100/100
|turn|18
|
|t:|1778501716
|switch|p2a: Overseer|Pecharunt|78/100
|move|p1a: Barraskewda|Flip Turn|p2a: Overseer
|-damage|p2a: Overseer|57/100
|
|t:|1778501720
|switch|p1a: Pelipper|Pelipper, F|55/100|[from] Flip Turn
|-weather|RainDance|[from] ability: Drizzle|[of] p1a: Pelipper
|
|-weather|RainDance|[upkeep]
|upkeep
|turn|19
|
|t:|1778501725
|move|p2a: Overseer|Malignant Chain|p1a: Pelipper
|-damage|p1a: Pelipper|9/100
|-status|p1a: Pelipper|tox
|-start|p1a: Pelipper|confusion|[from] ability: Poison Puppeteer|[of] p2a: Overseer
|-activate|p1a: Pelipper|confusion
|move|p1a: Pelipper|U-turn|p2a: Overseer
|-resisted|p2a: Overseer
|-damage|p2a: Overseer|56/100
|
|t:|1778501731
|switch|p1a: Kingdra|Kingdra, F, tera:Water|88/100|[from] U-turn
|
|-weather|RainDance|[upkeep]
|upkeep
|turn|20
|
|t:|1778501737
|switch|p2a: Pisces|Alomomola, M, shiny|99/100
|move|p1a: Kingdra|Weather Ball|p2a: Pisces
|-resisted|p2a: Pisces
|-damage|p2a: Pisces|69/100
|
|-weather|RainDance|[upkeep]
|upkeep
|turn|21
|
|t:|1778501742
|move|p1a: Kingdra|Weather Ball|p2a: Pisces
|-resisted|p2a: Pisces
|-damage|p2a: Pisces|33/100
|move|p2a: Pisces|Flip Turn|p1a: Kingdra
|-resisted|p1a: Kingdra
|-damage|p1a: Kingdra|74/100
|
|t:|1778501749
|switch|p2a: Anonymous|Ogerpon, F|100/100|[from] Flip Turn
|
|-weather|RainDance|[upkeep]
|upkeep
|turn|22
|
|t:|1778501757
|switch|p1a: Goodra|Goodra-Hisui, F|59/100
|move|p2a: Anonymous|U-turn|p1a: Goodra
|-resisted|p1a: Goodra
|-damage|p1a: Goodra|44/100
|
|t:|1778501768
|switch|p2a: Hybrid|Hydreigon, M, shiny|45/100 tox|[from] U-turn
|
|-weather|none
|-damage|p2a: Hybrid|39/100 tox|[from] psn
|upkeep
|turn|23
|-message|bayonettaFan forfeited.
|
|win|karmasiren
|raw|bayonettaFan's rating: 1450 &rarr; <strong>1429</strong><br />(-21 for losing)
|raw|karmasiren's rating: 1441 &rarr; <strong>1462</strong><br />(+21 for winning)
|l|☆bayonettaFan
|player|p1|
|l|☆karmasiren
|player|p2|
