|html|<div class="broadcast-blue"><strong>[Gen 9] OU is currently suspecting Tera Blast! For information on how to participate check out the <a href="https://www.smogon.com/tools/suspects/view/200">suspect thread</a>.</strong></div>
|j|☆FinnedFrontier
|j|☆100XO
|t:|1776108270
|gametype|singles
|player|p1|FinnedFrontier|gladion|1089
|player|p2|100XO|giovanni|1160
|gen|9
|tier|[Gen 9] OU
|rated|
|rule|HP Percentage Mod: HP is shown in percentages
|rule|Endless Battle Clause: Forcing endless battles is banned
|rule|Species Clause: Limit one of each Pokémon
|rule|OHKO Clause: OHKO moves are banned
|rule|Evasion Items Clause: Evasion items are banned
|rule|Evasion Moves Clause: Evasion moves are banned
|rule|Evasion Abilities Clause: Evasion abilities are banned
|rule|Sleep Moves Clause: Sleep-inducing moves are banned
|clearpoke
|poke|p1|Carbink, L1|
|poke|p1|Nosepass, L1, M|
|poke|p1|Glimmora, F|
|poke|p1|Veluza, M|
|poke|p1|Donphan, L1, M|
|poke|p1|Overqwil, M|
|poke|p2|Dragapult, F|
|poke|p2|Cinderace, F|
|poke|p2|Zapdos|
|poke|p2|Okidogi, M|
|poke|p2|Umbreon, F|
|poke|p2|Weezing-Galar, M|
|teampreview
|
|t:|1776108279
|teamsize|p1|6
|teamsize|p2|6
|start
|switch|p1a: Sideburner|Veluza, M|100/100
|switch|p2a: Cinderace|Cinderace, F|100/100
|-ability|p1a: Sideburner|Mold Breaker
|turn|1
|
|t:|1776108285
|move|p2a: Cinderace|U-turn|p1a: Sideburner
|-start|p2a: Cinderace|typechange|Bug|[from] ability: Libero
|-supereffective|p1a: Sideburner
|-damage|p1a: Sideburner|23/100
|
|t:|1776108297
|switch|p2a: Zapdos|Zapdos|100/100|[from] U-turn
|move|p1a: Sideburner|Final Gambit|p2a: Zapdos
|-damage|p2a: Zapdos|78/100
|faint|p1a: Sideburner
|
|upkeep
|
|t:|1776108308
|switch|p1a: Brash Boulder|Glimmora, F|100/100
|-item|p1a: Brash Boulder|Air Balloon
|turn|2
|
|t:|1776108315
|move|p1a: Brash Boulder|Spiky Shield|p1a: Brash Boulder
|-singleturn|p1a: Brash Boulder|move: Protect
|move|p2a: Zapdos|Volt Switch|p1a: Brash Boulder
|-activate|p1a: Brash Boulder|move: Protect
|
|upkeep
|turn|3
|
|t:|1776108322
|move|p1a: Brash Boulder|Toxic Spikes|p2a: Zapdos
|-sidestart|p2: 100XO|move: Toxic Spikes
|move|p2a: Zapdos|Volt Switch|p1a: Brash Boulder
|-damage|p1a: Brash Boulder|69/100
|-enditem|p1a: Brash Boulder|Air Balloon
|
|t:|1776108354
|switch|p2a: Okidogi|Okidogi, M|100/100|[from] Volt Switch
|-sideend|p2: 100XO|move: Toxic Spikes|[of] p2a: Okidogi
|
|upkeep
|turn|4
|
|t:|1776108364
|move|p1a: Brash Boulder|Spiky Shield|p1a: Brash Boulder
|-singleturn|p1a: Brash Boulder|move: Protect
|move|p2a: Okidogi|Gunk Shot|p1a: Brash Boulder
|-activate|p1a: Brash Boulder|move: Protect
|
|upkeep
|turn|5
|
|t:|1776108372
|move|p1a: Brash Boulder|Sandstorm|p1a: Brash Boulder
|-weather|Sandstorm
|move|p2a: Okidogi|Gunk Shot|p1a: Brash Boulder
|-resisted|p1a: Brash Boulder
|-damage|p1a: Brash Boulder|51/100
|-activate|p1a: Brash Boulder|ability: Toxic Debris
|-sidestart|p2: 100XO|move: Toxic Spikes
|
|-weather|Sandstorm|[upkeep]
|-damage|p2a: Okidogi|94/100|[from] Sandstorm
|upkeep
|turn|6
|
|t:|1776108382
|move|p1a: Brash Boulder|Mortal Spin|p2a: Okidogi
|-resisted|p2a: Okidogi
|-damage|p2a: Okidogi|92/100
|move|p2a: Okidogi|Drain Punch|p1a: Brash Boulder
|-damage|p1a: Brash Boulder|7/100
|-heal|p2a: Okidogi|100/100|[from] drain|[of] p1a: Brash Boulder
|-activate|p1a: Brash Boulder|ability: Toxic Debris
|-sidestart|p2: 100XO|move: Toxic Spikes
|
|-weather|Sandstorm|[upkeep]
|-damage|p2a: Okidogi|94/100|[from] Sandstorm
|upkeep
|turn|7
|
|t:|1776108402
|move|p1a: Brash Boulder|Sandstorm||[still]
|-fail|p1a: Brash Boulder
|move|p2a: Okidogi|Gunk Shot|p1a: Brash Boulder
|-resisted|p1a: Brash Boulder
|-damage|p1a: Brash Boulder|0 fnt
|faint|p1a: Brash Boulder
|
|-weather|Sandstorm|[upkeep]
|-damage|p2a: Okidogi|88/100|[from] Sandstorm
|upkeep
|
|t:|1776108414
|switch|p1a: Rock Wrecker|Carbink, L1|100/100
|turn|8
|
|t:|1776108426
|move|p2a: Okidogi|Gunk Shot|p1a: Rock Wrecker
|-crit|p1a: Rock Wrecker
|-ability|p1a: Rock Wrecker|Sturdy
|-damage|p1a: Rock Wrecker|9/100
|move|p1a: Rock Wrecker|Endeavor|p2a: Okidogi
|-damage|p2a: Okidogi|1/100
|-heal|p1a: Rock Wrecker|100/100|[from] item: Shell Bell|[of] p2a: Okidogi
|
|-weather|Sandstorm|[upkeep]
|-damage|p2a: Okidogi|0 fnt|[from] Sandstorm
|faint|p2a: Okidogi
|upkeep
|
|t:|1776108445
|switch|p2a: Dragapult|Dragapult, F|100/100
|turn|9
|
|t:|1776108449
|switch|p1a: Mr. Caltrops|Overqwil, M|100/100
|move|p2a: Dragapult|Dragon Darts|p1a: Mr. Caltrops
|-damage|p1a: Mr. Caltrops|76/100
|-anim|p2a: Dragapult|Dragon Darts|p1a: Mr. Caltrops
|-damage|p1a: Mr. Caltrops|54/100
|
|-weather|none
|-heal|p1a: Mr. Caltrops|60/100|[from] item: Leftovers
|upkeep
|turn|10
|
|t:|1776108467
|switch|p2a: Weezing|Weezing-Galar, M|100/100
|-terastallize|p1a: Mr. Caltrops|Dark
|move|p1a: Mr. Caltrops|Crunch|p2a: Weezing
|-resisted|p2a: Weezing
|-damage|p2a: Weezing|83/100
|-unboost|p2a: Weezing|def|1
|
|-heal|p1a: Mr. Caltrops|66/100|[from] item: Leftovers
|upkeep
|turn|11
|
|t:|1776108481
|move|p1a: Mr. Caltrops|Barb Barrage|p2a: Weezing
|-damage|p2a: Weezing|54/100
|move|p2a: Weezing|Defog|p1a: Mr. Caltrops
|-unboost|p1a: Mr. Caltrops|evasion|1
|-sideend|p2: 100XO|Toxic Spikes|[from] move: Defog|[of] p2a: Weezing
|
|-heal|p1a: Mr. Caltrops|72/100|[from] item: Leftovers
|upkeep
|turn|12
|
|t:|1776108492
|move|p1a: Mr. Caltrops|Toxic Spikes|p2a: Weezing
|-sidestart|p2: 100XO|move: Toxic Spikes
|move|p2a: Weezing|Pain Split|p1a: Mr. Caltrops
|-sethp|p1a: Mr. Caltrops|65/100|[from] move: Pain Split|[silent]
|-sethp|p2a: Weezing|60/100|[from] move: Pain Split
|
|-heal|p1a: Mr. Caltrops|71/100|[from] item: Leftovers
|upkeep
|turn|13
|
|t:|1776108500
|move|p1a: Mr. Caltrops|Toxic Spikes|p2a: Weezing
|-sidestart|p2: 100XO|move: Toxic Spikes
|move|p2a: Weezing|Will-O-Wisp|p1a: Mr. Caltrops
|-status|p1a: Mr. Caltrops|brn
|
|-heal|p1a: Mr. Caltrops|77/100 brn|[from] item: Leftovers
|-damage|p1a: Mr. Caltrops|71/100 brn|[from] brn
|upkeep
|turn|14
|
|t:|1776108510
|move|p1a: Mr. Caltrops|Crunch|p2a: Weezing
|-resisted|p2a: Weezing
|-damage|p2a: Weezing|48/100
|move|p2a: Weezing|Defog|p1a: Mr. Caltrops
|-unboost|p1a: Mr. Caltrops|evasion|1
|-sideend|p2: 100XO|Toxic Spikes|[from] move: Defog|[of] p2a: Weezing
|
|-heal|p1a: Mr. Caltrops|77/100 brn|[from] item: Leftovers
|-damage|p1a: Mr. Caltrops|71/100 brn|[from] brn
|upkeep
|turn|15
|
|t:|1776108521
|switch|p2a: Cinderace|Cinderace, F|100/100
|move|p1a: Mr. Caltrops|Toxic Spikes|p2a: Cinderace
|-sidestart|p2: 100XO|move: Toxic Spikes
|
|-heal|p1a: Mr. Caltrops|77/100 brn|[from] item: Leftovers
|-damage|p1a: Mr. Caltrops|71/100 brn|[from] brn
|upkeep
|turn|16
|
|t:|1776108529
|move|p2a: Cinderace|U-turn|p1a: Mr. Caltrops
|-start|p2a: Cinderace|typechange|Bug|[from] ability: Libero
|-supereffective|p1a: Mr. Caltrops
|-damage|p1a: Mr. Caltrops|0 fnt
|faint|p1a: Mr. Caltrops
|
|t:|1776108537
|switch|p2a: Dragapult|Dragapult, F|100/100|[from] U-turn
|
|upkeep
|
|t:|1776108543
|switch|p1a: Oran's Eleven|Nosepass, L1, M|100/100
|turn|17
|
|t:|1776108553
|move|p2a: Dragapult|Dragon Darts|p1a: Oran's Eleven
|-ability|p1a: Oran's Eleven|Sturdy
|-damage|p1a: Oran's Eleven|10/100
|-enditem|p1a: Oran's Eleven|Oran Berry|[eat]
|-heal|p1a: Oran's Eleven|100/100|[from] item: Oran Berry
|-anim|p2a: Dragapult|Dragon Darts|p1a: Oran's Eleven
|-ability|p1a: Oran's Eleven|Sturdy
|-damage|p1a: Oran's Eleven|10/100
|move|p1a: Oran's Eleven|Sandstorm|p1a: Oran's Eleven
|-weather|Sandstorm
|
|-weather|Sandstorm|[upkeep]
|-damage|p2a: Dragapult|95/100|[from] Sandstorm
|upkeep
|turn|18
|
|t:|1776108568
|move|p2a: Dragapult|U-turn|p1a: Oran's Eleven
|-damage|p1a: Oran's Eleven|0 fnt
|faint|p1a: Oran's Eleven
|
|t:|1776108573
|switch|p2a: Weezing|Weezing-Galar, M|48/100|[from] U-turn
|
|-weather|Sandstorm|[upkeep]
|-damage|p2a: Weezing|42/100|[from] Sandstorm
|upkeep
|
|t:|1776108580
|switch|p1a: Little Wheelie|Donphan, L1, M|100/100
|turn|19
|
|t:|1776108585
|move|p2a: Weezing|Defog|p1a: Little Wheelie
|-unboost|p1a: Little Wheelie|evasion|1
|-sideend|p2: 100XO|Toxic Spikes|[from] move: Defog|[of] p2a: Weezing
|move|p1a: Little Wheelie|Endeavor|p2a: Weezing
|-damage|p2a: Weezing|4/100
|
|-weather|Sandstorm|[upkeep]
|-damage|p2a: Weezing|0 fnt|[from] Sandstorm
|faint|p2a: Weezing
|upkeep
|
|t:|1776108600
|switch|p2a: Cinderace|Cinderace, F|100/100
|turn|20
|
|t:|1776108606
|move|p2a: Cinderace|U-turn|p1a: Little Wheelie
|-start|p2a: Cinderace|typechange|Bug|[from] ability: Libero
|-ability|p1a: Little Wheelie|Sturdy
|-damage|p1a: Little Wheelie|9/100
|
|t:|1776108622
|switch|p2a: Umbreon|Umbreon, F|100/100|[from] U-turn
|move|p1a: Little Wheelie|Endeavor|p2a: Umbreon
|-damage|p2a: Umbreon|1/100
|-heal|p1a: Little Wheelie|100/100|[from] item: Shell Bell|[of] p2a: Umbreon
|
|-weather|Sandstorm|[upkeep]
|-damage|p2a: Umbreon|0 fnt|[from] Sandstorm
|faint|p2a: Umbreon
|upkeep
|
|t:|1776108632
|switch|p2a: Dragapult|Dragapult, F|95/100
|turn|21
|-message|FinnedFrontier forfeited.
|
|win|100XO
|raw|FinnedFrontier's rating: 1089 &rarr; <strong>1070</strong><br />(-19 for losing)
|raw|100XO's rating: 1160 &rarr; <strong>1180</strong><br />(+20 for winning)
|l|☆FinnedFrontier
|player|p1|
|l|☆100XO
|player|p2|
