|html|<div class="broadcast-blue"><strong>[Gen 9] OU is currently suspecting Tera Blast! For information on how to participate check out the <a href="https://www.smogon.com/tools/suspects/view/200">suspect thread</a>.</strong></div>
|j|☆sharkerthantheteal
|j|☆juhaaaa
|t:|1776212890
|gametype|singles
|player|p1|sharkerthantheteal|cynthia-gen4|1167
|player|p2|juhaaaa|169|1208
|gen|9
|tier|[Gen 9] OU
|rated|
|rule|HP Percentage Mod: HP is shown in percentages
|rule|Endless Battle Clause: Forcing endless battles is banned
|rule|Species Clause: Limit one of each Pokémon
|rule|OHKO Clause: OHKO moves are banned
|rule|Evasion Items Clause: Evasion items are banned
|rule|Evasion Moves Clause: Evasion moves are banned
|rule|Evasion Abilities Clause: Evasion abilities are banned
|rule|Sleep Moves Clause: Sleep-inducing moves are banned
|clearpoke
|poke|p1|Heatran, F|
|poke|p1|Cinderace, M|
|poke|p1|Skeledirge, M|
|poke|p1|Iron Moth|
|poke|p1|Entei|
|poke|p1|Torkoal, F|
|poke|p2|Kingambit, F|
|poke|p2|Alomomola, M|
|poke|p2|Great Tusk|
|poke|p2|Kyurem|
|poke|p2|Ogerpon-Wellspring, F|
|poke|p2|Slowking-Galar, M|
|teampreview
|
|t:|1776212894
|teamsize|p1|6
|teamsize|p2|6
|start
|switch|p1a: Heatran|Heatran, F|100/100
|switch|p2a: Slowking|Slowking-Galar, M|100/100
|turn|1
|
|t:|1776212903
|move|p1a: Heatran|Magma Storm|p2a: Slowking
|-damage|p2a: Slowking|76/100
|-activate|p2a: Slowking|move: Magma Storm|[of] p1a: Heatran
|move|p2a: Slowking|Thunder Wave|p1a: Heatran|[miss]
|-miss|p2a: Slowking|p1a: Heatran
|
|-damage|p2a: Slowking|64/100|[from] move: Magma Storm|[partiallytrapped]
|upkeep
|turn|2
|
|t:|1776212915
|move|p1a: Heatran|Taunt|p2a: Slowking
|-start|p2a: Slowking|move: Taunt
|-prepare|p2a: Slowking|Chilly Reception|[premajor]
|cant|p2a: Slowking|move: Taunt|Chilly Reception
|
|-damage|p2a: Slowking|51/100|[from] move: Magma Storm|[partiallytrapped]
|upkeep
|turn|3
|
|t:|1776212924
|move|p1a: Heatran|Earth Power|p2a: Slowking
|-supereffective|p2a: Slowking
|-damage|p2a: Slowking|19/100
|move|p2a: Slowking|Future Sight|p1a: Heatran
|-start|p2a: Slowking|move: Future Sight
|
|-damage|p2a: Slowking|7/100|[from] move: Magma Storm|[partiallytrapped]
|upkeep
|turn|4
|
|t:|1776212931
|move|p1a: Heatran|Stealth Rock|p2a: Slowking
|-sidestart|p2: juhaaaa|move: Stealth Rock
|move|p2a: Slowking|Future Sight||[still]
|-fail|p2a: Slowking
|
|-damage|p2a: Slowking|0 fnt|[from] move: Magma Storm|[partiallytrapped]
|faint|p2a: Slowking
|upkeep
|
|t:|1776212941
|switch|p2a: Ogerpon|Ogerpon-Wellspring, F|100/100
|-damage|p2a: Ogerpon|88/100|[from] Stealth Rock
|turn|5
|
|t:|1776212945
|-terastallize|p1a: Heatran|Grass
|move|p2a: Ogerpon|U-turn|p1a: Heatran
|-supereffective|p1a: Heatran
|-damage|p1a: Heatran|51/100
|
|t:|1776212950
|switch|p2a: Alomomola|Alomomola, M|100/100|[from] U-turn
|move|p1a: Heatran|Magma Storm|p2a: Alomomola
|-resisted|p2a: Alomomola
|-damage|p2a: Alomomola|77/100
|-activate|p2a: Alomomola|move: Magma Storm|[of] p1a: Heatran
|
|-end|p1a: Heatran|move: Future Sight
|-damage|p1a: Heatran|25/100
|-heal|p1a: Heatran|32/100|[from] item: Leftovers
|-damage|p2a: Alomomola|64/100|[from] move: Magma Storm|[partiallytrapped]
|upkeep
|turn|6
|
|t:|1776212963
|move|p1a: Heatran|Taunt|p2a: Alomomola
|-start|p2a: Alomomola|move: Taunt
|move|p2a: Alomomola|Flip Turn|p1a: Heatran
|-resisted|p1a: Heatran
|-damage|p1a: Heatran|25/100
|
|t:|1776212973
|switch|p2a: Ogerpon|Ogerpon-Wellspring, F|88/100|[from] Flip Turn
|-damage|p2a: Ogerpon|76/100|[from] Stealth Rock
|
|-heal|p1a: Heatran|32/100|[from] item: Leftovers
|upkeep
|turn|7
|
|t:|1776212980
|move|p2a: Ogerpon|U-turn|p1a: Heatran
|-supereffective|p1a: Heatran
|-damage|p1a: Heatran|0 fnt
|faint|p1a: Heatran
|
|t:|1776212982
|switch|p2a: Alomomola|Alomomola, M|98/100|[from] U-turn
|
|upkeep
|
|t:|1776212990
|switch|p1a: Iron Moth|Iron Moth|100/100
|-enditem|p1a: Iron Moth|Booster Energy
|-activate|p1a: Iron Moth|ability: Quark Drive|[fromitem]
|-start|p1a: Iron Moth|quarkdrivespa
|turn|8
|
|t:|1776212997
|move|p1a: Iron Moth|Energy Ball|p2a: Alomomola
|-supereffective|p2a: Alomomola
|-damage|p2a: Alomomola|0 fnt
|faint|p2a: Alomomola
|
|upkeep
|
|t:|1776213007
|switch|p2a: Great Tusk|Great Tusk|100/100
|-damage|p2a: Great Tusk|98/100|[from] Stealth Rock
|-enditem|p2a: Great Tusk|Booster Energy
|-activate|p2a: Great Tusk|ability: Protosynthesis|[fromitem]
|-start|p2a: Great Tusk|protosynthesisatk
|turn|9
|
|t:|1776213013
|move|p1a: Iron Moth|Energy Ball|p2a: Great Tusk
|-supereffective|p2a: Great Tusk
|-damage|p2a: Great Tusk|0 fnt
|faint|p2a: Great Tusk
|-end|p2a: Great Tusk|Protosynthesis|[silent]
|
|upkeep
|
|t:|1776213017
|switch|p2a: Ogerpon|Ogerpon-Wellspring, F|76/100
|-damage|p2a: Ogerpon|64/100|[from] Stealth Rock
|turn|10
|
|t:|1776213023
|move|p2a: Ogerpon|Ivy Cudgel|p1a: Iron Moth|[anim] Ivy Cudgel Water
|-supereffective|p1a: Iron Moth
|-damage|p1a: Iron Moth|0 fnt
|faint|p1a: Iron Moth
|-end|p1a: Iron Moth|Quark Drive|[silent]
|
|upkeep
|
|t:|1776213029
|switch|p1a: Torkoal|Torkoal, F|100/100
|-weather|SunnyDay|[from] ability: Drought|[of] p1a: Torkoal
|turn|11
|
|t:|1776213040
|move|p2a: Ogerpon|U-turn|p1a: Torkoal
|-resisted|p1a: Torkoal
|-damage|p1a: Torkoal|93/100
|
|t:|1776213042
|switch|p2a: Kyurem|Kyurem|100/100|[from] U-turn
|-ability|p2a: Kyurem|Pressure
|move|p1a: Torkoal|Lava Plume|p2a: Kyurem
|-damage|p2a: Kyurem|66/100
|-status|p2a: Kyurem|brn
|
|-weather|SunnyDay|[upkeep]
|-damage|p2a: Kyurem|60/100 brn|[from] brn
|upkeep
|turn|12
|
|t:|1776213055
|move|p2a: Kyurem|Draco Meteor|p1a: Torkoal
|-damage|p1a: Torkoal|7/100
|-unboost|p2a: Kyurem|spa|2
|move|p1a: Torkoal|Lava Plume|p2a: Kyurem
|-damage|p2a: Kyurem|22/100 brn
|
|-weather|SunnyDay|[upkeep]
|-damage|p2a: Kyurem|16/100 brn|[from] brn
|upkeep
|turn|13
|
|t:|1776213064
|move|p2a: Kyurem|Earth Power|p1a: Torkoal
|-supereffective|p1a: Torkoal
|-damage|p1a: Torkoal|0 fnt
|faint|p1a: Torkoal
|
|-weather|SunnyDay|[upkeep]
|-damage|p2a: Kyurem|10/100 brn|[from] brn
|upkeep
|j| GruesomeLovelies
|
|t:|1776213093
|switch|p1a: Entei|Entei|100/100
|-ability|p1a: Entei|Pressure
|turn|14
|
|t:|1776213097
|move|p1a: Entei|Extreme Speed|p2a: Kyurem
|-damage|p2a: Kyurem|0 fnt
|faint|p2a: Kyurem
|
|-weather|SunnyDay|[upkeep]
|upkeep
|
|t:|1776213106
|switch|p2a: Ogerpon|Ogerpon-Wellspring, F|64/100
|-damage|p2a: Ogerpon|51/100|[from] Stealth Rock
|turn|15
|
|t:|1776213110
|move|p1a: Entei|Extreme Speed|p2a: Ogerpon
|-damage|p2a: Ogerpon|0 fnt
|faint|p2a: Ogerpon
|
|-weather|none
|upkeep
|
|t:|1776213113
|switch|p2a: Kingambit|Kingambit, F|100/100
|-damage|p2a: Kingambit|94/100|[from] Stealth Rock
|-activate|p2a: Kingambit|ability: Supreme Overlord
|-start|p2a: Kingambit|fallen5|[silent]
|turn|16
|
|t:|1776213121
|-terastallize|p2a: Kingambit|Fairy
|move|p1a: Entei|Extreme Speed|p2a: Kingambit
|-damage|p2a: Kingambit|65/100
|move|p2a: Kingambit|Sucker Punch||[still]
|-fail|p2a: Kingambit
|
|-heal|p2a: Kingambit|72/100|[from] item: Leftovers
|upkeep
|turn|17
|c| GruesomeLovelies|nice tera
|
|t:|1776213129
|move|p1a: Entei|Extreme Speed|p2a: Kingambit
|-damage|p2a: Kingambit|39/100
|move|p2a: Kingambit|Kowtow Cleave|p1a: Entei
|-damage|p1a: Entei|27/100
|
|-heal|p2a: Kingambit|45/100|[from] item: Leftovers
|upkeep
|turn|18
|
|t:|1776213136
|move|p1a: Entei|Extreme Speed|p2a: Kingambit
|-damage|p2a: Kingambit|12/100
|move|p2a: Kingambit|Kowtow Cleave|p1a: Entei
|-damage|p1a: Entei|0 fnt
|faint|p1a: Entei
|
|-heal|p2a: Kingambit|18/100|[from] item: Leftovers
|upkeep
|
|t:|1776213144
|switch|p1a: Cinderace|Cinderace, M|100/100
|turn|19
|
|t:|1776213158
|move|p2a: Kingambit|Sucker Punch|p1a: Cinderace
|-damage|p1a: Cinderace|10/100
|move|p1a: Cinderace|Pyro Ball|p2a: Kingambit
|-damage|p2a: Kingambit|0 fnt
|faint|p2a: Kingambit
|-end|p2a: Kingambit|fallen5|[silent]
|
|win|sharkerthantheteal
|raw|sharkerthantheteal's rating: 1167 &rarr; <strong>1195</strong><br />(+28 for winning)
|raw|juhaaaa's rating: 1208 &rarr; <strong>1180</strong><br />(-28 for losing)
|c|☆sharkerthantheteal|gg
|c| GruesomeLovelies|good game guys
|c|☆juhaaaa|ggs
|l| GruesomeLovelies
|l|☆juhaaaa
|player|p2|
|c|☆sharkerthantheteal|pokemon!
|j| GruesomeLovelies
|l| GruesomeLovelies
