|html|<div class="broadcast-blue"><strong>[Gen 9] OU is currently suspecting Tera Blast! For information on how to participate check out the <a href="https://www.smogon.com/tools/suspects/view/200">suspect thread</a>.</strong></div>
|badge|p1|silver|gen9ou|30-9
|uhtml|medal-msg|<div class="broadcast-blue">Curious what those medals under the avatar are? PS now has Ladder Seasons! For more information, check out the <a href="https://www.smogon.com/forums/threads/3740067/">thread on Smogon.</a></div>
|j|☆sv gurt
|j|☆a jellyfish
|t:|1776032778
|gametype|singles
|player|p1|sv gurt|bugsy-masters|1875
|player|p2|a jellyfish|bianca|1814
|gen|9
|tier|[Gen 9] OU
|rated|
|rule|HP Percentage Mod: HP is shown in percentages
|rule|Endless Battle Clause: Forcing endless battles is banned
|rule|Species Clause: Limit one of each Pokémon
|rule|OHKO Clause: OHKO moves are banned
|rule|Evasion Items Clause: Evasion items are banned
|rule|Evasion Moves Clause: Evasion moves are banned
|rule|Evasion Abilities Clause: Evasion abilities are banned
|rule|Sleep Moves Clause: Sleep-inducing moves are banned
|clearpoke
|poke|p1|Alomomola, M|
|poke|p1|Great Tusk|
|poke|p1|Hatterene, F|
|poke|p1|Dragapult, M|
|poke|p1|Scizor, M|
|poke|p1|Darkrai|
|poke|p2|Tyranitar, M|
|poke|p2|Landorus-Therian, M|
|poke|p2|Muk-Alola, F|
|poke|p2|Ogerpon-Wellspring, F|
|poke|p2|Hatterene, F|
|poke|p2|Dragapult, F|
|teampreview
|inactive|Battle timer is ON: inactive players will automatically lose when time's up. (requested by a jellyfish)
|inactive|sv gurt has 120 seconds left.
|
|t:|1776032822
|teamsize|p1|6
|teamsize|p2|6
|start
|switch|p1a: Dragapult|Dragapult, M|100/100
|switch|p2a: Landorus|Landorus-Therian, M|100/100
|-ability|p2a: Landorus|Intimidate|boost
|-unboost|p1a: Dragapult|atk|1
|turn|1
|
|t:|1776032851
|move|p1a: Dragapult|Draco Meteor|p2a: Landorus
|-damage|p2a: Landorus|3/100
|-unboost|p1a: Dragapult|spa|2
|move|p2a: Landorus|Earth Power|p1a: Dragapult
|-damage|p1a: Dragapult|54/100
|
|upkeep
|turn|2
|
|t:|1776032864
|move|p1a: Dragapult|Draco Meteor|p2a: Landorus
|-damage|p2a: Landorus|0 fnt
|-unboost|p1a: Dragapult|spa|2
|faint|p2a: Landorus
|
|upkeep
|
|t:|1776032866
|switch|p2a: Tyranitar|Tyranitar, M, shiny|100/100
|-weather|Sandstorm|[from] ability: Sand Stream|[of] p2a: Tyranitar
|turn|3
|
|t:|1776032881
|switch|p1a: Great Tusk|Great Tusk|100/100
|move|p2a: Tyranitar|Ice Punch|p1a: Great Tusk
|-supereffective|p1a: Great Tusk
|-damage|p1a: Great Tusk|47/100
|
|-weather|Sandstorm|[upkeep]
|-heal|p1a: Great Tusk|53/100|[from] item: Leftovers
|upkeep
|turn|4
|
|t:|1776032902
|switch|p2a: Ogerpon|Ogerpon-Wellspring, F|100/100
|move|p1a: Great Tusk|Headlong Rush|p2a: Ogerpon
|-resisted|p2a: Ogerpon
|-damage|p2a: Ogerpon|65/100
|-unboost|p1a: Great Tusk|def|1
|-unboost|p1a: Great Tusk|spd|1
|
|-weather|Sandstorm|[upkeep]
|-damage|p2a: Ogerpon|59/100|[from] Sandstorm
|-heal|p1a: Great Tusk|59/100|[from] item: Leftovers
|upkeep
|turn|5
|inactive|sv gurt has 120 seconds left.
|
|t:|1776032934
|-end|p1a: Great Tusk|Protosynthesis|[silent]
|switch|p1a: Hatterene|Hatterene, F|100/100
|move|p2a: Ogerpon|Horn Leech|p1a: Hatterene
|-damage|p1a: Hatterene|67/100
|-heal|p2a: Ogerpon|76/100|[from] drain|[of] p1a: Hatterene
|
|-weather|Sandstorm|[upkeep]
|-damage|p2a: Ogerpon|70/100|[from] Sandstorm
|-damage|p1a: Hatterene|61/100|[from] Sandstorm
|-heal|p1a: Hatterene|67/100|[from] item: Leftovers
|upkeep
|turn|6
|
|t:|1776032943
|move|p2a: Ogerpon|U-turn|p1a: Hatterene
|-crit|p1a: Hatterene
|-damage|p1a: Hatterene|32/100
|
|t:|1776032944
|switch|p2a: muk punch|Muk-Alola, F, shiny|100/100|[from] U-turn
|move|p1a: Hatterene|Nuzzle|p2a: muk punch
|-damage|p2a: muk punch|96/100
|-status|p2a: muk punch|par
|
|-weather|Sandstorm|[upkeep]
|-damage|p1a: Hatterene|26/100|[from] Sandstorm
|-damage|p2a: muk punch|90/100 par|[from] Sandstorm
|-heal|p1a: Hatterene|32/100|[from] item: Leftovers
|upkeep
|turn|7
|inactive|sv gurt has 120 seconds left.
|
|t:|1776032969
|switch|p1a: Great Tusk|Great Tusk|59/100
|switch|p2a: Ogerpon|Ogerpon-Wellspring, F|70/100
|
|-weather|none
|-heal|p1a: Great Tusk|65/100|[from] item: Leftovers
|upkeep
|turn|8
|
|t:|1776032971
|move|p2a: Ogerpon|Horn Leech|p1a: Great Tusk
|-supereffective|p1a: Great Tusk
|-damage|p1a: Great Tusk|7/100
|-heal|p2a: Ogerpon|100/100|[from] drain|[of] p1a: Great Tusk
|move|p1a: Great Tusk|Headlong Rush|p2a: Ogerpon
|-resisted|p2a: Ogerpon
|-damage|p2a: Ogerpon|64/100
|-unboost|p1a: Great Tusk|def|1
|-unboost|p1a: Great Tusk|spd|1
|
|-heal|p1a: Great Tusk|13/100|[from] item: Leftovers
|upkeep
|turn|9
|
|t:|1776032975
|move|p2a: Ogerpon|Horn Leech|p1a: Great Tusk
|-supereffective|p1a: Great Tusk
|-damage|p1a: Great Tusk|0 fnt
|-heal|p2a: Ogerpon|74/100|[from] drain|[of] p1a: Great Tusk
|faint|p1a: Great Tusk
|-end|p1a: Great Tusk|Protosynthesis|[silent]
|
|upkeep
|
|t:|1776032977
|switch|p1a: Dragapult|Dragapult, M|54/100
|turn|10
|inactive|a jellyfish has 120 seconds left.
|
|t:|1776033022
|move|p1a: Dragapult|Draco Meteor|p2a: Ogerpon
|-damage|p2a: Ogerpon|0 fnt
|-unboost|p1a: Dragapult|spa|2
|faint|p2a: Ogerpon
|
|upkeep
|
|t:|1776033025
|switch|p2a: Tyranitar|Tyranitar, M, shiny|100/100
|-weather|Sandstorm|[from] ability: Sand Stream|[of] p2a: Tyranitar
|turn|11
|
|t:|1776033039
|switch|p1a: Hatterene|Hatterene, F|32/100
|move|p2a: Tyranitar|Stone Edge|p1a: Hatterene
|-crit|p1a: Hatterene
|-damage|p1a: Hatterene|0 fnt
|faint|p1a: Hatterene
|
|-weather|Sandstorm|[upkeep]
|upkeep
|
|t:|1776033043
|switch|p1a: Scizor|Scizor, M|100/100
|turn|12
|
|t:|1776033051
|-terastallize|p1a: Scizor|Steel
|move|p2a: Tyranitar|Stone Edge|p1a: Scizor
|-resisted|p1a: Scizor
|-damage|p1a: Scizor|51/100
|move|p1a: Scizor|U-turn|p2a: Tyranitar
|-supereffective|p2a: Tyranitar
|-damage|p2a: Tyranitar|0 fnt
|faint|p2a: Tyranitar
|inactive|sv gurt has 120 seconds left.
|j| SaberSerenity
|
|t:|1776033099
|switch|p1a: Alomomola|Alomomola, M|100/100|[from] U-turn
|
|-weather|Sandstorm|[upkeep]
|-damage|p1a: Alomomola|94/100|[from] Sandstorm
|upkeep
|
|t:|1776033103
|switch|p2a: Dragapult|Dragapult, F|100/100
|turn|13
|inactive|sv gurt has 120 seconds left.
|
|t:|1776033110
|move|p2a: Dragapult|Will-O-Wisp|p1a: Alomomola|[miss]
|-miss|p2a: Dragapult|p1a: Alomomola
|move|p1a: Alomomola|Mirror Coat||[still]
|-fail|p1a: Alomomola
|
|-weather|Sandstorm|[upkeep]
|-damage|p2a: Dragapult|95/100|[from] Sandstorm
|-damage|p1a: Alomomola|88/100|[from] Sandstorm
|upkeep
|turn|14
|
|t:|1776033114
|move|p2a: Dragapult|Will-O-Wisp|p1a: Alomomola
|-status|p1a: Alomomola|brn
|move|p1a: Alomomola|Flip Turn|p2a: Dragapult
|-resisted|p2a: Dragapult
|-damage|p2a: Dragapult|90/100
|
|t:|1776033116
|switch|p1a: Darkrai|Darkrai|100/100|[from] Flip Turn
|
|-weather|Sandstorm|[upkeep]
|-damage|p1a: Darkrai|94/100|[from] Sandstorm
|-damage|p2a: Dragapult|84/100|[from] Sandstorm
|upkeep
|turn|15
|
|t:|1776033119
|switch|p2a: muk punch|Muk-Alola, F, shiny|90/100 par
|move|p1a: Darkrai|Dark Pulse|p2a: muk punch
|-resisted|p2a: muk punch
|-damage|p2a: muk punch|81/100 par
|
|-weather|none
|upkeep
|turn|16
|
|t:|1776033131
|switch|p1a: Alomomola|Alomomola, M|100/100 brn
|switch|p2a: Hatterene|Hatterene, F, shiny|100/100
|
|-damage|p1a: Alomomola|94/100 brn|[from] brn
|upkeep
|turn|17
|
|t:|1776033136
|move|p1a: Alomomola|Scald|p2a: Hatterene
|-damage|p2a: Hatterene|85/100
|move|p2a: Hatterene|Mystical Fire|p1a: Alomomola
|-resisted|p1a: Alomomola
|-damage|p1a: Alomomola|89/100 brn
|-unboost|p1a: Alomomola|spa|1
|
|-heal|p2a: Hatterene|91/100|[from] item: Leftovers
|-damage|p1a: Alomomola|83/100 brn|[from] brn
|upkeep
|turn|18
|
|t:|1776033141
|switch|p2a: muk punch|Muk-Alola, F, shiny|81/100 par
|move|p1a: Alomomola|Scald|p2a: muk punch
|-damage|p2a: muk punch|76/100 par
|
|-damage|p1a: Alomomola|76/100 brn|[from] brn
|upkeep
|turn|19
|
|t:|1776033145
|move|p1a: Alomomola|Chilling Water|p2a: muk punch
|-damage|p2a: muk punch|73/100 par
|-unboost|p2a: muk punch|atk|1
|move|p2a: muk punch|Knock Off|p1a: Alomomola
|-damage|p1a: Alomomola|58/100 brn
|-enditem|p1a: Alomomola|Assault Vest|[from] move: Knock Off|[of] p2a: muk punch
|
|-damage|p1a: Alomomola|52/100 brn|[from] brn
|upkeep
|turn|20
|
|t:|1776033151
|move|p1a: Alomomola|Chilling Water|p2a: muk punch
|-damage|p2a: muk punch|71/100 par
|-unboost|p2a: muk punch|atk|1
|move|p2a: muk punch|Knock Off|p1a: Alomomola
|-damage|p1a: Alomomola|42/100 brn
|
|-damage|p1a: Alomomola|36/100 brn|[from] brn
|upkeep
|turn|21
|
|t:|1776033157
|switch|p2a: Hatterene|Hatterene, F, shiny|91/100
|move|p1a: Alomomola|Flip Turn|p2a: Hatterene
|-damage|p2a: Hatterene|84/100
|
|t:|1776033159
|switch|p1a: Scizor|Scizor, M, tera:Steel|51/100|[from] Flip Turn
|
|-heal|p2a: Hatterene|90/100|[from] item: Leftovers
|upkeep
|turn|22
|
|t:|1776033169
|move|p1a: Scizor|U-turn|p2a: Hatterene
|-damage|p2a: Hatterene|38/100
|
|t:|1776033178
|switch|p1a: Dragapult|Dragapult, M|54/100|[from] U-turn
|move|p2a: Hatterene|Draining Kiss|p1a: Dragapult
|-supereffective|p1a: Dragapult
|-damage|p1a: Dragapult|0 fnt
|-heal|p2a: Hatterene|78/100|[from] drain|[of] p1a: Dragapult
|faint|p1a: Dragapult
|
|-heal|p2a: Hatterene|84/100|[from] item: Leftovers
|upkeep
|
|t:|1776033180
|switch|p1a: Scizor|Scizor, M, tera:Steel|51/100
|turn|23
|
|t:|1776033183
|-terastallize|p2a: Hatterene|Fire
|move|p1a: Scizor|Bullet Punch|p2a: Hatterene
|-resisted|p2a: Hatterene
|-damage|p2a: Hatterene|55/100
|move|p2a: Hatterene|Mystical Fire|p1a: Scizor
|-supereffective|p1a: Scizor
|-damage|p1a: Scizor|0 fnt
|faint|p1a: Scizor
|
|-heal|p2a: Hatterene|61/100|[from] item: Leftovers
|upkeep
|-message|sv gurt forfeited.
|
|win|a jellyfish
|raw|sv gurt's rating: 1827 &rarr; <strong>1806</strong><br />(-21 for losing)
|raw|a jellyfish's rating: 1814 &rarr; <strong>1835</strong><br />(+21 for winning)
|l|☆sv gurt
|player|p1|
|l|☆a jellyfish
|player|p2|
