|html|<div class="broadcast-blue"><strong>[Gen 9] OU is currently suspecting Volcarona! For information on how to participate check out the <a href="https://www.smogon.com/tools/suspects/view/208">suspect thread</a>.</strong></div>
|j|☆wendeltheweak
|j|☆tilda mamoswinton
|t:|1778507002
|gametype|singles
|player|p1|wendeltheweak|266|1083
|player|p2|tilda mamoswinton|1|1113
|gen|9
|tier|[Gen 9] OU
|rated|
|rule|HP Percentage Mod: HP is shown in percentages
|rule|Endless Battle Clause: Forcing endless battles is banned
|rule|Species Clause: Limit one of each Pokémon
|rule|OHKO Clause: OHKO moves are banned
|rule|Evasion Items Clause: Evasion items are banned
|rule|Evasion Moves Clause: Evasion moves are banned
|rule|Evasion Abilities Clause: Evasion abilities are banned
|rule|Sleep Moves Clause: Sleep-inducing moves are banned
|clearpoke
|poke|p1|Ivysaur, M|
|poke|p1|Thwackey, M|
|poke|p1|Pikachu, F|
|poke|p1|Combusken, M|
|poke|p1|Wartortle, F|
|poke|p1|Torracat, F|
|poke|p2|Regice|
|poke|p2|Heatran, F|
|poke|p2|Sandy Shocks|
|poke|p2|Walking Wake|
|poke|p2|Okidogi, M|
|poke|p2|Exeggutor, M|
|teampreview
|
|t:|1778507029
|teamsize|p1|6
|teamsize|p2|6
|start
|switch|p1a: Combusken|Combusken, M|100/100
|switch|p2a: Sandy Shocks|Sandy Shocks|100/100
|-enditem|p2a: Sandy Shocks|Booster Energy
|-activate|p2a: Sandy Shocks|ability: Protosynthesis|[fromitem]
|-start|p2a: Sandy Shocks|protosynthesisspe
|turn|1
|inactive|Battle timer is ON: inactive players will automatically lose when time's up. (requested by tilda mamoswinton)
|
|t:|1778507037
|move|p2a: Sandy Shocks|Stealth Rock|p1a: Combusken
|-sidestart|p1: wendeltheweak|move: Stealth Rock
|move|p1a: Combusken|Swords Dance|p1a: Combusken
|-boost|p1a: Combusken|atk|2
|
|-ability|p1a: Combusken|Speed Boost|boost
|-boost|p1a: Combusken|spe|1
|upkeep
|turn|2
|
|t:|1778507045
|move|p1a: Combusken|Protect|p1a: Combusken
|-singleturn|p1a: Combusken|Protect
|move|p2a: Sandy Shocks|Earth Power|p1a: Combusken
|-activate|p1a: Combusken|move: Protect
|
|-ability|p1a: Combusken|Speed Boost|boost
|-boost|p1a: Combusken|spe|1
|upkeep
|turn|3
|
|t:|1778507069
|move|p2a: Sandy Shocks|Earth Power|p1a: Combusken
|-supereffective|p1a: Combusken
|-enditem|p1a: Combusken|Focus Sash
|-damage|p1a: Combusken|1/100
|move|p1a: Combusken|Close Combat|p2a: Sandy Shocks
|-damage|p2a: Sandy Shocks|0 fnt
|-unboost|p1a: Combusken|def|1
|-unboost|p1a: Combusken|spd|1
|faint|p2a: Sandy Shocks
|-end|p2a: Sandy Shocks|Protosynthesis|[silent]
|
|-ability|p1a: Combusken|Speed Boost|boost
|-boost|p1a: Combusken|spe|1
|upkeep
|
|t:|1778507082
|switch|p2a: Heatran|Heatran, F|100/100
|turn|4
|
|t:|1778507084
|-terastallize|p2a: Heatran|Grass
|move|p1a: Combusken|Close Combat|p2a: Heatran
|-damage|p2a: Heatran|5/100
|-unboost|p1a: Combusken|def|1
|-unboost|p1a: Combusken|spd|1
|move|p2a: Heatran|Power Gem|p1a: Combusken
|-damage|p1a: Combusken|0 fnt
|faint|p1a: Combusken
|
|upkeep
|
|t:|1778507098
|switch|p1a: Thwackey|Thwackey, M|100/100
|-damage|p1a: Thwackey|88/100|[from] Stealth Rock
|-fieldstart|move: Grassy Terrain|[from] ability: Grassy Surge|[of] p1a: Thwackey
|turn|5
|
|t:|1778507103
|move|p1a: Thwackey|Grassy Glide|p2a: Heatran
|-resisted|p2a: Heatran
|-damage|p2a: Heatran|0 fnt
|faint|p2a: Heatran
|-damage|p1a: Thwackey|78/100|[from] item: Life Orb
|
|-heal|p1a: Thwackey|84/100|[from] Grassy Terrain
|upkeep
|
|t:|1778507110
|switch|p2a: Okidogi|Okidogi, M|100/100
|-item|p2a: Okidogi|Air Balloon
|turn|6
|
|t:|1778507121
|switch|p1a: Ivysaur|Ivysaur, M|100/100
|-damage|p1a: Ivysaur|88/100|[from] Stealth Rock
|move|p2a: Okidogi|Gunk Shot|p1a: Ivysaur
|-damage|p1a: Ivysaur|51/100
|
|-heal|p1a: Ivysaur|57/100|[from] Grassy Terrain
|upkeep
|turn|7
|
|t:|1778507128
|move|p2a: Okidogi|Knock Off|p1a: Ivysaur
|-damage|p1a: Ivysaur|37/100
|-enditem|p1a: Ivysaur|Eviolite|[from] move: Knock Off|[of] p2a: Okidogi
|move|p1a: Ivysaur|Leech Seed|p2a: Okidogi
|-start|p2a: Okidogi|move: Leech Seed
|
|-heal|p1a: Ivysaur|43/100|[from] Grassy Terrain
|-damage|p2a: Okidogi|88/100|[from] Leech Seed|[of] p1a: Ivysaur
|-heal|p1a: Ivysaur|55/100|[silent]
|upkeep
|turn|8
|
|t:|1778507143
|switch|p2a: Exeggutor|Exeggutor, M|100/100
|move|p1a: Ivysaur|Toxic|p2a: Exeggutor
|-status|p2a: Exeggutor|tox
|
|-heal|p1a: Ivysaur|62/100|[from] Grassy Terrain
|-damage|p2a: Exeggutor|94/100 tox|[from] psn
|upkeep
|turn|9
|
|t:|1778507150
|move|p1a: Ivysaur|Protect|p1a: Ivysaur
|-singleturn|p1a: Ivysaur|Protect
|move|p2a: Exeggutor|Psychic Noise|p1a: Ivysaur
|-activate|p1a: Ivysaur|move: Protect
|
|-heal|p2a: Exeggutor|100/100 tox|[from] Grassy Terrain
|-heal|p1a: Ivysaur|68/100|[from] Grassy Terrain
|-damage|p2a: Exeggutor|88/100 tox|[from] psn
|-fieldend|move: Grassy Terrain
|upkeep
|turn|10
|inactive|wendeltheweak has 120 seconds left.
|
|t:|1778507193
|switch|p1a: Wartortle|Wartortle, F|100/100
|-damage|p1a: Wartortle|88/100|[from] Stealth Rock
|move|p2a: Exeggutor|Psychic Noise|p1a: Wartortle
|-damage|p1a: Wartortle|41/100
|-start|p1a: Wartortle|move: Heal Block
|
|-damage|p2a: Exeggutor|70/100 tox|[from] psn
|upkeep
|turn|11
|
|t:|1778507218
|move|p1a: Wartortle|Ice Beam|p2a: Exeggutor
|-supereffective|p2a: Exeggutor
|-damage|p2a: Exeggutor|30/100 tox
|move|p2a: Exeggutor|Psychic Noise|p1a: Wartortle
|-damage|p1a: Wartortle|0 fnt
|faint|p1a: Wartortle
|
|-damage|p2a: Exeggutor|6/100 tox|[from] psn
|upkeep
|
|t:|1778507230
|switch|p1a: Torracat|Torracat, F|100/100
|-ability|p1a: Torracat|Intimidate|boost
|-unboost|p2a: Exeggutor|atk|1
|turn|12
|-enditem|p2a: Exeggutor|Custap Berry|[eat]
|-activate|p2a: Exeggutor|item: Custap Berry|[consumed]
|
|t:|1778507234
|move|p1a: Torracat|Fake Out|p2a: Exeggutor
|-damage|p2a: Exeggutor|0 fnt
|faint|p2a: Exeggutor
|
|upkeep
|
|t:|1778507240
|switch|p2a: Walking Wake|Walking Wake|100/100
|-enditem|p2a: Walking Wake|Booster Energy
|-activate|p2a: Walking Wake|ability: Protosynthesis|[fromitem]
|-start|p2a: Walking Wake|protosynthesisspe
|turn|13
|
|t:|1778507256
|switch|p1a: Ivysaur|Ivysaur, M|68/100
|-damage|p1a: Ivysaur|55/100|[from] Stealth Rock
|move|p2a: Walking Wake|Hydro Pump|p1a: Ivysaur
|-resisted|p1a: Ivysaur
|-damage|p1a: Ivysaur|30/100
|
|upkeep
|turn|14
|
|t:|1778507266
|move|p2a: Walking Wake|Hurricane|p1a: Ivysaur|[miss]
|-miss|p2a: Walking Wake|p1a: Ivysaur
|move|p1a: Ivysaur|Leech Seed|p2a: Walking Wake
|-start|p2a: Walking Wake|move: Leech Seed
|
|-damage|p2a: Walking Wake|88/100|[from] Leech Seed|[of] p1a: Ivysaur
|-heal|p1a: Ivysaur|42/100|[silent]
|upkeep
|turn|15
|
|t:|1778507273
|move|p1a: Ivysaur|Protect|p1a: Ivysaur
|-singleturn|p1a: Ivysaur|Protect
|move|p2a: Walking Wake|Hurricane|p1a: Ivysaur
|-activate|p1a: Ivysaur|move: Protect
|
|-damage|p2a: Walking Wake|76/100|[from] Leech Seed|[of] p1a: Ivysaur
|-heal|p1a: Ivysaur|55/100|[silent]
|upkeep
|turn|16
|
|t:|1778507288
|-terastallize|p1a: Ivysaur|Steel
|move|p2a: Walking Wake|Hurricane|p1a: Ivysaur
|-resisted|p1a: Ivysaur
|-damage|p1a: Ivysaur|39/100
|move|p1a: Ivysaur|Toxic|p2a: Walking Wake
|-status|p2a: Walking Wake|tox
|
|-damage|p2a: Walking Wake|63/100 tox|[from] Leech Seed|[of] p1a: Ivysaur
|-heal|p1a: Ivysaur|52/100|[silent]
|-damage|p2a: Walking Wake|57/100 tox|[from] psn
|upkeep
|turn|17
|-message|tilda mamoswinton forfeited.
|
|win|wendeltheweak
|raw|wendeltheweak's rating: 1083 &rarr; <strong>1113</strong><br />(+30 for winning)
|raw|tilda mamoswinton's rating: 1113 &rarr; <strong>1086</strong><br />(-27 for losing)
|l|☆tilda mamoswinton
|player|p2|
|l|☆wendeltheweak
|player|p1|
