|html|<div class="broadcast-blue"><strong>[Gen 9] OU is currently suspecting Tera Blast! For information on how to participate check out the <a href="https://www.smogon.com/tools/suspects/view/200">suspect thread</a>.</strong></div>
|j|☆Greedman456
|j|☆elpets
|t:|1776074088
|gametype|singles
|player|p1|Greedman456|brock|1760
|player|p2|elpets|infielder|1786
|gen|9
|tier|[Gen 9] OU
|rated|
|rule|HP Percentage Mod: HP is shown in percentages
|rule|Endless Battle Clause: Forcing endless battles is banned
|rule|Species Clause: Limit one of each Pokémon
|rule|OHKO Clause: OHKO moves are banned
|rule|Evasion Items Clause: Evasion items are banned
|rule|Evasion Moves Clause: Evasion moves are banned
|rule|Evasion Abilities Clause: Evasion abilities are banned
|rule|Sleep Moves Clause: Sleep-inducing moves are banned
|clearpoke
|poke|p1|Pelipper, M|
|poke|p1|Talonflame, F|
|poke|p1|Hatterene, F|
|poke|p1|Landorus-Therian, M|
|poke|p1|Cinderace, F|
|poke|p1|Zamazenta-*|
|poke|p2|Hatterene, F|
|poke|p2|Dragonite, F|
|poke|p2|Breloom, M|
|poke|p2|Azumarill, F|
|poke|p2|Great Tusk|
|poke|p2|Skeledirge, F|
|teampreview
|inactive|Battle timer is ON: inactive players will automatically lose when time's up. (requested by elpets)
|
|t:|1776074098
|teamsize|p1|6
|teamsize|p2|6
|start
|switch|p1a: Pelipper|Pelipper, M|100/100
|switch|p2a: Hatterene|Hatterene, F|100/100
|-weather|RainDance|[from] ability: Drizzle|[of] p1a: Pelipper
|turn|1
|
|t:|1776074105
|move|p1a: Pelipper|U-turn|p2a: Hatterene
|-damage|p2a: Hatterene|91/100
|
|t:|1776074107
|switch|p1a: Landorus|Landorus-Therian, M|100/100|[from] U-turn
|-ability|p1a: Landorus|Intimidate|boost
|-unboost|p2a: Hatterene|atk|1
|move|p2a: Hatterene|Trick Room|p2a: Hatterene
|-fieldstart|move: Trick Room|[of] p2a: Hatterene
|
|-weather|RainDance|[upkeep]
|-heal|p2a: Hatterene|97/100|[from] item: Leftovers
|upkeep
|turn|2
|j| gsdfgsfsfes
|
|t:|1776074117
|move|p2a: Hatterene|Psyshock|p1a: Landorus
|-damage|p1a: Landorus|44/100
|move|p1a: Landorus|Earthquake|p2a: Hatterene
|-damage|p2a: Hatterene|23/100
|
|-weather|RainDance|[upkeep]
|-heal|p2a: Hatterene|29/100|[from] item: Leftovers
|upkeep
|turn|3
|
|t:|1776074125
|switch|p1a: Hatterene|Hatterene, F|100/100
|move|p2a: Hatterene|Psyshock|p1a: Hatterene
|-resisted|p1a: Hatterene
|-damage|p1a: Hatterene|72/100
|
|-weather|RainDance|[upkeep]
|-heal|p2a: Hatterene|35/100|[from] item: Leftovers
|upkeep
|turn|4
|
|t:|1776074140
|move|p2a: Hatterene|Draining Kiss|p1a: Hatterene
|-damage|p1a: Hatterene|56/100
|-heal|p2a: Hatterene|47/100|[from] drain|[of] p1a: Hatterene
|move|p1a: Hatterene|Psychic Noise|p2a: Hatterene
|-resisted|p2a: Hatterene
|-damage|p2a: Hatterene|28/100
|-start|p2a: Hatterene|move: Heal Block
|
|-weather|RainDance|[upkeep]
|upkeep
|turn|5
|
|t:|1776074150
|move|p2a: Hatterene|Psyshock|p1a: Hatterene
|-resisted|p1a: Hatterene
|-damage|p1a: Hatterene|28/100
|move|p1a: Hatterene|Mystical Fire|p2a: Hatterene
|-damage|p2a: Hatterene|15/100
|-unboost|p2a: Hatterene|spa|1
|
|-weather|none
|-end|p2a: Hatterene|move: Heal Block
|-fieldend|move: Trick Room
|upkeep
|turn|6
|
|t:|1776074157
|move|p1a: Hatterene|Draining Kiss|p2a: Hatterene
|-damage|p2a: Hatterene|0 fnt
|-heal|p1a: Hatterene|39/100|[from] drain|[of] p2a: Hatterene
|faint|p2a: Hatterene
|
|upkeep
|
|t:|1776074160
|switch|p2a: Ippo|Breloom, M|100/100
|turn|7
|
|t:|1776074164
|move|p2a: Ippo|Rock Tomb|p1a: Hatterene|[miss]
|-miss|p2a: Ippo|p1a: Hatterene
|move|p1a: Hatterene|Psychic Noise|p2a: Ippo
|-supereffective|p2a: Ippo
|-enditem|p2a: Ippo|Focus Sash
|-damage|p2a: Ippo|1/100
|-start|p2a: Ippo|move: Heal Block
|
|upkeep
|turn|8
|
|t:|1776074182
|move|p2a: Ippo|Rock Tomb|p1a: Hatterene
|-damage|p1a: Hatterene|0 fnt
|faint|p1a: Hatterene
|
|-end|p2a: Ippo|move: Heal Block
|upkeep
|
|t:|1776074185
|switch|p1a: Pelipper|Pelipper, M|100/100
|-weather|RainDance|[from] ability: Drizzle|[of] p1a: Pelipper
|turn|9
|
|t:|1776074188
|move|p2a: Ippo|Rock Tomb|p1a: Pelipper
|-supereffective|p1a: Pelipper
|-damage|p1a: Pelipper|5/100
|-unboost|p1a: Pelipper|spe|1
|move|p1a: Pelipper|U-turn|p2a: Ippo
|-damage|p2a: Ippo|0 fnt
|faint|p2a: Ippo
|
|t:|1776074196
|switch|p1a: Talonflame|Talonflame, F|100/100|[from] U-turn
|
|-weather|RainDance|[upkeep]
|upkeep
|j| samurajen
|
|t:|1776074200
|switch|p2a: Azumarill|Azumarill, F|100/100
|turn|10
|
|t:|1776074204
|-terastallize|p1a: Talonflame|Flying
|move|p1a: Talonflame|Hurricane|p2a: Azumarill
|-damage|p2a: Azumarill|39/100
|move|p2a: Azumarill|Liquidation|p1a: Talonflame
|-damage|p1a: Talonflame|0 fnt
|faint|p1a: Talonflame
|
|-weather|RainDance|[upkeep]
|upkeep
|
|t:|1776074213
|switch|p1a: Landorus|Landorus-Therian, M|44/100
|-ability|p1a: Landorus|Intimidate|boost
|-unboost|p2a: Azumarill|atk|1
|turn|11
|
|t:|1776074219
|move|p2a: Azumarill|Aqua Jet|p1a: Landorus
|-supereffective|p1a: Landorus
|-damage|p1a: Landorus|0 fnt
|faint|p1a: Landorus
|
|-weather|RainDance|[upkeep]
|upkeep
|
|t:|1776074222
|switch|p1a: Zamazenta|Zamazenta|100/100
|-ability|p1a: Zamazenta|Dauntless Shield|boost
|-boost|p1a: Zamazenta|def|1
|turn|12
|
|t:|1776074226
|move|p1a: Zamazenta|Body Press|p2a: Azumarill
|-resisted|p2a: Azumarill
|-damage|p2a: Azumarill|10/100
|move|p2a: Azumarill|Play Rough|p1a: Zamazenta
|-supereffective|p1a: Zamazenta
|-damage|p1a: Zamazenta|66/100
|
|-weather|RainDance|[upkeep]
|-heal|p1a: Zamazenta|72/100|[from] item: Leftovers
|upkeep
|turn|13
|
|t:|1776074232
|move|p1a: Zamazenta|Body Press|p2a: Azumarill
|-resisted|p2a: Azumarill
|-damage|p2a: Azumarill|0 fnt
|faint|p2a: Azumarill
|
|-weather|none
|-heal|p1a: Zamazenta|78/100|[from] item: Leftovers
|upkeep
|
|t:|1776074234
|switch|p2a: Skeledirge|Skeledirge, F|100/100
|turn|14
|
|t:|1776074238
|move|p1a: Zamazenta|Substitute|p1a: Zamazenta
|-start|p1a: Zamazenta|Substitute
|-damage|p1a: Zamazenta|53/100
|move|p2a: Skeledirge|Shadow Ball|p1a: Zamazenta
|-end|p1a: Zamazenta|Substitute
|
|-heal|p1a: Zamazenta|59/100|[from] item: Leftovers
|upkeep
|turn|15
|
|t:|1776074248
|move|p1a: Zamazenta|Crunch|p2a: Skeledirge
|-supereffective|p2a: Skeledirge
|-damage|p2a: Skeledirge|73/100
|move|p2a: Skeledirge|Shadow Ball|p1a: Zamazenta
|-damage|p1a: Zamazenta|33/100
|
|-heal|p1a: Zamazenta|40/100|[from] item: Leftovers
|upkeep
|turn|16
|
|t:|1776074255
|move|p1a: Zamazenta|Crunch|p2a: Skeledirge
|-supereffective|p2a: Skeledirge
|-damage|p2a: Skeledirge|46/100
|move|p2a: Skeledirge|Shadow Ball|p1a: Zamazenta
|-damage|p1a: Zamazenta|14/100
|
|-heal|p1a: Zamazenta|20/100|[from] item: Leftovers
|upkeep
|turn|17
|
|t:|1776074262
|move|p1a: Zamazenta|Crunch|p2a: Skeledirge
|-supereffective|p2a: Skeledirge
|-damage|p2a: Skeledirge|21/100
|move|p2a: Skeledirge|Slack Off|p2a: Skeledirge
|-heal|p2a: Skeledirge|71/100
|
|-heal|p1a: Zamazenta|27/100|[from] item: Leftovers
|upkeep
|turn|18
|
|t:|1776074277
|move|p1a: Zamazenta|Crunch|p2a: Skeledirge
|-supereffective|p2a: Skeledirge
|-damage|p2a: Skeledirge|44/100
|move|p2a: Skeledirge|Shadow Ball|p1a: Zamazenta
|-damage|p1a: Zamazenta|1/100
|
|-heal|p1a: Zamazenta|8/100|[from] item: Leftovers
|upkeep
|turn|19
|
|t:|1776074283
|move|p1a: Zamazenta|Crunch|p2a: Skeledirge
|-supereffective|p2a: Skeledirge
|-damage|p2a: Skeledirge|17/100
|move|p2a: Skeledirge|Shadow Ball|p1a: Zamazenta
|-damage|p1a: Zamazenta|0 fnt
|faint|p1a: Zamazenta
|
|upkeep
|
|t:|1776074288
|switch|p1a: Cinderace|Cinderace, F|100/100
|turn|20
|
|t:|1776074295
|move|p1a: Cinderace|Pyro Ball|p2a: Skeledirge
|-resisted|p2a: Skeledirge
|-damage|p2a: Skeledirge|0 fnt
|faint|p2a: Skeledirge
|
|upkeep
|
|t:|1776074297
|switch|p2a: Great Tusk|Great Tusk|100/100
|-enditem|p2a: Great Tusk|Booster Energy
|-activate|p2a: Great Tusk|ability: Protosynthesis|[fromitem]
|-start|p2a: Great Tusk|protosynthesisatk
|turn|21
|
|t:|1776074302
|move|p1a: Cinderace|Pyro Ball|p2a: Great Tusk
|-damage|p2a: Great Tusk|60/100
|move|p2a: Great Tusk|Headlong Rush|p1a: Cinderace
|-supereffective|p1a: Cinderace
|-damage|p1a: Cinderace|0 fnt
|-unboost|p2a: Great Tusk|def|1
|-unboost|p2a: Great Tusk|spd|1
|faint|p1a: Cinderace
|
|upkeep
|
|t:|1776074307
|switch|p1a: Pelipper|Pelipper, M|5/100
|-weather|RainDance|[from] ability: Drizzle|[of] p1a: Pelipper
|turn|22
|
|t:|1776074308
|move|p2a: Great Tusk|Ice Spinner|p1a: Pelipper
|-damage|p1a: Pelipper|0 fnt
|faint|p1a: Pelipper
|
|win|elpets
|raw|Greedman456's rating: 1760 &rarr; <strong>1741</strong><br />(-19 for losing)
|raw|elpets's rating: 1786 &rarr; <strong>1805</strong><br />(+19 for winning)
|l|☆elpets
|player|p2|
|l|☆Greedman456
|player|p1|
|l| samurajen
