|html|<div class="broadcast-blue"><strong>[Gen 9] OU is currently suspecting Volcarona! For information on how to participate check out the <a href="https://www.smogon.com/tools/suspects/view/208">suspect thread</a>.</strong></div>
|j|☆sylvr7070
|j|☆Sabrina LaSnow
|t:|1778513030
|gametype|singles
|player|p1|sylvr7070|fairytalegirl|1609
|player|p2|Sabrina LaSnow|169|1794
|gen|9
|tier|[Gen 9] OU
|rated|
|rule|HP Percentage Mod: HP is shown in percentages
|rule|Endless Battle Clause: Forcing endless battles is banned
|rule|Species Clause: Limit one of each Pokémon
|rule|OHKO Clause: OHKO moves are banned
|rule|Evasion Items Clause: Evasion items are banned
|rule|Evasion Moves Clause: Evasion moves are banned
|rule|Evasion Abilities Clause: Evasion abilities are banned
|rule|Sleep Moves Clause: Sleep-inducing moves are banned
|clearpoke
|poke|p1|Ribombee, M|
|poke|p1|Volcarona, F|
|poke|p1|Dragonite, F|
|poke|p1|Great Tusk|
|poke|p1|Gholdengo|
|poke|p1|Glimmora, F|
|poke|p2|Slowking-Galar, M|
|poke|p2|Cetitan, M|
|poke|p2|Dragapult, F|
|poke|p2|Great Tusk|
|poke|p2|Moltres|
|poke|p2|Samurott-Hisui, F|
|teampreview
|
|t:|1778513035
|teamsize|p1|6
|teamsize|p2|6
|start
|switch|p1a: Ribombee|Ribombee, M, shiny|100/100
|switch|p2a: Slowking|Slowking-Galar, M|100/100
|turn|1
|
|t:|1778513039
|move|p1a: Ribombee|Sticky Web|p2a: Slowking
|-sidestart|p2: Sabrina LaSnow|move: Sticky Web
|move|p2a: Slowking|Sludge Bomb|p1a: Ribombee
|-supereffective|p1a: Ribombee
|-enditem|p1a: Ribombee|Focus Sash
|-damage|p1a: Ribombee|1/100
|
|upkeep
|turn|2
|inactive|Battle timer is ON: inactive players will automatically lose when time's up. (requested by Sabrina LaSnow)
|
|t:|1778513049
|move|p1a: Ribombee|Stun Spore|p2a: Slowking|[miss]
|-miss|p1a: Ribombee|p2a: Slowking
|move|p2a: Slowking|Sludge Bomb|p1a: Ribombee
|-supereffective|p1a: Ribombee
|-damage|p1a: Ribombee|0 fnt
|faint|p1a: Ribombee
|
|upkeep
|
|t:|1778513055
|switch|p1a: Great Tusk|Great Tusk|100/100
|-enditem|p1a: Great Tusk|Booster Energy
|-activate|p1a: Great Tusk|ability: Protosynthesis|[fromitem]
|-start|p1a: Great Tusk|protosynthesisatk
|turn|3
|
|t:|1778513058
|switch|p2a: Moltres|Moltres|100/100
|move|p1a: Great Tusk|Headlong Rush|p2a: Moltres
|-immune|p2a: Moltres
|
|upkeep
|turn|4
|
|t:|1778513062
|move|p1a: Great Tusk|Supercell Slam|p2a: Moltres
|-supereffective|p2a: Moltres
|-damage|p2a: Moltres|13/100
|-status|p1a: Great Tusk|brn|[from] ability: Flame Body|[of] p2a: Moltres
|move|p2a: Moltres|Flamethrower|p1a: Great Tusk
|-damage|p1a: Great Tusk|31/100 brn
|
|-damage|p1a: Great Tusk|25/100 brn|[from] brn
|upkeep
|turn|5
|
|t:|1778513074
|switch|p2a: Great Tusk|Great Tusk|100/100
|-activate|p2a: Great Tusk|move: Sticky Web
|-unboost|p2a: Great Tusk|spe|1
|move|p1a: Great Tusk|Ice Spinner|p2a: Great Tusk
|-supereffective|p2a: Great Tusk
|-damage|p2a: Great Tusk|72/100
|
|-heal|p2a: Great Tusk|78/100|[from] item: Leftovers
|-damage|p1a: Great Tusk|19/100 brn|[from] brn
|upkeep
|turn|6
|
|t:|1778513078
|-end|p1a: Great Tusk|Protosynthesis|[silent]
|switch|p1a: Gholdengo|Gholdengo|100/100
|-item|p1a: Gholdengo|Air Balloon
|move|p2a: Great Tusk|Knock Off|p1a: Gholdengo
|-supereffective|p1a: Gholdengo
|-damage|p1a: Gholdengo|26/100
|-enditem|p1a: Gholdengo|Air Balloon
|
|-heal|p2a: Great Tusk|85/100|[from] item: Leftovers
|upkeep
|turn|7
|
|t:|1778513086
|-end|p2a: Great Tusk|Protosynthesis|[silent]
|switch|p2a: Samurott|Samurott-Hisui, F|100/100
|-activate|p2a: Samurott|move: Sticky Web
|-unboost|p2a: Samurott|spe|1
|move|p1a: Gholdengo|Make It Rain|p2a: Samurott
|-resisted|p2a: Samurott
|-damage|p2a: Samurott|56/100
|-unboost|p1a: Gholdengo|spa|1
|
|upkeep
|turn|8
|
|t:|1778513089
|move|p1a: Gholdengo|Focus Blast|p2a: Samurott
|-supereffective|p2a: Samurott
|-damage|p2a: Samurott|0 fnt
|faint|p2a: Samurott
|
|upkeep
|
|t:|1778513107
|switch|p2a: Dragapult|Dragapult, F|100/100
|-activate|p2a: Dragapult|move: Sticky Web
|-fail|p2a: Dragapult|unboost|[from] ability: Clear Body|[of] p2a: Dragapult
|turn|9
|
|t:|1778513112
|move|p2a: Dragapult|Dragon Darts|p1a: Gholdengo
|-resisted|p1a: Gholdengo
|-damage|p1a: Gholdengo|10/100
|-anim|p2a: Dragapult|Dragon Darts|p1a: Gholdengo
|-resisted|p1a: Gholdengo
|-damage|p1a: Gholdengo|0 fnt
|faint|p1a: Gholdengo
|
|upkeep
|
|t:|1778513117
|switch|p1a: Glimmora|Glimmora, F|100/100
|turn|10
|
|t:|1778513122
|move|p2a: Dragapult|Dragon Darts|p1a: Glimmora
|-damage|p1a: Glimmora|64/100
|-activate|p1a: Glimmora|ability: Toxic Debris
|-sidestart|p2: Sabrina LaSnow|move: Toxic Spikes
|-anim|p2a: Dragapult|Dragon Darts|p1a: Glimmora
|-damage|p1a: Glimmora|23/100
|-activate|p1a: Glimmora|ability: Toxic Debris
|-sidestart|p2: Sabrina LaSnow|move: Toxic Spikes
|move|p1a: Glimmora|Meteor Beam||[still]
|-prepare|p1a: Glimmora|Meteor Beam
|-boost|p1a: Glimmora|spa|1
|-enditem|p1a: Glimmora|Power Herb
|-anim|p1a: Glimmora|Meteor Beam|p2a: Dragapult
|-damage|p2a: Dragapult|0 fnt
|faint|p2a: Dragapult
|
|upkeep
|
|t:|1778513125
|switch|p2a: Slowking|Slowking-Galar, M|100/100
|-activate|p2a: Slowking|move: Sticky Web
|-unboost|p2a: Slowking|spe|1
|-sideend|p2: Sabrina LaSnow|move: Toxic Spikes|[of] p2a: Slowking
|turn|11
|
|t:|1778513129
|move|p1a: Glimmora|Earth Power|p2a: Slowking
|-supereffective|p2a: Slowking
|-damage|p2a: Slowking|45/100
|move|p2a: Slowking|Psychic Noise|p1a: Glimmora
|-supereffective|p1a: Glimmora
|-damage|p1a: Glimmora|0 fnt
|faint|p1a: Glimmora
|
|upkeep
|
|t:|1778513134
|switch|p1a: Great Tusk|Great Tusk|19/100 brn
|turn|12
|
|t:|1778513140
|switch|p2a: Great Tusk|Great Tusk|85/100
|-activate|p2a: Great Tusk|move: Sticky Web
|-unboost|p2a: Great Tusk|spe|1
|move|p1a: Great Tusk|Headlong Rush|p2a: Great Tusk
|-damage|p2a: Great Tusk|60/100
|-unboost|p1a: Great Tusk|def|1
|-unboost|p1a: Great Tusk|spd|1
|
|-heal|p2a: Great Tusk|67/100|[from] item: Leftovers
|-damage|p1a: Great Tusk|13/100 brn|[from] brn
|upkeep
|turn|13
|
|t:|1778513147
|move|p1a: Great Tusk|Ice Spinner|p2a: Great Tusk
|-supereffective|p2a: Great Tusk
|-damage|p2a: Great Tusk|46/100
|move|p2a: Great Tusk|Rapid Spin|p1a: Great Tusk
|-damage|p1a: Great Tusk|0 fnt
|-boost|p2a: Great Tusk|spe|1
|-sideend|p2: Sabrina LaSnow|Sticky Web|[from] move: Rapid Spin|[of] p2a: Great Tusk
|faint|p1a: Great Tusk
|-end|p1a: Great Tusk|Protosynthesis|[silent]
|
|-heal|p2a: Great Tusk|52/100|[from] item: Leftovers
|upkeep
|
|t:|1778513158
|switch|p1a: Dragonite|Dragonite, F, shiny|100/100
|turn|14
|
|t:|1778513169
|-end|p2a: Great Tusk|Protosynthesis|[silent]
|switch|p2a: Moltres|Moltres|13/100
|move|p1a: Dragonite|Scale Shot|p2a: Moltres
|-damage|p2a: Moltres|0 fnt
|faint|p2a: Moltres
|-hitcount|p2: Moltres|1
|-unboost|p1a: Dragonite|def|1
|-boost|p1a: Dragonite|spe|1
|
|upkeep
|
|t:|1778513173
|switch|p2a: Cetitan|Cetitan, M|100/100
|turn|15
|
|t:|1778513179
|-terastallize|p2a: Cetitan|Ice
|move|p1a: Dragonite|Dragon Dance|p1a: Dragonite
|-boost|p1a: Dragonite|atk|1
|-boost|p1a: Dragonite|spe|1
|move|p2a: Cetitan|Ice Spinner|p1a: Dragonite
|-supereffective|p1a: Dragonite
|-damage|p1a: Dragonite|0 fnt
|faint|p1a: Dragonite
|
|upkeep
|
|t:|1778513182
|switch|p1a: Volcarona|Volcarona, F, shiny|100/100
|turn|16
|
|t:|1778513188
|switch|p2a: Slowking|Slowking-Galar, M|78/100
|move|p1a: Volcarona|Will-O-Wisp|p2a: Slowking
|-status|p2a: Slowking|brn
|
|-damage|p2a: Slowking|72/100 brn|[from] brn
|upkeep
|turn|17
|
|t:|1778513201
|move|p1a: Volcarona|Quiver Dance|p1a: Volcarona
|-boost|p1a: Volcarona|spa|1
|-boost|p1a: Volcarona|spd|1
|-boost|p1a: Volcarona|spe|1
|-prepare|p2a: Slowking|Chilly Reception|[premajor]
|move|p2a: Slowking|Chilly Reception|p2a: Slowking
|-weather|Snowscape
|
|t:|1778513205
|switch|p2a: Cetitan|Cetitan, M, tera:Ice|100/100|[from] Chilly Reception
|
|-weather|Snowscape|[upkeep]
|upkeep
|turn|18
|
|t:|1778513222
|move|p2a: Cetitan|Earthquake|p1a: Volcarona
|-damage|p1a: Volcarona|67/100
|move|p1a: Volcarona|Flamethrower|p2a: Cetitan
|-supereffective|p2a: Cetitan
|-damage|p2a: Cetitan|0 fnt
|faint|p2a: Cetitan
|
|-weather|Snowscape|[upkeep]
|upkeep
|
|t:|1778513225
|switch|p2a: Slowking|Slowking-Galar, M|100/100 brn
|turn|19
|
|t:|1778513232
|move|p1a: Volcarona|Quiver Dance|p1a: Volcarona
|-boost|p1a: Volcarona|spa|1
|-boost|p1a: Volcarona|spd|1
|-boost|p1a: Volcarona|spe|1
|move|p2a: Slowking|Thunder Wave|p1a: Volcarona
|-status|p1a: Volcarona|par
|
|-weather|Snowscape|[upkeep]
|-damage|p2a: Slowking|94/100 brn|[from] brn
|upkeep
|turn|20
|
|t:|1778513235
|move|p1a: Volcarona|Quiver Dance|p1a: Volcarona
|-boost|p1a: Volcarona|spa|1
|-boost|p1a: Volcarona|spd|1
|-boost|p1a: Volcarona|spe|1
|move|p2a: Slowking|Psychic Noise|p1a: Volcarona
|-damage|p1a: Volcarona|56/100 par
|-start|p1a: Volcarona|move: Heal Block
|
|-weather|Snowscape|[upkeep]
|-damage|p2a: Slowking|88/100 brn|[from] brn
|upkeep
|turn|21
|
|t:|1778513241
|cant|p1a: Volcarona|par
|move|p2a: Slowking|Sludge Bomb|p1a: Volcarona
|-damage|p1a: Volcarona|43/100 par
|
|-weather|Snowscape|[upkeep]
|-damage|p2a: Slowking|82/100 brn|[from] brn
|-end|p1a: Volcarona|move: Heal Block
|upkeep
|turn|22
|
|t:|1778513245
|move|p1a: Volcarona|Flamethrower|p2a: Slowking
|-damage|p2a: Slowking|27/100 brn
|move|p2a: Slowking|Psychic Noise|p1a: Volcarona
|-damage|p1a: Volcarona|33/100 par
|-start|p1a: Volcarona|move: Heal Block
|
|-weather|Snowscape|[upkeep]
|-damage|p2a: Slowking|21/100 brn|[from] brn
|upkeep
|turn|23
|
|t:|1778513250
|move|p1a: Volcarona|Flamethrower|p2a: Slowking
|-damage|p2a: Slowking|0 fnt
|faint|p2a: Slowking
|
|-weather|Snowscape|[upkeep]
|-end|p1a: Volcarona|move: Heal Block
|upkeep
|
|t:|1778513252
|switch|p2a: Great Tusk|Great Tusk|52/100
|turn|24
|
|t:|1778513254
|move|p1a: Volcarona|Flamethrower|p2a: Great Tusk
|-damage|p2a: Great Tusk|0 fnt
|faint|p2a: Great Tusk
|-end|p2a: Great Tusk|Protosynthesis|[silent]
|
|win|sylvr7070
|raw|sylvr7070's rating: 1609 &rarr; <strong>1639</strong><br />(+30 for winning)
|raw|Sabrina LaSnow's rating: 1794 &rarr; <strong>1764</strong><br />(-30 for losing)
|c|☆sylvr7070|gg
|l|☆sylvr7070
|player|p1|
|l|☆Sabrina LaSnow
|player|p2|
