|html|<div class="broadcast-blue"><strong>[Gen 9] OU is currently suspecting Tera Blast! For information on how to participate check out the <a href="https://www.smogon.com/tools/suspects/view/200">suspect thread</a>.</strong></div>
|j|☆HTF-Kraken
|j|☆Skibidi_Sigma1
|t:|1776052889
|gametype|singles
|player|p1|HTF-Kraken|2|1083
|player|p2|Skibidi_Sigma1|roughneck-gen4|1126
|gen|9
|tier|[Gen 9] OU
|rated|
|rule|HP Percentage Mod: HP is shown in percentages
|rule|Endless Battle Clause: Forcing endless battles is banned
|rule|Species Clause: Limit one of each Pokémon
|rule|OHKO Clause: OHKO moves are banned
|rule|Evasion Items Clause: Evasion items are banned
|rule|Evasion Moves Clause: Evasion moves are banned
|rule|Evasion Abilities Clause: Evasion abilities are banned
|rule|Sleep Moves Clause: Sleep-inducing moves are banned
|clearpoke
|poke|p1|Iron Hands|
|poke|p1|Glimmora, M|
|poke|p1|Landorus-Therian, M|
|poke|p1|Dragapult, F|
|poke|p1|Primarina, F|
|poke|p1|Kingambit, F|
|poke|p2|Hydrapple, M|
|poke|p2|Tyranitar, F|
|poke|p2|Moltres|
|poke|p2|Zamazenta-*|
|poke|p2|Slowking-Galar, M|
|poke|p2|Excadrill, F|
|teampreview
|
|t:|1776052898
|teamsize|p1|6
|teamsize|p2|6
|start
|switch|p1a: Iron Hands|Iron Hands|100/100
|switch|p2a: Zamazenta|Zamazenta|100/100
|-ability|p2a: Zamazenta|Dauntless Shield|boost
|-boost|p2a: Zamazenta|def|1
|-enditem|p1a: Iron Hands|Booster Energy
|-activate|p1a: Iron Hands|ability: Quark Drive|[fromitem]
|-start|p1a: Iron Hands|quarkdriveatk
|turn|1
|
|t:|1776052918
|move|p2a: Zamazenta|Iron Defense|p2a: Zamazenta
|-boost|p2a: Zamazenta|def|2
|move|p1a: Iron Hands|Supercell Slam|p2a: Zamazenta
|-damage|p2a: Zamazenta|79/100
|
|-heal|p2a: Zamazenta|85/100|[from] item: Leftovers
|upkeep
|turn|2
|
|t:|1776052925
|-end|p1a: Iron Hands|Quark Drive|[silent]
|switch|p1a: Primarina|Primarina, F|100/100
|move|p2a: Zamazenta|Body Press|p1a: Primarina
|-resisted|p1a: Primarina
|-damage|p1a: Primarina|52/100
|
|-heal|p2a: Zamazenta|91/100|[from] item: Leftovers
|upkeep
|turn|3
|l|☆HTF-Kraken
|player|p1|
|
|t:|1776052942
|move|p2a: Zamazenta|Body Press|p1a: Primarina
|-resisted|p1a: Primarina
|-damage|p1a: Primarina|2/100
|move|p1a: Primarina|Moonblast|p2a: Zamazenta
|-supereffective|p2a: Zamazenta
|-damage|p2a: Zamazenta|4/100
|
|-heal|p2a: Zamazenta|10/100|[from] item: Leftovers
|upkeep
|turn|4
|j|☆HTF-Kraken
|player|p1|HTF-Kraken|2|
|
|t:|1776052958
|move|p1a: Primarina|Aqua Jet|p2a: Zamazenta
|-damage|p2a: Zamazenta|7/100
|move|p2a: Zamazenta|Crunch|p1a: Primarina
|-resisted|p1a: Primarina
|-damage|p1a: Primarina|0 fnt
|faint|p1a: Primarina
|
|-heal|p2a: Zamazenta|13/100|[from] item: Leftovers
|upkeep
|
|t:|1776052990
|switch|p1a: Landorus|Landorus-Therian, M|100/100
|-ability|p1a: Landorus|Intimidate|boost
|-unboost|p2a: Zamazenta|atk|1
|turn|5
|l|☆HTF-Kraken
|player|p1|
|inactive|Battle timer is ON: inactive players will automatically lose when time's up. (requested by Skibidi_Sigma1)
|inactive|HTF-Kraken has 30 seconds to reconnect!
|inactive|HTF-Kraken has 20 seconds to reconnect!
|inactive|HTF-Kraken has 15 seconds to reconnect!
|j|☆HTF-Kraken
|inactive|HTF-Kraken reconnected and has 105 seconds left.
|player|p1|HTF-Kraken|2|
|
|t:|1776053113
|move|p2a: Zamazenta|Crunch|p1a: Landorus
|-damage|p1a: Landorus|86/100
|-damage|p2a: Zamazenta|0 fnt|[from] item: Rocky Helmet|[of] p1a: Landorus
|faint|p2a: Zamazenta
|move|p1a: Landorus|Earth Power|p2: Zamazenta|[notarget]
|-fail|p1a: Landorus
|
|upkeep
|
|t:|1776053121
|switch|p2a: Tyranitar|Tyranitar, F|100/100
|-weather|Sandstorm|[from] ability: Sand Stream|[of] p2a: Tyranitar
|turn|6
|
|t:|1776053146
|move|p1a: Landorus|U-turn|p2a: Tyranitar
|-supereffective|p2a: Tyranitar
|-damage|p2a: Tyranitar|68/100
|
|t:|1776053148
|switch|p1a: Iron Hands|Iron Hands|100/100|[from] U-turn
|move|p2a: Tyranitar|Ice Beam|p1a: Iron Hands
|-damage|p1a: Iron Hands|84/100
|
|-weather|Sandstorm|[upkeep]
|-damage|p1a: Iron Hands|78/100|[from] Sandstorm
|upkeep
|turn|7
|l|☆HTF-Kraken
|inactive|HTF-Kraken disconnected and has a minute to reconnect!
|player|p1|
|
|t:|1776053165
|switch|p2a: Excadrill|Excadrill, F|100/100
|-item|p2a: Excadrill|Air Balloon
|move|p1a: Iron Hands|Close Combat|p2a: Excadrill
|-supereffective|p2a: Excadrill
|-damage|p2a: Excadrill|0 fnt
|-unboost|p1a: Iron Hands|def|1
|-unboost|p1a: Iron Hands|spd|1
|-enditem|p2a: Excadrill|Air Balloon
|faint|p2a: Excadrill
|
|-weather|Sandstorm|[upkeep]
|-damage|p1a: Iron Hands|72/100|[from] Sandstorm
|upkeep
|j|☆HTF-Kraken
|inactive|HTF-Kraken reconnected.
|player|p1|HTF-Kraken|2|
|
|t:|1776053180
|switch|p2a: Slowking|Slowking-Galar, M|100/100
|turn|8
|
|t:|1776053184
|move|p1a: Iron Hands|Earthquake|p2a: Slowking
|-supereffective|p2a: Slowking
|-damage|p2a: Slowking|39/100
|move|p2a: Slowking|Psyshock|p1a: Iron Hands
|-supereffective|p1a: Iron Hands
|-damage|p1a: Iron Hands|6/100
|
|-weather|Sandstorm|[upkeep]
|-damage|p1a: Iron Hands|0 fnt|[from] Sandstorm
|-damage|p2a: Slowking|33/100|[from] Sandstorm
|faint|p1a: Iron Hands
|-end|p1a: Iron Hands|Quark Drive|[silent]
|upkeep
|
|t:|1776053192
|switch|p1a: Landorus|Landorus-Therian, M|86/100
|-ability|p1a: Landorus|Intimidate|boost
|-unboost|p2a: Slowking|atk|1
|turn|9
|
|t:|1776053211
|move|p1a: Landorus|Rock Tomb|p2a: Slowking
|-damage|p2a: Slowking|19/100
|-unboost|p2a: Slowking|spe|1
|move|p2a: Slowking|Ice Beam|p1a: Landorus
|-supereffective|p1a: Landorus
|-damage|p1a: Landorus|0 fnt
|faint|p1a: Landorus
|
|-weather|Sandstorm|[upkeep]
|-damage|p2a: Slowking|13/100|[from] Sandstorm
|upkeep
|
|t:|1776053219
|switch|p1a: Dragapult|Dragapult, F|100/100
|turn|10
|
|t:|1776053230
|move|p1a: Dragapult|Dragon Darts|p2a: Slowking
|-damage|p2a: Slowking|0 fnt
|faint|p2a: Slowking
|
|-weather|Sandstorm|[upkeep]
|-damage|p1a: Dragapult|95/100|[from] Sandstorm
|upkeep
|
|t:|1776053237
|switch|p2a: Hydrapple|Hydrapple, M|100/100
|turn|11
|
|t:|1776053240
|move|p1a: Dragapult|Dragon Darts|p2a: Hydrapple
|-supereffective|p2a: Hydrapple
|-damage|p2a: Hydrapple|55/100
|-anim|p1a: Dragapult|Dragon Darts|p2a: Hydrapple
|-supereffective|p2a: Hydrapple
|-damage|p2a: Hydrapple|6/100
|move|p2a: Hydrapple|Fickle Beam|p1a: Dragapult|[anim] Fickle Beam All Out
|-activate|p2a: Hydrapple|move: Fickle Beam
|-supereffective|p1a: Dragapult
|-damage|p1a: Dragapult|0 fnt
|faint|p1a: Dragapult
|
|-weather|Sandstorm|[upkeep]
|-damage|p2a: Hydrapple|0 fnt|[from] Sandstorm
|faint|p2a: Hydrapple
|upkeep
|inactive|Skibidi_Sigma1 has 120 seconds left.
|
|t:|1776053282
|switch|p1a: Glimmora|Glimmora, M|100/100
|switch|p2a: Tyranitar|Tyranitar, F|68/100
|turn|12
|inactive|Skibidi_Sigma1 has 120 seconds left.
|inactive|HTF-Kraken has 120 seconds left.
|
|t:|1776053313
|move|p1a: Glimmora|Dazzling Gleam|p2a: Tyranitar
|-supereffective|p2a: Tyranitar
|-damage|p2a: Tyranitar|42/100
|move|p2a: Tyranitar|Ice Beam|p1a: Glimmora
|-damage|p1a: Glimmora|82/100
|
|-weather|Sandstorm|[upkeep]
|upkeep
|turn|13
|
|t:|1776053321
|move|p1a: Glimmora|Dazzling Gleam|p2a: Tyranitar
|-supereffective|p2a: Tyranitar
|-damage|p2a: Tyranitar|17/100
|move|p2a: Tyranitar|Knock Off|p1a: Glimmora
|-damage|p1a: Glimmora|28/100
|-activate|p1a: Glimmora|ability: Toxic Debris
|-sidestart|p2: Skibidi_Sigma1|move: Toxic Spikes
|-enditem|p1a: Glimmora|Choice Scarf|[from] move: Knock Off|[of] p2a: Tyranitar
|
|-weather|none
|upkeep
|turn|14
|inactive|Skibidi_Sigma1 has 120 seconds left.
|inactive|HTF-Kraken has 120 seconds left.
|
|t:|1776053350
|move|p1a: Glimmora|Dazzling Gleam|p2a: Tyranitar
|-supereffective|p2a: Tyranitar
|-damage|p2a: Tyranitar|0 fnt
|faint|p2a: Tyranitar
|
|upkeep
|
|t:|1776053355
|switch|p2a: Moltres|Moltres|100/100
|turn|15
|inactive|HTF-Kraken has 120 seconds left.
|
|t:|1776053384
|move|p1a: Glimmora|Sludge Wave|p2a: Moltres
|-damage|p2a: Moltres|54/100
|move|p2a: Moltres|Flamethrower|p1a: Glimmora
|-resisted|p1a: Glimmora
|-damage|p1a: Glimmora|3/100
|
|upkeep
|turn|16
|
|t:|1776053391
|move|p1a: Glimmora|Sludge Wave|p2a: Moltres
|-damage|p2a: Moltres|2/100
|move|p2a: Moltres|Roost|p2a: Moltres
|-heal|p2a: Moltres|52/100
|-singleturn|p2a: Moltres|move: Roost
|
|upkeep
|turn|17
|
|t:|1776053403
|move|p1a: Glimmora|Mortal Spin|p2a: Moltres
|-damage|p2a: Moltres|49/100
|-status|p2a: Moltres|psn
|move|p2a: Moltres|U-turn|p1a: Glimmora
|-resisted|p1a: Glimmora
|-damage|p1a: Glimmora|0 fnt
|-activate|p1a: Glimmora|ability: Toxic Debris
|-sidestart|p2: Skibidi_Sigma1|move: Toxic Spikes
|faint|p1a: Glimmora
|
|-damage|p2a: Moltres|36/100 psn|[from] psn
|upkeep
|inactive|HTF-Kraken has 120 seconds left.
|
|t:|1776053421
|switch|p1a: Kingambit|Kingambit, F|100/100
|-activate|p1a: Kingambit|ability: Supreme Overlord
|-start|p1a: Kingambit|fallen5|[silent]
|turn|18
|
|t:|1776053426
|move|p2a: Moltres|Flamethrower|p1a: Kingambit
|-supereffective|p1a: Kingambit
|-damage|p1a: Kingambit|24/100
|move|p1a: Kingambit|Kowtow Cleave|p2a: Moltres
|-damage|p2a: Moltres|0 fnt
|faint|p2a: Moltres
|
|win|HTF-Kraken
|raw|HTF-Kraken's rating: 1091 &rarr; <strong>1120</strong><br />(+29 for winning)
|raw|Skibidi_Sigma1's rating: 1126 &rarr; <strong>1098</strong><br />(-28 for losing)
|l|☆HTF-Kraken
|player|p1|
|l|☆Skibidi_Sigma1
|player|p2|
