|html|<div class="broadcast-blue"><strong>[Gen 9] OU is currently suspecting Volcarona! For information on how to participate check out the <a href="https://www.smogon.com/tools/suspects/view/208">suspect thread</a>.</strong></div>
|j|☆IAmFovos
|j|☆ecloudie
|t:|1778512097
|gametype|singles
|player|p1|IAmFovos|workerice|1097
|player|p2|ecloudie|firebreather|1127
|gen|9
|tier|[Gen 9] OU
|rated|
|rule|HP Percentage Mod: HP is shown in percentages
|rule|Endless Battle Clause: Forcing endless battles is banned
|rule|Species Clause: Limit one of each Pokémon
|rule|OHKO Clause: OHKO moves are banned
|rule|Evasion Items Clause: Evasion items are banned
|rule|Evasion Moves Clause: Evasion moves are banned
|rule|Evasion Abilities Clause: Evasion abilities are banned
|rule|Sleep Moves Clause: Sleep-inducing moves are banned
|clearpoke
|poke|p1|Cinderace, F|
|poke|p1|Muk-Alola, F|
|poke|p1|Mismagius, F|
|poke|p1|Froslass, F|
|poke|p1|Dusknoir, M|
|poke|p1|Regirock|
|poke|p2|Gengar, M|
|poke|p2|Venusaur, M|
|poke|p2|Feraligatr, M|
|poke|p2|Hitmontop, M|
|poke|p2|Skarmory, F|
|poke|p2|Dragonite, M|
|teampreview
|
|t:|1778512104
|teamsize|p1|6
|teamsize|p2|6
|start
|switch|p1a: Froslass|Froslass, F|100/100
|switch|p2a: Hitmontop|Hitmontop, M|100/100
|turn|1
|
|t:|1778512129
|move|p2a: Hitmontop|Bullet Punch|p1a: Froslass
|-supereffective|p1a: Froslass
|-damage|p1a: Froslass|61/100
|move|p1a: Froslass|Spikes|p2a: Hitmontop
|-sidestart|p2: ecloudie|Spikes
|
|upkeep
|turn|2
|
|t:|1778512136
|move|p2a: Hitmontop|Bullet Punch|p1a: Froslass
|-supereffective|p1a: Froslass
|-crit|p1a: Froslass
|-damage|p1a: Froslass|0 fnt
|faint|p1a: Froslass
|
|upkeep
|
|t:|1778512151
|switch|p1a: Cinderace|Cinderace, F|100/100
|turn|3
|
|t:|1778512166
|move|p1a: Cinderace|High Jump Kick|p2a: Hitmontop|[miss]
|-start|p1a: Cinderace|typechange|Fighting|[from] ability: Libero
|-miss|p1a: Cinderace|p2a: Hitmontop
|-damage|p1a: Cinderace|51/100|[from] highjumpkick
|move|p2a: Hitmontop|Rapid Spin|p1a: Cinderace
|-damage|p1a: Cinderace|27/100
|-boost|p2a: Hitmontop|spe|1
|-sideend|p2: ecloudie|Spikes|[from] move: Rapid Spin|[of] p2a: Hitmontop
|
|upkeep
|turn|4
|
|t:|1778512180
|switch|p1a: Muk|Muk-Alola, F|100/100
|move|p2a: Hitmontop|Bullet Punch|p1a: Muk
|-damage|p1a: Muk|86/100
|
|upkeep
|turn|5
|
|t:|1778512187
|move|p2a: Hitmontop|Triple Axel|p1a: Muk|[miss]
|-miss|p2a: Hitmontop|p1a: Muk
|move|p1a: Muk|Knock Off|p2a: Hitmontop
|-resisted|p2a: Hitmontop
|-damage|p2a: Hitmontop|77/100
|-enditem|p2a: Hitmontop|Assault Vest|[from] move: Knock Off|[of] p1a: Muk
|
|upkeep
|turn|6
|
|t:|1778512198
|move|p2a: Hitmontop|Rain Dance|p2a: Hitmontop
|-weather|RainDance
|move|p1a: Muk|Gunk Shot|p2a: Hitmontop
|-damage|p2a: Hitmontop|18/100
|-status|p2a: Hitmontop|psn
|
|-weather|RainDance|[upkeep]
|-damage|p2a: Hitmontop|6/100 psn|[from] psn
|upkeep
|turn|7
|
|t:|1778512209
|move|p2a: Hitmontop|Triple Axel|p1a: Muk
|-damage|p1a: Muk|79/100
|-damage|p1a: Muk|64/100
|-damage|p1a: Muk|44/100
|-hitcount|p1a: Muk|3
|move|p1a: Muk|Gunk Shot|p2a: Hitmontop
|-damage|p2a: Hitmontop|0 fnt
|faint|p2a: Hitmontop
|
|-weather|RainDance|[upkeep]
|upkeep
|
|t:|1778512241
|switch|p2a: Dragonite|Dragonite, M|100/100
|turn|8
|
|t:|1778512275
|switch|p1a: Regirock|Regirock|100/100
|move|p2a: Dragonite|Agility|p2a: Dragonite
|-boost|p2a: Dragonite|spe|2
|
|-weather|RainDance|[upkeep]
|upkeep
|turn|9
|
|t:|1778512285
|move|p2a: Dragonite|Dragon Pulse|p1a: Regirock
|-damage|p1a: Regirock|69/100
|move|p1a: Regirock|Rock Blast|p2a: Dragonite|[miss]
|-miss|p1a: Regirock|p2a: Dragonite
|
|-weather|RainDance|[upkeep]
|-heal|p1a: Regirock|75/100|[from] item: Leftovers
|upkeep
|turn|10
|
|t:|1778512298
|-terastallize|p2a: Dragonite|Normal
|move|p2a: Dragonite|Flamethrower|p1a: Regirock
|-resisted|p1a: Regirock
|-damage|p1a: Regirock|70/100
|move|p1a: Regirock|Thunder Wave|p2a: Dragonite
|-status|p2a: Dragonite|par
|
|-weather|none
|-heal|p1a: Regirock|76/100|[from] item: Leftovers
|upkeep
|turn|11
|
|t:|1778512309
|move|p2a: Dragonite|Dragon Pulse|p1a: Regirock
|-damage|p1a: Regirock|46/100
|move|p1a: Regirock|Rock Blast|p2a: Dragonite
|-damage|p2a: Dragonite|96/100 par
|-damage|p2a: Dragonite|87/100 par
|-damage|p2a: Dragonite|77/100 par
|-hitcount|p2a: Dragonite|3
|
|-heal|p1a: Regirock|52/100|[from] item: Leftovers
|upkeep
|turn|12
|
|t:|1778512325
|switch|p1a: Mismagius|Mismagius, F|100/100
|move|p2a: Dragonite|Dragon Pulse|p1a: Mismagius
|-damage|p1a: Mismagius|37/100
|
|upkeep
|turn|13
|
|t:|1778512337
|move|p1a: Mismagius|Substitute|p1a: Mismagius
|-start|p1a: Mismagius|Substitute
|-damage|p1a: Mismagius|12/100
|move|p2a: Dragonite|Dragon Pulse|p1a: Mismagius
|-end|p1a: Mismagius|Substitute
|
|upkeep
|turn|14
|
|t:|1778512345
|switch|p1a: Dusknoir|Dusknoir, M|100/100
|-ability|p1a: Dusknoir|Pressure
|move|p2a: Dragonite|Dragon Pulse|p1a: Dusknoir
|-crit|p1a: Dusknoir
|-damage|p1a: Dusknoir|5/100
|
|upkeep
|turn|15
|
|t:|1778512353
|move|p2a: Dragonite|Dragon Pulse|p1a: Dusknoir
|-damage|p1a: Dusknoir|0 fnt
|faint|p1a: Dusknoir
|
|upkeep
|
|t:|1778512366
|switch|p1a: Regirock|Regirock|52/100
|turn|16
|
|t:|1778512369
|move|p2a: Dragonite|Dragon Pulse|p1a: Regirock
|-damage|p1a: Regirock|0 fnt
|faint|p1a: Regirock
|
|upkeep
|
|t:|1778512375
|switch|p1a: Mismagius|Mismagius, F|12/100
|turn|17
|
|t:|1778512378
|move|p1a: Mismagius|Shadow Ball|p2a: Dragonite
|-immune|p2a: Dragonite
|move|p2a: Dragonite|Dragon Pulse|p1a: Mismagius
|-crit|p1a: Mismagius
|-damage|p1a: Mismagius|0 fnt
|faint|p1a: Mismagius
|
|upkeep
|
|t:|1778512380
|switch|p1a: Muk|Muk-Alola, F|44/100
|turn|18
|
|t:|1778512393
|cant|p2a: Dragonite|par
|move|p1a: Muk|Knock Off|p2a: Dragonite
|-damage|p2a: Dragonite|26/100 par
|-enditem|p2a: Dragonite|Metronome|[from] move: Knock Off|[of] p1a: Muk
|
|upkeep
|turn|19
|
|t:|1778512407
|move|p2a: Dragonite|Dragon Pulse|p1a: Muk
|-damage|p1a: Muk|25/100
|move|p1a: Muk|Knock Off|p2a: Dragonite
|-damage|p2a: Dragonite|0 fnt
|faint|p2a: Dragonite
|
|upkeep
|
|t:|1778512414
|switch|p2a: Feraligatr|Feraligatr, M|100/100
|turn|20
|
|t:|1778512418
|move|p2a: Feraligatr|Dragon Dance|p2a: Feraligatr
|-boost|p2a: Feraligatr|atk|1
|-boost|p2a: Feraligatr|spe|1
|move|p1a: Muk|Gunk Shot|p2a: Feraligatr|[miss]
|-miss|p1a: Muk|p2a: Feraligatr
|
|upkeep
|turn|21
|
|t:|1778512426
|move|p2a: Feraligatr|Liquidation|p1a: Muk
|-damage|p1a: Muk|0 fnt
|faint|p1a: Muk
|
|upkeep
|
|t:|1778512430
|switch|p1a: Cinderace|Cinderace, F|27/100
|turn|22
|
|t:|1778512434
|move|p2a: Feraligatr|Aqua Jet|p1a: Cinderace
|-supereffective|p1a: Cinderace
|-damage|p1a: Cinderace|0 fnt
|faint|p1a: Cinderace
|
|win|ecloudie
|raw|IAmFovos's rating: 1097 &rarr; <strong>1075</strong><br />(-22 for losing)
|raw|ecloudie's rating: 1127 &rarr; <strong>1150</strong><br />(+23 for winning)
|l|☆IAmFovos
|player|p1|
|l|☆ecloudie
|player|p2|
