|html|<div class="broadcast-blue"><strong>[Gen 9] OU is currently suspecting Tera Blast! For information on how to participate check out the <a href="https://www.smogon.com/tools/suspects/view/200">suspect thread</a>.</strong></div>
|j|☆ir0nv4l14nt
|j|☆CrappyProgrammer
|t:|1776077510
|gametype|singles
|player|p1|ir0nv4l14nt|ethan|1404
|player|p2|CrappyProgrammer|unknown|1352
|gen|9
|tier|[Gen 9] OU
|rated|
|rule|HP Percentage Mod: HP is shown in percentages
|rule|Endless Battle Clause: Forcing endless battles is banned
|rule|Species Clause: Limit one of each Pokémon
|rule|OHKO Clause: OHKO moves are banned
|rule|Evasion Items Clause: Evasion items are banned
|rule|Evasion Moves Clause: Evasion moves are banned
|rule|Evasion Abilities Clause: Evasion abilities are banned
|rule|Sleep Moves Clause: Sleep-inducing moves are banned
|clearpoke
|poke|p1|Frosmoth, F|
|poke|p1|Ninetales-Alola, M|
|poke|p1|Ceruledge, F|
|poke|p1|Darkrai|
|poke|p1|Landorus-Therian, M|
|poke|p1|Iron Crown|
|poke|p2|Deoxys-Speed|
|poke|p2|Dragonite, M|
|poke|p2|Scizor, F|
|poke|p2|Great Tusk|
|poke|p2|Greninja-*, M|
|poke|p2|Ceruledge, M|
|teampreview
|inactive|Battle timer is ON: inactive players will automatically lose when time's up. (requested by ir0nv4l14nt)
|inactive|CrappyProgrammer also wants the timer to be on.
|
|t:|1776077521
|teamsize|p1|6
|teamsize|p2|6
|start
|switch|p1a: Ceruledge|Ceruledge, F|100/100
|switch|p2a: Scizor|Scizor, F|100/100
|turn|1
|
|t:|1776077527
|switch|p2a: Ceruledge|Ceruledge, M|100/100
|move|p1a: Ceruledge|Bulk Up|p1a: Ceruledge
|-boost|p1a: Ceruledge|atk|1
|-boost|p1a: Ceruledge|def|1
|
|upkeep
|turn|2
|
|t:|1776077535
|move|p1a: Ceruledge|Poltergeist|p2a: Ceruledge
|-activate|p2a: Ceruledge|move: Poltergeist|Life Orb
|-supereffective|p2a: Ceruledge
|-damage|p2a: Ceruledge|0 fnt
|faint|p2a: Ceruledge
|
|upkeep
|
|t:|1776077538
|switch|p2a: Greninja|Greninja, M|100/100
|turn|3
|
|t:|1776077542
|switch|p1a: Ninetales|Ninetales-Alola, M|100/100
|-weather|Snowscape|[from] ability: Snow Warning|[of] p1a: Ninetales
|move|p2a: Greninja|Dark Pulse|p1a: Ninetales
|-resisted|p1a: Ninetales
|-damage|p1a: Ninetales|77/100
|
|-weather|Snowscape|[upkeep]
|upkeep
|turn|4
|
|t:|1776077558
|move|p1a: Ninetales|Aurora Veil|p1a: Ninetales
|-sidestart|p1: ir0nv4l14nt|move: Aurora Veil
|move|p2a: Greninja|Hydro Pump|p1a: Ninetales
|-damage|p1a: Ninetales|45/100
|
|-weather|Snowscape|[upkeep]
|upkeep
|turn|5
|
|t:|1776077562
|move|p1a: Ninetales|Freeze-Dry|p2a: Greninja
|-supereffective|p2a: Greninja
|-damage|p2a: Greninja|16/100
|move|p2a: Greninja|Hydro Pump|p1a: Ninetales|[miss]
|-miss|p2a: Greninja|p1a: Ninetales
|
|-weather|Snowscape|[upkeep]
|upkeep
|turn|6
|
|t:|1776077576
|switch|p1a: Frosmoth|Frosmoth, F|100/100
|move|p2a: Greninja|Hydro Pump|p1a: Frosmoth
|-damage|p1a: Frosmoth|82/100
|
|-weather|Snowscape|[upkeep]
|upkeep
|turn|7
|
|t:|1776077586
|switch|p2a: Dragonite|Dragonite, M|100/100
|move|p1a: Frosmoth|Quiver Dance|p1a: Frosmoth
|-boost|p1a: Frosmoth|spa|1
|-boost|p1a: Frosmoth|spd|1
|-boost|p1a: Frosmoth|spe|1
|
|-weather|none
|upkeep
|turn|8
|
|t:|1776077589
|-terastallize|p2a: Dragonite|Ghost
|move|p1a: Frosmoth|Ice Beam|p2a: Dragonite
|-damage|p2a: Dragonite|63/100
|move|p2a: Dragonite|Encore|p1a: Frosmoth
|-start|p1a: Frosmoth|Encore
|
|upkeep
|turn|9
|
|t:|1776077598
|move|p1a: Frosmoth|Ice Beam|p2a: Dragonite
|-crit|p2a: Dragonite
|-damage|p2a: Dragonite|0 fnt
|faint|p2a: Dragonite
|
|upkeep
|
|t:|1776077603
|switch|p2a: Scizor|Scizor, F|100/100
|turn|10
|
|t:|1776077610
|switch|p1a: Ceruledge|Ceruledge, F|100/100
|move|p2a: Scizor|Bullet Punch|p1a: Ceruledge
|-resisted|p1a: Ceruledge
|-damage|p1a: Ceruledge|82/100
|
|upkeep
|turn|11
|
|t:|1776077619
|switch|p2a: Greninja|Greninja, M|16/100
|move|p1a: Ceruledge|Flame Charge|p2a: Greninja
|-resisted|p2a: Greninja
|-damage|p2a: Greninja|0 fnt
|-boost|p1a: Ceruledge|spe|1
|faint|p2a: Greninja
|
|-sideend|p1: ir0nv4l14nt|move: Aurora Veil
|upkeep
|
|t:|1776077625
|switch|p2a: Great Tusk|Great Tusk|100/100
|-enditem|p2a: Great Tusk|Booster Energy
|-activate|p2a: Great Tusk|ability: Protosynthesis|[fromitem]
|-start|p2a: Great Tusk|protosynthesisspe
|turn|12
|
|t:|1776077632
|-terastallize|p1a: Ceruledge|Bug
|move|p2a: Great Tusk|Headlong Rush|p1a: Ceruledge
|-resisted|p1a: Ceruledge
|-damage|p1a: Ceruledge|44/100
|-unboost|p2a: Great Tusk|def|1
|-unboost|p2a: Great Tusk|spd|1
|move|p1a: Ceruledge|Bulk Up|p1a: Ceruledge
|-boost|p1a: Ceruledge|atk|1
|-boost|p1a: Ceruledge|def|1
|
|upkeep
|turn|13
|
|t:|1776077642
|move|p2a: Great Tusk|Rock Slide|p1a: Ceruledge
|-supereffective|p1a: Ceruledge
|-damage|p1a: Ceruledge|0 fnt
|faint|p1a: Ceruledge
|
|upkeep
|
|t:|1776077650
|switch|p1a: Iron Crown|Iron Crown|100/100
|-enditem|p1a: Iron Crown|Booster Energy
|-activate|p1a: Iron Crown|ability: Quark Drive|[fromitem]
|-start|p1a: Iron Crown|quarkdrivespe
|turn|14
|
|t:|1776077655
|move|p1a: Iron Crown|Tachyon Cutter|p2a: Great Tusk
|-damage|p2a: Great Tusk|51/100
|-damage|p2a: Great Tusk|6/100
|-hitcount|p2a: Great Tusk|2
|move|p2a: Great Tusk|Headlong Rush|p1a: Iron Crown
|-supereffective|p1a: Iron Crown
|-damage|p1a: Iron Crown|0 fnt
|-unboost|p2a: Great Tusk|def|1
|-unboost|p2a: Great Tusk|spd|1
|faint|p1a: Iron Crown
|-end|p1a: Iron Crown|Quark Drive|[silent]
|
|upkeep
|
|t:|1776077666
|switch|p1a: Ninetales|Ninetales-Alola, M|45/100
|-weather|Snowscape|[from] ability: Snow Warning|[of] p1a: Ninetales
|turn|15
|
|t:|1776077669
|switch|p1a: Landorus|Landorus-Therian, M|100/100
|-ability|p1a: Landorus|Intimidate|boost
|-unboost|p2a: Great Tusk|atk|1
|move|p2a: Great Tusk|Rock Slide|p1a: Landorus
|-damage|p1a: Landorus|82/100
|
|-weather|Snowscape|[upkeep]
|upkeep
|turn|16
|
|t:|1776077679
|move|p2a: Great Tusk|Rock Slide|p1a: Landorus
|-damage|p1a: Landorus|64/100
|move|p1a: Landorus|Stealth Rock|p2a: Great Tusk
|-sidestart|p2: CrappyProgrammer|move: Stealth Rock
|
|-weather|Snowscape|[upkeep]
|upkeep
|turn|17
|
|t:|1776077685
|move|p2a: Great Tusk|Rock Slide|p1a: Landorus
|-damage|p1a: Landorus|47/100
|cant|p1a: Landorus|flinch
|
|-weather|Snowscape|[upkeep]
|upkeep
|turn|18
|
|t:|1776077691
|move|p2a: Great Tusk|Rock Slide|p1a: Landorus
|-damage|p1a: Landorus|30/100
|move|p1a: Landorus|U-turn|p2a: Great Tusk
|-resisted|p2a: Great Tusk
|-damage|p2a: Great Tusk|0 fnt
|faint|p2a: Great Tusk
|-end|p2a: Great Tusk|Protosynthesis|[silent]
|
|t:|1776077701
|switch|p1a: Darkrai|Darkrai|100/100|[from] U-turn
|
|-weather|Snowscape|[upkeep]
|upkeep
|
|t:|1776077704
|switch|p2a: Deoxys|Deoxys-Speed|100/100
|-damage|p2a: Deoxys|88/100|[from] Stealth Rock
|-ability|p2a: Deoxys|Pressure
|turn|19
|
|t:|1776077708
|move|p2a: Deoxys|Ice Beam|p1a: Darkrai
|-damage|p1a: Darkrai|69/100
|move|p1a: Darkrai|Dark Pulse|p2a: Deoxys
|-supereffective|p2a: Deoxys
|-damage|p2a: Deoxys|0 fnt
|faint|p2a: Deoxys
|
|-weather|none
|-heal|p1a: Darkrai|75/100|[from] item: Leftovers
|upkeep
|
|t:|1776077714
|switch|p2a: Scizor|Scizor, F|100/100
|-damage|p2a: Scizor|88/100|[from] Stealth Rock
|turn|20
|
|t:|1776077719
|move|p2a: Scizor|Bullet Punch|p1a: Darkrai
|-damage|p1a: Darkrai|4/100
|move|p1a: Darkrai|Dark Pulse|p2a: Scizor
|-damage|p2a: Scizor|28/100
|
|-heal|p1a: Darkrai|10/100|[from] item: Leftovers
|upkeep
|turn|21
|
|t:|1776077727
|move|p2a: Scizor|Bullet Punch|p1a: Darkrai
|-damage|p1a: Darkrai|0 fnt
|faint|p1a: Darkrai
|
|upkeep
|
|t:|1776077729
|switch|p1a: Landorus|Landorus-Therian, M|30/100
|-ability|p1a: Landorus|Intimidate|boost
|-unboost|p2a: Scizor|atk|1
|turn|22
|
|t:|1776077733
|move|p2a: Scizor|Bullet Punch|p1a: Landorus
|-damage|p1a: Landorus|0 fnt
|-damage|p2a: Scizor|12/100|[from] item: Rocky Helmet|[of] p1a: Landorus
|faint|p1a: Landorus
|
|upkeep
|
|t:|1776077737
|switch|p1a: Ninetales|Ninetales-Alola, M|45/100
|-weather|Snowscape|[from] ability: Snow Warning|[of] p1a: Ninetales
|turn|23
|
|t:|1776077740
|move|p2a: Scizor|Bullet Punch|p1a: Ninetales
|-supereffective|p1a: Ninetales
|-damage|p1a: Ninetales|0 fnt
|faint|p1a: Ninetales
|
|-weather|Snowscape|[upkeep]
|upkeep
|
|t:|1776077742
|switch|p1a: Frosmoth|Frosmoth, F|82/100
|turn|24
|
|t:|1776077744
|move|p2a: Scizor|Bullet Punch|p1a: Frosmoth
|-supereffective|p1a: Frosmoth
|-damage|p1a: Frosmoth|0 fnt
|faint|p1a: Frosmoth
|
|win|CrappyProgrammer
|raw|ir0nv4l14nt's rating: 1404 &rarr; <strong>1381</strong><br />(-23 for losing)
|raw|CrappyProgrammer's rating: 1352 &rarr; <strong>1375</strong><br />(+23 for winning)
