|html|<div class="broadcast-blue"><strong>[Gen 9] OU is currently suspecting Tera Blast! For information on how to participate check out the <a href="https://www.smogon.com/tools/suspects/view/200">suspect thread</a>.</strong></div>
|j|☆maxcolor
|j|☆ravi007rs
|t:|1776098651
|gametype|singles
|player|p1|maxcolor|266|1450
|player|p2|ravi007rs|n|1417
|gen|9
|tier|[Gen 9] OU
|rated|
|rule|HP Percentage Mod: HP is shown in percentages
|rule|Endless Battle Clause: Forcing endless battles is banned
|rule|Species Clause: Limit one of each Pokémon
|rule|OHKO Clause: OHKO moves are banned
|rule|Evasion Items Clause: Evasion items are banned
|rule|Evasion Moves Clause: Evasion moves are banned
|rule|Evasion Abilities Clause: Evasion abilities are banned
|rule|Sleep Moves Clause: Sleep-inducing moves are banned
|clearpoke
|poke|p1|Maushold|
|poke|p1|Zoroark-Hisui, M|
|poke|p1|Ursaluna, F|
|poke|p1|Ambipom, F|
|poke|p1|Farigiraf, M|
|poke|p1|Snorlax, M|
|poke|p2|Kingambit, M|
|poke|p2|Darkrai|
|poke|p2|Mandibuzz, F|
|poke|p2|Raging Bolt|
|poke|p2|Iron Valiant|
|poke|p2|Donphan, F|
|teampreview
|inactive|Battle timer is ON: inactive players will automatically lose when time's up. (requested by maxcolor)
|
|t:|1776098668
|teamsize|p1|6
|teamsize|p2|6
|start
|switch|p1a: Ambipom|Ambipom, F|100/100
|switch|p2a: let him cook|Darkrai, shiny|100/100
|turn|1
|
|t:|1776098673
|move|p1a: Ambipom|Fake Out|p2a: let him cook
|-damage|p2a: let him cook|62/100
|cant|p2a: let him cook|flinch
|
|upkeep
|turn|2
|
|t:|1776098691
|move|p2a: let him cook|Focus Blast|p1a: Ambipom|[miss]
|-miss|p2a: let him cook|p1a: Ambipom
|move|p1a: Ambipom|Covet|p2a: let him cook
|-damage|p2a: let him cook|0 fnt
|faint|p2a: let him cook
|
|upkeep
|
|t:|1776098696
|switch|p2a: ur prince|Iron Valiant|100/100
|-enditem|p2a: ur prince|Booster Energy
|-activate|p2a: ur prince|ability: Quark Drive|[fromitem]
|-start|p2a: ur prince|quarkdrivespe
|turn|3
|
|t:|1776098701
|switch|p1a: Farigiraf|Farigiraf, M|100/100
|move|p2a: ur prince|Moonblast|p1a: Farigiraf
|-damage|p1a: Farigiraf|62/100
|
|upkeep
|turn|4
|
|t:|1776098707
|-end|p2a: ur prince|Quark Drive|[silent]
|switch|p2a: can't kill?|Mandibuzz, F, shiny|100/100
|move|p1a: Farigiraf|Light Screen|p1a: Farigiraf
|-sidestart|p1: maxcolor|move: Light Screen
|
|upkeep
|turn|5
|
|t:|1776098723
|move|p2a: can't kill?|Toxic|p1a: Farigiraf
|-status|p1a: Farigiraf|tox
|move|p1a: Farigiraf|Reflect|p1a: Farigiraf
|-sidestart|p1: maxcolor|Reflect
|
|-damage|p1a: Farigiraf|56/100 tox|[from] psn
|upkeep
|turn|6
|
|t:|1776098733
|switch|p1a: Ursaluna|Ursaluna, F|100/100
|move|p2a: can't kill?|Foul Play|p1a: Ursaluna
|-damage|p1a: Ursaluna|80/100
|
|-status|p1a: Ursaluna|brn|[from] item: Flame Orb
|upkeep
|turn|7
|
|t:|1776098746
|move|p2a: can't kill?|Foul Play|p1a: Ursaluna
|-damage|p1a: Ursaluna|59/100 brn
|move|p1a: Ursaluna|Facade|p2a: can't kill?
|-damage|p2a: can't kill?|34/100
|
|-heal|p2a: can't kill?|40/100|[from] item: Leftovers
|-damage|p1a: Ursaluna|53/100 brn|[from] brn
|upkeep
|turn|8
|
|t:|1776098762
|switch|p2a: fan|Donphan, F, shiny|100/100
|move|p1a: Ursaluna|Facade|p2a: fan
|-crit|p2a: fan
|-ability|p2a: fan|Sturdy
|-damage|p2a: fan|1/100
|
|-damage|p1a: Ursaluna|47/100 brn|[from] brn
|upkeep
|turn|9
|
|t:|1776098768
|move|p2a: fan|Ice Shard|p1a: Ursaluna
|-supereffective|p1a: Ursaluna
|-damage|p1a: Ursaluna|37/100 brn
|move|p1a: Ursaluna|Facade|p2a: fan
|-damage|p2a: fan|0 fnt
|faint|p2a: fan
|
|-damage|p1a: Ursaluna|31/100 brn|[from] brn
|upkeep
|
|t:|1776098772
|switch|p2a: ur prince|Iron Valiant|100/100
|turn|10
|
|t:|1776098778
|move|p2a: ur prince|Moonblast|p1a: Ursaluna
|-damage|p1a: Ursaluna|12/100 brn
|-unboost|p1a: Ursaluna|spa|1
|move|p1a: Ursaluna|Facade|p2a: ur prince
|-damage|p2a: ur prince|0 fnt
|faint|p2a: ur prince
|-end|p2a: ur prince|Quark Drive|[silent]
|
|-damage|p1a: Ursaluna|5/100 brn|[from] brn
|upkeep
|
|t:|1776098789
|switch|p2a: nah i'd win|Kingambit, M, shiny|100/100
|-activate|p2a: nah i'd win|ability: Supreme Overlord
|-start|p2a: nah i'd win|fallen3|[silent]
|turn|11
|
|t:|1776098807
|move|p2a: nah i'd win|Sucker Punch|p1a: Ursaluna
|-crit|p1a: Ursaluna
|-damage|p1a: Ursaluna|0 fnt
|faint|p1a: Ursaluna
|
|-sideend|p1: maxcolor|move: Light Screen
|upkeep
|
|t:|1776098819
|switch|p1a: Huntrix💙💛💜|Maushold, shiny|100/100
|turn|12
|
|t:|1776098823
|move|p1a: Huntrix💙💛💜|Encore|p2a: nah i'd win
|-start|p2a: nah i'd win|Encore
|move|p2a: nah i'd win|Sucker Punch||[still]
|-fail|p2a: nah i'd win
|
|-sideend|p1: maxcolor|Reflect
|upkeep
|turn|13
|
|t:|1776098826
|-end|p2a: nah i'd win|fallen3|[silent]
|switch|p2a: cooler girafarig|Raging Bolt|100/100
|move|p1a: Huntrix💙💛💜|Tidy Up|p1a: Huntrix💙💛💜
|-boost|p1a: Huntrix💙💛💜|atk|1
|-boost|p1a: Huntrix💙💛💜|spe|1
|
|upkeep
|turn|14
|
|t:|1776098839
|move|p1a: Huntrix💙💛💜|Population Bomb|p2a: cooler girafarig
|-damage|p2a: cooler girafarig|88/100
|-damage|p2a: cooler girafarig|74/100
|-damage|p2a: cooler girafarig|59/100
|-damage|p2a: cooler girafarig|46/100
|-damage|p2a: cooler girafarig|31/100
|-damage|p2a: cooler girafarig|18/100
|-damage|p2a: cooler girafarig|5/100
|-damage|p2a: cooler girafarig|0 fnt
|faint|p2a: cooler girafarig
|-end|p2a: cooler girafarig|Protosynthesis|[silent]
|-hitcount|p2: cooler girafarig|8
|
|upkeep
|
|t:|1776098842
|switch|p2a: nah i'd win|Kingambit, M, shiny|100/100
|-activate|p2a: nah i'd win|ability: Supreme Overlord
|-start|p2a: nah i'd win|fallen4|[silent]
|turn|15
|
|t:|1776098851
|-terastallize|p1a: Huntrix💙💛💜|Normal
|move|p1a: Huntrix💙💛💜|Population Bomb|p2a: nah i'd win
|-resisted|p2a: nah i'd win
|-damage|p2a: nah i'd win|92/100
|-resisted|p2a: nah i'd win
|-damage|p2a: nah i'd win|85/100
|-resisted|p2a: nah i'd win
|-damage|p2a: nah i'd win|77/100
|-resisted|p2a: nah i'd win
|-damage|p2a: nah i'd win|70/100
|-resisted|p2a: nah i'd win
|-damage|p2a: nah i'd win|62/100
|-resisted|p2a: nah i'd win
|-damage|p2a: nah i'd win|53/100
|-resisted|p2a: nah i'd win
|-damage|p2a: nah i'd win|46/100
|-resisted|p2a: nah i'd win
|-damage|p2a: nah i'd win|38/100
|-resisted|p2a: nah i'd win
|-damage|p2a: nah i'd win|30/100
|-resisted|p2a: nah i'd win
|-damage|p2a: nah i'd win|22/100
|-hitcount|p2a: nah i'd win|10
|move|p2a: nah i'd win|Kowtow Cleave|p1a: Huntrix💙💛💜
|-damage|p1a: Huntrix💙💛💜|0 fnt
|faint|p1a: Huntrix💙💛💜
|
|upkeep
|
|t:|1776098863
|switch|p1a: Ambipom|Ambipom, F|100/100
|turn|16
|
|t:|1776098866
|-end|p2a: nah i'd win|fallen4|[silent]
|switch|p2a: can't kill?|Mandibuzz, F, shiny|40/100
|move|p1a: Ambipom|Fake Out|p2a: can't kill?
|-crit|p2a: can't kill?
|-damage|p2a: can't kill?|12/100
|
|-heal|p2a: can't kill?|18/100|[from] item: Leftovers
|upkeep
|turn|17
|
|t:|1776098870
|move|p1a: Ambipom|Covet|p2a: can't kill?
|-damage|p2a: can't kill?|0 fnt
|faint|p2a: can't kill?
|
|upkeep
|
|t:|1776098873
|switch|p2a: nah i'd win|Kingambit, M, shiny|22/100
|-activate|p2a: nah i'd win|ability: Supreme Overlord
|-start|p2a: nah i'd win|fallen5|[silent]
|turn|18
|
|t:|1776098876
|move|p2a: nah i'd win|Sucker Punch|p1a: Ambipom
|-damage|p1a: Ambipom|8/100
|move|p1a: Ambipom|Covet|p2a: nah i'd win
|-resisted|p2a: nah i'd win
|-crit|p2a: nah i'd win
|-damage|p2a: nah i'd win|0 fnt
|faint|p2a: nah i'd win
|-end|p2a: nah i'd win|fallen5|[silent]
|
|win|maxcolor
|raw|maxcolor's rating: 1450 &rarr; <strong>1468</strong><br />(+18 for winning)
|raw|ravi007rs's rating: 1417 &rarr; <strong>1399</strong><br />(-18 for losing)
|l|☆ravi007rs
|player|p2|
|l|☆maxcolor
|player|p1|
