|html|<div class="broadcast-blue"><strong>[Gen 9] OU is currently suspecting Tera Blast! For information on how to participate check out the <a href="https://www.smogon.com/tools/suspects/view/200">suspect thread</a>.</strong></div>
|j|☆woosahh
|j|☆iusebadmons1994
|t:|1776070377
|gametype|singles
|player|p1|woosahh|gambler|1393
|player|p2|iusebadmons1994|170|1307
|gen|9
|tier|[Gen 9] OU
|rated|
|rule|HP Percentage Mod: HP is shown in percentages
|rule|Endless Battle Clause: Forcing endless battles is banned
|rule|Species Clause: Limit one of each Pokémon
|rule|OHKO Clause: OHKO moves are banned
|rule|Evasion Items Clause: Evasion items are banned
|rule|Evasion Moves Clause: Evasion moves are banned
|rule|Evasion Abilities Clause: Evasion abilities are banned
|rule|Sleep Moves Clause: Sleep-inducing moves are banned
|clearpoke
|poke|p1|Volcanion|
|poke|p1|Slowking-Galar, M|
|poke|p1|Zamazenta-*|
|poke|p1|Corviknight, F|
|poke|p1|Hatterene, F|
|poke|p1|Ting-Lu|
|poke|p2|Zarude|
|poke|p2|Arcanine-Hisui, F|
|poke|p2|Slowking, F|
|poke|p2|Skeledirge, F|
|poke|p2|Skarmory, F|
|poke|p2|Tentacruel, F|
|teampreview
|inactive|Battle timer is ON: inactive players will automatically lose when time's up. (requested by woosahh)
|inactive|woosahh has 120 seconds left.
|
|t:|1776070416
|teamsize|p1|6
|teamsize|p2|6
|start
|switch|p1a: Hatterene|Hatterene, F|100/100
|switch|p2a: Zarude|Zarude|100/100
|turn|1
|
|t:|1776070423
|move|p2a: Zarude|U-turn|p1a: Hatterene
|-damage|p1a: Hatterene|82/100
|-damage|p2a: Zarude|84/100|[from] item: Rocky Helmet|[of] p1a: Hatterene
|
|t:|1776070429
|switch|p2a: Slowking|Slowking, F|100/100|[from] U-turn
|move|p1a: Hatterene|Nuzzle|p2a: Slowking
|-supereffective|p2a: Slowking
|-damage|p2a: Slowking|93/100
|-status|p2a: Slowking|par
|
|upkeep
|turn|2
|
|t:|1776070445
|move|p1a: Hatterene|Draining Kiss|p2a: Slowking
|-damage|p2a: Slowking|79/100 par
|-heal|p1a: Hatterene|95/100|[from] drain|[of] p2a: Slowking
|-prepare|p2a: Slowking|Chilly Reception|[premajor]
|move|p2a: Slowking|Chilly Reception|p2a: Slowking
|-weather|Snowscape
|
|t:|1776070452
|switch|p2a: Arcanine|Arcanine-Hisui, F|100/100|[from] Chilly Reception
|
|-weather|Snowscape|[upkeep]
|upkeep
|turn|3
|
|t:|1776070460
|move|p2a: Arcanine|Head Smash|p1a: Hatterene
|-damage|p1a: Hatterene|4/100
|-damage|p2a: Arcanine|84/100|[from] item: Rocky Helmet|[of] p1a: Hatterene
|move|p1a: Hatterene|Nuzzle|p2a: Arcanine
|-damage|p2a: Arcanine|79/100
|-status|p2a: Arcanine|par
|
|-weather|Snowscape|[upkeep]
|upkeep
|turn|4
|
|t:|1776070485
|switch|p2a: Zarude|Zarude|84/100
|move|p1a: Hatterene|Pain Split|p2a: Zarude
|-sethp|p2a: Zarude|44/100|[from] move: Pain Split|[silent]
|-sethp|p1a: Hatterene|48/100|[from] move: Pain Split
|
|-weather|Snowscape|[upkeep]
|upkeep
|turn|5
|
|t:|1776070493
|switch|p1a: Corviknight|Corviknight, F, shiny|100/100
|-ability|p1a: Corviknight|Pressure
|move|p2a: Zarude|Power Whip|p1a: Corviknight
|-resisted|p1a: Corviknight
|-damage|p1a: Corviknight|92/100
|-damage|p2a: Zarude|27/100|[from] item: Rocky Helmet|[of] p1a: Corviknight
|
|-weather|Snowscape|[upkeep]
|upkeep
|turn|6
|
|t:|1776070510
|switch|p2a: Skeledirge|Skeledirge, F|100/100
|switch|p1a: Slowking|Slowking-Galar, M, shiny|100/100
|
|-weather|none
|upkeep
|turn|7
|inactive|iusebadmons1994 has 120 seconds left.
|
|t:|1776070549
|switch|p2a: Arcanine|Arcanine-Hisui, F|79/100 par
|-prepare|p1a: Slowking|Chilly Reception|[premajor]
|move|p1a: Slowking|Chilly Reception|p1a: Slowking
|-weather|Snowscape
|inactive|woosahh has 120 seconds left.
|
|t:|1776070565
|switch|p1a: Zamazenta|Zamazenta|100/100|[from] Chilly Reception
|-ability|p1a: Zamazenta|Dauntless Shield|boost
|-boost|p1a: Zamazenta|def|1
|
|-weather|Snowscape|[upkeep]
|upkeep
|turn|8
|inactive|iusebadmons1994 has 120 seconds left.
|
|t:|1776070574
|switch|p2a: Skeledirge|Skeledirge, F|100/100
|move|p1a: Zamazenta|Crunch|p2a: Skeledirge
|-supereffective|p2a: Skeledirge
|-damage|p2a: Skeledirge|49/100
|
|-weather|Snowscape|[upkeep]
|upkeep
|turn|9
|inactive|iusebadmons1994 has 120 seconds left.
|
|t:|1776070584
|-terastallize|p2a: Skeledirge|Grass
|move|p1a: Zamazenta|Crunch|p2a: Skeledirge
|-damage|p2a: Skeledirge|23/100
|-unboost|p2a: Skeledirge|def|1
|move|p2a: Skeledirge|Will-O-Wisp|p1a: Zamazenta
|-status|p1a: Zamazenta|brn
|
|-weather|Snowscape|[upkeep]
|-damage|p1a: Zamazenta|94/100 brn|[from] brn
|upkeep
|turn|10
|inactive|iusebadmons1994 has 120 seconds left.
|
|t:|1776070596
|switch|p1a: Slowking|Slowking-Galar, M, shiny|100/100
|move|p2a: Skeledirge|Slack Off|p2a: Skeledirge
|-heal|p2a: Skeledirge|73/100
|
|-weather|Snowscape|[upkeep]
|upkeep
|turn|11
|
|t:|1776070606
|switch|p2a: Zarude|Zarude|27/100
|move|p1a: Slowking|Sludge Bomb|p2a: Zarude
|-supereffective|p2a: Zarude
|-damage|p2a: Zarude|0 fnt
|faint|p2a: Zarude
|
|-weather|none
|upkeep
|
|t:|1776070615
|switch|p2a: Arcanine|Arcanine-Hisui, F|79/100 par
|turn|12
|
|t:|1776070622
|switch|p1a: Zamazenta|Zamazenta|94/100 brn
|move|p2a: Arcanine|Flare Blitz|p1a: Zamazenta
|-damage|p1a: Zamazenta|8/100 brn
|
|-damage|p1a: Zamazenta|1/100 brn|[from] brn
|upkeep
|turn|13
|
|t:|1776070633
|switch|p2a: Skarmory|Skarmory, F|100/100
|move|p1a: Zamazenta|Crunch|p2a: Skarmory
|-damage|p2a: Skarmory|87/100
|-damage|p1a: Zamazenta|0 fnt|[from] item: Rocky Helmet|[of] p2a: Skarmory
|faint|p1a: Zamazenta
|
|upkeep
|
|t:|1776070639
|switch|p1a: Volcanion|Volcanion|100/100
|turn|14
|
|t:|1776070646
|switch|p2a: Slowking|Slowking, F|100/100 par
|move|p1a: Volcanion|Steam Eruption|p2a: Slowking
|-resisted|p2a: Slowking
|-damage|p2a: Slowking|75/100 par
|
|upkeep
|turn|15
|
|t:|1776070653
|switch|p1a: Slowking|Slowking-Galar, M, shiny|100/100
|-prepare|p2a: Slowking|Chilly Reception|[premajor]
|move|p2a: Slowking|Chilly Reception|p2a: Slowking
|-weather|Snowscape
|
|t:|1776070659
|switch|p2a: Arcanine|Arcanine-Hisui, F|79/100 par|[from] Chilly Reception
|
|-weather|Snowscape|[upkeep]
|upkeep
|turn|16
|
|t:|1776070684
|move|p2a: Arcanine|Head Smash|p1a: Slowking|[miss]
|-miss|p2a: Arcanine|p1a: Slowking
|-prepare|p1a: Slowking|Chilly Reception|[premajor]
|move|p1a: Slowking|Chilly Reception|p1a: Slowking
|
|t:|1776070688
|switch|p1a: Ting-Lu|Ting-Lu|100/100|[from] Chilly Reception
|-ability|p1a: Ting-Lu|Vessel of Ruin
|
|-weather|Snowscape|[upkeep]
|upkeep
|turn|17
|inactive|woosahh has 120 seconds left.
|inactive|iusebadmons1994 has 120 seconds left.
|l|☆iusebadmons1994
|inactive|iusebadmons1994 disconnected and has a minute to reconnect!
|player|p2|
|j|☆iusebadmons1994
|inactive|iusebadmons1994 reconnected and has 100 seconds left.
|player|p2|iusebadmons1994|170|
|
|t:|1776070744
|switch|p2a: Tentacruel|Tentacruel, F|100/100
|switch|p1a: Volcanion|Volcanion|100/100
|
|-weather|Snowscape|[upkeep]
|upkeep
|turn|18
|
|t:|1776070763
|switch|p1a: Slowking|Slowking-Galar, M, shiny|100/100
|move|p2a: Tentacruel|Knock Off|p1a: Slowking
|-supereffective|p1a: Slowking
|-damage|p1a: Slowking|74/100
|-enditem|p1a: Slowking|Black Sludge|[from] move: Knock Off|[of] p2a: Tentacruel
|
|-weather|Snowscape|[upkeep]
|upkeep
|turn|19
|
|t:|1776070777
|switch|p2a: Slowking|Slowking, F|100/100 par
|move|p1a: Slowking|Future Sight|p2a: Slowking
|-start|p1a: Slowking|move: Future Sight
|
|-weather|none
|upkeep
|turn|20
|
|t:|1776070783
|move|p1a: Slowking|Trick|p2a: Slowking
|-activate|p1a: Slowking|move: Trick|[of] p2a: Slowking
|-enditem|p2a: Slowking|Heavy-Duty Boots|[silent]|[from] move: Trick
|-item|p1a: Slowking|Heavy-Duty Boots|[from] move: Trick
|-prepare|p2a: Slowking|Chilly Reception|[premajor]
|move|p2a: Slowking|Chilly Reception|p2a: Slowking
|-weather|Snowscape
|
|t:|1776070798
|switch|p2a: Arcanine|Arcanine-Hisui, F|79/100 par|[from] Chilly Reception
|
|-weather|Snowscape|[upkeep]
|upkeep
|turn|21
|inactive|woosahh has 120 seconds left.
|
|t:|1776070810
|switch|p2a: Slowking|Slowking, F|100/100 par
|switch|p1a: Ting-Lu|Ting-Lu|100/100
|-ability|p1a: Ting-Lu|Vessel of Ruin
|
|-weather|Snowscape|[upkeep]
|-end|p2a: Slowking|move: Future Sight
|-resisted|p2a: Slowking
|-damage|p2a: Slowking|90/100 par
|upkeep
|turn|22
|inactive|woosahh has 120 seconds left.
|
|t:|1776070828
|switch|p1a: Slowking|Slowking-Galar, M, shiny|100/100
|-prepare|p2a: Slowking|Chilly Reception|[premajor]
|cant|p2a: Slowking|par
|
|-weather|Snowscape|[upkeep]
|upkeep
|turn|23
|inactive|woosahh has 120 seconds left.
|
|t:|1776070835
|-prepare|p1a: Slowking|Chilly Reception|[premajor]
|move|p1a: Slowking|Chilly Reception|p1a: Slowking
|inactive|woosahh has 120 seconds left.
|
|t:|1776070844
|switch|p1a: Hatterene|Hatterene, F|48/100|[from] Chilly Reception
|-prepare|p2a: Slowking|Chilly Reception|[premajor]
|cant|p2a: Slowking|par
|
|-weather|Snowscape|[upkeep]
|upkeep
|turn|24
|inactive|iusebadmons1994 has 120 seconds left.
|inactive|woosahh has 120 seconds left.
|
|t:|1776070857
|move|p1a: Hatterene|Pain Split|p2a: Slowking
|-sethp|p2a: Slowking|65/100 par|[from] move: Pain Split|[silent]
|-sethp|p1a: Hatterene|80/100|[from] move: Pain Split
|-prepare|p2a: Slowking|Chilly Reception|[premajor]
|move|p2a: Slowking|Chilly Reception|p2a: Slowking
|inactive|iusebadmons1994 has 120 seconds left.
|
|t:|1776070864
|switch|p2a: Arcanine|Arcanine-Hisui, F|79/100 par|[from] Chilly Reception
|
|-weather|none
|upkeep
|turn|25
|inactive|woosahh has 120 seconds left.
|
|t:|1776070887
|switch|p1a: Ting-Lu|Ting-Lu|100/100
|-ability|p1a: Ting-Lu|Vessel of Ruin
|move|p2a: Arcanine|Head Smash|p1a: Ting-Lu
|-resisted|p1a: Ting-Lu
|-damage|p1a: Ting-Lu|71/100
|
|-heal|p1a: Ting-Lu|77/100|[from] item: Leftovers
|upkeep
|turn|26
|inactive|woosahh has 120 seconds left.
|
|t:|1776070899
|switch|p2a: Skeledirge|Skeledirge, F, tera:Grass|73/100
|switch|p1a: Corviknight|Corviknight, F, shiny|92/100
|-ability|p1a: Corviknight|Pressure
|
|upkeep
|turn|27
|inactive|woosahh has 120 seconds left.
|
|t:|1776070917
|-terastallize|p1a: Corviknight|Dragon
|move|p1a: Corviknight|Body Press|p2a: Skeledirge
|-damage|p2a: Skeledirge|56/100
|move|p2a: Skeledirge|Torch Song|p1a: Corviknight
|-resisted|p1a: Corviknight
|-damage|p1a: Corviknight|77/100
|-boost|p2a: Skeledirge|spa|1
|
|upkeep
|turn|28
|
|t:|1776070928
|switch|p1a: Volcanion|Volcanion|100/100
|move|p2a: Skeledirge|Slack Off|p2a: Skeledirge
|-heal|p2a: Skeledirge|100/100
|
|upkeep
|turn|29
|
|t:|1776070937
|switch|p2a: Slowking|Slowking, F|98/100 par
|move|p1a: Volcanion|Sludge Bomb|p2a: Slowking
|-damage|p2a: Slowking|67/100 par
|
|upkeep
|turn|30
|inactive|woosahh has 120 seconds left.
|
|t:|1776070945
|move|p1a: Volcanion|Sludge Bomb|p2a: Slowking
|-damage|p2a: Slowking|35/100 par
|-prepare|p2a: Slowking|Chilly Reception|[premajor]
|move|p2a: Slowking|Chilly Reception|p2a: Slowking
|-weather|Snowscape
|
|t:|1776070952
|switch|p2a: Tentacruel|Tentacruel, F|100/100|[from] Chilly Reception
|
|-weather|Snowscape|[upkeep]
|upkeep
|turn|31
|
|t:|1776070963
|switch|p1a: Slowking|Slowking-Galar, M, shiny|100/100
|move|p2a: Tentacruel|Knock Off|p1a: Slowking
|-supereffective|p1a: Slowking
|-damage|p1a: Slowking|76/100
|-enditem|p1a: Slowking|Heavy-Duty Boots|[from] move: Knock Off|[of] p2a: Tentacruel
|
|-weather|Snowscape|[upkeep]
|upkeep
|turn|32
|
|t:|1776070975
|switch|p2a: Slowking|Slowking, F|68/100 par
|-prepare|p1a: Slowking|Chilly Reception|[premajor]
|move|p1a: Slowking|Chilly Reception|p1a: Slowking
|
|t:|1776070979
|switch|p1a: Volcanion|Volcanion|100/100|[from] Chilly Reception
|
|-weather|Snowscape|[upkeep]
|upkeep
|turn|33
|
|t:|1776070990
|move|p1a: Volcanion|Sludge Bomb|p2a: Slowking
|-damage|p2a: Slowking|38/100 par
|-prepare|p2a: Slowking|Chilly Reception|[premajor]
|cant|p2a: Slowking|par
|
|-weather|Snowscape|[upkeep]
|upkeep
|turn|34
|
|t:|1776070997
|move|p1a: Volcanion|Sludge Bomb|p2a: Slowking
|-damage|p2a: Slowking|7/100 par
|-prepare|p2a: Slowking|Chilly Reception|[premajor]
|cant|p2a: Slowking|par
|
|-weather|none
|upkeep
|turn|35
|
|t:|1776071005
|switch|p2a: Skarmory|Skarmory, F|87/100
|move|p1a: Volcanion|Sludge Bomb|p2a: Skarmory
|-immune|p2a: Skarmory
|
|upkeep
|turn|36
|inactive|iusebadmons1994 has 120 seconds left.
|inactive|iusebadmons1994 has 90 seconds left.
|
|t:|1776071085
|switch|p1a: Hatterene|Hatterene, F|80/100
|move|p2a: Skarmory|Stealth Rock|p1a: Hatterene
|move|p1a: Hatterene|Stealth Rock|p2a: Skarmory|[from] ability: Magic Bounce
|-sidestart|p2: iusebadmons1994|move: Stealth Rock
|
|upkeep
|turn|37
|inactive|iusebadmons1994 has 60 seconds left.
|
|t:|1776071106
|switch|p2a: Arcanine|Arcanine-Hisui, F|79/100 par
|-damage|p2a: Arcanine|54/100 par|[from] Stealth Rock
|move|p1a: Hatterene|Psychic Noise|p2a: Arcanine
|-damage|p2a: Arcanine|12/100 par
|-start|p2a: Arcanine|move: Heal Block
|
|upkeep
|turn|38
|
|t:|1776071120
|switch|p1a: Ting-Lu|Ting-Lu|77/100
|-ability|p1a: Ting-Lu|Vessel of Ruin
|move|p2a: Arcanine|Close Combat|p1a: Ting-Lu
|-supereffective|p1a: Ting-Lu
|-damage|p1a: Ting-Lu|8/100
|-unboost|p2a: Arcanine|def|1
|-unboost|p2a: Arcanine|spd|1
|
|-heal|p1a: Ting-Lu|15/100|[from] item: Leftovers
|-end|p2a: Arcanine|move: Heal Block
|upkeep
|turn|39
|
|t:|1776071133
|switch|p2a: Tentacruel|Tentacruel, F|100/100
|switch|p1a: Slowking|Slowking-Galar, M, shiny|100/100
|
|upkeep
|turn|40
|
|t:|1776071142
|move|p2a: Tentacruel|Rapid Spin|p1a: Slowking
|-damage|p1a: Slowking|94/100
|-boost|p2a: Tentacruel|spe|1
|-sideend|p2: iusebadmons1994|Stealth Rock|[from] move: Rapid Spin|[of] p2a: Tentacruel
|move|p1a: Slowking|Future Sight|p2a: Tentacruel
|-start|p1a: Slowking|move: Future Sight
|
|upkeep
|turn|41
|
|t:|1776071148
|switch|p2a: Slowking|Slowking, F|41/100 par
|-prepare|p1a: Slowking|Chilly Reception|[premajor]
|move|p1a: Slowking|Chilly Reception|p1a: Slowking
|-weather|Snowscape
|
|t:|1776071151
|switch|p1a: Ting-Lu|Ting-Lu|15/100|[from] Chilly Reception
|-ability|p1a: Ting-Lu|Vessel of Ruin
|
|-weather|Snowscape|[upkeep]
|-heal|p1a: Ting-Lu|21/100|[from] item: Leftovers
|upkeep
|turn|42
|
|t:|1776071161
|move|p1a: Ting-Lu|Rest|p1a: Ting-Lu
|-status|p1a: Ting-Lu|slp|[from] move: Rest
|-heal|p1a: Ting-Lu|100/100 slp|[silent]
|move|p2a: Slowking|Flamethrower|p1a: Ting-Lu
|-damage|p1a: Ting-Lu|92/100 slp
|
|-weather|Snowscape|[upkeep]
|-end|p2a: Slowking|move: Future Sight
|-resisted|p2a: Slowking
|-damage|p2a: Slowking|31/100 par
|-heal|p1a: Ting-Lu|99/100 slp|[from] item: Leftovers
|upkeep
|turn|43
|inactive|iusebadmons1994 has 90 seconds left.
|
|t:|1776071174
|switch|p2a: Skeledirge|Skeledirge, F, tera:Grass|100/100
|cant|p1a: Ting-Lu|slp
|move|p1a: Ting-Lu|Sleep Talk|p1a: Ting-Lu
|move|p1a: Ting-Lu|Payback|p2a: Skeledirge|[from] move: Sleep Talk
|-damage|p2a: Skeledirge|89/100
|
|-weather|Snowscape|[upkeep]
|-heal|p1a: Ting-Lu|100/100 slp|[from] item: Leftovers
|upkeep
|turn|44
|inactive|iusebadmons1994 has 90 seconds left.
|
|t:|1776071198
|switch|p1a: Slowking|Slowking-Galar, M, shiny|100/100
|move|p2a: Skeledirge|Torch Song|p1a: Slowking
|-crit|p1a: Slowking
|-damage|p1a: Slowking|68/100
|-boost|p2a: Skeledirge|spa|1
|
|-weather|Snowscape|[upkeep]
|upkeep
|turn|45
|inactive|iusebadmons1994 has 90 seconds left.
|
|t:|1776071207
|move|p2a: Skeledirge|Torch Song|p1a: Slowking
|-damage|p1a: Slowking|36/100
|-boost|p2a: Skeledirge|spa|1
|move|p1a: Slowking|Sludge Bomb|p2a: Skeledirge
|-supereffective|p2a: Skeledirge
|-damage|p2a: Skeledirge|19/100
|
|-weather|none
|upkeep
|turn|46
|
|t:|1776071218
|switch|p1a: Volcanion|Volcanion|100/100
|move|p2a: Skeledirge|Shadow Ball|p1a: Volcanion
|-damage|p1a: Volcanion|21/100
|
|upkeep
|turn|47
|
|t:|1776071229
|switch|p2a: Slowking|Slowking, F|64/100 par
|move|p1a: Volcanion|Flamethrower|p2a: Slowking
|-resisted|p2a: Slowking
|-damage|p2a: Slowking|43/100 par
|
|upkeep
|turn|48
|
|t:|1776071236
|switch|p1a: Hatterene|Hatterene, F|80/100
|-prepare|p2a: Slowking|Chilly Reception|[premajor]
|move|p2a: Slowking|Chilly Reception|p2a: Slowking
|-weather|Snowscape
|
|t:|1776071242
|switch|p2a: Arcanine|Arcanine-Hisui, F|12/100 par|[from] Chilly Reception
|
|-weather|Snowscape|[upkeep]
|upkeep
|turn|49
|
|t:|1776071259
|move|p2a: Arcanine|Head Smash|p1a: Hatterene|[miss]
|-miss|p2a: Arcanine|p1a: Hatterene
|move|p1a: Hatterene|Psychic Noise|p2a: Arcanine
|-damage|p2a: Arcanine|0 fnt
|faint|p2a: Arcanine
|
|-weather|Snowscape|[upkeep]
|upkeep
|-message|iusebadmons1994 forfeited.
|
|win|woosahh
|raw|woosahh's rating: 1393 &rarr; <strong>1408</strong><br />(+15 for winning)
|raw|iusebadmons1994's rating: 1307 &rarr; <strong>1292</strong><br />(-15 for losing)
|l|☆iusebadmons1994
|player|p2|
|l|☆woosahh
|player|p1|
