|j|☆encore21768768
|j|☆Abyssal Bot
|t:|1778516434
|gametype|singles
|player|p1|encore21768768|266|
|player|p2|Abyssal Bot|supernerd|
|teamsize|p1|6
|teamsize|p2|6
|gen|9
|tier|[Gen 9] OU
|rule|Species Clause: Limit one of each Pokémon
|rule|OHKO Clause: OHKO moves are banned
|rule|Evasion Items Clause: Evasion items are banned
|rule|Evasion Moves Clause: Evasion moves are banned
|rule|Endless Battle Clause: Forcing endless battles is banned
|rule|HP Percentage Mod: HP is shown in percentages
|rule|Sleep Moves Clause: Sleep-inducing moves are banned
|clearpoke
|poke|p1|Kyurem|
|poke|p1|Corviknight, M|
|poke|p1|Ting-Lu|
|poke|p1|Dondozo, F|
|poke|p1|Slowking-Galar, F|
|poke|p1|Cinderace, F|
|poke|p2|Kingambit, F|
|poke|p2|Cinderace, F|
|poke|p2|Landorus-Therian, M|
|poke|p2|Iron Valiant|
|poke|p2|Kyurem|
|poke|p2|Slowking-Galar, M|
|teampreview
|c|☆Abyssal Bot|**WARNING**: Expect much hax.
|inactive|Battle timer is ON: inactive players will automatically lose when time's up. (requested by Abyssal Bot)
|j|*Turbo Bottttt
|
|t:|1778516437
|start
|switch|p1a: Kyurem|Kyurem|100/100
|switch|p2a: Daenerys|Kingambit, F|100/100
|-ability|p1a: Kyurem|Pressure
|turn|1
|
|t:|1778516442
|move|p1a: Kyurem|Substitute|p1a: Kyurem
|-start|p1a: Kyurem|Substitute
|-damage|p1a: Kyurem|75/100
|move|p2a: Daenerys|Iron Head|p1a: Kyurem
|-supereffective|p1a: Kyurem
|-end|p1a: Kyurem|Substitute
|
|-heal|p1a: Kyurem|82/100|[from] item: Leftovers
|upkeep
|turn|2
|
|t:|1778516450
|switch|p1a: Corviknight|Corviknight, M|100/100
|-ability|p1a: Corviknight|Pressure
|move|p2a: Daenerys|Swords Dance|p2a: Daenerys
|-boost|p2a: Daenerys|atk|2
|
|upkeep
|turn|3
|
|t:|1778516453
|move|p2a: Daenerys|Sucker Punch|p1a: Corviknight
|-damage|p1a: Corviknight|51/100
|-damage|p2a: Daenerys|84/100|[from] item: Rocky Helmet|[of] p1a: Corviknight
|move|p1a: Corviknight|U-turn|p2a: Daenerys
|-damage|p2a: Daenerys|73/100
|
|t:|1778516458
|switch|p1a: Dondozo|Dondozo, F|100/100|[from] U-turn
|
|-heal|p2a: Daenerys|80/100|[from] item: Leftovers
|upkeep
|turn|4
|
|t:|1778516460
|-end|p2a: Daenerys|fallenundefined|[silent]
|switch|p2a: Mr. Freeze|Kyurem, shiny|100/100
|-ability|p2a: Mr. Freeze|Pressure
|move|p1a: Dondozo|Body Press|p2a: Mr. Freeze
|-supereffective|p2a: Mr. Freeze
|-damage|p2a: Mr. Freeze|50/100
|
|upkeep
|turn|5
|
|t:|1778516467
|switch|p1a: Slowking|Slowking-Galar, F|100/100
|move|p2a: Mr. Freeze|Freeze-Dry|p1a: Slowking
|-damage|p1a: Slowking|68/100
|
|upkeep
|turn|6
|
|t:|1778516472
|move|p2a: Mr. Freeze|Freeze-Dry|p1a: Slowking
|-damage|p1a: Slowking|33/100
|move|p1a: Slowking|Future Sight|p2a: Mr. Freeze
|-start|p1a: Slowking|move: Future Sight
|
|upkeep
|turn|7
|
|t:|1778516479
|switch|p1a: Kyurem|Kyurem|82/100
|-ability|p1a: Kyurem|Pressure
|move|p2a: Mr. Freeze|Freeze-Dry|p1a: Kyurem
|-damage|p1a: Kyurem|30/100
|
|-heal|p1a: Kyurem|36/100|[from] item: Leftovers
|upkeep
|turn|8
|
|t:|1778516485
|move|p1a: Kyurem|Protect|p1a: Kyurem
|-singleturn|p1a: Kyurem|Protect
|move|p2a: Mr. Freeze|Freeze-Dry|p1a: Kyurem
|-activate|p1a: Kyurem|move: Protect
|
|-end|p2a: Mr. Freeze|move: Future Sight
|-damage|p2a: Mr. Freeze|11/100
|-heal|p1a: Kyurem|43/100|[from] item: Leftovers
|upkeep
|turn|9
|
|t:|1778516496
|switch|p1a: Cinderace|Cinderace, F|100/100
|move|p2a: Mr. Freeze|Freeze-Dry|p1a: Cinderace
|-resisted|p1a: Cinderace
|-damage|p1a: Cinderace|68/100
|
|upkeep
|turn|10
|
|t:|1778516498
|move|p1a: Cinderace|U-turn|p2a: Mr. Freeze
|-damage|p2a: Mr. Freeze|0
|faint|p2a: Mr. Freeze
|
|t:|1778516501
|switch|p1a: Slowking|Slowking-Galar, F|66/100|[from] U-turn
|
|upkeep
|
|t:|1778516502
|switch|p2a: Daenerys|Kingambit, F|80/100
|-activate|p2a: Daenerys|ability: Supreme Overlord
|-start|p2a: Daenerys|fallen1|[silent]
|turn|11
|
|t:|1778516504
|switch|p1a: Dondozo|Dondozo, F|100/100
|move|p2a: Daenerys|Kowtow Cleave|p1a: Dondozo
|-damage|p1a: Dondozo|77/100
|
|-heal|p2a: Daenerys|86/100|[from] item: Leftovers
|-heal|p1a: Dondozo|83/100|[from] item: Leftovers
|upkeep
|turn|12
|
|t:|1778516507
|-end|p2a: Daenerys|fallen1|[silent]
|switch|p2a: WALL-Y|Iron Valiant|100/100
|-enditem|p2a: WALL-Y|Booster Energy
|-activate|p2a: WALL-Y|ability: Quark Drive|[fromitem]
|-start|p2a: WALL-Y|quarkdrivespe
|move|p1a: Dondozo|Body Press|p2a: WALL-Y
|-resisted|p2a: WALL-Y
|-damage|p2a: WALL-Y|83/100
|
|-heal|p1a: Dondozo|89/100|[from] item: Leftovers
|upkeep
|turn|13
|
|t:|1778516510
|switch|p1a: Slowking|Slowking-Galar, F|99/100
|move|p2a: WALL-Y|Encore||[still]
|-fail|p2a: WALL-Y
|
|upkeep
|turn|14
|
|t:|1778516515
|move|p2a: WALL-Y|Knock Off|p1a: Slowking
|-supereffective|p1a: Slowking
|-damage|p1a: Slowking|33/100
|-enditem|p1a: Slowking|Heavy-Duty Boots|[from] move: Knock Off|[of] p2a: WALL-Y
|move|p1a: Slowking|Future Sight|p2a: WALL-Y
|-start|p1a: Slowking|move: Future Sight
|
|upkeep
|turn|15
|
|t:|1778516520
|switch|p1a: Corviknight|Corviknight, M|51/100
|-ability|p1a: Corviknight|Pressure
|move|p2a: WALL-Y|Knock Off|p1a: Corviknight
|-damage|p1a: Corviknight|32/100
|-damage|p2a: WALL-Y|67/100|[from] item: Rocky Helmet|[of] p1a: Corviknight
|-enditem|p1a: Corviknight|Rocky Helmet|[from] move: Knock Off|[of] p2a: WALL-Y
|
|upkeep
|turn|16
|
|t:|1778516523
|move|p2a: WALL-Y|Close Combat|p1a: Corviknight
|-damage|p1a: Corviknight|0
|-unboost|p2a: WALL-Y|def|1
|-unboost|p2a: WALL-Y|spd|1
|faint|p1a: Corviknight
|
|-end|p2a: WALL-Y|move: Future Sight
|-supereffective|p2a: WALL-Y
|-damage|p2a: WALL-Y|0
|faint|p2a: WALL-Y
|-end|p2a: WALL-Y|Quark Drive|[silent]
|upkeep
|
|t:|1778516533
|switch|p2a: Kristine|Cinderace, F, shiny|100/100
|switch|p1a: Cinderace|Cinderace, F|68/100
|turn|17
|
|t:|1778516539
|switch|p1a: Dondozo|Dondozo, F|89/100
|move|p2a: Kristine|Court Change||[still]
|-swapsideconditions
|-fail|p2a: Kristine
|
|-heal|p1a: Dondozo|95/100|[from] item: Leftovers
|upkeep
|turn|18
|
|t:|1778516545
|switch|p2a: Daenerys|Kingambit, F|86/100
|-activate|p2a: Daenerys|ability: Supreme Overlord
|-start|p2a: Daenerys|fallen2|[silent]
|move|p1a: Dondozo|Waterfall|p2a: Daenerys
|-damage|p2a: Daenerys|64/100
|
|-heal|p2a: Daenerys|70/100|[from] item: Leftovers
|-heal|p1a: Dondozo|100/100|[from] item: Leftovers
|upkeep
|turn|19
|
|t:|1778516547
|move|p2a: Daenerys|Kowtow Cleave|p1a: Dondozo
|-damage|p1a: Dondozo|71/100
|move|p1a: Dondozo|Body Press|p2a: Daenerys
|-supereffective|p2a: Daenerys
|-damage|p2a: Daenerys|0
|faint|p2a: Daenerys
|-end|p2a: Daenerys|fallen2|[silent]
|
|-heal|p1a: Dondozo|77/100|[from] item: Leftovers
|upkeep
|
|t:|1778516547
|switch|p2a: SlodogChillionaire|Slowking-Galar, M, shiny|100/100
|turn|20
|
|t:|1778516555
|switch|p1a: Ting-Lu|Ting-Lu|100/100
|-ability|p1a: Ting-Lu|Vessel of Ruin
|move|p2a: SlodogChillionaire|Future Sight|p1a: Ting-Lu
|-start|p2a: SlodogChillionaire|move: Future Sight
|
|upkeep
|turn|21
|
|t:|1778516559
|switch|p2a: Homelandor|Landorus-Therian, M, shiny|100/100
|-ability|p2a: Homelandor|Intimidate|boost
|-unboost|p1a: Ting-Lu|atk|1
|move|p1a: Ting-Lu|Payback|p2a: Homelandor
|-damage|p2a: Homelandor|91/100
|-damage|p1a: Ting-Lu|84/100|[from] item: Rocky Helmet|[of] p2a: Homelandor
|
|-heal|p1a: Ting-Lu|90/100|[from] item: Leftovers
|upkeep
|turn|22
|
|t:|1778516571
|switch|p1a: Kyurem|Kyurem|43/100
|-ability|p1a: Kyurem|Pressure
|move|p2a: Homelandor|Taunt|p1a: Kyurem
|-start|p1a: Kyurem|move: Taunt
|
|-end|p1a: Kyurem|move: Future Sight
|-damage|p1a: Kyurem|1/100
|-heal|p1a: Kyurem|7/100|[from] item: Leftovers
|upkeep
|turn|23
|
|t:|1778516575
|move|p1a: Kyurem|Freeze-Dry|p2a: Homelandor
|-supereffective|p2a: Homelandor
|-crit|p2a: Homelandor
|-damage|p2a: Homelandor|0
|faint|p2a: Homelandor
|
|-heal|p1a: Kyurem|13/100|[from] item: Leftovers
|upkeep
|c|☆Abyssal Bot|Oh crap, that crit...
|
|t:|1778516575
|switch|p2a: Kristine|Cinderace, F, shiny|100/100
|turn|24
|
|t:|1778516588
|switch|p1a: Dondozo|Dondozo, F|77/100
|move|p2a: Kristine|Pyro Ball|p1a: Dondozo
|-resisted|p1a: Dondozo
|-damage|p1a: Dondozo|66/100
|
|-heal|p1a: Dondozo|72/100|[from] item: Leftovers
|upkeep
|turn|25
|
|t:|1778516590
|switch|p2a: SlodogChillionaire|Slowking-Galar, M, shiny|100/100
|move|p1a: Dondozo|Curse|p1a: Dondozo
|-unboost|p1a: Dondozo|spe|1
|-boost|p1a: Dondozo|atk|1
|-boost|p1a: Dondozo|def|1
|
|-heal|p1a: Dondozo|79/100|[from] item: Leftovers
|upkeep
|turn|26
|
|t:|1778516591
|move|p1a: Dondozo|Waterfall|p2a: SlodogChillionaire
|-damage|p2a: SlodogChillionaire|55/100
|move|p2a: SlodogChillionaire|Toxic|p1a: Dondozo
|-status|p1a: Dondozo|tox
|
|-heal|p1a: Dondozo|85/100 tox|[from] item: Leftovers
|-damage|p1a: Dondozo|79/100 tox|[from] psn|[of] p2a: SlodogChillionaire
|upkeep
|turn|27
|
|t:|1778516595
|move|p1a: Dondozo|Waterfall|p2a: SlodogChillionaire
|-damage|p2a: SlodogChillionaire|10/100
|move|p2a: SlodogChillionaire|Future Sight|p1a: Dondozo
|-start|p2a: SlodogChillionaire|move: Future Sight
|
|-heal|p1a: Dondozo|85/100 tox|[from] item: Leftovers
|-damage|p1a: Dondozo|72/100 tox|[from] psn|[of] p2a: SlodogChillionaire
|upkeep
|turn|28
|
|t:|1778516599
|move|p1a: Dondozo|Waterfall|p2a: SlodogChillionaire
|-damage|p2a: SlodogChillionaire|0
|faint|p2a: SlodogChillionaire
|
|-heal|p1a: Dondozo|79/100 tox|[from] item: Leftovers
|-damage|p1a: Dondozo|60/100 tox|[from] psn|[of] p2: SlodogChillionaire
|upkeep
|
|t:|1778516599
|switch|p2a: Kristine|Cinderace, F, shiny|100/100
|turn|29
|
|t:|1778516602
|move|p2a: Kristine|Court Change||[still]
|-swapsideconditions
|-fail|p2a: Kristine
|move|p1a: Dondozo|Waterfall|p2a: Kristine
|-supereffective|p2a: Kristine
|-damage|p2a: Kristine|0
|faint|p2a: Kristine
|
|win|encore21768768
|c|☆Abyssal Bot|Oh, I lost. Good Game.
|l|☆Abyssal Bot
|player|p2|
|l|*Turbo Bottttt
