|html|<div class="broadcast-blue"><strong>[Gen 9] OU is currently suspecting Tera Blast! For information on how to participate check out the <a href="https://www.smogon.com/tools/suspects/view/200">suspect thread</a>.</strong></div>
|j|☆chillncurry
|j|☆Joehenderson21
|t:|1776075080
|gametype|singles
|player|p1|chillncurry|265|1169
|player|p2|Joehenderson21|170|1229
|gen|9
|tier|[Gen 9] OU
|rated|
|rule|HP Percentage Mod: HP is shown in percentages
|rule|Endless Battle Clause: Forcing endless battles is banned
|rule|Species Clause: Limit one of each Pokémon
|rule|OHKO Clause: OHKO moves are banned
|rule|Evasion Items Clause: Evasion items are banned
|rule|Evasion Moves Clause: Evasion moves are banned
|rule|Evasion Abilities Clause: Evasion abilities are banned
|rule|Sleep Moves Clause: Sleep-inducing moves are banned
|clearpoke
|poke|p1|Ninetales, F|
|poke|p1|Walking Wake|
|poke|p1|Raging Bolt|
|poke|p1|Venusaur, F|
|poke|p1|Great Tusk|
|poke|p1|Slither Wing|
|poke|p2|Exeggutor, M|
|poke|p2|Torkoal, M|
|poke|p2|Walking Wake|
|poke|p2|Lycanroc, M|
|poke|p2|Incineroar, F|
|poke|p2|Sandy Shocks|
|teampreview
|inactive|Battle timer is ON: inactive players will automatically lose when time's up. (requested by chillncurry)
|
|t:|1776075096
|teamsize|p1|6
|teamsize|p2|6
|start
|switch|p1a: Great Tusk|Great Tusk|100/100
|switch|p2a: Sandy Shocks|Sandy Shocks|100/100
|-enditem|p2a: Sandy Shocks|Booster Energy
|-activate|p2a: Sandy Shocks|ability: Protosynthesis|[fromitem]
|-start|p2a: Sandy Shocks|protosynthesisspa
|turn|1
|
|t:|1776075107
|-terastallize|p2a: Sandy Shocks|Ice
|move|p2a: Sandy Shocks|Tera Blast|p1a: Great Tusk|[anim] Tera Blast Ice
|-supereffective|p1a: Great Tusk
|-damage|p1a: Great Tusk|0 fnt
|faint|p1a: Great Tusk
|-end|p1a: Great Tusk|Protosynthesis|[silent]
|
|upkeep
|
|t:|1776075121
|switch|p1a: Ninetales|Ninetales, F|100/100
|-weather|SunnyDay|[from] ability: Drought|[of] p1a: Ninetales
|turn|2
|
|t:|1776075132
|-terastallize|p1a: Ninetales|Grass
|move|p2a: Sandy Shocks|Earth Power|p1a: Ninetales
|-resisted|p1a: Ninetales
|-damage|p1a: Ninetales|73/100
|-unboost|p1a: Ninetales|spd|1
|move|p1a: Ninetales|Weather Ball|p2a: Sandy Shocks
|-supereffective|p2a: Sandy Shocks
|-damage|p2a: Sandy Shocks|0 fnt
|faint|p2a: Sandy Shocks
|-end|p2a: Sandy Shocks|Protosynthesis|[silent]
|
|-weather|SunnyDay|[upkeep]
|upkeep
|
|t:|1776075141
|switch|p2a: Torkoal|Torkoal, M|100/100
|turn|3
|
|t:|1776075147
|switch|p1a: Walking Wake|Walking Wake|100/100
|-activate|p1a: Walking Wake|ability: Protosynthesis
|-start|p1a: Walking Wake|protosynthesisspe
|move|p2a: Torkoal|Lava Plume|p1a: Walking Wake
|-resisted|p1a: Walking Wake
|-damage|p1a: Walking Wake|89/100
|-status|p1a: Walking Wake|brn
|
|-weather|SunnyDay|[upkeep]
|-damage|p1a: Walking Wake|83/100 brn|[from] brn
|upkeep
|turn|4
|
|t:|1776075163
|move|p1a: Walking Wake|Hydro Steam|p2a: Torkoal
|-supereffective|p2a: Torkoal
|-damage|p2a: Torkoal|0 fnt
|faint|p2a: Torkoal
|
|-weather|SunnyDay|[upkeep]
|-damage|p1a: Walking Wake|77/100 brn|[from] brn
|upkeep
|
|t:|1776075167
|switch|p2a: Exeggutor|Exeggutor, M|100/100
|turn|5
|
|t:|1776075171
|-end|p1a: Walking Wake|Protosynthesis|[silent]
|switch|p1a: Slither Wing|Slither Wing|100/100
|-activate|p1a: Slither Wing|ability: Protosynthesis
|-start|p1a: Slither Wing|protosynthesisatk
|move|p2a: Exeggutor|Solar Beam||[still]
|-prepare|p2a: Exeggutor|Solar Beam
|-anim|p2a: Exeggutor|Solar Beam|p1a: Slither Wing
|-resisted|p1a: Slither Wing
|-damage|p1a: Slither Wing|74/100
|-damage|p2a: Exeggutor|91/100|[from] item: Life Orb
|
|-weather|SunnyDay|[upkeep]
|upkeep
|turn|6
|
|t:|1776075184
|move|p1a: Slither Wing|First Impression|p2a: Exeggutor
|-supereffective|p2a: Exeggutor
|-damage|p2a: Exeggutor|0 fnt
|faint|p2a: Exeggutor
|
|-weather|SunnyDay|[upkeep]
|upkeep
|
|t:|1776075191
|switch|p2a: Incineroar|Incineroar, F|100/100
|-ability|p2a: Incineroar|Intimidate|boost
|-unboost|p1a: Slither Wing|atk|1
|turn|7
|
|t:|1776075201
|move|p1a: Slither Wing|Earthquake|p2a: Incineroar
|-supereffective|p2a: Incineroar
|-damage|p2a: Incineroar|19/100
|move|p2a: Incineroar|Flare Blitz|p1a: Slither Wing
|-supereffective|p1a: Slither Wing
|-damage|p1a: Slither Wing|0 fnt
|faint|p1a: Slither Wing
|-end|p1a: Slither Wing|Protosynthesis|[silent]
|-damage|p2a: Incineroar|0 fnt|[from] Recoil
|faint|p2a: Incineroar
|
|-weather|SunnyDay|[upkeep]
|upkeep
|
|t:|1776075212
|switch|p1a: Walking Wake|Walking Wake|77/100 brn
|switch|p2a: Lycanroc|Lycanroc, M|100/100
|-activate|p1a: Walking Wake|ability: Protosynthesis
|-start|p1a: Walking Wake|protosynthesisspe
|turn|8
|
|t:|1776075227
|move|p1a: Walking Wake|Hydro Steam|p2a: Lycanroc
|-supereffective|p2a: Lycanroc
|-enditem|p2a: Lycanroc|Focus Sash
|-damage|p2a: Lycanroc|1/100
|move|p2a: Lycanroc|Endeavor|p1a: Walking Wake
|-damage|p1a: Walking Wake|1/100 brn
|
|-weather|SunnyDay|[upkeep]
|-damage|p1a: Walking Wake|0 fnt|[from] brn
|faint|p1a: Walking Wake
|-end|p1a: Walking Wake|Protosynthesis|[silent]
|upkeep
|
|t:|1776075240
|switch|p1a: Venusaur|Venusaur, F|100/100
|turn|9
|
|t:|1776075254
|move|p1a: Venusaur|Giga Drain|p2a: Lycanroc
|-supereffective|p2a: Lycanroc
|-damage|p2a: Lycanroc|0 fnt
|faint|p2a: Lycanroc
|-damage|p1a: Venusaur|91/100|[from] item: Life Orb
|
|-weather|none
|upkeep
|
|t:|1776075257
|switch|p2a: Walking Wake|Walking Wake|100/100
|-enditem|p2a: Walking Wake|Booster Energy
|-activate|p2a: Walking Wake|ability: Protosynthesis|[fromitem]
|-start|p2a: Walking Wake|protosynthesisspa
|turn|10
|
|t:|1776075265
|move|p2a: Walking Wake|Flamethrower|p1a: Venusaur
|-supereffective|p1a: Venusaur
|-damage|p1a: Venusaur|4/100
|-status|p1a: Venusaur|brn
|move|p1a: Venusaur|Giga Drain|p2a: Walking Wake
|-damage|p2a: Walking Wake|51/100
|-heal|p1a: Venusaur|32/100 brn|[from] drain|[of] p2a: Walking Wake
|-damage|p1a: Venusaur|22/100 brn|[from] item: Life Orb
|
|-damage|p1a: Venusaur|16/100 brn|[from] brn
|upkeep
|turn|11
|
|t:|1776075280
|switch|p1a: Ninetales|Ninetales, F, tera:Grass|73/100
|-weather|SunnyDay|[from] ability: Drought|[of] p1a: Ninetales
|move|p2a: Walking Wake|Hydro Steam|p1a: Ninetales
|-resisted|p1a: Ninetales
|-damage|p1a: Ninetales|33/100
|
|-weather|SunnyDay|[upkeep]
|upkeep
|turn|12
|
|t:|1776075289
|move|p2a: Walking Wake|Flamethrower|p1a: Ninetales
|-supereffective|p1a: Ninetales
|-damage|p1a: Ninetales|0 fnt
|faint|p1a: Ninetales
|
|-weather|SunnyDay|[upkeep]
|upkeep
|
|t:|1776075296
|switch|p1a: Venusaur|Venusaur, F|16/100 brn
|turn|13
|
|t:|1776075303
|move|p1a: Venusaur|Giga Drain|p2a: Walking Wake
|-damage|p2a: Walking Wake|0 fnt
|-heal|p1a: Venusaur|45/100 brn|[from] drain|[of] p2a: Walking Wake
|faint|p2a: Walking Wake
|-end|p2a: Walking Wake|Protosynthesis|[silent]
|-damage|p1a: Venusaur|35/100 brn|[from] item: Life Orb
|
|win|chillncurry
|raw|chillncurry's rating: 1169 &rarr; <strong>1198</strong><br />(+29 for winning)
|raw|Joehenderson21's rating: 1229 &rarr; <strong>1200</strong><br />(-29 for losing)
|l|☆Joehenderson21
|player|p2|
|l|☆chillncurry
|player|p1|
