|html|<div class="broadcast-blue"><strong>[Gen 9] OU is currently suspecting Tera Blast! For information on how to participate check out the <a href="https://www.smogon.com/tools/suspects/view/200">suspect thread</a>.</strong></div>
|j|‽rotored
|j|☆dread_nex
|t:|1776306518
|gametype|singles
|player|p1|rotored|volkner|1120
|player|p2|dread_nex|red|1127
|gen|9
|tier|[Gen 9] OU
|rated|
|rule|HP Percentage Mod: HP is shown in percentages
|rule|Endless Battle Clause: Forcing endless battles is banned
|rule|Species Clause: Limit one of each Pokémon
|rule|OHKO Clause: OHKO moves are banned
|rule|Evasion Items Clause: Evasion items are banned
|rule|Evasion Moves Clause: Evasion moves are banned
|rule|Evasion Abilities Clause: Evasion abilities are banned
|rule|Sleep Moves Clause: Sleep-inducing moves are banned
|clearpoke
|poke|p1|Ceruledge, M|
|poke|p1|Corviknight, M|
|poke|p1|Darkrai|
|poke|p1|Kyurem|
|poke|p1|Hatterene, F|
|poke|p1|Torterra, F|
|poke|p2|Meowscarada, M|
|poke|p2|Sandy Shocks|
|poke|p2|Clodsire, M|
|poke|p2|Flamigo, M|
|poke|p2|Ceruledge, M|
|poke|p2|Garganacl, M|
|teampreview
|inactive|Battle timer is ON: inactive players will automatically lose when time's up. (requested by dread_nex)
|
|t:|1776306546
|teamsize|p1|6
|teamsize|p2|6
|start
|switch|p1a: Hatterene|Hatterene, F, shiny|100/100
|switch|p2a: Meowscarada|Meowscarada, M|100/100
|turn|1
|
|t:|1776306575
|move|p2a: Meowscarada|U-turn|p1a: Hatterene
|-start|p2a: Meowscarada|typechange|Bug|[from] ability: Protean
|-damage|p1a: Hatterene|64/100
|
|t:|1776306585
|switch|p2a: Garganacl|Garganacl, M, shiny|100/100|[from] U-turn
|move|p1a: Hatterene|Draining Kiss|p2a: Garganacl
|-damage|p2a: Garganacl|72/100
|-heal|p1a: Hatterene|91/100|[from] drain|[of] p2a: Garganacl
|
|-heal|p2a: Garganacl|78/100|[from] item: Leftovers
|upkeep
|turn|2
|
|t:|1776306597
|move|p2a: Garganacl|Salt Cure|p1a: Hatterene
|-damage|p1a: Hatterene|76/100
|-start|p1a: Hatterene|Salt Cure
|move|p1a: Hatterene|Draining Kiss|p2a: Garganacl
|-damage|p2a: Garganacl|50/100
|-heal|p1a: Hatterene|100/100|[from] drain|[of] p2a: Garganacl
|
|-heal|p2a: Garganacl|56/100|[from] item: Leftovers
|-damage|p1a: Hatterene|88/100|[from] Salt Cure
|upkeep
|turn|3
|
|t:|1776306608
|switch|p2a: Clodsire|Clodsire, M, shiny|100/100
|move|p1a: Hatterene|Draining Kiss|p2a: Clodsire
|-resisted|p2a: Clodsire
|-damage|p2a: Clodsire|89/100
|-heal|p1a: Hatterene|100/100|[from] drain|[of] p2a: Clodsire
|
|-damage|p1a: Hatterene|88/100|[from] Salt Cure
|upkeep
|turn|4
|
|t:|1776306628
|switch|p1a: Corviknight|Corviknight, M, shiny|100/100
|move|p2a: Clodsire|Earthquake|p1a: Corviknight
|-immune|p1a: Corviknight
|
|upkeep
|turn|5
|
|t:|1776306638
|move|p1a: Corviknight|Reflect|p1a: Corviknight
|-sidestart|p1: rotored|Reflect
|move|p2a: Clodsire|Amnesia|p2a: Clodsire
|-boost|p2a: Clodsire|spd|2
|
|upkeep
|turn|6
|inactive|rotored has 120 seconds left.
|
|t:|1776306666
|move|p1a: Corviknight|Iron Defense|p1a: Corviknight
|-boost|p1a: Corviknight|def|2
|move|p2a: Clodsire|Amnesia|p2a: Clodsire
|-boost|p2a: Clodsire|spd|2
|
|upkeep
|turn|7
|inactive|dread_nex has 120 seconds left.
|
|t:|1776306687
|switch|p2a: Garganacl|Garganacl, M, shiny|56/100
|move|p1a: Corviknight|Iron Defense|p1a: Corviknight
|-boost|p1a: Corviknight|def|2
|
|-heal|p2a: Garganacl|62/100|[from] item: Leftovers
|upkeep
|turn|8
|inactive|dread_nex has 120 seconds left.
|
|t:|1776306699
|-terastallize|p2a: Garganacl|Water
|move|p1a: Corviknight|Body Press|p2a: Garganacl
|-damage|p2a: Garganacl|14/100
|move|p2a: Garganacl|Iron Defense|p2a: Garganacl
|-boost|p2a: Garganacl|def|2
|
|-heal|p2a: Garganacl|20/100|[from] item: Leftovers
|upkeep
|turn|9
|inactive|dread_nex has 120 seconds left.
|
|t:|1776306711
|switch|p2a: Ceruledge|Ceruledge, M, shiny|100/100
|move|p1a: Corviknight|Body Press|p2a: Ceruledge
|-immune|p2a: Ceruledge
|
|-sideend|p1: rotored|Reflect
|upkeep
|turn|10
|
|t:|1776306729
|switch|p1a: Darkrai|Darkrai|100/100
|move|p2a: Ceruledge|Swords Dance|p2a: Ceruledge
|-boost|p2a: Ceruledge|atk|2
|
|upkeep
|turn|11
|
|t:|1776306744
|move|p1a: Darkrai|Knock Off|p2a: Ceruledge
|-supereffective|p2a: Ceruledge
|-damage|p2a: Ceruledge|24/100
|-ability|p2a: Ceruledge|Weak Armor|boost
|-unboost|p2a: Ceruledge|def|1
|-boost|p2a: Ceruledge|spe|2
|-enditem|p2a: Ceruledge|Focus Sash|[from] move: Knock Off|[of] p1a: Darkrai
|move|p2a: Ceruledge|Bitter Blade|p1a: Darkrai
|-enditem|p1a: Darkrai|Focus Sash
|-damage|p1a: Darkrai|1/100
|-heal|p2a: Ceruledge|73/100|[from] drain|[of] p1a: Darkrai
|
|upkeep
|turn|12
|inactive|rotored has 120 seconds left.
|inactive|rotored has 90 seconds left.
|
|t:|1776306795
|switch|p1a: Ceruledge|Ceruledge, M|100/100
|move|p2a: Ceruledge|Shadow Sneak|p1a: Ceruledge
|-supereffective|p1a: Ceruledge
|-damage|p1a: Ceruledge|0 fnt
|faint|p1a: Ceruledge
|
|upkeep
|inactive|rotored has 90 seconds left.
|
|t:|1776306811
|switch|p1a: Kyurem|Kyurem|100/100
|-ability|p1a: Kyurem|Pressure
|turn|13
|
|t:|1776306818
|move|p2a: Ceruledge|Close Combat|p1a: Kyurem
|-supereffective|p1a: Kyurem
|-damage|p1a: Kyurem|0 fnt
|-unboost|p2a: Ceruledge|def|1
|-unboost|p2a: Ceruledge|spd|1
|faint|p1a: Kyurem
|
|upkeep
|
|t:|1776306824
|switch|p1a: Hatterene|Hatterene, F, shiny|88/100
|turn|14
|inactive|rotored has 90 seconds left.
|
|t:|1776306833
|move|p2a: Ceruledge|Shadow Sneak|p1a: Hatterene
|-supereffective|p1a: Hatterene
|-damage|p1a: Hatterene|0 fnt
|faint|p1a: Hatterene
|
|upkeep
|-message|rotored forfeited.
|
|win|dread_nex
|raw|rotored's rating: 1120 &rarr; <strong>1096</strong><br />(-24 for losing)
|raw|dread_nex's rating: 1127 &rarr; <strong>1151</strong><br />(+24 for winning)
|l|‽rotored
|player|p1|
