|html|<div class="broadcast-blue"><strong>[Gen 9] OU is currently suspecting Tera Blast! For information on how to participate check out the <a href="https://www.smogon.com/tools/suspects/view/200">suspect thread</a>.</strong></div>
|j|☆Hider123
|j|☆Udiggwhatimsayin
|t:|1776224251
|gametype|singles
|player|p1|Hider123|dawn|1317
|player|p2|Udiggwhatimsayin|fantina|1372
|gen|9
|tier|[Gen 9] OU
|rated|
|rule|HP Percentage Mod: HP is shown in percentages
|rule|Endless Battle Clause: Forcing endless battles is banned
|rule|Species Clause: Limit one of each Pokémon
|rule|OHKO Clause: OHKO moves are banned
|rule|Evasion Items Clause: Evasion items are banned
|rule|Evasion Moves Clause: Evasion moves are banned
|rule|Evasion Abilities Clause: Evasion abilities are banned
|rule|Sleep Moves Clause: Sleep-inducing moves are banned
|clearpoke
|poke|p1|Sandy Shocks|
|poke|p1|Ogerpon, F|
|poke|p1|Latios, M|
|poke|p1|Scizor, F|
|poke|p1|Manaphy|
|poke|p1|Iron Jugulis|
|poke|p2|Hoopa-Unbound|
|poke|p2|Zamazenta-*|
|poke|p2|Slowking-Galar, M|
|poke|p2|Cinderace, M|
|poke|p2|Landorus-Therian, M|
|poke|p2|Dragonite, M|
|teampreview
|inactive|Battle timer is ON: inactive players will automatically lose when time's up. (requested by Udiggwhatimsayin)
|
|t:|1776224269
|teamsize|p1|6
|teamsize|p2|6
|start
|switch|p1a: Iron Jugulis|Iron Jugulis|100/100
|switch|p2a: Landorus|Landorus-Therian, M|100/100
|-ability|p2a: Landorus|Intimidate|boost
|-unboost|p1a: Iron Jugulis|atk|1
|-enditem|p1a: Iron Jugulis|Booster Energy
|-activate|p1a: Iron Jugulis|ability: Quark Drive|[fromitem]
|-start|p1a: Iron Jugulis|quarkdrivespe
|turn|1
|
|t:|1776224280
|switch|p2a: Hoopa|Hoopa-Unbound|100/100
|move|p1a: Iron Jugulis|Hurricane|p2a: Hoopa
|-damage|p2a: Hoopa|74/100
|
|upkeep
|turn|2
|
|t:|1776224296
|move|p1a: Iron Jugulis|Dark Pulse|p2a: Hoopa
|-damage|p2a: Hoopa|55/100
|move|p2a: Hoopa|Thunderbolt|p1a: Iron Jugulis
|-supereffective|p1a: Iron Jugulis
|-damage|p1a: Iron Jugulis|5/100
|
|upkeep
|turn|3
|
|t:|1776224303
|move|p1a: Iron Jugulis|Taunt|p2a: Hoopa
|-start|p2a: Hoopa|move: Taunt
|move|p2a: Hoopa|Drain Punch|p1a: Iron Jugulis
|-damage|p1a: Iron Jugulis|0 fnt
|-heal|p2a: Hoopa|57/100|[from] drain|[of] p1a: Iron Jugulis
|faint|p1a: Iron Jugulis
|-end|p1a: Iron Jugulis|Quark Drive|[silent]
|
|upkeep
|
|t:|1776224314
|switch|p1a: Scizor|Scizor, F|100/100
|turn|4
|
|t:|1776224334
|switch|p2a: Landorus|Landorus-Therian, M|100/100
|-ability|p2a: Landorus|Intimidate|boost
|-unboost|p1a: Scizor|atk|1
|move|p1a: Scizor|Swords Dance|p1a: Scizor
|-boost|p1a: Scizor|atk|2
|
|upkeep
|turn|5
|
|t:|1776224342
|move|p2a: Landorus|U-turn|p1a: Scizor
|-resisted|p1a: Scizor
|-damage|p1a: Scizor|89/100
|
|t:|1776224344
|switch|p2a: Cinderace|Cinderace, M|100/100|[from] U-turn
|move|p1a: Scizor|Swords Dance|p1a: Scizor
|-boost|p1a: Scizor|atk|2
|
|upkeep
|turn|6
|
|t:|1776224358
|-terastallize|p1a: Scizor|Fire
|move|p2a: Cinderace|Will-O-Wisp|p1a: Scizor
|-immune|p1a: Scizor
|move|p1a: Scizor|Knock Off|p2a: Cinderace
|-damage|p2a: Cinderace|0 fnt
|-enditem|p2a: Cinderace|Heavy-Duty Boots|[from] move: Knock Off|[of] p1a: Scizor
|faint|p2a: Cinderace
|
|upkeep
|
|t:|1776224383
|switch|p2a: Zamazenta|Zamazenta|100/100
|-ability|p2a: Zamazenta|Dauntless Shield|boost
|-boost|p2a: Zamazenta|def|1
|turn|7
|
|t:|1776224393
|move|p1a: Scizor|Bullet Punch|p2a: Zamazenta
|-damage|p2a: Zamazenta|43/100
|move|p2a: Zamazenta|Stone Edge|p1a: Scizor|[miss]
|-miss|p2a: Zamazenta|p1a: Scizor
|
|upkeep
|turn|8
|
|t:|1776224400
|move|p1a: Scizor|Bullet Punch|p2a: Zamazenta
|-damage|p2a: Zamazenta|0 fnt
|faint|p2a: Zamazenta
|
|upkeep
|
|t:|1776224402
|switch|p2a: Dragonite|Dragonite, M|100/100
|turn|9
|
|t:|1776224407
|-terastallize|p2a: Dragonite|Fire
|move|p2a: Dragonite|Encore|p1a: Scizor
|-start|p1a: Scizor|Encore
|move|p1a: Scizor|Bullet Punch|p2a: Dragonite
|-resisted|p2a: Dragonite
|-crit|p2a: Dragonite
|-damage|p2a: Dragonite|63/100
|
|upkeep
|turn|10
|
|t:|1776224416
|move|p1a: Scizor|Bullet Punch|p2a: Dragonite
|-resisted|p2a: Dragonite
|-crit|p2a: Dragonite
|-damage|p2a: Dragonite|0 fnt
|faint|p2a: Dragonite
|
|upkeep
|-message|Udiggwhatimsayin forfeited.
|
|win|Hider123
|raw|Hider123's rating: 1317 &rarr; <strong>1340</strong><br />(+23 for winning)
|raw|Udiggwhatimsayin's rating: 1372 &rarr; <strong>1349</strong><br />(-23 for losing)
