|html|<div class="broadcast-blue"><strong>[Gen 9] OU is currently suspecting Tera Blast! For information on how to participate check out the <a href="https://www.smogon.com/tools/suspects/view/200">suspect thread</a>.</strong></div>
|j|☆BuffCacture
|j|☆furioelectr0
|t:|1776114639
|gametype|singles
|player|p1|BuffCacture|sailor|1272
|player|p2|furioelectr0|crasherwake|1293
|gen|9
|tier|[Gen 9] OU
|rated|
|rule|HP Percentage Mod: HP is shown in percentages
|rule|Endless Battle Clause: Forcing endless battles is banned
|rule|Species Clause: Limit one of each Pokémon
|rule|OHKO Clause: OHKO moves are banned
|rule|Evasion Items Clause: Evasion items are banned
|rule|Evasion Moves Clause: Evasion moves are banned
|rule|Evasion Abilities Clause: Evasion abilities are banned
|rule|Sleep Moves Clause: Sleep-inducing moves are banned
|clearpoke
|poke|p1|Tinkaton, F|
|poke|p1|Cacturne, M|
|poke|p1|Slowbro, M|
|poke|p1|Rotom-Wash|
|poke|p1|Emboar, M|
|poke|p1|Noctowl, M|
|poke|p2|Garchomp, M|
|poke|p2|Iron Valiant|
|poke|p2|Kingambit, M|
|poke|p2|Dragapult, F|
|poke|p2|Dragonite, M|
|poke|p2|Great Tusk|
|teampreview
|inactive|Battle timer is ON: inactive players will automatically lose when time's up. (requested by BuffCacture)
|c|☆BuffCacture|what a bitch made team u have
|c|☆BuffCacture|imagine being that beta
|
|t:|1776114848
|teamsize|p1|6
|teamsize|p2|6
|start
|switch|p1a: Step_Bro_im_stuck|Rotom-Wash|100/100
|switch|p2a: Garchomp|Garchomp, M|100/100
|turn|1
|
|t:|1776114854
|move|p2a: Garchomp|Stealth Rock|p1a: Step_Bro_im_stuck
|-sidestart|p1: BuffCacture|move: Stealth Rock
|move|p1a: Step_Bro_im_stuck|Will-O-Wisp|p2a: Garchomp
|-status|p2a: Garchomp|brn
|
|-damage|p2a: Garchomp|94/100 brn|[from] brn
|upkeep
|turn|2
|
|t:|1776114862
|move|p2a: Garchomp|Spikes|p1a: Step_Bro_im_stuck
|-sidestart|p1: BuffCacture|Spikes
|move|p1a: Step_Bro_im_stuck|Hydro Pump|p2a: Garchomp
|-damage|p2a: Garchomp|32/100 brn
|
|-damage|p2a: Garchomp|26/100 brn|[from] brn
|upkeep
|turn|3
|
|t:|1776114868
|move|p2a: Garchomp|Spikes|p1a: Step_Bro_im_stuck
|-sidestart|p1: BuffCacture|Spikes
|move|p1a: Step_Bro_im_stuck|Hydro Pump|p2a: Garchomp
|-damage|p2a: Garchomp|0 fnt
|faint|p2a: Garchomp
|
|upkeep
|
|t:|1776114878
|switch|p2a: Iron Valiant|Iron Valiant|100/100
|-enditem|p2a: Iron Valiant|Booster Energy
|-activate|p2a: Iron Valiant|ability: Quark Drive|[fromitem]
|-start|p2a: Iron Valiant|quarkdrivespe
|turn|4
|
|t:|1776114888
|move|p2a: Iron Valiant|Moonblast|p1a: Step_Bro_im_stuck
|-damage|p1a: Step_Bro_im_stuck|56/100
|move|p1a: Step_Bro_im_stuck|Hydro Pump|p2a: Iron Valiant
|-damage|p2a: Iron Valiant|0 fnt
|faint|p2a: Iron Valiant
|-end|p2a: Iron Valiant|Quark Drive|[silent]
|
|-heal|p1a: Step_Bro_im_stuck|62/100|[from] item: Leftovers
|upkeep
|
|t:|1776114894
|switch|p2a: Dragapult|Dragapult, F|100/100
|turn|5
|
|t:|1776114902
|move|p2a: Dragapult|Draco Meteor|p1a: Step_Bro_im_stuck
|-damage|p1a: Step_Bro_im_stuck|0 fnt
|-unboost|p2a: Dragapult|spa|2
|faint|p1a: Step_Bro_im_stuck
|
|upkeep
|
|t:|1776114907
|switch|p1a: Who Who asked?|Noctowl, M, shiny|100/100
|-damage|p1a: Who Who asked?|75/100|[from] Stealth Rock
|turn|6
|
|t:|1776114937
|move|p2a: Dragapult|Draco Meteor|p1a: Who Who asked?
|-damage|p1a: Who Who asked?|44/100
|-unboost|p2a: Dragapult|spa|2
|move|p1a: Who Who asked?|Defog|p2a: Dragapult
|-unboost|p2a: Dragapult|evasion|1
|-sideend|p1: BuffCacture|Spikes|[from] move: Defog|[of] p1a: Who Who asked?
|-sideend|p1: BuffCacture|Stealth Rock|[from] move: Defog|[of] p1a: Who Who asked?
|
|-heal|p1a: Who Who asked?|50/100|[from] item: Leftovers
|upkeep
|turn|7
|
|t:|1776114946
|switch|p2a: Great Tusk|Great Tusk|100/100
|move|p1a: Who Who asked?|Roost|p1a: Who Who asked?
|-heal|p1a: Who Who asked?|99/100
|-singleturn|p1a: Who Who asked?|move: Roost
|
|-heal|p1a: Who Who asked?|100/100|[from] item: Leftovers
|upkeep
|turn|8
|
|t:|1776114963
|move|p2a: Great Tusk|Stone Edge|p1a: Who Who asked?
|-supereffective|p1a: Who Who asked?
|-crit|p1a: Who Who asked?
|-damage|p1a: Who Who asked?|0 fnt
|faint|p1a: Who Who asked?
|
|upkeep
|
|t:|1776114974
|switch|p1a: Conner|Slowbro, M, shiny|100/100
|turn|9
|inactive|furioelectr0 has 120 seconds left.
|
|t:|1776115025
|-end|p2a: Great Tusk|Protosynthesis|[silent]
|switch|p2a: Dragapult|Dragapult, F|100/100
|move|p1a: Conner|Iron Defense|p1a: Conner
|-boost|p1a: Conner|def|2
|
|upkeep
|turn|10
|
|t:|1776115032
|move|p2a: Dragapult|Shadow Ball|p1a: Conner
|-supereffective|p1a: Conner
|-damage|p1a: Conner|25/100
|move|p1a: Conner|Calm Mind|p1a: Conner
|-boost|p1a: Conner|spa|1
|-boost|p1a: Conner|spd|1
|
|upkeep
|turn|11
|
|t:|1776115049
|switch|p1a: Domintrix|Tinkaton, F|100/100
|-ability|p1a: Domintrix|Mold Breaker
|move|p2a: Dragapult|Shadow Ball|p1a: Domintrix
|-crit|p1a: Domintrix
|-damage|p1a: Domintrix|38/100
|
|upkeep
|turn|12
|inactive|furioelectr0 has 120 seconds left.
|
|t:|1776115067
|move|p2a: Dragapult|Shadow Ball|p1a: Domintrix
|-damage|p1a: Domintrix|0 fnt
|faint|p1a: Domintrix
|
|upkeep
|
|t:|1776115075
|switch|p1a: Buff Cacture|Cacturne, M|100/100
|turn|13
|inactive|furioelectr0 has 120 seconds left.
|
|t:|1776115094
|switch|p2a: Dragonite|Dragonite, M|100/100
|move|p1a: Buff Cacture|Swords Dance|p1a: Buff Cacture
|-boost|p1a: Buff Cacture|atk|2
|
|upkeep
|turn|14
|
|t:|1776115101
|move|p2a: Dragonite|Aerial Ace|p1a: Buff Cacture
|-supereffective|p1a: Buff Cacture
|-enditem|p1a: Buff Cacture|Focus Sash
|-damage|p1a: Buff Cacture|1/100
|move|p1a: Buff Cacture|Counter|p2a: Dragonite
|-damage|p2a: Dragonite|0 fnt
|faint|p2a: Dragonite
|
|upkeep
|inactive|furioelectr0 has 120 seconds left.
|
|t:|1776115107
|switch|p2a: Great Tusk|Great Tusk|100/100
|turn|15
|
|t:|1776115116
|move|p1a: Buff Cacture|Sucker Punch|p2a: Great Tusk
|-resisted|p2a: Great Tusk
|-damage|p2a: Great Tusk|75/100
|move|p2a: Great Tusk|Headlong Rush|p1a: Buff Cacture
|-resisted|p1a: Buff Cacture
|-damage|p1a: Buff Cacture|0 fnt
|-unboost|p2a: Great Tusk|def|1
|-unboost|p2a: Great Tusk|spd|1
|faint|p1a: Buff Cacture
|
|upkeep
|
|t:|1776115126
|switch|p1a: Conner|Slowbro, M, shiny|59/100
|turn|16
|inactive|furioelectr0 has 120 seconds left.
|
|t:|1776115172
|move|p2a: Great Tusk|Headlong Rush|p1a: Conner
|-damage|p1a: Conner|9/100
|-unboost|p2a: Great Tusk|def|1
|-unboost|p2a: Great Tusk|spd|1
|move|p1a: Conner|Calm Mind|p1a: Conner
|-boost|p1a: Conner|spa|1
|-boost|p1a: Conner|spd|1
|
|upkeep
|turn|17
|-message|BuffCacture forfeited.
|
|win|furioelectr0
|raw|BuffCacture's rating: 1272 &rarr; <strong>1249</strong><br />(-23 for losing)
|raw|furioelectr0's rating: 1293 &rarr; <strong>1316</strong><br />(+23 for winning)
|l|☆BuffCacture
|player|p1|
|l|☆furioelectr0
|player|p2|
