|html|<div class="broadcast-blue"><strong>[Gen 9] OU is currently suspecting Tera Blast! For information on how to participate check out the <a href="https://www.smogon.com/tools/suspects/view/200">suspect thread</a>.</strong></div>
|j|☆Bkrup123
|j|☆sharkerthantheteal
|t:|1776209957
|gametype|singles
|player|p1|Bkrup123|fisherman-gen4|1100
|player|p2|sharkerthantheteal|cynthia-gen4|1117
|gen|9
|tier|[Gen 9] OU
|rated|
|rule|HP Percentage Mod: HP is shown in percentages
|rule|Endless Battle Clause: Forcing endless battles is banned
|rule|Species Clause: Limit one of each Pokémon
|rule|OHKO Clause: OHKO moves are banned
|rule|Evasion Items Clause: Evasion items are banned
|rule|Evasion Moves Clause: Evasion moves are banned
|rule|Evasion Abilities Clause: Evasion abilities are banned
|rule|Sleep Moves Clause: Sleep-inducing moves are banned
|clearpoke
|poke|p1|Blastoise, M|
|poke|p1|Heatran, F|
|poke|p1|Corviknight, M|
|poke|p1|Gengar, M|
|poke|p1|Dragonite, M|
|poke|p1|Iron Valiant|
|poke|p2|Hatterene, F|
|poke|p2|Diancie|
|poke|p2|Ursaluna, F|
|poke|p2|Iron Hands|
|poke|p2|Azumarill, M|
|poke|p2|Armarouge, M|
|teampreview
|
|t:|1776209960
|teamsize|p1|6
|teamsize|p2|6
|start
|switch|p1a: Dragonite|Dragonite, M|100/100
|switch|p2a: Hatterene|Hatterene, F|100/100
|turn|1
|
|t:|1776209972
|move|p1a: Dragonite|Fire Punch|p2a: Hatterene
|-damage|p2a: Hatterene|70/100
|move|p2a: Hatterene|Trick Room|p2a: Hatterene
|-fieldstart|move: Trick Room|[of] p2a: Hatterene
|
|upkeep
|turn|2
|
|t:|1776209981
|switch|p1a: Corviknight|Corviknight, M|100/100
|move|p2a: Hatterene|Psychic Terrain|p2a: Hatterene
|-fieldstart|move: Psychic Terrain
|
|upkeep
|turn|3
|
|t:|1776209988
|move|p2a: Hatterene|Healing Wish|p2a: Hatterene
|faint|p2a: Hatterene
|move|p1a: Corviknight|Steel Wing|p2: Hatterene|[notarget]
|-fail|p1a: Corviknight
|
|upkeep
|
|t:|1776209992
|switch|p2a: Armarouge|Armarouge, M|100/100
|turn|4
|
|t:|1776209998
|move|p2a: Armarouge|Armor Cannon|p1a: Corviknight
|-supereffective|p1a: Corviknight
|-damage|p1a: Corviknight|0 fnt
|-unboost|p2a: Armarouge|def|1
|-unboost|p2a: Armarouge|spd|1
|faint|p1a: Corviknight
|
|upkeep
|
|t:|1776210011
|switch|p1a: Blastoise|Blastoise, M|100/100
|turn|5
|
|t:|1776210016
|-terastallize|p2a: Armarouge|Psychic
|move|p2a: Armarouge|Expanding Force|p1a: Blastoise
|-damage|p1a: Blastoise|1/100
|move|p1a: Blastoise|Flip Turn|p2a: Armarouge
|-damage|p2a: Armarouge|67/100
|
|t:|1776210027
|switch|p1a: Iron Valiant|Iron Valiant|100/100|[from] Flip Turn
|
|-fieldend|move: Trick Room
|upkeep
|turn|6
|
|t:|1776210035
|move|p1a: Iron Valiant|Moonblast|p2a: Armarouge
|-damage|p2a: Armarouge|0 fnt
|faint|p2a: Armarouge
|
|-fieldend|move: Psychic Terrain
|upkeep
|
|t:|1776210042
|switch|p2a: Diancie|Diancie|100/100
|turn|7
|
|t:|1776210049
|move|p1a: Iron Valiant|Moonblast|p2a: Diancie
|-damage|p2a: Diancie|64/100
|move|p2a: Diancie|Trick Room|p2a: Diancie
|-fieldstart|move: Trick Room|[of] p2a: Diancie
|
|upkeep
|turn|8
|
|t:|1776210059
|-end|p1a: Iron Valiant|Quark Drive|[silent]
|switch|p1a: Gengar|Gengar, M|100/100
|move|p2a: Diancie|Amnesia|p2a: Diancie
|-boost|p2a: Diancie|spd|2
|
|upkeep
|turn|9
|
|t:|1776210069
|move|p2a: Diancie|Diamond Storm|p1a: Gengar
|-damage|p1a: Gengar|13/100
|-boost|p2a: Diancie|def|2
|move|p1a: Gengar|Focus Blast|p2a: Diancie
|-damage|p2a: Diancie|43/100
|-damage|p1a: Gengar|3/100|[from] item: Life Orb
|
|upkeep
|turn|10
|
|t:|1776210084
|switch|p1a: Dragonite|Dragonite, M|100/100
|move|p2a: Diancie|Amnesia|p2a: Diancie
|-boost|p2a: Diancie|spd|2
|
|upkeep
|turn|11
|
|t:|1776210091
|move|p2a: Diancie|Diamond Storm|p1a: Dragonite
|-supereffective|p1a: Dragonite
|-damage|p1a: Dragonite|45/100
|move|p1a: Dragonite|Earthquake|p2a: Diancie
|-supereffective|p2a: Diancie
|-damage|p2a: Diancie|14/100
|
|-fieldend|move: Trick Room
|upkeep
|turn|12
|
|t:|1776210107
|switch|p1a: Heatran|Heatran, F|100/100
|move|p2a: Diancie|Trick Room|p2a: Diancie
|-fieldstart|move: Trick Room|[of] p2a: Diancie
|
|upkeep
|turn|13
|
|t:|1776210119
|move|p2a: Diancie|Body Press|p1a: Heatran
|-supereffective|p1a: Heatran
|-crit|p1a: Heatran
|-damage|p1a: Heatran|0 fnt
|faint|p1a: Heatran
|
|upkeep
|
|t:|1776210124
|switch|p1a: Blastoise|Blastoise, M|1/100
|turn|14
|
|t:|1776210128
|move|p2a: Diancie|Diamond Storm|p1a: Blastoise
|-damage|p1a: Blastoise|0 fnt
|faint|p1a: Blastoise
|
|upkeep
|
|t:|1776210133
|switch|p1a: Dragonite|Dragonite, M|45/100
|turn|15
|
|t:|1776210139
|move|p2a: Diancie|Diamond Storm|p1a: Dragonite
|-supereffective|p1a: Dragonite
|-damage|p1a: Dragonite|0 fnt
|faint|p1a: Dragonite
|
|upkeep
|
|t:|1776210144
|switch|p1a: Iron Valiant|Iron Valiant|100/100
|turn|16
|
|t:|1776210164
|move|p2a: Diancie|Body Press|p1a: Iron Valiant
|-resisted|p1a: Iron Valiant
|-damage|p1a: Iron Valiant|68/100
|move|p1a: Iron Valiant|Thunderbolt|p2a: Diancie
|-damage|p2a: Diancie|6/100
|
|-fieldend|move: Trick Room
|upkeep
|turn|17
|
|t:|1776210173
|-terastallize|p1a: Iron Valiant|Fairy
|move|p1a: Iron Valiant|Thunderbolt|p2a: Diancie
|-damage|p2a: Diancie|0 fnt
|faint|p2a: Diancie
|
|upkeep
|
|t:|1776210181
|switch|p2a: Azumarill|Azumarill, M|100/100
|turn|18
|
|t:|1776210190
|move|p2a: Azumarill|Aqua Jet|p1a: Iron Valiant
|-damage|p1a: Iron Valiant|25/100
|move|p1a: Iron Valiant|Thunderbolt|p2a: Azumarill
|-supereffective|p2a: Azumarill
|-damage|p2a: Azumarill|45/100
|
|upkeep
|turn|19
|
|t:|1776210199
|move|p2a: Azumarill|Aqua Jet|p1a: Iron Valiant
|-damage|p1a: Iron Valiant|0 fnt
|faint|p1a: Iron Valiant
|-end|p1a: Iron Valiant|Quark Drive|[silent]
|
|upkeep
|
|t:|1776210203
|switch|p1a: Gengar|Gengar, M|3/100
|turn|20
|c|☆sharkerthantheteal|gg
|
|t:|1776210216
|move|p2a: Azumarill|Aqua Jet|p1a: Gengar
|-damage|p1a: Gengar|0 fnt
|faint|p1a: Gengar
|
|win|sharkerthantheteal
|raw|Bkrup123's rating: 1100 &rarr; <strong>1076</strong><br />(-24 for losing)
|raw|sharkerthantheteal's rating: 1117 &rarr; <strong>1141</strong><br />(+24 for winning)
