|html|<div class="broadcast-blue"><strong>[Gen 9] OU is currently suspecting Tera Blast! For information on how to participate check out the <a href="https://www.smogon.com/tools/suspects/view/200">suspect thread</a>.</strong></div>
|j|☆Luceo
|j|☆Arabesque No.1
|t:|1776043354
|gametype|singles
|player|p1|Luceo|cynthia-masters4|1375
|player|p2|Arabesque No.1|bea|1398
|gen|9
|tier|[Gen 9] OU
|rated|
|rule|HP Percentage Mod: HP is shown in percentages
|rule|Endless Battle Clause: Forcing endless battles is banned
|rule|Species Clause: Limit one of each Pokémon
|rule|OHKO Clause: OHKO moves are banned
|rule|Evasion Items Clause: Evasion items are banned
|rule|Evasion Moves Clause: Evasion moves are banned
|rule|Evasion Abilities Clause: Evasion abilities are banned
|rule|Sleep Moves Clause: Sleep-inducing moves are banned
|clearpoke
|poke|p1|Sandy Shocks|
|poke|p1|Scizor, M|
|poke|p1|Manaphy|
|poke|p1|Latios, M|
|poke|p1|Ogerpon, F|
|poke|p1|Iron Jugulis|
|poke|p2|Ogerpon-Cornerstone, F|
|poke|p2|Iron Moth|
|poke|p2|Ceruledge, M|
|poke|p2|Rillaboom, M|
|poke|p2|Iron Hands|
|poke|p2|Kingambit, M|
|teampreview
|inactive|Battle timer is ON: inactive players will automatically lose when time's up. (requested by Arabesque No.1)
|inactive|Luceo also wants the timer to be on.
|
|t:|1776043376
|teamsize|p1|6
|teamsize|p2|6
|start
|switch|p1a: Sandy Shocks|Sandy Shocks|100/100
|switch|p2a: Ogerpon|Ogerpon-Cornerstone, F|100/100
|-enditem|p1a: Sandy Shocks|Booster Energy
|-activate|p1a: Sandy Shocks|ability: Protosynthesis|[fromitem]
|-start|p1a: Sandy Shocks|protosynthesisspe
|turn|1
|
|t:|1776043387
|move|p1a: Sandy Shocks|Stealth Rock|p2a: Ogerpon
|-sidestart|p2: Arabesque No.1|move: Stealth Rock
|move|p2a: Ogerpon|Power Whip|p1a: Sandy Shocks
|-supereffective|p1a: Sandy Shocks
|-damage|p1a: Sandy Shocks|0 fnt
|faint|p1a: Sandy Shocks
|-end|p1a: Sandy Shocks|Protosynthesis|[silent]
|
|upkeep
|inactive|Luceo has 120 seconds left.
|inactive|Luceo has 90 seconds left.
|
|t:|1776043447
|switch|p1a: Scizor|Scizor, M|100/100
|turn|2
|
|t:|1776043453
|move|p2a: Ogerpon|Ivy Cudgel|p1a: Scizor|[anim] Ivy Cudgel Rock
|-damage|p1a: Scizor|45/100
|-enditem|p1a: Scizor|Sitrus Berry|[eat]
|-heal|p1a: Scizor|70/100|[from] item: Sitrus Berry
|move|p1a: Scizor|Swords Dance|p1a: Scizor
|-boost|p1a: Scizor|atk|2
|
|upkeep
|turn|3
|
|t:|1776043466
|move|p1a: Scizor|Bullet Punch|p2a: Ogerpon
|-supereffective|p2a: Ogerpon
|-ability|p2a: Ogerpon|Sturdy
|-damage|p2a: Ogerpon|1/100
|move|p2a: Ogerpon|Ivy Cudgel|p1a: Scizor|[anim] Ivy Cudgel Rock
|-crit|p1a: Scizor
|-damage|p1a: Scizor|0 fnt
|faint|p1a: Scizor
|
|upkeep
|inactive|Luceo has 90 seconds left.
|
|t:|1776043516
|switch|p1a: Iron Jugulis|Iron Jugulis|100/100
|-enditem|p1a: Iron Jugulis|Booster Energy
|-activate|p1a: Iron Jugulis|ability: Quark Drive|[fromitem]
|-start|p1a: Iron Jugulis|quarkdrivespe
|turn|4
|
|t:|1776043530
|move|p1a: Iron Jugulis|Dark Pulse|p2a: Ogerpon
|-damage|p2a: Ogerpon|0 fnt
|faint|p2a: Ogerpon
|
|upkeep
|
|t:|1776043538
|switch|p2a: Iron Hands|Iron Hands|100/100
|-damage|p2a: Iron Hands|94/100|[from] Stealth Rock
|turn|5
|inactive|Luceo has 90 seconds left.
|
|t:|1776043559
|move|p1a: Iron Jugulis|Earth Power|p2a: Iron Hands
|-supereffective|p2a: Iron Hands
|-damage|p2a: Iron Hands|33/100
|move|p2a: Iron Hands|Wild Charge|p1a: Iron Jugulis
|-supereffective|p1a: Iron Jugulis
|-damage|p1a: Iron Jugulis|0 fnt
|faint|p1a: Iron Jugulis
|-end|p1a: Iron Jugulis|Quark Drive|[silent]
|-damage|p2a: Iron Hands|15/100|[from] Recoil
|
|-heal|p2a: Iron Hands|21/100|[from] item: Leftovers
|upkeep
|
|t:|1776043563
|switch|p1a: Latios|Latios, M|100/100
|turn|6
|inactive|Luceo has 90 seconds left.
|l|☆Luceo
|inactive|Luceo disconnected and has a minute to reconnect!
|player|p1|
|inactive|Luceo has 30 seconds to reconnect!
|inactive|Luceo has 20 seconds to reconnect!
|inactive|Luceo has 15 seconds to reconnect!
|inactive|Luceo has 10 seconds to reconnect!
|j|☆Luceo
|inactive|Luceo reconnected and has 25 seconds left.
|player|p1|Luceo|cynthia-masters4|
|inactive|Luceo has 20 seconds left.
|
|t:|1776043640
|move|p1a: Latios|Calm Mind|p1a: Latios
|-boost|p1a: Latios|spa|1
|-boost|p1a: Latios|spd|1
|move|p2a: Iron Hands|Ice Punch|p1a: Latios
|-supereffective|p1a: Latios
|-damage|p1a: Latios|40/100
|-enditem|p1a: Latios|Weakness Policy
|-boost|p1a: Latios|atk|2|[from] item: Weakness Policy
|-boost|p1a: Latios|spa|2|[from] item: Weakness Policy
|
|-heal|p2a: Iron Hands|27/100|[from] item: Leftovers
|upkeep
|turn|7
|inactive|Luceo has 30 seconds left this turn.
|
|t:|1776043653
|move|p1a: Latios|Stored Power|p2a: Iron Hands
|-supereffective|p2a: Iron Hands
|-crit|p2a: Iron Hands
|-damage|p2a: Iron Hands|0 fnt
|faint|p2a: Iron Hands
|-end|p2a: Iron Hands|Quark Drive|[silent]
|
|upkeep
|
|t:|1776043665
|switch|p2a: Iron Moth|Iron Moth|100/100
|-damage|p2a: Iron Moth|76/100|[from] Stealth Rock
|-enditem|p2a: Iron Moth|Booster Energy
|-activate|p2a: Iron Moth|ability: Quark Drive|[fromitem]
|-start|p2a: Iron Moth|quarkdrivespe
|turn|8
|
|t:|1776043670
|-terastallize|p2a: Iron Moth|Fairy
|move|p2a: Iron Moth|Dazzling Gleam|p1a: Latios
|-supereffective|p1a: Latios
|-damage|p1a: Latios|0 fnt
|faint|p1a: Latios
|
|upkeep
|
|t:|1776043678
|switch|p1a: Ogerpon|Ogerpon, F|100/100
|turn|9
|
|t:|1776043681
|move|p2a: Iron Moth|Fiery Dance|p1a: Ogerpon
|-supereffective|p1a: Ogerpon
|-damage|p1a: Ogerpon|11/100
|move|p1a: Ogerpon|Rock Tomb|p2a: Iron Moth
|-damage|p2a: Iron Moth|47/100
|-unboost|p2a: Iron Moth|spe|1
|
|upkeep
|turn|10
|inactive|Luceo has 60 seconds left.
|
|t:|1776043690
|move|p1a: Ogerpon|Ivy Cudgel|p2a: Iron Moth
|-damage|p2a: Iron Moth|0 fnt
|faint|p2a: Iron Moth
|-end|p2a: Iron Moth|Quark Drive|[silent]
|
|upkeep
|
|t:|1776043695
|switch|p2a: Rillaboom|Rillaboom, M|100/100
|-damage|p2a: Rillaboom|88/100|[from] Stealth Rock
|-fieldstart|move: Grassy Terrain|[from] ability: Grassy Surge|[of] p2a: Rillaboom
|turn|11
|
|t:|1776043700
|move|p2a: Rillaboom|Grassy Glide|p1a: Ogerpon
|-resisted|p1a: Ogerpon
|-damage|p1a: Ogerpon|0 fnt
|faint|p1a: Ogerpon
|-damage|p2a: Rillaboom|78/100|[from] item: Life Orb
|
|-heal|p2a: Rillaboom|84/100|[from] Grassy Terrain
|upkeep
|
|t:|1776043702
|switch|p1a: Manaphy|Manaphy|100/100
|turn|12
|
|t:|1776043711
|-terastallize|p1a: Manaphy|Grass
|move|p1a: Manaphy|Ice Beam|p2a: Rillaboom
|-supereffective|p2a: Rillaboom
|-damage|p2a: Rillaboom|18/100
|move|p2a: Rillaboom|Knock Off|p1a: Manaphy
|-damage|p1a: Manaphy|57/100
|-enditem|p1a: Manaphy|Sitrus Berry|[from] move: Knock Off|[of] p2a: Rillaboom
|-damage|p2a: Rillaboom|8/100|[from] item: Life Orb
|
|-heal|p1a: Manaphy|63/100|[from] Grassy Terrain
|-heal|p2a: Rillaboom|14/100|[from] Grassy Terrain
|upkeep
|turn|13
|-message|Luceo forfeited.
|inactive|Luceo has 90 seconds left.
|
|win|Arabesque No.1
|raw|Luceo's rating: 1375 &rarr; <strong>1356</strong><br />(-19 for losing)
|raw|Arabesque No.1's rating: 1398 &rarr; <strong>1417</strong><br />(+19 for winning)
|l|☆Luceo
|player|p1|
|l|☆Arabesque No.1
|player|p2|
