|html|<div class="broadcast-blue"><strong>[Gen 9] OU is currently suspecting Volcarona! For information on how to participate check out the <a href="https://www.smogon.com/tools/suspects/view/208">suspect thread</a>.</strong></div>
|j|☆KenjiShiguma
|j|☆DoraaaAjj
|t:|1778502664
|gametype|singles
|player|p1|KenjiShiguma|pokemonbreeder-gen4|1173
|player|p2|DoraaaAjj|n|1159
|gen|9
|tier|[Gen 9] OU
|rated|
|rule|HP Percentage Mod: HP is shown in percentages
|rule|Endless Battle Clause: Forcing endless battles is banned
|rule|Species Clause: Limit one of each Pokémon
|rule|OHKO Clause: OHKO moves are banned
|rule|Evasion Items Clause: Evasion items are banned
|rule|Evasion Moves Clause: Evasion moves are banned
|rule|Evasion Abilities Clause: Evasion abilities are banned
|rule|Sleep Moves Clause: Sleep-inducing moves are banned
|clearpoke
|poke|p1|Exeggutor, M|
|poke|p1|Torkoal, M|
|poke|p1|Farigiraf, F|
|poke|p1|Primeape, M|
|poke|p1|Furret, F|
|poke|p1|Skuntank, M|
|poke|p2|Dragonite, F|
|poke|p2|Gastrodon, M|
|poke|p2|Corviknight, M|
|poke|p2|Gliscor, M|
|poke|p2|Dondozo, F|
|poke|p2|Rotom-Wash|
|teampreview
|
|t:|1778502676
|teamsize|p1|6
|teamsize|p2|6
|start
|switch|p1a: Furret|Furret, F|100/100
|switch|p2a: Gliscor|Gliscor, M|100/100
|-item|p2a: Gliscor|Toxic Orb|[from] ability: Frisk|[of] p1a: Furret
|turn|1
|
|t:|1778502684
|move|p1a: Furret|Trick|p2a: Gliscor
|-activate|p1a: Furret|move: Trick|[of] p2a: Gliscor
|-item|p2a: Gliscor|Choice Scarf|[from] move: Trick
|-item|p1a: Furret|Toxic Orb|[from] move: Trick
|move|p2a: Gliscor|Earthquake|p1a: Furret
|-damage|p1a: Furret|58/100
|
|-status|p1a: Furret|tox|[from] item: Toxic Orb
|upkeep
|turn|2
|
|t:|1778502693
|move|p2a: Gliscor|Earthquake|p1a: Furret
|-damage|p1a: Furret|16/100 tox
|move|p1a: Furret|Super Fang|p2a: Gliscor
|-damage|p2a: Gliscor|50/100
|
|-damage|p1a: Furret|10/100 tox|[from] psn
|upkeep
|turn|3
|
|t:|1778502703
|switch|p1a: Exeggutor|Exeggutor, M|100/100
|move|p2a: Gliscor|Earthquake|p1a: Exeggutor
|-resisted|p1a: Exeggutor
|-damage|p1a: Exeggutor|84/100
|
|upkeep
|turn|4
|
|t:|1778502712
|switch|p2a: Rotom|Rotom-Wash|100/100
|move|p1a: Exeggutor|Trick Room|p1a: Exeggutor
|-fieldstart|move: Trick Room|[of] p1a: Exeggutor
|
|upkeep
|turn|5
|
|t:|1778502722
|move|p1a: Exeggutor|Growth|p1a: Exeggutor
|-boost|p1a: Exeggutor|atk|1
|-boost|p1a: Exeggutor|spa|1
|move|p2a: Rotom|Hydro Pump|p1a: Exeggutor
|-resisted|p1a: Exeggutor
|-damage|p1a: Exeggutor|61/100
|
|upkeep
|turn|6
|
|t:|1778502730
|move|p1a: Exeggutor|Giga Drain|p2a: Rotom
|-supereffective|p2a: Rotom
|-damage|p2a: Rotom|0 fnt
|-heal|p1a: Exeggutor|99/100|[from] drain|[of] p2a: Rotom
|faint|p2a: Rotom
|
|upkeep
|
|t:|1778502747
|switch|p2a: Corviknight|Corviknight, M, shiny|100/100
|-ability|p2a: Corviknight|Pressure
|turn|7
|
|t:|1778502759
|switch|p1a: Skuntank|Skuntank, M|100/100
|move|p2a: Corviknight|U-turn|p1a: Skuntank
|-damage|p1a: Skuntank|86/100
|-damage|p2a: Corviknight|84/100|[from] item: Rocky Helmet|[of] p1a: Skuntank
|
|t:|1778502766
|switch|p2a: Gliscor|Gliscor, M|50/100|[from] U-turn
|
|upkeep
|turn|8
|
|t:|1778502773
|move|p1a: Skuntank|Endure|p1a: Skuntank
|-singleturn|p1a: Skuntank|move: Endure
|move|p2a: Gliscor|Spikes|p1a: Skuntank
|-sidestart|p1: KenjiShiguma|Spikes
|
|-fieldend|move: Trick Room
|upkeep
|turn|9
|
|t:|1778502785
|switch|p2a: Corviknight|Corviknight, M, shiny|84/100
|-ability|p2a: Corviknight|Pressure
|switch|p1a: Torkoal|Torkoal, M|100/100
|-damage|p1a: Torkoal|88/100|[from] Spikes
|-weather|SunnyDay|[from] ability: Drought|[of] p1a: Torkoal
|
|-weather|SunnyDay|[upkeep]
|upkeep
|turn|10
|
|t:|1778502797
|move|p2a: Corviknight|U-turn|p1a: Torkoal
|-resisted|p1a: Torkoal
|-damage|p1a: Torkoal|83/100
|
|t:|1778502801
|switch|p2a: Gastrodon|Gastrodon, M|100/100|[from] U-turn
|move|p1a: Torkoal|Solar Beam||[still]
|-prepare|p1a: Torkoal|Solar Beam
|-anim|p1a: Torkoal|Solar Beam|p2a: Gastrodon
|-supereffective|p2a: Gastrodon
|-damage|p2a: Gastrodon|0 fnt
|faint|p2a: Gastrodon
|
|-weather|SunnyDay|[upkeep]
|upkeep
|
|t:|1778502814
|switch|p2a: Gliscor|Gliscor, M|50/100
|turn|11
|
|t:|1778502825
|switch|p1a: Furret|Furret, F|10/100 tox
|-damage|p1a: Furret|0 fnt|[from] Spikes
|faint|p1a: Furret
|move|p2a: Gliscor|Earthquake|p1: Furret|[notarget]
|-fail|p2a: Gliscor
|
|-weather|SunnyDay|[upkeep]
|upkeep
|
|t:|1778502834
|switch|p1a: Exeggutor|Exeggutor, M|99/100
|-damage|p1a: Exeggutor|88/100|[from] Spikes
|turn|12
|
|t:|1778502839
|switch|p2a: Corviknight|Corviknight, M, shiny|84/100
|-ability|p2a: Corviknight|Pressure
|move|p1a: Exeggutor|Growth|p1a: Exeggutor
|-boost|p1a: Exeggutor|atk|2
|-boost|p1a: Exeggutor|spa|2
|
|-weather|SunnyDay|[upkeep]
|upkeep
|turn|13
|
|t:|1778502848
|-terastallize|p1a: Exeggutor|Water
|move|p2a: Corviknight|U-turn|p1a: Exeggutor
|-damage|p1a: Exeggutor|73/100
|
|t:|1778502858
|switch|p2a: Gliscor|Gliscor, M|50/100|[from] U-turn
|move|p1a: Exeggutor|Growth|p1a: Exeggutor
|-boost|p1a: Exeggutor|atk|2
|-boost|p1a: Exeggutor|spa|2
|
|-weather|none
|upkeep
|turn|14
|
|t:|1778502867
|move|p2a: Gliscor|Toxic|p1a: Exeggutor
|-status|p1a: Exeggutor|tox
|move|p1a: Exeggutor|Trick Room|p1a: Exeggutor
|-fieldstart|move: Trick Room|[of] p1a: Exeggutor
|
|-damage|p1a: Exeggutor|67/100 tox|[from] psn
|upkeep
|turn|15
|
|t:|1778502882
|switch|p2a: Corviknight|Corviknight, M, shiny|84/100
|-ability|p2a: Corviknight|Pressure
|move|p1a: Exeggutor|Giga Drain|p2a: Corviknight
|-resisted|p2a: Corviknight
|-damage|p2a: Corviknight|56/100
|-heal|p1a: Exeggutor|81/100 tox|[from] drain|[of] p2a: Corviknight
|
|-damage|p1a: Exeggutor|69/100 tox|[from] psn
|upkeep
|turn|16
|
|t:|1778502894
|move|p1a: Exeggutor|Stored Power|p2a: Corviknight
|-resisted|p2a: Corviknight
|-damage|p2a: Corviknight|0 fnt
|faint|p2a: Corviknight
|
|-damage|p1a: Exeggutor|51/100 tox|[from] psn
|upkeep
|
|t:|1778502904
|switch|p2a: Dragonite|Dragonite, F, shiny|100/100
|turn|17
|
|t:|1778502917
|-terastallize|p2a: Dragonite|Normal
|move|p1a: Exeggutor|Stored Power|p2a: Dragonite
|-damage|p2a: Dragonite|0 fnt
|faint|p2a: Dragonite
|
|-damage|p1a: Exeggutor|26/100 tox|[from] psn
|upkeep
|-enditem|p1a: Exeggutor|Sitrus Berry|[eat]
|-heal|p1a: Exeggutor|51/100 tox|[from] item: Sitrus Berry
|-message|DoraaaAjj forfeited.
|
|win|KenjiShiguma
|raw|KenjiShiguma's rating: 1173 &rarr; <strong>1197</strong><br />(+24 for winning)
|raw|DoraaaAjj's rating: 1159 &rarr; <strong>1135</strong><br />(-24 for losing)
|l|☆DoraaaAjj
|player|p2|
|l|☆KenjiShiguma
|player|p1|
