|html|<div class="broadcast-blue"><strong>[Gen 9] OU is currently suspecting Tera Blast! For information on how to participate check out the <a href="https://www.smogon.com/tools/suspects/view/200">suspect thread</a>.</strong></div>
|j|☆UR FUKN RAPlST692
|j|☆swagpothecary
|t:|1776170973
|gametype|singles
|player|p1|UR FUKN RAPlST692|265|1040
|player|p2|swagpothecary|266|1032
|gen|9
|tier|[Gen 9] OU
|rated|
|rule|HP Percentage Mod: HP is shown in percentages
|rule|Endless Battle Clause: Forcing endless battles is banned
|rule|Species Clause: Limit one of each Pokémon
|rule|OHKO Clause: OHKO moves are banned
|rule|Evasion Items Clause: Evasion items are banned
|rule|Evasion Moves Clause: Evasion moves are banned
|rule|Evasion Abilities Clause: Evasion abilities are banned
|rule|Sleep Moves Clause: Sleep-inducing moves are banned
|clearpoke
|poke|p1|Grimmsnarl, M|
|poke|p1|Hariyama, F|
|poke|p1|Iron Hands|
|poke|p1|Kingambit, F|
|poke|p1|Enamorus-Therian, F|
|poke|p1|Slowbro-Galar, F|
|poke|p2|Clefable, M|
|poke|p2|Kingambit, F|
|poke|p2|Pecharunt|
|poke|p2|Walking Wake|
|poke|p2|Gliscor, M|
|poke|p2|Ogerpon-Cornerstone, F|
|teampreview
|
|t:|1776170979
|teamsize|p1|6
|teamsize|p2|6
|start
|switch|p1a: Grimmsnarl|Grimmsnarl, M, shiny|100/100
|switch|p2a: Ogerpon|Ogerpon-Cornerstone, F|100/100
|turn|1
|
|t:|1776170998
|move|p1a: Grimmsnarl|Reflect|p1a: Grimmsnarl
|-sidestart|p1: UR FUKN RAPlST692|Reflect
|move|p2a: Ogerpon|Ivy Cudgel|p1a: Grimmsnarl|[anim] Ivy Cudgel Rock
|-damage|p1a: Grimmsnarl|79/100
|
|upkeep
|turn|2
|
|t:|1776171004
|move|p1a: Grimmsnarl|Light Screen|p1a: Grimmsnarl
|-sidestart|p1: UR FUKN RAPlST692|move: Light Screen
|move|p2a: Ogerpon|Spikes|p1a: Grimmsnarl
|-sidestart|p1: UR FUKN RAPlST692|Spikes
|
|upkeep
|turn|3
|
|t:|1776171009
|switch|p1a: Hariyama|Hariyama, F|100/100
|-damage|p1a: Hariyama|88/100|[from] Spikes
|move|p2a: Ogerpon|Spiky Shield||[still]
|-fail|p2a: Ogerpon
|
|upkeep
|turn|4
|
|t:|1776171028
|switch|p2a: Gliscor|Gliscor, M|100/100
|move|p1a: Hariyama|Bulk Up|p1a: Hariyama
|-boost|p1a: Hariyama|atk|1
|-boost|p1a: Hariyama|def|1
|
|-status|p2a: Gliscor|tox|[from] item: Toxic Orb
|upkeep
|turn|5
|-activate|p1a: Hariyama|item: Quick Claw
|
|t:|1776171038
|move|p1a: Hariyama|Ice Punch|p2a: Gliscor
|-supereffective|p2a: Gliscor
|-damage|p2a: Gliscor|0 fnt
|faint|p2a: Gliscor
|
|upkeep
|
|t:|1776171045
|switch|p2a: Kingambit|Kingambit, F|100/100
|-activate|p2a: Kingambit|ability: Supreme Overlord
|-start|p2a: Kingambit|fallen1|[silent]
|turn|6
|
|t:|1776171056
|move|p2a: Kingambit|Poison Jab|p1a: Hariyama
|-damage|p1a: Hariyama|73/100
|-damage|p2a: Kingambit|91/100|[from] item: Life Orb
|move|p1a: Hariyama|Bulk Up|p1a: Hariyama
|-boost|p1a: Hariyama|atk|1
|-boost|p1a: Hariyama|def|1
|
|upkeep
|turn|7
|
|t:|1776171069
|move|p2a: Kingambit|Poison Jab|p1a: Hariyama
|-damage|p1a: Hariyama|61/100
|-damage|p2a: Kingambit|81/100|[from] item: Life Orb
|move|p1a: Hariyama|Close Combat|p2a: Kingambit
|-supereffective|p2a: Kingambit
|-crit|p2a: Kingambit
|-damage|p2a: Kingambit|0 fnt
|-unboost|p1a: Hariyama|def|1
|-unboost|p1a: Hariyama|spd|1
|faint|p2a: Kingambit
|-end|p2a: Kingambit|fallen1|[silent]
|
|upkeep
|
|t:|1776171081
|switch|p2a: Pecharunt|Pecharunt|100/100
|-item|p2a: Pecharunt|Air Balloon
|turn|8
|
|t:|1776171090
|move|p2a: Pecharunt|Malignant Chain|p1a: Hariyama
|-damage|p1a: Hariyama|29/100
|move|p1a: Hariyama|Knock Off|p2a: Pecharunt
|-supereffective|p2a: Pecharunt
|-damage|p2a: Pecharunt|11/100
|-enditem|p2a: Pecharunt|Air Balloon
|
|-sideend|p1: UR FUKN RAPlST692|Reflect
|upkeep
|turn|9
|
|t:|1776171101
|move|p2a: Pecharunt|Malignant Chain|p1a: Hariyama
|-damage|p1a: Hariyama|0 fnt
|faint|p1a: Hariyama
|
|-sideend|p1: UR FUKN RAPlST692|move: Light Screen
|upkeep
|
|t:|1776171112
|switch|p1a: Kingambit|Kingambit, F, shiny|100/100
|-damage|p1a: Kingambit|88/100|[from] Spikes
|-activate|p1a: Kingambit|ability: Supreme Overlord
|-start|p1a: Kingambit|fallen1|[silent]
|turn|10
|-activate|p1a: Kingambit|item: Quick Claw
|
|t:|1776171118
|move|p1a: Kingambit|Swords Dance|p1a: Kingambit
|-boost|p1a: Kingambit|atk|2
|move|p2a: Pecharunt|Recover|p2a: Pecharunt
|-heal|p2a: Pecharunt|61/100
|
|upkeep
|turn|11
|
|t:|1776171137
|switch|p2a: Clefable|Clefable, M|100/100
|move|p1a: Kingambit|Kowtow Cleave|p2a: Clefable
|-resisted|p2a: Clefable
|-damage|p2a: Clefable|43/100
|
|upkeep
|turn|12
|
|t:|1776171147
|move|p2a: Clefable|Flamethrower|p1a: Kingambit
|-supereffective|p1a: Kingambit
|-damage|p1a: Kingambit|32/100
|move|p1a: Kingambit|Kowtow Cleave|p2a: Clefable
|-resisted|p2a: Clefable
|-damage|p2a: Clefable|0 fnt
|faint|p2a: Clefable
|
|upkeep
|
|t:|1776171156
|switch|p2a: Walking Wake|Walking Wake|100/100
|turn|13
|
|t:|1776171161
|move|p1a: Kingambit|Sucker Punch|p2a: Walking Wake
|-damage|p2a: Walking Wake|10/100
|-damage|p1a: Kingambit|15/100|[from] item: Rocky Helmet|[of] p2a: Walking Wake
|move|p2a: Walking Wake|Flamethrower|p1a: Kingambit
|-supereffective|p1a: Kingambit
|-damage|p1a: Kingambit|0 fnt
|faint|p1a: Kingambit
|-end|p1a: Kingambit|fallen1|[silent]
|
|upkeep
|
|t:|1776171171
|switch|p1a: Grimmsnarl|Grimmsnarl, M, shiny|79/100
|-damage|p1a: Grimmsnarl|67/100|[from] Spikes
|turn|14
|
|t:|1776171185
|-end|p2a: Walking Wake|Protosynthesis|[silent]
|switch|p2a: Pecharunt|Pecharunt|61/100
|move|p1a: Grimmsnarl|Light Screen|p1a: Grimmsnarl
|-sidestart|p1: UR FUKN RAPlST692|move: Light Screen
|
|upkeep
|turn|15
|
|t:|1776171191
|move|p1a: Grimmsnarl|Taunt|p2a: Pecharunt
|-start|p2a: Pecharunt|move: Taunt
|move|p2a: Pecharunt|Malignant Chain|p1a: Grimmsnarl
|-supereffective|p1a: Grimmsnarl
|-damage|p1a: Grimmsnarl|14/100
|
|upkeep
|turn|16
|
|t:|1776171202
|move|p1a: Grimmsnarl|Reflect|p1a: Grimmsnarl
|-sidestart|p1: UR FUKN RAPlST692|Reflect
|move|p2a: Pecharunt|Malignant Chain|p1a: Grimmsnarl
|-supereffective|p1a: Grimmsnarl
|-damage|p1a: Grimmsnarl|0 fnt
|faint|p1a: Grimmsnarl
|
|upkeep
|
|t:|1776171206
|switch|p1a: Slowbro|Slowbro-Galar, F, shiny|100/100
|-damage|p1a: Slowbro|88/100|[from] Spikes
|turn|17
|-activate|p1a: Slowbro|item: Quick Claw
|
|t:|1776171214
|move|p1a: Slowbro|Nasty Plot|p1a: Slowbro
|-boost|p1a: Slowbro|spa|2
|move|p2a: Pecharunt|Hex|p1a: Slowbro
|-supereffective|p1a: Slowbro
|-crit|p1a: Slowbro
|-damage|p1a: Slowbro|0 fnt
|faint|p1a: Slowbro
|
|-end|p2a: Pecharunt|move: Taunt
|upkeep
|
|t:|1776171219
|switch|p1a: Enamorus|Enamorus-Therian, F, shiny|100/100
|turn|18
|
|t:|1776171233
|move|p2a: Pecharunt|Malignant Chain|p1a: Enamorus
|-supereffective|p1a: Enamorus
|-damage|p1a: Enamorus|56/100
|-status|p1a: Enamorus|tox
|-start|p1a: Enamorus|confusion|[from] ability: Poison Puppeteer|[of] p2a: Pecharunt
|-activate|p1a: Enamorus|confusion
|move|p1a: Enamorus|Earth Power|p2a: Pecharunt
|-supereffective|p2a: Pecharunt
|-damage|p2a: Pecharunt|0 fnt
|faint|p2a: Pecharunt
|
|-damage|p1a: Enamorus|50/100 tox|[from] psn
|upkeep
|
|t:|1776171246
|switch|p2a: Ogerpon|Ogerpon-Cornerstone, F|100/100
|turn|19
|-activate|p1a: Enamorus|item: Quick Claw
|
|t:|1776171256
|-terastallize|p1a: Enamorus|Water
|-end|p1a: Enamorus|confusion
|move|p1a: Enamorus|Moonblast|p2a: Ogerpon
|-damage|p2a: Ogerpon|46/100
|move|p2a: Ogerpon|Ivy Cudgel|p1a: Enamorus|[anim] Ivy Cudgel Rock
|-damage|p1a: Enamorus|28/100 tox
|
|-damage|p1a: Enamorus|16/100 tox|[from] psn
|upkeep
|turn|20
|
|t:|1776171270
|move|p2a: Ogerpon|Spiky Shield|p2a: Ogerpon
|-singleturn|p2a: Ogerpon|move: Protect
|move|p1a: Enamorus|Moonblast|p2a: Ogerpon
|-activate|p2a: Ogerpon|move: Protect
|
|-damage|p1a: Enamorus|0 fnt|[from] psn
|faint|p1a: Enamorus
|upkeep
|
|t:|1776171273
|switch|p1a: Iron Hands|Iron Hands, shiny|100/100
|-damage|p1a: Iron Hands|88/100|[from] Spikes
|turn|21
|
|t:|1776171285
|move|p2a: Ogerpon|Synthesis|p2a: Ogerpon
|-heal|p2a: Ogerpon|96/100
|move|p1a: Iron Hands|Ice Punch|p2a: Ogerpon
|-supereffective|p2a: Ogerpon
|-damage|p2a: Ogerpon|34/100
|
|-sideend|p1: UR FUKN RAPlST692|move: Light Screen
|upkeep
|turn|22
|
|t:|1776171300
|move|p2a: Ogerpon|Spiky Shield|p2a: Ogerpon
|-singleturn|p2a: Ogerpon|move: Protect
|move|p1a: Iron Hands|Ice Punch|p2a: Ogerpon
|-activate|p2a: Ogerpon|move: Protect
|-damage|p1a: Iron Hands|76/100|[from] Spiky Shield|[of] p2a: Ogerpon
|
|upkeep
|turn|23
|
|t:|1776171308
|move|p2a: Ogerpon|Spiky Shield||[still]
|-fail|p2a: Ogerpon
|move|p1a: Iron Hands|Ice Punch|p2a: Ogerpon
|-supereffective|p2a: Ogerpon
|-damage|p2a: Ogerpon|0 fnt
|faint|p2a: Ogerpon
|
|-sideend|p1: UR FUKN RAPlST692|Reflect
|upkeep
|
|t:|1776171317
|switch|p2a: Walking Wake|Walking Wake|10/100
|turn|24
|
|t:|1776171328
|move|p2a: Walking Wake|Hurricane|p1a: Iron Hands
|-damage|p1a: Iron Hands|43/100
|move|p1a: Iron Hands|Ice Punch|p2a: Walking Wake
|-damage|p2a: Walking Wake|0 fnt
|-damage|p1a: Iron Hands|27/100|[from] item: Rocky Helmet|[of] p2a: Walking Wake
|faint|p2a: Walking Wake
|-end|p2a: Walking Wake|Protosynthesis|[silent]
|
|win|UR FUKN RAPlST692
|raw|UR FUKN RAPlST692's rating: 1040 &rarr; <strong>1073</strong><br />(+33 for winning)
|raw|swagpothecary's rating: 1032 &rarr; <strong>1018</strong><br />(-14 for losing)
