|html|<div class="broadcast-blue"><strong>[Gen 9] OU is currently suspecting Tera Blast! For information on how to participate check out the <a href="https://www.smogon.com/tools/suspects/view/200">suspect thread</a>.</strong></div>
|j|☆yeetsky
|j|☆TheJato
|t:|1776097458
|gametype|singles
|player|p1|yeetsky|101|1187
|player|p2|TheJato|janitor|1145
|gen|9
|tier|[Gen 9] OU
|rated|
|rule|HP Percentage Mod: HP is shown in percentages
|rule|Endless Battle Clause: Forcing endless battles is banned
|rule|Species Clause: Limit one of each Pokémon
|rule|OHKO Clause: OHKO moves are banned
|rule|Evasion Items Clause: Evasion items are banned
|rule|Evasion Moves Clause: Evasion moves are banned
|rule|Evasion Abilities Clause: Evasion abilities are banned
|rule|Sleep Moves Clause: Sleep-inducing moves are banned
|clearpoke
|poke|p1|Raging Bolt|
|poke|p1|Kingambit, M|
|poke|p1|Great Tusk|
|poke|p1|Ogerpon-Wellspring, F|
|poke|p1|Rillaboom, F|
|poke|p1|Tornadus-Therian, M|
|poke|p2|Zamazenta-*|
|poke|p2|Salamence, M|
|poke|p2|Dragapult, F|
|poke|p2|Jirachi|
|poke|p2|Hoopa|
|poke|p2|Avalugg-Hisui, M|
|teampreview
|inactive|Battle timer is ON: inactive players will automatically lose when time's up. (requested by TheJato)
|inactive|yeetsky has 120 seconds left.
|inactive|yeetsky has 90 seconds left.
|
|t:|1776097531
|teamsize|p1|6
|teamsize|p2|6
|start
|switch|p1a: Tornadus|Tornadus-Therian, M|100/100
|switch|p2a: Hoopa|Hoopa|100/100
|turn|1
|
|t:|1776097540
|move|p1a: Tornadus|Bleakwind Storm|p2a: Hoopa
|-damage|p2a: Hoopa|58/100
|move|p2a: Hoopa|Trick Room|p2a: Hoopa
|-fieldstart|move: Trick Room|[of] p2a: Hoopa
|
|upkeep
|turn|2
|
|t:|1776097546
|move|p2a: Hoopa|Psychic Noise|p1a: Tornadus
|-damage|p1a: Tornadus|67/100
|-start|p1a: Tornadus|move: Heal Block
|move|p1a: Tornadus|Bleakwind Storm|p2a: Hoopa
|-damage|p2a: Hoopa|15/100
|-unboost|p2a: Hoopa|spe|1
|
|upkeep
|turn|3
|
|t:|1776097551
|move|p2a: Hoopa|Destiny Bond|p2a: Hoopa
|-singlemove|p2a: Hoopa|Destiny Bond
|move|p1a: Tornadus|Bleakwind Storm|p2a: Hoopa
|-damage|p2a: Hoopa|0 fnt
|faint|p2a: Hoopa
|-activate|p2a: Hoopa|move: Destiny Bond
|faint|p1a: Tornadus
|
|upkeep
|
|t:|1776097576
|switch|p2a: Avalugg|Avalugg-Hisui, M|100/100
|switch|p1a: Kingambit|Kingambit, M|100/100
|-item|p1a: Kingambit|Air Balloon
|turn|4
|inactive|yeetsky has 120 seconds left.
|inactive|yeetsky has 90 seconds left.
|
|t:|1776097642
|-terastallize|p1a: Kingambit|Ghost
|move|p2a: Avalugg|Body Press|p1a: Kingambit
|-immune|p1a: Kingambit
|move|p1a: Kingambit|Swords Dance|p1a: Kingambit
|-boost|p1a: Kingambit|atk|2
|
|upkeep
|turn|5
|
|t:|1776097666
|move|p2a: Avalugg|Heavy Slam|p1a: Kingambit
|-crit|p1a: Kingambit
|-damage|p1a: Kingambit|81/100
|-enditem|p1a: Kingambit|Air Balloon
|move|p1a: Kingambit|Iron Head|p2a: Avalugg
|-supereffective|p2a: Avalugg
|-damage|p2a: Avalugg|0 fnt
|-damage|p1a: Kingambit|64/100|[from] item: Rocky Helmet|[of] p2a: Avalugg
|faint|p2a: Avalugg
|
|-fieldend|move: Trick Room
|upkeep
|
|t:|1776097671
|switch|p2a: Salamence|Salamence, M|100/100
|turn|6
|
|t:|1776097679
|move|p2a: Salamence|Dragon Dance|p2a: Salamence
|-boost|p2a: Salamence|atk|1
|-boost|p2a: Salamence|spe|1
|move|p1a: Kingambit|Kowtow Cleave|p2a: Salamence
|-damage|p2a: Salamence|0 fnt
|faint|p2a: Salamence
|
|upkeep
|
|t:|1776097691
|switch|p2a: Dragapult|Dragapult, F|100/100
|turn|7
|
|t:|1776097711
|-terastallize|p2a: Dragapult|Grass
|move|p1a: Kingambit|Sucker Punch|p2a: Dragapult
|-damage|p2a: Dragapult|0 fnt
|faint|p2a: Dragapult
|
|upkeep
|-message|TheJato forfeited.
|
|win|yeetsky
|raw|yeetsky's rating: 1187 &rarr; <strong>1209</strong><br />(+22 for winning)
|raw|TheJato's rating: 1145 &rarr; <strong>1123</strong><br />(-22 for losing)
|l|☆TheJato
|player|p2|
|l|☆yeetsky
|player|p1|
