|html|<div class="broadcast-blue"><strong>[Gen 9] OU is currently suspecting Tera Blast! For information on how to participate check out the <a href="https://www.smogon.com/tools/suspects/view/200">suspect thread</a>.</strong></div>
|j|☆roeslovesmen
|j|☆crownwrld
|t:|1776093630
|gametype|singles
|player|p1|roeslovesmen|265|1206
|player|p2|crownwrld|170|1177
|gen|9
|tier|[Gen 9] OU
|rated|
|rule|HP Percentage Mod: HP is shown in percentages
|rule|Endless Battle Clause: Forcing endless battles is banned
|rule|Species Clause: Limit one of each Pokémon
|rule|OHKO Clause: OHKO moves are banned
|rule|Evasion Items Clause: Evasion items are banned
|rule|Evasion Moves Clause: Evasion moves are banned
|rule|Evasion Abilities Clause: Evasion abilities are banned
|rule|Sleep Moves Clause: Sleep-inducing moves are banned
|clearpoke
|poke|p1|Quaquaval, M|
|poke|p1|Great Tusk|
|poke|p1|Slowking-Galar, F|
|poke|p1|Deoxys-Speed|
|poke|p1|Clefable, F|
|poke|p1|Moltres|
|poke|p2|Scizor, M|
|poke|p2|Weezing-Galar, F|
|poke|p2|Talonflame, F|
|poke|p2|Weavile, F|
|poke|p2|Mudsdale, F|
|poke|p2|Golduck, F|
|teampreview
|inactive|Battle timer is ON: inactive players will automatically lose when time's up. (requested by roeslovesmen)
|j| dumbass10
|
|t:|1776093648
|teamsize|p1|6
|teamsize|p2|6
|start
|switch|p1a: john hazards|Deoxys-Speed|100/100
|switch|p2a: Weezing|Weezing-Galar, F|100/100
|-ability|p1a: john hazards|Pressure
|-fieldstart|move: Misty Terrain|[from] ability: Misty Surge|[of] p2a: Weezing
|turn|1
|
|t:|1776093655
|switch|p2a: Weavile|Weavile, F|100/100
|-ability|p2a: Weavile|Pressure
|move|p1a: john hazards|Psycho Boost|p2a: Weavile
|-immune|p2a: Weavile
|
|upkeep
|turn|2
|
|t:|1776093664
|move|p1a: john hazards|Stealth Rock|p2a: Weavile
|-sidestart|p2: crownwrld|move: Stealth Rock
|move|p2a: Weavile|Hone Claws|p2a: Weavile
|-boost|p2a: Weavile|atk|1
|-boost|p2a: Weavile|accuracy|1
|
|upkeep
|turn|3
|
|t:|1776093670
|move|p1a: john hazards|Knock Off|p2a: Weavile
|-resisted|p2a: Weavile
|-damage|p2a: Weavile|85/100
|-enditem|p2a: Weavile|Never-Melt Ice|[from] move: Knock Off|[of] p1a: john hazards
|move|p2a: Weavile|Triple Axel|p1a: john hazards
|-damage|p1a: john hazards|88/100
|-damage|p1a: john hazards|62/100
|-damage|p1a: john hazards|18/100
|-hitcount|p1a: john hazards|3
|
|upkeep
|turn|4
|
|t:|1776093680
|move|p1a: john hazards|Spikes|p2a: Weavile
|-sidestart|p2: crownwrld|Spikes
|move|p2a: Weavile|Knock Off|p1a: john hazards
|-supereffective|p1a: john hazards
|-damage|p1a: john hazards|0 fnt
|-enditem|p1a: john hazards|Focus Sash|[from] move: Knock Off|[of] p2a: Weavile
|faint|p1a: john hazards
|
|upkeep
|
|t:|1776093694
|switch|p1a: bird|Quaquaval, M|100/100
|turn|5
|inactive|crownwrld has 120 seconds left.
|
|t:|1776093727
|move|p2a: Weavile|Triple Axel|p1a: bird
|-resisted|p1a: bird
|-damage|p1a: bird|91/100
|-resisted|p1a: bird
|-damage|p1a: bird|70/100
|-resisted|p1a: bird
|-damage|p1a: bird|39/100
|-hitcount|p1a: bird|3
|move|p1a: bird|Aqua Step|p2a: Weavile
|-damage|p2a: Weavile|21/100
|-boost|p1a: bird|spe|1
|
|-fieldend|Misty Terrain
|upkeep
|turn|6
|inactive|crownwrld has 120 seconds left.
|
|t:|1776093742
|move|p1a: bird|Aqua Step|p2a: Weavile
|-damage|p2a: Weavile|0 fnt
|-boost|p1a: bird|spe|1
|faint|p2a: Weavile
|-ability|p1a: bird|Moxie|boost
|-boost|p1a: bird|atk|1
|
|upkeep
|
|t:|1776093749
|switch|p2a: Talonflame|Talonflame, F|100/100
|turn|7
|
|t:|1776093776
|move|p2a: Talonflame|Brave Bird|p1a: bird
|-supereffective|p1a: bird
|-damage|p1a: bird|0 fnt
|faint|p1a: bird
|-damage|p2a: Talonflame|87/100|[from] Recoil
|
|upkeep
|inactive|roeslovesmen has 120 seconds left.
|
|t:|1776093789
|switch|p1a: blob|Clefable, F|100/100
|turn|8
|
|t:|1776093792
|move|p2a: Talonflame|Defog|p1a: blob
|-unboost|p1a: blob|evasion|1
|-sideend|p2: crownwrld|Spikes|[from] move: Defog|[of] p2a: Talonflame
|-sideend|p2: crownwrld|Stealth Rock|[from] move: Defog|[of] p2a: Talonflame
|move|p1a: blob|Knock Off|p2a: Talonflame
|-crit|p2a: Talonflame
|-damage|p2a: Talonflame|56/100
|-enditem|p2a: Talonflame|Heavy-Duty Boots|[from] move: Knock Off|[of] p1a: blob
|
|upkeep
|turn|9
|
|t:|1776093799
|move|p2a: Talonflame|U-turn|p1a: blob
|-resisted|p1a: blob
|-damage|p1a: blob|93/100
|
|t:|1776093802
|switch|p2a: Scizor|Scizor, M|100/100|[from] U-turn
|move|p1a: blob|Thunder Wave|p2a: Scizor
|-status|p2a: Scizor|par
|
|-heal|p1a: blob|99/100|[from] item: Leftovers
|upkeep
|turn|10
|
|t:|1776093810
|-terastallize|p2a: Scizor|Water
|move|p1a: blob|Knock Off|p2a: Scizor
|-damage|p2a: Scizor|85/100 par
|-enditem|p2a: Scizor|Metal Coat|[from] move: Knock Off|[of] p1a: blob
|move|p2a: Scizor|Swords Dance|p2a: Scizor
|-boost|p2a: Scizor|atk|2
|
|-heal|p1a: blob|100/100|[from] item: Leftovers
|upkeep
|turn|11
|
|t:|1776093819
|switch|p1a: bird 2|Moltres|100/100
|move|p2a: Scizor|Bullet Punch|p1a: bird 2
|-resisted|p1a: bird 2
|-damage|p1a: bird 2|77/100
|
|upkeep
|turn|12
|
|t:|1776093825
|cant|p2a: Scizor|par
|move|p1a: bird 2|Roar|p2a: Scizor
|drag|p2a: Golduck|Golduck, F|100/100
|-ability|p2a: Golduck|Cloud Nine
|
|upkeep
|turn|13
|
|t:|1776093833
|switch|p1a: hat|Slowking-Galar, F|100/100
|move|p2a: Golduck|Substitute|p2a: Golduck
|-start|p2a: Golduck|Substitute
|-damage|p2a: Golduck|76/100
|
|upkeep
|turn|14
|
|t:|1776093839
|move|p2a: Golduck|Nasty Plot|p2a: Golduck
|-boost|p2a: Golduck|spa|2
|move|p1a: hat|Psychic Noise|p2a: Golduck
|-damage|p2a: Golduck|37/100
|-start|p2a: Golduck|move: Heal Block
|
|upkeep
|turn|15
|
|t:|1776093846
|move|p2a: Golduck|Hydro Pump|p1a: hat
|-damage|p1a: hat|46/100
|move|p1a: hat|Psychic Noise|p2a: Golduck
|-damage|p2a: Golduck|0 fnt
|faint|p2a: Golduck
|
|upkeep
|
|t:|1776093870
|switch|p2a: Mudsdale|Mudsdale, F|100/100
|turn|16
|
|t:|1776093881
|switch|p1a: bird 2|Moltres|77/100
|move|p2a: Mudsdale|Earthquake|p1a: bird 2
|-immune|p1a: bird 2
|
|upkeep
|turn|17
|
|t:|1776093890
|switch|p2a: Weezing|Weezing-Galar, F|100/100
|-fieldstart|move: Misty Terrain|[from] ability: Misty Surge|[of] p2a: Weezing
|move|p1a: bird 2|Flamethrower|p2a: Weezing
|-damage|p2a: Weezing|46/100
|
|-heal|p2a: Weezing|52/100|[from] item: Leftovers
|upkeep
|turn|18
|
|t:|1776093899
|switch|p2a: Scizor|Scizor, M, tera:Water|85/100 par
|move|p1a: bird 2|Flamethrower|p2a: Scizor
|-resisted|p2a: Scizor
|-damage|p2a: Scizor|65/100 par
|
|upkeep
|turn|19
|
|t:|1776093906
|move|p1a: bird 2|Flamethrower|p2a: Scizor
|-resisted|p2a: Scizor
|-crit|p2a: Scizor
|-damage|p2a: Scizor|32/100 par
|move|p2a: Scizor|Swords Dance|p2a: Scizor
|-boost|p2a: Scizor|atk|2
|
|upkeep
|turn|20
|
|t:|1776093913
|move|p2a: Scizor|Bug Bite|p1a: bird 2
|-resisted|p1a: bird 2
|-damage|p1a: bird 2|61/100
|move|p1a: bird 2|Roar|p2a: Scizor
|drag|p2a: Weezing|Weezing-Galar, F|52/100
|
|-heal|p2a: Weezing|58/100|[from] item: Leftovers
|upkeep
|turn|21
|
|t:|1776093920
|move|p1a: bird 2|Flamethrower|p2a: Weezing
|-damage|p2a: Weezing|5/100
|move|p2a: Weezing|Strange Steam|p1a: bird 2
|-resisted|p1a: bird 2
|-damage|p1a: bird 2|41/100
|
|-heal|p2a: Weezing|11/100|[from] item: Leftovers
|-fieldend|Misty Terrain
|upkeep
|turn|22
|
|t:|1776093927
|move|p1a: bird 2|Roost|p1a: bird 2
|-heal|p1a: bird 2|91/100
|-singleturn|p1a: bird 2|move: Roost
|move|p2a: Weezing|Strange Steam|p1a: bird 2
|-resisted|p1a: bird 2
|-damage|p1a: bird 2|73/100
|-start|p1a: bird 2|confusion
|
|-heal|p2a: Weezing|17/100|[from] item: Leftovers
|upkeep
|turn|23
|c| dumbass10|you are allowed to look up a type chart btw
|
|t:|1776093936
|-activate|p1a: bird 2|confusion
|-damage|p1a: bird 2|67/100|[from] confusion
|move|p2a: Weezing|Strange Steam|p1a: bird 2
|-resisted|p1a: bird 2
|-damage|p1a: bird 2|46/100
|
|-heal|p2a: Weezing|23/100|[from] item: Leftovers
|upkeep
|turn|24
|
|t:|1776093943
|-activate|p1a: bird 2|confusion
|move|p1a: bird 2|Roost|p1a: bird 2
|-heal|p1a: bird 2|96/100
|-singleturn|p1a: bird 2|move: Roost
|move|p2a: Weezing|Stockpile|p2a: Weezing
|-start|p2a: Weezing|stockpile1
|-boost|p2a: Weezing|def|1
|-boost|p2a: Weezing|spd|1
|
|-heal|p2a: Weezing|29/100|[from] item: Leftovers
|upkeep
|turn|25
|
|t:|1776093953
|-activate|p1a: bird 2|confusion
|move|p1a: bird 2|Flamethrower|p2a: Weezing
|-damage|p2a: Weezing|0 fnt
|faint|p2a: Weezing
|
|upkeep
|
|t:|1776093959
|switch|p2a: Talonflame|Talonflame, F|56/100
|turn|26
|
|t:|1776093962
|move|p2a: Talonflame|Brave Bird|p1a: bird 2
|-damage|p1a: bird 2|66/100
|-damage|p2a: Talonflame|43/100|[from] Recoil
|-activate|p1a: bird 2|confusion
|-damage|p1a: bird 2|60/100|[from] confusion
|
|upkeep
|turn|27
|
|t:|1776093968
|move|p2a: Talonflame|Brave Bird|p1a: bird 2
|-damage|p1a: bird 2|27/100
|-damage|p2a: Talonflame|29/100|[from] Recoil
|-end|p1a: bird 2|confusion
|move|p1a: bird 2|Roost|p1a: bird 2
|-heal|p1a: bird 2|77/100
|-singleturn|p1a: bird 2|move: Roost
|
|upkeep
|turn|28
|
|t:|1776093977
|move|p2a: Talonflame|Brave Bird|p1a: bird 2
|-damage|p1a: bird 2|43/100
|-damage|p2a: Talonflame|14/100|[from] Recoil
|move|p1a: bird 2|Roost|p1a: bird 2
|-heal|p1a: bird 2|93/100
|-singleturn|p1a: bird 2|move: Roost
|
|upkeep
|turn|29
|
|t:|1776093987
|move|p2a: Talonflame|Brave Bird|p1a: bird 2
|-damage|p1a: bird 2|60/100
|-damage|p2a: Talonflame|0 fnt|[from] Recoil
|faint|p2a: Talonflame
|move|p1a: bird 2|Flamethrower|p2: Talonflame|[notarget]
|-fail|p1a: bird 2
|
|upkeep
|
|t:|1776093996
|switch|p2a: Scizor|Scizor, M, tera:Water|32/100 par
|turn|30
|
|t:|1776094005
|cant|p2a: Scizor|par
|move|p1a: bird 2|Roost|p1a: bird 2
|-heal|p1a: bird 2|100/100
|-singleturn|p1a: bird 2|move: Roost
|
|upkeep
|turn|31
|
|t:|1776094011
|move|p1a: bird 2|Flamethrower|p2a: Scizor
|-resisted|p2a: Scizor
|-damage|p2a: Scizor|10/100 par
|move|p2a: Scizor|Swords Dance|p2a: Scizor
|-boost|p2a: Scizor|atk|2
|
|upkeep
|turn|32
|
|t:|1776094017
|move|p2a: Scizor|Bullet Punch|p1a: bird 2
|-resisted|p1a: bird 2
|-damage|p1a: bird 2|75/100
|move|p1a: bird 2|Flamethrower|p2a: Scizor
|-resisted|p2a: Scizor
|-damage|p2a: Scizor|0 fnt
|faint|p2a: Scizor
|
|upkeep
|c|☆crownwrld|gg
|
|t:|1776094028
|switch|p2a: Mudsdale|Mudsdale, F|100/100
|turn|33
|c|☆roeslovesmen|gg
|-message|crownwrld forfeited.
|
|win|roeslovesmen
|raw|roeslovesmen's rating: 1206 &rarr; <strong>1229</strong><br />(+23 for winning)
|raw|crownwrld's rating: 1177 &rarr; <strong>1154</strong><br />(-23 for losing)
|l|☆crownwrld
|player|p2|
|l|☆roeslovesmen
|player|p1|
|l| dumbass10
