|html|<div class="broadcast-blue"><strong>[Gen 9] OU is currently suspecting Tera Blast! For information on how to participate check out the <a href="https://www.smogon.com/tools/suspects/view/200">suspect thread</a>.</strong></div>
|j|☆Dhoom Again
|j|☆abhii.g
|t:|1776105799
|gametype|singles
|player|p1|Dhoom Again|argenta|1594
|player|p2|abhii.g|benga|1624
|gen|9
|tier|[Gen 9] OU
|rated|
|rule|HP Percentage Mod: HP is shown in percentages
|rule|Endless Battle Clause: Forcing endless battles is banned
|rule|Species Clause: Limit one of each Pokémon
|rule|OHKO Clause: OHKO moves are banned
|rule|Evasion Items Clause: Evasion items are banned
|rule|Evasion Moves Clause: Evasion moves are banned
|rule|Evasion Abilities Clause: Evasion abilities are banned
|rule|Sleep Moves Clause: Sleep-inducing moves are banned
|clearpoke
|poke|p1|Grimmsnarl, M|
|poke|p1|Gholdengo|
|poke|p1|Garchomp, M|
|poke|p1|Primarina, M|
|poke|p1|Ogerpon, F|
|poke|p1|Heatran, F|
|poke|p2|Dragonite, F|
|poke|p2|Zamazenta-*|
|poke|p2|Landorus-Therian, M|
|poke|p2|Gholdengo|
|poke|p2|Darkrai|
|poke|p2|Hatterene, F|
|teampreview
|inactive|Battle timer is ON: inactive players will automatically lose when time's up. (requested by abhii.g)
|
|t:|1776105806
|teamsize|p1|6
|teamsize|p2|6
|start
|switch|p1a: The Brother Grimm|Grimmsnarl, M|100/100
|switch|p2a: Gholdengo|Gholdengo|100/100
|turn|1
|
|t:|1776105813
|move|p1a: The Brother Grimm|Light Screen|p1a: The Brother Grimm
|-sidestart|p1: Dhoom Again|move: Light Screen
|move|p2a: Gholdengo|Make It Rain|p1a: The Brother Grimm
|-supereffective|p1a: The Brother Grimm
|-damage|p1a: The Brother Grimm|45/100
|-unboost|p2a: Gholdengo|spa|1
|
|upkeep
|turn|2
|
|t:|1776105826
|switch|p1a: Sound the Alarm|Primarina, M|100/100
|move|p2a: Gholdengo|Nasty Plot|p2a: Gholdengo
|-boost|p2a: Gholdengo|spa|2
|
|upkeep
|turn|3
|
|t:|1776105835
|move|p2a: Gholdengo|Make It Rain|p1a: Sound the Alarm
|-damage|p1a: Sound the Alarm|55/100
|-unboost|p2a: Gholdengo|spa|1
|move|p1a: Sound the Alarm|Calm Mind|p1a: Sound the Alarm
|-boost|p1a: Sound the Alarm|spa|1
|-boost|p1a: Sound the Alarm|spd|1
|
|-heal|p1a: Sound the Alarm|61/100|[from] item: Leftovers
|upkeep
|turn|4
|
|t:|1776105846
|switch|p2a: Hatterene|Hatterene, F|100/100
|move|p1a: Sound the Alarm|Substitute|p1a: Sound the Alarm
|-start|p1a: Sound the Alarm|Substitute
|-damage|p1a: Sound the Alarm|36/100
|
|-heal|p1a: Sound the Alarm|42/100|[from] item: Leftovers
|upkeep
|turn|5
|
|t:|1776105854
|move|p1a: Sound the Alarm|Calm Mind|p1a: Sound the Alarm
|-boost|p1a: Sound the Alarm|spa|1
|-boost|p1a: Sound the Alarm|spd|1
|move|p2a: Hatterene|Psyshock|p1a: Sound the Alarm
|-activate|p1a: Sound the Alarm|move: Substitute|[damage]
|
|-heal|p1a: Sound the Alarm|48/100|[from] item: Leftovers
|upkeep
|turn|6
|
|t:|1776105865
|move|p1a: Sound the Alarm|Draining Kiss|p2a: Hatterene
|-damage|p2a: Hatterene|75/100
|-heal|p1a: Sound the Alarm|65/100|[from] drain|[of] p2a: Hatterene
|move|p2a: Hatterene|Psyshock|p1a: Sound the Alarm
|-end|p1a: Sound the Alarm|Substitute
|
|-heal|p1a: Sound the Alarm|71/100|[from] item: Leftovers
|upkeep
|turn|7
|
|t:|1776105877
|move|p1a: Sound the Alarm|Substitute|p1a: Sound the Alarm
|-start|p1a: Sound the Alarm|Substitute
|-damage|p1a: Sound the Alarm|46/100
|move|p2a: Hatterene|Psychic Noise|p1a: Sound the Alarm
|-damage|p1a: Sound the Alarm|38/100
|-start|p1a: Sound the Alarm|move: Heal Block
|
|upkeep
|turn|8
|
|t:|1776105885
|move|p1a: Sound the Alarm|Psychic Noise|p2a: Hatterene
|-damage|p2a: Hatterene|33/100
|-start|p2a: Hatterene|move: Heal Block
|move|p2a: Hatterene|Psyshock|p1a: Sound the Alarm
|-activate|p1a: Sound the Alarm|move: Substitute|[damage]
|
|-end|p1a: Sound the Alarm|move: Heal Block
|-sideend|p1: Dhoom Again|move: Light Screen
|upkeep
|turn|9
|
|t:|1776105895
|move|p1a: Sound the Alarm|Psychic Noise|p2a: Hatterene
|-damage|p2a: Hatterene|0 fnt
|faint|p2a: Hatterene
|
|-heal|p1a: Sound the Alarm|44/100|[from] item: Leftovers
|upkeep
|
|t:|1776105902
|switch|p2a: Landorus|Landorus-Therian, M|100/100
|-ability|p2a: Landorus|Intimidate|boost
|-immune|p1a: Sound the Alarm
|turn|10
|
|t:|1776105909
|move|p2a: Landorus|Earthquake|p1a: Sound the Alarm
|-end|p1a: Sound the Alarm|Substitute
|move|p1a: Sound the Alarm|Draining Kiss|p2a: Landorus
|-damage|p2a: Landorus|63/100
|-heal|p1a: Sound the Alarm|74/100|[from] drain|[of] p2a: Landorus
|-damage|p1a: Sound the Alarm|57/100|[from] item: Rocky Helmet|[of] p2a: Landorus
|
|-heal|p1a: Sound the Alarm|63/100|[from] item: Leftovers
|upkeep
|turn|11
|
|t:|1776105920
|move|p2a: Landorus|Earthquake|p1a: Sound the Alarm
|-damage|p1a: Sound the Alarm|24/100
|move|p1a: Sound the Alarm|Psychic Noise|p2a: Landorus
|-supereffective|p2a: Landorus
|-damage|p2a: Landorus|0 fnt
|faint|p2a: Landorus
|
|-heal|p1a: Sound the Alarm|30/100|[from] item: Leftovers
|upkeep
|
|t:|1776105929
|switch|p2a: Dragonite|Dragonite, F|100/100
|turn|12
|
|t:|1776105937
|move|p2a: Dragonite|Earthquake|p1a: Sound the Alarm
|-damage|p1a: Sound the Alarm|0 fnt
|faint|p1a: Sound the Alarm
|
|upkeep
|
|t:|1776105943
|switch|p1a: Cielo|Gholdengo|100/100
|turn|13
|
|t:|1776105948
|switch|p2a: Darkrai|Darkrai|100/100
|move|p1a: Cielo|Trick|p2a: Darkrai
|-activate|p1a: Cielo|move: Trick|[of] p2a: Darkrai
|-item|p2a: Darkrai|Choice Specs|[from] move: Trick
|-item|p1a: Cielo|Heavy-Duty Boots|[from] move: Trick
|
|upkeep
|turn|14
|
|t:|1776105962
|switch|p1a: The Brother Grimm|Grimmsnarl, M|45/100
|move|p2a: Darkrai|Taunt|p1a: The Brother Grimm
|-start|p1a: The Brother Grimm|move: Taunt
|
|upkeep
|turn|15
|
|t:|1776105969
|switch|p2a: Gholdengo|Gholdengo|100/100
|move|p1a: The Brother Grimm|Spirit Break|p2a: Gholdengo
|-resisted|p2a: Gholdengo
|-damage|p2a: Gholdengo|86/100
|-unboost|p2a: Gholdengo|spa|1
|
|upkeep
|turn|16
|
|t:|1776105975
|switch|p1a: PataPataPatapon|Ogerpon, F|100/100
|move|p2a: Gholdengo|Make It Rain|p1a: PataPataPatapon
|-damage|p1a: PataPataPatapon|35/100
|-unboost|p2a: Gholdengo|spa|1
|
|upkeep
|turn|17
|
|t:|1776105991
|switch|p2a: Zamazenta|Zamazenta|100/100
|-ability|p2a: Zamazenta|Dauntless Shield|boost
|-boost|p2a: Zamazenta|def|1
|move|p1a: PataPataPatapon|Knock Off|p2a: Zamazenta
|-resisted|p2a: Zamazenta
|-damage|p2a: Zamazenta|92/100
|-enditem|p2a: Zamazenta|Leftovers|[from] move: Knock Off|[of] p1a: PataPataPatapon
|
|upkeep
|turn|18
|
|t:|1776105999
|switch|p1a: Ouch|Garchomp, M|100/100
|move|p2a: Zamazenta|Body Press|p1a: Ouch
|-damage|p1a: Ouch|65/100
|-damage|p2a: Zamazenta|80/100|[from] ability: Rough Skin|[of] p1a: Ouch
|-damage|p2a: Zamazenta|63/100|[from] item: Rocky Helmet|[of] p1a: Ouch
|
|upkeep
|turn|19
|
|t:|1776106005
|move|p2a: Zamazenta|Iron Defense|p2a: Zamazenta
|-boost|p2a: Zamazenta|def|2
|move|p1a: Ouch|Stealth Rock|p2a: Zamazenta
|-sidestart|p2: abhii.g|move: Stealth Rock
|
|upkeep
|turn|20
|
|t:|1776106016
|move|p2a: Zamazenta|Body Press|p1a: Ouch
|-crit|p1a: Ouch
|-damage|p1a: Ouch|0 fnt
|-damage|p2a: Zamazenta|51/100|[from] ability: Rough Skin|[of] p1a: Ouch
|-damage|p2a: Zamazenta|35/100|[from] item: Rocky Helmet|[of] p1a: Ouch
|faint|p1a: Ouch
|
|upkeep
|
|t:|1776106021
|switch|p1a: Cielo|Gholdengo|100/100
|turn|21
|
|t:|1776106030
|switch|p2a: Darkrai|Darkrai|100/100
|-damage|p2a: Darkrai|88/100|[from] Stealth Rock
|move|p1a: Cielo|Shadow Ball|p2a: Darkrai
|-resisted|p2a: Darkrai
|-damage|p2a: Darkrai|63/100
|
|upkeep
|turn|22
|
|t:|1776106039
|switch|p1a: PataPataPatapon|Ogerpon, F|35/100
|move|p2a: Darkrai|Taunt|p1a: PataPataPatapon
|-start|p1a: PataPataPatapon|move: Taunt
|
|upkeep
|turn|23
|
|t:|1776106048
|switch|p2a: Zamazenta|Zamazenta|35/100
|-damage|p2a: Zamazenta|28/100|[from] Stealth Rock
|move|p1a: PataPataPatapon|Ivy Cudgel|p2a: Zamazenta
|-damage|p2a: Zamazenta|0 fnt
|faint|p2a: Zamazenta
|
|upkeep
|
|t:|1776106052
|switch|p2a: Dragonite|Dragonite, F|100/100
|turn|24
|
|t:|1776106056
|move|p1a: PataPataPatapon|Knock Off|p2a: Dragonite
|-damage|p2a: Dragonite|83/100
|-enditem|p2a: Dragonite|Heavy-Duty Boots|[from] move: Knock Off|[of] p1a: PataPataPatapon
|move|p2a: Dragonite|Dragon Dance|p2a: Dragonite
|-boost|p2a: Dragonite|atk|1
|-boost|p2a: Dragonite|spe|1
|
|-end|p1a: PataPataPatapon|move: Taunt
|upkeep
|turn|25
|
|t:|1776106065
|-terastallize|p1a: PataPataPatapon|Grass
|detailschange|p1a: PataPataPatapon|Ogerpon-Teal-Tera, F, tera:Grass
|-ability|p1a: PataPataPatapon|Embody Aspect (Teal)|boost
|-boost|p1a: PataPataPatapon|spe|1
|move|p2a: Dragonite|Extreme Speed|p1a: PataPataPatapon
|-damage|p1a: PataPataPatapon|0 fnt
|faint|p1a: PataPataPatapon
|detailschange|p1: PataPataPatapon|Ogerpon, F|[silent]
|
|upkeep
|
|t:|1776106069
|switch|p1a: The Brother Grimm|Grimmsnarl, M|45/100
|turn|26
|
|t:|1776106074
|move|p2a: Dragonite|Extreme Speed|p1a: The Brother Grimm
|-damage|p1a: The Brother Grimm|0 fnt
|faint|p1a: The Brother Grimm
|
|upkeep
|
|t:|1776106076
|switch|p1a: MF Doom|Heatran, F|100/100
|turn|27
|-message|Dhoom Again forfeited.
|
|win|abhii.g
|raw|Dhoom Again's rating: 1594 &rarr; <strong>1576</strong><br />(-18 for losing)
|raw|abhii.g's rating: 1624 &rarr; <strong>1642</strong><br />(+18 for winning)
|l|☆Dhoom Again
|player|p1|
