|html|<div class="broadcast-blue"><strong>[Gen 9] OU is currently suspecting Tera Blast! For information on how to participate check out the <a href="https://www.smogon.com/tools/suspects/view/200">suspect thread</a>.</strong></div>
|j|☆F0rtuna
|j|☆Dued03
|t:|1776089642
|gametype|singles
|player|p1|F0rtuna|1|1389
|player|p2|Dued03|acetrainersnow|1353
|gen|9
|tier|[Gen 9] OU
|rated|
|rule|HP Percentage Mod: HP is shown in percentages
|rule|Endless Battle Clause: Forcing endless battles is banned
|rule|Species Clause: Limit one of each Pokémon
|rule|OHKO Clause: OHKO moves are banned
|rule|Evasion Items Clause: Evasion items are banned
|rule|Evasion Moves Clause: Evasion moves are banned
|rule|Evasion Abilities Clause: Evasion abilities are banned
|rule|Sleep Moves Clause: Sleep-inducing moves are banned
|clearpoke
|poke|p1|Hydrapple, M|
|poke|p1|Tyranitar, F|
|poke|p1|Moltres|
|poke|p1|Zamazenta-*|
|poke|p1|Slowking-Galar, M|
|poke|p1|Excadrill, F|
|poke|p2|Skarmory, M|
|poke|p2|Clefable, M|
|poke|p2|Blastoise, M|
|poke|p2|Latias, F|
|poke|p2|Bisharp, F|
|poke|p2|Gholdengo|
|teampreview
|l|☆Dued03
|player|p2|
|j|☆Dued03
|player|p2|Dued03|acetrainersnow|
|inactive|Battle timer is ON: inactive players will automatically lose when time's up. (requested by Dued03)
|
|t:|1776089679
|teamsize|p1|6
|teamsize|p2|6
|start
|switch|p1a: Tyranitar|Tyranitar, F|100/100
|switch|p2a: Clefable|Clefable, M|100/100
|-weather|Sandstorm|[from] ability: Sand Stream|[of] p1a: Tyranitar
|turn|1
|
|t:|1776089703
|switch|p1a: Slowking|Slowking-Galar, M|100/100
|move|p2a: Clefable|Moonblast|p1a: Slowking
|-resisted|p1a: Slowking
|-damage|p1a: Slowking|88/100
|
|-weather|Sandstorm|[upkeep]
|-damage|p1a: Slowking|81/100|[from] Sandstorm
|upkeep
|turn|2
|
|t:|1776089708
|switch|p2a: Bisharp|Bisharp, F|100/100
|move|p1a: Slowking|Sludge Bomb|p2a: Bisharp
|-immune|p2a: Bisharp
|
|-weather|Sandstorm|[upkeep]
|-damage|p1a: Slowking|75/100|[from] Sandstorm
|upkeep
|turn|3
|
|t:|1776089713
|switch|p1a: Moltres|Moltres|100/100
|move|p2a: Bisharp|Throat Chop|p1a: Moltres
|-damage|p1a: Moltres|69/100
|-start|p1a: Moltres|Throat Chop|[silent]
|-status|p2a: Bisharp|brn|[from] ability: Flame Body|[of] p1a: Moltres
|
|-weather|Sandstorm|[upkeep]
|-damage|p1a: Moltres|63/100|[from] Sandstorm
|-damage|p2a: Bisharp|95/100 brn|[from] brn
|upkeep
|turn|4
|
|t:|1776089735
|switch|p2a: Latias|Latias, F|100/100
|move|p1a: Moltres|Flamethrower|p2a: Latias
|-resisted|p2a: Latias
|-damage|p2a: Latias|91/100
|
|-weather|Sandstorm|[upkeep]
|-damage|p2a: Latias|85/100|[from] Sandstorm
|-damage|p1a: Moltres|57/100|[from] Sandstorm
|-heal|p2a: Latias|91/100|[from] item: Leftovers
|-end|p1a: Moltres|Throat Chop|[silent]
|upkeep
|turn|5
|
|t:|1776089743
|switch|p1a: Tyranitar|Tyranitar, F|100/100
|move|p2a: Latias|Draco Meteor|p1a: Tyranitar
|-damage|p1a: Tyranitar|78/100
|-unboost|p2a: Latias|spa|2
|
|-weather|Sandstorm|[upkeep]
|-damage|p2a: Latias|85/100|[from] Sandstorm
|-heal|p2a: Latias|91/100|[from] item: Leftovers
|upkeep
|turn|6
|
|t:|1776089749
|switch|p2a: Skarmory|Skarmory, M|100/100
|move|p1a: Tyranitar|Knock Off|p2a: Skarmory
|-damage|p2a: Skarmory|74/100
|-enditem|p2a: Skarmory|Aguav Berry|[from] move: Knock Off|[of] p1a: Tyranitar
|
|-weather|Sandstorm|[upkeep]
|upkeep
|turn|7
|
|t:|1776089756
|move|p2a: Skarmory|Stealth Rock|p1a: Tyranitar
|-sidestart|p1: F0rtuna|move: Stealth Rock
|move|p1a: Tyranitar|Stealth Rock|p2a: Skarmory
|-sidestart|p2: Dued03|move: Stealth Rock
|
|-weather|Sandstorm|[upkeep]
|upkeep
|turn|8
|
|t:|1776089762
|switch|p1a: Moltres|Moltres|57/100
|move|p2a: Skarmory|Spikes|p1a: Moltres
|-sidestart|p1: F0rtuna|Spikes
|
|-weather|none
|upkeep
|turn|9
|
|t:|1776089766
|switch|p2a: Clefable|Clefable, M|100/100
|move|p1a: Moltres|Flamethrower|p2a: Clefable
|-damage|p2a: Clefable|76/100
|
|upkeep
|turn|10
|
|t:|1776089773
|move|p1a: Moltres|U-turn|p2a: Clefable
|-resisted|p2a: Clefable
|-damage|p2a: Clefable|69/100
|
|t:|1776089777
|switch|p1a: Excadrill|Excadrill, F|100/100|[from] U-turn
|-damage|p1a: Excadrill|97/100|[from] Stealth Rock
|-item|p1a: Excadrill|Air Balloon
|move|p2a: Clefable|Trick|p1a: Excadrill
|-activate|p2a: Clefable|move: Trick|[of] p1a: Excadrill
|-item|p1a: Excadrill|Choice Specs|[from] move: Trick
|-item|p2a: Clefable|Air Balloon
|-item|p2a: Clefable|Air Balloon|[from] move: Trick
|
|upkeep
|turn|11
|
|t:|1776089787
|switch|p2a: Gholdengo|Gholdengo|100/100
|-damage|p2a: Gholdengo|94/100|[from] Stealth Rock
|move|p1a: Excadrill|Rapid Spin|p2a: Gholdengo
|-immune|p2a: Gholdengo
|
|upkeep
|turn|12
|
|t:|1776089794
|switch|p1a: Hydrapple|Hydrapple, M|100/100
|move|p2a: Gholdengo|Make It Rain|p1a: Hydrapple
|-damage|p1a: Hydrapple|28/100
|-unboost|p2a: Gholdengo|spa|1
|
|upkeep
|turn|13
|
|t:|1776089802
|switch|p1a: Excadrill|Excadrill, F|97/100
|-damage|p1a: Excadrill|94/100|[from] Stealth Rock
|-damage|p1a: Excadrill|82/100|[from] Spikes
|move|p2a: Gholdengo|Make It Rain|p1a: Excadrill
|-resisted|p1a: Excadrill
|-damage|p1a: Excadrill|49/100
|-unboost|p2a: Gholdengo|spa|1
|
|upkeep
|turn|14
|
|t:|1776089821
|switch|p2a: Skarmory|Skarmory, M|74/100
|-damage|p2a: Skarmory|61/100|[from] Stealth Rock
|move|p1a: Excadrill|Iron Head|p2a: Skarmory
|-resisted|p2a: Skarmory
|-damage|p2a: Skarmory|48/100
|
|upkeep
|turn|15
|
|t:|1776089829
|switch|p1a: Tyranitar|Tyranitar, F|78/100
|-damage|p1a: Tyranitar|66/100|[from] Stealth Rock
|-damage|p1a: Tyranitar|53/100|[from] Spikes
|-weather|Sandstorm|[from] ability: Sand Stream|[of] p1a: Tyranitar
|move|p2a: Skarmory|Roost|p2a: Skarmory
|-heal|p2a: Skarmory|98/100
|-singleturn|p2a: Skarmory|move: Roost
|
|-weather|Sandstorm|[upkeep]
|upkeep
|turn|16
|
|t:|1776089839
|move|p2a: Skarmory|Spikes|p1a: Tyranitar
|-sidestart|p1: F0rtuna|Spikes
|move|p1a: Tyranitar|Thunder Wave|p2a: Skarmory
|-status|p2a: Skarmory|par
|
|-weather|Sandstorm|[upkeep]
|upkeep
|turn|17
|
|t:|1776089843
|move|p1a: Tyranitar|Knock Off|p2a: Skarmory
|-damage|p2a: Skarmory|80/100 par
|move|p2a: Skarmory|Spikes|p1a: Tyranitar
|-sidestart|p1: F0rtuna|Spikes
|
|-weather|Sandstorm|[upkeep]
|upkeep
|turn|18
|
|t:|1776089850
|switch|p1a: Excadrill|Excadrill, F|49/100
|-damage|p1a: Excadrill|46/100|[from] Stealth Rock
|-damage|p1a: Excadrill|21/100|[from] Spikes
|move|p2a: Skarmory|Whirlwind|p1a: Excadrill
|drag|p1a: Hydrapple|Hydrapple, M|61/100
|
|-weather|Sandstorm|[upkeep]
|-damage|p1a: Hydrapple|55/100|[from] Sandstorm
|upkeep
|turn|19
|
|t:|1776089862
|move|p1a: Hydrapple|Nasty Plot|p1a: Hydrapple
|-boost|p1a: Hydrapple|spa|2
|move|p2a: Skarmory|Whirlwind|p1a: Hydrapple
|drag|p1a: Zamazenta|Zamazenta|100/100
|-damage|p1a: Zamazenta|94/100|[from] Stealth Rock
|-damage|p1a: Zamazenta|69/100|[from] Spikes
|-ability|p1a: Zamazenta|Dauntless Shield|boost
|-boost|p1a: Zamazenta|def|1
|
|-weather|Sandstorm|[upkeep]
|-damage|p1a: Zamazenta|63/100|[from] Sandstorm
|-heal|p1a: Zamazenta|69/100|[from] item: Leftovers
|upkeep
|turn|20
|
|t:|1776089869
|move|p1a: Zamazenta|Iron Defense|p1a: Zamazenta
|-boost|p1a: Zamazenta|def|2
|move|p2a: Skarmory|Whirlwind|p1a: Zamazenta
|drag|p1a: Hydrapple|Hydrapple, M|88/100
|
|-weather|Sandstorm|[upkeep]
|-damage|p1a: Hydrapple|82/100|[from] Sandstorm
|upkeep
|turn|21
|
|t:|1776089876
|move|p1a: Hydrapple|Fickle Beam|p2a: Skarmory
|-resisted|p2a: Skarmory
|-damage|p2a: Skarmory|57/100 par
|cant|p2a: Skarmory|par
|
|-weather|Sandstorm|[upkeep]
|-damage|p1a: Hydrapple|76/100|[from] Sandstorm
|upkeep
|turn|22
|
|t:|1776089883
|move|p1a: Hydrapple|Fickle Beam|p2a: Skarmory
|-resisted|p2a: Skarmory
|-damage|p2a: Skarmory|33/100 par
|move|p2a: Skarmory|Roost|p2a: Skarmory
|-heal|p2a: Skarmory|83/100 par
|-singleturn|p2a: Skarmory|move: Roost
|
|-weather|none
|upkeep
|turn|23
|
|t:|1776089889
|move|p1a: Hydrapple|Nasty Plot|p1a: Hydrapple
|-boost|p1a: Hydrapple|spa|2
|cant|p2a: Skarmory|par
|
|upkeep
|turn|24
|
|t:|1776089894
|move|p1a: Hydrapple|Fickle Beam|p2a: Skarmory|[anim] Fickle Beam All Out
|-activate|p1a: Hydrapple|move: Fickle Beam
|-resisted|p2a: Skarmory
|-damage|p2a: Skarmory|0 fnt
|faint|p2a: Skarmory
|
|upkeep
|
|t:|1776089900
|switch|p2a: Blastoise|Blastoise, M|100/100
|turn|25
|
|t:|1776089904
|-terastallize|p1a: Hydrapple|Poison
|move|p2a: Blastoise|Ice Beam|p1a: Hydrapple
|-damage|p1a: Hydrapple|53/100
|move|p1a: Hydrapple|Giga Drain|p2a: Blastoise
|-supereffective|p2a: Blastoise
|-damage|p2a: Blastoise|0 fnt
|-heal|p1a: Hydrapple|95/100|[from] drain|[of] p2a: Blastoise
|faint|p2a: Blastoise
|
|upkeep
|
|t:|1776089909
|switch|p2a: Latias|Latias, F|91/100
|-damage|p2a: Latias|78/100|[from] Stealth Rock
|turn|26
|
|t:|1776089916
|move|p2a: Latias|Mist Ball|p1a: Hydrapple
|-supereffective|p1a: Hydrapple
|-damage|p1a: Hydrapple|27/100
|-unboost|p1a: Hydrapple|spa|1
|move|p1a: Hydrapple|Fickle Beam|p2a: Latias
|-supereffective|p2a: Latias
|-damage|p2a: Latias|17/100
|
|-heal|p2a: Latias|23/100|[from] item: Leftovers
|upkeep
|turn|27
|
|t:|1776089926
|move|p2a: Latias|Mist Ball|p1a: Hydrapple
|-supereffective|p1a: Hydrapple
|-damage|p1a: Hydrapple|0 fnt
|faint|p1a: Hydrapple
|
|-heal|p2a: Latias|29/100|[from] item: Leftovers
|upkeep
|
|t:|1776089930
|switch|p1a: Tyranitar|Tyranitar, F|53/100
|-damage|p1a: Tyranitar|41/100|[from] Stealth Rock
|-damage|p1a: Tyranitar|16/100|[from] Spikes
|-weather|Sandstorm|[from] ability: Sand Stream|[of] p1a: Tyranitar
|turn|28
|
|t:|1776089937
|move|p2a: Latias|Draco Meteor|p1a: Tyranitar
|-damage|p1a: Tyranitar|0 fnt
|-unboost|p2a: Latias|spa|2
|faint|p1a: Tyranitar
|
|-weather|Sandstorm|[upkeep]
|-damage|p2a: Latias|23/100|[from] Sandstorm
|-heal|p2a: Latias|29/100|[from] item: Leftovers
|upkeep
|
|t:|1776089947
|switch|p1a: Slowking|Slowking-Galar, M|100/100
|-damage|p1a: Slowking|88/100|[from] Stealth Rock
|-damage|p1a: Slowking|63/100|[from] Spikes
|turn|29
|
|t:|1776089957
|move|p2a: Latias|Recover|p2a: Latias
|-heal|p2a: Latias|79/100
|move|p1a: Slowking|Flamethrower|p2a: Latias
|-resisted|p2a: Latias
|-damage|p2a: Latias|72/100
|
|-weather|Sandstorm|[upkeep]
|-damage|p2a: Latias|66/100|[from] Sandstorm
|-damage|p1a: Slowking|57/100|[from] Sandstorm
|-heal|p2a: Latias|72/100|[from] item: Leftovers
|upkeep
|turn|30
|
|t:|1776089963
|move|p2a: Latias|Recover|p2a: Latias
|-heal|p2a: Latias|100/100
|move|p1a: Slowking|Ice Beam|p2a: Latias
|-supereffective|p2a: Latias
|-crit|p2a: Latias
|-damage|p2a: Latias|61/100
|
|-weather|Sandstorm|[upkeep]
|-damage|p2a: Latias|55/100|[from] Sandstorm
|-damage|p1a: Slowking|51/100|[from] Sandstorm
|-heal|p2a: Latias|61/100|[from] item: Leftovers
|upkeep
|turn|31
|
|t:|1776089970
|switch|p1a: Moltres|Moltres|57/100
|move|p2a: Latias|Mist Ball|p1a: Moltres
|-damage|p1a: Moltres|40/100
|
|-weather|Sandstorm|[upkeep]
|-damage|p2a: Latias|55/100|[from] Sandstorm
|-damage|p1a: Moltres|34/100|[from] Sandstorm
|-heal|p2a: Latias|61/100|[from] item: Leftovers
|upkeep
|turn|32
|
|t:|1776089976
|move|p2a: Latias|Recover|p2a: Latias
|-heal|p2a: Latias|100/100
|move|p1a: Moltres|Roost|p1a: Moltres
|-heal|p1a: Moltres|84/100
|-singleturn|p1a: Moltres|move: Roost
|
|-weather|Sandstorm|[upkeep]
|-damage|p2a: Latias|94/100|[from] Sandstorm
|-damage|p1a: Moltres|78/100|[from] Sandstorm
|-heal|p2a: Latias|100/100|[from] item: Leftovers
|upkeep
|turn|33
|inactive|F0rtuna has 120 seconds left.
|
|t:|1776090006
|switch|p2a: Clefable|Clefable, M|69/100
|-item|p2a: Clefable|Air Balloon
|move|p1a: Moltres|Roar|p2a: Clefable
|drag|p2a: Bisharp|Bisharp, F|95/100 brn
|-damage|p2a: Bisharp|89/100 brn|[from] Stealth Rock
|
|-weather|Sandstorm|[upkeep]
|-damage|p1a: Moltres|72/100|[from] Sandstorm
|-damage|p2a: Bisharp|83/100 brn|[from] brn
|upkeep
|turn|34
|
|t:|1776090015
|switch|p2a: Latias|Latias, F|100/100
|-damage|p2a: Latias|88/100|[from] Stealth Rock
|move|p1a: Moltres|Flamethrower|p2a: Latias
|-resisted|p2a: Latias
|-damage|p2a: Latias|77/100
|
|-weather|Sandstorm|[upkeep]
|-damage|p2a: Latias|71/100|[from] Sandstorm
|-damage|p1a: Moltres|66/100|[from] Sandstorm
|-heal|p2a: Latias|77/100|[from] item: Leftovers
|upkeep
|turn|35
|
|t:|1776090021
|move|p2a: Latias|Mist Ball|p1a: Moltres
|-damage|p1a: Moltres|31/100
|move|p1a: Moltres|U-turn|p2a: Latias
|-supereffective|p2a: Latias
|-damage|p2a: Latias|50/100
|
|t:|1776090027
|switch|p1a: Excadrill|Excadrill, F|21/100|[from] U-turn
|-damage|p1a: Excadrill|18/100|[from] Stealth Rock
|-damage|p1a: Excadrill|0 fnt|[from] Spikes
|faint|p1a: Excadrill
|
|-weather|none
|-heal|p2a: Latias|56/100|[from] item: Leftovers
|upkeep
|
|t:|1776090033
|switch|p1a: Zamazenta|Zamazenta|69/100
|-damage|p1a: Zamazenta|63/100|[from] Stealth Rock
|-damage|p1a: Zamazenta|38/100|[from] Spikes
|turn|36
|
|t:|1776090035
|move|p1a: Zamazenta|Crunch|p2a: Latias
|-supereffective|p2a: Latias
|-damage|p2a: Latias|11/100
|-unboost|p2a: Latias|def|1
|move|p2a: Latias|Mist Ball|p1a: Zamazenta
|-supereffective|p1a: Zamazenta
|-damage|p1a: Zamazenta|0 fnt
|faint|p1a: Zamazenta
|
|-heal|p2a: Latias|17/100|[from] item: Leftovers
|upkeep
|
|t:|1776090040
|switch|p1a: Moltres|Moltres|31/100
|turn|37
|
|t:|1776090043
|move|p2a: Latias|Mist Ball|p1a: Moltres
|-damage|p1a: Moltres|0 fnt
|faint|p1a: Moltres
|
|-heal|p2a: Latias|23/100|[from] item: Leftovers
|upkeep
|-message|F0rtuna forfeited.
|
|win|Dued03
|raw|F0rtuna's rating: 1389 &rarr; <strong>1367</strong><br />(-22 for losing)
|raw|Dued03's rating: 1353 &rarr; <strong>1375</strong><br />(+22 for winning)
|l|☆F0rtuna
|player|p1|
|l|☆Dued03
|player|p2|
