|html|<div class="broadcast-blue"><strong>[Gen 9] OU is currently suspecting Tera Blast! For information on how to participate check out the <a href="https://www.smogon.com/tools/suspects/view/200">suspect thread</a>.</strong></div>
|j|☆DaBlueCrab
|j|☆patcheele~
|t:|1776324546
|gametype|singles
|player|p1|DaBlueCrab|lucas|1385
|player|p2|patcheele~|preschooler-gen7|1346
|gen|9
|tier|[Gen 9] OU
|rated|
|rule|HP Percentage Mod: HP is shown in percentages
|rule|Endless Battle Clause: Forcing endless battles is banned
|rule|Species Clause: Limit one of each Pokémon
|rule|OHKO Clause: OHKO moves are banned
|rule|Evasion Items Clause: Evasion items are banned
|rule|Evasion Moves Clause: Evasion moves are banned
|rule|Evasion Abilities Clause: Evasion abilities are banned
|rule|Sleep Moves Clause: Sleep-inducing moves are banned
|clearpoke
|poke|p1|Tyranitar, F|
|poke|p1|Primarina, M|
|poke|p1|Kingambit, M|
|poke|p1|Zapdos|
|poke|p1|Dragapult, M|
|poke|p1|Gliscor, F|
|poke|p2|Dragapult, F|
|poke|p2|Alomomola, F|
|poke|p2|Slowking-Galar, M|
|poke|p2|Great Tusk|
|poke|p2|Enamorus, F|
|poke|p2|Ogerpon-Wellspring, F|
|teampreview
|inactive|Battle timer is ON: inactive players will automatically lose when time's up. (requested by DaBlueCrab)
|
|t:|1776324572
|teamsize|p1|6
|teamsize|p2|6
|start
|switch|p1a: Zapdos|Zapdos|100/100
|switch|p2a: Alomomola|Alomomola, F|100/100
|turn|1
|
|t:|1776324581
|move|p1a: Zapdos|Thunder Wave|p2a: Alomomola
|-status|p2a: Alomomola|par
|move|p2a: Alomomola|Flip Turn|p1a: Zapdos
|-damage|p1a: Zapdos|85/100
|
|t:|1776324587
|switch|p2a: Slowking|Slowking-Galar, M|100/100|[from] Flip Turn
|
|upkeep
|turn|2
|
|t:|1776324593
|move|p1a: Zapdos|Thunder Wave|p2a: Slowking
|-status|p2a: Slowking|par
|move|p2a: Slowking|Future Sight|p1a: Zapdos
|-start|p2a: Slowking|move: Future Sight
|
|upkeep
|turn|3
|
|t:|1776324601
|move|p1a: Zapdos|Hurricane|p2a: Slowking|[miss]
|-miss|p1a: Zapdos|p2a: Slowking
|move|p2a: Slowking|Sludge Bomb|p1a: Zapdos
|-damage|p1a: Zapdos|52/100
|
|upkeep
|turn|4
|
|t:|1776324606
|move|p1a: Zapdos|Volt Switch|p2a: Slowking
|-damage|p2a: Slowking|76/100 par
|
|t:|1776324610
|switch|p1a: Tyranitar|Tyranitar, F|100/100|[from] Volt Switch
|-weather|Sandstorm|[from] ability: Sand Stream|[of] p1a: Tyranitar
|move|p2a: Slowking|Sludge Bomb|p1a: Tyranitar
|-resisted|p1a: Tyranitar
|-damage|p1a: Tyranitar|94/100
|-status|p1a: Tyranitar|psn
|
|-weather|Sandstorm|[upkeep]
|-damage|p2a: Slowking|70/100 par|[from] Sandstorm
|-end|p1a: Tyranitar|move: Future Sight
|-immune|p1a: Tyranitar
|-damage|p1a: Tyranitar|81/100 psn|[from] psn
|upkeep
|turn|5
|
|t:|1776324617
|switch|p2a: Alomomola|Alomomola, F|100/100 par
|move|p1a: Tyranitar|Knock Off|p2a: Alomomola
|-damage|p2a: Alomomola|70/100 par
|-enditem|p2a: Alomomola|Heavy-Duty Boots|[from] move: Knock Off|[of] p1a: Tyranitar
|
|-weather|Sandstorm|[upkeep]
|-damage|p2a: Alomomola|64/100 par|[from] Sandstorm
|-damage|p1a: Tyranitar|69/100 psn|[from] psn
|upkeep
|turn|6
|
|t:|1776324634
|switch|p1a: Zapdos|Zapdos|52/100
|cant|p2a: Alomomola|par
|
|-weather|Sandstorm|[upkeep]
|-damage|p1a: Zapdos|45/100|[from] Sandstorm
|-damage|p2a: Alomomola|58/100 par|[from] Sandstorm
|upkeep
|turn|7
|
|t:|1776324662
|move|p1a: Zapdos|Roost|p1a: Zapdos
|-heal|p1a: Zapdos|95/100
|-singleturn|p1a: Zapdos|move: Roost
|move|p2a: Alomomola|Flip Turn|p1a: Zapdos
|-damage|p1a: Zapdos|78/100
|
|t:|1776324669
|switch|p2a: Slowking|Slowking-Galar, M|100/100 par|[from] Flip Turn
|
|-weather|Sandstorm|[upkeep]
|-damage|p1a: Zapdos|72/100|[from] Sandstorm
|-damage|p2a: Slowking|94/100 par|[from] Sandstorm
|upkeep
|turn|8
|
|t:|1776324675
|move|p1a: Zapdos|Volt Switch|p2a: Slowking
|-damage|p2a: Slowking|72/100 par
|
|t:|1776324685
|switch|p1a: Kingambit|Kingambit, M|100/100|[from] Volt Switch
|move|p2a: Slowking|Future Sight|p1a: Kingambit
|-start|p2a: Slowking|move: Future Sight
|
|-weather|none
|upkeep
|turn|9
|
|t:|1776324690
|switch|p2a: Great Tusk|Great Tusk|100/100
|move|p1a: Kingambit|Swords Dance|p1a: Kingambit
|-boost|p1a: Kingambit|atk|2
|
|upkeep
|turn|10
|
|t:|1776324700
|-end|p1a: Kingambit|fallenundefined|[silent]
|switch|p1a: Gliscor|Gliscor, F|100/100
|move|p2a: Great Tusk|Headlong Rush|p1a: Gliscor
|-immune|p1a: Gliscor
|
|-end|p1a: Gliscor|move: Future Sight
|-damage|p1a: Gliscor|43/100
|-status|p1a: Gliscor|tox|[from] item: Toxic Orb
|upkeep
|turn|11
|
|t:|1776324710
|move|p1a: Gliscor|Protect|p1a: Gliscor
|-singleturn|p1a: Gliscor|Protect
|move|p2a: Great Tusk|Stealth Rock|p1a: Gliscor
|-sidestart|p1: DaBlueCrab|move: Stealth Rock
|
|-heal|p1a: Gliscor|55/100 tox|[from] ability: Poison Heal
|upkeep
|turn|12
|
|t:|1776324718
|move|p2a: Great Tusk|Ice Spinner|p1a: Gliscor
|-supereffective|p1a: Gliscor
|-damage|p1a: Gliscor|0 fnt
|faint|p1a: Gliscor
|
|upkeep
|
|t:|1776324724
|switch|p1a: Zapdos|Zapdos|72/100
|turn|13
|
|t:|1776324731
|-end|p2a: Great Tusk|Protosynthesis|[silent]
|switch|p2a: Slowking|Slowking-Galar, M|100/100 par
|move|p1a: Zapdos|Hurricane|p2a: Slowking|[miss]
|-miss|p1a: Zapdos|p2a: Slowking
|
|upkeep
|turn|14
|
|t:|1776324736
|move|p1a: Zapdos|Volt Switch|p2a: Slowking
|-damage|p2a: Slowking|76/100 par
|
|t:|1776324742
|switch|p1a: Tyranitar|Tyranitar, F|69/100 psn|[from] Volt Switch
|-damage|p1a: Tyranitar|57/100 psn|[from] Stealth Rock
|-weather|Sandstorm|[from] ability: Sand Stream|[of] p1a: Tyranitar
|cant|p2a: Slowking|par
|
|-weather|Sandstorm|[upkeep]
|-damage|p2a: Slowking|70/100 par|[from] Sandstorm
|-damage|p1a: Tyranitar|44/100 psn|[from] psn
|upkeep
|turn|15
|
|t:|1776324752
|switch|p2a: Alomomola|Alomomola, F|91/100 par
|move|p1a: Tyranitar|Stone Edge|p2a: Alomomola
|-crit|p2a: Alomomola
|-damage|p2a: Alomomola|45/100 par
|
|-weather|Sandstorm|[upkeep]
|-damage|p2a: Alomomola|39/100 par|[from] Sandstorm
|-damage|p1a: Tyranitar|32/100 psn|[from] psn
|upkeep
|turn|16
|
|t:|1776324759
|move|p1a: Tyranitar|Stone Edge|p2a: Alomomola
|-damage|p2a: Alomomola|8/100 par
|move|p2a: Alomomola|Wish|p2a: Alomomola
|
|-weather|Sandstorm|[upkeep]
|-damage|p2a: Alomomola|2/100 par|[from] Sandstorm
|-damage|p1a: Tyranitar|20/100 psn|[from] psn
|upkeep
|turn|17
|
|t:|1776324768
|move|p2a: Alomomola|Protect|p2a: Alomomola
|-singleturn|p2a: Alomomola|Protect
|move|p1a: Tyranitar|Knock Off|p2a: Alomomola
|-activate|p2a: Alomomola|move: Protect
|
|-weather|Sandstorm|[upkeep]
|-damage|p2a: Alomomola|0 fnt|[from] Sandstorm
|faint|p2a: Alomomola
|-damage|p1a: Tyranitar|7/100 psn|[from] psn
|upkeep
|c|☆patcheele~|oops
|
|t:|1776324786
|switch|p2a: Dragapult|Dragapult, F|100/100
|turn|18
|
|t:|1776324789
|move|p2a: Dragapult|U-turn|p1a: Tyranitar
|-supereffective|p1a: Tyranitar
|-damage|p1a: Tyranitar|0 fnt
|faint|p1a: Tyranitar
|
|t:|1776324792
|switch|p2a: Slowking|Slowking-Galar, M|100/100 par|[from] U-turn
|
|-weather|none
|upkeep
|
|t:|1776324797
|switch|p1a: Kingambit|Kingambit, M|100/100
|-damage|p1a: Kingambit|94/100|[from] Stealth Rock
|-activate|p1a: Kingambit|ability: Supreme Overlord
|-start|p1a: Kingambit|fallen2|[silent]
|turn|19
|
|t:|1776324801
|move|p1a: Kingambit|Kowtow Cleave|p2a: Slowking
|-supereffective|p2a: Slowking
|-damage|p2a: Slowking|0 fnt
|faint|p2a: Slowking
|
|upkeep
|
|t:|1776324804
|switch|p2a: Great Tusk|Great Tusk|100/100
|turn|20
|
|t:|1776324809
|-end|p1a: Kingambit|fallen2|[silent]
|switch|p1a: Zapdos|Zapdos|72/100
|move|p2a: Great Tusk|Headlong Rush|p1a: Zapdos
|-immune|p1a: Zapdos
|
|upkeep
|turn|21
|
|t:|1776324817
|move|p2a: Great Tusk|Ice Spinner|p1a: Zapdos
|-supereffective|p1a: Zapdos
|-damage|p1a: Zapdos|23/100
|-status|p2a: Great Tusk|par|[from] ability: Static|[of] p1a: Zapdos
|move|p1a: Zapdos|Thunder Wave|p2a: Great Tusk
|-immune|p2a: Great Tusk
|
|upkeep
|turn|22
|
|t:|1776324823
|move|p1a: Zapdos|Roost|p1a: Zapdos
|-heal|p1a: Zapdos|73/100
|-singleturn|p1a: Zapdos|move: Roost
|move|p2a: Great Tusk|Ice Spinner|p1a: Zapdos
|-damage|p1a: Zapdos|50/100
|
|upkeep
|turn|23
|
|t:|1776324831
|move|p1a: Zapdos|Roost|p1a: Zapdos
|-heal|p1a: Zapdos|99/100
|-singleturn|p1a: Zapdos|move: Roost
|move|p2a: Great Tusk|Headlong Rush|p1a: Zapdos
|-supereffective|p1a: Zapdos
|-damage|p1a: Zapdos|0 fnt
|-unboost|p2a: Great Tusk|def|1
|-unboost|p2a: Great Tusk|spd|1
|faint|p1a: Zapdos
|
|upkeep
|
|t:|1776324837
|switch|p1a: Primarina|Primarina, M|100/100
|-damage|p1a: Primarina|88/100|[from] Stealth Rock
|turn|24
|
|t:|1776324841
|-end|p2a: Great Tusk|Protosynthesis|[silent]
|switch|p2a: Ogerpon|Ogerpon-Wellspring, F|100/100
|move|p1a: Primarina|Surf|p2a: Ogerpon
|-immune|p2a: Ogerpon|[from] ability: Water Absorb
|
|upkeep
|turn|25
|
|t:|1776324848
|move|p2a: Ogerpon|Swords Dance|p2a: Ogerpon
|-boost|p2a: Ogerpon|atk|2
|move|p1a: Primarina|Moonblast|p2a: Ogerpon
|-damage|p2a: Ogerpon|35/100
|
|upkeep
|turn|26
|
|t:|1776324851
|-terastallize|p2a: Ogerpon|Water
|detailschange|p2a: Ogerpon|Ogerpon-Wellspring-Tera, F, tera:Water
|-ability|p2a: Ogerpon|Embody Aspect (Wellspring)|boost
|-boost|p2a: Ogerpon|spd|1
|move|p2a: Ogerpon|Trailblaze|p1a: Primarina
|-supereffective|p1a: Primarina
|-damage|p1a: Primarina|0 fnt
|-boost|p2a: Ogerpon|spe|1
|faint|p1a: Primarina
|
|upkeep
|
|t:|1776324859
|switch|p1a: Kingambit|Kingambit, M|94/100
|-damage|p1a: Kingambit|88/100|[from] Stealth Rock
|-activate|p1a: Kingambit|ability: Supreme Overlord
|-start|p1a: Kingambit|fallen4|[silent]
|turn|27
|
|t:|1776324866
|move|p2a: Ogerpon|Ivy Cudgel|p1a: Kingambit|[anim] Ivy Cudgel Water
|-damage|p1a: Kingambit|0 fnt
|faint|p1a: Kingambit
|-end|p1a: Kingambit|fallen4|[silent]
|
|upkeep
|
|t:|1776324869
|switch|p1a: Dragapult|Dragapult, M|100/100
|-damage|p1a: Dragapult|88/100|[from] Stealth Rock
|turn|28
|
|t:|1776324872
|move|p2a: Ogerpon|Knock Off|p1a: Dragapult
|-supereffective|p1a: Dragapult
|-damage|p1a: Dragapult|0 fnt
|-enditem|p1a: Dragapult|Choice Specs|[from] move: Knock Off|[of] p2a: Ogerpon
|faint|p1a: Dragapult
|
|win|patcheele~
|raw|DaBlueCrab's rating: 1385 &rarr; <strong>1363</strong><br />(-22 for losing)
|raw|patcheele~'s rating: 1346 &rarr; <strong>1368</strong><br />(+22 for winning)
|l|☆DaBlueCrab
|player|p1|
|c|☆patcheele~|gg
