|html|<div class="broadcast-blue"><strong>[Gen 9] OU is currently suspecting Tera Blast! For information on how to participate check out the <a href="https://www.smogon.com/tools/suspects/view/200">suspect thread</a>.</strong></div>
|j|☆krefff
|j|☆PkmnJiffy
|t:|1776288747
|gametype|singles
|player|p1|krefff|ninjaboy|1100
|player|p2|PkmnJiffy|shauntal|1083
|gen|9
|tier|[Gen 9] OU
|rated|
|rule|HP Percentage Mod: HP is shown in percentages
|rule|Endless Battle Clause: Forcing endless battles is banned
|rule|Species Clause: Limit one of each Pokémon
|rule|OHKO Clause: OHKO moves are banned
|rule|Evasion Items Clause: Evasion items are banned
|rule|Evasion Moves Clause: Evasion moves are banned
|rule|Evasion Abilities Clause: Evasion abilities are banned
|rule|Sleep Moves Clause: Sleep-inducing moves are banned
|clearpoke
|poke|p1|Garchomp, F|
|poke|p1|Kingambit, M|
|poke|p1|Gholdengo|
|poke|p1|Great Tusk|
|poke|p1|Iron Valiant|
|poke|p1|Clodsire, F|
|poke|p2|Mimikyu, M|
|poke|p2|Ogerpon-Wellspring, F|
|poke|p2|Zoroark-Hisui, M|
|poke|p2|Tinkaton, F|
|poke|p2|Dragapult, F|
|poke|p2|Malamar, M|
|teampreview
|inactive|Battle timer is ON: inactive players will automatically lose when time's up. (requested by PkmnJiffy)
|
|t:|1776288754
|teamsize|p1|6
|teamsize|p2|6
|start
|switch|p1a: Great Tusk|Great Tusk, shiny|100/100
|switch|p2a: Ponyo|Ogerpon-Wellspring, F|100/100
|turn|1
|
|t:|1776288762
|-end|p1a: Great Tusk|Protosynthesis|[silent]
|switch|p1a: Clodsire|Clodsire, F, shiny|100/100
|move|p2a: Ponyo|Swords Dance|p2a: Ponyo
|-boost|p2a: Ponyo|atk|2
|
|upkeep
|turn|2
|
|t:|1776288769
|-terastallize|p2a: Ponyo|Water
|detailschange|p2a: Ponyo|Ogerpon-Wellspring-Tera, F, tera:Water
|-ability|p2a: Ponyo|Embody Aspect (Wellspring)|boost
|-boost|p2a: Ponyo|spd|1
|move|p2a: Ponyo|Swords Dance|p2a: Ponyo
|-boost|p2a: Ponyo|atk|2
|move|p1a: Clodsire|Toxic|p2a: Ponyo
|-status|p2a: Ponyo|tox
|
|-damage|p2a: Ponyo|95/100 tox|[from] psn
|upkeep
|turn|3
|
|t:|1776288781
|move|p2a: Ponyo|Knock Off|p1a: Clodsire
|-damage|p1a: Clodsire|0 fnt
|-enditem|p1a: Clodsire|Leftovers|[from] move: Knock Off|[of] p2a: Ponyo
|faint|p1a: Clodsire
|
|-damage|p2a: Ponyo|83/100 tox|[from] psn
|upkeep
|
|t:|1776288785
|switch|p1a: Great Tusk|Great Tusk, shiny|100/100
|turn|4
|
|t:|1776288790
|move|p2a: Ponyo|Ivy Cudgel|p1a: Great Tusk|[anim] Ivy Cudgel Water
|-supereffective|p1a: Great Tusk
|-damage|p1a: Great Tusk|0 fnt
|faint|p1a: Great Tusk
|-end|p1a: Great Tusk|Protosynthesis|[silent]
|
|-damage|p2a: Ponyo|65/100 tox|[from] psn
|upkeep
|
|t:|1776288794
|switch|p1a: Iron Valiant|Iron Valiant, shiny|100/100
|-enditem|p1a: Iron Valiant|Booster Energy
|-activate|p1a: Iron Valiant|ability: Quark Drive|[fromitem]
|-start|p1a: Iron Valiant|quarkdrivespe
|turn|5
|
|t:|1776288802
|move|p1a: Iron Valiant|Thunderbolt|p2a: Ponyo
|-supereffective|p2a: Ponyo
|-damage|p2a: Ponyo|17/100 tox
|move|p2a: Ponyo|Ivy Cudgel|p1a: Iron Valiant|[anim] Ivy Cudgel Water
|-damage|p1a: Iron Valiant|0 fnt
|faint|p1a: Iron Valiant
|-end|p1a: Iron Valiant|Quark Drive|[silent]
|
|-damage|p2a: Ponyo|0 fnt|[from] psn
|faint|p2a: Ponyo
|detailschange|p2: Ponyo|Ogerpon-Wellspring, F|[silent]
|upkeep
|
|t:|1776288814
|switch|p1a: Gholdengo|Gholdengo|100/100
|switch|p2a: TinkaTinka|Tinkaton, F|100/100
|turn|6
|
|t:|1776288826
|move|p1a: Gholdengo|Trick|p2a: TinkaTinka
|-activate|p1a: Gholdengo|move: Trick|[of] p2a: TinkaTinka
|-item|p2a: TinkaTinka|Choice Scarf|[from] move: Trick
|-item|p1a: Gholdengo|Toxic Orb|[from] move: Trick
|move|p2a: TinkaTinka|Trick|p1a: Gholdengo
|-immune|p1a: Gholdengo|[from] ability: Good as Gold
|
|upkeep
|turn|7
|
|t:|1776288846
|switch|p2a: TinkaTinka|Tinkaton, F|100/100
|-ability|p2a: TinkaTinka|Mold Breaker
|-item|p2a: TinkaTinka|Air Balloon
|move|p1a: Gholdengo|Nasty Plot|p1a: Gholdengo
|-boost|p1a: Gholdengo|spa|2
|
|upkeep
|turn|8
|c|☆PkmnJiffy|Im switching
|
|t:|1776288866
|switch|p2a: Kyu|Mimikyu, M|100/100
|move|p1a: Gholdengo|Trick|p2a: Kyu
|-activate|p1a: Gholdengo|move: Trick|[of] p2a: Kyu
|-item|p2a: Kyu|Toxic Orb|[from] move: Trick
|-item|p1a: Gholdengo|Red Card|[from] move: Trick
|
|-status|p2a: Kyu|tox|[from] item: Toxic Orb
|upkeep
|turn|9
|
|t:|1776288884
|move|p1a: Gholdengo|Trick|p2a: Kyu
|-activate|p1a: Gholdengo|move: Trick|[of] p2a: Kyu
|-item|p2a: Kyu|Red Card|[from] move: Trick
|-item|p1a: Gholdengo|Toxic Orb|[from] move: Trick
|move|p2a: Kyu|Night Shade|p1a: Gholdengo
|-damage|p1a: Gholdengo|69/100
|
|-damage|p2a: Kyu|94/100 tox|[from] psn
|upkeep
|turn|10
|
|t:|1776288898
|move|p1a: Gholdengo|Shadow Ball|p2a: Kyu
|-activate|p2a: Kyu|ability: Disguise
|-damage|p2a: Kyu|94/100 tox
|detailschange|p2a: Kyu|Mimikyu-Busted, M
|-damage|p2a: Kyu|82/100 tox|[from] pokemon: Mimikyu-Busted
|-enditem|p2a: Kyu|Red Card|[of] p1a: Gholdengo
|drag|p1a: Garchomp|Garchomp, F, shiny|100/100
|move|p2a: Kyu|Night Shade|p1a: Garchomp
|-damage|p1a: Garchomp|72/100
|
|-damage|p2a: Kyu|70/100 tox|[from] psn
|upkeep
|turn|11
|
|t:|1776288916
|-terastallize|p1a: Garchomp|Steel
|move|p1a: Garchomp|Swords Dance|p1a: Garchomp
|-boost|p1a: Garchomp|atk|2
|move|p2a: Kyu|Night Shade|p1a: Garchomp
|-damage|p1a: Garchomp|44/100
|
|-damage|p2a: Kyu|51/100 tox|[from] psn
|upkeep
|turn|12
|
|t:|1776288928
|move|p1a: Garchomp|Earthquake|p2a: Kyu
|-damage|p2a: Kyu|0 fnt
|faint|p2a: Kyu
|
|upkeep
|
|t:|1776288935
|switch|p2a: Dratlas|Dragapult, F|100/100
|turn|13
|
|t:|1776288943
|move|p2a: Dratlas|Flamethrower|p1a: Garchomp
|-supereffective|p1a: Garchomp
|-damage|p1a: Garchomp|0 fnt
|faint|p1a: Garchomp
|
|upkeep
|
|t:|1776288946
|switch|p1a: Gholdengo|Gholdengo|69/100
|turn|14
|
|t:|1776288956
|move|p2a: Dratlas|Shadow Ball|p1a: Gholdengo
|-supereffective|p1a: Gholdengo
|-damage|p1a: Gholdengo|4/100
|move|p1a: Gholdengo|Shadow Ball|p2a: Dratlas
|-supereffective|p2a: Dratlas
|-damage|p2a: Dratlas|0 fnt
|faint|p2a: Dratlas
|
|upkeep
|
|t:|1776288966
|switch|p2a: Wormy|Malamar, M, shiny|100/100
|turn|15
|
|t:|1776288975
|move|p2a: Wormy|Poltergeist|p1a: Gholdengo
|-activate|p1a: Gholdengo|move: Poltergeist|Toxic Orb
|-supereffective|p1a: Gholdengo
|-damage|p1a: Gholdengo|0 fnt
|faint|p1a: Gholdengo
|
|upkeep
|
|t:|1776288980
|switch|p1a: Kingambit|Kingambit, M|100/100
|-activate|p1a: Kingambit|ability: Supreme Overlord
|-start|p1a: Kingambit|fallen5|[silent]
|turn|16
|
|t:|1776288989
|move|p1a: Kingambit|Sucker Punch|p2a: Wormy
|-supereffective|p2a: Wormy
|-damage|p2a: Wormy|0 fnt
|replace|p2a: Zorin|Zoroark-Hisui, M, shiny
|-end|p2a: Zorin|Illusion
|faint|p2a: Zorin
|
|upkeep
|
|t:|1776288993
|switch|p2a: Wormy|Malamar, M, shiny|100/100
|turn|17
|
|t:|1776289001
|move|p2a: Wormy|Superpower|p1a: Kingambit
|-supereffective|p1a: Kingambit
|-damage|p1a: Kingambit|4/100
|-boost|p2a: Wormy|atk|1
|-boost|p2a: Wormy|def|1
|move|p1a: Kingambit|Swords Dance|p1a: Kingambit
|-boost|p1a: Kingambit|atk|2
|
|upkeep
|turn|18
|
|t:|1776289012
|move|p1a: Kingambit|Sucker Punch|p2a: Wormy
|-enditem|p2a: Wormy|Focus Sash
|-damage|p2a: Wormy|1/100
|move|p2a: Wormy|Liquidation|p1a: Kingambit
|-damage|p1a: Kingambit|0 fnt
|faint|p1a: Kingambit
|-end|p1a: Kingambit|fallen5|[silent]
|
|win|PkmnJiffy
|raw|krefff's rating: 1100 &rarr; <strong>1074</strong><br />(-26 for losing)
|raw|PkmnJiffy's rating: 1083 &rarr; <strong>1112</strong><br />(+29 for winning)
|l|☆krefff
|player|p1|
