|html|<div class="broadcast-blue"><strong>[Gen 9] OU is currently suspecting Tera Blast! For information on how to participate check out the <a href="https://www.smogon.com/tools/suspects/view/200">suspect thread</a>.</strong></div>
|j|☆ChewieeVGC
|j|☆raxu99
|t:|1776082724
|gametype|singles
|player|p1|ChewieeVGC|101|1355
|player|p2|raxu99|266|1358
|gen|9
|tier|[Gen 9] OU
|rated|
|rule|HP Percentage Mod: HP is shown in percentages
|rule|Endless Battle Clause: Forcing endless battles is banned
|rule|Species Clause: Limit one of each Pokémon
|rule|OHKO Clause: OHKO moves are banned
|rule|Evasion Items Clause: Evasion items are banned
|rule|Evasion Moves Clause: Evasion moves are banned
|rule|Evasion Abilities Clause: Evasion abilities are banned
|rule|Sleep Moves Clause: Sleep-inducing moves are banned
|clearpoke
|poke|p1|Ogerpon-Wellspring, F|
|poke|p1|Gliscor, M|
|poke|p1|Iron Valiant|
|poke|p1|Darkrai|
|poke|p1|Cinderace, M|
|poke|p1|Tinkaton, F|
|poke|p2|Great Tusk|
|poke|p2|Dragapult, M|
|poke|p2|Ceruledge, F|
|poke|p2|Scyther, F|
|poke|p2|Kleavor, F|
|poke|p2|Rotom-Wash|
|teampreview
|inactive|Battle timer is ON: inactive players will automatically lose when time's up. (requested by ChewieeVGC)
|
|t:|1776082736
|teamsize|p1|6
|teamsize|p2|6
|start
|switch|p1a: Ogerpon|Ogerpon-Wellspring, F|100/100
|switch|p2a: Kleavor|Kleavor, F|100/100
|turn|1
|
|t:|1776082744
|move|p2a: Kleavor|X-Scissor|p1a: Ogerpon
|-supereffective|p1a: Ogerpon
|-damage|p1a: Ogerpon|0 fnt
|faint|p1a: Ogerpon
|
|upkeep
|inactive|ChewieeVGC has 120 seconds left.
|
|t:|1776082777
|switch|p1a: Tinkaton|Tinkaton, F|100/100
|-ability|p1a: Tinkaton|Mold Breaker
|turn|2
|
|t:|1776082787
|switch|p2a: Rotom|Rotom-Wash|100/100
|move|p1a: Tinkaton|Gigaton Hammer|p2a: Rotom
|-resisted|p2a: Rotom
|-damage|p2a: Rotom|87/100
|
|-heal|p2a: Rotom|94/100|[from] item: Leftovers
|upkeep
|turn|3
|
|t:|1776082803
|move|p1a: Tinkaton|Knock Off|p2a: Rotom
|-damage|p2a: Rotom|72/100
|-enditem|p2a: Rotom|Leftovers|[from] move: Knock Off|[of] p1a: Tinkaton
|move|p2a: Rotom|Thunder Wave|p1a: Tinkaton
|-status|p1a: Tinkaton|par
|
|upkeep
|turn|4
|inactive|ChewieeVGC has 120 seconds left.
|
|t:|1776082820
|move|p2a: Rotom|Hydro Pump|p1a: Tinkaton
|-damage|p1a: Tinkaton|77/100 par
|move|p1a: Tinkaton|Play Rough|p2a: Rotom
|-damage|p2a: Rotom|42/100
|
|upkeep
|turn|5
|
|t:|1776082828
|move|p2a: Rotom|Pain Split|p1a: Tinkaton
|-sethp|p1a: Tinkaton|55/100 par|[from] move: Pain Split|[silent]
|-sethp|p2a: Rotom|68/100|[from] move: Pain Split
|move|p1a: Tinkaton|Play Rough|p2a: Rotom
|-damage|p2a: Rotom|41/100
|
|upkeep
|turn|6
|
|t:|1776082836
|move|p2a: Rotom|Volt Switch|p1a: Tinkaton
|-damage|p1a: Tinkaton|41/100 par
|
|t:|1776082844
|switch|p2a: Ceruledge|Ceruledge, F|100/100|[from] Volt Switch
|cant|p1a: Tinkaton|par
|
|upkeep
|turn|7
|
|t:|1776082855
|move|p2a: Ceruledge|Bitter Blade|p1a: Tinkaton
|-supereffective|p1a: Tinkaton
|-damage|p1a: Tinkaton|0 fnt
|faint|p1a: Tinkaton
|-damage|p2a: Ceruledge|91/100|[from] item: Life Orb
|
|upkeep
|
|t:|1776082870
|switch|p1a: Darkrai|Darkrai|100/100
|turn|8
|
|t:|1776082878
|switch|p2a: Rotom|Rotom-Wash|41/100
|move|p1a: Darkrai|Dark Pulse|p2a: Rotom
|-damage|p2a: Rotom|0 fnt
|faint|p2a: Rotom
|
|upkeep
|
|t:|1776082883
|switch|p2a: Kleavor|Kleavor, F|100/100
|turn|9
|
|t:|1776082889
|switch|p1a: Gliscor|Gliscor, M|100/100
|move|p2a: Kleavor|Stone Axe|p1a: Gliscor|[miss]
|-miss|p2a: Kleavor|p1a: Gliscor
|
|-status|p1a: Gliscor|tox|[from] item: Toxic Orb
|upkeep
|turn|10
|
|t:|1776082898
|move|p2a: Kleavor|Stone Axe|p1a: Gliscor
|-damage|p1a: Gliscor|67/100 tox
|-sidestart|p1: ChewieeVGC|move: Stealth Rock
|move|p1a: Gliscor|Earthquake|p2a: Kleavor
|-damage|p2a: Kleavor|56/100
|
|-heal|p1a: Gliscor|79/100 tox|[from] ability: Poison Heal
|upkeep
|turn|11
|
|t:|1776082908
|switch|p2a: Scyther|Scyther, F|100/100
|move|p1a: Gliscor|Earthquake|p2a: Scyther
|-immune|p2a: Scyther
|
|-heal|p1a: Gliscor|91/100 tox|[from] ability: Poison Heal
|upkeep
|turn|12
|
|t:|1776082916
|move|p2a: Scyther|Trailblaze|p1a: Gliscor
|-damage|p1a: Gliscor|77/100 tox
|-boost|p2a: Scyther|spe|1
|move|p1a: Gliscor|Toxic|p2a: Scyther
|-status|p2a: Scyther|tox
|
|-damage|p2a: Scyther|94/100 tox|[from] psn
|-heal|p1a: Gliscor|89/100 tox|[from] ability: Poison Heal
|upkeep
|turn|13
|
|t:|1776082925
|move|p1a: Gliscor|Protect|p1a: Gliscor
|-singleturn|p1a: Gliscor|Protect
|move|p2a: Scyther|Swords Dance|p2a: Scyther
|-boost|p2a: Scyther|atk|2
|
|-damage|p2a: Scyther|82/100 tox|[from] psn
|-heal|p1a: Gliscor|100/100 tox|[from] ability: Poison Heal
|upkeep
|turn|14
|
|t:|1776082931
|move|p1a: Gliscor|Protect||[still]
|-fail|p1a: Gliscor
|move|p2a: Scyther|Dual Wingbeat|p1a: Gliscor
|-damage|p1a: Gliscor|67/100 tox
|-damage|p1a: Gliscor|35/100 tox
|-hitcount|p1a: Gliscor|2
|
|-damage|p2a: Scyther|64/100 tox|[from] psn
|-heal|p1a: Gliscor|47/100 tox|[from] ability: Poison Heal
|upkeep
|turn|15
|
|t:|1776082944
|move|p2a: Scyther|Dual Wingbeat|p1a: Gliscor
|-damage|p1a: Gliscor|16/100 tox
|-damage|p1a: Gliscor|0 fnt
|faint|p1a: Gliscor
|-hitcount|p1: Gliscor|2
|
|-damage|p2a: Scyther|40/100 tox|[from] psn
|upkeep
|
|t:|1776082948
|switch|p1a: Iron Valiant|Iron Valiant|100/100
|-damage|p1a: Iron Valiant|94/100|[from] Stealth Rock
|-enditem|p1a: Iron Valiant|Booster Energy
|-activate|p1a: Iron Valiant|ability: Quark Drive|[fromitem]
|-start|p1a: Iron Valiant|quarkdrivespe
|turn|16
|
|t:|1776082956
|move|p1a: Iron Valiant|Moonblast|p2a: Scyther
|-damage|p2a: Scyther|0 fnt
|faint|p2a: Scyther
|
|upkeep
|inactive|raxu99 has 120 seconds left.
|inactive|raxu99 has 90 seconds left.
|
|t:|1776083035
|switch|p2a: Kleavor|Kleavor, F|56/100
|turn|17
|
|t:|1776083043
|move|p1a: Iron Valiant|Moonblast|p2a: Kleavor
|-damage|p2a: Kleavor|0 fnt
|faint|p2a: Kleavor
|
|upkeep
|
|t:|1776083048
|switch|p2a: Ceruledge|Ceruledge, F|91/100
|turn|18
|
|t:|1776083058
|move|p1a: Iron Valiant|Thunderbolt|p2a: Ceruledge
|-damage|p2a: Ceruledge|59/100
|move|p2a: Ceruledge|Bitter Blade|p1a: Iron Valiant
|-damage|p1a: Iron Valiant|13/100
|-heal|p2a: Ceruledge|99/100|[from] drain|[of] p1a: Iron Valiant
|-damage|p2a: Ceruledge|89/100|[from] item: Life Orb
|
|upkeep
|turn|19
|
|t:|1776083072
|-end|p1a: Iron Valiant|Quark Drive|[silent]
|switch|p1a: Cinderace|Cinderace, M|100/100
|move|p2a: Ceruledge|Shadow Sneak|p1a: Cinderace
|-damage|p1a: Cinderace|65/100
|-damage|p2a: Ceruledge|79/100|[from] item: Life Orb
|
|upkeep
|turn|20
|
|t:|1776083084
|move|p1a: Cinderace|Sucker Punch|p2a: Ceruledge
|-start|p1a: Cinderace|typechange|Dark|[from] ability: Libero
|-supereffective|p2a: Ceruledge
|-damage|p2a: Ceruledge|0 fnt
|faint|p2a: Ceruledge
|
|upkeep
|
|t:|1776083088
|switch|p2a: Great Tusk|Great Tusk|100/100
|turn|21
|
|t:|1776083102
|move|p1a: Cinderace|Court Change|p1a: Cinderace
|-swapsideconditions
|-activate|p1a: Cinderace|move: Court Change
|move|p2a: Great Tusk|Rapid Spin|p1a: Cinderace
|-damage|p1a: Cinderace|46/100
|-boost|p2a: Great Tusk|spe|1
|-sideend|p2: raxu99|Stealth Rock|[from] move: Rapid Spin|[of] p2a: Great Tusk
|
|upkeep
|turn|22
|
|t:|1776083109
|move|p2a: Great Tusk|Bulk Up|p2a: Great Tusk
|-boost|p2a: Great Tusk|atk|1
|-boost|p2a: Great Tusk|def|1
|move|p1a: Cinderace|Pyro Ball|p2a: Great Tusk
|-damage|p2a: Great Tusk|84/100
|
|-heal|p2a: Great Tusk|90/100|[from] item: Leftovers
|upkeep
|turn|23
|
|t:|1776083117
|move|p2a: Great Tusk|Bulk Up|p2a: Great Tusk
|-boost|p2a: Great Tusk|atk|1
|-boost|p2a: Great Tusk|def|1
|move|p1a: Cinderace|Pyro Ball|p2a: Great Tusk
|-damage|p2a: Great Tusk|78/100
|
|-heal|p2a: Great Tusk|85/100|[from] item: Leftovers
|upkeep
|turn|24
|
|t:|1776083120
|move|p2a: Great Tusk|Earthquake|p1a: Cinderace
|-damage|p1a: Cinderace|0 fnt
|faint|p1a: Cinderace
|
|-heal|p2a: Great Tusk|91/100|[from] item: Leftovers
|upkeep
|
|t:|1776083130
|switch|p1a: Darkrai|Darkrai|100/100
|turn|25
|
|t:|1776083134
|move|p2a: Great Tusk|Earthquake|p1a: Darkrai
|-damage|p1a: Darkrai|0 fnt
|faint|p1a: Darkrai
|
|-heal|p2a: Great Tusk|97/100|[from] item: Leftovers
|upkeep
|
|t:|1776083137
|switch|p1a: Iron Valiant|Iron Valiant|13/100
|turn|26
|
|t:|1776083141
|-terastallize|p1a: Iron Valiant|Fairy
|move|p2a: Great Tusk|Earthquake|p1a: Iron Valiant
|-damage|p1a: Iron Valiant|0 fnt
|faint|p1a: Iron Valiant
|-end|p1a: Iron Valiant|Quark Drive|[silent]
|
|win|raxu99
|raw|ChewieeVGC's rating: 1355 &rarr; <strong>1335</strong><br />(-20 for losing)
|raw|raxu99's rating: 1358 &rarr; <strong>1378</strong><br />(+20 for winning)
|c|☆ChewieeVGC|gg
|l|☆ChewieeVGC
|player|p1|
