|html|<div class="broadcast-blue"><strong>[Gen 9] OU is currently suspecting Tera Blast! For information on how to participate check out the <a href="https://www.smogon.com/tools/suspects/view/200">suspect thread</a>.</strong></div>
|j|☆Miurez
|j|☆kopv18
|t:|1776288829
|gametype|singles
|player|p1|Miurez|pokemonranger-gen4|1541
|player|p2|kopv18|bugcatcher-gen4dp|1513
|gen|9
|tier|[Gen 9] OU
|rated|
|rule|HP Percentage Mod: HP is shown in percentages
|rule|Endless Battle Clause: Forcing endless battles is banned
|rule|Species Clause: Limit one of each Pokémon
|rule|OHKO Clause: OHKO moves are banned
|rule|Evasion Items Clause: Evasion items are banned
|rule|Evasion Moves Clause: Evasion moves are banned
|rule|Evasion Abilities Clause: Evasion abilities are banned
|rule|Sleep Moves Clause: Sleep-inducing moves are banned
|clearpoke
|poke|p1|Deoxys-Speed|
|poke|p1|Ceruledge, M|
|poke|p1|Zamazenta-*|
|poke|p1|Ogerpon-Wellspring, F|
|poke|p1|Glimmora, M|
|poke|p1|Moltres-Galar|
|poke|p2|Tyranitar, M|
|poke|p2|Chimecho, F|
|poke|p2|Excadrill, F|
|poke|p2|Kyurem|
|poke|p2|Cinderace, M|
|poke|p2|Landorus-Therian, M|
|teampreview
|
|t:|1776288845
|teamsize|p1|6
|teamsize|p2|6
|start
|switch|p1a: Ogerpon|Ogerpon-Wellspring, F|100/100
|switch|p2a: Tyranitar|Tyranitar, M|100/100
|-weather|Sandstorm|[from] ability: Sand Stream|[of] p2a: Tyranitar
|turn|1
|
|t:|1776288875
|switch|p2a: Kyurem|Kyurem|100/100
|-ability|p2a: Kyurem|Pressure
|move|p1a: Ogerpon|Ivy Cudgel|p2a: Kyurem|[anim] Ivy Cudgel Water
|-resisted|p2a: Kyurem
|-damage|p2a: Kyurem|78/100
|
|-weather|Sandstorm|[upkeep]
|-damage|p1a: Ogerpon|95/100|[from] Sandstorm
|-damage|p2a: Kyurem|72/100|[from] Sandstorm
|upkeep
|turn|2
|
|t:|1776288881
|move|p1a: Ogerpon|Play Rough|p2a: Kyurem
|-supereffective|p2a: Kyurem
|-damage|p2a: Kyurem|14/100
|move|p2a: Kyurem|Freeze-Dry|p1a: Ogerpon
|-supereffective|p1a: Ogerpon
|-damage|p1a: Ogerpon|0 fnt
|faint|p1a: Ogerpon
|
|-weather|Sandstorm|[upkeep]
|-damage|p2a: Kyurem|8/100|[from] Sandstorm
|upkeep
|
|t:|1776288907
|switch|p1a: Deoxys|Deoxys-Speed|100/100
|-ability|p1a: Deoxys|Pressure
|turn|3
|
|t:|1776288936
|move|p1a: Deoxys|Reflect|p1a: Deoxys
|-sidestart|p1: Miurez|Reflect
|move|p2a: Kyurem|Ice Beam|p1a: Deoxys
|-damage|p1a: Deoxys|38/100
|
|-weather|Sandstorm|[upkeep]
|-damage|p1a: Deoxys|32/100|[from] Sandstorm
|-damage|p2a: Kyurem|2/100|[from] Sandstorm
|upkeep
|turn|4
|
|t:|1776288945
|move|p1a: Deoxys|Light Screen|p1a: Deoxys
|-sidestart|p1: Miurez|move: Light Screen
|move|p2a: Kyurem|Ice Beam|p1a: Deoxys
|-damage|p1a: Deoxys|0 fnt
|faint|p1a: Deoxys
|
|-weather|Sandstorm|[upkeep]
|-damage|p2a: Kyurem|0 fnt|[from] Sandstorm
|faint|p2a: Kyurem
|upkeep
|
|t:|1776288965
|switch|p1a: Zamazenta|Zamazenta|100/100
|switch|p2a: Cinderace|Cinderace, M|100/100
|-ability|p1a: Zamazenta|Dauntless Shield|boost
|-boost|p1a: Zamazenta|def|1
|turn|5
|
|t:|1776288971
|move|p1a: Zamazenta|Body Press|p2a: Cinderace
|-damage|p2a: Cinderace|36/100
|move|p2a: Cinderace|Will-O-Wisp|p1a: Zamazenta
|-status|p1a: Zamazenta|brn
|
|-weather|none
|-damage|p1a: Zamazenta|94/100 brn|[from] brn
|upkeep
|turn|6
|
|t:|1776288977
|move|p1a: Zamazenta|Iron Defense|p1a: Zamazenta
|-boost|p1a: Zamazenta|def|2
|move|p2a: Cinderace|Court Change|p2a: Cinderace
|-swapsideconditions
|-activate|p2a: Cinderace|move: Court Change
|
|-heal|p1a: Zamazenta|100/100 brn|[from] item: Leftovers
|-damage|p1a: Zamazenta|94/100 brn|[from] brn
|upkeep
|turn|7
|
|t:|1776288983
|switch|p2a: Landorus|Landorus-Therian, M|100/100
|-ability|p2a: Landorus|Intimidate|boost
|-unboost|p1a: Zamazenta|atk|1
|move|p1a: Zamazenta|Iron Defense|p1a: Zamazenta
|-boost|p1a: Zamazenta|def|2
|
|-heal|p1a: Zamazenta|100/100 brn|[from] item: Leftovers
|-damage|p1a: Zamazenta|94/100 brn|[from] brn
|upkeep
|turn|8
|
|t:|1776288986
|move|p2a: Landorus|Earth Power|p1a: Zamazenta
|-damage|p1a: Zamazenta|57/100 brn
|move|p1a: Zamazenta|Roar|p2a: Landorus
|drag|p2a: Cinderace|Cinderace, M|36/100
|
|-heal|p1a: Zamazenta|64/100 brn|[from] item: Leftovers
|-damage|p1a: Zamazenta|57/100 brn|[from] brn
|upkeep
|turn|9
|
|t:|1776288995
|switch|p2a: Chimecho|Chimecho, F|100/100
|move|p1a: Zamazenta|Body Press|p2a: Chimecho
|-resisted|p2a: Chimecho
|-damage|p2a: Chimecho|88/100
|-damage|p1a: Zamazenta|41/100 brn|[from] item: Rocky Helmet|[of] p2a: Chimecho
|
|-heal|p1a: Zamazenta|47/100 brn|[from] item: Leftovers
|-damage|p1a: Zamazenta|41/100 brn|[from] brn
|upkeep
|turn|10
|
|t:|1776289000
|move|p1a: Zamazenta|Iron Defense|p1a: Zamazenta
|-boost|p1a: Zamazenta|def|1
|move|p2a: Chimecho|Future Sight|p1a: Zamazenta
|-start|p2a: Chimecho|move: Future Sight
|
|-heal|p1a: Zamazenta|47/100 brn|[from] item: Leftovers
|-damage|p1a: Zamazenta|41/100 brn|[from] brn
|-sideend|p2: kopv18|Reflect
|upkeep
|turn|11
|
|t:|1776289004
|switch|p2a: Landorus|Landorus-Therian, M|100/100
|-ability|p2a: Landorus|Intimidate|boost
|-unboost|p1a: Zamazenta|atk|1
|move|p1a: Zamazenta|Roar|p2a: Landorus
|drag|p2a: Excadrill|Excadrill, F|100/100
|
|-heal|p1a: Zamazenta|47/100 brn|[from] item: Leftovers
|-damage|p1a: Zamazenta|41/100 brn|[from] brn
|-sideend|p2: kopv18|move: Light Screen
|upkeep
|turn|12
|
|t:|1776289013
|switch|p2a: Landorus|Landorus-Therian, M|100/100
|-ability|p2a: Landorus|Intimidate|boost
|-unboost|p1a: Zamazenta|atk|1
|move|p1a: Zamazenta|Body Press|p2a: Landorus
|-resisted|p2a: Landorus
|-damage|p2a: Landorus|53/100
|-damage|p1a: Zamazenta|24/100 brn|[from] item: Rocky Helmet|[of] p2a: Landorus
|
|-end|p1a: Zamazenta|move: Future Sight
|-supereffective|p1a: Zamazenta
|-damage|p1a: Zamazenta|0 fnt
|faint|p1a: Zamazenta
|upkeep
|
|t:|1776289022
|switch|p1a: Moltres|Moltres-Galar|100/100
|turn|13
|
|t:|1776289033
|switch|p2a: Tyranitar|Tyranitar, M|100/100
|-weather|Sandstorm|[from] ability: Sand Stream|[of] p2a: Tyranitar
|move|p1a: Moltres|Nasty Plot|p1a: Moltres
|-boost|p1a: Moltres|spa|2
|
|-weather|Sandstorm|[upkeep]
|-damage|p1a: Moltres|94/100|[from] Sandstorm
|upkeep
|turn|14
|
|t:|1776289070
|switch|p1a: Glimmora|Glimmora, M|100/100
|move|p2a: Tyranitar|Stone Edge|p1a: Glimmora
|-crit|p1a: Glimmora
|-damage|p1a: Glimmora|0 fnt
|-activate|p1a: Glimmora|ability: Toxic Debris
|-sidestart|p2: kopv18|move: Toxic Spikes
|faint|p1a: Glimmora
|
|-weather|Sandstorm|[upkeep]
|upkeep
|
|t:|1776289077
|switch|p1a: Moltres|Moltres-Galar|94/100
|turn|15
|
|t:|1776289097
|-terastallize|p1a: Moltres|Fairy
|move|p1a: Moltres|Nasty Plot|p1a: Moltres
|-boost|p1a: Moltres|spa|2
|move|p2a: Tyranitar|Stone Edge|p1a: Moltres
|-damage|p1a: Moltres|2/100
|-ability|p1a: Moltres|Berserk|boost
|-boost|p1a: Moltres|spa|1
|-enditem|p1a: Moltres|Sitrus Berry|[eat]
|-heal|p1a: Moltres|27/100|[from] item: Sitrus Berry
|
|-weather|Sandstorm|[upkeep]
|-damage|p1a: Moltres|21/100|[from] Sandstorm
|upkeep
|turn|16
|
|t:|1776289121
|move|p1a: Moltres|Agility|p1a: Moltres
|-boost|p1a: Moltres|spe|2
|move|p2a: Tyranitar|Stone Edge|p1a: Moltres
|-damage|p1a: Moltres|0 fnt
|faint|p1a: Moltres
|
|-weather|Sandstorm|[upkeep]
|upkeep
|
|t:|1776289124
|switch|p1a: Ceruledge|Ceruledge, M|100/100
|turn|17
|
|t:|1776289129
|move|p1a: Ceruledge|Poltergeist|p2a: Tyranitar
|-activate|p2a: Tyranitar|move: Poltergeist|Choice Band
|-resisted|p2a: Tyranitar
|-damage|p2a: Tyranitar|67/100
|-damage|p1a: Ceruledge|90/100|[from] item: Life Orb
|move|p2a: Tyranitar|Stone Edge|p1a: Ceruledge
|-supereffective|p1a: Ceruledge
|-damage|p1a: Ceruledge|0 fnt
|faint|p1a: Ceruledge
|
|win|kopv18
|raw|Miurez's rating: 1541 &rarr; <strong>1519</strong><br />(-22 for losing)
|raw|kopv18's rating: 1513 &rarr; <strong>1535</strong><br />(+22 for winning)
|l|☆Miurez
|player|p1|
