|html|<div class="broadcast-blue"><strong>[Gen 9] OU is currently suspecting Tera Blast! For information on how to participate check out the <a href="https://www.smogon.com/tools/suspects/view/200">suspect thread</a>.</strong></div>
|j|☆signalb00st
|j|☆Miurez
|t:|1776104517
|gametype|singles
|player|p1|signalb00st|170|1528
|player|p2|Miurez|pokemonranger-gen4|1470
|gen|9
|tier|[Gen 9] OU
|rated|
|rule|HP Percentage Mod: HP is shown in percentages
|rule|Endless Battle Clause: Forcing endless battles is banned
|rule|Species Clause: Limit one of each Pokémon
|rule|OHKO Clause: OHKO moves are banned
|rule|Evasion Items Clause: Evasion items are banned
|rule|Evasion Moves Clause: Evasion moves are banned
|rule|Evasion Abilities Clause: Evasion abilities are banned
|rule|Sleep Moves Clause: Sleep-inducing moves are banned
|clearpoke
|poke|p1|Ninetales, F|
|poke|p1|Blaziken, M|
|poke|p1|Walking Wake|
|poke|p1|Whimsicott, M|
|poke|p1|Great Tusk|
|poke|p1|Iron Moth|
|poke|p2|Alomomola, F|
|poke|p2|Weezing-Galar, F|
|poke|p2|Latios, M|
|poke|p2|Gholdengo|
|poke|p2|Great Tusk|
|poke|p2|Dragonite, F|
|teampreview
|
|t:|1776104530
|teamsize|p1|6
|teamsize|p2|6
|start
|switch|p1a: Walking Wake|Walking Wake|100/100
|switch|p2a: Alomomola|Alomomola, F|100/100
|turn|1
|inactive|Battle timer is ON: inactive players will automatically lose when time's up. (requested by signalb00st)
|
|t:|1776104537
|move|p1a: Walking Wake|Knock Off|p2a: Alomomola
|-damage|p2a: Alomomola|87/100
|-enditem|p2a: Alomomola|Assault Vest|[from] move: Knock Off|[of] p1a: Walking Wake
|move|p2a: Alomomola|Mirror Coat||[still]
|-fail|p2a: Alomomola
|
|upkeep
|turn|2
|
|t:|1776104547
|move|p1a: Walking Wake|Flip Turn|p2a: Alomomola
|-resisted|p2a: Alomomola
|-damage|p2a: Alomomola|81/100
|
|t:|1776104550
|-end|p1a: Walking Wake|Protosynthesis|[silent]
|switch|p1a: Ninetales|Ninetales, F|100/100|[from] Flip Turn
|-weather|SunnyDay|[from] ability: Drought|[of] p1a: Ninetales
|move|p2a: Alomomola|Body Slam|p1a: Ninetales
|-crit|p1a: Ninetales
|-damage|p1a: Ninetales|66/100
|
|-weather|SunnyDay|[upkeep]
|upkeep
|turn|3
|
|t:|1776104561
|switch|p1a: Whimsicott|Whimsicott, M|100/100
|move|p2a: Alomomola|Body Slam|p1a: Whimsicott
|-damage|p1a: Whimsicott|82/100
|
|-weather|SunnyDay|[upkeep]
|upkeep
|turn|4
|
|t:|1776104575
|move|p1a: Whimsicott|Growth|p1a: Whimsicott
|-boost|p1a: Whimsicott|atk|2
|-boost|p1a: Whimsicott|spa|2
|move|p2a: Alomomola|Body Slam|p1a: Whimsicott
|-crit|p1a: Whimsicott
|-damage|p1a: Whimsicott|52/100
|
|-weather|SunnyDay|[upkeep]
|upkeep
|turn|5
|
|t:|1776104588
|switch|p2a: Weezing|Weezing-Galar, F|100/100
|-ability|p2a: Weezing|Neutralizing Gas
|move|p1a: Whimsicott|Giga Drain|p2a: Weezing
|-resisted|p2a: Weezing
|-damage|p2a: Weezing|46/100
|-heal|p1a: Whimsicott|81/100|[from] drain|[of] p2a: Weezing
|-damage|p1a: Whimsicott|71/100|[from] item: Life Orb
|
|-weather|SunnyDay|[upkeep]
|upkeep
|turn|6
|
|t:|1776104604
|move|p1a: Whimsicott|Giga Drain|p2a: Weezing
|-resisted|p2a: Weezing
|-damage|p2a: Weezing|0 fnt
|-heal|p1a: Whimsicott|96/100|[from] drain|[of] p2a: Weezing
|faint|p2a: Weezing
|-end|p2a: Weezing|ability: Neutralizing Gas
|-damage|p1a: Whimsicott|86/100|[from] item: Life Orb
|
|-weather|SunnyDay|[upkeep]
|upkeep
|
|t:|1776104618
|switch|p2a: Gholdengo|Gholdengo|100/100
|turn|7
|
|t:|1776104623
|move|p1a: Whimsicott|Shadow Ball|p2a: Gholdengo
|-supereffective|p2a: Gholdengo
|-damage|p2a: Gholdengo|0 fnt
|faint|p2a: Gholdengo
|-damage|p1a: Whimsicott|77/100|[from] item: Life Orb
|
|-weather|SunnyDay|[upkeep]
|upkeep
|
|t:|1776104633
|switch|p2a: Dragonite|Dragonite, F|100/100
|turn|8
|
|t:|1776104644
|-terastallize|p2a: Dragonite|Normal
|move|p2a: Dragonite|Extreme Speed|p1a: Whimsicott
|-damage|p1a: Whimsicott|14/100
|move|p1a: Whimsicott|Moonblast|p2a: Dragonite
|-damage|p2a: Dragonite|58/100
|-unboost|p2a: Dragonite|spa|1
|-damage|p1a: Whimsicott|4/100|[from] item: Life Orb
|
|-weather|SunnyDay|[upkeep]
|upkeep
|turn|9
|
|t:|1776104655
|-terastallize|p1a: Whimsicott|Ghost
|move|p2a: Dragonite|Extreme Speed|p1a: Whimsicott
|-immune|p1a: Whimsicott
|move|p1a: Whimsicott|Giga Drain|p2a: Dragonite
|-damage|p2a: Dragonite|0 fnt
|-heal|p1a: Whimsicott|41/100|[from] drain|[of] p2a: Dragonite
|faint|p2a: Dragonite
|-damage|p1a: Whimsicott|31/100|[from] item: Life Orb
|
|-weather|none
|upkeep
|
|t:|1776104665
|switch|p2a: Latios|Latios, M|100/100
|turn|10
|
|t:|1776104680
|switch|p1a: Walking Wake|Walking Wake|100/100
|move|p2a: Latios|Psychic Noise|p1a: Walking Wake
|-damage|p1a: Walking Wake|68/100
|-start|p1a: Walking Wake|move: Heal Block
|
|upkeep
|turn|11
|
|t:|1776104692
|move|p2a: Latios|Draco Meteor|p1a: Walking Wake
|-supereffective|p1a: Walking Wake
|-damage|p1a: Walking Wake|0 fnt
|-unboost|p2a: Latios|spa|2
|faint|p1a: Walking Wake
|-end|p1a: Walking Wake|Protosynthesis|[silent]
|
|upkeep
|
|t:|1776104699
|switch|p1a: Ninetales|Ninetales, F|66/100
|-weather|SunnyDay|[from] ability: Drought|[of] p1a: Ninetales
|turn|12
|
|t:|1776104714
|move|p2a: Latios|Calm Mind|p2a: Latios
|-boost|p2a: Latios|spa|1
|-boost|p2a: Latios|spd|1
|move|p1a: Ninetales|Healing Wish|p1a: Ninetales
|faint|p1a: Ninetales
|
|-weather|SunnyDay|[upkeep]
|upkeep
|
|t:|1776104719
|switch|p1a: Whimsicott|Whimsicott, M, tera:Ghost|31/100
|-heal|p1a: Whimsicott|100/100|[from] move: Healing Wish
|turn|13
|
|t:|1776104723
|move|p1a: Whimsicott|Growth|p1a: Whimsicott
|-boost|p1a: Whimsicott|atk|2
|-boost|p1a: Whimsicott|spa|2
|move|p2a: Latios|Psychic Noise|p1a: Whimsicott
|-crit|p1a: Whimsicott
|-damage|p1a: Whimsicott|4/100
|-start|p1a: Whimsicott|move: Heal Block
|
|-weather|SunnyDay|[upkeep]
|upkeep
|turn|14
|
|t:|1776104733
|switch|p2a: Alomomola|Alomomola, F|100/100
|move|p1a: Whimsicott|Moonblast|p2a: Alomomola
|-damage|p2a: Alomomola|29/100
|-damage|p1a: Whimsicott|0 fnt|[from] item: Life Orb
|faint|p1a: Whimsicott
|
|-weather|SunnyDay|[upkeep]
|upkeep
|
|t:|1776104738
|switch|p1a: Blaziken|Blaziken, M|100/100
|turn|15
|
|t:|1776104747
|switch|p2a: Great Tusk|Great Tusk|100/100
|-activate|p2a: Great Tusk|ability: Protosynthesis
|-start|p2a: Great Tusk|protosynthesisatk
|move|p1a: Blaziken|Swords Dance|p1a: Blaziken
|-boost|p1a: Blaziken|atk|2
|
|-weather|SunnyDay|[upkeep]
|-ability|p1a: Blaziken|Speed Boost|boost
|-boost|p1a: Blaziken|spe|1
|upkeep
|turn|16
|
|t:|1776104761
|move|p1a: Blaziken|Flare Blitz|p2a: Great Tusk
|-damage|p2a: Great Tusk|0 fnt
|-damage|p1a: Blaziken|84/100|[from] item: Rocky Helmet|[of] p2a: Great Tusk
|faint|p2a: Great Tusk
|-end|p2a: Great Tusk|Protosynthesis|[silent]
|-damage|p1a: Blaziken|43/100|[from] Recoil
|
|-weather|SunnyDay|[upkeep]
|-heal|p1a: Blaziken|49/100|[from] item: Leftovers
|-ability|p1a: Blaziken|Speed Boost|boost
|-boost|p1a: Blaziken|spe|1
|upkeep
|
|t:|1776104768
|switch|p2a: Alomomola|Alomomola, F|62/100
|turn|17
|
|t:|1776104775
|move|p1a: Blaziken|Swords Dance|p1a: Blaziken
|-boost|p1a: Blaziken|atk|2
|move|p2a: Alomomola|Body Slam|p1a: Blaziken
|-damage|p1a: Blaziken|25/100
|-status|p1a: Blaziken|par
|
|-weather|SunnyDay|[upkeep]
|-heal|p1a: Blaziken|31/100 par|[from] item: Leftovers
|-ability|p1a: Blaziken|Speed Boost|boost
|-boost|p1a: Blaziken|spe|1
|upkeep
|turn|18
|
|t:|1776104789
|cant|p1a: Blaziken|par
|move|p2a: Alomomola|Body Slam|p1a: Blaziken
|-damage|p1a: Blaziken|9/100 par
|
|-weather|SunnyDay|[upkeep]
|-heal|p1a: Blaziken|15/100 par|[from] item: Leftovers
|-ability|p1a: Blaziken|Speed Boost|boost
|-boost|p1a: Blaziken|spe|1
|upkeep
|turn|19
|
|t:|1776104799
|move|p1a: Blaziken|Protect|p1a: Blaziken
|-singleturn|p1a: Blaziken|Protect
|move|p2a: Alomomola|Aqua Jet|p1a: Blaziken
|-activate|p1a: Blaziken|move: Protect
|
|-weather|none
|-heal|p1a: Blaziken|21/100 par|[from] item: Leftovers
|-ability|p1a: Blaziken|Speed Boost|boost
|-boost|p1a: Blaziken|spe|1
|upkeep
|turn|20
|
|t:|1776104814
|move|p2a: Alomomola|Aqua Jet|p1a: Blaziken
|-supereffective|p1a: Blaziken
|-damage|p1a: Blaziken|0 fnt
|faint|p1a: Blaziken
|
|upkeep
|
|t:|1776104825
|switch|p1a: Iron Moth|Iron Moth|100/100
|-enditem|p1a: Iron Moth|Booster Energy
|-activate|p1a: Iron Moth|ability: Quark Drive|[fromitem]
|-start|p1a: Iron Moth|quarkdrivespe
|turn|21
|
|t:|1776104830
|move|p1a: Iron Moth|Solar Beam||[still]
|-prepare|p1a: Iron Moth|Solar Beam
|move|p2a: Alomomola|Flip Turn|p1a: Iron Moth
|-supereffective|p1a: Iron Moth
|-damage|p1a: Iron Moth|52/100
|
|t:|1776104834
|switch|p2a: Latios|Latios, M|100/100|[from] Flip Turn
|
|upkeep
|turn|22
|
|t:|1776104840
|move|p1a: Iron Moth|Solar Beam|p2a: Latios|[from] lockedmove
|-resisted|p2a: Latios
|-damage|p2a: Latios|80/100
|move|p2a: Latios|Psychic Noise|p1a: Iron Moth
|-supereffective|p1a: Iron Moth
|-damage|p1a: Iron Moth|0 fnt
|faint|p1a: Iron Moth
|-end|p1a: Iron Moth|Quark Drive|[silent]
|
|upkeep
|
|t:|1776104846
|switch|p1a: Address Me|Great Tusk|100/100
|turn|23
|
|t:|1776104851
|move|p2a: Latios|Psychic Noise|p1a: Address Me
|-supereffective|p1a: Address Me
|-damage|p1a: Address Me|0 fnt
|faint|p1a: Address Me
|-end|p1a: Address Me|Protosynthesis|[silent]
|
|win|Miurez
|raw|signalb00st's rating: 1528 &rarr; <strong>1505</strong><br />(-23 for losing)
|raw|Miurez's rating: 1470 &rarr; <strong>1493</strong><br />(+23 for winning)
|l|☆signalb00st
|player|p1|
|l|☆Miurez
|player|p2|
