|html|<div class="broadcast-blue"><strong>[Gen 9] OU is currently suspecting Tera Blast! For information on how to participate check out the <a href="https://www.smogon.com/tools/suspects/view/200">suspect thread</a>.</strong></div>
|j|☆reylly
|j|☆magistermilitum420
|t:|1776209518
|gametype|singles
|player|p1|reylly|will|1262
|player|p2|magistermilitum420|blue|1289
|gen|9
|tier|[Gen 9] OU
|rated|
|rule|HP Percentage Mod: HP is shown in percentages
|rule|Endless Battle Clause: Forcing endless battles is banned
|rule|Species Clause: Limit one of each Pokémon
|rule|OHKO Clause: OHKO moves are banned
|rule|Evasion Items Clause: Evasion items are banned
|rule|Evasion Moves Clause: Evasion moves are banned
|rule|Evasion Abilities Clause: Evasion abilities are banned
|rule|Sleep Moves Clause: Sleep-inducing moves are banned
|clearpoke
|poke|p1|Iron Valiant|
|poke|p1|Iron Treads|
|poke|p1|Gengar, M|
|poke|p1|Masquerain, F|
|poke|p1|Salamence, M|
|poke|p1|Grimmsnarl, M|
|poke|p2|Meowscarada, M|
|poke|p2|Great Tusk|
|poke|p2|Alomomola, F|
|poke|p2|Slowking-Galar, F|
|poke|p2|Iron Valiant|
|poke|p2|Heatran, F|
|teampreview
|
|t:|1776209525
|teamsize|p1|6
|teamsize|p2|6
|start
|switch|p1a: Masquerain|Masquerain, F|100/100
|switch|p2a: Mahad|Meowscarada, M, shiny|100/100
|-ability|p1a: Masquerain|Intimidate|boost
|-unboost|p2a: Mahad|atk|1
|turn|1
|
|t:|1776209533
|move|p2a: Mahad|U-turn|p1a: Masquerain
|-start|p2a: Mahad|typechange|Bug|[from] ability: Protean
|-resisted|p1a: Masquerain
|-damage|p1a: Masquerain|80/100
|
|t:|1776209537
|switch|p2a: Barca|Great Tusk|100/100|[from] U-turn
|move|p1a: Masquerain|Sticky Web|p2a: Barca
|-sidestart|p2: magistermilitum420|move: Sticky Web
|
|upkeep
|turn|2
|
|t:|1776209543
|move|p1a: Masquerain|Stun Spore|p2a: Barca|[miss]
|-miss|p1a: Masquerain|p2a: Barca
|move|p2a: Barca|Knock Off|p1a: Masquerain
|-damage|p1a: Masquerain|26/100
|-enditem|p1a: Masquerain|Focus Sash|[from] move: Knock Off|[of] p2a: Barca
|
|upkeep
|turn|3
|
|t:|1776209551
|move|p1a: Masquerain|Stun Spore|p2a: Barca
|-status|p2a: Barca|par
|cant|p2a: Barca|par
|
|upkeep
|turn|4
|
|t:|1776209556
|move|p1a: Masquerain|Air Slash|p2a: Barca
|-supereffective|p2a: Barca
|-damage|p2a: Barca|13/100 par
|move|p2a: Barca|Knock Off|p1a: Masquerain
|-damage|p1a: Masquerain|0 fnt
|faint|p1a: Masquerain
|
|-heal|p2a: Barca|19/100 par|[from] item: Leftovers
|upkeep
|
|t:|1776209563
|switch|p1a: Gengar|Gengar, M|100/100
|turn|5
|
|t:|1776209567
|-end|p2a: Barca|Protosynthesis|[silent]
|switch|p2a: Mahad|Meowscarada, M, shiny|100/100
|-activate|p2a: Mahad|move: Sticky Web
|-unboost|p2a: Mahad|spe|1
|move|p1a: Gengar|Nasty Plot|p1a: Gengar
|-boost|p1a: Gengar|spa|2
|
|upkeep
|turn|6
|
|t:|1776209578
|move|p2a: Mahad|Knock Off|p1a: Gengar
|-start|p2a: Mahad|typechange|Dark|[from] ability: Protean
|-supereffective|p1a: Gengar
|-enditem|p1a: Gengar|Focus Sash
|-damage|p1a: Gengar|1/100
|move|p1a: Gengar|Icy Wind|p2a: Mahad
|-damage|p2a: Mahad|36/100
|-unboost|p2a: Mahad|spe|1
|
|upkeep
|turn|7
|
|t:|1776209589
|switch|p2a: Mithridates|Slowking-Galar, F|100/100
|-activate|p2a: Mithridates|move: Sticky Web
|-unboost|p2a: Mithridates|spe|1
|move|p1a: Gengar|Icy Wind|p2a: Mithridates
|-crit|p2a: Mithridates
|-damage|p2a: Mithridates|71/100
|-unboost|p2a: Mithridates|spe|1
|
|upkeep
|turn|8
|
|t:|1776209598
|move|p1a: Gengar|Shadow Ball|p2a: Mithridates
|-supereffective|p2a: Mithridates
|-damage|p2a: Mithridates|0 fnt
|faint|p2a: Mithridates
|
|upkeep
|
|t:|1776209609
|switch|p2a: Mahad|Meowscarada, M, shiny|36/100
|-activate|p2a: Mahad|move: Sticky Web
|-unboost|p2a: Mahad|spe|1
|turn|9
|
|t:|1776209615
|move|p2a: Mahad|Knock Off|p1a: Gengar
|-start|p2a: Mahad|typechange|Dark|[from] ability: Protean
|-supereffective|p1a: Gengar
|-damage|p1a: Gengar|0 fnt
|faint|p1a: Gengar
|
|upkeep
|
|t:|1776209627
|switch|p1a: Grimmsnarl|Grimmsnarl, M|100/100
|turn|10
|
|t:|1776209633
|switch|p2a: Vulcanus|Heatran, F, shiny|100/100
|-activate|p2a: Vulcanus|move: Sticky Web
|-unboost|p2a: Vulcanus|spe|1
|move|p1a: Grimmsnarl|Sucker Punch||[still]
|-fail|p1a: Grimmsnarl
|
|upkeep
|turn|11
|
|t:|1776209643
|move|p1a: Grimmsnarl|Bulk Up|p1a: Grimmsnarl
|-boost|p1a: Grimmsnarl|atk|1
|-boost|p1a: Grimmsnarl|def|1
|move|p2a: Vulcanus|Overheat|p1a: Grimmsnarl
|-damage|p1a: Grimmsnarl|0 fnt
|-unboost|p2a: Vulcanus|spa|2
|faint|p1a: Grimmsnarl
|
|upkeep
|
|t:|1776209650
|switch|p1a: Salamence|Salamence, M|100/100
|turn|12
|
|t:|1776209655
|switch|p2a: Charybdis|Alomomola, F, shiny|100/100
|-activate|p2a: Charybdis|move: Sticky Web
|-unboost|p2a: Charybdis|spe|1
|move|p1a: Salamence|Dragon Dance|p1a: Salamence
|-boost|p1a: Salamence|atk|1
|-boost|p1a: Salamence|spe|1
|
|upkeep
|turn|13
|
|t:|1776209664
|move|p1a: Salamence|Dragon Dance|p1a: Salamence
|-boost|p1a: Salamence|atk|1
|-boost|p1a: Salamence|spe|1
|move|p2a: Charybdis|Scald|p1a: Salamence
|-resisted|p1a: Salamence
|-damage|p1a: Salamence|93/100
|
|upkeep
|turn|14
|
|t:|1776209675
|move|p1a: Salamence|Dragon Dance|p1a: Salamence
|-boost|p1a: Salamence|atk|1
|-boost|p1a: Salamence|spe|1
|move|p2a: Charybdis|Scald|p1a: Salamence
|-resisted|p1a: Salamence
|-damage|p1a: Salamence|85/100
|
|upkeep
|turn|15
|
|t:|1776209682
|move|p1a: Salamence|Dragon Dance|p1a: Salamence
|-boost|p1a: Salamence|atk|1
|-boost|p1a: Salamence|spe|1
|move|p2a: Charybdis|Scald|p1a: Salamence
|-resisted|p1a: Salamence
|-damage|p1a: Salamence|76/100
|
|upkeep
|turn|16
|
|t:|1776209690
|move|p1a: Salamence|Dual Wingbeat|p2a: Charybdis
|-damage|p2a: Charybdis|65/100
|-damage|p1a: Salamence|60/100|[from] item: Rocky Helmet|[of] p2a: Charybdis
|-damage|p2a: Charybdis|24/100
|-damage|p1a: Salamence|43/100|[from] item: Rocky Helmet|[of] p2a: Charybdis
|-hitcount|p2a: Charybdis|2
|move|p2a: Charybdis|Scald|p1a: Salamence
|-resisted|p1a: Salamence
|-damage|p1a: Salamence|35/100
|-status|p1a: Salamence|brn
|
|-damage|p1a: Salamence|29/100 brn|[from] brn
|upkeep
|turn|17
|-message|reylly forfeited.
|
|win|magistermilitum420
|raw|reylly's rating: 1262 &rarr; <strong>1239</strong><br />(-23 for losing)
|raw|magistermilitum420's rating: 1289 &rarr; <strong>1312</strong><br />(+23 for winning)
|l|☆reylly
|player|p1|
