|html|<div class="broadcast-blue"><strong>[Gen 9] OU is currently suspecting Tera Blast! For information on how to participate check out the <a href="https://www.smogon.com/tools/suspects/view/200">suspect thread</a>.</strong></div>
|j|☆Kjsnajsnsbs
|j|☆TRYN1TY
|t:|1776133158
|gametype|singles
|player|p1|Kjsnajsnsbs|1|1000
|player|p2|TRYN1TY|n|1021
|gen|9
|tier|[Gen 9] OU
|rated|
|rule|HP Percentage Mod: HP is shown in percentages
|rule|Endless Battle Clause: Forcing endless battles is banned
|rule|Species Clause: Limit one of each Pokémon
|rule|OHKO Clause: OHKO moves are banned
|rule|Evasion Items Clause: Evasion items are banned
|rule|Evasion Moves Clause: Evasion moves are banned
|rule|Evasion Abilities Clause: Evasion abilities are banned
|rule|Sleep Moves Clause: Sleep-inducing moves are banned
|clearpoke
|poke|p1|Dragonite, F|
|poke|p1|Scizor, F|
|poke|p1|Glimmora, F|
|poke|p1|Darkrai|
|poke|p1|Arcanine-Hisui, F|
|poke|p1|Blastoise, F|
|poke|p2|Trevenant, M|
|poke|p2|Meowscarada, F|
|poke|p2|Swampert, M|
|poke|p2|Jolteon, M|
|poke|p2|Iron Jugulis|
|poke|p2|Primarina, F|
|teampreview
|inactive|Battle timer is ON: inactive players will automatically lose when time's up. (requested by Kjsnajsnsbs)
|
|t:|1776133179
|teamsize|p1|6
|teamsize|p2|6
|start
|switch|p1a: Blastoise|Blastoise, F|100/100
|switch|p2a: Primarina|Primarina, F|100/100
|turn|1
|
|t:|1776133190
|move|p1a: Blastoise|Shell Smash|p1a: Blastoise
|-unboost|p1a: Blastoise|def|1
|-unboost|p1a: Blastoise|spd|1
|-boost|p1a: Blastoise|atk|2
|-boost|p1a: Blastoise|spa|2
|-boost|p1a: Blastoise|spe|2
|-enditem|p1a: Blastoise|White Herb
|-clearnegativeboost|p1a: Blastoise|[silent]
|move|p2a: Primarina|Flip Turn|p1a: Blastoise
|-resisted|p1a: Blastoise
|-damage|p1a: Blastoise|92/100
|
|t:|1776133200
|switch|p2a: Jolteon|Jolteon, M|100/100|[from] Flip Turn
|
|upkeep
|turn|2
|
|t:|1776133209
|move|p1a: Blastoise|Water Spout|p2a: Jolteon
|-damage|p2a: Jolteon|0 fnt
|faint|p2a: Jolteon
|
|upkeep
|
|t:|1776133216
|switch|p2a: Meowscarada|Meowscarada, F, shiny|100/100
|turn|3
|
|t:|1776133220
|move|p1a: Blastoise|Ice Beam|p2a: Meowscarada
|-supereffective|p2a: Meowscarada
|-damage|p2a: Meowscarada|0 fnt
|faint|p2a: Meowscarada
|
|upkeep
|
|t:|1776133227
|switch|p2a: Trevenant|Trevenant, M, shiny|100/100
|turn|4
|
|t:|1776133233
|move|p1a: Blastoise|Ice Beam|p2a: Trevenant
|-supereffective|p2a: Trevenant
|-damage|p2a: Trevenant|0 fnt
|faint|p2a: Trevenant
|
|upkeep
|
|t:|1776133239
|switch|p2a: Iron Jugulis|Iron Jugulis, shiny|100/100
|-enditem|p2a: Iron Jugulis|Booster Energy
|-activate|p2a: Iron Jugulis|ability: Quark Drive|[fromitem]
|-start|p2a: Iron Jugulis|quarkdrivespa
|turn|5
|
|t:|1776133252
|move|p1a: Blastoise|Water Spout|p2a: Iron Jugulis
|-damage|p2a: Iron Jugulis|0 fnt
|faint|p2a: Iron Jugulis
|-end|p2a: Iron Jugulis|Quark Drive|[silent]
|
|upkeep
|
|t:|1776133258
|switch|p2a: Primarina|Primarina, F|100/100
|turn|6
|
|t:|1776133263
|-terastallize|p1a: Blastoise|Water
|move|p1a: Blastoise|Water Spout|p2a: Primarina
|-resisted|p2a: Primarina
|-damage|p2a: Primarina|62/100
|move|p2a: Primarina|Moonblast|p1a: Blastoise
|-damage|p1a: Blastoise|32/100
|
|upkeep
|turn|7
|
|t:|1776133275
|move|p1a: Blastoise|Ice Beam|p2a: Primarina
|-resisted|p2a: Primarina
|-crit|p2a: Primarina
|-damage|p2a: Primarina|40/100
|move|p2a: Primarina|Moonblast|p1a: Blastoise
|-damage|p1a: Blastoise|0 fnt
|faint|p1a: Blastoise
|
|upkeep
|
|t:|1776133281
|switch|p1a: Dragonite|Dragonite, F|100/100
|turn|8
|
|t:|1776133286
|move|p1a: Dragonite|Dragon Dance|p1a: Dragonite
|-boost|p1a: Dragonite|atk|1
|-boost|p1a: Dragonite|spe|1
|move|p2a: Primarina|Ice Beam|p1a: Dragonite
|-supereffective|p1a: Dragonite
|-damage|p1a: Dragonite|32/100
|-enditem|p1a: Dragonite|Weakness Policy
|-boost|p1a: Dragonite|atk|2|[from] item: Weakness Policy
|-boost|p1a: Dragonite|spa|2|[from] item: Weakness Policy
|
|upkeep
|turn|9
|
|t:|1776133295
|move|p1a: Dragonite|Extreme Speed|p2a: Primarina
|-damage|p2a: Primarina|0 fnt
|faint|p2a: Primarina
|
|upkeep
|
|t:|1776133301
|switch|p2a: Swampert|Swampert, M|100/100
|turn|10
|
|t:|1776133306
|move|p1a: Dragonite|Earthquake|p2a: Swampert
|-damage|p2a: Swampert|18/100
|move|p2a: Swampert|Hammer Arm|p1a: Dragonite
|-resisted|p1a: Dragonite
|-damage|p1a: Dragonite|12/100
|-unboost|p2a: Swampert|spe|1
|
|upkeep
|turn|11
|
|t:|1776133316
|move|p1a: Dragonite|Extreme Speed|p2a: Swampert
|-damage|p2a: Swampert|0 fnt
|faint|p2a: Swampert
|
|win|Kjsnajsnsbs
|raw|Kjsnajsnsbs's rating: 1000 &rarr; <strong>1042</strong><br />(+42 for winning)
|raw|TRYN1TY's rating: 1021 &rarr; <strong>1007</strong><br />(-14 for losing)
