|html|<div class="broadcast-blue"><strong>[Gen 9] OU is currently suspecting Volcarona! For information on how to participate check out the <a href="https://www.smogon.com/tools/suspects/view/208">suspect thread</a>.</strong></div>
|j|☆Akhann
|j|☆CoolPerson58
|t:|1778509252
|gametype|singles
|player|p1|Akhann|2|1107
|player|p2|CoolPerson58|hiker-gen4|1093
|gen|9
|tier|[Gen 9] OU
|rated|
|rule|HP Percentage Mod: HP is shown in percentages
|rule|Endless Battle Clause: Forcing endless battles is banned
|rule|Species Clause: Limit one of each Pokémon
|rule|OHKO Clause: OHKO moves are banned
|rule|Evasion Items Clause: Evasion items are banned
|rule|Evasion Moves Clause: Evasion moves are banned
|rule|Evasion Abilities Clause: Evasion abilities are banned
|rule|Sleep Moves Clause: Sleep-inducing moves are banned
|clearpoke
|poke|p1|Garganacl, M|
|poke|p1|Gliscor, F|
|poke|p1|Clefable, M|
|poke|p1|Zamazenta-*|
|poke|p1|Gholdengo|
|poke|p1|Samurott-Hisui, M|
|poke|p2|Forretress, M|
|poke|p2|Flapple, M|
|poke|p2|Garchomp, M|
|poke|p2|Scizor, M|
|poke|p2|Deoxys-Speed|
|poke|p2|Jirachi|
|teampreview
|
|t:|1778509256
|teamsize|p1|6
|teamsize|p2|6
|start
|switch|p1a: Garganacl|Garganacl, M|100/100
|switch|p2a: Deoxys|Deoxys-Speed|100/100
|-ability|p2a: Deoxys|Pressure
|turn|1
|
|t:|1778509265
|move|p2a: Deoxys|Gravity|p2a: Deoxys
|-fieldstart|move: Gravity
|move|p1a: Garganacl|Salt Cure|p2a: Deoxys
|-damage|p2a: Deoxys|84/100
|-start|p2a: Deoxys|Salt Cure
|
|-damage|p2a: Deoxys|72/100|[from] Salt Cure
|upkeep
|turn|2
|
|t:|1778509275
|move|p1a: Garganacl|Iron Defense|p1a: Garganacl
|-boost|p1a: Garganacl|def|2
|move|p2a: Deoxys|Teleport|p2a: Deoxys
|
|t:|1778509286
|switch|p2a: Gojo|Flapple, M|100/100|[from] Teleport
|
|upkeep
|turn|3
|
|t:|1778509296
|-terastallize|p2a: Gojo|Grass
|move|p2a: Gojo|Grav Apple|p1a: Garganacl
|-supereffective|p1a: Garganacl
|-damage|p1a: Garganacl|0 fnt
|faint|p1a: Garganacl
|
|upkeep
|
|t:|1778509312
|switch|p1a: Clefable|Clefable, M|100/100
|turn|4
|
|t:|1778509324
|-terastallize|p1a: Clefable|Poison
|move|p2a: Gojo|Grav Apple|p1a: Clefable
|-resisted|p1a: Clefable
|-damage|p1a: Clefable|28/100
|-unboost|p1a: Clefable|def|1
|move|p1a: Clefable|Knock Off|p2a: Gojo
|-damage|p2a: Gojo|79/100
|-enditem|p2a: Gojo|Choice Band|[from] move: Knock Off|[of] p1a: Clefable
|
|upkeep
|turn|5
|
|t:|1778509345
|move|p2a: Gojo|U-turn|p1a: Clefable
|-resisted|p1a: Clefable
|-damage|p1a: Clefable|6/100
|-damage|p2a: Gojo|63/100|[from] item: Rocky Helmet|[of] p1a: Clefable
|
|t:|1778509354
|switch|p2a: Jirachi|Jirachi|100/100|[from] U-turn
|move|p1a: Clefable|Moonblast|p2a: Jirachi
|-resisted|p2a: Jirachi
|-damage|p2a: Jirachi|91/100
|-unboost|p2a: Jirachi|spa|1
|
|-heal|p2a: Jirachi|97/100|[from] item: Leftovers
|-fieldend|move: Gravity
|upkeep
|turn|6
|
|t:|1778509365
|move|p2a: Jirachi|Gravity|p2a: Jirachi
|-fieldstart|move: Gravity
|move|p1a: Clefable|Knock Off|p2a: Jirachi
|-supereffective|p2a: Jirachi
|-damage|p2a: Jirachi|73/100
|-enditem|p2a: Jirachi|Leftovers|[from] move: Knock Off|[of] p1a: Clefable
|
|upkeep
|turn|7
|
|t:|1778509372
|move|p2a: Jirachi|Wish|p2a: Jirachi
|move|p1a: Clefable|Stealth Rock|p2a: Jirachi
|-sidestart|p2: CoolPerson58|move: Stealth Rock
|
|upkeep
|turn|8
|
|t:|1778509375
|move|p2a: Jirachi|U-turn|p1a: Clefable
|-resisted|p1a: Clefable
|-crit|p1a: Clefable
|-damage|p1a: Clefable|0 fnt
|-damage|p2a: Jirachi|56/100|[from] item: Rocky Helmet|[of] p1a: Clefable
|faint|p1a: Clefable
|
|t:|1778509383
|switch|p2a: Gojo|Flapple, M, tera:Grass|63/100|[from] U-turn
|-damage|p2a: Gojo|50/100|[from] Stealth Rock
|
|-heal|p2a: Gojo|100/100|[from] move: Wish|[wisher] Jirachi
|upkeep
|
|t:|1778509400
|switch|p1a: Zamazenta|Zamazenta|100/100
|-ability|p1a: Zamazenta|Dauntless Shield|boost
|-boost|p1a: Zamazenta|def|1
|turn|9
|
|t:|1778509418
|switch|p2a: Deoxys|Deoxys-Speed|72/100
|-damage|p2a: Deoxys|59/100|[from] Stealth Rock
|-ability|p2a: Deoxys|Pressure
|move|p1a: Zamazenta|Ice Fang|p2a: Deoxys
|-damage|p2a: Deoxys|34/100
|
|upkeep
|turn|10
|
|t:|1778509446
|switch|p1a: Gliscor|Gliscor, F|100/100
|move|p2a: Deoxys|Thunder Wave|p1a: Gliscor
|-immune|p1a: Gliscor
|
|-fieldend|move: Gravity
|-status|p1a: Gliscor|tox|[from] item: Toxic Orb
|upkeep
|turn|11
|
|t:|1778509455
|move|p2a: Deoxys|Gravity|p2a: Deoxys
|-fieldstart|move: Gravity
|move|p1a: Gliscor|Toxic|p2a: Deoxys
|-status|p2a: Deoxys|tox
|
|-damage|p2a: Deoxys|28/100 tox|[from] psn
|upkeep
|turn|12
|
|t:|1778509463
|move|p1a: Gliscor|U-turn|p2a: Deoxys
|-supereffective|p2a: Deoxys
|-damage|p2a: Deoxys|0 fnt
|faint|p2a: Deoxys
|
|t:|1778509468
|switch|p1a: Zamazenta|Zamazenta|100/100|[from] U-turn
|
|upkeep
|
|t:|1778509507
|switch|p2a: Gojo|Flapple, M, tera:Grass|100/100
|-damage|p2a: Gojo|88/100|[from] Stealth Rock
|turn|13
|
|t:|1778509517
|move|p1a: Zamazenta|Ice Fang|p2a: Gojo
|-supereffective|p2a: Gojo
|-crit|p2a: Gojo
|-damage|p2a: Gojo|0 fnt
|faint|p2a: Gojo
|
|upkeep
|c|☆CoolPerson58|D:
|c|☆CoolPerson58|252 Atk Zamazenta Ice Fang vs. 0 HP / 0 Def Tera Grass Flapple: 162-192 (57.6 - 68.3%) -- guaranteed 2HKO
|
|t:|1778509565
|switch|p2a: Jirachi|Jirachi|56/100
|-damage|p2a: Jirachi|50/100|[from] Stealth Rock
|turn|14
|
|t:|1778509577
|move|p1a: Zamazenta|Crunch|p2a: Jirachi
|-supereffective|p2a: Jirachi
|-damage|p2a: Jirachi|4/100
|move|p2a: Jirachi|Thunder Wave|p1a: Zamazenta
|-status|p1a: Zamazenta|par
|
|upkeep
|turn|15
|
|t:|1778509584
|move|p2a: Jirachi|Wish|p2a: Jirachi
|move|p1a: Zamazenta|Crunch|p2a: Jirachi
|-supereffective|p2a: Jirachi
|-damage|p2a: Jirachi|0 fnt
|faint|p2a: Jirachi
|
|-fieldend|move: Gravity
|upkeep
|
|t:|1778509593
|switch|p2a: Garchomp|Garchomp, M|100/100
|-damage|p2a: Garchomp|94/100|[from] Stealth Rock
|turn|16
|
|t:|1778509597
|move|p2a: Garchomp|Earthquake|p1a: Zamazenta
|-crit|p1a: Zamazenta
|-damage|p1a: Zamazenta|0 fnt
|faint|p1a: Zamazenta
|
|-heal|p2a: Garchomp|100/100|[from] move: Wish|[wisher] Jirachi
|upkeep
|
|t:|1778509604
|switch|p1a: Samurott|Samurott-Hisui, M|100/100
|turn|17
|
|t:|1778509608
|move|p2a: Garchomp|Earthquake|p1a: Samurott
|-damage|p1a: Samurott|20/100
|move|p1a: Samurott|Aqua Cutter|p2a: Garchomp
|-damage|p2a: Garchomp|56/100
|
|upkeep
|turn|18
|
|t:|1778509617
|move|p2a: Garchomp|Earthquake|p1a: Samurott
|-damage|p1a: Samurott|0 fnt
|faint|p1a: Samurott
|
|upkeep
|
|t:|1778509624
|switch|p1a: Gliscor|Gliscor, F|100/100 tox
|turn|19
|
|t:|1778509629
|switch|p2a: Forretress|Forretress, M|100/100
|move|p1a: Gliscor|Earthquake|p2a: Forretress
|-damage|p2a: Forretress|80/100
|
|upkeep
|turn|20
|
|t:|1778509636
|move|p1a: Gliscor|Earthquake|p2a: Forretress
|-damage|p2a: Forretress|60/100
|move|p2a: Forretress|Gravity|p2a: Forretress
|-fieldstart|move: Gravity
|
|upkeep
|turn|21
|
|t:|1778509641
|move|p1a: Gliscor|Earthquake|p2a: Forretress
|-damage|p2a: Forretress|40/100
|move|p2a: Forretress|Rapid Spin|p1a: Gliscor
|-damage|p1a: Gliscor|94/100 tox
|-boost|p2a: Forretress|spe|1
|-sideend|p2: CoolPerson58|Stealth Rock|[from] move: Rapid Spin|[of] p2a: Forretress
|
|-heal|p1a: Gliscor|100/100 tox|[from] ability: Poison Heal
|upkeep
|turn|22
|
|t:|1778509673
|switch|p1a: Gholdengo|Gholdengo|100/100
|switch|p2a: Garchomp|Garchomp, M|56/100
|
|upkeep
|turn|23
|
|t:|1778509685
|move|p2a: Garchomp|Earthquake|p1a: Gholdengo
|-supereffective|p1a: Gholdengo
|-damage|p1a: Gholdengo|0 fnt
|faint|p1a: Gholdengo
|
|upkeep
|
|t:|1778509689
|switch|p1a: Gliscor|Gliscor, F|100/100 tox
|turn|24
|
|t:|1778509692
|move|p2a: Garchomp|Earthquake|p1a: Gliscor
|-damage|p1a: Gliscor|49/100 tox
|move|p1a: Gliscor|Earthquake|p2a: Garchomp
|-damage|p2a: Garchomp|21/100
|
|-heal|p1a: Gliscor|62/100 tox|[from] ability: Poison Heal
|-fieldend|move: Gravity
|upkeep
|turn|25
|
|t:|1778509700
|switch|p2a: Forretress|Forretress, M|40/100
|move|p1a: Gliscor|Earthquake|p2a: Forretress
|-damage|p2a: Forretress|20/100
|
|-heal|p1a: Gliscor|74/100 tox|[from] ability: Poison Heal
|upkeep
|turn|26
|
|t:|1778509707
|move|p1a: Gliscor|Protect|p1a: Gliscor
|-singleturn|p1a: Gliscor|Protect
|move|p2a: Forretress|Gravity|p2a: Forretress
|-fieldstart|move: Gravity
|
|-heal|p1a: Gliscor|87/100 tox|[from] ability: Poison Heal
|upkeep
|turn|27
|
|t:|1778509712
|move|p1a: Gliscor|Earthquake|p2a: Forretress
|-damage|p2a: Forretress|0 fnt
|faint|p2a: Forretress
|
|-heal|p1a: Gliscor|99/100 tox|[from] ability: Poison Heal
|upkeep
|
|t:|1778509723
|switch|p2a: Garchomp|Garchomp, M|21/100
|turn|28
|
|t:|1778509726
|move|p2a: Garchomp|Dragon Rush|p1a: Gliscor
|-damage|p1a: Gliscor|49/100 tox
|cant|p1a: Gliscor|flinch
|
|-heal|p1a: Gliscor|61/100 tox|[from] ability: Poison Heal
|upkeep
|turn|29
|
|t:|1778509733
|move|p1a: Gliscor|Protect|p1a: Gliscor
|-singleturn|p1a: Gliscor|Protect
|move|p2a: Garchomp|Dragon Rush|p1a: Gliscor
|-activate|p1a: Gliscor|move: Protect
|
|-heal|p1a: Gliscor|74/100 tox|[from] ability: Poison Heal
|upkeep
|turn|30
|
|t:|1778509740
|move|p2a: Garchomp|Dragon Rush|p1a: Gliscor
|-damage|p1a: Gliscor|19/100 tox
|move|p1a: Gliscor|Earthquake|p2a: Garchomp
|-damage|p2a: Garchomp|0 fnt
|faint|p2a: Garchomp
|
|-heal|p1a: Gliscor|32/100 tox|[from] ability: Poison Heal
|-fieldend|move: Gravity
|upkeep
|
|t:|1778509748
|switch|p2a: Scizor|Scizor, M|100/100
|turn|31
|
|t:|1778509774
|move|p2a: Scizor|Bullet Punch|p1a: Gliscor
|-damage|p1a: Gliscor|0 fnt
|faint|p1a: Gliscor
|
|win|CoolPerson58
|raw|Akhann's rating: 1107 &rarr; <strong>1081</strong><br />(-26 for losing)
|raw|CoolPerson58's rating: 1093 &rarr; <strong>1120</strong><br />(+27 for winning)
|c|☆CoolPerson58|gg
|c|☆Akhann|GG !
|l|☆Akhann
|player|p1|
|l|☆CoolPerson58
|player|p2|
