|html|<div class="broadcast-blue"><strong>[Gen 9] OU is currently suspecting Tera Blast! For information on how to participate check out the <a href="https://www.smogon.com/tools/suspects/view/200">suspect thread</a>.</strong></div>
|j|☆tucumabreads
|j|☆isekreemskoop
|t:|1776126351
|gametype|singles
|player|p1|tucumabreads|266|1178
|player|p2|isekreemskoop|waitress-gen4|1244
|gen|9
|tier|[Gen 9] OU
|rated|
|rule|HP Percentage Mod: HP is shown in percentages
|rule|Endless Battle Clause: Forcing endless battles is banned
|rule|Species Clause: Limit one of each Pokémon
|rule|OHKO Clause: OHKO moves are banned
|rule|Evasion Items Clause: Evasion items are banned
|rule|Evasion Moves Clause: Evasion moves are banned
|rule|Evasion Abilities Clause: Evasion abilities are banned
|rule|Sleep Moves Clause: Sleep-inducing moves are banned
|clearpoke
|poke|p1|Gliscor, F|
|poke|p1|Heatran, M|
|poke|p1|Sinistcha|
|poke|p1|Corviknight, M|
|poke|p1|Tentacruel, F|
|poke|p1|Darkrai|
|poke|p2|Noivern, F|
|poke|p2|Gholdengo|
|poke|p2|Kingambit, F|
|poke|p2|Ogerpon-Wellspring, F|
|poke|p2|Ribombee, M|
|poke|p2|Great Tusk|
|teampreview
|inactive|Battle timer is ON: inactive players will automatically lose when time's up. (requested by isekreemskoop)
|
|t:|1776126361
|teamsize|p1|6
|teamsize|p2|6
|start
|switch|p1a: no pronouns|Tentacruel, F, shiny|100/100
|switch|p2a: Ribombee|Ribombee, M|100/100
|turn|1
|
|t:|1776126389
|move|p2a: Ribombee|Sticky Web|p1a: no pronouns
|-sidestart|p1: tucumabreads|move: Sticky Web
|move|p1a: no pronouns|Rapid Spin|p2a: Ribombee
|-crit|p2a: Ribombee
|-damage|p2a: Ribombee|76/100
|-boost|p1a: no pronouns|spe|1
|-sideend|p1: tucumabreads|Sticky Web|[from] move: Rapid Spin|[of] p1a: no pronouns
|
|upkeep
|turn|2
|
|t:|1776126396
|move|p1a: no pronouns|Sludge Bomb|p2a: Ribombee
|-supereffective|p2a: Ribombee
|-damage|p2a: Ribombee|0 fnt
|faint|p2a: Ribombee
|
|upkeep
|inactive|isekreemskoop has 120 seconds left.
|
|t:|1776126417
|switch|p2a: Great Tusk|Great Tusk|100/100
|turn|3
|inactive|isekreemskoop has 120 seconds left.
|
|t:|1776126436
|-terastallize|p1a: no pronouns|Water
|move|p1a: no pronouns|Surf|p2a: Great Tusk
|-supereffective|p2a: Great Tusk
|-damage|p2a: Great Tusk|0 fnt
|faint|p2a: Great Tusk
|-end|p2a: Great Tusk|Protosynthesis|[silent]
|
|upkeep
|
|t:|1776126454
|switch|p2a: Ogerpon|Ogerpon-Wellspring, F|100/100
|turn|4
|
|t:|1776126460
|move|p1a: no pronouns|Sludge Bomb|p2a: Ogerpon
|-supereffective|p2a: Ogerpon
|-damage|p2a: Ogerpon|21/100
|-status|p2a: Ogerpon|psn
|move|p2a: Ogerpon|Power Whip|p1a: no pronouns
|-supereffective|p1a: no pronouns
|-damage|p1a: no pronouns|0 fnt
|faint|p1a: no pronouns
|
|-damage|p2a: Ogerpon|8/100 psn|[from] psn
|upkeep
|
|t:|1776126474
|switch|p1a: she/her|Gliscor, F|100/100
|turn|5
|
|t:|1776126483
|move|p1a: she/her|Protect|p1a: she/her
|-singleturn|p1a: she/her|Protect
|move|p2a: Ogerpon|Ivy Cudgel|p1a: she/her|[anim] Ivy Cudgel Water
|-activate|p1a: she/her|move: Protect
|
|-damage|p2a: Ogerpon|0 fnt|[from] psn
|faint|p2a: Ogerpon
|-status|p1a: she/her|tox|[from] item: Toxic Orb
|upkeep
|
|t:|1776126491
|switch|p2a: Gholdengo|Gholdengo|100/100
|turn|6
|inactive|isekreemskoop has 120 seconds left.
|
|t:|1776126502
|-terastallize|p2a: Gholdengo|Flying
|move|p2a: Gholdengo|Nasty Plot|p2a: Gholdengo
|-boost|p2a: Gholdengo|spa|2
|move|p1a: she/her|Knock Off|p2a: Gholdengo
|-damage|p2a: Gholdengo|80/100
|-enditem|p2a: Gholdengo|Leftovers|[from] move: Knock Off|[of] p1a: she/her
|
|upkeep
|turn|7
|inactive|isekreemskoop has 120 seconds left.
|
|t:|1776126513
|move|p2a: Gholdengo|Make It Rain|p1a: she/her
|-damage|p1a: she/her|0 fnt
|-unboost|p2a: Gholdengo|spa|1
|faint|p1a: she/her
|
|upkeep
|
|t:|1776126516
|switch|p1a: any pronouns|Darkrai|100/100
|turn|8
|
|t:|1776126521
|move|p1a: any pronouns|Ice Beam|p2a: Gholdengo
|-supereffective|p2a: Gholdengo
|-damage|p2a: Gholdengo|14/100
|move|p2a: Gholdengo|Make It Rain|p1a: any pronouns
|-damage|p1a: any pronouns|0 fnt
|-unboost|p2a: Gholdengo|spa|1
|faint|p1a: any pronouns
|
|upkeep
|
|t:|1776126536
|switch|p1a: he/them|Corviknight, M|100/100
|-ability|p1a: he/them|Pressure
|turn|9
|
|t:|1776126547
|move|p2a: Gholdengo|Recover|p2a: Gholdengo
|-heal|p2a: Gholdengo|64/100
|move|p1a: he/them|Brave Bird|p2a: Gholdengo
|-damage|p2a: Gholdengo|24/100
|-damage|p1a: he/them|89/100|[from] Recoil
|
|upkeep
|turn|10
|
|t:|1776126553
|move|p2a: Gholdengo|Recover|p2a: Gholdengo
|-heal|p2a: Gholdengo|74/100
|move|p1a: he/them|Brave Bird|p2a: Gholdengo
|-damage|p2a: Gholdengo|35/100
|-damage|p1a: he/them|77/100|[from] Recoil
|
|upkeep
|turn|11
|
|t:|1776126562
|move|p2a: Gholdengo|Recover|p2a: Gholdengo
|-heal|p2a: Gholdengo|85/100
|move|p1a: he/them|Iron Defense|p1a: he/them
|-boost|p1a: he/them|def|2
|
|upkeep
|turn|12
|
|t:|1776126570
|move|p2a: Gholdengo|Nasty Plot|p2a: Gholdengo
|-boost|p2a: Gholdengo|spa|2
|move|p1a: he/them|Brave Bird|p2a: Gholdengo
|-damage|p2a: Gholdengo|50/100
|-damage|p1a: he/them|67/100|[from] Recoil
|
|upkeep
|turn|13
|
|t:|1776126577
|move|p2a: Gholdengo|Shadow Ball|p1a: he/them
|-damage|p1a: he/them|0 fnt
|faint|p1a: he/them
|
|upkeep
|
|t:|1776126580
|switch|p1a: they/them|Sinistcha|100/100
|turn|14
|-message|tucumabreads forfeited.
|
|win|isekreemskoop
|raw|tucumabreads's rating: 1200 &rarr; <strong>1178</strong><br />(-22 for losing)
|raw|isekreemskoop's rating: 1244 &rarr; <strong>1266</strong><br />(+22 for winning)
