|html|<div class="broadcast-blue"><strong>[Gen 9] OU is currently suspecting Tera Blast! For information on how to participate check out the <a href="https://www.smogon.com/tools/suspects/view/200">suspect thread</a>.</strong></div>
|j|☆pumkinthecot4
|j|☆Munch144447
|t:|1776099597
|gametype|singles
|player|p1|pumkinthecot4|elesa|1160
|player|p2|Munch144447|101|1106
|gen|9
|tier|[Gen 9] OU
|rated|
|rule|HP Percentage Mod: HP is shown in percentages
|rule|Endless Battle Clause: Forcing endless battles is banned
|rule|Species Clause: Limit one of each Pokémon
|rule|OHKO Clause: OHKO moves are banned
|rule|Evasion Items Clause: Evasion items are banned
|rule|Evasion Moves Clause: Evasion moves are banned
|rule|Evasion Abilities Clause: Evasion abilities are banned
|rule|Sleep Moves Clause: Sleep-inducing moves are banned
|clearpoke
|poke|p1|Dudunsparce-*, M|
|poke|p1|Altaria, F|
|poke|p1|Vaporeon, F|
|poke|p1|Drednaw, M|
|poke|p1|Basculegion, M|
|poke|p1|Klefki, M|
|poke|p2|Dugtrio-Alola, F|
|poke|p2|Rotom|
|poke|p2|Sneasel-Hisui, M|
|poke|p2|Crawdaunt, M|
|poke|p2|Vileplume, M|
|poke|p2|Clodsire, F|
|teampreview
|c|☆Munch144447|cool team
|
|t:|1776099609
|teamsize|p1|6
|teamsize|p2|6
|start
|switch|p1a: Klefki|Klefki, M|100/100
|switch|p2a: Rotom|Rotom|100/100
|turn|1
|c|☆pumkinthecot4|thanks im testing it before i go against my pal
|
|t:|1776099629
|move|p1a: Klefki|Spikes|p2a: Rotom
|-sidestart|p2: Munch144447|Spikes
|move|p2a: Rotom|Will-O-Wisp|p1a: Klefki|[miss]
|-miss|p2a: Rotom|p1a: Klefki
|
|-status|p2a: Rotom|brn|[from] item: Flame Orb
|upkeep
|turn|2
|c|☆pumkinthecot4|teams rated for nu
|
|t:|1776099652
|move|p1a: Klefki|Spikes|p2a: Rotom
|-sidestart|p2: Munch144447|Spikes
|move|p2a: Rotom|Trick|p1a: Klefki
|-activate|p2a: Rotom|move: Trick|[of] p1a: Klefki
|-item|p1a: Klefki|Flame Orb|[from] move: Trick
|-item|p2a: Rotom|Damp Rock|[from] move: Trick
|
|-damage|p2a: Rotom|94/100 brn|[from] brn
|-status|p1a: Klefki|brn|[from] item: Flame Orb
|upkeep
|turn|3
|
|t:|1776099657
|move|p1a: Klefki|Spikes|p2a: Rotom
|-sidestart|p2: Munch144447|Spikes
|move|p2a: Rotom|Volt Switch|p1a: Klefki
|-damage|p1a: Klefki|66/100 brn
|
|t:|1776099665
|switch|p2a: Dugtrio|Dugtrio-Alola, F|100/100|[from] Volt Switch
|-damage|p2a: Dugtrio|76/100|[from] Spikes
|
|-damage|p1a: Klefki|60/100 brn|[from] brn
|upkeep
|turn|4
|
|t:|1776099671
|move|p1a: Klefki|Rain Dance|p1a: Klefki
|-weather|RainDance
|move|p2a: Dugtrio|Iron Head|p1a: Klefki
|-damage|p1a: Klefki|6/100 brn
|
|-weather|RainDance|[upkeep]
|-damage|p1a: Klefki|0 fnt|[from] brn
|faint|p1a: Klefki
|upkeep
|
|t:|1776099686
|switch|p1a: Basculegion|Basculegion, M|100/100
|turn|5
|
|t:|1776099689
|switch|p2a: Vileplume|Vileplume, M|100/100
|-damage|p2a: Vileplume|76/100|[from] Spikes
|move|p1a: Basculegion|Flip Turn|p2a: Vileplume
|-resisted|p2a: Vileplume
|-damage|p2a: Vileplume|54/100
|-status|p1a: Basculegion|par|[from] ability: Effect Spore|[of] p2a: Vileplume
|
|t:|1776099704
|switch|p1a: Dudunsparce|Dudunsparce, M|100/100|[from] Flip Turn
|
|-weather|RainDance|[upkeep]
|-heal|p2a: Vileplume|60/100|[from] item: Leftovers
|upkeep
|turn|6
|
|t:|1776099710
|switch|p2a: Rotom|Rotom|94/100 brn
|-terastallize|p1a: Dudunsparce|Electric
|move|p1a: Dudunsparce|Coil|p1a: Dudunsparce
|-boost|p1a: Dudunsparce|atk|1
|-boost|p1a: Dudunsparce|def|1
|-boost|p1a: Dudunsparce|accuracy|1
|
|-weather|RainDance|[upkeep]
|-damage|p2a: Rotom|88/100 brn|[from] brn
|upkeep
|turn|7
|
|t:|1776099717
|move|p2a: Rotom|Will-O-Wisp|p1a: Dudunsparce
|-status|p1a: Dudunsparce|brn
|move|p1a: Dudunsparce|Calm Mind|p1a: Dudunsparce
|-boost|p1a: Dudunsparce|spa|1
|-boost|p1a: Dudunsparce|spd|1
|
|-weather|RainDance|[upkeep]
|-damage|p2a: Rotom|82/100 brn|[from] brn
|-damage|p1a: Dudunsparce|94/100 brn|[from] brn
|upkeep
|turn|8
|
|t:|1776099726
|move|p2a: Rotom|Volt Switch|p1a: Dudunsparce
|-resisted|p1a: Dudunsparce
|-damage|p1a: Dudunsparce|86/100 brn
|
|t:|1776099729
|switch|p2a: Clodsire|Clodsire, F|100/100|[from] Volt Switch
|-damage|p2a: Clodsire|75/100|[from] Spikes
|move|p1a: Dudunsparce|Calm Mind|p1a: Dudunsparce
|-boost|p1a: Dudunsparce|spa|1
|-boost|p1a: Dudunsparce|spd|1
|
|-weather|none
|-heal|p1a: Dudunsparce|92/100 brn|[from] item: Leftovers
|-heal|p2a: Clodsire|82/100|[from] item: Leftovers
|-damage|p1a: Dudunsparce|86/100 brn|[from] brn
|upkeep
|turn|9
|
|t:|1776099738
|move|p1a: Dudunsparce|Stored Power|p2a: Clodsire
|-supereffective|p2a: Clodsire
|-damage|p2a: Clodsire|46/100
|move|p2a: Clodsire|Recover|p2a: Clodsire
|-heal|p2a: Clodsire|96/100
|
|-heal|p1a: Dudunsparce|92/100 brn|[from] item: Leftovers
|-heal|p2a: Clodsire|100/100|[from] item: Leftovers
|-damage|p1a: Dudunsparce|86/100 brn|[from] brn
|upkeep
|turn|10
|
|t:|1776099744
|move|p1a: Dudunsparce|Calm Mind|p1a: Dudunsparce
|-boost|p1a: Dudunsparce|spa|1
|-boost|p1a: Dudunsparce|spd|1
|move|p2a: Clodsire|Earthquake|p1a: Dudunsparce
|-supereffective|p1a: Dudunsparce
|-damage|p1a: Dudunsparce|45/100 brn
|
|-heal|p1a: Dudunsparce|51/100 brn|[from] item: Leftovers
|-damage|p1a: Dudunsparce|45/100 brn|[from] brn
|upkeep
|turn|11
|
|t:|1776099754
|move|p1a: Dudunsparce|Roost|p1a: Dudunsparce
|-heal|p1a: Dudunsparce|95/100 brn
|move|p2a: Clodsire|Earthquake|p1a: Dudunsparce
|-supereffective|p1a: Dudunsparce
|-damage|p1a: Dudunsparce|52/100 brn
|
|-heal|p1a: Dudunsparce|58/100 brn|[from] item: Leftovers
|-damage|p1a: Dudunsparce|52/100 brn|[from] brn
|upkeep
|turn|12
|
|t:|1776099762
|move|p1a: Dudunsparce|Roost|p1a: Dudunsparce
|-heal|p1a: Dudunsparce|100/100 brn
|move|p2a: Clodsire|Earthquake|p1a: Dudunsparce
|-supereffective|p1a: Dudunsparce
|-damage|p1a: Dudunsparce|61/100 brn
|
|-heal|p1a: Dudunsparce|67/100 brn|[from] item: Leftovers
|-damage|p1a: Dudunsparce|61/100 brn|[from] brn
|upkeep
|turn|13
|
|t:|1776099766
|move|p1a: Dudunsparce|Coil|p1a: Dudunsparce
|-boost|p1a: Dudunsparce|atk|1
|-boost|p1a: Dudunsparce|def|1
|-boost|p1a: Dudunsparce|accuracy|1
|move|p2a: Clodsire|Earthquake|p1a: Dudunsparce
|-supereffective|p1a: Dudunsparce
|-damage|p1a: Dudunsparce|20/100 brn
|
|-heal|p1a: Dudunsparce|26/100 brn|[from] item: Leftovers
|-damage|p1a: Dudunsparce|20/100 brn|[from] brn
|upkeep
|turn|14
|
|t:|1776099779
|switch|p2a: Dugtrio|Dugtrio-Alola, F|76/100
|-damage|p2a: Dugtrio|51/100|[from] Spikes
|move|p1a: Dudunsparce|Roost|p1a: Dudunsparce
|-heal|p1a: Dudunsparce|70/100 brn
|
|-heal|p1a: Dudunsparce|76/100 brn|[from] item: Leftovers
|-damage|p1a: Dudunsparce|70/100 brn|[from] brn
|upkeep
|turn|15
|
|t:|1776099783
|move|p2a: Dugtrio|Earthquake|p1a: Dudunsparce
|-supereffective|p1a: Dudunsparce
|-damage|p1a: Dudunsparce|17/100 brn
|move|p1a: Dudunsparce|Roost|p1a: Dudunsparce
|-heal|p1a: Dudunsparce|67/100 brn
|
|-heal|p1a: Dudunsparce|73/100 brn|[from] item: Leftovers
|-damage|p1a: Dudunsparce|67/100 brn|[from] brn
|upkeep
|turn|16
|
|t:|1776099792
|move|p2a: Dugtrio|Earthquake|p1a: Dudunsparce
|-supereffective|p1a: Dudunsparce
|-damage|p1a: Dudunsparce|14/100 brn
|move|p1a: Dudunsparce|Roost|p1a: Dudunsparce
|-heal|p1a: Dudunsparce|64/100 brn
|
|-heal|p1a: Dudunsparce|70/100 brn|[from] item: Leftovers
|-damage|p1a: Dudunsparce|64/100 brn|[from] brn
|upkeep
|turn|17
|
|t:|1776099795
|move|p2a: Dugtrio|Earthquake|p1a: Dudunsparce
|-supereffective|p1a: Dudunsparce
|-damage|p1a: Dudunsparce|17/100 brn
|move|p1a: Dudunsparce|Roost|p1a: Dudunsparce
|-heal|p1a: Dudunsparce|67/100 brn
|
|-heal|p1a: Dudunsparce|73/100 brn|[from] item: Leftovers
|-damage|p1a: Dudunsparce|67/100 brn|[from] brn
|upkeep
|turn|18
|
|t:|1776099806
|move|p2a: Dugtrio|Earthquake|p1a: Dudunsparce
|-supereffective|p1a: Dudunsparce
|-crit|p1a: Dudunsparce
|-damage|p1a: Dudunsparce|0 fnt
|faint|p1a: Dudunsparce
|
|upkeep
|
|t:|1776099811
|switch|p1a: Altaria|Altaria, F|100/100
|-ability|p1a: Altaria|Cloud Nine
|turn|19
|c|☆Munch144447|ouch
|
|t:|1776099818
|switch|p2a: Clodsire|Clodsire, F|100/100
|-damage|p2a: Clodsire|75/100|[from] Spikes
|move|p1a: Altaria|Perish Song|p1a: Altaria
|-start|p1a: Altaria|perish3|[silent]
|-start|p2a: Clodsire|perish3|[silent]
|-fieldactivate|move: Perish Song
|
|-heal|p2a: Clodsire|82/100|[from] item: Leftovers
|-start|p1a: Altaria|perish3
|-start|p2a: Clodsire|perish3
|upkeep
|turn|20
|
|t:|1776099822
|switch|p1a: Vaporeon|Vaporeon, F|100/100
|move|p2a: Clodsire|Stealth Rock|p1a: Vaporeon
|-sidestart|p1: pumkinthecot4|move: Stealth Rock
|
|-heal|p2a: Clodsire|88/100|[from] item: Leftovers
|-start|p2a: Clodsire|perish2
|upkeep
|turn|21
|
|t:|1776099835
|move|p1a: Vaporeon|Wish|p1a: Vaporeon
|move|p2a: Clodsire|Toxic|p1a: Vaporeon
|-status|p1a: Vaporeon|tox
|
|-heal|p2a: Clodsire|94/100|[from] item: Leftovers
|-damage|p1a: Vaporeon|94/100 tox|[from] psn
|-start|p2a: Clodsire|perish1
|upkeep
|turn|22
|
|t:|1776099842
|switch|p2a: Rotom|Rotom|82/100 brn
|move|p1a: Vaporeon|Calm Mind|p1a: Vaporeon
|-boost|p1a: Vaporeon|spa|1
|-boost|p1a: Vaporeon|spd|1
|
|-heal|p1a: Vaporeon|100/100 tox|[from] move: Wish|[wisher] Vaporeon
|-damage|p1a: Vaporeon|88/100 tox|[from] psn
|-damage|p2a: Rotom|76/100 brn|[from] brn
|upkeep
|turn|23
|
|t:|1776099846
|move|p2a: Rotom|Volt Switch|p1a: Vaporeon
|-supereffective|p1a: Vaporeon
|-damage|p1a: Vaporeon|58/100 tox
|
|t:|1776099853
|switch|p2a: Crawdaunt|Crawdaunt, M|100/100|[from] Volt Switch
|-damage|p2a: Crawdaunt|76/100|[from] Spikes
|move|p1a: Vaporeon|Scald|p2a: Crawdaunt
|-resisted|p2a: Crawdaunt
|-damage|p2a: Crawdaunt|22/100
|-status|p2a: Crawdaunt|brn
|
|-heal|p1a: Vaporeon|64/100 tox|[from] item: Leftovers
|-damage|p1a: Vaporeon|45/100 tox|[from] psn
|-damage|p2a: Crawdaunt|16/100 brn|[from] brn
|upkeep
|turn|24
|
|t:|1776099867
|move|p2a: Crawdaunt|Knock Off|p1a: Vaporeon
|-damage|p1a: Vaporeon|3/100 tox
|-enditem|p1a: Vaporeon|Leftovers|[from] move: Knock Off|[of] p2a: Crawdaunt
|-damage|p2a: Crawdaunt|6/100 brn|[from] item: Life Orb
|move|p1a: Vaporeon|Wish|p1a: Vaporeon
|
|-damage|p1a: Vaporeon|0 fnt|[from] psn
|faint|p1a: Vaporeon
|-damage|p2a: Crawdaunt|0 fnt|[from] brn
|faint|p2a: Crawdaunt
|upkeep
|
|t:|1776099877
|switch|p2a: Rotom|Rotom|76/100 brn
|switch|p1a: Drednaw|Drednaw, M|100/100
|-damage|p1a: Drednaw|88/100|[from] Stealth Rock
|turn|25
|
|t:|1776099883
|move|p2a: Rotom|Will-O-Wisp|p1a: Drednaw
|-status|p1a: Drednaw|brn
|move|p1a: Drednaw|Crunch|p2a: Rotom
|-supereffective|p2a: Rotom
|-damage|p2a: Rotom|27/100 brn
|
|-heal|p1a: Drednaw|100/100 brn|[from] move: Wish|[wisher] Vaporeon
|-damage|p2a: Rotom|21/100 brn|[from] brn
|-damage|p1a: Drednaw|94/100 brn|[from] brn
|upkeep
|turn|26
|
|t:|1776099890
|move|p2a: Rotom|Volt Switch|p1a: Drednaw
|-supereffective|p1a: Drednaw
|-damage|p1a: Drednaw|44/100 brn
|
|t:|1776099893
|switch|p2a: Vileplume|Vileplume, M|60/100|[from] Volt Switch
|-damage|p2a: Vileplume|35/100|[from] Spikes
|move|p1a: Drednaw|Crunch|p2a: Vileplume
|-damage|p2a: Vileplume|26/100
|
|-heal|p2a: Vileplume|32/100|[from] item: Leftovers
|-damage|p1a: Drednaw|38/100 brn|[from] brn
|upkeep
|turn|27
|
|t:|1776099902
|move|p1a: Drednaw|Ice Spinner|p2a: Vileplume
|-supereffective|p2a: Vileplume
|-damage|p2a: Vileplume|13/100
|move|p2a: Vileplume|Strength Sap|p1a: Drednaw
|-unboost|p1a: Drednaw|atk|1
|-heal|p2a: Vileplume|100/100
|
|-damage|p1a: Drednaw|32/100 brn|[from] brn
|upkeep
|turn|28
|
|t:|1776099906
|move|p1a: Drednaw|Ice Spinner|p2a: Vileplume
|-supereffective|p2a: Vileplume
|-damage|p2a: Vileplume|87/100
|move|p2a: Vileplume|Giga Drain|p1a: Drednaw
|-supereffective|p1a: Drednaw
|-damage|p1a: Drednaw|0 fnt
|-heal|p2a: Vileplume|100/100|[from] drain|[of] p1a: Drednaw
|faint|p1a: Drednaw
|
|upkeep
|
|t:|1776099909
|switch|p1a: Altaria|Altaria, F|100/100
|-damage|p1a: Altaria|76/100|[from] Stealth Rock
|-ability|p1a: Altaria|Cloud Nine
|turn|29
|
|t:|1776099911
|move|p1a: Altaria|Perish Song|p1a: Altaria
|-start|p1a: Altaria|perish3|[silent]
|-start|p2a: Vileplume|perish3|[silent]
|-fieldactivate|move: Perish Song
|move|p2a: Vileplume|Leech Seed|p1a: Altaria|[miss]
|-miss|p2a: Vileplume|p1a: Altaria
|
|-start|p1a: Altaria|perish3
|-start|p2a: Vileplume|perish3
|upkeep
|turn|30
|
|t:|1776099915
|switch|p1a: Basculegion|Basculegion, M|100/100 par
|-damage|p1a: Basculegion|88/100 par|[from] Stealth Rock
|move|p2a: Vileplume|Sludge Bomb|p1a: Basculegion
|-resisted|p1a: Basculegion
|-damage|p1a: Basculegion|70/100 par
|
|-start|p2a: Vileplume|perish2
|upkeep
|turn|31
|
|t:|1776099919
|move|p1a: Basculegion|Phantom Force||[still]
|-prepare|p1a: Basculegion|Phantom Force
|move|p2a: Vileplume|Giga Drain|p1a: Basculegion|[miss]
|-miss|p2a: Vileplume|p1a: Basculegion
|
|-start|p2a: Vileplume|perish1
|upkeep
|turn|32
|
|t:|1776099930
|switch|p2a: Rotom|Rotom|21/100 brn
|move|p1a: Basculegion|Phantom Force|p2a: Rotom|[from] lockedmove
|-supereffective|p2a: Rotom
|-damage|p2a: Rotom|0 fnt
|faint|p2a: Rotom
|
|upkeep
|
|t:|1776099938
|switch|p2a: Vileplume|Vileplume, M|100/100
|-damage|p2a: Vileplume|76/100|[from] Spikes
|turn|33
|
|t:|1776099941
|move|p1a: Basculegion|Phantom Force||[still]
|-prepare|p1a: Basculegion|Phantom Force
|move|p2a: Vileplume|Leech Seed|p1a: Basculegion|[miss]
|-miss|p2a: Vileplume|p1a: Basculegion
|
|-heal|p2a: Vileplume|82/100|[from] item: Leftovers
|upkeep
|turn|34
|
|t:|1776099945
|cant|p1a: Basculegion|par
|move|p2a: Vileplume|Leech Seed|p1a: Basculegion
|-start|p1a: Basculegion|move: Leech Seed
|
|-heal|p2a: Vileplume|88/100|[from] item: Leftovers
|-damage|p1a: Basculegion|58/100 par|[from] Leech Seed|[of] p2a: Vileplume
|-heal|p2a: Vileplume|100/100|[silent]
|upkeep
|turn|35
|
|t:|1776099948
|switch|p1a: Altaria|Altaria, F|76/100
|-damage|p1a: Altaria|51/100|[from] Stealth Rock
|-ability|p1a: Altaria|Cloud Nine
|move|p2a: Vileplume|Giga Drain|p1a: Altaria
|-resisted|p1a: Altaria
|-damage|p1a: Altaria|43/100
|
|upkeep
|turn|36
|
|t:|1776099950
|move|p1a: Altaria|Perish Song|p1a: Altaria
|-start|p1a: Altaria|perish3|[silent]
|-start|p2a: Vileplume|perish3|[silent]
|-fieldactivate|move: Perish Song
|move|p2a: Vileplume|Sludge Bomb|p1a: Altaria
|-damage|p1a: Altaria|12/100
|-status|p1a: Altaria|psn
|
|-damage|p1a: Altaria|0 fnt|[from] psn
|faint|p1a: Altaria
|-start|p2a: Vileplume|perish3
|upkeep
|
|t:|1776099953
|switch|p1a: Basculegion|Basculegion, M|58/100 par
|-damage|p1a: Basculegion|45/100 par|[from] Stealth Rock
|turn|37
|
|t:|1776099956
|move|p1a: Basculegion|Wave Crash|p2a: Vileplume
|-resisted|p2a: Vileplume
|-damage|p2a: Vileplume|71/100
|-damage|p1a: Basculegion|37/100 par|[from] Recoil
|move|p2a: Vileplume|Giga Drain|p1a: Basculegion
|-supereffective|p1a: Basculegion
|-crit|p1a: Basculegion
|-damage|p1a: Basculegion|0 fnt
|-heal|p2a: Vileplume|92/100|[from] drain|[of] p1a: Basculegion
|faint|p1a: Basculegion
|
|win|Munch144447
|raw|pumkinthecot4's rating: 1160 &rarr; <strong>1131</strong><br />(-29 for losing)
|raw|Munch144447's rating: 1106 &rarr; <strong>1135</strong><br />(+29 for winning)
|l|☆pumkinthecot4
|player|p1|
|c|☆Munch144447|gg
|l|☆Munch144447
|player|p2|
