|html|<div class="broadcast-blue"><strong>[Gen 9] OU is currently suspecting Tera Blast! For information on how to participate check out the <a href="https://www.smogon.com/tools/suspects/view/200">suspect thread</a>.</strong></div>
|j|☆OP Earthquakes
|j|☆V0ldy
|t:|1776130111
|gametype|singles
|player|p1|OP Earthquakes|giovanni-masters|1737
|player|p2|V0ldy|102|1678
|gen|9
|tier|[Gen 9] OU
|rated|
|rule|HP Percentage Mod: HP is shown in percentages
|rule|Endless Battle Clause: Forcing endless battles is banned
|rule|Species Clause: Limit one of each Pokémon
|rule|OHKO Clause: OHKO moves are banned
|rule|Evasion Items Clause: Evasion items are banned
|rule|Evasion Moves Clause: Evasion moves are banned
|rule|Evasion Abilities Clause: Evasion abilities are banned
|rule|Sleep Moves Clause: Sleep-inducing moves are banned
|clearpoke
|poke|p1|Excadrill, F|
|poke|p1|Tyranitar, F|
|poke|p1|Kyurem|
|poke|p1|Hawlucha, M|
|poke|p1|Pawmot, F|
|poke|p1|Gliscor, F|
|poke|p2|Indeedee, M|
|poke|p2|Hawlucha, F|
|poke|p2|Gallade, M|
|poke|p2|Armarouge, M|
|poke|p2|Polteageist-Antique|
|poke|p2|Excadrill, M|
|teampreview
|inactive|Battle timer is ON: inactive players will automatically lose when time's up. (requested by OP Earthquakes)
|j| volbeatluvr
|c|☆OP Earthquakes|GLHF
|j| MonkeyMilks
|
|t:|1776130128
|teamsize|p1|6
|teamsize|p2|6
|start
|switch|p1a: Gliscor|Gliscor, F, shiny|100/100
|switch|p2a: Excadrill|Excadrill, M|100/100
|-ability|p2a: Excadrill|Mold Breaker
|turn|1
|
|t:|1776130132
|move|p2a: Excadrill|Stealth Rock|p1a: Gliscor
|-sidestart|p1: OP Earthquakes|move: Stealth Rock
|move|p1a: Gliscor|Knock Off|p2a: Excadrill
|-damage|p2a: Excadrill|69/100
|-enditem|p2a: Excadrill|Focus Sash|[from] move: Knock Off|[of] p1a: Gliscor
|
|-status|p1a: Gliscor|tox|[from] item: Toxic Orb
|upkeep
|turn|2
|
|t:|1776130137
|switch|p2a: Armarouge|Armarouge, M|100/100
|move|p1a: Gliscor|Knock Off|p2a: Armarouge
|-supereffective|p2a: Armarouge
|-damage|p2a: Armarouge|53/100
|-ability|p2a: Armarouge|Weak Armor|boost
|-unboost|p2a: Armarouge|def|1
|-boost|p2a: Armarouge|spe|2
|-enditem|p2a: Armarouge|Weakness Policy
|-boost|p2a: Armarouge|atk|2|[from] item: Weakness Policy
|-boost|p2a: Armarouge|spa|2|[from] item: Weakness Policy
|
|upkeep
|turn|3
|
|t:|1776130152
|switch|p1a: The sandstorm|Tyranitar, F, shiny|100/100
|-damage|p1a: The sandstorm|88/100|[from] Stealth Rock
|-weather|Sandstorm|[from] ability: Sand Stream|[of] p1a: The sandstorm
|move|p2a: Armarouge|Armor Cannon|p1a: The sandstorm
|-resisted|p1a: The sandstorm
|-damage|p1a: The sandstorm|42/100
|-unboost|p2a: Armarouge|def|1
|-unboost|p2a: Armarouge|spd|1
|
|-weather|Sandstorm|[upkeep]
|-damage|p2a: Armarouge|47/100|[from] Sandstorm
|upkeep
|turn|4
|inactive|OP Earthquakes has 120 seconds left.
|
|t:|1776130183
|move|p2a: Armarouge|Armor Cannon|p1a: The sandstorm
|-resisted|p1a: The sandstorm
|-damage|p1a: The sandstorm|0 fnt
|-unboost|p2a: Armarouge|def|1
|-unboost|p2a: Armarouge|spd|1
|faint|p1a: The sandstorm
|
|-weather|Sandstorm|[upkeep]
|-damage|p2a: Armarouge|41/100|[from] Sandstorm
|upkeep
|
|t:|1776130186
|switch|p1a: OP|Excadrill, F|100/100
|-damage|p1a: OP|97/100|[from] Stealth Rock
|turn|5
|
|t:|1776130195
|move|p1a: OP|Iron Head|p2a: Armarouge
|-resisted|p2a: Armarouge
|-damage|p2a: Armarouge|0 fnt
|faint|p2a: Armarouge
|
|-weather|Sandstorm|[upkeep]
|upkeep
|
|t:|1776130204
|switch|p2a: Indeedee|Indeedee, M|100/100
|-fieldstart|move: Psychic Terrain|[from] ability: Psychic Surge|[of] p2a: Indeedee
|turn|6
|
|t:|1776130208
|switch|p2a: Polteageist|Polteageist-Antique|100/100
|move|p1a: OP|Iron Head|p2a: Polteageist
|-enditem|p2a: Polteageist|Focus Sash
|-damage|p2a: Polteageist|1/100
|-ability|p2a: Polteageist|Weak Armor|boost
|-unboost|p2a: Polteageist|def|1
|-boost|p2a: Polteageist|spe|2
|
|-weather|Sandstorm|[upkeep]
|-damage|p2a: Polteageist|0 fnt|[from] Sandstorm
|faint|p2a: Polteageist
|upkeep
|
|t:|1776130213
|switch|p2a: Excadrill|Excadrill, M|69/100
|-ability|p2a: Excadrill|Mold Breaker
|turn|7
|
|t:|1776130218
|switch|p1a: Itachi|Hawlucha, M, shiny|100/100
|-damage|p1a: Itachi|88/100|[from] Stealth Rock
|-ability|p1a: Itachi|Mold Breaker
|move|p2a: Excadrill|Iron Head|p1a: Itachi
|-damage|p1a: Itachi|25/100
|-enditem|p1a: Itachi|Red Card|[of] p2a: Excadrill
|drag|p2a: Gallade|Gallade, M|100/100
|
|-weather|Sandstorm|[upkeep]
|-damage|p1a: Itachi|19/100|[from] Sandstorm
|-damage|p2a: Gallade|94/100|[from] Sandstorm
|upkeep
|turn|8
|
|t:|1776130226
|move|p1a: Itachi|Defog|p2a: Gallade
|-unboost|p2a: Gallade|evasion|1
|-sideend|p1: OP Earthquakes|Stealth Rock|[from] move: Defog|[of] p1a: Itachi
|-fieldend|move: Psychic Terrain
|move|p2a: Gallade|Agility|p2a: Gallade
|-boost|p2a: Gallade|spe|2
|
|-weather|Sandstorm|[upkeep]
|-damage|p2a: Gallade|88/100|[from] Sandstorm
|-damage|p1a: Itachi|13/100|[from] Sandstorm
|upkeep
|turn|9
|
|t:|1776130236
|move|p2a: Gallade|Psycho Cut|p1a: Itachi
|-supereffective|p1a: Itachi
|-damage|p1a: Itachi|0 fnt
|faint|p1a: Itachi
|
|-weather|Sandstorm|[upkeep]
|-damage|p2a: Gallade|82/100|[from] Sandstorm
|upkeep
|
|t:|1776130242
|switch|p1a: Frieza|Kyurem, shiny|100/100
|-ability|p1a: Frieza|Pressure
|turn|10
|
|t:|1776130247
|-terastallize|p1a: Frieza|Ghost
|move|p2a: Gallade|Sacred Sword|p1a: Frieza
|-immune|p1a: Frieza
|move|p1a: Frieza|Shadow Ball|p2a: Gallade
|-supereffective|p2a: Gallade
|-damage|p2a: Gallade|0 fnt
|faint|p2a: Gallade
|
|-weather|none
|upkeep
|
|t:|1776130251
|switch|p2a: Excadrill|Excadrill, M|69/100
|-ability|p2a: Excadrill|Mold Breaker
|turn|11
|
|t:|1776130259
|move|p1a: Frieza|Earth Power|p2a: Excadrill
|-supereffective|p2a: Excadrill
|-damage|p2a: Excadrill|0 fnt
|faint|p2a: Excadrill
|
|upkeep
|
|t:|1776130261
|switch|p2a: Indeedee|Indeedee, M|100/100
|-fieldstart|move: Psychic Terrain|[from] ability: Psychic Surge|[of] p2a: Indeedee
|turn|12
|
|t:|1776130277
|move|p2a: Indeedee|Expanding Force|p1a: Frieza
|-damage|p1a: Frieza|38/100
|move|p1a: Frieza|Scale Shot|p2a: Indeedee|[miss]
|-miss|p1a: Frieza|p2a: Indeedee
|
|upkeep
|turn|13
|
|t:|1776130285
|move|p2a: Indeedee|Expanding Force|p1a: Frieza
|-damage|p1a: Frieza|0 fnt
|faint|p1a: Frieza
|
|upkeep
|
|t:|1776130293
|switch|p1a: Porunga|Pawmot, F|100/100
|turn|14
|
|t:|1776130296
|move|p1a: Porunga|Revival Blessing|p1a: Porunga
|-enditem|p1a: Porunga|Leppa Berry|[eat]
|-activate|p1a: Porunga|item: Leppa Berry|Revival Blessing|[consumed]
|
|t:|1776130301
|-heal|p1: The sandstorm|50/100|[from] move: Revival Blessing
|move|p2a: Indeedee|Expanding Force|p1a: Porunga
|-supereffective|p1a: Porunga
|-damage|p1a: Porunga|0 fnt
|faint|p1a: Porunga
|
|upkeep
|
|t:|1776130307
|switch|p1a: The sandstorm|Tyranitar, F, shiny|50/100
|-weather|Sandstorm|[from] ability: Sand Stream|[of] p1a: The sandstorm
|turn|15
|
|t:|1776130313
|-terastallize|p2a: Indeedee|Fairy
|move|p2a: Indeedee|Dazzling Gleam|p1a: The sandstorm
|-supereffective|p1a: The sandstorm
|-damage|p1a: The sandstorm|6/100
|move|p1a: The sandstorm|Thunder Wave|p2a: Indeedee
|-status|p2a: Indeedee|par
|
|-weather|Sandstorm|[upkeep]
|-damage|p2a: Indeedee|94/100 par|[from] Sandstorm
|upkeep
|turn|16
|
|t:|1776130327
|move|p2a: Indeedee|Dazzling Gleam|p1a: The sandstorm
|-supereffective|p1a: The sandstorm
|-crit|p1a: The sandstorm
|-damage|p1a: The sandstorm|0 fnt
|faint|p1a: The sandstorm
|
|-weather|Sandstorm|[upkeep]
|-damage|p2a: Indeedee|88/100 par|[from] Sandstorm
|upkeep
|
|t:|1776130337
|switch|p1a: Gliscor|Gliscor, F, shiny|100/100 tox
|turn|17
|
|t:|1776130340
|move|p1a: Gliscor|Tailwind|p1a: Gliscor
|-sidestart|p1: OP Earthquakes|move: Tailwind
|move|p2a: Indeedee|Expanding Force|p1a: Gliscor
|-damage|p1a: Gliscor|20/100 tox
|
|-weather|Sandstorm|[upkeep]
|-damage|p2a: Indeedee|82/100 par|[from] Sandstorm
|-heal|p1a: Gliscor|32/100 tox|[from] ability: Poison Heal
|upkeep
|turn|18
|
|t:|1776130347
|switch|p1a: OP|Excadrill, F|97/100
|move|p2a: Indeedee|Encore||[still]
|-fail|p2a: Indeedee
|
|-weather|Sandstorm|[upkeep]
|-damage|p2a: Indeedee|76/100 par|[from] Sandstorm
|upkeep
|turn|19
|
|t:|1776130352
|move|p1a: OP|Iron Head|p2a: Indeedee
|-supereffective|p2a: Indeedee
|-damage|p2a: Indeedee|0 fnt
|faint|p2a: Indeedee
|
|-weather|Sandstorm|[upkeep]
|-fieldend|move: Psychic Terrain
|upkeep
|
|t:|1776130355
|switch|p2a: Hawlucha|Hawlucha, F|100/100
|turn|20
|
|t:|1776130358
|move|p1a: OP|Iron Head|p2a: Hawlucha
|-damage|p2a: Hawlucha|0 fnt
|faint|p2a: Hawlucha
|
|win|OP Earthquakes
|raw|OP Earthquakes's rating: 1737 &rarr; <strong>1754</strong><br />(+17 for winning)
|raw|V0ldy's rating: 1678 &rarr; <strong>1661</strong><br />(-17 for losing)
|l|☆V0ldy
|player|p2|
|l| volbeatluvr
