|html|<div class="broadcast-blue"><strong>[Gen 9] OU is currently suspecting Volcarona! For information on how to participate check out the <a href="https://www.smogon.com/tools/suspects/view/208">suspect thread</a>.</strong></div>
|j|☆demonlarp
|j|☆takeyouout
|t:|1778511172
|gametype|singles
|player|p1|demonlarp|cheryl|1595
|player|p2|takeyouout|richboy|1662
|gen|9
|tier|[Gen 9] OU
|rated|
|rule|HP Percentage Mod: HP is shown in percentages
|rule|Endless Battle Clause: Forcing endless battles is banned
|rule|Species Clause: Limit one of each Pokémon
|rule|OHKO Clause: OHKO moves are banned
|rule|Evasion Items Clause: Evasion items are banned
|rule|Evasion Moves Clause: Evasion moves are banned
|rule|Evasion Abilities Clause: Evasion abilities are banned
|rule|Sleep Moves Clause: Sleep-inducing moves are banned
|clearpoke
|poke|p1|Jirachi|
|poke|p1|Weezing-Galar, M|
|poke|p1|Slither Wing|
|poke|p1|Ting-Lu|
|poke|p1|Heatran, F|
|poke|p1|Dragonite, M|
|poke|p2|Tyranitar, F|
|poke|p2|Alomomola, F|
|poke|p2|Tornadus-Therian, M|
|poke|p2|Excadrill, M|
|poke|p2|Amoonguss, M|
|poke|p2|Keldeo-Resolute|
|teampreview
|j| mono_8427109
|
|t:|1778511207
|teamsize|p1|6
|teamsize|p2|6
|start
|switch|p1a: Ting-Lu|Ting-Lu|100/100
|switch|p2a: 77|Tornadus-Therian, M|100/100
|-ability|p1a: Ting-Lu|Vessel of Ruin
|turn|1
|
|t:|1778511210
|move|p2a: 77|Nasty Plot|p2a: 77
|-boost|p2a: 77|spa|2
|move|p1a: Ting-Lu|Spikes|p2a: 77
|-sidestart|p2: takeyouout|Spikes
|
|upkeep
|turn|2
|
|t:|1778511213
|move|p2a: 77|Focus Blast|p1a: Ting-Lu|[miss]
|-miss|p2a: 77|p1a: Ting-Lu
|move|p1a: Ting-Lu|Whirlwind|p2a: 77
|drag|p2a: 99|Keldeo-Resolute|100/100
|-damage|p2a: 99|88/100|[from] Spikes
|
|upkeep
|turn|3
|
|t:|1778511218
|switch|p1a: Dragonite|Dragonite, M|100/100
|move|p2a: 99|Hydro Pump|p1a: Dragonite
|-resisted|p1a: Dragonite
|-damage|p1a: Dragonite|82/100
|
|upkeep
|turn|4
|
|t:|1778511223
|move|p2a: 99|Hydro Pump|p1a: Dragonite
|-resisted|p1a: Dragonite
|-damage|p1a: Dragonite|41/100
|move|p1a: Dragonite|Roost|p1a: Dragonite
|-heal|p1a: Dragonite|91/100
|-singleturn|p1a: Dragonite|move: Roost
|
|upkeep
|turn|5
|
|t:|1778511227
|switch|p2a: 66|Amoonguss, M|100/100
|-damage|p2a: 66|88/100|[from] Spikes
|move|p1a: Dragonite|Roost|p1a: Dragonite
|-heal|p1a: Dragonite|100/100
|-singleturn|p1a: Dragonite|move: Roost
|
|upkeep
|turn|6
|
|t:|1778511231
|switch|p1a: Heatran|Heatran, F|100/100
|move|p2a: 66|Toxic|p1a: Heatran
|-immune|p1a: Heatran
|
|upkeep
|turn|7
|
|t:|1778511235
|move|p1a: Heatran|Stealth Rock|p2a: 66
|-sidestart|p2: takeyouout|move: Stealth Rock
|move|p2a: 66|Stomping Tantrum|p1a: Heatran
|-supereffective|p1a: Heatran
|-damage|p1a: Heatran|0 fnt
|faint|p1a: Heatran
|
|upkeep
|
|t:|1778511245
|switch|p1a: Jirachi|Jirachi|100/100
|turn|8
|
|t:|1778511248
|move|p1a: Jirachi|Iron Head|p2a: 66
|-damage|p2a: 66|68/100
|-damage|p1a: Jirachi|84/100|[from] item: Rocky Helmet|[of] p2a: 66
|cant|p2a: 66|flinch
|
|-heal|p1a: Jirachi|90/100|[from] item: Leftovers
|upkeep
|turn|9
|
|t:|1778511254
|switch|p1a: Slither Wing|Slither Wing|100/100
|move|p2a: 66|Foul Play|p1a: Slither Wing
|-resisted|p1a: Slither Wing
|-damage|p1a: Slither Wing|90/100
|-damage|p2a: 66|51/100|[from] item: Rocky Helmet|[of] p1a: Slither Wing
|
|upkeep
|turn|10
|
|t:|1778511260
|switch|p2a: PinkCannon|Alomomola, F, shiny|100/100
|-damage|p2a: PinkCannon|88/100|[from] Spikes
|-damage|p2a: PinkCannon|76/100|[from] Stealth Rock
|move|p1a: Slither Wing|U-turn|p2a: PinkCannon
|-damage|p2a: PinkCannon|58/100
|-damage|p1a: Slither Wing|73/100|[from] item: Rocky Helmet|[of] p2a: PinkCannon
|
|t:|1778511264
|-end|p1a: Slither Wing|Protosynthesis|[silent]
|switch|p1a: Weezing|Weezing-Galar, M|100/100|[from] U-turn
|-ability|p1a: Weezing|Neutralizing Gas
|
|upkeep
|turn|11
|
|t:|1778511268
|move|p1a: Weezing|Will-O-Wisp|p2a: PinkCannon
|-status|p2a: PinkCannon|brn
|move|p2a: PinkCannon|Light Screen|p2a: PinkCannon
|-sidestart|p2: takeyouout|move: Light Screen
|
|-damage|p2a: PinkCannon|52/100 brn|[from] brn
|upkeep
|turn|12
|
|t:|1778511277
|move|p1a: Weezing|Sludge Bomb|p2a: PinkCannon
|-damage|p2a: PinkCannon|40/100 brn
|move|p2a: PinkCannon|Flip Turn|p1a: Weezing
|-damage|p1a: Weezing|95/100
|
|t:|1778511281
|switch|p2a: 99|Keldeo-Resolute|88/100|[from] Flip Turn
|-damage|p2a: 99|76/100|[from] Spikes
|-damage|p2a: 99|70/100|[from] Stealth Rock
|
|upkeep
|turn|13
|
|t:|1778511284
|-end|p1a: Weezing|ability: Neutralizing Gas
|switch|p1a: Dragonite|Dragonite, M|100/100
|move|p2a: 99|Surf|p1a: Dragonite
|-resisted|p1a: Dragonite
|-damage|p1a: Dragonite|83/100
|
|upkeep
|turn|14
|
|t:|1778511289
|switch|p2a: Broomhilda|Tyranitar, F, shiny|100/100
|-weather|Sandstorm|[from] ability: Sand Stream|[of] p2a: Broomhilda
|move|p1a: Dragonite|Roost|p1a: Dragonite
|-heal|p1a: Dragonite|100/100
|-singleturn|p1a: Dragonite|move: Roost
|
|-weather|Sandstorm|[upkeep]
|-damage|p1a: Dragonite|94/100|[from] Sandstorm
|upkeep
|turn|15
|
|t:|1778511294
|switch|p1a: Slither Wing|Slither Wing|73/100
|move|p2a: Broomhilda|Ice Beam|p1a: Slither Wing
|-damage|p1a: Slither Wing|55/100
|
|-weather|Sandstorm|[upkeep]
|-damage|p1a: Slither Wing|49/100|[from] Sandstorm
|-sideend|p2: takeyouout|move: Light Screen
|upkeep
|turn|16
|
|t:|1778511303
|switch|p2a: 66|Amoonguss, M|85/100
|-damage|p2a: 66|72/100|[from] Spikes
|-damage|p2a: 66|60/100|[from] Stealth Rock
|move|p1a: Slither Wing|U-turn|p2a: 66
|-damage|p2a: 66|37/100
|-damage|p1a: Slither Wing|32/100|[from] item: Rocky Helmet|[of] p2a: 66
|
|t:|1778511311
|-end|p1a: Slither Wing|Protosynthesis|[silent]
|switch|p1a: Dragonite|Dragonite, M|94/100|[from] U-turn
|
|-weather|Sandstorm|[upkeep]
|-damage|p1a: Dragonite|88/100|[from] Sandstorm
|-damage|p2a: 66|31/100|[from] Sandstorm
|upkeep
|turn|17
|
|t:|1778511318
|move|p1a: Dragonite|Earthquake|p2a: 66
|-damage|p2a: 66|6/100
|move|p2a: 66|Foul Play|p1a: Dragonite
|-damage|p1a: Dragonite|61/100
|
|-weather|Sandstorm|[upkeep]
|-damage|p1a: Dragonite|55/100|[from] Sandstorm
|-damage|p2a: 66|0 fnt|[from] Sandstorm
|faint|p2a: 66
|upkeep
|
|t:|1778511322
|switch|p2a: Starscream|Excadrill, M|100/100
|-damage|p2a: Starscream|88/100|[from] Spikes
|-damage|p2a: Starscream|85/100|[from] Stealth Rock
|turn|18
|
|t:|1778511336
|move|p2a: Starscream|Iron Head|p1a: Dragonite
|-damage|p1a: Dragonite|12/100
|-damage|p2a: Starscream|75/100|[from] item: Life Orb
|move|p1a: Dragonite|Earthquake|p2a: Starscream
|-supereffective|p2a: Starscream
|-damage|p2a: Starscream|0 fnt
|faint|p2a: Starscream
|
|-weather|none
|upkeep
|
|t:|1778511344
|switch|p2a: 77|Tornadus-Therian, M|100/100
|-damage|p2a: 77|75/100|[from] Stealth Rock
|turn|19
|
|t:|1778511348
|switch|p1a: Ting-Lu|Ting-Lu|100/100
|-ability|p1a: Ting-Lu|Vessel of Ruin
|move|p2a: 77|Bleakwind Storm|p1a: Ting-Lu
|-damage|p1a: Ting-Lu|73/100
|-damage|p2a: 77|65/100|[from] item: Life Orb
|
|-heal|p1a: Ting-Lu|79/100|[from] item: Leftovers
|upkeep
|turn|20
|
|t:|1778511352
|move|p2a: 77|Focus Blast|p1a: Ting-Lu
|-supereffective|p1a: Ting-Lu
|-damage|p1a: Ting-Lu|37/100
|-damage|p2a: 77|55/100|[from] item: Life Orb
|move|p1a: Ting-Lu|Whirlwind|p2a: 77
|drag|p2a: PinkCannon|Alomomola, F, shiny|40/100 brn
|-damage|p2a: PinkCannon|27/100 brn|[from] Spikes
|-damage|p2a: PinkCannon|15/100 brn|[from] Stealth Rock
|
|-heal|p1a: Ting-Lu|43/100|[from] item: Leftovers
|-damage|p2a: PinkCannon|9/100 brn|[from] brn
|upkeep
|turn|21
|
|t:|1778511361
|move|p1a: Ting-Lu|Earthquake|p2a: PinkCannon
|-damage|p2a: PinkCannon|0 fnt
|faint|p2a: PinkCannon
|
|-heal|p1a: Ting-Lu|49/100|[from] item: Leftovers
|upkeep
|
|t:|1778511363
|switch|p2a: 99|Keldeo-Resolute|70/100
|-damage|p2a: 99|57/100|[from] Spikes
|-damage|p2a: 99|51/100|[from] Stealth Rock
|turn|22
|
|t:|1778511372
|switch|p1a: Slither Wing|Slither Wing|32/100
|move|p2a: 99|Surf|p1a: Slither Wing
|-damage|p1a: Slither Wing|0 fnt
|faint|p1a: Slither Wing
|-end|p1a: Slither Wing|Protosynthesis|[silent]
|
|upkeep
|
|t:|1778511387
|switch|p1a: Dragonite|Dragonite, M|12/100
|turn|23
|
|t:|1778511390
|-terastallize|p1a: Dragonite|Normal
|move|p1a: Dragonite|Extreme Speed|p2a: 99
|-damage|p2a: 99|2/100
|move|p2a: 99|Surf|p1a: Dragonite
|-damage|p1a: Dragonite|0 fnt
|faint|p1a: Dragonite
|
|upkeep
|
|t:|1778511395
|switch|p1a: Jirachi|Jirachi|90/100
|turn|24
|
|t:|1778511409
|move|p2a: 99|Surf|p1a: Jirachi
|-crit|p1a: Jirachi
|-damage|p1a: Jirachi|12/100
|move|p1a: Jirachi|Wish|p1a: Jirachi
|
|-heal|p1a: Jirachi|18/100|[from] item: Leftovers
|upkeep
|turn|25
|
|t:|1778511415
|move|p1a: Jirachi|Protect|p1a: Jirachi
|-singleturn|p1a: Jirachi|Protect
|move|p2a: 99|Surf|p1a: Jirachi
|-activate|p1a: Jirachi|move: Protect
|
|-heal|p1a: Jirachi|68/100|[from] move: Wish|[wisher] Jirachi
|-heal|p1a: Jirachi|74/100|[from] item: Leftovers
|upkeep
|turn|26
|
|t:|1778511423
|move|p2a: 99|Surf|p1a: Jirachi
|-damage|p1a: Jirachi|22/100
|move|p1a: Jirachi|Wish|p1a: Jirachi
|
|-heal|p1a: Jirachi|28/100|[from] item: Leftovers
|upkeep
|turn|27
|
|t:|1778511434
|move|p1a: Jirachi|Protect|p1a: Jirachi
|-singleturn|p1a: Jirachi|Protect
|move|p2a: 99|Surf|p1a: Jirachi
|-activate|p1a: Jirachi|move: Protect
|
|-heal|p1a: Jirachi|78/100|[from] move: Wish|[wisher] Jirachi
|-heal|p1a: Jirachi|84/100|[from] item: Leftovers
|upkeep
|turn|28
|
|t:|1778511437
|move|p2a: 99|Surf|p1a: Jirachi
|-damage|p1a: Jirachi|39/100
|move|p1a: Jirachi|Wish|p1a: Jirachi
|
|-heal|p1a: Jirachi|45/100|[from] item: Leftovers
|upkeep
|turn|29
|
|t:|1778511443
|move|p1a: Jirachi|Protect|p1a: Jirachi
|-singleturn|p1a: Jirachi|Protect
|move|p2a: 99|Surf|p1a: Jirachi
|-activate|p1a: Jirachi|move: Protect
|
|-heal|p1a: Jirachi|95/100|[from] move: Wish|[wisher] Jirachi
|-heal|p1a: Jirachi|100/100|[from] item: Leftovers
|upkeep
|turn|30
|
|t:|1778511446
|move|p2a: 99|Surf|p1a: Jirachi
|-damage|p1a: Jirachi|47/100
|move|p1a: Jirachi|Wish|p1a: Jirachi
|
|-heal|p1a: Jirachi|54/100|[from] item: Leftovers
|upkeep
|turn|31
|
|t:|1778511453
|move|p1a: Jirachi|Protect|p1a: Jirachi
|-singleturn|p1a: Jirachi|Protect
|move|p2a: 99|Surf|p1a: Jirachi
|-activate|p1a: Jirachi|move: Protect
|
|-heal|p1a: Jirachi|100/100|[from] move: Wish|[wisher] Jirachi
|upkeep
|turn|32
|
|t:|1778511456
|-terastallize|p2a: 99|Water
|move|p2a: 99|Surf|p1a: Jirachi
|-damage|p1a: Jirachi|41/100
|move|p1a: Jirachi|Wish|p1a: Jirachi
|
|-heal|p1a: Jirachi|47/100|[from] item: Leftovers
|upkeep
|turn|33
|
|t:|1778511460
|move|p1a: Jirachi|Protect|p1a: Jirachi
|-singleturn|p1a: Jirachi|Protect
|move|p2a: 99|Surf|p1a: Jirachi
|-activate|p1a: Jirachi|move: Protect
|
|-heal|p1a: Jirachi|97/100|[from] move: Wish|[wisher] Jirachi
|-heal|p1a: Jirachi|100/100|[from] item: Leftovers
|upkeep
|turn|34
|
|t:|1778511464
|move|p2a: 99|Surf|p1a: Jirachi
|-damage|p1a: Jirachi|34/100
|move|p1a: Jirachi|Wish|p1a: Jirachi
|
|-heal|p1a: Jirachi|40/100|[from] item: Leftovers
|upkeep
|turn|35
|
|t:|1778511470
|move|p1a: Jirachi|Protect|p1a: Jirachi
|-singleturn|p1a: Jirachi|Protect
|move|p2a: 99|Surf|p1a: Jirachi
|-activate|p1a: Jirachi|move: Protect
|
|-heal|p1a: Jirachi|90/100|[from] move: Wish|[wisher] Jirachi
|-heal|p1a: Jirachi|96/100|[from] item: Leftovers
|upkeep
|turn|36
|
|t:|1778511472
|move|p2a: 99|Surf|p1a: Jirachi
|-damage|p1a: Jirachi|31/100
|move|p1a: Jirachi|Wish|p1a: Jirachi
|
|-heal|p1a: Jirachi|37/100|[from] item: Leftovers
|upkeep
|turn|37
|
|t:|1778511475
|move|p1a: Jirachi|Protect|p1a: Jirachi
|-singleturn|p1a: Jirachi|Protect
|move|p2a: 99|Surf|p1a: Jirachi
|-activate|p1a: Jirachi|move: Protect
|
|-heal|p1a: Jirachi|87/100|[from] move: Wish|[wisher] Jirachi
|-heal|p1a: Jirachi|94/100|[from] item: Leftovers
|upkeep
|turn|38
|
|t:|1778511478
|move|p2a: 99|Surf|p1a: Jirachi
|-damage|p1a: Jirachi|31/100
|move|p1a: Jirachi|Wish|p1a: Jirachi
|
|-heal|p1a: Jirachi|37/100|[from] item: Leftovers
|upkeep
|turn|39
|
|t:|1778511486
|move|p1a: Jirachi|Protect|p1a: Jirachi
|-singleturn|p1a: Jirachi|Protect
|move|p2a: 99|Surf|p1a: Jirachi
|-activate|p1a: Jirachi|move: Protect
|
|-heal|p1a: Jirachi|87/100|[from] move: Wish|[wisher] Jirachi
|-heal|p1a: Jirachi|93/100|[from] item: Leftovers
|upkeep
|turn|40
|
|t:|1778511488
|move|p2a: 99|Surf|p1a: Jirachi
|-damage|p1a: Jirachi|32/100
|move|p1a: Jirachi|Wish|p1a: Jirachi
|
|-heal|p1a: Jirachi|38/100|[from] item: Leftovers
|upkeep
|turn|41
|
|t:|1778511491
|switch|p2a: 77|Tornadus-Therian, M|89/100
|-damage|p2a: 77|64/100|[from] Stealth Rock
|move|p1a: Jirachi|Protect||[still]
|-fail|p1a: Jirachi
|
|-heal|p1a: Jirachi|88/100|[from] move: Wish|[wisher] Jirachi
|-heal|p1a: Jirachi|95/100|[from] item: Leftovers
|upkeep
|turn|42
|
|t:|1778511497
|move|p2a: 77|Nasty Plot|p2a: 77
|-boost|p2a: 77|spa|2
|move|p1a: Jirachi|Wish|p1a: Jirachi
|
|-heal|p1a: Jirachi|100/100|[from] item: Leftovers
|upkeep
|turn|43
|
|t:|1778511502
|switch|p1a: Ting-Lu|Ting-Lu|49/100
|-ability|p1a: Ting-Lu|Vessel of Ruin
|move|p2a: 77|Dark Pulse|p1a: Ting-Lu
|-resisted|p1a: Ting-Lu
|-damage|p1a: Ting-Lu|35/100
|-damage|p2a: 77|54/100|[from] item: Life Orb
|
|-heal|p1a: Ting-Lu|76/100|[from] move: Wish|[wisher] Jirachi
|-heal|p1a: Ting-Lu|82/100|[from] item: Leftovers
|upkeep
|turn|44
|
|t:|1778511506
|move|p2a: 77|Focus Blast|p1a: Ting-Lu
|-supereffective|p1a: Ting-Lu
|-damage|p1a: Ting-Lu|0 fnt
|faint|p1a: Ting-Lu
|-damage|p2a: 77|44/100|[from] item: Life Orb
|
|upkeep
|
|t:|1778511510
|switch|p1a: Weezing|Weezing-Galar, M|95/100
|-ability|p1a: Weezing|Neutralizing Gas
|turn|45
|
|t:|1778511513
|move|p2a: 77|Bleakwind Storm|p1a: Weezing
|-damage|p1a: Weezing|0 fnt
|faint|p1a: Weezing
|-end|p1a: Weezing|ability: Neutralizing Gas
|-damage|p2a: 77|34/100|[from] item: Life Orb
|
|upkeep
|
|t:|1778511515
|switch|p1a: Jirachi|Jirachi|100/100
|turn|46
|
|t:|1778511517
|move|p2a: 77|Dark Pulse|p1a: Jirachi
|-supereffective|p1a: Jirachi
|-damage|p1a: Jirachi|25/100
|-damage|p2a: 77|24/100|[from] item: Life Orb
|move|p1a: Jirachi|Iron Head|p2a: 77
|-damage|p2a: 77|0 fnt
|faint|p2a: 77
|
|-heal|p1a: Jirachi|31/100|[from] item: Leftovers
|upkeep
|
|t:|1778511521
|switch|p2a: Broomhilda|Tyranitar, F, shiny|100/100
|-weather|Sandstorm|[from] ability: Sand Stream|[of] p2a: Broomhilda
|turn|47
|
|t:|1778511523
|move|p1a: Jirachi|Protect|p1a: Jirachi
|-singleturn|p1a: Jirachi|Protect
|move|p2a: Broomhilda|Knock Off|p1a: Jirachi
|-activate|p1a: Jirachi|move: Protect
|
|-weather|Sandstorm|[upkeep]
|-heal|p1a: Jirachi|37/100|[from] item: Leftovers
|upkeep
|turn|48
|
|t:|1778511526
|move|p1a: Jirachi|Iron Head|p2a: Broomhilda
|-supereffective|p2a: Broomhilda
|-damage|p2a: Broomhilda|58/100
|move|p2a: Broomhilda|Knock Off|p1a: Jirachi
|-supereffective|p1a: Jirachi
|-damage|p1a: Jirachi|0 fnt
|-enditem|p1a: Jirachi|Leftovers|[from] move: Knock Off|[of] p2a: Broomhilda
|faint|p1a: Jirachi
|
|win|takeyouout
|raw|demonlarp's rating: 1595 &rarr; <strong>1579</strong><br />(-16 for losing)
|raw|takeyouout's rating: 1662 &rarr; <strong>1678</strong><br />(+16 for winning)
|l|☆takeyouout
|player|p2|
|l|☆demonlarp
|player|p1|
|l| mono_8427109
