|html|<div class="broadcast-blue"><strong>[Gen 9] OU is currently suspecting Tera Blast! For information on how to participate check out the <a href="https://www.smogon.com/tools/suspects/view/200">suspect thread</a>.</strong></div>
|j|☆waweisi
|j|‽weplo
|t:|1776266531
|gametype|singles
|player|p1|waweisi|170|1170
|player|p2|weplo|steven|1202
|gen|9
|tier|[Gen 9] OU
|rated|
|rule|HP Percentage Mod: HP is shown in percentages
|rule|Endless Battle Clause: Forcing endless battles is banned
|rule|Species Clause: Limit one of each Pokémon
|rule|OHKO Clause: OHKO moves are banned
|rule|Evasion Items Clause: Evasion items are banned
|rule|Evasion Moves Clause: Evasion moves are banned
|rule|Evasion Abilities Clause: Evasion abilities are banned
|rule|Sleep Moves Clause: Sleep-inducing moves are banned
|clearpoke
|poke|p1|Iron Treads|
|poke|p1|Pelipper, M|
|poke|p1|Mimikyu, F|
|poke|p1|Raging Bolt|
|poke|p1|Clodsire, M|
|poke|p1|Basculegion, M|
|poke|p2|Primarina, M|
|poke|p2|Dragonite, M|
|poke|p2|Ogerpon-Wellspring, F|
|poke|p2|Zamazenta-*|
|poke|p2|Skeledirge, F|
|poke|p2|Gholdengo|
|teampreview
|inactive|Battle timer is ON: inactive players will automatically lose when time's up. (requested by waweisi)
|
|t:|1776266543
|teamsize|p1|6
|teamsize|p2|6
|start
|switch|p1a: 再雨天一次|Pelipper, M|100/100
|switch|p2a: Primarina|Primarina, M|100/100
|-weather|RainDance|[from] ability: Drizzle|[of] p1a: 再雨天一次
|turn|1
|
|t:|1776266553
|move|p1a: 再雨天一次|U-turn|p2a: Primarina
|-resisted|p2a: Primarina
|-damage|p2a: Primarina|95/100
|
|t:|1776266557
|switch|p1a: 再睡觉一次|Clodsire, M|100/100|[from] U-turn
|move|p2a: Primarina|Moonblast|p1a: 再睡觉一次
|-resisted|p1a: 再睡觉一次
|-damage|p1a: 再睡觉一次|84/100
|
|-weather|RainDance|[upkeep]
|upkeep
|turn|2
|
|t:|1776266571
|switch|p2a: Zamazenta|Zamazenta, shiny|100/100
|-ability|p2a: Zamazenta|Dauntless Shield|boost
|-boost|p2a: Zamazenta|def|1
|move|p1a: 再睡觉一次|Stealth Rock|p2a: Zamazenta
|-sidestart|p2: weplo|move: Stealth Rock
|
|-weather|RainDance|[upkeep]
|upkeep
|turn|3
|
|t:|1776266580
|move|p2a: Zamazenta|Psychic Fangs|p1a: 再睡觉一次
|-supereffective|p1a: 再睡觉一次
|-damage|p1a: 再睡觉一次|22/100
|-damage|p2a: Zamazenta|91/100|[from] item: Life Orb
|move|p1a: 再睡觉一次|Toxic|p2a: Zamazenta
|-status|p2a: Zamazenta|tox
|
|-weather|RainDance|[upkeep]
|-damage|p2a: Zamazenta|84/100 tox|[from] psn
|upkeep
|turn|4
|
|t:|1776266593
|switch|p1a: 再旋转一次|Iron Treads|100/100
|move|p2a: Zamazenta|Psychic Fangs|p1a: 再旋转一次
|-resisted|p1a: 再旋转一次
|-damage|p1a: 再旋转一次|83/100
|-damage|p2a: Zamazenta|75/100 tox|[from] item: Life Orb
|
|-weather|RainDance|[upkeep]
|-damage|p2a: Zamazenta|62/100 tox|[from] psn
|upkeep
|turn|5
|
|t:|1776266607
|-end|p1a: 再旋转一次|Quark Drive|[silent]
|switch|p1a: 再雨天一次|Pelipper, M|100/100
|move|p2a: Zamazenta|Close Combat|p1a: 再雨天一次
|-resisted|p1a: 再雨天一次
|-damage|p1a: 再雨天一次|72/100
|-unboost|p2a: Zamazenta|def|1
|-unboost|p2a: Zamazenta|spd|1
|-damage|p2a: Zamazenta|52/100 tox|[from] item: Life Orb
|
|-weather|RainDance|[upkeep]
|-damage|p2a: Zamazenta|34/100 tox|[from] psn
|upkeep
|turn|6
|
|t:|1776266624
|move|p2a: Zamazenta|Ice Fang|p1a: 再雨天一次|[miss]
|-miss|p2a: Zamazenta|p1a: 再雨天一次
|move|p1a: 再雨天一次|Hurricane|p2a: Zamazenta
|-supereffective|p2a: Zamazenta
|-damage|p2a: Zamazenta|0 fnt
|faint|p2a: Zamazenta
|
|-weather|RainDance|[upkeep]
|upkeep
|
|t:|1776266638
|switch|p2a: Ogerpon|Ogerpon-Wellspring, F|100/100
|-damage|p2a: Ogerpon|88/100|[from] Stealth Rock
|turn|7
|
|t:|1776266649
|switch|p1a: 再睡觉一次|Clodsire, M|22/100
|-terastallize|p2a: Ogerpon|Water
|detailschange|p2a: Ogerpon|Ogerpon-Wellspring-Tera, F, tera:Water
|-ability|p2a: Ogerpon|Embody Aspect (Wellspring)|boost
|-boost|p2a: Ogerpon|spd|1
|move|p2a: Ogerpon|Ivy Cudgel|p1a: 再睡觉一次|[anim] Ivy Cudgel Water
|-heal|p1a: 再睡觉一次|47/100|[from] ability: Water Absorb|[of] p2a: Ogerpon
|
|-weather|RainDance|[upkeep]
|upkeep
|turn|8
|
|t:|1776266660
|move|p2a: Ogerpon|Horn Leech|p1a: 再睡觉一次
|-damage|p1a: 再睡觉一次|13/100
|-heal|p2a: Ogerpon|100/100|[from] drain|[of] p1a: 再睡觉一次
|move|p1a: 再睡觉一次|Recover|p1a: 再睡觉一次
|-heal|p1a: 再睡觉一次|63/100
|
|-weather|none
|upkeep
|turn|9
|
|t:|1776266672
|switch|p2a: Gholdengo|Gholdengo, shiny|100/100
|-damage|p2a: Gholdengo|94/100|[from] Stealth Rock
|move|p1a: 再睡觉一次|Recover|p1a: 再睡觉一次
|-heal|p1a: 再睡觉一次|100/100
|
|upkeep
|turn|10
|
|t:|1776266681
|move|p2a: Gholdengo|Psychic|p1a: 再睡觉一次
|-supereffective|p1a: 再睡觉一次
|-damage|p1a: 再睡觉一次|41/100
|-unboost|p1a: 再睡觉一次|spd|1
|move|p1a: 再睡觉一次|Earthquake|p2a: Gholdengo
|-supereffective|p2a: Gholdengo
|-damage|p2a: Gholdengo|32/100
|
|upkeep
|turn|11
|
|t:|1776266697
|move|p2a: Gholdengo|Psychic|p1a: 再睡觉一次
|-supereffective|p1a: 再睡觉一次
|-damage|p1a: 再睡觉一次|0 fnt
|faint|p1a: 再睡觉一次
|
|upkeep
|
|t:|1776266704
|switch|p1a: 再旋转一次|Iron Treads|83/100
|turn|12
|
|t:|1776266716
|switch|p2a: Skeledirge|Skeledirge, F, shiny|100/100
|-damage|p2a: Skeledirge|76/100|[from] Stealth Rock
|move|p1a: 再旋转一次|Ice Spinner|p2a: Skeledirge
|-resisted|p2a: Skeledirge
|-damage|p2a: Skeledirge|66/100
|
|upkeep
|turn|13
|
|t:|1776266724
|move|p1a: 再旋转一次|Earthquake|p2a: Skeledirge
|-supereffective|p2a: Skeledirge
|-damage|p2a: Skeledirge|0 fnt
|faint|p2a: Skeledirge
|
|upkeep
|
|t:|1776266734
|switch|p2a: Ogerpon|Ogerpon-Wellspring-Tera, F, tera:Water|100/100
|-damage|p2a: Ogerpon|88/100|[from] Stealth Rock
|-ability|p2a: Ogerpon|Embody Aspect (Wellspring)|boost
|-boost|p2a: Ogerpon|spd|1
|turn|14
|
|t:|1776266743
|-end|p1a: 再旋转一次|Quark Drive|[silent]
|switch|p1a: 再迅雷一次|Raging Bolt|100/100
|move|p2a: Ogerpon|Ivy Cudgel|p1a: 再迅雷一次|[anim] Ivy Cudgel Water
|-resisted|p1a: 再迅雷一次
|-damage|p1a: 再迅雷一次|66/100
|
|upkeep
|turn|15
|
|t:|1776266760
|switch|p2a: Gholdengo|Gholdengo, shiny|32/100
|-damage|p2a: Gholdengo|26/100|[from] Stealth Rock
|move|p1a: 再迅雷一次|Thunderclap||[still]
|-fail|p1a: 再迅雷一次
|
|upkeep
|turn|16
|
|t:|1776266774
|move|p1a: 再迅雷一次|Thunderclap|p2a: Gholdengo
|-damage|p2a: Gholdengo|0 fnt
|faint|p2a: Gholdengo
|
|upkeep
|
|t:|1776266782
|switch|p2a: Dragonite|Dragonite, M, shiny|100/100
|-damage|p2a: Dragonite|76/100|[from] Stealth Rock
|turn|17
|
|t:|1776266795
|move|p2a: Dragonite|Dragon Claw|p1a: 再迅雷一次
|-supereffective|p1a: 再迅雷一次
|-crit|p1a: 再迅雷一次
|-damage|p1a: 再迅雷一次|0 fnt
|faint|p1a: 再迅雷一次
|-end|p1a: 再迅雷一次|Protosynthesis|[silent]
|
|upkeep
|
|t:|1776266809
|switch|p1a: 再剑舞一次|Mimikyu, F|100/100
|turn|18
|
|t:|1776266813
|switch|p2a: Primarina|Primarina, M|95/100
|-damage|p2a: Primarina|83/100|[from] Stealth Rock
|move|p1a: 再剑舞一次|Swords Dance|p1a: 再剑舞一次
|-boost|p1a: 再剑舞一次|atk|2
|
|upkeep
|turn|19
|
|t:|1776266826
|move|p1a: 再剑舞一次|Play Rough|p2a: Primarina
|-damage|p2a: Primarina|2/100
|move|p2a: Primarina|Haze|p2a: Primarina
|-clearallboost
|
|upkeep
|turn|20
|
|t:|1776266835
|move|p1a: 再剑舞一次|Play Rough|p2a: Primarina
|-damage|p2a: Primarina|0 fnt
|faint|p2a: Primarina
|
|upkeep
|
|t:|1776266839
|switch|p2a: Ogerpon|Ogerpon-Wellspring-Tera, F, tera:Water|88/100
|-damage|p2a: Ogerpon|76/100|[from] Stealth Rock
|-ability|p2a: Ogerpon|Embody Aspect (Wellspring)|boost
|-boost|p2a: Ogerpon|spd|1
|turn|21
|
|t:|1776266847
|move|p2a: Ogerpon|Ivy Cudgel|p1a: 再剑舞一次|[anim] Ivy Cudgel Water
|-activate|p1a: 再剑舞一次|ability: Disguise
|-damage|p1a: 再剑舞一次|100/100
|detailschange|p1a: 再剑舞一次|Mimikyu-Busted, F
|-damage|p1a: 再剑舞一次|88/100|[from] pokemon: Mimikyu-Busted
|-enditem|p1a: 再剑舞一次|Red Card|[of] p2a: Ogerpon
|drag|p2a: Dragonite|Dragonite, M, shiny|76/100
|-damage|p2a: Dragonite|51/100|[from] Stealth Rock
|move|p1a: 再剑舞一次|Swords Dance|p1a: 再剑舞一次
|-boost|p1a: 再剑舞一次|atk|2
|
|upkeep
|turn|22
|
|t:|1776266862
|move|p1a: 再剑舞一次|Play Rough|p2a: Dragonite
|-supereffective|p2a: Dragonite
|-damage|p2a: Dragonite|0 fnt
|faint|p2a: Dragonite
|
|upkeep
|
|t:|1776266866
|switch|p2a: Ogerpon|Ogerpon-Wellspring-Tera, F, tera:Water|76/100
|-damage|p2a: Ogerpon|64/100|[from] Stealth Rock
|-ability|p2a: Ogerpon|Embody Aspect (Wellspring)|boost
|-boost|p2a: Ogerpon|spd|1
|turn|23
|
|t:|1776266874
|move|p2a: Ogerpon|Ivy Cudgel|p1a: 再剑舞一次|[anim] Ivy Cudgel Water
|-crit|p1a: 再剑舞一次
|-damage|p1a: 再剑舞一次|0 fnt
|faint|p1a: 再剑舞一次
|
|upkeep
|
|t:|1776266882
|switch|p1a: 再雨天一次|Pelipper, M|72/100
|-weather|RainDance|[from] ability: Drizzle|[of] p1a: 再雨天一次
|turn|24
|
|t:|1776266890
|move|p2a: Ogerpon|Horn Leech|p1a: 再雨天一次
|-damage|p1a: 再雨天一次|38/100
|-heal|p2a: Ogerpon|82/100|[from] drain|[of] p1a: 再雨天一次
|move|p1a: 再雨天一次|Hurricane|p2a: Ogerpon
|-damage|p2a: Ogerpon|56/100
|
|-weather|RainDance|[upkeep]
|upkeep
|turn|25
|
|t:|1776266899
|move|p2a: Ogerpon|Horn Leech|p1a: 再雨天一次
|-damage|p1a: 再雨天一次|4/100
|-heal|p2a: Ogerpon|74/100|[from] drain|[of] p1a: 再雨天一次
|move|p1a: 再雨天一次|U-turn|p2a: Ogerpon
|-damage|p2a: Ogerpon|62/100
|
|t:|1776266907
|switch|p1a: 再扫墓一次|Basculegion, M|100/100|[from] U-turn
|
|-weather|RainDance|[upkeep]
|upkeep
|turn|26
|l|☆waweisi
|inactive|waweisi disconnected and has a minute to reconnect!
|player|p1|
|inactive|weplo has 120 seconds left.
|j|☆waweisi
|inactive|waweisi reconnected.
|player|p1|waweisi|170|
|inactive|weplo has 90 seconds left.
|inactive|weplo has 60 seconds left.
|
|t:|1776267020
|-terastallize|p1a: 再扫墓一次|Water
|move|p1a: 再扫墓一次|Wave Crash|p2a: Ogerpon
|-resisted|p2a: Ogerpon
|-damage|p2a: Ogerpon|0 fnt
|faint|p2a: Ogerpon
|detailschange|p2: Ogerpon|Ogerpon-Wellspring, F|[silent]
|-damage|p1a: 再扫墓一次|84/100|[from] Recoil
|
|win|waweisi
|raw|waweisi's rating: 1170 &rarr; <strong>1197</strong><br />(+27 for winning)
|raw|weplo's rating: 1202 &rarr; <strong>1175</strong><br />(-27 for losing)
