|html|<div class="broadcast-blue"><strong>[Gen 9] OU is currently suspecting Tera Blast! For information on how to participate check out the <a href="https://www.smogon.com/tools/suspects/view/200">suspect thread</a>.</strong></div>
|j|☆castillo919
|j|☆mradvisor
|t:|1776054847
|gametype|singles
|player|p1|castillo919|102|1077
|player|p2|mradvisor|hilbert-wonderlauncher|1128
|gen|9
|tier|[Gen 9] OU
|rated|
|rule|HP Percentage Mod: HP is shown in percentages
|rule|Endless Battle Clause: Forcing endless battles is banned
|rule|Species Clause: Limit one of each Pokémon
|rule|OHKO Clause: OHKO moves are banned
|rule|Evasion Items Clause: Evasion items are banned
|rule|Evasion Moves Clause: Evasion moves are banned
|rule|Evasion Abilities Clause: Evasion abilities are banned
|rule|Sleep Moves Clause: Sleep-inducing moves are banned
|clearpoke
|poke|p1|Grimmsnarl, M|
|poke|p1|Alomomola, M|
|poke|p1|Deoxys-Speed|
|poke|p1|Kommo-o, F|
|poke|p1|Pecharunt|
|poke|p2|Slowking-Galar, F|
|poke|p2|Gholdengo|
|poke|p2|Zarude-Dada|
|poke|p2|Dragonite, F|
|poke|p2|Iron Valiant|
|poke|p2|Ting-Lu|
|teampreview
|
|t:|1776054868
|teamsize|p1|5
|teamsize|p2|6
|start
|switch|p1a: Grimmsnarl|Grimmsnarl, M|100/100
|switch|p2a: Zarude|Zarude-Dada|100/100
|turn|1
|
|t:|1776054881
|move|p1a: Grimmsnarl|Fake Out|p2a: Zarude
|-damage|p2a: Zarude|90/100
|cant|p2a: Zarude|flinch
|
|upkeep
|turn|2
|
|t:|1776054887
|move|p1a: Grimmsnarl|Reflect|p1a: Grimmsnarl
|-sidestart|p1: castillo919|Reflect
|move|p2a: Zarude|Swords Dance|p2a: Zarude
|-boost|p2a: Zarude|atk|2
|
|upkeep
|turn|3
|
|t:|1776054893
|move|p2a: Zarude|Drain Punch|p1a: Grimmsnarl
|-damage|p1a: Grimmsnarl|79/100
|-heal|p2a: Zarude|100/100|[from] drain|[of] p1a: Grimmsnarl
|move|p1a: Grimmsnarl|Spirit Break|p2a: Zarude
|-supereffective|p2a: Zarude
|-damage|p2a: Zarude|46/100
|-unboost|p2a: Zarude|spa|1
|
|-heal|p1a: Grimmsnarl|85/100|[from] item: Leftovers
|upkeep
|turn|4
|
|t:|1776054907
|switch|p2a: Gholdengo|Gholdengo|100/100
|-item|p2a: Gholdengo|Air Balloon
|move|p1a: Grimmsnarl|Spirit Break|p2a: Gholdengo
|-resisted|p2a: Gholdengo
|-damage|p2a: Gholdengo|84/100
|-unboost|p2a: Gholdengo|spa|1
|-enditem|p2a: Gholdengo|Air Balloon
|
|-heal|p1a: Grimmsnarl|91/100|[from] item: Leftovers
|upkeep
|turn|5
|
|t:|1776054920
|switch|p1a: Alomomola|Alomomola, M|100/100
|move|p2a: Gholdengo|Nasty Plot|p2a: Gholdengo
|-boost|p2a: Gholdengo|spa|2
|
|upkeep
|turn|6
|
|t:|1776054930
|move|p2a: Gholdengo|Nasty Plot|p2a: Gholdengo
|-boost|p2a: Gholdengo|spa|2
|move|p1a: Alomomola|Light Screen|p1a: Alomomola
|-sidestart|p1: castillo919|move: Light Screen
|
|-sideend|p1: castillo919|Reflect
|upkeep
|turn|7
|
|t:|1776054938
|move|p2a: Gholdengo|Shadow Ball|p1a: Alomomola
|-damage|p1a: Alomomola|62/100
|move|p1a: Alomomola|Flip Turn|p2a: Gholdengo
|-damage|p2a: Gholdengo|67/100
|
|t:|1776054945
|switch|p1a: Kommo-o|Kommo-o, F|100/100|[from] Flip Turn
|
|upkeep
|turn|8
|
|t:|1776054949
|move|p2a: Gholdengo|Dazzling Gleam|p1a: Kommo-o
|-supereffective|p1a: Kommo-o
|-damage|p1a: Kommo-o|0 fnt
|faint|p1a: Kommo-o
|
|upkeep
|
|t:|1776054972
|switch|p1a: Pecharunt|Pecharunt|100/100
|turn|9
|
|t:|1776054979
|-terastallize|p1a: Pecharunt|Poison
|move|p2a: Gholdengo|Shadow Ball|p1a: Pecharunt
|-damage|p1a: Pecharunt|44/100
|move|p1a: Pecharunt|Hex|p2a: Gholdengo
|-supereffective|p2a: Gholdengo
|-damage|p2a: Gholdengo|14/100
|
|upkeep
|turn|10
|
|t:|1776055008
|move|p2a: Gholdengo|Shadow Ball|p1a: Pecharunt
|-damage|p1a: Pecharunt|0 fnt
|faint|p1a: Pecharunt
|
|-sideend|p1: castillo919|move: Light Screen
|upkeep
|
|t:|1776055018
|switch|p1a: Deoxys|Deoxys-Speed|100/100
|-ability|p1a: Deoxys|Pressure
|turn|11
|
|t:|1776055024
|move|p1a: Deoxys|Psycho Boost|p2a: Gholdengo
|-resisted|p2a: Gholdengo
|-crit|p2a: Gholdengo
|-damage|p2a: Gholdengo|0 fnt
|-unboost|p1a: Deoxys|spa|2
|faint|p2a: Gholdengo
|
|upkeep
|
|t:|1776055034
|switch|p2a: Ting-Lu|Ting-Lu|100/100
|-ability|p2a: Ting-Lu|Vessel of Ruin
|turn|12
|
|t:|1776055039
|switch|p1a: Alomomola|Alomomola, M|95/100
|move|p2a: Ting-Lu|Throat Chop|p1a: Alomomola
|-damage|p1a: Alomomola|69/100
|
|upkeep
|turn|13
|
|t:|1776055046
|move|p2a: Ting-Lu|Earthquake|p1a: Alomomola
|-damage|p1a: Alomomola|35/100
|move|p1a: Alomomola|Wish|p1a: Alomomola
|
|upkeep
|turn|14
|
|t:|1776055052
|switch|p1a: Grimmsnarl|Grimmsnarl, M|91/100
|move|p2a: Ting-Lu|Earthquake|p1a: Grimmsnarl
|-damage|p1a: Grimmsnarl|58/100
|
|-heal|p1a: Grimmsnarl|100/100|[from] move: Wish|[wisher] Alomomola
|upkeep
|turn|15
|
|t:|1776055061
|move|p1a: Grimmsnarl|Reflect|p1a: Grimmsnarl
|-sidestart|p1: castillo919|Reflect
|move|p2a: Ting-Lu|Earthquake|p1a: Grimmsnarl
|-damage|p1a: Grimmsnarl|84/100
|
|-heal|p1a: Grimmsnarl|90/100|[from] item: Leftovers
|upkeep
|turn|16
|
|t:|1776055072
|move|p1a: Grimmsnarl|Spirit Break|p2a: Ting-Lu
|-supereffective|p2a: Ting-Lu
|-damage|p2a: Ting-Lu|71/100
|-unboost|p2a: Ting-Lu|spa|1
|move|p2a: Ting-Lu|Earthquake|p1a: Grimmsnarl
|-damage|p1a: Grimmsnarl|72/100
|
|-heal|p1a: Grimmsnarl|78/100|[from] item: Leftovers
|upkeep
|turn|17
|
|t:|1776055092
|move|p1a: Grimmsnarl|Spirit Break|p2a: Ting-Lu
|-supereffective|p2a: Ting-Lu
|-damage|p2a: Ting-Lu|42/100
|-unboost|p2a: Ting-Lu|spa|1
|move|p2a: Ting-Lu|Earthquake|p1a: Grimmsnarl
|-damage|p1a: Grimmsnarl|61/100
|
|-heal|p1a: Grimmsnarl|67/100|[from] item: Leftovers
|upkeep
|turn|18
|
|t:|1776055113
|move|p1a: Grimmsnarl|Spirit Break|p2a: Ting-Lu
|-supereffective|p2a: Ting-Lu
|-damage|p2a: Ting-Lu|10/100
|-unboost|p2a: Ting-Lu|spa|1
|move|p2a: Ting-Lu|Earthquake|p1a: Grimmsnarl
|-damage|p1a: Grimmsnarl|49/100
|
|-heal|p1a: Grimmsnarl|55/100|[from] item: Leftovers
|upkeep
|turn|19
|
|t:|1776055126
|move|p1a: Grimmsnarl|Spirit Break|p2a: Ting-Lu
|-supereffective|p2a: Ting-Lu
|-damage|p2a: Ting-Lu|0 fnt
|faint|p2a: Ting-Lu
|
|-heal|p1a: Grimmsnarl|61/100|[from] item: Leftovers
|-sideend|p1: castillo919|Reflect
|upkeep
|
|t:|1776055135
|switch|p2a: Dragonite|Dragonite, F|100/100
|turn|20
|
|t:|1776055140
|-terastallize|p2a: Dragonite|Steel
|move|p1a: Grimmsnarl|Reflect|p1a: Grimmsnarl
|-sidestart|p1: castillo919|Reflect
|move|p2a: Dragonite|Dragon Dance|p2a: Dragonite
|-boost|p2a: Dragonite|atk|1
|-boost|p2a: Dragonite|spe|1
|
|-heal|p1a: Grimmsnarl|68/100|[from] item: Leftovers
|upkeep
|turn|21
|
|t:|1776055149
|move|p1a: Grimmsnarl|Parting Shot|p2a: Dragonite
|-unboost|p2a: Dragonite|atk|1
|-unboost|p2a: Dragonite|spa|1
|
|t:|1776055152
|switch|p1a: Alomomola|Alomomola, M|68/100|[from] Parting Shot
|move|p2a: Dragonite|Dragon Dance|p2a: Dragonite
|-boost|p2a: Dragonite|atk|1
|-boost|p2a: Dragonite|spe|1
|
|upkeep
|turn|22
|
|t:|1776055162
|move|p2a: Dragonite|Dragon Dance|p2a: Dragonite
|-boost|p2a: Dragonite|atk|1
|-boost|p2a: Dragonite|spe|1
|move|p1a: Alomomola|Wish|p1a: Alomomola
|
|upkeep
|turn|23
|
|t:|1776055169
|move|p2a: Dragonite|Scale Shot|p1a: Alomomola|[miss]
|-miss|p2a: Dragonite|p1a: Alomomola
|move|p1a: Alomomola|Flip Turn|p2a: Dragonite
|-damage|p2a: Dragonite|84/100
|
|t:|1776055176
|switch|p1a: Grimmsnarl|Grimmsnarl, M|68/100|[from] Flip Turn
|
|-heal|p1a: Grimmsnarl|100/100|[from] move: Wish|[wisher] Alomomola
|upkeep
|turn|24
|
|t:|1776055187
|move|p2a: Dragonite|Iron Head|p1a: Grimmsnarl
|-supereffective|p1a: Grimmsnarl
|-damage|p1a: Grimmsnarl|42/100
|move|p1a: Grimmsnarl|Spirit Break|p2a: Dragonite
|-resisted|p2a: Dragonite
|-damage|p2a: Dragonite|70/100
|-unboost|p2a: Dragonite|spa|1
|
|-heal|p1a: Grimmsnarl|48/100|[from] item: Leftovers
|-sideend|p1: castillo919|Reflect
|upkeep
|turn|25
|
|t:|1776055201
|move|p1a: Grimmsnarl|Parting Shot|p2a: Dragonite
|-unboost|p2a: Dragonite|atk|1
|-unboost|p2a: Dragonite|spa|1
|
|t:|1776055205
|switch|p1a: Alomomola|Alomomola, M|100/100|[from] Parting Shot
|move|p2a: Dragonite|Iron Head|p1a: Alomomola
|-resisted|p1a: Alomomola
|-damage|p1a: Alomomola|80/100
|
|upkeep
|turn|26
|
|t:|1776055213
|move|p2a: Dragonite|Scale Shot|p1a: Alomomola
|-damage|p1a: Alomomola|68/100
|-damage|p1a: Alomomola|55/100
|-damage|p1a: Alomomola|42/100
|-damage|p1a: Alomomola|29/100
|-damage|p1a: Alomomola|17/100
|-hitcount|p1a: Alomomola|5
|-unboost|p2a: Dragonite|def|1
|-boost|p2a: Dragonite|spe|1
|move|p1a: Alomomola|Wish|p1a: Alomomola
|
|upkeep
|turn|27
|
|t:|1776055229
|switch|p1a: Grimmsnarl|Grimmsnarl, M|48/100
|move|p2a: Dragonite|Dragon Dance|p2a: Dragonite
|-boost|p2a: Dragonite|atk|1
|-boost|p2a: Dragonite|spe|1
|
|-heal|p1a: Grimmsnarl|100/100|[from] move: Wish|[wisher] Alomomola
|upkeep
|turn|28
|
|t:|1776055238
|move|p1a: Grimmsnarl|Fake Out|p2a: Dragonite
|-resisted|p2a: Dragonite
|-damage|p2a: Dragonite|62/100
|move|p2a: Dragonite|Dragon Dance|p2a: Dragonite
|-boost|p2a: Dragonite|atk|1
|-boost|p2a: Dragonite|spe|1
|
|upkeep
|turn|29
|
|t:|1776055246
|move|p1a: Grimmsnarl|Reflect|p1a: Grimmsnarl
|-sidestart|p1: castillo919|Reflect
|move|p2a: Dragonite|Iron Head|p1a: Grimmsnarl
|-supereffective|p1a: Grimmsnarl
|-damage|p1a: Grimmsnarl|26/100
|
|-heal|p1a: Grimmsnarl|32/100|[from] item: Leftovers
|upkeep
|turn|30
|
|t:|1776055254
|move|p1a: Grimmsnarl|Parting Shot|p2a: Dragonite
|-unboost|p2a: Dragonite|atk|1
|-unboost|p2a: Dragonite|spa|1
|
|t:|1776055265
|switch|p1a: Alomomola|Alomomola, M|50/100|[from] Parting Shot
|move|p2a: Dragonite|Iron Head|p1a: Alomomola
|-resisted|p1a: Alomomola
|-damage|p1a: Alomomola|36/100
|
|upkeep
|turn|31
|
|t:|1776055272
|move|p2a: Dragonite|Scale Shot|p1a: Alomomola
|-damage|p1a: Alomomola|27/100
|-damage|p1a: Alomomola|19/100
|-damage|p1a: Alomomola|10/100
|-damage|p1a: Alomomola|2/100
|-damage|p1a: Alomomola|0 fnt
|faint|p1a: Alomomola
|-hitcount|p1: Alomomola|5
|-unboost|p2a: Dragonite|def|1
|
|upkeep
|
|t:|1776055283
|switch|p1a: Grimmsnarl|Grimmsnarl, M|32/100
|turn|32
|
|t:|1776055288
|move|p2a: Dragonite|Iron Head|p1a: Grimmsnarl
|-supereffective|p1a: Grimmsnarl
|-damage|p1a: Grimmsnarl|0 fnt
|faint|p1a: Grimmsnarl
|
|upkeep
|
|t:|1776055293
|switch|p1a: Deoxys|Deoxys-Speed|100/100
|-ability|p1a: Deoxys|Pressure
|turn|33
|
|t:|1776055304
|move|p2a: Dragonite|Scale Shot|p1a: Deoxys
|-damage|p1a: Deoxys|87/100
|-damage|p1a: Deoxys|71/100
|-damage|p1a: Deoxys|58/100
|-damage|p1a: Deoxys|43/100
|-damage|p1a: Deoxys|29/100
|-hitcount|p1a: Deoxys|5
|-unboost|p2a: Dragonite|def|1
|move|p1a: Deoxys|Psycho Boost|p2a: Dragonite
|-resisted|p2a: Dragonite
|-damage|p2a: Dragonite|34/100
|-unboost|p1a: Deoxys|spa|2
|
|-sideend|p1: castillo919|Reflect
|upkeep
|turn|34
|
|t:|1776055320
|move|p2a: Dragonite|Iron Head|p1a: Deoxys
|-damage|p1a: Deoxys|0 fnt
|faint|p1a: Deoxys
|
|win|mradvisor
|raw|castillo919's rating: 1077 &rarr; <strong>1059</strong><br />(-18 for losing)
|raw|mradvisor's rating: 1128 &rarr; <strong>1149</strong><br />(+21 for winning)
|l|☆mradvisor
|player|p2|
