|html|<div class="broadcast-blue"><strong>[Gen 9] OU is currently suspecting Tera Blast! For information on how to participate check out the <a href="https://www.smogon.com/tools/suspects/view/200">suspect thread</a>.</strong></div>
|j|‽Kingbegic
|j|☆Quapot
|t:|1776054754
|gametype|singles
|player|p1|Kingbegic|170|1330
|player|p2|Quapot|170|1360
|gen|9
|tier|[Gen 9] OU
|rated|
|rule|HP Percentage Mod: HP is shown in percentages
|rule|Endless Battle Clause: Forcing endless battles is banned
|rule|Species Clause: Limit one of each Pokémon
|rule|OHKO Clause: OHKO moves are banned
|rule|Evasion Items Clause: Evasion items are banned
|rule|Evasion Moves Clause: Evasion moves are banned
|rule|Evasion Abilities Clause: Evasion abilities are banned
|rule|Sleep Moves Clause: Sleep-inducing moves are banned
|clearpoke
|poke|p1|Ting-Lu|
|poke|p1|Gholdengo|
|poke|p1|Kingambit, M|
|poke|p1|Great Tusk|
|poke|p1|Ogerpon-Wellspring, F|
|poke|p1|Dragonite, M|
|poke|p2|Sandy Shocks|
|poke|p2|Skeledirge, M|
|poke|p2|Gyarados, M|
|poke|p2|Primarina, F|
|poke|p2|Ursaluna, M|
|poke|p2|Mimikyu, F|
|teampreview
|inactive|Battle timer is ON: inactive players will automatically lose when time's up. (requested by Kingbegic)
|
|t:|1776054770
|teamsize|p1|6
|teamsize|p2|6
|start
|switch|p1a: Ting-Lu|Ting-Lu|100/100
|switch|p2a: Mimikyu|Mimikyu, F|100/100
|-ability|p1a: Ting-Lu|Vessel of Ruin
|turn|1
|
|t:|1776054775
|move|p2a: Mimikyu|Play Rough|p1a: Ting-Lu
|-supereffective|p1a: Ting-Lu
|-damage|p1a: Ting-Lu|52/100
|-enditem|p1a: Ting-Lu|Red Card|[of] p2a: Mimikyu
|drag|p2a: Ursaluna|Ursaluna, M|100/100
|move|p1a: Ting-Lu|Stealth Rock|p2a: Ursaluna
|-sidestart|p2: Quapot|move: Stealth Rock
|
|-status|p2a: Ursaluna|brn|[from] item: Flame Orb
|upkeep
|turn|2
|
|t:|1776054781
|move|p2a: Ursaluna|Facade|p1a: Ting-Lu
|-damage|p1a: Ting-Lu|0 fnt
|faint|p1a: Ting-Lu
|
|-damage|p2a: Ursaluna|94/100 brn|[from] brn
|upkeep
|
|t:|1776054784
|switch|p1a: Great Tusk|Great Tusk|100/100
|-enditem|p1a: Great Tusk|Booster Energy
|-activate|p1a: Great Tusk|ability: Protosynthesis|[fromitem]
|-start|p1a: Great Tusk|protosynthesisspe
|turn|3
|
|t:|1776054788
|move|p1a: Great Tusk|Bulk Up|p1a: Great Tusk
|-boost|p1a: Great Tusk|atk|1
|-boost|p1a: Great Tusk|def|1
|move|p2a: Ursaluna|Facade|p1a: Great Tusk
|-damage|p1a: Great Tusk|43/100
|
|-damage|p2a: Ursaluna|88/100 brn|[from] brn
|upkeep
|turn|4
|
|t:|1776054794
|move|p1a: Great Tusk|Ice Spinner|p2a: Ursaluna
|-supereffective|p2a: Ursaluna
|-damage|p2a: Ursaluna|38/100 brn
|move|p2a: Ursaluna|Facade|p1a: Great Tusk
|-damage|p1a: Great Tusk|0 fnt
|faint|p1a: Great Tusk
|-end|p1a: Great Tusk|Protosynthesis|[silent]
|
|-damage|p2a: Ursaluna|32/100 brn|[from] brn
|upkeep
|
|t:|1776054797
|switch|p1a: Ogerpon|Ogerpon-Wellspring, F|100/100
|turn|5
|
|t:|1776054801
|move|p1a: Ogerpon|Ivy Cudgel|p2a: Ursaluna|[anim] Ivy Cudgel Water
|-supereffective|p2a: Ursaluna
|-damage|p2a: Ursaluna|0 fnt
|faint|p2a: Ursaluna
|
|upkeep
|
|t:|1776054809
|switch|p2a: Gyarados|Gyarados, M|100/100
|-damage|p2a: Gyarados|75/100|[from] Stealth Rock
|turn|6
|
|t:|1776054812
|-terastallize|p2a: Gyarados|Flying
|move|p1a: Ogerpon|Power Whip|p2a: Gyarados
|-resisted|p2a: Gyarados
|-damage|p2a: Gyarados|32/100
|move|p2a: Gyarados|Tera Blast|p1a: Ogerpon|[anim] Tera Blast Flying
|-supereffective|p1a: Ogerpon
|-damage|p1a: Ogerpon|0 fnt
|faint|p1a: Ogerpon
|-ability|p2a: Gyarados|Moxie|boost
|-boost|p2a: Gyarados|atk|1
|
|-heal|p2a: Gyarados|38/100|[from] item: Leftovers
|upkeep
|
|t:|1776054822
|switch|p1a: Dragonite|Dragonite, M|100/100
|turn|7
|
|t:|1776054825
|move|p2a: Gyarados|Tera Blast|p1a: Dragonite|[anim] Tera Blast Flying
|-damage|p1a: Dragonite|57/100
|move|p1a: Dragonite|Dragon Dance|p1a: Dragonite
|-boost|p1a: Dragonite|atk|1
|-boost|p1a: Dragonite|spe|1
|
|-heal|p2a: Gyarados|44/100|[from] item: Leftovers
|upkeep
|turn|8
|
|t:|1776054831
|-terastallize|p1a: Dragonite|Flying
|move|p1a: Dragonite|Tera Blast|p2a: Gyarados|[anim] Tera Blast Flying
|-damage|p2a: Gyarados|0 fnt
|faint|p2a: Gyarados
|
|upkeep
|
|t:|1776054850
|switch|p2a: Primarina|Primarina, F|100/100
|-damage|p2a: Primarina|88/100|[from] Stealth Rock
|turn|9
|
|t:|1776054853
|move|p1a: Dragonite|Tera Blast|p2a: Primarina|[anim] Tera Blast Flying
|-damage|p2a: Primarina|0 fnt
|faint|p2a: Primarina
|
|upkeep
|
|t:|1776054858
|switch|p2a: Skeledirge|Skeledirge, M|100/100
|-damage|p2a: Skeledirge|75/100|[from] Stealth Rock
|turn|10
|
|t:|1776054860
|move|p1a: Dragonite|Earthquake|p2a: Skeledirge
|-supereffective|p2a: Skeledirge
|-damage|p2a: Skeledirge|34/100
|move|p2a: Skeledirge|Will-O-Wisp|p1a: Dragonite
|-status|p1a: Dragonite|brn
|
|-heal|p2a: Skeledirge|40/100|[from] item: Leftovers
|-damage|p1a: Dragonite|51/100 brn|[from] brn
|upkeep
|turn|11
|
|t:|1776054865
|move|p1a: Dragonite|Dragon Dance|p1a: Dragonite
|-boost|p1a: Dragonite|atk|1
|-boost|p1a: Dragonite|spe|1
|move|p2a: Skeledirge|Slack Off|p2a: Skeledirge
|-heal|p2a: Skeledirge|90/100
|
|-heal|p2a: Skeledirge|96/100|[from] item: Leftovers
|-damage|p1a: Dragonite|45/100 brn|[from] brn
|upkeep
|turn|12
|
|t:|1776054868
|move|p1a: Dragonite|Roost|p1a: Dragonite
|-heal|p1a: Dragonite|95/100 brn
|-hint|If a Terastallized Pokemon uses Roost, it remains Flying-type.
|move|p2a: Skeledirge|Hex|p1a: Dragonite
|-damage|p1a: Dragonite|47/100 brn
|
|-heal|p2a: Skeledirge|100/100|[from] item: Leftovers
|-damage|p1a: Dragonite|41/100 brn|[from] brn
|upkeep
|turn|13
|
|t:|1776054873
|move|p1a: Dragonite|Earthquake|p2a: Skeledirge
|-supereffective|p2a: Skeledirge
|-damage|p2a: Skeledirge|80/100
|move|p2a: Skeledirge|Torch Song|p1a: Dragonite
|-damage|p1a: Dragonite|8/100 brn
|-boost|p2a: Skeledirge|spa|1
|
|-heal|p2a: Skeledirge|86/100|[from] item: Leftovers
|-damage|p1a: Dragonite|2/100 brn|[from] brn
|upkeep
|turn|14
|
|t:|1776054877
|move|p1a: Dragonite|Earthquake|p2a: Skeledirge
|-supereffective|p2a: Skeledirge
|-damage|p2a: Skeledirge|63/100
|move|p2a: Skeledirge|Slack Off|p2a: Skeledirge
|-heal|p2a: Skeledirge|100/100
|
|-damage|p1a: Dragonite|0 fnt|[from] brn
|faint|p1a: Dragonite
|upkeep
|
|t:|1776054881
|switch|p1a: Gholdengo|Gholdengo|100/100
|-item|p1a: Gholdengo|Air Balloon
|turn|15
|
|t:|1776054885
|move|p1a: Gholdengo|Shadow Ball|p2a: Skeledirge
|-supereffective|p2a: Skeledirge
|-damage|p2a: Skeledirge|19/100
|move|p2a: Skeledirge|Torch Song|p1a: Gholdengo
|-supereffective|p1a: Gholdengo
|-damage|p1a: Gholdengo|9/100
|-boost|p2a: Skeledirge|spa|1
|-enditem|p1a: Gholdengo|Air Balloon
|
|-heal|p2a: Skeledirge|25/100|[from] item: Leftovers
|upkeep
|turn|16
|
|t:|1776054889
|move|p1a: Gholdengo|Shadow Ball|p2a: Skeledirge
|-supereffective|p2a: Skeledirge
|-damage|p2a: Skeledirge|0 fnt
|faint|p2a: Skeledirge
|
|upkeep
|
|t:|1776054905
|switch|p2a: Sandy Shocks|Sandy Shocks|100/100
|-damage|p2a: Sandy Shocks|94/100|[from] Stealth Rock
|-enditem|p2a: Sandy Shocks|Booster Energy
|-activate|p2a: Sandy Shocks|ability: Protosynthesis|[fromitem]
|-start|p2a: Sandy Shocks|protosynthesisspe
|turn|17
|
|t:|1776054909
|move|p2a: Sandy Shocks|Earth Power|p1a: Gholdengo
|-supereffective|p1a: Gholdengo
|-damage|p1a: Gholdengo|0 fnt
|faint|p1a: Gholdengo
|
|upkeep
|
|t:|1776054910
|switch|p1a: Kingambit|Kingambit, M|100/100
|-activate|p1a: Kingambit|ability: Supreme Overlord
|-start|p1a: Kingambit|fallen5|[silent]
|turn|18
|
|t:|1776054913
|move|p1a: Kingambit|Sucker Punch|p2a: Sandy Shocks
|-damage|p2a: Sandy Shocks|11/100
|move|p2a: Sandy Shocks|Earth Power|p1a: Kingambit
|-supereffective|p1a: Kingambit
|-damage|p1a: Kingambit|0 fnt
|faint|p1a: Kingambit
|-end|p1a: Kingambit|fallen5|[silent]
|
|win|Quapot
|raw|Kingbegic's rating: 1330 &rarr; <strong>1312</strong><br />(-18 for losing)
|raw|Quapot's rating: 1360 &rarr; <strong>1378</strong><br />(+18 for winning)
|l|‽Kingbegic
|player|p1|
|l|☆Quapot
|player|p2|
