|html|<div class="broadcast-blue"><strong>[Gen 9] OU is currently suspecting Tera Blast! For information on how to participate check out the <a href="https://www.smogon.com/tools/suspects/view/200">suspect thread</a>.</strong></div>
|j|☆mamcackms
|j|☆Spookyz reqs
|t:|1776039647
|gametype|singles
|player|p1|mamcackms|170|1359
|player|p2|Spookyz reqs|2|1455
|gen|9
|tier|[Gen 9] OU
|rated|
|rule|HP Percentage Mod: HP is shown in percentages
|rule|Endless Battle Clause: Forcing endless battles is banned
|rule|Species Clause: Limit one of each Pokémon
|rule|OHKO Clause: OHKO moves are banned
|rule|Evasion Items Clause: Evasion items are banned
|rule|Evasion Moves Clause: Evasion moves are banned
|rule|Evasion Abilities Clause: Evasion abilities are banned
|rule|Sleep Moves Clause: Sleep-inducing moves are banned
|clearpoke
|poke|p1|Alomomola, L99, F|
|poke|p1|Great Tusk|
|poke|p1|Drifblim, F|
|poke|p1|Lokix, M|
|poke|p1|Dudunsparce-*, M|
|poke|p1|Latias, F|
|poke|p2|Ogerpon-Wellspring, F|
|poke|p2|Zamazenta-*|
|poke|p2|Iron Treads|
|poke|p2|Garganacl, F|
|poke|p2|Dragapult, M|
|poke|p2|Moltres|
|teampreview
|inactive|Battle timer is ON: inactive players will automatically lose when time's up. (requested by Spookyz reqs)
|inactive|mamcackms also wants the timer to be on.
|j| fraaaxn
|l|☆mamcackms
|inactive|mamcackms disconnected and has a minute to reconnect!
|player|p1|
|j|☆mamcackms
|inactive|mamcackms reconnected.
|player|p1|mamcackms|170|
|inactive|Spookyz reqs has 120 seconds left.
|
|t:|1776039688
|teamsize|p1|6
|teamsize|p2|6
|start
|switch|p1a: Dudunsparce|Dudunsparce-Three-Segment, M|100/100
|switch|p2a: Moltres|Moltres|100/100
|turn|1
|
|t:|1776039692
|move|p2a: Moltres|U-turn|p1a: Dudunsparce
|-damage|p1a: Dudunsparce|90/100
|-ability|p1a: Dudunsparce|Rattled|boost
|-boost|p1a: Dudunsparce|spe|1
|
|t:|1776039694
|switch|p2a: Garganacl|Garganacl, F|100/100|[from] U-turn
|move|p1a: Dudunsparce|Glare|p2a: Garganacl
|-immune|p2a: Garganacl|[from] ability: Purifying Salt
|
|-heal|p1a: Dudunsparce|96/100|[from] item: Leftovers
|upkeep
|turn|2
|
|t:|1776039698
|move|p1a: Dudunsparce|Stealth Rock|p2a: Garganacl
|-sidestart|p2: Spookyz reqs|move: Stealth Rock
|move|p2a: Garganacl|Salt Cure|p1a: Dudunsparce
|-damage|p1a: Dudunsparce|85/100
|-start|p1a: Dudunsparce|Salt Cure
|
|-heal|p1a: Dudunsparce|91/100|[from] item: Leftovers
|-damage|p1a: Dudunsparce|79/100|[from] Salt Cure
|upkeep
|turn|3
|
|t:|1776039706
|switch|p1a: Alomolomola|Alomomola, L99, F|100/100
|move|p2a: Garganacl|Iron Defense|p2a: Garganacl
|-boost|p2a: Garganacl|def|2
|
|upkeep
|turn|4
|
|t:|1776039708
|move|p1a: Alomolomola|Flip Turn|p2a: Garganacl
|-supereffective|p2a: Garganacl
|-damage|p2a: Garganacl|90/100
|
|t:|1776039710
|switch|p1a: Dudunsparce|Dudunsparce-Three-Segment, M|79/100|[from] Flip Turn
|move|p2a: Garganacl|Salt Cure|p1a: Dudunsparce
|-damage|p1a: Dudunsparce|69/100
|-start|p1a: Dudunsparce|Salt Cure
|
|-heal|p1a: Dudunsparce|75/100|[from] item: Leftovers
|-heal|p2a: Garganacl|96/100|[from] item: Leftovers
|-damage|p1a: Dudunsparce|62/100|[from] Salt Cure
|upkeep
|turn|5
|
|t:|1776039713
|switch|p1a: Alomolomola|Alomomola, L99, F|100/100
|move|p2a: Garganacl|Iron Defense|p2a: Garganacl
|-boost|p2a: Garganacl|def|2
|
|-heal|p2a: Garganacl|100/100|[from] item: Leftovers
|upkeep
|turn|6
|
|t:|1776039716
|move|p1a: Alomolomola|Wish|p1a: Alomolomola
|move|p2a: Garganacl|Iron Defense|p2a: Garganacl
|-boost|p2a: Garganacl|def|2
|
|upkeep
|turn|7
|
|t:|1776039721
|move|p1a: Alomolomola|Flip Turn|p2a: Garganacl
|-supereffective|p2a: Garganacl
|-damage|p2a: Garganacl|95/100
|
|t:|1776039723
|switch|p1a: Driftblimp|Drifblim, F|100/100|[from] Flip Turn
|move|p2a: Garganacl|Body Press|p1a: Driftblimp
|-immune|p1a: Driftblimp
|
|-heal|p2a: Garganacl|100/100|[from] item: Leftovers
|upkeep
|turn|8
|
|t:|1776039727
|move|p1a: Driftblimp|Calm Mind|p1a: Driftblimp
|-boost|p1a: Driftblimp|spa|1
|-boost|p1a: Driftblimp|spd|1
|move|p2a: Garganacl|Salt Cure|p1a: Driftblimp
|-supereffective|p1a: Driftblimp
|-damage|p1a: Driftblimp|77/100
|-start|p1a: Driftblimp|Salt Cure
|
|-damage|p1a: Driftblimp|64/100|[from] Salt Cure
|upkeep
|turn|9
|
|t:|1776039736
|switch|p2a: Iron Treads|Iron Treads|100/100
|-damage|p2a: Iron Treads|98/100|[from] Stealth Rock
|move|p1a: Driftblimp|Strength Sap|p2a: Iron Treads
|-unboost|p2a: Iron Treads|atk|1
|-heal|p1a: Driftblimp|100/100
|
|-damage|p1a: Driftblimp|88/100|[from] Salt Cure
|upkeep
|turn|10
|
|t:|1776039740
|move|p2a: Iron Treads|Ice Spinner|p1a: Driftblimp
|-supereffective|p1a: Driftblimp
|-damage|p1a: Driftblimp|61/100
|move|p1a: Driftblimp|Calm Mind|p1a: Driftblimp
|-boost|p1a: Driftblimp|spa|1
|-boost|p1a: Driftblimp|spd|1
|
|-damage|p1a: Driftblimp|49/100|[from] Salt Cure
|upkeep
|-enditem|p1a: Driftblimp|Sitrus Berry|[eat]
|-heal|p1a: Driftblimp|74/100|[from] item: Sitrus Berry
|turn|11
|
|t:|1776039750
|-end|p2a: Iron Treads|Quark Drive|[silent]
|switch|p2a: Moltres|Moltres|100/100
|move|p1a: Driftblimp|Shadow Ball|p2a: Moltres
|-damage|p2a: Moltres|54/100
|
|-damage|p1a: Driftblimp|61/100|[from] Salt Cure
|upkeep
|turn|12
|
|t:|1776039758
|move|p1a: Driftblimp|Strength Sap|p2a: Moltres
|-unboost|p2a: Moltres|atk|1
|-heal|p1a: Driftblimp|100/100
|move|p2a: Moltres|Roost|p2a: Moltres
|-heal|p2a: Moltres|100/100
|-singleturn|p2a: Moltres|move: Roost
|
|-damage|p1a: Driftblimp|88/100|[from] Salt Cure
|upkeep
|turn|13
|
|t:|1776039760
|move|p1a: Driftblimp|Calm Mind|p1a: Driftblimp
|-boost|p1a: Driftblimp|spa|1
|-boost|p1a: Driftblimp|spd|1
|move|p2a: Moltres|Roar|p1a: Driftblimp
|drag|p1a: Great Tusk|Great Tusk|100/100
|-enditem|p1a: Great Tusk|Booster Energy
|-activate|p1a: Great Tusk|ability: Protosynthesis|[fromitem]
|-start|p1a: Great Tusk|protosynthesisatk
|
|upkeep
|turn|14
|
|t:|1776039765
|move|p1a: Great Tusk|Knock Off|p2a: Moltres
|-damage|p2a: Moltres|66/100
|-enditem|p2a: Moltres|Heavy-Duty Boots|[from] move: Knock Off|[of] p1a: Great Tusk
|move|p2a: Moltres|Flamethrower|p1a: Great Tusk
|-damage|p1a: Great Tusk|40/100
|
|upkeep
|turn|15
|
|t:|1776039772
|move|p1a: Great Tusk|Ice Spinner|p2a: Moltres
|-damage|p2a: Moltres|38/100
|move|p2a: Moltres|Roost|p2a: Moltres
|-heal|p2a: Moltres|88/100
|-singleturn|p2a: Moltres|move: Roost
|
|upkeep
|turn|16
|
|t:|1776039778
|-end|p1a: Great Tusk|Protosynthesis|[silent]
|switch|p1a: Alomolomola|Alomomola, L99, F|100/100
|move|p2a: Moltres|Flamethrower|p1a: Alomolomola
|-resisted|p1a: Alomolomola
|-crit|p1a: Alomolomola
|-damage|p1a: Alomolomola|78/100
|-enditem|p1a: Alomolomola|Eject Button
|
|t:|1776039785
|switch|p1a: Latias|Latias, F, shiny|100/100
|
|upkeep
|turn|17
|
|t:|1776039790
|move|p1a: Latias|Thunderbolt|p2a: Moltres
|-supereffective|p2a: Moltres
|-damage|p2a: Moltres|48/100
|move|p2a: Moltres|U-turn|p1a: Latias
|-supereffective|p1a: Latias
|-damage|p1a: Latias|87/100
|
|t:|1776039791
|switch|p2a: Iron Treads|Iron Treads|98/100|[from] U-turn
|-damage|p2a: Iron Treads|95/100|[from] Stealth Rock
|
|-heal|p1a: Latias|93/100|[from] item: Leftovers
|upkeep
|turn|18
|
|t:|1776039795
|switch|p1a: Driftblimp|Drifblim, F|88/100
|move|p2a: Iron Treads|Rapid Spin|p1a: Driftblimp
|-immune|p1a: Driftblimp
|
|upkeep
|turn|19
|
|t:|1776039800
|move|p2a: Iron Treads|Stealth Rock|p1a: Driftblimp
|-sidestart|p1: mamcackms|move: Stealth Rock
|move|p1a: Driftblimp|Strength Sap|p2a: Iron Treads
|-unboost|p2a: Iron Treads|atk|1
|-heal|p1a: Driftblimp|100/100
|
|upkeep
|turn|20
|
|t:|1776039809
|-end|p2a: Iron Treads|Quark Drive|[silent]
|switch|p2a: Zamazenta|Zamazenta|100/100
|-damage|p2a: Zamazenta|94/100|[from] Stealth Rock
|-ability|p2a: Zamazenta|Dauntless Shield|boost
|-boost|p2a: Zamazenta|def|1
|move|p1a: Driftblimp|Calm Mind|p1a: Driftblimp
|-boost|p1a: Driftblimp|spa|1
|-boost|p1a: Driftblimp|spd|1
|
|upkeep
|turn|21
|
|t:|1776039814
|move|p2a: Zamazenta|Crunch|p1a: Driftblimp
|-supereffective|p1a: Driftblimp
|-damage|p1a: Driftblimp|41/100
|move|p1a: Driftblimp|Shadow Ball|p2a: Zamazenta
|-crit|p2a: Zamazenta
|-damage|p2a: Zamazenta|42/100
|
|upkeep
|turn|22
|
|t:|1776039818
|move|p2a: Zamazenta|Crunch|p1a: Driftblimp
|-supereffective|p1a: Driftblimp
|-damage|p1a: Driftblimp|0 fnt
|faint|p1a: Driftblimp
|
|upkeep
|
|t:|1776039824
|switch|p1a: Latias|Latias, F, shiny|93/100
|-damage|p1a: Latias|81/100|[from] Stealth Rock
|turn|23
|
|t:|1776039827
|switch|p2a: Iron Treads|Iron Treads|95/100
|-damage|p2a: Iron Treads|92/100|[from] Stealth Rock
|-terastallize|p1a: Latias|Electric
|move|p1a: Latias|Calm Mind|p1a: Latias
|-boost|p1a: Latias|spa|1
|-boost|p1a: Latias|spd|1
|
|-heal|p1a: Latias|87/100|[from] item: Leftovers
|upkeep
|turn|24
|
|t:|1776039834
|-end|p2a: Iron Treads|Quark Drive|[silent]
|switch|p2a: Garganacl|Garganacl, F|100/100
|-damage|p2a: Garganacl|88/100|[from] Stealth Rock
|move|p1a: Latias|Calm Mind|p1a: Latias
|-boost|p1a: Latias|spa|1
|-boost|p1a: Latias|spd|1
|
|-heal|p1a: Latias|93/100|[from] item: Leftovers
|-heal|p2a: Garganacl|94/100|[from] item: Leftovers
|upkeep
|turn|25
|
|t:|1776039837
|move|p1a: Latias|Thunderbolt|p2a: Garganacl
|-crit|p2a: Garganacl
|-damage|p2a: Garganacl|27/100
|move|p2a: Garganacl|Salt Cure|p1a: Latias
|-damage|p1a: Latias|82/100
|-start|p1a: Latias|Salt Cure
|
|-heal|p1a: Latias|88/100|[from] item: Leftovers
|-heal|p2a: Garganacl|34/100|[from] item: Leftovers
|-damage|p1a: Latias|75/100|[from] Salt Cure
|upkeep
|turn|26
|
|t:|1776039841
|switch|p2a: Moltres|Moltres|48/100
|-damage|p2a: Moltres|0 fnt|[from] Stealth Rock
|faint|p2a: Moltres
|move|p1a: Latias|Calm Mind|p1a: Latias
|-boost|p1a: Latias|spa|1
|-boost|p1a: Latias|spd|1
|
|-heal|p1a: Latias|82/100|[from] item: Leftovers
|-damage|p1a: Latias|69/100|[from] Salt Cure
|upkeep
|
|t:|1776039843
|switch|p2a: Iron Treads|Iron Treads|92/100
|-damage|p2a: Iron Treads|89/100|[from] Stealth Rock
|turn|27
|
|t:|1776039848
|move|p2a: Iron Treads|Rapid Spin|p1a: Latias
|-damage|p1a: Latias|58/100
|-boost|p2a: Iron Treads|spe|1
|-sideend|p2: Spookyz reqs|Stealth Rock|[from] move: Rapid Spin|[of] p2a: Iron Treads
|move|p1a: Latias|Recover|p1a: Latias
|-heal|p1a: Latias|100/100
|
|-damage|p1a: Latias|88/100|[from] Salt Cure
|upkeep
|turn|28
|
|t:|1776039853
|-end|p2a: Iron Treads|Quark Drive|[silent]
|switch|p2a: Ogerpon|Ogerpon-Wellspring, F|100/100
|move|p1a: Latias|Ice Beam|p2a: Ogerpon
|-damage|p2a: Ogerpon|41/100
|
|-heal|p1a: Latias|94/100|[from] item: Leftovers
|-damage|p1a: Latias|82/100|[from] Salt Cure
|upkeep
|turn|29
|
|t:|1776039857
|move|p2a: Ogerpon|Knock Off|p1a: Latias
|-damage|p1a: Latias|52/100
|-enditem|p1a: Latias|Leftovers|[from] move: Knock Off|[of] p2a: Ogerpon
|move|p1a: Latias|Ice Beam|p2a: Ogerpon
|-crit|p2a: Ogerpon
|-damage|p2a: Ogerpon|0 fnt
|faint|p2a: Ogerpon
|
|-damage|p1a: Latias|40/100|[from] Salt Cure
|upkeep
|
|t:|1776039859
|switch|p2a: Zamazenta|Zamazenta|42/100
|turn|30
|
|t:|1776039862
|move|p2a: Zamazenta|Close Combat|p1a: Latias
|-damage|p1a: Latias|0 fnt
|-unboost|p2a: Zamazenta|def|1
|-unboost|p2a: Zamazenta|spd|1
|faint|p1a: Latias
|
|upkeep
|
|t:|1776039865
|switch|p1a: Lokix|Lokix, M|100/100
|-damage|p1a: Lokix|76/100|[from] Stealth Rock
|turn|31
|
|t:|1776039868
|switch|p2a: Iron Treads|Iron Treads|89/100
|move|p1a: Lokix|First Impression|p2a: Iron Treads
|-resisted|p2a: Iron Treads
|-damage|p2a: Iron Treads|48/100
|-damage|p1a: Lokix|66/100|[from] item: Life Orb
|
|upkeep
|turn|32
|
|t:|1776039871
|switch|p1a: Great Tusk|Great Tusk|40/100
|-damage|p1a: Great Tusk|37/100|[from] Stealth Rock
|move|p2a: Iron Treads|Earthquake|p1a: Great Tusk
|-damage|p1a: Great Tusk|5/100
|
|upkeep
|turn|33
|
|t:|1776039874
|move|p2a: Iron Treads|Earthquake|p1a: Great Tusk
|-damage|p1a: Great Tusk|0 fnt
|faint|p1a: Great Tusk
|-end|p1a: Great Tusk|Protosynthesis|[silent]
|
|upkeep
|
|t:|1776039876
|switch|p1a: Alomolomola|Alomomola, L99, F|100/100
|-damage|p1a: Alomolomola|88/100|[from] Stealth Rock
|turn|34
|
|t:|1776039881
|-end|p2a: Iron Treads|Quark Drive|[silent]
|switch|p2a: Dragapult|Dragapult, M|100/100
|move|p1a: Alomolomola|Wish|p1a: Alomolomola
|
|upkeep
|turn|35
|
|t:|1776039883
|move|p2a: Dragapult|Will-O-Wisp|p1a: Alomolomola
|-status|p1a: Alomolomola|brn
|move|p1a: Alomolomola|Flip Turn|p2a: Dragapult
|-resisted|p2a: Dragapult
|-damage|p2a: Dragapult|95/100
|
|t:|1776039886
|switch|p1a: Dudunsparce|Dudunsparce-Three-Segment, M|62/100|[from] Flip Turn
|-damage|p1a: Dudunsparce|50/100|[from] Stealth Rock
|
|-heal|p1a: Dudunsparce|100/100|[from] move: Wish|[wisher] Alomolomola
|upkeep
|turn|36
|
|t:|1776039889
|move|p2a: Dragapult|U-turn|p1a: Dudunsparce
|-damage|p1a: Dudunsparce|87/100
|-ability|p1a: Dudunsparce|Rattled|boost
|-boost|p1a: Dudunsparce|spe|1
|
|t:|1776039891
|switch|p2a: Iron Treads|Iron Treads|48/100|[from] U-turn
|move|p1a: Dudunsparce|Glare|p2a: Iron Treads
|-status|p2a: Iron Treads|par
|
|-heal|p1a: Dudunsparce|93/100|[from] item: Leftovers
|upkeep
|turn|37
|
|t:|1776039896
|-end|p2a: Iron Treads|Quark Drive|[silent]
|switch|p2a: Garganacl|Garganacl, F|34/100
|move|p1a: Dudunsparce|Flamethrower|p2a: Garganacl
|-resisted|p2a: Garganacl
|-damage|p2a: Garganacl|27/100
|
|-heal|p1a: Dudunsparce|99/100|[from] item: Leftovers
|-heal|p2a: Garganacl|33/100|[from] item: Leftovers
|upkeep
|turn|38
|
|t:|1776039901
|move|p1a: Dudunsparce|Boomburst|p2a: Garganacl
|-resisted|p2a: Garganacl
|-damage|p2a: Garganacl|19/100
|move|p2a: Garganacl|Recover|p2a: Garganacl
|-heal|p2a: Garganacl|69/100
|
|-heal|p1a: Dudunsparce|100/100|[from] item: Leftovers
|-heal|p2a: Garganacl|75/100|[from] item: Leftovers
|upkeep
|turn|39
|
|t:|1776039907
|move|p1a: Dudunsparce|Boomburst|p2a: Garganacl
|-resisted|p2a: Garganacl
|-damage|p2a: Garganacl|60/100
|move|p2a: Garganacl|Salt Cure|p1a: Dudunsparce
|-damage|p1a: Dudunsparce|90/100
|-start|p1a: Dudunsparce|Salt Cure
|
|-heal|p1a: Dudunsparce|96/100|[from] item: Leftovers
|-heal|p2a: Garganacl|66/100|[from] item: Leftovers
|-damage|p1a: Dudunsparce|84/100|[from] Salt Cure
|upkeep
|turn|40
|
|t:|1776039917
|switch|p1a: Lokix|Lokix, M|66/100
|-damage|p1a: Lokix|41/100|[from] Stealth Rock
|move|p2a: Garganacl|Iron Defense|p2a: Garganacl
|-boost|p2a: Garganacl|def|2
|
|-heal|p2a: Garganacl|72/100|[from] item: Leftovers
|upkeep
|turn|41
|
|t:|1776039921
|move|p1a: Lokix|Low Kick|p2a: Garganacl
|-supereffective|p2a: Garganacl
|-damage|p2a: Garganacl|42/100
|-damage|p1a: Lokix|31/100|[from] item: Life Orb
|move|p2a: Garganacl|Salt Cure|p1a: Lokix
|-supereffective|p1a: Lokix
|-damage|p1a: Lokix|0 fnt
|faint|p1a: Lokix
|
|-heal|p2a: Garganacl|48/100|[from] item: Leftovers
|upkeep
|-message|mamcackms forfeited.
|
|win|Spookyz reqs
|raw|mamcackms's rating: 1359 &rarr; <strong>1344</strong><br />(-15 for losing)
|raw|Spookyz reqs's rating: 1455 &rarr; <strong>1470</strong><br />(+15 for winning)
|l|☆mamcackms
|player|p1|
|l|☆Spookyz reqs
|player|p2|
