|html|<div class="broadcast-blue"><strong>[Gen 9] OU is currently suspecting Tera Blast! For information on how to participate check out the <a href="https://www.smogon.com/tools/suspects/view/200">suspect thread</a>.</strong></div>
|j|☆BIGBODY55
|j|☆crustman
|t:|1776046702
|gametype|singles
|player|p1|BIGBODY55|ramos|1085
|player|p2|crustman|roxie|1144
|gen|9
|tier|[Gen 9] OU
|rated|
|rule|HP Percentage Mod: HP is shown in percentages
|rule|Endless Battle Clause: Forcing endless battles is banned
|rule|Species Clause: Limit one of each Pokémon
|rule|OHKO Clause: OHKO moves are banned
|rule|Evasion Items Clause: Evasion items are banned
|rule|Evasion Moves Clause: Evasion moves are banned
|rule|Evasion Abilities Clause: Evasion abilities are banned
|rule|Sleep Moves Clause: Sleep-inducing moves are banned
|clearpoke
|poke|p1|Forretress, F|
|poke|p1|Araquanid, M|
|poke|p1|Terrakion|
|poke|p1|Kyurem|
|poke|p1|Donphan, M|
|poke|p1|Florges, F|
|poke|p2|Darkrai|
|poke|p2|Snorlax, F|
|poke|p2|Manaphy|
|poke|p2|Gallade, M|
|poke|p2|Kyurem|
|poke|p2|Zoroark-Hisui, F|
|teampreview
|inactive|Battle timer is ON: inactive players will automatically lose when time's up. (requested by BIGBODY55)
|c|☆BIGBODY55|Gl hf
|
|t:|1776046726
|teamsize|p1|6
|teamsize|p2|6
|start
|switch|p1a: Jefe|Araquanid, M|100/100
|switch|p2a: Manaphy|Manaphy|100/100
|turn|1
|
|t:|1776046734
|move|p2a: Manaphy|Tail Glow|p2a: Manaphy
|-boost|p2a: Manaphy|spa|3
|move|p1a: Jefe|Sticky Web|p2a: Manaphy
|-sidestart|p2: crustman|move: Sticky Web
|
|upkeep
|turn|2
|
|t:|1776046744
|switch|p1a: Stein|Forretress, F|100/100
|move|p2a: Manaphy|Energy Ball|p1a: Stein
|-resisted|p1a: Stein
|-damage|p1a: Stein|78/100
|
|-heal|p1a: Stein|85/100|[from] item: Leftovers
|upkeep
|turn|3
|
|t:|1776046750
|move|p2a: Manaphy|Tail Glow|p2a: Manaphy
|-boost|p2a: Manaphy|spa|3
|move|p1a: Stein|Volt Switch|p2a: Manaphy
|-supereffective|p2a: Manaphy
|-damage|p2a: Manaphy|79/100
|
|t:|1776046757
|switch|p1a: KissOfDeath|Kyurem, shiny|100/100|[from] Volt Switch
|-ability|p1a: KissOfDeath|Pressure
|
|-heal|p2a: Manaphy|86/100|[from] item: Leftovers
|upkeep
|turn|4
|
|t:|1776046761
|move|p1a: KissOfDeath|Freeze-Dry|p2a: Manaphy
|-supereffective|p2a: Manaphy
|-damage|p2a: Manaphy|6/100
|move|p2a: Manaphy|Ice Beam|p1a: KissOfDeath
|-damage|p1a: KissOfDeath|6/100
|
|-heal|p2a: Manaphy|13/100|[from] item: Leftovers
|upkeep
|turn|5
|
|t:|1776046766
|move|p1a: KissOfDeath|Freeze-Dry|p2a: Manaphy
|-supereffective|p2a: Manaphy
|-damage|p2a: Manaphy|0 fnt
|faint|p2a: Manaphy
|
|upkeep
|
|t:|1776046771
|switch|p2a: Darkrai|Darkrai|100/100
|-activate|p2a: Darkrai|move: Sticky Web
|-unboost|p2a: Darkrai|spe|1
|turn|6
|
|t:|1776046777
|switch|p1a: Jefe|Araquanid, M|100/100
|move|p2a: Darkrai|Dark Pulse|p1a: Jefe
|-damage|p1a: Jefe|44/100
|-damage|p2a: Darkrai|91/100|[from] item: Life Orb
|
|upkeep
|turn|7
|
|t:|1776046798
|move|p2a: Darkrai|Nasty Plot|p2a: Darkrai
|-boost|p2a: Darkrai|spa|2
|move|p1a: Jefe|Bug Buzz|p2a: Darkrai
|-supereffective|p2a: Darkrai
|-crit|p2a: Darkrai
|-damage|p2a: Darkrai|3/100
|-enditem|p1a: Jefe|Throat Spray
|-boost|p1a: Jefe|spa|1|[from] item: Throat Spray
|
|upkeep
|turn|8
|
|t:|1776046806
|switch|p1a: Stein|Forretress, F|85/100
|move|p2a: Darkrai|Dark Pulse|p1a: Stein
|-damage|p1a: Stein|0 fnt
|faint|p1a: Stein
|-damage|p2a: Darkrai|0 fnt|[from] item: Life Orb
|faint|p2a: Darkrai
|
|upkeep
|
|t:|1776046816
|switch|p2a: Snorlax|Snorlax, F|100/100
|switch|p1a: KissOfDeath|Kyurem, shiny|6/100
|-ability|p1a: KissOfDeath|Pressure
|-activate|p2a: Snorlax|move: Sticky Web
|-unboost|p2a: Snorlax|spe|1
|turn|9
|
|t:|1776046824
|switch|p1a: Roland|Donphan, M|100/100
|move|p2a: Snorlax|Body Slam|p1a: Roland
|-damage|p1a: Roland|76/100
|-damage|p2a: Snorlax|84/100|[from] item: Rocky Helmet|[of] p1a: Roland
|
|-heal|p2a: Snorlax|90/100|[from] item: Leftovers
|upkeep
|turn|10
|
|t:|1776046829
|move|p1a: Roland|Body Press|p2a: Snorlax
|-supereffective|p2a: Snorlax
|-damage|p2a: Snorlax|42/100
|move|p2a: Snorlax|Curse|p2a: Snorlax
|-unboost|p2a: Snorlax|spe|1
|-boost|p2a: Snorlax|atk|1
|-boost|p2a: Snorlax|def|1
|
|-heal|p2a: Snorlax|48/100|[from] item: Leftovers
|upkeep
|turn|11
|
|t:|1776046836
|move|p1a: Roland|Body Press|p2a: Snorlax
|-supereffective|p2a: Snorlax
|-damage|p2a: Snorlax|13/100
|move|p2a: Snorlax|Rest|p2a: Snorlax
|-status|p2a: Snorlax|slp|[from] move: Rest
|-heal|p2a: Snorlax|100/100 slp|[silent]
|
|upkeep
|turn|12
|inactive|BIGBODY55 has 120 seconds left.
|
|t:|1776046878
|switch|p1a: Jefe|Araquanid, M|44/100
|cant|p2a: Snorlax|slp
|
|upkeep
|turn|13
|
|t:|1776046893
|-terastallize|p1a: Jefe|Water
|move|p1a: Jefe|Hydro Pump|p2a: Snorlax|[miss]
|-miss|p1a: Jefe|p2a: Snorlax
|cant|p2a: Snorlax|slp
|
|upkeep
|turn|14
|inactive|BIGBODY55 has 120 seconds left.
|
|t:|1776046900
|move|p1a: Jefe|Hydro Pump|p2a: Snorlax|[miss]
|-miss|p1a: Jefe|p2a: Snorlax
|-curestatus|p2a: Snorlax|slp|[msg]
|move|p2a: Snorlax|Curse|p2a: Snorlax
|-unboost|p2a: Snorlax|spe|1
|-boost|p2a: Snorlax|atk|1
|-boost|p2a: Snorlax|def|1
|
|upkeep
|turn|15
|
|t:|1776046903
|move|p1a: Jefe|Hydro Pump|p2a: Snorlax
|-damage|p2a: Snorlax|77/100
|move|p2a: Snorlax|Body Slam|p1a: Jefe
|-damage|p1a: Jefe|0 fnt
|faint|p1a: Jefe
|
|-heal|p2a: Snorlax|83/100|[from] item: Leftovers
|upkeep
|
|t:|1776046907
|switch|p1a: Teriyaki|Terrakion|100/100
|-item|p1a: Teriyaki|Air Balloon
|turn|16
|
|t:|1776046914
|switch|p1a: Roland|Donphan, M|76/100
|move|p2a: Snorlax|Body Slam|p1a: Roland
|-damage|p1a: Roland|23/100
|-damage|p2a: Snorlax|66/100|[from] item: Rocky Helmet|[of] p1a: Roland
|
|-heal|p2a: Snorlax|72/100|[from] item: Leftovers
|upkeep
|turn|17
|
|t:|1776046924
|switch|p1a: KissOfDeath|Kyurem, shiny|6/100
|-ability|p1a: KissOfDeath|Pressure
|move|p2a: Snorlax|Rest|p2a: Snorlax
|-status|p2a: Snorlax|slp|[from] move: Rest
|-heal|p2a: Snorlax|100/100 slp|[silent]
|
|upkeep
|turn|18
|
|t:|1776046929
|move|p1a: KissOfDeath|Ice Beam|p2a: Snorlax
|-damage|p2a: Snorlax|87/100 slp
|cant|p2a: Snorlax|slp
|
|-heal|p2a: Snorlax|93/100 slp|[from] item: Leftovers
|upkeep
|turn|19
|
|t:|1776046932
|move|p1a: KissOfDeath|Ice Beam|p2a: Snorlax
|-damage|p2a: Snorlax|79/100 slp
|cant|p2a: Snorlax|slp
|
|-heal|p2a: Snorlax|85/100 slp|[from] item: Leftovers
|upkeep
|turn|20
|
|t:|1776046937
|switch|p1a: Roland|Donphan, M|23/100
|-curestatus|p2a: Snorlax|slp|[msg]
|move|p2a: Snorlax|Body Slam|p1a: Roland
|-damage|p1a: Roland|0 fnt
|-damage|p2a: Snorlax|68/100|[from] item: Rocky Helmet|[of] p1a: Roland
|faint|p1a: Roland
|
|-heal|p2a: Snorlax|74/100|[from] item: Leftovers
|upkeep
|
|t:|1776046941
|switch|p1a: KissOfDeath|Kyurem, shiny|6/100
|-ability|p1a: KissOfDeath|Pressure
|turn|21
|
|t:|1776046947
|move|p1a: KissOfDeath|Draco Meteor|p2a: Snorlax
|-damage|p2a: Snorlax|36/100
|-unboost|p1a: KissOfDeath|spa|2
|move|p2a: Snorlax|Curse|p2a: Snorlax
|-unboost|p2a: Snorlax|spe|1
|-boost|p2a: Snorlax|atk|1
|-boost|p2a: Snorlax|def|1
|
|-heal|p2a: Snorlax|42/100|[from] item: Leftovers
|upkeep
|turn|22
|
|t:|1776046954
|switch|p1a: Floorjizz|Florges, F|100/100
|move|p2a: Snorlax|Body Slam|p1a: Floorjizz
|-damage|p1a: Floorjizz|0 fnt
|faint|p1a: Floorjizz
|
|-heal|p2a: Snorlax|49/100|[from] item: Leftovers
|upkeep
|
|t:|1776046956
|switch|p1a: KissOfDeath|Kyurem, shiny|6/100
|-ability|p1a: KissOfDeath|Pressure
|turn|23
|
|t:|1776046961
|move|p1a: KissOfDeath|Draco Meteor|p2a: Snorlax
|-damage|p2a: Snorlax|8/100
|-unboost|p1a: KissOfDeath|spa|2
|move|p2a: Snorlax|Body Slam|p1a: KissOfDeath
|-damage|p1a: KissOfDeath|0 fnt
|faint|p1a: KissOfDeath
|
|-heal|p2a: Snorlax|14/100|[from] item: Leftovers
|upkeep
|
|t:|1776046964
|switch|p1a: Teriyaki|Terrakion|100/100
|-item|p1a: Teriyaki|Air Balloon
|turn|24
|
|t:|1776046970
|move|p1a: Teriyaki|Close Combat|p2a: Snorlax
|-supereffective|p2a: Snorlax
|-damage|p2a: Snorlax|0 fnt
|-unboost|p1a: Teriyaki|def|1
|-unboost|p1a: Teriyaki|spd|1
|faint|p2a: Snorlax
|
|upkeep
|
|t:|1776046973
|switch|p2a: Kyurem|Kyurem|100/100
|-activate|p2a: Kyurem|move: Sticky Web
|-unboost|p2a: Kyurem|spe|1
|turn|25
|
|t:|1776046976
|move|p1a: Teriyaki|Stone Edge|p2a: Kyurem|[miss]
|-miss|p1a: Teriyaki|p2a: Kyurem
|move|p2a: Kyurem|Focus Blast|p1a: Teriyaki
|-supereffective|p1a: Teriyaki
|-damage|p1a: Teriyaki|0 fnt
|-enditem|p1a: Teriyaki|Air Balloon
|faint|p1a: Teriyaki
|
|win|crustman
|raw|BIGBODY55's rating: 1085 &rarr; <strong>1066</strong><br />(-19 for losing)
|raw|crustman's rating: 1144 &rarr; <strong>1165</strong><br />(+21 for winning)
|l|☆BIGBODY55
|player|p1|
|l|☆crustman
|player|p2|
