|html|<div class="broadcast-blue"><strong>[Gen 9] OU is currently suspecting Volcarona! For information on how to participate check out the <a href="https://www.smogon.com/tools/suspects/view/208">suspect thread</a>.</strong></div>
|j|☆yunubetter
|j|☆MissAmity
|t:|1778512710
|gametype|singles
|player|p1|yunubetter|liza|1194
|player|p2|MissAmity|allister|1288
|gen|9
|tier|[Gen 9] OU
|rated|
|rule|HP Percentage Mod: HP is shown in percentages
|rule|Endless Battle Clause: Forcing endless battles is banned
|rule|Species Clause: Limit one of each Pokémon
|rule|OHKO Clause: OHKO moves are banned
|rule|Evasion Items Clause: Evasion items are banned
|rule|Evasion Moves Clause: Evasion moves are banned
|rule|Evasion Abilities Clause: Evasion abilities are banned
|rule|Sleep Moves Clause: Sleep-inducing moves are banned
|clearpoke
|poke|p1|Zapdos|
|poke|p1|Kyurem|
|poke|p1|Revavroom, M|
|poke|p1|Great Tusk|
|poke|p1|Swampert, F|
|poke|p1|Zamazenta-*|
|poke|p2|Torkoal, M|
|poke|p2|Walking Wake|
|poke|p2|Volcarona, F|
|poke|p2|Slither Wing|
|poke|p2|Hatterene, F|
|poke|p2|Great Tusk|
|teampreview
|inactive|Battle timer is ON: inactive players will automatically lose when time's up. (requested by MissAmity)
|
|t:|1778512730
|teamsize|p1|6
|teamsize|p2|6
|start
|switch|p1a: Swampert|Swampert, F, shiny|100/100
|switch|p2a: turtle|Torkoal, M|100/100
|-weather|SunnyDay|[from] ability: Drought|[of] p2a: turtle
|turn|1
|
|t:|1778512741
|move|p1a: Swampert|Earthquake|p2a: turtle
|-supereffective|p2a: turtle
|-crit|p2a: turtle
|-damage|p2a: turtle|0 fnt
|faint|p2a: turtle
|
|-weather|SunnyDay|[upkeep]
|upkeep
|
|t:|1778512745
|switch|p2a: angry moth|Volcarona, F|100/100
|turn|2
|
|t:|1778512750
|switch|p1a: Kyurem|Kyurem, shiny|100/100
|-ability|p1a: Kyurem|Pressure
|-terastallize|p2a: angry moth|Grass
|move|p2a: angry moth|Quiver Dance|p2a: angry moth
|-boost|p2a: angry moth|spa|1
|-boost|p2a: angry moth|spd|1
|-boost|p2a: angry moth|spe|1
|
|-weather|SunnyDay|[upkeep]
|upkeep
|turn|3
|
|t:|1778512753
|move|p2a: angry moth|Overheat|p1a: Kyurem
|-damage|p1a: Kyurem|0 fnt
|-unboost|p2a: angry moth|spa|2
|faint|p1a: Kyurem
|
|-weather|SunnyDay|[upkeep]
|upkeep
|inactive|yunubetter has 120 seconds left.
|
|t:|1778512785
|switch|p1a: Zazamenta|Zamazenta, shiny|100/100
|-ability|p1a: Zazamenta|Dauntless Shield|boost
|-boost|p1a: Zazamenta|def|1
|turn|4
|
|t:|1778512793
|move|p2a: angry moth|Fiery Dance|p1a: Zazamenta
|-damage|p1a: Zazamenta|73/100
|-boost|p2a: angry moth|spa|1
|move|p1a: Zazamenta|Body Press|p2a: angry moth
|-damage|p2a: angry moth|42/100
|
|-weather|SunnyDay|[upkeep]
|-heal|p1a: Zazamenta|79/100|[from] item: Leftovers
|upkeep
|turn|5
|
|t:|1778512799
|move|p2a: angry moth|Giga Drain|p1a: Zazamenta
|-damage|p1a: Zazamenta|51/100
|-heal|p2a: angry moth|58/100|[from] drain|[of] p1a: Zazamenta
|move|p1a: Zazamenta|Body Press|p2a: angry moth
|-damage|p2a: angry moth|0 fnt
|faint|p2a: angry moth
|
|-weather|SunnyDay|[upkeep]
|-heal|p1a: Zazamenta|57/100|[from] item: Leftovers
|upkeep
|
|t:|1778512802
|switch|p2a: her|Hatterene, F, shiny|100/100
|turn|6
|
|t:|1778512813
|switch|p1a: Swampert|Swampert, F, shiny|100/100
|move|p2a: her|Psychic|p1a: Swampert
|-damage|p1a: Swampert|35/100
|-damage|p2a: her|91/100|[from] item: Life Orb
|
|-weather|SunnyDay|[upkeep]
|-heal|p1a: Swampert|42/100|[from] item: Leftovers
|upkeep
|turn|7
|
|t:|1778512818
|move|p1a: Swampert|Earthquake|p2a: her
|-damage|p2a: her|37/100
|move|p2a: her|Psychic|p1a: Swampert
|-damage|p1a: Swampert|0 fnt
|faint|p1a: Swampert
|-damage|p2a: her|27/100|[from] item: Life Orb
|
|-weather|SunnyDay|[upkeep]
|upkeep
|
|t:|1778512830
|switch|p1a: Revavroom|Revavroom, M|100/100
|-item|p1a: Revavroom|Air Balloon
|turn|8
|
|t:|1778512836
|move|p1a: Revavroom|Poison Jab|p2a: her
|-supereffective|p2a: her
|-damage|p2a: her|0 fnt
|faint|p2a: her
|
|-weather|none
|upkeep
|
|t:|1778512840
|switch|p2a: angrier moth|Slither Wing|100/100
|turn|9
|
|t:|1778512860
|switch|p1a: Great Tusk|Great Tusk, shiny|100/100
|move|p2a: angrier moth|Flare Blitz|p1a: Great Tusk
|-damage|p1a: Great Tusk|61/100
|-damage|p2a: angrier moth|84/100|[from] Recoil
|-damage|p2a: angrier moth|74/100|[from] item: Life Orb
|
|upkeep
|turn|10
|
|t:|1778512866
|move|p1a: Great Tusk|Ice Spinner|p2a: angrier moth
|-damage|p2a: angrier moth|37/100
|move|p2a: angrier moth|U-turn|p1a: Great Tusk
|-resisted|p1a: Great Tusk
|-damage|p1a: Great Tusk|45/100
|-damage|p2a: angrier moth|27/100|[from] item: Life Orb
|
|t:|1778512869
|-end|p2a: angrier moth|Protosynthesis|[silent]
|switch|p2a: spirit airlines|Walking Wake|100/100|[from] U-turn
|
|upkeep
|turn|11
|
|t:|1778512877
|move|p2a: spirit airlines|Hydro Steam|p1a: Great Tusk
|-supereffective|p1a: Great Tusk
|-damage|p1a: Great Tusk|0 fnt
|faint|p1a: Great Tusk
|-end|p1a: Great Tusk|Protosynthesis|[silent]
|
|upkeep
|
|t:|1778512893
|switch|p1a: Zapdos|Zapdos, shiny|100/100
|turn|12
|
|t:|1778512900
|move|p2a: spirit airlines|Hydro Steam|p1a: Zapdos
|-damage|p1a: Zapdos|54/100
|move|p1a: Zapdos|Thunder Wave|p2a: spirit airlines
|-status|p2a: spirit airlines|par
|
|upkeep
|turn|13
|
|t:|1778512903
|move|p1a: Zapdos|Roost|p1a: Zapdos
|-heal|p1a: Zapdos|100/100
|-singleturn|p1a: Zapdos|move: Roost
|move|p2a: spirit airlines|Hydro Steam|p1a: Zapdos
|-damage|p1a: Zapdos|50/100
|
|upkeep
|turn|14
|
|t:|1778512910
|move|p1a: Zapdos|Roost|p1a: Zapdos
|-heal|p1a: Zapdos|99/100
|-singleturn|p1a: Zapdos|move: Roost
|move|p2a: spirit airlines|Hydro Steam|p1a: Zapdos
|-damage|p1a: Zapdos|51/100
|
|upkeep
|turn|15
|
|t:|1778512915
|-end|p2a: spirit airlines|Protosynthesis|[silent]
|switch|p2a: elephant|Great Tusk|100/100
|-enditem|p2a: elephant|Booster Energy
|-activate|p2a: elephant|ability: Protosynthesis|[fromitem]
|-start|p2a: elephant|protosynthesisatk
|move|p1a: Zapdos|Roost|p1a: Zapdos
|-heal|p1a: Zapdos|100/100
|-singleturn|p1a: Zapdos|move: Roost
|
|upkeep
|turn|16
|
|t:|1778512926
|move|p2a: elephant|Ice Spinner|p1a: Zapdos
|-supereffective|p1a: Zapdos
|-damage|p1a: Zapdos|38/100
|-status|p2a: elephant|par|[from] ability: Static|[of] p1a: Zapdos
|move|p1a: Zapdos|Hurricane|p2a: elephant
|-supereffective|p2a: elephant
|-damage|p2a: elephant|0 fnt
|faint|p2a: elephant
|-end|p2a: elephant|Protosynthesis|[silent]
|
|upkeep
|
|t:|1778512929
|switch|p2a: angrier moth|Slither Wing|27/100
|turn|17
|
|t:|1778512935
|move|p2a: angrier moth|First Impression|p1a: Zapdos
|-resisted|p1a: Zapdos
|-damage|p1a: Zapdos|10/100
|-damage|p2a: angrier moth|17/100|[from] item: Life Orb
|move|p1a: Zapdos|Volt Switch|p2a: angrier moth
|-damage|p2a: angrier moth|0 fnt
|faint|p2a: angrier moth
|-end|p2a: angrier moth|Protosynthesis|[silent]
|-message|MissAmity forfeited.
|
|win|yunubetter
|raw|yunubetter's rating: 1194 &rarr; <strong>1226</strong><br />(+32 for winning)
|raw|MissAmity's rating: 1288 &rarr; <strong>1256</strong><br />(-32 for losing)
|l|☆yunubetter
|player|p1|
