|html|<div class="broadcast-blue"><strong>[Gen 9] OU is currently suspecting Volcarona! For information on how to participate check out the <a href="https://www.smogon.com/tools/suspects/view/208">suspect thread</a>.</strong></div>
|j|☆grey_flame
|j|☆jknbi
|t:|1778517765
|gametype|singles
|player|p1|grey_flame|gamer-gen3|1434
|player|p2|jknbi|266|1434
|gen|9
|tier|[Gen 9] OU
|rated|
|rule|HP Percentage Mod: HP is shown in percentages
|rule|Endless Battle Clause: Forcing endless battles is banned
|rule|Species Clause: Limit one of each Pokémon
|rule|OHKO Clause: OHKO moves are banned
|rule|Evasion Items Clause: Evasion items are banned
|rule|Evasion Moves Clause: Evasion moves are banned
|rule|Evasion Abilities Clause: Evasion abilities are banned
|rule|Sleep Moves Clause: Sleep-inducing moves are banned
|clearpoke
|poke|p1|Muk-Alola, M|
|poke|p1|Latios, M|
|poke|p1|Empoleon, F|
|poke|p1|Quaquaval, F|
|poke|p1|Sandy Shocks|
|poke|p1|Tornadus-Therian, M|
|poke|p2|Glimmora, M|
|poke|p2|Kingambit, M|
|poke|p2|Darkrai|
|poke|p2|Zamazenta-*|
|poke|p2|Dragonite, F|
|poke|p2|Iron Valiant|
|teampreview
|c|☆grey_flame|gl hf
|
|t:|1778517778
|teamsize|p1|6
|teamsize|p2|6
|start
|switch|p1a: Duckstep|Quaquaval, F|100/100
|switch|p2a: Glimmora|Glimmora, M|100/100
|turn|1
|
|t:|1778517796
|move|p2a: Glimmora|Stealth Rock|p1a: Duckstep
|-sidestart|p1: grey_flame|move: Stealth Rock
|move|p1a: Duckstep|Aqua Step|p2a: Glimmora
|-supereffective|p2a: Glimmora
|-damage|p2a: Glimmora|30/100
|-boost|p1a: Duckstep|spe|1
|-activate|p2a: Glimmora|ability: Toxic Debris
|-sidestart|p1: grey_flame|move: Toxic Spikes
|
|upkeep
|turn|2
|
|t:|1778517808
|move|p1a: Duckstep|Aqua Step|p2a: Glimmora
|-supereffective|p2a: Glimmora
|-damage|p2a: Glimmora|0 fnt
|-boost|p1a: Duckstep|spe|1
|-activate|p2a: Glimmora|ability: Toxic Debris
|-sidestart|p1: grey_flame|move: Toxic Spikes
|faint|p2a: Glimmora
|-ability|p1a: Duckstep|Moxie|boost
|-boost|p1a: Duckstep|atk|1
|
|upkeep
|
|t:|1778517823
|switch|p2a: Iron Valiant|Iron Valiant|100/100
|-enditem|p2a: Iron Valiant|Booster Energy
|-activate|p2a: Iron Valiant|ability: Quark Drive|[fromitem]
|-start|p2a: Iron Valiant|quarkdrivespe
|turn|3
|inactive|Battle timer is ON: inactive players will automatically lose when time's up. (requested by grey_flame)
|
|t:|1778517915
|switch|p1a: Low Crown|Empoleon, F|100/100
|-damage|p1a: Low Crown|94/100|[from] Stealth Rock
|move|p2a: Iron Valiant|Moonblast|p1a: Low Crown
|-resisted|p1a: Low Crown
|-damage|p1a: Low Crown|76/100
|
|-heal|p1a: Low Crown|82/100|[from] item: Leftovers
|upkeep
|turn|4
|
|t:|1778517930
|-end|p2a: Iron Valiant|Quark Drive|[silent]
|switch|p2a: Zamazenta|Zamazenta|100/100
|-ability|p2a: Zamazenta|Dauntless Shield|boost
|-boost|p2a: Zamazenta|def|1
|switch|p1a: Beard of Liberty|Tornadus-Therian, M|100/100
|
|upkeep
|turn|5
|
|t:|1778517938
|move|p1a: Beard of Liberty|Bleakwind Storm|p2a: Zamazenta
|-supereffective|p2a: Zamazenta
|-damage|p2a: Zamazenta|40/100
|move|p2a: Zamazenta|Roar|p1a: Beard of Liberty
|drag|p1a: Zooomieeees!|Latios, M|100/100
|-damage|p1a: Zooomieeees!|88/100|[from] Stealth Rock
|
|-heal|p2a: Zamazenta|46/100|[from] item: Leftovers
|upkeep
|turn|6
|
|t:|1778517949
|switch|p1a: Beard of Liberty|Tornadus-Therian, M|100/100
|move|p2a: Zamazenta|Crunch|p1a: Beard of Liberty
|-damage|p1a: Beard of Liberty|81/100
|
|-heal|p2a: Zamazenta|52/100|[from] item: Leftovers
|upkeep
|turn|7
|
|t:|1778517959
|move|p2a: Zamazenta|Body Press|p1a: Beard of Liberty
|-resisted|p1a: Beard of Liberty
|-damage|p1a: Beard of Liberty|60/100
|move|p1a: Beard of Liberty|Bleakwind Storm|p2a: Zamazenta
|-supereffective|p2a: Zamazenta
|-damage|p2a: Zamazenta|0 fnt
|faint|p2a: Zamazenta
|
|upkeep
|
|t:|1778517975
|switch|p2a: Darkrai|Darkrai|100/100
|turn|8
|
|t:|1778517983
|switch|p1a: Chernobyled|Muk-Alola, M|100/100
|-damage|p1a: Chernobyled|88/100|[from] Stealth Rock
|-sideend|p1: grey_flame|move: Toxic Spikes|[of] p1a: Chernobyled
|move|p2a: Darkrai|Focus Blast|p1a: Chernobyled
|-damage|p1a: Chernobyled|56/100
|-damage|p2a: Darkrai|91/100|[from] item: Life Orb
|
|upkeep
|turn|9
|
|t:|1778517997
|switch|p2a: Kingambit|Kingambit, M|100/100
|-activate|p2a: Kingambit|ability: Supreme Overlord
|-start|p2a: Kingambit|fallen2|[silent]
|move|p1a: Chernobyled|Knock Off|p2a: Kingambit
|-resisted|p2a: Kingambit
|-damage|p2a: Kingambit|80/100
|-enditem|p2a: Kingambit|Black Glasses|[from] move: Knock Off|[of] p1a: Chernobyled
|
|upkeep
|turn|10
|
|t:|1778518006
|switch|p1a: Duckstep|Quaquaval, F|100/100
|-damage|p1a: Duckstep|94/100|[from] Stealth Rock
|move|p2a: Kingambit|Swords Dance|p2a: Kingambit
|-boost|p2a: Kingambit|atk|2
|
|-heal|p1a: Duckstep|100/100|[from] item: Leftovers
|upkeep
|turn|11
|
|t:|1778518028
|switch|p1a: Low Crown|Empoleon, F|82/100
|-damage|p1a: Low Crown|76/100|[from] Stealth Rock
|move|p2a: Kingambit|Kowtow Cleave|p1a: Low Crown
|-damage|p1a: Low Crown|0 fnt
|faint|p1a: Low Crown
|
|upkeep
|
|t:|1778518032
|switch|p1a: Duckstep|Quaquaval, F|100/100
|-damage|p1a: Duckstep|94/100|[from] Stealth Rock
|turn|12
|
|t:|1778518040
|move|p2a: Kingambit|Sucker Punch|p1a: Duckstep
|-resisted|p1a: Duckstep
|-damage|p1a: Duckstep|44/100
|move|p1a: Duckstep|Close Combat|p2a: Kingambit
|-supereffective|p2a: Kingambit
|-damage|p2a: Kingambit|0 fnt
|-unboost|p1a: Duckstep|def|1
|-unboost|p1a: Duckstep|spd|1
|faint|p2a: Kingambit
|-end|p2a: Kingambit|fallen2|[silent]
|-ability|p1a: Duckstep|Moxie|boost
|-boost|p1a: Duckstep|atk|1
|
|-heal|p1a: Duckstep|50/100|[from] item: Leftovers
|upkeep
|
|t:|1778518049
|switch|p2a: Dragonite|Dragonite, F|100/100
|turn|13
|
|t:|1778518057
|move|p1a: Duckstep|Rapid Spin|p2a: Dragonite
|-damage|p2a: Dragonite|90/100
|-boost|p1a: Duckstep|spe|1
|-sideend|p1: grey_flame|Stealth Rock|[from] move: Rapid Spin|[of] p1a: Duckstep
|move|p2a: Dragonite|Dragon Dance|p2a: Dragonite
|-boost|p2a: Dragonite|atk|1
|-boost|p2a: Dragonite|spe|1
|
|-heal|p1a: Duckstep|56/100|[from] item: Leftovers
|upkeep
|turn|14
|
|t:|1778518078
|-terastallize|p2a: Dragonite|Normal
|move|p2a: Dragonite|Extreme Speed|p1a: Duckstep
|-damage|p1a: Duckstep|0 fnt
|faint|p1a: Duckstep
|
|upkeep
|inactive|grey_flame has 120 seconds left.
|
|t:|1778518106
|switch|p1a: Beard of Liberty|Tornadus-Therian, M|93/100
|turn|15
|
|t:|1778518135
|move|p2a: Dragonite|Ice Spinner|p1a: Beard of Liberty
|-supereffective|p1a: Beard of Liberty
|-damage|p1a: Beard of Liberty|10/100
|move|p1a: Beard of Liberty|Bleakwind Storm|p2a: Dragonite
|-damage|p2a: Dragonite|50/100
|-unboost|p2a: Dragonite|spe|1
|
|upkeep
|turn|16
|inactive|grey_flame has 120 seconds left.
|
|t:|1778518150
|move|p1a: Beard of Liberty|Bleakwind Storm|p2a: Dragonite
|-damage|p2a: Dragonite|7/100
|move|p2a: Dragonite|Ice Spinner|p1a: Beard of Liberty
|-supereffective|p1a: Beard of Liberty
|-damage|p1a: Beard of Liberty|0 fnt
|faint|p1a: Beard of Liberty
|
|upkeep
|inactive|grey_flame has 120 seconds left.
|
|t:|1778518169
|switch|p1a: Lord Third|Sandy Shocks|100/100
|turn|17
|
|t:|1778518174
|move|p2a: Dragonite|Extreme Speed|p1a: Lord Third
|-damage|p1a: Lord Third|28/100
|move|p1a: Lord Third|Volt Switch|p2a: Dragonite
|-damage|p2a: Dragonite|0 fnt
|faint|p2a: Dragonite
|inactive|grey_flame has 120 seconds left.
|
|t:|1778518188
|-end|p1a: Lord Third|Protosynthesis|[silent]
|switch|p1a: Zooomieeees!|Latios, M|88/100|[from] Volt Switch
|
|upkeep
|
|t:|1778518192
|switch|p2a: Darkrai|Darkrai|91/100
|turn|18
|inactive|grey_flame has 120 seconds left.
|
|t:|1778518206
|-terastallize|p1a: Zooomieeees!|Dragon
|move|p2a: Darkrai|Ice Beam|p1a: Zooomieeees!
|-supereffective|p1a: Zooomieeees!
|-damage|p1a: Zooomieeees!|0 fnt
|faint|p1a: Zooomieeees!
|-damage|p2a: Darkrai|81/100|[from] item: Life Orb
|
|upkeep
|inactive|grey_flame has 120 seconds left.
|
|t:|1778518214
|switch|p1a: Chernobyled|Muk-Alola, M|56/100
|turn|19
|
|t:|1778518223
|move|p2a: Darkrai|Focus Blast|p1a: Chernobyled
|-damage|p1a: Chernobyled|25/100
|-damage|p2a: Darkrai|71/100|[from] item: Life Orb
|move|p1a: Chernobyled|Poison Jab|p2a: Darkrai
|-damage|p2a: Darkrai|21/100
|-status|p2a: Darkrai|psn
|
|-damage|p2a: Darkrai|9/100 psn|[from] psn
|upkeep
|turn|20
|
|t:|1778518239
|move|p1a: Chernobyled|Shadow Sneak|p2a: Darkrai
|-resisted|p2a: Darkrai
|-damage|p2a: Darkrai|0 fnt
|faint|p2a: Darkrai
|
|upkeep
|
|t:|1778518242
|switch|p2a: Iron Valiant|Iron Valiant|100/100
|turn|21
|
|t:|1778518249
|move|p1a: Chernobyled|Shadow Sneak|p2a: Iron Valiant
|-damage|p2a: Iron Valiant|83/100
|move|p2a: Iron Valiant|Moonblast|p1a: Chernobyled
|-damage|p1a: Chernobyled|0 fnt
|faint|p1a: Chernobyled
|
|upkeep
|
|t:|1778518255
|switch|p1a: Lord Third|Sandy Shocks|28/100
|turn|22
|c|☆grey_flame|gg
|
|t:|1778518262
|move|p1a: Lord Third|Thunderbolt|p2a: Iron Valiant
|-damage|p2a: Iron Valiant|0 fnt
|faint|p2a: Iron Valiant
|-end|p2a: Iron Valiant|Quark Drive|[silent]
|
|win|grey_flame
|raw|grey_flame's rating: 1434 &rarr; <strong>1454</strong><br />(+20 for winning)
|raw|jknbi's rating: 1434 &rarr; <strong>1414</strong><br />(-20 for losing)
|l|☆jknbi
|player|p2|
|l|☆grey_flame
|player|p1|
