|html|<div class="broadcast-blue"><strong>[Gen 9] OU is currently suspecting Volcarona! For information on how to participate check out the <a href="https://www.smogon.com/tools/suspects/view/208">suspect thread</a>.</strong></div>
|j|☆BaiVic
|j|☆Dominator296
|t:|1778501151
|gametype|singles
|player|p1|BaiVic|2|1394
|player|p2|Dominator296|steven|1444
|gen|9
|tier|[Gen 9] OU
|rated|
|rule|HP Percentage Mod: HP is shown in percentages
|rule|Endless Battle Clause: Forcing endless battles is banned
|rule|Species Clause: Limit one of each Pokémon
|rule|OHKO Clause: OHKO moves are banned
|rule|Evasion Items Clause: Evasion items are banned
|rule|Evasion Moves Clause: Evasion moves are banned
|rule|Evasion Abilities Clause: Evasion abilities are banned
|rule|Sleep Moves Clause: Sleep-inducing moves are banned
|clearpoke
|poke|p1|Meowscarada, M|
|poke|p1|Keldeo|
|poke|p1|Zapdos|
|poke|p1|Great Tusk|
|poke|p1|Heatran, F|
|poke|p1|Slowking-Galar, F|
|poke|p2|Dragapult, F|
|poke|p2|Corviknight, F|
|poke|p2|Conkeldurr, F|
|poke|p2|Iron Moth|
|poke|p2|Volcanion|
|poke|p2|Kingambit, F|
|teampreview
|
|t:|1778501161
|teamsize|p1|6
|teamsize|p2|6
|start
|switch|p1a: Zapdos|Zapdos|100/100
|switch|p2a: Dragapult|Dragapult, F|100/100
|turn|1
|
|t:|1778501168
|switch|p1a: Heatran|Heatran, F|100/100
|move|p2a: Dragapult|Draco Meteor|p1a: Heatran
|-resisted|p1a: Heatran
|-damage|p1a: Heatran|78/100
|-unboost|p2a: Dragapult|spa|2
|-damage|p2a: Dragapult|91/100|[from] item: Life Orb
|
|-heal|p1a: Heatran|84/100|[from] item: Leftovers
|upkeep
|turn|2
|
|t:|1778501186
|switch|p2a: Conkeldurr|Conkeldurr, F|100/100
|move|p1a: Heatran|Stealth Rock|p2a: Conkeldurr
|-sidestart|p2: Dominator296|move: Stealth Rock
|
|-heal|p1a: Heatran|90/100|[from] item: Leftovers
|upkeep
|turn|3
|
|t:|1778501193
|switch|p1a: Zapdos|Zapdos|100/100
|move|p2a: Conkeldurr|Drain Punch|p1a: Zapdos
|-resisted|p1a: Zapdos
|-damage|p1a: Zapdos|82/100
|
|upkeep
|turn|4
|
|t:|1778501201
|move|p1a: Zapdos|Discharge|p2a: Conkeldurr
|-damage|p2a: Conkeldurr|72/100
|-status|p2a: Conkeldurr|par
|move|p2a: Conkeldurr|Ice Punch|p1a: Zapdos
|-supereffective|p1a: Zapdos
|-damage|p1a: Zapdos|34/100
|
|upkeep
|turn|5
|
|t:|1778501211
|move|p1a: Zapdos|Hurricane|p2a: Conkeldurr
|-supereffective|p2a: Conkeldurr
|-damage|p2a: Conkeldurr|2/100 par
|cant|p2a: Conkeldurr|par
|
|upkeep
|turn|6
|
|t:|1778501220
|move|p2a: Conkeldurr|Mach Punch|p1a: Zapdos
|-resisted|p1a: Zapdos
|-damage|p1a: Zapdos|24/100
|move|p1a: Zapdos|Roost|p1a: Zapdos
|-heal|p1a: Zapdos|74/100
|-singleturn|p1a: Zapdos|move: Roost
|
|upkeep
|turn|7
|
|t:|1778501226
|move|p1a: Zapdos|Roost|p1a: Zapdos
|-heal|p1a: Zapdos|100/100
|-singleturn|p1a: Zapdos|move: Roost
|move|p2a: Conkeldurr|Ice Punch|p1a: Zapdos
|-damage|p1a: Zapdos|76/100
|
|upkeep
|turn|8
|
|t:|1778501235
|move|p1a: Zapdos|Discharge|p2a: Conkeldurr
|-damage|p2a: Conkeldurr|0 fnt
|faint|p2a: Conkeldurr
|
|upkeep
|
|t:|1778501240
|switch|p2a: Dragapult|Dragapult, F|91/100
|-damage|p2a: Dragapult|78/100|[from] Stealth Rock
|turn|9
|
|t:|1778501242
|switch|p1a: Heatran|Heatran, F|90/100
|move|p2a: Dragapult|Dragon Darts|p1a: Heatran
|-resisted|p1a: Heatran
|-damage|p1a: Heatran|80/100
|-anim|p2a: Dragapult|Dragon Darts|p1a: Heatran
|-resisted|p1a: Heatran
|-damage|p1a: Heatran|69/100
|-damage|p2a: Dragapult|69/100|[from] item: Life Orb
|
|-heal|p1a: Heatran|75/100|[from] item: Leftovers
|upkeep
|turn|10
|
|t:|1778501253
|move|p2a: Dragapult|Shadow Ball|p1a: Heatran
|-damage|p1a: Heatran|47/100
|-damage|p2a: Dragapult|59/100|[from] item: Life Orb
|move|p1a: Heatran|Earth Power|p2a: Dragapult
|-damage|p2a: Dragapult|20/100
|
|-heal|p1a: Heatran|53/100|[from] item: Leftovers
|upkeep
|turn|11
|
|t:|1778501259
|move|p2a: Dragapult|Shadow Ball|p1a: Heatran
|-damage|p1a: Heatran|24/100
|-damage|p2a: Dragapult|11/100|[from] item: Life Orb
|move|p1a: Heatran|Earth Power|p2a: Dragapult
|-damage|p2a: Dragapult|0 fnt
|faint|p2a: Dragapult
|
|-heal|p1a: Heatran|30/100|[from] item: Leftovers
|upkeep
|
|t:|1778501266
|switch|p2a: Volcanion|Volcanion|100/100
|-damage|p2a: Volcanion|76/100|[from] Stealth Rock
|turn|12
|
|t:|1778501275
|switch|p1a: Slowking|Slowking-Galar, F|100/100
|-terastallize|p2a: Volcanion|Ground
|move|p2a: Volcanion|Steam Eruption|p1a: Slowking
|-damage|p1a: Slowking|62/100
|-status|p1a: Slowking|brn
|
|-heal|p2a: Volcanion|82/100|[from] item: Leftovers
|-damage|p1a: Slowking|56/100 brn|[from] brn
|upkeep
|turn|13
|
|t:|1778501287
|move|p2a: Volcanion|Earth Power|p1a: Slowking
|-supereffective|p1a: Slowking
|-crit|p1a: Slowking
|-damage|p1a: Slowking|0 fnt
|faint|p1a: Slowking
|
|-heal|p2a: Volcanion|88/100|[from] item: Leftovers
|upkeep
|
|t:|1778501297
|switch|p1a: Meowscarada|Meowscarada, M|100/100
|turn|14
|
|t:|1778501303
|switch|p2a: Corviknight|Corviknight, F|100/100
|-damage|p2a: Corviknight|88/100|[from] Stealth Rock
|move|p1a: Meowscarada|Flower Trick|p2a: Corviknight
|-start|p1a: Meowscarada|typechange|Grass|[from] ability: Protean
|-resisted|p2a: Corviknight
|-crit|p2a: Corviknight
|-damage|p2a: Corviknight|78/100
|
|-heal|p2a: Corviknight|84/100|[from] item: Leftovers
|upkeep
|turn|15
|
|t:|1778501310
|switch|p1a: Heatran|Heatran, F|30/100
|switch|p2a: Iron Moth|Iron Moth|100/100
|-damage|p2a: Iron Moth|76/100|[from] Stealth Rock
|-enditem|p2a: Iron Moth|Booster Energy
|-activate|p2a: Iron Moth|ability: Quark Drive|[fromitem]
|-start|p2a: Iron Moth|quarkdrivespa
|
|-heal|p1a: Heatran|36/100|[from] item: Leftovers
|upkeep
|turn|16
|
|t:|1778501336
|-end|p2a: Iron Moth|Quark Drive|[silent]
|switch|p2a: Kingambit|Kingambit, F|100/100
|-damage|p2a: Kingambit|94/100|[from] Stealth Rock
|-activate|p2a: Kingambit|ability: Supreme Overlord
|-start|p2a: Kingambit|fallen2|[silent]
|-item|p2a: Kingambit|Air Balloon
|move|p1a: Heatran|Earth Power|p2a: Kingambit
|-immune|p2a: Kingambit
|
|-heal|p1a: Heatran|42/100|[from] item: Leftovers
|upkeep
|turn|17
|
|t:|1778501345
|switch|p1a: Great Tusk|Great Tusk|100/100
|move|p2a: Kingambit|Low Kick|p1a: Great Tusk
|-damage|p1a: Great Tusk|57/100
|
|upkeep
|turn|18
|
|t:|1778501352
|move|p1a: Great Tusk|Close Combat|p2a: Kingambit
|-supereffective|p2a: Kingambit
|-damage|p2a: Kingambit|0 fnt
|-unboost|p1a: Great Tusk|def|1
|-unboost|p1a: Great Tusk|spd|1
|-enditem|p2a: Kingambit|Air Balloon
|faint|p2a: Kingambit
|-end|p2a: Kingambit|fallen2|[silent]
|
|upkeep
|
|t:|1778501358
|switch|p2a: Corviknight|Corviknight, F|84/100
|-damage|p2a: Corviknight|72/100|[from] Stealth Rock
|turn|19
|
|t:|1778501363
|-end|p1a: Great Tusk|Protosynthesis|[silent]
|switch|p1a: Zapdos|Zapdos|76/100
|move|p2a: Corviknight|Body Press|p1a: Zapdos
|-resisted|p1a: Zapdos
|-damage|p1a: Zapdos|69/100
|
|-heal|p2a: Corviknight|78/100|[from] item: Leftovers
|upkeep
|turn|20
|
|t:|1778501373
|switch|p2a: Volcanion|Volcanion, tera:Ground|88/100
|-damage|p2a: Volcanion|82/100|[from] Stealth Rock
|move|p1a: Zapdos|U-turn|p2a: Volcanion
|-damage|p2a: Volcanion|71/100
|
|t:|1778501381
|switch|p1a: Meowscarada|Meowscarada, M|100/100|[from] U-turn
|
|-heal|p2a: Volcanion|77/100|[from] item: Leftovers
|upkeep
|turn|21
|
|t:|1778501386
|move|p1a: Meowscarada|Flower Trick|p2a: Volcanion
|-start|p1a: Meowscarada|typechange|Grass|[from] ability: Protean
|-supereffective|p2a: Volcanion
|-crit|p2a: Volcanion
|-damage|p2a: Volcanion|0 fnt
|faint|p2a: Volcanion
|
|upkeep
|
|t:|1778501395
|switch|p2a: Corviknight|Corviknight, F|78/100
|-damage|p2a: Corviknight|66/100|[from] Stealth Rock
|turn|22
|
|t:|1778501409
|switch|p1a: Zapdos|Zapdos|69/100
|move|p2a: Corviknight|Roost|p2a: Corviknight
|-heal|p2a: Corviknight|100/100
|-singleturn|p2a: Corviknight|move: Roost
|
|upkeep
|turn|23
|
|t:|1778501414
|move|p1a: Zapdos|Discharge|p2a: Corviknight
|-supereffective|p2a: Corviknight
|-damage|p2a: Corviknight|49/100
|move|p2a: Corviknight|Bulk Up|p2a: Corviknight
|-boost|p2a: Corviknight|atk|1
|-boost|p2a: Corviknight|def|1
|
|-heal|p2a: Corviknight|56/100|[from] item: Leftovers
|upkeep
|turn|24
|
|t:|1778501419
|move|p1a: Zapdos|Discharge|p2a: Corviknight
|-supereffective|p2a: Corviknight
|-damage|p2a: Corviknight|3/100
|-status|p2a: Corviknight|par
|move|p2a: Corviknight|Roost|p2a: Corviknight
|-heal|p2a: Corviknight|53/100 par
|-singleturn|p2a: Corviknight|move: Roost
|
|-heal|p2a: Corviknight|59/100 par|[from] item: Leftovers
|upkeep
|turn|25
|-message|Dominator296 forfeited.
|
|win|BaiVic
|raw|BaiVic's rating: 1394 &rarr; <strong>1417</strong><br />(+23 for winning)
|raw|Dominator296's rating: 1444 &rarr; <strong>1421</strong><br />(-23 for losing)
|l|☆Dominator296
|player|p2|
|l|☆BaiVic
|player|p1|
