|html|<div class="broadcast-blue"><strong>[Gen 9] OU is currently suspecting Tera Blast! For information on how to participate check out the <a href="https://www.smogon.com/tools/suspects/view/200">suspect thread</a>.</strong></div>
|j|☆0_0grass
|j|☆bena13
|t:|1776073666
|gametype|singles
|player|p1|0_0grass|101|1123
|player|p2|bena13|266|1143
|gen|9
|tier|[Gen 9] OU
|rated|
|rule|HP Percentage Mod: HP is shown in percentages
|rule|Endless Battle Clause: Forcing endless battles is banned
|rule|Species Clause: Limit one of each Pokémon
|rule|OHKO Clause: OHKO moves are banned
|rule|Evasion Items Clause: Evasion items are banned
|rule|Evasion Moves Clause: Evasion moves are banned
|rule|Evasion Abilities Clause: Evasion abilities are banned
|rule|Sleep Moves Clause: Sleep-inducing moves are banned
|clearpoke
|poke|p1|Greninja-*, F|
|poke|p1|Gengar, F|
|poke|p1|Mimikyu, M|
|poke|p1|Excadrill, F|
|poke|p1|Dragapult, M|
|poke|p1|Corviknight, F|
|poke|p2|Spiritomb, M|
|poke|p2|Muk, M|
|poke|p2|Gastrodon, F|
|poke|p2|Vileplume, M|
|poke|p2|Salazzle, F|
|poke|p2|Haunter, M|
|teampreview
|inactive|Battle timer is ON: inactive players will automatically lose when time's up. (requested by bena13)
|c|☆0_0grass|wtf haunter?
|
|t:|1776073678
|teamsize|p1|6
|teamsize|p2|6
|start
|switch|p1a: Greninja|Greninja, F, shiny|100/100
|switch|p2a: Muk|Muk, M|100/100
|turn|1
|
|t:|1776073686
|move|p1a: Greninja|Spikes|p2a: Muk
|-start|p1a: Greninja|typechange|Ground|[from] ability: Protean
|-sidestart|p2: bena13|Spikes
|move|p2a: Muk|Gunk Shot|p1a: Greninja|[miss]
|-miss|p2a: Muk|p1a: Greninja
|
|upkeep
|turn|2
|
|t:|1776073701
|move|p1a: Greninja|U-turn|p2a: Muk
|-resisted|p2a: Muk
|-damage|p2a: Muk|93/100
|
|t:|1776073705
|switch|p1a: Corviknight|Corviknight, F, shiny|100/100|[from] U-turn
|move|p2a: Muk|Knock Off|p1a: Corviknight
|-damage|p1a: Corviknight|78/100
|-damage|p2a: Muk|77/100|[from] item: Rocky Helmet|[of] p1a: Corviknight
|-enditem|p1a: Corviknight|Rocky Helmet|[from] move: Knock Off|[of] p2a: Muk
|
|upkeep
|turn|3
|
|t:|1776073721
|switch|p2a: Spiritomb|Spiritomb, M|100/100
|-damage|p2a: Spiritomb|88/100|[from] Spikes
|move|p1a: Corviknight|U-turn|p2a: Spiritomb
|-damage|p2a: Spiritomb|77/100
|
|t:|1776073733
|switch|p1a: Mimikyu|Mimikyu, M, shiny|100/100|[from] U-turn
|
|-heal|p2a: Spiritomb|83/100|[from] item: Leftovers
|upkeep
|turn|4
|
|t:|1776073739
|move|p1a: Mimikyu|Swords Dance|p1a: Mimikyu
|-boost|p1a: Mimikyu|atk|2
|move|p2a: Spiritomb|Will-O-Wisp|p1a: Mimikyu
|-status|p1a: Mimikyu|brn
|
|-heal|p2a: Spiritomb|89/100|[from] item: Leftovers
|-damage|p1a: Mimikyu|95/100 brn|[from] brn
|upkeep
|turn|5
|
|t:|1776073750
|switch|p2a: Vileplume|Vileplume, M|100/100
|-damage|p2a: Vileplume|88/100|[from] Spikes
|move|p1a: Mimikyu|Play Rough|p2a: Vileplume|[miss]
|-miss|p1a: Mimikyu|p2a: Vileplume
|
|-damage|p1a: Mimikyu|89/100 brn|[from] brn
|upkeep
|turn|6
|
|t:|1776073764
|switch|p1a: Dragapult|Dragapult, M, shiny|100/100
|move|p2a: Vileplume|Giga Drain|p1a: Dragapult
|-resisted|p1a: Dragapult
|-damage|p1a: Dragapult|83/100
|-heal|p2a: Vileplume|96/100|[from] drain|[of] p1a: Dragapult
|
|upkeep
|turn|7
|
|t:|1776073773
|move|p1a: Dragapult|Flamethrower|p2a: Vileplume
|-supereffective|p2a: Vileplume
|-damage|p2a: Vileplume|7/100
|move|p2a: Vileplume|Strength Sap|p1a: Dragapult
|-unboost|p1a: Dragapult|atk|1
|-heal|p2a: Vileplume|79/100
|
|upkeep
|turn|8
|inactive|0_0grass has 120 seconds left.
|
|t:|1776073803
|switch|p1a: Greninja|Greninja, F, shiny|100/100
|switch|p2a: Gastrodon|Gastrodon, F|100/100
|-damage|p2a: Gastrodon|88/100|[from] Spikes
|
|upkeep
|turn|9
|
|t:|1776073812
|move|p1a: Greninja|Hydro Pump|p2a: Gastrodon
|-start|p1a: Greninja|typechange|Water|[from] ability: Protean
|-ability|p2a: Gastrodon|Storm Drain|boost
|-boost|p2a: Gastrodon|spa|1
|move|p2a: Gastrodon|Earth Power|p1a: Greninja
|-damage|p1a: Greninja|8/100
|
|upkeep
|turn|10
|inactive|0_0grass has 120 seconds left.
|
|t:|1776073832
|switch|p1a: Excadrill|Excadrill, F, shiny|100/100
|-ability|p1a: Excadrill|Mold Breaker
|move|p2a: Gastrodon|Surf|p1a: Excadrill
|-supereffective|p1a: Excadrill
|-enditem|p1a: Excadrill|Focus Sash
|-damage|p1a: Excadrill|1/100
|
|upkeep
|turn|11
|inactive|0_0grass has 120 seconds left.
|
|t:|1776073845
|switch|p2a: Spiritomb|Spiritomb, M|89/100
|-damage|p2a: Spiritomb|77/100|[from] Spikes
|move|p1a: Excadrill|Earthquake|p2a: Spiritomb
|-damage|p2a: Spiritomb|34/100
|
|-heal|p2a: Spiritomb|41/100|[from] item: Leftovers
|upkeep
|turn|12
|inactive|0_0grass has 120 seconds left.
|
|t:|1776073855
|move|p2a: Spiritomb|Shadow Sneak|p1a: Excadrill
|-damage|p1a: Excadrill|0 fnt
|faint|p1a: Excadrill
|
|-heal|p2a: Spiritomb|47/100|[from] item: Leftovers
|upkeep
|inactive|0_0grass has 120 seconds left.
|
|t:|1776073860
|switch|p1a: Mimikyu|Mimikyu, M, shiny|89/100 brn
|turn|13
|
|t:|1776073869
|switch|p2a: Vileplume|Vileplume, M|79/100
|-damage|p2a: Vileplume|66/100|[from] Spikes
|move|p1a: Mimikyu|Play Rough|p2a: Vileplume
|-resisted|p2a: Vileplume
|-damage|p2a: Vileplume|57/100
|-damage|p1a: Mimikyu|79/100 brn|[from] item: Life Orb
|
|-damage|p1a: Mimikyu|73/100 brn|[from] brn
|upkeep
|turn|14
|
|t:|1776073885
|switch|p1a: Dragapult|Dragapult, M, shiny|83/100
|move|p2a: Vileplume|Leech Seed|p1a: Dragapult
|-start|p1a: Dragapult|move: Leech Seed
|
|-damage|p1a: Dragapult|71/100|[from] Leech Seed|[of] p2a: Vileplume
|-heal|p2a: Vileplume|69/100|[silent]
|upkeep
|turn|15
|
|t:|1776073893
|switch|p2a: Muk|Muk, M|77/100
|-damage|p2a: Muk|65/100|[from] Spikes
|move|p1a: Dragapult|Draco Meteor|p2a: Muk
|-damage|p2a: Muk|18/100
|-unboost|p1a: Dragapult|spa|2
|
|-damage|p1a: Dragapult|58/100|[from] Leech Seed|[of] p2a: Muk
|-heal|p2a: Muk|28/100|[silent]
|upkeep
|turn|16
|
|t:|1776073908
|switch|p1a: Gengar|Gengar, F, shiny|100/100
|move|p2a: Muk|Knock Off|p1a: Gengar
|-supereffective|p1a: Gengar
|-damage|p1a: Gengar|0 fnt
|-start|p2a: Muk|Disable|Knock Off|[from] ability: Cursed Body|[of] p1a: Gengar
|-enditem|p1a: Gengar|Life Orb|[from] move: Knock Off|[of] p2a: Muk
|faint|p1a: Gengar
|
|upkeep
|
|t:|1776073917
|switch|p1a: Dragapult|Dragapult, M, shiny|58/100
|turn|17
|
|t:|1776073920
|move|p2a: Muk|Shadow Sneak|p1a: Dragapult
|-supereffective|p1a: Dragapult
|-damage|p1a: Dragapult|24/100
|move|p1a: Dragapult|Draco Meteor|p2a: Muk
|-damage|p2a: Muk|0 fnt
|-unboost|p1a: Dragapult|spa|2
|faint|p2a: Muk
|
|upkeep
|
|t:|1776073933
|switch|p2a: Gastrodon|Gastrodon, F|88/100
|-damage|p2a: Gastrodon|76/100|[from] Spikes
|turn|18
|
|t:|1776073939
|switch|p1a: Corviknight|Corviknight, F, shiny|78/100
|move|p2a: Gastrodon|Surf|p1a: Corviknight
|-damage|p1a: Corviknight|42/100
|
|upkeep
|turn|19
|
|t:|1776073947
|move|p1a: Corviknight|Taunt|p2a: Gastrodon
|-start|p2a: Gastrodon|move: Taunt
|move|p2a: Gastrodon|Earth Power|p1a: Corviknight
|-immune|p1a: Corviknight
|
|upkeep
|turn|20
|
|t:|1776073954
|move|p1a: Corviknight|Roost|p1a: Corviknight
|-heal|p1a: Corviknight|92/100
|-singleturn|p1a: Corviknight|move: Roost
|move|p2a: Gastrodon|Surf|p1a: Corviknight
|-damage|p1a: Corviknight|54/100
|
|upkeep
|turn|21
|
|t:|1776073961
|switch|p2a: Haunter|Haunter, M|100/100
|move|p1a: Corviknight|U-turn|p2a: Haunter
|-resisted|p2a: Haunter
|-damage|p2a: Haunter|91/100
|
|t:|1776073968
|switch|p1a: Dragapult|Dragapult, M, shiny|24/100|[from] U-turn
|
|upkeep
|turn|22
|
|t:|1776073974
|switch|p2a: Gastrodon|Gastrodon, F|76/100
|-damage|p2a: Gastrodon|63/100|[from] Spikes
|move|p1a: Dragapult|Shadow Ball|p2a: Gastrodon
|-damage|p2a: Gastrodon|32/100
|
|upkeep
|turn|23
|
|t:|1776073982
|move|p1a: Dragapult|Shadow Ball|p2a: Gastrodon
|-damage|p2a: Gastrodon|1/100
|move|p2a: Gastrodon|Surf|p1a: Dragapult
|-resisted|p1a: Dragapult
|-damage|p1a: Dragapult|0 fnt
|faint|p1a: Dragapult
|
|upkeep
|
|t:|1776073990
|switch|p1a: Mimikyu|Mimikyu, M, shiny|73/100 brn
|turn|24
|
|t:|1776073993
|move|p1a: Mimikyu|Shadow Sneak|p2a: Gastrodon
|-damage|p2a: Gastrodon|0 fnt
|faint|p2a: Gastrodon
|-damage|p1a: Mimikyu|63/100 brn|[from] item: Life Orb
|
|-damage|p1a: Mimikyu|57/100 brn|[from] brn
|upkeep
|
|t:|1776074002
|switch|p2a: Vileplume|Vileplume, M|69/100
|-damage|p2a: Vileplume|56/100|[from] Spikes
|turn|25
|
|t:|1776074010
|switch|p1a: Corviknight|Corviknight, F, shiny|54/100
|move|p2a: Vileplume|Strength Sap|p1a: Corviknight
|-ability|p1a: Corviknight|Mirror Armor
|-unboost|p2a: Vileplume|atk|1
|-heal|p2a: Vileplume|100/100
|
|upkeep
|turn|26
|
|t:|1776074023
|move|p1a: Corviknight|Roost|p1a: Corviknight
|-heal|p1a: Corviknight|100/100
|-singleturn|p1a: Corviknight|move: Roost
|move|p2a: Vileplume|Leech Seed|p1a: Corviknight|[miss]
|-miss|p2a: Vileplume|p1a: Corviknight
|
|upkeep
|turn|27
|
|t:|1776074034
|move|p1a: Corviknight|Taunt|p2a: Vileplume
|-start|p2a: Vileplume|move: Taunt
|cant|p2a: Vileplume|move: Taunt|Strength Sap
|
|upkeep
|turn|28
|
|t:|1776074045
|move|p1a: Corviknight|U-turn|p2a: Vileplume
|-damage|p2a: Vileplume|88/100
|
|t:|1776074048
|switch|p1a: Mimikyu|Mimikyu, M, shiny|57/100 brn|[from] U-turn
|move|p2a: Vileplume|Giga Drain|p1a: Mimikyu
|-activate|p1a: Mimikyu|ability: Disguise
|-damage|p1a: Mimikyu|57/100 brn
|detailschange|p1a: Mimikyu|Mimikyu-Busted, M, shiny
|-damage|p1a: Mimikyu|45/100 brn|[from] pokemon: Mimikyu-Busted
|
|-damage|p1a: Mimikyu|39/100 brn|[from] brn
|upkeep
|turn|29
|
|t:|1776074060
|switch|p1a: Corviknight|Corviknight, F, shiny|100/100
|move|p2a: Vileplume|Giga Drain|p1a: Corviknight
|-resisted|p1a: Corviknight
|-damage|p1a: Corviknight|94/100
|-heal|p2a: Vileplume|92/100|[from] drain|[of] p1a: Corviknight
|
|-end|p2a: Vileplume|move: Taunt
|upkeep
|turn|30
|
|t:|1776074070
|switch|p2a: Haunter|Haunter, M|91/100
|move|p1a: Corviknight|U-turn|p2a: Haunter
|-resisted|p2a: Haunter
|-damage|p2a: Haunter|81/100
|
|t:|1776074075
|switch|p1a: Mimikyu|Mimikyu-Busted, M, shiny|39/100 brn|[from] U-turn
|
|-damage|p1a: Mimikyu|33/100 brn|[from] brn
|upkeep
|turn|31
|
|t:|1776074083
|move|p1a: Mimikyu|Shadow Sneak|p2a: Haunter
|-supereffective|p2a: Haunter
|-damage|p2a: Haunter|17/100
|-damage|p1a: Mimikyu|23/100 brn|[from] item: Life Orb
|move|p2a: Haunter|Thunderbolt|p1a: Mimikyu
|-damage|p1a: Mimikyu|0 fnt
|faint|p1a: Mimikyu
|
|upkeep
|
|t:|1776074091
|switch|p1a: Greninja|Greninja, F, shiny|8/100
|turn|32
|
|t:|1776074100
|move|p1a: Greninja|Ice Beam|p2a: Haunter
|-start|p1a: Greninja|typechange|Ice|[from] ability: Protean
|-damage|p2a: Haunter|0 fnt
|faint|p2a: Haunter
|
|upkeep
|
|t:|1776074110
|switch|p2a: Spiritomb|Spiritomb, M|47/100
|-damage|p2a: Spiritomb|34/100|[from] Spikes
|turn|33
|
|t:|1776074115
|switch|p1a: Corviknight|Corviknight, F, shiny|94/100
|move|p2a: Spiritomb|Shadow Sneak|p1a: Corviknight
|-damage|p1a: Corviknight|86/100
|
|-heal|p2a: Spiritomb|41/100|[from] item: Leftovers
|upkeep
|turn|34
|
|t:|1776074126
|switch|p2a: Salazzle|Salazzle, F|100/100
|-damage|p2a: Salazzle|88/100|[from] Spikes
|move|p1a: Corviknight|Taunt|p2a: Salazzle
|-immune|p2a: Salazzle|[from] ability: Oblivious
|
|upkeep
|turn|35
|
|t:|1776074135
|move|p2a: Salazzle|Substitute|p2a: Salazzle
|-start|p2a: Salazzle|Substitute
|-damage|p2a: Salazzle|63/100
|move|p1a: Corviknight|U-turn|p2a: Salazzle
|-resisted|p2a: Salazzle
|-activate|p2a: Salazzle|move: Substitute|[damage]
|
|t:|1776074140
|switch|p1a: Greninja|Greninja, F, shiny|8/100|[from] U-turn
|
|upkeep
|turn|36
|
|t:|1776074146
|move|p1a: Greninja|Hydro Pump|p2a: Salazzle
|-start|p1a: Greninja|typechange|Water|[from] ability: Protean
|-supereffective|p2a: Salazzle
|-end|p2a: Salazzle|Substitute
|move|p2a: Salazzle|Sludge Bomb|p1a: Greninja
|-damage|p1a: Greninja|0 fnt
|faint|p1a: Greninja
|-damage|p2a: Salazzle|54/100|[from] item: Life Orb
|
|upkeep
|
|t:|1776074159
|switch|p1a: Corviknight|Corviknight, F, shiny|86/100
|turn|37
|-message|0_0grass forfeited.
|
|win|bena13
|raw|0_0grass's rating: 1123 &rarr; <strong>1099</strong><br />(-24 for losing)
|raw|bena13's rating: 1143 &rarr; <strong>1167</strong><br />(+24 for winning)
|l|☆0_0grass
|player|p1|
