|html|<div class="broadcast-blue"><strong>[Gen 9] OU is currently suspecting Tera Blast! For information on how to participate check out the <a href="https://www.smogon.com/tools/suspects/view/200">suspect thread</a>.</strong></div>
|badge|p2|silver|gen9ou|30-9
|badge|p2|silver|gen9ubers|30-9
|uhtml|medal-msg|<div class="broadcast-blue">Curious what those medals under the avatar are? PS now has Ladder Seasons! For more information, check out the <a href="https://www.smogon.com/forums/threads/3740067/">thread on Smogon.</a></div>
|raw|<div class="broadcast-blue"><strong>This battle is required to be public due to a player having a name starting with 'ulthz25'.</div>
|j|☆seaean
|j|☆ULTHZ25 LASERS
|t:|1776090905
|gametype|singles
|player|p1|seaean|blue|1683
|player|p2|ULTHZ25 LASERS|169|1976
|gen|9
|tier|[Gen 9] OU
|rated|
|rule|HP Percentage Mod: HP is shown in percentages
|rule|Endless Battle Clause: Forcing endless battles is banned
|rule|Species Clause: Limit one of each Pokémon
|rule|OHKO Clause: OHKO moves are banned
|rule|Evasion Items Clause: Evasion items are banned
|rule|Evasion Moves Clause: Evasion moves are banned
|rule|Evasion Abilities Clause: Evasion abilities are banned
|rule|Sleep Moves Clause: Sleep-inducing moves are banned
|clearpoke
|poke|p1|Kyurem|
|poke|p1|Slowking-Galar, F|
|poke|p1|Cinderace, M|
|poke|p1|Corviknight, M|
|poke|p1|Rillaboom, F|
|poke|p1|Darkrai|
|poke|p2|Kingambit, M|
|poke|p2|Landorus-Therian, M|
|poke|p2|Slowking-Galar, F|
|poke|p2|Kyurem|
|poke|p2|Slither Wing|
|poke|p2|Cinderace, M|
|teampreview
|inactive|Battle timer is ON: inactive players will automatically lose when time's up. (requested by seaean)
|
|t:|1776090935
|teamsize|p1|6
|teamsize|p2|6
|start
|switch|p1a: Cinderace|Cinderace, M|100/100
|switch|p2a: Cinderace|Cinderace, M|100/100
|turn|1
|
|t:|1776090945
|move|p1a: Cinderace|U-turn|p2a: Cinderace
|-resisted|p2a: Cinderace
|-damage|p2a: Cinderace|88/100
|
|t:|1776090949
|switch|p1a: Slowking|Slowking-Galar, F|100/100|[from] U-turn
|move|p2a: Cinderace|Pyro Ball|p1a: Slowking|[miss]
|-miss|p2a: Cinderace|p1a: Slowking
|
|upkeep
|turn|2
|
|t:|1776090958
|move|p2a: Cinderace|U-turn|p1a: Slowking
|-start|p2a: Cinderace|typechange|Bug|[from] ability: Libero
|-damage|p1a: Slowking|64/100
|
|t:|1776090966
|switch|p2a: Slowking|Slowking-Galar, F|100/100|[from] U-turn
|move|p1a: Slowking|Thunder Wave|p2a: Slowking
|-status|p2a: Slowking|par
|
|upkeep
|turn|3
|
|t:|1776090974
|-prepare|p1a: Slowking|Chilly Reception|[premajor]
|move|p1a: Slowking|Chilly Reception|p1a: Slowking
|-weather|Snowscape
|
|t:|1776090982
|switch|p1a: Darkrai|Darkrai|100/100|[from] Chilly Reception
|move|p2a: Slowking|Future Sight|p1a: Darkrai
|-start|p2a: Slowking|move: Future Sight
|
|-weather|Snowscape|[upkeep]
|upkeep
|turn|4
|
|t:|1776090991
|move|p1a: Darkrai|Dark Pulse|p2a: Slowking
|-supereffective|p2a: Slowking
|-enditem|p2a: Slowking|Colbur Berry|[eat]
|-enditem|p2a: Slowking|Colbur Berry|[weaken]
|-damage|p2a: Slowking|75/100 par
|-prepare|p2a: Slowking|Chilly Reception|[premajor]
|cant|p2a: Slowking|flinch
|
|-weather|Snowscape|[upkeep]
|upkeep
|turn|5
|
|t:|1776090998
|switch|p2a: Slither Wing|Slither Wing|100/100
|move|p1a: Darkrai|Dark Pulse|p2a: Slither Wing
|-resisted|p2a: Slither Wing
|-damage|p2a: Slither Wing|81/100
|
|-weather|Snowscape|[upkeep]
|-end|p1a: Darkrai|move: Future Sight
|-immune|p1a: Darkrai
|upkeep
|turn|6
|
|t:|1776091003
|switch|p1a: Corviknight|Corviknight, M|100/100
|-ability|p1a: Corviknight|Pressure
|move|p2a: Slither Wing|Will-O-Wisp|p1a: Corviknight
|-status|p1a: Corviknight|brn
|
|-weather|Snowscape|[upkeep]
|-damage|p1a: Corviknight|94/100 brn|[from] brn
|upkeep
|turn|7
|
|t:|1776091015
|-end|p2a: Slither Wing|Protosynthesis|[silent]
|switch|p2a: Slowking|Slowking-Galar, F|100/100 par
|move|p1a: Corviknight|Iron Defense|p1a: Corviknight
|-boost|p1a: Corviknight|def|2
|
|-weather|none
|-damage|p1a: Corviknight|88/100 brn|[from] brn
|upkeep
|turn|8
|
|t:|1776091024
|switch|p1a: Darkrai|Darkrai|100/100
|-prepare|p2a: Slowking|Chilly Reception|[premajor]
|move|p2a: Slowking|Chilly Reception|p2a: Slowking
|-weather|Snowscape
|
|t:|1776091029
|switch|p2a: Slither Wing|Slither Wing|81/100|[from] Chilly Reception
|
|-weather|Snowscape|[upkeep]
|upkeep
|turn|9
|
|t:|1776091052
|switch|p1a: Cinderace|Cinderace, M|100/100
|move|p2a: Slither Wing|U-turn|p1a: Cinderace
|-resisted|p1a: Cinderace
|-damage|p1a: Cinderace|81/100
|
|t:|1776091057
|-end|p2a: Slither Wing|Protosynthesis|[silent]
|switch|p2a: Landorus|Landorus-Therian, M|100/100|[from] U-turn
|-ability|p2a: Landorus|Intimidate|boost
|-unboost|p1a: Cinderace|atk|1
|
|-weather|Snowscape|[upkeep]
|upkeep
|turn|10
|
|t:|1776091074
|switch|p1a: Corviknight|Corviknight, M|88/100 brn
|-ability|p1a: Corviknight|Pressure
|move|p2a: Landorus|Earthquake|p1a: Corviknight
|-immune|p1a: Corviknight
|
|-weather|Snowscape|[upkeep]
|-damage|p1a: Corviknight|82/100 brn|[from] brn
|upkeep
|turn|11
|
|t:|1776091092
|switch|p2a: Cinderace|Cinderace, M|88/100
|switch|p1a: Kyurem|Kyurem|100/100
|-ability|p1a: Kyurem|Pressure
|
|-weather|Snowscape|[upkeep]
|upkeep
|turn|12
|
|t:|1776091097
|move|p1a: Kyurem|Earth Power|p2a: Cinderace
|-supereffective|p2a: Cinderace
|-damage|p2a: Cinderace|1/100
|move|p2a: Cinderace|Low Kick|p1a: Kyurem
|-start|p2a: Cinderace|typechange|Fighting|[from] ability: Libero
|-supereffective|p1a: Kyurem
|-damage|p1a: Kyurem|26/100
|
|-weather|none
|upkeep
|turn|13
|
|t:|1776091107
|switch|p1a: Corviknight|Corviknight, M|82/100 brn
|-ability|p1a: Corviknight|Pressure
|switch|p2a: Landorus|Landorus-Therian, M|100/100
|-ability|p2a: Landorus|Intimidate|boost
|-unboost|p1a: Corviknight|atk|1
|
|-damage|p1a: Corviknight|75/100 brn|[from] brn
|upkeep
|turn|14
|
|t:|1776091114
|switch|p1a: Rillaboom|Rillaboom, F|100/100
|-fieldstart|move: Grassy Terrain|[from] ability: Grassy Surge|[of] p1a: Rillaboom
|move|p2a: Landorus|U-turn|p1a: Rillaboom
|-supereffective|p1a: Rillaboom
|-damage|p1a: Rillaboom|42/100
|
|t:|1776091116
|switch|p2a: Kyurem|Kyurem|100/100|[from] U-turn
|-ability|p2a: Kyurem|Pressure
|
|-heal|p1a: Rillaboom|49/100|[from] Grassy Terrain
|upkeep
|turn|15
|
|t:|1776091124
|switch|p2a: Kingambit|Kingambit, M|100/100
|switch|p1a: Slowking|Slowking-Galar, F|97/100
|
|-heal|p1a: Slowking|100/100|[from] Grassy Terrain
|upkeep
|turn|16
|
|t:|1776091128
|switch|p1a: Corviknight|Corviknight, M|75/100 brn
|-ability|p1a: Corviknight|Pressure
|move|p2a: Kingambit|Kowtow Cleave|p1a: Corviknight
|-damage|p1a: Corviknight|45/100 brn
|-damage|p2a: Kingambit|84/100|[from] item: Rocky Helmet|[of] p1a: Corviknight
|
|-heal|p2a: Kingambit|90/100|[from] Grassy Terrain
|-heal|p2a: Kingambit|96/100|[from] item: Leftovers
|-damage|p1a: Corviknight|39/100 brn|[from] brn
|upkeep
|turn|17
|
|t:|1776091135
|-end|p2a: Kingambit|fallenundefined|[silent]
|switch|p2a: Slowking|Slowking-Galar, F|100/100 par
|move|p1a: Corviknight|Roost|p1a: Corviknight
|-heal|p1a: Corviknight|89/100 brn
|-singleturn|p1a: Corviknight|move: Roost
|
|-heal|p1a: Corviknight|95/100 brn|[from] Grassy Terrain
|-damage|p1a: Corviknight|89/100 brn|[from] brn
|upkeep
|turn|18
|
|t:|1776091143
|switch|p1a: Slowking|Slowking-Galar, F|100/100
|-prepare|p2a: Slowking|Chilly Reception|[premajor]
|move|p2a: Slowking|Chilly Reception|p2a: Slowking
|-weather|Snowscape
|
|t:|1776091146
|switch|p2a: Kingambit|Kingambit, M|96/100|[from] Chilly Reception
|
|-weather|Snowscape|[upkeep]
|-heal|p2a: Kingambit|100/100|[from] Grassy Terrain
|-fieldend|move: Grassy Terrain
|upkeep
|turn|19
|
|t:|1776091157
|switch|p1a: Corviknight|Corviknight, M|89/100 brn
|-ability|p1a: Corviknight|Pressure
|move|p2a: Kingambit|Kowtow Cleave|p1a: Corviknight
|-damage|p1a: Corviknight|57/100 brn
|-damage|p2a: Kingambit|84/100|[from] item: Rocky Helmet|[of] p1a: Corviknight
|
|-weather|Snowscape|[upkeep]
|-heal|p2a: Kingambit|90/100|[from] item: Leftovers
|-damage|p1a: Corviknight|51/100 brn|[from] brn
|upkeep
|turn|20
|
|t:|1776091161
|-end|p2a: Kingambit|fallenundefined|[silent]
|switch|p2a: Kyurem|Kyurem|100/100
|-ability|p2a: Kyurem|Pressure
|move|p1a: Corviknight|Roost|p1a: Corviknight
|-heal|p1a: Corviknight|100/100 brn
|-singleturn|p1a: Corviknight|move: Roost
|
|-weather|Snowscape|[upkeep]
|-damage|p1a: Corviknight|94/100 brn|[from] brn
|upkeep
|turn|21
|
|t:|1776091171
|move|p2a: Kyurem|Blizzard|p1a: Corviknight
|-damage|p1a: Corviknight|11/100 brn
|move|p1a: Corviknight|Body Press|p2a: Kyurem
|-supereffective|p2a: Kyurem
|-damage|p2a: Kyurem|83/100
|
|-weather|Snowscape|[upkeep]
|-damage|p1a: Corviknight|5/100 brn|[from] brn
|upkeep
|turn|22
|
|t:|1776091176
|move|p2a: Kyurem|Blizzard|p1a: Corviknight
|-damage|p1a: Corviknight|0 fnt
|faint|p1a: Corviknight
|
|-weather|none
|upkeep
|
|t:|1776091180
|switch|p1a: Darkrai|Darkrai|100/100
|turn|23
|
|t:|1776091183
|move|p1a: Darkrai|Nasty Plot|p1a: Darkrai
|-boost|p1a: Darkrai|spa|2
|move|p2a: Kyurem|Blizzard|p1a: Darkrai|[miss]
|-miss|p2a: Kyurem|p1a: Darkrai
|
|upkeep
|turn|24
|
|t:|1776091188
|switch|p2a: Cinderace|Cinderace, M|1/100
|move|p1a: Darkrai|Dark Pulse|p2a: Cinderace
|-damage|p2a: Cinderace|0 fnt
|faint|p2a: Cinderace
|
|upkeep
|
|t:|1776091195
|switch|p2a: Slither Wing|Slither Wing|81/100
|turn|25
|
|t:|1776091200
|-terastallize|p1a: Darkrai|Poison
|move|p2a: Slither Wing|First Impression|p1a: Darkrai
|-resisted|p1a: Darkrai
|-damage|p1a: Darkrai|75/100
|move|p1a: Darkrai|Sludge Bomb|p2a: Slither Wing
|-damage|p2a: Slither Wing|0 fnt
|faint|p2a: Slither Wing
|-end|p2a: Slither Wing|Protosynthesis|[silent]
|
|upkeep
|
|t:|1776091203
|switch|p2a: Landorus|Landorus-Therian, M|100/100
|-ability|p2a: Landorus|Intimidate|boost
|-unboost|p1a: Darkrai|atk|1
|turn|26
|
|t:|1776091207
|switch|p1a: Rillaboom|Rillaboom, F|49/100
|-fieldstart|move: Grassy Terrain|[from] ability: Grassy Surge|[of] p1a: Rillaboom
|move|p2a: Landorus|Earthquake|p1a: Rillaboom
|-resisted|p1a: Rillaboom
|-damage|p1a: Rillaboom|34/100
|
|-heal|p1a: Rillaboom|40/100|[from] Grassy Terrain
|upkeep
|turn|27
|j| tinyp
|
|t:|1776091215
|switch|p2a: Kyurem|Kyurem|83/100
|-ability|p2a: Kyurem|Pressure
|move|p1a: Rillaboom|Knock Off|p2a: Kyurem
|-damage|p2a: Kyurem|42/100
|-enditem|p2a: Kyurem|Choice Specs|[from] move: Knock Off|[of] p1a: Rillaboom
|-damage|p1a: Rillaboom|30/100|[from] item: Life Orb
|
|-heal|p2a: Kyurem|49/100|[from] Grassy Terrain
|-heal|p1a: Rillaboom|36/100|[from] Grassy Terrain
|upkeep
|turn|28
|
|t:|1776091238
|switch|p2a: Kingambit|Kingambit, M|90/100
|-activate|p2a: Kingambit|ability: Supreme Overlord
|-start|p2a: Kingambit|fallen2|[silent]
|switch|p1a: Slowking|Slowking-Galar, F|100/100
|
|-heal|p2a: Kingambit|96/100|[from] Grassy Terrain
|-heal|p2a: Kingambit|100/100|[from] item: Leftovers
|upkeep
|turn|29
|
|t:|1776091241
|move|p2a: Kingambit|Kowtow Cleave|p1a: Slowking
|-supereffective|p1a: Slowking
|-damage|p1a: Slowking|0 fnt
|faint|p1a: Slowking
|
|upkeep
|
|t:|1776091244
|switch|p1a: Cinderace|Cinderace, M|81/100
|turn|30
|
|t:|1776091252
|-terastallize|p2a: Kingambit|Fire
|move|p1a: Cinderace|Pyro Ball|p2a: Kingambit
|-resisted|p2a: Kingambit
|-damage|p2a: Kingambit|84/100
|move|p2a: Kingambit|Kowtow Cleave|p1a: Cinderace
|-damage|p1a: Cinderace|7/100
|
|-heal|p1a: Cinderace|13/100|[from] Grassy Terrain
|-heal|p2a: Kingambit|90/100|[from] Grassy Terrain
|-heal|p2a: Kingambit|97/100|[from] item: Leftovers
|-fieldend|move: Grassy Terrain
|upkeep
|turn|31
|
|t:|1776091263
|move|p1a: Cinderace|U-turn|p2a: Kingambit
|-resisted|p2a: Kingambit
|-damage|p2a: Kingambit|90/100
|
|t:|1776091270
|switch|p1a: Kyurem|Kyurem|26/100|[from] U-turn
|-ability|p1a: Kyurem|Pressure
|move|p2a: Kingambit|Kowtow Cleave|p1a: Kyurem
|-damage|p1a: Kyurem|0 fnt
|faint|p1a: Kyurem
|
|-heal|p2a: Kingambit|96/100|[from] item: Leftovers
|upkeep
|
|t:|1776091272
|switch|p1a: Darkrai|Darkrai, tera:Poison|75/100
|turn|32
|
|t:|1776091284
|move|p1a: Darkrai|Dark Pulse|p2a: Kingambit
|-damage|p2a: Kingambit|56/100
|move|p2a: Kingambit|Kowtow Cleave|p1a: Darkrai
|-crit|p1a: Darkrai
|-damage|p1a: Darkrai|0 fnt
|faint|p1a: Darkrai
|
|-heal|p2a: Kingambit|63/100|[from] item: Leftovers
|upkeep
|
|t:|1776091288
|switch|p1a: Rillaboom|Rillaboom, F|36/100
|-fieldstart|move: Grassy Terrain|[from] ability: Grassy Surge|[of] p1a: Rillaboom
|turn|33
|
|t:|1776091293
|move|p1a: Rillaboom|Knock Off|p2a: Kingambit
|-damage|p2a: Kingambit|32/100
|-enditem|p2a: Kingambit|Leftovers|[from] move: Knock Off|[of] p1a: Rillaboom
|-damage|p1a: Rillaboom|26/100|[from] item: Life Orb
|move|p2a: Kingambit|Kowtow Cleave|p1a: Rillaboom
|-damage|p1a: Rillaboom|0 fnt
|faint|p1a: Rillaboom
|
|-heal|p2a: Kingambit|39/100|[from] Grassy Terrain
|upkeep
|
|t:|1776091295
|switch|p1a: Cinderace|Cinderace, M|13/100
|turn|34
|
|t:|1776091298
|move|p1a: Cinderace|Pyro Ball|p2a: Kingambit
|-resisted|p2a: Kingambit
|-damage|p2a: Kingambit|10/100
|move|p2a: Kingambit|Kowtow Cleave|p1a: Cinderace
|-damage|p1a: Cinderace|0 fnt
|faint|p1a: Cinderace
|
|win|ULTHZ25 LASERS
|raw|seaean's rating: 1683 &rarr; <strong>1677</strong><br />(-6 for losing)
|raw|ULTHZ25 LASERS's rating: 1976 &rarr; <strong>1982</strong><br />(+6 for winning)
|l|☆ULTHZ25 LASERS
|player|p2|
|l|☆seaean
|player|p1|
|l| tinyp
