|html|<div class="broadcast-blue"><strong>[Gen 9] OU is currently suspecting Tera Blast! For information on how to participate check out the <a href="https://www.smogon.com/tools/suspects/view/200">suspect thread</a>.</strong></div>
|j|☆onemorefortheroad
|j|☆jjahsh
|t:|1776053236
|gametype|singles
|player|p1|onemorefortheroad|265|1124
|player|p2|jjahsh|169|1067
|gen|9
|tier|[Gen 9] OU
|rated|
|rule|HP Percentage Mod: HP is shown in percentages
|rule|Endless Battle Clause: Forcing endless battles is banned
|rule|Species Clause: Limit one of each Pokémon
|rule|OHKO Clause: OHKO moves are banned
|rule|Evasion Items Clause: Evasion items are banned
|rule|Evasion Moves Clause: Evasion moves are banned
|rule|Evasion Abilities Clause: Evasion abilities are banned
|rule|Sleep Moves Clause: Sleep-inducing moves are banned
|clearpoke
|poke|p1|Great Tusk|
|poke|p1|Zoroark-Hisui, F|
|poke|p1|Glimmora, F|
|poke|p1|Torkoal, F|
|poke|p1|Gallade, M|
|poke|p1|Weavile, F|
|poke|p2|Heatran, M|
|poke|p2|Dondozo, F|
|poke|p2|Ting-Lu|
|poke|p2|Landorus-Therian, M|
|poke|p2|Corviknight, F|
|poke|p2|Ogerpon-Wellspring, F|
|teampreview
|
|t:|1776053245
|teamsize|p1|6
|teamsize|p2|6
|start
|switch|p1a: Glimmora|Glimmora, F|100/100
|switch|p2a: Landorus|Landorus-Therian, M|100/100
|-ability|p2a: Landorus|Intimidate|boost
|-unboost|p1a: Glimmora|atk|1
|turn|1
|
|t:|1776053255
|move|p2a: Landorus|U-turn|p1a: Glimmora
|-resisted|p1a: Glimmora
|-damage|p1a: Glimmora|84/100
|-activate|p1a: Glimmora|ability: Toxic Debris
|-sidestart|p2: jjahsh|move: Toxic Spikes
|-damage|p2a: Landorus|90/100|[from] item: Life Orb
|
|t:|1776053267
|switch|p2a: Heatran|Heatran, M|100/100|[from] U-turn
|-item|p2a: Heatran|Air Balloon
|move|p1a: Glimmora|Stealth Rock|p2a: Heatran
|-sidestart|p2: jjahsh|move: Stealth Rock
|
|upkeep
|turn|2
|
|t:|1776053275
|move|p2a: Heatran|Earth Power|p1a: Glimmora
|-supereffective|p1a: Glimmora
|-damage|p1a: Glimmora|0 fnt
|faint|p1a: Glimmora
|
|upkeep
|
|t:|1776053285
|switch|p1a: Great Tusk|Great Tusk|100/100
|turn|3
|
|t:|1776053293
|move|p2a: Heatran|Protect|p2a: Heatran
|-singleturn|p2a: Heatran|Protect
|move|p1a: Great Tusk|Rapid Spin|p2a: Heatran
|-activate|p2a: Heatran|move: Protect
|
|upkeep
|turn|4
|
|t:|1776053301
|move|p1a: Great Tusk|Rapid Spin|p2a: Heatran
|-resisted|p2a: Heatran
|-crit|p2a: Heatran
|-damage|p2a: Heatran|87/100
|-boost|p1a: Great Tusk|spe|1
|-enditem|p2a: Heatran|Air Balloon
|move|p2a: Heatran|Earth Power|p1a: Great Tusk
|-damage|p1a: Great Tusk|52/100
|
|upkeep
|turn|5
|
|t:|1776053310
|move|p1a: Great Tusk|Headlong Rush|p2a: Heatran
|-supereffective|p2a: Heatran
|-damage|p2a: Heatran|0 fnt
|-unboost|p1a: Great Tusk|def|1
|-unboost|p1a: Great Tusk|spd|1
|faint|p2a: Heatran
|
|upkeep
|
|t:|1776053318
|switch|p2a: Corviknight|Corviknight, F|100/100
|-damage|p2a: Corviknight|88/100|[from] Stealth Rock
|turn|6
|
|t:|1776053326
|move|p1a: Great Tusk|Rock Slide|p2a: Corviknight
|-damage|p2a: Corviknight|69/100
|move|p2a: Corviknight|Iron Defense|p2a: Corviknight
|-boost|p2a: Corviknight|def|2
|
|-heal|p2a: Corviknight|75/100|[from] item: Leftovers
|upkeep
|turn|7
|
|t:|1776053336
|-end|p1a: Great Tusk|Protosynthesis|[silent]
|switch|p1a: Torkoal|Torkoal, F|100/100
|-weather|SunnyDay|[from] ability: Drought|[of] p1a: Torkoal
|move|p2a: Corviknight|Iron Defense|p2a: Corviknight
|-boost|p2a: Corviknight|def|2
|
|-weather|SunnyDay|[upkeep]
|-heal|p2a: Corviknight|81/100|[from] item: Leftovers
|upkeep
|turn|8
|
|t:|1776053346
|move|p2a: Corviknight|Body Press|p1a: Torkoal
|-damage|p1a: Torkoal|37/100
|move|p1a: Torkoal|Overheat|p2a: Corviknight
|-supereffective|p2a: Corviknight
|-damage|p2a: Corviknight|0 fnt
|-unboost|p1a: Torkoal|spa|2
|faint|p2a: Corviknight
|-enditem|p1a: Torkoal|Eject Pack
|
|t:|1776053354
|switch|p1a: Weavile|Weavile, F|100/100
|
|-weather|SunnyDay|[upkeep]
|upkeep
|
|t:|1776053365
|switch|p2a: Ting-Lu|Ting-Lu|100/100
|-status|p2a: Ting-Lu|psn
|-damage|p2a: Ting-Lu|94/100 psn|[from] Stealth Rock
|-ability|p2a: Ting-Lu|Vessel of Ruin
|turn|9
|
|t:|1776053377
|switch|p1a: Torkoal|Torkoal, F|37/100
|move|p2a: Ting-Lu|Body Press|p1a: Torkoal
|-damage|p1a: Torkoal|15/100
|
|-weather|SunnyDay|[upkeep]
|-heal|p2a: Ting-Lu|100/100 psn|[from] item: Leftovers
|-damage|p2a: Ting-Lu|88/100 psn|[from] psn
|upkeep
|turn|10
|
|t:|1776053387
|move|p2a: Ting-Lu|Body Press|p1a: Torkoal
|-damage|p1a: Torkoal|0 fnt
|faint|p1a: Torkoal
|
|-weather|SunnyDay|[upkeep]
|-heal|p2a: Ting-Lu|94/100 psn|[from] item: Leftovers
|-damage|p2a: Ting-Lu|82/100 psn|[from] psn
|upkeep
|
|t:|1776053400
|switch|p1a: Gallade|Gallade, M|100/100
|turn|11
|
|t:|1776053406
|move|p1a: Gallade|Drain Punch|p2a: Ting-Lu
|-supereffective|p2a: Ting-Lu
|-damage|p2a: Ting-Lu|41/100 psn
|move|p2a: Ting-Lu|Stealth Rock|p1a: Gallade
|-sidestart|p1: onemorefortheroad|move: Stealth Rock
|
|-weather|none
|-heal|p2a: Ting-Lu|47/100 psn|[from] item: Leftovers
|-damage|p2a: Ting-Lu|35/100 psn|[from] psn
|upkeep
|turn|12
|
|t:|1776053421
|move|p1a: Gallade|Drain Punch|p2a: Ting-Lu
|-supereffective|p2a: Ting-Lu
|-damage|p2a: Ting-Lu|0 fnt
|faint|p2a: Ting-Lu
|
|upkeep
|
|t:|1776053427
|switch|p2a: Landorus|Landorus-Therian, M|90/100
|-damage|p2a: Landorus|78/100|[from] Stealth Rock
|-ability|p2a: Landorus|Intimidate|boost
|-unboost|p1a: Gallade|atk|1
|turn|13
|
|t:|1776053437
|move|p2a: Landorus|Rock Slide|p1a: Gallade
|-resisted|p1a: Gallade
|-damage|p1a: Gallade|67/100
|-damage|p2a: Landorus|68/100|[from] item: Life Orb
|move|p1a: Gallade|Knock Off|p2a: Landorus
|-damage|p2a: Landorus|44/100
|-enditem|p2a: Landorus|Life Orb|[from] move: Knock Off|[of] p1a: Gallade
|
|upkeep
|turn|14
|
|t:|1776053448
|move|p2a: Landorus|Brick Break|p1a: Gallade
|-resisted|p1a: Gallade
|-damage|p1a: Gallade|44/100
|move|p1a: Gallade|Psycho Cut|p2a: Landorus
|-damage|p2a: Landorus|0 fnt
|faint|p2a: Landorus
|
|upkeep
|-message|jjahsh forfeited.
|
|win|onemorefortheroad
|raw|onemorefortheroad's rating: 1124 &rarr; <strong>1145</strong><br />(+21 for winning)
|raw|jjahsh's rating: 1067 &rarr; <strong>1050</strong><br />(-17 for losing)
|l|☆jjahsh
|player|p2|
|l|☆onemorefortheroad
|player|p1|
