|html|<div class="broadcast-blue"><strong>[Gen 9] OU is currently suspecting Tera Blast! For information on how to participate check out the <a href="https://www.smogon.com/tools/suspects/view/200">suspect thread</a>.</strong></div>
|j|☆Gui4real
|j|☆Lyrick
|t:|1776056702
|gametype|singles
|player|p1|Gui4real|flint|1095
|player|p2|Lyrick|101|1057
|gen|9
|tier|[Gen 9] OU
|rated|
|rule|HP Percentage Mod: HP is shown in percentages
|rule|Endless Battle Clause: Forcing endless battles is banned
|rule|Species Clause: Limit one of each Pokémon
|rule|OHKO Clause: OHKO moves are banned
|rule|Evasion Items Clause: Evasion items are banned
|rule|Evasion Moves Clause: Evasion moves are banned
|rule|Evasion Abilities Clause: Evasion abilities are banned
|rule|Sleep Moves Clause: Sleep-inducing moves are banned
|clearpoke
|poke|p1|Deoxys-Speed|
|poke|p1|Incineroar, M|
|poke|p1|Dondozo, M|
|poke|p1|Zapdos-Galar|
|poke|p1|Garchomp, F|
|poke|p1|Porygon-Z|
|poke|p2|Zoroark-Hisui, F|
|poke|p2|Hoopa|
|poke|p2|Sableye, F|
|poke|p2|Tinkaton, F|
|poke|p2|Hatterene, F|
|poke|p2|Swadloon, M|
|teampreview
|
|t:|1776056709
|teamsize|p1|6
|teamsize|p2|6
|start
|switch|p1a: Deoxys|Deoxys-Speed|100/100
|switch|p2a: Swadloon|Swadloon, M|100/100
|-ability|p1a: Deoxys|Pressure
|turn|1
|inactive|Battle timer is ON: inactive players will automatically lose when time's up. (requested by Lyrick)
|
|t:|1776056716
|move|p1a: Deoxys|Knock Off|p2a: Swadloon
|-damage|p2a: Swadloon|88/100
|-enditem|p2a: Swadloon|Eviolite|[from] move: Knock Off|[of] p1a: Deoxys
|move|p2a: Swadloon|Sticky Web|p1a: Deoxys
|-sidestart|p1: Gui4real|move: Sticky Web
|
|upkeep
|turn|2
|
|t:|1776056724
|move|p1a: Deoxys|Spikes|p2a: Swadloon
|-sidestart|p2: Lyrick|Spikes
|move|p2a: Swadloon|Switcheroo|p1a: Deoxys
|-activate|p2a: Swadloon|move: Trick|[of] p1a: Deoxys
|-enditem|p1a: Deoxys|Focus Sash|[silent]|[from] move: Switcheroo
|-item|p2a: Swadloon|Focus Sash|[from] move: Switcheroo
|
|upkeep
|turn|3
|
|t:|1776056732
|switch|p2a: Hatterene|Hatterene, F|100/100
|-damage|p2a: Hatterene|88/100|[from] Spikes
|move|p1a: Deoxys|Spikes|p2a: Hatterene
|move|p2a: Hatterene|Spikes|p1a: Deoxys|[from] ability: Magic Bounce
|-sidestart|p1: Gui4real|Spikes
|
|upkeep
|turn|4
|l|☆Gui4real
|inactive|Gui4real disconnected and has a minute to reconnect!
|player|p1|
|j|☆Gui4real
|inactive|Gui4real reconnected and has 130 seconds left.
|player|p1|Gui4real|flint|
|inactive|Gui4real has 120 seconds left.
|
|t:|1776056762
|switch|p2a: Tinkaton|Tinkaton, F|100/100
|-damage|p2a: Tinkaton|88/100|[from] Spikes
|-ability|p2a: Tinkaton|Mold Breaker
|move|p1a: Deoxys|Stealth Rock|p2a: Tinkaton
|-sidestart|p2: Lyrick|move: Stealth Rock
|
|upkeep
|turn|5
|inactive|Gui4real has 120 seconds left.
|
|t:|1776056772
|move|p1a: Deoxys|Knock Off|p2a: Tinkaton
|-resisted|p2a: Tinkaton
|-damage|p2a: Tinkaton|73/100
|-enditem|p2a: Tinkaton|Life Orb|[from] move: Knock Off|[of] p1a: Deoxys
|move|p2a: Tinkaton|Gigaton Hammer|p1a: Deoxys
|-damage|p1a: Deoxys|28/100
|
|upkeep
|turn|6
|
|t:|1776056781
|move|p1a: Deoxys|Spikes|p2a: Tinkaton
|-sidestart|p2: Lyrick|Spikes
|move|p2a: Tinkaton|Swords Dance|p2a: Tinkaton
|-boost|p2a: Tinkaton|atk|2
|
|upkeep
|turn|7
|
|t:|1776056790
|move|p1a: Deoxys|Knock Off|p2a: Tinkaton
|-resisted|p2a: Tinkaton
|-damage|p2a: Tinkaton|62/100
|move|p2a: Tinkaton|Swords Dance|p2a: Tinkaton
|-boost|p2a: Tinkaton|atk|2
|
|upkeep
|turn|8
|
|t:|1776056799
|move|p1a: Deoxys|Knock Off|p2a: Tinkaton
|-resisted|p2a: Tinkaton
|-damage|p2a: Tinkaton|53/100
|move|p2a: Tinkaton|Play Rough|p1a: Deoxys
|-damage|p1a: Deoxys|0 fnt
|faint|p1a: Deoxys
|
|upkeep
|
|t:|1776056807
|switch|p1a: Zapdos|Zapdos-Galar, shiny|100/100
|turn|9
|inactive|Lyrick has 120 seconds left.
|
|t:|1776056839
|-terastallize|p1a: Zapdos|Fighting
|move|p1a: Zapdos|Close Combat|p2a: Tinkaton
|-damage|p2a: Tinkaton|0 fnt
|-unboost|p1a: Zapdos|def|1
|-unboost|p1a: Zapdos|spd|1
|faint|p2a: Tinkaton
|
|upkeep
|inactive|Lyrick has 120 seconds left.
|
|t:|1776056851
|switch|p2a: Sableye|Sableye, F|100/100
|-damage|p2a: Sableye|84/100|[from] Spikes
|-damage|p2a: Sableye|72/100|[from] Stealth Rock
|turn|10
|
|t:|1776056870
|move|p2a: Sableye|Reflect|p2a: Sableye
|-sidestart|p2: Lyrick|Reflect
|move|p1a: Zapdos|Knock Off|p2a: Sableye
|-damage|p2a: Sableye|51/100
|-enditem|p2a: Sableye|Eject Button|[from] move: Knock Off|[of] p1a: Zapdos
|
|upkeep
|turn|11
|
|t:|1776056876
|move|p2a: Sableye|Light Screen|p2a: Sableye
|-sidestart|p2: Lyrick|move: Light Screen
|move|p1a: Zapdos|U-turn|p2a: Sableye
|-damage|p2a: Sableye|37/100
|
|t:|1776056880
|switch|p1a: Porygon-Z|Porygon-Z|100/100|[from] U-turn
|-ability|p1a: Porygon-Z|Download|boost
|-boost|p1a: Porygon-Z|atk|1
|
|upkeep
|turn|12
|
|t:|1776056897
|switch|p2a: Hatterene|Hatterene, F|88/100
|-damage|p2a: Hatterene|72/100|[from] Spikes
|-damage|p2a: Hatterene|59/100|[from] Stealth Rock
|move|p1a: Porygon-Z|Nasty Plot|p1a: Porygon-Z
|-boost|p1a: Porygon-Z|spa|2
|
|upkeep
|turn|13
|
|t:|1776056910
|move|p1a: Porygon-Z|Nasty Plot|p1a: Porygon-Z
|-boost|p1a: Porygon-Z|spa|2
|move|p2a: Hatterene|Calm Mind|p2a: Hatterene
|-boost|p2a: Hatterene|spa|1
|-boost|p2a: Hatterene|spd|1
|
|upkeep
|turn|14
|
|t:|1776056918
|move|p1a: Porygon-Z|Thunderbolt|p2a: Hatterene
|-damage|p2a: Hatterene|31/100
|move|p2a: Hatterene|Calm Mind|p2a: Hatterene
|-boost|p2a: Hatterene|spa|1
|-boost|p2a: Hatterene|spd|1
|
|-sideend|p2: Lyrick|Reflect
|upkeep
|turn|15
|
|t:|1776056928
|-terastallize|p2a: Hatterene|Grass
|move|p1a: Porygon-Z|Tri Attack|p2a: Hatterene
|-damage|p2a: Hatterene|3/100
|move|p2a: Hatterene|Stored Power|p1a: Porygon-Z
|-damage|p1a: Porygon-Z|0 fnt
|faint|p1a: Porygon-Z
|
|-sideend|p2: Lyrick|move: Light Screen
|upkeep
|
|t:|1776056935
|switch|p1a: Zapdos|Zapdos-Galar, shiny, tera:Fighting|100/100
|-activate|p1a: Zapdos|move: Sticky Web
|-unboost|p1a: Zapdos|spe|1
|-ability|p1a: Zapdos|Defiant|boost
|-boost|p1a: Zapdos|atk|2
|-damage|p1a: Zapdos|88/100|[from] Spikes
|turn|16
|
|t:|1776056944
|move|p1a: Zapdos|U-turn|p2a: Hatterene
|-supereffective|p2a: Hatterene
|-damage|p2a: Hatterene|0 fnt
|faint|p2a: Hatterene
|
|t:|1776056949
|switch|p1a: Dondozo|Dondozo, M|100/100|[from] U-turn
|-activate|p1a: Dondozo|move: Sticky Web
|-unboost|p1a: Dondozo|spe|1
|-damage|p1a: Dondozo|88/100|[from] Spikes
|
|-heal|p1a: Dondozo|94/100|[from] item: Leftovers
|upkeep
|
|t:|1776056959
|switch|p2a: Sableye|Sableye, F|37/100
|-damage|p2a: Sableye|21/100|[from] Spikes
|-damage|p2a: Sableye|8/100|[from] Stealth Rock
|turn|17
|
|t:|1776056964
|move|p2a: Sableye|Reflect|p2a: Sableye
|-sidestart|p2: Lyrick|Reflect
|move|p1a: Dondozo|Curse|p1a: Dondozo
|-unboost|p1a: Dondozo|spe|1
|-boost|p1a: Dondozo|atk|1
|-boost|p1a: Dondozo|def|1
|
|-heal|p1a: Dondozo|99/100|[from] item: Leftovers
|upkeep
|turn|18
|
|t:|1776056971
|move|p2a: Sableye|Encore|p1a: Dondozo
|-start|p1a: Dondozo|Encore
|move|p1a: Dondozo|Curse|p1a: Dondozo
|-unboost|p1a: Dondozo|spe|1
|-boost|p1a: Dondozo|atk|1
|-boost|p1a: Dondozo|def|1
|
|-heal|p1a: Dondozo|100/100|[from] item: Leftovers
|upkeep
|turn|19
|
|t:|1776056978
|move|p2a: Sableye|Light Screen|p2a: Sableye
|-sidestart|p2: Lyrick|move: Light Screen
|move|p1a: Dondozo|Curse|p1a: Dondozo
|-unboost|p1a: Dondozo|spe|1
|-boost|p1a: Dondozo|atk|1
|-boost|p1a: Dondozo|def|1
|
|upkeep
|turn|20
|
|t:|1776056984
|move|p2a: Sableye|Skill Swap|p1a: Dondozo
|-activate|p2a: Sableye|Skill Swap|Unaware|Prankster|[of] p1a: Dondozo
|move|p1a: Dondozo|Curse|p1a: Dondozo
|-unboost|p1a: Dondozo|spe|1
|-boost|p1a: Dondozo|atk|1
|-boost|p1a: Dondozo|def|1
|
|-end|p1a: Dondozo|Encore
|upkeep
|turn|21
|
|t:|1776057002
|switch|p2a: Hoopa|Hoopa|100/100
|-damage|p2a: Hoopa|84/100|[from] Spikes
|-damage|p2a: Hoopa|72/100|[from] Stealth Rock
|move|p1a: Dondozo|Waterfall|p2a: Hoopa
|-damage|p2a: Hoopa|0 fnt
|replace|p2a: Zoroark|Zoroark-Hisui, F, shiny
|-end|p2a: Zoroark|Illusion
|faint|p2a: Zoroark
|
|-sideend|p2: Lyrick|Reflect
|upkeep
|-message|Lyrick forfeited.
|
|win|Gui4real
|raw|Gui4real's rating: 1095 &rarr; <strong>1118</strong><br />(+23 for winning)
|raw|Lyrick's rating: 1057 &rarr; <strong>1040</strong><br />(-17 for losing)
|l|☆Lyrick
|player|p2|
|l|☆Gui4real
|player|p1|
