|html|<div class="broadcast-blue"><strong>[Gen 9] OU is currently suspecting Tera Blast! For information on how to participate check out the <a href="https://www.smogon.com/tools/suspects/view/200">suspect thread</a>.</strong></div>
|j|☆skykiin
|j|☆Sharkerthantheteal
|t:|1776313830
|gametype|singles
|player|p1|skykiin|101|1140
|player|p2|Sharkerthantheteal|169|1181
|gen|9
|tier|[Gen 9] OU
|rated|
|rule|HP Percentage Mod: HP is shown in percentages
|rule|Endless Battle Clause: Forcing endless battles is banned
|rule|Species Clause: Limit one of each Pokémon
|rule|OHKO Clause: OHKO moves are banned
|rule|Evasion Items Clause: Evasion items are banned
|rule|Evasion Moves Clause: Evasion moves are banned
|rule|Evasion Abilities Clause: Evasion abilities are banned
|rule|Sleep Moves Clause: Sleep-inducing moves are banned
|clearpoke
|poke|p1|Heatran, F|
|poke|p1|Torkoal, F|
|poke|p1|Charizard, F|
|poke|p1|Venusaur, M|
|poke|p1|Scizor, M|
|poke|p1|Hydreigon, M|
|poke|p2|Hatterene, F|
|poke|p2|Diancie|
|poke|p2|Ursaluna, M|
|poke|p2|Iron Hands|
|poke|p2|Azumarill, F|
|poke|p2|Armarouge, F|
|teampreview
|j| GruesomeLovelies
|
|t:|1776313838
|teamsize|p1|6
|teamsize|p2|6
|start
|switch|p1a: Torkoal|Torkoal, F|100/100
|switch|p2a: Hatterene|Hatterene, F|100/100
|-weather|SunnyDay|[from] ability: Drought|[of] p1a: Torkoal
|turn|1
|
|t:|1776313845
|move|p1a: Torkoal|Stealth Rock|p2a: Hatterene
|move|p2a: Hatterene|Stealth Rock|p1a: Torkoal|[from] ability: Magic Bounce
|-sidestart|p1: skykiin|move: Stealth Rock
|move|p2a: Hatterene|Trick Room|p2a: Hatterene
|-fieldstart|move: Trick Room|[of] p2a: Hatterene
|
|-weather|SunnyDay|[upkeep]
|upkeep
|turn|2
|
|t:|1776313852
|move|p2a: Hatterene|Psychic Terrain|p2a: Hatterene
|-fieldstart|move: Psychic Terrain
|move|p1a: Torkoal|Rapid Spin|p2a: Hatterene
|-damage|p2a: Hatterene|88/100
|-boost|p1a: Torkoal|spe|1
|-sideend|p1: skykiin|Stealth Rock|[from] move: Rapid Spin|[of] p1a: Torkoal
|
|-weather|SunnyDay|[upkeep]
|upkeep
|turn|3
|
|t:|1776313863
|move|p2a: Hatterene|Expanding Force|p1a: Torkoal
|-damage|p1a: Torkoal|24/100
|move|p1a: Torkoal|Clear Smog|p2a: Hatterene
|-supereffective|p2a: Hatterene
|-damage|p2a: Hatterene|68/100
|-clearboost|p2a: Hatterene
|
|-weather|SunnyDay|[upkeep]
|upkeep
|turn|4
|
|t:|1776313875
|switch|p1a: Scizor|Scizor, M|100/100
|move|p2a: Hatterene|Expanding Force|p1a: Scizor
|-resisted|p1a: Scizor
|-damage|p1a: Scizor|28/100
|
|-weather|SunnyDay|[upkeep]
|upkeep
|turn|5
|
|t:|1776313899
|switch|p2a: Armarouge|Armarouge, F|100/100
|move|p1a: Scizor|Bug Bite|p2a: Armarouge
|-damage|p2a: Armarouge|46/100
|-damage|p1a: Scizor|18/100|[from] item: Life Orb
|
|-weather|SunnyDay|[upkeep]
|-fieldend|move: Trick Room
|upkeep
|turn|6
|
|t:|1776313911
|switch|p1a: Heatran|Heatran, F|100/100
|move|p2a: Armarouge|Trick Room|p2a: Armarouge
|-fieldstart|move: Trick Room|[of] p2a: Armarouge
|
|-weather|SunnyDay|[upkeep]
|-fieldend|move: Psychic Terrain
|upkeep
|turn|7
|
|t:|1776313923
|move|p2a: Armarouge|Expanding Force|p1a: Heatran
|-resisted|p1a: Heatran
|-damage|p1a: Heatran|80/100
|move|p1a: Heatran|Dark Pulse|p2a: Armarouge
|-supereffective|p2a: Armarouge
|-damage|p2a: Armarouge|0 fnt
|faint|p2a: Armarouge
|
|-weather|SunnyDay|[upkeep]
|upkeep
|
|t:|1776313931
|switch|p2a: Ursaluna|Ursaluna, M|100/100
|turn|8
|
|t:|1776313949
|move|p2a: Ursaluna|Swords Dance|p2a: Ursaluna
|-boost|p2a: Ursaluna|atk|2
|move|p1a: Heatran|Flamethrower|p2a: Ursaluna
|-damage|p2a: Ursaluna|27/100
|
|-weather|none
|-status|p2a: Ursaluna|brn|[from] item: Flame Orb
|upkeep
|turn|9
|
|t:|1776313961
|switch|p1a: Hydreigon|Hydreigon, M|100/100
|move|p2a: Ursaluna|Earthquake|p1a: Hydreigon
|-immune|p1a: Hydreigon|[from] ability: Levitate
|
|-damage|p2a: Ursaluna|21/100 brn|[from] brn
|upkeep
|turn|10
|
|t:|1776313971
|move|p2a: Ursaluna|Facade|p1a: Hydreigon
|-damage|p1a: Hydreigon|0 fnt
|faint|p1a: Hydreigon
|
|-damage|p2a: Ursaluna|15/100 brn|[from] brn
|-fieldend|move: Trick Room
|upkeep
|
|t:|1776313983
|switch|p1a: Torkoal|Torkoal, F|24/100
|-weather|SunnyDay|[from] ability: Drought|[of] p1a: Torkoal
|turn|11
|
|t:|1776314001
|switch|p2a: Hatterene|Hatterene, F|68/100
|move|p1a: Torkoal|Stealth Rock|p2a: Hatterene
|move|p2a: Hatterene|Stealth Rock|p1a: Torkoal|[from] ability: Magic Bounce
|-sidestart|p1: skykiin|move: Stealth Rock
|
|-weather|SunnyDay|[upkeep]
|upkeep
|turn|12
|
|t:|1776314012
|move|p1a: Torkoal|Rapid Spin|p2a: Hatterene
|-damage|p2a: Hatterene|56/100
|-boost|p1a: Torkoal|spe|1
|-sideend|p1: skykiin|Stealth Rock|[from] move: Rapid Spin|[of] p1a: Torkoal
|move|p2a: Hatterene|Trick Room|p2a: Hatterene
|-fieldstart|move: Trick Room|[of] p2a: Hatterene
|
|-weather|SunnyDay|[upkeep]
|upkeep
|turn|13
|
|t:|1776314024
|move|p2a: Hatterene|Psychic Terrain|p2a: Hatterene
|-fieldstart|move: Psychic Terrain
|move|p1a: Torkoal|Clear Smog|p2a: Hatterene
|-supereffective|p2a: Hatterene
|-damage|p2a: Hatterene|34/100
|-clearboost|p2a: Hatterene
|
|-weather|SunnyDay|[upkeep]
|upkeep
|turn|14
|
|t:|1776314032
|move|p2a: Hatterene|Expanding Force|p1a: Torkoal
|-damage|p1a: Torkoal|0 fnt
|faint|p1a: Torkoal
|
|-weather|SunnyDay|[upkeep]
|upkeep
|
|t:|1776314039
|switch|p1a: Scizor|Scizor, M|18/100
|turn|15
|
|t:|1776314042
|move|p1a: Scizor|Bullet Punch|p2a: Hatterene
|-activate|p2a: Hatterene|move: Psychic Terrain
|move|p2a: Hatterene|Healing Wish|p2a: Hatterene
|faint|p2a: Hatterene
|
|-weather|SunnyDay|[upkeep]
|upkeep
|
|t:|1776314048
|switch|p2a: Ursaluna|Ursaluna, M|15/100 brn
|-heal|p2a: Ursaluna|100/100|[from] move: Healing Wish
|turn|16
|
|t:|1776314065
|move|p2a: Ursaluna|Swords Dance|p2a: Ursaluna
|-boost|p2a: Ursaluna|atk|2
|move|p1a: Scizor|Bug Bite|p2a: Ursaluna
|-damage|p2a: Ursaluna|72/100
|-damage|p1a: Scizor|8/100|[from] item: Life Orb
|
|-weather|SunnyDay|[upkeep]
|-fieldend|move: Trick Room
|-status|p2a: Ursaluna|brn|[from] item: Flame Orb
|upkeep
|turn|17
|
|t:|1776314077
|move|p1a: Scizor|Bug Bite|p2a: Ursaluna
|-damage|p2a: Ursaluna|39/100 brn
|-damage|p1a: Scizor|0 fnt|[from] item: Life Orb
|faint|p1a: Scizor
|move|p2a: Ursaluna|Earthquake|p1: Scizor|[notarget]
|-fail|p2a: Ursaluna
|
|-weather|SunnyDay|[upkeep]
|-damage|p2a: Ursaluna|33/100 brn|[from] brn
|-fieldend|move: Psychic Terrain
|upkeep
|
|t:|1776314086
|switch|p1a: Venusaur|Venusaur, M|100/100
|turn|18
|
|t:|1776314090
|move|p1a: Venusaur|Solar Beam||[still]
|-prepare|p1a: Venusaur|Solar Beam
|-anim|p1a: Venusaur|Solar Beam|p2a: Ursaluna
|-supereffective|p2a: Ursaluna
|-damage|p2a: Ursaluna|0 fnt
|faint|p2a: Ursaluna
|
|-weather|none
|upkeep
|
|t:|1776314097
|switch|p2a: Diancie|Diancie|100/100
|turn|19
|
|t:|1776314100
|move|p1a: Venusaur|Solar Beam||[still]
|-prepare|p1a: Venusaur|Solar Beam
|move|p2a: Diancie|Trick Room|p2a: Diancie
|-fieldstart|move: Trick Room|[of] p2a: Diancie
|
|upkeep
|turn|20
|
|t:|1776314110
|move|p2a: Diancie|Amnesia|p2a: Diancie
|-boost|p2a: Diancie|spd|2
|move|p1a: Venusaur|Solar Beam|p2a: Diancie|[from] lockedmove
|-supereffective|p2a: Diancie
|-damage|p2a: Diancie|59/100
|
|upkeep
|turn|21
|
|t:|1776314131
|move|p2a: Diancie|Diamond Storm|p1a: Venusaur
|-damage|p1a: Venusaur|48/100
|-boost|p2a: Diancie|def|2
|move|p1a: Venusaur|Earth Power|p2a: Diancie
|-supereffective|p2a: Diancie
|-damage|p2a: Diancie|39/100
|
|-heal|p1a: Venusaur|54/100|[from] item: Leftovers
|upkeep
|turn|22
|
|t:|1776314143
|move|p2a: Diancie|Diamond Storm|p1a: Venusaur
|-damage|p1a: Venusaur|3/100
|-boost|p2a: Diancie|def|2
|move|p1a: Venusaur|Earth Power|p2a: Diancie
|-supereffective|p2a: Diancie
|-damage|p2a: Diancie|18/100
|
|-heal|p1a: Venusaur|9/100|[from] item: Leftovers
|upkeep
|turn|23
|
|t:|1776314157
|switch|p1a: Charizard|Charizard, F|100/100
|move|p2a: Diancie|Diamond Storm|p1a: Charizard
|-supereffective|p1a: Charizard
|-damage|p1a: Charizard|0 fnt
|-boost|p2a: Diancie|def|2
|faint|p1a: Charizard
|
|-fieldend|move: Trick Room
|upkeep
|
|t:|1776314165
|switch|p1a: Heatran|Heatran, F|80/100
|turn|24
|
|t:|1776314170
|move|p1a: Heatran|Flash Cannon|p2a: Diancie
|-supereffective|p2a: Diancie
|-damage|p2a: Diancie|0 fnt
|faint|p2a: Diancie
|
|upkeep
|
|t:|1776314176
|switch|p2a: Iron Hands|Iron Hands|100/100
|turn|25
|
|t:|1776314182
|move|p1a: Heatran|Earth Power|p2a: Iron Hands
|-supereffective|p2a: Iron Hands
|-damage|p2a: Iron Hands|64/100
|move|p2a: Iron Hands|Drain Punch|p1a: Heatran
|-supereffective|p1a: Heatran
|-damage|p1a: Heatran|6/100
|-heal|p2a: Iron Hands|88/100|[from] drain|[of] p1a: Heatran
|
|upkeep
|turn|26
|
|t:|1776314194
|-terastallize|p1a: Heatran|Fire
|move|p1a: Heatran|Earth Power|p2a: Iron Hands
|-supereffective|p2a: Iron Hands
|-damage|p2a: Iron Hands|48/100
|-unboost|p2a: Iron Hands|spd|1
|move|p2a: Iron Hands|Drain Punch|p1a: Heatran
|-damage|p1a: Heatran|0 fnt
|-heal|p2a: Iron Hands|50/100|[from] drain|[of] p1a: Heatran
|faint|p1a: Heatran
|
|upkeep
|
|t:|1776314204
|switch|p1a: Venusaur|Venusaur, M|9/100
|turn|27
|
|t:|1776314208
|-end|p2a: Iron Hands|Quark Drive|[silent]
|switch|p2a: Azumarill|Azumarill, F|100/100
|move|p1a: Venusaur|Earth Power|p2a: Azumarill
|-damage|p2a: Azumarill|75/100
|
|-heal|p1a: Venusaur|15/100|[from] item: Leftovers
|upkeep
|turn|28
|c|☆Sharkerthantheteal|gg
|
|t:|1776314218
|-terastallize|p2a: Azumarill|Water
|move|p2a: Azumarill|Aqua Jet|p1a: Venusaur
|-resisted|p1a: Venusaur
|-damage|p1a: Venusaur|0 fnt
|faint|p1a: Venusaur
|
|win|Sharkerthantheteal
|raw|skykiin's rating: 1140 &rarr; <strong>1118</strong><br />(-22 for losing)
|raw|Sharkerthantheteal's rating: 1181 &rarr; <strong>1203</strong><br />(+22 for winning)
|l|☆skykiin
|player|p1|
