|html|<div class="broadcast-blue"><strong>[Gen 9] OU is currently suspecting Volcarona! For information on how to participate check out the <a href="https://www.smogon.com/tools/suspects/view/208">suspect thread</a>.</strong></div>
|j|☆jayyavelli
|j|☆athos345
|t:|1778506331
|gametype|singles
|player|p1|jayyavelli|brock|1335
|player|p2|athos345|101|1319
|gen|9
|tier|[Gen 9] OU
|rated|
|rule|HP Percentage Mod: HP is shown in percentages
|rule|Endless Battle Clause: Forcing endless battles is banned
|rule|Species Clause: Limit one of each Pokémon
|rule|OHKO Clause: OHKO moves are banned
|rule|Evasion Items Clause: Evasion items are banned
|rule|Evasion Moves Clause: Evasion moves are banned
|rule|Evasion Abilities Clause: Evasion abilities are banned
|rule|Sleep Moves Clause: Sleep-inducing moves are banned
|clearpoke
|poke|p1|Zoroark-Hisui, F|
|poke|p1|Slowking-Galar, M|
|poke|p1|Volcanion|
|poke|p1|Dragonite, M|
|poke|p1|Iron Valiant|
|poke|p1|Great Tusk|
|poke|p2|Primarina, M|
|poke|p2|Iron Treads|
|poke|p2|Lokix, M|
|poke|p2|Kingdra, M|
|poke|p2|Pelipper, M|
|poke|p2|Toxicroak, M|
|teampreview
|inactive|Battle timer is ON: inactive players will automatically lose when time's up. (requested by jayyavelli)
|
|t:|1778506336
|teamsize|p1|6
|teamsize|p2|6
|start
|switch|p1a: Great Tusk|Great Tusk|100/100
|switch|p2a: Lokix|Lokix, M, shiny|100/100
|turn|1
|
|t:|1778506340
|move|p1a: Great Tusk|Flamethrower|p2a: Lokix
|-supereffective|p2a: Lokix
|-damage|p2a: Lokix|0 fnt
|faint|p2a: Lokix
|
|upkeep
|
|t:|1778506343
|switch|p2a: Pelipper|Pelipper, M, shiny|100/100
|-weather|RainDance|[from] ability: Drizzle|[of] p2a: Pelipper
|turn|2
|
|t:|1778506359
|switch|p1a: Slowking|Slowking-Galar, M, shiny|100/100
|move|p2a: Pelipper|Surf|p1a: Slowking
|-damage|p1a: Slowking|80/100
|
|-weather|RainDance|[upkeep]
|upkeep
|turn|3
|
|t:|1778506368
|move|p2a: Pelipper|U-turn|p1a: Slowking
|-damage|p1a: Slowking|72/100
|
|t:|1778506376
|switch|p2a: Iron Treads|Iron Treads, shiny|100/100|[from] U-turn
|move|p1a: Slowking|Future Sight|p2a: Iron Treads
|-start|p1a: Slowking|move: Future Sight
|
|-weather|RainDance|[upkeep]
|upkeep
|turn|4
|
|t:|1778506388
|switch|p1a: Great Tusk|Great Tusk|100/100
|move|p2a: Iron Treads|Stealth Rock|p1a: Great Tusk
|-sidestart|p1: jayyavelli|move: Stealth Rock
|
|-weather|RainDance|[upkeep]
|upkeep
|turn|5
|
|t:|1778506396
|-end|p2a: Iron Treads|Quark Drive|[silent]
|switch|p2a: Pelipper|Pelipper, M, shiny|100/100
|move|p1a: Great Tusk|Rapid Spin|p2a: Pelipper
|-damage|p2a: Pelipper|85/100
|-boost|p1a: Great Tusk|spe|1
|-sideend|p1: jayyavelli|Stealth Rock|[from] move: Rapid Spin|[of] p1a: Great Tusk
|
|-weather|RainDance|[upkeep]
|-end|p2a: Pelipper|move: Future Sight
|-damage|p2a: Pelipper|42/100
|upkeep
|turn|6
|
|t:|1778506409
|move|p1a: Great Tusk|Knock Off|p2a: Pelipper
|-damage|p2a: Pelipper|13/100
|-enditem|p2a: Pelipper|Damp Rock|[from] move: Knock Off|[of] p1a: Great Tusk
|move|p2a: Pelipper|Roost|p2a: Pelipper
|-heal|p2a: Pelipper|63/100
|-singleturn|p2a: Pelipper|move: Roost
|
|-weather|RainDance|[upkeep]
|upkeep
|turn|7
|
|t:|1778506417
|move|p1a: Great Tusk|Stealth Rock|p2a: Pelipper
|-sidestart|p2: athos345|move: Stealth Rock
|move|p2a: Pelipper|Roost|p2a: Pelipper
|-heal|p2a: Pelipper|100/100
|-singleturn|p2a: Pelipper|move: Roost
|
|-weather|RainDance|[upkeep]
|upkeep
|turn|8
|
|t:|1778506428
|-end|p1a: Great Tusk|Protosynthesis|[silent]
|switch|p1a: Slowking|Slowking-Galar, M, shiny|100/100
|move|p2a: Pelipper|Surf|p1a: Slowking
|-damage|p1a: Slowking|80/100
|
|-weather|RainDance|[upkeep]
|upkeep
|turn|9
|
|t:|1778506433
|move|p2a: Pelipper|U-turn|p1a: Slowking
|-damage|p1a: Slowking|72/100
|
|t:|1778506436
|switch|p2a: Iron Treads|Iron Treads, shiny|100/100|[from] U-turn
|move|p1a: Slowking|Future Sight|p2a: Iron Treads
|-start|p1a: Slowking|move: Future Sight
|
|-weather|none
|upkeep
|turn|10
|
|t:|1778506441
|move|p2a: Iron Treads|Earthquake|p1a: Slowking
|-supereffective|p1a: Slowking
|-damage|p1a: Slowking|0 fnt
|faint|p1a: Slowking
|
|upkeep
|
|t:|1778506450
|switch|p1a: Volcanion|Volcanion|100/100
|turn|11
|
|t:|1778506454
|-terastallize|p1a: Volcanion|Ground
|move|p2a: Iron Treads|Earthquake|p1a: Volcanion
|-damage|p1a: Volcanion|59/100
|move|p1a: Volcanion|Steam Eruption|p2a: Iron Treads
|-supereffective|p2a: Iron Treads
|-crit|p2a: Iron Treads
|-damage|p2a: Iron Treads|0 fnt
|faint|p2a: Iron Treads
|-end|p2a: Iron Treads|Quark Drive|[silent]
|
|-hint|Future Sight did not hit because the target is fainted.
|upkeep
|
|t:|1778506460
|switch|p2a: Primarina|Primarina, M, shiny|100/100
|-damage|p2a: Primarina|88/100|[from] Stealth Rock
|turn|12
|
|t:|1778506465
|move|p2a: Primarina|Psychic Noise|p1a: Volcanion
|-heal|p1a: Volcanion|84/100|[from] ability: Water Absorb|[of] p2a: Primarina
|move|p1a: Volcanion|Steam Eruption|p2a: Primarina
|-resisted|p2a: Primarina
|-damage|p2a: Primarina|44/100
|
|-heal|p2a: Primarina|50/100|[from] item: Leftovers
|upkeep
|turn|13
|
|t:|1778506474
|move|p2a: Primarina|Moonblast|p1a: Volcanion
|-damage|p1a: Volcanion|29/100
|move|p1a: Volcanion|Steam Eruption|p2a: Primarina
|-resisted|p2a: Primarina
|-damage|p2a: Primarina|0 fnt
|faint|p2a: Primarina
|
|upkeep
|
|t:|1778506476
|switch|p2a: Pelipper|Pelipper, M, shiny|100/100
|-damage|p2a: Pelipper|76/100|[from] Stealth Rock
|-weather|RainDance|[from] ability: Drizzle|[of] p2a: Pelipper
|turn|14
|
|t:|1778506487
|move|p1a: Volcanion|Steam Eruption|p2a: Pelipper
|-resisted|p2a: Pelipper
|-damage|p2a: Pelipper|12/100
|-status|p2a: Pelipper|brn
|move|p2a: Pelipper|Ice Beam|p1a: Volcanion
|-supereffective|p1a: Volcanion
|-damage|p1a: Volcanion|0 fnt
|faint|p1a: Volcanion
|
|-weather|RainDance|[upkeep]
|-damage|p2a: Pelipper|6/100 brn|[from] brn
|upkeep
|
|t:|1778506499
|switch|p1a: Great Tusk|Great Tusk|100/100
|turn|15
|
|t:|1778506511
|switch|p2a: Toxicroak|Toxicroak, M, shiny|100/100
|-damage|p2a: Toxicroak|94/100|[from] Stealth Rock
|move|p1a: Great Tusk|Hyper Voice|p2a: Toxicroak
|-damage|p2a: Toxicroak|29/100
|
|-weather|RainDance|[upkeep]
|-heal|p2a: Toxicroak|42/100|[from] ability: Dry Skin
|upkeep
|turn|16
|
|t:|1778506522
|move|p1a: Great Tusk|Hyper Voice|p2a: Toxicroak
|-damage|p2a: Toxicroak|0 fnt
|faint|p2a: Toxicroak
|
|-weather|RainDance|[upkeep]
|upkeep
|
|t:|1778506524
|switch|p2a: Kingdra|Kingdra, M, shiny|100/100
|-damage|p2a: Kingdra|88/100|[from] Stealth Rock
|turn|17
|
|t:|1778506529
|move|p2a: Kingdra|Weather Ball|p1a: Great Tusk
|-damage|p1a: Great Tusk|0 fnt
|replace|p1a: Zoroark|Zoroark-Hisui, F, shiny
|-end|p1a: Zoroark|Illusion
|faint|p1a: Zoroark
|
|-weather|RainDance|[upkeep]
|upkeep
|
|t:|1778506536
|switch|p1a: Dragonite|Dragonite, M|100/100
|turn|18
|
|t:|1778506539
|move|p1a: Dragonite|Extreme Speed|p2a: Kingdra
|-damage|p2a: Kingdra|28/100
|move|p2a: Kingdra|Weather Ball|p1a: Dragonite
|-resisted|p1a: Dragonite
|-damage|p1a: Dragonite|76/100
|
|-weather|none
|upkeep
|turn|19
|-message|athos345 forfeited.
|
|win|jayyavelli
|raw|jayyavelli's rating: 1335 &rarr; <strong>1354</strong><br />(+19 for winning)
|raw|athos345's rating: 1319 &rarr; <strong>1300</strong><br />(-19 for losing)
|l|☆athos345
|player|p2|
|l|☆jayyavelli
|player|p1|
