|html|<div class="broadcast-blue"><strong>[Gen 9] OU is currently suspecting Tera Blast! For information on how to participate check out the <a href="https://www.smogon.com/tools/suspects/view/200">suspect thread</a>.</strong></div>
|j|☆Carlomorti
|j|☆Cid_Kage16
|t:|1776058792
|gametype|singles
|player|p1|Carlomorti|morty|1196
|player|p2|Cid_Kage16|102|1297
|gen|9
|tier|[Gen 9] OU
|rated|
|rule|HP Percentage Mod: HP is shown in percentages
|rule|Endless Battle Clause: Forcing endless battles is banned
|rule|Species Clause: Limit one of each Pokémon
|rule|OHKO Clause: OHKO moves are banned
|rule|Evasion Items Clause: Evasion items are banned
|rule|Evasion Moves Clause: Evasion moves are banned
|rule|Evasion Abilities Clause: Evasion abilities are banned
|rule|Sleep Moves Clause: Sleep-inducing moves are banned
|clearpoke
|poke|p1|Rhydon, M|
|poke|p1|Clawitzer, M|
|poke|p1|Bronzong|
|poke|p1|Dedenne, F|
|poke|p1|Chesnaught, M|
|poke|p1|Avalugg-Hisui, F|
|poke|p2|Dragapult, F|
|poke|p2|Primarina, M|
|poke|p2|Darkrai|
|poke|p2|Iron Treads|
|poke|p2|Ceruledge, F|
|poke|p2|Landorus-Therian, M|
|teampreview
|
|t:|1776058801
|teamsize|p1|6
|teamsize|p2|6
|start
|switch|p1a: Avalugg|Avalugg-Hisui, F, shiny|100/100
|switch|p2a: Landorus|Landorus-Therian, M, shiny|100/100
|-ability|p2a: Landorus|Intimidate|boost
|-unboost|p1a: Avalugg|atk|1
|turn|1
|
|t:|1776058810
|move|p2a: Landorus|Earthquake|p1a: Avalugg
|-supereffective|p1a: Avalugg
|-damage|p1a: Avalugg|53/100
|move|p1a: Avalugg|Icicle Spear|p2a: Landorus
|-supereffective|p2a: Landorus
|-damage|p2a: Landorus|74/100
|-supereffective|p2a: Landorus
|-damage|p2a: Landorus|46/100
|-supereffective|p2a: Landorus
|-damage|p2a: Landorus|18/100
|-supereffective|p2a: Landorus
|-damage|p2a: Landorus|0 fnt
|faint|p2a: Landorus
|-hitcount|p2: Landorus|4
|
|upkeep
|
|t:|1776058826
|switch|p2a: Iron Treads|Iron Treads|100/100
|-enditem|p2a: Iron Treads|Booster Energy
|-activate|p2a: Iron Treads|ability: Quark Drive|[fromitem]
|-start|p2a: Iron Treads|quarkdriveatk
|turn|2
|
|t:|1776058833
|move|p2a: Iron Treads|Earthquake|p1a: Avalugg
|-supereffective|p1a: Avalugg
|-damage|p1a: Avalugg|0 fnt
|faint|p1a: Avalugg
|
|upkeep
|
|t:|1776058836
|switch|p1a: Clawitzer|Clawitzer, M, shiny|100/100
|turn|3
|
|t:|1776058842
|move|p2a: Iron Treads|Knock Off|p1a: Clawitzer
|-damage|p1a: Clawitzer|56/100
|-enditem|p1a: Clawitzer|Assault Vest|[from] move: Knock Off|[of] p2a: Iron Treads
|move|p1a: Clawitzer|Water Pulse|p2a: Iron Treads
|-supereffective|p2a: Iron Treads
|-damage|p2a: Iron Treads|0 fnt
|faint|p2a: Iron Treads
|-end|p2a: Iron Treads|Quark Drive|[silent]
|
|upkeep
|
|t:|1776058852
|switch|p2a: Dragapult|Dragapult, F, shiny|100/100
|turn|4
|
|t:|1776058856
|move|p2a: Dragapult|Draco Meteor|p1a: Clawitzer
|-damage|p1a: Clawitzer|0 fnt
|-unboost|p2a: Dragapult|spa|2
|faint|p1a: Clawitzer
|
|upkeep
|
|t:|1776058871
|switch|p1a: Bronzong|Bronzong, shiny|100/100
|turn|5
|
|t:|1776058875
|move|p2a: Dragapult|Thunder Wave|p1a: Bronzong
|-status|p1a: Bronzong|par
|move|p1a: Bronzong|Stealth Rock|p2a: Dragapult
|-sidestart|p2: Cid_Kage16|move: Stealth Rock
|
|upkeep
|turn|6
|
|t:|1776058881
|switch|p2a: Darkrai|Darkrai|100/100
|cant|p1a: Bronzong|par
|
|upkeep
|turn|7
|
|t:|1776058893
|-terastallize|p1a: Bronzong|Fighting
|move|p2a: Darkrai|Dark Pulse|p1a: Bronzong
|-resisted|p1a: Bronzong
|-damage|p1a: Bronzong|82/100 par
|move|p1a: Bronzong|Body Press|p2a: Darkrai
|-supereffective|p2a: Darkrai
|-damage|p2a: Darkrai|0 fnt
|faint|p2a: Darkrai
|
|-heal|p1a: Bronzong|89/100 par|[from] item: Leftovers
|upkeep
|
|t:|1776058911
|switch|p2a: Dragapult|Dragapult, F, shiny|100/100
|turn|8
|
|t:|1776058918
|move|p2a: Dragapult|Hex|p1a: Bronzong
|-damage|p1a: Bronzong|41/100 par
|move|p1a: Bronzong|Psychic Noise|p2a: Dragapult
|-damage|p2a: Dragapult|69/100
|-start|p2a: Dragapult|move: Heal Block
|
|-heal|p1a: Bronzong|47/100 par|[from] item: Leftovers
|upkeep
|turn|9
|
|t:|1776058927
|move|p2a: Dragapult|Hex|p1a: Bronzong
|-damage|p1a: Bronzong|0 fnt
|faint|p1a: Bronzong
|
|-end|p2a: Dragapult|move: Heal Block
|upkeep
|
|t:|1776058938
|switch|p1a: Brownie|Dedenne, F, shiny|100/100
|turn|10
|
|t:|1776058953
|-terastallize|p2a: Dragapult|Fairy
|move|p2a: Dragapult|Flamethrower|p1a: Brownie
|-damage|p1a: Brownie|54/100
|move|p1a: Brownie|Nuzzle|p2a: Dragapult
|-damage|p2a: Dragapult|64/100
|-status|p2a: Dragapult|par
|
|upkeep
|turn|11
|
|t:|1776058963
|move|p1a: Brownie|Thunderbolt|p2a: Dragapult
|-damage|p2a: Dragapult|17/100 par
|cant|p2a: Dragapult|par
|
|upkeep
|turn|12
|
|t:|1776058969
|move|p1a: Brownie|Thunderbolt|p2a: Dragapult
|-damage|p2a: Dragapult|0 fnt
|faint|p2a: Dragapult
|
|upkeep
|
|t:|1776058986
|switch|p2a: Primarina|Primarina, M, shiny|100/100
|-damage|p2a: Primarina|88/100|[from] Stealth Rock
|turn|13
|
|t:|1776058992
|move|p1a: Brownie|Nuzzle|p2a: Primarina
|-supereffective|p2a: Primarina
|-damage|p2a: Primarina|77/100
|-status|p2a: Primarina|par
|move|p2a: Primarina|Hyper Voice|p1a: Brownie
|-crit|p1a: Brownie
|-damage|p1a: Brownie|0 fnt
|faint|p1a: Brownie
|
|-heal|p2a: Primarina|83/100 par|[from] item: Leftovers
|upkeep
|
|t:|1776059003
|switch|p1a: Chesnaught|Chesnaught, M, shiny|100/100
|turn|14
|
|t:|1776059007
|move|p1a: Chesnaught|Trailblaze|p2a: Primarina
|-supereffective|p2a: Primarina
|-damage|p2a: Primarina|15/100 par
|-boost|p1a: Chesnaught|spe|1
|move|p2a: Primarina|Moonblast|p1a: Chesnaught
|-supereffective|p1a: Chesnaught
|-damage|p1a: Chesnaught|0 fnt
|faint|p1a: Chesnaught
|
|-heal|p2a: Primarina|21/100 par|[from] item: Leftovers
|upkeep
|
|t:|1776059014
|switch|p1a: Rhydon|Rhydon, M|100/100
|turn|15
|
|t:|1776059021
|move|p1a: Rhydon|Earthquake|p2a: Primarina
|-damage|p2a: Primarina|0 fnt
|faint|p2a: Primarina
|
|upkeep
|
|t:|1776059029
|switch|p2a: Ceruledge|Ceruledge, F, shiny|100/100
|-damage|p2a: Ceruledge|76/100|[from] Stealth Rock
|turn|16
|
|t:|1776059034
|move|p2a: Ceruledge|Close Combat|p1a: Rhydon
|-supereffective|p1a: Rhydon
|-damage|p1a: Rhydon|58/100
|-unboost|p2a: Ceruledge|def|1
|-unboost|p2a: Ceruledge|spd|1
|move|p1a: Rhydon|Earthquake|p2a: Ceruledge
|-supereffective|p2a: Ceruledge
|-damage|p2a: Ceruledge|0 fnt
|faint|p2a: Ceruledge
|
|win|Carlomorti
|raw|Carlomorti's rating: 1196 &rarr; <strong>1228</strong><br />(+32 for winning)
|raw|Cid_Kage16's rating: 1297 &rarr; <strong>1265</strong><br />(-32 for losing)
|l|☆Carlomorti
|player|p1|
|l|☆Cid_Kage16
|player|p2|
