|html|<div class="broadcast-blue"><strong>[Gen 9] OU is currently suspecting Volcarona! For information on how to participate check out the <a href="https://www.smogon.com/tools/suspects/view/208">suspect thread</a>.</strong></div>
|j|☆Abupizzanan
|j|☆MARINE LE...
|t:|1778498574
|gametype|singles
|player|p1|Abupizzanan|101|1113
|player|p2|MARINE LE...|palmer|1117
|gen|9
|tier|[Gen 9] OU
|rated|
|rule|HP Percentage Mod: HP is shown in percentages
|rule|Endless Battle Clause: Forcing endless battles is banned
|rule|Species Clause: Limit one of each Pokémon
|rule|OHKO Clause: OHKO moves are banned
|rule|Evasion Items Clause: Evasion items are banned
|rule|Evasion Moves Clause: Evasion moves are banned
|rule|Evasion Abilities Clause: Evasion abilities are banned
|rule|Sleep Moves Clause: Sleep-inducing moves are banned
|clearpoke
|poke|p1|Maushold-Four|
|poke|p1|Ceruledge, M|
|poke|p1|Walking Wake|
|poke|p1|Klawf, M|
|poke|p1|Zapdos|
|poke|p1|Glimmora, F|
|poke|p2|Greninja-*, M|
|poke|p2|Gardevoir, F|
|poke|p2|Excadrill, F|
|poke|p2|Weavile, F|
|poke|p2|Moltres|
|poke|p2|Haxorus, F|
|teampreview
|inactive|Battle timer is ON: inactive players will automatically lose when time's up. (requested by Abupizzanan)
|
|t:|1778498593
|teamsize|p1|6
|teamsize|p2|6
|start
|switch|p1a: Zapdos|Zapdos|100/100
|switch|p2a: Excadrill|Excadrill, F|100/100
|-ability|p1a: Zapdos|Pressure
|-ability|p2a: Excadrill|Mold Breaker
|turn|1
|
|t:|1778498604
|move|p1a: Zapdos|Ancient Power|p2a: Excadrill
|-resisted|p2a: Excadrill
|-damage|p2a: Excadrill|94/100
|move|p2a: Excadrill|Stealth Rock|p1a: Zapdos
|-sidestart|p1: Abupizzanan|move: Stealth Rock
|
|upkeep
|turn|2
|
|t:|1778498625
|switch|p2a: Greninja|Greninja, M|100/100
|move|p1a: Zapdos|Ancient Power|p2a: Greninja
|-damage|p2a: Greninja|68/100
|
|upkeep
|turn|3
|
|t:|1778498638
|switch|p1a: Glimmora|Glimmora, F|100/100
|-damage|p1a: Glimmora|88/100|[from] Stealth Rock
|move|p2a: Greninja|Ice Beam|p1a: Glimmora
|-damage|p1a: Glimmora|45/100
|-damage|p2a: Greninja|58/100|[from] item: Life Orb
|
|upkeep
|turn|4
|
|t:|1778498649
|move|p2a: Greninja|Water Shuriken|p1a: Glimmora
|-supereffective|p1a: Glimmora
|-damage|p1a: Glimmora|21/100
|-supereffective|p1a: Glimmora
|-damage|p1a: Glimmora|0 fnt
|faint|p1a: Glimmora
|-ability|p2a: Greninja|Battle Bond|boost
|-boost|p2a: Greninja|atk|1
|-boost|p2a: Greninja|spa|1
|-boost|p2a: Greninja|spe|1
|-activate|p2a: Greninja|ability: Battle Bond
|-hitcount|p1: Glimmora|2
|-damage|p2a: Greninja|48/100|[from] item: Life Orb
|
|upkeep
|
|t:|1778498660
|switch|p1a: Zapdos|Zapdos|100/100
|-ability|p1a: Zapdos|Pressure
|turn|5
|
|t:|1778498674
|move|p2a: Greninja|Ice Beam|p1a: Zapdos
|-supereffective|p1a: Zapdos
|-damage|p1a: Zapdos|0 fnt
|faint|p1a: Zapdos
|-damage|p2a: Greninja|38/100|[from] item: Life Orb
|
|upkeep
|
|t:|1778498678
|switch|p1a: Walking Wake|Walking Wake|100/100
|-damage|p1a: Walking Wake|88/100|[from] Stealth Rock
|turn|6
|
|t:|1778498692
|move|p2a: Greninja|Dark Pulse|p1a: Walking Wake
|-damage|p1a: Walking Wake|6/100
|-damage|p2a: Greninja|28/100|[from] item: Life Orb
|move|p1a: Walking Wake|Sunny Day|p1a: Walking Wake
|-weather|SunnyDay
|-activate|p1a: Walking Wake|ability: Protosynthesis
|-start|p1a: Walking Wake|protosynthesisspa
|
|-weather|SunnyDay|[upkeep]
|upkeep
|turn|7
|
|t:|1778498706
|move|p2a: Greninja|Dark Pulse|p1a: Walking Wake
|-damage|p1a: Walking Wake|0 fnt
|faint|p1a: Walking Wake
|-end|p1a: Walking Wake|Protosynthesis|[silent]
|-damage|p2a: Greninja|18/100|[from] item: Life Orb
|
|-weather|SunnyDay|[upkeep]
|upkeep
|
|t:|1778498719
|switch|p1a: Maushold|Maushold-Four|100/100
|-damage|p1a: Maushold|88/100|[from] Stealth Rock
|turn|8
|
|t:|1778498727
|move|p2a: Greninja|Dark Pulse|p1a: Maushold
|-damage|p1a: Maushold|0 fnt
|faint|p1a: Maushold
|-damage|p2a: Greninja|9/100|[from] item: Life Orb
|
|-weather|SunnyDay|[upkeep]
|upkeep
|
|t:|1778498731
|switch|p1a: Klawf|Klawf, M|100/100
|-damage|p1a: Klawf|88/100|[from] Stealth Rock
|turn|9
|
|t:|1778498745
|move|p2a: Greninja|Hydro Pump|p1a: Klawf
|-supereffective|p1a: Klawf
|-damage|p1a: Klawf|0 fnt
|faint|p1a: Klawf
|-damage|p2a: Greninja|0 fnt|[from] item: Life Orb
|faint|p2a: Greninja
|
|-weather|SunnyDay|[upkeep]
|upkeep
|
|t:|1778498759
|switch|p2a: Excadrill|Excadrill, F|94/100
|switch|p1a: Ceruledge|Ceruledge, M|100/100
|-ability|p2a: Excadrill|Mold Breaker
|-damage|p1a: Ceruledge|76/100|[from] Stealth Rock
|turn|10
|
|t:|1778498767
|switch|p2a: Moltres|Moltres|100/100
|move|p1a: Ceruledge|Bitter Blade|p2a: Moltres
|-resisted|p2a: Moltres
|-damage|p2a: Moltres|75/100
|-heal|p1a: Ceruledge|93/100|[from] drain|[of] p2a: Moltres
|
|-weather|SunnyDay|[upkeep]
|upkeep
|turn|11
|
|t:|1778498784
|move|p1a: Ceruledge|Bitter Blade|p2a: Moltres
|-resisted|p2a: Moltres
|-damage|p2a: Moltres|51/100
|-heal|p1a: Ceruledge|100/100|[from] drain|[of] p2a: Moltres
|move|p2a: Moltres|U-turn|p1a: Ceruledge
|-resisted|p1a: Ceruledge
|-damage|p1a: Ceruledge|95/100
|-ability|p1a: Ceruledge|Weak Armor|boost
|-unboost|p1a: Ceruledge|def|1
|-boost|p1a: Ceruledge|spe|2
|
|t:|1778498788
|switch|p2a: Haxorus|Haxorus, F|100/100|[from] U-turn
|-ability|p2a: Haxorus|Mold Breaker
|
|-weather|SunnyDay|[upkeep]
|upkeep
|turn|12
|
|t:|1778498796
|-terastallize|p2a: Haxorus|Water
|move|p1a: Ceruledge|Bitter Blade|p2a: Haxorus
|-resisted|p2a: Haxorus
|-damage|p2a: Haxorus|51/100
|-heal|p1a: Ceruledge|100/100|[from] drain|[of] p2a: Haxorus
|move|p2a: Haxorus|Earthquake|p1a: Ceruledge
|-supereffective|p1a: Ceruledge
|-crit|p1a: Ceruledge
|-enditem|p1a: Ceruledge|Focus Sash
|-damage|p1a: Ceruledge|1/100
|-ability|p1a: Ceruledge|Weak Armor|boost
|-unboost|p1a: Ceruledge|def|1
|-boost|p1a: Ceruledge|spe|2
|
|-weather|SunnyDay|[upkeep]
|-heal|p2a: Haxorus|57/100|[from] item: Leftovers
|upkeep
|turn|13
|
|t:|1778498815
|move|p1a: Ceruledge|Dragon Claw|p2a: Haxorus
|-damage|p2a: Haxorus|18/100
|move|p2a: Haxorus|Earthquake|p1a: Ceruledge
|-supereffective|p1a: Ceruledge
|-damage|p1a: Ceruledge|0 fnt
|faint|p1a: Ceruledge
|
|win|MARINE LE...
|raw|Abupizzanan's rating: 1113 &rarr; <strong>1088</strong><br />(-25 for losing)
|raw|MARINE LE...'s rating: 1117 &rarr; <strong>1142</strong><br />(+25 for winning)
|l|☆Abupizzanan
|player|p1|
|l|☆MARINE LE...
|player|p2|
