|html|<div class="broadcast-blue"><strong>[Gen 9] OU is currently suspecting Volcarona! For information on how to participate check out the <a href="https://www.smogon.com/tools/suspects/view/208">suspect thread</a>.</strong></div>
|j|☆IvanZM
|j|☆lemoned2679
|t:|1778517631
|gametype|singles
|player|p1|IvanZM|cynthia|1173
|player|p2|lemoned2679|fisherman-gen4|1218
|gen|9
|tier|[Gen 9] OU
|rated|
|rule|HP Percentage Mod: HP is shown in percentages
|rule|Endless Battle Clause: Forcing endless battles is banned
|rule|Species Clause: Limit one of each Pokémon
|rule|OHKO Clause: OHKO moves are banned
|rule|Evasion Items Clause: Evasion items are banned
|rule|Evasion Moves Clause: Evasion moves are banned
|rule|Evasion Abilities Clause: Evasion abilities are banned
|rule|Sleep Moves Clause: Sleep-inducing moves are banned
|clearpoke
|poke|p1|Ceruledge, M|
|poke|p1|Garganacl, F|
|poke|p1|Vaporeon, M|
|poke|p1|Ogerpon-Wellspring, F|
|poke|p1|Enamorus, F|
|poke|p1|Luxray, F|
|poke|p2|Dragonite, F|
|poke|p2|Lilligant, F|
|poke|p2|Toxapex, M|
|poke|p2|Cloyster, F|
|poke|p2|Porygon2|
|poke|p2|Torkoal, M|
|teampreview
|inactive|Battle timer is ON: inactive players will automatically lose when time's up. (requested by IvanZM)
|
|t:|1778517643
|teamsize|p1|6
|teamsize|p2|6
|start
|switch|p1a: Luxray|Luxray, F|100/100
|switch|p2a: Torkoal|Torkoal, M|100/100
|-weather|SunnyDay|[from] ability: Drought|[of] p2a: Torkoal
|turn|1
|
|t:|1778517646
|move|p1a: Luxray|Trailblaze|p2a: Torkoal
|-resisted|p2a: Torkoal
|-damage|p2a: Torkoal|94/100
|-boost|p1a: Luxray|spe|1
|-damage|p1a: Luxray|84/100|[from] item: Rocky Helmet|[of] p2a: Torkoal
|move|p2a: Torkoal|Scorching Sands|p1a: Luxray
|-supereffective|p1a: Luxray
|-damage|p1a: Luxray|45/100
|
|-weather|SunnyDay|[upkeep]
|-status|p1a: Luxray|brn|[from] item: Flame Orb
|upkeep
|turn|2
|
|t:|1778517660
|move|p1a: Luxray|Facade|p2a: Torkoal
|-crit|p2a: Torkoal
|-damage|p2a: Torkoal|13/100
|-damage|p1a: Luxray|28/100 brn|[from] item: Rocky Helmet|[of] p2a: Torkoal
|move|p2a: Torkoal|Stealth Rock|p1a: Luxray
|-sidestart|p1: IvanZM|move: Stealth Rock
|
|-weather|SunnyDay|[upkeep]
|-damage|p1a: Luxray|22/100 brn|[from] brn
|upkeep
|turn|3
|
|t:|1778517670
|switch|p2a: Toxapex|Toxapex, M|100/100
|move|p1a: Luxray|Trailblaze|p2a: Toxapex
|-damage|p2a: Toxapex|81/100
|-boost|p1a: Luxray|spe|1
|
|-weather|SunnyDay|[upkeep]
|-heal|p2a: Toxapex|87/100|[from] item: Black Sludge
|-damage|p1a: Luxray|16/100 brn|[from] brn
|upkeep
|turn|4
|
|t:|1778517681
|move|p1a: Luxray|Supercell Slam|p2a: Toxapex
|-supereffective|p2a: Toxapex
|-damage|p2a: Toxapex|0 fnt
|faint|p2a: Toxapex
|
|-weather|SunnyDay|[upkeep]
|-damage|p1a: Luxray|10/100 brn|[from] brn
|upkeep
|
|t:|1778517685
|switch|p2a: Dragonite|Dragonite, F|100/100
|turn|5
|
|t:|1778517689
|move|p2a: Dragonite|Extreme Speed|p1a: Luxray
|-damage|p1a: Luxray|0 fnt
|faint|p1a: Luxray
|
|-weather|none
|upkeep
|
|t:|1778517694
|switch|p1a: he can with humans|Vaporeon, M, shiny|100/100
|-damage|p1a: he can with humans|88/100|[from] Stealth Rock
|turn|6
|
|t:|1778517705
|switch|p2a: Torkoal|Torkoal, M|13/100
|-weather|SunnyDay|[from] ability: Drought|[of] p2a: Torkoal
|move|p1a: he can with humans|Acid Armor|p1a: he can with humans
|-boost|p1a: he can with humans|def|2
|
|-weather|SunnyDay|[upkeep]
|-heal|p1a: he can with humans|94/100|[from] item: Leftovers
|upkeep
|turn|7
|
|t:|1778517714
|move|p1a: he can with humans|Calm Mind|p1a: he can with humans
|-boost|p1a: he can with humans|spa|1
|-boost|p1a: he can with humans|spd|1
|move|p2a: Torkoal|Scorching Sands|p1a: he can with humans
|-damage|p1a: he can with humans|86/100
|-status|p1a: he can with humans|brn
|
|-weather|SunnyDay|[upkeep]
|-heal|p1a: he can with humans|92/100 brn|[from] item: Leftovers
|-damage|p1a: he can with humans|86/100 brn|[from] brn
|upkeep
|turn|8
|
|t:|1778517722
|move|p1a: he can with humans|Calm Mind|p1a: he can with humans
|-boost|p1a: he can with humans|spa|1
|-boost|p1a: he can with humans|spd|1
|move|p2a: Torkoal|Scorching Sands|p1a: he can with humans
|-damage|p1a: he can with humans|80/100 brn
|
|-weather|SunnyDay|[upkeep]
|-heal|p1a: he can with humans|86/100 brn|[from] item: Leftovers
|-damage|p1a: he can with humans|80/100 brn|[from] brn
|upkeep
|turn|9
|inactive|IvanZM has 120 seconds left.
|
|t:|1778517758
|switch|p2a: Porygon2|Porygon2|100/100
|-ability|p2a: Porygon2|Water Absorb|Trace|[from] ability: Trace|[of] p1a: he can with humans
|move|p1a: he can with humans|Acid Armor|p1a: he can with humans
|-boost|p1a: he can with humans|def|2
|
|-weather|SunnyDay|[upkeep]
|-heal|p1a: he can with humans|86/100 brn|[from] item: Leftovers
|-damage|p1a: he can with humans|80/100 brn|[from] brn
|upkeep
|turn|10
|
|t:|1778517767
|-terastallize|p1a: he can with humans|Fire
|-terastallize|p2a: Porygon2|Ghost
|move|p1a: he can with humans|Calm Mind|p1a: he can with humans
|-boost|p1a: he can with humans|spa|1
|-boost|p1a: he can with humans|spd|1
|move|p2a: Porygon2|Discharge|p1a: he can with humans
|-damage|p1a: he can with humans|72/100 brn
|
|-weather|none
|-heal|p1a: he can with humans|78/100 brn|[from] item: Leftovers
|-damage|p1a: he can with humans|72/100 brn|[from] brn
|upkeep
|turn|11
|
|t:|1778517778
|move|p1a: he can with humans|Calm Mind|p1a: he can with humans
|-boost|p1a: he can with humans|spa|1
|-boost|p1a: he can with humans|spd|1
|move|p2a: Porygon2|Shadow Ball|p1a: he can with humans
|-damage|p1a: he can with humans|62/100 brn
|
|-heal|p1a: he can with humans|68/100 brn|[from] item: Leftovers
|-damage|p1a: he can with humans|62/100 brn|[from] brn
|upkeep
|turn|12
|c|☆IvanZM|i think is a gg
|
|t:|1778517792
|move|p1a: he can with humans|Calm Mind|p1a: he can with humans
|-boost|p1a: he can with humans|spa|1
|-boost|p1a: he can with humans|spd|1
|move|p2a: Porygon2|Tri Attack|p1a: he can with humans
|-damage|p1a: he can with humans|54/100 brn
|
|-heal|p1a: he can with humans|60/100 brn|[from] item: Leftovers
|-damage|p1a: he can with humans|54/100 brn|[from] brn
|upkeep
|turn|13
|
|t:|1778517801
|move|p1a: he can with humans|Calm Mind|p1a: he can with humans
|-boost|p1a: he can with humans|spa|1
|-boost|p1a: he can with humans|spd|1
|move|p2a: Porygon2|Tri Attack|p1a: he can with humans
|-damage|p1a: he can with humans|46/100 brn
|
|-heal|p1a: he can with humans|52/100 brn|[from] item: Leftovers
|-damage|p1a: he can with humans|46/100 brn|[from] brn
|upkeep
|turn|14
|
|t:|1778517811
|move|p1a: he can with humans|Rest|p1a: he can with humans
|-status|p1a: he can with humans|slp|[from] move: Rest
|-heal|p1a: he can with humans|100/100 slp|[silent]
|move|p2a: Porygon2|Tri Attack|p1a: he can with humans
|-damage|p1a: he can with humans|93/100 slp
|
|-heal|p1a: he can with humans|99/100 slp|[from] item: Leftovers
|upkeep
|turn|15
|
|t:|1778517817
|switch|p2a: Lilligant|Lilligant, F|100/100
|cant|p1a: he can with humans|slp
|
|-heal|p1a: he can with humans|100/100 slp|[from] item: Leftovers
|upkeep
|turn|16
|
|t:|1778517820
|move|p2a: Lilligant|Leech Seed|p1a: he can with humans
|-start|p1a: he can with humans|move: Leech Seed
|cant|p1a: he can with humans|slp
|
|-damage|p1a: he can with humans|88/100 slp|[from] Leech Seed|[of] p2a: Lilligant
|upkeep
|turn|17
|
|t:|1778517828
|switch|p2a: Porygon2|Porygon2, tera:Ghost|100/100
|-ability|p2a: Porygon2|Water Absorb|Trace|[from] ability: Trace|[of] p1a: he can with humans
|-curestatus|p1a: he can with humans|slp|[msg]
|move|p1a: he can with humans|Stored Power|p2a: Porygon2
|-damage|p2a: Porygon2|0 fnt
|faint|p2a: Porygon2
|
|-heal|p1a: he can with humans|94/100|[from] item: Leftovers
|upkeep
|
|t:|1778517838
|switch|p2a: Torkoal|Torkoal, M|13/100
|-weather|SunnyDay|[from] ability: Drought|[of] p2a: Torkoal
|turn|18
|
|t:|1778517842
|move|p1a: he can with humans|Stored Power|p2a: Torkoal
|-damage|p2a: Torkoal|0 fnt
|faint|p2a: Torkoal
|
|-weather|SunnyDay|[upkeep]
|-heal|p1a: he can with humans|100/100|[from] item: Leftovers
|upkeep
|-message|lemoned2679 forfeited.
|
|win|IvanZM
|raw|IvanZM's rating: 1173 &rarr; <strong>1201</strong><br />(+28 for winning)
|raw|lemoned2679's rating: 1218 &rarr; <strong>1190</strong><br />(-28 for losing)
|l|☆lemoned2679
|player|p2|
|l|☆IvanZM
|player|p1|
