|html|<div class="broadcast-blue"><strong>[Gen 9] OU is currently suspecting Tera Blast! For information on how to participate check out the <a href="https://www.smogon.com/tools/suspects/view/200">suspect thread</a>.</strong></div>
|j|☆Zuifeng
|j|☆OP Earthquakes
|t:|1776209963
|gametype|singles
|player|p1|Zuifeng|li|1666
|player|p2|OP Earthquakes|giovanni-masters|1714
|gen|9
|tier|[Gen 9] OU
|rated|
|rule|HP Percentage Mod: HP is shown in percentages
|rule|Endless Battle Clause: Forcing endless battles is banned
|rule|Species Clause: Limit one of each Pokémon
|rule|OHKO Clause: OHKO moves are banned
|rule|Evasion Items Clause: Evasion items are banned
|rule|Evasion Moves Clause: Evasion moves are banned
|rule|Evasion Abilities Clause: Evasion abilities are banned
|rule|Sleep Moves Clause: Sleep-inducing moves are banned
|clearpoke
|poke|p1|Latios, M|
|poke|p1|Pecharunt|
|poke|p1|Ting-Lu|
|poke|p1|Dragonite, M|
|poke|p1|Darkrai|
|poke|p1|Ogerpon, F|
|poke|p2|Excadrill, F|
|poke|p2|Tyranitar, M|
|poke|p2|Kyurem|
|poke|p2|Hawlucha, M|
|poke|p2|Pawmot, M|
|poke|p2|Grimmsnarl, M|
|teampreview
|inactive|Battle timer is ON: inactive players will automatically lose when time's up. (requested by OP Earthquakes)
|inactive|Zuifeng also wants the timer to be on.
|
|t:|1776209983
|teamsize|p1|6
|teamsize|p2|6
|start
|switch|p1a: Pecharunt|Pecharunt|100/100
|switch|p2a: Grimmsnarl|Grimmsnarl, M|100/100
|turn|1
|
|t:|1776209986
|move|p2a: Grimmsnarl|Light Screen|p2a: Grimmsnarl
|-sidestart|p2: OP Earthquakes|move: Light Screen
|move|p1a: Pecharunt|Malignant Chain|p2a: Grimmsnarl
|-supereffective|p2a: Grimmsnarl
|-damage|p2a: Grimmsnarl|59/100
|-status|p2a: Grimmsnarl|tox
|-start|p2a: Grimmsnarl|confusion|[from] ability: Poison Puppeteer|[of] p1a: Pecharunt
|
|-damage|p2a: Grimmsnarl|53/100 tox|[from] psn
|upkeep
|turn|2
|
|t:|1776209997
|-activate|p2a: Grimmsnarl|confusion
|move|p2a: Grimmsnarl|Thunder Wave|p1a: Pecharunt
|-status|p1a: Pecharunt|par
|move|p1a: Pecharunt|Malignant Chain|p2a: Grimmsnarl
|-supereffective|p2a: Grimmsnarl
|-damage|p2a: Grimmsnarl|10/100 tox
|
|-damage|p2a: Grimmsnarl|0 fnt|[from] psn
|faint|p2a: Grimmsnarl
|upkeep
|
|t:|1776210004
|switch|p2a: Porunga|Pawmot, M|100/100
|turn|3
|inactive|Zuifeng has 120 seconds left.
|
|t:|1776210036
|move|p2a: Porunga|Revival Blessing|p2a: Porunga
|-enditem|p2a: Porunga|Leppa Berry|[eat]
|-activate|p2a: Porunga|item: Leppa Berry|Revival Blessing|[consumed]
|
|t:|1776210062
|-heal|p2: Grimmsnarl|50/100|[from] move: Revival Blessing
|cant|p1a: Pecharunt|par
|
|upkeep
|turn|4
|j| Sprakenheit
|j| Palletclown
|
|t:|1776210072
|switch|p2a: The sandstorm|Tyranitar, M, shiny|100/100
|-weather|Sandstorm|[from] ability: Sand Stream|[of] p2a: The sandstorm
|cant|p1a: Pecharunt|par
|
|-weather|Sandstorm|[upkeep]
|-damage|p1a: Pecharunt|94/100 par|[from] Sandstorm
|upkeep
|turn|5
|l| Sprakenheit
|inactive|OP Earthquakes has 120 seconds left.
|inactive|OP Earthquakes has 90 seconds left.
|inactive|Zuifeng has 120 seconds left.
|
|t:|1776210137
|switch|p1a: Ting-Lu|Ting-Lu|100/100
|-ability|p1a: Ting-Lu|Vessel of Ruin
|move|p2a: The sandstorm|Stealth Rock|p1a: Ting-Lu
|-sidestart|p1: Zuifeng|move: Stealth Rock
|
|-weather|Sandstorm|[upkeep]
|upkeep
|turn|6
|inactive|OP Earthquakes has 90 seconds left.
|
|t:|1776210145
|switch|p2a: Frieza|Kyurem, shiny|100/100
|-ability|p2a: Frieza|Pressure
|move|p1a: Ting-Lu|Stealth Rock|p2a: Frieza
|-sidestart|p2: OP Earthquakes|move: Stealth Rock
|
|-weather|Sandstorm|[upkeep]
|-damage|p2a: Frieza|94/100|[from] Sandstorm
|upkeep
|turn|7
|inactive|Zuifeng has 120 seconds left.
|
|t:|1776210160
|move|p2a: Frieza|Freeze-Dry|p1a: Ting-Lu
|-supereffective|p1a: Ting-Lu
|-damage|p1a: Ting-Lu|60/100
|-status|p1a: Ting-Lu|frz
|cant|p1a: Ting-Lu|frz
|
|-weather|Sandstorm|[upkeep]
|-damage|p2a: Frieza|88/100|[from] Sandstorm
|-heal|p1a: Ting-Lu|66/100 frz|[from] item: Leftovers
|upkeep
|turn|8
|c|☆Zuifeng|Can you stop hacking?
|inactive|Zuifeng has 120 seconds left.
|c|☆OP Earthquakes|No
|
|t:|1776210174
|move|p2a: Frieza|Freeze-Dry|p1a: Ting-Lu
|-supereffective|p1a: Ting-Lu
|-damage|p1a: Ting-Lu|26/100 frz
|cant|p1a: Ting-Lu|frz
|
|-weather|Sandstorm|[upkeep]
|-damage|p2a: Frieza|82/100|[from] Sandstorm
|-heal|p1a: Ting-Lu|33/100 frz|[from] item: Leftovers
|-sideend|p2: OP Earthquakes|move: Light Screen
|upkeep
|turn|9
|c|☆Zuifeng|Reported
|
|t:|1776210178
|move|p2a: Frieza|Freeze-Dry|p1a: Ting-Lu
|-supereffective|p1a: Ting-Lu
|-damage|p1a: Ting-Lu|0 fnt
|faint|p1a: Ting-Lu
|
|-weather|Sandstorm|[upkeep]
|-damage|p2a: Frieza|76/100|[from] Sandstorm
|upkeep
|
|t:|1776210183
|switch|p1a: Latios|Latios, M|100/100
|-damage|p1a: Latios|88/100|[from] Stealth Rock
|turn|10
|
|t:|1776210193
|switch|p1a: Dragonite|Dragonite, M|100/100
|-terastallize|p2a: Frieza|Ghost
|move|p2a: Frieza|Shadow Ball|p1a: Dragonite
|-damage|p1a: Dragonite|82/100
|
|-weather|Sandstorm|[upkeep]
|-damage|p2a: Frieza|69/100|[from] Sandstorm
|-damage|p1a: Dragonite|75/100|[from] Sandstorm
|upkeep
|turn|11
|l| Palletclown
|
|t:|1776210200
|switch|p1a: Darkrai|Darkrai|100/100
|-damage|p1a: Darkrai|88/100|[from] Stealth Rock
|move|p2a: Frieza|Freeze-Dry|p1a: Darkrai
|-damage|p1a: Darkrai|36/100
|
|-weather|none
|upkeep
|turn|12
|
|t:|1776210204
|switch|p2a: The sandstorm|Tyranitar, M, shiny|100/100
|-damage|p2a: The sandstorm|88/100|[from] Stealth Rock
|-weather|Sandstorm|[from] ability: Sand Stream|[of] p2a: The sandstorm
|move|p1a: Darkrai|Will-O-Wisp|p2a: The sandstorm
|-status|p2a: The sandstorm|brn
|
|-weather|Sandstorm|[upkeep]
|-damage|p1a: Darkrai|30/100|[from] Sandstorm
|-damage|p2a: The sandstorm|82/100 brn|[from] brn
|upkeep
|turn|13
|j| Palletclown
|
|t:|1776210218
|switch|p1a: Pecharunt|Pecharunt|94/100 par
|switch|p2a: Itachi|Hawlucha, M, shiny|100/100
|-damage|p2a: Itachi|88/100|[from] Stealth Rock
|-ability|p2a: Itachi|Mold Breaker
|
|-weather|Sandstorm|[upkeep]
|-damage|p2a: Itachi|82/100|[from] Sandstorm
|-damage|p1a: Pecharunt|88/100 par|[from] Sandstorm
|upkeep
|turn|14
|
|t:|1776210227
|move|p2a: Itachi|Defog|p1a: Pecharunt
|-unboost|p1a: Pecharunt|evasion|1
|-sideend|p1: Zuifeng|Stealth Rock|[from] move: Defog|[of] p2a: Itachi
|-sideend|p2: OP Earthquakes|Stealth Rock|[from] move: Defog|[of] p2a: Itachi
|move|p1a: Pecharunt|Malignant Chain|p2a: Itachi
|-damage|p2a: Itachi|33/100
|-status|p2a: Itachi|tox
|-start|p2a: Itachi|confusion|[from] ability: Poison Puppeteer|[of] p1a: Pecharunt
|-enditem|p2a: Itachi|Red Card|[of] p1a: Pecharunt
|drag|p1a: Ogerpon|Ogerpon, F|100/100
|
|-weather|Sandstorm|[upkeep]
|-damage|p2a: Itachi|27/100 tox|[from] Sandstorm
|-damage|p1a: Ogerpon|95/100|[from] Sandstorm
|-damage|p2a: Itachi|21/100 tox|[from] psn
|upkeep
|turn|15
|
|t:|1776210247
|switch|p1a: Pecharunt|Pecharunt|88/100 par
|-activate|p2a: Itachi|confusion
|move|p2a: Itachi|Brave Bird|p1a: Pecharunt
|-damage|p1a: Pecharunt|58/100 par
|-damage|p2a: Itachi|8/100 tox|[from] Recoil
|
|-weather|Sandstorm|[upkeep]
|-damage|p2a: Itachi|2/100 tox|[from] Sandstorm
|-damage|p1a: Pecharunt|52/100 par|[from] Sandstorm
|-damage|p2a: Itachi|0 fnt|[from] psn
|faint|p2a: Itachi
|upkeep
|
|t:|1776210257
|switch|p2a: OP|Excadrill, F|100/100
|turn|16
|
|t:|1776210263
|move|p2a: OP|Iron Head|p1a: Pecharunt
|-damage|p1a: Pecharunt|8/100 par
|move|p1a: Pecharunt|Parting Shot|p2a: OP
|-unboost|p2a: OP|atk|1
|-unboost|p2a: OP|spa|1
|inactive|Zuifeng has 120 seconds left.
|
|t:|1776210291
|switch|p1a: Dragonite|Dragonite, M|75/100|[from] Parting Shot
|
|-weather|Sandstorm|[upkeep]
|-damage|p1a: Dragonite|69/100|[from] Sandstorm
|upkeep
|turn|17
|inactive|Zuifeng has 120 seconds left.
|
|t:|1776210302
|switch|p2a: Grimmsnarl|Grimmsnarl, M|50/100
|move|p1a: Dragonite|Roost|p1a: Dragonite
|-heal|p1a: Dragonite|100/100
|-singleturn|p1a: Dragonite|move: Roost
|
|-weather|Sandstorm|[upkeep]
|-damage|p1a: Dragonite|94/100|[from] Sandstorm
|-damage|p2a: Grimmsnarl|44/100|[from] Sandstorm
|upkeep
|turn|18
|inactive|Zuifeng has 120 seconds left.
|
|t:|1776210324
|move|p1a: Dragonite|Extreme Speed|p2a: Grimmsnarl
|-damage|p2a: Grimmsnarl|7/100
|move|p2a: Grimmsnarl|Thunder Wave|p1a: Dragonite
|-status|p1a: Dragonite|par
|
|-weather|Sandstorm|[upkeep]
|-damage|p2a: Grimmsnarl|0 fnt|[from] Sandstorm
|-damage|p1a: Dragonite|88/100 par|[from] Sandstorm
|faint|p2a: Grimmsnarl
|upkeep
|
|t:|1776210328
|switch|p2a: Frieza|Kyurem, shiny, tera:Ghost|69/100
|-ability|p2a: Frieza|Pressure
|turn|19
|
|t:|1776210333
|switch|p1a: Pecharunt|Pecharunt|8/100 par
|move|p2a: Frieza|Freeze-Dry|p1a: Pecharunt
|-damage|p1a: Pecharunt|0 fnt
|faint|p1a: Pecharunt
|
|-weather|none
|upkeep
|inactive|Zuifeng has 120 seconds left.
|
|t:|1776210352
|switch|p1a: Latios|Latios, M|88/100
|turn|20
|inactive|Zuifeng has 120 seconds left.
|inactive|OP Earthquakes has 120 seconds left.
|
|t:|1776210390
|switch|p2a: The sandstorm|Tyranitar, M, shiny|82/100 brn
|-weather|Sandstorm|[from] ability: Sand Stream|[of] p2a: The sandstorm
|move|p1a: Latios|Draco Meteor|p2a: The sandstorm
|-damage|p2a: The sandstorm|28/100 brn
|-unboost|p1a: Latios|spa|2
|
|-weather|Sandstorm|[upkeep]
|-damage|p1a: Latios|82/100|[from] Sandstorm
|-damage|p2a: The sandstorm|21/100 brn|[from] brn
|upkeep
|turn|21
|inactive|OP Earthquakes has 120 seconds left.
|
|t:|1776210407
|switch|p2a: OP|Excadrill, F|100/100
|move|p1a: Latios|Draco Meteor|p2a: OP
|-resisted|p2a: OP
|-damage|p2a: OP|71/100
|-unboost|p1a: Latios|spa|2
|
|-weather|Sandstorm|[upkeep]
|-damage|p1a: Latios|76/100|[from] Sandstorm
|upkeep
|turn|22
|
|t:|1776210414
|switch|p1a: Dragonite|Dragonite, M|88/100 par
|move|p2a: OP|Iron Head|p1a: Dragonite
|-damage|p1a: Dragonite|17/100 par
|
|-weather|Sandstorm|[upkeep]
|-damage|p1a: Dragonite|11/100 par|[from] Sandstorm
|upkeep
|turn|23
|
|t:|1776210418
|cant|p1a: Dragonite|par
|move|p2a: OP|Iron Head|p1a: Dragonite
|-crit|p1a: Dragonite
|-damage|p1a: Dragonite|0 fnt
|faint|p1a: Dragonite
|
|-weather|Sandstorm|[upkeep]
|upkeep
|
|t:|1776210429
|switch|p1a: Darkrai|Darkrai|30/100
|turn|24
|
|t:|1776210442
|move|p1a: Darkrai|Dark Pulse|p2a: OP
|-damage|p2a: OP|16/100
|move|p2a: OP|Iron Head|p1a: Darkrai
|-damage|p1a: Darkrai|0 fnt
|faint|p1a: Darkrai
|
|-weather|Sandstorm|[upkeep]
|upkeep
|j| 12723 Dong
|c|☆OP Earthquakes|Scarfed wisp
|c|☆OP Earthquakes|respect
|inactive|Zuifeng has 90 seconds left.
|
|t:|1776210471
|switch|p1a: Latios|Latios, M|76/100
|turn|25
|inactive|Zuifeng has 90 seconds left.
|
|t:|1776210479
|-terastallize|p1a: Latios|Steel
|move|p2a: OP|Iron Head|p1a: Latios
|-resisted|p1a: Latios
|-damage|p1a: Latios|30/100
|cant|p1a: Latios|flinch
|
|-weather|Sandstorm|[upkeep]
|upkeep
|turn|26
|l| Palletclown
|inactive|Zuifeng has 90 seconds left.
|
|t:|1776210491
|move|p2a: OP|Iron Head|p1a: Latios
|-resisted|p1a: Latios
|-damage|p1a: Latios|0 fnt
|faint|p1a: Latios
|
|-weather|Sandstorm|[upkeep]
|upkeep
|
|t:|1776210492
|switch|p1a: Ogerpon|Ogerpon, F|95/100
|turn|27
|c|☆OP Earthquakes|Wp
|c|☆Zuifeng|gg
|
|t:|1776210500
|move|p2a: OP|Iron Head|p1a: Ogerpon
|-damage|p1a: Ogerpon|3/100
|move|p1a: Ogerpon|Ivy Cudgel|p2a: OP
|-crit|p2a: OP
|-damage|p2a: OP|0 fnt
|faint|p2a: OP
|
|-weather|none
|upkeep
|
|t:|1776210503
|switch|p2a: The sandstorm|Tyranitar, M, shiny|21/100 brn
|-weather|Sandstorm|[from] ability: Sand Stream|[of] p2a: The sandstorm
|turn|28
|
|t:|1776210510
|move|p1a: Ogerpon|Encore||[still]
|-fail|p1a: Ogerpon
|move|p2a: The sandstorm|Ice Beam|p1a: Ogerpon
|-supereffective|p1a: Ogerpon
|-damage|p1a: Ogerpon|0 fnt
|faint|p1a: Ogerpon
|
|win|OP Earthquakes
|raw|Zuifeng's rating: 1666 &rarr; <strong>1649</strong><br />(-17 for losing)
|raw|OP Earthquakes's rating: 1714 &rarr; <strong>1731</strong><br />(+17 for winning)
|l|☆Zuifeng
|player|p1|
