|html|<div class="broadcast-blue"><strong>[Gen 9] OU is currently suspecting Tera Blast! For information on how to participate check out the <a href="https://www.smogon.com/tools/suspects/view/200">suspect thread</a>.</strong></div>
|j|☆breloomassassin
|j|☆reallydumb
|t:|1776324828
|gametype|singles
|player|p1|breloomassassin|1|1416
|player|p2|reallydumb|emmet|1498
|gen|9
|tier|[Gen 9] OU
|rated|
|rule|HP Percentage Mod: HP is shown in percentages
|rule|Endless Battle Clause: Forcing endless battles is banned
|rule|Species Clause: Limit one of each Pokémon
|rule|OHKO Clause: OHKO moves are banned
|rule|Evasion Items Clause: Evasion items are banned
|rule|Evasion Moves Clause: Evasion moves are banned
|rule|Evasion Abilities Clause: Evasion abilities are banned
|rule|Sleep Moves Clause: Sleep-inducing moves are banned
|clearpoke
|poke|p1|Tornadus-Therian, M|
|poke|p1|Kyurem|
|poke|p1|Hatterene, F|
|poke|p1|Great Tusk|
|poke|p1|Cinderace, F|
|poke|p1|Kingambit, F|
|poke|p2|Gholdengo|
|poke|p2|Bronzong|
|poke|p2|Chesnaught, F|
|poke|p2|Pecharunt|
|poke|p2|Clodsire, F|
|poke|p2|Weavile, M|
|teampreview
|inactive|Battle timer is ON: inactive players will automatically lose when time's up. (requested by breloomassassin)
|
|t:|1776324839
|teamsize|p1|6
|teamsize|p2|6
|start
|switch|p1a: Tornadus|Tornadus-Therian, M|100/100
|switch|p2a: Chesnaught|Chesnaught, F|100/100
|turn|1
|
|t:|1776324845
|switch|p2a: Bronzong|Bronzong|100/100
|move|p1a: Tornadus|Knock Off|p2a: Bronzong
|-supereffective|p2a: Bronzong
|-damage|p2a: Bronzong|67/100
|-enditem|p2a: Bronzong|Leftovers|[from] move: Knock Off|[of] p1a: Tornadus
|
|upkeep
|turn|2
|
|t:|1776324854
|move|p1a: Tornadus|Heat Wave|p2a: Bronzong
|-supereffective|p2a: Bronzong
|-damage|p2a: Bronzong|34/100
|move|p2a: Bronzong|Stealth Rock|p1a: Tornadus
|-sidestart|p1: breloomassassin|move: Stealth Rock
|
|upkeep
|turn|3
|
|t:|1776324859
|move|p1a: Tornadus|U-turn|p2a: Bronzong
|-damage|p2a: Bronzong|21/100
|
|t:|1776324861
|switch|p1a: Great Tusk|Great Tusk|100/100|[from] U-turn
|-damage|p1a: Great Tusk|98/100|[from] Stealth Rock
|move|p2a: Bronzong|Iron Head|p1a: Great Tusk
|-damage|p1a: Great Tusk|81/100
|-damage|p2a: Bronzong|4/100|[from] item: Rocky Helmet|[of] p1a: Great Tusk
|
|upkeep
|turn|4
|
|t:|1776324863
|move|p1a: Great Tusk|Ice Spinner|p2a: Bronzong
|-resisted|p2a: Bronzong
|-damage|p2a: Bronzong|0 fnt
|faint|p2a: Bronzong
|
|upkeep
|
|t:|1776324869
|switch|p2a: Weavile|Weavile, M|100/100
|-ability|p2a: Weavile|Pressure
|turn|5
|
|t:|1776324874
|-terastallize|p1a: Great Tusk|Fire
|move|p2a: Weavile|Swords Dance|p2a: Weavile
|-boost|p2a: Weavile|atk|2
|move|p1a: Great Tusk|Rapid Spin|p2a: Weavile
|-damage|p2a: Weavile|75/100
|-boost|p1a: Great Tusk|spe|1
|-sideend|p1: breloomassassin|Stealth Rock|[from] move: Rapid Spin|[of] p1a: Great Tusk
|
|upkeep
|turn|6
|
|t:|1776324883
|switch|p2a: Chesnaught|Chesnaught, F|100/100
|move|p1a: Great Tusk|Headlong Rush|p2a: Chesnaught
|-resisted|p2a: Chesnaught
|-damage|p2a: Chesnaught|87/100
|-unboost|p1a: Great Tusk|def|1
|-unboost|p1a: Great Tusk|spd|1
|-damage|p1a: Great Tusk|64/100|[from] item: Rocky Helmet|[of] p2a: Chesnaught
|
|upkeep
|turn|7
|
|t:|1776324890
|-end|p1a: Great Tusk|Protosynthesis|[silent]
|switch|p1a: Tornadus|Tornadus-Therian, M|100/100
|move|p2a: Chesnaught|Body Press|p1a: Tornadus
|-resisted|p1a: Tornadus
|-damage|p1a: Tornadus|75/100
|
|upkeep
|turn|8
|
|t:|1776324897
|switch|p2a: Clodsire|Clodsire, F|100/100
|move|p1a: Tornadus|Knock Off|p2a: Clodsire
|-damage|p2a: Clodsire|77/100
|-enditem|p2a: Clodsire|Leftovers|[from] move: Knock Off|[of] p1a: Tornadus
|
|upkeep
|turn|9
|
|t:|1776324902
|move|p1a: Tornadus|U-turn|p2a: Clodsire
|-resisted|p2a: Clodsire
|-damage|p2a: Clodsire|70/100
|
|t:|1776324905
|switch|p1a: Hatterene|Hatterene, F|100/100|[from] U-turn
|move|p2a: Clodsire|Spikes|p1a: Hatterene
|move|p1a: Hatterene|Spikes|p2a: Clodsire|[from] ability: Magic Bounce
|-sidestart|p2: reallydumb|Spikes
|
|upkeep
|turn|10
|
|t:|1776324911
|move|p1a: Hatterene|Psychic Noise|p2a: Clodsire
|-supereffective|p2a: Clodsire
|-damage|p2a: Clodsire|35/100
|-start|p2a: Clodsire|move: Heal Block
|move|p2a: Clodsire|Earthquake|p1a: Hatterene
|-damage|p1a: Hatterene|77/100
|
|-heal|p1a: Hatterene|83/100|[from] item: Leftovers
|upkeep
|turn|11
|
|t:|1776324918
|move|p1a: Hatterene|Psychic Noise|p2a: Clodsire
|-supereffective|p2a: Clodsire
|-damage|p2a: Clodsire|0 fnt
|faint|p2a: Clodsire
|
|-heal|p1a: Hatterene|89/100|[from] item: Leftovers
|upkeep
|
|t:|1776324920
|switch|p2a: Weavile|Weavile, M|75/100
|-ability|p2a: Weavile|Pressure
|turn|12
|
|t:|1776324922
|move|p2a: Weavile|Swords Dance|p2a: Weavile
|-boost|p2a: Weavile|atk|2
|move|p1a: Hatterene|Draining Kiss|p2a: Weavile
|-supereffective|p2a: Weavile
|-damage|p2a: Weavile|8/100
|-heal|p1a: Hatterene|100/100|[from] drain|[of] p2a: Weavile
|
|upkeep
|turn|13
|
|t:|1776324928
|move|p2a: Weavile|Knock Off|p1a: Hatterene
|-damage|p1a: Hatterene|16/100
|-enditem|p1a: Hatterene|Leftovers|[from] move: Knock Off|[of] p2a: Weavile
|move|p1a: Hatterene|Draining Kiss|p2a: Weavile
|-supereffective|p2a: Weavile
|-damage|p2a: Weavile|0 fnt
|-heal|p1a: Hatterene|21/100|[from] drain|[of] p2a: Weavile
|faint|p2a: Weavile
|
|upkeep
|
|t:|1776324934
|switch|p2a: Gholdengo|Gholdengo|100/100
|-item|p2a: Gholdengo|Air Balloon
|turn|14
|c|☆breloomassassin|?
|
|t:|1776324938
|move|p2a: Gholdengo|Nasty Plot|p2a: Gholdengo
|-boost|p2a: Gholdengo|spa|2
|move|p1a: Hatterene|Nuzzle|p2a: Gholdengo
|-damage|p2a: Gholdengo|96/100
|-status|p2a: Gholdengo|par
|-enditem|p2a: Gholdengo|Air Balloon
|
|upkeep
|turn|15
|-message|reallydumb forfeited.
|
|win|breloomassassin
|raw|breloomassassin's rating: 1416 &rarr; <strong>1441</strong><br />(+25 for winning)
|raw|reallydumb's rating: 1498 &rarr; <strong>1473</strong><br />(-25 for losing)
|l|☆reallydumb
|player|p2|
