|html|<div class="broadcast-blue"><strong>[Gen 9] OU is currently suspecting Tera Blast! For information on how to participate check out the <a href="https://www.smogon.com/tools/suspects/view/200">suspect thread</a>.</strong></div>
|j|☆qizrad
|j|☆swiggler
|t:|1776090027
|gametype|singles
|player|p1|qizrad|sage|1767
|player|p2|swiggler|bugcatcher-gen4dp|1772
|gen|9
|tier|[Gen 9] OU
|rated|
|rule|HP Percentage Mod: HP is shown in percentages
|rule|Endless Battle Clause: Forcing endless battles is banned
|rule|Species Clause: Limit one of each Pokémon
|rule|OHKO Clause: OHKO moves are banned
|rule|Evasion Items Clause: Evasion items are banned
|rule|Evasion Moves Clause: Evasion moves are banned
|rule|Evasion Abilities Clause: Evasion abilities are banned
|rule|Sleep Moves Clause: Sleep-inducing moves are banned
|clearpoke
|poke|p1|Araquanid, M|
|poke|p1|Ceruledge, F|
|poke|p1|Enamorus, F|
|poke|p1|Iron Treads|
|poke|p1|Kingambit, F|
|poke|p1|Pecharunt|
|poke|p2|Ninetales, F|
|poke|p2|Cresselia, F|
|poke|p2|Raging Bolt|
|poke|p2|Iron Moth|
|poke|p2|Great Tusk|
|poke|p2|Walking Wake|
|teampreview
|inactive|Battle timer is ON: inactive players will automatically lose when time's up. (requested by swiggler)
|inactive|qizrad also wants the timer to be on.
|
|t:|1776090047
|teamsize|p1|6
|teamsize|p2|6
|start
|switch|p1a: Promise|Iron Treads|100/100
|switch|p2a: Iron Moth|Iron Moth|100/100
|-enditem|p2a: Iron Moth|Booster Energy
|-activate|p2a: Iron Moth|ability: Quark Drive|[fromitem]
|-start|p2a: Iron Moth|quarkdrivespe
|-enditem|p1a: Promise|Booster Energy
|-activate|p1a: Promise|ability: Quark Drive|[fromitem]
|-start|p1a: Promise|quarkdrivespe
|turn|1
|
|t:|1776090056
|-end|p1a: Promise|Quark Drive|[silent]
|switch|p1a: Misty|Araquanid, M|100/100
|move|p2a: Iron Moth|Fiery Dance|p1a: Misty
|-damage|p1a: Misty|85/100
|
|upkeep
|turn|2
|
|t:|1776090080
|move|p2a: Iron Moth|Sludge Wave|p1a: Misty
|-damage|p1a: Misty|48/100
|move|p1a: Misty|Sticky Web|p2a: Iron Moth
|-sidestart|p2: swiggler|move: Sticky Web
|
|upkeep
|turn|3
|
|t:|1776090090
|move|p2a: Iron Moth|Sludge Wave|p1a: Misty
|-damage|p1a: Misty|9/100
|move|p1a: Misty|Surf|p2a: Iron Moth
|-supereffective|p2a: Iron Moth
|-damage|p2a: Iron Moth|0 fnt
|faint|p2a: Iron Moth
|-end|p2a: Iron Moth|Quark Drive|[silent]
|
|upkeep
|
|t:|1776090095
|switch|p2a: Cresselia|Cresselia, F|100/100
|turn|4
|-enditem|p1a: Misty|Custap Berry|[eat]
|-activate|p1a: Misty|item: Custap Berry|[consumed]
|
|t:|1776090100
|move|p1a: Misty|Endeavor|p2a: Cresselia
|-damage|p2a: Cresselia|7/100
|-enditem|p2a: Cresselia|Eject Button
|
|t:|1776090108
|switch|p2a: Great Tusk|Great Tusk|100/100
|-activate|p2a: Great Tusk|move: Sticky Web
|-unboost|p2a: Great Tusk|spe|1
|
|upkeep
|turn|5
|
|t:|1776090119
|switch|p1a: Bewitched|Pecharunt|100/100
|-item|p1a: Bewitched|Air Balloon
|move|p2a: Great Tusk|Stealth Rock|p1a: Bewitched
|-sidestart|p1: qizrad|move: Stealth Rock
|
|upkeep
|turn|6
|
|t:|1776090130
|-end|p2a: Great Tusk|Protosynthesis|[silent]
|switch|p2a: Cresselia|Cresselia, F|7/100
|move|p1a: Bewitched|Shadow Ball|p2a: Cresselia
|-supereffective|p2a: Cresselia
|-damage|p2a: Cresselia|0 fnt
|faint|p2a: Cresselia
|
|upkeep
|
|t:|1776090134
|switch|p2a: Ninetales|Ninetales, F|100/100
|-activate|p2a: Ninetales|move: Sticky Web
|-unboost|p2a: Ninetales|spe|1
|-weather|SunnyDay|[from] ability: Drought|[of] p2a: Ninetales
|turn|7
|inactive|qizrad has 120 seconds left.
|inactive|qizrad has 90 seconds left.
|
|t:|1776090194
|switch|p2a: Walking Wake|Walking Wake|100/100
|-activate|p2a: Walking Wake|move: Sticky Web
|-unboost|p2a: Walking Wake|spe|1
|-activate|p2a: Walking Wake|ability: Protosynthesis
|-start|p2a: Walking Wake|protosynthesisspa
|move|p1a: Bewitched|Malignant Chain|p2a: Walking Wake
|-damage|p2a: Walking Wake|58/100
|
|-weather|SunnyDay|[upkeep]
|upkeep
|turn|8
|
|t:|1776090205
|move|p1a: Bewitched|Malignant Chain|p2a: Walking Wake
|-damage|p2a: Walking Wake|15/100
|-status|p2a: Walking Wake|tox
|-start|p2a: Walking Wake|confusion|[from] ability: Poison Puppeteer|[of] p1a: Bewitched
|-activate|p2a: Walking Wake|confusion
|-damage|p2a: Walking Wake|9/100 tox|[from] confusion
|
|-weather|SunnyDay|[upkeep]
|-damage|p2a: Walking Wake|3/100 tox|[from] psn
|upkeep
|turn|9
|inactive|qizrad has 90 seconds left.
|c|☆qizrad|my bad
|
|t:|1776090225
|move|p1a: Bewitched|Shadow Ball|p2a: Walking Wake
|-damage|p2a: Walking Wake|0 fnt
|faint|p2a: Walking Wake
|-end|p2a: Walking Wake|Protosynthesis|[silent]
|
|-weather|SunnyDay|[upkeep]
|upkeep
|
|t:|1776090229
|switch|p2a: Raging Bolt|Raging Bolt|100/100
|-activate|p2a: Raging Bolt|move: Sticky Web
|-unboost|p2a: Raging Bolt|spe|1
|-activate|p2a: Raging Bolt|ability: Protosynthesis
|-start|p2a: Raging Bolt|protosynthesisspa
|turn|10
|
|t:|1776090239
|move|p1a: Bewitched|Malignant Chain|p2a: Raging Bolt
|-damage|p2a: Raging Bolt|61/100
|move|p2a: Raging Bolt|Weather Ball|p1a: Bewitched
|-damage|p1a: Bewitched|0 fnt
|-enditem|p1a: Bewitched|Air Balloon
|faint|p1a: Bewitched
|-damage|p2a: Raging Bolt|51/100|[from] item: Life Orb
|
|-weather|SunnyDay|[upkeep]
|upkeep
|inactive|qizrad has 90 seconds left.
|inactive|qizrad has 60 seconds left.
|
|t:|1776090287
|switch|p1a: Promise|Iron Treads|100/100
|-damage|p1a: Promise|97/100|[from] Stealth Rock
|turn|11
|
|t:|1776090291
|-end|p2a: Raging Bolt|Protosynthesis|[silent]
|switch|p2a: Great Tusk|Great Tusk|100/100
|-activate|p2a: Great Tusk|move: Sticky Web
|-unboost|p2a: Great Tusk|spe|1
|-activate|p2a: Great Tusk|ability: Protosynthesis
|-start|p2a: Great Tusk|protosynthesisatk
|move|p1a: Promise|Rapid Spin|p2a: Great Tusk
|-damage|p2a: Great Tusk|93/100
|-boost|p1a: Promise|spe|1
|-damage|p1a: Promise|81/100|[from] item: Rocky Helmet|[of] p2a: Great Tusk
|-sideend|p1: qizrad|Stealth Rock|[from] move: Rapid Spin|[of] p1a: Promise
|
|-weather|SunnyDay|[upkeep]
|upkeep
|turn|12
|inactive|qizrad has 60 seconds left.
|
|t:|1776090310
|-end|p1a: Promise|Quark Drive|[silent]
|switch|p1a: Nocturne|Ceruledge, F|100/100
|move|p2a: Great Tusk|Stealth Rock|p1a: Nocturne
|-sidestart|p1: qizrad|move: Stealth Rock
|
|-weather|SunnyDay|[upkeep]
|upkeep
|turn|13
|inactive|qizrad has 60 seconds left.
|
|t:|1776090330
|move|p1a: Nocturne|Poltergeist|p2a: Great Tusk
|-activate|p2a: Great Tusk|move: Poltergeist|Rocky Helmet
|-damage|p2a: Great Tusk|41/100
|-damage|p1a: Nocturne|91/100|[from] item: Life Orb
|move|p2a: Great Tusk|Headlong Rush|p1a: Nocturne
|-supereffective|p1a: Nocturne
|-damage|p1a: Nocturne|0 fnt
|-unboost|p2a: Great Tusk|def|1
|-unboost|p2a: Great Tusk|spd|1
|faint|p1a: Nocturne
|
|-weather|SunnyDay|[upkeep]
|upkeep
|
|t:|1776090344
|switch|p1a: Promise|Iron Treads|81/100
|-damage|p1a: Promise|78/100|[from] Stealth Rock
|turn|14
|
|t:|1776090354
|move|p1a: Promise|Earth Power|p2a: Great Tusk
|-damage|p2a: Great Tusk|0 fnt
|faint|p2a: Great Tusk
|-end|p2a: Great Tusk|Protosynthesis|[silent]
|
|-weather|none
|upkeep
|
|t:|1776090359
|switch|p2a: Ninetales|Ninetales, F|100/100
|-activate|p2a: Ninetales|move: Sticky Web
|-unboost|p2a: Ninetales|spe|1
|-weather|SunnyDay|[from] ability: Drought|[of] p2a: Ninetales
|turn|15
|
|t:|1776090364
|move|p1a: Promise|Rapid Spin|p2a: Ninetales
|-crit|p2a: Ninetales
|-damage|p2a: Ninetales|80/100
|-boost|p1a: Promise|spe|1
|-sideend|p1: qizrad|Stealth Rock|[from] move: Rapid Spin|[of] p1a: Promise
|move|p2a: Ninetales|Overheat|p1a: Promise
|-supereffective|p1a: Promise
|-damage|p1a: Promise|0 fnt
|-unboost|p2a: Ninetales|spa|2
|faint|p1a: Promise
|-end|p1a: Promise|Quark Drive|[silent]
|
|-weather|SunnyDay|[upkeep]
|upkeep
|inactive|qizrad has 60 seconds left.
|
|t:|1776090389
|switch|p1a: Goddess|Enamorus, F|100/100
|turn|16
|
|t:|1776090404
|move|p1a: Goddess|Earth Power|p2a: Ninetales
|-supereffective|p2a: Ninetales
|-damage|p2a: Ninetales|0 fnt
|faint|p2a: Ninetales
|
|-weather|SunnyDay|[upkeep]
|upkeep
|
|t:|1776090407
|switch|p2a: Raging Bolt|Raging Bolt|51/100
|-activate|p2a: Raging Bolt|move: Sticky Web
|-unboost|p2a: Raging Bolt|spe|1
|-activate|p2a: Raging Bolt|ability: Protosynthesis
|-start|p2a: Raging Bolt|protosynthesisspa
|turn|17
|inactive|qizrad has 60 seconds left.
|j| loen_64
|
|t:|1776090449
|switch|p1a: Misty|Araquanid, M|9/100
|move|p2a: Raging Bolt|Thunderclap||[still]
|-fail|p2a: Raging Bolt
|
|-weather|SunnyDay|[upkeep]
|upkeep
|turn|18
|
|t:|1776090457
|move|p2a: Raging Bolt|Thunderclap|p1a: Misty
|-supereffective|p1a: Misty
|-damage|p1a: Misty|0 fnt
|faint|p1a: Misty
|-damage|p2a: Raging Bolt|41/100|[from] item: Life Orb
|
|-weather|SunnyDay|[upkeep]
|upkeep
|
|t:|1776090462
|switch|p1a: Trouble|Kingambit, F|100/100
|-activate|p1a: Trouble|ability: Supreme Overlord
|-start|p1a: Trouble|fallen4|[silent]
|turn|19
|
|t:|1776090475
|-terastallize|p2a: Raging Bolt|Fairy
|move|p1a: Trouble|Kowtow Cleave|p2a: Raging Bolt
|-resisted|p2a: Raging Bolt
|-damage|p2a: Raging Bolt|2/100
|move|p2a: Raging Bolt|Weather Ball|p1a: Trouble
|-supereffective|p1a: Trouble
|-damage|p1a: Trouble|0 fnt
|faint|p1a: Trouble
|-end|p1a: Trouble|fallen4|[silent]
|-damage|p2a: Raging Bolt|0 fnt|[from] item: Life Orb
|faint|p2a: Raging Bolt
|-end|p2a: Raging Bolt|Protosynthesis|[silent]
|
|win|qizrad
|raw|qizrad's rating: 1767 &rarr; <strong>1787</strong><br />(+20 for winning)
|raw|swiggler's rating: 1772 &rarr; <strong>1752</strong><br />(-20 for losing)
|l|☆swiggler
|player|p2|
|c|☆qizrad|gg
|l|☆qizrad
|player|p1|
