|html|<div class="broadcast-blue"><strong>[Gen 9] OU is currently suspecting Tera Blast! For information on how to participate check out the <a href="https://www.smogon.com/tools/suspects/view/200">suspect thread</a>.</strong></div>
|j|☆Princessjosie1001!
|j|☆Billwack123
|t:|1776033699
|gametype|singles
|player|p1|Princessjosie1001!|nurse|1488
|player|p2|Billwack123|shadowtriad|1598
|gen|9
|tier|[Gen 9] OU
|rated|
|rule|HP Percentage Mod: HP is shown in percentages
|rule|Endless Battle Clause: Forcing endless battles is banned
|rule|Species Clause: Limit one of each Pokémon
|rule|OHKO Clause: OHKO moves are banned
|rule|Evasion Items Clause: Evasion items are banned
|rule|Evasion Moves Clause: Evasion moves are banned
|rule|Evasion Abilities Clause: Evasion abilities are banned
|rule|Sleep Moves Clause: Sleep-inducing moves are banned
|clearpoke
|poke|p1|Grimmsnarl, M|
|poke|p1|Cloyster, M|
|poke|p1|Salazzle, F|
|poke|p1|Espeon, F|
|poke|p1|Jirachi|
|poke|p1|Dragonite, M|
|poke|p2|Hoopa-Unbound|
|poke|p2|Zamazenta-*|
|poke|p2|Iron Moth|
|poke|p2|Kyurem|
|poke|p2|Dragonite, F|
|poke|p2|Great Tusk|
|teampreview
|inactive|Battle timer is ON: inactive players will automatically lose when time's up. (requested by Billwack123)
|
|t:|1776033727
|teamsize|p1|6
|teamsize|p2|6
|start
|switch|p1a: Jirachi|Jirachi|100/100
|switch|p2a: Hoopa|Hoopa-Unbound|100/100
|turn|1
|
|t:|1776033733
|move|p1a: Jirachi|U-turn|p2a: Hoopa
|-supereffective|p2a: Hoopa
|-damage|p2a: Hoopa|0 fnt
|faint|p2a: Hoopa
|
|t:|1776033740
|switch|p1a: Grimmsnarl|Grimmsnarl, M|100/100|[from] U-turn
|
|upkeep
|
|t:|1776033742
|switch|p2a: Iron Moth|Iron Moth|100/100
|-enditem|p2a: Iron Moth|Booster Energy
|-activate|p2a: Iron Moth|ability: Quark Drive|[fromitem]
|-start|p2a: Iron Moth|quarkdrivespe
|turn|2
|
|t:|1776033749
|move|p1a: Grimmsnarl|Fake Out|p2a: Iron Moth
|-damage|p2a: Iron Moth|79/100
|cant|p2a: Iron Moth|flinch
|
|upkeep
|turn|3
|
|t:|1776033758
|switch|p1a: Salazzle|Salazzle, F|100/100
|move|p2a: Iron Moth|Sludge Wave|p1a: Salazzle
|-resisted|p1a: Salazzle
|-damage|p1a: Salazzle|55/100
|
|upkeep
|turn|4
|
|t:|1776033766
|move|p2a: Iron Moth|Fiery Dance|p1a: Salazzle
|-resisted|p1a: Salazzle
|-damage|p1a: Salazzle|20/100
|-boost|p2a: Iron Moth|spa|1
|move|p1a: Salazzle|Toxic|p2a: Iron Moth
|-status|p2a: Iron Moth|tox
|
|-damage|p2a: Iron Moth|73/100 tox|[from] psn
|upkeep
|turn|5
|
|t:|1776033774
|move|p2a: Iron Moth|Fiery Dance|p1a: Salazzle
|-resisted|p1a: Salazzle
|-damage|p1a: Salazzle|0 fnt
|-boost|p2a: Iron Moth|spa|1
|faint|p1a: Salazzle
|
|-damage|p2a: Iron Moth|61/100 tox|[from] psn
|upkeep
|
|t:|1776033785
|switch|p1a: Dragonite|Dragonite, M|100/100
|turn|6
|
|t:|1776033793
|move|p2a: Iron Moth|Dazzling Gleam|p1a: Dragonite
|-supereffective|p1a: Dragonite
|-damage|p1a: Dragonite|44/100
|-enditem|p1a: Dragonite|Weakness Policy
|-boost|p1a: Dragonite|atk|2|[from] item: Weakness Policy
|-boost|p1a: Dragonite|spa|2|[from] item: Weakness Policy
|move|p1a: Dragonite|Dragon Dance|p1a: Dragonite
|-boost|p1a: Dragonite|atk|1
|-boost|p1a: Dragonite|spe|1
|
|-damage|p2a: Iron Moth|43/100 tox|[from] psn
|upkeep
|turn|7
|
|t:|1776033803
|move|p1a: Dragonite|Extreme Speed|p2a: Iron Moth
|-damage|p2a: Iron Moth|0 fnt
|faint|p2a: Iron Moth
|-end|p2a: Iron Moth|Quark Drive|[silent]
|
|upkeep
|
|t:|1776033806
|switch|p2a: Kyurem|Kyurem|100/100
|-ability|p2a: Kyurem|Pressure
|turn|8
|
|t:|1776033811
|move|p1a: Dragonite|Dragon Claw|p2a: Kyurem
|-supereffective|p2a: Kyurem
|-damage|p2a: Kyurem|0 fnt
|faint|p2a: Kyurem
|
|upkeep
|
|t:|1776033816
|switch|p2a: Dragonite|Dragonite, F|100/100
|turn|9
|
|t:|1776033819
|-terastallize|p2a: Dragonite|Flying
|move|p1a: Dragonite|Dragon Claw|p2a: Dragonite
|-damage|p2a: Dragonite|35/100
|move|p2a: Dragonite|Tera Blast|p1a: Dragonite|[anim] Tera Blast Flying
|-damage|p1a: Dragonite|0 fnt
|faint|p1a: Dragonite
|
|upkeep
|
|t:|1776033832
|switch|p1a: No hazard allowed|Espeon, F|100/100
|turn|10
|
|t:|1776033837
|move|p2a: Dragonite|Extreme Speed|p1a: No hazard allowed
|-damage|p1a: No hazard allowed|37/100
|move|p1a: No hazard allowed|Psychic|p2a: Dragonite
|-damage|p2a: Dragonite|0 fnt
|faint|p2a: Dragonite
|
|upkeep
|
|t:|1776033839
|switch|p2a: Zamazenta|Zamazenta|100/100
|-ability|p2a: Zamazenta|Dauntless Shield|boost
|-boost|p2a: Zamazenta|def|1
|turn|11
|
|t:|1776033847
|-terastallize|p1a: No hazard allowed|Psychic
|move|p1a: No hazard allowed|Psychic|p2a: Zamazenta
|-supereffective|p2a: Zamazenta
|-crit|p2a: Zamazenta
|-damage|p2a: Zamazenta|0 fnt
|faint|p2a: Zamazenta
|
|upkeep
|
|t:|1776033850
|switch|p2a: Great Tusk|Great Tusk|100/100
|-enditem|p2a: Great Tusk|Booster Energy
|-activate|p2a: Great Tusk|ability: Protosynthesis|[fromitem]
|-start|p2a: Great Tusk|protosynthesisatk
|turn|12
|-message|Billwack123 forfeited.
|
|win|Princessjosie1001!
|raw|Princessjosie1001!'s rating: 1488 &rarr; <strong>1514</strong><br />(+26 for winning)
|raw|Billwack123's rating: 1598 &rarr; <strong>1572</strong><br />(-26 for losing)
|l|☆Billwack123
|player|p2|
|l|☆Princessjosie1001!
|player|p1|
