|html|<div class="broadcast-blue"><strong>[Gen 9] OU is currently suspecting Tera Blast! For information on how to participate check out the <a href="https://www.smogon.com/tools/suspects/view/200">suspect thread</a>.</strong></div>
|j|☆ghosted_001
|j|☆StopTheVidYT
|t:|1776107171
|gametype|singles
|player|p1|ghosted_001|red|1300
|player|p2|StopTheVidYT|102|1336
|gen|9
|tier|[Gen 9] OU
|rated|
|rule|HP Percentage Mod: HP is shown in percentages
|rule|Endless Battle Clause: Forcing endless battles is banned
|rule|Species Clause: Limit one of each Pokémon
|rule|OHKO Clause: OHKO moves are banned
|rule|Evasion Items Clause: Evasion items are banned
|rule|Evasion Moves Clause: Evasion moves are banned
|rule|Evasion Abilities Clause: Evasion abilities are banned
|rule|Sleep Moves Clause: Sleep-inducing moves are banned
|clearpoke
|poke|p1|Ting-Lu|
|poke|p1|Dragonite, F|
|poke|p1|Corviknight, M|
|poke|p1|Ogerpon-Wellspring, F|
|poke|p1|Iron Moth|
|poke|p1|Darkrai|
|poke|p2|Iron Valiant|
|poke|p2|Excadrill, M|
|poke|p2|Tornadus-Therian, M|
|poke|p2|Ogerpon-Cornerstone, F|
|poke|p2|Sandaconda, M|
|poke|p2|Deoxys-Speed|
|teampreview
|inactive|Battle timer is ON: inactive players will automatically lose when time's up. (requested by ghosted_001)
|
|t:|1776107179
|teamsize|p1|6
|teamsize|p2|6
|start
|switch|p1a: Ting-Lu|Ting-Lu|100/100
|switch|p2a: Deoxys|Deoxys-Speed|100/100
|-ability|p2a: Deoxys|Pressure
|-ability|p1a: Ting-Lu|Vessel of Ruin
|turn|1
|
|t:|1776107186
|move|p2a: Deoxys|Taunt|p1a: Ting-Lu
|-start|p1a: Ting-Lu|move: Taunt
|move|p1a: Ting-Lu|Ruination|p2a: Deoxys
|-damage|p2a: Deoxys|51/100
|
|upkeep
|turn|2
|
|t:|1776107192
|move|p2a: Deoxys|Stealth Rock|p1a: Ting-Lu
|-sidestart|p1: ghosted_001|move: Stealth Rock
|move|p1a: Ting-Lu|Earthquake|p2a: Deoxys
|-damage|p2a: Deoxys|6/100
|
|upkeep
|turn|3
|
|t:|1776107200
|switch|p2a: Tornadus|Tornadus-Therian, M, shiny|100/100
|move|p1a: Ting-Lu|Earthquake|p2a: Tornadus
|-immune|p2a: Tornadus
|
|-end|p1a: Ting-Lu|move: Taunt
|upkeep
|turn|4
|
|t:|1776107203
|move|p2a: Tornadus|Grass Knot|p1a: Ting-Lu
|-supereffective|p1a: Ting-Lu
|-damage|p1a: Ting-Lu|57/100
|move|p1a: Ting-Lu|Ruination|p2a: Tornadus
|-damage|p2a: Tornadus|51/100
|
|-heal|p1a: Ting-Lu|63/100|[from] item: Leftovers
|upkeep
|turn|5
|
|t:|1776107211
|switch|p2a: Iron Valiant|Iron Valiant, shiny|100/100
|switch|p1a: Corviknight|Corviknight, M|100/100
|-damage|p1a: Corviknight|88/100|[from] Stealth Rock
|-ability|p1a: Corviknight|Pressure
|
|upkeep
|turn|6
|
|t:|1776107215
|move|p2a: Iron Valiant|Thunderbolt|p1a: Corviknight
|-supereffective|p1a: Corviknight
|-damage|p1a: Corviknight|11/100
|move|p1a: Corviknight|Defog|p2a: Iron Valiant
|-unboost|p2a: Iron Valiant|evasion|1
|-sideend|p1: ghosted_001|Stealth Rock|[from] move: Defog|[of] p1a: Corviknight
|
|upkeep
|turn|7
|
|t:|1776107226
|-end|p2a: Iron Valiant|Quark Drive|[silent]
|switch|p2a: Sandaconda|Sandaconda, M|100/100
|switch|p1a: Ting-Lu|Ting-Lu|63/100
|-ability|p1a: Ting-Lu|Vessel of Ruin
|
|-heal|p1a: Ting-Lu|69/100|[from] item: Leftovers
|upkeep
|turn|8
|
|t:|1776107233
|move|p2a: Sandaconda|Sand Tomb|p1a: Ting-Lu|[miss]
|-miss|p2a: Sandaconda|p1a: Ting-Lu
|move|p1a: Ting-Lu|Stealth Rock|p2a: Sandaconda
|-sidestart|p2: StopTheVidYT|move: Stealth Rock
|
|-heal|p1a: Ting-Lu|76/100|[from] item: Leftovers
|upkeep
|turn|9
|
|t:|1776107240
|move|p2a: Sandaconda|Sand Tomb|p1a: Ting-Lu
|-damage|p1a: Ting-Lu|69/100
|-activate|p1a: Ting-Lu|move: Sand Tomb|[of] p2a: Sandaconda
|move|p1a: Ting-Lu|Ruination|p2a: Sandaconda|[miss]
|-miss|p1a: Ting-Lu|p2a: Sandaconda
|
|-heal|p1a: Ting-Lu|75/100|[from] item: Leftovers
|-damage|p1a: Ting-Lu|59/100|[from] move: Sand Tomb|[partiallytrapped]
|upkeep
|turn|10
|
|t:|1776107245
|move|p2a: Sandaconda|Sand Attack|p1a: Ting-Lu
|-unboost|p1a: Ting-Lu|accuracy|1
|move|p1a: Ting-Lu|Ruination|p2a: Sandaconda
|-damage|p2a: Sandaconda|50/100
|-weather|Sandstorm|[from] ability: Sand Spit|[of] p2a: Sandaconda
|
|-weather|Sandstorm|[upkeep]
|-heal|p1a: Ting-Lu|65/100|[from] item: Leftovers
|-damage|p1a: Ting-Lu|49/100|[from] move: Sand Tomb|[partiallytrapped]
|upkeep
|turn|11
|
|t:|1776107251
|move|p2a: Sandaconda|Coil|p2a: Sandaconda
|-boost|p2a: Sandaconda|atk|1
|-boost|p2a: Sandaconda|def|1
|-boost|p2a: Sandaconda|accuracy|1
|move|p1a: Ting-Lu|Whirlwind|p2a: Sandaconda
|drag|p2a: Excadrill|Excadrill, M, shiny|100/100
|-damage|p2a: Excadrill|97/100|[from] Stealth Rock
|
|-weather|Sandstorm|[upkeep]
|-heal|p2a: Excadrill|100/100|[from] item: Leftovers
|-heal|p1a: Ting-Lu|55/100|[from] item: Leftovers
|-end|p1a: Ting-Lu|Sand Tomb|[partiallytrapped]|[silent]
|upkeep
|turn|12
|
|t:|1776107266
|switch|p1a: Corviknight|Corviknight, M|11/100
|-ability|p1a: Corviknight|Pressure
|-terastallize|p2a: Excadrill|Ground
|move|p2a: Excadrill|Rapid Spin|p1a: Corviknight
|-resisted|p1a: Corviknight
|-damage|p1a: Corviknight|5/100
|-boost|p2a: Excadrill|spe|1
|-damage|p2a: Excadrill|84/100|[from] item: Rocky Helmet|[of] p1a: Corviknight
|-sideend|p2: StopTheVidYT|Stealth Rock|[from] move: Rapid Spin|[of] p2a: Excadrill
|
|-weather|Sandstorm|[upkeep]
|-heal|p2a: Excadrill|90/100|[from] item: Leftovers
|upkeep
|turn|13
|
|t:|1776107276
|move|p2a: Excadrill|Rock Slide|p1a: Corviknight
|-damage|p1a: Corviknight|0 fnt
|faint|p1a: Corviknight
|
|-weather|Sandstorm|[upkeep]
|-heal|p2a: Excadrill|96/100|[from] item: Leftovers
|upkeep
|
|t:|1776107284
|switch|p1a: Ogerpon|Ogerpon-Wellspring, F|100/100
|turn|14
|
|t:|1776107293
|move|p2a: Excadrill|Rock Slide|p1a: Ogerpon
|-damage|p1a: Ogerpon|60/100
|move|p1a: Ogerpon|Ivy Cudgel|p2a: Excadrill|[anim] Ivy Cudgel Water
|-supereffective|p2a: Excadrill
|-damage|p2a: Excadrill|0 fnt
|faint|p2a: Excadrill
|
|-weather|none
|upkeep
|
|t:|1776107301
|switch|p2a: Deoxys|Deoxys-Speed|6/100
|-ability|p2a: Deoxys|Pressure
|turn|15
|
|t:|1776107311
|switch|p1a: Ting-Lu|Ting-Lu|55/100
|-ability|p1a: Ting-Lu|Vessel of Ruin
|move|p2a: Deoxys|Stealth Rock|p1a: Ting-Lu
|-sidestart|p1: ghosted_001|move: Stealth Rock
|
|-heal|p1a: Ting-Lu|61/100|[from] item: Leftovers
|upkeep
|turn|16
|
|t:|1776107317
|move|p2a: Deoxys|Taunt|p1a: Ting-Lu
|-start|p1a: Ting-Lu|move: Taunt
|cant|p1a: Ting-Lu|move: Taunt|Stealth Rock
|
|-heal|p1a: Ting-Lu|67/100|[from] item: Leftovers
|upkeep
|turn|17
|
|t:|1776107319
|move|p2a: Deoxys|Spikes|p1a: Ting-Lu
|-sidestart|p1: ghosted_001|Spikes
|move|p1a: Ting-Lu|Earthquake|p2a: Deoxys
|-damage|p2a: Deoxys|0 fnt
|faint|p2a: Deoxys
|
|-heal|p1a: Ting-Lu|73/100|[from] item: Leftovers
|upkeep
|
|t:|1776107325
|switch|p2a: Ogerpon|Ogerpon-Cornerstone, F|100/100
|turn|18
|
|t:|1776107332
|-terastallize|p1a: Ting-Lu|Poison
|move|p2a: Ogerpon|Power Whip|p1a: Ting-Lu
|-resisted|p1a: Ting-Lu
|-damage|p1a: Ting-Lu|53/100
|move|p1a: Ting-Lu|Ruination|p2a: Ogerpon
|-damage|p2a: Ogerpon|51/100
|
|-heal|p1a: Ting-Lu|59/100|[from] item: Leftovers
|-end|p1a: Ting-Lu|move: Taunt
|upkeep
|turn|19
|
|t:|1776107340
|move|p2a: Ogerpon|Ivy Cudgel|p1a: Ting-Lu|[anim] Ivy Cudgel Rock
|-damage|p1a: Ting-Lu|29/100
|move|p1a: Ting-Lu|Stealth Rock|p2a: Ogerpon
|-sidestart|p2: StopTheVidYT|move: Stealth Rock
|
|-heal|p1a: Ting-Lu|35/100|[from] item: Leftovers
|upkeep
|turn|20
|
|t:|1776107348
|move|p2a: Ogerpon|Ivy Cudgel|p1a: Ting-Lu|[anim] Ivy Cudgel Rock
|-damage|p1a: Ting-Lu|2/100
|move|p1a: Ting-Lu|Whirlwind|p2a: Ogerpon
|drag|p2a: Sandaconda|Sandaconda, M|50/100
|-damage|p2a: Sandaconda|44/100|[from] Stealth Rock
|
|-heal|p1a: Ting-Lu|8/100|[from] item: Leftovers
|upkeep
|turn|21
|
|t:|1776107359
|move|p2a: Sandaconda|Sand Tomb|p1a: Ting-Lu
|-supereffective|p1a: Ting-Lu
|-damage|p1a: Ting-Lu|0 fnt
|faint|p1a: Ting-Lu
|
|upkeep
|
|t:|1776107371
|switch|p1a: Ogerpon|Ogerpon-Wellspring, F|60/100
|-damage|p1a: Ogerpon|48/100|[from] Stealth Rock
|-damage|p1a: Ogerpon|36/100|[from] Spikes
|turn|22
|
|t:|1776107377
|move|p1a: Ogerpon|Ivy Cudgel|p2a: Sandaconda|[anim] Ivy Cudgel Water
|-supereffective|p2a: Sandaconda
|-damage|p2a: Sandaconda|0 fnt
|-weather|Sandstorm|[from] ability: Sand Spit|[of] p2a: Sandaconda
|faint|p2a: Sandaconda
|
|-weather|Sandstorm|[upkeep]
|-damage|p1a: Ogerpon|30/100|[from] Sandstorm
|upkeep
|
|t:|1776107383
|switch|p2a: Tornadus|Tornadus-Therian, M, shiny|84/100
|-damage|p2a: Tornadus|59/100|[from] Stealth Rock
|turn|23
|
|t:|1776107390
|move|p2a: Tornadus|Weather Ball|p1a: Ogerpon
|-damage|p1a: Ogerpon|0 fnt
|faint|p1a: Ogerpon
|
|-weather|Sandstorm|[upkeep]
|-damage|p2a: Tornadus|53/100|[from] Sandstorm
|upkeep
|
|t:|1776107397
|switch|p1a: Darkrai|Darkrai|100/100
|-damage|p1a: Darkrai|88/100|[from] Stealth Rock
|-damage|p1a: Darkrai|76/100|[from] Spikes
|turn|24
|
|t:|1776107409
|move|p1a: Darkrai|Dark Pulse|p2a: Tornadus
|-damage|p2a: Tornadus|0 fnt
|faint|p2a: Tornadus
|
|-weather|Sandstorm|[upkeep]
|-damage|p1a: Darkrai|70/100|[from] Sandstorm
|upkeep
|
|t:|1776107411
|switch|p2a: Iron Valiant|Iron Valiant, shiny|100/100
|-damage|p2a: Iron Valiant|94/100|[from] Stealth Rock
|turn|25
|
|t:|1776107420
|switch|p1a: Dragonite|Dragonite, F|100/100
|move|p2a: Iron Valiant|Moonblast|p1a: Dragonite
|-supereffective|p1a: Dragonite
|-damage|p1a: Dragonite|41/100
|
|-weather|Sandstorm|[upkeep]
|-damage|p2a: Iron Valiant|88/100|[from] Sandstorm
|-damage|p1a: Dragonite|35/100|[from] Sandstorm
|upkeep
|turn|26
|
|t:|1776107424
|move|p1a: Dragonite|Extreme Speed|p2a: Iron Valiant
|-damage|p2a: Iron Valiant|47/100
|move|p2a: Iron Valiant|Moonblast|p1a: Dragonite
|-supereffective|p1a: Dragonite
|-damage|p1a: Dragonite|0 fnt
|faint|p1a: Dragonite
|
|-weather|none
|upkeep
|
|t:|1776107430
|switch|p1a: Darkrai|Darkrai|70/100
|-damage|p1a: Darkrai|57/100|[from] Stealth Rock
|-damage|p1a: Darkrai|45/100|[from] Spikes
|turn|27
|
|t:|1776107441
|-end|p2a: Iron Valiant|Quark Drive|[silent]
|switch|p2a: Ogerpon|Ogerpon-Cornerstone, F|51/100
|-damage|p2a: Ogerpon|38/100|[from] Stealth Rock
|move|p1a: Darkrai|Sludge Bomb|p2a: Ogerpon
|-damage|p2a: Ogerpon|0 fnt
|faint|p2a: Ogerpon
|
|upkeep
|
|t:|1776107442
|switch|p2a: Iron Valiant|Iron Valiant, shiny|47/100
|-damage|p2a: Iron Valiant|41/100|[from] Stealth Rock
|turn|28
|
|t:|1776107446
|move|p2a: Iron Valiant|Vacuum Wave|p1a: Darkrai
|-supereffective|p1a: Darkrai
|-damage|p1a: Darkrai|0 fnt
|faint|p1a: Darkrai
|
|upkeep
|
|t:|1776107448
|switch|p1a: Iron Moth|Iron Moth|100/100
|-damage|p1a: Iron Moth|76/100|[from] Stealth Rock
|-damage|p1a: Iron Moth|63/100|[from] Spikes
|-enditem|p1a: Iron Moth|Booster Energy
|-activate|p1a: Iron Moth|ability: Quark Drive|[fromitem]
|-start|p1a: Iron Moth|quarkdrivespa
|turn|29
|
|t:|1776107452
|move|p2a: Iron Valiant|Vacuum Wave|p1a: Iron Moth
|-resisted|p1a: Iron Moth
|-crit|p1a: Iron Moth
|-damage|p1a: Iron Moth|38/100
|move|p1a: Iron Moth|Sludge Wave|p2a: Iron Valiant
|-supereffective|p2a: Iron Valiant
|-damage|p2a: Iron Valiant|0 fnt
|faint|p2a: Iron Valiant
|-end|p2a: Iron Valiant|Quark Drive|[silent]
|
|win|ghosted_001
|raw|ghosted_001's rating: 1327 &rarr; <strong>1348</strong><br />(+21 for winning)
|raw|StopTheVidYT's rating: 1336 &rarr; <strong>1315</strong><br />(-21 for losing)
|l|☆StopTheVidYT
|player|p2|
|l|☆ghosted_001
|player|p1|
