|html|<div class="broadcast-blue"><strong>[Gen 9] OU is currently suspecting Tera Blast! For information on how to participate check out the <a href="https://www.smogon.com/tools/suspects/view/200">suspect thread</a>.</strong></div>
|j|☆terrastaliize
|j|☆Blastoise_Choice
|t:|1776106570
|gametype|singles
|player|p1|terrastaliize|parasollady-gen4|1741
|player|p2|Blastoise_Choice|benga|1715
|gen|9
|tier|[Gen 9] OU
|rated|
|rule|HP Percentage Mod: HP is shown in percentages
|rule|Endless Battle Clause: Forcing endless battles is banned
|rule|Species Clause: Limit one of each Pokémon
|rule|OHKO Clause: OHKO moves are banned
|rule|Evasion Items Clause: Evasion items are banned
|rule|Evasion Moves Clause: Evasion moves are banned
|rule|Evasion Abilities Clause: Evasion abilities are banned
|rule|Sleep Moves Clause: Sleep-inducing moves are banned
|clearpoke
|poke|p1|Deoxys-Speed|
|poke|p1|Glimmora, F|
|poke|p1|Zamazenta-*|
|poke|p1|Ceruledge, M|
|poke|p1|Ogerpon-Wellspring, F|
|poke|p1|Blastoise, F|
|poke|p2|Hydrapple, M|
|poke|p2|Tyranitar, F|
|poke|p2|Moltres|
|poke|p2|Zamazenta-*|
|poke|p2|Slowking-Galar, M|
|poke|p2|Excadrill, F|
|teampreview
|inactive|Battle timer is ON: inactive players will automatically lose when time's up. (requested by terrastaliize)
|c|☆Blastoise_Choice|hf
|inactive|Blastoise_Choice also wants the timer to be on.
|c|☆terrastaliize|u2
|
|t:|1776106588
|teamsize|p1|6
|teamsize|p2|6
|start
|switch|p1a: Ogerpon|Ogerpon-Wellspring, F|100/100
|switch|p2a: Hydrapple|Hydrapple, M|100/100
|turn|1
|
|t:|1776106594
|switch|p1a: Glimmora|Glimmora, F|100/100
|move|p2a: Hydrapple|Nasty Plot|p2a: Hydrapple
|-boost|p2a: Hydrapple|spa|2
|
|upkeep
|turn|2
|
|t:|1776106601
|move|p1a: Glimmora|Meteor Beam||[still]
|-prepare|p1a: Glimmora|Meteor Beam
|-boost|p1a: Glimmora|spa|1
|-enditem|p1a: Glimmora|Power Herb
|-anim|p1a: Glimmora|Meteor Beam|p2a: Hydrapple
|-damage|p2a: Hydrapple|1/100
|move|p2a: Hydrapple|Fickle Beam|p1a: Glimmora|[anim] Fickle Beam All Out
|-activate|p2a: Hydrapple|move: Fickle Beam
|-damage|p1a: Glimmora|0 fnt
|faint|p1a: Glimmora
|
|upkeep
|
|t:|1776106619
|switch|p1a: Deoxys|Deoxys-Speed|100/100
|-ability|p1a: Deoxys|Pressure
|turn|3
|
|t:|1776106626
|move|p1a: Deoxys|Light Screen|p1a: Deoxys
|-sidestart|p1: terrastaliize|move: Light Screen
|move|p2a: Hydrapple|Giga Drain|p1a: Deoxys
|-damage|p1a: Deoxys|61/100
|-heal|p2a: Hydrapple|16/100|[from] drain|[of] p1a: Deoxys
|
|upkeep
|turn|4
|
|t:|1776106633
|move|p1a: Deoxys|Reflect|p1a: Deoxys
|-sidestart|p1: terrastaliize|Reflect
|move|p2a: Hydrapple|Giga Drain|p1a: Deoxys
|-crit|p1a: Deoxys
|-damage|p1a: Deoxys|0 fnt
|-heal|p2a: Hydrapple|39/100|[from] drain|[of] p1a: Deoxys
|faint|p1a: Deoxys
|
|upkeep
|j| Eternity o2
|
|t:|1776106637
|switch|p1a: Ceruledge|Ceruledge, M|100/100
|turn|5
|
|t:|1776106644
|switch|p1a: Ogerpon|Ogerpon-Wellspring, F|100/100
|switch|p2a: Zamazenta|Zamazenta|100/100
|-ability|p2a: Zamazenta|Dauntless Shield|boost
|-boost|p2a: Zamazenta|def|1
|
|upkeep
|turn|6
|c| Eternity o2|GL Blastoise
|
|t:|1776106650
|move|p2a: Zamazenta|Iron Defense|p2a: Zamazenta
|-boost|p2a: Zamazenta|def|2
|move|p1a: Ogerpon|Swords Dance|p1a: Ogerpon
|-boost|p1a: Ogerpon|atk|2
|
|upkeep
|turn|7
|j| kantoremakewhen
|
|t:|1776106657
|switch|p1a: Blastoise|Blastoise, F|100/100
|move|p2a: Zamazenta|Body Press|p1a: Blastoise
|-damage|p1a: Blastoise|41/100
|
|upkeep
|turn|8
|
|t:|1776106664
|move|p2a: Zamazenta|Body Press|p1a: Blastoise
|-damage|p1a: Blastoise|0 fnt
|faint|p1a: Blastoise
|
|upkeep
|
|t:|1776106667
|switch|p1a: Ceruledge|Ceruledge, M|100/100
|turn|9
|
|t:|1776106673
|move|p2a: Zamazenta|Crunch|p1a: Ceruledge
|-supereffective|p1a: Ceruledge
|-damage|p1a: Ceruledge|75/100
|-unboost|p1a: Ceruledge|def|1
|-ability|p1a: Ceruledge|Weak Armor|boost
|-unboost|p1a: Ceruledge|def|1
|-boost|p1a: Ceruledge|spe|2
|move|p1a: Ceruledge|Swords Dance|p1a: Ceruledge
|-boost|p1a: Ceruledge|atk|2
|
|upkeep
|turn|10
|
|t:|1776106680
|move|p1a: Ceruledge|Swords Dance|p1a: Ceruledge
|-boost|p1a: Ceruledge|atk|2
|move|p2a: Zamazenta|Crunch|p1a: Ceruledge
|-supereffective|p1a: Ceruledge
|-damage|p1a: Ceruledge|21/100
|-ability|p1a: Ceruledge|Weak Armor|boost
|-unboost|p1a: Ceruledge|def|1
|-boost|p1a: Ceruledge|spe|2
|
|-sideend|p1: terrastaliize|move: Light Screen
|upkeep
|turn|11
|
|t:|1776106687
|move|p1a: Ceruledge|Bitter Blade|p2a: Zamazenta
|-damage|p2a: Zamazenta|47/100
|-heal|p1a: Ceruledge|47/100|[from] drain|[of] p2a: Zamazenta
|-damage|p1a: Ceruledge|37/100|[from] item: Life Orb
|move|p2a: Zamazenta|Roar|p1a: Ceruledge
|drag|p1a: Ogerpon|Ogerpon-Wellspring, F|100/100
|
|-heal|p2a: Zamazenta|53/100|[from] item: Leftovers
|-sideend|p1: terrastaliize|Reflect
|upkeep
|turn|12
|-message|terrastaliize forfeited.
|
|win|Blastoise_Choice
|raw|terrastaliize's rating: 1741 &rarr; <strong>1720</strong><br />(-21 for losing)
|raw|Blastoise_Choice's rating: 1715 &rarr; <strong>1736</strong><br />(+21 for winning)
|c|☆Blastoise_Choice|gg
|l|☆terrastaliize
|player|p1|
|l| Eternity o2
|l| kantoremakewhen
