|html|<div class="broadcast-blue"><strong>[Gen 9] OU is currently suspecting Volcarona! For information on how to participate check out the <a href="https://www.smogon.com/tools/suspects/view/208">suspect thread</a>.</strong></div>
|badge|p1|bronze|gen9ou|100-9
|uhtml|medal-msg|<div class="broadcast-blue">Curious what those medals under the avatar are? PS now has Ladder Seasons! For more information, check out the <a href="https://www.smogon.com/forums/threads/3740067/">thread on Smogon.</a></div>
|j|☆isaac_gam3r
|j|☆Auburn Hills
|t:|1778506437
|gametype|singles
|player|p1|isaac_gam3r|acetrainer-gen4dp|1823
|player|p2|Auburn Hills|alder|1846
|gen|9
|tier|[Gen 9] OU
|rated|
|rule|HP Percentage Mod: HP is shown in percentages
|rule|Endless Battle Clause: Forcing endless battles is banned
|rule|Species Clause: Limit one of each Pokémon
|rule|OHKO Clause: OHKO moves are banned
|rule|Evasion Items Clause: Evasion items are banned
|rule|Evasion Moves Clause: Evasion moves are banned
|rule|Evasion Abilities Clause: Evasion abilities are banned
|rule|Sleep Moves Clause: Sleep-inducing moves are banned
|clearpoke
|poke|p1|Primarina, F|
|poke|p1|Raging Bolt|
|poke|p1|Heatran, M|
|poke|p1|Weezing-Galar, M|
|poke|p1|Garchomp, M|
|poke|p1|Weavile, M|
|poke|p2|Iron Moth|
|poke|p2|Umbreon, M|
|poke|p2|Garchomp, F|
|poke|p2|Glimmora, M|
|poke|p2|Gholdengo|
|poke|p2|Dragonite, F|
|teampreview
|inactive|Battle timer is ON: inactive players will automatically lose when time's up. (requested by isaac_gam3r)
|
|t:|1778506444
|teamsize|p1|6
|teamsize|p2|6
|start
|switch|p1a: Primarina|Primarina, F, shiny|100/100
|switch|p2a: Julia Jacklin|Glimmora, M|100/100
|turn|1
|j| wyjmjl
|
|t:|1778506447
|move|p2a: Julia Jacklin|Sludge Wave|p1a: Primarina
|-supereffective|p1a: Primarina
|-damage|p1a: Primarina|16/100
|move|p1a: Primarina|Sparkling Aria|p2a: Julia Jacklin
|-supereffective|p2a: Julia Jacklin
|-enditem|p2a: Julia Jacklin|Focus Sash
|-damage|p2a: Julia Jacklin|1/100
|
|-heal|p1a: Primarina|22/100|[from] item: Leftovers
|upkeep
|turn|2
|
|t:|1778506452
|move|p2a: Julia Jacklin|Earth Power|p1a: Primarina
|-damage|p1a: Primarina|0 fnt
|faint|p1a: Primarina
|
|upkeep
|j| GavilarKholin
|
|t:|1778506455
|switch|p1a: Raging Bolt|Raging Bolt|100/100
|turn|3
|
|t:|1778506457
|move|p2a: Julia Jacklin|Mortal Spin|p1a: Raging Bolt
|-damage|p1a: Raging Bolt|95/100
|-status|p1a: Raging Bolt|psn
|move|p1a: Raging Bolt|Calm Mind|p1a: Raging Bolt
|-boost|p1a: Raging Bolt|spa|1
|-boost|p1a: Raging Bolt|spd|1
|
|-heal|p1a: Raging Bolt|100/100 psn|[from] item: Leftovers
|-damage|p1a: Raging Bolt|88/100 psn|[from] psn
|upkeep
|turn|4
|
|t:|1778506460
|move|p1a: Raging Bolt|Thunderclap||[still]
|-fail|p1a: Raging Bolt
|move|p2a: Julia Jacklin|Stealth Rock|p1a: Raging Bolt
|-sidestart|p1: isaac_gam3r|move: Stealth Rock
|
|-heal|p1a: Raging Bolt|94/100 psn|[from] item: Leftovers
|-damage|p1a: Raging Bolt|82/100 psn|[from] psn
|upkeep
|turn|5
|
|t:|1778506463
|move|p1a: Raging Bolt|Thunderclap|p2a: Julia Jacklin
|-damage|p2a: Julia Jacklin|0 fnt
|faint|p2a: Julia Jacklin
|
|-heal|p1a: Raging Bolt|88/100 psn|[from] item: Leftovers
|-damage|p1a: Raging Bolt|76/100 psn|[from] psn
|upkeep
|
|t:|1778506466
|switch|p2a: Rat Tally|Garchomp, F|100/100
|turn|6
|
|t:|1778506470
|-terastallize|p1a: Raging Bolt|Fairy
|move|p2a: Rat Tally|Earthquake|p1a: Raging Bolt
|-damage|p1a: Raging Bolt|34/100 psn
|move|p1a: Raging Bolt|Dragon Pulse|p2a: Rat Tally
|-supereffective|p2a: Rat Tally
|-damage|p2a: Rat Tally|0 fnt
|faint|p2a: Rat Tally
|
|-heal|p1a: Raging Bolt|40/100 psn|[from] item: Leftovers
|-damage|p1a: Raging Bolt|28/100 psn|[from] psn
|upkeep
|
|t:|1778506473
|switch|p2a: Elucid|Dragonite, F|100/100
|turn|7
|
|t:|1778506475
|-end|p1a: Raging Bolt|Protosynthesis|[silent]
|switch|p1a: Weezing|Weezing-Galar, M, shiny|100/100
|-damage|p1a: Weezing|88/100|[from] Stealth Rock
|move|p2a: Elucid|Dragon Dance|p2a: Elucid
|-boost|p2a: Elucid|atk|1
|-boost|p2a: Elucid|spe|1
|
|-heal|p1a: Weezing|94/100|[from] item: Black Sludge
|upkeep
|turn|8
|
|t:|1778506477
|move|p2a: Elucid|Earthquake|p1a: Weezing
|-immune|p1a: Weezing|[from] ability: Levitate
|move|p1a: Weezing|Will-O-Wisp|p2a: Elucid|[miss]
|-miss|p1a: Weezing|p2a: Elucid
|
|-heal|p1a: Weezing|99/100|[from] item: Black Sludge
|upkeep
|turn|9
|
|t:|1778506481
|switch|p2a: Smino|Gholdengo|100/100
|move|p1a: Weezing|Defog|p2a: Smino
|-immune|p2a: Smino|[from] ability: Good as Gold
|
|-heal|p1a: Weezing|100/100|[from] item: Black Sludge
|upkeep
|turn|10
|
|t:|1778506485
|switch|p1a: Heatran|Heatran, M|100/100
|-damage|p1a: Heatran|88/100|[from] Stealth Rock
|move|p2a: Smino|Trick|p1a: Heatran
|-activate|p2a: Smino|move: Trick|[of] p1a: Heatran
|-item|p1a: Heatran|Choice Scarf|[from] move: Trick
|-item|p2a: Smino|Assault Vest|[from] move: Trick
|
|upkeep
|turn|11
|
|t:|1778506487
|switch|p2a: Elucid|Dragonite, F|100/100
|move|p1a: Heatran|Lava Plume|p2a: Elucid
|-resisted|p2a: Elucid
|-damage|p2a: Elucid|90/100
|
|upkeep
|turn|12
|
|t:|1778506490
|switch|p1a: Weezing|Weezing-Galar, M, shiny|100/100
|-damage|p1a: Weezing|88/100|[from] Stealth Rock
|switch|p2a: Smino|Gholdengo|100/100
|
|-heal|p1a: Weezing|94/100|[from] item: Black Sludge
|upkeep
|turn|13
|l| wyjmjl
|
|t:|1778506492
|switch|p1a: Heatran|Heatran, M|88/100
|-damage|p1a: Heatran|76/100|[from] Stealth Rock
|move|p2a: Smino|Shadow Ball|p1a: Heatran
|-damage|p1a: Heatran|39/100
|
|upkeep
|turn|14
|
|t:|1778506494
|switch|p2a: Elucid|Dragonite, F|90/100
|move|p1a: Heatran|Lava Plume|p2a: Elucid
|-resisted|p2a: Elucid
|-damage|p2a: Elucid|68/100
|
|upkeep
|turn|15
|
|t:|1778506499
|switch|p1a: Weezing|Weezing-Galar, M, shiny|94/100
|-damage|p1a: Weezing|82/100|[from] Stealth Rock
|move|p2a: Elucid|Extreme Speed|p1a: Weezing
|-damage|p1a: Weezing|62/100
|
|-heal|p1a: Weezing|68/100|[from] item: Black Sludge
|upkeep
|turn|16
|
|t:|1778506502
|switch|p2a: Smino|Gholdengo|100/100
|switch|p1a: Garchomp|Garchomp, M|100/100
|-damage|p1a: Garchomp|94/100|[from] Stealth Rock
|
|upkeep
|turn|17
|
|t:|1778506507
|switch|p2a: Elucid|Dragonite, F|68/100
|move|p1a: Garchomp|Earthquake|p2a: Elucid
|-immune|p2a: Elucid
|
|upkeep
|turn|18
|
|t:|1778506509
|switch|p1a: Weezing|Weezing-Galar, M, shiny|68/100
|-damage|p1a: Weezing|56/100|[from] Stealth Rock
|move|p2a: Elucid|Ice Spinner|p1a: Weezing
|-damage|p1a: Weezing|36/100
|
|-heal|p1a: Weezing|42/100|[from] item: Black Sludge
|upkeep
|turn|19
|
|t:|1778506512
|switch|p2a: Smino|Gholdengo|100/100
|move|p1a: Weezing|Defog|p2a: Smino
|-immune|p2a: Smino|[from] ability: Good as Gold
|
|-heal|p1a: Weezing|48/100|[from] item: Black Sludge
|upkeep
|turn|20
|
|t:|1778506514
|switch|p1a: Garchomp|Garchomp, M|94/100
|-damage|p1a: Garchomp|88/100|[from] Stealth Rock
|move|p2a: Smino|Shadow Ball|p1a: Garchomp
|-crit|p1a: Garchomp
|-damage|p1a: Garchomp|5/100
|
|upkeep
|turn|21
|
|t:|1778506518
|switch|p2a: Elucid|Dragonite, F|68/100
|move|p1a: Garchomp|Earthquake|p2a: Elucid
|-immune|p2a: Elucid
|
|upkeep
|turn|22
|
|t:|1778506522
|move|p2a: Elucid|Extreme Speed|p1a: Garchomp
|-damage|p1a: Garchomp|0 fnt
|-damage|p2a: Elucid|56/100|[from] ability: Rough Skin|[of] p1a: Garchomp
|faint|p1a: Garchomp
|
|upkeep
|
|t:|1778506523
|switch|p1a: Weavile|Weavile, M|100/100
|-damage|p1a: Weavile|76/100|[from] Stealth Rock
|-ability|p1a: Weavile|Pressure
|turn|23
|
|t:|1778506526
|move|p2a: Elucid|Extreme Speed|p1a: Weavile
|-damage|p1a: Weavile|18/100
|move|p1a: Weavile|Triple Axel|p2a: Elucid
|-supereffective|p2a: Elucid
|-crit|p2a: Elucid
|-damage|p2a: Elucid|0 fnt
|faint|p2a: Elucid
|-hitcount|p2: Elucid|1
|
|upkeep
|
|t:|1778506530
|switch|p2a: Carly Rae|Iron Moth|100/100
|-enditem|p2a: Carly Rae|Booster Energy
|-activate|p2a: Carly Rae|ability: Quark Drive|[fromitem]
|-start|p2a: Carly Rae|quarkdrivespe
|turn|24
|
|t:|1778506533
|switch|p1a: Heatran|Heatran, M|39/100
|-damage|p1a: Heatran|26/100|[from] Stealth Rock
|move|p2a: Carly Rae|Discharge|p1a: Heatran
|-damage|p1a: Heatran|2/100
|
|upkeep
|turn|25
|
|t:|1778506536
|move|p2a: Carly Rae|Discharge|p1a: Heatran
|-damage|p1a: Heatran|0 fnt
|faint|p1a: Heatran
|
|upkeep
|
|t:|1778506539
|switch|p1a: Raging Bolt|Raging Bolt, tera:Fairy|28/100 psn
|-damage|p1a: Raging Bolt|15/100 psn|[from] Stealth Rock
|turn|26
|
|t:|1778506544
|move|p2a: Carly Rae|Fiery Dance|p1a: Raging Bolt
|-damage|p1a: Raging Bolt|0 fnt
|-boost|p2a: Carly Rae|spa|1
|faint|p1a: Raging Bolt
|-end|p1a: Raging Bolt|Protosynthesis|[silent]
|
|upkeep
|
|t:|1778506547
|switch|p1a: Weavile|Weavile, M|18/100
|-damage|p1a: Weavile|0 fnt|[from] Stealth Rock
|faint|p1a: Weavile
|
|t:|1778506552
|switch|p1a: Weezing|Weezing-Galar, M, shiny|48/100
|-damage|p1a: Weezing|35/100|[from] Stealth Rock
|turn|27
|j| ddhero1
|
|t:|1778506556
|move|p2a: Carly Rae|Fiery Dance|p1a: Weezing
|-damage|p1a: Weezing|0 fnt
|faint|p1a: Weezing
|
|win|Auburn Hills
|raw|isaac_gam3r's rating: 1823 &rarr; <strong>1804</strong><br />(-19 for losing)
|raw|Auburn Hills's rating: 1846 &rarr; <strong>1865</strong><br />(+19 for winning)
|l|☆Auburn Hills
|player|p2|
|l|☆isaac_gam3r
|player|p1|
|l| GavilarKholin
