|html|<div class="broadcast-blue"><strong>[Gen 9] OU is currently suspecting Tera Blast! For information on how to participate check out the <a href="https://www.smogon.com/tools/suspects/view/200">suspect thread</a>.</strong></div>
|j|☆4everr
|j|☆Futz1lla
|t:|1776064159
|gametype|singles
|player|p1|4everr|shadowtriad|1486
|player|p2|Futz1lla|iris|1502
|gen|9
|tier|[Gen 9] OU
|rated|
|rule|HP Percentage Mod: HP is shown in percentages
|rule|Endless Battle Clause: Forcing endless battles is banned
|rule|Species Clause: Limit one of each Pokémon
|rule|OHKO Clause: OHKO moves are banned
|rule|Evasion Items Clause: Evasion items are banned
|rule|Evasion Moves Clause: Evasion moves are banned
|rule|Evasion Abilities Clause: Evasion abilities are banned
|rule|Sleep Moves Clause: Sleep-inducing moves are banned
|clearpoke
|poke|p1|Cresselia, F|
|poke|p1|Dragonite, M|
|poke|p1|Glimmora, F|
|poke|p1|Iron Treads|
|poke|p1|Kingambit, F|
|poke|p1|Zamazenta-*|
|poke|p2|Haxorus, M|
|poke|p2|Magnezone|
|poke|p2|Great Tusk|
|poke|p2|Ting-Lu|
|poke|p2|Ogerpon, F|
|poke|p2|Pecharunt|
|teampreview
|inactive|Battle timer is ON: inactive players will automatically lose when time's up. (requested by Futz1lla)
|inactive|4everr has 120 seconds left.
|
|t:|1776064196
|teamsize|p1|6
|teamsize|p2|6
|start
|switch|p1a: Cresselia|Cresselia, F, shiny|100/100
|switch|p2a: Ogerpon|Ogerpon, F|100/100
|turn|1
|
|t:|1776064200
|switch|p1a: Glimmora|Glimmora, F, shiny|100/100
|move|p2a: Ogerpon|Knock Off|p1a: Glimmora
|-damage|p1a: Glimmora|58/100
|-activate|p1a: Glimmora|ability: Toxic Debris
|-sidestart|p2: Futz1lla|move: Toxic Spikes
|-enditem|p1a: Glimmora|Red Card|[from] move: Knock Off|[of] p2a: Ogerpon
|
|upkeep
|turn|2
|
|t:|1776064211
|move|p2a: Ogerpon|Knock Off|p1a: Glimmora
|-crit|p1a: Glimmora
|-damage|p1a: Glimmora|16/100
|-activate|p1a: Glimmora|ability: Toxic Debris
|-sidestart|p2: Futz1lla|move: Toxic Spikes
|move|p1a: Glimmora|Stealth Rock|p2a: Ogerpon
|-sidestart|p2: Futz1lla|move: Stealth Rock
|
|upkeep
|turn|3
|
|t:|1776064219
|switch|p1a: Iron Treads|Iron Treads, shiny|100/100
|-enditem|p1a: Iron Treads|Booster Energy
|-activate|p1a: Iron Treads|ability: Quark Drive|[fromitem]
|-start|p1a: Iron Treads|quarkdriveatk
|move|p2a: Ogerpon|Knock Off|p1a: Iron Treads
|-crit|p1a: Iron Treads
|-damage|p1a: Iron Treads|56/100
|
|upkeep
|turn|4
|
|t:|1776064229
|move|p2a: Ogerpon|Knock Off|p1a: Iron Treads
|-damage|p1a: Iron Treads|25/100
|move|p1a: Iron Treads|Ice Spinner|p2a: Ogerpon
|-supereffective|p2a: Ogerpon
|-damage|p2a: Ogerpon|19/100
|
|upkeep
|turn|5
|
|t:|1776064235
|move|p2a: Ogerpon|Knock Off|p1a: Iron Treads
|-damage|p1a: Iron Treads|0 fnt
|faint|p1a: Iron Treads
|-end|p1a: Iron Treads|Quark Drive|[silent]
|
|upkeep
|
|t:|1776064245
|switch|p1a: Dragonite|Dragonite, M, shiny|100/100
|turn|6
|
|t:|1776064248
|switch|p2a: Pecharunt|Pecharunt|100/100
|-damage|p2a: Pecharunt|88/100|[from] Stealth Rock
|-item|p2a: Pecharunt|Air Balloon
|move|p1a: Dragonite|Dragon Dance|p1a: Dragonite
|-boost|p1a: Dragonite|atk|1
|-boost|p1a: Dragonite|spe|1
|
|upkeep
|turn|7
|
|t:|1776064268
|switch|p1a: Glimmora|Glimmora, F, shiny|16/100
|move|p2a: Pecharunt|Toxic|p1a: Glimmora
|-immune|p1a: Glimmora
|
|upkeep
|turn|8
|
|t:|1776064276
|move|p2a: Pecharunt|Shadow Ball|p1a: Glimmora
|-damage|p1a: Glimmora|0 fnt
|faint|p1a: Glimmora
|
|upkeep
|
|t:|1776064282
|switch|p1a: Cresselia|Cresselia, F, shiny|100/100
|turn|9
|
|t:|1776064286
|move|p1a: Cresselia|Trick|p2a: Pecharunt
|-activate|p1a: Cresselia|move: Trick|[of] p2a: Pecharunt
|-item|p2a: Pecharunt|Choice Scarf|[from] move: Trick
|-item|p1a: Cresselia|Air Balloon
|-item|p1a: Cresselia|Air Balloon|[from] move: Trick
|move|p2a: Pecharunt|Toxic|p1a: Cresselia
|-status|p1a: Cresselia|tox
|-start|p1a: Cresselia|confusion|[from] ability: Poison Puppeteer|[of] p2a: Pecharunt
|
|-damage|p1a: Cresselia|94/100 tox|[from] psn
|upkeep
|turn|10
|
|t:|1776064297
|switch|p2a: Magnezone|Magnezone|100/100
|-damage|p2a: Magnezone|94/100|[from] Stealth Rock
|switch|p1a: Dragonite|Dragonite, M, shiny|100/100
|
|upkeep
|turn|11
|
|t:|1776064301
|switch|p2a: Pecharunt|Pecharunt|88/100
|-sideend|p2: Futz1lla|move: Toxic Spikes|[of] p2a: Pecharunt
|-damage|p2a: Pecharunt|76/100|[from] Stealth Rock
|move|p1a: Dragonite|Dragon Dance|p1a: Dragonite
|-boost|p1a: Dragonite|atk|1
|-boost|p1a: Dragonite|spe|1
|
|upkeep
|turn|12
|
|t:|1776064307
|switch|p1a: Kingambit|Kingambit, F|100/100
|-activate|p1a: Kingambit|ability: Supreme Overlord
|-start|p1a: Kingambit|fallen2|[silent]
|move|p2a: Pecharunt|Toxic|p1a: Kingambit
|-immune|p1a: Kingambit
|
|upkeep
|turn|13
|
|t:|1776064312
|switch|p2a: Magnezone|Magnezone|94/100
|-damage|p2a: Magnezone|88/100|[from] Stealth Rock
|-end|p1a: Kingambit|fallen2|[silent]
|switch|p1a: Dragonite|Dragonite, M, shiny|100/100
|
|upkeep
|turn|14
|
|t:|1776064315
|move|p1a: Dragonite|Dragon Dance|p1a: Dragonite
|-boost|p1a: Dragonite|atk|1
|-boost|p1a: Dragonite|spe|1
|move|p2a: Magnezone|Volt Switch|p1a: Dragonite
|-damage|p1a: Dragonite|85/100
|
|t:|1776064323
|switch|p2a: Pecharunt|Pecharunt|76/100|[from] Volt Switch
|-damage|p2a: Pecharunt|63/100|[from] Stealth Rock
|
|-heal|p1a: Dragonite|91/100|[from] item: Leftovers
|upkeep
|turn|15
|
|t:|1776064333
|switch|p1a: Kingambit|Kingambit, F|100/100
|-activate|p1a: Kingambit|ability: Supreme Overlord
|-start|p1a: Kingambit|fallen2|[silent]
|move|p2a: Pecharunt|Parting Shot|p1a: Kingambit
|-unboost|p1a: Kingambit|atk|1
|-unboost|p1a: Kingambit|spa|1
|
|t:|1776064336
|switch|p2a: Great Tusk|Great Tusk|100/100|[from] Parting Shot
|
|upkeep
|turn|16
|
|t:|1776064343
|-end|p1a: Kingambit|fallen2|[silent]
|switch|p1a: Cresselia|Cresselia, F, shiny|94/100 tox
|-item|p1a: Cresselia|Air Balloon
|move|p2a: Great Tusk|Rapid Spin|p1a: Cresselia
|-damage|p1a: Cresselia|83/100 tox
|-boost|p2a: Great Tusk|spe|1
|-enditem|p1a: Cresselia|Air Balloon
|-sideend|p2: Futz1lla|Stealth Rock|[from] move: Rapid Spin|[of] p2a: Great Tusk
|
|-damage|p1a: Cresselia|77/100 tox|[from] psn
|upkeep
|turn|17
|
|t:|1776064349
|-end|p2a: Great Tusk|Protosynthesis|[silent]
|switch|p2a: Ting-Lu|Ting-Lu|100/100
|-ability|p2a: Ting-Lu|Vessel of Ruin
|move|p1a: Cresselia|Ice Beam|p2a: Ting-Lu
|-supereffective|p2a: Ting-Lu
|-crit|p2a: Ting-Lu
|-damage|p2a: Ting-Lu|77/100
|
|-heal|p2a: Ting-Lu|83/100|[from] item: Leftovers
|-damage|p1a: Cresselia|65/100 tox|[from] psn
|upkeep
|turn|18
|
|t:|1776064354
|switch|p1a: Dragonite|Dragonite, M, shiny|91/100
|move|p2a: Ting-Lu|Stealth Rock|p1a: Dragonite
|-sidestart|p1: 4everr|move: Stealth Rock
|
|-heal|p1a: Dragonite|97/100|[from] item: Leftovers
|-heal|p2a: Ting-Lu|89/100|[from] item: Leftovers
|upkeep
|turn|19
|
|t:|1776064357
|move|p1a: Dragonite|Dragon Dance|p1a: Dragonite
|-boost|p1a: Dragonite|atk|1
|-boost|p1a: Dragonite|spe|1
|move|p2a: Ting-Lu|Ruination|p1a: Dragonite
|-damage|p1a: Dragonite|49/100
|
|-heal|p1a: Dragonite|55/100|[from] item: Leftovers
|-heal|p2a: Ting-Lu|95/100|[from] item: Leftovers
|upkeep
|turn|20
|
|t:|1776064362
|switch|p2a: Pecharunt|Pecharunt|63/100
|move|p1a: Dragonite|Dragon Dance|p1a: Dragonite
|-boost|p1a: Dragonite|atk|1
|-boost|p1a: Dragonite|spe|1
|
|-heal|p1a: Dragonite|61/100|[from] item: Leftovers
|upkeep
|turn|21
|
|t:|1776064368
|-terastallize|p2a: Pecharunt|Ghost
|move|p1a: Dragonite|Earthquake|p2a: Pecharunt
|-damage|p2a: Pecharunt|31/100
|move|p2a: Pecharunt|Toxic|p1a: Dragonite
|-status|p1a: Dragonite|tox
|-start|p1a: Dragonite|confusion|[from] ability: Poison Puppeteer|[of] p2a: Pecharunt
|
|-heal|p1a: Dragonite|67/100 tox|[from] item: Leftovers
|-damage|p1a: Dragonite|61/100 tox|[from] psn
|upkeep
|turn|22
|
|t:|1776064394
|switch|p2a: Ting-Lu|Ting-Lu|95/100
|-ability|p2a: Ting-Lu|Vessel of Ruin
|-activate|p1a: Dragonite|confusion
|move|p1a: Dragonite|Earthquake|p2a: Ting-Lu
|-damage|p2a: Ting-Lu|50/100
|
|-heal|p1a: Dragonite|67/100 tox|[from] item: Leftovers
|-heal|p2a: Ting-Lu|56/100|[from] item: Leftovers
|-damage|p1a: Dragonite|55/100 tox|[from] psn
|upkeep
|turn|23
|
|t:|1776064399
|-activate|p1a: Dragonite|confusion
|move|p1a: Dragonite|Roost|p1a: Dragonite
|-heal|p1a: Dragonite|100/100 tox
|-singleturn|p1a: Dragonite|move: Roost
|move|p2a: Ting-Lu|Heavy Slam|p1a: Dragonite
|-damage|p1a: Dragonite|87/100 tox
|
|-heal|p1a: Dragonite|93/100 tox|[from] item: Leftovers
|-heal|p2a: Ting-Lu|62/100|[from] item: Leftovers
|-damage|p1a: Dragonite|74/100 tox|[from] psn
|upkeep
|turn|24
|
|t:|1776064410
|switch|p1a: Cresselia|Cresselia, F, shiny|65/100 tox
|-damage|p1a: Cresselia|53/100 tox|[from] Stealth Rock
|move|p2a: Ting-Lu|Ruination|p1a: Cresselia
|-damage|p1a: Cresselia|27/100 tox
|
|-heal|p2a: Ting-Lu|68/100|[from] item: Leftovers
|-damage|p1a: Cresselia|21/100 tox|[from] psn
|upkeep
|turn|25
|
|t:|1776064422
|switch|p2a: Pecharunt|Pecharunt, tera:Ghost|31/100
|move|p1a: Cresselia|Lunar Dance|p1a: Cresselia
|faint|p1a: Cresselia
|
|upkeep
|
|t:|1776064426
|switch|p1a: Zamazenta|Zamazenta, shiny|100/100
|-damage|p1a: Zamazenta|94/100|[from] Stealth Rock
|-ability|p1a: Zamazenta|Dauntless Shield|boost
|-boost|p1a: Zamazenta|def|1
|turn|26
|
|t:|1776064429
|move|p1a: Zamazenta|Crunch|p2a: Pecharunt
|-supereffective|p2a: Pecharunt
|-damage|p2a: Pecharunt|0 fnt
|faint|p2a: Pecharunt
|-damage|p1a: Zamazenta|84/100|[from] item: Life Orb
|
|upkeep
|inactive|Futz1lla has 120 seconds left.
|
|t:|1776064464
|switch|p2a: Haxorus|Haxorus, M, shiny|100/100
|-ability|p2a: Haxorus|Mold Breaker
|turn|27
|
|t:|1776064468
|move|p1a: Zamazenta|Close Combat|p2a: Haxorus
|-damage|p2a: Haxorus|0 fnt
|-unboost|p1a: Zamazenta|def|1
|-unboost|p1a: Zamazenta|spd|1
|faint|p2a: Haxorus
|-damage|p1a: Zamazenta|75/100|[from] item: Life Orb
|
|upkeep
|
|t:|1776064475
|switch|p2a: Great Tusk|Great Tusk|100/100
|turn|28
|
|t:|1776064494
|move|p1a: Zamazenta|Close Combat|p2a: Great Tusk
|-damage|p2a: Great Tusk|34/100
|-unboost|p1a: Zamazenta|def|1
|-unboost|p1a: Zamazenta|spd|1
|-damage|p1a: Zamazenta|65/100|[from] item: Life Orb
|move|p2a: Great Tusk|Rapid Spin|p1a: Zamazenta
|-damage|p1a: Zamazenta|40/100
|-boost|p2a: Great Tusk|spe|1
|
|upkeep
|turn|29
|
|t:|1776064511
|switch|p1a: Dragonite|Dragonite, M, shiny|74/100 tox
|-heal|p1a: Dragonite|100/100|[from] move: Lunar Dance
|-damage|p1a: Dragonite|76/100|[from] Stealth Rock
|move|p2a: Great Tusk|Ice Spinner|p1a: Dragonite
|-supereffective|p1a: Dragonite
|-damage|p1a: Dragonite|0 fnt
|faint|p1a: Dragonite
|
|upkeep
|
|t:|1776064521
|switch|p1a: Kingambit|Kingambit, F|100/100
|-damage|p1a: Kingambit|94/100|[from] Stealth Rock
|-activate|p1a: Kingambit|ability: Supreme Overlord
|-start|p1a: Kingambit|fallen4|[silent]
|turn|30
|
|t:|1776064535
|-terastallize|p1a: Kingambit|Ghost
|move|p2a: Great Tusk|Headlong Rush|p1a: Kingambit
|-damage|p1a: Kingambit|40/100
|-unboost|p2a: Great Tusk|def|1
|-unboost|p2a: Great Tusk|spd|1
|move|p1a: Kingambit|Swords Dance|p1a: Kingambit
|-boost|p1a: Kingambit|atk|2
|
|-heal|p1a: Kingambit|47/100|[from] item: Leftovers
|upkeep
|turn|31
|
|t:|1776064549
|-end|p2a: Great Tusk|Protosynthesis|[silent]
|switch|p2a: Ogerpon|Ogerpon, F|19/100
|move|p1a: Kingambit|Sucker Punch||[still]
|-fail|p1a: Kingambit
|
|-heal|p1a: Kingambit|53/100|[from] item: Leftovers
|upkeep
|turn|32
|
|t:|1776064555
|switch|p2a: Magnezone|Magnezone|88/100
|move|p1a: Kingambit|Sucker Punch||[still]
|-fail|p1a: Kingambit
|
|-heal|p1a: Kingambit|59/100|[from] item: Leftovers
|upkeep
|turn|33
|
|t:|1776064558
|move|p1a: Kingambit|Sucker Punch||[still]
|-fail|p1a: Kingambit
|move|p2a: Magnezone|Iron Defense|p2a: Magnezone
|-boost|p2a: Magnezone|def|2
|
|-heal|p1a: Kingambit|65/100|[from] item: Leftovers
|upkeep
|turn|34
|
|t:|1776064564
|move|p2a: Magnezone|Iron Defense|p2a: Magnezone
|-boost|p2a: Magnezone|def|2
|move|p1a: Kingambit|Low Kick|p2a: Magnezone
|-supereffective|p2a: Magnezone
|-damage|p2a: Magnezone|34/100
|-damage|p1a: Kingambit|49/100|[from] item: Rocky Helmet|[of] p2a: Magnezone
|
|-heal|p1a: Kingambit|55/100|[from] item: Leftovers
|upkeep
|turn|35
|
|t:|1776064566
|move|p2a: Magnezone|Thunderbolt|p1a: Kingambit
|-damage|p1a: Kingambit|14/100
|move|p1a: Kingambit|Low Kick|p2a: Magnezone
|-supereffective|p2a: Magnezone
|-damage|p2a: Magnezone|0 fnt
|-damage|p1a: Kingambit|0 fnt|[from] item: Rocky Helmet|[of] p2a: Magnezone
|faint|p2a: Magnezone
|faint|p1a: Kingambit
|-end|p1a: Kingambit|fallen4|[silent]
|
|upkeep
|
|t:|1776064574
|switch|p2a: Ting-Lu|Ting-Lu|68/100
|switch|p1a: Zamazenta|Zamazenta, shiny|40/100
|-damage|p1a: Zamazenta|34/100|[from] Stealth Rock
|-ability|p2a: Ting-Lu|Vessel of Ruin
|turn|36
|
|t:|1776064578
|switch|p2a: Ogerpon|Ogerpon, F|19/100
|move|p1a: Zamazenta|Close Combat|p2a: Ogerpon
|-damage|p2a: Ogerpon|0 fnt
|-unboost|p1a: Zamazenta|def|1
|-unboost|p1a: Zamazenta|spd|1
|faint|p2a: Ogerpon
|-damage|p1a: Zamazenta|24/100|[from] item: Life Orb
|
|upkeep
|
|t:|1776064591
|switch|p2a: Great Tusk|Great Tusk|34/100
|turn|37
|
|t:|1776064594
|move|p1a: Zamazenta|Close Combat|p2a: Great Tusk
|-damage|p2a: Great Tusk|0 fnt
|-unboost|p1a: Zamazenta|def|1
|-unboost|p1a: Zamazenta|spd|1
|faint|p2a: Great Tusk
|-end|p2a: Great Tusk|Protosynthesis|[silent]
|-damage|p1a: Zamazenta|14/100|[from] item: Life Orb
|
|upkeep
|
|t:|1776064596
|switch|p2a: Ting-Lu|Ting-Lu|68/100
|-ability|p2a: Ting-Lu|Vessel of Ruin
|turn|38
|
|t:|1776064598
|move|p1a: Zamazenta|Close Combat|p2a: Ting-Lu
|-supereffective|p2a: Ting-Lu
|-damage|p2a: Ting-Lu|0 fnt
|-unboost|p1a: Zamazenta|def|1
|-unboost|p1a: Zamazenta|spd|1
|faint|p2a: Ting-Lu
|-damage|p1a: Zamazenta|4/100|[from] item: Life Orb
|
|win|4everr
|raw|4everr's rating: 1486 &rarr; <strong>1507</strong><br />(+21 for winning)
|raw|Futz1lla's rating: 1502 &rarr; <strong>1481</strong><br />(-21 for losing)
|l|☆Futz1lla
|player|p2|
