|html|<div class="broadcast-blue"><strong>[Gen 9] OU is currently suspecting Tera Blast! For information on how to participate check out the <a href="https://www.smogon.com/tools/suspects/view/200">suspect thread</a>.</strong></div>
|j|☆Tyrannotrum
|j|☆kjojon
|t:|1776194845
|gametype|singles
|player|p1|Tyrannotrum|pokemaniac|1116
|player|p2|kjojon|brock|1096
|gen|9
|tier|[Gen 9] OU
|rated|
|rule|HP Percentage Mod: HP is shown in percentages
|rule|Endless Battle Clause: Forcing endless battles is banned
|rule|Species Clause: Limit one of each Pokémon
|rule|OHKO Clause: OHKO moves are banned
|rule|Evasion Items Clause: Evasion items are banned
|rule|Evasion Moves Clause: Evasion moves are banned
|rule|Evasion Abilities Clause: Evasion abilities are banned
|rule|Sleep Moves Clause: Sleep-inducing moves are banned
|clearpoke
|poke|p1|Meowscarada, M|
|poke|p1|Dragalge, M|
|poke|p1|Toxicroak, F|
|poke|p1|Corviknight, M|
|poke|p1|Clodsire, M|
|poke|p1|Gholdengo|
|poke|p2|Weezing-Galar, F|
|poke|p2|Cinderace, F|
|poke|p2|Duraludon, M|
|poke|p2|Hitmontop, M|
|poke|p2|Necrozma|
|poke|p2|Porygon-Z|
|teampreview
|inactive|Battle timer is ON: inactive players will automatically lose when time's up. (requested by Tyrannotrum)
|
|t:|1776194851
|teamsize|p1|6
|teamsize|p2|6
|start
|switch|p1a: Clodsire|Clodsire, M|100/100
|switch|p2a: PoyPee|Porygon-Z, shiny|100/100
|turn|1
|
|t:|1776194861
|move|p2a: PoyPee|Tri Attack|p1a: Clodsire
|-damage|p1a: Clodsire|64/100
|move|p1a: Clodsire|Toxic|p2a: PoyPee
|-status|p2a: PoyPee|tox
|
|-heal|p1a: Clodsire|71/100|[from] item: Leftovers
|-damage|p2a: PoyPee|94/100 tox|[from] psn
|upkeep
|turn|2
|
|t:|1776194869
|move|p2a: PoyPee|Tri Attack|p1a: Clodsire
|-damage|p1a: Clodsire|36/100
|move|p1a: Clodsire|Stealth Rock|p2a: PoyPee
|-sidestart|p2: kjojon|move: Stealth Rock
|
|-heal|p1a: Clodsire|43/100|[from] item: Leftovers
|-damage|p2a: PoyPee|82/100 tox|[from] psn
|upkeep
|turn|3
|
|t:|1776194877
|move|p2a: PoyPee|Tri Attack|p1a: Clodsire
|-damage|p1a: Clodsire|9/100
|move|p1a: Clodsire|Recover|p1a: Clodsire
|-heal|p1a: Clodsire|59/100
|
|-heal|p1a: Clodsire|65/100|[from] item: Leftovers
|-damage|p2a: PoyPee|64/100 tox|[from] psn
|upkeep
|turn|4
|
|t:|1776194885
|move|p2a: PoyPee|Tri Attack|p1a: Clodsire
|-damage|p1a: Clodsire|33/100
|move|p1a: Clodsire|Earthquake|p2a: PoyPee
|-damage|p2a: PoyPee|30/100 tox
|
|-heal|p1a: Clodsire|39/100|[from] item: Leftovers
|-damage|p2a: PoyPee|6/100 tox|[from] psn
|upkeep
|-enditem|p2a: PoyPee|Salac Berry|[eat]
|-boost|p2a: PoyPee|spe|1|[from] item: Salac Berry
|turn|5
|
|t:|1776194895
|move|p2a: PoyPee|Tri Attack|p1a: Clodsire
|-damage|p1a: Clodsire|7/100
|move|p1a: Clodsire|Recover|p1a: Clodsire
|-heal|p1a: Clodsire|57/100
|
|-heal|p1a: Clodsire|63/100|[from] item: Leftovers
|-damage|p2a: PoyPee|0 fnt|[from] psn
|faint|p2a: PoyPee
|upkeep
|
|t:|1776194907
|switch|p2a: Joao|Cinderace, F, shiny|100/100
|-damage|p2a: Joao|76/100|[from] Stealth Rock
|turn|6
|
|t:|1776194912
|move|p2a: Joao|Court Change|p2a: Joao
|-start|p2a: Joao|typechange|Normal|[from] ability: Libero
|-swapsideconditions
|-activate|p2a: Joao|move: Court Change
|move|p1a: Clodsire|Earthquake|p2a: Joao
|-damage|p2a: Joao|38/100
|
|-heal|p1a: Clodsire|69/100|[from] item: Leftovers
|upkeep
|turn|7
|
|t:|1776194922
|switch|p2a: Weezing|Weezing-Galar, F|100/100
|-ability|p2a: Weezing|Neutralizing Gas
|move|p1a: Clodsire|Stealth Rock|p2a: Weezing
|-sidestart|p2: kjojon|move: Stealth Rock
|
|-heal|p1a: Clodsire|75/100|[from] item: Leftovers
|upkeep
|turn|8
|
|t:|1776194932
|move|p2a: Weezing|Stockpile|p2a: Weezing
|-start|p2a: Weezing|stockpile1
|-boost|p2a: Weezing|def|1
|-boost|p2a: Weezing|spd|1
|move|p1a: Clodsire|Earthquake|p2a: Weezing
|-supereffective|p2a: Weezing
|-damage|p2a: Weezing|63/100
|
|-heal|p2a: Weezing|69/100|[from] item: Black Sludge
|-heal|p1a: Clodsire|82/100|[from] item: Leftovers
|upkeep
|turn|9
|
|t:|1776194942
|move|p2a: Weezing|Clear Smog|p1a: Clodsire
|-resisted|p1a: Clodsire
|-damage|p1a: Clodsire|79/100
|-clearboost|p1a: Clodsire
|move|p1a: Clodsire|Earthquake|p2a: Weezing
|-supereffective|p2a: Weezing
|-damage|p2a: Weezing|35/100
|
|-heal|p2a: Weezing|41/100|[from] item: Black Sludge
|-heal|p1a: Clodsire|85/100|[from] item: Leftovers
|upkeep
|turn|10
|
|t:|1776194955
|move|p2a: Weezing|Stockpile|p2a: Weezing
|-start|p2a: Weezing|stockpile2
|-boost|p2a: Weezing|def|1
|-boost|p2a: Weezing|spd|1
|move|p1a: Clodsire|Earthquake|p2a: Weezing
|-supereffective|p2a: Weezing
|-damage|p2a: Weezing|14/100
|
|-heal|p2a: Weezing|20/100|[from] item: Black Sludge
|-heal|p1a: Clodsire|91/100|[from] item: Leftovers
|upkeep
|turn|11
|
|t:|1776194971
|move|p2a: Weezing|Strange Steam|p1a: Clodsire
|-resisted|p1a: Clodsire
|-damage|p1a: Clodsire|81/100
|move|p1a: Clodsire|Earthquake|p2a: Weezing
|-supereffective|p2a: Weezing
|-damage|p2a: Weezing|0 fnt
|faint|p2a: Weezing
|-end|p2a: Weezing|ability: Neutralizing Gas
|
|-heal|p1a: Clodsire|87/100|[from] item: Leftovers
|upkeep
|
|t:|1776194986
|switch|p2a: R-Pyrite|Necrozma, shiny|100/100
|-damage|p2a: R-Pyrite|88/100|[from] Stealth Rock
|turn|12
|
|t:|1776194995
|move|p2a: R-Pyrite|Dragon Dance|p2a: R-Pyrite
|-boost|p2a: R-Pyrite|atk|1
|-boost|p2a: R-Pyrite|spe|1
|move|p1a: Clodsire|Toxic|p2a: R-Pyrite
|-status|p2a: R-Pyrite|tox
|
|-heal|p1a: Clodsire|93/100|[from] item: Leftovers
|-damage|p2a: R-Pyrite|82/100 tox|[from] psn
|upkeep
|turn|13
|
|t:|1776195003
|switch|p1a: Meowscarada|Meowscarada, M|100/100
|-damage|p1a: Meowscarada|88/100|[from] Stealth Rock
|move|p2a: R-Pyrite|Photon Geyser|p1a: Meowscarada
|-immune|p1a: Meowscarada
|
|-damage|p2a: R-Pyrite|69/100 tox|[from] psn
|upkeep
|turn|14
|
|t:|1776195020
|move|p2a: R-Pyrite|Brick Break|p1a: Meowscarada
|-supereffective|p1a: Meowscarada
|-damage|p1a: Meowscarada|0 fnt
|faint|p1a: Meowscarada
|
|-damage|p2a: R-Pyrite|50/100 tox|[from] psn
|upkeep
|
|t:|1776195030
|switch|p1a: Gholdengo|Gholdengo|100/100
|-damage|p1a: Gholdengo|94/100|[from] Stealth Rock
|-item|p1a: Gholdengo|Air Balloon
|turn|15
|
|t:|1776195040
|-terastallize|p1a: Gholdengo|Flying
|move|p2a: R-Pyrite|Shadow Claw|p1a: Gholdengo
|-damage|p1a: Gholdengo|58/100
|-enditem|p1a: Gholdengo|Air Balloon
|move|p1a: Gholdengo|Shadow Ball|p2a: R-Pyrite
|-supereffective|p2a: R-Pyrite
|-damage|p2a: R-Pyrite|0 fnt
|faint|p2a: R-Pyrite
|
|upkeep
|
|t:|1776195058
|switch|p2a: Babylon|Duraludon, M, shiny|100/100
|-damage|p2a: Babylon|95/100|[from] Stealth Rock
|turn|16
|
|t:|1776195063
|move|p1a: Gholdengo|Shadow Ball|p2a: Babylon
|-damage|p2a: Babylon|38/100
|move|p2a: Babylon|Thunderbolt|p1a: Gholdengo
|-supereffective|p1a: Gholdengo
|-damage|p1a: Gholdengo|0 fnt
|faint|p1a: Gholdengo
|
|upkeep
|
|t:|1776195069
|switch|p1a: Clodsire|Clodsire, M|93/100
|-damage|p1a: Clodsire|87/100|[from] Stealth Rock
|turn|17
|
|t:|1776195087
|move|p2a: Babylon|Dragon Pulse|p1a: Clodsire
|-damage|p1a: Clodsire|61/100
|move|p1a: Clodsire|Earthquake|p2a: Babylon
|-supereffective|p2a: Babylon
|-damage|p2a: Babylon|2/100
|
|-heal|p1a: Clodsire|68/100|[from] item: Leftovers
|upkeep
|turn|18
|
|t:|1776195094
|move|p2a: Babylon|Dragon Pulse|p1a: Clodsire
|-damage|p1a: Clodsire|43/100
|move|p1a: Clodsire|Earthquake|p2a: Babylon
|-supereffective|p2a: Babylon
|-damage|p2a: Babylon|0 fnt
|faint|p2a: Babylon
|
|-heal|p1a: Clodsire|49/100|[from] item: Leftovers
|upkeep
|
|t:|1776195101
|switch|p2a: Garfiel|Hitmontop, M|100/100
|-damage|p2a: Garfiel|94/100|[from] Stealth Rock
|turn|19
|
|t:|1776195104
|move|p2a: Garfiel|Rapid Spin|p1a: Clodsire
|-damage|p1a: Clodsire|18/100
|-boost|p2a: Garfiel|spe|1
|-sideend|p2: kjojon|Stealth Rock|[from] move: Rapid Spin|[of] p2a: Garfiel
|move|p1a: Clodsire|Toxic|p2a: Garfiel
|-status|p2a: Garfiel|tox
|
|-heal|p1a: Clodsire|25/100|[from] item: Leftovers
|-damage|p2a: Garfiel|88/100 tox|[from] psn
|upkeep
|turn|20
|
|t:|1776195114
|switch|p1a: Corviknight|Corviknight, M|100/100
|-damage|p1a: Corviknight|88/100|[from] Stealth Rock
|-ability|p1a: Corviknight|Pressure
|move|p2a: Garfiel|Rapid Spin|p1a: Corviknight
|-resisted|p1a: Corviknight
|-damage|p1a: Corviknight|80/100
|-boost|p2a: Garfiel|spe|1
|
|-heal|p1a: Corviknight|86/100|[from] item: Leftovers
|-damage|p2a: Garfiel|76/100 tox|[from] psn
|upkeep
|turn|21
|
|t:|1776195125
|move|p2a: Garfiel|Triple Axel|p1a: Corviknight
|-damage|p1a: Corviknight|79/100
|-damage|p1a: Corviknight|67/100
|-damage|p1a: Corviknight|48/100
|-hitcount|p1a: Corviknight|3
|move|p1a: Corviknight|Brave Bird|p2a: Garfiel
|-supereffective|p2a: Garfiel
|-damage|p2a: Garfiel|0 fnt
|faint|p2a: Garfiel
|-damage|p1a: Corviknight|31/100|[from] Recoil
|
|-heal|p1a: Corviknight|37/100|[from] item: Leftovers
|upkeep
|
|t:|1776195134
|switch|p2a: Joao|Cinderace, F, shiny|38/100
|turn|22
|
|t:|1776195141
|move|p2a: Joao|Iron Head|p1a: Corviknight
|-start|p2a: Joao|typechange|Steel|[from] ability: Libero
|-resisted|p1a: Corviknight
|-damage|p1a: Corviknight|24/100
|move|p1a: Corviknight|Brave Bird|p2a: Joao
|-resisted|p2a: Joao
|-damage|p2a: Joao|11/100
|-damage|p1a: Corviknight|17/100|[from] Recoil
|
|-heal|p1a: Corviknight|23/100|[from] item: Leftovers
|upkeep
|turn|23
|
|t:|1776195150
|move|p2a: Joao|Iron Head|p1a: Corviknight
|-resisted|p1a: Corviknight
|-damage|p1a: Corviknight|8/100
|move|p1a: Corviknight|Brave Bird|p2a: Joao
|-resisted|p2a: Joao
|-damage|p2a: Joao|0 fnt
|faint|p2a: Joao
|-damage|p1a: Corviknight|6/100|[from] Recoil
|
|win|Tyrannotrum
|raw|Tyrannotrum's rating: 1116 &rarr; <strong>1140</strong><br />(+24 for winning)
|raw|kjojon's rating: 1096 &rarr; <strong>1073</strong><br />(-23 for losing)
|c|☆kjojon|gg's
|c|☆Tyrannotrum|ggs
