|html|<div class="broadcast-blue"><strong>[Gen 9] OU is currently suspecting Volcarona! For information on how to participate check out the <a href="https://www.smogon.com/tools/suspects/view/208">suspect thread</a>.</strong></div>
|j|☆cargo90210
|j|☆barik_12
|t:|1778498197
|gametype|singles
|player|p1|cargo90210|swimmer-gen4|1148
|player|p2|barik_12|169|1143
|gen|9
|tier|[Gen 9] OU
|rated|
|rule|HP Percentage Mod: HP is shown in percentages
|rule|Endless Battle Clause: Forcing endless battles is banned
|rule|Species Clause: Limit one of each Pokémon
|rule|OHKO Clause: OHKO moves are banned
|rule|Evasion Items Clause: Evasion items are banned
|rule|Evasion Moves Clause: Evasion moves are banned
|rule|Evasion Abilities Clause: Evasion abilities are banned
|rule|Sleep Moves Clause: Sleep-inducing moves are banned
|clearpoke
|poke|p1|Dragonite, M|
|poke|p1|Drifblim, F|
|poke|p1|Cinderace, F|
|poke|p1|Meowscarada, F|
|poke|p1|Keldeo-Resolute|
|poke|p1|Kingambit, M|
|poke|p2|Samurott-Hisui, F|
|poke|p2|Dragonite, M|
|poke|p2|Kingambit, F|
|poke|p2|Volcarona, M|
|poke|p2|Slowking-Galar, M|
|poke|p2|Kyurem|
|teampreview
|
|t:|1778498213
|teamsize|p1|6
|teamsize|p2|6
|start
|switch|p1a: Flips lips|Drifblim, F|100/100
|switch|p2a: Samurott|Samurott-Hisui, F|100/100
|turn|1
|
|t:|1778498230
|move|p2a: Samurott|Ceaseless Edge|p1a: Flips lips
|-supereffective|p1a: Flips lips
|-damage|p1a: Flips lips|50/100
|-enditem|p1a: Flips lips|Weakness Policy
|-boost|p1a: Flips lips|atk|2|[from] item: Weakness Policy
|-boost|p1a: Flips lips|spa|2|[from] item: Weakness Policy
|-sidestart|p1: cargo90210|Spikes
|move|p1a: Flips lips|Strength Sap|p2a: Samurott
|-unboost|p2a: Samurott|atk|1
|-heal|p1a: Flips lips|100/100
|
|upkeep
|turn|2
|
|t:|1778498246
|move|p1a: Flips lips|Air Slash|p2a: Samurott
|-damage|p2a: Samurott|55/100
|move|p2a: Samurott|Ceaseless Edge|p1a: Flips lips
|-supereffective|p1a: Flips lips
|-damage|p1a: Flips lips|71/100
|-sidestart|p1: cargo90210|Spikes
|
|upkeep
|turn|3
|
|t:|1778498265
|move|p1a: Flips lips|Air Slash|p2a: Samurott
|-damage|p2a: Samurott|7/100
|move|p2a: Samurott|Ceaseless Edge|p1a: Flips lips
|-supereffective|p1a: Flips lips
|-damage|p1a: Flips lips|40/100
|-sidestart|p1: cargo90210|Spikes
|
|upkeep
|turn|4
|
|t:|1778498271
|move|p2a: Samurott|Sucker Punch|p1a: Flips lips
|-supereffective|p1a: Flips lips
|-damage|p1a: Flips lips|2/100
|move|p1a: Flips lips|Shadow Ball|p2a: Samurott
|-resisted|p2a: Samurott
|-damage|p2a: Samurott|0 fnt
|faint|p2a: Samurott
|
|upkeep
|
|t:|1778498293
|switch|p2a: Kingambit|Kingambit, F|100/100
|-activate|p2a: Kingambit|ability: Supreme Overlord
|-start|p2a: Kingambit|fallen1|[silent]
|turn|5
|
|t:|1778498299
|move|p2a: Kingambit|Sucker Punch||[still]
|-fail|p2a: Kingambit
|move|p1a: Flips lips|Strength Sap|p2a: Kingambit
|-unboost|p2a: Kingambit|atk|1
|-heal|p1a: Flips lips|86/100
|
|upkeep
|turn|6
|
|t:|1778498307
|move|p1a: Flips lips|Calm Mind|p1a: Flips lips
|-boost|p1a: Flips lips|spa|1
|-boost|p1a: Flips lips|spd|1
|move|p2a: Kingambit|Kowtow Cleave|p1a: Flips lips
|-supereffective|p1a: Flips lips
|-crit|p1a: Flips lips
|-damage|p1a: Flips lips|0 fnt
|faint|p1a: Flips lips
|
|upkeep
|
|t:|1778498316
|switch|p1a: Flippin overrated|Cinderace, F, shiny|100/100
|turn|7
|
|t:|1778498325
|-end|p2a: Kingambit|fallen1|[silent]
|switch|p2a: Slowking|Slowking-Galar, M|100/100
|move|p1a: Flippin overrated|Court Change|p1a: Flippin overrated
|-start|p1a: Flippin overrated|typechange|Normal|[from] ability: Libero
|-swapsideconditions
|-activate|p1a: Flippin overrated|move: Court Change
|
|upkeep
|turn|8
|
|t:|1778498338
|move|p1a: Flippin overrated|Pyro Ball|p2a: Slowking
|-damage|p2a: Slowking|75/100
|move|p2a: Slowking|Future Sight|p1a: Flippin overrated
|-start|p2a: Slowking|move: Future Sight
|
|-heal|p2a: Slowking|81/100|[from] item: Leftovers
|upkeep
|turn|9
|
|t:|1778498346
|move|p1a: Flippin overrated|Pyro Ball|p2a: Slowking
|-damage|p2a: Slowking|50/100
|move|p2a: Slowking|Sludge Bomb|p1a: Flippin overrated
|-damage|p1a: Flippin overrated|54/100
|
|-heal|p2a: Slowking|57/100|[from] item: Leftovers
|upkeep
|turn|10
|
|t:|1778498356
|switch|p1a: King Flipper|Kingambit, M|100/100
|-activate|p1a: King Flipper|ability: Supreme Overlord
|-start|p1a: King Flipper|fallen1|[silent]
|-prepare|p2a: Slowking|Chilly Reception|[premajor]
|move|p2a: Slowking|Chilly Reception|p2a: Slowking
|-weather|Snowscape
|
|t:|1778498366
|switch|p2a: Volcarona|Volcarona, M|100/100|[from] Chilly Reception
|
|-weather|Snowscape|[upkeep]
|-end|p1a: King Flipper|move: Future Sight
|-immune|p1a: King Flipper
|upkeep
|turn|11
|
|t:|1778498378
|-end|p1a: King Flipper|fallen1|[silent]
|switch|p1a: Stupid Flipper|Keldeo-Resolute|100/100
|move|p2a: Volcarona|Quiver Dance|p2a: Volcarona
|-boost|p2a: Volcarona|spa|1
|-boost|p2a: Volcarona|spd|1
|-boost|p2a: Volcarona|spe|1
|
|-weather|Snowscape|[upkeep]
|upkeep
|turn|12
|
|t:|1778498398
|switch|p2a: Slowking|Slowking-Galar, M|90/100
|-damage|p2a: Slowking|65/100|[from] Spikes
|move|p1a: Stupid Flipper|Surf|p2a: Slowking
|-damage|p2a: Slowking|27/100
|
|-weather|Snowscape|[upkeep]
|-heal|p2a: Slowking|33/100|[from] item: Leftovers
|upkeep
|turn|13
|inactive|Battle timer is ON: inactive players will automatically lose when time's up. (requested by cargo90210)
|
|t:|1778498408
|move|p1a: Stupid Flipper|Surf|p2a: Slowking
|-damage|p2a: Slowking|0 fnt
|faint|p2a: Slowking
|
|-weather|Snowscape|[upkeep]
|upkeep
|
|t:|1778498412
|switch|p2a: Kyurem|Kyurem|100/100
|-damage|p2a: Kyurem|76/100|[from] Spikes
|-ability|p2a: Kyurem|Pressure
|turn|14
|
|t:|1778498421
|switch|p1a: Flippin overrated|Cinderace, F, shiny|54/100
|move|p2a: Kyurem|Freeze-Dry|p1a: Flippin overrated
|-resisted|p1a: Flippin overrated
|-damage|p1a: Flippin overrated|27/100
|
|-weather|none
|upkeep
|turn|15
|
|t:|1778498429
|move|p1a: Flippin overrated|Pyro Ball|p2a: Kyurem
|-damage|p2a: Kyurem|28/100
|move|p2a: Kyurem|Earth Power|p1a: Flippin overrated
|-supereffective|p1a: Flippin overrated
|-damage|p1a: Flippin overrated|0 fnt
|faint|p1a: Flippin overrated
|
|upkeep
|
|t:|1778498437
|switch|p1a: Stupid Flipper|Keldeo-Resolute|100/100
|turn|16
|
|t:|1778498440
|move|p1a: Stupid Flipper|Secret Sword|p2a: Kyurem
|-supereffective|p2a: Kyurem
|-damage|p2a: Kyurem|0 fnt
|faint|p2a: Kyurem
|
|upkeep
|
|t:|1778498447
|switch|p2a: Dragonite|Dragonite, M|100/100
|turn|17
|
|t:|1778498454
|switch|p1a: Flip flapper|Meowscarada, F|100/100
|move|p2a: Dragonite|Dragon Dance|p2a: Dragonite
|-boost|p2a: Dragonite|atk|1
|-boost|p2a: Dragonite|spe|1
|
|upkeep
|turn|18
|
|t:|1778498467
|-terastallize|p2a: Dragonite|Normal
|move|p2a: Dragonite|Fire Punch|p1a: Flip flapper
|-supereffective|p1a: Flip flapper
|-damage|p1a: Flip flapper|0 fnt
|faint|p1a: Flip flapper
|
|upkeep
|
|t:|1778498473
|switch|p1a: Stupid Flipper|Keldeo-Resolute|100/100
|turn|19
|
|t:|1778498478
|move|p2a: Dragonite|Extreme Speed|p1a: Stupid Flipper
|-damage|p1a: Stupid Flipper|19/100
|move|p1a: Stupid Flipper|Secret Sword|p2a: Dragonite
|-supereffective|p2a: Dragonite
|-damage|p2a: Dragonite|50/100
|
|upkeep
|turn|20
|
|t:|1778498489
|switch|p1a: Cant flip|Dragonite, M|100/100
|move|p2a: Dragonite|Extreme Speed|p1a: Cant flip
|-damage|p1a: Cant flip|79/100
|
|upkeep
|turn|21
|
|t:|1778498501
|move|p2a: Dragonite|Extreme Speed|p1a: Cant flip
|-crit|p1a: Cant flip
|-damage|p1a: Cant flip|11/100
|move|p1a: Cant flip|Extreme Speed|p2a: Dragonite
|-damage|p2a: Dragonite|24/100
|
|upkeep
|turn|22
|
|t:|1778498508
|move|p2a: Dragonite|Extreme Speed|p1a: Cant flip
|-damage|p1a: Cant flip|0 fnt
|faint|p1a: Cant flip
|
|upkeep
|
|t:|1778498512
|switch|p1a: King Flipper|Kingambit, M|100/100
|-activate|p1a: King Flipper|ability: Supreme Overlord
|-start|p1a: King Flipper|fallen4|[silent]
|turn|23
|
|t:|1778498522
|move|p2a: Dragonite|Earthquake|p1a: King Flipper
|-supereffective|p1a: King Flipper
|-damage|p1a: King Flipper|23/100
|move|p1a: King Flipper|Brick Break|p2a: Dragonite
|-supereffective|p2a: Dragonite
|-crit|p2a: Dragonite
|-damage|p2a: Dragonite|0 fnt
|faint|p2a: Dragonite
|
|upkeep
|
|t:|1778498532
|switch|p2a: Volcarona|Volcarona, M|100/100
|turn|24
|
|t:|1778498538
|move|p1a: King Flipper|Sucker Punch|p2a: Volcarona
|-damage|p2a: Volcarona|50/100
|move|p2a: Volcarona|Fiery Dance|p1a: King Flipper
|-supereffective|p1a: King Flipper
|-damage|p1a: King Flipper|0 fnt
|faint|p1a: King Flipper
|-end|p1a: King Flipper|fallen4|[silent]
|
|upkeep
|
|t:|1778498545
|switch|p1a: Stupid Flipper|Keldeo-Resolute|19/100
|turn|25
|
|t:|1778498553
|move|p1a: Stupid Flipper|Secret Sword|p2a: Volcarona
|-resisted|p2a: Volcarona
|-damage|p2a: Volcarona|32/100
|move|p2a: Volcarona|Bug Buzz|p1a: Stupid Flipper
|-resisted|p1a: Stupid Flipper
|-damage|p1a: Stupid Flipper|0 fnt
|faint|p1a: Stupid Flipper
|
|win|barik_12
|raw|cargo90210's rating: 1148 &rarr; <strong>1123</strong><br />(-25 for losing)
|raw|barik_12's rating: 1143 &rarr; <strong>1168</strong><br />(+25 for winning)
|l|☆cargo90210
|player|p1|
|l|☆barik_12
|player|p2|
