|html|<div class="broadcast-blue"><strong>[Gen 9] OU is currently suspecting Tera Blast! For information on how to participate check out the <a href="https://www.smogon.com/tools/suspects/view/200">suspect thread</a>.</strong></div>
|j|☆Flame01
|j|☆swordsdance77090
|t:|1776271049
|gametype|singles
|player|p1|Flame01|102|1124
|player|p2|swordsdance77090|skierf-gen4dp|1117
|gen|9
|tier|[Gen 9] OU
|rated|
|rule|HP Percentage Mod: HP is shown in percentages
|rule|Endless Battle Clause: Forcing endless battles is banned
|rule|Species Clause: Limit one of each Pokémon
|rule|OHKO Clause: OHKO moves are banned
|rule|Evasion Items Clause: Evasion items are banned
|rule|Evasion Moves Clause: Evasion moves are banned
|rule|Evasion Abilities Clause: Evasion abilities are banned
|rule|Sleep Moves Clause: Sleep-inducing moves are banned
|clearpoke
|poke|p1|Zoroark, F|
|poke|p1|Scrafty, F|
|poke|p1|Whimsicott, F|
|poke|p1|Hatterene, F|
|poke|p1|Golem-Alola, F|
|poke|p1|Enamorus, F|
|poke|p2|Dragonite, F|
|poke|p2|Samurott-Hisui, F|
|poke|p2|Clefable, M|
|poke|p2|Gliscor, M|
|poke|p2|Gholdengo|
|poke|p2|Zamazenta-*|
|teampreview
|inactive|Battle timer is ON: inactive players will automatically lose when time's up. (requested by swordsdance77090)
|
|t:|1776271074
|teamsize|p1|6
|teamsize|p2|6
|start
|switch|p1a: Hatterene|Hatterene, F|100/100
|switch|p2a: Gholdengo|Gholdengo|100/100
|turn|1
|
|t:|1776271085
|move|p1a: Hatterene|Dark Pulse|p2a: Gholdengo
|-supereffective|p2a: Gholdengo
|-damage|p2a: Gholdengo|24/100
|move|p2a: Gholdengo|Make It Rain|p1a: Hatterene
|-enditem|p1a: Hatterene|Focus Sash
|-damage|p1a: Hatterene|1/100
|-unboost|p2a: Gholdengo|spa|1
|replace|p1a: Zoroark|Zoroark, F
|-end|p1a: Zoroark|Illusion
|
|-heal|p2a: Gholdengo|30/100|[from] item: Leftovers
|upkeep
|turn|2
|
|t:|1776271098
|switch|p2a: Zamazenta|Zamazenta|100/100
|-ability|p2a: Zamazenta|Dauntless Shield|boost
|-boost|p2a: Zamazenta|def|1
|move|p1a: Zoroark|Dark Pulse|p2a: Zamazenta
|-resisted|p2a: Zamazenta
|-damage|p2a: Zamazenta|81/100
|
|upkeep
|turn|3
|
|t:|1776271109
|switch|p1a: Whimsicott|Whimsicott, F|100/100
|move|p2a: Zamazenta|Body Press|p1a: Whimsicott
|-resisted|p1a: Whimsicott
|-damage|p1a: Whimsicott|79/100
|
|-heal|p1a: Whimsicott|85/100|[from] item: Leftovers
|upkeep
|turn|4
|
|t:|1776271115
|switch|p2a: Clefable|Clefable, M|100/100
|move|p1a: Whimsicott|Stun Spore|p2a: Clefable
|-status|p2a: Clefable|par
|
|-heal|p1a: Whimsicott|91/100|[from] item: Leftovers
|upkeep
|turn|5
|
|t:|1776271129
|switch|p2a: Samurott|Samurott-Hisui, F|100/100
|move|p1a: Whimsicott|Leech Seed|p2a: Samurott
|-hint|Since gen 7, Dark is immune to Prankster moves.
|-immune|p2a: Samurott
|
|-heal|p1a: Whimsicott|97/100|[from] item: Leftovers
|upkeep
|turn|6
|
|t:|1776271141
|switch|p2a: Clefable|Clefable, M|100/100 par
|move|p1a: Whimsicott|Moonblast|p2a: Clefable
|-damage|p2a: Clefable|80/100 par
|
|-heal|p1a: Whimsicott|100/100|[from] item: Leftovers
|-heal|p2a: Clefable|86/100 par|[from] item: Leftovers
|upkeep
|turn|7
|
|t:|1776271146
|move|p1a: Whimsicott|Leech Seed|p2a: Clefable
|-start|p2a: Clefable|move: Leech Seed
|move|p2a: Clefable|Flamethrower|p1a: Whimsicott
|-supereffective|p1a: Whimsicott
|-damage|p1a: Whimsicott|52/100
|
|-heal|p1a: Whimsicott|58/100|[from] item: Leftovers
|-heal|p2a: Clefable|92/100 par|[from] item: Leftovers
|upkeep
|turn|8
|
|t:|1776271163
|switch|p1a: Hatterene|Hatterene, F|100/100
|cant|p2a: Clefable|par
|
|-heal|p2a: Clefable|98/100 par|[from] item: Leftovers
|upkeep
|turn|9
|
|t:|1776271180
|move|p1a: Hatterene|Calm Mind|p1a: Hatterene
|-boost|p1a: Hatterene|spa|1
|-boost|p1a: Hatterene|spd|1
|move|p2a: Clefable|Moonblast|p1a: Hatterene
|-crit|p1a: Hatterene
|-damage|p1a: Hatterene|49/100
|
|-heal|p1a: Hatterene|55/100|[from] item: Leftovers
|-heal|p2a: Clefable|100/100 par|[from] item: Leftovers
|upkeep
|turn|10
|
|t:|1776271205
|move|p1a: Hatterene|Mystical Fire|p2a: Clefable
|-damage|p2a: Clefable|77/100 par
|-unboost|p2a: Clefable|spa|1
|move|p2a: Clefable|Moonblast|p1a: Hatterene
|-damage|p1a: Hatterene|40/100
|
|-heal|p1a: Hatterene|46/100|[from] item: Leftovers
|-heal|p2a: Clefable|83/100 par|[from] item: Leftovers
|upkeep
|turn|11
|
|t:|1776271217
|switch|p2a: Gliscor|Gliscor, M|100/100
|move|p1a: Hatterene|Draining Kiss|p2a: Gliscor
|-damage|p2a: Gliscor|72/100
|-heal|p1a: Hatterene|70/100|[from] drain|[of] p2a: Gliscor
|
|-heal|p1a: Hatterene|76/100|[from] item: Leftovers
|-status|p2a: Gliscor|tox|[from] item: Toxic Orb
|upkeep
|turn|12
|inactive|Flame01 has 120 seconds left.
|
|t:|1776271245
|switch|p1a: Enamorus|Enamorus, F|100/100
|move|p2a: Gliscor|Facade|p1a: Enamorus
|-damage|p1a: Enamorus|53/100
|
|-heal|p2a: Gliscor|85/100 tox|[from] ability: Poison Heal
|upkeep
|turn|13
|inactive|Flame01 has 120 seconds left.
|
|t:|1776271264
|switch|p1a: Golem|Golem-Alola, F|100/100
|switch|p2a: Clefable|Clefable, M|83/100 par
|
|-heal|p2a: Clefable|89/100 par|[from] item: Leftovers
|upkeep
|turn|14
|
|t:|1776271277
|switch|p2a: Zamazenta|Zamazenta|81/100
|move|p1a: Golem|Stealth Rock|p2a: Zamazenta
|-sidestart|p2: swordsdance77090|move: Stealth Rock
|
|upkeep
|turn|15
|
|t:|1776271287
|move|p2a: Zamazenta|Reflect|p2a: Zamazenta
|-sidestart|p2: swordsdance77090|Reflect
|move|p1a: Golem|Explosion|p2a: Zamazenta
|-damage|p2a: Zamazenta|8/100
|faint|p1a: Golem
|
|upkeep
|
|t:|1776271302
|switch|p1a: Scrafty|Scrafty, F|100/100
|turn|16
|
|t:|1776271307
|move|p2a: Zamazenta|Body Press|p1a: Scrafty
|-supereffective|p1a: Scrafty
|-damage|p1a: Scrafty|27/100
|move|p1a: Scrafty|Dragon Dance|p1a: Scrafty
|-boost|p1a: Scrafty|atk|1
|-boost|p1a: Scrafty|spe|1
|
|-heal|p1a: Scrafty|33/100|[from] item: Leftovers
|upkeep
|turn|17
|
|t:|1776271317
|-terastallize|p1a: Scrafty|Fighting
|move|p2a: Zamazenta|Body Press|p1a: Scrafty
|-damage|p1a: Scrafty|0 fnt
|faint|p1a: Scrafty
|
|upkeep
|-message|Flame01 forfeited.
|
|win|swordsdance77090
|raw|Flame01's rating: 1124 &rarr; <strong>1098</strong><br />(-26 for losing)
|raw|swordsdance77090's rating: 1117 &rarr; <strong>1143</strong><br />(+26 for winning)
|l|☆Flame01
|player|p1|
