|html|<div class="broadcast-blue"><strong>[Gen 9] OU is currently suspecting Tera Blast! For information on how to participate check out the <a href="https://www.smogon.com/tools/suspects/view/200">suspect thread</a>.</strong></div>
|j|☆GravenberchGooner
|j|☆SafieKaya
|t:|1776037501
|gametype|singles
|player|p1|GravenberchGooner|brycenman|1174
|player|p2|SafieKaya|clerkf|1171
|gen|9
|tier|[Gen 9] OU
|rated|
|rule|HP Percentage Mod: HP is shown in percentages
|rule|Endless Battle Clause: Forcing endless battles is banned
|rule|Species Clause: Limit one of each Pokémon
|rule|OHKO Clause: OHKO moves are banned
|rule|Evasion Items Clause: Evasion items are banned
|rule|Evasion Moves Clause: Evasion moves are banned
|rule|Evasion Abilities Clause: Evasion abilities are banned
|rule|Sleep Moves Clause: Sleep-inducing moves are banned
|clearpoke
|poke|p1|Pelipper, F|
|poke|p1|Raging Bolt|
|poke|p1|Overqwil, M|
|poke|p1|Barraskewda, F|
|poke|p1|Iron Treads|
|poke|p1|Kingambit, M|
|poke|p2|Alomomola, M|
|poke|p2|Hatterene, F|
|poke|p2|Great Tusk|
|poke|p2|Skeledirge, F|
|poke|p2|Hydrapple, F|
|poke|p2|Meowscarada, M|
|teampreview
|
|t:|1776037524
|teamsize|p1|6
|teamsize|p2|6
|start
|switch|p1a: Pelipper|Pelipper, F|100/100
|switch|p2a: Meowscarada|Meowscarada, M|100/100
|-weather|RainDance|[from] ability: Drizzle|[of] p1a: Pelipper
|turn|1
|
|t:|1776037531
|move|p2a: Meowscarada|Thunder Punch|p1a: Pelipper
|-start|p2a: Meowscarada|typechange|Electric|[from] ability: Protean
|-supereffective|p1a: Pelipper
|-damage|p1a: Pelipper|0 fnt
|faint|p1a: Pelipper
|-damage|p2a: Meowscarada|91/100|[from] item: Life Orb
|
|-weather|RainDance|[upkeep]
|upkeep
|
|t:|1776037541
|switch|p1a: Iron Treads|Iron Treads|100/100
|-enditem|p1a: Iron Treads|Booster Energy
|-activate|p1a: Iron Treads|ability: Quark Drive|[fromitem]
|-start|p1a: Iron Treads|quarkdrivespe
|turn|2
|
|t:|1776037568
|switch|p2a: Alololololomomola|Alomomola, M|100/100
|move|p1a: Iron Treads|Earth Power|p2a: Alololololomomola
|-damage|p2a: Alololololomomola|62/100
|
|-weather|RainDance|[upkeep]
|-heal|p2a: Alololololomomola|68/100|[from] item: Leftovers
|upkeep
|turn|3
|
|t:|1776037578
|move|p1a: Iron Treads|Steel Beam|p2a: Alololololomomola
|-resisted|p2a: Alololololomomola
|-damage|p2a: Alololololomomola|34/100
|-damage|p1a: Iron Treads|50/100|[from] steelbeam
|move|p2a: Alololololomomola|Flip Turn|p1a: Iron Treads
|-supereffective|p1a: Iron Treads
|-damage|p1a: Iron Treads|13/100
|
|t:|1776037588
|switch|p2a: Meowscarada|Meowscarada, M|91/100|[from] Flip Turn
|
|-weather|RainDance|[upkeep]
|upkeep
|turn|4
|
|t:|1776037594
|move|p2a: Meowscarada|Sucker Punch||[still]
|-fail|p2a: Meowscarada
|move|p1a: Iron Treads|Stealth Rock|p2a: Meowscarada
|-sidestart|p2: SafieKaya|move: Stealth Rock
|
|-weather|RainDance|[upkeep]
|upkeep
|turn|5
|
|t:|1776037603
|move|p1a: Iron Treads|Steel Beam|p2a: Meowscarada
|-damage|p2a: Meowscarada|4/100
|-damage|p1a: Iron Treads|0 fnt|[from] steelbeam
|faint|p1a: Iron Treads
|-end|p1a: Iron Treads|Quark Drive|[silent]
|move|p2a: Meowscarada|Flower Trick|p1: Iron Treads|[notarget]
|-fail|p2a: Meowscarada
|
|-weather|RainDance|[upkeep]
|upkeep
|
|t:|1776037617
|switch|p1a: Raging Bolt|Raging Bolt|100/100
|-enditem|p1a: Raging Bolt|Booster Energy
|-activate|p1a: Raging Bolt|ability: Protosynthesis|[fromitem]
|-start|p1a: Raging Bolt|protosynthesisspa
|turn|6
|
|t:|1776037624
|move|p2a: Meowscarada|Sucker Punch|p1a: Raging Bolt
|-start|p2a: Meowscarada|typechange|Dark|[from] ability: Protean
|-damage|p1a: Raging Bolt|63/100
|-damage|p2a: Meowscarada|0 fnt|[from] item: Life Orb
|faint|p2a: Meowscarada
|move|p1a: Raging Bolt|Thunderclap|p2: Meowscarada|[notarget]
|-fail|p1a: Raging Bolt
|
|-weather|RainDance|[upkeep]
|upkeep
|
|t:|1776037634
|switch|p2a: Hannibal|Great Tusk|100/100
|turn|7
|
|t:|1776037644
|-end|p1a: Raging Bolt|Protosynthesis|[silent]
|switch|p1a: Barraskewda|Barraskewda, F, shiny|100/100
|move|p2a: Hannibal|Headlong Rush|p1a: Barraskewda
|-damage|p1a: Barraskewda|0 fnt
|-unboost|p2a: Hannibal|def|1
|-unboost|p2a: Hannibal|spd|1
|faint|p1a: Barraskewda
|
|-weather|RainDance|[upkeep]
|upkeep
|
|t:|1776037659
|switch|p1a: Overqwil|Overqwil, M, shiny|100/100
|turn|8
|
|t:|1776037663
|-terastallize|p1a: Overqwil|Water
|move|p1a: Overqwil|Liquidation|p2a: Hannibal
|-supereffective|p2a: Hannibal
|-damage|p2a: Hannibal|0 fnt
|faint|p2a: Hannibal
|-end|p2a: Hannibal|Protosynthesis|[silent]
|-damage|p1a: Overqwil|91/100|[from] item: Life Orb
|
|-weather|none
|upkeep
|
|t:|1776037682
|switch|p2a: 金龙|Hydrapple, F, shiny|100/100
|-damage|p2a: 金龙|88/100|[from] Stealth Rock
|turn|9
|
|t:|1776037687
|-terastallize|p2a: 金龙|Water
|move|p1a: Overqwil|Gunk Shot|p2a: 金龙|[miss]
|-miss|p1a: Overqwil|p2a: 金龙
|move|p2a: 金龙|Giga Drain|p1a: Overqwil
|-supereffective|p1a: Overqwil
|-damage|p1a: Overqwil|0 fnt
|-heal|p2a: 金龙|100/100|[from] drain|[of] p1a: Overqwil
|faint|p1a: Overqwil
|
|upkeep
|
|t:|1776037698
|switch|p1a: Raging Bolt|Raging Bolt|63/100
|turn|10
|
|t:|1776037702
|move|p1a: Raging Bolt|Thunder|p2a: 金龙
|-supereffective|p2a: 金龙
|-damage|p2a: 金龙|0 fnt
|faint|p2a: 金龙
|
|upkeep
|
|t:|1776037710
|switch|p2a: Yuri|Hatterene, F|100/100
|-damage|p2a: Yuri|88/100|[from] Stealth Rock
|turn|11
|
|t:|1776037719
|move|p1a: Raging Bolt|Thunder|p2a: Yuri|[miss]
|-miss|p1a: Raging Bolt|p2a: Yuri
|move|p2a: Yuri|Draining Kiss|p1a: Raging Bolt
|-supereffective|p1a: Raging Bolt
|-damage|p1a: Raging Bolt|12/100
|-heal|p2a: Yuri|100/100|[from] drain|[of] p1a: Raging Bolt
|
|upkeep
|turn|12
|
|t:|1776037727
|move|p1a: Raging Bolt|Thunder|p2a: Yuri
|-damage|p2a: Yuri|28/100
|move|p2a: Yuri|Mystical Fire|p1a: Raging Bolt
|-resisted|p1a: Raging Bolt
|-crit|p1a: Raging Bolt
|-damage|p1a: Raging Bolt|0 fnt
|faint|p1a: Raging Bolt
|-end|p1a: Raging Bolt|Protosynthesis|[silent]
|
|-heal|p2a: Yuri|34/100|[from] item: Leftovers
|upkeep
|
|t:|1776037737
|switch|p1a: Kingambit|Kingambit, M, shiny|100/100
|-activate|p1a: Kingambit|ability: Supreme Overlord
|-start|p1a: Kingambit|fallen5|[silent]
|turn|13
|
|t:|1776037743
|move|p1a: Kingambit|Sucker Punch|p2a: Yuri
|-damage|p2a: Yuri|0 fnt
|faint|p2a: Yuri
|
|upkeep
|
|t:|1776037747
|switch|p2a: Jane Juliet|Skeledirge, F|100/100
|-damage|p2a: Jane Juliet|75/100|[from] Stealth Rock
|turn|14
|
|t:|1776037755
|move|p2a: Jane Juliet|Will-O-Wisp|p1a: Kingambit
|-status|p1a: Kingambit|brn
|move|p1a: Kingambit|Kowtow Cleave|p2a: Jane Juliet
|-supereffective|p2a: Jane Juliet
|-damage|p2a: Jane Juliet|15/100
|
|-heal|p2a: Jane Juliet|21/100|[from] item: Leftovers
|-damage|p1a: Kingambit|94/100 brn|[from] brn
|upkeep
|turn|15
|
|t:|1776037771
|move|p1a: Kingambit|Sucker Punch||[still]
|-fail|p1a: Kingambit
|move|p2a: Jane Juliet|Slack Off|p2a: Jane Juliet
|-heal|p2a: Jane Juliet|71/100
|
|-heal|p2a: Jane Juliet|77/100|[from] item: Leftovers
|-heal|p1a: Kingambit|100/100 brn|[from] item: Leftovers
|-damage|p1a: Kingambit|94/100 brn|[from] brn
|upkeep
|turn|16
|
|t:|1776037781
|move|p2a: Jane Juliet|Torch Song|p1a: Kingambit
|-supereffective|p1a: Kingambit
|-damage|p1a: Kingambit|19/100 brn
|-boost|p2a: Jane Juliet|spa|1
|move|p1a: Kingambit|Kowtow Cleave|p2a: Jane Juliet
|-supereffective|p2a: Jane Juliet
|-damage|p2a: Jane Juliet|17/100
|
|-heal|p2a: Jane Juliet|24/100|[from] item: Leftovers
|-heal|p1a: Kingambit|26/100 brn|[from] item: Leftovers
|-damage|p1a: Kingambit|19/100 brn|[from] brn
|upkeep
|turn|17
|
|t:|1776037794
|move|p1a: Kingambit|Sucker Punch|p2a: Jane Juliet
|-supereffective|p2a: Jane Juliet
|-damage|p2a: Jane Juliet|0 fnt
|faint|p2a: Jane Juliet
|
|-heal|p1a: Kingambit|26/100 brn|[from] item: Leftovers
|-damage|p1a: Kingambit|19/100 brn|[from] brn
|upkeep
|
|t:|1776037800
|switch|p2a: Alololololomomola|Alomomola, M|68/100
|-damage|p2a: Alololololomomola|55/100|[from] Stealth Rock
|turn|18
|
|t:|1776037807
|move|p2a: Alololololomomola|Wish|p2a: Alololololomomola
|move|p1a: Kingambit|Kowtow Cleave|p2a: Alololololomomola
|-damage|p2a: Alololololomomola|36/100
|
|-heal|p2a: Alololololomomola|42/100|[from] item: Leftovers
|-heal|p1a: Kingambit|26/100 brn|[from] item: Leftovers
|-damage|p1a: Kingambit|19/100 brn|[from] brn
|upkeep
|turn|19
|
|t:|1776037818
|move|p2a: Alololololomomola|Scald|p1a: Kingambit
|-damage|p1a: Kingambit|6/100 brn
|move|p1a: Kingambit|Iron Head|p2a: Alololololomomola
|-resisted|p2a: Alololololomomola
|-damage|p2a: Alololololomomola|33/100
|
|-heal|p2a: Alololololomomola|83/100|[from] move: Wish|[wisher] Alololololomomola
|-heal|p2a: Alololololomomola|89/100|[from] item: Leftovers
|-heal|p1a: Kingambit|12/100 brn|[from] item: Leftovers
|-damage|p1a: Kingambit|6/100 brn|[from] brn
|upkeep
|turn|20
|
|t:|1776037831
|move|p2a: Alololololomomola|Scald|p1a: Kingambit
|-damage|p1a: Kingambit|0 fnt
|faint|p1a: Kingambit
|-end|p1a: Kingambit|fallen5|[silent]
|
|win|SafieKaya
|raw|GravenberchGooner's rating: 1174 &rarr; <strong>1149</strong><br />(-25 for losing)
|raw|SafieKaya's rating: 1171 &rarr; <strong>1196</strong><br />(+25 for winning)
