|html|<div class="broadcast-blue"><strong>[Gen 9] OU is currently suspecting Tera Blast! For information on how to participate check out the <a href="https://www.smogon.com/tools/suspects/view/200">suspect thread</a>.</strong></div>
|j|☆RomN-Tick
|j|☆coast ghost
|t:|1776309328
|gametype|singles
|player|p1|RomN-Tick|ethan|1564
|player|p2|coast ghost|gambler|1511
|gen|9
|tier|[Gen 9] OU
|rated|
|rule|HP Percentage Mod: HP is shown in percentages
|rule|Endless Battle Clause: Forcing endless battles is banned
|rule|Species Clause: Limit one of each Pokémon
|rule|OHKO Clause: OHKO moves are banned
|rule|Evasion Items Clause: Evasion items are banned
|rule|Evasion Moves Clause: Evasion moves are banned
|rule|Evasion Abilities Clause: Evasion abilities are banned
|rule|Sleep Moves Clause: Sleep-inducing moves are banned
|clearpoke
|poke|p1|Lokix, M|
|poke|p1|Primarina, F|
|poke|p1|Corviknight, M|
|poke|p1|Slowking-Galar, M|
|poke|p1|Dragapult, F|
|poke|p1|Great Tusk|
|poke|p2|Chesnaught, M|
|poke|p2|Kyurem|
|poke|p2|Primarina, F|
|poke|p2|Dragonite, F|
|poke|p2|Iron Valiant|
|poke|p2|Iron Treads|
|teampreview
|
|t:|1776309337
|teamsize|p1|6
|teamsize|p2|6
|start
|switch|p1a: Dragapult|Dragapult, F|100/100
|switch|p2a: Primarina|Primarina, F|100/100
|turn|1
|
|t:|1776309347
|move|p1a: Dragapult|U-turn|p2a: Primarina
|-resisted|p2a: Primarina
|-damage|p2a: Primarina|91/100
|
|t:|1776309349
|switch|p1a: Slowking|Slowking-Galar, M|100/100|[from] U-turn
|move|p2a: Primarina|Surf|p1a: Slowking
|-damage|p1a: Slowking|73/100
|
|-heal|p1a: Slowking|79/100|[from] item: Black Sludge
|upkeep
|turn|2
|
|t:|1776309362
|move|p2a: Primarina|Flip Turn|p1a: Slowking
|-damage|p1a: Slowking|63/100
|
|t:|1776309365
|switch|p2a: Iron Treads|Iron Treads|100/100|[from] Flip Turn
|move|p1a: Slowking|Trick|p2a: Iron Treads
|-activate|p1a: Slowking|move: Trick|[of] p2a: Iron Treads
|-item|p2a: Iron Treads|Black Sludge|[from] move: Trick
|-item|p1a: Slowking|Leftovers|[from] move: Trick
|
|-damage|p2a: Iron Treads|88/100|[from] item: Black Sludge
|-heal|p1a: Slowking|69/100|[from] item: Leftovers
|upkeep
|turn|3
|
|t:|1776309371
|switch|p1a: Corviknight|Corviknight, M|100/100
|-ability|p1a: Corviknight|Pressure
|move|p2a: Iron Treads|Stealth Rock|p1a: Corviknight
|-sidestart|p1: RomN-Tick|move: Stealth Rock
|
|-damage|p2a: Iron Treads|76/100|[from] item: Black Sludge
|upkeep
|turn|4
|
|t:|1776309385
|move|p2a: Iron Treads|Knock Off|p1a: Corviknight
|-damage|p1a: Corviknight|82/100
|-damage|p2a: Iron Treads|59/100|[from] item: Rocky Helmet|[of] p1a: Corviknight
|-enditem|p1a: Corviknight|Rocky Helmet|[from] move: Knock Off|[of] p2a: Iron Treads
|move|p1a: Corviknight|Defog|p2a: Iron Treads
|-unboost|p2a: Iron Treads|evasion|1
|-sideend|p1: RomN-Tick|Stealth Rock|[from] move: Defog|[of] p1a: Corviknight
|
|-damage|p2a: Iron Treads|47/100|[from] item: Black Sludge
|upkeep
|turn|5
|
|t:|1776309418
|-end|p2a: Iron Treads|Quark Drive|[silent]
|switch|p2a: Primarina|Primarina, F|91/100
|move|p1a: Corviknight|U-turn|p2a: Primarina
|-resisted|p2a: Primarina
|-damage|p2a: Primarina|83/100
|
|t:|1776309424
|switch|p1a: Lokix|Lokix, M|100/100|[from] U-turn
|
|upkeep
|turn|6
|
|t:|1776309432
|switch|p2a: Chesnaught|Chesnaught, M|100/100
|move|p1a: Lokix|U-turn|p2a: Chesnaught
|-damage|p2a: Chesnaught|72/100
|-damage|p1a: Lokix|84/100|[from] item: Rocky Helmet|[of] p2a: Chesnaught
|
|t:|1776309441
|switch|p1a: Dragapult|Dragapult, F|100/100|[from] U-turn
|
|upkeep
|turn|7
|
|t:|1776309451
|move|p1a: Dragapult|Will-O-Wisp|p2a: Chesnaught
|-status|p2a: Chesnaught|brn
|move|p2a: Chesnaught|Knock Off|p1a: Dragapult
|-supereffective|p1a: Dragapult
|-damage|p1a: Dragapult|68/100
|-enditem|p1a: Dragapult|Heavy-Duty Boots|[from] move: Knock Off|[of] p2a: Chesnaught
|
|-damage|p2a: Chesnaught|66/100 brn|[from] brn
|upkeep
|turn|8
|
|t:|1776309458
|switch|p2a: Primarina|Primarina, F|83/100
|move|p1a: Dragapult|Hex|p2a: Primarina
|-damage|p2a: Primarina|67/100
|
|upkeep
|turn|9
|
|t:|1776309463
|move|p1a: Dragapult|U-turn|p2a: Primarina
|-resisted|p2a: Primarina
|-damage|p2a: Primarina|57/100
|
|t:|1776309465
|switch|p1a: Slowking|Slowking-Galar, M|100/100|[from] U-turn
|move|p2a: Primarina|Surf|p1a: Slowking
|-damage|p1a: Slowking|72/100
|
|-heal|p1a: Slowking|78/100|[from] item: Leftovers
|upkeep
|turn|10
|
|t:|1776309482
|move|p2a: Primarina|Surf|p1a: Slowking
|-damage|p1a: Slowking|48/100
|-prepare|p1a: Slowking|Chilly Reception|[premajor]
|move|p1a: Slowking|Chilly Reception|p1a: Slowking
|-weather|Snowscape
|
|t:|1776309485
|switch|p1a: Lokix|Lokix, M|84/100|[from] Chilly Reception
|
|-weather|Snowscape|[upkeep]
|upkeep
|turn|11
|
|t:|1776309487
|switch|p2a: Chesnaught|Chesnaught, M|66/100 brn
|move|p1a: Lokix|Knock Off|p2a: Chesnaught
|-resisted|p2a: Chesnaught
|-damage|p2a: Chesnaught|27/100 brn
|-damage|p1a: Lokix|67/100|[from] item: Rocky Helmet|[of] p2a: Chesnaught
|-enditem|p2a: Chesnaught|Rocky Helmet|[from] move: Knock Off|[of] p1a: Lokix
|
|-weather|Snowscape|[upkeep]
|-damage|p2a: Chesnaught|21/100 brn|[from] brn
|upkeep
|turn|12
|
|t:|1776309518
|switch|p1a: Corviknight|Corviknight, M|82/100
|-ability|p1a: Corviknight|Pressure
|move|p2a: Chesnaught|Synthesis|p2a: Chesnaught
|-heal|p2a: Chesnaught|46/100 brn
|
|-weather|Snowscape|[upkeep]
|-damage|p2a: Chesnaught|40/100 brn|[from] brn
|upkeep
|turn|13
|
|t:|1776309523
|switch|p2a: Primarina|Primarina, F|57/100
|move|p1a: Corviknight|U-turn|p2a: Primarina
|-resisted|p2a: Primarina
|-damage|p2a: Primarina|48/100
|
|t:|1776309528
|switch|p1a: Lokix|Lokix, M|67/100|[from] U-turn
|
|-weather|Snowscape|[upkeep]
|upkeep
|turn|14
|
|t:|1776309545
|switch|p2a: Chesnaught|Chesnaught, M|40/100 brn
|move|p1a: Lokix|U-turn|p2a: Chesnaught
|-damage|p2a: Chesnaught|11/100 brn
|
|t:|1776309549
|switch|p1a: Dragapult|Dragapult, F|68/100|[from] U-turn
|
|-weather|none
|-damage|p2a: Chesnaught|5/100 brn|[from] brn
|upkeep
|turn|15
|
|t:|1776309564
|move|p1a: Dragapult|Hex|p2a: Chesnaught
|-damage|p2a: Chesnaught|0 fnt
|faint|p2a: Chesnaught
|
|upkeep
|
|t:|1776309586
|switch|p2a: Primarina|Primarina, F|48/100
|turn|16
|
|t:|1776309590
|move|p1a: Dragapult|U-turn|p2a: Primarina
|-resisted|p2a: Primarina
|-damage|p2a: Primarina|38/100
|
|t:|1776309592
|switch|p1a: Slowking|Slowking-Galar, M|81/100|[from] U-turn
|move|p2a: Primarina|Moonblast|p1a: Slowking
|-resisted|p1a: Slowking
|-damage|p1a: Slowking|65/100
|
|-heal|p1a: Slowking|71/100|[from] item: Leftovers
|upkeep
|turn|17
|
|t:|1776309615
|move|p2a: Primarina|Surf|p1a: Slowking
|-damage|p1a: Slowking|43/100
|-prepare|p1a: Slowking|Chilly Reception|[premajor]
|move|p1a: Slowking|Chilly Reception|p1a: Slowking
|-weather|Snowscape
|
|t:|1776309617
|switch|p1a: Lokix|Lokix, M|67/100|[from] Chilly Reception
|
|-weather|Snowscape|[upkeep]
|upkeep
|turn|18
|
|t:|1776309622
|move|p1a: Lokix|U-turn|p2a: Primarina
|-resisted|p2a: Primarina
|-crit|p2a: Primarina
|-damage|p2a: Primarina|0 fnt
|faint|p2a: Primarina
|
|t:|1776309627
|switch|p1a: Dragapult|Dragapult, F|68/100|[from] U-turn
|
|-weather|Snowscape|[upkeep]
|upkeep
|
|t:|1776309651
|switch|p2a: Iron Valiant|Iron Valiant|100/100
|-enditem|p2a: Iron Valiant|Booster Energy
|-activate|p2a: Iron Valiant|ability: Quark Drive|[fromitem]
|-start|p2a: Iron Valiant|quarkdrivespe
|turn|19
|j| CxAxRxLxOxS
|
|t:|1776309654
|switch|p1a: Primarina|Primarina, F|100/100
|move|p2a: Iron Valiant|Knock Off|p1a: Primarina
|-resisted|p1a: Primarina
|-damage|p1a: Primarina|83/100
|-enditem|p1a: Primarina|Assault Vest|[from] move: Knock Off|[of] p2a: Iron Valiant
|
|-weather|Snowscape|[upkeep]
|upkeep
|turn|20
|
|t:|1776309661
|-end|p2a: Iron Valiant|Quark Drive|[silent]
|switch|p2a: Iron Treads|Iron Treads|47/100
|move|p1a: Primarina|Moonblast|p2a: Iron Treads
|-resisted|p2a: Iron Treads
|-damage|p2a: Iron Treads|12/100
|
|-weather|Snowscape|[upkeep]
|-damage|p2a: Iron Treads|0 fnt|[from] item: Black Sludge
|faint|p2a: Iron Treads
|-end|p2a: Iron Treads|Quark Drive|[silent]
|upkeep
|
|t:|1776309667
|switch|p2a: Dragonite|Dragonite, F|100/100
|turn|21
|
|t:|1776309671
|-terastallize|p2a: Dragonite|Normal
|move|p2a: Dragonite|Dragon Dance|p2a: Dragonite
|-boost|p2a: Dragonite|atk|1
|-boost|p2a: Dragonite|spe|1
|move|p1a: Primarina|Flip Turn|p2a: Dragonite
|-damage|p2a: Dragonite|92/100
|
|t:|1776309674
|switch|p1a: Dragapult|Dragapult, F|68/100|[from] Flip Turn
|
|-weather|none
|upkeep
|turn|22
|
|t:|1776309680
|move|p1a: Dragapult|Will-O-Wisp|p2a: Dragonite
|-status|p2a: Dragonite|brn
|move|p2a: Dragonite|Ice Spinner|p1a: Dragapult
|-supereffective|p1a: Dragapult
|-damage|p1a: Dragapult|9/100
|
|-damage|p2a: Dragonite|86/100 brn|[from] brn
|upkeep
|turn|23
|
|t:|1776309687
|move|p1a: Dragapult|U-turn|p2a: Dragonite
|-damage|p2a: Dragonite|67/100 brn
|
|t:|1776309690
|switch|p1a: Great Tusk|Great Tusk|100/100|[from] U-turn
|move|p2a: Dragonite|Ice Spinner|p1a: Great Tusk
|-supereffective|p1a: Great Tusk
|-damage|p1a: Great Tusk|69/100
|
|-heal|p1a: Great Tusk|75/100|[from] item: Leftovers
|-damage|p2a: Dragonite|61/100 brn|[from] brn
|upkeep
|turn|24
|
|t:|1776309702
|switch|p2a: Kyurem|Kyurem|100/100
|-ability|p2a: Kyurem|Pressure
|move|p1a: Great Tusk|Stealth Rock|p2a: Kyurem
|-sidestart|p2: coast ghost|move: Stealth Rock
|
|-heal|p1a: Great Tusk|82/100|[from] item: Leftovers
|upkeep
|turn|25
|
|t:|1776309708
|-end|p1a: Great Tusk|Protosynthesis|[silent]
|switch|p1a: Primarina|Primarina, F|83/100
|move|p2a: Kyurem|Freeze-Dry|p1a: Primarina
|-supereffective|p1a: Primarina
|-damage|p1a: Primarina|5/100
|
|upkeep
|turn|26
|
|t:|1776309711
|move|p2a: Kyurem|Freeze-Dry|p1a: Primarina
|-supereffective|p1a: Primarina
|-damage|p1a: Primarina|0 fnt
|faint|p1a: Primarina
|
|upkeep
|
|t:|1776309713
|switch|p1a: Slowking|Slowking-Galar, M|77/100
|turn|27
|
|t:|1776309722
|move|p2a: Kyurem|Freeze-Dry|p1a: Slowking
|-damage|p1a: Slowking|43/100
|move|p1a: Slowking|Sludge Bomb|p2a: Kyurem
|-damage|p2a: Kyurem|66/100
|-status|p2a: Kyurem|psn
|
|-heal|p1a: Slowking|49/100|[from] item: Leftovers
|-damage|p2a: Kyurem|54/100 psn|[from] psn
|upkeep
|turn|28
|
|t:|1776309736
|move|p2a: Kyurem|Freeze-Dry|p1a: Slowking
|-damage|p1a: Slowking|19/100
|-prepare|p1a: Slowking|Chilly Reception|[premajor]
|move|p1a: Slowking|Chilly Reception|p1a: Slowking
|-weather|Snowscape
|
|t:|1776309740
|switch|p1a: Dragapult|Dragapult, F|9/100|[from] Chilly Reception
|
|-weather|Snowscape|[upkeep]
|-damage|p2a: Kyurem|42/100 psn|[from] psn
|upkeep
|turn|29
|
|t:|1776309744
|move|p1a: Dragapult|Hex|p2a: Kyurem
|-damage|p2a: Kyurem|0 fnt
|faint|p2a: Kyurem
|
|-weather|Snowscape|[upkeep]
|upkeep
|
|t:|1776309748
|switch|p2a: Dragonite|Dragonite, F, tera:Normal|61/100 brn
|turn|30
|
|t:|1776309750
|move|p1a: Dragapult|U-turn|p2a: Dragonite
|-damage|p2a: Dragonite|42/100 brn
|
|t:|1776309752
|switch|p1a: Corviknight|Corviknight, M|82/100|[from] U-turn
|-ability|p1a: Corviknight|Pressure
|move|p2a: Dragonite|Earthquake|p1a: Corviknight
|-immune|p1a: Corviknight
|
|-weather|Snowscape|[upkeep]
|-damage|p2a: Dragonite|36/100 brn|[from] brn
|upkeep
|turn|31
|-message|coast ghost forfeited.
|
|win|RomN-Tick
|raw|RomN-Tick's rating: 1564 &rarr; <strong>1582</strong><br />(+18 for winning)
|raw|coast ghost's rating: 1531 &rarr; <strong>1513</strong><br />(-18 for losing)
|l|☆coast ghost
|player|p2|
