|html|<div class="broadcast-blue"><strong>[Gen 9] OU is currently suspecting Tera Blast! For information on how to participate check out the <a href="https://www.smogon.com/tools/suspects/view/200">suspect thread</a>.</strong></div>
|j|‽canelo casper
|j|‽fautser
|t:|1776258457
|gametype|singles
|player|p1|canelo casper|hilbert-wonderlauncher|1141
|player|p2|fautser|kimonogirl|1132
|gen|9
|tier|[Gen 9] OU
|rated|
|rule|HP Percentage Mod: HP is shown in percentages
|rule|Endless Battle Clause: Forcing endless battles is banned
|rule|Species Clause: Limit one of each Pokémon
|rule|OHKO Clause: OHKO moves are banned
|rule|Evasion Items Clause: Evasion items are banned
|rule|Evasion Moves Clause: Evasion moves are banned
|rule|Evasion Abilities Clause: Evasion abilities are banned
|rule|Sleep Moves Clause: Sleep-inducing moves are banned
|clearpoke
|poke|p1|Azumarill, F|
|poke|p1|Scizor, F|
|poke|p1|Grimmsnarl, M|
|poke|p1|Ogerpon, F|
|poke|p1|Iron Treads|
|poke|p1|Haxorus, M|
|poke|p2|Zamazenta-*|
|poke|p2|Pecharunt|
|poke|p2|Great Tusk|
|poke|p2|Tornadus-Therian, M|
|poke|p2|Kyurem|
|poke|p2|Darkrai|
|teampreview
|
|t:|1776258468
|teamsize|p1|6
|teamsize|p2|6
|start
|switch|p1a: Grimmsnarl|Grimmsnarl, M, shiny|100/100
|switch|p2a: Great Tusk|Great Tusk|100/100
|-enditem|p2a: Great Tusk|Booster Energy
|-activate|p2a: Great Tusk|ability: Protosynthesis|[fromitem]
|-start|p2a: Great Tusk|protosynthesisatk
|turn|1
|
|t:|1776258482
|move|p1a: Grimmsnarl|Reflect|p1a: Grimmsnarl
|-sidestart|p1: canelo casper|Reflect
|move|p2a: Great Tusk|Stealth Rock|p1a: Grimmsnarl
|-sidestart|p1: canelo casper|move: Stealth Rock
|
|upkeep
|turn|2
|
|t:|1776258493
|move|p1a: Grimmsnarl|Light Screen|p1a: Grimmsnarl
|-sidestart|p1: canelo casper|move: Light Screen
|move|p2a: Great Tusk|Headlong Rush|p1a: Grimmsnarl
|-damage|p1a: Grimmsnarl|54/100
|-unboost|p2a: Great Tusk|def|1
|-unboost|p2a: Great Tusk|spd|1
|
|upkeep
|turn|3
|
|t:|1776258510
|move|p1a: Grimmsnarl|Parting Shot|p2a: Great Tusk
|-unboost|p2a: Great Tusk|atk|1
|-unboost|p2a: Great Tusk|spa|1
|
|t:|1776258525
|switch|p1a: Haxorus|Haxorus, M, shiny|100/100|[from] Parting Shot
|-damage|p1a: Haxorus|88/100|[from] Stealth Rock
|-ability|p1a: Haxorus|Mold Breaker
|move|p2a: Great Tusk|Headlong Rush|p1a: Haxorus
|-damage|p1a: Haxorus|51/100
|-unboost|p2a: Great Tusk|def|1
|-unboost|p2a: Great Tusk|spd|1
|
|upkeep
|turn|4
|
|t:|1776258550
|-end|p2a: Great Tusk|Protosynthesis|[silent]
|switch|p2a: Pecharunt|Pecharunt|100/100
|move|p1a: Haxorus|Scale Shot|p2a: Pecharunt|[miss]
|-miss|p1a: Haxorus|p2a: Pecharunt
|
|upkeep
|turn|5
|
|t:|1776258569
|move|p1a: Haxorus|Earthquake|p2a: Pecharunt
|-supereffective|p2a: Pecharunt
|-damage|p2a: Pecharunt|52/100
|move|p2a: Pecharunt|Malignant Chain|p1a: Haxorus
|-damage|p1a: Haxorus|21/100
|
|upkeep
|turn|6
|
|t:|1776258577
|move|p1a: Haxorus|Earthquake|p2a: Pecharunt
|-supereffective|p2a: Pecharunt
|-damage|p2a: Pecharunt|6/100
|move|p2a: Pecharunt|Parting Shot|p1a: Haxorus
|-unboost|p1a: Haxorus|atk|1
|-unboost|p1a: Haxorus|spa|1
|
|t:|1776258586
|switch|p2a: Zamazenta|Zamazenta, shiny|100/100|[from] Parting Shot
|-ability|p2a: Zamazenta|Dauntless Shield|boost
|-boost|p2a: Zamazenta|def|1
|
|upkeep
|turn|7
|
|t:|1776258594
|move|p2a: Zamazenta|Iron Defense|p2a: Zamazenta
|-boost|p2a: Zamazenta|def|2
|move|p1a: Haxorus|Scale Shot|p2a: Zamazenta
|-damage|p2a: Zamazenta|98/100
|-damage|p2a: Zamazenta|96/100
|-damage|p2a: Zamazenta|93/100
|-crit|p2a: Zamazenta
|-damage|p2a: Zamazenta|80/100
|-damage|p2a: Zamazenta|77/100
|-hitcount|p2a: Zamazenta|5
|-unboost|p1a: Haxorus|def|1
|-boost|p1a: Haxorus|spe|1
|
|-heal|p2a: Zamazenta|83/100|[from] item: Leftovers
|upkeep
|turn|8
|
|t:|1776258618
|switch|p1a: Azumarill|Azumarill, F, shiny|100/100
|-damage|p1a: Azumarill|88/100|[from] Stealth Rock
|move|p2a: Zamazenta|Roar|p1a: Azumarill
|drag|p1a: Haxorus|Haxorus, M, shiny|21/100
|-damage|p1a: Haxorus|9/100|[from] Stealth Rock
|-ability|p1a: Haxorus|Mold Breaker
|
|-heal|p2a: Zamazenta|90/100|[from] item: Leftovers
|-sideend|p1: canelo casper|Reflect
|upkeep
|turn|9
|
|t:|1776258630
|switch|p1a: Azumarill|Azumarill, F, shiny|88/100
|-damage|p1a: Azumarill|76/100|[from] Stealth Rock
|move|p2a: Zamazenta|Iron Defense|p2a: Zamazenta
|-boost|p2a: Zamazenta|def|2
|
|-heal|p2a: Zamazenta|96/100|[from] item: Leftovers
|-sideend|p1: canelo casper|move: Light Screen
|upkeep
|turn|10
|
|t:|1776258648
|-terastallize|p2a: Zamazenta|Steel
|move|p2a: Zamazenta|Body Press|p1a: Azumarill
|-resisted|p1a: Azumarill
|-damage|p1a: Azumarill|0 fnt
|faint|p1a: Azumarill
|
|-heal|p2a: Zamazenta|100/100|[from] item: Leftovers
|upkeep
|
|t:|1776258658
|switch|p1a: Grimmsnarl|Grimmsnarl, M, shiny|54/100
|-damage|p1a: Grimmsnarl|41/100|[from] Stealth Rock
|turn|11
|
|t:|1776258666
|move|p1a: Grimmsnarl|Thunder Wave|p2a: Zamazenta
|-status|p2a: Zamazenta|par
|cant|p2a: Zamazenta|par
|
|upkeep
|turn|12
|
|t:|1776258671
|move|p1a: Grimmsnarl|Reflect|p1a: Grimmsnarl
|-sidestart|p1: canelo casper|Reflect
|move|p2a: Zamazenta|Body Press|p1a: Grimmsnarl
|-damage|p1a: Grimmsnarl|0 fnt
|faint|p1a: Grimmsnarl
|
|upkeep
|
|t:|1776258679
|switch|p1a: Iron Treads|Iron Treads|100/100
|-damage|p1a: Iron Treads|97/100|[from] Stealth Rock
|turn|13
|
|t:|1776258686
|move|p1a: Iron Treads|Earthquake|p2a: Zamazenta
|-supereffective|p2a: Zamazenta
|-damage|p2a: Zamazenta|82/100 par
|move|p2a: Zamazenta|Body Press|p1a: Iron Treads
|-supereffective|p1a: Iron Treads
|-damage|p1a: Iron Treads|0 fnt
|faint|p1a: Iron Treads
|-end|p1a: Iron Treads|Quark Drive|[silent]
|
|-heal|p2a: Zamazenta|88/100 par|[from] item: Leftovers
|upkeep
|-message|canelo casper forfeited.
|
|win|fautser
|raw|canelo casper's rating: 1141 &rarr; <strong>1115</strong><br />(-26 for losing)
|raw|fautser's rating: 1132 &rarr; <strong>1158</strong><br />(+26 for winning)
|l|‽canelo casper
|player|p1|
