|html|<div class="broadcast-blue"><strong>[Gen 9] OU is currently suspecting Tera Blast! For information on how to participate check out the <a href="https://www.smogon.com/tools/suspects/view/200">suspect thread</a>.</strong></div>
|j|☆Mysterious Soop
|j|☆NoIdeas4Names
|t:|1776320136
|gametype|singles
|player|p1|Mysterious Soop|101|1319
|player|p2|NoIdeas4Names|101|1243
|gen|9
|tier|[Gen 9] OU
|rated|
|rule|HP Percentage Mod: HP is shown in percentages
|rule|Endless Battle Clause: Forcing endless battles is banned
|rule|Species Clause: Limit one of each Pokémon
|rule|OHKO Clause: OHKO moves are banned
|rule|Evasion Items Clause: Evasion items are banned
|rule|Evasion Moves Clause: Evasion moves are banned
|rule|Evasion Abilities Clause: Evasion abilities are banned
|rule|Sleep Moves Clause: Sleep-inducing moves are banned
|clearpoke
|poke|p1|Magnezone|
|poke|p1|Alomomola, M|
|poke|p1|Zamazenta-*|
|poke|p1|Ting-Lu|
|poke|p1|Sinistcha-Masterpiece|
|poke|p1|Cinderace, F|
|poke|p2|Ursaluna, M|
|poke|p2|Rillaboom, M|
|poke|p2|Hawlucha, M|
|poke|p2|Zamazenta-*|
|poke|p2|Hatterene, F|
|poke|p2|Gholdengo|
|teampreview
|inactive|Battle timer is ON: inactive players will automatically lose when time's up. (requested by Mysterious Soop)
|
|t:|1776320213
|teamsize|p1|6
|teamsize|p2|6
|start
|switch|p1a: Magnezone|Magnezone|100/100
|switch|p2a: Gholdengo|Gholdengo|100/100
|-item|p2a: Gholdengo|Air Balloon
|turn|1
|
|t:|1776320226
|move|p2a: Gholdengo|Focus Blast|p1a: Magnezone
|-supereffective|p1a: Magnezone
|-damage|p1a: Magnezone|5/100
|move|p1a: Magnezone|Volt Switch|p2a: Gholdengo
|-damage|p2a: Gholdengo|16/100
|-enditem|p2a: Gholdengo|Air Balloon
|
|t:|1776320236
|switch|p1a: Cinderace|Cinderace, F|100/100|[from] Volt Switch
|
|upkeep
|turn|2
|
|t:|1776320241
|switch|p2a: Zamazenta|Zamazenta|100/100
|-ability|p2a: Zamazenta|Dauntless Shield|boost
|-boost|p2a: Zamazenta|def|1
|move|p1a: Cinderace|Pyro Ball|p2a: Zamazenta
|-damage|p2a: Zamazenta|75/100
|
|-heal|p2a: Zamazenta|81/100|[from] item: Leftovers
|upkeep
|turn|3
|
|t:|1776320252
|switch|p1a: Sinistcha|Sinistcha-Masterpiece|100/100
|-terastallize|p2a: Zamazenta|Fire
|move|p2a: Zamazenta|Iron Defense|p2a: Zamazenta
|-boost|p2a: Zamazenta|def|2
|
|-heal|p2a: Zamazenta|87/100|[from] item: Leftovers
|upkeep
|turn|4
|
|t:|1776320259
|move|p2a: Zamazenta|Crunch|p1a: Sinistcha
|-supereffective|p1a: Sinistcha
|-damage|p1a: Sinistcha|71/100
|move|p1a: Sinistcha|Calm Mind|p1a: Sinistcha
|-boost|p1a: Sinistcha|spa|1
|-boost|p1a: Sinistcha|spd|1
|
|-heal|p2a: Zamazenta|93/100|[from] item: Leftovers
|upkeep
|turn|5
|
|t:|1776320263
|move|p2a: Zamazenta|Crunch|p1a: Sinistcha
|-supereffective|p1a: Sinistcha
|-damage|p1a: Sinistcha|37/100
|move|p1a: Sinistcha|Strength Sap|p2a: Zamazenta
|-unboost|p2a: Zamazenta|atk|1
|-heal|p1a: Sinistcha|100/100
|
|-heal|p2a: Zamazenta|99/100|[from] item: Leftovers
|upkeep
|turn|6
|
|t:|1776320271
|switch|p2a: Gholdengo|Gholdengo|16/100
|move|p1a: Sinistcha|Matcha Gotcha|p2a: Gholdengo
|-resisted|p2a: Gholdengo
|-crit|p2a: Gholdengo
|-damage|p2a: Gholdengo|0 fnt
|faint|p2a: Gholdengo
|
|upkeep
|
|t:|1776320280
|switch|p2a: Rillaboom|Rillaboom, M|100/100
|-fieldstart|move: Grassy Terrain|[from] ability: Grassy Surge|[of] p2a: Rillaboom
|turn|7
|
|t:|1776320290
|move|p2a: Rillaboom|Knock Off|p1a: Sinistcha
|-supereffective|p1a: Sinistcha
|-damage|p1a: Sinistcha|20/100
|-enditem|p1a: Sinistcha|Heavy-Duty Boots|[from] move: Knock Off|[of] p2a: Rillaboom
|move|p1a: Sinistcha|Strength Sap|p2a: Rillaboom
|-unboost|p2a: Rillaboom|atk|1
|-heal|p1a: Sinistcha|100/100
|
|upkeep
|turn|8
|
|t:|1776320300
|switch|p2a: Hawlucha|Hawlucha, M|100/100
|-enditem|p2a: Hawlucha|Grassy Seed
|-boost|p2a: Hawlucha|def|1|[from] item: Grassy Seed
|move|p1a: Sinistcha|Matcha Gotcha|p2a: Hawlucha
|-resisted|p2a: Hawlucha
|-damage|p2a: Hawlucha|57/100
|
|upkeep
|turn|9
|
|t:|1776320306
|move|p2a: Hawlucha|Swords Dance|p2a: Hawlucha
|-boost|p2a: Hawlucha|atk|2
|move|p1a: Sinistcha|Shadow Ball|p2a: Hawlucha
|-damage|p2a: Hawlucha|0 fnt
|faint|p2a: Hawlucha
|
|upkeep
|-message|NoIdeas4Names forfeited.
|
|win|Mysterious Soop
|raw|Mysterious Soop's rating: 1319 &rarr; <strong>1335</strong><br />(+16 for winning)
|raw|NoIdeas4Names's rating: 1243 &rarr; <strong>1223</strong><br />(-20 for losing)
|l|☆NoIdeas4Names
|player|p2|
|c|☆Mysterious Soop|ggs
