|html|<div class="broadcast-blue"><strong>[Gen 9] OU is currently suspecting Tera Blast! For information on how to participate check out the <a href="https://www.smogon.com/tools/suspects/view/200">suspect thread</a>.</strong></div>
|j|‽KAHALL
|j|☆Szymi2211
|t:|1776081734
|gametype|singles
|player|p1|KAHALL|265|1129
|player|p2|Szymi2211|riley|1105
|gen|9
|tier|[Gen 9] OU
|rated|
|rule|HP Percentage Mod: HP is shown in percentages
|rule|Endless Battle Clause: Forcing endless battles is banned
|rule|Species Clause: Limit one of each Pokémon
|rule|OHKO Clause: OHKO moves are banned
|rule|Evasion Items Clause: Evasion items are banned
|rule|Evasion Moves Clause: Evasion moves are banned
|rule|Evasion Abilities Clause: Evasion abilities are banned
|rule|Sleep Moves Clause: Sleep-inducing moves are banned
|clearpoke
|poke|p1|Bisharp, M|
|poke|p1|Swampert, M|
|poke|p1|Ribombee, M|
|poke|p1|Cryogonal|
|poke|p1|Dachsbun, F|
|poke|p1|Weezing, F|
|poke|p2|Primarina, M|
|poke|p2|Mimikyu, M|
|poke|p2|Salamence, F|
|poke|p2|Gengar, F|
|poke|p2|Glimmora, F|
|poke|p2|Cinderace, M|
|teampreview
|
|t:|1776081740
|teamsize|p1|6
|teamsize|p2|6
|start
|switch|p1a: Swampert|Swampert, M|100/100
|switch|p2a: Glimmora|Glimmora, F|100/100
|turn|1
|
|t:|1776081750
|move|p2a: Glimmora|Stealth Rock|p1a: Swampert
|-sidestart|p1: KAHALL|move: Stealth Rock
|move|p1a: Swampert|Knock Off|p2a: Glimmora
|-crit|p2a: Glimmora
|-damage|p2a: Glimmora|42/100
|-activate|p2a: Glimmora|ability: Toxic Debris
|-sidestart|p1: KAHALL|move: Toxic Spikes
|-enditem|p2a: Glimmora|Focus Sash|[from] move: Knock Off|[of] p1a: Swampert
|
|upkeep
|turn|2
|
|t:|1776081759
|move|p2a: Glimmora|Spikes|p1a: Swampert
|-sidestart|p1: KAHALL|Spikes
|move|p1a: Swampert|Stealth Rock|p2a: Glimmora
|-sidestart|p2: Szymi2211|move: Stealth Rock
|
|upkeep
|turn|3
|
|t:|1776081764
|move|p2a: Glimmora|Earth Power|p1a: Swampert
|-damage|p1a: Swampert|68/100
|move|p1a: Swampert|Earthquake|p2a: Glimmora
|-supereffective|p2a: Glimmora
|-damage|p2a: Glimmora|0 fnt
|-activate|p2a: Glimmora|ability: Toxic Debris
|-sidestart|p1: KAHALL|move: Toxic Spikes
|faint|p2a: Glimmora
|
|-heal|p1a: Swampert|75/100|[from] item: Leftovers
|upkeep
|
|t:|1776081782
|switch|p2a: Cinderace|Cinderace, M|100/100
|-damage|p2a: Cinderace|76/100|[from] Stealth Rock
|turn|4
|
|t:|1776081786
|move|p2a: Cinderace|Trailblaze|p1a: Swampert
|-start|p2a: Cinderace|typechange|Grass|[from] ability: Libero
|-supereffective|p1a: Swampert
|-damage|p1a: Swampert|0 fnt
|-boost|p2a: Cinderace|spe|1
|faint|p1a: Swampert
|-damage|p2a: Cinderace|66/100|[from] item: Life Orb
|
|upkeep
|
|t:|1776081805
|switch|p1a: Bisharp|Bisharp, M|100/100
|-damage|p1a: Bisharp|94/100|[from] Stealth Rock
|-damage|p1a: Bisharp|82/100|[from] Spikes
|turn|5
|
|t:|1776081816
|-terastallize|p1a: Bisharp|Flying
|move|p2a: Cinderace|Pyro Ball|p1a: Bisharp
|-damage|p1a: Bisharp|40/100
|-damage|p2a: Cinderace|56/100|[from] item: Life Orb
|move|p1a: Bisharp|Throat Chop|p2a: Cinderace
|-damage|p2a: Cinderace|0 fnt
|faint|p2a: Cinderace
|
|upkeep
|
|t:|1776081839
|switch|p2a: Gengar|Gengar, F|100/100
|-damage|p2a: Gengar|88/100|[from] Stealth Rock
|turn|6
|
|t:|1776081849
|move|p2a: Gengar|Thunder|p1a: Bisharp|[miss]
|-miss|p2a: Gengar|p1a: Bisharp
|move|p1a: Bisharp|Throat Chop|p2a: Gengar
|-supereffective|p2a: Gengar
|-damage|p2a: Gengar|0 fnt
|-start|p1a: Bisharp|Disable|Throat Chop|[from] ability: Cursed Body|[of] p2a: Gengar
|faint|p2a: Gengar
|
|upkeep
|
|t:|1776081868
|switch|p2a: Salamence|Salamence, F, shiny|100/100
|-damage|p2a: Salamence|76/100|[from] Stealth Rock
|-ability|p2a: Salamence|Intimidate|boost
|-unboost|p1a: Bisharp|atk|1
|-ability|p1a: Bisharp|Defiant|boost
|-boost|p1a: Bisharp|atk|2
|turn|7
|
|t:|1776081877
|move|p2a: Salamence|Stone Edge|p1a: Bisharp
|-supereffective|p1a: Bisharp
|-damage|p1a: Bisharp|0 fnt
|faint|p1a: Bisharp
|
|-heal|p2a: Salamence|82/100|[from] item: Leftovers
|upkeep
|
|t:|1776081889
|switch|p1a: Cryogonal|Cryogonal|100/100
|-damage|p1a: Cryogonal|76/100|[from] Stealth Rock
|turn|8
|
|t:|1776081896
|-terastallize|p2a: Salamence|Steel
|move|p1a: Cryogonal|Rapid Spin|p2a: Salamence
|-resisted|p2a: Salamence
|-damage|p2a: Salamence|77/100
|-boost|p1a: Cryogonal|spe|1
|-sideend|p1: KAHALL|Spikes|[from] move: Rapid Spin|[of] p1a: Cryogonal
|-sideend|p1: KAHALL|Toxic Spikes|[from] move: Rapid Spin|[of] p1a: Cryogonal
|-sideend|p1: KAHALL|Stealth Rock|[from] move: Rapid Spin|[of] p1a: Cryogonal
|-damage|p1a: Cryogonal|66/100|[from] item: Life Orb
|move|p2a: Salamence|Fire Blast|p1a: Cryogonal|[miss]
|-miss|p2a: Salamence|p1a: Cryogonal
|
|-heal|p2a: Salamence|83/100|[from] item: Leftovers
|upkeep
|turn|9
|
|t:|1776081911
|switch|p1a: Dachsbun|Dachsbun, F|100/100
|move|p2a: Salamence|Fire Blast|p1a: Dachsbun
|-ability|p1a: Dachsbun|Well-Baked Body|boost
|-boost|p1a: Dachsbun|def|2
|
|-heal|p2a: Salamence|89/100|[from] item: Leftovers
|upkeep
|turn|10
|
|t:|1776081921
|move|p2a: Salamence|Iron Head|p1a: Dachsbun
|-supereffective|p1a: Dachsbun
|-damage|p1a: Dachsbun|64/100
|move|p1a: Dachsbun|Play Rough|p2a: Salamence
|-resisted|p2a: Salamence
|-damage|p2a: Salamence|72/100
|
|-heal|p2a: Salamence|78/100|[from] item: Leftovers
|-heal|p1a: Dachsbun|70/100|[from] item: Leftovers
|upkeep
|turn|11
|
|t:|1776081931
|move|p2a: Salamence|Iron Head|p1a: Dachsbun
|-supereffective|p1a: Dachsbun
|-damage|p1a: Dachsbun|32/100
|move|p1a: Dachsbun|Body Press|p2a: Salamence
|-supereffective|p2a: Salamence
|-damage|p2a: Salamence|0 fnt
|faint|p2a: Salamence
|
|-heal|p1a: Dachsbun|38/100|[from] item: Leftovers
|upkeep
|
|t:|1776081947
|switch|p2a: Primarina|Primarina, M|100/100
|-damage|p2a: Primarina|88/100|[from] Stealth Rock
|turn|12
|
|t:|1776081958
|move|p1a: Dachsbun|Protect|p1a: Dachsbun
|-singleturn|p1a: Dachsbun|Protect
|move|p2a: Primarina|Moonblast|p1a: Dachsbun
|-activate|p1a: Dachsbun|move: Protect
|
|-heal|p1a: Dachsbun|44/100|[from] item: Leftovers
|-heal|p2a: Primarina|94/100|[from] item: Leftovers
|upkeep
|turn|13
|
|t:|1776081967
|move|p1a: Dachsbun|Wish|p1a: Dachsbun
|move|p2a: Primarina|Moonblast|p1a: Dachsbun
|-damage|p1a: Dachsbun|0 fnt
|faint|p1a: Dachsbun
|
|-heal|p2a: Primarina|99/100|[from] item: Leftovers
|upkeep
|
|t:|1776081974
|switch|p1a: Cryogonal|Cryogonal|66/100
|turn|14
|
|t:|1776081985
|move|p1a: Cryogonal|Freeze-Dry|p2a: Primarina
|-supereffective|p2a: Primarina
|-damage|p2a: Primarina|30/100
|-damage|p1a: Cryogonal|56/100|[from] item: Life Orb
|move|p2a: Primarina|Moonblast|p1a: Cryogonal
|-damage|p1a: Cryogonal|13/100
|
|-heal|p1a: Cryogonal|66/100|[from] move: Wish|[wisher] Dachsbun
|-heal|p2a: Primarina|36/100|[from] item: Leftovers
|upkeep
|turn|15
|
|t:|1776081996
|move|p1a: Cryogonal|Freeze-Dry|p2a: Primarina
|-supereffective|p2a: Primarina
|-damage|p2a: Primarina|0 fnt
|faint|p2a: Primarina
|-damage|p1a: Cryogonal|56/100|[from] item: Life Orb
|
|upkeep
|
|t:|1776082003
|switch|p2a: Mimikyu|Mimikyu, M|100/100
|-damage|p2a: Mimikyu|88/100|[from] Stealth Rock
|turn|16
|
|t:|1776082016
|move|p1a: Cryogonal|Flash Cannon|p2a: Mimikyu
|-activate|p2a: Mimikyu|ability: Disguise
|-damage|p2a: Mimikyu|88/100
|detailschange|p2a: Mimikyu|Mimikyu-Busted, M
|-damage|p2a: Mimikyu|76/100|[from] pokemon: Mimikyu-Busted
|-damage|p1a: Cryogonal|46/100|[from] item: Life Orb
|move|p2a: Mimikyu|Shadow Ball|p1a: Cryogonal
|-damage|p1a: Cryogonal|16/100
|-unboost|p1a: Cryogonal|spd|1
|-damage|p2a: Mimikyu|66/100|[from] item: Life Orb
|
|upkeep
|turn|17
|
|t:|1776082029
|move|p1a: Cryogonal|Flash Cannon|p2a: Mimikyu
|-supereffective|p2a: Mimikyu
|-damage|p2a: Mimikyu|0 fnt
|faint|p2a: Mimikyu
|-damage|p1a: Cryogonal|6/100|[from] item: Life Orb
|
|win|KAHALL
|raw|KAHALL's rating: 1129 &rarr; <strong>1152</strong><br />(+23 for winning)
|raw|Szymi2211's rating: 1105 &rarr; <strong>1082</strong><br />(-23 for losing)
|l|‽KAHALL
|player|p1|
|l|☆Szymi2211
|player|p2|
