|html|<div class="broadcast-blue"><strong>[Gen 9] OU is currently suspecting Volcarona! For information on how to participate check out the <a href="https://www.smogon.com/tools/suspects/view/208">suspect thread</a>.</strong></div>
|j|☆tunmise2bov
|j|☆adiadimeter
|t:|1778516911
|gametype|singles
|player|p1|tunmise2bov|unknown|1089
|player|p2|adiadimeter|janitor|1085
|gen|9
|tier|[Gen 9] OU
|rated|
|rule|HP Percentage Mod: HP is shown in percentages
|rule|Endless Battle Clause: Forcing endless battles is banned
|rule|Species Clause: Limit one of each Pokémon
|rule|OHKO Clause: OHKO moves are banned
|rule|Evasion Items Clause: Evasion items are banned
|rule|Evasion Moves Clause: Evasion moves are banned
|rule|Evasion Abilities Clause: Evasion abilities are banned
|rule|Sleep Moves Clause: Sleep-inducing moves are banned
|clearpoke
|poke|p1|Gholdengo|
|poke|p1|Great Tusk|
|poke|p1|Ribombee, F|
|poke|p1|Ogerpon-Wellspring, F|
|poke|p1|Kingambit, F|
|poke|p1|Iron Valiant|
|poke|p2|Dragapult, M|
|poke|p2|Deoxys-Speed|
|poke|p2|Cresselia, F|
|poke|p2|Duraludon, F|
|poke|p2|Toedscruel, F|
|poke|p2|Granbull, M|
|teampreview
|inactive|Battle timer is ON: inactive players will automatically lose when time's up. (requested by tunmise2bov)
|inactive|tunmise2bov has 120 seconds left.
|inactive|tunmise2bov has 90 seconds left.
|inactive|tunmise2bov has 60 seconds left.
|
|t:|1778517029
|teamsize|p1|6
|teamsize|p2|6
|start
|switch|p1a: Ribombee|Ribombee, F, shiny|100/100
|switch|p2a: Granbull|Granbull, M|100/100
|turn|1
|
|t:|1778517037
|move|p1a: Ribombee|Sticky Web|p2a: Granbull
|-sidestart|p2: adiadimeter|move: Sticky Web
|move|p2a: Granbull|Trailblaze|p1a: Ribombee
|-resisted|p1a: Ribombee
|-damage|p1a: Ribombee|83/100
|-boost|p2a: Granbull|spe|1
|
|-status|p2a: Granbull|tox|[from] item: Toxic Orb
|upkeep
|turn|2
|
|t:|1778517045
|move|p2a: Granbull|Facade|p1a: Ribombee
|-damage|p1a: Ribombee|0 fnt
|faint|p1a: Ribombee
|
|-damage|p2a: Granbull|94/100 tox|[from] psn
|upkeep
|inactive|tunmise2bov has 90 seconds left.
|
|t:|1778517073
|switch|p1a: Kingambit|Kingambit, F, shiny|100/100
|-activate|p1a: Kingambit|ability: Supreme Overlord
|-start|p1a: Kingambit|fallen1|[silent]
|turn|3
|inactive|tunmise2bov has 90 seconds left.
|
|t:|1778517082
|move|p2a: Granbull|Earthquake|p1a: Kingambit
|-supereffective|p1a: Kingambit
|-damage|p1a: Kingambit|58/100
|move|p1a: Kingambit|Iron Head|p2a: Granbull
|-supereffective|p2a: Granbull
|-damage|p2a: Granbull|0 fnt
|faint|p2a: Granbull
|
|upkeep
|
|t:|1778517088
|switch|p2a: Toedscruel|Toedscruel, F|100/100
|-activate|p2a: Toedscruel|move: Sticky Web
|-unboost|p2a: Toedscruel|spe|1
|turn|4
|
|t:|1778517097
|move|p2a: Toedscruel|Earth Power|p1a: Kingambit
|-supereffective|p1a: Kingambit
|-damage|p1a: Kingambit|0 fnt
|faint|p1a: Kingambit
|-end|p1a: Kingambit|fallen1|[silent]
|
|upkeep
|
|t:|1778517107
|switch|p1a: Great Tusk|Great Tusk, shiny|100/100
|turn|5
|
|t:|1778517118
|move|p1a: Great Tusk|Earthquake|p2a: Toedscruel
|-resisted|p2a: Toedscruel
|-damage|p2a: Toedscruel|54/100
|move|p2a: Toedscruel|Leaf Storm|p1a: Great Tusk
|-supereffective|p1a: Great Tusk
|-crit|p1a: Great Tusk
|-damage|p1a: Great Tusk|0 fnt
|-unboost|p2a: Toedscruel|spa|2
|faint|p1a: Great Tusk
|-end|p1a: Great Tusk|Protosynthesis|[silent]
|
|upkeep
|
|t:|1778517131
|switch|p1a: Iron Valiant|Iron Valiant, shiny|100/100
|-enditem|p1a: Iron Valiant|Booster Energy
|-activate|p1a: Iron Valiant|ability: Quark Drive|[fromitem]
|-start|p1a: Iron Valiant|quarkdrivespe
|turn|6
|
|t:|1778517141
|move|p1a: Iron Valiant|Shadow Ball|p2a: Toedscruel
|-damage|p2a: Toedscruel|30/100
|move|p2a: Toedscruel|Rapid Spin|p1a: Iron Valiant
|-damage|p1a: Iron Valiant|91/100
|-boost|p2a: Toedscruel|spe|1
|-sideend|p2: adiadimeter|Sticky Web|[from] move: Rapid Spin|[of] p2a: Toedscruel
|
|upkeep
|turn|7
|
|t:|1778517157
|move|p1a: Iron Valiant|Moonblast|p2a: Toedscruel
|-damage|p2a: Toedscruel|0 fnt
|faint|p2a: Toedscruel
|
|upkeep
|
|t:|1778517161
|switch|p2a: Deoxys|Deoxys-Speed|100/100
|-ability|p2a: Deoxys|Pressure
|turn|8
|
|t:|1778517169
|move|p1a: Iron Valiant|Shadow Ball|p2a: Deoxys
|-supereffective|p2a: Deoxys
|-damage|p2a: Deoxys|35/100
|-unboost|p2a: Deoxys|spd|1
|move|p2a: Deoxys|Light Screen|p2a: Deoxys
|-sidestart|p2: adiadimeter|move: Light Screen
|
|upkeep
|turn|9
|inactive|tunmise2bov has 120 seconds left.
|
|t:|1778517189
|move|p1a: Iron Valiant|Shadow Ball|p2a: Deoxys
|-supereffective|p2a: Deoxys
|-damage|p2a: Deoxys|0 fnt
|faint|p2a: Deoxys
|
|upkeep
|
|t:|1778517198
|switch|p2a: Cresselia|Cresselia, F|100/100
|turn|10
|
|t:|1778517203
|move|p1a: Iron Valiant|Shadow Ball|p2a: Cresselia
|-supereffective|p2a: Cresselia
|-damage|p2a: Cresselia|84/100
|move|p2a: Cresselia|Calm Mind|p2a: Cresselia
|-boost|p2a: Cresselia|spa|1
|-boost|p2a: Cresselia|spd|1
|
|upkeep
|turn|11
|
|t:|1778517210
|move|p1a: Iron Valiant|Shadow Ball|p2a: Cresselia
|-supereffective|p2a: Cresselia
|-damage|p2a: Cresselia|71/100
|move|p2a: Cresselia|Calm Mind|p2a: Cresselia
|-boost|p2a: Cresselia|spa|1
|-boost|p2a: Cresselia|spd|1
|
|upkeep
|turn|12
|
|t:|1778517217
|move|p1a: Iron Valiant|Destiny Bond|p1a: Iron Valiant
|-singlemove|p1a: Iron Valiant|Destiny Bond
|move|p2a: Cresselia|Stored Power|p1a: Iron Valiant
|-supereffective|p1a: Iron Valiant
|-damage|p1a: Iron Valiant|0 fnt
|faint|p1a: Iron Valiant
|-activate|p1a: Iron Valiant|move: Destiny Bond
|-end|p1a: Iron Valiant|Quark Drive|[silent]
|faint|p2a: Cresselia
|
|upkeep
|inactive|tunmise2bov has 120 seconds left.
|
|t:|1778517246
|switch|p1a: Gholdengo|Gholdengo, shiny|100/100
|switch|p2a: Dragapult|Dragapult, M|100/100
|-item|p1a: Gholdengo|Air Balloon
|turn|13
|
|t:|1778517260
|-terastallize|p2a: Dragapult|Ghost
|move|p2a: Dragapult|Shadow Ball|p1a: Gholdengo
|-supereffective|p1a: Gholdengo
|-damage|p1a: Gholdengo|0 fnt
|-enditem|p1a: Gholdengo|Air Balloon
|faint|p1a: Gholdengo
|
|upkeep
|
|t:|1778517267
|switch|p1a: Ogerpon|Ogerpon-Wellspring, F|100/100
|turn|14
|
|t:|1778517281
|-terastallize|p1a: Ogerpon|Water
|detailschange|p1a: Ogerpon|Ogerpon-Wellspring-Tera, F, tera:Water
|-ability|p1a: Ogerpon|Embody Aspect (Wellspring)|boost
|-boost|p1a: Ogerpon|spd|1
|move|p2a: Dragapult|Shadow Ball|p1a: Ogerpon
|-damage|p1a: Ogerpon|51/100
|move|p1a: Ogerpon|Knock Off|p2a: Dragapult
|-supereffective|p2a: Dragapult
|-damage|p2a: Dragapult|0 fnt
|-enditem|p2a: Dragapult|Choice Specs|[from] move: Knock Off|[of] p1a: Ogerpon
|faint|p2a: Dragapult
|
|upkeep
|
|t:|1778517287
|switch|p2a: Duraludon|Duraludon, F|100/100
|turn|15
|inactive|tunmise2bov has 120 seconds left.
|
|t:|1778517296
|move|p1a: Ogerpon|Swords Dance|p1a: Ogerpon
|-boost|p1a: Ogerpon|atk|2
|move|p2a: Duraludon|Thunderbolt|p1a: Ogerpon
|-supereffective|p1a: Ogerpon
|-damage|p1a: Ogerpon|0 fnt
|faint|p1a: Ogerpon
|detailschange|p1: Ogerpon|Ogerpon-Wellspring, F|[silent]
|
|win|adiadimeter
|raw|tunmise2bov's rating: 1089 &rarr; <strong>1065</strong><br />(-24 for losing)
|raw|adiadimeter's rating: 1085 &rarr; <strong>1113</strong><br />(+28 for winning)
|l|☆tunmise2bov
|player|p1|
|l|☆adiadimeter
|player|p2|
