|html|<div class="broadcast-blue"><strong>[Gen 9] OU is currently suspecting Tera Blast! For information on how to participate check out the <a href="https://www.smogon.com/tools/suspects/view/200">suspect thread</a>.</strong></div>
|j|☆2fl1
|j|☆Taynzo
|t:|1776053536
|gametype|singles
|player|p1|2fl1|hugh|1199
|player|p2|Taynzo|102|1220
|gen|9
|tier|[Gen 9] OU
|rated|
|rule|HP Percentage Mod: HP is shown in percentages
|rule|Endless Battle Clause: Forcing endless battles is banned
|rule|Species Clause: Limit one of each Pokémon
|rule|OHKO Clause: OHKO moves are banned
|rule|Evasion Items Clause: Evasion items are banned
|rule|Evasion Moves Clause: Evasion moves are banned
|rule|Evasion Abilities Clause: Evasion abilities are banned
|rule|Sleep Moves Clause: Sleep-inducing moves are banned
|clearpoke
|poke|p1|Hoopa-Unbound|
|poke|p1|Scizor, M|
|poke|p1|Ogerpon, F|
|poke|p1|Volcanion|
|poke|p1|Garchomp, M|
|poke|p1|Corviknight, F|
|poke|p2|Tyranitar, F|
|poke|p2|Corviknight, F|
|poke|p2|Excadrill, F|
|poke|p2|Iron Crown|
|poke|p2|Ursaluna, F|
|poke|p2|Sandy Shocks|
|teampreview
|
|t:|1776053553
|teamsize|p1|6
|teamsize|p2|6
|start
|switch|p1a: Hoopa|Hoopa-Unbound|100/100
|switch|p2a: Tyranitar|Tyranitar, F|100/100
|-weather|Sandstorm|[from] ability: Sand Stream|[of] p2a: Tyranitar
|turn|1
|
|t:|1776053563
|move|p1a: Hoopa|Drain Punch|p2a: Tyranitar
|-supereffective|p2a: Tyranitar
|-damage|p2a: Tyranitar|0 fnt
|faint|p2a: Tyranitar
|
|-weather|Sandstorm|[upkeep]
|-damage|p1a: Hoopa|95/100|[from] Sandstorm
|upkeep
|
|t:|1776053573
|switch|p2a: Excadrill|Excadrill, F|100/100
|turn|2
|
|t:|1776053578
|switch|p1a: Garchomp|Garchomp, M|100/100
|move|p2a: Excadrill|Earthquake|p1a: Garchomp
|-damage|p1a: Garchomp|57/100
|
|-weather|Sandstorm|[upkeep]
|upkeep
|turn|3
|
|t:|1776053587
|-terastallize|p2a: Excadrill|Stellar
|move|p2a: Excadrill|Earthquake|p1a: Garchomp
|-crit|p1a: Garchomp
|-damage|p1a: Garchomp|0 fnt
|faint|p1a: Garchomp
|
|-weather|Sandstorm|[upkeep]
|upkeep
|
|t:|1776053597
|switch|p1a: Corviknight|Corviknight, F|100/100
|-ability|p1a: Corviknight|Pressure
|turn|4
|
|t:|1776053607
|switch|p2a: Sandy Shocks|Sandy Shocks|100/100
|move|p1a: Corviknight|U-turn|p2a: Sandy Shocks
|-damage|p2a: Sandy Shocks|84/100
|
|t:|1776053614
|switch|p1a: Ogerpon|Ogerpon, F|100/100|[from] U-turn
|
|-weather|Sandstorm|[upkeep]
|-damage|p1a: Ogerpon|95/100|[from] Sandstorm
|upkeep
|turn|5
|
|t:|1776053619
|move|p2a: Sandy Shocks|Volt Switch|p1a: Ogerpon
|-resisted|p1a: Ogerpon
|-damage|p1a: Ogerpon|75/100
|
|t:|1776053626
|-end|p2a: Sandy Shocks|Protosynthesis|[silent]
|switch|p2a: Ursaluna|Ursaluna, F|100/100|[from] Volt Switch
|move|p1a: Ogerpon|Knock Off|p2a: Ursaluna
|-damage|p2a: Ursaluna|66/100
|-enditem|p2a: Ursaluna|Flame Orb|[from] move: Knock Off|[of] p1a: Ogerpon
|
|-weather|Sandstorm|[upkeep]
|-damage|p1a: Ogerpon|69/100|[from] Sandstorm
|upkeep
|turn|6
|
|t:|1776053641
|switch|p1a: Corviknight|Corviknight, F|100/100
|-ability|p1a: Corviknight|Pressure
|move|p2a: Ursaluna|Facade|p1a: Corviknight
|-resisted|p1a: Corviknight
|-damage|p1a: Corviknight|88/100
|-damage|p2a: Ursaluna|49/100|[from] item: Rocky Helmet|[of] p1a: Corviknight
|
|-weather|Sandstorm|[upkeep]
|upkeep
|turn|7
|
|t:|1776053654
|switch|p2a: Excadrill|Excadrill, F, tera:Stellar|100/100
|move|p1a: Corviknight|U-turn|p2a: Excadrill
|-resisted|p2a: Excadrill
|-damage|p2a: Excadrill|91/100
|
|t:|1776053665
|switch|p1a: Ogerpon|Ogerpon, F|69/100|[from] U-turn
|
|-weather|Sandstorm|[upkeep]
|-damage|p1a: Ogerpon|63/100|[from] Sandstorm
|upkeep
|turn|8
|
|t:|1776053672
|move|p2a: Excadrill|Iron Head|p1a: Ogerpon
|-damage|p1a: Ogerpon|0 fnt
|faint|p1a: Ogerpon
|
|-weather|none
|upkeep
|
|t:|1776053678
|switch|p1a: Scizor|Scizor, M|100/100
|turn|9
|
|t:|1776053693
|switch|p2a: Sandy Shocks|Sandy Shocks|84/100
|move|p1a: Scizor|Close Combat|p2a: Sandy Shocks
|-damage|p2a: Sandy Shocks|20/100
|-unboost|p1a: Scizor|def|1
|-unboost|p1a: Scizor|spd|1
|-damage|p1a: Scizor|91/100|[from] item: Life Orb
|
|upkeep
|turn|10
|-message|Taynzo forfeited.
|
|win|2fl1
|raw|2fl1's rating: 1199 &rarr; <strong>1226</strong><br />(+27 for winning)
|raw|Taynzo's rating: 1220 &rarr; <strong>1193</strong><br />(-27 for losing)
|l|☆Taynzo
|player|p2|
|l|☆2fl1
|player|p1|
