|html|<div class="broadcast-blue"><strong>[Gen 9] OU is currently suspecting Volcarona! For information on how to participate check out the <a href="https://www.smogon.com/tools/suspects/view/208">suspect thread</a>.</strong></div>
|j|☆sylvr7070
|j|☆StGermain49
|t:|1778505125
|gametype|singles
|player|p1|sylvr7070|fairytalegirl|1608
|player|p2|StGermain49|steven|1653
|gen|9
|tier|[Gen 9] OU
|rated|
|rule|HP Percentage Mod: HP is shown in percentages
|rule|Endless Battle Clause: Forcing endless battles is banned
|rule|Species Clause: Limit one of each Pokémon
|rule|OHKO Clause: OHKO moves are banned
|rule|Evasion Items Clause: Evasion items are banned
|rule|Evasion Moves Clause: Evasion moves are banned
|rule|Evasion Abilities Clause: Evasion abilities are banned
|rule|Sleep Moves Clause: Sleep-inducing moves are banned
|clearpoke
|poke|p1|Ribombee, M|
|poke|p1|Volcarona, M|
|poke|p1|Dragonite, M|
|poke|p1|Great Tusk|
|poke|p1|Gholdengo|
|poke|p1|Glimmora, M|
|poke|p2|Ting-Lu|
|poke|p2|Great Tusk|
|poke|p2|Moltres|
|poke|p2|Gholdengo|
|poke|p2|Dragonite, M|
|poke|p2|Ogerpon-Wellspring, F|
|teampreview
|inactive|Battle timer is ON: inactive players will automatically lose when time's up. (requested by StGermain49)
|
|t:|1778505143
|teamsize|p1|6
|teamsize|p2|6
|start
|switch|p1a: Ribombee|Ribombee, M, shiny|100/100
|switch|p2a: Gholdengo|Gholdengo|100/100
|-item|p2a: Gholdengo|Air Balloon
|turn|1
|
|t:|1778505150
|move|p1a: Ribombee|Sticky Web|p2a: Gholdengo
|-sidestart|p2: StGermain49|move: Sticky Web
|move|p2a: Gholdengo|Make It Rain|p1a: Ribombee
|-supereffective|p1a: Ribombee
|-enditem|p1a: Ribombee|Focus Sash
|-damage|p1a: Ribombee|1/100
|-unboost|p2a: Gholdengo|spa|1
|
|upkeep
|turn|2
|
|t:|1778505154
|move|p1a: Ribombee|Moonblast|p2a: Gholdengo
|-resisted|p2a: Gholdengo
|-damage|p2a: Gholdengo|75/100
|-enditem|p2a: Gholdengo|Air Balloon
|move|p2a: Gholdengo|Shadow Ball|p1a: Ribombee
|-damage|p1a: Ribombee|0 fnt
|faint|p1a: Ribombee
|
|upkeep
|
|t:|1778505177
|switch|p1a: Glimmora|Glimmora, M|100/100
|turn|3
|
|t:|1778505183
|move|p1a: Glimmora|Earth Power|p2a: Gholdengo
|-supereffective|p2a: Gholdengo
|-damage|p2a: Gholdengo|0 fnt
|faint|p2a: Gholdengo
|
|upkeep
|
|t:|1778505203
|switch|p2a: Dragonite|Dragonite, M|100/100
|turn|4
|
|t:|1778505211
|move|p1a: Glimmora|Stealth Rock|p2a: Dragonite
|-sidestart|p2: StGermain49|move: Stealth Rock
|move|p2a: Dragonite|Dragon Dance|p2a: Dragonite
|-boost|p2a: Dragonite|atk|1
|-boost|p2a: Dragonite|spe|1
|
|upkeep
|turn|5
|
|t:|1778505217
|switch|p1a: Great Tusk|Great Tusk|100/100
|-enditem|p1a: Great Tusk|Booster Energy
|-activate|p1a: Great Tusk|ability: Protosynthesis|[fromitem]
|-start|p1a: Great Tusk|protosynthesisatk
|move|p2a: Dragonite|Earthquake|p1a: Great Tusk
|-damage|p1a: Great Tusk|57/100
|
|upkeep
|turn|6
|
|t:|1778505224
|move|p2a: Dragonite|Ice Spinner|p1a: Great Tusk
|-supereffective|p1a: Great Tusk
|-damage|p1a: Great Tusk|0 fnt
|faint|p1a: Great Tusk
|-end|p1a: Great Tusk|Protosynthesis|[silent]
|
|upkeep
|
|t:|1778505229
|switch|p1a: Gholdengo|Gholdengo|100/100
|-item|p1a: Gholdengo|Air Balloon
|turn|7
|
|t:|1778505235
|move|p2a: Dragonite|Ice Spinner|p1a: Gholdengo
|-resisted|p1a: Gholdengo
|-damage|p1a: Gholdengo|73/100
|-enditem|p1a: Gholdengo|Air Balloon
|move|p1a: Gholdengo|Make It Rain|p2a: Dragonite
|-damage|p2a: Dragonite|66/100
|-unboost|p1a: Gholdengo|spa|1
|
|upkeep
|turn|8
|
|t:|1778505251
|switch|p1a: Dragonite|Dragonite, M, shiny|100/100
|move|p2a: Dragonite|Earthquake|p1a: Dragonite
|-immune|p1a: Dragonite
|
|upkeep
|turn|9
|
|t:|1778505266
|-terastallize|p1a: Dragonite|Fire
|move|p2a: Dragonite|Ice Spinner|p1a: Dragonite
|-resisted|p1a: Dragonite
|-damage|p1a: Dragonite|88/100
|move|p1a: Dragonite|Dragon Dance|p1a: Dragonite
|-boost|p1a: Dragonite|atk|1
|-boost|p1a: Dragonite|spe|1
|
|upkeep
|turn|10
|
|t:|1778505273
|move|p1a: Dragonite|Scale Shot|p2a: Dragonite
|-supereffective|p2a: Dragonite
|-damage|p2a: Dragonite|21/100
|-supereffective|p2a: Dragonite
|-damage|p2a: Dragonite|0 fnt
|faint|p2a: Dragonite
|-hitcount|p2: Dragonite|2
|-unboost|p1a: Dragonite|def|1
|-boost|p1a: Dragonite|spe|1
|
|upkeep
|inactive|StGermain49 has 120 seconds left.
|
|t:|1778505304
|switch|p2a: Ting-Lu|Ting-Lu|100/100
|-activate|p2a: Ting-Lu|move: Sticky Web
|-unboost|p2a: Ting-Lu|spe|1
|-damage|p2a: Ting-Lu|94/100|[from] Stealth Rock
|-ability|p2a: Ting-Lu|Vessel of Ruin
|turn|11
|
|t:|1778505310
|move|p1a: Dragonite|Scale Shot|p2a: Ting-Lu|[miss]
|-miss|p1a: Dragonite|p2a: Ting-Lu
|move|p2a: Ting-Lu|Whirlwind|p1a: Dragonite
|drag|p1a: Gholdengo|Gholdengo|73/100
|
|-heal|p2a: Ting-Lu|100/100|[from] item: Leftovers
|upkeep
|turn|12
|
|t:|1778505318
|move|p1a: Gholdengo|Focus Blast|p2a: Ting-Lu
|-supereffective|p2a: Ting-Lu
|-damage|p2a: Ting-Lu|64/100
|move|p2a: Ting-Lu|Stealth Rock|p1a: Gholdengo
|-sidestart|p1: sylvr7070|move: Stealth Rock
|
|-heal|p2a: Ting-Lu|70/100|[from] item: Leftovers
|upkeep
|turn|13
|
|t:|1778505329
|switch|p2a: Moltres|Moltres|100/100
|move|p1a: Gholdengo|Focus Blast|p2a: Moltres
|-resisted|p2a: Moltres
|-damage|p2a: Moltres|80/100
|
|upkeep
|turn|14
|
|t:|1778505339
|move|p1a: Gholdengo|Shadow Ball|p2a: Moltres
|-damage|p2a: Moltres|37/100
|move|p2a: Moltres|U-turn|p1a: Gholdengo
|-resisted|p1a: Gholdengo
|-damage|p1a: Gholdengo|68/100
|
|t:|1778505345
|switch|p2a: Great Tusk|Great Tusk|100/100|[from] U-turn
|-activate|p2a: Great Tusk|move: Sticky Web
|-unboost|p2a: Great Tusk|spe|1
|-damage|p2a: Great Tusk|98/100|[from] Stealth Rock
|-enditem|p2a: Great Tusk|Booster Energy
|-activate|p2a: Great Tusk|ability: Protosynthesis|[fromitem]
|-start|p2a: Great Tusk|protosynthesisatk
|
|upkeep
|turn|15
|
|t:|1778505354
|move|p1a: Gholdengo|Make It Rain|p2a: Great Tusk
|-crit|p2a: Great Tusk
|-damage|p2a: Great Tusk|0 fnt
|-unboost|p1a: Gholdengo|spa|1
|faint|p2a: Great Tusk
|-end|p2a: Great Tusk|Protosynthesis|[silent]
|
|upkeep
|
|t:|1778505363
|switch|p2a: Ogerpon|Ogerpon-Wellspring, F|100/100
|-activate|p2a: Ogerpon|move: Sticky Web
|-unboost|p2a: Ogerpon|spe|1
|-damage|p2a: Ogerpon|88/100|[from] Stealth Rock
|turn|16
|
|t:|1778505369
|-terastallize|p2a: Ogerpon|Water
|detailschange|p2a: Ogerpon|Ogerpon-Wellspring-Tera, F, tera:Water
|-ability|p2a: Ogerpon|Embody Aspect (Wellspring)|boost
|-boost|p2a: Ogerpon|spd|1
|move|p1a: Gholdengo|Nasty Plot|p1a: Gholdengo
|-boost|p1a: Gholdengo|spa|2
|move|p2a: Ogerpon|Ivy Cudgel|p1a: Gholdengo|[anim] Ivy Cudgel Water
|-crit|p1a: Gholdengo
|-damage|p1a: Gholdengo|0 fnt
|faint|p1a: Gholdengo
|
|upkeep
|
|t:|1778505379
|switch|p1a: Glimmora|Glimmora, M|100/100
|-damage|p1a: Glimmora|88/100|[from] Stealth Rock
|turn|17
|
|t:|1778505389
|move|p1a: Glimmora|Meteor Beam||[still]
|-prepare|p1a: Glimmora|Meteor Beam
|-boost|p1a: Glimmora|spa|1
|-enditem|p1a: Glimmora|Power Herb
|-anim|p1a: Glimmora|Meteor Beam|p2a: Ogerpon
|-damage|p2a: Ogerpon|18/100
|move|p2a: Ogerpon|Ivy Cudgel|p1a: Glimmora|[anim] Ivy Cudgel Water
|-supereffective|p1a: Glimmora
|-damage|p1a: Glimmora|0 fnt
|-activate|p1a: Glimmora|ability: Toxic Debris
|-sidestart|p2: StGermain49|move: Toxic Spikes
|faint|p1a: Glimmora
|
|upkeep
|
|t:|1778505396
|switch|p1a: Dragonite|Dragonite, M, shiny, tera:Fire|88/100
|-damage|p1a: Dragonite|64/100|[from] Stealth Rock
|turn|18
|
|t:|1778505400
|move|p1a: Dragonite|Scale Shot|p2a: Ogerpon
|-crit|p2a: Ogerpon
|-damage|p2a: Ogerpon|0 fnt
|faint|p2a: Ogerpon
|detailschange|p2: Ogerpon|Ogerpon-Wellspring, F|[silent]
|-hitcount|p2: Ogerpon|1
|-unboost|p1a: Dragonite|def|1
|-boost|p1a: Dragonite|spe|1
|
|upkeep
|
|t:|1778505409
|switch|p2a: Moltres|Moltres|37/100
|turn|19
|
|t:|1778505412
|move|p1a: Dragonite|Scale Shot|p2a: Moltres
|-damage|p2a: Moltres|28/100
|-damage|p2a: Moltres|18/100
|-damage|p2a: Moltres|9/100
|-damage|p2a: Moltres|0 fnt
|faint|p2a: Moltres
|-hitcount|p2: Moltres|4
|-unboost|p1a: Dragonite|def|1
|-boost|p1a: Dragonite|spe|1
|
|upkeep
|
|t:|1778505419
|switch|p2a: Ting-Lu|Ting-Lu|70/100
|-activate|p2a: Ting-Lu|move: Sticky Web
|-unboost|p2a: Ting-Lu|spe|1
|-damage|p2a: Ting-Lu|64/100|[from] Stealth Rock
|-status|p2a: Ting-Lu|psn
|-ability|p2a: Ting-Lu|Vessel of Ruin
|turn|20
|
|t:|1778505428
|move|p1a: Dragonite|Scale Shot|p2a: Ting-Lu
|-damage|p2a: Ting-Lu|55/100 psn
|-damage|p2a: Ting-Lu|48/100 psn
|-damage|p2a: Ting-Lu|40/100 psn
|-damage|p2a: Ting-Lu|33/100 psn
|-damage|p2a: Ting-Lu|25/100 psn
|-hitcount|p2a: Ting-Lu|5
|-unboost|p1a: Dragonite|def|1
|-boost|p1a: Dragonite|spe|1
|move|p2a: Ting-Lu|Whirlwind|p1a: Dragonite
|drag|p1a: Volcarona|Volcarona, M, shiny|100/100
|
|-heal|p2a: Ting-Lu|31/100 psn|[from] item: Leftovers
|-damage|p2a: Ting-Lu|18/100 psn|[from] psn
|upkeep
|turn|21
|
|t:|1778505432
|move|p1a: Volcarona|Bug Buzz|p2a: Ting-Lu
|-supereffective|p2a: Ting-Lu
|-damage|p2a: Ting-Lu|0 fnt
|faint|p2a: Ting-Lu
|
|win|sylvr7070
|raw|sylvr7070's rating: 1608 &rarr; <strong>1631</strong><br />(+23 for winning)
|raw|StGermain49's rating: 1653 &rarr; <strong>1630</strong><br />(-23 for losing)
|c|☆sylvr7070|gg
|l|☆sylvr7070
|player|p1|
|c|☆StGermain49|Gg
|l|☆StGermain49
|player|p2|
