|html|<div class="broadcast-blue"><strong>[Gen 9] OU is currently suspecting Tera Blast! For information on how to participate check out the <a href="https://www.smogon.com/tools/suspects/view/200">suspect thread</a>.</strong></div>
|j|☆BuffCacture
|j|☆BoffleSlop
|t:|1776106237
|gametype|singles
|player|p1|BuffCacture|1|1217
|player|p2|BoffleSlop|169|1218
|gen|9
|tier|[Gen 9] OU
|rated|
|rule|HP Percentage Mod: HP is shown in percentages
|rule|Endless Battle Clause: Forcing endless battles is banned
|rule|Species Clause: Limit one of each Pokémon
|rule|OHKO Clause: OHKO moves are banned
|rule|Evasion Items Clause: Evasion items are banned
|rule|Evasion Moves Clause: Evasion moves are banned
|rule|Evasion Abilities Clause: Evasion abilities are banned
|rule|Sleep Moves Clause: Sleep-inducing moves are banned
|clearpoke
|poke|p1|Tinkaton, F|
|poke|p1|Cacturne, M|
|poke|p1|Slowbro, F|
|poke|p1|Rotom-Wash|
|poke|p1|Emboar, M|
|poke|p1|Drifblim, F|
|poke|p2|Darkrai|
|poke|p2|Landorus-Therian, M|
|poke|p2|Walking Wake|
|poke|p2|Clefable, F|
|poke|p2|Ogerpon, F|
|poke|p2|Torkoal, M|
|teampreview
|inactive|Battle timer is ON: inactive players will automatically lose when time's up. (requested by BoffleSlop)
|
|t:|1776106254
|teamsize|p1|6
|teamsize|p2|6
|start
|switch|p1a: Ur Momma|Emboar, M|100/100
|switch|p2a: Landorus|Landorus-Therian, M|100/100
|-ability|p2a: Landorus|Intimidate|boost
|-unboost|p1a: Ur Momma|atk|1
|turn|1
|
|t:|1776106273
|switch|p1a: Step_Bro_im_stuck|Rotom-Wash|100/100
|move|p2a: Landorus|Earth Power|p1a: Step_Bro_im_stuck
|-immune|p1a: Step_Bro_im_stuck|[from] ability: Levitate
|
|upkeep
|turn|2
|
|t:|1776106279
|move|p2a: Landorus|U-turn|p1a: Step_Bro_im_stuck
|-damage|p1a: Step_Bro_im_stuck|80/100
|
|t:|1776106282
|switch|p2a: Walking Wake|Walking Wake|100/100|[from] U-turn
|move|p1a: Step_Bro_im_stuck|Will-O-Wisp|p2a: Walking Wake
|-status|p2a: Walking Wake|brn
|
|-heal|p1a: Step_Bro_im_stuck|86/100|[from] item: Leftovers
|-damage|p2a: Walking Wake|94/100 brn|[from] brn
|upkeep
|turn|3
|
|t:|1776106291
|move|p2a: Walking Wake|Hydro Steam|p1a: Step_Bro_im_stuck
|-resisted|p1a: Step_Bro_im_stuck
|-damage|p1a: Step_Bro_im_stuck|53/100
|move|p1a: Step_Bro_im_stuck|Thunderbolt|p2a: Walking Wake
|-damage|p2a: Walking Wake|41/100 brn
|
|-heal|p1a: Step_Bro_im_stuck|59/100|[from] item: Leftovers
|-damage|p2a: Walking Wake|35/100 brn|[from] brn
|upkeep
|turn|4
|
|t:|1776106300
|-end|p2a: Walking Wake|Protosynthesis|[silent]
|switch|p2a: Landorus|Landorus-Therian, M|100/100
|-ability|p2a: Landorus|Intimidate|boost
|-unboost|p1a: Step_Bro_im_stuck|atk|1
|move|p1a: Step_Bro_im_stuck|Thunderbolt|p2a: Landorus
|-immune|p2a: Landorus
|
|-heal|p1a: Step_Bro_im_stuck|65/100|[from] item: Leftovers
|upkeep
|turn|5
|
|t:|1776106314
|move|p2a: Landorus|U-turn|p1a: Step_Bro_im_stuck
|-damage|p1a: Step_Bro_im_stuck|45/100
|
|t:|1776106318
|switch|p2a: Clefable|Clefable, F|100/100|[from] U-turn
|move|p1a: Step_Bro_im_stuck|Hydro Pump|p2a: Clefable
|-damage|p2a: Clefable|49/100
|
|-heal|p1a: Step_Bro_im_stuck|51/100|[from] item: Leftovers
|upkeep
|turn|6
|
|t:|1776106325
|move|p1a: Step_Bro_im_stuck|Hydro Pump|p2a: Clefable
|-damage|p2a: Clefable|0 fnt
|faint|p2a: Clefable
|
|-heal|p1a: Step_Bro_im_stuck|57/100|[from] item: Leftovers
|upkeep
|
|t:|1776106328
|switch|p2a: Ogerpon|Ogerpon, F|100/100
|turn|7
|
|t:|1776106332
|move|p2a: Ogerpon|Ivy Cudgel|p1a: Step_Bro_im_stuck
|-supereffective|p1a: Step_Bro_im_stuck
|-damage|p1a: Step_Bro_im_stuck|0 fnt
|faint|p1a: Step_Bro_im_stuck
|
|upkeep
|
|t:|1776106338
|switch|p1a: Ur Momma|Emboar, M|100/100
|turn|8
|
|t:|1776106353
|switch|p2a: Landorus|Landorus-Therian, M|100/100
|-ability|p2a: Landorus|Intimidate|boost
|-unboost|p1a: Ur Momma|atk|1
|move|p1a: Ur Momma|Flare Blitz|p2a: Landorus
|-damage|p2a: Landorus|48/100
|-damage|p1a: Ur Momma|84/100|[from] item: Rocky Helmet|[of] p2a: Landorus
|-damage|p1a: Ur Momma|66/100|[from] Recoil
|
|upkeep
|turn|9
|
|t:|1776106362
|switch|p1a: Up in Smoke|Drifblim, F|100/100
|move|p2a: Landorus|U-turn|p1a: Up in Smoke
|-resisted|p1a: Up in Smoke
|-damage|p1a: Up in Smoke|96/100
|
|t:|1776106369
|switch|p2a: Ogerpon|Ogerpon, F|100/100|[from] U-turn
|
|-status|p1a: Up in Smoke|brn|[from] item: Flame Orb
|upkeep
|turn|10
|
|t:|1776106375
|move|p2a: Ogerpon|Knock Off|p1a: Up in Smoke
|-supereffective|p1a: Up in Smoke
|-damage|p1a: Up in Smoke|3/100 brn
|-enditem|p1a: Up in Smoke|Flame Orb|[from] move: Knock Off|[of] p2a: Ogerpon
|move|p1a: Up in Smoke|Air Slash|p2a: Ogerpon|[miss]
|-miss|p1a: Up in Smoke|p2a: Ogerpon
|
|-damage|p1a: Up in Smoke|0 fnt|[from] brn
|faint|p1a: Up in Smoke
|upkeep
|
|t:|1776106385
|switch|p1a: Ur Momma|Emboar, M|66/100
|turn|11
|
|t:|1776106391
|switch|p2a: Landorus|Landorus-Therian, M|48/100
|-ability|p2a: Landorus|Intimidate|boost
|-unboost|p1a: Ur Momma|atk|1
|move|p1a: Ur Momma|Flare Blitz|p2a: Landorus
|-damage|p2a: Landorus|0 fnt
|-damage|p1a: Ur Momma|49/100|[from] item: Rocky Helmet|[of] p2a: Landorus
|faint|p2a: Landorus
|-damage|p1a: Ur Momma|33/100|[from] Recoil
|
|upkeep
|
|t:|1776106394
|switch|p2a: Torkoal|Torkoal, M|100/100
|-weather|SunnyDay|[from] ability: Drought|[of] p2a: Torkoal
|turn|12
|
|t:|1776106408
|move|p1a: Ur Momma|Flare Blitz|p2a: Torkoal
|-resisted|p2a: Torkoal
|-damage|p2a: Torkoal|78/100
|-damage|p1a: Ur Momma|25/100|[from] Recoil
|move|p2a: Torkoal|Lava Plume|p1a: Ur Momma
|-resisted|p1a: Ur Momma
|-damage|p1a: Ur Momma|2/100
|
|-weather|SunnyDay|[upkeep]
|upkeep
|turn|13
|
|t:|1776106415
|move|p1a: Ur Momma|Flare Blitz|p2a: Torkoal
|-resisted|p2a: Torkoal
|-crit|p2a: Torkoal
|-damage|p2a: Torkoal|27/100
|-damage|p1a: Ur Momma|0 fnt|[from] Recoil
|faint|p1a: Ur Momma
|move|p2a: Torkoal|Rapid Spin|p1: Ur Momma|[notarget]
|-fail|p2a: Torkoal
|
|-weather|SunnyDay|[upkeep]
|upkeep
|
|t:|1776106424
|switch|p1a: Conner|Slowbro, F, shiny|100/100
|turn|14
|
|t:|1776106428
|move|p1a: Conner|Calm Mind|p1a: Conner
|-boost|p1a: Conner|spa|1
|-boost|p1a: Conner|spd|1
|move|p2a: Torkoal|Solar Beam||[still]
|-prepare|p2a: Torkoal|Solar Beam
|-anim|p2a: Torkoal|Solar Beam|p1a: Conner
|-supereffective|p1a: Conner
|-damage|p1a: Conner|77/100
|
|-weather|SunnyDay|[upkeep]
|upkeep
|turn|15
|
|t:|1776106436
|switch|p2a: Walking Wake|Walking Wake|35/100 brn
|-activate|p2a: Walking Wake|ability: Protosynthesis
|-start|p2a: Walking Wake|protosynthesisspe
|move|p1a: Conner|Iron Defense|p1a: Conner
|-boost|p1a: Conner|def|2
|
|-weather|SunnyDay|[upkeep]
|-damage|p2a: Walking Wake|29/100 brn|[from] brn
|upkeep
|turn|16
|
|t:|1776106445
|move|p2a: Walking Wake|Draco Meteor|p1a: Conner
|-damage|p1a: Conner|33/100
|-unboost|p2a: Walking Wake|spa|2
|move|p1a: Conner|Slack Off|p1a: Conner
|-heal|p1a: Conner|83/100
|
|-weather|none
|-end|p2a: Walking Wake|Protosynthesis
|-damage|p2a: Walking Wake|23/100 brn|[from] brn
|upkeep
|turn|17
|
|t:|1776106454
|-end|p2a: Walking Wake|Protosynthesis|[silent]
|switch|p2a: Darkrai|Darkrai|100/100
|move|p1a: Conner|Calm Mind|p1a: Conner
|-boost|p1a: Conner|spa|1
|-boost|p1a: Conner|spd|1
|
|upkeep
|turn|18
|
|t:|1776106461
|switch|p1a: Domintrix|Tinkaton, F|100/100
|-ability|p1a: Domintrix|Mold Breaker
|-terastallize|p2a: Darkrai|Poison
|move|p2a: Darkrai|Nasty Plot|p2a: Darkrai
|-boost|p2a: Darkrai|spa|2
|
|upkeep
|turn|19
|
|t:|1776106471
|move|p2a: Darkrai|Dark Pulse|p1a: Domintrix
|-resisted|p1a: Domintrix
|-damage|p1a: Domintrix|64/100
|move|p1a: Domintrix|Thunder Wave|p2a: Darkrai
|-status|p2a: Darkrai|par
|
|upkeep
|turn|20
|
|t:|1776106478
|move|p1a: Domintrix|Gigaton Hammer|p2a: Darkrai
|-damage|p2a: Darkrai|23/100 par
|move|p2a: Darkrai|Dark Pulse|p1a: Domintrix
|-resisted|p1a: Domintrix
|-damage|p1a: Domintrix|25/100
|
|-heal|p2a: Darkrai|29/100 par|[from] item: Leftovers
|upkeep
|turn|21
|
|t:|1776106485
|move|p1a: Domintrix|Play Rough|p2a: Darkrai
|-resisted|p2a: Darkrai
|-damage|p2a: Darkrai|4/100 par
|move|p2a: Darkrai|Dark Pulse|p1a: Domintrix
|-resisted|p1a: Domintrix
|-damage|p1a: Domintrix|0 fnt
|faint|p1a: Domintrix
|
|-heal|p2a: Darkrai|10/100 par|[from] item: Leftovers
|upkeep
|
|t:|1776106498
|switch|p1a: Conner|Slowbro, F, shiny|100/100
|turn|22
|
|t:|1776106501
|cant|p2a: Darkrai|par
|move|p1a: Conner|Calm Mind|p1a: Conner
|-boost|p1a: Conner|spa|1
|-boost|p1a: Conner|spd|1
|
|-heal|p2a: Darkrai|16/100 par|[from] item: Leftovers
|upkeep
|turn|23
|
|t:|1776106507
|move|p2a: Darkrai|Dark Pulse|p1a: Conner
|-supereffective|p1a: Conner
|-damage|p1a: Conner|22/100
|move|p1a: Conner|Calm Mind|p1a: Conner
|-boost|p1a: Conner|spa|1
|-boost|p1a: Conner|spd|1
|
|-heal|p2a: Darkrai|22/100 par|[from] item: Leftovers
|upkeep
|turn|24
|
|t:|1776106514
|move|p2a: Darkrai|Dark Pulse|p1a: Conner
|-supereffective|p1a: Conner
|-damage|p1a: Conner|0 fnt
|faint|p1a: Conner
|
|-heal|p2a: Darkrai|28/100 par|[from] item: Leftovers
|upkeep
|
|t:|1776106523
|switch|p1a: Buff Cacture|Cacturne, M|100/100
|turn|25
|
|t:|1776106527
|move|p1a: Buff Cacture|Sucker Punch|p2a: Darkrai
|-damage|p2a: Darkrai|0 fnt
|faint|p2a: Darkrai
|
|upkeep
|
|t:|1776106532
|switch|p2a: Torkoal|Torkoal, M|27/100
|-weather|SunnyDay|[from] ability: Drought|[of] p2a: Torkoal
|turn|26
|
|t:|1776106538
|move|p1a: Buff Cacture|Sucker Punch|p2a: Torkoal
|-damage|p2a: Torkoal|6/100
|move|p2a: Torkoal|Lava Plume|p1a: Buff Cacture
|-supereffective|p1a: Buff Cacture
|-enditem|p1a: Buff Cacture|Focus Sash
|-damage|p1a: Buff Cacture|1/100
|-status|p1a: Buff Cacture|brn
|
|-weather|SunnyDay|[upkeep]
|-damage|p1a: Buff Cacture|0 fnt|[from] brn
|faint|p1a: Buff Cacture
|
|win|BoffleSlop
|raw|BuffCacture's rating: 1217 &rarr; <strong>1192</strong><br />(-25 for losing)
|raw|BoffleSlop's rating: 1218 &rarr; <strong>1243</strong><br />(+25 for winning)
|l|☆BuffCacture
|player|p1|
|l|☆BoffleSlop
|player|p2|
