|html|<div class="broadcast-blue"><strong>[Gen 9] OU is currently suspecting Tera Blast! For information on how to participate check out the <a href="https://www.smogon.com/tools/suspects/view/200">suspect thread</a>.</strong></div>
|j|☆Fermin59
|j|☆dxxander
|t:|1776075217
|gametype|singles
|player|p1|Fermin59|dawn|1094
|player|p2|dxxander|lance|1095
|gen|9
|tier|[Gen 9] OU
|rated|
|rule|HP Percentage Mod: HP is shown in percentages
|rule|Endless Battle Clause: Forcing endless battles is banned
|rule|Species Clause: Limit one of each Pokémon
|rule|OHKO Clause: OHKO moves are banned
|rule|Evasion Items Clause: Evasion items are banned
|rule|Evasion Moves Clause: Evasion moves are banned
|rule|Evasion Abilities Clause: Evasion abilities are banned
|rule|Sleep Moves Clause: Sleep-inducing moves are banned
|clearpoke
|poke|p1|Scizor, M|
|poke|p1|Heracross, F|
|poke|p1|Rotom-Wash|
|poke|p1|Gliscor, M|
|poke|p1|Zoroark, F|
|poke|p1|Yanmega, M|
|poke|p2|Iron Valiant|
|poke|p2|Dondozo, F|
|poke|p2|Ting-Lu|
|poke|p2|Dragapult, M|
|poke|p2|Dragonite, M|
|poke|p2|Great Tusk|
|teampreview
|
|t:|1776075256
|teamsize|p1|6
|teamsize|p2|6
|start
|switch|p1a: Scyth3r|Scizor, M, shiny|100/100
|switch|p2a: Iron Valiant|Iron Valiant|100/100
|-enditem|p2a: Iron Valiant|Booster Energy
|-activate|p2a: Iron Valiant|ability: Quark Drive|[fromitem]
|-start|p2a: Iron Valiant|quarkdrivespe
|turn|1
|
|t:|1776075273
|move|p1a: Scyth3r|Bullet Punch|p2a: Iron Valiant
|-supereffective|p2a: Iron Valiant
|-damage|p2a: Iron Valiant|0 fnt
|faint|p2a: Iron Valiant
|-end|p2a: Iron Valiant|Quark Drive|[silent]
|
|upkeep
|
|t:|1776075287
|switch|p2a: Great Tusk|Great Tusk|100/100
|turn|2
|
|t:|1776075298
|switch|p1a: Gligy|Gliscor, M|100/100
|move|p2a: Great Tusk|Headlong Rush|p1a: Gligy
|-immune|p1a: Gligy
|
|-status|p1a: Gligy|tox|[from] item: Toxic Orb
|upkeep
|turn|3
|
|t:|1776075308
|move|p1a: Gligy|Toxic|p2a: Great Tusk
|-status|p2a: Great Tusk|tox
|move|p2a: Great Tusk|Ice Spinner|p1a: Gligy
|-supereffective|p1a: Gligy
|-damage|p1a: Gligy|6/100 tox
|
|-heal|p1a: Gligy|19/100 tox|[from] ability: Poison Heal
|-damage|p2a: Great Tusk|94/100 tox|[from] psn
|upkeep
|turn|4
|
|t:|1776075321
|move|p1a: Gligy|Protect|p1a: Gligy
|-singleturn|p1a: Gligy|Protect
|move|p2a: Great Tusk|Rapid Spin|p1a: Gligy
|-activate|p1a: Gligy|move: Protect
|
|-heal|p1a: Gligy|31/100 tox|[from] ability: Poison Heal
|-damage|p2a: Great Tusk|82/100 tox|[from] psn
|upkeep
|turn|5
|
|t:|1776075341
|switch|p1a: ESTÁ ROTO|Rotom-Wash|100/100
|move|p2a: Great Tusk|Ice Spinner|p1a: ESTÁ ROTO
|-resisted|p1a: ESTÁ ROTO
|-damage|p1a: ESTÁ ROTO|85/100
|
|-heal|p1a: ESTÁ ROTO|91/100|[from] item: Leftovers
|-damage|p2a: Great Tusk|63/100 tox|[from] psn
|upkeep
|turn|6
|
|t:|1776075374
|-end|p2a: Great Tusk|Protosynthesis|[silent]
|switch|p2a: Ting-Lu|Ting-Lu|100/100
|-ability|p2a: Ting-Lu|Vessel of Ruin
|move|p1a: ESTÁ ROTO|Hydro Pump|p2a: Ting-Lu
|-supereffective|p2a: Ting-Lu
|-damage|p2a: Ting-Lu|65/100
|
|-heal|p1a: ESTÁ ROTO|98/100|[from] item: Leftovers
|-heal|p2a: Ting-Lu|72/100|[from] item: Leftovers
|upkeep
|turn|7
|
|t:|1776075389
|move|p1a: ESTÁ ROTO|Hydro Pump|p2a: Ting-Lu
|-supereffective|p2a: Ting-Lu
|-damage|p2a: Ting-Lu|36/100
|move|p2a: Ting-Lu|Stealth Rock|p1a: ESTÁ ROTO
|-sidestart|p1: Fermin59|move: Stealth Rock
|
|-heal|p1a: ESTÁ ROTO|100/100|[from] item: Leftovers
|-heal|p2a: Ting-Lu|43/100|[from] item: Leftovers
|upkeep
|turn|8
|
|t:|1776075403
|move|p1a: ESTÁ ROTO|Hydro Pump|p2a: Ting-Lu
|-supereffective|p2a: Ting-Lu
|-damage|p2a: Ting-Lu|2/100
|move|p2a: Ting-Lu|Ruination|p1a: ESTÁ ROTO
|-damage|p1a: ESTÁ ROTO|50/100
|
|-heal|p1a: ESTÁ ROTO|57/100|[from] item: Leftovers
|-heal|p2a: Ting-Lu|9/100|[from] item: Leftovers
|upkeep
|turn|9
|
|t:|1776075417
|move|p1a: ESTÁ ROTO|Hydro Pump|p2a: Ting-Lu
|-supereffective|p2a: Ting-Lu
|-damage|p2a: Ting-Lu|0 fnt
|faint|p2a: Ting-Lu
|
|-heal|p1a: ESTÁ ROTO|63/100|[from] item: Leftovers
|upkeep
|
|t:|1776075427
|switch|p2a: Dragonite|Dragonite, M|100/100
|turn|10
|
|t:|1776075432
|move|p2a: Dragonite|Dragon Dance|p2a: Dragonite
|-boost|p2a: Dragonite|atk|1
|-boost|p2a: Dragonite|spe|1
|move|p1a: ESTÁ ROTO|Pain Split|p2a: Dragonite
|-sethp|p2a: Dragonite|80/100|[from] move: Pain Split|[silent]
|-sethp|p1a: ESTÁ ROTO|85/100|[from] move: Pain Split
|
|-heal|p1a: ESTÁ ROTO|91/100|[from] item: Leftovers
|upkeep
|turn|11
|
|t:|1776075443
|-terastallize|p2a: Dragonite|Normal
|move|p2a: Dragonite|Extreme Speed|p1a: ESTÁ ROTO
|-damage|p1a: ESTÁ ROTO|21/100
|move|p1a: ESTÁ ROTO|Volt Switch|p2a: Dragonite
|-damage|p2a: Dragonite|51/100
|
|t:|1776075451
|switch|p1a: Scyth3r|Scizor, M, shiny|100/100|[from] Volt Switch
|-damage|p1a: Scyth3r|88/100|[from] Stealth Rock
|
|upkeep
|turn|12
|
|t:|1776075458
|move|p1a: Scyth3r|Bullet Punch|p2a: Dragonite
|-damage|p2a: Dragonite|0 fnt
|faint|p2a: Dragonite
|
|upkeep
|
|t:|1776075465
|switch|p2a: Dragapult|Dragapult, M|100/100
|turn|13
|
|t:|1776075474
|move|p1a: Scyth3r|Bullet Punch|p2a: Dragapult
|-damage|p2a: Dragapult|28/100
|move|p2a: Dragapult|Flamethrower|p1a: Scyth3r
|-supereffective|p1a: Scyth3r
|-damage|p1a: Scyth3r|0 fnt
|faint|p1a: Scyth3r
|-damage|p2a: Dragapult|18/100|[from] item: Life Orb
|
|upkeep
|
|t:|1776075490
|switch|p1a: Heracross|Heracross, F, shiny|100/100
|-damage|p1a: Heracross|88/100|[from] Stealth Rock
|turn|14
|
|t:|1776075503
|move|p1a: Heracross|Megahorn|p2a: Dragapult
|-resisted|p2a: Dragapult
|-damage|p2a: Dragapult|0 fnt
|faint|p2a: Dragapult
|
|upkeep
|c|☆dxxander|how outspeed
|inactive|Battle timer is ON: inactive players will automatically lose when time's up. (requested by Fermin59)
|
|t:|1776075540
|switch|p2a: Great Tusk|Great Tusk|63/100 tox
|turn|15
|
|t:|1776075552
|move|p1a: Heracross|Megahorn|p2a: Great Tusk
|-resisted|p2a: Great Tusk
|-damage|p2a: Great Tusk|43/100 tox
|move|p2a: Great Tusk|Ice Spinner|p1a: Heracross
|-damage|p1a: Heracross|43/100
|
|-damage|p2a: Great Tusk|37/100 tox|[from] psn
|upkeep
|turn|16
|
|t:|1776075561
|move|p1a: Heracross|Megahorn|p2a: Great Tusk
|-resisted|p2a: Great Tusk
|-damage|p2a: Great Tusk|19/100 tox
|move|p2a: Great Tusk|Ice Spinner|p1a: Heracross
|-damage|p1a: Heracross|0 fnt
|faint|p1a: Heracross
|
|-damage|p2a: Great Tusk|7/100 tox|[from] psn
|upkeep
|
|t:|1776075572
|switch|p1a: Gligy|Gliscor, M|31/100 tox
|-damage|p1a: Gligy|19/100 tox|[from] Stealth Rock
|turn|17
|inactive|dxxander has 120 seconds left.
|inactive|dxxander has 90 seconds left.
|inactive|dxxander has 60 seconds left.
|inactive|dxxander has 30 seconds left.
|inactive|dxxander has 20 seconds left.
|inactive|dxxander has 15 seconds left.
|inactive|dxxander has 10 seconds left.
|inactive|dxxander has 5 seconds left.
|-message|dxxander lost due to inactivity.
|
|win|Fermin59
|raw|Fermin59's rating: 1094 &rarr; <strong>1120</strong><br />(+26 for winning)
|raw|dxxander's rating: 1095 &rarr; <strong>1071</strong><br />(-24 for losing)
|l|☆Fermin59
|player|p1|
