|html|<div class="broadcast-blue"><strong>[Gen 9] OU is currently suspecting Tera Blast! For information on how to participate check out the <a href="https://www.smogon.com/tools/suspects/view/200">suspect thread</a>.</strong></div>
|j|☆Victory2000
|j|☆msean3
|t:|1776052923
|gametype|singles
|player|p1|Victory2000|hiker-gen4|1636
|player|p2|msean3|265|1645
|gen|9
|tier|[Gen 9] OU
|rated|
|rule|HP Percentage Mod: HP is shown in percentages
|rule|Endless Battle Clause: Forcing endless battles is banned
|rule|Species Clause: Limit one of each Pokémon
|rule|OHKO Clause: OHKO moves are banned
|rule|Evasion Items Clause: Evasion items are banned
|rule|Evasion Moves Clause: Evasion moves are banned
|rule|Evasion Abilities Clause: Evasion abilities are banned
|rule|Sleep Moves Clause: Sleep-inducing moves are banned
|clearpoke
|poke|p1|Gholdengo|
|poke|p1|Zamazenta-*|
|poke|p1|Dragonite, M|
|poke|p1|Great Tusk|
|poke|p1|Ogerpon, F|
|poke|p1|Tornadus-Therian, M|
|poke|p2|Iron Valiant|
|poke|p2|Excadrill, F|
|poke|p2|Tyranitar, F|
|poke|p2|Tornadus-Therian, M|
|poke|p2|Ogerpon-Cornerstone, F|
|poke|p2|Toxapex, M|
|teampreview
|inactive|Battle timer is ON: inactive players will automatically lose when time's up. (requested by msean3)
|
|t:|1776052968
|teamsize|p1|6
|teamsize|p2|6
|start
|switch|p1a: Ogerpon|Ogerpon, F|100/100
|switch|p2a: Ogerpon|Ogerpon-Cornerstone, F|100/100
|turn|1
|
|t:|1776052984
|switch|p2a: Toxapex|Toxapex, M|100/100
|move|p1a: Ogerpon|U-turn|p2a: Toxapex
|-resisted|p2a: Toxapex
|-damage|p2a: Toxapex|87/100
|-enditem|p2a: Toxapex|Eject Button
|
|t:|1776052993
|switch|p2a: Tornadus|Tornadus-Therian, M|100/100
|
|upkeep
|turn|2
|
|t:|1776052998
|switch|p1a: Tornadus|Tornadus-Therian, M|100/100
|move|p2a: Tornadus|Bleakwind Storm|p1a: Tornadus
|-damage|p1a: Tornadus|62/100
|-unboost|p1a: Tornadus|spe|1
|
|upkeep
|turn|3
|
|t:|1776053003
|switch|p2a: Tyranitar|Tyranitar, F|100/100
|-weather|Sandstorm|[from] ability: Sand Stream|[of] p2a: Tyranitar
|move|p1a: Tornadus|U-turn|p2a: Tyranitar
|-supereffective|p2a: Tyranitar
|-damage|p2a: Tyranitar|72/100
|
|t:|1776053011
|switch|p1a: Ogerpon|Ogerpon, F|100/100|[from] U-turn
|
|-weather|Sandstorm|[upkeep]
|-damage|p1a: Ogerpon|95/100|[from] Sandstorm
|upkeep
|turn|4
|
|t:|1776053027
|switch|p2a: Tornadus|Tornadus-Therian, M|100/100
|move|p1a: Ogerpon|Ivy Cudgel|p2a: Tornadus
|-resisted|p2a: Tornadus
|-damage|p2a: Tornadus|46/100
|
|-weather|Sandstorm|[upkeep]
|-damage|p2a: Tornadus|40/100|[from] Sandstorm
|-damage|p1a: Ogerpon|89/100|[from] Sandstorm
|upkeep
|turn|5
|
|t:|1776053037
|switch|p2a: Ogerpon|Ogerpon-Cornerstone, F|100/100
|-terastallize|p1a: Ogerpon|Grass
|detailschange|p1a: Ogerpon|Ogerpon-Teal-Tera, F, tera:Grass
|-ability|p1a: Ogerpon|Embody Aspect (Teal)|boost
|-boost|p1a: Ogerpon|spe|1
|move|p1a: Ogerpon|Ivy Cudgel|p2a: Ogerpon
|-crit|p2a: Ogerpon
|-ability|p2a: Ogerpon|Sturdy
|-damage|p2a: Ogerpon|1/100
|
|-weather|Sandstorm|[upkeep]
|-damage|p1a: Ogerpon|83/100|[from] Sandstorm
|upkeep
|turn|6
|
|t:|1776053041
|move|p1a: Ogerpon|Ivy Cudgel|p2a: Ogerpon
|-damage|p2a: Ogerpon|0 fnt
|faint|p2a: Ogerpon
|
|-weather|Sandstorm|[upkeep]
|-damage|p1a: Ogerpon|77/100|[from] Sandstorm
|upkeep
|
|t:|1776053063
|switch|p2a: Tyranitar|Tyranitar, F|72/100
|turn|7
|
|t:|1776053068
|-terastallize|p2a: Tyranitar|Bug
|move|p1a: Ogerpon|Ivy Cudgel|p2a: Tyranitar
|-resisted|p2a: Tyranitar
|-damage|p2a: Tyranitar|31/100
|move|p2a: Tyranitar|Ice Punch|p1a: Ogerpon
|-supereffective|p1a: Ogerpon
|-damage|p1a: Ogerpon|2/100
|
|-weather|Sandstorm|[upkeep]
|-damage|p1a: Ogerpon|0 fnt|[from] Sandstorm
|-damage|p2a: Tyranitar|25/100|[from] Sandstorm
|faint|p1a: Ogerpon
|detailschange|p1: Ogerpon|Ogerpon, F|[silent]
|upkeep
|inactive|Victory2000 has 120 seconds left.
|
|t:|1776053118
|switch|p1a: Gholdengo|Gholdengo|100/100
|turn|8
|
|t:|1776053122
|switch|p2a: Toxapex|Toxapex, M|100/100
|move|p1a: Gholdengo|Shadow Ball|p2a: Toxapex
|-damage|p2a: Toxapex|70/100
|
|-weather|Sandstorm|[upkeep]
|-damage|p2a: Toxapex|64/100|[from] Sandstorm
|upkeep
|turn|9
|
|t:|1776053127
|move|p1a: Gholdengo|Nasty Plot|p1a: Gholdengo
|-boost|p1a: Gholdengo|spa|2
|move|p2a: Toxapex|Toxic Spikes|p1a: Gholdengo
|-sidestart|p1: Victory2000|move: Toxic Spikes
|
|-weather|Sandstorm|[upkeep]
|-damage|p2a: Toxapex|57/100|[from] Sandstorm
|upkeep
|turn|10
|
|t:|1776053134
|move|p1a: Gholdengo|Psyshock|p2a: Toxapex
|-supereffective|p2a: Toxapex
|-damage|p2a: Toxapex|0 fnt
|faint|p2a: Toxapex
|
|-weather|none
|upkeep
|
|t:|1776053136
|switch|p2a: Tyranitar|Tyranitar, F, tera:Bug|25/100
|-weather|Sandstorm|[from] ability: Sand Stream|[of] p2a: Tyranitar
|turn|11
|
|t:|1776053142
|move|p1a: Gholdengo|Shadow Ball|p2a: Tyranitar
|-damage|p2a: Tyranitar|0 fnt
|faint|p2a: Tyranitar
|
|-weather|Sandstorm|[upkeep]
|upkeep
|
|t:|1776053144
|switch|p2a: Excadrill|Excadrill, F|100/100
|turn|12
|
|t:|1776053155
|switch|p2a: Iron Valiant|Iron Valiant|100/100
|switch|p1a: Great Tusk|Great Tusk|100/100
|
|-weather|Sandstorm|[upkeep]
|-damage|p2a: Iron Valiant|94/100|[from] Sandstorm
|upkeep
|turn|13
|
|t:|1776053165
|move|p2a: Iron Valiant|Moonblast|p1a: Great Tusk
|-supereffective|p1a: Great Tusk
|-damage|p1a: Great Tusk|0 fnt
|faint|p1a: Great Tusk
|-end|p1a: Great Tusk|Protosynthesis|[silent]
|
|-weather|Sandstorm|[upkeep]
|-damage|p2a: Iron Valiant|88/100|[from] Sandstorm
|upkeep
|j| Shucklepilled
|
|t:|1776053173
|switch|p1a: Gholdengo|Gholdengo|100/100
|turn|14
|
|t:|1776053180
|-end|p2a: Iron Valiant|Quark Drive|[silent]
|switch|p2a: Excadrill|Excadrill, F|100/100
|move|p1a: Gholdengo|Make It Rain|p2a: Excadrill
|-resisted|p2a: Excadrill
|-damage|p2a: Excadrill|46/100
|-unboost|p1a: Gholdengo|spa|1
|
|-weather|Sandstorm|[upkeep]
|-heal|p2a: Excadrill|52/100|[from] item: Leftovers
|upkeep
|turn|15
|j| peneplain
|
|t:|1776053203
|switch|p1a: Dragonite|Dragonite, M|100/100
|move|p2a: Excadrill|Substitute|p2a: Excadrill
|-start|p2a: Excadrill|Substitute
|-damage|p2a: Excadrill|27/100
|
|-weather|Sandstorm|[upkeep]
|-damage|p1a: Dragonite|94/100|[from] Sandstorm
|-heal|p2a: Excadrill|33/100|[from] item: Leftovers
|upkeep
|turn|16
|
|t:|1776053218
|move|p2a: Excadrill|Rock Slide|p1a: Dragonite
|-supereffective|p1a: Dragonite
|-damage|p1a: Dragonite|33/100
|move|p1a: Dragonite|Fire Punch|p2a: Excadrill
|-supereffective|p2a: Excadrill
|-end|p2a: Excadrill|Substitute
|
|-weather|Sandstorm|[upkeep]
|-damage|p1a: Dragonite|27/100|[from] Sandstorm
|-heal|p2a: Excadrill|40/100|[from] item: Leftovers
|upkeep
|turn|17
|
|t:|1776053223
|move|p2a: Excadrill|Rock Slide|p1a: Dragonite
|-supereffective|p1a: Dragonite
|-damage|p1a: Dragonite|0 fnt
|faint|p1a: Dragonite
|
|-weather|Sandstorm|[upkeep]
|-heal|p2a: Excadrill|46/100|[from] item: Leftovers
|upkeep
|
|t:|1776053232
|switch|p1a: Tornadus|Tornadus-Therian, M|96/100
|turn|18
|
|t:|1776053241
|move|p2a: Excadrill|Rock Slide|p1a: Tornadus
|-supereffective|p1a: Tornadus
|-damage|p1a: Tornadus|32/100
|move|p1a: Tornadus|Heat Wave|p2a: Excadrill|[miss]
|-miss|p1a: Tornadus|p2a: Excadrill
|
|-weather|none
|-heal|p2a: Excadrill|52/100|[from] item: Leftovers
|upkeep
|turn|19
|
|t:|1776053250
|move|p1a: Tornadus|Heat Wave|p2a: Excadrill
|-supereffective|p2a: Excadrill
|-damage|p2a: Excadrill|0 fnt
|faint|p2a: Excadrill
|
|upkeep
|
|t:|1776053254
|switch|p2a: Tornadus|Tornadus-Therian, M|73/100
|turn|20
|
|t:|1776053262
|switch|p1a: Zamazenta|Zamazenta|100/100
|-status|p1a: Zamazenta|psn
|-ability|p1a: Zamazenta|Dauntless Shield|boost
|-boost|p1a: Zamazenta|def|1
|move|p2a: Tornadus|Heat Wave|p1a: Zamazenta
|-damage|p1a: Zamazenta|72/100 psn
|
|-damage|p1a: Zamazenta|60/100 psn|[from] psn
|upkeep
|turn|21
|
|t:|1776053274
|move|p1a: Zamazenta|Psychic Fangs|p2a: Tornadus
|-damage|p2a: Tornadus|34/100
|move|p2a: Tornadus|Heat Wave|p1a: Zamazenta
|-damage|p1a: Zamazenta|30/100 psn
|
|-damage|p1a: Zamazenta|18/100 psn|[from] psn
|upkeep
|turn|22
|
|t:|1776053282
|switch|p2a: Iron Valiant|Iron Valiant|88/100
|move|p1a: Zamazenta|Psychic Fangs|p2a: Iron Valiant
|-supereffective|p2a: Iron Valiant
|-damage|p2a: Iron Valiant|17/100
|
|-damage|p1a: Zamazenta|5/100 psn|[from] psn
|upkeep
|turn|23
|
|t:|1776053287
|move|p1a: Zamazenta|Psychic Fangs|p2a: Iron Valiant
|-supereffective|p2a: Iron Valiant
|-damage|p2a: Iron Valiant|0 fnt
|faint|p2a: Iron Valiant
|-end|p2a: Iron Valiant|Quark Drive|[silent]
|
|-damage|p1a: Zamazenta|0 fnt|[from] psn
|faint|p1a: Zamazenta
|upkeep
|
|t:|1776053307
|switch|p1a: Tornadus|Tornadus-Therian, M|65/100
|switch|p2a: Tornadus|Tornadus-Therian, M|67/100
|turn|24
|
|t:|1776053311
|move|p2a: Tornadus|Heat Wave|p1a: Tornadus
|-damage|p1a: Tornadus|42/100
|move|p1a: Tornadus|Icy Wind|p2a: Tornadus
|-supereffective|p2a: Tornadus
|-damage|p2a: Tornadus|31/100
|-unboost|p2a: Tornadus|spe|1
|
|upkeep
|turn|25
|
|t:|1776053314
|move|p1a: Tornadus|Icy Wind|p2a: Tornadus
|-supereffective|p2a: Tornadus
|-damage|p2a: Tornadus|0 fnt
|faint|p2a: Tornadus
|
|win|Victory2000
|raw|Victory2000's rating: 1636 &rarr; <strong>1657</strong><br />(+21 for winning)
|raw|msean3's rating: 1645 &rarr; <strong>1624</strong><br />(-21 for losing)
|l| peneplain
|l|☆Victory2000
|player|p1|
|l|☆msean3
|player|p2|
