|html|<div class="broadcast-blue"><strong>[Gen 9] OU is currently suspecting Tera Blast! For information on how to participate check out the <a href="https://www.smogon.com/tools/suspects/view/200">suspect thread</a>.</strong></div>
|j|☆JackkMaster02
|j|☆Littleblackberry
|t:|1776072050
|gametype|singles
|player|p1|JackkMaster02|1|1193
|player|p2|Littleblackberry|skierf|1181
|gen|9
|tier|[Gen 9] OU
|rated|
|rule|HP Percentage Mod: HP is shown in percentages
|rule|Endless Battle Clause: Forcing endless battles is banned
|rule|Species Clause: Limit one of each Pokémon
|rule|OHKO Clause: OHKO moves are banned
|rule|Evasion Items Clause: Evasion items are banned
|rule|Evasion Moves Clause: Evasion moves are banned
|rule|Evasion Abilities Clause: Evasion abilities are banned
|rule|Sleep Moves Clause: Sleep-inducing moves are banned
|clearpoke
|poke|p1|Serperior, F|
|poke|p1|Garchomp, M|
|poke|p1|Pecharunt|
|poke|p1|Ninetales-Alola, F|
|poke|p1|Iron Moth|
|poke|p1|Glastrier|
|poke|p2|Zamazenta-*|
|poke|p2|Hoopa-Unbound|
|poke|p2|Pecharunt|
|poke|p2|Heatran, M|
|poke|p2|Enamorus, F|
|poke|p2|Deoxys-Speed|
|teampreview
|
|t:|1776072056
|teamsize|p1|6
|teamsize|p2|6
|start
|switch|p1a: Ninetales|Ninetales-Alola, F|100/100
|switch|p2a: Enamorus|Enamorus, F|100/100
|-weather|Snowscape|[from] ability: Snow Warning|[of] p1a: Ninetales
|turn|1
|
|t:|1776072077
|move|p1a: Ninetales|Aurora Veil|p1a: Ninetales
|-sidestart|p1: JackkMaster02|move: Aurora Veil
|move|p2a: Enamorus|Iron Head|p1a: Ninetales
|-supereffective|p1a: Ninetales
|-damage|p1a: Ninetales|64/100
|
|-weather|Snowscape|[upkeep]
|upkeep
|turn|2
|
|t:|1776072089
|switch|p1a: Garchomp|Garchomp, M|100/100
|switch|p2a: Heatran|Heatran, M|100/100
|
|-weather|Snowscape|[upkeep]
|upkeep
|turn|3
|
|t:|1776072108
|-terastallize|p2a: Heatran|Flying
|move|p1a: Garchomp|Stealth Rock|p2a: Heatran
|-sidestart|p2: Littleblackberry|move: Stealth Rock
|move|p2a: Heatran|Magma Storm|p1a: Garchomp
|-resisted|p1a: Garchomp
|-damage|p1a: Garchomp|81/100
|-activate|p1a: Garchomp|move: Magma Storm|[of] p2a: Heatran
|
|-weather|Snowscape|[upkeep]
|-damage|p1a: Garchomp|68/100|[from] move: Magma Storm|[partiallytrapped]
|upkeep
|turn|4
|
|t:|1776072123
|move|p1a: Garchomp|Spikes|p2a: Heatran
|-sidestart|p2: Littleblackberry|Spikes
|move|p2a: Heatran|Magma Storm|p1a: Garchomp
|-resisted|p1a: Garchomp
|-damage|p1a: Garchomp|50/100
|
|-weather|Snowscape|[upkeep]
|-damage|p1a: Garchomp|37/100|[from] move: Magma Storm|[partiallytrapped]
|upkeep
|turn|5
|
|t:|1776072132
|move|p1a: Garchomp|Spikes|p2a: Heatran
|-sidestart|p2: Littleblackberry|Spikes
|move|p2a: Heatran|Magma Storm|p1a: Garchomp
|-resisted|p1a: Garchomp
|-damage|p1a: Garchomp|19/100
|
|-weather|none
|-damage|p1a: Garchomp|6/100|[from] move: Magma Storm|[partiallytrapped]
|upkeep
|turn|6
|
|t:|1776072146
|move|p1a: Garchomp|Spikes|p2a: Heatran
|-sidestart|p2: Littleblackberry|Spikes
|move|p2a: Heatran|Magma Storm|p1a: Garchomp
|-resisted|p1a: Garchomp
|-damage|p1a: Garchomp|0 fnt
|faint|p1a: Garchomp
|
|upkeep
|
|t:|1776072168
|switch|p1a: Serperior|Serperior, F|100/100
|turn|7
|
|t:|1776072172
|-terastallize|p1a: Serperior|Stellar
|move|p1a: Serperior|Tera Blast|p2a: Heatran|[anim] Tera Blast Stellar
|-supereffective|p2a: Heatran
|-damage|p2a: Heatran|47/100
|-boost|p1a: Serperior|atk|1
|-boost|p1a: Serperior|spa|1
|move|p2a: Heatran|Magma Storm|p1a: Serperior
|-supereffective|p1a: Serperior
|-damage|p1a: Serperior|0 fnt
|faint|p1a: Serperior
|
|upkeep
|
|t:|1776072191
|switch|p1a: Iron Moth|Iron Moth|100/100
|-enditem|p1a: Iron Moth|Booster Energy
|-activate|p1a: Iron Moth|ability: Quark Drive|[fromitem]
|-start|p1a: Iron Moth|quarkdrivespa
|turn|8
|
|t:|1776072203
|move|p1a: Iron Moth|Fiery Dance|p2a: Heatran
|-start|p2a: Heatran|ability: Flash Fire
|move|p2a: Heatran|Magma Storm|p1a: Iron Moth|[miss]
|-miss|p2a: Heatran|p1a: Iron Moth
|
|-sideend|p1: JackkMaster02|move: Aurora Veil
|upkeep
|turn|9
|
|t:|1776072217
|move|p1a: Iron Moth|Air Slash|p2a: Heatran|[miss]
|-miss|p1a: Iron Moth|p2a: Heatran
|move|p2a: Heatran|Magma Storm|p1a: Iron Moth|[miss]
|-miss|p2a: Heatran|p1a: Iron Moth
|
|upkeep
|turn|10
|
|t:|1776072223
|move|p1a: Iron Moth|Air Slash|p2a: Heatran
|-damage|p2a: Heatran|19/100
|cant|p2a: Heatran|flinch
|
|upkeep
|turn|11
|
|t:|1776072230
|move|p1a: Iron Moth|Sludge Wave|p2a: Heatran
|-damage|p2a: Heatran|0 fnt
|faint|p2a: Heatran
|
|upkeep
|
|t:|1776072235
|switch|p2a: Zamazenta|Zamazenta|100/100
|-damage|p2a: Zamazenta|94/100|[from] Stealth Rock
|-damage|p2a: Zamazenta|70/100|[from] Spikes
|-ability|p2a: Zamazenta|Dauntless Shield|boost
|-boost|p2a: Zamazenta|def|1
|turn|12
|
|t:|1776072250
|move|p2a: Zamazenta|Light Screen|p2a: Zamazenta
|-sidestart|p2: Littleblackberry|move: Light Screen
|move|p1a: Iron Moth|Air Slash|p2a: Zamazenta
|-supereffective|p2a: Zamazenta
|-damage|p2a: Zamazenta|39/100
|
|upkeep
|turn|13
|
|t:|1776072257
|move|p2a: Zamazenta|Reflect|p2a: Zamazenta
|-sidestart|p2: Littleblackberry|Reflect
|move|p1a: Iron Moth|Air Slash|p2a: Zamazenta
|-supereffective|p2a: Zamazenta
|-damage|p2a: Zamazenta|5/100
|
|upkeep
|turn|14
|
|t:|1776072263
|move|p2a: Zamazenta|Wild Charge|p1a: Iron Moth
|-damage|p1a: Iron Moth|50/100
|-damage|p2a: Zamazenta|0 fnt|[from] Recoil
|faint|p2a: Zamazenta
|move|p1a: Iron Moth|Fiery Dance|p2: Zamazenta|[notarget]
|-fail|p1a: Iron Moth
|
|upkeep
|
|t:|1776072267
|switch|p2a: Deoxys|Deoxys-Speed|100/100
|-damage|p2a: Deoxys|88/100|[from] Stealth Rock
|-damage|p2a: Deoxys|63/100|[from] Spikes
|-ability|p2a: Deoxys|Pressure
|turn|15
|
|t:|1776072291
|move|p2a: Deoxys|Psycho Boost|p1a: Iron Moth
|-supereffective|p1a: Iron Moth
|-damage|p1a: Iron Moth|0 fnt
|-unboost|p2a: Deoxys|spa|2
|faint|p1a: Iron Moth
|-end|p1a: Iron Moth|Quark Drive|[silent]
|
|upkeep
|
|t:|1776072299
|switch|p1a: Glastrier|Glastrier|100/100
|turn|16
|
|t:|1776072308
|move|p2a: Deoxys|Extreme Speed|p1a: Glastrier
|-damage|p1a: Glastrier|91/100
|move|p1a: Glastrier|Throat Chop|p2a: Deoxys
|-supereffective|p2a: Deoxys
|-damage|p2a: Deoxys|14/100
|-start|p2a: Deoxys|Throat Chop|[silent]
|
|upkeep
|turn|17
|
|t:|1776072320
|move|p2a: Deoxys|Psycho Boost|p1a: Glastrier
|-damage|p1a: Glastrier|66/100
|-unboost|p2a: Deoxys|spa|2
|move|p1a: Glastrier|Throat Chop|p2a: Deoxys
|-supereffective|p2a: Deoxys
|-damage|p2a: Deoxys|0 fnt
|faint|p2a: Deoxys
|-ability|p1a: Glastrier|Chilling Neigh|boost
|-boost|p1a: Glastrier|atk|1
|
|upkeep
|
|t:|1776072329
|switch|p2a: Enamorus|Enamorus, F|100/100
|-damage|p2a: Enamorus|76/100|[from] Stealth Rock
|turn|18
|
|t:|1776072342
|move|p2a: Enamorus|Superpower|p1a: Glastrier
|-supereffective|p1a: Glastrier
|-damage|p1a: Glastrier|24/100
|-boost|p2a: Enamorus|atk|1
|-boost|p2a: Enamorus|def|1
|move|p1a: Glastrier|Heavy Slam|p2a: Enamorus
|-supereffective|p2a: Enamorus
|-damage|p2a: Enamorus|22/100
|
|upkeep
|turn|19
|
|t:|1776072355
|move|p2a: Enamorus|Superpower|p1a: Glastrier
|-supereffective|p1a: Glastrier
|-damage|p1a: Glastrier|0 fnt
|-boost|p2a: Enamorus|atk|1
|-boost|p2a: Enamorus|def|1
|faint|p1a: Glastrier
|
|-sideend|p2: Littleblackberry|move: Light Screen
|upkeep
|
|t:|1776072370
|switch|p1a: Ninetales|Ninetales-Alola, F|64/100
|-weather|Snowscape|[from] ability: Snow Warning|[of] p1a: Ninetales
|turn|20
|
|t:|1776072377
|move|p1a: Ninetales|Blizzard|p2a: Enamorus
|-supereffective|p2a: Enamorus
|-damage|p2a: Enamorus|0 fnt
|faint|p2a: Enamorus
|
|-weather|Snowscape|[upkeep]
|-sideend|p2: Littleblackberry|Reflect
|upkeep
|
|t:|1776072396
|switch|p2a: Hoopa|Hoopa-Unbound|100/100
|-damage|p2a: Hoopa|88/100|[from] Stealth Rock
|-damage|p2a: Hoopa|63/100|[from] Spikes
|turn|21
|
|t:|1776072409
|move|p1a: Ninetales|Aurora Veil|p1a: Ninetales
|-sidestart|p1: JackkMaster02|move: Aurora Veil
|move|p2a: Hoopa|Hyperspace Fury|p1a: Ninetales
|-resisted|p1a: Ninetales
|-damage|p1a: Ninetales|45/100
|-unboost|p2a: Hoopa|def|1
|
|-weather|Snowscape|[upkeep]
|upkeep
|turn|22
|
|t:|1776072422
|switch|p2a: Pecharunt|Pecharunt|100/100
|-damage|p2a: Pecharunt|88/100|[from] Stealth Rock
|-damage|p2a: Pecharunt|63/100|[from] Spikes
|move|p1a: Ninetales|Encore||[still]
|-fail|p1a: Ninetales
|
|-weather|Snowscape|[upkeep]
|-heal|p2a: Pecharunt|69/100|[from] item: Black Sludge
|upkeep
|turn|23
|
|t:|1776072471
|switch|p1a: Pecharunt|Pecharunt|100/100
|move|p2a: Pecharunt|Malignant Chain|p1a: Pecharunt
|-resisted|p1a: Pecharunt
|-damage|p1a: Pecharunt|95/100
|
|-weather|Snowscape|[upkeep]
|-heal|p1a: Pecharunt|100/100|[from] item: Leftovers
|-heal|p2a: Pecharunt|75/100|[from] item: Black Sludge
|upkeep
|turn|24
|
|t:|1776072490
|move|p1a: Pecharunt|Hex|p2a: Pecharunt
|-supereffective|p2a: Pecharunt
|-damage|p2a: Pecharunt|31/100
|move|p2a: Pecharunt|Nasty Plot|p2a: Pecharunt
|-boost|p2a: Pecharunt|spa|2
|
|-weather|none
|-heal|p2a: Pecharunt|37/100|[from] item: Black Sludge
|upkeep
|turn|25
|
|t:|1776072500
|move|p1a: Pecharunt|Hex|p2a: Pecharunt
|-supereffective|p2a: Pecharunt
|-damage|p2a: Pecharunt|0 fnt
|faint|p2a: Pecharunt
|
|upkeep
|
|t:|1776072505
|switch|p2a: Hoopa|Hoopa-Unbound|63/100
|-damage|p2a: Hoopa|51/100|[from] Stealth Rock
|-damage|p2a: Hoopa|26/100|[from] Spikes
|turn|26
|
|t:|1776072511
|move|p2a: Hoopa|Dark Pulse|p1a: Pecharunt
|-supereffective|p1a: Pecharunt
|-damage|p1a: Pecharunt|62/100
|cant|p1a: Pecharunt|flinch
|
|-heal|p1a: Pecharunt|68/100|[from] item: Leftovers
|upkeep
|turn|27
|
|t:|1776072519
|move|p2a: Hoopa|Dark Pulse|p1a: Pecharunt
|-supereffective|p1a: Pecharunt
|-damage|p1a: Pecharunt|25/100
|cant|p1a: Pecharunt|flinch
|
|-heal|p1a: Pecharunt|31/100|[from] item: Leftovers
|upkeep
|turn|28
|
|t:|1776072530
|move|p2a: Hoopa|Dark Pulse|p1a: Pecharunt
|-supereffective|p1a: Pecharunt
|-damage|p1a: Pecharunt|0 fnt
|faint|p1a: Pecharunt
|
|-sideend|p1: JackkMaster02|move: Aurora Veil
|upkeep
|
|t:|1776072537
|switch|p1a: Ninetales|Ninetales-Alola, F|45/100
|-weather|Snowscape|[from] ability: Snow Warning|[of] p1a: Ninetales
|turn|29
|
|t:|1776072543
|move|p1a: Ninetales|Moonblast|p2a: Hoopa
|-supereffective|p2a: Hoopa
|-damage|p2a: Hoopa|0 fnt
|faint|p2a: Hoopa
|
|win|JackkMaster02
|raw|JackkMaster02's rating: 1193 &rarr; <strong>1217</strong><br />(+24 for winning)
|raw|Littleblackberry's rating: 1181 &rarr; <strong>1157</strong><br />(-24 for losing)
|l|☆Littleblackberry
|player|p2|
|l|☆JackkMaster02
|player|p1|
