|html|<div class="broadcast-blue"><strong>[Gen 9] OU is currently suspecting Tera Blast! For information on how to participate check out the <a href="https://www.smogon.com/tools/suspects/view/200">suspect thread</a>.</strong></div>
|j|☆tokiwakano
|j|☆miaoTV-青
|t:|1776149257
|gametype|singles
|player|p1|tokiwakano|acetrainerf|1649
|player|p2|miaoTV-青|elesa|1811
|gen|9
|tier|[Gen 9] OU
|rated|
|rule|HP Percentage Mod: HP is shown in percentages
|rule|Endless Battle Clause: Forcing endless battles is banned
|rule|Species Clause: Limit one of each Pokémon
|rule|OHKO Clause: OHKO moves are banned
|rule|Evasion Items Clause: Evasion items are banned
|rule|Evasion Moves Clause: Evasion moves are banned
|rule|Evasion Abilities Clause: Evasion abilities are banned
|rule|Sleep Moves Clause: Sleep-inducing moves are banned
|clearpoke
|poke|p1|Great Tusk|
|poke|p1|Slowking-Galar, M|
|poke|p1|Corviknight, F|
|poke|p1|Clefable, F|
|poke|p1|Samurott-Hisui, M|
|poke|p1|Dragapult, F|
|poke|p2|Ogerpon-Wellspring, F|
|poke|p2|Dondozo, F|
|poke|p2|Cinderace, F|
|poke|p2|Landorus-Therian, M|
|poke|p2|Slowking-Galar, L99, M|
|poke|p2|Tyranitar, F|
|teampreview
|inactive|Battle timer is ON: inactive players will automatically lose when time's up. (requested by tokiwakano)
|
|t:|1776149272
|teamsize|p1|6
|teamsize|p2|6
|start
|switch|p1a: Dragapult|Dragapult, F|100/100
|switch|p2a: 红小将|Cinderace, F|100/100
|turn|1
|
|t:|1776149275
|move|p2a: 红小将|Sucker Punch|p1a: Dragapult
|-start|p2a: 红小将|typechange|Dark|[from] ability: Libero
|-supereffective|p1a: Dragapult
|-damage|p1a: Dragapult|2/100
|move|p1a: Dragapult|Draco Meteor|p2a: 红小将
|-damage|p2a: 红小将|0 fnt
|-unboost|p1a: Dragapult|spa|2
|faint|p2a: 红小将
|
|upkeep
|
|t:|1776149280
|switch|p2a: 林统帅(未坠机版)|Landorus-Therian, M|100/100
|-ability|p2a: 林统帅(未坠机版)|Intimidate|boost
|-fail|p1a: Dragapult|unboost|[from] ability: Clear Body|[of] p1a: Dragapult
|turn|2
|
|t:|1776149287
|switch|p1a: Corviknight|Corviknight, F|100/100
|-ability|p1a: Corviknight|Pressure
|move|p2a: 林统帅(未坠机版)|U-turn|p1a: Corviknight
|-resisted|p1a: Corviknight
|-damage|p1a: Corviknight|97/100
|-damage|p2a: 林统帅(未坠机版)|84/100|[from] item: Rocky Helmet|[of] p1a: Corviknight
|
|t:|1776149290
|switch|p2a: 庆丰帝|Slowking-Galar, L99, M, shiny|100/100|[from] U-turn
|
|upkeep
|turn|3
|
|t:|1776149297
|move|p1a: Corviknight|U-turn|p2a: 庆丰帝
|-damage|p2a: 庆丰帝|88/100
|-damage|p1a: Corviknight|80/100|[from] item: Rocky Helmet|[of] p2a: 庆丰帝
|
|t:|1776149300
|switch|p1a: Great Tusk|Great Tusk|100/100|[from] U-turn
|-prepare|p2a: 庆丰帝|Chilly Reception|[premajor]
|move|p2a: 庆丰帝|Chilly Reception|p2a: 庆丰帝
|-weather|Snowscape
|
|t:|1776149308
|switch|p2a: 江母狗|Ogerpon-Wellspring, F|100/100|[from] Chilly Reception
|
|-weather|Snowscape|[upkeep]
|upkeep
|turn|4
|j| Kyurem
|
|t:|1776149312
|move|p2a: 江母狗|Ivy Cudgel|p1a: Great Tusk|[anim] Ivy Cudgel Water
|-supereffective|p1a: Great Tusk
|-damage|p1a: Great Tusk|15/100
|move|p1a: Great Tusk|Close Combat|p2a: 江母狗
|-damage|p2a: 江母狗|16/100
|-unboost|p1a: Great Tusk|def|1
|-unboost|p1a: Great Tusk|spd|1
|
|-weather|Snowscape|[upkeep]
|-heal|p1a: Great Tusk|21/100|[from] item: Leftovers
|upkeep
|turn|5
|
|t:|1776149318
|-end|p1a: Great Tusk|Protosynthesis|[silent]
|switch|p1a: Corviknight|Corviknight, F|80/100
|-ability|p1a: Corviknight|Pressure
|move|p2a: 江母狗|Ivy Cudgel|p1a: Corviknight|[anim] Ivy Cudgel Water
|-damage|p1a: Corviknight|43/100
|
|-weather|Snowscape|[upkeep]
|upkeep
|turn|6
|
|t:|1776149328
|move|p2a: 江母狗|Swords Dance|p2a: 江母狗
|-boost|p2a: 江母狗|atk|2
|move|p1a: Corviknight|Roost|p1a: Corviknight
|-heal|p1a: Corviknight|93/100
|-singleturn|p1a: Corviknight|move: Roost
|
|-weather|Snowscape|[upkeep]
|upkeep
|turn|7
|
|t:|1776149333
|-terastallize|p2a: 江母狗|Water
|detailschange|p2a: 江母狗|Ogerpon-Wellspring-Tera, F, tera:Water
|-ability|p2a: 江母狗|Embody Aspect (Wellspring)|boost
|-boost|p2a: 江母狗|spd|1
|move|p2a: 江母狗|Ivy Cudgel|p1a: Corviknight|[anim] Ivy Cudgel Water
|-damage|p1a: Corviknight|1/100
|move|p1a: Corviknight|U-turn|p2a: 江母狗
|-damage|p2a: 江母狗|0 fnt
|faint|p2a: 江母狗
|detailschange|p2: 江母狗|Ogerpon-Wellspring, F|[silent]
|
|t:|1776149341
|switch|p1a: Great Tusk|Great Tusk|21/100|[from] U-turn
|
|-weather|none
|-heal|p1a: Great Tusk|27/100|[from] item: Leftovers
|upkeep
|
|t:|1776149350
|switch|p2a: 林统帅(未坠机版)|Landorus-Therian, M|84/100
|-ability|p2a: 林统帅(未坠机版)|Intimidate|boost
|-unboost|p1a: Great Tusk|atk|1
|turn|8
|
|t:|1776149353
|-end|p1a: Great Tusk|Protosynthesis|[silent]
|switch|p1a: Clefable|Clefable, F|100/100
|move|p2a: 林统帅(未坠机版)|Earthquake|p1a: Clefable
|-damage|p1a: Clefable|57/100
|
|-heal|p1a: Clefable|63/100|[from] item: Leftovers
|upkeep
|turn|9
|
|t:|1776149358
|switch|p2a: 庆丰帝|Slowking-Galar, L99, M, shiny|100/100
|move|p1a: Clefable|Moonlight|p1a: Clefable
|-heal|p1a: Clefable|100/100
|
|upkeep
|turn|10
|
|t:|1776149364
|switch|p1a: Great Tusk|Great Tusk|27/100
|move|p2a: 庆丰帝|Ice Beam|p1a: Great Tusk
|-supereffective|p1a: Great Tusk
|-damage|p1a: Great Tusk|0 fnt
|faint|p1a: Great Tusk
|-end|p1a: Great Tusk|Protosynthesis|[silent]
|
|upkeep
|
|t:|1776149368
|switch|p1a: Samurott|Samurott-Hisui, M|100/100
|turn|11
|
|t:|1776149374
|move|p1a: Samurott|Ceaseless Edge|p2a: 庆丰帝
|-supereffective|p2a: 庆丰帝
|-damage|p2a: 庆丰帝|34/100
|-damage|p1a: Samurott|84/100|[from] item: Rocky Helmet|[of] p2a: 庆丰帝
|-sidestart|p2: miaoTV-青|Spikes
|-prepare|p2a: 庆丰帝|Chilly Reception|[premajor]
|move|p2a: 庆丰帝|Chilly Reception|p2a: 庆丰帝
|-weather|Snowscape
|
|t:|1776149378
|switch|p2a: 林统帅(未坠机版)|Landorus-Therian, M|84/100|[from] Chilly Reception
|-ability|p2a: 林统帅(未坠机版)|Intimidate|boost
|-unboost|p1a: Samurott|atk|1
|
|-weather|Snowscape|[upkeep]
|upkeep
|turn|12
|
|t:|1776149383
|switch|p1a: Clefable|Clefable, F|100/100
|move|p2a: 林统帅(未坠机版)|U-turn|p1a: Clefable
|-resisted|p1a: Clefable
|-damage|p1a: Clefable|90/100
|
|t:|1776149389
|switch|p2a: 庆丰帝|Slowking-Galar, L99, M, shiny|68/100|[from] U-turn
|-damage|p2a: 庆丰帝|55/100|[from] Spikes
|
|-weather|Snowscape|[upkeep]
|-heal|p1a: Clefable|96/100|[from] item: Leftovers
|upkeep
|turn|13
|
|t:|1776149392
|switch|p1a: Slowking|Slowking-Galar, M|100/100
|-prepare|p2a: 庆丰帝|Chilly Reception|[premajor]
|move|p2a: 庆丰帝|Chilly Reception|p2a: 庆丰帝
|
|t:|1776149395
|switch|p2a: 毛腊肉|Tyranitar, F|100/100|[from] Chilly Reception
|-damage|p2a: 毛腊肉|88/100|[from] Spikes
|-weather|Sandstorm|[from] ability: Sand Stream|[of] p2a: 毛腊肉
|
|-weather|Sandstorm|[upkeep]
|-damage|p1a: Slowking|94/100|[from] Sandstorm
|upkeep
|turn|14
|
|t:|1776149399
|switch|p1a: Corviknight|Corviknight, F|1/100
|-ability|p1a: Corviknight|Pressure
|move|p2a: 毛腊肉|Thunderbolt|p1a: Corviknight
|-supereffective|p1a: Corviknight
|-damage|p1a: Corviknight|0 fnt
|faint|p1a: Corviknight
|
|-weather|Sandstorm|[upkeep]
|upkeep
|
|t:|1776149406
|switch|p1a: Samurott|Samurott-Hisui, M|84/100
|turn|15
|
|t:|1776149409
|move|p1a: Samurott|Aqua Cutter|p2a: 毛腊肉
|-supereffective|p2a: 毛腊肉
|-damage|p2a: 毛腊肉|18/100
|move|p2a: 毛腊肉|Thunderbolt|p1a: Samurott
|-supereffective|p1a: Samurott
|-damage|p1a: Samurott|15/100
|
|-weather|Sandstorm|[upkeep]
|-damage|p1a: Samurott|9/100|[from] Sandstorm
|upkeep
|turn|16
|
|t:|1776149414
|switch|p2a: 庆丰帝|Slowking-Galar, L99, M, shiny|89/100
|-damage|p2a: 庆丰帝|76/100|[from] Spikes
|move|p1a: Samurott|Ceaseless Edge|p2a: 庆丰帝
|-supereffective|p2a: 庆丰帝
|-damage|p2a: 庆丰帝|7/100
|-damage|p1a: Samurott|0 fnt|[from] item: Rocky Helmet|[of] p2a: 庆丰帝
|faint|p1a: Samurott
|
|-weather|Sandstorm|[upkeep]
|-damage|p2a: 庆丰帝|1/100|[from] Sandstorm
|upkeep
|
|t:|1776149423
|switch|p1a: Clefable|Clefable, F|96/100
|turn|17
|
|t:|1776149426
|switch|p2a: 毛腊肉|Tyranitar, F|18/100
|-damage|p2a: 毛腊肉|5/100|[from] Spikes
|move|p1a: Clefable|Moonblast|p2a: 毛腊肉
|-supereffective|p2a: 毛腊肉
|-damage|p2a: 毛腊肉|0 fnt
|faint|p2a: 毛腊肉
|
|-weather|none
|-heal|p1a: Clefable|100/100|[from] item: Leftovers
|upkeep
|
|t:|1776149433
|switch|p2a: 庆丰帝|Slowking-Galar, L99, M, shiny|34/100
|-damage|p2a: 庆丰帝|22/100|[from] Spikes
|turn|18
|
|t:|1776149439
|switch|p2a: 水晶棺|Dondozo, F|100/100
|-damage|p2a: 水晶棺|88/100|[from] Spikes
|move|p1a: Clefable|Stealth Rock|p2a: 水晶棺
|-sidestart|p2: miaoTV-青|move: Stealth Rock
|
|upkeep
|turn|19
|
|t:|1776149442
|move|p1a: Clefable|Knock Off|p2a: 水晶棺
|-crit|p2a: 水晶棺
|-damage|p2a: 水晶棺|78/100
|-enditem|p2a: 水晶棺|Chesto Berry|[from] move: Knock Off|[of] p1a: Clefable
|move|p2a: 水晶棺|Curse|p2a: 水晶棺
|-unboost|p2a: 水晶棺|spe|1
|-boost|p2a: 水晶棺|atk|1
|-boost|p2a: 水晶棺|def|1
|
|upkeep
|turn|20
|
|t:|1776149446
|move|p1a: Clefable|Moonblast|p2a: 水晶棺
|-damage|p2a: 水晶棺|48/100
|-unboost|p2a: 水晶棺|spa|1
|move|p2a: 水晶棺|Wave Crash|p1a: Clefable
|-damage|p1a: Clefable|57/100
|-damage|p2a: 水晶棺|37/100|[from] Recoil
|
|-heal|p1a: Clefable|63/100|[from] item: Leftovers
|upkeep
|turn|21
|
|t:|1776149450
|switch|p1a: Dragapult|Dragapult, F|2/100
|move|p2a: 水晶棺|Rest|p2a: 水晶棺
|-status|p2a: 水晶棺|slp|[from] move: Rest
|-heal|p2a: 水晶棺|100/100 slp|[silent]
|
|upkeep
|turn|22
|
|t:|1776149460
|switch|p2a: 庆丰帝|Slowking-Galar, L99, M, shiny|55/100
|-damage|p2a: 庆丰帝|43/100|[from] Spikes
|-damage|p2a: 庆丰帝|31/100|[from] Stealth Rock
|move|p1a: Dragapult|Draco Meteor|p2a: 庆丰帝
|-damage|p2a: 庆丰帝|0 fnt
|-unboost|p1a: Dragapult|spa|2
|faint|p2a: 庆丰帝
|
|upkeep
|
|t:|1776149471
|switch|p2a: 林统帅(未坠机版)|Landorus-Therian, M|84/100
|-damage|p2a: 林统帅(未坠机版)|72/100|[from] Stealth Rock
|-ability|p2a: 林统帅(未坠机版)|Intimidate|boost
|-fail|p1a: Dragapult|unboost|[from] ability: Clear Body|[of] p1a: Dragapult
|turn|23
|
|t:|1776149476
|move|p2a: 林统帅(未坠机版)|Earthquake|p1a: Dragapult
|-damage|p1a: Dragapult|0 fnt
|faint|p1a: Dragapult
|
|upkeep
|
|t:|1776149478
|switch|p1a: Clefable|Clefable, F|63/100
|turn|24
|
|t:|1776149480
|move|p2a: 林统帅(未坠机版)|Earthquake|p1a: Clefable
|-damage|p1a: Clefable|22/100
|move|p1a: Clefable|Moonlight|p1a: Clefable
|-heal|p1a: Clefable|72/100
|
|-heal|p1a: Clefable|78/100|[from] item: Leftovers
|upkeep
|turn|25
|
|t:|1776149483
|move|p2a: 林统帅(未坠机版)|Earthquake|p1a: Clefable
|-damage|p1a: Clefable|35/100
|move|p1a: Clefable|Moonlight|p1a: Clefable
|-heal|p1a: Clefable|85/100
|
|-heal|p1a: Clefable|91/100|[from] item: Leftovers
|upkeep
|turn|26
|
|t:|1776149486
|move|p2a: 林统帅(未坠机版)|Earthquake|p1a: Clefable
|-damage|p1a: Clefable|47/100
|move|p1a: Clefable|Moonlight|p1a: Clefable
|-heal|p1a: Clefable|97/100
|
|-heal|p1a: Clefable|100/100|[from] item: Leftovers
|upkeep
|turn|27
|
|t:|1776149488
|move|p2a: 林统帅(未坠机版)|Earthquake|p1a: Clefable
|-damage|p1a: Clefable|57/100
|move|p1a: Clefable|Moonblast|p2a: 林统帅(未坠机版)
|-damage|p2a: 林统帅(未坠机版)|30/100
|
|-heal|p1a: Clefable|63/100|[from] item: Leftovers
|upkeep
|turn|28
|
|t:|1776149491
|move|p2a: 林统帅(未坠机版)|Earthquake|p1a: Clefable
|-damage|p1a: Clefable|19/100
|move|p1a: Clefable|Moonblast|p2a: 林统帅(未坠机版)
|-damage|p2a: 林统帅(未坠机版)|0 fnt
|faint|p2a: 林统帅(未坠机版)
|
|-heal|p1a: Clefable|25/100|[from] item: Leftovers
|upkeep
|
|t:|1776149494
|switch|p2a: 水晶棺|Dondozo, F|100/100 slp
|-damage|p2a: 水晶棺|88/100 slp|[from] Spikes
|-damage|p2a: 水晶棺|75/100 slp|[from] Stealth Rock
|turn|29
|
|t:|1776149496
|move|p1a: Clefable|Moonblast|p2a: 水晶棺
|-damage|p2a: 水晶棺|44/100 slp
|cant|p2a: 水晶棺|slp
|
|-heal|p1a: Clefable|31/100|[from] item: Leftovers
|upkeep
|turn|30
|-message|miaoTV-青 forfeited.
|
|win|tokiwakano
|raw|tokiwakano's rating: 1649 &rarr; <strong>1678</strong><br />(+29 for winning)
|raw|miaoTV-青's rating: 1811 &rarr; <strong>1782</strong><br />(-29 for losing)
|l|☆miaoTV-青
|player|p2|
