|html|<div class="broadcast-blue"><strong>[Gen 9] OU is currently suspecting Tera Blast! For information on how to participate check out the <a href="https://www.smogon.com/tools/suspects/view/200">suspect thread</a>.</strong></div>
|j|☆itssj7203
|j|☆roncg
|t:|1776053865
|gametype|singles
|player|p1|itssj7203|swimmer|1194
|player|p2|roncg|101|1217
|gen|9
|tier|[Gen 9] OU
|rated|
|rule|HP Percentage Mod: HP is shown in percentages
|rule|Endless Battle Clause: Forcing endless battles is banned
|rule|Species Clause: Limit one of each Pokémon
|rule|OHKO Clause: OHKO moves are banned
|rule|Evasion Items Clause: Evasion items are banned
|rule|Evasion Moves Clause: Evasion moves are banned
|rule|Evasion Abilities Clause: Evasion abilities are banned
|rule|Sleep Moves Clause: Sleep-inducing moves are banned
|clearpoke
|poke|p1|Excadrill, M|
|poke|p1|Revavroom, M|
|poke|p1|Garganacl, M|
|poke|p1|Gliscor, M|
|poke|p1|Iron Moth|
|poke|p1|Tyranitar, M|
|poke|p2|Gholdengo|
|poke|p2|Pelipper, F|
|poke|p2|Barraskewda, M|
|poke|p2|Dragonite, F|
|poke|p2|Hoopa-Unbound|
|poke|p2|Maushold-Four|
|teampreview
|j| ohko_smeargle
|
|t:|1776053874
|teamsize|p1|6
|teamsize|p2|6
|start
|switch|p1a: Puppy|Tyranitar, M|100/100
|switch|p2a: Pelipper|Pelipper, F|100/100
|-weather|RainDance|[from] ability: Drizzle|[of] p2a: Pelipper
|-weather|Sandstorm|[from] ability: Sand Stream|[of] p1a: Puppy
|turn|1
|
|t:|1776053884
|move|p2a: Pelipper|U-turn|p1a: Puppy
|-supereffective|p1a: Puppy
|-damage|p1a: Puppy|86/100
|
|t:|1776053888
|switch|p2a: Barraskewda|Barraskewda, M|100/100|[from] U-turn
|move|p1a: Puppy|Stealth Rock|p2a: Barraskewda
|-sidestart|p2: roncg|move: Stealth Rock
|
|-weather|Sandstorm|[upkeep]
|-damage|p2a: Barraskewda|94/100|[from] Sandstorm
|upkeep
|turn|2
|
|t:|1776053899
|move|p2a: Barraskewda|Liquidation|p1a: Puppy
|-supereffective|p1a: Puppy
|-damage|p1a: Puppy|0 fnt
|faint|p1a: Puppy
|-damage|p2a: Barraskewda|85/100|[from] item: Life Orb
|
|-weather|Sandstorm|[upkeep]
|-damage|p2a: Barraskewda|78/100|[from] Sandstorm
|upkeep
|
|t:|1776053915
|switch|p1a: Da Schnoz|Excadrill, M|100/100
|-item|p1a: Da Schnoz|Air Balloon
|turn|3
|
|t:|1776053921
|move|p1a: Da Schnoz|Earthquake|p2a: Barraskewda
|-damage|p2a: Barraskewda|0 fnt
|faint|p2a: Barraskewda
|
|-weather|Sandstorm|[upkeep]
|upkeep
|
|t:|1776053944
|switch|p2a: Maushold|Maushold-Four|100/100
|-damage|p2a: Maushold|88/100|[from] Stealth Rock
|turn|4
|
|t:|1776053958
|move|p1a: Da Schnoz|Swords Dance|p1a: Da Schnoz
|-boost|p1a: Da Schnoz|atk|2
|move|p2a: Maushold|Tidy Up|p2a: Maushold
|-sideend|p2: roncg|Stealth Rock
|-activate|p2a: Maushold|move: Tidy Up
|-boost|p2a: Maushold|atk|1
|-boost|p2a: Maushold|spe|1
|
|-weather|Sandstorm|[upkeep]
|-damage|p2a: Maushold|82/100|[from] Sandstorm
|upkeep
|turn|5
|
|t:|1776053973
|move|p1a: Da Schnoz|Earthquake|p2a: Maushold
|-damage|p2a: Maushold|0 fnt
|faint|p2a: Maushold
|
|-weather|Sandstorm|[upkeep]
|upkeep
|
|t:|1776053996
|switch|p2a: Gholdengo|Gholdengo|100/100
|turn|6
|-message|roncg forfeited.
|
|win|itssj7203
|raw|itssj7203's rating: 1194 &rarr; <strong>1221</strong><br />(+27 for winning)
|raw|roncg's rating: 1217 &rarr; <strong>1190</strong><br />(-27 for losing)
|l|☆roncg
|player|p2|
|l| ohko_smeargle
