|html|<div class="broadcast-blue"><strong>[Gen 9] OU is currently suspecting Tera Blast! For information on how to participate check out the <a href="https://www.smogon.com/tools/suspects/view/200">suspect thread</a>.</strong></div>
|j|☆dinosfrog
|j|☆kingteth
|t:|1776045527
|gametype|singles
|player|p1|dinosfrog|ethan|1429
|player|p2|kingteth|169|1490
|gen|9
|tier|[Gen 9] OU
|rated|
|rule|HP Percentage Mod: HP is shown in percentages
|rule|Endless Battle Clause: Forcing endless battles is banned
|rule|Species Clause: Limit one of each Pokémon
|rule|OHKO Clause: OHKO moves are banned
|rule|Evasion Items Clause: Evasion items are banned
|rule|Evasion Moves Clause: Evasion moves are banned
|rule|Evasion Abilities Clause: Evasion abilities are banned
|rule|Sleep Moves Clause: Sleep-inducing moves are banned
|clearpoke
|poke|p1|Mimikyu, M|
|poke|p1|Dragonite, M|
|poke|p1|Great Tusk|
|poke|p1|Serperior, M|
|poke|p1|Primarina, F|
|poke|p1|Cinderace, M|
|poke|p2|Corviknight, M|
|poke|p2|Zapdos|
|poke|p2|Moltres|
|poke|p2|Kyurem|
|poke|p2|Kingambit, F|
|poke|p2|Deoxys-Defense|
|teampreview
|inactive|Battle timer is ON: inactive players will automatically lose when time's up. (requested by kingteth)
|
|t:|1776045547
|teamsize|p1|6
|teamsize|p2|6
|start
|switch|p1a: Primarina|Primarina, F|100/100
|switch|p2a: Kyurem|Kyurem|100/100
|-ability|p2a: Kyurem|Pressure
|turn|1
|
|t:|1776045551
|move|p2a: Kyurem|Freeze-Dry|p1a: Primarina
|-supereffective|p1a: Primarina
|-damage|p1a: Primarina|35/100
|move|p1a: Primarina|Alluring Voice|p2a: Kyurem
|-supereffective|p2a: Kyurem
|-damage|p2a: Kyurem|26/100
|-enditem|p1a: Primarina|Throat Spray
|-boost|p1a: Primarina|spa|1|[from] item: Throat Spray
|
|-heal|p2a: Kyurem|32/100|[from] item: Leftovers
|upkeep
|turn|2
|
|t:|1776045557
|move|p2a: Kyurem|Freeze-Dry|p1a: Primarina
|-supereffective|p1a: Primarina
|-damage|p1a: Primarina|0 fnt
|faint|p1a: Primarina
|
|-heal|p2a: Kyurem|38/100|[from] item: Leftovers
|upkeep
|
|t:|1776045559
|switch|p1a: Cinderace|Cinderace, M|100/100
|turn|3
|
|t:|1776045562
|switch|p2a: Moltres|Moltres|100/100
|-ability|p2a: Moltres|Pressure
|move|p1a: Cinderace|Pyro Ball|p2a: Moltres
|-resisted|p2a: Moltres
|-damage|p2a: Moltres|73/100
|
|upkeep
|turn|4
|
|t:|1776045571
|-terastallize|p1a: Cinderace|Rock
|move|p1a: Cinderace|Tera Blast|p2a: Moltres|[anim] Tera Blast Rock
|-supereffective|p2a: Moltres
|-damage|p2a: Moltres|0 fnt
|faint|p2a: Moltres
|
|upkeep
|
|t:|1776045577
|switch|p2a: Corviknight|Corviknight, M|100/100
|-ability|p2a: Corviknight|Pressure
|turn|5
|
|t:|1776045581
|-terastallize|p2a: Corviknight|Dragon
|move|p1a: Cinderace|Pyro Ball|p2a: Corviknight
|-resisted|p2a: Corviknight
|-damage|p2a: Corviknight|75/100
|move|p2a: Corviknight|Body Press|p1a: Cinderace
|-supereffective|p1a: Cinderace
|-damage|p1a: Cinderace|36/100
|
|-heal|p2a: Corviknight|81/100|[from] item: Leftovers
|upkeep
|turn|6
|
|t:|1776045591
|move|p1a: Cinderace|U-turn|p2a: Corviknight
|-damage|p2a: Corviknight|63/100
|
|t:|1776045595
|switch|p1a: Great Tusk|Great Tusk|100/100|[from] U-turn
|move|p2a: Corviknight|Body Press|p1a: Great Tusk
|-damage|p1a: Great Tusk|88/100
|
|-heal|p2a: Corviknight|69/100|[from] item: Leftovers
|upkeep
|turn|7
|
|t:|1776045600
|move|p1a: Great Tusk|Ice Spinner|p2a: Corviknight
|-supereffective|p2a: Corviknight
|-damage|p2a: Corviknight|26/100
|move|p2a: Corviknight|Iron Defense|p2a: Corviknight
|-boost|p2a: Corviknight|def|2
|
|-heal|p2a: Corviknight|32/100|[from] item: Leftovers
|upkeep
|turn|8
|
|t:|1776045609
|-end|p1a: Great Tusk|Protosynthesis|[silent]
|switch|p1a: Echo|Mimikyu, M, shiny|100/100
|move|p2a: Corviknight|Roost|p2a: Corviknight
|-heal|p2a: Corviknight|82/100
|
|-heal|p2a: Corviknight|88/100|[from] item: Leftovers
|upkeep
|turn|9
|
|t:|1776045617
|switch|p2a: Zapdos|Zapdos|100/100
|-ability|p2a: Zapdos|Pressure
|move|p1a: Echo|Thunder Wave|p2a: Zapdos
|-immune|p2a: Zapdos
|
|upkeep
|turn|10
|
|t:|1776045622
|switch|p1a: Great Tusk|Great Tusk|88/100
|move|p2a: Zapdos|Volt Switch|p1a: Great Tusk
|-immune|p1a: Great Tusk
|
|upkeep
|turn|11
|
|t:|1776045628
|move|p1a: Great Tusk|Rapid Spin|p2a: Zapdos
|-damage|p2a: Zapdos|84/100
|-boost|p1a: Great Tusk|spe|1
|move|p2a: Zapdos|Hurricane|p1a: Great Tusk
|-supereffective|p1a: Great Tusk
|-damage|p1a: Great Tusk|0 fnt
|faint|p1a: Great Tusk
|-end|p1a: Great Tusk|Protosynthesis|[silent]
|
|upkeep
|
|t:|1776045633
|switch|p1a: Cinderace|Cinderace, M, tera:Rock|36/100
|turn|12
|
|t:|1776045636
|switch|p2a: Corviknight|Corviknight, M, tera:Dragon|88/100
|-ability|p2a: Corviknight|Pressure
|move|p1a: Cinderace|Tera Blast|p2a: Corviknight|[anim] Tera Blast Rock
|-damage|p2a: Corviknight|58/100
|
|-heal|p2a: Corviknight|64/100|[from] item: Leftovers
|upkeep
|turn|13
|
|t:|1776045643
|move|p1a: Cinderace|U-turn|p2a: Corviknight
|-damage|p2a: Corviknight|44/100
|
|t:|1776045644
|switch|p1a: Dragonite|Dragonite, M|100/100|[from] U-turn
|move|p2a: Corviknight|Roost|p2a: Corviknight
|-heal|p2a: Corviknight|94/100
|
|-heal|p2a: Corviknight|100/100|[from] item: Leftovers
|upkeep
|turn|14
|
|t:|1776045649
|move|p1a: Dragonite|Scale Shot|p2a: Corviknight
|-supereffective|p2a: Corviknight
|-damage|p2a: Corviknight|79/100
|-supereffective|p2a: Corviknight
|-damage|p2a: Corviknight|59/100
|-supereffective|p2a: Corviknight
|-damage|p2a: Corviknight|40/100
|-supereffective|p2a: Corviknight
|-damage|p2a: Corviknight|20/100
|-supereffective|p2a: Corviknight
|-damage|p2a: Corviknight|0 fnt
|faint|p2a: Corviknight
|-hitcount|p2: Corviknight|5
|-unboost|p1a: Dragonite|def|1
|-boost|p1a: Dragonite|spe|1
|
|upkeep
|
|t:|1776045656
|switch|p2a: Kingambit|Kingambit, F|100/100
|-ability|p2a: Kingambit|Pressure
|turn|15
|
|t:|1776045658
|move|p1a: Dragonite|Flamethrower|p2a: Kingambit
|-supereffective|p2a: Kingambit
|-damage|p2a: Kingambit|57/100
|move|p2a: Kingambit|Kowtow Cleave|p1a: Dragonite
|-damage|p1a: Dragonite|64/100
|
|-heal|p2a: Kingambit|63/100|[from] item: Leftovers
|upkeep
|turn|16
|
|t:|1776045662
|move|p2a: Kingambit|Sucker Punch|p1a: Dragonite
|-damage|p1a: Dragonite|8/100
|move|p1a: Dragonite|Flamethrower|p2a: Kingambit
|-supereffective|p2a: Kingambit
|-damage|p2a: Kingambit|23/100
|
|-heal|p2a: Kingambit|29/100|[from] item: Leftovers
|upkeep
|turn|17
|
|t:|1776045667
|move|p1a: Dragonite|Extreme Speed|p2a: Kingambit
|-resisted|p2a: Kingambit
|-damage|p2a: Kingambit|19/100
|move|p2a: Kingambit|Sucker Punch||[still]
|-fail|p2a: Kingambit
|
|-heal|p2a: Kingambit|25/100|[from] item: Leftovers
|upkeep
|turn|18
|
|t:|1776045670
|move|p1a: Dragonite|Extreme Speed|p2a: Kingambit
|-resisted|p2a: Kingambit
|-damage|p2a: Kingambit|14/100
|move|p2a: Kingambit|Sucker Punch||[still]
|-fail|p2a: Kingambit
|
|-heal|p2a: Kingambit|20/100|[from] item: Leftovers
|upkeep
|turn|19
|
|t:|1776045673
|move|p1a: Dragonite|Flamethrower|p2a: Kingambit
|-supereffective|p2a: Kingambit
|-damage|p2a: Kingambit|0 fnt
|faint|p2a: Kingambit
|
|upkeep
|
|t:|1776045677
|switch|p2a: Zapdos|Zapdos|84/100
|-ability|p2a: Zapdos|Pressure
|turn|20
|
|t:|1776045681
|move|p1a: Dragonite|Scale Shot|p2a: Zapdos
|-damage|p2a: Zapdos|70/100
|-damage|p2a: Zapdos|56/100
|-damage|p2a: Zapdos|43/100
|-hitcount|p2a: Zapdos|3
|-unboost|p1a: Dragonite|def|1
|-boost|p1a: Dragonite|spe|1
|move|p2a: Zapdos|Volt Switch|p1a: Dragonite
|-damage|p1a: Dragonite|0 fnt
|faint|p1a: Dragonite
|
|t:|1776045687
|switch|p2a: Deoxys|Deoxys-Defense|100/100|[from] Volt Switch
|-ability|p2a: Deoxys|Pressure
|
|upkeep
|
|t:|1776045704
|switch|p1a: Serperior|Serperior, M|100/100
|turn|21
|
|t:|1776045707
|move|p1a: Serperior|Substitute|p1a: Serperior
|-start|p1a: Serperior|Substitute
|-damage|p1a: Serperior|76/100
|move|p2a: Deoxys|Knock Off|p1a: Serperior
|-activate|p1a: Serperior|move: Substitute|[damage]
|
|-heal|p1a: Serperior|82/100|[from] item: Leftovers
|upkeep
|turn|22
|
|t:|1776045714
|move|p1a: Serperior|Leaf Storm|p2a: Deoxys
|-crit|p2a: Deoxys
|-damage|p2a: Deoxys|56/100
|-boost|p1a: Serperior|spa|2
|move|p2a: Deoxys|Psychic Noise|p1a: Serperior
|-damage|p1a: Serperior|60/100
|-start|p1a: Serperior|move: Heal Block
|
|-heal|p2a: Deoxys|62/100|[from] item: Leftovers
|upkeep
|turn|23
|
|t:|1776045720
|move|p1a: Serperior|Leaf Storm|p2a: Deoxys
|-damage|p2a: Deoxys|8/100
|-boost|p1a: Serperior|spa|2
|move|p2a: Deoxys|Recover|p2a: Deoxys
|-heal|p2a: Deoxys|58/100
|
|-heal|p2a: Deoxys|65/100|[from] item: Leftovers
|-end|p1a: Serperior|move: Heal Block
|upkeep
|turn|24
|
|t:|1776045725
|move|p1a: Serperior|Leaf Storm|p2a: Deoxys
|-damage|p2a: Deoxys|0 fnt
|-boost|p1a: Serperior|spa|2
|faint|p2a: Deoxys
|
|-heal|p1a: Serperior|66/100|[from] item: Leftovers
|upkeep
|
|t:|1776045730
|switch|p2a: Kyurem|Kyurem|38/100
|-ability|p2a: Kyurem|Pressure
|turn|25
|
|t:|1776045737
|move|p1a: Serperior|Leaf Storm|p2a: Kyurem
|-resisted|p2a: Kyurem
|-damage|p2a: Kyurem|0 fnt
|faint|p2a: Kyurem
|
|-heal|p1a: Serperior|72/100|[from] item: Leftovers
|upkeep
|
|t:|1776045739
|switch|p2a: Zapdos|Zapdos|43/100
|-ability|p2a: Zapdos|Pressure
|turn|26
|
|t:|1776045742
|move|p1a: Serperior|Tera Blast|p2a: Zapdos
|-damage|p2a: Zapdos|0 fnt
|faint|p2a: Zapdos
|
|win|dinosfrog
|raw|dinosfrog's rating: 1429 &rarr; <strong>1452</strong><br />(+23 for winning)
|raw|kingteth's rating: 1490 &rarr; <strong>1467</strong><br />(-23 for losing)
|l|☆kingteth
|player|p2|
