|html|<div class="broadcast-blue"><strong>[Gen 9] OU is currently suspecting Tera Blast! For information on how to participate check out the <a href="https://www.smogon.com/tools/suspects/view/200">suspect thread</a>.</strong></div>
|j|☆StockTrader
|j|☆meio_potato
|t:|1776113606
|gametype|singles
|player|p1|StockTrader|drayden|1559
|player|p2|meio_potato|hilda-wonderlauncher|1565
|gen|9
|tier|[Gen 9] OU
|rated|
|rule|HP Percentage Mod: HP is shown in percentages
|rule|Endless Battle Clause: Forcing endless battles is banned
|rule|Species Clause: Limit one of each Pokémon
|rule|OHKO Clause: OHKO moves are banned
|rule|Evasion Items Clause: Evasion items are banned
|rule|Evasion Moves Clause: Evasion moves are banned
|rule|Evasion Abilities Clause: Evasion abilities are banned
|rule|Sleep Moves Clause: Sleep-inducing moves are banned
|clearpoke
|poke|p1|Gholdengo|
|poke|p1|Clefable, F|
|poke|p1|Serperior, F|
|poke|p1|Kyurem|
|poke|p1|Ting-Lu|
|poke|p1|Corviknight, M|
|poke|p2|Latias, F|
|poke|p2|Polteageist|
|poke|p2|Zamazenta-*|
|poke|p2|Kingambit, M|
|poke|p2|Ogerpon-Wellspring, F|
|poke|p2|Iron Moth|
|teampreview
|inactive|Battle timer is ON: inactive players will automatically lose when time's up. (requested by meio_potato)
|
|t:|1776113626
|teamsize|p1|6
|teamsize|p2|6
|start
|switch|p1a: Serperior|Serperior, F|100/100
|switch|p2a: Latias|Latias, F|100/100
|turn|1
|
|t:|1776113634
|move|p1a: Serperior|Substitute|p1a: Serperior
|-start|p1a: Serperior|Substitute
|-damage|p1a: Serperior|76/100
|move|p2a: Latias|Agility|p2a: Latias
|-boost|p2a: Latias|spe|2
|
|-heal|p1a: Serperior|82/100|[from] item: Leftovers
|upkeep
|turn|2
|
|t:|1776113638
|move|p2a: Latias|Calm Mind|p2a: Latias
|-boost|p2a: Latias|spa|1
|-boost|p2a: Latias|spd|1
|move|p1a: Serperior|Leech Seed|p2a: Latias
|-start|p2a: Latias|move: Leech Seed
|
|-heal|p1a: Serperior|88/100|[from] item: Leftovers
|-damage|p2a: Latias|88/100|[from] Leech Seed|[of] p1a: Serperior
|-heal|p1a: Serperior|100/100|[silent]
|upkeep
|turn|3
|
|t:|1776113648
|move|p2a: Latias|Calm Mind|p2a: Latias
|-boost|p2a: Latias|spa|1
|-boost|p2a: Latias|spd|1
|move|p1a: Serperior|Leaf Storm|p2a: Latias
|-resisted|p2a: Latias
|-damage|p2a: Latias|77/100
|-boost|p1a: Serperior|spa|2
|
|-damage|p2a: Latias|64/100|[from] Leech Seed|[of] p1a: Serperior
|upkeep
|turn|4
|
|t:|1776113651
|move|p2a: Latias|Draining Kiss|p1a: Serperior
|-end|p1a: Serperior|Substitute
|-heal|p2a: Latias|82/100|[from] drain|[of] p1a: Serperior
|move|p1a: Serperior|Substitute|p1a: Serperior
|-start|p1a: Serperior|Substitute
|-damage|p1a: Serperior|76/100
|
|-heal|p1a: Serperior|82/100|[from] item: Leftovers
|-damage|p2a: Latias|70/100|[from] Leech Seed|[of] p1a: Serperior
|-heal|p1a: Serperior|95/100|[silent]
|upkeep
|turn|5
|
|t:|1776113661
|move|p2a: Latias|Draining Kiss|p1a: Serperior
|-end|p1a: Serperior|Substitute
|-heal|p2a: Latias|88/100|[from] drain|[of] p1a: Serperior
|move|p1a: Serperior|Substitute|p1a: Serperior
|-start|p1a: Serperior|Substitute
|-damage|p1a: Serperior|70/100
|
|-heal|p1a: Serperior|76/100|[from] item: Leftovers
|-damage|p2a: Latias|76/100|[from] Leech Seed|[of] p1a: Serperior
|-heal|p1a: Serperior|89/100|[silent]
|upkeep
|turn|6
|
|t:|1776113669
|move|p2a: Latias|Draining Kiss|p1a: Serperior
|-end|p1a: Serperior|Substitute
|-heal|p2a: Latias|94/100|[from] drain|[of] p1a: Serperior
|move|p1a: Serperior|Leaf Storm|p2a: Latias
|-resisted|p2a: Latias
|-damage|p2a: Latias|71/100
|-boost|p1a: Serperior|spa|2
|
|-heal|p1a: Serperior|95/100|[from] item: Leftovers
|-damage|p2a: Latias|59/100|[from] Leech Seed|[of] p1a: Serperior
|-heal|p1a: Serperior|100/100|[silent]
|upkeep
|turn|7
|
|t:|1776113675
|move|p2a: Latias|Stored Power|p1a: Serperior
|-damage|p1a: Serperior|0 fnt
|faint|p1a: Serperior
|
|upkeep
|
|t:|1776113681
|switch|p1a: Ting-Lu|Ting-Lu|100/100
|-ability|p1a: Ting-Lu|Vessel of Ruin
|turn|8
|
|t:|1776113684
|-terastallize|p2a: Latias|Fairy
|move|p2a: Latias|Draining Kiss|p1a: Ting-Lu
|-supereffective|p1a: Ting-Lu
|-damage|p1a: Ting-Lu|61/100
|-heal|p2a: Latias|100/100|[from] drain|[of] p1a: Ting-Lu
|move|p1a: Ting-Lu|Whirlwind|p2a: Latias
|drag|p2a: Ogerpon|Ogerpon-Wellspring, F|100/100
|
|-heal|p1a: Ting-Lu|67/100|[from] item: Leftovers
|upkeep
|turn|9
|
|t:|1776113692
|switch|p1a: Corviknight|Corviknight, M|100/100
|-ability|p1a: Corviknight|Pressure
|move|p2a: Ogerpon|Swords Dance|p2a: Ogerpon
|-boost|p2a: Ogerpon|atk|2
|
|upkeep
|turn|10
|
|t:|1776113697
|move|p2a: Ogerpon|Ivy Cudgel|p1a: Corviknight|[anim] Ivy Cudgel Water
|-damage|p1a: Corviknight|24/100
|move|p1a: Corviknight|Brave Bird|p2a: Ogerpon
|-supereffective|p2a: Ogerpon
|-damage|p2a: Ogerpon|10/100
|-damage|p1a: Corviknight|1/100|[from] Recoil
|
|upkeep
|turn|11
|
|t:|1776113700
|move|p2a: Ogerpon|Knock Off|p1a: Corviknight
|-damage|p1a: Corviknight|0 fnt
|-damage|p2a: Ogerpon|0 fnt|[from] item: Rocky Helmet|[of] p1a: Corviknight
|faint|p1a: Corviknight
|faint|p2a: Ogerpon
|
|upkeep
|
|t:|1776113716
|switch|p2a: Kingambit|Kingambit, M|100/100
|switch|p1a: Ting-Lu|Ting-Lu|67/100
|-ability|p1a: Ting-Lu|Vessel of Ruin
|turn|12
|
|t:|1776113719
|move|p2a: Kingambit|Swords Dance|p2a: Kingambit
|-boost|p2a: Kingambit|atk|2
|move|p1a: Ting-Lu|Earthquake|p2a: Kingambit
|-supereffective|p2a: Kingambit
|-damage|p2a: Kingambit|34/100
|
|-heal|p2a: Kingambit|40/100|[from] item: Leftovers
|-heal|p1a: Ting-Lu|73/100|[from] item: Leftovers
|upkeep
|turn|13
|
|t:|1776113722
|move|p2a: Kingambit|Low Kick|p1a: Ting-Lu
|-supereffective|p1a: Ting-Lu
|-damage|p1a: Ting-Lu|0 fnt
|faint|p1a: Ting-Lu
|
|-heal|p2a: Kingambit|46/100|[from] item: Leftovers
|upkeep
|
|t:|1776113725
|switch|p1a: Gholdengo|Gholdengo|100/100
|turn|14
|
|t:|1776113727
|move|p1a: Gholdengo|Trick|p2a: Kingambit
|-activate|p1a: Gholdengo|move: Trick|[of] p2a: Kingambit
|-item|p2a: Kingambit|Choice Scarf|[from] move: Trick
|-item|p1a: Gholdengo|Leftovers|[from] move: Trick
|move|p2a: Kingambit|Iron Head|p1a: Gholdengo
|-resisted|p1a: Gholdengo
|-damage|p1a: Gholdengo|52/100
|
|-heal|p1a: Gholdengo|58/100|[from] item: Leftovers
|upkeep
|turn|15
|
|t:|1776113732
|move|p2a: Kingambit|Iron Head|p1a: Gholdengo
|-resisted|p1a: Gholdengo
|-damage|p1a: Gholdengo|12/100
|move|p1a: Gholdengo|Focus Blast|p2a: Kingambit|[miss]
|-miss|p1a: Gholdengo|p2a: Kingambit
|
|-heal|p1a: Gholdengo|18/100|[from] item: Leftovers
|upkeep
|turn|16
|
|t:|1776113747
|move|p2a: Kingambit|Iron Head|p1a: Gholdengo
|-resisted|p1a: Gholdengo
|-damage|p1a: Gholdengo|0 fnt
|faint|p1a: Gholdengo
|
|upkeep
|
|t:|1776113760
|switch|p1a: Clefable|Clefable, F|100/100
|turn|17
|
|t:|1776113764
|-terastallize|p1a: Clefable|Fire
|move|p2a: Kingambit|Iron Head|p1a: Clefable
|-resisted|p1a: Clefable
|-damage|p1a: Clefable|65/100
|move|p1a: Clefable|Moonblast|p2a: Kingambit
|-damage|p2a: Kingambit|10/100
|-unboost|p2a: Kingambit|spa|1
|-ability|p2a: Kingambit|Defiant|boost
|-boost|p2a: Kingambit|atk|2
|
|-heal|p1a: Clefable|71/100|[from] item: Leftovers
|upkeep
|turn|18
|
|t:|1776113768
|move|p2a: Kingambit|Iron Head|p1a: Clefable
|-resisted|p1a: Clefable
|-damage|p1a: Clefable|22/100
|move|p1a: Clefable|Stealth Rock|p2a: Kingambit
|-sidestart|p2: meio_potato|move: Stealth Rock
|
|-heal|p1a: Clefable|28/100|[from] item: Leftovers
|upkeep
|turn|19
|
|t:|1776113774
|move|p2a: Kingambit|Iron Head|p1a: Clefable
|-resisted|p1a: Clefable
|-damage|p1a: Clefable|0 fnt
|faint|p1a: Clefable
|
|upkeep
|
|t:|1776113776
|switch|p1a: Kyurem|Kyurem|100/100
|-ability|p1a: Kyurem|Pressure
|turn|20
|
|t:|1776113779
|move|p1a: Kyurem|Protect|p1a: Kyurem
|-singleturn|p1a: Kyurem|Protect
|move|p2a: Kingambit|Iron Head|p1a: Kyurem
|-activate|p1a: Kyurem|move: Protect
|
|upkeep
|turn|21
|
|t:|1776113784
|move|p2a: Kingambit|Iron Head|p1a: Kyurem
|-supereffective|p1a: Kyurem
|-damage|p1a: Kyurem|0 fnt
|faint|p1a: Kyurem
|
|win|meio_potato
|raw|StockTrader's rating: 1559 &rarr; <strong>1539</strong><br />(-20 for losing)
|raw|meio_potato's rating: 1565 &rarr; <strong>1585</strong><br />(+20 for winning)
|l|☆StockTrader
|player|p1|
|l|☆meio_potato
|player|p2|
