|html|<div class="broadcast-blue"><strong>[Gen 9] OU is currently suspecting Tera Blast! For information on how to participate check out the <a href="https://www.smogon.com/tools/suspects/view/200">suspect thread</a>.</strong></div>
|j|☆SnowieSoul
|j|☆Afiyah
|t:|1776153630
|gametype|singles
|player|p1|SnowieSoul|2|1040
|player|p2|Afiyah|clerkf|1021
|gen|9
|tier|[Gen 9] OU
|rated|
|rule|HP Percentage Mod: HP is shown in percentages
|rule|Endless Battle Clause: Forcing endless battles is banned
|rule|Species Clause: Limit one of each Pokémon
|rule|OHKO Clause: OHKO moves are banned
|rule|Evasion Items Clause: Evasion items are banned
|rule|Evasion Moves Clause: Evasion moves are banned
|rule|Evasion Abilities Clause: Evasion abilities are banned
|rule|Sleep Moves Clause: Sleep-inducing moves are banned
|clearpoke
|poke|p1|Gliscor, M|
|poke|p1|Incineroar, F|
|poke|p1|Rillaboom, M|
|poke|p1|Raging Bolt|
|poke|p1|Alomomola, F|
|poke|p1|Hatterene, F|
|poke|p2|Slowking, M|
|poke|p2|Lapras, F|
|poke|p2|Glimmora, M|
|poke|p2|Hitmonchan, M|
|poke|p2|Gyarados, F|
|poke|p2|Iron Treads|
|teampreview
|inactive|Battle timer is ON: inactive players will automatically lose when time's up. (requested by Afiyah)
|
|t:|1776153649
|teamsize|p1|6
|teamsize|p2|6
|start
|switch|p1a: Hatterene|Hatterene, F|100/100
|switch|p2a: Hitmonchan|Hitmonchan, M|100/100
|turn|1
|
|t:|1776153659
|move|p2a: Hitmonchan|Bullet Punch|p1a: Hatterene
|-supereffective|p1a: Hatterene
|-damage|p1a: Hatterene|62/100
|move|p1a: Hatterene|Expanding Force|p2a: Hitmonchan
|-supereffective|p2a: Hitmonchan
|-damage|p2a: Hitmonchan|40/100
|
|-heal|p1a: Hatterene|68/100|[from] item: Leftovers
|upkeep
|turn|2
|
|t:|1776153667
|-terastallize|p2a: Hitmonchan|Steel
|move|p2a: Hitmonchan|Drain Punch|p1a: Hatterene
|-resisted|p1a: Hatterene
|-damage|p1a: Hatterene|56/100
|-heal|p2a: Hitmonchan|47/100|[from] drain|[of] p1a: Hatterene
|move|p1a: Hatterene|Draining Kiss|p2a: Hitmonchan
|-resisted|p2a: Hitmonchan
|-damage|p2a: Hitmonchan|37/100
|-heal|p1a: Hatterene|63/100|[from] drain|[of] p2a: Hitmonchan
|
|-heal|p1a: Hatterene|69/100|[from] item: Leftovers
|upkeep
|turn|3
|
|t:|1776153682
|move|p2a: Hitmonchan|Bullet Punch|p1a: Hatterene
|-supereffective|p1a: Hatterene
|-damage|p1a: Hatterene|16/100
|move|p1a: Hatterene|Expanding Force|p2a: Hitmonchan
|-resisted|p2a: Hitmonchan
|-damage|p2a: Hitmonchan|20/100
|
|-heal|p1a: Hatterene|22/100|[from] item: Leftovers
|upkeep
|turn|4
|
|t:|1776153696
|move|p2a: Hitmonchan|Bullet Punch|p1a: Hatterene
|-supereffective|p1a: Hatterene
|-damage|p1a: Hatterene|0 fnt
|faint|p1a: Hatterene
|
|upkeep
|
|t:|1776153709
|switch|p1a: Gliscor|Gliscor, M|100/100
|turn|5
|
|t:|1776153713
|move|p1a: Gliscor|Protect|p1a: Gliscor
|-singleturn|p1a: Gliscor|Protect
|move|p2a: Hitmonchan|Ice Punch|p1a: Gliscor
|-activate|p1a: Gliscor|move: Protect
|
|-status|p1a: Gliscor|tox|[from] item: Toxic Orb
|upkeep
|turn|6
|
|t:|1776153729
|move|p1a: Gliscor|Earthquake|p2a: Hitmonchan
|-supereffective|p2a: Hitmonchan
|-damage|p2a: Hitmonchan|0 fnt
|faint|p2a: Hitmonchan
|
|upkeep
|
|t:|1776153736
|switch|p2a: Iron Treads|Iron Treads|100/100
|turn|7
|inactive|SnowieSoul has 120 seconds left.
|
|t:|1776153783
|switch|p1a: Alomomola|Alomomola, F|100/100
|move|p2a: Iron Treads|Ice Spinner|p1a: Alomomola
|-resisted|p1a: Alomomola
|-damage|p1a: Alomomola|91/100
|-damage|p2a: Iron Treads|91/100|[from] item: Life Orb
|
|-heal|p1a: Alomomola|97/100|[from] item: Leftovers
|upkeep
|turn|8
|
|t:|1776153795
|-end|p2a: Iron Treads|Quark Drive|[silent]
|switch|p2a: Lapras|Lapras, F|100/100
|move|p1a: Alomomola|Light Screen|p1a: Alomomola
|-sidestart|p1: SnowieSoul|move: Light Screen
|
|-heal|p1a: Alomomola|100/100|[from] item: Leftovers
|upkeep
|turn|9
|
|t:|1776153811
|move|p2a: Lapras|Freeze-Dry|p1a: Alomomola
|-supereffective|p1a: Alomomola
|-damage|p1a: Alomomola|72/100
|move|p1a: Alomomola|Body Slam|p2a: Lapras
|-damage|p2a: Lapras|86/100
|
|-heal|p1a: Alomomola|78/100|[from] item: Leftovers
|upkeep
|turn|10
|
|t:|1776153840
|switch|p1a: Raging Bolt|Raging Bolt|100/100
|-enditem|p1a: Raging Bolt|Booster Energy
|-activate|p1a: Raging Bolt|ability: Protosynthesis|[fromitem]
|-start|p1a: Raging Bolt|protosynthesisspa
|move|p2a: Lapras|Freeze-Dry|p1a: Raging Bolt
|-supereffective|p1a: Raging Bolt
|-damage|p1a: Raging Bolt|74/100
|
|upkeep
|turn|11
|
|t:|1776153852
|switch|p2a: Iron Treads|Iron Treads|91/100
|move|p1a: Raging Bolt|Calm Mind|p1a: Raging Bolt
|-boost|p1a: Raging Bolt|spa|1
|-boost|p1a: Raging Bolt|spd|1
|
|upkeep
|turn|12
|
|t:|1776153862
|-end|p1a: Raging Bolt|Protosynthesis|[silent]
|switch|p1a: Alomomola|Alomomola, F|100/100
|move|p2a: Iron Treads|Earthquake|p1a: Alomomola
|-damage|p1a: Alomomola|65/100
|-damage|p2a: Iron Treads|81/100|[from] item: Life Orb
|
|-heal|p1a: Alomomola|71/100|[from] item: Leftovers
|-sideend|p1: SnowieSoul|move: Light Screen
|upkeep
|turn|13
|inactive|SnowieSoul has 90 seconds left.
|
|t:|1776153883
|-end|p2a: Iron Treads|Quark Drive|[silent]
|switch|p2a: Slowking|Slowking, M|100/100
|move|p1a: Alomomola|Light Screen|p1a: Alomomola
|-sidestart|p1: SnowieSoul|move: Light Screen
|
|-heal|p1a: Alomomola|77/100|[from] item: Leftovers
|upkeep
|turn|14
|inactive|SnowieSoul has 90 seconds left.
|
|t:|1776153892
|move|p1a: Alomomola|Body Slam|p2a: Slowking
|-damage|p2a: Slowking|89/100
|move|p2a: Slowking|Future Sight|p1a: Alomomola
|-start|p2a: Slowking|move: Future Sight
|
|-heal|p1a: Alomomola|83/100|[from] item: Leftovers
|-heal|p2a: Slowking|95/100|[from] item: Leftovers
|upkeep
|turn|15
|inactive|SnowieSoul has 90 seconds left.
|
|t:|1776153904
|switch|p1a: Raging Bolt|Raging Bolt|74/100
|move|p2a: Slowking|Scald|p1a: Raging Bolt
|-resisted|p1a: Raging Bolt
|-damage|p1a: Raging Bolt|68/100
|
|-heal|p2a: Slowking|100/100|[from] item: Leftovers
|upkeep
|turn|16
|inactive|SnowieSoul has 90 seconds left.
|
|t:|1776153930
|-end|p1a: Raging Bolt|Protosynthesis|[silent]
|switch|p1a: Alomomola|Alomomola, F|100/100
|move|p2a: Slowking|Slack Off||[still]
|-fail|p2a: Slowking|heal
|
|-end|p1a: Alomomola|move: Future Sight
|-damage|p1a: Alomomola|81/100
|-heal|p1a: Alomomola|87/100|[from] item: Leftovers
|upkeep
|turn|17
|inactive|SnowieSoul has 90 seconds left.
|inactive|SnowieSoul has 60 seconds left.
|
|t:|1776153977
|switch|p1a: Rillaboom|Rillaboom, M|100/100
|-fieldstart|move: Grassy Terrain|[from] ability: Grassy Surge|[of] p1a: Rillaboom
|move|p2a: Slowking|Scald|p1a: Rillaboom
|-resisted|p1a: Rillaboom
|-damage|p1a: Rillaboom|91/100
|
|-heal|p1a: Rillaboom|97/100|[from] Grassy Terrain
|-sideend|p1: SnowieSoul|move: Light Screen
|upkeep
|turn|18
|
|t:|1776153993
|switch|p2a: Glimmora|Glimmora, M|100/100
|move|p1a: Rillaboom|Grassy Glide|p2a: Glimmora
|-damage|p2a: Glimmora|77/100
|
|-heal|p1a: Rillaboom|100/100|[from] Grassy Terrain
|-heal|p2a: Glimmora|83/100|[from] Grassy Terrain
|-heal|p2a: Glimmora|89/100|[from] item: Leftovers
|upkeep
|turn|19
|
|t:|1776154008
|switch|p1a: Alomomola|Alomomola, F|100/100
|move|p2a: Glimmora|Toxic|p1a: Alomomola
|-status|p1a: Alomomola|tox
|
|-heal|p2a: Glimmora|95/100|[from] Grassy Terrain
|-heal|p2a: Glimmora|100/100|[from] item: Leftovers
|-damage|p1a: Alomomola|94/100 tox|[from] psn
|upkeep
|turn|20
|
|t:|1776154023
|switch|p2a: Slowking|Slowking, M|100/100
|move|p1a: Alomomola|Light Screen|p1a: Alomomola
|-sidestart|p1: SnowieSoul|move: Light Screen
|
|-heal|p1a: Alomomola|100/100 tox|[from] Grassy Terrain
|-damage|p1a: Alomomola|88/100 tox|[from] psn
|upkeep
|turn|21
|
|t:|1776154036
|switch|p1a: Rillaboom|Rillaboom, M|100/100
|move|p2a: Slowking|Scald|p1a: Rillaboom
|-resisted|p1a: Rillaboom
|-damage|p1a: Rillaboom|91/100
|
|-heal|p1a: Rillaboom|97/100|[from] Grassy Terrain
|-fieldend|move: Grassy Terrain
|upkeep
|turn|22
|
|t:|1776154050
|switch|p2a: Glimmora|Glimmora, M|100/100
|move|p1a: Rillaboom|Swords Dance|p1a: Rillaboom
|-boost|p1a: Rillaboom|atk|2
|
|upkeep
|turn|23
|
|t:|1776154060
|move|p1a: Rillaboom|Drain Punch|p2a: Glimmora
|-damage|p2a: Glimmora|61/100
|-heal|p1a: Rillaboom|100/100|[from] drain|[of] p2a: Glimmora
|move|p2a: Glimmora|Sand Tomb|p1a: Rillaboom
|-resisted|p1a: Rillaboom
|-damage|p1a: Rillaboom|98/100
|-activate|p1a: Rillaboom|move: Sand Tomb|[of] p2a: Glimmora
|
|-heal|p2a: Glimmora|68/100|[from] item: Leftovers
|-damage|p1a: Rillaboom|85/100|[from] move: Sand Tomb|[partiallytrapped]
|upkeep
|turn|24
|
|t:|1776154071
|move|p1a: Rillaboom|Drain Punch|p2a: Glimmora
|-damage|p2a: Glimmora|33/100
|-heal|p1a: Rillaboom|100/100|[from] drain|[of] p2a: Glimmora
|move|p2a: Glimmora|Toxic|p1a: Rillaboom
|-status|p1a: Rillaboom|tox
|
|-heal|p2a: Glimmora|39/100|[from] item: Leftovers
|-damage|p1a: Rillaboom|94/100 tox|[from] psn
|-damage|p1a: Rillaboom|82/100 tox|[from] move: Sand Tomb|[partiallytrapped]
|-sideend|p1: SnowieSoul|move: Light Screen
|upkeep
|turn|25
|
|t:|1776154087
|move|p2a: Glimmora|Spiky Shield|p2a: Glimmora
|-singleturn|p2a: Glimmora|move: Protect
|move|p1a: Rillaboom|Wood Hammer|p2a: Glimmora
|-activate|p2a: Glimmora|move: Protect
|-damage|p1a: Rillaboom|70/100 tox|[from] Spiky Shield|[of] p2a: Glimmora
|
|-heal|p2a: Glimmora|46/100|[from] item: Leftovers
|-damage|p1a: Rillaboom|58/100 tox|[from] psn
|-damage|p1a: Rillaboom|45/100 tox|[from] move: Sand Tomb|[partiallytrapped]
|upkeep
|turn|26
|inactive|Afiyah has 120 seconds left.
|
|t:|1776154113
|switch|p2a: Gyarados|Gyarados, F|100/100
|move|p1a: Rillaboom|Drain Punch|p2a: Gyarados
|-resisted|p2a: Gyarados
|-damage|p2a: Gyarados|70/100
|-heal|p1a: Rillaboom|60/100 tox|[from] drain|[of] p2a: Gyarados
|
|-damage|p1a: Rillaboom|42/100 tox|[from] psn
|-end|p1a: Rillaboom|Sand Tomb|[partiallytrapped]|[silent]
|upkeep
|turn|27
|inactive|Afiyah has 120 seconds left.
|
|t:|1776154131
|switch|p2a: Slowking|Slowking, M|100/100
|move|p1a: Rillaboom|Wood Hammer|p2a: Slowking
|-supereffective|p2a: Slowking
|-damage|p2a: Slowking|0 fnt
|faint|p2a: Slowking
|-damage|p1a: Rillaboom|4/100 tox|[from] Recoil
|
|-damage|p1a: Rillaboom|0 fnt|[from] psn
|faint|p1a: Rillaboom
|upkeep
|inactive|Afiyah has 120 seconds left.
|inactive|SnowieSoul has 30 seconds left.
|
|t:|1776154150
|switch|p1a: Gliscor|Gliscor, M|100/100 tox
|switch|p2a: Iron Treads|Iron Treads|81/100
|turn|28
|inactive|SnowieSoul has 30 seconds left.
|
|t:|1776154157
|-terastallize|p1a: Gliscor|Ground
|move|p2a: Iron Treads|Ice Spinner|p1a: Gliscor
|-supereffective|p1a: Gliscor
|-damage|p1a: Gliscor|45/100 tox
|-damage|p2a: Iron Treads|71/100|[from] item: Life Orb
|move|p1a: Gliscor|Earthquake|p2a: Iron Treads
|-supereffective|p2a: Iron Treads
|-damage|p2a: Iron Treads|0 fnt
|faint|p2a: Iron Treads
|-end|p2a: Iron Treads|Quark Drive|[silent]
|
|-heal|p1a: Gliscor|58/100 tox|[from] ability: Poison Heal
|upkeep
|-message|Afiyah forfeited.
|
|win|SnowieSoul
|raw|SnowieSoul's rating: 1040 &rarr; <strong>1072</strong><br />(+32 for winning)
|raw|Afiyah's rating: 1021 &rarr; <strong>1009</strong><br />(-12 for losing)
|l|☆Afiyah
|player|p2|
