|html|<div class="broadcast-blue"><strong>[Gen 9] OU is currently suspecting Tera Blast! For information on how to participate check out the <a href="https://www.smogon.com/tools/suspects/view/200">suspect thread</a>.</strong></div>
|j|☆abat489
|j|☆kopv18
|t:|1776277567
|gametype|singles
|player|p1|abat489|backpacker|1456
|player|p2|kopv18|bugcatcher-gen4dp|1476
|gen|9
|tier|[Gen 9] OU
|rated|
|rule|HP Percentage Mod: HP is shown in percentages
|rule|Endless Battle Clause: Forcing endless battles is banned
|rule|Species Clause: Limit one of each Pokémon
|rule|OHKO Clause: OHKO moves are banned
|rule|Evasion Items Clause: Evasion items are banned
|rule|Evasion Moves Clause: Evasion moves are banned
|rule|Evasion Abilities Clause: Evasion abilities are banned
|rule|Sleep Moves Clause: Sleep-inducing moves are banned
|clearpoke
|poke|p1|Araquanid, M|
|poke|p1|Zapdos|
|poke|p1|Meowscarada, M|
|poke|p1|Great Tusk|
|poke|p1|Dragonite, M|
|poke|p1|Heatran, F|
|poke|p2|Tyranitar, F|
|poke|p2|Chimecho, M|
|poke|p2|Excadrill, M|
|poke|p2|Landorus-Therian, M|
|poke|p2|Raging Bolt|
|poke|p2|Cinderace, M|
|teampreview
|inactive|Battle timer is ON: inactive players will automatically lose when time's up. (requested by abat489)
|inactive|abat489 has 120 seconds left.
|inactive|abat489 has 90 seconds left.
|inactive|abat489 has 60 seconds left.
|
|t:|1776277667
|teamsize|p1|6
|teamsize|p2|6
|start
|switch|p1a: Meowscarada|Meowscarada, M|100/100
|switch|p2a: Tyranitar|Tyranitar, F|100/100
|-weather|Sandstorm|[from] ability: Sand Stream|[of] p2a: Tyranitar
|turn|1
|
|t:|1776277679
|switch|p2a: Landorus|Landorus-Therian, M|100/100
|-ability|p2a: Landorus|Intimidate|boost
|-unboost|p1a: Meowscarada|atk|1
|-terastallize|p1a: Meowscarada|Grass
|move|p1a: Meowscarada|Flower Trick|p2a: Landorus
|-crit|p2a: Landorus
|-damage|p2a: Landorus|19/100
|
|-weather|Sandstorm|[upkeep]
|-damage|p1a: Meowscarada|94/100|[from] Sandstorm
|upkeep
|turn|2
|inactive|abat489 has 120 seconds left.
|
|t:|1776277700
|switch|p1a: Zapdos|Zapdos|100/100
|switch|p2a: Raging Bolt|Raging Bolt|100/100
|
|-weather|Sandstorm|[upkeep]
|-damage|p2a: Raging Bolt|94/100|[from] Sandstorm
|-damage|p1a: Zapdos|94/100|[from] Sandstorm
|upkeep
|turn|3
|inactive|abat489 has 120 seconds left.
|
|t:|1776277709
|move|p2a: Raging Bolt|Volt Switch|p1a: Zapdos
|-damage|p1a: Zapdos|53/100
|
|t:|1776277713
|-end|p2a: Raging Bolt|Protosynthesis|[silent]
|switch|p2a: Excadrill|Excadrill, M|100/100|[from] Volt Switch
|move|p1a: Zapdos|Volt Switch|p2a: Excadrill
|-immune|p2a: Excadrill
|
|-weather|Sandstorm|[upkeep]
|-damage|p1a: Zapdos|47/100|[from] Sandstorm
|upkeep
|turn|4
|
|t:|1776277725
|switch|p1a: Araquanid|Araquanid, M|100/100
|move|p2a: Excadrill|Swords Dance|p2a: Excadrill
|-boost|p2a: Excadrill|atk|2
|
|-weather|Sandstorm|[upkeep]
|-damage|p1a: Araquanid|94/100|[from] Sandstorm
|upkeep
|turn|5
|
|t:|1776277735
|move|p2a: Excadrill|Iron Head|p1a: Araquanid
|-resisted|p1a: Araquanid
|-damage|p1a: Araquanid|40/100
|move|p1a: Araquanid|Liquidation|p2a: Excadrill
|-supereffective|p2a: Excadrill
|-damage|p2a: Excadrill|0 fnt
|faint|p2a: Excadrill
|
|-weather|none
|upkeep
|
|t:|1776277740
|switch|p2a: Tyranitar|Tyranitar, F|100/100
|-weather|Sandstorm|[from] ability: Sand Stream|[of] p2a: Tyranitar
|turn|6
|
|t:|1776277765
|switch|p1a: Great Tusk|Great Tusk|100/100
|move|p2a: Tyranitar|Stone Edge|p1a: Great Tusk|[miss]
|-miss|p2a: Tyranitar|p1a: Great Tusk
|
|-weather|Sandstorm|[upkeep]
|upkeep
|turn|7
|
|t:|1776277770
|switch|p2a: Chimecho|Chimecho, M|100/100
|move|p1a: Great Tusk|Rapid Spin|p2a: Chimecho
|-damage|p2a: Chimecho|86/100
|-boost|p1a: Great Tusk|spe|1
|
|-weather|Sandstorm|[upkeep]
|-damage|p2a: Chimecho|79/100|[from] Sandstorm
|-heal|p2a: Chimecho|86/100|[from] item: Leftovers
|upkeep
|turn|8
|
|t:|1776277779
|-end|p1a: Great Tusk|Protosynthesis|[silent]
|switch|p1a: Araquanid|Araquanid, M|40/100
|move|p2a: Chimecho|Future Sight|p1a: Araquanid
|-start|p2a: Chimecho|move: Future Sight
|
|-weather|Sandstorm|[upkeep]
|-damage|p2a: Chimecho|79/100|[from] Sandstorm
|-damage|p1a: Araquanid|34/100|[from] Sandstorm
|-heal|p2a: Chimecho|86/100|[from] item: Leftovers
|upkeep
|turn|9
|
|t:|1776277801
|switch|p2a: Raging Bolt|Raging Bolt|94/100
|move|p1a: Araquanid|Liquidation|p2a: Raging Bolt
|-resisted|p2a: Raging Bolt
|-damage|p2a: Raging Bolt|75/100
|
|-weather|Sandstorm|[upkeep]
|-damage|p2a: Raging Bolt|69/100|[from] Sandstorm
|-damage|p1a: Araquanid|28/100|[from] Sandstorm
|upkeep
|turn|10
|
|t:|1776277806
|switch|p1a: Heatran|Heatran, F|100/100
|move|p2a: Raging Bolt|Thunderbolt|p1a: Heatran
|-damage|p1a: Heatran|44/100
|
|-weather|none
|-end|p1a: Heatran|move: Future Sight
|-resisted|p1a: Heatran
|-damage|p1a: Heatran|23/100
|-heal|p1a: Heatran|29/100|[from] item: Leftovers
|upkeep
|turn|11
|
|t:|1776277810
|move|p1a: Heatran|Stealth Rock|p2a: Raging Bolt
|-sidestart|p2: kopv18|move: Stealth Rock
|move|p2a: Raging Bolt|Volt Switch|p1a: Heatran
|-damage|p1a: Heatran|0 fnt
|faint|p1a: Heatran
|
|t:|1776277818
|-end|p2a: Raging Bolt|Protosynthesis|[silent]
|switch|p2a: Tyranitar|Tyranitar, F|100/100|[from] Volt Switch
|-damage|p2a: Tyranitar|88/100|[from] Stealth Rock
|-weather|Sandstorm|[from] ability: Sand Stream|[of] p2a: Tyranitar
|
|-weather|Sandstorm|[upkeep]
|upkeep
|inactive|abat489 has 120 seconds left.
|inactive|abat489 has 90 seconds left.
|
|t:|1776277888
|switch|p1a: Meowscarada|Meowscarada, M, tera:Grass|94/100
|turn|12
|
|t:|1776277892
|switch|p2a: Landorus|Landorus-Therian, M|19/100
|-damage|p2a: Landorus|7/100|[from] Stealth Rock
|-ability|p2a: Landorus|Intimidate|boost
|-unboost|p1a: Meowscarada|atk|1
|move|p1a: Meowscarada|U-turn|p2a: Landorus
|-resisted|p2a: Landorus
|-damage|p2a: Landorus|0 fnt
|-damage|p1a: Meowscarada|78/100|[from] item: Rocky Helmet|[of] p2a: Landorus
|faint|p2a: Landorus
|
|t:|1776277904
|switch|p1a: Dragonite|Dragonite, M|100/100|[from] U-turn
|
|-weather|Sandstorm|[upkeep]
|-damage|p1a: Dragonite|94/100|[from] Sandstorm
|upkeep
|
|t:|1776277915
|switch|p2a: Cinderace|Cinderace, M|100/100
|turn|13
|inactive|abat489 has 90 seconds left.
|
|t:|1776277943
|move|p2a: Cinderace|Will-O-Wisp|p1a: Dragonite
|-status|p1a: Dragonite|brn
|move|p1a: Dragonite|Dragon Dance|p1a: Dragonite
|-boost|p1a: Dragonite|atk|1
|-boost|p1a: Dragonite|spe|1
|
|-weather|Sandstorm|[upkeep]
|-damage|p1a: Dragonite|88/100 brn|[from] Sandstorm
|-damage|p2a: Cinderace|94/100|[from] Sandstorm
|-damage|p1a: Dragonite|82/100 brn|[from] brn
|upkeep
|turn|14
|
|t:|1776277951
|move|p1a: Dragonite|Scale Shot|p2a: Cinderace
|-damage|p2a: Cinderace|81/100
|-damage|p2a: Cinderace|69/100
|-damage|p2a: Cinderace|55/100
|-damage|p2a: Cinderace|41/100
|-damage|p2a: Cinderace|27/100
|-hitcount|p2a: Cinderace|5
|-unboost|p1a: Dragonite|def|1
|-boost|p1a: Dragonite|spe|1
|move|p2a: Cinderace|Court Change|p2a: Cinderace
|-swapsideconditions
|-activate|p2a: Cinderace|move: Court Change
|
|-weather|Sandstorm|[upkeep]
|-damage|p1a: Dragonite|76/100 brn|[from] Sandstorm
|-damage|p2a: Cinderace|20/100|[from] Sandstorm
|-damage|p1a: Dragonite|70/100 brn|[from] brn
|upkeep
|turn|15
|
|t:|1776277961
|switch|p2a: Chimecho|Chimecho, M|86/100
|move|p1a: Dragonite|Scale Shot|p2a: Chimecho
|-damage|p2a: Chimecho|77/100
|-damage|p2a: Chimecho|68/100
|-damage|p2a: Chimecho|59/100
|-damage|p2a: Chimecho|50/100
|-damage|p2a: Chimecho|42/100
|-hitcount|p2a: Chimecho|5
|-unboost|p1a: Dragonite|def|1
|-boost|p1a: Dragonite|spe|1
|
|-weather|none
|-heal|p2a: Chimecho|48/100|[from] item: Leftovers
|-damage|p1a: Dragonite|63/100 brn|[from] brn
|upkeep
|turn|16
|
|t:|1776277970
|move|p1a: Dragonite|Scale Shot|p2a: Chimecho
|-damage|p2a: Chimecho|39/100
|-damage|p2a: Chimecho|30/100
|-damage|p2a: Chimecho|22/100
|-damage|p2a: Chimecho|13/100
|-damage|p2a: Chimecho|3/100
|-hitcount|p2a: Chimecho|5
|-unboost|p1a: Dragonite|def|1
|-boost|p1a: Dragonite|spe|1
|move|p2a: Chimecho|Recover|p2a: Chimecho
|-heal|p2a: Chimecho|53/100
|
|-heal|p2a: Chimecho|60/100|[from] item: Leftovers
|-damage|p1a: Dragonite|57/100 brn|[from] brn
|upkeep
|turn|17
|inactive|abat489 has 120 seconds left.
|
|t:|1776277987
|move|p1a: Dragonite|Encore|p2a: Chimecho
|-start|p2a: Chimecho|Encore
|move|p2a: Chimecho|Recover|p2a: Chimecho
|-heal|p2a: Chimecho|100/100
|
|-damage|p1a: Dragonite|51/100 brn|[from] brn
|upkeep
|turn|18
|
|t:|1776277996
|switch|p1a: Meowscarada|Meowscarada, M, tera:Grass|78/100
|-damage|p1a: Meowscarada|66/100|[from] Stealth Rock
|switch|p2a: Tyranitar|Tyranitar, F|88/100
|-weather|Sandstorm|[from] ability: Sand Stream|[of] p2a: Tyranitar
|
|-weather|Sandstorm|[upkeep]
|-damage|p1a: Meowscarada|60/100|[from] Sandstorm
|upkeep
|turn|19
|
|t:|1776278017
|switch|p2a: Cinderace|Cinderace, M|20/100
|move|p1a: Meowscarada|Flower Trick|p2a: Cinderace
|-resisted|p2a: Cinderace
|-crit|p2a: Cinderace
|-damage|p2a: Cinderace|0 fnt
|faint|p2a: Cinderace
|
|-weather|Sandstorm|[upkeep]
|-damage|p1a: Meowscarada|53/100|[from] Sandstorm
|upkeep
|
|t:|1776278022
|switch|p2a: Raging Bolt|Raging Bolt|69/100
|turn|20
|
|t:|1776278044
|switch|p1a: Araquanid|Araquanid, M|28/100
|-damage|p1a: Araquanid|3/100|[from] Stealth Rock
|move|p2a: Raging Bolt|Volt Switch|p1a: Araquanid
|-supereffective|p1a: Araquanid
|-damage|p1a: Araquanid|0 fnt
|faint|p1a: Araquanid
|
|t:|1776278051
|-end|p2a: Raging Bolt|Protosynthesis|[silent]
|switch|p2a: Chimecho|Chimecho, M|100/100|[from] Volt Switch
|
|-weather|Sandstorm|[upkeep]
|-damage|p2a: Chimecho|94/100|[from] Sandstorm
|-heal|p2a: Chimecho|100/100|[from] item: Leftovers
|upkeep
|
|t:|1776278061
|switch|p1a: Meowscarada|Meowscarada, M, tera:Grass|53/100
|-damage|p1a: Meowscarada|41/100|[from] Stealth Rock
|turn|21
|
|t:|1776278074
|switch|p2a: Raging Bolt|Raging Bolt|69/100
|move|p1a: Meowscarada|Flower Trick|p2a: Raging Bolt
|-resisted|p2a: Raging Bolt
|-crit|p2a: Raging Bolt
|-damage|p2a: Raging Bolt|26/100
|
|-weather|Sandstorm|[upkeep]
|-damage|p1a: Meowscarada|35/100|[from] Sandstorm
|-damage|p2a: Raging Bolt|20/100|[from] Sandstorm
|upkeep
|turn|22
|
|t:|1776278080
|switch|p1a: Great Tusk|Great Tusk|100/100
|move|p2a: Raging Bolt|Thunderclap||[still]
|-fail|p2a: Raging Bolt
|
|-weather|none
|upkeep
|turn|23
|
|t:|1776278090
|move|p1a: Great Tusk|Rapid Spin|p2a: Raging Bolt
|-damage|p2a: Raging Bolt|5/100
|-boost|p1a: Great Tusk|spe|1
|-sideend|p1: abat489|Stealth Rock|[from] move: Rapid Spin|[of] p1a: Great Tusk
|move|p2a: Raging Bolt|Draco Meteor|p1a: Great Tusk
|-damage|p1a: Great Tusk|0 fnt
|-unboost|p2a: Raging Bolt|spa|2
|faint|p1a: Great Tusk
|-end|p1a: Great Tusk|Protosynthesis|[silent]
|
|upkeep
|
|t:|1776278095
|switch|p1a: Zapdos|Zapdos|47/100
|turn|24
|
|t:|1776278100
|move|p2a: Raging Bolt|Volt Switch|p1a: Zapdos
|-damage|p1a: Zapdos|26/100
|
|t:|1776278104
|-end|p2a: Raging Bolt|Protosynthesis|[silent]
|switch|p2a: Tyranitar|Tyranitar, F|88/100|[from] Volt Switch
|-weather|Sandstorm|[from] ability: Sand Stream|[of] p2a: Tyranitar
|move|p1a: Zapdos|Roost|p1a: Zapdos
|-heal|p1a: Zapdos|76/100
|-singleturn|p1a: Zapdos|move: Roost
|
|-weather|Sandstorm|[upkeep]
|-damage|p1a: Zapdos|70/100|[from] Sandstorm
|upkeep
|turn|25
|
|t:|1776278110
|move|p1a: Zapdos|Volt Switch|p2a: Tyranitar
|-damage|p2a: Tyranitar|69/100
|
|t:|1776278113
|switch|p1a: Dragonite|Dragonite, M|51/100 brn|[from] Volt Switch
|move|p2a: Tyranitar|Stone Edge|p1a: Dragonite|[miss]
|-miss|p2a: Tyranitar|p1a: Dragonite
|
|-weather|Sandstorm|[upkeep]
|-damage|p1a: Dragonite|45/100 brn|[from] Sandstorm
|-damage|p1a: Dragonite|39/100 brn|[from] brn
|upkeep
|turn|26
|
|t:|1776278121
|switch|p2a: Raging Bolt|Raging Bolt|5/100
|move|p1a: Dragonite|Scale Shot|p2a: Raging Bolt
|-supereffective|p2a: Raging Bolt
|-damage|p2a: Raging Bolt|0 fnt
|faint|p2a: Raging Bolt
|-end|p2a: Raging Bolt|Protosynthesis|[silent]
|-hitcount|p2: Raging Bolt|1
|-unboost|p1a: Dragonite|def|1
|-boost|p1a: Dragonite|spe|1
|
|-weather|Sandstorm|[upkeep]
|-damage|p1a: Dragonite|32/100 brn|[from] Sandstorm
|-damage|p1a: Dragonite|26/100 brn|[from] brn
|upkeep
|
|t:|1776278124
|switch|p2a: Chimecho|Chimecho, M|100/100
|turn|27
|
|t:|1776278135
|move|p1a: Dragonite|Scale Shot|p2a: Chimecho
|-damage|p2a: Chimecho|95/100
|-damage|p2a: Chimecho|89/100
|-damage|p2a: Chimecho|83/100
|-damage|p2a: Chimecho|77/100
|-hitcount|p2a: Chimecho|4
|-unboost|p1a: Dragonite|def|1
|-boost|p1a: Dragonite|spe|1
|move|p2a: Chimecho|Icy Wind|p1a: Dragonite
|-supereffective|p1a: Dragonite
|-damage|p1a: Dragonite|0 fnt
|faint|p1a: Dragonite
|
|-weather|Sandstorm|[upkeep]
|-damage|p2a: Chimecho|71/100|[from] Sandstorm
|-heal|p2a: Chimecho|77/100|[from] item: Leftovers
|upkeep
|
|t:|1776278137
|switch|p1a: Meowscarada|Meowscarada, M, tera:Grass|35/100
|turn|28
|
|t:|1776278141
|-terastallize|p2a: Chimecho|Steel
|move|p1a: Meowscarada|Knock Off|p2a: Chimecho
|-damage|p2a: Chimecho|23/100
|-enditem|p2a: Chimecho|Leftovers|[from] move: Knock Off|[of] p1a: Meowscarada
|move|p2a: Chimecho|Icy Wind|p1a: Meowscarada
|-supereffective|p1a: Meowscarada
|-damage|p1a: Meowscarada|0 fnt
|faint|p1a: Meowscarada
|
|-weather|none
|upkeep
|
|t:|1776278144
|switch|p1a: Zapdos|Zapdos|70/100
|turn|29
|
|t:|1776278149
|move|p1a: Zapdos|Thunder Wave|p2a: Chimecho
|-status|p2a: Chimecho|par
|move|p2a: Chimecho|Icy Wind|p1a: Zapdos
|-supereffective|p1a: Zapdos
|-damage|p1a: Zapdos|46/100
|-unboost|p1a: Zapdos|spe|1
|
|upkeep
|turn|30
|
|t:|1776278153
|move|p1a: Zapdos|Roost|p1a: Zapdos
|-heal|p1a: Zapdos|96/100
|-singleturn|p1a: Zapdos|move: Roost
|cant|p2a: Chimecho|par
|
|upkeep
|turn|31
|
|t:|1776278157
|move|p1a: Zapdos|Volt Switch|p2a: Chimecho
|-damage|p2a: Chimecho|0 fnt
|faint|p2a: Chimecho
|
|upkeep
|
|t:|1776278160
|switch|p2a: Tyranitar|Tyranitar, F|69/100
|-weather|Sandstorm|[from] ability: Sand Stream|[of] p2a: Tyranitar
|turn|32
|
|t:|1776278164
|move|p2a: Tyranitar|Stone Edge|p1a: Zapdos
|-supereffective|p1a: Zapdos
|-damage|p1a: Zapdos|0 fnt
|faint|p1a: Zapdos
|
|win|kopv18
|raw|abat489's rating: 1422 &rarr; <strong>1405</strong><br />(-17 for losing)
|raw|kopv18's rating: 1476 &rarr; <strong>1493</strong><br />(+17 for winning)
|l|☆abat489
|player|p1|
