|html|<div class="broadcast-blue"><strong>[Gen 9] OU is currently suspecting Tera Blast! For information on how to participate check out the <a href="https://www.smogon.com/tools/suspects/view/200">suspect thread</a>.</strong></div>
|j|☆Terabyte_HH
|j|☆Futz1lla
|t:|1776241085
|gametype|singles
|player|p1|Terabyte_HH|boarder|1544
|player|p2|Futz1lla|iris|1619
|gen|9
|tier|[Gen 9] OU
|rated|
|rule|HP Percentage Mod: HP is shown in percentages
|rule|Endless Battle Clause: Forcing endless battles is banned
|rule|Species Clause: Limit one of each Pokémon
|rule|OHKO Clause: OHKO moves are banned
|rule|Evasion Items Clause: Evasion items are banned
|rule|Evasion Moves Clause: Evasion moves are banned
|rule|Evasion Abilities Clause: Evasion abilities are banned
|rule|Sleep Moves Clause: Sleep-inducing moves are banned
|clearpoke
|poke|p1|Iron Valiant|
|poke|p1|Great Tusk|
|poke|p1|Dragonite, F|
|poke|p1|Deoxys-Speed|
|poke|p1|Glimmora, M|
|poke|p1|Kingambit, F|
|poke|p2|Haxorus, F|
|poke|p2|Magnezone|
|poke|p2|Great Tusk|
|poke|p2|Ting-Lu|
|poke|p2|Ogerpon, F|
|poke|p2|Pecharunt|
|teampreview
|
|t:|1776241117
|teamsize|p1|6
|teamsize|p2|6
|start
|switch|p1a: Deoxys|Deoxys-Speed|100/100
|switch|p2a: Ogerpon|Ogerpon, F|100/100
|-ability|p1a: Deoxys|Pressure
|turn|1
|
|t:|1776241138
|-terastallize|p2a: Ogerpon|Grass
|detailschange|p2a: Ogerpon|Ogerpon-Teal-Tera, F, tera:Grass
|-ability|p2a: Ogerpon|Embody Aspect (Teal)|boost
|-boost|p2a: Ogerpon|spe|1
|move|p2a: Ogerpon|Ivy Cudgel|p1a: Deoxys
|-crit|p1a: Deoxys
|-damage|p1a: Deoxys|0 fnt
|faint|p1a: Deoxys
|
|upkeep
|
|t:|1776241144
|switch|p1a: Dragonite|Dragonite, F|100/100
|turn|2
|
|t:|1776241151
|switch|p2a: Pecharunt|Pecharunt|100/100
|-item|p2a: Pecharunt|Air Balloon
|move|p1a: Dragonite|Dragon Dance|p1a: Dragonite
|-boost|p1a: Dragonite|atk|1
|-boost|p1a: Dragonite|spe|1
|
|upkeep
|turn|3
|
|t:|1776241158
|move|p1a: Dragonite|Substitute|p1a: Dragonite
|-start|p1a: Dragonite|Substitute
|-damage|p1a: Dragonite|76/100
|move|p2a: Pecharunt|Toxic||[still]
|-fail|p2a: Pecharunt
|
|-heal|p1a: Dragonite|82/100|[from] item: Leftovers
|upkeep
|turn|4
|
|t:|1776241161
|move|p1a: Dragonite|Dragon Dance|p1a: Dragonite
|-boost|p1a: Dragonite|atk|1
|-boost|p1a: Dragonite|spe|1
|move|p2a: Pecharunt|Shadow Ball|p1a: Dragonite
|-activate|p1a: Dragonite|move: Substitute|[damage]
|
|-heal|p1a: Dragonite|88/100|[from] item: Leftovers
|upkeep
|turn|5
|
|t:|1776241166
|move|p1a: Dragonite|Dragon Dance|p1a: Dragonite
|-boost|p1a: Dragonite|atk|1
|-boost|p1a: Dragonite|spe|1
|move|p2a: Pecharunt|Shadow Ball|p1a: Dragonite
|-end|p1a: Dragonite|Substitute
|
|-heal|p1a: Dragonite|94/100|[from] item: Leftovers
|upkeep
|turn|6
|
|t:|1776241168
|move|p1a: Dragonite|Substitute|p1a: Dragonite
|-start|p1a: Dragonite|Substitute
|-damage|p1a: Dragonite|70/100
|move|p2a: Pecharunt|Shadow Ball|p1a: Dragonite
|-end|p1a: Dragonite|Substitute
|
|-heal|p1a: Dragonite|76/100|[from] item: Leftovers
|upkeep
|turn|7
|
|t:|1776241174
|move|p1a: Dragonite|Substitute|p1a: Dragonite
|-start|p1a: Dragonite|Substitute
|-damage|p1a: Dragonite|51/100
|move|p2a: Pecharunt|Shadow Ball|p1a: Dragonite
|-end|p1a: Dragonite|Substitute
|
|-heal|p1a: Dragonite|57/100|[from] item: Leftovers
|upkeep
|turn|8
|
|t:|1776241179
|move|p1a: Dragonite|Substitute|p1a: Dragonite
|-start|p1a: Dragonite|Substitute
|-damage|p1a: Dragonite|32/100
|move|p2a: Pecharunt|Toxic||[still]
|-fail|p2a: Pecharunt
|
|-heal|p1a: Dragonite|39/100|[from] item: Leftovers
|upkeep
|turn|9
|
|t:|1776241182
|-terastallize|p1a: Dragonite|Flying
|move|p1a: Dragonite|Tera Blast|p2a: Pecharunt|[anim] Tera Blast Flying
|-damage|p2a: Pecharunt|33/100
|-enditem|p2a: Pecharunt|Air Balloon
|move|p2a: Pecharunt|Shadow Ball|p1a: Dragonite
|-activate|p1a: Dragonite|move: Substitute|[damage]
|
|-heal|p1a: Dragonite|45/100|[from] item: Leftovers
|upkeep
|turn|10
|
|t:|1776241190
|move|p1a: Dragonite|Tera Blast|p2a: Pecharunt|[anim] Tera Blast Flying
|-damage|p2a: Pecharunt|0 fnt
|faint|p2a: Pecharunt
|
|-heal|p1a: Dragonite|51/100|[from] item: Leftovers
|upkeep
|
|t:|1776241200
|switch|p2a: Ogerpon|Ogerpon-Teal-Tera, F, tera:Grass|100/100
|-ability|p2a: Ogerpon|Embody Aspect (Teal)|boost
|-boost|p2a: Ogerpon|spe|1
|turn|11
|
|t:|1776241202
|move|p1a: Dragonite|Tera Blast|p2a: Ogerpon|[anim] Tera Blast Flying
|-supereffective|p2a: Ogerpon
|-damage|p2a: Ogerpon|0 fnt
|faint|p2a: Ogerpon
|detailschange|p2: Ogerpon|Ogerpon, F|[silent]
|
|-heal|p1a: Dragonite|57/100|[from] item: Leftovers
|upkeep
|
|t:|1776241204
|switch|p2a: Magnezone|Magnezone|100/100
|turn|12
|
|t:|1776241206
|move|p1a: Dragonite|Earthquake|p2a: Magnezone
|-supereffective|p2a: Magnezone
|-damage|p2a: Magnezone|0 fnt
|faint|p2a: Magnezone
|
|-heal|p1a: Dragonite|63/100|[from] item: Leftovers
|upkeep
|-message|Futz1lla forfeited.
|
|win|Terabyte_HH
|raw|Terabyte_HH's rating: 1544 &rarr; <strong>1568</strong><br />(+24 for winning)
|raw|Futz1lla's rating: 1619 &rarr; <strong>1595</strong><br />(-24 for losing)
|l|☆Futz1lla
|player|p2|
|l|☆Terabyte_HH
|player|p1|
