|html|<div class="broadcast-blue"><strong>[Gen 9] OU is currently suspecting Tera Blast! For information on how to participate check out the <a href="https://www.smogon.com/tools/suspects/view/200">suspect thread</a>.</strong></div>
|j|☆Gwergou
|j|☆alttesting124n
|t:|1776053385
|gametype|singles
|player|p1|Gwergou|swimmer-gen4|1236
|player|p2|alttesting124n|266|1357
|gen|9
|tier|[Gen 9] OU
|rated|
|rule|HP Percentage Mod: HP is shown in percentages
|rule|Endless Battle Clause: Forcing endless battles is banned
|rule|Species Clause: Limit one of each Pokémon
|rule|OHKO Clause: OHKO moves are banned
|rule|Evasion Items Clause: Evasion items are banned
|rule|Evasion Moves Clause: Evasion moves are banned
|rule|Evasion Abilities Clause: Evasion abilities are banned
|rule|Sleep Moves Clause: Sleep-inducing moves are banned
|clearpoke
|poke|p1|Garganacl, M|
|poke|p1|Sinistcha|
|poke|p1|Pecharunt|
|poke|p1|Gliscor, M|
|poke|p1|Zamazenta-*|
|poke|p1|Galvantula, M|
|poke|p2|Rillaboom, F|
|poke|p2|Landorus-Therian, M|
|poke|p2|Primarina, M|
|poke|p2|Heatran, F|
|poke|p2|Great Tusk|
|poke|p2|Weezing-Galar, F|
|teampreview
|inactive|Battle timer is ON: inactive players will automatically lose when time's up. (requested by alttesting124n)
|
|t:|1776053392
|teamsize|p1|6
|teamsize|p2|6
|start
|switch|p1a: Spooder|Galvantula, M, shiny|100/100
|switch|p2a: Primarina|Primarina, M|100/100
|turn|1
|
|t:|1776053399
|move|p1a: Spooder|Sticky Web|p2a: Primarina
|-sidestart|p2: alttesting124n|move: Sticky Web
|move|p2a: Primarina|Flip Turn|p1a: Spooder
|-damage|p1a: Spooder|74/100
|
|t:|1776053402
|switch|p2a: Landorus|Landorus-Therian, M|100/100|[from] Flip Turn
|-ability|p2a: Landorus|Intimidate|boost
|-unboost|p1a: Spooder|atk|1
|
|upkeep
|turn|2
|
|t:|1776053414
|move|p1a: Spooder|Giga Drain|p2a: Landorus
|-damage|p2a: Landorus|76/100
|-heal|p1a: Spooder|91/100|[from] drain|[of] p2a: Landorus
|move|p2a: Landorus|Earth Power|p1a: Spooder
|-damage|p1a: Spooder|36/100
|
|upkeep
|turn|3
|
|t:|1776053424
|switch|p1a: Touching Grass|Sinistcha|100/100
|move|p2a: Landorus|Earth Power|p1a: Touching Grass
|-resisted|p1a: Touching Grass
|-damage|p1a: Touching Grass|82/100
|-unboost|p1a: Touching Grass|spd|1
|
|upkeep
|turn|4
|
|t:|1776053433
|move|p2a: Landorus|Stealth Rock|p1a: Touching Grass
|-sidestart|p1: Gwergou|move: Stealth Rock
|move|p1a: Touching Grass|Calm Mind|p1a: Touching Grass
|-boost|p1a: Touching Grass|spa|1
|-boost|p1a: Touching Grass|spd|1
|
|upkeep
|turn|5
|
|t:|1776053439
|move|p2a: Landorus|Taunt|p1a: Touching Grass
|-start|p1a: Touching Grass|move: Taunt
|move|p1a: Touching Grass|Matcha Gotcha|p2a: Landorus
|-damage|p2a: Landorus|24/100
|-heal|p1a: Touching Grass|100/100|[from] drain|[of] p2a: Landorus
|
|upkeep
|turn|6
|
|t:|1776053448
|move|p2a: Landorus|U-turn|p1a: Touching Grass
|-damage|p1a: Touching Grass|87/100
|
|t:|1776053451
|switch|p2a: Heatran|Heatran, F|100/100|[from] U-turn
|-activate|p2a: Heatran|move: Sticky Web
|-unboost|p2a: Heatran|spe|1
|move|p1a: Touching Grass|Matcha Gotcha|p2a: Heatran
|-resisted|p2a: Heatran
|-damage|p2a: Heatran|93/100
|-heal|p1a: Touching Grass|92/100|[from] drain|[of] p2a: Heatran
|
|-heal|p2a: Heatran|99/100|[from] item: Leftovers
|upkeep
|turn|7
|
|t:|1776053477
|switch|p1a: Pew Pew|Gliscor, M, shiny|100/100
|-damage|p1a: Pew Pew|88/100|[from] Stealth Rock
|move|p2a: Heatran|Magma Storm|p1a: Pew Pew
|-damage|p1a: Pew Pew|50/100
|-activate|p1a: Pew Pew|move: Magma Storm|[of] p2a: Heatran
|
|-heal|p2a: Heatran|100/100|[from] item: Leftovers
|-damage|p1a: Pew Pew|38/100|[from] move: Magma Storm|[partiallytrapped]
|-status|p1a: Pew Pew|tox|[from] item: Toxic Orb
|upkeep
|turn|8
|inactive|Gwergou has 120 seconds left.
|
|t:|1776053499
|move|p1a: Pew Pew|Protect|p1a: Pew Pew
|-singleturn|p1a: Pew Pew|Protect
|move|p2a: Heatran|Protect||[still]
|-fail|p2a: Heatran
|
|-heal|p1a: Pew Pew|50/100 tox|[from] ability: Poison Heal
|-damage|p1a: Pew Pew|38/100 tox|[from] move: Magma Storm|[partiallytrapped]
|upkeep
|turn|9
|inactive|Gwergou has 120 seconds left.
|
|t:|1776053508
|move|p2a: Heatran|Protect|p2a: Heatran
|-singleturn|p2a: Heatran|Protect
|move|p1a: Pew Pew|Earthquake|p2a: Heatran
|-activate|p2a: Heatran|move: Protect
|
|-heal|p1a: Pew Pew|50/100 tox|[from] ability: Poison Heal
|-damage|p1a: Pew Pew|38/100 tox|[from] move: Magma Storm|[partiallytrapped]
|upkeep
|turn|10
|inactive|Gwergou has 120 seconds left.
|
|t:|1776053519
|switch|p2a: Landorus|Landorus-Therian, M|24/100
|-ability|p2a: Landorus|Intimidate|boost
|-unboost|p1a: Pew Pew|atk|1
|move|p1a: Pew Pew|Protect||[still]
|-fail|p1a: Pew Pew
|
|-heal|p1a: Pew Pew|50/100 tox|[from] ability: Poison Heal
|-end|p1a: Pew Pew|Magma Storm|[partiallytrapped]|[silent]
|upkeep
|turn|11
|inactive|Gwergou has 120 seconds left.
|
|t:|1776053529
|switch|p2a: Weezing|Weezing-Galar, F, shiny|100/100
|-ability|p2a: Weezing|Neutralizing Gas
|-activate|p2a: Weezing|move: Sticky Web
|-unboost|p2a: Weezing|spe|1
|move|p1a: Pew Pew|Earthquake|p2a: Weezing
|-supereffective|p2a: Weezing
|-damage|p2a: Weezing|72/100
|
|-heal|p2a: Weezing|78/100|[from] item: Leftovers
|-damage|p1a: Pew Pew|25/100 tox|[from] psn
|upkeep
|turn|12
|inactive|Gwergou has 120 seconds left.
|
|t:|1776053546
|switch|p1a: Haxed|Pecharunt|100/100
|move|p2a: Weezing|Defog|p1a: Haxed
|-unboost|p1a: Haxed|evasion|1
|-sideend|p1: Gwergou|Stealth Rock|[from] move: Defog|[of] p2a: Weezing
|-sideend|p2: alttesting124n|Sticky Web|[from] move: Defog|[of] p2a: Weezing
|
|-heal|p2a: Weezing|84/100|[from] item: Leftovers
|upkeep
|turn|13
|inactive|Gwergou has 120 seconds left.
|
|t:|1776053556
|move|p1a: Haxed|Shadow Ball|p2a: Weezing
|-damage|p2a: Weezing|49/100
|move|p2a: Weezing|Will-O-Wisp|p1a: Haxed
|-status|p1a: Haxed|brn
|
|-heal|p2a: Weezing|55/100|[from] item: Leftovers
|-damage|p1a: Haxed|94/100 brn|[from] brn
|upkeep
|turn|14
|inactive|Gwergou has 120 seconds left.
|
|t:|1776053567
|-end|p2a: Weezing|ability: Neutralizing Gas
|switch|p2a: Heatran|Heatran, F|100/100
|move|p1a: Haxed|Shadow Ball|p2a: Heatran
|-damage|p2a: Heatran|85/100
|
|-heal|p2a: Heatran|91/100|[from] item: Leftovers
|-damage|p1a: Haxed|88/100 brn|[from] brn
|upkeep
|turn|15
|inactive|Gwergou has 120 seconds left.
|
|t:|1776053578
|move|p1a: Haxed|Parting Shot|p2a: Heatran
|-unboost|p2a: Heatran|atk|1
|-unboost|p2a: Heatran|spa|1
|
|t:|1776053588
|switch|p1a: Salt Is Bad|Garganacl, M|100/100|[from] Parting Shot
|move|p2a: Heatran|Magma Storm|p1a: Salt Is Bad
|-resisted|p1a: Salt Is Bad
|-damage|p1a: Salt Is Bad|91/100
|-activate|p1a: Salt Is Bad|move: Magma Storm|[of] p2a: Heatran
|
|-heal|p2a: Heatran|97/100|[from] item: Leftovers
|-heal|p1a: Salt Is Bad|97/100|[from] item: Leftovers
|-damage|p1a: Salt Is Bad|84/100|[from] move: Magma Storm|[partiallytrapped]
|upkeep
|turn|16
|inactive|Gwergou has 120 seconds left.
|
|t:|1776053599
|switch|p2a: Rillaboom|Rillaboom, F, shiny|100/100
|-fieldstart|move: Grassy Terrain|[from] ability: Grassy Surge|[of] p2a: Rillaboom
|move|p1a: Salt Is Bad|Salt Cure|p2a: Rillaboom
|-damage|p2a: Rillaboom|87/100
|-start|p2a: Rillaboom|Salt Cure
|
|-heal|p2a: Rillaboom|93/100|[from] Grassy Terrain
|-heal|p1a: Salt Is Bad|91/100|[from] Grassy Terrain
|-heal|p1a: Salt Is Bad|97/100|[from] item: Leftovers
|-damage|p2a: Rillaboom|81/100|[from] Salt Cure
|-end|p1a: Salt Is Bad|Magma Storm|[partiallytrapped]|[silent]
|upkeep
|turn|17
|inactive|Gwergou has 120 seconds left.
|
|t:|1776053612
|move|p1a: Salt Is Bad|Protect|p1a: Salt Is Bad
|-singleturn|p1a: Salt Is Bad|Protect
|move|p2a: Rillaboom|Knock Off|p1a: Salt Is Bad
|-activate|p1a: Salt Is Bad|move: Protect
|
|-heal|p2a: Rillaboom|87/100|[from] Grassy Terrain
|-heal|p1a: Salt Is Bad|100/100|[from] Grassy Terrain
|-damage|p2a: Rillaboom|74/100|[from] Salt Cure
|upkeep
|turn|18
|inactive|Gwergou has 120 seconds left.
|
|t:|1776053623
|switch|p1a: Pew Pew|Gliscor, M, shiny|25/100 tox
|move|p2a: Rillaboom|Knock Off|p1a: Pew Pew
|-damage|p1a: Pew Pew|0 fnt
|-enditem|p1a: Pew Pew|Toxic Orb|[from] move: Knock Off|[of] p2a: Rillaboom
|faint|p1a: Pew Pew
|
|-heal|p2a: Rillaboom|81/100|[from] Grassy Terrain
|-damage|p2a: Rillaboom|68/100|[from] Salt Cure
|upkeep
|
|t:|1776053634
|switch|p1a: Spooder|Galvantula, M, shiny|36/100
|turn|19
|
|t:|1776053642
|switch|p2a: Landorus|Landorus-Therian, M|24/100
|-ability|p2a: Landorus|Intimidate|boost
|-unboost|p1a: Spooder|atk|1
|move|p1a: Spooder|Sticky Web|p2a: Landorus
|-sidestart|p2: alttesting124n|move: Sticky Web
|
|-heal|p1a: Spooder|42/100|[from] Grassy Terrain
|upkeep
|turn|20
|inactive|Gwergou has 120 seconds left.
|
|t:|1776053655
|move|p1a: Spooder|Giga Drain|p2a: Landorus
|-damage|p2a: Landorus|0 fnt
|-heal|p1a: Spooder|58/100|[from] drain|[of] p2a: Landorus
|faint|p2a: Landorus
|
|-heal|p1a: Spooder|64/100|[from] Grassy Terrain
|-fieldend|move: Grassy Terrain
|upkeep
|
|t:|1776053659
|switch|p2a: Heatran|Heatran, F|97/100
|-activate|p2a: Heatran|move: Sticky Web
|-unboost|p2a: Heatran|spe|1
|turn|21
|inactive|Gwergou has 120 seconds left.
|
|t:|1776053682
|switch|p1a: Salt Is Bad|Garganacl, M|100/100
|move|p2a: Heatran|Magma Storm|p1a: Salt Is Bad
|-resisted|p1a: Salt Is Bad
|-damage|p1a: Salt Is Bad|86/100
|-activate|p1a: Salt Is Bad|move: Magma Storm|[of] p2a: Heatran
|
|-heal|p2a: Heatran|100/100|[from] item: Leftovers
|-heal|p1a: Salt Is Bad|92/100|[from] item: Leftovers
|-damage|p1a: Salt Is Bad|79/100|[from] move: Magma Storm|[partiallytrapped]
|upkeep
|turn|22
|
|t:|1776053693
|move|p2a: Heatran|Protect|p2a: Heatran
|-singleturn|p2a: Heatran|Protect
|move|p1a: Salt Is Bad|Stealth Rock|p2a: Heatran
|-sidestart|p2: alttesting124n|move: Stealth Rock
|
|-heal|p1a: Salt Is Bad|86/100|[from] item: Leftovers
|-damage|p1a: Salt Is Bad|73/100|[from] move: Magma Storm|[partiallytrapped]
|upkeep
|turn|23
|-message|alttesting124n forfeited.
|
|win|Gwergou
|raw|Gwergou's rating: 1236 &rarr; <strong>1269</strong><br />(+33 for winning)
|raw|alttesting124n's rating: 1357 &rarr; <strong>1330</strong><br />(-27 for losing)
|l|☆alttesting124n
|player|p2|
|l|☆Gwergou
|player|p1|
