|html|<div class="broadcast-blue"><strong>[Gen 9] OU is currently suspecting Tera Blast! For information on how to participate check out the <a href="https://www.smogon.com/tools/suspects/view/200">suspect thread</a>.</strong></div>
|j|☆pintopancho
|j|☆MagusNikki
|t:|1776087143
|gametype|singles
|player|p1|pintopancho|harlequin|1314
|player|p2|MagusNikki|cheryl|1303
|gen|9
|tier|[Gen 9] OU
|rated|
|rule|HP Percentage Mod: HP is shown in percentages
|rule|Endless Battle Clause: Forcing endless battles is banned
|rule|Species Clause: Limit one of each Pokémon
|rule|OHKO Clause: OHKO moves are banned
|rule|Evasion Items Clause: Evasion items are banned
|rule|Evasion Moves Clause: Evasion moves are banned
|rule|Evasion Abilities Clause: Evasion abilities are banned
|rule|Sleep Moves Clause: Sleep-inducing moves are banned
|clearpoke
|poke|p1|Serperior, M|
|poke|p1|Gastrodon, M|
|poke|p1|Reuniclus, F|
|poke|p1|Chansey, F|
|poke|p1|Mandibuzz, F|
|poke|p1|Mienshao, F|
|poke|p2|Dondozo, M|
|poke|p2|Blissey, F|
|poke|p2|Corviknight, F|
|poke|p2|Weezing-Galar, M|
|poke|p2|Gliscor, F|
|poke|p2|Toxapex, F|
|teampreview
|inactive|Battle timer is ON: inactive players will automatically lose when time's up. (requested by pintopancho)
|inactive|MagusNikki has 120 seconds left.
|
|t:|1776087184
|teamsize|p1|6
|teamsize|p2|6
|start
|switch|p1a: Mienshao|Mienshao, F|100/100
|switch|p2a: Dondozo|Dondozo, M|100/100
|turn|1
|
|t:|1776087192
|move|p1a: Mienshao|Fake Out|p2a: Dondozo
|-damage|p2a: Dondozo|92/100
|-damage|p1a: Mienshao|91/100|[from] item: Life Orb
|cant|p2a: Dondozo|flinch
|
|-heal|p2a: Dondozo|98/100|[from] item: Leftovers
|upkeep
|turn|2
|
|t:|1776087198
|move|p1a: Mienshao|Knock Off|p2a: Dondozo
|-damage|p2a: Dondozo|78/100
|-enditem|p2a: Dondozo|Leftovers|[from] move: Knock Off|[of] p1a: Mienshao
|-damage|p1a: Mienshao|81/100|[from] item: Life Orb
|move|p2a: Dondozo|Body Press|p1a: Mienshao
|-damage|p1a: Mienshao|27/100
|
|upkeep
|turn|3
|
|t:|1776087204
|switch|p1a: Serperior|Serperior, M|100/100
|move|p2a: Dondozo|Body Press|p1a: Serperior
|-damage|p1a: Serperior|68/100
|
|-heal|p1a: Serperior|74/100|[from] item: Leftovers
|upkeep
|turn|4
|
|t:|1776087213
|switch|p2a: Weezing|Weezing-Galar, M|100/100
|-ability|p2a: Weezing|Neutralizing Gas
|move|p1a: Serperior|Glare|p2a: Weezing
|-status|p2a: Weezing|par
|
|-heal|p1a: Serperior|80/100|[from] item: Leftovers
|upkeep
|turn|5
|
|t:|1776087221
|switch|p1a: Mienshao|Mienshao, F|61/100
|move|p2a: Weezing|Toxic Spikes|p1a: Mienshao
|-sidestart|p1: pintopancho|move: Toxic Spikes
|
|upkeep
|turn|6
|
|t:|1776087225
|switch|p1a: Mandibuzz|Mandibuzz, F|100/100
|-end|p2a: Weezing|ability: Neutralizing Gas
|switch|p2a: Dondozo|Dondozo, M|78/100
|
|upkeep
|turn|7
|
|t:|1776087233
|move|p1a: Mandibuzz|Defog|p2a: Dondozo
|-unboost|p2a: Dondozo|evasion|1
|-sideend|p1: pintopancho|Toxic Spikes|[from] move: Defog|[of] p1a: Mandibuzz
|move|p2a: Dondozo|Avalanche|p1a: Mandibuzz
|-supereffective|p1a: Mandibuzz
|-damage|p1a: Mandibuzz|83/100
|-damage|p2a: Dondozo|62/100|[from] item: Rocky Helmet|[of] p1a: Mandibuzz
|
|upkeep
|turn|8
|
|t:|1776087247
|move|p1a: Mandibuzz|U-turn|p2a: Dondozo
|-damage|p2a: Dondozo|57/100
|
|t:|1776087259
|switch|p1a: Serperior|Serperior, M|80/100|[from] U-turn
|move|p2a: Dondozo|Avalanche|p1a: Serperior
|-supereffective|p1a: Serperior
|-damage|p1a: Serperior|48/100
|
|-heal|p1a: Serperior|54/100|[from] item: Leftovers
|upkeep
|turn|9
|
|t:|1776087265
|switch|p2a: Weezing|Weezing-Galar, M|100/100 par
|-ability|p2a: Weezing|Neutralizing Gas
|move|p1a: Serperior|Leaf Storm|p2a: Weezing
|-resisted|p2a: Weezing
|-damage|p2a: Weezing|70/100 par
|-unboost|p1a: Serperior|spa|2
|
|-heal|p1a: Serperior|60/100|[from] item: Leftovers
|upkeep
|turn|10
|
|t:|1776087275
|move|p1a: Serperior|Leaf Storm|p2a: Weezing
|-resisted|p2a: Weezing
|-damage|p2a: Weezing|55/100 par
|-unboost|p1a: Serperior|spa|2
|move|p2a: Weezing|Pain Split|p1a: Serperior
|-sethp|p1a: Serperior|62/100|[from] move: Pain Split|[silent]
|-sethp|p2a: Weezing|54/100 par|[from] move: Pain Split
|
|-heal|p1a: Serperior|68/100|[from] item: Leftovers
|upkeep
|turn|11
|
|t:|1776087283
|switch|p1a: Mienshao|Mienshao, F|61/100
|move|p2a: Weezing|Toxic Spikes|p1a: Mienshao
|-sidestart|p1: pintopancho|move: Toxic Spikes
|
|upkeep
|turn|12
|
|t:|1776087292
|-end|p2a: Weezing|ability: Neutralizing Gas
|switch|p2a: Toxapex|Toxapex, F|100/100
|move|p1a: Mienshao|Knock Off|p2a: Toxapex
|-damage|p2a: Toxapex|67/100
|-enditem|p2a: Toxapex|Leftovers|[from] move: Knock Off|[of] p1a: Mienshao
|-damage|p1a: Mienshao|51/100|[from] item: Life Orb
|
|upkeep
|turn|13
|
|t:|1776087300
|switch|p1a: Mandibuzz|Mandibuzz, F|83/100
|move|p2a: Toxapex|Toxic|p1a: Mandibuzz
|-status|p1a: Mandibuzz|tox
|
|-damage|p1a: Mandibuzz|77/100 tox|[from] psn
|upkeep
|turn|14
|
|t:|1776087307
|move|p1a: Mandibuzz|Defog|p2a: Toxapex
|-unboost|p2a: Toxapex|evasion|1
|-sideend|p1: pintopancho|Toxic Spikes|[from] move: Defog|[of] p1a: Mandibuzz
|move|p2a: Toxapex|Poison Jab|p1a: Mandibuzz
|-damage|p1a: Mandibuzz|66/100 tox
|-damage|p2a: Toxapex|51/100|[from] item: Rocky Helmet|[of] p1a: Mandibuzz
|
|-damage|p1a: Mandibuzz|53/100 tox|[from] psn
|upkeep
|turn|15
|
|t:|1776087310
|move|p1a: Mandibuzz|Roost|p1a: Mandibuzz
|-heal|p1a: Mandibuzz|100/100 tox
|-singleturn|p1a: Mandibuzz|move: Roost
|move|p2a: Toxapex|Recover|p2a: Toxapex
|-heal|p2a: Toxapex|100/100
|
|-damage|p1a: Mandibuzz|82/100 tox|[from] psn
|upkeep
|turn|16
|
|t:|1776087316
|switch|p1a: Chansey|Chansey, F|100/100
|switch|p2a: Dondozo|Dondozo, M|57/100
|
|upkeep
|turn|17
|
|t:|1776087335
|-terastallize|p1a: Chansey|Ghost
|move|p1a: Chansey|Thunder Wave|p2a: Dondozo
|-status|p2a: Dondozo|par
|move|p2a: Dondozo|Rest|p2a: Dondozo
|-status|p2a: Dondozo|slp|[from] move: Rest
|-heal|p2a: Dondozo|100/100 slp|[silent]
|
|upkeep
|turn|18
|
|t:|1776087348
|move|p1a: Chansey|Stealth Rock|p2a: Dondozo
|-sidestart|p2: MagusNikki|move: Stealth Rock
|cant|p2a: Dondozo|slp
|move|p2a: Dondozo|Sleep Talk|p2a: Dondozo
|move|p2a: Dondozo|Rest||[from] move: Sleep Talk|[still]
|-fail|p2a: Dondozo
|
|upkeep
|turn|19
|
|t:|1776087364
|switch|p1a: Serperior|Serperior, M|68/100
|cant|p2a: Dondozo|slp
|move|p2a: Dondozo|Sleep Talk|p2a: Dondozo
|move|p2a: Dondozo|Body Press|p1a: Serperior|[from] move: Sleep Talk
|-damage|p1a: Serperior|33/100
|
|-heal|p1a: Serperior|39/100|[from] item: Leftovers
|upkeep
|turn|20
|
|t:|1776087373
|switch|p2a: Weezing|Weezing-Galar, M|54/100 par
|-ability|p2a: Weezing|Neutralizing Gas
|move|p1a: Serperior|Leaf Storm|p2a: Weezing
|-resisted|p2a: Weezing
|-damage|p2a: Weezing|19/100 par
|-unboost|p1a: Serperior|spa|2
|
|-heal|p1a: Serperior|46/100|[from] item: Leftovers
|upkeep
|turn|21
|
|t:|1776087376
|move|p1a: Serperior|Leaf Storm|p2a: Weezing
|-resisted|p2a: Weezing
|-damage|p2a: Weezing|3/100 par
|-unboost|p1a: Serperior|spa|2
|cant|p2a: Weezing|par
|
|-heal|p1a: Serperior|52/100|[from] item: Leftovers
|upkeep
|turn|22
|
|t:|1776087381
|move|p1a: Serperior|Leaf Storm|p2a: Weezing
|-resisted|p2a: Weezing
|-damage|p2a: Weezing|0 fnt
|-unboost|p1a: Serperior|spa|2
|faint|p2a: Weezing
|-end|p2a: Weezing|ability: Neutralizing Gas
|
|-heal|p1a: Serperior|58/100|[from] item: Leftovers
|upkeep
|
|t:|1776087389
|switch|p2a: Blissey|Blissey, F|100/100
|-damage|p2a: Blissey|88/100|[from] Stealth Rock
|turn|23
|
|t:|1776087395
|move|p1a: Serperior|Glare|p2a: Blissey
|-status|p2a: Blissey|par
|move|p2a: Blissey|Seismic Toss|p1a: Serperior
|-damage|p1a: Serperior|24/100
|
|-heal|p1a: Serperior|30/100|[from] item: Leftovers
|-heal|p2a: Blissey|94/100 par|[from] item: Leftovers
|upkeep
|turn|24
|
|t:|1776087405
|switch|p1a: Reuniclus|Reuniclus, F, shiny|100/100
|move|p2a: Blissey|Seismic Toss|p1a: Reuniclus
|-damage|p1a: Reuniclus|77/100
|
|-heal|p1a: Reuniclus|83/100|[from] item: Leftovers
|-heal|p2a: Blissey|100/100 par|[from] item: Leftovers
|upkeep
|turn|25
|
|t:|1776087414
|move|p1a: Reuniclus|Acid Armor|p1a: Reuniclus
|-boost|p1a: Reuniclus|def|2
|move|p2a: Blissey|Stealth Rock|p1a: Reuniclus
|-sidestart|p1: pintopancho|move: Stealth Rock
|
|-heal|p1a: Reuniclus|89/100|[from] item: Leftovers
|upkeep
|turn|26
|
|t:|1776087425
|-curestatus|p2a: Blissey|par|[from] ability: Natural Cure
|switch|p2a: Toxapex|Toxapex, F|100/100
|-damage|p2a: Toxapex|88/100|[from] Stealth Rock
|move|p1a: Reuniclus|Calm Mind|p1a: Reuniclus
|-boost|p1a: Reuniclus|spa|1
|-boost|p1a: Reuniclus|spd|1
|
|-heal|p1a: Reuniclus|95/100|[from] item: Leftovers
|upkeep
|turn|27
|
|t:|1776087429
|-terastallize|p2a: Toxapex|Steel
|move|p2a: Toxapex|Haze|p2a: Toxapex
|-clearallboost
|move|p1a: Reuniclus|Psyshock|p2a: Toxapex
|-resisted|p2a: Toxapex
|-damage|p2a: Toxapex|75/100
|
|-heal|p1a: Reuniclus|100/100|[from] item: Leftovers
|upkeep
|turn|28
|
|t:|1776087438
|switch|p1a: Mandibuzz|Mandibuzz, F|82/100 tox
|-damage|p1a: Mandibuzz|57/100 tox|[from] Stealth Rock
|move|p2a: Toxapex|Poison Jab|p1a: Mandibuzz
|-damage|p1a: Mandibuzz|47/100 tox
|-damage|p2a: Toxapex|59/100|[from] item: Rocky Helmet|[of] p1a: Mandibuzz
|
|-damage|p1a: Mandibuzz|41/100 tox|[from] psn
|upkeep
|turn|29
|
|t:|1776087440
|move|p1a: Mandibuzz|Defog|p2a: Toxapex
|-unboost|p2a: Toxapex|evasion|1
|-sideend|p2: MagusNikki|Stealth Rock|[from] move: Defog|[of] p1a: Mandibuzz
|-sideend|p1: pintopancho|Stealth Rock|[from] move: Defog|[of] p1a: Mandibuzz
|move|p2a: Toxapex|Poison Jab|p1a: Mandibuzz
|-damage|p1a: Mandibuzz|30/100 tox
|-damage|p2a: Toxapex|42/100|[from] item: Rocky Helmet|[of] p1a: Mandibuzz
|
|-damage|p1a: Mandibuzz|18/100 tox|[from] psn
|upkeep
|turn|30
|
|t:|1776087444
|move|p1a: Mandibuzz|Roost|p1a: Mandibuzz
|-heal|p1a: Mandibuzz|68/100 tox
|-singleturn|p1a: Mandibuzz|move: Roost
|move|p2a: Toxapex|Recover|p2a: Toxapex
|-heal|p2a: Toxapex|92/100
|
|-damage|p1a: Mandibuzz|50/100 tox|[from] psn
|upkeep
|turn|31
|
|t:|1776087446
|move|p1a: Mandibuzz|Roost|p1a: Mandibuzz
|-heal|p1a: Mandibuzz|99/100 tox
|-singleturn|p1a: Mandibuzz|move: Roost
|move|p2a: Toxapex|Poison Jab|p1a: Mandibuzz
|-damage|p1a: Mandibuzz|88/100 tox
|-damage|p2a: Toxapex|76/100|[from] item: Rocky Helmet|[of] p1a: Mandibuzz
|
|-damage|p1a: Mandibuzz|64/100 tox|[from] psn
|upkeep
|turn|32
|
|t:|1776087465
|switch|p1a: Mienshao|Mienshao, F|84/100
|move|p2a: Toxapex|Poison Jab|p1a: Mienshao
|-crit|p1a: Mienshao
|-damage|p1a: Mienshao|37/100
|
|upkeep
|turn|33
|
|t:|1776087471
|switch|p2a: Dondozo|Dondozo, M|100/100 slp
|move|p1a: Mienshao|Close Combat|p2a: Dondozo
|-damage|p2a: Dondozo|68/100 slp
|-unboost|p1a: Mienshao|def|1
|-unboost|p1a: Mienshao|spd|1
|-damage|p1a: Mienshao|27/100|[from] item: Life Orb
|
|upkeep
|turn|34
|
|t:|1776087492
|switch|p1a: Serperior|Serperior, M|30/100
|-curestatus|p2a: Dondozo|slp|[msg]
|move|p2a: Dondozo|Body Press|p1a: Serperior
|-damage|p1a: Serperior|0 fnt
|faint|p1a: Serperior
|
|upkeep
|
|t:|1776087514
|switch|p1a: Gastrodon|Gastrodon, M|100/100
|turn|35
|
|t:|1776087523
|switch|p2a: Toxapex|Toxapex, F, tera:Steel|100/100
|move|p1a: Gastrodon|Earth Power|p2a: Toxapex
|-supereffective|p2a: Toxapex
|-damage|p2a: Toxapex|63/100
|
|upkeep
|turn|36
|
|t:|1776087538
|move|p1a: Gastrodon|Earth Power|p2a: Toxapex
|-supereffective|p2a: Toxapex
|-damage|p2a: Toxapex|25/100
|move|p2a: Toxapex|Toxic|p1a: Gastrodon
|-status|p1a: Gastrodon|tox
|
|-damage|p1a: Gastrodon|94/100 tox|[from] psn
|upkeep
|turn|37
|
|t:|1776087545
|switch|p2a: Corviknight|Corviknight, F|100/100
|-ability|p2a: Corviknight|Pressure
|move|p1a: Gastrodon|Earth Power|p2a: Corviknight
|-immune|p2a: Corviknight
|
|-heal|p1a: Gastrodon|100/100 tox|[from] item: Leftovers
|-damage|p1a: Gastrodon|88/100 tox|[from] psn
|upkeep
|turn|38
|
|t:|1776087553
|switch|p1a: Chansey|Chansey, F, tera:Ghost|100/100
|move|p2a: Corviknight|Iron Defense|p2a: Corviknight
|-boost|p2a: Corviknight|def|2
|
|upkeep
|turn|39
|
|t:|1776087566
|switch|p2a: Gliscor|Gliscor, F|100/100
|move|p1a: Chansey|Thunder Wave|p2a: Gliscor
|-immune|p2a: Gliscor
|
|-status|p2a: Gliscor|tox|[from] item: Toxic Orb
|upkeep
|turn|40
|
|t:|1776087578
|switch|p1a: Gastrodon|Gastrodon, M|88/100 tox
|move|p2a: Gliscor|Spikes|p1a: Gastrodon
|-sidestart|p1: pintopancho|Spikes
|
|-heal|p1a: Gastrodon|94/100 tox|[from] item: Leftovers
|-damage|p1a: Gastrodon|88/100 tox|[from] psn
|upkeep
|turn|41
|
|t:|1776087582
|switch|p2a: Corviknight|Corviknight, F|100/100
|-ability|p2a: Corviknight|Pressure
|move|p1a: Gastrodon|Chilling Water|p2a: Corviknight
|-damage|p2a: Corviknight|85/100
|-unboost|p2a: Corviknight|atk|1
|
|-heal|p2a: Corviknight|91/100|[from] item: Leftovers
|-heal|p1a: Gastrodon|94/100 tox|[from] item: Leftovers
|-damage|p1a: Gastrodon|82/100 tox|[from] psn
|upkeep
|turn|42
|
|t:|1776087589
|switch|p1a: Chansey|Chansey, F, tera:Ghost|100/100
|-damage|p1a: Chansey|88/100|[from] Spikes
|move|p2a: Corviknight|Iron Defense|p2a: Corviknight
|-boost|p2a: Corviknight|def|2
|
|-heal|p2a: Corviknight|97/100|[from] item: Leftovers
|upkeep
|turn|43
|
|t:|1776087592
|switch|p2a: Gliscor|Gliscor, F|100/100 tox
|move|p1a: Chansey|Stealth Rock|p2a: Gliscor
|-sidestart|p2: MagusNikki|move: Stealth Rock
|
|upkeep
|turn|44
|
|t:|1776087601
|switch|p1a: Reuniclus|Reuniclus, F, shiny|100/100
|move|p2a: Gliscor|Spikes|p1a: Reuniclus
|-sidestart|p1: pintopancho|Spikes
|
|upkeep
|turn|45
|
|t:|1776087608
|switch|p2a: Toxapex|Toxapex, F, tera:Steel|59/100
|-damage|p2a: Toxapex|52/100|[from] Stealth Rock
|move|p1a: Reuniclus|Calm Mind|p1a: Reuniclus
|-boost|p1a: Reuniclus|spa|1
|-boost|p1a: Reuniclus|spd|1
|
|upkeep
|turn|46
|
|t:|1776087613
|move|p2a: Toxapex|Haze|p2a: Toxapex
|-clearallboost
|move|p1a: Reuniclus|Psyshock|p2a: Toxapex
|-resisted|p2a: Toxapex
|-damage|p2a: Toxapex|39/100
|
|upkeep
|turn|47
|
|t:|1776087619
|switch|p1a: Mienshao|Mienshao, F|60/100
|-damage|p1a: Mienshao|44/100|[from] Spikes
|move|p2a: Toxapex|Recover|p2a: Toxapex
|-heal|p2a: Toxapex|89/100
|
|upkeep
|turn|48
|
|t:|1776087625
|switch|p2a: Dondozo|Dondozo, M|68/100
|-damage|p2a: Dondozo|55/100|[from] Stealth Rock
|move|p1a: Mienshao|Knock Off|p2a: Dondozo
|-damage|p2a: Dondozo|42/100
|-damage|p1a: Mienshao|34/100|[from] item: Life Orb
|
|upkeep
|turn|49
|
|t:|1776087627
|move|p1a: Mienshao|Close Combat|p2a: Dondozo
|-damage|p2a: Dondozo|8/100
|-unboost|p1a: Mienshao|def|1
|-unboost|p1a: Mienshao|spd|1
|-damage|p1a: Mienshao|24/100|[from] item: Life Orb
|move|p2a: Dondozo|Rest|p2a: Dondozo
|-status|p2a: Dondozo|slp|[from] move: Rest
|-heal|p2a: Dondozo|100/100 slp|[silent]
|
|upkeep
|turn|50
|
|t:|1776087652
|switch|p1a: Reuniclus|Reuniclus, F, shiny|100/100
|cant|p2a: Dondozo|slp
|move|p2a: Dondozo|Sleep Talk|p2a: Dondozo
|move|p2a: Dondozo|Avalanche|p1a: Reuniclus|[from] move: Sleep Talk
|-damage|p1a: Reuniclus|90/100
|
|-heal|p1a: Reuniclus|96/100|[from] item: Leftovers
|upkeep
|turn|51
|
|t:|1776087659
|switch|p2a: Toxapex|Toxapex, F, tera:Steel|100/100
|-damage|p2a: Toxapex|94/100|[from] Stealth Rock
|move|p1a: Reuniclus|Calm Mind|p1a: Reuniclus
|-boost|p1a: Reuniclus|spa|1
|-boost|p1a: Reuniclus|spd|1
|
|-heal|p1a: Reuniclus|100/100|[from] item: Leftovers
|upkeep
|turn|52
|
|t:|1776087664
|switch|p1a: Mienshao|Mienshao, F|57/100
|-damage|p1a: Mienshao|40/100|[from] Spikes
|move|p2a: Toxapex|Haze|p2a: Toxapex
|-clearallboost
|
|upkeep
|turn|53
|
|t:|1776087669
|switch|p2a: Dondozo|Dondozo, M|100/100 slp
|-damage|p2a: Dondozo|88/100 slp|[from] Stealth Rock
|move|p1a: Mienshao|Fake Out|p2a: Dondozo
|-damage|p2a: Dondozo|81/100 slp
|-damage|p1a: Mienshao|30/100|[from] item: Life Orb
|
|upkeep
|turn|54
|
|t:|1776087676
|switch|p1a: Reuniclus|Reuniclus, F, shiny|100/100
|cant|p2a: Dondozo|slp
|move|p2a: Dondozo|Sleep Talk|p2a: Dondozo
|move|p2a: Dondozo|Avalanche|p1a: Reuniclus|[from] move: Sleep Talk
|-damage|p1a: Reuniclus|91/100
|
|-heal|p1a: Reuniclus|97/100|[from] item: Leftovers
|upkeep
|turn|55
|
|t:|1776087686
|switch|p2a: Toxapex|Toxapex, F, tera:Steel|100/100
|-damage|p2a: Toxapex|94/100|[from] Stealth Rock
|move|p1a: Reuniclus|Calm Mind|p1a: Reuniclus
|-boost|p1a: Reuniclus|spa|1
|-boost|p1a: Reuniclus|spd|1
|
|-heal|p1a: Reuniclus|100/100|[from] item: Leftovers
|upkeep
|turn|56
|
|t:|1776087692
|switch|p1a: Mienshao|Mienshao, F|64/100
|-damage|p1a: Mienshao|47/100|[from] Spikes
|move|p2a: Toxapex|Toxic|p1a: Mienshao
|-status|p1a: Mienshao|tox
|
|-damage|p1a: Mienshao|41/100 tox|[from] psn
|upkeep
|turn|57
|
|t:|1776087699
|switch|p2a: Dondozo|Dondozo, M|81/100 slp
|-damage|p2a: Dondozo|68/100 slp|[from] Stealth Rock
|move|p1a: Mienshao|Close Combat|p2a: Dondozo
|-damage|p2a: Dondozo|32/100 slp
|-unboost|p1a: Mienshao|def|1
|-unboost|p1a: Mienshao|spd|1
|-damage|p1a: Mienshao|31/100 tox|[from] item: Life Orb
|
|-damage|p1a: Mienshao|19/100 tox|[from] psn
|upkeep
|turn|58
|
|t:|1776087702
|move|p1a: Mienshao|Close Combat|p2a: Dondozo
|-damage|p2a: Dondozo|0 fnt
|-unboost|p1a: Mienshao|def|1
|-unboost|p1a: Mienshao|spd|1
|faint|p2a: Dondozo
|-damage|p1a: Mienshao|9/100 tox|[from] item: Life Orb
|
|-damage|p1a: Mienshao|0 fnt|[from] psn
|faint|p1a: Mienshao
|upkeep
|inactive|MagusNikki has 120 seconds left.
|
|t:|1776087737
|switch|p1a: Gastrodon|Gastrodon, M|82/100 tox
|switch|p2a: Gliscor|Gliscor, F|100/100 tox
|-damage|p2a: Gliscor|88/100 tox|[from] Stealth Rock
|-damage|p1a: Gastrodon|66/100 tox|[from] Spikes
|turn|59
|
|t:|1776087745
|switch|p2a: Blissey|Blissey, F|100/100
|-damage|p2a: Blissey|88/100|[from] Stealth Rock
|move|p1a: Gastrodon|Chilling Water|p2a: Blissey
|-damage|p2a: Blissey|83/100
|-unboost|p2a: Blissey|atk|1
|
|-heal|p2a: Blissey|89/100|[from] item: Leftovers
|-heal|p1a: Gastrodon|72/100 tox|[from] item: Leftovers
|-damage|p1a: Gastrodon|66/100 tox|[from] psn
|upkeep
|turn|60
|
|t:|1776087753
|switch|p1a: Chansey|Chansey, F, tera:Ghost|88/100
|-damage|p1a: Chansey|71/100|[from] Spikes
|move|p2a: Blissey|Stealth Rock|p1a: Chansey
|-sidestart|p1: pintopancho|move: Stealth Rock
|
|-heal|p2a: Blissey|95/100|[from] item: Leftovers
|upkeep
|turn|61
|
|t:|1776087760
|switch|p2a: Gliscor|Gliscor, F|88/100 tox
|-damage|p2a: Gliscor|75/100 tox|[from] Stealth Rock
|move|p1a: Chansey|Thunder Wave|p2a: Gliscor
|-immune|p2a: Gliscor
|
|-heal|p2a: Gliscor|88/100 tox|[from] ability: Poison Heal
|upkeep
|turn|62
|
|t:|1776087766
|switch|p1a: Mandibuzz|Mandibuzz, F|64/100 tox
|-damage|p1a: Mandibuzz|39/100 tox|[from] Stealth Rock
|move|p2a: Gliscor|Knock Off|p1a: Mandibuzz
|-resisted|p1a: Mandibuzz
|-crit|p1a: Mandibuzz
|-damage|p1a: Mandibuzz|29/100 tox
|-damage|p2a: Gliscor|72/100 tox|[from] item: Rocky Helmet|[of] p1a: Mandibuzz
|-enditem|p1a: Mandibuzz|Rocky Helmet|[from] move: Knock Off|[of] p2a: Gliscor
|
|-heal|p2a: Gliscor|84/100 tox|[from] ability: Poison Heal
|-damage|p1a: Mandibuzz|23/100 tox|[from] psn
|upkeep
|turn|63
|
|t:|1776087774
|move|p2a: Gliscor|Knock Off|p1a: Mandibuzz
|-resisted|p1a: Mandibuzz
|-damage|p1a: Mandibuzz|18/100 tox
|move|p1a: Mandibuzz|Defog|p2a: Gliscor
|-unboost|p2a: Gliscor|evasion|1
|-sideend|p2: MagusNikki|Stealth Rock|[from] move: Defog|[of] p1a: Mandibuzz
|-sideend|p1: pintopancho|Spikes|[from] move: Defog|[of] p1a: Mandibuzz
|-sideend|p1: pintopancho|Stealth Rock|[from] move: Defog|[of] p1a: Mandibuzz
|
|-heal|p2a: Gliscor|97/100 tox|[from] ability: Poison Heal
|-damage|p1a: Mandibuzz|6/100 tox|[from] psn
|upkeep
|turn|64
|
|t:|1776087782
|move|p2a: Gliscor|Knock Off|p1a: Mandibuzz
|-resisted|p1a: Mandibuzz
|-damage|p1a: Mandibuzz|1/100 tox
|move|p1a: Mandibuzz|Roost|p1a: Mandibuzz
|-heal|p1a: Mandibuzz|51/100 tox
|-singleturn|p1a: Mandibuzz|move: Roost
|
|-heal|p2a: Gliscor|100/100 tox|[from] ability: Poison Heal
|-damage|p1a: Mandibuzz|33/100 tox|[from] psn
|upkeep
|turn|65
|
|t:|1776087790
|switch|p1a: Gastrodon|Gastrodon, M|66/100 tox
|move|p2a: Gliscor|Spikes|p1a: Gastrodon
|-sidestart|p1: pintopancho|Spikes
|
|-heal|p1a: Gastrodon|72/100 tox|[from] item: Leftovers
|-damage|p1a: Gastrodon|66/100 tox|[from] psn
|upkeep
|turn|66
|
|t:|1776087794
|switch|p2a: Blissey|Blissey, F|95/100
|switch|p1a: Reuniclus|Reuniclus, F, shiny|100/100
|
|-heal|p2a: Blissey|100/100|[from] item: Leftovers
|upkeep
|turn|67
|
|t:|1776087800
|switch|p2a: Toxapex|Toxapex, F, tera:Steel|100/100
|switch|p1a: Gastrodon|Gastrodon, M|66/100 tox
|-damage|p1a: Gastrodon|53/100 tox|[from] Spikes
|
|-heal|p1a: Gastrodon|59/100 tox|[from] item: Leftovers
|-damage|p1a: Gastrodon|53/100 tox|[from] psn
|upkeep
|turn|68
|
|t:|1776087803
|switch|p2a: Blissey|Blissey, F|100/100
|move|p1a: Gastrodon|Chilling Water|p2a: Blissey
|-crit|p2a: Blissey
|-damage|p2a: Blissey|93/100
|-unboost|p2a: Blissey|atk|1
|
|-heal|p2a: Blissey|99/100|[from] item: Leftovers
|-heal|p1a: Gastrodon|59/100 tox|[from] item: Leftovers
|-damage|p1a: Gastrodon|47/100 tox|[from] psn
|upkeep
|turn|69
|
|t:|1776087806
|move|p2a: Blissey|Stealth Rock|p1a: Gastrodon
|-sidestart|p1: pintopancho|move: Stealth Rock
|move|p1a: Gastrodon|Recover|p1a: Gastrodon
|-heal|p1a: Gastrodon|97/100 tox
|
|-heal|p2a: Blissey|100/100|[from] item: Leftovers
|-heal|p1a: Gastrodon|100/100 tox|[from] item: Leftovers
|-damage|p1a: Gastrodon|82/100 tox|[from] psn
|upkeep
|turn|70
|
|t:|1776087821
|switch|p1a: Mandibuzz|Mandibuzz, F|33/100 tox
|-damage|p1a: Mandibuzz|8/100 tox|[from] Stealth Rock
|move|p2a: Blissey|Seismic Toss|p1a: Mandibuzz
|-damage|p1a: Mandibuzz|0 fnt
|faint|p1a: Mandibuzz
|
|upkeep
|
|t:|1776087824
|switch|p1a: Reuniclus|Reuniclus, F, shiny|100/100
|turn|71
|
|t:|1776087833
|switch|p2a: Toxapex|Toxapex, F, tera:Steel|100/100
|move|p1a: Reuniclus|Calm Mind|p1a: Reuniclus
|-boost|p1a: Reuniclus|spa|1
|-boost|p1a: Reuniclus|spd|1
|
|upkeep
|turn|72
|
|t:|1776087843
|move|p2a: Toxapex|Haze|p2a: Toxapex
|-clearallboost
|move|p1a: Reuniclus|Calm Mind|p1a: Reuniclus
|-boost|p1a: Reuniclus|spa|1
|-boost|p1a: Reuniclus|spd|1
|
|upkeep
|turn|73
|
|t:|1776087846
|move|p2a: Toxapex|Haze|p2a: Toxapex
|-clearallboost
|move|p1a: Reuniclus|Psyshock|p2a: Toxapex
|-resisted|p2a: Toxapex
|-damage|p2a: Toxapex|87/100
|
|upkeep
|turn|74
|
|t:|1776087850
|move|p2a: Toxapex|Toxic|p1a: Reuniclus
|-status|p1a: Reuniclus|tox
|move|p1a: Reuniclus|Acid Armor|p1a: Reuniclus
|-boost|p1a: Reuniclus|def|2
|
|upkeep
|turn|75
|
|t:|1776087854
|move|p2a: Toxapex|Haze|p2a: Toxapex
|-clearallboost
|move|p1a: Reuniclus|Acid Armor|p1a: Reuniclus
|-boost|p1a: Reuniclus|def|2
|
|upkeep
|turn|76
|
|t:|1776087861
|move|p2a: Toxapex|Haze|p2a: Toxapex
|-clearallboost
|move|p1a: Reuniclus|Acid Armor|p1a: Reuniclus
|-boost|p1a: Reuniclus|def|2
|
|upkeep
|turn|77
|
|t:|1776087866
|move|p2a: Toxapex|Haze|p2a: Toxapex
|-clearallboost
|move|p1a: Reuniclus|Acid Armor|p1a: Reuniclus
|-boost|p1a: Reuniclus|def|2
|
|upkeep
|turn|78
|
|t:|1776087879
|move|p2a: Toxapex|Haze|p2a: Toxapex
|-clearallboost
|move|p1a: Reuniclus|Acid Armor|p1a: Reuniclus
|-boost|p1a: Reuniclus|def|2
|
|upkeep
|turn|79
|
|t:|1776087889
|move|p2a: Toxapex|Haze|p2a: Toxapex
|-clearallboost
|move|p1a: Reuniclus|Acid Armor|p1a: Reuniclus
|-boost|p1a: Reuniclus|def|2
|
|upkeep
|turn|80
|
|t:|1776087891
|move|p2a: Toxapex|Haze|p2a: Toxapex
|-clearallboost
|move|p1a: Reuniclus|Acid Armor|p1a: Reuniclus
|-boost|p1a: Reuniclus|def|2
|
|upkeep
|turn|81
|
|t:|1776087895
|move|p2a: Toxapex|Haze|p2a: Toxapex
|-clearallboost
|move|p1a: Reuniclus|Acid Armor|p1a: Reuniclus
|-boost|p1a: Reuniclus|def|2
|
|upkeep
|turn|82
|
|t:|1776087897
|move|p2a: Toxapex|Haze|p2a: Toxapex
|-clearallboost
|move|p1a: Reuniclus|Acid Armor|p1a: Reuniclus
|-boost|p1a: Reuniclus|def|2
|
|upkeep
|turn|83
|
|t:|1776087904
|move|p2a: Toxapex|Haze|p2a: Toxapex
|-clearallboost
|move|p1a: Reuniclus|Acid Armor|p1a: Reuniclus
|-boost|p1a: Reuniclus|def|2
|
|upkeep
|turn|84
|
|t:|1776087918
|move|p2a: Toxapex|Haze|p2a: Toxapex
|-clearallboost
|move|p1a: Reuniclus|Acid Armor|p1a: Reuniclus
|-boost|p1a: Reuniclus|def|2
|
|upkeep
|turn|85
|
|t:|1776087923
|switch|p2a: Blissey|Blissey, F|100/100
|move|p1a: Reuniclus|Acid Armor|p1a: Reuniclus
|-boost|p1a: Reuniclus|def|2
|
|upkeep
|turn|86
|
|t:|1776087927
|switch|p2a: Toxapex|Toxapex, F, tera:Steel|100/100
|switch|p1a: Chansey|Chansey, F, tera:Ghost|71/100
|-damage|p1a: Chansey|59/100|[from] Spikes
|-damage|p1a: Chansey|46/100|[from] Stealth Rock
|
|upkeep
|turn|87
|
|t:|1776087933
|move|p1a: Chansey|Stealth Rock|p2a: Toxapex
|-sidestart|p2: MagusNikki|move: Stealth Rock
|move|p2a: Toxapex|Poison Jab|p1a: Chansey
|-resisted|p1a: Chansey
|-damage|p1a: Chansey|33/100
|
|upkeep
|turn|88
|
|t:|1776087941
|switch|p2a: Gliscor|Gliscor, F|100/100 tox
|-damage|p2a: Gliscor|88/100 tox|[from] Stealth Rock
|move|p1a: Chansey|Soft-Boiled|p1a: Chansey
|-heal|p1a: Chansey|83/100
|
|-heal|p2a: Gliscor|100/100 tox|[from] ability: Poison Heal
|upkeep
|turn|89
|
|t:|1776087959
|switch|p1a: Gastrodon|Gastrodon, M|82/100 tox
|-damage|p1a: Gastrodon|70/100 tox|[from] Spikes
|-damage|p1a: Gastrodon|64/100 tox|[from] Stealth Rock
|move|p2a: Gliscor|Knock Off|p1a: Gastrodon
|-crit|p1a: Gastrodon
|-damage|p1a: Gastrodon|41/100 tox
|-activate|p1a: Gastrodon|ability: Sticky Hold
|
|-heal|p1a: Gastrodon|47/100 tox|[from] item: Leftovers
|-damage|p1a: Gastrodon|41/100 tox|[from] psn
|upkeep
|turn|90
|
|t:|1776087970
|switch|p2a: Corviknight|Corviknight, F|97/100
|-damage|p2a: Corviknight|85/100|[from] Stealth Rock
|-ability|p2a: Corviknight|Pressure
|move|p1a: Gastrodon|Recover|p1a: Gastrodon
|-heal|p1a: Gastrodon|91/100 tox
|
|-heal|p2a: Corviknight|91/100|[from] item: Leftovers
|-heal|p1a: Gastrodon|97/100 tox|[from] item: Leftovers
|-damage|p1a: Gastrodon|85/100 tox|[from] psn
|upkeep
|turn|91
|
|t:|1776087976
|move|p2a: Corviknight|Body Press|p1a: Gastrodon
|-damage|p1a: Gastrodon|65/100 tox
|move|p1a: Gastrodon|Chilling Water|p2a: Corviknight
|-damage|p2a: Corviknight|75/100
|-unboost|p2a: Corviknight|atk|1
|
|-heal|p2a: Corviknight|81/100|[from] item: Leftovers
|-heal|p1a: Gastrodon|71/100 tox|[from] item: Leftovers
|-damage|p1a: Gastrodon|53/100 tox|[from] psn
|upkeep
|turn|92
|
|t:|1776087980
|move|p2a: Corviknight|Iron Defense|p2a: Corviknight
|-boost|p2a: Corviknight|def|2
|move|p1a: Gastrodon|Recover|p1a: Gastrodon
|-heal|p1a: Gastrodon|100/100 tox
|
|-heal|p2a: Corviknight|88/100|[from] item: Leftovers
|-damage|p1a: Gastrodon|76/100 tox|[from] psn
|upkeep
|turn|93
|
|t:|1776087981
|switch|p1a: Chansey|Chansey, F, tera:Ghost|83/100
|-damage|p1a: Chansey|71/100|[from] Spikes
|-damage|p1a: Chansey|58/100|[from] Stealth Rock
|move|p2a: Corviknight|Iron Defense|p2a: Corviknight
|-boost|p2a: Corviknight|def|2
|
|-heal|p2a: Corviknight|94/100|[from] item: Leftovers
|upkeep
|turn|94
|
|t:|1776087984
|switch|p2a: Gliscor|Gliscor, F|100/100 tox
|-damage|p2a: Gliscor|88/100 tox|[from] Stealth Rock
|move|p1a: Chansey|Soft-Boiled|p1a: Chansey
|-heal|p1a: Chansey|100/100
|
|-heal|p2a: Gliscor|100/100 tox|[from] ability: Poison Heal
|upkeep
|turn|95
|
|t:|1776087990
|switch|p1a: Gastrodon|Gastrodon, M|76/100 tox
|-damage|p1a: Gastrodon|64/100 tox|[from] Spikes
|-damage|p1a: Gastrodon|58/100 tox|[from] Stealth Rock
|move|p2a: Gliscor|Spikes|p1a: Gastrodon
|-sidestart|p1: pintopancho|Spikes
|
|-heal|p1a: Gastrodon|64/100 tox|[from] item: Leftovers
|-damage|p1a: Gastrodon|58/100 tox|[from] psn
|upkeep
|turn|96
|
|t:|1776087995
|switch|p2a: Corviknight|Corviknight, F|94/100
|-damage|p2a: Corviknight|81/100|[from] Stealth Rock
|-ability|p2a: Corviknight|Pressure
|move|p1a: Gastrodon|Recover|p1a: Gastrodon
|-heal|p1a: Gastrodon|100/100 tox
|
|-heal|p2a: Corviknight|88/100|[from] item: Leftovers
|-damage|p1a: Gastrodon|88/100 tox|[from] psn
|upkeep
|turn|97
|
|t:|1776087999
|switch|p1a: Chansey|Chansey, F, tera:Ghost|100/100
|-damage|p1a: Chansey|84/100|[from] Spikes
|-damage|p1a: Chansey|71/100|[from] Stealth Rock
|move|p2a: Corviknight|Iron Defense|p2a: Corviknight
|-boost|p2a: Corviknight|def|2
|
|-heal|p2a: Corviknight|94/100|[from] item: Leftovers
|upkeep
|turn|98
|
|t:|1776088001
|switch|p2a: Gliscor|Gliscor, F|100/100 tox
|-damage|p2a: Gliscor|88/100 tox|[from] Stealth Rock
|move|p1a: Chansey|Thunder Wave|p2a: Gliscor
|-immune|p2a: Gliscor
|
|-heal|p2a: Gliscor|100/100 tox|[from] ability: Poison Heal
|upkeep
|turn|99
|
|t:|1776088003
|move|p2a: Gliscor|Spikes|p1a: Chansey
|-sidestart|p1: pintopancho|Spikes
|move|p1a: Chansey|Seismic Toss|p2a: Gliscor
|-damage|p2a: Gliscor|72/100 tox
|
|-heal|p2a: Gliscor|85/100 tox|[from] ability: Poison Heal
|upkeep
|turn|100
|
|t:|1776088008
|move|p2a: Gliscor|Earthquake|p1a: Chansey
|-damage|p1a: Chansey|21/100
|move|p1a: Chansey|Soft-Boiled|p1a: Chansey
|-heal|p1a: Chansey|71/100
|
|-heal|p2a: Gliscor|97/100 tox|[from] ability: Poison Heal
|upkeep
|turn|101
|
|t:|1776088013
|switch|p1a: Reuniclus|Reuniclus, F, shiny|100/100 tox
|move|p2a: Gliscor|Earthquake|p1a: Reuniclus
|-damage|p1a: Reuniclus|79/100 tox
|
|-heal|p1a: Reuniclus|85/100 tox|[from] item: Leftovers
|-heal|p2a: Gliscor|100/100 tox|[from] ability: Poison Heal
|upkeep
|turn|102
|
|t:|1776088023
|switch|p1a: Gastrodon|Gastrodon, M|88/100 tox
|-damage|p1a: Gastrodon|63/100 tox|[from] Spikes
|-damage|p1a: Gastrodon|57/100 tox|[from] Stealth Rock
|move|p2a: Gliscor|Knock Off|p1a: Gastrodon
|-damage|p1a: Gastrodon|40/100 tox
|-activate|p1a: Gastrodon|ability: Sticky Hold
|
|-heal|p1a: Gastrodon|47/100 tox|[from] item: Leftovers
|-damage|p1a: Gastrodon|40/100 tox|[from] psn
|upkeep
|turn|103
|
|t:|1776088030
|switch|p2a: Corviknight|Corviknight, F|94/100
|-damage|p2a: Corviknight|81/100|[from] Stealth Rock
|-ability|p2a: Corviknight|Pressure
|move|p1a: Gastrodon|Recover|p1a: Gastrodon
|-heal|p1a: Gastrodon|90/100 tox
|
|-heal|p2a: Corviknight|88/100|[from] item: Leftovers
|-heal|p1a: Gastrodon|97/100 tox|[from] item: Leftovers
|-damage|p1a: Gastrodon|84/100 tox|[from] psn
|upkeep
|turn|104
|
|t:|1776088037
|move|p2a: Corviknight|Iron Defense|p2a: Corviknight
|-boost|p2a: Corviknight|def|2
|move|p1a: Gastrodon|Chilling Water|p2a: Corviknight
|-damage|p2a: Corviknight|71/100
|-unboost|p2a: Corviknight|atk|1
|
|-heal|p2a: Corviknight|77/100|[from] item: Leftovers
|-heal|p1a: Gastrodon|90/100 tox|[from] item: Leftovers
|-damage|p1a: Gastrodon|72/100 tox|[from] psn
|upkeep
|turn|105
|
|t:|1776088039
|move|p2a: Corviknight|Body Press|p1a: Gastrodon
|-damage|p1a: Gastrodon|34/100 tox
|move|p1a: Gastrodon|Chilling Water|p2a: Corviknight
|-damage|p2a: Corviknight|62/100
|-unboost|p2a: Corviknight|atk|1
|
|-heal|p2a: Corviknight|68/100|[from] item: Leftovers
|-heal|p1a: Gastrodon|40/100 tox|[from] item: Leftovers
|-damage|p1a: Gastrodon|16/100 tox|[from] psn
|upkeep
|turn|106
|
|t:|1776088044
|move|p2a: Corviknight|Body Press|p1a: Gastrodon
|-damage|p1a: Gastrodon|0 fnt
|faint|p1a: Gastrodon
|
|-heal|p2a: Corviknight|74/100|[from] item: Leftovers
|upkeep
|
|t:|1776088048
|switch|p1a: Chansey|Chansey, F, tera:Ghost|71/100
|-damage|p1a: Chansey|46/100|[from] Spikes
|-damage|p1a: Chansey|34/100|[from] Stealth Rock
|turn|107
|
|t:|1776088051
|switch|p2a: Gliscor|Gliscor, F|100/100 tox
|-damage|p2a: Gliscor|88/100 tox|[from] Stealth Rock
|move|p1a: Chansey|Soft-Boiled|p1a: Chansey
|-heal|p1a: Chansey|84/100
|
|-heal|p2a: Gliscor|100/100 tox|[from] ability: Poison Heal
|upkeep
|turn|108
|
|t:|1776088053
|move|p2a: Gliscor|Knock Off|p1a: Chansey
|-supereffective|p1a: Chansey
|-damage|p1a: Chansey|8/100
|-enditem|p1a: Chansey|Eviolite|[from] move: Knock Off|[of] p2a: Gliscor
|move|p1a: Chansey|Seismic Toss|p2a: Gliscor
|-damage|p2a: Gliscor|72/100 tox
|
|-heal|p2a: Gliscor|85/100 tox|[from] ability: Poison Heal
|upkeep
|turn|109
|
|t:|1776088056
|move|p2a: Gliscor|Earthquake|p1a: Chansey
|-damage|p1a: Chansey|0 fnt
|faint|p1a: Chansey
|
|-heal|p2a: Gliscor|97/100 tox|[from] ability: Poison Heal
|upkeep
|
|t:|1776088058
|switch|p1a: Reuniclus|Reuniclus, F, shiny|85/100 tox
|turn|110
|
|t:|1776088061
|move|p2a: Gliscor|Knock Off|p1a: Reuniclus
|-supereffective|p1a: Reuniclus
|-damage|p1a: Reuniclus|53/100 tox
|-enditem|p1a: Reuniclus|Leftovers|[from] move: Knock Off|[of] p2a: Gliscor
|move|p1a: Reuniclus|Calm Mind|p1a: Reuniclus
|-boost|p1a: Reuniclus|spa|1
|-boost|p1a: Reuniclus|spd|1
|
|-heal|p2a: Gliscor|100/100 tox|[from] ability: Poison Heal
|upkeep
|turn|111
|
|t:|1776088066
|switch|p2a: Toxapex|Toxapex, F, tera:Steel|100/100
|-damage|p2a: Toxapex|94/100|[from] Stealth Rock
|move|p1a: Reuniclus|Calm Mind|p1a: Reuniclus
|-boost|p1a: Reuniclus|spa|1
|-boost|p1a: Reuniclus|spd|1
|
|upkeep
|turn|112
|
|t:|1776088068
|move|p2a: Toxapex|Haze|p2a: Toxapex
|-clearallboost
|move|p1a: Reuniclus|Psyshock|p2a: Toxapex
|-resisted|p2a: Toxapex
|-damage|p2a: Toxapex|81/100
|
|upkeep
|turn|113
|
|t:|1776088074
|move|p2a: Toxapex|Poison Jab|p1a: Reuniclus
|-damage|p1a: Reuniclus|40/100 tox
|move|p1a: Reuniclus|Recover|p1a: Reuniclus
|-heal|p1a: Reuniclus|91/100 tox
|
|upkeep
|turn|114
|
|t:|1776088079
|move|p2a: Toxapex|Poison Jab|p1a: Reuniclus
|-damage|p1a: Reuniclus|80/100 tox
|move|p1a: Reuniclus|Acid Armor|p1a: Reuniclus
|-boost|p1a: Reuniclus|def|2
|
|upkeep
|turn|115
|
|t:|1776088082
|move|p2a: Toxapex|Poison Jab|p1a: Reuniclus
|-damage|p1a: Reuniclus|74/100 tox
|move|p1a: Reuniclus|Acid Armor|p1a: Reuniclus
|-boost|p1a: Reuniclus|def|2
|
|upkeep
|turn|116
|-message|pintopancho forfeited.
|
|win|MagusNikki
|raw|pintopancho's rating: 1314 &rarr; <strong>1293</strong><br />(-21 for losing)
|raw|MagusNikki's rating: 1303 &rarr; <strong>1324</strong><br />(+21 for winning)
|l|☆pintopancho
|player|p1|
|l|☆MagusNikki
|player|p2|
