|html|<div class="broadcast-blue"><strong>[Gen 9] OU is currently suspecting Tera Blast! For information on how to participate check out the <a href="https://www.smogon.com/tools/suspects/view/200">suspect thread</a>.</strong></div>
|j|☆100XO
|j|☆fat chud seal
|t:|1776032752
|gametype|singles
|player|p1|100XO|giovanni|1113
|player|p2|fat chud seal|1|1126
|gen|9
|tier|[Gen 9] OU
|rated|
|rule|HP Percentage Mod: HP is shown in percentages
|rule|Endless Battle Clause: Forcing endless battles is banned
|rule|Species Clause: Limit one of each Pokémon
|rule|OHKO Clause: OHKO moves are banned
|rule|Evasion Items Clause: Evasion items are banned
|rule|Evasion Moves Clause: Evasion moves are banned
|rule|Evasion Abilities Clause: Evasion abilities are banned
|rule|Sleep Moves Clause: Sleep-inducing moves are banned
|clearpoke
|poke|p1|Maushold-Four|
|poke|p1|Zoroark-Hisui, F|
|poke|p1|Scizor, M|
|poke|p1|Corviknight, M|
|poke|p1|Ting-Lu|
|poke|p1|Garganacl, F|
|poke|p2|Reuniclus, F|
|poke|p2|Corviknight, M|
|poke|p2|Ceruledge, F|
|poke|p2|Zarude|
|poke|p2|Iron Valiant|
|poke|p2|Barraskewda, M|
|teampreview
|
|t:|1776032787
|teamsize|p1|6
|teamsize|p2|6
|start
|switch|p1a: Maushold|Maushold-Four|100/100
|switch|p2a: Doohickey|Barraskewda, M|100/100
|turn|1
|inactive|Battle timer is ON: inactive players will automatically lose when time's up. (requested by fat chud seal)
|
|t:|1776032809
|switch|p1a: Corviknight|Corviknight, M|100/100
|-ability|p1a: Corviknight|Pressure
|move|p2a: Doohickey|Flip Turn|p1a: Corviknight
|-damage|p1a: Corviknight|72/100
|-damage|p2a: Doohickey|84/100|[from] item: Rocky Helmet|[of] p1a: Corviknight
|
|t:|1776032819
|switch|p2a: thingamejig|Ceruledge, F|100/100|[from] Flip Turn
|
|upkeep
|turn|2
|
|t:|1776032836
|switch|p1a: Garganacl|Garganacl, F|100/100
|move|p2a: thingamejig|Bitter Blade|p1a: Garganacl
|-resisted|p1a: Garganacl
|-damage|p1a: Garganacl|84/100
|
|-heal|p1a: Garganacl|90/100|[from] item: Leftovers
|upkeep
|turn|3
|
|t:|1776032846
|move|p2a: thingamejig|Close Combat|p1a: Garganacl
|-supereffective|p1a: Garganacl
|-damage|p1a: Garganacl|33/100
|-unboost|p2a: thingamejig|def|1
|-unboost|p2a: thingamejig|spd|1
|move|p1a: Garganacl|Iron Defense|p1a: Garganacl
|-boost|p1a: Garganacl|def|2
|
|-heal|p1a: Garganacl|39/100|[from] item: Leftovers
|upkeep
|turn|4
|
|t:|1776032856
|move|p2a: thingamejig|Close Combat|p1a: Garganacl
|-supereffective|p1a: Garganacl
|-damage|p1a: Garganacl|6/100
|-unboost|p2a: thingamejig|def|1
|-unboost|p2a: thingamejig|spd|1
|move|p1a: Garganacl|Recover|p1a: Garganacl
|-heal|p1a: Garganacl|56/100
|
|-heal|p1a: Garganacl|63/100|[from] item: Leftovers
|upkeep
|turn|5
|
|t:|1776032866
|switch|p2a: Thingamebob|Reuniclus, F|100/100
|move|p1a: Garganacl|Salt Cure|p2a: Thingamebob
|-damage|p2a: Thingamebob|85/100
|-start|p2a: Thingamebob|Salt Cure
|
|-heal|p1a: Garganacl|69/100|[from] item: Leftovers
|upkeep
|turn|6
|
|t:|1776032881
|move|p1a: Garganacl|Iron Defense|p1a: Garganacl
|-boost|p1a: Garganacl|def|2
|move|p2a: Thingamebob|Trick|p1a: Garganacl
|-activate|p2a: Thingamebob|move: Trick|[of] p1a: Garganacl
|-item|p1a: Garganacl|Sticky Barb|[from] move: Trick
|-item|p2a: Thingamebob|Leftovers|[from] move: Trick
|
|-heal|p2a: Thingamebob|92/100|[from] item: Leftovers
|-damage|p1a: Garganacl|56/100|[from] item: Sticky Barb
|upkeep
|turn|7
|
|t:|1776032898
|move|p1a: Garganacl|Recover|p1a: Garganacl
|-heal|p1a: Garganacl|100/100
|move|p2a: Thingamebob|Thunder Wave|p1a: Garganacl
|-immune|p1a: Garganacl|[from] ability: Purifying Salt
|
|-heal|p2a: Thingamebob|98/100|[from] item: Leftovers
|-damage|p1a: Garganacl|88/100|[from] item: Sticky Barb
|upkeep
|turn|8
|
|t:|1776032917
|move|p1a: Garganacl|Body Press|p2a: Thingamebob
|-resisted|p2a: Thingamebob
|-damage|p2a: Thingamebob|63/100
|move|p2a: Thingamebob|Psychic Noise|p1a: Garganacl
|-damage|p1a: Garganacl|67/100
|-start|p1a: Garganacl|move: Heal Block
|
|-heal|p2a: Thingamebob|69/100|[from] item: Leftovers
|-damage|p1a: Garganacl|54/100|[from] item: Sticky Barb
|upkeep
|turn|9
|
|t:|1776032935
|move|p1a: Garganacl|Body Press|p2a: Thingamebob
|-resisted|p2a: Thingamebob
|-damage|p2a: Thingamebob|34/100
|move|p2a: Thingamebob|Psychic Noise|p1a: Garganacl
|-damage|p1a: Garganacl|30/100
|
|-heal|p2a: Thingamebob|40/100|[from] item: Leftovers
|-end|p1a: Garganacl|move: Heal Block
|-damage|p1a: Garganacl|17/100|[from] item: Sticky Barb
|upkeep
|turn|10
|
|t:|1776032945
|move|p1a: Garganacl|Recover|p1a: Garganacl
|-heal|p1a: Garganacl|67/100
|move|p2a: Thingamebob|Recover|p2a: Thingamebob
|-heal|p2a: Thingamebob|90/100
|
|-heal|p2a: Thingamebob|96/100|[from] item: Leftovers
|-damage|p1a: Garganacl|55/100|[from] item: Sticky Barb
|upkeep
|turn|11
|
|t:|1776032954
|move|p1a: Garganacl|Recover|p1a: Garganacl
|-heal|p1a: Garganacl|100/100
|move|p2a: Thingamebob|Psychic Noise|p1a: Garganacl
|-damage|p1a: Garganacl|77/100
|-start|p1a: Garganacl|move: Heal Block
|
|-heal|p2a: Thingamebob|100/100|[from] item: Leftovers
|-damage|p1a: Garganacl|64/100|[from] item: Sticky Barb
|upkeep
|turn|12
|inactive|100XO has 120 seconds left.
|
|t:|1776032975
|switch|p1a: Scizor|Scizor, M|100/100
|move|p2a: Thingamebob|Psychic Noise|p1a: Scizor
|-resisted|p1a: Scizor
|-damage|p1a: Scizor|80/100
|-start|p1a: Scizor|move: Heal Block
|
|upkeep
|turn|13
|
|t:|1776032984
|move|p1a: Scizor|U-turn|p2a: Thingamebob
|-supereffective|p2a: Thingamebob
|-crit|p2a: Thingamebob
|-damage|p2a: Thingamebob|0 fnt
|faint|p2a: Thingamebob
|
|t:|1776032991
|switch|p1a: Scizor|Scizor, M|100/100|[from] U-turn
|
|upkeep
|
|t:|1776032997
|switch|p2a: whatchamacallit|Zarude|100/100
|turn|14
|
|t:|1776033006
|move|p1a: Scizor|Focus Blast|p2a: whatchamacallit|[miss]
|-miss|p1a: Scizor|p2a: whatchamacallit
|move|p2a: whatchamacallit|Knock Off|p1a: Scizor
|-supereffective|p1a: Scizor
|-damage|p1a: Scizor|0 fnt
|replace|p1a: Zoroark|Zoroark-Hisui, F
|-end|p1a: Zoroark|Illusion
|-enditem|p1a: Zoroark|Choice Specs|[from] move: Knock Off|[of] p2a: whatchamacallit
|faint|p1a: Zoroark
|
|upkeep
|
|t:|1776033022
|switch|p1a: Maushold|Maushold-Four|100/100
|turn|15
|
|t:|1776033037
|move|p1a: Maushold|Population Bomb|p2a: whatchamacallit
|-damage|p2a: whatchamacallit|93/100
|-damage|p1a: Maushold|84/100|[from] item: Rocky Helmet|[of] p2a: whatchamacallit
|-damage|p2a: whatchamacallit|84/100
|-damage|p1a: Maushold|67/100|[from] item: Rocky Helmet|[of] p2a: whatchamacallit
|-damage|p2a: whatchamacallit|76/100
|-damage|p1a: Maushold|51/100|[from] item: Rocky Helmet|[of] p2a: whatchamacallit
|-crit|p2a: whatchamacallit
|-damage|p2a: whatchamacallit|64/100
|-damage|p1a: Maushold|34/100|[from] item: Rocky Helmet|[of] p2a: whatchamacallit
|-crit|p2a: whatchamacallit
|-damage|p2a: whatchamacallit|50/100
|-damage|p1a: Maushold|17/100|[from] item: Rocky Helmet|[of] p2a: whatchamacallit
|-damage|p2a: whatchamacallit|40/100
|-damage|p1a: Maushold|1/100|[from] item: Rocky Helmet|[of] p2a: whatchamacallit
|-damage|p2a: whatchamacallit|32/100
|-damage|p1a: Maushold|0 fnt|[from] item: Rocky Helmet|[of] p2a: whatchamacallit
|faint|p1a: Maushold
|-hitcount|p2a: whatchamacallit|7
|move|p2a: whatchamacallit|U-turn|p1: Maushold|[notarget]
|-fail|p2a: whatchamacallit
|
|upkeep
|-message|100XO forfeited.
|
|win|fat chud seal
|raw|100XO's rating: 1113 &rarr; <strong>1089</strong><br />(-24 for losing)
|raw|fat chud seal's rating: 1126 &rarr; <strong>1150</strong><br />(+24 for winning)
|l|☆100XO
|player|p1|
