|html|<div class="broadcast-blue"><strong>[Gen 9] OU is currently suspecting Tera Blast! For information on how to participate check out the <a href="https://www.smogon.com/tools/suspects/view/200">suspect thread</a>.</strong></div>
|j|☆carcol
|j|☆5avior7432
|t:|1776110205
|gametype|singles
|player|p1|carcol|lady|1231
|player|p2|5avior7432|101|1189
|gen|9
|tier|[Gen 9] OU
|rated|
|rule|HP Percentage Mod: HP is shown in percentages
|rule|Endless Battle Clause: Forcing endless battles is banned
|rule|Species Clause: Limit one of each Pokémon
|rule|OHKO Clause: OHKO moves are banned
|rule|Evasion Items Clause: Evasion items are banned
|rule|Evasion Moves Clause: Evasion moves are banned
|rule|Evasion Abilities Clause: Evasion abilities are banned
|rule|Sleep Moves Clause: Sleep-inducing moves are banned
|clearpoke
|poke|p1|Chesnaught, F|
|poke|p1|Oricorio-Pom-Pom, F|
|poke|p1|Mienshao, M|
|poke|p1|Alomomola, M|
|poke|p1|Glimmora, F|
|poke|p1|Porygon-Z|
|poke|p2|Zarude|
|poke|p2|Iron Treads|
|poke|p2|Volcanion|
|poke|p2|Mesprit|
|poke|p2|Tornadus-Therian, M|
|poke|p2|Iron Hands|
|teampreview
|
|t:|1776110233
|teamsize|p1|6
|teamsize|p2|6
|start
|switch|p1a: Glimmora|Glimmora, F|100/100
|switch|p2a: Mesprit|Mesprit|100/100
|turn|1
|
|t:|1776110241
|move|p1a: Glimmora|Stealth Rock|p2a: Mesprit
|-sidestart|p2: 5avior7432|move: Stealth Rock
|move|p2a: Mesprit|Psychic Noise|p1a: Glimmora
|-supereffective|p1a: Glimmora
|-damage|p1a: Glimmora|34/100
|-start|p1a: Glimmora|move: Heal Block
|
|upkeep
|turn|2
|
|t:|1776110249
|move|p1a: Glimmora|Mortal Spin|p2a: Mesprit
|-damage|p2a: Mesprit|95/100
|-status|p2a: Mesprit|psn
|move|p2a: Mesprit|Psychic Noise|p1a: Glimmora
|-supereffective|p1a: Glimmora
|-damage|p1a: Glimmora|0 fnt
|faint|p1a: Glimmora
|
|-heal|p2a: Mesprit|100/100 psn|[from] item: Leftovers
|-damage|p2a: Mesprit|88/100 psn|[from] psn
|upkeep
|
|t:|1776110255
|switch|p1a: Oricorio|Oricorio-Pom-Pom, F|100/100
|turn|3
|
|t:|1776110275
|move|p1a: Oricorio|Quiver Dance|p1a: Oricorio
|-boost|p1a: Oricorio|spa|1
|-boost|p1a: Oricorio|spd|1
|-boost|p1a: Oricorio|spe|1
|move|p2a: Mesprit|U-turn|p1a: Oricorio
|-resisted|p1a: Oricorio
|-damage|p1a: Oricorio|89/100
|-enditem|p1a: Oricorio|Kee Berry|[eat]
|-boost|p1a: Oricorio|def|1|[from] item: Kee Berry
|
|t:|1776110287
|switch|p2a: Iron Hands|Iron Hands|100/100|[from] U-turn
|-damage|p2a: Iron Hands|94/100|[from] Stealth Rock
|-enditem|p2a: Iron Hands|Booster Energy
|-activate|p2a: Iron Hands|ability: Quark Drive|[fromitem]
|-start|p2a: Iron Hands|quarkdriveatk
|
|upkeep
|turn|4
|
|t:|1776110301
|move|p1a: Oricorio|Quiver Dance|p1a: Oricorio
|-boost|p1a: Oricorio|spa|1
|-boost|p1a: Oricorio|spd|1
|-boost|p1a: Oricorio|spe|1
|move|p2a: Iron Hands|Ice Punch|p1a: Oricorio
|-supereffective|p1a: Oricorio
|-damage|p1a: Oricorio|26/100
|
|upkeep
|turn|5
|
|t:|1776110306
|move|p1a: Oricorio|Roost|p1a: Oricorio
|-heal|p1a: Oricorio|76/100
|-singleturn|p1a: Oricorio|move: Roost
|move|p2a: Iron Hands|Ice Punch|p1a: Oricorio
|-damage|p1a: Oricorio|39/100
|
|upkeep
|turn|6
|
|t:|1776110309
|move|p1a: Oricorio|Roost|p1a: Oricorio
|-heal|p1a: Oricorio|89/100
|-singleturn|p1a: Oricorio|move: Roost
|move|p2a: Iron Hands|Ice Punch|p1a: Oricorio
|-damage|p1a: Oricorio|56/100
|
|upkeep
|turn|7
|
|t:|1776110314
|move|p1a: Oricorio|Roost|p1a: Oricorio
|-heal|p1a: Oricorio|100/100
|-singleturn|p1a: Oricorio|move: Roost
|move|p2a: Iron Hands|Ice Punch|p1a: Oricorio
|-damage|p1a: Oricorio|67/100
|
|upkeep
|turn|8
|
|t:|1776110319
|-terastallize|p1a: Oricorio|Ground
|move|p1a: Oricorio|Revelation Dance|p2a: Iron Hands
|-supereffective|p2a: Iron Hands
|-damage|p2a: Iron Hands|0 fnt
|faint|p2a: Iron Hands
|-end|p2a: Iron Hands|Quark Drive|[silent]
|
|upkeep
|
|t:|1776110337
|switch|p2a: Tornadus|Tornadus-Therian, M|100/100
|turn|9
|
|t:|1776110341
|move|p1a: Oricorio|Air Slash|p2a: Tornadus
|-damage|p2a: Tornadus|38/100
|move|p2a: Tornadus|Taunt|p1a: Oricorio
|-start|p1a: Oricorio|move: Taunt
|
|upkeep
|turn|10
|
|t:|1776110348
|move|p1a: Oricorio|Air Slash|p2a: Tornadus
|-damage|p2a: Tornadus|0 fnt
|faint|p2a: Tornadus
|
|upkeep
|
|t:|1776110370
|switch|p2a: Zarude|Zarude|100/100
|-damage|p2a: Zarude|88/100|[from] Stealth Rock
|turn|11
|
|t:|1776110374
|-terastallize|p2a: Zarude|Poison
|move|p1a: Oricorio|Air Slash|p2a: Zarude
|-damage|p2a: Zarude|27/100
|cant|p2a: Zarude|flinch
|
|-heal|p2a: Zarude|33/100|[from] item: Leftovers
|upkeep
|turn|12
|
|t:|1776110381
|move|p1a: Oricorio|Revelation Dance|p2a: Zarude
|-supereffective|p2a: Zarude
|-damage|p2a: Zarude|0 fnt
|faint|p2a: Zarude
|
|-end|p1a: Oricorio|move: Taunt
|upkeep
|
|t:|1776110397
|switch|p2a: Volcanion|Volcanion|100/100
|-damage|p2a: Volcanion|76/100|[from] Stealth Rock
|turn|13
|
|t:|1776110401
|move|p1a: Oricorio|Revelation Dance|p2a: Volcanion
|-supereffective|p2a: Volcanion
|-damage|p2a: Volcanion|0 fnt
|faint|p2a: Volcanion
|
|upkeep
|
|t:|1776110404
|switch|p2a: Iron Treads|Iron Treads|100/100
|-damage|p2a: Iron Treads|97/100|[from] Stealth Rock
|turn|14
|
|t:|1776110410
|move|p1a: Oricorio|Revelation Dance|p2a: Iron Treads
|-supereffective|p2a: Iron Treads
|-damage|p2a: Iron Treads|0 fnt
|faint|p2a: Iron Treads
|-end|p2a: Iron Treads|Quark Drive|[silent]
|
|upkeep
|
|t:|1776110413
|switch|p2a: Mesprit|Mesprit|88/100 psn
|-damage|p2a: Mesprit|76/100 psn|[from] Stealth Rock
|turn|15
|
|t:|1776110418
|move|p1a: Oricorio|Air Slash|p2a: Mesprit|[miss]
|-miss|p1a: Oricorio|p2a: Mesprit
|move|p2a: Mesprit|Psychic Noise|p1a: Oricorio
|-damage|p1a: Oricorio|48/100
|-start|p1a: Oricorio|move: Heal Block
|
|-heal|p2a: Mesprit|82/100 psn|[from] item: Leftovers
|-damage|p2a: Mesprit|69/100 psn|[from] psn
|upkeep
|turn|16
|
|t:|1776110424
|move|p1a: Oricorio|Quiver Dance|p1a: Oricorio
|-boost|p1a: Oricorio|spa|1
|-boost|p1a: Oricorio|spd|1
|-boost|p1a: Oricorio|spe|1
|move|p2a: Mesprit|Psychic Noise|p1a: Oricorio
|-crit|p1a: Oricorio
|-damage|p1a: Oricorio|0 fnt
|faint|p1a: Oricorio
|
|-heal|p2a: Mesprit|75/100 psn|[from] item: Leftovers
|-damage|p2a: Mesprit|63/100 psn|[from] psn
|upkeep
|
|t:|1776110429
|switch|p1a: Porygon-Z|Porygon-Z|100/100
|-ability|p1a: Porygon-Z|Download|boost
|-boost|p1a: Porygon-Z|atk|1
|turn|17
|
|t:|1776110434
|move|p1a: Porygon-Z|Dark Pulse|p2a: Mesprit
|-supereffective|p2a: Mesprit
|-damage|p2a: Mesprit|26/100 psn
|move|p2a: Mesprit|Psychic Noise|p1a: Porygon-Z
|-damage|p1a: Porygon-Z|64/100
|-start|p1a: Porygon-Z|move: Heal Block
|
|-heal|p2a: Mesprit|32/100 psn|[from] item: Leftovers
|-damage|p2a: Mesprit|19/100 psn|[from] psn
|upkeep
|turn|18
|
|t:|1776110441
|move|p1a: Porygon-Z|Dark Pulse|p2a: Mesprit
|-supereffective|p2a: Mesprit
|-damage|p2a: Mesprit|0 fnt
|faint|p2a: Mesprit
|
|win|carcol
|raw|carcol's rating: 1231 &rarr; <strong>1253</strong><br />(+22 for winning)
|raw|5avior7432's rating: 1189 &rarr; <strong>1167</strong><br />(-22 for losing)
