|html|<div class="broadcast-blue"><strong>[Gen 9] OU is currently suspecting Volcarona! For information on how to participate check out the <a href="https://www.smogon.com/tools/suspects/view/208">suspect thread</a>.</strong></div>
|j|☆Sun Addict
|j|☆ch1ck3n nu99ets
|t:|1778510316
|gametype|singles
|player|p1|Sun Addict|youngcouple-gen4dp|1565
|player|p2|ch1ck3n nu99ets|1|1674
|gen|9
|tier|[Gen 9] OU
|rated|
|rule|HP Percentage Mod: HP is shown in percentages
|rule|Endless Battle Clause: Forcing endless battles is banned
|rule|Species Clause: Limit one of each Pokémon
|rule|OHKO Clause: OHKO moves are banned
|rule|Evasion Items Clause: Evasion items are banned
|rule|Evasion Moves Clause: Evasion moves are banned
|rule|Evasion Abilities Clause: Evasion abilities are banned
|rule|Sleep Moves Clause: Sleep-inducing moves are banned
|clearpoke
|poke|p1|Leafeon, F|
|poke|p1|Ninetales, F|
|poke|p1|Walking Wake|
|poke|p1|Hatterene, F|
|poke|p1|Great Tusk|
|poke|p1|Slither Wing|
|poke|p2|Samurott-Hisui, M|
|poke|p2|Dragapult, M|
|poke|p2|Garganacl, M|
|poke|p2|Iron Treads|
|poke|p2|Zapdos|
|poke|p2|Enamorus, F|
|teampreview
|inactive|Battle timer is ON: inactive players will automatically lose when time's up. (requested by ch1ck3n nu99ets)
|
|t:|1778510338
|teamsize|p1|6
|teamsize|p2|6
|start
|switch|p1a: Ninetales|Ninetales, F|100/100
|switch|p2a: Iron Treads|Iron Treads|100/100
|-weather|SunnyDay|[from] ability: Drought|[of] p1a: Ninetales
|turn|1
|
|t:|1778510348
|switch|p1a: Hatterene|Hatterene, F|100/100
|move|p2a: Iron Treads|Earthquake|p1a: Hatterene
|-damage|p1a: Hatterene|60/100
|-enditem|p1a: Hatterene|Eject Button
|
|t:|1778510355
|switch|p1a: Walking Wake|Walking Wake|100/100
|-activate|p1a: Walking Wake|ability: Protosynthesis
|-start|p1a: Walking Wake|protosynthesisspe
|
|-weather|SunnyDay|[upkeep]
|upkeep
|turn|2
|
|t:|1778510366
|move|p1a: Walking Wake|Hydro Steam|p2a: Iron Treads
|-supereffective|p2a: Iron Treads
|-damage|p2a: Iron Treads|0 fnt
|faint|p2a: Iron Treads
|-end|p2a: Iron Treads|Quark Drive|[silent]
|
|-weather|SunnyDay|[upkeep]
|upkeep
|
|t:|1778510372
|switch|p2a: Garganacl|Garganacl, M|100/100
|turn|3
|
|t:|1778510383
|-end|p1a: Walking Wake|Protosynthesis|[silent]
|switch|p1a: Great Tusk|Great Tusk|100/100
|-activate|p1a: Great Tusk|ability: Protosynthesis
|-start|p1a: Great Tusk|protosynthesisatk
|move|p2a: Garganacl|Protect||[still]
|-fail|p2a: Garganacl
|
|-weather|SunnyDay|[upkeep]
|upkeep
|turn|4
|
|t:|1778510395
|switch|p2a: Zapdos|Zapdos|100/100
|move|p1a: Great Tusk|Stealth Rock|p2a: Zapdos
|-sidestart|p2: ch1ck3n nu99ets|move: Stealth Rock
|
|-weather|SunnyDay|[upkeep]
|upkeep
|turn|5
|inactive|Sun Addict has 120 seconds left.
|
|t:|1778510454
|-end|p1a: Great Tusk|Protosynthesis|[silent]
|switch|p1a: Hatterene|Hatterene, F|60/100
|move|p2a: Zapdos|Thunder Wave|p1a: Hatterene
|move|p1a: Hatterene|Thunder Wave|p2a: Zapdos|[from] ability: Magic Bounce|[miss]
|-miss|p1a: Hatterene|p2a: Zapdos
|
|-weather|SunnyDay|[upkeep]
|upkeep
|turn|6
|inactive|Sun Addict has 90 seconds left.
|
|t:|1778510476
|move|p2a: Zapdos|Volt Switch|p1a: Hatterene
|-damage|p1a: Hatterene|31/100
|
|t:|1778510479
|switch|p2a: Garganacl|Garganacl, M|100/100|[from] Volt Switch
|-damage|p2a: Garganacl|88/100|[from] Stealth Rock
|move|p1a: Hatterene|Draining Kiss|p2a: Garganacl
|-damage|p2a: Garganacl|72/100
|-heal|p1a: Hatterene|46/100|[from] drain|[of] p2a: Garganacl
|
|-weather|SunnyDay|[upkeep]
|-heal|p2a: Garganacl|78/100|[from] item: Leftovers
|upkeep
|turn|7
|inactive|Sun Addict has 90 seconds left.
|
|t:|1778510493
|switch|p1a: Great Tusk|Great Tusk|100/100
|-activate|p1a: Great Tusk|ability: Protosynthesis
|-start|p1a: Great Tusk|protosynthesisatk
|move|p2a: Garganacl|Stealth Rock|p1a: Great Tusk
|-sidestart|p1: Sun Addict|move: Stealth Rock
|
|-weather|SunnyDay|[upkeep]
|-heal|p2a: Garganacl|85/100|[from] item: Leftovers
|upkeep
|turn|8
|inactive|Sun Addict has 90 seconds left.
|
|t:|1778510512
|move|p2a: Garganacl|Protect|p2a: Garganacl
|-singleturn|p2a: Garganacl|Protect
|move|p1a: Great Tusk|Headlong Rush|p2a: Garganacl
|-activate|p2a: Garganacl|move: Protect
|
|-weather|none
|-end|p1a: Great Tusk|Protosynthesis
|-heal|p2a: Garganacl|91/100|[from] item: Leftovers
|upkeep
|turn|9
|inactive|Sun Addict has 90 seconds left.
|
|t:|1778510525
|switch|p2a: Zapdos|Zapdos|100/100
|move|p1a: Great Tusk|Headlong Rush|p2a: Zapdos
|-immune|p2a: Zapdos
|
|upkeep
|turn|10
|
|t:|1778510532
|switch|p2a: Dragapult|Dragapult, M|100/100
|move|p1a: Great Tusk|Rapid Spin|p2a: Dragapult
|-immune|p2a: Dragapult
|
|upkeep
|turn|11
|
|t:|1778510541
|move|p2a: Dragapult|Hex|p1a: Great Tusk
|-damage|p1a: Great Tusk|61/100
|move|p1a: Great Tusk|Ice Spinner|p2a: Dragapult
|-supereffective|p2a: Dragapult
|-damage|p2a: Dragapult|25/100
|
|upkeep
|turn|12
|
|t:|1778510549
|move|p2a: Dragapult|Draco Meteor|p1a: Great Tusk
|-damage|p1a: Great Tusk|0 fnt
|-unboost|p2a: Dragapult|spa|2
|faint|p1a: Great Tusk
|-end|p1a: Great Tusk|Protosynthesis|[silent]
|
|upkeep
|inactive|Sun Addict has 90 seconds left.
|
|t:|1778510573
|switch|p1a: Ninetales|Ninetales, F|100/100
|-damage|p1a: Ninetales|76/100|[from] Stealth Rock
|-weather|SunnyDay|[from] ability: Drought|[of] p1a: Ninetales
|turn|13
|inactive|Sun Addict has 90 seconds left.
|inactive|Sun Addict has 60 seconds left.
|
|t:|1778510624
|switch|p1a: Walking Wake|Walking Wake|100/100
|-damage|p1a: Walking Wake|88/100|[from] Stealth Rock
|-activate|p1a: Walking Wake|ability: Protosynthesis
|-start|p1a: Walking Wake|protosynthesisspe
|move|p2a: Dragapult|U-turn|p1a: Walking Wake
|-damage|p1a: Walking Wake|68/100
|
|t:|1778510631
|switch|p2a: Garganacl|Garganacl, M|91/100|[from] U-turn
|-damage|p2a: Garganacl|78/100|[from] Stealth Rock
|
|-weather|SunnyDay|[upkeep]
|-heal|p2a: Garganacl|85/100|[from] item: Leftovers
|upkeep
|turn|14
|
|t:|1778510634
|move|p2a: Garganacl|Protect|p2a: Garganacl
|-singleturn|p2a: Garganacl|Protect
|move|p1a: Walking Wake|Hydro Steam|p2a: Garganacl
|-activate|p2a: Garganacl|move: Protect
|
|-weather|SunnyDay|[upkeep]
|-heal|p2a: Garganacl|91/100|[from] item: Leftovers
|upkeep
|turn|15
|inactive|Sun Addict has 60 seconds left.
|
|t:|1778510650
|-end|p1a: Walking Wake|Protosynthesis|[silent]
|switch|p1a: Slither Wing|Slither Wing|100/100
|-damage|p1a: Slither Wing|88/100|[from] Stealth Rock
|-activate|p1a: Slither Wing|ability: Protosynthesis
|-start|p1a: Slither Wing|protosynthesisatk
|-terastallize|p2a: Garganacl|Water
|move|p2a: Garganacl|Salt Cure|p1a: Slither Wing
|-damage|p1a: Slither Wing|73/100
|-start|p1a: Slither Wing|Salt Cure
|
|-weather|SunnyDay|[upkeep]
|-heal|p2a: Garganacl|97/100|[from] item: Leftovers
|-damage|p1a: Slither Wing|60/100|[from] Salt Cure
|upkeep
|turn|16
|inactive|Sun Addict has 60 seconds left.
|
|t:|1778510661
|switch|p2a: Zapdos|Zapdos|100/100
|move|p1a: Slither Wing|First Impression|p2a: Zapdos
|-resisted|p2a: Zapdos
|-damage|p2a: Zapdos|76/100
|
|-weather|SunnyDay|[upkeep]
|-damage|p1a: Slither Wing|48/100|[from] Salt Cure
|upkeep
|turn|17
|
|t:|1778510671
|move|p2a: Zapdos|Volt Switch|p1a: Slither Wing
|-damage|p1a: Slither Wing|28/100
|
|t:|1778510673
|switch|p2a: Garganacl|Garganacl, M, tera:Water|97/100|[from] Volt Switch
|-damage|p2a: Garganacl|85/100|[from] Stealth Rock
|move|p1a: Slither Wing|Flare Blitz|p2a: Garganacl
|-resisted|p2a: Garganacl
|-damage|p2a: Garganacl|56/100
|-damage|p1a: Slither Wing|17/100|[from] Recoil
|
|-weather|SunnyDay|[upkeep]
|-heal|p2a: Garganacl|62/100|[from] item: Leftovers
|-damage|p1a: Slither Wing|5/100|[from] Salt Cure
|upkeep
|turn|18
|
|t:|1778510688
|move|p1a: Slither Wing|U-turn|p2a: Garganacl
|-damage|p2a: Garganacl|28/100
|
|t:|1778510696
|-end|p1a: Slither Wing|Protosynthesis|[silent]
|switch|p1a: Leafeon|Leafeon, F|100/100|[from] U-turn
|-damage|p1a: Leafeon|88/100|[from] Stealth Rock
|move|p2a: Garganacl|Recover|p2a: Garganacl
|-heal|p2a: Garganacl|78/100
|
|-weather|SunnyDay|[upkeep]
|-heal|p2a: Garganacl|84/100|[from] item: Leftovers
|upkeep
|turn|19
|
|t:|1778510702
|switch|p2a: Zapdos|Zapdos|76/100
|move|p1a: Leafeon|Swords Dance|p1a: Leafeon
|-boost|p1a: Leafeon|atk|2
|
|-weather|SunnyDay|[upkeep]
|upkeep
|turn|20
|
|t:|1778510707
|-terastallize|p1a: Leafeon|Dark
|move|p1a: Leafeon|Knock Off|p2a: Zapdos
|-damage|p2a: Zapdos|0 fnt
|-enditem|p2a: Zapdos|Heavy-Duty Boots|[from] move: Knock Off|[of] p1a: Leafeon
|faint|p2a: Zapdos
|-damage|p1a: Leafeon|78/100|[from] item: Life Orb
|
|-weather|none
|upkeep
|
|t:|1778510713
|switch|p2a: Enamorus|Enamorus, F|100/100
|-damage|p2a: Enamorus|75/100|[from] Stealth Rock
|turn|21
|
|t:|1778510726
|switch|p1a: Ninetales|Ninetales, F|76/100
|-damage|p1a: Ninetales|51/100|[from] Stealth Rock
|-weather|SunnyDay|[from] ability: Drought|[of] p1a: Ninetales
|move|p2a: Enamorus|Substitute|p2a: Enamorus
|-start|p2a: Enamorus|Substitute
|-damage|p2a: Enamorus|50/100
|
|-weather|SunnyDay|[upkeep]
|-heal|p2a: Enamorus|57/100|[from] item: Leftovers
|upkeep
|turn|22
|inactive|Sun Addict has 90 seconds left.
|
|t:|1778510746
|move|p2a: Enamorus|Earth Power|p1a: Ninetales
|-supereffective|p1a: Ninetales
|-damage|p1a: Ninetales|0 fnt
|faint|p1a: Ninetales
|
|-weather|SunnyDay|[upkeep]
|-heal|p2a: Enamorus|63/100|[from] item: Leftovers
|upkeep
|inactive|Sun Addict has 90 seconds left.
|
|t:|1778510757
|switch|p1a: Walking Wake|Walking Wake|68/100
|-damage|p1a: Walking Wake|56/100|[from] Stealth Rock
|-activate|p1a: Walking Wake|ability: Protosynthesis
|-start|p1a: Walking Wake|protosynthesisspe
|turn|23
|inactive|Sun Addict has 90 seconds left.
|
|t:|1778510764
|move|p1a: Walking Wake|Hydro Steam|p2a: Enamorus
|-end|p2a: Enamorus|Substitute
|move|p2a: Enamorus|Substitute|p2a: Enamorus
|-start|p2a: Enamorus|Substitute
|-damage|p2a: Enamorus|38/100
|
|-weather|SunnyDay|[upkeep]
|-heal|p2a: Enamorus|44/100|[from] item: Leftovers
|upkeep
|turn|24
|
|t:|1778510772
|move|p1a: Walking Wake|Hydro Steam|p2a: Enamorus
|-end|p2a: Enamorus|Substitute
|move|p2a: Enamorus|Substitute|p2a: Enamorus
|-start|p2a: Enamorus|Substitute
|-damage|p2a: Enamorus|19/100
|
|-weather|SunnyDay|[upkeep]
|-heal|p2a: Enamorus|25/100|[from] item: Leftovers
|upkeep
|turn|25
|
|t:|1778510775
|move|p1a: Walking Wake|Hydro Steam|p2a: Enamorus
|-end|p2a: Enamorus|Substitute
|move|p2a: Enamorus|Moonblast|p1a: Walking Wake
|-supereffective|p1a: Walking Wake
|-crit|p1a: Walking Wake
|-damage|p1a: Walking Wake|0 fnt
|faint|p1a: Walking Wake
|-end|p1a: Walking Wake|Protosynthesis|[silent]
|
|-weather|SunnyDay|[upkeep]
|-heal|p2a: Enamorus|32/100|[from] item: Leftovers
|upkeep
|
|t:|1778510778
|switch|p1a: Leafeon|Leafeon, F, tera:Dark|78/100
|-damage|p1a: Leafeon|66/100|[from] Stealth Rock
|turn|26
|inactive|Sun Addict has 120 seconds left.
|
|t:|1778510784
|move|p1a: Leafeon|Solar Blade||[still]
|-prepare|p1a: Leafeon|Solar Blade
|-anim|p1a: Leafeon|Solar Blade|p2a: Enamorus
|-resisted|p2a: Enamorus
|-crit|p2a: Enamorus
|-damage|p2a: Enamorus|0 fnt
|faint|p2a: Enamorus
|-damage|p1a: Leafeon|56/100|[from] item: Life Orb
|
|-weather|SunnyDay|[upkeep]
|upkeep
|
|t:|1778510791
|switch|p2a: Garganacl|Garganacl, M, tera:Water|84/100
|-damage|p2a: Garganacl|72/100|[from] Stealth Rock
|turn|27
|
|t:|1778510798
|move|p2a: Garganacl|Protect|p2a: Garganacl
|-singleturn|p2a: Garganacl|Protect
|move|p1a: Leafeon|Solar Blade||[still]
|-prepare|p1a: Leafeon|Solar Blade
|-anim|p1a: Leafeon|Solar Blade|p2a: Garganacl
|-activate|p2a: Garganacl|move: Protect
|
|-weather|SunnyDay|[upkeep]
|-heal|p2a: Garganacl|78/100|[from] item: Leftovers
|upkeep
|turn|28
|
|t:|1778510805
|switch|p2a: Samurott|Samurott-Hisui, M|100/100
|move|p1a: Leafeon|Solar Blade||[still]
|-prepare|p1a: Leafeon|Solar Blade
|-anim|p1a: Leafeon|Solar Blade|p2a: Samurott
|-supereffective|p2a: Samurott
|-damage|p2a: Samurott|0 fnt
|faint|p2a: Samurott
|-damage|p1a: Leafeon|46/100|[from] item: Life Orb
|
|-weather|none
|upkeep
|
|t:|1778510807
|switch|p2a: Dragapult|Dragapult, M|25/100
|turn|29
|
|t:|1778510819
|move|p2a: Dragapult|U-turn|p1a: Leafeon
|-supereffective|p1a: Leafeon
|-damage|p1a: Leafeon|8/100
|
|t:|1778510821
|switch|p2a: Garganacl|Garganacl, M, tera:Water|78/100|[from] U-turn
|-damage|p2a: Garganacl|66/100|[from] Stealth Rock
|move|p1a: Leafeon|Knock Off|p2a: Garganacl
|-crit|p2a: Garganacl
|-damage|p2a: Garganacl|1/100
|-enditem|p2a: Garganacl|Leftovers|[from] move: Knock Off|[of] p1a: Leafeon
|-damage|p1a: Leafeon|0 fnt|[from] item: Life Orb
|faint|p1a: Leafeon
|
|upkeep
|
|t:|1778510828
|switch|p1a: Hatterene|Hatterene, F|46/100
|-damage|p1a: Hatterene|34/100|[from] Stealth Rock
|turn|30
|
|t:|1778510832
|move|p2a: Garganacl|Recover|p2a: Garganacl
|-heal|p2a: Garganacl|51/100
|move|p1a: Hatterene|Draining Kiss|p2a: Garganacl
|-damage|p2a: Garganacl|36/100
|-heal|p1a: Hatterene|49/100|[from] drain|[of] p2a: Garganacl
|
|upkeep
|turn|31
|
|t:|1778510837
|move|p2a: Garganacl|Recover|p2a: Garganacl
|-heal|p2a: Garganacl|86/100
|move|p1a: Hatterene|Draining Kiss|p2a: Garganacl
|-damage|p2a: Garganacl|69/100
|-heal|p1a: Hatterene|65/100|[from] drain|[of] p2a: Garganacl
|
|upkeep
|turn|32
|
|t:|1778510841
|move|p2a: Garganacl|Salt Cure|p1a: Hatterene
|-damage|p1a: Hatterene|54/100
|-start|p1a: Hatterene|Salt Cure
|move|p1a: Hatterene|Draining Kiss|p2a: Garganacl
|-damage|p2a: Garganacl|52/100
|-heal|p1a: Hatterene|69/100|[from] drain|[of] p2a: Garganacl
|
|-damage|p1a: Hatterene|57/100|[from] Salt Cure
|upkeep
|turn|33
|
|t:|1778510846
|move|p2a: Garganacl|Protect|p2a: Garganacl
|-singleturn|p2a: Garganacl|Protect
|move|p1a: Hatterene|Draining Kiss|p2a: Garganacl
|-activate|p2a: Garganacl|move: Protect
|
|-damage|p1a: Hatterene|45/100|[from] Salt Cure
|upkeep
|turn|34
|
|t:|1778510848
|move|p2a: Garganacl|Recover|p2a: Garganacl
|-heal|p2a: Garganacl|100/100
|move|p1a: Hatterene|Draining Kiss|p2a: Garganacl
|-damage|p2a: Garganacl|84/100
|-heal|p1a: Hatterene|61/100|[from] drain|[of] p2a: Garganacl
|
|-damage|p1a: Hatterene|48/100|[from] Salt Cure
|upkeep
|turn|35
|
|t:|1778510852
|move|p2a: Garganacl|Salt Cure|p1a: Hatterene
|-damage|p1a: Hatterene|37/100
|move|p1a: Hatterene|Psychic Noise|p2a: Garganacl
|-damage|p2a: Garganacl|60/100
|-start|p2a: Garganacl|move: Heal Block
|
|-damage|p1a: Hatterene|25/100|[from] Salt Cure
|upkeep
|turn|36
|
|t:|1778510855
|move|p2a: Garganacl|Protect|p2a: Garganacl
|-singleturn|p2a: Garganacl|Protect
|move|p1a: Hatterene|Draining Kiss|p2a: Garganacl
|-activate|p2a: Garganacl|move: Protect
|
|-damage|p1a: Hatterene|12/100|[from] Salt Cure
|-end|p2a: Garganacl|move: Heal Block
|upkeep
|turn|37
|-message|Sun Addict forfeited.
|
|win|ch1ck3n nu99ets
|raw|Sun Addict's rating: 1565 &rarr; <strong>1551</strong><br />(-14 for losing)
|raw|ch1ck3n nu99ets's rating: 1674 &rarr; <strong>1688</strong><br />(+14 for winning)
|l|☆Sun Addict
|player|p1|
|l|☆ch1ck3n nu99ets
|player|p2|
