|html|<div class="broadcast-blue"><strong>[Gen 9] OU is currently suspecting Tera Blast! For information on how to participate check out the <a href="https://www.smogon.com/tools/suspects/view/200">suspect thread</a>.</strong></div>
|j|☆Blastoise_Choice
|j|☆HyperStallMIA
|t:|1776131774
|gametype|singles
|player|p1|Blastoise_Choice|101|1480
|player|p2|HyperStallMIA|wallace|1507
|gen|9
|tier|[Gen 9] OU
|rated|
|rule|HP Percentage Mod: HP is shown in percentages
|rule|Endless Battle Clause: Forcing endless battles is banned
|rule|Species Clause: Limit one of each Pokémon
|rule|OHKO Clause: OHKO moves are banned
|rule|Evasion Items Clause: Evasion items are banned
|rule|Evasion Moves Clause: Evasion moves are banned
|rule|Evasion Abilities Clause: Evasion abilities are banned
|rule|Sleep Moves Clause: Sleep-inducing moves are banned
|clearpoke
|poke|p1|Hydrapple, M|
|poke|p1|Tyranitar, F|
|poke|p1|Moltres|
|poke|p1|Zamazenta-*|
|poke|p1|Slowking-Galar, F|
|poke|p1|Excadrill, F|
|poke|p2|Corviknight, F|
|poke|p2|Gliscor, F|
|poke|p2|Alomomola, F|
|poke|p2|Blissey, F|
|poke|p2|Clodsire, F|
|poke|p2|Dondozo, F|
|teampreview
|inactive|Battle timer is ON: inactive players will automatically lose when time's up. (requested by HyperStallMIA)
|
|t:|1776131783
|teamsize|p1|6
|teamsize|p2|6
|start
|switch|p1a: Hydrapple|Hydrapple, M|100/100
|switch|p2a: Let's Try.|Gliscor, F, shiny|100/100
|turn|1
|c|☆Blastoise_Choice|hf
|inactive|Blastoise_Choice also wants the timer to be on.
|
|t:|1776131797
|move|p2a: Let's Try.|Protect|p2a: Let's Try.
|-singleturn|p2a: Let's Try.|Protect
|move|p1a: Hydrapple|Nasty Plot|p1a: Hydrapple
|-boost|p1a: Hydrapple|spa|2
|
|-status|p2a: Let's Try.|tox|[from] item: Toxic Orb
|upkeep
|turn|2
|
|t:|1776131804
|switch|p2a: Worth Trying.|Clodsire, F, shiny|100/100
|move|p1a: Hydrapple|Fickle Beam|p2a: Worth Trying.
|-damage|p2a: Worth Trying.|82/100
|
|upkeep
|turn|3
|
|t:|1776131813
|switch|p2a: Let's Try.|Gliscor, F, shiny|100/100 tox
|move|p1a: Hydrapple|Earth Power|p2a: Let's Try.
|-immune|p2a: Let's Try.
|
|upkeep
|turn|4
|
|t:|1776131823
|switch|p2a: Still Trying?|Blissey, F, shiny|100/100
|move|p1a: Hydrapple|Fickle Beam|p2a: Still Trying?
|-damage|p2a: Still Trying?|80/100
|
|upkeep
|turn|5
|
|t:|1776131830
|switch|p2a: Worth Trying.|Clodsire, F, shiny|82/100
|move|p1a: Hydrapple|Nasty Plot|p1a: Hydrapple
|-boost|p1a: Hydrapple|spa|2
|
|upkeep
|turn|6
|
|t:|1776131836
|move|p1a: Hydrapple|Fickle Beam|p2a: Worth Trying.
|-damage|p2a: Worth Trying.|62/100
|move|p2a: Worth Trying.|Amnesia|p2a: Worth Trying.
|-boost|p2a: Worth Trying.|spd|2
|
|upkeep
|turn|7
|
|t:|1776131843
|move|p1a: Hydrapple|Earth Power|p2a: Worth Trying.
|-supereffective|p2a: Worth Trying.
|-damage|p2a: Worth Trying.|49/100
|move|p2a: Worth Trying.|Recover|p2a: Worth Trying.
|-heal|p2a: Worth Trying.|99/100
|
|upkeep
|turn|8
|
|t:|1776131851
|move|p1a: Hydrapple|Earth Power|p2a: Worth Trying.
|-supereffective|p2a: Worth Trying.
|-damage|p2a: Worth Trying.|85/100
|move|p2a: Worth Trying.|Toxic|p1a: Hydrapple
|-status|p1a: Hydrapple|tox
|
|-damage|p1a: Hydrapple|94/100 tox|[from] psn
|upkeep
|turn|9
|
|t:|1776131855
|move|p1a: Hydrapple|Earth Power|p2a: Worth Trying.
|-supereffective|p2a: Worth Trying.
|-damage|p2a: Worth Trying.|72/100
|move|p2a: Worth Trying.|Amnesia|p2a: Worth Trying.
|-boost|p2a: Worth Trying.|spd|2
|
|-damage|p1a: Hydrapple|82/100 tox|[from] psn
|upkeep
|turn|10
|
|t:|1776131859
|move|p1a: Hydrapple|Giga Drain|p2a: Worth Trying.
|-damage|p2a: Worth Trying.|65/100
|-heal|p1a: Hydrapple|86/100 tox|[from] drain|[of] p2a: Worth Trying.
|move|p2a: Worth Trying.|Amnesia|p2a: Worth Trying.
|-boost|p2a: Worth Trying.|spd|2
|
|-damage|p1a: Hydrapple|67/100 tox|[from] psn
|upkeep
|turn|11
|
|t:|1776131862
|switch|p1a: Slowking|Slowking-Galar, F|100/100
|move|p2a: Worth Trying.|Recover|p2a: Worth Trying.
|-heal|p2a: Worth Trying.|100/100
|
|upkeep
|turn|12
|
|t:|1776131871
|switch|p2a: Still Trying?|Blissey, F, shiny|80/100
|move|p1a: Slowking|Psyshock|p2a: Still Trying?
|-damage|p2a: Still Trying?|46/100
|
|upkeep
|turn|13
|
|t:|1776131878
|switch|p1a: Tyranitar|Tyranitar, F|100/100
|-weather|Sandstorm|[from] ability: Sand Stream|[of] p1a: Tyranitar
|move|p2a: Still Trying?|Soft-Boiled|p2a: Still Trying?
|-heal|p2a: Still Trying?|96/100
|
|-weather|Sandstorm|[upkeep]
|-damage|p2a: Still Trying?|90/100|[from] Sandstorm
|upkeep
|turn|14
|
|t:|1776131890
|switch|p2a: Keep Trying.|Corviknight, F, shiny|100/100
|-ability|p2a: Keep Trying.|Pressure
|move|p1a: Tyranitar|Stealth Rock|p2a: Keep Trying.
|-sidestart|p2: HyperStallMIA|move: Stealth Rock
|
|-weather|Sandstorm|[upkeep]
|upkeep
|turn|15
|
|t:|1776131898
|switch|p1a: Slowking|Slowking-Galar, F|100/100
|move|p2a: Keep Trying.|Defog|p1a: Slowking
|-unboost|p1a: Slowking|evasion|1
|-sideend|p2: HyperStallMIA|Stealth Rock|[from] move: Defog|[of] p2a: Keep Trying.
|
|-weather|Sandstorm|[upkeep]
|-damage|p1a: Slowking|94/100|[from] Sandstorm
|upkeep
|turn|16
|
|t:|1776131906
|switch|p2a: Try Harder.|Alomomola, F, shiny|100/100
|move|p1a: Slowking|Ice Beam|p2a: Try Harder.
|-resisted|p2a: Try Harder.
|-damage|p2a: Try Harder.|89/100
|
|-weather|Sandstorm|[upkeep]
|-damage|p2a: Try Harder.|83/100|[from] Sandstorm
|-damage|p1a: Slowking|88/100|[from] Sandstorm
|upkeep
|turn|17
|
|t:|1776131914
|move|p2a: Try Harder.|Flip Turn|p1a: Slowking
|-damage|p1a: Slowking|75/100
|
|t:|1776131924
|switch|p2a: Still Trying?|Blissey, F, shiny|90/100|[from] Flip Turn
|move|p1a: Slowking|Ice Beam|p2a: Still Trying?
|-damage|p2a: Still Trying?|83/100
|
|-weather|Sandstorm|[upkeep]
|-damage|p2a: Still Trying?|76/100|[from] Sandstorm
|-damage|p1a: Slowking|68/100|[from] Sandstorm
|upkeep
|turn|18
|
|t:|1776131935
|switch|p1a: Zamazenta|Zamazenta|100/100
|-ability|p1a: Zamazenta|Dauntless Shield|boost
|-boost|p1a: Zamazenta|def|1
|-terastallize|p2a: Still Trying?|Dark
|move|p2a: Still Trying?|Stealth Rock|p1a: Zamazenta
|-sidestart|p1: Blastoise_Choice|move: Stealth Rock
|
|-weather|Sandstorm|[upkeep]
|-damage|p1a: Zamazenta|94/100|[from] Sandstorm
|-damage|p2a: Still Trying?|70/100|[from] Sandstorm
|-heal|p1a: Zamazenta|100/100|[from] item: Leftovers
|upkeep
|turn|19
|
|t:|1776131946
|switch|p2a: Let's Try.|Gliscor, F, shiny|100/100 tox
|move|p1a: Zamazenta|Iron Defense|p1a: Zamazenta
|-boost|p1a: Zamazenta|def|2
|
|-weather|Sandstorm|[upkeep]
|-damage|p1a: Zamazenta|94/100|[from] Sandstorm
|-heal|p1a: Zamazenta|100/100|[from] item: Leftovers
|upkeep
|turn|20
|
|t:|1776131952
|switch|p1a: Excadrill|Excadrill, F|100/100
|-damage|p1a: Excadrill|97/100|[from] Stealth Rock
|-item|p1a: Excadrill|Air Balloon
|move|p2a: Let's Try.|Toxic|p1a: Excadrill
|-immune|p1a: Excadrill
|
|-weather|none
|upkeep
|turn|21
|
|t:|1776131959
|move|p1a: Excadrill|Rapid Spin|p2a: Let's Try.
|-damage|p2a: Let's Try.|89/100 tox
|-boost|p1a: Excadrill|spe|1
|-sideend|p1: Blastoise_Choice|Stealth Rock|[from] move: Rapid Spin|[of] p1a: Excadrill
|move|p2a: Let's Try.|Knock Off|p1a: Excadrill
|-damage|p1a: Excadrill|66/100
|-enditem|p1a: Excadrill|Air Balloon
|
|-heal|p2a: Let's Try.|100/100 tox|[from] ability: Poison Heal
|upkeep
|turn|22
|
|t:|1776131964
|switch|p1a: Hydrapple|Hydrapple, M|100/100 tox
|move|p2a: Let's Try.|Spikes|p1a: Hydrapple
|-sidestart|p1: Blastoise_Choice|Spikes
|
|-damage|p1a: Hydrapple|94/100 tox|[from] psn
|upkeep
|turn|23
|
|t:|1776131972
|switch|p2a: Still Trying?|Blissey, F, shiny, tera:Dark|70/100
|switch|p1a: Excadrill|Excadrill, F|66/100
|-damage|p1a: Excadrill|53/100|[from] Spikes
|
|upkeep
|turn|24
|
|t:|1776131978
|switch|p2a: Let's Try.|Gliscor, F, shiny|100/100 tox
|move|p1a: Excadrill|Rapid Spin|p2a: Let's Try.
|-damage|p2a: Let's Try.|90/100 tox
|-boost|p1a: Excadrill|spe|1
|-sideend|p1: Blastoise_Choice|Spikes|[from] move: Rapid Spin|[of] p1a: Excadrill
|
|-heal|p2a: Let's Try.|100/100 tox|[from] ability: Poison Heal
|upkeep
|turn|25
|
|t:|1776131982
|move|p1a: Excadrill|Iron Head|p2a: Let's Try.
|-damage|p2a: Let's Try.|75/100 tox
|move|p2a: Let's Try.|Spikes|p1a: Excadrill
|-sidestart|p1: Blastoise_Choice|Spikes
|
|-heal|p2a: Let's Try.|87/100 tox|[from] ability: Poison Heal
|upkeep
|turn|26
|
|t:|1776131991
|move|p1a: Excadrill|Earthquake|p2a: Let's Try.
|-immune|p2a: Let's Try.
|move|p2a: Let's Try.|Knock Off|p1a: Excadrill
|-damage|p1a: Excadrill|33/100
|
|-heal|p2a: Let's Try.|99/100 tox|[from] ability: Poison Heal
|upkeep
|turn|27
|
|t:|1776131995
|move|p1a: Excadrill|Rapid Spin|p2a: Let's Try.
|-damage|p2a: Let's Try.|89/100 tox
|-boost|p1a: Excadrill|spe|1
|-sideend|p1: Blastoise_Choice|Spikes|[from] move: Rapid Spin|[of] p1a: Excadrill
|move|p2a: Let's Try.|Knock Off|p1a: Excadrill
|-damage|p1a: Excadrill|13/100
|
|-heal|p2a: Let's Try.|100/100 tox|[from] ability: Poison Heal
|upkeep
|turn|28
|
|t:|1776131999
|switch|p1a: Tyranitar|Tyranitar, F|100/100
|-weather|Sandstorm|[from] ability: Sand Stream|[of] p1a: Tyranitar
|move|p2a: Let's Try.|Spikes|p1a: Tyranitar
|-sidestart|p1: Blastoise_Choice|Spikes
|
|-weather|Sandstorm|[upkeep]
|upkeep
|turn|29
|
|t:|1776132003
|move|p2a: Let's Try.|Toxic|p1a: Tyranitar
|-status|p1a: Tyranitar|tox
|move|p1a: Tyranitar|Stealth Rock|p2a: Let's Try.
|-sidestart|p2: HyperStallMIA|move: Stealth Rock
|
|-weather|Sandstorm|[upkeep]
|-damage|p1a: Tyranitar|94/100 tox|[from] psn
|upkeep
|turn|30
|
|t:|1776132008
|switch|p1a: Slowking|Slowking-Galar, F|100/100
|-damage|p1a: Slowking|88/100|[from] Spikes
|move|p2a: Let's Try.|Spikes|p1a: Slowking
|-sidestart|p1: Blastoise_Choice|Spikes
|
|-weather|Sandstorm|[upkeep]
|-damage|p1a: Slowking|82/100|[from] Sandstorm
|upkeep
|turn|31
|
|t:|1776132013
|move|p2a: Let's Try.|Protect|p2a: Let's Try.
|-singleturn|p2a: Let's Try.|Protect
|move|p1a: Slowking|Ice Beam|p2a: Let's Try.
|-activate|p2a: Let's Try.|move: Protect
|
|-weather|Sandstorm|[upkeep]
|-damage|p1a: Slowking|76/100|[from] Sandstorm
|upkeep
|turn|32
|
|t:|1776132018
|switch|p2a: Still Trying?|Blissey, F, shiny, tera:Dark|70/100
|switch|p1a: Zamazenta|Zamazenta|100/100
|-damage|p1a: Zamazenta|84/100|[from] Spikes
|
|-weather|Sandstorm|[upkeep]
|-damage|p1a: Zamazenta|78/100|[from] Sandstorm
|-damage|p2a: Still Trying?|64/100|[from] Sandstorm
|-heal|p1a: Zamazenta|84/100|[from] item: Leftovers
|upkeep
|turn|33
|
|t:|1776132025
|switch|p2a: Let's Try.|Gliscor, F, shiny|100/100 tox
|-damage|p2a: Let's Try.|88/100 tox|[from] Stealth Rock
|move|p1a: Zamazenta|Roar|p2a: Let's Try.
|drag|p2a: You Tried.|Dondozo, F, shiny|100/100
|
|-weather|Sandstorm|[upkeep]
|-damage|p1a: Zamazenta|78/100|[from] Sandstorm
|-damage|p2a: You Tried.|94/100|[from] Sandstorm
|-heal|p1a: Zamazenta|84/100|[from] item: Leftovers
|upkeep
|turn|34
|
|t:|1776132031
|switch|p2a: Let's Try.|Gliscor, F, shiny|88/100 tox
|-damage|p2a: Let's Try.|75/100 tox|[from] Stealth Rock
|move|p1a: Zamazenta|Roar|p2a: Let's Try.
|drag|p2a: Worth Trying.|Clodsire, F, shiny|100/100
|
|-weather|Sandstorm|[upkeep]
|-damage|p1a: Zamazenta|78/100|[from] Sandstorm
|-heal|p1a: Zamazenta|84/100|[from] item: Leftovers
|upkeep
|turn|35
|
|t:|1776132037
|switch|p1a: Hydrapple|Hydrapple, M|100/100 tox
|move|p2a: Worth Trying.|Toxic|p1a: Hydrapple
|-fail|p1a: Hydrapple|tox
|
|-weather|none
|-damage|p1a: Hydrapple|94/100 tox|[from] psn
|upkeep
|turn|36
|
|t:|1776132040
|switch|p1a: Zamazenta|Zamazenta|84/100
|-damage|p1a: Zamazenta|67/100|[from] Spikes
|move|p2a: Worth Trying.|Amnesia|p2a: Worth Trying.
|-boost|p2a: Worth Trying.|spd|2
|
|-heal|p1a: Zamazenta|73/100|[from] item: Leftovers
|upkeep
|turn|37
|
|t:|1776132044
|switch|p1a: Slowking|Slowking-Galar, F|100/100
|-damage|p1a: Slowking|84/100|[from] Spikes
|move|p2a: Worth Trying.|Toxic|p1a: Slowking
|-immune|p1a: Slowking
|
|upkeep
|turn|38
|
|t:|1776132049
|switch|p1a: Zamazenta|Zamazenta|73/100
|-damage|p1a: Zamazenta|57/100|[from] Spikes
|switch|p2a: Still Trying?|Blissey, F, shiny, tera:Dark|64/100
|
|-heal|p1a: Zamazenta|63/100|[from] item: Leftovers
|upkeep
|turn|39
|
|t:|1776132055
|switch|p2a: Try Harder.|Alomomola, F, shiny|100/100
|move|p1a: Zamazenta|Roar|p2a: Try Harder.
|drag|p2a: Still Trying?|Blissey, F, shiny, tera:Dark|64/100
|
|-heal|p1a: Zamazenta|69/100|[from] item: Leftovers
|upkeep
|turn|40
|
|t:|1776132063
|switch|p2a: Let's Try.|Gliscor, F, shiny|75/100 tox
|-damage|p2a: Let's Try.|63/100 tox|[from] Stealth Rock
|move|p1a: Zamazenta|Roar|p2a: Let's Try.
|drag|p2a: Worth Trying.|Clodsire, F, shiny|100/100
|
|-heal|p1a: Zamazenta|75/100|[from] item: Leftovers
|upkeep
|turn|41
|
|t:|1776132069
|switch|p1a: Hydrapple|Hydrapple, M|100/100 tox
|move|p2a: Worth Trying.|Toxic|p1a: Hydrapple
|-fail|p1a: Hydrapple|tox
|
|-damage|p1a: Hydrapple|94/100 tox|[from] psn
|upkeep
|turn|42
|
|t:|1776132072
|switch|p1a: Slowking|Slowking-Galar, F|100/100
|-damage|p1a: Slowking|84/100|[from] Spikes
|move|p2a: Worth Trying.|Bulldoze|p1a: Slowking
|-supereffective|p1a: Slowking
|-damage|p1a: Slowking|60/100
|-unboost|p1a: Slowking|spe|1
|
|upkeep
|turn|43
|
|t:|1776132078
|switch|p2a: Still Trying?|Blissey, F, shiny, tera:Dark|64/100
|move|p1a: Slowking|Psyshock|p2a: Still Trying?
|-immune|p2a: Still Trying?
|
|upkeep
|turn|44
|
|t:|1776132084
|switch|p1a: Zamazenta|Zamazenta|75/100
|-damage|p1a: Zamazenta|59/100|[from] Spikes
|move|p2a: Still Trying?|Stealth Rock|p1a: Zamazenta
|-sidestart|p1: Blastoise_Choice|move: Stealth Rock
|
|-heal|p1a: Zamazenta|65/100|[from] item: Leftovers
|upkeep
|turn|45
|
|t:|1776132093
|switch|p2a: Let's Try.|Gliscor, F, shiny|63/100 tox
|-damage|p2a: Let's Try.|50/100 tox|[from] Stealth Rock
|move|p1a: Zamazenta|Roar|p2a: Let's Try.
|drag|p2a: You Tried.|Dondozo, F, shiny|94/100
|
|-heal|p1a: Zamazenta|71/100|[from] item: Leftovers
|upkeep
|turn|46
|
|t:|1776132100
|move|p2a: You Tried.|Body Press|p1a: Zamazenta
|-damage|p1a: Zamazenta|49/100
|move|p1a: Zamazenta|Roar|p2a: You Tried.
|drag|p2a: Still Trying?|Blissey, F, shiny, tera:Dark|64/100
|
|-heal|p1a: Zamazenta|55/100|[from] item: Leftovers
|upkeep
|turn|47
|
|t:|1776132108
|switch|p2a: Try Harder.|Alomomola, F, shiny|100/100
|move|p1a: Zamazenta|Roar|p2a: Try Harder.
|drag|p2a: Worth Trying.|Clodsire, F, shiny|100/100
|
|-heal|p1a: Zamazenta|61/100|[from] item: Leftovers
|upkeep
|turn|48
|
|t:|1776132111
|switch|p1a: Hydrapple|Hydrapple, M|100/100 tox
|move|p2a: Worth Trying.|Toxic|p1a: Hydrapple
|-fail|p1a: Hydrapple|tox
|
|-damage|p1a: Hydrapple|94/100 tox|[from] psn
|upkeep
|turn|49
|
|t:|1776132115
|switch|p1a: Slowking|Slowking-Galar, F|93/100
|-damage|p1a: Slowking|76/100|[from] Spikes
|-damage|p1a: Slowking|64/100|[from] Stealth Rock
|move|p2a: Worth Trying.|Bulldoze|p1a: Slowking
|-supereffective|p1a: Slowking
|-damage|p1a: Slowking|36/100
|-unboost|p1a: Slowking|spe|1
|
|upkeep
|turn|50
|
|t:|1776132120
|switch|p2a: Still Trying?|Blissey, F, shiny, tera:Dark|64/100
|move|p1a: Slowking|Psyshock|p2a: Still Trying?
|-immune|p2a: Still Trying?
|
|upkeep
|turn|51
|
|t:|1776132127
|switch|p1a: Zamazenta|Zamazenta|61/100
|-damage|p1a: Zamazenta|44/100|[from] Spikes
|-damage|p1a: Zamazenta|38/100|[from] Stealth Rock
|move|p2a: Still Trying?|Soft-Boiled|p2a: Still Trying?
|-heal|p2a: Still Trying?|100/100
|
|-heal|p1a: Zamazenta|44/100|[from] item: Leftovers
|upkeep
|turn|52
|
|t:|1776132133
|switch|p2a: Try Harder.|Alomomola, F, shiny|100/100
|move|p1a: Zamazenta|Roar|p2a: Try Harder.
|drag|p2a: You Tried.|Dondozo, F, shiny|94/100
|
|-heal|p1a: Zamazenta|51/100|[from] item: Leftovers
|upkeep
|turn|53
|
|t:|1776132140
|switch|p1a: Hydrapple|Hydrapple, M|100/100 tox
|move|p2a: You Tried.|Body Press|p1a: Hydrapple
|-damage|p1a: Hydrapple|83/100 tox
|
|-damage|p1a: Hydrapple|77/100 tox|[from] psn
|upkeep
|turn|54
|
|t:|1776132147
|switch|p1a: Moltres|Moltres|100/100
|switch|p2a: Worth Trying.|Clodsire, F, shiny|100/100
|
|upkeep
|turn|55
|
|t:|1776132151
|move|p1a: Moltres|U-turn|p2a: Worth Trying.
|-resisted|p2a: Worth Trying.
|-damage|p2a: Worth Trying.|93/100
|
|t:|1776132155
|switch|p1a: Hydrapple|Hydrapple, M|100/100 tox|[from] U-turn
|move|p2a: Worth Trying.|Toxic|p1a: Hydrapple
|-fail|p1a: Hydrapple|tox
|
|-damage|p1a: Hydrapple|94/100 tox|[from] psn
|upkeep
|turn|56
|
|t:|1776132161
|switch|p1a: Slowking|Slowking-Galar, F|70/100
|-damage|p1a: Slowking|53/100|[from] Spikes
|-damage|p1a: Slowking|41/100|[from] Stealth Rock
|move|p2a: Worth Trying.|Toxic|p1a: Slowking
|-immune|p1a: Slowking
|
|upkeep
|turn|57
|
|t:|1776132164
|switch|p2a: Still Trying?|Blissey, F, shiny, tera:Dark|100/100
|move|p1a: Slowking|Psyshock|p2a: Still Trying?
|-immune|p2a: Still Trying?
|
|upkeep
|turn|58
|
|t:|1776132171
|switch|p2a: Try Harder.|Alomomola, F, shiny|100/100
|switch|p1a: Zamazenta|Zamazenta|51/100
|-damage|p1a: Zamazenta|34/100|[from] Spikes
|-damage|p1a: Zamazenta|28/100|[from] Stealth Rock
|
|-heal|p1a: Zamazenta|34/100|[from] item: Leftovers
|upkeep
|turn|59
|
|t:|1776132177
|move|p1a: Zamazenta|Iron Defense|p1a: Zamazenta
|-boost|p1a: Zamazenta|def|2
|move|p2a: Try Harder.|Wish|p2a: Try Harder.
|
|-heal|p1a: Zamazenta|40/100|[from] item: Leftovers
|upkeep
|turn|60
|
|t:|1776132184
|move|p2a: Try Harder.|Flip Turn|p1a: Zamazenta
|-damage|p1a: Zamazenta|34/100
|
|t:|1776132188
|switch|p2a: Worth Trying.|Clodsire, F, shiny|93/100|[from] Flip Turn
|move|p1a: Zamazenta|Roar|p2a: Worth Trying.
|drag|p2a: Try Harder.|Alomomola, F, shiny|100/100
|
|-heal|p1a: Zamazenta|40/100|[from] item: Leftovers
|upkeep
|turn|61
|
|t:|1776132196
|move|p1a: Zamazenta|Iron Defense|p1a: Zamazenta
|-boost|p1a: Zamazenta|def|2
|move|p2a: Try Harder.|Scald|p1a: Zamazenta
|-damage|p1a: Zamazenta|26/100
|-status|p1a: Zamazenta|brn
|
|-heal|p1a: Zamazenta|32/100 brn|[from] item: Leftovers
|-damage|p1a: Zamazenta|26/100 brn|[from] brn
|upkeep
|turn|62
|
|t:|1776132200
|move|p1a: Zamazenta|Body Press|p2a: Try Harder.
|-damage|p2a: Try Harder.|67/100
|move|p2a: Try Harder.|Wish|p2a: Try Harder.
|
|-heal|p1a: Zamazenta|32/100 brn|[from] item: Leftovers
|-damage|p1a: Zamazenta|26/100 brn|[from] brn
|upkeep
|turn|63
|
|t:|1776132205
|move|p2a: Try Harder.|Flip Turn|p1a: Zamazenta
|-damage|p1a: Zamazenta|21/100 brn
|
|t:|1776132207
|switch|p2a: Worth Trying.|Clodsire, F, shiny|93/100|[from] Flip Turn
|move|p1a: Zamazenta|Roar|p2a: Worth Trying.
|drag|p2a: Still Trying?|Blissey, F, shiny, tera:Dark|100/100
|
|-heal|p1a: Zamazenta|27/100 brn|[from] item: Leftovers
|-damage|p1a: Zamazenta|21/100 brn|[from] brn
|upkeep
|turn|64
|
|t:|1776132215
|switch|p2a: Try Harder.|Alomomola, F, shiny|99/100
|move|p1a: Zamazenta|Roar|p2a: Try Harder.
|drag|p2a: You Tried.|Dondozo, F, shiny|94/100
|
|-heal|p1a: Zamazenta|27/100 brn|[from] item: Leftovers
|-damage|p1a: Zamazenta|21/100 brn|[from] brn
|upkeep
|turn|65
|
|t:|1776132222
|move|p1a: Zamazenta|Body Press|p2a: You Tried.
|-damage|p2a: You Tried.|86/100
|move|p2a: You Tried.|Body Press|p1a: Zamazenta
|-damage|p1a: Zamazenta|0 fnt
|faint|p1a: Zamazenta
|
|upkeep
|
|t:|1776132229
|switch|p1a: Moltres|Moltres|100/100
|turn|66
|
|t:|1776132236
|switch|p2a: Still Trying?|Blissey, F, shiny, tera:Dark|100/100
|move|p1a: Moltres|Flamethrower|p2a: Still Trying?
|-damage|p2a: Still Trying?|89/100
|-status|p2a: Still Trying?|brn
|
|-damage|p2a: Still Trying?|83/100 brn|[from] brn
|upkeep
|turn|67
|
|t:|1776132246
|move|p2a: Still Trying?|Calm Mind|p2a: Still Trying?
|-boost|p2a: Still Trying?|spa|1
|-boost|p2a: Still Trying?|spd|1
|move|p1a: Moltres|Roar|p2a: Still Trying?
|-curestatus|p2a: Still Trying?|brn|[from] ability: Natural Cure
|drag|p2a: Let's Try.|Gliscor, F, shiny|50/100 tox
|-damage|p2a: Let's Try.|38/100 tox|[from] Stealth Rock
|
|-heal|p2a: Let's Try.|50/100 tox|[from] ability: Poison Heal
|upkeep
|turn|68
|
|t:|1776132250
|move|p2a: Let's Try.|Protect|p2a: Let's Try.
|-singleturn|p2a: Let's Try.|Protect
|move|p1a: Moltres|Flamethrower|p2a: Let's Try.
|-activate|p2a: Let's Try.|move: Protect
|
|-heal|p2a: Let's Try.|63/100 tox|[from] ability: Poison Heal
|upkeep
|turn|69
|
|t:|1776132254
|move|p2a: Let's Try.|Knock Off|p1a: Moltres
|-damage|p1a: Moltres|85/100
|-enditem|p1a: Moltres|Heavy-Duty Boots|[from] move: Knock Off|[of] p2a: Let's Try.
|move|p1a: Moltres|Flamethrower|p2a: Let's Try.
|-damage|p2a: Let's Try.|15/100 tox
|
|-heal|p2a: Let's Try.|27/100 tox|[from] ability: Poison Heal
|upkeep
|turn|70
|
|t:|1776132261
|move|p2a: Let's Try.|Protect|p2a: Let's Try.
|-singleturn|p2a: Let's Try.|Protect
|move|p1a: Moltres|Flamethrower|p2a: Let's Try.
|-activate|p2a: Let's Try.|move: Protect
|
|-heal|p2a: Let's Try.|40/100 tox|[from] ability: Poison Heal
|upkeep
|turn|71
|
|t:|1776132268
|switch|p2a: Try Harder.|Alomomola, F, shiny|100/100
|move|p1a: Moltres|Flamethrower|p2a: Try Harder.
|-resisted|p2a: Try Harder.
|-damage|p2a: Try Harder.|82/100
|
|upkeep
|turn|72
|
|t:|1776132272
|move|p1a: Moltres|U-turn|p2a: Try Harder.
|-damage|p2a: Try Harder.|73/100
|
|t:|1776132276
|switch|p1a: Slowking|Slowking-Galar, F|74/100|[from] U-turn
|-damage|p1a: Slowking|57/100|[from] Spikes
|-damage|p1a: Slowking|45/100|[from] Stealth Rock
|move|p2a: Try Harder.|Flip Turn|p1a: Slowking
|-damage|p1a: Slowking|32/100
|
|t:|1776132281
|switch|p2a: Let's Try.|Gliscor, F, shiny|40/100 tox|[from] Flip Turn
|-damage|p2a: Let's Try.|27/100 tox|[from] Stealth Rock
|
|-heal|p2a: Let's Try.|40/100 tox|[from] ability: Poison Heal
|upkeep
|turn|73
|
|t:|1776132285
|switch|p1a: Excadrill|Excadrill, F|13/100
|-damage|p1a: Excadrill|0 fnt|[from] Spikes
|faint|p1a: Excadrill
|move|p2a: Let's Try.|Knock Off|p1: Excadrill|[notarget]
|-fail|p2a: Let's Try.
|
|-heal|p2a: Let's Try.|52/100 tox|[from] ability: Poison Heal
|upkeep
|
|t:|1776132289
|switch|p1a: Hydrapple|Hydrapple, M|100/100 tox
|turn|74
|
|t:|1776132296
|move|p2a: Let's Try.|Protect|p2a: Let's Try.
|-singleturn|p2a: Let's Try.|Protect
|move|p1a: Hydrapple|Fickle Beam|p2a: Let's Try.
|-activate|p2a: Let's Try.|move: Protect
|
|-heal|p2a: Let's Try.|65/100 tox|[from] ability: Poison Heal
|-damage|p1a: Hydrapple|94/100 tox|[from] psn
|upkeep
|turn|75
|
|t:|1776132302
|switch|p2a: Still Trying?|Blissey, F, shiny, tera:Dark|83/100
|move|p1a: Hydrapple|Giga Drain|p2a: Still Trying?
|-damage|p2a: Still Trying?|72/100
|-heal|p1a: Hydrapple|100/100 tox|[from] drain|[of] p2a: Still Trying?
|
|-damage|p1a: Hydrapple|88/100 tox|[from] psn
|upkeep
|turn|76
|
|t:|1776132306
|switch|p1a: Moltres|Moltres|85/100
|-damage|p1a: Moltres|35/100|[from] Stealth Rock
|move|p2a: Still Trying?|Seismic Toss|p1a: Moltres
|-damage|p1a: Moltres|9/100
|
|upkeep
|turn|77
|
|t:|1776132312
|switch|p2a: Worth Trying.|Clodsire, F, shiny|93/100
|move|p1a: Moltres|Roost|p1a: Moltres
|-heal|p1a: Moltres|60/100
|-singleturn|p1a: Moltres|move: Roost
|
|upkeep
|turn|78
|
|t:|1776132316
|move|p1a: Moltres|Roost|p1a: Moltres
|-heal|p1a: Moltres|100/100
|-singleturn|p1a: Moltres|move: Roost
|move|p2a: Worth Trying.|Toxic|p1a: Moltres
|-status|p1a: Moltres|tox
|
|-damage|p1a: Moltres|94/100 tox|[from] psn
|upkeep
|turn|79
|
|t:|1776132319
|move|p1a: Moltres|Flamethrower|p2a: Worth Trying.
|-damage|p2a: Worth Trying.|73/100
|move|p2a: Worth Trying.|Bulldoze|p1a: Moltres
|-immune|p1a: Moltres
|
|-damage|p1a: Moltres|82/100 tox|[from] psn
|upkeep
|turn|80
|
|t:|1776132323
|switch|p1a: Hydrapple|Hydrapple, M|100/100 tox
|move|p2a: Worth Trying.|Bulldoze|p1a: Hydrapple
|-resisted|p1a: Hydrapple
|-damage|p1a: Hydrapple|95/100 tox
|-unboost|p1a: Hydrapple|spe|1
|
|-damage|p1a: Hydrapple|89/100 tox|[from] psn
|upkeep
|turn|81
|
|t:|1776132327
|move|p1a: Hydrapple|Nasty Plot|p1a: Hydrapple
|-boost|p1a: Hydrapple|spa|2
|move|p2a: Worth Trying.|Amnesia|p2a: Worth Trying.
|-boost|p2a: Worth Trying.|spd|2
|
|-damage|p1a: Hydrapple|77/100 tox|[from] psn
|upkeep
|turn|82
|
|t:|1776132331
|move|p1a: Hydrapple|Earth Power|p2a: Worth Trying.
|-supereffective|p2a: Worth Trying.
|-damage|p2a: Worth Trying.|59/100
|move|p2a: Worth Trying.|Amnesia|p2a: Worth Trying.
|-boost|p2a: Worth Trying.|spd|2
|
|-damage|p1a: Hydrapple|58/100 tox|[from] psn
|upkeep
|turn|83
|
|t:|1776132335
|switch|p1a: Moltres|Moltres|82/100 tox
|-damage|p1a: Moltres|33/100 tox|[from] Stealth Rock
|move|p2a: Worth Trying.|Bulldoze|p1a: Moltres
|-immune|p1a: Moltres
|
|-damage|p1a: Moltres|27/100 tox|[from] psn
|upkeep
|turn|84
|
|t:|1776132338
|move|p1a: Moltres|Roost|p1a: Moltres
|-heal|p1a: Moltres|77/100 tox
|-singleturn|p1a: Moltres|move: Roost
|move|p2a: Worth Trying.|Bulldoze|p1a: Moltres
|-supereffective|p1a: Moltres
|-crit|p1a: Moltres
|-damage|p1a: Moltres|40/100 tox
|-unboost|p1a: Moltres|spe|1
|
|-damage|p1a: Moltres|28/100 tox|[from] psn
|upkeep
|turn|85
|
|t:|1776132342
|move|p1a: Moltres|Roost|p1a: Moltres
|-heal|p1a: Moltres|78/100 tox
|-singleturn|p1a: Moltres|move: Roost
|move|p2a: Worth Trying.|Bulldoze|p1a: Moltres
|-supereffective|p1a: Moltres
|-damage|p1a: Moltres|57/100 tox
|-unboost|p1a: Moltres|spe|1
|
|-damage|p1a: Moltres|39/100 tox|[from] psn
|upkeep
|turn|86
|
|t:|1776132346
|move|p2a: Worth Trying.|Bulldoze|p1a: Moltres
|-immune|p1a: Moltres
|move|p1a: Moltres|Roar|p2a: Worth Trying.
|drag|p2a: Keep Trying.|Corviknight, F, shiny|100/100
|-ability|p2a: Keep Trying.|Pressure
|
|-damage|p1a: Moltres|15/100 tox|[from] psn
|upkeep
|turn|87
|
|t:|1776132357
|switch|p2a: Try Harder.|Alomomola, F, shiny|100/100
|move|p1a: Moltres|Roar|p2a: Try Harder.
|drag|p2a: You Tried.|Dondozo, F, shiny|86/100
|
|-damage|p1a: Moltres|0 fnt|[from] psn
|faint|p1a: Moltres
|upkeep
|
|t:|1776132363
|switch|p1a: Hydrapple|Hydrapple, M|92/100 tox
|turn|88
|
|t:|1776132374
|switch|p2a: Try Harder.|Alomomola, F, shiny|100/100
|move|p1a: Hydrapple|Fickle Beam|p2a: Try Harder.
|-damage|p2a: Try Harder.|67/100
|
|-damage|p1a: Hydrapple|85/100 tox|[from] psn
|upkeep
|turn|89
|
|t:|1776132378
|switch|p1a: Slowking|Slowking-Galar, F|65/100
|-damage|p1a: Slowking|49/100|[from] Spikes
|-damage|p1a: Slowking|36/100|[from] Stealth Rock
|switch|p2a: Still Trying?|Blissey, F, shiny, tera:Dark|72/100
|
|upkeep
|turn|90
|
|t:|1776132382
|move|p2a: Still Trying?|Seismic Toss|p1a: Slowking
|-damage|p1a: Slowking|11/100
|move|p1a: Slowking|Sludge Bomb|p2a: Still Trying?
|-damage|p2a: Still Trying?|62/100
|
|upkeep
|turn|91
|
|t:|1776132386
|switch|p1a: Tyranitar|Tyranitar, F|94/100 tox
|-damage|p1a: Tyranitar|78/100 tox|[from] Spikes
|-damage|p1a: Tyranitar|65/100 tox|[from] Stealth Rock
|-weather|Sandstorm|[from] ability: Sand Stream|[of] p1a: Tyranitar
|move|p2a: Still Trying?|Seismic Toss|p1a: Tyranitar
|-damage|p1a: Tyranitar|40/100 tox
|
|-weather|Sandstorm|[upkeep]
|-damage|p2a: Still Trying?|56/100|[from] Sandstorm
|-damage|p1a: Tyranitar|34/100 tox|[from] psn
|upkeep
|turn|92
|
|t:|1776132390
|switch|p2a: Keep Trying.|Corviknight, F, shiny|100/100
|-ability|p2a: Keep Trying.|Pressure
|move|p1a: Tyranitar|Thunder Wave|p2a: Keep Trying.
|-status|p2a: Keep Trying.|par
|
|-weather|Sandstorm|[upkeep]
|-damage|p1a: Tyranitar|22/100 tox|[from] psn
|upkeep
|turn|93
|
|t:|1776132398
|move|p1a: Tyranitar|Thunder Wave|p2a: Keep Trying.
|-fail|p2a: Keep Trying.|par
|move|p2a: Keep Trying.|Body Press|p1a: Tyranitar
|-supereffective|p1a: Tyranitar
|-damage|p1a: Tyranitar|0 fnt
|faint|p1a: Tyranitar
|
|-weather|Sandstorm|[upkeep]
|upkeep
|
|t:|1776132406
|switch|p1a: Slowking|Slowking-Galar, F|44/100
|-damage|p1a: Slowking|28/100|[from] Spikes
|-damage|p1a: Slowking|15/100|[from] Stealth Rock
|turn|94
|
|t:|1776132413
|switch|p2a: Still Trying?|Blissey, F, shiny, tera:Dark|56/100
|move|p1a: Slowking|Sludge Bomb|p2a: Still Trying?
|-damage|p2a: Still Trying?|46/100
|
|-weather|Sandstorm|[upkeep]
|-damage|p2a: Still Trying?|40/100|[from] Sandstorm
|-damage|p1a: Slowking|9/100|[from] Sandstorm
|upkeep
|turn|95
|
|t:|1776132417
|move|p2a: Still Trying?|Soft-Boiled|p2a: Still Trying?
|-heal|p2a: Still Trying?|90/100
|move|p1a: Slowking|Sludge Bomb|p2a: Still Trying?
|-damage|p2a: Still Trying?|79/100
|
|-weather|Sandstorm|[upkeep]
|-damage|p2a: Still Trying?|73/100|[from] Sandstorm
|-damage|p1a: Slowking|3/100|[from] Sandstorm
|upkeep
|turn|96
|
|t:|1776132421
|switch|p1a: Hydrapple|Hydrapple, M|100/100 tox
|move|p2a: Still Trying?|Seismic Toss|p1a: Hydrapple
|-damage|p1a: Hydrapple|76/100 tox
|
|-weather|Sandstorm|[upkeep]
|-damage|p2a: Still Trying?|66/100|[from] Sandstorm
|-damage|p1a: Hydrapple|70/100 tox|[from] Sandstorm
|-damage|p1a: Hydrapple|63/100 tox|[from] psn
|upkeep
|turn|97
|
|t:|1776132425
|move|p2a: Still Trying?|Seismic Toss|p1a: Hydrapple
|-damage|p1a: Hydrapple|39/100 tox
|move|p1a: Hydrapple|Fickle Beam|p2a: Still Trying?
|-damage|p2a: Still Trying?|56/100
|
|-weather|Sandstorm|[upkeep]
|-damage|p2a: Still Trying?|50/100|[from] Sandstorm
|-damage|p1a: Hydrapple|33/100 tox|[from] Sandstorm
|-damage|p1a: Hydrapple|20/100 tox|[from] psn
|upkeep
|turn|98
|
|t:|1776132431
|switch|p1a: Slowking|Slowking-Galar, F|36/100
|-damage|p1a: Slowking|20/100|[from] Spikes
|-damage|p1a: Slowking|7/100|[from] Stealth Rock
|move|p2a: Still Trying?|Seismic Toss|p1a: Slowking
|-damage|p1a: Slowking|0 fnt
|faint|p1a: Slowking
|
|-weather|none
|upkeep
|
|t:|1776132434
|switch|p1a: Hydrapple|Hydrapple, M|54/100 tox
|turn|99
|
|t:|1776132438
|-terastallize|p1a: Hydrapple|Poison
|move|p2a: Still Trying?|Seismic Toss|p1a: Hydrapple
|-damage|p1a: Hydrapple|29/100 tox
|move|p1a: Hydrapple|Earth Power|p2a: Still Trying?
|-damage|p2a: Still Trying?|42/100
|
|-damage|p1a: Hydrapple|23/100 tox|[from] psn
|upkeep
|turn|100
|
|t:|1776132442
|move|p2a: Still Trying?|Seismic Toss|p1a: Hydrapple
|-damage|p1a: Hydrapple|0 fnt
|faint|p1a: Hydrapple
|
|win|HyperStallMIA
|raw|Blastoise_Choice's rating: 1480 &rarr; <strong>1462</strong><br />(-18 for losing)
|raw|HyperStallMIA's rating: 1507 &rarr; <strong>1525</strong><br />(+18 for winning)
|c|☆Blastoise_Choice|gg
