|html|<div class="broadcast-blue"><strong>[Gen 9] OU is currently suspecting Tera Blast! For information on how to participate check out the <a href="https://www.smogon.com/tools/suspects/view/200">suspect thread</a>.</strong></div>
|j|☆yourphobiaz
|j|☆lazy77
|t:|1776157123
|gametype|singles
|player|p1|yourphobiaz|266|1203
|player|p2|lazy77|picnicker|1208
|gen|9
|tier|[Gen 9] OU
|rated|
|rule|HP Percentage Mod: HP is shown in percentages
|rule|Endless Battle Clause: Forcing endless battles is banned
|rule|Species Clause: Limit one of each Pokémon
|rule|OHKO Clause: OHKO moves are banned
|rule|Evasion Items Clause: Evasion items are banned
|rule|Evasion Moves Clause: Evasion moves are banned
|rule|Evasion Abilities Clause: Evasion abilities are banned
|rule|Sleep Moves Clause: Sleep-inducing moves are banned
|clearpoke
|poke|p1|Leafeon, M|
|poke|p1|Comfey, M|
|poke|p1|Iron Moth|
|poke|p1|Great Tusk|
|poke|p1|Walking Wake|
|poke|p1|Ninetales, F|
|poke|p2|Clodsire, M|
|poke|p2|Dondozo, M|
|poke|p2|Blissey, F|
|poke|p2|Gliscor, M|
|poke|p2|Corviknight, F|
|poke|p2|Toxapex, M|
|teampreview
|inactive|Battle timer is ON: inactive players will automatically lose when time's up. (requested by lazy77)
|
|t:|1776157133
|teamsize|p1|6
|teamsize|p2|6
|start
|switch|p1a: Walking Wake|Walking Wake|100/100
|switch|p2a: Blissey|Blissey, F|100/100
|turn|1
|
|t:|1776157140
|move|p1a: Walking Wake|Draco Meteor|p2a: Blissey
|-crit|p2a: Blissey
|-damage|p2a: Blissey|53/100
|-unboost|p1a: Walking Wake|spa|2
|move|p2a: Blissey|Stealth Rock|p1a: Walking Wake
|-sidestart|p1: yourphobiaz|move: Stealth Rock
|
|upkeep
|turn|2
|
|t:|1776157149
|-end|p1a: Walking Wake|Protosynthesis|[silent]
|switch|p1a: Great Tusk|Great Tusk, shiny|100/100
|move|p2a: Blissey|Soft-Boiled|p2a: Blissey
|-heal|p2a: Blissey|100/100
|
|upkeep
|turn|3
|
|t:|1776157162
|switch|p2a: Dondozo|Dondozo, M|100/100
|move|p1a: Great Tusk|Rapid Spin|p2a: Dondozo
|-damage|p2a: Dondozo|94/100
|-boost|p1a: Great Tusk|spe|1
|-sideend|p1: yourphobiaz|Stealth Rock|[from] move: Rapid Spin|[of] p1a: Great Tusk
|
|upkeep
|turn|4
|
|t:|1776157174
|-end|p1a: Great Tusk|Protosynthesis|[silent]
|switch|p1a: Comfey|Comfey, M|100/100
|move|p2a: Dondozo|Waterfall|p1a: Comfey
|-damage|p1a: Comfey|69/100
|
|upkeep
|turn|5
|
|t:|1776157194
|switch|p2a: Toxapex|Toxapex, M|100/100
|move|p1a: Comfey|Growth|p1a: Comfey
|-boost|p1a: Comfey|atk|1
|-boost|p1a: Comfey|spa|1
|
|upkeep
|turn|6
|
|t:|1776157204
|-terastallize|p1a: Comfey|Steel
|move|p1a: Comfey|Stored Power|p2a: Toxapex
|-supereffective|p2a: Toxapex
|-damage|p2a: Toxapex|49/100
|-damage|p1a: Comfey|59/100|[from] item: Life Orb
|move|p2a: Toxapex|Toxic|p1a: Comfey
|-immune|p1a: Comfey
|
|upkeep
|turn|7
|
|t:|1776157214
|switch|p2a: Clodsire|Clodsire, M|100/100
|move|p1a: Comfey|Stored Power|p2a: Clodsire
|-supereffective|p2a: Clodsire
|-damage|p2a: Clodsire|79/100
|-damage|p1a: Comfey|49/100|[from] item: Life Orb
|
|upkeep
|turn|8
|
|t:|1776157222
|switch|p1a: Ninetales|Ninetales, F, shiny|100/100
|-weather|SunnyDay|[from] ability: Drought|[of] p1a: Ninetales
|move|p2a: Clodsire|Earthquake|p1a: Ninetales
|-supereffective|p1a: Ninetales
|-damage|p1a: Ninetales|35/100
|
|-weather|SunnyDay|[upkeep]
|upkeep
|turn|9
|
|t:|1776157233
|switch|p1a: Great Tusk|Great Tusk, shiny|100/100
|-activate|p1a: Great Tusk|ability: Protosynthesis
|-start|p1a: Great Tusk|protosynthesisspe
|move|p2a: Clodsire|Earthquake|p1a: Great Tusk
|-damage|p1a: Great Tusk|83/100
|
|-weather|SunnyDay|[upkeep]
|upkeep
|turn|10
|
|t:|1776157244
|switch|p2a: Dondozo|Dondozo, M|94/100
|move|p1a: Great Tusk|Stealth Rock|p2a: Dondozo
|-sidestart|p2: lazy77|move: Stealth Rock
|
|-weather|SunnyDay|[upkeep]
|upkeep
|turn|11
|
|t:|1776157259
|-end|p1a: Great Tusk|Protosynthesis|[silent]
|switch|p1a: Leafeon|Leafeon, M|100/100
|move|p2a: Dondozo|Waterfall|p1a: Leafeon
|-resisted|p1a: Leafeon
|-damage|p1a: Leafeon|94/100
|
|-weather|SunnyDay|[upkeep]
|upkeep
|turn|12
|
|t:|1776157268
|switch|p2a: Toxapex|Toxapex, M|82/100
|move|p1a: Leafeon|Swords Dance|p1a: Leafeon
|-boost|p1a: Leafeon|atk|2
|
|-weather|SunnyDay|[upkeep]
|upkeep
|turn|13
|
|t:|1776157274
|move|p1a: Leafeon|Knock Off|p2a: Toxapex
|-damage|p2a: Toxapex|34/100
|-enditem|p2a: Toxapex|Heavy-Duty Boots|[from] move: Knock Off|[of] p1a: Leafeon
|-damage|p1a: Leafeon|84/100|[from] item: Life Orb
|move|p2a: Toxapex|Toxic|p1a: Leafeon
|-status|p1a: Leafeon|tox
|
|-weather|SunnyDay|[upkeep]
|-damage|p1a: Leafeon|78/100 tox|[from] psn
|upkeep
|turn|14
|
|t:|1776157293
|switch|p2a: Corviknight|Corviknight, F|100/100
|-damage|p2a: Corviknight|88/100|[from] Stealth Rock
|-ability|p2a: Corviknight|Pressure
|move|p1a: Leafeon|Solar Blade||[still]
|-prepare|p1a: Leafeon|Solar Blade
|-anim|p1a: Leafeon|Solar Blade|p2a: Corviknight
|-resisted|p2a: Corviknight
|-damage|p2a: Corviknight|64/100
|-damage|p1a: Leafeon|68/100 tox|[from] item: Life Orb
|
|-weather|SunnyDay|[upkeep]
|-heal|p2a: Corviknight|70/100|[from] item: Leftovers
|-damage|p1a: Leafeon|56/100 tox|[from] psn
|upkeep
|turn|15
|
|t:|1776157311
|switch|p1a: Ninetales|Ninetales, F, shiny|35/100
|move|p2a: Corviknight|Roost|p2a: Corviknight
|-heal|p2a: Corviknight|100/100
|-singleturn|p2a: Corviknight|move: Roost
|
|-weather|none
|upkeep
|turn|16
|
|t:|1776157316
|switch|p1a: Iron Moth|Iron Moth, shiny|100/100
|-enditem|p1a: Iron Moth|Booster Energy
|-activate|p1a: Iron Moth|ability: Quark Drive|[fromitem]
|-start|p1a: Iron Moth|quarkdrivespe
|switch|p2a: Toxapex|Toxapex, M|67/100
|-damage|p2a: Toxapex|55/100|[from] Stealth Rock
|
|upkeep
|turn|17
|
|t:|1776157329
|switch|p2a: Clodsire|Clodsire, M|79/100
|move|p1a: Iron Moth|Energy Ball|p2a: Clodsire
|-damage|p2a: Clodsire|63/100
|
|upkeep
|turn|18
|
|t:|1776157337
|-end|p1a: Iron Moth|Quark Drive|[silent]
|switch|p1a: Leafeon|Leafeon, M|56/100 tox
|move|p2a: Clodsire|Earthquake|p1a: Leafeon
|-resisted|p1a: Leafeon
|-damage|p1a: Leafeon|43/100 tox
|
|-damage|p1a: Leafeon|37/100 tox|[from] psn
|upkeep
|turn|19
|
|t:|1776157347
|switch|p2a: Toxapex|Toxapex, M|88/100
|-damage|p2a: Toxapex|76/100|[from] Stealth Rock
|move|p1a: Leafeon|Knock Off|p2a: Toxapex
|-damage|p2a: Toxapex|58/100
|-damage|p1a: Leafeon|27/100 tox|[from] item: Life Orb
|
|-damage|p1a: Leafeon|15/100 tox|[from] psn
|upkeep
|turn|20
|
|t:|1776157359
|switch|p1a: Comfey|Comfey, M, tera:Steel|49/100
|move|p2a: Toxapex|Infestation|p1a: Comfey
|-resisted|p1a: Comfey
|-damage|p1a: Comfey|48/100
|-activate|p1a: Comfey|move: Infestation|[of] p2a: Toxapex
|
|-damage|p1a: Comfey|35/100|[from] move: Infestation|[partiallytrapped]
|upkeep
|turn|21
|
|t:|1776157377
|switch|p2a: Clodsire|Clodsire, M|63/100
|move|p1a: Comfey|Growth|p1a: Comfey
|-boost|p1a: Comfey|atk|1
|-boost|p1a: Comfey|spa|1
|
|-end|p1a: Comfey|Infestation|[partiallytrapped]|[silent]
|upkeep
|turn|22
|
|t:|1776157383
|move|p1a: Comfey|Stored Power|p2a: Clodsire
|-supereffective|p2a: Clodsire
|-damage|p2a: Clodsire|37/100
|-damage|p1a: Comfey|25/100|[from] item: Life Orb
|move|p2a: Clodsire|Recover|p2a: Clodsire
|-heal|p2a: Clodsire|87/100
|
|upkeep
|turn|23
|
|t:|1776157391
|move|p1a: Comfey|Stored Power|p2a: Clodsire
|-supereffective|p2a: Clodsire
|-damage|p2a: Clodsire|64/100
|-damage|p1a: Comfey|16/100|[from] item: Life Orb
|move|p2a: Clodsire|Earthquake|p1a: Comfey
|-supereffective|p1a: Comfey
|-damage|p1a: Comfey|0 fnt
|faint|p1a: Comfey
|
|upkeep
|
|t:|1776157401
|switch|p1a: Ninetales|Ninetales, F, shiny|35/100
|-weather|SunnyDay|[from] ability: Drought|[of] p1a: Ninetales
|turn|24
|
|t:|1776157428
|move|p1a: Ninetales|Weather Ball|p2a: Clodsire
|-damage|p2a: Clodsire|41/100
|move|p2a: Clodsire|Recover|p2a: Clodsire
|-heal|p2a: Clodsire|91/100
|
|-weather|SunnyDay|[upkeep]
|upkeep
|turn|25
|inactive|lazy77 has 120 seconds left.
|
|t:|1776157451
|move|p1a: Ninetales|Will-O-Wisp|p2a: Clodsire
|-status|p2a: Clodsire|brn
|move|p2a: Clodsire|Earthquake|p1a: Ninetales
|-supereffective|p1a: Ninetales
|-damage|p1a: Ninetales|4/100
|
|-weather|SunnyDay|[upkeep]
|-damage|p2a: Clodsire|85/100 brn|[from] brn
|upkeep
|turn|26
|inactive|lazy77 has 120 seconds left.
|
|t:|1776157463
|move|p1a: Ninetales|Healing Wish|p1a: Ninetales
|faint|p1a: Ninetales
|move|p2a: Clodsire|Toxic|p1: Ninetales|[notarget]
|-fail|p2a: Clodsire
|
|-weather|SunnyDay|[upkeep]
|-damage|p2a: Clodsire|79/100 brn|[from] brn
|upkeep
|
|t:|1776157464
|switch|p1a: Leafeon|Leafeon, M|15/100 tox
|-heal|p1a: Leafeon|100/100|[from] move: Healing Wish
|turn|27
|
|t:|1776157471
|move|p1a: Leafeon|Swords Dance|p1a: Leafeon
|-boost|p1a: Leafeon|atk|2
|move|p2a: Clodsire|Toxic|p1a: Leafeon
|-status|p1a: Leafeon|tox
|
|-weather|SunnyDay|[upkeep]
|-damage|p1a: Leafeon|95/100 tox|[from] psn
|-damage|p2a: Clodsire|72/100 brn|[from] brn
|upkeep
|turn|28
|
|t:|1776157481
|switch|p2a: Toxapex|Toxapex, M|91/100
|-damage|p2a: Toxapex|79/100|[from] Stealth Rock
|move|p1a: Leafeon|Knock Off|p2a: Toxapex
|-damage|p2a: Toxapex|43/100
|-damage|p1a: Leafeon|85/100 tox|[from] item: Life Orb
|
|-weather|SunnyDay|[upkeep]
|-damage|p1a: Leafeon|73/100 tox|[from] psn
|upkeep
|turn|29
|inactive|lazy77 has 120 seconds left.
|c|☆yourphobiaz|u want to play 50 turns of stall and be trash good one bro
|
|t:|1776157507
|move|p1a: Leafeon|Solar Blade||[still]
|-prepare|p1a: Leafeon|Solar Blade
|-anim|p1a: Leafeon|Solar Blade|p2a: Toxapex
|-damage|p2a: Toxapex|0 fnt
|faint|p2a: Toxapex
|-damage|p1a: Leafeon|63/100 tox|[from] item: Life Orb
|
|-weather|SunnyDay|[upkeep]
|-damage|p1a: Leafeon|45/100 tox|[from] psn
|upkeep
|
|t:|1776157516
|switch|p2a: Corviknight|Corviknight, F|100/100
|-damage|p2a: Corviknight|88/100|[from] Stealth Rock
|-ability|p2a: Corviknight|Pressure
|turn|30
|inactive|lazy77 has 120 seconds left.
|
|t:|1776157532
|move|p1a: Leafeon|Solar Blade||[still]
|-prepare|p1a: Leafeon|Solar Blade
|-anim|p1a: Leafeon|Solar Blade|p2a: Corviknight
|-resisted|p2a: Corviknight
|-damage|p2a: Corviknight|64/100
|-damage|p1a: Leafeon|35/100 tox|[from] item: Life Orb
|move|p2a: Corviknight|Body Press|p1a: Leafeon
|-crit|p1a: Leafeon
|-damage|p1a: Leafeon|0 fnt
|faint|p1a: Leafeon
|
|-weather|SunnyDay|[upkeep]
|-heal|p2a: Corviknight|70/100|[from] item: Leftovers
|upkeep
|
|t:|1776157534
|switch|p1a: Walking Wake|Walking Wake|100/100
|-activate|p1a: Walking Wake|ability: Protosynthesis
|-start|p1a: Walking Wake|protosynthesisspe
|turn|31
|inactive|lazy77 has 120 seconds left.
|
|t:|1776157550
|switch|p2a: Blissey|Blissey, F|100/100
|move|p1a: Walking Wake|Flamethrower|p2a: Blissey
|-damage|p2a: Blissey|81/100
|-status|p2a: Blissey|brn
|
|-weather|none
|-end|p1a: Walking Wake|Protosynthesis
|-damage|p2a: Blissey|75/100 brn|[from] brn
|upkeep
|turn|32
|inactive|lazy77 has 120 seconds left.
|
|t:|1776157560
|-end|p1a: Walking Wake|Protosynthesis|[silent]
|switch|p1a: Great Tusk|Great Tusk, shiny|83/100
|move|p2a: Blissey|Shadow Ball|p1a: Great Tusk
|-damage|p1a: Great Tusk|64/100
|
|-damage|p2a: Blissey|69/100 brn|[from] brn
|upkeep
|turn|33
|
|t:|1776157569
|-curestatus|p2a: Blissey|brn|[from] ability: Natural Cure
|switch|p2a: Dondozo|Dondozo, M|94/100
|move|p1a: Great Tusk|Close Combat|p2a: Dondozo
|-damage|p2a: Dondozo|71/100
|-unboost|p1a: Great Tusk|def|1
|-unboost|p1a: Great Tusk|spd|1
|
|upkeep
|turn|34
|n|!yourphobiaz|yourphobiaz
|-message|yourphobiaz forfeited.
|
|win|lazy77
