|html|<div class="broadcast-blue"><strong>[Gen 9] OU is currently suspecting Volcarona! For information on how to participate check out the <a href="https://www.smogon.com/tools/suspects/view/208">suspect thread</a>.</strong></div>
|j|‽ayerbe
|j|☆Sasori07
|t:|1778505603
|gametype|singles
|player|p1|ayerbe|blackbelt-gen4dp|1595
|player|p2|Sasori07|volkner|1559
|gen|9
|tier|[Gen 9] OU
|rated|
|rule|HP Percentage Mod: HP is shown in percentages
|rule|Endless Battle Clause: Forcing endless battles is banned
|rule|Species Clause: Limit one of each Pokémon
|rule|OHKO Clause: OHKO moves are banned
|rule|Evasion Items Clause: Evasion items are banned
|rule|Evasion Moves Clause: Evasion moves are banned
|rule|Evasion Abilities Clause: Evasion abilities are banned
|rule|Sleep Moves Clause: Sleep-inducing moves are banned
|clearpoke
|poke|p1|Great Tusk|
|poke|p1|Scizor, M|
|poke|p1|Garganacl, M|
|poke|p1|Ting-Lu|
|poke|p1|Raging Bolt|
|poke|p1|Gholdengo|
|poke|p2|Garchomp, F|
|poke|p2|Corviknight, M|
|poke|p2|Pecharunt|
|poke|p2|Meowscarada, F|
|poke|p2|Primarina, F|
|poke|p2|Raging Bolt|
|teampreview
|inactive|Battle timer is ON: inactive players will automatically lose when time's up. (requested by ayerbe)
|
|t:|1778505610
|teamsize|p1|6
|teamsize|p2|6
|start
|switch|p1a: Ting-Lu|Ting-Lu|100/100
|switch|p2a: Meowscarada|Meowscarada, F|100/100
|-ability|p1a: Ting-Lu|Vessel of Ruin
|turn|1
|
|t:|1778505613
|move|p2a: Meowscarada|Knock Off|p1a: Ting-Lu
|-start|p2a: Meowscarada|typechange|Dark|[from] ability: Protean
|-resisted|p1a: Ting-Lu
|-damage|p1a: Ting-Lu|88/100
|-enditem|p1a: Ting-Lu|Leftovers|[from] move: Knock Off|[of] p2a: Meowscarada
|move|p1a: Ting-Lu|Stealth Rock|p2a: Meowscarada
|-sidestart|p2: Sasori07|move: Stealth Rock
|
|upkeep
|turn|2
|
|t:|1778505630
|switch|p2a: Corviknight|Corviknight, M|100/100
|-damage|p2a: Corviknight|88/100|[from] Stealth Rock
|-ability|p2a: Corviknight|Pressure
|move|p1a: Ting-Lu|Spikes|p2a: Corviknight
|-sidestart|p2: Sasori07|Spikes
|
|upkeep
|turn|3
|
|t:|1778505637
|move|p2a: Corviknight|Brave Bird|p1a: Ting-Lu
|-damage|p1a: Ting-Lu|67/100
|-damage|p2a: Corviknight|79/100|[from] Recoil
|move|p1a: Ting-Lu|Spikes|p2a: Corviknight
|-sidestart|p2: Sasori07|Spikes
|
|upkeep
|turn|4
|
|t:|1778505643
|switch|p1a: Gholdengo|Gholdengo|100/100
|move|p2a: Corviknight|Defog|p1a: Gholdengo
|-immune|p1a: Gholdengo|[from] ability: Good as Gold
|
|upkeep
|turn|5
|
|t:|1778505647
|switch|p2a: Primarina|Primarina, F|100/100
|-damage|p2a: Primarina|88/100|[from] Stealth Rock
|-damage|p2a: Primarina|71/100|[from] Spikes
|move|p1a: Gholdengo|Trick|p2a: Primarina
|-activate|p1a: Gholdengo|move: Trick|[of] p2a: Primarina
|-item|p2a: Primarina|Choice Scarf|[from] move: Trick
|-item|p1a: Gholdengo|Leftovers|[from] move: Trick
|
|upkeep
|turn|6
|
|t:|1778505654
|switch|p1a: Raging Bolt|Raging Bolt|100/100
|move|p2a: Primarina|Flip Turn|p1a: Raging Bolt
|-resisted|p1a: Raging Bolt
|-damage|p1a: Raging Bolt|94/100
|
|t:|1778505658
|switch|p2a: Garchomp|Garchomp, F|100/100|[from] Flip Turn
|-damage|p2a: Garchomp|94/100|[from] Stealth Rock
|-damage|p2a: Garchomp|78/100|[from] Spikes
|
|upkeep
|turn|7
|
|t:|1778505662
|move|p2a: Garchomp|Earthquake|p1a: Raging Bolt
|-supereffective|p1a: Raging Bolt
|-damage|p1a: Raging Bolt|9/100
|move|p1a: Raging Bolt|Dragon Pulse|p2a: Garchomp
|-supereffective|p2a: Garchomp
|-damage|p2a: Garchomp|0 fnt
|faint|p2a: Garchomp
|
|upkeep
|
|t:|1778505670
|switch|p2a: Meowscarada|Meowscarada, F|100/100
|-damage|p2a: Meowscarada|88/100|[from] Stealth Rock
|-damage|p2a: Meowscarada|72/100|[from] Spikes
|turn|8
|
|t:|1778505672
|move|p1a: Raging Bolt|Thunderclap|p2a: Meowscarada
|-resisted|p2a: Meowscarada
|-damage|p2a: Meowscarada|41/100
|move|p2a: Meowscarada|U-turn|p1a: Raging Bolt
|-start|p2a: Meowscarada|typechange|Bug|[from] ability: Protean
|-damage|p1a: Raging Bolt|0 fnt
|faint|p1a: Raging Bolt
|-end|p1a: Raging Bolt|Protosynthesis|[silent]
|
|t:|1778505676
|switch|p2a: Raging Bolt|Raging Bolt|100/100|[from] U-turn
|-damage|p2a: Raging Bolt|88/100|[from] Stealth Rock
|-damage|p2a: Raging Bolt|72/100|[from] Spikes
|
|upkeep
|
|t:|1778505679
|switch|p1a: Ting-Lu|Ting-Lu|67/100
|-ability|p1a: Ting-Lu|Vessel of Ruin
|turn|9
|
|t:|1778505681
|move|p2a: Raging Bolt|Draco Meteor|p1a: Ting-Lu
|-damage|p1a: Ting-Lu|36/100
|-unboost|p2a: Raging Bolt|spa|2
|move|p1a: Ting-Lu|Spikes|p2a: Raging Bolt
|-sidestart|p2: Sasori07|Spikes
|
|upkeep
|turn|10
|
|t:|1778505688
|-end|p2a: Raging Bolt|Protosynthesis|[silent]
|switch|p2a: Corviknight|Corviknight, M|79/100
|-damage|p2a: Corviknight|67/100|[from] Stealth Rock
|-ability|p2a: Corviknight|Pressure
|move|p1a: Ting-Lu|Whirlwind|p2a: Corviknight
|drag|p2a: Pecharunt|Pecharunt|100/100
|
|upkeep
|turn|11
|
|t:|1778505697
|switch|p1a: Scizor|Scizor, M|100/100
|move|p2a: Pecharunt|Malignant Chain|p1a: Scizor
|-immune|p1a: Scizor
|
|upkeep
|turn|12
|
|t:|1778505700
|move|p2a: Pecharunt|Shadow Ball|p1a: Scizor
|-damage|p1a: Scizor|67/100
|move|p1a: Scizor|Knock Off|p2a: Pecharunt
|-supereffective|p2a: Pecharunt
|-damage|p2a: Pecharunt|56/100
|-enditem|p2a: Pecharunt|Heavy-Duty Boots|[from] move: Knock Off|[of] p1a: Scizor
|
|upkeep
|turn|13
|
|t:|1778505705
|switch|p1a: Garganacl|Garganacl, M|100/100
|move|p2a: Pecharunt|Recover|p2a: Pecharunt
|-heal|p2a: Pecharunt|100/100
|
|upkeep
|turn|14
|
|t:|1778505707
|move|p2a: Pecharunt|Parting Shot|p1a: Garganacl
|-unboost|p1a: Garganacl|atk|1
|-unboost|p1a: Garganacl|spa|1
|
|t:|1778505712
|switch|p2a: Meowscarada|Meowscarada, F|41/100|[from] Parting Shot
|-damage|p2a: Meowscarada|28/100|[from] Stealth Rock
|-damage|p2a: Meowscarada|4/100|[from] Spikes
|move|p1a: Garganacl|Salt Cure|p2a: Meowscarada
|-damage|p2a: Meowscarada|0 fnt
|faint|p2a: Meowscarada
|
|upkeep
|
|t:|1778505716
|switch|p2a: Primarina|Primarina, F|71/100
|-damage|p2a: Primarina|59/100|[from] Stealth Rock
|-damage|p2a: Primarina|34/100|[from] Spikes
|turn|15
|
|t:|1778505719
|-terastallize|p1a: Garganacl|Ghost
|move|p2a: Primarina|Psychic Noise|p1a: Garganacl
|-damage|p1a: Garganacl|69/100
|-start|p1a: Garganacl|move: Heal Block
|move|p1a: Garganacl|Salt Cure|p2a: Primarina
|-damage|p2a: Primarina|23/100
|-start|p2a: Primarina|Salt Cure
|
|-damage|p2a: Primarina|0 fnt|[from] Salt Cure
|faint|p2a: Primarina
|upkeep
|
|t:|1778505728
|switch|p2a: Raging Bolt|Raging Bolt|72/100
|-damage|p2a: Raging Bolt|59/100|[from] Stealth Rock
|-damage|p2a: Raging Bolt|34/100|[from] Spikes
|turn|16
|
|t:|1778505732
|switch|p1a: Ting-Lu|Ting-Lu|36/100
|-ability|p1a: Ting-Lu|Vessel of Ruin
|move|p2a: Raging Bolt|Draco Meteor|p1a: Ting-Lu|[miss]
|-miss|p2a: Raging Bolt|p1a: Ting-Lu
|
|upkeep
|turn|17
|
|t:|1778505735
|move|p2a: Raging Bolt|Draco Meteor|p1a: Ting-Lu
|-damage|p1a: Ting-Lu|8/100
|-unboost|p2a: Raging Bolt|spa|2
|move|p1a: Ting-Lu|Whirlwind|p2a: Raging Bolt
|-end|p2a: Raging Bolt|Protosynthesis|[silent]
|drag|p2a: Corviknight|Corviknight, M|67/100
|-damage|p2a: Corviknight|55/100|[from] Stealth Rock
|-ability|p2a: Corviknight|Pressure
|
|upkeep
|turn|18
|
|t:|1778505744
|switch|p1a: Gholdengo|Gholdengo|100/100
|move|p2a: Corviknight|Roost|p2a: Corviknight
|-heal|p2a: Corviknight|100/100
|-singleturn|p2a: Corviknight|move: Roost
|
|upkeep
|turn|19
|
|t:|1778505749
|move|p1a: Gholdengo|Thunderbolt|p2a: Corviknight
|-supereffective|p2a: Corviknight
|-damage|p2a: Corviknight|37/100
|move|p2a: Corviknight|Brave Bird|p1a: Gholdengo
|-resisted|p1a: Gholdengo
|-damage|p1a: Gholdengo|78/100
|-damage|p2a: Corviknight|32/100|[from] Recoil
|
|-heal|p1a: Gholdengo|84/100|[from] item: Leftovers
|upkeep
|turn|20
|
|t:|1778505754
|move|p1a: Gholdengo|Thunderbolt|p2a: Corviknight
|-supereffective|p2a: Corviknight
|-damage|p2a: Corviknight|0 fnt
|faint|p2a: Corviknight
|
|-heal|p1a: Gholdengo|90/100|[from] item: Leftovers
|upkeep
|-message|Sasori07 forfeited.
|
|win|ayerbe
|raw|ayerbe's rating: 1595 &rarr; <strong>1613</strong><br />(+18 for winning)
|raw|Sasori07's rating: 1559 &rarr; <strong>1541</strong><br />(-18 for losing)
|l|☆Sasori07
|player|p2|
|l|‽ayerbe
|player|p1|
|j|‽ayerbe
|player|p1|ayerbe|blackbelt-gen4dp|
|n|‽ayerbe|ayerbe
|l|‽ayerbe
|player|p1|
