|html|<div class="broadcast-blue"><strong>[Gen 9] OU is currently suspecting Tera Blast! For information on how to participate check out the <a href="https://www.smogon.com/tools/suspects/view/200">suspect thread</a>.</strong></div>
|j|☆PinguButGood
|j|☆pokepunchbattlesv3
|t:|1776208090
|gametype|singles
|player|p1|PinguButGood|falkner|1215
|player|p2|pokepunchbattlesv3|265|1215
|gen|9
|tier|[Gen 9] OU
|rated|
|rule|HP Percentage Mod: HP is shown in percentages
|rule|Endless Battle Clause: Forcing endless battles is banned
|rule|Species Clause: Limit one of each Pokémon
|rule|OHKO Clause: OHKO moves are banned
|rule|Evasion Items Clause: Evasion items are banned
|rule|Evasion Moves Clause: Evasion moves are banned
|rule|Evasion Abilities Clause: Evasion abilities are banned
|rule|Sleep Moves Clause: Sleep-inducing moves are banned
|clearpoke
|poke|p1|Kyurem|
|poke|p1|Rillaboom, F|
|poke|p1|Garganacl, M|
|poke|p1|Pecharunt|
|poke|p1|Iron Treads|
|poke|p1|Zamazenta-*|
|poke|p2|Hydrapple, M|
|poke|p2|Cinderace, M|
|poke|p2|Gliscor, F|
|poke|p2|Darkrai|
|poke|p2|Hatterene, F|
|poke|p2|Iron Crown|
|teampreview
|inactive|Battle timer is ON: inactive players will automatically lose when time's up. (requested by PinguButGood)
|inactive|pokepunchbattlesv3 has 120 seconds left.
|
|t:|1776208127
|teamsize|p1|6
|teamsize|p2|6
|start
|switch|p1a: Garganacl|Garganacl, M|100/100
|switch|p2a: Darkrai|Darkrai|100/100
|turn|1
|
|t:|1776208136
|move|p2a: Darkrai|Dark Pulse|p1a: Garganacl
|-damage|p1a: Garganacl|59/100
|-damage|p2a: Darkrai|91/100|[from] item: Life Orb
|cant|p1a: Garganacl|flinch
|
|-heal|p1a: Garganacl|65/100|[from] item: Leftovers
|upkeep
|turn|2
|
|t:|1776208153
|move|p1a: Garganacl|Protect|p1a: Garganacl
|-singleturn|p1a: Garganacl|Protect
|move|p2a: Darkrai|Dark Pulse|p1a: Garganacl
|-activate|p1a: Garganacl|move: Protect
|
|-heal|p1a: Garganacl|71/100|[from] item: Leftovers
|upkeep
|turn|3
|
|t:|1776208160
|switch|p2a: Hydrapple|Hydrapple, M|100/100
|move|p1a: Garganacl|Salt Cure|p2a: Hydrapple
|-damage|p2a: Hydrapple|90/100
|-start|p2a: Hydrapple|Salt Cure
|
|-heal|p1a: Garganacl|77/100|[from] item: Leftovers
|-damage|p2a: Hydrapple|78/100|[from] Salt Cure
|upkeep
|turn|4
|
|t:|1776208173
|switch|p1a: Iron Treads|Iron Treads|100/100
|-terastallize|p2a: Hydrapple|Dragon
|move|p2a: Hydrapple|Draco Meteor|p1a: Iron Treads|[miss]
|-miss|p2a: Hydrapple|p1a: Iron Treads
|
|-damage|p2a: Hydrapple|66/100|[from] Salt Cure
|upkeep
|turn|5
|
|t:|1776208186
|switch|p2a: Gliscor|Gliscor, F|100/100
|move|p1a: Iron Treads|Ice Spinner|p2a: Gliscor
|-supereffective|p2a: Gliscor
|-damage|p2a: Gliscor|35/100
|
|-status|p2a: Gliscor|tox|[from] item: Toxic Orb
|upkeep
|turn|6
|
|t:|1776208197
|move|p2a: Gliscor|Protect|p2a: Gliscor
|-singleturn|p2a: Gliscor|Protect
|move|p1a: Iron Treads|Knock Off|p2a: Gliscor
|-activate|p2a: Gliscor|move: Protect
|
|-heal|p2a: Gliscor|47/100 tox|[from] ability: Poison Heal
|upkeep
|turn|7
|
|t:|1776208210
|switch|p2a: Iron Crown|Iron Crown|100/100
|move|p1a: Iron Treads|Ice Spinner|p2a: Iron Crown
|-resisted|p2a: Iron Crown
|-damage|p2a: Iron Crown|88/100
|
|upkeep
|turn|8
|
|t:|1776208216
|move|p2a: Iron Crown|Focus Blast|p1a: Iron Treads|[miss]
|-miss|p2a: Iron Crown|p1a: Iron Treads
|move|p1a: Iron Treads|High Horsepower|p2a: Iron Crown
|-supereffective|p2a: Iron Crown
|-damage|p2a: Iron Crown|0 fnt
|faint|p2a: Iron Crown
|-end|p2a: Iron Crown|Quark Drive|[silent]
|
|upkeep
|
|t:|1776208224
|switch|p2a: Hydrapple|Hydrapple, M, tera:Dragon|99/100
|turn|9
|
|t:|1776208249
|move|p1a: Iron Treads|Ice Spinner|p2a: Hydrapple
|-supereffective|p2a: Hydrapple
|-damage|p2a: Hydrapple|58/100
|move|p2a: Hydrapple|Draco Meteor|p1a: Iron Treads
|-resisted|p1a: Iron Treads
|-damage|p1a: Iron Treads|32/100
|-unboost|p2a: Hydrapple|spa|2
|
|upkeep
|turn|10
|
|t:|1776208267
|move|p1a: Iron Treads|Ice Spinner|p2a: Hydrapple
|-supereffective|p2a: Hydrapple
|-damage|p2a: Hydrapple|16/100
|move|p2a: Hydrapple|Draco Meteor|p1a: Iron Treads
|-resisted|p1a: Iron Treads
|-damage|p1a: Iron Treads|0 fnt
|-unboost|p2a: Hydrapple|spa|2
|faint|p1a: Iron Treads
|-end|p1a: Iron Treads|Quark Drive|[silent]
|
|upkeep
|inactive|PinguButGood has 120 seconds left.
|
|t:|1776208289
|switch|p1a: Rillaboom|Rillaboom, F|100/100
|-fieldstart|move: Grassy Terrain|[from] ability: Grassy Surge|[of] p1a: Rillaboom
|turn|11
|
|t:|1776208293
|switch|p2a: Cinderace|Cinderace, M|100/100
|move|p1a: Rillaboom|Wood Hammer|p2a: Cinderace
|-resisted|p2a: Cinderace
|-damage|p2a: Cinderace|1/100
|-damage|p1a: Rillaboom|71/100|[from] Recoil
|
|-heal|p2a: Cinderace|7/100|[from] Grassy Terrain
|-heal|p1a: Rillaboom|78/100|[from] Grassy Terrain
|upkeep
|turn|12
|
|t:|1776208303
|switch|p1a: Pecharunt|Pecharunt|100/100
|move|p2a: Cinderace|Pyro Ball|p1a: Pecharunt
|-damage|p1a: Pecharunt|66/100
|
|-heal|p2a: Cinderace|13/100|[from] Grassy Terrain
|-heal|p1a: Pecharunt|73/100|[from] Grassy Terrain
|upkeep
|turn|13
|
|t:|1776208315
|move|p2a: Cinderace|U-turn|p1a: Pecharunt
|-start|p2a: Cinderace|typechange|Bug|[from] ability: Libero
|-resisted|p1a: Pecharunt
|-damage|p1a: Pecharunt|68/100
|
|t:|1776208318
|switch|p2a: Darkrai|Darkrai|91/100|[from] U-turn
|move|p1a: Pecharunt|Parting Shot|p2a: Darkrai
|-unboost|p2a: Darkrai|atk|1
|-unboost|p2a: Darkrai|spa|1
|
|t:|1776208332
|switch|p1a: Zamazenta|Zamazenta|100/100|[from] Parting Shot
|-ability|p1a: Zamazenta|Dauntless Shield|boost
|-boost|p1a: Zamazenta|def|1
|
|-heal|p2a: Darkrai|97/100|[from] Grassy Terrain
|upkeep
|turn|14
|inactive|PinguButGood has 120 seconds left.
|
|t:|1776208348
|switch|p2a: Hatterene|Hatterene, F|100/100
|move|p1a: Zamazenta|Body Press|p2a: Hatterene
|-resisted|p2a: Hatterene
|-damage|p2a: Hatterene|83/100
|
|-heal|p2a: Hatterene|89/100|[from] Grassy Terrain
|upkeep
|turn|15
|
|t:|1776208356
|switch|p1a: Garganacl|Garganacl, M|77/100
|move|p2a: Hatterene|Psychic Noise|p1a: Garganacl
|-damage|p1a: Garganacl|48/100
|-start|p1a: Garganacl|move: Heal Block
|
|-heal|p2a: Hatterene|95/100|[from] Grassy Terrain
|-fieldend|move: Grassy Terrain
|upkeep
|turn|16
|
|t:|1776208366
|move|p1a: Garganacl|Salt Cure|p2a: Hatterene
|-damage|p2a: Hatterene|79/100
|-start|p2a: Hatterene|Salt Cure
|move|p2a: Hatterene|Dazzling Gleam|p1a: Garganacl
|-damage|p1a: Garganacl|15/100
|
|-damage|p2a: Hatterene|67/100|[from] Salt Cure
|-end|p1a: Garganacl|move: Heal Block
|upkeep
|turn|17
|
|t:|1776208374
|move|p1a: Garganacl|Protect|p1a: Garganacl
|-singleturn|p1a: Garganacl|Protect
|move|p2a: Hatterene|Psychic Noise|p1a: Garganacl
|-activate|p1a: Garganacl|move: Protect
|
|-heal|p1a: Garganacl|22/100|[from] item: Leftovers
|-damage|p2a: Hatterene|55/100|[from] Salt Cure
|upkeep
|turn|18
|
|t:|1776208393
|move|p1a: Garganacl|Recover|p1a: Garganacl
|-heal|p1a: Garganacl|72/100
|move|p2a: Hatterene|Psychic Noise|p1a: Garganacl
|-damage|p1a: Garganacl|43/100
|-start|p1a: Garganacl|move: Heal Block
|
|-damage|p2a: Hatterene|42/100|[from] Salt Cure
|upkeep
|turn|19
|
|t:|1776208403
|switch|p2a: Hydrapple|Hydrapple, M, tera:Dragon|49/100
|move|p1a: Garganacl|Protect||[still]
|-fail|p1a: Garganacl
|
|-end|p1a: Garganacl|move: Heal Block
|upkeep
|turn|20
|
|t:|1776208416
|move|p1a: Garganacl|Protect|p1a: Garganacl
|-singleturn|p1a: Garganacl|Protect
|move|p2a: Hydrapple|Draco Meteor|p1a: Garganacl
|-activate|p1a: Garganacl|move: Protect
|
|-heal|p1a: Garganacl|50/100|[from] item: Leftovers
|upkeep
|turn|21
|
|t:|1776208425
|move|p2a: Hydrapple|Draco Meteor|p1a: Garganacl
|-crit|p1a: Garganacl
|-damage|p1a: Garganacl|0 fnt
|-unboost|p2a: Hydrapple|spa|2
|faint|p1a: Garganacl
|
|upkeep
|
|t:|1776208433
|switch|p1a: Kyurem|Kyurem|100/100
|-ability|p1a: Kyurem|Pressure
|turn|22
|
|t:|1776208437
|switch|p2a: Cinderace|Cinderace, M|13/100
|move|p1a: Kyurem|Substitute|p1a: Kyurem
|-start|p1a: Kyurem|Substitute
|-damage|p1a: Kyurem|76/100
|
|-heal|p1a: Kyurem|82/100|[from] item: Leftovers
|upkeep
|turn|23
|
|t:|1776208446
|move|p2a: Cinderace|High Jump Kick|p1a: Kyurem
|-start|p2a: Cinderace|typechange|Fighting|[from] ability: Libero
|-supereffective|p1a: Kyurem
|-end|p1a: Kyurem|Substitute
|move|p1a: Kyurem|Freeze-Dry|p2a: Cinderace
|-damage|p2a: Cinderace|0 fnt
|faint|p2a: Cinderace
|
|-heal|p1a: Kyurem|88/100|[from] item: Leftovers
|upkeep
|
|t:|1776208454
|switch|p2a: Hatterene|Hatterene, F|42/100
|turn|24
|
|t:|1776208461
|-terastallize|p1a: Kyurem|Ground
|move|p1a: Kyurem|Earth Power|p2a: Hatterene
|-damage|p2a: Hatterene|11/100
|-unboost|p2a: Hatterene|spd|1
|move|p2a: Hatterene|Dazzling Gleam|p1a: Kyurem
|-damage|p1a: Kyurem|48/100
|
|-heal|p1a: Kyurem|54/100|[from] item: Leftovers
|upkeep
|turn|25
|
|t:|1776208473
|move|p1a: Kyurem|Substitute|p1a: Kyurem
|-start|p1a: Kyurem|Substitute
|-damage|p1a: Kyurem|29/100
|move|p2a: Hatterene|Dazzling Gleam|p1a: Kyurem
|-end|p1a: Kyurem|Substitute
|
|-heal|p1a: Kyurem|35/100|[from] item: Leftovers
|upkeep
|turn|26
|
|t:|1776208481
|move|p1a: Kyurem|Freeze-Dry|p2a: Hatterene
|-damage|p2a: Hatterene|0 fnt
|faint|p2a: Hatterene
|
|-heal|p1a: Kyurem|41/100|[from] item: Leftovers
|upkeep
|
|t:|1776208484
|switch|p2a: Darkrai|Darkrai|97/100
|turn|27
|
|t:|1776208490
|move|p1a: Kyurem|Protect|p1a: Kyurem
|-singleturn|p1a: Kyurem|Protect
|move|p2a: Darkrai|Ice Beam|p1a: Kyurem
|-activate|p1a: Kyurem|move: Protect
|
|-heal|p1a: Kyurem|48/100|[from] item: Leftovers
|upkeep
|turn|28
|
|t:|1776208505
|switch|p1a: Zamazenta|Zamazenta|100/100
|move|p2a: Darkrai|Ice Beam|p1a: Zamazenta
|-crit|p1a: Zamazenta
|-damage|p1a: Zamazenta|41/100
|-damage|p2a: Darkrai|87/100|[from] item: Life Orb
|
|-heal|p1a: Zamazenta|47/100|[from] item: Leftovers
|upkeep
|turn|29
|
|t:|1776208518
|switch|p2a: Gliscor|Gliscor, F|47/100 tox
|move|p1a: Zamazenta|Body Press|p2a: Gliscor
|-resisted|p2a: Gliscor
|-damage|p2a: Gliscor|36/100 tox
|
|-heal|p1a: Zamazenta|53/100|[from] item: Leftovers
|-heal|p2a: Gliscor|48/100 tox|[from] ability: Poison Heal
|upkeep
|turn|30
|
|t:|1776208528
|switch|p1a: Pecharunt|Pecharunt|68/100
|move|p2a: Gliscor|Knock Off|p1a: Pecharunt
|-supereffective|p1a: Pecharunt
|-damage|p1a: Pecharunt|42/100
|-enditem|p1a: Pecharunt|Heavy-Duty Boots|[from] move: Knock Off|[of] p2a: Gliscor
|
|-heal|p2a: Gliscor|60/100 tox|[from] ability: Poison Heal
|upkeep
|turn|31
|
|t:|1776208542
|move|p1a: Pecharunt|Recover|p1a: Pecharunt
|-heal|p1a: Pecharunt|92/100
|move|p2a: Gliscor|Earthquake|p1a: Pecharunt
|-supereffective|p1a: Pecharunt
|-damage|p1a: Pecharunt|52/100
|
|-heal|p2a: Gliscor|73/100 tox|[from] ability: Poison Heal
|upkeep
|turn|32
|
|t:|1776208551
|move|p2a: Gliscor|Protect|p2a: Gliscor
|-singleturn|p2a: Gliscor|Protect
|move|p1a: Pecharunt|Parting Shot|p2a: Gliscor
|-activate|p2a: Gliscor|move: Protect
|
|-heal|p2a: Gliscor|85/100 tox|[from] ability: Poison Heal
|upkeep
|turn|33
|inactive|pokepunchbattlesv3 has 120 seconds left.
|
|t:|1776208588
|move|p1a: Pecharunt|Recover|p1a: Pecharunt
|-heal|p1a: Pecharunt|100/100
|move|p2a: Gliscor|Earthquake|p1a: Pecharunt
|-supereffective|p1a: Pecharunt
|-damage|p1a: Pecharunt|59/100
|
|-heal|p2a: Gliscor|98/100 tox|[from] ability: Poison Heal
|upkeep
|turn|34
|
|t:|1776208598
|move|p1a: Pecharunt|Parting Shot|p2a: Gliscor
|-unboost|p2a: Gliscor|atk|1
|-unboost|p2a: Gliscor|spa|1
|
|t:|1776208615
|switch|p1a: Kyurem|Kyurem, tera:Ground|48/100|[from] Parting Shot
|-ability|p1a: Kyurem|Pressure
|move|p2a: Gliscor|Spikes|p1a: Kyurem
|-sidestart|p1: PinguButGood|Spikes
|
|-heal|p1a: Kyurem|54/100|[from] item: Leftovers
|-heal|p2a: Gliscor|100/100 tox|[from] ability: Poison Heal
|upkeep
|turn|35
|
|t:|1776208627
|switch|p2a: Darkrai|Darkrai|87/100
|move|p1a: Kyurem|Substitute|p1a: Kyurem
|-start|p1a: Kyurem|Substitute
|-damage|p1a: Kyurem|29/100
|
|-heal|p1a: Kyurem|35/100|[from] item: Leftovers
|upkeep
|turn|36
|
|t:|1776208635
|move|p2a: Darkrai|Dark Pulse|p1a: Kyurem
|-end|p1a: Kyurem|Substitute
|-damage|p2a: Darkrai|77/100|[from] item: Life Orb
|move|p1a: Kyurem|Earth Power|p2a: Darkrai
|-damage|p2a: Darkrai|18/100
|
|-heal|p1a: Kyurem|41/100|[from] item: Leftovers
|upkeep
|turn|37
|
|t:|1776208657
|move|p1a: Kyurem|Protect|p1a: Kyurem
|-singleturn|p1a: Kyurem|Protect
|move|p2a: Darkrai|Will-O-Wisp|p1a: Kyurem
|-activate|p1a: Kyurem|move: Protect
|
|-heal|p1a: Kyurem|47/100|[from] item: Leftovers
|upkeep
|turn|38
|
|t:|1776208667
|move|p2a: Darkrai|Ice Beam|p1a: Kyurem
|-supereffective|p1a: Kyurem
|-damage|p1a: Kyurem|0 fnt
|faint|p1a: Kyurem
|-damage|p2a: Darkrai|8/100|[from] item: Life Orb
|
|upkeep
|inactive|PinguButGood has 120 seconds left.
|
|t:|1776208707
|switch|p1a: Rillaboom|Rillaboom, F|78/100
|-damage|p1a: Rillaboom|65/100|[from] Spikes
|-fieldstart|move: Grassy Terrain|[from] ability: Grassy Surge|[of] p1a: Rillaboom
|turn|39
|
|t:|1776208722
|switch|p2a: Hydrapple|Hydrapple, M, tera:Dragon|83/100
|move|p1a: Rillaboom|Wood Hammer|p2a: Hydrapple
|-resisted|p2a: Hydrapple
|-damage|p2a: Hydrapple|30/100
|-damage|p1a: Rillaboom|44/100|[from] Recoil
|
|-heal|p1a: Rillaboom|50/100|[from] Grassy Terrain
|-heal|p2a: Hydrapple|36/100|[from] Grassy Terrain
|upkeep
|turn|40
|
|t:|1776208731
|switch|p2a: Gliscor|Gliscor, F|100/100 tox
|move|p1a: Rillaboom|Wood Hammer|p2a: Gliscor
|-damage|p2a: Gliscor|24/100 tox
|-damage|p1a: Rillaboom|24/100|[from] Recoil
|
|-heal|p1a: Rillaboom|30/100|[from] Grassy Terrain
|-heal|p2a: Gliscor|37/100 tox|[from] ability: Poison Heal
|upkeep
|turn|41
|
|t:|1776208740
|move|p2a: Gliscor|Protect|p2a: Gliscor
|-singleturn|p2a: Gliscor|Protect
|move|p1a: Rillaboom|Wood Hammer|p2a: Gliscor
|-activate|p2a: Gliscor|move: Protect
|
|-heal|p1a: Rillaboom|37/100|[from] Grassy Terrain
|-heal|p2a: Gliscor|49/100 tox|[from] ability: Poison Heal
|upkeep
|turn|42
|
|t:|1776208765
|move|p1a: Rillaboom|Wood Hammer|p2a: Gliscor
|-damage|p2a: Gliscor|0 fnt
|faint|p2a: Gliscor
|-damage|p1a: Rillaboom|20/100|[from] Recoil
|
|-heal|p1a: Rillaboom|26/100|[from] Grassy Terrain
|upkeep
|
|t:|1776208770
|switch|p2a: Darkrai|Darkrai|8/100
|turn|43
|
|t:|1776208777
|switch|p1a: Zamazenta|Zamazenta|53/100
|-damage|p1a: Zamazenta|41/100|[from] Spikes
|move|p2a: Darkrai|Ice Beam|p1a: Zamazenta
|-damage|p1a: Zamazenta|5/100
|-damage|p2a: Darkrai|0 fnt|[from] item: Life Orb
|faint|p2a: Darkrai
|
|-heal|p1a: Zamazenta|12/100|[from] Grassy Terrain
|-heal|p1a: Zamazenta|18/100|[from] item: Leftovers
|-fieldend|move: Grassy Terrain
|upkeep
|
|t:|1776208780
|switch|p2a: Hydrapple|Hydrapple, M, tera:Dragon|69/100
|turn|44
|
|t:|1776208801
|move|p1a: Zamazenta|Body Press|p2a: Hydrapple
|-damage|p2a: Hydrapple|42/100
|move|p2a: Hydrapple|Draco Meteor|p1a: Zamazenta
|-damage|p1a: Zamazenta|0 fnt
|-unboost|p2a: Hydrapple|spa|2
|faint|p1a: Zamazenta
|
|upkeep
|
|t:|1776208811
|switch|p1a: Pecharunt|Pecharunt|59/100
|-damage|p1a: Pecharunt|47/100|[from] Spikes
|turn|45
|
|t:|1776208815
|move|p1a: Pecharunt|Malignant Chain|p2a: Hydrapple
|-damage|p2a: Hydrapple|10/100
|-status|p2a: Hydrapple|tox
|-start|p2a: Hydrapple|confusion|[from] ability: Poison Puppeteer|[of] p1a: Pecharunt
|-activate|p2a: Hydrapple|confusion
|-damage|p2a: Hydrapple|5/100 tox|[from] confusion
|
|-damage|p2a: Hydrapple|0 fnt|[from] psn
|faint|p2a: Hydrapple
|
|win|PinguButGood
|raw|PinguButGood's rating: 1215 &rarr; <strong>1240</strong><br />(+25 for winning)
|raw|pokepunchbattlesv3's rating: 1215 &rarr; <strong>1190</strong><br />(-25 for losing)
|c|☆PinguButGood|ggwp
