|html|<div class="broadcast-blue"><strong>[Gen 9] OU is currently suspecting Tera Blast! For information on how to participate check out the <a href="https://www.smogon.com/tools/suspects/view/200">suspect thread</a>.</strong></div>
|j|☆klaudetttteee
|j|☆idktbhatthispoint
|t:|1776063237
|gametype|singles
|player|p1|klaudetttteee|shauntal|1074
|player|p2|idktbhatthispoint|waiter-gen4dp|1093
|gen|9
|tier|[Gen 9] OU
|rated|
|rule|HP Percentage Mod: HP is shown in percentages
|rule|Endless Battle Clause: Forcing endless battles is banned
|rule|Species Clause: Limit one of each Pokémon
|rule|OHKO Clause: OHKO moves are banned
|rule|Evasion Items Clause: Evasion items are banned
|rule|Evasion Moves Clause: Evasion moves are banned
|rule|Evasion Abilities Clause: Evasion abilities are banned
|rule|Sleep Moves Clause: Sleep-inducing moves are banned
|clearpoke
|poke|p1|Dragapult, F|
|poke|p1|Ceruledge, M|
|poke|p1|Umbreon, M|
|poke|p1|Glimmora, F|
|poke|p1|Weavile, F|
|poke|p1|Rotom-Wash|
|poke|p2|Ceruledge, M|
|poke|p2|Clodsire, M|
|poke|p2|Farigiraf, F|
|poke|p2|Meowscarada, F|
|poke|p2|Skeledirge, F|
|poke|p2|Kilowattrel, F|
|teampreview
|inactive|Battle timer is ON: inactive players will automatically lose when time's up. (requested by klaudetttteee)
|inactive|idktbhatthispoint also wants the timer to be on.
|
|t:|1776063244
|teamsize|p1|6
|teamsize|p2|6
|start
|switch|p1a: Glimmora|Glimmora, F|100/100
|switch|p2a: Clodsire|Clodsire, M|100/100
|turn|1
|
|t:|1776063252
|move|p1a: Glimmora|Stealth Rock|p2a: Clodsire
|-sidestart|p2: idktbhatthispoint|move: Stealth Rock
|move|p2a: Clodsire|Earthquake|p1a: Glimmora
|-supereffective|p1a: Glimmora
|-enditem|p1a: Glimmora|Focus Sash
|-damage|p1a: Glimmora|1/100
|-activate|p1a: Glimmora|ability: Toxic Debris
|-sidestart|p2: idktbhatthispoint|move: Toxic Spikes
|
|upkeep
|turn|2
|
|t:|1776063261
|move|p1a: Glimmora|Mortal Spin|p2a: Clodsire
|-resisted|p2a: Clodsire
|-damage|p2a: Clodsire|99/100
|move|p2a: Clodsire|Earthquake|p1a: Glimmora
|-supereffective|p1a: Glimmora
|-damage|p1a: Glimmora|0 fnt
|-activate|p1a: Glimmora|ability: Toxic Debris
|-sidestart|p2: idktbhatthispoint|move: Toxic Spikes
|faint|p1a: Glimmora
|
|-heal|p2a: Clodsire|100/100|[from] item: Black Sludge
|upkeep
|
|t:|1776063276
|switch|p1a: Weavile|Weavile, F|100/100
|-ability|p1a: Weavile|Pressure
|turn|3
|
|t:|1776063283
|move|p1a: Weavile|Swords Dance|p1a: Weavile
|-boost|p1a: Weavile|atk|2
|move|p2a: Clodsire|Stealth Rock|p1a: Weavile
|-sidestart|p1: klaudetttteee|move: Stealth Rock
|
|upkeep
|turn|4
|
|t:|1776063289
|move|p1a: Weavile|Icicle Crash|p2a: Clodsire
|-supereffective|p2a: Clodsire
|-damage|p2a: Clodsire|10/100
|move|p2a: Clodsire|Toxic|p1a: Weavile
|-status|p1a: Weavile|tox
|
|-heal|p2a: Clodsire|16/100|[from] item: Black Sludge
|-damage|p1a: Weavile|94/100 tox|[from] psn
|upkeep
|turn|5
|
|t:|1776063299
|move|p2a: Clodsire|Protect|p2a: Clodsire
|-singleturn|p2a: Clodsire|Protect
|move|p1a: Weavile|Ice Shard|p2a: Clodsire
|-activate|p2a: Clodsire|move: Protect
|
|-heal|p2a: Clodsire|22/100|[from] item: Black Sludge
|-damage|p1a: Weavile|82/100 tox|[from] psn
|upkeep
|turn|6
|
|t:|1776063324
|switch|p2a: Ceruledge|Ceruledge, M, shiny|100/100
|-damage|p2a: Ceruledge|75/100|[from] Stealth Rock
|-status|p2a: Ceruledge|tox
|move|p1a: Weavile|Ice Shard|p2a: Ceruledge
|-resisted|p2a: Ceruledge
|-crit|p2a: Ceruledge
|-damage|p2a: Ceruledge|33/100 tox
|
|-damage|p1a: Weavile|64/100 tox|[from] psn
|-damage|p2a: Ceruledge|27/100 tox|[from] psn
|upkeep
|turn|7
|
|t:|1776063339
|move|p2a: Ceruledge|Shadow Sneak|p1a: Weavile
|-resisted|p1a: Weavile
|-damage|p1a: Weavile|47/100 tox
|move|p1a: Weavile|Knock Off|p2a: Ceruledge
|-supereffective|p2a: Ceruledge
|-damage|p2a: Ceruledge|0 fnt
|-enditem|p2a: Ceruledge|Salac Berry|[from] move: Knock Off|[of] p1a: Weavile
|faint|p2a: Ceruledge
|
|-damage|p1a: Weavile|22/100 tox|[from] psn
|upkeep
|
|t:|1776063342
|switch|p2a: Skeledirge|Skeledirge, F|100/100
|turn|8
|
|t:|1776063352
|-terastallize|p2a: Skeledirge|Fire
|move|p1a: Weavile|Knock Off|p2a: Skeledirge
|-damage|p2a: Skeledirge|54/100
|-enditem|p2a: Skeledirge|Heavy-Duty Boots|[from] move: Knock Off|[of] p1a: Weavile
|move|p2a: Skeledirge|Flame Charge|p1a: Weavile
|-supereffective|p1a: Weavile
|-damage|p1a: Weavile|0 fnt
|-boost|p2a: Skeledirge|spe|1
|faint|p1a: Weavile
|
|upkeep
|
|t:|1776063373
|switch|p1a: Rotom|Rotom-Wash|100/100
|-damage|p1a: Rotom|88/100|[from] Stealth Rock
|turn|9
|
|t:|1776063381
|move|p2a: Skeledirge|Earth Power|p1a: Rotom
|-immune|p1a: Rotom|[from] ability: Levitate
|move|p1a: Rotom|Hydro Pump|p2a: Skeledirge
|-supereffective|p2a: Skeledirge
|-damage|p2a: Skeledirge|0 fnt
|faint|p2a: Skeledirge
|
|-heal|p1a: Rotom|94/100|[from] item: Leftovers
|upkeep
|
|t:|1776063385
|switch|p2a: Clodsire|Clodsire, M|22/100
|-damage|p2a: Clodsire|16/100|[from] Stealth Rock
|-sideend|p2: idktbhatthispoint|move: Toxic Spikes|[of] p2a: Clodsire
|turn|10
|
|t:|1776063397
|move|p1a: Rotom|Hydro Pump|p2a: Clodsire
|-supereffective|p2a: Clodsire
|-damage|p2a: Clodsire|0 fnt
|faint|p2a: Clodsire
|
|-heal|p1a: Rotom|100/100|[from] item: Leftovers
|upkeep
|
|t:|1776063401
|switch|p2a: Farigiraf|Farigiraf, F|100/100
|-damage|p2a: Farigiraf|88/100|[from] Stealth Rock
|turn|11
|
|t:|1776063411
|move|p2a: Farigiraf|Agility|p2a: Farigiraf
|-boost|p2a: Farigiraf|spe|2
|move|p1a: Rotom|Volt Switch|p2a: Farigiraf
|-damage|p2a: Farigiraf|57/100
|
|t:|1776063417
|switch|p1a: Umbreon|Umbreon, M|100/100|[from] Volt Switch
|-damage|p1a: Umbreon|88/100|[from] Stealth Rock
|
|-heal|p1a: Umbreon|94/100|[from] item: Leftovers
|upkeep
|turn|12
|
|t:|1776063426
|move|p2a: Farigiraf|Dazzling Gleam|p1a: Umbreon
|-supereffective|p1a: Umbreon
|-damage|p1a: Umbreon|70/100
|move|p1a: Umbreon|Toxic|p2a: Farigiraf
|-status|p2a: Farigiraf|tox
|
|-heal|p1a: Umbreon|76/100|[from] item: Leftovers
|-damage|p2a: Farigiraf|51/100 tox|[from] psn
|upkeep
|turn|13
|
|t:|1776063435
|move|p2a: Farigiraf|Dazzling Gleam|p1a: Umbreon
|-supereffective|p1a: Umbreon
|-crit|p1a: Umbreon
|-damage|p1a: Umbreon|39/100
|move|p1a: Umbreon|Wish|p1a: Umbreon
|
|-heal|p1a: Umbreon|45/100|[from] item: Leftovers
|-damage|p2a: Farigiraf|39/100 tox|[from] psn
|upkeep
|turn|14
|
|t:|1776063445
|move|p1a: Umbreon|Protect|p1a: Umbreon
|-singleturn|p1a: Umbreon|Protect
|move|p2a: Farigiraf|Dazzling Gleam|p1a: Umbreon
|-activate|p1a: Umbreon|move: Protect
|
|-heal|p1a: Umbreon|95/100|[from] move: Wish|[wisher] Umbreon
|-heal|p1a: Umbreon|100/100|[from] item: Leftovers
|-damage|p2a: Farigiraf|21/100 tox|[from] psn
|upkeep
|turn|15
|
|t:|1776063456
|move|p2a: Farigiraf|Dazzling Gleam|p1a: Umbreon
|-supereffective|p1a: Umbreon
|-damage|p1a: Umbreon|74/100
|move|p1a: Umbreon|Wish|p1a: Umbreon
|
|-heal|p1a: Umbreon|80/100|[from] item: Leftovers
|-damage|p2a: Farigiraf|0 fnt|[from] psn
|faint|p2a: Farigiraf
|upkeep
|
|t:|1776063459
|switch|p2a: Meowscarada|Meowscarada, F|100/100
|-damage|p2a: Meowscarada|88/100|[from] Stealth Rock
|turn|16
|
|t:|1776063470
|move|p2a: Meowscarada|Low Kick|p1a: Umbreon
|-start|p2a: Meowscarada|typechange|Fighting|[from] ability: Protean
|-supereffective|p1a: Umbreon
|-damage|p1a: Umbreon|24/100
|-damage|p2a: Meowscarada|78/100|[from] item: Life Orb
|move|p1a: Umbreon|Toxic|p2a: Meowscarada
|-status|p2a: Meowscarada|tox
|
|-heal|p1a: Umbreon|74/100|[from] move: Wish|[wisher] Umbreon
|-heal|p1a: Umbreon|80/100|[from] item: Leftovers
|-damage|p2a: Meowscarada|72/100 tox|[from] psn
|upkeep
|turn|17
|
|t:|1776063486
|move|p2a: Meowscarada|Low Kick|p1a: Umbreon
|-supereffective|p1a: Umbreon
|-damage|p1a: Umbreon|22/100
|-damage|p2a: Meowscarada|62/100 tox|[from] item: Life Orb
|move|p1a: Umbreon|Wish|p1a: Umbreon
|
|-heal|p1a: Umbreon|28/100|[from] item: Leftovers
|-damage|p2a: Meowscarada|50/100 tox|[from] psn
|upkeep
|turn|18
|l|☆idktbhatthispoint
|inactive|idktbhatthispoint disconnected and has a minute to reconnect!
|player|p2|
|inactive|idktbhatthispoint has 30 seconds to reconnect!
|inactive|idktbhatthispoint has 20 seconds to reconnect!
|inactive|idktbhatthispoint has 15 seconds to reconnect!
|inactive|idktbhatthispoint has 10 seconds to reconnect!
|inactive|idktbhatthispoint has 5 seconds to reconnect!
|-message|idktbhatthispoint lost due to inactivity.
|
|win|klaudetttteee
|raw|klaudetttteee's rating: 1074 &rarr; <strong>1104</strong><br />(+30 for winning)
|raw|idktbhatthispoint's rating: 1093 &rarr; <strong>1068</strong><br />(-25 for losing)
|l|☆klaudetttteee
|player|p1|
