|html|<div class="broadcast-blue"><strong>[Gen 9] OU is currently suspecting Tera Blast! For information on how to participate check out the <a href="https://www.smogon.com/tools/suspects/view/200">suspect thread</a>.</strong></div>
|j|☆eserraba
|j|☆Vk_XR
|t:|1776071714
|gametype|singles
|player|p1|eserraba|169|1078
|player|p2|Vk_XR|2|1122
|gen|9
|tier|[Gen 9] OU
|rated|
|rule|HP Percentage Mod: HP is shown in percentages
|rule|Endless Battle Clause: Forcing endless battles is banned
|rule|Species Clause: Limit one of each Pokémon
|rule|OHKO Clause: OHKO moves are banned
|rule|Evasion Items Clause: Evasion items are banned
|rule|Evasion Moves Clause: Evasion moves are banned
|rule|Evasion Abilities Clause: Evasion abilities are banned
|rule|Sleep Moves Clause: Sleep-inducing moves are banned
|clearpoke
|poke|p1|Masquerain, M|
|poke|p1|Eelektross, M|
|poke|p1|Shiftry, M|
|poke|p1|Volbeat, M|
|poke|p1|Seviper, M|
|poke|p1|Golduck, F|
|poke|p2|Eiscue, F|
|poke|p2|Blaziken, M|
|poke|p2|Revavroom, F|
|poke|p2|Garganacl, M|
|poke|p2|Quaquaval, M|
|poke|p2|Clefable, M|
|teampreview
|inactive|Battle timer is ON: inactive players will automatically lose when time's up. (requested by eserraba)
|j| ohko_smeargle
|
|t:|1776071740
|teamsize|p1|6
|teamsize|p2|6
|start
|switch|p1a: Golduck|Golduck, F|100/100
|switch|p2a: Garganacl|Garganacl, M|100/100
|-ability|p1a: Golduck|Cloud Nine
|turn|1
|
|t:|1776071748
|move|p1a: Golduck|Surf|p2a: Garganacl
|-supereffective|p2a: Garganacl
|-damage|p2a: Garganacl|32/100
|move|p2a: Garganacl|Stealth Rock|p1a: Golduck
|-sidestart|p1: eserraba|move: Stealth Rock
|
|upkeep
|turn|2
|
|t:|1776071760
|switch|p2a: Clefable|Clefable, M|100/100
|move|p1a: Golduck|Surf|p2a: Clefable
|-damage|p2a: Clefable|67/100
|
|-heal|p2a: Clefable|73/100|[from] item: Leftovers
|upkeep
|turn|3
|
|t:|1776071770
|switch|p1a: Seviper|Seviper, M|100/100
|-damage|p1a: Seviper|88/100|[from] Stealth Rock
|move|p2a: Clefable|Thunder Wave|p1a: Seviper
|-status|p1a: Seviper|par
|
|-heal|p2a: Clefable|79/100|[from] item: Leftovers
|upkeep
|turn|4
|
|t:|1776071780
|move|p1a: Seviper|Switcheroo|p2a: Clefable
|-activate|p1a: Seviper|move: Trick|[of] p2a: Clefable
|-item|p2a: Clefable|Choice Scarf|[from] move: Switcheroo
|-item|p1a: Seviper|Leftovers|[from] move: Switcheroo
|move|p2a: Clefable|Calm Mind|p2a: Clefable
|-boost|p2a: Clefable|spa|1
|-boost|p2a: Clefable|spd|1
|
|-activate|p1a: Seviper|ability: Shed Skin
|-curestatus|p1a: Seviper|par|[msg]
|-heal|p1a: Seviper|94/100|[from] item: Leftovers
|upkeep
|turn|5
|
|t:|1776071805
|switch|p2a: Quaquaval|Quaquaval, M|100/100
|move|p1a: Seviper|Flamethrower|p2a: Quaquaval
|-resisted|p2a: Quaquaval
|-damage|p2a: Quaquaval|84/100
|
|-heal|p1a: Seviper|99/100|[from] item: Leftovers
|upkeep
|turn|6
|
|t:|1776071828
|switch|p1a: Volbeat|Volbeat, M|100/100
|-damage|p1a: Volbeat|76/100|[from] Stealth Rock
|move|p2a: Quaquaval|Swords Dance|p2a: Quaquaval
|-boost|p2a: Quaquaval|atk|2
|
|upkeep
|turn|7
|
|t:|1776071838
|move|p1a: Volbeat|Encore|p2a: Quaquaval
|-start|p2a: Quaquaval|Encore
|move|p2a: Quaquaval|Swords Dance|p2a: Quaquaval
|-boost|p2a: Quaquaval|atk|2
|
|upkeep
|turn|8
|inactive|eserraba has 120 seconds left.
|
|t:|1776071867
|switch|p1a: Shiftry|Shiftry, M|100/100
|-damage|p1a: Shiftry|88/100|[from] Stealth Rock
|move|p2a: Quaquaval|Swords Dance|p2a: Quaquaval
|-boost|p2a: Quaquaval|atk|2
|
|upkeep
|turn|9
|
|t:|1776071879
|-terastallize|p2a: Quaquaval|Bug
|move|p2a: Quaquaval|Swords Dance|p2a: Quaquaval
|-boost|p2a: Quaquaval|atk|0
|move|p1a: Shiftry|Leaf Blade|p2a: Quaquaval
|-resisted|p2a: Quaquaval
|-damage|p2a: Quaquaval|58/100
|
|-end|p2a: Quaquaval|Encore
|upkeep
|turn|10
|
|t:|1776071890
|move|p1a: Shiftry|Sucker Punch|p2a: Quaquaval
|-damage|p2a: Quaquaval|17/100
|move|p2a: Quaquaval|U-turn|p1a: Shiftry
|-supereffective|p1a: Shiftry
|-damage|p1a: Shiftry|0 fnt
|faint|p1a: Shiftry
|-damage|p2a: Quaquaval|7/100|[from] item: Life Orb
|
|t:|1776071898
|switch|p2a: Eiscue|Eiscue, F|100/100|[from] U-turn
|
|upkeep
|
|t:|1776071913
|switch|p1a: Eelektross|Eelektross, M|100/100
|-damage|p1a: Eelektross|88/100|[from] Stealth Rock
|turn|11
|
|t:|1776071920
|move|p2a: Eiscue|Belly Drum|p2a: Eiscue
|-damage|p2a: Eiscue|51/100
|-setboost|p2a: Eiscue|atk|6|[from] move: Belly Drum
|move|p1a: Eelektross|Drain Punch|p2a: Eiscue
|-activate|p2a: Eiscue|ability: Ice Face
|-damage|p2a: Eiscue|51/100
|detailschange|p2a: Eiscue|Eiscue-Noice, F
|
|upkeep
|turn|12
|
|t:|1776071940
|move|p2a: Eiscue|Icicle Crash|p1a: Eelektross
|-damage|p1a: Eelektross|0 fnt
|faint|p1a: Eelektross
|
|upkeep
|
|t:|1776071954
|switch|p1a: Volbeat|Volbeat, M|76/100
|-damage|p1a: Volbeat|51/100|[from] Stealth Rock
|turn|13
|
|t:|1776071959
|move|p1a: Volbeat|Tailwind|p1a: Volbeat
|-sidestart|p1: eserraba|move: Tailwind
|move|p2a: Eiscue|Icicle Crash|p1a: Volbeat
|-crit|p1a: Volbeat
|-damage|p1a: Volbeat|0 fnt
|faint|p1a: Volbeat
|
|upkeep
|
|t:|1776071965
|switch|p1a: Seviper|Seviper, M|99/100
|-damage|p1a: Seviper|88/100|[from] Stealth Rock
|turn|14
|
|t:|1776071974
|-terastallize|p1a: Seviper|Fire
|move|p1a: Seviper|Flamethrower|p2a: Eiscue
|-supereffective|p2a: Eiscue
|-crit|p2a: Eiscue
|-damage|p2a: Eiscue|0 fnt
|faint|p2a: Eiscue
|
|-heal|p1a: Seviper|94/100|[from] item: Leftovers
|upkeep
|
|t:|1776071986
|switch|p2a: Quaquaval|Quaquaval, M, tera:Bug|7/100
|turn|15
|
|t:|1776071999
|switch|p1a: Golduck|Golduck, F|100/100
|-damage|p1a: Golduck|88/100|[from] Stealth Rock
|-ability|p1a: Golduck|Cloud Nine
|move|p2a: Quaquaval|Aqua Step|p1a: Golduck
|-resisted|p1a: Golduck
|-damage|p1a: Golduck|52/100
|-boost|p2a: Quaquaval|spe|1
|-damage|p2a: Quaquaval|0 fnt|[from] item: Life Orb
|faint|p2a: Quaquaval
|
|upkeep
|
|t:|1776072011
|switch|p2a: Clefable|Clefable, M|79/100
|turn|16
|
|t:|1776072032
|switch|p1a: Seviper|Seviper, M, tera:Fire|94/100
|-damage|p1a: Seviper|69/100|[from] Stealth Rock
|move|p2a: Clefable|Psychic|p1a: Seviper
|-damage|p1a: Seviper|15/100
|
|-heal|p1a: Seviper|21/100|[from] item: Leftovers
|-sideend|p1: eserraba|move: Tailwind
|upkeep
|turn|17
|
|t:|1776072040
|move|p1a: Seviper|Poison Jab|p2a: Clefable
|-supereffective|p2a: Clefable
|-damage|p2a: Clefable|0 fnt
|faint|p2a: Clefable
|
|-heal|p1a: Seviper|27/100|[from] item: Leftovers
|upkeep
|
|t:|1776072048
|switch|p2a: Garganacl|Garganacl, M|32/100
|turn|18
|
|t:|1776072051
|move|p1a: Seviper|Earthquake|p2a: Garganacl
|-supereffective|p2a: Garganacl
|-damage|p2a: Garganacl|0 fnt
|faint|p2a: Garganacl
|
|-heal|p1a: Seviper|33/100|[from] item: Leftovers
|upkeep
|
|t:|1776072058
|switch|p2a: Revavroom|Revavroom, F|100/100
|-item|p2a: Revavroom|Air Balloon
|turn|19
|
|t:|1776072071
|move|p2a: Revavroom|Poison Jab|p1a: Seviper
|-damage|p1a: Seviper|0 fnt
|faint|p1a: Seviper
|
|upkeep
|
|t:|1776072091
|switch|p1a: Golduck|Golduck, F|52/100
|-damage|p1a: Golduck|40/100|[from] Stealth Rock
|-ability|p1a: Golduck|Cloud Nine
|-enditem|p1a: Golduck|Sitrus Berry|[eat]
|-heal|p1a: Golduck|65/100|[from] item: Sitrus Berry
|turn|20
|
|t:|1776072100
|move|p1a: Golduck|Surf|p2a: Revavroom
|-damage|p2a: Revavroom|39/100
|-enditem|p2a: Revavroom|Air Balloon
|move|p2a: Revavroom|Shift Gear|p2a: Revavroom
|-boost|p2a: Revavroom|spe|2
|-boost|p2a: Revavroom|atk|1
|
|upkeep
|turn|21
|
|t:|1776072125
|move|p1a: Golduck|Vacuum Wave|p2a: Revavroom
|-damage|p2a: Revavroom|21/100
|move|p2a: Revavroom|Poison Jab|p1a: Golduck
|-damage|p1a: Golduck|0 fnt
|faint|p1a: Golduck
|
|upkeep
|
|t:|1776072131
|switch|p1a: Masquerain|Masquerain, M|100/100
|-ability|p1a: Masquerain|Intimidate|boost
|-unboost|p2a: Revavroom|atk|1
|turn|22
|
|t:|1776072140
|move|p2a: Revavroom|Iron Head|p1a: Masquerain
|-damage|p1a: Masquerain|27/100
|move|p1a: Masquerain|Quiver Dance|p1a: Masquerain
|-boost|p1a: Masquerain|spa|1
|-boost|p1a: Masquerain|spd|1
|-boost|p1a: Masquerain|spe|1
|
|upkeep
|turn|23
|
|t:|1776072150
|move|p2a: Revavroom|Iron Head|p1a: Masquerain
|-damage|p1a: Masquerain|0 fnt
|faint|p1a: Masquerain
|
|win|Vk_XR
|raw|eserraba's rating: 1078 &rarr; <strong>1059</strong><br />(-19 for losing)
|raw|Vk_XR's rating: 1122 &rarr; <strong>1144</strong><br />(+22 for winning)
|l| ohko_smeargle
|l|☆eserraba
|player|p1|
|l|☆Vk_XR
|player|p2|
