|html|<div class="broadcast-blue"><strong>[Gen 9] OU is currently suspecting Tera Blast! For information on how to participate check out the <a href="https://www.smogon.com/tools/suspects/view/200">suspect thread</a>.</strong></div>
|j|☆mothfox
|j|☆KaiZX49
|t:|1776306347
|gametype|singles
|player|p1|mothfox|colress|1294
|player|p2|KaiZX49|youngster|1324
|gen|9
|tier|[Gen 9] OU
|rated|
|rule|HP Percentage Mod: HP is shown in percentages
|rule|Endless Battle Clause: Forcing endless battles is banned
|rule|Species Clause: Limit one of each Pokémon
|rule|OHKO Clause: OHKO moves are banned
|rule|Evasion Items Clause: Evasion items are banned
|rule|Evasion Moves Clause: Evasion moves are banned
|rule|Evasion Abilities Clause: Evasion abilities are banned
|rule|Sleep Moves Clause: Sleep-inducing moves are banned
|clearpoke
|poke|p1|Gliscor, M|
|poke|p1|Great Tusk|
|poke|p1|Dragapult, M|
|poke|p1|Kingambit, F|
|poke|p1|Rillaboom, F|
|poke|p1|Slowking-Galar, F|
|poke|p2|Skarmory, M|
|poke|p2|Iron Boulder|
|poke|p2|Clodsire, F|
|poke|p2|Ditto|
|poke|p2|Cinderace, M|
|poke|p2|Heatran, F|
|teampreview
|inactive|Battle timer is ON: inactive players will automatically lose when time's up. (requested by mothfox)
|c|☆mothfox|glhf
|
|t:|1776306363
|teamsize|p1|6
|teamsize|p2|6
|start
|switch|p1a: Great Tusk|Great Tusk|100/100
|switch|p2a: Cinderace|Cinderace, M|100/100
|turn|1
|
|t:|1776306368
|move|p2a: Cinderace|Will-O-Wisp|p1a: Great Tusk
|-status|p1a: Great Tusk|brn
|move|p1a: Great Tusk|Headlong Rush|p2a: Cinderace
|-supereffective|p2a: Cinderace
|-damage|p2a: Cinderace|13/100
|-unboost|p1a: Great Tusk|def|1
|-unboost|p1a: Great Tusk|spd|1
|
|-damage|p1a: Great Tusk|94/100 brn|[from] brn
|upkeep
|turn|2
|
|t:|1776306380
|move|p2a: Cinderace|U-turn|p1a: Great Tusk
|-start|p2a: Cinderace|typechange|Bug|[from] ability: Libero
|-resisted|p1a: Great Tusk
|-damage|p1a: Great Tusk|77/100 brn
|
|t:|1776306385
|switch|p2a: Skarmory|Skarmory, M|100/100|[from] U-turn
|move|p1a: Great Tusk|Headlong Rush|p2a: Skarmory
|-immune|p2a: Skarmory
|
|-damage|p1a: Great Tusk|71/100 brn|[from] brn
|upkeep
|turn|3
|
|t:|1776306394
|move|p1a: Great Tusk|Stealth Rock|p2a: Skarmory
|-sidestart|p2: KaiZX49|move: Stealth Rock
|move|p2a: Skarmory|Spikes|p1a: Great Tusk
|-sidestart|p1: mothfox|Spikes
|
|-damage|p1a: Great Tusk|65/100 brn|[from] brn
|upkeep
|turn|4
|
|t:|1776306401
|-end|p1a: Great Tusk|Protosynthesis|[silent]
|switch|p1a: Gliscor|Gliscor, M|100/100
|move|p2a: Skarmory|Body Press|p1a: Gliscor
|-resisted|p1a: Gliscor
|-damage|p1a: Gliscor|89/100
|
|-status|p1a: Gliscor|tox|[from] item: Toxic Orb
|upkeep
|turn|5
|
|t:|1776306410
|move|p1a: Gliscor|Knock Off|p2a: Skarmory
|-damage|p2a: Skarmory|88/100
|-damage|p1a: Gliscor|72/100 tox|[from] item: Rocky Helmet|[of] p2a: Skarmory
|-enditem|p2a: Skarmory|Rocky Helmet|[from] move: Knock Off|[of] p1a: Gliscor
|move|p2a: Skarmory|Whirlwind|p1a: Gliscor
|drag|p1a: Slowking|Slowking-Galar, F|100/100
|-damage|p1a: Slowking|88/100|[from] Spikes
|
|upkeep
|turn|6
|
|t:|1776306422
|move|p2a: Skarmory|Spikes|p1a: Slowking
|-sidestart|p1: mothfox|Spikes
|move|p1a: Slowking|Ice Beam|p2a: Skarmory
|-damage|p2a: Skarmory|48/100
|
|upkeep
|turn|7
|
|t:|1776306428
|move|p2a: Skarmory|Roost|p2a: Skarmory
|-heal|p2a: Skarmory|98/100
|-singleturn|p2a: Skarmory|move: Roost
|move|p1a: Slowking|Ice Beam|p2a: Skarmory
|-resisted|p2a: Skarmory
|-damage|p2a: Skarmory|79/100
|
|upkeep
|turn|8
|
|t:|1776306436
|move|p1a: Slowking|Flamethrower|p2a: Skarmory
|-supereffective|p2a: Skarmory
|-damage|p2a: Skarmory|0 fnt
|faint|p2a: Skarmory
|
|upkeep
|
|t:|1776306441
|switch|p2a: Iron Boulder|Iron Boulder|100/100
|-damage|p2a: Iron Boulder|88/100|[from] Stealth Rock
|-enditem|p2a: Iron Boulder|Booster Energy
|-activate|p2a: Iron Boulder|ability: Quark Drive|[fromitem]
|-start|p2a: Iron Boulder|quarkdrivespe
|turn|9
|
|t:|1776306458
|switch|p1a: Connor|Rillaboom, F|100/100
|-damage|p1a: Connor|84/100|[from] Spikes
|-fieldstart|move: Grassy Terrain|[from] ability: Grassy Surge|[of] p1a: Connor
|move|p2a: Iron Boulder|Swords Dance|p2a: Iron Boulder
|-boost|p2a: Iron Boulder|atk|2
|
|-heal|p2a: Iron Boulder|94/100|[from] Grassy Terrain
|-heal|p1a: Connor|90/100|[from] Grassy Terrain
|upkeep
|turn|10
|inactive|mothfox has 120 seconds left.
|
|t:|1776306489
|-terastallize|p2a: Iron Boulder|Grass
|move|p2a: Iron Boulder|Mighty Cleave|p1a: Connor
|-damage|p1a: Connor|0 fnt
|faint|p1a: Connor
|
|-heal|p2a: Iron Boulder|100/100|[from] Grassy Terrain
|upkeep
|
|t:|1776306503
|switch|p1a: Zentreya|Dragapult, M|100/100
|turn|11
|
|t:|1776306514
|move|p2a: Iron Boulder|Mighty Cleave|p1a: Zentreya
|-damage|p1a: Zentreya|0 fnt
|faint|p1a: Zentreya
|
|upkeep
|inactive|mothfox has 90 seconds left.
|
|t:|1776306541
|switch|p1a: Gliscor|Gliscor, M|72/100 tox
|turn|12
|inactive|mothfox has 90 seconds left.
|
|t:|1776306557
|move|p2a: Iron Boulder|Mighty Cleave|p1a: Gliscor
|-damage|p1a: Gliscor|0 fnt
|faint|p1a: Gliscor
|
|upkeep
|-message|mothfox forfeited.
|
|win|KaiZX49
|raw|mothfox's rating: 1294 &rarr; <strong>1271</strong><br />(-23 for losing)
|raw|KaiZX49's rating: 1324 &rarr; <strong>1342</strong><br />(+18 for winning)
