|html|<div class="broadcast-blue"><strong>[Gen 9] OU is currently suspecting Tera Blast! For information on how to participate check out the <a href="https://www.smogon.com/tools/suspects/view/200">suspect thread</a>.</strong></div>
|j|☆Baddyboy100
|j|☆patchworrk
|t:|1776077833
|gametype|singles
|player|p1|Baddyboy100|volkner|1260
|player|p2|patchworrk|rosa|1238
|gen|9
|tier|[Gen 9] OU
|rated|
|rule|HP Percentage Mod: HP is shown in percentages
|rule|Endless Battle Clause: Forcing endless battles is banned
|rule|Species Clause: Limit one of each Pokémon
|rule|OHKO Clause: OHKO moves are banned
|rule|Evasion Items Clause: Evasion items are banned
|rule|Evasion Moves Clause: Evasion moves are banned
|rule|Evasion Abilities Clause: Evasion abilities are banned
|rule|Sleep Moves Clause: Sleep-inducing moves are banned
|clearpoke
|poke|p1|Glimmora, M|
|poke|p1|Torkoal, M|
|poke|p1|Walking Wake|
|poke|p1|Scream Tail|
|poke|p1|Landorus-Therian, M|
|poke|p1|Gholdengo|
|poke|p2|Goodra-Hisui, F|
|poke|p2|Hydrapple, F|
|poke|p2|Zapdos|
|poke|p2|Pecharunt|
|poke|p2|Jirachi|
|poke|p2|Primarina, F|
|teampreview
|inactive|Battle timer is ON: inactive players will automatically lose when time's up. (requested by Baddyboy100)
|
|t:|1776077848
|teamsize|p1|6
|teamsize|p2|6
|start
|switch|p1a: Glimmora|Glimmora, M|100/100
|switch|p2a: rise and grind|Jirachi|100/100
|turn|1
|
|t:|1776077865
|switch|p2a: chud|Pecharunt|100/100
|-item|p2a: chud|Air Balloon
|move|p1a: Glimmora|Stealth Rock|p2a: chud
|-sidestart|p2: patchworrk|move: Stealth Rock
|
|upkeep
|turn|2
|
|t:|1776077877
|move|p1a: Glimmora|Power Gem|p2a: chud
|-damage|p2a: chud|65/100
|-enditem|p2a: chud|Air Balloon
|move|p2a: chud|Parting Shot|p1a: Glimmora
|-unboost|p1a: Glimmora|atk|1
|-unboost|p1a: Glimmora|spa|1
|
|t:|1776077887
|switch|p2a: fountain of youth|Primarina, F, shiny|100/100|[from] Parting Shot
|-damage|p2a: fountain of youth|88/100|[from] Stealth Rock
|
|upkeep
|turn|3
|
|t:|1776077893
|move|p1a: Glimmora|Mortal Spin|p2a: fountain of youth
|-supereffective|p2a: fountain of youth
|-damage|p2a: fountain of youth|76/100
|-status|p2a: fountain of youth|psn
|move|p2a: fountain of youth|Surf|p1a: Glimmora
|-supereffective|p1a: Glimmora
|-enditem|p1a: Glimmora|Focus Sash
|-damage|p1a: Glimmora|1/100
|
|-damage|p2a: fountain of youth|64/100 psn|[from] psn
|upkeep
|turn|4
|
|t:|1776077913
|move|p1a: Glimmora|Spiky Shield|p1a: Glimmora
|-singleturn|p1a: Glimmora|move: Protect
|move|p2a: fountain of youth|Flip Turn|p1a: Glimmora
|-activate|p1a: Glimmora|move: Protect
|-damage|p2a: fountain of youth|51/100 psn|[from] Spiky Shield|[of] p1a: Glimmora
|
|-damage|p2a: fountain of youth|39/100 psn|[from] psn
|upkeep
|turn|5
|
|t:|1776077924
|move|p1a: Glimmora|Power Gem|p2a: fountain of youth
|-damage|p2a: fountain of youth|24/100 psn
|move|p2a: fountain of youth|Surf|p1a: Glimmora
|-supereffective|p1a: Glimmora
|-damage|p1a: Glimmora|0 fnt
|faint|p1a: Glimmora
|
|-damage|p2a: fountain of youth|11/100 psn|[from] psn
|upkeep
|
|t:|1776077941
|switch|p1a: Landorus|Landorus-Therian, M|100/100
|-ability|p1a: Landorus|Intimidate|boost
|-unboost|p2a: fountain of youth|atk|1
|turn|6
|
|t:|1776077955
|switch|p2a: reptile queen|Hydrapple, F, shiny|100/100
|move|p1a: Landorus|Earthquake|p2a: reptile queen
|-resisted|p2a: reptile queen
|-damage|p2a: reptile queen|85/100
|
|upkeep
|turn|7
|inactive|patchworrk has 120 seconds left.
|
|t:|1776077986
|switch|p1a: Torkoal|Torkoal, M|100/100
|-weather|SunnyDay|[from] ability: Drought|[of] p1a: Torkoal
|move|p2a: reptile queen|Fickle Beam|p1a: Torkoal|[anim] Fickle Beam All Out
|-activate|p2a: reptile queen|move: Fickle Beam
|-damage|p1a: Torkoal|41/100
|
|-weather|SunnyDay|[upkeep]
|upkeep
|turn|8
|
|t:|1776077998
|switch|p1a: Scream Tail|Scream Tail|100/100
|-activate|p1a: Scream Tail|ability: Protosynthesis
|-start|p1a: Scream Tail|protosynthesisspe
|move|p2a: reptile queen|Nasty Plot|p2a: reptile queen
|-boost|p2a: reptile queen|spa|2
|
|-weather|SunnyDay|[upkeep]
|upkeep
|turn|9
|
|t:|1776078009
|switch|p2a: chud|Pecharunt|65/100
|-damage|p2a: chud|53/100|[from] Stealth Rock
|move|p1a: Scream Tail|Calm Mind|p1a: Scream Tail
|-boost|p1a: Scream Tail|spa|1
|-boost|p1a: Scream Tail|spd|1
|
|-weather|SunnyDay|[upkeep]
|upkeep
|turn|10
|
|t:|1776078022
|switch|p2a: rise and grind|Jirachi|100/100
|-terastallize|p1a: Scream Tail|Steel
|move|p1a: Scream Tail|Calm Mind|p1a: Scream Tail
|-boost|p1a: Scream Tail|spa|1
|-boost|p1a: Scream Tail|spd|1
|
|-weather|SunnyDay|[upkeep]
|upkeep
|turn|11
|
|t:|1776078033
|move|p1a: Scream Tail|Stored Power|p2a: rise and grind
|-resisted|p2a: rise and grind
|-damage|p2a: rise and grind|90/100
|move|p2a: rise and grind|Wish|p2a: rise and grind
|
|-weather|SunnyDay|[upkeep]
|upkeep
|turn|12
|
|t:|1776078041
|move|p1a: Scream Tail|Calm Mind|p1a: Scream Tail
|-boost|p1a: Scream Tail|spa|1
|-boost|p1a: Scream Tail|spd|1
|move|p2a: rise and grind|U-turn|p1a: Scream Tail
|-resisted|p1a: Scream Tail
|-damage|p1a: Scream Tail|95/100
|
|t:|1776078048
|switch|p2a: fountain of youth|Primarina, F, shiny|11/100 psn|[from] U-turn
|-damage|p2a: fountain of youth|0 fnt|[from] Stealth Rock
|faint|p2a: fountain of youth
|
|-weather|SunnyDay|[upkeep]
|-heal|p1a: Scream Tail|100/100|[from] item: Leftovers
|upkeep
|
|t:|1776078056
|switch|p2a: the glue|Goodra-Hisui, F, shiny|100/100
|-damage|p2a: the glue|94/100|[from] Stealth Rock
|turn|13
|
|t:|1776078063
|move|p1a: Scream Tail|Dazzling Gleam|p2a: the glue
|-damage|p2a: the glue|72/100
|move|p2a: the glue|Flamethrower|p1a: Scream Tail
|-supereffective|p1a: Scream Tail
|-damage|p1a: Scream Tail|70/100
|
|-weather|SunnyDay|[upkeep]
|-heal|p1a: Scream Tail|77/100|[from] item: Leftovers
|upkeep
|turn|14
|
|t:|1776078069
|move|p1a: Scream Tail|Calm Mind|p1a: Scream Tail
|-boost|p1a: Scream Tail|spa|1
|-boost|p1a: Scream Tail|spd|1
|move|p2a: the glue|Flamethrower|p1a: Scream Tail
|-supereffective|p1a: Scream Tail
|-damage|p1a: Scream Tail|51/100
|
|-weather|none
|-end|p1a: Scream Tail|Protosynthesis
|-heal|p1a: Scream Tail|57/100|[from] item: Leftovers
|upkeep
|turn|15
|
|t:|1776078077
|move|p1a: Scream Tail|Calm Mind|p1a: Scream Tail
|-boost|p1a: Scream Tail|spa|1
|-boost|p1a: Scream Tail|spd|1
|move|p2a: the glue|Flamethrower|p1a: Scream Tail
|-supereffective|p1a: Scream Tail
|-crit|p1a: Scream Tail
|-damage|p1a: Scream Tail|0 fnt
|faint|p1a: Scream Tail
|-end|p1a: Scream Tail|Protosynthesis|[silent]
|
|upkeep
|
|t:|1776078084
|switch|p1a: Landorus|Landorus-Therian, M|100/100
|-ability|p1a: Landorus|Intimidate|boost
|-unboost|p2a: the glue|atk|1
|turn|16
|
|t:|1776078094
|switch|p2a: reptile queen|Hydrapple, F, shiny|100/100
|move|p1a: Landorus|U-turn|p2a: reptile queen
|-supereffective|p2a: reptile queen
|-damage|p2a: reptile queen|69/100
|
|t:|1776078103
|switch|p1a: Gholdengo|Gholdengo|100/100|[from] U-turn
|
|upkeep
|turn|17
|
|t:|1776078114
|move|p1a: Gholdengo|Dazzling Gleam|p2a: reptile queen
|-supereffective|p2a: reptile queen
|-damage|p2a: reptile queen|17/100
|move|p2a: reptile queen|Earth Power|p1a: Gholdengo
|-supereffective|p1a: Gholdengo
|-damage|p1a: Gholdengo|41/100
|
|upkeep
|turn|18
|
|t:|1776078132
|switch|p1a: Walking Wake|Walking Wake|100/100
|switch|p2a: rise and grind|Jirachi|90/100
|
|upkeep
|turn|19
|
|t:|1776078149
|move|p1a: Walking Wake|Flamethrower|p2a: rise and grind
|-supereffective|p2a: rise and grind
|-damage|p2a: rise and grind|26/100
|-damage|p1a: Walking Wake|91/100|[from] item: Life Orb
|move|p2a: rise and grind|Wish|p2a: rise and grind
|
|upkeep
|turn|20
|inactive|patchworrk has 120 seconds left.
|
|t:|1776078170
|-terastallize|p2a: rise and grind|Water
|move|p1a: Walking Wake|Substitute|p1a: Walking Wake
|-start|p1a: Walking Wake|Substitute
|-damage|p1a: Walking Wake|66/100
|move|p2a: rise and grind|U-turn|p1a: Walking Wake
|-activate|p1a: Walking Wake|move: Substitute|[damage]
|inactive|patchworrk has 120 seconds left.
|
|t:|1776078177
|switch|p2a: reptile queen|Hydrapple, F, shiny|50/100|[from] U-turn
|
|-heal|p2a: reptile queen|99/100|[from] move: Wish|[wisher] rise and grind
|upkeep
|turn|21
|
|t:|1776078183
|move|p1a: Walking Wake|Draco Meteor|p2a: reptile queen
|-supereffective|p2a: reptile queen
|-damage|p2a: reptile queen|0 fnt
|-unboost|p1a: Walking Wake|spa|2
|faint|p2a: reptile queen
|-damage|p1a: Walking Wake|56/100|[from] item: Life Orb
|
|upkeep
|
|t:|1776078189
|switch|p2a: the glue|Goodra-Hisui, F, shiny|72/100
|-damage|p2a: the glue|66/100|[from] Stealth Rock
|turn|22
|
|t:|1776078194
|-end|p1a: Walking Wake|Protosynthesis|[silent]
|switch|p1a: Landorus|Landorus-Therian, M|100/100
|-ability|p1a: Landorus|Intimidate|boost
|-unboost|p2a: the glue|atk|1
|move|p2a: the glue|Dragon Tail|p1a: Landorus
|-damage|p1a: Landorus|85/100
|drag|p1a: Torkoal|Torkoal, M|41/100
|-weather|SunnyDay|[from] ability: Drought|[of] p1a: Torkoal
|
|-weather|SunnyDay|[upkeep]
|upkeep
|turn|23
|
|t:|1776078207
|switch|p2a: tycho|Zapdos, shiny|100/100
|move|p1a: Torkoal|Will-O-Wisp|p2a: tycho
|-status|p2a: tycho|brn
|
|-weather|SunnyDay|[upkeep]
|-damage|p2a: tycho|94/100 brn|[from] brn
|upkeep
|turn|24
|
|t:|1776078213
|move|p2a: tycho|Thunder Wave|p1a: Torkoal
|-status|p1a: Torkoal|par
|move|p1a: Torkoal|Flamethrower|p2a: tycho
|-damage|p2a: tycho|56/100 brn
|
|-weather|SunnyDay|[upkeep]
|-damage|p2a: tycho|50/100 brn|[from] brn
|upkeep
|turn|25
|
|t:|1776078219
|move|p2a: tycho|Roost|p2a: tycho
|-heal|p2a: tycho|99/100 brn
|-singleturn|p2a: tycho|move: Roost
|move|p1a: Torkoal|Flamethrower|p2a: tycho
|-damage|p2a: tycho|62/100 brn
|
|-weather|SunnyDay|[upkeep]
|-damage|p2a: tycho|56/100 brn|[from] brn
|upkeep
|turn|26
|
|t:|1776078230
|switch|p1a: Walking Wake|Walking Wake|56/100
|-activate|p1a: Walking Wake|ability: Protosynthesis
|-start|p1a: Walking Wake|protosynthesisspa
|move|p2a: tycho|Volt Switch|p1a: Walking Wake
|-damage|p1a: Walking Wake|24/100
|
|t:|1776078248
|switch|p2a: the glue|Goodra-Hisui, F, shiny|66/100|[from] Volt Switch
|-damage|p2a: the glue|60/100|[from] Stealth Rock
|
|-weather|SunnyDay|[upkeep]
|upkeep
|turn|27
|
|t:|1776078255
|-end|p1a: Walking Wake|Protosynthesis|[silent]
|switch|p1a: Landorus|Landorus-Therian, M|85/100
|-ability|p1a: Landorus|Intimidate|boost
|-unboost|p2a: the glue|atk|1
|move|p2a: the glue|Dragon Tail|p1a: Landorus
|-damage|p1a: Landorus|69/100
|drag|p1a: Torkoal|Torkoal, M|41/100 par
|
|-weather|SunnyDay|[upkeep]
|upkeep
|turn|28
|
|t:|1776078276
|switch|p2a: tycho|Zapdos, shiny|56/100 brn
|move|p1a: Torkoal|Flamethrower|p2a: tycho
|-damage|p2a: tycho|14/100 brn
|
|-weather|SunnyDay|[upkeep]
|-damage|p2a: tycho|7/100 brn|[from] brn
|upkeep
|turn|29
|
|t:|1776078293
|switch|p1a: Landorus|Landorus-Therian, M|69/100
|-ability|p1a: Landorus|Intimidate|boost
|-unboost|p2a: tycho|atk|1
|move|p2a: tycho|Roost|p2a: tycho
|-heal|p2a: tycho|57/100 brn
|-singleturn|p2a: tycho|move: Roost
|
|-weather|none
|-damage|p2a: tycho|51/100 brn|[from] brn
|upkeep
|turn|30
|
|t:|1776078306
|move|p1a: Landorus|Stone Edge|p2a: tycho
|-supereffective|p2a: tycho
|-damage|p2a: tycho|1/100 brn
|move|p2a: tycho|Roost|p2a: tycho
|-heal|p2a: tycho|51/100 brn
|-singleturn|p2a: tycho|move: Roost
|
|-damage|p2a: tycho|45/100 brn|[from] brn
|upkeep
|turn|31
|
|t:|1776078316
|switch|p2a: the glue|Goodra-Hisui, F, shiny|60/100
|-damage|p2a: the glue|54/100|[from] Stealth Rock
|move|p1a: Landorus|Stone Edge|p2a: the glue
|-resisted|p2a: the glue
|-damage|p2a: the glue|35/100
|
|upkeep
|turn|32
|
|t:|1776078331
|switch|p1a: Torkoal|Torkoal, M|41/100 par
|-weather|SunnyDay|[from] ability: Drought|[of] p1a: Torkoal
|switch|p2a: tycho|Zapdos, shiny|45/100 brn
|
|-weather|SunnyDay|[upkeep]
|-damage|p2a: tycho|39/100 brn|[from] brn
|upkeep
|turn|33
|
|t:|1776078343
|switch|p1a: Walking Wake|Walking Wake|24/100
|-activate|p1a: Walking Wake|ability: Protosynthesis
|-start|p1a: Walking Wake|protosynthesisspa
|move|p2a: tycho|Roost|p2a: tycho
|-heal|p2a: tycho|89/100 brn
|-singleturn|p2a: tycho|move: Roost
|
|-weather|SunnyDay|[upkeep]
|-damage|p2a: tycho|82/100 brn|[from] brn
|upkeep
|turn|34
|
|t:|1776078351
|move|p1a: Walking Wake|Draco Meteor|p2a: tycho
|-damage|p2a: tycho|0 fnt
|-unboost|p1a: Walking Wake|spa|2
|faint|p2a: tycho
|-damage|p1a: Walking Wake|14/100|[from] item: Life Orb
|
|-weather|SunnyDay|[upkeep]
|upkeep
|
|t:|1776078358
|switch|p2a: chud|Pecharunt|53/100
|-damage|p2a: chud|40/100|[from] Stealth Rock
|turn|35
|
|t:|1776078362
|move|p1a: Walking Wake|Hydro Steam|p2a: chud
|-damage|p2a: chud|0 fnt
|faint|p2a: chud
|-damage|p1a: Walking Wake|5/100|[from] item: Life Orb
|
|-weather|SunnyDay|[upkeep]
|upkeep
|
|t:|1776078369
|switch|p2a: the glue|Goodra-Hisui, F, shiny|35/100
|-damage|p2a: the glue|29/100|[from] Stealth Rock
|turn|36
|
|t:|1776078376
|-end|p1a: Walking Wake|Protosynthesis|[silent]
|switch|p1a: Gholdengo|Gholdengo|41/100
|move|p2a: the glue|Dragon Tail|p1a: Gholdengo
|-resisted|p1a: Gholdengo
|-damage|p1a: Gholdengo|30/100
|drag|p1a: Landorus|Landorus-Therian, M|69/100
|-ability|p1a: Landorus|Intimidate|boost
|-unboost|p2a: the glue|atk|1
|
|-weather|SunnyDay|[upkeep]
|upkeep
|turn|37
|c|☆patchworrk|gg
|-message|patchworrk forfeited.
|
|win|Baddyboy100
|raw|Baddyboy100's rating: 1260 &rarr; <strong>1283</strong><br />(+23 for winning)
|raw|patchworrk's rating: 1238 &rarr; <strong>1215</strong><br />(-23 for losing)
|l|☆Baddyboy100
|player|p1|
|l|☆patchworrk
|player|p2|
