|html|<div class="broadcast-blue"><strong>[Gen 9] OU is currently suspecting Tera Blast! For information on how to participate check out the <a href="https://www.smogon.com/tools/suspects/view/200">suspect thread</a>.</strong></div>
|j|☆Hike Mawk
|j|☆mergetheperge
|t:|1776266697
|gametype|singles
|player|p1|Hike Mawk|riley|1108
|player|p2|mergetheperge|1|1055
|gen|9
|tier|[Gen 9] OU
|rated|
|rule|HP Percentage Mod: HP is shown in percentages
|rule|Endless Battle Clause: Forcing endless battles is banned
|rule|Species Clause: Limit one of each Pokémon
|rule|OHKO Clause: OHKO moves are banned
|rule|Evasion Items Clause: Evasion items are banned
|rule|Evasion Moves Clause: Evasion moves are banned
|rule|Evasion Abilities Clause: Evasion abilities are banned
|rule|Sleep Moves Clause: Sleep-inducing moves are banned
|clearpoke
|poke|p1|Gliscor, M|
|poke|p1|Clefable, F|
|poke|p1|Corviknight, M|
|poke|p1|Blissey, F|
|poke|p1|Forretress, F|
|poke|p1|Garganacl, F|
|poke|p2|Excadrill, M|
|poke|p2|Great Tusk|
|poke|p2|Landorus-Therian, M|
|poke|p2|Hippowdon, F|
|poke|p2|Mamoswine, M|
|poke|p2|Clodsire, F|
|teampreview
|
|t:|1776266700
|teamsize|p1|6
|teamsize|p2|6
|start
|switch|p1a: Rocki|Garganacl, F, shiny|100/100
|switch|p2a: riptide|Hippowdon, F|100/100
|-weather|Sandstorm|[from] ability: Sand Stream|[of] p2a: riptide
|turn|1
|
|t:|1776266707
|move|p2a: riptide|Earthquake|p1a: Rocki
|-supereffective|p1a: Rocki
|-damage|p1a: Rocki|49/100
|-enditem|p1a: Rocki|Sitrus Berry|[eat]
|-heal|p1a: Rocki|74/100|[from] item: Sitrus Berry
|move|p1a: Rocki|Salt Cure|p2a: riptide
|-resisted|p2a: riptide
|-damage|p2a: riptide|94/100
|-start|p2a: riptide|Salt Cure
|
|-weather|Sandstorm|[upkeep]
|-damage|p2a: riptide|82/100|[from] Salt Cure
|upkeep
|turn|2
|
|t:|1776266717
|switch|p1a: Azulor|Gliscor, M, shiny|100/100
|move|p2a: riptide|Earthquake|p1a: Azulor
|-immune|p1a: Azulor
|
|-weather|Sandstorm|[upkeep]
|-damage|p2a: riptide|69/100|[from] Salt Cure
|-status|p1a: Azulor|tox|[from] item: Toxic Orb
|upkeep
|turn|3
|
|t:|1776266725
|switch|p2a: teddy|Landorus-Therian, M|100/100
|-ability|p2a: teddy|Intimidate|boost
|-unboost|p1a: Azulor|atk|1
|move|p1a: Azulor|Fling|p2a: teddy
|-damage|p2a: teddy|94/100
|-status|p2a: teddy|tox
|-enditem|p1a: Azulor|Toxic Orb|[from] move: Fling
|
|-weather|Sandstorm|[upkeep]
|-damage|p2a: teddy|88/100 tox|[from] psn
|upkeep
|turn|4
|
|t:|1776266735
|switch|p1a: Rookidon|Corviknight, M|100/100
|move|p2a: teddy|Gravity|p2a: teddy
|-fieldstart|move: Gravity
|
|-weather|Sandstorm|[upkeep]
|-damage|p2a: teddy|76/100 tox|[from] psn
|upkeep
|turn|5
|
|t:|1776266743
|switch|p1a: Goldenuke|Forretress, F, shiny|100/100
|move|p2a: teddy|Earthquake|p1a: Goldenuke
|-damage|p1a: Goldenuke|77/100
|
|-weather|none
|-damage|p2a: teddy|58/100 tox|[from] psn
|upkeep
|turn|6
|
|t:|1776266755
|switch|p2a: nova|Excadrill, M|100/100
|move|p1a: Goldenuke|Iron Defense|p1a: Goldenuke
|-boost|p1a: Goldenuke|def|2
|
|upkeep
|turn|7
|
|t:|1776266761
|move|p2a: nova|Iron Head|p1a: Goldenuke
|-resisted|p1a: Goldenuke
|-damage|p1a: Goldenuke|69/100
|move|p1a: Goldenuke|Body Press|p2a: nova
|-supereffective|p2a: nova
|-damage|p2a: nova|0 fnt
|faint|p2a: nova
|
|upkeep
|
|t:|1776266769
|switch|p2a: bbc|Great Tusk|100/100
|turn|8
|
|t:|1776266772
|move|p2a: bbc|Ice Spinner|p1a: Goldenuke
|-resisted|p1a: Goldenuke
|-damage|p1a: Goldenuke|66/100
|move|p1a: Goldenuke|Body Press|p2a: bbc
|-damage|p2a: bbc|55/100
|
|-fieldend|move: Gravity
|upkeep
|turn|9
|
|t:|1776266779
|move|p2a: bbc|Ice Spinner|p1a: Goldenuke
|-resisted|p1a: Goldenuke
|-damage|p1a: Goldenuke|63/100
|move|p1a: Goldenuke|Body Press|p2a: bbc
|-damage|p2a: bbc|11/100
|
|upkeep
|turn|10
|-message|mergetheperge forfeited.
|
|win|Hike Mawk
|raw|Hike Mawk's rating: 1108 &rarr; <strong>1129</strong><br />(+21 for winning)
|raw|mergetheperge's rating: 1055 &rarr; <strong>1040</strong><br />(-15 for losing)
|l|☆mergetheperge
|player|p2|
