|html|<div class="broadcast-blue"><strong>[Gen 9] OU is currently suspecting Tera Blast! For information on how to participate check out the <a href="https://www.smogon.com/tools/suspects/view/200">suspect thread</a>.</strong></div>
|j|☆Spgdd
|j|☆40kQuaQrash
|t:|1776041178
|gametype|singles
|player|p1|Spgdd|miku-water|1297
|player|p2|40kQuaQrash|169|1347
|gen|9
|tier|[Gen 9] OU
|rated|
|rule|HP Percentage Mod: HP is shown in percentages
|rule|Endless Battle Clause: Forcing endless battles is banned
|rule|Species Clause: Limit one of each Pokémon
|rule|OHKO Clause: OHKO moves are banned
|rule|Evasion Items Clause: Evasion items are banned
|rule|Evasion Moves Clause: Evasion moves are banned
|rule|Evasion Abilities Clause: Evasion abilities are banned
|rule|Sleep Moves Clause: Sleep-inducing moves are banned
|clearpoke
|poke|p1|Gliscor, M|
|poke|p1|Galvantula, M|
|poke|p1|Kyurem|
|poke|p1|Quaquaval, M|
|poke|p1|Gholdengo|
|poke|p1|Iron Moth|
|poke|p2|Sableye, M|
|poke|p2|Slowking-Galar, F|
|poke|p2|Zamazenta-*|
|poke|p2|Great Tusk|
|poke|p2|Samurott-Hisui, F|
|poke|p2|Enamorus, F|
|teampreview
|inactive|Battle timer is ON: inactive players will automatically lose when time's up. (requested by Spgdd)
|
|t:|1776041197
|teamsize|p1|6
|teamsize|p2|6
|start
|switch|p1a: Galvantula|Galvantula, M, shiny|100/100
|switch|p2a: Slowking|Slowking-Galar, F|100/100
|turn|1
|
|t:|1776041219
|move|p1a: Galvantula|Thunder Wave|p2a: Slowking
|-status|p2a: Slowking|par
|cant|p2a: Slowking|par
|
|upkeep
|turn|2
|
|t:|1776041226
|move|p1a: Galvantula|Sticky Web|p2a: Slowking
|-sidestart|p2: 40kQuaQrash|move: Sticky Web
|move|p2a: Slowking|Sludge Bomb|p1a: Galvantula
|-damage|p1a: Galvantula|41/100
|
|upkeep
|turn|3
|
|t:|1776041232
|move|p1a: Galvantula|Thunder|p2a: Slowking
|-damage|p2a: Slowking|72/100 par
|move|p2a: Slowking|Toxic Spikes|p1a: Galvantula
|-sidestart|p1: Spgdd|move: Toxic Spikes
|
|upkeep
|turn|4
|
|t:|1776041242
|switch|p1a: Iron Moth|Iron Moth, shiny|100/100
|-sideend|p1: Spgdd|move: Toxic Spikes|[of] p1a: Iron Moth
|-enditem|p1a: Iron Moth|Booster Energy
|-activate|p1a: Iron Moth|ability: Quark Drive|[fromitem]
|-start|p1a: Iron Moth|quarkdrivespe
|move|p2a: Slowking|Sludge Bomb|p1a: Iron Moth
|-resisted|p1a: Iron Moth
|-damage|p1a: Iron Moth|86/100
|
|upkeep
|turn|5
|
|t:|1776041253
|move|p1a: Iron Moth|Fiery Dance|p2a: Slowking
|-damage|p2a: Slowking|47/100 par
|cant|p2a: Slowking|par
|
|upkeep
|turn|6
|
|t:|1776041265
|move|p1a: Iron Moth|Fiery Dance|p2a: Slowking
|-damage|p2a: Slowking|24/100 par
|move|p2a: Slowking|Future Sight|p1a: Iron Moth
|-start|p2a: Slowking|move: Future Sight
|
|upkeep
|turn|7
|
|t:|1776041272
|switch|p2a: Samurott|Samurott-Hisui, F|100/100
|-activate|p2a: Samurott|move: Sticky Web
|-unboost|p2a: Samurott|spe|1
|move|p1a: Iron Moth|Fiery Dance|p2a: Samurott
|-resisted|p2a: Samurott
|-damage|p2a: Samurott|72/100
|-boost|p1a: Iron Moth|spa|1
|
|upkeep
|turn|8
|
|t:|1776041285
|switch|p2a: Slowking|Slowking-Galar, F|57/100 par
|move|p1a: Iron Moth|Energy Ball|p2a: Slowking
|-resisted|p2a: Slowking
|-damage|p2a: Slowking|43/100 par
|-unboost|p2a: Slowking|spd|1
|
|-end|p1a: Iron Moth|move: Future Sight
|-supereffective|p1a: Iron Moth
|-damage|p1a: Iron Moth|0 fnt
|faint|p1a: Iron Moth
|-end|p1a: Iron Moth|Quark Drive|[silent]
|upkeep
|
|t:|1776041299
|switch|p1a: Kyurem|Kyurem, shiny|100/100
|-ability|p1a: Kyurem|Pressure
|turn|9
|
|t:|1776041320
|move|p1a: Kyurem|Dragon Dance|p1a: Kyurem
|-boost|p1a: Kyurem|atk|1
|-boost|p1a: Kyurem|spe|1
|move|p2a: Slowking|Sludge Bomb|p1a: Kyurem
|-damage|p1a: Kyurem|67/100
|-status|p1a: Kyurem|psn
|
|-damage|p1a: Kyurem|54/100 psn|[from] psn
|upkeep
|turn|10
|
|t:|1776041331
|move|p1a: Kyurem|Dragon Dance|p1a: Kyurem
|-boost|p1a: Kyurem|atk|1
|-boost|p1a: Kyurem|spe|1
|move|p2a: Slowking|Toxic Spikes|p1a: Kyurem
|-sidestart|p1: Spgdd|move: Toxic Spikes
|
|-damage|p1a: Kyurem|42/100 psn|[from] psn
|upkeep
|turn|11
|
|t:|1776041339
|move|p1a: Kyurem|Scale Shot|p2a: Slowking
|-damage|p2a: Slowking|18/100 par
|-damage|p2a: Slowking|0 fnt
|faint|p2a: Slowking
|-hitcount|p2: Slowking|2
|-unboost|p1a: Kyurem|def|1
|-boost|p1a: Kyurem|spe|1
|
|-damage|p1a: Kyurem|29/100 psn|[from] psn
|upkeep
|
|t:|1776041342
|switch|p2a: Samurott|Samurott-Hisui, F|72/100
|-activate|p2a: Samurott|move: Sticky Web
|-unboost|p2a: Samurott|spe|1
|turn|12
|
|t:|1776041354
|move|p2a: Samurott|Sucker Punch|p1a: Kyurem
|-damage|p1a: Kyurem|0 fnt
|faint|p1a: Kyurem
|
|upkeep
|
|t:|1776041359
|switch|p1a: Quaquaval|Quaquaval, M, shiny|100/100
|turn|13
|
|t:|1776041364
|switch|p2a: Sableye|Sableye, M|100/100
|-activate|p2a: Sableye|move: Sticky Web
|-unboost|p2a: Sableye|spe|1
|move|p1a: Quaquaval|Rapid Spin|p2a: Sableye
|-immune|p2a: Sableye
|
|upkeep
|turn|14
|
|t:|1776041373
|switch|p1a: Gholdengo|Gholdengo, shiny|100/100
|move|p2a: Sableye|Will-O-Wisp|p1a: Gholdengo
|-immune|p1a: Gholdengo|[from] ability: Good as Gold
|
|upkeep
|turn|15
|
|t:|1776041394
|switch|p2a: Zamazenta|Zamazenta|100/100
|-activate|p2a: Zamazenta|move: Sticky Web
|-unboost|p2a: Zamazenta|spe|1
|-ability|p2a: Zamazenta|Dauntless Shield|boost
|-boost|p2a: Zamazenta|def|1
|move|p1a: Gholdengo|Shadow Ball|p2a: Zamazenta
|-damage|p2a: Zamazenta|36/100
|-unboost|p2a: Zamazenta|spd|1
|
|upkeep
|turn|16
|
|t:|1776041404
|move|p1a: Gholdengo|Shadow Ball|p2a: Zamazenta
|-damage|p2a: Zamazenta|0 fnt
|faint|p2a: Zamazenta
|
|upkeep
|
|t:|1776041409
|switch|p2a: Samurott|Samurott-Hisui, F|72/100
|-activate|p2a: Samurott|move: Sticky Web
|-unboost|p2a: Samurott|spe|1
|turn|17
|
|t:|1776041414
|switch|p1a: Quaquaval|Quaquaval, M, shiny|100/100
|move|p2a: Samurott|Ceaseless Edge|p1a: Quaquaval
|-resisted|p1a: Quaquaval
|-damage|p1a: Quaquaval|60/100
|-sidestart|p1: Spgdd|Spikes
|
|upkeep
|turn|18
|
|t:|1776041422
|switch|p2a: Sableye|Sableye, M|100/100
|-activate|p2a: Sableye|move: Sticky Web
|-unboost|p2a: Sableye|spe|1
|move|p1a: Quaquaval|Aqua Step|p2a: Sableye
|-damage|p2a: Sableye|63/100
|-boost|p1a: Quaquaval|spe|1
|
|-heal|p2a: Sableye|69/100|[from] item: Leftovers
|upkeep
|turn|19
|
|t:|1776041433
|switch|p2a: Samurott|Samurott-Hisui, F|72/100
|-activate|p2a: Samurott|move: Sticky Web
|-unboost|p2a: Samurott|spe|1
|move|p1a: Quaquaval|Aqua Step|p2a: Samurott
|-resisted|p2a: Samurott
|-damage|p2a: Samurott|47/100
|-boost|p1a: Quaquaval|spe|1
|
|upkeep
|turn|20
|
|t:|1776041444
|switch|p2a: Sableye|Sableye, M|69/100
|-activate|p2a: Sableye|move: Sticky Web
|-unboost|p2a: Sableye|spe|1
|move|p1a: Quaquaval|Close Combat|p2a: Sableye
|-immune|p2a: Sableye
|
|-heal|p2a: Sableye|75/100|[from] item: Leftovers
|upkeep
|turn|21
|
|t:|1776041454
|switch|p2a: Samurott|Samurott-Hisui, F|47/100
|-activate|p2a: Samurott|move: Sticky Web
|-unboost|p2a: Samurott|spe|1
|move|p1a: Quaquaval|Aqua Step|p2a: Samurott
|-resisted|p2a: Samurott
|-damage|p2a: Samurott|24/100
|-boost|p1a: Quaquaval|spe|1
|
|upkeep
|turn|22
|
|t:|1776041464
|switch|p2a: Sableye|Sableye, M|75/100
|-activate|p2a: Sableye|move: Sticky Web
|-unboost|p2a: Sableye|spe|1
|move|p1a: Quaquaval|Aqua Step|p2a: Sableye
|-damage|p2a: Sableye|39/100
|-boost|p1a: Quaquaval|spe|1
|
|-heal|p2a: Sableye|46/100|[from] item: Leftovers
|upkeep
|turn|23
|
|t:|1776041475
|move|p2a: Sableye|Will-O-Wisp|p1a: Quaquaval
|-status|p1a: Quaquaval|brn
|move|p1a: Quaquaval|Aqua Step|p2a: Sableye
|-damage|p2a: Sableye|28/100
|-boost|p1a: Quaquaval|spe|1
|
|-heal|p2a: Sableye|34/100|[from] item: Leftovers
|-damage|p1a: Quaquaval|54/100 brn|[from] brn
|upkeep
|turn|24
|
|t:|1776041486
|move|p2a: Sableye|Recover|p2a: Sableye
|-heal|p2a: Sableye|84/100
|move|p1a: Quaquaval|Rapid Spin|p2a: Sableye
|-immune|p2a: Sableye
|
|-heal|p2a: Sableye|90/100|[from] item: Leftovers
|-damage|p1a: Quaquaval|48/100 brn|[from] brn
|upkeep
|turn|25
|
|t:|1776041496
|switch|p1a: Gliscor|Gliscor, M, shiny|100/100
|move|p2a: Sableye|Confuse Ray|p1a: Gliscor
|-start|p1a: Gliscor|confusion
|
|-heal|p2a: Sableye|97/100|[from] item: Leftovers
|-status|p1a: Gliscor|tox|[from] item: Toxic Orb
|upkeep
|turn|26
|
|t:|1776041506
|switch|p2a: Great Tusk|Great Tusk|100/100
|-activate|p2a: Great Tusk|move: Sticky Web
|-unboost|p2a: Great Tusk|spe|1
|-activate|p1a: Gliscor|confusion
|move|p1a: Gliscor|Fling|p2a: Great Tusk
|-resisted|p2a: Great Tusk
|-damage|p2a: Great Tusk|98/100
|-status|p2a: Great Tusk|tox
|-enditem|p1a: Gliscor|Toxic Orb|[from] move: Fling
|
|-damage|p2a: Great Tusk|92/100 tox|[from] psn
|upkeep
|turn|27
|
|t:|1776041527
|-activate|p1a: Gliscor|confusion
|move|p1a: Gliscor|Protect|p1a: Gliscor
|-singleturn|p1a: Gliscor|Protect
|move|p2a: Great Tusk|Knock Off|p1a: Gliscor
|-activate|p1a: Gliscor|move: Protect
|
|-damage|p2a: Great Tusk|80/100 tox|[from] psn
|upkeep
|turn|28
|
|t:|1776041536
|-end|p1a: Gliscor|confusion
|move|p1a: Gliscor|Acrobatics|p2a: Great Tusk
|-supereffective|p2a: Great Tusk
|-damage|p2a: Great Tusk|31/100 tox
|-damage|p1a: Gliscor|84/100 tox|[from] item: Rocky Helmet|[of] p2a: Great Tusk
|move|p2a: Great Tusk|Rapid Spin|p1a: Gliscor
|-damage|p1a: Gliscor|73/100 tox
|-boost|p2a: Great Tusk|spe|1
|-sideend|p2: 40kQuaQrash|Sticky Web|[from] move: Rapid Spin|[of] p2a: Great Tusk
|
|-damage|p2a: Great Tusk|12/100 tox|[from] psn
|-heal|p1a: Gliscor|85/100 tox|[from] ability: Poison Heal
|upkeep
|turn|29
|
|t:|1776041550
|move|p1a: Gliscor|Protect|p1a: Gliscor
|-singleturn|p1a: Gliscor|Protect
|move|p2a: Great Tusk|Stealth Rock|p1a: Gliscor
|-sidestart|p1: Spgdd|move: Stealth Rock
|
|-damage|p2a: Great Tusk|0 fnt|[from] psn
|faint|p2a: Great Tusk
|-end|p2a: Great Tusk|Protosynthesis|[silent]
|-heal|p1a: Gliscor|98/100 tox|[from] ability: Poison Heal
|upkeep
|
|t:|1776041557
|switch|p2a: Sableye|Sableye, M|97/100
|turn|30
|
|t:|1776041567
|move|p2a: Sableye|Encore|p1a: Gliscor
|-start|p1a: Gliscor|Encore
|move|p1a: Gliscor|Protect||[still]
|-fail|p1a: Gliscor
|
|-heal|p2a: Sableye|100/100|[from] item: Leftovers
|-heal|p1a: Gliscor|100/100 tox|[from] ability: Poison Heal
|upkeep
|turn|31
|
|t:|1776041577
|switch|p1a: Gholdengo|Gholdengo, shiny|100/100
|-damage|p1a: Gholdengo|88/100|[from] Spikes
|-damage|p1a: Gholdengo|82/100|[from] Stealth Rock
|switch|p2a: Samurott|Samurott-Hisui, F|24/100
|
|upkeep
|turn|32
|
|t:|1776041590
|-terastallize|p1a: Gholdengo|Fairy
|move|p2a: Samurott|Sucker Punch|p1a: Gholdengo
|-resisted|p1a: Gholdengo
|-damage|p1a: Gholdengo|58/100
|move|p1a: Gholdengo|Dazzling Gleam|p2a: Samurott
|-supereffective|p2a: Samurott
|-damage|p2a: Samurott|0 fnt
|faint|p2a: Samurott
|
|upkeep
|
|t:|1776041600
|switch|p2a: Enamorus|Enamorus, F|100/100
|turn|33
|
|t:|1776041612
|switch|p1a: Galvantula|Galvantula, M, shiny|41/100
|-status|p1a: Galvantula|psn
|-damage|p1a: Galvantula|28/100 psn|[from] Spikes
|-damage|p1a: Galvantula|3/100 psn|[from] Stealth Rock
|move|p2a: Enamorus|Moonblast|p1a: Galvantula
|-damage|p1a: Galvantula|0 fnt
|faint|p1a: Galvantula
|
|upkeep
|
|t:|1776041628
|switch|p1a: Quaquaval|Quaquaval, M, shiny|48/100 brn
|turn|34
|
|t:|1776041634
|move|p2a: Enamorus|Moonblast|p1a: Quaquaval
|-supereffective|p1a: Quaquaval
|-damage|p1a: Quaquaval|0 fnt
|faint|p1a: Quaquaval
|
|upkeep
|
|t:|1776041640
|switch|p1a: Gholdengo|Gholdengo, shiny, tera:Fairy|58/100
|-status|p1a: Gholdengo|psn
|-damage|p1a: Gholdengo|45/100 psn|[from] Spikes
|-damage|p1a: Gholdengo|33/100 psn|[from] Stealth Rock
|turn|35
|
|t:|1776041649
|move|p2a: Enamorus|Moonblast|p1a: Gholdengo
|-damage|p1a: Gholdengo|0 fnt
|faint|p1a: Gholdengo
|
|upkeep
|
|t:|1776041654
|switch|p1a: Gliscor|Gliscor, M, shiny|100/100 tox
|-damage|p1a: Gliscor|88/100 tox|[from] Stealth Rock
|turn|36
|
|t:|1776041668
|move|p2a: Enamorus|Moonblast|p1a: Gliscor
|-damage|p1a: Gliscor|44/100 tox
|-unboost|p1a: Gliscor|spa|1
|move|p1a: Gliscor|Acrobatics|p2a: Enamorus
|-damage|p2a: Enamorus|41/100
|
|-heal|p1a: Gliscor|56/100 tox|[from] ability: Poison Heal
|upkeep
|turn|37
|
|t:|1776041679
|move|p1a: Gliscor|Protect|p1a: Gliscor
|-singleturn|p1a: Gliscor|Protect
|move|p2a: Enamorus|Moonblast|p1a: Gliscor
|-activate|p1a: Gliscor|move: Protect
|
|-heal|p1a: Gliscor|69/100 tox|[from] ability: Poison Heal
|upkeep
|turn|38
|
|t:|1776041698
|move|p2a: Enamorus|Moonblast|p1a: Gliscor
|-damage|p1a: Gliscor|20/100 tox
|move|p1a: Gliscor|Acrobatics|p2a: Enamorus
|-damage|p2a: Enamorus|0 fnt
|faint|p2a: Enamorus
|
|-heal|p1a: Gliscor|33/100 tox|[from] ability: Poison Heal
|upkeep
|
|t:|1776041702
|switch|p2a: Sableye|Sableye, M|100/100
|turn|39
|
|t:|1776041711
|move|p2a: Sableye|Confuse Ray|p1a: Gliscor
|-start|p1a: Gliscor|confusion
|-activate|p1a: Gliscor|confusion
|move|p1a: Gliscor|Acrobatics|p2a: Sableye
|-damage|p2a: Sableye|68/100
|
|-heal|p2a: Sableye|74/100|[from] item: Leftovers
|-heal|p1a: Gliscor|45/100 tox|[from] ability: Poison Heal
|upkeep
|turn|40
|
|t:|1776041736
|move|p2a: Sableye|Will-O-Wisp||[still]
|-fail|p2a: Sableye
|-activate|p1a: Gliscor|confusion
|move|p1a: Gliscor|Acrobatics|p2a: Sableye
|-damage|p2a: Sableye|42/100
|
|-heal|p2a: Sableye|48/100|[from] item: Leftovers
|-heal|p1a: Gliscor|58/100 tox|[from] ability: Poison Heal
|upkeep
|turn|41
|
|t:|1776041746
|move|p2a: Sableye|Will-O-Wisp||[still]
|-fail|p2a: Sableye
|-end|p1a: Gliscor|confusion
|move|p1a: Gliscor|Fling||[still]
|-fail|p1a: Gliscor
|
|-heal|p2a: Sableye|54/100|[from] item: Leftovers
|-heal|p1a: Gliscor|70/100 tox|[from] ability: Poison Heal
|upkeep
|turn|42
|
|t:|1776041756
|move|p2a: Sableye|Encore|p1a: Gliscor
|-start|p1a: Gliscor|Encore
|move|p1a: Gliscor|Fling||[still]
|-fail|p1a: Gliscor
|
|-heal|p2a: Sableye|60/100|[from] item: Leftovers
|-heal|p1a: Gliscor|82/100 tox|[from] ability: Poison Heal
|upkeep
|turn|43
|
|t:|1776041766
|move|p2a: Sableye|Confuse Ray|p1a: Gliscor
|-start|p1a: Gliscor|confusion
|-activate|p1a: Gliscor|confusion
|-damage|p1a: Gliscor|75/100 tox|[from] confusion
|
|-heal|p2a: Sableye|67/100|[from] item: Leftovers
|-heal|p1a: Gliscor|87/100 tox|[from] ability: Poison Heal
|upkeep
|turn|44
|
|t:|1776041781
|move|p2a: Sableye|Will-O-Wisp||[still]
|-fail|p2a: Sableye
|-activate|p1a: Gliscor|confusion
|-damage|p1a: Gliscor|80/100 tox|[from] confusion
|
|-heal|p2a: Sableye|73/100|[from] item: Leftovers
|-heal|p1a: Gliscor|93/100 tox|[from] ability: Poison Heal
|-end|p1a: Gliscor|Encore
|upkeep
|turn|45
|j| ohko_smeargle
|
|t:|1776041791
|move|p2a: Sableye|Will-O-Wisp|p1a: Gliscor|[miss]
|-miss|p2a: Sableye|p1a: Gliscor
|-end|p1a: Gliscor|confusion
|move|p1a: Gliscor|Acrobatics|p2a: Sableye
|-damage|p2a: Sableye|39/100
|
|-heal|p2a: Sableye|45/100|[from] item: Leftovers
|-heal|p1a: Gliscor|100/100 tox|[from] ability: Poison Heal
|upkeep
|turn|46
|
|t:|1776041802
|move|p2a: Sableye|Confuse Ray|p1a: Gliscor
|-start|p1a: Gliscor|confusion
|-activate|p1a: Gliscor|confusion
|move|p1a: Gliscor|Acrobatics|p2a: Sableye
|-damage|p2a: Sableye|9/100
|
|-heal|p2a: Sableye|15/100|[from] item: Leftovers
|upkeep
|turn|47
|
|t:|1776041812
|move|p2a: Sableye|Recover|p2a: Sableye
|-heal|p2a: Sableye|65/100
|-activate|p1a: Gliscor|confusion
|move|p1a: Gliscor|Acrobatics|p2a: Sableye
|-damage|p2a: Sableye|30/100
|
|-heal|p2a: Sableye|37/100|[from] item: Leftovers
|upkeep
|turn|48
|
|t:|1776041821
|move|p2a: Sableye|Will-O-Wisp||[still]
|-fail|p2a: Sableye
|-activate|p1a: Gliscor|confusion
|move|p1a: Gliscor|Acrobatics|p2a: Sableye
|-damage|p2a: Sableye|4/100
|
|-heal|p2a: Sableye|10/100|[from] item: Leftovers
|upkeep
|turn|49
|
|t:|1776041830
|move|p2a: Sableye|Recover|p2a: Sableye
|-heal|p2a: Sableye|60/100
|-end|p1a: Gliscor|confusion
|move|p1a: Gliscor|Acrobatics|p2a: Sableye
|-damage|p2a: Sableye|24/100
|
|-heal|p2a: Sableye|30/100|[from] item: Leftovers
|upkeep
|turn|50
|
|t:|1776041839
|move|p2a: Sableye|Recover|p2a: Sableye
|-heal|p2a: Sableye|80/100
|move|p1a: Gliscor|Acrobatics|p2a: Sableye
|-damage|p2a: Sableye|44/100
|
|-heal|p2a: Sableye|50/100|[from] item: Leftovers
|upkeep
|turn|51
|
|t:|1776041848
|move|p2a: Sableye|Confuse Ray|p1a: Gliscor
|-start|p1a: Gliscor|confusion
|-activate|p1a: Gliscor|confusion
|move|p1a: Gliscor|Acrobatics|p2a: Sableye
|-damage|p2a: Sableye|16/100
|
|-heal|p2a: Sableye|22/100|[from] item: Leftovers
|upkeep
|turn|52
|
|t:|1776041858
|move|p2a: Sableye|Recover|p2a: Sableye
|-heal|p2a: Sableye|72/100
|-activate|p1a: Gliscor|confusion
|move|p1a: Gliscor|Acrobatics|p2a: Sableye
|-damage|p2a: Sableye|35/100
|
|-heal|p2a: Sableye|42/100|[from] item: Leftovers
|upkeep
|turn|53
|
|t:|1776041867
|move|p2a: Sableye|Will-O-Wisp||[still]
|-fail|p2a: Sableye
|-end|p1a: Gliscor|confusion
|move|p1a: Gliscor|Acrobatics|p2a: Sableye
|-damage|p2a: Sableye|8/100
|
|-heal|p2a: Sableye|14/100|[from] item: Leftovers
|upkeep
|turn|54
|
|t:|1776041876
|move|p2a: Sableye|Recover|p2a: Sableye
|-heal|p2a: Sableye|64/100
|move|p1a: Gliscor|Acrobatics|p2a: Sableye
|-damage|p2a: Sableye|26/100
|
|-heal|p2a: Sableye|32/100|[from] item: Leftovers
|upkeep
|turn|55
|
|t:|1776041885
|move|p2a: Sableye|Recover|p2a: Sableye
|-heal|p2a: Sableye|82/100
|move|p1a: Gliscor|Acrobatics|p2a: Sableye
|-damage|p2a: Sableye|45/100
|
|-heal|p2a: Sableye|51/100|[from] item: Leftovers
|upkeep
|turn|56
|
|t:|1776041894
|move|p2a: Sableye|Confuse Ray|p1a: Gliscor
|-start|p1a: Gliscor|confusion
|-activate|p1a: Gliscor|confusion
|move|p1a: Gliscor|Earthquake|p2a: Sableye
|-damage|p2a: Sableye|21/100
|
|-heal|p2a: Sableye|27/100|[from] item: Leftovers
|upkeep
|turn|57
|
|t:|1776041905
|move|p2a: Sableye|Will-O-Wisp||[still]
|-fail|p2a: Sableye
|-end|p1a: Gliscor|confusion
|move|p1a: Gliscor|Earthquake|p2a: Sableye
|-damage|p2a: Sableye|0 fnt
|faint|p2a: Sableye
|
|win|Spgdd
|raw|Spgdd's rating: 1297 &rarr; <strong>1326</strong><br />(+29 for winning)
|raw|40kQuaQrash's rating: 1347 &rarr; <strong>1324</strong><br />(-23 for losing)
|l|☆40kQuaQrash
|player|p2|
|l| ohko_smeargle
|l|☆Spgdd
|player|p1|
