|html|<div class="broadcast-blue"><strong>[Gen 9] OU is currently suspecting Tera Blast! For information on how to participate check out the <a href="https://www.smogon.com/tools/suspects/view/200">suspect thread</a>.</strong></div>
|j|☆vosbius
|j|☆stevenash12332
|t:|1776058478
|gametype|singles
|player|p1|vosbius|swimmer|1126
|player|p2|stevenash12332|wallace|1126
|gen|9
|tier|[Gen 9] OU
|rated|
|rule|HP Percentage Mod: HP is shown in percentages
|rule|Endless Battle Clause: Forcing endless battles is banned
|rule|Species Clause: Limit one of each Pokémon
|rule|OHKO Clause: OHKO moves are banned
|rule|Evasion Items Clause: Evasion items are banned
|rule|Evasion Moves Clause: Evasion moves are banned
|rule|Evasion Abilities Clause: Evasion abilities are banned
|rule|Sleep Moves Clause: Sleep-inducing moves are banned
|clearpoke
|poke|p1|Heatran, M|
|poke|p1|Rillaboom, F|
|poke|p1|Primarina, M|
|poke|p1|Zapdos|
|poke|p1|Dragapult, F|
|poke|p1|Iron Treads|
|poke|p2|Salamence, F|
|poke|p2|Garchomp, F|
|poke|p2|Primarina, F|
|poke|p2|Heatran, F|
|poke|p2|Serperior, F|
|poke|p2|Hitmonlee, M|
|teampreview
|
|t:|1776058494
|teamsize|p1|6
|teamsize|p2|6
|start
|switch|p1a: Rillaboom|Rillaboom, F|100/100
|switch|p2a: Heatran|Heatran, F|100/100
|-fieldstart|move: Grassy Terrain|[from] ability: Grassy Surge|[of] p1a: Rillaboom
|turn|1
|
|t:|1776058506
|switch|p1a: Primarina|Primarina, M|100/100
|move|p2a: Heatran|Magma Storm|p1a: Primarina
|-resisted|p1a: Primarina
|-damage|p1a: Primarina|87/100
|-activate|p1a: Primarina|move: Magma Storm|[of] p2a: Heatran
|
|-heal|p1a: Primarina|93/100|[from] Grassy Terrain
|-damage|p1a: Primarina|81/100|[from] move: Magma Storm|[partiallytrapped]
|upkeep
|turn|2
|
|t:|1776058528
|switch|p2a: Serperior|Serperior, F|100/100
|move|p1a: Primarina|Flip Turn|p2a: Serperior
|-resisted|p2a: Serperior
|-damage|p2a: Serperior|91/100
|
|t:|1776058541
|switch|p1a: Heatran|Heatran, M|100/100|[from] Flip Turn
|
|-heal|p2a: Serperior|97/100|[from] Grassy Terrain
|-heal|p2a: Serperior|100/100|[from] item: Leftovers
|upkeep
|turn|3
|
|t:|1776058554
|switch|p2a: Primarina|Primarina, F|100/100
|move|p1a: Heatran|Magma Storm|p2a: Primarina
|-resisted|p2a: Primarina
|-damage|p2a: Primarina|82/100
|-activate|p2a: Primarina|move: Magma Storm|[of] p1a: Heatran
|
|-heal|p2a: Primarina|89/100|[from] Grassy Terrain
|-damage|p2a: Primarina|76/100|[from] move: Magma Storm|[partiallytrapped]
|upkeep
|turn|4
|
|t:|1776058565
|switch|p1a: Rillaboom|Rillaboom, F|100/100
|move|p2a: Primarina|Surf|p1a: Rillaboom
|-resisted|p1a: Rillaboom
|-damage|p1a: Rillaboom|70/100
|
|-heal|p1a: Rillaboom|76/100|[from] Grassy Terrain
|-heal|p2a: Primarina|82/100|[from] Grassy Terrain
|-end|p2a: Primarina|Magma Storm|[partiallytrapped]|[silent]
|upkeep
|turn|5
|
|t:|1776058582
|switch|p2a: Heatran|Heatran, F|100/100
|move|p1a: Rillaboom|Knock Off|p2a: Heatran
|-damage|p2a: Heatran|57/100
|-enditem|p2a: Heatran|Leftovers|[from] move: Knock Off|[of] p1a: Rillaboom
|-damage|p1a: Rillaboom|66/100|[from] item: Life Orb
|
|-heal|p2a: Heatran|64/100|[from] Grassy Terrain
|-heal|p1a: Rillaboom|73/100|[from] Grassy Terrain
|-fieldend|move: Grassy Terrain
|upkeep
|turn|6
|
|t:|1776058595
|switch|p1a: Primarina|Primarina, M|81/100
|move|p2a: Heatran|Dark Pulse|p1a: Primarina
|-resisted|p1a: Primarina
|-damage|p1a: Primarina|74/100
|
|upkeep
|turn|7
|
|t:|1776058618
|switch|p2a: Serperior|Serperior, F|100/100
|move|p1a: Primarina|Surf|p2a: Serperior
|-resisted|p2a: Serperior
|-damage|p2a: Serperior|79/100
|
|-heal|p2a: Serperior|85/100|[from] item: Leftovers
|upkeep
|turn|8
|
|t:|1776058632
|switch|p1a: Heatran|Heatran, M|100/100
|move|p2a: Serperior|Leaf Storm|p1a: Heatran
|-resisted|p1a: Heatran
|-damage|p1a: Heatran|90/100
|-boost|p2a: Serperior|spa|2
|
|-heal|p2a: Serperior|91/100|[from] item: Leftovers
|-heal|p1a: Heatran|97/100|[from] item: Leftovers
|upkeep
|turn|9
|
|t:|1776058642
|-terastallize|p2a: Serperior|Ground
|move|p2a: Serperior|Tera Blast|p1a: Heatran|[anim] Tera Blast Ground
|-supereffective|p1a: Heatran
|-damage|p1a: Heatran|0 fnt
|faint|p1a: Heatran
|
|-heal|p2a: Serperior|97/100|[from] item: Leftovers
|upkeep
|
|t:|1776058659
|switch|p1a: Rillaboom|Rillaboom, F|73/100
|-fieldstart|move: Grassy Terrain|[from] ability: Grassy Surge|[of] p1a: Rillaboom
|turn|10
|
|t:|1776058673
|switch|p2a: Garchomp|Garchomp, F|100/100
|move|p1a: Rillaboom|Grassy Glide|p2a: Garchomp
|-damage|p2a: Garchomp|53/100
|-damage|p1a: Rillaboom|60/100|[from] ability: Rough Skin|[of] p2a: Garchomp
|-damage|p1a: Rillaboom|50/100|[from] item: Life Orb
|
|-heal|p2a: Garchomp|59/100|[from] Grassy Terrain
|-heal|p1a: Rillaboom|56/100|[from] Grassy Terrain
|upkeep
|turn|11
|
|t:|1776058683
|switch|p1a: Primarina|Primarina, M|74/100
|move|p2a: Garchomp|Stealth Rock|p1a: Primarina
|-sidestart|p1: vosbius|move: Stealth Rock
|
|-heal|p2a: Garchomp|65/100|[from] Grassy Terrain
|-heal|p1a: Primarina|80/100|[from] Grassy Terrain
|upkeep
|turn|12
|
|t:|1776058707
|switch|p2a: Serperior|Serperior, F, tera:Ground|97/100
|move|p1a: Primarina|Moonblast|p2a: Serperior
|-damage|p2a: Serperior|53/100
|
|-heal|p2a: Serperior|59/100|[from] Grassy Terrain
|-heal|p2a: Serperior|65/100|[from] item: Leftovers
|-heal|p1a: Primarina|86/100|[from] Grassy Terrain
|upkeep
|turn|13
|
|t:|1776058739
|move|p2a: Serperior|Leaf Storm|p1a: Primarina
|-supereffective|p1a: Primarina
|-damage|p1a: Primarina|20/100
|-boost|p2a: Serperior|spa|2
|move|p1a: Primarina|Surf|p2a: Serperior
|-supereffective|p2a: Serperior
|-damage|p2a: Serperior|0 fnt
|faint|p2a: Serperior
|
|-heal|p1a: Primarina|26/100|[from] Grassy Terrain
|upkeep
|
|t:|1776058746
|switch|p2a: Hitmonlee|Hitmonlee, M|100/100
|turn|14
|
|t:|1776058757
|switch|p1a: Zapdos|Zapdos|100/100
|move|p2a: Hitmonlee|Endure||[still]
|-fail|p2a: Hitmonlee
|
|-fieldend|move: Grassy Terrain
|upkeep
|turn|15
|
|t:|1776058765
|move|p2a: Hitmonlee|Endure|p2a: Hitmonlee
|-singleturn|p2a: Hitmonlee|move: Endure
|move|p1a: Zapdos|Hurricane|p2a: Hitmonlee
|-supereffective|p2a: Hitmonlee
|-activate|p2a: Hitmonlee|move: Endure
|-damage|p2a: Hitmonlee|1/100
|-start|p2a: Hitmonlee|confusion
|-enditem|p2a: Hitmonlee|Liechi Berry|[eat]
|-boost|p2a: Hitmonlee|atk|1|[from] item: Liechi Berry
|
|upkeep
|turn|16
|
|t:|1776058811
|-activate|p2a: Hitmonlee|confusion
|move|p2a: Hitmonlee|Brick Break|p1a: Zapdos
|-resisted|p1a: Zapdos
|-damage|p1a: Zapdos|68/100
|move|p1a: Zapdos|Volt Switch|p2a: Hitmonlee
|-damage|p2a: Hitmonlee|0 fnt
|faint|p2a: Hitmonlee
|inactive|Battle timer is ON: inactive players will automatically lose when time's up. (requested by vosbius)
|
|t:|1776058850
|switch|p1a: Dragapult|Dragapult, F|100/100|[from] Volt Switch
|-damage|p1a: Dragapult|88/100|[from] Stealth Rock
|
|upkeep
|-message|stevenash12332 forfeited.
|
|win|vosbius
|raw|vosbius's rating: 1126 &rarr; <strong>1149</strong><br />(+23 for winning)
|raw|stevenash12332's rating: 1100 &rarr; <strong>1077</strong><br />(-23 for losing)
|l|☆stevenash12332
|player|p2|
|l|☆vosbius
|player|p1|
