|html|<div class="broadcast-blue"><strong>[Gen 9] OU is currently suspecting Tera Blast! For information on how to participate check out the <a href="https://www.smogon.com/tools/suspects/view/200">suspect thread</a>.</strong></div>
|j|☆ohqg
|j|☆PabloGYT
|t:|1776344837
|gametype|singles
|player|p1|ohqg|elesa-gen5bw2|1160
|player|p2|PabloGYT|n|1209
|gen|9
|tier|[Gen 9] OU
|rated|
|rule|HP Percentage Mod: HP is shown in percentages
|rule|Endless Battle Clause: Forcing endless battles is banned
|rule|Species Clause: Limit one of each Pokémon
|rule|OHKO Clause: OHKO moves are banned
|rule|Evasion Items Clause: Evasion items are banned
|rule|Evasion Moves Clause: Evasion moves are banned
|rule|Evasion Abilities Clause: Evasion abilities are banned
|rule|Sleep Moves Clause: Sleep-inducing moves are banned
|clearpoke
|poke|p1|Dondozo, M|
|poke|p1|Gliscor, M|
|poke|p1|Blissey, F|
|poke|p1|Corviknight, F|
|poke|p1|Toxapex, F|
|poke|p1|Clodsire, M|
|poke|p2|Toxtricity-Low-Key, M|
|poke|p2|Kyurem|
|poke|p2|Grimmsnarl, M|
|poke|p2|Cinderace, M|
|poke|p2|Garchomp, M|
|poke|p2|Zapdos-Galar|
|teampreview
|inactive|Battle timer is ON: inactive players will automatically lose when time's up. (requested by ohqg)
|inactive|PabloGYT also wants the timer to be on.
|
|t:|1776344844
|teamsize|p1|6
|teamsize|p2|6
|start
|switch|p1a: 舔亵王|Gliscor, M, shiny|100/100
|switch|p2a: Kyurem|Kyurem|100/100
|-ability|p2a: Kyurem|Pressure
|turn|1
|
|t:|1776344848
|move|p1a: 舔亵王|Protect|p1a: 舔亵王
|-singleturn|p1a: 舔亵王|Protect
|move|p2a: Kyurem|Ice Beam|p1a: 舔亵王
|-activate|p1a: 舔亵王|move: Protect
|
|-status|p1a: 舔亵王|tox|[from] item: Toxic Orb
|upkeep
|turn|2
|
|t:|1776344863
|switch|p1a: 鸡立蛋|Blissey, F|100/100
|move|p2a: Kyurem|Ice Beam|p1a: 鸡立蛋
|-damage|p1a: 鸡立蛋|85/100
|
|upkeep
|turn|3
|
|t:|1776344868
|switch|p2a: A kird|Zapdos-Galar, shiny|100/100
|move|p1a: 鸡立蛋|Trick|p2a: A kird
|-activate|p1a: 鸡立蛋|move: Trick|[of] p2a: A kird
|-item|p2a: A kird|Choice Scarf|[from] move: Trick
|-item|p1a: 鸡立蛋|Leftovers|[from] move: Trick
|
|-heal|p1a: 鸡立蛋|91/100|[from] item: Leftovers
|upkeep
|turn|4
|
|t:|1776344888
|switch|p1a: 舔亵王|Gliscor, M, shiny|100/100 tox
|move|p2a: A kird|U-turn|p1a: 舔亵王
|-resisted|p1a: 舔亵王
|-damage|p1a: 舔亵王|93/100 tox
|
|t:|1776344891
|switch|p2a: Kyurem|Kyurem|100/100|[from] U-turn
|-ability|p2a: Kyurem|Pressure
|
|-heal|p1a: 舔亵王|100/100 tox|[from] ability: Poison Heal
|upkeep
|turn|5
|
|t:|1776344897
|move|p1a: 舔亵王|Protect|p1a: 舔亵王
|-singleturn|p1a: 舔亵王|Protect
|move|p2a: Kyurem|Ice Beam|p1a: 舔亵王
|-activate|p1a: 舔亵王|move: Protect
|
|upkeep
|turn|6
|
|t:|1776344909
|switch|p1a: 操坏星|Toxapex, F|100/100
|move|p2a: Kyurem|Ice Beam|p1a: 操坏星
|-resisted|p1a: 操坏星
|-damage|p1a: 操坏星|82/100
|
|-heal|p1a: 操坏星|88/100|[from] item: Leftovers
|upkeep
|turn|7
|
|t:|1776344917
|switch|p2a: Toxtricity|Toxtricity-Low-Key, M, shiny|100/100
|move|p1a: 操坏星|Toxic|p2a: Toxtricity
|-immune|p2a: Toxtricity
|
|-heal|p1a: 操坏星|94/100|[from] item: Leftovers
|upkeep
|turn|8
|
|t:|1776344924
|switch|p1a: 舔亵王|Gliscor, M, shiny|100/100 tox
|-terastallize|p2a: Toxtricity|Normal
|move|p2a: Toxtricity|Boomburst|p1a: 舔亵王
|-damage|p1a: 舔亵王|0 fnt
|faint|p1a: 舔亵王
|
|upkeep
|
|t:|1776344943
|switch|p1a: 烈口交陆鲨|Clodsire, M|100/100
|turn|9
|
|t:|1776344947
|move|p2a: Toxtricity|Boomburst|p1a: 烈口交陆鲨
|-damage|p1a: 烈口交陆鲨|45/100
|move|p1a: 烈口交陆鲨|Earthquake|p2a: Toxtricity
|-damage|p2a: Toxtricity|59/100
|
|upkeep
|turn|10
|
|t:|1776344955
|switch|p1a: 铁逼肛开呀|Corviknight, F|100/100
|-ability|p1a: 铁逼肛开呀|Pressure
|move|p2a: Toxtricity|Boomburst|p1a: 铁逼肛开呀
|-resisted|p1a: 铁逼肛开呀
|-damage|p1a: 铁逼肛开呀|52/100
|
|upkeep
|turn|11
|
|t:|1776344961
|switch|p2a: Grimmsnarl|Grimmsnarl, M|100/100
|move|p1a: 铁逼肛开呀|U-turn|p2a: Grimmsnarl
|-damage|p2a: Grimmsnarl|86/100
|
|t:|1776344970
|switch|p1a: 操坏星|Toxapex, F|100/100|[from] U-turn
|
|-heal|p2a: Grimmsnarl|92/100|[from] item: Leftovers
|upkeep
|turn|12
|
|t:|1776344974
|move|p2a: Grimmsnarl|Parting Shot|p1a: 操坏星
|-unboost|p1a: 操坏星|atk|1
|-unboost|p1a: 操坏星|spa|1
|
|t:|1776344983
|switch|p2a: Kyurem|Kyurem|100/100|[from] Parting Shot
|-ability|p2a: Kyurem|Pressure
|move|p1a: 操坏星|Toxic|p2a: Kyurem
|-status|p2a: Kyurem|tox
|
|-damage|p2a: Kyurem|94/100 tox|[from] psn
|upkeep
|turn|13
|
|t:|1776344992
|move|p1a: 操坏星|Baneful Bunker|p1a: 操坏星
|-singleturn|p1a: 操坏星|move: Protect
|move|p2a: Kyurem|Earth Power|p1a: 操坏星
|-activate|p1a: 操坏星|move: Protect
|
|-damage|p2a: Kyurem|82/100 tox|[from] psn
|upkeep
|turn|14
|
|t:|1776345003
|switch|p2a: Cinderace|Cinderace, M|100/100
|switch|p1a: 铁逼肛开呀|Corviknight, F|52/100
|-ability|p1a: 铁逼肛开呀|Pressure
|
|upkeep
|turn|15
|
|t:|1776345012
|switch|p1a: 操坏星|Toxapex, F|100/100
|move|p2a: Cinderace|Pyro Ball|p1a: 操坏星
|-resisted|p1a: 操坏星
|-damage|p1a: 操坏星|78/100
|
|-heal|p1a: 操坏星|84/100|[from] item: Leftovers
|upkeep
|turn|16
|
|t:|1776345021
|move|p1a: 操坏星|Baneful Bunker|p1a: 操坏星
|-singleturn|p1a: 操坏星|move: Protect
|move|p2a: Cinderace|U-turn|p1a: 操坏星
|-start|p2a: Cinderace|typechange|Bug|[from] ability: Libero
|-activate|p1a: 操坏星|move: Protect
|-status|p2a: Cinderace|psn
|
|-heal|p1a: 操坏星|90/100|[from] item: Leftovers
|-damage|p2a: Cinderace|88/100 psn|[from] psn
|upkeep
|turn|17
|
|t:|1776345035
|move|p2a: Cinderace|U-turn|p1a: 操坏星
|-resisted|p1a: 操坏星
|-crit|p1a: 操坏星
|-damage|p1a: 操坏星|70/100
|
|t:|1776345038
|switch|p2a: Kyurem|Kyurem|82/100 tox|[from] U-turn
|-ability|p2a: Kyurem|Pressure
|move|p1a: 操坏星|Toxic|p2a: Kyurem
|-fail|p2a: Kyurem|tox
|
|-heal|p1a: 操坏星|76/100|[from] item: Leftovers
|-damage|p2a: Kyurem|76/100 tox|[from] psn
|upkeep
|turn|18
|
|t:|1776345044
|move|p1a: 操坏星|Baneful Bunker|p1a: 操坏星
|-singleturn|p1a: 操坏星|move: Protect
|move|p2a: Kyurem|Earth Power|p1a: 操坏星
|-activate|p1a: 操坏星|move: Protect
|
|-heal|p1a: 操坏星|82/100|[from] item: Leftovers
|-damage|p2a: Kyurem|64/100 tox|[from] psn
|upkeep
|turn|19
|
|t:|1776345050
|switch|p1a: 铁逼肛开呀|Corviknight, F|52/100
|-ability|p1a: 铁逼肛开呀|Pressure
|move|p2a: Kyurem|Earth Power|p1a: 铁逼肛开呀
|-immune|p1a: 铁逼肛开呀
|
|-damage|p2a: Kyurem|45/100 tox|[from] psn
|upkeep
|turn|20
|
|t:|1776345058
|switch|p2a: A kird|Zapdos-Galar, shiny|100/100
|move|p1a: 铁逼肛开呀|Roost|p1a: 铁逼肛开呀
|-heal|p1a: 铁逼肛开呀|100/100
|-singleturn|p1a: 铁逼肛开呀|move: Roost
|
|upkeep
|turn|21
|
|t:|1776345063
|switch|p1a: 操坏星|Toxapex, F|100/100
|move|p2a: A kird|Close Combat|p1a: 操坏星
|-resisted|p1a: 操坏星
|-damage|p1a: 操坏星|79/100
|-unboost|p2a: A kird|def|1
|-unboost|p2a: A kird|spd|1
|
|-heal|p1a: 操坏星|85/100|[from] item: Leftovers
|upkeep
|turn|22
|
|t:|1776345071
|switch|p2a: Garchomp|Garchomp, M|100/100
|move|p1a: 操坏星|Baneful Bunker||[still]
|-fail|p1a: 操坏星
|
|-heal|p1a: 操坏星|91/100|[from] item: Leftovers
|upkeep
|turn|23
|l|☆ohqg
|inactive|ohqg disconnected and has a minute to reconnect!
|player|p1|
|j|☆ohqg
|inactive|ohqg reconnected and has 120 seconds left.
|player|p1|ohqg|elesa-gen5bw2|
|
|t:|1776345107
|move|p2a: Garchomp|Earthquake|p1a: 操坏星
|-supereffective|p1a: 操坏星
|-damage|p1a: 操坏星|20/100
|move|p1a: 操坏星|Toxic|p2a: Garchomp
|-status|p2a: Garchomp|tox
|
|-heal|p1a: 操坏星|26/100|[from] item: Leftovers
|-damage|p2a: Garchomp|94/100 tox|[from] psn
|upkeep
|turn|24
|inactive|ohqg has 120 seconds left.
|
|t:|1776345114
|move|p1a: 操坏星|Baneful Bunker|p1a: 操坏星
|-singleturn|p1a: 操坏星|move: Protect
|move|p2a: Garchomp|Swords Dance|p2a: Garchomp
|-boost|p2a: Garchomp|atk|2
|
|-heal|p1a: 操坏星|32/100|[from] item: Leftovers
|-damage|p2a: Garchomp|82/100 tox|[from] psn
|upkeep
|turn|25
|
|t:|1776345119
|switch|p1a: 痴齁霸|Dondozo, M|100/100
|move|p2a: Garchomp|Earthquake|p1a: 痴齁霸
|-damage|p1a: 痴齁霸|82/100
|
|-heal|p1a: 痴齁霸|88/100|[from] item: Leftovers
|-damage|p2a: Garchomp|64/100 tox|[from] psn
|upkeep
|turn|26
|
|t:|1776345125
|move|p1a: 痴齁霸|Avalanche|p2a: Garchomp
|-supereffective|p2a: Garchomp
|-damage|p2a: Garchomp|23/100 tox
|-damage|p1a: 痴齁霸|76/100|[from] ability: Rough Skin|[of] p2a: Garchomp
|-damage|p1a: 痴齁霸|59/100|[from] item: Rocky Helmet|[of] p2a: Garchomp
|move|p2a: Garchomp|Dragon Tail|p1a: 痴齁霸
|-damage|p1a: 痴齁霸|48/100
|drag|p1a: 铁逼肛开呀|Corviknight, F|100/100
|-ability|p1a: 铁逼肛开呀|Pressure
|
|-damage|p2a: Garchomp|0 fnt|[from] psn
|faint|p2a: Garchomp
|upkeep
|
|t:|1776345132
|switch|p2a: Cinderace|Cinderace, M|88/100 psn
|turn|27
|
|t:|1776345136
|switch|p1a: 操坏星|Toxapex, F|65/100
|move|p2a: Cinderace|Pyro Ball|p1a: 操坏星
|-resisted|p1a: 操坏星
|-damage|p1a: 操坏星|44/100
|-status|p1a: 操坏星|brn
|
|-heal|p1a: 操坏星|50/100 brn|[from] item: Leftovers
|-damage|p2a: Cinderace|76/100 psn|[from] psn
|-damage|p1a: 操坏星|44/100 brn|[from] brn
|upkeep
|turn|28
|l|☆ohqg
|inactive|ohqg disconnected and has a minute to reconnect!
|player|p1|
|j|☆ohqg
|inactive|ohqg reconnected and has 110 seconds left.
|player|p1|ohqg|elesa-gen5bw2|
|
|t:|1776345182
|switch|p2a: Toxtricity|Toxtricity-Low-Key, M, shiny, tera:Normal|59/100
|move|p1a: 操坏星|Baneful Bunker||[still]
|-fail|p1a: 操坏星
|
|-heal|p1a: 操坏星|50/100 brn|[from] item: Leftovers
|-damage|p1a: 操坏星|44/100 brn|[from] brn
|upkeep
|turn|29
|c|☆PabloGYT|All stall mon.. A kind of person are you bro
|
|t:|1776345196
|switch|p1a: 铁逼肛开呀|Corviknight, F|100/100
|-ability|p1a: 铁逼肛开呀|Pressure
|move|p2a: Toxtricity|Thunderbolt|p1a: 铁逼肛开呀
|-supereffective|p1a: 铁逼肛开呀
|-damage|p1a: 铁逼肛开呀|7/100
|
|upkeep
|turn|30
|
|t:|1776345204
|switch|p1a: 烈口交陆鲨|Clodsire, M|45/100
|move|p2a: Toxtricity|Thunderbolt|p1a: 烈口交陆鲨
|-immune|p1a: 烈口交陆鲨
|
|upkeep
|turn|31
|inactive|ohqg has 120 seconds left.
|
|t:|1776345211
|switch|p2a: Kyurem|Kyurem|45/100 tox
|-ability|p2a: Kyurem|Pressure
|move|p1a: 烈口交陆鲨|Recover|p1a: 烈口交陆鲨
|-heal|p1a: 烈口交陆鲨|95/100
|
|-damage|p2a: Kyurem|39/100 tox|[from] psn
|upkeep
|turn|32
|inactive|ohqg has 120 seconds left.
|
|t:|1776345221
|switch|p2a: A kird|Zapdos-Galar, shiny|100/100
|switch|p1a: 鸡立蛋|Blissey, F|91/100
|
|-heal|p1a: 鸡立蛋|97/100|[from] item: Leftovers
|upkeep
|turn|33
|
|t:|1776345227
|switch|p1a: 操坏星|Toxapex, F|77/100 brn
|move|p2a: A kird|Close Combat|p1a: 操坏星
|-resisted|p1a: 操坏星
|-damage|p1a: 操坏星|53/100 brn
|-unboost|p2a: A kird|def|1
|-unboost|p2a: A kird|spd|1
|
|-heal|p1a: 操坏星|59/100 brn|[from] item: Leftovers
|-damage|p1a: 操坏星|53/100 brn|[from] brn
|upkeep
|turn|34
|
|t:|1776345234
|switch|p2a: Grimmsnarl|Grimmsnarl, M|92/100
|move|p1a: 操坏星|Toxic|p2a: Grimmsnarl
|-status|p2a: Grimmsnarl|tox
|
|-heal|p2a: Grimmsnarl|98/100 tox|[from] item: Leftovers
|-heal|p1a: 操坏星|59/100 brn|[from] item: Leftovers
|-damage|p2a: Grimmsnarl|92/100 tox|[from] psn
|-damage|p1a: 操坏星|53/100 brn|[from] brn
|upkeep
|turn|35
|
|t:|1776345244
|move|p2a: Grimmsnarl|Reflect|p2a: Grimmsnarl
|-sidestart|p2: PabloGYT|Reflect
|move|p1a: 操坏星|Infestation|p2a: Grimmsnarl
|-damage|p2a: Grimmsnarl|89/100 tox
|-activate|p2a: Grimmsnarl|move: Infestation|[of] p1a: 操坏星
|
|-heal|p2a: Grimmsnarl|95/100 tox|[from] item: Leftovers
|-heal|p1a: 操坏星|59/100 brn|[from] item: Leftovers
|-damage|p2a: Grimmsnarl|83/100 tox|[from] psn
|-damage|p1a: 操坏星|53/100 brn|[from] brn
|-damage|p2a: Grimmsnarl|71/100 tox|[from] move: Infestation|[partiallytrapped]
|upkeep
|turn|36
|
|t:|1776345256
|switch|p1a: 铁逼肛开呀|Corviknight, F|7/100
|-ability|p1a: 铁逼肛开呀|Pressure
|move|p2a: Grimmsnarl|Parting Shot|p1a: 铁逼肛开呀
|-unboost|p1a: 铁逼肛开呀|atk|1
|-unboost|p1a: 铁逼肛开呀|spa|1
|
|t:|1776345266
|switch|p2a: A kird|Zapdos-Galar, shiny|100/100|[from] Parting Shot
|
|upkeep
|turn|37
|
|t:|1776345276
|switch|p1a: 操坏星|Toxapex, F|86/100 brn
|move|p2a: A kird|Knock Off|p1a: 操坏星
|-damage|p1a: 操坏星|62/100 brn
|-enditem|p1a: 操坏星|Leftovers|[from] move: Knock Off|[of] p2a: A kird
|
|-damage|p1a: 操坏星|56/100 brn|[from] brn
|upkeep
|turn|38
|
|t:|1776345288
|switch|p2a: Kyurem|Kyurem|39/100 tox
|-ability|p2a: Kyurem|Pressure
|move|p1a: 操坏星|Toxic|p2a: Kyurem
|-fail|p2a: Kyurem|tox
|
|-damage|p2a: Kyurem|33/100 tox|[from] psn
|-damage|p1a: 操坏星|50/100 brn|[from] brn
|upkeep
|turn|39
|
|t:|1776345301
|switch|p1a: 鸡立蛋|Blissey, F|97/100
|move|p2a: Kyurem|Ice Beam|p1a: 鸡立蛋
|-damage|p1a: 鸡立蛋|81/100
|-status|p1a: 鸡立蛋|frz
|
|-heal|p1a: 鸡立蛋|87/100 frz|[from] item: Leftovers
|-damage|p2a: Kyurem|21/100 tox|[from] psn
|-sideend|p2: PabloGYT|Reflect
|upkeep
|turn|40
|
|t:|1776345311
|switch|p2a: A kird|Zapdos-Galar, shiny|100/100
|-curestatus|p1a: 鸡立蛋|frz|[from] ability: Natural Cure
|switch|p1a: 操坏星|Toxapex, F|83/100 brn
|
|-damage|p1a: 操坏星|77/100 brn|[from] brn
|upkeep
|turn|41
|
|t:|1776345321
|move|p2a: A kird|Brave Bird|p1a: 操坏星
|-damage|p1a: 操坏星|26/100 brn
|-damage|p2a: A kird|85/100|[from] Recoil
|move|p1a: 操坏星|Toxic|p2a: A kird
|-status|p2a: A kird|tox
|
|-damage|p2a: A kird|79/100 tox|[from] psn
|-damage|p1a: 操坏星|20/100 brn|[from] brn
|upkeep
|turn|42
|
|t:|1776345336
|switch|p2a: Kyurem|Kyurem|21/100 tox
|-ability|p2a: Kyurem|Pressure
|move|p1a: 操坏星|Baneful Bunker||[still]
|-fail|p1a: 操坏星
|
|-damage|p2a: Kyurem|15/100 tox|[from] psn
|-damage|p1a: 操坏星|14/100 brn|[from] brn
|upkeep
|turn|43
|
|t:|1776345344
|switch|p1a: 鸡立蛋|Blissey, F|87/100
|move|p2a: Kyurem|Ice Beam|p1a: 鸡立蛋
|-damage|p1a: 鸡立蛋|71/100
|
|-heal|p1a: 鸡立蛋|77/100|[from] item: Leftovers
|-damage|p2a: Kyurem|2/100 tox|[from] psn
|upkeep
|turn|44
|
|t:|1776345366
|move|p2a: Kyurem|Ice Beam|p1a: 鸡立蛋
|-damage|p1a: 鸡立蛋|60/100
|move|p1a: 鸡立蛋|Flamethrower|p2a: Kyurem
|-damage|p2a: Kyurem|0 fnt
|faint|p2a: Kyurem
|
|-heal|p1a: 鸡立蛋|67/100|[from] item: Leftovers
|upkeep
|
|t:|1776345369
|switch|p2a: Cinderace|Cinderace, M|76/100 psn
|turn|45
|
|t:|1776345381
|switch|p1a: 痴齁霸|Dondozo, M|48/100
|move|p2a: Cinderace|Low Kick|p1a: 痴齁霸
|-start|p2a: Cinderace|typechange|Fighting|[from] ability: Libero
|-damage|p1a: 痴齁霸|22/100
|
|-heal|p1a: 痴齁霸|28/100|[from] item: Leftovers
|-damage|p2a: Cinderace|64/100 psn|[from] psn
|upkeep
|turn|46
|
|t:|1776345387
|move|p2a: Cinderace|U-turn|p1a: 痴齁霸
|-damage|p1a: 痴齁霸|17/100
|
|t:|1776345391
|switch|p2a: Toxtricity|Toxtricity-Low-Key, M, shiny, tera:Normal|59/100|[from] U-turn
|move|p1a: 痴齁霸|Rest|p1a: 痴齁霸
|-status|p1a: 痴齁霸|slp|[from] move: Rest
|-heal|p1a: 痴齁霸|100/100 slp|[silent]
|
|upkeep
|turn|47
|
|t:|1776345404
|switch|p1a: 鸡立蛋|Blissey, F|67/100
|move|p2a: Toxtricity|Boomburst|p1a: 鸡立蛋
|-crit|p1a: 鸡立蛋
|-damage|p1a: 鸡立蛋|19/100
|
|-heal|p1a: 鸡立蛋|26/100|[from] item: Leftovers
|upkeep
|turn|48
|
|t:|1776345418
|switch|p1a: 铁逼肛开呀|Corviknight, F|7/100
|-ability|p1a: 铁逼肛开呀|Pressure
|move|p2a: Toxtricity|Boomburst|p1a: 铁逼肛开呀
|-resisted|p1a: 铁逼肛开呀
|-damage|p1a: 铁逼肛开呀|0 fnt
|faint|p1a: 铁逼肛开呀
|
|upkeep
|
|t:|1776345430
|switch|p1a: 烈口交陆鲨|Clodsire, M|95/100
|turn|49
|
|t:|1776345434
|move|p2a: Toxtricity|Boomburst|p1a: 烈口交陆鲨
|-damage|p1a: 烈口交陆鲨|42/100
|move|p1a: 烈口交陆鲨|Earthquake|p2a: Toxtricity
|-damage|p2a: Toxtricity|20/100
|
|upkeep
|turn|50
|
|t:|1776345443
|move|p2a: Toxtricity|Boomburst|p1a: 烈口交陆鲨
|-damage|p1a: 烈口交陆鲨|0 fnt
|faint|p1a: 烈口交陆鲨
|
|upkeep
|
|t:|1776345455
|switch|p1a: 鸡立蛋|Blissey, F|26/100
|turn|51
|
|t:|1776345458
|-terastallize|p1a: 鸡立蛋|Ghost
|move|p2a: Toxtricity|Boomburst|p1a: 鸡立蛋
|-immune|p1a: 鸡立蛋
|move|p1a: 鸡立蛋|Soft-Boiled|p1a: 鸡立蛋
|-heal|p1a: 鸡立蛋|76/100
|
|-heal|p1a: 鸡立蛋|82/100|[from] item: Leftovers
|upkeep
|turn|52
|
|t:|1776345466
|switch|p2a: A kird|Zapdos-Galar, shiny|79/100 tox
|move|p1a: 鸡立蛋|Flamethrower|p2a: A kird
|-damage|p2a: A kird|59/100 tox
|
|-heal|p1a: 鸡立蛋|88/100|[from] item: Leftovers
|-damage|p2a: A kird|53/100 tox|[from] psn
|upkeep
|turn|53
|
|t:|1776345472
|switch|p1a: 操坏星|Toxapex, F|47/100 brn
|move|p2a: A kird|Knock Off|p1a: 操坏星
|-damage|p1a: 操坏星|29/100 brn
|
|-damage|p2a: A kird|40/100 tox|[from] psn
|-damage|p1a: 操坏星|23/100 brn|[from] brn
|upkeep
|turn|54
|
|t:|1776345486
|switch|p2a: Cinderace|Cinderace, M|64/100 psn
|switch|p1a: 痴齁霸|Dondozo, M|100/100 slp
|
|-damage|p2a: Cinderace|51/100 psn|[from] psn
|upkeep
|turn|55
|
|t:|1776345503
|switch|p2a: Grimmsnarl|Grimmsnarl, M|71/100 tox
|cant|p1a: 痴齁霸|slp
|
|-heal|p2a: Grimmsnarl|77/100 tox|[from] item: Leftovers
|-damage|p2a: Grimmsnarl|71/100 tox|[from] psn
|upkeep
|turn|56
|
|t:|1776345515
|switch|p1a: 操坏星|Toxapex, F|56/100 brn
|move|p2a: Grimmsnarl|Reflect|p2a: Grimmsnarl
|-sidestart|p2: PabloGYT|Reflect
|
|-heal|p2a: Grimmsnarl|77/100 tox|[from] item: Leftovers
|-damage|p2a: Grimmsnarl|65/100 tox|[from] psn
|-damage|p1a: 操坏星|50/100 brn|[from] brn
|upkeep
|turn|57
|
|t:|1776345528
|move|p2a: Grimmsnarl|Light Screen|p2a: Grimmsnarl
|-sidestart|p2: PabloGYT|move: Light Screen
|move|p1a: 操坏星|Infestation|p2a: Grimmsnarl
|-damage|p2a: Grimmsnarl|64/100 tox
|-activate|p2a: Grimmsnarl|move: Infestation|[of] p1a: 操坏星
|
|-heal|p2a: Grimmsnarl|70/100 tox|[from] item: Leftovers
|-damage|p2a: Grimmsnarl|52/100 tox|[from] psn
|-damage|p1a: 操坏星|43/100 brn|[from] brn
|-damage|p2a: Grimmsnarl|39/100 tox|[from] move: Infestation|[partiallytrapped]
|upkeep
|turn|58
|
|t:|1776345539
|switch|p1a: 痴齁霸|Dondozo, M|100/100 slp
|move|p2a: Grimmsnarl|Parting Shot|p1a: 痴齁霸
|-unboost|p1a: 痴齁霸|atk|1
|-unboost|p1a: 痴齁霸|spa|1
|
|t:|1776345541
|switch|p2a: Toxtricity|Toxtricity-Low-Key, M, shiny, tera:Normal|20/100|[from] Parting Shot
|
|upkeep
|turn|59
|
|t:|1776345551
|switch|p1a: 鸡立蛋|Blissey, F, tera:Ghost|88/100
|move|p2a: Toxtricity|Boomburst|p1a: 鸡立蛋
|-immune|p1a: 鸡立蛋
|
|-heal|p1a: 鸡立蛋|94/100|[from] item: Leftovers
|upkeep
|turn|60
|
|t:|1776345556
|switch|p2a: Grimmsnarl|Grimmsnarl, M|39/100 tox
|move|p1a: 鸡立蛋|Flamethrower|p2a: Grimmsnarl
|-damage|p2a: Grimmsnarl|33/100 tox
|
|-heal|p2a: Grimmsnarl|39/100 tox|[from] item: Leftovers
|-heal|p1a: 鸡立蛋|99/100|[from] item: Leftovers
|-damage|p2a: Grimmsnarl|33/100 tox|[from] psn
|-sideend|p2: PabloGYT|Reflect
|upkeep
|turn|61
|
|t:|1776345563
|switch|p1a: 操坏星|Toxapex, F|76/100 brn
|move|p2a: Grimmsnarl|Spirit Break|p1a: 操坏星
|-resisted|p1a: 操坏星
|-damage|p1a: 操坏星|65/100 brn
|-unboost|p1a: 操坏星|spa|1
|
|-heal|p2a: Grimmsnarl|39/100 tox|[from] item: Leftovers
|-damage|p2a: Grimmsnarl|27/100 tox|[from] psn
|-damage|p1a: 操坏星|58/100 brn|[from] brn
|-sideend|p2: PabloGYT|move: Light Screen
|upkeep
|turn|62
|
|t:|1776345577
|switch|p1a: 痴齁霸|Dondozo, M|100/100 slp
|move|p2a: Grimmsnarl|Reflect|p2a: Grimmsnarl
|-sidestart|p2: PabloGYT|Reflect
|
|-heal|p2a: Grimmsnarl|33/100 tox|[from] item: Leftovers
|-damage|p2a: Grimmsnarl|15/100 tox|[from] psn
|upkeep
|turn|63
|
|t:|1776345588
|move|p2a: Grimmsnarl|Spirit Break|p1a: 痴齁霸
|-damage|p1a: 痴齁霸|87/100 slp
|-unboost|p1a: 痴齁霸|spa|1
|cant|p1a: 痴齁霸|slp
|
|-heal|p2a: Grimmsnarl|21/100 tox|[from] item: Leftovers
|-heal|p1a: 痴齁霸|94/100 slp|[from] item: Leftovers
|-damage|p2a: Grimmsnarl|0 fnt|[from] psn
|faint|p2a: Grimmsnarl
|upkeep
|
|t:|1776345591
|switch|p2a: Toxtricity|Toxtricity-Low-Key, M, shiny, tera:Normal|20/100
|turn|64
|
|t:|1776345604
|switch|p1a: 鸡立蛋|Blissey, F, tera:Ghost|99/100
|move|p2a: Toxtricity|Sludge Wave|p1a: 鸡立蛋
|-resisted|p1a: 鸡立蛋
|-damage|p1a: 鸡立蛋|92/100
|-status|p1a: 鸡立蛋|psn
|
|-heal|p1a: 鸡立蛋|99/100 psn|[from] item: Leftovers
|-damage|p1a: 鸡立蛋|86/100 psn|[from] psn
|upkeep
|turn|65
|
|t:|1776345614
|switch|p2a: A kird|Zapdos-Galar, shiny|40/100 tox
|move|p1a: 鸡立蛋|Flamethrower|p2a: A kird
|-damage|p2a: A kird|21/100 tox
|
|-heal|p1a: 鸡立蛋|92/100 psn|[from] item: Leftovers
|-damage|p2a: A kird|15/100 tox|[from] psn
|-damage|p1a: 鸡立蛋|80/100 psn|[from] psn
|upkeep
|turn|66
|
|t:|1776345622
|-curestatus|p1a: 鸡立蛋|psn|[from] ability: Natural Cure
|switch|p1a: 操坏星|Toxapex, F|92/100 brn
|move|p2a: A kird|Knock Off|p1a: 操坏星
|-damage|p1a: 操坏星|75/100 brn
|
|-damage|p2a: A kird|2/100 tox|[from] psn
|-damage|p1a: 操坏星|69/100 brn|[from] brn
|-sideend|p2: PabloGYT|Reflect
|upkeep
|turn|67
|
|t:|1776345631
|switch|p1a: 痴齁霸|Dondozo, M|94/100 slp
|move|p2a: A kird|Knock Off|p1a: 痴齁霸
|-damage|p1a: 痴齁霸|78/100 slp
|-enditem|p1a: 痴齁霸|Leftovers|[from] move: Knock Off|[of] p2a: A kird
|
|-damage|p2a: A kird|0 fnt|[from] psn
|faint|p2a: A kird
|upkeep
|
|t:|1776345633
|switch|p2a: Toxtricity|Toxtricity-Low-Key, M, shiny, tera:Normal|20/100
|turn|68
|
|t:|1776345637
|switch|p1a: 鸡立蛋|Blissey, F, tera:Ghost|80/100
|move|p2a: Toxtricity|Thunderbolt|p1a: 鸡立蛋
|-damage|p1a: 鸡立蛋|64/100
|
|-heal|p1a: 鸡立蛋|70/100|[from] item: Leftovers
|upkeep
|turn|69
|
|t:|1776345648
|switch|p2a: Cinderace|Cinderace, M|51/100 psn
|move|p1a: 鸡立蛋|Flamethrower|p2a: Cinderace
|-resisted|p2a: Cinderace
|-damage|p2a: Cinderace|39/100 psn
|
|-heal|p1a: 鸡立蛋|76/100|[from] item: Leftovers
|-damage|p2a: Cinderace|27/100 psn|[from] psn
|upkeep
|turn|70
|
|t:|1776345654
|switch|p1a: 操坏星|Toxapex, F|100/100 brn
|move|p2a: Cinderace|Pyro Ball|p1a: 操坏星
|-resisted|p1a: 操坏星
|-damage|p1a: 操坏星|76/100 brn
|
|-damage|p2a: Cinderace|15/100 psn|[from] psn
|-damage|p1a: 操坏星|70/100 brn|[from] brn
|upkeep
|turn|71
|n|!PabloGYT|pablogyt
|-message|PabloGYT forfeited.
|
|win|ohqg
