|html|<div class="broadcast-blue"><strong>[Gen 9] OU is currently suspecting Tera Blast! For information on how to participate check out the <a href="https://www.smogon.com/tools/suspects/view/200">suspect thread</a>.</strong></div>
|j|☆erennotyaeger
|j|☆z3r0cool
|t:|1776050379
|gametype|singles
|player|p1|erennotyaeger|265|1628
|player|p2|z3r0cool|lorelei-gen1|1591
|gen|9
|tier|[Gen 9] OU
|rated|
|rule|HP Percentage Mod: HP is shown in percentages
|rule|Endless Battle Clause: Forcing endless battles is banned
|rule|Species Clause: Limit one of each Pokémon
|rule|OHKO Clause: OHKO moves are banned
|rule|Evasion Items Clause: Evasion items are banned
|rule|Evasion Moves Clause: Evasion moves are banned
|rule|Evasion Abilities Clause: Evasion abilities are banned
|rule|Sleep Moves Clause: Sleep-inducing moves are banned
|clearpoke
|poke|p1|Dragapult, F|
|poke|p1|Alomomola, F|
|poke|p1|Ting-Lu|
|poke|p1|Kyurem|
|poke|p1|Weezing-Galar, F|
|poke|p1|Corviknight, F|
|poke|p2|Slowking-Galar, M|
|poke|p2|Zapdos|
|poke|p2|Ogerpon-Wellspring, F|
|poke|p2|Great Tusk|
|poke|p2|Kingambit, M|
|poke|p2|Zamazenta-*|
|teampreview
|inactive|Battle timer is ON: inactive players will automatically lose when time's up. (requested by z3r0cool)
|
|t:|1776050415
|teamsize|p1|6
|teamsize|p2|6
|start
|switch|p1a: Tiffany BlueStones|Kyurem, shiny|100/100
|switch|p2a: Zapdos|Zapdos, shiny|100/100
|-ability|p1a: Tiffany BlueStones|Pressure
|turn|1
|
|t:|1776050423
|switch|p2a: Slowking|Slowking-Galar, M|100/100
|move|p1a: Tiffany BlueStones|Substitute|p1a: Tiffany BlueStones
|-start|p1a: Tiffany BlueStones|Substitute
|-damage|p1a: Tiffany BlueStones|76/100
|
|-heal|p1a: Tiffany BlueStones|82/100|[from] item: Leftovers
|upkeep
|turn|2
|
|t:|1776050434
|move|p1a: Tiffany BlueStones|Earth Power|p2a: Slowking
|-supereffective|p2a: Slowking
|-crit|p2a: Slowking
|-damage|p2a: Slowking|58/100
|move|p2a: Slowking|Sludge Bomb|p1a: Tiffany BlueStones
|-end|p1a: Tiffany BlueStones|Substitute
|
|-heal|p1a: Tiffany BlueStones|88/100|[from] item: Leftovers
|upkeep
|turn|3
|
|t:|1776050451
|switch|p1a: Corviknight|Corviknight, F|100/100
|-ability|p1a: Corviknight|Pressure
|move|p2a: Slowking|Sludge Bomb|p1a: Corviknight
|-immune|p1a: Corviknight
|
|upkeep
|turn|4
|inactive|erennotyaeger has 120 seconds left.
|
|t:|1776050505
|switch|p2a: Zapdos|Zapdos, shiny|100/100
|move|p1a: Corviknight|Brave Bird|p2a: Zapdos
|-resisted|p2a: Zapdos
|-damage|p2a: Zapdos|88/100
|-damage|p1a: Corviknight|96/100|[from] Recoil
|
|-heal|p1a: Corviknight|100/100|[from] item: Leftovers
|upkeep
|turn|5
|
|t:|1776050524
|switch|p2a: Ogerpon|Ogerpon-Wellspring, F|100/100
|switch|p1a: Alysa-Lu|Ting-Lu|100/100
|-ability|p1a: Alysa-Lu|Vessel of Ruin
|
|upkeep
|turn|6
|
|t:|1776050541
|switch|p1a: Weezing|Weezing-Galar, F|100/100
|-ability|p1a: Weezing|Neutralizing Gas
|move|p2a: Ogerpon|Power Whip|p1a: Weezing
|-resisted|p1a: Weezing
|-damage|p1a: Weezing|76/100
|
|-heal|p1a: Weezing|82/100|[from] item: Leftovers
|upkeep
|turn|7
|
|t:|1776050554
|move|p2a: Ogerpon|U-turn|p1a: Weezing
|-resisted|p1a: Weezing
|-damage|p1a: Weezing|77/100
|
|t:|1776050556
|switch|p2a: Slowking|Slowking-Galar, M|91/100|[from] U-turn
|move|p1a: Weezing|Will-O-Wisp|p2a: Slowking
|-status|p2a: Slowking|brn
|
|-heal|p1a: Weezing|83/100|[from] item: Leftovers
|-damage|p2a: Slowking|85/100 brn|[from] brn
|upkeep
|turn|8
|
|t:|1776050582
|-end|p1a: Weezing|ability: Neutralizing Gas
|switch|p1a: Corviknight|Corviknight, F|100/100
|-ability|p1a: Corviknight|Pressure
|move|p2a: Slowking|Flamethrower|p1a: Corviknight
|-supereffective|p1a: Corviknight
|-crit|p1a: Corviknight
|-damage|p1a: Corviknight|44/100
|
|-heal|p1a: Corviknight|50/100|[from] item: Leftovers
|-damage|p2a: Slowking|79/100 brn|[from] brn
|upkeep
|turn|9
|
|t:|1776050594
|switch|p2a: Zapdos|Zapdos, shiny|88/100
|move|p1a: Corviknight|Roost|p1a: Corviknight
|-heal|p1a: Corviknight|99/100
|-singleturn|p1a: Corviknight|move: Roost
|
|-heal|p1a: Corviknight|100/100|[from] item: Leftovers
|upkeep
|turn|10
|
|t:|1776050601
|move|p2a: Zapdos|Volt Switch|p1a: Corviknight
|-supereffective|p1a: Corviknight
|-damage|p1a: Corviknight|57/100
|inactive|z3r0cool has 120 seconds left.
|
|t:|1776050621
|switch|p2a: Kingambit|Kingambit, M|100/100|[from] Volt Switch
|move|p1a: Corviknight|U-turn|p2a: Kingambit
|-damage|p2a: Kingambit|88/100
|
|t:|1776050628
|switch|p1a: Weezing|Weezing-Galar, F|83/100|[from] U-turn
|-ability|p1a: Weezing|Neutralizing Gas
|
|-heal|p2a: Kingambit|94/100|[from] item: Leftovers
|-heal|p1a: Weezing|89/100|[from] item: Leftovers
|upkeep
|turn|11
|
|t:|1776050635
|-end|p2a: Kingambit|fallenundefined|[silent]
|switch|p2a: Slowking|Slowking-Galar, M|100/100 brn
|move|p1a: Weezing|Will-O-Wisp|p2a: Slowking
|-fail|p2a: Slowking|brn
|
|-heal|p1a: Weezing|95/100|[from] item: Leftovers
|-damage|p2a: Slowking|94/100 brn|[from] brn
|upkeep
|turn|12
|
|t:|1776050643
|-end|p1a: Weezing|ability: Neutralizing Gas
|switch|p1a: Corviknight|Corviknight, F|57/100
|-ability|p1a: Corviknight|Pressure
|move|p2a: Slowking|Sludge Bomb|p1a: Corviknight
|-immune|p1a: Corviknight
|
|-heal|p1a: Corviknight|63/100|[from] item: Leftovers
|-damage|p2a: Slowking|88/100 brn|[from] brn
|upkeep
|turn|13
|
|t:|1776050654
|move|p1a: Corviknight|U-turn|p2a: Slowking
|-damage|p2a: Slowking|74/100 brn
|
|t:|1776050656
|switch|p1a: Alysa-Lu|Ting-Lu|100/100|[from] U-turn
|-ability|p1a: Alysa-Lu|Vessel of Ruin
|move|p2a: Slowking|Flamethrower|p1a: Alysa-Lu
|-damage|p1a: Alysa-Lu|89/100
|
|-heal|p1a: Alysa-Lu|96/100|[from] item: Leftovers
|-damage|p2a: Slowking|68/100 brn|[from] brn
|upkeep
|turn|14
|
|t:|1776050667
|switch|p2a: Great Tusk|Great Tusk, shiny|100/100
|move|p1a: Alysa-Lu|Stealth Rock|p2a: Great Tusk
|-sidestart|p2: z3r0cool|move: Stealth Rock
|
|-heal|p1a: Alysa-Lu|100/100|[from] item: Leftovers
|upkeep
|turn|15
|
|t:|1776050675
|switch|p1a: Fogbound Lake|Alomomola, F|100/100
|move|p2a: Great Tusk|Stealth Rock|p1a: Fogbound Lake
|-sidestart|p1: erennotyaeger|move: Stealth Rock
|
|upkeep
|turn|16
|inactive|erennotyaeger has 120 seconds left.
|inactive|erennotyaeger has 90 seconds left.
|
|t:|1776050754
|move|p2a: Great Tusk|Rapid Spin|p1a: Fogbound Lake
|-damage|p1a: Fogbound Lake|92/100
|-boost|p2a: Great Tusk|spe|1
|-damage|p2a: Great Tusk|84/100|[from] item: Rocky Helmet|[of] p1a: Fogbound Lake
|-sideend|p2: z3r0cool|Stealth Rock|[from] move: Rapid Spin|[of] p2a: Great Tusk
|move|p1a: Fogbound Lake|Tickle|p2a: Great Tusk
|-unboost|p2a: Great Tusk|atk|1
|-unboost|p2a: Great Tusk|def|1
|
|upkeep
|turn|17
|
|t:|1776050762
|-end|p2a: Great Tusk|Protosynthesis|[silent]
|switch|p2a: Ogerpon|Ogerpon-Wellspring, F|100/100
|move|p1a: Fogbound Lake|Wish|p1a: Fogbound Lake
|
|upkeep
|turn|18
|
|t:|1776050778
|switch|p1a: Weezing|Weezing-Galar, F|95/100
|-ability|p1a: Weezing|Neutralizing Gas
|-damage|p1a: Weezing|82/100|[from] Stealth Rock
|move|p2a: Ogerpon|Knock Off|p1a: Weezing
|-resisted|p1a: Weezing
|-damage|p1a: Weezing|69/100
|-enditem|p1a: Weezing|Leftovers|[from] move: Knock Off|[of] p2a: Ogerpon
|
|-heal|p1a: Weezing|100/100|[from] move: Wish|[wisher] Fogbound Lake
|upkeep
|turn|19
|inactive|erennotyaeger has 90 seconds left.
|
|t:|1776050823
|move|p2a: Ogerpon|U-turn|p1a: Weezing
|-resisted|p1a: Weezing
|-damage|p1a: Weezing|96/100
|
|t:|1776050827
|switch|p2a: Slowking|Slowking-Galar, M|100/100 brn|[from] U-turn
|move|p1a: Weezing|Defog|p2a: Slowking
|-unboost|p2a: Slowking|evasion|1
|-sideend|p1: erennotyaeger|Stealth Rock|[from] move: Defog|[of] p1a: Weezing
|
|-damage|p2a: Slowking|94/100 brn|[from] brn
|upkeep
|turn|20
|inactive|erennotyaeger has 60 seconds left.
|
|t:|1776050858
|-end|p1a: Weezing|ability: Neutralizing Gas
|switch|p1a: Alysa-Lu|Ting-Lu|100/100
|-ability|p1a: Alysa-Lu|Vessel of Ruin
|move|p2a: Slowking|Sludge Bomb|p1a: Alysa-Lu
|-resisted|p1a: Alysa-Lu
|-damage|p1a: Alysa-Lu|92/100
|
|-heal|p1a: Alysa-Lu|99/100|[from] item: Leftovers
|-damage|p2a: Slowking|88/100 brn|[from] brn
|upkeep
|turn|21
|
|t:|1776050869
|switch|p2a: Ogerpon|Ogerpon-Wellspring, F|100/100
|move|p1a: Alysa-Lu|Ruination|p2a: Ogerpon
|-damage|p2a: Ogerpon|51/100
|
|-heal|p1a: Alysa-Lu|100/100|[from] item: Leftovers
|upkeep
|turn|22
|inactive|erennotyaeger has 60 seconds left.
|
|t:|1776050883
|switch|p1a: Weezing|Weezing-Galar, F|96/100
|-ability|p1a: Weezing|Neutralizing Gas
|move|p2a: Ogerpon|Ivy Cudgel|p1a: Weezing|[anim] Ivy Cudgel Water
|-damage|p1a: Weezing|54/100
|
|upkeep
|turn|23
|inactive|erennotyaeger has 60 seconds left.
|
|t:|1776050912
|switch|p2a: Slowking|Slowking-Galar, M|100/100 brn
|-end|p1a: Weezing|ability: Neutralizing Gas
|switch|p1a: Fogbound Lake|Alomomola, F|100/100
|
|-damage|p2a: Slowking|94/100 brn|[from] brn
|upkeep
|turn|24
|
|t:|1776050919
|move|p1a: Fogbound Lake|Wish|p1a: Fogbound Lake
|move|p2a: Slowking|Sludge Bomb|p1a: Fogbound Lake
|-damage|p1a: Fogbound Lake|48/100
|
|-damage|p2a: Slowking|88/100 brn|[from] brn
|upkeep
|turn|25
|inactive|erennotyaeger has 60 seconds left.
|
|t:|1776050928
|switch|p1a: Corviknight|Corviknight, F|63/100
|-ability|p1a: Corviknight|Pressure
|move|p2a: Slowking|Sludge Bomb|p1a: Corviknight
|-immune|p1a: Corviknight
|
|-heal|p1a: Corviknight|100/100|[from] move: Wish|[wisher] Fogbound Lake
|-damage|p2a: Slowking|82/100 brn|[from] brn
|upkeep
|turn|26
|inactive|erennotyaeger has 60 seconds left.
|
|t:|1776050941
|switch|p2a: Zapdos|Zapdos, shiny|88/100
|move|p1a: Corviknight|U-turn|p2a: Zapdos
|-resisted|p2a: Zapdos
|-damage|p2a: Zapdos|82/100
|inactive|erennotyaeger has 60 seconds left.
|c|☆z3r0cool|so lucky
|c|☆z3r0cool|not a single poison or static
|c|☆erennotyaeger|>:)
|c|☆z3r0cool|or burn
|c|☆z3r0cool|just chancing it taking forever to click
|inactive|erennotyaeger has 30 seconds left.
|
|t:|1776050981
|switch|p1a: Tiffany BlueStones|Kyurem, shiny|88/100|[from] U-turn
|-ability|p1a: Tiffany BlueStones|Pressure
|
|-heal|p1a: Tiffany BlueStones|94/100|[from] item: Leftovers
|upkeep
|turn|27
|
|t:|1776050991
|switch|p2a: Slowking|Slowking-Galar, M|100/100 brn
|move|p1a: Tiffany BlueStones|Substitute|p1a: Tiffany BlueStones
|-start|p1a: Tiffany BlueStones|Substitute
|-damage|p1a: Tiffany BlueStones|69/100
|
|-heal|p1a: Tiffany BlueStones|75/100|[from] item: Leftovers
|-damage|p2a: Slowking|94/100 brn|[from] brn
|upkeep
|turn|28
|
|t:|1776051004
|move|p1a: Tiffany BlueStones|Earth Power|p2a: Slowking
|-supereffective|p2a: Slowking
|-damage|p2a: Slowking|62/100 brn
|move|p2a: Slowking|Flamethrower|p1a: Tiffany BlueStones
|-end|p1a: Tiffany BlueStones|Substitute
|
|-heal|p1a: Tiffany BlueStones|82/100|[from] item: Leftovers
|-damage|p2a: Slowking|56/100 brn|[from] brn
|upkeep
|turn|29
|
|t:|1776051021
|switch|p1a: Corviknight|Corviknight, F|100/100
|-ability|p1a: Corviknight|Pressure
|move|p2a: Slowking|Flamethrower|p1a: Corviknight
|-supereffective|p1a: Corviknight
|-damage|p1a: Corviknight|59/100
|
|-heal|p1a: Corviknight|65/100|[from] item: Leftovers
|-damage|p2a: Slowking|50/100 brn|[from] brn
|upkeep
|turn|30
|
|t:|1776051030
|switch|p2a: Zapdos|Zapdos, shiny|82/100
|move|p1a: Corviknight|U-turn|p2a: Zapdos
|-resisted|p2a: Zapdos
|-damage|p2a: Zapdos|78/100
|-status|p1a: Corviknight|par|[from] ability: Static|[of] p2a: Zapdos
|
|t:|1776051038
|switch|p1a: Tiffany BlueStones|Kyurem, shiny|82/100|[from] U-turn
|-ability|p1a: Tiffany BlueStones|Pressure
|
|-heal|p1a: Tiffany BlueStones|88/100|[from] item: Leftovers
|upkeep
|turn|31
|
|t:|1776051051
|switch|p2a: Slowking|Slowking-Galar, M|83/100 brn
|move|p1a: Tiffany BlueStones|Substitute|p1a: Tiffany BlueStones
|-start|p1a: Tiffany BlueStones|Substitute
|-damage|p1a: Tiffany BlueStones|63/100
|
|-heal|p1a: Tiffany BlueStones|69/100|[from] item: Leftovers
|-damage|p2a: Slowking|77/100 brn|[from] brn
|upkeep
|turn|32
|
|t:|1776051060
|move|p1a: Tiffany BlueStones|Earth Power|p2a: Slowking
|-supereffective|p2a: Slowking
|-damage|p2a: Slowking|47/100 brn
|-unboost|p2a: Slowking|spd|1
|move|p2a: Slowking|Ice Beam|p1a: Tiffany BlueStones
|-end|p1a: Tiffany BlueStones|Substitute
|
|-heal|p1a: Tiffany BlueStones|75/100|[from] item: Leftovers
|-damage|p2a: Slowking|41/100 brn|[from] brn
|upkeep
|turn|33
|
|t:|1776051076
|switch|p2a: Zapdos|Zapdos, shiny|78/100
|move|p1a: Tiffany BlueStones|Substitute|p1a: Tiffany BlueStones
|-start|p1a: Tiffany BlueStones|Substitute
|-damage|p1a: Tiffany BlueStones|50/100
|
|-heal|p1a: Tiffany BlueStones|57/100|[from] item: Leftovers
|upkeep
|turn|34
|j| wsmnd
|
|t:|1776051084
|switch|p2a: Slowking|Slowking-Galar, M|75/100 brn
|move|p1a: Tiffany BlueStones|Freeze-Dry|p2a: Slowking
|-damage|p2a: Slowking|55/100 brn
|
|-heal|p1a: Tiffany BlueStones|63/100|[from] item: Leftovers
|-damage|p2a: Slowking|49/100 brn|[from] brn
|upkeep
|turn|35
|
|t:|1776051092
|switch|p2a: Zapdos|Zapdos, shiny|78/100
|move|p1a: Tiffany BlueStones|Earth Power|p2a: Zapdos
|-immune|p2a: Zapdos
|
|-heal|p1a: Tiffany BlueStones|69/100|[from] item: Leftovers
|upkeep
|turn|36
|
|t:|1776051113
|switch|p2a: Slowking|Slowking-Galar, M|83/100 brn
|move|p1a: Tiffany BlueStones|Earth Power|p2a: Slowking
|-supereffective|p2a: Slowking
|-damage|p2a: Slowking|52/100 brn
|
|-heal|p1a: Tiffany BlueStones|75/100|[from] item: Leftovers
|-damage|p2a: Slowking|46/100 brn|[from] brn
|upkeep
|turn|37
|
|t:|1776051123
|move|p1a: Tiffany BlueStones|Freeze-Dry|p2a: Slowking
|-damage|p2a: Slowking|28/100 brn
|move|p2a: Slowking|Flamethrower|p1a: Tiffany BlueStones
|-end|p1a: Tiffany BlueStones|Substitute
|
|-heal|p1a: Tiffany BlueStones|81/100|[from] item: Leftovers
|-damage|p2a: Slowking|22/100 brn|[from] brn
|upkeep
|turn|38
|inactive|erennotyaeger has 90 seconds left.
|
|t:|1776051131
|switch|p2a: Zapdos|Zapdos, shiny|78/100
|move|p1a: Tiffany BlueStones|Freeze-Dry|p2a: Zapdos
|-supereffective|p2a: Zapdos
|-damage|p2a: Zapdos|9/100
|
|-heal|p1a: Tiffany BlueStones|87/100|[from] item: Leftovers
|upkeep
|turn|39
|inactive|erennotyaeger has 90 seconds left.
|
|t:|1776051142
|move|p1a: Tiffany BlueStones|Earth Power|p2a: Zapdos
|-immune|p2a: Zapdos
|move|p2a: Zapdos|Volt Switch|p1a: Tiffany BlueStones
|-resisted|p1a: Tiffany BlueStones
|-damage|p1a: Tiffany BlueStones|74/100
|
|t:|1776051160
|switch|p2a: Zamazenta|Zamazenta|100/100|[from] Volt Switch
|-ability|p2a: Zamazenta|Dauntless Shield|boost
|-boost|p2a: Zamazenta|def|1
|
|-heal|p1a: Tiffany BlueStones|80/100|[from] item: Leftovers
|upkeep
|turn|40
|
|t:|1776051169
|switch|p1a: Fogbound Lake|Alomomola, F|81/100
|move|p2a: Zamazenta|Close Combat|p1a: Fogbound Lake
|-damage|p1a: Fogbound Lake|48/100
|-unboost|p2a: Zamazenta|def|1
|-unboost|p2a: Zamazenta|spd|1
|-damage|p2a: Zamazenta|84/100|[from] item: Rocky Helmet|[of] p1a: Fogbound Lake
|
|upkeep
|turn|41
|
|t:|1776051178
|switch|p2a: Ogerpon|Ogerpon-Wellspring, F|51/100
|move|p1a: Fogbound Lake|Wish|p1a: Fogbound Lake
|
|upkeep
|turn|42
|
|t:|1776051201
|switch|p1a: Weezing|Weezing-Galar, F|54/100
|-ability|p1a: Weezing|Neutralizing Gas
|move|p2a: Ogerpon|Knock Off|p1a: Weezing
|-resisted|p1a: Weezing
|-damage|p1a: Weezing|44/100
|
|-heal|p1a: Weezing|100/100|[from] move: Wish|[wisher] Fogbound Lake
|upkeep
|turn|43
|inactive|erennotyaeger has 90 seconds left.
|
|t:|1776051223
|move|p2a: Ogerpon|U-turn|p1a: Weezing
|-resisted|p1a: Weezing
|-damage|p1a: Weezing|95/100
|
|t:|1776051226
|switch|p2a: Slowking|Slowking-Galar, M|56/100 brn|[from] U-turn
|move|p1a: Weezing|Will-O-Wisp|p2a: Slowking
|-fail|p2a: Slowking|brn
|
|-damage|p2a: Slowking|50/100 brn|[from] brn
|upkeep
|turn|44
|inactive|erennotyaeger has 90 seconds left.
|
|t:|1776051242
|-end|p1a: Weezing|ability: Neutralizing Gas
|switch|p1a: Alysa-Lu|Ting-Lu|100/100
|-ability|p1a: Alysa-Lu|Vessel of Ruin
|switch|p2a: Zapdos|Zapdos, shiny|9/100
|
|upkeep
|turn|45
|
|t:|1776051250
|move|p2a: Zapdos|Roost|p2a: Zapdos
|-heal|p2a: Zapdos|59/100
|-singleturn|p2a: Zapdos|move: Roost
|move|p1a: Alysa-Lu|Earthquake|p2a: Zapdos
|-supereffective|p2a: Zapdos
|-damage|p2a: Zapdos|9/100
|
|upkeep
|turn|46
|inactive|erennotyaeger has 90 seconds left.
|c|☆erennotyaeger|damn you fat ass bird tub of lard
|
|t:|1776051291
|move|p2a: Zapdos|Hurricane|p1a: Alysa-Lu|[miss]
|-miss|p2a: Zapdos|p1a: Alysa-Lu
|move|p1a: Alysa-Lu|Earthquake|p2a: Zapdos
|-immune|p2a: Zapdos
|
|upkeep
|turn|47
|
|t:|1776051300
|move|p2a: Zapdos|Roost|p2a: Zapdos
|-heal|p2a: Zapdos|59/100
|-singleturn|p2a: Zapdos|move: Roost
|move|p1a: Alysa-Lu|Earthquake|p2a: Zapdos
|-supereffective|p2a: Zapdos
|-damage|p2a: Zapdos|5/100
|
|upkeep
|turn|48
|
|t:|1776051308
|move|p2a: Zapdos|Hurricane|p1a: Alysa-Lu|[miss]
|-miss|p2a: Zapdos|p1a: Alysa-Lu
|move|p1a: Alysa-Lu|Earthquake|p2a: Zapdos
|-immune|p2a: Zapdos
|
|upkeep
|turn|49
|c|☆z3r0cool|luckiest player alive
|
|t:|1776051322
|move|p2a: Zapdos|Hurricane|p1a: Alysa-Lu
|-damage|p1a: Alysa-Lu|80/100
|move|p1a: Alysa-Lu|Earthquake|p2a: Zapdos
|-immune|p2a: Zapdos
|
|-heal|p1a: Alysa-Lu|86/100|[from] item: Leftovers
|upkeep
|turn|50
|
|t:|1776051329
|move|p2a: Zapdos|Hurricane|p1a: Alysa-Lu
|-damage|p1a: Alysa-Lu|66/100
|move|p1a: Alysa-Lu|Stealth Rock|p2a: Zapdos
|-sidestart|p2: z3r0cool|move: Stealth Rock
|
|-heal|p1a: Alysa-Lu|72/100|[from] item: Leftovers
|upkeep
|turn|51
|
|t:|1776051344
|move|p2a: Zapdos|Hurricane|p1a: Alysa-Lu|[miss]
|-miss|p2a: Zapdos|p1a: Alysa-Lu
|move|p1a: Alysa-Lu|Stealth Rock||[still]
|-fail|p1a: Alysa-Lu
|
|-heal|p1a: Alysa-Lu|79/100|[from] item: Leftovers
|upkeep
|turn|52
|
|t:|1776051354
|move|p2a: Zapdos|Roost|p2a: Zapdos
|-heal|p2a: Zapdos|56/100
|-singleturn|p2a: Zapdos|move: Roost
|move|p1a: Alysa-Lu|Earthquake|p2a: Zapdos
|-supereffective|p2a: Zapdos
|-damage|p2a: Zapdos|7/100
|
|-heal|p1a: Alysa-Lu|85/100|[from] item: Leftovers
|upkeep
|turn|53
|
|t:|1776051362
|move|p2a: Zapdos|Hurricane|p1a: Alysa-Lu|[miss]
|-miss|p2a: Zapdos|p1a: Alysa-Lu
|move|p1a: Alysa-Lu|Stealth Rock||[still]
|-fail|p1a: Alysa-Lu
|
|-heal|p1a: Alysa-Lu|91/100|[from] item: Leftovers
|upkeep
|turn|54
|
|t:|1776051369
|move|p2a: Zapdos|Hurricane|p1a: Alysa-Lu
|-damage|p1a: Alysa-Lu|74/100
|move|p1a: Alysa-Lu|Stealth Rock||[still]
|-fail|p1a: Alysa-Lu
|
|-heal|p1a: Alysa-Lu|80/100|[from] item: Leftovers
|upkeep
|turn|55
|
|t:|1776051376
|move|p2a: Zapdos|Roost|p2a: Zapdos
|-heal|p2a: Zapdos|57/100
|-singleturn|p2a: Zapdos|move: Roost
|move|p1a: Alysa-Lu|Earthquake|p2a: Zapdos
|-supereffective|p2a: Zapdos
|-damage|p2a: Zapdos|2/100
|
|-heal|p1a: Alysa-Lu|86/100|[from] item: Leftovers
|upkeep
|turn|56
|
|t:|1776051384
|move|p2a: Zapdos|Roost|p2a: Zapdos
|-heal|p2a: Zapdos|52/100
|-singleturn|p2a: Zapdos|move: Roost
|move|p1a: Alysa-Lu|Earthquake|p2a: Zapdos
|-supereffective|p2a: Zapdos
|-damage|p2a: Zapdos|1/100
|
|-heal|p1a: Alysa-Lu|92/100|[from] item: Leftovers
|upkeep
|turn|57
|
|t:|1776051393
|move|p2a: Zapdos|Hurricane|p1a: Alysa-Lu
|-damage|p1a: Alysa-Lu|73/100
|-start|p1a: Alysa-Lu|confusion
|-activate|p1a: Alysa-Lu|confusion
|move|p1a: Alysa-Lu|Stealth Rock||[still]
|-fail|p1a: Alysa-Lu
|
|-heal|p1a: Alysa-Lu|79/100|[from] item: Leftovers
|upkeep
|turn|58
|
|t:|1776051420
|move|p2a: Zapdos|Hurricane|p1a: Alysa-Lu|[miss]
|-miss|p2a: Zapdos|p1a: Alysa-Lu
|-activate|p1a: Alysa-Lu|confusion
|move|p1a: Alysa-Lu|Earthquake|p2a: Zapdos
|-immune|p2a: Zapdos
|
|-heal|p1a: Alysa-Lu|85/100|[from] item: Leftovers
|upkeep
|turn|59
|inactive|z3r0cool has 120 seconds left.
|
|t:|1776051436
|switch|p2a: Great Tusk|Great Tusk, shiny|84/100
|-damage|p2a: Great Tusk|81/100|[from] Stealth Rock
|-end|p1a: Alysa-Lu|confusion
|move|p1a: Alysa-Lu|Earthquake|p2a: Great Tusk
|-damage|p2a: Great Tusk|52/100
|
|-heal|p1a: Alysa-Lu|92/100|[from] item: Leftovers
|upkeep
|turn|60
|inactive|z3r0cool has 120 seconds left.
|
|t:|1776051447
|switch|p1a: Fogbound Lake|Alomomola, F|81/100
|move|p2a: Great Tusk|Stealth Rock|p1a: Fogbound Lake
|-sidestart|p1: erennotyaeger|move: Stealth Rock
|
|upkeep
|turn|61
|inactive|z3r0cool has 120 seconds left.
|
|t:|1776051463
|-end|p2a: Great Tusk|Protosynthesis|[silent]
|switch|p2a: Ogerpon|Ogerpon-Wellspring, F|51/100
|-damage|p2a: Ogerpon|38/100|[from] Stealth Rock
|move|p1a: Fogbound Lake|Tickle|p2a: Ogerpon
|-unboost|p2a: Ogerpon|atk|1
|-unboost|p2a: Ogerpon|def|1
|
|upkeep
|turn|62
|inactive|z3r0cool has 120 seconds left.
|
|t:|1776051478
|switch|p1a: Weezing|Weezing-Galar, F|95/100
|-ability|p1a: Weezing|Neutralizing Gas
|-damage|p1a: Weezing|83/100|[from] Stealth Rock
|move|p2a: Ogerpon|Power Whip|p1a: Weezing
|-resisted|p1a: Weezing
|-damage|p1a: Weezing|64/100
|
|upkeep
|turn|63
|inactive|z3r0cool has 120 seconds left.
|
|t:|1776051488
|move|p2a: Ogerpon|U-turn|p1a: Weezing
|-resisted|p1a: Weezing
|-damage|p1a: Weezing|61/100
|
|t:|1776051491
|switch|p2a: Slowking|Slowking-Galar, M|83/100 brn|[from] U-turn
|-damage|p2a: Slowking|70/100 brn|[from] Stealth Rock
|move|p1a: Weezing|Will-O-Wisp|p2a: Slowking
|-fail|p2a: Slowking|brn
|
|-damage|p2a: Slowking|64/100 brn|[from] brn
|upkeep
|turn|64
|inactive|z3r0cool has 120 seconds left.
|
|t:|1776051506
|-end|p1a: Weezing|ability: Neutralizing Gas
|switch|p1a: Alysa-Lu|Ting-Lu|92/100
|-damage|p1a: Alysa-Lu|85/100|[from] Stealth Rock
|-ability|p1a: Alysa-Lu|Vessel of Ruin
|switch|p2a: Zapdos|Zapdos, shiny|1/100
|
|-heal|p1a: Alysa-Lu|92/100|[from] item: Leftovers
|upkeep
|turn|65
|inactive|z3r0cool has 120 seconds left.
|
|t:|1776051523
|move|p2a: Zapdos|Hurricane|p1a: Alysa-Lu|[miss]
|-miss|p2a: Zapdos|p1a: Alysa-Lu
|move|p1a: Alysa-Lu|Earthquake|p2a: Zapdos
|-immune|p2a: Zapdos
|
|-heal|p1a: Alysa-Lu|98/100|[from] item: Leftovers
|upkeep
|turn|66
|c|☆z3r0cool|what a joke
|
|t:|1776051532
|move|p2a: Zapdos|Roost|p2a: Zapdos
|-heal|p2a: Zapdos|51/100
|-singleturn|p2a: Zapdos|move: Roost
|move|p1a: Alysa-Lu|Stealth Rock||[still]
|-fail|p1a: Alysa-Lu
|
|-heal|p1a: Alysa-Lu|100/100|[from] item: Leftovers
|upkeep
|turn|67
|
|t:|1776051547
|switch|p2a: Great Tusk|Great Tusk, shiny|52/100
|-damage|p2a: Great Tusk|49/100|[from] Stealth Rock
|move|p1a: Alysa-Lu|Ruination|p2a: Great Tusk
|-damage|p2a: Great Tusk|25/100
|
|upkeep
|turn|68
|
|t:|1776051561
|switch|p1a: Fogbound Lake|Alomomola, F|100/100
|-damage|p1a: Fogbound Lake|88/100|[from] Stealth Rock
|move|p2a: Great Tusk|Rapid Spin|p1a: Fogbound Lake
|-damage|p1a: Fogbound Lake|79/100
|-boost|p2a: Great Tusk|spe|1
|-damage|p2a: Great Tusk|8/100|[from] item: Rocky Helmet|[of] p1a: Fogbound Lake
|-sideend|p2: z3r0cool|Stealth Rock|[from] move: Rapid Spin|[of] p2a: Great Tusk
|
|upkeep
|turn|69
|c|☆erennotyaeger|tee hee
|
|t:|1776051576
|-end|p2a: Great Tusk|Protosynthesis|[silent]
|switch|p2a: Zapdos|Zapdos, shiny|51/100
|move|p1a: Fogbound Lake|Wish|p1a: Fogbound Lake
|
|upkeep
|turn|70
|j| ohko_smeargle
|
|t:|1776051593
|switch|p2a: Ogerpon|Ogerpon-Wellspring, F|38/100
|switch|p1a: Alysa-Lu|Ting-Lu|100/100
|-damage|p1a: Alysa-Lu|94/100|[from] Stealth Rock
|-ability|p1a: Alysa-Lu|Vessel of Ruin
|
|-heal|p1a: Alysa-Lu|100/100|[from] move: Wish|[wisher] Fogbound Lake
|upkeep
|turn|71
|inactive|erennotyaeger has 120 seconds left.
|
|t:|1776051623
|move|p2a: Ogerpon|Ivy Cudgel|p1a: Alysa-Lu|[anim] Ivy Cudgel Water
|-supereffective|p1a: Alysa-Lu
|-crit|p1a: Alysa-Lu
|-damage|p1a: Alysa-Lu|1/100
|move|p1a: Alysa-Lu|Earthquake|p2a: Ogerpon
|-resisted|p2a: Ogerpon
|-damage|p2a: Ogerpon|15/100
|
|-heal|p1a: Alysa-Lu|7/100|[from] item: Leftovers
|upkeep
|turn|72
|c|☆z3r0cool|at leats you could use your own team instead of stealing from agency
|inactive|erennotyaeger has 120 seconds left.
|inactive|z3r0cool has 120 seconds left.
|c|☆erennotyaeger|idk how to build man TT
|
|t:|1776051651
|switch|p1a: Fogbound Lake|Alomomola, F|100/100
|-damage|p1a: Fogbound Lake|88/100|[from] Stealth Rock
|move|p2a: Ogerpon|Knock Off|p1a: Fogbound Lake
|-damage|p1a: Fogbound Lake|67/100
|-damage|p2a: Ogerpon|0 fnt|[from] item: Rocky Helmet|[of] p1a: Fogbound Lake
|faint|p2a: Ogerpon
|
|upkeep
|c|☆z3r0cool|or how to play apparently
|c|☆z3r0cool|yikes on that EQ
|
|t:|1776051663
|switch|p2a: Zapdos|Zapdos, shiny|51/100
|turn|73
|c|☆erennotyaeger|yikes indeed :0
|c|☆z3r0cool|not your finest hour
|
|t:|1776051674
|move|p1a: Fogbound Lake|Protect|p1a: Fogbound Lake
|-singleturn|p1a: Fogbound Lake|Protect
|move|p2a: Zapdos|Volt Switch|p1a: Fogbound Lake
|-activate|p1a: Fogbound Lake|move: Protect
|
|upkeep
|turn|74
|c|☆erennotyaeger|is anyone's finest hour spent on this website?
|inactive|z3r0cool has 120 seconds left.
|inactive|erennotyaeger has 90 seconds left.
|
|t:|1776051710
|move|p2a: Zapdos|Roost|p2a: Zapdos
|-heal|p2a: Zapdos|100/100
|-singleturn|p2a: Zapdos|move: Roost
|move|p1a: Fogbound Lake|Wish|p1a: Fogbound Lake
|
|upkeep
|turn|75
|
|t:|1776051725
|move|p1a: Fogbound Lake|Protect|p1a: Fogbound Lake
|-singleturn|p1a: Fogbound Lake|Protect
|move|p2a: Zapdos|Hurricane|p1a: Fogbound Lake
|-activate|p1a: Fogbound Lake|move: Protect
|
|-heal|p1a: Fogbound Lake|100/100|[from] move: Wish|[wisher] Fogbound Lake
|upkeep
|turn|76
|
|t:|1776051731
|move|p2a: Zapdos|Volt Switch|p1a: Fogbound Lake
|-supereffective|p1a: Fogbound Lake
|-damage|p1a: Fogbound Lake|35/100
|
|t:|1776051744
|switch|p2a: Slowking|Slowking-Galar, M|98/100 brn|[from] Volt Switch
|move|p1a: Fogbound Lake|Flip Turn|p2a: Slowking
|-damage|p2a: Slowking|80/100 brn
|
|t:|1776051761
|switch|p1a: Alysa-Lu|Ting-Lu|7/100|[from] Flip Turn
|-damage|p1a: Alysa-Lu|1/100|[from] Stealth Rock
|-ability|p1a: Alysa-Lu|Vessel of Ruin
|
|-heal|p1a: Alysa-Lu|7/100|[from] item: Leftovers
|-damage|p2a: Slowking|74/100 brn|[from] brn
|upkeep
|turn|77
|c|☆z3r0cool|cmon man
|
|t:|1776051769
|move|p1a: Alysa-Lu|Rest|p1a: Alysa-Lu
|-status|p1a: Alysa-Lu|slp|[from] move: Rest
|-heal|p1a: Alysa-Lu|100/100 slp|[silent]
|move|p2a: Slowking|Ice Beam|p1a: Alysa-Lu
|-supereffective|p1a: Alysa-Lu
|-damage|p1a: Alysa-Lu|78/100 slp
|
|-heal|p1a: Alysa-Lu|85/100 slp|[from] item: Leftovers
|-damage|p2a: Slowking|68/100 brn|[from] brn
|upkeep
|turn|78
|inactive|z3r0cool has 120 seconds left.
|
|t:|1776051785
|switch|p1a: Corviknight|Corviknight, F|65/100 par
|-damage|p1a: Corviknight|53/100 par|[from] Stealth Rock
|-ability|p1a: Corviknight|Pressure
|switch|p2a: Zamazenta|Zamazenta|84/100
|
|-heal|p1a: Corviknight|59/100 par|[from] item: Leftovers
|upkeep
|turn|79
|inactive|z3r0cool has 120 seconds left.
|
|t:|1776051799
|switch|p2a: Zapdos|Zapdos, shiny|100/100
|move|p1a: Corviknight|Defog|p2a: Zapdos
|-unboost|p2a: Zapdos|evasion|1
|-sideend|p1: erennotyaeger|Stealth Rock|[from] move: Defog|[of] p1a: Corviknight
|
|-heal|p1a: Corviknight|65/100 par|[from] item: Leftovers
|upkeep
|turn|80
|inactive|z3r0cool has 120 seconds left.
|
|t:|1776051817
|switch|p2a: Kingambit|Kingambit, M|94/100
|-activate|p2a: Kingambit|ability: Supreme Overlord
|-start|p2a: Kingambit|fallen1|[silent]
|switch|p1a: Alysa-Lu|Ting-Lu|85/100 slp
|-ability|p1a: Alysa-Lu|Vessel of Ruin
|
|-heal|p2a: Kingambit|100/100|[from] item: Leftovers
|-heal|p1a: Alysa-Lu|91/100 slp|[from] item: Leftovers
|upkeep
|turn|81
|inactive|erennotyaeger has 120 seconds left.
|inactive|z3r0cool has 120 seconds left.
|
|t:|1776051826
|switch|p1a: Weezing|Weezing-Galar, F|61/100
|-ability|p1a: Weezing|Neutralizing Gas
|move|p2a: Kingambit|Swords Dance|p2a: Kingambit
|-boost|p2a: Kingambit|atk|2
|
|upkeep
|turn|82
|
|t:|1776051834
|-end|p2a: Kingambit|fallen1|[silent]
|switch|p2a: Slowking|Slowking-Galar, M|100/100 brn
|move|p1a: Weezing|Will-O-Wisp|p2a: Slowking
|-fail|p2a: Slowking|brn
|
|-damage|p2a: Slowking|94/100 brn|[from] brn
|upkeep
|turn|83
|inactive|z3r0cool has 120 seconds left.
|
|t:|1776051862
|-end|p1a: Weezing|ability: Neutralizing Gas
|switch|p1a: Corviknight|Corviknight, F|65/100 par
|-ability|p1a: Corviknight|Pressure
|move|p2a: Slowking|Ice Beam|p1a: Corviknight
|-damage|p1a: Corviknight|46/100 par
|
|-heal|p1a: Corviknight|52/100 par|[from] item: Leftovers
|-damage|p2a: Slowking|88/100 brn|[from] brn
|upkeep
|turn|84
|inactive|erennotyaeger has 120 seconds left.
|c|☆z3r0cool|most annoying team ever
|
|t:|1776051885
|move|p2a: Slowking|Flamethrower|p1a: Corviknight
|-supereffective|p1a: Corviknight
|-damage|p1a: Corviknight|13/100 par
|move|p1a: Corviknight|Roost|p1a: Corviknight
|-heal|p1a: Corviknight|63/100 par
|-singleturn|p1a: Corviknight|move: Roost
|
|-heal|p1a: Corviknight|69/100 par|[from] item: Leftovers
|-damage|p2a: Slowking|82/100 brn|[from] brn
|upkeep
|turn|85
|inactive|z3r0cool has 120 seconds left.
|c|☆z3r0cool|especially when the person using it is slow
|c|☆z3r0cool|and bad
|
|t:|1776051895
|switch|p1a: Fogbound Lake|Alomomola, F|68/100
|move|p2a: Slowking|Flamethrower|p1a: Fogbound Lake
|-resisted|p1a: Fogbound Lake
|-damage|p1a: Fogbound Lake|53/100
|
|-damage|p2a: Slowking|76/100 brn|[from] brn
|upkeep
|turn|86
|
|t:|1776051902
|move|p1a: Fogbound Lake|Flip Turn|p2a: Slowking
|-damage|p2a: Slowking|59/100 brn
|
|t:|1776051917
|switch|p1a: Moody Blues|Dragapult, F|100/100|[from] Flip Turn
|move|p2a: Slowking|Sludge Bomb|p1a: Moody Blues
|-resisted|p1a: Moody Blues
|-damage|p1a: Moody Blues|74/100
|-status|p1a: Moody Blues|psn
|
|-damage|p1a: Moody Blues|62/100 psn|[from] psn
|-damage|p2a: Slowking|53/100 brn|[from] brn
|upkeep
|turn|87
|c|☆z3r0cool|click a move bro cmon
|
|t:|1776051929
|switch|p2a: Kingambit|Kingambit, M|100/100
|-activate|p2a: Kingambit|ability: Supreme Overlord
|-start|p2a: Kingambit|fallen1|[silent]
|move|p1a: Moody Blues|U-turn|p2a: Kingambit
|-damage|p2a: Kingambit|73/100
|
|t:|1776051936
|switch|p1a: Weezing|Weezing-Galar, F|61/100|[from] U-turn
|-ability|p1a: Weezing|Neutralizing Gas
|
|-heal|p2a: Kingambit|79/100|[from] item: Leftovers
|upkeep
|turn|88
|
|t:|1776051942
|-end|p2a: Kingambit|fallen1|[silent]
|switch|p2a: Slowking|Slowking-Galar, M|87/100 brn
|-end|p1a: Weezing|ability: Neutralizing Gas
|switch|p1a: Moody Blues|Dragapult, F|62/100 psn
|
|-damage|p1a: Moody Blues|49/100 psn|[from] psn
|-damage|p2a: Slowking|80/100 brn|[from] brn
|upkeep
|turn|89
|
|t:|1776051952
|switch|p2a: Great Tusk|Great Tusk, shiny|8/100
|move|p1a: Moody Blues|U-turn|p2a: Great Tusk
|-resisted|p2a: Great Tusk
|-damage|p2a: Great Tusk|0 fnt
|-damage|p1a: Moody Blues|33/100 psn|[from] item: Rocky Helmet|[of] p2a: Great Tusk
|faint|p2a: Great Tusk
|-end|p2a: Great Tusk|Protosynthesis|[silent]
|inactive|erennotyaeger has 120 seconds left.
|c|☆z3r0cool|least fun ive had playing mons in years
|
|t:|1776051992
|switch|p1a: Weezing|Weezing-Galar, F|61/100|[from] U-turn
|-ability|p1a: Weezing|Neutralizing Gas
|
|upkeep
|
|t:|1776051998
|switch|p2a: Slowking|Slowking-Galar, M|100/100 brn
|turn|90
|inactive|erennotyaeger has 120 seconds left.
|c|☆erennotyaeger|bro you don't have to be playing this game
|c|☆erennotyaeger|no one is forcing you
|
|t:|1776052028
|-end|p1a: Weezing|ability: Neutralizing Gas
|switch|p1a: Corviknight|Corviknight, F|69/100 par
|-ability|p1a: Corviknight|Pressure
|move|p2a: Slowking|Psyshock|p1a: Corviknight
|-resisted|p1a: Corviknight
|-damage|p1a: Corviknight|54/100 par
|
|-heal|p1a: Corviknight|60/100 par|[from] item: Leftovers
|-damage|p2a: Slowking|94/100 brn|[from] brn
|upkeep
|turn|91
|c|☆z3r0cool|you're making it so horrible
|inactive|erennotyaeger has 90 seconds left.
|
|t:|1776052045
|move|p2a: Slowking|Flamethrower|p1a: Corviknight
|-supereffective|p1a: Corviknight
|-damage|p1a: Corviknight|24/100 par
|move|p1a: Corviknight|Roost|p1a: Corviknight
|-heal|p1a: Corviknight|74/100 par
|-singleturn|p1a: Corviknight|move: Roost
|
|-heal|p1a: Corviknight|81/100 par|[from] item: Leftovers
|-damage|p2a: Slowking|88/100 brn|[from] brn
|upkeep
|turn|92
|
|t:|1776052054
|switch|p2a: Zapdos|Zapdos, shiny|100/100
|move|p1a: Corviknight|U-turn|p2a: Zapdos
|-resisted|p2a: Zapdos
|-damage|p2a: Zapdos|95/100
|c|☆z3r0cool|luckiest slowest player ever
|c|☆erennotyaeger|im doing my best :)
|inactive|erennotyaeger has 90 seconds left.
|c|☆z3r0cool|not a single bit of bad luck
|
|t:|1776052069
|switch|p1a: Tiffany BlueStones|Kyurem, shiny|80/100|[from] U-turn
|-ability|p1a: Tiffany BlueStones|Pressure
|
|-heal|p1a: Tiffany BlueStones|86/100|[from] item: Leftovers
|upkeep
|turn|93
|c|☆z3r0cool|just taking a minute to make the obvious play everytime
|inactive|erennotyaeger has 90 seconds left.
|
|t:|1776052079
|switch|p2a: Slowking|Slowking-Galar, M|100/100 brn
|move|p1a: Tiffany BlueStones|Substitute|p1a: Tiffany BlueStones
|-start|p1a: Tiffany BlueStones|Substitute
|-damage|p1a: Tiffany BlueStones|61/100
|
|-heal|p1a: Tiffany BlueStones|67/100|[from] item: Leftovers
|-damage|p2a: Slowking|94/100 brn|[from] brn
|upkeep
|turn|94
|
|t:|1776052090
|move|p1a: Tiffany BlueStones|Earth Power|p2a: Slowking
|-supereffective|p2a: Slowking
|-damage|p2a: Slowking|64/100 brn
|move|p2a: Slowking|Psyshock|p1a: Tiffany BlueStones
|-end|p1a: Tiffany BlueStones|Substitute
|
|-heal|p1a: Tiffany BlueStones|73/100|[from] item: Leftovers
|-damage|p2a: Slowking|58/100 brn|[from] brn
|upkeep
|turn|95
|
|t:|1776052105
|-terastallize|p1a: Tiffany BlueStones|Steel
|move|p1a: Tiffany BlueStones|Substitute|p1a: Tiffany BlueStones
|-start|p1a: Tiffany BlueStones|Substitute
|-damage|p1a: Tiffany BlueStones|49/100
|move|p2a: Slowking|Flamethrower|p1a: Tiffany BlueStones
|-supereffective|p1a: Tiffany BlueStones
|-end|p1a: Tiffany BlueStones|Substitute
|
|-heal|p1a: Tiffany BlueStones|55/100|[from] item: Leftovers
|-damage|p2a: Slowking|52/100 brn|[from] brn
|upkeep
|turn|96
|
|t:|1776052118
|switch|p1a: Fogbound Lake|Alomomola, F|87/100
|move|p2a: Slowking|Flamethrower|p1a: Fogbound Lake
|-resisted|p1a: Fogbound Lake
|-damage|p1a: Fogbound Lake|70/100
|
|-damage|p2a: Slowking|46/100 brn|[from] brn
|upkeep
|turn|97
|
|t:|1776052125
|move|p1a: Fogbound Lake|Wish|p1a: Fogbound Lake
|move|p2a: Slowking|Sludge Bomb|p1a: Fogbound Lake
|-damage|p1a: Fogbound Lake|24/100
|-status|p1a: Fogbound Lake|psn
|
|-damage|p1a: Fogbound Lake|12/100 psn|[from] psn
|-damage|p2a: Slowking|40/100 brn|[from] brn
|upkeep
|turn|98
|
|t:|1776052155
|move|p1a: Fogbound Lake|Flip Turn|p2a: Slowking
|-damage|p2a: Slowking|22/100 brn
|inactive|erennotyaeger has 90 seconds left.
|
|t:|1776052186
|switch|p1a: Alysa-Lu|Ting-Lu|91/100 slp|[from] Flip Turn
|-ability|p1a: Alysa-Lu|Vessel of Ruin
|move|p2a: Slowking|Flamethrower|p1a: Alysa-Lu
|-damage|p1a: Alysa-Lu|78/100 slp
|
|-heal|p1a: Alysa-Lu|100/100 slp|[from] move: Wish|[wisher] Fogbound Lake
|-damage|p2a: Slowking|16/100 brn|[from] brn
|upkeep
|turn|99
|c|☆z3r0cool|too scared
|
|t:|1776052209
|switch|p1a: Fogbound Lake|Alomomola, F|45/100 psn
|switch|p2a: Zamazenta|Zamazenta|84/100
|
|-damage|p1a: Fogbound Lake|33/100 psn|[from] psn
|upkeep
|turn|100
|
|t:|1776052218
|switch|p1a: Weezing|Weezing-Galar, F|61/100
|-ability|p1a: Weezing|Neutralizing Gas
|move|p2a: Zamazenta|Close Combat|p1a: Weezing
|-resisted|p1a: Weezing
|-damage|p1a: Weezing|50/100
|-unboost|p2a: Zamazenta|def|1
|-unboost|p2a: Zamazenta|spd|1
|
|upkeep
|turn|101
|
|t:|1776052230
|switch|p2a: Slowking|Slowking-Galar, M|50/100 brn
|-end|p1a: Weezing|ability: Neutralizing Gas
|switch|p1a: Fogbound Lake|Alomomola, F|66/100 psn
|
|-damage|p1a: Fogbound Lake|53/100 psn|[from] psn
|-damage|p2a: Slowking|44/100 brn|[from] brn
|upkeep
|turn|102
|
|t:|1776052245
|move|p1a: Fogbound Lake|Flip Turn|p2a: Slowking
|-damage|p2a: Slowking|26/100 brn
|inactive|erennotyaeger has 90 seconds left.
|
|t:|1776052250
|switch|p1a: Alysa-Lu|Ting-Lu|100/100 slp|[from] Flip Turn
|-ability|p1a: Alysa-Lu|Vessel of Ruin
|move|p2a: Slowking|Sludge Bomb|p1a: Alysa-Lu
|-resisted|p1a: Alysa-Lu
|-damage|p1a: Alysa-Lu|92/100 slp
|
|-heal|p1a: Alysa-Lu|98/100 slp|[from] item: Leftovers
|-damage|p2a: Slowking|20/100 brn|[from] brn
|upkeep
|turn|103
|inactive|erennotyaeger has 90 seconds left.
|
|t:|1776052261
|switch|p2a: Zamazenta|Zamazenta|84/100
|cant|p1a: Alysa-Lu|slp
|
|-heal|p1a: Alysa-Lu|100/100 slp|[from] item: Leftovers
|upkeep
|turn|104
|inactive|z3r0cool has 120 seconds left.
|
|t:|1776052276
|switch|p1a: Fogbound Lake|Alomomola, F|87/100 psn
|move|p2a: Zamazenta|Ice Fang|p1a: Fogbound Lake
|-resisted|p1a: Fogbound Lake
|-damage|p1a: Fogbound Lake|81/100 psn
|-damage|p2a: Zamazenta|67/100|[from] item: Rocky Helmet|[of] p1a: Fogbound Lake
|
|-damage|p1a: Fogbound Lake|69/100 psn|[from] psn
|upkeep
|turn|105
|c|☆erennotyaeger|lmao
|inactive|erennotyaeger has 90 seconds left.
|
|t:|1776052291
|switch|p2a: Slowking|Slowking-Galar, M|54/100 brn
|move|p1a: Fogbound Lake|Flip Turn|p2a: Slowking
|-damage|p2a: Slowking|38/100 brn
|inactive|erennotyaeger has 90 seconds left.
|
|t:|1776052299
|switch|p1a: Moody Blues|Dragapult, F|33/100 psn|[from] Flip Turn
|
|-damage|p1a: Moody Blues|21/100 psn|[from] psn
|-damage|p2a: Slowking|32/100 brn|[from] brn
|upkeep
|turn|106
|inactive|z3r0cool has 90 seconds left.
|
|t:|1776052330
|switch|p2a: Zapdos|Zapdos, shiny|95/100
|move|p1a: Moody Blues|U-turn|p2a: Zapdos
|-resisted|p2a: Zapdos
|-damage|p2a: Zapdos|84/100
|
|t:|1776052335
|switch|p1a: Alysa-Lu|Ting-Lu|100/100 slp|[from] U-turn
|-ability|p1a: Alysa-Lu|Vessel of Ruin
|
|upkeep
|turn|107
|
|t:|1776052342
|switch|p2a: Kingambit|Kingambit, M|79/100
|-activate|p2a: Kingambit|ability: Supreme Overlord
|-start|p2a: Kingambit|fallen2|[silent]
|cant|p1a: Alysa-Lu|slp
|
|-heal|p2a: Kingambit|86/100|[from] item: Leftovers
|upkeep
|turn|108
|inactive|z3r0cool has 90 seconds left.
|
|t:|1776052356
|-end|p2a: Kingambit|fallen2|[silent]
|switch|p2a: Slowking|Slowking-Galar, M|65/100 brn
|-curestatus|p1a: Alysa-Lu|slp|[msg]
|move|p1a: Alysa-Lu|Earthquake|p2a: Slowking
|-supereffective|p2a: Slowking
|-damage|p2a: Slowking|0 fnt
|faint|p2a: Slowking
|
|upkeep
|inactive|z3r0cool has 90 seconds left.
|c|☆erennotyaeger|lmaoooo
|
|t:|1776052366
|switch|p2a: Zamazenta|Zamazenta|67/100
|turn|109
|
|t:|1776052369
|switch|p1a: Fogbound Lake|Alomomola, F|100/100 psn
|move|p2a: Zamazenta|Close Combat|p1a: Fogbound Lake
|-damage|p1a: Fogbound Lake|67/100 psn
|-unboost|p2a: Zamazenta|def|1
|-unboost|p2a: Zamazenta|spd|1
|-damage|p2a: Zamazenta|51/100|[from] item: Rocky Helmet|[of] p1a: Fogbound Lake
|
|-damage|p1a: Fogbound Lake|55/100 psn|[from] psn
|upkeep
|turn|110
|inactive|z3r0cool has 90 seconds left.
|
|t:|1776052383
|move|p2a: Zamazenta|Close Combat|p1a: Fogbound Lake
|-damage|p1a: Fogbound Lake|24/100 psn
|-unboost|p2a: Zamazenta|def|1
|-unboost|p2a: Zamazenta|spd|1
|-damage|p2a: Zamazenta|34/100|[from] item: Rocky Helmet|[of] p1a: Fogbound Lake
|move|p1a: Fogbound Lake|Flip Turn|p2a: Zamazenta
|-damage|p2a: Zamazenta|6/100
|
|t:|1776052393
|switch|p1a: Moody Blues|Dragapult, F|21/100 psn|[from] Flip Turn
|
|-damage|p1a: Moody Blues|8/100 psn|[from] psn
|upkeep
|turn|111
|inactive|z3r0cool has 90 seconds left.
|
|t:|1776052404
|switch|p2a: Zapdos|Zapdos, shiny|84/100
|move|p1a: Moody Blues|U-turn|p2a: Zapdos
|-resisted|p2a: Zapdos
|-damage|p2a: Zapdos|72/100
|inactive|erennotyaeger has 120 seconds left.
|
|t:|1776052409
|switch|p1a: Alysa-Lu|Ting-Lu|100/100|[from] U-turn
|-ability|p1a: Alysa-Lu|Vessel of Ruin
|
|upkeep
|turn|112
|inactive|erennotyaeger has 120 seconds left.
|inactive|z3r0cool has 90 seconds left.
|
|t:|1776052420
|move|p2a: Zapdos|Hurricane|p1a: Alysa-Lu|[miss]
|-miss|p2a: Zapdos|p1a: Alysa-Lu
|move|p1a: Alysa-Lu|Ruination|p2a: Zapdos
|-damage|p2a: Zapdos|36/100
|
|upkeep
|turn|113
|
|t:|1776052426
|move|p2a: Zapdos|Hurricane|p1a: Alysa-Lu
|-damage|p1a: Alysa-Lu|81/100
|move|p1a: Alysa-Lu|Ruination|p2a: Zapdos
|-damage|p2a: Zapdos|18/100
|
|-heal|p1a: Alysa-Lu|87/100|[from] item: Leftovers
|upkeep
|turn|114
|
|t:|1776052436
|move|p2a: Zapdos|Roost|p2a: Zapdos
|-heal|p2a: Zapdos|68/100
|-singleturn|p2a: Zapdos|move: Roost
|move|p1a: Alysa-Lu|Stealth Rock|p2a: Zapdos
|-sidestart|p2: z3r0cool|move: Stealth Rock
|
|-heal|p1a: Alysa-Lu|93/100|[from] item: Leftovers
|upkeep
|turn|115
|
|t:|1776052445
|move|p2a: Zapdos|Hurricane|p1a: Alysa-Lu|[miss]
|-miss|p2a: Zapdos|p1a: Alysa-Lu
|move|p1a: Alysa-Lu|Ruination|p2a: Zapdos
|-damage|p2a: Zapdos|34/100
|
|-heal|p1a: Alysa-Lu|99/100|[from] item: Leftovers
|upkeep
|turn|116
|
|t:|1776052454
|switch|p2a: Zamazenta|Zamazenta|6/100
|-damage|p2a: Zamazenta|0 fnt|[from] Stealth Rock
|faint|p2a: Zamazenta
|move|p1a: Alysa-Lu|Ruination|p2: Zamazenta|[notarget]
|-fail|p1a: Alysa-Lu
|
|-heal|p1a: Alysa-Lu|100/100|[from] item: Leftovers
|upkeep
|
|t:|1776052468
|switch|p2a: Kingambit|Kingambit, M|86/100
|-damage|p2a: Kingambit|79/100|[from] Stealth Rock
|-activate|p2a: Kingambit|ability: Supreme Overlord
|-start|p2a: Kingambit|fallen4|[silent]
|turn|117
|
|t:|1776052483
|-end|p2a: Kingambit|fallen4|[silent]
|switch|p2a: Zapdos|Zapdos, shiny|34/100
|move|p1a: Alysa-Lu|Ruination|p2a: Zapdos
|-damage|p2a: Zapdos|17/100
|
|upkeep
|turn|118
|inactive|z3r0cool has 60 seconds left.
|
|t:|1776052499
|switch|p2a: Kingambit|Kingambit, M|79/100
|-damage|p2a: Kingambit|73/100|[from] Stealth Rock
|-activate|p2a: Kingambit|ability: Supreme Overlord
|-start|p2a: Kingambit|fallen4|[silent]
|move|p1a: Alysa-Lu|Ruination|p2a: Kingambit|[miss]
|-miss|p1a: Alysa-Lu|p2a: Kingambit
|
|-heal|p2a: Kingambit|79/100|[from] item: Leftovers
|upkeep
|turn|119
|
|t:|1776052507
|move|p2a: Kingambit|Swords Dance|p2a: Kingambit
|-boost|p2a: Kingambit|atk|2
|move|p1a: Alysa-Lu|Ruination|p2a: Kingambit|[miss]
|-miss|p1a: Alysa-Lu|p2a: Kingambit
|
|-heal|p2a: Kingambit|86/100|[from] item: Leftovers
|upkeep
|turn|120
|
|t:|1776052518
|move|p2a: Kingambit|Low Kick|p1a: Alysa-Lu
|-supereffective|p1a: Alysa-Lu
|-damage|p1a: Alysa-Lu|0 fnt
|faint|p1a: Alysa-Lu
|
|-heal|p2a: Kingambit|92/100|[from] item: Leftovers
|upkeep
|
|t:|1776052529
|switch|p1a: Weezing|Weezing-Galar, F|50/100
|-ability|p1a: Weezing|Neutralizing Gas
|turn|121
|
|t:|1776052535
|-end|p2a: Kingambit|fallen4|[silent]
|switch|p2a: Zapdos|Zapdos, shiny|17/100
|move|p1a: Weezing|Will-O-Wisp|p2a: Zapdos
|-status|p2a: Zapdos|brn
|
|-damage|p2a: Zapdos|11/100 brn|[from] brn
|upkeep
|turn|122
|inactive|erennotyaeger has 120 seconds left.
|
|t:|1776052561
|move|p1a: Weezing|Protect|p1a: Weezing
|-singleturn|p1a: Weezing|Protect
|move|p2a: Zapdos|Volt Switch|p1a: Weezing
|-activate|p1a: Weezing|move: Protect
|
|-damage|p2a: Zapdos|5/100 brn|[from] brn
|upkeep
|turn|123
|inactive|erennotyaeger has 120 seconds left.
|
|t:|1776052569
|move|p1a: Weezing|Protect||[still]
|-fail|p1a: Weezing
|move|p2a: Zapdos|Volt Switch|p1a: Weezing
|-damage|p1a: Weezing|13/100
|
|t:|1776052577
|switch|p2a: Kingambit|Kingambit, M|92/100|[from] Volt Switch
|-damage|p2a: Kingambit|86/100|[from] Stealth Rock
|
|-heal|p2a: Kingambit|92/100|[from] item: Leftovers
|upkeep
|turn|124
|
|t:|1776052584
|move|p2a: Kingambit|Kowtow Cleave|p1a: Weezing
|-resisted|p1a: Weezing
|-damage|p1a: Weezing|0 fnt
|faint|p1a: Weezing
|-end|p1a: Weezing|ability: Neutralizing Gas
|-activate|p2a: Kingambit|ability: Supreme Overlord
|-start|p2a: Kingambit|fallen4|[silent]
|
|-heal|p2a: Kingambit|98/100|[from] item: Leftovers
|upkeep
|
|t:|1776052591
|switch|p1a: Moody Blues|Dragapult, F|8/100 psn
|turn|125
|inactive|z3r0cool has 60 seconds left.
|inactive|erennotyaeger has 120 seconds left.
|
|t:|1776052608
|move|p2a: Kingambit|Sucker Punch||[still]
|-fail|p2a: Kingambit
|move|p1a: Moody Blues|Will-O-Wisp|p2a: Kingambit
|-status|p2a: Kingambit|brn
|
|-heal|p2a: Kingambit|100/100 brn|[from] item: Leftovers
|-damage|p1a: Moody Blues|0 fnt|[from] psn
|faint|p1a: Moody Blues
|-damage|p2a: Kingambit|94/100 brn|[from] brn
|upkeep
|inactive|erennotyaeger has 120 seconds left.
|
|t:|1776052615
|switch|p1a: Tiffany BlueStones|Kyurem, shiny, tera:Steel|55/100
|-ability|p1a: Tiffany BlueStones|Pressure
|turn|126
|
|t:|1776052632
|-terastallize|p2a: Kingambit|Ghost
|move|p1a: Tiffany BlueStones|Earth Power|p2a: Kingambit
|-damage|p2a: Kingambit|59/100 brn
|move|p2a: Kingambit|Low Kick|p1a: Tiffany BlueStones
|-supereffective|p1a: Tiffany BlueStones
|-damage|p1a: Tiffany BlueStones|0 fnt
|faint|p1a: Tiffany BlueStones
|
|-heal|p2a: Kingambit|66/100 brn|[from] item: Leftovers
|-damage|p2a: Kingambit|59/100 brn|[from] brn
|upkeep
|
|t:|1776052641
|switch|p1a: Corviknight|Corviknight, F|81/100 par
|-ability|p1a: Corviknight|Pressure
|turn|127
|
|t:|1776052659
|move|p2a: Kingambit|Swords Dance|p2a: Kingambit
|-boost|p2a: Kingambit|atk|2
|move|p1a: Corviknight|Brave Bird|p2a: Kingambit
|-crit|p2a: Kingambit
|-damage|p2a: Kingambit|15/100 brn
|-damage|p1a: Corviknight|68/100 par|[from] Recoil
|
|-heal|p2a: Kingambit|22/100 brn|[from] item: Leftovers
|-heal|p1a: Corviknight|74/100 par|[from] item: Leftovers
|-damage|p2a: Kingambit|15/100 brn|[from] brn
|upkeep
|turn|128
|
|t:|1776052669
|move|p2a: Kingambit|Low Kick|p1a: Corviknight
|-damage|p1a: Corviknight|42/100 par
|move|p1a: Corviknight|Brave Bird|p2a: Kingambit
|-damage|p2a: Kingambit|0 fnt
|faint|p2a: Kingambit
|-end|p2a: Kingambit|fallen4|[silent]
|-damage|p1a: Corviknight|38/100 par|[from] Recoil
|
|-heal|p1a: Corviknight|44/100 par|[from] item: Leftovers
|upkeep
|c|☆erennotyaeger|ironically i have only had to make the most obvious plays this entire game
|
|t:|1776052678
|switch|p2a: Zapdos|Zapdos, shiny|5/100 brn
|turn|129
|c|☆erennotyaeger|GG
|
|t:|1776052682
|move|p2a: Zapdos|Volt Switch|p1a: Corviknight
|-supereffective|p1a: Corviknight
|-damage|p1a: Corviknight|4/100 par
|cant|p1a: Corviknight|par
|
|-heal|p1a: Corviknight|11/100 par|[from] item: Leftovers
|-damage|p2a: Zapdos|0 fnt|[from] brn
|faint|p2a: Zapdos
|
|win|erennotyaeger
|raw|erennotyaeger's rating: 1628 &rarr; <strong>1646</strong><br />(+18 for winning)
|raw|z3r0cool's rating: 1591 &rarr; <strong>1573</strong><br />(-18 for losing)
|l| ohko_smeargle
|c|☆z3r0cool|man you suck
|l|☆z3r0cool
|player|p2|
|c|☆erennotyaeger|LMAOOO
