|html|<div class="broadcast-blue"><strong>[Gen 9] OU is currently suspecting Tera Blast! For information on how to participate check out the <a href="https://www.smogon.com/tools/suspects/view/200">suspect thread</a>.</strong></div>
|j|☆Bfclloyd
|j|☆Pelogrulla72
|t:|1776098909
|gametype|singles
|player|p1|Bfclloyd|170|1148
|player|p2|Pelogrulla72|erika|1104
|gen|9
|tier|[Gen 9] OU
|rated|
|rule|HP Percentage Mod: HP is shown in percentages
|rule|Endless Battle Clause: Forcing endless battles is banned
|rule|Species Clause: Limit one of each Pokémon
|rule|OHKO Clause: OHKO moves are banned
|rule|Evasion Items Clause: Evasion items are banned
|rule|Evasion Moves Clause: Evasion moves are banned
|rule|Evasion Abilities Clause: Evasion abilities are banned
|rule|Sleep Moves Clause: Sleep-inducing moves are banned
|clearpoke
|poke|p1|Great Tusk|
|poke|p1|Gholdengo|
|poke|p1|Dragapult, F|
|poke|p1|Raging Bolt|
|poke|p1|Kingambit, F|
|poke|p1|Dragonite, M|
|poke|p2|Bastiodon, F|
|poke|p2|Lurantis, F|
|poke|p2|Meowscarada, F|
|poke|p2|Golurk|
|poke|p2|Blastoise, F|
|poke|p2|Zoroark-Hisui, F|
|teampreview
|
|t:|1776098942
|teamsize|p1|6
|teamsize|p2|6
|start
|switch|p1a: Great Tusk|Great Tusk|100/100
|switch|p2a: BOOM|Blastoise, F, shiny|100/100
|turn|1
|l|☆Bfclloyd
|player|p1|
|j|☆Bfclloyd
|player|p1|Bfclloyd|170|
|
|t:|1776098956
|-end|p1a: Great Tusk|Protosynthesis|[silent]
|switch|p1a: Raging Bolt|Raging Bolt|100/100
|move|p2a: BOOM|Shell Smash|p2a: BOOM
|-unboost|p2a: BOOM|def|1
|-unboost|p2a: BOOM|spd|1
|-boost|p2a: BOOM|atk|2
|-boost|p2a: BOOM|spa|2
|-boost|p2a: BOOM|spe|2
|
|upkeep
|turn|2
|
|t:|1776098969
|move|p1a: Raging Bolt|Thunderclap|p2a: BOOM
|-supereffective|p2a: BOOM
|-enditem|p2a: BOOM|Focus Sash
|-damage|p2a: BOOM|1/100
|move|p2a: BOOM|Earthquake|p1a: Raging Bolt
|-supereffective|p1a: Raging Bolt
|-damage|p1a: Raging Bolt|5/100
|
|upkeep
|turn|3
|
|t:|1776098980
|move|p1a: Raging Bolt|Thunderclap|p2a: BOOM
|-supereffective|p2a: BOOM
|-damage|p2a: BOOM|0 fnt
|faint|p2a: BOOM
|
|upkeep
|
|t:|1776098984
|switch|p2a: Doom Guy|Golurk, shiny|100/100
|turn|4
|
|t:|1776098990
|-end|p1a: Raging Bolt|Protosynthesis|[silent]
|switch|p1a: Great Tusk|Great Tusk|100/100
|move|p2a: Doom Guy|Drain Punch|p1a: Great Tusk
|-damage|p1a: Great Tusk|86/100
|
|-heal|p1a: Great Tusk|92/100|[from] item: Leftovers
|upkeep
|turn|5
|
|t:|1776099002
|switch|p2a: Mahoraga|Bastiodon, F, shiny|100/100
|move|p1a: Great Tusk|Stealth Rock|p2a: Mahoraga
|-sidestart|p2: Pelogrulla72|move: Stealth Rock
|
|-heal|p1a: Great Tusk|99/100|[from] item: Leftovers
|upkeep
|turn|6
|
|t:|1776099014
|move|p1a: Great Tusk|Headlong Rush|p2a: Mahoraga
|-supereffective|p2a: Mahoraga
|-damage|p2a: Mahoraga|0 fnt
|-unboost|p1a: Great Tusk|def|1
|-unboost|p1a: Great Tusk|spd|1
|faint|p2a: Mahoraga
|
|-heal|p1a: Great Tusk|100/100|[from] item: Leftovers
|upkeep
|
|t:|1776099025
|switch|p2a: Zatoichi|Lurantis, F, shiny|100/100
|turn|7
|
|t:|1776099032
|-end|p1a: Great Tusk|Protosynthesis|[silent]
|switch|p1a: Gholdengo|Gholdengo|100/100
|move|p2a: Zatoichi|Nasty Plot|p2a: Zatoichi
|-boost|p2a: Zatoichi|spa|2
|
|upkeep
|turn|8
|
|t:|1776099048
|move|p1a: Gholdengo|Trick|p2a: Zatoichi
|-activate|p1a: Gholdengo|move: Trick|[of] p2a: Zatoichi
|-item|p2a: Zatoichi|Choice Scarf|[from] move: Trick
|-item|p1a: Gholdengo|Heavy-Duty Boots|[from] move: Trick
|move|p2a: Zatoichi|Dark Pulse|p1a: Gholdengo
|-supereffective|p1a: Gholdengo
|-damage|p1a: Gholdengo|0 fnt
|faint|p1a: Gholdengo
|
|upkeep
|
|t:|1776099057
|switch|p1a: Great Tusk|Great Tusk|100/100
|turn|9
|
|t:|1776099077
|move|p2a: Zatoichi|Dark Pulse|p1a: Great Tusk
|-resisted|p1a: Great Tusk
|-damage|p1a: Great Tusk|65/100
|move|p1a: Great Tusk|Rapid Spin|p2a: Zatoichi
|-immune|p2a: Zatoichi
|
|-heal|p1a: Great Tusk|72/100|[from] item: Leftovers
|upkeep
|turn|10
|
|t:|1776099089
|-end|p1a: Great Tusk|Protosynthesis|[silent]
|switch|p1a: Raging Bolt|Raging Bolt|5/100
|move|p2a: Zatoichi|Dark Pulse|p1a: Raging Bolt
|-damage|p1a: Raging Bolt|0 fnt
|faint|p1a: Raging Bolt
|-end|p1a: Raging Bolt|Protosynthesis|[silent]
|
|upkeep
|
|t:|1776099092
|switch|p1a: Dragapult|Dragapult, F|100/100
|turn|11
|
|t:|1776099096
|move|p2a: Zatoichi|Dark Pulse|p1a: Dragapult
|-supereffective|p1a: Dragapult
|-damage|p1a: Dragapult|0 fnt
|faint|p1a: Dragapult
|
|upkeep
|
|t:|1776099100
|switch|p1a: Dragonite|Dragonite, M|100/100
|turn|12
|
|t:|1776099105
|move|p1a: Dragonite|Extreme Speed|p2a: Zatoichi
|-immune|p2a: Zatoichi
|move|p2a: Zatoichi|Dark Pulse|p1a: Dragonite
|-damage|p1a: Dragonite|72/100
|
|upkeep
|turn|13
|
|t:|1776099110
|move|p2a: Zatoichi|Dark Pulse|p1a: Dragonite
|-damage|p1a: Dragonite|21/100
|move|p1a: Dragonite|Dragon Dance|p1a: Dragonite
|-boost|p1a: Dragonite|atk|1
|-boost|p1a: Dragonite|spe|1
|
|upkeep
|turn|14
|
|t:|1776099115
|move|p2a: Zatoichi|Dark Pulse|p1a: Dragonite
|-damage|p1a: Dragonite|0 fnt
|faint|p1a: Dragonite
|
|upkeep
|
|t:|1776099118
|switch|p1a: Kingambit|Kingambit, F|100/100
|-activate|p1a: Kingambit|ability: Supreme Overlord
|-start|p1a: Kingambit|fallen4|[silent]
|turn|15
|
|t:|1776099133
|switch|p2a: Zatoichi|Lurantis, F, shiny|100/100
|move|p1a: Kingambit|Sucker Punch||[still]
|-fail|p1a: Kingambit
|
|upkeep
|turn|16
|
|t:|1776099144
|-terastallize|p2a: Zatoichi|Fighting
|move|p1a: Kingambit|Kowtow Cleave|p2a: Zatoichi
|-resisted|p2a: Zatoichi
|-damage|p2a: Zatoichi|59/100
|move|p2a: Zatoichi|Superpower|p1a: Kingambit
|-supereffective|p1a: Kingambit
|-damage|p1a: Kingambit|0 fnt
|-boost|p2a: Zatoichi|atk|1
|-boost|p2a: Zatoichi|def|1
|faint|p1a: Kingambit
|-end|p1a: Kingambit|fallen4|[silent]
|
|upkeep
|
|t:|1776099149
|switch|p1a: Great Tusk|Great Tusk|72/100
|turn|17
|
|t:|1776099155
|move|p1a: Great Tusk|Headlong Rush|p2a: Zatoichi
|-damage|p2a: Zatoichi|24/100
|-unboost|p1a: Great Tusk|def|1
|-unboost|p1a: Great Tusk|spd|1
|move|p2a: Zatoichi|Superpower|p1a: Great Tusk
|-damage|p1a: Great Tusk|15/100
|-boost|p2a: Zatoichi|atk|1
|-boost|p2a: Zatoichi|def|1
|
|-heal|p1a: Great Tusk|21/100|[from] item: Leftovers
|upkeep
|turn|18
|
|t:|1776099163
|move|p1a: Great Tusk|Headlong Rush|p2a: Zatoichi
|-damage|p2a: Zatoichi|0 fnt
|-unboost|p1a: Great Tusk|def|1
|-unboost|p1a: Great Tusk|spd|1
|faint|p2a: Zatoichi
|
|-heal|p1a: Great Tusk|27/100|[from] item: Leftovers
|upkeep
|
|t:|1776099168
|switch|p2a: Ayin NGL|Meowscarada, F, shiny|100/100
|-damage|p2a: Ayin NGL|88/100|[from] Stealth Rock
|turn|19
|
|t:|1776099171
|move|p2a: Ayin NGL|Flower Trick|p1a: Great Tusk
|-supereffective|p1a: Great Tusk
|-crit|p1a: Great Tusk
|-damage|p1a: Great Tusk|0 fnt
|faint|p1a: Great Tusk
|-end|p1a: Great Tusk|Protosynthesis|[silent]
|
|win|Pelogrulla72
|raw|Bfclloyd's rating: 1148 &rarr; <strong>1120</strong><br />(-28 for losing)
|raw|Pelogrulla72's rating: 1104 &rarr; <strong>1132</strong><br />(+28 for winning)
|l|☆Bfclloyd
|player|p1|
