|html|<div class="broadcast-blue"><strong>[Gen 9] OU is currently suspecting Tera Blast! For information on how to participate check out the <a href="https://www.smogon.com/tools/suspects/view/200">suspect thread</a>.</strong></div>
|j|☆b3npaii
|j|☆mansonabuluting
|t:|1776106826
|gametype|singles
|player|p1|b3npaii|elesa|1577
|player|p2|mansonabuluting|bellelba|1668
|gen|9
|tier|[Gen 9] OU
|rated|
|rule|HP Percentage Mod: HP is shown in percentages
|rule|Endless Battle Clause: Forcing endless battles is banned
|rule|Species Clause: Limit one of each Pokémon
|rule|OHKO Clause: OHKO moves are banned
|rule|Evasion Items Clause: Evasion items are banned
|rule|Evasion Moves Clause: Evasion moves are banned
|rule|Evasion Abilities Clause: Evasion abilities are banned
|rule|Sleep Moves Clause: Sleep-inducing moves are banned
|clearpoke
|poke|p1|Rillaboom, M|
|poke|p1|Blaziken, F|
|poke|p1|Hawlucha, F|
|poke|p1|Gholdengo|
|poke|p1|Ogerpon-Cornerstone, F|
|poke|p1|Hatterene, F|
|poke|p2|Rillaboom, F|
|poke|p2|Hawlucha, M|
|poke|p2|Great Tusk|
|poke|p2|Volcanion|
|poke|p2|Goodra-Hisui, M|
|poke|p2|Thundurus-Therian, M|
|teampreview
|inactive|Battle timer is ON: inactive players will automatically lose when time's up. (requested by b3npaii)
|
|t:|1776106844
|teamsize|p1|6
|teamsize|p2|6
|start
|switch|p1a: Monkey Chicken|Rillaboom, M|100/100
|switch|p2a: Great Tusk|Great Tusk|100/100
|-fieldstart|move: Grassy Terrain|[from] ability: Grassy Surge|[of] p1a: Monkey Chicken
|turn|1
|inactive|mansonabuluting has 120 seconds left.
|
|t:|1776106879
|-end|p2a: Great Tusk|Protosynthesis|[silent]
|switch|p2a: Thundurus|Thundurus-Therian, M|100/100
|move|p1a: Monkey Chicken|U-turn|p2a: Thundurus
|-resisted|p2a: Thundurus
|-damage|p2a: Thundurus|80/100
|
|t:|1776106885
|switch|p1a: Ogerpon|Ogerpon-Cornerstone, F|100/100|[from] U-turn
|
|upkeep
|turn|2
|
|t:|1776106890
|move|p2a: Thundurus|Volt Switch|p1a: Ogerpon
|-resisted|p1a: Ogerpon
|-damage|p1a: Ogerpon|74/100
|
|t:|1776106895
|switch|p2a: Rillaboom|Rillaboom, F|100/100|[from] Volt Switch
|move|p1a: Ogerpon|Swords Dance|p1a: Ogerpon
|-boost|p1a: Ogerpon|atk|2
|
|-heal|p1a: Ogerpon|80/100|[from] Grassy Terrain
|upkeep
|turn|3
|
|t:|1776106899
|-terastallize|p2a: Rillaboom|Grass
|move|p2a: Rillaboom|Grassy Glide|p1a: Ogerpon
|-damage|p1a: Ogerpon|0 fnt
|faint|p1a: Ogerpon
|
|upkeep
|
|t:|1776106903
|switch|p1a: Luchador Chicken|Hawlucha, F|100/100
|-enditem|p1a: Luchador Chicken|Grassy Seed
|-boost|p1a: Luchador Chicken|def|1|[from] item: Grassy Seed
|turn|4
|
|t:|1776106909
|switch|p2a: Thundurus|Thundurus-Therian, M|80/100
|move|p1a: Luchador Chicken|Swords Dance|p1a: Luchador Chicken
|-boost|p1a: Luchador Chicken|atk|2
|
|upkeep
|turn|5
|
|t:|1776106914
|-terastallize|p1a: Luchador Chicken|Flying
|move|p1a: Luchador Chicken|Acrobatics|p2a: Thundurus
|-resisted|p2a: Thundurus
|-damage|p2a: Thundurus|0 fnt
|faint|p2a: Thundurus
|
|upkeep
|l|☆b3npaii
|inactive|b3npaii disconnected and has a minute to reconnect!
|player|p1|
|j|☆b3npaii
|inactive|b3npaii reconnected.
|player|p1|b3npaii|elesa|
|
|t:|1776106933
|switch|p2a: Goodra|Goodra-Hisui, M|100/100
|turn|6
|
|t:|1776106937
|move|p1a: Luchador Chicken|Close Combat|p2a: Goodra
|-supereffective|p2a: Goodra
|-damage|p2a: Goodra|0 fnt
|-unboost|p1a: Luchador Chicken|def|1
|-unboost|p1a: Luchador Chicken|spd|1
|-ability|p2a: Goodra|Gooey
|-unboost|p1a: Luchador Chicken|spe|1
|faint|p2a: Goodra
|
|upkeep
|
|t:|1776106941
|switch|p2a: Hawlucha|Hawlucha, M|100/100
|-enditem|p2a: Hawlucha|Grassy Seed
|-boost|p2a: Hawlucha|def|1|[from] item: Grassy Seed
|turn|7
|
|t:|1776106944
|move|p2a: Hawlucha|Acrobatics|p1a: Luchador Chicken
|-damage|p1a: Luchador Chicken|36/100
|move|p1a: Luchador Chicken|Acrobatics|p2a: Hawlucha
|-supereffective|p2a: Hawlucha
|-damage|p2a: Hawlucha|0 fnt
|faint|p2a: Hawlucha
|
|upkeep
|
|t:|1776106951
|switch|p2a: Rillaboom|Rillaboom, F, tera:Grass|100/100
|turn|8
|
|t:|1776106954
|move|p2a: Rillaboom|Grassy Glide|p1a: Luchador Chicken
|-resisted|p1a: Luchador Chicken
|-damage|p1a: Luchador Chicken|0 fnt
|faint|p1a: Luchador Chicken
|
|-fieldend|move: Grassy Terrain
|upkeep
|
|t:|1776106958
|switch|p1a: The chicken|Blaziken, F|100/100
|turn|9
|
|t:|1776106968
|switch|p2a: Great Tusk|Great Tusk|100/100
|move|p1a: The chicken|Swords Dance|p1a: The chicken
|-boost|p1a: The chicken|atk|2
|
|-ability|p1a: The chicken|Speed Boost|boost
|-boost|p1a: The chicken|spe|1
|upkeep
|turn|10
|
|t:|1776106973
|move|p1a: The chicken|Flare Blitz|p2a: Great Tusk
|-damage|p2a: Great Tusk|41/100
|-damage|p1a: The chicken|84/100|[from] item: Rocky Helmet|[of] p2a: Great Tusk
|-damage|p1a: The chicken|56/100|[from] Recoil
|move|p2a: Great Tusk|Headlong Rush|p1a: The chicken
|-supereffective|p1a: The chicken
|-crit|p1a: The chicken
|-damage|p1a: The chicken|0 fnt
|-unboost|p2a: Great Tusk|def|1
|-unboost|p2a: Great Tusk|spd|1
|faint|p1a: The chicken
|
|upkeep
|
|t:|1776106984
|switch|p1a: Monkey Chicken|Rillaboom, M|100/100
|-fieldstart|move: Grassy Terrain|[from] ability: Grassy Surge|[of] p1a: Monkey Chicken
|turn|11
|
|t:|1776106993
|move|p1a: Monkey Chicken|Grassy Glide|p2a: Great Tusk
|-supereffective|p2a: Great Tusk
|-damage|p2a: Great Tusk|0 fnt
|-damage|p1a: Monkey Chicken|84/100|[from] item: Rocky Helmet|[of] p2a: Great Tusk
|faint|p2a: Great Tusk
|-end|p2a: Great Tusk|Protosynthesis|[silent]
|
|-heal|p1a: Monkey Chicken|90/100|[from] Grassy Terrain
|upkeep
|
|t:|1776106997
|switch|p2a: Rillaboom|Rillaboom, F, tera:Grass|100/100
|turn|12
|
|t:|1776107005
|move|p1a: Monkey Chicken|U-turn|p2a: Rillaboom
|-supereffective|p2a: Rillaboom
|-damage|p2a: Rillaboom|52/100
|
|t:|1776107008
|switch|p1a: Hatterene|Hatterene, F|100/100|[from] U-turn
|-enditem|p1a: Hatterene|Grassy Seed
|-boost|p1a: Hatterene|def|1|[from] item: Grassy Seed
|move|p2a: Rillaboom|Wood Hammer|p1a: Hatterene
|-damage|p1a: Hatterene|0 fnt
|faint|p1a: Hatterene
|-damage|p2a: Rillaboom|27/100|[from] Recoil
|
|-heal|p2a: Rillaboom|33/100|[from] Grassy Terrain
|upkeep
|
|t:|1776107016
|switch|p1a: Monkey Chicken|Rillaboom, M|90/100
|turn|13
|
|t:|1776107025
|move|p1a: Monkey Chicken|Knock Off|p2a: Rillaboom
|-damage|p2a: Rillaboom|2/100
|-enditem|p2a: Rillaboom|Choice Band|[from] move: Knock Off|[of] p1a: Monkey Chicken
|move|p2a: Rillaboom|Wood Hammer|p1a: Monkey Chicken
|-resisted|p1a: Monkey Chicken
|-damage|p1a: Monkey Chicken|30/100
|-damage|p2a: Rillaboom|0 fnt|[from] Recoil
|faint|p2a: Rillaboom
|
|-heal|p1a: Monkey Chicken|36/100|[from] Grassy Terrain
|upkeep
|
|t:|1776107028
|switch|p2a: Volcanion|Volcanion|100/100
|turn|14
|
|t:|1776107033
|move|p1a: Monkey Chicken|Wood Hammer|p2a: Volcanion
|-damage|p2a: Volcanion|29/100
|-damage|p1a: Monkey Chicken|12/100|[from] Recoil
|move|p2a: Volcanion|Steam Eruption|p1a: Monkey Chicken
|-resisted|p1a: Monkey Chicken
|-damage|p1a: Monkey Chicken|0 fnt
|faint|p1a: Monkey Chicken
|
|-heal|p2a: Volcanion|35/100|[from] Grassy Terrain
|upkeep
|
|t:|1776107038
|switch|p1a: Metal Chicken|Gholdengo|100/100
|-enditem|p1a: Metal Chicken|Grassy Seed
|-boost|p1a: Metal Chicken|def|1|[from] item: Grassy Seed
|turn|15
|
|t:|1776107042
|move|p1a: Metal Chicken|Shadow Ball|p2a: Volcanion
|-damage|p2a: Volcanion|0 fnt
|faint|p2a: Volcanion
|
|win|b3npaii
|raw|b3npaii's rating: 1577 &rarr; <strong>1602</strong><br />(+25 for winning)
|raw|mansonabuluting's rating: 1668 &rarr; <strong>1643</strong><br />(-25 for losing)
|l|☆mansonabuluting
|player|p2|
|l|☆b3npaii
|player|p1|
