|html|<div class="broadcast-blue"><strong>[Gen 9] OU is currently suspecting Tera Blast! For information on how to participate check out the <a href="https://www.smogon.com/tools/suspects/view/200">suspect thread</a>.</strong></div>
|j|☆Dakota1683
|j|☆Megai'Sa
|t:|1776110903
|gametype|singles
|player|p1|Dakota1683|102|1111
|player|p2|Megai'Sa|cynthia-gen4|1138
|gen|9
|tier|[Gen 9] OU
|rated|
|rule|HP Percentage Mod: HP is shown in percentages
|rule|Endless Battle Clause: Forcing endless battles is banned
|rule|Species Clause: Limit one of each Pokémon
|rule|OHKO Clause: OHKO moves are banned
|rule|Evasion Items Clause: Evasion items are banned
|rule|Evasion Moves Clause: Evasion moves are banned
|rule|Evasion Abilities Clause: Evasion abilities are banned
|rule|Sleep Moves Clause: Sleep-inducing moves are banned
|clearpoke
|poke|p1|Tyranitar, M|
|poke|p1|Gliscor, M|
|poke|p1|Hippowdon, M|
|poke|p1|Samurott-Hisui, F|
|poke|p1|Glimmora, M|
|poke|p1|Toedscruel, F|
|poke|p2|Ninetales-Alola, M|
|poke|p2|Mandibuzz, F|
|poke|p2|Heatran, F|
|poke|p2|Sylveon, F|
|poke|p2|Mamoswine, M|
|poke|p2|Sandslash-Alola, M|
|teampreview
|
|t:|1776110910
|teamsize|p1|6
|teamsize|p2|6
|start
|switch|p1a: Gliscor|Gliscor, M|100/100
|switch|p2a: Ninetales|Ninetales-Alola, M|100/100
|-weather|Snowscape|[from] ability: Snow Warning|[of] p2a: Ninetales
|turn|1
|
|t:|1776110919
|switch|p1a: Hippowdon|Hippowdon, M|100/100
|-weather|Sandstorm|[from] ability: Sand Stream|[of] p1a: Hippowdon
|move|p2a: Ninetales|Freeze-Dry|p1a: Hippowdon
|-supereffective|p1a: Hippowdon
|-damage|p1a: Hippowdon|58/100
|
|-weather|Sandstorm|[upkeep]
|-damage|p2a: Ninetales|94/100|[from] Sandstorm
|-heal|p1a: Hippowdon|64/100|[from] item: Leftovers
|upkeep
|turn|2
|
|t:|1776110959
|switch|p2a: Mandibuzz|Mandibuzz, F|100/100
|move|p1a: Hippowdon|Protect||[still]
|-fail|p1a: Hippowdon
|
|-weather|Sandstorm|[upkeep]
|-heal|p1a: Hippowdon|70/100|[from] item: Leftovers
|upkeep
|turn|3
|
|t:|1776110967
|move|p2a: Mandibuzz|Foul Play|p1a: Hippowdon
|-damage|p1a: Hippowdon|51/100
|move|p1a: Hippowdon|Stealth Rock|p2a: Mandibuzz
|-sidestart|p2: Megai'Sa|move: Stealth Rock
|
|-weather|Sandstorm|[upkeep]
|-heal|p1a: Hippowdon|57/100|[from] item: Leftovers
|upkeep
|turn|4
|
|t:|1776110975
|move|p2a: Mandibuzz|Defog|p1a: Hippowdon
|-unboost|p1a: Hippowdon|evasion|1
|-sideend|p2: Megai'Sa|Stealth Rock|[from] move: Defog|[of] p2a: Mandibuzz
|move|p1a: Hippowdon|Roar|p2a: Mandibuzz
|drag|p2a: Sandslash|Sandslash-Alola, M|100/100
|
|-weather|Sandstorm|[upkeep]
|-heal|p1a: Hippowdon|64/100|[from] item: Leftovers
|upkeep
|turn|5
|
|t:|1776110987
|move|p2a: Sandslash|Triple Axel|p1a: Hippowdon
|-supereffective|p1a: Hippowdon
|-damage|p1a: Hippowdon|54/100
|-supereffective|p1a: Hippowdon
|-damage|p1a: Hippowdon|34/100
|-supereffective|p1a: Hippowdon
|-damage|p1a: Hippowdon|5/100
|-hitcount|p1a: Hippowdon|3
|move|p1a: Hippowdon|Stealth Rock|p2a: Sandslash
|-sidestart|p2: Megai'Sa|move: Stealth Rock
|
|-weather|none
|-heal|p1a: Hippowdon|11/100|[from] item: Leftovers
|upkeep
|turn|6
|
|t:|1776111007
|switch|p1a: Samurott|Samurott-Hisui, F|100/100
|move|p2a: Sandslash|Rapid Spin|p1a: Samurott
|-damage|p1a: Samurott|81/100
|-boost|p2a: Sandslash|spe|1
|-sideend|p2: Megai'Sa|Stealth Rock|[from] move: Rapid Spin|[of] p2a: Sandslash
|
|upkeep
|turn|7
|
|t:|1776111034
|switch|p2a: Ninetales|Ninetales-Alola, M|94/100
|-weather|Snowscape|[from] ability: Snow Warning|[of] p2a: Ninetales
|move|p1a: Samurott|Razor Shell|p2a: Ninetales
|-damage|p2a: Ninetales|37/100
|
|-weather|Snowscape|[upkeep]
|upkeep
|turn|8
|
|t:|1776111056
|switch|p2a: Sylveon|Sylveon, F|100/100
|switch|p1a: Tyranitar|Tyranitar, M|100/100
|-weather|Sandstorm|[from] ability: Sand Stream|[of] p1a: Tyranitar
|
|-weather|Sandstorm|[upkeep]
|-damage|p2a: Sylveon|94/100|[from] Sandstorm
|upkeep
|turn|9
|
|t:|1776111073
|switch|p1a: Glimmora|Glimmora, M|100/100
|move|p2a: Sylveon|Moonblast|p1a: Glimmora
|-resisted|p1a: Glimmora
|-damage|p1a: Glimmora|62/100
|
|-weather|Sandstorm|[upkeep]
|-damage|p2a: Sylveon|88/100|[from] Sandstorm
|upkeep
|turn|10
|
|t:|1776111085
|switch|p2a: Mandibuzz|Mandibuzz, F|100/100
|move|p1a: Glimmora|Sludge Bomb|p2a: Mandibuzz
|-damage|p2a: Mandibuzz|55/100
|
|-weather|Sandstorm|[upkeep]
|upkeep
|turn|11
|
|t:|1776111098
|-terastallize|p2a: Mandibuzz|Steel
|move|p1a: Glimmora|Power Gem|p2a: Mandibuzz
|-resisted|p2a: Mandibuzz
|-damage|p2a: Mandibuzz|37/100
|move|p2a: Mandibuzz|Foul Play|p1a: Glimmora
|-crit|p1a: Glimmora
|-damage|p1a: Glimmora|24/100
|-activate|p1a: Glimmora|ability: Toxic Debris
|-sidestart|p2: Megai'Sa|move: Toxic Spikes
|
|-weather|Sandstorm|[upkeep]
|upkeep
|turn|12
|
|t:|1776111115
|switch|p1a: Samurott|Samurott-Hisui, F|81/100
|move|p2a: Mandibuzz|Roost|p2a: Mandibuzz
|-heal|p2a: Mandibuzz|87/100
|
|-weather|Sandstorm|[upkeep]
|-damage|p1a: Samurott|74/100|[from] Sandstorm
|upkeep
|turn|13
|
|t:|1776111123
|move|p1a: Samurott|Razor Shell|p2a: Mandibuzz
|-damage|p2a: Mandibuzz|45/100
|-unboost|p2a: Mandibuzz|def|1
|move|p2a: Mandibuzz|U-turn|p1a: Samurott
|-supereffective|p1a: Samurott
|-damage|p1a: Samurott|47/100
|
|t:|1776111142
|switch|p2a: Heatran|Heatran, F|100/100|[from] U-turn
|
|-weather|Sandstorm|[upkeep]
|-damage|p1a: Samurott|41/100|[from] Sandstorm
|upkeep
|turn|14
|
|t:|1776111155
|move|p1a: Samurott|Razor Shell|p2a: Heatran
|-supereffective|p2a: Heatran
|-damage|p2a: Heatran|0 fnt
|faint|p2a: Heatran
|
|-weather|Sandstorm|[upkeep]
|-damage|p1a: Samurott|34/100|[from] Sandstorm
|upkeep
|
|t:|1776111164
|switch|p2a: Mandibuzz|Mandibuzz, F, tera:Steel|45/100
|turn|15
|
|t:|1776111170
|move|p1a: Samurott|Razor Shell|p2a: Mandibuzz
|-damage|p2a: Mandibuzz|0 fnt
|faint|p2a: Mandibuzz
|
|-weather|none
|upkeep
|
|t:|1776111175
|switch|p2a: Ninetales|Ninetales-Alola, M|37/100
|-status|p2a: Ninetales|psn
|-weather|Snowscape|[from] ability: Snow Warning|[of] p2a: Ninetales
|turn|16
|
|t:|1776111189
|switch|p2a: Sandslash|Sandslash-Alola, M|100/100
|switch|p1a: Hippowdon|Hippowdon, M|11/100
|-weather|Sandstorm|[from] ability: Sand Stream|[of] p1a: Hippowdon
|
|-weather|Sandstorm|[upkeep]
|-heal|p1a: Hippowdon|17/100|[from] item: Leftovers
|upkeep
|turn|17
|
|t:|1776111200
|switch|p1a: Toedscruel|Toedscruel, F|100/100
|move|p2a: Sandslash|Rapid Spin|p1a: Toedscruel
|-crit|p1a: Toedscruel
|-damage|p1a: Toedscruel|61/100
|-boost|p2a: Sandslash|spe|1
|-sideend|p2: Megai'Sa|Toxic Spikes|[from] move: Rapid Spin|[of] p2a: Sandslash
|
|-weather|Sandstorm|[upkeep]
|-heal|p1a: Toedscruel|67/100|[from] item: Leftovers
|upkeep
|turn|18
|
|t:|1776111210
|move|p2a: Sandslash|Triple Axel|p1a: Toedscruel
|-supereffective|p1a: Toedscruel
|-damage|p1a: Toedscruel|0 fnt
|faint|p1a: Toedscruel
|-hitcount|p1: Toedscruel|1
|
|-weather|Sandstorm|[upkeep]
|upkeep
|
|t:|1776111224
|switch|p1a: Tyranitar|Tyranitar, M|100/100
|turn|19
|
|t:|1776111230
|move|p2a: Sandslash|Earthquake|p1a: Tyranitar
|-supereffective|p1a: Tyranitar
|-damage|p1a: Tyranitar|47/100
|move|p1a: Tyranitar|Knock Off|p2a: Sandslash
|-damage|p2a: Sandslash|55/100
|-enditem|p2a: Sandslash|Heavy-Duty Boots|[from] move: Knock Off|[of] p1a: Tyranitar
|
|-weather|Sandstorm|[upkeep]
|upkeep
|turn|20
|
|t:|1776111240
|switch|p1a: Gliscor|Gliscor, M|100/100
|move|p2a: Sandslash|Earthquake|p1a: Gliscor
|-immune|p1a: Gliscor
|
|-weather|none
|-status|p1a: Gliscor|tox|[from] item: Toxic Orb
|upkeep
|turn|21
|
|t:|1776111256
|move|p2a: Sandslash|Triple Axel|p1a: Gliscor
|-supereffective|p1a: Gliscor
|-crit|p1a: Gliscor
|-damage|p1a: Gliscor|63/100 tox
|-supereffective|p1a: Gliscor
|-damage|p1a: Gliscor|16/100 tox
|-supereffective|p1a: Gliscor
|-damage|p1a: Gliscor|0 fnt
|faint|p1a: Gliscor
|-hitcount|p1: Gliscor|3
|
|upkeep
|
|t:|1776111263
|switch|p1a: Samurott|Samurott-Hisui, F|34/100
|turn|22
|
|t:|1776111283
|move|p1a: Samurott|Aqua Jet|p2a: Sandslash
|-damage|p2a: Sandslash|28/100
|move|p2a: Sandslash|Earthquake|p1a: Samurott
|-damage|p1a: Samurott|0 fnt
|faint|p1a: Samurott
|
|upkeep
|
|t:|1776111288
|switch|p1a: Tyranitar|Tyranitar, M|47/100
|-weather|Sandstorm|[from] ability: Sand Stream|[of] p1a: Tyranitar
|turn|23
|
|t:|1776111297
|move|p2a: Sandslash|Earthquake|p1a: Tyranitar
|-supereffective|p1a: Tyranitar
|-damage|p1a: Tyranitar|0 fnt
|faint|p1a: Tyranitar
|
|-weather|Sandstorm|[upkeep]
|upkeep
|-message|Dakota1683 forfeited.
|
|win|Megai'Sa
|raw|Dakota1683's rating: 1111 &rarr; <strong>1088</strong><br />(-23 for losing)
|raw|Megai&apos;Sa's rating: 1138 &rarr; <strong>1161</strong><br />(+23 for winning)
|l|☆Dakota1683
|player|p1|
