|html|<div class="broadcast-blue"><strong>[Gen 9] OU is currently suspecting Tera Blast! For information on how to participate check out the <a href="https://www.smogon.com/tools/suspects/view/200">suspect thread</a>.</strong></div>
|j|☆yeetoo
|j|☆chibsu
|t:|1776032174
|gametype|singles
|player|p1|yeetoo|ethan|1285
|player|p2|chibsu|266|1311
|gen|9
|tier|[Gen 9] OU
|rated|
|rule|HP Percentage Mod: HP is shown in percentages
|rule|Endless Battle Clause: Forcing endless battles is banned
|rule|Species Clause: Limit one of each Pokémon
|rule|OHKO Clause: OHKO moves are banned
|rule|Evasion Items Clause: Evasion items are banned
|rule|Evasion Moves Clause: Evasion moves are banned
|rule|Evasion Abilities Clause: Evasion abilities are banned
|rule|Sleep Moves Clause: Sleep-inducing moves are banned
|clearpoke
|poke|p1|Electrode-Hisui|
|poke|p1|Scizor, F|
|poke|p1|Entei|
|poke|p1|Swampert, M|
|poke|p1|Goodra, M|
|poke|p1|Necrozma|
|poke|p2|Zamazenta-*|
|poke|p2|Gliscor, M|
|poke|p2|Rotom-Heat|
|poke|p2|Rillaboom, F|
|poke|p2|Samurott-Hisui, F|
|poke|p2|Iron Treads|
|teampreview
|inactive|Battle timer is ON: inactive players will automatically lose when time's up. (requested by chibsu)
|inactive|yeetoo has 120 seconds left.
|
|t:|1776032207
|teamsize|p1|6
|teamsize|p2|6
|start
|switch|p1a: Electrode|Electrode-Hisui|100/100
|switch|p2a: Rotom|Rotom-Heat|100/100
|turn|1
|
|t:|1776032217
|move|p1a: Electrode|Volt Switch|p2a: Rotom
|-resisted|p2a: Rotom
|-damage|p2a: Rotom|85/100
|
|t:|1776032223
|switch|p1a: Entei|Entei|100/100|[from] Volt Switch
|move|p2a: Rotom|Overheat|p1a: Entei
|-resisted|p1a: Entei
|-damage|p1a: Entei|48/100
|-unboost|p2a: Rotom|spa|2
|
|upkeep
|turn|2
|
|t:|1776032232
|switch|p2a: Samurott|Samurott-Hisui, F|100/100
|move|p1a: Entei|Sacred Fire|p2a: Samurott
|-resisted|p2a: Samurott
|-damage|p2a: Samurott|72/100
|-status|p2a: Samurott|brn
|
|-damage|p2a: Samurott|66/100 brn|[from] brn
|upkeep
|turn|3
|c|☆chibsu|w team
|c|☆yeetoo|apreciate it
|c|☆yeetoo|I respect the rotom heat
|inactive|yeetoo has 120 seconds left.
|c|☆chibsu|thank you
|
|t:|1776032270
|switch|p1a: Swampert|Swampert, M|100/100
|move|p2a: Samurott|Ceaseless Edge|p1a: Swampert|[miss]
|-miss|p2a: Samurott|p1a: Swampert
|
|-damage|p2a: Samurott|60/100 brn|[from] brn
|upkeep
|turn|4
|inactive|yeetoo has 120 seconds left.
|
|t:|1776032281
|move|p2a: Samurott|Ceaseless Edge|p1a: Swampert|[miss]
|-miss|p2a: Samurott|p1a: Swampert
|move|p1a: Swampert|Ice Punch|p2a: Samurott
|-resisted|p2a: Samurott
|-damage|p2a: Samurott|44/100 brn
|
|-damage|p2a: Samurott|38/100 brn|[from] brn
|upkeep
|turn|5
|
|t:|1776032288
|move|p2a: Samurott|Ceaseless Edge|p1a: Swampert|[miss]
|-miss|p2a: Samurott|p1a: Swampert
|move|p1a: Swampert|Earthquake|p2a: Samurott
|-damage|p2a: Samurott|0 fnt
|faint|p2a: Samurott
|
|upkeep
|c|☆yeetoo|oh my goodness
|
|t:|1776032292
|switch|p2a: Rillaboom|Rillaboom, F|100/100
|-fieldstart|move: Grassy Terrain|[from] ability: Grassy Surge|[of] p2a: Rillaboom
|turn|6
|c|☆chibsu|.1% chance loool
|c|☆yeetoo|lmao
|inactive|yeetoo has 120 seconds left.
|
|t:|1776032312
|move|p2a: Rillaboom|U-turn|p1a: Swampert
|-damage|p1a: Swampert|77/100
|
|t:|1776032317
|switch|p2a: Gliscor|Gliscor, M|100/100|[from] U-turn
|move|p1a: Swampert|Ice Punch|p2a: Gliscor
|-supereffective|p2a: Gliscor
|-damage|p2a: Gliscor|25/100
|
|-heal|p1a: Swampert|84/100|[from] Grassy Terrain
|-status|p2a: Gliscor|tox|[from] item: Toxic Orb
|upkeep
|turn|7
|c|☆chibsu|the balls r crazu
|inactive|yeetoo has 120 seconds left.
|c|☆yeetoo|nah they always be utrning
|c|☆yeetoo|I'm not scared anymore
|c|☆yeetoo|why would I be
|
|t:|1776032343
|move|p2a: Gliscor|Protect|p2a: Gliscor
|-singleturn|p2a: Gliscor|Protect
|move|p1a: Swampert|Liquidation|p2a: Gliscor
|-activate|p2a: Gliscor|move: Protect
|
|-heal|p1a: Swampert|90/100|[from] Grassy Terrain
|-heal|p2a: Gliscor|38/100 tox|[from] ability: Poison Heal
|upkeep
|turn|8
|
|t:|1776032351
|switch|p2a: Rillaboom|Rillaboom, F|100/100
|move|p1a: Swampert|Ice Punch|p2a: Rillaboom
|-supereffective|p2a: Rillaboom
|-damage|p2a: Rillaboom|50/100
|
|-heal|p2a: Rillaboom|57/100|[from] Grassy Terrain
|-heal|p1a: Swampert|96/100|[from] Grassy Terrain
|upkeep
|turn|9
|inactive|yeetoo has 120 seconds left.
|
|t:|1776032358
|switch|p1a: Entei|Entei|48/100
|move|p2a: Rillaboom|U-turn|p1a: Entei
|-resisted|p1a: Entei
|-damage|p1a: Entei|33/100
|
|t:|1776032369
|switch|p2a: Zamazenta|Zamazenta|100/100|[from] U-turn
|-ability|p2a: Zamazenta|Dauntless Shield|boost
|-boost|p2a: Zamazenta|def|1
|
|-heal|p1a: Entei|39/100|[from] Grassy Terrain
|upkeep
|turn|10
|
|t:|1776032375
|move|p2a: Zamazenta|Iron Defense|p2a: Zamazenta
|-boost|p2a: Zamazenta|def|2
|move|p1a: Entei|Sacred Fire|p2a: Zamazenta
|-damage|p2a: Zamazenta|85/100
|-status|p2a: Zamazenta|brn
|
|-heal|p2a: Zamazenta|91/100 brn|[from] Grassy Terrain
|-heal|p1a: Entei|45/100|[from] Grassy Terrain
|-damage|p2a: Zamazenta|85/100 brn|[from] brn
|upkeep
|turn|11
|
|t:|1776032385
|switch|p1a: Necrozma|Necrozma|100/100
|move|p2a: Zamazenta|Iron Defense|p2a: Zamazenta
|-boost|p2a: Zamazenta|def|2
|
|-heal|p2a: Zamazenta|91/100 brn|[from] Grassy Terrain
|-damage|p2a: Zamazenta|85/100 brn|[from] brn
|upkeep
|turn|12
|
|t:|1776032392
|-terastallize|p2a: Zamazenta|Steel
|move|p2a: Zamazenta|Rest|p2a: Zamazenta
|-status|p2a: Zamazenta|slp|[from] move: Rest
|-heal|p2a: Zamazenta|100/100 slp|[silent]
|-enditem|p2a: Zamazenta|Chesto Berry|[eat]
|-curestatus|p2a: Zamazenta|slp|[msg]
|move|p1a: Necrozma|Photon Geyser|p2a: Zamazenta
|-resisted|p2a: Zamazenta
|-damage|p2a: Zamazenta|75/100
|
|-heal|p2a: Zamazenta|81/100|[from] Grassy Terrain
|upkeep
|turn|13
|
|t:|1776032405
|move|p2a: Zamazenta|Body Press|p1a: Necrozma
|-resisted|p1a: Necrozma
|-damage|p1a: Necrozma|49/100
|move|p1a: Necrozma|Heat Wave|p2a: Zamazenta
|-supereffective|p2a: Zamazenta
|-damage|p2a: Zamazenta|23/100
|
|-heal|p2a: Zamazenta|29/100|[from] Grassy Terrain
|-heal|p1a: Necrozma|55/100|[from] Grassy Terrain
|-fieldend|move: Grassy Terrain
|upkeep
|turn|14
|
|t:|1776032414
|move|p2a: Zamazenta|Body Press|p1a: Necrozma
|-resisted|p1a: Necrozma
|-damage|p1a: Necrozma|9/100
|move|p1a: Necrozma|Heat Wave|p2a: Zamazenta
|-supereffective|p2a: Zamazenta
|-damage|p2a: Zamazenta|0 fnt
|faint|p2a: Zamazenta
|
|upkeep
|c|☆chibsu|oh i thought prism armor
|c|☆chibsu|oh.
|c|☆chibsu|ok gg
|-message|chibsu forfeited.
|
|win|yeetoo
|raw|yeetoo's rating: 1285 &rarr; <strong>1312</strong><br />(+27 for winning)
|raw|chibsu's rating: 1311 &rarr; <strong>1290</strong><br />(-21 for losing)
|c|☆yeetoo|ggs
|l|☆yeetoo
|player|p1|
|l|☆chibsu
|player|p2|
