|html|<div class="broadcast-blue"><strong>[Gen 9] OU is currently suspecting Tera Blast! For information on how to participate check out the <a href="https://www.smogon.com/tools/suspects/view/200">suspect thread</a>.</strong></div>
|j|☆AC_Shade
|j|☆smokey19
|t:|1776103881
|gametype|singles
|player|p1|AC_Shade|nobunaga-conquest|1623
|player|p2|smokey19|2|1667
|gen|9
|tier|[Gen 9] OU
|rated|
|rule|HP Percentage Mod: HP is shown in percentages
|rule|Endless Battle Clause: Forcing endless battles is banned
|rule|Species Clause: Limit one of each Pokémon
|rule|OHKO Clause: OHKO moves are banned
|rule|Evasion Items Clause: Evasion items are banned
|rule|Evasion Moves Clause: Evasion moves are banned
|rule|Evasion Abilities Clause: Evasion abilities are banned
|rule|Sleep Moves Clause: Sleep-inducing moves are banned
|clearpoke
|poke|p1|Entei|
|poke|p1|Hatterene, F|
|poke|p1|Tornadus-Therian, M|
|poke|p1|Great Tusk|
|poke|p1|Dragonite, F|
|poke|p1|Kingambit, M|
|poke|p2|Iron Moth|
|poke|p2|Landorus-Therian, M|
|poke|p2|Samurott-Hisui, M|
|poke|p2|Slowking-Galar, M|
|poke|p2|Ogerpon, F|
|poke|p2|Enamorus, F|
|teampreview
|
|t:|1776103897
|teamsize|p1|6
|teamsize|p2|6
|start
|switch|p1a: Tornadus|Tornadus-Therian, M|100/100
|switch|p2a: Landorus|Landorus-Therian, M|100/100
|-ability|p2a: Landorus|Intimidate|boost
|-unboost|p1a: Tornadus|atk|1
|turn|1
|inactive|Battle timer is ON: inactive players will automatically lose when time's up. (requested by smokey19)
|
|t:|1776103905
|switch|p2a: Slowking|Slowking-Galar, M, shiny|100/100
|move|p1a: Tornadus|U-turn|p2a: Slowking
|-damage|p2a: Slowking|93/100
|
|t:|1776103909
|switch|p1a: Kingambit|Kingambit, M|100/100|[from] U-turn
|
|upkeep
|turn|2
|
|t:|1776103912
|switch|p2a: Landorus|Landorus-Therian, M|100/100
|-ability|p2a: Landorus|Intimidate|boost
|-unboost|p1a: Kingambit|atk|1
|move|p1a: Kingambit|Iron Head|p2a: Landorus
|-damage|p2a: Landorus|67/100
|-damage|p1a: Kingambit|84/100|[from] item: Rocky Helmet|[of] p2a: Landorus
|
|-heal|p1a: Kingambit|90/100|[from] item: Leftovers
|upkeep
|turn|3
|
|t:|1776103918
|-end|p1a: Kingambit|fallenundefined|[silent]
|switch|p1a: Hatterene|Hatterene, F|100/100
|move|p2a: Landorus|U-turn|p1a: Hatterene
|-damage|p1a: Hatterene|83/100
|
|t:|1776103928
|switch|p2a: Ogerpon|Ogerpon, F|100/100|[from] U-turn
|
|upkeep
|turn|4
|
|t:|1776103940
|move|p2a: Ogerpon|U-turn|p1a: Hatterene
|-damage|p1a: Hatterene|53/100
|
|t:|1776103942
|switch|p2a: Slowking|Slowking-Galar, M, shiny|100/100|[from] U-turn
|move|p1a: Hatterene|Pain Split|p2a: Slowking
|-sethp|p2a: Slowking|71/100|[from] move: Pain Split|[silent]
|-sethp|p1a: Hatterene|89/100|[from] move: Pain Split
|
|upkeep
|turn|5
|
|t:|1776103949
|switch|p1a: Kingambit|Kingambit, M|90/100
|move|p2a: Slowking|Flamethrower|p1a: Kingambit
|-supereffective|p1a: Kingambit
|-damage|p1a: Kingambit|44/100
|
|-heal|p1a: Kingambit|50/100|[from] item: Leftovers
|upkeep
|turn|6
|
|t:|1776103954
|switch|p2a: Landorus|Landorus-Therian, M|67/100
|-ability|p2a: Landorus|Intimidate|boost
|-unboost|p1a: Kingambit|atk|1
|move|p1a: Kingambit|Kowtow Cleave|p2a: Landorus
|-damage|p2a: Landorus|34/100
|-damage|p1a: Kingambit|33/100|[from] item: Rocky Helmet|[of] p2a: Landorus
|
|-heal|p1a: Kingambit|40/100|[from] item: Leftovers
|upkeep
|turn|7
|
|t:|1776103961
|-end|p1a: Kingambit|fallenundefined|[silent]
|switch|p1a: Tornadus|Tornadus-Therian, M|100/100
|move|p2a: Landorus|Earthquake|p1a: Tornadus
|-immune|p1a: Tornadus
|
|upkeep
|turn|8
|
|t:|1776103966
|switch|p2a: Slowking|Slowking-Galar, M, shiny|100/100
|move|p1a: Tornadus|Knock Off|p2a: Slowking
|-supereffective|p2a: Slowking
|-damage|p2a: Slowking|71/100
|-enditem|p2a: Slowking|Assault Vest|[from] move: Knock Off|[of] p1a: Tornadus
|
|upkeep
|turn|9
|
|t:|1776103974
|move|p1a: Tornadus|U-turn|p2a: Slowking
|-damage|p2a: Slowking|61/100
|
|t:|1776103976
|switch|p1a: Entei|Entei|100/100|[from] U-turn
|move|p2a: Slowking|Flamethrower|p1a: Entei
|-resisted|p1a: Entei
|-damage|p1a: Entei|88/100
|
|upkeep
|turn|10
|
|t:|1776103980
|switch|p2a: Landorus|Landorus-Therian, M|34/100
|-ability|p2a: Landorus|Intimidate|boost
|-fail|p1a: Entei|unboost|Attack|[from] ability: Inner Focus|[of] p1a: Entei
|move|p1a: Entei|Sacred Fire|p2a: Landorus
|-damage|p2a: Landorus|0 fnt
|faint|p2a: Landorus
|
|upkeep
|
|t:|1776103992
|switch|p2a: Samurott|Samurott-Hisui, M|100/100
|turn|11
|
|t:|1776103994
|switch|p1a: Tornadus|Tornadus-Therian, M|100/100
|move|p2a: Samurott|Razor Shell|p1a: Tornadus
|-crit|p1a: Tornadus
|-damage|p1a: Tornadus|14/100
|-unboost|p1a: Tornadus|def|1
|
|upkeep
|turn|12
|
|t:|1776103998
|move|p2a: Samurott|Sucker Punch|p1a: Tornadus
|-damage|p1a: Tornadus|0 fnt
|faint|p1a: Tornadus
|
|upkeep
|
|t:|1776104002
|switch|p1a: Great Tusk|Great Tusk|100/100
|turn|13
|
|t:|1776104029
|move|p1a: Great Tusk|Stealth Rock|p2a: Samurott
|-sidestart|p2: smokey19|move: Stealth Rock
|move|p2a: Samurott|Razor Shell|p1a: Great Tusk
|-supereffective|p1a: Great Tusk
|-damage|p1a: Great Tusk|41/100
|-unboost|p1a: Great Tusk|def|1
|-damage|p2a: Samurott|84/100|[from] item: Rocky Helmet|[of] p1a: Great Tusk
|
|upkeep
|turn|14
|inactive|smokey19 has 120 seconds left.
|inactive|smokey19 has 90 seconds left.
|
|t:|1776104084
|move|p1a: Great Tusk|Headlong Rush|p2a: Samurott
|-damage|p2a: Samurott|21/100
|-unboost|p1a: Great Tusk|def|1
|-unboost|p1a: Great Tusk|spd|1
|move|p2a: Samurott|Razor Shell|p1a: Great Tusk
|-supereffective|p1a: Great Tusk
|-damage|p1a: Great Tusk|0 fnt
|-damage|p2a: Samurott|4/100|[from] item: Rocky Helmet|[of] p1a: Great Tusk
|faint|p1a: Great Tusk
|-end|p1a: Great Tusk|Protosynthesis|[silent]
|
|upkeep
|
|t:|1776104096
|switch|p1a: Dragonite|Dragonite, F|100/100
|turn|15
|
|t:|1776104101
|move|p2a: Samurott|Ceaseless Edge|p1a: Dragonite
|-damage|p1a: Dragonite|79/100
|-sidestart|p1: AC_Shade|Spikes
|move|p1a: Dragonite|Dragon Dance|p1a: Dragonite
|-boost|p1a: Dragonite|atk|1
|-boost|p1a: Dragonite|spe|1
|
|-heal|p1a: Dragonite|85/100|[from] item: Leftovers
|upkeep
|turn|16
|
|t:|1776104104
|move|p1a: Dragonite|Dragon Dance|p1a: Dragonite
|-boost|p1a: Dragonite|atk|1
|-boost|p1a: Dragonite|spe|1
|move|p2a: Samurott|Ceaseless Edge|p1a: Dragonite
|-damage|p1a: Dragonite|37/100
|-sidestart|p1: AC_Shade|Spikes
|
|-heal|p1a: Dragonite|43/100|[from] item: Leftovers
|upkeep
|turn|17
|
|t:|1776104109
|move|p2a: Samurott|Sucker Punch|p1a: Dragonite
|-damage|p1a: Dragonite|8/100
|move|p1a: Dragonite|Earthquake|p2a: Samurott
|-damage|p2a: Samurott|0 fnt
|faint|p2a: Samurott
|
|-heal|p1a: Dragonite|14/100|[from] item: Leftovers
|upkeep
|inactive|smokey19 has 90 seconds left.
|j| Metallic Symphony
|l| Metallic Symphony
|inactive|smokey19 has 60 seconds left.
|
|t:|1776104193
|switch|p2a: Ogerpon|Ogerpon, F|100/100
|-damage|p2a: Ogerpon|88/100|[from] Stealth Rock
|turn|18
|
|t:|1776104212
|-terastallize|p1a: Dragonite|Flying
|move|p1a: Dragonite|Tera Blast|p2a: Ogerpon|[anim] Tera Blast Flying
|-supereffective|p2a: Ogerpon
|-damage|p2a: Ogerpon|0 fnt
|faint|p2a: Ogerpon
|
|-heal|p1a: Dragonite|20/100|[from] item: Leftovers
|upkeep
|inactive|smokey19 has 30 seconds left.
|
|t:|1776104230
|switch|p2a: Slowking|Slowking-Galar, M, shiny|94/100
|-damage|p2a: Slowking|81/100|[from] Stealth Rock
|turn|19
|
|t:|1776104232
|-terastallize|p2a: Slowking|Ice
|move|p1a: Dragonite|Tera Blast|p2a: Slowking|[anim] Tera Blast Flying
|-damage|p2a: Slowking|2/100
|move|p2a: Slowking|Ice Beam|p1a: Dragonite
|-supereffective|p1a: Dragonite
|-damage|p1a: Dragonite|0 fnt
|faint|p1a: Dragonite
|
|upkeep
|
|t:|1776104240
|switch|p1a: Kingambit|Kingambit, M|40/100
|-damage|p1a: Kingambit|23/100|[from] Spikes
|-activate|p1a: Kingambit|ability: Supreme Overlord
|-start|p1a: Kingambit|fallen3|[silent]
|turn|20
|
|t:|1776104245
|move|p1a: Kingambit|Kowtow Cleave|p2a: Slowking
|-crit|p2a: Slowking
|-damage|p2a: Slowking|0 fnt
|faint|p2a: Slowking
|
|-heal|p1a: Kingambit|29/100|[from] item: Leftovers
|upkeep
|
|t:|1776104260
|switch|p2a: Enamorus|Enamorus, F, shiny|100/100
|-damage|p2a: Enamorus|76/100|[from] Stealth Rock
|turn|21
|
|t:|1776104263
|-end|p1a: Kingambit|fallen3|[silent]
|switch|p1a: Hatterene|Hatterene, F|89/100
|-damage|p1a: Hatterene|73/100|[from] Spikes
|move|p2a: Enamorus|Earth Power|p1a: Hatterene
|-damage|p1a: Hatterene|38/100
|
|upkeep
|turn|22
|
|t:|1776104267
|move|p2a: Enamorus|Earth Power|p1a: Hatterene
|-damage|p1a: Hatterene|1/100
|move|p1a: Hatterene|Pain Split|p2a: Enamorus
|-sethp|p2a: Enamorus|39/100|[from] move: Pain Split|[silent]
|-sethp|p1a: Hatterene|36/100|[from] move: Pain Split
|
|upkeep
|turn|23
|
|t:|1776104272
|move|p2a: Enamorus|Earth Power|p1a: Hatterene
|-damage|p1a: Hatterene|0 fnt
|faint|p1a: Hatterene
|
|upkeep
|
|t:|1776104275
|switch|p1a: Entei|Entei|88/100
|-damage|p1a: Entei|71/100|[from] Spikes
|turn|24
|
|t:|1776104278
|move|p1a: Entei|Extreme Speed|p2a: Enamorus
|-damage|p2a: Enamorus|0 fnt
|faint|p2a: Enamorus
|
|upkeep
|
|t:|1776104281
|switch|p2a: Iron Moth|Iron Moth|100/100
|-damage|p2a: Iron Moth|76/100|[from] Stealth Rock
|-enditem|p2a: Iron Moth|Booster Energy
|-activate|p2a: Iron Moth|ability: Quark Drive|[fromitem]
|-start|p2a: Iron Moth|quarkdrivespe
|turn|25
|
|t:|1776104284
|move|p1a: Entei|Extreme Speed|p2a: Iron Moth
|-damage|p2a: Iron Moth|25/100
|move|p2a: Iron Moth|Sludge Wave|p1a: Entei
|-damage|p1a: Entei|13/100
|
|upkeep
|turn|26
|
|t:|1776104287
|move|p1a: Entei|Extreme Speed|p2a: Iron Moth
|-damage|p2a: Iron Moth|0 fnt
|faint|p2a: Iron Moth
|-end|p2a: Iron Moth|Quark Drive|[silent]
|
|win|AC_Shade
|raw|AC_Shade's rating: 1623 &rarr; <strong>1646</strong><br />(+23 for winning)
|raw|smokey19's rating: 1667 &rarr; <strong>1644</strong><br />(-23 for losing)
|l|☆AC_Shade
|player|p1|
|l|☆smokey19
|player|p2|
|j| samurajen
