|html|<div class="broadcast-blue"><strong>[Gen 9] OU is currently suspecting Tera Blast! For information on how to participate check out the <a href="https://www.smogon.com/tools/suspects/view/200">suspect thread</a>.</strong></div>
|j|☆yutuoube
|j|☆dialethetica
|t:|1776054055
|gametype|singles
|player|p1|yutuoube|2|1119
|player|p2|dialethetica|101|1151
|gen|9
|tier|[Gen 9] OU
|rated|
|rule|HP Percentage Mod: HP is shown in percentages
|rule|Endless Battle Clause: Forcing endless battles is banned
|rule|Species Clause: Limit one of each Pokémon
|rule|OHKO Clause: OHKO moves are banned
|rule|Evasion Items Clause: Evasion items are banned
|rule|Evasion Moves Clause: Evasion moves are banned
|rule|Evasion Abilities Clause: Evasion abilities are banned
|rule|Sleep Moves Clause: Sleep-inducing moves are banned
|clearpoke
|poke|p1|Gliscor, F|
|poke|p1|Blissey, F|
|poke|p1|Slowbro-Galar, M|
|poke|p1|Zapdos|
|poke|p1|Heatran, M|
|poke|p1|Clefable, F|
|poke|p2|Darkrai|
|poke|p2|Mimikyu, F|
|poke|p2|Zoroark-Hisui, F|
|poke|p2|Arcanine-Hisui, M|
|poke|p2|Great Tusk|
|poke|p2|Kingambit, M|
|teampreview
|inactive|Battle timer is ON: inactive players will automatically lose when time's up. (requested by yutuoube)
|j| ohko_smeargle
|
|t:|1776054066
|teamsize|p1|6
|teamsize|p2|6
|start
|switch|p1a: Zapdos|Zapdos|100/100
|switch|p2a: Darkrai|Darkrai|100/100
|turn|1
|
|t:|1776054077
|move|p2a: Darkrai|Nasty Plot|p2a: Darkrai
|-boost|p2a: Darkrai|spa|2
|move|p1a: Zapdos|Volt Switch|p2a: Darkrai
|-damage|p2a: Darkrai|49/100
|
|t:|1776054080
|switch|p1a: Clefable|Clefable, F|100/100|[from] Volt Switch
|
|upkeep
|turn|2
|
|t:|1776054090
|move|p2a: Darkrai|Sludge Bomb|p1a: Clefable
|-supereffective|p1a: Clefable
|-damage|p1a: Clefable|42/100
|move|p1a: Clefable|Moonblast|p2a: Darkrai
|-supereffective|p2a: Darkrai
|-damage|p2a: Darkrai|0 fnt
|faint|p2a: Darkrai
|
|-heal|p1a: Clefable|48/100|[from] item: Leftovers
|upkeep
|
|t:|1776054100
|switch|p2a: Mimikyu|Mimikyu, F, shiny|100/100
|turn|3
|
|t:|1776054105
|move|p2a: Mimikyu|Swords Dance|p2a: Mimikyu
|-boost|p2a: Mimikyu|atk|2
|move|p1a: Clefable|Moonblast|p2a: Mimikyu
|-activate|p2a: Mimikyu|ability: Disguise
|-damage|p2a: Mimikyu|100/100
|-unboost|p2a: Mimikyu|spa|1
|detailschange|p2a: Mimikyu|Mimikyu-Busted, F, shiny
|-damage|p2a: Mimikyu|88/100|[from] pokemon: Mimikyu-Busted
|
|-heal|p1a: Clefable|54/100|[from] item: Leftovers
|upkeep
|turn|4
|
|t:|1776054124
|move|p2a: Mimikyu|Swords Dance|p2a: Mimikyu
|-boost|p2a: Mimikyu|atk|2
|move|p1a: Clefable|Moonblast|p2a: Mimikyu
|-damage|p2a: Mimikyu|51/100
|
|-heal|p1a: Clefable|60/100|[from] item: Leftovers
|upkeep
|turn|5
|
|t:|1776054134
|move|p2a: Mimikyu|Swords Dance|p2a: Mimikyu
|-boost|p2a: Mimikyu|atk|2
|move|p1a: Clefable|Moonblast|p2a: Mimikyu
|-damage|p2a: Mimikyu|11/100
|-unboost|p2a: Mimikyu|spa|1
|
|-heal|p1a: Clefable|66/100|[from] item: Leftovers
|upkeep
|turn|6
|
|t:|1776054143
|move|p2a: Mimikyu|Shadow Sneak|p1a: Clefable
|-damage|p1a: Clefable|50/100
|-damage|p2a: Mimikyu|1/100|[from] item: Life Orb
|move|p1a: Clefable|Moonblast|p2a: Mimikyu
|-damage|p2a: Mimikyu|0 fnt
|faint|p2a: Mimikyu
|
|-heal|p1a: Clefable|56/100|[from] item: Leftovers
|upkeep
|
|t:|1776054158
|switch|p2a: Kingambit|Kingambit, M|100/100
|turn|7
|
|t:|1776054184
|move|p2a: Kingambit|Shadow Ball|p1a: Clefable
|-damage|p1a: Clefable|0 fnt
|faint|p1a: Clefable
|
|upkeep
|
|t:|1776054189
|switch|p1a: Heatran|Heatran, M|100/100
|turn|8
|
|t:|1776054196
|move|p1a: Heatran|Magma Storm|p2a: Kingambit|[miss]
|-miss|p1a: Heatran|p2a: Kingambit
|move|p2a: Kingambit|Shadow Ball|p1a: Heatran
|-damage|p1a: Heatran|38/100
|-unboost|p1a: Heatran|spd|1
|
|upkeep
|turn|9
|
|t:|1776054208
|move|p1a: Heatran|Magma Storm|p2a: Kingambit|[miss]
|-miss|p1a: Heatran|p2a: Kingambit
|move|p2a: Kingambit|Shadow Ball|p1a: Heatran
|-damage|p1a: Heatran|0 fnt
|faint|p1a: Heatran
|
|upkeep
|
|t:|1776054213
|switch|p1a: Blissey|Blissey, F|100/100
|turn|10
|
|t:|1776054226
|switch|p2a: Arcanine|Arcanine-Hisui, M, shiny|100/100
|move|p1a: Blissey|Ice Beam|p2a: Arcanine
|-resisted|p2a: Arcanine
|-damage|p2a: Arcanine|86/100
|
|upkeep
|turn|11
|
|t:|1776054235
|switch|p1a: Zapdos|Zapdos|100/100
|move|p2a: Arcanine|Close Combat|p1a: Zapdos
|-resisted|p1a: Zapdos
|-damage|p1a: Zapdos|68/100
|-unboost|p2a: Arcanine|def|1
|-unboost|p2a: Arcanine|spd|1
|
|upkeep
|turn|12
|
|t:|1776054256
|switch|p2a: Kingambit|Kingambit, M|100/100
|move|p1a: Zapdos|Hurricane|p2a: Kingambit
|-damage|p2a: Kingambit|0 fnt
|replace|p2a: Zoroark|Zoroark-Hisui, F, shiny
|-end|p2a: Zoroark|Illusion
|faint|p2a: Zoroark
|
|upkeep
|
|t:|1776054265
|switch|p2a: Great Tusk|Great Tusk|100/100
|turn|13
|
|t:|1776054272
|move|p1a: Zapdos|Hurricane|p2a: Great Tusk
|-supereffective|p2a: Great Tusk
|-damage|p2a: Great Tusk|0 fnt
|faint|p2a: Great Tusk
|-end|p2a: Great Tusk|Protosynthesis|[silent]
|
|upkeep
|
|t:|1776054280
|switch|p2a: Arcanine|Arcanine-Hisui, M, shiny|86/100
|turn|14
|
|t:|1776054284
|move|p1a: Zapdos|Volt Switch|p2a: Arcanine
|-damage|p2a: Arcanine|38/100
|
|t:|1776054288
|switch|p1a: Gliscor|Gliscor, F|100/100|[from] Volt Switch
|move|p2a: Arcanine|Head Smash|p1a: Gliscor
|-damage|p1a: Gliscor|18/100
|
|-status|p1a: Gliscor|tox|[from] item: Toxic Orb
|upkeep
|turn|15
|
|t:|1776054297
|move|p2a: Arcanine|Head Smash|p1a: Gliscor|[miss]
|-miss|p2a: Arcanine|p1a: Gliscor
|move|p1a: Gliscor|Earthquake|p2a: Arcanine
|-supereffective|p2a: Arcanine
|-damage|p2a: Arcanine|0 fnt
|faint|p2a: Arcanine
|
|-heal|p1a: Gliscor|30/100 tox|[from] ability: Poison Heal
|upkeep
|
|t:|1776054306
|switch|p2a: Kingambit|Kingambit, M|100/100
|-activate|p2a: Kingambit|ability: Supreme Overlord
|-start|p2a: Kingambit|fallen5|[silent]
|turn|16
|
|t:|1776054313
|move|p2a: Kingambit|Sucker Punch|p1a: Gliscor
|-damage|p1a: Gliscor|0 fnt
|faint|p1a: Gliscor
|
|upkeep
|
|t:|1776054315
|switch|p1a: Zapdos|Zapdos|68/100
|turn|17
|
|t:|1776054321
|move|p2a: Kingambit|Sucker Punch|p1a: Zapdos
|-damage|p1a: Zapdos|0 fnt
|faint|p1a: Zapdos
|
|upkeep
|
|t:|1776054329
|switch|p1a: Slowbro|Slowbro-Galar, M|100/100
|turn|18
|-activate|p1a: Slowbro|ability: Quick Draw
|
|t:|1776054338
|-terastallize|p1a: Slowbro|Fighting
|move|p1a: Slowbro|Focus Blast|p2a: Kingambit|[miss]
|-miss|p1a: Slowbro|p2a: Kingambit
|move|p2a: Kingambit|Kowtow Cleave|p1a: Slowbro
|-resisted|p1a: Slowbro
|-damage|p1a: Slowbro|65/100
|
|-heal|p1a: Slowbro|71/100|[from] item: Leftovers
|upkeep
|turn|19
|inactive|dialethetica has 120 seconds left.
|
|t:|1776054372
|-terastallize|p2a: Kingambit|Ghost
|move|p2a: Kingambit|Iron Head|p1a: Slowbro
|-damage|p1a: Slowbro|15/100
|move|p1a: Slowbro|Focus Blast|p2a: Kingambit
|-immune|p2a: Kingambit
|
|-heal|p1a: Slowbro|21/100|[from] item: Leftovers
|upkeep
|turn|20
|-activate|p1a: Slowbro|ability: Quick Draw
|
|t:|1776054382
|move|p1a: Slowbro|Sludge Bomb|p2a: Kingambit
|-resisted|p2a: Kingambit
|-damage|p2a: Kingambit|81/100
|-status|p2a: Kingambit|psn
|move|p2a: Kingambit|Iron Head|p1a: Slowbro
|-damage|p1a: Slowbro|0 fnt
|faint|p1a: Slowbro
|
|-damage|p2a: Kingambit|69/100 psn|[from] psn
|upkeep
|
|t:|1776054387
|switch|p1a: Blissey|Blissey, F|100/100
|turn|21
|
|t:|1776054397
|move|p1a: Blissey|Ice Beam|p2a: Kingambit
|-damage|p2a: Kingambit|44/100 psn
|move|p2a: Kingambit|Kowtow Cleave|p1a: Blissey
|-damage|p1a: Blissey|0 fnt
|faint|p1a: Blissey
|
|win|dialethetica
|raw|yutuoube's rating: 1119 &rarr; <strong>1096</strong><br />(-23 for losing)
|raw|dialethetica's rating: 1151 &rarr; <strong>1174</strong><br />(+23 for winning)
|l| ohko_smeargle
|l|☆yutuoube
|player|p1|
|l|☆dialethetica
|player|p2|
