|html|<div class="broadcast-blue"><strong>[Gen 9] OU is currently suspecting Volcarona! For information on how to participate check out the <a href="https://www.smogon.com/tools/suspects/view/208">suspect thread</a>.</strong></div>
|j|☆omega toad17
|j|☆dragonmaster441
|t:|1778513403
|gametype|singles
|player|p1|omega toad17|wattson|1175
|player|p2|dragonmaster441|acetrainerf-gen4|1225
|gen|9
|tier|[Gen 9] OU
|rated|
|rule|HP Percentage Mod: HP is shown in percentages
|rule|Endless Battle Clause: Forcing endless battles is banned
|rule|Species Clause: Limit one of each Pokémon
|rule|OHKO Clause: OHKO moves are banned
|rule|Evasion Items Clause: Evasion items are banned
|rule|Evasion Moves Clause: Evasion moves are banned
|rule|Evasion Abilities Clause: Evasion abilities are banned
|rule|Sleep Moves Clause: Sleep-inducing moves are banned
|clearpoke
|poke|p1|Heatran, M|
|poke|p1|Ogerpon-Wellspring, F|
|poke|p1|Slowking-Galar, M|
|poke|p1|Enamorus, F|
|poke|p1|Kingambit, M|
|poke|p1|Great Tusk|
|poke|p2|Skeledirge, M|
|poke|p2|Samurott-Hisui, F|
|poke|p2|Alomomola, M|
|poke|p2|Dragapult, M|
|poke|p2|Iron Valiant|
|poke|p2|Great Tusk|
|teampreview
|inactive|Battle timer is ON: inactive players will automatically lose when time's up. (requested by dragonmaster441)
|inactive|omega toad17 also wants the timer to be on.
|c|☆dragonmaster441|hf!
|c|☆omega toad17|u2
|
|t:|1778513420
|teamsize|p1|6
|teamsize|p2|6
|start
|switch|p1a: michael|Ogerpon-Wellspring, F|100/100
|switch|p2a: Samurott|Samurott-Hisui, F|100/100
|turn|1
|
|t:|1778513432
|switch|p2a: Dragapult|Dragapult, M|100/100
|move|p1a: michael|Horn Leech|p2a: Dragapult
|-resisted|p2a: Dragapult
|-damage|p2a: Dragapult|69/100
|
|upkeep
|turn|2
|
|t:|1778513440
|switch|p1a: frank|Heatran, M|100/100
|move|p2a: Dragapult|U-turn|p1a: frank
|-resisted|p1a: frank
|-damage|p1a: frank|97/100
|
|t:|1778513448
|switch|p2a: Samurott|Samurott-Hisui, F|100/100|[from] U-turn
|
|-heal|p1a: frank|100/100|[from] item: Leftovers
|upkeep
|turn|3
|
|t:|1778513463
|switch|p1a: ronald|Great Tusk|100/100
|move|p2a: Samurott|Ceaseless Edge|p1a: ronald
|-resisted|p1a: ronald
|-damage|p1a: ronald|87/100
|-sidestart|p1: omega toad17|Spikes
|
|upkeep
|turn|4
|
|t:|1778513472
|move|p1a: ronald|Rapid Spin|p2a: Samurott
|-damage|p2a: Samurott|83/100
|-boost|p1a: ronald|spe|1
|-sideend|p1: omega toad17|Spikes|[from] move: Rapid Spin|[of] p1a: ronald
|move|p2a: Samurott|Flip Turn|p1a: ronald
|-supereffective|p1a: ronald
|-damage|p1a: ronald|52/100
|
|t:|1778513482
|switch|p2a: Iron Valiant|Iron Valiant|100/100|[from] Flip Turn
|
|upkeep
|turn|5
|
|t:|1778513496
|-end|p1a: ronald|Protosynthesis|[silent]
|switch|p1a: jim|Slowking-Galar, M|100/100
|-end|p2a: Iron Valiant|Quark Drive|[silent]
|switch|p2a: Great Tusk|Great Tusk|100/100
|
|upkeep
|turn|6
|
|t:|1778513506
|switch|p1a: other michael|Enamorus, F|100/100
|move|p2a: Great Tusk|Ice Spinner|p1a: other michael
|-supereffective|p1a: other michael
|-damage|p1a: other michael|19/100
|
|-heal|p1a: other michael|25/100|[from] item: Leftovers
|upkeep
|turn|7
|
|t:|1778513516
|move|p1a: other michael|Moonblast|p2a: Great Tusk
|-supereffective|p2a: Great Tusk
|-damage|p2a: Great Tusk|0 fnt
|faint|p2a: Great Tusk
|-end|p2a: Great Tusk|Protosynthesis|[silent]
|
|-heal|p1a: other michael|31/100|[from] item: Leftovers
|upkeep
|
|t:|1778513522
|switch|p2a: Skeledirge|Skeledirge, M|100/100
|turn|8
|
|t:|1778513530
|switch|p1a: frank|Heatran, M|100/100
|move|p2a: Skeledirge|Torch Song|p1a: frank
|-start|p1a: frank|ability: Flash Fire
|
|upkeep
|turn|9
|
|t:|1778513535
|move|p1a: frank|Earth Power|p2a: Skeledirge
|-supereffective|p2a: Skeledirge
|-damage|p2a: Skeledirge|45/100
|move|p2a: Skeledirge|Earth Power|p1a: frank
|-supereffective|p1a: frank
|-damage|p1a: frank|30/100
|-unboost|p1a: frank|spd|1
|
|-heal|p1a: frank|36/100|[from] item: Leftovers
|-heal|p2a: Skeledirge|51/100|[from] item: Leftovers
|upkeep
|turn|10
|
|t:|1778513545
|move|p1a: frank|Earth Power|p2a: Skeledirge
|-supereffective|p2a: Skeledirge
|-damage|p2a: Skeledirge|0 fnt
|faint|p2a: Skeledirge
|
|-heal|p1a: frank|42/100|[from] item: Leftovers
|upkeep
|
|t:|1778513552
|switch|p2a: Alomomola|Alomomola, M|100/100
|turn|11
|
|t:|1778513555
|-end|p1a: frank|ability: Flash Fire|[silent]
|switch|p1a: michael|Ogerpon-Wellspring, F|100/100
|move|p2a: Alomomola|Scald|p1a: michael
|-immune|p1a: michael|[from] ability: Water Absorb
|
|upkeep
|turn|12
|
|t:|1778513561
|move|p1a: michael|Knock Off|p2a: Alomomola
|-damage|p2a: Alomomola|79/100
|-enditem|p2a: Alomomola|Assault Vest|[from] move: Knock Off|[of] p1a: michael
|move|p2a: Alomomola|Body Slam|p1a: michael
|-damage|p1a: michael|85/100
|-status|p1a: michael|par
|
|upkeep
|turn|13
|
|t:|1778513571
|switch|p2a: Samurott|Samurott-Hisui, F|83/100
|move|p1a: michael|Horn Leech|p2a: Samurott
|-supereffective|p2a: Samurott
|-damage|p2a: Samurott|0 fnt
|-heal|p1a: michael|100/100 par|[from] drain|[of] p2a: Samurott
|faint|p2a: Samurott
|
|upkeep
|
|t:|1778513577
|switch|p2a: Iron Valiant|Iron Valiant|100/100
|turn|14
|
|t:|1778513580
|switch|p1a: jim|Slowking-Galar, M|100/100
|move|p2a: Iron Valiant|Poison Jab|p1a: jim
|-resisted|p1a: jim
|-damage|p1a: jim|80/100
|
|upkeep
|turn|15
|
|t:|1778513588
|-end|p2a: Iron Valiant|Quark Drive|[silent]
|switch|p2a: Dragapult|Dragapult, M|69/100
|move|p1a: jim|Sludge Bomb|p2a: Dragapult
|-resisted|p2a: Dragapult
|-damage|p2a: Dragapult|47/100
|
|upkeep
|turn|16
|
|t:|1778513593
|switch|p1a: frank|Heatran, M|42/100
|move|p2a: Dragapult|Shadow Ball|p1a: frank
|-damage|p1a: frank|12/100
|
|-heal|p1a: frank|18/100|[from] item: Leftovers
|upkeep
|turn|17
|
|t:|1778513599
|move|p2a: Dragapult|Shadow Ball|p1a: frank
|-damage|p1a: frank|0 fnt
|faint|p1a: frank
|
|upkeep
|
|t:|1778513604
|switch|p1a: john|Kingambit, M|100/100
|turn|18
|
|t:|1778513607
|switch|p2a: Iron Valiant|Iron Valiant|100/100
|move|p1a: john|Kowtow Cleave|p2a: Iron Valiant
|-resisted|p2a: Iron Valiant
|-damage|p2a: Iron Valiant|80/100
|
|upkeep
|turn|19
|
|t:|1778513618
|switch|p1a: jim|Slowking-Galar, M|100/100
|move|p2a: Iron Valiant|Knock Off|p1a: jim
|-supereffective|p1a: jim
|-damage|p1a: jim|0 fnt
|-enditem|p1a: jim|Heavy-Duty Boots|[from] move: Knock Off|[of] p2a: Iron Valiant
|faint|p1a: jim
|
|upkeep
|
|t:|1778513637
|switch|p1a: michael|Ogerpon-Wellspring, F|100/100 par
|turn|20
|
|t:|1778513643
|-end|p2a: Iron Valiant|Quark Drive|[silent]
|switch|p2a: Alomomola|Alomomola, M|100/100
|-terastallize|p1a: michael|Water
|detailschange|p1a: michael|Ogerpon-Wellspring-Tera, F, tera:Water
|-ability|p1a: michael|Embody Aspect (Wellspring)|boost
|-boost|p1a: michael|spd|1
|move|p1a: michael|Ivy Cudgel|p2a: Alomomola|[anim] Ivy Cudgel Water
|-resisted|p2a: Alomomola
|-damage|p2a: Alomomola|78/100
|
|upkeep
|turn|21
|
|t:|1778513655
|move|p1a: michael|Horn Leech|p2a: Alomomola
|-supereffective|p2a: Alomomola
|-damage|p2a: Alomomola|32/100
|move|p2a: Alomomola|Body Slam|p1a: michael
|-damage|p1a: michael|84/100 par
|
|upkeep
|turn|22
|
|t:|1778513661
|move|p1a: michael|Horn Leech|p2a: Alomomola
|-supereffective|p2a: Alomomola
|-damage|p2a: Alomomola|0 fnt
|-heal|p1a: michael|100/100 par|[from] drain|[of] p2a: Alomomola
|faint|p2a: Alomomola
|
|upkeep
|
|t:|1778513665
|switch|p2a: Iron Valiant|Iron Valiant|80/100
|turn|23
|
|t:|1778513672
|move|p2a: Iron Valiant|Close Combat|p1a: michael
|-damage|p1a: michael|0 fnt
|-unboost|p2a: Iron Valiant|def|1
|-unboost|p2a: Iron Valiant|spd|1
|faint|p1a: michael
|detailschange|p1: michael|Ogerpon-Wellspring, F|[silent]
|
|upkeep
|
|t:|1778513679
|switch|p1a: john|Kingambit, M|100/100
|turn|24
|
|t:|1778513682
|switch|p1a: other michael|Enamorus, F|31/100
|move|p2a: Iron Valiant|Close Combat|p1a: other michael
|-resisted|p1a: other michael
|-damage|p1a: other michael|0 fnt
|-unboost|p2a: Iron Valiant|def|1
|-unboost|p2a: Iron Valiant|spd|1
|faint|p1a: other michael
|
|upkeep
|
|t:|1778513689
|switch|p1a: ronald|Great Tusk|52/100
|turn|25
|
|t:|1778513691
|move|p2a: Iron Valiant|Close Combat|p1a: ronald
|-damage|p1a: ronald|0 fnt
|-unboost|p2a: Iron Valiant|def|1
|-unboost|p2a: Iron Valiant|spd|1
|faint|p1a: ronald
|-end|p1a: ronald|Protosynthesis|[silent]
|
|upkeep
|
|t:|1778513695
|switch|p1a: john|Kingambit, M|100/100
|turn|26
|
|t:|1778513700
|-end|p2a: Iron Valiant|Quark Drive|[silent]
|switch|p2a: Dragapult|Dragapult, M|47/100
|move|p1a: john|Sucker Punch||[still]
|-fail|p1a: john
|
|upkeep
|turn|27
|
|t:|1778513706
|move|p2a: Dragapult|Fire Blast|p1a: john
|-supereffective|p1a: john
|-damage|p1a: john|8/100
|move|p1a: john|Low Kick|p2a: Dragapult
|-immune|p2a: Dragapult
|
|upkeep
|turn|28
|-message|omega toad17 forfeited.
|
|win|dragonmaster441
|raw|omega toad17's rating: 1175 &rarr; <strong>1154</strong><br />(-21 for losing)
|raw|dragonmaster441's rating: 1225 &rarr; <strong>1246</strong><br />(+21 for winning)
|l|☆omega toad17
|player|p1|
