|html|<div class="broadcast-blue"><strong>[Gen 9] OU is currently suspecting Tera Blast! For information on how to participate check out the <a href="https://www.smogon.com/tools/suspects/view/200">suspect thread</a>.</strong></div>
|j|☆mynasty
|j|‽KIngcrasher06
|t:|1776035313
|gametype|singles
|player|p1|mynasty|170|1207
|player|p2|KIngcrasher06|steven|1190
|gen|9
|tier|[Gen 9] OU
|rated|
|rule|HP Percentage Mod: HP is shown in percentages
|rule|Endless Battle Clause: Forcing endless battles is banned
|rule|Species Clause: Limit one of each Pokémon
|rule|OHKO Clause: OHKO moves are banned
|rule|Evasion Items Clause: Evasion items are banned
|rule|Evasion Moves Clause: Evasion moves are banned
|rule|Evasion Abilities Clause: Evasion abilities are banned
|rule|Sleep Moves Clause: Sleep-inducing moves are banned
|clearpoke
|poke|p1|Meowscarada, F|
|poke|p1|Ceruledge, M|
|poke|p1|Keldeo-Resolute|
|poke|p1|Glimmora, M|
|poke|p1|Corviknight, M|
|poke|p1|Sylveon, M|
|poke|p2|Iron Valiant|
|poke|p2|Great Tusk|
|poke|p2|Dragonite, F|
|poke|p2|Deoxys-Speed|
|poke|p2|Glimmora, F|
|poke|p2|Kingambit, F|
|teampreview
|inactive|Battle timer is ON: inactive players will automatically lose when time's up. (requested by KIngcrasher06)
|inactive|mynasty also wants the timer to be on.
|
|t:|1776035318
|teamsize|p1|6
|teamsize|p2|6
|start
|switch|p1a: Keldeo|Keldeo-Resolute|100/100
|switch|p2a: Glimmora|Glimmora, F|100/100
|turn|1
|
|t:|1776035326
|switch|p2a: Deoxys|Deoxys-Speed|100/100
|-ability|p2a: Deoxys|Pressure
|move|p1a: Keldeo|Surf|p2a: Deoxys
|-damage|p2a: Deoxys|43/100
|
|upkeep
|turn|2
|
|t:|1776035336
|switch|p1a: Sylveon|Sylveon, M|100/100
|move|p2a: Deoxys|Psycho Boost|p1a: Sylveon
|-damage|p1a: Sylveon|75/100
|-unboost|p2a: Deoxys|spa|2
|
|-heal|p1a: Sylveon|81/100|[from] item: Leftovers
|upkeep
|turn|3
|
|t:|1776035346
|move|p2a: Deoxys|Taunt|p1a: Sylveon
|-start|p1a: Sylveon|move: Taunt
|move|p1a: Sylveon|Hyper Voice|p2a: Deoxys
|-damage|p2a: Deoxys|0 fnt
|faint|p2a: Deoxys
|
|-heal|p1a: Sylveon|88/100|[from] item: Leftovers
|upkeep
|
|t:|1776035351
|switch|p2a: Kingambit|Kingambit, F|100/100
|-activate|p2a: Kingambit|ability: Supreme Overlord
|-start|p2a: Kingambit|fallen1|[silent]
|turn|4
|
|t:|1776035359
|switch|p1a: Corviknight|Corviknight, M|100/100
|move|p2a: Kingambit|Iron Head|p1a: Corviknight
|-resisted|p1a: Corviknight
|-damage|p1a: Corviknight|85/100
|-damage|p2a: Kingambit|84/100|[from] item: Rocky Helmet|[of] p1a: Corviknight
|
|upkeep
|turn|5
|
|t:|1776035368
|-end|p2a: Kingambit|fallen1|[silent]
|switch|p2a: Dragonite|Dragonite, F|100/100
|move|p1a: Corviknight|U-turn|p2a: Dragonite
|-resisted|p2a: Dragonite
|-damage|p2a: Dragonite|97/100
|
|t:|1776035380
|switch|p1a: Keldeo|Keldeo-Resolute|100/100|[from] U-turn
|
|-heal|p2a: Dragonite|100/100|[from] item: Leftovers
|upkeep
|turn|6
|
|t:|1776035396
|switch|p2a: Iron Valiant|Iron Valiant|100/100
|-enditem|p2a: Iron Valiant|Booster Energy
|-activate|p2a: Iron Valiant|ability: Quark Drive|[fromitem]
|-start|p2a: Iron Valiant|quarkdrivespe
|move|p1a: Keldeo|Icy Wind|p2a: Iron Valiant
|-damage|p2a: Iron Valiant|62/100
|-unboost|p2a: Iron Valiant|spe|1
|
|upkeep
|turn|7
|
|t:|1776035417
|switch|p1a: Glimmora|Glimmora, M|100/100
|move|p2a: Iron Valiant|Close Combat|p1a: Glimmora
|-damage|p1a: Glimmora|31/100
|-unboost|p2a: Iron Valiant|def|1
|-unboost|p2a: Iron Valiant|spd|1
|-activate|p1a: Glimmora|ability: Toxic Debris
|-sidestart|p2: KIngcrasher06|move: Toxic Spikes
|
|upkeep
|turn|8
|inactive|KIngcrasher06 has 120 seconds left.
|
|t:|1776035441
|move|p2a: Iron Valiant|Close Combat|p1a: Glimmora
|-damage|p1a: Glimmora|0 fnt
|-unboost|p2a: Iron Valiant|def|1
|-unboost|p2a: Iron Valiant|spd|1
|-activate|p1a: Glimmora|ability: Toxic Debris
|-sidestart|p2: KIngcrasher06|move: Toxic Spikes
|faint|p1a: Glimmora
|
|upkeep
|
|t:|1776035451
|switch|p1a: Corviknight|Corviknight, M|85/100
|turn|9
|inactive|KIngcrasher06 has 120 seconds left.
|
|t:|1776035463
|move|p2a: Iron Valiant|Taunt|p1a: Corviknight
|-start|p1a: Corviknight|move: Taunt
|move|p1a: Corviknight|Iron Head|p2a: Iron Valiant
|-supereffective|p2a: Iron Valiant
|-damage|p2a: Iron Valiant|0 fnt
|faint|p2a: Iron Valiant
|-end|p2a: Iron Valiant|Quark Drive|[silent]
|
|upkeep
|inactive|KIngcrasher06 has 120 seconds left.
|
|t:|1776035468
|switch|p2a: Glimmora|Glimmora, F|100/100
|-sideend|p2: KIngcrasher06|move: Toxic Spikes|[of] p2a: Glimmora
|turn|10
|inactive|KIngcrasher06 has 120 seconds left.
|
|t:|1776035485
|switch|p1a: Keldeo|Keldeo-Resolute|100/100
|move|p2a: Glimmora|Meteor Beam||[still]
|-prepare|p2a: Glimmora|Meteor Beam
|-boost|p2a: Glimmora|spa|1
|-enditem|p2a: Glimmora|Power Herb
|-anim|p2a: Glimmora|Meteor Beam|p1a: Keldeo
|-resisted|p1a: Keldeo
|-damage|p1a: Keldeo|41/100
|
|upkeep
|turn|11
|inactive|KIngcrasher06 has 120 seconds left.
|
|t:|1776035521
|-terastallize|p2a: Glimmora|Ghost
|move|p1a: Keldeo|Surf|p2a: Glimmora
|-damage|p2a: Glimmora|42/100
|move|p2a: Glimmora|Earth Power|p1a: Keldeo
|-damage|p1a: Keldeo|0 fnt
|faint|p1a: Keldeo
|
|upkeep
|inactive|mynasty has 120 seconds left.
|
|t:|1776035537
|switch|p1a: Meowscarada|Meowscarada, F|100/100
|turn|12
|
|t:|1776035544
|move|p1a: Meowscarada|Knock Off|p2a: Glimmora
|-start|p1a: Meowscarada|typechange|Dark|[from] ability: Protean
|-supereffective|p2a: Glimmora
|-damage|p2a: Glimmora|0 fnt
|-activate|p2a: Glimmora|ability: Toxic Debris
|-sidestart|p1: mynasty|move: Toxic Spikes
|faint|p2a: Glimmora
|
|upkeep
|
|t:|1776035552
|switch|p2a: Dragonite|Dragonite, F|100/100
|turn|13
|
|t:|1776035559
|switch|p1a: Corviknight|Corviknight, M|85/100
|move|p2a: Dragonite|Dragon Dance|p2a: Dragonite
|-boost|p2a: Dragonite|atk|1
|-boost|p2a: Dragonite|spe|1
|
|upkeep
|turn|14
|
|t:|1776035564
|move|p2a: Dragonite|Substitute|p2a: Dragonite
|-start|p2a: Dragonite|Substitute
|-damage|p2a: Dragonite|76/100
|move|p1a: Corviknight|Defog|p2a: Dragonite
|-sideend|p1: mynasty|Toxic Spikes|[from] move: Defog|[of] p1a: Corviknight
|
|-heal|p2a: Dragonite|82/100|[from] item: Leftovers
|upkeep
|turn|15
|
|t:|1776035569
|move|p2a: Dragonite|Dragon Dance|p2a: Dragonite
|-boost|p2a: Dragonite|atk|1
|-boost|p2a: Dragonite|spe|1
|move|p1a: Corviknight|Iron Head|p2a: Dragonite
|-end|p2a: Dragonite|Substitute
|
|-heal|p2a: Dragonite|88/100|[from] item: Leftovers
|upkeep
|turn|16
|
|t:|1776035576
|move|p2a: Dragonite|Dragon Dance|p2a: Dragonite
|-boost|p2a: Dragonite|atk|1
|-boost|p2a: Dragonite|spe|1
|move|p1a: Corviknight|U-turn|p2a: Dragonite
|-resisted|p2a: Dragonite
|-damage|p2a: Dragonite|81/100
|
|t:|1776035579
|switch|p1a: Ceruledge|Ceruledge, M|100/100|[from] U-turn
|
|-heal|p2a: Dragonite|87/100|[from] item: Leftovers
|upkeep
|turn|17
|
|t:|1776035584
|move|p2a: Dragonite|Earthquake|p1a: Ceruledge
|-supereffective|p1a: Ceruledge
|-enditem|p1a: Ceruledge|Focus Sash
|-damage|p1a: Ceruledge|1/100
|-ability|p1a: Ceruledge|Weak Armor|boost
|-unboost|p1a: Ceruledge|def|1
|-boost|p1a: Ceruledge|spe|2
|move|p1a: Ceruledge|Poltergeist|p2a: Dragonite
|-activate|p2a: Dragonite|move: Poltergeist|Leftovers
|-damage|p2a: Dragonite|30/100
|
|-heal|p2a: Dragonite|36/100|[from] item: Leftovers
|upkeep
|turn|18
|
|t:|1776035599
|move|p1a: Ceruledge|Shadow Sneak|p2a: Dragonite
|-damage|p2a: Dragonite|13/100
|move|p2a: Dragonite|Earthquake|p1a: Ceruledge
|-supereffective|p1a: Ceruledge
|-damage|p1a: Ceruledge|0 fnt
|faint|p1a: Ceruledge
|
|-heal|p2a: Dragonite|19/100|[from] item: Leftovers
|upkeep
|
|t:|1776035604
|switch|p1a: Corviknight|Corviknight, M|85/100
|turn|19
|
|t:|1776035610
|move|p2a: Dragonite|Tera Blast|p1a: Corviknight
|-resisted|p1a: Corviknight
|-damage|p1a: Corviknight|77/100
|move|p1a: Corviknight|Iron Head|p2a: Dragonite
|-damage|p2a: Dragonite|0 fnt
|faint|p2a: Dragonite
|
|upkeep
|
|t:|1776035617
|switch|p2a: Great Tusk|Great Tusk|100/100
|-enditem|p2a: Great Tusk|Booster Energy
|-activate|p2a: Great Tusk|ability: Protosynthesis|[fromitem]
|-start|p2a: Great Tusk|protosynthesisspe
|turn|20
|
|t:|1776035627
|move|p2a: Great Tusk|Head Smash|p1a: Corviknight
|-damage|p1a: Corviknight|50/100
|-damage|p2a: Great Tusk|84/100|[from] item: Rocky Helmet|[of] p1a: Corviknight
|-damage|p2a: Great Tusk|71/100|[from] Recoil
|move|p1a: Corviknight|U-turn|p2a: Great Tusk
|-resisted|p2a: Great Tusk
|-damage|p2a: Great Tusk|67/100
|
|t:|1776035635
|switch|p1a: Meowscarada|Meowscarada, F|100/100|[from] U-turn
|
|upkeep
|turn|21
|
|t:|1776035641
|-end|p2a: Great Tusk|Protosynthesis|[silent]
|switch|p2a: Kingambit|Kingambit, F|84/100
|-activate|p2a: Kingambit|ability: Supreme Overlord
|-start|p2a: Kingambit|fallen4|[silent]
|switch|p1a: Sylveon|Sylveon, M|88/100
|
|-heal|p1a: Sylveon|94/100|[from] item: Leftovers
|upkeep
|turn|22
|
|t:|1776035653
|move|p2a: Kingambit|Iron Head|p1a: Sylveon
|-supereffective|p1a: Sylveon
|-damage|p1a: Sylveon|0 fnt
|faint|p1a: Sylveon
|
|upkeep
|
|t:|1776035656
|switch|p1a: Corviknight|Corviknight, M|50/100
|turn|23
|
|t:|1776035660
|move|p2a: Kingambit|Low Kick|p1a: Corviknight
|-damage|p1a: Corviknight|23/100
|-damage|p2a: Kingambit|68/100|[from] item: Rocky Helmet|[of] p1a: Corviknight
|move|p1a: Corviknight|Roost|p1a: Corviknight
|-heal|p1a: Corviknight|73/100
|-singleturn|p1a: Corviknight|move: Roost
|
|upkeep
|turn|24
|
|t:|1776035665
|-end|p2a: Kingambit|fallen4|[silent]
|switch|p2a: Great Tusk|Great Tusk|67/100
|move|p1a: Corviknight|U-turn|p2a: Great Tusk
|-resisted|p2a: Great Tusk
|-damage|p2a: Great Tusk|62/100
|
|t:|1776035668
|switch|p1a: Meowscarada|Meowscarada, F|100/100|[from] U-turn
|
|upkeep
|turn|25
|
|t:|1776035689
|move|p1a: Meowscarada|Flower Trick|p2a: Great Tusk
|-start|p1a: Meowscarada|typechange|Grass|[from] ability: Protean
|-supereffective|p2a: Great Tusk
|-crit|p2a: Great Tusk
|-damage|p2a: Great Tusk|0 fnt
|faint|p2a: Great Tusk
|-end|p2a: Great Tusk|Protosynthesis|[silent]
|
|upkeep
|
|t:|1776035691
|switch|p2a: Kingambit|Kingambit, F|68/100
|-activate|p2a: Kingambit|ability: Supreme Overlord
|-start|p2a: Kingambit|fallen5|[silent]
|turn|26
|
|t:|1776035698
|move|p2a: Kingambit|Sucker Punch|p1a: Meowscarada
|-damage|p1a: Meowscarada|6/100
|move|p1a: Meowscarada|Flower Trick|p2a: Kingambit
|-resisted|p2a: Kingambit
|-crit|p2a: Kingambit
|-damage|p2a: Kingambit|36/100
|
|upkeep
|turn|27
|
|t:|1776035702
|switch|p1a: Corviknight|Corviknight, M|73/100
|move|p2a: Kingambit|Sucker Punch||[still]
|-fail|p2a: Kingambit
|
|upkeep
|turn|28
|
|t:|1776035709
|move|p2a: Kingambit|Swords Dance|p2a: Kingambit
|-boost|p2a: Kingambit|atk|2
|move|p1a: Corviknight|U-turn|p2a: Kingambit
|-damage|p2a: Kingambit|24/100
|
|t:|1776035712
|switch|p1a: Meowscarada|Meowscarada, F|6/100|[from] U-turn
|
|upkeep
|turn|29
|
|t:|1776035716
|move|p2a: Kingambit|Sucker Punch|p1a: Meowscarada
|-resisted|p1a: Meowscarada
|-damage|p1a: Meowscarada|0 fnt
|faint|p1a: Meowscarada
|
|upkeep
|
|t:|1776035719
|switch|p1a: Corviknight|Corviknight, M|73/100
|turn|30
|
|t:|1776035723
|move|p2a: Kingambit|Low Kick|p1a: Corviknight
|-damage|p1a: Corviknight|16/100
|-damage|p2a: Kingambit|8/100|[from] item: Rocky Helmet|[of] p1a: Corviknight
|move|p1a: Corviknight|Roost|p1a: Corviknight
|-heal|p1a: Corviknight|66/100
|-singleturn|p1a: Corviknight|move: Roost
|
|upkeep
|turn|31
|
|t:|1776035728
|move|p2a: Kingambit|Low Kick|p1a: Corviknight
|-damage|p1a: Corviknight|6/100
|-damage|p2a: Kingambit|0 fnt|[from] item: Rocky Helmet|[of] p1a: Corviknight
|faint|p2a: Kingambit
|-end|p2a: Kingambit|fallen5|[silent]
|
|win|mynasty
|raw|mynasty's rating: 1207 &rarr; <strong>1231</strong><br />(+24 for winning)
|raw|KIngcrasher06's rating: 1190 &rarr; <strong>1166</strong><br />(-24 for losing)
|l|☆mynasty
|player|p1|
|l|‽KIngcrasher06
|player|p2|
