|html|<div class="broadcast-blue"><strong>[Gen 9] OU is currently suspecting Volcarona! For information on how to participate check out the <a href="https://www.smogon.com/tools/suspects/view/208">suspect thread</a>.</strong></div>
|j|☆soulsil
|j|☆deplatito
|t:|1778507919
|gametype|singles
|player|p1|soulsil|lucas-gen4pt|1362
|player|p2|deplatito|ingo|1295
|gen|9
|tier|[Gen 9] OU
|rated|
|rule|HP Percentage Mod: HP is shown in percentages
|rule|Endless Battle Clause: Forcing endless battles is banned
|rule|Species Clause: Limit one of each Pokémon
|rule|OHKO Clause: OHKO moves are banned
|rule|Evasion Items Clause: Evasion items are banned
|rule|Evasion Moves Clause: Evasion moves are banned
|rule|Evasion Abilities Clause: Evasion abilities are banned
|rule|Sleep Moves Clause: Sleep-inducing moves are banned
|clearpoke
|poke|p1|Deoxys-Speed|
|poke|p1|Garchomp, M|
|poke|p1|Arcanine, M|
|poke|p1|Suicune|
|poke|p1|Weavile, M|
|poke|p1|Great Tusk|
|poke|p2|Tornadus-Therian, M|
|poke|p2|Grimmsnarl, M|
|poke|p2|Zamazenta-*|
|poke|p2|Latias, F|
|poke|p2|Hatterene, F|
|poke|p2|Iron Moth|
|teampreview
|
|t:|1778507924
|teamsize|p1|6
|teamsize|p2|6
|start
|switch|p1a: Great Tusk|Great Tusk|100/100
|switch|p2a: Grimmsnarl|Grimmsnarl, M|100/100
|-enditem|p1a: Great Tusk|Booster Energy
|-activate|p1a: Great Tusk|ability: Protosynthesis|[fromitem]
|-start|p1a: Great Tusk|protosynthesisatk
|turn|1
|inactive|Battle timer is ON: inactive players will automatically lose when time's up. (requested by deplatito)
|
|t:|1778507934
|move|p2a: Grimmsnarl|Reflect|p2a: Grimmsnarl
|-sidestart|p2: deplatito|Reflect
|move|p1a: Great Tusk|Rapid Spin|p2a: Grimmsnarl
|-damage|p2a: Grimmsnarl|86/100
|-boost|p1a: Great Tusk|spe|1
|
|upkeep
|turn|2
|
|t:|1778507940
|move|p2a: Grimmsnarl|Light Screen|p2a: Grimmsnarl
|-sidestart|p2: deplatito|move: Light Screen
|move|p1a: Great Tusk|Headlong Rush|p2a: Grimmsnarl
|-damage|p2a: Grimmsnarl|33/100
|-unboost|p1a: Great Tusk|def|1
|-unboost|p1a: Great Tusk|spd|1
|
|upkeep
|turn|3
|
|t:|1778507947
|move|p1a: Great Tusk|Close Combat|p2a: Grimmsnarl
|-damage|p2a: Grimmsnarl|0 fnt
|-unboost|p1a: Great Tusk|def|1
|-unboost|p1a: Great Tusk|spd|1
|faint|p2a: Grimmsnarl
|
|upkeep
|
|t:|1778507952
|switch|p2a: Latias|Latias, F|100/100
|turn|4
|
|t:|1778507956
|-terastallize|p2a: Latias|Poison
|move|p1a: Great Tusk|Ice Spinner|p2a: Latias
|-damage|p2a: Latias|86/100
|move|p2a: Latias|Agility|p2a: Latias
|-boost|p2a: Latias|spe|2
|
|-heal|p2a: Latias|92/100|[from] item: Leftovers
|upkeep
|turn|5
|
|t:|1778507971
|move|p2a: Latias|Calm Mind|p2a: Latias
|-boost|p2a: Latias|spa|1
|-boost|p2a: Latias|spd|1
|move|p1a: Great Tusk|Ice Spinner|p2a: Latias
|-damage|p2a: Latias|78/100
|
|-heal|p2a: Latias|84/100|[from] item: Leftovers
|upkeep
|turn|6
|
|t:|1778507981
|-end|p1a: Great Tusk|Protosynthesis|[silent]
|switch|p1a: Arcanine|Arcanine, M|100/100
|-ability|p1a: Arcanine|Intimidate|boost
|-unboost|p2a: Latias|atk|1
|move|p2a: Latias|Calm Mind|p2a: Latias
|-boost|p2a: Latias|spa|1
|-boost|p2a: Latias|spd|1
|
|-heal|p2a: Latias|90/100|[from] item: Leftovers
|upkeep
|turn|7
|
|t:|1778507991
|move|p2a: Latias|Stored Power|p1a: Arcanine
|-damage|p1a: Arcanine|0 fnt
|faint|p1a: Arcanine
|
|-heal|p2a: Latias|96/100|[from] item: Leftovers
|upkeep
|
|t:|1778507999
|switch|p1a: Weavile|Weavile, M|100/100
|turn|8
|
|t:|1778508005
|move|p2a: Latias|Aura Sphere|p1a: Weavile
|-supereffective|p1a: Weavile
|-enditem|p1a: Weavile|Focus Sash
|-damage|p1a: Weavile|1/100
|move|p1a: Weavile|Knock Off|p2a: Latias
|-damage|p2a: Latias|77/100
|-enditem|p2a: Latias|Leftovers|[from] move: Knock Off|[of] p1a: Weavile
|
|-sideend|p2: deplatito|Reflect
|upkeep
|turn|9
|
|t:|1778508016
|move|p1a: Weavile|Ice Shard|p2a: Latias
|-damage|p2a: Latias|60/100
|move|p2a: Latias|Aura Sphere|p1a: Weavile
|-supereffective|p1a: Weavile
|-crit|p1a: Weavile
|-damage|p1a: Weavile|0 fnt
|faint|p1a: Weavile
|
|-sideend|p2: deplatito|move: Light Screen
|upkeep
|
|t:|1778508026
|switch|p1a: Deoxys|Deoxys-Speed|100/100
|-ability|p1a: Deoxys|Pressure
|turn|10
|
|t:|1778508030
|move|p2a: Latias|Stored Power|p1a: Deoxys
|-resisted|p1a: Deoxys
|-damage|p1a: Deoxys|17/100
|move|p1a: Deoxys|Psycho Boost|p2a: Latias
|-supereffective|p2a: Latias
|-damage|p2a: Latias|18/100
|-unboost|p1a: Deoxys|spa|2
|
|upkeep
|turn|11
|
|t:|1778508039
|move|p2a: Latias|Stored Power|p1a: Deoxys
|-resisted|p1a: Deoxys
|-crit|p1a: Deoxys
|-damage|p1a: Deoxys|0 fnt
|faint|p1a: Deoxys
|
|upkeep
|
|t:|1778508044
|switch|p1a: Garchomp|Garchomp, M|100/100
|turn|12
|
|t:|1778508048
|move|p2a: Latias|Stored Power|p1a: Garchomp
|-damage|p1a: Garchomp|0 fnt
|faint|p1a: Garchomp
|
|upkeep
|-message|soulsil forfeited.
|
|win|deplatito
|raw|soulsil's rating: 1362 &rarr; <strong>1338</strong><br />(-24 for losing)
|raw|deplatito's rating: 1295 &rarr; <strong>1325</strong><br />(+30 for winning)
|l|☆soulsil
|player|p1|
|l|☆deplatito
|player|p2|
