|html|<div class="broadcast-blue"><strong>[Gen 9] OU is currently suspecting Volcarona! For information on how to participate check out the <a href="https://www.smogon.com/tools/suspects/view/208">suspect thread</a>.</strong></div>
|j|☆terotazo
|j|☆nothotpineapple
|t:|1778507442
|gametype|singles
|player|p1|terotazo|lucas|1457
|player|p2|nothotpineapple|101|1502
|gen|9
|tier|[Gen 9] OU
|rated|
|rule|HP Percentage Mod: HP is shown in percentages
|rule|Endless Battle Clause: Forcing endless battles is banned
|rule|Species Clause: Limit one of each Pokémon
|rule|OHKO Clause: OHKO moves are banned
|rule|Evasion Items Clause: Evasion items are banned
|rule|Evasion Moves Clause: Evasion moves are banned
|rule|Evasion Abilities Clause: Evasion abilities are banned
|rule|Sleep Moves Clause: Sleep-inducing moves are banned
|clearpoke
|poke|p1|Darkrai|
|poke|p1|Kyurem|
|poke|p1|Weezing-Galar, M|
|poke|p1|Great Tusk|
|poke|p1|Pecharunt|
|poke|p1|Tornadus-Therian, M|
|poke|p2|Ogerpon-Cornerstone, F|
|poke|p2|Landorus-Therian, M|
|poke|p2|Slowking-Galar, F|
|poke|p2|Great Tusk|
|poke|p2|Goodra-Hisui, F|
|poke|p2|Keldeo-Resolute|
|teampreview
|inactive|Battle timer is ON: inactive players will automatically lose when time's up. (requested by terotazo)
|
|t:|1778507459
|teamsize|p1|6
|teamsize|p2|6
|start
|switch|p1a: Tornadus|Tornadus-Therian, M|100/100
|switch|p2a: Landorus|Landorus-Therian, M|100/100
|-ability|p2a: Landorus|Intimidate|boost
|-unboost|p1a: Tornadus|atk|1
|turn|1
|
|t:|1778507466
|move|p2a: Landorus|Stone Edge|p1a: Tornadus
|-supereffective|p1a: Tornadus
|-crit|p1a: Tornadus
|-damage|p1a: Tornadus|0 fnt
|faint|p1a: Tornadus
|
|upkeep
|
|t:|1778507469
|switch|p1a: Kyurem|Kyurem|100/100
|-ability|p1a: Kyurem|Pressure
|turn|2
|
|t:|1778507476
|switch|p2a: Goodra|Goodra-Hisui, F|100/100
|move|p1a: Kyurem|Earth Power|p2a: Goodra
|-supereffective|p2a: Goodra
|-damage|p2a: Goodra|74/100
|
|upkeep
|turn|3
|
|t:|1778507484
|switch|p1a: Great Tusk|Great Tusk|100/100
|move|p2a: Goodra|Flash Cannon|p1a: Great Tusk
|-damage|p1a: Great Tusk|75/100
|
|upkeep
|turn|4
|
|t:|1778507499
|switch|p2a: Keldeo|Keldeo-Resolute|100/100
|move|p1a: Great Tusk|Ice Spinner|p2a: Keldeo
|-resisted|p2a: Keldeo
|-damage|p2a: Keldeo|87/100
|
|upkeep
|turn|5
|
|t:|1778507520
|-end|p1a: Great Tusk|Protosynthesis|[silent]
|switch|p1a: Weezing|Weezing-Galar, M|100/100
|-ability|p1a: Weezing|Neutralizing Gas
|move|p2a: Keldeo|Surf|p1a: Weezing
|-damage|p1a: Weezing|8/100
|
|upkeep
|turn|6
|
|t:|1778507526
|move|p2a: Keldeo|Surf|p1a: Weezing
|-damage|p1a: Weezing|0 fnt
|faint|p1a: Weezing
|-end|p1a: Weezing|ability: Neutralizing Gas
|
|upkeep
|
|t:|1778507528
|switch|p1a: Kyurem|Kyurem|100/100
|-ability|p1a: Kyurem|Pressure
|turn|7
|
|t:|1778507547
|switch|p2a: Goodra|Goodra-Hisui, F|74/100
|move|p1a: Kyurem|Freeze-Dry|p2a: Goodra
|-damage|p2a: Goodra|57/100
|
|upkeep
|turn|8
|
|t:|1778507554
|switch|p1a: Great Tusk|Great Tusk|75/100
|move|p2a: Goodra|Ice Beam|p1a: Great Tusk
|-supereffective|p1a: Great Tusk
|-damage|p1a: Great Tusk|36/100
|
|upkeep
|turn|9
|
|t:|1778507561
|switch|p2a: Great Tusk|Great Tusk|100/100
|move|p1a: Great Tusk|Close Combat|p2a: Great Tusk
|-damage|p2a: Great Tusk|64/100
|-unboost|p1a: Great Tusk|def|1
|-unboost|p1a: Great Tusk|spd|1
|
|upkeep
|turn|10
|
|t:|1778507570
|-end|p1a: Great Tusk|Protosynthesis|[silent]
|switch|p1a: Kyurem|Kyurem|100/100
|-ability|p1a: Kyurem|Pressure
|move|p2a: Great Tusk|Stealth Rock|p1a: Kyurem
|-sidestart|p1: terotazo|move: Stealth Rock
|
|upkeep
|turn|11
|
|t:|1778507577
|-end|p2a: Great Tusk|Protosynthesis|[silent]
|switch|p2a: Goodra|Goodra-Hisui, F|57/100
|move|p1a: Kyurem|Ice Beam|p2a: Goodra
|-damage|p2a: Goodra|37/100
|
|upkeep
|turn|12
|
|t:|1778507587
|move|p1a: Kyurem|Ice Beam|p2a: Goodra
|-damage|p2a: Goodra|17/100
|move|p2a: Goodra|Draco Meteor|p1a: Kyurem|[miss]
|-miss|p2a: Goodra|p1a: Kyurem
|
|upkeep
|turn|13
|
|t:|1778507599
|move|p1a: Kyurem|Ice Beam|p2a: Goodra
|-damage|p2a: Goodra|0 fnt
|faint|p2a: Goodra
|
|upkeep
|
|t:|1778507604
|switch|p2a: Ogerpon|Ogerpon-Cornerstone, F|100/100
|turn|14
|
|t:|1778507612
|switch|p1a: Pecharunt|Pecharunt|100/100
|move|p2a: Ogerpon|Ivy Cudgel|p1a: Pecharunt|[anim] Ivy Cudgel Rock
|-damage|p1a: Pecharunt|71/100
|
|upkeep
|turn|15
|
|t:|1778507641
|move|p2a: Ogerpon|Knock Off|p1a: Pecharunt
|-supereffective|p1a: Pecharunt
|-damage|p1a: Pecharunt|38/100
|-enditem|p1a: Pecharunt|Heavy-Duty Boots|[from] move: Knock Off|[of] p2a: Ogerpon
|move|p1a: Pecharunt|Parting Shot|p2a: Ogerpon
|-unboost|p2a: Ogerpon|atk|1
|-unboost|p2a: Ogerpon|spa|1
|
|t:|1778507647
|switch|p1a: Darkrai|Darkrai|100/100|[from] Parting Shot
|
|upkeep
|turn|16
|
|t:|1778507663
|move|p1a: Darkrai|Will-O-Wisp|p2a: Ogerpon|[miss]
|-miss|p1a: Darkrai|p2a: Ogerpon
|move|p2a: Ogerpon|Power Whip|p1a: Darkrai
|-damage|p1a: Darkrai|37/100
|
|upkeep
|turn|17
|inactive|nothotpineapple has 120 seconds left.
|l|☆nothotpineapple
|inactive|nothotpineapple disconnected and has a minute to reconnect!
|player|p2|
|inactive|nothotpineapple has 30 seconds to reconnect!
|j|☆nothotpineapple
|inactive|nothotpineapple reconnected and has 75 seconds left.
|player|p2|nothotpineapple|101|
|
|t:|1778507730
|move|p1a: Darkrai|Will-O-Wisp|p2a: Ogerpon
|-status|p2a: Ogerpon|brn
|move|p2a: Ogerpon|Power Whip|p1a: Darkrai
|-damage|p1a: Darkrai|7/100
|
|-damage|p2a: Ogerpon|95/100 brn|[from] brn
|upkeep
|turn|18
|
|t:|1778507740
|switch|p1a: Pecharunt|Pecharunt|38/100
|-damage|p1a: Pecharunt|26/100|[from] Stealth Rock
|move|p2a: Ogerpon|Low Kick|p1a: Pecharunt
|-immune|p1a: Pecharunt
|
|-damage|p2a: Ogerpon|89/100 brn|[from] brn
|upkeep
|turn|19
|
|t:|1778507750
|switch|p2a: Keldeo|Keldeo-Resolute|87/100
|move|p1a: Pecharunt|Recover|p1a: Pecharunt
|-heal|p1a: Pecharunt|76/100
|
|upkeep
|turn|20
|
|t:|1778507758
|switch|p1a: Kyurem|Kyurem|100/100
|-damage|p1a: Kyurem|76/100|[from] Stealth Rock
|-ability|p1a: Kyurem|Pressure
|-terastallize|p2a: Keldeo|Water
|move|p2a: Keldeo|Surf|p1a: Kyurem
|-resisted|p1a: Kyurem
|-damage|p1a: Kyurem|33/100
|
|upkeep
|turn|21
|
|t:|1778507762
|move|p1a: Kyurem|Freeze-Dry|p2a: Keldeo
|-supereffective|p2a: Keldeo
|-damage|p2a: Keldeo|0 fnt
|faint|p2a: Keldeo
|
|upkeep
|
|t:|1778507768
|switch|p2a: Landorus|Landorus-Therian, M|100/100
|-ability|p2a: Landorus|Intimidate|boost
|-unboost|p1a: Kyurem|atk|1
|turn|22
|
|t:|1778507773
|switch|p2a: Slowking|Slowking-Galar, F|100/100
|move|p1a: Kyurem|Freeze-Dry|p2a: Slowking
|-damage|p2a: Slowking|78/100
|
|upkeep
|turn|23
|
|t:|1778507784
|switch|p1a: Pecharunt|Pecharunt|76/100
|-damage|p1a: Pecharunt|63/100|[from] Stealth Rock
|move|p2a: Slowking|Future Sight|p1a: Pecharunt
|-start|p2a: Slowking|move: Future Sight
|
|upkeep
|turn|24
|
|t:|1778507795
|move|p1a: Pecharunt|Recover|p1a: Pecharunt
|-heal|p1a: Pecharunt|100/100
|-prepare|p2a: Slowking|Chilly Reception|[premajor]
|move|p2a: Slowking|Chilly Reception|p2a: Slowking
|-weather|Snowscape
|
|t:|1778507798
|switch|p2a: Great Tusk|Great Tusk|64/100|[from] Chilly Reception
|
|-weather|Snowscape|[upkeep]
|upkeep
|turn|25
|
|t:|1778507808
|-terastallize|p1a: Pecharunt|Fairy
|move|p2a: Great Tusk|Headlong Rush|p1a: Pecharunt
|-damage|p1a: Pecharunt|72/100
|-unboost|p2a: Great Tusk|def|1
|-unboost|p2a: Great Tusk|spd|1
|move|p1a: Pecharunt|Malignant Chain|p2a: Great Tusk
|-resisted|p2a: Great Tusk
|-damage|p2a: Great Tusk|28/100
|
|-weather|Snowscape|[upkeep]
|-end|p1a: Pecharunt|move: Future Sight
|-damage|p1a: Pecharunt|27/100
|upkeep
|turn|26
|
|t:|1778507835
|switch|p1a: Darkrai|Darkrai|7/100
|move|p2a: Great Tusk|Headlong Rush|p1a: Darkrai
|-damage|p1a: Darkrai|0 fnt
|-unboost|p2a: Great Tusk|def|1
|-unboost|p2a: Great Tusk|spd|1
|faint|p1a: Darkrai
|
|-weather|Snowscape|[upkeep]
|upkeep
|
|t:|1778507838
|switch|p1a: Kyurem|Kyurem|33/100
|-damage|p1a: Kyurem|8/100|[from] Stealth Rock
|-ability|p1a: Kyurem|Pressure
|turn|27
|
|t:|1778507843
|-end|p2a: Great Tusk|Protosynthesis|[silent]
|switch|p2a: Slowking|Slowking-Galar, F|100/100
|move|p1a: Kyurem|Ice Beam|p2a: Slowking
|-damage|p2a: Slowking|74/100
|
|-weather|Snowscape|[upkeep]
|upkeep
|turn|28
|
|t:|1778507848
|move|p1a: Kyurem|Ice Beam|p2a: Slowking
|-damage|p2a: Slowking|47/100
|move|p2a: Slowking|Sludge Bomb|p1a: Kyurem
|-damage|p1a: Kyurem|0 fnt
|faint|p1a: Kyurem
|
|-weather|none
|upkeep
|
|t:|1778507853
|switch|p1a: Pecharunt|Pecharunt, tera:Fairy|27/100
|-damage|p1a: Pecharunt|14/100|[from] Stealth Rock
|turn|29
|
|t:|1778507857
|move|p1a: Pecharunt|Recover|p1a: Pecharunt
|-heal|p1a: Pecharunt|65/100
|move|p2a: Slowking|Sludge Bomb|p1a: Pecharunt
|-supereffective|p1a: Pecharunt
|-damage|p1a: Pecharunt|1/100
|
|upkeep
|turn|30
|
|t:|1778507863
|move|p1a: Pecharunt|Recover|p1a: Pecharunt
|-heal|p1a: Pecharunt|51/100
|move|p2a: Slowking|Sludge Bomb|p1a: Pecharunt
|-supereffective|p1a: Pecharunt
|-damage|p1a: Pecharunt|0 fnt
|faint|p1a: Pecharunt
|
|upkeep
|
|t:|1778507866
|switch|p1a: Great Tusk|Great Tusk|36/100
|-damage|p1a: Great Tusk|33/100|[from] Stealth Rock
|turn|31
|
|t:|1778507870
|move|p1a: Great Tusk|Rapid Spin|p2a: Slowking
|-damage|p2a: Slowking|32/100
|-boost|p1a: Great Tusk|spe|1
|-sideend|p1: terotazo|Stealth Rock|[from] move: Rapid Spin|[of] p1a: Great Tusk
|-prepare|p2a: Slowking|Chilly Reception|[premajor]
|move|p2a: Slowking|Chilly Reception|p2a: Slowking
|-weather|Snowscape
|
|t:|1778507872
|switch|p2a: Landorus|Landorus-Therian, M|100/100|[from] Chilly Reception
|-ability|p2a: Landorus|Intimidate|boost
|-unboost|p1a: Great Tusk|atk|1
|
|-weather|Snowscape|[upkeep]
|upkeep
|turn|32
|
|t:|1778507875
|move|p2a: Landorus|Weather Ball|p1a: Great Tusk
|-supereffective|p1a: Great Tusk
|-damage|p1a: Great Tusk|6/100
|move|p1a: Great Tusk|Ice Spinner|p2a: Landorus
|-supereffective|p2a: Landorus
|-damage|p2a: Landorus|25/100
|
|-weather|Snowscape|[upkeep]
|upkeep
|turn|33
|-message|terotazo forfeited.
|
|win|nothotpineapple
|raw|terotazo's rating: 1457 &rarr; <strong>1440</strong><br />(-17 for losing)
|raw|nothotpineapple's rating: 1502 &rarr; <strong>1519</strong><br />(+17 for winning)
|l|☆terotazo
|player|p1|
|l|☆nothotpineapple
|player|p2|
