|html|<div class="broadcast-blue"><strong>[Gen 9] OU is currently suspecting Tera Blast! For information on how to participate check out the <a href="https://www.smogon.com/tools/suspects/view/200">suspect thread</a>.</strong></div>
|j|☆Chris789001
|j|☆fernasblast
|t:|1776076413
|gametype|singles
|player|p1|Chris789001|266|1210
|player|p2|fernasblast|cynthia|1175
|gen|9
|tier|[Gen 9] OU
|rated|
|rule|HP Percentage Mod: HP is shown in percentages
|rule|Endless Battle Clause: Forcing endless battles is banned
|rule|Species Clause: Limit one of each Pokémon
|rule|OHKO Clause: OHKO moves are banned
|rule|Evasion Items Clause: Evasion items are banned
|rule|Evasion Moves Clause: Evasion moves are banned
|rule|Evasion Abilities Clause: Evasion abilities are banned
|rule|Sleep Moves Clause: Sleep-inducing moves are banned
|clearpoke
|poke|p1|Cloyster, F|
|poke|p1|Hydreigon, F|
|poke|p1|Froslass, F|
|poke|p1|Lurantis, M|
|poke|p1|Manaphy|
|poke|p1|Blaziken, M|
|poke|p2|Torkoal, M|
|poke|p2|Venusaur, M|
|poke|p2|Hydreigon, M|
|poke|p2|Chandelure, M|
|poke|p2|Samurott-Hisui, M|
|poke|p2|Dragonite, M|
|teampreview
|
|t:|1776076441
|teamsize|p1|6
|teamsize|p2|6
|start
|switch|p1a: Blaziken|Blaziken, M|100/100
|switch|p2a: Chandelure|Chandelure, M, shiny|100/100
|turn|1
|
|t:|1776076451
|switch|p1a: Hydreigon|Hydreigon, F|100/100
|move|p2a: Chandelure|Shadow Ball|p1a: Hydreigon
|-resisted|p1a: Hydreigon
|-damage|p1a: Hydreigon|76/100
|-unboost|p1a: Hydreigon|spd|1
|
|upkeep
|turn|2
|
|t:|1776076464
|switch|p2a: Samurott|Samurott-Hisui, M, shiny|100/100
|move|p1a: Hydreigon|Dragon Dance|p1a: Hydreigon
|-boost|p1a: Hydreigon|atk|1
|-boost|p1a: Hydreigon|spe|1
|
|upkeep
|turn|3
|
|t:|1776076473
|move|p2a: Samurott|Ceaseless Edge|p1a: Hydreigon
|-resisted|p1a: Hydreigon
|-crit|p1a: Hydreigon
|-damage|p1a: Hydreigon|39/100
|-sidestart|p1: Chris789001|Spikes
|move|p1a: Hydreigon|Dragon Tail|p2a: Samurott
|-damage|p2a: Samurott|47/100
|drag|p2a: Chandelure|Chandelure, M, shiny|100/100
|
|upkeep
|turn|4
|
|t:|1776076493
|move|p1a: Hydreigon|Earthquake|p2a: Chandelure
|-supereffective|p2a: Chandelure
|-crit|p2a: Chandelure
|-damage|p2a: Chandelure|0 fnt
|faint|p2a: Chandelure
|
|upkeep
|
|t:|1776076499
|switch|p2a: Dragonite|Dragonite, M, shiny|100/100
|turn|5
|
|t:|1776076506
|move|p2a: Dragonite|Dragon Claw|p1a: Hydreigon
|-supereffective|p1a: Hydreigon
|-damage|p1a: Hydreigon|0 fnt
|faint|p1a: Hydreigon
|
|upkeep
|
|t:|1776076516
|switch|p1a: Cloyster|Cloyster, F|100/100
|-damage|p1a: Cloyster|88/100|[from] Spikes
|turn|6
|
|t:|1776076522
|move|p1a: Cloyster|Shell Smash|p1a: Cloyster
|-unboost|p1a: Cloyster|def|1
|-unboost|p1a: Cloyster|spd|1
|-boost|p1a: Cloyster|atk|2
|-boost|p1a: Cloyster|spa|2
|-boost|p1a: Cloyster|spe|2
|move|p2a: Dragonite|Dragon Claw|p1a: Cloyster
|-damage|p1a: Cloyster|30/100
|
|upkeep
|turn|7
|
|t:|1776076532
|-terastallize|p1a: Cloyster|Ghost
|move|p2a: Dragonite|Extreme Speed|p1a: Cloyster
|-immune|p1a: Cloyster
|move|p1a: Cloyster|Icicle Spear|p2a: Dragonite
|-supereffective|p2a: Dragonite
|-damage|p2a: Dragonite|57/100
|-enditem|p2a: Dragonite|Weakness Policy
|-boost|p2a: Dragonite|atk|2|[from] item: Weakness Policy
|-boost|p2a: Dragonite|spa|2|[from] item: Weakness Policy
|-supereffective|p2a: Dragonite
|-damage|p2a: Dragonite|0 fnt
|faint|p2a: Dragonite
|-hitcount|p2: Dragonite|2
|
|upkeep
|
|t:|1776076535
|switch|p2a: Samurott|Samurott-Hisui, M, shiny|47/100
|turn|8
|
|t:|1776076545
|move|p2a: Samurott|Sucker Punch|p1a: Cloyster
|-supereffective|p1a: Cloyster
|-damage|p1a: Cloyster|0 fnt
|faint|p1a: Cloyster
|
|-heal|p2a: Samurott|53/100|[from] item: Leftovers
|upkeep
|
|t:|1776076557
|switch|p1a: Lurantis|Lurantis, M|100/100
|-damage|p1a: Lurantis|88/100|[from] Spikes
|turn|9
|
|t:|1776076568
|move|p2a: Samurott|Ceaseless Edge|p1a: Lurantis
|-damage|p1a: Lurantis|26/100
|-sidestart|p1: Chris789001|Spikes
|move|p1a: Lurantis|Superpower|p2a: Samurott
|-supereffective|p2a: Samurott
|-damage|p2a: Samurott|0 fnt
|-boost|p1a: Lurantis|atk|1
|-boost|p1a: Lurantis|def|1
|faint|p2a: Samurott
|
|upkeep
|
|t:|1776076574
|switch|p2a: Torkoal|Torkoal, M, shiny|100/100
|-weather|SunnyDay|[from] ability: Drought|[of] p2a: Torkoal
|turn|10
|
|t:|1776076580
|move|p1a: Lurantis|Knock Off|p2a: Torkoal
|-damage|p2a: Torkoal|75/100
|-enditem|p2a: Torkoal|Heavy-Duty Boots|[from] move: Knock Off|[of] p1a: Lurantis
|move|p2a: Torkoal|Lava Plume|p1a: Lurantis
|-supereffective|p1a: Lurantis
|-damage|p1a: Lurantis|0 fnt
|faint|p1a: Lurantis
|
|-weather|SunnyDay|[upkeep]
|upkeep
|
|t:|1776076605
|switch|p1a: Blaziken|Blaziken, M|100/100
|-damage|p1a: Blaziken|84/100|[from] Spikes
|turn|11
|
|t:|1776076610
|move|p1a: Blaziken|Bulk Up|p1a: Blaziken
|-boost|p1a: Blaziken|atk|1
|-boost|p1a: Blaziken|def|1
|move|p2a: Torkoal|Stealth Rock|p1a: Blaziken
|-sidestart|p1: Chris789001|move: Stealth Rock
|
|-weather|SunnyDay|[upkeep]
|-ability|p1a: Blaziken|Speed Boost|boost
|-boost|p1a: Blaziken|spe|1
|upkeep
|turn|12
|
|t:|1776076617
|move|p1a: Blaziken|Brick Break|p2a: Torkoal
|-damage|p2a: Torkoal|27/100
|-damage|p1a: Blaziken|74/100|[from] item: Life Orb
|move|p2a: Torkoal|Body Press|p1a: Blaziken
|-damage|p1a: Blaziken|40/100
|
|-weather|SunnyDay|[upkeep]
|-ability|p1a: Blaziken|Speed Boost|boost
|-boost|p1a: Blaziken|spe|1
|upkeep
|turn|13
|
|t:|1776076628
|move|p1a: Blaziken|Brick Break|p2a: Torkoal
|-damage|p2a: Torkoal|0 fnt
|faint|p2a: Torkoal
|-damage|p1a: Blaziken|30/100|[from] item: Life Orb
|
|-weather|SunnyDay|[upkeep]
|-ability|p1a: Blaziken|Speed Boost|boost
|-boost|p1a: Blaziken|spe|1
|upkeep
|
|t:|1776076632
|switch|p2a: Venusaur|Venusaur, M, shiny|100/100
|turn|14
|
|t:|1776076636
|-terastallize|p2a: Venusaur|Fire
|move|p2a: Venusaur|Earth Power|p1a: Blaziken
|-supereffective|p1a: Blaziken
|-damage|p1a: Blaziken|0 fnt
|faint|p1a: Blaziken
|
|-weather|none
|-damage|p2a: Venusaur|88/100|[from] item: Black Sludge
|upkeep
|
|t:|1776076660
|switch|p1a: Froslass|Froslass, F|100/100
|-damage|p1a: Froslass|84/100|[from] Spikes
|-damage|p1a: Froslass|59/100|[from] Stealth Rock
|turn|15
|
|t:|1776076665
|move|p1a: Froslass|Snowscape|p1a: Froslass
|-weather|Snowscape
|move|p2a: Venusaur|Giga Drain|p1a: Froslass
|-damage|p1a: Froslass|5/100
|-heal|p2a: Venusaur|100/100|[from] drain|[of] p1a: Froslass
|
|-weather|Snowscape|[upkeep]
|-damage|p2a: Venusaur|88/100|[from] item: Black Sludge
|upkeep
|turn|16
|
|t:|1776076672
|move|p1a: Froslass|Aurora Veil|p1a: Froslass
|-sidestart|p1: Chris789001|move: Aurora Veil
|move|p2a: Venusaur|Giga Drain|p1a: Froslass
|-damage|p1a: Froslass|0 fnt
|-heal|p2a: Venusaur|91/100|[from] drain|[of] p1a: Froslass
|-start|p2a: Venusaur|Disable|Giga Drain|[from] ability: Cursed Body|[of] p1a: Froslass
|faint|p1a: Froslass
|
|-weather|Snowscape|[upkeep]
|-damage|p2a: Venusaur|78/100|[from] item: Black Sludge
|upkeep
|
|t:|1776076681
|switch|p1a: Manaphy|Manaphy|100/100
|-damage|p1a: Manaphy|84/100|[from] Spikes
|-damage|p1a: Manaphy|72/100|[from] Stealth Rock
|turn|17
|
|t:|1776076688
|move|p2a: Venusaur|Sludge Bomb|p1a: Manaphy
|-damage|p1a: Manaphy|56/100
|move|p1a: Manaphy|Take Heart|p1a: Manaphy
|-boost|p1a: Manaphy|spa|1
|-boost|p1a: Manaphy|spd|1
|
|-weather|Snowscape|[upkeep]
|-damage|p2a: Venusaur|66/100|[from] item: Black Sludge
|-heal|p1a: Manaphy|62/100|[from] item: Leftovers
|upkeep
|turn|18
|
|t:|1776076707
|move|p2a: Venusaur|Sludge Bomb|p1a: Manaphy
|-damage|p1a: Manaphy|51/100
|move|p1a: Manaphy|Scald|p2a: Venusaur
|-supereffective|p2a: Venusaur
|-crit|p2a: Venusaur
|-damage|p2a: Venusaur|0 fnt
|faint|p2a: Venusaur
|
|-weather|Snowscape|[upkeep]
|-heal|p1a: Manaphy|57/100|[from] item: Leftovers
|upkeep
|
|t:|1776076714
|switch|p2a: Hydreigon|Hydreigon, M, shiny|100/100
|turn|19
|
|t:|1776076718
|move|p2a: Hydreigon|Draco Meteor|p1a: Manaphy
|-damage|p1a: Manaphy|33/100
|-unboost|p2a: Hydreigon|spa|2
|move|p1a: Manaphy|Alluring Voice|p2a: Hydreigon
|-supereffective|p2a: Hydreigon
|-damage|p2a: Hydreigon|0 fnt
|faint|p2a: Hydreigon
|
|win|Chris789001
|raw|Chris789001's rating: 1210 &rarr; <strong>1232</strong><br />(+22 for winning)
|raw|fernasblast's rating: 1175 &rarr; <strong>1153</strong><br />(-22 for losing)
|l|☆fernasblast
|player|p2|
|l|☆Chris789001
|player|p1|
