|html|<div class="broadcast-blue"><strong>[Gen 9] OU is currently suspecting Tera Blast! For information on how to participate check out the <a href="https://www.smogon.com/tools/suspects/view/200">suspect thread</a>.</strong></div>
|j|☆chrisnwobu
|j|☆excelio21
|t:|1776091899
|gametype|singles
|player|p1|chrisnwobu|2|1423
|player|p2|excelio21|riley|1381
|gen|9
|tier|[Gen 9] OU
|rated|
|rule|HP Percentage Mod: HP is shown in percentages
|rule|Endless Battle Clause: Forcing endless battles is banned
|rule|Species Clause: Limit one of each Pokémon
|rule|OHKO Clause: OHKO moves are banned
|rule|Evasion Items Clause: Evasion items are banned
|rule|Evasion Moves Clause: Evasion moves are banned
|rule|Evasion Abilities Clause: Evasion abilities are banned
|rule|Sleep Moves Clause: Sleep-inducing moves are banned
|clearpoke
|poke|p1|Torkoal, F|
|poke|p1|Great Tusk|
|poke|p1|Walking Wake|
|poke|p1|Venusaur, M|
|poke|p1|Ceruledge, M|
|poke|p1|Hatterene, F|
|poke|p2|Ogerpon-Wellspring, F|
|poke|p2|Pelipper, M|
|poke|p2|Klefki, F|
|poke|p2|Grimmsnarl, M|
|poke|p2|Walking Wake|
|poke|p2|Floatzel, F|
|teampreview
|inactive|Battle timer is ON: inactive players will automatically lose when time's up. (requested by excelio21)
|
|t:|1776091942
|teamsize|p1|6
|teamsize|p2|6
|start
|switch|p1a: Walking Wake|Walking Wake|100/100
|switch|p2a: Klefki|Klefki, F|100/100
|turn|1
|
|t:|1776091955
|move|p2a: Klefki|Thunder Wave|p1a: Walking Wake
|-status|p1a: Walking Wake|par
|move|p1a: Walking Wake|Flamethrower|p2a: Klefki
|-supereffective|p2a: Klefki
|-damage|p2a: Klefki|0 fnt
|faint|p2a: Klefki
|
|upkeep
|
|t:|1776091967
|switch|p2a: Pelipper|Pelipper, M|100/100
|-weather|RainDance|[from] ability: Drizzle|[of] p2a: Pelipper
|turn|2
|
|t:|1776091971
|-end|p1a: Walking Wake|Protosynthesis|[silent]
|switch|p1a: Torkoal|Torkoal, F|100/100
|-weather|SunnyDay|[from] ability: Drought|[of] p1a: Torkoal
|move|p2a: Pelipper|Knock Off|p1a: Torkoal
|-damage|p1a: Torkoal|90/100
|-enditem|p1a: Torkoal|Heat Rock|[from] move: Knock Off|[of] p2a: Pelipper
|
|-weather|SunnyDay|[upkeep]
|upkeep
|turn|3
|
|t:|1776091982
|switch|p2a: Walking Wake|Walking Wake|100/100
|-activate|p2a: Walking Wake|ability: Protosynthesis
|-start|p2a: Walking Wake|protosynthesisspa
|move|p1a: Torkoal|Stealth Rock|p2a: Walking Wake
|-sidestart|p2: excelio21|move: Stealth Rock
|
|-weather|SunnyDay|[upkeep]
|upkeep
|turn|4
|
|t:|1776092002
|switch|p1a: Venusaur|Venusaur, M|100/100
|move|p2a: Walking Wake|Flamethrower|p1a: Venusaur
|-supereffective|p1a: Venusaur
|-damage|p1a: Venusaur|0 fnt
|faint|p1a: Venusaur
|
|-weather|SunnyDay|[upkeep]
|upkeep
|inactive|chrisnwobu has 120 seconds left.
|
|t:|1776092026
|switch|p1a: Hatterene|Hatterene, F|100/100
|turn|5
|
|t:|1776092035
|-end|p2a: Walking Wake|Protosynthesis|[silent]
|switch|p2a: Pelipper|Pelipper, M|100/100
|-damage|p2a: Pelipper|76/100|[from] Stealth Rock
|-weather|RainDance|[from] ability: Drizzle|[of] p2a: Pelipper
|move|p1a: Hatterene|Nuzzle|p2a: Pelipper
|-supereffective|p2a: Pelipper
|-damage|p2a: Pelipper|61/100
|-status|p2a: Pelipper|par
|
|-weather|RainDance|[upkeep]
|upkeep
|turn|6
|inactive|chrisnwobu has 120 seconds left.
|
|t:|1776092059
|move|p1a: Hatterene|Psychic Noise|p2a: Pelipper
|-damage|p2a: Pelipper|14/100 par
|-start|p2a: Pelipper|move: Heal Block
|move|p2a: Pelipper|U-turn|p1a: Hatterene
|-damage|p1a: Hatterene|93/100
|-enditem|p1a: Hatterene|Eject Button
|inactive|chrisnwobu has 120 seconds left.
|
|t:|1776092068
|switch|p1a: Torkoal|Torkoal, F|90/100
|-weather|SunnyDay|[from] ability: Drought|[of] p1a: Torkoal
|
|-weather|SunnyDay|[upkeep]
|upkeep
|turn|7
|inactive|chrisnwobu has 120 seconds left.
|
|t:|1776092087
|switch|p1a: Ceruledge|Ceruledge, M|100/100
|move|p2a: Pelipper|Surf|p1a: Ceruledge
|-supereffective|p1a: Ceruledge
|-damage|p1a: Ceruledge|54/100
|
|-weather|SunnyDay|[upkeep]
|-end|p2a: Pelipper|move: Heal Block
|upkeep
|turn|8
|inactive|chrisnwobu has 120 seconds left.
|
|t:|1776092100
|switch|p2a: Walking Wake|Walking Wake|100/100
|-damage|p2a: Walking Wake|88/100|[from] Stealth Rock
|-activate|p2a: Walking Wake|ability: Protosynthesis
|-start|p2a: Walking Wake|protosynthesisspa
|move|p1a: Ceruledge|Bitter Blade|p2a: Walking Wake
|-resisted|p2a: Walking Wake
|-damage|p2a: Walking Wake|70/100
|-heal|p1a: Ceruledge|65/100|[from] drain|[of] p2a: Walking Wake
|
|-weather|SunnyDay|[upkeep]
|upkeep
|turn|9
|inactive|chrisnwobu has 120 seconds left.
|
|t:|1776092114
|switch|p1a: Walking Wake|Walking Wake|100/100 par
|-activate|p1a: Walking Wake|ability: Protosynthesis
|-start|p1a: Walking Wake|protosynthesisspe
|move|p2a: Walking Wake|Scald|p1a: Walking Wake
|-resisted|p1a: Walking Wake
|-damage|p1a: Walking Wake|90/100 par
|
|-weather|SunnyDay|[upkeep]
|upkeep
|turn|10
|inactive|chrisnwobu has 120 seconds left.
|
|t:|1776092132
|-end|p2a: Walking Wake|Protosynthesis|[silent]
|switch|p2a: Pelipper|Pelipper, M|14/100 par
|-damage|p2a: Pelipper|0 fnt|[from] Stealth Rock
|faint|p2a: Pelipper
|move|p1a: Walking Wake|Flamethrower|p2: Pelipper|[notarget]
|-fail|p1a: Walking Wake
|
|-weather|none
|-end|p1a: Walking Wake|Protosynthesis
|upkeep
|
|t:|1776092140
|switch|p2a: Grimmsnarl|Grimmsnarl, M|100/100
|-damage|p2a: Grimmsnarl|88/100|[from] Stealth Rock
|turn|11
|inactive|chrisnwobu has 120 seconds left.
|
|t:|1776092146
|-end|p1a: Walking Wake|Protosynthesis|[silent]
|switch|p1a: Torkoal|Torkoal, F|90/100
|-weather|SunnyDay|[from] ability: Drought|[of] p1a: Torkoal
|move|p2a: Grimmsnarl|Play Rough|p1a: Torkoal
|-resisted|p1a: Torkoal
|-damage|p1a: Torkoal|63/100
|
|-weather|SunnyDay|[upkeep]
|upkeep
|turn|12
|inactive|chrisnwobu has 120 seconds left.
|
|t:|1776092174
|switch|p2a: Walking Wake|Walking Wake|70/100
|-damage|p2a: Walking Wake|57/100|[from] Stealth Rock
|-activate|p2a: Walking Wake|ability: Protosynthesis
|-start|p2a: Walking Wake|protosynthesisspa
|switch|p1a: Hatterene|Hatterene, F|93/100
|
|-weather|SunnyDay|[upkeep]
|upkeep
|turn|13
|
|t:|1776092183
|move|p2a: Walking Wake|Flamethrower|p1a: Hatterene
|-damage|p1a: Hatterene|0 fnt
|faint|p1a: Hatterene
|
|-weather|SunnyDay|[upkeep]
|upkeep
|
|t:|1776092209
|switch|p1a: Ceruledge|Ceruledge, M|65/100
|turn|14
|
|t:|1776092226
|move|p2a: Walking Wake|Flamethrower|p1a: Ceruledge
|-resisted|p1a: Ceruledge
|-damage|p1a: Ceruledge|12/100
|move|p1a: Ceruledge|Close Combat|p2a: Walking Wake
|-damage|p2a: Walking Wake|9/100
|-unboost|p1a: Ceruledge|def|1
|-unboost|p1a: Ceruledge|spd|1
|
|-weather|SunnyDay|[upkeep]
|upkeep
|turn|15
|
|t:|1776092240
|move|p2a: Walking Wake|Flamethrower|p1a: Ceruledge
|-resisted|p1a: Ceruledge
|-damage|p1a: Ceruledge|0 fnt
|faint|p1a: Ceruledge
|
|-weather|none
|-end|p2a: Walking Wake|Protosynthesis
|upkeep
|
|t:|1776092256
|switch|p1a: Great Tusk|Great Tusk|100/100
|turn|16
|
|t:|1776092261
|move|p2a: Walking Wake|Flamethrower|p1a: Great Tusk
|-damage|p1a: Great Tusk|36/100
|move|p1a: Great Tusk|Rapid Spin|p2a: Walking Wake
|-damage|p2a: Walking Wake|0 fnt
|-boost|p1a: Great Tusk|spe|1
|faint|p2a: Walking Wake
|-end|p2a: Walking Wake|Protosynthesis|[silent]
|
|upkeep
|
|t:|1776092270
|switch|p2a: Ogerpon|Ogerpon-Wellspring, F|100/100
|-damage|p2a: Ogerpon|88/100|[from] Stealth Rock
|turn|17
|
|t:|1776092281
|move|p1a: Great Tusk|Close Combat|p2a: Ogerpon
|-damage|p2a: Ogerpon|3/100
|-unboost|p1a: Great Tusk|def|1
|-unboost|p1a: Great Tusk|spd|1
|move|p2a: Ogerpon|Horn Leech|p1a: Great Tusk
|-supereffective|p1a: Great Tusk
|-damage|p1a: Great Tusk|0 fnt
|-heal|p2a: Ogerpon|25/100|[from] drain|[of] p1a: Great Tusk
|faint|p1a: Great Tusk
|-end|p1a: Great Tusk|Protosynthesis|[silent]
|
|upkeep
|
|t:|1776092291
|switch|p1a: Torkoal|Torkoal, F|63/100
|-weather|SunnyDay|[from] ability: Drought|[of] p1a: Torkoal
|turn|18
|
|t:|1776092309
|move|p2a: Ogerpon|Ivy Cudgel|p1a: Torkoal|[anim] Ivy Cudgel Water
|-supereffective|p1a: Torkoal
|-damage|p1a: Torkoal|13/100
|move|p1a: Torkoal|Lava Plume|p2a: Ogerpon
|-damage|p2a: Ogerpon|0 fnt
|faint|p2a: Ogerpon
|
|-weather|SunnyDay|[upkeep]
|upkeep
|
|t:|1776092316
|switch|p2a: Floatzel|Floatzel, F|100/100
|-damage|p2a: Floatzel|88/100|[from] Stealth Rock
|turn|19
|
|t:|1776092325
|move|p2a: Floatzel|Wave Crash|p1a: Torkoal
|-supereffective|p1a: Torkoal
|-damage|p1a: Torkoal|0 fnt
|faint|p1a: Torkoal
|-damage|p2a: Floatzel|84/100|[from] Recoil
|-damage|p2a: Floatzel|74/100|[from] item: Life Orb
|
|-weather|SunnyDay|[upkeep]
|upkeep
|
|t:|1776092328
|switch|p1a: Walking Wake|Walking Wake|90/100 par
|-activate|p1a: Walking Wake|ability: Protosynthesis
|-start|p1a: Walking Wake|protosynthesisspe
|turn|20
|inactive|chrisnwobu has 120 seconds left.
|
|t:|1776092340
|move|p2a: Floatzel|Crunch|p1a: Walking Wake
|-damage|p1a: Walking Wake|49/100 par
|-damage|p2a: Floatzel|64/100|[from] item: Life Orb
|move|p1a: Walking Wake|Hydro Steam|p2a: Floatzel
|-resisted|p2a: Floatzel
|-damage|p2a: Floatzel|0 fnt
|faint|p2a: Floatzel
|
|-weather|SunnyDay|[upkeep]
|upkeep
|
|t:|1776092344
|switch|p2a: Grimmsnarl|Grimmsnarl, M|88/100
|-damage|p2a: Grimmsnarl|76/100|[from] Stealth Rock
|turn|21
|
|t:|1776092350
|-terastallize|p1a: Walking Wake|Water
|-terastallize|p2a: Grimmsnarl|Dark
|move|p2a: Grimmsnarl|Sucker Punch|p1a: Walking Wake
|-damage|p1a: Walking Wake|0 fnt
|faint|p1a: Walking Wake
|-end|p1a: Walking Wake|Protosynthesis|[silent]
|
|win|excelio21
|raw|chrisnwobu's rating: 1423 &rarr; <strong>1401</strong><br />(-22 for losing)
|raw|excelio21's rating: 1381 &rarr; <strong>1403</strong><br />(+22 for winning)
|l|☆excelio21
|player|p2|
