|html|<div class="broadcast-blue"><strong>[Gen 9] OU is currently suspecting Tera Blast! For information on how to participate check out the <a href="https://www.smogon.com/tools/suspects/view/200">suspect thread</a>.</strong></div>
|j|☆ikuri
|j|☆tracochan
|t:|1776048558
|gametype|singles
|player|p1|ikuri|ingo|1131
|player|p2|tracochan|170|1103
|gen|9
|tier|[Gen 9] OU
|rated|
|rule|HP Percentage Mod: HP is shown in percentages
|rule|Endless Battle Clause: Forcing endless battles is banned
|rule|Species Clause: Limit one of each Pokémon
|rule|OHKO Clause: OHKO moves are banned
|rule|Evasion Items Clause: Evasion items are banned
|rule|Evasion Moves Clause: Evasion moves are banned
|rule|Evasion Abilities Clause: Evasion abilities are banned
|rule|Sleep Moves Clause: Sleep-inducing moves are banned
|clearpoke
|poke|p1|Grimmsnarl, M|
|poke|p1|Tatsugiri-Droopy, M|
|poke|p1|Iron Hands|
|poke|p1|Skeledirge, F|
|poke|p1|Rillaboom, F|
|poke|p1|Overqwil, F|
|poke|p2|Garchomp, M|
|poke|p2|Corviknight, F|
|poke|p2|Raging Bolt|
|poke|p2|Great Tusk|
|poke|p2|Ogerpon-Wellspring, F|
|poke|p2|Slowking-Galar, M|
|teampreview
|
|t:|1776048586
|teamsize|p1|6
|teamsize|p2|6
|start
|switch|p1a: Grimmsnarl|Grimmsnarl, M|100/100
|switch|p2a: Great Tusk|Great Tusk|100/100
|turn|1
|
|t:|1776048593
|move|p1a: Grimmsnarl|Reflect|p1a: Grimmsnarl
|-sidestart|p1: ikuri|Reflect
|move|p2a: Great Tusk|Stealth Rock|p1a: Grimmsnarl
|-sidestart|p1: ikuri|move: Stealth Rock
|
|upkeep
|turn|2
|
|t:|1776048601
|move|p1a: Grimmsnarl|Parting Shot|p2a: Great Tusk
|-unboost|p2a: Great Tusk|atk|1
|-unboost|p2a: Great Tusk|spa|1
|
|t:|1776048611
|switch|p1a: Rillaboom|Rillaboom, F|100/100|[from] Parting Shot
|-damage|p1a: Rillaboom|88/100|[from] Stealth Rock
|-fieldstart|move: Grassy Terrain|[from] ability: Grassy Surge|[of] p1a: Rillaboom
|move|p2a: Great Tusk|Rapid Spin|p1a: Rillaboom
|-damage|p1a: Rillaboom|83/100
|-boost|p2a: Great Tusk|spe|1
|
|-heal|p1a: Rillaboom|89/100|[from] Grassy Terrain
|upkeep
|turn|3
|
|t:|1776048628
|-end|p2a: Great Tusk|Protosynthesis|[silent]
|switch|p2a: Corviknight|Corviknight, F|100/100
|-ability|p2a: Corviknight|Pressure
|move|p1a: Rillaboom|Grassy Glide|p2a: Corviknight
|-resisted|p2a: Corviknight
|-damage|p2a: Corviknight|95/100
|
|-heal|p1a: Rillaboom|95/100|[from] Grassy Terrain
|-heal|p2a: Corviknight|100/100|[from] item: Leftovers
|upkeep
|turn|4
|
|t:|1776048638
|move|p1a: Rillaboom|U-turn|p2a: Corviknight
|-resisted|p2a: Corviknight
|-damage|p2a: Corviknight|96/100
|
|t:|1776048641
|switch|p1a: Skeledirge|Skeledirge, F|100/100|[from] U-turn
|move|p2a: Corviknight|Defog|p1a: Skeledirge
|-unboost|p1a: Skeledirge|evasion|1
|-sideend|p1: ikuri|Reflect
|-sideend|p1: ikuri|Stealth Rock|[from] move: Defog|[of] p2a: Corviknight
|-fieldend|move: Grassy Terrain
|
|-heal|p2a: Corviknight|100/100|[from] item: Leftovers
|upkeep
|turn|5
|
|t:|1776048650
|move|p2a: Corviknight|U-turn|p1a: Skeledirge
|-resisted|p1a: Skeledirge
|-damage|p1a: Skeledirge|98/100
|
|t:|1776048654
|switch|p2a: Ogerpon|Ogerpon-Wellspring, F|100/100|[from] U-turn
|move|p1a: Skeledirge|Will-O-Wisp|p2a: Ogerpon|[miss]
|-miss|p1a: Skeledirge|p2a: Ogerpon
|
|upkeep
|turn|6
|
|t:|1776048661
|switch|p1a: Overqwil|Overqwil, F|100/100
|-ability|p1a: Overqwil|Intimidate|boost
|-unboost|p2a: Ogerpon|atk|1
|-terastallize|p2a: Ogerpon|Water
|detailschange|p2a: Ogerpon|Ogerpon-Wellspring-Tera, F, tera:Water
|-ability|p2a: Ogerpon|Embody Aspect (Wellspring)|boost
|-boost|p2a: Ogerpon|spd|1
|move|p2a: Ogerpon|Ivy Cudgel|p1a: Overqwil|[anim] Ivy Cudgel Water
|-damage|p1a: Overqwil|58/100
|
|-heal|p1a: Overqwil|64/100|[from] item: Leftovers
|upkeep
|turn|7
|
|t:|1776048679
|switch|p1a: Rillaboom|Rillaboom, F|95/100
|-fieldstart|move: Grassy Terrain|[from] ability: Grassy Surge|[of] p1a: Rillaboom
|move|p2a: Ogerpon|Ivy Cudgel|p1a: Rillaboom|[anim] Ivy Cudgel Water
|-resisted|p1a: Rillaboom
|-damage|p1a: Rillaboom|69/100
|
|-heal|p1a: Rillaboom|75/100|[from] Grassy Terrain
|upkeep
|turn|8
|
|t:|1776048699
|switch|p2a: Corviknight|Corviknight, F|100/100
|-ability|p2a: Corviknight|Pressure
|move|p1a: Rillaboom|U-turn|p2a: Corviknight
|-resisted|p2a: Corviknight
|-damage|p2a: Corviknight|97/100
|
|t:|1776048704
|switch|p1a: Skeledirge|Skeledirge, F|98/100|[from] U-turn
|
|-heal|p2a: Corviknight|100/100|[from] item: Leftovers
|-heal|p1a: Skeledirge|100/100|[from] Grassy Terrain
|upkeep
|turn|9
|
|t:|1776048711
|move|p2a: Corviknight|U-turn|p1a: Skeledirge
|-resisted|p1a: Skeledirge
|-damage|p1a: Skeledirge|97/100
|
|t:|1776048715
|switch|p2a: Ogerpon|Ogerpon-Wellspring-Tera, F, tera:Water|100/100|[from] U-turn
|-ability|p2a: Ogerpon|Embody Aspect (Wellspring)|boost
|-boost|p2a: Ogerpon|spd|1
|move|p1a: Skeledirge|Will-O-Wisp|p2a: Ogerpon
|-status|p2a: Ogerpon|brn
|
|-heal|p1a: Skeledirge|100/100|[from] Grassy Terrain
|-damage|p2a: Ogerpon|95/100 brn|[from] brn
|upkeep
|turn|10
|
|t:|1776048734
|switch|p1a: Overqwil|Overqwil, F|64/100
|-ability|p1a: Overqwil|Intimidate|boost
|-unboost|p2a: Ogerpon|atk|1
|move|p2a: Ogerpon|Ivy Cudgel|p1a: Overqwil|[anim] Ivy Cudgel Water
|-damage|p1a: Overqwil|42/100
|
|-heal|p2a: Ogerpon|100/100 brn|[from] Grassy Terrain
|-heal|p1a: Overqwil|49/100|[from] Grassy Terrain
|-heal|p1a: Overqwil|55/100|[from] item: Leftovers
|-damage|p2a: Ogerpon|95/100 brn|[from] brn
|upkeep
|turn|11
|
|t:|1776048753
|switch|p2a: Great Tusk|Great Tusk|100/100
|move|p1a: Overqwil|Spikes|p2a: Great Tusk
|-sidestart|p2: tracochan|Spikes
|
|-heal|p1a: Overqwil|61/100|[from] Grassy Terrain
|-heal|p1a: Overqwil|67/100|[from] item: Leftovers
|upkeep
|turn|12
|
|t:|1776048761
|move|p2a: Great Tusk|Rapid Spin|p1a: Overqwil
|-damage|p1a: Overqwil|53/100
|-boost|p2a: Great Tusk|spe|1
|-sideend|p2: tracochan|Spikes|[from] move: Rapid Spin|[of] p2a: Great Tusk
|move|p1a: Overqwil|Barb Barrage|p2a: Great Tusk
|-resisted|p2a: Great Tusk
|-damage|p2a: Great Tusk|92/100
|
|-heal|p2a: Great Tusk|98/100|[from] Grassy Terrain
|-heal|p1a: Overqwil|59/100|[from] Grassy Terrain
|-heal|p1a: Overqwil|65/100|[from] item: Leftovers
|upkeep
|turn|13
|
|t:|1776048772
|switch|p1a: Rillaboom|Rillaboom, F|75/100
|move|p2a: Great Tusk|Stealth Rock|p1a: Rillaboom
|-sidestart|p1: ikuri|move: Stealth Rock
|
|-heal|p2a: Great Tusk|100/100|[from] Grassy Terrain
|-heal|p1a: Rillaboom|82/100|[from] Grassy Terrain
|upkeep
|turn|14
|
|t:|1776048781
|move|p2a: Great Tusk|Close Combat|p1a: Rillaboom
|-damage|p1a: Rillaboom|19/100
|-unboost|p2a: Great Tusk|def|1
|-unboost|p2a: Great Tusk|spd|1
|move|p1a: Rillaboom|U-turn|p2a: Great Tusk
|-resisted|p2a: Great Tusk
|-damage|p2a: Great Tusk|86/100
|
|t:|1776048786
|switch|p1a: Grimmsnarl|Grimmsnarl, M|100/100|[from] U-turn
|-damage|p1a: Grimmsnarl|88/100|[from] Stealth Rock
|
|-heal|p2a: Great Tusk|93/100|[from] Grassy Terrain
|-heal|p1a: Grimmsnarl|94/100|[from] Grassy Terrain
|-fieldend|move: Grassy Terrain
|upkeep
|turn|15
|
|t:|1776048804
|-end|p2a: Great Tusk|Protosynthesis|[silent]
|switch|p2a: Slowking|Slowking-Galar, M|100/100
|move|p1a: Grimmsnarl|Parting Shot|p2a: Slowking
|-unboost|p2a: Slowking|atk|1
|-unboost|p2a: Slowking|spa|1
|
|t:|1776048808
|switch|p1a: Overqwil|Overqwil, F|65/100|[from] Parting Shot
|-damage|p1a: Overqwil|53/100|[from] Stealth Rock
|-ability|p1a: Overqwil|Intimidate|boost
|-unboost|p2a: Slowking|atk|1
|
|-heal|p1a: Overqwil|59/100|[from] item: Leftovers
|upkeep
|turn|16
|
|t:|1776048819
|move|p1a: Overqwil|Taunt|p2a: Slowking
|-start|p2a: Slowking|move: Taunt
|move|p2a: Slowking|Future Sight|p1a: Overqwil
|-start|p2a: Slowking|move: Future Sight
|
|-heal|p1a: Overqwil|65/100|[from] item: Leftovers
|upkeep
|turn|17
|
|t:|1776048829
|move|p1a: Overqwil|Barb Barrage|p2a: Slowking
|-resisted|p2a: Slowking
|-damage|p2a: Slowking|88/100
|move|p2a: Slowking|Sludge Bomb|p1a: Overqwil
|-resisted|p1a: Overqwil
|-damage|p1a: Overqwil|43/100
|
|-heal|p1a: Overqwil|49/100|[from] item: Leftovers
|upkeep
|turn|18
|
|t:|1776048839
|move|p1a: Overqwil|Throat Chop|p2a: Slowking
|-supereffective|p2a: Slowking
|-damage|p2a: Slowking|26/100
|-start|p2a: Slowking|Throat Chop|[silent]
|move|p2a: Slowking|Sludge Bomb|p1a: Overqwil
|-resisted|p1a: Overqwil
|-damage|p1a: Overqwil|28/100
|
|-end|p1a: Overqwil|move: Future Sight
|-immune|p1a: Overqwil
|-heal|p1a: Overqwil|34/100|[from] item: Leftovers
|-end|p2a: Slowking|move: Taunt
|upkeep
|turn|19
|
|t:|1776048851
|move|p1a: Overqwil|Barb Barrage|p2a: Slowking
|-resisted|p2a: Slowking
|-damage|p2a: Slowking|14/100
|-prepare|p2a: Slowking|Chilly Reception|[premajor]
|move|p2a: Slowking|Chilly Reception|p2a: Slowking
|-weather|Snowscape
|
|t:|1776048860
|switch|p2a: Corviknight|Corviknight, F|100/100|[from] Chilly Reception
|-ability|p2a: Corviknight|Pressure
|
|-weather|Snowscape|[upkeep]
|-heal|p1a: Overqwil|41/100|[from] item: Leftovers
|upkeep
|turn|20
|
|t:|1776048869
|switch|p1a: Skeledirge|Skeledirge, F|100/100
|move|p2a: Corviknight|Defog|p1a: Skeledirge
|-unboost|p1a: Skeledirge|evasion|1
|-sideend|p1: ikuri|Stealth Rock|[from] move: Defog|[of] p2a: Corviknight
|
|-weather|Snowscape|[upkeep]
|upkeep
|turn|21
|
|t:|1776048878
|move|p2a: Corviknight|U-turn|p1a: Skeledirge
|-resisted|p1a: Skeledirge
|-damage|p1a: Skeledirge|98/100
|
|t:|1776048881
|switch|p2a: Ogerpon|Ogerpon-Wellspring-Tera, F, tera:Water|95/100 brn|[from] U-turn
|-ability|p2a: Ogerpon|Embody Aspect (Wellspring)|boost
|-boost|p2a: Ogerpon|spd|1
|move|p1a: Skeledirge|Torch Song|p2a: Ogerpon
|-resisted|p2a: Ogerpon
|-damage|p2a: Ogerpon|76/100 brn
|-boost|p1a: Skeledirge|spa|1
|
|-weather|Snowscape|[upkeep]
|-damage|p2a: Ogerpon|70/100 brn|[from] brn
|upkeep
|turn|22
|
|t:|1776048893
|switch|p1a: Rillaboom|Rillaboom, F|19/100
|-fieldstart|move: Grassy Terrain|[from] ability: Grassy Surge|[of] p1a: Rillaboom
|move|p2a: Ogerpon|Ivy Cudgel|p1a: Rillaboom|[anim] Ivy Cudgel Water
|-resisted|p1a: Rillaboom
|-damage|p1a: Rillaboom|0 fnt
|faint|p1a: Rillaboom
|
|-weather|Snowscape|[upkeep]
|-heal|p2a: Ogerpon|76/100 brn|[from] Grassy Terrain
|-damage|p2a: Ogerpon|70/100 brn|[from] brn
|upkeep
|
|t:|1776048896
|switch|p1a: Grimmsnarl|Grimmsnarl, M|94/100
|turn|23
|
|t:|1776048909
|move|p1a: Grimmsnarl|Reflect|p1a: Grimmsnarl
|-sidestart|p1: ikuri|Reflect
|move|p2a: Ogerpon|Play Rough|p1a: Grimmsnarl
|-supereffective|p1a: Grimmsnarl
|-damage|p1a: Grimmsnarl|74/100
|
|-weather|none
|-heal|p2a: Ogerpon|76/100 brn|[from] Grassy Terrain
|-heal|p1a: Grimmsnarl|80/100|[from] Grassy Terrain
|-damage|p2a: Ogerpon|70/100 brn|[from] brn
|upkeep
|turn|24
|
|t:|1776048921
|switch|p2a: Corviknight|Corviknight, F|100/100
|-ability|p2a: Corviknight|Pressure
|move|p1a: Grimmsnarl|Parting Shot|p2a: Corviknight
|-unboost|p2a: Corviknight|atk|1
|-unboost|p2a: Corviknight|spa|1
|
|t:|1776048950
|switch|p1a: Overqwil|Overqwil, F|41/100|[from] Parting Shot
|-ability|p1a: Overqwil|Intimidate|boost
|-unboost|p2a: Corviknight|atk|1
|
|-heal|p1a: Overqwil|47/100|[from] Grassy Terrain
|-heal|p1a: Overqwil|53/100|[from] item: Leftovers
|upkeep
|turn|25
|
|t:|1776048958
|move|p1a: Overqwil|Taunt|p2a: Corviknight
|-start|p2a: Corviknight|move: Taunt
|cant|p2a: Corviknight|move: Taunt|Defog
|
|-heal|p1a: Overqwil|59/100|[from] Grassy Terrain
|-heal|p1a: Overqwil|65/100|[from] item: Leftovers
|upkeep
|turn|26
|
|t:|1776048970
|switch|p1a: Grimmsnarl|Grimmsnarl, M|80/100
|move|p2a: Corviknight|U-turn|p1a: Grimmsnarl
|-damage|p1a: Grimmsnarl|76/100
|
|t:|1776048977
|switch|p2a: Great Tusk|Great Tusk|93/100|[from] U-turn
|
|-heal|p2a: Great Tusk|99/100|[from] Grassy Terrain
|-heal|p1a: Grimmsnarl|82/100|[from] Grassy Terrain
|upkeep
|turn|27
|
|t:|1776048983
|move|p2a: Great Tusk|Close Combat|p1a: Grimmsnarl
|-damage|p1a: Grimmsnarl|45/100
|-unboost|p2a: Great Tusk|def|1
|-unboost|p2a: Great Tusk|spd|1
|move|p1a: Grimmsnarl|Spirit Break|p2a: Great Tusk
|-supereffective|p2a: Great Tusk
|-damage|p2a: Great Tusk|35/100
|-unboost|p2a: Great Tusk|spa|1
|
|-heal|p2a: Great Tusk|41/100|[from] Grassy Terrain
|-heal|p1a: Grimmsnarl|52/100|[from] Grassy Terrain
|upkeep
|turn|28
|
|t:|1776048998
|move|p1a: Grimmsnarl|Parting Shot|p2a: Great Tusk
|-unboost|p2a: Great Tusk|atk|1
|-unboost|p2a: Great Tusk|spa|1
|
|t:|1776049000
|switch|p1a: Overqwil|Overqwil, F|65/100|[from] Parting Shot
|-ability|p1a: Overqwil|Intimidate|boost
|-unboost|p2a: Great Tusk|atk|1
|move|p2a: Great Tusk|Headlong Rush|p1a: Overqwil
|-supereffective|p1a: Overqwil
|-damage|p1a: Overqwil|40/100
|-unboost|p2a: Great Tusk|def|1
|-unboost|p2a: Great Tusk|spd|1
|
|-heal|p2a: Great Tusk|48/100|[from] Grassy Terrain
|-heal|p1a: Overqwil|46/100|[from] Grassy Terrain
|-heal|p1a: Overqwil|52/100|[from] item: Leftovers
|upkeep
|turn|29
|
|t:|1776049018
|-end|p2a: Great Tusk|Protosynthesis|[silent]
|switch|p2a: Corviknight|Corviknight, F|100/100
|-ability|p2a: Corviknight|Pressure
|switch|p1a: Tatsugiri|Tatsugiri-Droopy, M|100/100
|
|-fieldend|move: Grassy Terrain
|upkeep
|turn|30
|
|t:|1776049027
|move|p1a: Tatsugiri|Nasty Plot|p1a: Tatsugiri
|-boost|p1a: Tatsugiri|spa|2
|move|p2a: Corviknight|Defog|p1a: Tatsugiri
|-unboost|p1a: Tatsugiri|evasion|1
|-sideend|p1: ikuri|Reflect
|
|upkeep
|turn|31
|
|t:|1776049038
|move|p1a: Tatsugiri|Rapid Spin|p2a: Corviknight
|-resisted|p2a: Corviknight
|-damage|p2a: Corviknight|98/100
|-boost|p1a: Tatsugiri|spe|1
|move|p2a: Corviknight|U-turn|p1a: Tatsugiri
|-damage|p1a: Tatsugiri|75/100
|
|t:|1776049046
|switch|p2a: Garchomp|Garchomp, M|100/100|[from] U-turn
|
|upkeep
|turn|32
|
|t:|1776049051
|move|p1a: Tatsugiri|Draco Meteor|p2a: Garchomp
|-supereffective|p2a: Garchomp
|-damage|p2a: Garchomp|0 fnt
|-unboost|p1a: Tatsugiri|spa|2
|faint|p2a: Garchomp
|
|upkeep
|
|t:|1776049064
|switch|p2a: Corviknight|Corviknight, F|98/100
|-ability|p2a: Corviknight|Pressure
|turn|33
|
|t:|1776049071
|switch|p1a: Skeledirge|Skeledirge, F|98/100
|move|p2a: Corviknight|Brave Bird|p1a: Skeledirge
|-damage|p1a: Skeledirge|65/100
|-damage|p2a: Corviknight|87/100|[from] Recoil
|
|-heal|p2a: Corviknight|94/100|[from] item: Leftovers
|upkeep
|turn|34
|
|t:|1776049080
|move|p2a: Corviknight|U-turn|p1a: Skeledirge
|-resisted|p1a: Skeledirge
|-damage|p1a: Skeledirge|62/100
|
|t:|1776049084
|switch|p2a: Ogerpon|Ogerpon-Wellspring-Tera, F, tera:Water|70/100 brn|[from] U-turn
|-ability|p2a: Ogerpon|Embody Aspect (Wellspring)|boost
|-boost|p2a: Ogerpon|spd|1
|move|p1a: Skeledirge|Torch Song|p2a: Ogerpon
|-resisted|p2a: Ogerpon
|-damage|p2a: Ogerpon|52/100 brn
|-boost|p1a: Skeledirge|spa|1
|
|-damage|p2a: Ogerpon|46/100 brn|[from] brn
|upkeep
|turn|35
|
|t:|1776049099
|switch|p1a: Overqwil|Overqwil, F|52/100
|-ability|p1a: Overqwil|Intimidate|boost
|-unboost|p2a: Ogerpon|atk|1
|move|p2a: Ogerpon|Ivy Cudgel|p1a: Overqwil|[anim] Ivy Cudgel Water
|-damage|p1a: Overqwil|30/100
|
|-heal|p1a: Overqwil|37/100|[from] item: Leftovers
|-damage|p2a: Ogerpon|40/100 brn|[from] brn
|upkeep
|turn|36
|
|t:|1776049114
|switch|p1a: Tatsugiri|Tatsugiri-Droopy, M|75/100
|move|p2a: Ogerpon|Swords Dance|p2a: Ogerpon
|-boost|p2a: Ogerpon|atk|2
|
|-damage|p2a: Ogerpon|34/100 brn|[from] brn
|upkeep
|turn|37
|
|t:|1776049123
|switch|p1a: Overqwil|Overqwil, F|37/100
|-ability|p1a: Overqwil|Intimidate|boost
|-unboost|p2a: Ogerpon|atk|1
|move|p2a: Ogerpon|Play Rough|p1a: Overqwil
|-damage|p1a: Overqwil|21/100
|
|-heal|p1a: Overqwil|28/100|[from] item: Leftovers
|-damage|p2a: Ogerpon|28/100 brn|[from] brn
|upkeep
|turn|38
|
|t:|1776049138
|move|p2a: Ogerpon|Ivy Cudgel|p1a: Overqwil|[anim] Ivy Cudgel Water
|-damage|p1a: Overqwil|0 fnt
|faint|p1a: Overqwil
|
|-damage|p2a: Ogerpon|22/100 brn|[from] brn
|upkeep
|
|t:|1776049144
|switch|p1a: Grimmsnarl|Grimmsnarl, M|52/100
|turn|39
|
|t:|1776049149
|move|p1a: Grimmsnarl|Reflect|p1a: Grimmsnarl
|-sidestart|p1: ikuri|Reflect
|move|p2a: Ogerpon|Play Rough|p1a: Grimmsnarl
|-supereffective|p1a: Grimmsnarl
|-damage|p1a: Grimmsnarl|30/100
|
|-damage|p2a: Ogerpon|16/100 brn|[from] brn
|upkeep
|turn|40
|
|t:|1776049158
|move|p1a: Grimmsnarl|Parting Shot|p2a: Ogerpon
|-unboost|p2a: Ogerpon|atk|1
|-unboost|p2a: Ogerpon|spa|1
|
|t:|1776049161
|switch|p1a: Tatsugiri|Tatsugiri-Droopy, M|75/100|[from] Parting Shot
|move|p2a: Ogerpon|Play Rough|p1a: Tatsugiri|[miss]
|-miss|p2a: Ogerpon|p1a: Tatsugiri
|
|-damage|p2a: Ogerpon|10/100 brn|[from] brn
|upkeep
|turn|41
|
|t:|1776049172
|switch|p2a: Corviknight|Corviknight, F|94/100
|-ability|p2a: Corviknight|Pressure
|move|p1a: Tatsugiri|Rapid Spin|p2a: Corviknight
|-resisted|p2a: Corviknight
|-crit|p2a: Corviknight
|-damage|p2a: Corviknight|91/100
|-boost|p1a: Tatsugiri|spe|1
|
|-heal|p2a: Corviknight|97/100|[from] item: Leftovers
|upkeep
|turn|42
|
|t:|1776049195
|move|p1a: Tatsugiri|Nasty Plot|p1a: Tatsugiri
|-boost|p1a: Tatsugiri|spa|2
|move|p2a: Corviknight|Defog|p1a: Tatsugiri
|-unboost|p1a: Tatsugiri|evasion|1
|-sideend|p1: ikuri|Reflect
|
|-heal|p2a: Corviknight|100/100|[from] item: Leftovers
|upkeep
|turn|43
|
|t:|1776049206
|move|p1a: Tatsugiri|Surf|p2a: Corviknight
|-damage|p2a: Corviknight|16/100
|move|p2a: Corviknight|U-turn|p1a: Tatsugiri
|-damage|p1a: Tatsugiri|46/100
|
|t:|1776049212
|switch|p2a: Great Tusk|Great Tusk|48/100|[from] U-turn
|
|upkeep
|turn|44
|
|t:|1776049216
|move|p1a: Tatsugiri|Surf|p2a: Great Tusk
|-supereffective|p2a: Great Tusk
|-damage|p2a: Great Tusk|0 fnt
|faint|p2a: Great Tusk
|-end|p2a: Great Tusk|Protosynthesis|[silent]
|
|upkeep
|
|t:|1776049222
|switch|p2a: Raging Bolt|Raging Bolt|100/100
|-enditem|p2a: Raging Bolt|Booster Energy
|-activate|p2a: Raging Bolt|ability: Protosynthesis|[fromitem]
|-start|p2a: Raging Bolt|protosynthesisspa
|turn|45
|
|t:|1776049230
|move|p2a: Raging Bolt|Thunderclap|p1a: Tatsugiri
|-damage|p1a: Tatsugiri|0 fnt
|faint|p1a: Tatsugiri
|
|upkeep
|
|t:|1776049237
|switch|p1a: Grimmsnarl|Grimmsnarl, M|30/100
|turn|46
|
|t:|1776049242
|move|p2a: Raging Bolt|Thunderclap||[still]
|-fail|p2a: Raging Bolt
|move|p1a: Grimmsnarl|Light Screen|p1a: Grimmsnarl
|-sidestart|p1: ikuri|move: Light Screen
|
|upkeep
|turn|47
|
|t:|1776049253
|move|p2a: Raging Bolt|Volt Switch|p1a: Grimmsnarl
|-damage|p1a: Grimmsnarl|10/100
|
|t:|1776049257
|-end|p2a: Raging Bolt|Protosynthesis|[silent]
|switch|p2a: Corviknight|Corviknight, F|16/100|[from] Volt Switch
|-ability|p2a: Corviknight|Pressure
|move|p1a: Grimmsnarl|Spirit Break|p2a: Corviknight
|-resisted|p2a: Corviknight
|-damage|p2a: Corviknight|7/100
|-unboost|p2a: Corviknight|spa|1
|
|-heal|p2a: Corviknight|13/100|[from] item: Leftovers
|upkeep
|turn|48
|
|t:|1776049267
|move|p1a: Grimmsnarl|Parting Shot|p2a: Corviknight
|-unboost|p2a: Corviknight|atk|1
|-unboost|p2a: Corviknight|spa|1
|
|t:|1776049270
|switch|p1a: Skeledirge|Skeledirge, F|62/100|[from] Parting Shot
|move|p2a: Corviknight|Defog|p1a: Skeledirge
|-unboost|p1a: Skeledirge|evasion|1
|-sideend|p1: ikuri|move: Light Screen
|
|-heal|p2a: Corviknight|19/100|[from] item: Leftovers
|upkeep
|turn|49
|
|t:|1776049278
|move|p2a: Corviknight|U-turn|p1a: Skeledirge
|-resisted|p1a: Skeledirge
|-crit|p1a: Skeledirge
|-damage|p1a: Skeledirge|58/100
|
|t:|1776049282
|switch|p2a: Ogerpon|Ogerpon-Wellspring-Tera, F, tera:Water|10/100 brn|[from] U-turn
|-ability|p2a: Ogerpon|Embody Aspect (Wellspring)|boost
|-boost|p2a: Ogerpon|spd|1
|move|p1a: Skeledirge|Slack Off|p1a: Skeledirge
|-heal|p1a: Skeledirge|100/100
|
|-damage|p2a: Ogerpon|4/100 brn|[from] brn
|upkeep
|turn|50
|
|t:|1776049294
|switch|p1a: Grimmsnarl|Grimmsnarl, M|10/100
|move|p2a: Ogerpon|Ivy Cudgel|p1a: Grimmsnarl|[anim] Ivy Cudgel Water
|-damage|p1a: Grimmsnarl|0 fnt
|faint|p1a: Grimmsnarl
|
|-damage|p2a: Ogerpon|0 fnt|[from] brn
|faint|p2a: Ogerpon
|detailschange|p2: Ogerpon|Ogerpon-Wellspring, F|[silent]
|upkeep
|
|t:|1776049310
|switch|p2a: Raging Bolt|Raging Bolt|100/100
|switch|p1a: Iron Hands|Iron Hands|100/100
|-enditem|p1a: Iron Hands|Booster Energy
|-activate|p1a: Iron Hands|ability: Quark Drive|[fromitem]
|-start|p1a: Iron Hands|quarkdriveatk
|turn|51
|
|t:|1776049329
|move|p2a: Raging Bolt|Volt Switch|p1a: Iron Hands
|-resisted|p1a: Iron Hands
|-damage|p1a: Iron Hands|83/100
|
|t:|1776049333
|-end|p2a: Raging Bolt|Protosynthesis|[silent]
|switch|p2a: Corviknight|Corviknight, F|19/100|[from] Volt Switch
|-ability|p2a: Corviknight|Pressure
|move|p1a: Iron Hands|Ice Punch|p2a: Corviknight
|-damage|p2a: Corviknight|0 fnt
|faint|p2a: Corviknight
|
|upkeep
|
|t:|1776049342
|switch|p2a: Slowking|Slowking-Galar, M|14/100
|turn|52
|
|t:|1776049346
|move|p1a: Iron Hands|Ice Punch|p2a: Slowking
|-damage|p2a: Slowking|0 fnt
|faint|p2a: Slowking
|
|upkeep
|
|t:|1776049350
|switch|p2a: Raging Bolt|Raging Bolt|100/100
|turn|53
|
|t:|1776049354
|move|p2a: Raging Bolt|Draco Meteor|p1a: Iron Hands
|-damage|p1a: Iron Hands|23/100
|-unboost|p2a: Raging Bolt|spa|2
|move|p1a: Iron Hands|Ice Punch|p2a: Raging Bolt
|-supereffective|p2a: Raging Bolt
|-damage|p2a: Raging Bolt|39/100
|
|upkeep
|turn|54
|
|t:|1776049362
|move|p2a: Raging Bolt|Draco Meteor|p1a: Iron Hands
|-damage|p1a: Iron Hands|0 fnt
|-unboost|p2a: Raging Bolt|spa|2
|faint|p1a: Iron Hands
|-end|p1a: Iron Hands|Quark Drive|[silent]
|
|upkeep
|
|t:|1776049364
|switch|p1a: Skeledirge|Skeledirge, F|100/100
|turn|55
|
|t:|1776049371
|move|p2a: Raging Bolt|Draco Meteor|p1a: Skeledirge
|-damage|p1a: Skeledirge|48/100
|-unboost|p2a: Raging Bolt|spa|2
|move|p1a: Skeledirge|Torch Song|p2a: Raging Bolt
|-resisted|p2a: Raging Bolt
|-damage|p2a: Raging Bolt|27/100
|-boost|p1a: Skeledirge|spa|1
|
|upkeep
|turn|56
|
|t:|1776049380
|move|p2a: Raging Bolt|Draco Meteor|p1a: Skeledirge
|-damage|p1a: Skeledirge|0 fnt
|faint|p1a: Skeledirge
|
|win|tracochan
|raw|ikuri's rating: 1131 &rarr; <strong>1104</strong><br />(-27 for losing)
|raw|tracochan's rating: 1103 &rarr; <strong>1130</strong><br />(+27 for winning)
|c|☆ikuri|Ggwp
|l|☆ikuri
|player|p1|
|l|☆tracochan
|player|p2|
