|html|<div class="broadcast-blue"><strong>[Gen 9] OU is currently suspecting Tera Blast! For information on how to participate check out the <a href="https://www.smogon.com/tools/suspects/view/200">suspect thread</a>.</strong></div>
|j|☆myteamsuczs
|j|☆maltaaaang
|t:|1776135194
|gametype|singles
|player|p1|myteamsuczs|169|1232
|player|p2|maltaaaang|hiker-gen4|1216
|gen|9
|tier|[Gen 9] OU
|rated|
|rule|HP Percentage Mod: HP is shown in percentages
|rule|Endless Battle Clause: Forcing endless battles is banned
|rule|Species Clause: Limit one of each Pokémon
|rule|OHKO Clause: OHKO moves are banned
|rule|Evasion Items Clause: Evasion items are banned
|rule|Evasion Moves Clause: Evasion moves are banned
|rule|Evasion Abilities Clause: Evasion abilities are banned
|rule|Sleep Moves Clause: Sleep-inducing moves are banned
|clearpoke
|poke|p1|Kingambit, M|
|poke|p1|Ursaluna, F|
|poke|p1|Porygon2|
|poke|p1|Hatterene, F|
|poke|p1|Slowking-Galar, M|
|poke|p1|Azumarill, F|
|poke|p2|Indeedee, M|
|poke|p2|Samurott-Hisui, F|
|poke|p2|Hatterene, F|
|poke|p2|Iron Crown|
|poke|p2|Polteageist|
|poke|p2|Deoxys-Speed|
|teampreview
|
|t:|1776135202
|teamsize|p1|6
|teamsize|p2|6
|start
|switch|p1a: Porygon2|Porygon2|100/100
|switch|p2a: Samurott|Samurott-Hisui, F|100/100
|-ability|p1a: Porygon2|Download|boost
|-boost|p1a: Porygon2|spa|1
|turn|1
|
|t:|1776135216
|move|p2a: Samurott|Ceaseless Edge|p1a: Porygon2|[miss]
|-miss|p2a: Samurott|p1a: Porygon2
|move|p1a: Porygon2|Thunderbolt|p2a: Samurott
|-supereffective|p2a: Samurott
|-enditem|p2a: Samurott|Focus Sash
|-damage|p2a: Samurott|1/100
|
|upkeep
|turn|2
|
|t:|1776135224
|move|p2a: Samurott|Ceaseless Edge|p1a: Porygon2
|-damage|p1a: Porygon2|63/100
|-sidestart|p1: myteamsuczs|Spikes
|move|p1a: Porygon2|Thunderbolt|p2a: Samurott
|-supereffective|p2a: Samurott
|-damage|p2a: Samurott|0 fnt
|faint|p2a: Samurott
|
|upkeep
|
|t:|1776135236
|switch|p2a: Iron Crown|Iron Crown|100/100
|-enditem|p2a: Iron Crown|Booster Energy
|-activate|p2a: Iron Crown|ability: Quark Drive|[fromitem]
|-start|p2a: Iron Crown|quarkdrivespe
|turn|3
|
|t:|1776135242
|move|p2a: Iron Crown|Calm Mind|p2a: Iron Crown
|-boost|p2a: Iron Crown|spa|1
|-boost|p2a: Iron Crown|spd|1
|move|p1a: Porygon2|Recover|p1a: Porygon2
|-heal|p1a: Porygon2|100/100
|
|upkeep
|turn|4
|
|t:|1776135254
|switch|p1a: Slowking|Slowking-Galar, M|100/100
|-damage|p1a: Slowking|88/100|[from] Spikes
|move|p2a: Iron Crown|Focus Blast|p1a: Slowking
|-resisted|p1a: Slowking
|-damage|p1a: Slowking|77/100
|
|-heal|p1a: Slowking|83/100|[from] item: Leftovers
|upkeep
|turn|5
|
|t:|1776135276
|-end|p2a: Iron Crown|Quark Drive|[silent]
|switch|p2a: Indeedee|Indeedee, M|100/100
|-fieldstart|move: Psychic Terrain|[from] ability: Psychic Surge|[of] p2a: Indeedee
|move|p1a: Slowking|Trick Room|p1a: Slowking
|-fieldstart|move: Trick Room|[of] p1a: Slowking
|
|-heal|p1a: Slowking|89/100|[from] item: Leftovers
|upkeep
|turn|6
|
|t:|1776135289
|switch|p1a: Ursaluna|Ursaluna, F|100/100
|-damage|p1a: Ursaluna|88/100|[from] Spikes
|move|p2a: Indeedee|Psychic|p1a: Ursaluna
|-damage|p1a: Ursaluna|41/100
|
|-status|p1a: Ursaluna|brn|[from] item: Flame Orb
|upkeep
|turn|7
|
|t:|1776135313
|switch|p2a: Hatterene|Hatterene, F|100/100
|move|p1a: Ursaluna|Headlong Rush|p2a: Hatterene
|-damage|p2a: Hatterene|0 fnt
|-unboost|p1a: Ursaluna|def|1
|-unboost|p1a: Ursaluna|spd|1
|faint|p2a: Hatterene
|
|-damage|p1a: Ursaluna|35/100 brn|[from] brn
|upkeep
|
|t:|1776135321
|switch|p2a: Polteageist|Polteageist|100/100
|turn|8
|
|t:|1776135328
|move|p1a: Ursaluna|Headlong Rush|p2a: Polteageist
|-enditem|p2a: Polteageist|Focus Sash
|-damage|p2a: Polteageist|1/100
|-unboost|p1a: Ursaluna|def|1
|-unboost|p1a: Ursaluna|spd|1
|-ability|p2a: Polteageist|Weak Armor|boost
|-unboost|p2a: Polteageist|def|1
|-boost|p2a: Polteageist|spe|2
|move|p2a: Polteageist|Shell Smash|p2a: Polteageist
|-unboost|p2a: Polteageist|def|1
|-unboost|p2a: Polteageist|spd|1
|-boost|p2a: Polteageist|atk|2
|-boost|p2a: Polteageist|spa|2
|-boost|p2a: Polteageist|spe|2
|
|-damage|p1a: Ursaluna|29/100 brn|[from] brn
|upkeep
|turn|9
|
|t:|1776135345
|move|p1a: Ursaluna|Headlong Rush|p2a: Polteageist
|-damage|p2a: Polteageist|0 fnt
|-unboost|p1a: Ursaluna|def|1
|-unboost|p1a: Ursaluna|spd|1
|faint|p2a: Polteageist
|
|-damage|p1a: Ursaluna|23/100 brn|[from] brn
|-fieldend|move: Trick Room
|upkeep
|
|t:|1776135355
|switch|p2a: Deoxys|Deoxys-Speed|100/100
|-ability|p2a: Deoxys|Pressure
|turn|10
|
|t:|1776135360
|move|p2a: Deoxys|Expanding Force|p1a: Ursaluna
|-damage|p1a: Ursaluna|0 fnt
|faint|p1a: Ursaluna
|
|upkeep
|
|t:|1776135374
|switch|p1a: Kingambit|Kingambit, M|100/100
|-damage|p1a: Kingambit|88/100|[from] Spikes
|-activate|p1a: Kingambit|ability: Supreme Overlord
|-start|p1a: Kingambit|fallen1|[silent]
|turn|11
|
|t:|1776135382
|move|p1a: Kingambit|Sucker Punch|p2a: Deoxys
|-activate|p2a: Deoxys|move: Psychic Terrain
|move|p2a: Deoxys|Superpower|p1a: Kingambit
|-supereffective|p1a: Kingambit
|-damage|p1a: Kingambit|0 fnt
|-unboost|p2a: Deoxys|atk|1
|-unboost|p2a: Deoxys|def|1
|faint|p1a: Kingambit
|-end|p1a: Kingambit|fallen1|[silent]
|
|upkeep
|
|t:|1776135390
|switch|p1a: Hatterene|Hatterene, F|100/100
|-damage|p1a: Hatterene|88/100|[from] Spikes
|turn|12
|
|t:|1776135408
|switch|p2a: Indeedee|Indeedee, M|100/100
|move|p1a: Hatterene|Trick Room|p1a: Hatterene
|-fieldstart|move: Trick Room|[of] p1a: Hatterene
|
|-heal|p1a: Hatterene|94/100|[from] item: Leftovers
|-fieldend|move: Psychic Terrain
|upkeep
|turn|13
|
|t:|1776135419
|switch|p2a: Deoxys|Deoxys-Speed|100/100
|-ability|p2a: Deoxys|Pressure
|move|p1a: Hatterene|Dazzling Gleam|p2a: Deoxys
|-damage|p2a: Deoxys|30/100
|
|-heal|p1a: Hatterene|99/100|[from] item: Leftovers
|upkeep
|turn|14
|
|t:|1776135430
|switch|p2a: Indeedee|Indeedee, M|100/100
|-fieldstart|move: Psychic Terrain|[from] ability: Psychic Surge|[of] p2a: Indeedee
|move|p1a: Hatterene|Shadow Ball|p2a: Indeedee
|-immune|p2a: Indeedee
|
|-heal|p1a: Hatterene|100/100|[from] item: Leftovers
|upkeep
|turn|15
|
|t:|1776135445
|move|p1a: Hatterene|Dazzling Gleam|p2a: Indeedee
|-damage|p2a: Indeedee|39/100
|move|p2a: Indeedee|Dazzling Gleam|p1a: Hatterene
|-damage|p1a: Hatterene|77/100
|
|-heal|p1a: Hatterene|83/100|[from] item: Leftovers
|upkeep
|turn|16
|
|t:|1776135454
|move|p1a: Hatterene|Dazzling Gleam|p2a: Indeedee
|-damage|p2a: Indeedee|0 fnt
|faint|p2a: Indeedee
|
|-heal|p1a: Hatterene|89/100|[from] item: Leftovers
|-fieldend|move: Trick Room
|upkeep
|
|t:|1776135461
|switch|p2a: Deoxys|Deoxys-Speed|30/100
|-ability|p2a: Deoxys|Pressure
|turn|17
|
|t:|1776135472
|move|p2a: Deoxys|Knock Off|p1a: Hatterene
|-damage|p1a: Hatterene|60/100
|-enditem|p1a: Hatterene|Leftovers|[from] move: Knock Off|[of] p2a: Deoxys
|move|p1a: Hatterene|Trick Room|p1a: Hatterene
|-fieldstart|move: Trick Room|[of] p1a: Hatterene
|
|upkeep
|turn|18
|
|t:|1776135489
|move|p1a: Hatterene|Dazzling Gleam|p2a: Deoxys
|-damage|p2a: Deoxys|0 fnt
|faint|p2a: Deoxys
|
|upkeep
|-message|maltaaaang forfeited.
|
|win|myteamsuczs
|raw|myteamsuczs's rating: 1232 &rarr; <strong>1256</strong><br />(+24 for winning)
|raw|maltaaaang's rating: 1216 &rarr; <strong>1192</strong><br />(-24 for losing)
|l|☆maltaaaang
|player|p2|
|l|☆myteamsuczs
|player|p1|
|j|☆myteamsuczs
|player|p1|myteamsuczs|169|
|l|☆myteamsuczs
|player|p1|
|j|☆myteamsuczs
|player|p1|myteamsuczs|169|
