|html|<div class="broadcast-blue"><strong>[Gen 9] OU is currently suspecting Tera Blast! For information on how to participate check out the <a href="https://www.smogon.com/tools/suspects/view/200">suspect thread</a>.</strong></div>
|j|☆NojaKalm
|j|☆mathismathin
|t:|1776122176
|gametype|singles
|player|p1|NojaKalm|102|1542
|player|p2|mathismathin|bugsy-masters|1663
|gen|9
|tier|[Gen 9] OU
|rated|
|rule|HP Percentage Mod: HP is shown in percentages
|rule|Endless Battle Clause: Forcing endless battles is banned
|rule|Species Clause: Limit one of each Pokémon
|rule|OHKO Clause: OHKO moves are banned
|rule|Evasion Items Clause: Evasion items are banned
|rule|Evasion Moves Clause: Evasion moves are banned
|rule|Evasion Abilities Clause: Evasion abilities are banned
|rule|Sleep Moves Clause: Sleep-inducing moves are banned
|clearpoke
|poke|p1|Comfey, F|
|poke|p1|Whimsicott, M|
|poke|p1|Iron Moth|
|poke|p1|Walking Wake|
|poke|p1|Great Tusk|
|poke|p1|Ninetales, M|
|poke|p2|Garchomp, M|
|poke|p2|Tinkaton, F|
|poke|p2|Hydrapple, M|
|poke|p2|Maushold-Four|
|poke|p2|Moltres|
|poke|p2|Okidogi, M|
|teampreview
|inactive|Battle timer is ON: inactive players will automatically lose when time's up. (requested by NojaKalm)
|inactive|mathismathin has 120 seconds left.
|
|t:|1776122222
|teamsize|p1|6
|teamsize|p2|6
|start
|switch|p1a: Ninetales|Ninetales, M|100/100
|switch|p2a: Maushold|Maushold-Four|100/100
|-weather|SunnyDay|[from] ability: Drought|[of] p1a: Ninetales
|turn|1
|
|t:|1776122245
|move|p2a: Maushold|Population Bomb|p1a: Ninetales
|-damage|p1a: Ninetales|86/100
|-damage|p1a: Ninetales|74/100
|-damage|p1a: Ninetales|61/100
|-damage|p1a: Ninetales|48/100
|-damage|p1a: Ninetales|35/100
|-damage|p1a: Ninetales|23/100
|-damage|p1a: Ninetales|10/100
|-damage|p1a: Ninetales|0 fnt
|faint|p1a: Ninetales
|-hitcount|p1: Ninetales|8
|
|-weather|SunnyDay|[upkeep]
|upkeep
|
|t:|1776122253
|switch|p1a: Whimsicott|Whimsicott, M|100/100
|turn|2
|inactive|mathismathin has 120 seconds left.
|
|t:|1776122298
|switch|p2a: Moltres|Moltres|100/100
|-terastallize|p1a: Whimsicott|Ghost
|move|p1a: Whimsicott|Growth|p1a: Whimsicott
|-boost|p1a: Whimsicott|atk|2
|-boost|p1a: Whimsicott|spa|2
|
|-weather|SunnyDay|[upkeep]
|upkeep
|turn|3
|
|t:|1776122303
|move|p1a: Whimsicott|Growth|p1a: Whimsicott
|-boost|p1a: Whimsicott|atk|2
|-boost|p1a: Whimsicott|spa|2
|move|p2a: Moltres|Fire Blast|p1a: Whimsicott
|-damage|p1a: Whimsicott|0 fnt
|faint|p1a: Whimsicott
|
|-weather|SunnyDay|[upkeep]
|upkeep
|
|t:|1776122307
|switch|p1a: Comfey|Comfey, F|100/100
|turn|4
|
|t:|1776122319
|move|p1a: Comfey|Growth|p1a: Comfey
|-boost|p1a: Comfey|atk|2
|-boost|p1a: Comfey|spa|2
|move|p2a: Moltres|Fire Blast|p1a: Comfey
|-damage|p1a: Comfey|4/100
|
|-weather|SunnyDay|[upkeep]
|upkeep
|turn|5
|
|t:|1776122329
|move|p1a: Comfey|Stored Power|p2a: Moltres
|-damage|p2a: Moltres|32/100
|-damage|p1a: Comfey|0 fnt|[from] item: Life Orb
|faint|p1a: Comfey
|move|p2a: Moltres|Fire Blast|p1: Comfey|[notarget]
|-fail|p2a: Moltres
|
|-weather|SunnyDay|[upkeep]
|upkeep
|
|t:|1776122333
|switch|p1a: Walking Wake|Walking Wake|100/100
|-activate|p1a: Walking Wake|ability: Protosynthesis
|-start|p1a: Walking Wake|protosynthesisspe
|turn|6
|inactive|mathismathin has 120 seconds left.
|inactive|mathismathin has 90 seconds left.
|
|t:|1776122415
|move|p1a: Walking Wake|Hydro Steam|p2a: Moltres
|-supereffective|p2a: Moltres
|-damage|p2a: Moltres|0 fnt
|faint|p2a: Moltres
|
|-weather|SunnyDay|[upkeep]
|upkeep
|
|t:|1776122420
|switch|p2a: Hydrapple|Hydrapple, M|100/100
|turn|7
|
|t:|1776122423
|move|p1a: Walking Wake|Draco Meteor|p2a: Hydrapple
|-supereffective|p2a: Hydrapple
|-damage|p2a: Hydrapple|0 fnt
|-unboost|p1a: Walking Wake|spa|2
|faint|p2a: Hydrapple
|
|-weather|SunnyDay|[upkeep]
|upkeep
|
|t:|1776122445
|switch|p2a: Maushold|Maushold-Four|100/100
|turn|8
|
|t:|1776122448
|-end|p1a: Walking Wake|Protosynthesis|[silent]
|switch|p1a: Great Tusk|Great Tusk|100/100
|-activate|p1a: Great Tusk|ability: Protosynthesis
|-start|p1a: Great Tusk|protosynthesisspe
|move|p2a: Maushold|Tidy Up|p2a: Maushold
|-boost|p2a: Maushold|atk|1
|-boost|p2a: Maushold|spe|1
|
|-weather|none
|-end|p1a: Great Tusk|Protosynthesis
|upkeep
|turn|9
|
|t:|1776122460
|move|p2a: Maushold|Population Bomb|p1a: Great Tusk
|-damage|p1a: Great Tusk|91/100
|-damage|p2a: Maushold|84/100|[from] item: Rocky Helmet|[of] p1a: Great Tusk
|-damage|p1a: Great Tusk|80/100
|-damage|p2a: Maushold|67/100|[from] item: Rocky Helmet|[of] p1a: Great Tusk
|-damage|p1a: Great Tusk|70/100
|-damage|p2a: Maushold|51/100|[from] item: Rocky Helmet|[of] p1a: Great Tusk
|-damage|p1a: Great Tusk|60/100
|-damage|p2a: Maushold|34/100|[from] item: Rocky Helmet|[of] p1a: Great Tusk
|-damage|p1a: Great Tusk|50/100
|-damage|p2a: Maushold|17/100|[from] item: Rocky Helmet|[of] p1a: Great Tusk
|-damage|p1a: Great Tusk|39/100
|-damage|p2a: Maushold|1/100|[from] item: Rocky Helmet|[of] p1a: Great Tusk
|-damage|p1a: Great Tusk|29/100
|-damage|p2a: Maushold|0 fnt|[from] item: Rocky Helmet|[of] p1a: Great Tusk
|faint|p2a: Maushold
|-hitcount|p1a: Great Tusk|7
|move|p1a: Great Tusk|Rapid Spin|p2: Maushold|[notarget]
|-fail|p1a: Great Tusk
|
|upkeep
|
|t:|1776122469
|switch|p2a: Garchomp|Garchomp, M|100/100
|turn|10
|
|t:|1776122471
|move|p2a: Garchomp|Scale Shot|p1a: Great Tusk|[miss]
|-miss|p2a: Garchomp|p1a: Great Tusk
|move|p1a: Great Tusk|Ice Spinner|p2a: Garchomp
|-supereffective|p2a: Garchomp
|-crit|p2a: Garchomp
|-damage|p2a: Garchomp|0 fnt
|-damage|p1a: Great Tusk|16/100|[from] ability: Rough Skin|[of] p2a: Garchomp
|faint|p2a: Garchomp
|
|upkeep
|
|t:|1776122475
|switch|p2a: Okidogi|Okidogi, M|100/100
|turn|11
|
|t:|1776122482
|move|p1a: Great Tusk|Headlong Rush|p2a: Okidogi
|-supereffective|p2a: Okidogi
|-damage|p2a: Okidogi|12/100
|-unboost|p1a: Great Tusk|def|1
|-unboost|p1a: Great Tusk|spd|1
|move|p2a: Okidogi|Drain Punch|p1a: Great Tusk
|-damage|p1a: Great Tusk|0 fnt
|-heal|p2a: Okidogi|21/100|[from] drain|[of] p1a: Great Tusk
|-damage|p2a: Okidogi|4/100|[from] item: Rocky Helmet|[of] p1a: Great Tusk
|faint|p1a: Great Tusk
|-end|p1a: Great Tusk|Protosynthesis|[silent]
|
|-heal|p2a: Okidogi|10/100|[from] item: Leftovers
|upkeep
|c|☆mathismathin|ggwp
|-message|mathismathin forfeited.
|
|win|NojaKalm
|raw|NojaKalm's rating: 1542 &rarr; <strong>1569</strong><br />(+27 for winning)
|raw|mathismathin's rating: 1678 &rarr; <strong>1651</strong><br />(-27 for losing)
