|html|<div class="broadcast-blue"><strong>[Gen 9] OU is currently suspecting Tera Blast! For information on how to participate check out the <a href="https://www.smogon.com/tools/suspects/view/200">suspect thread</a>.</strong></div>
|j|‽MegaMHX
|j|☆redthotchilipepper
|t:|1776085907
|gametype|singles
|player|p1|MegaMHX|miku-ground|1406
|player|p2|redthotchilipepper|elesa|1376
|gen|9
|tier|[Gen 9] OU
|rated|
|rule|HP Percentage Mod: HP is shown in percentages
|rule|Endless Battle Clause: Forcing endless battles is banned
|rule|Species Clause: Limit one of each Pokémon
|rule|OHKO Clause: OHKO moves are banned
|rule|Evasion Items Clause: Evasion items are banned
|rule|Evasion Moves Clause: Evasion moves are banned
|rule|Evasion Abilities Clause: Evasion abilities are banned
|rule|Sleep Moves Clause: Sleep-inducing moves are banned
|clearpoke
|poke|p1|Keldeo-Resolute|
|poke|p1|Ceruledge, F|
|poke|p1|Electrode-Hisui|
|poke|p1|Hydreigon, M|
|poke|p1|Iron Treads|
|poke|p1|Pecharunt|
|poke|p2|Great Tusk|
|poke|p2|Pecharunt|
|poke|p2|Cinderace, F|
|poke|p2|Alomomola, M|
|poke|p2|Weavile, F|
|poke|p2|Indeedee, M|
|teampreview
|inactive|Battle timer is ON: inactive players will automatically lose when time's up. (requested by redthotchilipepper)
|j| ohko_smeargle
|inactive|redthotchilipepper has 120 seconds left.
|
|t:|1776085944
|teamsize|p1|6
|teamsize|p2|6
|start
|switch|p1a: Electrode|Electrode-Hisui|100/100
|switch|p2a: Great Tusk|Great Tusk, shiny|100/100
|turn|1
|
|t:|1776085960
|move|p1a: Electrode|Leaf Storm|p2a: Great Tusk
|-supereffective|p2a: Great Tusk
|-damage|p2a: Great Tusk|0 fnt
|-unboost|p1a: Electrode|spa|2
|faint|p2a: Great Tusk
|-end|p2a: Great Tusk|Protosynthesis|[silent]
|-damage|p1a: Electrode|91/100|[from] item: Life Orb
|
|upkeep
|
|t:|1776085972
|switch|p2a: Indeedee|Indeedee, M, shiny|100/100
|-fieldstart|move: Psychic Terrain|[from] ability: Psychic Surge|[of] p2a: Indeedee
|turn|2
|
|t:|1776085976
|move|p1a: Electrode|Volt Switch|p2a: Indeedee
|-damage|p2a: Indeedee|77/100
|-damage|p1a: Electrode|81/100|[from] item: Life Orb
|
|t:|1776085979
|switch|p1a: Hydreigon|Hydreigon, M|100/100|[from] Volt Switch
|move|p2a: Indeedee|Dazzling Gleam|p1a: Hydreigon
|-supereffective|p1a: Hydreigon
|-damage|p1a: Hydreigon|0 fnt
|faint|p1a: Hydreigon
|
|upkeep
|
|t:|1776085990
|switch|p1a: Keldeo|Keldeo-Resolute|100/100
|turn|3
|
|t:|1776085999
|switch|p2a: Alomomola|Alomomola, M, shiny|100/100
|move|p1a: Keldeo|Surf|p2a: Alomomola
|-resisted|p2a: Alomomola
|-damage|p2a: Alomomola|80/100
|
|upkeep
|turn|4
|
|t:|1776086024
|switch|p1a: Pecharunt|Pecharunt|100/100
|move|p2a: Alomomola|Mirror Coat||[still]
|-fail|p2a: Alomomola
|
|upkeep
|turn|5
|
|t:|1776086033
|move|p1a: Pecharunt|Malignant Chain|p2a: Alomomola
|-damage|p2a: Alomomola|64/100
|move|p2a: Alomomola|Mirror Coat|p1a: Pecharunt
|-damage|p1a: Pecharunt|60/100
|
|upkeep
|turn|6
|
|t:|1776086042
|switch|p2a: Indeedee|Indeedee, M, shiny|77/100
|move|p1a: Pecharunt|Malignant Chain|p2a: Indeedee
|-damage|p2a: Indeedee|32/100
|
|-fieldend|move: Psychic Terrain
|upkeep
|turn|7
|
|t:|1776086052
|switch|p2a: Pecharunt|Pecharunt|100/100
|switch|p1a: Iron Treads|Iron Treads|100/100
|
|upkeep
|turn|8
|
|t:|1776086060
|move|p1a: Iron Treads|Earthquake|p2a: Pecharunt
|-supereffective|p2a: Pecharunt
|-damage|p2a: Pecharunt|63/100
|move|p2a: Pecharunt|Parting Shot|p1a: Iron Treads
|-unboost|p1a: Iron Treads|atk|1
|-unboost|p1a: Iron Treads|spa|1
|
|t:|1776086078
|switch|p2a: Cinderace|Cinderace, F, shiny|100/100|[from] Parting Shot
|
|upkeep
|turn|9
|
|t:|1776086085
|-end|p1a: Iron Treads|Quark Drive|[silent]
|switch|p1a: Ceruledge|Ceruledge, F|100/100
|move|p2a: Cinderace|U-turn|p1a: Ceruledge
|-start|p2a: Cinderace|typechange|Bug|[from] ability: Libero
|-resisted|p1a: Ceruledge
|-damage|p1a: Ceruledge|91/100
|
|t:|1776086092
|switch|p2a: Weavile|Weavile, F|100/100|[from] U-turn
|
|upkeep
|turn|10
|
|t:|1776086104
|-terastallize|p1a: Ceruledge|Bug
|move|p2a: Weavile|Knock Off|p1a: Ceruledge
|-damage|p1a: Ceruledge|0 fnt
|-enditem|p1a: Ceruledge|Life Orb|[from] move: Knock Off|[of] p2a: Weavile
|faint|p1a: Ceruledge
|
|upkeep
|
|t:|1776086116
|switch|p1a: Keldeo|Keldeo-Resolute|100/100
|turn|11
|
|t:|1776086123
|switch|p2a: Alomomola|Alomomola, M, shiny|97/100
|move|p1a: Keldeo|Surf|p2a: Alomomola
|-resisted|p2a: Alomomola
|-damage|p2a: Alomomola|77/100
|
|upkeep
|turn|12
|
|t:|1776086130
|switch|p1a: Pecharunt|Pecharunt|60/100
|move|p2a: Alomomola|Flip Turn|p1a: Pecharunt
|-damage|p1a: Pecharunt|52/100
|-damage|p2a: Alomomola|60/100|[from] item: Rocky Helmet|[of] p1a: Pecharunt
|
|t:|1776086139
|switch|p2a: Indeedee|Indeedee, M, shiny|32/100|[from] Flip Turn
|-fieldstart|move: Psychic Terrain|[from] ability: Psychic Surge|[of] p2a: Indeedee
|
|upkeep
|turn|13
|
|t:|1776086145
|switch|p1a: Iron Treads|Iron Treads|100/100
|-terastallize|p2a: Indeedee|Psychic
|move|p2a: Indeedee|Expanding Force|p1a: Iron Treads
|-resisted|p1a: Iron Treads
|-damage|p1a: Iron Treads|55/100
|
|upkeep
|turn|14
|
|t:|1776086157
|move|p2a: Indeedee|Expanding Force|p1a: Iron Treads
|-resisted|p1a: Iron Treads
|-damage|p1a: Iron Treads|11/100
|move|p1a: Iron Treads|Earthquake|p2a: Indeedee
|-damage|p2a: Indeedee|0 fnt
|faint|p2a: Indeedee
|
|upkeep
|
|t:|1776086167
|switch|p2a: Alomomola|Alomomola, M, shiny|93/100
|turn|15
|
|t:|1776086173
|move|p1a: Iron Treads|Volt Switch|p2a: Alomomola
|-supereffective|p2a: Alomomola
|-damage|p2a: Alomomola|82/100
|
|t:|1776086176
|-end|p1a: Iron Treads|Quark Drive|[silent]
|switch|p1a: Electrode|Electrode-Hisui|81/100|[from] Volt Switch
|move|p2a: Alomomola|Flip Turn|p1a: Electrode
|-resisted|p1a: Electrode
|-damage|p1a: Electrode|67/100
|
|t:|1776086183
|switch|p2a: Weavile|Weavile, F|100/100|[from] Flip Turn
|
|upkeep
|turn|16
|
|t:|1776086193
|switch|p2a: Pecharunt|Pecharunt|63/100
|move|p1a: Electrode|Leaf Storm|p2a: Pecharunt
|-resisted|p2a: Pecharunt
|-damage|p2a: Pecharunt|30/100
|-unboost|p1a: Electrode|spa|2
|-damage|p1a: Electrode|57/100|[from] item: Life Orb
|
|-fieldend|move: Psychic Terrain
|upkeep
|turn|17
|
|t:|1776086203
|move|p1a: Electrode|Volt Switch|p2a: Pecharunt
|-damage|p2a: Pecharunt|11/100
|-damage|p1a: Electrode|47/100|[from] item: Life Orb
|
|t:|1776086217
|switch|p1a: Iron Treads|Iron Treads|11/100|[from] Volt Switch
|move|p2a: Pecharunt|Recover|p2a: Pecharunt
|-heal|p2a: Pecharunt|61/100
|
|upkeep
|turn|18
|
|t:|1776086225
|move|p1a: Iron Treads|Earthquake|p2a: Pecharunt
|-supereffective|p2a: Pecharunt
|-damage|p2a: Pecharunt|23/100
|move|p2a: Pecharunt|Recover|p2a: Pecharunt
|-heal|p2a: Pecharunt|73/100
|
|upkeep
|turn|19
|
|t:|1776086236
|switch|p2a: Alomomola|Alomomola, M, shiny|100/100
|move|p1a: Iron Treads|Earthquake|p2a: Alomomola
|-damage|p2a: Alomomola|73/100
|
|upkeep
|turn|20
|
|t:|1776086242
|move|p2a: Alomomola|Aqua Jet|p1a: Iron Treads
|-supereffective|p1a: Iron Treads
|-damage|p1a: Iron Treads|0 fnt
|faint|p1a: Iron Treads
|-end|p1a: Iron Treads|Quark Drive|[silent]
|
|upkeep
|
|t:|1776086251
|switch|p1a: Electrode|Electrode-Hisui|47/100
|turn|21
|
|t:|1776086257
|switch|p2a: Pecharunt|Pecharunt|73/100
|move|p1a: Electrode|Thunderbolt|p2a: Pecharunt
|-damage|p2a: Pecharunt|27/100
|-damage|p1a: Electrode|37/100|[from] item: Life Orb
|
|upkeep
|turn|22
|
|t:|1776086267
|move|p1a: Electrode|Thunderbolt|p2a: Pecharunt
|-damage|p2a: Pecharunt|0 fnt
|faint|p2a: Pecharunt
|-damage|p1a: Electrode|27/100|[from] item: Life Orb
|
|upkeep
|
|t:|1776086279
|switch|p2a: Cinderace|Cinderace, F, shiny|100/100
|turn|23
|
|t:|1776086286
|move|p1a: Electrode|Volt Switch|p2a: Cinderace
|-damage|p2a: Cinderace|61/100
|-damage|p1a: Electrode|17/100|[from] item: Life Orb
|
|t:|1776086290
|switch|p1a: Keldeo|Keldeo-Resolute|100/100|[from] Volt Switch
|move|p2a: Cinderace|U-turn|p1a: Keldeo
|-start|p2a: Cinderace|typechange|Bug|[from] ability: Libero
|-resisted|p1a: Keldeo
|-damage|p1a: Keldeo|84/100
|
|t:|1776086298
|switch|p2a: Alomomola|Alomomola, M, shiny|100/100|[from] U-turn
|
|upkeep
|turn|24
|
|t:|1776086314
|move|p1a: Keldeo|Secret Sword|p2a: Alomomola
|-crit|p2a: Alomomola
|-damage|p2a: Alomomola|38/100
|move|p2a: Alomomola|Ice Beam|p1a: Keldeo
|-resisted|p1a: Keldeo
|-damage|p1a: Keldeo|78/100
|
|upkeep
|turn|25
|
|t:|1776086323
|switch|p2a: Cinderace|Cinderace, F, shiny|61/100
|move|p1a: Keldeo|Secret Sword|p2a: Cinderace
|-damage|p2a: Cinderace|0 fnt
|faint|p2a: Cinderace
|
|upkeep
|
|t:|1776086330
|switch|p2a: Alomomola|Alomomola, M, shiny|71/100
|turn|26
|
|t:|1776086333
|move|p1a: Keldeo|Secret Sword|p2a: Alomomola
|-damage|p2a: Alomomola|25/100
|move|p2a: Alomomola|Mirror Coat|p1a: Keldeo
|-damage|p1a: Keldeo|0 fnt
|faint|p1a: Keldeo
|
|upkeep
|
|t:|1776086338
|switch|p1a: Electrode|Electrode-Hisui|17/100
|turn|27
|
|t:|1776086343
|switch|p2a: Weavile|Weavile, F|100/100
|move|p1a: Electrode|Thunderbolt|p2a: Weavile
|-damage|p2a: Weavile|35/100
|-damage|p1a: Electrode|7/100|[from] item: Life Orb
|
|upkeep
|turn|28
|
|t:|1776086350
|switch|p1a: Pecharunt|Pecharunt|52/100
|move|p2a: Weavile|Ice Shard|p1a: Pecharunt
|-damage|p1a: Pecharunt|37/100
|
|upkeep
|turn|29
|
|t:|1776086363
|switch|p2a: Alomomola|Alomomola, M, shiny|58/100
|move|p1a: Pecharunt|Recover|p1a: Pecharunt
|-heal|p1a: Pecharunt|87/100
|
|upkeep
|turn|30
|
|t:|1776086371
|switch|p2a: Weavile|Weavile, F|35/100
|move|p1a: Pecharunt|Malignant Chain|p2a: Weavile
|-damage|p2a: Weavile|0 fnt
|faint|p2a: Weavile
|
|upkeep
|
|t:|1776086379
|switch|p2a: Alomomola|Alomomola, M, shiny|91/100
|turn|31
|
|t:|1776086382
|move|p1a: Pecharunt|Malignant Chain|p2a: Alomomola
|-damage|p2a: Alomomola|74/100
|move|p2a: Alomomola|Mirror Coat|p1a: Pecharunt
|-damage|p1a: Pecharunt|43/100
|
|upkeep
|turn|32
|
|t:|1776086388
|move|p1a: Pecharunt|Recover|p1a: Pecharunt
|-heal|p1a: Pecharunt|93/100
|move|p2a: Alomomola|Ice Beam|p1a: Pecharunt
|-damage|p1a: Pecharunt|84/100
|-status|p1a: Pecharunt|frz
|
|upkeep
|turn|33
|
|t:|1776086399
|cant|p1a: Pecharunt|frz
|move|p2a: Alomomola|Ice Beam|p1a: Pecharunt
|-damage|p1a: Pecharunt|73/100 frz
|
|upkeep
|turn|34
|
|t:|1776086406
|cant|p1a: Pecharunt|frz
|move|p2a: Alomomola|Ice Beam|p1a: Pecharunt
|-damage|p1a: Pecharunt|63/100 frz
|
|upkeep
|turn|35
|
|t:|1776086412
|cant|p1a: Pecharunt|frz
|move|p2a: Alomomola|Ice Beam|p1a: Pecharunt
|-crit|p1a: Pecharunt
|-damage|p1a: Pecharunt|48/100 frz
|
|upkeep
|turn|36
|
|t:|1776086418
|-curestatus|p1a: Pecharunt|frz|[msg]
|move|p1a: Pecharunt|Recover|p1a: Pecharunt
|-heal|p1a: Pecharunt|98/100
|move|p2a: Alomomola|Ice Beam|p1a: Pecharunt
|-damage|p1a: Pecharunt|87/100
|
|upkeep
|turn|37
|
|t:|1776086426
|move|p1a: Pecharunt|Malignant Chain|p2a: Alomomola
|-damage|p2a: Alomomola|57/100
|move|p2a: Alomomola|Ice Beam|p1a: Pecharunt
|-damage|p1a: Pecharunt|77/100
|
|upkeep
|turn|38
|
|t:|1776086433
|move|p1a: Pecharunt|Malignant Chain|p2a: Alomomola
|-damage|p2a: Alomomola|40/100
|-status|p2a: Alomomola|tox
|-start|p2a: Alomomola|confusion|[from] ability: Poison Puppeteer|[of] p1a: Pecharunt
|-activate|p2a: Alomomola|confusion
|-damage|p2a: Alomomola|36/100 tox|[from] confusion
|
|-damage|p2a: Alomomola|29/100 tox|[from] psn
|upkeep
|turn|39
|
|t:|1776086443
|move|p1a: Pecharunt|Foul Play|p2a: Alomomola
|-damage|p2a: Alomomola|18/100 tox
|-end|p2a: Alomomola|confusion
|move|p2a: Alomomola|Mirror Coat||[still]
|-fail|p2a: Alomomola
|
|-damage|p2a: Alomomola|6/100 tox|[from] psn
|upkeep
|turn|40
|
|t:|1776086452
|move|p1a: Pecharunt|Foul Play|p2a: Alomomola
|-damage|p2a: Alomomola|0 fnt
|faint|p2a: Alomomola
|
|win|MegaMHX
|raw|MegaMHX's rating: 1406 &rarr; <strong>1424</strong><br />(+18 for winning)
|raw|redthotchilipepper's rating: 1376 &rarr; <strong>1358</strong><br />(-18 for losing)
|l| ohko_smeargle
|l|☆redthotchilipepper
|player|p2|
|l|‽MegaMHX
|player|p1|
