|html|<div class="broadcast-blue"><strong>[Gen 9] OU is currently suspecting Tera Blast! For information on how to participate check out the <a href="https://www.smogon.com/tools/suspects/view/200">suspect thread</a>.</strong></div>
|badge|p1|bronze|gen9ou|100-9
|uhtml|medal-msg|<div class="broadcast-blue">Curious what those medals under the avatar are? PS now has Ladder Seasons! For more information, check out the <a href="https://www.smogon.com/forums/threads/3740067/">thread on Smogon.</a></div>
|j|☆VivaHonduras
|j|☆drop a baby
|t:|1776044569
|gametype|singles
|player|p1|VivaHonduras|265|1843
|player|p2|drop a baby|chase|1784
|gen|9
|tier|[Gen 9] OU
|rated|
|rule|HP Percentage Mod: HP is shown in percentages
|rule|Endless Battle Clause: Forcing endless battles is banned
|rule|Species Clause: Limit one of each Pokémon
|rule|OHKO Clause: OHKO moves are banned
|rule|Evasion Items Clause: Evasion items are banned
|rule|Evasion Moves Clause: Evasion moves are banned
|rule|Evasion Abilities Clause: Evasion abilities are banned
|rule|Sleep Moves Clause: Sleep-inducing moves are banned
|clearpoke
|poke|p1|Crabominable, F|
|poke|p1|Heatran, F|
|poke|p1|Ogerpon-Wellspring, F|
|poke|p1|Landorus-Therian, M|
|poke|p1|Iron Treads|
|poke|p1|Dondozo, F|
|poke|p2|Glimmora, M|
|poke|p2|Iron Valiant|
|poke|p2|Kingambit, M|
|poke|p2|Gholdengo|
|poke|p2|Iron Moth|
|poke|p2|Kyurem|
|teampreview
|inactive|Battle timer is ON: inactive players will automatically lose when time's up. (requested by drop a baby)
|
|t:|1776044589
|teamsize|p1|6
|teamsize|p2|6
|start
|switch|p1a: Landorus|Landorus-Therian, M|100/100
|switch|p2a: Venom|Glimmora, M|100/100
|-ability|p1a: Landorus|Intimidate|boost
|-unboost|p2a: Venom|atk|1
|turn|1
|
|t:|1776044599
|switch|p2a: Amarok|Kyurem|100/100
|-ability|p2a: Amarok|Pressure
|move|p1a: Landorus|Earth Power|p2a: Amarok
|-damage|p2a: Amarok|71/100
|
|upkeep
|turn|2
|
|t:|1776044602
|switch|p1a: Crabominable|Crabominable, F|100/100
|move|p2a: Amarok|Dragon Dance|p2a: Amarok
|-boost|p2a: Amarok|atk|1
|-boost|p2a: Amarok|spe|1
|
|upkeep
|turn|3
|
|t:|1776044604
|switch|p1a: Dondozo|Dondozo, F|100/100
|move|p2a: Amarok|Scale Shot|p1a: Dondozo
|-damage|p1a: Dondozo|94/100
|-damage|p1a: Dondozo|88/100
|-damage|p1a: Dondozo|81/100
|-damage|p1a: Dondozo|74/100
|-damage|p1a: Dondozo|68/100
|-hitcount|p1a: Dondozo|5
|-unboost|p2a: Amarok|def|1
|-boost|p2a: Amarok|spe|1
|
|upkeep
|turn|4
|
|t:|1776044618
|switch|p2a: Mav's Joint|Iron Valiant|100/100
|-enditem|p2a: Mav's Joint|Booster Energy
|-activate|p2a: Mav's Joint|ability: Quark Drive|[fromitem]
|-start|p2a: Mav's Joint|quarkdrivespe
|move|p1a: Dondozo|Curse|p1a: Dondozo
|-unboost|p1a: Dondozo|spe|1
|-boost|p1a: Dondozo|atk|1
|-boost|p1a: Dondozo|def|1
|
|upkeep
|turn|5
|
|t:|1776044625
|switch|p1a: Heatran|Heatran, F|100/100
|move|p2a: Mav's Joint|Close Combat|p1a: Heatran
|-supereffective|p1a: Heatran
|-damage|p1a: Heatran|7/100
|-unboost|p2a: Mav's Joint|def|1
|-unboost|p2a: Mav's Joint|spd|1
|
|-heal|p1a: Heatran|13/100|[from] item: Leftovers
|upkeep
|turn|6
|
|t:|1776044629
|switch|p1a: Iron Treads|Iron Treads|100/100
|move|p2a: Mav's Joint|Knock Off|p1a: Iron Treads
|-damage|p1a: Iron Treads|75/100
|-enditem|p1a: Iron Treads|Leftovers|[from] move: Knock Off|[of] p2a: Mav's Joint
|
|upkeep
|turn|7
|
|t:|1776044633
|-terastallize|p1a: Iron Treads|Ghost
|move|p2a: Mav's Joint|Close Combat|p1a: Iron Treads
|-immune|p1a: Iron Treads
|move|p1a: Iron Treads|Iron Head|p2a: Mav's Joint
|-supereffective|p2a: Mav's Joint
|-damage|p2a: Mav's Joint|0 fnt
|faint|p2a: Mav's Joint
|-end|p2a: Mav's Joint|Quark Drive|[silent]
|
|upkeep
|
|t:|1776044638
|switch|p2a: Golden Joe|Gholdengo|100/100
|-item|p2a: Golden Joe|Air Balloon
|turn|8
|
|t:|1776044642
|move|p1a: Iron Treads|Iron Head|p2a: Golden Joe
|-resisted|p2a: Golden Joe
|-damage|p2a: Golden Joe|79/100
|-enditem|p2a: Golden Joe|Air Balloon
|move|p2a: Golden Joe|Shadow Ball|p1a: Iron Treads
|-supereffective|p1a: Iron Treads
|-damage|p1a: Iron Treads|0 fnt
|faint|p1a: Iron Treads
|-end|p1a: Iron Treads|Quark Drive|[silent]
|
|upkeep
|
|t:|1776044646
|switch|p1a: Landorus|Landorus-Therian, M|100/100
|-ability|p1a: Landorus|Intimidate|boost
|-unboost|p2a: Golden Joe|atk|1
|turn|9
|
|t:|1776044651
|switch|p2a: Amarok|Kyurem|71/100
|-ability|p2a: Amarok|Pressure
|move|p1a: Landorus|Earth Power|p2a: Amarok
|-damage|p2a: Amarok|39/100
|
|upkeep
|turn|10
|
|t:|1776044657
|switch|p1a: Dondozo|Dondozo, F|68/100
|move|p2a: Amarok|Icicle Spear|p1a: Dondozo
|-resisted|p1a: Dondozo
|-damage|p1a: Dondozo|65/100
|-resisted|p1a: Dondozo
|-damage|p1a: Dondozo|62/100
|-resisted|p1a: Dondozo
|-damage|p1a: Dondozo|58/100
|-resisted|p1a: Dondozo
|-damage|p1a: Dondozo|55/100
|-hitcount|p1a: Dondozo|4
|
|upkeep
|turn|11
|
|t:|1776044660
|move|p2a: Amarok|Scale Shot|p1a: Dondozo
|-damage|p1a: Dondozo|49/100
|-damage|p1a: Dondozo|43/100
|-damage|p1a: Dondozo|37/100
|-damage|p1a: Dondozo|30/100
|-hitcount|p1a: Dondozo|4
|-unboost|p2a: Amarok|def|1
|-boost|p2a: Amarok|spe|1
|move|p1a: Dondozo|Rest|p1a: Dondozo
|-status|p1a: Dondozo|slp|[from] move: Rest
|-heal|p1a: Dondozo|100/100 slp|[silent]
|
|upkeep
|turn|12
|
|t:|1776044663
|move|p2a: Amarok|Scale Shot|p1a: Dondozo
|-damage|p1a: Dondozo|95/100 slp
|-damage|p1a: Dondozo|88/100 slp
|-damage|p1a: Dondozo|81/100 slp
|-damage|p1a: Dondozo|75/100 slp
|-damage|p1a: Dondozo|68/100 slp
|-hitcount|p1a: Dondozo|5
|-unboost|p2a: Amarok|def|1
|-boost|p2a: Amarok|spe|1
|cant|p1a: Dondozo|slp
|move|p1a: Dondozo|Sleep Talk|p1a: Dondozo
|move|p1a: Dondozo|Curse|p1a: Dondozo|[from] move: Sleep Talk
|-unboost|p1a: Dondozo|spe|1
|-boost|p1a: Dondozo|atk|1
|-boost|p1a: Dondozo|def|1
|
|upkeep
|turn|13
|
|t:|1776044668
|switch|p2a: Venom|Glimmora, M|100/100
|cant|p1a: Dondozo|slp
|move|p1a: Dondozo|Sleep Talk|p1a: Dondozo
|move|p1a: Dondozo|Waterfall|p2a: Venom|[from] move: Sleep Talk
|-supereffective|p2a: Venom
|-enditem|p2a: Venom|Focus Sash
|-damage|p2a: Venom|1/100
|-activate|p2a: Venom|ability: Toxic Debris
|-sidestart|p1: VivaHonduras|move: Toxic Spikes
|
|upkeep
|turn|14
|
|t:|1776044677
|switch|p1a: Landorus|Landorus-Therian, M|100/100
|-ability|p1a: Landorus|Intimidate|boost
|-unboost|p2a: Venom|atk|1
|move|p2a: Venom|Stealth Rock|p1a: Landorus
|-sidestart|p1: VivaHonduras|move: Stealth Rock
|
|upkeep
|turn|15
|
|t:|1776044681
|switch|p2a: Amarok|Kyurem|39/100
|-ability|p2a: Amarok|Pressure
|move|p1a: Landorus|Earth Power|p2a: Amarok
|-damage|p2a: Amarok|8/100
|
|upkeep
|turn|16
|
|t:|1776044687
|switch|p1a: Dondozo|Dondozo, F|68/100 slp
|move|p2a: Amarok|Scale Shot|p1a: Dondozo
|-damage|p1a: Dondozo|62/100 slp
|-damage|p1a: Dondozo|56/100 slp
|-damage|p1a: Dondozo|49/100 slp
|-damage|p1a: Dondozo|43/100 slp
|-hitcount|p1a: Dondozo|4
|-unboost|p2a: Amarok|def|1
|-boost|p2a: Amarok|spe|1
|
|upkeep
|turn|17
|
|t:|1776044692
|move|p2a: Amarok|Scale Shot|p1a: Dondozo
|-crit|p1a: Dondozo
|-damage|p1a: Dondozo|33/100 slp
|-damage|p1a: Dondozo|26/100 slp
|-crit|p1a: Dondozo
|-damage|p1a: Dondozo|16/100 slp
|-damage|p1a: Dondozo|10/100 slp
|-damage|p1a: Dondozo|4/100 slp
|-hitcount|p1a: Dondozo|5
|-unboost|p2a: Amarok|def|1
|-boost|p2a: Amarok|spe|1
|-curestatus|p1a: Dondozo|slp|[msg]
|move|p1a: Dondozo|Rest|p1a: Dondozo
|-status|p1a: Dondozo|slp|[from] move: Rest
|-heal|p1a: Dondozo|100/100 slp|[silent]
|
|upkeep
|turn|18
|
|t:|1776044695
|move|p2a: Amarok|Scale Shot|p1a: Dondozo
|-damage|p1a: Dondozo|94/100 slp
|-damage|p1a: Dondozo|87/100 slp
|-damage|p1a: Dondozo|81/100 slp
|-damage|p1a: Dondozo|74/100 slp
|-hitcount|p1a: Dondozo|4
|-unboost|p2a: Amarok|def|1
|-boost|p2a: Amarok|spe|1
|cant|p1a: Dondozo|slp
|move|p1a: Dondozo|Sleep Talk|p1a: Dondozo
|move|p1a: Dondozo|Rest||[from] move: Sleep Talk|[still]
|-fail|p1a: Dondozo
|
|upkeep
|turn|19
|
|t:|1776044698
|move|p2a: Amarok|Scale Shot|p1a: Dondozo
|-damage|p1a: Dondozo|68/100 slp
|-damage|p1a: Dondozo|61/100 slp
|-damage|p1a: Dondozo|55/100 slp
|-damage|p1a: Dondozo|49/100 slp
|-damage|p1a: Dondozo|42/100 slp
|-hitcount|p1a: Dondozo|5
|-unboost|p2a: Amarok|def|1
|-boost|p2a: Amarok|spe|1
|cant|p1a: Dondozo|slp
|move|p1a: Dondozo|Sleep Talk|p1a: Dondozo
|move|p1a: Dondozo|Waterfall|p2a: Amarok|[from] move: Sleep Talk
|-resisted|p2a: Amarok
|-damage|p2a: Amarok|0 fnt
|faint|p2a: Amarok
|
|upkeep
|
|t:|1776044703
|switch|p2a: Golden Joe|Gholdengo|79/100
|turn|20
|
|t:|1776044714
|switch|p1a: Heatran|Heatran, F|13/100
|-damage|p1a: Heatran|1/100|[from] Stealth Rock
|move|p2a: Golden Joe|Shadow Ball|p1a: Heatran
|-damage|p1a: Heatran|0 fnt
|faint|p1a: Heatran
|
|upkeep
|
|t:|1776044715
|switch|p1a: Landorus|Landorus-Therian, M|100/100
|-damage|p1a: Landorus|88/100|[from] Stealth Rock
|-ability|p1a: Landorus|Intimidate|boost
|-unboost|p2a: Golden Joe|atk|1
|turn|21
|
|t:|1776044721
|switch|p2a: Venom|Glimmora, M|1/100
|move|p1a: Landorus|Earth Power|p2a: Venom
|-supereffective|p2a: Venom
|-damage|p2a: Venom|0 fnt
|faint|p2a: Venom
|
|upkeep
|
|t:|1776044723
|switch|p2a: Chief|Kingambit, M|100/100
|-activate|p2a: Chief|ability: Supreme Overlord
|-start|p2a: Chief|fallen3|[silent]
|turn|22
|
|t:|1776044729
|switch|p1a: Dondozo|Dondozo, F|42/100 slp
|-terastallize|p2a: Chief|Dark
|move|p2a: Chief|Sucker Punch||[still]
|-fail|p2a: Chief
|
|upkeep
|turn|23
|
|t:|1776044733
|move|p2a: Chief|Kowtow Cleave|p1a: Dondozo
|-damage|p1a: Dondozo|0 fnt
|faint|p1a: Dondozo
|
|upkeep
|
|t:|1776044736
|switch|p1a: Crabominable|Crabominable, F|100/100
|-status|p1a: Crabominable|psn
|-damage|p1a: Crabominable|88/100 psn|[from] Stealth Rock
|turn|24
|
|t:|1776044738
|-end|p2a: Chief|fallen3|[silent]
|switch|p2a: Golden Joe|Gholdengo|79/100
|move|p1a: Crabominable|Knock Off|p2a: Golden Joe
|-supereffective|p2a: Golden Joe
|-damage|p2a: Golden Joe|25/100
|
|-damage|p1a: Crabominable|76/100 psn|[from] psn
|upkeep
|turn|25
|
|t:|1776044744
|move|p2a: Golden Joe|Shadow Ball|p1a: Crabominable
|-damage|p1a: Crabominable|46/100 psn
|move|p1a: Crabominable|Knock Off|p2a: Golden Joe
|-supereffective|p2a: Golden Joe
|-damage|p2a: Golden Joe|0 fnt
|faint|p2a: Golden Joe
|
|-damage|p1a: Crabominable|34/100 psn|[from] psn
|upkeep
|
|t:|1776044751
|switch|p2a: Chief|Kingambit, M, tera:Dark|100/100
|-activate|p2a: Chief|ability: Supreme Overlord
|-start|p2a: Chief|fallen4|[silent]
|turn|26
|
|t:|1776044754
|move|p2a: Chief|Sucker Punch|p1a: Crabominable
|-resisted|p1a: Crabominable
|-damage|p1a: Crabominable|0 fnt
|faint|p1a: Crabominable
|
|upkeep
|
|t:|1776044757
|switch|p1a: Ogerpon|Ogerpon-Wellspring, F|100/100
|-status|p1a: Ogerpon|psn
|-damage|p1a: Ogerpon|88/100 psn|[from] Stealth Rock
|turn|27
|
|t:|1776044759
|move|p2a: Chief|Sucker Punch||[still]
|-fail|p2a: Chief
|move|p1a: Ogerpon|Encore|p2a: Chief
|-start|p2a: Chief|Encore
|
|-damage|p1a: Ogerpon|76/100 psn|[from] psn
|upkeep
|turn|28
|
|t:|1776044764
|move|p2a: Chief|Sucker Punch|p1a: Ogerpon
|-damage|p1a: Ogerpon|0 fnt
|faint|p1a: Ogerpon
|
|upkeep
|
|t:|1776044765
|switch|p1a: Landorus|Landorus-Therian, M|88/100
|-damage|p1a: Landorus|76/100|[from] Stealth Rock
|-ability|p1a: Landorus|Intimidate|boost
|-unboost|p2a: Chief|atk|1
|turn|29
|
|t:|1776044767
|-end|p2a: Chief|fallen4|[silent]
|switch|p2a: Polyphemus|Iron Moth|100/100
|-enditem|p2a: Polyphemus|Booster Energy
|-activate|p2a: Polyphemus|ability: Quark Drive|[fromitem]
|-start|p2a: Polyphemus|quarkdrivespe
|move|p1a: Landorus|Earth Power|p2a: Polyphemus
|-supereffective|p2a: Polyphemus
|-damage|p2a: Polyphemus|0 fnt
|faint|p2a: Polyphemus
|-end|p2a: Polyphemus|Quark Drive|[silent]
|
|upkeep
|
|t:|1776044769
|switch|p2a: Chief|Kingambit, M, tera:Dark|100/100
|-activate|p2a: Chief|ability: Supreme Overlord
|-start|p2a: Chief|fallen5|[silent]
|turn|30
|
|t:|1776044771
|move|p1a: Landorus|Earth Power|p2a: Chief
|-damage|p2a: Chief|64/100
|move|p2a: Chief|Kowtow Cleave|p1a: Landorus
|-damage|p1a: Landorus|0 fnt
|-damage|p2a: Chief|48/100|[from] item: Rocky Helmet|[of] p1a: Landorus
|faint|p1a: Landorus
|
|win|drop a baby
|raw|VivaHonduras's rating: 1843 &rarr; <strong>1820</strong><br />(-23 for losing)
|raw|drop a baby's rating: 1784 &rarr; <strong>1807</strong><br />(+23 for winning)
|c|☆drop a baby|gg
|l|☆VivaHonduras
|player|p1|
|l|☆drop a baby
|player|p2|
