|html|<div class="broadcast-blue"><strong>[Gen 9] OU is currently suspecting Tera Blast! For information on how to participate check out the <a href="https://www.smogon.com/tools/suspects/view/200">suspect thread</a>.</strong></div>
|j|☆Malexrocks
|j|‽flyatnight1234
|t:|1776074771
|gametype|singles
|player|p1|Malexrocks|1|1376
|player|p2|flyatnight1234|170|1346
|gen|9
|tier|[Gen 9] OU
|rated|
|rule|HP Percentage Mod: HP is shown in percentages
|rule|Endless Battle Clause: Forcing endless battles is banned
|rule|Species Clause: Limit one of each Pokémon
|rule|OHKO Clause: OHKO moves are banned
|rule|Evasion Items Clause: Evasion items are banned
|rule|Evasion Moves Clause: Evasion moves are banned
|rule|Evasion Abilities Clause: Evasion abilities are banned
|rule|Sleep Moves Clause: Sleep-inducing moves are banned
|clearpoke
|poke|p1|Raging Bolt|
|poke|p1|Rillaboom, M|
|poke|p1|Hawlucha, M|
|poke|p1|Primarina, M|
|poke|p1|Great Tusk|
|poke|p1|Heatran, F|
|poke|p2|Garchomp, M|
|poke|p2|Cloyster, F|
|poke|p2|Ninetales-Alola, M|
|poke|p2|Magnezone|
|poke|p2|Kyurem|
|poke|p2|Mew|
|teampreview
|inactive|Battle timer is ON: inactive players will automatically lose when time's up. (requested by Malexrocks)
|inactive|flyatnight1234 has 120 seconds left.
|
|t:|1776074823
|teamsize|p1|6
|teamsize|p2|6
|start
|switch|p1a: Primarina|Primarina, M|100/100
|switch|p2a: Ninetales|Ninetales-Alola, M|100/100
|-weather|Snowscape|[from] ability: Snow Warning|[of] p2a: Ninetales
|turn|1
|
|t:|1776074851
|move|p2a: Ninetales|Aurora Veil|p2a: Ninetales
|-sidestart|p2: flyatnight1234|move: Aurora Veil
|move|p1a: Primarina|Substitute|p1a: Primarina
|-start|p1a: Primarina|Substitute
|-damage|p1a: Primarina|76/100
|
|-weather|Snowscape|[upkeep]
|upkeep
|turn|2
|
|t:|1776074860
|move|p2a: Ninetales|Freeze-Dry|p1a: Primarina
|-supereffective|p1a: Primarina
|-end|p1a: Primarina|Substitute
|move|p1a: Primarina|Calm Mind|p1a: Primarina
|-boost|p1a: Primarina|spa|1
|-boost|p1a: Primarina|spd|1
|
|-weather|Snowscape|[upkeep]
|upkeep
|turn|3
|inactive|Malexrocks has 120 seconds left.
|inactive|flyatnight1234 has 120 seconds left.
|
|t:|1776074899
|move|p2a: Ninetales|Freeze-Dry|p1a: Primarina
|-supereffective|p1a: Primarina
|-damage|p1a: Primarina|44/100
|move|p1a: Primarina|Calm Mind|p1a: Primarina
|-boost|p1a: Primarina|spa|1
|-boost|p1a: Primarina|spd|1
|
|-weather|Snowscape|[upkeep]
|upkeep
|turn|4
|inactive|Malexrocks has 120 seconds left.
|
|t:|1776074908
|move|p2a: Ninetales|Freeze-Dry|p1a: Primarina
|-supereffective|p1a: Primarina
|-damage|p1a: Primarina|19/100
|move|p1a: Primarina|Substitute|p1a: Primarina
|-fail|p1a: Primarina|move: Substitute|[weak]
|
|-weather|Snowscape|[upkeep]
|upkeep
|turn|5
|
|t:|1776074914
|move|p2a: Ninetales|Freeze-Dry|p1a: Primarina
|-supereffective|p1a: Primarina
|-damage|p1a: Primarina|0 fnt
|faint|p1a: Primarina
|
|-weather|none
|-sideend|p2: flyatnight1234|move: Aurora Veil
|upkeep
|
|t:|1776074920
|switch|p1a: Heatran|Heatran, F|100/100
|turn|6
|
|t:|1776074925
|switch|p2a: Garchomp|Garchomp, M|100/100
|move|p1a: Heatran|Magma Storm|p2a: Garchomp
|-resisted|p2a: Garchomp
|-damage|p2a: Garchomp|78/100
|-activate|p2a: Garchomp|move: Magma Storm|[of] p1a: Heatran
|
|-damage|p2a: Garchomp|66/100|[from] move: Magma Storm|[partiallytrapped]
|upkeep
|turn|7
|
|t:|1776074943
|switch|p1a: Rillaboom|Rillaboom, M|100/100
|-fieldstart|move: Grassy Terrain|[from] ability: Grassy Surge|[of] p1a: Rillaboom
|move|p2a: Garchomp|Outrage|p1a: Rillaboom
|-damage|p1a: Rillaboom|33/100
|
|-heal|p2a: Garchomp|72/100|[from] Grassy Terrain
|-heal|p1a: Rillaboom|39/100|[from] Grassy Terrain
|-end|p2a: Garchomp|Magma Storm|[partiallytrapped]|[silent]
|upkeep
|turn|8
|
|t:|1776074953
|switch|p1a: Heatran|Heatran, F|100/100
|move|p2a: Garchomp|Outrage|p1a: Heatran|[from] lockedmove
|-resisted|p1a: Heatran
|-damage|p1a: Heatran|69/100
|-start|p2a: Garchomp|confusion|[fatigue]
|
|-heal|p2a: Garchomp|78/100|[from] Grassy Terrain
|-heal|p1a: Heatran|75/100|[from] Grassy Terrain
|-heal|p1a: Heatran|81/100|[from] item: Leftovers
|upkeep
|turn|9
|
|t:|1776074970
|-activate|p2a: Garchomp|confusion
|move|p2a: Garchomp|Swords Dance|p2a: Garchomp
|-boost|p2a: Garchomp|atk|2
|move|p1a: Heatran|Magma Storm|p2a: Garchomp
|-resisted|p2a: Garchomp
|-damage|p2a: Garchomp|55/100
|-activate|p2a: Garchomp|move: Magma Storm|[of] p1a: Heatran
|
|-heal|p2a: Garchomp|61/100|[from] Grassy Terrain
|-heal|p1a: Heatran|87/100|[from] Grassy Terrain
|-heal|p1a: Heatran|94/100|[from] item: Leftovers
|-damage|p2a: Garchomp|48/100|[from] move: Magma Storm|[partiallytrapped]
|upkeep
|turn|10
|
|t:|1776074983
|switch|p1a: Great Tusk|Great Tusk|100/100
|-enditem|p1a: Great Tusk|Booster Energy
|-activate|p1a: Great Tusk|ability: Protosynthesis|[fromitem]
|-start|p1a: Great Tusk|protosynthesisspe
|-end|p2a: Garchomp|confusion
|move|p2a: Garchomp|Scale Shot|p1a: Great Tusk
|-damage|p1a: Great Tusk|82/100
|-damage|p1a: Great Tusk|61/100
|-hitcount|p1a: Great Tusk|2
|-unboost|p2a: Garchomp|def|1
|-boost|p2a: Garchomp|spe|1
|
|-heal|p2a: Garchomp|55/100|[from] Grassy Terrain
|-heal|p1a: Great Tusk|67/100|[from] Grassy Terrain
|-end|p2a: Garchomp|Magma Storm|[partiallytrapped]|[silent]
|upkeep
|turn|11
|
|t:|1776075005
|move|p2a: Garchomp|Outrage|p1a: Great Tusk
|-damage|p1a: Great Tusk|0 fnt
|faint|p1a: Great Tusk
|-end|p1a: Great Tusk|Protosynthesis|[silent]
|
|-heal|p2a: Garchomp|61/100|[from] Grassy Terrain
|upkeep
|
|t:|1776075012
|switch|p1a: Hawlucha|Hawlucha, M|100/100
|-enditem|p1a: Hawlucha|Grassy Seed
|-boost|p1a: Hawlucha|def|1|[from] item: Grassy Seed
|turn|12
|
|t:|1776075020
|-terastallize|p1a: Hawlucha|Flying
|move|p1a: Hawlucha|Acrobatics|p2a: Garchomp
|-damage|p2a: Garchomp|0 fnt
|-damage|p1a: Hawlucha|88/100|[from] ability: Rough Skin|[of] p2a: Garchomp
|faint|p2a: Garchomp
|
|upkeep
|inactive|flyatnight1234 has 120 seconds left.
|
|t:|1776075051
|switch|p2a: Ninetales|Ninetales-Alola, M|100/100
|-weather|Snowscape|[from] ability: Snow Warning|[of] p2a: Ninetales
|turn|13
|inactive|flyatnight1234 has 120 seconds left.
|
|t:|1776075064
|move|p1a: Hawlucha|Swords Dance|p1a: Hawlucha
|-boost|p1a: Hawlucha|atk|2
|move|p2a: Ninetales|Freeze-Dry|p1a: Hawlucha
|-supereffective|p1a: Hawlucha
|-damage|p1a: Hawlucha|12/100
|
|-weather|Snowscape|[upkeep]
|upkeep
|turn|14
|inactive|flyatnight1234 has 120 seconds left.
|inactive|flyatnight1234 has 90 seconds left.
|inactive|flyatnight1234 has 60 seconds left.
|
|t:|1776075136
|switch|p2a: Mew|Mew|100/100
|move|p1a: Hawlucha|Close Combat|p2a: Mew
|-resisted|p2a: Mew
|-damage|p2a: Mew|57/100
|-unboost|p1a: Hawlucha|def|1
|-unboost|p1a: Hawlucha|spd|1
|
|-weather|Snowscape|[upkeep]
|-heal|p2a: Mew|63/100|[from] Grassy Terrain
|-heal|p2a: Mew|69/100|[from] item: Leftovers
|-fieldend|move: Grassy Terrain
|upkeep
|turn|15
|inactive|flyatnight1234 has 60 seconds left.
|
|t:|1776075149
|move|p1a: Hawlucha|Acrobatics|p2a: Mew
|-damage|p2a: Mew|0 fnt
|faint|p2a: Mew
|
|-weather|Snowscape|[upkeep]
|upkeep
|
|t:|1776075154
|switch|p2a: Cloyster|Cloyster, F|100/100
|turn|16
|
|t:|1776075158
|move|p2a: Cloyster|Ice Shard|p1a: Hawlucha
|-supereffective|p1a: Hawlucha
|-damage|p1a: Hawlucha|0 fnt
|faint|p1a: Hawlucha
|
|-weather|Snowscape|[upkeep]
|upkeep
|
|t:|1776075165
|switch|p1a: Raging Bolt|Raging Bolt|100/100
|turn|17
|
|t:|1776075187
|move|p1a: Raging Bolt|Thunderclap|p2a: Cloyster
|-supereffective|p2a: Cloyster
|-damage|p2a: Cloyster|0 fnt
|faint|p2a: Cloyster
|-damage|p1a: Raging Bolt|91/100|[from] item: Life Orb
|
|-weather|none
|upkeep
|inactive|flyatnight1234 has 60 seconds left.
|
|t:|1776075214
|switch|p2a: Ninetales|Ninetales-Alola, M|100/100
|-weather|Snowscape|[from] ability: Snow Warning|[of] p2a: Ninetales
|turn|18
|
|t:|1776075226
|-end|p1a: Raging Bolt|Protosynthesis|[silent]
|switch|p1a: Heatran|Heatran, F|94/100
|move|p2a: Ninetales|Moonblast|p1a: Heatran
|-resisted|p1a: Heatran
|-damage|p1a: Heatran|88/100
|-unboost|p1a: Heatran|spa|1
|
|-weather|Snowscape|[upkeep]
|-heal|p1a: Heatran|94/100|[from] item: Leftovers
|upkeep
|turn|19
|
|t:|1776075243
|move|p2a: Ninetales|Aurora Veil|p2a: Ninetales
|-sidestart|p2: flyatnight1234|move: Aurora Veil
|move|p1a: Heatran|Stealth Rock|p2a: Ninetales
|-sidestart|p2: flyatnight1234|move: Stealth Rock
|
|-weather|Snowscape|[upkeep]
|-heal|p1a: Heatran|100/100|[from] item: Leftovers
|upkeep
|turn|20
|
|t:|1776075249
|move|p2a: Ninetales|Encore|p1a: Heatran
|-start|p1a: Heatran|Encore
|move|p1a: Heatran|Stealth Rock||[still]
|-fail|p1a: Heatran
|
|-weather|Snowscape|[upkeep]
|upkeep
|turn|21
|
|t:|1776075260
|switch|p2a: Kyurem|Kyurem|100/100
|-ability|p2a: Kyurem|Pressure
|switch|p1a: Rillaboom|Rillaboom, M|39/100
|-fieldstart|move: Grassy Terrain|[from] ability: Grassy Surge|[of] p1a: Rillaboom
|
|-weather|Snowscape|[upkeep]
|-heal|p1a: Rillaboom|45/100|[from] Grassy Terrain
|upkeep
|turn|22
|
|t:|1776075272
|move|p2a: Kyurem|Freeze-Dry|p1a: Rillaboom
|-supereffective|p1a: Rillaboom
|-damage|p1a: Rillaboom|0 fnt
|faint|p1a: Rillaboom
|
|-weather|none
|upkeep
|
|t:|1776075276
|switch|p1a: Heatran|Heatran, F|100/100
|turn|23
|
|t:|1776075279
|move|p2a: Kyurem|Earth Power|p1a: Heatran
|-supereffective|p1a: Heatran
|-damage|p1a: Heatran|16/100
|move|p1a: Heatran|Magma Storm|p2a: Kyurem
|-damage|p2a: Kyurem|83/100
|-activate|p2a: Kyurem|move: Magma Storm|[of] p1a: Heatran
|
|-heal|p2a: Kyurem|89/100|[from] Grassy Terrain
|-heal|p1a: Heatran|22/100|[from] Grassy Terrain
|-heal|p1a: Heatran|28/100|[from] item: Leftovers
|-damage|p2a: Kyurem|76/100|[from] move: Magma Storm|[partiallytrapped]
|-sideend|p2: flyatnight1234|move: Aurora Veil
|upkeep
|turn|24
|
|t:|1776075291
|switch|p1a: Raging Bolt|Raging Bolt|91/100
|move|p2a: Kyurem|Earth Power|p1a: Raging Bolt
|-supereffective|p1a: Raging Bolt
|-damage|p1a: Raging Bolt|24/100
|
|-heal|p1a: Raging Bolt|30/100|[from] Grassy Terrain
|-heal|p2a: Kyurem|82/100|[from] Grassy Terrain
|-end|p2a: Kyurem|Magma Storm|[partiallytrapped]|[silent]
|upkeep
|turn|25
|inactive|flyatnight1234 has 60 seconds left.
|
|t:|1776075306
|-terastallize|p2a: Kyurem|Fairy
|move|p1a: Raging Bolt|Draco Meteor|p2a: Kyurem
|-immune|p2a: Kyurem
|move|p2a: Kyurem|Freeze-Dry|p1a: Raging Bolt
|-supereffective|p1a: Raging Bolt
|-damage|p1a: Raging Bolt|0 fnt
|faint|p1a: Raging Bolt
|-end|p1a: Raging Bolt|Protosynthesis|[silent]
|
|-heal|p2a: Kyurem|88/100|[from] Grassy Terrain
|upkeep
|-message|Malexrocks forfeited.
|
|win|flyatnight1234
|raw|Malexrocks's rating: 1376 &rarr; <strong>1354</strong><br />(-22 for losing)
|raw|flyatnight1234's rating: 1346 &rarr; <strong>1368</strong><br />(+22 for winning)
|l|☆Malexrocks
|player|p1|
|l|‽flyatnight1234
|player|p2|
|j|‽flyatnight1234
|player|p2|flyatnight1234|170|
|n|‽flyatnight1234|flyatnight1234
|l|‽flyatnight1234
|player|p2|
