|html|<div class="broadcast-blue"><strong>[Gen 9] OU is currently suspecting Tera Blast! For information on how to participate check out the <a href="https://www.smogon.com/tools/suspects/view/200">suspect thread</a>.</strong></div>
|j|☆JSD10
|j|☆tony4939312
|t:|1776125430
|gametype|singles
|player|p1|JSD10|1|1374
|player|p2|tony4939312|266|1337
|gen|9
|tier|[Gen 9] OU
|rated|
|rule|HP Percentage Mod: HP is shown in percentages
|rule|Endless Battle Clause: Forcing endless battles is banned
|rule|Species Clause: Limit one of each Pokémon
|rule|OHKO Clause: OHKO moves are banned
|rule|Evasion Items Clause: Evasion items are banned
|rule|Evasion Moves Clause: Evasion moves are banned
|rule|Evasion Abilities Clause: Evasion abilities are banned
|rule|Sleep Moves Clause: Sleep-inducing moves are banned
|clearpoke
|poke|p1|Moltres-Galar|
|poke|p1|Gholdengo|
|poke|p1|Samurott-Hisui, M|
|poke|p1|Smeargle, F|
|poke|p1|Zamazenta-*|
|poke|p1|Deoxys-Speed|
|poke|p2|Slowking-Galar, M|
|poke|p2|Iron Valiant|
|poke|p2|Iron Treads|
|poke|p2|Alomomola, M|
|poke|p2|Dragapult, M|
|poke|p2|Meowscarada, F|
|teampreview
|inactive|Battle timer is ON: inactive players will automatically lose when time's up. (requested by tony4939312)
|c|☆JSD10|glhf
|
|t:|1776125444
|teamsize|p1|6
|teamsize|p2|6
|start
|switch|p1a: Samurott|Samurott-Hisui, M, shiny|100/100
|switch|p2a: Meowscarada|Meowscarada, F|100/100
|turn|1
|
|t:|1776125449
|move|p2a: Meowscarada|Flower Trick|p1a: Samurott
|-start|p2a: Meowscarada|typechange|Grass|[from] ability: Protean
|-supereffective|p1a: Samurott
|-crit|p1a: Samurott
|-enditem|p1a: Samurott|Focus Sash
|-damage|p1a: Samurott|1/100
|move|p1a: Samurott|Ceaseless Edge|p2a: Meowscarada
|-damage|p2a: Meowscarada|27/100
|-sidestart|p2: tony4939312|Spikes
|
|upkeep
|turn|2
|
|t:|1776125457
|move|p2a: Meowscarada|Flower Trick|p1a: Samurott
|-supereffective|p1a: Samurott
|-crit|p1a: Samurott
|-damage|p1a: Samurott|0 fnt
|faint|p1a: Samurott
|
|upkeep
|
|t:|1776125470
|switch|p1a: Deoxys|Deoxys-Speed, shiny|100/100
|-ability|p1a: Deoxys|Pressure
|turn|3
|
|t:|1776125477
|switch|p2a: Slowking|Slowking-Galar, M, shiny|100/100
|move|p1a: Deoxys|Psycho Boost|p2a: Slowking
|-damage|p2a: Slowking|74/100
|-unboost|p1a: Deoxys|spa|2
|
|upkeep
|turn|4
|
|t:|1776125483
|move|p1a: Deoxys|Light Screen|p1a: Deoxys
|-sidestart|p1: JSD10|move: Light Screen
|-prepare|p2a: Slowking|Chilly Reception|[premajor]
|move|p2a: Slowking|Chilly Reception|p2a: Slowking
|-weather|Snowscape
|
|t:|1776125487
|switch|p2a: Iron Treads|Iron Treads, shiny|100/100|[from] Chilly Reception
|
|-weather|Snowscape|[upkeep]
|upkeep
|turn|5
|
|t:|1776125491
|switch|p1a: Gholdengo|Gholdengo, shiny|100/100
|move|p2a: Iron Treads|Volt Switch|p1a: Gholdengo
|-damage|p1a: Gholdengo|91/100
|
|t:|1776125497
|-end|p2a: Iron Treads|Quark Drive|[silent]
|switch|p2a: Iron Valiant|Iron Valiant, shiny|100/100|[from] Volt Switch
|-damage|p2a: Iron Valiant|88/100|[from] Spikes
|
|-weather|Snowscape|[upkeep]
|upkeep
|turn|6
|
|t:|1776125505
|-terastallize|p2a: Iron Valiant|Steel
|move|p1a: Gholdengo|Make It Rain|p2a: Iron Valiant
|-resisted|p2a: Iron Valiant
|-damage|p2a: Iron Valiant|27/100
|-unboost|p1a: Gholdengo|spa|1
|move|p2a: Iron Valiant|Knock Off|p1a: Gholdengo
|-supereffective|p1a: Gholdengo
|-damage|p1a: Gholdengo|16/100
|-enditem|p1a: Gholdengo|Choice Scarf|[from] move: Knock Off|[of] p2a: Iron Valiant
|
|-weather|Snowscape|[upkeep]
|upkeep
|turn|7
|
|t:|1776125513
|move|p2a: Iron Valiant|Knock Off|p1a: Gholdengo
|-supereffective|p1a: Gholdengo
|-damage|p1a: Gholdengo|0 fnt
|faint|p1a: Gholdengo
|
|-weather|Snowscape|[upkeep]
|upkeep
|
|t:|1776125520
|switch|p1a: Deoxys|Deoxys-Speed, shiny|100/100
|-ability|p1a: Deoxys|Pressure
|turn|8
|
|t:|1776125523
|-end|p2a: Iron Valiant|Quark Drive|[silent]
|switch|p2a: Slowking|Slowking-Galar, M, shiny|100/100
|move|p1a: Deoxys|Psycho Boost|p2a: Slowking
|-damage|p2a: Slowking|76/100
|-unboost|p1a: Deoxys|spa|2
|
|-weather|none
|upkeep
|turn|9
|
|t:|1776125532
|move|p1a: Deoxys|Reflect|p1a: Deoxys
|-sidestart|p1: JSD10|Reflect
|move|p2a: Slowking|Thunder Wave|p1a: Deoxys
|-status|p1a: Deoxys|par
|
|upkeep
|turn|10
|
|t:|1776125536
|move|p1a: Deoxys|Taunt|p2a: Slowking
|-start|p2a: Slowking|move: Taunt
|-prepare|p2a: Slowking|Chilly Reception|[premajor]
|cant|p2a: Slowking|move: Taunt|Chilly Reception
|
|upkeep
|turn|11
|
|t:|1776125547
|switch|p1a: Moltres|Moltres-Galar, shiny|100/100
|switch|p2a: Dragapult|Dragapult, M|100/100
|-damage|p2a: Dragapult|88/100|[from] Spikes
|
|-sideend|p1: JSD10|move: Light Screen
|upkeep
|turn|12
|
|t:|1776125551
|move|p2a: Dragapult|Body Slam|p1a: Moltres
|-damage|p1a: Moltres|79/100
|-status|p1a: Moltres|par
|-damage|p2a: Dragapult|78/100|[from] item: Life Orb
|move|p1a: Moltres|Fiery Wrath|p2a: Dragapult
|-supereffective|p2a: Dragapult
|-damage|p2a: Dragapult|0 fnt
|faint|p2a: Dragapult
|
|upkeep
|
|t:|1776125556
|switch|p2a: Iron Treads|Iron Treads, shiny|100/100
|turn|13
|
|t:|1776125564
|switch|p1a: Zamazenta|Zamazenta, shiny|100/100
|-ability|p1a: Zamazenta|Dauntless Shield|boost
|-boost|p1a: Zamazenta|def|1
|move|p2a: Iron Treads|Rapid Spin|p1a: Zamazenta
|-damage|p1a: Zamazenta|98/100
|-boost|p2a: Iron Treads|spe|1
|-sideend|p2: tony4939312|Spikes|[from] move: Rapid Spin|[of] p2a: Iron Treads
|
|-heal|p1a: Zamazenta|100/100|[from] item: Leftovers
|upkeep
|turn|14
|
|t:|1776125571
|move|p2a: Iron Treads|Volt Switch|p1a: Zamazenta
|-damage|p1a: Zamazenta|82/100
|
|t:|1776125574
|-end|p2a: Iron Treads|Quark Drive|[silent]
|switch|p2a: Alomomola|Alomomola, M, shiny|100/100|[from] Volt Switch
|move|p1a: Zamazenta|Iron Defense|p1a: Zamazenta
|-boost|p1a: Zamazenta|def|2
|
|-heal|p1a: Zamazenta|88/100|[from] item: Leftovers
|upkeep
|turn|15
|
|t:|1776125578
|move|p1a: Zamazenta|Iron Defense|p1a: Zamazenta
|-boost|p1a: Zamazenta|def|2
|move|p2a: Alomomola|Scald|p1a: Zamazenta
|-damage|p1a: Zamazenta|76/100
|
|-heal|p1a: Zamazenta|82/100|[from] item: Leftovers
|upkeep
|turn|16
|
|t:|1776125584
|move|p1a: Zamazenta|Body Press|p2a: Alomomola
|-damage|p2a: Alomomola|34/100
|-damage|p1a: Zamazenta|66/100|[from] item: Rocky Helmet|[of] p2a: Alomomola
|move|p2a: Alomomola|Scald|p1a: Zamazenta
|-damage|p1a: Zamazenta|52/100
|-status|p1a: Zamazenta|brn
|
|-heal|p1a: Zamazenta|58/100 brn|[from] item: Leftovers
|-damage|p1a: Zamazenta|52/100 brn|[from] brn
|-sideend|p1: JSD10|Reflect
|upkeep
|turn|17
|
|t:|1776125588
|switch|p2a: Slowking|Slowking-Galar, M, shiny|100/100
|move|p1a: Zamazenta|Body Press|p2a: Slowking
|-resisted|p2a: Slowking
|-damage|p2a: Slowking|84/100
|
|-heal|p1a: Zamazenta|58/100 brn|[from] item: Leftovers
|-damage|p1a: Zamazenta|52/100 brn|[from] brn
|upkeep
|turn|18
|
|t:|1776125594
|move|p2a: Slowking|Psychic Noise|p1a: Zamazenta
|-supereffective|p1a: Zamazenta
|-damage|p1a: Zamazenta|1/100 brn
|-start|p1a: Zamazenta|move: Heal Block
|move|p1a: Zamazenta|Roar|p2a: Slowking
|drag|p2a: Iron Treads|Iron Treads, shiny|100/100
|
|-damage|p1a: Zamazenta|0 fnt|[from] brn
|faint|p1a: Zamazenta
|upkeep
|
|t:|1776125606
|switch|p1a: Moltres|Moltres-Galar, shiny|79/100 par
|turn|19
|
|t:|1776125612
|move|p2a: Iron Treads|Volt Switch|p1a: Moltres
|-supereffective|p1a: Moltres
|-damage|p1a: Moltres|50/100 par
|-ability|p1a: Moltres|Berserk|boost
|-boost|p1a: Moltres|spa|1
|-enditem|p1a: Moltres|Sitrus Berry|[eat]
|-heal|p1a: Moltres|75/100 par|[from] item: Sitrus Berry
|
|t:|1776125617
|-end|p2a: Iron Treads|Quark Drive|[silent]
|switch|p2a: Iron Valiant|Iron Valiant, shiny, tera:Steel|27/100|[from] Volt Switch
|move|p1a: Moltres|Agility|p1a: Moltres
|-boost|p1a: Moltres|spe|2
|
|upkeep
|turn|20
|
|t:|1776125622
|move|p2a: Iron Valiant|Encore|p1a: Moltres
|-start|p1a: Moltres|Encore
|move|p1a: Moltres|Agility|p1a: Moltres
|-boost|p1a: Moltres|spe|2
|
|upkeep
|turn|21
|-message|JSD10 forfeited.
|
|win|tony4939312
|raw|JSD10's rating: 1374 &rarr; <strong>1352</strong><br />(-22 for losing)
|raw|tony4939312's rating: 1337 &rarr; <strong>1359</strong><br />(+22 for winning)
|l|☆JSD10
|player|p1|
