|html|<div class="broadcast-blue"><strong>[Gen 9] OU is currently suspecting Tera Blast! For information on how to participate check out the <a href="https://www.smogon.com/tools/suspects/view/200">suspect thread</a>.</strong></div>
|badge|p2|silver|gen9ou|30-9
|badge|p2|silver|gen9ubers|30-9
|uhtml|medal-msg|<div class="broadcast-blue">Curious what those medals under the avatar are? PS now has Ladder Seasons! For more information, check out the <a href="https://www.smogon.com/forums/threads/3740067/">thread on Smogon.</a></div>
|raw|<div class="broadcast-blue"><strong>This battle is required to be public due to a player having a name starting with 'ulthz25'.</div>
|j|☆qizrad
|j|☆ULTHZ25 LASERS
|t:|1776091366
|gametype|singles
|player|p1|qizrad|sage|1746
|player|p2|ULTHZ25 LASERS|169|1976
|gen|9
|tier|[Gen 9] OU
|rated|
|rule|HP Percentage Mod: HP is shown in percentages
|rule|Endless Battle Clause: Forcing endless battles is banned
|rule|Species Clause: Limit one of each Pokémon
|rule|OHKO Clause: OHKO moves are banned
|rule|Evasion Items Clause: Evasion items are banned
|rule|Evasion Moves Clause: Evasion moves are banned
|rule|Evasion Abilities Clause: Evasion abilities are banned
|rule|Sleep Moves Clause: Sleep-inducing moves are banned
|clearpoke
|poke|p1|Araquanid, M|
|poke|p1|Ceruledge, F|
|poke|p1|Enamorus, F|
|poke|p1|Iron Treads|
|poke|p1|Kingambit, M|
|poke|p1|Pecharunt|
|poke|p2|Kingambit, M|
|poke|p2|Landorus-Therian, M|
|poke|p2|Slowking-Galar, M|
|poke|p2|Kyurem|
|poke|p2|Slither Wing|
|poke|p2|Cinderace, M|
|teampreview
|inactive|Battle timer is ON: inactive players will automatically lose when time's up. (requested by qizrad)
|j| l0ulstraT09
|inactive|qizrad has 120 seconds left.
|j| vegeta13#
|j| Monkey D MinMin
|inactive|qizrad has 90 seconds left.
|l| vegeta13#
|inactive|qizrad has 60 seconds left.
|
|t:|1776091464
|teamsize|p1|6
|teamsize|p2|6
|start
|switch|p1a: Promise|Iron Treads|100/100
|switch|p2a: Kyurem|Kyurem|100/100
|-ability|p2a: Kyurem|Pressure
|-enditem|p1a: Promise|Booster Energy
|-activate|p1a: Promise|ability: Quark Drive|[fromitem]
|-start|p1a: Promise|quarkdrivespe
|turn|1
|inactive|qizrad has 120 seconds left.
|
|t:|1776091488
|-end|p1a: Promise|Quark Drive|[silent]
|switch|p1a: Misty|Araquanid, M|100/100
|move|p2a: Kyurem|Earth Power|p1a: Misty
|-resisted|p1a: Misty
|-damage|p1a: Misty|81/100
|
|upkeep
|turn|2
|
|t:|1776091504
|switch|p2a: Slowking|Slowking-Galar, M|100/100
|move|p1a: Misty|Sticky Web|p2a: Slowking
|-sidestart|p2: ULTHZ25 LASERS|move: Sticky Web
|
|upkeep
|turn|3
|inactive|qizrad has 90 seconds left.
|
|t:|1776091527
|move|p1a: Misty|Surf|p2a: Slowking
|-damage|p2a: Slowking|70/100
|-prepare|p2a: Slowking|Chilly Reception|[premajor]
|move|p2a: Slowking|Chilly Reception|p2a: Slowking
|-weather|Snowscape
|
|t:|1776091535
|switch|p2a: Kyurem|Kyurem|100/100|[from] Chilly Reception
|-activate|p2a: Kyurem|move: Sticky Web
|-unboost|p2a: Kyurem|spe|1
|-ability|p2a: Kyurem|Pressure
|
|-weather|Snowscape|[upkeep]
|upkeep
|turn|4
|
|t:|1776091548
|move|p1a: Misty|Endure|p1a: Misty
|-singleturn|p1a: Misty|move: Endure
|move|p2a: Kyurem|Freeze-Dry|p1a: Misty
|-supereffective|p1a: Misty
|-crit|p1a: Misty
|-activate|p1a: Misty|move: Endure
|-damage|p1a: Misty|1/100
|
|-weather|Snowscape|[upkeep]
|upkeep
|turn|5
|l| l0ulstraT09
|-enditem|p1a: Misty|Custap Berry|[eat]
|-activate|p1a: Misty|item: Custap Berry|[consumed]
|
|t:|1776091559
|move|p1a: Misty|Endeavor|p2a: Kyurem
|-damage|p2a: Kyurem|1/100
|move|p2a: Kyurem|Freeze-Dry|p1a: Misty
|-supereffective|p1a: Misty
|-damage|p1a: Misty|0 fnt
|faint|p1a: Misty
|
|-weather|Snowscape|[upkeep]
|upkeep
|inactive|qizrad has 90 seconds left.
|
|t:|1776091597
|switch|p1a: Goddess|Enamorus, F|100/100
|turn|6
|j| Foxi4
|
|t:|1776091626
|switch|p2a: Slowking|Slowking-Galar, M|100/100
|-activate|p2a: Slowking|move: Sticky Web
|-unboost|p2a: Slowking|spe|1
|move|p1a: Goddess|Earth Power|p2a: Slowking
|-supereffective|p2a: Slowking
|-damage|p2a: Slowking|35/100
|
|-weather|Snowscape|[upkeep]
|upkeep
|turn|7
|inactive|qizrad has 60 seconds left.
|
|t:|1776091681
|switch|p1a: Bewitched|Pecharunt|100/100
|-item|p1a: Bewitched|Air Balloon
|switch|p2a: Landorus|Landorus-Therian, M|100/100
|-ability|p2a: Landorus|Intimidate|boost
|-unboost|p1a: Bewitched|atk|1
|
|-weather|none
|upkeep
|turn|8
|
|t:|1776091694
|switch|p1a: Nocturne|Ceruledge, F|100/100
|move|p2a: Landorus|U-turn|p1a: Nocturne
|-resisted|p1a: Nocturne
|-damage|p1a: Nocturne|93/100
|-ability|p1a: Nocturne|Weak Armor|boost
|-unboost|p1a: Nocturne|def|1
|-boost|p1a: Nocturne|spe|2
|j| Pulkatz
|inactive|ULTHZ25 LASERS has 120 seconds left.
|
|t:|1776091721
|switch|p2a: Kingambit|Kingambit, M|100/100|[from] U-turn
|-activate|p2a: Kingambit|move: Sticky Web
|-unboost|p2a: Kingambit|spe|1
|
|upkeep
|turn|9
|inactive|ULTHZ25 LASERS has 120 seconds left.
|
|t:|1776091734
|-end|p2a: Kingambit|fallenundefined|[silent]
|switch|p2a: Landorus|Landorus-Therian, M|100/100
|-ability|p2a: Landorus|Intimidate|boost
|-unboost|p1a: Nocturne|atk|1
|-terastallize|p1a: Nocturne|Fairy
|move|p1a: Nocturne|Bitter Blade|p2a: Landorus
|-damage|p2a: Landorus|52/100
|-heal|p1a: Nocturne|100/100|[from] drain|[of] p2a: Landorus
|-damage|p1a: Nocturne|91/100|[from] item: Life Orb
|
|upkeep
|turn|10
|inactive|ULTHZ25 LASERS has 120 seconds left.
|
|t:|1776091757
|switch|p2a: Kyurem|Kyurem|1/100
|-activate|p2a: Kyurem|move: Sticky Web
|-unboost|p2a: Kyurem|spe|1
|-ability|p2a: Kyurem|Pressure
|move|p1a: Nocturne|Poltergeist|p2a: Kyurem
|-activate|p2a: Kyurem|move: Poltergeist|Choice Specs
|-damage|p2a: Kyurem|0 fnt
|faint|p2a: Kyurem
|-damage|p1a: Nocturne|81/100|[from] item: Life Orb
|
|upkeep
|
|t:|1776091762
|switch|p2a: Cinderace|Cinderace, M|100/100
|turn|11
|inactive|qizrad has 30 seconds left.
|
|t:|1776091785
|switch|p1a: Bewitched|Pecharunt|100/100
|-item|p1a: Bewitched|Air Balloon
|move|p2a: Cinderace|Pyro Ball|p1a: Bewitched
|-damage|p1a: Bewitched|58/100
|-enditem|p1a: Bewitched|Air Balloon
|
|upkeep
|turn|12
|
|t:|1776091790
|move|p2a: Cinderace|U-turn|p1a: Bewitched
|-start|p2a: Cinderace|typechange|Bug|[from] ability: Libero
|-resisted|p1a: Bewitched
|-damage|p1a: Bewitched|52/100
|
|t:|1776091792
|switch|p2a: Kingambit|Kingambit, M|100/100|[from] U-turn
|-activate|p2a: Kingambit|move: Sticky Web
|-unboost|p2a: Kingambit|spe|1
|-activate|p2a: Kingambit|ability: Supreme Overlord
|-start|p2a: Kingambit|fallen1|[silent]
|move|p1a: Bewitched|Malignant Chain|p2a: Kingambit
|-immune|p2a: Kingambit
|
|upkeep
|turn|13
|inactive|qizrad has 30 seconds left.
|
|t:|1776091819
|switch|p1a: Promise|Iron Treads|100/100
|move|p2a: Kingambit|Iron Head|p1a: Promise
|-resisted|p1a: Promise
|-damage|p1a: Promise|77/100
|
|upkeep
|turn|14
|
|t:|1776091826
|-end|p2a: Kingambit|fallen1|[silent]
|switch|p2a: Landorus|Landorus-Therian, M|52/100
|-ability|p2a: Landorus|Intimidate|boost
|-unboost|p1a: Promise|atk|1
|move|p1a: Promise|Earth Power|p2a: Landorus
|-immune|p2a: Landorus
|
|upkeep
|turn|15
|
|t:|1776091833
|move|p2a: Landorus|Earthquake|p1a: Promise
|-supereffective|p1a: Promise
|-damage|p1a: Promise|0 fnt
|faint|p1a: Promise
|-end|p1a: Promise|Quark Drive|[silent]
|
|upkeep
|
|t:|1776091844
|switch|p1a: Goddess|Enamorus, F|100/100
|turn|16
|inactive|qizrad has 30 seconds left.
|
|t:|1776091867
|switch|p2a: Slowking|Slowking-Galar, M|68/100
|-activate|p2a: Slowking|move: Sticky Web
|-unboost|p2a: Slowking|spe|1
|switch|p1a: Nocturne|Ceruledge, F, tera:Fairy|81/100
|
|upkeep
|turn|17
|inactive|qizrad has 30 seconds left.
|
|t:|1776091877
|move|p1a: Nocturne|Poltergeist|p2a: Slowking
|-activate|p2a: Slowking|move: Poltergeist|Colbur Berry
|-supereffective|p2a: Slowking
|-damage|p2a: Slowking|0 fnt
|faint|p2a: Slowking
|-damage|p1a: Nocturne|71/100|[from] item: Life Orb
|
|upkeep
|
|t:|1776091882
|switch|p2a: Cinderace|Cinderace, M|100/100
|turn|18
|
|t:|1776091890
|switch|p1a: Bewitched|Pecharunt|52/100
|move|p2a: Cinderace|Pyro Ball|p1a: Bewitched
|-damage|p1a: Bewitched|8/100
|
|upkeep
|turn|19
|
|t:|1776091895
|move|p2a: Cinderace|Pyro Ball|p1a: Bewitched
|-damage|p1a: Bewitched|0 fnt
|faint|p1a: Bewitched
|
|upkeep
|inactive|qizrad has 30 seconds left.
|
|t:|1776091918
|switch|p1a: Goddess|Enamorus, F|100/100
|turn|20
|
|t:|1776091923
|-terastallize|p2a: Cinderace|Fire
|move|p2a: Cinderace|Pyro Ball|p1a: Goddess
|-damage|p1a: Goddess|0 fnt
|faint|p1a: Goddess
|
|upkeep
|inactive|qizrad has 30 seconds left.
|c|☆qizrad|gg
|inactive|qizrad has 20 seconds left.
|
|t:|1776091945
|switch|p1a: Trouble|Kingambit, M|100/100
|-activate|p1a: Trouble|ability: Supreme Overlord
|-start|p1a: Trouble|fallen4|[silent]
|turn|21
|inactive|qizrad has 30 seconds left this turn.
|j| loen_64
|
|t:|1776091952
|move|p1a: Trouble|Sucker Punch|p2a: Cinderace
|-damage|p2a: Cinderace|0 fnt
|faint|p2a: Cinderace
|
|upkeep
|j| beebeebaobao
|l| beebeebaobao
|
|t:|1776091961
|switch|p2a: Slither Wing|Slither Wing|100/100
|turn|22
|inactive|qizrad has 30 seconds left.
|inactive|qizrad has 20 seconds left.
|
|t:|1776091989
|-end|p1a: Trouble|fallen4|[silent]
|switch|p1a: Nocturne|Ceruledge, F, tera:Fairy|71/100
|move|p2a: Slither Wing|Will-O-Wisp|p1a: Nocturne
|-status|p1a: Nocturne|brn
|
|-damage|p1a: Nocturne|65/100 brn|[from] brn
|upkeep
|turn|23
|inactive|qizrad has 30 seconds left this turn.
|inactive|qizrad has 20 seconds left.
|
|t:|1776091999
|-end|p2a: Slither Wing|Protosynthesis|[silent]
|switch|p2a: Landorus|Landorus-Therian, M|52/100
|-ability|p2a: Landorus|Intimidate|boost
|-unboost|p1a: Nocturne|atk|1
|move|p1a: Nocturne|Swords Dance|p1a: Nocturne
|-boost|p1a: Nocturne|atk|2
|
|-damage|p1a: Nocturne|59/100 brn|[from] brn
|upkeep
|turn|24
|inactive|qizrad has 30 seconds left this turn.
|
|t:|1776092009
|move|p2a: Landorus|Earthquake|p1a: Nocturne
|-damage|p1a: Nocturne|0 fnt
|faint|p1a: Nocturne
|
|upkeep
|inactive|qizrad has 30 seconds left this turn.
|
|t:|1776092013
|switch|p1a: Trouble|Kingambit, M|100/100
|-activate|p1a: Trouble|ability: Supreme Overlord
|-start|p1a: Trouble|fallen5|[silent]
|turn|25
|inactive|qizrad has 30 seconds left.
|
|t:|1776092024
|switch|p2a: Slither Wing|Slither Wing|100/100
|move|p1a: Trouble|Sucker Punch||[still]
|-fail|p1a: Trouble
|
|upkeep
|turn|26
|
|t:|1776092027
|move|p2a: Slither Wing|Will-O-Wisp|p1a: Trouble|[miss]
|-miss|p2a: Slither Wing|p1a: Trouble
|move|p1a: Trouble|Swords Dance|p1a: Trouble
|-boost|p1a: Trouble|atk|2
|
|upkeep
|turn|27
|
|t:|1776092032
|move|p2a: Slither Wing|Will-O-Wisp|p1a: Trouble
|-status|p1a: Trouble|brn
|move|p1a: Trouble|Iron Head|p2a: Slither Wing
|-damage|p2a: Slither Wing|41/100
|
|-damage|p1a: Trouble|94/100 brn|[from] brn
|upkeep
|turn|28
|
|t:|1776092039
|move|p2a: Slither Wing|U-turn|p1a: Trouble
|-damage|p1a: Trouble|69/100 brn
|
|t:|1776092042
|-end|p2a: Slither Wing|Protosynthesis|[silent]
|switch|p2a: Landorus|Landorus-Therian, M|52/100|[from] U-turn
|-ability|p2a: Landorus|Intimidate|boost
|-unboost|p1a: Trouble|atk|1
|move|p1a: Trouble|Swords Dance|p1a: Trouble
|-boost|p1a: Trouble|atk|2
|
|-damage|p1a: Trouble|62/100 brn|[from] brn
|upkeep
|turn|29
|
|t:|1776092050
|switch|p2a: Slither Wing|Slither Wing|41/100
|move|p1a: Trouble|Sucker Punch||[still]
|-fail|p1a: Trouble
|
|-damage|p1a: Trouble|56/100 brn|[from] brn
|upkeep
|turn|30
|
|t:|1776092057
|move|p2a: Slither Wing|First Impression|p1a: Trouble
|-damage|p1a: Trouble|19/100 brn
|move|p1a: Trouble|Swords Dance|p1a: Trouble
|-boost|p1a: Trouble|atk|2
|
|-damage|p1a: Trouble|13/100 brn|[from] brn
|upkeep
|turn|31
|
|t:|1776092064
|-end|p2a: Slither Wing|Protosynthesis|[silent]
|switch|p2a: Landorus|Landorus-Therian, M|52/100
|-ability|p2a: Landorus|Intimidate|boost
|-unboost|p1a: Trouble|atk|1
|move|p1a: Trouble|Sucker Punch||[still]
|-fail|p1a: Trouble
|
|-damage|p1a: Trouble|7/100 brn|[from] brn
|upkeep
|turn|32
|
|t:|1776092069
|move|p2a: Landorus|U-turn|p1a: Trouble
|-damage|p1a: Trouble|0 fnt
|faint|p1a: Trouble
|-end|p1a: Trouble|fallen5|[silent]
|
|win|ULTHZ25 LASERS
|raw|qizrad's rating: 1746 &rarr; <strong>1738</strong><br />(-8 for losing)
|raw|ULTHZ25 LASERS's rating: 1982 &rarr; <strong>1990</strong><br />(+8 for winning)
|l|☆ULTHZ25 LASERS
|player|p2|
|l|☆qizrad
|player|p1|
|l| loen_64
