|html|<div class="broadcast-blue"><strong>[Gen 9] OU is currently suspecting Volcarona! For information on how to participate check out the <a href="https://www.smogon.com/tools/suspects/view/208">suspect thread</a>.</strong></div>
|j|☆brievenbuspoeper
|j|☆Kokist
|t:|1778497509
|gametype|singles
|player|p1|brievenbuspoeper|chuck|1568
|player|p2|Kokist|dancer|1438
|gen|9
|tier|[Gen 9] OU
|rated|
|rule|HP Percentage Mod: HP is shown in percentages
|rule|Endless Battle Clause: Forcing endless battles is banned
|rule|Species Clause: Limit one of each Pokémon
|rule|OHKO Clause: OHKO moves are banned
|rule|Evasion Items Clause: Evasion items are banned
|rule|Evasion Moves Clause: Evasion moves are banned
|rule|Evasion Abilities Clause: Evasion abilities are banned
|rule|Sleep Moves Clause: Sleep-inducing moves are banned
|clearpoke
|poke|p1|Indeedee, M|
|poke|p1|Hoopa-Unbound|
|poke|p1|Ceruledge, M|
|poke|p1|Polteageist-Antique|
|poke|p1|Cinderace, F|
|poke|p1|Iron Valiant|
|poke|p2|Keldeo-Resolute|
|poke|p2|Skeledirge, F|
|poke|p2|Serperior, F|
|poke|p2|Goodra-Hisui, M|
|poke|p2|Landorus-Therian, M|
|poke|p2|Ribombee, F|
|teampreview
|inactive|Battle timer is ON: inactive players will automatically lose when time's up. (requested by brievenbuspoeper)
|inactive|Kokist has 120 seconds left.
|
|t:|1778497540
|teamsize|p1|6
|teamsize|p2|6
|start
|switch|p1a: Cinderace|Cinderace, F|100/100
|switch|p2a: Ribombee|Ribombee, F, shiny|100/100
|turn|1
|
|t:|1778497546
|move|p1a: Cinderace|Pyro Ball|p2a: Ribombee
|-supereffective|p2a: Ribombee
|-enditem|p2a: Ribombee|Focus Sash
|-damage|p2a: Ribombee|1/100
|move|p2a: Ribombee|Moonblast|p1a: Cinderace
|-resisted|p1a: Cinderace
|-damage|p1a: Cinderace|70/100
|
|upkeep
|turn|2
|
|t:|1778497552
|switch|p2a: Skeledirge|Skeledirge, F|100/100
|move|p1a: Cinderace|Pyro Ball|p2a: Skeledirge|[miss]
|-miss|p1a: Cinderace|p2a: Skeledirge
|
|upkeep
|turn|3
|
|t:|1778497563
|switch|p1a: Indeedee|Indeedee, M|100/100
|-fieldstart|move: Psychic Terrain|[from] ability: Psychic Surge|[of] p1a: Indeedee
|move|p2a: Skeledirge|Torch Song|p1a: Indeedee
|-damage|p1a: Indeedee|58/100
|-boost|p2a: Skeledirge|spa|1
|
|upkeep
|turn|4
|
|t:|1778497567
|switch|p1a: Hoopa|Hoopa-Unbound|100/100
|switch|p2a: Goodra|Goodra-Hisui, M|100/100
|
|upkeep
|turn|5
|
|t:|1778497574
|switch|p2a: Landorus|Landorus-Therian, M|100/100
|-ability|p2a: Landorus|Intimidate|boost
|-unboost|p1a: Hoopa|atk|1
|move|p1a: Hoopa|Focus Blast|p2a: Landorus
|-resisted|p2a: Landorus
|-damage|p2a: Landorus|69/100
|
|upkeep
|turn|6
|
|t:|1778497580
|switch|p1a: Iron Valiant|Iron Valiant|100/100
|-enditem|p1a: Iron Valiant|Booster Energy
|-activate|p1a: Iron Valiant|ability: Quark Drive|[fromitem]
|-start|p1a: Iron Valiant|quarkdrivespe
|move|p2a: Landorus|U-turn|p1a: Iron Valiant
|-resisted|p1a: Iron Valiant
|-damage|p1a: Iron Valiant|94/100
|
|t:|1778497584
|switch|p2a: Skeledirge|Skeledirge, F|100/100|[from] U-turn
|
|upkeep
|turn|7
|
|t:|1778497588
|move|p1a: Iron Valiant|Shadow Ball|p2a: Skeledirge
|-supereffective|p2a: Skeledirge
|-damage|p2a: Skeledirge|43/100
|-unboost|p2a: Skeledirge|spd|1
|move|p2a: Skeledirge|Torch Song|p1a: Iron Valiant
|-damage|p1a: Iron Valiant|37/100
|-boost|p2a: Skeledirge|spa|1
|
|upkeep
|turn|8
|
|t:|1778497600
|switch|p2a: Goodra|Goodra-Hisui, M|100/100
|move|p1a: Iron Valiant|Close Combat|p2a: Goodra
|-supereffective|p2a: Goodra
|-damage|p2a: Goodra|0 fnt
|-unboost|p1a: Iron Valiant|def|1
|-unboost|p1a: Iron Valiant|spd|1
|faint|p2a: Goodra
|
|upkeep
|
|t:|1778497620
|switch|p2a: Keldeo|Keldeo-Resolute|100/100
|turn|9
|
|t:|1778497624
|move|p2a: Keldeo|Vacuum Wave|p1a: Iron Valiant
|-activate|p1a: Iron Valiant|move: Psychic Terrain
|move|p1a: Iron Valiant|Moonblast|p2a: Keldeo
|-supereffective|p2a: Keldeo
|-damage|p2a: Keldeo|0 fnt
|faint|p2a: Keldeo
|
|upkeep
|c|☆Kokist|forgor
|c|☆brievenbuspoeper|💔
|inactive|Kokist has 120 seconds left.
|
|t:|1778497650
|switch|p2a: Skeledirge|Skeledirge, F|43/100
|turn|10
|inactive|Kokist has 120 seconds left.
|
|t:|1778497669
|-terastallize|p2a: Skeledirge|Fairy
|move|p1a: Iron Valiant|Moonblast|p2a: Skeledirge
|-damage|p2a: Skeledirge|0 fnt
|faint|p2a: Skeledirge
|
|-fieldend|move: Psychic Terrain
|upkeep
|c|☆Kokist|:(
|c|☆brievenbuspoeper|:(
|
|t:|1778497685
|switch|p2a: Serperior|Serperior, F|100/100
|turn|11
|
|t:|1778497690
|move|p1a: Iron Valiant|Destiny Bond|p1a: Iron Valiant
|-singlemove|p1a: Iron Valiant|Destiny Bond
|move|p2a: Serperior|Leaf Storm|p1a: Iron Valiant
|-damage|p1a: Iron Valiant|0 fnt
|-boost|p2a: Serperior|spa|2
|faint|p1a: Iron Valiant
|-activate|p1a: Iron Valiant|move: Destiny Bond
|-end|p1a: Iron Valiant|Quark Drive|[silent]
|faint|p2a: Serperior
|
|upkeep
|c|☆Kokist|:o
|c|☆brievenbuspoeper|Ival is so fun
|c|☆brievenbuspoeper|Really good mon
|c|☆Kokist|RIBOMBEEE
|
|t:|1778497718
|switch|p1a: Cinderace|Cinderace, F|70/100
|switch|p2a: Landorus|Landorus-Therian, M|69/100
|-ability|p2a: Landorus|Intimidate|boost
|-unboost|p1a: Cinderace|atk|1
|turn|12
|
|t:|1778497741
|move|p1a: Cinderace|U-turn|p2a: Landorus
|-start|p1a: Cinderace|typechange|Bug|[from] ability: Libero
|-resisted|p2a: Landorus
|-damage|p2a: Landorus|59/100
|-damage|p1a: Cinderace|53/100|[from] item: Rocky Helmet|[of] p2a: Landorus
|
|t:|1778497744
|switch|p1a: Indeedee|Indeedee, M|58/100|[from] U-turn
|-fieldstart|move: Psychic Terrain|[from] ability: Psychic Surge|[of] p1a: Indeedee
|move|p2a: Landorus|Earthquake|p1a: Indeedee
|-damage|p1a: Indeedee|0 fnt
|faint|p1a: Indeedee
|
|upkeep
|
|t:|1778497749
|switch|p1a: Hoopa|Hoopa-Unbound|100/100
|turn|13
|
|t:|1778497752
|move|p1a: Hoopa|Expanding Force|p2a: Landorus
|-damage|p2a: Landorus|0 fnt
|faint|p2a: Landorus
|
|upkeep
|
|t:|1778497754
|switch|p2a: Ribombee|Ribombee, F, shiny|1/100
|turn|14
|c|☆brievenbuspoeper|Ggs
|
|t:|1778497774
|-terastallize|p1a: Hoopa|Psychic
|move|p1a: Hoopa|Expanding Force|p2a: Ribombee
|-damage|p2a: Ribombee|0 fnt
|faint|p2a: Ribombee
|
|win|brievenbuspoeper
|raw|brievenbuspoeper's rating: 1568 &rarr; <strong>1581</strong><br />(+13 for winning)
|raw|Kokist's rating: 1438 &rarr; <strong>1425</strong><br />(-13 for losing)
|c|☆Kokist|RIBOMBEEE
|l|☆Kokist
|player|p2|
|c|☆brievenbuspoeper|Ribombee 💔
|l|☆brievenbuspoeper
|player|p1|
