|html|<div class="broadcast-blue"><strong>[Gen 9] OU is currently suspecting Tera Blast! For information on how to participate check out the <a href="https://www.smogon.com/tools/suspects/view/200">suspect thread</a>.</strong></div>
|j|☆tetroak
|j|☆t10zin
|t:|1776278296
|gametype|singles
|player|p1|tetroak|boarder|1428
|player|p2|t10zin|169|1408
|gen|9
|tier|[Gen 9] OU
|rated|
|rule|HP Percentage Mod: HP is shown in percentages
|rule|Endless Battle Clause: Forcing endless battles is banned
|rule|Species Clause: Limit one of each Pokémon
|rule|OHKO Clause: OHKO moves are banned
|rule|Evasion Items Clause: Evasion items are banned
|rule|Evasion Moves Clause: Evasion moves are banned
|rule|Evasion Abilities Clause: Evasion abilities are banned
|rule|Sleep Moves Clause: Sleep-inducing moves are banned
|clearpoke
|poke|p1|Serperior, F|
|poke|p1|Jirachi|
|poke|p1|Alomomola, F|
|poke|p1|Great Tusk|
|poke|p1|Kingambit, F|
|poke|p1|Dragonite, F|
|poke|p2|Cinderace, F|
|poke|p2|Great Tusk|
|poke|p2|Hatterene, F|
|poke|p2|Iron Valiant|
|poke|p2|Ogerpon-Wellspring, F|
|poke|p2|Kingambit, F|
|teampreview
|
|t:|1776278305
|teamsize|p1|6
|teamsize|p2|6
|start
|switch|p1a: Serperior|Serperior, F|100/100
|switch|p2a: Cinderace|Cinderace, F|100/100
|turn|1
|
|t:|1776278322
|-terastallize|p1a: Serperior|Fairy
|move|p2a: Cinderace|U-turn|p1a: Serperior
|-start|p2a: Cinderace|typechange|Bug|[from] ability: Libero
|-resisted|p1a: Serperior
|-damage|p1a: Serperior|84/100
|
|t:|1776278335
|switch|p2a: Kingambit|Kingambit, F|100/100|[from] U-turn
|move|p1a: Serperior|Glare|p2a: Kingambit
|-status|p2a: Kingambit|par
|
|-heal|p1a: Serperior|90/100|[from] item: Leftovers
|upkeep
|turn|2
|
|t:|1776278344
|move|p1a: Serperior|Substitute|p1a: Serperior
|-start|p1a: Serperior|Substitute
|-damage|p1a: Serperior|65/100
|move|p2a: Kingambit|Kowtow Cleave|p1a: Serperior
|-resisted|p1a: Serperior
|-end|p1a: Serperior|Substitute
|
|-heal|p1a: Serperior|72/100|[from] item: Leftovers
|upkeep
|turn|3
|
|t:|1776278355
|move|p1a: Serperior|Substitute|p1a: Serperior
|-start|p1a: Serperior|Substitute
|-damage|p1a: Serperior|47/100
|move|p2a: Kingambit|Kowtow Cleave|p1a: Serperior
|-resisted|p1a: Serperior
|-end|p1a: Serperior|Substitute
|
|-heal|p1a: Serperior|53/100|[from] item: Leftovers
|upkeep
|turn|4
|
|t:|1776278362
|-end|p2a: Kingambit|fallenundefined|[silent]
|switch|p2a: Cinderace|Cinderace, F|100/100
|move|p1a: Serperior|Leech Seed|p2a: Cinderace
|-start|p2a: Cinderace|move: Leech Seed
|
|-heal|p1a: Serperior|59/100|[from] item: Leftovers
|-damage|p2a: Cinderace|88/100|[from] Leech Seed|[of] p1a: Serperior
|-heal|p1a: Serperior|70/100|[silent]
|upkeep
|turn|5
|
|t:|1776278374
|move|p2a: Cinderace|Gunk Shot|p1a: Serperior
|-start|p2a: Cinderace|typechange|Poison|[from] ability: Libero
|-supereffective|p1a: Serperior
|-damage|p1a: Serperior|0 fnt
|faint|p1a: Serperior
|
|upkeep
|c|☆t10zin|nice tera turn 1
|
|t:|1776278383
|switch|p1a: Jirachi|Jirachi|100/100
|turn|6
|inactive|Battle timer is ON: inactive players will automatically lose when time's up. (requested by t10zin)
|
|t:|1776278394
|switch|p2a: Kingambit|Kingambit, F|100/100 par
|move|p1a: Jirachi|Body Slam|p2a: Kingambit
|-resisted|p2a: Kingambit
|-damage|p2a: Kingambit|91/100 par
|
|upkeep
|turn|7
|
|t:|1776278402
|move|p1a: Jirachi|U-turn|p2a: Kingambit
|-damage|p2a: Kingambit|77/100 par
|
|t:|1776278405
|switch|p1a: Great Tusk|Great Tusk|100/100|[from] U-turn
|move|p2a: Kingambit|Kowtow Cleave|p1a: Great Tusk
|-resisted|p1a: Great Tusk
|-damage|p1a: Great Tusk|80/100
|
|upkeep
|turn|8
|
|t:|1776278413
|-end|p2a: Kingambit|fallenundefined|[silent]
|switch|p2a: Hatterene|Hatterene, F|100/100
|move|p1a: Great Tusk|Bulk Up|p1a: Great Tusk
|-boost|p1a: Great Tusk|atk|1
|-boost|p1a: Great Tusk|def|1
|
|upkeep
|turn|9
|
|t:|1776278419
|move|p1a: Great Tusk|Headlong Rush|p2a: Hatterene
|-damage|p2a: Hatterene|24/100
|-unboost|p1a: Great Tusk|def|1
|-unboost|p1a: Great Tusk|spd|1
|move|p2a: Hatterene|Draining Kiss|p1a: Great Tusk
|-supereffective|p1a: Great Tusk
|-damage|p1a: Great Tusk|0 fnt
|-heal|p2a: Hatterene|100/100|[from] drain|[of] p1a: Great Tusk
|faint|p1a: Great Tusk
|-end|p1a: Great Tusk|Protosynthesis|[silent]
|
|upkeep
|
|t:|1776278423
|switch|p1a: Jirachi|Jirachi|100/100
|turn|10
|
|t:|1776278430
|switch|p2a: Kingambit|Kingambit, F|77/100 par
|move|p1a: Jirachi|Stealth Rock|p2a: Kingambit
|-sidestart|p2: t10zin|move: Stealth Rock
|
|upkeep
|turn|11
|
|t:|1776278435
|move|p1a: Jirachi|U-turn|p2a: Kingambit
|-crit|p2a: Kingambit
|-damage|p2a: Kingambit|54/100 par
|
|t:|1776278437
|switch|p1a: Alomomola|Alomomola, F|100/100|[from] U-turn
|move|p2a: Kingambit|Kowtow Cleave|p1a: Alomomola
|-damage|p1a: Alomomola|69/100
|
|upkeep
|turn|12
|
|t:|1776278444
|move|p1a: Alomomola|Body Slam|p2a: Kingambit
|-resisted|p2a: Kingambit
|-damage|p2a: Kingambit|48/100 par
|move|p2a: Kingambit|Swords Dance|p2a: Kingambit
|-boost|p2a: Kingambit|atk|2
|
|upkeep
|turn|13
|
|t:|1776278450
|move|p1a: Alomomola|Wish|p1a: Alomomola
|move|p2a: Kingambit|Swords Dance|p2a: Kingambit
|-boost|p2a: Kingambit|atk|2
|
|upkeep
|turn|14
|
|t:|1776278456
|move|p1a: Alomomola|Flip Turn|p2a: Kingambit
|-damage|p2a: Kingambit|35/100 par
|
|t:|1776278459
|switch|p1a: Dragonite|Dragonite, F|100/100|[from] Flip Turn
|cant|p2a: Kingambit|par
|
|upkeep
|turn|15
|
|t:|1776278463
|move|p1a: Dragonite|Encore|p2a: Kingambit
|-start|p2a: Kingambit|Encore
|move|p2a: Kingambit|Swords Dance|p2a: Kingambit
|-boost|p2a: Kingambit|atk|2
|
|upkeep
|turn|16
|
|t:|1776278469
|-end|p2a: Kingambit|fallenundefined|[silent]
|switch|p2a: Cinderace|Cinderace, F|88/100
|-damage|p2a: Cinderace|63/100|[from] Stealth Rock
|move|p1a: Dragonite|Dragon Dance|p1a: Dragonite
|-boost|p1a: Dragonite|atk|1
|-boost|p1a: Dragonite|spe|1
|
|upkeep
|turn|17
|
|t:|1776278481
|move|p2a: Cinderace|U-turn|p1a: Dragonite
|-start|p2a: Cinderace|typechange|Bug|[from] ability: Libero
|-resisted|p1a: Dragonite
|-damage|p1a: Dragonite|92/100
|
|t:|1776278486
|switch|p2a: Kingambit|Kingambit, F|35/100 par|[from] U-turn
|-damage|p2a: Kingambit|29/100 par|[from] Stealth Rock
|move|p1a: Dragonite|Earthquake|p2a: Kingambit
|-supereffective|p2a: Kingambit
|-crit|p2a: Kingambit
|-damage|p2a: Kingambit|0 fnt
|faint|p2a: Kingambit
|-end|p2a: Kingambit|fallenundefined|[silent]
|
|upkeep
|
|t:|1776278496
|switch|p2a: Hatterene|Hatterene, F|100/100
|-damage|p2a: Hatterene|88/100|[from] Stealth Rock
|turn|18
|
|t:|1776278506
|move|p1a: Dragonite|Dragon Dance|p1a: Dragonite
|-boost|p1a: Dragonite|atk|1
|-boost|p1a: Dragonite|spe|1
|move|p2a: Hatterene|Draining Kiss|p1a: Dragonite
|-supereffective|p1a: Dragonite
|-damage|p1a: Dragonite|40/100
|-heal|p2a: Hatterene|100/100|[from] drain|[of] p1a: Dragonite
|
|upkeep
|turn|19
|
|t:|1776278513
|move|p1a: Dragonite|Earthquake|p2a: Hatterene
|-damage|p2a: Hatterene|33/100
|move|p2a: Hatterene|Draining Kiss|p1a: Dragonite
|-supereffective|p1a: Dragonite
|-damage|p1a: Dragonite|0 fnt
|-heal|p2a: Hatterene|63/100|[from] drain|[of] p1a: Dragonite
|faint|p1a: Dragonite
|
|upkeep
|
|t:|1776278518
|switch|p1a: Jirachi|Jirachi|100/100
|turn|20
|
|t:|1776278524
|move|p1a: Jirachi|Iron Head|p2a: Hatterene
|-supereffective|p2a: Hatterene
|-damage|p2a: Hatterene|6/100
|cant|p2a: Hatterene|flinch
|
|upkeep
|turn|21
|
|t:|1776278529
|move|p1a: Jirachi|Body Slam|p2a: Hatterene
|-damage|p2a: Hatterene|0 fnt
|faint|p2a: Hatterene
|
|upkeep
|
|t:|1776278531
|switch|p2a: Cinderace|Cinderace, F|63/100
|-damage|p2a: Cinderace|38/100|[from] Stealth Rock
|turn|22
|
|t:|1776278536
|switch|p1a: Alomomola|Alomomola, F|100/100
|move|p2a: Cinderace|High Jump Kick|p1a: Alomomola
|-start|p2a: Cinderace|typechange|Fighting|[from] ability: Libero
|-damage|p1a: Alomomola|68/100
|
|upkeep
|turn|23
|
|t:|1776278545
|switch|p2a: Ogerpon|Ogerpon-Wellspring, F|100/100
|-damage|p2a: Ogerpon|88/100|[from] Stealth Rock
|move|p1a: Alomomola|Body Slam|p2a: Ogerpon
|-damage|p2a: Ogerpon|70/100
|-status|p2a: Ogerpon|par
|
|upkeep
|turn|24
|
|t:|1776278556
|move|p2a: Ogerpon|Ivy Cudgel|p1a: Alomomola|[anim] Ivy Cudgel Water
|-resisted|p1a: Alomomola
|-damage|p1a: Alomomola|53/100
|move|p1a: Alomomola|Wish|p1a: Alomomola
|
|upkeep
|turn|25
|
|t:|1776278563
|switch|p1a: Jirachi|Jirachi|100/100
|move|p2a: Ogerpon|Swords Dance|p2a: Ogerpon
|-boost|p2a: Ogerpon|atk|2
|
|upkeep
|turn|26
|
|t:|1776278570
|move|p1a: Jirachi|Iron Head|p2a: Ogerpon
|-resisted|p2a: Ogerpon
|-damage|p2a: Ogerpon|48/100 par
|cant|p2a: Ogerpon|flinch
|
|upkeep
|turn|27
|inactive|tetroak has 120 seconds left.
|
|t:|1776278611
|move|p1a: Jirachi|Iron Head|p2a: Ogerpon
|-resisted|p2a: Ogerpon
|-damage|p2a: Ogerpon|23/100 par
|cant|p2a: Ogerpon|flinch
|
|upkeep
|turn|28
|
|t:|1776278619
|move|p1a: Jirachi|U-turn|p2a: Ogerpon
|-supereffective|p2a: Ogerpon
|-crit|p2a: Ogerpon
|-damage|p2a: Ogerpon|0 fnt
|faint|p2a: Ogerpon
|
|t:|1776278622
|switch|p1a: Alomomola|Alomomola, F|87/100|[from] U-turn
|
|upkeep
|
|t:|1776278630
|switch|p2a: Iron Valiant|Iron Valiant|100/100
|-damage|p2a: Iron Valiant|94/100|[from] Stealth Rock
|turn|29
|
|t:|1776278639
|-terastallize|p2a: Iron Valiant|Stellar
|move|p2a: Iron Valiant|Thunderbolt|p1a: Alomomola
|-supereffective|p1a: Alomomola
|-damage|p1a: Alomomola|0 fnt
|faint|p1a: Alomomola
|
|upkeep
|
|t:|1776278652
|switch|p1a: Jirachi|Jirachi|100/100
|turn|30
|
|t:|1776278655
|-end|p2a: Iron Valiant|Quark Drive|[silent]
|switch|p2a: Great Tusk|Great Tusk|100/100
|move|p1a: Jirachi|Body Slam|p2a: Great Tusk
|-damage|p2a: Great Tusk|84/100
|-status|p2a: Great Tusk|par
|
|upkeep
|turn|31
|
|t:|1776278662
|move|p1a: Jirachi|Iron Head|p2a: Great Tusk
|-damage|p2a: Great Tusk|62/100 par
|cant|p2a: Great Tusk|par
|
|upkeep
|turn|32
|
|t:|1776278667
|move|p1a: Jirachi|Iron Head|p2a: Great Tusk
|-damage|p2a: Great Tusk|40/100 par
|cant|p2a: Great Tusk|flinch
|
|upkeep
|turn|33
|
|t:|1776278673
|move|p1a: Jirachi|Iron Head|p2a: Great Tusk
|-damage|p2a: Great Tusk|19/100 par
|cant|p2a: Great Tusk|flinch
|
|upkeep
|turn|34
|
|t:|1776278676
|move|p1a: Jirachi|Iron Head|p2a: Great Tusk
|-damage|p2a: Great Tusk|0 fnt
|faint|p2a: Great Tusk
|-end|p2a: Great Tusk|Protosynthesis|[silent]
|
|upkeep
|c|☆t10zin|ks
|
|t:|1776278682
|switch|p2a: Cinderace|Cinderace, F|38/100
|-damage|p2a: Cinderace|13/100|[from] Stealth Rock
|turn|35
|
|t:|1776278691
|switch|p1a: Kingambit|Kingambit, F|100/100
|-activate|p1a: Kingambit|ability: Supreme Overlord
|-start|p1a: Kingambit|fallen4|[silent]
|move|p2a: Cinderace|Pyro Ball|p1a: Kingambit
|-supereffective|p1a: Kingambit
|-damage|p1a: Kingambit|22/100
|
|upkeep
|turn|36
|
|t:|1776278699
|move|p1a: Kingambit|Sucker Punch|p2a: Cinderace
|-damage|p2a: Cinderace|0 fnt
|faint|p2a: Cinderace
|
|upkeep
|
|t:|1776278701
|switch|p2a: Iron Valiant|Iron Valiant, tera:Stellar|94/100
|-damage|p2a: Iron Valiant|88/100|[from] Stealth Rock
|turn|37
|
|t:|1776278708
|move|p1a: Kingambit|Sucker Punch|p2a: Iron Valiant
|-resisted|p2a: Iron Valiant
|-damage|p2a: Iron Valiant|68/100
|move|p2a: Iron Valiant|Shadow Ball|p1a: Kingambit
|-resisted|p1a: Kingambit
|-damage|p1a: Kingambit|1/100
|
|upkeep
|turn|38
|
|t:|1776278714
|move|p1a: Kingambit|Sucker Punch|p2a: Iron Valiant
|-resisted|p2a: Iron Valiant
|-damage|p2a: Iron Valiant|47/100
|move|p2a: Iron Valiant|Shadow Ball|p1a: Kingambit
|-resisted|p1a: Kingambit
|-crit|p1a: Kingambit
|-damage|p1a: Kingambit|0 fnt
|faint|p1a: Kingambit
|-end|p1a: Kingambit|fallen4|[silent]
|
|upkeep
|
|t:|1776278716
|switch|p1a: Jirachi|Jirachi|100/100
|turn|39
|
|t:|1776278729
|move|p2a: Iron Valiant|Shadow Ball|p1a: Jirachi
|-supereffective|p1a: Jirachi
|-damage|p1a: Jirachi|16/100
|-unboost|p1a: Jirachi|spd|1
|move|p1a: Jirachi|Iron Head|p2a: Iron Valiant
|-supereffective|p2a: Iron Valiant
|-damage|p2a: Iron Valiant|0 fnt
|faint|p2a: Iron Valiant
|-end|p2a: Iron Valiant|Quark Drive|[silent]
|
|win|tetroak
|raw|tetroak's rating: 1428 &rarr; <strong>1447</strong><br />(+19 for winning)
|raw|t10zin's rating: 1408 &rarr; <strong>1389</strong><br />(-19 for losing)
|c|☆tetroak|ggez
|c|☆t10zin|so ridiculous
|c|☆tetroak|nice tera btw
|c|☆t10zin|very luck serene grace player
|c|☆tetroak|free win if you don't sack ace :>
|c|☆t10zin|free win? kkkkkk
|c|☆t10zin|6 flintch
|c|☆t10zin|niceeee
|c|☆t10zin|hax player
|c|☆tetroak|skill issue :>
|c|☆t10zin|skill 1300 elo kkkkkkkkkkkkkkkkkkkkkk
|c|☆tetroak|talk shit in a loss :>
|c|☆t10zin|Wow, you earned your 21 points, congratulations! You're about to escape poverty!
|c|☆t10zin|And it's worth highlighting, he won very deservedly in 6 flinches!
|c|☆tetroak|nah I'm gonna lose next few games because good players beat this team easily :>
|c|☆t10zin|I think the problem isn't the time, it's the player who gives the tera turn 1
|c|☆t10zin|kkkkkkkkkkkkkkkkkkkk
|c|☆t10zin|bye
|c|☆t10zin|hax player
|c|☆t10zin|tera turn 1
|c|☆t10zin|1400elo
|l|☆t10zin
|player|p2|
