|html|<div class="broadcast-blue"><strong>[Gen 9] OU is currently suspecting Tera Blast! For information on how to participate check out the <a href="https://www.smogon.com/tools/suspects/view/200">suspect thread</a>.</strong></div>
|j|☆Slippygar
|j|☆uno and dos
|t:|1776195520
|gametype|singles
|player|p1|Slippygar|101|1056
|player|p2|uno and dos|lady|1081
|gen|9
|tier|[Gen 9] OU
|rated|
|rule|HP Percentage Mod: HP is shown in percentages
|rule|Endless Battle Clause: Forcing endless battles is banned
|rule|Species Clause: Limit one of each Pokémon
|rule|OHKO Clause: OHKO moves are banned
|rule|Evasion Items Clause: Evasion items are banned
|rule|Evasion Moves Clause: Evasion moves are banned
|rule|Evasion Abilities Clause: Evasion abilities are banned
|rule|Sleep Moves Clause: Sleep-inducing moves are banned
|clearpoke
|poke|p1|Dragapult, M|
|poke|p1|Walking Wake|
|poke|p1|Iron Treads|
|poke|p1|Gliscor, M|
|poke|p1|Primarina, F|
|poke|p1|Zamazenta-*|
|poke|p2|Pecharunt|
|poke|p2|Alomomola, M|
|poke|p2|Milotic, M|
|poke|p2|Gliscor, M|
|poke|p2|Zamazenta-*|
|poke|p2|Raging Bolt|
|teampreview
|j| ohko_smeargle
|
|t:|1776195533
|teamsize|p1|6
|teamsize|p2|6
|start
|switch|p1a: Zamazenta|Zamazenta|100/100
|switch|p2a: Pecharunt|Pecharunt|100/100
|-ability|p1a: Zamazenta|Dauntless Shield|boost
|-boost|p1a: Zamazenta|def|1
|turn|1
|
|t:|1776195547
|-terastallize|p1a: Zamazenta|Steel
|move|p1a: Zamazenta|Iron Head|p2a: Pecharunt
|-damage|p2a: Pecharunt|75/100
|move|p2a: Pecharunt|Malignant Chain|p1a: Zamazenta
|-immune|p1a: Zamazenta
|
|-heal|p2a: Pecharunt|81/100|[from] item: Leftovers
|upkeep
|turn|2
|
|t:|1776195559
|move|p1a: Zamazenta|Ice Fang|p2a: Pecharunt
|-damage|p2a: Pecharunt|67/100
|move|p2a: Pecharunt|Parting Shot|p1a: Zamazenta
|-unboost|p1a: Zamazenta|atk|1
|-unboost|p1a: Zamazenta|spa|1
|
|t:|1776195579
|switch|p2a: Zamazenta|Zamazenta|100/100|[from] Parting Shot
|-ability|p2a: Zamazenta|Dauntless Shield|boost
|-boost|p2a: Zamazenta|def|1
|
|upkeep
|turn|3
|
|t:|1776195588
|switch|p1a: Primarina|Primarina, F|100/100
|move|p2a: Zamazenta|Body Press|p1a: Primarina
|-resisted|p1a: Primarina
|-damage|p1a: Primarina|72/100
|
|-heal|p1a: Primarina|79/100|[from] item: Leftovers
|upkeep
|turn|4
|
|t:|1776195642
|switch|p2a: Alomomola|Alomomola, M|100/100
|move|p1a: Primarina|Psychic Noise|p2a: Alomomola
|-damage|p2a: Alomomola|71/100
|-start|p2a: Alomomola|move: Heal Block
|
|-heal|p1a: Primarina|85/100|[from] item: Leftovers
|upkeep
|turn|5
|
|t:|1776195660
|move|p2a: Alomomola|Flip Turn|p1a: Primarina
|-resisted|p1a: Primarina
|-damage|p1a: Primarina|75/100
|
|t:|1776195665
|switch|p2a: Raging Bolt|Raging Bolt|100/100|[from] Flip Turn
|move|p1a: Primarina|Draining Kiss|p2a: Raging Bolt
|-supereffective|p2a: Raging Bolt
|-damage|p2a: Raging Bolt|80/100
|-heal|p1a: Primarina|92/100|[from] drain|[of] p2a: Raging Bolt
|
|-heal|p1a: Primarina|98/100|[from] item: Leftovers
|upkeep
|turn|6
|
|t:|1776195681
|move|p2a: Raging Bolt|Thunderbolt|p1a: Primarina
|-supereffective|p1a: Primarina
|-damage|p1a: Primarina|23/100
|move|p1a: Primarina|Psychic Noise|p2a: Raging Bolt
|-damage|p2a: Raging Bolt|70/100
|-start|p2a: Raging Bolt|move: Heal Block
|
|-heal|p1a: Primarina|29/100|[from] item: Leftovers
|upkeep
|turn|7
|
|t:|1776195703
|-end|p2a: Raging Bolt|Protosynthesis|[silent]
|switch|p2a: Alomomola|Alomomola, M|100/100
|switch|p1a: Iron Treads|Iron Treads, shiny|100/100
|
|upkeep
|turn|8
|
|t:|1776195728
|move|p1a: Iron Treads|Zen Headbutt|p2a: Alomomola
|-damage|p2a: Alomomola|86/100
|move|p2a: Alomomola|Wish|p2a: Alomomola
|
|upkeep
|turn|9
|
|t:|1776195736
|-end|p1a: Iron Treads|Quark Drive|[silent]
|switch|p1a: Walking Wake|Walking Wake|100/100
|-enditem|p1a: Walking Wake|Booster Energy
|-activate|p1a: Walking Wake|ability: Protosynthesis|[fromitem]
|-start|p1a: Walking Wake|protosynthesisspa
|move|p2a: Alomomola|Flip Turn|p1a: Walking Wake
|-resisted|p1a: Walking Wake
|-damage|p1a: Walking Wake|96/100
|
|t:|1776195746
|switch|p2a: Pecharunt|Pecharunt|67/100|[from] Flip Turn
|
|-heal|p2a: Pecharunt|100/100|[from] move: Wish|[wisher] Alomomola
|upkeep
|turn|10
|
|t:|1776195756
|move|p1a: Walking Wake|Scald|p2a: Pecharunt
|-damage|p2a: Pecharunt|61/100
|move|p2a: Pecharunt|Malignant Chain|p1a: Walking Wake
|-damage|p1a: Walking Wake|53/100
|-status|p1a: Walking Wake|tox
|-start|p1a: Walking Wake|confusion|[from] ability: Poison Puppeteer|[of] p2a: Pecharunt
|
|-heal|p2a: Pecharunt|67/100|[from] item: Leftovers
|-damage|p1a: Walking Wake|47/100 tox|[from] psn
|upkeep
|turn|11
|
|t:|1776195769
|-activate|p1a: Walking Wake|confusion
|move|p1a: Walking Wake|Draco Meteor|p2a: Pecharunt
|-damage|p2a: Pecharunt|5/100
|-unboost|p1a: Walking Wake|spa|2
|move|p2a: Pecharunt|Recover|p2a: Pecharunt
|-heal|p2a: Pecharunt|55/100
|
|-heal|p2a: Pecharunt|61/100|[from] item: Leftovers
|-damage|p1a: Walking Wake|34/100 tox|[from] psn
|upkeep
|turn|12
|
|t:|1776195782
|move|p2a: Pecharunt|Recover|p2a: Pecharunt
|-heal|p2a: Pecharunt|100/100
|-activate|p1a: Walking Wake|confusion
|move|p1a: Walking Wake|Dragon Tail|p2a: Pecharunt
|-damage|p2a: Pecharunt|90/100
|drag|p2a: Raging Bolt|Raging Bolt|70/100
|
|-damage|p1a: Walking Wake|16/100 tox|[from] psn
|upkeep
|turn|13
|
|t:|1776195795
|-end|p1a: Walking Wake|confusion
|move|p1a: Walking Wake|Draco Meteor|p2a: Raging Bolt
|-supereffective|p2a: Raging Bolt
|-damage|p2a: Raging Bolt|31/100
|-unboost|p1a: Walking Wake|spa|2
|move|p2a: Raging Bolt|Thunderbolt|p1a: Walking Wake
|-damage|p1a: Walking Wake|0 fnt
|faint|p1a: Walking Wake
|-end|p1a: Walking Wake|Protosynthesis|[silent]
|
|upkeep
|
|t:|1776195806
|switch|p1a: Zamazenta|Zamazenta, tera:Steel|100/100
|turn|14
|
|t:|1776195812
|-end|p2a: Raging Bolt|Protosynthesis|[silent]
|switch|p2a: Alomomola|Alomomola, M|100/100
|move|p1a: Zamazenta|Ice Fang|p2a: Alomomola
|-resisted|p2a: Alomomola
|-crit|p2a: Alomomola
|-damage|p2a: Alomomola|92/100
|
|upkeep
|turn|15
|
|t:|1776195821
|move|p1a: Zamazenta|Iron Head|p2a: Alomomola
|-resisted|p2a: Alomomola
|-damage|p2a: Alomomola|82/100
|move|p2a: Alomomola|Wish|p2a: Alomomola
|
|upkeep
|turn|16
|
|t:|1776195826
|move|p1a: Zamazenta|Close Combat|p2a: Alomomola
|-damage|p2a: Alomomola|53/100
|-unboost|p1a: Zamazenta|def|1
|-unboost|p1a: Zamazenta|spd|1
|move|p2a: Alomomola|Flip Turn|p1a: Zamazenta
|-damage|p1a: Zamazenta|77/100
|
|t:|1776195835
|switch|p2a: Raging Bolt|Raging Bolt|31/100|[from] Flip Turn
|
|-heal|p2a: Raging Bolt|99/100|[from] move: Wish|[wisher] Alomomola
|upkeep
|turn|17
|
|t:|1776195843
|move|p1a: Zamazenta|Ice Fang|p2a: Raging Bolt
|-supereffective|p2a: Raging Bolt
|-damage|p2a: Raging Bolt|47/100
|move|p2a: Raging Bolt|Thunderbolt|p1a: Zamazenta
|-damage|p1a: Zamazenta|3/100
|
|upkeep
|turn|18
|
|t:|1776195850
|-end|p2a: Raging Bolt|Protosynthesis|[silent]
|switch|p2a: Alomomola|Alomomola, M|86/100
|move|p1a: Zamazenta|Ice Fang|p2a: Alomomola
|-resisted|p2a: Alomomola
|-damage|p2a: Alomomola|80/100
|
|upkeep
|turn|19
|
|t:|1776195860
|move|p1a: Zamazenta|Close Combat|p2a: Alomomola
|-damage|p2a: Alomomola|48/100
|-unboost|p1a: Zamazenta|def|1
|-unboost|p1a: Zamazenta|spd|1
|move|p2a: Alomomola|Wish|p2a: Alomomola
|
|upkeep
|turn|20
|
|t:|1776195871
|move|p1a: Zamazenta|Close Combat|p2a: Alomomola
|-damage|p2a: Alomomola|17/100
|-unboost|p1a: Zamazenta|def|1
|-unboost|p1a: Zamazenta|spd|1
|move|p2a: Alomomola|Flip Turn|p1a: Zamazenta
|-damage|p1a: Zamazenta|0 fnt
|faint|p1a: Zamazenta
|
|t:|1776195876
|switch|p2a: Raging Bolt|Raging Bolt|47/100|[from] Flip Turn
|
|-heal|p2a: Raging Bolt|100/100|[from] move: Wish|[wisher] Alomomola
|upkeep
|
|t:|1776195888
|switch|p1a: Gliscor|Gliscor, M|100/100
|turn|21
|
|t:|1776195921
|move|p1a: Gliscor|Toxic|p2a: Raging Bolt
|-status|p2a: Raging Bolt|tox
|move|p2a: Raging Bolt|Draco Meteor|p1a: Gliscor|[miss]
|-miss|p2a: Raging Bolt|p1a: Gliscor
|
|-damage|p2a: Raging Bolt|94/100 tox|[from] psn
|-status|p1a: Gliscor|tox|[from] item: Toxic Orb
|upkeep
|turn|22
|
|t:|1776195931
|move|p1a: Gliscor|Substitute|p1a: Gliscor
|-start|p1a: Gliscor|Substitute
|-damage|p1a: Gliscor|76/100 tox
|move|p2a: Raging Bolt|Draco Meteor|p1a: Gliscor|[miss]
|-miss|p2a: Raging Bolt|p1a: Gliscor
|
|-heal|p1a: Gliscor|88/100 tox|[from] ability: Poison Heal
|-damage|p2a: Raging Bolt|82/100 tox|[from] psn
|upkeep
|turn|23
|c|☆uno and dos|wtf
|
|t:|1776195943
|move|p1a: Gliscor|Knock Off|p2a: Raging Bolt
|-damage|p2a: Raging Bolt|61/100 tox
|-enditem|p2a: Raging Bolt|Assault Vest|[from] move: Knock Off|[of] p1a: Gliscor
|move|p2a: Raging Bolt|Dragon Pulse|p1a: Gliscor
|-end|p1a: Gliscor|Substitute
|
|-heal|p1a: Gliscor|100/100 tox|[from] ability: Poison Heal
|-damage|p2a: Raging Bolt|43/100 tox|[from] psn
|upkeep
|turn|24
|
|t:|1776195954
|-end|p2a: Raging Bolt|Protosynthesis|[silent]
|switch|p2a: Milotic|Milotic, M|100/100
|move|p1a: Gliscor|Substitute|p1a: Gliscor
|-start|p1a: Gliscor|Substitute
|-damage|p1a: Gliscor|76/100 tox
|
|-heal|p1a: Gliscor|88/100 tox|[from] ability: Poison Heal
|-status|p2a: Milotic|brn|[from] item: Flame Orb
|upkeep
|turn|25
|
|t:|1776195967
|move|p1a: Gliscor|Knock Off|p2a: Milotic
|-damage|p2a: Milotic|87/100 brn
|-enditem|p2a: Milotic|Flame Orb|[from] move: Knock Off|[of] p1a: Gliscor
|move|p2a: Milotic|Scald|p1a: Gliscor
|-supereffective|p1a: Gliscor
|-end|p1a: Gliscor|Substitute
|
|-heal|p1a: Gliscor|100/100 tox|[from] ability: Poison Heal
|-damage|p2a: Milotic|81/100 brn|[from] brn
|upkeep
|turn|26
|
|t:|1776195989
|move|p1a: Gliscor|Protect|p1a: Gliscor
|-singleturn|p1a: Gliscor|Protect
|move|p2a: Milotic|Ice Beam|p1a: Gliscor
|-activate|p1a: Gliscor|move: Protect
|
|-damage|p2a: Milotic|75/100 brn|[from] brn
|upkeep
|turn|27
|
|t:|1776196004
|move|p1a: Gliscor|Substitute|p1a: Gliscor
|-start|p1a: Gliscor|Substitute
|-damage|p1a: Gliscor|76/100 tox
|move|p2a: Milotic|Ice Beam|p1a: Gliscor
|-supereffective|p1a: Gliscor
|-end|p1a: Gliscor|Substitute
|
|-heal|p1a: Gliscor|88/100 tox|[from] ability: Poison Heal
|-damage|p2a: Milotic|68/100 brn|[from] brn
|upkeep
|turn|28
|
|t:|1776196015
|move|p1a: Gliscor|Protect|p1a: Gliscor
|-singleturn|p1a: Gliscor|Protect
|move|p2a: Milotic|Scald|p1a: Gliscor
|-activate|p1a: Gliscor|move: Protect
|
|-heal|p1a: Gliscor|100/100 tox|[from] ability: Poison Heal
|-damage|p2a: Milotic|62/100 brn|[from] brn
|upkeep
|turn|29
|
|t:|1776196029
|switch|p2a: Pecharunt|Pecharunt|90/100
|move|p1a: Gliscor|Substitute|p1a: Gliscor
|-start|p1a: Gliscor|Substitute
|-damage|p1a: Gliscor|76/100 tox
|
|-heal|p2a: Pecharunt|96/100|[from] item: Leftovers
|-heal|p1a: Gliscor|88/100 tox|[from] ability: Poison Heal
|upkeep
|turn|30
|
|t:|1776196039
|move|p1a: Gliscor|Knock Off|p2a: Pecharunt
|-supereffective|p2a: Pecharunt
|-damage|p2a: Pecharunt|68/100
|-enditem|p2a: Pecharunt|Leftovers|[from] move: Knock Off|[of] p1a: Gliscor
|move|p2a: Pecharunt|Hex|p1a: Gliscor
|-end|p1a: Gliscor|Substitute
|
|-heal|p1a: Gliscor|100/100 tox|[from] ability: Poison Heal
|upkeep
|turn|31
|
|t:|1776196051
|move|p1a: Gliscor|Knock Off|p2a: Pecharunt
|-supereffective|p2a: Pecharunt
|-damage|p2a: Pecharunt|50/100
|move|p2a: Pecharunt|Hex|p1a: Gliscor
|-damage|p1a: Gliscor|45/100 tox
|
|-heal|p1a: Gliscor|57/100 tox|[from] ability: Poison Heal
|upkeep
|turn|32
|
|t:|1776196061
|move|p1a: Gliscor|Knock Off|p2a: Pecharunt
|-supereffective|p2a: Pecharunt
|-damage|p2a: Pecharunt|32/100
|move|p2a: Pecharunt|Hex|p1a: Gliscor
|-damage|p1a: Gliscor|0 fnt
|faint|p1a: Gliscor
|
|upkeep
|
|t:|1776196070
|switch|p1a: Iron Treads|Iron Treads, shiny|100/100
|turn|33
|
|t:|1776196092
|switch|p2a: Milotic|Milotic, M|62/100 brn
|move|p1a: Iron Treads|Zen Headbutt|p2a: Milotic
|-damage|p2a: Milotic|47/100 brn
|
|-damage|p2a: Milotic|41/100 brn|[from] brn
|upkeep
|turn|34
|
|t:|1776196105
|move|p1a: Iron Treads|Earthquake|p2a: Milotic
|-damage|p2a: Milotic|10/100 brn
|move|p2a: Milotic|Recover|p2a: Milotic
|-heal|p2a: Milotic|60/100 brn
|
|-damage|p2a: Milotic|54/100 brn|[from] brn
|upkeep
|turn|35
|
|t:|1776196114
|move|p1a: Iron Treads|Earthquake|p2a: Milotic
|-damage|p2a: Milotic|25/100 brn
|move|p2a: Milotic|Recover|p2a: Milotic
|-heal|p2a: Milotic|75/100 brn
|
|-damage|p2a: Milotic|69/100 brn|[from] brn
|upkeep
|turn|36
|
|t:|1776196129
|-end|p1a: Iron Treads|Quark Drive|[silent]
|switch|p1a: Dragapult|Dragapult, M|100/100
|move|p2a: Milotic|Scald|p1a: Dragapult
|-resisted|p1a: Dragapult
|-damage|p1a: Dragapult|83/100
|-status|p1a: Dragapult|brn
|
|-damage|p1a: Dragapult|77/100 brn|[from] brn
|-damage|p2a: Milotic|63/100 brn|[from] brn
|upkeep
|turn|37
|
|t:|1776196140
|move|p1a: Dragapult|Dragon Dance|p1a: Dragapult
|-boost|p1a: Dragapult|atk|1
|-boost|p1a: Dragapult|spe|1
|move|p2a: Milotic|Recover|p2a: Milotic
|-heal|p2a: Milotic|100/100 brn
|
|-damage|p1a: Dragapult|71/100 brn|[from] brn
|-damage|p2a: Milotic|94/100 brn|[from] brn
|upkeep
|turn|38
|
|t:|1776196149
|move|p1a: Dragapult|Dragon Dance|p1a: Dragapult
|-boost|p1a: Dragapult|atk|1
|-boost|p1a: Dragapult|spe|1
|move|p2a: Milotic|Ice Beam|p1a: Dragapult
|-supereffective|p1a: Dragapult
|-damage|p1a: Dragapult|15/100 brn
|
|-damage|p1a: Dragapult|9/100 brn|[from] brn
|-damage|p2a: Milotic|88/100 brn|[from] brn
|upkeep
|turn|39
|
|t:|1776196168
|move|p1a: Dragapult|Dragon Claw|p2a: Milotic
|-damage|p2a: Milotic|62/100 brn
|move|p2a: Milotic|Ice Beam|p1a: Dragapult
|-supereffective|p1a: Dragapult
|-damage|p1a: Dragapult|0 fnt
|faint|p1a: Dragapult
|
|-damage|p2a: Milotic|56/100 brn|[from] brn
|upkeep
|
|t:|1776196179
|switch|p1a: Primarina|Primarina, F|29/100
|turn|40
|
|t:|1776196185
|move|p1a: Primarina|Draining Kiss|p2a: Milotic
|-damage|p2a: Milotic|41/100 brn
|-heal|p1a: Primarina|39/100|[from] drain|[of] p2a: Milotic
|move|p2a: Milotic|Mirror Coat|p1a: Primarina
|-damage|p1a: Primarina|12/100
|
|-heal|p1a: Primarina|18/100|[from] item: Leftovers
|-damage|p2a: Milotic|35/100 brn|[from] brn
|upkeep
|turn|41
|
|t:|1776196203
|move|p2a: Milotic|Recover|p2a: Milotic
|-heal|p2a: Milotic|85/100 brn
|move|p1a: Primarina|Draining Kiss|p2a: Milotic
|-damage|p2a: Milotic|71/100 brn
|-heal|p1a: Primarina|29/100|[from] drain|[of] p2a: Milotic
|
|-heal|p1a: Primarina|35/100|[from] item: Leftovers
|-damage|p2a: Milotic|65/100 brn|[from] brn
|upkeep
|turn|42
|
|t:|1776196214
|switch|p2a: Alomomola|Alomomola, M|50/100
|move|p1a: Primarina|Calm Mind|p1a: Primarina
|-boost|p1a: Primarina|spa|1
|-boost|p1a: Primarina|spd|1
|
|-heal|p1a: Primarina|41/100|[from] item: Leftovers
|upkeep
|turn|43
|
|t:|1776196224
|move|p2a: Alomomola|Wish|p2a: Alomomola
|move|p1a: Primarina|Draining Kiss|p2a: Alomomola
|-damage|p2a: Alomomola|12/100
|-heal|p1a: Primarina|83/100|[from] drain|[of] p2a: Alomomola
|
|-heal|p1a: Primarina|89/100|[from] item: Leftovers
|upkeep
|turn|44
|
|t:|1776196238
|switch|p2a: Pecharunt|Pecharunt|32/100
|move|p1a: Primarina|Hyper Voice|p2a: Pecharunt
|-immune|p2a: Pecharunt
|
|-heal|p2a: Pecharunt|100/100|[from] move: Wish|[wisher] Alomomola
|-heal|p1a: Primarina|95/100|[from] item: Leftovers
|upkeep
|turn|45
|
|t:|1776196250
|move|p2a: Pecharunt|Malignant Chain|p1a: Primarina
|-supereffective|p1a: Primarina
|-damage|p1a: Primarina|64/100
|-status|p1a: Primarina|tox
|-start|p1a: Primarina|confusion|[from] ability: Poison Puppeteer|[of] p2a: Pecharunt
|-activate|p1a: Primarina|confusion
|move|p1a: Primarina|Psychic Noise|p2a: Pecharunt
|-supereffective|p2a: Pecharunt
|-damage|p2a: Pecharunt|53/100
|-start|p2a: Pecharunt|move: Heal Block
|
|-heal|p1a: Primarina|70/100 tox|[from] item: Leftovers
|-damage|p1a: Primarina|64/100 tox|[from] psn
|upkeep
|turn|46
|
|t:|1776196266
|move|p2a: Pecharunt|Hex|p1a: Primarina
|-damage|p1a: Primarina|41/100 tox
|-activate|p1a: Primarina|confusion
|move|p1a: Primarina|Psychic Noise|p2a: Pecharunt
|-supereffective|p2a: Pecharunt
|-damage|p2a: Pecharunt|1/100
|
|-heal|p1a: Primarina|47/100 tox|[from] item: Leftovers
|-damage|p1a: Primarina|35/100 tox|[from] psn
|-end|p2a: Pecharunt|move: Heal Block
|upkeep
|turn|47
|
|t:|1776196278
|move|p2a: Pecharunt|Parting Shot|p1a: Primarina
|-unboost|p1a: Primarina|atk|1
|-unboost|p1a: Primarina|spa|1
|
|t:|1776196290
|switch|p2a: Gliscor|Gliscor, M|100/100|[from] Parting Shot
|-activate|p1a: Primarina|confusion
|move|p1a: Primarina|Draining Kiss|p2a: Gliscor
|-damage|p2a: Gliscor|80/100
|-heal|p1a: Primarina|47/100 tox|[from] drain|[of] p2a: Gliscor
|
|-heal|p1a: Primarina|54/100 tox|[from] item: Leftovers
|-damage|p1a: Primarina|35/100 tox|[from] psn
|-status|p2a: Gliscor|tox|[from] item: Toxic Orb
|upkeep
|turn|48
|inactive|Battle timer is ON: inactive players will automatically lose when time's up. (requested by Slippygar)
|
|t:|1776196375
|switch|p1a: Iron Treads|Iron Treads, shiny|100/100
|move|p2a: Gliscor|Facade|p1a: Iron Treads
|-resisted|p1a: Iron Treads
|-damage|p1a: Iron Treads|82/100
|
|-heal|p2a: Gliscor|92/100 tox|[from] ability: Poison Heal
|upkeep
|turn|49
|
|t:|1776196388
|move|p1a: Iron Treads|Iron Head|p2a: Gliscor
|-damage|p2a: Gliscor|56/100 tox
|move|p2a: Gliscor|Earthquake|p1a: Iron Treads
|-supereffective|p1a: Iron Treads
|-damage|p1a: Iron Treads|5/100
|
|-heal|p2a: Gliscor|69/100 tox|[from] ability: Poison Heal
|upkeep
|turn|50
|j| gremmy12012
|
|t:|1776196399
|move|p2a: Gliscor|Protect|p2a: Gliscor
|-singleturn|p2a: Gliscor|Protect
|move|p1a: Iron Treads|Iron Head|p2a: Gliscor
|-activate|p2a: Gliscor|move: Protect
|
|-heal|p2a: Gliscor|81/100 tox|[from] ability: Poison Heal
|upkeep
|turn|51
|-message|Slippygar forfeited.
|
|win|uno and dos
|raw|Slippygar's rating: 1056 &rarr; <strong>1039</strong><br />(-17 for losing)
|raw|uno and dos's rating: 1081 &rarr; <strong>1107</strong><br />(+26 for winning)
|l| ohko_smeargle
