|html|<div class="broadcast-blue"><strong>[Gen 9] OU is currently suspecting Tera Blast! For information on how to participate check out the <a href="https://www.smogon.com/tools/suspects/view/200">suspect thread</a>.</strong></div>
|j|☆bobbybobby123
|j|☆swagswag234
|t:|1776111000
|gametype|singles
|player|p1|bobbybobby123|2|1487
|player|p2|swagswag234|cyclist|1549
|gen|9
|tier|[Gen 9] OU
|rated|
|rule|HP Percentage Mod: HP is shown in percentages
|rule|Endless Battle Clause: Forcing endless battles is banned
|rule|Species Clause: Limit one of each Pokémon
|rule|OHKO Clause: OHKO moves are banned
|rule|Evasion Items Clause: Evasion items are banned
|rule|Evasion Moves Clause: Evasion moves are banned
|rule|Evasion Abilities Clause: Evasion abilities are banned
|rule|Sleep Moves Clause: Sleep-inducing moves are banned
|clearpoke
|poke|p1|Great Tusk|
|poke|p1|Rillaboom, M|
|poke|p1|Slowking-Galar, M|
|poke|p1|Frosmoth, M|
|poke|p1|Deoxys-Speed|
|poke|p1|Kyurem|
|poke|p2|Ninetales, F|
|poke|p2|Ceruledge, F|
|poke|p2|Venusaur, F|
|poke|p2|Hatterene, F|
|poke|p2|Great Tusk|
|poke|p2|Walking Wake|
|teampreview
|inactive|Battle timer is ON: inactive players will automatically lose when time's up. (requested by swagswag234)
|inactive|swagswag234 has 120 seconds left.
|
|t:|1776111031
|teamsize|p1|6
|teamsize|p2|6
|start
|switch|p1a: Deoxys|Deoxys-Speed|100/100
|switch|p2a: Ninetales|Ninetales, F|100/100
|-ability|p1a: Deoxys|Pressure
|-weather|SunnyDay|[from] ability: Drought|[of] p2a: Ninetales
|turn|1
|
|t:|1776111036
|move|p1a: Deoxys|Taunt|p2a: Ninetales
|-start|p2a: Ninetales|move: Taunt
|cant|p2a: Ninetales|move: Taunt|Encore
|
|-weather|SunnyDay|[upkeep]
|upkeep
|turn|2
|
|t:|1776111050
|move|p1a: Deoxys|Light Screen|p1a: Deoxys
|-sidestart|p1: bobbybobby123|move: Light Screen
|move|p2a: Ninetales|Flamethrower|p1a: Deoxys
|-damage|p1a: Deoxys|76/100
|
|-weather|SunnyDay|[upkeep]
|upkeep
|turn|3
|
|t:|1776111078
|move|p1a: Deoxys|Reflect|p1a: Deoxys
|-sidestart|p1: bobbybobby123|Reflect
|move|p2a: Ninetales|Flamethrower|p1a: Deoxys
|-damage|p1a: Deoxys|53/100
|
|-weather|SunnyDay|[upkeep]
|-end|p2a: Ninetales|move: Taunt
|upkeep
|turn|4
|
|t:|1776111083
|switch|p2a: Hatterene|Hatterene, F|100/100
|move|p1a: Deoxys|Taunt|p2a: Hatterene
|move|p2a: Hatterene|Taunt|p1a: Deoxys|[from] ability: Magic Bounce
|-start|p1a: Deoxys|move: Taunt
|
|-weather|SunnyDay|[upkeep]
|upkeep
|turn|5
|
|t:|1776111089
|switch|p1a: Rillaboom|Rillaboom, M, shiny|100/100
|-fieldstart|move: Grassy Terrain|[from] ability: Grassy Surge|[of] p1a: Rillaboom
|move|p2a: Hatterene|Nuzzle|p1a: Rillaboom
|-resisted|p1a: Rillaboom
|-damage|p1a: Rillaboom|99/100
|-status|p1a: Rillaboom|par
|
|-weather|SunnyDay|[upkeep]
|-heal|p1a: Rillaboom|100/100 par|[from] Grassy Terrain
|upkeep
|turn|6
|
|t:|1776111112
|switch|p1a: Slowking|Slowking-Galar, M, shiny|100/100
|move|p2a: Hatterene|Psychic Noise|p1a: Slowking
|-damage|p1a: Slowking|88/100
|-start|p1a: Slowking|move: Heal Block
|
|-weather|SunnyDay|[upkeep]
|upkeep
|turn|7
|
|t:|1776111117
|move|p2a: Hatterene|Nuzzle|p1a: Slowking
|-damage|p1a: Slowking|86/100
|-status|p1a: Slowking|par
|-prepare|p1a: Slowking|Chilly Reception|[premajor]
|cant|p1a: Slowking|par
|
|-weather|SunnyDay|[upkeep]
|-end|p1a: Slowking|move: Heal Block
|upkeep
|turn|8
|inactive|swagswag234 has 120 seconds left.
|
|t:|1776111150
|move|p2a: Hatterene|Psychic Noise|p1a: Slowking
|-damage|p1a: Slowking|73/100 par
|-start|p1a: Slowking|move: Heal Block
|-prepare|p1a: Slowking|Chilly Reception|[premajor]
|move|p1a: Slowking|Chilly Reception|p1a: Slowking
|-weather|Snowscape
|
|t:|1776111173
|switch|p1a: Frosmoth|Frosmoth, M, shiny|100/100|[from] Chilly Reception
|-enditem|p1a: Frosmoth|Grassy Seed
|-boost|p1a: Frosmoth|def|1|[from] item: Grassy Seed
|
|-weather|Snowscape|[upkeep]
|upkeep
|turn|9
|
|t:|1776111183
|move|p1a: Frosmoth|Substitute|p1a: Frosmoth
|-start|p1a: Frosmoth|Substitute
|-damage|p1a: Frosmoth|75/100
|move|p2a: Hatterene|Nuzzle|p1a: Frosmoth
|-activate|p1a: Frosmoth|move: Substitute|[damage]
|
|-weather|Snowscape|[upkeep]
|-heal|p1a: Frosmoth|82/100|[from] Grassy Terrain
|-sideend|p1: bobbybobby123|move: Light Screen
|upkeep
|turn|10
|
|t:|1776111197
|switch|p2a: Ninetales|Ninetales, F|100/100
|-weather|SunnyDay|[from] ability: Drought|[of] p2a: Ninetales
|move|p1a: Frosmoth|Quiver Dance|p1a: Frosmoth
|-boost|p1a: Frosmoth|spa|1
|-boost|p1a: Frosmoth|spd|1
|-boost|p1a: Frosmoth|spe|1
|
|-weather|SunnyDay|[upkeep]
|-heal|p1a: Frosmoth|88/100|[from] Grassy Terrain
|-sideend|p1: bobbybobby123|Reflect
|upkeep
|turn|11
|
|t:|1776111211
|move|p2a: Ninetales|Encore|p1a: Frosmoth
|-start|p1a: Frosmoth|Encore
|move|p1a: Frosmoth|Quiver Dance|p1a: Frosmoth
|-boost|p1a: Frosmoth|spa|1
|-boost|p1a: Frosmoth|spd|1
|-boost|p1a: Frosmoth|spe|1
|
|-weather|SunnyDay|[upkeep]
|-heal|p1a: Frosmoth|94/100|[from] Grassy Terrain
|upkeep
|turn|12
|
|t:|1776111237
|-terastallize|p1a: Frosmoth|Electric
|move|p1a: Frosmoth|Quiver Dance|p1a: Frosmoth
|-boost|p1a: Frosmoth|spa|1
|-boost|p1a: Frosmoth|spd|1
|-boost|p1a: Frosmoth|spe|1
|move|p2a: Ninetales|Flamethrower|p1a: Frosmoth
|-activate|p1a: Frosmoth|move: Substitute|[damage]
|
|-weather|SunnyDay|[upkeep]
|-heal|p1a: Frosmoth|99/100|[from] Grassy Terrain
|-fieldend|move: Grassy Terrain
|upkeep
|turn|13
|
|t:|1776111248
|switch|p2a: Great Tusk|Great Tusk|100/100
|-activate|p2a: Great Tusk|ability: Protosynthesis
|-start|p2a: Great Tusk|protosynthesisspe
|move|p1a: Frosmoth|Quiver Dance|p1a: Frosmoth
|-boost|p1a: Frosmoth|spa|1
|-boost|p1a: Frosmoth|spd|1
|-boost|p1a: Frosmoth|spe|1
|
|-weather|SunnyDay|[upkeep]
|-end|p1a: Frosmoth|Encore
|upkeep
|turn|14
|
|t:|1776111263
|move|p1a: Frosmoth|Ice Beam|p2a: Great Tusk
|-supereffective|p2a: Great Tusk
|-damage|p2a: Great Tusk|0 fnt
|faint|p2a: Great Tusk
|-end|p2a: Great Tusk|Protosynthesis|[silent]
|
|-weather|SunnyDay|[upkeep]
|upkeep
|
|t:|1776111273
|switch|p2a: Ceruledge|Ceruledge, F|100/100
|turn|15
|
|t:|1776111278
|move|p1a: Frosmoth|Tera Blast|p2a: Ceruledge|[anim] Tera Blast Electric
|-enditem|p2a: Ceruledge|Focus Sash
|-damage|p2a: Ceruledge|1/100
|move|p2a: Ceruledge|Bitter Blade|p1a: Frosmoth
|-end|p1a: Frosmoth|Substitute
|-heal|p2a: Ceruledge|10/100|[from] drain|[of] p1a: Frosmoth
|
|-weather|SunnyDay|[upkeep]
|upkeep
|turn|16
|
|t:|1776111289
|move|p1a: Frosmoth|Tera Blast|p2a: Ceruledge|[anim] Tera Blast Electric
|-damage|p2a: Ceruledge|0 fnt
|faint|p2a: Ceruledge
|
|-weather|SunnyDay|[upkeep]
|upkeep
|
|t:|1776111293
|switch|p2a: Venusaur|Venusaur, F|100/100
|turn|17
|
|t:|1776111300
|-terastallize|p2a: Venusaur|Fire
|move|p1a: Frosmoth|Substitute|p1a: Frosmoth
|-start|p1a: Frosmoth|Substitute
|-damage|p1a: Frosmoth|75/100
|move|p2a: Venusaur|Weather Ball|p1a: Frosmoth
|-activate|p1a: Frosmoth|move: Substitute|[damage]
|-damage|p2a: Venusaur|91/100|[from] item: Life Orb
|
|-weather|none
|upkeep
|turn|18
|-message|swagswag234 forfeited.
|
|win|bobbybobby123
|raw|bobbybobby123's rating: 1487 &rarr; <strong>1511</strong><br />(+24 for winning)
|raw|swagswag234's rating: 1549 &rarr; <strong>1525</strong><br />(-24 for losing)
|l|☆swagswag234
|player|p2|
|l|☆bobbybobby123
|player|p1|
