|html|<div class="broadcast-blue"><strong>[Gen 9] OU is currently suspecting Tera Blast! For information on how to participate check out the <a href="https://www.smogon.com/tools/suspects/view/200">suspect thread</a>.</strong></div>
|j|☆Pasangluvsfemboi
|j|☆pressacanadagoose
|t:|1776088435
|gametype|singles
|player|p1|Pasangluvsfemboi|266|1540
|player|p2|pressacanadagoose|169|1657
|gen|9
|tier|[Gen 9] OU
|rated|
|rule|HP Percentage Mod: HP is shown in percentages
|rule|Endless Battle Clause: Forcing endless battles is banned
|rule|Species Clause: Limit one of each Pokémon
|rule|OHKO Clause: OHKO moves are banned
|rule|Evasion Items Clause: Evasion items are banned
|rule|Evasion Moves Clause: Evasion moves are banned
|rule|Evasion Abilities Clause: Evasion abilities are banned
|rule|Sleep Moves Clause: Sleep-inducing moves are banned
|clearpoke
|poke|p1|Hatterene, F|
|poke|p1|Hawlucha, F|
|poke|p1|Indeedee, M|
|poke|p1|Porygon2|
|poke|p1|Kingambit, F|
|poke|p1|Ursaluna, F|
|poke|p2|Deoxys-Speed|
|poke|p2|Ceruledge, F|
|poke|p2|Zamazenta-*|
|poke|p2|Ogerpon-Wellspring, F|
|poke|p2|Glimmora, M|
|poke|p2|Moltres-Galar|
|teampreview
|inactive|Battle timer is ON: inactive players will automatically lose when time's up. (requested by Pasangluvsfemboi)
|
|t:|1776088478
|teamsize|p1|6
|teamsize|p2|6
|start
|switch|p1a: Indeedee|Indeedee, M|100/100
|switch|p2a: Deoxys|Deoxys-Speed|100/100
|-ability|p2a: Deoxys|Pressure
|-fieldstart|move: Psychic Terrain|[from] ability: Psychic Surge|[of] p1a: Indeedee
|turn|1
|
|t:|1776088501
|switch|p1a: Hatterene|Hatterene, F|100/100
|move|p2a: Deoxys|Light Screen|p2a: Deoxys
|-sidestart|p2: pressacanadagoose|move: Light Screen
|
|upkeep
|turn|2
|
|t:|1776088505
|switch|p2a: Glimmora|Glimmora, M|100/100
|move|p1a: Hatterene|Trick Room|p1a: Hatterene
|-fieldstart|move: Trick Room|[of] p1a: Hatterene
|
|upkeep
|turn|3
|
|t:|1776088513
|move|p1a: Hatterene|Expanding Force|p2a: Glimmora
|-supereffective|p2a: Glimmora
|-damage|p2a: Glimmora|0 fnt
|faint|p2a: Glimmora
|-damage|p1a: Hatterene|91/100|[from] item: Life Orb
|
|upkeep
|
|t:|1776088521
|switch|p2a: Moltres|Moltres-Galar|100/100
|turn|4
|
|t:|1776088532
|move|p1a: Hatterene|Mystical Fire|p2a: Moltres
|-damage|p2a: Moltres|84/100
|-unboost|p2a: Moltres|spa|1
|-damage|p1a: Hatterene|81/100|[from] item: Life Orb
|move|p2a: Moltres|Fiery Wrath|p1a: Hatterene
|-damage|p1a: Hatterene|53/100
|
|upkeep
|turn|5
|
|t:|1776088539
|move|p1a: Hatterene|Mystical Fire|p2a: Moltres
|-damage|p2a: Moltres|66/100
|-unboost|p2a: Moltres|spa|1
|-damage|p1a: Hatterene|44/100|[from] item: Life Orb
|move|p2a: Moltres|Fiery Wrath|p1a: Hatterene
|-damage|p1a: Hatterene|20/100
|
|upkeep
|turn|6
|
|t:|1776088542
|move|p1a: Hatterene|Misty Explosion|p2a: Moltres
|-supereffective|p2a: Moltres
|-damage|p2a: Moltres|0 fnt
|faint|p1a: Hatterene
|faint|p2a: Moltres
|
|-fieldend|move: Trick Room
|upkeep
|
|t:|1776088555
|switch|p2a: Deoxys|Deoxys-Speed|100/100
|switch|p1a: Hawlucha|Hawlucha, F|100/100
|-ability|p2a: Deoxys|Pressure
|-enditem|p1a: Hawlucha|Psychic Seed
|-boost|p1a: Hawlucha|spd|1|[from] item: Psychic Seed
|turn|7
|
|t:|1776088561
|move|p1a: Hawlucha|Swords Dance|p1a: Hawlucha
|-boost|p1a: Hawlucha|atk|2
|move|p2a: Deoxys|Psycho Boost|p1a: Hawlucha
|-supereffective|p1a: Hawlucha
|-damage|p1a: Hawlucha|0 fnt
|-unboost|p2a: Deoxys|spa|2
|faint|p1a: Hawlucha
|
|upkeep
|
|t:|1776088570
|switch|p1a: Kingambit|Kingambit, F|100/100
|-activate|p1a: Kingambit|ability: Supreme Overlord
|-start|p1a: Kingambit|fallen2|[silent]
|turn|8
|
|t:|1776088578
|move|p2a: Deoxys|Reflect|p2a: Deoxys
|-sidestart|p2: pressacanadagoose|Reflect
|move|p1a: Kingambit|Kowtow Cleave|p2a: Deoxys
|-supereffective|p2a: Deoxys
|-damage|p2a: Deoxys|25/100
|
|-sideend|p2: pressacanadagoose|move: Light Screen
|-fieldend|move: Psychic Terrain
|upkeep
|turn|9
|
|t:|1776088587
|move|p2a: Deoxys|Light Screen|p2a: Deoxys
|-sidestart|p2: pressacanadagoose|move: Light Screen
|move|p1a: Kingambit|Kowtow Cleave|p2a: Deoxys
|-supereffective|p2a: Deoxys
|-damage|p2a: Deoxys|0 fnt
|faint|p2a: Deoxys
|
|upkeep
|
|t:|1776088589
|switch|p2a: Zamazenta|Zamazenta|100/100
|-ability|p2a: Zamazenta|Dauntless Shield|boost
|-boost|p2a: Zamazenta|def|1
|turn|10
|inactive|Pasangluvsfemboi has 120 seconds left.
|
|t:|1776088629
|-end|p1a: Kingambit|fallen2|[silent]
|switch|p1a: Indeedee|Indeedee, M|100/100
|-fieldstart|move: Psychic Terrain|[from] ability: Psychic Surge|[of] p1a: Indeedee
|move|p2a: Zamazenta|Body Press|p1a: Indeedee
|-damage|p1a: Indeedee|34/100
|
|upkeep
|turn|11
|
|t:|1776088636
|move|p2a: Zamazenta|Body Press|p1a: Indeedee
|-damage|p1a: Indeedee|0 fnt
|faint|p1a: Indeedee
|
|upkeep
|
|t:|1776088655
|switch|p1a: Porygon2|Porygon2|100/100
|-ability|p1a: Porygon2|Download|boost
|-boost|p1a: Porygon2|spa|1
|turn|12
|
|t:|1776088662
|-terastallize|p1a: Porygon2|Poison
|move|p2a: Zamazenta|Body Press|p1a: Porygon2
|-resisted|p1a: Porygon2
|-damage|p1a: Porygon2|81/100
|move|p1a: Porygon2|Trick Room|p1a: Porygon2
|-fieldstart|move: Trick Room|[of] p1a: Porygon2
|
|upkeep
|turn|13
|
|t:|1776088671
|move|p1a: Porygon2|Shadow Ball|p2a: Zamazenta
|-damage|p2a: Zamazenta|85/100
|-unboost|p2a: Zamazenta|spd|1
|move|p2a: Zamazenta|Roar|p1a: Porygon2
|drag|p1a: Ursaluna|Ursaluna, F|100/100
|
|-heal|p2a: Zamazenta|91/100|[from] item: Leftovers
|-status|p1a: Ursaluna|brn|[from] item: Flame Orb
|upkeep
|turn|14
|inactive|Pasangluvsfemboi has 120 seconds left.
|
|t:|1776088688
|move|p1a: Ursaluna|Facade|p2a: Zamazenta
|-damage|p2a: Zamazenta|59/100
|move|p2a: Zamazenta|Body Press|p1a: Ursaluna
|-supereffective|p1a: Ursaluna
|-damage|p1a: Ursaluna|21/100 brn
|
|-heal|p2a: Zamazenta|65/100|[from] item: Leftovers
|-damage|p1a: Ursaluna|15/100 brn|[from] brn
|upkeep
|turn|15
|
|t:|1776088706
|switch|p1a: Porygon2|Porygon2, tera:Poison|81/100
|-ability|p1a: Porygon2|Download|boost
|-boost|p1a: Porygon2|spa|1
|move|p2a: Zamazenta|Body Press|p1a: Porygon2
|-resisted|p1a: Porygon2
|-damage|p1a: Porygon2|63/100
|
|-heal|p2a: Zamazenta|72/100|[from] item: Leftovers
|-sideend|p2: pressacanadagoose|Reflect
|upkeep
|turn|16
|inactive|Pasangluvsfemboi has 120 seconds left.
|
|t:|1776088717
|switch|p2a: Ceruledge|Ceruledge, F|100/100
|move|p1a: Porygon2|Ice Beam|p2a: Ceruledge
|-resisted|p2a: Ceruledge
|-damage|p2a: Ceruledge|89/100
|
|-sideend|p2: pressacanadagoose|move: Light Screen
|-fieldend|move: Trick Room
|upkeep
|turn|17
|
|t:|1776088723
|move|p2a: Ceruledge|Bitter Blade|p1a: Porygon2
|-damage|p1a: Porygon2|21/100
|-heal|p2a: Ceruledge|100/100|[from] drain|[of] p1a: Porygon2
|-damage|p2a: Ceruledge|91/100|[from] item: Life Orb
|move|p1a: Porygon2|Trick Room|p1a: Porygon2
|-fieldstart|move: Trick Room|[of] p1a: Porygon2
|
|-fieldend|move: Psychic Terrain
|upkeep
|turn|18
|
|t:|1776088731
|-terastallize|p2a: Ceruledge|Ghost
|move|p2a: Ceruledge|Shadow Sneak|p1a: Porygon2
|-damage|p1a: Porygon2|0 fnt
|faint|p1a: Porygon2
|-damage|p2a: Ceruledge|81/100|[from] item: Life Orb
|
|upkeep
|
|t:|1776088742
|switch|p1a: Ursaluna|Ursaluna, F|15/100 brn
|turn|19
|
|t:|1776088751
|switch|p2a: Ogerpon|Ogerpon-Wellspring, F|100/100
|move|p1a: Ursaluna|Headlong Rush|p2a: Ogerpon
|-resisted|p2a: Ogerpon
|-damage|p2a: Ogerpon|27/100
|-unboost|p1a: Ursaluna|def|1
|-unboost|p1a: Ursaluna|spd|1
|
|-damage|p1a: Ursaluna|9/100 brn|[from] brn
|upkeep
|turn|20
|
|t:|1776088763
|move|p1a: Ursaluna|Headlong Rush|p2a: Ogerpon
|-resisted|p2a: Ogerpon
|-crit|p2a: Ogerpon
|-damage|p2a: Ogerpon|0 fnt
|-unboost|p1a: Ursaluna|def|1
|-unboost|p1a: Ursaluna|spd|1
|faint|p2a: Ogerpon
|
|-damage|p1a: Ursaluna|3/100 brn|[from] brn
|upkeep
|
|t:|1776088765
|switch|p2a: Ceruledge|Ceruledge, F, tera:Ghost|81/100
|turn|21
|
|t:|1776088774
|move|p2a: Ceruledge|Shadow Sneak|p1a: Ursaluna
|-immune|p1a: Ursaluna
|move|p1a: Ursaluna|Headlong Rush|p2a: Ceruledge
|-damage|p2a: Ceruledge|0 fnt
|-unboost|p1a: Ursaluna|def|1
|-unboost|p1a: Ursaluna|spd|1
|faint|p2a: Ceruledge
|
|-damage|p1a: Ursaluna|0 fnt|[from] brn
|faint|p1a: Ursaluna
|-fieldend|move: Trick Room
|upkeep
|
|t:|1776088785
|switch|p2a: Zamazenta|Zamazenta|72/100
|switch|p1a: Kingambit|Kingambit, F|100/100
|-activate|p1a: Kingambit|ability: Supreme Overlord
|-start|p1a: Kingambit|fallen5|[silent]
|turn|22
|
|t:|1776088797
|move|p2a: Zamazenta|Body Press|p1a: Kingambit
|-supereffective|p1a: Kingambit
|-damage|p1a: Kingambit|0 fnt
|faint|p1a: Kingambit
|-end|p1a: Kingambit|fallen5|[silent]
|
|win|pressacanadagoose
|raw|Pasangluvsfemboi's rating: 1540 &rarr; <strong>1526</strong><br />(-14 for losing)
|raw|pressacanadagoose's rating: 1657 &rarr; <strong>1671</strong><br />(+14 for winning)
|l|☆pressacanadagoose
|player|p2|
|c|☆Pasangluvsfemboi|ggs
|l|☆Pasangluvsfemboi
|player|p1|
