|html|<div class="broadcast-blue"><strong>[Gen 9] OU is currently suspecting Tera Blast! For information on how to participate check out the <a href="https://www.smogon.com/tools/suspects/view/200">suspect thread</a>.</strong></div>
|j|☆LilDamu
|j|☆saymymy
|t:|1776092128
|gametype|singles
|player|p1|LilDamu|winona|1247
|player|p2|saymymy|pokemaniac|1291
|gen|9
|tier|[Gen 9] OU
|rated|
|rule|HP Percentage Mod: HP is shown in percentages
|rule|Endless Battle Clause: Forcing endless battles is banned
|rule|Species Clause: Limit one of each Pokémon
|rule|OHKO Clause: OHKO moves are banned
|rule|Evasion Items Clause: Evasion items are banned
|rule|Evasion Moves Clause: Evasion moves are banned
|rule|Evasion Abilities Clause: Evasion abilities are banned
|rule|Sleep Moves Clause: Sleep-inducing moves are banned
|clearpoke
|poke|p1|Dragonite, M|
|poke|p1|Great Tusk|
|poke|p1|Kingambit, F|
|poke|p1|Zamazenta-*|
|poke|p1|Iron Valiant|
|poke|p1|Moltres|
|poke|p2|Ambipom, F|
|poke|p2|Hoopa-Unbound|
|poke|p2|Okidogi, M|
|poke|p2|Landorus-Therian, M|
|poke|p2|Alomomola, M|
|poke|p2|Iron Treads|
|teampreview
|
|t:|1776092150
|teamsize|p1|6
|teamsize|p2|6
|start
|switch|p1a: Dragonite|Dragonite, M|100/100
|switch|p2a: Ambipom|Ambipom, F|100/100
|turn|1
|inactive|Battle timer is ON: inactive players will automatically lose when time's up. (requested by LilDamu)
|
|t:|1776092160
|move|p2a: Ambipom|Fake Out|p1a: Dragonite
|-damage|p1a: Dragonite|86/100
|cant|p1a: Dragonite|flinch
|
|upkeep
|turn|2
|
|t:|1776092162
|move|p2a: Ambipom|Triple Axel|p1a: Dragonite
|-supereffective|p1a: Dragonite
|-damage|p1a: Dragonite|46/100
|-supereffective|p1a: Dragonite
|-damage|p1a: Dragonite|0 fnt
|faint|p1a: Dragonite
|-hitcount|p1: Dragonite|2
|
|upkeep
|
|t:|1776092167
|switch|p1a: Zamazenta|Zamazenta|100/100
|-ability|p1a: Zamazenta|Dauntless Shield|boost
|-boost|p1a: Zamazenta|def|1
|turn|3
|
|t:|1776092177
|move|p1a: Zamazenta|Iron Defense|p1a: Zamazenta
|-boost|p1a: Zamazenta|def|2
|move|p2a: Ambipom|U-turn|p1a: Zamazenta
|-resisted|p1a: Zamazenta
|-damage|p1a: Zamazenta|97/100
|
|t:|1776092183
|switch|p2a: Hoopa|Hoopa-Unbound|100/100|[from] U-turn
|
|-heal|p1a: Zamazenta|100/100|[from] item: Leftovers
|upkeep
|turn|4
|
|t:|1776092193
|-terastallize|p1a: Zamazenta|Fire
|move|p1a: Zamazenta|Iron Defense|p1a: Zamazenta
|-boost|p1a: Zamazenta|def|2
|move|p2a: Hoopa|Psychic Noise|p1a: Zamazenta
|-damage|p1a: Zamazenta|62/100
|-start|p1a: Zamazenta|move: Heal Block
|
|upkeep
|turn|5
|
|t:|1776092202
|move|p1a: Zamazenta|Body Press|p2a: Hoopa
|-damage|p2a: Hoopa|0 fnt
|faint|p2a: Hoopa
|
|-end|p1a: Zamazenta|move: Heal Block
|upkeep
|
|t:|1776092207
|switch|p2a: Landorus|Landorus-Therian, M, shiny|100/100
|-ability|p2a: Landorus|Intimidate|boost
|-unboost|p1a: Zamazenta|atk|1
|turn|6
|
|t:|1776092212
|move|p1a: Zamazenta|Body Press|p2a: Landorus
|-resisted|p2a: Landorus
|-damage|p2a: Landorus|45/100
|-damage|p1a: Zamazenta|45/100|[from] item: Rocky Helmet|[of] p2a: Landorus
|move|p2a: Landorus|Earth Power|p1a: Zamazenta
|-supereffective|p1a: Zamazenta
|-damage|p1a: Zamazenta|0 fnt
|faint|p1a: Zamazenta
|
|upkeep
|
|t:|1776092224
|switch|p1a: Great Tusk|Great Tusk|100/100
|turn|7
|
|t:|1776092232
|move|p2a: Landorus|U-turn|p1a: Great Tusk
|-resisted|p1a: Great Tusk
|-damage|p1a: Great Tusk|94/100
|
|t:|1776092235
|switch|p2a: Alomomola|Alomomola, M, shiny|100/100|[from] U-turn
|move|p1a: Great Tusk|Stealth Rock|p2a: Alomomola
|-sidestart|p2: saymymy|move: Stealth Rock
|
|-heal|p1a: Great Tusk|100/100|[from] item: Leftovers
|upkeep
|turn|8
|
|t:|1776092238
|move|p1a: Great Tusk|Knock Off|p2a: Alomomola
|-damage|p2a: Alomomola|81/100
|-enditem|p2a: Alomomola|Assault Vest|[from] move: Knock Off|[of] p1a: Great Tusk
|move|p2a: Alomomola|Scald|p1a: Great Tusk
|-supereffective|p1a: Great Tusk
|-damage|p1a: Great Tusk|63/100
|
|-heal|p1a: Great Tusk|69/100|[from] item: Leftovers
|upkeep
|turn|9
|
|t:|1776092254
|-end|p1a: Great Tusk|Protosynthesis|[silent]
|switch|p1a: Iron Valiant|Iron Valiant|100/100
|-enditem|p1a: Iron Valiant|Booster Energy
|-activate|p1a: Iron Valiant|ability: Quark Drive|[fromitem]
|-start|p1a: Iron Valiant|quarkdrivespe
|move|p2a: Alomomola|Scald|p1a: Iron Valiant
|-damage|p1a: Iron Valiant|78/100
|-status|p1a: Iron Valiant|brn
|
|-damage|p1a: Iron Valiant|71/100 brn|[from] brn
|upkeep
|turn|10
|
|t:|1776092268
|move|p1a: Iron Valiant|Calm Mind|p1a: Iron Valiant
|-boost|p1a: Iron Valiant|spa|1
|-boost|p1a: Iron Valiant|spd|1
|move|p2a: Alomomola|Flip Turn|p1a: Iron Valiant
|-damage|p1a: Iron Valiant|52/100 brn
|
|t:|1776092283
|switch|p2a: Ambipom|Ambipom, F|100/100|[from] Flip Turn
|-damage|p2a: Ambipom|88/100|[from] Stealth Rock
|
|-damage|p1a: Iron Valiant|45/100 brn|[from] brn
|upkeep
|turn|11
|
|t:|1776092290
|move|p2a: Ambipom|Fake Out|p1a: Iron Valiant
|-damage|p1a: Iron Valiant|12/100 brn
|cant|p1a: Iron Valiant|flinch
|
|-damage|p1a: Iron Valiant|6/100 brn|[from] brn
|upkeep
|turn|12
|
|t:|1776092298
|switch|p2a: Okidogi|Okidogi, M|100/100
|-damage|p2a: Okidogi|95/100|[from] Stealth Rock
|move|p1a: Iron Valiant|Moonblast|p2a: Okidogi
|-damage|p2a: Okidogi|2/100
|-unboost|p2a: Okidogi|spa|1
|
|-damage|p1a: Iron Valiant|0 fnt|[from] brn
|faint|p1a: Iron Valiant
|-end|p1a: Iron Valiant|Quark Drive|[silent]
|upkeep
|
|t:|1776092316
|switch|p1a: Kingambit|Kingambit, F|100/100
|-activate|p1a: Kingambit|ability: Supreme Overlord
|-start|p1a: Kingambit|fallen3|[silent]
|turn|13
|
|t:|1776092321
|move|p2a: Okidogi|Close Combat|p1a: Kingambit
|-supereffective|p1a: Kingambit
|-crit|p1a: Kingambit
|-damage|p1a: Kingambit|0 fnt
|-unboost|p2a: Okidogi|def|1
|-unboost|p2a: Okidogi|spd|1
|faint|p1a: Kingambit
|-end|p1a: Kingambit|fallen3|[silent]
|
|upkeep
|
|t:|1776092325
|switch|p1a: Moltres|Moltres|100/100
|turn|14
|
|t:|1776092332
|switch|p2a: Alomomola|Alomomola, M, shiny|100/100
|-damage|p2a: Alomomola|88/100|[from] Stealth Rock
|move|p1a: Moltres|Flamethrower|p2a: Alomomola
|-resisted|p2a: Alomomola
|-damage|p2a: Alomomola|74/100
|
|upkeep
|turn|15
|
|t:|1776092338
|move|p1a: Moltres|Will-O-Wisp|p2a: Alomomola
|-status|p2a: Alomomola|brn
|move|p2a: Alomomola|Scald|p1a: Moltres
|-supereffective|p1a: Moltres
|-damage|p1a: Moltres|73/100
|
|-damage|p2a: Alomomola|68/100 brn|[from] brn
|upkeep
|turn|16
|
|t:|1776092344
|move|p1a: Moltres|Flamethrower|p2a: Alomomola
|-resisted|p2a: Alomomola
|-damage|p2a: Alomomola|53/100 brn
|move|p2a: Alomomola|Scald|p1a: Moltres
|-supereffective|p1a: Moltres
|-damage|p1a: Moltres|48/100
|
|-damage|p2a: Alomomola|47/100 brn|[from] brn
|upkeep
|turn|17
|
|t:|1776092351
|move|p1a: Moltres|Roost|p1a: Moltres
|-heal|p1a: Moltres|98/100
|-singleturn|p1a: Moltres|move: Roost
|move|p2a: Alomomola|Flip Turn|p1a: Moltres
|-supereffective|p1a: Moltres
|-damage|p1a: Moltres|87/100
|inactive|saymymy has 120 seconds left.
|
|t:|1776092390
|switch|p2a: Ambipom|Ambipom, F|88/100|[from] Flip Turn
|-damage|p2a: Ambipom|76/100|[from] Stealth Rock
|
|upkeep
|turn|18
|
|t:|1776092400
|move|p2a: Ambipom|Fake Out|p1a: Moltres
|-damage|p1a: Moltres|69/100
|cant|p1a: Moltres|flinch
|
|upkeep
|turn|19
|
|t:|1776092404
|move|p2a: Ambipom|Double Hit|p1a: Moltres
|-damage|p1a: Moltres|52/100
|-damage|p1a: Moltres|36/100
|-hitcount|p1a: Moltres|2
|move|p1a: Moltres|Will-O-Wisp|p2a: Ambipom|[miss]
|-miss|p1a: Moltres|p2a: Ambipom
|
|upkeep
|turn|20
|
|t:|1776092416
|move|p2a: Ambipom|U-turn|p1a: Moltres
|-resisted|p1a: Moltres
|-damage|p1a: Moltres|33/100
|
|t:|1776092419
|switch|p2a: Okidogi|Okidogi, M|2/100|[from] U-turn
|-damage|p2a: Okidogi|0 fnt|[from] Stealth Rock
|faint|p2a: Okidogi
|move|p1a: Moltres|Roost|p1a: Moltres
|-heal|p1a: Moltres|83/100
|-singleturn|p1a: Moltres|move: Roost
|
|upkeep
|
|t:|1776092421
|switch|p2a: Iron Treads|Iron Treads|100/100
|-damage|p2a: Iron Treads|97/100|[from] Stealth Rock
|turn|21
|
|t:|1776092423
|move|p2a: Iron Treads|Volt Switch|p1a: Moltres
|-supereffective|p1a: Moltres
|-damage|p1a: Moltres|31/100
|
|t:|1776092426
|-end|p2a: Iron Treads|Quark Drive|[silent]
|switch|p2a: Alomomola|Alomomola, M, shiny|80/100 brn|[from] Volt Switch
|-damage|p2a: Alomomola|67/100 brn|[from] Stealth Rock
|move|p1a: Moltres|Flamethrower|p2a: Alomomola
|-resisted|p2a: Alomomola
|-damage|p2a: Alomomola|53/100 brn
|
|-damage|p2a: Alomomola|47/100 brn|[from] brn
|upkeep
|turn|22
|
|t:|1776092429
|move|p1a: Moltres|Roost|p1a: Moltres
|-heal|p1a: Moltres|81/100
|-singleturn|p1a: Moltres|move: Roost
|move|p2a: Alomomola|Flip Turn|p1a: Moltres
|-supereffective|p1a: Moltres
|-damage|p1a: Moltres|68/100
|
|t:|1776092434
|switch|p2a: Iron Treads|Iron Treads|97/100|[from] Flip Turn
|-damage|p2a: Iron Treads|94/100|[from] Stealth Rock
|
|upkeep
|turn|23
|
|t:|1776092436
|move|p2a: Iron Treads|Volt Switch|p1a: Moltres
|-supereffective|p1a: Moltres
|-damage|p1a: Moltres|20/100
|
|t:|1776092442
|-end|p2a: Iron Treads|Quark Drive|[silent]
|switch|p2a: Alomomola|Alomomola, M, shiny|80/100 brn|[from] Volt Switch
|-damage|p2a: Alomomola|68/100 brn|[from] Stealth Rock
|move|p1a: Moltres|Flamethrower|p2a: Alomomola
|-resisted|p2a: Alomomola
|-damage|p2a: Alomomola|53/100 brn
|
|-damage|p2a: Alomomola|47/100 brn|[from] brn
|upkeep
|turn|24
|
|t:|1776092444
|move|p1a: Moltres|Roost|p1a: Moltres
|-heal|p1a: Moltres|70/100
|-singleturn|p1a: Moltres|move: Roost
|move|p2a: Alomomola|Flip Turn|p1a: Moltres
|-supereffective|p1a: Moltres
|-damage|p1a: Moltres|58/100
|
|t:|1776092447
|switch|p2a: Iron Treads|Iron Treads|94/100|[from] Flip Turn
|-damage|p2a: Iron Treads|91/100|[from] Stealth Rock
|
|upkeep
|turn|25
|
|t:|1776092449
|switch|p1a: Great Tusk|Great Tusk|69/100
|move|p2a: Iron Treads|Volt Switch|p1a: Great Tusk
|-immune|p1a: Great Tusk
|
|-heal|p1a: Great Tusk|76/100|[from] item: Leftovers
|upkeep
|turn|26
|
|t:|1776092457
|-end|p2a: Iron Treads|Quark Drive|[silent]
|switch|p2a: Landorus|Landorus-Therian, M, shiny|45/100
|-damage|p2a: Landorus|32/100|[from] Stealth Rock
|-ability|p2a: Landorus|Intimidate|boost
|-unboost|p1a: Great Tusk|atk|1
|move|p1a: Great Tusk|Rapid Spin|p2a: Landorus
|-damage|p2a: Landorus|23/100
|-boost|p1a: Great Tusk|spe|1
|-damage|p1a: Great Tusk|59/100|[from] item: Rocky Helmet|[of] p2a: Landorus
|
|-heal|p1a: Great Tusk|65/100|[from] item: Leftovers
|upkeep
|turn|27
|
|t:|1776092460
|move|p1a: Great Tusk|Knock Off|p2a: Landorus
|-damage|p2a: Landorus|3/100
|-damage|p1a: Great Tusk|49/100|[from] item: Rocky Helmet|[of] p2a: Landorus
|-enditem|p2a: Landorus|Rocky Helmet|[from] move: Knock Off|[of] p1a: Great Tusk
|move|p2a: Landorus|Earth Power|p1a: Great Tusk
|-damage|p1a: Great Tusk|5/100
|
|-heal|p1a: Great Tusk|11/100|[from] item: Leftovers
|upkeep
|turn|28
|
|t:|1776092467
|move|p1a: Great Tusk|Rapid Spin|p2a: Landorus
|-damage|p2a: Landorus|0 fnt
|-boost|p1a: Great Tusk|spe|1
|faint|p2a: Landorus
|
|-heal|p1a: Great Tusk|17/100|[from] item: Leftovers
|upkeep
|
|t:|1776092469
|switch|p2a: Ambipom|Ambipom, F|76/100
|-damage|p2a: Ambipom|63/100|[from] Stealth Rock
|turn|29
|
|t:|1776092472
|-end|p1a: Great Tusk|Protosynthesis|[silent]
|switch|p1a: Moltres|Moltres|58/100
|move|p2a: Ambipom|Fake Out|p1a: Moltres
|-damage|p1a: Moltres|41/100
|
|upkeep
|turn|30
|
|t:|1776092477
|move|p2a: Ambipom|Double Hit|p1a: Moltres
|-damage|p1a: Moltres|25/100
|-damage|p1a: Moltres|9/100
|-hitcount|p1a: Moltres|2
|move|p1a: Moltres|Roost|p1a: Moltres
|-heal|p1a: Moltres|60/100
|-singleturn|p1a: Moltres|move: Roost
|
|upkeep
|turn|31
|
|t:|1776092480
|move|p2a: Ambipom|Double Hit|p1a: Moltres
|-damage|p1a: Moltres|44/100
|-damage|p1a: Moltres|28/100
|-hitcount|p1a: Moltres|2
|move|p1a: Moltres|Will-O-Wisp|p2a: Ambipom
|-status|p2a: Ambipom|brn
|
|-damage|p2a: Ambipom|57/100 brn|[from] brn
|upkeep
|turn|32
|
|t:|1776092484
|move|p2a: Ambipom|Double Hit|p1a: Moltres
|-damage|p1a: Moltres|20/100
|-damage|p1a: Moltres|12/100
|-hitcount|p1a: Moltres|2
|move|p1a: Moltres|Roost|p1a: Moltres
|-heal|p1a: Moltres|62/100
|-singleturn|p1a: Moltres|move: Roost
|
|-damage|p2a: Ambipom|51/100 brn|[from] brn
|upkeep
|turn|33
|
|t:|1776092489
|move|p2a: Ambipom|Double Hit|p1a: Moltres
|-damage|p1a: Moltres|54/100
|-damage|p1a: Moltres|45/100
|-hitcount|p1a: Moltres|2
|move|p1a: Moltres|Flamethrower|p2a: Ambipom
|-crit|p2a: Ambipom
|-damage|p2a: Ambipom|0 fnt
|faint|p2a: Ambipom
|
|upkeep
|
|t:|1776092494
|switch|p2a: Iron Treads|Iron Treads|91/100
|-damage|p2a: Iron Treads|88/100|[from] Stealth Rock
|turn|34
|
|t:|1776092501
|move|p2a: Iron Treads|Volt Switch|p1a: Moltres
|-supereffective|p1a: Moltres
|-damage|p1a: Moltres|0 fnt
|faint|p1a: Moltres
|
|t:|1776092503
|-end|p2a: Iron Treads|Quark Drive|[silent]
|switch|p2a: Alomomola|Alomomola, M, shiny|80/100 brn|[from] Volt Switch
|-damage|p2a: Alomomola|68/100 brn|[from] Stealth Rock
|
|-damage|p2a: Alomomola|62/100 brn|[from] brn
|upkeep
|
|t:|1776092505
|switch|p1a: Great Tusk|Great Tusk|17/100
|turn|35
|
|t:|1776092508
|move|p1a: Great Tusk|Headlong Rush|p2a: Alomomola
|-damage|p2a: Alomomola|26/100 brn
|-unboost|p1a: Great Tusk|def|1
|-unboost|p1a: Great Tusk|spd|1
|move|p2a: Alomomola|Scald|p1a: Great Tusk
|-supereffective|p1a: Great Tusk
|-damage|p1a: Great Tusk|0 fnt
|faint|p1a: Great Tusk
|-end|p1a: Great Tusk|Protosynthesis|[silent]
|
|win|saymymy
|raw|LilDamu's rating: 1247 &rarr; <strong>1225</strong><br />(-22 for losing)
|raw|saymymy's rating: 1291 &rarr; <strong>1313</strong><br />(+22 for winning)
|l|☆saymymy
|player|p2|
|l|☆LilDamu
|player|p1|
