|html|<div class="broadcast-blue"><strong>[Gen 9] OU is currently suspecting Tera Blast! For information on how to participate check out the <a href="https://www.smogon.com/tools/suspects/view/200">suspect thread</a>.</strong></div>
|j|☆Jonicp756
|j|☆OshawottTheBot
|inactive|Battle timer is ON: inactive players will automatically lose when time's up.
|t:|1776204783
|gametype|singles
|player|p1|Jonicp756|nate|
|player|p2|OshawottTheBot|hilbert-masters|
|gen|9
|tier|[Gen 9] OU
|rated|Tournament battle
|rule|HP Percentage Mod: HP is shown in percentages
|rule|Endless Battle Clause: Forcing endless battles is banned
|rule|Species Clause: Limit one of each Pokémon
|rule|OHKO Clause: OHKO moves are banned
|rule|Evasion Items Clause: Evasion items are banned
|rule|Evasion Moves Clause: Evasion moves are banned
|rule|Evasion Abilities Clause: Evasion abilities are banned
|rule|Sleep Moves Clause: Sleep-inducing moves are banned
|clearpoke
|poke|p1|Deoxys-Speed|
|poke|p1|Ceruledge, M|
|poke|p1|Zamazenta-*|
|poke|p1|Ogerpon-Wellspring, F|
|poke|p1|Glimmora, F|
|poke|p1|Moltres-Galar|
|poke|p2|Okidogi, M|
|poke|p2|Samurott-Hisui, M|
|poke|p2|Excadrill, F|
|poke|p2|Hydrapple, M|
|poke|p2|Hatterene, F|
|poke|p2|Skeledirge, F|
|teampreview
|j|*Lady Monita 
|j| Zenitsu is god 123
|c|☆OshawottTheBot|glhf
|j| Doomscroll
|
|t:|1776204804
|teamsize|p1|6
|teamsize|p2|6
|start
|switch|p1a: Glimmora|Glimmora, F|100/100
|switch|p2a: Simon|Samurott-Hisui, M, shiny|100/100
|turn|1
|l| Zenitsu is god 123
|j| Demonmusa657
|j| Zenitsu is god 123
|c| Doomscroll|win it for me Oshawott!!
|c| Doomscroll|glhf both of you
|c|☆OshawottTheBot|i shall attempt to...
|
|t:|1776204824
|switch|p1a: Ogerpon|Ogerpon-Wellspring, F|100/100
|move|p2a: Simon|Ceaseless Edge|p1a: Ogerpon
|-damage|p1a: Ogerpon|41/100
|-sidestart|p1: Jonicp756|Spikes
|
|upkeep
|turn|2
|
|t:|1776204835
|move|p2a: Simon|Ceaseless Edge|p1a: Ogerpon
|-damage|p1a: Ogerpon|0 fnt
|-sidestart|p1: Jonicp756|Spikes
|faint|p1a: Ogerpon
|
|upkeep
|c|☆OshawottTheBot|lfg
|c| Demonmusa657|Now i hope he lose
|
|t:|1776204843
|switch|p1a: Zamazenta|Zamazenta|100/100
|-damage|p1a: Zamazenta|84/100|[from] Spikes
|-ability|p1a: Zamazenta|Dauntless Shield|boost
|-boost|p1a: Zamazenta|def|1
|turn|3
|
|t:|1776204847
|switch|p2a: Hat In Time|Hatterene, F|100/100
|move|p1a: Zamazenta|Iron Defense|p1a: Zamazenta
|-boost|p1a: Zamazenta|def|2
|
|-heal|p1a: Zamazenta|90/100|[from] item: Leftovers
|upkeep
|turn|4
|j| fuecocofan6789
|
|t:|1776204853
|move|p1a: Zamazenta|Heavy Slam|p2a: Hat In Time
|-supereffective|p2a: Hat In Time
|-damage|p2a: Hat In Time|28/100
|move|p2a: Hat In Time|Nuzzle|p1a: Zamazenta
|-damage|p1a: Zamazenta|88/100
|-status|p1a: Zamazenta|par
|
|-heal|p1a: Zamazenta|95/100 par|[from] item: Leftovers
|-heal|p2a: Hat In Time|34/100|[from] item: Leftovers
|upkeep
|turn|5
|c| Zenitsu is god 123|the explanation marks were not needed
|
|t:|1776204864
|move|p1a: Zamazenta|Heavy Slam|p2a: Hat In Time
|-supereffective|p2a: Hat In Time
|-damage|p2a: Hat In Time|0 fnt
|faint|p2a: Hat In Time
|
|-heal|p1a: Zamazenta|100/100 par|[from] item: Leftovers
|upkeep
|
|t:|1776204880
|switch|p2a: Gerard DeLeFontane|Hydrapple, M, shiny|100/100
|turn|6
|
|t:|1776204891
|move|p1a: Zamazenta|Body Press|p2a: Gerard DeLeFontane
|-damage|p2a: Gerard DeLeFontane|33/100
|move|p2a: Gerard DeLeFontane|Nasty Plot|p2a: Gerard DeLeFontane
|-boost|p2a: Gerard DeLeFontane|spa|2
|
|upkeep
|turn|7
|
|t:|1776204897
|move|p1a: Zamazenta|Body Press|p2a: Gerard DeLeFontane
|-damage|p2a: Gerard DeLeFontane|0 fnt
|faint|p2a: Gerard DeLeFontane
|
|upkeep
|
|t:|1776204901
|switch|p2a: Dober Mann|Okidogi, M|100/100
|turn|8
|
|t:|1776204906
|move|p2a: Dober Mann|Bulk Up|p2a: Dober Mann
|-boost|p2a: Dober Mann|atk|1
|-boost|p2a: Dober Mann|def|1
|move|p1a: Zamazenta|Roar|p2a: Dober Mann
|-activate|p2a: Dober Mann|ability: Guard Dog
|
|upkeep
|turn|9
|c|☆OshawottTheBot|lmao guard dog actually proccing for once
|c|☆OshawottTheBot|first time in a while
|
|t:|1776204926
|cant|p1a: Zamazenta|par
|move|p2a: Dober Mann|Bulk Up|p2a: Dober Mann
|-boost|p2a: Dober Mann|atk|1
|-boost|p2a: Dober Mann|def|1
|
|upkeep
|turn|10
|
|t:|1776204934
|cant|p1a: Zamazenta|par
|move|p2a: Dober Mann|Drain Punch|p1a: Zamazenta
|-damage|p1a: Zamazenta|73/100 par
|
|-heal|p1a: Zamazenta|79/100 par|[from] item: Leftovers
|upkeep
|turn|11
|j| KeepinDaHeadBZ
|
|t:|1776204941
|move|p1a: Zamazenta|Iron Defense|p1a: Zamazenta
|-boost|p1a: Zamazenta|def|2
|move|p2a: Dober Mann|Gunk Shot|p1a: Zamazenta
|-damage|p1a: Zamazenta|49/100 par
|
|-heal|p1a: Zamazenta|55/100 par|[from] item: Leftovers
|upkeep
|turn|12
|
|t:|1776204951
|cant|p1a: Zamazenta|par
|move|p2a: Dober Mann|Gunk Shot|p1a: Zamazenta
|-damage|p1a: Zamazenta|25/100 par
|
|-heal|p1a: Zamazenta|32/100 par|[from] item: Leftovers
|upkeep
|turn|13
|
|t:|1776204958
|move|p1a: Zamazenta|Heavy Slam|p2a: Dober Mann
|-damage|p2a: Dober Mann|94/100
|move|p2a: Dober Mann|Drain Punch|p1a: Zamazenta
|-damage|p1a: Zamazenta|13/100 par
|-heal|p2a: Dober Mann|100/100|[from] drain|[of] p1a: Zamazenta
|
|-heal|p1a: Zamazenta|19/100 par|[from] item: Leftovers
|upkeep
|turn|14
|j| ScottOBrian
|j| realooos
|
|t:|1776204966
|cant|p1a: Zamazenta|par
|move|p2a: Dober Mann|Gunk Shot|p1a: Zamazenta
|-damage|p1a: Zamazenta|0 fnt
|faint|p1a: Zamazenta
|
|upkeep
|
|t:|1776204987
|switch|p1a: Glimmora|Glimmora, F|100/100
|-damage|p1a: Glimmora|84/100|[from] Spikes
|turn|15
|
|t:|1776205005
|move|p1a: Glimmora|Mortal Spin|p2a: Dober Mann
|-resisted|p2a: Dober Mann
|-damage|p2a: Dober Mann|99/100
|-sideend|p1: Jonicp756|Spikes|[from] move: Mortal Spin|[of] p1a: Glimmora
|move|p2a: Dober Mann|Drain Punch|p1a: Glimmora
|-damage|p1a: Glimmora|0 fnt
|-heal|p2a: Dober Mann|100/100|[from] drain|[of] p1a: Glimmora
|-activate|p1a: Glimmora|ability: Toxic Debris
|-sidestart|p2: OshawottTheBot|move: Toxic Spikes
|faint|p1a: Glimmora
|
|upkeep
|inactive|Jonicp756 has 120 seconds left.
|
|t:|1776205023
|switch|p1a: Deoxys|Deoxys-Speed|100/100
|-ability|p1a: Deoxys|Pressure
|turn|16
|inactive|Jonicp756 has 120 seconds left.
|
|t:|1776205034
|-terastallize|p2a: Dober Mann|Dark
|move|p1a: Deoxys|Reflect|p1a: Deoxys
|-sidestart|p1: Jonicp756|Reflect
|move|p2a: Dober Mann|Knock Off|p1a: Deoxys
|-supereffective|p1a: Deoxys
|-damage|p1a: Deoxys|0 fnt
|-enditem|p1a: Deoxys|Light Clay|[from] move: Knock Off|[of] p2a: Dober Mann
|faint|p1a: Deoxys
|
|-damage|p2a: Dober Mann|88/100|[from] item: Black Sludge
|upkeep
|
|t:|1776205043
|switch|p1a: Moltres|Moltres-Galar|100/100
|turn|17
|inactive|Jonicp756 has 120 seconds left.
|
|t:|1776205053
|move|p1a: Moltres|Nasty Plot|p1a: Moltres
|-boost|p1a: Moltres|spa|2
|move|p2a: Dober Mann|Drain Punch|p1a: Moltres
|-damage|p1a: Moltres|53/100
|-heal|p2a: Dober Mann|100/100|[from] drain|[of] p1a: Moltres
|
|-damage|p2a: Dober Mann|88/100|[from] item: Black Sludge
|upkeep
|turn|18
|c|☆OshawottTheBot|so i may have uhhh forgotten what black sludge does
|inactive|Jonicp756 has 120 seconds left.
|
|t:|1776205067
|-terastallize|p1a: Moltres|Fairy
|move|p1a: Moltres|Tera Blast|p2a: Dober Mann|[anim] Tera Blast Fairy
|-supereffective|p2a: Dober Mann
|-damage|p2a: Dober Mann|0 fnt
|faint|p2a: Dober Mann
|
|upkeep
|j| 1El4me
|l| Doomscroll
|
|t:|1776205091
|switch|p2a: Resetti|Excadrill, F, shiny|100/100
|-ability|p2a: Resetti|Mold Breaker
|turn|19
|j| lucaszera
|j|+King Leo V
|l|+King Leo V
|
|t:|1776205104
|move|p2a: Resetti|Iron Head|p1a: Moltres
|-supereffective|p1a: Moltres
|-damage|p1a: Moltres|0 fnt
|faint|p1a: Moltres
|
|upkeep
|
|t:|1776205107
|switch|p1a: Ceruledge|Ceruledge, M|100/100
|turn|20
|
|t:|1776205114
|move|p2a: Resetti|Earthquake|p1a: Ceruledge
|-supereffective|p1a: Ceruledge
|-damage|p1a: Ceruledge|31/100
|-ability|p1a: Ceruledge|Weak Armor|boost
|-unboost|p1a: Ceruledge|def|1
|-boost|p1a: Ceruledge|spe|2
|move|p1a: Ceruledge|Swords Dance|p1a: Ceruledge
|-boost|p1a: Ceruledge|atk|2
|
|upkeep
|turn|21
|
|t:|1776205123
|move|p1a: Ceruledge|Bitter Blade|p2a: Resetti
|-supereffective|p2a: Resetti
|-damage|p2a: Resetti|0 fnt
|-heal|p1a: Ceruledge|87/100|[from] drain|[of] p2a: Resetti
|faint|p2a: Resetti
|-damage|p1a: Ceruledge|78/100|[from] item: Life Orb
|
|upkeep
|
|t:|1776205133
|switch|p2a: Simon|Samurott-Hisui, M, shiny|100/100
|-status|p2a: Simon|psn
|turn|22
|
|t:|1776205143
|move|p1a: Ceruledge|Bitter Blade|p2a: Simon
|-resisted|p2a: Simon
|-damage|p2a: Simon|15/100 psn
|-heal|p1a: Ceruledge|100/100|[from] drain|[of] p2a: Simon
|-damage|p1a: Ceruledge|91/100|[from] item: Life Orb
|move|p2a: Simon|Razor Shell|p1a: Ceruledge
|-supereffective|p1a: Ceruledge
|-damage|p1a: Ceruledge|0 fnt
|faint|p1a: Ceruledge
|
|win|OshawottTheBot
|n|☆Jonicp756|jonicp756
|n|☆OshawottTheBot|oshawottthebot
|n|*Lady Monita |ladymonita
|n| Demonmusa657|demonmusa657
|n| Zenitsu is god 123|zenitsuisgod123
|n| fuecocofan6789|fuecocofan6789
|n| KeepinDaHeadBZ|keepindaheadbz
|n| ScottOBrian|scottobrian
|n| realooos|realooos
|n| 1El4me|1el4me
|n| lucaszera|lucaszera
