|html|<div class="broadcast-blue"><strong>[Gen 9] OU is currently suspecting Tera Blast! For information on how to participate check out the <a href="https://www.smogon.com/tools/suspects/view/200">suspect thread</a>.</strong></div>
|j|☆adpg.alt
|j|☆greedman456
|t:|1776090326
|gametype|singles
|player|p1|adpg.alt|hilbert-wonderlauncher|1700
|player|p2|greedman456|brock|1725
|gen|9
|tier|[Gen 9] OU
|rated|
|rule|HP Percentage Mod: HP is shown in percentages
|rule|Endless Battle Clause: Forcing endless battles is banned
|rule|Species Clause: Limit one of each Pokémon
|rule|OHKO Clause: OHKO moves are banned
|rule|Evasion Items Clause: Evasion items are banned
|rule|Evasion Moves Clause: Evasion moves are banned
|rule|Evasion Abilities Clause: Evasion abilities are banned
|rule|Sleep Moves Clause: Sleep-inducing moves are banned
|clearpoke
|poke|p1|Quaquaval, M|
|poke|p1|Tornadus-Therian, M|
|poke|p1|Dragapult, M|
|poke|p1|Ting-Lu|
|poke|p1|Weezing-Galar, M|
|poke|p1|Deoxys-Speed|
|poke|p2|Torkoal, F|
|poke|p2|Charizard, M|
|poke|p2|Great Tusk|
|poke|p2|Walking Wake|
|poke|p2|Slither Wing|
|poke|p2|Corviknight, F|
|teampreview
|inactive|Battle timer is ON: inactive players will automatically lose when time's up. (requested by greedman456)
|inactive|adpg.alt has 120 seconds left.
|
|t:|1776090361
|teamsize|p1|6
|teamsize|p2|6
|start
|switch|p1a: Quaquaval|Quaquaval, M|100/100
|switch|p2a: Torkoal|Torkoal, F|100/100
|-weather|SunnyDay|[from] ability: Drought|[of] p2a: Torkoal
|turn|1
|
|t:|1776090388
|move|p1a: Quaquaval|Knock Off|p2a: Torkoal
|-damage|p2a: Torkoal|82/100
|-enditem|p2a: Torkoal|Eject Pack|[from] move: Knock Off|[of] p1a: Quaquaval
|move|p2a: Torkoal|Overheat|p1a: Quaquaval
|-resisted|p1a: Quaquaval
|-damage|p1a: Quaquaval|82/100
|-unboost|p2a: Torkoal|spa|2
|
|-weather|SunnyDay|[upkeep]
|upkeep
|turn|2
|
|t:|1776090410
|switch|p2a: Corviknight|Corviknight, F|100/100
|move|p1a: Quaquaval|U-turn|p2a: Corviknight
|-resisted|p2a: Corviknight
|-crit|p2a: Corviknight
|-damage|p2a: Corviknight|95/100
|
|t:|1776090423
|switch|p1a: Tornadus|Tornadus-Therian, M|100/100|[from] U-turn
|
|-weather|SunnyDay|[upkeep]
|-heal|p2a: Corviknight|100/100|[from] item: Leftovers
|upkeep
|turn|3
|
|t:|1776090445
|move|p1a: Tornadus|Knock Off|p2a: Corviknight
|-damage|p2a: Corviknight|86/100
|-enditem|p2a: Corviknight|Leftovers|[from] move: Knock Off|[of] p1a: Tornadus
|move|p2a: Corviknight|Tailwind|p2a: Corviknight
|-sidestart|p2: greedman456|move: Tailwind
|
|-weather|SunnyDay|[upkeep]
|upkeep
|turn|4
|
|t:|1776090459
|move|p1a: Tornadus|Knock Off|p2a: Corviknight
|-damage|p2a: Corviknight|77/100
|move|p2a: Corviknight|U-turn|p1a: Tornadus
|-resisted|p1a: Tornadus
|-damage|p1a: Tornadus|93/100
|-damage|p2a: Corviknight|60/100|[from] item: Rocky Helmet|[of] p1a: Tornadus
|
|t:|1776090471
|switch|p2a: Charizard|Charizard, M|100/100|[from] U-turn
|
|-weather|SunnyDay|[upkeep]
|-damage|p2a: Charizard|88/100|[from] ability: Solar Power|[of] p2a: Charizard
|upkeep
|turn|5
|
|t:|1776090501
|switch|p1a: Ting-Lu|Ting-Lu|100/100
|-ability|p1a: Ting-Lu|Vessel of Ruin
|-terastallize|p2a: Charizard|Fire
|move|p2a: Charizard|Flamethrower|p1a: Ting-Lu
|-damage|p1a: Ting-Lu|29/100
|
|-weather|none
|-heal|p1a: Ting-Lu|35/100|[from] item: Leftovers
|upkeep
|turn|6
|
|t:|1776090512
|switch|p1a: Quaquaval|Quaquaval, M|82/100
|move|p2a: Charizard|Flamethrower|p1a: Quaquaval
|-resisted|p1a: Quaquaval
|-damage|p1a: Quaquaval|60/100
|
|-sideend|p2: greedman456|move: Tailwind
|upkeep
|turn|7
|
|t:|1776090521
|switch|p2a: Torkoal|Torkoal, F|82/100
|-weather|SunnyDay|[from] ability: Drought|[of] p2a: Torkoal
|move|p1a: Quaquaval|U-turn|p2a: Torkoal
|-resisted|p2a: Torkoal
|-damage|p2a: Torkoal|77/100
|inactive|adpg.alt has 120 seconds left.
|
|t:|1776090538
|switch|p1a: Deoxys|Deoxys-Speed|100/100|[from] U-turn
|-ability|p1a: Deoxys|Pressure
|
|-weather|SunnyDay|[upkeep]
|upkeep
|turn|8
|
|t:|1776090543
|move|p1a: Deoxys|Psycho Boost|p2a: Torkoal
|-crit|p2a: Torkoal
|-damage|p2a: Torkoal|0 fnt
|-unboost|p1a: Deoxys|spa|2
|faint|p2a: Torkoal
|-damage|p1a: Deoxys|91/100|[from] item: Life Orb
|
|-weather|SunnyDay|[upkeep]
|upkeep
|
|t:|1776090554
|switch|p2a: Walking Wake|Walking Wake|100/100
|-activate|p2a: Walking Wake|ability: Protosynthesis
|-start|p2a: Walking Wake|protosynthesisspa
|turn|9
|
|t:|1776090565
|switch|p1a: Ting-Lu|Ting-Lu|35/100
|-ability|p1a: Ting-Lu|Vessel of Ruin
|move|p2a: Walking Wake|Agility|p2a: Walking Wake
|-boost|p2a: Walking Wake|spe|2
|
|-weather|SunnyDay|[upkeep]
|-heal|p1a: Ting-Lu|42/100|[from] item: Leftovers
|upkeep
|turn|10
|
|t:|1776090572
|move|p2a: Walking Wake|Hydro Steam|p1a: Ting-Lu
|-supereffective|p1a: Ting-Lu
|-damage|p1a: Ting-Lu|0 fnt
|faint|p1a: Ting-Lu
|-damage|p2a: Walking Wake|91/100|[from] item: Life Orb
|
|-weather|SunnyDay|[upkeep]
|upkeep
|
|t:|1776090582
|switch|p1a: Quaquaval|Quaquaval, M|60/100
|turn|11
|
|t:|1776090584
|move|p2a: Walking Wake|Dragon Pulse|p1a: Quaquaval
|-damage|p1a: Quaquaval|21/100
|-damage|p2a: Walking Wake|81/100|[from] item: Life Orb
|move|p1a: Quaquaval|Knock Off|p2a: Walking Wake
|-damage|p2a: Walking Wake|51/100
|-enditem|p2a: Walking Wake|Life Orb|[from] move: Knock Off|[of] p1a: Quaquaval
|
|-weather|none
|-end|p2a: Walking Wake|Protosynthesis
|upkeep
|turn|12
|
|t:|1776090600
|move|p2a: Walking Wake|Dragon Pulse|p1a: Quaquaval
|-damage|p1a: Quaquaval|0 fnt
|faint|p1a: Quaquaval
|
|upkeep
|
|t:|1776090605
|switch|p1a: Dragapult|Dragapult, M|100/100
|turn|13
|
|t:|1776090622
|-terastallize|p1a: Dragapult|Ghost
|move|p2a: Walking Wake|Dragon Pulse|p1a: Dragapult
|-damage|p1a: Dragapult|45/100
|move|p1a: Dragapult|Tera Blast|p2a: Walking Wake|[anim] Tera Blast Ghost
|-damage|p2a: Walking Wake|0 fnt
|faint|p2a: Walking Wake
|-end|p2a: Walking Wake|Protosynthesis|[silent]
|
|upkeep
|
|t:|1776090634
|switch|p2a: Slither Wing|Slither Wing|100/100
|turn|14
|
|t:|1776090638
|switch|p1a: Tornadus|Tornadus-Therian, M|100/100
|move|p2a: Slither Wing|First Impression|p1a: Tornadus
|-resisted|p1a: Tornadus
|-damage|p1a: Tornadus|72/100
|-damage|p2a: Slither Wing|84/100|[from] item: Rocky Helmet|[of] p1a: Tornadus
|
|upkeep
|turn|15
|
|t:|1776090645
|-end|p2a: Slither Wing|Protosynthesis|[silent]
|switch|p2a: Corviknight|Corviknight, F|60/100
|move|p1a: Tornadus|Bleakwind Storm|p2a: Corviknight
|-resisted|p2a: Corviknight
|-damage|p2a: Corviknight|49/100
|
|upkeep
|turn|16
|
|t:|1776090650
|move|p1a: Tornadus|Taunt|p2a: Corviknight
|-start|p2a: Corviknight|move: Taunt
|cant|p2a: Corviknight|move: Taunt|Tailwind
|
|upkeep
|turn|17
|
|t:|1776090656
|move|p1a: Tornadus|Bleakwind Storm|p2a: Corviknight|[miss]
|-miss|p1a: Tornadus|p2a: Corviknight
|move|p2a: Corviknight|Brave Bird|p1a: Tornadus
|-damage|p1a: Tornadus|32/100
|-damage|p2a: Corviknight|32/100|[from] item: Rocky Helmet|[of] p1a: Tornadus
|-damage|p2a: Corviknight|20/100|[from] Recoil
|
|upkeep
|turn|18
|
|t:|1776090667
|move|p1a: Tornadus|U-turn|p2a: Corviknight
|-resisted|p2a: Corviknight
|-damage|p2a: Corviknight|18/100
|
|t:|1776090670
|switch|p1a: Weezing|Weezing-Galar, M|100/100|[from] U-turn
|-ability|p1a: Weezing|Neutralizing Gas
|move|p2a: Corviknight|Brave Bird|p1a: Weezing
|-damage|p1a: Weezing|75/100
|-damage|p2a: Corviknight|11/100|[from] Recoil
|
|-end|p2a: Corviknight|move: Taunt
|upkeep
|turn|19
|
|t:|1776090682
|move|p2a: Corviknight|Tailwind|p2a: Corviknight
|-sidestart|p2: greedman456|move: Tailwind
|move|p1a: Weezing|Will-O-Wisp|p2a: Corviknight
|-status|p2a: Corviknight|brn
|
|-damage|p2a: Corviknight|5/100 brn|[from] brn
|upkeep
|turn|20
|
|t:|1776090691
|-end|p1a: Weezing|ability: Neutralizing Gas
|switch|p1a: Tornadus|Tornadus-Therian, M|65/100
|move|p2a: Corviknight|U-turn|p1a: Tornadus
|-resisted|p1a: Tornadus
|-damage|p1a: Tornadus|61/100
|-damage|p2a: Corviknight|0 fnt|[from] item: Rocky Helmet|[of] p1a: Tornadus
|faint|p2a: Corviknight
|
|upkeep
|
|t:|1776090703
|switch|p2a: Charizard|Charizard, M, tera:Fire|88/100
|turn|21
|
|t:|1776090715
|switch|p1a: Weezing|Weezing-Galar, M|75/100
|-ability|p1a: Weezing|Neutralizing Gas
|move|p2a: Charizard|Flamethrower|p1a: Weezing
|-damage|p1a: Weezing|0 fnt
|faint|p1a: Weezing
|-end|p1a: Weezing|ability: Neutralizing Gas
|
|upkeep
|
|t:|1776090721
|switch|p1a: Dragapult|Dragapult, M, tera:Ghost|45/100
|turn|22
|
|t:|1776090724
|move|p1a: Dragapult|Sucker Punch|p2a: Charizard
|-damage|p2a: Charizard|36/100
|move|p2a: Charizard|Flamethrower|p1a: Dragapult
|-damage|p1a: Dragapult|0 fnt
|faint|p1a: Dragapult
|
|-sideend|p2: greedman456|move: Tailwind
|upkeep
|
|t:|1776090734
|switch|p1a: Deoxys|Deoxys-Speed|91/100
|-ability|p1a: Deoxys|Pressure
|turn|23
|
|t:|1776090738
|move|p1a: Deoxys|Shadow Ball|p2a: Charizard
|-damage|p2a: Charizard|0 fnt
|faint|p2a: Charizard
|-damage|p1a: Deoxys|81/100|[from] item: Life Orb
|
|upkeep
|
|t:|1776090743
|switch|p2a: Slither Wing|Slither Wing|84/100
|turn|24
|
|t:|1776090746
|switch|p1a: Tornadus|Tornadus-Therian, M|95/100
|move|p2a: Slither Wing|U-turn|p1a: Tornadus
|-resisted|p1a: Tornadus
|-damage|p1a: Tornadus|73/100
|-damage|p2a: Slither Wing|68/100|[from] item: Rocky Helmet|[of] p1a: Tornadus
|
|t:|1776090751
|-end|p2a: Slither Wing|Protosynthesis|[silent]
|switch|p2a: Great Tusk|Great Tusk|100/100|[from] U-turn
|
|upkeep
|turn|25
|
|t:|1776090755
|move|p1a: Tornadus|Bleakwind Storm|p2a: Great Tusk
|-supereffective|p2a: Great Tusk
|-damage|p2a: Great Tusk|0 fnt
|faint|p2a: Great Tusk
|-end|p2a: Great Tusk|Protosynthesis|[silent]
|
|upkeep
|
|t:|1776090758
|switch|p2a: Slither Wing|Slither Wing|68/100
|turn|26
|
|t:|1776090760
|move|p1a: Tornadus|Bleakwind Storm|p2a: Slither Wing
|-supereffective|p2a: Slither Wing
|-damage|p2a: Slither Wing|0 fnt
|faint|p2a: Slither Wing
|-end|p2a: Slither Wing|Protosynthesis|[silent]
|
|win|adpg.alt
|raw|adpg.alt's rating: 1700 &rarr; <strong>1721</strong><br />(+21 for winning)
|raw|greedman456's rating: 1725 &rarr; <strong>1704</strong><br />(-21 for losing)
|l|☆greedman456
|player|p2|
|l|☆adpg.alt
|player|p1|
