|html|<div class="broadcast-blue"><strong>[Gen 9] OU is currently suspecting Tera Blast! For information on how to participate check out the <a href="https://www.smogon.com/tools/suspects/view/200">suspect thread</a>.</strong></div>
|j|☆55slug
|j|☆joona_987654321
|t:|1776237751
|gametype|singles
|player|p1|55slug|265|1000
|player|p2|joona_987654321|2|1000
|gen|9
|tier|[Gen 9] OU
|rated|
|rule|HP Percentage Mod: HP is shown in percentages
|rule|Endless Battle Clause: Forcing endless battles is banned
|rule|Species Clause: Limit one of each Pokémon
|rule|OHKO Clause: OHKO moves are banned
|rule|Evasion Items Clause: Evasion items are banned
|rule|Evasion Moves Clause: Evasion moves are banned
|rule|Evasion Abilities Clause: Evasion abilities are banned
|rule|Sleep Moves Clause: Sleep-inducing moves are banned
|clearpoke
|poke|p1|Hydrapple, M|
|poke|p1|Corviknight, M|
|poke|p1|Moltres|
|poke|p1|Zamazenta-*|
|poke|p1|Slowking-Galar, F|
|poke|p2|Maushold|
|poke|p2|Meowscarada, F|
|poke|p2|Clefairy, M|
|poke|p2|Walking Wake|
|poke|p2|Torkoal, M|
|poke|p2|Okidogi, M|
|teampreview
|
|t:|1776237762
|teamsize|p1|5
|teamsize|p2|6
|start
|switch|p1a: Hydrapple|Hydrapple, M|100/100
|switch|p2a: Torkoal|Torkoal, M|100/100
|-weather|SunnyDay|[from] ability: Drought|[of] p2a: Torkoal
|turn|1
|
|t:|1776237779
|switch|p2a: Walking Wake|Walking Wake|100/100
|-activate|p2a: Walking Wake|ability: Protosynthesis
|-start|p2a: Walking Wake|protosynthesisspa
|move|p1a: Hydrapple|Fickle Beam|p2a: Walking Wake
|-supereffective|p2a: Walking Wake
|-damage|p2a: Walking Wake|23/100
|
|-weather|SunnyDay|[upkeep]
|-heal|p2a: Walking Wake|29/100|[from] item: Leftovers
|upkeep
|turn|2
|
|t:|1776237794
|switch|p1a: Slowking|Slowking-Galar, F|100/100
|move|p2a: Walking Wake|Draco Meteor|p1a: Slowking
|-damage|p1a: Slowking|48/100
|-unboost|p2a: Walking Wake|spa|2
|
|-weather|SunnyDay|[upkeep]
|-heal|p2a: Walking Wake|35/100|[from] item: Leftovers
|upkeep
|turn|3
|
|t:|1776237812
|switch|p1a: Corviknight|Corviknight, M|100/100
|-ability|p1a: Corviknight|Pressure
|move|p2a: Walking Wake|Flip Turn|p1a: Corviknight
|-damage|p1a: Corviknight|94/100
|
|t:|1776237821
|-end|p2a: Walking Wake|Protosynthesis|[silent]
|switch|p2a: Torkoal|Torkoal, M|100/100|[from] Flip Turn
|
|-weather|SunnyDay|[upkeep]
|-heal|p1a: Corviknight|100/100|[from] item: Leftovers
|upkeep
|turn|4
|
|t:|1776237829
|switch|p1a: Slowking|Slowking-Galar, F|81/100
|move|p2a: Torkoal|Weather Ball|p1a: Slowking
|-damage|p1a: Slowking|56/100
|
|-weather|SunnyDay|[upkeep]
|upkeep
|turn|5
|
|t:|1776237845
|move|p1a: Slowking|Sludge Bomb|p2a: Torkoal
|-damage|p2a: Torkoal|63/100
|-status|p2a: Torkoal|psn
|move|p2a: Torkoal|Scorching Sands|p1a: Slowking
|-supereffective|p1a: Slowking
|-damage|p1a: Slowking|39/100
|
|-weather|none
|-heal|p2a: Torkoal|69/100 psn|[from] item: Leftovers
|-damage|p2a: Torkoal|57/100 psn|[from] psn
|upkeep
|turn|6
|
|t:|1776237864
|switch|p1a: Moltres|Moltres|100/100
|move|p2a: Torkoal|Scorching Sands|p1a: Moltres
|-immune|p1a: Moltres
|
|-heal|p2a: Torkoal|63/100 psn|[from] item: Leftovers
|-damage|p2a: Torkoal|50/100 psn|[from] psn
|upkeep
|turn|7
|
|t:|1776237870
|switch|p2a: Walking Wake|Walking Wake|35/100
|move|p1a: Moltres|U-turn|p2a: Walking Wake
|-crit|p2a: Walking Wake
|-damage|p2a: Walking Wake|10/100
|
|t:|1776237876
|switch|p1a: Slowking|Slowking-Galar, F|73/100|[from] U-turn
|
|-heal|p2a: Walking Wake|16/100|[from] item: Leftovers
|upkeep
|turn|8
|
|t:|1776237883
|move|p2a: Walking Wake|Draco Meteor|p1a: Slowking
|-damage|p1a: Slowking|35/100
|-unboost|p2a: Walking Wake|spa|2
|move|p1a: Slowking|Sludge Bomb|p2a: Walking Wake
|-damage|p2a: Walking Wake|0 fnt
|faint|p2a: Walking Wake
|-end|p2a: Walking Wake|Protosynthesis|[silent]
|
|upkeep
|
|t:|1776237904
|switch|p2a: Meowscarada|Meowscarada, F|100/100
|turn|9
|
|t:|1776237917
|switch|p1a: Zamazenta|Zamazenta|100/100
|-ability|p1a: Zamazenta|Dauntless Shield|boost
|-boost|p1a: Zamazenta|def|1
|move|p2a: Meowscarada|Taunt|p1a: Zamazenta
|-start|p1a: Zamazenta|move: Taunt
|
|upkeep
|turn|10
|
|t:|1776237929
|move|p1a: Zamazenta|Body Press|p2a: Meowscarada
|-supereffective|p2a: Meowscarada
|-damage|p2a: Meowscarada|0 fnt
|faint|p2a: Meowscarada
|
|upkeep
|-message|joona_987654321 forfeited.
|
|win|55slug
|raw|55slug's rating: 1000 &rarr; <strong>1040</strong><br />(+40 for winning)
|raw|joona_987654321's rating: 1000 &rarr; <strong>1000</strong><br />(+0 for losing)
|l|☆joona_987654321
|player|p2|
