|inactive|Battle timer is ON: inactive players will automatically lose when time's up.
|t:|1776350219
|gametype|singles
|player|p1|PaddyGuiness|169|
|player|p2|Javoris Kong|170|
|gen|9
|tier|[Gen 9] OU
|rule|HP Percentage Mod: HP is shown in percentages
|rule|Endless Battle Clause: Forcing endless battles is banned
|rule|Species Clause: Limit one of each Pokémon
|rule|OHKO Clause: OHKO moves are banned
|rule|Evasion Items Clause: Evasion items are banned
|rule|Evasion Moves Clause: Evasion moves are banned
|rule|Evasion Abilities Clause: Evasion abilities are banned
|rule|Sleep Moves Clause: Sleep-inducing moves are banned
|clearpoke
|poke|p1|Cinderace, F|
|poke|p1|Thundurus-Therian, M|
|poke|p1|Weezing-Galar, F|
|poke|p1|Kingambit, F|
|poke|p1|Ogerpon, F|
|poke|p1|Alomomola, M|
|poke|p2|Landorus-Therian, M|
|poke|p2|Kyurem|
|poke|p2|Ceruledge, F|
|poke|p2|Hatterene, F|
|poke|p2|Zamazenta-*|
|poke|p2|Kingambit, F|
|teampreview
|c|☆PaddyGuiness|bro this is so laggy
|c|☆Javoris Kong|lol
|
|t:|1776350248
|teamsize|p1|6
|teamsize|p2|6
|start
|switch|p1a: Alomomola|Alomomola, M|100/100
|switch|p2a: Landorus|Landorus-Therian, M|100/100
|-ability|p2a: Landorus|Intimidate|boost
|-unboost|p1a: Alomomola|atk|1
|turn|1
|
|t:|1776350254
|move|p2a: Landorus|Stealth Rock|p1a: Alomomola
|-sidestart|p1: PaddyGuiness|move: Stealth Rock
|move|p1a: Alomomola|Flip Turn|p2a: Landorus
|-supereffective|p2a: Landorus
|-damage|p2a: Landorus|80/100
|-damage|p1a: Alomomola|84/100|[from] item: Rocky Helmet|[of] p2a: Landorus
|inactive|PaddyGuiness has 270 seconds left.
|
|t:|1776350304
|switch|p1a: Kingambit|Kingambit, F|100/100|[from] Flip Turn
|-damage|p1a: Kingambit|94/100|[from] Stealth Rock
|-item|p1a: Kingambit|Air Balloon
|
|upkeep
|turn|2
|
|t:|1776350311
|-end|p1a: Kingambit|fallenundefined|[silent]
|switch|p1a: Alomomola|Alomomola, M|100/100
|-damage|p1a: Alomomola|88/100|[from] Stealth Rock
|move|p2a: Landorus|U-turn|p1a: Alomomola
|-damage|p1a: Alomomola|75/100
|
|t:|1776350320
|switch|p2a: Hatterene|Hatterene, F|100/100|[from] U-turn
|
|upkeep
|turn|3
|
|t:|1776350325
|move|p1a: Alomomola|Flip Turn|p2a: Hatterene
|-crit|p2a: Hatterene
|-damage|p2a: Hatterene|79/100
|
|t:|1776350338
|switch|p1a: Kingambit|Kingambit, F|94/100|[from] Flip Turn
|-damage|p1a: Kingambit|88/100|[from] Stealth Rock
|-item|p1a: Kingambit|Air Balloon
|move|p2a: Hatterene|Nuzzle|p1a: Kingambit
|-damage|p1a: Kingambit|85/100
|-status|p1a: Kingambit|par
|-enditem|p1a: Kingambit|Air Balloon
|
|upkeep
|turn|4
|
|t:|1776350348
|-end|p1a: Kingambit|fallenundefined|[silent]
|switch|p1a: Alomomola|Alomomola, M|100/100
|-damage|p1a: Alomomola|88/100|[from] Stealth Rock
|switch|p2a: Landorus|Landorus-Therian, M|80/100
|-ability|p2a: Landorus|Intimidate|boost
|-unboost|p1a: Alomomola|atk|1
|
|upkeep
|turn|5
|
|t:|1776350356
|move|p2a: Landorus|Earth Power|p1a: Alomomola
|-damage|p1a: Alomomola|69/100
|move|p1a: Alomomola|Flip Turn|p2a: Landorus
|-supereffective|p2a: Landorus
|-damage|p2a: Landorus|58/100
|-damage|p1a: Alomomola|52/100|[from] item: Rocky Helmet|[of] p2a: Landorus
|
|t:|1776350372
|switch|p1a: Ogerpon|Ogerpon, F|100/100|[from] Flip Turn
|-damage|p1a: Ogerpon|88/100|[from] Stealth Rock
|
|upkeep
|turn|6
|
|t:|1776350390
|switch|p2a: Zamazenta|Zamazenta|100/100
|-ability|p2a: Zamazenta|Dauntless Shield|boost
|-boost|p2a: Zamazenta|def|1
|move|p1a: Ogerpon|U-turn|p2a: Zamazenta
|-resisted|p2a: Zamazenta
|-damage|p2a: Zamazenta|92/100
|
|t:|1776350404
|switch|p1a: Weezing|Weezing-Galar, F, shiny|100/100|[from] U-turn
|-ability|p1a: Weezing|Neutralizing Gas
|-damage|p1a: Weezing|88/100|[from] Stealth Rock
|
|-heal|p2a: Zamazenta|98/100|[from] item: Leftovers
|-heal|p1a: Weezing|94/100|[from] item: Leftovers
|upkeep
|turn|7
|
|t:|1776350414
|switch|p2a: Ceruledge|Ceruledge, F|100/100
|move|p1a: Weezing|Toxic|p2a: Ceruledge
|-status|p2a: Ceruledge|tox
|
|-heal|p1a: Weezing|99/100|[from] item: Leftovers
|-damage|p2a: Ceruledge|94/100 tox|[from] psn
|upkeep
|turn|8
|inactive|PaddyGuiness has 270 seconds left.
|
|t:|1776350453
|-end|p1a: Weezing|ability: Neutralizing Gas
|switch|p1a: Kingambit|Kingambit, F|85/100 par
|-damage|p1a: Kingambit|79/100 par|[from] Stealth Rock
|move|p2a: Ceruledge|Swords Dance|p2a: Ceruledge
|-boost|p2a: Ceruledge|atk|2
|
|-damage|p2a: Ceruledge|82/100 tox|[from] psn
|upkeep
|turn|9
|
|t:|1776350459
|move|p2a: Ceruledge|Shadow Sneak|p1a: Kingambit
|-resisted|p1a: Kingambit
|-damage|p1a: Kingambit|55/100 par
|-damage|p2a: Ceruledge|72/100 tox|[from] item: Life Orb
|move|p1a: Kingambit|Sucker Punch||[still]
|-fail|p1a: Kingambit
|
|-damage|p2a: Ceruledge|53/100 tox|[from] psn
|upkeep
|turn|10
|
|t:|1776350464
|move|p1a: Kingambit|Sucker Punch|p2a: Ceruledge
|-supereffective|p2a: Ceruledge
|-damage|p2a: Ceruledge|0 fnt
|faint|p2a: Ceruledge
|
|upkeep
|
|t:|1776350470
|switch|p2a: Landorus|Landorus-Therian, M|58/100
|-ability|p2a: Landorus|Intimidate|boost
|-unboost|p1a: Kingambit|atk|1
|turn|11
|
|t:|1776350473
|-end|p1a: Kingambit|fallenundefined|[silent]
|switch|p1a: Alomomola|Alomomola, M|86/100
|-damage|p1a: Alomomola|73/100|[from] Stealth Rock
|move|p2a: Landorus|U-turn|p1a: Alomomola
|-damage|p1a: Alomomola|61/100
|
|t:|1776350480
|switch|p2a: Hatterene|Hatterene, F|79/100|[from] U-turn
|
|upkeep
|turn|12
|
|t:|1776350485
|move|p1a: Alomomola|Flip Turn|p2a: Hatterene
|-damage|p2a: Hatterene|65/100
|
|t:|1776350499
|switch|p1a: Kingambit|Kingambit, F|55/100 par|[from] Flip Turn
|-damage|p1a: Kingambit|49/100 par|[from] Stealth Rock
|move|p2a: Hatterene|Psychic Noise|p1a: Kingambit
|-immune|p1a: Kingambit
|
|upkeep
|turn|13
|
|t:|1776350511
|switch|p2a: Landorus|Landorus-Therian, M|58/100
|-ability|p2a: Landorus|Intimidate|boost
|-unboost|p1a: Kingambit|atk|1
|move|p1a: Kingambit|Iron Head|p2a: Landorus
|-damage|p2a: Landorus|31/100
|-damage|p1a: Kingambit|32/100 par|[from] item: Rocky Helmet|[of] p2a: Landorus
|
|upkeep
|turn|14
|
|t:|1776350527
|-end|p1a: Kingambit|fallenundefined|[silent]
|switch|p1a: Alomomola|Alomomola, M|94/100
|-damage|p1a: Alomomola|81/100|[from] Stealth Rock
|move|p2a: Landorus|Earth Power|p1a: Alomomola
|-damage|p1a: Alomomola|63/100
|
|upkeep
|turn|15
|
|t:|1776350530
|move|p2a: Landorus|Earth Power|p1a: Alomomola
|-damage|p1a: Alomomola|44/100
|move|p1a: Alomomola|Flip Turn|p2a: Landorus
|-supereffective|p2a: Landorus
|-damage|p2a: Landorus|0 fnt
|-damage|p1a: Alomomola|27/100|[from] item: Rocky Helmet|[of] p2a: Landorus
|faint|p2a: Landorus
|
|t:|1776350538
|switch|p1a: Thundurus|Thundurus-Therian, M|100/100|[from] Flip Turn
|-damage|p1a: Thundurus|76/100|[from] Stealth Rock
|
|upkeep
|
|t:|1776350550
|switch|p2a: Kyurem|Kyurem|100/100
|-ability|p2a: Kyurem|Pressure
|turn|16
|
|t:|1776350560
|move|p1a: Thundurus|Volt Switch|p2a: Kyurem
|-resisted|p2a: Kyurem
|-damage|p2a: Kyurem|72/100
|
|t:|1776350566
|switch|p1a: Kingambit|Kingambit, F|32/100 par|[from] Volt Switch
|-damage|p1a: Kingambit|26/100 par|[from] Stealth Rock
|move|p2a: Kyurem|Icicle Spear|p1a: Kingambit
|-resisted|p1a: Kingambit
|-damage|p1a: Kingambit|20/100 par
|-resisted|p1a: Kingambit
|-damage|p1a: Kingambit|15/100 par
|-resisted|p1a: Kingambit
|-damage|p1a: Kingambit|9/100 par
|-resisted|p1a: Kingambit
|-damage|p1a: Kingambit|3/100 par
|-hitcount|p1a: Kingambit|4
|
|upkeep
|turn|17
|
|t:|1776350578
|switch|p2a: Zamazenta|Zamazenta|98/100
|move|p1a: Kingambit|Sucker Punch||[still]
|-fail|p1a: Kingambit
|
|-heal|p2a: Zamazenta|100/100|[from] item: Leftovers
|upkeep
|turn|18
|
|t:|1776350583
|move|p2a: Zamazenta|Body Press|p1a: Kingambit
|-supereffective|p1a: Kingambit
|-damage|p1a: Kingambit|0 fnt
|faint|p1a: Kingambit
|-end|p1a: Kingambit|fallenundefined|[silent]
|
|upkeep
|
|t:|1776350599
|switch|p1a: Thundurus|Thundurus-Therian, M|76/100
|-damage|p1a: Thundurus|51/100|[from] Stealth Rock
|turn|19
|
|t:|1776350604
|-terastallize|p1a: Thundurus|Fairy
|move|p2a: Zamazenta|Crunch|p1a: Thundurus
|-resisted|p1a: Thundurus
|-damage|p1a: Thundurus|32/100
|move|p1a: Thundurus|Tera Blast|p2a: Zamazenta|[anim] Tera Blast Fairy
|-supereffective|p2a: Zamazenta
|-damage|p2a: Zamazenta|0 fnt
|faint|p2a: Zamazenta
|
|upkeep
|
|t:|1776350613
|switch|p2a: Kingambit|Kingambit, F|100/100
|-activate|p2a: Kingambit|ability: Supreme Overlord
|-start|p2a: Kingambit|fallen3|[silent]
|turn|20
|
|t:|1776350622
|move|p2a: Kingambit|Sucker Punch|p1a: Thundurus
|-resisted|p1a: Thundurus
|-damage|p1a: Thundurus|0 fnt
|faint|p1a: Thundurus
|
|upkeep
|
|t:|1776350633
|switch|p1a: Cinderace|Cinderace, F|100/100
|turn|21
|
|t:|1776350640
|-terastallize|p2a: Kingambit|Fire
|move|p1a: Cinderace|Pyro Ball|p2a: Kingambit|[miss]
|-miss|p1a: Cinderace|p2a: Kingambit
|move|p2a: Kingambit|Kowtow Cleave|p1a: Cinderace
|-damage|p1a: Cinderace|10/100
|
|upkeep
|turn|22
|
|t:|1776350659
|move|p1a: Cinderace|Court Change|p1a: Cinderace
|-start|p1a: Cinderace|typechange|Normal|[from] ability: Libero
|-swapsideconditions
|-activate|p1a: Cinderace|move: Court Change
|move|p2a: Kingambit|Iron Head|p1a: Cinderace
|-damage|p1a: Cinderace|0 fnt
|faint|p1a: Cinderace
|
|upkeep
|
|t:|1776350673
|switch|p1a: Alomomola|Alomomola, M|60/100
|turn|23
|
|t:|1776350693
|move|p2a: Kingambit|Kowtow Cleave|p1a: Alomomola
|-damage|p1a: Alomomola|14/100
|move|p1a: Alomomola|Flip Turn|p2a: Kingambit
|-supereffective|p2a: Kingambit
|-damage|p2a: Kingambit|78/100
|
|t:|1776350708
|switch|p1a: Weezing|Weezing-Galar, F, shiny|99/100|[from] Flip Turn
|-ability|p1a: Weezing|Neutralizing Gas
|
|-heal|p1a: Weezing|100/100|[from] item: Leftovers
|upkeep
|turn|24
|
|t:|1776350715
|move|p1a: Weezing|Toxic|p2a: Kingambit
|-status|p2a: Kingambit|tox
|move|p2a: Kingambit|Swords Dance|p2a: Kingambit
|-boost|p2a: Kingambit|atk|2
|
|-damage|p2a: Kingambit|72/100 tox|[from] psn
|upkeep
|turn|25
|
|t:|1776350725
|move|p1a: Weezing|Flamethrower|p2a: Kingambit
|-resisted|p2a: Kingambit
|-damage|p2a: Kingambit|63/100 tox
|move|p2a: Kingambit|Iron Head|p1a: Weezing
|-supereffective|p1a: Weezing
|-damage|p1a: Weezing|0 fnt
|faint|p1a: Weezing
|-end|p1a: Weezing|ability: Neutralizing Gas
|-activate|p2a: Kingambit|ability: Supreme Overlord
|-start|p2a: Kingambit|fallen3|[silent]
|
|-damage|p2a: Kingambit|50/100 tox|[from] psn
|upkeep
|
|t:|1776350730
|switch|p1a: Alomomola|Alomomola, M|48/100
|turn|26
|
|t:|1776350734
|switch|p1a: Ogerpon|Ogerpon, F|88/100
|move|p2a: Kingambit|Kowtow Cleave|p1a: Ogerpon
|-damage|p1a: Ogerpon|0 fnt
|faint|p1a: Ogerpon
|
|-damage|p2a: Kingambit|31/100 tox|[from] psn
|upkeep
|
|t:|1776350738
|switch|p1a: Alomomola|Alomomola, M|81/100
|turn|27
|
|t:|1776350755
|move|p1a: Alomomola|Aqua Jet|p2a: Kingambit
|-supereffective|p2a: Kingambit
|-damage|p2a: Kingambit|15/100 tox
|move|p2a: Kingambit|Kowtow Cleave|p1a: Alomomola
|-damage|p1a: Alomomola|0 fnt
|faint|p1a: Alomomola
|
|win|Javoris Kong
|c|☆Javoris Kong|gg
|player|p1|
