|html|<div class="broadcast-blue"><strong>[Gen 9] OU is currently suspecting Tera Blast! For information on how to participate check out the <a href="https://www.smogon.com/tools/suspects/view/200">suspect thread</a>.</strong></div>
|j|☆Astrid_D_Wolfwood
|j|☆francodg12
|t:|1776079295
|gametype|singles
|player|p1|Astrid_D_Wolfwood|guitarist-gen4|1231
|player|p2|francodg12|roughneck-gen4|1171
|gen|9
|tier|[Gen 9] OU
|rated|
|rule|HP Percentage Mod: HP is shown in percentages
|rule|Endless Battle Clause: Forcing endless battles is banned
|rule|Species Clause: Limit one of each Pokémon
|rule|OHKO Clause: OHKO moves are banned
|rule|Evasion Items Clause: Evasion items are banned
|rule|Evasion Moves Clause: Evasion moves are banned
|rule|Evasion Abilities Clause: Evasion abilities are banned
|rule|Sleep Moves Clause: Sleep-inducing moves are banned
|clearpoke
|poke|p1|Deoxys-Speed|
|poke|p1|Great Tusk|
|poke|p1|Kommo-o, F|
|poke|p1|Ogerpon-Wellspring, F|
|poke|p1|Gholdengo|
|poke|p1|Iron Moth|
|poke|p2|Whimsicott, F|
|poke|p2|Scyther, M|
|poke|p2|Garganacl, M|
|poke|p2|Iron Treads|
|poke|p2|Slowking, M|
|poke|p2|Skeledirge, M|
|teampreview
|j| ohko_smeargle
|inactive|Battle timer is ON: inactive players will automatically lose when time's up. (requested by francodg12)
|
|t:|1776079320
|teamsize|p1|6
|teamsize|p2|6
|start
|switch|p1a: DNAlien|Deoxys-Speed|100/100
|switch|p2a: Garganacl|Garganacl, M|100/100
|-ability|p1a: DNAlien|Pressure
|turn|1
|inactive|Astrid_D_Wolfwood has 120 seconds left.
|inactive|Astrid_D_Wolfwood has 90 seconds left.
|
|t:|1776079407
|move|p1a: DNAlien|Reflect|p1a: DNAlien
|-sidestart|p1: Astrid_D_Wolfwood|Reflect
|move|p2a: Garganacl|Salt Cure|p1a: DNAlien
|-damage|p1a: DNAlien|91/100
|-start|p1a: DNAlien|Salt Cure
|
|-damage|p1a: DNAlien|79/100|[from] Salt Cure
|upkeep
|turn|2
|inactive|francodg12 has 120 seconds left.
|
|t:|1776079444
|move|p1a: DNAlien|Light Screen|p1a: DNAlien
|-sidestart|p1: Astrid_D_Wolfwood|move: Light Screen
|move|p2a: Garganacl|Salt Cure|p1a: DNAlien
|-damage|p1a: DNAlien|71/100
|
|-damage|p1a: DNAlien|59/100|[from] Salt Cure
|upkeep
|turn|3
|inactive|francodg12 has 120 seconds left.
|
|t:|1776079469
|switch|p1a: Akira|Ogerpon-Wellspring, F|100/100
|move|p2a: Garganacl|Salt Cure|p1a: Akira
|-damage|p1a: Akira|92/100
|-start|p1a: Akira|Salt Cure
|
|-damage|p1a: Akira|67/100|[from] Salt Cure
|upkeep
|turn|4
|
|t:|1776079479
|move|p1a: Akira|Ivy Cudgel|p2a: Garganacl|[anim] Ivy Cudgel Water
|-supereffective|p2a: Garganacl
|-damage|p2a: Garganacl|23/100
|move|p2a: Garganacl|Salt Cure|p1a: Akira
|-damage|p1a: Akira|58/100
|
|-heal|p2a: Garganacl|29/100|[from] item: Leftovers
|-damage|p1a: Akira|33/100|[from] Salt Cure
|upkeep
|turn|5
|
|t:|1776079496
|move|p2a: Garganacl|Protect|p2a: Garganacl
|-singleturn|p2a: Garganacl|Protect
|move|p1a: Akira|Ivy Cudgel|p2a: Garganacl|[anim] Ivy Cudgel Water
|-activate|p2a: Garganacl|move: Protect
|
|-heal|p2a: Garganacl|35/100|[from] item: Leftovers
|-damage|p1a: Akira|8/100|[from] Salt Cure
|upkeep
|turn|6
|
|t:|1776079508
|switch|p2a: Slowking|Slowking, M|100/100
|move|p1a: Akira|Ivy Cudgel|p2a: Slowking|[anim] Ivy Cudgel Water
|-resisted|p2a: Slowking
|-crit|p2a: Slowking
|-damage|p2a: Slowking|62/100
|
|-damage|p1a: Akira|0 fnt|[from] Salt Cure
|faint|p1a: Akira
|upkeep
|
|t:|1776079516
|switch|p1a: Bun Green|Kommo-o, F, shiny|100/100
|turn|7
|
|t:|1776079523
|-terastallize|p1a: Bun Green|Normal
|move|p1a: Bun Green|Clangorous Soul|p1a: Bun Green
|-boost|p1a: Bun Green|atk|1
|-boost|p1a: Bun Green|def|1
|-boost|p1a: Bun Green|spa|1
|-boost|p1a: Bun Green|spd|1
|-boost|p1a: Bun Green|spe|1
|-damage|p1a: Bun Green|68/100
|move|p2a: Slowking|Thunder Wave|p1a: Bun Green
|-status|p1a: Bun Green|par
|
|upkeep
|turn|8
|inactive|Astrid_D_Wolfwood has 90 seconds left.
|
|t:|1776079538
|switch|p2a: Whimsicott|Whimsicott, F|100/100
|move|p1a: Bun Green|Clangorous Soul|p1a: Bun Green
|-boost|p1a: Bun Green|atk|1
|-boost|p1a: Bun Green|def|1
|-boost|p1a: Bun Green|spa|1
|-boost|p1a: Bun Green|spd|1
|-boost|p1a: Bun Green|spe|1
|-damage|p1a: Bun Green|35/100 par
|-enditem|p1a: Bun Green|Sitrus Berry|[eat]
|-heal|p1a: Bun Green|59/100 par|[from] item: Sitrus Berry
|
|-sideend|p1: Astrid_D_Wolfwood|Reflect
|upkeep
|turn|9
|inactive|Astrid_D_Wolfwood has 90 seconds left.
|
|t:|1776079556
|move|p2a: Whimsicott|Cotton Guard|p2a: Whimsicott
|-boost|p2a: Whimsicott|def|3
|move|p1a: Bun Green|Boomburst|p2a: Whimsicott
|-damage|p2a: Whimsicott|0 fnt
|faint|p2a: Whimsicott
|
|-sideend|p1: Astrid_D_Wolfwood|move: Light Screen
|upkeep
|
|t:|1776079566
|switch|p2a: Scyther|Scyther, M, shiny|100/100
|turn|10
|
|t:|1776079572
|move|p2a: Scyther|Close Combat|p1a: Bun Green
|-supereffective|p1a: Bun Green
|-damage|p1a: Bun Green|19/100 par
|-unboost|p2a: Scyther|def|1
|-unboost|p2a: Scyther|spd|1
|cant|p1a: Bun Green|par
|
|upkeep
|turn|11
|c|☆Astrid_D_Wolfwood|oh no
|
|t:|1776079583
|move|p2a: Scyther|Dual Wingbeat|p1a: Bun Green
|-damage|p1a: Bun Green|8/100 par
|-damage|p1a: Bun Green|0 fnt
|faint|p1a: Bun Green
|-hitcount|p1: Bun Green|2
|
|upkeep
|
|t:|1776079589
|switch|p1a: DNAlien|Deoxys-Speed|59/100
|-ability|p1a: DNAlien|Pressure
|turn|12
|
|t:|1776079595
|move|p1a: DNAlien|Reflect|p1a: DNAlien
|-sidestart|p1: Astrid_D_Wolfwood|Reflect
|move|p2a: Scyther|Lunge|p1a: DNAlien
|-supereffective|p1a: DNAlien
|-damage|p1a: DNAlien|11/100
|-unboost|p1a: DNAlien|atk|1
|
|upkeep
|turn|13
|inactive|francodg12 has 120 seconds left.
|
|t:|1776079602
|move|p1a: DNAlien|Light Screen|p1a: DNAlien
|-sidestart|p1: Astrid_D_Wolfwood|move: Light Screen
|move|p2a: Scyther|Lunge|p1a: DNAlien
|-supereffective|p1a: DNAlien
|-damage|p1a: DNAlien|0 fnt
|faint|p1a: DNAlien
|
|upkeep
|
|t:|1776079606
|switch|p1a: Mothinator|Iron Moth|100/100
|-enditem|p1a: Mothinator|Booster Energy
|-activate|p1a: Mothinator|ability: Quark Drive|[fromitem]
|-start|p1a: Mothinator|quarkdrivespe
|turn|14
|
|t:|1776079618
|move|p1a: Mothinator|Fiery Dance|p2a: Scyther
|-supereffective|p2a: Scyther
|-damage|p2a: Scyther|0 fnt
|faint|p2a: Scyther
|
|upkeep
|inactive|francodg12 has 120 seconds left.
|
|t:|1776079629
|switch|p2a: Skeledirge|Skeledirge, M|100/100
|turn|15
|
|t:|1776079640
|-end|p1a: Mothinator|Quark Drive|[silent]
|switch|p1a: Doran|Great Tusk|100/100
|-enditem|p1a: Doran|Booster Energy
|-activate|p1a: Doran|ability: Protosynthesis|[fromitem]
|-start|p1a: Doran|protosynthesisatk
|move|p2a: Skeledirge|Torch Song|p1a: Doran
|-damage|p1a: Doran|70/100
|-boost|p2a: Skeledirge|spa|1
|
|upkeep
|turn|16
|
|t:|1776079651
|-terastallize|p2a: Skeledirge|Fairy
|move|p1a: Doran|Headlong Rush|p2a: Skeledirge
|-damage|p2a: Skeledirge|40/100
|-unboost|p1a: Doran|def|1
|-unboost|p1a: Doran|spd|1
|move|p2a: Skeledirge|Alluring Voice|p1a: Doran
|-supereffective|p1a: Doran
|-damage|p1a: Doran|0 fnt
|faint|p1a: Doran
|-end|p1a: Doran|Protosynthesis|[silent]
|
|-heal|p2a: Skeledirge|46/100|[from] item: Leftovers
|upkeep
|
|t:|1776079660
|switch|p1a: Mothinator|Iron Moth|100/100
|turn|17
|
|t:|1776079675
|switch|p2a: Garganacl|Garganacl, M|35/100
|move|p1a: Mothinator|Sludge Wave|p2a: Garganacl
|-resisted|p2a: Garganacl
|-damage|p2a: Garganacl|15/100
|
|-heal|p2a: Garganacl|22/100|[from] item: Leftovers
|upkeep
|turn|18
|
|t:|1776079684
|move|p2a: Garganacl|Protect|p2a: Garganacl
|-singleturn|p2a: Garganacl|Protect
|move|p1a: Mothinator|Dazzling Gleam|p2a: Garganacl
|-activate|p2a: Garganacl|move: Protect
|
|-heal|p2a: Garganacl|28/100|[from] item: Leftovers
|upkeep
|turn|19
|
|t:|1776079693
|move|p1a: Mothinator|Dazzling Gleam|p2a: Garganacl
|-damage|p2a: Garganacl|8/100
|move|p2a: Garganacl|Recover|p2a: Garganacl
|-heal|p2a: Garganacl|59/100
|
|-heal|p2a: Garganacl|65/100|[from] item: Leftovers
|-sideend|p1: Astrid_D_Wolfwood|Reflect
|upkeep
|turn|20
|
|t:|1776079702
|-end|p1a: Mothinator|Quark Drive|[silent]
|switch|p1a: Aussie|Gholdengo|100/100
|-item|p1a: Aussie|Air Balloon
|move|p2a: Garganacl|Salt Cure|p1a: Aussie
|-resisted|p1a: Aussie
|-damage|p1a: Aussie|93/100
|-start|p1a: Aussie|Salt Cure
|-enditem|p1a: Aussie|Air Balloon
|
|-heal|p2a: Garganacl|71/100|[from] item: Leftovers
|-damage|p1a: Aussie|68/100|[from] Salt Cure
|-sideend|p1: Astrid_D_Wolfwood|move: Light Screen
|upkeep
|turn|21
|
|t:|1776079729
|switch|p2a: Slowking|Slowking, M|95/100
|move|p1a: Aussie|Nasty Plot|p1a: Aussie
|-boost|p1a: Aussie|spa|2
|
|-damage|p1a: Aussie|43/100|[from] Salt Cure
|upkeep
|turn|22
|
|t:|1776079742
|move|p1a: Aussie|Shadow Ball|p2a: Slowking
|-supereffective|p2a: Slowking
|-damage|p2a: Slowking|0 fnt
|faint|p2a: Slowking
|
|-damage|p1a: Aussie|19/100|[from] Salt Cure
|upkeep
|inactive|francodg12 has 120 seconds left.
|
|t:|1776079753
|switch|p2a: Iron Treads|Iron Treads|100/100
|-enditem|p2a: Iron Treads|Booster Energy
|-activate|p2a: Iron Treads|ability: Quark Drive|[fromitem]
|-start|p2a: Iron Treads|quarkdriveatk
|turn|23
|
|t:|1776079761
|move|p1a: Aussie|Focus Blast|p2a: Iron Treads
|-supereffective|p2a: Iron Treads
|-damage|p2a: Iron Treads|0 fnt
|faint|p2a: Iron Treads
|-end|p2a: Iron Treads|Quark Drive|[silent]
|
|-damage|p1a: Aussie|0 fnt|[from] Salt Cure
|faint|p1a: Aussie
|upkeep
|inactive|francodg12 has 120 seconds left.
|
|t:|1776079772
|switch|p1a: Mothinator|Iron Moth|100/100
|switch|p2a: Garganacl|Garganacl, M|71/100
|turn|24
|
|t:|1776079778
|move|p1a: Mothinator|Substitute|p1a: Mothinator
|-start|p1a: Mothinator|Substitute
|-damage|p1a: Mothinator|76/100
|move|p2a: Garganacl|Salt Cure|p1a: Mothinator
|-supereffective|p1a: Mothinator
|-end|p1a: Mothinator|Substitute
|
|-heal|p2a: Garganacl|77/100|[from] item: Leftovers
|upkeep
|turn|25
|
|t:|1776079787
|move|p1a: Mothinator|Dazzling Gleam|p2a: Garganacl
|-damage|p2a: Garganacl|55/100
|move|p2a: Garganacl|Salt Cure|p1a: Mothinator
|-supereffective|p1a: Mothinator
|-damage|p1a: Mothinator|39/100
|-start|p1a: Mothinator|Salt Cure
|
|-heal|p2a: Garganacl|61/100|[from] item: Leftovers
|-damage|p1a: Mothinator|27/100|[from] Salt Cure
|upkeep
|turn|26
|-message|Astrid_D_Wolfwood forfeited.
|
|win|francodg12
|raw|Astrid_D_Wolfwood's rating: 1231 &rarr; <strong>1202</strong><br />(-29 for losing)
|raw|francodg12's rating: 1171 &rarr; <strong>1200</strong><br />(+29 for winning)
|l|☆Astrid_D_Wolfwood
|player|p1|
|l| ohko_smeargle
|l|☆francodg12
|player|p2|
