|html|<div class="broadcast-blue"><strong>[Gen 9] OU is currently suspecting Tera Blast! For information on how to participate check out the <a href="https://www.smogon.com/tools/suspects/view/200">suspect thread</a>.</strong></div>
|j|☆paardenmeisje
|j|☆Chinatownz
|t:|1776085438
|gametype|singles
|player|p1|paardenmeisje|brycen|1216
|player|p2|Chinatownz|2|1197
|gen|9
|tier|[Gen 9] OU
|rated|
|rule|HP Percentage Mod: HP is shown in percentages
|rule|Endless Battle Clause: Forcing endless battles is banned
|rule|Species Clause: Limit one of each Pokémon
|rule|OHKO Clause: OHKO moves are banned
|rule|Evasion Items Clause: Evasion items are banned
|rule|Evasion Moves Clause: Evasion moves are banned
|rule|Evasion Abilities Clause: Evasion abilities are banned
|rule|Sleep Moves Clause: Sleep-inducing moves are banned
|clearpoke
|poke|p1|Eiscue, M|
|poke|p1|Beartic, M|
|poke|p1|Dewgong, M|
|poke|p1|Zoroark-Hisui, F|
|poke|p1|Noctowl, M|
|poke|p1|Ninetales-Alola, M|
|poke|p2|Poliwrath, F|
|poke|p2|Pelipper, F|
|poke|p2|Mienshao, M|
|poke|p2|Blissey, F|
|poke|p2|Shaymin|
|poke|p2|Tsareena, F|
|teampreview
|inactive|Battle timer is ON: inactive players will automatically lose when time's up. (requested by paardenmeisje)
|
|t:|1776085450
|teamsize|p1|6
|teamsize|p2|6
|start
|switch|p1a: Ninetales|Ninetales-Alola, M|100/100
|switch|p2a: Mienshao|Mienshao, M|100/100
|-weather|Snowscape|[from] ability: Snow Warning|[of] p1a: Ninetales
|turn|1
|c|☆paardenmeisje|gl hf
|
|t:|1776085455
|move|p2a: Mienshao|Fake Out|p1a: Ninetales
|-damage|p1a: Ninetales|83/100
|-damage|p2a: Mienshao|91/100|[from] item: Life Orb
|cant|p1a: Ninetales|flinch
|
|-weather|Snowscape|[upkeep]
|upkeep
|turn|2
|
|t:|1776085459
|move|p1a: Ninetales|Aurora Veil|p1a: Ninetales
|-sidestart|p1: paardenmeisje|move: Aurora Veil
|move|p2a: Mienshao|U-turn|p1a: Ninetales
|-resisted|p1a: Ninetales
|-damage|p1a: Ninetales|74/100
|-damage|p2a: Mienshao|81/100|[from] item: Life Orb
|
|t:|1776085464
|switch|p2a: Pelipper|Pelipper, F|100/100|[from] U-turn
|-weather|RainDance|[from] ability: Drizzle|[of] p2a: Pelipper
|
|-weather|RainDance|[upkeep]
|upkeep
|turn|3
|
|t:|1776085469
|move|p1a: Ninetales|Freeze-Dry|p2a: Pelipper
|-supereffective|p2a: Pelipper
|-damage|p2a: Pelipper|0 fnt
|faint|p2a: Pelipper
|
|-weather|RainDance|[upkeep]
|upkeep
|
|t:|1776085473
|switch|p2a: Poliwrath|Poliwrath, F|100/100
|turn|4
|
|t:|1776085478
|-terastallize|p2a: Poliwrath|Fire
|move|p2a: Poliwrath|Belly Drum|p2a: Poliwrath
|-damage|p2a: Poliwrath|50/100
|-setboost|p2a: Poliwrath|atk|6|[from] move: Belly Drum
|-enditem|p2a: Poliwrath|Sitrus Berry|[eat]
|-heal|p2a: Poliwrath|75/100|[from] item: Sitrus Berry
|move|p1a: Ninetales|Moonblast|p2a: Poliwrath
|-resisted|p2a: Poliwrath
|-damage|p2a: Poliwrath|55/100
|
|-weather|RainDance|[upkeep]
|upkeep
|turn|5
|
|t:|1776085481
|move|p2a: Poliwrath|Drain Punch|p1a: Ninetales
|-damage|p1a: Ninetales|0 fnt
|-heal|p2a: Poliwrath|87/100|[from] drain|[of] p1a: Ninetales
|faint|p1a: Ninetales
|
|-weather|RainDance|[upkeep]
|upkeep
|
|t:|1776085485
|switch|p1a: Eiscue|Eiscue, M|100/100
|turn|6
|
|t:|1776085493
|move|p2a: Poliwrath|Waterfall|p1a: Eiscue
|-activate|p1a: Eiscue|ability: Ice Face
|-damage|p1a: Eiscue|100/100
|detailschange|p1a: Eiscue|Eiscue-Noice, M
|move|p1a: Eiscue|Liquidation|p2a: Poliwrath
|-supereffective|p2a: Poliwrath
|-damage|p2a: Poliwrath|15/100
|
|-weather|RainDance|[upkeep]
|-sideend|p1: paardenmeisje|move: Aurora Veil
|upkeep
|turn|7
|
|t:|1776085507
|move|p2a: Poliwrath|Drain Punch|p1a: Eiscue
|-supereffective|p1a: Eiscue
|-damage|p1a: Eiscue|0 fnt
|-heal|p2a: Poliwrath|61/100|[from] drain|[of] p1a: Eiscue
|faint|p1a: Eiscue
|
|-weather|RainDance|[upkeep]
|upkeep
|
|t:|1776085521
|switch|p1a: Dewgong|Dewgong, M|100/100
|turn|8
|
|t:|1776085532
|move|p1a: Dewgong|Fake Out|p2a: Poliwrath
|-damage|p2a: Poliwrath|53/100
|cant|p2a: Poliwrath|flinch
|
|-weather|RainDance|[upkeep]
|upkeep
|turn|9
|
|t:|1776085559
|move|p2a: Poliwrath|Drain Punch|p1a: Dewgong
|-supereffective|p1a: Dewgong
|-damage|p1a: Dewgong|0 fnt
|-heal|p2a: Poliwrath|100/100|[from] drain|[of] p1a: Dewgong
|faint|p1a: Dewgong
|
|-weather|none
|upkeep
|
|t:|1776085566
|switch|p1a: Noctowl|Noctowl, M|100/100
|turn|10
|
|t:|1776085569
|move|p2a: Poliwrath|Waterfall|p1a: Noctowl
|-damage|p1a: Noctowl|0 fnt
|faint|p1a: Noctowl
|
|upkeep
|
|t:|1776085571
|switch|p1a: Beartic|Beartic, M|100/100
|turn|11
|
|t:|1776085576
|move|p1a: Beartic|Shadow Ball|p2a: Poliwrath
|-crit|p2a: Poliwrath
|-damage|p2a: Poliwrath|28/100
|move|p2a: Poliwrath|Waterfall|p1a: Beartic
|-damage|p1a: Beartic|0 fnt
|replace|p1a: Zoroark|Zoroark-Hisui, F
|-end|p1a: Zoroark|Illusion
|faint|p1a: Zoroark
|
|upkeep
|
|t:|1776085579
|switch|p1a: Beartic|Beartic, M|100/100
|turn|12
|
|t:|1776085581
|-terastallize|p1a: Beartic|Ice
|move|p2a: Poliwrath|Drain Punch|p1a: Beartic
|-supereffective|p1a: Beartic
|-damage|p1a: Beartic|0 fnt
|-heal|p2a: Poliwrath|80/100|[from] drain|[of] p1a: Beartic
|faint|p1a: Beartic
|
|win|Chinatownz
|raw|paardenmeisje's rating: 1216 &rarr; <strong>1190</strong><br />(-26 for losing)
|raw|Chinatownz's rating: 1197 &rarr; <strong>1223</strong><br />(+26 for winning)
|l|☆paardenmeisje
|player|p1|
|l|☆Chinatownz
|player|p2|
