|html|<div class="broadcast-blue"><strong>[Gen 9] OU is currently suspecting Tera Blast! For information on how to participate check out the <a href="https://www.smogon.com/tools/suspects/view/200">suspect thread</a>.</strong></div>
|j|☆caldruki
|j|☆Mythic1
|t:|1776141611
|gametype|singles
|player|p1|caldruki|aaron|1142
|player|p2|Mythic1|nate|1100
|gen|9
|tier|[Gen 9] OU
|rated|
|rule|HP Percentage Mod: HP is shown in percentages
|rule|Endless Battle Clause: Forcing endless battles is banned
|rule|Species Clause: Limit one of each Pokémon
|rule|OHKO Clause: OHKO moves are banned
|rule|Evasion Items Clause: Evasion items are banned
|rule|Evasion Moves Clause: Evasion moves are banned
|rule|Evasion Abilities Clause: Evasion abilities are banned
|rule|Sleep Moves Clause: Sleep-inducing moves are banned
|clearpoke
|poke|p1|Maushold-Four|
|poke|p1|Hawlucha, M|
|poke|p1|Rillaboom, M|
|poke|p1|Blaziken, M|
|poke|p1|Darkrai|
|poke|p1|Garganacl, M|
|poke|p2|Blaziken, M|
|poke|p2|Swalot, F|
|poke|p2|Landorus-Therian, M|
|poke|p2|Hydrapple, F|
|poke|p2|Komala, M|
|poke|p2|Vivillon-Pokeball, F|
|teampreview
|inactive|Battle timer is ON: inactive players will automatically lose when time's up. (requested by caldruki)
|
|t:|1776141630
|teamsize|p1|6
|teamsize|p2|6
|start
|switch|p1a: The Simpsons|Maushold-Four, shiny|100/100
|switch|p2a: Landorus|Landorus-Therian, M|100/100
|-ability|p2a: Landorus|Intimidate|boost
|-unboost|p1a: The Simpsons|atk|1
|turn|1
|
|t:|1776141639
|move|p1a: The Simpsons|Bite|p2a: Landorus
|-damage|p2a: Landorus|90/100
|-damage|p1a: The Simpsons|84/100|[from] item: Rocky Helmet|[of] p2a: Landorus
|cant|p2a: Landorus|flinch
|
|upkeep
|turn|2
|
|t:|1776141650
|switch|p1a: Monke|Rillaboom, M, shiny|100/100
|-fieldstart|move: Grassy Terrain|[from] ability: Grassy Surge|[of] p1a: Monke
|move|p2a: Landorus|Stealth Rock|p1a: Monke
|-sidestart|p1: caldruki|move: Stealth Rock
|
|upkeep
|turn|3
|
|t:|1776141660
|move|p1a: Monke|Fake Out|p2a: Landorus
|-damage|p2a: Landorus|77/100
|-damage|p1a: Monke|84/100|[from] item: Rocky Helmet|[of] p2a: Landorus
|-damage|p1a: Monke|74/100|[from] item: Life Orb
|cant|p2a: Landorus|flinch
|
|-heal|p1a: Monke|80/100|[from] Grassy Terrain
|upkeep
|turn|4
|
|t:|1776141670
|-terastallize|p1a: Monke|Grass
|move|p1a: Monke|Grassy Glide|p2a: Landorus
|-damage|p2a: Landorus|32/100
|-damage|p1a: Monke|63/100|[from] item: Rocky Helmet|[of] p2a: Landorus
|-damage|p1a: Monke|53/100|[from] item: Life Orb
|move|p2a: Landorus|U-turn|p1a: Monke
|-supereffective|p1a: Monke
|-damage|p1a: Monke|8/100
|
|t:|1776141679
|switch|p2a: Blaziken|Blaziken, M|100/100|[from] U-turn
|
|-heal|p1a: Monke|15/100|[from] Grassy Terrain
|upkeep
|turn|5
|
|t:|1776141687
|move|p1a: Monke|Grassy Glide|p2a: Blaziken
|-resisted|p2a: Blaziken
|-damage|p2a: Blaziken|57/100
|-damage|p1a: Monke|5/100|[from] item: Life Orb
|move|p2a: Blaziken|Focus Energy|p2a: Blaziken
|-start|p2a: Blaziken|move: Focus Energy
|
|-heal|p2a: Blaziken|63/100|[from] Grassy Terrain
|-heal|p1a: Monke|11/100|[from] Grassy Terrain
|-ability|p2a: Blaziken|Speed Boost|boost
|-boost|p2a: Blaziken|spe|1
|upkeep
|turn|6
|
|t:|1776141699
|move|p2a: Blaziken|Protect|p2a: Blaziken
|-singleturn|p2a: Blaziken|Protect
|move|p1a: Monke|Grassy Glide|p2a: Blaziken
|-activate|p2a: Blaziken|move: Protect
|
|-heal|p2a: Blaziken|69/100|[from] Grassy Terrain
|-heal|p1a: Monke|17/100|[from] Grassy Terrain
|-fieldend|move: Grassy Terrain
|-ability|p2a: Blaziken|Speed Boost|boost
|-boost|p2a: Blaziken|spe|1
|upkeep
|turn|7
|
|t:|1776141711
|switch|p1a: Edgy ahh guy|Darkrai, shiny|100/100
|-damage|p1a: Edgy ahh guy|88/100|[from] Stealth Rock
|move|p2a: Blaziken|Overheat|p1a: Edgy ahh guy
|-crit|p1a: Edgy ahh guy
|-damage|p1a: Edgy ahh guy|0 fnt
|-unboost|p2a: Blaziken|spa|2
|faint|p1a: Edgy ahh guy
|
|-ability|p2a: Blaziken|Speed Boost|boost
|-boost|p2a: Blaziken|spe|1
|upkeep
|
|t:|1776141724
|switch|p1a: Monke|Rillaboom, M, shiny, tera:Grass|17/100
|-damage|p1a: Monke|5/100|[from] Stealth Rock
|-fieldstart|move: Grassy Terrain|[from] ability: Grassy Surge|[of] p1a: Monke
|turn|8
|
|t:|1776141731
|move|p2a: Blaziken|Protect|p2a: Blaziken
|-singleturn|p2a: Blaziken|Protect
|move|p1a: Monke|Fake Out|p2a: Blaziken
|-activate|p2a: Blaziken|move: Protect
|
|-heal|p2a: Blaziken|75/100|[from] Grassy Terrain
|-heal|p1a: Monke|11/100|[from] Grassy Terrain
|-ability|p2a: Blaziken|Speed Boost|boost
|-boost|p2a: Blaziken|spe|1
|upkeep
|turn|9
|
|t:|1776141740
|move|p1a: Monke|Grassy Glide|p2a: Blaziken
|-resisted|p2a: Blaziken
|-damage|p2a: Blaziken|27/100
|-damage|p1a: Monke|1/100|[from] item: Life Orb
|move|p2a: Blaziken|Overheat|p1a: Monke
|-supereffective|p1a: Monke
|-crit|p1a: Monke
|-damage|p1a: Monke|0 fnt
|-unboost|p2a: Blaziken|spa|2
|faint|p1a: Monke
|
|-heal|p2a: Blaziken|33/100|[from] Grassy Terrain
|-ability|p2a: Blaziken|Speed Boost|boost
|-boost|p2a: Blaziken|spe|1
|upkeep
|
|t:|1776141755
|switch|p1a: Goatucha|Hawlucha, M, shiny|100/100
|-damage|p1a: Goatucha|88/100|[from] Stealth Rock
|-enditem|p1a: Goatucha|Grassy Seed
|-boost|p1a: Goatucha|def|1|[from] item: Grassy Seed
|turn|10
|
|t:|1776141764
|move|p2a: Blaziken|Protect|p2a: Blaziken
|-singleturn|p2a: Blaziken|Protect
|move|p1a: Goatucha|Acrobatics|p2a: Blaziken
|-activate|p2a: Blaziken|move: Protect
|
|-heal|p2a: Blaziken|40/100|[from] Grassy Terrain
|-ability|p2a: Blaziken|Speed Boost|boost
|-boost|p2a: Blaziken|spe|1
|upkeep
|turn|11
|
|t:|1776141774
|move|p2a: Blaziken|Overheat|p1a: Goatucha
|-crit|p1a: Goatucha
|-damage|p1a: Goatucha|0 fnt
|-unboost|p2a: Blaziken|spa|2
|faint|p1a: Goatucha
|
|-heal|p2a: Blaziken|46/100|[from] Grassy Terrain
|upkeep
|
|t:|1776141782
|switch|p1a: Chicken|Blaziken, M, shiny|100/100
|-damage|p1a: Chicken|88/100|[from] Stealth Rock
|turn|12
|
|t:|1776141789
|move|p2a: Blaziken|Protect|p2a: Blaziken
|-singleturn|p2a: Blaziken|Protect
|move|p1a: Chicken|Swords Dance|p1a: Chicken
|-boost|p1a: Chicken|atk|2
|
|-heal|p2a: Blaziken|52/100|[from] Grassy Terrain
|-heal|p1a: Chicken|94/100|[from] Grassy Terrain
|-fieldend|move: Grassy Terrain
|-ability|p1a: Chicken|Speed Boost|boost
|-boost|p1a: Chicken|spe|1
|upkeep
|turn|13
|
|t:|1776141799
|move|p2a: Blaziken|Close Combat|p1a: Chicken
|-crit|p1a: Chicken
|-damage|p1a: Chicken|0 fnt
|-unboost|p2a: Blaziken|def|1
|-unboost|p2a: Blaziken|spd|1
|faint|p1a: Chicken
|
|upkeep
|
|t:|1776141806
|switch|p1a: The Simpsons|Maushold-Four, shiny|84/100
|-damage|p1a: The Simpsons|72/100|[from] Stealth Rock
|turn|14
|
|t:|1776141811
|move|p2a: Blaziken|Close Combat|p1a: The Simpsons
|-supereffective|p1a: The Simpsons
|-crit|p1a: The Simpsons
|-damage|p1a: The Simpsons|0 fnt
|-unboost|p2a: Blaziken|def|1
|-unboost|p2a: Blaziken|spd|1
|faint|p1a: The Simpsons
|
|upkeep
|
|t:|1776141818
|switch|p1a: Stonejourner|Garganacl, M, shiny|100/100
|-damage|p1a: Stonejourner|88/100|[from] Stealth Rock
|turn|15
|
|t:|1776141825
|move|p2a: Blaziken|Close Combat|p1a: Stonejourner
|-supereffective|p1a: Stonejourner
|-crit|p1a: Stonejourner
|-damage|p1a: Stonejourner|0 fnt
|-unboost|p2a: Blaziken|def|1
|-unboost|p2a: Blaziken|spd|1
|faint|p1a: Stonejourner
|
|win|Mythic1
|raw|caldruki's rating: 1142 &rarr; <strong>1114</strong><br />(-28 for losing)
|raw|Mythic1's rating: 1100 &rarr; <strong>1128</strong><br />(+28 for winning)
|l|☆caldruki
|player|p1|
