|html|<div class="broadcast-blue"><strong>[Gen 9] OU is currently suspecting Tera Blast! For information on how to participate check out the <a href="https://www.smogon.com/tools/suspects/view/200">suspect thread</a>.</strong></div>
|j|☆levi6969
|j|☆Bidoof132
|t:|1776348173
|gametype|singles
|player|p1|levi6969|170|1148
|player|p2|Bidoof132|steven|1124
|gen|9
|tier|[Gen 9] OU
|rated|
|rule|HP Percentage Mod: HP is shown in percentages
|rule|Endless Battle Clause: Forcing endless battles is banned
|rule|Species Clause: Limit one of each Pokémon
|rule|OHKO Clause: OHKO moves are banned
|rule|Evasion Items Clause: Evasion items are banned
|rule|Evasion Moves Clause: Evasion moves are banned
|rule|Evasion Abilities Clause: Evasion abilities are banned
|rule|Sleep Moves Clause: Sleep-inducing moves are banned
|clearpoke
|poke|p1|Magcargo, M|
|poke|p1|Sinistcha|
|poke|p1|Rotom-Wash|
|poke|p1|Muk-Alola, M|
|poke|p1|Clefable, M|
|poke|p1|Great Tusk|
|poke|p2|Serperior, F|
|poke|p2|Great Tusk|
|poke|p2|Raging Bolt|
|poke|p2|Latios, M|
|poke|p2|Cloyster, M|
|poke|p2|Quaquaval, M|
|teampreview
|inactive|Battle timer is ON: inactive players will automatically lose when time's up. (requested by levi6969)
|
|t:|1776348189
|teamsize|p1|6
|teamsize|p2|6
|start
|switch|p1a: Rotom|Rotom-Wash|100/100
|switch|p2a: Clobster|Cloyster, M, shiny|100/100
|turn|1
|
|t:|1776348192
|move|p2a: Clobster|Shell Smash|p2a: Clobster
|-unboost|p2a: Clobster|def|1
|-unboost|p2a: Clobster|spd|1
|-boost|p2a: Clobster|atk|2
|-boost|p2a: Clobster|spa|2
|-boost|p2a: Clobster|spe|2
|move|p1a: Rotom|Will-O-Wisp|p2a: Clobster
|-status|p2a: Clobster|brn
|
|-damage|p2a: Clobster|94/100 brn|[from] brn
|upkeep
|turn|2
|
|t:|1776348194
|move|p2a: Clobster|Shell Smash|p2a: Clobster
|-unboost|p2a: Clobster|def|1
|-unboost|p2a: Clobster|spd|1
|-boost|p2a: Clobster|atk|2
|-boost|p2a: Clobster|spa|2
|-boost|p2a: Clobster|spe|2
|move|p1a: Rotom|Volt Switch|p2a: Clobster
|-supereffective|p2a: Clobster
|-damage|p2a: Clobster|0 fnt
|faint|p2a: Clobster
|
|t:|1776348211
|switch|p1a: Muk|Muk-Alola, M|100/100|[from] Volt Switch
|
|upkeep
|
|t:|1776348218
|switch|p2a: Great husk|Great Tusk|100/100
|-enditem|p2a: Great husk|Booster Energy
|-activate|p2a: Great husk|ability: Protosynthesis|[fromitem]
|-start|p2a: Great husk|protosynthesisatk
|turn|3
|
|t:|1776348221
|switch|p1a: Rotom|Rotom-Wash|100/100
|move|p2a: Great husk|Headlong Rush|p1a: Rotom
|-immune|p1a: Rotom|[from] ability: Levitate
|
|upkeep
|turn|4
|
|t:|1776348229
|-end|p2a: Great husk|Protosynthesis|[silent]
|switch|p2a: Quaquaval|Quaquaval, M, shiny|100/100
|move|p1a: Rotom|Will-O-Wisp|p2a: Quaquaval
|-status|p2a: Quaquaval|brn
|
|-damage|p2a: Quaquaval|94/100 brn|[from] brn
|upkeep
|turn|5
|
|t:|1776348233
|move|p2a: Quaquaval|Aqua Step|p1a: Rotom
|-resisted|p1a: Rotom
|-damage|p1a: Rotom|91/100
|-boost|p2a: Quaquaval|spe|1
|-damage|p2a: Quaquaval|78/100 brn|[from] item: Rocky Helmet|[of] p1a: Rotom
|-damage|p2a: Quaquaval|68/100 brn|[from] item: Life Orb
|move|p1a: Rotom|Volt Switch|p2a: Quaquaval
|-supereffective|p2a: Quaquaval
|-damage|p2a: Quaquaval|0 fnt
|faint|p2a: Quaquaval
|
|t:|1776348236
|switch|p1a: Muk|Muk-Alola, M|100/100|[from] Volt Switch
|
|upkeep
|-message|Bidoof132 forfeited.
|
|win|levi6969
|raw|levi6969's rating: 1148 &rarr; <strong>1171</strong><br />(+23 for winning)
|raw|Bidoof132's rating: 1124 &rarr; <strong>1101</strong><br />(-23 for losing)
|l|☆Bidoof132
|player|p2|
