|html|<div class="broadcast-blue"><strong>[Gen 9] OU is currently suspecting Tera Blast! For information on how to participate check out the <a href="https://www.smogon.com/tools/suspects/view/200">suspect thread</a>.</strong></div>
|j|☆yLucxfxr
|j|☆banjo guro
|t:|1776240287
|gametype|singles
|player|p1|yLucxfxr|blue|1129
|player|p2|banjo guro|erika|1159
|gen|9
|tier|[Gen 9] OU
|rated|
|rule|HP Percentage Mod: HP is shown in percentages
|rule|Endless Battle Clause: Forcing endless battles is banned
|rule|Species Clause: Limit one of each Pokémon
|rule|OHKO Clause: OHKO moves are banned
|rule|Evasion Items Clause: Evasion items are banned
|rule|Evasion Moves Clause: Evasion moves are banned
|rule|Evasion Abilities Clause: Evasion abilities are banned
|rule|Sleep Moves Clause: Sleep-inducing moves are banned
|clearpoke
|poke|p1|Great Tusk|
|poke|p1|Glimmora, M|
|poke|p1|Landorus-Therian, M|
|poke|p1|Arcanine-Hisui, M|
|poke|p1|Gliscor, F|
|poke|p1|Dragapult, F|
|poke|p2|Chimecho, F|
|poke|p2|Ninetales-Alola, M|
|teampreview
|inactive|Battle timer is ON: inactive players will automatically lose when time's up. (requested by banjo guro)
|
|t:|1776240309
|teamsize|p1|6
|teamsize|p2|2
|start
|switch|p1a: Glimmora|Glimmora, M, shiny|100/100
|switch|p2a: Ninetales|Ninetales-Alola, M|100/100
|-weather|Snowscape|[from] ability: Snow Warning|[of] p2a: Ninetales
|turn|1
|
|t:|1776240318
|move|p2a: Ninetales|Aurora Veil|p2a: Ninetales
|-sidestart|p2: banjo guro|move: Aurora Veil
|move|p1a: Glimmora|Stealth Rock|p2a: Ninetales
|-sidestart|p2: banjo guro|move: Stealth Rock
|
|-weather|Snowscape|[upkeep]
|upkeep
|turn|2
|
|t:|1776240335
|move|p2a: Ninetales|Encore|p1a: Glimmora
|-start|p1a: Glimmora|Encore
|move|p1a: Glimmora|Stealth Rock||[still]
|-fail|p1a: Glimmora
|
|-weather|Snowscape|[upkeep]
|upkeep
|turn|3
|
|t:|1776240352
|switch|p2a: Chimecho|Chimecho, F|100/100
|-damage|p2a: Chimecho|88/100|[from] Stealth Rock
|switch|p1a: Arcanine|Arcanine-Hisui, M, shiny|100/100
|
|-weather|Snowscape|[upkeep]
|-heal|p2a: Chimecho|94/100|[from] item: Leftovers
|upkeep
|turn|4
|inactive|yLucxfxr has 120 seconds left.
|
|t:|1776240383
|-terastallize|p2a: Chimecho|Electric
|move|p1a: Arcanine|Extreme Speed|p2a: Chimecho
|-damage|p2a: Chimecho|73/100
|move|p2a: Chimecho|Cosmic Power|p2a: Chimecho
|-boost|p2a: Chimecho|def|1
|-boost|p2a: Chimecho|spd|1
|
|-weather|Snowscape|[upkeep]
|-heal|p2a: Chimecho|80/100|[from] item: Leftovers
|upkeep
|turn|5
|inactive|yLucxfxr has 120 seconds left.
|
|t:|1776240397
|move|p1a: Arcanine|Extreme Speed|p2a: Chimecho
|-damage|p2a: Chimecho|67/100
|move|p2a: Chimecho|Cosmic Power|p2a: Chimecho
|-boost|p2a: Chimecho|def|1
|-boost|p2a: Chimecho|spd|1
|
|-weather|none
|-heal|p2a: Chimecho|73/100|[from] item: Leftovers
|upkeep
|turn|6
|inactive|yLucxfxr has 120 seconds left.
|
|t:|1776240406
|move|p1a: Arcanine|Extreme Speed|p2a: Chimecho
|-damage|p2a: Chimecho|62/100
|move|p2a: Chimecho|Charge Beam|p1a: Arcanine
|-damage|p1a: Arcanine|74/100
|-boost|p2a: Chimecho|spa|1
|
|-heal|p2a: Chimecho|68/100|[from] item: Leftovers
|upkeep
|turn|7
|inactive|yLucxfxr has 120 seconds left.
|
|t:|1776240418
|switch|p1a: Landorus|Landorus-Therian, M, shiny|100/100
|-ability|p1a: Landorus|Intimidate|boost
|-unboost|p2a: Chimecho|atk|1
|move|p2a: Chimecho|Cosmic Power|p2a: Chimecho
|-boost|p2a: Chimecho|def|1
|-boost|p2a: Chimecho|spd|1
|
|-heal|p2a: Chimecho|74/100|[from] item: Leftovers
|upkeep
|turn|8
|inactive|yLucxfxr has 120 seconds left.
|
|t:|1776240438
|move|p1a: Landorus|U-turn|p2a: Chimecho
|-damage|p2a: Chimecho|69/100
|
|t:|1776240446
|switch|p1a: Dragapult|Dragapult, F, shiny|100/100|[from] U-turn
|move|p2a: Chimecho|Stored Power|p1a: Dragapult
|-damage|p1a: Dragapult|0 fnt
|faint|p1a: Dragapult
|
|-heal|p2a: Chimecho|75/100|[from] item: Leftovers
|-sideend|p2: banjo guro|move: Aurora Veil
|upkeep
|
|t:|1776240458
|switch|p1a: Landorus|Landorus-Therian, M, shiny|100/100
|-ability|p1a: Landorus|Intimidate|boost
|-unboost|p2a: Chimecho|atk|1
|turn|9
|
|t:|1776240468
|move|p1a: Landorus|U-turn|p2a: Chimecho
|-damage|p2a: Chimecho|63/100
|
|t:|1776240475
|switch|p1a: Glimmora|Glimmora, M, shiny|100/100|[from] U-turn
|move|p2a: Chimecho|Stored Power|p1a: Glimmora
|-supereffective|p1a: Glimmora
|-enditem|p1a: Glimmora|Focus Sash
|-damage|p1a: Glimmora|1/100
|
|-heal|p2a: Chimecho|69/100|[from] item: Leftovers
|upkeep
|turn|10
|
|t:|1776240490
|move|p1a: Glimmora|Power Gem|p2a: Chimecho
|-damage|p2a: Chimecho|54/100
|move|p2a: Chimecho|Charge Beam|p1a: Glimmora
|-damage|p1a: Glimmora|0 fnt
|faint|p1a: Glimmora
|
|-heal|p2a: Chimecho|60/100|[from] item: Leftovers
|upkeep
|inactive|yLucxfxr has 90 seconds left.
|
|t:|1776240508
|switch|p1a: Great Tusk|Great Tusk, shiny|100/100
|-enditem|p1a: Great Tusk|Booster Energy
|-activate|p1a: Great Tusk|ability: Protosynthesis|[fromitem]
|-start|p1a: Great Tusk|protosynthesisdef
|turn|11
|
|t:|1776240515
|move|p1a: Great Tusk|Knock Off|p2a: Chimecho
|-damage|p2a: Chimecho|49/100
|-enditem|p2a: Chimecho|Leftovers|[from] move: Knock Off|[of] p1a: Great Tusk
|move|p2a: Chimecho|Recover|p2a: Chimecho
|-heal|p2a: Chimecho|99/100
|
|upkeep
|turn|12
|inactive|yLucxfxr has 90 seconds left.
|
|t:|1776240534
|move|p1a: Great Tusk|Ice Spinner|p2a: Chimecho
|-damage|p2a: Chimecho|88/100
|move|p2a: Chimecho|Stored Power|p1a: Great Tusk
|-supereffective|p1a: Great Tusk
|-damage|p1a: Great Tusk|0 fnt
|faint|p1a: Great Tusk
|-end|p1a: Great Tusk|Protosynthesis|[silent]
|
|upkeep
|inactive|yLucxfxr has 90 seconds left.
|c|☆yLucxfxr|So fucking cringe
|
|t:|1776240553
|switch|p1a: Landorus|Landorus-Therian, M, shiny|100/100
|-ability|p1a: Landorus|Intimidate|boost
|-unboost|p2a: Chimecho|atk|1
|turn|13
|
|t:|1776240560
|move|p1a: Landorus|Rock Slide|p2a: Chimecho
|-damage|p2a: Chimecho|76/100
|move|p2a: Chimecho|Stored Power|p1a: Landorus
|-damage|p1a: Landorus|2/100
|
|upkeep
|turn|14
|inactive|yLucxfxr has 90 seconds left.
|
|t:|1776240566
|move|p1a: Landorus|Rock Slide|p2a: Chimecho
|-damage|p2a: Chimecho|63/100
|cant|p2a: Chimecho|flinch
|
|upkeep
|turn|15
|
|t:|1776240574
|move|p1a: Landorus|Rock Slide|p2a: Chimecho
|-damage|p2a: Chimecho|51/100
|move|p2a: Chimecho|Recover|p2a: Chimecho
|-heal|p2a: Chimecho|100/100
|
|upkeep
|turn|16
|
|t:|1776240580
|move|p1a: Landorus|Rock Slide|p2a: Chimecho|[miss]
|-miss|p1a: Landorus|p2a: Chimecho
|move|p2a: Chimecho|Stored Power|p1a: Landorus
|-damage|p1a: Landorus|0 fnt
|faint|p1a: Landorus
|
|upkeep
|
|t:|1776240592
|switch|p1a: Arcanine|Arcanine-Hisui, M, shiny|74/100
|turn|17
|
|t:|1776240600
|move|p1a: Arcanine|Head Smash|p2a: Chimecho
|-damage|p2a: Chimecho|51/100
|move|p2a: Chimecho|Stored Power|p1a: Arcanine
|-damage|p1a: Arcanine|0 fnt
|faint|p1a: Arcanine
|
|upkeep
|
|t:|1776240607
|switch|p1a: Gliscor|Gliscor, F, shiny|100/100
|turn|18
|
|t:|1776240614
|-terastallize|p1a: Gliscor|Normal
|move|p1a: Gliscor|Facade|p2a: Chimecho
|-damage|p2a: Chimecho|41/100
|move|p2a: Chimecho|Stored Power|p1a: Gliscor
|-damage|p1a: Gliscor|33/100
|
|-status|p1a: Gliscor|tox|[from] item: Toxic Orb
|upkeep
|turn|19
|
|t:|1776240625
|move|p1a: Gliscor|Facade|p2a: Chimecho
|-damage|p2a: Chimecho|20/100
|move|p2a: Chimecho|Stored Power|p1a: Gliscor
|-damage|p1a: Gliscor|0 fnt
|faint|p1a: Gliscor
|
|win|banjo guro
|raw|yLucxfxr's rating: 1129 &rarr; <strong>1106</strong><br />(-23 for losing)
|raw|banjo guro's rating: 1159 &rarr; <strong>1182</strong><br />(+23 for winning)
