|html|<div class="broadcast-blue"><strong>[Gen 9] OU is currently suspecting Tera Blast! For information on how to participate check out the <a href="https://www.smogon.com/tools/suspects/view/200">suspect thread</a>.</strong></div>
|j|☆metalsandy
|j|‽RadiantSol
|t:|1776074322
|gametype|singles
|player|p1|metalsandy|bruno|1208
|player|p2|RadiantSol|flint|1215
|gen|9
|tier|[Gen 9] OU
|rated|
|rule|HP Percentage Mod: HP is shown in percentages
|rule|Endless Battle Clause: Forcing endless battles is banned
|rule|Species Clause: Limit one of each Pokémon
|rule|OHKO Clause: OHKO moves are banned
|rule|Evasion Items Clause: Evasion items are banned
|rule|Evasion Moves Clause: Evasion moves are banned
|rule|Evasion Abilities Clause: Evasion abilities are banned
|rule|Sleep Moves Clause: Sleep-inducing moves are banned
|clearpoke
|poke|p1|Froslass, F|
|poke|p1|Scizor, F|
|poke|p1|Iron Valiant|
|poke|p1|Zapdos|
|poke|p1|Cinderace, F|
|poke|p1|Darkrai|
|poke|p2|Espeon, F|
|poke|p2|Sableye, F|
|poke|p2|Leafeon, F|
|poke|p2|Ninetales, F|
|poke|p2|Quagsire, F|
|poke|p2|Skarmory, F|
|teampreview
|inactive|Battle timer is ON: inactive players will automatically lose when time's up. (requested by metalsandy)
|
|t:|1776074340
|teamsize|p1|6
|teamsize|p2|6
|start
|switch|p1a: Scizor|Scizor, F|100/100
|switch|p2a: Sableye|Sableye, F|100/100
|turn|1
|
|t:|1776074352
|switch|p1a: Froslass|Froslass, F|100/100
|move|p2a: Sableye|Will-O-Wisp|p1a: Froslass
|-status|p1a: Froslass|brn
|
|-damage|p1a: Froslass|94/100 brn|[from] brn
|upkeep
|turn|2
|
|t:|1776074360
|move|p2a: Sableye|Light Screen|p2a: Sableye
|-sidestart|p2: RadiantSol|move: Light Screen
|move|p1a: Froslass|Icy Wind|p2a: Sableye
|-damage|p2a: Sableye|89/100
|-unboost|p2a: Sableye|spe|1
|
|-damage|p1a: Froslass|88/100 brn|[from] brn
|upkeep
|turn|3
|
|t:|1776074366
|move|p2a: Sableye|Taunt|p1a: Froslass
|-start|p1a: Froslass|move: Taunt
|cant|p1a: Froslass|move: Taunt|Spikes
|
|-damage|p1a: Froslass|82/100 brn|[from] brn
|upkeep
|turn|4
|
|t:|1776074374
|switch|p1a: Cinderace|Cinderace, F|100/100
|switch|p2a: Ninetales|Ninetales, F, shiny|100/100
|-weather|SunnyDay|[from] ability: Drought|[of] p2a: Ninetales
|
|-weather|SunnyDay|[upkeep]
|upkeep
|turn|5
|
|t:|1776074382
|switch|p2a: Quagsire|Quagsire, F|100/100
|move|p1a: Cinderace|Pyro Ball|p2a: Quagsire
|-resisted|p2a: Quagsire
|-damage|p2a: Quagsire|54/100
|
|-weather|SunnyDay|[upkeep]
|upkeep
|turn|6
|
|t:|1776074391
|switch|p1a: Scizor|Scizor, F|100/100
|move|p2a: Quagsire|Recover|p2a: Quagsire
|-heal|p2a: Quagsire|100/100
|
|-weather|SunnyDay|[upkeep]
|-sideend|p2: RadiantSol|move: Light Screen
|upkeep
|turn|7
|
|t:|1776074398
|move|p1a: Scizor|Knock Off|p2a: Quagsire
|-damage|p2a: Quagsire|74/100
|-enditem|p2a: Quagsire|Sitrus Berry|[from] move: Knock Off|[of] p1a: Scizor
|move|p2a: Quagsire|Spikes|p1a: Scizor
|-sidestart|p1: metalsandy|Spikes
|
|-weather|SunnyDay|[upkeep]
|upkeep
|turn|8
|
|t:|1776074403
|move|p1a: Scizor|Swords Dance|p1a: Scizor
|-boost|p1a: Scizor|atk|2
|move|p2a: Quagsire|Spikes|p1a: Scizor
|-sidestart|p1: metalsandy|Spikes
|
|-weather|SunnyDay|[upkeep]
|upkeep
|turn|9
|
|t:|1776074407
|move|p1a: Scizor|Swords Dance|p1a: Scizor
|-boost|p1a: Scizor|atk|2
|move|p2a: Quagsire|Spikes|p1a: Scizor
|-sidestart|p1: metalsandy|Spikes
|
|-weather|SunnyDay|[upkeep]
|upkeep
|turn|10
|
|t:|1776074411
|move|p1a: Scizor|Knock Off|p2a: Quagsire
|-damage|p2a: Quagsire|58/100
|move|p2a: Quagsire|Liquidation|p1a: Scizor
|-damage|p1a: Scizor|88/100
|
|-weather|SunnyDay|[upkeep]
|-heal|p1a: Scizor|94/100|[from] item: Leftovers
|upkeep
|turn|11
|
|t:|1776074417
|move|p1a: Scizor|Bullet Punch|p2a: Quagsire
|-resisted|p2a: Quagsire
|-damage|p2a: Quagsire|46/100
|move|p2a: Quagsire|Recover|p2a: Quagsire
|-heal|p2a: Quagsire|96/100
|
|-weather|none
|-heal|p1a: Scizor|99/100|[from] item: Leftovers
|upkeep
|turn|12
|
|t:|1776074419
|move|p1a: Scizor|Swords Dance|p1a: Scizor
|-boost|p1a: Scizor|atk|2
|move|p2a: Quagsire|Liquidation|p1a: Scizor
|-damage|p1a: Scizor|76/100
|
|-heal|p1a: Scizor|82/100|[from] item: Leftovers
|upkeep
|turn|13
|
|t:|1776074428
|move|p1a: Scizor|Bullet Punch|p2a: Quagsire
|-resisted|p2a: Quagsire
|-damage|p2a: Quagsire|83/100
|move|p2a: Quagsire|Liquidation|p1a: Scizor
|-damage|p1a: Scizor|55/100
|
|-heal|p1a: Scizor|62/100|[from] item: Leftovers
|upkeep
|turn|14
|
|t:|1776074432
|move|p1a: Scizor|Close Combat|p2a: Quagsire
|-crit|p2a: Quagsire
|-damage|p2a: Quagsire|34/100
|-unboost|p1a: Scizor|def|1
|-unboost|p1a: Scizor|spd|1
|move|p2a: Quagsire|Liquidation|p1a: Scizor
|-damage|p1a: Scizor|35/100
|
|-heal|p1a: Scizor|41/100|[from] item: Leftovers
|upkeep
|turn|15
|
|t:|1776074439
|move|p1a: Scizor|Close Combat|p2a: Quagsire
|-damage|p2a: Quagsire|2/100
|-unboost|p1a: Scizor|def|1
|-unboost|p1a: Scizor|spd|1
|move|p2a: Quagsire|Recover|p2a: Quagsire
|-heal|p2a: Quagsire|52/100
|
|-heal|p1a: Scizor|47/100|[from] item: Leftovers
|upkeep
|turn|16
|
|t:|1776074448
|switch|p1a: Darkrai|Darkrai|100/100
|-damage|p1a: Darkrai|76/100|[from] Spikes
|move|p2a: Quagsire|Recover|p2a: Quagsire
|-heal|p2a: Quagsire|100/100
|
|upkeep
|turn|17
|
|t:|1776074454
|switch|p2a: Sableye|Sableye, F|89/100
|move|p1a: Darkrai|Trick|p2a: Sableye
|-activate|p1a: Darkrai|move: Trick|[of] p2a: Sableye
|-item|p2a: Sableye|Choice Scarf|[from] move: Trick
|-item|p1a: Darkrai|Eviolite|[from] move: Trick
|
|upkeep
|turn|18
|
|t:|1776074462
|move|p2a: Sableye|Light Screen|p2a: Sableye
|-sidestart|p2: RadiantSol|move: Light Screen
|move|p1a: Darkrai|Dark Pulse|p2a: Sableye
|-damage|p2a: Sableye|59/100
|
|upkeep
|turn|19
|
|t:|1776074468
|switch|p2a: Ninetales|Ninetales, F, shiny|100/100
|-weather|SunnyDay|[from] ability: Drought|[of] p2a: Ninetales
|move|p1a: Darkrai|Dark Pulse|p2a: Ninetales
|-damage|p2a: Ninetales|75/100
|
|-weather|SunnyDay|[upkeep]
|upkeep
|turn|20
|
|t:|1776074474
|switch|p1a: Zapdos|Zapdos|100/100
|move|p2a: Ninetales|Overheat|p1a: Zapdos
|-damage|p1a: Zapdos|65/100
|-unboost|p2a: Ninetales|spa|2
|
|-weather|SunnyDay|[upkeep]
|upkeep
|turn|21
|
|t:|1776074487
|switch|p2a: Espeon|Espeon, F, shiny|100/100
|switch|p1a: Darkrai|Darkrai|76/100
|-damage|p1a: Darkrai|51/100|[from] Spikes
|
|-weather|SunnyDay|[upkeep]
|upkeep
|turn|22
|
|t:|1776074502
|-terastallize|p2a: Espeon|Fighting
|move|p1a: Darkrai|Trick|p2a: Espeon
|-activate|p1a: Darkrai|move: Trick|[of] p2a: Espeon
|-item|p2a: Espeon|Eviolite|[from] move: Trick
|-item|p1a: Darkrai|Leftovers|[from] move: Trick
|move|p2a: Espeon|Substitute|p2a: Espeon
|-start|p2a: Espeon|Substitute
|-damage|p2a: Espeon|76/100
|
|-weather|SunnyDay|[upkeep]
|-heal|p1a: Darkrai|57/100|[from] item: Leftovers
|-sideend|p2: RadiantSol|move: Light Screen
|upkeep
|turn|23
|
|t:|1776074512
|move|p1a: Darkrai|Psychic|p2a: Espeon
|-supereffective|p2a: Espeon
|-end|p2a: Espeon|Substitute
|move|p2a: Espeon|Calm Mind|p2a: Espeon
|-boost|p2a: Espeon|spa|1
|-boost|p2a: Espeon|spd|1
|
|-weather|SunnyDay|[upkeep]
|-heal|p1a: Darkrai|63/100|[from] item: Leftovers
|upkeep
|turn|24
|
|t:|1776074517
|move|p1a: Darkrai|Psychic|p2a: Espeon
|-supereffective|p2a: Espeon
|-damage|p2a: Espeon|21/100
|-unboost|p2a: Espeon|spd|1
|move|p2a: Espeon|Tera Blast|p1a: Darkrai|[anim] Tera Blast Fighting
|-supereffective|p1a: Darkrai
|-damage|p1a: Darkrai|0 fnt
|faint|p1a: Darkrai
|
|-weather|SunnyDay|[upkeep]
|upkeep
|
|t:|1776074529
|switch|p1a: Cinderace|Cinderace, F|100/100
|-damage|p1a: Cinderace|76/100|[from] Spikes
|turn|25
|
|t:|1776074533
|move|p1a: Cinderace|Pyro Ball|p2a: Espeon
|-crit|p2a: Espeon
|-damage|p2a: Espeon|0 fnt
|faint|p2a: Espeon
|
|-weather|SunnyDay|[upkeep]
|upkeep
|
|t:|1776074540
|switch|p2a: Leafeon|Leafeon, F|100/100
|turn|26
|
|t:|1776074545
|move|p2a: Leafeon|Solar Blade||[still]
|-prepare|p2a: Leafeon|Solar Blade
|-anim|p2a: Leafeon|Solar Blade|p1a: Cinderace
|-resisted|p1a: Cinderace
|-damage|p1a: Cinderace|23/100
|-damage|p2a: Leafeon|91/100|[from] item: Life Orb
|move|p1a: Cinderace|Pyro Ball|p2a: Leafeon
|-supereffective|p2a: Leafeon
|-crit|p2a: Leafeon
|-damage|p2a: Leafeon|0 fnt
|faint|p2a: Leafeon
|
|-weather|none
|upkeep
|
|t:|1776074549
|switch|p2a: Ninetales|Ninetales, F, shiny|75/100
|-weather|SunnyDay|[from] ability: Drought|[of] p2a: Ninetales
|turn|27
|
|t:|1776074560
|move|p1a: Cinderace|Pyro Ball|p2a: Ninetales
|-resisted|p2a: Ninetales
|-damage|p2a: Ninetales|0 fnt
|faint|p2a: Ninetales
|
|-weather|SunnyDay|[upkeep]
|upkeep
|
|t:|1776074565
|switch|p2a: Quagsire|Quagsire, F|100/100
|turn|28
|
|t:|1776074570
|move|p1a: Cinderace|Pyro Ball|p2a: Quagsire
|-resisted|p2a: Quagsire
|-damage|p2a: Quagsire|55/100
|move|p2a: Quagsire|Liquidation|p1a: Cinderace
|-supereffective|p1a: Cinderace
|-crit|p1a: Cinderace
|-damage|p1a: Cinderace|0 fnt
|faint|p1a: Cinderace
|
|-weather|SunnyDay|[upkeep]
|upkeep
|
|t:|1776074577
|switch|p1a: Zapdos|Zapdos|65/100
|turn|29
|
|t:|1776074582
|switch|p2a: Sableye|Sableye, F|59/100
|move|p1a: Zapdos|Hurricane|p2a: Sableye|[miss]
|-miss|p1a: Zapdos|p2a: Sableye
|
|-weather|SunnyDay|[upkeep]
|upkeep
|turn|30
|
|t:|1776074588
|move|p2a: Sableye|Light Screen|p2a: Sableye
|-sidestart|p2: RadiantSol|move: Light Screen
|move|p1a: Zapdos|Hurricane|p2a: Sableye
|-damage|p2a: Sableye|31/100
|-start|p2a: Sableye|confusion
|
|-weather|SunnyDay|[upkeep]
|upkeep
|turn|31
|
|t:|1776074597
|switch|p2a: Quagsire|Quagsire, F|55/100
|move|p1a: Zapdos|Hurricane|p2a: Quagsire
|-damage|p2a: Quagsire|26/100
|
|-weather|SunnyDay|[upkeep]
|upkeep
|turn|32
|
|t:|1776074606
|switch|p2a: Skarmory|Skarmory, F|100/100
|move|p1a: Zapdos|Hurricane|p2a: Skarmory
|-resisted|p2a: Skarmory
|-damage|p2a: Skarmory|81/100
|
|-weather|SunnyDay|[upkeep]
|upkeep
|turn|33
|
|t:|1776074611
|move|p2a: Skarmory|Stealth Rock|p1a: Zapdos
|-sidestart|p1: metalsandy|move: Stealth Rock
|move|p1a: Zapdos|Volt Switch|p2a: Skarmory
|-supereffective|p2a: Skarmory
|-damage|p2a: Skarmory|36/100
|
|t:|1776074617
|switch|p1a: Scizor|Scizor, F|47/100|[from] Volt Switch
|-damage|p1a: Scizor|22/100|[from] Spikes
|-damage|p1a: Scizor|9/100|[from] Stealth Rock
|
|-weather|SunnyDay|[upkeep]
|-heal|p1a: Scizor|15/100|[from] item: Leftovers
|upkeep
|turn|34
|
|t:|1776074622
|move|p2a: Skarmory|Roost|p2a: Skarmory
|-heal|p2a: Skarmory|87/100
|-singleturn|p2a: Skarmory|move: Roost
|move|p1a: Scizor|Knock Off|p2a: Skarmory
|-damage|p2a: Skarmory|57/100
|-damage|p1a: Scizor|0 fnt|[from] item: Rocky Helmet|[of] p2a: Skarmory
|faint|p1a: Scizor
|
|-weather|none
|-sideend|p2: RadiantSol|move: Light Screen
|upkeep
|
|t:|1776074626
|switch|p1a: Froslass|Froslass, F|82/100 brn
|-damage|p1a: Froslass|57/100 brn|[from] Spikes
|-damage|p1a: Froslass|33/100 brn|[from] Stealth Rock
|turn|35
|
|t:|1776074629
|move|p1a: Froslass|Destiny Bond|p1a: Froslass
|-singlemove|p1a: Froslass|Destiny Bond
|move|p2a: Skarmory|Taunt|p1a: Froslass
|-start|p1a: Froslass|move: Taunt
|
|-damage|p1a: Froslass|26/100 brn|[from] brn
|upkeep
|turn|36
|
|t:|1776074634
|move|p1a: Froslass|Icy Wind|p2a: Skarmory
|-damage|p2a: Skarmory|29/100
|-unboost|p2a: Skarmory|spe|1
|move|p2a: Skarmory|Whirlwind|p1a: Froslass
|drag|p1a: Zapdos|Zapdos|65/100
|-damage|p1a: Zapdos|40/100|[from] Stealth Rock
|
|upkeep
|turn|37
|
|t:|1776074638
|move|p1a: Zapdos|Discharge|p2a: Skarmory
|-supereffective|p2a: Skarmory
|-damage|p2a: Skarmory|0 fnt
|faint|p2a: Skarmory
|
|upkeep
|
|t:|1776074642
|switch|p2a: Sableye|Sableye, F|31/100
|turn|38
|
|t:|1776074647
|move|p2a: Sableye|Light Screen|p2a: Sableye
|-sidestart|p2: RadiantSol|move: Light Screen
|move|p1a: Zapdos|Hurricane|p2a: Sableye
|-damage|p2a: Sableye|2/100
|
|upkeep
|turn|39
|
|t:|1776074655
|move|p2a: Sableye|Light Screen||[still]
|-fail|p2a: Sableye
|move|p1a: Zapdos|Hurricane|p2a: Sableye
|-damage|p2a: Sableye|0 fnt
|faint|p2a: Sableye
|
|upkeep
|
|t:|1776074657
|switch|p2a: Quagsire|Quagsire, F|26/100
|turn|40
|
|t:|1776074659
|move|p1a: Zapdos|Hurricane|p2a: Quagsire
|-damage|p2a: Quagsire|0 fnt
|faint|p2a: Quagsire
|
|win|metalsandy
|raw|metalsandy's rating: 1208 &rarr; <strong>1234</strong><br />(+26 for winning)
|raw|RadiantSol's rating: 1215 &rarr; <strong>1189</strong><br />(-26 for losing)
|l|‽RadiantSol
|player|p2|
|l|☆metalsandy
|player|p1|
