|html|<div class="broadcast-blue"><strong>[Gen 9] OU is currently suspecting Tera Blast! For information on how to participate check out the <a href="https://www.smogon.com/tools/suspects/view/200">suspect thread</a>.</strong></div>
|j|☆davemincho
|j|☆Shayd260
|t:|1776068758
|gametype|singles
|player|p1|davemincho|red|1068
|player|p2|Shayd260|hilbert|1066
|gen|9
|tier|[Gen 9] OU
|rated|
|rule|HP Percentage Mod: HP is shown in percentages
|rule|Endless Battle Clause: Forcing endless battles is banned
|rule|Species Clause: Limit one of each Pokémon
|rule|OHKO Clause: OHKO moves are banned
|rule|Evasion Items Clause: Evasion items are banned
|rule|Evasion Moves Clause: Evasion moves are banned
|rule|Evasion Abilities Clause: Evasion abilities are banned
|rule|Sleep Moves Clause: Sleep-inducing moves are banned
|clearpoke
|poke|p1|Gengar, M|
|poke|p1|Arcanine, M|
|poke|p1|Garchomp, F|
|poke|p1|Umbreon, M|
|poke|p1|Torterra, M|
|poke|p1|Scizor, M|
|poke|p2|Lucario, M|
|poke|p2|Ceruledge, M|
|poke|p2|Swampert, M|
|poke|p2|Zarude|
|poke|p2|Dragonite, F|
|poke|p2|Gardevoir, M|
|teampreview
|
|t:|1776068780
|teamsize|p1|6
|teamsize|p2|6
|start
|switch|p1a: Torterra|Torterra, M|100/100
|switch|p2a: Ceruledge|Ceruledge, M|100/100
|turn|1
|
|t:|1776068790
|move|p2a: Ceruledge|Destiny Bond|p2a: Ceruledge
|-singlemove|p2a: Ceruledge|Destiny Bond
|move|p1a: Torterra|Earthquake|p2a: Ceruledge
|-supereffective|p2a: Ceruledge
|-damage|p2a: Ceruledge|0 fnt
|faint|p2a: Ceruledge
|-activate|p2a: Ceruledge|move: Destiny Bond
|faint|p1a: Torterra
|
|upkeep
|
|t:|1776068808
|switch|p2a: Zarude|Zarude|100/100
|switch|p1a: Garchomp|Garchomp, F|100/100
|turn|2
|
|t:|1776068817
|move|p2a: Zarude|Petal Blizzard|p1a: Garchomp
|-damage|p1a: Garchomp|67/100
|move|p1a: Garchomp|Swords Dance|p1a: Garchomp
|-boost|p1a: Garchomp|atk|2
|
|upkeep
|turn|3
|
|t:|1776068826
|move|p2a: Zarude|Knock Off|p1a: Garchomp
|-damage|p1a: Garchomp|31/100
|-damage|p2a: Zarude|88/100|[from] ability: Rough Skin|[of] p1a: Garchomp
|-damage|p2a: Zarude|72/100|[from] item: Rocky Helmet|[of] p1a: Garchomp
|-enditem|p1a: Garchomp|Rocky Helmet|[from] move: Knock Off|[of] p2a: Zarude
|move|p1a: Garchomp|Fire Fang|p2a: Zarude
|-supereffective|p2a: Zarude
|-damage|p2a: Zarude|0 fnt
|-damage|p1a: Garchomp|14/100|[from] item: Rocky Helmet|[of] p2a: Zarude
|faint|p2a: Zarude
|
|upkeep
|
|t:|1776068845
|switch|p2a: Dragonite|Dragonite, F|100/100
|turn|4
|
|t:|1776068864
|switch|p1a: Scizor|Scizor, M|100/100
|move|p2a: Dragonite|Extreme Speed|p1a: Scizor
|-resisted|p1a: Scizor
|-damage|p1a: Scizor|89/100
|
|-heal|p1a: Scizor|95/100|[from] item: Leftovers
|upkeep
|turn|5
|
|t:|1776068875
|move|p2a: Dragonite|Earthquake|p1a: Scizor
|-damage|p1a: Scizor|63/100
|move|p1a: Scizor|Swords Dance|p1a: Scizor
|-boost|p1a: Scizor|atk|2
|
|-heal|p1a: Scizor|69/100|[from] item: Leftovers
|upkeep
|turn|6
|
|t:|1776068882
|move|p1a: Scizor|Bullet Punch|p2a: Dragonite
|-damage|p2a: Dragonite|73/100
|move|p2a: Dragonite|Dragon Dance|p2a: Dragonite
|-boost|p2a: Dragonite|atk|1
|-boost|p2a: Dragonite|spe|1
|
|-heal|p1a: Scizor|75/100|[from] item: Leftovers
|upkeep
|turn|7
|
|t:|1776068888
|move|p1a: Scizor|Bullet Punch|p2a: Dragonite
|-crit|p2a: Dragonite
|-damage|p2a: Dragonite|0 fnt
|faint|p2a: Dragonite
|
|-heal|p1a: Scizor|81/100|[from] item: Leftovers
|upkeep
|
|t:|1776068894
|switch|p2a: Lucario|Lucario, M|100/100
|turn|8
|
|t:|1776068901
|move|p2a: Lucario|Aura Sphere|p1a: Scizor
|-damage|p1a: Scizor|46/100
|move|p1a: Scizor|Close Combat|p2a: Lucario
|-supereffective|p2a: Lucario
|-enditem|p2a: Lucario|Focus Sash
|-damage|p2a: Lucario|1/100
|-unboost|p1a: Scizor|def|1
|-unboost|p1a: Scizor|spd|1
|
|-heal|p1a: Scizor|52/100|[from] item: Leftovers
|upkeep
|turn|9
|
|t:|1776068909
|move|p1a: Scizor|Bullet Punch|p2a: Lucario
|-resisted|p2a: Lucario
|-damage|p2a: Lucario|0 fnt
|faint|p2a: Lucario
|
|-heal|p1a: Scizor|58/100|[from] item: Leftovers
|upkeep
|
|t:|1776068915
|switch|p2a: Swampert|Swampert, M|100/100
|turn|10
|
|t:|1776068921
|move|p2a: Swampert|Earthquake|p1a: Scizor
|-damage|p1a: Scizor|0 fnt
|faint|p1a: Scizor
|-damage|p2a: Swampert|91/100|[from] item: Life Orb
|
|upkeep
|
|t:|1776068930
|switch|p1a: Gengar|Gengar, M|100/100
|turn|11
|
|t:|1776068949
|-terastallize|p1a: Gengar|Ghost
|move|p1a: Gengar|Shadow Ball|p2a: Swampert
|-damage|p2a: Swampert|0 fnt
|faint|p2a: Swampert
|
|upkeep
|
|t:|1776068957
|switch|p2a: Gardevoir|Gardevoir, M|100/100
|-ability|p2a: Gardevoir|Cursed Body|Trace|[from] ability: Trace|[of] p1a: Gengar
|turn|12
|
|t:|1776068964
|move|p1a: Gengar|Shadow Ball|p2a: Gardevoir
|-supereffective|p2a: Gardevoir
|-damage|p2a: Gardevoir|0 fnt
|faint|p2a: Gardevoir
|
|win|davemincho
|raw|davemincho's rating: 1068 &rarr; <strong>1098</strong><br />(+30 for winning)
|raw|Shayd260's rating: 1066 &rarr; <strong>1046</strong><br />(-20 for losing)
|l|☆davemincho
|player|p1|
|l|☆Shayd260
|player|p2|
