|html|<div class="broadcast-blue"><strong>[Gen 9] OU is currently suspecting Tera Blast! For information on how to participate check out the <a href="https://www.smogon.com/tools/suspects/view/200">suspect thread</a>.</strong></div>
|j|☆2swish
|j|‽faiyex-san
|t:|1776275051
|gametype|singles
|player|p1|2swish|102|1563
|player|p2|faiyex-san|erika|1609
|gen|9
|tier|[Gen 9] OU
|rated|
|rule|HP Percentage Mod: HP is shown in percentages
|rule|Endless Battle Clause: Forcing endless battles is banned
|rule|Species Clause: Limit one of each Pokémon
|rule|OHKO Clause: OHKO moves are banned
|rule|Evasion Items Clause: Evasion items are banned
|rule|Evasion Moves Clause: Evasion moves are banned
|rule|Evasion Abilities Clause: Evasion abilities are banned
|rule|Sleep Moves Clause: Sleep-inducing moves are banned
|clearpoke
|poke|p1|Great Tusk|
|poke|p1|Corviknight, F|
|poke|p1|Slowbro, M|
|poke|p1|Kingambit, F|
|poke|p1|Amoonguss, M|
|poke|p1|Tyranitar, M|
|poke|p2|Greninja-*, M|
|poke|p2|Iron Valiant|
|poke|p2|Ogerpon-Wellspring, F|
|poke|p2|Gholdengo|
|poke|p2|Glimmora, M|
|poke|p2|Raging Bolt|
|teampreview
|inactive|Battle timer is ON: inactive players will automatically lose when time's up. (requested by faiyex-san)
|inactive|2swish has 120 seconds left.
|
|t:|1776275110
|teamsize|p1|6
|teamsize|p2|6
|start
|switch|p1a: Corviknight|Corviknight, F|100/100
|switch|p2a: Glimmora|Glimmora, M|100/100
|-ability|p1a: Corviknight|Pressure
|turn|1
|
|t:|1776275114
|move|p2a: Glimmora|Power Gem|p1a: Corviknight
|-damage|p1a: Corviknight|71/100
|move|p1a: Corviknight|Brave Bird|p2a: Glimmora
|-resisted|p2a: Glimmora
|-damage|p2a: Glimmora|79/100
|-activate|p2a: Glimmora|ability: Toxic Debris
|-sidestart|p1: 2swish|move: Toxic Spikes
|-damage|p1a: Corviknight|66/100|[from] Recoil
|
|-heal|p1a: Corviknight|72/100|[from] item: Leftovers
|upkeep
|turn|2
|
|t:|1776275117
|move|p2a: Glimmora|Stealth Rock|p1a: Corviknight
|-sidestart|p1: 2swish|move: Stealth Rock
|move|p1a: Corviknight|Roost|p1a: Corviknight
|-heal|p1a: Corviknight|100/100
|-singleturn|p1a: Corviknight|move: Roost
|
|upkeep
|turn|3
|
|t:|1776275123
|move|p2a: Glimmora|Power Gem|p1a: Corviknight
|-damage|p1a: Corviknight|73/100
|move|p1a: Corviknight|U-turn|p2a: Glimmora
|-resisted|p2a: Glimmora
|-damage|p2a: Glimmora|70/100
|-activate|p2a: Glimmora|ability: Toxic Debris
|-sidestart|p1: 2swish|move: Toxic Spikes
|
|t:|1776275128
|switch|p1a: Amoonguss|Amoonguss, M, shiny|100/100|[from] U-turn
|-sideend|p1: 2swish|move: Toxic Spikes|[of] p1a: Amoonguss
|-damage|p1a: Amoonguss|88/100|[from] Stealth Rock
|
|-heal|p1a: Amoonguss|94/100|[from] item: Leftovers
|upkeep
|turn|4
|
|t:|1776275131
|move|p2a: Glimmora|Power Gem|p1a: Amoonguss
|-damage|p1a: Amoonguss|59/100
|move|p1a: Amoonguss|Stun Spore|p2a: Glimmora
|-status|p2a: Glimmora|par
|
|-heal|p1a: Amoonguss|66/100|[from] item: Leftovers
|upkeep
|turn|5
|
|t:|1776275135
|switch|p1a: Corviknight|Corviknight, F|73/100
|-damage|p1a: Corviknight|61/100|[from] Stealth Rock
|-ability|p1a: Corviknight|Pressure
|move|p2a: Glimmora|Power Gem|p1a: Corviknight
|-damage|p1a: Corviknight|34/100
|
|-heal|p1a: Corviknight|40/100|[from] item: Leftovers
|upkeep
|turn|6
|j| cachowcapow
|
|t:|1776275139
|switch|p2a: Gholdengo|Gholdengo|100/100
|-item|p2a: Gholdengo|Air Balloon
|move|p1a: Corviknight|Roost|p1a: Corviknight
|-heal|p1a: Corviknight|90/100
|-singleturn|p1a: Corviknight|move: Roost
|
|-heal|p1a: Corviknight|96/100|[from] item: Leftovers
|upkeep
|turn|7
|
|t:|1776275142
|switch|p2a: Glimmora|Glimmora, M|70/100 par
|move|p1a: Corviknight|U-turn|p2a: Glimmora
|-resisted|p2a: Glimmora
|-damage|p2a: Glimmora|61/100 par
|-activate|p2a: Glimmora|ability: Toxic Debris
|-sidestart|p1: 2swish|move: Toxic Spikes
|
|t:|1776275145
|switch|p1a: Amoonguss|Amoonguss, M, shiny|99/100|[from] U-turn
|-damage|p1a: Amoonguss|86/100|[from] Stealth Rock
|-sideend|p1: 2swish|move: Toxic Spikes|[of] p1a: Amoonguss
|
|-heal|p1a: Amoonguss|93/100|[from] item: Leftovers
|upkeep
|turn|8
|
|t:|1776275150
|move|p2a: Glimmora|Power Gem|p1a: Amoonguss
|-damage|p1a: Amoonguss|54/100
|move|p1a: Amoonguss|Giga Drain|p2a: Glimmora
|-damage|p2a: Glimmora|30/100 par
|-heal|p1a: Amoonguss|65/100|[from] drain|[of] p2a: Glimmora
|
|-heal|p1a: Amoonguss|71/100|[from] item: Leftovers
|upkeep
|turn|9
|
|t:|1776275159
|switch|p1a: Corviknight|Corviknight, F|96/100
|-damage|p1a: Corviknight|84/100|[from] Stealth Rock
|-ability|p1a: Corviknight|Pressure
|move|p2a: Glimmora|Power Gem|p1a: Corviknight
|-damage|p1a: Corviknight|56/100
|
|-heal|p1a: Corviknight|63/100|[from] item: Leftovers
|upkeep
|turn|10
|
|t:|1776275164
|move|p1a: Corviknight|Roost|p1a: Corviknight
|-heal|p1a: Corviknight|100/100
|-singleturn|p1a: Corviknight|move: Roost
|move|p2a: Glimmora|Power Gem|p1a: Corviknight
|-resisted|p1a: Corviknight
|-damage|p1a: Corviknight|86/100
|
|-heal|p1a: Corviknight|93/100|[from] item: Leftovers
|upkeep
|turn|11
|
|t:|1776275167
|move|p1a: Corviknight|Defog|p2a: Glimmora
|-unboost|p2a: Glimmora|evasion|1
|-sideend|p1: 2swish|Stealth Rock|[from] move: Defog|[of] p1a: Corviknight
|move|p2a: Glimmora|Power Gem|p1a: Corviknight
|-damage|p1a: Corviknight|63/100
|
|-heal|p1a: Corviknight|69/100|[from] item: Leftovers
|upkeep
|turn|12
|
|t:|1776275177
|switch|p1a: Tyranitar|Tyranitar, M|100/100
|-weather|Sandstorm|[from] ability: Sand Stream|[of] p1a: Tyranitar
|move|p2a: Glimmora|Stealth Rock|p1a: Tyranitar
|-sidestart|p1: 2swish|move: Stealth Rock
|
|-weather|Sandstorm|[upkeep]
|upkeep
|turn|13
|
|t:|1776275189
|move|p1a: Tyranitar|Stealth Rock|p2a: Glimmora
|-sidestart|p2: faiyex-san|move: Stealth Rock
|move|p2a: Glimmora|Mortal Spin|p1a: Tyranitar
|-resisted|p1a: Tyranitar
|-damage|p1a: Tyranitar|98/100
|-status|p1a: Tyranitar|psn
|-sideend|p2: faiyex-san|Stealth Rock|[from] move: Mortal Spin|[of] p2a: Glimmora
|
|-weather|Sandstorm|[upkeep]
|-heal|p1a: Tyranitar|100/100 psn|[from] item: Leftovers
|-damage|p1a: Tyranitar|88/100 psn|[from] psn
|upkeep
|turn|14
|
|t:|1776275193
|move|p1a: Tyranitar|Stealth Rock|p2a: Glimmora
|-sidestart|p2: faiyex-san|move: Stealth Rock
|move|p2a: Glimmora|Mortal Spin|p1a: Tyranitar
|-resisted|p1a: Tyranitar
|-damage|p1a: Tyranitar|86/100 psn
|-sideend|p2: faiyex-san|Stealth Rock|[from] move: Mortal Spin|[of] p2a: Glimmora
|
|-weather|Sandstorm|[upkeep]
|-heal|p1a: Tyranitar|92/100 psn|[from] item: Leftovers
|-damage|p1a: Tyranitar|80/100 psn|[from] psn
|upkeep
|turn|15
|
|t:|1776275202
|switch|p2a: Ogerpon|Ogerpon-Wellspring, F|100/100
|move|p1a: Tyranitar|Stealth Rock|p2a: Ogerpon
|-sidestart|p2: faiyex-san|move: Stealth Rock
|
|-weather|Sandstorm|[upkeep]
|-damage|p2a: Ogerpon|95/100|[from] Sandstorm
|-heal|p1a: Tyranitar|86/100 psn|[from] item: Leftovers
|-damage|p1a: Tyranitar|74/100 psn|[from] psn
|upkeep
|turn|16
|
|t:|1776275208
|switch|p1a: Amoonguss|Amoonguss, M, shiny|100/100
|-damage|p1a: Amoonguss|88/100|[from] Stealth Rock
|move|p2a: Ogerpon|Swords Dance|p2a: Ogerpon
|-boost|p2a: Ogerpon|atk|2
|
|-weather|none
|-heal|p1a: Amoonguss|94/100|[from] item: Leftovers
|upkeep
|turn|17
|
|t:|1776275213
|move|p2a: Ogerpon|Taunt|p1a: Amoonguss
|-start|p1a: Amoonguss|move: Taunt
|move|p1a: Amoonguss|Foul Play|p2a: Ogerpon
|-damage|p2a: Ogerpon|15/100
|
|-heal|p1a: Amoonguss|100/100|[from] item: Leftovers
|upkeep
|turn|18
|
|t:|1776275222
|move|p2a: Ogerpon|Ivy Cudgel|p1a: Amoonguss|[anim] Ivy Cudgel Water
|-resisted|p1a: Amoonguss
|-damage|p1a: Amoonguss|54/100
|move|p1a: Amoonguss|Foul Play|p2a: Ogerpon
|-damage|p2a: Ogerpon|0 fnt
|faint|p2a: Ogerpon
|
|-heal|p1a: Amoonguss|61/100|[from] item: Leftovers
|upkeep
|
|t:|1776275233
|switch|p2a: Raging Bolt|Raging Bolt|100/100
|-damage|p2a: Raging Bolt|88/100|[from] Stealth Rock
|-item|p2a: Raging Bolt|Air Balloon
|turn|19
|
|t:|1776275235
|move|p2a: Raging Bolt|Calm Mind|p2a: Raging Bolt
|-boost|p2a: Raging Bolt|spa|1
|-boost|p2a: Raging Bolt|spd|1
|move|p1a: Amoonguss|Clear Smog|p2a: Raging Bolt
|-damage|p2a: Raging Bolt|78/100
|-clearboost|p2a: Raging Bolt
|-enditem|p2a: Raging Bolt|Air Balloon
|
|-heal|p1a: Amoonguss|67/100|[from] item: Leftovers
|-end|p1a: Amoonguss|move: Taunt
|upkeep
|turn|20
|
|t:|1776275244
|switch|p1a: Corviknight|Corviknight, F|69/100
|-damage|p1a: Corviknight|56/100|[from] Stealth Rock
|-ability|p1a: Corviknight|Pressure
|move|p2a: Raging Bolt|Dragon Pulse|p1a: Corviknight
|-resisted|p1a: Corviknight
|-damage|p1a: Corviknight|38/100
|
|-heal|p1a: Corviknight|45/100|[from] item: Leftovers
|upkeep
|turn|21
|
|t:|1776275253
|switch|p1a: Great Tusk|Great Tusk|100/100
|-damage|p1a: Great Tusk|98/100|[from] Stealth Rock
|move|p2a: Raging Bolt|Calm Mind|p2a: Raging Bolt
|-boost|p2a: Raging Bolt|spa|1
|-boost|p2a: Raging Bolt|spd|1
|
|upkeep
|turn|22
|
|t:|1776275258
|-terastallize|p2a: Raging Bolt|Fairy
|move|p1a: Great Tusk|Headlong Rush|p2a: Raging Bolt
|-damage|p2a: Raging Bolt|0 fnt
|-unboost|p1a: Great Tusk|def|1
|-unboost|p1a: Great Tusk|spd|1
|faint|p2a: Raging Bolt
|-end|p2a: Raging Bolt|Protosynthesis|[silent]
|
|upkeep
|-message|faiyex-san forfeited.
|
|win|2swish
|raw|2swish's rating: 1563 &rarr; <strong>1586</strong><br />(+23 for winning)
|raw|faiyex-san's rating: 1609 &rarr; <strong>1586</strong><br />(-23 for losing)
