|html|<div class="broadcast-blue"><strong>[Gen 9] OU is currently suspecting Tera Blast! For information on how to participate check out the <a href="https://www.smogon.com/tools/suspects/view/200">suspect thread</a>.</strong></div>
|j|☆mothfox
|j|☆tbrantl99
|t:|1776306568
|gametype|singles
|player|p1|mothfox|colress|1271
|player|p2|tbrantl99|266|1344
|gen|9
|tier|[Gen 9] OU
|rated|
|rule|HP Percentage Mod: HP is shown in percentages
|rule|Endless Battle Clause: Forcing endless battles is banned
|rule|Species Clause: Limit one of each Pokémon
|rule|OHKO Clause: OHKO moves are banned
|rule|Evasion Items Clause: Evasion items are banned
|rule|Evasion Moves Clause: Evasion moves are banned
|rule|Evasion Abilities Clause: Evasion abilities are banned
|rule|Sleep Moves Clause: Sleep-inducing moves are banned
|clearpoke
|poke|p1|Gliscor, F|
|poke|p1|Great Tusk|
|poke|p1|Dragapult, M|
|poke|p1|Kingambit, M|
|poke|p1|Rillaboom, F|
|poke|p1|Slowking-Galar, F|
|poke|p2|Grimmsnarl, M|
|poke|p2|Iron Treads|
|poke|p2|Raging Bolt|
|poke|p2|Deoxys-Speed|
|poke|p2|Ogerpon-Wellspring, F|
|poke|p2|Ceruledge, M|
|teampreview
|inactive|Battle timer is ON: inactive players will automatically lose when time's up. (requested by mothfox)
|
|t:|1776306585
|teamsize|p1|6
|teamsize|p2|6
|start
|switch|p1a: Great Tusk|Great Tusk|100/100
|switch|p2a: Grimmsnarl|Grimmsnarl, M, shiny|100/100
|turn|1
|
|t:|1776306597
|move|p2a: Grimmsnarl|Reflect|p2a: Grimmsnarl
|-sidestart|p2: tbrantl99|Reflect
|move|p1a: Great Tusk|Stealth Rock|p2a: Grimmsnarl
|-sidestart|p2: tbrantl99|move: Stealth Rock
|
|upkeep
|turn|2
|
|t:|1776306610
|-end|p1a: Great Tusk|Protosynthesis|[silent]
|switch|p1a: Zentreya|Dragapult, M|100/100
|move|p2a: Grimmsnarl|Light Screen|p2a: Grimmsnarl
|-sidestart|p2: tbrantl99|move: Light Screen
|
|upkeep
|turn|3
|
|t:|1776306627
|switch|p2a: Ceruledge|Ceruledge, M, shiny|100/100
|-damage|p2a: Ceruledge|76/100|[from] Stealth Rock
|move|p1a: Zentreya|Hex|p2a: Ceruledge
|-supereffective|p2a: Ceruledge
|-damage|p2a: Ceruledge|14/100
|
|upkeep
|turn|4
|
|t:|1776306638
|move|p2a: Ceruledge|Shadow Sneak|p1a: Zentreya
|-supereffective|p1a: Zentreya
|-damage|p1a: Zentreya|26/100
|-damage|p2a: Ceruledge|4/100|[from] item: Life Orb
|move|p1a: Zentreya|Hex|p2a: Ceruledge
|-supereffective|p2a: Ceruledge
|-damage|p2a: Ceruledge|0 fnt
|faint|p2a: Ceruledge
|
|upkeep
|
|t:|1776306653
|switch|p2a: Deoxys|Deoxys-Speed, shiny|100/100
|-damage|p2a: Deoxys|88/100|[from] Stealth Rock
|-ability|p2a: Deoxys|Pressure
|turn|5
|
|t:|1776306668
|switch|p1a: Connor|Rillaboom, F|100/100
|-fieldstart|move: Grassy Terrain|[from] ability: Grassy Surge|[of] p1a: Connor
|move|p2a: Deoxys|Nasty Plot|p2a: Deoxys
|-boost|p2a: Deoxys|spa|2
|
|-heal|p2a: Deoxys|94/100|[from] Grassy Terrain
|-heal|p2a: Deoxys|100/100|[from] item: Leftovers
|upkeep
|turn|6
|inactive|mothfox has 120 seconds left.
|
|t:|1776306710
|move|p1a: Connor|Grassy Glide|p2a: Deoxys
|-damage|p2a: Deoxys|53/100
|move|p2a: Deoxys|Psycho Boost|p1a: Connor
|-damage|p1a: Connor|0 fnt
|-unboost|p2a: Deoxys|spa|2
|faint|p1a: Connor
|
|-heal|p2a: Deoxys|59/100|[from] Grassy Terrain
|-heal|p2a: Deoxys|66/100|[from] item: Leftovers
|upkeep
|
|t:|1776306724
|switch|p1a: Kingambit|Kingambit, M|100/100
|-activate|p1a: Kingambit|ability: Supreme Overlord
|-start|p1a: Kingambit|fallen1|[silent]
|turn|7
|
|t:|1776306730
|move|p1a: Kingambit|Sucker Punch|p2a: Deoxys
|-supereffective|p2a: Deoxys
|-damage|p2a: Deoxys|0 fnt
|faint|p2a: Deoxys
|
|upkeep
|
|t:|1776306739
|switch|p2a: Iron Treads|Iron Treads, shiny|100/100
|-damage|p2a: Iron Treads|97/100|[from] Stealth Rock
|-enditem|p2a: Iron Treads|Booster Energy
|-activate|p2a: Iron Treads|ability: Quark Drive|[fromitem]
|-start|p2a: Iron Treads|quarkdrivespe
|turn|8
|
|t:|1776306760
|-end|p1a: Kingambit|fallen1|[silent]
|switch|p1a: Great Tusk|Great Tusk|100/100
|move|p2a: Iron Treads|Earth Power|p1a: Great Tusk
|-damage|p1a: Great Tusk|54/100
|
|-heal|p2a: Iron Treads|100/100|[from] Grassy Terrain
|-heal|p1a: Great Tusk|60/100|[from] Grassy Terrain
|-sideend|p2: tbrantl99|Reflect
|upkeep
|turn|9
|
|t:|1776306770
|move|p2a: Iron Treads|Rapid Spin|p1a: Great Tusk
|-damage|p1a: Great Tusk|51/100
|-boost|p2a: Iron Treads|spe|1
|-sideend|p2: tbrantl99|Stealth Rock|[from] move: Rapid Spin|[of] p2a: Iron Treads
|move|p1a: Great Tusk|Headlong Rush|p2a: Iron Treads
|-supereffective|p2a: Iron Treads
|-damage|p2a: Iron Treads|0 fnt
|-unboost|p1a: Great Tusk|def|1
|-unboost|p1a: Great Tusk|spd|1
|faint|p2a: Iron Treads
|-end|p2a: Iron Treads|Quark Drive|[silent]
|
|-heal|p1a: Great Tusk|57/100|[from] Grassy Terrain
|-sideend|p2: tbrantl99|move: Light Screen
|-fieldend|move: Grassy Terrain
|upkeep
|
|t:|1776306780
|switch|p2a: Ogerpon|Ogerpon-Wellspring, F|100/100
|turn|10
|
|t:|1776306799
|move|p2a: Ogerpon|Ivy Cudgel|p1a: Great Tusk|[anim] Ivy Cudgel Water
|-supereffective|p1a: Great Tusk
|-crit|p1a: Great Tusk
|-damage|p1a: Great Tusk|0 fnt
|faint|p1a: Great Tusk
|-end|p1a: Great Tusk|Protosynthesis|[silent]
|
|upkeep
|
|t:|1776306807
|switch|p1a: Zentreya|Dragapult, M|26/100
|turn|11
|
|t:|1776306813
|switch|p2a: Grimmsnarl|Grimmsnarl, M, shiny|100/100
|move|p1a: Zentreya|Will-O-Wisp|p2a: Grimmsnarl|[miss]
|-miss|p1a: Zentreya|p2a: Grimmsnarl
|
|upkeep
|turn|12
|inactive|mothfox has 120 seconds left.
|
|t:|1776306823
|move|p2a: Grimmsnarl|Taunt|p1a: Zentreya
|-start|p1a: Zentreya|move: Taunt
|move|p1a: Zentreya|U-turn|p2a: Grimmsnarl
|-damage|p2a: Grimmsnarl|72/100
|
|t:|1776306831
|switch|p1a: Slowking|Slowking-Galar, F|100/100|[from] U-turn
|
|upkeep
|turn|13
|inactive|mothfox has 120 seconds left.
|
|t:|1776306836
|move|p2a: Grimmsnarl|Light Screen|p2a: Grimmsnarl
|-sidestart|p2: tbrantl99|move: Light Screen
|move|p1a: Slowking|Future Sight|p2a: Grimmsnarl
|-start|p1a: Slowking|move: Future Sight
|
|upkeep
|turn|14
|
|t:|1776306842
|move|p2a: Grimmsnarl|Reflect|p2a: Grimmsnarl
|-sidestart|p2: tbrantl99|Reflect
|move|p1a: Slowking|Sludge Bomb|p2a: Grimmsnarl
|-supereffective|p2a: Grimmsnarl
|-damage|p2a: Grimmsnarl|21/100
|-status|p2a: Grimmsnarl|psn
|
|-damage|p2a: Grimmsnarl|9/100 psn|[from] psn
|upkeep
|turn|15
|
|t:|1776306850
|move|p2a: Grimmsnarl|Low Kick|p1a: Slowking
|-resisted|p1a: Slowking
|-damage|p1a: Slowking|94/100
|move|p1a: Slowking|Sludge Bomb|p2a: Grimmsnarl
|-supereffective|p2a: Grimmsnarl
|-damage|p2a: Grimmsnarl|0 fnt
|faint|p2a: Grimmsnarl
|
|-hint|Future Sight did not hit because the target is fainted.
|upkeep
|
|t:|1776306858
|switch|p2a: Raging Bolt|Raging Bolt|100/100
|-enditem|p2a: Raging Bolt|Booster Energy
|-activate|p2a: Raging Bolt|ability: Protosynthesis|[fromitem]
|-start|p2a: Raging Bolt|protosynthesisspa
|turn|16
|
|t:|1776306864
|move|p2a: Raging Bolt|Calm Mind|p2a: Raging Bolt
|-boost|p2a: Raging Bolt|spa|1
|-boost|p2a: Raging Bolt|spd|1
|move|p1a: Slowking|Future Sight|p2a: Raging Bolt
|-start|p1a: Slowking|move: Future Sight
|
|upkeep
|turn|17
|
|t:|1776306881
|move|p2a: Raging Bolt|Calm Mind|p2a: Raging Bolt
|-boost|p2a: Raging Bolt|spa|1
|-boost|p2a: Raging Bolt|spd|1
|move|p1a: Slowking|Ice Beam|p2a: Raging Bolt
|-supereffective|p2a: Raging Bolt
|-damage|p2a: Raging Bolt|88/100
|
|upkeep
|turn|18
|
|t:|1776306890
|move|p2a: Raging Bolt|Thunderbolt|p1a: Slowking
|-damage|p1a: Slowking|27/100
|move|p1a: Slowking|Ice Beam|p2a: Raging Bolt
|-supereffective|p2a: Raging Bolt
|-damage|p2a: Raging Bolt|75/100
|
|-end|p2a: Raging Bolt|move: Future Sight
|-damage|p2a: Raging Bolt|62/100
|upkeep
|turn|19
|
|t:|1776306900
|switch|p1a: Gliscor|Gliscor, F|100/100
|move|p2a: Raging Bolt|Dragon Pulse|p1a: Gliscor
|-damage|p1a: Gliscor|0 fnt
|faint|p1a: Gliscor
|
|upkeep
|
|t:|1776306920
|switch|p1a: Zentreya|Dragapult, M|26/100
|turn|20
|
|t:|1776306931
|move|p1a: Zentreya|Dragon Darts|p2a: Raging Bolt
|-supereffective|p2a: Raging Bolt
|-damage|p2a: Raging Bolt|24/100
|-anim|p1a: Zentreya|Dragon Darts|p2a: Raging Bolt
|-supereffective|p2a: Raging Bolt
|-damage|p2a: Raging Bolt|0 fnt
|faint|p2a: Raging Bolt
|-end|p2a: Raging Bolt|Protosynthesis|[silent]
|
|-sideend|p2: tbrantl99|move: Light Screen
|upkeep
|
|t:|1776306940
|switch|p2a: Ogerpon|Ogerpon-Wellspring, F|100/100
|turn|21
|
|t:|1776306956
|-terastallize|p2a: Ogerpon|Water
|detailschange|p2a: Ogerpon|Ogerpon-Wellspring-Tera, F, tera:Water
|-ability|p2a: Ogerpon|Embody Aspect (Wellspring)|boost
|-boost|p2a: Ogerpon|spd|1
|move|p1a: Zentreya|Dragon Darts|p2a: Ogerpon
|-damage|p2a: Ogerpon|73/100
|-anim|p1a: Zentreya|Dragon Darts|p2a: Ogerpon
|-damage|p2a: Ogerpon|45/100
|move|p2a: Ogerpon|Ivy Cudgel|p1a: Zentreya|[anim] Ivy Cudgel Water
|-resisted|p1a: Zentreya
|-damage|p1a: Zentreya|0 fnt
|faint|p1a: Zentreya
|
|-sideend|p2: tbrantl99|Reflect
|upkeep
|
|t:|1776306979
|switch|p1a: Kingambit|Kingambit, M|100/100
|-activate|p1a: Kingambit|ability: Supreme Overlord
|-start|p1a: Kingambit|fallen4|[silent]
|turn|22
|
|t:|1776306987
|move|p2a: Ogerpon|Swords Dance|p2a: Ogerpon
|-boost|p2a: Ogerpon|atk|2
|move|p1a: Kingambit|Kowtow Cleave|p2a: Ogerpon
|-damage|p2a: Ogerpon|0 fnt
|faint|p2a: Ogerpon
|detailschange|p2: Ogerpon|Ogerpon-Wellspring, F|[silent]
|
|win|mothfox
|raw|mothfox's rating: 1271 &rarr; <strong>1301</strong><br />(+30 for winning)
|raw|tbrantl99's rating: 1344 &rarr; <strong>1320</strong><br />(-24 for losing)
