|html|<div class="broadcast-blue"><strong>[Gen 9] OU is currently suspecting Volcarona! For information on how to participate check out the <a href="https://www.smogon.com/tools/suspects/view/208">suspect thread</a>.</strong></div>
|j|☆batbomb5
|j|☆amelien
|t:|1778507763
|gametype|singles
|player|p1|batbomb5|102|1111
|player|p2|amelien|2|1092
|gen|9
|tier|[Gen 9] OU
|rated|
|rule|HP Percentage Mod: HP is shown in percentages
|rule|Endless Battle Clause: Forcing endless battles is banned
|rule|Species Clause: Limit one of each Pokémon
|rule|OHKO Clause: OHKO moves are banned
|rule|Evasion Items Clause: Evasion items are banned
|rule|Evasion Moves Clause: Evasion moves are banned
|rule|Evasion Abilities Clause: Evasion abilities are banned
|rule|Sleep Moves Clause: Sleep-inducing moves are banned
|clearpoke
|poke|p1|Zamazenta-*|
|poke|p1|Corviknight, M|
|poke|p1|Primarina, F|
|poke|p1|Ogerpon, F|
|poke|p1|Iron Moth|
|poke|p1|Iron Treads|
|poke|p2|Meowscarada, F|
|poke|p2|Clodsire, F|
|poke|p2|Ceruledge, F|
|poke|p2|Polteageist|
|poke|p2|Veluza, F|
|poke|p2|Maushold-Four|
|teampreview
|inactive|Battle timer is ON: inactive players will automatically lose when time's up. (requested by amelien)
|
|t:|1778507780
|teamsize|p1|6
|teamsize|p2|6
|start
|switch|p1a: Corviknight|Corviknight, M|100/100
|switch|p2a: Polteageist|Polteageist|100/100
|turn|1
|
|t:|1778507788
|switch|p2a: Ceruledge|Ceruledge, F|100/100
|move|p1a: Corviknight|U-turn|p2a: Ceruledge
|-resisted|p2a: Ceruledge
|-damage|p2a: Ceruledge|93/100
|-ability|p2a: Ceruledge|Weak Armor|boost
|-unboost|p2a: Ceruledge|def|1
|-boost|p2a: Ceruledge|spe|2
|
|t:|1778507807
|switch|p1a: Primarina|Primarina, F|100/100|[from] U-turn
|
|upkeep
|turn|2
|
|t:|1778507820
|move|p2a: Ceruledge|Psycho Cut|p1a: Primarina
|-damage|p1a: Primarina|73/100
|move|p1a: Primarina|Hyper Voice|p2a: Ceruledge
|-supereffective|p2a: Ceruledge
|-damage|p2a: Ceruledge|0 fnt
|faint|p2a: Ceruledge
|
|-heal|p1a: Primarina|79/100|[from] item: Leftovers
|upkeep
|
|t:|1778507830
|switch|p2a: Meowscarada|Meowscarada, F|100/100
|turn|3
|
|t:|1778507834
|move|p1a: Primarina|Protect|p1a: Primarina
|-singleturn|p1a: Primarina|Protect
|move|p2a: Meowscarada|Flower Trick|p1a: Primarina
|-start|p2a: Meowscarada|typechange|Grass|[from] ability: Protean
|-activate|p1a: Primarina|move: Protect
|
|-heal|p1a: Primarina|85/100|[from] item: Leftovers
|upkeep
|turn|4
|
|t:|1778507848
|switch|p1a: Corviknight|Corviknight, M|100/100
|move|p2a: Meowscarada|Flower Trick|p1a: Corviknight
|-resisted|p1a: Corviknight
|-crit|p1a: Corviknight
|-damage|p1a: Corviknight|87/100
|-damage|p2a: Meowscarada|91/100|[from] item: Life Orb
|
|upkeep
|turn|5
|
|t:|1778507874
|switch|p2a: Polteageist|Polteageist|100/100
|move|p1a: Corviknight|Body Press|p2a: Polteageist
|-immune|p2a: Polteageist
|
|upkeep
|turn|6
|
|t:|1778507889
|switch|p1a: Iron Treads|Iron Treads|100/100
|move|p2a: Polteageist|Shell Smash|p2a: Polteageist
|-unboost|p2a: Polteageist|def|1
|-unboost|p2a: Polteageist|spd|1
|-boost|p2a: Polteageist|atk|2
|-boost|p2a: Polteageist|spa|2
|-boost|p2a: Polteageist|spe|2
|-enditem|p2a: Polteageist|White Herb
|-clearnegativeboost|p2a: Polteageist|[silent]
|
|upkeep
|turn|7
|
|t:|1778507900
|move|p2a: Polteageist|Shadow Ball|p1a: Iron Treads
|-crit|p1a: Iron Treads
|-damage|p1a: Iron Treads|0 fnt
|faint|p1a: Iron Treads
|-end|p1a: Iron Treads|Quark Drive|[silent]
|
|upkeep
|
|t:|1778507905
|switch|p1a: Zamazenta|Zamazenta|100/100
|-ability|p1a: Zamazenta|Dauntless Shield|boost
|-boost|p1a: Zamazenta|def|1
|turn|8
|
|t:|1778507910
|move|p2a: Polteageist|Stored Power|p1a: Zamazenta
|-supereffective|p1a: Zamazenta
|-damage|p1a: Zamazenta|0 fnt
|faint|p1a: Zamazenta
|
|upkeep
|
|t:|1778507918
|switch|p1a: Ogerpon|Ogerpon, F|100/100
|turn|9
|
|t:|1778507923
|-terastallize|p1a: Ogerpon|Grass
|detailschange|p1a: Ogerpon|Ogerpon-Teal-Tera, F, tera:Grass
|-ability|p1a: Ogerpon|Embody Aspect (Teal)|boost
|-boost|p1a: Ogerpon|spe|1
|move|p1a: Ogerpon|Throat Chop|p2a: Polteageist
|-supereffective|p2a: Polteageist
|-damage|p2a: Polteageist|0 fnt
|-start|p1a: Ogerpon|Disable|Throat Chop|[from] ability: Cursed Body|[of] p2a: Polteageist
|faint|p2a: Polteageist
|-damage|p1a: Ogerpon|91/100|[from] item: Life Orb
|
|upkeep
|
|t:|1778507939
|switch|p2a: Meowscarada|Meowscarada, F|91/100
|turn|10
|
|t:|1778507943
|move|p1a: Ogerpon|Spiky Shield|p1a: Ogerpon
|-singleturn|p1a: Ogerpon|move: Protect
|move|p2a: Meowscarada|Triple Axel|p1a: Ogerpon
|-start|p2a: Meowscarada|typechange|Ice|[from] ability: Protean
|-activate|p1a: Ogerpon|move: Protect
|-damage|p2a: Meowscarada|78/100|[from] Spiky Shield|[of] p1a: Ogerpon
|
|upkeep
|turn|11
|
|t:|1778507962
|move|p1a: Ogerpon|Ivy Cudgel|p2a: Meowscarada
|-crit|p2a: Meowscarada
|-damage|p2a: Meowscarada|0 fnt
|faint|p2a: Meowscarada
|-damage|p1a: Ogerpon|81/100|[from] item: Life Orb
|
|upkeep
|
|t:|1778507970
|switch|p2a: Maushold|Maushold-Four|100/100
|turn|12
|
|t:|1778507991
|-terastallize|p2a: Maushold|Ghost
|move|p1a: Ogerpon|Spiky Shield|p1a: Ogerpon
|-singleturn|p1a: Ogerpon|move: Protect
|move|p2a: Maushold|Aerial Ace|p1a: Ogerpon
|-activate|p1a: Ogerpon|move: Protect
|-damage|p2a: Maushold|88/100|[from] Spiky Shield|[of] p1a: Ogerpon
|
|-end|p1a: Ogerpon|Disable
|upkeep
|turn|13
|
|t:|1778508002
|move|p1a: Ogerpon|Throat Chop|p2a: Maushold
|-supereffective|p2a: Maushold
|-damage|p2a: Maushold|0 fnt
|faint|p2a: Maushold
|-damage|p1a: Ogerpon|71/100|[from] item: Life Orb
|
|upkeep
|
|t:|1778508006
|switch|p2a: Clodsire|Clodsire, F|100/100
|turn|14
|
|t:|1778508013
|move|p1a: Ogerpon|Spiky Shield|p1a: Ogerpon
|-singleturn|p1a: Ogerpon|move: Protect
|move|p2a: Clodsire|Toxic|p1a: Ogerpon
|-activate|p1a: Ogerpon|move: Protect
|
|upkeep
|turn|15
|
|t:|1778508025
|switch|p1a: Corviknight|Corviknight, M|87/100
|move|p2a: Clodsire|Toxic|p1a: Corviknight
|-immune|p1a: Corviknight
|
|upkeep
|turn|16
|
|t:|1778508033
|switch|p2a: Veluza|Veluza, F|100/100
|move|p1a: Corviknight|Iron Head|p2a: Veluza
|-resisted|p2a: Veluza
|-damage|p2a: Veluza|75/100
|
|upkeep
|turn|17
|
|t:|1778508044
|move|p2a: Veluza|Fillet Away|p2a: Veluza
|-boost|p2a: Veluza|atk|2
|-boost|p2a: Veluza|spa|2
|-boost|p2a: Veluza|spe|2
|-damage|p2a: Veluza|25/100
|-enditem|p2a: Veluza|Sitrus Berry|[eat]
|-heal|p2a: Veluza|50/100|[from] item: Sitrus Berry
|move|p1a: Corviknight|U-turn|p2a: Veluza
|-supereffective|p2a: Veluza
|-crit|p2a: Veluza
|-damage|p2a: Veluza|0 fnt
|faint|p2a: Veluza
|-message|amelien forfeited.
|
|win|batbomb5
|raw|batbomb5's rating: 1111 &rarr; <strong>1135</strong><br />(+24 for winning)
|raw|amelien's rating: 1092 &rarr; <strong>1070</strong><br />(-22 for losing)
|l|☆amelien
|player|p2|
|l|☆batbomb5
|player|p1|
