|html|<div class="broadcast-blue"><strong>[Gen 9] OU is currently suspecting Tera Blast! For information on how to participate check out the <a href="https://www.smogon.com/tools/suspects/view/200">suspect thread</a>.</strong></div>
|j|☆Dropkick2042
|j|☆sauce12344
|t:|1776056407
|gametype|singles
|player|p1|Dropkick2042|miku-grass|1134
|player|p2|sauce12344|169|1177
|gen|9
|tier|[Gen 9] OU
|rated|
|rule|HP Percentage Mod: HP is shown in percentages
|rule|Endless Battle Clause: Forcing endless battles is banned
|rule|Species Clause: Limit one of each Pokémon
|rule|OHKO Clause: OHKO moves are banned
|rule|Evasion Items Clause: Evasion items are banned
|rule|Evasion Moves Clause: Evasion moves are banned
|rule|Evasion Abilities Clause: Evasion abilities are banned
|rule|Sleep Moves Clause: Sleep-inducing moves are banned
|clearpoke
|poke|p1|Mimikyu, M|
|poke|p1|Torkoal, M|
|poke|p1|Amoonguss, M|
|poke|p1|Incineroar, F|
|poke|p1|Ursaluna, M|
|poke|p1|Hatterene, F|
|poke|p2|Rillaboom, F|
|poke|p2|Ceruledge, F|
|poke|p2|Glimmora, F|
|poke|p2|Walking Wake|
|poke|p2|Corviknight, M|
|poke|p2|Zapdos|
|teampreview
|
|t:|1776056428
|teamsize|p1|6
|teamsize|p2|6
|start
|switch|p1a: Hatterene|Hatterene, F, shiny|100/100
|switch|p2a: Walking Wake|Walking Wake|100/100
|turn|1
|
|t:|1776056441
|-end|p2a: Walking Wake|Protosynthesis|[silent]
|switch|p2a: Corviknight|Corviknight, M|100/100
|-ability|p2a: Corviknight|Pressure
|move|p1a: Hatterene|Trick Room|p1a: Hatterene
|-fieldstart|move: Trick Room|[of] p1a: Hatterene
|
|upkeep
|turn|2
|
|t:|1776056454
|switch|p1a: Torkoal|Torkoal, M|100/100
|-weather|SunnyDay|[from] ability: Drought|[of] p1a: Torkoal
|move|p2a: Corviknight|Iron Head|p1a: Torkoal
|-resisted|p1a: Torkoal
|-damage|p1a: Torkoal|92/100
|
|-weather|SunnyDay|[upkeep]
|upkeep
|turn|3
|
|t:|1776056470
|switch|p2a: Walking Wake|Walking Wake|100/100
|-activate|p2a: Walking Wake|ability: Protosynthesis
|-start|p2a: Walking Wake|protosynthesisspa
|move|p1a: Torkoal|Eruption|p2a: Walking Wake
|-resisted|p2a: Walking Wake
|-damage|p2a: Walking Wake|70/100
|
|-weather|SunnyDay|[upkeep]
|upkeep
|turn|4
|
|t:|1776056512
|switch|p1a: Ursaluna|Ursaluna, M|100/100
|move|p2a: Walking Wake|Hydro Steam|p1a: Ursaluna
|-supereffective|p1a: Ursaluna
|-damage|p1a: Ursaluna|0 fnt
|faint|p1a: Ursaluna
|
|-weather|SunnyDay|[upkeep]
|upkeep
|
|t:|1776056526
|switch|p1a: Incineroar|Incineroar, F|100/100
|-ability|p1a: Incineroar|Intimidate|boost
|-unboost|p2a: Walking Wake|atk|1
|turn|5
|
|t:|1776056533
|move|p1a: Incineroar|Knock Off|p2a: Walking Wake
|-damage|p2a: Walking Wake|0 fnt
|-enditem|p2a: Walking Wake|Choice Scarf|[from] move: Knock Off|[of] p1a: Incineroar
|faint|p2a: Walking Wake
|-end|p2a: Walking Wake|Protosynthesis|[silent]
|-damage|p1a: Incineroar|91/100|[from] item: Life Orb
|
|-weather|SunnyDay|[upkeep]
|-fieldend|move: Trick Room
|upkeep
|
|t:|1776056557
|switch|p2a: Glimmora|Glimmora, F|100/100
|-item|p2a: Glimmora|Air Balloon
|turn|6
|
|t:|1776056572
|move|p2a: Glimmora|Mortal Spin|p1a: Incineroar
|-damage|p1a: Incineroar|84/100
|-status|p1a: Incineroar|psn
|move|p1a: Incineroar|Knock Off|p2a: Glimmora
|-damage|p2a: Glimmora|34/100
|-activate|p2a: Glimmora|ability: Toxic Debris
|-sidestart|p1: Dropkick2042|move: Toxic Spikes
|-enditem|p2a: Glimmora|Air Balloon
|-damage|p1a: Incineroar|74/100 psn|[from] item: Life Orb
|
|-weather|none
|-damage|p1a: Incineroar|61/100 psn|[from] psn
|upkeep
|turn|7
|inactive|Battle timer is ON: inactive players will automatically lose when time's up. (requested by sauce12344)
|
|t:|1776056635
|move|p2a: Glimmora|Spiky Shield|p2a: Glimmora
|-singleturn|p2a: Glimmora|move: Protect
|move|p1a: Incineroar|Parting Shot|p2a: Glimmora
|-activate|p2a: Glimmora|move: Protect
|
|-damage|p1a: Incineroar|49/100 psn|[from] psn
|upkeep
|turn|8
|
|t:|1776056654
|switch|p2a: Zapdos|Zapdos|100/100
|move|p1a: Incineroar|Knock Off|p2a: Zapdos
|-damage|p2a: Zapdos|13/100
|-enditem|p2a: Zapdos|Assault Vest|[from] move: Knock Off|[of] p1a: Incineroar
|-damage|p1a: Incineroar|39/100 psn|[from] item: Life Orb
|
|-damage|p1a: Incineroar|27/100 psn|[from] psn
|upkeep
|turn|9
|inactive|Dropkick2042 has 120 seconds left.
|
|t:|1776056691
|switch|p1a: Hatterene|Hatterene, F, shiny|100/100
|-status|p1a: Hatterene|psn
|move|p2a: Zapdos|Volt Switch|p1a: Hatterene
|-damage|p1a: Hatterene|63/100 psn
|
|t:|1776056698
|switch|p2a: Corviknight|Corviknight, M|100/100|[from] Volt Switch
|-ability|p2a: Corviknight|Pressure
|
|-damage|p1a: Hatterene|51/100 psn|[from] psn
|upkeep
|turn|10
|
|t:|1776056724
|move|p2a: Corviknight|Iron Head|p1a: Hatterene
|-supereffective|p1a: Hatterene
|-damage|p1a: Hatterene|11/100 psn
|move|p1a: Hatterene|Trick Room|p1a: Hatterene
|-fieldstart|move: Trick Room|[of] p1a: Hatterene
|
|-damage|p1a: Hatterene|0 fnt|[from] psn
|faint|p1a: Hatterene
|upkeep
|inactive|Dropkick2042 has 120 seconds left.
|
|t:|1776056735
|switch|p1a: Torkoal|Torkoal, M|92/100
|-status|p1a: Torkoal|psn
|-weather|SunnyDay|[from] ability: Drought|[of] p1a: Torkoal
|turn|11
|inactive|sauce12344 has 120 seconds left.
|
|t:|1776056759
|switch|p2a: Zapdos|Zapdos|13/100
|move|p1a: Torkoal|Eruption|p2a: Zapdos
|-damage|p2a: Zapdos|0 fnt
|faint|p2a: Zapdos
|
|-weather|SunnyDay|[upkeep]
|-damage|p1a: Torkoal|80/100 psn|[from] psn
|upkeep
|inactive|sauce12344 has 120 seconds left.
|
|t:|1776056769
|switch|p2a: Ceruledge|Ceruledge, F|100/100
|turn|12
|inactive|sauce12344 has 120 seconds left.
|
|t:|1776056783
|move|p1a: Torkoal|Eruption|p2a: Ceruledge
|-start|p2a: Ceruledge|ability: Flash Fire
|move|p2a: Ceruledge|Swords Dance|p2a: Ceruledge
|-boost|p2a: Ceruledge|atk|2
|
|-weather|SunnyDay|[upkeep]
|-damage|p1a: Torkoal|68/100 psn|[from] psn
|upkeep
|turn|13
|
|t:|1776056797
|move|p1a: Torkoal|Clear Smog|p2a: Ceruledge
|-resisted|p2a: Ceruledge
|-damage|p2a: Ceruledge|93/100
|-clearboost|p2a: Ceruledge
|move|p2a: Ceruledge|Swords Dance|p2a: Ceruledge
|-boost|p2a: Ceruledge|atk|2
|
|-weather|SunnyDay|[upkeep]
|-damage|p1a: Torkoal|55/100 psn|[from] psn
|upkeep
|turn|14
|
|t:|1776056810
|move|p2a: Ceruledge|Shadow Sneak|p1a: Torkoal
|-damage|p1a: Torkoal|26/100 psn
|move|p1a: Torkoal|Clear Smog|p2a: Ceruledge
|-resisted|p2a: Ceruledge
|-damage|p2a: Ceruledge|84/100
|-clearboost|p2a: Ceruledge
|
|-weather|SunnyDay|[upkeep]
|-damage|p1a: Torkoal|14/100 psn|[from] psn
|-fieldend|move: Trick Room
|upkeep
|turn|15
|
|t:|1776056824
|move|p2a: Ceruledge|Swords Dance|p2a: Ceruledge
|-boost|p2a: Ceruledge|atk|2
|move|p1a: Torkoal|Earth Power|p2a: Ceruledge
|-supereffective|p2a: Ceruledge
|-damage|p2a: Ceruledge|19/100
|
|-weather|none
|-damage|p1a: Torkoal|2/100 psn|[from] psn
|upkeep
|turn|16
|
|t:|1776056836
|move|p2a: Ceruledge|Shadow Sneak|p1a: Torkoal
|-damage|p1a: Torkoal|0 fnt
|faint|p1a: Torkoal
|
|upkeep
|
|t:|1776056844
|switch|p1a: Mimikyu|Mimikyu, M|100/100
|-status|p1a: Mimikyu|psn
|turn|17
|
|t:|1776056857
|move|p2a: Ceruledge|Shadow Sneak|p1a: Mimikyu
|-activate|p1a: Mimikyu|ability: Disguise
|-damage|p1a: Mimikyu|100/100 psn
|detailschange|p1a: Mimikyu|Mimikyu-Busted, M
|-damage|p1a: Mimikyu|88/100 psn|[from] pokemon: Mimikyu-Busted
|move|p1a: Mimikyu|Trick Room|p1a: Mimikyu
|-fieldstart|move: Trick Room|[of] p1a: Mimikyu
|
|-damage|p1a: Mimikyu|76/100 psn|[from] psn
|upkeep
|turn|18
|
|t:|1776056870
|move|p2a: Ceruledge|Shadow Sneak|p1a: Mimikyu
|-supereffective|p1a: Mimikyu
|-damage|p1a: Mimikyu|0 fnt
|faint|p1a: Mimikyu
|
|upkeep
|
|t:|1776056882
|switch|p1a: Incineroar|Incineroar, F|27/100 psn
|-ability|p1a: Incineroar|Intimidate|boost
|-unboost|p2a: Ceruledge|atk|1
|turn|19
|
|t:|1776056900
|move|p2a: Ceruledge|Shadow Sneak|p1a: Incineroar
|-resisted|p1a: Incineroar
|-damage|p1a: Incineroar|13/100 psn
|move|p1a: Incineroar|Knock Off|p2a: Ceruledge
|-supereffective|p2a: Ceruledge
|-damage|p2a: Ceruledge|0 fnt
|-enditem|p2a: Ceruledge|Heavy-Duty Boots|[from] move: Knock Off|[of] p1a: Incineroar
|faint|p2a: Ceruledge
|-damage|p1a: Incineroar|3/100 psn|[from] item: Life Orb
|
|-damage|p1a: Incineroar|0 fnt|[from] psn
|faint|p1a: Incineroar
|upkeep
|inactive|Dropkick2042 has 120 seconds left.
|
|t:|1776056915
|switch|p1a: Amoonguss|Amoonguss, M|100/100
|switch|p2a: Glimmora|Glimmora, F|34/100
|-sideend|p1: Dropkick2042|move: Toxic Spikes|[of] p1a: Amoonguss
|turn|20
|
|t:|1776056924
|move|p1a: Amoonguss|Giga Drain|p2a: Glimmora
|-damage|p2a: Glimmora|11/100
|move|p2a: Glimmora|Mortal Spin|p1a: Amoonguss
|-damage|p1a: Amoonguss|93/100
|
|-heal|p1a: Amoonguss|99/100|[from] item: Leftovers
|upkeep
|turn|21
|
|t:|1776056933
|move|p1a: Amoonguss|Giga Drain|p2a: Glimmora
|-damage|p2a: Glimmora|0 fnt
|-heal|p1a: Amoonguss|100/100|[from] drain|[of] p2a: Glimmora
|faint|p2a: Glimmora
|
|-fieldend|move: Trick Room
|upkeep
|
|t:|1776056939
|switch|p2a: Rillaboom|Rillaboom, F|100/100
|-fieldstart|move: Grassy Terrain|[from] ability: Grassy Surge|[of] p2a: Rillaboom
|-enditem|p2a: Rillaboom|Grassy Seed
|-boost|p2a: Rillaboom|def|1|[from] item: Grassy Seed
|turn|22
|
|t:|1776056952
|-terastallize|p2a: Rillaboom|Flying
|move|p2a: Rillaboom|Acrobatics|p1a: Amoonguss
|-supereffective|p1a: Amoonguss
|-damage|p1a: Amoonguss|0 fnt
|faint|p1a: Amoonguss
|
|win|sauce12344
|raw|Dropkick2042's rating: 1134 &rarr; <strong>1112</strong><br />(-22 for losing)
|raw|sauce12344's rating: 1177 &rarr; <strong>1199</strong><br />(+22 for winning)
|l|☆sauce12344
|player|p2|
|l|☆Dropkick2042
|player|p1|
