|html|<div class="broadcast-blue"><strong>[Gen 9] OU is currently suspecting Tera Blast! For information on how to participate check out the <a href="https://www.smogon.com/tools/suspects/view/200">suspect thread</a>.</strong></div>
|j|☆ochovex
|j|☆csevilla
|t:|1776125838
|gametype|singles
|player|p1|ochovex|birdkeeper-gen4dp|1090
|player|p2|csevilla|102|1122
|gen|9
|tier|[Gen 9] OU
|rated|
|rule|HP Percentage Mod: HP is shown in percentages
|rule|Endless Battle Clause: Forcing endless battles is banned
|rule|Species Clause: Limit one of each Pokémon
|rule|OHKO Clause: OHKO moves are banned
|rule|Evasion Items Clause: Evasion items are banned
|rule|Evasion Moves Clause: Evasion moves are banned
|rule|Evasion Abilities Clause: Evasion abilities are banned
|rule|Sleep Moves Clause: Sleep-inducing moves are banned
|clearpoke
|poke|p1|Dondozo, F|
|poke|p1|Alcremie-Mint-Cream, F|
|poke|p1|Meowstic, M|
|poke|p1|Hydreigon, M|
|poke|p1|Vivillon-Marine, M|
|poke|p1|Gastrodon-East, M|
|poke|p2|Dragapult, M|
|poke|p2|Cinderace, F|
|poke|p2|Corviknight, M|
|poke|p2|Toxapex, M|
|poke|p2|Zamazenta-*|
|poke|p2|Gliscor, F|
|teampreview
|inactive|Battle timer is ON: inactive players will automatically lose when time's up. (requested by ochovex)
|
|t:|1776125848
|teamsize|p1|6
|teamsize|p2|6
|start
|switch|p1a: Vivillon|Vivillon-Marine, M|100/100
|switch|p2a: Gliscor|Gliscor, F|100/100
|turn|1
|
|t:|1776125857
|switch|p1a: Gastrodon|Gastrodon-East, M|100/100
|move|p2a: Gliscor|Knock Off|p1a: Gastrodon
|-damage|p1a: Gastrodon|73/100
|-enditem|p1a: Gastrodon|Rindo Berry|[from] move: Knock Off|[of] p2a: Gliscor
|
|-status|p2a: Gliscor|tox|[from] item: Toxic Orb
|upkeep
|turn|2
|
|t:|1776125869
|move|p2a: Gliscor|U-turn|p1a: Gastrodon
|-damage|p1a: Gastrodon|54/100
|
|t:|1776125872
|switch|p2a: Corviknight|Corviknight, M|100/100|[from] U-turn
|move|p1a: Gastrodon|Acid Armor|p1a: Gastrodon
|-boost|p1a: Gastrodon|def|2
|
|upkeep
|turn|3
|
|t:|1776125881
|move|p2a: Corviknight|Bulk Up|p2a: Corviknight
|-boost|p2a: Corviknight|atk|1
|-boost|p2a: Corviknight|def|1
|move|p1a: Gastrodon|Surf|p2a: Corviknight
|-damage|p2a: Corviknight|72/100
|
|-heal|p2a: Corviknight|78/100|[from] item: Leftovers
|upkeep
|turn|4
|
|t:|1776125891
|move|p2a: Corviknight|Bulk Up|p2a: Corviknight
|-boost|p2a: Corviknight|atk|1
|-boost|p2a: Corviknight|def|1
|move|p1a: Gastrodon|Surf|p2a: Corviknight
|-damage|p2a: Corviknight|53/100
|
|-heal|p2a: Corviknight|59/100|[from] item: Leftovers
|upkeep
|turn|5
|
|t:|1776125902
|move|p2a: Corviknight|Bulk Up|p2a: Corviknight
|-boost|p2a: Corviknight|atk|1
|-boost|p2a: Corviknight|def|1
|move|p1a: Gastrodon|Acid Armor|p1a: Gastrodon
|-boost|p1a: Gastrodon|def|2
|
|-heal|p2a: Corviknight|65/100|[from] item: Leftovers
|upkeep
|turn|6
|
|t:|1776125912
|move|p2a: Corviknight|Bulk Up|p2a: Corviknight
|-boost|p2a: Corviknight|atk|1
|-boost|p2a: Corviknight|def|1
|move|p1a: Gastrodon|Surf|p2a: Corviknight
|-crit|p2a: Corviknight
|-damage|p2a: Corviknight|20/100
|
|-heal|p2a: Corviknight|26/100|[from] item: Leftovers
|upkeep
|turn|7
|
|t:|1776125923
|move|p2a: Corviknight|Roost|p2a: Corviknight
|-heal|p2a: Corviknight|76/100
|-singleturn|p2a: Corviknight|move: Roost
|move|p1a: Gastrodon|Surf|p2a: Corviknight
|-damage|p2a: Corviknight|47/100
|
|-heal|p2a: Corviknight|53/100|[from] item: Leftovers
|upkeep
|turn|8
|
|t:|1776125934
|move|p2a: Corviknight|Roost|p2a: Corviknight
|-heal|p2a: Corviknight|100/100
|-singleturn|p2a: Corviknight|move: Roost
|move|p1a: Gastrodon|Acid Armor|p1a: Gastrodon
|-boost|p1a: Gastrodon|def|2
|
|upkeep
|turn|9
|
|t:|1776125943
|move|p2a: Corviknight|Bulk Up|p2a: Corviknight
|-boost|p2a: Corviknight|atk|1
|-boost|p2a: Corviknight|def|1
|move|p1a: Gastrodon|Surf|p2a: Corviknight
|-damage|p2a: Corviknight|70/100
|
|-heal|p2a: Corviknight|76/100|[from] item: Leftovers
|upkeep
|turn|10
|
|t:|1776125953
|move|p2a: Corviknight|Bulk Up|p2a: Corviknight
|-boost|p2a: Corviknight|atk|1
|-boost|p2a: Corviknight|def|1
|move|p1a: Gastrodon|Surf|p2a: Corviknight
|-damage|p2a: Corviknight|48/100
|
|-heal|p2a: Corviknight|54/100|[from] item: Leftovers
|upkeep
|turn|11
|
|t:|1776125963
|move|p2a: Corviknight|Roost|p2a: Corviknight
|-heal|p2a: Corviknight|100/100
|-singleturn|p2a: Corviknight|move: Roost
|move|p1a: Gastrodon|Recover|p1a: Gastrodon
|-heal|p1a: Gastrodon|100/100
|
|upkeep
|turn|12
|
|t:|1776125972
|move|p2a: Corviknight|Brave Bird|p1a: Gastrodon
|-damage|p1a: Gastrodon|62/100
|-damage|p2a: Corviknight|88/100|[from] Recoil
|move|p1a: Gastrodon|Surf|p2a: Corviknight
|-damage|p2a: Corviknight|61/100
|
|-heal|p2a: Corviknight|68/100|[from] item: Leftovers
|upkeep
|turn|13
|
|t:|1776125984
|switch|p2a: Toxapex|Toxapex, M|100/100
|move|p1a: Gastrodon|Surf|p2a: Toxapex
|-resisted|p2a: Toxapex
|-damage|p2a: Toxapex|85/100
|
|-heal|p2a: Toxapex|91/100|[from] item: Black Sludge
|upkeep
|turn|14
|
|t:|1776125995
|move|p1a: Gastrodon|Earth Power|p2a: Toxapex
|-supereffective|p2a: Toxapex
|-damage|p2a: Toxapex|27/100
|move|p2a: Toxapex|Haze|p2a: Toxapex
|-clearallboost
|
|-heal|p2a: Toxapex|33/100|[from] item: Black Sludge
|upkeep
|turn|15
|
|t:|1776126009
|switch|p2a: Gliscor|Gliscor, F|100/100 tox
|move|p1a: Gastrodon|Surf|p2a: Gliscor
|-supereffective|p2a: Gliscor
|-damage|p2a: Gliscor|0 fnt
|faint|p2a: Gliscor
|
|upkeep
|
|t:|1776126019
|switch|p2a: Zamazenta|Zamazenta|100/100
|-ability|p2a: Zamazenta|Dauntless Shield|boost
|-boost|p2a: Zamazenta|def|1
|turn|16
|
|t:|1776126026
|move|p2a: Zamazenta|Close Combat|p1a: Gastrodon
|-damage|p1a: Gastrodon|0 fnt
|-unboost|p2a: Zamazenta|def|1
|-unboost|p2a: Zamazenta|spd|1
|faint|p1a: Gastrodon
|
|upkeep
|
|t:|1776126029
|switch|p1a: Dondozo|Dondozo, F|100/100
|turn|17
|
|t:|1776126037
|switch|p2a: Toxapex|Toxapex, M|67/100
|move|p1a: Dondozo|Earthquake|p2a: Toxapex
|-supereffective|p2a: Toxapex
|-damage|p2a: Toxapex|26/100
|
|-heal|p2a: Toxapex|32/100|[from] item: Black Sludge
|upkeep
|turn|18
|
|t:|1776126049
|switch|p2a: Corviknight|Corviknight, M|68/100
|move|p1a: Dondozo|Liquidation|p2a: Corviknight
|-damage|p2a: Corviknight|31/100
|
|-heal|p2a: Corviknight|38/100|[from] item: Leftovers
|upkeep
|turn|19
|
|t:|1776126059
|move|p2a: Corviknight|Roost|p2a: Corviknight
|-heal|p2a: Corviknight|88/100
|-singleturn|p2a: Corviknight|move: Roost
|move|p1a: Dondozo|Liquidation|p2a: Corviknight
|-damage|p2a: Corviknight|51/100
|
|-heal|p2a: Corviknight|58/100|[from] item: Leftovers
|upkeep
|turn|20
|
|t:|1776126070
|move|p2a: Corviknight|Bulk Up|p2a: Corviknight
|-boost|p2a: Corviknight|atk|1
|-boost|p2a: Corviknight|def|1
|move|p1a: Dondozo|Liquidation|p2a: Corviknight
|-damage|p2a: Corviknight|22/100
|
|-heal|p2a: Corviknight|29/100|[from] item: Leftovers
|upkeep
|turn|21
|
|t:|1776126082
|move|p2a: Corviknight|Roost|p2a: Corviknight
|-heal|p2a: Corviknight|79/100
|-singleturn|p2a: Corviknight|move: Roost
|move|p1a: Dondozo|Liquidation|p2a: Corviknight
|-damage|p2a: Corviknight|47/100
|
|-heal|p2a: Corviknight|53/100|[from] item: Leftovers
|upkeep
|turn|22
|
|t:|1776126093
|move|p2a: Corviknight|Bulk Up|p2a: Corviknight
|-boost|p2a: Corviknight|atk|1
|-boost|p2a: Corviknight|def|1
|move|p1a: Dondozo|Liquidation|p2a: Corviknight
|-damage|p2a: Corviknight|21/100
|
|-heal|p2a: Corviknight|27/100|[from] item: Leftovers
|upkeep
|turn|23
|
|t:|1776126104
|move|p2a: Corviknight|Roost|p2a: Corviknight
|-heal|p2a: Corviknight|77/100
|-singleturn|p2a: Corviknight|move: Roost
|move|p1a: Dondozo|Liquidation|p2a: Corviknight
|-crit|p2a: Corviknight
|-damage|p2a: Corviknight|30/100
|-ability|p2a: Corviknight|Mirror Armor
|-unboost|p1a: Dondozo|def|1
|
|-heal|p2a: Corviknight|36/100|[from] item: Leftovers
|upkeep
|turn|24
|
|t:|1776126122
|move|p2a: Corviknight|Roost|p2a: Corviknight
|-heal|p2a: Corviknight|86/100
|-singleturn|p2a: Corviknight|move: Roost
|move|p1a: Dondozo|Liquidation|p2a: Corviknight
|-damage|p2a: Corviknight|52/100
|-ability|p2a: Corviknight|Mirror Armor
|-unboost|p1a: Dondozo|def|1
|
|-heal|p2a: Corviknight|58/100|[from] item: Leftovers
|upkeep
|turn|25
|
|t:|1776126136
|move|p2a: Corviknight|Bulk Up|p2a: Corviknight
|-boost|p2a: Corviknight|atk|1
|-boost|p2a: Corviknight|def|1
|move|p1a: Dondozo|Liquidation|p2a: Corviknight
|-damage|p2a: Corviknight|24/100
|
|-heal|p2a: Corviknight|30/100|[from] item: Leftovers
|upkeep
|turn|26
|
|t:|1776126147
|move|p2a: Corviknight|Roost|p2a: Corviknight
|-heal|p2a: Corviknight|80/100
|-singleturn|p2a: Corviknight|move: Roost
|move|p1a: Dondozo|Liquidation|p2a: Corviknight
|-damage|p2a: Corviknight|45/100
|
|-heal|p2a: Corviknight|51/100|[from] item: Leftovers
|upkeep
|turn|27
|
|t:|1776126160
|move|p2a: Corviknight|Brave Bird|p1a: Dondozo
|-damage|p1a: Dondozo|58/100
|-damage|p2a: Corviknight|35/100|[from] Recoil
|move|p1a: Dondozo|Liquidation|p2a: Corviknight
|-damage|p2a: Corviknight|1/100
|
|-heal|p2a: Corviknight|7/100|[from] item: Leftovers
|upkeep
|turn|28
|
|t:|1776126172
|move|p2a: Corviknight|Brave Bird|p1a: Dondozo
|-damage|p1a: Dondozo|17/100
|-damage|p2a: Corviknight|0 fnt|[from] Recoil
|faint|p2a: Corviknight
|move|p1a: Dondozo|Liquidation|p2: Corviknight|[notarget]
|-fail|p1a: Dondozo
|
|upkeep
|
|t:|1776126180
|switch|p2a: Dragapult|Dragapult, M|100/100
|turn|29
|
|t:|1776126186
|move|p2a: Dragapult|Dragon Darts|p1a: Dondozo
|-damage|p1a: Dondozo|0 fnt
|faint|p1a: Dondozo
|
|upkeep
|
|t:|1776126189
|switch|p1a: Alcremie|Alcremie-Mint-Cream, F|100/100
|turn|30
|
|t:|1776126197
|switch|p2a: Toxapex|Toxapex, M|65/100
|move|p1a: Alcremie|Alluring Voice|p2a: Toxapex
|-resisted|p2a: Toxapex
|-damage|p2a: Toxapex|41/100
|
|-heal|p2a: Toxapex|47/100|[from] item: Black Sludge
|upkeep
|turn|31
|
|t:|1776126207
|switch|p1a: Meowstic|Meowstic, M|100/100
|move|p2a: Toxapex|Recover|p2a: Toxapex
|-heal|p2a: Toxapex|97/100
|
|-heal|p2a: Toxapex|100/100|[from] item: Black Sludge
|upkeep
|turn|32
|
|t:|1776126219
|move|p1a: Meowstic|Calm Mind|p1a: Meowstic
|-boost|p1a: Meowstic|spa|1
|-boost|p1a: Meowstic|spd|1
|move|p2a: Toxapex|Toxic Spikes|p1a: Meowstic
|-sidestart|p1: ochovex|move: Toxic Spikes
|
|upkeep
|turn|33
|
|t:|1776126228
|move|p1a: Meowstic|Psychic|p2a: Toxapex
|-supereffective|p2a: Toxapex
|-damage|p2a: Toxapex|9/100
|move|p2a: Toxapex|Haze|p2a: Toxapex
|-clearallboost
|
|-heal|p2a: Toxapex|15/100|[from] item: Black Sludge
|upkeep
|turn|34
|
|t:|1776126239
|move|p1a: Meowstic|Thunder Wave|p2a: Toxapex
|-status|p2a: Toxapex|par
|cant|p2a: Toxapex|par
|
|-heal|p2a: Toxapex|22/100 par|[from] item: Black Sludge
|upkeep
|turn|35
|
|t:|1776126248
|move|p1a: Meowstic|Psychic|p2a: Toxapex
|-supereffective|p2a: Toxapex
|-damage|p2a: Toxapex|0 fnt
|faint|p2a: Toxapex
|
|upkeep
|
|t:|1776126254
|switch|p2a: Dragapult|Dragapult, M|100/100
|turn|36
|
|t:|1776126260
|move|p2a: Dragapult|Dragon Dance|p2a: Dragapult
|-boost|p2a: Dragapult|atk|1
|-boost|p2a: Dragapult|spe|1
|move|p1a: Meowstic|Dark Pulse|p2a: Dragapult
|-supereffective|p2a: Dragapult
|-crit|p2a: Dragapult
|-damage|p2a: Dragapult|5/100
|
|-heal|p2a: Dragapult|11/100|[from] item: Leftovers
|upkeep
|turn|37
|
|t:|1776126272
|move|p1a: Meowstic|Thunder Wave|p2a: Dragapult
|-status|p2a: Dragapult|par
|move|p2a: Dragapult|Phantom Force||[still]
|-prepare|p2a: Dragapult|Phantom Force
|
|-heal|p2a: Dragapult|17/100 par|[from] item: Leftovers
|upkeep
|turn|38
|
|t:|1776126280
|switch|p1a: Hydreigon|Hydreigon, M|100/100
|move|p2a: Dragapult|Phantom Force|p1a: Hydreigon|[from] lockedmove
|-resisted|p1a: Hydreigon
|-damage|p1a: Hydreigon|57/100
|
|-heal|p2a: Dragapult|23/100 par|[from] item: Leftovers
|upkeep
|turn|39
|
|t:|1776126292
|move|p1a: Hydreigon|Draco Meteor|p2a: Dragapult
|-supereffective|p2a: Dragapult
|-damage|p2a: Dragapult|0 fnt
|-unboost|p1a: Hydreigon|spa|2
|faint|p2a: Dragapult
|
|upkeep
|
|t:|1776126299
|switch|p2a: Zamazenta|Zamazenta|100/100
|turn|40
|
|t:|1776126305
|move|p1a: Hydreigon|Protect|p1a: Hydreigon
|-singleturn|p1a: Hydreigon|Protect
|move|p2a: Zamazenta|Ice Fang|p1a: Hydreigon
|-activate|p1a: Hydreigon|move: Protect
|
|upkeep
|turn|41
|
|t:|1776126314
|move|p2a: Zamazenta|Ice Fang|p1a: Hydreigon
|-supereffective|p1a: Hydreigon
|-damage|p1a: Hydreigon|12/100
|move|p1a: Hydreigon|Draco Meteor|p2a: Zamazenta
|-damage|p2a: Zamazenta|68/100
|-unboost|p1a: Hydreigon|spa|2
|
|upkeep
|turn|42
|
|t:|1776126325
|move|p1a: Hydreigon|Protect|p1a: Hydreigon
|-singleturn|p1a: Hydreigon|Protect
|move|p2a: Zamazenta|Ice Fang|p1a: Hydreigon
|-activate|p1a: Hydreigon|move: Protect
|
|upkeep
|turn|43
|
|t:|1776126333
|move|p2a: Zamazenta|Iron Head|p1a: Hydreigon
|-damage|p1a: Hydreigon|0 fnt
|faint|p1a: Hydreigon
|
|upkeep
|
|t:|1776126338
|switch|p1a: Vivillon|Vivillon-Marine, M|100/100
|turn|44
|
|t:|1776126343
|move|p2a: Zamazenta|Iron Head|p1a: Vivillon
|-damage|p1a: Vivillon|51/100
|move|p1a: Vivillon|Quiver Dance|p1a: Vivillon
|-boost|p1a: Vivillon|spa|1
|-boost|p1a: Vivillon|spd|1
|-boost|p1a: Vivillon|spe|1
|
|upkeep
|turn|45
|
|t:|1776126353
|move|p1a: Vivillon|Air Slash|p2a: Zamazenta
|-supereffective|p2a: Zamazenta
|-damage|p2a: Zamazenta|0 fnt
|faint|p2a: Zamazenta
|
|upkeep
|
|t:|1776126360
|switch|p2a: Cinderace|Cinderace, F|100/100
|turn|46
|
|t:|1776126366
|-terastallize|p1a: Vivillon|Ground
|move|p1a: Vivillon|Tera Blast|p2a: Cinderace|[anim] Tera Blast Ground
|-supereffective|p2a: Cinderace
|-damage|p2a: Cinderace|0 fnt
|faint|p2a: Cinderace
|
|win|ochovex
|raw|ochovex's rating: 1090 &rarr; <strong>1119</strong><br />(+29 for winning)
|raw|csevilla's rating: 1122 &rarr; <strong>1095</strong><br />(-27 for losing)
|l|☆csevilla
|player|p2|
