|html|<div class="broadcast-blue"><strong>[Gen 9] OU is currently suspecting Tera Blast! For information on how to participate check out the <a href="https://www.smogon.com/tools/suspects/view/200">suspect thread</a>.</strong></div>
|j|☆Rocket Boss 75
|j|☆anne.steele
|t:|1776043865
|gametype|singles
|player|p1|Rocket Boss 75|rocketgruntf|1232
|player|p2|anne.steele|clair|1220
|gen|9
|tier|[Gen 9] OU
|rated|
|rule|HP Percentage Mod: HP is shown in percentages
|rule|Endless Battle Clause: Forcing endless battles is banned
|rule|Species Clause: Limit one of each Pokémon
|rule|OHKO Clause: OHKO moves are banned
|rule|Evasion Items Clause: Evasion items are banned
|rule|Evasion Moves Clause: Evasion moves are banned
|rule|Evasion Abilities Clause: Evasion abilities are banned
|rule|Sleep Moves Clause: Sleep-inducing moves are banned
|clearpoke
|poke|p1|Garchomp, M|
|poke|p1|Dragapult, F|
|poke|p1|Gyarados, F|
|poke|p1|Hatterene, F|
|poke|p1|Persian, F|
|poke|p1|Corviknight, M|
|poke|p2|Garchomp, M|
|poke|p2|Zapdos|
|poke|p2|Mandibuzz, F|
|poke|p2|Arcanine, M|
|poke|p2|Gholdengo|
|poke|p2|Serperior, F|
|teampreview
|
|t:|1776043877
|teamsize|p1|6
|teamsize|p2|6
|start
|switch|p1a: Royalty|Persian, F|100/100
|switch|p2a: Zapdos|Zapdos|100/100
|turn|1
|
|t:|1776043883
|switch|p1a: Moon|Hatterene, F|100/100
|switch|p2a: Mandibuzz|Mandibuzz, F|100/100
|
|upkeep
|turn|2
|
|t:|1776043888
|move|p2a: Mandibuzz|Knock Off|p1a: Moon
|-damage|p1a: Moon|77/100
|-enditem|p1a: Moon|Leftovers|[from] move: Knock Off|[of] p2a: Mandibuzz
|move|p1a: Moon|Nuzzle|p2a: Mandibuzz
|-supereffective|p2a: Mandibuzz
|-damage|p2a: Mandibuzz|95/100
|-status|p2a: Mandibuzz|par
|-damage|p1a: Moon|60/100|[from] item: Rocky Helmet|[of] p2a: Mandibuzz
|
|upkeep
|turn|3
|j| ilikehorse222
|l| ilikehorse222
|
|t:|1776043904
|switch|p2a: Gholdengo|Gholdengo|100/100
|switch|p1a: Cross|Garchomp, M|100/100
|
|upkeep
|turn|4
|
|t:|1776043911
|switch|p2a: Mandibuzz|Mandibuzz, F|95/100 par
|move|p1a: Cross|Flamethrower|p2a: Mandibuzz
|-damage|p2a: Mandibuzz|79/100 par
|
|upkeep
|turn|5
|
|t:|1776043917
|move|p1a: Cross|Stealth Rock|p2a: Mandibuzz
|-sidestart|p2: anne.steele|move: Stealth Rock
|move|p2a: Mandibuzz|Foul Play|p1a: Cross
|-damage|p1a: Cross|63/100
|-damage|p2a: Mandibuzz|67/100 par|[from] ability: Rough Skin|[of] p1a: Cross
|-damage|p2a: Mandibuzz|50/100 par|[from] item: Rocky Helmet|[of] p1a: Cross
|
|upkeep
|turn|6
|
|t:|1776043926
|move|p1a: Cross|Draco Meteor|p2a: Mandibuzz|[miss]
|-miss|p1a: Cross|p2a: Mandibuzz
|move|p2a: Mandibuzz|Roost|p2a: Mandibuzz
|-heal|p2a: Mandibuzz|99/100 par
|-singleturn|p2a: Mandibuzz|move: Roost
|
|upkeep
|turn|7
|c|☆anne.steele|Easy
|
|t:|1776043947
|switch|p1a: Hydra|Gyarados, F, shiny|100/100
|move|p2a: Mandibuzz|Defog|p1a: Hydra
|-unboost|p1a: Hydra|evasion|1
|-sideend|p2: anne.steele|Stealth Rock|[from] move: Defog|[of] p2a: Mandibuzz
|
|upkeep
|turn|8
|
|t:|1776043953
|move|p1a: Hydra|Dragon Dance|p1a: Hydra
|-boost|p1a: Hydra|atk|1
|-boost|p1a: Hydra|spe|1
|move|p2a: Mandibuzz|Knock Off|p1a: Hydra
|-damage|p1a: Hydra|73/100
|-enditem|p1a: Hydra|Heavy-Duty Boots|[from] move: Knock Off|[of] p2a: Mandibuzz
|
|upkeep
|turn|9
|
|t:|1776043960
|move|p1a: Hydra|Dragon Dance|p1a: Hydra
|-boost|p1a: Hydra|atk|1
|-boost|p1a: Hydra|spe|1
|move|p2a: Mandibuzz|Foul Play|p1a: Hydra
|-damage|p1a: Hydra|0 fnt
|faint|p1a: Hydra
|
|upkeep
|
|t:|1776043968
|switch|p1a: Lust|Dragapult, F|100/100
|turn|10
|
|t:|1776043972
|move|p1a: Lust|Dragon Darts|p2a: Mandibuzz
|-damage|p2a: Mandibuzz|75/100 par
|-anim|p1a: Lust|Dragon Darts|p2a: Mandibuzz
|-damage|p2a: Mandibuzz|52/100 par
|move|p2a: Mandibuzz|Foul Play|p1a: Lust
|-supereffective|p1a: Lust
|-damage|p1a: Lust|0 fnt
|faint|p1a: Lust
|
|upkeep
|
|t:|1776043982
|switch|p1a: Royalty|Persian, F|100/100
|turn|11
|
|t:|1776043986
|move|p1a: Royalty|Fake Out|p2a: Mandibuzz
|-damage|p2a: Mandibuzz|38/100 par
|-damage|p1a: Royalty|84/100|[from] item: Rocky Helmet|[of] p2a: Mandibuzz
|cant|p2a: Mandibuzz|flinch
|
|upkeep
|turn|12
|
|t:|1776043992
|move|p1a: Royalty|Knock Off|p2a: Mandibuzz
|-resisted|p2a: Mandibuzz
|-damage|p2a: Mandibuzz|31/100 par
|-damage|p1a: Royalty|67/100|[from] item: Rocky Helmet|[of] p2a: Mandibuzz
|-enditem|p2a: Mandibuzz|Rocky Helmet|[from] move: Knock Off|[of] p1a: Royalty
|move|p2a: Mandibuzz|Roost|p2a: Mandibuzz
|-heal|p2a: Mandibuzz|81/100 par
|-singleturn|p2a: Mandibuzz|move: Roost
|
|upkeep
|turn|13
|
|t:|1776044002
|move|p1a: Royalty|U-turn|p2a: Mandibuzz
|-damage|p2a: Mandibuzz|70/100 par
|
|t:|1776044006
|switch|p1a: Moon|Hatterene, F|60/100|[from] U-turn
|move|p2a: Mandibuzz|Foul Play|p1a: Moon
|-damage|p1a: Moon|25/100
|
|upkeep
|turn|14
|
|t:|1776044023
|move|p2a: Mandibuzz|Foul Play|p1a: Moon
|-damage|p1a: Moon|0 fnt
|faint|p1a: Moon
|
|upkeep
|
|t:|1776044031
|switch|p1a: Cross|Garchomp, M|63/100
|turn|15
|
|t:|1776044034
|move|p1a: Cross|Draco Meteor|p2a: Mandibuzz
|-damage|p2a: Mandibuzz|36/100 par
|-unboost|p1a: Cross|spa|2
|cant|p2a: Mandibuzz|par
|
|upkeep
|turn|16
|
|t:|1776044044
|switch|p1a: Knight|Corviknight, M, shiny|100/100
|move|p2a: Mandibuzz|Roost|p2a: Mandibuzz
|-heal|p2a: Mandibuzz|86/100 par
|-singleturn|p2a: Mandibuzz|move: Roost
|
|upkeep
|turn|17
|
|t:|1776044052
|-terastallize|p1a: Knight|Fighting
|move|p1a: Knight|Body Press|p2a: Mandibuzz
|-damage|p2a: Mandibuzz|62/100 par
|move|p2a: Mandibuzz|Knock Off|p1a: Knight
|-resisted|p1a: Knight
|-damage|p1a: Knight|93/100
|-damage|p2a: Mandibuzz|46/100 par|[from] item: Rocky Helmet|[of] p1a: Knight
|-enditem|p1a: Knight|Rocky Helmet|[from] move: Knock Off|[of] p2a: Mandibuzz
|
|upkeep
|turn|18
|
|t:|1776044061
|switch|p2a: Gholdengo|Gholdengo|100/100
|move|p1a: Knight|Body Press|p2a: Gholdengo
|-immune|p2a: Gholdengo
|
|upkeep
|turn|19
|
|t:|1776044067
|-terastallize|p2a: Gholdengo|Steel
|move|p2a: Gholdengo|Make It Rain|p1a: Knight
|-damage|p1a: Knight|0 fnt
|-unboost|p2a: Gholdengo|spa|1
|faint|p1a: Knight
|
|upkeep
|
|t:|1776044075
|switch|p1a: Cross|Garchomp, M|63/100
|turn|20
|
|t:|1776044078
|move|p2a: Gholdengo|Make It Rain|p1a: Cross
|-damage|p1a: Cross|0 fnt
|-unboost|p2a: Gholdengo|spa|1
|faint|p1a: Cross
|
|upkeep
|
|t:|1776044084
|switch|p1a: Royalty|Persian, F|67/100
|turn|21
|
|t:|1776044089
|switch|p2a: Arcanine|Arcanine, M|100/100
|-ability|p2a: Arcanine|Intimidate|boost
|-unboost|p1a: Royalty|atk|1
|move|p1a: Royalty|Knock Off|p2a: Arcanine
|-damage|p2a: Arcanine|88/100
|-enditem|p2a: Arcanine|Leftovers|[from] move: Knock Off|[of] p1a: Royalty
|
|upkeep
|turn|22
|
|t:|1776044097
|move|p1a: Royalty|Knock Off|p2a: Arcanine
|-damage|p2a: Arcanine|80/100
|move|p2a: Arcanine|Will-O-Wisp|p1a: Royalty
|-status|p1a: Royalty|brn
|
|-damage|p1a: Royalty|61/100 brn|[from] brn
|upkeep
|turn|23
|
|t:|1776044106
|move|p1a: Royalty|Knock Off|p2a: Arcanine
|-damage|p2a: Arcanine|75/100
|move|p2a: Arcanine|Flamethrower|p1a: Royalty
|-damage|p1a: Royalty|0 fnt
|faint|p1a: Royalty
|
|win|anne.steele
|raw|Rocket Boss 75's rating: 1232 &rarr; <strong>1206</strong><br />(-26 for losing)
|raw|anne.steele's rating: 1220 &rarr; <strong>1246</strong><br />(+26 for winning)
|l|☆anne.steele
|player|p2|
