|html|<div class="broadcast-blue"><strong>[Gen 9] OU is currently suspecting Tera Blast! For information on how to participate check out the <a href="https://www.smogon.com/tools/suspects/view/200">suspect thread</a>.</strong></div>
|j|☆GoGlennCoco95
|j|☆ahorasisupecton
|t:|1776033845
|gametype|singles
|player|p1|GoGlennCoco95|riley|1121
|player|p2|ahorasisupecton|roxie|1136
|gen|9
|tier|[Gen 9] OU
|rated|
|rule|HP Percentage Mod: HP is shown in percentages
|rule|Endless Battle Clause: Forcing endless battles is banned
|rule|Species Clause: Limit one of each Pokémon
|rule|OHKO Clause: OHKO moves are banned
|rule|Evasion Items Clause: Evasion items are banned
|rule|Evasion Moves Clause: Evasion moves are banned
|rule|Evasion Abilities Clause: Evasion abilities are banned
|rule|Sleep Moves Clause: Sleep-inducing moves are banned
|clearpoke
|poke|p1|Hitmonchan, M|
|poke|p1|Ursaluna, F|
|poke|p1|Kingdra, M|
|poke|p1|Drifblim, F|
|poke|p1|Hatterene, F|
|poke|p1|Quaquaval, M|
|poke|p2|Ogerpon-Wellspring, F|
|poke|p2|Kingambit, M|
|poke|p2|Great Tusk|
|poke|p2|Pecharunt|
|poke|p2|Hatterene, F|
|poke|p2|Kyurem|
|teampreview
|inactive|Battle timer is ON: inactive players will automatically lose when time's up. (requested by ahorasisupecton)
|
|t:|1776033861
|teamsize|p1|6
|teamsize|p2|6
|start
|switch|p1a: Quaquaval|Quaquaval, M|100/100
|switch|p2a: Pecharunt|Pecharunt|100/100
|turn|1
|
|t:|1776033869
|switch|p1a: Hatterene|Hatterene, F|100/100
|move|p2a: Pecharunt|Malignant Chain|p1a: Hatterene
|-supereffective|p1a: Hatterene
|-damage|p1a: Hatterene|37/100
|-enditem|p1a: Hatterene|Red Card|[of] p2a: Pecharunt
|drag|p2a: Kyurem|Kyurem|100/100
|-ability|p2a: Kyurem|Pressure
|
|upkeep
|turn|2
|
|t:|1776033880
|move|p2a: Kyurem|Freeze-Dry|p1a: Hatterene
|-damage|p1a: Hatterene|0 fnt
|faint|p1a: Hatterene
|
|upkeep
|
|t:|1776033886
|switch|p1a: Hitmonchan|Hitmonchan, M|100/100
|turn|3
|
|t:|1776033890
|switch|p2a: Pecharunt|Pecharunt|100/100
|move|p1a: Hitmonchan|Earthquake|p2a: Pecharunt
|-supereffective|p2a: Pecharunt
|-damage|p2a: Pecharunt|59/100
|-damage|p1a: Hitmonchan|91/100|[from] item: Life Orb
|
|upkeep
|turn|4
|
|t:|1776033900
|move|p2a: Pecharunt|Recover|p2a: Pecharunt
|-heal|p2a: Pecharunt|100/100
|move|p1a: Hitmonchan|Earthquake|p2a: Pecharunt
|-supereffective|p2a: Pecharunt
|-damage|p2a: Pecharunt|59/100
|-damage|p1a: Hitmonchan|81/100|[from] item: Life Orb
|
|upkeep
|turn|5
|
|t:|1776033908
|switch|p1a: Ursaluna|Ursaluna, F|100/100
|move|p2a: Pecharunt|Parting Shot|p1a: Ursaluna
|-unboost|p1a: Ursaluna|atk|1
|-unboost|p1a: Ursaluna|spa|1
|
|t:|1776033910
|switch|p2a: Ogerpon|Ogerpon-Wellspring, F|100/100|[from] Parting Shot
|
|upkeep
|turn|6
|
|t:|1776033930
|switch|p1a: Kingdra|Kingdra, M|100/100
|move|p2a: Ogerpon|Ivy Cudgel|p1a: Kingdra|[anim] Ivy Cudgel Water
|-resisted|p1a: Kingdra
|-damage|p1a: Kingdra|83/100
|
|upkeep
|turn|7
|
|t:|1776033938
|move|p2a: Ogerpon|Knock Off|p1a: Kingdra
|-damage|p1a: Kingdra|36/100
|-enditem|p1a: Kingdra|Scope Lens|[from] move: Knock Off|[of] p2a: Ogerpon
|move|p1a: Kingdra|Icy Wind|p2a: Ogerpon
|-crit|p2a: Ogerpon
|-damage|p2a: Ogerpon|64/100
|-unboost|p2a: Ogerpon|spe|1
|
|upkeep
|turn|8
|
|t:|1776033948
|switch|p2a: Kyurem|Kyurem|100/100
|-ability|p2a: Kyurem|Pressure
|move|p1a: Kingdra|Icy Wind|p2a: Kyurem
|-damage|p2a: Kyurem|87/100
|-unboost|p2a: Kyurem|spe|1
|
|upkeep
|turn|9
|
|t:|1776033957
|move|p2a: Kyurem|Freeze-Dry|p1a: Kingdra
|-supereffective|p1a: Kingdra
|-damage|p1a: Kingdra|0 fnt
|faint|p1a: Kingdra
|
|upkeep
|
|t:|1776033965
|switch|p1a: Hitmonchan|Hitmonchan, M|81/100
|turn|10
|
|t:|1776033970
|switch|p2a: Pecharunt|Pecharunt|59/100
|move|p1a: Hitmonchan|Ice Punch|p2a: Pecharunt
|-damage|p2a: Pecharunt|40/100
|-damage|p1a: Hitmonchan|64/100|[from] item: Rocky Helmet|[of] p2a: Pecharunt
|-damage|p1a: Hitmonchan|54/100|[from] item: Life Orb
|
|upkeep
|turn|11
|
|t:|1776033979
|move|p2a: Pecharunt|Recover|p2a: Pecharunt
|-heal|p2a: Pecharunt|90/100
|move|p1a: Hitmonchan|Earthquake|p2a: Pecharunt
|-supereffective|p2a: Pecharunt
|-damage|p2a: Pecharunt|45/100
|-damage|p1a: Hitmonchan|44/100|[from] item: Life Orb
|
|upkeep
|turn|12
|
|t:|1776033987
|switch|p1a: Drifblim|Drifblim, F|100/100
|move|p2a: Pecharunt|Parting Shot|p1a: Drifblim
|-unboost|p1a: Drifblim|atk|1
|-unboost|p1a: Drifblim|spa|1
|
|t:|1776033993
|switch|p2a: Ogerpon|Ogerpon-Wellspring, F|64/100|[from] Parting Shot
|
|-status|p1a: Drifblim|brn|[from] item: Flame Orb
|upkeep
|turn|13
|
|t:|1776033999
|move|p2a: Ogerpon|Knock Off|p1a: Drifblim
|-supereffective|p1a: Drifblim
|-crit|p1a: Drifblim
|-damage|p1a: Drifblim|0 fnt
|-enditem|p1a: Drifblim|Flame Orb|[from] move: Knock Off|[of] p2a: Ogerpon
|faint|p1a: Drifblim
|
|upkeep
|
|t:|1776034012
|switch|p1a: Hitmonchan|Hitmonchan, M|44/100
|turn|14
|
|t:|1776034016
|move|p2a: Ogerpon|Ivy Cudgel|p1a: Hitmonchan|[anim] Ivy Cudgel Water
|-damage|p1a: Hitmonchan|0 fnt
|faint|p1a: Hitmonchan
|
|upkeep
|-message|GoGlennCoco95 forfeited.
|
|win|ahorasisupecton
|raw|GoGlennCoco95's rating: 1121 &rarr; <strong>1097</strong><br />(-24 for losing)
|raw|ahorasisupecton's rating: 1136 &rarr; <strong>1160</strong><br />(+24 for winning)
|l|☆GoGlennCoco95
|player|p1|
|l|☆ahorasisupecton
|player|p2|
