|html|<div class="broadcast-blue"><strong>[Gen 9] OU is currently suspecting Tera Blast! For information on how to participate check out the <a href="https://www.smogon.com/tools/suspects/view/200">suspect thread</a>.</strong></div>
|j|☆firmamentbobert
|j|☆Shoven
|t:|1776105270
|gametype|singles
|player|p1|firmamentbobert|li|1374
|player|p2|Shoven|palmer|1316
|gen|9
|tier|[Gen 9] OU
|rated|
|rule|HP Percentage Mod: HP is shown in percentages
|rule|Endless Battle Clause: Forcing endless battles is banned
|rule|Species Clause: Limit one of each Pokémon
|rule|OHKO Clause: OHKO moves are banned
|rule|Evasion Items Clause: Evasion items are banned
|rule|Evasion Moves Clause: Evasion moves are banned
|rule|Evasion Abilities Clause: Evasion abilities are banned
|rule|Sleep Moves Clause: Sleep-inducing moves are banned
|clearpoke
|poke|p1|Dragapult, F|
|poke|p1|Dragonite, M|
|poke|p1|Iron Treads|
|poke|p1|Moltres|
|poke|p1|Kyurem|
|poke|p1|Magnezone|
|poke|p2|Politoed, M|
|poke|p2|Barraskewda, M|
|poke|p2|Raikou|
|poke|p2|Toxicroak, M|
|poke|p2|Moltres|
|poke|p2|Tatsugiri, F|
|teampreview
|inactive|Battle timer is ON: inactive players will automatically lose when time's up. (requested by Shoven)
|inactive|Shoven has 120 seconds left.
|
|t:|1776105323
|teamsize|p1|6
|teamsize|p2|6
|start
|switch|p1a: Magnezone|Magnezone|100/100
|switch|p2a: Politoed|Politoed, M|100/100
|-weather|RainDance|[from] ability: Drizzle|[of] p2a: Politoed
|turn|1
|
|t:|1776105331
|switch|p2a: Tatsugiri|Tatsugiri, F|100/100
|move|p1a: Magnezone|Volt Switch|p2a: Tatsugiri
|-damage|p2a: Tatsugiri|59/100
|
|t:|1776105338
|switch|p1a: Dragapult|Dragapult, F|100/100|[from] Volt Switch
|
|-weather|RainDance|[upkeep]
|upkeep
|turn|2
|
|t:|1776105353
|switch|p2a: Politoed|Politoed, M|100/100
|move|p1a: Dragapult|Dragon Darts|p2a: Politoed
|-damage|p2a: Politoed|78/100
|-anim|p1a: Dragapult|Dragon Darts|p2a: Politoed
|-damage|p2a: Politoed|54/100
|
|-weather|RainDance|[upkeep]
|upkeep
|turn|3
|inactive|Shoven has 120 seconds left.
|
|t:|1776105384
|move|p1a: Dragapult|Dragon Dance|p1a: Dragapult
|-boost|p1a: Dragapult|atk|1
|-boost|p1a: Dragapult|spe|1
|move|p2a: Politoed|Ice Beam|p1a: Dragapult
|-supereffective|p1a: Dragapult
|-damage|p1a: Dragapult|50/100
|
|-weather|RainDance|[upkeep]
|upkeep
|turn|4
|inactive|Shoven has 120 seconds left.
|
|t:|1776105397
|move|p1a: Dragapult|Dragon Darts|p2a: Politoed
|-damage|p2a: Politoed|23/100
|-anim|p1a: Dragapult|Dragon Darts|p2a: Politoed
|-damage|p2a: Politoed|0 fnt
|faint|p2a: Politoed
|
|-weather|RainDance|[upkeep]
|upkeep
|inactive|Shoven has 120 seconds left.
|
|t:|1776105406
|switch|p2a: Barraskewda|Barraskewda, M|100/100
|turn|5
|
|t:|1776105413
|move|p2a: Barraskewda|Ice Fang|p1a: Dragapult
|-supereffective|p1a: Dragapult
|-damage|p1a: Dragapult|0 fnt
|faint|p1a: Dragapult
|
|-weather|RainDance|[upkeep]
|upkeep
|
|t:|1776105416
|switch|p1a: Kyurem|Kyurem|100/100
|-ability|p1a: Kyurem|Pressure
|turn|6
|
|t:|1776105427
|move|p2a: Barraskewda|Close Combat|p1a: Kyurem
|-supereffective|p1a: Kyurem
|-damage|p1a: Kyurem|0 fnt
|-unboost|p2a: Barraskewda|def|1
|-unboost|p2a: Barraskewda|spd|1
|faint|p1a: Kyurem
|
|-weather|RainDance|[upkeep]
|upkeep
|inactive|firmamentbobert has 120 seconds left.
|
|t:|1776105470
|switch|p1a: Dragonite|Dragonite, M|100/100
|turn|7
|
|t:|1776105474
|switch|p2a: Moltres|Moltres|100/100
|move|p1a: Dragonite|Dragon Dance|p1a: Dragonite
|-boost|p1a: Dragonite|atk|1
|-boost|p1a: Dragonite|spe|1
|
|-weather|RainDance|[upkeep]
|upkeep
|turn|8
|
|t:|1776105484
|switch|p1a: Magnezone|Magnezone|100/100
|move|p2a: Moltres|Will-O-Wisp|p1a: Magnezone
|-status|p1a: Magnezone|brn
|
|-weather|none
|-damage|p1a: Magnezone|94/100 brn|[from] brn
|upkeep
|turn|9
|
|t:|1776105494
|move|p2a: Moltres|Scorching Sands|p1a: Magnezone
|-supereffective|p1a: Magnezone
|-damage|p1a: Magnezone|18/100 brn
|move|p1a: Magnezone|Volt Switch|p2a: Moltres
|-supereffective|p2a: Moltres
|-damage|p2a: Moltres|25/100
|
|t:|1776105499
|switch|p1a: Iron Treads|Iron Treads|100/100|[from] Volt Switch
|
|upkeep
|turn|10
|
|t:|1776105513
|move|p1a: Iron Treads|Knock Off|p2a: Moltres
|-damage|p2a: Moltres|0 fnt
|-enditem|p2a: Moltres|Heavy-Duty Boots|[from] move: Knock Off|[of] p1a: Iron Treads
|faint|p2a: Moltres
|
|upkeep
|
|t:|1776105523
|switch|p2a: Barraskewda|Barraskewda, M|100/100
|turn|11
|
|t:|1776105529
|move|p2a: Barraskewda|Liquidation|p1a: Iron Treads
|-supereffective|p1a: Iron Treads
|-damage|p1a: Iron Treads|18/100
|move|p1a: Iron Treads|Stealth Rock|p2a: Barraskewda
|-sidestart|p2: Shoven|move: Stealth Rock
|
|-heal|p1a: Iron Treads|24/100|[from] item: Leftovers
|upkeep
|turn|12
|
|t:|1776105539
|move|p2a: Barraskewda|Liquidation|p1a: Iron Treads
|-supereffective|p1a: Iron Treads
|-damage|p1a: Iron Treads|0 fnt
|faint|p1a: Iron Treads
|-end|p1a: Iron Treads|Quark Drive|[silent]
|
|upkeep
|
|t:|1776105545
|switch|p1a: Moltres|Moltres|100/100
|turn|13
|
|t:|1776105549
|move|p2a: Barraskewda|Liquidation|p1a: Moltres
|-supereffective|p1a: Moltres
|-damage|p1a: Moltres|17/100
|-status|p2a: Barraskewda|brn|[from] ability: Flame Body|[of] p1a: Moltres
|move|p1a: Moltres|Will-O-Wisp|p2a: Barraskewda
|-fail|p2a: Barraskewda|brn
|
|-damage|p2a: Barraskewda|94/100 brn|[from] brn
|upkeep
|turn|14
|
|t:|1776105561
|move|p2a: Barraskewda|Ice Fang|p1a: Moltres
|-damage|p1a: Moltres|9/100
|cant|p1a: Moltres|flinch
|
|-damage|p2a: Barraskewda|88/100 brn|[from] brn
|upkeep
|turn|15
|
|t:|1776105569
|move|p2a: Barraskewda|Liquidation|p1a: Moltres
|-supereffective|p1a: Moltres
|-damage|p1a: Moltres|0 fnt
|faint|p1a: Moltres
|
|-damage|p2a: Barraskewda|82/100 brn|[from] brn
|upkeep
|
|t:|1776105572
|switch|p1a: Dragonite|Dragonite, M|100/100
|turn|16
|
|t:|1776105579
|move|p2a: Barraskewda|Ice Fang|p1a: Dragonite
|-supereffective|p1a: Dragonite
|-damage|p1a: Dragonite|68/100
|move|p1a: Dragonite|Dragon Dance|p1a: Dragonite
|-boost|p1a: Dragonite|atk|1
|-boost|p1a: Dragonite|spe|1
|
|-damage|p2a: Barraskewda|76/100 brn|[from] brn
|upkeep
|turn|17
|
|t:|1776105596
|-terastallize|p1a: Dragonite|Flying
|move|p1a: Dragonite|Dragon Dance|p1a: Dragonite
|-boost|p1a: Dragonite|atk|1
|-boost|p1a: Dragonite|spe|1
|move|p2a: Barraskewda|Ice Fang|p1a: Dragonite
|-supereffective|p1a: Dragonite
|-damage|p1a: Dragonite|36/100
|
|-damage|p2a: Barraskewda|70/100 brn|[from] brn
|upkeep
|turn|18
|
|t:|1776105611
|move|p1a: Dragonite|Earthquake|p2a: Barraskewda
|-damage|p2a: Barraskewda|0 fnt
|faint|p2a: Barraskewda
|
|upkeep
|
|t:|1776105618
|switch|p2a: Toxicroak|Toxicroak, M|100/100
|-damage|p2a: Toxicroak|94/100|[from] Stealth Rock
|turn|19
|
|t:|1776105622
|-terastallize|p2a: Toxicroak|Dark
|move|p2a: Toxicroak|Sucker Punch|p1a: Dragonite
|-damage|p1a: Dragonite|0 fnt
|faint|p1a: Dragonite
|
|upkeep
|-message|firmamentbobert forfeited.
|
|win|Shoven
|raw|firmamentbobert's rating: 1374 &rarr; <strong>1351</strong><br />(-23 for losing)
|raw|Shoven's rating: 1316 &rarr; <strong>1339</strong><br />(+23 for winning)
|l|☆firmamentbobert
|player|p1|
|l|☆Shoven
|player|p2|
