|html|<div class="broadcast-blue"><strong>[Gen 9] OU is currently suspecting Tera Blast! For information on how to participate check out the <a href="https://www.smogon.com/tools/suspects/view/200">suspect thread</a>.</strong></div>
|j|☆KingKaido65
|j|☆sv gurt
|t:|1776035164
|gametype|singles
|player|p1|KingKaido65|dragontamer-gen6|1858
|player|p2|sv gurt|bugsy-masters|1833
|gen|9
|tier|[Gen 9] OU
|rated|
|rule|HP Percentage Mod: HP is shown in percentages
|rule|Endless Battle Clause: Forcing endless battles is banned
|rule|Species Clause: Limit one of each Pokémon
|rule|OHKO Clause: OHKO moves are banned
|rule|Evasion Items Clause: Evasion items are banned
|rule|Evasion Moves Clause: Evasion moves are banned
|rule|Evasion Abilities Clause: Evasion abilities are banned
|rule|Sleep Moves Clause: Sleep-inducing moves are banned
|clearpoke
|poke|p1|Primarina, F|
|poke|p1|Dragapult, M|
|poke|p1|Garganacl, F|
|poke|p1|Kingambit, M|
|poke|p1|Zapdos|
|poke|p1|Iron Treads|
|poke|p2|Cinderace, M|
|poke|p2|Great Tusk|
|poke|p2|Enamorus, F|
|poke|p2|Weavile, F|
|poke|p2|Tinkaton, F|
|poke|p2|Thundurus-Therian, M|
|teampreview
|inactive|Battle timer is ON: inactive players will automatically lose when time's up. (requested by KingKaido65)
|j| ohko_smeargle
|
|t:|1776035174
|teamsize|p1|6
|teamsize|p2|6
|start
|switch|p1a: Warai JOGO|Garganacl, F|100/100
|switch|p2a: FALLIN OUT?!|Cinderace, M|100/100
|turn|1
|
|t:|1776035180
|switch|p1a: Gundari Ryuseigun|Dragapult, M|100/100
|move|p2a: FALLIN OUT?!|Swords Dance|p2a: FALLIN OUT?!
|-boost|p2a: FALLIN OUT?!|atk|2
|
|upkeep
|turn|2
|
|t:|1776035190
|move|p1a: Gundari Ryuseigun|Sucker Punch|p2a: FALLIN OUT?!
|-damage|p2a: FALLIN OUT?!|43/100
|move|p2a: FALLIN OUT?!|Pyro Ball|p1a: Gundari Ryuseigun|[miss]
|-miss|p2a: FALLIN OUT?!|p1a: Gundari Ryuseigun
|
|upkeep
|turn|3
|j| Seraphim752
|inactive|sv gurt has 120 seconds left.
|
|t:|1776035221
|move|p1a: Gundari Ryuseigun|Sucker Punch||[still]
|-fail|p1a: Gundari Ryuseigun
|move|p2a: FALLIN OUT?!|Substitute|p2a: FALLIN OUT?!
|-start|p2a: FALLIN OUT?!|Substitute
|-damage|p2a: FALLIN OUT?!|18/100
|
|upkeep
|turn|4
|
|t:|1776035229
|move|p1a: Gundari Ryuseigun|Sucker Punch||[still]
|-fail|p1a: Gundari Ryuseigun
|move|p2a: FALLIN OUT?!|Swords Dance|p2a: FALLIN OUT?!
|-boost|p2a: FALLIN OUT?!|atk|2
|
|upkeep
|turn|5
|
|t:|1776035231
|switch|p1a: Flirty Drunk|Primarina, F|100/100
|move|p2a: FALLIN OUT?!|Swords Dance|p2a: FALLIN OUT?!
|-boost|p2a: FALLIN OUT?!|atk|2
|
|upkeep
|turn|6
|
|t:|1776035233
|move|p2a: FALLIN OUT?!|Pyro Ball|p1a: Flirty Drunk
|-resisted|p1a: Flirty Drunk
|-damage|p1a: Flirty Drunk|0 fnt
|faint|p1a: Flirty Drunk
|
|upkeep
|
|t:|1776035237
|switch|p1a: Gundari Ryuseigun|Dragapult, M|100/100
|turn|7
|
|t:|1776035239
|move|p1a: Gundari Ryuseigun|Dragon Darts|p2a: FALLIN OUT?!
|-end|p2a: FALLIN OUT?!|Substitute
|-anim|p1a: Gundari Ryuseigun|Dragon Darts|p2a: FALLIN OUT?!
|-damage|p2a: FALLIN OUT?!|0 fnt
|faint|p2a: FALLIN OUT?!
|
|upkeep
|
|t:|1776035249
|switch|p2a: CROSS MY HEART|Great Tusk|100/100
|-enditem|p2a: CROSS MY HEART|Booster Energy
|-activate|p2a: CROSS MY HEART|ability: Protosynthesis|[fromitem]
|-start|p2a: CROSS MY HEART|protosynthesisatk
|turn|8
|
|t:|1776035255
|move|p1a: Gundari Ryuseigun|Dragon Darts|p2a: CROSS MY HEART
|-damage|p2a: CROSS MY HEART|70/100
|-anim|p1a: Gundari Ryuseigun|Dragon Darts|p2a: CROSS MY HEART
|-damage|p2a: CROSS MY HEART|40/100
|move|p2a: CROSS MY HEART|Ice Spinner|p1a: Gundari Ryuseigun
|-supereffective|p1a: Gundari Ryuseigun
|-damage|p1a: Gundari Ryuseigun|2/100
|
|upkeep
|turn|9
|inactive|sv gurt has 120 seconds left.
|
|t:|1776035290
|-end|p2a: CROSS MY HEART|Protosynthesis|[silent]
|switch|p2a: PRESSUREPOINTS|Enamorus, F|100/100
|move|p1a: Gundari Ryuseigun|Dragon Darts|p2a: PRESSUREPOINTS
|-immune|p2a: PRESSUREPOINTS
|
|upkeep
|turn|10
|
|t:|1776035298
|move|p2a: PRESSUREPOINTS|Moonblast|p1a: Gundari Ryuseigun
|-supereffective|p1a: Gundari Ryuseigun
|-damage|p1a: Gundari Ryuseigun|0 fnt
|faint|p1a: Gundari Ryuseigun
|
|upkeep
|
|t:|1776035299
|switch|p1a: Warai JOGO|Garganacl, F|100/100
|turn|11
|
|t:|1776035322
|switch|p2a: CROSS MY HEART|Great Tusk|40/100
|move|p1a: Warai JOGO|Salt Cure|p2a: CROSS MY HEART
|-resisted|p2a: CROSS MY HEART
|-damage|p2a: CROSS MY HEART|37/100
|-start|p2a: CROSS MY HEART|Salt Cure
|
|-damage|p2a: CROSS MY HEART|25/100|[from] Salt Cure
|upkeep
|turn|12
|
|t:|1776035326
|-end|p2a: CROSS MY HEART|Protosynthesis|[silent]
|switch|p2a: WINNING!|Tinkaton, F|100/100
|-ability|p2a: WINNING!|Mold Breaker
|-item|p2a: WINNING!|Air Balloon
|switch|p1a: Laughing Drunk|Zapdos|100/100
|
|upkeep
|turn|13
|
|t:|1776035348
|move|p2a: WINNING!|Knock Off|p1a: Laughing Drunk
|-damage|p1a: Laughing Drunk|88/100
|-enditem|p1a: Laughing Drunk|Heavy-Duty Boots|[from] move: Knock Off|[of] p2a: WINNING!
|move|p1a: Laughing Drunk|Heat Wave|p2a: WINNING!
|-supereffective|p2a: WINNING!
|-damage|p2a: WINNING!|56/100
|-enditem|p2a: WINNING!|Air Balloon
|
|upkeep
|turn|14
|
|t:|1776035352
|switch|p2a: WHATCOULDGOWRONG|Thundurus-Therian, M|100/100
|move|p1a: Laughing Drunk|Heat Wave|p2a: WHATCOULDGOWRONG
|-damage|p2a: WHATCOULDGOWRONG|64/100
|
|-heal|p2a: WHATCOULDGOWRONG|70/100|[from] item: Leftovers
|upkeep
|turn|15
|
|t:|1776035359
|switch|p1a: Warai JOGO|Garganacl, F|100/100
|move|p2a: WHATCOULDGOWRONG|Thunderbolt|p1a: Warai JOGO
|-damage|p1a: Warai JOGO|70/100
|
|-heal|p2a: WHATCOULDGOWRONG|76/100|[from] item: Leftovers
|-heal|p1a: Warai JOGO|76/100|[from] item: Leftovers
|upkeep
|turn|16
|
|t:|1776035378
|move|p2a: WHATCOULDGOWRONG|Thunderbolt|p1a: Warai JOGO
|-damage|p1a: Warai JOGO|44/100
|move|p1a: Warai JOGO|Salt Cure|p2a: WHATCOULDGOWRONG
|-supereffective|p2a: WHATCOULDGOWRONG
|-damage|p2a: WHATCOULDGOWRONG|37/100
|-start|p2a: WHATCOULDGOWRONG|Salt Cure
|
|-heal|p2a: WHATCOULDGOWRONG|43/100|[from] item: Leftovers
|-heal|p1a: Warai JOGO|50/100|[from] item: Leftovers
|-damage|p2a: WHATCOULDGOWRONG|31/100|[from] Salt Cure
|upkeep
|turn|17
|
|t:|1776035382
|move|p2a: WHATCOULDGOWRONG|Taunt|p1a: Warai JOGO
|-start|p1a: Warai JOGO|move: Taunt
|cant|p1a: Warai JOGO|move: Taunt|Recover
|
|-heal|p2a: WHATCOULDGOWRONG|37/100|[from] item: Leftovers
|-heal|p1a: Warai JOGO|56/100|[from] item: Leftovers
|-damage|p2a: WHATCOULDGOWRONG|25/100|[from] Salt Cure
|upkeep
|turn|18
|
|t:|1776035385
|switch|p1a: Raging Drunk|Iron Treads|100/100
|move|p2a: WHATCOULDGOWRONG|Thunderbolt|p1a: Raging Drunk
|-immune|p1a: Raging Drunk
|
|-heal|p2a: WHATCOULDGOWRONG|31/100|[from] item: Leftovers
|-damage|p2a: WHATCOULDGOWRONG|18/100|[from] Salt Cure
|upkeep
|turn|19
|
|t:|1776035389
|switch|p2a: CROSS MY HEART|Great Tusk|25/100
|move|p1a: Raging Drunk|Stealth Rock|p2a: CROSS MY HEART
|-sidestart|p2: sv gurt|move: Stealth Rock
|
|upkeep
|turn|20
|
|t:|1776035391
|move|p1a: Raging Drunk|Earth Power|p2a: CROSS MY HEART
|-damage|p2a: CROSS MY HEART|0 fnt
|faint|p2a: CROSS MY HEART
|-end|p2a: CROSS MY HEART|Protosynthesis|[silent]
|
|upkeep
|
|t:|1776035394
|switch|p2a: ILOVEIT!|Weavile, F|100/100
|-damage|p2a: ILOVEIT!|76/100|[from] Stealth Rock
|turn|21
|
|t:|1776035401
|-end|p1a: Raging Drunk|Quark Drive|[silent]
|switch|p1a: Laughing Drunk|Zapdos|88/100
|move|p2a: ILOVEIT!|Swords Dance|p2a: ILOVEIT!
|-boost|p2a: ILOVEIT!|atk|2
|
|upkeep
|turn|22
|
|t:|1776035405
|move|p2a: ILOVEIT!|Triple Axel|p1a: Laughing Drunk
|-supereffective|p1a: Laughing Drunk
|-damage|p1a: Laughing Drunk|51/100
|-status|p2a: ILOVEIT!|par|[from] ability: Static|[of] p1a: Laughing Drunk
|-supereffective|p1a: Laughing Drunk
|-crit|p1a: Laughing Drunk
|-damage|p1a: Laughing Drunk|0 fnt
|faint|p1a: Laughing Drunk
|-hitcount|p1: Laughing Drunk|2
|-damage|p2a: ILOVEIT!|66/100 par|[from] item: Life Orb
|
|upkeep
|
|t:|1776035409
|switch|p1a: Kingambit|Kingambit, M|100/100
|-activate|p1a: Kingambit|ability: Supreme Overlord
|-start|p1a: Kingambit|fallen3|[silent]
|turn|23
|
|t:|1776035411
|move|p1a: Kingambit|Iron Head|p2a: ILOVEIT!
|-supereffective|p2a: ILOVEIT!
|-damage|p2a: ILOVEIT!|0 fnt
|faint|p2a: ILOVEIT!
|
|upkeep
|
|t:|1776035417
|switch|p2a: PRESSUREPOINTS|Enamorus, F|100/100
|-damage|p2a: PRESSUREPOINTS|76/100|[from] Stealth Rock
|turn|24
|
|t:|1776035419
|move|p2a: PRESSUREPOINTS|Earth Power|p1a: Kingambit
|-supereffective|p1a: Kingambit
|-damage|p1a: Kingambit|30/100
|move|p1a: Kingambit|Iron Head|p2a: PRESSUREPOINTS
|-supereffective|p2a: PRESSUREPOINTS
|-damage|p2a: PRESSUREPOINTS|0 fnt
|faint|p2a: PRESSUREPOINTS
|
|-heal|p1a: Kingambit|36/100|[from] item: Leftovers
|upkeep
|-message|sv gurt forfeited.
|
|win|KingKaido65
|raw|KingKaido65's rating: 1858 &rarr; <strong>1878</strong><br />(+20 for winning)
|raw|sv gurt's rating: 1852 &rarr; <strong>1832</strong><br />(-20 for losing)
|l|☆sv gurt
|player|p2|
|l| ohko_smeargle
|l| Seraphim752
