|html|<div class="broadcast-blue"><strong>[Gen 9] OU is currently suspecting Tera Blast! For information on how to participate check out the <a href="https://www.smogon.com/tools/suspects/view/200">suspect thread</a>.</strong></div>
|j|☆Kochu_shak
|j|☆magikarp soup
|t:|1776164872
|gametype|singles
|player|p1|Kochu_shak|morty-masters2|1667
|player|p2|magikarp soup|medium|1765
|gen|9
|tier|[Gen 9] OU
|rated|
|rule|HP Percentage Mod: HP is shown in percentages
|rule|Endless Battle Clause: Forcing endless battles is banned
|rule|Species Clause: Limit one of each Pokémon
|rule|OHKO Clause: OHKO moves are banned
|rule|Evasion Items Clause: Evasion items are banned
|rule|Evasion Moves Clause: Evasion moves are banned
|rule|Evasion Abilities Clause: Evasion abilities are banned
|rule|Sleep Moves Clause: Sleep-inducing moves are banned
|clearpoke
|poke|p1|Araquanid, F|
|poke|p1|Gholdengo|
|poke|p1|Iron Moth|
|poke|p1|Iron Valiant|
|poke|p1|Raging Bolt|
|poke|p1|Kingambit, F|
|poke|p2|Torkoal, F|
|poke|p2|Charizard, M|
|poke|p2|Venusaur, M|
|poke|p2|Slither Wing|
|poke|p2|Great Tusk|
|poke|p2|Alomomola, M|
|teampreview
|inactive|Battle timer is ON: inactive players will automatically lose when time's up. (requested by Kochu_shak)
|j| ohko_smeargle
|inactive|magikarp soup has 120 seconds left.
|inactive|Kochu_shak has 120 seconds left.
|
|t:|1776164931
|teamsize|p1|6
|teamsize|p2|6
|start
|switch|p1a: QUIL|Araquanid, F|100/100
|switch|p2a: Torkoal|Torkoal, F|100/100
|-weather|SunnyDay|[from] ability: Drought|[of] p2a: Torkoal
|turn|1
|
|t:|1776164947
|move|p1a: QUIL|Sticky Web|p2a: Torkoal
|-sidestart|p2: magikarp soup|move: Sticky Web
|move|p2a: Torkoal|Stealth Rock|p1a: QUIL
|-sidestart|p1: Kochu_shak|move: Stealth Rock
|
|-weather|SunnyDay|[upkeep]
|upkeep
|turn|2
|inactive|magikarp soup has 120 seconds left.
|j| coala rei
|c|☆Kochu_shak|Fast
|inactive|magikarp soup has 90 seconds left.
|
|t:|1776165024
|move|p1a: QUIL|Surf|p2a: Torkoal
|-supereffective|p2a: Torkoal
|-damage|p2a: Torkoal|66/100
|move|p2a: Torkoal|Rapid Spin|p1a: QUIL
|-crit|p1a: QUIL
|-damage|p1a: QUIL|87/100
|-boost|p2a: Torkoal|spe|1
|-sideend|p2: magikarp soup|Sticky Web|[from] move: Rapid Spin|[of] p2a: Torkoal
|
|-weather|SunnyDay|[upkeep]
|upkeep
|turn|3
|j| Ctannn
|
|t:|1776165031
|switch|p2a: Venusaur|Venusaur, M|100/100
|move|p1a: QUIL|Sticky Web|p2a: Venusaur
|-sidestart|p2: magikarp soup|move: Sticky Web
|
|-weather|SunnyDay|[upkeep]
|upkeep
|turn|4
|inactive|magikarp soup has 90 seconds left.
|
|t:|1776165042
|move|p2a: Venusaur|Growth|p2a: Venusaur
|-boost|p2a: Venusaur|atk|2
|-boost|p2a: Venusaur|spa|2
|move|p1a: QUIL|Sticky Web||[still]
|-fail|p1a: QUIL
|
|-weather|SunnyDay|[upkeep]
|upkeep
|turn|5
|j| AmoghOp
|
|t:|1776165071
|move|p2a: Venusaur|Growth|p2a: Venusaur
|-boost|p2a: Venusaur|atk|2
|-boost|p2a: Venusaur|spa|2
|move|p1a: QUIL|Lunge|p2a: Venusaur
|-damage|p2a: Venusaur|75/100
|-unboost|p2a: Venusaur|atk|1
|
|-weather|SunnyDay|[upkeep]
|upkeep
|turn|6
|inactive|magikarp soup has 90 seconds left.
|n| graylv|graylv
|
|t:|1776165106
|move|p2a: Venusaur|Giga Drain|p1a: QUIL
|-damage|p1a: QUIL|0 fnt
|-heal|p2a: Venusaur|100/100|[from] drain|[of] p1a: QUIL
|faint|p1a: QUIL
|-damage|p2a: Venusaur|91/100|[from] item: Life Orb
|
|-weather|SunnyDay|[upkeep]
|upkeep
|j| mrkillurpokes
|
|t:|1776165116
|switch|p1a: CALA|Iron Moth|100/100
|-damage|p1a: CALA|76/100|[from] Stealth Rock
|-enditem|p1a: CALA|Booster Energy
|-activate|p1a: CALA|ability: Quark Drive|[fromitem]
|-start|p1a: CALA|quarkdrivespa
|turn|7
|
|t:|1776165141
|move|p2a: Venusaur|Earth Power|p1a: CALA
|-supereffective|p1a: CALA
|-damage|p1a: CALA|0 fnt
|faint|p1a: CALA
|-end|p1a: CALA|Quark Drive|[silent]
|-damage|p2a: Venusaur|81/100|[from] item: Life Orb
|
|-weather|SunnyDay|[upkeep]
|upkeep
|inactive|Kochu_shak has 120 seconds left.
|
|t:|1776165172
|switch|p1a: DELI|Raging Bolt|100/100
|-damage|p1a: DELI|88/100|[from] Stealth Rock
|-activate|p1a: DELI|ability: Protosynthesis
|-start|p1a: DELI|protosynthesisspa
|turn|8
|l| mrkillurpokes
|
|t:|1776165185
|-end|p1a: DELI|Protosynthesis|[silent]
|switch|p1a: TREE?|Gholdengo|100/100
|-damage|p1a: TREE?|94/100|[from] Stealth Rock
|-item|p1a: TREE?|Air Balloon
|move|p2a: Venusaur|Earth Power|p1a: TREE?
|-immune|p1a: TREE?
|
|-weather|none
|upkeep
|turn|9
|
|t:|1776165199
|move|p1a: TREE?|Psyshock|p2a: Venusaur
|-supereffective|p2a: Venusaur
|-damage|p2a: Venusaur|0 fnt
|faint|p2a: Venusaur
|
|upkeep
|
|t:|1776165205
|switch|p2a: Torkoal|Torkoal, F|66/100
|-activate|p2a: Torkoal|move: Sticky Web
|-unboost|p2a: Torkoal|spe|1
|-weather|SunnyDay|[from] ability: Drought|[of] p2a: Torkoal
|turn|10
|
|t:|1776165219
|move|p1a: TREE?|Nasty Plot|p1a: TREE?
|-boost|p1a: TREE?|spa|2
|move|p2a: Torkoal|Overheat|p1a: TREE?
|-supereffective|p1a: TREE?
|-damage|p1a: TREE?|0 fnt
|-unboost|p2a: Torkoal|spa|2
|-enditem|p1a: TREE?|Air Balloon
|faint|p1a: TREE?
|
|-weather|SunnyDay|[upkeep]
|upkeep
|
|t:|1776165224
|switch|p1a: DELI|Raging Bolt|88/100
|-damage|p1a: DELI|76/100|[from] Stealth Rock
|-activate|p1a: DELI|ability: Protosynthesis
|-start|p1a: DELI|protosynthesisspa
|turn|11
|inactive|magikarp soup has 90 seconds left.
|
|t:|1776165245
|switch|p2a: Slither Wing|Slither Wing|100/100
|-activate|p2a: Slither Wing|move: Sticky Web
|-unboost|p2a: Slither Wing|spe|1
|-activate|p2a: Slither Wing|ability: Protosynthesis
|-start|p2a: Slither Wing|protosynthesisspd
|move|p1a: DELI|Calm Mind|p1a: DELI
|-boost|p1a: DELI|spa|1
|-boost|p1a: DELI|spd|1
|
|-weather|SunnyDay|[upkeep]
|upkeep
|turn|12
|inactive|magikarp soup has 90 seconds left.
|
|t:|1776165254
|move|p1a: DELI|Dragon Pulse|p2a: Slither Wing
|-damage|p2a: Slither Wing|69/100
|move|p2a: Slither Wing|Earthquake|p1a: DELI
|-supereffective|p1a: DELI
|-damage|p1a: DELI|14/100
|
|-weather|SunnyDay|[upkeep]
|upkeep
|turn|13
|
|t:|1776165262
|move|p1a: DELI|Thunderbolt|p2a: Slither Wing
|-damage|p2a: Slither Wing|30/100
|move|p2a: Slither Wing|U-turn|p1a: DELI
|-damage|p1a: DELI|0 fnt
|faint|p1a: DELI
|-end|p1a: DELI|Protosynthesis|[silent]
|inactive|magikarp soup has 90 seconds left.
|
|t:|1776165278
|-end|p2a: Slither Wing|Protosynthesis|[silent]
|switch|p2a: Great Tusk|Great Tusk|100/100|[from] U-turn
|-activate|p2a: Great Tusk|move: Sticky Web
|-unboost|p2a: Great Tusk|spe|1
|-activate|p2a: Great Tusk|ability: Protosynthesis
|-start|p2a: Great Tusk|protosynthesisatk
|
|-weather|SunnyDay|[upkeep]
|upkeep
|
|t:|1776165283
|switch|p1a: QUZZ|Iron Valiant|100/100
|-damage|p1a: QUZZ|94/100|[from] Stealth Rock
|-enditem|p1a: QUZZ|Booster Energy
|-activate|p1a: QUZZ|ability: Quark Drive|[fromitem]
|-start|p1a: QUZZ|quarkdrivespa
|turn|14
|inactive|magikarp soup has 90 seconds left.
|
|t:|1776165301
|-terastallize|p2a: Great Tusk|Fire
|move|p1a: QUZZ|Calm Mind|p1a: QUZZ
|-boost|p1a: QUZZ|spa|1
|-boost|p1a: QUZZ|spd|1
|move|p2a: Great Tusk|Headlong Rush|p1a: QUZZ
|-damage|p1a: QUZZ|0 fnt
|-unboost|p2a: Great Tusk|def|1
|-unboost|p2a: Great Tusk|spd|1
|faint|p1a: QUZZ
|-end|p1a: QUZZ|Quark Drive|[silent]
|-damage|p2a: Great Tusk|91/100|[from] item: Life Orb
|
|-weather|SunnyDay|[upkeep]
|upkeep
|inactive|Kochu_shak has 120 seconds left.
|
|t:|1776165342
|switch|p1a: SUPA|Kingambit, F|100/100
|-damage|p1a: SUPA|94/100|[from] Stealth Rock
|-activate|p1a: SUPA|ability: Supreme Overlord
|-start|p1a: SUPA|fallen5|[silent]
|-item|p1a: SUPA|Air Balloon
|turn|15
|inactive|magikarp soup has 90 seconds left.
|
|t:|1776165360
|-terastallize|p1a: SUPA|Fire
|move|p1a: SUPA|Swords Dance|p1a: SUPA
|-boost|p1a: SUPA|atk|2
|move|p2a: Great Tusk|Headlong Rush|p1a: SUPA
|-immune|p1a: SUPA
|
|-weather|SunnyDay|[upkeep]
|upkeep
|turn|16
|
|t:|1776165363
|move|p1a: SUPA|Iron Head|p2a: Great Tusk
|-resisted|p2a: Great Tusk
|-damage|p2a: Great Tusk|23/100
|move|p2a: Great Tusk|Temper Flare|p1a: SUPA
|-resisted|p1a: SUPA
|-damage|p1a: SUPA|3/100
|-enditem|p1a: SUPA|Air Balloon
|-damage|p2a: Great Tusk|13/100|[from] item: Life Orb
|
|-weather|SunnyDay|[upkeep]
|upkeep
|turn|17
|inactive|Kochu_shak has 120 seconds left.
|
|t:|1776165370
|move|p1a: SUPA|Sucker Punch|p2a: Great Tusk
|-crit|p2a: Great Tusk
|-damage|p2a: Great Tusk|0 fnt
|faint|p2a: Great Tusk
|-end|p2a: Great Tusk|Protosynthesis|[silent]
|
|-weather|none
|upkeep
|
|t:|1776165373
|switch|p2a: Slither Wing|Slither Wing|30/100
|-activate|p2a: Slither Wing|move: Sticky Web
|-unboost|p2a: Slither Wing|spe|1
|turn|18
|
|t:|1776165376
|move|p2a: Slither Wing|First Impression|p1a: SUPA
|-resisted|p1a: SUPA
|-damage|p1a: SUPA|0 fnt
|faint|p1a: SUPA
|-end|p1a: SUPA|fallen5|[silent]
|
|win|magikarp soup
|raw|Kochu_shak's rating: 1653 &rarr; <strong>1639</strong><br />(-14 for losing)
|raw|magikarp soup's rating: 1765 &rarr; <strong>1779</strong><br />(+14 for winning)
|l| ohko_smeargle
|l| Ctannn
|j|+Disorient
