|html|<div class="broadcast-blue"><strong>[Gen 9] OU is currently suspecting Tera Blast! For information on how to participate check out the <a href="https://www.smogon.com/tools/suspects/view/200">suspect thread</a>.</strong></div>
|j|☆Dame123
|j|☆kjojon
|t:|1776052739
|gametype|singles
|player|p1|Dame123|169|1115
|player|p2|kjojon|brock|1082
|gen|9
|tier|[Gen 9] OU
|rated|
|rule|HP Percentage Mod: HP is shown in percentages
|rule|Endless Battle Clause: Forcing endless battles is banned
|rule|Species Clause: Limit one of each Pokémon
|rule|OHKO Clause: OHKO moves are banned
|rule|Evasion Items Clause: Evasion items are banned
|rule|Evasion Moves Clause: Evasion moves are banned
|rule|Evasion Abilities Clause: Evasion abilities are banned
|rule|Sleep Moves Clause: Sleep-inducing moves are banned
|clearpoke
|poke|p1|Garganacl, F|
|poke|p1|Serperior, M|
|poke|p1|Cloyster, M|
|poke|p1|Iron Treads|
|poke|p1|Gliscor, F|
|poke|p1|Zapdos|
|poke|p2|Gardevoir, F|
|poke|p2|Lurantis, F|
|poke|p2|Necrozma|
|poke|p2|Duraludon, M|
|poke|p2|Hitmontop, M|
|poke|p2|Porygon-Z|
|teampreview
|
|t:|1776052759
|teamsize|p1|6
|teamsize|p2|6
|start
|switch|p1a: Iron Treads|Iron Treads|100/100
|switch|p2a: PoyPee|Porygon-Z, shiny|100/100
|-enditem|p1a: Iron Treads|Booster Energy
|-activate|p1a: Iron Treads|ability: Quark Drive|[fromitem]
|-start|p1a: Iron Treads|quarkdriveatk
|turn|1
|
|t:|1776052768
|move|p1a: Iron Treads|Earthquake|p2a: PoyPee
|-damage|p2a: PoyPee|19/100
|-enditem|p2a: PoyPee|Salac Berry|[eat]
|-boost|p2a: PoyPee|spe|1|[from] item: Salac Berry
|move|p2a: PoyPee|Tri Attack|p1a: Iron Treads
|-resisted|p1a: Iron Treads
|-damage|p1a: Iron Treads|59/100
|
|upkeep
|turn|2
|
|t:|1776052779
|move|p2a: PoyPee|Tri Attack|p1a: Iron Treads
|-resisted|p1a: Iron Treads
|-damage|p1a: Iron Treads|14/100
|move|p1a: Iron Treads|Rapid Spin|p2a: PoyPee
|-crit|p2a: PoyPee
|-damage|p2a: PoyPee|0 fnt
|-boost|p1a: Iron Treads|spe|1
|faint|p2a: PoyPee
|
|upkeep
|
|t:|1776052786
|switch|p2a: Garfiel|Hitmontop, M|100/100
|turn|3
|
|t:|1776052798
|move|p2a: Garfiel|Mach Punch|p1a: Iron Treads
|-supereffective|p1a: Iron Treads
|-damage|p1a: Iron Treads|0 fnt
|faint|p1a: Iron Treads
|-end|p1a: Iron Treads|Quark Drive|[silent]
|
|upkeep
|
|t:|1776052804
|switch|p1a: Cloyster|Cloyster, M|100/100
|turn|4
|
|t:|1776052810
|-terastallize|p1a: Cloyster|Ghost
|move|p2a: Garfiel|Mach Punch|p1a: Cloyster
|-immune|p1a: Cloyster
|move|p1a: Cloyster|Shell Smash|p1a: Cloyster
|-unboost|p1a: Cloyster|def|1
|-unboost|p1a: Cloyster|spd|1
|-boost|p1a: Cloyster|atk|2
|-boost|p1a: Cloyster|spa|2
|-boost|p1a: Cloyster|spe|2
|
|upkeep
|turn|5
|
|t:|1776052825
|switch|p2a: Libra|Lurantis, F|100/100
|move|p1a: Cloyster|Icicle Spear|p2a: Libra
|-supereffective|p2a: Libra
|-damage|p2a: Libra|52/100
|-supereffective|p2a: Libra
|-damage|p2a: Libra|3/100
|-supereffective|p2a: Libra
|-damage|p2a: Libra|0 fnt
|faint|p2a: Libra
|-hitcount|p2: Libra|3
|
|upkeep
|inactive|Battle timer is ON: inactive players will automatically lose when time's up. (requested by Dame123)
|
|t:|1776052844
|switch|p2a: Babylon|Duraludon, M, shiny|100/100
|turn|6
|
|t:|1776052855
|move|p1a: Cloyster|Icicle Spear|p2a: Babylon
|-damage|p2a: Babylon|87/100
|-damage|p2a: Babylon|73/100
|-damage|p2a: Babylon|58/100
|-damage|p2a: Babylon|43/100
|-crit|p2a: Babylon
|-damage|p2a: Babylon|23/100
|-hitcount|p2a: Babylon|5
|move|p2a: Babylon|Dragon Pulse|p1a: Cloyster
|-enditem|p1a: Cloyster|Focus Sash
|-damage|p1a: Cloyster|1/100
|
|upkeep
|turn|7
|
|t:|1776052868
|move|p1a: Cloyster|Icicle Spear|p2a: Babylon
|-damage|p2a: Babylon|8/100
|-damage|p2a: Babylon|0 fnt
|faint|p2a: Babylon
|-hitcount|p2: Babylon|2
|
|upkeep
|
|t:|1776052876
|switch|p2a: Garfiel|Hitmontop, M|100/100
|turn|8
|
|t:|1776052879
|move|p1a: Cloyster|Icicle Spear|p2a: Garfiel
|-damage|p2a: Garfiel|74/100
|-damage|p2a: Garfiel|49/100
|-damage|p2a: Garfiel|26/100
|-damage|p2a: Garfiel|2/100
|-damage|p2a: Garfiel|0 fnt
|faint|p2a: Garfiel
|-hitcount|p2: Garfiel|5
|
|upkeep
|
|t:|1776052897
|switch|p2a: R-Pyrite|Necrozma, shiny|100/100
|turn|9
|
|t:|1776052902
|move|p1a: Cloyster|Icicle Spear|p2a: R-Pyrite
|-damage|p2a: R-Pyrite|78/100
|-damage|p2a: R-Pyrite|57/100
|-damage|p2a: R-Pyrite|37/100
|-damage|p2a: R-Pyrite|17/100
|-damage|p2a: R-Pyrite|0 fnt
|faint|p2a: R-Pyrite
|-hitcount|p2: R-Pyrite|5
|
|upkeep
|
|t:|1776052909
|switch|p2a: Xodium|Gardevoir, F, shiny|100/100
|-ability|p2a: Xodium|Skill Link|Trace|[from] ability: Trace|[of] p1a: Cloyster
|turn|10
|
|t:|1776052915
|move|p1a: Cloyster|Icicle Spear|p2a: Xodium
|-damage|p2a: Xodium|60/100
|-damage|p2a: Xodium|20/100
|-damage|p2a: Xodium|0 fnt
|faint|p2a: Xodium
|-hitcount|p2: Xodium|3
|
|win|Dame123
|raw|Dame123's rating: 1115 &rarr; <strong>1138</strong><br />(+23 for winning)
|raw|kjojon's rating: 1082 &rarr; <strong>1062</strong><br />(-20 for losing)
|l|☆Dame123
|player|p1|
|c|☆kjojon|gg's
