|html|<div class="broadcast-blue"><strong>[Gen 9] OU is currently suspecting Tera Blast! For information on how to participate check out the <a href="https://www.smogon.com/tools/suspects/view/200">suspect thread</a>.</strong></div>
|j|☆The ZU Wanderer
|j|☆cursid420
|t:|1776050235
|gametype|singles
|player|p1|The ZU Wanderer|roughneck|1221
|player|p2|cursid420|102|1180
|gen|9
|tier|[Gen 9] OU
|rated|
|rule|HP Percentage Mod: HP is shown in percentages
|rule|Endless Battle Clause: Forcing endless battles is banned
|rule|Species Clause: Limit one of each Pokémon
|rule|OHKO Clause: OHKO moves are banned
|rule|Evasion Items Clause: Evasion items are banned
|rule|Evasion Moves Clause: Evasion moves are banned
|rule|Evasion Abilities Clause: Evasion abilities are banned
|rule|Sleep Moves Clause: Sleep-inducing moves are banned
|clearpoke
|poke|p1|Golduck, M|
|poke|p1|Morpeko, F|
|poke|p1|Cryogonal|
|poke|p1|Piloswine, M|
|poke|p1|Toxicroak, M|
|poke|p1|Crocalor, M|
|poke|p2|Walking Wake|
|poke|p2|Cinccino, F|
|poke|p2|Charizard, F|
|poke|p2|Golduck, M|
|poke|p2|Dondozo, M|
|poke|p2|Hawlucha, M|
|teampreview
|inactive|Battle timer is ON: inactive players will automatically lose when time's up. (requested by The ZU Wanderer)
|
|t:|1776050259
|teamsize|p1|6
|teamsize|p2|6
|start
|switch|p1a: Crocalor|Crocalor, M|100/100
|switch|p2a: Hawlucha|Hawlucha, M|100/100
|turn|1
|
|t:|1776050269
|move|p2a: Hawlucha|Taunt|p1a: Crocalor
|-start|p1a: Crocalor|move: Taunt
|cant|p1a: Crocalor|move: Taunt|Will-O-Wisp
|
|upkeep
|turn|2
|
|t:|1776050274
|move|p2a: Hawlucha|Swords Dance|p2a: Hawlucha
|-boost|p2a: Hawlucha|atk|2
|move|p1a: Crocalor|Flamethrower|p2a: Hawlucha
|-damage|p2a: Hawlucha|57/100
|
|upkeep
|turn|3
|
|t:|1776050282
|move|p2a: Hawlucha|Close Combat|p1a: Crocalor
|-damage|p1a: Crocalor|75/100
|-unboost|p2a: Hawlucha|def|1
|-unboost|p2a: Hawlucha|spd|1
|move|p1a: Crocalor|Flamethrower|p2a: Hawlucha
|-damage|p2a: Hawlucha|5/100
|
|-end|p1a: Crocalor|move: Taunt
|upkeep
|turn|4
|
|t:|1776050297
|switch|p2a: Charizard|Charizard, F|100/100
|move|p1a: Crocalor|Flamethrower|p2a: Charizard
|-resisted|p2a: Charizard
|-damage|p2a: Charizard|80/100
|
|upkeep
|turn|5
|
|t:|1776050309
|switch|p1a: Golduck|Golduck, M, shiny|100/100
|-ability|p1a: Golduck|Cloud Nine
|move|p2a: Charizard|Scorching Sands|p1a: Golduck
|-damage|p1a: Golduck|74/100
|
|-heal|p1a: Golduck|80/100|[from] item: Leftovers
|upkeep
|turn|6
|
|t:|1776050324
|switch|p2a: Dondozo|Dondozo, M|100/100
|move|p1a: Golduck|Calm Mind|p1a: Golduck
|-boost|p1a: Golduck|spa|1
|-boost|p1a: Golduck|spd|1
|
|-heal|p1a: Golduck|86/100|[from] item: Leftovers
|upkeep
|turn|7
|
|t:|1776050334
|move|p1a: Golduck|Whirlpool|p2a: Dondozo
|-resisted|p2a: Dondozo
|-damage|p2a: Dondozo|95/100
|-activate|p2a: Dondozo|move: Whirlpool|[of] p1a: Golduck
|move|p2a: Dondozo|Earthquake|p1a: Golduck
|-damage|p1a: Golduck|50/100
|
|-heal|p1a: Golduck|57/100|[from] item: Leftovers
|-damage|p2a: Dondozo|83/100|[from] move: Whirlpool|[partiallytrapped]
|upkeep
|turn|8
|
|t:|1776050346
|switch|p1a: Cryogonal|Cryogonal|100/100
|move|p2a: Dondozo|Earthquake|p1a: Cryogonal
|-immune|p1a: Cryogonal|[from] ability: Levitate
|
|-end|p2a: Dondozo|Whirlpool|[partiallytrapped]|[silent]
|upkeep
|turn|9
|
|t:|1776050362
|switch|p2a: Golduck|Golduck, M|100/100
|-ability|p2a: Golduck|Cloud Nine
|move|p1a: Cryogonal|Freeze-Dry|p2a: Golduck
|-supereffective|p2a: Golduck
|-damage|p2a: Golduck|4/100
|-damage|p1a: Cryogonal|91/100|[from] item: Life Orb
|
|upkeep
|turn|10
|
|t:|1776050382
|move|p1a: Cryogonal|Rapid Spin|p2a: Golduck
|-damage|p2a: Golduck|0 fnt
|-boost|p1a: Cryogonal|spe|1
|faint|p2a: Golduck
|-damage|p1a: Cryogonal|81/100|[from] item: Life Orb
|
|upkeep
|
|t:|1776050388
|switch|p2a: Charizard|Charizard, F|80/100
|turn|11
|
|t:|1776050394
|-terastallize|p1a: Cryogonal|Water
|move|p1a: Cryogonal|Tera Blast|p2a: Charizard|[anim] Tera Blast Water
|-supereffective|p2a: Charizard
|-damage|p2a: Charizard|0 fnt
|faint|p2a: Charizard
|-damage|p1a: Cryogonal|71/100|[from] item: Life Orb
|
|upkeep
|inactive|cursid420 has 120 seconds left.
|
|t:|1776050414
|switch|p2a: Cinccino|Cinccino, F|100/100
|turn|12
|
|t:|1776050429
|switch|p1a: Crocalor|Crocalor, M|75/100
|move|p2a: Cinccino|Tidy Up|p2a: Cinccino
|-boost|p2a: Cinccino|atk|1
|-boost|p2a: Cinccino|spe|1
|
|upkeep
|turn|13
|
|t:|1776050443
|switch|p2a: Walking Wake|Walking Wake|100/100
|move|p1a: Crocalor|Will-O-Wisp|p2a: Walking Wake|[miss]
|-miss|p1a: Crocalor|p2a: Walking Wake
|
|upkeep
|turn|14
|
|t:|1776050449
|switch|p1a: Toxicroak|Toxicroak, M, shiny|100/100
|move|p2a: Walking Wake|Knock Off|p1a: Toxicroak
|-resisted|p1a: Toxicroak
|-damage|p1a: Toxicroak|86/100
|-enditem|p1a: Toxicroak|Life Orb|[from] move: Knock Off|[of] p2a: Walking Wake
|
|upkeep
|turn|15
|
|t:|1776050458
|move|p2a: Walking Wake|Draco Meteor|p1a: Toxicroak
|-crit|p1a: Toxicroak
|-damage|p1a: Toxicroak|0 fnt
|-unboost|p2a: Walking Wake|spa|2
|faint|p1a: Toxicroak
|
|upkeep
|
|t:|1776050464
|switch|p1a: Cryogonal|Cryogonal, tera:Water|71/100
|turn|16
|
|t:|1776050472
|-end|p2a: Walking Wake|Protosynthesis|[silent]
|switch|p2a: Hawlucha|Hawlucha, M|5/100
|move|p1a: Cryogonal|Freeze-Dry|p2a: Hawlucha
|-supereffective|p2a: Hawlucha
|-damage|p2a: Hawlucha|0 fnt
|faint|p2a: Hawlucha
|-damage|p1a: Cryogonal|61/100|[from] item: Life Orb
|
|upkeep
|
|t:|1776050480
|switch|p2a: Cinccino|Cinccino, F|100/100
|turn|17
|
|t:|1776050486
|switch|p1a: Crocalor|Crocalor, M|75/100
|move|p2a: Cinccino|Tail Slap|p1a: Crocalor
|-damage|p1a: Crocalor|67/100
|-damage|p1a: Crocalor|58/100
|-damage|p1a: Crocalor|51/100
|-damage|p1a: Crocalor|42/100
|-damage|p1a: Crocalor|33/100
|-hitcount|p1a: Crocalor|5
|
|upkeep
|turn|18
|
|t:|1776050497
|move|p2a: Cinccino|Tail Slap|p1a: Crocalor|[miss]
|-miss|p2a: Cinccino|p1a: Crocalor
|move|p1a: Crocalor|Slack Off|p1a: Crocalor
|-heal|p1a: Crocalor|83/100
|
|upkeep
|turn|19
|
|t:|1776050504
|move|p2a: Cinccino|Encore|p1a: Crocalor
|-start|p1a: Crocalor|Encore
|move|p1a: Crocalor|Slack Off|p1a: Crocalor
|-heal|p1a: Crocalor|100/100
|
|upkeep
|turn|20
|
|t:|1776050514
|switch|p1a: Piloswine|Piloswine, M, shiny|100/100
|move|p2a: Cinccino|Tidy Up|p2a: Cinccino
|-boost|p2a: Cinccino|atk|1
|-boost|p2a: Cinccino|spe|1
|
|upkeep
|turn|21
|
|t:|1776050521
|switch|p1a: Crocalor|Crocalor, M|100/100
|move|p2a: Cinccino|Bullet Seed|p1a: Crocalor
|-resisted|p1a: Crocalor
|-damage|p1a: Crocalor|98/100
|-resisted|p1a: Crocalor
|-damage|p1a: Crocalor|95/100
|-resisted|p1a: Crocalor
|-damage|p1a: Crocalor|92/100
|-resisted|p1a: Crocalor
|-damage|p1a: Crocalor|90/100
|-resisted|p1a: Crocalor
|-crit|p1a: Crocalor
|-damage|p1a: Crocalor|85/100
|-hitcount|p1a: Crocalor|5
|
|upkeep
|turn|22
|
|t:|1776050533
|switch|p2a: Walking Wake|Walking Wake|100/100
|move|p1a: Crocalor|Will-O-Wisp|p2a: Walking Wake
|-status|p2a: Walking Wake|brn
|
|-damage|p2a: Walking Wake|94/100 brn|[from] brn
|upkeep
|turn|23
|
|t:|1776050544
|switch|p1a: Golduck|Golduck, M, shiny|57/100
|-ability|p1a: Golduck|Cloud Nine
|move|p2a: Walking Wake|Scald|p1a: Golduck
|-resisted|p1a: Golduck
|-damage|p1a: Golduck|34/100
|
|-heal|p1a: Golduck|40/100|[from] item: Leftovers
|-damage|p2a: Walking Wake|88/100 brn|[from] brn
|upkeep
|turn|24
|
|t:|1776050556
|move|p2a: Walking Wake|Draco Meteor|p1a: Golduck
|-damage|p1a: Golduck|0 fnt
|-unboost|p2a: Walking Wake|spa|2
|faint|p1a: Golduck
|
|-damage|p2a: Walking Wake|82/100 brn|[from] brn
|upkeep
|
|t:|1776050562
|switch|p1a: Cryogonal|Cryogonal, tera:Water|61/100
|turn|25
|
|t:|1776050568
|-end|p2a: Walking Wake|Protosynthesis|[silent]
|switch|p2a: Cinccino|Cinccino, F|100/100
|move|p1a: Cryogonal|Freeze-Dry|p2a: Cinccino
|-damage|p2a: Cinccino|36/100
|-damage|p1a: Cryogonal|51/100|[from] item: Life Orb
|
|upkeep
|turn|26
|
|t:|1776050577
|switch|p1a: Crocalor|Crocalor, M|85/100
|move|p2a: Cinccino|Tail Slap|p1a: Crocalor|[miss]
|-miss|p2a: Cinccino|p1a: Crocalor
|
|upkeep
|turn|27
|
|t:|1776050583
|switch|p2a: Walking Wake|Walking Wake|82/100 brn
|move|p1a: Crocalor|Flamethrower|p2a: Walking Wake
|-resisted|p2a: Walking Wake
|-damage|p2a: Walking Wake|73/100 brn
|
|-damage|p2a: Walking Wake|67/100 brn|[from] brn
|upkeep
|turn|28
|
|t:|1776050607
|switch|p1a: Piloswine|Piloswine, M, shiny|100/100
|move|p2a: Walking Wake|Scald|p1a: Piloswine
|-supereffective|p1a: Piloswine
|-damage|p1a: Piloswine|59/100
|
|-damage|p2a: Walking Wake|61/100 brn|[from] brn
|upkeep
|turn|29
|inactive|cursid420 has 120 seconds left.
|
|t:|1776050630
|-terastallize|p2a: Walking Wake|Water
|move|p2a: Walking Wake|Scald|p1a: Piloswine
|-supereffective|p1a: Piloswine
|-damage|p1a: Piloswine|0 fnt
|faint|p1a: Piloswine
|
|-damage|p2a: Walking Wake|54/100 brn|[from] brn
|upkeep
|inactive|The ZU Wanderer has 120 seconds left.
|
|t:|1776050657
|switch|p1a: Cryogonal|Cryogonal, tera:Water|51/100
|turn|30
|inactive|The ZU Wanderer has 120 seconds left.
|
|t:|1776050668
|switch|p1a: Crocalor|Crocalor, M|85/100
|move|p2a: Walking Wake|Draco Meteor|p1a: Crocalor
|-damage|p1a: Crocalor|19/100
|-unboost|p2a: Walking Wake|spa|2
|
|-damage|p2a: Walking Wake|48/100 brn|[from] brn
|upkeep
|turn|31
|
|t:|1776050681
|switch|p1a: Cryogonal|Cryogonal, tera:Water|51/100
|move|p2a: Walking Wake|Knock Off|p1a: Cryogonal
|-damage|p1a: Cryogonal|35/100
|-enditem|p1a: Cryogonal|Life Orb|[from] move: Knock Off|[of] p2a: Walking Wake
|
|-damage|p2a: Walking Wake|42/100 brn|[from] brn
|upkeep
|turn|32
|inactive|The ZU Wanderer has 120 seconds left.
|inactive|cursid420 has 120 seconds left.
|
|t:|1776050711
|-end|p2a: Walking Wake|Protosynthesis|[silent]
|switch|p2a: Dondozo|Dondozo, M|83/100
|move|p1a: Cryogonal|Rapid Spin|p2a: Dondozo
|-damage|p2a: Dondozo|79/100
|-boost|p1a: Cryogonal|spe|1
|
|upkeep
|turn|33
|inactive|cursid420 has 120 seconds left.
|
|t:|1776050720
|move|p1a: Cryogonal|Recover|p1a: Cryogonal
|-heal|p1a: Cryogonal|85/100
|move|p2a: Dondozo|Wave Crash|p1a: Cryogonal
|-resisted|p1a: Cryogonal
|-damage|p1a: Cryogonal|0 fnt
|faint|p1a: Cryogonal
|-damage|p2a: Dondozo|63/100|[from] Recoil
|
|upkeep
|
|t:|1776050728
|switch|p1a: Morpeko|Morpeko, F, shiny|100/100
|turn|34
|
|t:|1776050731
|move|p1a: Morpeko|Aura Wheel|p2a: Dondozo
|-supereffective|p2a: Dondozo
|-damage|p2a: Dondozo|0 fnt
|-boost|p1a: Morpeko|spe|1
|faint|p2a: Dondozo
|-damage|p1a: Morpeko|91/100|[from] item: Life Orb
|
|-formechange|p1a: Morpeko|Morpeko-Hangry||[from] ability: Hunger Switch
|upkeep
|inactive|cursid420 has 120 seconds left.
|
|t:|1776050753
|switch|p2a: Cinccino|Cinccino, F|36/100
|turn|35
|
|t:|1776050758
|move|p1a: Morpeko|Aura Wheel|p2a: Cinccino
|-damage|p2a: Cinccino|0 fnt
|-boost|p1a: Morpeko|spe|1
|faint|p2a: Cinccino
|-damage|p1a: Morpeko|81/100|[from] item: Life Orb
|
|-formechange|p1a: Morpeko|Morpeko||[from] ability: Hunger Switch
|upkeep
|-message|cursid420 forfeited.
|
|win|The ZU Wanderer
|raw|The ZU Wanderer's rating: 1246 &rarr; <strong>1266</strong><br />(+20 for winning)
|raw|cursid420's rating: 1180 &rarr; <strong>1160</strong><br />(-20 for losing)
|l|☆cursid420
|player|p2|
|l|☆The ZU Wanderer
|player|p1|
