|html|<div class="broadcast-blue"><strong>[Gen 9] OU is currently suspecting Tera Blast! For information on how to participate check out the <a href="https://www.smogon.com/tools/suspects/view/200">suspect thread</a>.</strong></div>
|j|☆Taynzo
|j|☆galvantulaglazer2
|t:|1776064969
|gametype|singles
|player|p1|Taynzo|102|1130
|player|p2|galvantulaglazer2|pokemaniac|1086
|gen|9
|tier|[Gen 9] OU
|rated|
|rule|HP Percentage Mod: HP is shown in percentages
|rule|Endless Battle Clause: Forcing endless battles is banned
|rule|Species Clause: Limit one of each Pokémon
|rule|OHKO Clause: OHKO moves are banned
|rule|Evasion Items Clause: Evasion items are banned
|rule|Evasion Moves Clause: Evasion moves are banned
|rule|Evasion Abilities Clause: Evasion abilities are banned
|rule|Sleep Moves Clause: Sleep-inducing moves are banned
|clearpoke
|poke|p1|Garchomp, F|
|poke|p1|Dragonite, M|
|poke|p1|Hydreigon, F|
|poke|p1|Goodra-Hisui, M|
|poke|p1|Salamence, F|
|poke|p1|Noivern, M|
|poke|p2|Galvantula, M|
|poke|p2|Deoxys-Speed|
|poke|p2|Ambipom, F|
|poke|p2|Sinistcha-Masterpiece|
|poke|p2|Rotom-Wash|
|poke|p2|Keldeo-Resolute|
|teampreview
|inactive|Battle timer is ON: inactive players will automatically lose when time's up. (requested by galvantulaglazer2)
|inactive|Taynzo also wants the timer to be on.
|inactive|Taynzo has 120 seconds left.
|
|t:|1776065001
|teamsize|p1|6
|teamsize|p2|6
|start
|switch|p1a: Noivern|Noivern, M|100/100
|switch|p2a: Galvantula|Galvantula, M, shiny|100/100
|-item|p2a: Galvantula|Focus Sash|[from] ability: Frisk|[of] p1a: Noivern
|turn|1
|
|t:|1776065007
|move|p1a: Noivern|U-turn|p2a: Galvantula
|-damage|p2a: Galvantula|80/100
|
|t:|1776065013
|switch|p1a: Garchomp|Garchomp, F|100/100|[from] U-turn
|move|p2a: Galvantula|Thunder Wave|p1a: Garchomp
|-immune|p1a: Garchomp
|
|upkeep
|turn|2
|
|t:|1776065020
|move|p2a: Galvantula|Sticky Web|p1a: Garchomp
|-sidestart|p1: Taynzo|move: Sticky Web
|move|p1a: Garchomp|Swords Dance|p1a: Garchomp
|-boost|p1a: Garchomp|atk|2
|
|upkeep
|turn|3
|
|t:|1776065025
|switch|p2a: Deoxys|Deoxys-Speed|100/100
|-ability|p2a: Deoxys|Pressure
|move|p1a: Garchomp|Swords Dance|p1a: Garchomp
|-boost|p1a: Garchomp|atk|2
|
|upkeep
|turn|4
|
|t:|1776065036
|-terastallize|p1a: Garchomp|Fire
|move|p2a: Deoxys|Taunt|p1a: Garchomp
|-start|p1a: Garchomp|move: Taunt
|move|p1a: Garchomp|Scale Shot|p2a: Deoxys
|-damage|p2a: Deoxys|51/100
|-damage|p2a: Deoxys|0 fnt
|faint|p2a: Deoxys
|-hitcount|p2: Deoxys|2
|-unboost|p1a: Garchomp|def|1
|-boost|p1a: Garchomp|spe|1
|
|upkeep
|
|t:|1776065065
|switch|p2a: Rotom|Rotom-Wash|100/100
|turn|5
|
|t:|1776065072
|move|p1a: Garchomp|Scale Shot|p2a: Rotom|[miss]
|-miss|p1a: Garchomp|p2a: Rotom
|move|p2a: Rotom|Hydro Pump|p1a: Garchomp
|-supereffective|p1a: Garchomp
|-damage|p1a: Garchomp|0 fnt
|faint|p1a: Garchomp
|
|upkeep
|
|t:|1776065085
|switch|p1a: Noivern|Noivern, M|100/100
|-item|p2a: Rotom|Leftovers|[from] ability: Frisk|[of] p1a: Noivern
|turn|6
|
|t:|1776065088
|move|p1a: Noivern|Defog|p2a: Rotom
|-unboost|p2a: Rotom|evasion|1
|-sideend|p1: Taynzo|Sticky Web|[from] move: Defog|[of] p1a: Noivern
|move|p2a: Rotom|Will-O-Wisp|p1a: Noivern
|-status|p1a: Noivern|brn
|
|-damage|p1a: Noivern|94/100 brn|[from] brn
|upkeep
|turn|7
|
|t:|1776065098
|move|p1a: Noivern|Boomburst|p2a: Rotom
|-damage|p2a: Rotom|57/100
|move|p2a: Rotom|Volt Switch|p1a: Noivern
|-damage|p1a: Noivern|49/100 brn
|
|t:|1776065102
|switch|p2a: Ambipom|Ambipom, F|100/100|[from] Volt Switch
|
|-damage|p1a: Noivern|43/100 brn|[from] brn
|upkeep
|turn|8
|
|t:|1776065110
|switch|p1a: Goodra|Goodra-Hisui, M|100/100
|-terastallize|p2a: Ambipom|Ghost
|move|p2a: Ambipom|Nasty Plot|p2a: Ambipom
|-boost|p2a: Ambipom|spa|2
|
|upkeep
|turn|9
|
|t:|1776065126
|switch|p1a: Hydreigon|Hydreigon, F|100/100
|move|p2a: Ambipom|Mud Shot|p1a: Hydreigon
|-immune|p1a: Hydreigon|[from] ability: Levitate
|
|upkeep
|turn|10
|
|t:|1776065138
|move|p2a: Ambipom|Nasty Plot|p2a: Ambipom
|-boost|p2a: Ambipom|spa|2
|move|p1a: Hydreigon|Dark Pulse|p2a: Ambipom
|-supereffective|p2a: Ambipom
|-damage|p2a: Ambipom|0 fnt
|faint|p2a: Ambipom
|-damage|p1a: Hydreigon|91/100|[from] item: Life Orb
|
|upkeep
|
|t:|1776065142
|switch|p2a: Keldeo|Keldeo-Resolute|100/100
|turn|11
|
|t:|1776065155
|switch|p1a: Dragonite|Dragonite, M|100/100
|move|p2a: Keldeo|Icy Wind|p1a: Dragonite
|-supereffective|p1a: Dragonite
|-damage|p1a: Dragonite|47/100
|-unboost|p1a: Dragonite|spe|1
|
|upkeep
|turn|12
|
|t:|1776065163
|move|p1a: Dragonite|Extreme Speed|p2a: Keldeo
|-damage|p2a: Keldeo|46/100
|move|p2a: Keldeo|Icy Wind|p1a: Dragonite
|-supereffective|p1a: Dragonite
|-damage|p1a: Dragonite|0 fnt
|faint|p1a: Dragonite
|
|upkeep
|
|t:|1776065172
|switch|p1a: Noivern|Noivern, M|43/100 brn
|-item|p2a: Keldeo|Choice Specs|[from] ability: Frisk|[of] p1a: Noivern
|turn|13
|
|t:|1776065186
|move|p1a: Noivern|Draco Meteor|p2a: Keldeo
|-damage|p2a: Keldeo|0 fnt
|-unboost|p1a: Noivern|spa|2
|faint|p2a: Keldeo
|
|-damage|p1a: Noivern|37/100 brn|[from] brn
|upkeep
|
|t:|1776065190
|switch|p2a: Sinistcha|Sinistcha-Masterpiece|100/100
|turn|14
|
|t:|1776065192
|move|p1a: Noivern|U-turn|p2a: Sinistcha
|-damage|p2a: Sinistcha|96/100
|
|t:|1776065200
|switch|p1a: Salamence|Salamence, F|100/100|[from] U-turn
|-ability|p1a: Salamence|Intimidate|boost
|-unboost|p2a: Sinistcha|atk|1
|move|p2a: Sinistcha|Calm Mind|p2a: Sinistcha
|-boost|p2a: Sinistcha|spa|1
|-boost|p2a: Sinistcha|spd|1
|
|upkeep
|turn|15
|
|t:|1776065209
|move|p1a: Salamence|Air Slash|p2a: Sinistcha|[miss]
|-miss|p1a: Salamence|p2a: Sinistcha
|move|p2a: Sinistcha|Strength Sap|p1a: Salamence
|-unboost|p1a: Salamence|atk|1
|-heal|p2a: Sinistcha|100/100
|
|upkeep
|turn|16
|
|t:|1776065215
|move|p1a: Salamence|Air Slash|p2a: Sinistcha
|-supereffective|p2a: Sinistcha
|-damage|p2a: Sinistcha|35/100
|move|p2a: Sinistcha|Strength Sap|p1a: Salamence
|-unboost|p1a: Salamence|atk|1
|-heal|p2a: Sinistcha|82/100
|
|upkeep
|turn|17
|
|t:|1776065221
|move|p1a: Salamence|Air Slash|p2a: Sinistcha
|-supereffective|p2a: Sinistcha
|-damage|p2a: Sinistcha|23/100
|move|p2a: Sinistcha|Calm Mind|p2a: Sinistcha
|-boost|p2a: Sinistcha|spa|1
|-boost|p2a: Sinistcha|spd|1
|
|upkeep
|turn|18
|
|t:|1776065227
|move|p1a: Salamence|Air Slash|p2a: Sinistcha
|-supereffective|p2a: Sinistcha
|-damage|p2a: Sinistcha|0 fnt
|faint|p2a: Sinistcha
|
|upkeep
|-message|galvantulaglazer2 forfeited.
|
|win|Taynzo
|raw|Taynzo's rating: 1130 &rarr; <strong>1150</strong><br />(+20 for winning)
|raw|galvantulaglazer2's rating: 1063 &rarr; <strong>1047</strong><br />(-16 for losing)
|l|☆galvantulaglazer2
|player|p2|
|l|☆Taynzo
|player|p1|
