|html|<div class="broadcast-blue"><strong>[Gen 9] OU is currently suspecting Tera Blast! For information on how to participate check out the <a href="https://www.smogon.com/tools/suspects/view/200">suspect thread</a>.</strong></div>
|j|☆Jigpazzzzz
|j|☆TheRegisAreCool
|t:|1776176964
|gametype|singles
|player|p1|Jigpazzzzz|preschooler|1154
|player|p2|TheRegisAreCool|fisherman-gen4|1196
|gen|9
|tier|[Gen 9] OU
|rated|
|rule|HP Percentage Mod: HP is shown in percentages
|rule|Endless Battle Clause: Forcing endless battles is banned
|rule|Species Clause: Limit one of each Pokémon
|rule|OHKO Clause: OHKO moves are banned
|rule|Evasion Items Clause: Evasion items are banned
|rule|Evasion Moves Clause: Evasion moves are banned
|rule|Evasion Abilities Clause: Evasion abilities are banned
|rule|Sleep Moves Clause: Sleep-inducing moves are banned
|clearpoke
|poke|p1|Frosmoth, M|
|poke|p1|Slowking-Galar, M|
|poke|p1|Ting-Lu|
|poke|p1|Walking Wake|
|poke|p1|Arcanine-Hisui, M|
|poke|p1|Corviknight, F|
|poke|p2|Conkeldurr, F|
|poke|p2|Iron Moth|
|poke|p2|Glimmora, F|
|poke|p2|Kommo-o, M|
|poke|p2|Samurott-Hisui, F|
|poke|p2|Donphan, M|
|teampreview
|inactive|Battle timer is ON: inactive players will automatically lose when time's up. (requested by TheRegisAreCool)
|
|t:|1776176982
|teamsize|p1|6
|teamsize|p2|6
|start
|switch|p1a: Ting-Lu|Ting-Lu|100/100
|switch|p2a: Samurott|Samurott-Hisui, F|100/100
|-ability|p1a: Ting-Lu|Vessel of Ruin
|turn|1
|
|t:|1776176990
|move|p2a: Samurott|Aqua Cutter|p1a: Ting-Lu
|-supereffective|p1a: Ting-Lu
|-damage|p1a: Ting-Lu|42/100
|move|p1a: Ting-Lu|Stealth Rock|p2a: Samurott
|-sidestart|p2: TheRegisAreCool|move: Stealth Rock
|
|-heal|p1a: Ting-Lu|48/100|[from] item: Leftovers
|upkeep
|turn|2
|
|t:|1776176998
|switch|p1a: Corviknight|Corviknight, F|100/100
|move|p2a: Samurott|Aqua Cutter|p1a: Corviknight
|-crit|p1a: Corviknight
|-damage|p1a: Corviknight|39/100
|
|-heal|p1a: Corviknight|45/100|[from] item: Leftovers
|upkeep
|turn|3
|
|t:|1776177005
|-terastallize|p2a: Samurott|Water
|move|p2a: Samurott|Aqua Cutter|p1a: Corviknight
|-damage|p1a: Corviknight|0 fnt
|faint|p1a: Corviknight
|
|upkeep
|
|t:|1776177013
|switch|p1a: Walking Wake|Walking Wake|100/100
|turn|4
|
|t:|1776177019
|move|p1a: Walking Wake|Draco Meteor|p2a: Samurott|[miss]
|-miss|p1a: Walking Wake|p2a: Samurott
|move|p2a: Samurott|Ceaseless Edge|p1a: Walking Wake
|-damage|p1a: Walking Wake|44/100
|-sidestart|p1: Jigpazzzzz|Spikes
|
|upkeep
|turn|5
|
|t:|1776177023
|move|p1a: Walking Wake|Draco Meteor|p2a: Samurott
|-damage|p2a: Samurott|41/100
|-unboost|p1a: Walking Wake|spa|2
|move|p2a: Samurott|Ceaseless Edge|p1a: Walking Wake|[miss]
|-miss|p2a: Samurott|p1a: Walking Wake
|
|upkeep
|turn|6
|
|t:|1776177028
|move|p2a: Samurott|Sucker Punch|p1a: Walking Wake
|-damage|p1a: Walking Wake|7/100
|move|p1a: Walking Wake|Draco Meteor|p2a: Samurott
|-damage|p2a: Samurott|13/100
|-unboost|p1a: Walking Wake|spa|2
|
|upkeep
|turn|7
|
|t:|1776177033
|move|p2a: Samurott|Sucker Punch|p1a: Walking Wake
|-damage|p1a: Walking Wake|0 fnt
|faint|p1a: Walking Wake
|-end|p1a: Walking Wake|Protosynthesis|[silent]
|
|upkeep
|
|t:|1776177040
|switch|p1a: Arcanine|Arcanine-Hisui, M|100/100
|-damage|p1a: Arcanine|88/100|[from] Spikes
|turn|8
|
|t:|1776177044
|move|p1a: Arcanine|Flame Charge|p2a: Samurott
|-resisted|p2a: Samurott
|-damage|p2a: Samurott|0 fnt
|-boost|p1a: Arcanine|spe|1
|faint|p2a: Samurott
|
|upkeep
|
|t:|1776177048
|switch|p2a: Donphan|Donphan, M|100/100
|turn|9
|
|t:|1776177054
|-terastallize|p1a: Arcanine|Flying
|move|p1a: Arcanine|Flare Blitz|p2a: Donphan
|-damage|p2a: Donphan|43/100
|move|p2a: Donphan|Earthquake|p1a: Arcanine
|-immune|p1a: Arcanine
|
|upkeep
|turn|10
|
|t:|1776177060
|move|p1a: Arcanine|Flare Blitz|p2a: Donphan
|-damage|p2a: Donphan|0 fnt
|faint|p2a: Donphan
|
|upkeep
|
|t:|1776177065
|switch|p2a: Glimmora|Glimmora, F|100/100
|-damage|p2a: Glimmora|88/100|[from] Stealth Rock
|turn|11
|
|t:|1776177071
|move|p1a: Arcanine|Head Smash|p2a: Glimmora|[miss]
|-miss|p1a: Arcanine|p2a: Glimmora
|move|p2a: Glimmora|Mortal Spin|p1a: Arcanine
|-damage|p1a: Arcanine|81/100
|-status|p1a: Arcanine|psn
|-sideend|p2: TheRegisAreCool|Stealth Rock|[from] move: Mortal Spin|[of] p2a: Glimmora
|
|-damage|p1a: Arcanine|68/100 psn|[from] psn
|upkeep
|turn|12
|
|t:|1776177075
|move|p1a: Arcanine|Head Smash|p2a: Glimmora
|-damage|p2a: Glimmora|8/100
|-activate|p2a: Glimmora|ability: Toxic Debris
|-sidestart|p1: Jigpazzzzz|move: Toxic Spikes
|move|p2a: Glimmora|Power Gem|p1a: Arcanine
|-supereffective|p1a: Arcanine
|-damage|p1a: Arcanine|0 fnt
|faint|p1a: Arcanine
|
|upkeep
|
|t:|1776177087
|switch|p1a: Slowking|Slowking-Galar, M|100/100
|-damage|p1a: Slowking|88/100|[from] Spikes
|-sideend|p1: Jigpazzzzz|move: Toxic Spikes|[of] p1a: Slowking
|turn|13
|
|t:|1776177097
|switch|p2a: Kommo-o|Kommo-o, M|100/100
|move|p1a: Slowking|Future Sight|p2a: Kommo-o
|-start|p1a: Slowking|move: Future Sight
|
|upkeep
|turn|14
|
|t:|1776177101
|move|p2a: Kommo-o|Clangorous Soul|p2a: Kommo-o
|-boost|p2a: Kommo-o|atk|1
|-boost|p2a: Kommo-o|def|1
|-boost|p2a: Kommo-o|spa|1
|-boost|p2a: Kommo-o|spd|1
|-boost|p2a: Kommo-o|spe|1
|-damage|p2a: Kommo-o|68/100
|-prepare|p1a: Slowking|Chilly Reception|[premajor]
|move|p1a: Slowking|Chilly Reception|p1a: Slowking
|-weather|Snowscape
|
|t:|1776177103
|switch|p1a: Frosmoth|Frosmoth, M|100/100|[from] Chilly Reception
|
|-weather|Snowscape|[upkeep]
|-heal|p2a: Kommo-o|74/100|[from] item: Leftovers
|upkeep
|turn|15
|
|t:|1776177115
|move|p2a: Kommo-o|Clanging Scales|p1a: Frosmoth
|-damage|p1a: Frosmoth|50/100
|-unboost|p2a: Kommo-o|def|1
|move|p1a: Frosmoth|Ice Beam|p2a: Kommo-o
|-supereffective|p2a: Kommo-o
|-damage|p2a: Kommo-o|11/100
|
|-weather|Snowscape|[upkeep]
|-end|p2a: Kommo-o|move: Future Sight
|-supereffective|p2a: Kommo-o
|-damage|p2a: Kommo-o|0 fnt
|faint|p2a: Kommo-o
|upkeep
|
|t:|1776177121
|switch|p2a: Glimmora|Glimmora, F|8/100
|turn|16
|
|t:|1776177126
|move|p2a: Glimmora|Power Gem|p1a: Frosmoth
|-supereffective|p1a: Frosmoth
|-damage|p1a: Frosmoth|0 fnt
|faint|p1a: Frosmoth
|
|-weather|Snowscape|[upkeep]
|upkeep
|
|t:|1776177135
|switch|p1a: Ting-Lu|Ting-Lu|48/100
|-damage|p1a: Ting-Lu|35/100|[from] Spikes
|-ability|p1a: Ting-Lu|Vessel of Ruin
|turn|17
|
|t:|1776177140
|move|p2a: Glimmora|Earth Power|p1a: Ting-Lu
|-damage|p1a: Ting-Lu|15/100
|move|p1a: Ting-Lu|Earthquake|p2a: Glimmora
|-supereffective|p2a: Glimmora
|-damage|p2a: Glimmora|0 fnt
|-activate|p2a: Glimmora|ability: Toxic Debris
|-sidestart|p1: Jigpazzzzz|move: Toxic Spikes
|faint|p2a: Glimmora
|
|-weather|Snowscape|[upkeep]
|-heal|p1a: Ting-Lu|21/100|[from] item: Leftovers
|upkeep
|
|t:|1776177151
|switch|p2a: Conkeldurr|Conkeldurr, F|100/100
|turn|18
|
|t:|1776177157
|move|p2a: Conkeldurr|Mach Punch|p1a: Ting-Lu
|-supereffective|p1a: Ting-Lu
|-damage|p1a: Ting-Lu|0 fnt
|faint|p1a: Ting-Lu
|
|-weather|none
|-status|p2a: Conkeldurr|brn|[from] item: Flame Orb
|upkeep
|
|t:|1776177160
|switch|p1a: Slowking|Slowking-Galar, M|100/100
|-damage|p1a: Slowking|88/100|[from] Spikes
|-sideend|p1: Jigpazzzzz|move: Toxic Spikes|[of] p1a: Slowking
|turn|19
|
|t:|1776177163
|move|p2a: Conkeldurr|Knock Off|p1a: Slowking
|-supereffective|p1a: Slowking
|-damage|p1a: Slowking|0 fnt
|-damage|p2a: Conkeldurr|84/100 brn|[from] item: Rocky Helmet|[of] p1a: Slowking
|-enditem|p1a: Slowking|Rocky Helmet|[from] move: Knock Off|[of] p2a: Conkeldurr
|faint|p1a: Slowking
|
|win|TheRegisAreCool
|raw|Jigpazzzzz's rating: 1154 &rarr; <strong>1132</strong><br />(-22 for losing)
|raw|TheRegisAreCool's rating: 1196 &rarr; <strong>1218</strong><br />(+22 for winning)
