|html|<div class="broadcast-blue"><strong>[Gen 9] OU is currently suspecting Tera Blast! For information on how to participate check out the <a href="https://www.smogon.com/tools/suspects/view/200">suspect thread</a>.</strong></div>
|j|☆M3XG3N54 real
|j|☆De_owner
|t:|1776086626
|gametype|singles
|player|p1|M3XG3N54 real|2|1257
|player|p2|De_owner|caitlin|1227
|gen|9
|tier|[Gen 9] OU
|rated|
|rule|HP Percentage Mod: HP is shown in percentages
|rule|Endless Battle Clause: Forcing endless battles is banned
|rule|Species Clause: Limit one of each Pokémon
|rule|OHKO Clause: OHKO moves are banned
|rule|Evasion Items Clause: Evasion items are banned
|rule|Evasion Moves Clause: Evasion moves are banned
|rule|Evasion Abilities Clause: Evasion abilities are banned
|rule|Sleep Moves Clause: Sleep-inducing moves are banned
|clearpoke
|poke|p1|Cresselia, F|
|poke|p1|Glastrier|
|poke|p1|Ursaluna, M|
|poke|p1|Slowking-Galar, M|
|poke|p1|Kingambit, F|
|poke|p1|Skeledirge, M|
|poke|p2|Dondozo, M|
|poke|p2|Corviknight, M|
|poke|p2|Weezing-Galar, F|
|poke|p2|Gliscor, M|
|poke|p2|Toxapex, F|
|poke|p2|Grimmsnarl, M|
|teampreview
|j| ohko_smeargle
|inactive|Battle timer is ON: inactive players will automatically lose when time's up. (requested by M3XG3N54 real)
|
|t:|1776086633
|teamsize|p1|6
|teamsize|p2|6
|start
|switch|p1a: Cresselia|Cresselia, F|100/100
|switch|p2a: Grimmsnarl|Grimmsnarl, M|100/100
|turn|1
|
|t:|1776086637
|move|p2a: Grimmsnarl|Light Screen|p2a: Grimmsnarl
|-sidestart|p2: De_owner|move: Light Screen
|move|p1a: Cresselia|Light Screen|p1a: Cresselia
|-sidestart|p1: M3XG3N54 real|move: Light Screen
|
|upkeep
|turn|2
|
|t:|1776086641
|move|p2a: Grimmsnarl|Reflect|p2a: Grimmsnarl
|-sidestart|p2: De_owner|Reflect
|move|p1a: Cresselia|Reflect|p1a: Cresselia
|-sidestart|p1: M3XG3N54 real|Reflect
|
|upkeep
|turn|3
|
|t:|1776086649
|move|p2a: Grimmsnarl|Spirit Break|p1a: Cresselia
|-damage|p1a: Cresselia|93/100
|-unboost|p1a: Cresselia|spa|1
|move|p1a: Cresselia|Trick Room|p1a: Cresselia
|-fieldstart|move: Trick Room|[of] p1a: Cresselia
|
|upkeep
|turn|4
|
|t:|1776086658
|switch|p1a: Ursaluna|Ursaluna, M|100/100
|move|p2a: Grimmsnarl|Parting Shot|p1a: Ursaluna
|-unboost|p1a: Ursaluna|atk|1
|-unboost|p1a: Ursaluna|spa|1
|
|t:|1776086674
|switch|p2a: Toxapex|Toxapex, F|100/100|[from] Parting Shot
|
|-status|p1a: Ursaluna|brn|[from] item: Flame Orb
|upkeep
|turn|5
|
|t:|1776086683
|switch|p2a: Dondozo|Dondozo, M|100/100
|switch|p1a: Slowking|Slowking-Galar, M|100/100
|
|upkeep
|turn|6
|
|t:|1776086694
|move|p1a: Slowking|Eerie Spell|p2a: Dondozo
|-damage|p2a: Dondozo|87/100
|move|p2a: Dondozo|Avalanche|p1a: Slowking
|-damage|p1a: Slowking|89/100
|
|-heal|p2a: Dondozo|93/100|[from] item: Leftovers
|upkeep
|turn|7
|
|t:|1776086709
|move|p1a: Slowking|Flamethrower|p2a: Dondozo
|-resisted|p2a: Dondozo
|-damage|p2a: Dondozo|88/100
|move|p2a: Dondozo|Avalanche|p1a: Slowking
|-damage|p1a: Slowking|76/100
|
|-heal|p2a: Dondozo|94/100|[from] item: Leftovers
|-fieldend|move: Trick Room
|upkeep
|turn|8
|
|t:|1776086714
|move|p2a: Dondozo|Body Press|p1a: Slowking
|-resisted|p1a: Slowking
|-damage|p1a: Slowking|73/100
|-prepare|p1a: Slowking|Chilly Reception|[premajor]
|move|p1a: Slowking|Chilly Reception|p1a: Slowking
|-weather|Snowscape
|
|t:|1776086716
|switch|p1a: Glastrier|Glastrier|100/100|[from] Chilly Reception
|
|-weather|Snowscape|[upkeep]
|-heal|p2a: Dondozo|99/100|[from] item: Leftovers
|-sideend|p1: M3XG3N54 real|move: Light Screen
|-sideend|p2: De_owner|move: Light Screen
|upkeep
|turn|9
|
|t:|1776086728
|switch|p1a: Slowking|Slowking-Galar, M|100/100
|move|p2a: Dondozo|Body Press|p1a: Slowking
|-resisted|p1a: Slowking
|-damage|p1a: Slowking|97/100
|
|-weather|Snowscape|[upkeep]
|-heal|p2a: Dondozo|100/100|[from] item: Leftovers
|-sideend|p1: M3XG3N54 real|Reflect
|-sideend|p2: De_owner|Reflect
|upkeep
|turn|10
|
|t:|1776086735
|switch|p2a: Grimmsnarl|Grimmsnarl, M|100/100
|-prepare|p1a: Slowking|Chilly Reception|[premajor]
|move|p1a: Slowking|Chilly Reception|p1a: Slowking
|
|t:|1776086743
|switch|p1a: Skeledirge|Skeledirge, M|100/100|[from] Chilly Reception
|
|-weather|Snowscape|[upkeep]
|upkeep
|turn|11
|
|t:|1776086747
|move|p2a: Grimmsnarl|Light Screen|p2a: Grimmsnarl
|-sidestart|p2: De_owner|move: Light Screen
|move|p1a: Skeledirge|Substitute|p1a: Skeledirge
|-start|p1a: Skeledirge|Substitute
|-damage|p1a: Skeledirge|75/100
|
|-weather|Snowscape|[upkeep]
|upkeep
|turn|12
|
|t:|1776086753
|move|p2a: Grimmsnarl|Reflect|p2a: Grimmsnarl
|-sidestart|p2: De_owner|Reflect
|move|p1a: Skeledirge|Torch Song|p2a: Grimmsnarl
|-damage|p2a: Grimmsnarl|89/100
|-boost|p1a: Skeledirge|spa|1
|
|-weather|none
|upkeep
|turn|13
|
|t:|1776086757
|move|p1a: Skeledirge|Torch Song|p2a: Grimmsnarl
|-damage|p2a: Grimmsnarl|72/100
|-boost|p1a: Skeledirge|spa|1
|move|p2a: Grimmsnarl|Spirit Break|p1a: Skeledirge
|-resisted|p1a: Skeledirge
|-activate|p1a: Skeledirge|move: Substitute|[damage]
|
|upkeep
|turn|14
|
|t:|1776086761
|move|p2a: Grimmsnarl|Parting Shot|p1a: Skeledirge
|-unboost|p1a: Skeledirge|atk|1
|-unboost|p1a: Skeledirge|spa|1
|
|t:|1776086770
|switch|p2a: Gliscor|Gliscor, M|100/100|[from] Parting Shot
|move|p1a: Skeledirge|Torch Song|p2a: Gliscor
|-damage|p2a: Gliscor|81/100
|-boost|p1a: Skeledirge|spa|1
|
|-status|p2a: Gliscor|tox|[from] item: Toxic Orb
|upkeep
|turn|15
|
|t:|1776086778
|move|p2a: Gliscor|Protect|p2a: Gliscor
|-singleturn|p2a: Gliscor|Protect
|move|p1a: Skeledirge|Shadow Ball|p2a: Gliscor
|-activate|p2a: Gliscor|move: Protect
|
|-heal|p2a: Gliscor|93/100 tox|[from] ability: Poison Heal
|upkeep
|turn|16
|
|t:|1776086790
|move|p2a: Gliscor|Knock Off|p1a: Skeledirge
|-supereffective|p1a: Skeledirge
|-end|p1a: Skeledirge|Substitute
|move|p1a: Skeledirge|Shadow Ball|p2a: Gliscor
|-damage|p2a: Gliscor|69/100 tox
|
|-heal|p2a: Gliscor|81/100 tox|[from] ability: Poison Heal
|upkeep
|turn|17
|
|t:|1776086801
|move|p2a: Gliscor|Knock Off|p1a: Skeledirge
|-supereffective|p1a: Skeledirge
|-damage|p1a: Skeledirge|46/100
|-enditem|p1a: Skeledirge|Heavy-Duty Boots|[from] move: Knock Off|[of] p2a: Gliscor
|move|p1a: Skeledirge|Substitute|p1a: Skeledirge
|-start|p1a: Skeledirge|Substitute
|-damage|p1a: Skeledirge|21/100
|
|-heal|p2a: Gliscor|94/100 tox|[from] ability: Poison Heal
|upkeep
|turn|18
|
|t:|1776086806
|move|p2a: Gliscor|Earthquake|p1a: Skeledirge
|-supereffective|p1a: Skeledirge
|-end|p1a: Skeledirge|Substitute
|move|p1a: Skeledirge|Slack Off|p1a: Skeledirge
|-heal|p1a: Skeledirge|71/100
|
|-heal|p2a: Gliscor|100/100 tox|[from] ability: Poison Heal
|-sideend|p2: De_owner|move: Light Screen
|upkeep
|turn|19
|
|t:|1776086809
|switch|p1a: Cresselia|Cresselia, F|93/100
|move|p2a: Gliscor|Earthquake|p1a: Cresselia
|-immune|p1a: Cresselia|[from] ability: Levitate
|
|-sideend|p2: De_owner|Reflect
|upkeep
|turn|20
|
|t:|1776086817
|move|p2a: Gliscor|Knock Off|p1a: Cresselia
|-supereffective|p1a: Cresselia
|-damage|p1a: Cresselia|69/100
|-enditem|p1a: Cresselia|Light Clay|[from] move: Knock Off|[of] p2a: Gliscor
|move|p1a: Cresselia|Reflect|p1a: Cresselia
|-sidestart|p1: M3XG3N54 real|Reflect
|
|upkeep
|turn|21
|
|t:|1776086828
|move|p2a: Gliscor|Spikes|p1a: Cresselia
|-sidestart|p1: M3XG3N54 real|Spikes
|move|p1a: Cresselia|Light Screen|p1a: Cresselia
|-sidestart|p1: M3XG3N54 real|move: Light Screen
|
|upkeep
|turn|22
|
|t:|1776086831
|move|p2a: Gliscor|Spikes|p1a: Cresselia
|-sidestart|p1: M3XG3N54 real|Spikes
|move|p1a: Cresselia|Trick Room|p1a: Cresselia
|-fieldstart|move: Trick Room|[of] p1a: Cresselia
|
|upkeep
|turn|23
|
|t:|1776086834
|switch|p1a: Glastrier|Glastrier|100/100
|move|p2a: Gliscor|Spikes|p1a: Glastrier
|-sidestart|p1: M3XG3N54 real|Spikes
|
|upkeep
|turn|24
|
|t:|1776086840
|switch|p2a: Dondozo|Dondozo, M|100/100
|move|p1a: Glastrier|Swords Dance|p1a: Glastrier
|-boost|p1a: Glastrier|atk|2
|
|-sideend|p1: M3XG3N54 real|Reflect
|upkeep
|turn|25
|
|t:|1776086845
|-terastallize|p1a: Glastrier|Electric
|move|p1a: Glastrier|Tera Blast|p2a: Dondozo|[anim] Tera Blast Electric
|-supereffective|p2a: Dondozo
|-damage|p2a: Dondozo|53/100
|move|p2a: Dondozo|Body Press|p1a: Glastrier
|-damage|p1a: Glastrier|81/100
|
|-heal|p2a: Dondozo|59/100|[from] item: Leftovers
|-sideend|p1: M3XG3N54 real|move: Light Screen
|upkeep
|turn|26
|
|t:|1776086851
|move|p1a: Glastrier|Tera Blast|p2a: Dondozo|[anim] Tera Blast Electric
|-supereffective|p2a: Dondozo
|-damage|p2a: Dondozo|14/100
|move|p2a: Dondozo|Body Press|p1a: Glastrier
|-damage|p1a: Glastrier|63/100
|
|-heal|p2a: Dondozo|21/100|[from] item: Leftovers
|-fieldend|move: Trick Room
|upkeep
|turn|27
|
|t:|1776086857
|move|p2a: Dondozo|Rest|p2a: Dondozo
|-status|p2a: Dondozo|slp|[from] move: Rest
|-heal|p2a: Dondozo|100/100 slp|[silent]
|move|p1a: Glastrier|Tera Blast|p2a: Dondozo|[anim] Tera Blast Electric
|-supereffective|p2a: Dondozo
|-crit|p2a: Dondozo
|-damage|p2a: Dondozo|30/100 slp
|
|-heal|p2a: Dondozo|36/100 slp|[from] item: Leftovers
|upkeep
|turn|28
|
|t:|1776086863
|cant|p2a: Dondozo|slp
|move|p2a: Dondozo|Sleep Talk|p2a: Dondozo
|move|p2a: Dondozo|Rest||[from] move: Sleep Talk|[still]
|-fail|p2a: Dondozo
|move|p1a: Glastrier|Tera Blast|p2a: Dondozo|[anim] Tera Blast Electric
|-supereffective|p2a: Dondozo
|-damage|p2a: Dondozo|0 fnt
|faint|p2a: Dondozo
|-ability|p1a: Glastrier|Chilling Neigh|boost
|-boost|p1a: Glastrier|atk|1
|
|upkeep
|
|t:|1776086870
|switch|p2a: Gliscor|Gliscor, M|100/100 tox
|turn|29
|
|t:|1776086873
|switch|p2a: Toxapex|Toxapex, F|100/100
|move|p1a: Glastrier|Icicle Crash|p2a: Toxapex
|-resisted|p2a: Toxapex
|-damage|p2a: Toxapex|48/100
|
|-heal|p2a: Toxapex|54/100|[from] item: Leftovers
|upkeep
|turn|30
|
|t:|1776086877
|move|p2a: Toxapex|Baneful Bunker|p2a: Toxapex
|-singleturn|p2a: Toxapex|move: Protect
|move|p1a: Glastrier|Tera Blast|p2a: Toxapex|[anim] Tera Blast Electric
|-activate|p2a: Toxapex|move: Protect
|
|-heal|p2a: Toxapex|61/100|[from] item: Leftovers
|upkeep
|turn|31
|
|t:|1776086891
|move|p2a: Toxapex|Haze|p2a: Toxapex
|-clearallboost
|move|p1a: Glastrier|Icicle Crash|p2a: Toxapex
|-resisted|p2a: Toxapex
|-damage|p2a: Toxapex|41/100
|
|-heal|p2a: Toxapex|47/100|[from] item: Leftovers
|upkeep
|turn|32
|
|t:|1776086898
|move|p2a: Toxapex|Recover|p2a: Toxapex
|-heal|p2a: Toxapex|97/100
|move|p1a: Glastrier|Tera Blast|p2a: Toxapex|[anim] Tera Blast Electric
|-supereffective|p2a: Toxapex
|-crit|p2a: Toxapex
|-damage|p2a: Toxapex|0 fnt
|faint|p2a: Toxapex
|-ability|p1a: Glastrier|Chilling Neigh|boost
|-boost|p1a: Glastrier|atk|1
|
|upkeep
|
|t:|1776086906
|switch|p2a: Gliscor|Gliscor, M|100/100 tox
|turn|33
|
|t:|1776086912
|switch|p1a: Cresselia|Cresselia, F|69/100
|move|p2a: Gliscor|Earthquake|p1a: Cresselia
|-immune|p1a: Cresselia|[from] ability: Levitate
|
|upkeep
|turn|34
|
|t:|1776086919
|switch|p2a: Grimmsnarl|Grimmsnarl, M|72/100
|move|p1a: Cresselia|Reflect|p1a: Cresselia
|-sidestart|p1: M3XG3N54 real|Reflect
|
|upkeep
|turn|35
|
|t:|1776086922
|move|p2a: Grimmsnarl|Light Screen|p2a: Grimmsnarl
|-sidestart|p2: De_owner|move: Light Screen
|move|p1a: Cresselia|Light Screen|p1a: Cresselia
|-sidestart|p1: M3XG3N54 real|move: Light Screen
|
|upkeep
|turn|36
|
|t:|1776086926
|move|p2a: Grimmsnarl|Reflect|p2a: Grimmsnarl
|-sidestart|p2: De_owner|Reflect
|move|p1a: Cresselia|Trick Room|p1a: Cresselia
|-fieldstart|move: Trick Room|[of] p1a: Cresselia
|
|upkeep
|turn|37
|
|t:|1776086932
|move|p2a: Grimmsnarl|Spirit Break|p1a: Cresselia
|-damage|p1a: Cresselia|62/100
|-unboost|p1a: Cresselia|spa|1
|move|p1a: Cresselia|Lunar Dance|p1a: Cresselia
|faint|p1a: Cresselia
|
|upkeep
|
|t:|1776086935
|switch|p1a: Glastrier|Glastrier, tera:Electric|63/100
|-heal|p1a: Glastrier|100/100|[from] move: Lunar Dance
|turn|38
|
|t:|1776086940
|move|p2a: Grimmsnarl|Parting Shot|p1a: Glastrier
|-unboost|p1a: Glastrier|atk|1
|-unboost|p1a: Glastrier|spa|1
|
|t:|1776086943
|switch|p2a: Weezing|Weezing-Galar, F|100/100|[from] Parting Shot
|-ability|p2a: Weezing|Neutralizing Gas
|move|p1a: Glastrier|Swords Dance|p1a: Glastrier
|-boost|p1a: Glastrier|atk|2
|
|-sideend|p1: M3XG3N54 real|Reflect
|upkeep
|turn|39
|
|t:|1776086950
|move|p1a: Glastrier|Swords Dance|p1a: Glastrier
|-boost|p1a: Glastrier|atk|2
|move|p2a: Weezing|Will-O-Wisp|p1a: Glastrier
|-status|p1a: Glastrier|brn
|
|-damage|p1a: Glastrier|94/100 brn|[from] brn
|-sideend|p1: M3XG3N54 real|move: Light Screen
|upkeep
|turn|40
|
|t:|1776086962
|move|p1a: Glastrier|Tera Blast|p2a: Weezing|[anim] Tera Blast Electric
|-damage|p2a: Weezing|82/100
|move|p2a: Weezing|Pain Split|p1a: Glastrier
|-sethp|p1a: Glastrier|81/100 brn|[from] move: Pain Split|[silent]
|-sethp|p2a: Weezing|98/100|[from] move: Pain Split
|
|-damage|p1a: Glastrier|75/100 brn|[from] brn
|-fieldend|move: Trick Room
|upkeep
|turn|41
|
|t:|1776086966
|move|p2a: Weezing|Toxic Spikes|p1a: Glastrier
|-sidestart|p1: M3XG3N54 real|move: Toxic Spikes
|move|p1a: Glastrier|Swords Dance|p1a: Glastrier
|-boost|p1a: Glastrier|atk|2
|
|-damage|p1a: Glastrier|69/100 brn|[from] brn
|upkeep
|turn|42
|
|t:|1776086972
|move|p2a: Weezing|Toxic Spikes|p1a: Glastrier
|-sidestart|p1: M3XG3N54 real|move: Toxic Spikes
|move|p1a: Glastrier|Swords Dance|p1a: Glastrier
|-boost|p1a: Glastrier|atk|1
|
|-damage|p1a: Glastrier|63/100 brn|[from] brn
|-sideend|p2: De_owner|move: Light Screen
|upkeep
|turn|43
|
|t:|1776086979
|move|p2a: Weezing|Defog|p1a: Glastrier
|-unboost|p1a: Glastrier|evasion|1
|-sideend|p1: M3XG3N54 real|Spikes|[from] move: Defog|[of] p2a: Weezing
|-sideend|p1: M3XG3N54 real|Toxic Spikes|[from] move: Defog|[of] p2a: Weezing
|move|p1a: Glastrier|Tera Blast|p2a: Weezing|[anim] Tera Blast Electric
|-damage|p2a: Weezing|66/100
|
|-damage|p1a: Glastrier|56/100 brn|[from] brn
|-sideend|p2: De_owner|Reflect
|upkeep
|turn|44
|c|☆M3XG3N54 real|?
|
|t:|1776086989
|move|p2a: Weezing|Toxic Spikes|p1a: Glastrier
|-sidestart|p1: M3XG3N54 real|move: Toxic Spikes
|move|p1a: Glastrier|Tera Blast|p2a: Weezing|[anim] Tera Blast Electric
|-damage|p2a: Weezing|0 fnt
|faint|p2a: Weezing
|-end|p2a: Weezing|ability: Neutralizing Gas
|
|-damage|p1a: Glastrier|50/100 brn|[from] brn
|upkeep
|
|t:|1776086995
|switch|p2a: Gliscor|Gliscor, M|100/100 tox
|turn|45
|
|t:|1776087000
|move|p2a: Gliscor|Earthquake|p1a: Glastrier
|-supereffective|p1a: Glastrier
|-damage|p1a: Glastrier|9/100 brn
|move|p1a: Glastrier|Icicle Crash|p2a: Gliscor
|-supereffective|p2a: Gliscor
|-damage|p2a: Gliscor|0 fnt
|faint|p2a: Gliscor
|
|-damage|p1a: Glastrier|3/100 brn|[from] brn
|upkeep
|
|t:|1776087003
|switch|p2a: Corviknight|Corviknight, M, shiny|100/100
|-ability|p2a: Corviknight|Pressure
|turn|46
|
|t:|1776087006
|move|p2a: Corviknight|Body Press|p1a: Glastrier
|-damage|p1a: Glastrier|0 fnt
|faint|p1a: Glastrier
|
|upkeep
|
|t:|1776087008
|switch|p1a: Slowking|Slowking-Galar, M|100/100
|-sideend|p1: M3XG3N54 real|move: Toxic Spikes|[of] p1a: Slowking
|turn|47
|
|t:|1776087018
|move|p2a: Corviknight|Iron Defense|p2a: Corviknight
|-boost|p2a: Corviknight|def|2
|move|p1a: Slowking|Trick Room|p1a: Slowking
|-fieldstart|move: Trick Room|[of] p1a: Slowking
|
|upkeep
|turn|48
|
|t:|1776087028
|-terastallize|p2a: Corviknight|Fighting
|move|p1a: Slowking|Flamethrower|p2a: Corviknight
|-crit|p2a: Corviknight
|-damage|p2a: Corviknight|66/100
|move|p2a: Corviknight|Iron Defense|p2a: Corviknight
|-boost|p2a: Corviknight|def|2
|
|-heal|p2a: Corviknight|72/100|[from] item: Leftovers
|upkeep
|turn|49
|
|t:|1776087041
|move|p1a: Slowking|Eerie Spell|p2a: Corviknight
|-supereffective|p2a: Corviknight
|-damage|p2a: Corviknight|17/100
|-activate|p2a: Corviknight|move: Eerie Spell|Iron Defense|3
|move|p2a: Corviknight|Iron Defense|p2a: Corviknight
|-boost|p2a: Corviknight|def|2
|
|-heal|p2a: Corviknight|24/100|[from] item: Leftovers
|upkeep
|turn|50
|
|t:|1776087046
|move|p1a: Slowking|Eerie Spell|p2a: Corviknight
|-supereffective|p2a: Corviknight
|-damage|p2a: Corviknight|0 fnt
|faint|p2a: Corviknight
|
|upkeep
|
|t:|1776087048
|switch|p2a: Grimmsnarl|Grimmsnarl, M|72/100
|turn|51
|-message|De_owner forfeited.
|
|win|M3XG3N54 real
|raw|M3XG3N54 real's rating: 1257 &rarr; <strong>1280</strong><br />(+23 for winning)
|raw|De_owner's rating: 1227 &rarr; <strong>1204</strong><br />(-23 for losing)
|l|☆De_owner
|player|p2|
|j|☆De_owner
|player|p2|De_owner|caitlin|
|l|☆M3XG3N54 real
|player|p1|
|l| ohko_smeargle
|l|☆De_owner
|player|p2|
