|html|<div class="broadcast-blue"><strong>[Gen 9] OU is currently suspecting Tera Blast! For information on how to participate check out the <a href="https://www.smogon.com/tools/suspects/view/200">suspect thread</a>.</strong></div>
|j|☆swordsdance77090
|j|☆injeramerchant
|t:|1776170356
|gametype|singles
|player|p1|swordsdance77090|skierf-gen4dp|1163
|player|p2|injeramerchant|bea|1156
|gen|9
|tier|[Gen 9] OU
|rated|
|rule|HP Percentage Mod: HP is shown in percentages
|rule|Endless Battle Clause: Forcing endless battles is banned
|rule|Species Clause: Limit one of each Pokémon
|rule|OHKO Clause: OHKO moves are banned
|rule|Evasion Items Clause: Evasion items are banned
|rule|Evasion Moves Clause: Evasion moves are banned
|rule|Evasion Abilities Clause: Evasion abilities are banned
|rule|Sleep Moves Clause: Sleep-inducing moves are banned
|clearpoke
|poke|p1|Dragonite, M|
|poke|p1|Samurott-Hisui, M|
|poke|p1|Clefable, F|
|poke|p1|Gliscor, F|
|poke|p1|Gholdengo|
|poke|p1|Zamazenta-*|
|poke|p2|Cinderace, F|
|poke|p2|Garchomp, M|
|poke|p2|Iron Hands|
|poke|p2|Primarina, M|
|poke|p2|Grimmsnarl, M|
|poke|p2|Meowstic, M|
|teampreview
|inactive|Battle timer is ON: inactive players will automatically lose when time's up. (requested by swordsdance77090)
|
|t:|1776170378
|teamsize|p1|6
|teamsize|p2|6
|start
|switch|p1a: Zamazenta|Zamazenta|100/100
|switch|p2a: stalin|Meowstic, M, shiny|100/100
|-ability|p1a: Zamazenta|Dauntless Shield|boost
|-boost|p1a: Zamazenta|def|1
|turn|1
|
|t:|1776170392
|switch|p1a: Samurott|Samurott-Hisui, M|100/100
|move|p2a: stalin|Reflect|p2a: stalin
|-sidestart|p2: injeramerchant|Reflect
|
|upkeep
|turn|2
|
|t:|1776170407
|move|p2a: stalin|Light Screen|p2a: stalin
|-sidestart|p2: injeramerchant|move: Light Screen
|move|p1a: Samurott|Ceaseless Edge|p2a: stalin
|-supereffective|p2a: stalin
|-damage|p2a: stalin|51/100
|-sidestart|p2: injeramerchant|Spikes
|
|upkeep
|turn|3
|
|t:|1776170420
|move|p2a: stalin|Thunder Wave|p1a: Samurott
|-hint|Since gen 7, Dark is immune to Prankster moves.
|-immune|p1a: Samurott
|move|p1a: Samurott|Ceaseless Edge|p2a: stalin
|-supereffective|p2a: stalin
|-damage|p2a: stalin|0 fnt
|-sidestart|p2: injeramerchant|Spikes
|faint|p2a: stalin
|
|upkeep
|
|t:|1776170429
|switch|p2a: metalyahu|Iron Hands, shiny|100/100
|-damage|p2a: metalyahu|84/100|[from] Spikes
|-enditem|p2a: metalyahu|Booster Energy
|-activate|p2a: metalyahu|ability: Quark Drive|[fromitem]
|-start|p2a: metalyahu|quarkdriveatk
|turn|4
|
|t:|1776170446
|switch|p1a: Zamazenta|Zamazenta|100/100
|move|p2a: metalyahu|Fake Out|p1a: Zamazenta
|-damage|p1a: Zamazenta|84/100
|
|upkeep
|turn|5
|
|t:|1776170458
|move|p1a: Zamazenta|Reflect|p1a: Zamazenta
|-sidestart|p1: swordsdance77090|Reflect
|move|p2a: metalyahu|Drain Punch|p1a: Zamazenta
|-damage|p1a: Zamazenta|59/100
|-heal|p2a: metalyahu|93/100|[from] drain|[of] p1a: Zamazenta
|
|upkeep
|turn|6
|
|t:|1776170473
|switch|p1a: Gliscor|Gliscor, F|100/100
|-end|p2a: metalyahu|Quark Drive|[silent]
|switch|p2a: bin laden|Primarina, M|100/100
|-damage|p2a: bin laden|84/100|[from] Spikes
|
|-heal|p2a: bin laden|90/100|[from] item: Leftovers
|-status|p1a: Gliscor|tox|[from] item: Toxic Orb
|upkeep
|turn|7
|
|t:|1776170485
|switch|p1a: Gholdengo|Gholdengo|100/100
|move|p2a: bin laden|Ice Beam|p1a: Gholdengo
|-resisted|p1a: Gholdengo
|-damage|p1a: Gholdengo|83/100
|
|-heal|p1a: Gholdengo|89/100|[from] item: Leftovers
|-heal|p2a: bin laden|96/100|[from] item: Leftovers
|upkeep
|turn|8
|
|t:|1776170497
|switch|p2a: idi amin|Garchomp, M, shiny|100/100
|-damage|p2a: idi amin|84/100|[from] Spikes
|move|p1a: Gholdengo|Thunder Wave|p2a: idi amin
|-immune|p2a: idi amin
|
|-heal|p2a: idi amin|90/100|[from] item: Leftovers
|-heal|p1a: Gholdengo|95/100|[from] item: Leftovers
|-sideend|p2: injeramerchant|Reflect
|upkeep
|turn|9
|
|t:|1776170512
|switch|p1a: Gliscor|Gliscor, F|100/100 tox
|move|p2a: idi amin|Dragon Claw|p1a: Gliscor
|-damage|p1a: Gliscor|82/100 tox
|
|-heal|p2a: idi amin|96/100|[from] item: Leftovers
|-heal|p1a: Gliscor|95/100 tox|[from] ability: Poison Heal
|-sideend|p2: injeramerchant|move: Light Screen
|upkeep
|turn|10
|
|t:|1776170522
|move|p2a: idi amin|Brick Break|p1a: Gliscor
|-sideend|p1: swordsdance77090|Reflect
|-resisted|p1a: Gliscor
|-damage|p1a: Gliscor|84/100 tox
|move|p1a: Gliscor|Knock Off|p2a: idi amin
|-damage|p2a: idi amin|73/100
|-damage|p1a: Gliscor|72/100 tox|[from] ability: Rough Skin|[of] p2a: idi amin
|-enditem|p2a: idi amin|Leftovers|[from] move: Knock Off|[of] p1a: Gliscor
|
|-heal|p1a: Gliscor|84/100 tox|[from] ability: Poison Heal
|upkeep
|turn|11
|
|t:|1776170533
|switch|p2a: metalyahu|Iron Hands, shiny|93/100
|-damage|p2a: metalyahu|76/100|[from] Spikes
|move|p1a: Gliscor|Swords Dance|p1a: Gliscor
|-boost|p1a: Gliscor|atk|2
|
|-heal|p1a: Gliscor|97/100 tox|[from] ability: Poison Heal
|upkeep
|turn|12
|
|t:|1776170557
|move|p1a: Gliscor|Facade|p2a: metalyahu
|-damage|p2a: metalyahu|38/100
|move|p2a: metalyahu|Ice Punch|p1a: Gliscor
|-supereffective|p1a: Gliscor
|-damage|p1a: Gliscor|7/100 tox
|
|-heal|p1a: Gliscor|19/100 tox|[from] ability: Poison Heal
|upkeep
|turn|13
|
|t:|1776170568
|move|p1a: Gliscor|Protect|p1a: Gliscor
|-singleturn|p1a: Gliscor|Protect
|move|p2a: metalyahu|Ice Punch|p1a: Gliscor
|-activate|p1a: Gliscor|move: Protect
|
|-heal|p1a: Gliscor|32/100 tox|[from] ability: Poison Heal
|upkeep
|turn|14
|
|t:|1776170576
|move|p1a: Gliscor|Facade|p2a: metalyahu
|-crit|p2a: metalyahu
|-damage|p2a: metalyahu|0 fnt
|faint|p2a: metalyahu
|-end|p2a: metalyahu|Quark Drive|[silent]
|
|-heal|p1a: Gliscor|44/100 tox|[from] ability: Poison Heal
|upkeep
|
|t:|1776170584
|switch|p2a: pol pot|Cinderace, F, shiny|100/100
|-damage|p2a: pol pot|84/100|[from] Spikes
|turn|15
|
|t:|1776170598
|switch|p1a: Dragonite|Dragonite, M|100/100
|move|p2a: pol pot|Court Change|p2a: pol pot
|-start|p2a: pol pot|typechange|Normal|[from] ability: Libero
|-swapsideconditions
|-activate|p2a: pol pot|move: Court Change
|
|upkeep
|turn|16
|
|t:|1776170609
|switch|p2a: bin laden|Primarina, M|96/100
|move|p1a: Dragonite|Dragon Dance|p1a: Dragonite
|-boost|p1a: Dragonite|atk|1
|-boost|p1a: Dragonite|spe|1
|
|-heal|p2a: bin laden|100/100|[from] item: Leftovers
|upkeep
|turn|17
|
|t:|1776170624
|switch|p1a: Gholdengo|Gholdengo|95/100
|-damage|p1a: Gholdengo|79/100|[from] Spikes
|move|p2a: bin laden|Ice Beam|p1a: Gholdengo
|-resisted|p1a: Gholdengo
|-damage|p1a: Gholdengo|61/100
|
|-heal|p1a: Gholdengo|67/100|[from] item: Leftovers
|upkeep
|turn|18
|
|t:|1776170633
|switch|p1a: Clefable|Clefable, F|100/100
|switch|p2a: pol pot|Cinderace, F, shiny|84/100
|
|upkeep
|turn|19
|
|t:|1776170644
|switch|p1a: Dragonite|Dragonite, M|100/100
|move|p2a: pol pot|Pyro Ball|p1a: Dragonite
|-resisted|p1a: Dragonite
|-damage|p1a: Dragonite|86/100
|
|upkeep
|turn|20
|
|t:|1776170653
|switch|p2a: bin laden|Primarina, M|100/100
|move|p1a: Dragonite|Earthquake|p2a: bin laden
|-damage|p2a: bin laden|51/100
|
|-heal|p2a: bin laden|57/100|[from] item: Leftovers
|upkeep
|turn|21
|
|t:|1776170661
|switch|p1a: Clefable|Clefable, F|100/100
|move|p2a: bin laden|Ice Beam|p1a: Clefable
|-damage|p1a: Clefable|75/100
|
|-heal|p2a: bin laden|63/100|[from] item: Leftovers
|-heal|p1a: Clefable|81/100|[from] item: Leftovers
|upkeep
|turn|22
|
|t:|1776170669
|move|p1a: Clefable|Moonblast|p2a: bin laden
|-damage|p2a: bin laden|35/100
|move|p2a: bin laden|Hyper Voice|p1a: Clefable
|-damage|p1a: Clefable|43/100
|
|-heal|p2a: bin laden|41/100|[from] item: Leftovers
|-heal|p1a: Clefable|49/100|[from] item: Leftovers
|upkeep
|turn|23
|-message|injeramerchant forfeited.
|
|win|swordsdance77090
|raw|swordsdance77090's rating: 1163 &rarr; <strong>1187</strong><br />(+24 for winning)
|raw|injeramerchant's rating: 1156 &rarr; <strong>1132</strong><br />(-24 for losing)
|l|☆injeramerchant
|player|p2|
|c|☆swordsdance77090|Gg
