|html|<div class="broadcast-blue"><strong>[Gen 9] OU is currently suspecting Tera Blast! For information on how to participate check out the <a href="https://www.smogon.com/tools/suspects/view/200">suspect thread</a>.</strong></div>
|j|☆DonovanIsNotHere
|j|☆1200s chud
|t:|1776124416
|gametype|singles
|player|p1|DonovanIsNotHere|170|1603
|player|p2|1200s chud|drayton|1565
|gen|9
|tier|[Gen 9] OU
|rated|
|rule|HP Percentage Mod: HP is shown in percentages
|rule|Endless Battle Clause: Forcing endless battles is banned
|rule|Species Clause: Limit one of each Pokémon
|rule|OHKO Clause: OHKO moves are banned
|rule|Evasion Items Clause: Evasion items are banned
|rule|Evasion Moves Clause: Evasion moves are banned
|rule|Evasion Abilities Clause: Evasion abilities are banned
|rule|Sleep Moves Clause: Sleep-inducing moves are banned
|clearpoke
|poke|p1|Venusaur, M|
|poke|p1|Magnezone|
|poke|p1|Moltres|
|poke|p1|Ogerpon-Wellspring, F|
|poke|p1|Clefable, M|
|poke|p1|Pecharunt|
|poke|p2|Araquanid, M|
|poke|p2|Landorus-Therian, M|
|poke|p2|Hatterene, F|
|poke|p2|Gholdengo|
|poke|p2|Ceruledge, F|
|poke|p2|Darkrai|
|teampreview
|inactive|Battle timer is ON: inactive players will automatically lose when time's up. (requested by 1200s chud)
|
|t:|1776124430
|teamsize|p1|6
|teamsize|p2|6
|start
|switch|p1a: Bird Trap|Magnezone|100/100
|switch|p2a: Araquanid|Araquanid, M|100/100
|turn|1
|
|t:|1776124449
|move|p1a: Bird Trap|Thunderbolt|p2a: Araquanid
|-supereffective|p2a: Araquanid
|-damage|p2a: Araquanid|0 fnt
|faint|p2a: Araquanid
|
|upkeep
|
|t:|1776124454
|switch|p2a: Landorus|Landorus-Therian, M|100/100
|-ability|p2a: Landorus|Intimidate|boost
|-unboost|p1a: Bird Trap|atk|1
|turn|2
|
|t:|1776124463
|switch|p1a: Dog Trap|Moltres|100/100
|move|p2a: Landorus|Stealth Rock|p1a: Dog Trap
|-sidestart|p1: DonovanIsNotHere|move: Stealth Rock
|
|upkeep
|turn|3
|
|t:|1776124471
|switch|p2a: Ceruledge|Ceruledge, F|100/100
|move|p1a: Dog Trap|Hurricane|p2a: Ceruledge
|-damage|p2a: Ceruledge|65/100
|
|upkeep
|turn|4
|
|t:|1776124488
|move|p2a: Ceruledge|Bulk Up|p2a: Ceruledge
|-boost|p2a: Ceruledge|atk|1
|-boost|p2a: Ceruledge|def|1
|move|p1a: Dog Trap|Hurricane|p2a: Ceruledge
|-damage|p2a: Ceruledge|31/100
|
|upkeep
|turn|5
|
|t:|1776124495
|move|p2a: Ceruledge|Bitter Blade|p1a: Dog Trap
|-resisted|p1a: Dog Trap
|-damage|p1a: Dog Trap|81/100
|-heal|p2a: Ceruledge|41/100|[from] drain|[of] p1a: Dog Trap
|move|p1a: Dog Trap|Hurricane|p2a: Ceruledge|[miss]
|-miss|p1a: Dog Trap|p2a: Ceruledge
|
|upkeep
|turn|6
|
|t:|1776124504
|move|p2a: Ceruledge|Bulk Up|p2a: Ceruledge
|-boost|p2a: Ceruledge|atk|1
|-boost|p2a: Ceruledge|def|1
|move|p1a: Dog Trap|Hurricane|p2a: Ceruledge
|-damage|p2a: Ceruledge|7/100
|
|upkeep
|turn|7
|
|t:|1776124512
|move|p2a: Ceruledge|Bitter Blade|p1a: Dog Trap
|-resisted|p1a: Dog Trap
|-damage|p1a: Dog Trap|54/100
|-heal|p2a: Ceruledge|22/100|[from] drain|[of] p1a: Dog Trap
|move|p1a: Dog Trap|Hurricane|p2a: Ceruledge|[miss]
|-miss|p1a: Dog Trap|p2a: Ceruledge
|
|upkeep
|turn|8
|
|t:|1776124527
|move|p2a: Ceruledge|Taunt|p1a: Dog Trap
|-start|p1a: Dog Trap|move: Taunt
|move|p1a: Dog Trap|Hurricane|p2a: Ceruledge
|-damage|p2a: Ceruledge|0 fnt
|faint|p2a: Ceruledge
|
|upkeep
|
|t:|1776124532
|switch|p2a: Darkrai|Darkrai|100/100
|turn|9
|
|t:|1776124548
|switch|p1a: Flytrap|Venusaur, M|100/100
|-damage|p1a: Flytrap|88/100|[from] Stealth Rock
|move|p2a: Darkrai|Dark Pulse|p1a: Flytrap
|-damage|p1a: Flytrap|58/100
|
|-heal|p1a: Flytrap|64/100|[from] item: Leftovers
|upkeep
|turn|10
|
|t:|1776124558
|move|p2a: Darkrai|Dark Pulse|p1a: Flytrap
|-damage|p1a: Flytrap|33/100
|move|p1a: Flytrap|Giga Drain|p2a: Darkrai
|-damage|p2a: Darkrai|48/100
|-heal|p1a: Flytrap|54/100|[from] drain|[of] p2a: Darkrai
|
|-heal|p1a: Flytrap|60/100|[from] item: Leftovers
|upkeep
|turn|11
|
|t:|1776124567
|move|p2a: Darkrai|Ice Beam|p1a: Flytrap
|-supereffective|p1a: Flytrap
|-damage|p1a: Flytrap|18/100
|move|p1a: Flytrap|Giga Drain|p2a: Darkrai
|-damage|p2a: Darkrai|0 fnt
|-heal|p1a: Flytrap|36/100|[from] drain|[of] p2a: Darkrai
|faint|p2a: Darkrai
|
|-heal|p1a: Flytrap|42/100|[from] item: Leftovers
|upkeep
|
|t:|1776124574
|switch|p2a: Landorus|Landorus-Therian, M|100/100
|-ability|p2a: Landorus|Intimidate|boost
|-unboost|p1a: Flytrap|atk|1
|turn|12
|
|t:|1776124579
|switch|p1a: Dog Trap|Moltres|54/100
|move|p2a: Landorus|Earthquake|p1a: Dog Trap
|-immune|p1a: Dog Trap
|
|upkeep
|turn|13
|
|t:|1776124582
|move|p2a: Landorus|Taunt|p1a: Dog Trap
|-start|p1a: Dog Trap|move: Taunt
|move|p1a: Dog Trap|Flamethrower|p2a: Landorus
|-damage|p2a: Landorus|59/100
|
|upkeep
|turn|14
|
|t:|1776124584
|move|p2a: Landorus|U-turn|p1a: Dog Trap
|-resisted|p1a: Dog Trap
|-damage|p1a: Dog Trap|50/100
|-status|p2a: Landorus|brn|[from] ability: Flame Body|[of] p1a: Dog Trap
|
|t:|1776124585
|switch|p2a: Hatterene|Hatterene, F|100/100|[from] U-turn
|move|p1a: Dog Trap|Flamethrower|p2a: Hatterene
|-damage|p2a: Hatterene|77/100
|
|upkeep
|turn|15
|
|t:|1776124590
|move|p1a: Dog Trap|U-turn|p2a: Hatterene
|-damage|p2a: Hatterene|61/100
|
|t:|1776124600
|switch|p1a: Bird Trap|Magnezone|100/100|[from] U-turn
|-damage|p1a: Bird Trap|94/100|[from] Stealth Rock
|move|p2a: Hatterene|Psyshock|p1a: Bird Trap
|-resisted|p1a: Bird Trap
|-damage|p1a: Bird Trap|73/100
|
|upkeep
|turn|16
|
|t:|1776124603
|move|p1a: Bird Trap|Flash Cannon|p2a: Hatterene
|-supereffective|p2a: Hatterene
|-damage|p2a: Hatterene|0 fnt
|faint|p2a: Hatterene
|
|upkeep
|
|t:|1776124606
|switch|p2a: Gholdengo|Gholdengo|100/100
|turn|17
|
|t:|1776124616
|switch|p1a: Clefable|Clefable, M|100/100
|move|p2a: Gholdengo|Nasty Plot|p2a: Gholdengo
|-boost|p2a: Gholdengo|spa|2
|
|upkeep
|turn|18
|
|t:|1776124633
|move|p2a: Gholdengo|Make It Rain|p1a: Clefable
|-supereffective|p1a: Clefable
|-damage|p1a: Clefable|0 fnt
|-unboost|p2a: Gholdengo|spa|1
|faint|p1a: Clefable
|
|upkeep
|
|t:|1776124642
|switch|p1a: Ogerpon|Ogerpon-Wellspring, F|100/100
|-damage|p1a: Ogerpon|88/100|[from] Stealth Rock
|turn|19
|
|t:|1776124651
|-terastallize|p1a: Ogerpon|Water
|detailschange|p1a: Ogerpon|Ogerpon-Wellspring-Tera, F, tera:Water
|-ability|p1a: Ogerpon|Embody Aspect (Wellspring)|boost
|-boost|p1a: Ogerpon|spd|1
|-terastallize|p2a: Gholdengo|Steel
|move|p1a: Ogerpon|Knock Off|p2a: Gholdengo
|-damage|p2a: Gholdengo|58/100
|-enditem|p2a: Gholdengo|Metal Coat|[from] move: Knock Off|[of] p1a: Ogerpon
|move|p2a: Gholdengo|Make It Rain|p1a: Ogerpon
|-resisted|p1a: Ogerpon
|-damage|p1a: Ogerpon|36/100
|-unboost|p2a: Gholdengo|spa|1
|
|upkeep
|turn|20
|-message|1200s chud forfeited.
|
|win|DonovanIsNotHere
|raw|DonovanIsNotHere's rating: 1603 &rarr; <strong>1621</strong><br />(+18 for winning)
|raw|1200s chud's rating: 1565 &rarr; <strong>1547</strong><br />(-18 for losing)
|l|☆1200s chud
|player|p2|
