|html|<div class="broadcast-blue"><strong>[Gen 9] OU is currently suspecting Tera Blast! For information on how to participate check out the <a href="https://www.smogon.com/tools/suspects/view/200">suspect thread</a>.</strong></div>
|j|☆all_win_777
|j|☆Aviiiii
|t:|1776284346
|gametype|singles
|player|p1|all_win_777|1|1051
|player|p2|Aviiiii|170|1086
|gen|9
|tier|[Gen 9] OU
|rated|
|rule|HP Percentage Mod: HP is shown in percentages
|rule|Endless Battle Clause: Forcing endless battles is banned
|rule|Species Clause: Limit one of each Pokémon
|rule|OHKO Clause: OHKO moves are banned
|rule|Evasion Items Clause: Evasion items are banned
|rule|Evasion Moves Clause: Evasion moves are banned
|rule|Evasion Abilities Clause: Evasion abilities are banned
|rule|Sleep Moves Clause: Sleep-inducing moves are banned
|clearpoke
|poke|p1|Tyranitar, M|
|poke|p1|Toxapex, M|
|poke|p1|Braviary-Hisui, M|
|poke|p1|Kommo-o, M|
|poke|p1|Entei|
|poke|p1|Articuno|
|poke|p2|Gyarados, F|
|poke|p2|Gliscor, M|
|poke|p2|Iron Valiant|
|poke|p2|Jolteon, F|
|poke|p2|Blaziken, M|
|poke|p2|Kingambit, F|
|teampreview
|
|t:|1776284363
|teamsize|p1|6
|teamsize|p2|6
|start
|switch|p1a: Tyranitar|Tyranitar, M|100/100
|switch|p2a: Gyarados|Gyarados, F|100/100
|-ability|p2a: Gyarados|Intimidate|boost
|-unboost|p1a: Tyranitar|atk|1
|-weather|Sandstorm|[from] ability: Sand Stream|[of] p1a: Tyranitar
|turn|1
|
|t:|1776284374
|-terastallize|p2a: Gyarados|Ground
|-terastallize|p1a: Tyranitar|Ghost
|move|p2a: Gyarados|Dragon Dance|p2a: Gyarados
|-boost|p2a: Gyarados|atk|1
|-boost|p2a: Gyarados|spe|1
|move|p1a: Tyranitar|Stealth Rock|p2a: Gyarados
|-sidestart|p2: Aviiiii|move: Stealth Rock
|
|-weather|Sandstorm|[upkeep]
|-damage|p1a: Tyranitar|94/100|[from] Sandstorm
|upkeep
|turn|2
|
|t:|1776284388
|move|p2a: Gyarados|Dragon Dance|p2a: Gyarados
|-boost|p2a: Gyarados|atk|1
|-boost|p2a: Gyarados|spe|1
|move|p1a: Tyranitar|Crunch|p2a: Gyarados
|-damage|p2a: Gyarados|63/100
|
|-weather|Sandstorm|[upkeep]
|-damage|p1a: Tyranitar|88/100|[from] Sandstorm
|-heal|p2a: Gyarados|69/100|[from] item: Leftovers
|upkeep
|turn|3
|
|t:|1776284398
|move|p2a: Gyarados|Crunch|p1a: Tyranitar
|-supereffective|p1a: Tyranitar
|-damage|p1a: Tyranitar|0 fnt
|faint|p1a: Tyranitar
|
|-weather|Sandstorm|[upkeep]
|-heal|p2a: Gyarados|75/100|[from] item: Leftovers
|upkeep
|
|t:|1776284410
|switch|p1a: Toxapex|Toxapex, M|100/100
|turn|4
|
|t:|1776284413
|move|p2a: Gyarados|Earthquake|p1a: Toxapex
|-supereffective|p1a: Toxapex
|-damage|p1a: Toxapex|0 fnt
|faint|p1a: Toxapex
|
|-weather|Sandstorm|[upkeep]
|-heal|p2a: Gyarados|81/100|[from] item: Leftovers
|upkeep
|
|t:|1776284419
|switch|p1a: Articuno|Articuno|100/100
|-ability|p1a: Articuno|Pressure
|turn|5
|
|t:|1776284426
|move|p2a: Gyarados|Waterfall|p1a: Articuno
|-damage|p1a: Articuno|7/100
|move|p1a: Articuno|Air Slash|p2a: Gyarados
|-damage|p2a: Gyarados|50/100
|
|-weather|none
|-heal|p2a: Gyarados|56/100|[from] item: Leftovers
|upkeep
|turn|6
|
|t:|1776284435
|move|p2a: Gyarados|Waterfall|p1a: Articuno
|-damage|p1a: Articuno|0 fnt
|faint|p1a: Articuno
|
|-heal|p2a: Gyarados|62/100|[from] item: Leftovers
|upkeep
|
|t:|1776284443
|switch|p1a: Kommo-o|Kommo-o, M|100/100
|turn|7
|
|t:|1776284449
|move|p2a: Gyarados|Dragon Dance|p2a: Gyarados
|-boost|p2a: Gyarados|atk|1
|-boost|p2a: Gyarados|spe|1
|move|p1a: Kommo-o|Outrage|p2a: Gyarados
|-damage|p2a: Gyarados|8/100
|
|-heal|p2a: Gyarados|14/100|[from] item: Leftovers
|upkeep
|turn|8
|
|t:|1776284460
|move|p2a: Gyarados|Waterfall|p1a: Kommo-o
|-resisted|p1a: Kommo-o
|-damage|p1a: Kommo-o|55/100
|cant|p1a: Kommo-o|flinch
|
|-heal|p2a: Gyarados|20/100|[from] item: Leftovers
|upkeep
|turn|9
|
|t:|1776284471
|move|p2a: Gyarados|Earthquake|p1a: Kommo-o
|-damage|p1a: Kommo-o|0 fnt
|faint|p1a: Kommo-o
|
|-heal|p2a: Gyarados|26/100|[from] item: Leftovers
|upkeep
|
|t:|1776284474
|switch|p1a: Entei|Entei, shiny|100/100
|-ability|p1a: Entei|Pressure
|-item|p1a: Entei|Air Balloon
|turn|10
|
|t:|1776284482
|move|p1a: Entei|Extreme Speed|p2a: Gyarados
|-damage|p2a: Gyarados|4/100
|move|p2a: Gyarados|Waterfall|p1a: Entei
|-supereffective|p1a: Entei
|-damage|p1a: Entei|0 fnt
|-enditem|p1a: Entei|Air Balloon
|faint|p1a: Entei
|
|-heal|p2a: Gyarados|10/100|[from] item: Leftovers
|upkeep
|
|t:|1776284486
|switch|p1a: Braviary|Braviary-Hisui, M|100/100
|turn|11
|
|t:|1776284496
|move|p2a: Gyarados|Crunch|p1a: Braviary
|-supereffective|p1a: Braviary
|-damage|p1a: Braviary|0 fnt
|faint|p1a: Braviary
|
|win|Aviiiii
|raw|all_win_777's rating: 1051 &rarr; <strong>1035</strong><br />(-16 for losing)
|raw|Aviiiii's rating: 1086 &rarr; <strong>1110</strong><br />(+24 for winning)
