|html|<div class="broadcast-blue"><strong>[Gen 9] OU is currently suspecting Tera Blast! For information on how to participate check out the <a href="https://www.smogon.com/tools/suspects/view/200">suspect thread</a>.</strong></div>
|j|☆portadelic
|j|☆s0l0_ladder1ng
|t:|1776042619
|gametype|singles
|player|p1|portadelic|acetrainersnowf|1437
|player|p2|s0l0_ladder1ng|n|1517
|gen|9
|tier|[Gen 9] OU
|rated|
|rule|HP Percentage Mod: HP is shown in percentages
|rule|Endless Battle Clause: Forcing endless battles is banned
|rule|Species Clause: Limit one of each Pokémon
|rule|OHKO Clause: OHKO moves are banned
|rule|Evasion Items Clause: Evasion items are banned
|rule|Evasion Moves Clause: Evasion moves are banned
|rule|Evasion Abilities Clause: Evasion abilities are banned
|rule|Sleep Moves Clause: Sleep-inducing moves are banned
|clearpoke
|poke|p1|Great Tusk|
|poke|p1|Walking Wake|
|poke|p1|Kingambit, M|
|poke|p1|Venusaur, F|
|poke|p1|Ninetales, F|
|poke|p1|Raging Bolt|
|poke|p2|Pelipper, M|
|poke|p2|Manaphy|
|poke|p2|Bruxish, F|
|poke|p2|Overqwil, F|
|poke|p2|Iron Treads|
|poke|p2|Raging Bolt|
|teampreview
|inactive|Battle timer is ON: inactive players will automatically lose when time's up. (requested by s0l0_ladder1ng)
|
|t:|1776042635
|teamsize|p1|6
|teamsize|p2|6
|start
|switch|p1a: Walking Wake|Walking Wake|100/100
|switch|p2a: Pelipper|Pelipper, M|100/100
|-weather|RainDance|[from] ability: Drizzle|[of] p2a: Pelipper
|turn|1
|
|t:|1776042645
|move|p1a: Walking Wake|Draco Meteor|p2a: Pelipper
|-damage|p2a: Pelipper|0 fnt
|-unboost|p1a: Walking Wake|spa|2
|faint|p2a: Pelipper
|
|-weather|RainDance|[upkeep]
|upkeep
|
|t:|1776042650
|switch|p2a: Overqwil|Overqwil, F|100/100
|turn|2
|inactive|portadelic has 120 seconds left.
|
|t:|1776042688
|-end|p1a: Walking Wake|Protosynthesis|[silent]
|switch|p1a: Raging Bolt|Raging Bolt|100/100
|-item|p1a: Raging Bolt|Air Balloon
|move|p2a: Overqwil|Swords Dance|p2a: Overqwil
|-boost|p2a: Overqwil|atk|2
|
|-weather|RainDance|[upkeep]
|upkeep
|turn|3
|inactive|portadelic has 120 seconds left.
|
|t:|1776042697
|move|p2a: Overqwil|Crunch|p1a: Raging Bolt
|-crit|p1a: Raging Bolt
|-damage|p1a: Raging Bolt|0 fnt
|-enditem|p1a: Raging Bolt|Air Balloon
|faint|p1a: Raging Bolt
|-end|p1a: Raging Bolt|Protosynthesis|[silent]
|-damage|p2a: Overqwil|91/100|[from] item: Life Orb
|
|-weather|RainDance|[upkeep]
|upkeep
|inactive|portadelic has 120 seconds left.
|
|t:|1776042702
|switch|p1a: Ninetales|Ninetales, F|100/100
|-weather|SunnyDay|[from] ability: Drought|[of] p1a: Ninetales
|turn|4
|inactive|portadelic has 120 seconds left.
|
|t:|1776042723
|switch|p1a: Great Tusk|Great Tusk, shiny|100/100
|-activate|p1a: Great Tusk|ability: Protosynthesis
|-start|p1a: Great Tusk|protosynthesisatk
|move|p2a: Overqwil|Crunch|p1a: Great Tusk
|-resisted|p1a: Great Tusk
|-damage|p1a: Great Tusk|68/100
|-unboost|p1a: Great Tusk|def|1
|-damage|p2a: Overqwil|81/100|[from] item: Life Orb
|
|-weather|SunnyDay|[upkeep]
|upkeep
|turn|5
|
|t:|1776042740
|move|p2a: Overqwil|Liquidation|p1a: Great Tusk
|-supereffective|p1a: Great Tusk
|-damage|p1a: Great Tusk|2/100
|-unboost|p1a: Great Tusk|def|1
|-damage|p2a: Overqwil|71/100|[from] item: Life Orb
|move|p1a: Great Tusk|Headlong Rush|p2a: Overqwil
|-supereffective|p2a: Overqwil
|-damage|p2a: Overqwil|0 fnt
|-unboost|p1a: Great Tusk|def|1
|-unboost|p1a: Great Tusk|spd|1
|faint|p2a: Overqwil
|
|-weather|SunnyDay|[upkeep]
|upkeep
|
|t:|1776042745
|switch|p2a: Bruxish|Bruxish, F|100/100
|turn|6
|inactive|portadelic has 120 seconds left.
|
|t:|1776042770
|-end|p1a: Great Tusk|Protosynthesis|[silent]
|switch|p1a: Walking Wake|Walking Wake|100/100
|-activate|p1a: Walking Wake|ability: Protosynthesis
|-start|p1a: Walking Wake|protosynthesisspe
|move|p2a: Bruxish|Flip Turn|p1a: Walking Wake
|-resisted|p1a: Walking Wake
|-damage|p1a: Walking Wake|97/100
|
|t:|1776042777
|switch|p2a: Raging Bolt|Raging Bolt|100/100|[from] Flip Turn
|-activate|p2a: Raging Bolt|ability: Protosynthesis
|-start|p2a: Raging Bolt|protosynthesisspa
|
|-weather|SunnyDay|[upkeep]
|upkeep
|turn|7
|
|t:|1776042785
|-terastallize|p2a: Raging Bolt|Fairy
|move|p1a: Walking Wake|Flip Turn|p2a: Raging Bolt
|-damage|p2a: Raging Bolt|93/100
|
|t:|1776042806
|-end|p1a: Walking Wake|Protosynthesis|[silent]
|switch|p1a: Venusaur|Venusaur, F, shiny|100/100|[from] Flip Turn
|move|p2a: Raging Bolt|Dragon Pulse|p1a: Venusaur
|-damage|p1a: Venusaur|20/100
|
|-weather|SunnyDay|[upkeep]
|upkeep
|turn|8
|
|t:|1776042816
|move|p2a: Raging Bolt|Thunderclap|p1a: Venusaur
|-resisted|p1a: Venusaur
|-damage|p1a: Venusaur|0 fnt
|faint|p1a: Venusaur
|
|-weather|SunnyDay|[upkeep]
|upkeep
|
|t:|1776042819
|switch|p1a: Great Tusk|Great Tusk, shiny|2/100
|-activate|p1a: Great Tusk|ability: Protosynthesis
|-start|p1a: Great Tusk|protosynthesisatk
|turn|9
|
|t:|1776042838
|-end|p2a: Raging Bolt|Protosynthesis|[silent]
|switch|p2a: Manaphy|Manaphy|100/100
|move|p1a: Great Tusk|Headlong Rush|p2a: Manaphy
|-damage|p2a: Manaphy|25/100
|-unboost|p1a: Great Tusk|def|1
|-unboost|p1a: Great Tusk|spd|1
|
|-weather|SunnyDay|[upkeep]
|upkeep
|turn|10
|
|t:|1776042852
|-end|p1a: Great Tusk|Protosynthesis|[silent]
|switch|p1a: Walking Wake|Walking Wake|97/100
|-activate|p1a: Walking Wake|ability: Protosynthesis
|-start|p1a: Walking Wake|protosynthesisspe
|move|p2a: Manaphy|Energy Ball|p1a: Walking Wake
|-damage|p1a: Walking Wake|69/100
|
|-weather|SunnyDay|[upkeep]
|upkeep
|turn|11
|
|t:|1776042863
|move|p1a: Walking Wake|Hydro Steam|p2a: Manaphy
|-resisted|p2a: Manaphy
|-damage|p2a: Manaphy|0 fnt
|faint|p2a: Manaphy
|
|-weather|none
|-end|p1a: Walking Wake|Protosynthesis
|upkeep
|
|t:|1776042867
|switch|p2a: Bruxish|Bruxish, F|100/100
|turn|12
|inactive|portadelic has 120 seconds left.
|
|t:|1776042884
|move|p2a: Bruxish|Flip Turn|p1a: Walking Wake
|-resisted|p1a: Walking Wake
|-damage|p1a: Walking Wake|62/100
|
|t:|1776042887
|switch|p2a: Iron Treads|Iron Treads|100/100|[from] Flip Turn
|-enditem|p2a: Iron Treads|Booster Energy
|-activate|p2a: Iron Treads|ability: Quark Drive|[fromitem]
|-start|p2a: Iron Treads|quarkdrivespe
|move|p1a: Walking Wake|Flip Turn|p2a: Iron Treads
|-supereffective|p2a: Iron Treads
|-damage|p2a: Iron Treads|75/100
|
|t:|1776042896
|-end|p1a: Walking Wake|Protosynthesis|[silent]
|switch|p1a: Ninetales|Ninetales, F|100/100|[from] Flip Turn
|-weather|SunnyDay|[from] ability: Drought|[of] p1a: Ninetales
|
|-weather|SunnyDay|[upkeep]
|upkeep
|turn|13
|inactive|portadelic has 120 seconds left.
|
|t:|1776042906
|switch|p1a: Kingambit|Kingambit, M|100/100
|-activate|p1a: Kingambit|ability: Supreme Overlord
|-start|p1a: Kingambit|fallen2|[silent]
|-item|p1a: Kingambit|Air Balloon
|move|p2a: Iron Treads|Earthquake|p1a: Kingambit
|-immune|p1a: Kingambit
|
|-weather|SunnyDay|[upkeep]
|upkeep
|turn|14
|inactive|portadelic has 120 seconds left.
|
|t:|1776042919
|move|p2a: Iron Treads|Knock Off|p1a: Kingambit
|-resisted|p1a: Kingambit
|-damage|p1a: Kingambit|91/100
|-enditem|p1a: Kingambit|Air Balloon
|move|p1a: Kingambit|Kowtow Cleave|p2a: Iron Treads
|-damage|p2a: Iron Treads|34/100
|
|-weather|SunnyDay|[upkeep]
|upkeep
|turn|15
|inactive|portadelic has 120 seconds left.
|
|t:|1776042929
|move|p2a: Iron Treads|Earthquake|p1a: Kingambit
|-supereffective|p1a: Kingambit
|-damage|p1a: Kingambit|36/100
|move|p1a: Kingambit|Swords Dance|p1a: Kingambit
|-boost|p1a: Kingambit|atk|2
|
|-weather|SunnyDay|[upkeep]
|upkeep
|turn|16
|
|t:|1776042934
|move|p1a: Kingambit|Sucker Punch||[still]
|-fail|p1a: Kingambit
|move|p2a: Iron Treads|Stealth Rock|p1a: Kingambit
|-sidestart|p1: portadelic|move: Stealth Rock
|
|-weather|SunnyDay|[upkeep]
|upkeep
|turn|17
|
|t:|1776042937
|move|p1a: Kingambit|Sucker Punch||[still]
|-fail|p1a: Kingambit
|move|p2a: Iron Treads|Stealth Rock||[still]
|-fail|p2a: Iron Treads
|
|-weather|SunnyDay|[upkeep]
|upkeep
|turn|18
|
|t:|1776042942
|move|p1a: Kingambit|Sucker Punch||[still]
|-fail|p1a: Kingambit
|move|p2a: Iron Treads|Stealth Rock||[still]
|-fail|p2a: Iron Treads
|
|-weather|SunnyDay|[upkeep]
|upkeep
|turn|19
|
|t:|1776042952
|move|p1a: Kingambit|Sucker Punch||[still]
|-fail|p1a: Kingambit
|move|p2a: Iron Treads|Stealth Rock||[still]
|-fail|p2a: Iron Treads
|
|-weather|none
|upkeep
|turn|20
|
|t:|1776042956
|move|p1a: Kingambit|Sucker Punch||[still]
|-fail|p1a: Kingambit
|move|p2a: Iron Treads|Stealth Rock||[still]
|-fail|p2a: Iron Treads
|
|upkeep
|turn|21
|
|t:|1776042964
|move|p2a: Iron Treads|Stealth Rock||[still]
|-fail|p2a: Iron Treads
|move|p1a: Kingambit|Kowtow Cleave|p2a: Iron Treads
|-damage|p2a: Iron Treads|0 fnt
|faint|p2a: Iron Treads
|-end|p2a: Iron Treads|Quark Drive|[silent]
|
|upkeep
|
|t:|1776042967
|switch|p2a: Bruxish|Bruxish, F|100/100
|turn|22
|
|t:|1776042975
|-end|p1a: Kingambit|fallen2|[silent]
|switch|p1a: Walking Wake|Walking Wake|62/100
|-damage|p1a: Walking Wake|49/100|[from] Stealth Rock
|move|p2a: Bruxish|Flip Turn|p1a: Walking Wake
|-resisted|p1a: Walking Wake
|-crit|p1a: Walking Wake
|-damage|p1a: Walking Wake|39/100
|
|t:|1776042978
|switch|p2a: Raging Bolt|Raging Bolt, tera:Fairy|93/100|[from] Flip Turn
|-enditem|p2a: Raging Bolt|Booster Energy
|-activate|p2a: Raging Bolt|ability: Protosynthesis|[fromitem]
|-start|p2a: Raging Bolt|protosynthesisspa
|
|upkeep
|turn|23
|
|t:|1776042993
|-end|p1a: Walking Wake|Protosynthesis|[silent]
|switch|p1a: Great Tusk|Great Tusk, shiny|2/100
|-damage|p1a: Great Tusk|0 fnt|[from] Stealth Rock
|faint|p1a: Great Tusk
|-end|p1a: Great Tusk|Protosynthesis|[silent]
|move|p2a: Raging Bolt|Dragon Pulse|p1: Great Tusk|[notarget]
|-fail|p2a: Raging Bolt
|
|upkeep
|
|t:|1776043002
|switch|p1a: Ninetales|Ninetales, F|100/100
|-damage|p1a: Ninetales|76/100|[from] Stealth Rock
|-weather|SunnyDay|[from] ability: Drought|[of] p1a: Ninetales
|turn|24
|
|t:|1776043022
|move|p1a: Ninetales|Healing Wish|p1a: Ninetales
|faint|p1a: Ninetales
|move|p2a: Raging Bolt|Thunderbolt|p1: Ninetales|[notarget]
|-fail|p2a: Raging Bolt
|
|-weather|SunnyDay|[upkeep]
|upkeep
|inactive|portadelic has 120 seconds left.
|
|t:|1776043051
|switch|p1a: Walking Wake|Walking Wake|39/100
|-heal|p1a: Walking Wake|100/100|[from] move: Healing Wish
|-damage|p1a: Walking Wake|88/100|[from] Stealth Rock
|-activate|p1a: Walking Wake|ability: Protosynthesis
|-start|p1a: Walking Wake|protosynthesisspe
|turn|25
|
|t:|1776043060
|move|p1a: Walking Wake|Hydro Steam|p2a: Raging Bolt
|-damage|p2a: Raging Bolt|32/100
|move|p2a: Raging Bolt|Thunderbolt|p1a: Walking Wake
|-damage|p1a: Walking Wake|8/100
|
|-weather|SunnyDay|[upkeep]
|upkeep
|turn|26
|
|t:|1776043069
|move|p2a: Raging Bolt|Thunderclap|p1a: Walking Wake
|-damage|p1a: Walking Wake|0 fnt
|faint|p1a: Walking Wake
|-end|p1a: Walking Wake|Protosynthesis|[silent]
|
|-weather|SunnyDay|[upkeep]
|upkeep
|
|t:|1776043070
|switch|p1a: Kingambit|Kingambit, M|36/100
|-damage|p1a: Kingambit|29/100|[from] Stealth Rock
|-activate|p1a: Kingambit|ability: Supreme Overlord
|-start|p1a: Kingambit|fallen5|[silent]
|turn|27
|
|t:|1776043073
|move|p2a: Raging Bolt|Thunderclap|p1a: Kingambit
|-damage|p1a: Kingambit|0 fnt
|faint|p1a: Kingambit
|-end|p1a: Kingambit|fallen5|[silent]
|
|win|s0l0_ladder1ng
|raw|portadelic's rating: 1437 &rarr; <strong>1422</strong><br />(-15 for losing)
|raw|s0l0_ladder1ng's rating: 1517 &rarr; <strong>1532</strong><br />(+15 for winning)
|c|☆s0l0_ladder1ng|Gg
|c|☆portadelic|gg
|l|☆s0l0_ladder1ng
|player|p2|
