|html|<div class="broadcast-blue"><strong>[Gen 9] OU is currently suspecting Tera Blast! For information on how to participate check out the <a href="https://www.smogon.com/tools/suspects/view/200">suspect thread</a>.</strong></div>
|j|☆BEZG
|j|☆cozyclown
|t:|1776214509
|gametype|singles
|player|p1|BEZG|hoopster|1189
|player|p2|cozyclown|unknown|1247
|gen|9
|tier|[Gen 9] OU
|rated|
|rule|HP Percentage Mod: HP is shown in percentages
|rule|Endless Battle Clause: Forcing endless battles is banned
|rule|Species Clause: Limit one of each Pokémon
|rule|OHKO Clause: OHKO moves are banned
|rule|Evasion Items Clause: Evasion items are banned
|rule|Evasion Moves Clause: Evasion moves are banned
|rule|Evasion Abilities Clause: Evasion abilities are banned
|rule|Sleep Moves Clause: Sleep-inducing moves are banned
|clearpoke
|poke|p1|Arcanine-Hisui, M|
|poke|p1|Torkoal, F|
|poke|p1|Quagsire, M|
|poke|p1|Zapdos|
|poke|p1|Corviknight, M|
|poke|p1|Walking Wake|
|poke|p2|Ting-Lu|
|poke|p2|Heatran, F|
|poke|p2|Dragapult, M|
|poke|p2|Zamazenta-*|
|poke|p2|Raging Bolt|
|poke|p2|Great Tusk|
|teampreview
|inactive|Battle timer is ON: inactive players will automatically lose when time's up. (requested by cozyclown)
|
|t:|1776214517
|teamsize|p1|6
|teamsize|p2|6
|start
|switch|p1a: Torkoal|Torkoal, F|100/100
|switch|p2a: Tingaling|Ting-Lu, shiny|100/100
|-ability|p2a: Tingaling|Vessel of Ruin
|-weather|SunnyDay|[from] ability: Drought|[of] p1a: Torkoal
|turn|1
|
|t:|1776214529
|move|p2a: Tingaling|Stealth Rock|p1a: Torkoal
|-sidestart|p1: BEZG|move: Stealth Rock
|move|p1a: Torkoal|Stealth Rock|p2a: Tingaling
|-sidestart|p2: cozyclown|move: Stealth Rock
|
|-weather|SunnyDay|[upkeep]
|upkeep
|turn|2
|
|t:|1776214536
|move|p2a: Tingaling|Earthquake|p1a: Torkoal
|-supereffective|p1a: Torkoal
|-damage|p1a: Torkoal|57/100
|move|p1a: Torkoal|Body Press|p2a: Tingaling
|-supereffective|p2a: Tingaling
|-damage|p2a: Tingaling|74/100
|
|-weather|SunnyDay|[upkeep]
|-heal|p2a: Tingaling|80/100|[from] item: Leftovers
|upkeep
|turn|3
|
|t:|1776214547
|switch|p1a: Zapdos|Zapdos|100/100
|move|p2a: Tingaling|Earthquake|p1a: Zapdos
|-immune|p1a: Zapdos
|
|-weather|SunnyDay|[upkeep]
|-heal|p2a: Tingaling|86/100|[from] item: Leftovers
|upkeep
|turn|4
|
|t:|1776214556
|move|p1a: Zapdos|U-turn|p2a: Tingaling
|-supereffective|p2a: Tingaling
|-damage|p2a: Tingaling|75/100
|
|t:|1776214583
|switch|p1a: Corviknight|Corviknight, M|100/100|[from] U-turn
|-ability|p1a: Corviknight|Pressure
|move|p2a: Tingaling|Ruination|p1a: Corviknight
|-damage|p1a: Corviknight|51/100
|
|-weather|SunnyDay|[upkeep]
|-heal|p2a: Tingaling|81/100|[from] item: Leftovers
|upkeep
|turn|5
|
|t:|1776214596
|move|p1a: Corviknight|Defog|p2a: Tingaling
|-unboost|p2a: Tingaling|evasion|1
|-sideend|p2: cozyclown|Stealth Rock|[from] move: Defog|[of] p1a: Corviknight
|-sideend|p1: BEZG|Stealth Rock|[from] move: Defog|[of] p1a: Corviknight
|move|p2a: Tingaling|Whirlwind|p1a: Corviknight
|drag|p1a: Arcanine|Arcanine-Hisui, M|100/100
|
|-weather|SunnyDay|[upkeep]
|-heal|p2a: Tingaling|87/100|[from] item: Leftovers
|upkeep
|turn|6
|
|t:|1776214608
|switch|p1a: Walking Wake|Walking Wake|100/100
|-activate|p1a: Walking Wake|ability: Protosynthesis
|-start|p1a: Walking Wake|protosynthesisspe
|move|p2a: Tingaling|Earthquake|p1a: Walking Wake
|-damage|p1a: Walking Wake|60/100
|
|-weather|SunnyDay|[upkeep]
|-heal|p2a: Tingaling|93/100|[from] item: Leftovers
|upkeep
|turn|7
|
|t:|1776214620
|move|p1a: Walking Wake|Hydro Steam|p2a: Tingaling
|-supereffective|p2a: Tingaling
|-damage|p2a: Tingaling|0 fnt
|faint|p2a: Tingaling
|
|-weather|SunnyDay|[upkeep]
|upkeep
|
|t:|1776214627
|switch|p2a: Raging Bolt|Raging Bolt|100/100
|-activate|p2a: Raging Bolt|ability: Protosynthesis
|-start|p2a: Raging Bolt|protosynthesisspa
|turn|8
|
|t:|1776214639
|-end|p1a: Walking Wake|Protosynthesis|[silent]
|switch|p1a: Quagsire|Quagsire, M|100/100
|-terastallize|p2a: Raging Bolt|Steel
|move|p2a: Raging Bolt|Thunderclap||[still]
|-fail|p2a: Raging Bolt
|
|-weather|none
|-end|p2a: Raging Bolt|Protosynthesis
|upkeep
|turn|9
|inactive|cozyclown has 120 seconds left.
|
|t:|1776214673
|switch|p1a: Torkoal|Torkoal, F|57/100
|-weather|SunnyDay|[from] ability: Drought|[of] p1a: Torkoal
|-activate|p2a: Raging Bolt|ability: Protosynthesis
|-start|p2a: Raging Bolt|protosynthesisspa
|move|p2a: Raging Bolt|Draco Meteor|p1a: Torkoal
|-damage|p1a: Torkoal|0 fnt
|-unboost|p2a: Raging Bolt|spa|2
|faint|p1a: Torkoal
|
|-weather|SunnyDay|[upkeep]
|upkeep
|inactive|BEZG has 120 seconds left.
|
|t:|1776214690
|switch|p1a: Arcanine|Arcanine-Hisui, M|100/100
|turn|10
|
|t:|1776214695
|-end|p2a: Raging Bolt|Protosynthesis|[silent]
|switch|p2a: Big T|Great Tusk|100/100
|-activate|p2a: Big T|ability: Protosynthesis
|-start|p2a: Big T|protosynthesisdef
|move|p1a: Arcanine|Close Combat|p2a: Big T
|-damage|p2a: Big T|85/100
|-unboost|p1a: Arcanine|def|1
|-unboost|p1a: Arcanine|spd|1
|
|-weather|SunnyDay|[upkeep]
|-heal|p2a: Big T|91/100|[from] item: Leftovers
|upkeep
|turn|11
|inactive|BEZG has 120 seconds left.
|
|t:|1776214712
|switch|p1a: Corviknight|Corviknight, M|51/100
|-ability|p1a: Corviknight|Pressure
|move|p2a: Big T|Earthquake|p1a: Corviknight
|-immune|p1a: Corviknight
|
|-weather|SunnyDay|[upkeep]
|-heal|p2a: Big T|97/100|[from] item: Leftovers
|upkeep
|turn|12
|
|t:|1776214722
|move|p2a: Big T|Knock Off|p1a: Corviknight
|-damage|p1a: Corviknight|34/100
|-enditem|p1a: Corviknight|Heavy-Duty Boots|[from] move: Knock Off|[of] p2a: Big T
|move|p1a: Corviknight|Roost|p1a: Corviknight
|-heal|p1a: Corviknight|84/100
|-singleturn|p1a: Corviknight|move: Roost
|
|-weather|SunnyDay|[upkeep]
|-heal|p2a: Big T|100/100|[from] item: Leftovers
|upkeep
|turn|13
|
|t:|1776214734
|move|p2a: Big T|Ice Spinner|p1a: Corviknight
|-damage|p1a: Corviknight|69/100
|move|p1a: Corviknight|U-turn|p2a: Big T
|-resisted|p2a: Big T
|-damage|p2a: Big T|98/100
|
|t:|1776214740
|switch|p1a: Walking Wake|Walking Wake|60/100|[from] U-turn
|-activate|p1a: Walking Wake|ability: Protosynthesis
|-start|p1a: Walking Wake|protosynthesisspe
|
|-weather|SunnyDay|[upkeep]
|-heal|p2a: Big T|100/100|[from] item: Leftovers
|upkeep
|turn|14
|inactive|BEZG has 120 seconds left.
|
|t:|1776214760
|-end|p2a: Big T|Protosynthesis|[silent]
|switch|p2a: Raging Bolt|Raging Bolt, tera:Steel|100/100
|-activate|p2a: Raging Bolt|ability: Protosynthesis
|-start|p2a: Raging Bolt|protosynthesisspa
|move|p1a: Walking Wake|Hydro Steam|p2a: Raging Bolt
|-damage|p2a: Raging Bolt|31/100
|
|-weather|SunnyDay|[upkeep]
|-heal|p2a: Raging Bolt|38/100|[from] item: Leftovers
|upkeep
|turn|15
|inactive|BEZG has 120 seconds left.
|
|t:|1776214774
|-end|p1a: Walking Wake|Protosynthesis|[silent]
|switch|p1a: Zapdos|Zapdos|100/100
|move|p2a: Raging Bolt|Draco Meteor|p1a: Zapdos
|-damage|p1a: Zapdos|2/100
|-unboost|p2a: Raging Bolt|spa|2
|
|-weather|SunnyDay|[upkeep]
|-heal|p2a: Raging Bolt|44/100|[from] item: Leftovers
|upkeep
|turn|16
|inactive|BEZG has 120 seconds left.
|
|t:|1776214790
|move|p2a: Raging Bolt|Thunderclap||[still]
|-fail|p2a: Raging Bolt
|move|p1a: Zapdos|Roost|p1a: Zapdos
|-heal|p1a: Zapdos|53/100
|-singleturn|p1a: Zapdos|move: Roost
|
|-weather|none
|-end|p2a: Raging Bolt|Protosynthesis
|-heal|p2a: Raging Bolt|50/100|[from] item: Leftovers
|upkeep
|turn|17
|inactive|BEZG has 120 seconds left.
|
|t:|1776214817
|move|p1a: Zapdos|U-turn|p2a: Raging Bolt
|-resisted|p2a: Raging Bolt
|-damage|p2a: Raging Bolt|44/100
|
|t:|1776214826
|switch|p1a: Corviknight|Corviknight, M|69/100|[from] U-turn
|-ability|p1a: Corviknight|Pressure
|move|p2a: Raging Bolt|Draco Meteor|p1a: Corviknight
|-resisted|p1a: Corviknight
|-damage|p1a: Corviknight|51/100
|-unboost|p2a: Raging Bolt|spa|2
|
|-heal|p2a: Raging Bolt|50/100|[from] item: Leftovers
|upkeep
|turn|18
|l|☆cozyclown
|inactive|cozyclown disconnected and has a minute to reconnect!
|player|p2|
|j|☆cozyclown
|inactive|cozyclown reconnected and has 120 seconds left.
|player|p2|cozyclown|unknown|
|n|☆cozyclown|cozyclown
|
|t:|1776214856
|move|p2a: Raging Bolt|Thunder|p1a: Corviknight
|-supereffective|p1a: Corviknight
|-crit|p1a: Corviknight
|-damage|p1a: Corviknight|0 fnt
|faint|p1a: Corviknight
|
|-heal|p2a: Raging Bolt|56/100|[from] item: Leftovers
|upkeep
|inactive|BEZG has 90 seconds left.
|
|t:|1776214867
|switch|p1a: Arcanine|Arcanine-Hisui, M|100/100
|turn|19
|
|t:|1776214873
|switch|p1a: Walking Wake|Walking Wake|60/100
|-end|p2a: Raging Bolt|Protosynthesis|[silent]
|switch|p2a: Big T|Great Tusk|100/100
|
|upkeep
|turn|20
|inactive|BEZG has 90 seconds left.
|
|t:|1776214889
|-end|p2a: Big T|Protosynthesis|[silent]
|switch|p2a: Raging Bolt|Raging Bolt, tera:Steel|56/100
|move|p1a: Walking Wake|Hydro Steam|p2a: Raging Bolt
|-damage|p2a: Raging Bolt|5/100
|
|-heal|p2a: Raging Bolt|11/100|[from] item: Leftovers
|upkeep
|turn|21
|
|t:|1776214903
|-end|p1a: Walking Wake|Protosynthesis|[silent]
|switch|p1a: Arcanine|Arcanine-Hisui, M|100/100
|move|p2a: Raging Bolt|Thunderclap||[still]
|-fail|p2a: Raging Bolt
|
|-heal|p2a: Raging Bolt|17/100|[from] item: Leftovers
|upkeep
|turn|22
|
|t:|1776214914
|move|p1a: Arcanine|Close Combat|p2a: Raging Bolt
|-supereffective|p2a: Raging Bolt
|-damage|p2a: Raging Bolt|0 fnt
|-unboost|p1a: Arcanine|def|1
|-unboost|p1a: Arcanine|spd|1
|faint|p2a: Raging Bolt
|-end|p2a: Raging Bolt|Protosynthesis|[silent]
|
|upkeep
|
|t:|1776214922
|switch|p2a: Big T|Great Tusk|100/100
|turn|23
|
|t:|1776214932
|switch|p1a: Zapdos|Zapdos|53/100
|move|p2a: Big T|Earthquake|p1a: Zapdos
|-immune|p1a: Zapdos
|
|upkeep
|turn|24
|
|t:|1776214939
|move|p2a: Big T|Knock Off|p1a: Zapdos
|-damage|p1a: Zapdos|16/100
|-status|p2a: Big T|par|[from] ability: Static|[of] p1a: Zapdos
|-enditem|p1a: Zapdos|Heavy-Duty Boots|[from] move: Knock Off|[of] p2a: Big T
|move|p1a: Zapdos|Roost|p1a: Zapdos
|-heal|p1a: Zapdos|66/100
|-singleturn|p1a: Zapdos|move: Roost
|
|upkeep
|turn|25
|
|t:|1776214954
|move|p1a: Zapdos|Roost|p1a: Zapdos
|-heal|p1a: Zapdos|100/100
|-singleturn|p1a: Zapdos|move: Roost
|move|p2a: Big T|Ice Spinner|p1a: Zapdos
|-damage|p1a: Zapdos|72/100
|
|upkeep
|turn|26
|
|t:|1776214968
|move|p1a: Zapdos|U-turn|p2a: Big T
|-resisted|p2a: Big T
|-damage|p2a: Big T|97/100 par
|
|t:|1776214973
|switch|p1a: Walking Wake|Walking Wake|60/100|[from] U-turn
|move|p2a: Big T|Ice Spinner|p1a: Walking Wake
|-damage|p1a: Walking Wake|37/100
|
|-heal|p2a: Big T|100/100 par|[from] item: Leftovers
|upkeep
|turn|27
|inactive|BEZG has 120 seconds left.
|
|t:|1776214988
|move|p1a: Walking Wake|Hydro Steam|p2a: Big T
|-supereffective|p2a: Big T
|-damage|p2a: Big T|0 fnt
|faint|p2a: Big T
|-end|p2a: Big T|Protosynthesis|[silent]
|
|upkeep
|
|t:|1776214994
|switch|p2a: snipa dragon|Dragapult, M|100/100
|turn|28
|
|t:|1776215000
|-end|p1a: Walking Wake|Protosynthesis|[silent]
|switch|p1a: Zapdos|Zapdos|72/100
|move|p2a: snipa dragon|Shadow Ball|p1a: Zapdos
|-damage|p1a: Zapdos|29/100
|-unboost|p1a: Zapdos|spd|1
|
|upkeep
|turn|29
|
|t:|1776215012
|switch|p1a: Quagsire|Quagsire, M|100/100
|move|p2a: snipa dragon|Shadow Ball|p1a: Quagsire
|-damage|p1a: Quagsire|33/100
|
|-heal|p1a: Quagsire|40/100|[from] item: Leftovers
|upkeep
|turn|30
|
|t:|1776215021
|move|p1a: Quagsire|Protect|p1a: Quagsire
|-singleturn|p1a: Quagsire|Protect
|move|p2a: snipa dragon|Shadow Ball|p1a: Quagsire
|-activate|p1a: Quagsire|move: Protect
|
|-heal|p1a: Quagsire|46/100|[from] item: Leftovers
|upkeep
|turn|31
|
|t:|1776215030
|move|p2a: snipa dragon|Shadow Ball|p1a: Quagsire
|-damage|p1a: Quagsire|0 fnt
|faint|p1a: Quagsire
|
|upkeep
|
|t:|1776215036
|switch|p1a: Arcanine|Arcanine-Hisui, M|100/100
|turn|32
|
|t:|1776215047
|move|p2a: snipa dragon|Shadow Ball|p1a: Arcanine
|-damage|p1a: Arcanine|37/100
|-unboost|p1a: Arcanine|spd|1
|move|p1a: Arcanine|Head Smash|p2a: snipa dragon|[miss]
|-miss|p1a: Arcanine|p2a: snipa dragon
|
|upkeep
|turn|33
|
|t:|1776215055
|move|p2a: snipa dragon|Shadow Ball|p1a: Arcanine
|-damage|p1a: Arcanine|0 fnt
|faint|p1a: Arcanine
|
|upkeep
|
|t:|1776215060
|switch|p1a: Walking Wake|Walking Wake|37/100
|turn|34
|
|t:|1776215064
|move|p2a: snipa dragon|Shadow Ball|p1a: Walking Wake
|-damage|p1a: Walking Wake|0 fnt
|faint|p1a: Walking Wake
|-end|p1a: Walking Wake|Protosynthesis|[silent]
|
|upkeep
|
|t:|1776215067
|switch|p1a: Zapdos|Zapdos|29/100
|turn|35
|
|t:|1776215071
|move|p2a: snipa dragon|Shadow Ball|p1a: Zapdos
|-damage|p1a: Zapdos|0 fnt
|faint|p1a: Zapdos
|
|win|cozyclown
|raw|BEZG's rating: 1189 &rarr; <strong>1168</strong><br />(-21 for losing)
|raw|cozyclown's rating: 1247 &rarr; <strong>1268</strong><br />(+21 for winning)
|c|☆cozyclown|GGs
|c|☆BEZG|GG
