|html|<div class="broadcast-blue"><strong>[Gen 9] OU is currently suspecting Volcarona! For information on how to participate check out the <a href="https://www.smogon.com/tools/suspects/view/208">suspect thread</a>.</strong></div>
|j|☆akijuen
|j|☆Auburn Hills
|t:|1778506254
|gametype|singles
|player|p1|akijuen|lucas|1656
|player|p2|Auburn Hills|alder|1835
|gen|9
|tier|[Gen 9] OU
|rated|
|rule|HP Percentage Mod: HP is shown in percentages
|rule|Endless Battle Clause: Forcing endless battles is banned
|rule|Species Clause: Limit one of each Pokémon
|rule|OHKO Clause: OHKO moves are banned
|rule|Evasion Items Clause: Evasion items are banned
|rule|Evasion Moves Clause: Evasion moves are banned
|rule|Evasion Abilities Clause: Evasion abilities are banned
|rule|Sleep Moves Clause: Sleep-inducing moves are banned
|clearpoke
|poke|p1|Comfey, F|
|poke|p1|Whimsicott, F|
|poke|p1|Iron Moth|
|poke|p1|Walking Wake|
|poke|p1|Great Tusk|
|poke|p1|Ninetales, M|
|poke|p2|Iron Moth|
|poke|p2|Umbreon, F|
|poke|p2|Garchomp, F|
|poke|p2|Glimmora, M|
|poke|p2|Gholdengo|
|poke|p2|Dragonite, F|
|teampreview
|inactive|Battle timer is ON: inactive players will automatically lose when time's up. (requested by akijuen)
|
|t:|1778506262
|teamsize|p1|6
|teamsize|p2|6
|start
|switch|p1a: Walking Wake|Walking Wake|100/100
|switch|p2a: Julia Jacklin|Glimmora, M|100/100
|turn|1
|
|t:|1778506266
|switch|p2a: Alvvays|Umbreon, F|100/100
|move|p1a: Walking Wake|Hydro Steam|p2a: Alvvays
|-damage|p2a: Alvvays|80/100
|
|-heal|p2a: Alvvays|87/100|[from] item: Leftovers
|upkeep
|turn|2
|
|t:|1778506273
|move|p1a: Walking Wake|Knock Off|p2a: Alvvays
|-resisted|p2a: Alvvays
|-damage|p2a: Alvvays|80/100
|-enditem|p2a: Alvvays|Leftovers|[from] move: Knock Off|[of] p1a: Walking Wake
|move|p2a: Alvvays|Thunder Wave|p1a: Walking Wake
|-status|p1a: Walking Wake|par
|
|upkeep
|turn|3
|j| drivac
|
|t:|1778506278
|move|p2a: Alvvays|Wish|p2a: Alvvays
|move|p1a: Walking Wake|Flip Turn|p2a: Alvvays
|-damage|p2a: Alvvays|68/100
|
|t:|1778506286
|-end|p1a: Walking Wake|Protosynthesis|[silent]
|switch|p1a: Ninetales|Ninetales, M, shiny|100/100|[from] Flip Turn
|-weather|SunnyDay|[from] ability: Drought|[of] p1a: Ninetales
|
|-weather|SunnyDay|[upkeep]
|upkeep
|turn|4
|
|t:|1778506289
|move|p1a: Ninetales|Encore|p2a: Alvvays
|-start|p2a: Alvvays|Encore
|move|p2a: Alvvays|Wish||[still]
|-fail|p2a: Alvvays
|
|-weather|SunnyDay|[upkeep]
|-heal|p2a: Alvvays|100/100|[from] move: Wish|[wisher] Alvvays
|upkeep
|turn|5
|
|t:|1778506297
|switch|p1a: Whimsicott|Whimsicott, F, shiny|100/100
|move|p2a: Alvvays|Wish|p2a: Alvvays
|
|-weather|SunnyDay|[upkeep]
|upkeep
|turn|6
|
|t:|1778506300
|switch|p2a: Julia Jacklin|Glimmora, M|100/100
|move|p1a: Whimsicott|Growth|p1a: Whimsicott
|-boost|p1a: Whimsicott|atk|2
|-boost|p1a: Whimsicott|spa|2
|
|-weather|SunnyDay|[upkeep]
|upkeep
|turn|7
|
|t:|1778506305
|switch|p1a: Walking Wake|Walking Wake|100/100 par
|-activate|p1a: Walking Wake|ability: Protosynthesis
|-start|p1a: Walking Wake|protosynthesisspe
|move|p2a: Julia Jacklin|Sludge Wave|p1a: Walking Wake
|-damage|p1a: Walking Wake|66/100 par
|
|-weather|SunnyDay|[upkeep]
|upkeep
|turn|8
|
|t:|1778506308
|switch|p2a: Alvvays|Umbreon, F|100/100
|move|p1a: Walking Wake|Hydro Steam|p2a: Alvvays
|-damage|p2a: Alvvays|70/100
|
|-weather|SunnyDay|[upkeep]
|upkeep
|turn|9
|
|t:|1778506311
|move|p1a: Walking Wake|Flip Turn|p2a: Alvvays
|-damage|p2a: Alvvays|64/100
|
|t:|1778506319
|-end|p1a: Walking Wake|Protosynthesis|[silent]
|switch|p1a: Comfey|Comfey, F, shiny|100/100|[from] Flip Turn
|move|p2a: Alvvays|Wish|p2a: Alvvays
|
|-weather|SunnyDay|[upkeep]
|upkeep
|turn|10
|
|t:|1778506322
|move|p1a: Comfey|Growth|p1a: Comfey
|-boost|p1a: Comfey|atk|2
|-boost|p1a: Comfey|spa|2
|move|p2a: Alvvays|Thunder Wave|p1a: Comfey
|-status|p1a: Comfey|par
|
|-weather|none
|-heal|p2a: Alvvays|100/100|[from] move: Wish|[wisher] Alvvays
|upkeep
|turn|11
|
|t:|1778506330
|switch|p2a: Smino|Gholdengo|100/100
|move|p1a: Comfey|Stored Power|p2a: Smino
|-resisted|p2a: Smino
|-damage|p2a: Smino|59/100
|-damage|p1a: Comfey|91/100 par|[from] item: Life Orb
|
|upkeep
|turn|12
|
|t:|1778506337
|switch|p1a: Ninetales|Ninetales, M, shiny|100/100
|-weather|SunnyDay|[from] ability: Drought|[of] p1a: Ninetales
|move|p2a: Smino|Make It Rain|p1a: Ninetales
|-resisted|p1a: Ninetales
|-damage|p1a: Ninetales|72/100
|-unboost|p2a: Smino|spa|1
|
|-weather|SunnyDay|[upkeep]
|upkeep
|turn|13
|
|t:|1778506341
|switch|p2a: Alvvays|Umbreon, F|100/100
|move|p1a: Ninetales|Will-O-Wisp|p2a: Alvvays
|-status|p2a: Alvvays|brn
|
|-weather|SunnyDay|[upkeep]
|-damage|p2a: Alvvays|94/100 brn|[from] brn
|upkeep
|turn|14
|
|t:|1778506345
|move|p1a: Ninetales|Weather Ball|p2a: Alvvays
|-damage|p2a: Alvvays|73/100 brn
|move|p2a: Alvvays|Wish|p2a: Alvvays
|
|-weather|SunnyDay|[upkeep]
|-damage|p2a: Alvvays|67/100 brn|[from] brn
|upkeep
|turn|15
|
|t:|1778506351
|switch|p2a: Smino|Gholdengo|59/100
|move|p1a: Ninetales|Will-O-Wisp|p2a: Smino
|-immune|p2a: Smino|[from] ability: Good as Gold
|
|-weather|SunnyDay|[upkeep]
|-heal|p2a: Smino|100/100|[from] move: Wish|[wisher] Alvvays
|upkeep
|turn|16
|
|t:|1778506356
|switch|p2a: Rat Tally|Garchomp, F|100/100
|move|p1a: Ninetales|Weather Ball|p2a: Rat Tally
|-resisted|p2a: Rat Tally
|-damage|p2a: Rat Tally|77/100
|
|-weather|SunnyDay|[upkeep]
|upkeep
|turn|17
|
|t:|1778506360
|switch|p1a: Great Tusk|Great Tusk|100/100
|-activate|p1a: Great Tusk|ability: Protosynthesis
|-start|p1a: Great Tusk|protosynthesisspe
|move|p2a: Rat Tally|Earthquake|p1a: Great Tusk
|-damage|p1a: Great Tusk|65/100
|
|-weather|SunnyDay|[upkeep]
|upkeep
|turn|18
|
|t:|1778506368
|move|p1a: Great Tusk|Stealth Rock|p2a: Rat Tally
|-sidestart|p2: Auburn Hills|move: Stealth Rock
|move|p2a: Rat Tally|Scale Shot|p1a: Great Tusk
|-damage|p1a: Great Tusk|56/100
|-damage|p1a: Great Tusk|49/100
|-damage|p1a: Great Tusk|41/100
|-damage|p1a: Great Tusk|32/100
|-crit|p1a: Great Tusk
|-damage|p1a: Great Tusk|19/100
|-hitcount|p1a: Great Tusk|5
|-unboost|p2a: Rat Tally|def|1
|-boost|p2a: Rat Tally|spe|1
|
|-weather|SunnyDay|[upkeep]
|upkeep
|turn|19
|
|t:|1778506371
|move|p2a: Rat Tally|Earthquake|p1a: Great Tusk
|-damage|p1a: Great Tusk|0 fnt
|faint|p1a: Great Tusk
|-end|p1a: Great Tusk|Protosynthesis|[silent]
|
|-weather|none
|upkeep
|
|t:|1778506376
|switch|p1a: Comfey|Comfey, F, shiny|91/100 par
|turn|20
|
|t:|1778506378
|move|p1a: Comfey|Draining Kiss|p2a: Rat Tally
|-supereffective|p2a: Rat Tally
|-damage|p2a: Rat Tally|21/100
|-heal|p1a: Comfey|100/100 par|[from] drain|[of] p2a: Rat Tally
|-damage|p1a: Comfey|88/100 par|[from] ability: Rough Skin|[of] p2a: Rat Tally
|-damage|p1a: Comfey|78/100 par|[from] item: Life Orb
|move|p2a: Rat Tally|Earthquake|p1a: Comfey
|-damage|p1a: Comfey|9/100 par
|
|upkeep
|turn|21
|
|t:|1778506384
|switch|p2a: Julia Jacklin|Glimmora, M|100/100
|-damage|p2a: Julia Jacklin|88/100|[from] Stealth Rock
|move|p1a: Comfey|Draining Kiss|p2a: Julia Jacklin
|-resisted|p2a: Julia Jacklin
|-damage|p2a: Julia Jacklin|70/100
|-heal|p1a: Comfey|23/100 par|[from] drain|[of] p2a: Julia Jacklin
|-damage|p1a: Comfey|13/100 par|[from] item: Life Orb
|
|upkeep
|turn|22
|
|t:|1778506390
|switch|p1a: Walking Wake|Walking Wake|66/100 par
|move|p2a: Julia Jacklin|Stealth Rock|p1a: Walking Wake
|-sidestart|p1: akijuen|move: Stealth Rock
|
|upkeep
|turn|23
|
|t:|1778506393
|switch|p2a: Alvvays|Umbreon, F|67/100 brn
|-damage|p2a: Alvvays|54/100 brn|[from] Stealth Rock
|move|p1a: Walking Wake|Hydro Steam|p2a: Alvvays
|-damage|p2a: Alvvays|37/100 brn
|
|-damage|p2a: Alvvays|31/100 brn|[from] brn
|upkeep
|turn|24
|
|t:|1778506396
|move|p2a: Alvvays|Wish|p2a: Alvvays
|cant|p1a: Walking Wake|par
|
|-damage|p2a: Alvvays|24/100 brn|[from] brn
|upkeep
|turn|25
|
|t:|1778506399
|move|p2a: Alvvays|Protect|p2a: Alvvays
|-singleturn|p2a: Alvvays|Protect
|move|p1a: Walking Wake|Draco Meteor|p2a: Alvvays
|-activate|p2a: Alvvays|move: Protect
|
|-heal|p2a: Alvvays|74/100 brn|[from] move: Wish|[wisher] Alvvays
|-damage|p2a: Alvvays|68/100 brn|[from] brn
|upkeep
|turn|26
|
|t:|1778506402
|move|p2a: Alvvays|Wish|p2a: Alvvays
|move|p1a: Walking Wake|Draco Meteor|p2a: Alvvays|[miss]
|-miss|p1a: Walking Wake|p2a: Alvvays
|
|-damage|p2a: Alvvays|62/100 brn|[from] brn
|upkeep
|turn|27
|c|☆akijuen|...
|-message|akijuen forfeited.
|
|win|Auburn Hills
|raw|akijuen's rating: 1656 &rarr; <strong>1645</strong><br />(-11 for losing)
|raw|Auburn Hills's rating: 1835 &rarr; <strong>1846</strong><br />(+11 for winning)
|l|☆Auburn Hills
|player|p2|
|l|☆akijuen
|player|p1|
