|html|<div class="broadcast-blue"><strong>[Gen 9] OU is currently suspecting Tera Blast! For information on how to participate check out the <a href="https://www.smogon.com/tools/suspects/view/200">suspect thread</a>.</strong></div>
|j|☆99percentoofed
|j|☆magistermilitum420
|t:|1776099026
|gametype|singles
|player|p1|99percentoofed|schoolkid|1199
|player|p2|magistermilitum420|blue|1224
|gen|9
|tier|[Gen 9] OU
|rated|
|rule|HP Percentage Mod: HP is shown in percentages
|rule|Endless Battle Clause: Forcing endless battles is banned
|rule|Species Clause: Limit one of each Pokémon
|rule|OHKO Clause: OHKO moves are banned
|rule|Evasion Items Clause: Evasion items are banned
|rule|Evasion Moves Clause: Evasion moves are banned
|rule|Evasion Abilities Clause: Evasion abilities are banned
|rule|Sleep Moves Clause: Sleep-inducing moves are banned
|clearpoke
|poke|p1|Dondozo, M|
|poke|p1|Great Tusk|
|poke|p1|Slowking-Galar, M|
|poke|p1|Kingambit, M|
|poke|p1|Dragapult, M|
|poke|p1|Landorus-Therian, M|
|poke|p2|Meowscarada, F|
|poke|p2|Great Tusk|
|poke|p2|Alomomola, F|
|poke|p2|Slowking-Galar, M|
|poke|p2|Dragonite, F|
|poke|p2|Heatran, F|
|teampreview
|j| ohko_smeargle
|
|t:|1776099036
|teamsize|p1|6
|teamsize|p2|6
|start
|switch|p1a: Great Tusk|Great Tusk|100/100
|switch|p2a: Mahad|Meowscarada, F, shiny|100/100
|-enditem|p1a: Great Tusk|Booster Energy
|-activate|p1a: Great Tusk|ability: Protosynthesis|[fromitem]
|-start|p1a: Great Tusk|protosynthesisatk
|turn|1
|
|t:|1776099050
|-end|p1a: Great Tusk|Protosynthesis|[silent]
|switch|p1a: Kingambit|Kingambit, M|100/100
|move|p2a: Mahad|U-turn|p1a: Kingambit
|-start|p2a: Mahad|typechange|Bug|[from] ability: Protean
|-damage|p1a: Kingambit|78/100
|
|t:|1776099058
|switch|p2a: Barca|Great Tusk|100/100|[from] U-turn
|
|upkeep
|turn|2
|
|t:|1776099071
|-end|p1a: Kingambit|fallenundefined|[silent]
|switch|p1a: Landorus|Landorus-Therian, M|100/100
|-ability|p1a: Landorus|Intimidate|boost
|-unboost|p2a: Barca|atk|1
|move|p2a: Barca|Stealth Rock|p1a: Landorus
|-sidestart|p1: 99percentoofed|move: Stealth Rock
|
|upkeep
|turn|3
|
|t:|1776099079
|move|p2a: Barca|Rapid Spin|p1a: Landorus
|-damage|p1a: Landorus|91/100
|-boost|p2a: Barca|spe|1
|-damage|p2a: Barca|84/100|[from] item: Rocky Helmet|[of] p1a: Landorus
|move|p1a: Landorus|Stealth Rock|p2a: Barca
|-sidestart|p2: magistermilitum420|move: Stealth Rock
|
|upkeep
|turn|4
|
|t:|1776099090
|move|p2a: Barca|Rapid Spin|p1a: Landorus
|-damage|p1a: Landorus|83/100
|-boost|p2a: Barca|spe|1
|-damage|p2a: Barca|68/100|[from] item: Rocky Helmet|[of] p1a: Landorus
|-sideend|p2: magistermilitum420|Stealth Rock|[from] move: Rapid Spin|[of] p2a: Barca
|move|p1a: Landorus|Earthquake|p2a: Barca
|-damage|p2a: Barca|33/100
|
|upkeep
|turn|5
|
|t:|1776099100
|-end|p2a: Barca|Protosynthesis|[silent]
|switch|p2a: Charybdis|Alomomola, F, shiny|100/100
|move|p1a: Landorus|Earthquake|p2a: Charybdis
|-damage|p2a: Charybdis|73/100
|
|upkeep
|turn|6
|
|t:|1776099106
|move|p1a: Landorus|U-turn|p2a: Charybdis
|-damage|p2a: Charybdis|60/100
|
|t:|1776099113
|switch|p1a: Kingambit|Kingambit, M|78/100|[from] U-turn
|-damage|p1a: Kingambit|72/100|[from] Stealth Rock
|move|p2a: Charybdis|Scald|p1a: Kingambit
|-damage|p1a: Kingambit|58/100
|
|upkeep
|turn|7
|
|t:|1776099121
|-end|p1a: Kingambit|fallenundefined|[silent]
|switch|p1a: Slowking|Slowking-Galar, M|100/100
|-damage|p1a: Slowking|88/100|[from] Stealth Rock
|move|p2a: Charybdis|Wish|p2a: Charybdis
|
|upkeep
|turn|8
|
|t:|1776099136
|switch|p2a: Vulcanus|Heatran, F, shiny|100/100
|move|p1a: Slowking|Future Sight|p2a: Vulcanus
|-start|p1a: Slowking|move: Future Sight
|
|upkeep
|turn|9
|
|t:|1776099151
|switch|p1a: Dondozo|Dondozo, M|100/100
|-damage|p1a: Dondozo|88/100|[from] Stealth Rock
|move|p2a: Vulcanus|Earth Power|p1a: Dondozo
|-damage|p1a: Dondozo|46/100
|
|-heal|p1a: Dondozo|52/100|[from] item: Leftovers
|upkeep
|turn|10
|
|t:|1776099168
|switch|p2a: Mithridates|Slowking-Galar, M|100/100
|switch|p1a: Landorus|Landorus-Therian, M|83/100
|-damage|p1a: Landorus|70/100|[from] Stealth Rock
|-ability|p1a: Landorus|Intimidate|boost
|-unboost|p2a: Mithridates|atk|1
|
|-end|p2a: Mithridates|move: Future Sight
|-damage|p2a: Mithridates|77/100
|upkeep
|turn|11
|
|t:|1776099179
|switch|p2a: Charybdis|Alomomola, F, shiny|93/100
|move|p1a: Landorus|Stealth Rock|p2a: Charybdis
|-sidestart|p2: magistermilitum420|move: Stealth Rock
|
|upkeep
|turn|12
|
|t:|1776099185
|move|p1a: Landorus|Taunt|p2a: Charybdis
|-start|p2a: Charybdis|move: Taunt
|move|p2a: Charybdis|Scald|p1a: Landorus
|-supereffective|p1a: Landorus
|-damage|p1a: Landorus|42/100
|-status|p1a: Landorus|brn
|
|-damage|p1a: Landorus|36/100 brn|[from] brn
|upkeep
|turn|13
|
|t:|1776099195
|move|p1a: Landorus|U-turn|p2a: Charybdis
|-damage|p2a: Charybdis|86/100
|
|t:|1776099199
|switch|p1a: Slowking|Slowking-Galar, M|100/100|[from] U-turn
|-damage|p1a: Slowking|88/100|[from] Stealth Rock
|move|p2a: Charybdis|Flip Turn|p1a: Slowking
|-damage|p1a: Slowking|70/100
|
|t:|1776099213
|switch|p2a: Ladon|Dragonite, F, shiny|100/100|[from] Flip Turn
|
|upkeep
|turn|14
|
|t:|1776099219
|move|p2a: Ladon|Dragon Dance|p2a: Ladon
|-boost|p2a: Ladon|atk|1
|-boost|p2a: Ladon|spe|1
|move|p1a: Slowking|Ice Beam|p2a: Ladon
|-supereffective|p2a: Ladon
|-damage|p2a: Ladon|55/100
|
|upkeep
|turn|15
|
|t:|1776099227
|move|p2a: Ladon|Earthquake|p1a: Slowking
|-supereffective|p1a: Slowking
|-damage|p1a: Slowking|0 fnt
|faint|p1a: Slowking
|
|upkeep
|
|t:|1776099233
|switch|p1a: Landorus|Landorus-Therian, M|36/100 brn
|-damage|p1a: Landorus|23/100 brn|[from] Stealth Rock
|-ability|p1a: Landorus|Intimidate|boost
|-unboost|p2a: Ladon|atk|1
|turn|16
|
|t:|1776099238
|move|p2a: Ladon|Extreme Speed|p1a: Landorus
|-damage|p1a: Landorus|3/100 brn
|-damage|p2a: Ladon|39/100|[from] item: Rocky Helmet|[of] p1a: Landorus
|move|p1a: Landorus|Taunt|p2a: Ladon
|-start|p2a: Ladon|move: Taunt
|
|-damage|p1a: Landorus|0 fnt|[from] brn
|faint|p1a: Landorus
|upkeep
|
|t:|1776099249
|switch|p1a: Great Tusk|Great Tusk|100/100
|-damage|p1a: Great Tusk|98/100|[from] Stealth Rock
|turn|17
|
|t:|1776099254
|switch|p2a: Charybdis|Alomomola, F, shiny|100/100
|move|p1a: Great Tusk|Knock Off|p2a: Charybdis
|-damage|p2a: Charybdis|82/100
|-enditem|p2a: Charybdis|Heavy-Duty Boots|[from] move: Knock Off|[of] p1a: Great Tusk
|
|upkeep
|turn|18
|
|t:|1776099266
|move|p1a: Great Tusk|Rapid Spin|p2a: Charybdis
|-damage|p2a: Charybdis|72/100
|-boost|p1a: Great Tusk|spe|1
|-sideend|p1: 99percentoofed|Stealth Rock|[from] move: Rapid Spin|[of] p1a: Great Tusk
|move|p2a: Charybdis|Scald|p1a: Great Tusk
|-supereffective|p1a: Great Tusk
|-damage|p1a: Great Tusk|58/100
|-status|p1a: Great Tusk|brn
|
|-damage|p1a: Great Tusk|52/100 brn|[from] brn
|upkeep
|turn|19
|
|t:|1776099282
|-end|p1a: Great Tusk|Protosynthesis|[silent]
|switch|p1a: Dragapult|Dragapult, M|100/100
|move|p2a: Charybdis|Wish|p2a: Charybdis
|
|upkeep
|turn|20
|
|t:|1776099293
|move|p2a: Charybdis|Protect|p2a: Charybdis
|-singleturn|p2a: Charybdis|Protect
|move|p1a: Dragapult|Draco Meteor|p2a: Charybdis
|-activate|p2a: Charybdis|move: Protect
|
|-heal|p2a: Charybdis|100/100|[from] move: Wish|[wisher] Charybdis
|upkeep
|turn|21
|
|t:|1776099302
|switch|p2a: Mithridates|Slowking-Galar, M|100/100
|-damage|p2a: Mithridates|88/100|[from] Stealth Rock
|move|p1a: Dragapult|Draco Meteor|p2a: Mithridates
|-damage|p2a: Mithridates|47/100
|-unboost|p1a: Dragapult|spa|2
|
|upkeep
|turn|22
|
|t:|1776099314
|switch|p1a: Kingambit|Kingambit, M|58/100
|-activate|p1a: Kingambit|ability: Supreme Overlord
|-start|p1a: Kingambit|fallen2|[silent]
|-terastallize|p2a: Mithridates|Fairy
|move|p2a: Mithridates|Future Sight|p1a: Kingambit
|-start|p2a: Mithridates|move: Future Sight
|
|upkeep
|turn|23
|
|t:|1776099333
|switch|p2a: Charybdis|Alomomola, F, shiny|100/100
|-damage|p2a: Charybdis|88/100|[from] Stealth Rock
|move|p1a: Kingambit|Iron Head|p2a: Charybdis
|-resisted|p2a: Charybdis
|-damage|p2a: Charybdis|74/100
|
|upkeep
|turn|24
|
|t:|1776099342
|-end|p1a: Kingambit|fallen2|[silent]
|switch|p1a: Dragapult|Dragapult, M|100/100
|move|p2a: Charybdis|Scald|p1a: Dragapult
|-resisted|p1a: Dragapult
|-damage|p1a: Dragapult|92/100
|-status|p1a: Dragapult|brn
|
|-end|p1a: Dragapult|move: Future Sight
|-damage|p1a: Dragapult|21/100 brn
|-damage|p1a: Dragapult|15/100 brn|[from] brn
|upkeep
|turn|25
|
|t:|1776099354
|switch|p2a: Mithridates|Slowking-Galar, M, tera:Fairy|80/100
|-damage|p2a: Mithridates|68/100|[from] Stealth Rock
|move|p1a: Dragapult|Draco Meteor|p2a: Mithridates
|-immune|p2a: Mithridates
|
|-damage|p1a: Dragapult|9/100 brn|[from] brn
|upkeep
|turn|26
|
|t:|1776099372
|move|p1a: Dragapult|Draco Meteor|p2a: Mithridates
|-immune|p2a: Mithridates
|move|p2a: Mithridates|Surf|p1a: Dragapult
|-resisted|p1a: Dragapult
|-damage|p1a: Dragapult|0 fnt
|faint|p1a: Dragapult
|
|upkeep
|
|t:|1776099379
|switch|p1a: Great Tusk|Great Tusk|52/100 brn
|turn|27
|
|t:|1776099385
|switch|p2a: Charybdis|Alomomola, F, shiny|100/100
|-damage|p2a: Charybdis|88/100|[from] Stealth Rock
|move|p1a: Great Tusk|Headlong Rush|p2a: Charybdis
|-damage|p2a: Charybdis|71/100
|-unboost|p1a: Great Tusk|def|1
|-unboost|p1a: Great Tusk|spd|1
|
|-damage|p1a: Great Tusk|46/100 brn|[from] brn
|upkeep
|turn|28
|
|t:|1776099397
|move|p1a: Great Tusk|Headlong Rush|p2a: Charybdis
|-damage|p2a: Charybdis|55/100
|-unboost|p1a: Great Tusk|def|1
|-unboost|p1a: Great Tusk|spd|1
|move|p2a: Charybdis|Scald|p1a: Great Tusk
|-supereffective|p1a: Great Tusk
|-damage|p1a: Great Tusk|0 fnt
|faint|p1a: Great Tusk
|-end|p1a: Great Tusk|Protosynthesis|[silent]
|
|upkeep
|
|t:|1776099402
|switch|p1a: Dondozo|Dondozo, M|52/100
|turn|29
|
|t:|1776099409
|move|p2a: Charybdis|Scald|p1a: Dondozo
|-resisted|p1a: Dondozo
|-damage|p1a: Dondozo|46/100
|-status|p1a: Dondozo|brn
|move|p1a: Dondozo|Rest|p1a: Dondozo
|-status|p1a: Dondozo|slp|[from] move: Rest
|-heal|p1a: Dondozo|100/100 slp|[silent]
|
|upkeep
|turn|30
|
|t:|1776099417
|move|p2a: Charybdis|Flip Turn|p1a: Dondozo
|-resisted|p1a: Dondozo
|-damage|p1a: Dondozo|97/100 slp
|
|t:|1776099421
|switch|p2a: Barca|Great Tusk|33/100|[from] Flip Turn
|cant|p1a: Dondozo|slp
|move|p1a: Dondozo|Sleep Talk|p1a: Dondozo
|move|p1a: Dondozo|Rest||[from] move: Sleep Talk|[still]
|-fail|p1a: Dondozo
|
|-heal|p1a: Dondozo|100/100 slp|[from] item: Leftovers
|upkeep
|turn|31
|
|t:|1776099429
|move|p2a: Barca|Rapid Spin|p1a: Dondozo
|-damage|p1a: Dondozo|92/100 slp
|-boost|p2a: Barca|spe|1
|-sideend|p2: magistermilitum420|Stealth Rock|[from] move: Rapid Spin|[of] p2a: Barca
|cant|p1a: Dondozo|slp
|move|p1a: Dondozo|Sleep Talk|p1a: Dondozo
|move|p1a: Dondozo|Liquidation|p2a: Barca|[from] move: Sleep Talk
|-supereffective|p2a: Barca
|-damage|p2a: Barca|0 fnt
|faint|p2a: Barca
|-end|p2a: Barca|Protosynthesis|[silent]
|
|-heal|p1a: Dondozo|98/100 slp|[from] item: Leftovers
|upkeep
|
|t:|1776099440
|switch|p2a: Mahad|Meowscarada, F, shiny|100/100
|turn|32
|
|t:|1776099445
|move|p2a: Mahad|Flower Trick|p1a: Dondozo
|-start|p2a: Mahad|typechange|Grass|[from] ability: Protean
|-supereffective|p1a: Dondozo
|-crit|p1a: Dondozo
|-damage|p1a: Dondozo|51/100 slp
|-curestatus|p1a: Dondozo|slp|[msg]
|move|p1a: Dondozo|Sleep Talk||[still]
|-fail|p1a: Dondozo
|
|-heal|p1a: Dondozo|58/100|[from] item: Leftovers
|upkeep
|turn|33
|
|t:|1776099455
|move|p2a: Mahad|Flower Trick|p1a: Dondozo
|-supereffective|p1a: Dondozo
|-crit|p1a: Dondozo
|-damage|p1a: Dondozo|16/100
|move|p1a: Dondozo|Rest|p1a: Dondozo
|-status|p1a: Dondozo|slp|[from] move: Rest
|-heal|p1a: Dondozo|100/100 slp|[silent]
|
|upkeep
|turn|34
|
|t:|1776099462
|move|p2a: Mahad|Flower Trick|p1a: Dondozo
|-supereffective|p1a: Dondozo
|-crit|p1a: Dondozo
|-damage|p1a: Dondozo|59/100 slp
|cant|p1a: Dondozo|slp
|move|p1a: Dondozo|Sleep Talk|p1a: Dondozo
|move|p1a: Dondozo|Rest||[from] move: Sleep Talk|[still]
|-fail|p1a: Dondozo
|
|-heal|p1a: Dondozo|65/100 slp|[from] item: Leftovers
|upkeep
|turn|35
|
|t:|1776099471
|move|p2a: Mahad|Flower Trick|p1a: Dondozo
|-supereffective|p1a: Dondozo
|-crit|p1a: Dondozo
|-damage|p1a: Dondozo|21/100 slp
|cant|p1a: Dondozo|slp
|move|p1a: Dondozo|Sleep Talk|p1a: Dondozo
|move|p1a: Dondozo|Curse|p1a: Dondozo|[from] move: Sleep Talk
|-unboost|p1a: Dondozo|spe|1
|-boost|p1a: Dondozo|atk|1
|-boost|p1a: Dondozo|def|1
|
|-heal|p1a: Dondozo|27/100 slp|[from] item: Leftovers
|upkeep
|turn|36
|
|t:|1776099482
|move|p2a: Mahad|Flower Trick|p1a: Dondozo
|-supereffective|p1a: Dondozo
|-crit|p1a: Dondozo
|-damage|p1a: Dondozo|0 fnt
|faint|p1a: Dondozo
|
|upkeep
|
|t:|1776099485
|switch|p1a: Kingambit|Kingambit, M|58/100
|-activate|p1a: Kingambit|ability: Supreme Overlord
|-start|p1a: Kingambit|fallen5|[silent]
|turn|37
|
|t:|1776099491
|switch|p2a: Charybdis|Alomomola, F, shiny|88/100
|move|p1a: Kingambit|Swords Dance|p1a: Kingambit
|-boost|p1a: Kingambit|atk|2
|
|upkeep
|turn|38
|
|t:|1776099497
|-terastallize|p1a: Kingambit|Dark
|move|p1a: Kingambit|Sucker Punch|p2a: Charybdis
|-damage|p2a: Charybdis|0 fnt
|faint|p2a: Charybdis
|
|upkeep
|
|t:|1776099513
|switch|p2a: Mahad|Meowscarada, F, shiny|100/100
|turn|39
|
|t:|1776099516
|move|p1a: Kingambit|Sucker Punch|p2a: Mahad
|-resisted|p2a: Mahad
|-damage|p2a: Mahad|0 fnt
|faint|p2a: Mahad
|
|upkeep
|
|t:|1776099530
|switch|p2a: Ladon|Dragonite, F, shiny|39/100
|turn|40
|
|t:|1776099534
|move|p2a: Ladon|Dragon Dance|p2a: Ladon
|-boost|p2a: Ladon|atk|1
|-boost|p2a: Ladon|spe|1
|move|p1a: Kingambit|Kowtow Cleave|p2a: Ladon
|-damage|p2a: Ladon|0 fnt
|faint|p2a: Ladon
|
|upkeep
|
|t:|1776099553
|switch|p2a: Vulcanus|Heatran, F, shiny|100/100
|turn|41
|
|t:|1776099556
|move|p1a: Kingambit|Sucker Punch|p2a: Vulcanus
|-damage|p2a: Vulcanus|0 fnt
|faint|p2a: Vulcanus
|
|upkeep
|
|t:|1776099560
|switch|p2a: Mithridates|Slowking-Galar, M, tera:Fairy|100/100
|turn|42
|
|t:|1776099563
|move|p1a: Kingambit|Iron Head|p2a: Mithridates
|-supereffective|p2a: Mithridates
|-damage|p2a: Mithridates|0 fnt
|faint|p2a: Mithridates
|
|win|99percentoofed
|raw|99percentoofed's rating: 1199 &rarr; <strong>1226</strong><br />(+27 for winning)
|raw|magistermilitum420's rating: 1224 &rarr; <strong>1197</strong><br />(-27 for losing)
|l| ohko_smeargle
|c|☆magistermilitum420|gg
