|html|<div class="broadcast-blue"><strong>[Gen 9] OU is currently suspecting Tera Blast! For information on how to participate check out the <a href="https://www.smogon.com/tools/suspects/view/200">suspect thread</a>.</strong></div>
|j|☆blisteringbigfoot
|j|☆Doxiw
|t:|1776053611
|gametype|singles
|player|p1|blisteringbigfoot|roxie-masters|1360
|player|p2|Doxiw|266|1384
|gen|9
|tier|[Gen 9] OU
|rated|
|rule|HP Percentage Mod: HP is shown in percentages
|rule|Endless Battle Clause: Forcing endless battles is banned
|rule|Species Clause: Limit one of each Pokémon
|rule|OHKO Clause: OHKO moves are banned
|rule|Evasion Items Clause: Evasion items are banned
|rule|Evasion Moves Clause: Evasion moves are banned
|rule|Evasion Abilities Clause: Evasion abilities are banned
|rule|Sleep Moves Clause: Sleep-inducing moves are banned
|clearpoke
|poke|p1|Deoxys-Speed|
|poke|p1|Ceruledge, M|
|poke|p1|Zamazenta-*|
|poke|p1|Ogerpon-Wellspring, F|
|poke|p1|Glimmora, M|
|poke|p1|Moltres-Galar|
|poke|p2|Arcanine-Hisui, F|
|poke|p2|Clefable, F|
|poke|p2|Walking Wake|
|poke|p2|Great Tusk|
|poke|p2|Blissey, F|
|poke|p2|Torkoal, M|
|teampreview
|inactive|Battle timer is ON: inactive players will automatically lose when time's up. (requested by blisteringbigfoot)
|
|t:|1776053658
|teamsize|p1|6
|teamsize|p2|6
|start
|switch|p1a: Glimmora|Glimmora, M|100/100
|switch|p2a: Great Tusk|Great Tusk|100/100
|turn|1
|
|t:|1776053681
|switch|p1a: Deoxys|Deoxys-Speed|100/100
|-ability|p1a: Deoxys|Pressure
|move|p2a: Great Tusk|Headlong Rush|p1a: Deoxys
|-damage|p1a: Deoxys|24/100
|-unboost|p2a: Great Tusk|def|1
|-unboost|p2a: Great Tusk|spd|1
|
|upkeep
|turn|2
|
|t:|1776053697
|-end|p2a: Great Tusk|Protosynthesis|[silent]
|switch|p2a: Blissey|Blissey, F|100/100
|move|p1a: Deoxys|Psycho Boost|p2a: Blissey
|-damage|p2a: Blissey|85/100
|-unboost|p1a: Deoxys|spa|2
|
|-heal|p2a: Blissey|91/100|[from] item: Leftovers
|upkeep
|turn|3
|
|t:|1776053711
|move|p1a: Deoxys|Light Screen|p1a: Deoxys
|-sidestart|p1: blisteringbigfoot|move: Light Screen
|move|p2a: Blissey|Thunder Wave|p1a: Deoxys|[miss]
|-miss|p2a: Blissey|p1a: Deoxys
|
|-heal|p2a: Blissey|97/100|[from] item: Leftovers
|upkeep
|turn|4
|
|t:|1776053715
|move|p1a: Deoxys|Taunt|p2a: Blissey
|-start|p2a: Blissey|move: Taunt
|cant|p2a: Blissey|move: Taunt|Thunder Wave
|
|-heal|p2a: Blissey|100/100|[from] item: Leftovers
|upkeep
|turn|5
|
|t:|1776053718
|move|p1a: Deoxys|Reflect|p1a: Deoxys
|-sidestart|p1: blisteringbigfoot|Reflect
|move|p2a: Blissey|Seismic Toss|p1a: Deoxys
|-damage|p1a: Deoxys|0 fnt
|faint|p1a: Deoxys
|
|upkeep
|
|t:|1776053721
|switch|p1a: Zamazenta|Zamazenta|100/100
|-ability|p1a: Zamazenta|Dauntless Shield|boost
|-boost|p1a: Zamazenta|def|1
|turn|6
|
|t:|1776053728
|switch|p2a: Clefable|Clefable, F|100/100
|move|p1a: Zamazenta|Iron Defense|p1a: Zamazenta
|-boost|p1a: Zamazenta|def|2
|
|upkeep
|turn|7
|
|t:|1776053735
|-terastallize|p1a: Zamazenta|Electric
|move|p1a: Zamazenta|Heavy Slam|p2a: Clefable
|-supereffective|p2a: Clefable
|-damage|p2a: Clefable|31/100
|move|p2a: Clefable|Moonblast|p1a: Zamazenta
|-damage|p1a: Zamazenta|73/100
|
|-heal|p1a: Zamazenta|79/100|[from] item: Leftovers
|upkeep
|turn|8
|
|t:|1776053743
|move|p1a: Zamazenta|Heavy Slam|p2a: Clefable
|-supereffective|p2a: Clefable
|-damage|p2a: Clefable|0 fnt
|faint|p2a: Clefable
|
|-heal|p1a: Zamazenta|85/100|[from] item: Leftovers
|upkeep
|
|t:|1776053760
|switch|p2a: Torkoal|Torkoal, M|100/100
|-weather|SunnyDay|[from] ability: Drought|[of] p2a: Torkoal
|turn|9
|
|t:|1776053765
|move|p1a: Zamazenta|Body Press|p2a: Torkoal
|-damage|p2a: Torkoal|39/100
|move|p2a: Torkoal|Lava Plume|p1a: Zamazenta
|-damage|p1a: Zamazenta|68/100
|-status|p1a: Zamazenta|brn
|
|-weather|SunnyDay|[upkeep]
|-heal|p1a: Zamazenta|75/100 brn|[from] item: Leftovers
|-damage|p1a: Zamazenta|68/100 brn|[from] brn
|upkeep
|turn|10
|
|t:|1776053777
|move|p1a: Zamazenta|Iron Defense|p1a: Zamazenta
|-boost|p1a: Zamazenta|def|2
|move|p2a: Torkoal|Stealth Rock|p1a: Zamazenta
|-sidestart|p1: blisteringbigfoot|move: Stealth Rock
|
|-weather|SunnyDay|[upkeep]
|-heal|p1a: Zamazenta|75/100 brn|[from] item: Leftovers
|-damage|p1a: Zamazenta|68/100 brn|[from] brn
|-sideend|p1: blisteringbigfoot|move: Light Screen
|upkeep
|turn|11
|
|t:|1776053781
|move|p1a: Zamazenta|Body Press|p2a: Torkoal
|-damage|p2a: Torkoal|0 fnt
|faint|p2a: Torkoal
|
|-weather|SunnyDay|[upkeep]
|-heal|p1a: Zamazenta|75/100 brn|[from] item: Leftovers
|-damage|p1a: Zamazenta|68/100 brn|[from] brn
|upkeep
|
|t:|1776053784
|switch|p2a: Walking Wake|Walking Wake|100/100
|-activate|p2a: Walking Wake|ability: Protosynthesis
|-start|p2a: Walking Wake|protosynthesisspe
|turn|12
|
|t:|1776053790
|move|p2a: Walking Wake|Draco Meteor|p1a: Zamazenta
|-damage|p1a: Zamazenta|0 fnt
|-unboost|p2a: Walking Wake|spa|2
|faint|p1a: Zamazenta
|
|-weather|SunnyDay|[upkeep]
|-sideend|p1: blisteringbigfoot|Reflect
|upkeep
|
|t:|1776053796
|switch|p1a: Moltres|Moltres-Galar|100/100
|-damage|p1a: Moltres|75/100|[from] Stealth Rock
|turn|13
|
|t:|1776053799
|-end|p2a: Walking Wake|Protosynthesis|[silent]
|switch|p2a: Arcanine|Arcanine-Hisui, F|100/100
|move|p1a: Moltres|Agility|p1a: Moltres
|-boost|p1a: Moltres|spe|2
|
|-weather|none
|upkeep
|turn|14
|
|t:|1776053805
|move|p1a: Moltres|Fiery Wrath|p2a: Arcanine
|-damage|p2a: Arcanine|47/100
|move|p2a: Arcanine|Head Smash|p1a: Moltres
|-supereffective|p1a: Moltres
|-damage|p1a: Moltres|0 fnt
|faint|p1a: Moltres
|
|upkeep
|
|t:|1776053814
|switch|p1a: Ogerpon|Ogerpon-Wellspring, F|100/100
|-damage|p1a: Ogerpon|88/100|[from] Stealth Rock
|turn|15
|
|t:|1776053817
|move|p2a: Arcanine|Head Smash|p1a: Ogerpon
|-damage|p1a: Ogerpon|0 fnt
|faint|p1a: Ogerpon
|
|upkeep
|-message|blisteringbigfoot forfeited.
|
|win|Doxiw
|raw|blisteringbigfoot's rating: 1360 &rarr; <strong>1341</strong><br />(-19 for losing)
|raw|Doxiw's rating: 1384 &rarr; <strong>1403</strong><br />(+19 for winning)
|l|☆blisteringbigfoot
|player|p1|
|l|☆Doxiw
|player|p2|
