|html|<div class="broadcast-blue"><strong>[Gen 9] OU is currently suspecting Volcarona! For information on how to participate check out the <a href="https://www.smogon.com/tools/suspects/view/208">suspect thread</a>.</strong></div>
|j|☆Sashannarcy
|j|☆JacquesDeAlderberg
|t:|1778502584
|gametype|singles
|player|p1|Sashannarcy|unknownf|1605
|player|p2|JacquesDeAlderberg|265|1583
|gen|9
|tier|[Gen 9] OU
|rated|
|rule|HP Percentage Mod: HP is shown in percentages
|rule|Endless Battle Clause: Forcing endless battles is banned
|rule|Species Clause: Limit one of each Pokémon
|rule|OHKO Clause: OHKO moves are banned
|rule|Evasion Items Clause: Evasion items are banned
|rule|Evasion Moves Clause: Evasion moves are banned
|rule|Evasion Abilities Clause: Evasion abilities are banned
|rule|Sleep Moves Clause: Sleep-inducing moves are banned
|clearpoke
|poke|p1|Komala, M|
|poke|p1|Blissey, F|
|poke|p1|Dondozo, F|
|poke|p1|Gliscor, F|
|poke|p1|Clefable, M|
|poke|p1|Toxapex, M|
|poke|p2|Clodsire, M|
|poke|p2|Conkeldurr, F|
|poke|p2|Zapdos|
|poke|p2|Ceruledge, M|
|poke|p2|Skarmory, F|
|poke|p2|Sinistcha|
|teampreview
|inactive|Battle timer is ON: inactive players will automatically lose when time's up. (requested by Sashannarcy)
|
|t:|1778502597
|teamsize|p1|6
|teamsize|p2|6
|start
|switch|p1a: Gliscor|Gliscor, F|100/100
|switch|p2a: Conkeldurr|Conkeldurr, F|100/100
|turn|1
|
|t:|1778502606
|move|p1a: Gliscor|Protect|p1a: Gliscor
|-singleturn|p1a: Gliscor|Protect
|move|p2a: Conkeldurr|Knock Off|p1a: Gliscor
|-activate|p1a: Gliscor|move: Protect
|
|-status|p1a: Gliscor|tox|[from] item: Toxic Orb
|upkeep
|turn|2
|
|t:|1778502611
|move|p1a: Gliscor|Knock Off|p2a: Conkeldurr
|-resisted|p2a: Conkeldurr
|-damage|p2a: Conkeldurr|93/100
|-enditem|p2a: Conkeldurr|Assault Vest|[from] move: Knock Off|[of] p1a: Gliscor
|move|p2a: Conkeldurr|Ice Punch|p1a: Gliscor
|-supereffective|p1a: Gliscor
|-damage|p1a: Gliscor|41/100 tox
|
|-heal|p1a: Gliscor|54/100 tox|[from] ability: Poison Heal
|upkeep
|turn|3
|
|t:|1778502618
|move|p1a: Gliscor|Protect|p1a: Gliscor
|-singleturn|p1a: Gliscor|Protect
|move|p2a: Conkeldurr|Ice Punch|p1a: Gliscor
|-activate|p1a: Gliscor|move: Protect
|
|-heal|p1a: Gliscor|66/100 tox|[from] ability: Poison Heal
|upkeep
|turn|4
|
|t:|1778502629
|switch|p1a: Clefable|Clefable, M|100/100
|move|p2a: Conkeldurr|Knock Off|p1a: Clefable
|-resisted|p1a: Clefable
|-damage|p1a: Clefable|89/100
|
|-damage|p2a: Conkeldurr|80/100|[from] item: Sticky Barb
|upkeep
|turn|5
|
|t:|1778502637
|switch|p2a: Clodsire|Clodsire, M|100/100
|move|p1a: Clefable|Stealth Rock|p2a: Clodsire
|-sidestart|p2: JacquesDeAlderberg|move: Stealth Rock
|
|upkeep
|turn|6
|
|t:|1778502641
|switch|p1a: Gliscor|Gliscor, F|66/100 tox
|move|p2a: Clodsire|Stealth Rock|p1a: Gliscor
|-sidestart|p1: Sashannarcy|move: Stealth Rock
|
|-heal|p1a: Gliscor|79/100 tox|[from] ability: Poison Heal
|upkeep
|turn|7
|
|t:|1778502645
|switch|p2a: Skarmory|Skarmory, F|100/100
|-damage|p2a: Skarmory|88/100|[from] Stealth Rock
|move|p1a: Gliscor|Spikes|p2a: Skarmory
|-sidestart|p2: JacquesDeAlderberg|Spikes
|
|-heal|p2a: Skarmory|94/100|[from] item: Leftovers
|-heal|p1a: Gliscor|91/100 tox|[from] ability: Poison Heal
|upkeep
|turn|8
|
|t:|1778502650
|move|p1a: Gliscor|Knock Off|p2a: Skarmory
|-damage|p2a: Skarmory|80/100
|-enditem|p2a: Skarmory|Leftovers|[from] move: Knock Off|[of] p1a: Gliscor
|move|p2a: Skarmory|Spikes|p1a: Gliscor
|-sidestart|p1: Sashannarcy|Spikes
|
|-heal|p1a: Gliscor|100/100 tox|[from] ability: Poison Heal
|upkeep
|turn|9
|
|t:|1778502655
|move|p1a: Gliscor|Spikes|p2a: Skarmory
|-sidestart|p2: JacquesDeAlderberg|Spikes
|move|p2a: Skarmory|Whirlwind|p1a: Gliscor
|drag|p1a: Komala|Komala, M|100/100
|-ability|p1a: Komala|Comatose
|
|upkeep
|turn|10
|
|t:|1778502660
|switch|p2a: Conkeldurr|Conkeldurr, F|80/100
|-damage|p2a: Conkeldurr|74/100|[from] Stealth Rock
|-damage|p2a: Conkeldurr|58/100|[from] Spikes
|switch|p1a: Gliscor|Gliscor, F|100/100 tox
|-damage|p1a: Gliscor|88/100 tox|[from] Stealth Rock
|
|-heal|p1a: Gliscor|100/100 tox|[from] ability: Poison Heal
|-damage|p2a: Conkeldurr|45/100|[from] item: Sticky Barb
|upkeep
|turn|11
|
|t:|1778502665
|move|p1a: Gliscor|Protect|p1a: Gliscor
|-singleturn|p1a: Gliscor|Protect
|move|p2a: Conkeldurr|Knock Off|p1a: Gliscor
|-activate|p1a: Gliscor|move: Protect
|
|-damage|p2a: Conkeldurr|33/100|[from] item: Sticky Barb
|upkeep
|turn|12
|
|t:|1778502676
|switch|p1a: Clefable|Clefable, M|89/100
|switch|p2a: Zapdos|Zapdos|100/100
|-ability|p2a: Zapdos|Pressure
|
|upkeep
|turn|13
|
|t:|1778502685
|-terastallize|p2a: Zapdos|Flying
|move|p2a: Zapdos|Hurricane|p1a: Clefable|[miss]
|-miss|p2a: Zapdos|p1a: Clefable
|move|p1a: Clefable|Wish|p1a: Clefable
|
|upkeep
|turn|14
|
|t:|1778502691
|move|p1a: Clefable|Protect|p1a: Clefable
|-singleturn|p1a: Clefable|Protect
|move|p2a: Zapdos|Hurricane|p1a: Clefable
|-activate|p1a: Clefable|move: Protect
|
|-heal|p1a: Clefable|100/100|[from] move: Wish|[wisher] Clefable
|upkeep
|turn|15
|
|t:|1778502699
|switch|p1a: Blissey|Blissey, F|100/100
|move|p2a: Zapdos|Hurricane|p1a: Blissey
|-damage|p1a: Blissey|79/100
|
|upkeep
|turn|16
|
|t:|1778502705
|move|p2a: Zapdos|Volt Switch|p1a: Blissey
|-damage|p1a: Blissey|70/100
|
|t:|1778502708
|switch|p2a: Ceruledge|Ceruledge, M|100/100|[from] Volt Switch
|move|p1a: Blissey|Seismic Toss|p2a: Ceruledge
|-immune|p2a: Ceruledge
|
|upkeep
|turn|17
|
|t:|1778502715
|switch|p2a: Zapdos|Zapdos, tera:Flying|100/100
|-ability|p2a: Zapdos|Pressure
|switch|p1a: Gliscor|Gliscor, F|100/100 tox
|-damage|p1a: Gliscor|88/100 tox|[from] Stealth Rock
|
|-heal|p1a: Gliscor|100/100 tox|[from] ability: Poison Heal
|upkeep
|turn|18
|
|t:|1778502723
|switch|p1a: Blissey|Blissey, F|70/100
|move|p2a: Zapdos|Hurricane|p1a: Blissey|[miss]
|-miss|p2a: Zapdos|p1a: Blissey
|
|upkeep
|turn|19
|
|t:|1778502727
|move|p2a: Zapdos|Volt Switch|p1a: Blissey
|-crit|p1a: Blissey
|-damage|p1a: Blissey|54/100
|
|t:|1778502730
|switch|p2a: Ceruledge|Ceruledge, M|100/100|[from] Volt Switch
|move|p1a: Blissey|Shadow Ball|p2a: Ceruledge
|-supereffective|p2a: Ceruledge
|-crit|p2a: Ceruledge
|-damage|p2a: Ceruledge|67/100
|
|upkeep
|turn|20
|
|t:|1778502737
|switch|p2a: Zapdos|Zapdos, tera:Flying|100/100
|-ability|p2a: Zapdos|Pressure
|switch|p1a: Gliscor|Gliscor, F|100/100 tox
|-damage|p1a: Gliscor|88/100 tox|[from] Stealth Rock
|
|-heal|p1a: Gliscor|100/100 tox|[from] ability: Poison Heal
|upkeep
|turn|21
|
|t:|1778502745
|switch|p1a: Blissey|Blissey, F|54/100
|move|p2a: Zapdos|Hurricane|p1a: Blissey
|-damage|p1a: Blissey|32/100
|
|upkeep
|turn|22
|
|t:|1778502750
|move|p2a: Zapdos|Hurricane|p1a: Blissey
|-damage|p1a: Blissey|10/100
|move|p1a: Blissey|Soft-Boiled|p1a: Blissey
|-heal|p1a: Blissey|60/100
|
|upkeep
|turn|23
|
|t:|1778502754
|move|p2a: Zapdos|Volt Switch|p1a: Blissey
|-damage|p1a: Blissey|50/100
|
|t:|1778502756
|switch|p2a: Ceruledge|Ceruledge, M|67/100|[from] Volt Switch
|move|p1a: Blissey|Soft-Boiled|p1a: Blissey
|-heal|p1a: Blissey|99/100
|
|upkeep
|turn|24
|
|t:|1778502762
|switch|p1a: Gliscor|Gliscor, F|100/100 tox
|-damage|p1a: Gliscor|88/100 tox|[from] Stealth Rock
|move|p2a: Ceruledge|Bulk Up|p2a: Ceruledge
|-boost|p2a: Ceruledge|atk|1
|-boost|p2a: Ceruledge|def|1
|
|-heal|p1a: Gliscor|100/100 tox|[from] ability: Poison Heal
|upkeep
|turn|25
|
|t:|1778502773
|switch|p2a: Skarmory|Skarmory, F|80/100
|-damage|p2a: Skarmory|67/100|[from] Stealth Rock
|move|p1a: Gliscor|Toxic|p2a: Skarmory
|-immune|p2a: Skarmory
|
|upkeep
|turn|26
|
|t:|1778502778
|move|p1a: Gliscor|Spikes|p2a: Skarmory
|-sidestart|p2: JacquesDeAlderberg|Spikes
|move|p2a: Skarmory|Whirlwind|p1a: Gliscor
|drag|p1a: Clefable|Clefable, M|100/100
|
|upkeep
|turn|27
|
|t:|1778502788
|move|p2a: Skarmory|Brave Bird|p1a: Clefable
|-damage|p1a: Clefable|73/100
|-damage|p2a: Skarmory|56/100|[from] Recoil
|move|p1a: Clefable|Moonblast|p2a: Skarmory
|-resisted|p2a: Skarmory
|-damage|p2a: Skarmory|42/100
|
|upkeep
|turn|28
|l|☆JacquesDeAlderberg
|inactive|JacquesDeAlderberg disconnected and has a minute to reconnect!
|player|p2|
|j|☆JacquesDeAlderberg
|inactive|JacquesDeAlderberg reconnected and has 140 seconds left.
|player|p2|JacquesDeAlderberg|265|
|-message|JacquesDeAlderberg forfeited.
|
|win|Sashannarcy
|raw|Sashannarcy's rating: 1605 &rarr; <strong>1624</strong><br />(+19 for winning)
|raw|JacquesDeAlderberg's rating: 1583 &rarr; <strong>1564</strong><br />(-19 for losing)
|l|☆JacquesDeAlderberg
|player|p2|
|l|☆Sashannarcy
|player|p1|
