|html|<div class="broadcast-blue"><strong>[Gen 9] OU is currently suspecting Tera Blast! For information on how to participate check out the <a href="https://www.smogon.com/tools/suspects/view/200">suspect thread</a>.</strong></div>
|j|☆Pulkatz
|j|☆gb3lxk
|t:|1776299335
|gametype|singles
|player|p1|Pulkatz|pokemonranger-gen4|1084
|player|p2|gb3lxk|1|1140
|gen|9
|tier|[Gen 9] OU
|rated|
|rule|HP Percentage Mod: HP is shown in percentages
|rule|Endless Battle Clause: Forcing endless battles is banned
|rule|Species Clause: Limit one of each Pokémon
|rule|OHKO Clause: OHKO moves are banned
|rule|Evasion Items Clause: Evasion items are banned
|rule|Evasion Moves Clause: Evasion moves are banned
|rule|Evasion Abilities Clause: Evasion abilities are banned
|rule|Sleep Moves Clause: Sleep-inducing moves are banned
|clearpoke
|poke|p1|Serperior, M|
|poke|p1|Palossand, F|
|poke|p1|Espeon, M|
|poke|p1|Clodsire, M|
|poke|p1|Iron Hands|
|poke|p1|Corviknight, M|
|poke|p2|Incineroar, M|
|poke|p2|Gholdengo|
|poke|p2|Corviknight, M|
|poke|p2|Kingambit, M|
|poke|p2|Dragapult, M|
|poke|p2|Tyranitar, M|
|teampreview
|inactive|Battle timer is ON: inactive players will automatically lose when time's up. (requested by gb3lxk)
|
|t:|1776299349
|teamsize|p1|6
|teamsize|p2|6
|start
|switch|p1a: Mr. Ultra Ball|Iron Hands|100/100
|switch|p2a: Tyranitar|Tyranitar, M|100/100
|-weather|Sandstorm|[from] ability: Sand Stream|[of] p2a: Tyranitar
|turn|1
|
|t:|1776299373
|switch|p2a: Incineroar|Incineroar, M|100/100
|-ability|p2a: Incineroar|Intimidate|boost
|-unboost|p1a: Mr. Ultra Ball|atk|1
|move|p1a: Mr. Ultra Ball|Fake Out|p2a: Incineroar
|-damage|p2a: Incineroar|89/100
|
|-weather|Sandstorm|[upkeep]
|-damage|p2a: Incineroar|83/100|[from] Sandstorm
|-damage|p1a: Mr. Ultra Ball|94/100|[from] Sandstorm
|upkeep
|turn|2
|
|t:|1776299392
|move|p2a: Incineroar|Parting Shot|p1a: Mr. Ultra Ball
|-unboost|p1a: Mr. Ultra Ball|atk|1
|-unboost|p1a: Mr. Ultra Ball|spa|1
|inactive|gb3lxk has 120 seconds left.
|
|t:|1776299419
|switch|p2a: Dragapult|Dragapult, M|100/100|[from] Parting Shot
|move|p1a: Mr. Ultra Ball|Earthquake|p2a: Dragapult
|-damage|p2a: Dragapult|72/100
|
|-weather|Sandstorm|[upkeep]
|-damage|p2a: Dragapult|66/100|[from] Sandstorm
|-damage|p1a: Mr. Ultra Ball|88/100|[from] Sandstorm
|upkeep
|turn|3
|
|t:|1776299428
|move|p2a: Dragapult|Flamethrower|p1a: Mr. Ultra Ball
|-damage|p1a: Mr. Ultra Ball|66/100
|move|p1a: Mr. Ultra Ball|Ice Punch|p2a: Dragapult
|-supereffective|p2a: Dragapult
|-damage|p2a: Dragapult|28/100
|
|-weather|Sandstorm|[upkeep]
|-damage|p2a: Dragapult|22/100|[from] Sandstorm
|-damage|p1a: Mr. Ultra Ball|60/100|[from] Sandstorm
|upkeep
|turn|4
|inactive|gb3lxk has 120 seconds left.
|
|t:|1776299436
|switch|p2a: Incineroar|Incineroar, M|83/100
|-ability|p2a: Incineroar|Intimidate|boost
|-unboost|p1a: Mr. Ultra Ball|atk|1
|move|p1a: Mr. Ultra Ball|Earthquake|p2a: Incineroar
|-supereffective|p2a: Incineroar
|-damage|p2a: Incineroar|51/100
|
|-weather|Sandstorm|[upkeep]
|-damage|p2a: Incineroar|45/100|[from] Sandstorm
|-damage|p1a: Mr. Ultra Ball|54/100|[from] Sandstorm
|-enditem|p2a: Incineroar|Sitrus Berry|[eat]
|-heal|p2a: Incineroar|70/100|[from] item: Sitrus Berry
|upkeep
|turn|5
|
|t:|1776299443
|-end|p1a: Mr. Ultra Ball|Quark Drive|[silent]
|switch|p1a: "Mew"|Espeon, M|100/100
|move|p2a: Incineroar|Fake Out|p1a: "Mew"
|-damage|p1a: "Mew"|71/100
|
|-weather|none
|upkeep
|turn|6
|
|t:|1776299450
|switch|p1a: Mr. Ultra Ball|Iron Hands|54/100
|move|p2a: Incineroar|Knock Off|p1a: Mr. Ultra Ball
|-resisted|p1a: Mr. Ultra Ball
|-crit|p1a: Mr. Ultra Ball
|-damage|p1a: Mr. Ultra Ball|29/100
|-enditem|p1a: Mr. Ultra Ball|Assault Vest|[from] move: Knock Off|[of] p2a: Incineroar
|
|upkeep
|turn|7
|
|t:|1776299464
|move|p1a: Mr. Ultra Ball|Fake Out|p2a: Incineroar
|-damage|p2a: Incineroar|54/100
|cant|p2a: Incineroar|flinch
|
|upkeep
|turn|8
|
|t:|1776299470
|-end|p1a: Mr. Ultra Ball|Quark Drive|[silent]
|switch|p1a: Chud Bud|Corviknight, M|100/100
|-ability|p1a: Chud Bud|Pressure
|move|p2a: Incineroar|Flare Blitz|p1a: Chud Bud
|-supereffective|p1a: Chud Bud
|-damage|p1a: Chud Bud|24/100
|-damage|p2a: Incineroar|38/100|[from] item: Rocky Helmet|[of] p1a: Chud Bud
|-damage|p2a: Incineroar|12/100|[from] Recoil
|
|upkeep
|turn|9
|
|t:|1776299487
|switch|p1a: Mr. Ultra Ball|Iron Hands|29/100
|move|p2a: Incineroar|Flare Blitz|p1a: Mr. Ultra Ball
|-damage|p1a: Mr. Ultra Ball|0 fnt
|faint|p1a: Mr. Ultra Ball
|-end|p1a: Mr. Ultra Ball|Quark Drive|[silent]
|-damage|p2a: Incineroar|0 fnt|[from] Recoil
|faint|p2a: Incineroar
|
|upkeep
|
|t:|1776299502
|switch|p2a: Tyranitar|Tyranitar, M|100/100
|switch|p1a: Taj Mahal|Palossand, F|100/100
|-weather|Sandstorm|[from] ability: Sand Stream|[of] p2a: Tyranitar
|turn|10
|
|t:|1776299510
|move|p2a: Tyranitar|Stealth Rock|p1a: Taj Mahal
|-sidestart|p1: Pulkatz|move: Stealth Rock
|move|p1a: Taj Mahal|Stockpile|p1a: Taj Mahal
|-start|p1a: Taj Mahal|stockpile1
|-boost|p1a: Taj Mahal|def|1
|-boost|p1a: Taj Mahal|spd|1
|
|-weather|Sandstorm|[upkeep]
|upkeep
|turn|11
|
|t:|1776299529
|switch|p2a: Kingambit|Kingambit, M|100/100
|-activate|p2a: Kingambit|ability: Supreme Overlord
|-start|p2a: Kingambit|fallen1|[silent]
|move|p1a: Taj Mahal|Stockpile|p1a: Taj Mahal
|-start|p1a: Taj Mahal|stockpile2
|-boost|p1a: Taj Mahal|def|1
|-boost|p1a: Taj Mahal|spd|1
|
|-weather|Sandstorm|[upkeep]
|upkeep
|turn|12
|
|t:|1776299535
|move|p2a: Kingambit|Swords Dance|p2a: Kingambit
|-boost|p2a: Kingambit|atk|2
|move|p1a: Taj Mahal|Scorching Sands|p2a: Kingambit
|-supereffective|p2a: Kingambit
|-damage|p2a: Kingambit|33/100
|
|-weather|Sandstorm|[upkeep]
|upkeep
|turn|13
|
|t:|1776299543
|move|p2a: Kingambit|Sucker Punch|p1a: Taj Mahal
|-supereffective|p1a: Taj Mahal
|-damage|p1a: Taj Mahal|13/100
|-enditem|p1a: Taj Mahal|Weakness Policy
|-boost|p1a: Taj Mahal|atk|2|[from] item: Weakness Policy
|-boost|p1a: Taj Mahal|spa|2|[from] item: Weakness Policy
|move|p1a: Taj Mahal|Scorching Sands|p2a: Kingambit
|-supereffective|p2a: Kingambit
|-damage|p2a: Kingambit|0 fnt
|faint|p2a: Kingambit
|-end|p2a: Kingambit|fallen1|[silent]
|
|-weather|Sandstorm|[upkeep]
|upkeep
|inactive|gb3lxk has 120 seconds left.
|
|t:|1776299571
|switch|p2a: Gholdengo|Gholdengo|100/100
|turn|14
|
|t:|1776299574
|move|p2a: Gholdengo|Shadow Ball|p1a: Taj Mahal
|-supereffective|p1a: Taj Mahal
|-damage|p1a: Taj Mahal|0 fnt
|faint|p1a: Taj Mahal
|
|-weather|none
|upkeep
|
|t:|1776299589
|switch|p1a: Bubby|Clodsire, M|100/100
|-damage|p1a: Bubby|94/100|[from] Stealth Rock
|turn|15
|
|t:|1776299600
|move|p2a: Gholdengo|Protect|p2a: Gholdengo
|-singleturn|p2a: Gholdengo|Protect
|move|p1a: Bubby|Earthquake|p2a: Gholdengo
|-activate|p2a: Gholdengo|move: Protect
|
|-heal|p1a: Bubby|100/100|[from] item: Leftovers
|upkeep
|turn|16
|inactive|gb3lxk has 120 seconds left.
|
|t:|1776299627
|switch|p2a: Corviknight|Corviknight, M|100/100
|switch|p1a: Chud Bud|Corviknight, M|24/100
|-damage|p1a: Chud Bud|12/100|[from] Stealth Rock
|-ability|p1a: Chud Bud|Pressure
|
|upkeep
|turn|17
|inactive|gb3lxk has 120 seconds left.
|
|t:|1776299639
|move|p2a: Corviknight|Iron Defense|p2a: Corviknight
|-boost|p2a: Corviknight|def|2
|move|p1a: Chud Bud|Roost|p1a: Chud Bud
|-heal|p1a: Chud Bud|62/100
|-singleturn|p1a: Chud Bud|move: Roost
|
|upkeep
|turn|18
|
|t:|1776299646
|move|p1a: Chud Bud|Defog|p2a: Corviknight
|-ability|p2a: Corviknight|Mirror Armor
|-unboost|p1a: Chud Bud|evasion|1
|-sideend|p1: Pulkatz|Stealth Rock|[from] move: Defog|[of] p1a: Chud Bud
|move|p2a: Corviknight|Iron Defense|p2a: Corviknight
|-boost|p2a: Corviknight|def|2
|
|upkeep
|turn|19
|
|t:|1776299659
|switch|p1a: Bubby|Clodsire, M|100/100
|move|p2a: Corviknight|Body Press|p1a: Bubby
|-resisted|p1a: Bubby
|-damage|p1a: Bubby|90/100
|
|-heal|p1a: Bubby|96/100|[from] item: Leftovers
|upkeep
|turn|20
|
|t:|1776299672
|move|p2a: Corviknight|Iron Defense|p2a: Corviknight
|-boost|p2a: Corviknight|def|2
|move|p1a: Bubby|Stockpile|p1a: Bubby
|-start|p1a: Bubby|stockpile1
|-boost|p1a: Bubby|def|1
|-boost|p1a: Bubby|spd|1
|
|-heal|p1a: Bubby|100/100|[from] item: Leftovers
|upkeep
|turn|21
|inactive|gb3lxk has 120 seconds left.
|
|t:|1776299713
|switch|p2a: Gholdengo|Gholdengo|100/100
|move|p1a: Bubby|Stockpile|p1a: Bubby
|-start|p1a: Bubby|stockpile2
|-boost|p1a: Bubby|def|1
|-boost|p1a: Bubby|spd|1
|
|upkeep
|turn|22
|
|t:|1776299718
|-terastallize|p2a: Gholdengo|Flying
|move|p2a: Gholdengo|Shadow Ball|p1a: Bubby
|-damage|p1a: Bubby|89/100
|move|p1a: Bubby|Earthquake|p2a: Gholdengo
|-immune|p2a: Gholdengo
|
|-heal|p1a: Bubby|95/100|[from] item: Leftovers
|upkeep
|turn|23
|
|t:|1776299726
|move|p2a: Gholdengo|Shadow Ball|p1a: Bubby
|-damage|p1a: Bubby|84/100
|-unboost|p1a: Bubby|spd|1
|move|p1a: Bubby|Toxic|p2a: Gholdengo
|-immune|p2a: Gholdengo|[from] ability: Good as Gold
|
|-heal|p1a: Bubby|90/100|[from] item: Leftovers
|upkeep
|turn|24
|
|t:|1776299744
|switch|p1a: "Mew"|Espeon, M|71/100
|move|p2a: Gholdengo|Shadow Ball|p1a: "Mew"
|-supereffective|p1a: "Mew"
|-damage|p1a: "Mew"|0 fnt
|faint|p1a: "Mew"
|
|upkeep
|
|t:|1776299746
|switch|p1a: Dollar Tree|Serperior, M|100/100
|turn|25
|inactive|gb3lxk has 120 seconds left.
|
|t:|1776299760
|move|p1a: Dollar Tree|Leaf Storm|p2a: Gholdengo
|-resisted|p2a: Gholdengo
|-damage|p2a: Gholdengo|65/100
|-boost|p1a: Dollar Tree|spa|2
|move|p2a: Gholdengo|Shadow Ball|p1a: Dollar Tree
|-damage|p1a: Dollar Tree|59/100
|-boost|p1a: Dollar Tree|spd|1
|
|-heal|p2a: Gholdengo|71/100|[from] item: Leftovers
|upkeep
|turn|26
|inactive|gb3lxk has 120 seconds left.
|
|t:|1776299772
|move|p2a: Gholdengo|Protect|p2a: Gholdengo
|-singleturn|p2a: Gholdengo|Protect
|move|p1a: Dollar Tree|Leaf Storm|p2a: Gholdengo
|-activate|p2a: Gholdengo|move: Protect
|
|-heal|p2a: Gholdengo|77/100|[from] item: Leftovers
|upkeep
|turn|27
|inactive|gb3lxk has 120 seconds left.
|
|t:|1776299782
|move|p1a: Dollar Tree|Leaf Storm|p2a: Gholdengo
|-resisted|p2a: Gholdengo
|-damage|p2a: Gholdengo|5/100
|-boost|p1a: Dollar Tree|spa|2
|move|p2a: Gholdengo|Recover|p2a: Gholdengo
|-heal|p2a: Gholdengo|55/100
|
|-heal|p2a: Gholdengo|61/100|[from] item: Leftovers
|upkeep
|turn|28
|inactive|gb3lxk has 120 seconds left.
|
|t:|1776299797
|move|p2a: Gholdengo|Protect|p2a: Gholdengo
|-singleturn|p2a: Gholdengo|Protect
|move|p1a: Dollar Tree|Leaf Storm|p2a: Gholdengo
|-activate|p2a: Gholdengo|move: Protect
|
|-heal|p2a: Gholdengo|67/100|[from] item: Leftovers
|upkeep
|turn|29
|inactive|gb3lxk has 120 seconds left.
|
|t:|1776299811
|switch|p2a: Corviknight|Corviknight, M|100/100
|move|p1a: Dollar Tree|Leaf Storm|p2a: Corviknight
|-resisted|p2a: Corviknight
|-damage|p2a: Corviknight|67/100
|-boost|p1a: Dollar Tree|spa|2
|
|upkeep
|turn|30
|inactive|gb3lxk has 120 seconds left.
|
|t:|1776299824
|move|p1a: Dollar Tree|Leaf Storm|p2a: Corviknight
|-resisted|p2a: Corviknight
|-damage|p2a: Corviknight|19/100
|move|p2a: Corviknight|Roost|p2a: Corviknight
|-heal|p2a: Corviknight|69/100
|-singleturn|p2a: Corviknight|move: Roost
|
|upkeep
|turn|31
|inactive|gb3lxk has 120 seconds left.
|
|t:|1776299832
|move|p1a: Dollar Tree|Leaf Storm|p2a: Corviknight
|-resisted|p2a: Corviknight
|-damage|p2a: Corviknight|20/100
|move|p2a: Corviknight|Body Press|p1a: Dollar Tree
|-damage|p1a: Dollar Tree|34/100
|
|upkeep
|turn|32
|
|t:|1776299841
|move|p1a: Dollar Tree|Leaf Storm|p2a: Corviknight
|-resisted|p2a: Corviknight
|-damage|p2a: Corviknight|0 fnt
|faint|p2a: Corviknight
|
|upkeep
|inactive|gb3lxk has 120 seconds left.
|
|t:|1776299856
|switch|p2a: Dragapult|Dragapult, M|22/100
|turn|33
|
|t:|1776299861
|switch|p1a: Bubby|Clodsire, M|90/100
|move|p2a: Dragapult|Flamethrower|p1a: Bubby
|-damage|p1a: Bubby|66/100
|-status|p1a: Bubby|brn
|
|-heal|p1a: Bubby|72/100 brn|[from] item: Leftovers
|-damage|p1a: Bubby|66/100 brn|[from] brn
|upkeep
|turn|34
|
|t:|1776299872
|switch|p2a: Gholdengo|Gholdengo, tera:Flying|67/100
|move|p1a: Bubby|Earthquake|p2a: Gholdengo
|-immune|p2a: Gholdengo
|
|-heal|p2a: Gholdengo|74/100|[from] item: Leftovers
|-heal|p1a: Bubby|72/100 brn|[from] item: Leftovers
|-damage|p1a: Bubby|66/100 brn|[from] brn
|upkeep
|turn|35
|
|t:|1776299881
|switch|p1a: Chud Bud|Corviknight, M|62/100
|-ability|p1a: Chud Bud|Pressure
|move|p2a: Gholdengo|Shadow Ball|p1a: Chud Bud
|-damage|p1a: Chud Bud|28/100
|
|-heal|p2a: Gholdengo|80/100|[from] item: Leftovers
|upkeep
|turn|36
|
|t:|1776299894
|move|p2a: Gholdengo|Protect|p2a: Gholdengo
|-singleturn|p2a: Gholdengo|Protect
|move|p1a: Chud Bud|Roost|p1a: Chud Bud
|-heal|p1a: Chud Bud|78/100
|-singleturn|p1a: Chud Bud|move: Roost
|
|-heal|p2a: Gholdengo|86/100|[from] item: Leftovers
|upkeep
|turn|37
|
|t:|1776299899
|move|p2a: Gholdengo|Shadow Ball|p1a: Chud Bud
|-damage|p1a: Chud Bud|42/100
|-unboost|p1a: Chud Bud|spd|1
|move|p1a: Chud Bud|U-turn|p2a: Gholdengo
|-resisted|p2a: Gholdengo
|-damage|p2a: Gholdengo|81/100
|
|t:|1776299903
|switch|p1a: Dollar Tree|Serperior, M|34/100|[from] U-turn
|
|-heal|p2a: Gholdengo|87/100|[from] item: Leftovers
|upkeep
|turn|38
|
|t:|1776299911
|-terastallize|p1a: Dollar Tree|Stellar
|move|p2a: Gholdengo|Protect|p2a: Gholdengo
|-singleturn|p2a: Gholdengo|Protect
|move|p1a: Dollar Tree|Tera Blast|p2a: Gholdengo|[anim] Tera Blast Stellar
|-activate|p2a: Gholdengo|move: Protect
|
|-heal|p2a: Gholdengo|93/100|[from] item: Leftovers
|upkeep
|turn|39
|
|t:|1776299925
|move|p1a: Dollar Tree|Tera Blast|p2a: Gholdengo|[anim] Tera Blast Stellar
|-supereffective|p2a: Gholdengo
|-damage|p2a: Gholdengo|14/100
|-boost|p1a: Dollar Tree|atk|1
|-boost|p1a: Dollar Tree|spa|1
|move|p2a: Gholdengo|Shadow Ball|p1a: Dollar Tree
|-damage|p1a: Dollar Tree|0 fnt
|faint|p1a: Dollar Tree
|
|-heal|p2a: Gholdengo|20/100|[from] item: Leftovers
|upkeep
|
|t:|1776299931
|switch|p1a: Chud Bud|Corviknight, M|42/100
|-ability|p1a: Chud Bud|Pressure
|turn|40
|
|t:|1776299943
|move|p2a: Gholdengo|Protect|p2a: Gholdengo
|-singleturn|p2a: Gholdengo|Protect
|move|p1a: Chud Bud|Roost|p1a: Chud Bud
|-heal|p1a: Chud Bud|92/100
|-singleturn|p1a: Chud Bud|move: Roost
|
|-heal|p2a: Gholdengo|26/100|[from] item: Leftovers
|upkeep
|turn|41
|
|t:|1776299949
|move|p2a: Gholdengo|Recover|p2a: Gholdengo
|-heal|p2a: Gholdengo|76/100
|move|p1a: Chud Bud|Brave Bird|p2a: Gholdengo
|-damage|p2a: Gholdengo|52/100
|-damage|p1a: Chud Bud|85/100|[from] Recoil
|
|-heal|p2a: Gholdengo|58/100|[from] item: Leftovers
|upkeep
|turn|42
|
|t:|1776299958
|move|p2a: Gholdengo|Recover|p2a: Gholdengo
|-heal|p2a: Gholdengo|100/100
|move|p1a: Chud Bud|Brave Bird|p2a: Gholdengo
|-damage|p2a: Gholdengo|75/100
|-damage|p1a: Chud Bud|77/100|[from] Recoil
|
|-heal|p2a: Gholdengo|81/100|[from] item: Leftovers
|upkeep
|turn|43
|
|t:|1776299978
|move|p2a: Gholdengo|Shadow Ball|p1a: Chud Bud
|-damage|p1a: Chud Bud|43/100
|move|p1a: Chud Bud|Brave Bird|p2a: Gholdengo
|-crit|p2a: Gholdengo
|-damage|p2a: Gholdengo|41/100
|-damage|p1a: Chud Bud|30/100|[from] Recoil
|
|-heal|p2a: Gholdengo|47/100|[from] item: Leftovers
|upkeep
|turn|44
|
|t:|1776299988
|move|p2a: Gholdengo|Protect|p2a: Gholdengo
|-singleturn|p2a: Gholdengo|Protect
|move|p1a: Chud Bud|Roost|p1a: Chud Bud
|-heal|p1a: Chud Bud|80/100
|-singleturn|p1a: Chud Bud|move: Roost
|
|-heal|p2a: Gholdengo|53/100|[from] item: Leftovers
|upkeep
|turn|45
|
|t:|1776299998
|move|p2a: Gholdengo|Recover|p2a: Gholdengo
|-heal|p2a: Gholdengo|100/100
|move|p1a: Chud Bud|Brave Bird|p2a: Gholdengo
|-damage|p2a: Gholdengo|77/100
|-damage|p1a: Chud Bud|73/100|[from] Recoil
|
|-heal|p2a: Gholdengo|83/100|[from] item: Leftovers
|upkeep
|turn|46
|
|t:|1776300009
|move|p2a: Gholdengo|Protect|p2a: Gholdengo
|-singleturn|p2a: Gholdengo|Protect
|move|p1a: Chud Bud|Roost|p1a: Chud Bud
|-heal|p1a: Chud Bud|100/100
|-singleturn|p1a: Chud Bud|move: Roost
|
|-heal|p2a: Gholdengo|89/100|[from] item: Leftovers
|upkeep
|turn|47
|
|t:|1776300016
|move|p2a: Gholdengo|Shadow Ball|p1a: Chud Bud
|-damage|p1a: Chud Bud|66/100
|move|p1a: Chud Bud|Brave Bird|p2a: Gholdengo
|-damage|p2a: Gholdengo|64/100
|-damage|p1a: Chud Bud|58/100|[from] Recoil
|
|-heal|p2a: Gholdengo|70/100|[from] item: Leftovers
|upkeep
|turn|48
|
|t:|1776300027
|move|p2a: Gholdengo|Shadow Ball|p1a: Chud Bud
|-damage|p1a: Chud Bud|24/100
|-unboost|p1a: Chud Bud|spd|1
|move|p1a: Chud Bud|Brave Bird|p2a: Gholdengo
|-damage|p2a: Gholdengo|46/100
|-damage|p1a: Chud Bud|16/100|[from] Recoil
|
|-heal|p2a: Gholdengo|52/100|[from] item: Leftovers
|upkeep
|turn|49
|
|t:|1776300038
|switch|p1a: Bubby|Clodsire, M|66/100 brn
|move|p2a: Gholdengo|Shadow Ball|p1a: Bubby
|-damage|p1a: Bubby|42/100 brn
|
|-heal|p2a: Gholdengo|58/100|[from] item: Leftovers
|-heal|p1a: Bubby|48/100 brn|[from] item: Leftovers
|-damage|p1a: Bubby|42/100 brn|[from] brn
|upkeep
|turn|50
|
|t:|1776300048
|move|p2a: Gholdengo|Shadow Ball|p1a: Bubby
|-damage|p1a: Bubby|20/100 brn
|move|p1a: Bubby|Recover|p1a: Bubby
|-heal|p1a: Bubby|70/100 brn
|
|-heal|p2a: Gholdengo|65/100|[from] item: Leftovers
|-heal|p1a: Bubby|76/100 brn|[from] item: Leftovers
|-damage|p1a: Bubby|70/100 brn|[from] brn
|upkeep
|turn|51
|
|t:|1776300056
|move|p2a: Gholdengo|Shadow Ball|p1a: Bubby
|-damage|p1a: Bubby|48/100 brn
|move|p1a: Bubby|Recover|p1a: Bubby
|-heal|p1a: Bubby|98/100 brn
|
|-heal|p2a: Gholdengo|71/100|[from] item: Leftovers
|-heal|p1a: Bubby|100/100 brn|[from] item: Leftovers
|-damage|p1a: Bubby|94/100 brn|[from] brn
|upkeep
|turn|52
|
|t:|1776300081
|move|p2a: Gholdengo|Protect|p2a: Gholdengo
|-singleturn|p2a: Gholdengo|Protect
|move|p1a: Bubby|Stockpile|p1a: Bubby
|-start|p1a: Bubby|stockpile1
|-boost|p1a: Bubby|def|1
|-boost|p1a: Bubby|spd|1
|
|-heal|p2a: Gholdengo|77/100|[from] item: Leftovers
|-heal|p1a: Bubby|100/100 brn|[from] item: Leftovers
|-damage|p1a: Bubby|94/100 brn|[from] brn
|upkeep
|turn|53
|
|t:|1776300101
|switch|p2a: Tyranitar|Tyranitar, M|100/100
|-weather|Sandstorm|[from] ability: Sand Stream|[of] p2a: Tyranitar
|move|p1a: Bubby|Stockpile|p1a: Bubby
|-start|p1a: Bubby|stockpile2
|-boost|p1a: Bubby|def|1
|-boost|p1a: Bubby|spd|1
|
|-weather|Sandstorm|[upkeep]
|-heal|p1a: Bubby|100/100 brn|[from] item: Leftovers
|-damage|p1a: Bubby|94/100 brn|[from] brn
|upkeep
|turn|54
|
|t:|1776300110
|move|p2a: Tyranitar|Stealth Rock|p1a: Bubby
|-sidestart|p1: Pulkatz|move: Stealth Rock
|move|p1a: Bubby|Earthquake|p2a: Tyranitar
|-supereffective|p2a: Tyranitar
|-damage|p2a: Tyranitar|71/100
|
|-weather|Sandstorm|[upkeep]
|-heal|p2a: Tyranitar|77/100|[from] item: Leftovers
|-heal|p1a: Bubby|100/100 brn|[from] item: Leftovers
|-damage|p1a: Bubby|94/100 brn|[from] brn
|upkeep
|turn|55
|
|t:|1776300117
|move|p2a: Tyranitar|Rock Slide|p1a: Bubby
|-resisted|p1a: Bubby
|-damage|p1a: Bubby|86/100 brn
|move|p1a: Bubby|Toxic|p2a: Tyranitar
|-status|p2a: Tyranitar|tox
|
|-weather|Sandstorm|[upkeep]
|-heal|p2a: Tyranitar|84/100 tox|[from] item: Leftovers
|-heal|p1a: Bubby|92/100 brn|[from] item: Leftovers
|-damage|p2a: Tyranitar|77/100 tox|[from] psn
|-damage|p1a: Bubby|86/100 brn|[from] brn
|upkeep
|turn|56
|
|t:|1776300123
|move|p2a: Tyranitar|Rock Slide|p1a: Bubby
|-resisted|p1a: Bubby
|-damage|p1a: Bubby|75/100 brn
|move|p1a: Bubby|Stockpile|p1a: Bubby
|-start|p1a: Bubby|stockpile3
|-boost|p1a: Bubby|def|1
|-boost|p1a: Bubby|spd|1
|
|-weather|Sandstorm|[upkeep]
|-heal|p2a: Tyranitar|84/100 tox|[from] item: Leftovers
|-heal|p1a: Bubby|81/100 brn|[from] item: Leftovers
|-damage|p2a: Tyranitar|71/100 tox|[from] psn
|-damage|p1a: Bubby|75/100 brn|[from] brn
|upkeep
|turn|57
|
|t:|1776300132
|move|p2a: Tyranitar|Rock Slide|p1a: Bubby|[miss]
|-miss|p2a: Tyranitar|p1a: Bubby
|move|p1a: Bubby|Earthquake|p2a: Tyranitar
|-supereffective|p2a: Tyranitar
|-damage|p2a: Tyranitar|45/100 tox
|
|-weather|none
|-heal|p2a: Tyranitar|51/100 tox|[from] item: Leftovers
|-heal|p1a: Bubby|81/100 brn|[from] item: Leftovers
|-damage|p2a: Tyranitar|33/100 tox|[from] psn
|-damage|p1a: Bubby|75/100 brn|[from] brn
|upkeep
|turn|58
|
|t:|1776300136
|move|p2a: Tyranitar|Rock Slide|p1a: Bubby
|-resisted|p1a: Bubby
|-damage|p1a: Bubby|68/100 brn
|move|p1a: Bubby|Earthquake|p2a: Tyranitar
|-supereffective|p2a: Tyranitar
|-damage|p2a: Tyranitar|4/100 tox
|
|-heal|p2a: Tyranitar|10/100 tox|[from] item: Leftovers
|-heal|p1a: Bubby|74/100 brn|[from] item: Leftovers
|-damage|p2a: Tyranitar|0 fnt|[from] psn
|faint|p2a: Tyranitar
|-damage|p1a: Bubby|68/100 brn|[from] brn
|upkeep
|
|t:|1776300147
|switch|p2a: Dragapult|Dragapult, M|22/100
|turn|59
|
|t:|1776300156
|move|p2a: Dragapult|Draco Meteor|p1a: Bubby
|-damage|p1a: Bubby|45/100 brn
|-unboost|p2a: Dragapult|spa|2
|move|p1a: Bubby|Earthquake|p2a: Dragapult
|-damage|p2a: Dragapult|0 fnt
|faint|p2a: Dragapult
|
|-heal|p1a: Bubby|51/100 brn|[from] item: Leftovers
|-damage|p1a: Bubby|45/100 brn|[from] brn
|upkeep
|
|t:|1776300164
|switch|p2a: Gholdengo|Gholdengo, tera:Flying|77/100
|turn|60
|
|t:|1776300171
|move|p2a: Gholdengo|Shadow Ball|p1a: Bubby
|-damage|p1a: Bubby|35/100 brn
|move|p1a: Bubby|Recover|p1a: Bubby
|-heal|p1a: Bubby|85/100 brn
|
|-heal|p2a: Gholdengo|83/100|[from] item: Leftovers
|-heal|p1a: Bubby|91/100 brn|[from] item: Leftovers
|-damage|p1a: Bubby|85/100 brn|[from] brn
|upkeep
|turn|61
|
|t:|1776300177
|move|p2a: Gholdengo|Shadow Ball|p1a: Bubby
|-damage|p1a: Bubby|76/100 brn
|move|p1a: Bubby|Recover|p1a: Bubby
|-heal|p1a: Bubby|100/100 brn
|
|-heal|p2a: Gholdengo|89/100|[from] item: Leftovers
|-damage|p1a: Bubby|94/100 brn|[from] brn
|upkeep
|turn|62
|
|t:|1776300189
|move|p2a: Gholdengo|Shadow Ball|p1a: Bubby
|-damage|p1a: Bubby|84/100 brn
|move|p1a: Bubby|Stockpile||[still]
|-fail|p1a: Bubby
|
|-heal|p2a: Gholdengo|95/100|[from] item: Leftovers
|-heal|p1a: Bubby|91/100 brn|[from] item: Leftovers
|-damage|p1a: Bubby|84/100 brn|[from] brn
|upkeep
|turn|63
|
|t:|1776300200
|move|p2a: Gholdengo|Protect|p2a: Gholdengo
|-singleturn|p2a: Gholdengo|Protect
|move|p1a: Bubby|Stockpile||[still]
|-fail|p1a: Bubby
|
|-heal|p2a: Gholdengo|100/100|[from] item: Leftovers
|-heal|p1a: Bubby|91/100 brn|[from] item: Leftovers
|-damage|p1a: Bubby|84/100 brn|[from] brn
|upkeep
|turn|64
|
|t:|1776300208
|move|p2a: Gholdengo|Make It Rain|p1a: Bubby
|-damage|p1a: Bubby|71/100 brn
|-unboost|p2a: Gholdengo|spa|1
|move|p1a: Bubby|Toxic|p2a: Gholdengo
|-immune|p2a: Gholdengo|[from] ability: Good as Gold
|
|-heal|p1a: Bubby|77/100 brn|[from] item: Leftovers
|-damage|p1a: Bubby|71/100 brn|[from] brn
|upkeep
|turn|65
|
|t:|1776300227
|move|p2a: Gholdengo|Make It Rain|p1a: Bubby
|-damage|p1a: Bubby|57/100 brn
|-unboost|p2a: Gholdengo|spa|1
|move|p1a: Bubby|Toxic|p2a: Gholdengo
|-immune|p2a: Gholdengo|[from] ability: Good as Gold
|
|-heal|p1a: Bubby|64/100 brn|[from] item: Leftovers
|-damage|p1a: Bubby|57/100 brn|[from] brn
|upkeep
|turn|66
|
|t:|1776300237
|move|p2a: Gholdengo|Make It Rain|p1a: Bubby
|-damage|p1a: Bubby|43/100 brn
|-unboost|p2a: Gholdengo|spa|1
|move|p1a: Bubby|Recover|p1a: Bubby
|-heal|p1a: Bubby|93/100 brn
|
|-heal|p1a: Bubby|99/100 brn|[from] item: Leftovers
|-damage|p1a: Bubby|93/100 brn|[from] brn
|upkeep
|turn|67
|
|t:|1776300249
|move|p2a: Gholdengo|Shadow Ball|p1a: Bubby
|-damage|p1a: Bubby|84/100 brn
|-unboost|p1a: Bubby|spd|1
|move|p1a: Bubby|Stockpile||[still]
|-fail|p1a: Bubby
|
|-heal|p1a: Bubby|90/100 brn|[from] item: Leftovers
|-damage|p1a: Bubby|84/100 brn|[from] brn
|upkeep
|turn|68
|
|t:|1776300258
|move|p2a: Gholdengo|Shadow Ball|p1a: Bubby
|-damage|p1a: Bubby|72/100 brn
|-unboost|p1a: Bubby|spd|1
|move|p1a: Bubby|Stockpile||[still]
|-fail|p1a: Bubby
|
|-heal|p1a: Bubby|78/100 brn|[from] item: Leftovers
|-damage|p1a: Bubby|72/100 brn|[from] brn
|upkeep
|turn|69
|
|t:|1776300268
|move|p2a: Gholdengo|Make It Rain|p1a: Bubby
|-damage|p1a: Bubby|51/100 brn
|-unboost|p2a: Gholdengo|spa|1
|move|p1a: Bubby|Recover|p1a: Bubby
|-heal|p1a: Bubby|100/100 brn
|
|-damage|p1a: Bubby|94/100 brn|[from] brn
|upkeep
|turn|70
|
|t:|1776300274
|move|p2a: Gholdengo|Make It Rain|p1a: Bubby
|-damage|p1a: Bubby|72/100 brn
|-unboost|p2a: Gholdengo|spa|1
|move|p1a: Bubby|Toxic|p2a: Gholdengo
|-immune|p2a: Gholdengo|[from] ability: Good as Gold
|
|-heal|p1a: Bubby|79/100 brn|[from] item: Leftovers
|-damage|p1a: Bubby|72/100 brn|[from] brn
|upkeep
|turn|71
|
|t:|1776300285
|move|p2a: Gholdengo|Make It Rain|p1a: Bubby
|-damage|p1a: Bubby|49/100 brn
|-unboost|p2a: Gholdengo|spa|1
|move|p1a: Bubby|Stockpile||[still]
|-fail|p1a: Bubby
|
|-heal|p1a: Bubby|55/100 brn|[from] item: Leftovers
|-damage|p1a: Bubby|49/100 brn|[from] brn
|upkeep
|turn|72
|
|t:|1776300292
|move|p2a: Gholdengo|Make It Rain|p1a: Bubby
|-damage|p1a: Bubby|27/100 brn
|move|p1a: Bubby|Recover|p1a: Bubby
|-heal|p1a: Bubby|77/100 brn
|
|-heal|p1a: Bubby|84/100 brn|[from] item: Leftovers
|-damage|p1a: Bubby|77/100 brn|[from] brn
|upkeep
|turn|73
|
|t:|1776300304
|move|p2a: Gholdengo|Protect|p2a: Gholdengo
|-singleturn|p2a: Gholdengo|Protect
|move|p1a: Bubby|Toxic|p2a: Gholdengo
|-activate|p2a: Gholdengo|move: Protect
|
|-heal|p1a: Bubby|84/100 brn|[from] item: Leftovers
|-damage|p1a: Bubby|77/100 brn|[from] brn
|upkeep
|turn|74
|
|t:|1776300310
|move|p2a: Gholdengo|Protect|p2a: Gholdengo
|-singleturn|p2a: Gholdengo|Protect
|move|p1a: Bubby|Toxic|p2a: Gholdengo
|-activate|p2a: Gholdengo|move: Protect
|
|-heal|p1a: Bubby|84/100 brn|[from] item: Leftovers
|-damage|p1a: Bubby|77/100 brn|[from] brn
|upkeep
|turn|75
|
|t:|1776300320
|move|p2a: Gholdengo|Protect||[still]
|-fail|p2a: Gholdengo
|move|p1a: Bubby|Toxic|p2a: Gholdengo
|-immune|p2a: Gholdengo|[from] ability: Good as Gold
|
|-heal|p1a: Bubby|84/100 brn|[from] item: Leftovers
|-damage|p1a: Bubby|77/100 brn|[from] brn
|upkeep
|turn|76
|
|t:|1776300323
|move|p2a: Gholdengo|Protect|p2a: Gholdengo
|-singleturn|p2a: Gholdengo|Protect
|move|p1a: Bubby|Toxic|p2a: Gholdengo
|-activate|p2a: Gholdengo|move: Protect
|
|-heal|p1a: Bubby|84/100 brn|[from] item: Leftovers
|-damage|p1a: Bubby|77/100 brn|[from] brn
|upkeep
|turn|77
|
|t:|1776300330
|move|p2a: Gholdengo|Protect||[still]
|-fail|p2a: Gholdengo
|move|p1a: Bubby|Toxic|p2a: Gholdengo
|-immune|p2a: Gholdengo|[from] ability: Good as Gold
|
|-heal|p1a: Bubby|84/100 brn|[from] item: Leftovers
|-damage|p1a: Bubby|77/100 brn|[from] brn
|upkeep
|turn|78
|
|t:|1776300337
|move|p2a: Gholdengo|Protect|p2a: Gholdengo
|-singleturn|p2a: Gholdengo|Protect
|move|p1a: Bubby|Toxic|p2a: Gholdengo
|-activate|p2a: Gholdengo|move: Protect
|
|-heal|p1a: Bubby|84/100 brn|[from] item: Leftovers
|-damage|p1a: Bubby|77/100 brn|[from] brn
|upkeep
|turn|79
|
|t:|1776300343
|move|p2a: Gholdengo|Make It Rain|p1a: Bubby
|-damage|p1a: Bubby|53/100 brn
|move|p1a: Bubby|Toxic|p2a: Gholdengo
|-immune|p2a: Gholdengo|[from] ability: Good as Gold
|
|-heal|p1a: Bubby|59/100 brn|[from] item: Leftovers
|-damage|p1a: Bubby|53/100 brn|[from] brn
|upkeep
|turn|80
|
|t:|1776300350
|move|p2a: Gholdengo|Recover||[still]
|-fail|p2a: Gholdengo|heal
|move|p1a: Bubby|Recover|p1a: Bubby
|-heal|p1a: Bubby|100/100 brn
|
|-damage|p1a: Bubby|94/100 brn|[from] brn
|upkeep
|turn|81
|
|t:|1776300357
|move|p2a: Gholdengo|Recover||[still]
|-fail|p2a: Gholdengo|heal
|move|p1a: Bubby|Stockpile||[still]
|-fail|p1a: Bubby
|
|-heal|p1a: Bubby|100/100 brn|[from] item: Leftovers
|-damage|p1a: Bubby|94/100 brn|[from] brn
|upkeep
|turn|82
|
|t:|1776300361
|move|p2a: Gholdengo|Recover||[still]
|-fail|p2a: Gholdengo|heal
|move|p1a: Bubby|Stockpile||[still]
|-fail|p1a: Bubby
|
|-heal|p1a: Bubby|100/100 brn|[from] item: Leftovers
|-damage|p1a: Bubby|94/100 brn|[from] brn
|upkeep
|turn|83
|
|t:|1776300363
|move|p2a: Gholdengo|Recover||[still]
|-fail|p2a: Gholdengo|heal
|move|p1a: Bubby|Stockpile||[still]
|-fail|p1a: Bubby
|
|-heal|p1a: Bubby|100/100 brn|[from] item: Leftovers
|-damage|p1a: Bubby|94/100 brn|[from] brn
|upkeep
|turn|84
|
|t:|1776300366
|-activate|p2a: Gholdengo|move: Struggle
|move|p2a: Gholdengo|Struggle|p1a: Bubby
|-damage|p1a: Bubby|91/100 brn
|-damage|p2a: Gholdengo|75/100|[from] recoil
|move|p1a: Bubby|Earthquake|p2a: Gholdengo
|-immune|p2a: Gholdengo
|
|-heal|p2a: Gholdengo|81/100|[from] item: Leftovers
|-heal|p1a: Bubby|98/100 brn|[from] item: Leftovers
|-damage|p1a: Bubby|91/100 brn|[from] brn
|upkeep
|turn|85
|-message|gb3lxk forfeited.
|
|win|Pulkatz
|raw|Pulkatz's rating: 1084 &rarr; <strong>1116</strong><br />(+32 for winning)
|raw|gb3lxk's rating: 1140 &rarr; <strong>1111</strong><br />(-29 for losing)
|l|☆gb3lxk
|player|p2|
