|html|<div class="broadcast-blue"><strong>[Gen 9] OU is currently suspecting Tera Blast! For information on how to participate check out the <a href="https://www.smogon.com/tools/suspects/view/200">suspect thread</a>.</strong></div>
|j|☆Clwredemption
|j|☆kopv18
|t:|1776285226
|gametype|singles
|player|p1|Clwredemption|265|1485
|player|p2|kopv18|bugcatcher-gen4dp|1497
|gen|9
|tier|[Gen 9] OU
|rated|
|rule|HP Percentage Mod: HP is shown in percentages
|rule|Endless Battle Clause: Forcing endless battles is banned
|rule|Species Clause: Limit one of each Pokémon
|rule|OHKO Clause: OHKO moves are banned
|rule|Evasion Items Clause: Evasion items are banned
|rule|Evasion Moves Clause: Evasion moves are banned
|rule|Evasion Abilities Clause: Evasion abilities are banned
|rule|Sleep Moves Clause: Sleep-inducing moves are banned
|clearpoke
|poke|p1|Torkoal, M|
|poke|p1|Hatterene, F|
|poke|p1|Raging Bolt|
|poke|p1|Slither Wing|
|poke|p1|Venusaur, F|
|poke|p1|Walking Wake|
|poke|p2|Tyranitar, M|
|poke|p2|Chimecho, F|
|poke|p2|Excadrill, F|
|poke|p2|Weezing-Galar, F|
|poke|p2|Zamazenta-*|
|poke|p2|Kyurem|
|teampreview
|
|t:|1776285237
|teamsize|p1|6
|teamsize|p2|6
|start
|switch|p1a: Torkoal|Torkoal, M|100/100
|switch|p2a: Chimecho|Chimecho, F|100/100
|-weather|SunnyDay|[from] ability: Drought|[of] p1a: Torkoal
|turn|1
|
|t:|1776285243
|move|p2a: Chimecho|Future Sight|p1a: Torkoal
|-start|p2a: Chimecho|move: Future Sight
|move|p1a: Torkoal|Stealth Rock|p2a: Chimecho
|-sidestart|p2: kopv18|move: Stealth Rock
|
|-weather|SunnyDay|[upkeep]
|upkeep
|turn|2
|
|t:|1776285247
|switch|p2a: Tyranitar|Tyranitar, M|100/100
|-damage|p2a: Tyranitar|88/100|[from] Stealth Rock
|-weather|Sandstorm|[from] ability: Sand Stream|[of] p2a: Tyranitar
|switch|p1a: Hatterene|Hatterene, F|100/100
|-item|p1a: Hatterene|Air Balloon
|
|-weather|Sandstorm|[upkeep]
|-damage|p1a: Hatterene|95/100|[from] Sandstorm
|upkeep
|turn|3
|
|t:|1776285272
|move|p2a: Tyranitar|Stone Edge|p1a: Hatterene
|-damage|p1a: Hatterene|21/100
|-enditem|p1a: Hatterene|Air Balloon
|move|p1a: Hatterene|Dazzling Gleam|p2a: Tyranitar
|-supereffective|p2a: Tyranitar
|-damage|p2a: Tyranitar|44/100
|
|-weather|Sandstorm|[upkeep]
|-damage|p1a: Hatterene|15/100|[from] Sandstorm
|-end|p1a: Hatterene|move: Future Sight
|-resisted|p1a: Hatterene
|-damage|p1a: Hatterene|0 fnt
|faint|p1a: Hatterene
|upkeep
|
|t:|1776285281
|switch|p1a: Slither Wing|Slither Wing|100/100
|turn|4
|
|t:|1776285285
|switch|p2a: Weezing|Weezing-Galar, F|100/100
|-ability|p2a: Weezing|Neutralizing Gas
|move|p1a: Slither Wing|U-turn|p2a: Weezing
|-resisted|p2a: Weezing
|-damage|p2a: Weezing|93/100
|
|t:|1776285288
|-end|p1a: Slither Wing|Protosynthesis|[silent]
|switch|p1a: Torkoal|Torkoal, M|100/100|[from] U-turn
|
|-weather|Sandstorm|[upkeep]
|-damage|p2a: Weezing|87/100|[from] Sandstorm
|-damage|p1a: Torkoal|94/100|[from] Sandstorm
|upkeep
|turn|5
|
|t:|1776285299
|move|p2a: Weezing|Defog|p1a: Torkoal
|-unboost|p1a: Torkoal|evasion|1
|-sideend|p2: kopv18|Stealth Rock|[from] move: Defog|[of] p2a: Weezing
|move|p1a: Torkoal|Overheat|p2a: Weezing
|-damage|p2a: Weezing|11/100
|-unboost|p1a: Torkoal|spa|2
|
|-weather|Sandstorm|[upkeep]
|-damage|p2a: Weezing|5/100|[from] Sandstorm
|-damage|p1a: Torkoal|88/100|[from] Sandstorm
|upkeep
|turn|6
|
|t:|1776285307
|move|p2a: Weezing|Pain Split|p1a: Torkoal
|-sethp|p1a: Torkoal|46/100|[from] move: Pain Split|[silent]
|-sethp|p2a: Weezing|43/100|[from] move: Pain Split
|move|p1a: Torkoal|Earthquake|p2a: Weezing
|-supereffective|p2a: Weezing
|-damage|p2a: Weezing|16/100
|
|-weather|none
|upkeep
|turn|7
|
|t:|1776285316
|move|p2a: Weezing|Pain Split|p1a: Torkoal
|-sethp|p1a: Torkoal|32/100|[from] move: Pain Split|[silent]
|-sethp|p2a: Weezing|30/100|[from] move: Pain Split
|move|p1a: Torkoal|Stealth Rock|p2a: Weezing
|-sidestart|p2: kopv18|move: Stealth Rock
|
|upkeep
|turn|8
|
|t:|1776285322
|move|p2a: Weezing|Defog|p1a: Torkoal
|-unboost|p1a: Torkoal|evasion|1
|-sideend|p2: kopv18|Stealth Rock|[from] move: Defog|[of] p2a: Weezing
|move|p1a: Torkoal|Earthquake|p2a: Weezing
|-supereffective|p2a: Weezing
|-damage|p2a: Weezing|1/100
|
|upkeep
|turn|9
|
|t:|1776285326
|move|p2a: Weezing|Sludge Bomb|p1a: Torkoal
|-damage|p1a: Torkoal|1/100
|move|p1a: Torkoal|Earthquake|p2a: Weezing
|-supereffective|p2a: Weezing
|-damage|p2a: Weezing|0 fnt
|faint|p2a: Weezing
|-end|p2a: Weezing|ability: Neutralizing Gas
|-weather|SunnyDay|[from] ability: Drought|[of] p1a: Torkoal
|
|-weather|SunnyDay|[upkeep]
|upkeep
|
|t:|1776285336
|switch|p2a: Kyurem|Kyurem|100/100
|-ability|p2a: Kyurem|Pressure
|turn|10
|
|t:|1776285341
|move|p2a: Kyurem|Ice Beam|p1a: Torkoal
|-resisted|p1a: Torkoal
|-damage|p1a: Torkoal|0 fnt
|faint|p1a: Torkoal
|
|-weather|SunnyDay|[upkeep]
|upkeep
|
|t:|1776285351
|switch|p1a: Walking Wake|Walking Wake|100/100
|-activate|p1a: Walking Wake|ability: Protosynthesis
|-start|p1a: Walking Wake|protosynthesisspe
|turn|11
|
|t:|1776285374
|switch|p2a: Tyranitar|Tyranitar, M|44/100
|-weather|Sandstorm|[from] ability: Sand Stream|[of] p2a: Tyranitar
|-end|p1a: Walking Wake|Protosynthesis
|move|p1a: Walking Wake|Hydro Steam|p2a: Tyranitar
|-supereffective|p2a: Tyranitar
|-damage|p2a: Tyranitar|0 fnt
|faint|p2a: Tyranitar
|
|-weather|Sandstorm|[upkeep]
|-damage|p1a: Walking Wake|94/100|[from] Sandstorm
|upkeep
|
|t:|1776285389
|switch|p2a: Chimecho|Chimecho, F|100/100
|turn|12
|
|t:|1776285400
|move|p1a: Walking Wake|Flip Turn|p2a: Chimecho
|-damage|p2a: Chimecho|88/100
|-damage|p1a: Walking Wake|78/100|[from] item: Rocky Helmet|[of] p2a: Chimecho
|
|t:|1776285403
|-end|p1a: Walking Wake|Protosynthesis|[silent]
|switch|p1a: Raging Bolt|Raging Bolt|100/100|[from] Flip Turn
|move|p2a: Chimecho|Future Sight|p1a: Raging Bolt
|-start|p2a: Chimecho|move: Future Sight
|
|-weather|Sandstorm|[upkeep]
|-damage|p1a: Raging Bolt|94/100|[from] Sandstorm
|-damage|p2a: Chimecho|82/100|[from] Sandstorm
|upkeep
|turn|13
|
|t:|1776285418
|switch|p2a: Excadrill|Excadrill, F|100/100
|move|p1a: Raging Bolt|Dragon Pulse|p2a: Excadrill
|-resisted|p2a: Excadrill
|-damage|p2a: Excadrill|54/100
|-damage|p1a: Raging Bolt|84/100|[from] item: Life Orb
|
|-weather|Sandstorm|[upkeep]
|-damage|p1a: Raging Bolt|78/100|[from] Sandstorm
|-heal|p2a: Excadrill|60/100|[from] item: Leftovers
|upkeep
|turn|14
|
|t:|1776285446
|-end|p1a: Raging Bolt|Protosynthesis|[silent]
|switch|p1a: Venusaur|Venusaur, F|100/100
|move|p2a: Excadrill|Earthquake|p1a: Venusaur
|-damage|p1a: Venusaur|19/100
|
|-weather|Sandstorm|[upkeep]
|-damage|p1a: Venusaur|13/100|[from] Sandstorm
|-end|p1a: Venusaur|move: Future Sight
|-supereffective|p1a: Venusaur
|-damage|p1a: Venusaur|0 fnt
|faint|p1a: Venusaur
|-heal|p2a: Excadrill|66/100|[from] item: Leftovers
|upkeep
|
|t:|1776285453
|switch|p1a: Slither Wing|Slither Wing|100/100
|turn|15
|
|t:|1776285473
|move|p2a: Excadrill|Stealth Rock|p1a: Slither Wing
|-sidestart|p1: Clwredemption|move: Stealth Rock
|move|p1a: Slither Wing|U-turn|p2a: Excadrill
|-resisted|p2a: Excadrill
|-damage|p2a: Excadrill|39/100
|
|t:|1776285476
|-end|p1a: Slither Wing|Protosynthesis|[silent]
|switch|p1a: Walking Wake|Walking Wake|78/100|[from] U-turn
|-damage|p1a: Walking Wake|65/100|[from] Stealth Rock
|
|-weather|none
|-heal|p2a: Excadrill|45/100|[from] item: Leftovers
|upkeep
|turn|16
|
|t:|1776285484
|move|p1a: Walking Wake|Hydro Steam|p2a: Excadrill
|-supereffective|p2a: Excadrill
|-crit|p2a: Excadrill
|-damage|p2a: Excadrill|0 fnt
|faint|p2a: Excadrill
|
|upkeep
|
|t:|1776285491
|switch|p2a: Kyurem|Kyurem|100/100
|-ability|p2a: Kyurem|Pressure
|turn|17
|
|t:|1776285503
|switch|p2a: Chimecho|Chimecho, F|82/100
|move|p1a: Walking Wake|Draco Meteor|p2a: Chimecho
|-damage|p2a: Chimecho|6/100
|-unboost|p1a: Walking Wake|spa|2
|
|upkeep
|turn|18
|
|t:|1776285514
|move|p1a: Walking Wake|Flip Turn|p2a: Chimecho
|-damage|p2a: Chimecho|0 fnt
|-damage|p1a: Walking Wake|49/100|[from] item: Rocky Helmet|[of] p2a: Chimecho
|faint|p2a: Chimecho
|
|t:|1776285521
|-end|p1a: Walking Wake|Protosynthesis|[silent]
|switch|p1a: Slither Wing|Slither Wing|100/100|[from] Flip Turn
|-damage|p1a: Slither Wing|88/100|[from] Stealth Rock
|
|upkeep
|
|t:|1776285524
|switch|p2a: Zamazenta|Zamazenta|100/100
|-ability|p2a: Zamazenta|Dauntless Shield|boost
|-boost|p2a: Zamazenta|def|1
|turn|19
|
|t:|1776285528
|move|p2a: Zamazenta|Iron Defense|p2a: Zamazenta
|-boost|p2a: Zamazenta|def|2
|move|p1a: Slither Wing|U-turn|p2a: Zamazenta
|-resisted|p2a: Zamazenta
|-damage|p2a: Zamazenta|95/100
|
|t:|1776285531
|-end|p1a: Slither Wing|Protosynthesis|[silent]
|switch|p1a: Raging Bolt|Raging Bolt|78/100|[from] U-turn
|-damage|p1a: Raging Bolt|66/100|[from] Stealth Rock
|
|-heal|p2a: Zamazenta|100/100|[from] item: Leftovers
|upkeep
|turn|20
|
|t:|1776285536
|-terastallize|p1a: Raging Bolt|Ghost
|move|p2a: Zamazenta|Body Press|p1a: Raging Bolt
|-immune|p1a: Raging Bolt
|move|p1a: Raging Bolt|Dragon Pulse|p2a: Zamazenta
|-damage|p2a: Zamazenta|46/100
|-damage|p1a: Raging Bolt|56/100|[from] item: Life Orb
|
|-heal|p2a: Zamazenta|52/100|[from] item: Leftovers
|upkeep
|turn|21
|
|t:|1776285544
|move|p2a: Zamazenta|Crunch|p1a: Raging Bolt
|-supereffective|p1a: Raging Bolt
|-damage|p1a: Raging Bolt|19/100
|-unboost|p1a: Raging Bolt|def|1
|move|p1a: Raging Bolt|Dragon Pulse|p2a: Zamazenta
|-damage|p2a: Zamazenta|2/100
|-damage|p1a: Raging Bolt|9/100|[from] item: Life Orb
|
|-heal|p2a: Zamazenta|8/100|[from] item: Leftovers
|upkeep
|turn|22
|
|t:|1776285548
|move|p1a: Raging Bolt|Thunderclap||[still]
|-fail|p1a: Raging Bolt
|move|p2a: Zamazenta|Roar|p1a: Raging Bolt
|-end|p1a: Raging Bolt|Protosynthesis|[silent]
|drag|p1a: Walking Wake|Walking Wake|49/100
|-damage|p1a: Walking Wake|36/100|[from] Stealth Rock
|
|-heal|p2a: Zamazenta|14/100|[from] item: Leftovers
|upkeep
|turn|23
|
|t:|1776285555
|-end|p1a: Walking Wake|Protosynthesis|[silent]
|switch|p1a: Raging Bolt|Raging Bolt, tera:Ghost|9/100
|-damage|p1a: Raging Bolt|0 fnt|[from] Stealth Rock
|faint|p1a: Raging Bolt
|-end|p1a: Raging Bolt|Protosynthesis|[silent]
|move|p2a: Zamazenta|Body Press|p1: Raging Bolt|[notarget]
|-fail|p2a: Zamazenta
|
|-heal|p2a: Zamazenta|21/100|[from] item: Leftovers
|upkeep
|
|t:|1776285556
|switch|p1a: Slither Wing|Slither Wing|88/100
|-damage|p1a: Slither Wing|76/100|[from] Stealth Rock
|turn|24
|
|t:|1776285562
|move|p2a: Zamazenta|Body Press|p1a: Slither Wing
|-resisted|p1a: Slither Wing
|-damage|p1a: Slither Wing|24/100
|move|p1a: Slither Wing|Earthquake|p2a: Zamazenta
|-damage|p2a: Zamazenta|10/100
|
|-heal|p2a: Zamazenta|16/100|[from] item: Leftovers
|upkeep
|turn|25
|
|t:|1776285567
|move|p2a: Zamazenta|Body Press|p1a: Slither Wing
|-resisted|p1a: Slither Wing
|-damage|p1a: Slither Wing|0 fnt
|faint|p1a: Slither Wing
|-end|p1a: Slither Wing|Protosynthesis|[silent]
|
|-heal|p2a: Zamazenta|22/100|[from] item: Leftovers
|upkeep
|c|☆Clwredemption|gg
|
|t:|1776285571
|switch|p1a: Walking Wake|Walking Wake|36/100
|-damage|p1a: Walking Wake|24/100|[from] Stealth Rock
|turn|26
|
|t:|1776285606
|move|p2a: Zamazenta|Body Press|p1a: Walking Wake
|-damage|p1a: Walking Wake|0 fnt
|faint|p1a: Walking Wake
|-end|p1a: Walking Wake|Protosynthesis|[silent]
|
|win|kopv18
|raw|Clwredemption's rating: 1485 &rarr; <strong>1466</strong><br />(-19 for losing)
|raw|kopv18's rating: 1497 &rarr; <strong>1516</strong><br />(+19 for winning)
|c|☆kopv18|gg
