|html|<div class="broadcast-blue"><strong>[Gen 9] OU is currently suspecting Tera Blast! For information on how to participate check out the <a href="https://www.smogon.com/tools/suspects/view/200">suspect thread</a>.</strong></div>
|j|☆turnbucklebozo
|j|☆Hachikuro
|t:|1776061763
|gametype|singles
|player|p1|turnbucklebozo|pokefan-gen4|1083
|player|p2|Hachikuro|steven|1130
|gen|9
|tier|[Gen 9] OU
|rated|
|rule|HP Percentage Mod: HP is shown in percentages
|rule|Endless Battle Clause: Forcing endless battles is banned
|rule|Species Clause: Limit one of each Pokémon
|rule|OHKO Clause: OHKO moves are banned
|rule|Evasion Items Clause: Evasion items are banned
|rule|Evasion Moves Clause: Evasion moves are banned
|rule|Evasion Abilities Clause: Evasion abilities are banned
|rule|Sleep Moves Clause: Sleep-inducing moves are banned
|clearpoke
|poke|p1|Ogerpon, F|
|poke|p1|Gliscor, M|
|poke|p1|Ceruledge, M|
|poke|p1|Great Tusk|
|poke|p1|Tornadus-Therian, M|
|poke|p1|Inteleon, M|
|poke|p2|Gliscor, M|
|poke|p2|Dondozo, M|
|poke|p2|Maushold|
|poke|p2|Walking Wake|
|poke|p2|Goodra-Hisui, M|
|poke|p2|Kingambit, M|
|teampreview
|
|t:|1776061767
|teamsize|p1|6
|teamsize|p2|6
|start
|switch|p1a: Gliscor|Gliscor, M|100/100
|switch|p2a: Maushold|Maushold, shiny|100/100
|turn|1
|
|t:|1776061775
|-terastallize|p2a: Maushold|Normal
|move|p2a: Maushold|Population Bomb|p1a: Gliscor
|-damage|p1a: Gliscor|89/100
|-damage|p1a: Gliscor|77/100
|-damage|p1a: Gliscor|66/100
|-damage|p1a: Gliscor|54/100
|-damage|p1a: Gliscor|42/100
|-damage|p1a: Gliscor|30/100
|-damage|p1a: Gliscor|18/100
|-damage|p1a: Gliscor|7/100
|-damage|p1a: Gliscor|0 fnt
|faint|p1a: Gliscor
|-hitcount|p1: Gliscor|9
|
|upkeep
|
|t:|1776061788
|switch|p1a: Ceruledge|Ceruledge, M, shiny|100/100
|turn|2
|
|t:|1776061799
|switch|p2a: Dondozo|Dondozo, M, shiny|100/100
|move|p1a: Ceruledge|Bitter Blade|p2a: Dondozo
|-resisted|p2a: Dondozo
|-damage|p2a: Dondozo|81/100
|-damage|p1a: Ceruledge|84/100|[from] item: Rocky Helmet|[of] p2a: Dondozo
|
|upkeep
|turn|3
|
|t:|1776061809
|switch|p1a: Tornadus|Tornadus-Therian, M|100/100
|move|p2a: Dondozo|Waterfall|p1a: Tornadus
|-damage|p1a: Tornadus|50/100
|
|upkeep
|turn|4
|
|t:|1776061819
|move|p1a: Tornadus|Bleakwind Storm|p2a: Dondozo
|-damage|p2a: Dondozo|27/100
|-unboost|p2a: Dondozo|spe|1
|-damage|p1a: Tornadus|40/100|[from] item: Life Orb
|move|p2a: Dondozo|Waterfall|p1a: Tornadus
|-damage|p1a: Tornadus|0 fnt
|faint|p1a: Tornadus
|
|upkeep
|
|t:|1776061838
|switch|p1a: Ceruledge|Ceruledge, M, shiny|84/100
|turn|5
|
|t:|1776061846
|move|p1a: Ceruledge|Poltergeist|p2a: Dondozo
|-activate|p2a: Dondozo|move: Poltergeist|Rocky Helmet
|-damage|p2a: Dondozo|0 fnt
|faint|p2a: Dondozo
|
|upkeep
|
|t:|1776061856
|switch|p2a: Walking Wake|Walking Wake|100/100
|turn|6
|
|t:|1776061871
|switch|p1a: Ogerpon|Ogerpon, F|100/100
|move|p2a: Walking Wake|Draco Meteor|p1a: Ogerpon
|-damage|p1a: Ogerpon|0 fnt
|-unboost|p2a: Walking Wake|spa|2
|faint|p1a: Ogerpon
|
|upkeep
|
|t:|1776061877
|switch|p1a: Inteleon|Inteleon, M|100/100
|turn|7
|-activate|p1a: Inteleon|item: Quick Claw
|
|t:|1776061882
|-end|p2a: Walking Wake|Protosynthesis|[silent]
|switch|p2a: Goodra|Goodra-Hisui, M, shiny|100/100
|move|p1a: Inteleon|Snipe Shot|p2a: Goodra
|-resisted|p2a: Goodra
|-damage|p2a: Goodra|93/100
|
|upkeep
|turn|8
|
|t:|1776061896
|move|p1a: Inteleon|Snipe Shot|p2a: Goodra
|-resisted|p2a: Goodra
|-damage|p2a: Goodra|86/100
|move|p2a: Goodra|Draco Meteor|p1a: Inteleon
|-damage|p1a: Inteleon|10/100
|-unboost|p2a: Goodra|spa|2
|
|upkeep
|turn|9
|
|t:|1776061904
|move|p1a: Inteleon|Snipe Shot|p2a: Goodra
|-resisted|p2a: Goodra
|-damage|p2a: Goodra|79/100
|move|p2a: Goodra|Body Press|p1a: Inteleon
|-damage|p1a: Inteleon|0 fnt
|faint|p1a: Inteleon
|
|upkeep
|-message|turnbucklebozo forfeited.
|
|win|Hachikuro
|raw|turnbucklebozo's rating: 1083 &rarr; <strong>1064</strong><br />(-19 for losing)
|raw|Hachikuro's rating: 1130 &rarr; <strong>1152</strong><br />(+22 for winning)
|l|☆turnbucklebozo
|player|p1|
|l|☆Hachikuro
|player|p2|
