|html|<div class="broadcast-blue"><strong>[Gen 9] OU is currently suspecting Tera Blast! For information on how to participate check out the <a href="https://www.smogon.com/tools/suspects/view/200">suspect thread</a>.</strong></div>
|j|☆skolem
|j|‽flyatnight1234
|t:|1776076050
|gametype|singles
|player|p1|skolem|maylene|1411
|player|p2|flyatnight1234|170|1387
|gen|9
|tier|[Gen 9] OU
|rated|
|rule|HP Percentage Mod: HP is shown in percentages
|rule|Endless Battle Clause: Forcing endless battles is banned
|rule|Species Clause: Limit one of each Pokémon
|rule|OHKO Clause: OHKO moves are banned
|rule|Evasion Items Clause: Evasion items are banned
|rule|Evasion Moves Clause: Evasion moves are banned
|rule|Evasion Abilities Clause: Evasion abilities are banned
|rule|Sleep Moves Clause: Sleep-inducing moves are banned
|clearpoke
|poke|p1|Salazzle, F|
|poke|p1|Torkoal, M|
|poke|p1|Hatterene, F|
|poke|p1|Walking Wake|
|poke|p1|Kingambit, M|
|poke|p1|Lilligant-Hisui, F|
|poke|p2|Garchomp, F|
|poke|p2|Cloyster, M|
|poke|p2|Ninetales-Alola, M|
|poke|p2|Magnezone|
|poke|p2|Kyurem|
|poke|p2|Mew|
|teampreview
|j| ohko_smeargle
|inactive|Battle timer is ON: inactive players will automatically lose when time's up. (requested by skolem)
|inactive|flyatnight1234 has 120 seconds left.
|inactive|flyatnight1234 has 90 seconds left.
|
|t:|1776076120
|teamsize|p1|6
|teamsize|p2|6
|start
|switch|p1a: Salazzle|Salazzle, F, shiny|100/100
|switch|p2a: Kyurem|Kyurem|100/100
|-ability|p2a: Kyurem|Pressure
|turn|1
|
|t:|1776076131
|switch|p1a: Hatterene|Hatterene, F, shiny|100/100
|move|p2a: Kyurem|Earth Power|p1a: Hatterene
|-damage|p1a: Hatterene|62/100
|
|upkeep
|turn|2
|
|t:|1776076137
|move|p2a: Kyurem|Flash Cannon|p1a: Hatterene
|-supereffective|p1a: Hatterene
|-damage|p1a: Hatterene|1/100
|move|p1a: Hatterene|Mystical Fire|p2a: Kyurem
|-damage|p2a: Kyurem|78/100
|-unboost|p2a: Kyurem|spa|1
|
|upkeep
|turn|3
|
|t:|1776076153
|move|p2a: Kyurem|Flash Cannon|p1a: Hatterene
|-supereffective|p1a: Hatterene
|-damage|p1a: Hatterene|0 fnt
|faint|p1a: Hatterene
|
|upkeep
|
|t:|1776076155
|switch|p1a: Torkoal|Torkoal, M, shiny|100/100
|-weather|SunnyDay|[from] ability: Drought|[of] p1a: Torkoal
|turn|4
|
|t:|1776076164
|switch|p2a: Garchomp|Garchomp, F|100/100
|move|p1a: Torkoal|Stealth Rock|p2a: Garchomp
|-sidestart|p2: flyatnight1234|move: Stealth Rock
|
|-weather|SunnyDay|[upkeep]
|upkeep
|turn|5
|
|t:|1776076172
|switch|p1a: Lilligant|Lilligant-Hisui, F, shiny|100/100
|move|p2a: Garchomp|Swords Dance|p2a: Garchomp
|-boost|p2a: Garchomp|atk|2
|
|-weather|SunnyDay|[upkeep]
|upkeep
|turn|6
|inactive|flyatnight1234 has 120 seconds left.
|
|t:|1776076214
|move|p1a: Lilligant|Triple Axel|p2a: Garchomp
|-supereffective|p2a: Garchomp
|-damage|p2a: Garchomp|77/100
|-damage|p1a: Lilligant|88/100|[from] ability: Rough Skin|[of] p2a: Garchomp
|-supereffective|p2a: Garchomp
|-damage|p2a: Garchomp|29/100
|-damage|p1a: Lilligant|76/100|[from] ability: Rough Skin|[of] p2a: Garchomp
|-supereffective|p2a: Garchomp
|-damage|p2a: Garchomp|0 fnt
|-damage|p1a: Lilligant|63/100|[from] ability: Rough Skin|[of] p2a: Garchomp
|faint|p2a: Garchomp
|-hitcount|p2: Garchomp|3
|
|-weather|SunnyDay|[upkeep]
|upkeep
|
|t:|1776076235
|switch|p2a: Cloyster|Cloyster, M|100/100
|turn|7
|
|t:|1776076245
|move|p1a: Lilligant|Close Combat|p2a: Cloyster
|-supereffective|p2a: Cloyster
|-damage|p2a: Cloyster|17/100
|-unboost|p1a: Lilligant|def|1
|-unboost|p1a: Lilligant|spd|1
|move|p2a: Cloyster|Shell Smash|p2a: Cloyster
|-unboost|p2a: Cloyster|def|1
|-unboost|p2a: Cloyster|spd|1
|-boost|p2a: Cloyster|atk|2
|-boost|p2a: Cloyster|spa|2
|-boost|p2a: Cloyster|spe|2
|
|-weather|SunnyDay|[upkeep]
|upkeep
|turn|8
|
|t:|1776076256
|move|p2a: Cloyster|Ice Shard|p1a: Lilligant
|-supereffective|p1a: Lilligant
|-damage|p1a: Lilligant|0 fnt
|faint|p1a: Lilligant
|
|-weather|SunnyDay|[upkeep]
|upkeep
|
|t:|1776076258
|switch|p1a: Kingambit|Kingambit, M, shiny|100/100
|-activate|p1a: Kingambit|ability: Supreme Overlord
|-start|p1a: Kingambit|fallen2|[silent]
|-item|p1a: Kingambit|Air Balloon
|turn|9
|
|t:|1776076271
|move|p2a: Cloyster|Ice Shard|p1a: Kingambit
|-resisted|p1a: Kingambit
|-damage|p1a: Kingambit|85/100
|-enditem|p1a: Kingambit|Air Balloon
|move|p1a: Kingambit|Iron Head|p2a: Cloyster
|-damage|p2a: Cloyster|0 fnt
|faint|p2a: Cloyster
|
|-weather|SunnyDay|[upkeep]
|upkeep
|
|t:|1776076294
|switch|p2a: Kyurem|Kyurem|78/100
|-ability|p2a: Kyurem|Pressure
|turn|10
|
|t:|1776076300
|-terastallize|p1a: Kingambit|Fighting
|move|p2a: Kyurem|Earth Power|p1a: Kingambit
|-damage|p1a: Kingambit|49/100
|move|p1a: Kingambit|Iron Head|p2a: Kyurem
|-supereffective|p2a: Kyurem
|-damage|p2a: Kyurem|0 fnt
|faint|p2a: Kyurem
|
|-weather|SunnyDay|[upkeep]
|upkeep
|
|t:|1776076314
|switch|p2a: Ninetales|Ninetales-Alola, M|100/100
|-weather|Snowscape|[from] ability: Snow Warning|[of] p2a: Ninetales
|turn|11
|
|t:|1776076325
|switch|p2a: Mew|Mew|100/100
|-damage|p2a: Mew|88/100|[from] Stealth Rock
|-end|p1a: Kingambit|fallen2|[silent]
|switch|p1a: Torkoal|Torkoal, M, shiny|100/100
|-weather|SunnyDay|[from] ability: Drought|[of] p1a: Torkoal
|
|-weather|SunnyDay|[upkeep]
|-heal|p2a: Mew|94/100|[from] item: Leftovers
|upkeep
|turn|12
|
|t:|1776076341
|switch|p1a: Salazzle|Salazzle, F, shiny|100/100
|move|p2a: Mew|Amnesia|p2a: Mew
|-boost|p2a: Mew|spd|2
|
|-weather|SunnyDay|[upkeep]
|-heal|p2a: Mew|99/100|[from] item: Leftovers
|upkeep
|turn|13
|inactive|flyatnight1234 has 90 seconds left.
|
|t:|1776076369
|move|p1a: Salazzle|Encore|p2a: Mew
|-start|p2a: Mew|Encore
|move|p2a: Mew|Amnesia|p2a: Mew
|-boost|p2a: Mew|spd|2
|
|-weather|SunnyDay|[upkeep]
|-heal|p2a: Mew|100/100|[from] item: Leftovers
|upkeep
|turn|14
|inactive|flyatnight1234 has 90 seconds left.
|
|t:|1776076383
|switch|p2a: Ninetales|Ninetales-Alola, M|100/100
|-weather|Snowscape|[from] ability: Snow Warning|[of] p2a: Ninetales
|move|p1a: Salazzle|Toxic|p2a: Ninetales
|-status|p2a: Ninetales|tox
|
|-weather|Snowscape|[upkeep]
|-damage|p2a: Ninetales|94/100 tox|[from] psn
|upkeep
|turn|15
|inactive|flyatnight1234 has 90 seconds left.
|
|t:|1776076402
|switch|p2a: Magnezone|Magnezone|100/100
|-damage|p2a: Magnezone|94/100|[from] Stealth Rock
|move|p1a: Salazzle|Overheat|p2a: Magnezone|[miss]
|-miss|p1a: Salazzle|p2a: Magnezone
|
|-weather|Snowscape|[upkeep]
|upkeep
|turn|16
|inactive|flyatnight1234 has 90 seconds left.
|
|t:|1776076421
|switch|p1a: Torkoal|Torkoal, M, shiny|100/100
|-weather|SunnyDay|[from] ability: Drought|[of] p1a: Torkoal
|move|p2a: Magnezone|Thunder Wave|p1a: Torkoal
|-status|p1a: Torkoal|par
|
|-weather|SunnyDay|[upkeep]
|upkeep
|turn|17
|inactive|flyatnight1234 has 90 seconds left.
|
|t:|1776076433
|switch|p2a: Ninetales|Ninetales-Alola, M|94/100 tox
|-weather|Snowscape|[from] ability: Snow Warning|[of] p2a: Ninetales
|switch|p1a: Salazzle|Salazzle, F, shiny|100/100
|
|-weather|Snowscape|[upkeep]
|-damage|p2a: Ninetales|88/100 tox|[from] psn
|upkeep
|turn|18
|inactive|flyatnight1234 has 90 seconds left.
|
|t:|1776076450
|move|p1a: Salazzle|Overheat|p2a: Ninetales
|-supereffective|p2a: Ninetales
|-damage|p2a: Ninetales|0 fnt
|-unboost|p1a: Salazzle|spa|2
|faint|p2a: Ninetales
|-damage|p1a: Salazzle|91/100|[from] item: Life Orb
|
|-weather|Snowscape|[upkeep]
|upkeep
|
|t:|1776076466
|switch|p2a: Mew|Mew|100/100
|-damage|p2a: Mew|88/100|[from] Stealth Rock
|turn|19
|
|t:|1776076475
|switch|p1a: Torkoal|Torkoal, M, shiny|100/100 par
|-weather|SunnyDay|[from] ability: Drought|[of] p1a: Torkoal
|move|p2a: Mew|Psychic Fangs|p1a: Torkoal
|-damage|p1a: Torkoal|74/100 par
|
|-weather|SunnyDay|[upkeep]
|-heal|p2a: Mew|94/100|[from] item: Leftovers
|upkeep
|turn|20
|
|t:|1776076490
|switch|p1a: Kingambit|Kingambit, M, shiny, tera:Fighting|49/100
|-activate|p1a: Kingambit|ability: Supreme Overlord
|-start|p1a: Kingambit|fallen2|[silent]
|move|p2a: Mew|Psychic Fangs|p1a: Kingambit
|-supereffective|p1a: Kingambit
|-damage|p1a: Kingambit|0 fnt
|faint|p1a: Kingambit
|-end|p1a: Kingambit|fallen2|[silent]
|
|-weather|SunnyDay|[upkeep]
|-heal|p2a: Mew|99/100|[from] item: Leftovers
|upkeep
|
|t:|1776076493
|switch|p1a: Walking Wake|Walking Wake|100/100
|-activate|p1a: Walking Wake|ability: Protosynthesis
|-start|p1a: Walking Wake|protosynthesisspe
|turn|21
|inactive|flyatnight1234 has 60 seconds left.
|
|t:|1776076527
|move|p1a: Walking Wake|Hydro Steam|p2a: Mew
|-damage|p2a: Mew|23/100
|move|p2a: Mew|Amnesia|p2a: Mew
|-boost|p2a: Mew|spd|2
|
|-weather|SunnyDay|[upkeep]
|-heal|p2a: Mew|29/100|[from] item: Leftovers
|upkeep
|turn|22
|inactive|flyatnight1234 has 60 seconds left.
|
|t:|1776076546
|move|p1a: Walking Wake|Hydro Steam|p2a: Mew
|-damage|p2a: Mew|0 fnt
|faint|p2a: Mew
|
|-weather|SunnyDay|[upkeep]
|upkeep
|inactive|flyatnight1234 has 60 seconds left.
|
|t:|1776076552
|switch|p2a: Magnezone|Magnezone|94/100
|-damage|p2a: Magnezone|88/100|[from] Stealth Rock
|turn|23
|
|t:|1776076559
|move|p1a: Walking Wake|Hydro Steam|p2a: Magnezone
|-damage|p2a: Magnezone|0 fnt
|faint|p2a: Magnezone
|
|win|skolem
|raw|skolem's rating: 1411 &rarr; <strong>1430</strong><br />(+19 for winning)
|raw|flyatnight1234's rating: 1387 &rarr; <strong>1368</strong><br />(-19 for losing)
|l| ohko_smeargle
|l|☆skolem
|player|p1|
|l|‽flyatnight1234
|player|p2|
