|html|<div class="broadcast-blue"><strong>[Gen 9] OU is currently suspecting Volcarona! For information on how to participate check out the <a href="https://www.smogon.com/tools/suspects/view/208">suspect thread</a>.</strong></div>
|j|☆Pedro_Gil_2502
|j|‽vickle
|t:|1778510829
|gametype|singles
|player|p1|Pedro_Gil_2502|pokemonranger-gen4|1328
|player|p2|vickle|worker-gen4|1353
|gen|9
|tier|[Gen 9] OU
|rated|
|rule|HP Percentage Mod: HP is shown in percentages
|rule|Endless Battle Clause: Forcing endless battles is banned
|rule|Species Clause: Limit one of each Pokémon
|rule|OHKO Clause: OHKO moves are banned
|rule|Evasion Items Clause: Evasion items are banned
|rule|Evasion Moves Clause: Evasion moves are banned
|rule|Evasion Abilities Clause: Evasion abilities are banned
|rule|Sleep Moves Clause: Sleep-inducing moves are banned
|clearpoke
|poke|p1|Glimmora, F|
|poke|p1|Gholdengo|
|poke|p1|Kingambit, F|
|poke|p1|Rillaboom, M|
|poke|p1|Volcarona, F|
|poke|p1|Great Tusk|
|poke|p2|Pelipper, F|
|poke|p2|Basculegion-F, F|
|poke|p2|Barraskewda, M|
|poke|p2|Poliwrath, F|
|poke|p2|Indeedee-F, F|
|poke|p2|Clodsire, M|
|teampreview
|inactive|Battle timer is ON: inactive players will automatically lose when time's up. (requested by Pedro_Gil_2502)
|
|t:|1778510859
|teamsize|p1|6
|teamsize|p2|6
|start
|switch|p1a: Great Tusk|Great Tusk|100/100
|switch|p2a: Barraskewda|Barraskewda, M|100/100
|turn|1
|
|t:|1778510864
|-end|p1a: Great Tusk|Protosynthesis|[silent]
|switch|p1a: Rillaboom|Rillaboom, M|100/100
|-fieldstart|move: Grassy Terrain|[from] ability: Grassy Surge|[of] p1a: Rillaboom
|-terastallize|p2a: Barraskewda|Water
|move|p2a: Barraskewda|Liquidation|p1a: Rillaboom
|-resisted|p1a: Rillaboom
|-damage|p1a: Rillaboom|46/100
|
|-heal|p1a: Rillaboom|52/100|[from] Grassy Terrain
|-heal|p1a: Rillaboom|58/100|[from] item: Leftovers
|upkeep
|turn|2
|
|t:|1778510874
|switch|p2a: Pelipper|Pelipper, F|100/100
|-weather|RainDance|[from] ability: Drizzle|[of] p2a: Pelipper
|move|p1a: Rillaboom|Grassy Glide|p2a: Pelipper
|-damage|p2a: Pelipper|61/100
|
|-weather|RainDance|[upkeep]
|-heal|p1a: Rillaboom|64/100|[from] Grassy Terrain
|-heal|p1a: Rillaboom|70/100|[from] item: Leftovers
|upkeep
|turn|3
|
|t:|1778510889
|move|p1a: Rillaboom|Wood Hammer|p2a: Pelipper
|-damage|p2a: Pelipper|0 fnt
|faint|p2a: Pelipper
|-damage|p1a: Rillaboom|52/100|[from] Recoil
|
|-weather|RainDance|[upkeep]
|-heal|p1a: Rillaboom|58/100|[from] Grassy Terrain
|-heal|p1a: Rillaboom|64/100|[from] item: Leftovers
|upkeep
|
|t:|1778510895
|switch|p2a: Indeedee|Indeedee-F, F|100/100
|-fieldstart|move: Psychic Terrain|[from] ability: Psychic Surge|[of] p2a: Indeedee
|turn|4
|
|t:|1778510900
|switch|p1a: Kingambit|Kingambit, F|100/100
|move|p2a: Indeedee|Psychic|p1a: Kingambit
|-immune|p1a: Kingambit
|
|-weather|RainDance|[upkeep]
|upkeep
|turn|5
|
|t:|1778510905
|switch|p2a: Poliwrath|Poliwrath, F|100/100
|move|p1a: Kingambit|Swords Dance|p1a: Kingambit
|-boost|p1a: Kingambit|atk|2
|
|-weather|RainDance|[upkeep]
|upkeep
|turn|6
|
|t:|1778510922
|-end|p1a: Kingambit|fallenundefined|[silent]
|switch|p1a: Glimmora|Glimmora, F|100/100
|move|p2a: Poliwrath|Close Combat|p1a: Glimmora
|-damage|p1a: Glimmora|36/100
|-unboost|p2a: Poliwrath|def|1
|-unboost|p2a: Poliwrath|spd|1
|-activate|p1a: Glimmora|ability: Toxic Debris
|-sidestart|p2: vickle|move: Toxic Spikes
|
|-weather|RainDance|[upkeep]
|upkeep
|turn|7
|c|☆Pedro_Gil_2502|Oh right
|c|☆Pedro_Gil_2502|Been playing so much champions i forgot u could extend weather
|
|t:|1778510947
|move|p2a: Poliwrath|Earthquake|p1a: Glimmora
|-supereffective|p1a: Glimmora
|-damage|p1a: Glimmora|0 fnt
|-activate|p1a: Glimmora|ability: Toxic Debris
|-sidestart|p2: vickle|move: Toxic Spikes
|faint|p1a: Glimmora
|
|-weather|RainDance|[upkeep]
|upkeep
|
|t:|1778510950
|switch|p1a: Rillaboom|Rillaboom, M|64/100
|-fieldstart|move: Grassy Terrain|[from] ability: Grassy Surge|[of] p1a: Rillaboom
|turn|8
|
|t:|1778510958
|switch|p2a: Clodsire|Clodsire, M|100/100
|-sideend|p2: vickle|move: Toxic Spikes|[of] p2a: Clodsire
|move|p1a: Rillaboom|Grassy Glide|p2a: Clodsire
|-damage|p2a: Clodsire|58/100
|
|-weather|RainDance|[upkeep]
|-heal|p1a: Rillaboom|70/100|[from] Grassy Terrain
|-heal|p1a: Rillaboom|76/100|[from] item: Leftovers
|-heal|p2a: Clodsire|64/100|[from] Grassy Terrain
|upkeep
|turn|9
|
|t:|1778510969
|switch|p2a: Indeedee|Indeedee-F, F|100/100
|-fieldstart|move: Psychic Terrain|[from] ability: Psychic Surge|[of] p2a: Indeedee
|move|p1a: Rillaboom|Wood Hammer|p2a: Indeedee
|-damage|p2a: Indeedee|3/100
|-damage|p1a: Rillaboom|44/100|[from] Recoil
|
|-weather|none
|-heal|p1a: Rillaboom|50/100|[from] item: Leftovers
|upkeep
|turn|10
|
|t:|1778510980
|switch|p1a: Gholdengo|Gholdengo|100/100
|move|p2a: Indeedee|Psychic|p1a: Gholdengo
|-resisted|p1a: Gholdengo
|-damage|p1a: Gholdengo|76/100
|
|upkeep
|turn|11
|
|t:|1778510986
|move|p1a: Gholdengo|Trick|p2a: Indeedee
|-activate|p1a: Gholdengo|move: Trick|[of] p2a: Indeedee
|-item|p2a: Indeedee|Choice Scarf|[from] move: Trick
|-item|p1a: Gholdengo|Terrain Extender|[from] move: Trick
|move|p2a: Indeedee|Psychic|p1a: Gholdengo
|-resisted|p1a: Gholdengo
|-damage|p1a: Gholdengo|55/100
|
|upkeep
|turn|12
|
|t:|1778510999
|switch|p1a: Rillaboom|Rillaboom, M|50/100
|-fieldstart|move: Grassy Terrain|[from] ability: Grassy Surge|[of] p1a: Rillaboom
|move|p2a: Indeedee|Psychic|p1a: Rillaboom
|-damage|p1a: Rillaboom|10/100
|
|-heal|p2a: Indeedee|10/100|[from] Grassy Terrain
|-heal|p1a: Rillaboom|16/100|[from] Grassy Terrain
|-heal|p1a: Rillaboom|22/100|[from] item: Leftovers
|upkeep
|turn|13
|
|t:|1778511010
|move|p1a: Rillaboom|Grassy Glide|p2a: Indeedee
|-damage|p2a: Indeedee|0 fnt
|faint|p2a: Indeedee
|
|-heal|p1a: Rillaboom|29/100|[from] Grassy Terrain
|-heal|p1a: Rillaboom|35/100|[from] item: Leftovers
|upkeep
|
|t:|1778511025
|switch|p2a: Poliwrath|Poliwrath, F|100/100
|turn|14
|
|t:|1778511035
|-terastallize|p1a: Rillaboom|Grass
|move|p1a: Rillaboom|Grassy Glide|p2a: Poliwrath
|-supereffective|p2a: Poliwrath
|-damage|p2a: Poliwrath|0 fnt
|faint|p2a: Poliwrath
|
|-heal|p1a: Rillaboom|41/100|[from] Grassy Terrain
|-heal|p1a: Rillaboom|47/100|[from] item: Leftovers
|upkeep
|-message|vickle forfeited.
|
|win|Pedro_Gil_2502
|raw|Pedro_Gil_2502's rating: 1328 &rarr; <strong>1349</strong><br />(+21 for winning)
|raw|vickle's rating: 1353 &rarr; <strong>1332</strong><br />(-21 for losing)
|l|‽vickle
|player|p2|
|l|☆Pedro_Gil_2502
|player|p1|
