|html|<div class="broadcast-blue"><strong>[Gen 9] OU is currently suspecting Tera Blast! For information on how to participate check out the <a href="https://www.smogon.com/tools/suspects/view/200">suspect thread</a>.</strong></div>
|j|☆BAzz Barge
|j|☆wavymike
|t:|1776180095
|gametype|singles
|player|p1|BAzz Barge|benga|1254
|player|p2|wavymike|gambler|1263
|gen|9
|tier|[Gen 9] OU
|rated|
|rule|HP Percentage Mod: HP is shown in percentages
|rule|Endless Battle Clause: Forcing endless battles is banned
|rule|Species Clause: Limit one of each Pokémon
|rule|OHKO Clause: OHKO moves are banned
|rule|Evasion Items Clause: Evasion items are banned
|rule|Evasion Moves Clause: Evasion moves are banned
|rule|Evasion Abilities Clause: Evasion abilities are banned
|rule|Sleep Moves Clause: Sleep-inducing moves are banned
|clearpoke
|poke|p1|Tyranitar, M|
|poke|p1|Excadrill, M|
|poke|p1|Dragapult, M|
|poke|p1|Ogerpon-Wellspring, F|
|poke|p1|Great Tusk|
|poke|p1|Iron Moth|
|poke|p2|Rotom-Heat|
|poke|p2|Dragonite, F|
|poke|p2|Glimmora, M|
|poke|p2|Ditto|
|poke|p2|Araquanid, F|
|poke|p2|Iron Valiant|
|teampreview
|
|t:|1776180112
|teamsize|p1|6
|teamsize|p2|6
|start
|switch|p1a: Ogerpon|Ogerpon-Wellspring, F|100/100
|switch|p2a: Araquanid|Araquanid, F|100/100
|turn|1
|
|t:|1776180122
|move|p1a: Ogerpon|Knock Off|p2a: Araquanid
|-damage|p2a: Araquanid|61/100
|-enditem|p2a: Araquanid|Choice Band|[from] move: Knock Off|[of] p1a: Ogerpon
|move|p2a: Araquanid|Leech Life|p1a: Ogerpon
|-supereffective|p1a: Ogerpon
|-damage|p1a: Ogerpon|18/100
|-heal|p2a: Araquanid|98/100|[from] drain|[of] p1a: Ogerpon
|
|upkeep
|turn|2
|
|t:|1776180140
|move|p1a: Ogerpon|U-turn|p2a: Araquanid
|-damage|p2a: Araquanid|70/100
|
|t:|1776180144
|switch|p1a: Tyranitar|Tyranitar, M|100/100|[from] U-turn
|-weather|Sandstorm|[from] ability: Sand Stream|[of] p1a: Tyranitar
|move|p2a: Araquanid|Body Slam|p1a: Tyranitar
|-resisted|p1a: Tyranitar
|-damage|p1a: Tyranitar|90/100
|-status|p1a: Tyranitar|par
|
|-weather|Sandstorm|[upkeep]
|-damage|p2a: Araquanid|64/100|[from] Sandstorm
|upkeep
|turn|3
|
|t:|1776180156
|switch|p1a: Ogerpon|Ogerpon-Wellspring, F|18/100
|move|p2a: Araquanid|Leech Life|p1a: Ogerpon
|-supereffective|p1a: Ogerpon
|-damage|p1a: Ogerpon|0 fnt
|-heal|p2a: Araquanid|72/100|[from] drain|[of] p1a: Ogerpon
|faint|p1a: Ogerpon
|
|-weather|Sandstorm|[upkeep]
|-damage|p2a: Araquanid|65/100|[from] Sandstorm
|upkeep
|
|t:|1776180166
|switch|p1a: Excadrill|Excadrill, M|100/100
|-item|p1a: Excadrill|Air Balloon
|turn|4
|
|t:|1776180172
|move|p1a: Excadrill|Rock Slide|p2a: Araquanid
|-supereffective|p2a: Araquanid
|-damage|p2a: Araquanid|5/100
|cant|p2a: Araquanid|flinch
|
|-weather|Sandstorm|[upkeep]
|-damage|p2a: Araquanid|0 fnt|[from] Sandstorm
|faint|p2a: Araquanid
|upkeep
|
|t:|1776180191
|switch|p2a: Glimmora|Glimmora, M|100/100
|turn|5
|
|t:|1776180197
|move|p1a: Excadrill|Earthquake|p2a: Glimmora
|-supereffective|p2a: Glimmora
|-enditem|p2a: Glimmora|Focus Sash
|-damage|p2a: Glimmora|1/100
|-activate|p2a: Glimmora|ability: Toxic Debris
|-sidestart|p1: BAzz Barge|move: Toxic Spikes
|move|p2a: Glimmora|Explosion|p1a: Excadrill
|-resisted|p1a: Excadrill
|-damage|p1a: Excadrill|66/100
|-enditem|p1a: Excadrill|Air Balloon
|faint|p2a: Glimmora
|
|-weather|Sandstorm|[upkeep]
|upkeep
|
|t:|1776180210
|switch|p2a: Ditto|Ditto|100/100
|-transform|p2a: Ditto|p1a: Excadrill|[from] ability: Imposter
|turn|6
|
|t:|1776180225
|switch|p1a: Great Tusk|Great Tusk|100/100
|-status|p1a: Great Tusk|psn
|move|p2a: Ditto|Earthquake|p1a: Great Tusk
|-damage|p1a: Great Tusk|62/100 psn
|
|-weather|none
|-damage|p1a: Great Tusk|50/100 psn|[from] psn
|upkeep
|turn|7
|
|t:|1776180240
|move|p2a: Ditto|Earthquake|p1a: Great Tusk
|-damage|p1a: Great Tusk|13/100 psn
|move|p1a: Great Tusk|Headlong Rush|p2a: Ditto
|-supereffective|p2a: Ditto
|-damage|p2a: Ditto|0 fnt
|-unboost|p1a: Great Tusk|def|1
|-unboost|p1a: Great Tusk|spd|1
|faint|p2a: Ditto
|
|-damage|p1a: Great Tusk|1/100 psn|[from] psn
|upkeep
|
|t:|1776180251
|switch|p2a: Dragonite|Dragonite, F|100/100
|turn|8
|
|t:|1776180256
|move|p1a: Great Tusk|Ice Spinner|p2a: Dragonite
|-supereffective|p2a: Dragonite
|-damage|p2a: Dragonite|50/100
|move|p2a: Dragonite|Dragon Dance|p2a: Dragonite
|-boost|p2a: Dragonite|atk|1
|-boost|p2a: Dragonite|spe|1
|
|-damage|p1a: Great Tusk|0 fnt|[from] psn
|faint|p1a: Great Tusk
|-end|p1a: Great Tusk|Protosynthesis|[silent]
|upkeep
|
|t:|1776180266
|switch|p1a: Tyranitar|Tyranitar, M|90/100 par
|-weather|Sandstorm|[from] ability: Sand Stream|[of] p1a: Tyranitar
|turn|9
|
|t:|1776180273
|move|p2a: Dragonite|Dragon Dance|p2a: Dragonite
|-boost|p2a: Dragonite|atk|1
|-boost|p2a: Dragonite|spe|1
|cant|p1a: Tyranitar|par
|
|-weather|Sandstorm|[upkeep]
|-damage|p2a: Dragonite|44/100|[from] Sandstorm
|upkeep
|turn|10
|
|t:|1776180283
|move|p2a: Dragonite|Earthquake|p1a: Tyranitar
|-supereffective|p1a: Tyranitar
|-damage|p1a: Tyranitar|0 fnt
|faint|p1a: Tyranitar
|
|-weather|Sandstorm|[upkeep]
|-damage|p2a: Dragonite|37/100|[from] Sandstorm
|upkeep
|
|t:|1776180295
|switch|p1a: Excadrill|Excadrill, M|66/100
|turn|11
|
|t:|1776180302
|move|p1a: Excadrill|Rock Slide|p2a: Dragonite
|-supereffective|p2a: Dragonite
|-damage|p2a: Dragonite|0 fnt
|faint|p2a: Dragonite
|
|-weather|Sandstorm|[upkeep]
|upkeep
|
|t:|1776180310
|switch|p2a: Rotom|Rotom-Heat|100/100
|turn|12
|
|t:|1776180316
|-terastallize|p2a: Rotom|Electric
|move|p1a: Excadrill|Rock Slide|p2a: Rotom
|-damage|p2a: Rotom|61/100
|move|p2a: Rotom|Overheat|p1a: Excadrill
|-supereffective|p1a: Excadrill
|-damage|p1a: Excadrill|0 fnt
|-unboost|p2a: Rotom|spa|2
|faint|p1a: Excadrill
|
|-weather|Sandstorm|[upkeep]
|-damage|p2a: Rotom|55/100|[from] Sandstorm
|upkeep
|
|t:|1776180326
|switch|p1a: Iron Moth|Iron Moth|100/100
|-sideend|p1: BAzz Barge|move: Toxic Spikes|[of] p1a: Iron Moth
|-enditem|p1a: Iron Moth|Booster Energy
|-activate|p1a: Iron Moth|ability: Quark Drive|[fromitem]
|-start|p1a: Iron Moth|quarkdrivespe
|turn|13
|
|t:|1776180338
|move|p1a: Iron Moth|Substitute|p1a: Iron Moth
|-start|p1a: Iron Moth|Substitute
|-damage|p1a: Iron Moth|76/100
|move|p2a: Rotom|Overheat|p1a: Iron Moth
|-resisted|p1a: Iron Moth
|-activate|p1a: Iron Moth|move: Substitute|[damage]
|-unboost|p2a: Rotom|spa|2
|
|-weather|none
|upkeep
|turn|14
|
|t:|1776180346
|move|p1a: Iron Moth|Fiery Dance|p2a: Rotom
|-damage|p2a: Rotom|0 fnt
|faint|p2a: Rotom
|
|upkeep
|
|t:|1776180350
|switch|p2a: Iron Valiant|Iron Valiant|100/100
|turn|15
|
|t:|1776180356
|move|p1a: Iron Moth|Sludge Wave|p2a: Iron Valiant
|-supereffective|p2a: Iron Valiant
|-damage|p2a: Iron Valiant|0 fnt
|faint|p2a: Iron Valiant
|-end|p2a: Iron Valiant|Quark Drive|[silent]
|
|win|BAzz Barge
|raw|BAzz Barge's rating: 1254 &rarr; <strong>1280</strong><br />(+26 for winning)
|raw|wavymike's rating: 1263 &rarr; <strong>1237</strong><br />(-26 for losing)
|l|☆wavymike
|player|p2|
