|html|<div class="broadcast-blue"><strong>[Gen 9] OU is currently suspecting Tera Blast! For information on how to participate check out the <a href="https://www.smogon.com/tools/suspects/view/200">suspect thread</a>.</strong></div>
|j|☆magistermilitum420
|j|☆volcamel
|t:|1776094724
|gametype|singles
|player|p1|magistermilitum420|blue|1182
|player|p2|volcamel|lady|1134
|gen|9
|tier|[Gen 9] OU
|rated|
|rule|HP Percentage Mod: HP is shown in percentages
|rule|Endless Battle Clause: Forcing endless battles is banned
|rule|Species Clause: Limit one of each Pokémon
|rule|OHKO Clause: OHKO moves are banned
|rule|Evasion Items Clause: Evasion items are banned
|rule|Evasion Moves Clause: Evasion moves are banned
|rule|Evasion Abilities Clause: Evasion abilities are banned
|rule|Sleep Moves Clause: Sleep-inducing moves are banned
|clearpoke
|poke|p1|Meowscarada, F|
|poke|p1|Great Tusk|
|poke|p1|Alomomola, M|
|poke|p1|Slowking-Galar, M|
|poke|p1|Dragonite, M|
|poke|p1|Heatran, F|
|poke|p2|Glimmora, F|
|poke|p2|Dudunsparce-*, M|
|poke|p2|Slither Wing|
|poke|p2|Bombirdier, M|
|poke|p2|Skeledirge, M|
|poke|p2|Pawmot, M|
|teampreview
|
|t:|1776094733
|teamsize|p1|6
|teamsize|p2|6
|start
|switch|p1a: Mahad|Meowscarada, F, shiny|100/100
|switch|p2a: Flower|Glimmora, F|100/100
|turn|1
|
|t:|1776094739
|move|p1a: Mahad|U-turn|p2a: Flower
|-start|p1a: Mahad|typechange|Bug|[from] ability: Protean
|-resisted|p2a: Flower
|-damage|p2a: Flower|80/100
|-activate|p2a: Flower|ability: Toxic Debris
|-sidestart|p1: magistermilitum420|move: Toxic Spikes
|
|t:|1776094746
|switch|p1a: Mithridates|Slowking-Galar, M|100/100|[from] U-turn
|-sideend|p1: magistermilitum420|move: Toxic Spikes|[of] p1a: Mithridates
|move|p2a: Flower|Meteor Beam||[still]
|-prepare|p2a: Flower|Meteor Beam
|-boost|p2a: Flower|spa|1
|-enditem|p2a: Flower|Power Herb
|-anim|p2a: Flower|Meteor Beam|p1a: Mithridates
|-damage|p1a: Mithridates|58/100
|
|upkeep
|turn|2
|
|t:|1776094759
|switch|p2a: Boss Baby|Bombirdier, M|100/100
|move|p1a: Mithridates|Psychic Noise|p2a: Boss Baby
|-immune|p2a: Boss Baby
|
|upkeep
|turn|3
|
|t:|1776094777
|switch|p1a: Charybdis|Alomomola, M, shiny|100/100
|move|p2a: Boss Baby|Knock Off|p1a: Charybdis
|-damage|p1a: Charybdis|78/100
|-enditem|p1a: Charybdis|Heavy-Duty Boots|[from] move: Knock Off|[of] p2a: Boss Baby
|
|upkeep
|turn|4
|
|t:|1776094787
|move|p2a: Boss Baby|Dual Wingbeat|p1a: Charybdis
|-damage|p1a: Charybdis|68/100
|-damage|p1a: Charybdis|58/100
|-hitcount|p1a: Charybdis|2
|move|p1a: Charybdis|Scald|p2a: Boss Baby
|-damage|p2a: Boss Baby|88/100
|
|upkeep
|turn|5
|
|t:|1776094806
|move|p2a: Boss Baby|Drill Run|p1a: Charybdis
|-damage|p1a: Charybdis|46/100
|move|p1a: Charybdis|Wish|p1a: Charybdis
|
|upkeep
|turn|6
|
|t:|1776094811
|move|p2a: Boss Baby|Dual Wingbeat|p1a: Charybdis
|-damage|p1a: Charybdis|37/100
|-crit|p1a: Charybdis
|-damage|p1a: Charybdis|23/100
|-hitcount|p1a: Charybdis|2
|move|p1a: Charybdis|Scald|p2a: Boss Baby
|-damage|p2a: Boss Baby|75/100
|
|-heal|p1a: Charybdis|73/100|[from] move: Wish|[wisher] Charybdis
|upkeep
|turn|7
|
|t:|1776094823
|move|p2a: Boss Baby|Dual Wingbeat|p1a: Charybdis
|-damage|p1a: Charybdis|63/100
|-damage|p1a: Charybdis|54/100
|-hitcount|p1a: Charybdis|2
|move|p1a: Charybdis|Wish|p1a: Charybdis
|
|upkeep
|turn|8
|
|t:|1776094829
|move|p2a: Boss Baby|Dual Wingbeat|p1a: Charybdis
|-damage|p1a: Charybdis|44/100
|-damage|p1a: Charybdis|34/100
|-hitcount|p1a: Charybdis|2
|move|p1a: Charybdis|Scald|p2a: Boss Baby
|-damage|p2a: Boss Baby|63/100
|-status|p2a: Boss Baby|brn
|
|-heal|p1a: Charybdis|84/100|[from] move: Wish|[wisher] Charybdis
|-damage|p2a: Boss Baby|57/100 brn|[from] brn
|upkeep
|turn|9
|
|t:|1776094847
|switch|p2a: Mittens|Pawmot, M|100/100
|move|p1a: Charybdis|Scald|p2a: Mittens
|-damage|p2a: Mittens|77/100
|
|-heal|p2a: Mittens|83/100|[from] item: Leftovers
|upkeep
|turn|10
|
|t:|1776094856
|switch|p1a: Barca|Great Tusk|100/100
|move|p2a: Mittens|Double Shock|p1a: Barca
|-immune|p1a: Barca
|
|-heal|p2a: Mittens|89/100|[from] item: Leftovers
|upkeep
|turn|11
|
|t:|1776094869
|switch|p2a: Boss Baby|Bombirdier, M|57/100 brn
|move|p1a: Barca|Knock Off|p2a: Boss Baby
|-resisted|p2a: Boss Baby
|-damage|p2a: Boss Baby|32/100 brn
|-enditem|p2a: Boss Baby|Assault Vest|[from] move: Knock Off|[of] p1a: Barca
|
|-damage|p2a: Boss Baby|26/100 brn|[from] brn
|upkeep
|turn|12
|
|t:|1776094886
|move|p1a: Barca|Stealth Rock|p2a: Boss Baby
|-sidestart|p2: volcamel|move: Stealth Rock
|move|p2a: Boss Baby|Icy Wind|p1a: Barca
|-supereffective|p1a: Barca
|-damage|p1a: Barca|75/100
|-unboost|p1a: Barca|spe|1
|
|-damage|p2a: Boss Baby|20/100 brn|[from] brn
|upkeep
|turn|13
|
|t:|1776094897
|-end|p1a: Barca|Protosynthesis|[silent]
|switch|p1a: Charybdis|Alomomola, M, shiny|100/100
|move|p2a: Boss Baby|Icy Wind|p1a: Charybdis
|-resisted|p1a: Charybdis
|-damage|p1a: Charybdis|95/100
|-unboost|p1a: Charybdis|spe|1
|
|-damage|p2a: Boss Baby|14/100 brn|[from] brn
|upkeep
|turn|14
|
|t:|1776094905
|move|p2a: Boss Baby|Icy Wind|p1a: Charybdis
|-resisted|p1a: Charybdis
|-damage|p1a: Charybdis|90/100
|-unboost|p1a: Charybdis|spe|1
|move|p1a: Charybdis|Scald|p2a: Boss Baby
|-damage|p2a: Boss Baby|0 fnt
|faint|p2a: Boss Baby
|
|upkeep
|
|t:|1776094923
|switch|p2a: Mittens|Pawmot, M|89/100
|-damage|p2a: Mittens|83/100|[from] Stealth Rock
|turn|15
|
|t:|1776094930
|switch|p1a: Barca|Great Tusk|75/100
|move|p2a: Mittens|Ice Punch|p1a: Barca
|-supereffective|p1a: Barca
|-damage|p1a: Barca|32/100
|-status|p1a: Barca|frz
|
|-heal|p2a: Mittens|89/100|[from] item: Leftovers
|upkeep
|turn|16
|
|t:|1776094944
|-end|p1a: Barca|Protosynthesis|[silent]
|switch|p1a: Charybdis|Alomomola, M, shiny|100/100
|move|p2a: Mittens|Ice Punch|p1a: Charybdis
|-resisted|p1a: Charybdis
|-damage|p1a: Charybdis|93/100
|-status|p1a: Charybdis|frz
|
|-heal|p2a: Mittens|95/100|[from] item: Leftovers
|upkeep
|turn|17
|
|t:|1776094962
|switch|p1a: Vulcanus|Heatran, F, shiny|100/100
|move|p2a: Mittens|Mach Punch|p1a: Vulcanus
|-supereffective|p1a: Vulcanus
|-damage|p1a: Vulcanus|54/100
|
|-heal|p2a: Mittens|100/100|[from] item: Leftovers
|upkeep
|turn|18
|
|t:|1776094975
|switch|p1a: Charybdis|Alomomola, M, shiny|100/100 frz
|move|p2a: Mittens|Double Shock|p1a: Charybdis
|-supereffective|p1a: Charybdis
|-damage|p1a: Charybdis|44/100 frz
|-start|p2a: Mittens|typechange|???/Fighting|[from] move: Double Shock
|
|upkeep
|turn|19
|
|t:|1776094992
|-terastallize|p2a: Mittens|Electric
|move|p2a: Mittens|Double Shock|p1a: Charybdis
|-supereffective|p1a: Charybdis
|-damage|p1a: Charybdis|0 fnt
|-start|p2a: Mittens|typechange|Electric|[from] move: Double Shock
|faint|p1a: Charybdis
|
|upkeep
|
|t:|1776095006
|switch|p1a: Ladon|Dragonite, M, shiny|100/100
|turn|20
|
|t:|1776095009
|move|p2a: Mittens|Ice Punch|p1a: Ladon
|-supereffective|p1a: Ladon
|-damage|p1a: Ladon|41/100
|move|p1a: Ladon|Dragon Dance|p1a: Ladon
|-boost|p1a: Ladon|atk|1
|-boost|p1a: Ladon|spe|1
|
|upkeep
|turn|21
|
|t:|1776095015
|move|p1a: Ladon|Earthquake|p2a: Mittens
|-supereffective|p2a: Mittens
|-damage|p2a: Mittens|0 fnt
|faint|p2a: Mittens
|
|upkeep
|
|t:|1776095030
|switch|p2a: Evil Cucumber|Dudunsparce, M|100/100
|-damage|p2a: Evil Cucumber|88/100|[from] Stealth Rock
|turn|22
|
|t:|1776095056
|-terastallize|p1a: Ladon|Normal
|move|p1a: Ladon|Extreme Speed|p2a: Evil Cucumber
|-damage|p2a: Evil Cucumber|50/100
|move|p2a: Evil Cucumber|Boomburst|p1a: Ladon
|-damage|p1a: Ladon|0 fnt
|faint|p1a: Ladon
|
|-heal|p2a: Evil Cucumber|57/100|[from] item: Leftovers
|upkeep
|
|t:|1776095067
|switch|p1a: Mithridates|Slowking-Galar, M|91/100
|turn|23
|
|t:|1776095072
|move|p2a: Evil Cucumber|Roost|p2a: Evil Cucumber
|-heal|p2a: Evil Cucumber|100/100
|-singleturn|p2a: Evil Cucumber|move: Roost
|move|p1a: Mithridates|Psychic Noise|p2a: Evil Cucumber
|-damage|p2a: Evil Cucumber|66/100
|-start|p2a: Evil Cucumber|move: Heal Block
|
|upkeep
|turn|24
|
|t:|1776095081
|move|p2a: Evil Cucumber|Calm Mind|p2a: Evil Cucumber
|-boost|p2a: Evil Cucumber|spa|1
|-boost|p2a: Evil Cucumber|spd|1
|move|p1a: Mithridates|Psychic Noise|p2a: Evil Cucumber
|-damage|p2a: Evil Cucumber|43/100
|
|-end|p2a: Evil Cucumber|move: Heal Block
|upkeep
|turn|25
|
|t:|1776095090
|move|p2a: Evil Cucumber|Roost|p2a: Evil Cucumber
|-heal|p2a: Evil Cucumber|93/100
|-singleturn|p2a: Evil Cucumber|move: Roost
|move|p1a: Mithridates|Psychic Noise|p2a: Evil Cucumber
|-damage|p2a: Evil Cucumber|73/100
|-start|p2a: Evil Cucumber|move: Heal Block
|
|upkeep
|turn|26
|
|t:|1776095098
|move|p2a: Evil Cucumber|Calm Mind|p2a: Evil Cucumber
|-boost|p2a: Evil Cucumber|spa|1
|-boost|p2a: Evil Cucumber|spd|1
|move|p1a: Mithridates|Future Sight|p2a: Evil Cucumber
|-start|p1a: Mithridates|move: Future Sight
|
|-end|p2a: Evil Cucumber|move: Heal Block
|upkeep
|turn|27
|
|t:|1776095127
|move|p2a: Evil Cucumber|Calm Mind|p2a: Evil Cucumber
|-boost|p2a: Evil Cucumber|spa|1
|-boost|p2a: Evil Cucumber|spd|1
|move|p1a: Mithridates|Sludge Bomb|p2a: Evil Cucumber
|-damage|p2a: Evil Cucumber|57/100
|
|-heal|p2a: Evil Cucumber|63/100|[from] item: Leftovers
|upkeep
|turn|28
|
|t:|1776095137
|move|p2a: Evil Cucumber|Roost|p2a: Evil Cucumber
|-heal|p2a: Evil Cucumber|100/100
|-singleturn|p2a: Evil Cucumber|move: Roost
|move|p1a: Mithridates|Psychic Noise|p2a: Evil Cucumber
|-damage|p2a: Evil Cucumber|88/100
|-start|p2a: Evil Cucumber|move: Heal Block
|
|-end|p2a: Evil Cucumber|move: Future Sight
|-crit|p2a: Evil Cucumber
|-damage|p2a: Evil Cucumber|3/100
|upkeep
|turn|29
|
|t:|1776095153
|move|p2a: Evil Cucumber|Boomburst|p1a: Mithridates
|-damage|p1a: Mithridates|40/100
|move|p1a: Mithridates|Psychic Noise|p2a: Evil Cucumber
|-damage|p2a: Evil Cucumber|0 fnt
|faint|p2a: Evil Cucumber
|
|upkeep
|
|t:|1776095163
|switch|p2a: Mof|Slither Wing|100/100
|-damage|p2a: Mof|88/100|[from] Stealth Rock
|-enditem|p2a: Mof|Booster Energy
|-activate|p2a: Mof|ability: Protosynthesis|[fromitem]
|-start|p2a: Mof|protosynthesisatk
|turn|30
|
|t:|1776095178
|move|p2a: Mof|First Impression|p1a: Mithridates
|-damage|p1a: Mithridates|0 fnt
|faint|p1a: Mithridates
|
|upkeep
|
|t:|1776095188
|switch|p1a: Vulcanus|Heatran, F, shiny|54/100
|turn|31
|
|t:|1776095196
|-end|p2a: Mof|Protosynthesis|[silent]
|switch|p2a: Flower|Glimmora, F|80/100
|-damage|p2a: Flower|67/100|[from] Stealth Rock
|move|p1a: Vulcanus|Overheat|p2a: Flower
|-resisted|p2a: Flower
|-damage|p2a: Flower|0 fnt
|-unboost|p1a: Vulcanus|spa|2
|faint|p2a: Flower
|
|upkeep
|
|t:|1776095205
|switch|p2a: Ghost|Skeledirge, M|100/100
|-damage|p2a: Ghost|76/100|[from] Stealth Rock
|turn|32
|
|t:|1776095214
|switch|p1a: Barca|Great Tusk|32/100 frz
|move|p2a: Ghost|Hex|p1a: Barca
|-damage|p1a: Barca|0 fnt
|faint|p1a: Barca
|-end|p1a: Barca|Protosynthesis|[silent]
|
|-heal|p2a: Ghost|82/100|[from] item: Leftovers
|upkeep
|
|t:|1776095221
|switch|p1a: Mahad|Meowscarada, F, shiny|100/100
|turn|33
|
|t:|1776095228
|switch|p2a: Mof|Slither Wing|88/100
|-damage|p2a: Mof|76/100|[from] Stealth Rock
|move|p1a: Mahad|Knock Off|p2a: Mof
|-start|p1a: Mahad|typechange|Dark|[from] ability: Protean
|-resisted|p2a: Mof
|-damage|p2a: Mof|56/100
|
|upkeep
|turn|34
|
|t:|1776095245
|switch|p1a: Vulcanus|Heatran, F, shiny|54/100
|move|p2a: Mof|First Impression|p1a: Vulcanus
|-resisted|p1a: Vulcanus
|-damage|p1a: Vulcanus|42/100
|
|upkeep
|turn|35
|
|t:|1776095260
|-end|p2a: Mof|Protosynthesis|[silent]
|switch|p2a: Ghost|Skeledirge, M|82/100
|-damage|p2a: Ghost|57/100|[from] Stealth Rock
|move|p1a: Vulcanus|Overheat|p2a: Ghost|[miss]
|-miss|p1a: Vulcanus|p2a: Ghost
|
|-heal|p2a: Ghost|63/100|[from] item: Leftovers
|upkeep
|turn|36
|
|t:|1776095275
|switch|p1a: Mahad|Meowscarada, F, shiny|100/100
|move|p2a: Ghost|Slack Off|p2a: Ghost
|-heal|p2a: Ghost|100/100
|
|upkeep
|turn|37
|
|t:|1776095281
|move|p1a: Mahad|Knock Off|p2a: Ghost
|-start|p1a: Mahad|typechange|Dark|[from] ability: Protean
|-supereffective|p2a: Ghost
|-damage|p2a: Ghost|24/100
|-enditem|p2a: Ghost|Leftovers|[from] move: Knock Off|[of] p1a: Mahad
|move|p2a: Ghost|Torch Song|p1a: Mahad
|-damage|p1a: Mahad|34/100
|-boost|p2a: Ghost|spa|1
|
|upkeep
|turn|38
|
|t:|1776095293
|switch|p2a: Mof|Slither Wing|56/100
|-damage|p2a: Mof|44/100|[from] Stealth Rock
|move|p1a: Mahad|Knock Off|p2a: Mof
|-resisted|p2a: Mof
|-damage|p2a: Mof|25/100
|
|upkeep
|turn|39
|
|t:|1776095306
|switch|p1a: Vulcanus|Heatran, F, shiny|42/100
|move|p2a: Mof|First Impression|p1a: Vulcanus
|-resisted|p1a: Vulcanus
|-damage|p1a: Vulcanus|30/100
|
|upkeep
|turn|40
|
|t:|1776095322
|move|p2a: Mof|Acrobatics|p1a: Vulcanus
|-resisted|p1a: Vulcanus
|-damage|p1a: Vulcanus|12/100
|move|p1a: Vulcanus|Overheat|p2a: Mof
|-supereffective|p2a: Mof
|-damage|p2a: Mof|0 fnt
|-unboost|p1a: Vulcanus|spa|2
|faint|p2a: Mof
|-end|p2a: Mof|Protosynthesis|[silent]
|
|upkeep
|
|t:|1776095330
|switch|p2a: Ghost|Skeledirge, M|24/100
|-damage|p2a: Ghost|0 fnt|[from] Stealth Rock
|faint|p2a: Ghost
|
|win|magistermilitum420
|raw|magistermilitum420's rating: 1182 &rarr; <strong>1204</strong><br />(+22 for winning)
|raw|volcamel's rating: 1134 &rarr; <strong>1112</strong><br />(-22 for losing)
