|html|<div class="broadcast-blue"><strong>[Gen 9] OU is currently suspecting Tera Blast! For information on how to participate check out the <a href="https://www.smogon.com/tools/suspects/view/200">suspect thread</a>.</strong></div>
|j|☆forever howlong
|j|☆pokemonkorea co kr
|t:|1776123746
|gametype|singles
|player|p1|forever howlong|az|1339
|player|p2|pokemonkorea co kr|#bltxrufflets|1317
|gen|9
|tier|[Gen 9] OU
|rated|
|rule|HP Percentage Mod: HP is shown in percentages
|rule|Endless Battle Clause: Forcing endless battles is banned
|rule|Species Clause: Limit one of each Pokémon
|rule|OHKO Clause: OHKO moves are banned
|rule|Evasion Items Clause: Evasion items are banned
|rule|Evasion Moves Clause: Evasion moves are banned
|rule|Evasion Abilities Clause: Evasion abilities are banned
|rule|Sleep Moves Clause: Sleep-inducing moves are banned
|clearpoke
|poke|p1|Glimmora, M|
|poke|p1|Zamazenta-*|
|poke|p1|Darkrai|
|poke|p1|Gholdengo|
|poke|p1|Ogerpon-Wellspring, F|
|poke|p1|Raging Bolt|
|poke|p2|Glimmora, M|
|poke|p2|Dragapult, M|
|poke|p2|Feraligatr, F|
|poke|p2|Thundurus-Therian, M|
|poke|p2|Porygon-Z|
|poke|p2|Blaziken, M|
|teampreview
|inactive|Battle timer is ON: inactive players will automatically lose when time's up. (requested by forever howlong)
|
|t:|1776123756
|teamsize|p1|6
|teamsize|p2|6
|start
|switch|p1a: Glimmora|Glimmora, M|100/100
|switch|p2a: Feraligatr|Feraligatr, F|100/100
|turn|1
|
|t:|1776123766
|switch|p1a: Zamazenta|Zamazenta|100/100
|-ability|p1a: Zamazenta|Dauntless Shield|boost
|-boost|p1a: Zamazenta|def|1
|move|p2a: Feraligatr|Dragon Dance|p2a: Feraligatr
|-boost|p2a: Feraligatr|atk|1
|-boost|p2a: Feraligatr|spe|1
|
|upkeep
|turn|2
|
|t:|1776123778
|move|p2a: Feraligatr|Liquidation|p1a: Zamazenta
|-damage|p1a: Zamazenta|43/100
|move|p1a: Zamazenta|Reflect|p1a: Zamazenta
|-sidestart|p1: forever howlong|Reflect
|
|upkeep
|turn|3
|
|t:|1776123786
|move|p2a: Feraligatr|Liquidation|p1a: Zamazenta
|-damage|p1a: Zamazenta|14/100
|move|p1a: Zamazenta|Close Combat|p2a: Feraligatr
|-damage|p2a: Feraligatr|33/100
|-unboost|p1a: Zamazenta|def|1
|-unboost|p1a: Zamazenta|spd|1
|
|upkeep
|turn|4
|
|t:|1776123795
|switch|p1a: Raging Bolt|Raging Bolt|100/100
|-enditem|p1a: Raging Bolt|Booster Energy
|-activate|p1a: Raging Bolt|ability: Protosynthesis|[fromitem]
|-start|p1a: Raging Bolt|protosynthesisspa
|move|p2a: Feraligatr|Superpower|p1a: Raging Bolt
|-damage|p1a: Raging Bolt|70/100
|-unboost|p2a: Feraligatr|atk|1
|-unboost|p2a: Feraligatr|def|1
|-damage|p2a: Feraligatr|23/100|[from] item: Life Orb
|
|upkeep
|turn|5
|
|t:|1776123803
|move|p2a: Feraligatr|Ice Punch|p1a: Raging Bolt
|-supereffective|p1a: Raging Bolt
|-damage|p1a: Raging Bolt|38/100
|move|p1a: Raging Bolt|Calm Mind|p1a: Raging Bolt
|-boost|p1a: Raging Bolt|spa|1
|-boost|p1a: Raging Bolt|spd|1
|
|upkeep
|turn|6
|
|t:|1776123810
|switch|p2a: Thundurus|Thundurus-Therian, M|100/100
|move|p1a: Raging Bolt|Thunderbolt|p2a: Thundurus
|-immune|p2a: Thundurus|[from] ability: Volt Absorb
|
|upkeep
|turn|7
|
|t:|1776123827
|switch|p2a: Glimmora|Glimmora, M|100/100
|move|p1a: Raging Bolt|Dragon Pulse|p2a: Glimmora
|-enditem|p2a: Glimmora|Focus Sash
|-damage|p2a: Glimmora|1/100
|
|upkeep
|turn|8
|j| cluster magnet
|
|t:|1776123836
|move|p1a: Raging Bolt|Thunderclap||[still]
|-fail|p1a: Raging Bolt
|move|p2a: Glimmora|Stealth Rock|p1a: Raging Bolt
|-sidestart|p1: forever howlong|move: Stealth Rock
|
|upkeep
|turn|9
|
|t:|1776123842
|move|p1a: Raging Bolt|Thunderclap|p2a: Glimmora
|-damage|p2a: Glimmora|0 fnt
|faint|p2a: Glimmora
|
|-sideend|p1: forever howlong|Reflect
|upkeep
|
|t:|1776123849
|switch|p2a: Dragapult|Dragapult, M|100/100
|turn|10
|
|t:|1776123851
|move|p1a: Raging Bolt|Thunderclap|p2a: Dragapult
|-resisted|p2a: Dragapult
|-damage|p2a: Dragapult|51/100
|move|p2a: Dragapult|Dragon Darts|p1a: Raging Bolt
|-supereffective|p1a: Raging Bolt
|-damage|p1a: Raging Bolt|3/100
|-anim|p2a: Dragapult|Dragon Darts|p1a: Raging Bolt
|-supereffective|p1a: Raging Bolt
|-crit|p1a: Raging Bolt
|-damage|p1a: Raging Bolt|0 fnt
|faint|p1a: Raging Bolt
|-end|p1a: Raging Bolt|Protosynthesis|[silent]
|
|upkeep
|
|t:|1776123856
|switch|p1a: Glimmora|Glimmora, M|100/100
|-damage|p1a: Glimmora|88/100|[from] Stealth Rock
|turn|11
|
|t:|1776123869
|-terastallize|p2a: Dragapult|Steel
|move|p2a: Dragapult|Dragon Darts|p1a: Glimmora
|-damage|p1a: Glimmora|66/100
|-activate|p1a: Glimmora|ability: Toxic Debris
|-sidestart|p2: pokemonkorea co kr|move: Toxic Spikes
|-anim|p2a: Dragapult|Dragon Darts|p1a: Glimmora
|-damage|p1a: Glimmora|41/100
|-activate|p1a: Glimmora|ability: Toxic Debris
|-sidestart|p2: pokemonkorea co kr|move: Toxic Spikes
|move|p1a: Glimmora|Mortal Spin|p2a: Dragapult
|-immune|p2a: Dragapult
|
|upkeep
|turn|12
|
|t:|1776123877
|move|p2a: Dragapult|Dragon Darts|p1a: Glimmora
|-damage|p1a: Glimmora|19/100
|-anim|p2a: Dragapult|Dragon Darts|p1a: Glimmora
|-damage|p1a: Glimmora|0 fnt
|faint|p1a: Glimmora
|
|upkeep
|
|t:|1776123882
|switch|p1a: Darkrai|Darkrai|100/100
|-damage|p1a: Darkrai|88/100|[from] Stealth Rock
|turn|13
|
|t:|1776123887
|-terastallize|p1a: Darkrai|Fairy
|move|p2a: Dragapult|Light Screen|p2a: Dragapult
|-sidestart|p2: pokemonkorea co kr|move: Light Screen
|move|p1a: Darkrai|Nasty Plot|p1a: Darkrai
|-boost|p1a: Darkrai|spa|2
|
|upkeep
|turn|14
|
|t:|1776123906
|move|p2a: Dragapult|Reflect|p2a: Dragapult
|-sidestart|p2: pokemonkorea co kr|Reflect
|move|p1a: Darkrai|Nasty Plot|p1a: Darkrai
|-boost|p1a: Darkrai|spa|2
|
|upkeep
|turn|15
|
|t:|1776123909
|move|p2a: Dragapult|Curse|p2a: Dragapult
|-unboost|p2a: Dragapult|spe|1
|-boost|p2a: Dragapult|atk|1
|-boost|p2a: Dragapult|def|1
|move|p1a: Darkrai|Dark Pulse|p2a: Dragapult
|-damage|p2a: Dragapult|0 fnt
|-start|p1a: Darkrai|Disable|Dark Pulse|[from] ability: Cursed Body|[of] p2a: Dragapult
|faint|p2a: Dragapult
|
|upkeep
|
|t:|1776123925
|switch|p2a: Blaziken|Blaziken, M|100/100
|-status|p2a: Blaziken|tox
|turn|16
|
|t:|1776123938
|move|p1a: Darkrai|Tera Blast|p2a: Blaziken|[anim] Tera Blast Fairy
|-damage|p2a: Blaziken|6/100 tox
|move|p2a: Blaziken|Flare Blitz|p1a: Darkrai
|-damage|p1a: Darkrai|4/100
|-damage|p2a: Blaziken|0 fnt|[from] Recoil
|faint|p2a: Blaziken
|
|upkeep
|
|t:|1776123959
|switch|p2a: Porygon-Z|Porygon-Z|100/100
|-status|p2a: Porygon-Z|tox
|turn|17
|
|t:|1776123964
|move|p1a: Darkrai|Rest|p1a: Darkrai
|-status|p1a: Darkrai|slp|[from] move: Rest
|-heal|p1a: Darkrai|100/100 slp|[silent]
|-enditem|p1a: Darkrai|Chesto Berry|[eat]
|-curestatus|p1a: Darkrai|slp|[msg]
|move|p2a: Porygon-Z|Agility|p2a: Porygon-Z
|-boost|p2a: Porygon-Z|spe|2
|
|-damage|p2a: Porygon-Z|94/100 tox|[from] psn
|upkeep
|turn|18
|
|t:|1776123977
|move|p2a: Porygon-Z|Tri Attack|p1a: Darkrai
|-damage|p1a: Darkrai|22/100
|move|p1a: Darkrai|Tera Blast|p2a: Porygon-Z|[anim] Tera Blast Fairy
|-damage|p2a: Porygon-Z|7/100 tox
|
|-heal|p2a: Porygon-Z|13/100 tox|[from] item: Leftovers
|-damage|p2a: Porygon-Z|1/100 tox|[from] psn
|-end|p1a: Darkrai|Disable
|upkeep
|turn|19
|
|t:|1776123986
|switch|p1a: Gholdengo|Gholdengo|100/100
|-damage|p1a: Gholdengo|94/100|[from] Stealth Rock
|-item|p1a: Gholdengo|Air Balloon
|move|p2a: Porygon-Z|Tri Attack|p1a: Gholdengo
|-immune|p1a: Gholdengo
|
|-heal|p2a: Porygon-Z|7/100 tox|[from] item: Leftovers
|-damage|p2a: Porygon-Z|0 fnt|[from] psn
|faint|p2a: Porygon-Z
|upkeep
|
|t:|1776123991
|switch|p2a: Thundurus|Thundurus-Therian, M|100/100
|turn|20
|
|t:|1776124011
|move|p2a: Thundurus|Nasty Plot|p2a: Thundurus
|-boost|p2a: Thundurus|spa|2
|move|p1a: Gholdengo|Shadow Ball|p2a: Thundurus
|-damage|p2a: Thundurus|72/100
|
|-sideend|p2: pokemonkorea co kr|move: Light Screen
|upkeep
|turn|21
|
|t:|1776124016
|move|p2a: Thundurus|Thunderbolt|p1a: Gholdengo
|-damage|p1a: Gholdengo|0 fnt
|-enditem|p1a: Gholdengo|Air Balloon
|faint|p1a: Gholdengo
|
|-sideend|p2: pokemonkorea co kr|Reflect
|upkeep
|c|☆pokemonkorea co kr|gg
|inactive|forever howlong has 120 seconds left.
|
|t:|1776124047
|switch|p1a: Darkrai|Darkrai, tera:Fairy|22/100
|-damage|p1a: Darkrai|10/100|[from] Stealth Rock
|turn|22
|
|t:|1776124052
|move|p1a: Darkrai|Dark Pulse|p2a: Thundurus
|-damage|p2a: Thundurus|23/100
|move|p2a: Thundurus|Psychic|p1a: Darkrai
|-damage|p1a: Darkrai|0 fnt
|faint|p1a: Darkrai
|
|upkeep
|
|t:|1776124057
|switch|p1a: Ogerpon|Ogerpon-Wellspring, F|100/100
|-damage|p1a: Ogerpon|88/100|[from] Stealth Rock
|turn|23
|
|t:|1776124066
|move|p1a: Ogerpon|Horn Leech|p2a: Thundurus
|-resisted|p2a: Thundurus
|-damage|p2a: Thundurus|0 fnt
|-heal|p1a: Ogerpon|99/100|[from] drain|[of] p2a: Thundurus
|faint|p2a: Thundurus
|
|upkeep
|
|t:|1776124069
|switch|p2a: Feraligatr|Feraligatr, F|23/100
|-status|p2a: Feraligatr|tox
|turn|24
|
|t:|1776124071
|move|p1a: Ogerpon|Horn Leech|p2a: Feraligatr
|-supereffective|p2a: Feraligatr
|-damage|p2a: Feraligatr|0 fnt
|-heal|p1a: Ogerpon|100/100|[from] drain|[of] p2a: Feraligatr
|faint|p2a: Feraligatr
|
|win|forever howlong
|raw|forever howlong's rating: 1339 &rarr; <strong>1358</strong><br />(+19 for winning)
|raw|pokemonkorea co kr's rating: 1317 &rarr; <strong>1298</strong><br />(-19 for losing)
|c|☆forever howlong|gg
|l|☆forever howlong
|player|p1|
