|html|<div class="broadcast-blue"><strong>[Gen 9] OU is currently suspecting Tera Blast! For information on how to participate check out the <a href="https://www.smogon.com/tools/suspects/view/200">suspect thread</a>.</strong></div>
|j|☆superpsyduck07
|j|☆braydenfro
|t:|1776091689
|gametype|singles
|player|p1|superpsyduck07|101|1139
|player|p2|braydenfro|102|1129
|gen|9
|tier|[Gen 9] OU
|rated|
|rule|HP Percentage Mod: HP is shown in percentages
|rule|Endless Battle Clause: Forcing endless battles is banned
|rule|Species Clause: Limit one of each Pokémon
|rule|OHKO Clause: OHKO moves are banned
|rule|Evasion Items Clause: Evasion items are banned
|rule|Evasion Moves Clause: Evasion moves are banned
|rule|Evasion Abilities Clause: Evasion abilities are banned
|rule|Sleep Moves Clause: Sleep-inducing moves are banned
|clearpoke
|poke|p1|Heatran, M|
|poke|p1|Rotom-Wash|
|poke|p1|Zapdos|
|poke|p1|Dragonite, M|
|poke|p1|Iron Hands|
|poke|p1|Ursaluna, M|
|poke|p2|Darkrai|
|poke|p2|Garchomp, M|
|poke|p2|Weavile, M|
|poke|p2|Gliscor, F|
|poke|p2|Lucario, M|
|poke|p2|Mismagius, M|
|teampreview
|inactive|Battle timer is ON: inactive players will automatically lose when time's up. (requested by braydenfro)
|
|t:|1776091700
|teamsize|p1|6
|teamsize|p2|6
|start
|switch|p1a: Iron Hands|Iron Hands, shiny|100/100
|switch|p2a: Mismagius|Mismagius, M|100/100
|-enditem|p1a: Iron Hands|Booster Energy
|-activate|p1a: Iron Hands|ability: Quark Drive|[fromitem]
|-start|p1a: Iron Hands|quarkdriveatk
|turn|1
|
|t:|1776091712
|move|p2a: Mismagius|Will-O-Wisp|p1a: Iron Hands
|-status|p1a: Iron Hands|brn
|move|p1a: Iron Hands|Swords Dance|p1a: Iron Hands
|-boost|p1a: Iron Hands|atk|2
|
|-damage|p1a: Iron Hands|94/100 brn|[from] brn
|upkeep
|turn|2
|
|t:|1776091720
|move|p2a: Mismagius|Mystical Fire|p1a: Iron Hands
|-damage|p1a: Iron Hands|75/100 brn
|-unboost|p1a: Iron Hands|spa|1
|move|p1a: Iron Hands|Swords Dance|p1a: Iron Hands
|-boost|p1a: Iron Hands|atk|2
|
|-damage|p1a: Iron Hands|69/100 brn|[from] brn
|upkeep
|turn|3
|
|t:|1776091733
|move|p2a: Mismagius|Mystical Fire|p1a: Iron Hands
|-damage|p1a: Iron Hands|47/100 brn
|-unboost|p1a: Iron Hands|spa|1
|move|p1a: Iron Hands|Ice Punch|p2a: Mismagius
|-damage|p2a: Mismagius|8/100
|-status|p2a: Mismagius|frz
|
|-damage|p1a: Iron Hands|41/100 brn|[from] brn
|upkeep
|turn|4
|
|t:|1776091748
|cant|p2a: Mismagius|frz
|move|p1a: Iron Hands|Ice Punch|p2a: Mismagius
|-damage|p2a: Mismagius|0 fnt
|faint|p2a: Mismagius
|
|-damage|p1a: Iron Hands|35/100 brn|[from] brn
|upkeep
|inactive|braydenfro has 120 seconds left.
|
|t:|1776091771
|switch|p2a: Gliscor|Gliscor, F|100/100
|turn|5
|
|t:|1776091780
|-terastallize|p1a: Iron Hands|Flying
|move|p2a: Gliscor|Knock Off|p1a: Iron Hands
|-damage|p1a: Iron Hands|21/100 brn
|move|p1a: Iron Hands|Ice Punch|p2a: Gliscor
|-supereffective|p2a: Gliscor
|-damage|p2a: Gliscor|0 fnt
|faint|p2a: Gliscor
|
|-damage|p1a: Iron Hands|15/100 brn|[from] brn
|upkeep
|inactive|braydenfro has 120 seconds left.
|
|t:|1776091794
|switch|p2a: Darkrai|Darkrai|100/100
|turn|6
|
|t:|1776091799
|move|p2a: Darkrai|Charge Beam|p1a: Iron Hands
|-supereffective|p1a: Iron Hands
|-damage|p1a: Iron Hands|0 fnt
|-boost|p2a: Darkrai|spa|1
|faint|p1a: Iron Hands
|-end|p1a: Iron Hands|Quark Drive|[silent]
|
|upkeep
|
|t:|1776091818
|switch|p1a: Rotom|Rotom-Wash, shiny|100/100
|turn|7
|inactive|braydenfro has 120 seconds left.
|
|t:|1776091855
|move|p2a: Darkrai|Dark Pulse|p1a: Rotom
|-damage|p1a: Rotom|30/100
|-enditem|p1a: Rotom|Sitrus Berry|[eat]
|-heal|p1a: Rotom|55/100|[from] item: Sitrus Berry
|move|p1a: Rotom|Volt Switch|p2a: Darkrai
|-damage|p2a: Darkrai|70/100
|
|t:|1776091872
|switch|p1a: Zapdos|Zapdos, shiny|100/100|[from] Volt Switch
|
|upkeep
|turn|8
|inactive|braydenfro has 120 seconds left.
|
|t:|1776091883
|move|p2a: Darkrai|Ice Beam|p1a: Zapdos
|-supereffective|p1a: Zapdos
|-damage|p1a: Zapdos|0 fnt
|faint|p1a: Zapdos
|
|upkeep
|
|t:|1776091890
|switch|p1a: Dragonite|Dragonite, M, shiny|100/100
|turn|9
|inactive|braydenfro has 120 seconds left.
|inactive|braydenfro has 90 seconds left.
|
|t:|1776091934
|move|p2a: Darkrai|Ice Beam|p1a: Dragonite
|-supereffective|p1a: Dragonite
|-damage|p1a: Dragonite|0 fnt
|faint|p1a: Dragonite
|
|upkeep
|-message|superpsyduck07 forfeited.
|
|win|braydenfro
|raw|superpsyduck07's rating: 1139 &rarr; <strong>1113</strong><br />(-26 for losing)
|raw|braydenfro's rating: 1129 &rarr; <strong>1155</strong><br />(+26 for winning)
|l|☆superpsyduck07
|player|p1|
|l|☆braydenfro
|player|p2|
