|html|<div class="broadcast-blue"><strong>[Gen 9] OU is currently suspecting Tera Blast! For information on how to participate check out the <a href="https://www.smogon.com/tools/suspects/view/200">suspect thread</a>.</strong></div>
|j|☆magistermilitum420
|j|☆CENTISCORCHBOMB
|t:|1776092529
|gametype|singles
|player|p1|magistermilitum420|blue|1170
|player|p2|CENTISCORCHBOMB|clown|1126
|gen|9
|tier|[Gen 9] OU
|rated|
|rule|HP Percentage Mod: HP is shown in percentages
|rule|Endless Battle Clause: Forcing endless battles is banned
|rule|Species Clause: Limit one of each Pokémon
|rule|OHKO Clause: OHKO moves are banned
|rule|Evasion Items Clause: Evasion items are banned
|rule|Evasion Moves Clause: Evasion moves are banned
|rule|Evasion Abilities Clause: Evasion abilities are banned
|rule|Sleep Moves Clause: Sleep-inducing moves are banned
|clearpoke
|poke|p1|Meowscarada, M|
|poke|p1|Great Tusk|
|poke|p1|Alomomola, M|
|poke|p1|Slowking-Galar, M|
|poke|p1|Dragonite, M|
|poke|p1|Heatran, F|
|poke|p2|Clefable, M|
|poke|p2|Excadrill, F|
|poke|p2|Scizor, F|
|poke|p2|Dragapult, M|
|poke|p2|Zamazenta-*|
|poke|p2|Ogerpon-Cornerstone, F|
|teampreview
|
|t:|1776092542
|teamsize|p1|6
|teamsize|p2|6
|start
|switch|p1a: Barca|Great Tusk|100/100
|switch|p2a: Clefable|Clefable, M, shiny|100/100
|turn|1
|inactive|Battle timer is ON: inactive players will automatically lose when time's up. (requested by CENTISCORCHBOMB)
|
|t:|1776092549
|move|p1a: Barca|Knock Off|p2a: Clefable
|-resisted|p2a: Clefable
|-damage|p2a: Clefable|81/100
|-enditem|p2a: Clefable|Life Orb|[from] move: Knock Off|[of] p1a: Barca
|move|p2a: Clefable|Moonblast|p1a: Barca
|-supereffective|p1a: Barca
|-damage|p1a: Barca|0 fnt
|faint|p1a: Barca
|-end|p1a: Barca|Protosynthesis|[silent]
|
|upkeep
|
|t:|1776092558
|switch|p1a: Mithridates|Slowking-Galar, M|100/100
|turn|2
|
|t:|1776092568
|move|p2a: Clefable|Ice Beam|p1a: Mithridates
|-damage|p1a: Mithridates|86/100
|move|p1a: Mithridates|Psychic Noise|p2a: Clefable
|-crit|p2a: Clefable
|-damage|p2a: Clefable|33/100
|-start|p2a: Clefable|move: Heal Block
|
|upkeep
|turn|3
|
|t:|1776092576
|switch|p2a: Excadrill|Excadrill, F, shiny|100/100
|move|p1a: Mithridates|Sludge Bomb|p2a: Excadrill
|-immune|p2a: Excadrill
|
|upkeep
|turn|4
|
|t:|1776092582
|switch|p1a: Charybdis|Alomomola, M, shiny|100/100
|move|p2a: Excadrill|Earthquake|p1a: Charybdis
|-damage|p1a: Charybdis|72/100
|
|upkeep
|turn|5
|
|t:|1776092593
|switch|p2a: Zamazenta|Zamazenta, shiny|100/100
|-ability|p2a: Zamazenta|Dauntless Shield|boost
|-boost|p2a: Zamazenta|def|1
|move|p1a: Charybdis|Wish|p1a: Charybdis
|
|upkeep
|turn|6
|
|t:|1776092605
|move|p2a: Zamazenta|Iron Defense|p2a: Zamazenta
|-boost|p2a: Zamazenta|def|2
|move|p1a: Charybdis|Flip Turn|p2a: Zamazenta
|-damage|p2a: Zamazenta|95/100
|
|t:|1776092610
|switch|p1a: Mithridates|Slowking-Galar, M|100/100|[from] Flip Turn
|
|-heal|p2a: Zamazenta|100/100|[from] item: Leftovers
|upkeep
|turn|7
|
|t:|1776092618
|move|p2a: Zamazenta|Crunch|p1a: Mithridates
|-supereffective|p1a: Mithridates
|-damage|p1a: Mithridates|37/100
|move|p1a: Mithridates|Psychic Noise|p2a: Zamazenta
|-supereffective|p2a: Zamazenta
|-crit|p2a: Zamazenta
|-damage|p2a: Zamazenta|13/100
|-start|p2a: Zamazenta|move: Heal Block
|
|upkeep
|turn|8
|
|t:|1776092641
|switch|p1a: Charybdis|Alomomola, M, shiny|100/100
|move|p2a: Zamazenta|Crunch|p1a: Charybdis
|-damage|p1a: Charybdis|86/100
|
|-end|p2a: Zamazenta|move: Heal Block
|upkeep
|turn|9
|
|t:|1776092653
|move|p2a: Zamazenta|Body Press|p1a: Charybdis
|-damage|p1a: Charybdis|47/100
|move|p1a: Charybdis|Scald|p2a: Zamazenta
|-damage|p2a: Zamazenta|3/100
|
|-heal|p2a: Zamazenta|9/100|[from] item: Leftovers
|upkeep
|turn|10
|
|t:|1776092662
|move|p2a: Zamazenta|Body Press|p1a: Charybdis
|-damage|p1a: Charybdis|4/100
|move|p1a: Charybdis|Scald|p2a: Zamazenta
|-damage|p2a: Zamazenta|0 fnt
|faint|p2a: Zamazenta
|
|upkeep
|
|t:|1776092669
|switch|p2a: Scizor|Scizor, F, shiny|100/100
|turn|11
|
|t:|1776092676
|switch|p1a: Vulcanus|Heatran, F, shiny|100/100
|move|p2a: Scizor|Bullet Punch|p1a: Vulcanus
|-resisted|p1a: Vulcanus
|-damage|p1a: Vulcanus|91/100
|
|upkeep
|turn|12
|
|t:|1776092692
|move|p1a: Vulcanus|Overheat|p2a: Scizor
|-supereffective|p2a: Scizor
|-damage|p2a: Scizor|0 fnt
|-unboost|p1a: Vulcanus|spa|2
|faint|p2a: Scizor
|
|upkeep
|
|t:|1776092701
|switch|p2a: Excadrill|Excadrill, F, shiny|100/100
|turn|13
|
|t:|1776092719
|-terastallize|p2a: Excadrill|Water
|-terastallize|p1a: Vulcanus|Grass
|move|p2a: Excadrill|Earthquake|p1a: Vulcanus
|-resisted|p1a: Vulcanus
|-damage|p1a: Vulcanus|66/100
|move|p1a: Vulcanus|Overheat|p2a: Excadrill
|-resisted|p2a: Excadrill
|-damage|p2a: Excadrill|69/100
|-unboost|p1a: Vulcanus|spa|2
|
|upkeep
|turn|14
|
|t:|1776092735
|switch|p1a: Mahad|Meowscarada, M, shiny|100/100
|move|p2a: Excadrill|Iron Head|p1a: Mahad
|-damage|p1a: Mahad|36/100
|
|upkeep
|turn|15
|
|t:|1776092752
|move|p1a: Mahad|Flower Trick|p2a: Excadrill
|-start|p1a: Mahad|typechange|Grass|[from] ability: Protean
|-supereffective|p2a: Excadrill
|-crit|p2a: Excadrill
|-damage|p2a: Excadrill|0 fnt
|faint|p2a: Excadrill
|
|upkeep
|
|t:|1776092759
|switch|p2a: Ogerpon|Ogerpon-Cornerstone, F|100/100
|turn|16
|
|t:|1776092764
|move|p2a: Ogerpon|Spiky Shield|p2a: Ogerpon
|-singleturn|p2a: Ogerpon|move: Protect
|move|p1a: Mahad|Flower Trick|p2a: Ogerpon
|-activate|p2a: Ogerpon|move: Protect
|
|upkeep
|turn|17
|
|t:|1776092776
|move|p1a: Mahad|Flower Trick|p2a: Ogerpon
|-crit|p2a: Ogerpon
|-damage|p2a: Ogerpon|39/100
|move|p2a: Ogerpon|Ivy Cudgel|p1a: Mahad|[anim] Ivy Cudgel Rock
|-damage|p1a: Mahad|0 fnt
|faint|p1a: Mahad
|
|upkeep
|
|t:|1776092789
|switch|p1a: Ladon|Dragonite, M, shiny|100/100
|turn|18
|
|t:|1776092792
|move|p2a: Ogerpon|Ivy Cudgel|p1a: Ladon|[anim] Ivy Cudgel Rock
|-supereffective|p1a: Ladon
|-damage|p1a: Ladon|39/100
|move|p1a: Ladon|Dragon Dance|p1a: Ladon
|-boost|p1a: Ladon|atk|1
|-boost|p1a: Ladon|spe|1
|
|upkeep
|turn|19
|
|t:|1776092800
|move|p2a: Ogerpon|Spiky Shield|p2a: Ogerpon
|-singleturn|p2a: Ogerpon|move: Protect
|move|p1a: Ladon|Earthquake|p2a: Ogerpon
|-activate|p2a: Ogerpon|move: Protect
|
|upkeep
|turn|20
|
|t:|1776092807
|move|p1a: Ladon|Earthquake|p2a: Ogerpon
|-damage|p2a: Ogerpon|0 fnt
|faint|p2a: Ogerpon
|
|upkeep
|
|t:|1776092816
|switch|p2a: Dragapult|Dragapult, M, shiny|100/100
|turn|21
|-message|CENTISCORCHBOMB forfeited.
|
|win|magistermilitum420
|raw|magistermilitum420's rating: 1170 &rarr; <strong>1192</strong><br />(+22 for winning)
|raw|CENTISCORCHBOMB's rating: 1126 &rarr; <strong>1104</strong><br />(-22 for losing)
|l|☆CENTISCORCHBOMB
|player|p2|
