|html|<div class="broadcast-blue"><strong>[Gen 9] OU is currently suspecting Tera Blast! For information on how to participate check out the <a href="https://www.smogon.com/tools/suspects/view/200">suspect thread</a>.</strong></div>
|j|☆mynasty
|j|☆bird trainer Riley
|t:|1776085771
|gametype|singles
|player|p1|mynasty|265|1245
|player|p2|bird trainer Riley|birdkeeper-gen4dp|1287
|gen|9
|tier|[Gen 9] OU
|rated|
|rule|HP Percentage Mod: HP is shown in percentages
|rule|Endless Battle Clause: Forcing endless battles is banned
|rule|Species Clause: Limit one of each Pokémon
|rule|OHKO Clause: OHKO moves are banned
|rule|Evasion Items Clause: Evasion items are banned
|rule|Evasion Moves Clause: Evasion moves are banned
|rule|Evasion Abilities Clause: Evasion abilities are banned
|rule|Sleep Moves Clause: Sleep-inducing moves are banned
|clearpoke
|poke|p1|Rillaboom, F|
|poke|p1|Skeledirge, M|
|poke|p1|Iron Treads|
|poke|p1|Scream Tail|
|poke|p1|Darkrai|
|poke|p1|Primarina, M|
|poke|p2|Corviknight, F|
|poke|p2|Moltres|
|poke|p2|Zapdos-Galar|
|poke|p2|Toucannon, F|
|poke|p2|Kilowattrel, F|
|poke|p2|Cramorant, M|
|teampreview
|inactive|Battle timer is ON: inactive players will automatically lose when time's up. (requested by mynasty)
|
|t:|1776085778
|teamsize|p1|6
|teamsize|p2|6
|start
|switch|p1a: Iron Treads|Iron Treads|100/100
|switch|p2a: Toucannon|Toucannon, F|100/100
|turn|1
|
|t:|1776085784
|-singleturn|p2a: Toucannon|move: Beak Blast
|move|p1a: Iron Treads|Volt Switch|p2a: Toucannon
|-supereffective|p2a: Toucannon
|-damage|p2a: Toucannon|76/100
|
|t:|1776085793
|-end|p1a: Iron Treads|Quark Drive|[silent]
|switch|p1a: Scream Tail|Scream Tail|100/100|[from] Volt Switch
|move|p2a: Toucannon|Beak Blast|p1a: Scream Tail
|-damage|p1a: Scream Tail|43/100
|-damage|p2a: Toucannon|66/100|[from] item: Life Orb
|
|-heal|p1a: Scream Tail|49/100|[from] item: Leftovers
|upkeep
|turn|2
|
|t:|1776085802
|move|p1a: Scream Tail|Stealth Rock|p2a: Toucannon
|-sidestart|p2: bird trainer Riley|move: Stealth Rock
|move|p2a: Toucannon|Gunk Shot|p1a: Scream Tail
|-supereffective|p1a: Scream Tail
|-damage|p1a: Scream Tail|0 fnt
|faint|p1a: Scream Tail
|-end|p1a: Scream Tail|Protosynthesis|[silent]
|-damage|p2a: Toucannon|56/100|[from] item: Life Orb
|
|upkeep
|
|t:|1776085809
|switch|p1a: Darkrai|Darkrai|100/100
|turn|3
|
|t:|1776085812
|-singleturn|p2a: Toucannon|move: Beak Blast
|move|p1a: Darkrai|Ice Beam|p2a: Toucannon
|-supereffective|p2a: Toucannon
|-damage|p2a: Toucannon|0 fnt
|faint|p2a: Toucannon
|
|upkeep
|
|t:|1776085817
|switch|p2a: Corviknight|Corviknight, F|100/100
|-damage|p2a: Corviknight|88/100|[from] Stealth Rock
|turn|4
|
|t:|1776085823
|move|p1a: Darkrai|Nasty Plot|p1a: Darkrai
|-boost|p1a: Darkrai|spa|2
|move|p2a: Corviknight|Defog|p1a: Darkrai
|-unboost|p1a: Darkrai|evasion|1
|-sideend|p2: bird trainer Riley|Stealth Rock|[from] move: Defog|[of] p2a: Corviknight
|
|-heal|p2a: Corviknight|94/100|[from] item: Leftovers
|upkeep
|turn|5
|
|t:|1776085827
|move|p1a: Darkrai|Dark Pulse|p2a: Corviknight
|-damage|p2a: Corviknight|28/100
|move|p2a: Corviknight|Iron Defense|p2a: Corviknight
|-boost|p2a: Corviknight|def|2
|
|-heal|p2a: Corviknight|34/100|[from] item: Leftovers
|upkeep
|turn|6
|
|t:|1776085833
|move|p1a: Darkrai|Dark Pulse|p2a: Corviknight
|-damage|p2a: Corviknight|0 fnt
|faint|p2a: Corviknight
|
|upkeep
|
|t:|1776085835
|switch|p2a: Zapdos|Zapdos-Galar|100/100
|turn|7
|
|t:|1776085841
|switch|p1a: Skeledirge|Skeledirge, M|100/100
|move|p2a: Zapdos|Knock Off|p1a: Skeledirge
|-supereffective|p1a: Skeledirge
|-damage|p1a: Skeledirge|57/100
|-enditem|p1a: Skeledirge|Heavy-Duty Boots|[from] move: Knock Off|[of] p2a: Zapdos
|
|upkeep
|turn|8
|
|t:|1776085849
|switch|p2a: Cramorant|Cramorant, M|100/100
|move|p1a: Skeledirge|Will-O-Wisp|p2a: Cramorant
|-status|p2a: Cramorant|brn
|
|-damage|p2a: Cramorant|94/100 brn|[from] brn
|upkeep
|turn|9
|
|t:|1776085855
|switch|p1a: Primarina|Primarina, M|100/100
|move|p2a: Cramorant|Surf|p1a: Primarina
|-formechange|p2a: Cramorant|Cramorant-Gulping|
|-resisted|p1a: Primarina
|-damage|p1a: Primarina|88/100
|
|-heal|p2a: Cramorant|100/100 brn|[from] item: Leftovers
|-damage|p2a: Cramorant|94/100 brn|[from] brn
|upkeep
|turn|10
|l|☆bird trainer Riley
|inactive|bird trainer Riley disconnected and has a minute to reconnect!
|player|p2|
|inactive|bird trainer Riley has 30 seconds to reconnect!
|inactive|bird trainer Riley has 20 seconds to reconnect!
|inactive|bird trainer Riley has 15 seconds to reconnect!
|inactive|bird trainer Riley has 10 seconds to reconnect!
|inactive|bird trainer Riley has 5 seconds to reconnect!
|-message|bird trainer Riley lost due to inactivity.
|
|win|mynasty
|raw|mynasty's rating: 1245 &rarr; <strong>1273</strong><br />(+28 for winning)
|raw|bird trainer Riley's rating: 1287 &rarr; <strong>1259</strong><br />(-28 for losing)
|l|☆mynasty
|player|p1|
