|html|<div class="broadcast-blue"><strong>[Gen 9] OU is currently suspecting Tera Blast! For information on how to participate check out the <a href="https://www.smogon.com/tools/suspects/view/200">suspect thread</a>.</strong></div>
|j|☆BoatTrain
|j|☆shimeng85
|t:|1776039267
|gametype|singles
|player|p1|BoatTrain|boarder|1338
|player|p2|shimeng85|266|1305
|gen|9
|tier|[Gen 9] OU
|rated|
|rule|HP Percentage Mod: HP is shown in percentages
|rule|Endless Battle Clause: Forcing endless battles is banned
|rule|Species Clause: Limit one of each Pokémon
|rule|OHKO Clause: OHKO moves are banned
|rule|Evasion Items Clause: Evasion items are banned
|rule|Evasion Moves Clause: Evasion moves are banned
|rule|Evasion Abilities Clause: Evasion abilities are banned
|rule|Sleep Moves Clause: Sleep-inducing moves are banned
|clearpoke
|poke|p1|Ursaluna, M|
|poke|p1|Smeargle, M|
|poke|p1|Hatterene, F|
|poke|p1|Porygon2|
|poke|p1|Empoleon, M|
|poke|p1|Kingambit, F|
|poke|p2|Mienshao, F|
|poke|p2|Blissey, F|
|poke|p2|Gengar, F|
|poke|p2|Slowbro, M|
|poke|p2|Krookodile, M|
|poke|p2|Talonflame, M|
|teampreview
|inactive|Battle timer is ON: inactive players will automatically lose when time's up. (requested by BoatTrain)
|
|t:|1776039271
|teamsize|p1|6
|teamsize|p2|6
|start
|switch|p1a: Smeargle|Smeargle, M|100/100
|switch|p2a: Mienshao|Mienshao, F|100/100
|turn|1
|
|t:|1776039278
|-terastallize|p1a: Smeargle|Ghost
|move|p2a: Mienshao|U-turn|p1a: Smeargle
|-resisted|p1a: Smeargle
|-damage|p1a: Smeargle|72/100
|
|t:|1776039296
|switch|p2a: Krookodile|Krookodile, M|100/100|[from] U-turn
|-ability|p2a: Krookodile|Intimidate|boost
|-fail|p1a: Smeargle|unboost|Attack|[from] ability: Own Tempo|[of] p1a: Smeargle
|move|p1a: Smeargle|Sticky Web|p2a: Krookodile
|-sidestart|p2: shimeng85|move: Sticky Web
|
|upkeep
|turn|2
|
|t:|1776039306
|move|p1a: Smeargle|Court Change|p1a: Smeargle
|-swapsideconditions
|-activate|p1a: Smeargle|move: Court Change
|move|p2a: Krookodile|Knock Off|p1a: Smeargle
|-supereffective|p1a: Smeargle
|-crit|p1a: Smeargle
|-damage|p1a: Smeargle|0 fnt
|-enditem|p1a: Smeargle|Custap Berry|[from] move: Knock Off|[of] p2a: Krookodile
|faint|p1a: Smeargle
|
|upkeep
|
|t:|1776039326
|switch|p1a: Hatterene|Hatterene, F|100/100
|turn|3
|
|t:|1776039332
|move|p2a: Krookodile|Knock Off|p1a: Hatterene
|-damage|p1a: Hatterene|11/100
|-enditem|p1a: Hatterene|Heavy-Duty Boots|[from] move: Knock Off|[of] p2a: Krookodile
|move|p1a: Hatterene|Trick Room|p1a: Hatterene
|-fieldstart|move: Trick Room|[of] p1a: Hatterene
|
|upkeep
|turn|4
|
|t:|1776039340
|switch|p2a: Blissey|Blissey, F|100/100
|move|p1a: Hatterene|Healing Wish|p1a: Hatterene
|faint|p1a: Hatterene
|
|upkeep
|
|t:|1776039344
|switch|p1a: Ursaluna|Ursaluna, M|100/100
|-activate|p1a: Ursaluna|move: Sticky Web
|-unboost|p1a: Ursaluna|spe|1
|turn|5
|
|t:|1776039352
|switch|p2a: Talonflame|Talonflame, M|100/100
|move|p1a: Ursaluna|Belly Drum|p1a: Ursaluna
|-damage|p1a: Ursaluna|51/100
|-setboost|p1a: Ursaluna|atk|6|[from] move: Belly Drum
|
|-status|p1a: Ursaluna|brn|[from] item: Flame Orb
|upkeep
|turn|6
|
|t:|1776039366
|switch|p2a: Gengar|Gengar, F|100/100
|move|p1a: Ursaluna|Facade|p2a: Gengar
|-immune|p2a: Gengar
|
|-damage|p1a: Ursaluna|45/100 brn|[from] brn
|upkeep
|turn|7
|
|t:|1776039374
|switch|p2a: Talonflame|Talonflame, M|100/100
|move|p1a: Ursaluna|Earthquake|p2a: Talonflame
|-immune|p2a: Talonflame
|
|-damage|p1a: Ursaluna|39/100 brn|[from] brn
|-fieldend|move: Trick Room
|upkeep
|turn|8
|
|t:|1776039383
|move|p2a: Talonflame|Defog|p1a: Ursaluna
|-unboost|p1a: Ursaluna|evasion|1
|-sideend|p1: BoatTrain|Sticky Web|[from] move: Defog|[of] p2a: Talonflame
|move|p1a: Ursaluna|Facade|p2a: Talonflame
|-damage|p2a: Talonflame|0 fnt
|faint|p2a: Talonflame
|
|-damage|p1a: Ursaluna|32/100 brn|[from] brn
|upkeep
|
|t:|1776039393
|switch|p2a: Mienshao|Mienshao, F|100/100
|turn|9
|
|t:|1776039397
|move|p2a: Mienshao|Close Combat|p1a: Ursaluna
|-supereffective|p1a: Ursaluna
|-damage|p1a: Ursaluna|0 fnt
|-unboost|p2a: Mienshao|def|1
|-unboost|p2a: Mienshao|spd|1
|faint|p1a: Ursaluna
|
|upkeep
|
|t:|1776039403
|switch|p1a: Porygon2|Porygon2|100/100
|-ability|p1a: Porygon2|Download|boost
|-boost|p1a: Porygon2|spa|1
|turn|10
|
|t:|1776039408
|-terastallize|p2a: Mienshao|Fighting
|move|p2a: Mienshao|Close Combat|p1a: Porygon2
|-supereffective|p1a: Porygon2
|-damage|p1a: Porygon2|0 fnt
|-unboost|p2a: Mienshao|def|1
|-unboost|p2a: Mienshao|spd|1
|faint|p1a: Porygon2
|
|upkeep
|
|t:|1776039415
|switch|p1a: Empoleon|Empoleon, M|100/100
|turn|11
|
|t:|1776039420
|switch|p2a: Slowbro|Slowbro, M, shiny|100/100
|move|p1a: Empoleon|Vacuum Wave|p2a: Slowbro
|-resisted|p2a: Slowbro
|-damage|p2a: Slowbro|93/100
|
|upkeep
|turn|12
|
|t:|1776039427
|switch|p1a: Kingambit|Kingambit, F|100/100
|move|p2a: Slowbro|Body Press|p1a: Kingambit
|-supereffective|p1a: Kingambit
|-enditem|p1a: Kingambit|Chople Berry|[eat]
|-enditem|p1a: Kingambit|Chople Berry|[weaken]
|-damage|p1a: Kingambit|64/100
|
|upkeep
|turn|13
|
|t:|1776039434
|move|p1a: Kingambit|Kowtow Cleave|p2a: Slowbro
|-supereffective|p2a: Slowbro
|-enditem|p2a: Slowbro|Colbur Berry|[eat]
|-enditem|p2a: Slowbro|Colbur Berry|[weaken]
|-damage|p2a: Slowbro|65/100
|move|p2a: Slowbro|Body Press|p1a: Kingambit
|-supereffective|p1a: Kingambit
|-damage|p1a: Kingambit|0 fnt
|faint|p1a: Kingambit
|
|upkeep
|
|t:|1776039439
|switch|p1a: Empoleon|Empoleon, M|100/100
|turn|14
|
|t:|1776039444
|move|p1a: Empoleon|Surf|p2a: Slowbro
|-resisted|p2a: Slowbro
|-crit|p2a: Slowbro
|-damage|p2a: Slowbro|30/100
|move|p2a: Slowbro|Body Press|p1a: Empoleon
|-supereffective|p1a: Empoleon
|-damage|p1a: Empoleon|42/100
|
|upkeep
|turn|15
|
|t:|1776039451
|move|p1a: Empoleon|Surf|p2a: Slowbro
|-resisted|p2a: Slowbro
|-damage|p2a: Slowbro|4/100
|move|p2a: Slowbro|Body Press|p1a: Empoleon
|-supereffective|p1a: Empoleon
|-damage|p1a: Empoleon|0 fnt
|faint|p1a: Empoleon
|
|win|shimeng85
|raw|BoatTrain's rating: 1338 &rarr; <strong>1316</strong><br />(-22 for losing)
|raw|shimeng85's rating: 1305 &rarr; <strong>1327</strong><br />(+22 for winning)
|l|☆BoatTrain
|player|p1|
|l|☆shimeng85
|player|p2|
