|html|<div class="broadcast-blue"><strong>[Gen 9] OU is currently suspecting Tera Blast! For information on how to participate check out the <a href="https://www.smogon.com/tools/suspects/view/200">suspect thread</a>.</strong></div>
|j|☆herutod
|j|☆flubberdubbert
|t:|1776054622
|gametype|singles
|player|p1|herutod|102|1286
|player|p2|flubberdubbert|n|1327
|gen|9
|tier|[Gen 9] OU
|rated|
|rule|HP Percentage Mod: HP is shown in percentages
|rule|Endless Battle Clause: Forcing endless battles is banned
|rule|Species Clause: Limit one of each Pokémon
|rule|OHKO Clause: OHKO moves are banned
|rule|Evasion Items Clause: Evasion items are banned
|rule|Evasion Moves Clause: Evasion moves are banned
|rule|Evasion Abilities Clause: Evasion abilities are banned
|rule|Sleep Moves Clause: Sleep-inducing moves are banned
|clearpoke
|poke|p1|Hydrapple, M|
|poke|p1|Gliscor, M|
|poke|p1|Slowking-Galar, M|
|poke|p1|Cinderace, M|
|poke|p1|Kingambit, M|
|poke|p1|Granbull, M|
|poke|p2|Great Tusk|
|poke|p2|Slowking-Galar, F|
|poke|p2|Zamazenta-*|
|poke|p2|Kingambit, M|
|poke|p2|Enamorus, F|
|poke|p2|Gholdengo|
|teampreview
|
|t:|1776054634
|teamsize|p1|6
|teamsize|p2|6
|start
|switch|p1a: Cinderace|Cinderace, M, shiny|100/100
|switch|p2a: Lloyd|Great Tusk|100/100
|turn|1
|
|t:|1776054645
|move|p1a: Cinderace|U-turn|p2a: Lloyd
|-start|p1a: Cinderace|typechange|Bug|[from] ability: Libero
|-resisted|p2a: Lloyd
|-damage|p2a: Lloyd|92/100
|-damage|p1a: Cinderace|84/100|[from] item: Rocky Helmet|[of] p2a: Lloyd
|
|t:|1776054652
|switch|p1a: Granbull|Granbull, M, shiny|100/100|[from] U-turn
|-ability|p1a: Granbull|Intimidate|boost
|-unboost|p2a: Lloyd|atk|1
|move|p2a: Lloyd|Headlong Rush|p1a: Granbull
|-crit|p1a: Granbull
|-damage|p1a: Granbull|13/100
|-unboost|p2a: Lloyd|def|1
|-unboost|p2a: Lloyd|spd|1
|
|upkeep
|turn|2
|
|t:|1776054670
|switch|p1a: Gliscor|Gliscor, M, shiny|100/100
|move|p2a: Lloyd|Body Press|p1a: Gliscor
|-resisted|p1a: Gliscor
|-damage|p1a: Gliscor|85/100
|
|-status|p1a: Gliscor|tox|[from] item: Toxic Orb
|upkeep
|turn|3
|
|t:|1776054676
|move|p1a: Gliscor|Swords Dance|p1a: Gliscor
|-boost|p1a: Gliscor|atk|2
|move|p2a: Lloyd|Stealth Rock|p1a: Gliscor
|-sidestart|p1: herutod|move: Stealth Rock
|
|-heal|p1a: Gliscor|97/100 tox|[from] ability: Poison Heal
|upkeep
|turn|4
|
|t:|1776054687
|-end|p2a: Lloyd|Protosynthesis|[silent]
|switch|p2a: Noel|Enamorus, F|100/100
|move|p1a: Gliscor|Protect||[still]
|-fail|p1a: Gliscor
|
|-heal|p1a: Gliscor|100/100 tox|[from] ability: Poison Heal
|upkeep
|turn|5
|
|t:|1776054696
|-terastallize|p2a: Noel|Stellar
|-terastallize|p1a: Gliscor|Normal
|move|p2a: Noel|Tera Blast|p1a: Gliscor|[anim] Tera Blast Stellar
|-supereffective|p1a: Gliscor
|-damage|p1a: Gliscor|0 fnt
|-boost|p2a: Noel|atk|1
|-boost|p2a: Noel|spa|1
|faint|p1a: Gliscor
|
|upkeep
|
|t:|1776054707
|switch|p1a: Cinderace|Cinderace, M, shiny|84/100
|turn|6
|
|t:|1776054710
|move|p1a: Cinderace|Court Change|p1a: Cinderace
|-start|p1a: Cinderace|typechange|Normal|[from] ability: Libero
|-swapsideconditions
|-activate|p1a: Cinderace|move: Court Change
|move|p2a: Noel|Tera Blast|p1a: Cinderace|[anim] Tera Blast Stellar
|-damage|p1a: Cinderace|9/100
|-boost|p2a: Noel|atk|1
|-boost|p2a: Noel|spa|1
|
|upkeep
|turn|7
|
|t:|1776054732
|move|p1a: Cinderace|Pyro Ball|p2a: Noel
|-damage|p2a: Noel|28/100
|move|p2a: Noel|Tera Blast|p1a: Cinderace|[anim] Tera Blast Stellar
|-damage|p1a: Cinderace|0 fnt
|-boost|p2a: Noel|atk|1
|-boost|p2a: Noel|spa|1
|faint|p1a: Cinderace
|
|upkeep
|
|t:|1776054738
|switch|p1a: Slowking|Slowking-Galar, M, shiny|100/100
|turn|8
|
|t:|1776054747
|move|p2a: Noel|Tera Blast|p1a: Slowking|[anim] Tera Blast Stellar
|-damage|p1a: Slowking|56/100
|-boost|p2a: Noel|atk|1
|-boost|p2a: Noel|spa|1
|move|p1a: Slowking|Sludge Bomb|p2a: Noel
|-supereffective|p2a: Noel
|-damage|p2a: Noel|0 fnt
|faint|p2a: Noel
|
|upkeep
|
|t:|1776054754
|switch|p2a: Lloyd|Great Tusk|92/100
|-damage|p2a: Lloyd|89/100|[from] Stealth Rock
|turn|9
|
|t:|1776054760
|switch|p1a: Granbull|Granbull, M, shiny|13/100
|-ability|p1a: Granbull|Intimidate|boost
|-unboost|p2a: Lloyd|atk|1
|move|p2a: Lloyd|Stealth Rock|p1a: Granbull
|-sidestart|p1: herutod|move: Stealth Rock
|
|upkeep
|turn|10
|
|t:|1776054770
|move|p2a: Lloyd|Rapid Spin|p1a: Granbull
|-damage|p1a: Granbull|2/100
|-boost|p2a: Lloyd|spe|1
|-sideend|p2: flubberdubbert|Stealth Rock|[from] move: Rapid Spin|[of] p2a: Lloyd
|move|p1a: Granbull|Play Rough|p2a: Lloyd
|-supereffective|p2a: Lloyd
|-damage|p2a: Lloyd|44/100
|-damage|p1a: Granbull|0 fnt|[from] item: Rocky Helmet|[of] p2a: Lloyd
|faint|p1a: Granbull
|
|upkeep
|
|t:|1776054791
|switch|p1a: Hydrapple|Hydrapple, M, shiny|100/100
|-damage|p1a: Hydrapple|88/100|[from] Stealth Rock
|turn|11
|
|t:|1776054806
|-end|p2a: Lloyd|Protosynthesis|[silent]
|switch|p2a: Elie|Slowking-Galar, F|100/100
|move|p1a: Hydrapple|Giga Drain|p2a: Elie
|-resisted|p2a: Elie
|-damage|p2a: Elie|88/100
|-heal|p1a: Hydrapple|94/100|[from] drain|[of] p2a: Elie
|-damage|p1a: Hydrapple|85/100|[from] item: Life Orb
|
|upkeep
|turn|12
|
|t:|1776054815
|move|p1a: Hydrapple|Earth Power|p2a: Elie
|-supereffective|p2a: Elie
|-damage|p2a: Elie|41/100
|-damage|p1a: Hydrapple|75/100|[from] item: Life Orb
|move|p2a: Elie|Future Sight|p1a: Hydrapple
|-start|p2a: Elie|move: Future Sight
|
|upkeep
|turn|13
|
|t:|1776054821
|switch|p2a: Lloyd|Great Tusk|44/100
|move|p1a: Hydrapple|Earth Power|p2a: Lloyd
|-damage|p2a: Lloyd|0 fnt
|faint|p2a: Lloyd
|-end|p2a: Lloyd|Protosynthesis|[silent]
|-damage|p1a: Hydrapple|65/100|[from] item: Life Orb
|
|upkeep
|
|t:|1776054829
|switch|p2a: Elie|Slowking-Galar, F|75/100
|turn|14
|
|t:|1776054832
|move|p1a: Hydrapple|Earth Power|p2a: Elie
|-supereffective|p2a: Elie
|-crit|p2a: Elie
|-damage|p2a: Elie|6/100
|-damage|p1a: Hydrapple|55/100|[from] item: Life Orb
|move|p2a: Elie|Ice Beam|p1a: Hydrapple
|-supereffective|p1a: Hydrapple
|-damage|p1a: Hydrapple|0 fnt
|faint|p1a: Hydrapple
|
|-hint|Future Sight did not hit because the target is fainted.
|upkeep
|
|t:|1776054839
|switch|p1a: Slowking|Slowking-Galar, M, shiny|89/100
|-damage|p1a: Slowking|77/100|[from] Stealth Rock
|turn|15
|
|t:|1776054843
|switch|p2a: Tio|Zamazenta|100/100
|-ability|p2a: Tio|Dauntless Shield|boost
|-boost|p2a: Tio|def|1
|move|p1a: Slowking|Whirlpool|p2a: Tio
|-damage|p2a: Tio|93/100
|-activate|p2a: Tio|move: Whirlpool|[of] p1a: Slowking
|
|-heal|p2a: Tio|99/100|[from] item: Leftovers
|-damage|p2a: Tio|87/100|[from] move: Whirlpool|[partiallytrapped]
|upkeep
|turn|16
|
|t:|1776054850
|move|p1a: Slowking|Psychic Noise|p2a: Tio
|-supereffective|p2a: Tio
|-damage|p2a: Tio|47/100
|-start|p2a: Tio|move: Heal Block
|move|p2a: Tio|Roar|p1a: Slowking
|drag|p1a: Kingambit|Kingambit, M, shiny|100/100
|-damage|p1a: Kingambit|94/100|[from] Stealth Rock
|-activate|p1a: Kingambit|ability: Supreme Overlord
|-start|p1a: Kingambit|fallen4|[silent]
|-item|p1a: Kingambit|Air Balloon
|
|-end|p2a: Tio|Whirlpool|[partiallytrapped]|[silent]
|upkeep
|turn|17
|
|t:|1776054862
|-end|p1a: Kingambit|fallen4|[silent]
|switch|p1a: Slowking|Slowking-Galar, M, shiny|100/100
|-damage|p1a: Slowking|88/100|[from] Stealth Rock
|move|p2a: Tio|Body Press|p1a: Slowking
|-resisted|p1a: Slowking
|-damage|p1a: Slowking|75/100
|
|-end|p2a: Tio|move: Heal Block
|upkeep
|turn|18
|
|t:|1776054870
|switch|p2a: Elie|Slowking-Galar, F|39/100
|move|p1a: Slowking|Whirlpool|p2a: Elie
|-damage|p2a: Elie|35/100
|-activate|p2a: Elie|move: Whirlpool|[of] p1a: Slowking
|
|-damage|p2a: Elie|23/100|[from] move: Whirlpool|[partiallytrapped]
|upkeep
|turn|19
|
|t:|1776054878
|move|p1a: Slowking|Psychic Noise|p2a: Elie
|-damage|p2a: Elie|7/100
|-start|p2a: Elie|move: Heal Block
|move|p2a: Elie|Future Sight|p1a: Slowking
|-start|p2a: Elie|move: Future Sight
|
|-damage|p2a: Elie|0 fnt|[from] move: Whirlpool|[partiallytrapped]
|faint|p2a: Elie
|upkeep
|
|t:|1776054882
|switch|p2a: Wazy|Gholdengo|100/100
|turn|20
|
|t:|1776054887
|move|p2a: Wazy|Shadow Ball|p1a: Slowking
|-supereffective|p1a: Slowking
|-damage|p1a: Slowking|26/100
|move|p1a: Slowking|Flamethrower|p2a: Wazy
|-supereffective|p2a: Wazy
|-damage|p2a: Wazy|52/100
|
|upkeep
|turn|21
|
|t:|1776054893
|move|p2a: Wazy|Shadow Ball|p1a: Slowking
|-supereffective|p1a: Slowking
|-damage|p1a: Slowking|0 fnt
|faint|p1a: Slowking
|
|-hint|Future Sight did not hit because the target is fainted.
|upkeep
|
|t:|1776054898
|switch|p1a: Kingambit|Kingambit, M, shiny|94/100
|-damage|p1a: Kingambit|88/100|[from] Stealth Rock
|-activate|p1a: Kingambit|ability: Supreme Overlord
|-start|p1a: Kingambit|fallen5|[silent]
|-item|p1a: Kingambit|Air Balloon
|turn|22
|
|t:|1776054901
|move|p2a: Wazy|Shadow Ball|p1a: Kingambit
|-resisted|p1a: Kingambit
|-damage|p1a: Kingambit|66/100
|-enditem|p1a: Kingambit|Air Balloon
|move|p1a: Kingambit|Swords Dance|p1a: Kingambit
|-boost|p1a: Kingambit|atk|2
|
|upkeep
|turn|23
|
|t:|1776054908
|move|p2a: Wazy|Shadow Ball|p1a: Kingambit
|-resisted|p1a: Kingambit
|-damage|p1a: Kingambit|40/100
|move|p1a: Kingambit|Swords Dance|p1a: Kingambit
|-boost|p1a: Kingambit|atk|2
|
|upkeep
|turn|24
|
|t:|1776054912
|move|p1a: Kingambit|Sucker Punch|p2a: Wazy
|-supereffective|p2a: Wazy
|-damage|p2a: Wazy|0 fnt
|faint|p2a: Wazy
|
|upkeep
|
|t:|1776054914
|switch|p2a: Tio|Zamazenta|47/100
|turn|25
|
|t:|1776054916
|move|p1a: Kingambit|Sucker Punch||[still]
|-fail|p1a: Kingambit
|move|p2a: Tio|Iron Defense|p2a: Tio
|-boost|p2a: Tio|def|2
|
|-heal|p2a: Tio|53/100|[from] item: Leftovers
|upkeep
|turn|26
|
|t:|1776054923
|move|p1a: Kingambit|Sucker Punch|p2a: Tio
|-resisted|p2a: Tio
|-damage|p2a: Tio|26/100
|move|p2a: Tio|Body Press|p1a: Kingambit
|-supereffective|p1a: Kingambit
|-damage|p1a: Kingambit|0 fnt
|faint|p1a: Kingambit
|-end|p1a: Kingambit|fallen5|[silent]
|
|win|flubberdubbert
|raw|herutod's rating: 1286 &rarr; <strong>1264</strong><br />(-22 for losing)
|raw|flubberdubbert's rating: 1327 &rarr; <strong>1345</strong><br />(+18 for winning)
|l|☆flubberdubbert
|player|p2|
|c|☆herutod|gg
|l|☆herutod
|player|p1|
