|html|<div class="broadcast-blue"><strong>[Gen 9] OU is currently suspecting Tera Blast! For information on how to participate check out the <a href="https://www.smogon.com/tools/suspects/view/200">suspect thread</a>.</strong></div>
|j|☆a_cashew
|j|‽RissyL
|t:|1776071213
|gametype|singles
|player|p1|a_cashew|2|1147
|player|p2|RissyL|skyla|1138
|gen|9
|tier|[Gen 9] OU
|rated|
|rule|HP Percentage Mod: HP is shown in percentages
|rule|Endless Battle Clause: Forcing endless battles is banned
|rule|Species Clause: Limit one of each Pokémon
|rule|OHKO Clause: OHKO moves are banned
|rule|Evasion Items Clause: Evasion items are banned
|rule|Evasion Moves Clause: Evasion moves are banned
|rule|Evasion Abilities Clause: Evasion abilities are banned
|rule|Sleep Moves Clause: Sleep-inducing moves are banned
|clearpoke
|poke|p1|Dragapult, M|
|poke|p1|Garganacl, M|
|poke|p1|Lapras, F|
|poke|p1|Serperior, F|
|poke|p1|Cinderace, M|
|poke|p1|Tinkaton, F|
|poke|p2|Lucario, F|
|poke|p2|Regidrago|
|poke|p2|Volcanion|
|poke|p2|Zapdos-Galar|
|poke|p2|Oricorio-Sensu, M|
|poke|p2|Goodra-Hisui, F|
|teampreview
|inactive|Battle timer is ON: inactive players will automatically lose when time's up. (requested by RissyL)
|
|t:|1776071219
|teamsize|p1|6
|teamsize|p2|6
|start
|switch|p1a: Garganaclean|Garganacl, M|100/100
|switch|p2a: Volcanion|Volcanion|100/100
|turn|1
|
|t:|1776071233
|move|p2a: Volcanion|Steam Eruption|p1a: Garganaclean
|-supereffective|p1a: Garganaclean
|-ability|p1a: Garganaclean|Sturdy
|-damage|p1a: Garganaclean|1/100
|-status|p1a: Garganaclean|brn
|move|p1a: Garganaclean|Stealth Rock|p2a: Volcanion
|-sidestart|p2: RissyL|move: Stealth Rock
|
|-heal|p1a: Garganaclean|7/100 brn|[from] item: Leftovers
|-damage|p1a: Garganaclean|1/100 brn|[from] brn
|upkeep
|turn|2
|
|t:|1776071255
|move|p2a: Volcanion|Steam Eruption|p1a: Garganaclean
|-supereffective|p1a: Garganaclean
|-crit|p1a: Garganaclean
|-damage|p1a: Garganaclean|0 fnt
|faint|p1a: Garganaclean
|
|upkeep
|inactive|a_cashew has 120 seconds left.
|
|t:|1776071299
|switch|p1a: Tinkatonawhoopass|Tinkaton, F|100/100
|-ability|p1a: Tinkatonawhoopass|Mold Breaker
|-item|p1a: Tinkatonawhoopass|Air Balloon
|turn|3
|
|t:|1776071306
|move|p1a: Tinkatonawhoopass|Fake Out|p2a: Volcanion
|-damage|p2a: Volcanion|93/100
|cant|p2a: Volcanion|flinch
|
|upkeep
|turn|4
|
|t:|1776071325
|switch|p1a: Dragapullup|Dragapult, M|100/100
|move|p2a: Volcanion|Heat Wave|p1a: Dragapullup|[miss]
|-miss|p2a: Volcanion|p1a: Dragapullup
|
|upkeep
|turn|5
|
|t:|1776071338
|switch|p2a: Goodra|Goodra-Hisui, F|100/100
|-damage|p2a: Goodra|94/100|[from] Stealth Rock
|move|p1a: Dragapullup|Confuse Ray|p2a: Goodra
|-start|p2a: Goodra|confusion
|
|-heal|p2a: Goodra|100/100|[from] item: Leftovers
|upkeep
|turn|6
|inactive|a_cashew has 90 seconds left.
|
|t:|1776071358
|-terastallize|p1a: Dragapullup|Dragon
|move|p1a: Dragapullup|Dragon Darts|p2a: Goodra
|-damage|p2a: Goodra|73/100
|-anim|p1a: Dragapullup|Dragon Darts|p2a: Goodra
|-damage|p2a: Goodra|47/100
|-activate|p2a: Goodra|confusion
|move|p2a: Goodra|Dragon Tail|p1a: Dragapullup
|-supereffective|p1a: Dragapullup
|-damage|p1a: Dragapullup|53/100
|drag|p1a: Laprass|Lapras, F|100/100
|
|-heal|p2a: Goodra|53/100|[from] item: Leftovers
|upkeep
|turn|7
|inactive|a_cashew has 90 seconds left.
|
|t:|1776071378
|switch|p2a: Oricorio|Oricorio-Sensu, M|100/100
|-damage|p2a: Oricorio|76/100|[from] Stealth Rock
|move|p1a: Laprass|Ice Beam|p2a: Oricorio
|-supereffective|p2a: Oricorio
|-damage|p2a: Oricorio|0 fnt
|faint|p2a: Oricorio
|
|upkeep
|
|t:|1776071391
|switch|p2a: Lucario|Lucario, F|100/100
|-damage|p2a: Lucario|98/100|[from] Stealth Rock
|turn|8
|inactive|a_cashew has 90 seconds left.
|
|t:|1776071410
|switch|p1a: Cinderace-Gspot|Cinderace, M|100/100
|move|p2a: Lucario|Close Combat|p1a: Cinderace-Gspot
|-damage|p1a: Cinderace-Gspot|35/100
|-unboost|p2a: Lucario|def|1
|-unboost|p2a: Lucario|spd|1
|
|upkeep
|turn|9
|
|t:|1776071425
|move|p2a: Lucario|Close Combat|p1a: Cinderace-Gspot
|-damage|p1a: Cinderace-Gspot|0 fnt
|-unboost|p2a: Lucario|def|1
|-unboost|p2a: Lucario|spd|1
|faint|p1a: Cinderace-Gspot
|
|upkeep
|inactive|a_cashew has 60 seconds left.
|
|t:|1776071446
|switch|p1a: Dragapullup|Dragapult, M, tera:Dragon|53/100
|turn|10
|
|t:|1776071453
|move|p1a: Dragapullup|Phantom Force||[still]
|-prepare|p1a: Dragapullup|Phantom Force
|-enditem|p1a: Dragapullup|Power Herb
|-anim|p1a: Dragapullup|Phantom Force|p2a: Lucario
|-damage|p2a: Lucario|0 fnt
|faint|p2a: Lucario
|
|upkeep
|
|t:|1776071472
|switch|p2a: Zapdos|Zapdos-Galar|100/100
|-damage|p2a: Zapdos|88/100|[from] Stealth Rock
|turn|11
|
|t:|1776071479
|move|p1a: Dragapullup|Dragon Darts|p2a: Zapdos
|-damage|p2a: Zapdos|48/100
|-anim|p1a: Dragapullup|Dragon Darts|p2a: Zapdos
|-damage|p2a: Zapdos|10/100
|move|p2a: Zapdos|Close Combat|p1a: Dragapullup
|-damage|p1a: Dragapullup|0 fnt
|-unboost|p2a: Zapdos|def|1
|-unboost|p2a: Zapdos|spd|1
|faint|p1a: Dragapullup
|
|upkeep
|
|t:|1776071490
|switch|p1a: Laprass|Lapras, F|100/100
|turn|12
|
|t:|1776071494
|move|p1a: Laprass|Ice Shard|p2a: Zapdos
|-supereffective|p2a: Zapdos
|-damage|p2a: Zapdos|0 fnt
|faint|p2a: Zapdos
|
|upkeep
|
|t:|1776071502
|switch|p2a: Volcanion|Volcanion|93/100
|-damage|p2a: Volcanion|68/100|[from] Stealth Rock
|turn|13
|inactive|a_cashew has 90 seconds left.
|
|t:|1776071509
|move|p1a: Laprass|Thunderbolt|p2a: Volcanion
|-supereffective|p2a: Volcanion
|-damage|p2a: Volcanion|30/100
|move|p2a: Volcanion|Heat Wave|p1a: Laprass
|-damage|p1a: Laprass|54/100
|
|-heal|p1a: Laprass|60/100|[from] item: Leftovers
|upkeep
|turn|14
|
|t:|1776071520
|switch|p2a: Goodra|Goodra-Hisui, F|53/100
|-damage|p2a: Goodra|47/100|[from] Stealth Rock
|move|p1a: Laprass|Thunderbolt|p2a: Goodra
|-resisted|p2a: Goodra
|-damage|p2a: Goodra|38/100
|
|-heal|p1a: Laprass|67/100|[from] item: Leftovers
|-heal|p2a: Goodra|44/100|[from] item: Leftovers
|upkeep
|turn|15
|inactive|a_cashew has 90 seconds left.
|
|t:|1776071542
|move|p1a: Laprass|Ice Beam|p2a: Goodra
|-damage|p2a: Goodra|24/100
|move|p2a: Goodra|Dragon Tail|p1a: Laprass
|-damage|p1a: Laprass|45/100
|drag|p1a: Serperior to you|Serperior, F, shiny|100/100
|
|-heal|p2a: Goodra|30/100|[from] item: Leftovers
|upkeep
|turn|16
|inactive|a_cashew has 90 seconds left.
|
|t:|1776071560
|move|p1a: Serperior to you|Leaf Storm|p2a: Goodra
|-resisted|p2a: Goodra
|-damage|p2a: Goodra|24/100
|-boost|p1a: Serperior to you|spa|2
|move|p2a: Goodra|Ice Beam|p1a: Serperior to you
|-supereffective|p1a: Serperior to you
|-damage|p1a: Serperior to you|43/100
|
|-heal|p2a: Goodra|30/100|[from] item: Leftovers
|upkeep
|turn|17
|
|t:|1776071571
|move|p1a: Serperior to you|Leaf Storm|p2a: Goodra
|-resisted|p2a: Goodra
|-damage|p2a: Goodra|17/100
|-boost|p1a: Serperior to you|spa|2
|move|p2a: Goodra|Ice Beam|p1a: Serperior to you
|-supereffective|p1a: Serperior to you
|-damage|p1a: Serperior to you|0 fnt
|faint|p1a: Serperior to you
|
|-heal|p2a: Goodra|23/100|[from] item: Leftovers
|upkeep
|
|t:|1776071583
|switch|p1a: Tinkatonawhoopass|Tinkaton, F|100/100
|-ability|p1a: Tinkatonawhoopass|Mold Breaker
|-item|p1a: Tinkatonawhoopass|Air Balloon
|turn|18
|
|t:|1776071589
|move|p1a: Tinkatonawhoopass|Fake Out|p2a: Goodra
|-resisted|p2a: Goodra
|-damage|p2a: Goodra|19/100
|cant|p2a: Goodra|flinch
|
|-heal|p2a: Goodra|25/100|[from] item: Leftovers
|upkeep
|turn|19
|
|t:|1776071600
|move|p1a: Tinkatonawhoopass|Play Rough|p2a: Goodra
|-damage|p2a: Goodra|0 fnt
|faint|p2a: Goodra
|
|upkeep
|
|t:|1776071606
|switch|p2a: Regidrago|Regidrago|100/100
|-damage|p2a: Regidrago|88/100|[from] Stealth Rock
|turn|20
|inactive|a_cashew has 90 seconds left.
|
|t:|1776071619
|switch|p2a: Volcanion|Volcanion|30/100
|-damage|p2a: Volcanion|5/100|[from] Stealth Rock
|move|p1a: Tinkatonawhoopass|Play Rough|p2a: Volcanion
|-resisted|p2a: Volcanion
|-damage|p2a: Volcanion|0 fnt
|faint|p2a: Volcanion
|
|upkeep
|-message|RissyL forfeited.
|
|win|a_cashew
|raw|a_cashew's rating: 1147 &rarr; <strong>1171</strong><br />(+24 for winning)
|raw|RissyL's rating: 1138 &rarr; <strong>1114</strong><br />(-24 for losing)
|l|‽RissyL
|player|p2|
|l|☆a_cashew
|player|p1|
