|html|<div class="broadcast-blue"><strong>[Gen 9] OU is currently suspecting Tera Blast! For information on how to participate check out the <a href="https://www.smogon.com/tools/suspects/view/200">suspect thread</a>.</strong></div>
|j|☆iwantmyownplanet
|j|☆The Quaggie Boys
|t:|1776139769
|gametype|singles
|player|p1|iwantmyownplanet|scientistf|1070
|player|p2|The Quaggie Boys|ingo|1078
|gen|9
|tier|[Gen 9] OU
|rated|
|rule|HP Percentage Mod: HP is shown in percentages
|rule|Endless Battle Clause: Forcing endless battles is banned
|rule|Species Clause: Limit one of each Pokémon
|rule|OHKO Clause: OHKO moves are banned
|rule|Evasion Items Clause: Evasion items are banned
|rule|Evasion Moves Clause: Evasion moves are banned
|rule|Evasion Abilities Clause: Evasion abilities are banned
|rule|Sleep Moves Clause: Sleep-inducing moves are banned
|clearpoke
|poke|p1|Raging Bolt|
|poke|p1|Great Tusk|
|poke|p1|Scizor, M|
|poke|p1|Slowking-Galar, M|
|poke|p1|Samurott-Hisui, M|
|poke|p1|Enamorus, F|
|poke|p2|Quagsire, M|
|poke|p2|Camerupt, F|
|poke|p2|Hatterene, F|
|poke|p2|Hoopa-Unbound|
|poke|p2|Diancie|
|poke|p2|Necrozma|
|teampreview
|inactive|Battle timer is ON: inactive players will automatically lose when time's up. (requested by The Quaggie Boys)
|
|t:|1776139788
|teamsize|p1|6
|teamsize|p2|6
|start
|switch|p1a: Raging Bolt|Raging Bolt|100/100
|switch|p2a: Hoopa|Hoopa-Unbound|100/100
|turn|1
|
|t:|1776139800
|-terastallize|p1a: Raging Bolt|Dragon
|move|p1a: Raging Bolt|Draco Meteor|p2a: Hoopa
|-damage|p2a: Hoopa|0 fnt
|-unboost|p1a: Raging Bolt|spa|2
|faint|p2a: Hoopa
|
|upkeep
|
|t:|1776139815
|switch|p2a: Quagsire|Quagsire, M, shiny|100/100
|turn|2
|
|t:|1776139825
|switch|p2a: Diancie|Diancie, shiny|100/100
|move|p1a: Raging Bolt|Draco Meteor|p2a: Diancie
|-immune|p2a: Diancie
|
|upkeep
|turn|3
|
|t:|1776139832
|-end|p1a: Raging Bolt|Protosynthesis|[silent]
|switch|p1a: Scizor|Scizor, M|100/100
|move|p2a: Diancie|Trick Room|p2a: Diancie
|-fieldstart|move: Trick Room|[of] p2a: Diancie
|
|upkeep
|turn|4
|
|t:|1776139839
|switch|p2a: Quagsire|Quagsire, M, shiny|100/100
|move|p1a: Scizor|Bullet Punch|p2a: Quagsire
|-resisted|p2a: Quagsire
|-damage|p2a: Quagsire|77/100
|
|upkeep
|turn|5
|
|t:|1776139848
|switch|p1a: Samurott|Samurott-Hisui, M|100/100
|move|p2a: Quagsire|Earthquake|p1a: Samurott
|-damage|p1a: Samurott|21/100
|
|upkeep
|turn|6
|
|t:|1776139853
|move|p1a: Samurott|Sucker Punch|p2a: Quagsire
|-damage|p2a: Quagsire|37/100
|move|p2a: Quagsire|Earthquake|p1a: Samurott
|-damage|p1a: Samurott|0 fnt
|faint|p1a: Samurott
|
|upkeep
|
|t:|1776139873
|switch|p1a: Great Tusk|Great Tusk|100/100
|turn|7
|
|t:|1776139876
|move|p2a: Quagsire|Earthquake|p1a: Great Tusk
|-damage|p1a: Great Tusk|52/100
|move|p1a: Great Tusk|Headlong Rush|p2a: Quagsire
|-damage|p2a: Quagsire|0 fnt
|-unboost|p1a: Great Tusk|def|1
|-unboost|p1a: Great Tusk|spd|1
|faint|p2a: Quagsire
|
|-fieldend|move: Trick Room
|upkeep
|
|t:|1776139886
|switch|p2a: Necrozma|Necrozma|100/100
|turn|8
|
|t:|1776139897
|move|p1a: Great Tusk|Headlong Rush|p2a: Necrozma
|-damage|p2a: Necrozma|48/100
|-unboost|p1a: Great Tusk|def|1
|-unboost|p1a: Great Tusk|spd|1
|move|p2a: Necrozma|Trick Room|p2a: Necrozma
|-fieldstart|move: Trick Room|[of] p2a: Necrozma
|
|upkeep
|turn|9
|
|t:|1776139904
|-end|p1a: Great Tusk|Protosynthesis|[silent]
|switch|p1a: Scizor|Scizor, M|100/100
|move|p2a: Necrozma|Photon Geyser|p1a: Scizor
|-resisted|p1a: Scizor
|-damage|p1a: Scizor|60/100
|
|upkeep
|turn|10
|
|t:|1776139915
|move|p1a: Scizor|Bullet Punch|p2a: Necrozma
|-damage|p2a: Necrozma|5/100
|move|p2a: Necrozma|Heat Wave|p1a: Scizor
|-supereffective|p1a: Scizor
|-damage|p1a: Scizor|0 fnt
|faint|p1a: Scizor
|
|upkeep
|
|t:|1776139925
|switch|p1a: Slowking|Slowking-Galar, M|100/100
|turn|11
|
|t:|1776139928
|move|p1a: Slowking|Flamethrower|p2a: Necrozma
|-damage|p2a: Necrozma|0 fnt
|faint|p2a: Necrozma
|
|upkeep
|
|t:|1776139941
|switch|p2a: Diancie|Diancie, shiny|100/100
|turn|12
|
|t:|1776139951
|switch|p1a: Great Tusk|Great Tusk|52/100
|move|p2a: Diancie|Meteor Beam||[still]
|-prepare|p2a: Diancie|Meteor Beam
|-boost|p2a: Diancie|spa|1
|-enditem|p2a: Diancie|Power Herb
|-anim|p2a: Diancie|Meteor Beam|p1a: Great Tusk
|-resisted|p1a: Great Tusk
|-damage|p1a: Great Tusk|21/100
|
|-fieldend|move: Trick Room
|upkeep
|turn|13
|
|t:|1776139962
|move|p1a: Great Tusk|Headlong Rush|p2a: Diancie
|-supereffective|p2a: Diancie
|-damage|p2a: Diancie|1/100
|-unboost|p1a: Great Tusk|def|1
|-unboost|p1a: Great Tusk|spd|1
|move|p2a: Diancie|Trick Room|p2a: Diancie
|-fieldstart|move: Trick Room|[of] p2a: Diancie
|
|upkeep
|turn|14
|
|t:|1776139988
|-end|p1a: Great Tusk|Protosynthesis|[silent]
|switch|p1a: Slowking|Slowking-Galar, M|100/100
|move|p2a: Diancie|Earth Power|p1a: Slowking
|-supereffective|p1a: Slowking
|-damage|p1a: Slowking|55/100
|
|upkeep
|turn|15
|
|t:|1776139994
|move|p2a: Diancie|Earth Power|p1a: Slowking
|-supereffective|p1a: Slowking
|-damage|p1a: Slowking|14/100
|move|p1a: Slowking|Flamethrower|p2a: Diancie
|-resisted|p2a: Diancie
|-damage|p2a: Diancie|0 fnt
|faint|p2a: Diancie
|
|upkeep
|
|t:|1776140002
|switch|p2a: Hatterene|Hatterene, F|100/100
|turn|16
|
|t:|1776140010
|move|p2a: Hatterene|Psyshock|p1a: Slowking
|-damage|p1a: Slowking|0 fnt
|faint|p1a: Slowking
|-damage|p2a: Hatterene|91/100|[from] item: Life Orb
|
|upkeep
|
|t:|1776140018
|switch|p1a: Great Tusk|Great Tusk|21/100
|turn|17
|
|t:|1776140024
|move|p2a: Hatterene|Draining Kiss|p1a: Great Tusk
|-supereffective|p1a: Great Tusk
|-damage|p1a: Great Tusk|0 fnt
|-heal|p2a: Hatterene|100/100|[from] drain|[of] p1a: Great Tusk
|-damage|p2a: Hatterene|84/100|[from] item: Rocky Helmet|[of] p1a: Great Tusk
|faint|p1a: Great Tusk
|-end|p1a: Great Tusk|Protosynthesis|[silent]
|-damage|p2a: Hatterene|74/100|[from] item: Life Orb
|
|-fieldend|move: Trick Room
|upkeep
|
|t:|1776140027
|switch|p1a: Raging Bolt|Raging Bolt, tera:Dragon|100/100
|turn|18
|
|t:|1776140035
|switch|p2a: Camerupt|Camerupt, F, shiny|100/100
|move|p1a: Raging Bolt|Thunderbolt|p2a: Camerupt
|-immune|p2a: Camerupt
|
|upkeep
|turn|19
|
|t:|1776140043
|-end|p1a: Raging Bolt|Protosynthesis|[silent]
|switch|p1a: Enamorus|Enamorus, F|100/100
|move|p2a: Camerupt|Eruption|p1a: Enamorus
|-damage|p1a: Enamorus|0 fnt
|faint|p1a: Enamorus
|
|upkeep
|
|t:|1776140045
|switch|p1a: Raging Bolt|Raging Bolt, tera:Dragon|100/100
|turn|20
|-message|iwantmyownplanet forfeited.
|
|win|The Quaggie Boys
|raw|iwantmyownplanet's rating: 1070 &rarr; <strong>1050</strong><br />(-20 for losing)
|raw|The Quaggie Boys's rating: 1078 &rarr; <strong>1106</strong><br />(+28 for winning)
|l|☆iwantmyownplanet
|player|p1|
