|html|<div class="broadcast-blue"><strong>[Gen 9] OU is currently suspecting Tera Blast! For information on how to participate check out the <a href="https://www.smogon.com/tools/suspects/view/200">suspect thread</a>.</strong></div>
|j|☆nbgvrfce
|j|☆Mizer_zZz
|t:|1776054861
|gametype|singles
|player|p1|nbgvrfce|battlegirl-gen4|1099
|player|p2|Mizer_zZz|lance|1125
|gen|9
|tier|[Gen 9] OU
|rated|
|rule|HP Percentage Mod: HP is shown in percentages
|rule|Endless Battle Clause: Forcing endless battles is banned
|rule|Species Clause: Limit one of each Pokémon
|rule|OHKO Clause: OHKO moves are banned
|rule|Evasion Items Clause: Evasion items are banned
|rule|Evasion Moves Clause: Evasion moves are banned
|rule|Evasion Abilities Clause: Evasion abilities are banned
|rule|Sleep Moves Clause: Sleep-inducing moves are banned
|clearpoke
|poke|p1|Azelf|
|poke|p1|Dragapult, F|
|poke|p1|Landorus-Therian, M|
|poke|p1|Scizor, F|
|poke|p1|Raging Bolt|
|poke|p1|Zamazenta-*|
|poke|p2|Greninja-*, F|
|poke|p2|Dragonite, M|
|poke|p2|Corviknight, F|
|poke|p2|Garganacl, F|
|poke|p2|Kingambit, M|
|poke|p2|Slowking-Galar, F|
|teampreview
|inactive|Battle timer is ON: inactive players will automatically lose when time's up. (requested by nbgvrfce)
|
|t:|1776054867
|teamsize|p1|6
|teamsize|p2|6
|start
|switch|p1a: Azelf|Azelf|100/100
|switch|p2a: Slowking|Slowking-Galar, F, shiny|100/100
|turn|1
|
|t:|1776054876
|move|p1a: Azelf|Taunt|p2a: Slowking
|-start|p2a: Slowking|move: Taunt
|cant|p2a: Slowking|move: Taunt|Toxic Spikes
|
|upkeep
|turn|2
|
|t:|1776054880
|move|p1a: Azelf|Stealth Rock|p2a: Slowking
|-sidestart|p2: Mizer_zZz|move: Stealth Rock
|move|p2a: Slowking|Sludge Bomb|p1a: Azelf
|-damage|p1a: Azelf|41/100
|
|upkeep
|turn|3
|
|t:|1776054884
|move|p1a: Azelf|Explosion|p2a: Slowking
|-damage|p2a: Slowking|0 fnt
|faint|p1a: Azelf
|faint|p2a: Slowking
|
|upkeep
|
|t:|1776054894
|switch|p1a: Dragapult|Dragapult, F|100/100
|switch|p2a: Corviknight|Corviknight, F, shiny|100/100
|-damage|p2a: Corviknight|88/100|[from] Stealth Rock
|turn|4
|
|t:|1776054900
|-terastallize|p1a: Dragapult|Ghost
|move|p1a: Dragapult|Tera Blast|p2a: Corviknight|[anim] Tera Blast Ghost
|-damage|p2a: Corviknight|36/100
|move|p2a: Corviknight|Defog|p1a: Dragapult
|-fail|p1a: Dragapult|unboost|[from] ability: Clear Body|[of] p1a: Dragapult
|-sideend|p2: Mizer_zZz|Stealth Rock|[from] move: Defog|[of] p2a: Corviknight
|
|-heal|p2a: Corviknight|43/100|[from] item: Leftovers
|upkeep
|turn|5
|
|t:|1776054922
|move|p1a: Dragapult|Tera Blast|p2a: Corviknight|[anim] Tera Blast Ghost
|-damage|p2a: Corviknight|0 fnt
|faint|p2a: Corviknight
|
|upkeep
|
|t:|1776054927
|switch|p2a: Garganacl|Garganacl, F, shiny|100/100
|turn|6
|
|t:|1776054937
|switch|p1a: Landorus|Landorus-Therian, M|100/100
|-ability|p1a: Landorus|Intimidate|boost
|-unboost|p2a: Garganacl|atk|1
|move|p2a: Garganacl|Salt Cure|p1a: Landorus
|-damage|p1a: Landorus|90/100
|-start|p1a: Landorus|Salt Cure
|
|-damage|p1a: Landorus|78/100|[from] Salt Cure
|upkeep
|turn|7
|
|t:|1776054947
|-terastallize|p2a: Garganacl|Water
|move|p1a: Landorus|U-turn|p2a: Garganacl
|-damage|p2a: Garganacl|80/100
|
|t:|1776054953
|switch|p1a: Raging Bolt|Raging Bolt|100/100|[from] U-turn
|-enditem|p1a: Raging Bolt|Booster Energy
|-activate|p1a: Raging Bolt|ability: Protosynthesis|[fromitem]
|-start|p1a: Raging Bolt|protosynthesisspa
|move|p2a: Garganacl|Iron Defense|p2a: Garganacl
|-boost|p2a: Garganacl|def|2
|
|-heal|p2a: Garganacl|87/100|[from] item: Leftovers
|upkeep
|turn|8
|
|t:|1776054968
|move|p1a: Raging Bolt|Thunderbolt|p2a: Garganacl
|-supereffective|p2a: Garganacl
|-damage|p2a: Garganacl|0 fnt
|faint|p2a: Garganacl
|
|upkeep
|
|t:|1776054977
|switch|p2a: Greninja|Greninja, F, shiny|100/100
|turn|9
|
|t:|1776054987
|move|p1a: Raging Bolt|Thunderclap|p2a: Greninja
|-supereffective|p2a: Greninja
|-damage|p2a: Greninja|0 fnt
|faint|p2a: Greninja
|
|upkeep
|
|t:|1776055000
|switch|p2a: Dragonite|Dragonite, M, shiny|100/100
|turn|10
|
|t:|1776055021
|move|p2a: Dragonite|Dragon Claw|p1a: Raging Bolt
|-supereffective|p1a: Raging Bolt
|-damage|p1a: Raging Bolt|14/100
|move|p1a: Raging Bolt|Draco Meteor|p2a: Dragonite
|-supereffective|p2a: Dragonite
|-damage|p2a: Dragonite|0 fnt
|-unboost|p1a: Raging Bolt|spa|2
|faint|p2a: Dragonite
|
|upkeep
|
|t:|1776055030
|switch|p2a: Kingambit|Kingambit, M, shiny|100/100
|-activate|p2a: Kingambit|ability: Supreme Overlord
|-start|p2a: Kingambit|fallen5|[silent]
|turn|11
|
|t:|1776055036
|-end|p1a: Raging Bolt|Protosynthesis|[silent]
|switch|p1a: Zamazenta|Zamazenta|100/100
|-ability|p1a: Zamazenta|Dauntless Shield|boost
|-boost|p1a: Zamazenta|def|1
|move|p2a: Kingambit|Sucker Punch||[still]
|-fail|p2a: Kingambit
|
|upkeep
|turn|12
|
|t:|1776055048
|move|p1a: Zamazenta|Body Press|p2a: Kingambit
|-supereffective|p2a: Kingambit
|-damage|p2a: Kingambit|0 fnt
|faint|p2a: Kingambit
|-end|p2a: Kingambit|fallen5|[silent]
|
|win|nbgvrfce
|raw|nbgvrfce's rating: 1125 &rarr; <strong>1150</strong><br />(+25 for winning)
|raw|Mizer_zZz's rating: 1125 &rarr; <strong>1100</strong><br />(-25 for losing)
|l|☆nbgvrfce
|player|p1|
|l|☆Mizer_zZz
|player|p2|
