|html|<div class="broadcast-blue"><strong>[Gen 9] OU is currently suspecting Tera Blast! For information on how to participate check out the <a href="https://www.smogon.com/tools/suspects/view/200">suspect thread</a>.</strong></div>
|j|☆pixel_dragon9
|j|☆jkltian
|t:|1776257606
|gametype|singles
|player|p1|pixel_dragon9|266|1296
|player|p2|jkltian|gentleman-gen4|1273
|gen|9
|tier|[Gen 9] OU
|rated|
|rule|HP Percentage Mod: HP is shown in percentages
|rule|Endless Battle Clause: Forcing endless battles is banned
|rule|Species Clause: Limit one of each Pokémon
|rule|OHKO Clause: OHKO moves are banned
|rule|Evasion Items Clause: Evasion items are banned
|rule|Evasion Moves Clause: Evasion moves are banned
|rule|Evasion Abilities Clause: Evasion abilities are banned
|rule|Sleep Moves Clause: Sleep-inducing moves are banned
|clearpoke
|poke|p1|Talonflame, M|
|poke|p1|Iron Valiant|
|poke|p1|Raging Bolt|
|poke|p1|Great Tusk|
|poke|p1|Hatterene, F|
|poke|p1|Ogerpon-Wellspring, F|
|poke|p2|Serperior, M|
|poke|p2|Samurott-Hisui, F|
|poke|p2|Iron Treads|
|poke|p2|Gholdengo|
|poke|p2|Moltres|
|poke|p2|Hydreigon, M|
|teampreview
|inactive|Battle timer is ON: inactive players will automatically lose when time's up. (requested by pixel_dragon9)
|
|t:|1776257617
|teamsize|p1|6
|teamsize|p2|6
|start
|switch|p1a: Raging Bolt|Raging Bolt|100/100
|switch|p2a: Samurott|Samurott-Hisui, F|100/100
|turn|1
|
|t:|1776257634
|move|p2a: Samurott|Ceaseless Edge|p1a: Raging Bolt
|-damage|p1a: Raging Bolt|60/100
|-sidestart|p1: pixel_dragon9|Spikes
|move|p1a: Raging Bolt|Volt Switch|p2a: Samurott
|-supereffective|p2a: Samurott
|-enditem|p2a: Samurott|Focus Sash
|-damage|p2a: Samurott|1/100
|
|t:|1776257642
|-end|p1a: Raging Bolt|Protosynthesis|[silent]
|switch|p1a: Great Tusk|Great Tusk|100/100|[from] Volt Switch
|
|upkeep
|turn|2
|
|t:|1776257649
|move|p1a: Great Tusk|Rapid Spin|p2a: Samurott
|-damage|p2a: Samurott|0 fnt
|-boost|p1a: Great Tusk|spe|1
|-sideend|p1: pixel_dragon9|Spikes|[from] move: Rapid Spin|[of] p1a: Great Tusk
|faint|p2a: Samurott
|
|upkeep
|
|t:|1776257654
|switch|p2a: Iron Treads|Iron Treads|100/100
|-item|p2a: Iron Treads|Air Balloon
|turn|3
|
|t:|1776257665
|-end|p2a: Iron Treads|Quark Drive|[silent]
|switch|p2a: Moltres|Moltres|100/100
|move|p1a: Great Tusk|Close Combat|p2a: Moltres
|-resisted|p2a: Moltres
|-damage|p2a: Moltres|77/100
|-unboost|p1a: Great Tusk|def|1
|-unboost|p1a: Great Tusk|spd|1
|
|upkeep
|turn|4
|
|t:|1776257676
|-end|p1a: Great Tusk|Protosynthesis|[silent]
|switch|p1a: Raging Bolt|Raging Bolt|60/100
|move|p2a: Moltres|Will-O-Wisp|p1a: Raging Bolt
|-status|p1a: Raging Bolt|brn
|
|-damage|p1a: Raging Bolt|54/100 brn|[from] brn
|upkeep
|turn|5
|
|t:|1776257684
|switch|p2a: Iron Treads|Iron Treads|100/100
|-item|p2a: Iron Treads|Air Balloon
|move|p1a: Raging Bolt|Volt Switch|p2a: Iron Treads
|-immune|p2a: Iron Treads
|
|-damage|p1a: Raging Bolt|48/100 brn|[from] brn
|upkeep
|turn|6
|
|t:|1776257694
|-end|p1a: Raging Bolt|Protosynthesis|[silent]
|switch|p1a: Talonflame|Talonflame, M|100/100
|move|p2a: Iron Treads|Stealth Rock|p1a: Talonflame
|-sidestart|p1: pixel_dragon9|move: Stealth Rock
|
|upkeep
|turn|7
|
|t:|1776257703
|-end|p2a: Iron Treads|Quark Drive|[silent]
|switch|p2a: Moltres|Moltres|77/100
|move|p1a: Talonflame|U-turn|p2a: Moltres
|-resisted|p2a: Moltres
|-damage|p2a: Moltres|71/100
|
|t:|1776257712
|switch|p1a: Ogerpon|Ogerpon-Wellspring, F|100/100|[from] U-turn
|-damage|p1a: Ogerpon|88/100|[from] Stealth Rock
|
|upkeep
|turn|8
|
|t:|1776257720
|-terastallize|p2a: Moltres|Grass
|move|p1a: Ogerpon|Ivy Cudgel|p2a: Moltres|[anim] Ivy Cudgel Water
|-resisted|p2a: Moltres
|-damage|p2a: Moltres|49/100
|move|p2a: Moltres|Will-O-Wisp|p1a: Ogerpon
|-status|p1a: Ogerpon|brn
|
|-damage|p1a: Ogerpon|82/100 brn|[from] brn
|upkeep
|turn|9
|
|t:|1776257729
|move|p1a: Ogerpon|U-turn|p2a: Moltres
|-supereffective|p2a: Moltres
|-damage|p2a: Moltres|27/100
|
|t:|1776257731
|switch|p1a: Raging Bolt|Raging Bolt|48/100 brn|[from] U-turn
|-damage|p1a: Raging Bolt|35/100 brn|[from] Stealth Rock
|move|p2a: Moltres|Roost|p2a: Moltres
|-heal|p2a: Moltres|77/100
|
|-damage|p1a: Raging Bolt|29/100 brn|[from] brn
|upkeep
|turn|10
|
|t:|1776257742
|switch|p2a: Iron Treads|Iron Treads|100/100
|-item|p2a: Iron Treads|Air Balloon
|move|p1a: Raging Bolt|Dragon Pulse|p2a: Iron Treads
|-resisted|p2a: Iron Treads
|-damage|p2a: Iron Treads|63/100
|-enditem|p2a: Iron Treads|Air Balloon
|
|-damage|p1a: Raging Bolt|23/100 brn|[from] brn
|upkeep
|turn|11
|
|t:|1776257751
|-end|p1a: Raging Bolt|Protosynthesis|[silent]
|switch|p1a: Ogerpon|Ogerpon-Wellspring, F|82/100 brn
|-damage|p1a: Ogerpon|70/100 brn|[from] Stealth Rock
|move|p2a: Iron Treads|Rapid Spin|p1a: Ogerpon
|-damage|p1a: Ogerpon|48/100 brn
|-boost|p2a: Iron Treads|spe|1
|
|-damage|p1a: Ogerpon|42/100 brn|[from] brn
|upkeep
|turn|12
|
|t:|1776257757
|move|p2a: Iron Treads|Earthquake|p1a: Ogerpon
|-resisted|p1a: Ogerpon
|-damage|p1a: Ogerpon|10/100 brn
|move|p1a: Ogerpon|Ivy Cudgel|p2a: Iron Treads|[anim] Ivy Cudgel Water
|-supereffective|p2a: Iron Treads
|-damage|p2a: Iron Treads|9/100
|
|-damage|p1a: Ogerpon|4/100 brn|[from] brn
|upkeep
|turn|13
|
|t:|1776257768
|move|p2a: Iron Treads|Earthquake|p1a: Ogerpon
|-resisted|p1a: Ogerpon
|-damage|p1a: Ogerpon|0 fnt
|faint|p1a: Ogerpon
|
|upkeep
|
|t:|1776257771
|switch|p1a: Great Tusk|Great Tusk|100/100
|turn|14
|
|t:|1776257776
|move|p2a: Iron Treads|Ice Spinner|p1a: Great Tusk
|-supereffective|p1a: Great Tusk
|-damage|p1a: Great Tusk|63/100
|move|p1a: Great Tusk|Rapid Spin|p2a: Iron Treads
|-resisted|p2a: Iron Treads
|-damage|p2a: Iron Treads|0 fnt
|-boost|p1a: Great Tusk|spe|1
|-sideend|p1: pixel_dragon9|Stealth Rock|[from] move: Rapid Spin|[of] p1a: Great Tusk
|faint|p2a: Iron Treads
|-end|p2a: Iron Treads|Quark Drive|[silent]
|
|upkeep
|
|t:|1776257783
|switch|p2a: Gholdengo|Gholdengo|100/100
|-item|p2a: Gholdengo|Air Balloon
|turn|15
|
|t:|1776257788
|move|p1a: Great Tusk|Ice Spinner|p2a: Gholdengo
|-resisted|p2a: Gholdengo
|-damage|p2a: Gholdengo|91/100
|-enditem|p2a: Gholdengo|Air Balloon
|move|p2a: Gholdengo|Make It Rain|p1a: Great Tusk
|-damage|p1a: Great Tusk|0 fnt
|-unboost|p2a: Gholdengo|spa|1
|faint|p1a: Great Tusk
|-end|p1a: Great Tusk|Protosynthesis|[silent]
|
|upkeep
|
|t:|1776257798
|switch|p1a: Iron Valiant|Iron Valiant|100/100
|-enditem|p1a: Iron Valiant|Booster Energy
|-activate|p1a: Iron Valiant|ability: Quark Drive|[fromitem]
|-start|p1a: Iron Valiant|quarkdrivespe
|turn|16
|
|t:|1776257808
|switch|p2a: Moltres|Moltres, tera:Grass|77/100
|move|p1a: Iron Valiant|Calm Mind|p1a: Iron Valiant
|-boost|p1a: Iron Valiant|spa|1
|-boost|p1a: Iron Valiant|spd|1
|
|upkeep
|turn|17
|
|t:|1776257817
|switch|p2a: Gholdengo|Gholdengo|91/100
|move|p1a: Iron Valiant|Calm Mind|p1a: Iron Valiant
|-boost|p1a: Iron Valiant|spa|1
|-boost|p1a: Iron Valiant|spd|1
|
|upkeep
|turn|18
|
|t:|1776257821
|-terastallize|p1a: Iron Valiant|Steel
|move|p1a: Iron Valiant|Shadow Ball|p2a: Gholdengo
|-supereffective|p2a: Gholdengo
|-damage|p2a: Gholdengo|0 fnt
|faint|p2a: Gholdengo
|
|upkeep
|
|t:|1776257828
|switch|p2a: Moltres|Moltres, tera:Grass|77/100
|turn|19
|
|t:|1776257832
|move|p1a: Iron Valiant|Moonblast|p2a: Moltres
|-damage|p2a: Moltres|0 fnt
|faint|p2a: Moltres
|
|upkeep
|-message|jkltian forfeited.
|
|win|pixel_dragon9
|raw|pixel_dragon9's rating: 1296 &rarr; <strong>1319</strong><br />(+23 for winning)
|raw|jkltian's rating: 1273 &rarr; <strong>1250</strong><br />(-23 for losing)
|l|☆jkltian
|player|p2|
