|html|<div class="broadcast-blue"><strong>[Gen 9] OU is currently suspecting Tera Blast! For information on how to participate check out the <a href="https://www.smogon.com/tools/suspects/view/200">suspect thread</a>.</strong></div>
|j|☆pressacanadagoose
|j|☆Snurke
|t:|1776337526
|gametype|singles
|player|p1|pressacanadagoose|swimmerf|1694
|player|p2|Snurke|sisandbro|1679
|gen|9
|tier|[Gen 9] OU
|rated|
|rule|HP Percentage Mod: HP is shown in percentages
|rule|Endless Battle Clause: Forcing endless battles is banned
|rule|Species Clause: Limit one of each Pokémon
|rule|OHKO Clause: OHKO moves are banned
|rule|Evasion Items Clause: Evasion items are banned
|rule|Evasion Moves Clause: Evasion moves are banned
|rule|Evasion Abilities Clause: Evasion abilities are banned
|rule|Sleep Moves Clause: Sleep-inducing moves are banned
|clearpoke
|poke|p1|Deoxys-Speed|
|poke|p1|Ceruledge, F|
|poke|p1|Zamazenta-*|
|poke|p1|Ogerpon-Wellspring, F|
|poke|p1|Glimmora, F|
|poke|p1|Moltres-Galar|
|poke|p2|Mew|
|poke|p2|Great Tusk|
|poke|p2|Hatterene, F|
|poke|p2|Gholdengo|
|poke|p2|Gyarados, M|
|poke|p2|Umbreon, M|
|teampreview
|
|t:|1776337530
|teamsize|p1|6
|teamsize|p2|6
|start
|switch|p1a: Deoxys|Deoxys-Speed|100/100
|switch|p2a: Mew|Mew, shiny|100/100
|-ability|p1a: Deoxys|Pressure
|turn|1
|inactive|Battle timer is ON: inactive players will automatically lose when time's up. (requested by Snurke)
|
|t:|1776337534
|move|p1a: Deoxys|Taunt|p2a: Mew
|-start|p2a: Mew|move: Taunt
|move|p2a: Mew|Knock Off|p1a: Deoxys
|-supereffective|p1a: Deoxys
|-damage|p1a: Deoxys|42/100
|-enditem|p1a: Deoxys|Light Clay|[from] move: Knock Off|[of] p2a: Mew
|
|upkeep
|turn|2
|j| One Tough Cookie
|
|t:|1776337540
|move|p1a: Deoxys|Reflect|p1a: Deoxys
|-sidestart|p1: pressacanadagoose|Reflect
|move|p2a: Mew|Knock Off|p1a: Deoxys
|-supereffective|p1a: Deoxys
|-damage|p1a: Deoxys|22/100
|
|upkeep
|turn|3
|
|t:|1776337543
|move|p1a: Deoxys|Light Screen|p1a: Deoxys
|-sidestart|p1: pressacanadagoose|move: Light Screen
|move|p2a: Mew|Knock Off|p1a: Deoxys
|-supereffective|p1a: Deoxys
|-damage|p1a: Deoxys|5/100
|
|-end|p2a: Mew|move: Taunt
|upkeep
|turn|4
|
|t:|1776337547
|switch|p2a: Hatterene|Hatterene, F, shiny|100/100
|move|p1a: Deoxys|Taunt|p2a: Hatterene
|move|p2a: Hatterene|Taunt|p1a: Deoxys|[from] ability: Magic Bounce
|-start|p1a: Deoxys|move: Taunt
|
|upkeep
|turn|5
|
|t:|1776337552
|switch|p1a: Glimmora|Glimmora, F|100/100
|move|p2a: Hatterene|Future Sight|p1a: Glimmora
|-start|p2a: Hatterene|move: Future Sight
|
|upkeep
|turn|6
|
|t:|1776337560
|move|p1a: Glimmora|Meteor Beam||[still]
|-prepare|p1a: Glimmora|Meteor Beam
|-boost|p1a: Glimmora|spa|1
|-enditem|p1a: Glimmora|Power Herb
|-anim|p1a: Glimmora|Meteor Beam|p2a: Hatterene
|-damage|p2a: Hatterene|40/100
|move|p2a: Hatterene|Mystical Fire|p1a: Glimmora
|-resisted|p1a: Glimmora
|-damage|p1a: Glimmora|92/100
|-unboost|p1a: Glimmora|spa|1
|
|-sideend|p1: pressacanadagoose|Reflect
|upkeep
|turn|7
|
|t:|1776337574
|move|p1a: Glimmora|Earth Power|p2a: Hatterene
|-damage|p2a: Hatterene|19/100
|move|p2a: Hatterene|Mystical Fire|p1a: Glimmora
|-resisted|p1a: Glimmora
|-damage|p1a: Glimmora|83/100
|-unboost|p1a: Glimmora|spa|1
|
|-end|p1a: Glimmora|move: Future Sight
|-supereffective|p1a: Glimmora
|-damage|p1a: Glimmora|0 fnt
|faint|p1a: Glimmora
|-sideend|p1: pressacanadagoose|move: Light Screen
|upkeep
|
|t:|1776337581
|switch|p1a: Ogerpon|Ogerpon-Wellspring, F|100/100
|turn|8
|
|t:|1776337586
|move|p1a: Ogerpon|Ivy Cudgel|p2a: Hatterene|[anim] Ivy Cudgel Water
|-damage|p2a: Hatterene|0 fnt
|faint|p2a: Hatterene
|
|upkeep
|
|t:|1776337590
|switch|p2a: Gyarados|Gyarados, M, shiny|100/100
|-ability|p2a: Gyarados|Intimidate|boost
|-unboost|p1a: Ogerpon|atk|1
|turn|9
|
|t:|1776337598
|switch|p1a: Zamazenta|Zamazenta|100/100
|-ability|p1a: Zamazenta|Dauntless Shield|boost
|-boost|p1a: Zamazenta|def|1
|move|p2a: Gyarados|Thunder Wave|p1a: Zamazenta
|-status|p1a: Zamazenta|par
|
|upkeep
|turn|10
|
|t:|1776337607
|switch|p2a: Mew|Mew, shiny|100/100
|move|p1a: Zamazenta|Roar|p2a: Mew
|drag|p2a: Umbreon|Umbreon, M, shiny|100/100
|
|upkeep
|turn|11
|
|t:|1776337613
|switch|p1a: Deoxys|Deoxys-Speed|5/100
|-ability|p1a: Deoxys|Pressure
|move|p2a: Umbreon|Reflect|p2a: Umbreon
|-sidestart|p2: Snurke|Reflect
|
|upkeep
|turn|12
|
|t:|1776337630
|move|p1a: Deoxys|Reflect|p1a: Deoxys
|-sidestart|p1: pressacanadagoose|Reflect
|move|p2a: Umbreon|Light Screen|p2a: Umbreon
|-sidestart|p2: Snurke|move: Light Screen
|
|upkeep
|turn|13
|
|t:|1776337638
|switch|p2a: Gholdengo|Gholdengo, shiny|100/100
|move|p1a: Deoxys|Light Screen|p1a: Deoxys
|-sidestart|p1: pressacanadagoose|move: Light Screen
|
|upkeep
|turn|14
|
|t:|1776337649
|switch|p1a: Zamazenta|Zamazenta|100/100 par
|move|p2a: Gholdengo|Nasty Plot|p2a: Gholdengo
|-boost|p2a: Gholdengo|spa|2
|
|upkeep
|turn|15
|
|t:|1776337657
|switch|p1a: Ogerpon|Ogerpon-Wellspring, F|100/100
|move|p2a: Gholdengo|Nasty Plot|p2a: Gholdengo
|-boost|p2a: Gholdengo|spa|2
|
|upkeep
|turn|16
|
|t:|1776337661
|move|p1a: Ogerpon|Swords Dance|p1a: Ogerpon
|-boost|p1a: Ogerpon|atk|2
|move|p2a: Gholdengo|Shadow Ball|p1a: Ogerpon
|-damage|p1a: Ogerpon|23/100
|
|-sideend|p1: pressacanadagoose|Reflect
|upkeep
|turn|17
|
|t:|1776337668
|move|p1a: Ogerpon|Ivy Cudgel|p2a: Gholdengo|[anim] Ivy Cudgel Water
|-damage|p2a: Gholdengo|38/100
|move|p2a: Gholdengo|Shadow Ball|p1a: Ogerpon
|-damage|p1a: Ogerpon|0 fnt
|faint|p1a: Ogerpon
|
|-heal|p2a: Gholdengo|44/100|[from] item: Leftovers
|-sideend|p1: pressacanadagoose|move: Light Screen
|upkeep
|
|t:|1776337678
|switch|p1a: Ceruledge|Ceruledge, F|100/100
|turn|18
|
|t:|1776337688
|move|p2a: Gholdengo|Shadow Ball|p1a: Ceruledge
|-supereffective|p1a: Ceruledge
|-damage|p1a: Ceruledge|0 fnt
|faint|p1a: Ceruledge
|
|-heal|p2a: Gholdengo|50/100|[from] item: Leftovers
|-sideend|p2: Snurke|Reflect
|upkeep
|
|t:|1776337692
|switch|p1a: Moltres|Moltres-Galar|100/100
|turn|19
|
|t:|1776337697
|move|p2a: Gholdengo|Make It Rain|p1a: Moltres
|-damage|p1a: Moltres|0 fnt
|-unboost|p2a: Gholdengo|spa|1
|faint|p1a: Moltres
|
|-heal|p2a: Gholdengo|56/100|[from] item: Leftovers
|-sideend|p2: Snurke|move: Light Screen
|upkeep
|-message|pressacanadagoose forfeited.
|
|win|Snurke
|raw|pressacanadagoose's rating: 1694 &rarr; <strong>1673</strong><br />(-21 for losing)
|raw|Snurke's rating: 1679 &rarr; <strong>1700</strong><br />(+21 for winning)
|l|☆pressacanadagoose
|player|p1|
