|html|<div class="broadcast-blue"><strong>[Gen 9] OU is currently suspecting Tera Blast! For information on how to participate check out the <a href="https://www.smogon.com/tools/suspects/view/200">suspect thread</a>.</strong></div>
|badge|p2|bronze|gen9randombattle|100-9
|uhtml|medal-msg|<div class="broadcast-blue">Curious what those medals under the avatar are? PS now has Ladder Seasons! For more information, check out the <a href="https://www.smogon.com/forums/threads/3740067/">thread on Smogon.</a></div>
|j|☆DaBoffler
|j|‽LT_Alt1
|t:|1776063319
|gametype|singles
|player|p1|DaBoffler|hiker-gen4|1665
|player|p2|LT_Alt1|101|1700
|gen|9
|tier|[Gen 9] OU
|rated|
|rule|HP Percentage Mod: HP is shown in percentages
|rule|Endless Battle Clause: Forcing endless battles is banned
|rule|Species Clause: Limit one of each Pokémon
|rule|OHKO Clause: OHKO moves are banned
|rule|Evasion Items Clause: Evasion items are banned
|rule|Evasion Moves Clause: Evasion moves are banned
|rule|Evasion Abilities Clause: Evasion abilities are banned
|rule|Sleep Moves Clause: Sleep-inducing moves are banned
|clearpoke
|poke|p1|Landorus-Therian, M|
|poke|p1|Alomomola, M|
|poke|p1|Iron Treads|
|poke|p1|Kingambit, F|
|poke|p1|Enamorus, F|
|poke|p1|Pecharunt|
|poke|p2|Garganacl, F|
|poke|p2|Slowking-Galar, F|
|poke|p2|Kyurem|
|poke|p2|Weezing-Galar, F|
|poke|p2|Moltres|
|poke|p2|Iron Treads|
|teampreview
|j| ohko_smeargle
|
|t:|1776063352
|teamsize|p1|6
|teamsize|p2|6
|start
|switch|p1a: Alomomola|Alomomola, M|100/100
|switch|p2a: Moltres|Moltres|100/100
|turn|1
|
|t:|1776063357
|move|p2a: Moltres|Will-O-Wisp|p1a: Alomomola
|-status|p1a: Alomomola|brn
|move|p1a: Alomomola|Flip Turn|p2a: Moltres
|-supereffective|p2a: Moltres
|-damage|p2a: Moltres|89/100
|
|t:|1776063365
|switch|p1a: Landorus|Landorus-Therian, M|100/100|[from] Flip Turn
|-ability|p1a: Landorus|Intimidate|boost
|-unboost|p2a: Moltres|atk|1
|
|upkeep
|turn|2
|
|t:|1776063377
|-terastallize|p2a: Moltres|Dragon
|move|p1a: Landorus|Stone Edge|p2a: Moltres
|-damage|p2a: Moltres|49/100
|move|p2a: Moltres|Will-O-Wisp|p1a: Landorus
|-status|p1a: Landorus|brn
|
|-damage|p1a: Landorus|94/100 brn|[from] brn
|upkeep
|turn|3
|
|t:|1776063388
|switch|p1a: Enamorus|Enamorus, F|100/100
|move|p2a: Moltres|Roost|p2a: Moltres
|-heal|p2a: Moltres|99/100
|
|upkeep
|turn|4
|
|t:|1776063392
|switch|p2a: Slowking|Slowking-Galar, F|100/100
|move|p1a: Enamorus|Moonblast|p2a: Slowking
|-resisted|p2a: Slowking
|-damage|p2a: Slowking|84/100
|
|upkeep
|turn|5
|
|t:|1776063396
|switch|p1a: Iron Treads|Iron Treads|100/100
|move|p2a: Slowking|Future Sight|p1a: Iron Treads
|-start|p2a: Slowking|move: Future Sight
|
|upkeep
|turn|6
|
|t:|1776063401
|switch|p2a: Moltres|Moltres, tera:Dragon|99/100
|move|p1a: Iron Treads|Stealth Rock|p2a: Moltres
|-sidestart|p2: LT_Alt1|move: Stealth Rock
|
|upkeep
|turn|7
|
|t:|1776063411
|-end|p1a: Iron Treads|Quark Drive|[silent]
|switch|p1a: Alomomola|Alomomola, M|100/100 brn
|move|p2a: Moltres|U-turn|p1a: Alomomola
|-damage|p1a: Alomomola|90/100 brn
|inactive|Battle timer is ON: inactive players will automatically lose when time's up. (requested by DaBoffler)
|
|t:|1776063419
|switch|p2a: Iron Treads|Iron Treads|100/100|[from] U-turn
|-damage|p2a: Iron Treads|97/100|[from] Stealth Rock
|
|-end|p1a: Alomomola|move: Future Sight
|-damage|p1a: Alomomola|69/100 brn
|-heal|p2a: Iron Treads|100/100|[from] item: Leftovers
|-damage|p1a: Alomomola|62/100 brn|[from] brn
|upkeep
|turn|8
|
|t:|1776063423
|move|p2a: Iron Treads|Knock Off|p1a: Alomomola
|-damage|p1a: Alomomola|43/100 brn
|-enditem|p1a: Alomomola|Assault Vest|[from] move: Knock Off|[of] p2a: Iron Treads
|move|p1a: Alomomola|Scald|p2a: Iron Treads
|-supereffective|p2a: Iron Treads
|-damage|p2a: Iron Treads|66/100
|
|-heal|p2a: Iron Treads|72/100|[from] item: Leftovers
|-damage|p1a: Alomomola|37/100 brn|[from] brn
|upkeep
|turn|9
|
|t:|1776063428
|-end|p2a: Iron Treads|Quark Drive|[silent]
|switch|p2a: Weezing|Weezing-Galar, F|100/100
|-ability|p2a: Weezing|Neutralizing Gas
|-damage|p2a: Weezing|88/100|[from] Stealth Rock
|switch|p1a: Pecharunt|Pecharunt|100/100
|
|-heal|p2a: Weezing|94/100|[from] item: Leftovers
|upkeep
|turn|10
|
|t:|1776063432
|move|p1a: Pecharunt|Parting Shot|p2a: Weezing
|-unboost|p2a: Weezing|atk|1
|-unboost|p2a: Weezing|spa|1
|
|t:|1776063436
|switch|p1a: Alomomola|Alomomola, M|37/100 brn|[from] Parting Shot
|move|p2a: Weezing|Defog|p1a: Alomomola
|-unboost|p1a: Alomomola|evasion|1
|-sideend|p2: LT_Alt1|Stealth Rock|[from] move: Defog|[of] p2a: Weezing
|
|-heal|p2a: Weezing|99/100|[from] item: Leftovers
|-damage|p1a: Alomomola|31/100 brn|[from] brn
|upkeep
|turn|11
|
|t:|1776063440
|switch|p1a: Iron Treads|Iron Treads|100/100
|move|p2a: Weezing|Strange Steam|p1a: Iron Treads|[miss]
|-miss|p2a: Weezing|p1a: Iron Treads
|
|-heal|p2a: Weezing|100/100|[from] item: Leftovers
|upkeep
|turn|12
|
|t:|1776063446
|move|p1a: Iron Treads|Knock Off|p2a: Weezing
|-resisted|p2a: Weezing
|-damage|p2a: Weezing|91/100
|-enditem|p2a: Weezing|Leftovers|[from] move: Knock Off|[of] p1a: Iron Treads
|move|p2a: Weezing|Will-O-Wisp|p1a: Iron Treads
|-status|p1a: Iron Treads|brn
|
|-damage|p1a: Iron Treads|94/100 brn|[from] brn
|upkeep
|turn|13
|
|t:|1776063463
|-end|p2a: Weezing|ability: Neutralizing Gas
|switch|p2a: Moltres|Moltres, tera:Dragon|99/100
|move|p1a: Iron Treads|Stealth Rock|p2a: Moltres
|-sidestart|p2: LT_Alt1|move: Stealth Rock
|
|-heal|p1a: Iron Treads|100/100 brn|[from] item: Leftovers
|-damage|p1a: Iron Treads|94/100 brn|[from] brn
|upkeep
|turn|14
|
|t:|1776063469
|move|p1a: Iron Treads|Knock Off|p2a: Moltres
|-damage|p2a: Moltres|91/100
|-enditem|p2a: Moltres|Heavy-Duty Boots|[from] move: Knock Off|[of] p1a: Iron Treads
|move|p2a: Moltres|Flamethrower|p1a: Iron Treads
|-supereffective|p1a: Iron Treads
|-damage|p1a: Iron Treads|29/100 brn
|
|-heal|p1a: Iron Treads|35/100 brn|[from] item: Leftovers
|-damage|p1a: Iron Treads|29/100 brn|[from] brn
|upkeep
|turn|15
|
|t:|1776063476
|-end|p1a: Iron Treads|Quark Drive|[silent]
|switch|p1a: Alomomola|Alomomola, M|31/100 brn
|move|p2a: Moltres|Flamethrower|p1a: Alomomola
|-resisted|p1a: Alomomola
|-damage|p1a: Alomomola|18/100 brn
|
|-damage|p1a: Alomomola|12/100 brn|[from] brn
|upkeep
|turn|16
|
|t:|1776063482
|switch|p2a: Weezing|Weezing-Galar, F|91/100
|-ability|p2a: Weezing|Neutralizing Gas
|-damage|p2a: Weezing|79/100|[from] Stealth Rock
|move|p1a: Alomomola|Flip Turn|p2a: Weezing
|-damage|p2a: Weezing|73/100
|
|t:|1776063489
|switch|p1a: Enamorus|Enamorus, F|100/100|[from] Flip Turn
|
|upkeep
|turn|17
|
|t:|1776063495
|-end|p2a: Weezing|ability: Neutralizing Gas
|switch|p2a: Slowking|Slowking-Galar, F|100/100
|-damage|p2a: Slowking|88/100|[from] Stealth Rock
|move|p1a: Enamorus|Earth Power|p2a: Slowking
|-supereffective|p2a: Slowking
|-damage|p2a: Slowking|49/100
|
|upkeep
|turn|18
|
|t:|1776063505
|switch|p1a: Landorus|Landorus-Therian, M|94/100 brn
|-ability|p1a: Landorus|Intimidate|boost
|-unboost|p2a: Slowking|atk|1
|move|p2a: Slowking|Sludge Bomb|p1a: Landorus
|-resisted|p1a: Landorus
|-damage|p1a: Landorus|74/100 brn
|
|-damage|p1a: Landorus|68/100 brn|[from] brn
|upkeep
|turn|19
|
|t:|1776063508
|switch|p2a: Moltres|Moltres, tera:Dragon|91/100
|-damage|p2a: Moltres|78/100|[from] Stealth Rock
|move|p1a: Landorus|U-turn|p2a: Moltres
|-damage|p2a: Moltres|63/100
|
|t:|1776063511
|switch|p1a: Enamorus|Enamorus, F|100/100|[from] U-turn
|
|upkeep
|turn|20
|
|t:|1776063522
|-terastallize|p1a: Enamorus|Stellar
|move|p1a: Enamorus|Tera Blast|p2a: Moltres|[anim] Tera Blast Stellar
|-supereffective|p2a: Moltres
|-damage|p2a: Moltres|0 fnt
|-boost|p1a: Enamorus|atk|1
|-boost|p1a: Enamorus|spa|1
|faint|p2a: Moltres
|
|upkeep
|
|t:|1776063528
|switch|p2a: Garganacl|Garganacl, F|100/100
|-damage|p2a: Garganacl|88/100|[from] Stealth Rock
|turn|21
|
|t:|1776063545
|switch|p1a: Iron Treads|Iron Treads|29/100 brn
|move|p2a: Garganacl|Salt Cure|p1a: Iron Treads
|-resisted|p1a: Iron Treads
|-damage|p1a: Iron Treads|26/100 brn
|-start|p1a: Iron Treads|Salt Cure
|
|-heal|p1a: Iron Treads|32/100 brn|[from] item: Leftovers
|-heal|p2a: Garganacl|94/100|[from] item: Leftovers
|-damage|p1a: Iron Treads|26/100 brn|[from] brn
|-damage|p1a: Iron Treads|1/100 brn|[from] Salt Cure
|upkeep
|turn|22
|
|t:|1776063550
|move|p1a: Iron Treads|Knock Off|p2a: Garganacl
|-damage|p2a: Garganacl|87/100
|-enditem|p2a: Garganacl|Leftovers|[from] move: Knock Off|[of] p1a: Iron Treads
|move|p2a: Garganacl|Curse|p2a: Garganacl
|-unboost|p2a: Garganacl|spe|1
|-boost|p2a: Garganacl|atk|1
|-boost|p2a: Garganacl|def|1
|
|-heal|p1a: Iron Treads|7/100 brn|[from] item: Leftovers
|-damage|p1a: Iron Treads|1/100 brn|[from] brn
|-damage|p1a: Iron Treads|0 fnt|[from] Salt Cure
|faint|p1a: Iron Treads
|-end|p1a: Iron Treads|Quark Drive|[silent]
|upkeep
|
|t:|1776063554
|switch|p1a: Enamorus|Enamorus, F, tera:Stellar|100/100
|turn|23
|
|t:|1776063558
|move|p1a: Enamorus|Earth Power|p2a: Garganacl
|-supereffective|p2a: Garganacl
|-damage|p2a: Garganacl|29/100
|move|p2a: Garganacl|Recover|p2a: Garganacl
|-heal|p2a: Garganacl|79/100
|
|upkeep
|turn|24
|
|t:|1776063577
|switch|p2a: Slowking|Slowking-Galar, F|82/100
|-damage|p2a: Slowking|70/100|[from] Stealth Rock
|move|p1a: Enamorus|Earth Power|p2a: Slowking
|-supereffective|p2a: Slowking
|-damage|p2a: Slowking|31/100
|
|upkeep
|turn|25
|
|t:|1776063580
|move|p1a: Enamorus|Earth Power|p2a: Slowking
|-supereffective|p2a: Slowking
|-damage|p2a: Slowking|0 fnt
|faint|p2a: Slowking
|
|upkeep
|
|t:|1776063582
|switch|p2a: Kyurem|Kyurem|100/100
|-damage|p2a: Kyurem|76/100|[from] Stealth Rock
|-ability|p2a: Kyurem|Pressure
|turn|26
|
|t:|1776063587
|switch|p1a: Landorus|Landorus-Therian, M|68/100 brn
|-ability|p1a: Landorus|Intimidate|boost
|-unboost|p2a: Kyurem|atk|1
|move|p2a: Kyurem|Scale Shot|p1a: Landorus|[miss]
|-miss|p2a: Kyurem|p1a: Landorus
|
|-damage|p1a: Landorus|62/100 brn|[from] brn
|upkeep
|turn|27
|
|t:|1776063592
|move|p1a: Landorus|Stone Edge|p2a: Kyurem
|-supereffective|p2a: Kyurem
|-damage|p2a: Kyurem|19/100
|move|p2a: Kyurem|Scale Shot|p1a: Landorus
|-damage|p1a: Landorus|54/100 brn
|-crit|p1a: Landorus
|-damage|p1a: Landorus|37/100 brn
|-damage|p1a: Landorus|29/100 brn
|-damage|p1a: Landorus|21/100 brn
|-hitcount|p1a: Landorus|4
|-unboost|p2a: Kyurem|def|1
|-boost|p2a: Kyurem|spe|1
|
|-damage|p1a: Landorus|15/100 brn|[from] brn
|upkeep
|turn|28
|
|t:|1776063599
|move|p2a: Kyurem|Freeze-Dry|p1a: Landorus
|-supereffective|p1a: Landorus
|-damage|p1a: Landorus|0 fnt
|faint|p1a: Landorus
|
|upkeep
|
|t:|1776063602
|switch|p1a: Enamorus|Enamorus, F, tera:Stellar|100/100
|turn|29
|
|t:|1776063607
|move|p1a: Enamorus|Tera Blast|p2a: Kyurem|[anim] Tera Blast Stellar
|-damage|p2a: Kyurem|0 fnt
|-boost|p1a: Enamorus|atk|1
|-boost|p1a: Enamorus|spa|1
|faint|p2a: Kyurem
|
|upkeep
|-message|LT_Alt1 forfeited.
|
|win|DaBoffler
|raw|DaBoffler's rating: 1665 &rarr; <strong>1687</strong><br />(+22 for winning)
|raw|LT_Alt1's rating: 1700 &rarr; <strong>1678</strong><br />(-22 for losing)
|l|‽LT_Alt1
|player|p2|
|l| ohko_smeargle
