|html|<div class="broadcast-blue"><strong>[Gen 9] OU is currently suspecting Volcarona! For information on how to participate check out the <a href="https://www.smogon.com/tools/suspects/view/208">suspect thread</a>.</strong></div>
|j|☆Aestivalis Kai
|j|☆vttcc
|t:|1778507709
|gametype|singles
|player|p1|Aestivalis Kai|wallace|1171
|player|p2|vttcc|266|1160
|gen|9
|tier|[Gen 9] OU
|rated|
|rule|HP Percentage Mod: HP is shown in percentages
|rule|Endless Battle Clause: Forcing endless battles is banned
|rule|Species Clause: Limit one of each Pokémon
|rule|OHKO Clause: OHKO moves are banned
|rule|Evasion Items Clause: Evasion items are banned
|rule|Evasion Moves Clause: Evasion moves are banned
|rule|Evasion Abilities Clause: Evasion abilities are banned
|rule|Sleep Moves Clause: Sleep-inducing moves are banned
|clearpoke
|poke|p1|Hydreigon, M|
|poke|p1|Metagross|
|poke|p1|Skeledirge, M|
|poke|p1|Porygon2|
|poke|p1|Abomasnow, M|
|poke|p1|Azumarill, F|
|poke|p2|Excadrill, F|
|poke|p2|Mimikyu, F|
|poke|p2|Dragapult, F|
|poke|p2|Gardevoir, F|
|poke|p2|Zarude|
|poke|p2|Cloyster, F|
|teampreview
|
|t:|1778507715
|teamsize|p1|6
|teamsize|p2|6
|start
|switch|p1a: Abomasnow|Abomasnow, M, shiny|100/100
|switch|p2a: Cloyster|Cloyster, F, shiny|100/100
|-weather|Snowscape|[from] ability: Snow Warning|[of] p1a: Abomasnow
|turn|1
|
|t:|1778507733
|move|p2a: Cloyster|Shell Smash|p2a: Cloyster
|-unboost|p2a: Cloyster|def|1
|-unboost|p2a: Cloyster|spd|1
|-boost|p2a: Cloyster|atk|2
|-boost|p2a: Cloyster|spa|2
|-boost|p2a: Cloyster|spe|2
|move|p1a: Abomasnow|Aurora Veil|p1a: Abomasnow
|-sidestart|p1: Aestivalis Kai|move: Aurora Veil
|
|-weather|Snowscape|[upkeep]
|upkeep
|turn|2
|
|t:|1778507742
|move|p2a: Cloyster|Shell Smash|p2a: Cloyster
|-unboost|p2a: Cloyster|def|1
|-unboost|p2a: Cloyster|spd|1
|-boost|p2a: Cloyster|atk|2
|-boost|p2a: Cloyster|spa|2
|-boost|p2a: Cloyster|spe|2
|move|p1a: Abomasnow|Giga Drain|p2a: Cloyster
|-supereffective|p2a: Cloyster
|-enditem|p2a: Cloyster|Focus Sash
|-damage|p2a: Cloyster|1/100
|
|-weather|Snowscape|[upkeep]
|upkeep
|turn|3
|
|t:|1778507752
|move|p2a: Cloyster|Rock Blast|p1a: Abomasnow
|-supereffective|p1a: Abomasnow
|-damage|p1a: Abomasnow|84/100
|-supereffective|p1a: Abomasnow
|-damage|p1a: Abomasnow|67/100
|-supereffective|p1a: Abomasnow
|-damage|p1a: Abomasnow|52/100
|-supereffective|p1a: Abomasnow
|-damage|p1a: Abomasnow|36/100
|-supereffective|p1a: Abomasnow
|-damage|p1a: Abomasnow|19/100
|-hitcount|p1a: Abomasnow|5
|move|p1a: Abomasnow|Giga Drain|p2a: Cloyster
|-supereffective|p2a: Cloyster
|-damage|p2a: Cloyster|0 fnt
|-heal|p1a: Abomasnow|19/100|[from] drain|[of] p2a: Cloyster
|faint|p2a: Cloyster
|
|-weather|Snowscape|[upkeep]
|upkeep
|
|t:|1778507772
|switch|p2a: Dragapult|Dragapult, F, shiny|100/100
|turn|4
|
|t:|1778507778
|move|p2a: Dragapult|U-turn|p1a: Abomasnow
|-supereffective|p1a: Abomasnow
|-damage|p1a: Abomasnow|0 fnt
|faint|p1a: Abomasnow
|
|t:|1778507784
|switch|p2a: Excadrill|Excadrill, F, shiny|100/100|[from] U-turn
|-ability|p2a: Excadrill|Mold Breaker
|
|-weather|Snowscape|[upkeep]
|upkeep
|
|t:|1778507798
|switch|p1a: Hydreigon|Hydreigon, M|100/100
|turn|5
|
|t:|1778507804
|move|p1a: Hydreigon|Earthquake|p2a: Excadrill
|-supereffective|p2a: Excadrill
|-enditem|p2a: Excadrill|Focus Sash
|-damage|p2a: Excadrill|1/100
|-damage|p1a: Hydreigon|91/100|[from] item: Life Orb
|move|p2a: Excadrill|Earthquake|p1a: Hydreigon
|-damage|p1a: Hydreigon|61/100
|
|-weather|none
|-sideend|p1: Aestivalis Kai|move: Aurora Veil
|upkeep
|turn|6
|
|t:|1778507821
|move|p1a: Hydreigon|Earthquake|p2a: Excadrill
|-supereffective|p2a: Excadrill
|-crit|p2a: Excadrill
|-damage|p2a: Excadrill|0 fnt
|faint|p2a: Excadrill
|-damage|p1a: Hydreigon|51/100|[from] item: Life Orb
|
|upkeep
|
|t:|1778507829
|switch|p2a: Gardevoir|Gardevoir, F|100/100
|-ability|p2a: Gardevoir|Levitate|Trace|[from] ability: Trace|[of] p1a: Hydreigon
|turn|7
|
|t:|1778507847
|switch|p1a: Metagross|Metagross, shiny|100/100
|move|p2a: Gardevoir|Moonblast|p1a: Metagross
|-resisted|p1a: Metagross
|-damage|p1a: Metagross|78/100
|
|-heal|p1a: Metagross|84/100|[from] item: Leftovers
|upkeep
|turn|8
|
|t:|1778507860
|switch|p2a: Zarude|Zarude|100/100
|move|p1a: Metagross|Agility|p1a: Metagross
|-boost|p1a: Metagross|spe|2
|
|-heal|p1a: Metagross|90/100|[from] item: Leftovers
|upkeep
|turn|9
|
|t:|1778507875
|move|p1a: Metagross|Flash Cannon|p2a: Zarude
|-damage|p2a: Zarude|65/100
|move|p2a: Zarude|Close Combat|p1a: Metagross
|-damage|p1a: Metagross|52/100
|-unboost|p2a: Zarude|def|1
|-unboost|p2a: Zarude|spd|1
|-damage|p2a: Zarude|55/100|[from] item: Life Orb
|
|-heal|p1a: Metagross|58/100|[from] item: Leftovers
|upkeep
|turn|10
|
|t:|1778507890
|move|p1a: Metagross|Flash Cannon|p2a: Zarude
|-damage|p2a: Zarude|0 fnt
|faint|p2a: Zarude
|
|-heal|p1a: Metagross|64/100|[from] item: Leftovers
|upkeep
|
|t:|1778507901
|switch|p2a: Dragapult|Dragapult, F, shiny|100/100
|turn|11
|
|t:|1778507933
|-terastallize|p1a: Metagross|Dark
|move|p2a: Dragapult|Flamethrower|p1a: Metagross
|-damage|p1a: Metagross|37/100
|move|p1a: Metagross|Psychic|p2a: Dragapult
|-damage|p2a: Dragapult|43/100
|
|-heal|p1a: Metagross|43/100|[from] item: Leftovers
|upkeep
|turn|12
|
|t:|1778507993
|move|p2a: Dragapult|Flamethrower|p1a: Metagross
|-damage|p1a: Metagross|15/100
|move|p1a: Metagross|Psychic|p2a: Dragapult
|-damage|p2a: Dragapult|0 fnt
|faint|p2a: Dragapult
|
|-heal|p1a: Metagross|21/100|[from] item: Leftovers
|upkeep
|
|t:|1778508002
|switch|p2a: Gardevoir|Gardevoir, F|100/100
|-ability|p2a: Gardevoir|Clear Body|Trace|[from] ability: Trace|[of] p1a: Metagross
|turn|13
|
|t:|1778508007
|move|p2a: Gardevoir|Mystical Fire|p1a: Metagross
|-damage|p1a: Metagross|0 fnt
|faint|p1a: Metagross
|
|upkeep
|
|t:|1778508023
|switch|p1a: Hydreigon|Hydreigon, M|51/100
|turn|14
|
|t:|1778508027
|move|p2a: Gardevoir|Mystical Fire|p1a: Hydreigon
|-resisted|p1a: Hydreigon
|-damage|p1a: Hydreigon|36/100
|-unboost|p1a: Hydreigon|spa|1
|move|p1a: Hydreigon|Earthquake|p2a: Gardevoir
|-damage|p2a: Gardevoir|37/100
|-damage|p1a: Hydreigon|26/100|[from] item: Life Orb
|
|upkeep
|turn|15
|
|t:|1778508035
|move|p2a: Gardevoir|Mystical Fire|p1a: Hydreigon
|-resisted|p1a: Hydreigon
|-damage|p1a: Hydreigon|13/100
|-unboost|p1a: Hydreigon|spa|1
|move|p1a: Hydreigon|Earthquake|p2a: Gardevoir
|-damage|p2a: Gardevoir|0 fnt
|faint|p2a: Gardevoir
|-damage|p1a: Hydreigon|3/100|[from] item: Life Orb
|
|upkeep
|
|t:|1778508049
|switch|p2a: Mimikyu|Mimikyu, F, shiny|100/100
|turn|16
|
|t:|1778508052
|move|p1a: Hydreigon|Earthquake|p2a: Mimikyu
|-activate|p2a: Mimikyu|ability: Disguise
|-damage|p2a: Mimikyu|100/100
|detailschange|p2a: Mimikyu|Mimikyu-Busted, F, shiny
|-damage|p2a: Mimikyu|88/100|[from] pokemon: Mimikyu-Busted
|-damage|p1a: Hydreigon|0 fnt|[from] item: Life Orb
|faint|p1a: Hydreigon
|move|p2a: Mimikyu|Swords Dance|p2a: Mimikyu
|-boost|p2a: Mimikyu|atk|2
|
|upkeep
|
|t:|1778508060
|switch|p1a: Porygon2|Porygon2|100/100
|-ability|p1a: Porygon2|Download|boost
|-boost|p1a: Porygon2|atk|1
|turn|17
|
|t:|1778508069
|move|p2a: Mimikyu|Play Rough|p1a: Porygon2
|-damage|p1a: Porygon2|48/100
|-damage|p2a: Mimikyu|78/100|[from] item: Life Orb
|move|p1a: Porygon2|Trick Room|p1a: Porygon2
|-fieldstart|move: Trick Room|[of] p1a: Porygon2
|
|upkeep
|turn|18
|
|t:|1778508078
|move|p1a: Porygon2|Ice Beam|p2a: Mimikyu
|-damage|p2a: Mimikyu|49/100
|move|p2a: Mimikyu|Play Rough|p1a: Porygon2
|-damage|p1a: Porygon2|0 fnt
|faint|p1a: Porygon2
|-damage|p2a: Mimikyu|39/100|[from] item: Life Orb
|
|upkeep
|
|t:|1778508086
|switch|p1a: Skeledirge|Skeledirge, M|100/100
|turn|19
|
|t:|1778508091
|move|p2a: Mimikyu|Shadow Sneak|p1a: Skeledirge
|-supereffective|p1a: Skeledirge
|-damage|p1a: Skeledirge|65/100
|-damage|p2a: Mimikyu|29/100|[from] item: Life Orb
|move|p1a: Skeledirge|Torch Song|p2a: Mimikyu
|-damage|p2a: Mimikyu|0 fnt
|-boost|p1a: Skeledirge|spa|1
|faint|p2a: Mimikyu
|
|win|Aestivalis Kai
|raw|Aestivalis Kai's rating: 1171 &rarr; <strong>1195</strong><br />(+24 for winning)
|raw|vttcc's rating: 1160 &rarr; <strong>1136</strong><br />(-24 for losing)
|l|☆vttcc
|player|p2|
