|html|<div class="broadcast-blue"><strong>[Gen 9] OU is currently suspecting Tera Blast! For information on how to participate check out the <a href="https://www.smogon.com/tools/suspects/view/200">suspect thread</a>.</strong></div>
|j|☆claclabar6
|j|☆BFromTheMFBay
|t:|1776053190
|gametype|singles
|player|p1|claclabar6|zinzolin|1333
|player|p2|BFromTheMFBay|265|1422
|gen|9
|tier|[Gen 9] OU
|rated|
|rule|HP Percentage Mod: HP is shown in percentages
|rule|Endless Battle Clause: Forcing endless battles is banned
|rule|Species Clause: Limit one of each Pokémon
|rule|OHKO Clause: OHKO moves are banned
|rule|Evasion Items Clause: Evasion items are banned
|rule|Evasion Moves Clause: Evasion moves are banned
|rule|Evasion Abilities Clause: Evasion abilities are banned
|rule|Sleep Moves Clause: Sleep-inducing moves are banned
|clearpoke
|poke|p1|Torkoal, M|
|poke|p1|Walking Wake|
|poke|p1|Dragapult, M|
|poke|p1|Raging Bolt|
|poke|p1|Ursaluna, F|
|poke|p1|Porygon2|
|poke|p2|Primarina, M|
|poke|p2|Great Tusk|
|poke|p2|Enamorus, F|
|poke|p2|Slowking-Galar, M|
|poke|p2|Ogerpon, F|
|poke|p2|Kingambit, M|
|teampreview
|inactive|Battle timer is ON: inactive players will automatically lose when time's up. (requested by claclabar6)
|
|t:|1776053209
|teamsize|p1|6
|teamsize|p2|6
|start
|switch|p1a: Raging Bolt|Raging Bolt|100/100
|switch|p2a: Anonymous|Ogerpon, F|100/100
|turn|1
|c|☆BFromTheMFBay|hf
|inactive|BFromTheMFBay also wants the timer to be on.
|
|t:|1776053225
|-terastallize|p1a: Raging Bolt|Ice
|move|p2a: Anonymous|U-turn|p1a: Raging Bolt
|-damage|p1a: Raging Bolt|74/100
|
|t:|1776053242
|switch|p2a: Mantra|Slowking-Galar, M, shiny|100/100|[from] U-turn
|move|p1a: Raging Bolt|Tera Blast|p2a: Mantra|[anim] Tera Blast Ice
|-damage|p2a: Mantra|66/100
|-damage|p1a: Raging Bolt|64/100|[from] item: Life Orb
|
|upkeep
|turn|2
|inactive|BFromTheMFBay has 120 seconds left.
|
|t:|1776053258
|move|p1a: Raging Bolt|Calm Mind|p1a: Raging Bolt
|-boost|p1a: Raging Bolt|spa|1
|-boost|p1a: Raging Bolt|spd|1
|move|p2a: Mantra|Sludge Bomb|p1a: Raging Bolt
|-damage|p1a: Raging Bolt|44/100
|-status|p1a: Raging Bolt|psn
|
|-damage|p1a: Raging Bolt|32/100 psn|[from] psn
|upkeep
|turn|3
|inactive|BFromTheMFBay has 120 seconds left.
|
|t:|1776053275
|switch|p2a: Celestine|Primarina, M, shiny|100/100
|move|p1a: Raging Bolt|Tera Blast|p2a: Celestine|[anim] Tera Blast Ice
|-resisted|p2a: Celestine
|-damage|p2a: Celestine|56/100
|-damage|p1a: Raging Bolt|22/100 psn|[from] item: Life Orb
|
|-heal|p2a: Celestine|62/100|[from] item: Leftovers
|-damage|p1a: Raging Bolt|10/100 psn|[from] psn
|upkeep
|turn|4
|inactive|BFromTheMFBay has 120 seconds left.
|
|t:|1776053291
|move|p1a: Raging Bolt|Thunderclap||[still]
|-fail|p1a: Raging Bolt
|move|p2a: Celestine|Substitute|p2a: Celestine
|-start|p2a: Celestine|Substitute
|-damage|p2a: Celestine|37/100
|
|-heal|p2a: Celestine|43/100|[from] item: Leftovers
|-damage|p1a: Raging Bolt|0 fnt|[from] psn
|faint|p1a: Raging Bolt
|-end|p1a: Raging Bolt|Protosynthesis|[silent]
|upkeep
|
|t:|1776053298
|switch|p1a: Dragapult|Dragapult, M|100/100
|turn|5
|inactive|BFromTheMFBay has 120 seconds left.
|
|t:|1776053315
|move|p1a: Dragapult|Psychic Fangs|p2a: Celestine
|-damage|p2a: Celestine|0 fnt
|faint|p2a: Celestine
|-damage|p1a: Dragapult|91/100|[from] item: Life Orb
|
|upkeep
|
|t:|1776053332
|switch|p2a: Gin|Enamorus, F, shiny|100/100
|turn|6
|
|t:|1776053348
|switch|p1a: Porygon2|Porygon2|100/100
|-ability|p1a: Porygon2|Download|boost
|-boost|p1a: Porygon2|atk|1
|move|p2a: Gin|Moonblast|p1a: Porygon2
|-damage|p1a: Porygon2|63/100
|
|upkeep
|turn|7
|inactive|BFromTheMFBay has 90 seconds left.
|
|t:|1776053366
|move|p2a: Gin|Moonblast|p1a: Porygon2
|-damage|p1a: Porygon2|28/100
|-unboost|p1a: Porygon2|spa|1
|move|p1a: Porygon2|Trick Room|p1a: Porygon2
|-fieldstart|move: Trick Room|[of] p1a: Porygon2
|
|upkeep
|turn|8
|inactive|BFromTheMFBay has 90 seconds left.
|
|t:|1776053383
|move|p1a: Porygon2|Hyper Beam|p2a: Gin
|-damage|p2a: Gin|31/100
|-mustrecharge|p1a: Porygon2
|move|p2a: Gin|Moonblast|p1a: Porygon2
|-damage|p1a: Porygon2|0 fnt
|faint|p1a: Porygon2
|
|upkeep
|
|t:|1776053386
|switch|p1a: Torkoal|Torkoal, M|100/100
|-weather|SunnyDay|[from] ability: Drought|[of] p1a: Torkoal
|turn|9
|inactive|BFromTheMFBay has 90 seconds left.
|
|t:|1776053403
|switch|p2a: Mantra|Slowking-Galar, M, shiny|99/100
|move|p1a: Torkoal|Eruption|p2a: Mantra
|-damage|p2a: Mantra|43/100
|
|-weather|SunnyDay|[upkeep]
|upkeep
|turn|10
|inactive|BFromTheMFBay has 90 seconds left.
|
|t:|1776053421
|switch|p2a: Gin|Enamorus, F, shiny|31/100
|move|p1a: Torkoal|Overheat|p2a: Gin
|-damage|p2a: Gin|0 fnt
|-unboost|p1a: Torkoal|spa|2
|faint|p2a: Gin
|
|-weather|SunnyDay|[upkeep]
|upkeep
|
|t:|1776053437
|switch|p2a: Behemoth|Great Tusk, shiny|100/100
|-activate|p2a: Behemoth|ability: Protosynthesis
|-start|p2a: Behemoth|protosynthesisatk
|turn|11
|
|t:|1776053453
|move|p1a: Torkoal|Eruption|p2a: Behemoth
|-damage|p2a: Behemoth|30/100
|move|p2a: Behemoth|Headlong Rush|p1a: Torkoal
|-supereffective|p1a: Torkoal
|-damage|p1a: Torkoal|0 fnt
|-unboost|p2a: Behemoth|def|1
|-unboost|p2a: Behemoth|spd|1
|faint|p1a: Torkoal
|
|-weather|SunnyDay|[upkeep]
|-fieldend|move: Trick Room
|upkeep
|
|t:|1776053463
|switch|p1a: Walking Wake|Walking Wake|100/100
|-activate|p1a: Walking Wake|ability: Protosynthesis
|-start|p1a: Walking Wake|protosynthesisspe
|turn|12
|
|t:|1776053479
|-end|p2a: Behemoth|Protosynthesis|[silent]
|switch|p2a: Mantra|Slowking-Galar, M, shiny|77/100
|move|p1a: Walking Wake|Flamethrower|p2a: Mantra
|-damage|p2a: Mantra|39/100
|
|-weather|SunnyDay|[upkeep]
|upkeep
|turn|13
|inactive|BFromTheMFBay has 60 seconds left.
|
|t:|1776053496
|move|p1a: Walking Wake|Flamethrower|p2a: Mantra
|-damage|p2a: Mantra|5/100
|move|p2a: Mantra|Sludge Bomb|p1a: Walking Wake
|-damage|p1a: Walking Wake|64/100
|
|-weather|SunnyDay|[upkeep]
|upkeep
|turn|14
|inactive|BFromTheMFBay has 60 seconds left.
|
|t:|1776053513
|switch|p2a: Behemoth|Great Tusk, shiny|30/100
|-activate|p2a: Behemoth|ability: Protosynthesis
|-start|p2a: Behemoth|protosynthesisatk
|move|p1a: Walking Wake|Flamethrower|p2a: Behemoth
|-damage|p2a: Behemoth|0 fnt
|faint|p2a: Behemoth
|-end|p2a: Behemoth|Protosynthesis|[silent]
|
|-weather|SunnyDay|[upkeep]
|upkeep
|
|t:|1776053529
|switch|p2a: Mantra|Slowking-Galar, M, shiny|38/100
|turn|15
|
|t:|1776053537
|move|p1a: Walking Wake|Flamethrower|p2a: Mantra
|-damage|p2a: Mantra|5/100
|move|p2a: Mantra|Sludge Bomb|p1a: Walking Wake
|-damage|p1a: Walking Wake|23/100
|-status|p1a: Walking Wake|psn
|
|-weather|SunnyDay|[upkeep]
|-damage|p1a: Walking Wake|11/100 psn|[from] psn
|upkeep
|turn|16
|
|t:|1776053548
|move|p1a: Walking Wake|Flamethrower|p2a: Mantra
|-damage|p2a: Mantra|0 fnt
|faint|p2a: Mantra
|
|-weather|none
|-end|p1a: Walking Wake|Protosynthesis
|-damage|p1a: Walking Wake|0 fnt|[from] psn
|faint|p1a: Walking Wake
|-end|p1a: Walking Wake|Protosynthesis|[silent]
|upkeep
|
|t:|1776053556
|switch|p1a: Dragapult|Dragapult, M|91/100
|switch|p2a: Anonymous|Ogerpon, F|100/100
|turn|17
|inactive|BFromTheMFBay has 60 seconds left.
|
|t:|1776053564
|move|p1a: Dragapult|Dragon Darts|p2a: Anonymous
|-damage|p2a: Anonymous|61/100
|-anim|p1a: Dragapult|Dragon Darts|p2a: Anonymous
|-damage|p2a: Anonymous|22/100
|-damage|p1a: Dragapult|81/100|[from] item: Life Orb
|move|p2a: Anonymous|Knock Off|p1a: Dragapult
|-supereffective|p1a: Dragapult
|-damage|p1a: Dragapult|0 fnt
|-enditem|p1a: Dragapult|Life Orb|[from] move: Knock Off|[of] p2a: Anonymous
|faint|p1a: Dragapult
|
|upkeep
|-message|claclabar6 forfeited.
|
|win|BFromTheMFBay
|raw|claclabar6's rating: 1333 &rarr; <strong>1318</strong><br />(-15 for losing)
|raw|BFromTheMFBay's rating: 1422 &rarr; <strong>1437</strong><br />(+15 for winning)
|c|☆BFromTheMFBay|gg
|l|☆claclabar6
|player|p1|
|l|☆BFromTheMFBay
|player|p2|
