|html|<div class="broadcast-blue"><strong>[Gen 9] OU is currently suspecting Tera Blast! For information on how to participate check out the <a href="https://www.smogon.com/tools/suspects/view/200">suspect thread</a>.</strong></div>
|j|☆tigert242
|j|☆sam699
|t:|1776197558
|gametype|singles
|player|p1|tigert242|266|1460
|player|p2|sam699|zinzolin|1513
|gen|9
|tier|[Gen 9] OU
|rated|
|rule|HP Percentage Mod: HP is shown in percentages
|rule|Endless Battle Clause: Forcing endless battles is banned
|rule|Species Clause: Limit one of each Pokémon
|rule|OHKO Clause: OHKO moves are banned
|rule|Evasion Items Clause: Evasion items are banned
|rule|Evasion Moves Clause: Evasion moves are banned
|rule|Evasion Abilities Clause: Evasion abilities are banned
|rule|Sleep Moves Clause: Sleep-inducing moves are banned
|clearpoke
|poke|p1|Slowking-Galar, M|
|poke|p1|Tornadus-Therian, M|
|poke|p1|Landorus-Therian, M|
|poke|p1|Kyurem|
|poke|p1|Clefable, M|
|poke|p1|Scizor, M|
|poke|p2|Walking Wake|
|poke|p2|Heatran, F|
|poke|p2|Rillaboom, F|
|poke|p2|Clefable, M|
|poke|p2|Gliscor, M|
|poke|p2|Zamazenta-*|
|teampreview
|
|t:|1776197575
|teamsize|p1|6
|teamsize|p2|6
|start
|switch|p1a: Landorus|Landorus-Therian, M|100/100
|switch|p2a: Walking Wake|Walking Wake|100/100
|-ability|p1a: Landorus|Intimidate|boost
|-unboost|p2a: Walking Wake|atk|1
|turn|1
|
|t:|1776197588
|switch|p1a: Slowking|Slowking-Galar, M|100/100
|move|p2a: Walking Wake|Substitute|p2a: Walking Wake
|-start|p2a: Walking Wake|Substitute
|-damage|p2a: Walking Wake|76/100
|
|upkeep
|turn|2
|
|t:|1776197600
|move|p2a: Walking Wake|Scald|p1a: Slowking
|-damage|p1a: Slowking|74/100
|move|p1a: Slowking|Future Sight|p2a: Walking Wake
|-start|p1a: Slowking|move: Future Sight
|
|upkeep
|turn|3
|
|t:|1776197606
|move|p2a: Walking Wake|Scald|p1a: Slowking
|-damage|p1a: Slowking|50/100
|-status|p1a: Slowking|brn
|move|p1a: Slowking|Sludge Bomb|p2a: Walking Wake
|-end|p2a: Walking Wake|Substitute
|
|-damage|p1a: Slowking|44/100 brn|[from] brn
|upkeep
|turn|4
|
|t:|1776197615
|-end|p2a: Walking Wake|Protosynthesis|[silent]
|switch|p2a: Heatran|Heatran, F|100/100
|move|p1a: Slowking|Sludge Bomb|p2a: Heatran
|-immune|p2a: Heatran
|
|-end|p2a: Heatran|move: Future Sight
|-resisted|p2a: Heatran
|-damage|p2a: Heatran|83/100
|-heal|p2a: Heatran|89/100|[from] item: Leftovers
|-damage|p1a: Slowking|38/100 brn|[from] brn
|upkeep
|turn|5
|
|t:|1776197622
|switch|p1a: Landorus|Landorus-Therian, M|100/100
|-ability|p1a: Landorus|Intimidate|boost
|-unboost|p2a: Heatran|atk|1
|move|p2a: Heatran|Magma Storm|p1a: Landorus|[miss]
|-miss|p2a: Heatran|p1a: Landorus
|
|-heal|p2a: Heatran|95/100|[from] item: Leftovers
|upkeep
|turn|6
|
|t:|1776197634
|switch|p2a: Gliscor|Gliscor, M|100/100
|move|p1a: Landorus|U-turn|p2a: Gliscor
|-resisted|p2a: Gliscor
|-damage|p2a: Gliscor|91/100
|
|t:|1776197640
|switch|p1a: Kyurem|Kyurem|100/100|[from] U-turn
|-ability|p1a: Kyurem|Pressure
|
|-status|p2a: Gliscor|tox|[from] item: Toxic Orb
|upkeep
|turn|7
|
|t:|1776197651
|switch|p2a: Zamazenta|Zamazenta|100/100
|-ability|p2a: Zamazenta|Dauntless Shield|boost
|-boost|p2a: Zamazenta|def|1
|move|p1a: Kyurem|Earth Power|p2a: Zamazenta
|-damage|p2a: Zamazenta|55/100
|
|upkeep
|turn|8
|
|t:|1776197660
|switch|p1a: Tornadus|Tornadus-Therian, M|100/100
|move|p2a: Zamazenta|Close Combat|p1a: Tornadus
|-resisted|p1a: Tornadus
|-damage|p1a: Tornadus|56/100
|-unboost|p2a: Zamazenta|def|1
|-unboost|p2a: Zamazenta|spd|1
|-damage|p2a: Zamazenta|45/100|[from] item: Life Orb
|
|upkeep
|turn|9
|
|t:|1776197675
|move|p2a: Zamazenta|Stone Edge|p1a: Tornadus
|-supereffective|p1a: Tornadus
|-damage|p1a: Tornadus|0 fnt
|faint|p1a: Tornadus
|-damage|p2a: Zamazenta|36/100|[from] item: Life Orb
|
|upkeep
|
|t:|1776197690
|switch|p1a: Landorus|Landorus-Therian, M|100/100
|-ability|p1a: Landorus|Intimidate|boost
|-unboost|p2a: Zamazenta|atk|1
|turn|10
|
|t:|1776197696
|switch|p2a: Gliscor|Gliscor, M|91/100 tox
|move|p1a: Landorus|U-turn|p2a: Gliscor
|-resisted|p2a: Gliscor
|-damage|p2a: Gliscor|81/100 tox
|
|t:|1776197705
|switch|p1a: Kyurem|Kyurem|100/100|[from] U-turn
|-ability|p1a: Kyurem|Pressure
|
|-heal|p2a: Gliscor|93/100 tox|[from] ability: Poison Heal
|upkeep
|turn|11
|
|t:|1776197713
|switch|p1a: Landorus|Landorus-Therian, M|100/100
|-ability|p1a: Landorus|Intimidate|boost
|-unboost|p2a: Gliscor|atk|1
|move|p2a: Gliscor|Knock Off|p1a: Landorus
|-damage|p1a: Landorus|85/100
|-enditem|p1a: Landorus|Leftovers|[from] move: Knock Off|[of] p2a: Gliscor
|
|-heal|p2a: Gliscor|100/100 tox|[from] ability: Poison Heal
|upkeep
|turn|12
|
|t:|1776197721
|move|p1a: Landorus|Stealth Rock|p2a: Gliscor
|-sidestart|p2: sam699|move: Stealth Rock
|move|p2a: Gliscor|U-turn|p1a: Landorus
|-resisted|p1a: Landorus
|-damage|p1a: Landorus|79/100
|
|t:|1776197726
|switch|p2a: Walking Wake|Walking Wake|76/100|[from] U-turn
|
|upkeep
|turn|13
|
|t:|1776197731
|switch|p1a: Slowking|Slowking-Galar, M|71/100 brn
|move|p2a: Walking Wake|Scald|p1a: Slowking
|-damage|p1a: Slowking|49/100 brn
|
|-damage|p1a: Slowking|43/100 brn|[from] brn
|upkeep
|turn|14
|
|t:|1776197738
|move|p2a: Walking Wake|Scald|p1a: Slowking
|-damage|p1a: Slowking|20/100 brn
|-prepare|p1a: Slowking|Chilly Reception|[premajor]
|move|p1a: Slowking|Chilly Reception|p1a: Slowking
|-weather|Snowscape
|
|t:|1776197752
|switch|p1a: Clefable|Clefable, M|100/100|[from] Chilly Reception
|
|-weather|Snowscape|[upkeep]
|upkeep
|turn|15
|
|t:|1776197763
|-end|p2a: Walking Wake|Protosynthesis|[silent]
|switch|p2a: Gliscor|Gliscor, M|100/100 tox
|-damage|p2a: Gliscor|88/100 tox|[from] Stealth Rock
|switch|p1a: Slowking|Slowking-Galar, M|53/100 brn
|
|-weather|Snowscape|[upkeep]
|-heal|p2a: Gliscor|100/100 tox|[from] ability: Poison Heal
|-damage|p1a: Slowking|47/100 brn|[from] brn
|upkeep
|turn|16
|
|t:|1776197774
|switch|p1a: Landorus|Landorus-Therian, M|79/100
|-ability|p1a: Landorus|Intimidate|boost
|-unboost|p2a: Gliscor|atk|1
|move|p2a: Gliscor|Knock Off|p1a: Landorus
|-damage|p1a: Landorus|69/100
|
|-weather|Snowscape|[upkeep]
|upkeep
|turn|17
|
|t:|1776197783
|move|p1a: Landorus|U-turn|p2a: Gliscor
|-resisted|p2a: Gliscor
|-damage|p2a: Gliscor|90/100 tox
|
|t:|1776197787
|switch|p1a: Clefable|Clefable, M|100/100|[from] U-turn
|move|p2a: Gliscor|U-turn|p1a: Clefable
|-resisted|p1a: Clefable
|-damage|p1a: Clefable|94/100
|
|t:|1776197802
|switch|p2a: Rillaboom|Rillaboom, F|100/100|[from] U-turn
|-damage|p2a: Rillaboom|88/100|[from] Stealth Rock
|-fieldstart|move: Grassy Terrain|[from] ability: Grassy Surge|[of] p2a: Rillaboom
|
|-weather|Snowscape|[upkeep]
|-heal|p2a: Rillaboom|94/100|[from] Grassy Terrain
|-heal|p1a: Clefable|100/100|[from] Grassy Terrain
|upkeep
|turn|18
|
|t:|1776197812
|switch|p1a: Scizor|Scizor, M|100/100
|move|p2a: Rillaboom|Wood Hammer|p1a: Scizor
|-resisted|p1a: Scizor
|-damage|p1a: Scizor|63/100
|-damage|p2a: Rillaboom|83/100|[from] Recoil
|
|-weather|none
|-heal|p2a: Rillaboom|89/100|[from] Grassy Terrain
|-heal|p1a: Scizor|69/100|[from] Grassy Terrain
|upkeep
|turn|19
|
|t:|1776197822
|switch|p2a: Gliscor|Gliscor, M|90/100 tox
|-damage|p2a: Gliscor|77/100 tox|[from] Stealth Rock
|move|p1a: Scizor|Swords Dance|p1a: Scizor
|-boost|p1a: Scizor|atk|2
|
|-heal|p1a: Scizor|75/100|[from] Grassy Terrain
|-heal|p2a: Gliscor|90/100 tox|[from] ability: Poison Heal
|upkeep
|turn|20
|
|t:|1776197829
|move|p2a: Gliscor|Knock Off|p1a: Scizor
|-damage|p1a: Scizor|51/100
|-enditem|p1a: Scizor|Life Orb|[from] move: Knock Off|[of] p2a: Gliscor
|move|p1a: Scizor|Swords Dance|p1a: Scizor
|-boost|p1a: Scizor|atk|2
|
|-heal|p1a: Scizor|57/100|[from] Grassy Terrain
|-heal|p2a: Gliscor|100/100 tox|[from] ability: Poison Heal
|upkeep
|turn|21
|
|t:|1776197839
|move|p2a: Gliscor|U-turn|p1a: Scizor
|-resisted|p1a: Scizor
|-damage|p1a: Scizor|49/100
|
|t:|1776197843
|switch|p2a: Zamazenta|Zamazenta|36/100|[from] U-turn
|-damage|p2a: Zamazenta|29/100|[from] Stealth Rock
|move|p1a: Scizor|Swords Dance|p1a: Scizor
|-boost|p1a: Scizor|atk|2
|
|-heal|p2a: Zamazenta|36/100|[from] Grassy Terrain
|-heal|p1a: Scizor|55/100|[from] Grassy Terrain
|-fieldend|move: Grassy Terrain
|upkeep
|turn|22
|
|t:|1776197849
|move|p1a: Scizor|Bullet Punch|p2a: Zamazenta
|-damage|p2a: Zamazenta|0 fnt
|faint|p2a: Zamazenta
|
|upkeep
|
|t:|1776197854
|switch|p2a: Heatran|Heatran, F|95/100
|-damage|p2a: Heatran|83/100|[from] Stealth Rock
|turn|23
|
|t:|1776197858
|move|p1a: Scizor|Close Combat|p2a: Heatran
|-supereffective|p2a: Heatran
|-damage|p2a: Heatran|0 fnt
|-unboost|p1a: Scizor|def|1
|-unboost|p1a: Scizor|spd|1
|faint|p2a: Heatran
|
|upkeep
|
|t:|1776197864
|switch|p2a: Walking Wake|Walking Wake|76/100
|turn|24
|
|t:|1776197934
|-terastallize|p1a: Scizor|Steel
|move|p1a: Scizor|Bullet Punch|p2a: Walking Wake
|-resisted|p2a: Walking Wake
|-damage|p2a: Walking Wake|0 fnt
|faint|p2a: Walking Wake
|-end|p2a: Walking Wake|Protosynthesis|[silent]
|
|upkeep
|
|t:|1776197940
|switch|p2a: Gliscor|Gliscor, M|100/100 tox
|-damage|p2a: Gliscor|88/100 tox|[from] Stealth Rock
|turn|25
|
|t:|1776197947
|-terastallize|p2a: Gliscor|Water
|move|p1a: Scizor|Bullet Punch|p2a: Gliscor
|-resisted|p2a: Gliscor
|-damage|p2a: Gliscor|22/100 tox
|move|p2a: Gliscor|Earthquake|p1a: Scizor
|-supereffective|p1a: Scizor
|-damage|p1a: Scizor|0 fnt
|faint|p1a: Scizor
|
|-heal|p2a: Gliscor|35/100 tox|[from] ability: Poison Heal
|upkeep
|
|t:|1776197969
|switch|p1a: Kyurem|Kyurem|100/100
|-ability|p1a: Kyurem|Pressure
|turn|26
|
|t:|1776197978
|move|p1a: Kyurem|Ice Beam|p2a: Gliscor
|-resisted|p2a: Gliscor
|-damage|p2a: Gliscor|4/100 tox
|move|p2a: Gliscor|Knock Off|p1a: Kyurem
|-damage|p1a: Kyurem|80/100
|-enditem|p1a: Kyurem|Choice Specs|[from] move: Knock Off|[of] p2a: Gliscor
|
|-heal|p2a: Gliscor|17/100 tox|[from] ability: Poison Heal
|upkeep
|turn|27
|
|t:|1776197985
|move|p1a: Kyurem|Ice Beam|p2a: Gliscor
|-resisted|p2a: Gliscor
|-damage|p2a: Gliscor|0 fnt
|faint|p2a: Gliscor
|
|upkeep
|
|t:|1776197988
|switch|p2a: Clefable|Clefable, M|100/100
|turn|28
|
|t:|1776197994
|switch|p1a: Slowking|Slowking-Galar, M|80/100 brn
|move|p2a: Clefable|Moonblast|p1a: Slowking
|-resisted|p1a: Slowking
|-damage|p1a: Slowking|71/100 brn
|-unboost|p1a: Slowking|spa|1
|
|-damage|p1a: Slowking|64/100 brn|[from] brn
|upkeep
|turn|29
|
|t:|1776198003
|move|p2a: Clefable|Wish|p2a: Clefable
|move|p1a: Slowking|Future Sight|p2a: Clefable
|-start|p1a: Slowking|move: Future Sight
|
|-damage|p1a: Slowking|58/100 brn|[from] brn
|upkeep
|turn|30
|
|t:|1776198008
|switch|p2a: Rillaboom|Rillaboom, F|89/100
|-damage|p2a: Rillaboom|77/100|[from] Stealth Rock
|-fieldstart|move: Grassy Terrain|[from] ability: Grassy Surge|[of] p2a: Rillaboom
|move|p1a: Slowking|Thunder Wave|p2a: Rillaboom
|-status|p2a: Rillaboom|par
|
|-heal|p2a: Rillaboom|100/100 par|[from] move: Wish|[wisher] Clefable
|-heal|p1a: Slowking|64/100 brn|[from] Grassy Terrain
|-damage|p1a: Slowking|58/100 brn|[from] brn
|upkeep
|turn|31
|
|t:|1776198019
|switch|p1a: Landorus|Landorus-Therian, M|69/100
|-ability|p1a: Landorus|Intimidate|boost
|-unboost|p2a: Rillaboom|atk|1
|move|p2a: Rillaboom|Knock Off|p1a: Landorus
|-damage|p1a: Landorus|40/100
|
|-end|p2a: Rillaboom|move: Future Sight
|-damage|p2a: Rillaboom|36/100 par
|-heal|p2a: Rillaboom|42/100 par|[from] Grassy Terrain
|upkeep
|turn|32
|
|t:|1776198027
|switch|p2a: Clefable|Clefable, M|100/100
|move|p1a: Landorus|U-turn|p2a: Clefable
|-resisted|p2a: Clefable
|-damage|p2a: Clefable|87/100
|
|t:|1776198030
|switch|p1a: Slowking|Slowking-Galar, M|92/100 brn|[from] U-turn
|
|-heal|p2a: Clefable|93/100|[from] Grassy Terrain
|-heal|p2a: Clefable|99/100|[from] item: Leftovers
|-heal|p1a: Slowking|98/100 brn|[from] Grassy Terrain
|-damage|p1a: Slowking|92/100 brn|[from] brn
|upkeep
|turn|33
|-message|sam699 forfeited.
|
|win|tigert242
|raw|tigert242's rating: 1460 &rarr; <strong>1483</strong><br />(+23 for winning)
|raw|sam699's rating: 1513 &rarr; <strong>1490</strong><br />(-23 for losing)
|l|☆sam699
|player|p2|
