|html|<div class="broadcast-blue"><strong>[Gen 9] OU is currently suspecting Tera Blast! For information on how to participate check out the <a href="https://www.smogon.com/tools/suspects/view/200">suspect thread</a>.</strong></div>
|j|☆Lugi loves piplup
|j|☆fremsh39
|t:|1776090692
|gametype|singles
|player|p1|Lugi loves piplup|169|1135
|player|p2|fremsh39|unknown|1155
|gen|9
|tier|[Gen 9] OU
|rated|
|rule|HP Percentage Mod: HP is shown in percentages
|rule|Endless Battle Clause: Forcing endless battles is banned
|rule|Species Clause: Limit one of each Pokémon
|rule|OHKO Clause: OHKO moves are banned
|rule|Evasion Items Clause: Evasion items are banned
|rule|Evasion Moves Clause: Evasion moves are banned
|rule|Evasion Abilities Clause: Evasion abilities are banned
|rule|Sleep Moves Clause: Sleep-inducing moves are banned
|clearpoke
|poke|p1|Ting-Lu|
|poke|p1|Samurott-Hisui, M|
|poke|p1|Moltres|
|poke|p1|Iron Crown|
|poke|p1|Clefable, F|
|poke|p1|Kyurem|
|poke|p2|Maushold|
|poke|p2|Tornadus-Therian, M|
|poke|p2|Toxapex, M|
|poke|p2|Slaking, F|
|poke|p2|Coalossal, M|
|poke|p2|Poliwrath, M|
|teampreview
|inactive|Battle timer is ON: inactive players will automatically lose when time's up. (requested by Lugi loves piplup)
|
|t:|1776090710
|teamsize|p1|6
|teamsize|p2|6
|start
|switch|p1a: Samurott|Samurott-Hisui, M|100/100
|switch|p2a: Maushold|Maushold|100/100
|turn|1
|
|t:|1776090716
|move|p1a: Samurott|Ceaseless Edge|p2a: Maushold
|-damage|p2a: Maushold|29/100
|-sidestart|p2: fremsh39|Spikes
|move|p2a: Maushold|Tidy Up|p2a: Maushold
|-sideend|p2: fremsh39|Spikes
|-activate|p2a: Maushold|move: Tidy Up
|-boost|p2a: Maushold|atk|1
|-boost|p2a: Maushold|spe|1
|
|upkeep
|turn|2
|
|t:|1776090719
|move|p2a: Maushold|Population Bomb|p1a: Samurott
|-damage|p1a: Samurott|79/100
|-damage|p1a: Samurott|56/100
|-damage|p1a: Samurott|34/100
|-damage|p1a: Samurott|14/100
|-damage|p1a: Samurott|0 fnt
|faint|p1a: Samurott
|-hitcount|p1: Samurott|5
|
|upkeep
|
|t:|1776090739
|switch|p1a: Ting-Lu|Ting-Lu|100/100
|-ability|p1a: Ting-Lu|Vessel of Ruin
|turn|3
|
|t:|1776090755
|move|p2a: Maushold|Population Bomb|p1a: Ting-Lu
|-damage|p1a: Ting-Lu|94/100
|-damage|p1a: Ting-Lu|87/100
|-damage|p1a: Ting-Lu|80/100
|-damage|p1a: Ting-Lu|74/100
|-damage|p1a: Ting-Lu|67/100
|-damage|p1a: Ting-Lu|60/100
|-damage|p1a: Ting-Lu|53/100
|-damage|p1a: Ting-Lu|46/100
|-damage|p1a: Ting-Lu|39/100
|-damage|p1a: Ting-Lu|32/100
|-hitcount|p1a: Ting-Lu|10
|move|p1a: Ting-Lu|Earthquake|p2a: Maushold
|-damage|p2a: Maushold|0 fnt
|faint|p2a: Maushold
|
|-heal|p1a: Ting-Lu|39/100|[from] item: Leftovers
|upkeep
|
|t:|1776090763
|switch|p2a: Poliwrath|Poliwrath, M|100/100
|turn|4
|
|t:|1776090769
|switch|p1a: Clefable|Clefable, F|100/100
|move|p2a: Poliwrath|Rain Dance|p2a: Poliwrath
|-weather|RainDance
|
|-weather|RainDance|[upkeep]
|upkeep
|turn|5
|
|t:|1776090782
|move|p2a: Poliwrath|Liquidation|p1a: Clefable
|-damage|p1a: Clefable|15/100
|-damage|p2a: Poliwrath|91/100|[from] item: Life Orb
|move|p1a: Clefable|Thunder Wave|p2a: Poliwrath
|-status|p2a: Poliwrath|par
|
|-weather|RainDance|[upkeep]
|upkeep
|turn|6
|
|t:|1776090792
|cant|p2a: Poliwrath|par
|move|p1a: Clefable|Moonblast|p2a: Poliwrath
|-supereffective|p2a: Poliwrath
|-damage|p2a: Poliwrath|21/100 par
|
|-weather|RainDance|[upkeep]
|upkeep
|turn|7
|
|t:|1776090799
|cant|p2a: Poliwrath|par
|move|p1a: Clefable|Moonblast|p2a: Poliwrath
|-supereffective|p2a: Poliwrath
|-damage|p2a: Poliwrath|0 fnt
|faint|p2a: Poliwrath
|
|-weather|RainDance|[upkeep]
|upkeep
|
|t:|1776090804
|switch|p2a: Tornadus|Tornadus-Therian, M|100/100
|turn|8
|
|t:|1776090814
|move|p2a: Tornadus|Bleakwind Storm|p1a: Clefable
|-damage|p1a: Clefable|0 fnt
|faint|p1a: Clefable
|
|-weather|none
|upkeep
|
|t:|1776090826
|switch|p1a: Kyurem|Kyurem|100/100
|-ability|p1a: Kyurem|Pressure
|turn|9
|
|t:|1776090837
|move|p1a: Kyurem|Ice Beam|p2a: Tornadus
|-supereffective|p2a: Tornadus
|-damage|p2a: Tornadus|34/100
|move|p2a: Tornadus|Bleakwind Storm|p1a: Kyurem
|-crit|p1a: Kyurem
|-damage|p1a: Kyurem|34/100
|
|upkeep
|turn|10
|
|t:|1776090843
|move|p1a: Kyurem|Ice Beam|p2a: Tornadus
|-supereffective|p2a: Tornadus
|-damage|p2a: Tornadus|0 fnt
|faint|p2a: Tornadus
|
|upkeep
|
|t:|1776090845
|switch|p2a: Slaking|Slaking, F|100/100
|turn|11
|
|t:|1776090857
|move|p2a: Slaking|Earthquake|p1a: Kyurem
|-damage|p1a: Kyurem|0 fnt
|faint|p1a: Kyurem
|
|upkeep
|
|t:|1776090860
|switch|p1a: Iron Crown|Iron Crown|100/100
|-enditem|p1a: Iron Crown|Booster Energy
|-activate|p1a: Iron Crown|ability: Quark Drive|[fromitem]
|-start|p1a: Iron Crown|quarkdrivespa
|turn|12
|
|t:|1776090878
|-terastallize|p1a: Iron Crown|Water
|cant|p2a: Slaking|ability: Truant
|move|p1a: Iron Crown|Calm Mind|p1a: Iron Crown
|-boost|p1a: Iron Crown|spa|1
|-boost|p1a: Iron Crown|spd|1
|
|upkeep
|turn|13
|
|t:|1776090891
|switch|p2a: Toxapex|Toxapex, M|100/100
|move|p1a: Iron Crown|Calm Mind|p1a: Iron Crown
|-boost|p1a: Iron Crown|spa|1
|-boost|p1a: Iron Crown|spd|1
|
|upkeep
|turn|14
|
|t:|1776090899
|move|p1a: Iron Crown|Psychic Noise|p2a: Toxapex
|-supereffective|p2a: Toxapex
|-damage|p2a: Toxapex|0 fnt
|faint|p2a: Toxapex
|
|upkeep
|
|t:|1776090906
|switch|p2a: Slaking|Slaking, F|100/100
|turn|15
|
|t:|1776090910
|-terastallize|p2a: Slaking|Normal
|move|p2a: Slaking|Giga Impact|p1a: Iron Crown
|-damage|p1a: Iron Crown|0 fnt
|-mustrecharge|p2a: Slaking
|faint|p1a: Iron Crown
|-end|p1a: Iron Crown|Quark Drive|[silent]
|
|upkeep
|
|t:|1776090919
|switch|p1a: Ting-Lu|Ting-Lu|39/100
|-ability|p1a: Ting-Lu|Vessel of Ruin
|turn|16
|
|t:|1776090923
|cant|p2a: Slaking|recharge
|move|p1a: Ting-Lu|Ruination|p2a: Slaking
|-damage|p2a: Slaking|51/100
|
|-heal|p1a: Ting-Lu|45/100|[from] item: Leftovers
|upkeep
|turn|17
|
|t:|1776090931
|move|p2a: Slaking|Giga Impact|p1a: Ting-Lu|[miss]
|-miss|p2a: Slaking|p1a: Ting-Lu
|move|p1a: Ting-Lu|Earthquake|p2a: Slaking
|-damage|p2a: Slaking|21/100
|
|-heal|p1a: Ting-Lu|51/100|[from] item: Leftovers
|upkeep
|turn|18
|
|t:|1776090937
|cant|p2a: Slaking|ability: Truant
|move|p1a: Ting-Lu|Earthquake|p2a: Slaking
|-damage|p2a: Slaking|0 fnt
|faint|p2a: Slaking
|
|-heal|p1a: Ting-Lu|57/100|[from] item: Leftovers
|upkeep
|
|t:|1776090939
|switch|p2a: Coalossal|Coalossal, M|100/100
|turn|19
|
|t:|1776090945
|move|p1a: Ting-Lu|Earthquake|p2a: Coalossal
|-supereffective|p2a: Coalossal
|-damage|p2a: Coalossal|20/100
|move|p2a: Coalossal|Flamethrower|p1a: Ting-Lu
|-damage|p1a: Ting-Lu|41/100
|
|-heal|p1a: Ting-Lu|47/100|[from] item: Leftovers
|upkeep
|turn|20
|
|t:|1776090948
|move|p1a: Ting-Lu|Earthquake|p2a: Coalossal
|-supereffective|p2a: Coalossal
|-damage|p2a: Coalossal|0 fnt
|faint|p2a: Coalossal
|
|win|Lugi loves piplup
|raw|Lugi loves piplup's rating: 1135 &rarr; <strong>1161</strong><br />(+26 for winning)
|raw|fremsh39's rating: 1155 &rarr; <strong>1129</strong><br />(-26 for losing)
|l|☆Lugi loves piplup
|player|p1|
|l|☆fremsh39
|player|p2|
