|html|<div class="broadcast-blue"><strong>[Gen 9] OU is currently suspecting Tera Blast! For information on how to participate check out the <a href="https://www.smogon.com/tools/suspects/view/200">suspect thread</a>.</strong></div>
|j|☆jul12
|j|‽Markknight05
|t:|1776044606
|gametype|singles
|player|p1|jul12|lance|1258
|player|p2|Markknight05|169|1250
|gen|9
|tier|[Gen 9] OU
|rated|
|rule|HP Percentage Mod: HP is shown in percentages
|rule|Endless Battle Clause: Forcing endless battles is banned
|rule|Species Clause: Limit one of each Pokémon
|rule|OHKO Clause: OHKO moves are banned
|rule|Evasion Items Clause: Evasion items are banned
|rule|Evasion Moves Clause: Evasion moves are banned
|rule|Evasion Abilities Clause: Evasion abilities are banned
|rule|Sleep Moves Clause: Sleep-inducing moves are banned
|clearpoke
|poke|p1|Tornadus-Therian, M|
|poke|p1|Rillaboom, F|
|poke|p1|Heatran, M|
|poke|p1|Alomomola, F|
|poke|p1|Zamazenta-*|
|poke|p1|Iron Treads|
|poke|p2|Delphox, F|
|poke|p2|Araquanid, F|
|poke|p2|Sinistcha|
|poke|p2|Iron Treads|
|poke|p2|Pawmot, M|
|poke|p2|Enamorus, F|
|teampreview
|inactive|Battle timer is ON: inactive players will automatically lose when time's up. (requested by jul12)
|
|t:|1776044636
|teamsize|p1|6
|teamsize|p2|6
|start
|switch|p1a: Tornadus|Tornadus-Therian, M|100/100
|switch|p2a: Araquanid|Araquanid, F|100/100
|turn|1
|
|t:|1776044647
|switch|p2a: Iron Treads|Iron Treads|100/100
|move|p1a: Tornadus|Hurricane|p2a: Iron Treads
|-resisted|p2a: Iron Treads
|-damage|p2a: Iron Treads|78/100
|-damage|p1a: Tornadus|91/100|[from] item: Life Orb
|
|upkeep
|turn|2
|
|t:|1776044658
|move|p1a: Tornadus|Heat Wave|p2a: Iron Treads
|-supereffective|p2a: Iron Treads
|-damage|p2a: Iron Treads|23/100
|-damage|p1a: Tornadus|81/100|[from] item: Life Orb
|move|p2a: Iron Treads|Ice Spinner|p1a: Tornadus
|-supereffective|p1a: Tornadus
|-damage|p1a: Tornadus|15/100
|
|upkeep
|turn|3
|
|t:|1776044669
|-end|p2a: Iron Treads|Quark Drive|[silent]
|switch|p2a: Delphox|Delphox, F|100/100
|move|p1a: Tornadus|Heat Wave|p2a: Delphox
|-resisted|p2a: Delphox
|-damage|p2a: Delphox|78/100
|-damage|p1a: Tornadus|5/100|[from] item: Life Orb
|
|upkeep
|turn|4
|
|t:|1776044684
|switch|p1a: Heatran|Heatran, M|100/100
|move|p2a: Delphox|Future Sight|p1a: Heatran
|-start|p2a: Delphox|move: Future Sight
|
|upkeep
|turn|5
|
|t:|1776044700
|switch|p2a: Araquanid|Araquanid, F|100/100
|move|p1a: Heatran|Stealth Rock|p2a: Araquanid
|-sidestart|p2: Markknight05|move: Stealth Rock
|
|upkeep
|turn|6
|
|t:|1776044709
|move|p1a: Heatran|Taunt|p2a: Araquanid
|-start|p2a: Araquanid|move: Taunt
|cant|p2a: Araquanid|move: Taunt|Sticky Web
|
|-end|p1a: Heatran|move: Future Sight
|-resisted|p1a: Heatran
|-damage|p1a: Heatran|83/100
|-heal|p1a: Heatran|89/100|[from] item: Leftovers
|upkeep
|turn|7
|
|t:|1776044727
|switch|p1a: Alomomola|Alomomola, F|100/100
|move|p2a: Araquanid|Liquidation|p1a: Alomomola
|-resisted|p1a: Alomomola
|-damage|p1a: Alomomola|83/100
|
|upkeep
|turn|8
|
|t:|1776044738
|move|p1a: Alomomola|Scald|p2a: Araquanid
|-resisted|p2a: Araquanid
|-damage|p2a: Araquanid|95/100
|move|p2a: Araquanid|Liquidation|p1a: Alomomola
|-resisted|p1a: Alomomola
|-damage|p1a: Alomomola|64/100
|
|-end|p2a: Araquanid|move: Taunt
|upkeep
|turn|9
|
|t:|1776044748
|move|p1a: Alomomola|Scald|p2a: Araquanid
|-resisted|p2a: Araquanid
|-damage|p2a: Araquanid|90/100
|move|p2a: Araquanid|Sticky Web|p1a: Alomomola
|-sidestart|p1: jul12|move: Sticky Web
|
|upkeep
|turn|10
|
|t:|1776044754
|move|p1a: Alomomola|Scald|p2a: Araquanid
|-resisted|p2a: Araquanid
|-damage|p2a: Araquanid|84/100
|move|p2a: Araquanid|Leech Life|p1a: Alomomola
|-damage|p1a: Alomomola|49/100
|-heal|p2a: Araquanid|96/100|[from] drain|[of] p1a: Alomomola
|
|upkeep
|turn|11
|
|t:|1776044764
|move|p1a: Alomomola|Wish|p1a: Alomomola
|move|p2a: Araquanid|Liquidation|p1a: Alomomola
|-resisted|p1a: Alomomola
|-damage|p1a: Alomomola|31/100
|
|upkeep
|turn|12
|
|t:|1776044776
|move|p1a: Alomomola|Protect|p1a: Alomomola
|-singleturn|p1a: Alomomola|Protect
|move|p2a: Araquanid|Liquidation|p1a: Alomomola
|-activate|p1a: Alomomola|move: Protect
|
|-heal|p1a: Alomomola|81/100|[from] move: Wish|[wisher] Alomomola
|upkeep
|turn|13
|
|t:|1776044789
|move|p1a: Alomomola|Wish|p1a: Alomomola
|move|p2a: Araquanid|Leech Life|p1a: Alomomola
|-damage|p1a: Alomomola|66/100
|-heal|p2a: Araquanid|100/100|[from] drain|[of] p1a: Alomomola
|
|upkeep
|turn|14
|
|t:|1776044798
|move|p1a: Alomomola|Flip Turn|p2a: Araquanid
|-resisted|p2a: Araquanid
|-damage|p2a: Araquanid|91/100
|
|t:|1776044801
|switch|p1a: Tornadus|Tornadus-Therian, M|38/100|[from] Flip Turn
|move|p2a: Araquanid|Liquidation|p1a: Tornadus
|-damage|p1a: Tornadus|0 fnt
|faint|p1a: Tornadus
|
|upkeep
|
|t:|1776044823
|switch|p1a: Rillaboom|Rillaboom, F|100/100
|-activate|p1a: Rillaboom|move: Sticky Web
|-unboost|p1a: Rillaboom|spe|1
|-fieldstart|move: Grassy Terrain|[from] ability: Grassy Surge|[of] p1a: Rillaboom
|turn|15
|
|t:|1776044831
|switch|p2a: Sinistcha|Sinistcha|100/100
|-terastallize|p1a: Rillaboom|Grass
|move|p1a: Rillaboom|Grassy Glide|p2a: Sinistcha
|-resisted|p2a: Sinistcha
|-damage|p2a: Sinistcha|73/100
|
|-heal|p2a: Sinistcha|79/100|[from] Grassy Terrain
|upkeep
|turn|16
|
|t:|1776044844
|switch|p1a: Iron Treads|Iron Treads|100/100
|-activate|p1a: Iron Treads|move: Sticky Web
|-unboost|p1a: Iron Treads|spe|1
|move|p2a: Sinistcha|Calm Mind|p2a: Sinistcha
|-boost|p2a: Sinistcha|spa|1
|-boost|p2a: Sinistcha|spd|1
|
|-heal|p2a: Sinistcha|85/100|[from] Grassy Terrain
|upkeep
|turn|17
|
|t:|1776044854
|move|p1a: Iron Treads|Knock Off|p2a: Sinistcha
|-supereffective|p2a: Sinistcha
|-crit|p2a: Sinistcha
|-damage|p2a: Sinistcha|13/100
|-enditem|p2a: Sinistcha|Heavy-Duty Boots|[from] move: Knock Off|[of] p1a: Iron Treads
|move|p2a: Sinistcha|Strength Sap|p1a: Iron Treads
|-unboost|p1a: Iron Treads|atk|1
|-heal|p2a: Sinistcha|100/100
|
|upkeep
|turn|18
|
|t:|1776044865
|-end|p1a: Iron Treads|Quark Drive|[silent]
|switch|p1a: Heatran|Heatran, M|89/100
|-activate|p1a: Heatran|move: Sticky Web
|-unboost|p1a: Heatran|spe|1
|move|p2a: Sinistcha|Calm Mind|p2a: Sinistcha
|-boost|p2a: Sinistcha|spa|1
|-boost|p2a: Sinistcha|spd|1
|
|-heal|p1a: Heatran|95/100|[from] Grassy Terrain
|-heal|p1a: Heatran|100/100|[from] item: Leftovers
|upkeep
|turn|19
|
|t:|1776044885
|move|p2a: Sinistcha|Calm Mind|p2a: Sinistcha
|-boost|p2a: Sinistcha|spa|1
|-boost|p2a: Sinistcha|spd|1
|move|p1a: Heatran|Taunt|p2a: Sinistcha
|-start|p2a: Sinistcha|move: Taunt
|
|-fieldend|move: Grassy Terrain
|upkeep
|turn|20
|
|t:|1776044894
|move|p2a: Sinistcha|Shadow Ball|p1a: Heatran
|-damage|p1a: Heatran|46/100
|move|p1a: Heatran|Magma Storm|p2a: Sinistcha
|-supereffective|p2a: Sinistcha
|-damage|p2a: Sinistcha|81/100
|-activate|p2a: Sinistcha|move: Magma Storm|[of] p1a: Heatran
|
|-heal|p1a: Heatran|52/100|[from] item: Leftovers
|-damage|p2a: Sinistcha|68/100|[from] move: Magma Storm|[partiallytrapped]
|upkeep
|turn|21
|
|t:|1776044904
|move|p2a: Sinistcha|Shadow Ball|p1a: Heatran
|-damage|p1a: Heatran|1/100
|move|p1a: Heatran|Magma Storm|p2a: Sinistcha
|-supereffective|p2a: Sinistcha
|-damage|p2a: Sinistcha|49/100
|
|-heal|p1a: Heatran|7/100|[from] item: Leftovers
|-damage|p2a: Sinistcha|37/100|[from] move: Magma Storm|[partiallytrapped]
|upkeep
|turn|22
|
|t:|1776044917
|move|p2a: Sinistcha|Shadow Ball|p1a: Heatran
|-damage|p1a: Heatran|0 fnt
|faint|p1a: Heatran
|
|-end|p2a: Sinistcha|Magma Storm|[partiallytrapped]|[silent]
|-end|p2a: Sinistcha|move: Taunt
|upkeep
|
|t:|1776044929
|switch|p1a: Iron Treads|Iron Treads|100/100
|-activate|p1a: Iron Treads|move: Sticky Web
|-unboost|p1a: Iron Treads|spe|1
|turn|23
|
|t:|1776044934
|move|p1a: Iron Treads|Knock Off|p2a: Sinistcha
|-supereffective|p2a: Sinistcha
|-damage|p2a: Sinistcha|8/100
|move|p2a: Sinistcha|Strength Sap|p1a: Iron Treads
|-unboost|p1a: Iron Treads|atk|1
|-heal|p2a: Sinistcha|100/100
|
|upkeep
|turn|24
|-message|jul12 forfeited.
|
|win|Markknight05
|raw|jul12's rating: 1258 &rarr; <strong>1232</strong><br />(-26 for losing)
|raw|Markknight05's rating: 1250 &rarr; <strong>1276</strong><br />(+26 for winning)
|l|☆jul12
|player|p1|
|l|‽Markknight05
|player|p2|
