|html|<div class="broadcast-blue"><strong>[Gen 9] OU is currently suspecting Tera Blast! For information on how to participate check out the <a href="https://www.smogon.com/tools/suspects/view/200">suspect thread</a>.</strong></div>
|j|☆shadowbee123
|j|☆onec31
|t:|1776054031
|gametype|singles
|player|p1|shadowbee123|steven|
|player|p2|onec31|101|
|gen|9
|tier|[Gen 9] OU
|rule|HP Percentage Mod: HP is shown in percentages
|rule|Endless Battle Clause: Forcing endless battles is banned
|rule|Species Clause: Limit one of each Pokémon
|rule|OHKO Clause: OHKO moves are banned
|rule|Evasion Items Clause: Evasion items are banned
|rule|Evasion Moves Clause: Evasion moves are banned
|rule|Evasion Abilities Clause: Evasion abilities are banned
|rule|Sleep Moves Clause: Sleep-inducing moves are banned
|clearpoke
|poke|p1|Blaziken, F|
|poke|p1|Raging Bolt|
|poke|p1|Glimmora, F|
|poke|p1|Dragonite, M|
|poke|p1|Dragapult, F|
|poke|p1|Excadrill, F|
|poke|p2|Gengar, F|
|poke|p2|Snorlax, F|
|poke|p2|Great Tusk|
|poke|p2|Corviknight, M|
|poke|p2|Dragapult, F|
|poke|p2|Rotom-Wash|
|teampreview
|j| ohko_smeargle
|l|☆shadowbee123
|player|p1|
|j|☆shadowbee123
|player|p1|shadowbee123|steven|
|
|t:|1776054078
|teamsize|p1|6
|teamsize|p2|6
|start
|switch|p1a: Eliezer|Glimmora, F|100/100
|switch|p2a: Corviknight|Corviknight, M|100/100
|-ability|p2a: Corviknight|Pressure
|turn|1
|
|t:|1776054102
|move|p1a: Eliezer|Power Gem|p2a: Corviknight
|-damage|p2a: Corviknight|69/100
|move|p2a: Corviknight|U-turn|p1a: Eliezer
|-resisted|p1a: Eliezer
|-damage|p1a: Eliezer|92/100
|-activate|p1a: Eliezer|ability: Toxic Debris
|-sidestart|p2: onec31|move: Toxic Spikes
|
|t:|1776054131
|switch|p2a: Rotom|Rotom-Wash|100/100|[from] U-turn
|
|upkeep
|turn|2
|
|t:|1776054154
|move|p1a: Eliezer|Stealth Rock|p2a: Rotom
|-sidestart|p2: onec31|move: Stealth Rock
|move|p2a: Rotom|Hydro Pump|p1a: Eliezer
|-supereffective|p1a: Eliezer
|-damage|p1a: Eliezer|0 fnt
|faint|p1a: Eliezer
|
|upkeep
|
|t:|1776054174
|switch|p1a: Blix|Excadrill, F|100/100
|-ability|p1a: Blix|Mold Breaker
|turn|3
|
|t:|1776054188
|move|p1a: Blix|Earthquake|p2a: Rotom
|-supereffective|p2a: Rotom
|-damage|p2a: Rotom|16/100
|move|p2a: Rotom|Will-O-Wisp|p1a: Blix
|-status|p1a: Blix|brn
|
|-heal|p2a: Rotom|22/100|[from] item: Leftovers
|-damage|p1a: Blix|94/100 brn|[from] brn
|upkeep
|turn|4
|
|t:|1776054236
|switch|p2a: Great Tusk|Great Tusk|100/100
|-status|p2a: Great Tusk|psn
|-damage|p2a: Great Tusk|98/100 psn|[from] Stealth Rock
|move|p1a: Blix|Rock Slide|p2a: Great Tusk
|-resisted|p2a: Great Tusk
|-damage|p2a: Great Tusk|96/100 psn
|
|-heal|p2a: Great Tusk|100/100 psn|[from] item: Leftovers
|-damage|p2a: Great Tusk|88/100 psn|[from] psn
|-damage|p1a: Blix|88/100 brn|[from] brn
|upkeep
|turn|5
|
|t:|1776054271
|move|p1a: Blix|Iron Head|p2a: Great Tusk
|-damage|p2a: Great Tusk|78/100 psn
|move|p2a: Great Tusk|Rapid Spin|p1a: Blix
|-resisted|p1a: Blix
|-damage|p1a: Blix|77/100 brn
|-boost|p2a: Great Tusk|spe|1
|-sideend|p2: onec31|Toxic Spikes|[from] move: Rapid Spin|[of] p2a: Great Tusk
|-sideend|p2: onec31|Stealth Rock|[from] move: Rapid Spin|[of] p2a: Great Tusk
|
|-heal|p2a: Great Tusk|84/100 psn|[from] item: Leftovers
|-damage|p2a: Great Tusk|71/100 psn|[from] psn
|-damage|p1a: Blix|71/100 brn|[from] brn
|upkeep
|turn|6
|
|t:|1776054284
|move|p2a: Great Tusk|Earthquake|p1a: Blix
|-supereffective|p1a: Blix
|-damage|p1a: Blix|0 fnt
|faint|p1a: Blix
|
|-heal|p2a: Great Tusk|78/100 psn|[from] item: Leftovers
|-damage|p2a: Great Tusk|65/100 psn|[from] psn
|upkeep
|
|t:|1776054348
|switch|p1a: Usain bolt|Dragapult, F, shiny|100/100
|turn|7
|
|t:|1776054369
|-end|p2a: Great Tusk|Protosynthesis|[silent]
|switch|p2a: Rotom|Rotom-Wash|22/100
|move|p1a: Usain bolt|Draco Meteor|p2a: Rotom
|-damage|p2a: Rotom|0 fnt
|-unboost|p1a: Usain bolt|spa|2
|faint|p2a: Rotom
|-damage|p1a: Usain bolt|91/100|[from] item: Life Orb
|
|upkeep
|
|t:|1776054380
|switch|p2a: Snorlax|Snorlax, F|100/100
|turn|8
|
|t:|1776054395
|move|p1a: Usain bolt|Will-O-Wisp|p2a: Snorlax
|-status|p2a: Snorlax|brn
|move|p2a: Snorlax|Encore|p1a: Usain bolt
|-start|p1a: Usain bolt|Encore
|
|-damage|p2a: Snorlax|94/100 brn|[from] brn
|upkeep
|turn|9
|
|t:|1776054406
|switch|p1a: Blazigod|Blaziken, F, shiny|100/100
|move|p2a: Snorlax|Earthquake|p1a: Blazigod
|-supereffective|p1a: Blazigod
|-damage|p1a: Blazigod|67/100
|
|-heal|p2a: Snorlax|100/100 brn|[from] item: Leftovers
|-damage|p2a: Snorlax|94/100 brn|[from] brn
|upkeep
|turn|10
|
|t:|1776054421
|switch|p2a: Gengar|Gengar, F|100/100
|move|p1a: Blazigod|Focus Energy|p1a: Blazigod
|-start|p1a: Blazigod|move: Focus Energy
|
|-ability|p1a: Blazigod|Speed Boost|boost
|-boost|p1a: Blazigod|spe|1
|upkeep
|turn|11
|
|t:|1776054442
|move|p1a: Blazigod|Protect|p1a: Blazigod
|-singleturn|p1a: Blazigod|Protect
|move|p2a: Gengar|Focus Blast|p1a: Blazigod
|-activate|p1a: Blazigod|move: Protect
|
|-ability|p1a: Blazigod|Speed Boost|boost
|-boost|p1a: Blazigod|spe|1
|upkeep
|turn|12
|
|t:|1776054459
|move|p2a: Gengar|Focus Blast|p1a: Blazigod
|-damage|p1a: Blazigod|14/100
|move|p1a: Blazigod|Overheat|p2a: Gengar
|-crit|p2a: Gengar
|-damage|p2a: Gengar|0 fnt
|-unboost|p1a: Blazigod|spa|2
|faint|p2a: Gengar
|
|-ability|p1a: Blazigod|Speed Boost|boost
|-boost|p1a: Blazigod|spe|1
|upkeep
|
|t:|1776054496
|switch|p2a: Corviknight|Corviknight, M|69/100
|-ability|p2a: Corviknight|Pressure
|turn|13
|
|t:|1776054511
|switch|p2a: Snorlax|Snorlax, F|94/100 brn
|move|p1a: Blazigod|Overheat|p2a: Snorlax
|-crit|p2a: Snorlax
|-damage|p2a: Snorlax|71/100 brn
|-unboost|p1a: Blazigod|spa|2
|
|-heal|p2a: Snorlax|78/100 brn|[from] item: Leftovers
|-damage|p2a: Snorlax|71/100 brn|[from] brn
|-ability|p1a: Blazigod|Speed Boost|boost
|-boost|p1a: Blazigod|spe|1
|upkeep
|turn|14
|
|t:|1776054539
|switch|p2a: Dragapult|Dragapult, F|100/100
|move|p1a: Blazigod|Protect||[still]
|-fail|p1a: Blazigod
|
|-ability|p1a: Blazigod|Speed Boost|boost
|-boost|p1a: Blazigod|spe|1
|upkeep
|turn|15
|
|t:|1776054550
|move|p1a: Blazigod|Overheat|p2a: Dragapult
|-resisted|p2a: Dragapult
|-crit|p2a: Dragapult
|-damage|p2a: Dragapult|36/100
|-unboost|p1a: Blazigod|spa|2
|move|p2a: Dragapult|Dragon Darts|p1a: Blazigod
|-damage|p1a: Blazigod|0 fnt
|faint|p1a: Blazigod
|
|upkeep
|
|t:|1776054568
|switch|p1a: Usain bolt|Dragapult, F, shiny|91/100
|turn|16
|
|t:|1776054585
|move|p1a: Usain bolt|Shadow Ball|p2a: Dragapult
|-supereffective|p2a: Dragapult
|-damage|p2a: Dragapult|0 fnt
|faint|p2a: Dragapult
|-damage|p1a: Usain bolt|81/100|[from] item: Life Orb
|
|upkeep
|
|t:|1776054606
|switch|p2a: Snorlax|Snorlax, F|71/100 brn
|turn|17
|
|t:|1776054617
|move|p1a: Usain bolt|Dragon Darts|p2a: Snorlax
|-damage|p2a: Snorlax|48/100 brn
|-anim|p1a: Usain bolt|Dragon Darts|p2a: Snorlax
|-damage|p2a: Snorlax|23/100 brn
|-damage|p1a: Usain bolt|71/100|[from] item: Life Orb
|move|p2a: Snorlax|Encore|p1a: Usain bolt
|-start|p1a: Usain bolt|Encore
|
|-heal|p2a: Snorlax|29/100 brn|[from] item: Leftovers
|-damage|p2a: Snorlax|23/100 brn|[from] brn
|upkeep
|turn|18
|
|t:|1776054630
|move|p1a: Usain bolt|Dragon Darts|p2a: Snorlax
|-damage|p2a: Snorlax|0 fnt
|faint|p2a: Snorlax
|-damage|p1a: Usain bolt|61/100|[from] item: Life Orb
|
|upkeep
|
|t:|1776054637
|switch|p2a: Great Tusk|Great Tusk|65/100 psn
|turn|19
|
|t:|1776054643
|move|p1a: Usain bolt|Dragon Darts|p2a: Great Tusk
|-crit|p2a: Great Tusk
|-damage|p2a: Great Tusk|46/100 psn
|-anim|p1a: Usain bolt|Dragon Darts|p2a: Great Tusk
|-damage|p2a: Great Tusk|33/100 psn
|-damage|p1a: Usain bolt|52/100|[from] item: Life Orb
|move|p2a: Great Tusk|Knock Off|p1a: Usain bolt
|-supereffective|p1a: Usain bolt
|-damage|p1a: Usain bolt|0 fnt
|-enditem|p1a: Usain bolt|Life Orb|[from] move: Knock Off|[of] p2a: Great Tusk
|faint|p1a: Usain bolt
|
|-heal|p2a: Great Tusk|39/100 psn|[from] item: Leftovers
|-damage|p2a: Great Tusk|27/100 psn|[from] psn
|upkeep
|
|t:|1776054677
|switch|p1a: Girafa bolt|Raging Bolt|100/100
|-enditem|p1a: Girafa bolt|Booster Energy
|-activate|p1a: Girafa bolt|ability: Protosynthesis|[fromitem]
|-start|p1a: Girafa bolt|protosynthesisspa
|turn|20
|
|t:|1776054694
|-terastallize|p1a: Girafa bolt|Flying
|move|p2a: Great Tusk|Earthquake|p1a: Girafa bolt
|-immune|p1a: Girafa bolt
|move|p1a: Girafa bolt|Calm Mind|p1a: Girafa bolt
|-boost|p1a: Girafa bolt|spa|1
|-boost|p1a: Girafa bolt|spd|1
|
|-heal|p2a: Great Tusk|33/100 psn|[from] item: Leftovers
|-damage|p2a: Great Tusk|21/100 psn|[from] psn
|upkeep
|turn|21
|
|t:|1776054707
|move|p2a: Great Tusk|Knock Off|p1a: Girafa bolt
|-damage|p1a: Girafa bolt|84/100
|move|p1a: Girafa bolt|Dragon Pulse|p2a: Great Tusk
|-damage|p2a: Great Tusk|0 fnt
|faint|p2a: Great Tusk
|-end|p2a: Great Tusk|Protosynthesis|[silent]
|
|upkeep
|
|t:|1776054713
|switch|p2a: Corviknight|Corviknight, M|69/100
|-ability|p2a: Corviknight|Pressure
|turn|22
|
|t:|1776054733
|move|p1a: Girafa bolt|Thunderbolt|p2a: Corviknight
|-supereffective|p2a: Corviknight
|-damage|p2a: Corviknight|0 fnt
|faint|p2a: Corviknight
|
|win|shadowbee123
|l| ohko_smeargle
|l|☆onec31
|player|p2|
|l|☆shadowbee123
|player|p1|
|j|☆shadowbee123
|player|p1|shadowbee123|steven|
