|html|<div class="broadcast-blue"><strong>[Gen 9] OU is currently suspecting Tera Blast! For information on how to participate check out the <a href="https://www.smogon.com/tools/suspects/view/200">suspect thread</a>.</strong></div>
|j|☆christhe1der
|j|☆phreshoatmeal
|t:|1776261859
|gametype|singles
|player|p1|christhe1der|roxie|1372
|player|p2|phreshoatmeal|266|1447
|gen|9
|tier|[Gen 9] OU
|rated|
|rule|HP Percentage Mod: HP is shown in percentages
|rule|Endless Battle Clause: Forcing endless battles is banned
|rule|Species Clause: Limit one of each Pokémon
|rule|OHKO Clause: OHKO moves are banned
|rule|Evasion Items Clause: Evasion items are banned
|rule|Evasion Moves Clause: Evasion moves are banned
|rule|Evasion Abilities Clause: Evasion abilities are banned
|rule|Sleep Moves Clause: Sleep-inducing moves are banned
|clearpoke
|poke|p1|Slowking-Galar, M|
|poke|p1|Weavile, M|
|poke|p1|Great Tusk|
|poke|p1|Landorus-Therian, M|
|poke|p1|Sinistcha|
|poke|p1|Raging Bolt|
|poke|p2|Excadrill, F|
|poke|p2|Tyranitar, M|
|poke|p2|Hatterene, F|
|poke|p2|Hippowdon, M|
|poke|p2|Keldeo-Resolute|
|poke|p2|Vileplume, F|
|teampreview
|
|t:|1776261890
|teamsize|p1|6
|teamsize|p2|6
|start
|switch|p1a: dr worm|Landorus-Therian, M|100/100
|switch|p2a: Keldeo|Keldeo-Resolute|100/100
|-ability|p1a: dr worm|Intimidate|boost
|-unboost|p2a: Keldeo|atk|1
|turn|1
|inactive|Battle timer is ON: inactive players will automatically lose when time's up. (requested by christhe1der)
|
|t:|1776261898
|-terastallize|p1a: dr worm|Psychic
|move|p1a: dr worm|Psychic|p2a: Keldeo
|-supereffective|p2a: Keldeo
|-damage|p2a: Keldeo|0 fnt
|faint|p2a: Keldeo
|
|upkeep
|
|t:|1776261911
|switch|p2a: Tyranitar|Tyranitar, M|100/100
|-weather|Sandstorm|[from] ability: Sand Stream|[of] p2a: Tyranitar
|turn|2
|
|t:|1776261918
|switch|p1a: Great Tusk|Great Tusk|100/100
|-enditem|p1a: Great Tusk|Booster Energy
|-activate|p1a: Great Tusk|ability: Protosynthesis|[fromitem]
|-start|p1a: Great Tusk|protosynthesisatk
|move|p2a: Tyranitar|Stealth Rock|p1a: Great Tusk
|-sidestart|p1: christhe1der|move: Stealth Rock
|
|-weather|Sandstorm|[upkeep]
|upkeep
|turn|3
|
|t:|1776261926
|switch|p2a: Vileplume|Vileplume, F|100/100
|move|p1a: Great Tusk|Rapid Spin|p2a: Vileplume
|-damage|p2a: Vileplume|82/100
|-boost|p1a: Great Tusk|spe|1
|-damage|p1a: Great Tusk|84/100|[from] item: Rocky Helmet|[of] p2a: Vileplume
|-sideend|p1: christhe1der|Stealth Rock|[from] move: Rapid Spin|[of] p1a: Great Tusk
|
|-weather|Sandstorm|[upkeep]
|-damage|p2a: Vileplume|76/100|[from] Sandstorm
|upkeep
|turn|4
|
|t:|1776261938
|move|p1a: Great Tusk|Ice Spinner|p2a: Vileplume
|-supereffective|p2a: Vileplume
|-damage|p2a: Vileplume|24/100
|-damage|p1a: Great Tusk|68/100|[from] item: Rocky Helmet|[of] p2a: Vileplume
|-status|p1a: Great Tusk|par|[from] ability: Effect Spore|[of] p2a: Vileplume
|move|p2a: Vileplume|Strength Sap|p1a: Great Tusk
|-unboost|p1a: Great Tusk|atk|1
|-heal|p2a: Vileplume|100/100
|
|-weather|Sandstorm|[upkeep]
|-damage|p2a: Vileplume|95/100|[from] Sandstorm
|upkeep
|turn|5
|
|t:|1776261950
|cant|p1a: Great Tusk|par
|move|p2a: Vileplume|Giga Drain|p1a: Great Tusk
|-supereffective|p1a: Great Tusk
|-damage|p1a: Great Tusk|0 fnt
|-heal|p2a: Vileplume|100/100|[from] drain|[of] p1a: Great Tusk
|faint|p1a: Great Tusk
|-end|p1a: Great Tusk|Protosynthesis|[silent]
|
|-weather|Sandstorm|[upkeep]
|-damage|p2a: Vileplume|95/100|[from] Sandstorm
|upkeep
|
|t:|1776261959
|switch|p1a: dr worm|Landorus-Therian, M, tera:Psychic|100/100
|-ability|p1a: dr worm|Intimidate|boost
|-unboost|p2a: Vileplume|atk|1
|turn|6
|
|t:|1776261966
|switch|p2a: Hatterene|Hatterene, F|100/100
|move|p1a: dr worm|U-turn|p2a: Hatterene
|-damage|p2a: Hatterene|81/100
|
|t:|1776261973
|switch|p1a: knock off|Weavile, M|100/100|[from] U-turn
|-ability|p1a: knock off|Pressure
|
|-weather|none
|-heal|p2a: Hatterene|87/100|[from] item: Leftovers
|upkeep
|turn|7
|
|t:|1776261982
|move|p1a: knock off|Knock Off|p2a: Hatterene
|-damage|p2a: Hatterene|50/100
|-enditem|p2a: Hatterene|Leftovers|[from] move: Knock Off|[of] p1a: knock off
|move|p2a: Hatterene|Gravity|p2a: Hatterene
|-fieldstart|move: Gravity
|
|upkeep
|turn|8
|
|t:|1776261990
|move|p1a: knock off|Icicle Crash|p2a: Hatterene
|-damage|p2a: Hatterene|14/100
|move|p2a: Hatterene|Pain Split|p1a: knock off
|-sethp|p1a: knock off|58/100|[from] move: Pain Split|[silent]
|-sethp|p2a: Hatterene|51/100|[from] move: Pain Split
|
|upkeep
|turn|9
|
|t:|1776261996
|move|p1a: knock off|Icicle Crash|p2a: Hatterene
|-damage|p2a: Hatterene|20/100
|cant|p2a: Hatterene|flinch
|
|upkeep
|turn|10
|
|t:|1776262002
|move|p1a: knock off|Icicle Crash|p2a: Hatterene
|-damage|p2a: Hatterene|0 fnt
|faint|p2a: Hatterene
|
|upkeep
|
|t:|1776262012
|switch|p2a: Tyranitar|Tyranitar, M|100/100
|-weather|Sandstorm|[from] ability: Sand Stream|[of] p2a: Tyranitar
|turn|11
|
|t:|1776262016
|move|p1a: knock off|Low Kick|p2a: Tyranitar
|-supereffective|p2a: Tyranitar
|-damage|p2a: Tyranitar|0 fnt
|faint|p2a: Tyranitar
|
|-weather|Sandstorm|[upkeep]
|-damage|p1a: knock off|52/100|[from] Sandstorm
|-fieldend|move: Gravity
|upkeep
|-message|phreshoatmeal forfeited.
|
|win|christhe1der
|raw|christhe1der's rating: 1372 &rarr; <strong>1396</strong><br />(+24 for winning)
|raw|phreshoatmeal's rating: 1447 &rarr; <strong>1423</strong><br />(-24 for losing)
|l|☆phreshoatmeal
|player|p2|
