|html|<div class="broadcast-blue"><strong>[Gen 9] OU is currently suspecting Tera Blast! For information on how to participate check out the <a href="https://www.smogon.com/tools/suspects/view/200">suspect thread</a>.</strong></div>
|j|☆heppaistoss
|j|☆thebambi1234
|t:|1776315372
|gametype|singles
|player|p1|heppaistoss|alder|1387
|player|p2|thebambi1234|blackbelt-gen4dp|1419
|gen|9
|tier|[Gen 9] OU
|rated|
|rule|HP Percentage Mod: HP is shown in percentages
|rule|Endless Battle Clause: Forcing endless battles is banned
|rule|Species Clause: Limit one of each Pokémon
|rule|OHKO Clause: OHKO moves are banned
|rule|Evasion Items Clause: Evasion items are banned
|rule|Evasion Moves Clause: Evasion moves are banned
|rule|Evasion Abilities Clause: Evasion abilities are banned
|rule|Sleep Moves Clause: Sleep-inducing moves are banned
|clearpoke
|poke|p1|Zamazenta-*|
|poke|p1|Kyurem|
|poke|p1|Iron Treads|
|poke|p1|Tornadus-Therian, M|
|poke|p1|Pecharunt|
|poke|p1|Ting-Lu|
|poke|p2|Gliscor, M|
|poke|p2|Dondozo, F|
|poke|p2|Corviknight, F|
|poke|p2|Blissey, F|
|poke|p2|Weezing-Galar, M|
|poke|p2|Garganacl, M|
|teampreview
|inactive|Battle timer is ON: inactive players will automatically lose when time's up. (requested by thebambi1234)
|
|t:|1776315383
|teamsize|p1|6
|teamsize|p2|6
|start
|switch|p1a: Pecharunt|Pecharunt|100/100
|switch|p2a: Garganacl|Garganacl, M, shiny|100/100
|turn|1
|j| engreth
|
|t:|1776315388
|move|p1a: Pecharunt|Nasty Plot|p1a: Pecharunt
|-boost|p1a: Pecharunt|spa|2
|move|p2a: Garganacl|Stealth Rock|p1a: Pecharunt
|-sidestart|p1: heppaistoss|move: Stealth Rock
|
|upkeep
|turn|2
|
|t:|1776315391
|move|p1a: Pecharunt|Malignant Chain|p2a: Garganacl
|-resisted|p2a: Garganacl
|-damage|p2a: Garganacl|79/100
|move|p2a: Garganacl|Salt Cure|p1a: Pecharunt
|-damage|p1a: Pecharunt|93/100
|
|-heal|p2a: Garganacl|85/100|[from] item: Leftovers
|upkeep
|turn|3
|c|☆thebambi1234|is it covert cloak
|c|☆thebambi1234|wtf
|inactive|thebambi1234 has 120 seconds left.
|c|☆heppaistoss|Is hack
|
|t:|1776315434
|switch|p2a: Blissey|Blissey, F|100/100
|move|p1a: Pecharunt|Nasty Plot|p1a: Pecharunt
|-boost|p1a: Pecharunt|spa|2
|
|upkeep
|turn|4
|
|t:|1776315440
|move|p1a: Pecharunt|Malignant Chain|p2a: Blissey
|-damage|p2a: Blissey|75/100
|move|p2a: Blissey|Flamethrower|p1a: Pecharunt
|-damage|p1a: Pecharunt|78/100
|
|-heal|p2a: Blissey|81/100|[from] item: Leftovers
|upkeep
|turn|5
|
|t:|1776315447
|move|p1a: Pecharunt|Nasty Plot|p1a: Pecharunt
|-boost|p1a: Pecharunt|spa|2
|move|p2a: Blissey|Flamethrower|p1a: Pecharunt
|-damage|p1a: Pecharunt|62/100
|
|-heal|p2a: Blissey|87/100|[from] item: Leftovers
|upkeep
|turn|6
|
|t:|1776315449
|switch|p2a: Corviknight|Corviknight, F|100/100
|-ability|p2a: Corviknight|Pressure
|move|p1a: Pecharunt|Malignant Chain|p2a: Corviknight
|-immune|p2a: Corviknight
|
|upkeep
|turn|7
|
|t:|1776315452
|switch|p2a: Blissey|Blissey, F|87/100
|move|p1a: Pecharunt|Shadow Ball|p2a: Blissey
|-immune|p2a: Blissey
|
|-heal|p2a: Blissey|94/100|[from] item: Leftovers
|upkeep
|turn|8
|
|t:|1776315455
|move|p1a: Pecharunt|Malignant Chain|p2a: Blissey
|-damage|p2a: Blissey|59/100
|-status|p2a: Blissey|tox
|-start|p2a: Blissey|confusion|[from] ability: Poison Puppeteer|[of] p1a: Pecharunt
|-activate|p2a: Blissey|confusion
|move|p2a: Blissey|Flamethrower|p1a: Pecharunt
|-damage|p1a: Pecharunt|45/100
|
|-heal|p2a: Blissey|65/100 tox|[from] item: Leftovers
|-damage|p2a: Blissey|59/100 tox|[from] psn
|upkeep
|turn|9
|
|t:|1776315458
|-curestatus|p2a: Blissey|tox|[from] ability: Natural Cure
|switch|p2a: Corviknight|Corviknight, F|100/100
|-ability|p2a: Corviknight|Pressure
|move|p1a: Pecharunt|Recover|p1a: Pecharunt
|-heal|p1a: Pecharunt|95/100
|
|upkeep
|turn|10
|
|t:|1776315462
|switch|p2a: Blissey|Blissey, F|59/100
|move|p1a: Pecharunt|Shadow Ball|p2a: Blissey
|-immune|p2a: Blissey
|
|-heal|p2a: Blissey|65/100|[from] item: Leftovers
|upkeep
|turn|11
|
|t:|1776315464
|move|p1a: Pecharunt|Shadow Ball|p2a: Blissey
|-immune|p2a: Blissey
|move|p2a: Blissey|Soft-Boiled|p2a: Blissey
|-heal|p2a: Blissey|100/100
|
|upkeep
|turn|12
|c| engreth|I heard that Covert Cloak on Pech has been on the rise, but this is the first time I've actually seen it.
|
|t:|1776315466
|move|p1a: Pecharunt|Shadow Ball|p2a: Blissey
|-immune|p2a: Blissey
|move|p2a: Blissey|Flamethrower|p1a: Pecharunt
|-crit|p1a: Pecharunt
|-damage|p1a: Pecharunt|71/100
|
|upkeep
|turn|13
|
|t:|1776315468
|move|p1a: Pecharunt|Shadow Ball|p2a: Blissey
|-immune|p2a: Blissey
|move|p2a: Blissey|Flamethrower|p1a: Pecharunt
|-damage|p1a: Pecharunt|55/100
|
|upkeep
|turn|14
|c|☆thebambi1234|yea my first time seeing it
|c|☆thebambi1234|interesting fs
|
|t:|1776315492
|move|p1a: Pecharunt|Recover|p1a: Pecharunt
|-heal|p1a: Pecharunt|100/100
|move|p2a: Blissey|Flamethrower|p1a: Pecharunt
|-damage|p1a: Pecharunt|84/100
|
|upkeep
|turn|15
|
|t:|1776315498
|move|p1a: Pecharunt|Malignant Chain|p2a: Blissey
|-damage|p2a: Blissey|63/100
|move|p2a: Blissey|Flamethrower|p1a: Pecharunt
|-damage|p1a: Pecharunt|68/100
|
|-heal|p2a: Blissey|70/100|[from] item: Leftovers
|upkeep
|turn|16
|
|t:|1776315502
|move|p1a: Pecharunt|Malignant Chain|p2a: Blissey
|-damage|p2a: Blissey|37/100
|move|p2a: Blissey|Soft-Boiled|p2a: Blissey
|-heal|p2a: Blissey|87/100
|
|-heal|p2a: Blissey|94/100|[from] item: Leftovers
|upkeep
|turn|17
|
|t:|1776315505
|move|p1a: Pecharunt|Malignant Chain|p2a: Blissey
|-damage|p2a: Blissey|60/100
|-status|p2a: Blissey|tox
|-start|p2a: Blissey|confusion|[from] ability: Poison Puppeteer|[of] p1a: Pecharunt
|-activate|p2a: Blissey|confusion
|move|p2a: Blissey|Flamethrower|p1a: Pecharunt
|-damage|p1a: Pecharunt|52/100
|
|-heal|p2a: Blissey|66/100 tox|[from] item: Leftovers
|-damage|p2a: Blissey|60/100 tox|[from] psn
|upkeep
|turn|18
|
|t:|1776315514
|move|p1a: Pecharunt|Shadow Ball|p2a: Blissey
|-immune|p2a: Blissey
|-activate|p2a: Blissey|confusion
|move|p2a: Blissey|Soft-Boiled|p2a: Blissey
|-heal|p2a: Blissey|100/100 tox
|
|-damage|p2a: Blissey|88/100 tox|[from] psn
|upkeep
|turn|19
|
|t:|1776315517
|move|p1a: Pecharunt|Recover|p1a: Pecharunt
|-heal|p1a: Pecharunt|100/100
|-activate|p2a: Blissey|confusion
|-damage|p2a: Blissey|86/100 tox|[from] confusion
|
|-heal|p2a: Blissey|93/100 tox|[from] item: Leftovers
|-damage|p2a: Blissey|74/100 tox|[from] psn
|upkeep
|turn|20
|
|t:|1776315519
|move|p1a: Pecharunt|Shadow Ball|p2a: Blissey
|-immune|p2a: Blissey
|-activate|p2a: Blissey|confusion
|move|p2a: Blissey|Heal Bell|p2a: Blissey
|-activate|p2a: Blissey|move: Heal Bell
|-curestatus|p2a: Blissey|tox|[msg]
|
|-heal|p2a: Blissey|80/100|[from] item: Leftovers
|upkeep
|turn|21
|
|t:|1776315533
|switch|p1a: Iron Treads|Iron Treads|100/100
|-damage|p1a: Iron Treads|97/100|[from] Stealth Rock
|-end|p2a: Blissey|confusion
|move|p2a: Blissey|Flamethrower|p1a: Iron Treads
|-supereffective|p1a: Iron Treads
|-damage|p1a: Iron Treads|66/100
|
|-heal|p1a: Iron Treads|72/100|[from] item: Leftovers
|-heal|p2a: Blissey|86/100|[from] item: Leftovers
|upkeep
|turn|22
|
|t:|1776315547
|switch|p2a: Gliscor|Gliscor, M, shiny|100/100
|move|p1a: Iron Treads|Rapid Spin|p2a: Gliscor
|-damage|p2a: Gliscor|91/100
|-boost|p1a: Iron Treads|spe|1
|-sideend|p1: heppaistoss|Stealth Rock|[from] move: Rapid Spin|[of] p1a: Iron Treads
|
|-heal|p1a: Iron Treads|78/100|[from] item: Leftovers
|-status|p2a: Gliscor|tox|[from] item: Toxic Orb
|upkeep
|turn|23
|
|t:|1776315556
|move|p1a: Iron Treads|Ice Spinner|p2a: Gliscor
|-supereffective|p2a: Gliscor
|-damage|p2a: Gliscor|31/100 tox
|move|p2a: Gliscor|Knock Off|p1a: Iron Treads
|-damage|p1a: Iron Treads|62/100
|-enditem|p1a: Iron Treads|Leftovers|[from] move: Knock Off|[of] p2a: Gliscor
|
|-heal|p2a: Gliscor|44/100 tox|[from] ability: Poison Heal
|upkeep
|turn|24
|
|t:|1776315560
|move|p2a: Gliscor|Protect|p2a: Gliscor
|-singleturn|p2a: Gliscor|Protect
|move|p1a: Iron Treads|Stealth Rock|p2a: Gliscor
|-sidestart|p2: thebambi1234|move: Stealth Rock
|
|-heal|p2a: Gliscor|56/100 tox|[from] ability: Poison Heal
|upkeep
|turn|25
|
|t:|1776315564
|switch|p2a: Corviknight|Corviknight, F|100/100
|-damage|p2a: Corviknight|88/100|[from] Stealth Rock
|-ability|p2a: Corviknight|Pressure
|move|p1a: Iron Treads|Ice Spinner|p2a: Corviknight
|-damage|p2a: Corviknight|75/100
|
|-heal|p2a: Corviknight|81/100|[from] item: Leftovers
|upkeep
|turn|26
|
|t:|1776315572
|-end|p1a: Iron Treads|Quark Drive|[silent]
|switch|p1a: Tornadus|Tornadus-Therian, M|100/100
|move|p2a: Corviknight|Defog|p1a: Tornadus
|-unboost|p1a: Tornadus|evasion|1
|-sideend|p2: thebambi1234|Stealth Rock|[from] move: Defog|[of] p2a: Corviknight
|
|-heal|p2a: Corviknight|87/100|[from] item: Leftovers
|upkeep
|turn|27
|
|t:|1776315582
|move|p1a: Tornadus|Knock Off|p2a: Corviknight
|-damage|p2a: Corviknight|75/100
|-enditem|p2a: Corviknight|Leftovers|[from] move: Knock Off|[of] p1a: Tornadus
|move|p2a: Corviknight|U-turn|p1a: Tornadus
|-resisted|p1a: Tornadus
|-damage|p1a: Tornadus|92/100
|
|t:|1776315585
|switch|p2a: Gliscor|Gliscor, M, shiny|56/100 tox|[from] U-turn
|
|-heal|p2a: Gliscor|69/100 tox|[from] ability: Poison Heal
|upkeep
|turn|28
|c| engreth|Non booster energy Iron Treads, too? This is some ood sets, but this is cool to watch.
|
|t:|1776315588
|move|p2a: Gliscor|Protect|p2a: Gliscor
|-singleturn|p2a: Gliscor|Protect
|move|p1a: Tornadus|Nasty Plot|p1a: Tornadus
|-boost|p1a: Tornadus|spa|2
|
|-heal|p2a: Gliscor|81/100 tox|[from] ability: Poison Heal
|upkeep
|turn|29
|c|☆heppaistoss|Is a sample team
|c|☆heppaistoss|Xd
|inactive|thebambi1234 has 120 seconds left.
|
|t:|1776315629
|-terastallize|p2a: Gliscor|Steel
|move|p1a: Tornadus|Bleakwind Storm|p2a: Gliscor|[miss]
|-miss|p1a: Tornadus|p2a: Gliscor
|move|p2a: Gliscor|Toxic|p1a: Tornadus
|-status|p1a: Tornadus|tox
|
|-damage|p1a: Tornadus|86/100 tox|[from] psn
|-heal|p2a: Gliscor|93/100 tox|[from] ability: Poison Heal
|upkeep
|turn|30
|c| engreth|Oh! Interesting! Who from? Just on the site, or from a content creator?
|inactive|heppaistoss has 120 seconds left.
|c|☆heppaistoss|Teambuild > OU gen 9 > simples
|c|☆heppaistoss|Samples*
|
|t:|1776315677
|switch|p1a: Ting-Lu|Ting-Lu|100/100
|-ability|p1a: Ting-Lu|Vessel of Ruin
|switch|p2a: Garganacl|Garganacl, M, shiny|85/100
|
|-heal|p2a: Garganacl|91/100|[from] item: Leftovers
|upkeep
|turn|31
|
|t:|1776315683
|switch|p2a: Corviknight|Corviknight, F|75/100
|-ability|p2a: Corviknight|Pressure
|move|p1a: Ting-Lu|Spikes|p2a: Corviknight
|-sidestart|p2: thebambi1234|Spikes
|
|upkeep
|turn|32
|
|t:|1776315688
|move|p1a: Ting-Lu|Ruination|p2a: Corviknight
|-damage|p2a: Corviknight|38/100
|move|p2a: Corviknight|Defog|p1a: Ting-Lu
|-unboost|p1a: Ting-Lu|evasion|1
|-sideend|p2: thebambi1234|Spikes|[from] move: Defog|[of] p2a: Corviknight
|
|upkeep
|turn|33
|
|t:|1776315696
|move|p1a: Ting-Lu|Spikes|p2a: Corviknight
|-sidestart|p2: thebambi1234|Spikes
|move|p2a: Corviknight|Roost|p2a: Corviknight
|-heal|p2a: Corviknight|88/100
|-singleturn|p2a: Corviknight|move: Roost
|
|upkeep
|turn|34
|
|t:|1776315702
|move|p1a: Ting-Lu|Ruination|p2a: Corviknight
|-damage|p2a: Corviknight|44/100
|move|p2a: Corviknight|Body Press|p1a: Ting-Lu
|-supereffective|p1a: Ting-Lu
|-damage|p1a: Ting-Lu|77/100
|
|-heal|p1a: Ting-Lu|83/100|[from] item: Leftovers
|upkeep
|turn|35
|
|t:|1776315705
|move|p1a: Ting-Lu|Spikes|p2a: Corviknight
|-sidestart|p2: thebambi1234|Spikes
|move|p2a: Corviknight|Defog|p1a: Ting-Lu
|-unboost|p1a: Ting-Lu|evasion|1
|-sideend|p2: thebambi1234|Spikes|[from] move: Defog|[of] p2a: Corviknight
|
|-heal|p1a: Ting-Lu|90/100|[from] item: Leftovers
|upkeep
|turn|36
|
|t:|1776315711
|move|p1a: Ting-Lu|Spikes|p2a: Corviknight
|-sidestart|p2: thebambi1234|Spikes
|move|p2a: Corviknight|Roost|p2a: Corviknight
|-heal|p2a: Corviknight|94/100
|-singleturn|p2a: Corviknight|move: Roost
|
|-heal|p1a: Ting-Lu|96/100|[from] item: Leftovers
|upkeep
|turn|37
|
|t:|1776315715
|move|p1a: Ting-Lu|Ruination|p2a: Corviknight
|-damage|p2a: Corviknight|47/100
|move|p2a: Corviknight|Body Press|p1a: Ting-Lu
|-supereffective|p1a: Ting-Lu
|-damage|p1a: Ting-Lu|70/100
|
|-heal|p1a: Ting-Lu|77/100|[from] item: Leftovers
|upkeep
|turn|38
|c| engreth|I mean, fair enough. It's got some interesting tech in it. I think I can count on one hand the number of times I've seen an Iron Treads not using Booster Energy
|
|t:|1776315724
|move|p2a: Corviknight|Roost|p2a: Corviknight
|-heal|p2a: Corviknight|97/100
|-singleturn|p2a: Corviknight|move: Roost
|move|p1a: Ting-Lu|Whirlwind|p2a: Corviknight
|drag|p2a: Gliscor|Gliscor, M, shiny, tera:Steel|93/100 tox
|-damage|p2a: Gliscor|81/100 tox|[from] Spikes
|
|-heal|p1a: Ting-Lu|83/100|[from] item: Leftovers
|-heal|p2a: Gliscor|93/100 tox|[from] ability: Poison Heal
|upkeep
|turn|39
|
|t:|1776315737
|switch|p1a: Kyurem|Kyurem|100/100
|-ability|p1a: Kyurem|Pressure
|move|p2a: Gliscor|Knock Off|p1a: Kyurem
|-damage|p1a: Kyurem|86/100
|-enditem|p1a: Kyurem|Assault Vest|[from] move: Knock Off|[of] p2a: Gliscor
|
|-heal|p2a: Gliscor|100/100 tox|[from] ability: Poison Heal
|upkeep
|turn|40
|
|t:|1776315746
|move|p1a: Kyurem|Earth Power|p2a: Gliscor
|-supereffective|p2a: Gliscor
|-damage|p2a: Gliscor|17/100 tox
|move|p2a: Gliscor|Toxic|p1a: Kyurem
|-status|p1a: Kyurem|tox
|
|-damage|p1a: Kyurem|80/100 tox|[from] psn
|-heal|p2a: Gliscor|30/100 tox|[from] ability: Poison Heal
|upkeep
|turn|41
|
|t:|1776315754
|switch|p1a: Zamazenta|Zamazenta|100/100
|-ability|p1a: Zamazenta|Dauntless Shield|boost
|-boost|p1a: Zamazenta|def|1
|move|p2a: Gliscor|Protect||[still]
|-fail|p2a: Gliscor
|
|-heal|p2a: Gliscor|42/100 tox|[from] ability: Poison Heal
|upkeep
|turn|42
|
|t:|1776315757
|move|p2a: Gliscor|Protect|p2a: Gliscor
|-singleturn|p2a: Gliscor|Protect
|move|p1a: Zamazenta|Iron Defense|p1a: Zamazenta
|-boost|p1a: Zamazenta|def|2
|
|-heal|p2a: Gliscor|55/100 tox|[from] ability: Poison Heal
|upkeep
|turn|43
|
|t:|1776315761
|switch|p2a: Dondozo|Dondozo, F|100/100
|-damage|p2a: Dondozo|88/100|[from] Spikes
|move|p1a: Zamazenta|Body Press|p2a: Dondozo
|-damage|p2a: Dondozo|72/100
|
|-heal|p2a: Dondozo|78/100|[from] item: Leftovers
|upkeep
|turn|44
|
|t:|1776315767
|move|p2a: Dondozo|Body Press|p1a: Zamazenta
|-damage|p1a: Zamazenta|80/100
|move|p1a: Zamazenta|Roar|p2a: Dondozo
|drag|p2a: Corviknight|Corviknight, F|97/100
|-ability|p2a: Corviknight|Pressure
|
|-heal|p1a: Zamazenta|86/100|[from] item: Leftovers
|upkeep
|turn|45
|
|t:|1776315778
|switch|p2a: Dondozo|Dondozo, F|78/100
|-damage|p2a: Dondozo|65/100|[from] Spikes
|move|p1a: Zamazenta|Body Press|p2a: Dondozo
|-damage|p2a: Dondozo|51/100
|
|-heal|p1a: Zamazenta|92/100|[from] item: Leftovers
|-heal|p2a: Dondozo|57/100|[from] item: Leftovers
|upkeep
|turn|46
|
|t:|1776315783
|move|p1a: Zamazenta|Iron Defense|p1a: Zamazenta
|-boost|p1a: Zamazenta|def|2
|move|p2a: Dondozo|Rest|p2a: Dondozo
|-status|p2a: Dondozo|slp|[from] move: Rest
|-heal|p2a: Dondozo|100/100 slp|[silent]
|
|-heal|p1a: Zamazenta|98/100|[from] item: Leftovers
|upkeep
|turn|47
|
|t:|1776315785
|move|p1a: Zamazenta|Iron Defense|p1a: Zamazenta
|-boost|p1a: Zamazenta|def|1
|cant|p2a: Dondozo|slp
|move|p2a: Dondozo|Sleep Talk|p2a: Dondozo
|move|p2a: Dondozo|Wave Crash|p1a: Zamazenta|[from] move: Sleep Talk
|-damage|p1a: Zamazenta|70/100
|-damage|p2a: Dondozo|94/100 slp|[from] Recoil
|
|-heal|p1a: Zamazenta|76/100|[from] item: Leftovers
|-heal|p2a: Dondozo|99/100 slp|[from] item: Leftovers
|upkeep
|turn|48
|
|t:|1776315789
|cant|p2a: Dondozo|slp
|move|p2a: Dondozo|Sleep Talk|p2a: Dondozo
|move|p2a: Dondozo|Body Press|p1a: Zamazenta|[from] move: Sleep Talk
|-damage|p1a: Zamazenta|56/100
|move|p1a: Zamazenta|Roar|p2a: Dondozo
|drag|p2a: Weezing|Weezing-Galar, M|100/100
|-ability|p2a: Weezing|Neutralizing Gas
|
|-heal|p1a: Zamazenta|62/100|[from] item: Leftovers
|upkeep
|turn|49
|
|t:|1776315794
|move|p1a: Zamazenta|Body Press|p2a: Weezing
|-resisted|p2a: Weezing
|-crit|p2a: Weezing
|-damage|p2a: Weezing|59/100
|move|p2a: Weezing|Will-O-Wisp|p1a: Zamazenta|[miss]
|-miss|p2a: Weezing|p1a: Zamazenta
|
|-heal|p1a: Zamazenta|68/100|[from] item: Leftovers
|upkeep
|turn|50
|
|t:|1776315800
|-terastallize|p1a: Zamazenta|Fire
|move|p1a: Zamazenta|Body Press|p2a: Weezing
|-resisted|p2a: Weezing
|-damage|p2a: Weezing|31/100
|move|p2a: Weezing|Will-O-Wisp|p1a: Zamazenta|[miss]
|-miss|p2a: Weezing|p1a: Zamazenta
|
|-heal|p1a: Zamazenta|75/100|[from] item: Leftovers
|upkeep
|turn|51
|
|t:|1776315803
|move|p1a: Zamazenta|Body Press|p2a: Weezing
|-resisted|p2a: Weezing
|-damage|p2a: Weezing|0 fnt
|faint|p2a: Weezing
|-end|p2a: Weezing|ability: Neutralizing Gas
|
|-heal|p1a: Zamazenta|81/100|[from] item: Leftovers
|upkeep
|
|t:|1776315812
|switch|p2a: Dondozo|Dondozo, F|99/100 slp
|-damage|p2a: Dondozo|87/100 slp|[from] Spikes
|turn|52
|
|t:|1776315817
|-curestatus|p2a: Dondozo|slp|[msg]
|move|p2a: Dondozo|Wave Crash|p1a: Zamazenta
|-supereffective|p1a: Zamazenta
|-damage|p1a: Zamazenta|23/100
|-damage|p2a: Dondozo|74/100|[from] Recoil
|move|p1a: Zamazenta|Roar|p2a: Dondozo
|drag|p2a: Blissey|Blissey, F|86/100
|-damage|p2a: Blissey|74/100|[from] Spikes
|
|-heal|p1a: Zamazenta|29/100|[from] item: Leftovers
|-heal|p2a: Blissey|80/100|[from] item: Leftovers
|upkeep
|turn|53
|
|t:|1776315822
|switch|p2a: Dondozo|Dondozo, F|74/100
|-damage|p2a: Dondozo|61/100|[from] Spikes
|move|p1a: Zamazenta|Body Press|p2a: Dondozo
|-damage|p2a: Dondozo|45/100
|
|-heal|p1a: Zamazenta|36/100|[from] item: Leftovers
|-heal|p2a: Dondozo|51/100|[from] item: Leftovers
|upkeep
|turn|54
|
|t:|1776315831
|move|p1a: Zamazenta|Body Press|p2a: Dondozo
|-damage|p2a: Dondozo|36/100
|move|p2a: Dondozo|Rest|p2a: Dondozo
|-status|p2a: Dondozo|slp|[from] move: Rest
|-heal|p2a: Dondozo|100/100 slp|[silent]
|
|-heal|p1a: Zamazenta|42/100|[from] item: Leftovers
|upkeep
|turn|55
|
|t:|1776315834
|cant|p2a: Dondozo|slp
|move|p2a: Dondozo|Sleep Talk|p2a: Dondozo
|move|p2a: Dondozo|Body Press|p1a: Zamazenta|[from] move: Sleep Talk
|-damage|p1a: Zamazenta|21/100
|move|p1a: Zamazenta|Roar|p2a: Dondozo
|drag|p2a: Corviknight|Corviknight, F|97/100
|-ability|p2a: Corviknight|Pressure
|
|-heal|p1a: Zamazenta|27/100|[from] item: Leftovers
|upkeep
|turn|56
|
|t:|1776315838
|switch|p2a: Dondozo|Dondozo, F|100/100 slp
|-damage|p2a: Dondozo|88/100 slp|[from] Spikes
|move|p1a: Zamazenta|Body Press|p2a: Dondozo
|-damage|p2a: Dondozo|72/100 slp
|
|-heal|p1a: Zamazenta|33/100|[from] item: Leftovers
|-heal|p2a: Dondozo|78/100 slp|[from] item: Leftovers
|upkeep
|turn|57
|
|t:|1776315840
|cant|p2a: Dondozo|slp
|move|p2a: Dondozo|Sleep Talk|p2a: Dondozo
|move|p2a: Dondozo|Rest||[from] move: Sleep Talk|[still]
|-fail|p2a: Dondozo
|move|p1a: Zamazenta|Roar|p2a: Dondozo
|drag|p2a: Gliscor|Gliscor, M, shiny, tera:Steel|55/100 tox
|-damage|p2a: Gliscor|42/100 tox|[from] Spikes
|
|-heal|p1a: Zamazenta|39/100|[from] item: Leftovers
|-heal|p2a: Gliscor|55/100 tox|[from] ability: Poison Heal
|upkeep
|turn|58
|
|t:|1776315847
|move|p2a: Gliscor|Protect|p2a: Gliscor
|-singleturn|p2a: Gliscor|Protect
|move|p1a: Zamazenta|Body Press|p2a: Gliscor
|-activate|p2a: Gliscor|move: Protect
|
|-heal|p1a: Zamazenta|45/100|[from] item: Leftovers
|-heal|p2a: Gliscor|67/100 tox|[from] ability: Poison Heal
|upkeep
|turn|59
|
|t:|1776315850
|switch|p2a: Dondozo|Dondozo, F|78/100 slp
|-damage|p2a: Dondozo|66/100 slp|[from] Spikes
|move|p1a: Zamazenta|Roar|p2a: Dondozo
|drag|p2a: Blissey|Blissey, F|80/100
|-damage|p2a: Blissey|68/100|[from] Spikes
|
|-heal|p1a: Zamazenta|51/100|[from] item: Leftovers
|-heal|p2a: Blissey|74/100|[from] item: Leftovers
|upkeep
|turn|60
|
|t:|1776315854
|switch|p2a: Dondozo|Dondozo, F|66/100 slp
|-damage|p2a: Dondozo|53/100 slp|[from] Spikes
|move|p1a: Zamazenta|Body Press|p2a: Dondozo
|-damage|p2a: Dondozo|39/100 slp
|
|-heal|p1a: Zamazenta|58/100|[from] item: Leftovers
|-heal|p2a: Dondozo|45/100 slp|[from] item: Leftovers
|upkeep
|turn|61
|
|t:|1776315858
|-curestatus|p2a: Dondozo|slp|[msg]
|move|p2a: Dondozo|Rest|p2a: Dondozo
|-status|p2a: Dondozo|slp|[from] move: Rest
|-heal|p2a: Dondozo|100/100 slp|[silent]
|move|p1a: Zamazenta|Roar|p2a: Dondozo
|drag|p2a: Garganacl|Garganacl, M, shiny|91/100
|-damage|p2a: Garganacl|79/100|[from] Spikes
|
|-heal|p1a: Zamazenta|64/100|[from] item: Leftovers
|-heal|p2a: Garganacl|85/100|[from] item: Leftovers
|upkeep
|turn|62
|
|t:|1776315863
|switch|p2a: Dondozo|Dondozo, F|100/100 slp
|-damage|p2a: Dondozo|88/100 slp|[from] Spikes
|move|p1a: Zamazenta|Body Press|p2a: Dondozo
|-damage|p2a: Dondozo|72/100 slp
|
|-heal|p1a: Zamazenta|70/100|[from] item: Leftovers
|-heal|p2a: Dondozo|78/100 slp|[from] item: Leftovers
|upkeep
|turn|63
|
|t:|1776315866
|cant|p2a: Dondozo|slp
|move|p2a: Dondozo|Sleep Talk|p2a: Dondozo
|move|p2a: Dondozo|Rest||[from] move: Sleep Talk|[still]
|-fail|p2a: Dondozo
|move|p1a: Zamazenta|Roar|p2a: Dondozo
|drag|p2a: Corviknight|Corviknight, F|97/100
|-ability|p2a: Corviknight|Pressure
|
|-heal|p1a: Zamazenta|76/100|[from] item: Leftovers
|upkeep
|turn|64
|
|t:|1776315872
|switch|p2a: Dondozo|Dondozo, F|78/100 slp
|-damage|p2a: Dondozo|65/100 slp|[from] Spikes
|move|p1a: Zamazenta|Roar|p2a: Dondozo
|drag|p2a: Corviknight|Corviknight, F|97/100
|-ability|p2a: Corviknight|Pressure
|
|-heal|p1a: Zamazenta|82/100|[from] item: Leftovers
|upkeep
|turn|65
|
|t:|1776315876
|switch|p2a: Dondozo|Dondozo, F|65/100 slp
|-damage|p2a: Dondozo|53/100 slp|[from] Spikes
|move|p1a: Zamazenta|Body Press|p2a: Dondozo
|-damage|p2a: Dondozo|38/100 slp
|
|-heal|p1a: Zamazenta|88/100|[from] item: Leftovers
|-heal|p2a: Dondozo|44/100 slp|[from] item: Leftovers
|upkeep
|turn|66
|
|t:|1776315878
|cant|p2a: Dondozo|slp
|move|p2a: Dondozo|Sleep Talk|p2a: Dondozo
|move|p2a: Dondozo|Wave Crash|p1a: Zamazenta|[from] move: Sleep Talk
|-supereffective|p1a: Zamazenta
|-damage|p1a: Zamazenta|21/100
|-damage|p2a: Dondozo|28/100 slp|[from] Recoil
|move|p1a: Zamazenta|Roar|p2a: Dondozo
|drag|p2a: Gliscor|Gliscor, M, shiny, tera:Steel|67/100 tox
|-damage|p2a: Gliscor|55/100 tox|[from] Spikes
|
|-heal|p1a: Zamazenta|28/100|[from] item: Leftovers
|-heal|p2a: Gliscor|67/100 tox|[from] ability: Poison Heal
|upkeep
|turn|67
|
|t:|1776315887
|switch|p2a: Corviknight|Corviknight, F|97/100
|-ability|p2a: Corviknight|Pressure
|move|p1a: Zamazenta|Body Press|p2a: Corviknight
|-damage|p2a: Corviknight|21/100
|
|-heal|p1a: Zamazenta|34/100|[from] item: Leftovers
|upkeep
|turn|68
|
|t:|1776315894
|move|p1a: Zamazenta|Body Press|p2a: Corviknight
|-damage|p2a: Corviknight|0 fnt
|faint|p2a: Corviknight
|
|-heal|p1a: Zamazenta|40/100|[from] item: Leftovers
|upkeep
|
|t:|1776315897
|switch|p2a: Dondozo|Dondozo, F|28/100 slp
|-damage|p2a: Dondozo|16/100 slp|[from] Spikes
|turn|69
|
|t:|1776315902
|-curestatus|p2a: Dondozo|slp|[msg]
|move|p2a: Dondozo|Rest|p2a: Dondozo
|-status|p2a: Dondozo|slp|[from] move: Rest
|-heal|p2a: Dondozo|100/100 slp|[silent]
|move|p1a: Zamazenta|Roar|p2a: Dondozo
|drag|p2a: Gliscor|Gliscor, M, shiny, tera:Steel|67/100 tox
|-damage|p2a: Gliscor|55/100 tox|[from] Spikes
|
|-heal|p1a: Zamazenta|46/100|[from] item: Leftovers
|-heal|p2a: Gliscor|67/100 tox|[from] ability: Poison Heal
|upkeep
|turn|70
|
|t:|1776315907
|move|p2a: Gliscor|Protect|p2a: Gliscor
|-singleturn|p2a: Gliscor|Protect
|move|p1a: Zamazenta|Crunch|p2a: Gliscor
|-activate|p2a: Gliscor|move: Protect
|
|-heal|p1a: Zamazenta|52/100|[from] item: Leftovers
|-heal|p2a: Gliscor|80/100 tox|[from] ability: Poison Heal
|upkeep
|turn|71
|
|t:|1776315910
|move|p2a: Gliscor|Toxic|p1a: Zamazenta
|-status|p1a: Zamazenta|tox
|move|p1a: Zamazenta|Roar|p2a: Gliscor
|drag|p2a: Blissey|Blissey, F|74/100
|-damage|p2a: Blissey|61/100|[from] Spikes
|
|-heal|p1a: Zamazenta|58/100 tox|[from] item: Leftovers
|-heal|p2a: Blissey|67/100|[from] item: Leftovers
|-damage|p1a: Zamazenta|52/100 tox|[from] psn
|upkeep
|turn|72
|
|t:|1776315915
|switch|p1a: Pecharunt|Pecharunt|100/100
|switch|p2a: Gliscor|Gliscor, M, shiny, tera:Steel|80/100 tox
|-damage|p2a: Gliscor|67/100 tox|[from] Spikes
|
|-heal|p2a: Gliscor|80/100 tox|[from] ability: Poison Heal
|upkeep
|turn|73
|
|t:|1776315924
|move|p2a: Gliscor|Protect|p2a: Gliscor
|-singleturn|p2a: Gliscor|Protect
|move|p1a: Pecharunt|Nasty Plot|p1a: Pecharunt
|-boost|p1a: Pecharunt|spa|2
|
|-heal|p2a: Gliscor|92/100 tox|[from] ability: Poison Heal
|upkeep
|turn|74
|
|t:|1776315930
|switch|p2a: Blissey|Blissey, F|67/100
|-damage|p2a: Blissey|55/100|[from] Spikes
|move|p1a: Pecharunt|Shadow Ball|p2a: Blissey
|-immune|p2a: Blissey
|
|-heal|p2a: Blissey|61/100|[from] item: Leftovers
|upkeep
|turn|75
|
|t:|1776315936
|switch|p1a: Ting-Lu|Ting-Lu|83/100
|-ability|p1a: Ting-Lu|Vessel of Ruin
|move|p2a: Blissey|Soft-Boiled|p2a: Blissey
|-heal|p2a: Blissey|100/100
|
|-heal|p1a: Ting-Lu|89/100|[from] item: Leftovers
|upkeep
|turn|76
|
|t:|1776315952
|switch|p2a: Gliscor|Gliscor, M, shiny, tera:Steel|92/100 tox
|-damage|p2a: Gliscor|80/100 tox|[from] Spikes
|move|p1a: Ting-Lu|Spikes|p2a: Gliscor
|-sidestart|p2: thebambi1234|Spikes
|
|-heal|p1a: Ting-Lu|95/100|[from] item: Leftovers
|-heal|p2a: Gliscor|92/100 tox|[from] ability: Poison Heal
|upkeep
|turn|77
|
|t:|1776315955
|move|p2a: Gliscor|Toxic|p1a: Ting-Lu
|-status|p1a: Ting-Lu|tox
|move|p1a: Ting-Lu|Earthquake|p2a: Gliscor
|-supereffective|p2a: Gliscor
|-damage|p2a: Gliscor|47/100 tox
|
|-heal|p1a: Ting-Lu|100/100 tox|[from] item: Leftovers
|-heal|p2a: Gliscor|60/100 tox|[from] ability: Poison Heal
|-damage|p1a: Ting-Lu|94/100 tox|[from] psn
|upkeep
|turn|78
|
|t:|1776315958
|move|p2a: Gliscor|Knock Off|p1a: Ting-Lu
|-resisted|p1a: Ting-Lu
|-damage|p1a: Ting-Lu|89/100 tox
|-enditem|p1a: Ting-Lu|Leftovers|[from] move: Knock Off|[of] p2a: Gliscor
|move|p1a: Ting-Lu|Ruination|p2a: Gliscor
|-damage|p2a: Gliscor|30/100 tox
|
|-heal|p2a: Gliscor|43/100 tox|[from] ability: Poison Heal
|-damage|p1a: Ting-Lu|77/100 tox|[from] psn
|upkeep
|turn|79
|
|t:|1776315960
|move|p2a: Gliscor|Protect|p2a: Gliscor
|-singleturn|p2a: Gliscor|Protect
|move|p1a: Ting-Lu|Spikes|p2a: Gliscor
|-sidestart|p2: thebambi1234|Spikes
|
|-heal|p2a: Gliscor|55/100 tox|[from] ability: Poison Heal
|-damage|p1a: Ting-Lu|58/100 tox|[from] psn
|upkeep
|turn|80
|
|t:|1776315973
|move|p2a: Gliscor|Earthquake|p1a: Ting-Lu
|-damage|p1a: Ting-Lu|42/100 tox
|move|p1a: Ting-Lu|Whirlwind|p2a: Gliscor
|drag|p2a: Garganacl|Garganacl, M, shiny|85/100
|-damage|p2a: Garganacl|60/100|[from] Spikes
|
|-heal|p2a: Garganacl|66/100|[from] item: Leftovers
|-damage|p1a: Ting-Lu|17/100 tox|[from] psn
|upkeep
|turn|81
|
|t:|1776315978
|move|p2a: Garganacl|Protect|p2a: Garganacl
|-singleturn|p2a: Garganacl|Protect
|move|p1a: Ting-Lu|Earthquake|p2a: Garganacl
|-activate|p2a: Garganacl|move: Protect
|
|-heal|p2a: Garganacl|73/100|[from] item: Leftovers
|-damage|p1a: Ting-Lu|0 fnt|[from] psn
|faint|p1a: Ting-Lu
|upkeep
|
|t:|1776315982
|switch|p1a: Iron Treads|Iron Treads|62/100
|turn|82
|
|t:|1776315995
|move|p1a: Iron Treads|Earthquake|p2a: Garganacl
|-supereffective|p2a: Garganacl
|-damage|p2a: Garganacl|13/100
|move|p2a: Garganacl|Stealth Rock|p1a: Iron Treads
|-sidestart|p1: heppaistoss|move: Stealth Rock
|
|-heal|p2a: Garganacl|19/100|[from] item: Leftovers
|upkeep
|turn|83
|
|t:|1776315999
|move|p1a: Iron Treads|Stealth Rock|p2a: Garganacl
|-sidestart|p2: thebambi1234|move: Stealth Rock
|move|p2a: Garganacl|Recover|p2a: Garganacl
|-heal|p2a: Garganacl|69/100
|
|-heal|p2a: Garganacl|75/100|[from] item: Leftovers
|upkeep
|turn|84
|
|t:|1776316003
|move|p2a: Garganacl|Protect|p2a: Garganacl
|-singleturn|p2a: Garganacl|Protect
|move|p1a: Iron Treads|Earthquake|p2a: Garganacl
|-activate|p2a: Garganacl|move: Protect
|
|-heal|p2a: Garganacl|81/100|[from] item: Leftovers
|upkeep
|turn|85
|
|t:|1776316006
|switch|p2a: Dondozo|Dondozo, F|100/100 slp
|-damage|p2a: Dondozo|75/100 slp|[from] Spikes
|-damage|p2a: Dondozo|63/100 slp|[from] Stealth Rock
|move|p1a: Iron Treads|Rapid Spin|p2a: Dondozo
|-damage|p2a: Dondozo|57/100 slp
|-boost|p1a: Iron Treads|spe|1
|-sideend|p1: heppaistoss|Stealth Rock|[from] move: Rapid Spin|[of] p1a: Iron Treads
|
|-heal|p2a: Dondozo|63/100 slp|[from] item: Leftovers
|upkeep
|turn|86
|
|t:|1776316010
|move|p1a: Iron Treads|Earthquake|p2a: Dondozo
|-damage|p2a: Dondozo|45/100 slp
|cant|p2a: Dondozo|slp
|move|p2a: Dondozo|Sleep Talk|p2a: Dondozo
|move|p2a: Dondozo|Body Press|p1a: Iron Treads|[from] move: Sleep Talk
|-supereffective|p1a: Iron Treads
|-damage|p1a: Iron Treads|20/100
|
|-heal|p2a: Dondozo|51/100 slp|[from] item: Leftovers
|upkeep
|turn|87
|
|t:|1776316013
|move|p1a: Iron Treads|Earthquake|p2a: Dondozo
|-damage|p2a: Dondozo|31/100 slp
|cant|p2a: Dondozo|slp
|move|p2a: Dondozo|Sleep Talk|p2a: Dondozo
|move|p2a: Dondozo|Wave Crash|p1a: Iron Treads|[from] move: Sleep Talk
|-supereffective|p1a: Iron Treads
|-damage|p1a: Iron Treads|0 fnt
|faint|p1a: Iron Treads
|-end|p1a: Iron Treads|Quark Drive|[silent]
|-damage|p2a: Dondozo|26/100 slp|[from] Recoil
|
|-heal|p2a: Dondozo|33/100 slp|[from] item: Leftovers
|upkeep
|
|t:|1776316015
|switch|p1a: Kyurem|Kyurem|80/100 tox
|-ability|p1a: Kyurem|Pressure
|turn|88
|
|t:|1776316019
|switch|p2a: Blissey|Blissey, F|100/100
|-damage|p2a: Blissey|76/100|[from] Spikes
|-damage|p2a: Blissey|63/100|[from] Stealth Rock
|move|p1a: Kyurem|Body Press|p2a: Blissey
|-supereffective|p2a: Blissey
|-damage|p2a: Blissey|0 fnt
|faint|p2a: Blissey
|
|-damage|p1a: Kyurem|74/100 tox|[from] psn
|upkeep
|
|t:|1776316025
|switch|p2a: Garganacl|Garganacl, M, shiny|81/100
|-damage|p2a: Garganacl|56/100|[from] Spikes
|-damage|p2a: Garganacl|44/100|[from] Stealth Rock
|turn|89
|
|t:|1776316030
|switch|p1a: Pecharunt|Pecharunt|100/100
|move|p2a: Garganacl|Protect||[still]
|-fail|p2a: Garganacl
|
|-heal|p2a: Garganacl|50/100|[from] item: Leftovers
|upkeep
|turn|90
|
|t:|1776316035
|switch|p2a: Gliscor|Gliscor, M, shiny, tera:Steel|55/100 tox
|-damage|p2a: Gliscor|30/100 tox|[from] Spikes
|-damage|p2a: Gliscor|24/100 tox|[from] Stealth Rock
|move|p1a: Pecharunt|Nasty Plot|p1a: Pecharunt
|-boost|p1a: Pecharunt|spa|2
|
|-heal|p2a: Gliscor|36/100 tox|[from] ability: Poison Heal
|upkeep
|turn|91
|
|t:|1776316040
|move|p1a: Pecharunt|Shadow Ball|p2a: Gliscor
|-damage|p2a: Gliscor|0 fnt
|faint|p2a: Gliscor
|
|upkeep
|
|t:|1776316042
|switch|p2a: Dondozo|Dondozo, F|33/100 slp
|-damage|p2a: Dondozo|8/100 slp|[from] Spikes
|-damage|p2a: Dondozo|0 fnt|[from] Stealth Rock
|faint|p2a: Dondozo
|c|☆thebambi1234|ggs
|
|t:|1776316045
|switch|p2a: Garganacl|Garganacl, M, shiny|50/100
|-damage|p2a: Garganacl|25/100|[from] Spikes
|-damage|p2a: Garganacl|13/100|[from] Stealth Rock
|turn|92
|c|☆heppaistoss|Gg
|
|t:|1776316051
|move|p1a: Pecharunt|Shadow Ball|p2a: Garganacl
|-damage|p2a: Garganacl|0 fnt
|faint|p2a: Garganacl
|
|win|heppaistoss
|raw|heppaistoss's rating: 1387 &rarr; <strong>1409</strong><br />(+22 for winning)
|raw|thebambi1234's rating: 1419 &rarr; <strong>1397</strong><br />(-22 for losing)
