|html|<div class="broadcast-blue"><strong>[Gen 9] OU is currently suspecting Tera Blast! For information on how to participate check out the <a href="https://www.smogon.com/tools/suspects/view/200">suspect thread</a>.</strong></div>
|j|☆phreshoatmeal
|j|☆phonfrog
|t:|1776091592
|gametype|singles
|player|p1|phreshoatmeal|265|1536
|player|p2|phonfrog|101|1513
|gen|9
|tier|[Gen 9] OU
|rated|
|rule|HP Percentage Mod: HP is shown in percentages
|rule|Endless Battle Clause: Forcing endless battles is banned
|rule|Species Clause: Limit one of each Pokémon
|rule|OHKO Clause: OHKO moves are banned
|rule|Evasion Items Clause: Evasion items are banned
|rule|Evasion Moves Clause: Evasion moves are banned
|rule|Evasion Abilities Clause: Evasion abilities are banned
|rule|Sleep Moves Clause: Sleep-inducing moves are banned
|clearpoke
|poke|p1|Rotom-Heat|
|poke|p1|Kingambit, M|
|poke|p1|Dragapult, M|
|poke|p1|Conkeldurr, M|
|poke|p1|Hatterene, F|
|poke|p1|Ogerpon-Wellspring, F|
|poke|p2|Excadrill, M|
|poke|p2|Tyranitar, M|
|poke|p2|Gholdengo|
|poke|p2|Chesnaught, F|
|poke|p2|Tornadus-Therian, M|
|poke|p2|Iron Valiant|
|teampreview
|
|t:|1776091627
|teamsize|p1|6
|teamsize|p2|6
|start
|switch|p1a: Dragapult|Dragapult, M|100/100
|switch|p2a: The Juggernaught|Chesnaught, F|100/100
|turn|1
|
|t:|1776091642
|switch|p2a: The Reigner|Tornadus-Therian, M|100/100
|move|p1a: Dragapult|U-turn|p2a: The Reigner
|-resisted|p2a: The Reigner
|-damage|p2a: The Reigner|90/100
|
|t:|1776091649
|switch|p1a: Hatterene|Hatterene, F|100/100|[from] U-turn
|
|upkeep
|turn|2
|
|t:|1776091657
|switch|p2a: The Excalibur|Excadrill, M|100/100
|-item|p2a: The Excalibur|Air Balloon
|move|p1a: Hatterene|Nuzzle|p2a: The Excalibur
|-immune|p2a: The Excalibur
|
|upkeep
|turn|3
|
|t:|1776091684
|switch|p2a: The Reigner|Tornadus-Therian, M|100/100
|switch|p1a: Rotom|Rotom-Heat|100/100
|
|upkeep
|turn|4
|
|t:|1776091702
|switch|p2a: The Tyrant|Tyranitar, M|100/100
|-weather|Sandstorm|[from] ability: Sand Stream|[of] p2a: The Tyrant
|move|p1a: Rotom|Thunderbolt|p2a: The Tyrant
|-damage|p2a: The Tyrant|82/100
|
|-weather|Sandstorm|[upkeep]
|-damage|p1a: Rotom|94/100|[from] Sandstorm
|-heal|p2a: The Tyrant|88/100|[from] item: Leftovers
|upkeep
|turn|5
|
|t:|1776091719
|switch|p1a: Conkeldurr|Conkeldurr, M|100/100
|move|p2a: The Tyrant|Knock Off|p1a: Conkeldurr
|-resisted|p1a: Conkeldurr
|-damage|p1a: Conkeldurr|78/100
|-enditem|p1a: Conkeldurr|Black Belt|[from] move: Knock Off|[of] p2a: The Tyrant
|
|-weather|Sandstorm|[upkeep]
|-damage|p1a: Conkeldurr|72/100|[from] Sandstorm
|-heal|p2a: The Tyrant|94/100|[from] item: Leftovers
|upkeep
|turn|6
|
|t:|1776091734
|switch|p2a: The Reigner|Tornadus-Therian, M|100/100
|move|p1a: Conkeldurr|Knock Off|p2a: The Reigner
|-damage|p2a: The Reigner|51/100
|-enditem|p2a: The Reigner|Covert Cloak|[from] move: Knock Off|[of] p1a: Conkeldurr
|
|-weather|Sandstorm|[upkeep]
|-damage|p2a: The Reigner|44/100|[from] Sandstorm
|-damage|p1a: Conkeldurr|66/100|[from] Sandstorm
|upkeep
|turn|7
|
|t:|1776091743
|switch|p1a: Rotom|Rotom-Heat|94/100
|move|p2a: The Reigner|Bleakwind Storm|p1a: Rotom
|-resisted|p1a: Rotom
|-damage|p1a: Rotom|72/100
|
|-weather|Sandstorm|[upkeep]
|-damage|p2a: The Reigner|38/100|[from] Sandstorm
|-damage|p1a: Rotom|65/100|[from] Sandstorm
|upkeep
|turn|8
|
|t:|1776091767
|switch|p2a: The Tyrant|Tyranitar, M|94/100
|switch|p1a: Conkeldurr|Conkeldurr, M|66/100
|
|-weather|none
|-heal|p2a: The Tyrant|100/100|[from] item: Leftovers
|upkeep
|turn|9
|
|t:|1776091802
|move|p2a: The Tyrant|Stealth Rock|p1a: Conkeldurr
|-sidestart|p1: phreshoatmeal|move: Stealth Rock
|move|p1a: Conkeldurr|Drain Punch|p2a: The Tyrant
|-supereffective|p2a: The Tyrant
|-crit|p2a: The Tyrant
|-damage|p2a: The Tyrant|0 fnt
|-heal|p1a: Conkeldurr|100/100|[from] drain|[of] p2a: The Tyrant
|faint|p2a: The Tyrant
|
|upkeep
|c|☆phonfrog|Shoot 😭
|
|t:|1776091820
|switch|p2a: The Valiant|Iron Valiant|100/100
|-enditem|p2a: The Valiant|Booster Energy
|-activate|p2a: The Valiant|ability: Quark Drive|[fromitem]
|-start|p2a: The Valiant|quarkdrivespe
|turn|10
|c|☆phreshoatmeal|Lol
|
|t:|1776091832
|switch|p1a: Hatterene|Hatterene, F|100/100
|-damage|p1a: Hatterene|88/100|[from] Stealth Rock
|move|p2a: The Valiant|Encore|p1a: Hatterene
|move|p1a: Hatterene|Encore||[from] ability: Magic Bounce|[still]
|-fail|p1a: Hatterene
|
|-heal|p1a: Hatterene|94/100|[from] item: Leftovers
|upkeep
|turn|11
|
|t:|1776091853
|-end|p2a: The Valiant|Quark Drive|[silent]
|switch|p2a: The Excalibur|Excadrill, M|100/100
|-item|p2a: The Excalibur|Air Balloon
|move|p1a: Hatterene|Draining Kiss|p2a: The Excalibur
|-resisted|p2a: The Excalibur
|-damage|p2a: The Excalibur|86/100
|-heal|p1a: Hatterene|100/100|[from] drain|[of] p2a: The Excalibur
|-enditem|p2a: The Excalibur|Air Balloon
|
|upkeep
|turn|12
|
|t:|1776091866
|switch|p1a: Conkeldurr|Conkeldurr, M|100/100
|-damage|p1a: Conkeldurr|95/100|[from] Stealth Rock
|move|p2a: The Excalibur|Swords Dance|p2a: The Excalibur
|-boost|p2a: The Excalibur|atk|2
|
|upkeep
|turn|13
|
|t:|1776091895
|-terastallize|p2a: The Excalibur|Ground
|move|p1a: Conkeldurr|Mach Punch|p2a: The Excalibur
|-damage|p2a: The Excalibur|43/100
|move|p2a: The Excalibur|Rapid Spin|p1a: Conkeldurr
|-crit|p1a: Conkeldurr
|-damage|p1a: Conkeldurr|40/100
|-boost|p2a: The Excalibur|spe|1
|
|upkeep
|turn|14
|
|t:|1776091904
|move|p1a: Conkeldurr|Mach Punch|p2a: The Excalibur
|-damage|p2a: The Excalibur|0 fnt
|faint|p2a: The Excalibur
|
|upkeep
|c|☆phonfrog|son
|c|☆phonfrog|Are we real
|c|☆phonfrog|a crit
|c|☆phonfrog|come on bro
|c|☆phonfrog|gg
|-message|phonfrog forfeited.
|
|win|phreshoatmeal
|raw|phreshoatmeal's rating: 1536 &rarr; <strong>1555</strong><br />(+19 for winning)
|raw|phonfrog's rating: 1513 &rarr; <strong>1494</strong><br />(-19 for losing)
|l|☆phreshoatmeal
|player|p1|
|l|☆phonfrog
|player|p2|
