|html|<div class="broadcast-blue"><strong>[Gen 9] OU is currently suspecting Tera Blast! For information on how to participate check out the <a href="https://www.smogon.com/tools/suspects/view/200">suspect thread</a>.</strong></div>
|j|☆chicoronaldo
|j|☆pokemonboy1
|t:|1776095318
|gametype|singles
|player|p1|chicoronaldo|maid|1075
|player|p2|pokemonboy1|102|1129
|gen|9
|tier|[Gen 9] OU
|rated|
|rule|HP Percentage Mod: HP is shown in percentages
|rule|Endless Battle Clause: Forcing endless battles is banned
|rule|Species Clause: Limit one of each Pokémon
|rule|OHKO Clause: OHKO moves are banned
|rule|Evasion Items Clause: Evasion items are banned
|rule|Evasion Moves Clause: Evasion moves are banned
|rule|Evasion Abilities Clause: Evasion abilities are banned
|rule|Sleep Moves Clause: Sleep-inducing moves are banned
|clearpoke
|poke|p1|Great Tusk|
|poke|p1|Dragonite, F|
|poke|p1|Glimmora, F|
|poke|p1|Weezing-Galar, F|
|poke|p1|Darkrai|
|poke|p1|Gholdengo|
|poke|p2|Dodrio, F|
|poke|p2|Conkeldurr, M|
|poke|p2|Gliscor, M|
|poke|p2|Quaquaval, F|
|poke|p2|Corviknight, F|
|poke|p2|Iron Valiant|
|teampreview
|
|t:|1776095330
|teamsize|p1|6
|teamsize|p2|6
|start
|switch|p1a: Gholdengo|Gholdengo|100/100
|switch|p2a: Gliscor|Gliscor, M|100/100
|turn|1
|
|t:|1776095344
|switch|p1a: Weezing|Weezing-Galar, F|100/100
|move|p2a: Gliscor|Earthquake|p1a: Weezing
|-immune|p1a: Weezing|[from] ability: Levitate
|
|-status|p2a: Gliscor|tox|[from] item: Toxic Orb
|upkeep
|turn|2
|
|t:|1776095360
|move|p2a: Gliscor|Swords Dance|p2a: Gliscor
|-boost|p2a: Gliscor|atk|2
|move|p1a: Weezing|Strange Steam|p2a: Gliscor
|-damage|p2a: Gliscor|60/100 tox
|
|-heal|p2a: Gliscor|73/100 tox|[from] ability: Poison Heal
|upkeep
|turn|3
|
|t:|1776095371
|switch|p1a: Great Tusk|Great Tusk|100/100
|-enditem|p1a: Great Tusk|Booster Energy
|-activate|p1a: Great Tusk|ability: Protosynthesis|[fromitem]
|-start|p1a: Great Tusk|protosynthesisspe
|move|p2a: Gliscor|Facade|p1a: Great Tusk
|-damage|p1a: Great Tusk|54/100
|
|-heal|p2a: Gliscor|85/100 tox|[from] ability: Poison Heal
|upkeep
|turn|4
|
|t:|1776095382
|move|p2a: Gliscor|Protect|p2a: Gliscor
|-singleturn|p2a: Gliscor|Protect
|move|p1a: Great Tusk|Ice Spinner|p2a: Gliscor
|-activate|p2a: Gliscor|move: Protect
|
|-heal|p2a: Gliscor|97/100 tox|[from] ability: Poison Heal
|upkeep
|turn|5
|
|t:|1776095405
|switch|p2a: Dodrio|Dodrio, F|100/100
|move|p1a: Great Tusk|Ice Spinner|p2a: Dodrio
|-supereffective|p2a: Dodrio
|-damage|p2a: Dodrio|17/100
|-enditem|p2a: Dodrio|Sitrus Berry|[eat]
|-heal|p2a: Dodrio|42/100|[from] item: Sitrus Berry
|
|upkeep
|turn|6
|
|t:|1776095412
|-end|p1a: Great Tusk|Protosynthesis|[silent]
|switch|p1a: Glimmora|Glimmora, F|100/100
|move|p2a: Dodrio|Acrobatics|p1a: Glimmora
|-resisted|p1a: Glimmora
|-damage|p1a: Glimmora|69/100
|-activate|p1a: Glimmora|ability: Toxic Debris
|-sidestart|p2: pokemonboy1|move: Toxic Spikes
|
|upkeep
|turn|7
|
|t:|1776095418
|move|p2a: Dodrio|Drill Run|p1a: Glimmora
|-supereffective|p1a: Glimmora
|-damage|p1a: Glimmora|0 fnt
|-activate|p1a: Glimmora|ability: Toxic Debris
|-sidestart|p2: pokemonboy1|move: Toxic Spikes
|faint|p1a: Glimmora
|
|upkeep
|
|t:|1776095421
|switch|p1a: Darkrai|Darkrai|100/100
|turn|8
|
|t:|1776095429
|move|p1a: Darkrai|Psychic|p2a: Dodrio
|-damage|p2a: Dodrio|0 fnt
|faint|p2a: Dodrio
|
|upkeep
|
|t:|1776095434
|switch|p2a: Corviknight|Corviknight, F|100/100
|turn|9
|
|t:|1776095438
|switch|p1a: Gholdengo|Gholdengo|100/100
|move|p2a: Corviknight|Defog|p1a: Gholdengo
|-immune|p1a: Gholdengo|[from] ability: Good as Gold
|
|upkeep
|turn|10
|
|t:|1776095457
|switch|p2a: Gliscor|Gliscor, M|97/100 tox
|move|p1a: Gholdengo|Shadow Ball|p2a: Gliscor
|-damage|p2a: Gliscor|35/100 tox
|
|-heal|p2a: Gliscor|47/100 tox|[from] ability: Poison Heal
|upkeep
|turn|11
|
|t:|1776095470
|move|p2a: Gliscor|Protect|p2a: Gliscor
|-singleturn|p2a: Gliscor|Protect
|move|p1a: Gholdengo|Shadow Ball|p2a: Gliscor
|-activate|p2a: Gliscor|move: Protect
|
|-heal|p2a: Gliscor|59/100 tox|[from] ability: Poison Heal
|upkeep
|turn|12
|
|t:|1776095485
|switch|p1a: Dragonite|Dragonite, F|100/100
|move|p2a: Gliscor|Earthquake|p1a: Dragonite
|-immune|p1a: Dragonite
|
|-heal|p2a: Gliscor|72/100 tox|[from] ability: Poison Heal
|upkeep
|turn|13
|
|t:|1776095492
|move|p2a: Gliscor|Swords Dance|p2a: Gliscor
|-boost|p2a: Gliscor|atk|2
|move|p1a: Dragonite|Dragon Dance|p1a: Dragonite
|-boost|p1a: Dragonite|atk|1
|-boost|p1a: Dragonite|spe|1
|
|-heal|p2a: Gliscor|84/100 tox|[from] ability: Poison Heal
|upkeep
|turn|14
|
|t:|1776095502
|-terastallize|p1a: Dragonite|Flying
|move|p1a: Dragonite|Tera Blast|p2a: Gliscor|[anim] Tera Blast Flying
|-damage|p2a: Gliscor|5/100 tox
|move|p2a: Gliscor|Facade|p1a: Dragonite
|-damage|p1a: Dragonite|57/100
|
|-heal|p1a: Dragonite|63/100|[from] item: Leftovers
|-heal|p2a: Gliscor|17/100 tox|[from] ability: Poison Heal
|upkeep
|turn|15
|
|t:|1776095509
|move|p2a: Gliscor|Protect|p2a: Gliscor
|-singleturn|p2a: Gliscor|Protect
|move|p1a: Dragonite|Dragon Dance|p1a: Dragonite
|-boost|p1a: Dragonite|atk|1
|-boost|p1a: Dragonite|spe|1
|
|-heal|p1a: Dragonite|69/100|[from] item: Leftovers
|-heal|p2a: Gliscor|30/100 tox|[from] ability: Poison Heal
|upkeep
|turn|16
|
|t:|1776095512
|move|p1a: Dragonite|Tera Blast|p2a: Gliscor|[anim] Tera Blast Flying
|-damage|p2a: Gliscor|0 fnt
|faint|p2a: Gliscor
|
|-heal|p1a: Dragonite|75/100|[from] item: Leftovers
|upkeep
|
|t:|1776095528
|switch|p2a: Corviknight|Corviknight, F|100/100
|turn|17
|
|t:|1776095534
|move|p1a: Dragonite|Tera Blast|p2a: Corviknight|[anim] Tera Blast Flying
|-resisted|p2a: Corviknight
|-damage|p2a: Corviknight|51/100
|move|p2a: Corviknight|Defog|p1a: Dragonite
|-unboost|p1a: Dragonite|evasion|1
|-sideend|p2: pokemonboy1|Toxic Spikes|[from] move: Defog|[of] p2a: Corviknight
|
|-heal|p1a: Dragonite|82/100|[from] item: Leftovers
|upkeep
|turn|18
|
|t:|1776095538
|move|p1a: Dragonite|Tera Blast|p2a: Corviknight|[anim] Tera Blast Flying
|-resisted|p2a: Corviknight
|-damage|p2a: Corviknight|2/100
|move|p2a: Corviknight|Brave Bird|p1a: Dragonite
|-damage|p1a: Dragonite|39/100
|-damage|p2a: Corviknight|0 fnt|[from] Recoil
|faint|p2a: Corviknight
|
|-heal|p1a: Dragonite|45/100|[from] item: Leftovers
|upkeep
|
|t:|1776095543
|switch|p2a: Iron Valiant|Iron Valiant|100/100
|-enditem|p2a: Iron Valiant|Booster Energy
|-activate|p2a: Iron Valiant|ability: Quark Drive|[fromitem]
|-start|p2a: Iron Valiant|quarkdrivespe
|turn|19
|
|t:|1776095551
|move|p1a: Dragonite|Tera Blast|p2a: Iron Valiant|[anim] Tera Blast Flying
|-supereffective|p2a: Iron Valiant
|-damage|p2a: Iron Valiant|0 fnt
|faint|p2a: Iron Valiant
|-end|p2a: Iron Valiant|Quark Drive|[silent]
|
|-heal|p1a: Dragonite|51/100|[from] item: Leftovers
|upkeep
|
|t:|1776095553
|switch|p2a: Conkeldurr|Conkeldurr, M|100/100
|turn|20
|
|t:|1776095556
|move|p1a: Dragonite|Tera Blast|p2a: Conkeldurr|[anim] Tera Blast Flying
|-supereffective|p2a: Conkeldurr
|-damage|p2a: Conkeldurr|0 fnt
|faint|p2a: Conkeldurr
|
|-heal|p1a: Dragonite|57/100|[from] item: Leftovers
|upkeep
|-message|pokemonboy1 forfeited.
|
|win|chicoronaldo
|raw|chicoronaldo's rating: 1075 &rarr; <strong>1108</strong><br />(+33 for winning)
|raw|pokemonboy1's rating: 1129 &rarr; <strong>1100</strong><br />(-29 for losing)
|l|☆pokemonboy1
|player|p2|
|c|☆chicoronaldo|gg
