|html|<div class="broadcast-blue"><strong>[Gen 9] OU is currently suspecting Tera Blast! For information on how to participate check out the <a href="https://www.smogon.com/tools/suspects/view/200">suspect thread</a>.</strong></div>
|j|☆twoflowersluggage
|j|☆7tempest
|t:|1776092704
|gametype|singles
|player|p1|twoflowersluggage|pokefan-gen6|1530
|player|p2|7tempest|roy|1602
|gen|9
|tier|[Gen 9] OU
|rated|
|rule|HP Percentage Mod: HP is shown in percentages
|rule|Endless Battle Clause: Forcing endless battles is banned
|rule|Species Clause: Limit one of each Pokémon
|rule|OHKO Clause: OHKO moves are banned
|rule|Evasion Items Clause: Evasion items are banned
|rule|Evasion Moves Clause: Evasion moves are banned
|rule|Evasion Abilities Clause: Evasion abilities are banned
|rule|Sleep Moves Clause: Sleep-inducing moves are banned
|clearpoke
|poke|p1|Hatterene, F|
|poke|p1|Ursaluna, M|
|poke|p1|Porygon2|
|poke|p1|Cresselia, F|
|poke|p1|Iron Hands|
|poke|p1|Volcanion|
|poke|p2|Ting-Lu|
|poke|p2|Gholdengo|
|poke|p2|Zamazenta-*|
|poke|p2|Corviknight, F|
|poke|p2|Raging Bolt|
|poke|p2|Deoxys-Speed|
|teampreview
|inactive|Battle timer is ON: inactive players will automatically lose when time's up. (requested by 7tempest)
|
|t:|1776092740
|teamsize|p1|6
|teamsize|p2|6
|start
|switch|p1a: Ursaluna|Ursaluna, M|100/100
|switch|p2a: Mr. Reliable|Ting-Lu|100/100
|-ability|p2a: Mr. Reliable|Vessel of Ruin
|turn|1
|
|t:|1776092750
|switch|p1a: Hatterene|Hatterene, F, shiny|100/100
|move|p2a: Mr. Reliable|Ruination|p1a: Hatterene
|-damage|p1a: Hatterene|51/100
|
|upkeep
|turn|2
|
|t:|1776092761
|switch|p2a: Lost Soul|Gholdengo|100/100
|move|p1a: Hatterene|Dazzling Gleam|p2a: Lost Soul
|-resisted|p2a: Lost Soul
|-damage|p2a: Lost Soul|74/100
|
|upkeep
|turn|3
|
|t:|1776092770
|switch|p1a: Porygon2|Porygon2|100/100
|-ability|p1a: Porygon2|Download|boost
|-boost|p1a: Porygon2|spa|1
|move|p2a: Lost Soul|Trick|p1a: Porygon2
|-activate|p2a: Lost Soul|move: Trick|[of] p1a: Porygon2
|-item|p1a: Porygon2|Choice Scarf|[from] move: Trick
|-item|p2a: Lost Soul|Eviolite|[from] move: Trick
|
|upkeep
|turn|4
|
|t:|1776092780
|move|p2a: Lost Soul|Make It Rain|p1a: Porygon2
|-damage|p1a: Porygon2|44/100
|-unboost|p2a: Lost Soul|spa|1
|move|p1a: Porygon2|Trick Room|p1a: Porygon2
|-fieldstart|move: Trick Room|[of] p1a: Porygon2
|
|upkeep
|turn|5
|
|t:|1776092791
|switch|p1a: Volcanion|Volcanion|100/100
|move|p2a: Lost Soul|Trick|p1a: Volcanion
|-activate|p2a: Lost Soul|move: Trick|[of] p1a: Volcanion
|-item|p1a: Volcanion|Eviolite|[from] move: Trick
|-item|p2a: Lost Soul|Choice Specs|[from] move: Trick
|
|upkeep
|turn|6
|inactive|7tempest has 120 seconds left.
|
|t:|1776092832
|move|p1a: Volcanion|Steam Eruption|p2a: Lost Soul
|-damage|p2a: Lost Soul|0 fnt
|faint|p2a: Lost Soul
|
|upkeep
|
|t:|1776092841
|switch|p2a: Cold Visions|Raging Bolt|100/100
|-enditem|p2a: Cold Visions|Booster Energy
|-activate|p2a: Cold Visions|ability: Protosynthesis|[fromitem]
|-start|p2a: Cold Visions|protosynthesisspa
|turn|7
|
|t:|1776092860
|move|p1a: Volcanion|Earth Power|p2a: Cold Visions
|-supereffective|p2a: Cold Visions
|-damage|p2a: Cold Visions|37/100
|move|p2a: Cold Visions|Thunderbolt|p1a: Volcanion
|-supereffective|p1a: Volcanion
|-crit|p1a: Volcanion
|-damage|p1a: Volcanion|0 fnt
|faint|p1a: Volcanion
|
|upkeep
|
|t:|1776092866
|switch|p1a: Ursaluna|Ursaluna, M|100/100
|turn|8
|
|t:|1776092872
|-end|p2a: Cold Visions|Protosynthesis|[silent]
|switch|p2a: TheCrestHasFallen|Corviknight, F|100/100
|-ability|p2a: TheCrestHasFallen|Pressure
|move|p1a: Ursaluna|Facade|p2a: TheCrestHasFallen
|-resisted|p2a: TheCrestHasFallen
|-damage|p2a: TheCrestHasFallen|87/100
|-damage|p1a: Ursaluna|84/100|[from] item: Rocky Helmet|[of] p2a: TheCrestHasFallen
|
|-fieldend|move: Trick Room
|-status|p1a: Ursaluna|brn|[from] item: Flame Orb
|upkeep
|turn|9
|inactive|7tempest has 120 seconds left.
|
|t:|1776092881
|switch|p1a: Hatterene|Hatterene, F, shiny|51/100
|move|p2a: TheCrestHasFallen|Body Press|p1a: Hatterene
|-resisted|p1a: Hatterene
|-damage|p1a: Hatterene|43/100
|
|upkeep
|turn|10
|
|t:|1776092889
|switch|p2a: Cold Visions|Raging Bolt|37/100
|move|p1a: Hatterene|Trick Room|p1a: Hatterene
|-fieldstart|move: Trick Room|[of] p1a: Hatterene
|
|upkeep
|turn|11
|
|t:|1776092910
|move|p2a: Cold Visions|Thunderclap|p1a: Hatterene
|-damage|p1a: Hatterene|0 fnt
|faint|p1a: Hatterene
|
|upkeep
|
|t:|1776092913
|switch|p1a: Iron Hands|Iron Hands|100/100
|-enditem|p1a: Iron Hands|Booster Energy
|-activate|p1a: Iron Hands|ability: Quark Drive|[fromitem]
|-start|p1a: Iron Hands|quarkdriveatk
|turn|12
|
|t:|1776092927
|move|p1a: Iron Hands|Drain Punch|p2a: Cold Visions
|-damage|p2a: Cold Visions|0 fnt
|faint|p2a: Cold Visions
|-end|p2a: Cold Visions|Protosynthesis|[silent]
|
|upkeep
|
|t:|1776092944
|switch|p2a: Mr. Reliable|Ting-Lu|100/100
|-ability|p2a: Mr. Reliable|Vessel of Ruin
|turn|13
|
|t:|1776092950
|move|p1a: Iron Hands|Swords Dance|p1a: Iron Hands
|-boost|p1a: Iron Hands|atk|2
|move|p2a: Mr. Reliable|Stealth Rock|p1a: Iron Hands
|-sidestart|p1: twoflowersluggage|move: Stealth Rock
|
|upkeep
|turn|14
|
|t:|1776092962
|move|p1a: Iron Hands|Drain Punch|p2a: Mr. Reliable
|-supereffective|p2a: Mr. Reliable
|-damage|p2a: Mr. Reliable|0 fnt
|faint|p2a: Mr. Reliable
|
|-fieldend|move: Trick Room
|upkeep
|
|t:|1776092966
|switch|p2a: Deoxys|Deoxys-Speed|100/100
|-ability|p2a: Deoxys|Pressure
|turn|15
|
|t:|1776092993
|-end|p1a: Iron Hands|Quark Drive|[silent]
|switch|p1a: Porygon2|Porygon2|44/100
|-damage|p1a: Porygon2|32/100|[from] Stealth Rock
|-ability|p1a: Porygon2|Download|boost
|-boost|p1a: Porygon2|spa|1
|move|p2a: Deoxys|Psycho Boost|p1a: Porygon2
|-damage|p1a: Porygon2|0 fnt
|-unboost|p2a: Deoxys|spa|2
|faint|p1a: Porygon2
|-enditem|p2a: Deoxys|Eject Pack
|
|t:|1776093003
|switch|p2a: TheCrestHasFallen|Corviknight, F|87/100
|-ability|p2a: TheCrestHasFallen|Pressure
|
|upkeep
|
|t:|1776093012
|switch|p1a: Iron Hands|Iron Hands|100/100
|-damage|p1a: Iron Hands|94/100|[from] Stealth Rock
|turn|16
|
|t:|1776093017
|move|p2a: TheCrestHasFallen|Iron Defense|p2a: TheCrestHasFallen
|-boost|p2a: TheCrestHasFallen|def|2
|move|p1a: Iron Hands|Swords Dance|p1a: Iron Hands
|-boost|p1a: Iron Hands|atk|2
|
|upkeep
|turn|17
|
|t:|1776093029
|-terastallize|p2a: TheCrestHasFallen|Ghost
|move|p2a: TheCrestHasFallen|Iron Defense|p2a: TheCrestHasFallen
|-boost|p2a: TheCrestHasFallen|def|2
|move|p1a: Iron Hands|Wild Charge|p2a: TheCrestHasFallen
|-damage|p2a: TheCrestHasFallen|65/100
|-damage|p1a: Iron Hands|78/100|[from] item: Rocky Helmet|[of] p2a: TheCrestHasFallen
|-damage|p1a: Iron Hands|73/100|[from] Recoil
|
|upkeep
|turn|18
|-message|twoflowersluggage forfeited.
|
|win|7tempest
|raw|twoflowersluggage's rating: 1530 &rarr; <strong>1514</strong><br />(-16 for losing)
|raw|7tempest's rating: 1602 &rarr; <strong>1618</strong><br />(+16 for winning)
|l|☆twoflowersluggage
|player|p1|
