|html|<div class="broadcast-blue"><strong>[Gen 9] OU is currently suspecting Tera Blast! For information on how to participate check out the <a href="https://www.smogon.com/tools/suspects/view/200">suspect thread</a>.</strong></div>
|j|☆DcBaker
|j|☆MoQingYanYu
|t:|1776136773
|gametype|singles
|player|p1|DcBaker|pokemonrangerf|1253
|player|p2|MoQingYanYu|170|1285
|gen|9
|tier|[Gen 9] OU
|rated|
|rule|HP Percentage Mod: HP is shown in percentages
|rule|Endless Battle Clause: Forcing endless battles is banned
|rule|Species Clause: Limit one of each Pokémon
|rule|OHKO Clause: OHKO moves are banned
|rule|Evasion Items Clause: Evasion items are banned
|rule|Evasion Moves Clause: Evasion moves are banned
|rule|Evasion Abilities Clause: Evasion abilities are banned
|rule|Sleep Moves Clause: Sleep-inducing moves are banned
|clearpoke
|poke|p1|Deoxys-Speed|
|poke|p1|Ceruledge, F|
|poke|p1|Zamazenta-*|
|poke|p1|Ogerpon-Wellspring, F|
|poke|p1|Glimmora, F|
|poke|p1|Moltres-Galar|
|poke|p2|Corviknight, M|
|poke|p2|Dragapult, F|
|poke|p2|Iron Treads|
|poke|p2|Gliscor, M|
|poke|p2|Rillaboom, F|
|poke|p2|Dondozo, M|
|teampreview
|inactive|Battle timer is ON: inactive players will automatically lose when time's up. (requested by MoQingYanYu)
|
|t:|1776136786
|teamsize|p1|6
|teamsize|p2|6
|start
|switch|p1a: gimmie|Glimmora, F|100/100
|switch|p2a: Rillaboom|Rillaboom, F|100/100
|-fieldstart|move: Grassy Terrain|[from] ability: Grassy Surge|[of] p2a: Rillaboom
|turn|1
|
|t:|1776136795
|switch|p2a: Iron Treads|Iron Treads|100/100
|move|p1a: gimmie|Meteor Beam||[still]
|-prepare|p1a: gimmie|Meteor Beam
|-boost|p1a: gimmie|spa|1
|-enditem|p1a: gimmie|Power Herb
|-anim|p1a: gimmie|Meteor Beam|p2a: Iron Treads
|-resisted|p2a: Iron Treads
|-damage|p2a: Iron Treads|68/100
|
|-heal|p2a: Iron Treads|74/100|[from] Grassy Terrain
|upkeep
|turn|2
|
|t:|1776136807
|-end|p2a: Iron Treads|Quark Drive|[silent]
|switch|p2a: Corviknight|Corviknight, M|100/100
|-ability|p2a: Corviknight|Pressure
|move|p1a: gimmie|Earth Power|p2a: Corviknight
|-immune|p2a: Corviknight
|
|upkeep
|turn|3
|
|t:|1776136814
|move|p1a: gimmie|Meteor Beam||[still]
|-prepare|p1a: gimmie|Meteor Beam
|-boost|p1a: gimmie|spa|1
|move|p2a: Corviknight|Substitute|p2a: Corviknight
|-start|p2a: Corviknight|Substitute
|-damage|p2a: Corviknight|75/100
|
|-heal|p2a: Corviknight|82/100|[from] item: Leftovers
|upkeep
|turn|4
|
|t:|1776136819
|move|p2a: Corviknight|Protect|p2a: Corviknight
|-singleturn|p2a: Corviknight|Protect
|move|p1a: gimmie|Meteor Beam|p2a: Corviknight|[from] lockedmove
|-activate|p2a: Corviknight|move: Protect
|
|-heal|p2a: Corviknight|88/100|[from] item: Leftovers
|upkeep
|turn|5
|
|t:|1776136824
|move|p1a: gimmie|Mortal Spin|p2a: Corviknight
|-immune|p2a: Corviknight
|move|p2a: Corviknight|Spite|p1a: gimmie
|-activate|p1a: gimmie|move: Spite|Mortal Spin|4
|
|-heal|p2a: Corviknight|94/100|[from] item: Leftovers
|-fieldend|move: Grassy Terrain
|upkeep
|turn|6
|
|t:|1776136830
|move|p1a: gimmie|Stealth Rock|p2a: Corviknight
|-sidestart|p2: MoQingYanYu|move: Stealth Rock
|move|p2a: Corviknight|Spite|p1a: gimmie
|-activate|p1a: gimmie|move: Spite|Stealth Rock|4
|
|-heal|p2a: Corviknight|100/100|[from] item: Leftovers
|upkeep
|turn|7
|
|t:|1776136836
|move|p1a: gimmie|Stealth Rock||[still]
|-fail|p1a: gimmie
|move|p2a: Corviknight|Spite|p1a: gimmie
|-activate|p1a: gimmie|move: Spite|Stealth Rock|4
|
|upkeep
|turn|8
|
|t:|1776136847
|move|p1a: gimmie|Stealth Rock||[still]
|-fail|p1a: gimmie
|move|p2a: Corviknight|Spite|p1a: gimmie
|-activate|p1a: gimmie|move: Spite|Stealth Rock|4
|
|upkeep
|turn|9
|
|t:|1776136858
|switch|p1a: Sara|Ceruledge, F|100/100
|move|p2a: Corviknight|Spite||[still]
|-fail|p2a: Corviknight
|
|upkeep
|turn|10
|
|t:|1776136864
|move|p2a: Corviknight|Protect|p2a: Corviknight
|-singleturn|p2a: Corviknight|Protect
|move|p1a: Sara|Swords Dance|p1a: Sara
|-boost|p1a: Sara|atk|2
|
|upkeep
|turn|11
|
|t:|1776136871
|move|p2a: Corviknight|Spite|p1a: Sara
|-activate|p1a: Sara|move: Spite|Swords Dance|4
|move|p1a: Sara|Bitter Blade|p2a: Corviknight
|-supereffective|p2a: Corviknight
|-end|p2a: Corviknight|Substitute
|-damage|p1a: Sara|91/100|[from] item: Life Orb
|
|upkeep
|turn|12
|
|t:|1776136879
|move|p2a: Corviknight|Substitute|p2a: Corviknight
|-start|p2a: Corviknight|Substitute
|-damage|p2a: Corviknight|75/100
|move|p1a: Sara|Bitter Blade|p2a: Corviknight
|-supereffective|p2a: Corviknight
|-end|p2a: Corviknight|Substitute
|-heal|p1a: Sara|100/100|[from] drain|[of] p2a: Corviknight
|-damage|p1a: Sara|91/100|[from] item: Life Orb
|
|-heal|p2a: Corviknight|82/100|[from] item: Leftovers
|upkeep
|turn|13
|
|t:|1776136888
|move|p2a: Corviknight|Protect|p2a: Corviknight
|-singleturn|p2a: Corviknight|Protect
|move|p1a: Sara|Swords Dance|p1a: Sara
|-boost|p1a: Sara|atk|2
|
|-heal|p2a: Corviknight|88/100|[from] item: Leftovers
|upkeep
|turn|14
|
|t:|1776136893
|move|p2a: Corviknight|Substitute|p2a: Corviknight
|-start|p2a: Corviknight|Substitute
|-damage|p2a: Corviknight|63/100
|move|p1a: Sara|Bitter Blade|p2a: Corviknight
|-supereffective|p2a: Corviknight
|-end|p2a: Corviknight|Substitute
|-heal|p1a: Sara|100/100|[from] drain|[of] p2a: Corviknight
|-damage|p1a: Sara|91/100|[from] item: Life Orb
|
|-heal|p2a: Corviknight|69/100|[from] item: Leftovers
|upkeep
|turn|15
|
|t:|1776136899
|move|p2a: Corviknight|Protect|p2a: Corviknight
|-singleturn|p2a: Corviknight|Protect
|move|p1a: Sara|Swords Dance|p1a: Sara
|-boost|p1a: Sara|atk|2
|
|-heal|p2a: Corviknight|75/100|[from] item: Leftovers
|upkeep
|turn|16
|
|t:|1776136902
|move|p2a: Corviknight|Substitute|p2a: Corviknight
|-start|p2a: Corviknight|Substitute
|-damage|p2a: Corviknight|50/100
|move|p1a: Sara|Bitter Blade|p2a: Corviknight
|-supereffective|p2a: Corviknight
|-end|p2a: Corviknight|Substitute
|-heal|p1a: Sara|100/100|[from] drain|[of] p2a: Corviknight
|-damage|p1a: Sara|91/100|[from] item: Life Orb
|
|-heal|p2a: Corviknight|57/100|[from] item: Leftovers
|upkeep
|turn|17
|
|t:|1776136906
|move|p2a: Corviknight|Protect|p2a: Corviknight
|-singleturn|p2a: Corviknight|Protect
|move|p1a: Sara|Shadow Sneak|p2a: Corviknight
|-activate|p2a: Corviknight|move: Protect
|
|-heal|p2a: Corviknight|63/100|[from] item: Leftovers
|upkeep
|turn|18
|
|t:|1776136912
|move|p1a: Sara|Shadow Sneak|p2a: Corviknight
|-damage|p2a: Corviknight|0 fnt
|faint|p2a: Corviknight
|-damage|p1a: Sara|81/100|[from] item: Life Orb
|
|upkeep
|
|t:|1776136922
|switch|p2a: Iron Treads|Iron Treads|74/100
|turn|19
|
|t:|1776136936
|-terastallize|p1a: Sara|Ghost
|move|p2a: Iron Treads|Earthquake|p1a: Sara
|-damage|p1a: Sara|15/100
|-ability|p1a: Sara|Weak Armor|boost
|-unboost|p1a: Sara|def|1
|-boost|p1a: Sara|spe|2
|move|p1a: Sara|Bitter Blade|p2a: Iron Treads
|-supereffective|p2a: Iron Treads
|-damage|p2a: Iron Treads|0 fnt
|-heal|p1a: Sara|54/100|[from] drain|[of] p2a: Iron Treads
|faint|p2a: Iron Treads
|-end|p2a: Iron Treads|Quark Drive|[silent]
|-damage|p1a: Sara|44/100|[from] item: Life Orb
|
|upkeep
|
|t:|1776136945
|switch|p2a: Rillaboom|Rillaboom, F|100/100
|-damage|p2a: Rillaboom|88/100|[from] Stealth Rock
|-fieldstart|move: Grassy Terrain|[from] ability: Grassy Surge|[of] p2a: Rillaboom
|turn|20
|
|t:|1776136952
|move|p1a: Sara|Shadow Sneak|p2a: Rillaboom
|-damage|p2a: Rillaboom|0 fnt
|faint|p2a: Rillaboom
|-damage|p1a: Sara|34/100|[from] item: Life Orb
|
|-heal|p1a: Sara|40/100|[from] Grassy Terrain
|upkeep
|-message|MoQingYanYu forfeited.
|
|win|DcBaker
|raw|DcBaker's rating: 1253 &rarr; <strong>1280</strong><br />(+27 for winning)
|raw|MoQingYanYu's rating: 1285 &rarr; <strong>1258</strong><br />(-27 for losing)
