|html|<div class="broadcast-blue"><strong>[Gen 9] OU is currently suspecting Tera Blast! For information on how to participate check out the <a href="https://www.smogon.com/tools/suspects/view/200">suspect thread</a>.</strong></div>
|j|☆thebacchusbraviary
|j|☆mothfox
|t:|1776120539
|gametype|singles
|player|p1|thebacchusbraviary|winona|1261
|player|p2|mothfox|colress|1195
|gen|9
|tier|[Gen 9] OU
|rated|
|rule|HP Percentage Mod: HP is shown in percentages
|rule|Endless Battle Clause: Forcing endless battles is banned
|rule|Species Clause: Limit one of each Pokémon
|rule|OHKO Clause: OHKO moves are banned
|rule|Evasion Items Clause: Evasion items are banned
|rule|Evasion Moves Clause: Evasion moves are banned
|rule|Evasion Abilities Clause: Evasion abilities are banned
|rule|Sleep Moves Clause: Sleep-inducing moves are banned
|clearpoke
|poke|p1|Talonflame, F|
|poke|p1|Latios, M|
|poke|p1|Magnezone|
|poke|p1|Regice|
|poke|p1|Tauros-Paldea-Aqua, M|
|poke|p1|Tyranitar, M|
|poke|p2|Dragonite, M|
|poke|p2|Samurott-Hisui, M|
|poke|p2|Clefable, F|
|poke|p2|Gliscor, F|
|poke|p2|Gholdengo|
|poke|p2|Zamazenta-*|
|teampreview
|inactive|Battle timer is ON: inactive players will automatically lose when time's up. (requested by mothfox)
|inactive|thebacchusbraviary also wants the timer to be on.
|
|t:|1776120557
|teamsize|p1|6
|teamsize|p2|6
|start
|switch|p1a: Magnezone|Magnezone|100/100
|switch|p2a: Gliscor|Gliscor, F|100/100
|turn|1
|
|t:|1776120567
|-terastallize|p1a: Magnezone|Water
|move|p2a: Gliscor|Protect|p2a: Gliscor
|-singleturn|p2a: Gliscor|Protect
|move|p1a: Magnezone|Tera Blast|p2a: Gliscor|[anim] Tera Blast Water
|-activate|p2a: Gliscor|move: Protect
|
|-status|p2a: Gliscor|tox|[from] item: Toxic Orb
|upkeep
|turn|2
|
|t:|1776120576
|switch|p2a: Samurott|Samurott-Hisui, M|100/100
|move|p1a: Magnezone|Tera Blast|p2a: Samurott|[anim] Tera Blast Water
|-resisted|p2a: Samurott
|-damage|p2a: Samurott|75/100
|
|upkeep
|turn|3
|
|t:|1776120599
|switch|p1a: Tauros|Tauros-Paldea-Aqua, M|100/100
|-ability|p1a: Tauros|Intimidate|boost
|-unboost|p2a: Samurott|atk|1
|-terastallize|p2a: Samurott|Poison
|move|p2a: Samurott|Ceaseless Edge|p1a: Tauros
|-resisted|p1a: Tauros
|-damage|p1a: Tauros|85/100
|-sidestart|p1: thebacchusbraviary|Spikes
|
|upkeep
|turn|4
|
|t:|1776120609
|move|p1a: Tauros|Raging Bull|p2a: Samurott
|-damage|p2a: Samurott|5/100
|move|p2a: Samurott|Knock Off|p1a: Tauros
|-resisted|p1a: Tauros
|-damage|p1a: Tauros|67/100
|-enditem|p1a: Tauros|Choice Band|[from] move: Knock Off|[of] p2a: Samurott
|
|upkeep
|turn|5
|
|t:|1776120623
|switch|p2a: Zamazenta|Zamazenta|100/100
|-ability|p2a: Zamazenta|Dauntless Shield|boost
|-boost|p2a: Zamazenta|def|1
|move|p1a: Tauros|Raging Bull|p2a: Zamazenta
|-crit|p2a: Zamazenta
|-damage|p2a: Zamazenta|46/100
|
|-heal|p2a: Zamazenta|52/100|[from] item: Leftovers
|upkeep
|turn|6
|
|t:|1776120634
|switch|p1a: Talonflame|Talonflame, F|100/100
|move|p2a: Zamazenta|Iron Defense|p2a: Zamazenta
|-boost|p2a: Zamazenta|def|2
|
|-heal|p2a: Zamazenta|58/100|[from] item: Leftovers
|upkeep
|turn|7
|
|t:|1776120646
|switch|p2a: Clefable|Clefable, F|100/100
|move|p1a: Talonflame|Defog|p2a: Clefable
|-unboost|p2a: Clefable|evasion|1
|-sideend|p1: thebacchusbraviary|Spikes|[from] move: Defog|[of] p1a: Talonflame
|
|upkeep
|turn|8
|
|t:|1776120654
|move|p1a: Talonflame|U-turn|p2a: Clefable
|-resisted|p2a: Clefable
|-damage|p2a: Clefable|93/100
|-damage|p1a: Talonflame|84/100|[from] item: Rocky Helmet|[of] p2a: Clefable
|
|t:|1776120656
|switch|p1a: Regice|Regice|100/100|[from] U-turn
|move|p2a: Clefable|Knock Off|p1a: Regice
|-damage|p1a: Regice|87/100
|-enditem|p1a: Regice|Leftovers|[from] move: Knock Off|[of] p2a: Clefable
|
|upkeep
|turn|9
|
|t:|1776120669
|move|p2a: Clefable|Stealth Rock|p1a: Regice
|-sidestart|p1: thebacchusbraviary|move: Stealth Rock
|move|p1a: Regice|Flash Cannon|p2a: Clefable
|-supereffective|p2a: Clefable
|-damage|p2a: Clefable|47/100
|
|upkeep
|turn|10
|
|t:|1776120680
|switch|p2a: Gholdengo|Gholdengo|100/100
|move|p1a: Regice|Ice Beam|p2a: Gholdengo
|-resisted|p2a: Gholdengo
|-damage|p2a: Gholdengo|75/100
|
|upkeep
|turn|11
|
|t:|1776120690
|move|p2a: Gholdengo|Shadow Ball|p1a: Regice
|-damage|p1a: Regice|64/100
|move|p1a: Regice|Thunderbolt|p2a: Gholdengo
|-damage|p2a: Gholdengo|40/100
|
|upkeep
|turn|12
|
|t:|1776120700
|switch|p2a: Samurott|Samurott-Hisui, M, tera:Poison|5/100
|move|p1a: Regice|Ice Beam|p2a: Samurott
|-damage|p2a: Samurott|0 fnt
|faint|p2a: Samurott
|
|upkeep
|
|t:|1776120706
|switch|p2a: Gholdengo|Gholdengo|40/100
|turn|13
|
|t:|1776120709
|move|p2a: Gholdengo|Make It Rain|p1a: Regice
|-supereffective|p1a: Regice
|-damage|p1a: Regice|0 fnt
|-unboost|p2a: Gholdengo|spa|1
|faint|p1a: Regice
|
|upkeep
|
|t:|1776120711
|switch|p1a: Talonflame|Talonflame, F|84/100
|turn|14
|
|t:|1776120721
|switch|p2a: Gliscor|Gliscor, F|100/100 tox
|move|p1a: Talonflame|Flare Blitz|p2a: Gliscor
|-damage|p2a: Gliscor|61/100 tox
|-damage|p1a: Talonflame|69/100|[from] Recoil
|
|-heal|p2a: Gliscor|74/100 tox|[from] ability: Poison Heal
|upkeep
|turn|15
|
|t:|1776120732
|move|p1a: Talonflame|Flare Blitz|p2a: Gliscor
|-damage|p2a: Gliscor|34/100 tox
|-damage|p1a: Talonflame|53/100|[from] Recoil
|move|p2a: Gliscor|Swords Dance|p2a: Gliscor
|-boost|p2a: Gliscor|atk|2
|
|-heal|p2a: Gliscor|47/100 tox|[from] ability: Poison Heal
|upkeep
|turn|16
|
|t:|1776120748
|switch|p1a: Tauros|Tauros-Paldea-Aqua, M|67/100
|-damage|p1a: Tauros|61/100|[from] Stealth Rock
|-ability|p1a: Tauros|Intimidate|boost
|-unboost|p2a: Gliscor|atk|1
|move|p2a: Gliscor|Protect||[still]
|-fail|p2a: Gliscor
|
|-heal|p2a: Gliscor|59/100 tox|[from] ability: Poison Heal
|upkeep
|turn|17
|
|t:|1776120761
|switch|p2a: Zamazenta|Zamazenta|58/100
|move|p1a: Tauros|Raging Bull|p2a: Zamazenta
|-damage|p2a: Zamazenta|25/100
|
|-heal|p2a: Zamazenta|32/100|[from] item: Leftovers
|upkeep
|turn|18
|
|t:|1776120768
|switch|p1a: Latios|Latios, M|100/100
|-damage|p1a: Latios|88/100|[from] Stealth Rock
|move|p2a: Zamazenta|Crunch|p1a: Latios
|-supereffective|p1a: Latios
|-damage|p1a: Latios|20/100
|-unboost|p1a: Latios|def|1
|
|-heal|p2a: Zamazenta|38/100|[from] item: Leftovers
|upkeep
|turn|19
|
|t:|1776120778
|move|p2a: Zamazenta|Crunch|p1a: Latios
|-supereffective|p1a: Latios
|-damage|p1a: Latios|0 fnt
|faint|p1a: Latios
|
|-heal|p2a: Zamazenta|44/100|[from] item: Leftovers
|upkeep
|
|t:|1776120785
|switch|p1a: Talonflame|Talonflame, F|53/100
|turn|20
|inactive|mothfox has 120 seconds left.
|
|t:|1776120825
|switch|p2a: Gliscor|Gliscor, F|59/100 tox
|move|p1a: Talonflame|Brave Bird|p2a: Gliscor
|-damage|p2a: Gliscor|22/100 tox
|-damage|p1a: Talonflame|38/100|[from] Recoil
|
|-heal|p2a: Gliscor|34/100 tox|[from] ability: Poison Heal
|upkeep
|turn|21
|inactive|mothfox has 120 seconds left.
|
|t:|1776120840
|move|p1a: Talonflame|Brave Bird|p2a: Gliscor
|-damage|p2a: Gliscor|0 fnt
|faint|p2a: Gliscor
|-damage|p1a: Talonflame|25/100|[from] Recoil
|
|upkeep
|
|t:|1776120854
|switch|p2a: Clefable|Clefable, F|47/100
|turn|22
|
|t:|1776120858
|move|p1a: Talonflame|Brave Bird|p2a: Clefable
|-damage|p2a: Clefable|13/100
|-damage|p1a: Talonflame|9/100|[from] item: Rocky Helmet|[of] p2a: Clefable
|-damage|p1a: Talonflame|0 fnt|[from] Recoil
|faint|p1a: Talonflame
|move|p2a: Clefable|Moonlight|p2a: Clefable
|-heal|p2a: Clefable|63/100
|
|upkeep
|
|t:|1776120861
|switch|p1a: Magnezone|Magnezone, tera:Water|100/100
|-damage|p1a: Magnezone|88/100|[from] Stealth Rock
|turn|23
|inactive|mothfox has 120 seconds left.
|
|t:|1776120880
|switch|p2a: Zamazenta|Zamazenta|44/100
|move|p1a: Magnezone|Flash Cannon|p2a: Zamazenta
|-damage|p2a: Zamazenta|0 fnt
|faint|p2a: Zamazenta
|
|upkeep
|inactive|mothfox has 120 seconds left.
|
|t:|1776120886
|switch|p2a: Gholdengo|Gholdengo|40/100
|turn|24
|inactive|mothfox has 120 seconds left.
|
|t:|1776120899
|switch|p1a: Tyranitar|Tyranitar, M|100/100
|-damage|p1a: Tyranitar|88/100|[from] Stealth Rock
|-weather|Sandstorm|[from] ability: Sand Stream|[of] p1a: Tyranitar
|move|p2a: Gholdengo|Recover|p2a: Gholdengo
|-heal|p2a: Gholdengo|90/100
|
|-weather|Sandstorm|[upkeep]
|-heal|p1a: Tyranitar|94/100|[from] item: Leftovers
|upkeep
|turn|25
|
|t:|1776120909
|switch|p2a: Clefable|Clefable, F|63/100
|move|p1a: Tyranitar|Knock Off|p2a: Clefable
|-resisted|p2a: Clefable
|-damage|p2a: Clefable|41/100
|-damage|p1a: Tyranitar|78/100|[from] item: Rocky Helmet|[of] p2a: Clefable
|-enditem|p2a: Clefable|Rocky Helmet|[from] move: Knock Off|[of] p1a: Tyranitar
|
|-weather|Sandstorm|[upkeep]
|-heal|p1a: Tyranitar|84/100|[from] item: Leftovers
|upkeep
|turn|26
|
|t:|1776120919
|move|p2a: Clefable|Moonlight|p2a: Clefable
|-heal|p2a: Clefable|65/100
|move|p1a: Tyranitar|Earthquake|p2a: Clefable
|-damage|p2a: Clefable|37/100
|
|-weather|Sandstorm|[upkeep]
|-heal|p1a: Tyranitar|90/100|[from] item: Leftovers
|upkeep
|turn|27
|
|t:|1776120930
|switch|p1a: Magnezone|Magnezone, tera:Water|88/100
|-damage|p1a: Magnezone|76/100|[from] Stealth Rock
|move|p2a: Clefable|Moonlight|p2a: Clefable
|-heal|p2a: Clefable|61/100
|
|-weather|Sandstorm|[upkeep]
|-damage|p1a: Magnezone|70/100|[from] Sandstorm
|upkeep
|turn|28
|
|t:|1776120945
|move|p1a: Magnezone|Volt Switch|p2a: Clefable
|-damage|p2a: Clefable|0 fnt
|faint|p2a: Clefable
|
|t:|1776120950
|switch|p1a: Tyranitar|Tyranitar, M|90/100|[from] Volt Switch
|-damage|p1a: Tyranitar|78/100|[from] Stealth Rock
|
|-weather|none
|-heal|p1a: Tyranitar|84/100|[from] item: Leftovers
|upkeep
|inactive|mothfox has 120 seconds left.
|
|t:|1776120979
|switch|p2a: Gholdengo|Gholdengo|90/100
|turn|29
|
|t:|1776121004
|move|p2a: Gholdengo|Make It Rain|p1a: Tyranitar
|-supereffective|p1a: Tyranitar
|-damage|p1a: Tyranitar|0 fnt
|-unboost|p2a: Gholdengo|spa|1
|faint|p1a: Tyranitar
|
|upkeep
|
|t:|1776121010
|switch|p1a: Magnezone|Magnezone, tera:Water|70/100
|-damage|p1a: Magnezone|57/100|[from] Stealth Rock
|turn|30
|
|t:|1776121016
|move|p2a: Gholdengo|Make It Rain|p1a: Magnezone
|-resisted|p1a: Magnezone
|-damage|p1a: Magnezone|31/100
|-unboost|p2a: Gholdengo|spa|1
|move|p1a: Magnezone|Volt Switch|p2a: Gholdengo
|-damage|p2a: Gholdengo|14/100
|
|t:|1776121018
|switch|p1a: Tauros|Tauros-Paldea-Aqua, M|61/100|[from] Volt Switch
|-damage|p1a: Tauros|54/100|[from] Stealth Rock
|-ability|p1a: Tauros|Intimidate|boost
|-unboost|p2a: Gholdengo|atk|1
|
|upkeep
|turn|31
|inactive|mothfox has 120 seconds left.
|
|t:|1776121029
|move|p2a: Gholdengo|Make It Rain|p1a: Tauros
|-resisted|p1a: Tauros
|-damage|p1a: Tauros|28/100
|-unboost|p2a: Gholdengo|spa|1
|move|p1a: Tauros|Raging Bull|p2a: Gholdengo
|-damage|p2a: Gholdengo|0 fnt
|faint|p2a: Gholdengo
|
|upkeep
|inactive|mothfox has 120 seconds left.
|
|t:|1776121039
|switch|p2a: Dragonite|Dragonite, M|100/100
|turn|32
|
|t:|1776121043
|move|p1a: Tauros|Aqua Jet|p2a: Dragonite
|-resisted|p2a: Dragonite
|-damage|p2a: Dragonite|96/100
|move|p2a: Dragonite|Dragon Dance|p2a: Dragonite
|-boost|p2a: Dragonite|atk|1
|-boost|p2a: Dragonite|spe|1
|
|upkeep
|turn|33
|
|t:|1776121051
|move|p2a: Dragonite|Extreme Speed|p1a: Tauros
|-damage|p1a: Tauros|0 fnt
|faint|p1a: Tauros
|
|upkeep
|
|t:|1776121053
|switch|p1a: Magnezone|Magnezone, tera:Water|31/100
|-damage|p1a: Magnezone|18/100|[from] Stealth Rock
|turn|34
|
|t:|1776121058
|move|p2a: Dragonite|Extreme Speed|p1a: Magnezone
|-damage|p1a: Magnezone|0 fnt
|faint|p1a: Magnezone
|
|win|mothfox
|raw|thebacchusbraviary's rating: 1261 &rarr; <strong>1231</strong><br />(-30 for losing)
|raw|mothfox's rating: 1195 &rarr; <strong>1225</strong><br />(+30 for winning)
