|html|<div class="broadcast-blue"><strong>[Gen 9] OU is currently suspecting Volcarona! For information on how to participate check out the <a href="https://www.smogon.com/tools/suspects/view/208">suspect thread</a>.</strong></div>
|j|☆Goularte14
|j|☆i will eat another
|t:|1778497795
|gametype|singles
|player|p1|Goularte14|n|1190
|player|p2|i will eat another|depotagent|1293
|gen|9
|tier|[Gen 9] OU
|rated|
|rule|HP Percentage Mod: HP is shown in percentages
|rule|Endless Battle Clause: Forcing endless battles is banned
|rule|Species Clause: Limit one of each Pokémon
|rule|OHKO Clause: OHKO moves are banned
|rule|Evasion Items Clause: Evasion items are banned
|rule|Evasion Moves Clause: Evasion moves are banned
|rule|Evasion Abilities Clause: Evasion abilities are banned
|rule|Sleep Moves Clause: Sleep-inducing moves are banned
|clearpoke
|poke|p1|Heatran, M|
|poke|p1|Gliscor, F|
|poke|p1|Gengar, M|
|poke|p1|Rotom-Wash|
|poke|p1|Scizor, F|
|poke|p1|Dragonite, M|
|poke|p2|Breloom, F|
|poke|p2|Swinub, M|
|poke|p2|Iron Crown|
|poke|p2|Talonflame, M|
|poke|p2|Greninja-*, M|
|poke|p2|Glimmora, M|
|teampreview
|inactive|Battle timer is ON: inactive players will automatically lose when time's up. (requested by i will eat another)
|
|t:|1778497800
|teamsize|p1|6
|teamsize|p2|6
|start
|switch|p1a: Heatran|Heatran, M|100/100
|switch|p2a: Breloom|Breloom, F|100/100
|turn|1
|
|t:|1778497816
|-terastallize|p2a: Breloom|Ground
|move|p2a: Breloom|Bulldoze|p1a: Heatran
|-supereffective|p1a: Heatran
|-damage|p1a: Heatran|0 fnt
|faint|p1a: Heatran
|-damage|p2a: Breloom|91/100|[from] item: Life Orb
|
|upkeep
|
|t:|1778497824
|switch|p1a: Rotom|Rotom-Wash|100/100
|turn|2
|
|t:|1778497829
|move|p2a: Breloom|Bullet Seed|p1a: Rotom
|-supereffective|p1a: Rotom
|-damage|p1a: Rotom|59/100
|-supereffective|p1a: Rotom
|-damage|p1a: Rotom|18/100
|-supereffective|p1a: Rotom
|-damage|p1a: Rotom|0 fnt
|faint|p1a: Rotom
|-hitcount|p1: Rotom|3
|-damage|p2a: Breloom|81/100|[from] item: Life Orb
|
|upkeep
|
|t:|1778497840
|switch|p1a: Scizor|Scizor, F|100/100
|turn|3
|
|t:|1778497847
|switch|p2a: Talonflame|Talonflame, M|100/100
|move|p1a: Scizor|Knock Off|p2a: Talonflame
|-damage|p2a: Talonflame|50/100
|-enditem|p2a: Talonflame|Heavy-Duty Boots|[from] move: Knock Off|[of] p1a: Scizor
|
|upkeep
|turn|4
|
|t:|1778497867
|switch|p1a: Gliscor|Gliscor, F|100/100
|move|p2a: Talonflame|Flamethrower|p1a: Gliscor
|-damage|p1a: Gliscor|81/100
|
|-status|p1a: Gliscor|tox|[from] item: Toxic Orb
|upkeep
|turn|5
|
|t:|1778497877
|move|p2a: Talonflame|Roost|p2a: Talonflame
|-heal|p2a: Talonflame|99/100
|-singleturn|p2a: Talonflame|move: Roost
|move|p1a: Gliscor|Toxic|p2a: Talonflame
|-status|p2a: Talonflame|tox
|
|-damage|p2a: Talonflame|94/100 tox|[from] psn
|-heal|p1a: Gliscor|93/100 tox|[from] ability: Poison Heal
|upkeep
|turn|6
|
|t:|1778497888
|switch|p2a: Greninja|Greninja, M|100/100
|move|p1a: Gliscor|Knock Off|p2a: Greninja
|-resisted|p2a: Greninja
|-damage|p2a: Greninja|84/100
|-enditem|p2a: Greninja|Choice Specs|[from] move: Knock Off|[of] p1a: Gliscor
|
|-heal|p1a: Gliscor|100/100 tox|[from] ability: Poison Heal
|upkeep
|turn|7
|
|t:|1778497900
|move|p2a: Greninja|Ice Beam|p1a: Gliscor
|-start|p2a: Greninja|typechange|Ice|[from] ability: Protean
|-supereffective|p1a: Gliscor
|-damage|p1a: Gliscor|0 fnt
|faint|p1a: Gliscor
|
|upkeep
|
|t:|1778497911
|switch|p1a: Gengar|Gengar, M|100/100
|turn|8
|
|t:|1778497920
|switch|p2a: Glimmora|Glimmora, M|100/100
|move|p1a: Gengar|Focus Blast|p2a: Glimmora
|-damage|p2a: Glimmora|16/100
|-damage|p1a: Gengar|91/100|[from] item: Life Orb
|
|upkeep
|turn|9
|
|t:|1778497931
|move|p1a: Gengar|Shadow Ball|p2a: Glimmora
|-damage|p2a: Glimmora|0 fnt
|faint|p2a: Glimmora
|-damage|p1a: Gengar|81/100|[from] item: Life Orb
|
|upkeep
|
|t:|1778497939
|switch|p2a: Breloom|Breloom, F, tera:Ground|81/100
|turn|10
|
|t:|1778497948
|move|p1a: Gengar|Shadow Ball|p2a: Breloom
|-damage|p2a: Breloom|0 fnt
|faint|p2a: Breloom
|-damage|p1a: Gengar|71/100|[from] item: Life Orb
|
|upkeep
|
|t:|1778497953
|switch|p2a: Iron Crown|Iron Crown|100/100
|-enditem|p2a: Iron Crown|Booster Energy
|-activate|p2a: Iron Crown|ability: Quark Drive|[fromitem]
|-start|p2a: Iron Crown|quarkdrivespe
|turn|11
|
|t:|1778497963
|move|p2a: Iron Crown|Psyshock|p1a: Gengar
|-supereffective|p1a: Gengar
|-damage|p1a: Gengar|0 fnt
|faint|p1a: Gengar
|
|upkeep
|
|t:|1778497975
|switch|p1a: Scizor|Scizor, F|100/100
|turn|12
|
|t:|1778497980
|move|p2a: Iron Crown|Focus Blast|p1a: Scizor
|-damage|p1a: Scizor|59/100
|move|p1a: Scizor|Knock Off|p2a: Iron Crown
|-supereffective|p2a: Iron Crown
|-damage|p2a: Iron Crown|54/100
|
|upkeep
|turn|13
|
|t:|1778497990
|move|p2a: Iron Crown|Focus Blast|p1a: Scizor
|-damage|p1a: Scizor|17/100
|move|p1a: Scizor|Knock Off|p2a: Iron Crown
|-supereffective|p2a: Iron Crown
|-damage|p2a: Iron Crown|4/100
|
|upkeep
|turn|14
|
|t:|1778497997
|move|p1a: Scizor|Bullet Punch|p2a: Iron Crown
|-resisted|p2a: Iron Crown
|-damage|p2a: Iron Crown|0 fnt
|faint|p2a: Iron Crown
|-end|p2a: Iron Crown|Quark Drive|[silent]
|
|upkeep
|
|t:|1778498001
|switch|p2a: Talonflame|Talonflame, M|94/100 tox
|turn|15
|
|t:|1778498020
|move|p2a: Talonflame|Flamethrower|p1a: Scizor
|-supereffective|p1a: Scizor
|-crit|p1a: Scizor
|-damage|p1a: Scizor|0 fnt
|faint|p1a: Scizor
|
|-damage|p2a: Talonflame|88/100 tox|[from] psn
|upkeep
|
|t:|1778498027
|switch|p1a: Dragonite|Dragonite, M|100/100
|turn|16
|
|t:|1778498036
|-terastallize|p1a: Dragonite|Normal
|move|p1a: Dragonite|Extreme Speed|p2a: Talonflame
|-damage|p2a: Talonflame|28/100 tox
|move|p2a: Talonflame|Will-O-Wisp|p1a: Dragonite
|-status|p1a: Dragonite|brn
|
|-damage|p2a: Talonflame|15/100 tox|[from] psn
|-damage|p1a: Dragonite|94/100 brn|[from] brn
|upkeep
|turn|17
|
|t:|1778498048
|move|p1a: Dragonite|Extreme Speed|p2a: Talonflame
|-crit|p2a: Talonflame
|-damage|p2a: Talonflame|0 fnt
|faint|p2a: Talonflame
|
|-damage|p1a: Dragonite|88/100 brn|[from] brn
|upkeep
|
|t:|1778498054
|switch|p2a: Swinub|Swinub, M|100/100
|turn|18
|
|t:|1778498060
|move|p1a: Dragonite|Fire Punch|p2a: Swinub
|-supereffective|p2a: Swinub
|-damage|p2a: Swinub|36/100
|move|p2a: Swinub|Endeavor|p1a: Dragonite
|-damage|p1a: Dragonite|34/100 brn
|
|-damage|p1a: Dragonite|28/100 brn|[from] brn
|upkeep
|turn|19
|
|t:|1778498069
|move|p2a: Swinub|Ice Shard|p1a: Dragonite
|-damage|p1a: Dragonite|14/100 brn
|move|p1a: Dragonite|Fire Punch|p2a: Swinub
|-supereffective|p2a: Swinub
|-damage|p2a: Swinub|0 fnt
|faint|p2a: Swinub
|
|-damage|p1a: Dragonite|8/100 brn|[from] brn
|upkeep
|
|t:|1778498077
|switch|p2a: Greninja|Greninja, M|84/100
|turn|20
|
|t:|1778498082
|move|p1a: Dragonite|Extreme Speed|p2a: Greninja
|-damage|p2a: Greninja|45/100
|move|p2a: Greninja|Ice Beam|p1a: Dragonite
|-start|p2a: Greninja|typechange|Ice|[from] ability: Protean
|-damage|p1a: Dragonite|0 fnt
|faint|p1a: Dragonite
|
|win|i will eat another
|raw|Goularte14's rating: 1190 &rarr; <strong>1172</strong><br />(-18 for losing)
|raw|i will eat another's rating: 1293 &rarr; <strong>1311</strong><br />(+18 for winning)
|l|☆i will eat another
|player|p2|
|l|☆Goularte14
|player|p1|
