|html|<div class="broadcast-blue"><strong>[Gen 9] OU is currently suspecting Tera Blast! For information on how to participate check out the <a href="https://www.smogon.com/tools/suspects/view/200">suspect thread</a>.</strong></div>
|j|☆kralove
|j|☆Rolosparkler
|t:|1776061721
|gametype|singles
|player|p1|kralove|colress|1420
|player|p2|Rolosparkler|ghetsis|1466
|gen|9
|tier|[Gen 9] OU
|rated|
|rule|HP Percentage Mod: HP is shown in percentages
|rule|Endless Battle Clause: Forcing endless battles is banned
|rule|Species Clause: Limit one of each Pokémon
|rule|OHKO Clause: OHKO moves are banned
|rule|Evasion Items Clause: Evasion items are banned
|rule|Evasion Moves Clause: Evasion moves are banned
|rule|Evasion Abilities Clause: Evasion abilities are banned
|rule|Sleep Moves Clause: Sleep-inducing moves are banned
|clearpoke
|poke|p1|Dragapult, F|
|poke|p1|Dragonite, F|
|poke|p1|Tyranitar, F|
|poke|p1|Arboliva, M|
|poke|p1|Great Tusk|
|poke|p1|Gholdengo|
|poke|p2|Great Tusk|
|poke|p2|Gliscor, M|
|poke|p2|Kingambit, M|
|poke|p2|Zamazenta-*|
|poke|p2|Gholdengo|
|poke|p2|Toxapex, F|
|teampreview
|
|t:|1776061755
|teamsize|p1|6
|teamsize|p2|6
|start
|switch|p1a: Dragapult|Dragapult, F|100/100
|switch|p2a: Gholdengo|Gholdengo|100/100
|-item|p2a: Gholdengo|Air Balloon
|turn|1
|
|t:|1776061769
|switch|p2a: Toxapex|Toxapex, F, shiny|100/100
|move|p1a: Dragapult|Shadow Ball|p2a: Toxapex
|-damage|p2a: Toxapex|54/100
|
|upkeep
|turn|2
|
|t:|1776061778
|switch|p2a: Kingambit|Kingambit, M, shiny|100/100
|move|p1a: Dragapult|Shadow Ball|p2a: Kingambit
|-resisted|p2a: Kingambit
|-damage|p2a: Kingambit|73/100
|-unboost|p2a: Kingambit|spd|1
|
|upkeep
|turn|3
|
|t:|1776061793
|switch|p1a: Gholdengo|Gholdengo|100/100
|-item|p1a: Gholdengo|Air Balloon
|move|p2a: Kingambit|Kowtow Cleave|p1a: Gholdengo
|-supereffective|p1a: Gholdengo
|-damage|p1a: Gholdengo|0 fnt
|-enditem|p1a: Gholdengo|Air Balloon
|faint|p1a: Gholdengo
|
|upkeep
|
|t:|1776061798
|switch|p1a: Great Tusk|Great Tusk|100/100
|turn|4
|
|t:|1776061814
|-end|p2a: Kingambit|fallenundefined|[silent]
|switch|p2a: Zamazenta|Zamazenta, shiny|100/100
|-ability|p2a: Zamazenta|Dauntless Shield|boost
|-boost|p2a: Zamazenta|def|1
|move|p1a: Great Tusk|Ice Spinner|p2a: Zamazenta
|-damage|p2a: Zamazenta|88/100
|
|-heal|p2a: Zamazenta|95/100|[from] item: Leftovers
|upkeep
|turn|5
|
|t:|1776061822
|-end|p1a: Great Tusk|Protosynthesis|[silent]
|switch|p1a: Dragapult|Dragapult, F|100/100
|move|p2a: Zamazenta|Substitute|p2a: Zamazenta
|-start|p2a: Zamazenta|Substitute
|-damage|p2a: Zamazenta|70/100
|
|-heal|p2a: Zamazenta|76/100|[from] item: Leftovers
|upkeep
|turn|6
|
|t:|1776061830
|move|p1a: Dragapult|Draco Meteor|p2a: Zamazenta
|-damage|p2a: Zamazenta|0 fnt
|-unboost|p1a: Dragapult|spa|2
|faint|p2a: Zamazenta
|
|upkeep
|
|t:|1776061853
|switch|p2a: Gholdengo|Gholdengo|100/100
|-item|p2a: Gholdengo|Air Balloon
|turn|7
|
|t:|1776061868
|switch|p1a: Tyranitar|Tyranitar, F|100/100
|-weather|Sandstorm|[from] ability: Sand Stream|[of] p1a: Tyranitar
|move|p2a: Gholdengo|Nasty Plot|p2a: Gholdengo
|-boost|p2a: Gholdengo|spa|2
|
|-weather|Sandstorm|[upkeep]
|upkeep
|turn|8
|
|t:|1776061895
|move|p2a: Gholdengo|Make It Rain|p1a: Tyranitar
|-supereffective|p1a: Tyranitar
|-damage|p1a: Tyranitar|4/100
|-unboost|p2a: Gholdengo|spa|1
|move|p1a: Tyranitar|Knock Off|p2a: Gholdengo
|-supereffective|p2a: Gholdengo
|-damage|p2a: Gholdengo|0 fnt
|-enditem|p2a: Gholdengo|Air Balloon
|faint|p2a: Gholdengo
|
|-weather|Sandstorm|[upkeep]
|upkeep
|
|t:|1776061905
|switch|p2a: Great Tusk|Great Tusk, shiny|100/100
|turn|9
|
|t:|1776061911
|move|p2a: Great Tusk|Stealth Rock|p1a: Tyranitar
|-sidestart|p1: kralove|move: Stealth Rock
|move|p1a: Tyranitar|Ice Punch|p2a: Great Tusk
|-supereffective|p2a: Great Tusk
|-damage|p2a: Great Tusk|65/100
|-damage|p1a: Tyranitar|0 fnt|[from] item: Rocky Helmet|[of] p2a: Great Tusk
|faint|p1a: Tyranitar
|
|-weather|Sandstorm|[upkeep]
|upkeep
|
|t:|1776061922
|switch|p1a: Dragapult|Dragapult, F|100/100
|-damage|p1a: Dragapult|88/100|[from] Stealth Rock
|turn|10
|
|t:|1776061927
|-end|p2a: Great Tusk|Protosynthesis|[silent]
|switch|p2a: Kingambit|Kingambit, M, shiny|73/100
|-activate|p2a: Kingambit|ability: Supreme Overlord
|-start|p2a: Kingambit|fallen2|[silent]
|move|p1a: Dragapult|Shadow Ball|p2a: Kingambit
|-resisted|p2a: Kingambit
|-damage|p2a: Kingambit|50/100
|
|-weather|Sandstorm|[upkeep]
|-damage|p1a: Dragapult|82/100|[from] Sandstorm
|upkeep
|turn|11
|
|t:|1776061940
|switch|p1a: Dragonite|Dragonite, F|100/100
|move|p2a: Kingambit|Kowtow Cleave|p1a: Dragonite
|-damage|p1a: Dragonite|68/100
|
|-weather|none
|upkeep
|turn|12
|
|t:|1776061965
|move|p1a: Dragonite|Roost|p1a: Dragonite
|-heal|p1a: Dragonite|100/100
|-singleturn|p1a: Dragonite|move: Roost
|move|p2a: Kingambit|Iron Head|p1a: Dragonite
|-damage|p1a: Dragonite|73/100
|
|upkeep
|turn|13
|
|t:|1776061972
|move|p1a: Dragonite|Earthquake|p2a: Kingambit
|-supereffective|p2a: Kingambit
|-damage|p2a: Kingambit|0 fnt
|faint|p2a: Kingambit
|-end|p2a: Kingambit|fallen2|[silent]
|
|upkeep
|
|t:|1776061977
|switch|p2a: Gliscor|Gliscor, M, shiny|100/100
|turn|14
|
|t:|1776061980
|move|p2a: Gliscor|Toxic|p1a: Dragonite
|-status|p1a: Dragonite|tox
|move|p1a: Dragonite|Dragon Tail|p2a: Gliscor
|-damage|p2a: Gliscor|74/100
|drag|p2a: Toxapex|Toxapex, F, shiny|87/100
|
|-damage|p1a: Dragonite|67/100 tox|[from] psn
|upkeep
|turn|15
|
|t:|1776061988
|move|p1a: Dragonite|Earthquake|p2a: Toxapex
|-supereffective|p2a: Toxapex
|-damage|p2a: Toxapex|38/100
|move|p2a: Toxapex|Chilling Water|p1a: Dragonite
|-resisted|p1a: Dragonite
|-damage|p1a: Dragonite|62/100 tox
|-unboost|p1a: Dragonite|atk|1
|
|-damage|p1a: Dragonite|50/100 tox|[from] psn
|upkeep
|turn|16
|
|t:|1776061998
|move|p1a: Dragonite|Earthquake|p2a: Toxapex
|-supereffective|p2a: Toxapex
|-damage|p2a: Toxapex|5/100
|move|p2a: Toxapex|Recover|p2a: Toxapex
|-heal|p2a: Toxapex|56/100
|
|-damage|p1a: Dragonite|31/100 tox|[from] psn
|upkeep
|turn|17
|
|t:|1776062006
|switch|p2a: Gliscor|Gliscor, M, shiny|74/100
|move|p1a: Dragonite|Roost|p1a: Dragonite
|-heal|p1a: Dragonite|81/100 tox
|-singleturn|p1a: Dragonite|move: Roost
|
|-damage|p1a: Dragonite|56/100 tox|[from] psn
|-status|p2a: Gliscor|tox|[from] item: Toxic Orb
|upkeep
|turn|18
|
|t:|1776062018
|switch|p1a: Arboliva|Arboliva, M, shiny|100/100
|-damage|p1a: Arboliva|88/100|[from] Stealth Rock
|move|p2a: Gliscor|Dual Wingbeat|p1a: Arboliva
|-supereffective|p1a: Arboliva
|-damage|p1a: Arboliva|68/100
|-fieldstart|move: Grassy Terrain|[from] ability: Seed Sower|[of] p1a: Arboliva
|-supereffective|p1a: Arboliva
|-damage|p1a: Arboliva|46/100
|-hitcount|p1a: Arboliva|2
|
|-heal|p1a: Arboliva|52/100|[from] Grassy Terrain
|-heal|p1a: Arboliva|58/100|[from] item: Leftovers
|-heal|p2a: Gliscor|87/100 tox|[from] ability: Poison Heal
|upkeep
|turn|19
|
|t:|1776062031
|move|p2a: Gliscor|Dual Wingbeat|p1a: Arboliva
|-supereffective|p1a: Arboliva
|-damage|p1a: Arboliva|38/100
|-supereffective|p1a: Arboliva
|-damage|p1a: Arboliva|17/100
|-hitcount|p1a: Arboliva|2
|move|p1a: Arboliva|Strength Sap|p2a: Gliscor
|-unboost|p2a: Gliscor|atk|1
|-heal|p1a: Arboliva|80/100
|
|-heal|p1a: Arboliva|86/100|[from] Grassy Terrain
|-heal|p1a: Arboliva|92/100|[from] item: Leftovers
|-heal|p2a: Gliscor|99/100 tox|[from] ability: Poison Heal
|upkeep
|turn|20
|
|t:|1776062044
|move|p2a: Gliscor|Toxic|p1a: Arboliva
|-status|p1a: Arboliva|tox
|move|p1a: Arboliva|Leech Seed|p2a: Gliscor
|-start|p2a: Gliscor|move: Leech Seed
|
|-heal|p1a: Arboliva|98/100 tox|[from] Grassy Terrain
|-heal|p1a: Arboliva|100/100 tox|[from] item: Leftovers
|-damage|p2a: Gliscor|87/100 tox|[from] Leech Seed|[of] p1a: Arboliva
|-heal|p2a: Gliscor|99/100 tox|[from] ability: Poison Heal
|-damage|p1a: Arboliva|94/100 tox|[from] psn
|upkeep
|turn|21
|
|t:|1776062057
|switch|p2a: Toxapex|Toxapex, F, shiny|89/100
|switch|p1a: Great Tusk|Great Tusk|100/100
|
|-heal|p2a: Toxapex|95/100|[from] Grassy Terrain
|upkeep
|turn|22
|
|t:|1776062065
|move|p1a: Great Tusk|Headlong Rush|p2a: Toxapex
|-supereffective|p2a: Toxapex
|-damage|p2a: Toxapex|22/100
|-unboost|p1a: Great Tusk|def|1
|-unboost|p1a: Great Tusk|spd|1
|-damage|p1a: Great Tusk|84/100|[from] item: Rocky Helmet|[of] p2a: Toxapex
|move|p2a: Toxapex|Toxic|p1a: Great Tusk
|-status|p1a: Great Tusk|tox
|
|-heal|p1a: Great Tusk|90/100 tox|[from] Grassy Terrain
|-heal|p2a: Toxapex|28/100|[from] Grassy Terrain
|-damage|p1a: Great Tusk|84/100 tox|[from] psn
|-fieldend|move: Grassy Terrain
|upkeep
|turn|23
|
|t:|1776062077
|switch|p2a: Gliscor|Gliscor, M, shiny|99/100 tox
|move|p1a: Great Tusk|Ice Spinner|p2a: Gliscor
|-supereffective|p2a: Gliscor
|-damage|p2a: Gliscor|16/100 tox
|
|-damage|p1a: Great Tusk|72/100 tox|[from] psn
|-heal|p2a: Gliscor|29/100 tox|[from] ability: Poison Heal
|upkeep
|turn|24
|
|t:|1776062086
|-end|p1a: Great Tusk|Protosynthesis|[silent]
|switch|p1a: Dragapult|Dragapult, F|82/100
|-damage|p1a: Dragapult|70/100|[from] Stealth Rock
|move|p2a: Gliscor|Protect||[still]
|-fail|p2a: Gliscor
|
|-heal|p2a: Gliscor|41/100 tox|[from] ability: Poison Heal
|upkeep
|turn|25
|
|t:|1776062094
|move|p2a: Gliscor|Protect|p2a: Gliscor
|-singleturn|p2a: Gliscor|Protect
|move|p1a: Dragapult|Shadow Ball|p2a: Gliscor
|-activate|p2a: Gliscor|move: Protect
|
|-heal|p2a: Gliscor|54/100 tox|[from] ability: Poison Heal
|upkeep
|turn|26
|
|t:|1776062106
|switch|p2a: Great Tusk|Great Tusk, shiny|65/100
|move|p1a: Dragapult|Shadow Ball|p2a: Great Tusk
|-damage|p2a: Great Tusk|0 fnt
|faint|p2a: Great Tusk
|-end|p2a: Great Tusk|Protosynthesis|[silent]
|
|upkeep
|
|t:|1776062111
|switch|p2a: Toxapex|Toxapex, F, shiny|61/100
|turn|27
|
|t:|1776062116
|switch|p1a: Dragonite|Dragonite, F|56/100 tox
|move|p2a: Toxapex|Recover|p2a: Toxapex
|-heal|p2a: Toxapex|100/100
|
|-damage|p1a: Dragonite|50/100 tox|[from] psn
|upkeep
|turn|28
|
|t:|1776062121
|switch|p2a: Gliscor|Gliscor, M, shiny|54/100 tox
|move|p1a: Dragonite|Roost|p1a: Dragonite
|-heal|p1a: Dragonite|99/100 tox
|-singleturn|p1a: Dragonite|move: Roost
|
|-heal|p2a: Gliscor|66/100 tox|[from] ability: Poison Heal
|-damage|p1a: Dragonite|88/100 tox|[from] psn
|upkeep
|turn|29
|
|t:|1776062130
|move|p2a: Gliscor|Protect|p2a: Gliscor
|-singleturn|p2a: Gliscor|Protect
|move|p1a: Dragonite|Extreme Speed|p2a: Gliscor
|-activate|p2a: Gliscor|move: Protect
|
|-heal|p2a: Gliscor|79/100 tox|[from] ability: Poison Heal
|-damage|p1a: Dragonite|69/100 tox|[from] psn
|upkeep
|turn|30
|
|t:|1776062139
|move|p2a: Gliscor|Dual Wingbeat|p1a: Dragonite
|-damage|p1a: Dragonite|57/100 tox
|-damage|p1a: Dragonite|46/100 tox
|-hitcount|p1a: Dragonite|2
|move|p1a: Dragonite|Dragon Tail|p2a: Gliscor
|-damage|p2a: Gliscor|52/100 tox
|drag|p2a: Toxapex|Toxapex, F, shiny|100/100
|
|-damage|p1a: Dragonite|21/100 tox|[from] psn
|upkeep
|turn|31
|
|t:|1776062153
|switch|p2a: Gliscor|Gliscor, M, shiny|52/100 tox
|move|p1a: Dragonite|Earthquake|p2a: Gliscor
|-immune|p2a: Gliscor
|
|-heal|p2a: Gliscor|65/100 tox|[from] ability: Poison Heal
|-damage|p1a: Dragonite|0 fnt|[from] psn
|faint|p1a: Dragonite
|upkeep
|
|t:|1776062157
|switch|p1a: Dragapult|Dragapult, F|70/100
|-damage|p1a: Dragapult|58/100|[from] Stealth Rock
|turn|32
|
|t:|1776062164
|move|p2a: Gliscor|Protect|p2a: Gliscor
|-singleturn|p2a: Gliscor|Protect
|move|p1a: Dragapult|Draco Meteor|p2a: Gliscor
|-activate|p2a: Gliscor|move: Protect
|
|-heal|p2a: Gliscor|77/100 tox|[from] ability: Poison Heal
|upkeep
|turn|33
|
|t:|1776062171
|switch|p2a: Toxapex|Toxapex, F, shiny|100/100
|move|p1a: Dragapult|Draco Meteor|p2a: Toxapex
|-damage|p2a: Toxapex|27/100
|-unboost|p1a: Dragapult|spa|2
|
|upkeep
|turn|34
|
|t:|1776062177
|switch|p1a: Great Tusk|Great Tusk|72/100 tox
|switch|p2a: Gliscor|Gliscor, M, shiny|77/100 tox
|
|-damage|p1a: Great Tusk|65/100 tox|[from] psn
|-heal|p2a: Gliscor|90/100 tox|[from] ability: Poison Heal
|upkeep
|turn|35
|
|t:|1776062186
|move|p2a: Gliscor|Protect|p2a: Gliscor
|-singleturn|p2a: Gliscor|Protect
|move|p1a: Great Tusk|Ice Spinner|p2a: Gliscor
|-activate|p2a: Gliscor|move: Protect
|
|-damage|p1a: Great Tusk|53/100 tox|[from] psn
|-heal|p2a: Gliscor|100/100 tox|[from] ability: Poison Heal
|upkeep
|turn|36
|
|t:|1776062219
|-terastallize|p2a: Gliscor|Water
|move|p1a: Great Tusk|Ice Spinner|p2a: Gliscor
|-resisted|p2a: Gliscor
|-damage|p2a: Gliscor|89/100 tox
|move|p2a: Gliscor|Earthquake|p1a: Great Tusk
|-damage|p1a: Great Tusk|30/100 tox
|
|-damage|p1a: Great Tusk|12/100 tox|[from] psn
|-heal|p2a: Gliscor|100/100 tox|[from] ability: Poison Heal
|upkeep
|turn|37
|
|t:|1776062230
|move|p2a: Gliscor|Protect|p2a: Gliscor
|-singleturn|p2a: Gliscor|Protect
|move|p1a: Great Tusk|Close Combat|p2a: Gliscor
|-activate|p2a: Gliscor|move: Protect
|
|-damage|p1a: Great Tusk|0 fnt|[from] psn
|faint|p1a: Great Tusk
|-end|p1a: Great Tusk|Protosynthesis|[silent]
|upkeep
|
|t:|1776062305
|switch|p1a: Arboliva|Arboliva, M, shiny|94/100 tox
|-damage|p1a: Arboliva|82/100 tox|[from] Stealth Rock
|turn|38
|
|t:|1776062313
|move|p2a: Gliscor|Dual Wingbeat|p1a: Arboliva
|-supereffective|p1a: Arboliva
|-damage|p1a: Arboliva|62/100 tox
|-fieldstart|move: Grassy Terrain|[from] ability: Seed Sower|[of] p1a: Arboliva
|-supereffective|p1a: Arboliva
|-damage|p1a: Arboliva|40/100 tox
|-hitcount|p1a: Arboliva|2
|move|p1a: Arboliva|Giga Drain|p2a: Gliscor
|-supereffective|p2a: Gliscor
|-damage|p2a: Gliscor|32/100 tox
|-heal|p1a: Arboliva|73/100 tox|[from] drain|[of] p2a: Gliscor
|
|-heal|p2a: Gliscor|39/100 tox|[from] Grassy Terrain
|-heal|p1a: Arboliva|79/100 tox|[from] Grassy Terrain
|-heal|p1a: Arboliva|85/100 tox|[from] item: Leftovers
|-heal|p2a: Gliscor|51/100 tox|[from] ability: Poison Heal
|-damage|p1a: Arboliva|79/100 tox|[from] psn
|upkeep
|turn|39
|
|t:|1776062344
|move|p2a: Gliscor|Protect|p2a: Gliscor
|-singleturn|p2a: Gliscor|Protect
|move|p1a: Arboliva|Giga Drain|p2a: Gliscor
|-activate|p2a: Gliscor|move: Protect
|
|-heal|p2a: Gliscor|57/100 tox|[from] Grassy Terrain
|-heal|p1a: Arboliva|85/100 tox|[from] Grassy Terrain
|-heal|p1a: Arboliva|92/100 tox|[from] item: Leftovers
|-heal|p2a: Gliscor|70/100 tox|[from] ability: Poison Heal
|-damage|p1a: Arboliva|79/100 tox|[from] psn
|upkeep
|turn|40
|
|t:|1776062354
|switch|p2a: Toxapex|Toxapex, F, shiny|60/100
|move|p1a: Arboliva|Giga Drain|p2a: Toxapex
|-damage|p2a: Toxapex|27/100
|-heal|p1a: Arboliva|94/100 tox|[from] drain|[of] p2a: Toxapex
|
|-heal|p1a: Arboliva|99/100 tox|[from] Grassy Terrain
|-heal|p1a: Arboliva|100/100 tox|[from] item: Leftovers
|-heal|p2a: Toxapex|33/100|[from] Grassy Terrain
|-damage|p1a: Arboliva|82/100 tox|[from] psn
|upkeep
|turn|41
|
|t:|1776062368
|switch|p2a: Gliscor|Gliscor, M, shiny, tera:Water|70/100 tox
|move|p1a: Arboliva|Earth Power|p2a: Gliscor
|-crit|p2a: Gliscor
|-damage|p2a: Gliscor|40/100 tox
|
|-heal|p2a: Gliscor|46/100 tox|[from] Grassy Terrain
|-heal|p1a: Arboliva|88/100 tox|[from] Grassy Terrain
|-heal|p1a: Arboliva|94/100 tox|[from] item: Leftovers
|-heal|p2a: Gliscor|58/100 tox|[from] ability: Poison Heal
|-damage|p1a: Arboliva|70/100 tox|[from] psn
|upkeep
|turn|42
|
|t:|1776062388
|switch|p1a: Dragapult|Dragapult, F|58/100
|-damage|p1a: Dragapult|45/100|[from] Stealth Rock
|move|p2a: Gliscor|Dual Wingbeat|p1a: Dragapult
|-damage|p1a: Dragapult|26/100
|-damage|p1a: Dragapult|10/100
|-hitcount|p1a: Dragapult|2
|
|-heal|p1a: Dragapult|16/100|[from] Grassy Terrain
|-heal|p2a: Gliscor|65/100 tox|[from] Grassy Terrain
|-heal|p2a: Gliscor|77/100 tox|[from] ability: Poison Heal
|-fieldend|move: Grassy Terrain
|upkeep
|turn|43
|
|t:|1776062400
|move|p2a: Gliscor|Protect|p2a: Gliscor
|-singleturn|p2a: Gliscor|Protect
|move|p1a: Dragapult|Shadow Ball|p2a: Gliscor
|-activate|p2a: Gliscor|move: Protect
|
|-heal|p2a: Gliscor|90/100 tox|[from] ability: Poison Heal
|upkeep
|turn|44
|
|t:|1776062408
|move|p1a: Dragapult|Shadow Ball|p2a: Gliscor
|-damage|p2a: Gliscor|45/100 tox
|move|p2a: Gliscor|Earthquake|p1a: Dragapult
|-damage|p1a: Dragapult|0 fnt
|faint|p1a: Dragapult
|
|-heal|p2a: Gliscor|57/100 tox|[from] ability: Poison Heal
|upkeep
|
|t:|1776062412
|switch|p1a: Arboliva|Arboliva, M, shiny|70/100 tox
|-damage|p1a: Arboliva|58/100 tox|[from] Stealth Rock
|turn|45
|
|t:|1776062419
|move|p2a: Gliscor|Protect|p2a: Gliscor
|-singleturn|p2a: Gliscor|Protect
|move|p1a: Arboliva|Giga Drain|p2a: Gliscor
|-activate|p2a: Gliscor|move: Protect
|
|-heal|p1a: Arboliva|64/100 tox|[from] item: Leftovers
|-heal|p2a: Gliscor|70/100 tox|[from] ability: Poison Heal
|-damage|p1a: Arboliva|58/100 tox|[from] psn
|upkeep
|turn|46
|-message|kralove forfeited.
|
|win|Rolosparkler
|raw|kralove's rating: 1420 &rarr; <strong>1403</strong><br />(-17 for losing)
|raw|Rolosparkler's rating: 1466 &rarr; <strong>1483</strong><br />(+17 for winning)
|l|☆kralove
|player|p1|
|l|☆Rolosparkler
|player|p2|
