|html|<div class="broadcast-blue"><strong>[Gen 9] OU is currently suspecting Tera Blast! For information on how to participate check out the <a href="https://www.smogon.com/tools/suspects/view/200">suspect thread</a>.</strong></div>
|j|☆CapellanVape
|j|☆tickle me girble
|t:|1776043458
|gametype|singles
|player|p1|CapellanVape|102|1132
|player|p2|tickle me girble|170|1129
|gen|9
|tier|[Gen 9] OU
|rated|
|rule|HP Percentage Mod: HP is shown in percentages
|rule|Endless Battle Clause: Forcing endless battles is banned
|rule|Species Clause: Limit one of each Pokémon
|rule|OHKO Clause: OHKO moves are banned
|rule|Evasion Items Clause: Evasion items are banned
|rule|Evasion Moves Clause: Evasion moves are banned
|rule|Evasion Abilities Clause: Evasion abilities are banned
|rule|Sleep Moves Clause: Sleep-inducing moves are banned
|clearpoke
|poke|p1|Torkoal, F|
|poke|p1|Dragapult, M|
|poke|p1|Enamorus, F|
|poke|p1|Iron Valiant|
|poke|p1|Hatterene, F|
|poke|p1|Cinderace, M|
|poke|p2|Eelektross, M|
|poke|p2|Raichu-Alola, F|
|poke|p2|Pincurchin, M|
|poke|p2|Rotom-Wash|
|poke|p2|Iron Hands|
|poke|p2|Corviknight, F|
|teampreview
|
|t:|1776043472
|teamsize|p1|6
|teamsize|p2|6
|start
|switch|p1a: Torkoal|Torkoal, F|100/100
|switch|p2a: Rotom|Rotom-Wash|100/100
|-weather|SunnyDay|[from] ability: Drought|[of] p1a: Torkoal
|turn|1
|
|t:|1776043486
|switch|p1a: Hatterene|Hatterene, F|100/100
|move|p2a: Rotom|Light Screen|p2a: Rotom
|-sidestart|p2: tickle me girble|move: Light Screen
|
|-weather|SunnyDay|[upkeep]
|upkeep
|turn|2
|
|t:|1776043494
|move|p2a: Rotom|Volt Switch|p1a: Hatterene
|-damage|p1a: Hatterene|69/100
|
|t:|1776043501
|switch|p2a: Eelektross|Eelektross, M, shiny|100/100|[from] Volt Switch
|move|p1a: Hatterene|Calm Mind|p1a: Hatterene
|-boost|p1a: Hatterene|spa|1
|-boost|p1a: Hatterene|spd|1
|
|-weather|SunnyDay|[upkeep]
|-heal|p1a: Hatterene|75/100|[from] item: Leftovers
|upkeep
|turn|3
|
|t:|1776043516
|move|p2a: Eelektross|Knock Off|p1a: Hatterene
|-damage|p1a: Hatterene|47/100
|-enditem|p1a: Hatterene|Leftovers|[from] move: Knock Off|[of] p2a: Eelektross
|move|p1a: Hatterene|Dazzling Gleam|p2a: Eelektross
|-damage|p2a: Eelektross|62/100
|
|-weather|SunnyDay|[upkeep]
|upkeep
|turn|4
|
|t:|1776043539
|switch|p1a: Torkoal|Torkoal, F|100/100
|move|p2a: Eelektross|Electric Terrain|p2a: Eelektross
|-fieldstart|move: Electric Terrain
|
|-weather|SunnyDay|[upkeep]
|upkeep
|turn|5
|
|t:|1776043549
|move|p2a: Eelektross|Knock Off|p1a: Torkoal
|-damage|p1a: Torkoal|86/100
|-enditem|p1a: Torkoal|Heat Rock|[from] move: Knock Off|[of] p2a: Eelektross
|move|p1a: Torkoal|Lava Plume|p2a: Eelektross
|-damage|p2a: Eelektross|41/100
|
|-weather|SunnyDay|[upkeep]
|upkeep
|turn|6
|
|t:|1776043561
|move|p2a: Eelektross|Thunder Wave|p1a: Torkoal
|-status|p1a: Torkoal|par
|move|p1a: Torkoal|Rapid Spin|p2a: Eelektross
|-damage|p2a: Eelektross|34/100
|-boost|p1a: Torkoal|spe|1
|-damage|p1a: Torkoal|69/100 par|[from] item: Rocky Helmet|[of] p2a: Eelektross
|
|-weather|SunnyDay|[upkeep]
|upkeep
|turn|7
|
|t:|1776043574
|move|p2a: Eelektross|U-turn|p1a: Torkoal
|-resisted|p1a: Torkoal
|-crit|p1a: Torkoal
|-damage|p1a: Torkoal|61/100 par
|
|t:|1776043577
|switch|p2a: Rotom|Rotom-Wash|100/100|[from] U-turn
|move|p1a: Torkoal|Double-Edge|p2a: Rotom
|-damage|p2a: Rotom|69/100
|-damage|p1a: Torkoal|53/100 par|[from] Recoil
|
|-weather|SunnyDay|[upkeep]
|upkeep
|turn|8
|
|t:|1776043597
|switch|p1a: Hatterene|Hatterene, F|47/100
|move|p2a: Rotom|Volt Switch|p1a: Hatterene
|-damage|p1a: Hatterene|16/100
|
|t:|1776043603
|switch|p2a: Eelektross|Eelektross, M, shiny|34/100|[from] Volt Switch
|
|-weather|none
|-sideend|p2: tickle me girble|move: Light Screen
|-fieldend|move: Electric Terrain
|upkeep
|turn|9
|
|t:|1776043611
|switch|p1a: Torkoal|Torkoal, F|53/100 par
|-weather|SunnyDay|[from] ability: Drought|[of] p1a: Torkoal
|move|p2a: Eelektross|U-turn|p1a: Torkoal
|-resisted|p1a: Torkoal
|-damage|p1a: Torkoal|49/100 par
|
|t:|1776043615
|switch|p2a: Rotom|Rotom-Wash|69/100|[from] U-turn
|
|-weather|SunnyDay|[upkeep]
|upkeep
|turn|10
|
|t:|1776043639
|move|p2a: Rotom|Light Screen|p2a: Rotom
|-sidestart|p2: tickle me girble|move: Light Screen
|move|p1a: Torkoal|Stealth Rock|p2a: Rotom
|-sidestart|p2: tickle me girble|move: Stealth Rock
|
|-weather|SunnyDay|[upkeep]
|upkeep
|turn|11
|
|t:|1776043649
|move|p2a: Rotom|Hydro Pump|p1a: Torkoal|[miss]
|-miss|p2a: Rotom|p1a: Torkoal
|cant|p1a: Torkoal|par
|
|-weather|SunnyDay|[upkeep]
|upkeep
|turn|12
|
|t:|1776043662
|switch|p1a: Hatterene|Hatterene, F|16/100
|move|p2a: Rotom|Reflect|p2a: Rotom
|-sidestart|p2: tickle me girble|Reflect
|
|-weather|SunnyDay|[upkeep]
|upkeep
|turn|13
|
|t:|1776043671
|move|p2a: Rotom|Volt Switch|p1a: Hatterene
|-damage|p1a: Hatterene|0 fnt
|faint|p1a: Hatterene
|
|t:|1776043677
|switch|p2a: Pincurchin|Pincurchin, M, shiny|100/100|[from] Volt Switch
|-damage|p2a: Pincurchin|88/100|[from] Stealth Rock
|-fieldstart|move: Electric Terrain|[from] ability: Electric Surge|[of] p2a: Pincurchin
|
|-weather|none
|upkeep
|
|t:|1776043693
|switch|p1a: Torkoal|Torkoal, F|49/100 par
|-weather|SunnyDay|[from] ability: Drought|[of] p1a: Torkoal
|turn|14
|
|t:|1776043714
|move|p2a: Pincurchin|Spikes|p1a: Torkoal
|-sidestart|p1: CapellanVape|Spikes
|move|p1a: Torkoal|Lava Plume|p2a: Pincurchin
|-damage|p2a: Pincurchin|65/100
|
|-weather|SunnyDay|[upkeep]
|upkeep
|turn|15
|
|t:|1776043722
|switch|p2a: Eelektross|Eelektross, M, shiny|34/100
|-damage|p2a: Eelektross|21/100|[from] Stealth Rock
|move|p1a: Torkoal|Rapid Spin|p2a: Eelektross
|-damage|p2a: Eelektross|18/100
|-boost|p1a: Torkoal|spe|1
|-damage|p1a: Torkoal|32/100 par|[from] item: Rocky Helmet|[of] p2a: Eelektross
|-sideend|p1: CapellanVape|Spikes|[from] move: Rapid Spin|[of] p1a: Torkoal
|
|-weather|SunnyDay|[upkeep]
|upkeep
|turn|16
|
|t:|1776043741
|move|p2a: Eelektross|U-turn|p1a: Torkoal
|-resisted|p1a: Torkoal
|-damage|p1a: Torkoal|27/100 par
|
|t:|1776043743
|switch|p2a: Rotom|Rotom-Wash|69/100|[from] U-turn
|-damage|p2a: Rotom|57/100|[from] Stealth Rock
|move|p1a: Torkoal|Double-Edge|p2a: Rotom
|-damage|p2a: Rotom|43/100
|-damage|p1a: Torkoal|24/100 par|[from] Recoil
|
|-weather|SunnyDay|[upkeep]
|upkeep
|turn|17
|
|t:|1776043757
|move|p2a: Rotom|Volt Switch|p1a: Torkoal
|-damage|p1a: Torkoal|0 fnt
|faint|p1a: Torkoal
|
|t:|1776043768
|switch|p2a: Eelektross|Eelektross, M, shiny|18/100|[from] Volt Switch
|-damage|p2a: Eelektross|6/100|[from] Stealth Rock
|
|-weather|SunnyDay|[upkeep]
|-sideend|p2: tickle me girble|move: Light Screen
|upkeep
|
|t:|1776043777
|switch|p1a: Enamorus|Enamorus, F|100/100
|turn|18
|
|t:|1776043787
|move|p1a: Enamorus|Moonblast|p2a: Eelektross
|-damage|p2a: Eelektross|0 fnt
|faint|p2a: Eelektross
|
|-weather|none
|upkeep
|
|t:|1776043792
|switch|p2a: Raichu|Raichu-Alola, F|100/100
|turn|19
|
|t:|1776043803
|move|p2a: Raichu|Thunderbolt|p1a: Enamorus
|-supereffective|p1a: Enamorus
|-damage|p1a: Enamorus|0 fnt
|faint|p1a: Enamorus
|
|-sideend|p2: tickle me girble|Reflect
|upkeep
|
|t:|1776043809
|switch|p1a: Cinderace|Cinderace, M|100/100
|turn|20
|
|t:|1776043815
|move|p2a: Raichu|Volt Switch|p1a: Cinderace
|-damage|p1a: Cinderace|45/100
|
|t:|1776043819
|switch|p2a: Rotom|Rotom-Wash|43/100|[from] Volt Switch
|-damage|p2a: Rotom|31/100|[from] Stealth Rock
|move|p1a: Cinderace|Pyro Ball|p2a: Rotom
|-resisted|p2a: Rotom
|-damage|p2a: Rotom|0 fnt
|faint|p2a: Rotom
|
|-fieldend|move: Electric Terrain
|upkeep
|
|t:|1776043823
|switch|p2a: Pincurchin|Pincurchin, M, shiny|65/100
|-damage|p2a: Pincurchin|53/100|[from] Stealth Rock
|-fieldstart|move: Electric Terrain|[from] ability: Electric Surge|[of] p2a: Pincurchin
|turn|21
|
|t:|1776043842
|move|p1a: Cinderace|Pyro Ball|p2a: Pincurchin
|-damage|p2a: Pincurchin|5/100
|move|p2a: Pincurchin|Spikes|p1a: Cinderace
|-sidestart|p1: CapellanVape|Spikes
|
|upkeep
|turn|22
|
|t:|1776043857
|move|p1a: Cinderace|Pyro Ball|p2a: Pincurchin
|-damage|p2a: Pincurchin|0 fnt
|faint|p2a: Pincurchin
|
|upkeep
|
|t:|1776043860
|switch|p2a: Raichu|Raichu-Alola, F|100/100
|turn|23
|
|t:|1776043869
|move|p2a: Raichu|Thunderbolt|p1a: Cinderace
|-damage|p1a: Cinderace|0 fnt
|faint|p1a: Cinderace
|
|upkeep
|
|t:|1776043876
|switch|p1a: Dragapult|Dragapult, M, shiny|100/100
|-damage|p1a: Dragapult|88/100|[from] Spikes
|turn|24
|
|t:|1776043895
|move|p2a: Raichu|Psychic|p1a: Dragapult
|-damage|p1a: Dragapult|33/100
|move|p1a: Dragapult|Phantom Force||[still]
|-prepare|p1a: Dragapult|Phantom Force
|
|upkeep
|turn|25
|
|t:|1776043901
|switch|p2a: Corviknight|Corviknight, F, shiny|100/100
|-ability|p2a: Corviknight|Pressure
|move|p1a: Dragapult|Phantom Force|p2a: Corviknight|[from] lockedmove
|-damage|p2a: Corviknight|77/100
|
|upkeep
|turn|26
|
|t:|1776043915
|move|p1a: Dragapult|Phantom Force||[still]
|-prepare|p1a: Dragapult|Phantom Force
|move|p2a: Corviknight|Roost|p2a: Corviknight
|-heal|p2a: Corviknight|100/100
|-singleturn|p2a: Corviknight|move: Roost
|
|upkeep
|turn|27
|
|t:|1776043922
|move|p1a: Dragapult|Phantom Force|p2a: Corviknight|[from] lockedmove
|-damage|p2a: Corviknight|79/100
|move|p2a: Corviknight|Brave Bird|p1a: Dragapult
|-damage|p1a: Dragapult|0 fnt
|faint|p1a: Dragapult
|-damage|p2a: Corviknight|71/100|[from] Recoil
|
|upkeep
|
|t:|1776043932
|switch|p1a: Iron Valiant|Iron Valiant|100/100
|-damage|p1a: Iron Valiant|88/100|[from] Spikes
|-activate|p1a: Iron Valiant|ability: Quark Drive
|-start|p1a: Iron Valiant|quarkdrivespe
|turn|28
|
|t:|1776043945
|move|p1a: Iron Valiant|Knock Off|p2a: Corviknight
|-damage|p2a: Corviknight|48/100
|-enditem|p2a: Corviknight|Heavy-Duty Boots|[from] move: Knock Off|[of] p1a: Iron Valiant
|-damage|p1a: Iron Valiant|78/100|[from] item: Life Orb
|move|p2a: Corviknight|Brave Bird|p1a: Iron Valiant
|-supereffective|p1a: Iron Valiant
|-damage|p1a: Iron Valiant|0 fnt
|faint|p1a: Iron Valiant
|-end|p1a: Iron Valiant|Quark Drive|[silent]
|-damage|p2a: Corviknight|29/100|[from] Recoil
|
|win|tickle me girble
|raw|CapellanVape's rating: 1132 &rarr; <strong>1107</strong><br />(-25 for losing)
|raw|tickle me girble's rating: 1129 &rarr; <strong>1154</strong><br />(+25 for winning)
|l|☆tickle me girble
|player|p2|
|l|☆CapellanVape
|player|p1|
