|html|<div class="broadcast-blue"><strong>[Gen 9] OU is currently suspecting Tera Blast! For information on how to participate check out the <a href="https://www.smogon.com/tools/suspects/view/200">suspect thread</a>.</strong></div>
|j|☆ENDERPRISE
|j|☆OP Earthquakes
|t:|1776165644
|gametype|singles
|player|p1|ENDERPRISE|266|1570
|player|p2|OP Earthquakes|giovanni-masters|1735
|gen|9
|tier|[Gen 9] OU
|rated|
|rule|HP Percentage Mod: HP is shown in percentages
|rule|Endless Battle Clause: Forcing endless battles is banned
|rule|Species Clause: Limit one of each Pokémon
|rule|OHKO Clause: OHKO moves are banned
|rule|Evasion Items Clause: Evasion items are banned
|rule|Evasion Moves Clause: Evasion moves are banned
|rule|Evasion Abilities Clause: Evasion abilities are banned
|rule|Sleep Moves Clause: Sleep-inducing moves are banned
|clearpoke
|poke|p1|Zapdos-Galar|
|poke|p1|Samurott-Hisui, M|
|poke|p1|Great Tusk|
|poke|p1|Slowking-Galar, M|
|poke|p1|Zamazenta-*|
|poke|p1|Kyurem|
|poke|p2|Excadrill, F|
|poke|p2|Tyranitar, M|
|poke|p2|Kyurem|
|poke|p2|Hawlucha, M|
|poke|p2|Pawmot, M|
|poke|p2|Grimmsnarl, M|
|teampreview
|inactive|Battle timer is ON: inactive players will automatically lose when time's up. (requested by OP Earthquakes)
|
|t:|1776165670
|teamsize|p1|6
|teamsize|p2|6
|start
|switch|p1a: Zapdos|Zapdos-Galar|100/100
|switch|p2a: Grimmsnarl|Grimmsnarl, M|100/100
|turn|1
|
|t:|1776165695
|move|p2a: Grimmsnarl|Thunder Wave|p1a: Zapdos
|-status|p1a: Zapdos|par
|move|p1a: Zapdos|Close Combat|p2a: Grimmsnarl
|-damage|p2a: Grimmsnarl|26/100
|-unboost|p1a: Zapdos|def|1
|-unboost|p1a: Zapdos|spd|1
|
|upkeep
|turn|2
|l|☆ENDERPRISE
|inactive|ENDERPRISE disconnected and has a minute to reconnect!
|player|p1|
|inactive|ENDERPRISE has 30 seconds to reconnect!
|inactive|ENDERPRISE has 20 seconds to reconnect!
|inactive|ENDERPRISE has 15 seconds to reconnect!
|inactive|ENDERPRISE has 10 seconds to reconnect!
|inactive|ENDERPRISE has 5 seconds to reconnect!
|c|☆OP Earthquakes|Crazy
|j|☆ENDERPRISE
|inactive|ENDERPRISE reconnected and has 85 seconds left.
|player|p1|ENDERPRISE|266|
|
|t:|1776165766
|move|p2a: Grimmsnarl|Reflect|p2a: Grimmsnarl
|-sidestart|p2: OP Earthquakes|Reflect
|move|p1a: Zapdos|Close Combat|p2a: Grimmsnarl
|-damage|p2a: Grimmsnarl|0 fnt
|-unboost|p1a: Zapdos|def|1
|-unboost|p1a: Zapdos|spd|1
|faint|p2a: Grimmsnarl
|
|upkeep
|inactive|OP Earthquakes has 120 seconds left.
|c|☆OP Earthquakes|Close one there on that reconnect
|
|t:|1776165789
|switch|p2a: Frieza|Kyurem, shiny|100/100
|-ability|p2a: Frieza|Pressure
|turn|3
|inactive|ENDERPRISE has 90 seconds left.
|
|t:|1776165794
|move|p2a: Frieza|Shadow Ball|p1a: Zapdos
|-damage|p1a: Zapdos|33/100 par
|cant|p1a: Zapdos|par
|
|upkeep
|turn|4
|
|t:|1776165800
|switch|p1a: Slowking|Slowking-Galar, M|100/100
|move|p2a: Frieza|Shadow Ball|p1a: Slowking
|-supereffective|p1a: Slowking
|-damage|p1a: Slowking|55/100
|
|upkeep
|turn|5
|inactive|ENDERPRISE has 90 seconds left.
|
|t:|1776165817
|move|p2a: Frieza|Earth Power|p1a: Slowking
|-supereffective|p1a: Slowking
|-damage|p1a: Slowking|7/100
|-prepare|p1a: Slowking|Chilly Reception|[premajor]
|move|p1a: Slowking|Chilly Reception|p1a: Slowking
|-weather|Snowscape
|inactive|ENDERPRISE has 90 seconds left.
|
|t:|1776165829
|switch|p1a: Kyurem|Kyurem|100/100|[from] Chilly Reception
|-ability|p1a: Kyurem|Pressure
|
|-weather|Snowscape|[upkeep]
|upkeep
|turn|6
|inactive|ENDERPRISE has 90 seconds left.
|
|t:|1776165834
|switch|p2a: The sandstorm|Tyranitar, M, shiny|100/100
|-weather|Sandstorm|[from] ability: Sand Stream|[of] p2a: The sandstorm
|move|p1a: Kyurem|Draco Meteor|p2a: The sandstorm|[miss]
|-miss|p1a: Kyurem|p2a: The sandstorm
|
|-weather|Sandstorm|[upkeep]
|-damage|p1a: Kyurem|94/100|[from] Sandstorm
|upkeep
|turn|7
|
|t:|1776165840
|switch|p1a: Great Tusk|Great Tusk|100/100
|move|p2a: The sandstorm|Stealth Rock|p1a: Great Tusk
|-sidestart|p1: ENDERPRISE|move: Stealth Rock
|
|-weather|Sandstorm|[upkeep]
|upkeep
|turn|8
|
|t:|1776165845
|move|p1a: Great Tusk|Rapid Spin|p2a: The sandstorm
|-resisted|p2a: The sandstorm
|-damage|p2a: The sandstorm|98/100
|-boost|p1a: Great Tusk|spe|1
|-sideend|p1: ENDERPRISE|Stealth Rock|[from] move: Rapid Spin|[of] p1a: Great Tusk
|move|p2a: The sandstorm|Ice Beam|p1a: Great Tusk
|-supereffective|p1a: Great Tusk
|-damage|p1a: Great Tusk|22/100
|
|-weather|Sandstorm|[upkeep]
|upkeep
|turn|9
|
|t:|1776165853
|-end|p1a: Great Tusk|Protosynthesis|[silent]
|switch|p1a: Samurott|Samurott-Hisui, M|100/100
|move|p2a: The sandstorm|Ice Beam|p1a: Samurott
|-resisted|p1a: Samurott
|-damage|p1a: Samurott|88/100
|
|-weather|Sandstorm|[upkeep]
|-damage|p1a: Samurott|81/100|[from] Sandstorm
|-sideend|p2: OP Earthquakes|Reflect
|upkeep
|turn|10
|
|t:|1776165861
|switch|p2a: Frieza|Kyurem, shiny|100/100
|-ability|p2a: Frieza|Pressure
|move|p1a: Samurott|Sacred Sword|p2a: Frieza
|-supereffective|p2a: Frieza
|-damage|p2a: Frieza|20/100
|
|-weather|Sandstorm|[upkeep]
|-damage|p1a: Samurott|75/100|[from] Sandstorm
|-damage|p2a: Frieza|14/100|[from] Sandstorm
|upkeep
|turn|11
|inactive|ENDERPRISE has 120 seconds left.
|
|t:|1776165868
|move|p1a: Samurott|Ceaseless Edge|p2a: Frieza
|-damage|p2a: Frieza|0 fnt
|-sidestart|p2: OP Earthquakes|Spikes
|faint|p2a: Frieza
|
|-weather|Sandstorm|[upkeep]
|-damage|p1a: Samurott|69/100|[from] Sandstorm
|upkeep
|
|t:|1776165871
|switch|p2a: OP|Excadrill, F|100/100
|-damage|p2a: OP|88/100|[from] Spikes
|turn|12
|inactive|ENDERPRISE has 120 seconds left.
|
|t:|1776165888
|move|p2a: OP|Earthquake|p1a: Samurott
|-damage|p1a: Samurott|0 fnt
|faint|p1a: Samurott
|
|-weather|Sandstorm|[upkeep]
|upkeep
|inactive|ENDERPRISE has 120 seconds left.
|
|t:|1776165895
|switch|p1a: Zapdos|Zapdos-Galar|33/100 par
|turn|13
|
|t:|1776165900
|switch|p2a: Itachi|Hawlucha, M, shiny|100/100
|-ability|p2a: Itachi|Mold Breaker
|cant|p1a: Zapdos|par
|
|-weather|none
|upkeep
|turn|14
|
|t:|1776165905
|move|p2a: Itachi|Brave Bird|p1a: Zapdos
|-supereffective|p1a: Zapdos
|-damage|p1a: Zapdos|0 fnt
|faint|p1a: Zapdos
|-damage|p2a: Itachi|89/100|[from] Recoil
|
|upkeep
|
|t:|1776165920
|switch|p1a: Slowking|Slowking-Galar, M|40/100
|turn|15
|
|t:|1776165923
|switch|p1a: Great Tusk|Great Tusk|22/100
|move|p2a: Itachi|Brave Bird|p1a: Great Tusk
|-supereffective|p1a: Great Tusk
|-damage|p1a: Great Tusk|0 fnt
|faint|p1a: Great Tusk
|-end|p1a: Great Tusk|Protosynthesis|[silent]
|-damage|p2a: Itachi|80/100|[from] Recoil
|
|upkeep
|
|t:|1776165927
|switch|p1a: Slowking|Slowking-Galar, M|74/100
|turn|16
|
|t:|1776165932
|switch|p2a: The sandstorm|Tyranitar, M, shiny|98/100
|-damage|p2a: The sandstorm|85/100|[from] Spikes
|-weather|Sandstorm|[from] ability: Sand Stream|[of] p2a: The sandstorm
|move|p1a: Slowking|Thunder Wave|p2a: The sandstorm
|-status|p2a: The sandstorm|par
|
|-weather|Sandstorm|[upkeep]
|-damage|p1a: Slowking|68/100|[from] Sandstorm
|upkeep
|turn|17
|
|t:|1776165944
|-prepare|p1a: Slowking|Chilly Reception|[premajor]
|move|p1a: Slowking|Chilly Reception|p1a: Slowking
|-weather|Snowscape
|
|t:|1776165961
|switch|p1a: Kyurem|Kyurem|94/100|[from] Chilly Reception
|-ability|p1a: Kyurem|Pressure
|cant|p2a: The sandstorm|par
|
|-weather|Snowscape|[upkeep]
|upkeep
|turn|18
|
|t:|1776165972
|move|p1a: Kyurem|Blizzard|p2a: The sandstorm
|-damage|p2a: The sandstorm|0 fnt
|faint|p2a: The sandstorm
|
|-weather|Snowscape|[upkeep]
|upkeep
|
|t:|1776165979
|switch|p2a: Porunga|Pawmot, M|100/100
|-damage|p2a: Porunga|88/100|[from] Spikes
|turn|19
|
|t:|1776165993
|switch|p1a: Zamazenta|Zamazenta|100/100
|-ability|p1a: Zamazenta|Dauntless Shield|boost
|-boost|p1a: Zamazenta|def|1
|move|p2a: Porunga|Revival Blessing|p2a: Porunga
|-enditem|p2a: Porunga|Leppa Berry|[eat]
|-activate|p2a: Porunga|item: Leppa Berry|Revival Blessing|[consumed]
|
|t:|1776166001
|-heal|p2: The sandstorm|50/100|[from] move: Revival Blessing
|
|-weather|Snowscape|[upkeep]
|upkeep
|turn|20
|
|t:|1776166003
|switch|p2a: Itachi|Hawlucha, M, shiny|80/100
|-ability|p2a: Itachi|Mold Breaker
|move|p1a: Zamazenta|Substitute|p1a: Zamazenta
|-start|p1a: Zamazenta|Substitute
|-damage|p1a: Zamazenta|76/100
|
|-weather|Snowscape|[upkeep]
|-heal|p1a: Zamazenta|82/100|[from] item: Leftovers
|upkeep
|turn|21
|
|t:|1776166007
|move|p2a: Itachi|Defog|p1a: Zamazenta
|-sideend|p2: OP Earthquakes|Spikes|[from] move: Defog|[of] p2a: Itachi
|move|p1a: Zamazenta|Iron Defense|p1a: Zamazenta
|-boost|p1a: Zamazenta|def|2
|
|-weather|none
|-heal|p1a: Zamazenta|88/100|[from] item: Leftovers
|upkeep
|turn|22
|
|t:|1776166012
|move|p2a: Itachi|Encore|p1a: Zamazenta
|-start|p1a: Zamazenta|Encore
|move|p1a: Zamazenta|Iron Defense|p1a: Zamazenta
|-boost|p1a: Zamazenta|def|2
|
|-heal|p1a: Zamazenta|94/100|[from] item: Leftovers
|upkeep
|turn|23
|
|t:|1776166014
|move|p2a: Itachi|Swords Dance|p2a: Itachi
|-boost|p2a: Itachi|atk|2
|move|p1a: Zamazenta|Iron Defense|p1a: Zamazenta
|-boost|p1a: Zamazenta|def|1
|
|-heal|p1a: Zamazenta|99/100|[from] item: Leftovers
|upkeep
|turn|24
|
|t:|1776166017
|move|p2a: Itachi|Swords Dance|p2a: Itachi
|-boost|p2a: Itachi|atk|2
|move|p1a: Zamazenta|Iron Defense|p1a: Zamazenta
|-boost|p1a: Zamazenta|def|0
|
|-heal|p1a: Zamazenta|100/100|[from] item: Leftovers
|-end|p1a: Zamazenta|Encore
|upkeep
|turn|25
|j| RedemptiveSketch
|
|t:|1776166031
|move|p2a: Itachi|Encore|p1a: Zamazenta
|-start|p1a: Zamazenta|Encore
|move|p1a: Zamazenta|Iron Defense|p1a: Zamazenta
|-boost|p1a: Zamazenta|def|0
|
|upkeep
|turn|26
|l| RedemptiveSketch
|
|t:|1776166035
|move|p2a: Itachi|Brave Bird|p1a: Zamazenta
|-supereffective|p1a: Zamazenta
|-end|p1a: Zamazenta|Substitute
|-damage|p2a: Itachi|70/100|[from] Recoil|[of] p1a: Zamazenta
|move|p1a: Zamazenta|Iron Defense|p1a: Zamazenta
|-boost|p1a: Zamazenta|def|0
|
|upkeep
|turn|27
|
|t:|1776166040
|move|p2a: Itachi|Swords Dance|p2a: Itachi
|-boost|p2a: Itachi|atk|2
|move|p1a: Zamazenta|Iron Defense|p1a: Zamazenta
|-boost|p1a: Zamazenta|def|0
|
|-end|p1a: Zamazenta|Encore
|upkeep
|turn|28
|
|t:|1776166045
|move|p2a: Itachi|Encore|p1a: Zamazenta
|-start|p1a: Zamazenta|Encore
|move|p1a: Zamazenta|Iron Defense|p1a: Zamazenta
|-boost|p1a: Zamazenta|def|0
|
|upkeep
|turn|29
|
|t:|1776166047
|move|p2a: Itachi|Brave Bird|p1a: Zamazenta
|-supereffective|p1a: Zamazenta
|-damage|p1a: Zamazenta|39/100
|-damage|p2a: Itachi|44/100|[from] Recoil
|move|p1a: Zamazenta|Iron Defense|p1a: Zamazenta
|-boost|p1a: Zamazenta|def|0
|
|-heal|p1a: Zamazenta|45/100|[from] item: Leftovers
|upkeep
|turn|30
|
|t:|1776166049
|move|p2a: Itachi|Brave Bird|p1a: Zamazenta
|-supereffective|p1a: Zamazenta
|-damage|p1a: Zamazenta|0 fnt
|faint|p1a: Zamazenta
|-damage|p2a: Itachi|25/100|[from] Recoil
|
|upkeep
|-message|ENDERPRISE forfeited.
|
|win|OP Earthquakes
|raw|ENDERPRISE's rating: 1570 &rarr; <strong>1559</strong><br />(-11 for losing)
|raw|OP Earthquakes's rating: 1735 &rarr; <strong>1746</strong><br />(+11 for winning)
|l|☆ENDERPRISE
|player|p1|
