|html|<div class="broadcast-blue"><strong>[Gen 9] OU is currently suspecting Tera Blast! For information on how to participate check out the <a href="https://www.smogon.com/tools/suspects/view/200">suspect thread</a>.</strong></div>
|j|☆mgmgg2
|j|‽huekekekkk
|t:|1776119513
|gametype|singles
|player|p1|mgmgg2|265|1111
|player|p2|huekekekkk|lance|1047
|gen|9
|tier|[Gen 9] OU
|rated|
|rule|HP Percentage Mod: HP is shown in percentages
|rule|Endless Battle Clause: Forcing endless battles is banned
|rule|Species Clause: Limit one of each Pokémon
|rule|OHKO Clause: OHKO moves are banned
|rule|Evasion Items Clause: Evasion items are banned
|rule|Evasion Moves Clause: Evasion moves are banned
|rule|Evasion Abilities Clause: Evasion abilities are banned
|rule|Sleep Moves Clause: Sleep-inducing moves are banned
|clearpoke
|poke|p1|Pelipper, M|
|poke|p1|Iron Treads|
|poke|p1|Barraskewda, F|
|poke|p1|Primarina, M|
|poke|p1|Jolteon, F|
|poke|p1|Kingambit, F|
|poke|p2|Suicune|
|poke|p2|Dragonite, F|
|poke|p2|Cinderace, M|
|poke|p2|Zamazenta-*|
|poke|p2|Latias, F|
|poke|p2|Dragapult, M|
|teampreview
|inactive|Battle timer is ON: inactive players will automatically lose when time's up. (requested by huekekekkk)
|
|t:|1776119527
|teamsize|p1|6
|teamsize|p2|6
|start
|switch|p1a: Primarina|Primarina, M|100/100
|switch|p2a: Dragapult|Dragapult, M|100/100
|turn|1
|
|t:|1776119534
|move|p2a: Dragapult|U-turn|p1a: Primarina
|-resisted|p1a: Primarina
|-damage|p1a: Primarina|79/100
|
|t:|1776119538
|switch|p2a: Suicune|Suicune, shiny|100/100|[from] U-turn
|-ability|p2a: Suicune|Pressure
|move|p1a: Primarina|Moonblast|p2a: Suicune
|-damage|p2a: Suicune|61/100
|-unboost|p2a: Suicune|spa|1
|
|-heal|p2a: Suicune|67/100|[from] item: Leftovers
|upkeep
|turn|2
|
|t:|1776119546
|move|p2a: Suicune|Calm Mind|p2a: Suicune
|-boost|p2a: Suicune|spa|1
|-boost|p2a: Suicune|spd|1
|move|p1a: Primarina|Psychic Noise|p2a: Suicune
|-damage|p2a: Suicune|54/100
|-start|p2a: Suicune|move: Heal Block
|
|upkeep
|turn|3
|inactive|huekekekkk has 120 seconds left.
|
|t:|1776119597
|move|p2a: Suicune|Calm Mind|p2a: Suicune
|-boost|p2a: Suicune|spa|1
|-boost|p2a: Suicune|spd|1
|move|p1a: Primarina|Flip Turn|p2a: Suicune
|-resisted|p2a: Suicune
|-damage|p2a: Suicune|50/100
|inactive|mgmgg2 has 120 seconds left.
|
|t:|1776119628
|switch|p1a: Jolteon|Jolteon, F|100/100|[from] Flip Turn
|
|-end|p2a: Suicune|move: Heal Block
|upkeep
|turn|4
|
|t:|1776119637
|move|p1a: Jolteon|Volt Switch|p2a: Suicune
|-supereffective|p2a: Suicune
|-damage|p2a: Suicune|18/100
|
|t:|1776119643
|switch|p1a: Pelipper|Pelipper, M|100/100|[from] Volt Switch
|-weather|RainDance|[from] ability: Drizzle|[of] p1a: Pelipper
|move|p2a: Suicune|Rest|p2a: Suicune
|-status|p2a: Suicune|slp|[from] move: Rest
|-heal|p2a: Suicune|100/100 slp|[silent]
|
|-weather|RainDance|[upkeep]
|upkeep
|turn|5
|
|t:|1776119647
|cant|p2a: Suicune|slp
|move|p2a: Suicune|Sleep Talk|p2a: Suicune
|move|p2a: Suicune|Scald|p1a: Pelipper|[from] move: Sleep Talk
|-resisted|p1a: Pelipper
|-damage|p1a: Pelipper|60/100
|move|p1a: Pelipper|U-turn|p2a: Suicune
|-damage|p2a: Suicune|95/100 slp
|
|t:|1776119656
|switch|p1a: Jolteon|Jolteon, F|100/100|[from] U-turn
|
|-weather|RainDance|[upkeep]
|-heal|p2a: Suicune|100/100 slp|[from] item: Leftovers
|upkeep
|turn|6
|inactive|huekekekkk has 120 seconds left.
|
|t:|1776119692
|move|p1a: Jolteon|Thunder|p2a: Suicune
|-supereffective|p2a: Suicune
|-damage|p2a: Suicune|54/100 slp
|cant|p2a: Suicune|slp
|move|p2a: Suicune|Sleep Talk|p2a: Suicune
|move|p2a: Suicune|Calm Mind|p2a: Suicune|[from] move: Sleep Talk
|-boost|p2a: Suicune|spa|1
|-boost|p2a: Suicune|spd|1
|
|-weather|RainDance|[upkeep]
|-heal|p2a: Suicune|60/100 slp|[from] item: Leftovers
|upkeep
|turn|7
|
|t:|1776119699
|-terastallize|p2a: Suicune|Fairy
|move|p1a: Jolteon|Thunder|p2a: Suicune
|-damage|p2a: Suicune|40/100 slp
|-curestatus|p2a: Suicune|slp|[msg]
|move|p2a: Suicune|Scald|p1a: Jolteon
|-damage|p1a: Jolteon|0 fnt
|faint|p1a: Jolteon
|
|-weather|RainDance|[upkeep]
|-heal|p2a: Suicune|46/100|[from] item: Leftovers
|upkeep
|
|t:|1776119705
|switch|p1a: Barraskewda|Barraskewda, F|100/100
|turn|8
|inactive|huekekekkk has 120 seconds left.
|
|t:|1776119716
|-terastallize|p1a: Barraskewda|Water
|move|p1a: Barraskewda|Flip Turn|p2a: Suicune
|-damage|p2a: Suicune|0 fnt
|faint|p2a: Suicune
|
|t:|1776119719
|switch|p1a: Primarina|Primarina, M|79/100|[from] Flip Turn
|
|-weather|RainDance|[upkeep]
|upkeep
|
|t:|1776119725
|switch|p2a: Dragonite|Dragonite, F|100/100
|turn|9
|
|t:|1776119729
|move|p2a: Dragonite|Dragon Dance|p2a: Dragonite
|-boost|p2a: Dragonite|atk|1
|-boost|p2a: Dragonite|spe|1
|move|p1a: Primarina|Moonblast|p2a: Dragonite
|-supereffective|p2a: Dragonite
|-damage|p2a: Dragonite|41/100
|-enditem|p2a: Dragonite|Weakness Policy
|-boost|p2a: Dragonite|atk|2|[from] item: Weakness Policy
|-boost|p2a: Dragonite|spa|2|[from] item: Weakness Policy
|
|-weather|RainDance|[upkeep]
|upkeep
|turn|10
|
|t:|1776119749
|switch|p1a: Kingambit|Kingambit, F|100/100
|-activate|p1a: Kingambit|ability: Supreme Overlord
|-start|p1a: Kingambit|fallen1|[silent]
|move|p2a: Dragonite|Earthquake|p1a: Kingambit
|-supereffective|p1a: Kingambit
|-damage|p1a: Kingambit|0 fnt
|faint|p1a: Kingambit
|-end|p1a: Kingambit|fallen1|[silent]
|
|-weather|RainDance|[upkeep]
|upkeep
|
|t:|1776119766
|switch|p1a: Iron Treads|Iron Treads|100/100
|-enditem|p1a: Iron Treads|Booster Energy
|-activate|p1a: Iron Treads|ability: Quark Drive|[fromitem]
|-start|p1a: Iron Treads|quarkdrivespe
|turn|11
|inactive|huekekekkk has 120 seconds left.
|
|t:|1776119815
|move|p2a: Dragonite|Extreme Speed|p1a: Iron Treads
|-resisted|p1a: Iron Treads
|-damage|p1a: Iron Treads|67/100
|move|p1a: Iron Treads|Earth Power|p2a: Dragonite
|-immune|p2a: Dragonite
|
|-weather|none
|upkeep
|turn|12
|
|t:|1776119823
|move|p2a: Dragonite|Extreme Speed|p1a: Iron Treads
|-resisted|p1a: Iron Treads
|-damage|p1a: Iron Treads|34/100
|move|p1a: Iron Treads|Volt Switch|p2a: Dragonite
|-damage|p2a: Dragonite|26/100
|
|t:|1776119832
|-end|p1a: Iron Treads|Quark Drive|[silent]
|switch|p1a: Pelipper|Pelipper, M|60/100|[from] Volt Switch
|-weather|RainDance|[from] ability: Drizzle|[of] p1a: Pelipper
|
|-weather|RainDance|[upkeep]
|upkeep
|turn|13
|
|t:|1776119835
|move|p2a: Dragonite|Extreme Speed|p1a: Pelipper
|-damage|p1a: Pelipper|0 fnt
|faint|p1a: Pelipper
|
|-weather|RainDance|[upkeep]
|upkeep
|inactive|mgmgg2 has 120 seconds left.
|l|☆mgmgg2
|inactive|mgmgg2 disconnected and has a minute to reconnect!
|player|p1|
|inactive|mgmgg2 has 30 seconds to reconnect!
|inactive|mgmgg2 has 20 seconds to reconnect!
|inactive|mgmgg2 has 15 seconds to reconnect!
|inactive|mgmgg2 has 10 seconds to reconnect!
|inactive|mgmgg2 has 5 seconds to reconnect!
|-message|mgmgg2 lost due to inactivity.
|
|win|huekekekkk
|raw|mgmgg2's rating: 1111 &rarr; <strong>1081</strong><br />(-30 for losing)
|raw|huekekekkk's rating: 1047 &rarr; <strong>1086</strong><br />(+39 for winning)
