|html|<div class="broadcast-blue"><strong>[Gen 9] OU is currently suspecting Tera Blast! For information on how to participate check out the <a href="https://www.smogon.com/tools/suspects/view/200">suspect thread</a>.</strong></div>
|j|☆JasperHatton
|j|‽Diabolite
|t:|1776329306
|gametype|singles
|player|p1|JasperHatton|palmer|1079
|player|p2|Diabolite|1|1129
|gen|9
|tier|[Gen 9] OU
|rated|
|rule|HP Percentage Mod: HP is shown in percentages
|rule|Endless Battle Clause: Forcing endless battles is banned
|rule|Species Clause: Limit one of each Pokémon
|rule|OHKO Clause: OHKO moves are banned
|rule|Evasion Items Clause: Evasion items are banned
|rule|Evasion Moves Clause: Evasion moves are banned
|rule|Evasion Abilities Clause: Evasion abilities are banned
|rule|Sleep Moves Clause: Sleep-inducing moves are banned
|clearpoke
|poke|p1|Noivern, M|
|poke|p1|Scizor, F|
|poke|p1|Medicham, F|
|poke|p1|Abomasnow, M|
|poke|p1|Krookodile, M|
|poke|p1|Mimikyu, F|
|poke|p2|Weavile, M|
|poke|p2|Pecharunt|
|poke|p2|Landorus-Therian, M|
|poke|p2|Primarina, F|
|poke|p2|Great Tusk|
|poke|p2|Raging Bolt|
|teampreview
|
|t:|1776329333
|teamsize|p1|6
|teamsize|p2|6
|start
|switch|p1a: Mimikyu|Mimikyu, F|100/100
|switch|p2a: Landorus|Landorus-Therian, M|100/100
|-ability|p2a: Landorus|Intimidate|boost
|-unboost|p1a: Mimikyu|atk|1
|turn|1
|
|t:|1776329341
|move|p1a: Mimikyu|Swords Dance|p1a: Mimikyu
|-boost|p1a: Mimikyu|atk|2
|move|p2a: Landorus|U-turn|p1a: Mimikyu
|-activate|p1a: Mimikyu|ability: Disguise
|-damage|p1a: Mimikyu|100/100
|detailschange|p1a: Mimikyu|Mimikyu-Busted, F
|-damage|p1a: Mimikyu|88/100|[from] pokemon: Mimikyu-Busted
|-enditem|p1a: Mimikyu|Red Card|[of] p2a: Landorus
|drag|p2a: Great Tusk|Great Tusk|100/100
|-enditem|p2a: Great Tusk|Booster Energy
|-activate|p2a: Great Tusk|ability: Protosynthesis|[fromitem]
|-start|p2a: Great Tusk|protosynthesisatk
|
|upkeep
|turn|2
|
|t:|1776329376
|-end|p2a: Great Tusk|Protosynthesis|[silent]
|switch|p2a: Pecharunt|Pecharunt|100/100
|move|p1a: Mimikyu|Swords Dance|p1a: Mimikyu
|-boost|p1a: Mimikyu|atk|2
|
|upkeep
|turn|3
|inactive|Battle timer is ON: inactive players will automatically lose when time's up. (requested by Diabolite)
|
|t:|1776329402
|move|p1a: Mimikyu|Shadow Sneak|p2a: Pecharunt
|-supereffective|p2a: Pecharunt
|-damage|p2a: Pecharunt|60/100
|move|p2a: Pecharunt|Parting Shot|p1a: Mimikyu
|-unboost|p1a: Mimikyu|atk|1
|-unboost|p1a: Mimikyu|spa|1
|
|t:|1776329429
|switch|p2a: Landorus|Landorus-Therian, M|100/100|[from] Parting Shot
|-ability|p2a: Landorus|Intimidate|boost
|-unboost|p1a: Mimikyu|atk|1
|
|upkeep
|turn|4
|
|t:|1776329435
|move|p1a: Mimikyu|Play Rough|p2a: Landorus
|-crit|p2a: Landorus
|-damage|p2a: Landorus|42/100
|-damage|p1a: Mimikyu|72/100|[from] item: Rocky Helmet|[of] p2a: Landorus
|move|p2a: Landorus|Stealth Rock|p1a: Mimikyu
|-sidestart|p1: JasperHatton|move: Stealth Rock
|
|upkeep
|turn|5
|
|t:|1776329444
|move|p1a: Mimikyu|Play Rough|p2a: Landorus
|-damage|p2a: Landorus|2/100
|-damage|p1a: Mimikyu|55/100|[from] item: Rocky Helmet|[of] p2a: Landorus
|move|p2a: Landorus|U-turn|p1a: Mimikyu
|-resisted|p1a: Mimikyu
|-damage|p1a: Mimikyu|47/100
|
|t:|1776329458
|switch|p2a: Pecharunt|Pecharunt|60/100|[from] U-turn
|
|upkeep
|turn|6
|
|t:|1776329474
|move|p1a: Mimikyu|Shadow Sneak|p2a: Pecharunt
|-supereffective|p2a: Pecharunt
|-damage|p2a: Pecharunt|38/100
|move|p2a: Pecharunt|Malignant Chain|p1a: Mimikyu
|-damage|p1a: Mimikyu|10/100
|
|upkeep
|turn|7
|
|t:|1776329485
|move|p1a: Mimikyu|Shadow Sneak|p2a: Pecharunt
|-supereffective|p2a: Pecharunt
|-damage|p2a: Pecharunt|16/100
|move|p2a: Pecharunt|Foul Play|p1a: Mimikyu
|-damage|p1a: Mimikyu|0 fnt
|faint|p1a: Mimikyu
|
|upkeep
|
|t:|1776329494
|switch|p1a: Scizor|Scizor, F|100/100
|-damage|p1a: Scizor|88/100|[from] Stealth Rock
|turn|8
|
|t:|1776329509
|move|p2a: Pecharunt|Parting Shot|p1a: Scizor
|-unboost|p1a: Scizor|atk|1
|-unboost|p1a: Scizor|spa|1
|
|t:|1776329513
|switch|p2a: Great Tusk|Great Tusk|100/100|[from] Parting Shot
|move|p1a: Scizor|Swords Dance|p1a: Scizor
|-boost|p1a: Scizor|atk|2
|
|upkeep
|turn|9
|inactive|Diabolite has 120 seconds left.
|
|t:|1776329558
|-terastallize|p1a: Scizor|Flying
|move|p2a: Great Tusk|Close Combat|p1a: Scizor
|-resisted|p1a: Scizor
|-damage|p1a: Scizor|55/100
|-unboost|p2a: Great Tusk|def|1
|-unboost|p2a: Great Tusk|spd|1
|move|p1a: Scizor|Aerial Ace|p2a: Great Tusk
|-supereffective|p2a: Great Tusk
|-damage|p2a: Great Tusk|0 fnt
|faint|p2a: Great Tusk
|-end|p2a: Great Tusk|Protosynthesis|[silent]
|-damage|p1a: Scizor|45/100|[from] item: Life Orb
|
|upkeep
|
|t:|1776329577
|switch|p2a: Weavile|Weavile, M|100/100
|-ability|p2a: Weavile|Pressure
|turn|10
|
|t:|1776329585
|move|p1a: Scizor|Bullet Punch|p2a: Weavile
|-supereffective|p2a: Weavile
|-damage|p2a: Weavile|0 fnt
|faint|p2a: Weavile
|-damage|p1a: Scizor|35/100|[from] item: Life Orb
|
|upkeep
|
|t:|1776329592
|switch|p2a: Raging Bolt|Raging Bolt|100/100
|turn|11
|
|t:|1776329596
|move|p2a: Raging Bolt|Thunderclap|p1a: Scizor
|-supereffective|p1a: Scizor
|-damage|p1a: Scizor|0 fnt
|faint|p1a: Scizor
|
|upkeep
|
|t:|1776329608
|switch|p1a: Krookodile|Krookodile, M|100/100
|-damage|p1a: Krookodile|94/100|[from] Stealth Rock
|turn|12
|
|t:|1776329614
|-end|p2a: Raging Bolt|Protosynthesis|[silent]
|switch|p2a: Landorus|Landorus-Therian, M|2/100
|-ability|p2a: Landorus|Intimidate|boost
|-unboost|p1a: Krookodile|atk|1
|move|p1a: Krookodile|Dragon Claw|p2a: Landorus
|-damage|p2a: Landorus|0 fnt
|-damage|p1a: Krookodile|78/100|[from] item: Rocky Helmet|[of] p2a: Landorus
|faint|p2a: Landorus
|-ability|p1a: Krookodile|Moxie|boost
|-boost|p1a: Krookodile|atk|1
|
|-heal|p1a: Krookodile|84/100|[from] item: Leftovers
|upkeep
|
|t:|1776329625
|switch|p2a: Primarina|Primarina, F|100/100
|turn|13
|
|t:|1776329634
|move|p1a: Krookodile|Earthquake|p2a: Primarina
|-damage|p2a: Primarina|34/100
|move|p2a: Primarina|Flip Turn|p1a: Krookodile
|-supereffective|p1a: Krookodile
|-crit|p1a: Krookodile
|-damage|p1a: Krookodile|9/100
|
|t:|1776329644
|switch|p2a: Raging Bolt|Raging Bolt|100/100|[from] Flip Turn
|
|-heal|p1a: Krookodile|15/100|[from] item: Leftovers
|upkeep
|turn|14
|
|t:|1776329651
|move|p1a: Krookodile|Earthquake|p2a: Raging Bolt
|-supereffective|p2a: Raging Bolt
|-damage|p2a: Raging Bolt|13/100
|move|p2a: Raging Bolt|Dragon Pulse|p1a: Krookodile
|-damage|p1a: Krookodile|0 fnt
|faint|p1a: Krookodile
|
|upkeep
|
|t:|1776329661
|switch|p1a: Abomasnow|Abomasnow, M|100/100
|-damage|p1a: Abomasnow|76/100|[from] Stealth Rock
|-weather|Snowscape|[from] ability: Snow Warning|[of] p1a: Abomasnow
|turn|15
|
|t:|1776329673
|move|p2a: Raging Bolt|Dragon Pulse|p1a: Abomasnow
|-damage|p1a: Abomasnow|27/100
|move|p1a: Abomasnow|Bullet Seed|p2a: Raging Bolt
|-resisted|p2a: Raging Bolt
|-damage|p2a: Raging Bolt|8/100
|-resisted|p2a: Raging Bolt
|-damage|p2a: Raging Bolt|3/100
|-resisted|p2a: Raging Bolt
|-damage|p2a: Raging Bolt|0 fnt
|faint|p2a: Raging Bolt
|-end|p2a: Raging Bolt|Protosynthesis|[silent]
|-hitcount|p2: Raging Bolt|3
|
|-weather|Snowscape|[upkeep]
|upkeep
|
|t:|1776329687
|switch|p2a: Pecharunt|Pecharunt|16/100
|turn|16
|
|t:|1776329699
|move|p2a: Pecharunt|Malignant Chain|p1a: Abomasnow
|-supereffective|p1a: Abomasnow
|-damage|p1a: Abomasnow|0 fnt
|faint|p1a: Abomasnow
|
|-weather|Snowscape|[upkeep]
|upkeep
|
|t:|1776329720
|switch|p1a: Noivern|Noivern, M|100/100
|-damage|p1a: Noivern|76/100|[from] Stealth Rock
|turn|17
|
|t:|1776329730
|move|p1a: Noivern|Dark Pulse|p2a: Pecharunt
|-supereffective|p2a: Pecharunt
|-damage|p2a: Pecharunt|0 fnt
|faint|p2a: Pecharunt
|
|-weather|Snowscape|[upkeep]
|upkeep
|
|t:|1776329736
|switch|p2a: Primarina|Primarina, F|34/100
|turn|18
|
|t:|1776329740
|move|p1a: Noivern|Boomburst|p2a: Primarina
|-damage|p2a: Primarina|8/100
|move|p2a: Primarina|Moonblast|p1a: Noivern
|-supereffective|p1a: Noivern
|-damage|p1a: Noivern|0 fnt
|faint|p1a: Noivern
|
|-weather|Snowscape|[upkeep]
|upkeep
|
|t:|1776329746
|switch|p1a: Medicham|Medicham, F|100/100
|-damage|p1a: Medicham|94/100|[from] Stealth Rock
|turn|19
|
|t:|1776329753
|-terastallize|p2a: Primarina|Steel
|move|p1a: Medicham|Thunder Punch|p2a: Primarina
|-damage|p2a: Primarina|0 fnt
|faint|p2a: Primarina
|-damage|p1a: Medicham|84/100|[from] item: Life Orb
|
|win|JasperHatton
|raw|JasperHatton's rating: 1079 &rarr; <strong>1111</strong><br />(+32 for winning)
|raw|Diabolite's rating: 1129 &rarr; <strong>1100</strong><br />(-29 for losing)
|l|‽Diabolite
|player|p2|
