|html|<div class="broadcast-blue"><strong>[Gen 9] OU is currently suspecting Tera Blast! For information on how to participate check out the <a href="https://www.smogon.com/tools/suspects/view/200">suspect thread</a>.</strong></div>
|j|☆GlitchRyuu
|j|☆Geyserg
|t:|1776032850
|gametype|singles
|player|p1|GlitchRyuu|170|1149
|player|p2|Geyserg|170|1186
|gen|9
|tier|[Gen 9] OU
|rated|
|rule|HP Percentage Mod: HP is shown in percentages
|rule|Endless Battle Clause: Forcing endless battles is banned
|rule|Species Clause: Limit one of each Pokémon
|rule|OHKO Clause: OHKO moves are banned
|rule|Evasion Items Clause: Evasion items are banned
|rule|Evasion Moves Clause: Evasion moves are banned
|rule|Evasion Abilities Clause: Evasion abilities are banned
|rule|Sleep Moves Clause: Sleep-inducing moves are banned
|clearpoke
|poke|p1|Zoroark-Hisui, F|
|poke|p1|Goodra-Hisui, M|
|poke|p1|Garchomp, M|
|poke|p1|Primarina, F|
|poke|p1|Dragonite, F|
|poke|p1|Vigoroth, F|
|poke|p2|Blaziken, F|
|poke|p2|Greninja-*, M|
|poke|p2|Garganacl, F|
|poke|p2|Noivern, M|
|poke|p2|Scizor, F|
|poke|p2|Dusclops, F|
|teampreview
|
|t:|1776032869
|teamsize|p1|6
|teamsize|p2|6
|start
|switch|p1a: Vigoroth|Vigoroth, F, shiny|100/100
|switch|p2a: Dusclops|Dusclops, F|100/100
|-item|p1a: Vigoroth|Choice Band|[from] ability: Frisk|[of] p2a: Dusclops
|turn|1
|
|t:|1776032885
|move|p1a: Vigoroth|Shadow Claw|p2a: Dusclops
|-supereffective|p2a: Dusclops
|-damage|p2a: Dusclops|47/100
|move|p2a: Dusclops|Will-O-Wisp|p1a: Vigoroth
|-status|p1a: Vigoroth|brn
|
|-damage|p1a: Vigoroth|95/100 brn|[from] brn
|upkeep
|turn|2
|
|t:|1776032894
|move|p1a: Vigoroth|Shadow Claw|p2a: Dusclops
|-supereffective|p2a: Dusclops
|-damage|p2a: Dusclops|16/100
|move|p2a: Dusclops|Pain Split|p1a: Vigoroth
|-sethp|p1a: Vigoroth|56/100 brn|[from] move: Pain Split|[silent]
|-sethp|p2a: Dusclops|50/100|[from] move: Pain Split
|
|-damage|p1a: Vigoroth|50/100 brn|[from] brn
|upkeep
|turn|3
|
|t:|1776032904
|move|p1a: Vigoroth|Shadow Claw|p2a: Dusclops
|-supereffective|p2a: Dusclops
|-damage|p2a: Dusclops|20/100
|move|p2a: Dusclops|Pain Split|p1a: Vigoroth
|-sethp|p1a: Vigoroth|36/100 brn|[from] move: Pain Split|[silent]
|-sethp|p2a: Dusclops|32/100|[from] move: Pain Split
|
|-damage|p1a: Vigoroth|30/100 brn|[from] brn
|upkeep
|turn|4
|
|t:|1776032928
|switch|p2a: Scizor|Scizor, F|100/100
|move|p1a: Vigoroth|Shadow Claw|p2a: Scizor
|-damage|p2a: Scizor|79/100
|
|-damage|p1a: Vigoroth|24/100 brn|[from] brn
|upkeep
|turn|5
|
|t:|1776032937
|move|p2a: Scizor|Bullet Punch|p1a: Vigoroth
|-damage|p1a: Vigoroth|0 fnt
|replace|p1a: Zoroark|Zoroark-Hisui, F, shiny
|-end|p1a: Zoroark|Illusion
|faint|p1a: Zoroark
|-damage|p2a: Scizor|69/100|[from] item: Life Orb
|
|upkeep
|
|t:|1776032949
|switch|p1a: Dragonite|Dragonite, F|100/100
|turn|6
|
|t:|1776032957
|-singleturn|p1a: Dragonite|move: Focus Punch
|move|p2a: Scizor|U-turn|p1a: Dragonite
|-resisted|p1a: Dragonite
|-damage|p1a: Dragonite|86/100
|-damage|p2a: Scizor|59/100|[from] item: Life Orb
|
|t:|1776032963
|switch|p2a: Garganacl|Garganacl, F|100/100|[from] U-turn
|cant|p1a: Dragonite|Focus Punch|Focus Punch
|
|-heal|p1a: Dragonite|92/100|[from] item: Leftovers
|upkeep
|turn|7
|
|t:|1776032971
|move|p1a: Dragonite|Dragon Dance|p1a: Dragonite
|-boost|p1a: Dragonite|atk|1
|-boost|p1a: Dragonite|spe|1
|move|p2a: Garganacl|Salt Cure|p1a: Dragonite
|-supereffective|p1a: Dragonite
|-damage|p1a: Dragonite|62/100
|-start|p1a: Dragonite|Salt Cure
|
|-heal|p1a: Dragonite|68/100|[from] item: Leftovers
|-damage|p1a: Dragonite|56/100|[from] Salt Cure
|upkeep
|turn|8
|
|t:|1776032983
|move|p1a: Dragonite|Earthquake|p2a: Garganacl
|-supereffective|p2a: Garganacl
|-damage|p2a: Garganacl|43/100
|move|p2a: Garganacl|Ice Punch|p1a: Dragonite
|-supereffective|p1a: Dragonite
|-crit|p1a: Dragonite
|-damage|p1a: Dragonite|0 fnt
|faint|p1a: Dragonite
|
|-heal|p2a: Garganacl|49/100|[from] item: Leftovers
|upkeep
|
|t:|1776033002
|switch|p1a: Primarina|Primarina, F|100/100
|turn|9
|
|t:|1776033010
|move|p1a: Primarina|Hydro Pump|p2a: Garganacl
|-supereffective|p2a: Garganacl
|-damage|p2a: Garganacl|0 fnt
|faint|p2a: Garganacl
|
|upkeep
|
|t:|1776033016
|switch|p2a: Dusclops|Dusclops, F|32/100
|-item|p1a: Primarina|Assault Vest|[from] ability: Frisk|[of] p2a: Dusclops
|turn|10
|
|t:|1776033030
|move|p1a: Primarina|Alluring Voice|p2a: Dusclops
|-damage|p2a: Dusclops|10/100
|move|p2a: Dusclops|Pain Split|p1a: Primarina
|-sethp|p1a: Primarina|54/100|[from] move: Pain Split|[silent]
|-sethp|p2a: Dusclops|69/100|[from] move: Pain Split
|
|upkeep
|turn|11
|
|t:|1776033041
|switch|p1a: Vigoroth|Vigoroth, F, shiny|100/100
|move|p2a: Dusclops|Will-O-Wisp|p1a: Vigoroth
|-status|p1a: Vigoroth|brn
|
|-damage|p1a: Vigoroth|94/100 brn|[from] brn
|upkeep
|turn|12
|
|t:|1776033059
|move|p1a: Vigoroth|Bulk Up|p1a: Vigoroth
|-boost|p1a: Vigoroth|atk|1
|-boost|p1a: Vigoroth|def|1
|move|p2a: Dusclops|Pain Split|p1a: Vigoroth
|-sethp|p1a: Vigoroth|74/100 brn|[from] move: Pain Split|[silent]
|-sethp|p2a: Dusclops|95/100|[from] move: Pain Split
|
|-damage|p1a: Vigoroth|68/100 brn|[from] brn
|upkeep
|turn|13
|
|t:|1776033071
|move|p1a: Vigoroth|Bulk Up|p1a: Vigoroth
|-boost|p1a: Vigoroth|atk|1
|-boost|p1a: Vigoroth|def|1
|move|p2a: Dusclops|Haze|p2a: Dusclops
|-clearallboost
|
|-damage|p1a: Vigoroth|62/100 brn|[from] brn
|upkeep
|turn|14
|
|t:|1776033084
|switch|p2a: Scizor|Scizor, F|59/100
|move|p1a: Vigoroth|Gunk Shot|p2a: Scizor
|-immune|p2a: Scizor
|
|-damage|p1a: Vigoroth|56/100 brn|[from] brn
|upkeep
|turn|15
|
|t:|1776033094
|move|p1a: Vigoroth|Brick Break|p2a: Scizor
|-damage|p2a: Scizor|48/100
|move|p2a: Scizor|Close Combat|p1a: Vigoroth
|-supereffective|p1a: Vigoroth
|-damage|p1a: Vigoroth|0 fnt
|-unboost|p2a: Scizor|def|1
|-unboost|p2a: Scizor|spd|1
|faint|p1a: Vigoroth
|-damage|p2a: Scizor|38/100|[from] item: Life Orb
|
|upkeep
|
|t:|1776033106
|switch|p1a: Garchomp|Garchomp, M|100/100
|turn|16
|
|t:|1776033113
|move|p1a: Garchomp|Swords Dance|p1a: Garchomp
|-boost|p1a: Garchomp|atk|2
|move|p2a: Scizor|Close Combat|p1a: Garchomp
|-damage|p1a: Garchomp|46/100
|-unboost|p2a: Scizor|def|1
|-unboost|p2a: Scizor|spd|1
|-damage|p2a: Scizor|26/100|[from] ability: Rough Skin|[of] p1a: Garchomp
|-damage|p2a: Scizor|9/100|[from] item: Rocky Helmet|[of] p1a: Garchomp
|-damage|p2a: Scizor|0 fnt|[from] item: Life Orb
|faint|p2a: Scizor
|
|upkeep
|
|t:|1776033130
|switch|p2a: Greninja|Greninja, M, shiny|100/100
|turn|17
|
|t:|1776033142
|-terastallize|p1a: Garchomp|Dragon
|move|p2a: Greninja|Ice Beam|p1a: Garchomp
|-start|p2a: Greninja|typechange|Ice|[from] ability: Protean
|-supereffective|p1a: Garchomp
|-damage|p1a: Garchomp|0 fnt
|faint|p1a: Garchomp
|
|upkeep
|
|t:|1776033152
|switch|p1a: Goodra|Goodra-Hisui, M|100/100
|turn|18
|
|t:|1776033162
|switch|p2a: Dusclops|Dusclops, F|95/100
|-item|p1a: Goodra|Leftovers|[from] ability: Frisk|[of] p2a: Dusclops
|move|p1a: Goodra|Curse|p1a: Goodra
|-unboost|p1a: Goodra|spe|1
|-boost|p1a: Goodra|atk|1
|-boost|p1a: Goodra|def|1
|
|upkeep
|turn|19
|
|t:|1776033174
|move|p2a: Dusclops|Will-O-Wisp|p1a: Goodra
|-status|p1a: Goodra|brn
|move|p1a: Goodra|Curse|p1a: Goodra
|-unboost|p1a: Goodra|spe|1
|-boost|p1a: Goodra|atk|1
|-boost|p1a: Goodra|def|1
|
|-damage|p1a: Goodra|94/100 brn|[from] brn
|upkeep
|turn|20
|
|t:|1776033183
|move|p2a: Dusclops|Haze|p2a: Dusclops
|-clearallboost
|move|p1a: Goodra|Curse|p1a: Goodra
|-unboost|p1a: Goodra|spe|1
|-boost|p1a: Goodra|atk|1
|-boost|p1a: Goodra|def|1
|
|-heal|p1a: Goodra|100/100 brn|[from] item: Leftovers
|-damage|p1a: Goodra|94/100 brn|[from] brn
|upkeep
|turn|21
|
|t:|1776033196
|move|p2a: Dusclops|Hex|p1a: Goodra
|-damage|p1a: Goodra|80/100 brn
|move|p1a: Goodra|Gyro Ball|p2a: Dusclops
|-damage|p2a: Dusclops|90/100
|
|-heal|p1a: Goodra|86/100 brn|[from] item: Leftovers
|-damage|p1a: Goodra|80/100 brn|[from] brn
|upkeep
|turn|22
|inactive|Battle timer is ON: inactive players will automatically lose when time's up. (requested by Geyserg)
|
|t:|1776033212
|switch|p2a: Blaziken|Blaziken, F|100/100
|move|p1a: Goodra|Draco Meteor|p2a: Blaziken
|-damage|p2a: Blaziken|23/100
|-unboost|p1a: Goodra|spa|2
|
|-heal|p1a: Goodra|86/100 brn|[from] item: Leftovers
|-damage|p1a: Goodra|80/100 brn|[from] brn
|upkeep
|turn|23
|
|t:|1776033222
|move|p2a: Blaziken|Close Combat|p1a: Goodra
|-supereffective|p1a: Goodra
|-damage|p1a: Goodra|0 fnt
|-unboost|p2a: Blaziken|def|1
|-unboost|p2a: Blaziken|spd|1
|faint|p1a: Goodra
|-damage|p2a: Blaziken|13/100|[from] item: Life Orb
|
|-ability|p2a: Blaziken|Speed Boost|boost
|-boost|p2a: Blaziken|spe|1
|upkeep
|
|t:|1776033232
|switch|p1a: Primarina|Primarina, F|54/100
|turn|24
|
|t:|1776033235
|move|p2a: Blaziken|Close Combat|p1a: Primarina
|-resisted|p1a: Primarina
|-damage|p1a: Primarina|11/100
|-unboost|p2a: Blaziken|def|1
|-unboost|p2a: Blaziken|spd|1
|-damage|p2a: Blaziken|3/100|[from] item: Life Orb
|move|p1a: Primarina|Hydro Pump|p2a: Blaziken
|-supereffective|p2a: Blaziken
|-damage|p2a: Blaziken|0 fnt
|faint|p2a: Blaziken
|
|upkeep
|
|t:|1776033243
|switch|p2a: Noivern|Noivern, M|100/100
|turn|25
|
|t:|1776033248
|-terastallize|p2a: Noivern|Normal
|move|p2a: Noivern|Boomburst|p1a: Primarina
|-damage|p1a: Primarina|0 fnt
|faint|p1a: Primarina
|
|win|Geyserg
|raw|GlitchRyuu's rating: 1149 &rarr; <strong>1127</strong><br />(-22 for losing)
|raw|Geyserg's rating: 1186 &rarr; <strong>1208</strong><br />(+22 for winning)
|l|☆GlitchRyuu
|player|p1|
|l|☆Geyserg
|player|p2|
