|html|<div class="broadcast-blue"><strong>[Gen 9] OU is currently suspecting Tera Blast! For information on how to participate check out the <a href="https://www.smogon.com/tools/suspects/view/200">suspect thread</a>.</strong></div>
|j|☆okinq
|j|☆P0TenS
|t:|1776039131
|gametype|singles
|player|p1|okinq|phoebe-gen6|1124
|player|p2|P0TenS|1|1096
|gen|9
|tier|[Gen 9] OU
|rated|
|rule|HP Percentage Mod: HP is shown in percentages
|rule|Endless Battle Clause: Forcing endless battles is banned
|rule|Species Clause: Limit one of each Pokémon
|rule|OHKO Clause: OHKO moves are banned
|rule|Evasion Items Clause: Evasion items are banned
|rule|Evasion Moves Clause: Evasion moves are banned
|rule|Evasion Abilities Clause: Evasion abilities are banned
|rule|Sleep Moves Clause: Sleep-inducing moves are banned
|clearpoke
|poke|p1|Gallade, M|
|poke|p1|Scizor, F|
|poke|p1|Mamoswine, F|
|poke|p1|Rotom-Wash|
|poke|p1|Metagross|
|poke|p1|Zapdos|
|poke|p2|Blaziken, F|
|poke|p2|Weavile, M|
|poke|p2|Zapdos|
|poke|p2|Dragapult, F|
|poke|p2|Clodsire, F|
|poke|p2|Primarina, M|
|teampreview
|
|t:|1776039158
|teamsize|p1|6
|teamsize|p2|6
|start
|switch|p1a: Metagross|Metagross|100/100
|switch|p2a: Clodsire|Clodsire, F|100/100
|turn|1
|
|t:|1776039165
|move|p1a: Metagross|Stealth Rock|p2a: Clodsire
|-sidestart|p2: P0TenS|move: Stealth Rock
|move|p2a: Clodsire|Earthquake|p1a: Metagross
|-supereffective|p1a: Metagross
|-damage|p1a: Metagross|59/100
|
|upkeep
|turn|2
|
|t:|1776039172
|move|p1a: Metagross|Zen Headbutt|p2a: Clodsire
|-supereffective|p2a: Clodsire
|-damage|p2a: Clodsire|0 fnt
|faint|p2a: Clodsire
|
|upkeep
|
|t:|1776039192
|switch|p2a: Weavile|Weavile, M|100/100
|-ability|p2a: Weavile|Pressure
|turn|3
|
|t:|1776039203
|move|p2a: Weavile|Knock Off|p1a: Metagross
|-supereffective|p1a: Metagross
|-damage|p1a: Metagross|0 fnt
|-enditem|p1a: Metagross|Focus Sash|[from] move: Knock Off|[of] p2a: Weavile
|faint|p1a: Metagross
|
|upkeep
|
|t:|1776039216
|switch|p1a: Scizor|Scizor, F|100/100
|turn|4
|
|t:|1776039227
|switch|p2a: Blaziken|Blaziken, F|100/100
|-damage|p2a: Blaziken|88/100|[from] Stealth Rock
|move|p1a: Scizor|Bullet Punch|p2a: Blaziken
|-resisted|p2a: Blaziken
|-damage|p2a: Blaziken|64/100
|
|upkeep
|turn|5
|
|t:|1776039244
|switch|p1a: Zapdos|Zapdos|100/100
|-ability|p1a: Zapdos|Pressure
|move|p2a: Blaziken|Swords Dance|p2a: Blaziken
|-boost|p2a: Blaziken|atk|2
|
|-ability|p2a: Blaziken|Speed Boost|boost
|-boost|p2a: Blaziken|spe|1
|upkeep
|turn|6
|
|t:|1776039252
|move|p2a: Blaziken|Thunder Punch|p1a: Zapdos
|-damage|p1a: Zapdos|47/100
|move|p1a: Zapdos|Thunder Wave|p2a: Blaziken
|-status|p2a: Blaziken|par
|
|-ability|p2a: Blaziken|Speed Boost|boost
|-boost|p2a: Blaziken|spe|1
|upkeep
|turn|7
|
|t:|1776039259
|move|p2a: Blaziken|Thunder Punch|p1a: Zapdos
|-damage|p1a: Zapdos|0 fnt
|faint|p1a: Zapdos
|
|-ability|p2a: Blaziken|Speed Boost|boost
|-boost|p2a: Blaziken|spe|1
|upkeep
|
|t:|1776039271
|switch|p1a: Gallade|Gallade, M|100/100
|turn|8
|c|☆P0TenS|u better hope that parlyz checks
|c|☆okinq|im praying
|
|t:|1776039289
|move|p1a: Gallade|Psycho Cut|p2a: Blaziken
|-supereffective|p2a: Blaziken
|-damage|p2a: Blaziken|0 fnt
|faint|p2a: Blaziken
|
|upkeep
|c|☆P0TenS|:(
|c|☆okinq|rip
|
|t:|1776039308
|switch|p2a: Primarina|Primarina, M|100/100
|-damage|p2a: Primarina|88/100|[from] Stealth Rock
|turn|9
|
|t:|1776039317
|switch|p1a: Rotom|Rotom-Wash|100/100
|move|p2a: Primarina|Moonblast|p1a: Rotom
|-damage|p1a: Rotom|48/100
|-unboost|p1a: Rotom|spa|1
|
|upkeep
|turn|10
|
|t:|1776039334
|switch|p2a: Dragapult|Dragapult, F|100/100
|move|p1a: Rotom|Pain Split|p2a: Dragapult
|-sethp|p2a: Dragapult|69/100|[from] move: Pain Split|[silent]
|-sethp|p1a: Rotom|90/100|[from] move: Pain Split
|
|upkeep
|turn|11
|
|t:|1776039353
|switch|p1a: Scizor|Scizor, F|100/100
|move|p2a: Dragapult|Will-O-Wisp|p1a: Scizor
|-status|p1a: Scizor|brn
|
|-damage|p1a: Scizor|94/100 brn|[from] brn
|upkeep
|turn|12
|
|t:|1776039365
|switch|p1a: Rotom|Rotom-Wash|90/100
|move|p2a: Dragapult|Hex|p1a: Rotom
|-damage|p1a: Rotom|57/100
|
|upkeep
|turn|13
|
|t:|1776039373
|move|p2a: Dragapult|U-turn|p1a: Rotom
|-damage|p1a: Rotom|30/100
|
|t:|1776039380
|switch|p2a: Zapdos|Zapdos|100/100|[from] U-turn
|move|p1a: Rotom|Shadow Ball|p2a: Zapdos
|-damage|p2a: Zapdos|78/100
|
|upkeep
|turn|14
|
|t:|1776039392
|move|p2a: Zapdos|Volt Switch|p1a: Rotom
|-damage|p1a: Rotom|0 fnt
|faint|p1a: Rotom
|
|t:|1776039407
|switch|p2a: Dragapult|Dragapult, F|69/100|[from] Volt Switch
|
|upkeep
|
|t:|1776039410
|switch|p1a: Mamoswine|Mamoswine, F|100/100
|turn|15
|
|t:|1776039417
|-terastallize|p1a: Mamoswine|Ice
|move|p1a: Mamoswine|Ice Shard|p2a: Dragapult
|-supereffective|p2a: Dragapult
|-damage|p2a: Dragapult|0 fnt
|faint|p2a: Dragapult
|
|upkeep
|
|t:|1776039427
|switch|p2a: Primarina|Primarina, M|88/100
|-damage|p2a: Primarina|76/100|[from] Stealth Rock
|turn|16
|
|t:|1776039438
|switch|p1a: Scizor|Scizor, F|94/100 brn
|move|p2a: Primarina|Moonblast|p1a: Scizor
|-resisted|p1a: Scizor
|-damage|p1a: Scizor|69/100 brn
|
|-heal|p1a: Scizor|75/100 brn|[from] item: Leftovers
|-damage|p1a: Scizor|69/100 brn|[from] brn
|upkeep
|turn|17
|
|t:|1776039452
|switch|p2a: Zapdos|Zapdos|78/100
|switch|p1a: Gallade|Gallade, M|100/100
|
|upkeep
|turn|18
|
|t:|1776039463
|switch|p1a: Mamoswine|Mamoswine, F, tera:Ice|100/100
|move|p2a: Zapdos|Hurricane|p1a: Mamoswine|[miss]
|-miss|p2a: Zapdos|p1a: Mamoswine
|
|upkeep
|turn|19
|
|t:|1776039473
|move|p2a: Zapdos|Discharge|p1a: Mamoswine
|-damage|p1a: Mamoswine|56/100
|-status|p1a: Mamoswine|par
|move|p1a: Mamoswine|Earthquake|p2a: Zapdos
|-immune|p2a: Zapdos
|
|upkeep
|turn|20
|
|t:|1776039489
|switch|p1a: Gallade|Gallade, M|100/100
|move|p2a: Zapdos|Discharge|p1a: Gallade
|-damage|p1a: Gallade|61/100
|
|upkeep
|turn|21
|
|t:|1776039496
|switch|p1a: Mamoswine|Mamoswine, F, tera:Ice|56/100 par
|move|p2a: Zapdos|Hurricane|p1a: Mamoswine|[miss]
|-miss|p2a: Zapdos|p1a: Mamoswine
|
|upkeep
|turn|22
|
|t:|1776039507
|cant|p1a: Mamoswine|par
|move|p2a: Zapdos|Volt Switch|p1a: Mamoswine
|-damage|p1a: Mamoswine|15/100 par
|
|t:|1776039516
|switch|p2a: Weavile|Weavile, M|100/100|[from] Volt Switch
|-ability|p2a: Weavile|Pressure
|
|upkeep
|turn|23
|
|t:|1776039527
|switch|p1a: Scizor|Scizor, F|69/100 brn
|move|p2a: Weavile|Swords Dance|p2a: Weavile
|-boost|p2a: Weavile|atk|2
|
|-heal|p1a: Scizor|75/100 brn|[from] item: Leftovers
|-damage|p1a: Scizor|69/100 brn|[from] brn
|upkeep
|turn|24
|
|t:|1776039537
|move|p1a: Scizor|Bullet Punch|p2a: Weavile
|-supereffective|p2a: Weavile
|-damage|p2a: Weavile|38/100
|move|p2a: Weavile|Triple Axel|p1a: Scizor
|-resisted|p1a: Scizor
|-damage|p1a: Scizor|60/100 brn
|-resisted|p1a: Scizor
|-damage|p1a: Scizor|41/100 brn
|-resisted|p1a: Scizor
|-damage|p1a: Scizor|12/100 brn
|-hitcount|p1a: Scizor|3
|
|-heal|p1a: Scizor|18/100 brn|[from] item: Leftovers
|-damage|p1a: Scizor|12/100 brn|[from] brn
|upkeep
|turn|25
|
|t:|1776039549
|switch|p1a: Mamoswine|Mamoswine, F, tera:Ice|15/100 par
|move|p2a: Weavile|Ice Shard|p1a: Mamoswine
|-resisted|p1a: Mamoswine
|-damage|p1a: Mamoswine|3/100 par
|
|upkeep
|turn|26
|
|t:|1776039557
|move|p2a: Weavile|Ice Shard|p1a: Mamoswine
|-resisted|p1a: Mamoswine
|-crit|p1a: Mamoswine
|-damage|p1a: Mamoswine|0 fnt
|faint|p1a: Mamoswine
|
|upkeep
|
|t:|1776039580
|switch|p1a: Gallade|Gallade, M|61/100
|turn|27
|
|t:|1776039585
|move|p1a: Gallade|Sacred Sword|p2a: Weavile
|-supereffective|p2a: Weavile
|-damage|p2a: Weavile|0 fnt
|faint|p2a: Weavile
|
|upkeep
|
|t:|1776039593
|switch|p2a: Primarina|Primarina, M|76/100
|-damage|p2a: Primarina|63/100|[from] Stealth Rock
|turn|28
|
|t:|1776039599
|switch|p1a: Scizor|Scizor, F|12/100 brn
|move|p2a: Primarina|Surf|p1a: Scizor
|-damage|p1a: Scizor|0 fnt
|faint|p1a: Scizor
|
|upkeep
|
|t:|1776039601
|switch|p1a: Gallade|Gallade, M|61/100
|turn|29
|
|t:|1776039610
|move|p1a: Gallade|Psycho Cut|p2a: Primarina
|-damage|p2a: Primarina|0 fnt
|faint|p2a: Primarina
|
|upkeep
|
|t:|1776039614
|switch|p2a: Zapdos|Zapdos|78/100
|turn|30
|
|t:|1776039618
|move|p1a: Gallade|Psycho Cut|p2a: Zapdos
|-damage|p2a: Zapdos|29/100
|move|p2a: Zapdos|Hurricane|p1a: Gallade|[miss]
|-miss|p2a: Zapdos|p1a: Gallade
|
|upkeep
|turn|31
|
|t:|1776039624
|-terastallize|p2a: Zapdos|Electric
|move|p1a: Gallade|Psycho Cut|p2a: Zapdos
|-damage|p2a: Zapdos|0 fnt
|faint|p2a: Zapdos
|
|win|okinq
|raw|okinq's rating: 1124 &rarr; <strong>1147</strong><br />(+23 for winning)
|raw|P0TenS's rating: 1096 &rarr; <strong>1074</strong><br />(-22 for losing)
|c|☆P0TenS|gg
|c|☆okinq|gg
|c|☆P0TenS|ffs
|c|☆okinq|holy
|l|☆P0TenS
|player|p2|
|l|☆okinq
|player|p1|
|j|☆okinq
|player|p1|okinq|phoebe-gen6|
