|html|<div class="broadcast-blue"><strong>[Gen 9] OU is currently suspecting Tera Blast! For information on how to participate check out the <a href="https://www.smogon.com/tools/suspects/view/200">suspect thread</a>.</strong></div>
|badge|p1|silver|gen9ou|30-9
|badge|p1|silver|gen9ubers|30-9
|uhtml|medal-msg|<div class="broadcast-blue">Curious what those medals under the avatar are? PS now has Ladder Seasons! For more information, check out the <a href="https://www.smogon.com/forums/threads/3740067/">thread on Smogon.</a></div>
|badge|p2|silver|gen9ou|30-9
|uhtml|medal-msg|<div class="broadcast-blue">Curious what those medals under the avatar are? PS now has Ladder Seasons! For more information, check out the <a href="https://www.smogon.com/forums/threads/3740067/">thread on Smogon.</a></div>
|raw|<div class="broadcast-blue"><strong>This battle is required to be public due to a player having a name starting with 'ulthz25'.</div>
|j|☆ULTHZ25 LASERS
|j|☆ouww miguel o hara
|t:|1776063843
|gametype|singles
|player|p1|ULTHZ25 LASERS|2|1935
|player|p2|ouww miguel o hara|2|1950
|gen|9
|tier|[Gen 9] OU
|rated|
|rule|HP Percentage Mod: HP is shown in percentages
|rule|Endless Battle Clause: Forcing endless battles is banned
|rule|Species Clause: Limit one of each Pokémon
|rule|OHKO Clause: OHKO moves are banned
|rule|Evasion Items Clause: Evasion items are banned
|rule|Evasion Moves Clause: Evasion moves are banned
|rule|Evasion Abilities Clause: Evasion abilities are banned
|rule|Sleep Moves Clause: Sleep-inducing moves are banned
|clearpoke
|poke|p1|Gliscor, M|
|poke|p1|Gholdengo|
|poke|p1|Dragonite, F|
|poke|p1|Ting-Lu|
|poke|p1|Darkrai|
|poke|p1|Zamazenta-*|
|poke|p2|Iron Moth|
|poke|p2|Zamazenta-*|
|poke|p2|Gliscor, F|
|poke|p2|Dragapult, M|
|poke|p2|Blissey, F|
|poke|p2|Clefable, M|
|teampreview
|j| SquilliamTg
|inactive|Battle timer is ON: inactive players will automatically lose when time's up. (requested by ouww miguel o hara)
|
|t:|1776063861
|teamsize|p1|6
|teamsize|p2|6
|start
|switch|p1a: Ting-Lu|Ting-Lu|100/100
|switch|p2a: Gliscor|Gliscor, F|100/100
|-ability|p1a: Ting-Lu|Vessel of Ruin
|turn|1
|
|t:|1776063864
|move|p2a: Gliscor|Knock Off|p1a: Ting-Lu
|-resisted|p1a: Ting-Lu
|-damage|p1a: Ting-Lu|95/100
|-enditem|p1a: Ting-Lu|Leftovers|[from] move: Knock Off|[of] p2a: Gliscor
|move|p1a: Ting-Lu|Stealth Rock|p2a: Gliscor
|-sidestart|p2: ouww miguel o hara|move: Stealth Rock
|
|-status|p2a: Gliscor|tox|[from] item: Toxic Orb
|upkeep
|turn|2
|
|t:|1776063868
|move|p2a: Gliscor|Knock Off|p1a: Ting-Lu
|-resisted|p1a: Ting-Lu
|-damage|p1a: Ting-Lu|90/100
|move|p1a: Ting-Lu|Ruination|p2a: Gliscor|[miss]
|-miss|p1a: Ting-Lu|p2a: Gliscor
|
|upkeep
|turn|3
|
|t:|1776063870
|move|p2a: Gliscor|Toxic|p1a: Ting-Lu
|-status|p1a: Ting-Lu|tox
|move|p1a: Ting-Lu|Whirlwind|p2a: Gliscor
|drag|p2a: Zamazenta|Zamazenta|100/100
|-damage|p2a: Zamazenta|94/100|[from] Stealth Rock
|-ability|p2a: Zamazenta|Dauntless Shield|boost
|-boost|p2a: Zamazenta|def|1
|
|-heal|p2a: Zamazenta|100/100|[from] item: Leftovers
|-damage|p1a: Ting-Lu|84/100 tox|[from] psn
|upkeep
|turn|4
|
|t:|1776063875
|switch|p1a: Gliscor|Gliscor, M|100/100
|move|p2a: Zamazenta|Body Press|p1a: Gliscor
|-resisted|p1a: Gliscor
|-damage|p1a: Gliscor|81/100
|
|-status|p1a: Gliscor|tox|[from] item: Toxic Orb
|upkeep
|turn|5
|
|t:|1776063880
|switch|p2a: Gliscor|Gliscor, F|100/100 tox
|-damage|p2a: Gliscor|88/100 tox|[from] Stealth Rock
|move|p1a: Gliscor|Spikes|p2a: Gliscor
|-sidestart|p2: ouww miguel o hara|Spikes
|
|-heal|p2a: Gliscor|100/100 tox|[from] ability: Poison Heal
|-heal|p1a: Gliscor|94/100 tox|[from] ability: Poison Heal
|upkeep
|turn|6
|
|t:|1776063888
|move|p2a: Gliscor|Knock Off|p1a: Gliscor
|-damage|p1a: Gliscor|81/100 tox
|-enditem|p1a: Gliscor|Toxic Orb|[from] move: Knock Off|[of] p2a: Gliscor
|move|p1a: Gliscor|Spikes|p2a: Gliscor
|-sidestart|p2: ouww miguel o hara|Spikes
|
|-heal|p1a: Gliscor|93/100 tox|[from] ability: Poison Heal
|upkeep
|turn|7
|
|t:|1776063895
|move|p2a: Gliscor|Knock Off|p1a: Gliscor
|-damage|p1a: Gliscor|85/100 tox
|move|p1a: Gliscor|Spikes|p2a: Gliscor
|-sidestart|p2: ouww miguel o hara|Spikes
|
|-heal|p1a: Gliscor|97/100 tox|[from] ability: Poison Heal
|upkeep
|turn|8
|
|t:|1776063899
|switch|p1a: Ting-Lu|Ting-Lu|84/100 tox
|-ability|p1a: Ting-Lu|Vessel of Ruin
|move|p2a: Gliscor|Knock Off|p1a: Ting-Lu
|-resisted|p1a: Ting-Lu
|-damage|p1a: Ting-Lu|80/100 tox
|
|-damage|p1a: Ting-Lu|74/100 tox|[from] psn
|upkeep
|turn|9
|
|t:|1776063902
|switch|p2a: Blissey|Blissey, F|100/100
|move|p1a: Ting-Lu|Whirlwind|p2a: Blissey
|drag|p2a: Iron Moth|Iron Moth|100/100
|
|-damage|p1a: Ting-Lu|62/100 tox|[from] psn
|upkeep
|turn|10
|
|t:|1776063904
|-end|p2a: Iron Moth|Quark Drive|[silent]
|switch|p2a: Blissey|Blissey, F|100/100
|switch|p1a: Darkrai|Darkrai|100/100
|
|upkeep
|turn|11
|
|t:|1776063907
|move|p1a: Darkrai|Knock Off|p2a: Blissey
|-damage|p2a: Blissey|78/100
|-enditem|p2a: Blissey|Heavy-Duty Boots|[from] move: Knock Off|[of] p1a: Darkrai
|move|p2a: Blissey|Thunder Wave|p1a: Darkrai
|-status|p1a: Darkrai|par
|
|upkeep
|turn|12
|
|t:|1776063915
|switch|p1a: Gliscor|Gliscor, M|97/100 tox
|move|p2a: Blissey|Stealth Rock|p1a: Gliscor
|-sidestart|p1: ULTHZ25 LASERS|move: Stealth Rock
|
|-heal|p1a: Gliscor|100/100 tox|[from] ability: Poison Heal
|upkeep
|turn|13
|
|t:|1776063918
|switch|p2a: Gliscor|Gliscor, F|100/100 tox
|-damage|p2a: Gliscor|88/100 tox|[from] Stealth Rock
|move|p1a: Gliscor|Earthquake|p2a: Gliscor
|-immune|p2a: Gliscor
|
|-heal|p2a: Gliscor|100/100 tox|[from] ability: Poison Heal
|upkeep
|turn|14
|
|t:|1776063928
|switch|p1a: Ting-Lu|Ting-Lu|62/100 tox
|-damage|p1a: Ting-Lu|55/100 tox|[from] Stealth Rock
|-ability|p1a: Ting-Lu|Vessel of Ruin
|move|p2a: Gliscor|Knock Off|p1a: Ting-Lu
|-resisted|p1a: Ting-Lu
|-damage|p1a: Ting-Lu|51/100 tox
|
|-damage|p1a: Ting-Lu|45/100 tox|[from] psn
|upkeep
|turn|15
|
|t:|1776063930
|move|p2a: Gliscor|Earthquake|p1a: Ting-Lu
|-damage|p1a: Ting-Lu|26/100 tox
|move|p1a: Ting-Lu|Ruination|p2a: Gliscor
|-damage|p2a: Gliscor|50/100 tox
|
|-heal|p2a: Gliscor|63/100 tox|[from] ability: Poison Heal
|-damage|p1a: Ting-Lu|14/100 tox|[from] psn
|upkeep
|turn|16
|
|t:|1776063933
|move|p2a: Gliscor|Earthquake|p1a: Ting-Lu
|-damage|p1a: Ting-Lu|0 fnt
|faint|p1a: Ting-Lu
|
|-heal|p2a: Gliscor|75/100 tox|[from] ability: Poison Heal
|upkeep
|
|t:|1776063936
|switch|p1a: Darkrai|Darkrai|100/100 par
|turn|17
|
|t:|1776063939
|move|p2a: Gliscor|Protect|p2a: Gliscor
|-singleturn|p2a: Gliscor|Protect
|move|p1a: Darkrai|Ice Beam|p2a: Gliscor
|-activate|p2a: Gliscor|move: Protect
|
|-heal|p2a: Gliscor|88/100 tox|[from] ability: Poison Heal
|upkeep
|turn|18
|
|t:|1776063942
|switch|p2a: Blissey|Blissey, F|78/100
|-damage|p2a: Blissey|65/100|[from] Stealth Rock
|-damage|p2a: Blissey|40/100|[from] Spikes
|switch|p1a: Gholdengo|Gholdengo|100/100
|-damage|p1a: Gholdengo|94/100|[from] Stealth Rock
|
|upkeep
|turn|19
|
|t:|1776063951
|move|p1a: Gholdengo|Trick|p2a: Blissey
|-activate|p1a: Gholdengo|move: Trick|[of] p2a: Blissey
|-item|p2a: Blissey|Choice Scarf|[from] move: Trick
|-enditem|p1a: Gholdengo|Choice Scarf|[silent]|[from] move: Trick
|move|p2a: Blissey|Soft-Boiled|p2a: Blissey
|-heal|p2a: Blissey|90/100
|
|upkeep
|turn|20
|
|t:|1776063959
|switch|p2a: Iron Moth|Iron Moth|100/100
|move|p1a: Gholdengo|Shadow Ball|p2a: Iron Moth
|-damage|p2a: Iron Moth|60/100
|
|upkeep
|turn|21
|j| zuzhouwawa
|
|t:|1776063966
|switch|p1a: Dragonite|Dragonite, F|100/100
|move|p2a: Iron Moth|Fiery Dance|p1a: Dragonite
|-resisted|p1a: Dragonite
|-damage|p1a: Dragonite|90/100
|-boost|p2a: Iron Moth|spa|1
|
|upkeep
|turn|22
|
|t:|1776063969
|-end|p2a: Iron Moth|Quark Drive|[silent]
|switch|p2a: Clefable|Clefable, M|100/100
|move|p1a: Dragonite|Earthquake|p2a: Clefable
|-damage|p2a: Clefable|69/100
|
|upkeep
|turn|23
|
|t:|1776063982
|switch|p1a: Gholdengo|Gholdengo|94/100
|-damage|p1a: Gholdengo|88/100|[from] Stealth Rock
|switch|p2a: Dragapult|Dragapult, M|100/100
|
|upkeep
|turn|24
|c| zuzhouwawa|rmprmprmprmp
|inactive|ouww miguel o hara has 120 seconds left.
|
|t:|1776064014
|-terastallize|p2a: Dragapult|Ghost
|move|p2a: Dragapult|Hex|p1a: Gholdengo
|-supereffective|p1a: Gholdengo
|-damage|p1a: Gholdengo|0 fnt
|faint|p1a: Gholdengo
|
|upkeep
|
|t:|1776064021
|switch|p1a: Darkrai|Darkrai|100/100 par
|turn|25
|
|t:|1776064026
|switch|p2a: Blissey|Blissey, F|90/100
|-damage|p2a: Blissey|78/100|[from] Stealth Rock
|-damage|p2a: Blissey|53/100|[from] Spikes
|cant|p1a: Darkrai|par
|
|upkeep
|turn|26
|
|t:|1776064034
|switch|p1a: Dragonite|Dragonite, F|90/100
|move|p2a: Blissey|Seismic Toss|p1a: Dragonite
|-damage|p1a: Dragonite|62/100
|
|upkeep
|turn|27
|
|t:|1776064042
|switch|p2a: Clefable|Clefable, M|69/100
|move|p1a: Dragonite|Roost|p1a: Dragonite
|-heal|p1a: Dragonite|100/100
|-singleturn|p1a: Dragonite|move: Roost
|
|upkeep
|turn|28
|
|t:|1776064046
|-terastallize|p1a: Dragonite|Normal
|move|p1a: Dragonite|Dragon Dance|p1a: Dragonite
|-boost|p1a: Dragonite|atk|1
|-boost|p1a: Dragonite|spe|1
|move|p2a: Clefable|Moonlight|p2a: Clefable
|-heal|p2a: Clefable|100/100
|
|upkeep
|turn|29
|
|t:|1776064049
|move|p1a: Dragonite|Dragon Dance|p1a: Dragonite
|-boost|p1a: Dragonite|atk|1
|-boost|p1a: Dragonite|spe|1
|move|p2a: Clefable|Cosmic Power|p2a: Clefable
|-boost|p2a: Clefable|def|1
|-boost|p2a: Clefable|spd|1
|
|upkeep
|turn|30
|l| zuzhouwawa
|
|t:|1776064057
|move|p1a: Dragonite|Extreme Speed|p2a: Clefable
|-damage|p2a: Clefable|78/100
|move|p2a: Clefable|Charge Beam|p1a: Dragonite|[miss]
|-miss|p2a: Clefable|p1a: Dragonite
|
|upkeep
|turn|31
|
|t:|1776064064
|switch|p1a: Gliscor|Gliscor, M|100/100 tox
|-damage|p1a: Gliscor|88/100 tox|[from] Stealth Rock
|move|p2a: Clefable|Moonlight|p2a: Clefable
|-heal|p2a: Clefable|100/100
|
|-heal|p1a: Gliscor|100/100 tox|[from] ability: Poison Heal
|upkeep
|turn|32
|
|t:|1776064067
|switch|p1a: Darkrai|Darkrai|100/100 par
|switch|p2a: Gliscor|Gliscor, F|88/100 tox
|-damage|p2a: Gliscor|75/100 tox|[from] Stealth Rock
|
|-heal|p2a: Gliscor|88/100 tox|[from] ability: Poison Heal
|upkeep
|turn|33
|
|t:|1776064071
|switch|p1a: Dragonite|Dragonite, F, tera:Normal|100/100
|move|p2a: Gliscor|Protect||[still]
|-fail|p2a: Gliscor
|
|-heal|p2a: Gliscor|99/100 tox|[from] ability: Poison Heal
|upkeep
|turn|34
|
|t:|1776064075
|switch|p1a: Darkrai|Darkrai|100/100 par
|move|p2a: Gliscor|Toxic||[still]
|-fail|p2a: Gliscor
|
|-heal|p2a: Gliscor|100/100 tox|[from] ability: Poison Heal
|upkeep
|turn|35
|
|t:|1776064078
|move|p2a: Gliscor|Knock Off|p1a: Darkrai
|-resisted|p1a: Darkrai
|-damage|p1a: Darkrai|86/100 par
|-enditem|p1a: Darkrai|Heavy-Duty Boots|[from] move: Knock Off|[of] p2a: Gliscor
|cant|p1a: Darkrai|par
|
|upkeep
|turn|36
|
|t:|1776064089
|switch|p2a: Blissey|Blissey, F|53/100
|-damage|p2a: Blissey|40/100|[from] Stealth Rock
|-damage|p2a: Blissey|15/100|[from] Spikes
|cant|p1a: Darkrai|par
|
|upkeep
|turn|37
|
|t:|1776064093
|switch|p1a: Dragonite|Dragonite, F, tera:Normal|100/100
|move|p2a: Blissey|Soft-Boiled|p2a: Blissey
|-heal|p2a: Blissey|65/100
|
|upkeep
|turn|38
|
|t:|1776064098
|switch|p2a: Gliscor|Gliscor, F|100/100 tox
|-damage|p2a: Gliscor|88/100 tox|[from] Stealth Rock
|move|p1a: Dragonite|Dragon Dance|p1a: Dragonite
|-boost|p1a: Dragonite|atk|1
|-boost|p1a: Dragonite|spe|1
|
|-heal|p2a: Gliscor|100/100 tox|[from] ability: Poison Heal
|upkeep
|turn|39
|
|t:|1776064101
|switch|p1a: Darkrai|Darkrai|86/100 par
|-damage|p1a: Darkrai|73/100 par|[from] Stealth Rock
|move|p2a: Gliscor|Toxic||[still]
|-fail|p2a: Gliscor
|
|upkeep
|turn|40
|
|t:|1776064106
|switch|p2a: Blissey|Blissey, F|65/100
|-damage|p2a: Blissey|53/100|[from] Stealth Rock
|-damage|p2a: Blissey|28/100|[from] Spikes
|move|p1a: Darkrai|Ice Beam|p2a: Blissey
|-damage|p2a: Blissey|16/100
|
|upkeep
|turn|41
|
|t:|1776064108
|switch|p1a: Dragonite|Dragonite, F, tera:Normal|100/100
|move|p2a: Blissey|Soft-Boiled|p2a: Blissey
|-heal|p2a: Blissey|66/100
|
|upkeep
|turn|42
|
|t:|1776064111
|switch|p2a: Gliscor|Gliscor, F|100/100 tox
|-damage|p2a: Gliscor|88/100 tox|[from] Stealth Rock
|move|p1a: Dragonite|Extreme Speed|p2a: Gliscor
|-damage|p2a: Gliscor|52/100 tox
|
|-heal|p2a: Gliscor|65/100 tox|[from] ability: Poison Heal
|upkeep
|turn|43
|
|t:|1776064113
|switch|p1a: Darkrai|Darkrai|73/100 par
|-damage|p1a: Darkrai|61/100 par|[from] Stealth Rock
|move|p2a: Gliscor|Knock Off|p1a: Darkrai
|-resisted|p1a: Darkrai
|-damage|p1a: Darkrai|52/100 par
|
|-heal|p2a: Gliscor|77/100 tox|[from] ability: Poison Heal
|upkeep
|turn|44
|
|t:|1776064117
|move|p2a: Gliscor|Protect|p2a: Gliscor
|-singleturn|p2a: Gliscor|Protect
|move|p1a: Darkrai|Ice Beam|p2a: Gliscor
|-activate|p2a: Gliscor|move: Protect
|
|-heal|p2a: Gliscor|90/100 tox|[from] ability: Poison Heal
|upkeep
|turn|45
|
|t:|1776064120
|switch|p2a: Blissey|Blissey, F|66/100
|-damage|p2a: Blissey|53/100|[from] Stealth Rock
|-damage|p2a: Blissey|28/100|[from] Spikes
|move|p1a: Darkrai|Ice Beam|p2a: Blissey
|-damage|p2a: Blissey|16/100
|-status|p2a: Blissey|frz
|
|upkeep
|turn|46
|
|t:|1776064125
|switch|p1a: Zamazenta|Zamazenta|100/100
|-ability|p1a: Zamazenta|Dauntless Shield|boost
|-boost|p1a: Zamazenta|def|1
|cant|p2a: Blissey|frz
|
|upkeep
|turn|47
|
|t:|1776064128
|move|p1a: Zamazenta|Crunch|p2a: Blissey
|-damage|p2a: Blissey|0 fnt
|faint|p2a: Blissey
|
|upkeep
|
|t:|1776064131
|switch|p2a: Dragapult|Dragapult, M, tera:Ghost|100/100
|turn|48
|
|t:|1776064146
|switch|p1a: Darkrai|Darkrai|52/100 par
|-damage|p1a: Darkrai|39/100 par|[from] Stealth Rock
|move|p2a: Dragapult|Will-O-Wisp||[still]
|-fail|p2a: Dragapult
|
|upkeep
|turn|49
|
|t:|1776064149
|move|p2a: Dragapult|Substitute|p2a: Dragapult
|-start|p2a: Dragapult|Substitute
|-damage|p2a: Dragapult|76/100
|move|p1a: Darkrai|Dark Pulse|p2a: Dragapult
|-supereffective|p2a: Dragapult
|-end|p2a: Dragapult|Substitute
|
|upkeep
|turn|50
|
|t:|1776064151
|move|p2a: Dragapult|Dragon Darts|p1a: Darkrai
|-damage|p1a: Darkrai|14/100 par
|-anim|p2a: Dragapult|Dragon Darts|p1a: Darkrai
|-crit|p1a: Darkrai
|-damage|p1a: Darkrai|0 fnt
|faint|p1a: Darkrai
|
|upkeep
|
|t:|1776064154
|switch|p1a: Gliscor|Gliscor, M|100/100 tox
|-damage|p1a: Gliscor|88/100 tox|[from] Stealth Rock
|turn|51
|
|t:|1776064183
|switch|p2a: Zamazenta|Zamazenta|100/100
|-damage|p2a: Zamazenta|94/100|[from] Stealth Rock
|-damage|p2a: Zamazenta|70/100|[from] Spikes
|move|p1a: Gliscor|Earthquake|p2a: Zamazenta
|-damage|p2a: Zamazenta|45/100
|
|-heal|p2a: Zamazenta|51/100|[from] item: Leftovers
|-heal|p1a: Gliscor|100/100 tox|[from] ability: Poison Heal
|upkeep
|turn|52
|
|t:|1776064187
|move|p2a: Zamazenta|Iron Defense|p2a: Zamazenta
|-boost|p2a: Zamazenta|def|2
|move|p1a: Gliscor|Toxic|p2a: Zamazenta
|-status|p2a: Zamazenta|tox
|
|-heal|p2a: Zamazenta|57/100 tox|[from] item: Leftovers
|-damage|p2a: Zamazenta|51/100 tox|[from] psn
|upkeep
|turn|53
|
|t:|1776064189
|move|p2a: Zamazenta|Iron Defense|p2a: Zamazenta
|-boost|p2a: Zamazenta|def|2
|move|p1a: Gliscor|Earthquake|p2a: Zamazenta
|-damage|p2a: Zamazenta|43/100 tox
|
|-heal|p2a: Zamazenta|49/100 tox|[from] item: Leftovers
|-damage|p2a: Zamazenta|37/100 tox|[from] psn
|upkeep
|turn|54
|
|t:|1776064194
|move|p2a: Zamazenta|Rest|p2a: Zamazenta
|-status|p2a: Zamazenta|slp|[from] move: Rest
|-heal|p2a: Zamazenta|100/100 slp|[silent]
|move|p1a: Gliscor|Earthquake|p2a: Zamazenta
|-damage|p2a: Zamazenta|92/100 slp
|
|-heal|p2a: Zamazenta|98/100 slp|[from] item: Leftovers
|upkeep
|turn|55
|j| tonyrby
|
|t:|1776064199
|switch|p1a: Dragonite|Dragonite, F, tera:Normal|100/100
|cant|p2a: Zamazenta|slp
|
|-heal|p2a: Zamazenta|100/100 slp|[from] item: Leftovers
|upkeep
|turn|56
|
|t:|1776064207
|cant|p2a: Zamazenta|slp
|move|p1a: Dragonite|Dragon Dance|p1a: Dragonite
|-boost|p1a: Dragonite|atk|1
|-boost|p1a: Dragonite|spe|1
|
|upkeep
|turn|57
|
|t:|1776064212
|move|p1a: Dragonite|Extreme Speed|p2a: Zamazenta
|-damage|p2a: Zamazenta|84/100 slp
|-curestatus|p2a: Zamazenta|slp|[msg]
|move|p2a: Zamazenta|Body Press|p1a: Dragonite
|-supereffective|p1a: Dragonite
|-damage|p1a: Dragonite|0 fnt
|faint|p1a: Dragonite
|
|-heal|p2a: Zamazenta|90/100|[from] item: Leftovers
|upkeep
|-message|ULTHZ25 LASERS forfeited.
|
|win|ouww miguel o hara
|raw|ULTHZ25 LASERS's rating: 1935 &rarr; <strong>1916</strong><br />(-19 for losing)
|raw|ouww miguel o hara's rating: 1950 &rarr; <strong>1969</strong><br />(+19 for winning)
|l|☆ULTHZ25 LASERS
|player|p1|
|l|☆ouww miguel o hara
|player|p2|
|l| SquilliamTg
