|html|<div class="broadcast-blue"><strong>[Gen 9] OU is currently suspecting Tera Blast! For information on how to participate check out the <a href="https://www.smogon.com/tools/suspects/view/200">suspect thread</a>.</strong></div>
|j|☆FishFingers92
|j|☆gekketed
|t:|1776085008
|gametype|singles
|player|p1|FishFingers92|1|1186
|player|p2|gekketed|dragontamer|1166
|gen|9
|tier|[Gen 9] OU
|rated|
|rule|HP Percentage Mod: HP is shown in percentages
|rule|Endless Battle Clause: Forcing endless battles is banned
|rule|Species Clause: Limit one of each Pokémon
|rule|OHKO Clause: OHKO moves are banned
|rule|Evasion Items Clause: Evasion items are banned
|rule|Evasion Moves Clause: Evasion moves are banned
|rule|Evasion Abilities Clause: Evasion abilities are banned
|rule|Sleep Moves Clause: Sleep-inducing moves are banned
|clearpoke
|poke|p1|Milotic, M|
|poke|p1|Zapdos-Galar|
|poke|p1|Pecharunt|
|poke|p1|Ting-Lu|
|poke|p1|Great Tusk|
|poke|p1|Dragapult, F|
|poke|p2|Hawlucha, F|
|poke|p2|Starly, L50, F|
|poke|p2|Smeargle, L50, M|
|poke|p2|Sceptile, L50, M|
|poke|p2|Whimsicott, F|
|poke|p2|Clodsire, F|
|teampreview
|inactive|Battle timer is ON: inactive players will automatically lose when time's up. (requested by FishFingers92)
|
|t:|1776085018
|teamsize|p1|6
|teamsize|p2|6
|start
|switch|p1a: Ting-Lu|Ting-Lu|100/100
|switch|p2a: Clodsire|Clodsire, F|100/100
|-ability|p1a: Ting-Lu|Vessel of Ruin
|turn|1
|
|t:|1776085026
|move|p1a: Ting-Lu|Stealth Rock|p2a: Clodsire
|-sidestart|p2: gekketed|move: Stealth Rock
|move|p2a: Clodsire|Toxic|p1a: Ting-Lu
|-status|p1a: Ting-Lu|tox
|
|-damage|p1a: Ting-Lu|94/100 tox|[from] psn
|upkeep
|turn|2
|
|t:|1776085033
|move|p1a: Ting-Lu|Spikes|p2a: Clodsire
|-sidestart|p2: gekketed|Spikes
|move|p2a: Clodsire|Toxic Spikes|p1a: Ting-Lu
|-sidestart|p1: FishFingers92|move: Toxic Spikes
|
|-heal|p1a: Ting-Lu|100/100 tox|[from] item: Leftovers
|-damage|p1a: Ting-Lu|88/100 tox|[from] psn
|upkeep
|turn|3
|
|t:|1776085043
|switch|p2a: Whimsicott|Whimsicott, F|100/100
|-damage|p2a: Whimsicott|88/100|[from] Stealth Rock
|-damage|p2a: Whimsicott|76/100|[from] Spikes
|move|p1a: Ting-Lu|Spikes|p2a: Whimsicott
|-sidestart|p2: gekketed|Spikes
|
|-heal|p2a: Whimsicott|82/100|[from] item: Leftovers
|-heal|p1a: Ting-Lu|94/100 tox|[from] item: Leftovers
|-damage|p1a: Ting-Lu|76/100 tox|[from] psn
|upkeep
|turn|4
|
|t:|1776085062
|switch|p1a: Pecharunt|Pecharunt|100/100
|-sideend|p1: FishFingers92|move: Toxic Spikes|[of] p1a: Pecharunt
|move|p2a: Whimsicott|Leech Seed|p1a: Pecharunt
|-start|p1a: Pecharunt|move: Leech Seed
|
|-heal|p2a: Whimsicott|88/100|[from] item: Leftovers
|-damage|p1a: Pecharunt|88/100|[from] Leech Seed|[of] p2a: Whimsicott
|-heal|p2a: Whimsicott|100/100|[silent]
|upkeep
|turn|5
|
|t:|1776085069
|move|p2a: Whimsicott|Substitute|p2a: Whimsicott
|-start|p2a: Whimsicott|Substitute
|-damage|p2a: Whimsicott|76/100
|move|p1a: Pecharunt|Malignant Chain|p2a: Whimsicott
|-supereffective|p2a: Whimsicott
|-end|p2a: Whimsicott|Substitute
|
|-heal|p2a: Whimsicott|82/100|[from] item: Leftovers
|-damage|p1a: Pecharunt|76/100|[from] Leech Seed|[of] p2a: Whimsicott
|-heal|p2a: Whimsicott|96/100|[silent]
|upkeep
|turn|6
|
|t:|1776085078
|move|p2a: Whimsicott|Substitute|p2a: Whimsicott
|-start|p2a: Whimsicott|Substitute
|-damage|p2a: Whimsicott|72/100
|move|p1a: Pecharunt|Malignant Chain|p2a: Whimsicott
|-supereffective|p2a: Whimsicott
|-crit|p2a: Whimsicott
|-end|p2a: Whimsicott|Substitute
|
|-heal|p2a: Whimsicott|78/100|[from] item: Leftovers
|-damage|p1a: Pecharunt|63/100|[from] Leech Seed|[of] p2a: Whimsicott
|-heal|p2a: Whimsicott|92/100|[silent]
|upkeep
|turn|7
|
|t:|1776085088
|move|p2a: Whimsicott|Substitute|p2a: Whimsicott
|-start|p2a: Whimsicott|Substitute
|-damage|p2a: Whimsicott|68/100
|move|p1a: Pecharunt|Parting Shot|p2a: Whimsicott
|-unboost|p2a: Whimsicott|atk|1
|-unboost|p2a: Whimsicott|spa|1
|
|t:|1776085096
|switch|p1a: Great Tusk|Great Tusk|100/100|[from] Parting Shot
|
|-heal|p2a: Whimsicott|74/100|[from] item: Leftovers
|upkeep
|turn|8
|
|t:|1776085107
|-terastallize|p1a: Great Tusk|Steel
|move|p2a: Whimsicott|Leech Seed|p1a: Great Tusk
|-start|p1a: Great Tusk|move: Leech Seed
|move|p1a: Great Tusk|Rapid Spin|p2a: Whimsicott
|-activate|p2a: Whimsicott|move: Substitute|[damage]
|-end|p1a: Great Tusk|Leech Seed|[from] move: Rapid Spin|[of] p1a: Great Tusk
|-boost|p1a: Great Tusk|spe|1
|
|-heal|p2a: Whimsicott|80/100|[from] item: Leftovers
|upkeep
|turn|9
|
|t:|1776085121
|switch|p2a: Starly|Starly, L50, F, shiny|100/100
|-damage|p2a: Starly|76/100|[from] Stealth Rock
|move|p1a: Great Tusk|Rapid Spin|p2a: Starly
|-damage|p2a: Starly|0 fnt
|-boost|p1a: Great Tusk|spe|1
|faint|p2a: Starly
|
|upkeep
|c|☆gekketed|lol
|
|t:|1776085133
|switch|p2a: Hawlucha|Hawlucha, F, shiny|100/100
|-damage|p2a: Hawlucha|88/100|[from] Stealth Rock
|turn|10
|
|t:|1776085141
|move|p1a: Great Tusk|Ice Spinner|p2a: Hawlucha
|-supereffective|p2a: Hawlucha
|-damage|p2a: Hawlucha|3/100
|move|p2a: Hawlucha|Close Combat|p1a: Great Tusk
|-supereffective|p1a: Great Tusk
|-damage|p1a: Great Tusk|23/100
|-unboost|p2a: Hawlucha|def|1
|-unboost|p2a: Hawlucha|spd|1
|-enditem|p2a: Hawlucha|White Herb
|-clearnegativeboost|p2a: Hawlucha|[silent]
|
|upkeep
|turn|11
|
|t:|1776085153
|move|p2a: Hawlucha|Close Combat|p1a: Great Tusk
|-supereffective|p1a: Great Tusk
|-damage|p1a: Great Tusk|0 fnt
|-unboost|p2a: Hawlucha|def|1
|-unboost|p2a: Hawlucha|spd|1
|faint|p1a: Great Tusk
|-end|p1a: Great Tusk|Protosynthesis|[silent]
|
|upkeep
|c|☆gekketed|lol
|
|t:|1776085163
|switch|p1a: Dragapult|Dragapult, F|100/100
|turn|12
|
|t:|1776085169
|move|p2a: Hawlucha|Brave Bird|p1a: Dragapult
|-damage|p1a: Dragapult|23/100
|-damage|p2a: Hawlucha|0 fnt|[from] Recoil
|faint|p2a: Hawlucha
|move|p1a: Dragapult|Shadow Ball|p2: Hawlucha|[notarget]
|-fail|p1a: Dragapult
|
|upkeep
|
|t:|1776085179
|switch|p2a: Whimsicott|Whimsicott, F|80/100
|-damage|p2a: Whimsicott|68/100|[from] Stealth Rock
|-damage|p2a: Whimsicott|51/100|[from] Spikes
|turn|13
|
|t:|1776085190
|switch|p1a: Milotic|Milotic, M|100/100
|-terastallize|p2a: Whimsicott|Steel
|move|p2a: Whimsicott|Leech Seed|p1a: Milotic
|-start|p1a: Milotic|move: Leech Seed
|
|-heal|p2a: Whimsicott|57/100|[from] item: Leftovers
|-damage|p1a: Milotic|88/100|[from] Leech Seed|[of] p2a: Whimsicott
|-heal|p2a: Whimsicott|73/100|[silent]
|upkeep
|turn|14
|
|t:|1776085203
|switch|p1a: Pecharunt|Pecharunt|63/100
|move|p2a: Whimsicott|Substitute|p2a: Whimsicott
|-start|p2a: Whimsicott|Substitute
|-damage|p2a: Whimsicott|48/100
|
|-heal|p2a: Whimsicott|54/100|[from] item: Leftovers
|upkeep
|turn|15
|
|t:|1776085215
|move|p2a: Whimsicott|Leech Seed|p1a: Pecharunt
|-start|p1a: Pecharunt|move: Leech Seed
|move|p1a: Pecharunt|Recover|p1a: Pecharunt
|-heal|p1a: Pecharunt|100/100
|
|-heal|p2a: Whimsicott|60/100|[from] item: Leftovers
|-damage|p1a: Pecharunt|88/100|[from] Leech Seed|[of] p2a: Whimsicott
|-heal|p2a: Whimsicott|75/100|[silent]
|upkeep
|turn|16
|
|t:|1776085222
|move|p2a: Whimsicott|Encore|p1a: Pecharunt
|-start|p1a: Pecharunt|Encore
|move|p1a: Pecharunt|Recover|p1a: Pecharunt
|-heal|p1a: Pecharunt|100/100
|
|-heal|p2a: Whimsicott|81/100|[from] item: Leftovers
|-damage|p1a: Pecharunt|88/100|[from] Leech Seed|[of] p2a: Whimsicott
|-heal|p2a: Whimsicott|96/100|[silent]
|upkeep
|turn|17
|
|t:|1776085241
|switch|p1a: Zapdos|Zapdos-Galar|100/100
|move|p2a: Whimsicott|Leech Seed|p1a: Zapdos|[miss]
|-miss|p2a: Whimsicott|p1a: Zapdos
|
|-heal|p2a: Whimsicott|100/100|[from] item: Leftovers
|upkeep
|turn|18
|
|t:|1776085253
|move|p2a: Whimsicott|Leech Seed|p1a: Zapdos
|-start|p1a: Zapdos|move: Leech Seed
|move|p1a: Zapdos|Thunderous Kick|p2a: Whimsicott
|-supereffective|p2a: Whimsicott
|-end|p2a: Whimsicott|Substitute
|
|-damage|p1a: Zapdos|88/100|[from] Leech Seed|[of] p2a: Whimsicott
|upkeep
|turn|19
|
|t:|1776085262
|move|p2a: Whimsicott|Protect|p2a: Whimsicott
|-singleturn|p2a: Whimsicott|Protect
|move|p1a: Zapdos|Thunderous Kick|p2a: Whimsicott
|-activate|p2a: Whimsicott|move: Protect
|
|-damage|p1a: Zapdos|76/100|[from] Leech Seed|[of] p2a: Whimsicott
|upkeep
|turn|20
|
|t:|1776085269
|move|p2a: Whimsicott|Substitute|p2a: Whimsicott
|-start|p2a: Whimsicott|Substitute
|-damage|p2a: Whimsicott|76/100
|move|p1a: Zapdos|Thunderous Kick|p2a: Whimsicott
|-supereffective|p2a: Whimsicott
|-end|p2a: Whimsicott|Substitute
|
|-heal|p2a: Whimsicott|82/100|[from] item: Leftovers
|-damage|p1a: Zapdos|63/100|[from] Leech Seed|[of] p2a: Whimsicott
|-heal|p2a: Whimsicott|94/100|[silent]
|upkeep
|turn|21
|
|t:|1776085278
|switch|p1a: Pecharunt|Pecharunt|88/100
|move|p2a: Whimsicott|Substitute|p2a: Whimsicott
|-start|p2a: Whimsicott|Substitute
|-damage|p2a: Whimsicott|70/100
|
|-heal|p2a: Whimsicott|76/100|[from] item: Leftovers
|upkeep
|turn|22
|
|t:|1776085285
|move|p2a: Whimsicott|Leech Seed|p1a: Pecharunt
|-start|p1a: Pecharunt|move: Leech Seed
|move|p1a: Pecharunt|Parting Shot|p2a: Whimsicott
|-unboost|p2a: Whimsicott|atk|1
|-unboost|p2a: Whimsicott|spa|1
|
|t:|1776085292
|switch|p1a: Milotic|Milotic, M|88/100|[from] Parting Shot
|
|-heal|p2a: Whimsicott|82/100|[from] item: Leftovers
|upkeep
|turn|23
|
|t:|1776085305
|move|p2a: Whimsicott|Leech Seed|p1a: Milotic
|-start|p1a: Milotic|move: Leech Seed
|move|p1a: Milotic|Scald|p2a: Whimsicott
|-end|p2a: Whimsicott|Substitute
|
|-heal|p2a: Whimsicott|88/100|[from] item: Leftovers
|-damage|p1a: Milotic|76/100|[from] Leech Seed|[of] p2a: Whimsicott
|-heal|p2a: Whimsicott|100/100|[silent]
|upkeep
|turn|24
|
|t:|1776085314
|switch|p1a: Zapdos|Zapdos-Galar|63/100
|move|p2a: Whimsicott|Substitute|p2a: Whimsicott
|-start|p2a: Whimsicott|Substitute
|-damage|p2a: Whimsicott|76/100
|
|-heal|p2a: Whimsicott|82/100|[from] item: Leftovers
|upkeep
|turn|25
|
|t:|1776085320
|move|p2a: Whimsicott|Leech Seed|p1a: Zapdos
|-start|p1a: Zapdos|move: Leech Seed
|move|p1a: Zapdos|Knock Off|p2a: Whimsicott
|-end|p2a: Whimsicott|Substitute
|
|-heal|p2a: Whimsicott|88/100|[from] item: Leftovers
|-damage|p1a: Zapdos|51/100|[from] Leech Seed|[of] p2a: Whimsicott
|-heal|p2a: Whimsicott|100/100|[silent]
|upkeep
|turn|26
|
|t:|1776085328
|move|p2a: Whimsicott|Substitute|p2a: Whimsicott
|-start|p2a: Whimsicott|Substitute
|-damage|p2a: Whimsicott|76/100
|move|p1a: Zapdos|Knock Off|p2a: Whimsicott
|-end|p2a: Whimsicott|Substitute
|
|-heal|p2a: Whimsicott|82/100|[from] item: Leftovers
|-damage|p1a: Zapdos|38/100|[from] Leech Seed|[of] p2a: Whimsicott
|-heal|p2a: Whimsicott|94/100|[silent]
|upkeep
|turn|27
|
|t:|1776085336
|switch|p1a: Milotic|Milotic, M|76/100
|move|p2a: Whimsicott|Protect||[still]
|-fail|p2a: Whimsicott
|
|-heal|p2a: Whimsicott|100/100|[from] item: Leftovers
|upkeep
|turn|28
|
|t:|1776085346
|switch|p2a: Clodsire|Clodsire, F|100/100
|-damage|p2a: Clodsire|94/100|[from] Stealth Rock
|-damage|p2a: Clodsire|78/100|[from] Spikes
|move|p1a: Milotic|Scald|p2a: Clodsire
|-heal|p2a: Clodsire|100/100|[from] ability: Water Absorb|[of] p1a: Milotic
|
|upkeep
|turn|29
|c|☆gekketed|lol
|
|t:|1776085359
|move|p2a: Clodsire|Toxic Spikes|p1a: Milotic
|-sidestart|p1: FishFingers92|move: Toxic Spikes
|move|p1a: Milotic|Dragon Tail|p2a: Clodsire
|-damage|p2a: Clodsire|94/100
|-damage|p1a: Milotic|59/100|[from] item: Rocky Helmet|[of] p2a: Clodsire
|drag|p2a: Smeargle|Smeargle, L50, M|100/100
|-damage|p2a: Smeargle|88/100|[from] Stealth Rock
|-damage|p2a: Smeargle|72/100|[from] Spikes
|
|upkeep
|turn|30
|
|t:|1776085368
|move|p2a: Smeargle|Protect|p2a: Smeargle
|-singleturn|p2a: Smeargle|Protect
|move|p1a: Milotic|Recover|p1a: Milotic
|-heal|p1a: Milotic|100/100
|
|upkeep
|turn|31
|
|t:|1776085375
|move|p1a: Milotic|Alluring Voice|p2a: Smeargle
|-damage|p2a: Smeargle|0 fnt
|faint|p2a: Smeargle
|
|upkeep
|
|t:|1776085381
|switch|p2a: Clodsire|Clodsire, F|94/100
|-damage|p2a: Clodsire|88/100|[from] Stealth Rock
|-damage|p2a: Clodsire|71/100|[from] Spikes
|turn|32
|
|t:|1776085393
|move|p2a: Clodsire|Toxic|p1a: Milotic
|-status|p1a: Milotic|tox
|move|p1a: Milotic|Dragon Tail|p2a: Clodsire
|-damage|p2a: Clodsire|65/100
|-damage|p1a: Milotic|84/100 tox|[from] item: Rocky Helmet|[of] p2a: Clodsire
|drag|p2a: Sceptile|Sceptile, L50, M, shiny|100/100
|-damage|p2a: Sceptile|88/100|[from] Stealth Rock
|-damage|p2a: Sceptile|72/100|[from] Spikes
|
|-damage|p1a: Milotic|78/100 tox|[from] psn
|upkeep
|turn|33
|
|t:|1776085410
|switch|p1a: Pecharunt|Pecharunt|88/100
|-sideend|p1: FishFingers92|move: Toxic Spikes|[of] p1a: Pecharunt
|move|p2a: Sceptile|Protect||[still]
|-fail|p2a: Sceptile
|
|upkeep
|turn|34
|
|t:|1776085421
|move|p1a: Pecharunt|Malignant Chain|p2a: Sceptile
|-supereffective|p2a: Sceptile
|-damage|p2a: Sceptile|0 fnt
|faint|p2a: Sceptile
|
|upkeep
|
|t:|1776085426
|switch|p2a: Clodsire|Clodsire, F|65/100
|-damage|p2a: Clodsire|59/100|[from] Stealth Rock
|-damage|p2a: Clodsire|43/100|[from] Spikes
|turn|35
|
|t:|1776085440
|move|p1a: Pecharunt|Shadow Ball|p2a: Clodsire
|-damage|p2a: Clodsire|24/100
|move|p2a: Clodsire|Recover|p2a: Clodsire
|-heal|p2a: Clodsire|74/100
|
|upkeep
|turn|36
|
|t:|1776085448
|move|p1a: Pecharunt|Parting Shot|p2a: Clodsire
|-unboost|p2a: Clodsire|atk|1
|-unboost|p2a: Clodsire|spa|1
|
|t:|1776085455
|switch|p1a: Zapdos|Zapdos-Galar|38/100|[from] Parting Shot
|move|p2a: Clodsire|Earthquake|p1a: Zapdos
|-immune|p1a: Zapdos
|
|upkeep
|turn|37
|
|t:|1776085467
|move|p1a: Zapdos|Knock Off|p2a: Clodsire
|-damage|p2a: Clodsire|39/100
|-damage|p1a: Zapdos|22/100|[from] item: Rocky Helmet|[of] p2a: Clodsire
|-enditem|p2a: Clodsire|Rocky Helmet|[from] move: Knock Off|[of] p1a: Zapdos
|move|p2a: Clodsire|Toxic|p1a: Zapdos
|-status|p1a: Zapdos|tox
|
|-damage|p1a: Zapdos|15/100 tox|[from] psn
|upkeep
|turn|38
|
|t:|1776085479
|switch|p1a: Milotic|Milotic, M|78/100 tox
|move|p2a: Clodsire|Recover|p2a: Clodsire
|-heal|p2a: Clodsire|89/100
|
|-damage|p1a: Milotic|72/100 tox|[from] psn
|upkeep
|turn|39
|
|t:|1776085486
|move|p1a: Milotic|Recover|p1a: Milotic
|-heal|p1a: Milotic|100/100 tox
|move|p2a: Clodsire|Toxic Spikes|p1a: Milotic
|-sidestart|p1: FishFingers92|move: Toxic Spikes
|
|-damage|p1a: Milotic|88/100 tox|[from] psn
|upkeep
|turn|40
|
|t:|1776085493
|move|p1a: Milotic|Alluring Voice|p2a: Clodsire
|-resisted|p2a: Clodsire
|-damage|p2a: Clodsire|82/100
|move|p2a: Clodsire|Toxic Spikes|p1a: Milotic
|-sidestart|p1: FishFingers92|move: Toxic Spikes
|
|-damage|p1a: Milotic|70/100 tox|[from] psn
|upkeep
|turn|41
|
|t:|1776085499
|move|p2a: Clodsire|Earthquake|p1a: Milotic
|-damage|p1a: Milotic|52/100 tox
|move|p1a: Milotic|Dragon Tail|p2a: Clodsire
|-damage|p2a: Clodsire|76/100
|drag|p2a: Whimsicott|Whimsicott, F, tera:Steel|100/100
|-damage|p2a: Whimsicott|94/100|[from] Stealth Rock
|-damage|p2a: Whimsicott|78/100|[from] Spikes
|
|-heal|p2a: Whimsicott|84/100|[from] item: Leftovers
|-damage|p1a: Milotic|28/100 tox|[from] psn
|upkeep
|turn|42
|
|t:|1776085510
|move|p2a: Whimsicott|Substitute|p2a: Whimsicott
|-start|p2a: Whimsicott|Substitute
|-damage|p2a: Whimsicott|59/100
|move|p1a: Milotic|Recover|p1a: Milotic
|-heal|p1a: Milotic|78/100 tox
|
|-heal|p2a: Whimsicott|66/100|[from] item: Leftovers
|-damage|p1a: Milotic|47/100 tox|[from] psn
|upkeep
|turn|43
|
|t:|1776085518
|switch|p1a: Pecharunt|Pecharunt|88/100
|-sideend|p1: FishFingers92|move: Toxic Spikes|[of] p1a: Pecharunt
|move|p2a: Whimsicott|Leech Seed|p1a: Pecharunt
|-start|p1a: Pecharunt|move: Leech Seed
|
|-heal|p2a: Whimsicott|72/100|[from] item: Leftovers
|-damage|p1a: Pecharunt|76/100|[from] Leech Seed|[of] p2a: Whimsicott
|-heal|p2a: Whimsicott|86/100|[silent]
|upkeep
|turn|44
|
|t:|1776085526
|move|p2a: Whimsicott|Protect|p2a: Whimsicott
|-singleturn|p2a: Whimsicott|Protect
|move|p1a: Pecharunt|Parting Shot|p2a: Whimsicott
|-activate|p2a: Whimsicott|move: Protect
|
|-heal|p2a: Whimsicott|92/100|[from] item: Leftovers
|-damage|p1a: Pecharunt|63/100|[from] Leech Seed|[of] p2a: Whimsicott
|-heal|p2a: Whimsicott|100/100|[silent]
|upkeep
|turn|45
|
|t:|1776085538
|move|p2a: Whimsicott|Leech Seed||[still]
|-fail|p2a: Whimsicott
|move|p1a: Pecharunt|Parting Shot|p2a: Whimsicott
|-unboost|p2a: Whimsicott|atk|1
|-unboost|p2a: Whimsicott|spa|1
|
|t:|1776085544
|switch|p1a: Ting-Lu|Ting-Lu|76/100 tox|[from] Parting Shot
|-ability|p1a: Ting-Lu|Vessel of Ruin
|
|-heal|p1a: Ting-Lu|82/100 tox|[from] item: Leftovers
|-damage|p1a: Ting-Lu|76/100 tox|[from] psn
|upkeep
|turn|46
|
|t:|1776085555
|move|p2a: Whimsicott|Leech Seed|p1a: Ting-Lu
|-hint|Since gen 7, Dark is immune to Prankster moves.
|-immune|p1a: Ting-Lu
|move|p1a: Ting-Lu|Earthquake|p2a: Whimsicott
|-supereffective|p2a: Whimsicott
|-end|p2a: Whimsicott|Substitute
|
|-heal|p1a: Ting-Lu|82/100 tox|[from] item: Leftovers
|-damage|p1a: Ting-Lu|69/100 tox|[from] psn
|upkeep
|turn|47
|c|☆gekketed|lol
|
|t:|1776085566
|move|p2a: Whimsicott|Protect|p2a: Whimsicott
|-singleturn|p2a: Whimsicott|Protect
|move|p1a: Ting-Lu|Earthquake|p2a: Whimsicott
|-activate|p2a: Whimsicott|move: Protect
|
|-heal|p1a: Ting-Lu|76/100 tox|[from] item: Leftovers
|-damage|p1a: Ting-Lu|57/100 tox|[from] psn
|upkeep
|turn|48
|
|t:|1776085575
|switch|p1a: Pecharunt|Pecharunt|63/100
|move|p2a: Whimsicott|Substitute|p2a: Whimsicott
|-start|p2a: Whimsicott|Substitute
|-damage|p2a: Whimsicott|76/100
|
|-heal|p2a: Whimsicott|82/100|[from] item: Leftovers
|upkeep
|turn|49
|
|t:|1776085582
|move|p2a: Whimsicott|Leech Seed|p1a: Pecharunt
|-start|p1a: Pecharunt|move: Leech Seed
|move|p1a: Pecharunt|Recover|p1a: Pecharunt
|-heal|p1a: Pecharunt|100/100
|
|-heal|p2a: Whimsicott|88/100|[from] item: Leftovers
|-damage|p1a: Pecharunt|88/100|[from] Leech Seed|[of] p2a: Whimsicott
|-heal|p2a: Whimsicott|100/100|[silent]
|upkeep
|turn|50
|
|t:|1776085594
|move|p2a: Whimsicott|Encore|p1a: Pecharunt
|-start|p1a: Pecharunt|Encore
|move|p1a: Pecharunt|Recover|p1a: Pecharunt
|-heal|p1a: Pecharunt|100/100
|
|-damage|p1a: Pecharunt|88/100|[from] Leech Seed|[of] p2a: Whimsicott
|upkeep
|turn|51
|j| ohko_smeargle
|
|t:|1776085614
|switch|p2a: Clodsire|Clodsire, F|76/100
|-damage|p2a: Clodsire|70/100|[from] Stealth Rock
|-damage|p2a: Clodsire|53/100|[from] Spikes
|switch|p1a: Ting-Lu|Ting-Lu|57/100 tox
|-ability|p1a: Ting-Lu|Vessel of Ruin
|
|-heal|p1a: Ting-Lu|63/100 tox|[from] item: Leftovers
|-damage|p1a: Ting-Lu|57/100 tox|[from] psn
|upkeep
|turn|52
|
|t:|1776085627
|move|p1a: Ting-Lu|Earthquake|p2a: Clodsire
|-supereffective|p2a: Clodsire
|-damage|p2a: Clodsire|1/100
|move|p2a: Clodsire|Recover|p2a: Clodsire
|-heal|p2a: Clodsire|51/100
|
|-heal|p1a: Ting-Lu|63/100 tox|[from] item: Leftovers
|-damage|p1a: Ting-Lu|51/100 tox|[from] psn
|upkeep
|turn|53
|
|t:|1776085635
|move|p1a: Ting-Lu|Earthquake|p2a: Clodsire
|-supereffective|p2a: Clodsire
|-damage|p2a: Clodsire|0 fnt
|faint|p2a: Clodsire
|
|-heal|p1a: Ting-Lu|57/100 tox|[from] item: Leftovers
|-damage|p1a: Ting-Lu|38/100 tox|[from] psn
|upkeep
|
|t:|1776085642
|switch|p2a: Whimsicott|Whimsicott, F, tera:Steel|100/100
|-damage|p2a: Whimsicott|94/100|[from] Stealth Rock
|-damage|p2a: Whimsicott|78/100|[from] Spikes
|turn|54
|
|t:|1776085652
|switch|p1a: Milotic|Milotic, M|47/100 tox
|move|p2a: Whimsicott|Substitute|p2a: Whimsicott
|-start|p2a: Whimsicott|Substitute
|-damage|p2a: Whimsicott|53/100
|
|-heal|p2a: Whimsicott|59/100|[from] item: Leftovers
|-damage|p1a: Milotic|41/100 tox|[from] psn
|upkeep
|turn|55
|
|t:|1776085660
|move|p2a: Whimsicott|Protect|p2a: Whimsicott
|-singleturn|p2a: Whimsicott|Protect
|move|p1a: Milotic|Recover|p1a: Milotic
|-heal|p1a: Milotic|91/100 tox
|
|-heal|p2a: Whimsicott|66/100|[from] item: Leftovers
|-damage|p1a: Milotic|79/100 tox|[from] psn
|upkeep
|turn|56
|
|t:|1776085667
|move|p2a: Whimsicott|Encore|p1a: Milotic
|-start|p1a: Milotic|Encore
|move|p1a: Milotic|Recover|p1a: Milotic
|-heal|p1a: Milotic|100/100 tox
|
|-heal|p2a: Whimsicott|72/100|[from] item: Leftovers
|-damage|p1a: Milotic|82/100 tox|[from] psn
|upkeep
|turn|57
|
|t:|1776085676
|switch|p1a: Pecharunt|Pecharunt|88/100
|move|p2a: Whimsicott|Encore||[still]
|-fail|p2a: Whimsicott
|
|-heal|p2a: Whimsicott|78/100|[from] item: Leftovers
|upkeep
|turn|58
|
|t:|1776085683
|move|p2a: Whimsicott|Leech Seed|p1a: Pecharunt
|-start|p1a: Pecharunt|move: Leech Seed
|move|p1a: Pecharunt|Shadow Ball|p2a: Whimsicott
|-end|p2a: Whimsicott|Substitute
|
|-heal|p2a: Whimsicott|84/100|[from] item: Leftovers
|-damage|p1a: Pecharunt|76/100|[from] Leech Seed|[of] p2a: Whimsicott
|-heal|p2a: Whimsicott|99/100|[silent]
|upkeep
|turn|59
|c|☆gekketed|lol
|
|t:|1776085693
|move|p2a: Whimsicott|Substitute|p2a: Whimsicott
|-start|p2a: Whimsicott|Substitute
|-damage|p2a: Whimsicott|74/100
|move|p1a: Pecharunt|Parting Shot|p2a: Whimsicott
|-unboost|p2a: Whimsicott|atk|1
|-unboost|p2a: Whimsicott|spa|1
|
|t:|1776085699
|switch|p1a: Ting-Lu|Ting-Lu|38/100 tox|[from] Parting Shot
|-ability|p1a: Ting-Lu|Vessel of Ruin
|
|-heal|p2a: Whimsicott|80/100|[from] item: Leftovers
|-heal|p1a: Ting-Lu|44/100 tox|[from] item: Leftovers
|-damage|p1a: Ting-Lu|38/100 tox|[from] psn
|upkeep
|turn|60
|
|t:|1776085708
|move|p2a: Whimsicott|Protect|p2a: Whimsicott
|-singleturn|p2a: Whimsicott|Protect
|move|p1a: Ting-Lu|Earthquake|p2a: Whimsicott
|-activate|p2a: Whimsicott|move: Protect
|
|-heal|p2a: Whimsicott|86/100|[from] item: Leftovers
|-heal|p1a: Ting-Lu|44/100 tox|[from] item: Leftovers
|-damage|p1a: Ting-Lu|32/100 tox|[from] psn
|upkeep
|turn|61
|
|t:|1776085721
|switch|p1a: Milotic|Milotic, M|82/100 tox
|move|p2a: Whimsicott|Protect||[still]
|-fail|p2a: Whimsicott
|
|-heal|p2a: Whimsicott|92/100|[from] item: Leftovers
|-damage|p1a: Milotic|76/100 tox|[from] psn
|upkeep
|turn|62
|
|t:|1776085730
|move|p2a: Whimsicott|Protect|p2a: Whimsicott
|-singleturn|p2a: Whimsicott|Protect
|move|p1a: Milotic|Scald|p2a: Whimsicott
|-activate|p2a: Whimsicott|move: Protect
|
|-heal|p2a: Whimsicott|99/100|[from] item: Leftovers
|-damage|p1a: Milotic|64/100 tox|[from] psn
|upkeep
|turn|63
|
|t:|1776085739
|move|p2a: Whimsicott|Substitute|p2a: Whimsicott
|-fail|p2a: Whimsicott|move: Substitute
|move|p1a: Milotic|Scald|p2a: Whimsicott
|-end|p2a: Whimsicott|Substitute
|
|-heal|p2a: Whimsicott|100/100|[from] item: Leftovers
|-damage|p1a: Milotic|46/100 tox|[from] psn
|upkeep
|turn|64
|
|t:|1776085746
|move|p2a: Whimsicott|Protect|p2a: Whimsicott
|-singleturn|p2a: Whimsicott|Protect
|move|p1a: Milotic|Recover|p1a: Milotic
|-heal|p1a: Milotic|96/100 tox
|
|-damage|p1a: Milotic|71/100 tox|[from] psn
|upkeep
|turn|65
|c|☆gekketed|this shit is funny af
|
|t:|1776085759
|switch|p1a: Ting-Lu|Ting-Lu|32/100 tox
|-ability|p1a: Ting-Lu|Vessel of Ruin
|move|p2a: Whimsicott|Substitute|p2a: Whimsicott
|-start|p2a: Whimsicott|Substitute
|-damage|p2a: Whimsicott|76/100
|
|-heal|p2a: Whimsicott|82/100|[from] item: Leftovers
|-heal|p1a: Ting-Lu|38/100 tox|[from] item: Leftovers
|-damage|p1a: Ting-Lu|32/100 tox|[from] psn
|upkeep
|turn|66
|
|t:|1776085770
|move|p2a: Whimsicott|Protect|p2a: Whimsicott
|-singleturn|p2a: Whimsicott|Protect
|move|p1a: Ting-Lu|Earthquake|p2a: Whimsicott
|-activate|p2a: Whimsicott|move: Protect
|
|-heal|p2a: Whimsicott|88/100|[from] item: Leftovers
|-heal|p1a: Ting-Lu|38/100 tox|[from] item: Leftovers
|-damage|p1a: Ting-Lu|26/100 tox|[from] psn
|upkeep
|turn|67
|
|t:|1776085779
|switch|p1a: Pecharunt|Pecharunt|76/100
|move|p2a: Whimsicott|Protect||[still]
|-fail|p2a: Whimsicott
|
|-heal|p2a: Whimsicott|94/100|[from] item: Leftovers
|upkeep
|turn|68
|
|t:|1776085790
|move|p2a: Whimsicott|Encore||[still]
|-fail|p2a: Whimsicott
|move|p1a: Pecharunt|Shadow Ball|p2a: Whimsicott
|-crit|p2a: Whimsicott
|-end|p2a: Whimsicott|Substitute
|
|-heal|p2a: Whimsicott|100/100|[from] item: Leftovers
|upkeep
|turn|69
|
|t:|1776085798
|move|p2a: Whimsicott|Protect|p2a: Whimsicott
|-singleturn|p2a: Whimsicott|Protect
|move|p1a: Pecharunt|Shadow Ball|p2a: Whimsicott
|-activate|p2a: Whimsicott|move: Protect
|
|upkeep
|turn|70
|
|t:|1776085804
|move|p2a: Whimsicott|Leech Seed|p1a: Pecharunt
|-start|p1a: Pecharunt|move: Leech Seed
|move|p1a: Pecharunt|Shadow Ball|p2a: Whimsicott
|-damage|p2a: Whimsicott|69/100
|
|-heal|p2a: Whimsicott|75/100|[from] item: Leftovers
|-damage|p1a: Pecharunt|63/100|[from] Leech Seed|[of] p2a: Whimsicott
|-heal|p2a: Whimsicott|90/100|[silent]
|upkeep
|turn|71
|c|☆gekketed|if only pp wasnt a thing
|
|t:|1776085817
|move|p2a: Whimsicott|Substitute|p2a: Whimsicott
|-start|p2a: Whimsicott|Substitute
|-damage|p2a: Whimsicott|65/100
|move|p1a: Pecharunt|Parting Shot|p2a: Whimsicott
|-unboost|p2a: Whimsicott|atk|1
|-unboost|p2a: Whimsicott|spa|1
|
|t:|1776085823
|switch|p1a: Milotic|Milotic, M|71/100 tox|[from] Parting Shot
|
|-heal|p2a: Whimsicott|71/100|[from] item: Leftovers
|-damage|p1a: Milotic|65/100 tox|[from] psn
|upkeep
|turn|72
|c|☆gekketed|lol
|
|t:|1776085830
|switch|p1a: Pecharunt|Pecharunt|63/100
|move|p2a: Whimsicott|Protect||[still]
|-fail|p2a: Whimsicott
|
|-heal|p2a: Whimsicott|77/100|[from] item: Leftovers
|upkeep
|turn|73
|
|t:|1776085837
|move|p2a: Whimsicott|Protect|p2a: Whimsicott
|-singleturn|p2a: Whimsicott|Protect
|move|p1a: Pecharunt|Parting Shot|p2a: Whimsicott
|-activate|p2a: Whimsicott|move: Protect
|
|-heal|p2a: Whimsicott|83/100|[from] item: Leftovers
|upkeep
|turn|74
|
|t:|1776085845
|move|p2a: Whimsicott|Encore|p1a: Pecharunt
|-start|p1a: Pecharunt|Encore
|move|p1a: Pecharunt|Parting Shot|p2a: Whimsicott
|-unboost|p2a: Whimsicott|atk|1
|-unboost|p2a: Whimsicott|spa|1
|
|t:|1776085848
|switch|p1a: Milotic|Milotic, M|65/100 tox|[from] Parting Shot
|
|-heal|p2a: Whimsicott|90/100|[from] item: Leftovers
|-damage|p1a: Milotic|59/100 tox|[from] psn
|upkeep
|turn|75
|
|t:|1776085855
|switch|p1a: Pecharunt|Pecharunt|63/100
|move|p2a: Whimsicott|Protect||[still]
|-fail|p2a: Whimsicott
|
|-heal|p2a: Whimsicott|96/100|[from] item: Leftovers
|upkeep
|turn|76
|
|t:|1776085863
|move|p2a: Whimsicott|Encore||[still]
|-fail|p2a: Whimsicott
|move|p1a: Pecharunt|Parting Shot|p2a: Whimsicott
|-unboost|p2a: Whimsicott|atk|1
|-unboost|p2a: Whimsicott|spa|1
|
|t:|1776085869
|switch|p1a: Milotic|Milotic, M|59/100 tox|[from] Parting Shot
|
|-heal|p2a: Whimsicott|100/100|[from] item: Leftovers
|-damage|p1a: Milotic|53/100 tox|[from] psn
|upkeep
|turn|77
|c|☆gekketed|at least let the ohter mons die
|c|☆gekketed|xD
|
|t:|1776085888
|move|p2a: Whimsicott|Protect|p2a: Whimsicott
|-singleturn|p2a: Whimsicott|Protect
|move|p1a: Milotic|Scald|p2a: Whimsicott
|-activate|p2a: Whimsicott|move: Protect
|
|-damage|p1a: Milotic|41/100 tox|[from] psn
|upkeep
|turn|78
|c|☆FishFingers92|gg
|
|t:|1776085896
|move|p2a: Whimsicott|Encore|p1a: Milotic
|-start|p1a: Milotic|Encore
|move|p1a: Milotic|Scald|p2a: Whimsicott
|-end|p2a: Whimsicott|Substitute
|
|-damage|p1a: Milotic|23/100 tox|[from] psn
|upkeep
|turn|79
|
|t:|1776085903
|switch|p1a: Pecharunt|Pecharunt|63/100
|move|p2a: Whimsicott|Substitute|p2a: Whimsicott
|-start|p2a: Whimsicott|Substitute
|-damage|p2a: Whimsicott|76/100
|
|-heal|p2a: Whimsicott|82/100|[from] item: Leftovers
|upkeep
|turn|80
|c|☆gekketed|lol
|
|t:|1776085911
|move|p2a: Whimsicott|Leech Seed|p1a: Pecharunt
|-start|p1a: Pecharunt|move: Leech Seed
|move|p1a: Pecharunt|Recover|p1a: Pecharunt
|-heal|p1a: Pecharunt|100/100
|
|-heal|p2a: Whimsicott|88/100|[from] item: Leftovers
|-damage|p1a: Pecharunt|88/100|[from] Leech Seed|[of] p2a: Whimsicott
|-heal|p2a: Whimsicott|100/100|[silent]
|upkeep
|turn|81
|
|t:|1776085919
|-activate|p2a: Whimsicott|move: Struggle
|move|p2a: Whimsicott|Struggle|p1a: Pecharunt
|-damage|p1a: Pecharunt|87/100
|-damage|p2a: Whimsicott|75/100|[from] recoil
|move|p1a: Pecharunt|Parting Shot|p2a: Whimsicott
|-unboost|p2a: Whimsicott|atk|1
|-unboost|p2a: Whimsicott|spa|1
|c|☆gekketed|lol
|
|t:|1776085928
|switch|p1a: Zapdos|Zapdos-Galar|15/100 tox|[from] Parting Shot
|
|-heal|p2a: Whimsicott|82/100|[from] item: Leftovers
|-damage|p1a: Zapdos|9/100 tox|[from] psn
|upkeep
|turn|82
|
|t:|1776085934
|move|p1a: Zapdos|Thunderous Kick|p2a: Whimsicott
|-supereffective|p2a: Whimsicott
|-end|p2a: Whimsicott|Substitute
|-activate|p2a: Whimsicott|move: Struggle
|move|p2a: Whimsicott|Struggle|p1a: Zapdos
|-damage|p1a: Zapdos|7/100 tox
|-damage|p2a: Whimsicott|57/100|[from] recoil
|
|-heal|p2a: Whimsicott|63/100|[from] item: Leftovers
|-damage|p1a: Zapdos|0 fnt|[from] psn
|faint|p1a: Zapdos
|upkeep
|
|t:|1776085944
|switch|p1a: Milotic|Milotic, M|23/100 tox
|turn|83
|
|t:|1776085948
|-activate|p2a: Whimsicott|move: Struggle
|move|p2a: Whimsicott|Struggle|p1a: Milotic
|-damage|p1a: Milotic|21/100 tox
|-damage|p2a: Whimsicott|38/100|[from] recoil
|move|p1a: Milotic|Recover|p1a: Milotic
|-heal|p1a: Milotic|71/100 tox
|
|-heal|p2a: Whimsicott|44/100|[from] item: Leftovers
|-damage|p1a: Milotic|64/100 tox|[from] psn
|upkeep
|turn|84
|c|☆gekketed|do it
|c|☆gekketed|keer recover
|c|☆gekketed|let me kill myself
|c|☆gekketed|lol
|
|t:|1776085974
|-activate|p2a: Whimsicott|move: Struggle
|move|p2a: Whimsicott|Struggle|p1a: Milotic
|-damage|p1a: Milotic|62/100 tox
|-damage|p2a: Whimsicott|19/100|[from] recoil
|move|p1a: Milotic|Scald|p2a: Whimsicott
|-damage|p2a: Whimsicott|0 fnt
|faint|p2a: Whimsicott
|
|win|FishFingers92
|raw|FishFingers92's rating: 1186 &rarr; <strong>1210</strong><br />(+24 for winning)
|raw|gekketed's rating: 1166 &rarr; <strong>1142</strong><br />(-24 for losing)
|l| ohko_smeargle
|c|☆gekketed|balls
|c|☆gekketed|shame
|l|☆gekketed
|player|p2|
|l|☆FishFingers92
|player|p1|
