|html|<div class="broadcast-blue"><strong>[Gen 9] OU is currently suspecting Tera Blast! For information on how to participate check out the <a href="https://www.smogon.com/tools/suspects/view/200">suspect thread</a>.</strong></div>
|j|☆Athens_504
|j|☆dxcay
|t:|1776180828
|gametype|singles
|player|p1|Athens_504|silver|1000
|player|p2|dxcay|hugh|1000
|gen|9
|tier|[Gen 9] OU
|rated|
|rule|HP Percentage Mod: HP is shown in percentages
|rule|Endless Battle Clause: Forcing endless battles is banned
|rule|Species Clause: Limit one of each Pokémon
|rule|OHKO Clause: OHKO moves are banned
|rule|Evasion Items Clause: Evasion items are banned
|rule|Evasion Moves Clause: Evasion moves are banned
|rule|Evasion Abilities Clause: Evasion abilities are banned
|rule|Sleep Moves Clause: Sleep-inducing moves are banned
|clearpoke
|poke|p1|Mismagius, M|
|poke|p1|Garchomp, F|
|poke|p1|Gengar, F|
|poke|p1|Gardevoir, F|
|poke|p1|Umbreon, M|
|poke|p1|Scizor, M|
|poke|p2|Bastiodon, L79, M|
|poke|p2|Swampert, L84, M|
|poke|p2|Krookodile, L92, M|
|poke|p2|Malamar, L87, F|
|poke|p2|Ceruledge, L83, M|
|poke|p2|Kingambit, L91, M|
|teampreview
|
|t:|1776180838
|teamsize|p1|6
|teamsize|p2|6
|start
|switch|p1a: Garchomp|Garchomp, F|100/100
|switch|p2a: Rocky Dih|Bastiodon, L79, M|100/100
|turn|1
|
|t:|1776180847
|move|p1a: Garchomp|Earthquake|p2a: Rocky Dih
|-supereffective|p2a: Rocky Dih
|-ability|p2a: Rocky Dih|Sturdy
|-damage|p2a: Rocky Dih|1/100
|move|p2a: Rocky Dih|Stealth Rock|p1a: Garchomp
|-sidestart|p1: Athens_504|move: Stealth Rock
|
|upkeep
|turn|2
|
|t:|1776180865
|switch|p2a: Krookodile|Krookodile, L92, M|100/100
|move|p1a: Garchomp|Earthquake|p2a: Krookodile
|-damage|p2a: Krookodile|25/100
|
|upkeep
|turn|3
|
|t:|1776180882
|move|p2a: Krookodile|Foul Play|p1a: Garchomp
|-damage|p1a: Garchomp|54/100
|-damage|p2a: Krookodile|13/100|[from] ability: Rough Skin|[of] p1a: Garchomp
|move|p1a: Garchomp|Dragon Rush|p2a: Krookodile
|-damage|p2a: Krookodile|0 fnt
|faint|p2a: Krookodile
|
|upkeep
|
|t:|1776180895
|switch|p2a: Malamar|Malamar, L87, F|100/100
|turn|4
|
|t:|1776180904
|move|p1a: Garchomp|Swords Dance|p1a: Garchomp
|-boost|p1a: Garchomp|atk|2
|move|p2a: Malamar|Disable|p1a: Garchomp
|-start|p1a: Garchomp|Disable|Swords Dance
|
|upkeep
|turn|5
|
|t:|1776180911
|move|p1a: Garchomp|Earthquake|p2a: Malamar
|-damage|p2a: Malamar|0 fnt
|faint|p2a: Malamar
|
|upkeep
|
|t:|1776180918
|switch|p2a: Kingambit|Kingambit, L91, M|100/100
|-activate|p2a: Kingambit|ability: Supreme Overlord
|-start|p2a: Kingambit|fallen2|[silent]
|turn|6
|
|t:|1776180924
|move|p1a: Garchomp|Earthquake|p2a: Kingambit
|-supereffective|p2a: Kingambit
|-damage|p2a: Kingambit|0 fnt
|faint|p2a: Kingambit
|-end|p2a: Kingambit|fallen2|[silent]
|
|upkeep
|
|t:|1776180930
|switch|p2a: Og|Swampert, L84, M, shiny|100/100
|turn|7
|
|t:|1776180934
|move|p1a: Garchomp|Dragon Rush|p2a: Og|[miss]
|-miss|p1a: Garchomp|p2a: Og
|move|p2a: Og|Surf|p1a: Garchomp
|-damage|p1a: Garchomp|31/100
|
|upkeep
|turn|8
|
|t:|1776180941
|move|p1a: Garchomp|Dragon Rush|p2a: Og|[miss]
|-miss|p1a: Garchomp|p2a: Og
|move|p2a: Og|Bulk Up|p2a: Og
|-boost|p2a: Og|atk|1
|-boost|p2a: Og|def|1
|
|-end|p1a: Garchomp|Disable
|upkeep
|turn|9
|
|t:|1776180957
|move|p1a: Garchomp|Crunch|p2a: Og
|-damage|p2a: Og|50/100
|move|p2a: Og|Rain Dance|p2a: Og
|-weather|RainDance
|
|-weather|RainDance|[upkeep]
|upkeep
|turn|10
|
|t:|1776180964
|move|p1a: Garchomp|Crunch|p2a: Og
|-damage|p2a: Og|0 fnt
|faint|p2a: Og
|
|-weather|RainDance|[upkeep]
|upkeep
|
|t:|1776180971
|switch|p2a: Rocky Dih|Bastiodon, L79, M|1/100
|turn|11
|
|t:|1776180982
|move|p1a: Garchomp|Crunch|p2a: Rocky Dih
|-damage|p2a: Rocky Dih|0 fnt
|faint|p2a: Rocky Dih
|
|-weather|RainDance|[upkeep]
|upkeep
|
|t:|1776180988
|switch|p2a: Ceruledge|Ceruledge, L83, M, shiny|100/100
|turn|12
|
|t:|1776180996
|move|p1a: Garchomp|Earthquake|p2a: Ceruledge
|-supereffective|p2a: Ceruledge
|-damage|p2a: Ceruledge|0 fnt
|faint|p2a: Ceruledge
|
|win|Athens_504
|raw|Athens_504's rating: 1000 &rarr; <strong>1040</strong><br />(+40 for winning)
|raw|dxcay's rating: 1000 &rarr; <strong>1000</strong><br />(+0 for losing)
|l|☆dxcay
|player|p2|
