|html|<div class="broadcast-blue"><strong>[Gen 9] OU is currently suspecting Tera Blast! For information on how to participate check out the <a href="https://www.smogon.com/tools/suspects/view/200">suspect thread</a>.</strong></div>
|j|☆kasihpahambos
|j|☆isekreemskoop
|t:|1776183135
|gametype|singles
|player|p1|kasihpahambos|170|1230
|player|p2|isekreemskoop|waitress-gen4|1250
|gen|9
|tier|[Gen 9] OU
|rated|
|rule|HP Percentage Mod: HP is shown in percentages
|rule|Endless Battle Clause: Forcing endless battles is banned
|rule|Species Clause: Limit one of each Pokémon
|rule|OHKO Clause: OHKO moves are banned
|rule|Evasion Items Clause: Evasion items are banned
|rule|Evasion Moves Clause: Evasion moves are banned
|rule|Evasion Abilities Clause: Evasion abilities are banned
|rule|Sleep Moves Clause: Sleep-inducing moves are banned
|clearpoke
|poke|p1|Ceruledge, M|
|poke|p1|Corviknight, F|
|poke|p1|Landorus-Therian, M|
|poke|p1|Serperior, M|
|poke|p1|Iron Valiant|
|poke|p1|Tyranitar, M|
|poke|p2|Noivern, M|
|poke|p2|Gholdengo|
|poke|p2|Kingambit, F|
|poke|p2|Pelipper, F|
|poke|p2|Ribombee, M|
|poke|p2|Great Tusk|
|teampreview
|inactive|Battle timer is ON: inactive players will automatically lose when time's up. (requested by isekreemskoop)
|
|t:|1776183159
|teamsize|p1|6
|teamsize|p2|6
|start
|switch|p1a: Tyranitar|Tyranitar, M|100/100
|switch|p2a: Ribombee|Ribombee, M|100/100
|-weather|Sandstorm|[from] ability: Sand Stream|[of] p1a: Tyranitar
|turn|1
|
|t:|1776183165
|move|p2a: Ribombee|Sticky Web|p1a: Tyranitar
|-sidestart|p1: kasihpahambos|move: Sticky Web
|move|p1a: Tyranitar|Rock Slide|p2a: Ribombee
|-supereffective|p2a: Ribombee
|-enditem|p2a: Ribombee|Focus Sash
|-damage|p2a: Ribombee|1/100
|
|-weather|Sandstorm|[upkeep]
|-damage|p2a: Ribombee|0 fnt|[from] Sandstorm
|faint|p2a: Ribombee
|upkeep
|
|t:|1776183170
|switch|p2a: Pelipper|Pelipper, F|100/100
|-weather|RainDance|[from] ability: Drizzle|[of] p2a: Pelipper
|turn|2
|inactive|kasihpahambos has 120 seconds left.
|inactive|kasihpahambos has 90 seconds left.
|inactive|kasihpahambos has 60 seconds left.
|inactive|kasihpahambos has 30 seconds left.
|inactive|kasihpahambos has 20 seconds left.
|
|t:|1776183302
|switch|p2a: Great Tusk|Great Tusk|100/100
|move|p1a: Tyranitar|Rock Slide|p2a: Great Tusk
|-resisted|p2a: Great Tusk
|-crit|p2a: Great Tusk
|-damage|p2a: Great Tusk|91/100
|
|-weather|RainDance|[upkeep]
|-heal|p2a: Great Tusk|98/100|[from] item: Leftovers
|upkeep
|turn|3
|inactive|kasihpahambos has 30 seconds left this turn.
|
|t:|1776183316
|move|p2a: Great Tusk|Bulk Up|p2a: Great Tusk
|-boost|p2a: Great Tusk|atk|1
|-boost|p2a: Great Tusk|def|1
|move|p1a: Tyranitar|Ice Punch|p2a: Great Tusk
|-supereffective|p2a: Great Tusk
|-damage|p2a: Great Tusk|76/100
|
|-weather|RainDance|[upkeep]
|-heal|p2a: Great Tusk|83/100|[from] item: Leftovers
|upkeep
|turn|4
|inactive|kasihpahambos has 30 seconds left.
|inactive|kasihpahambos has 20 seconds left.
|
|t:|1776183334
|switch|p1a: Corviknight|Corviknight, F|100/100
|-ability|p1a: Corviknight|Pressure
|move|p2a: Great Tusk|Earthquake|p1a: Corviknight
|-immune|p1a: Corviknight
|
|-weather|RainDance|[upkeep]
|-heal|p2a: Great Tusk|89/100|[from] item: Leftovers
|upkeep
|turn|5
|inactive|kasihpahambos has 30 seconds left this turn.
|
|t:|1776183342
|-end|p2a: Great Tusk|Protosynthesis|[silent]
|switch|p2a: Gholdengo|Gholdengo|100/100
|move|p1a: Corviknight|Defog|p2a: Gholdengo
|-immune|p2a: Gholdengo|[from] ability: Good as Gold
|
|-weather|RainDance|[upkeep]
|upkeep
|turn|6
|inactive|kasihpahambos has 30 seconds left.
|
|t:|1776183355
|switch|p1a: Iron Valiant|Iron Valiant|100/100
|-activate|p1a: Iron Valiant|move: Sticky Web
|-unboost|p1a: Iron Valiant|spe|1
|-enditem|p1a: Iron Valiant|Booster Energy
|-activate|p1a: Iron Valiant|ability: Quark Drive|[fromitem]
|-start|p1a: Iron Valiant|quarkdrivespa
|move|p2a: Gholdengo|Nasty Plot|p2a: Gholdengo
|-boost|p2a: Gholdengo|spa|2
|
|-weather|none
|upkeep
|turn|7
|inactive|kasihpahambos has 30 seconds left.
|
|t:|1776183368
|move|p2a: Gholdengo|Shadow Ball|p1a: Iron Valiant
|-damage|p1a: Iron Valiant|0 fnt
|faint|p1a: Iron Valiant
|-end|p1a: Iron Valiant|Quark Drive|[silent]
|
|upkeep
|inactive|kasihpahambos has 30 seconds left.
|
|t:|1776183377
|switch|p1a: Ceruledge|Ceruledge, M|100/100
|-activate|p1a: Ceruledge|move: Sticky Web
|-unboost|p1a: Ceruledge|spe|1
|turn|8
|
|t:|1776183388
|move|p2a: Gholdengo|Make It Rain|p1a: Ceruledge
|-resisted|p1a: Ceruledge
|-damage|p1a: Ceruledge|20/100
|-unboost|p2a: Gholdengo|spa|1
|move|p1a: Ceruledge|Swords Dance|p1a: Ceruledge
|-boost|p1a: Ceruledge|atk|2
|
|upkeep
|turn|9
|
|t:|1776183396
|move|p1a: Ceruledge|Shadow Sneak|p2a: Gholdengo
|-supereffective|p2a: Gholdengo
|-damage|p2a: Gholdengo|20/100
|move|p2a: Gholdengo|Shadow Ball|p1a: Ceruledge
|-supereffective|p1a: Ceruledge
|-damage|p1a: Ceruledge|0 fnt
|faint|p1a: Ceruledge
|
|-heal|p2a: Gholdengo|26/100|[from] item: Leftovers
|upkeep
|
|t:|1776183399
|switch|p1a: Serperior|Serperior, M|100/100
|-activate|p1a: Serperior|move: Sticky Web
|-boost|p1a: Serperior|spe|1
|turn|10
|
|t:|1776183408
|move|p1a: Serperior|Leaf Storm|p2a: Gholdengo
|-resisted|p2a: Gholdengo
|-damage|p2a: Gholdengo|2/100
|-boost|p1a: Serperior|spa|2
|move|p2a: Gholdengo|Make It Rain|p1a: Serperior
|-damage|p1a: Serperior|26/100
|-unboost|p2a: Gholdengo|spa|1
|
|-heal|p2a: Gholdengo|8/100|[from] item: Leftovers
|upkeep
|turn|11
|
|t:|1776183414
|move|p1a: Serperior|Leaf Storm|p2a: Gholdengo
|-resisted|p2a: Gholdengo
|-damage|p2a: Gholdengo|0 fnt
|-boost|p1a: Serperior|spa|2
|faint|p2a: Gholdengo
|
|upkeep
|
|t:|1776183422
|switch|p2a: Kingambit|Kingambit, F|100/100
|-activate|p2a: Kingambit|ability: Supreme Overlord
|-start|p2a: Kingambit|fallen2|[silent]
|turn|12
|
|t:|1776183437
|move|p2a: Kingambit|Sucker Punch|p1a: Serperior
|-damage|p1a: Serperior|0 fnt
|faint|p1a: Serperior
|
|upkeep
|
|t:|1776183440
|switch|p1a: Landorus|Landorus-Therian, M|100/100
|-ability|p1a: Landorus|Intimidate|boost
|-unboost|p2a: Kingambit|atk|1
|turn|13
|
|t:|1776183446
|-end|p2a: Kingambit|fallen2|[silent]
|switch|p2a: Pelipper|Pelipper, F|100/100
|-weather|RainDance|[from] ability: Drizzle|[of] p2a: Pelipper
|move|p1a: Landorus|Earthquake|p2a: Pelipper
|-immune|p2a: Pelipper
|
|-weather|RainDance|[upkeep]
|upkeep
|turn|14
|
|t:|1776183457
|switch|p1a: Tyranitar|Tyranitar, M|100/100
|-activate|p1a: Tyranitar|move: Sticky Web
|-unboost|p1a: Tyranitar|spe|1
|-weather|Sandstorm|[from] ability: Sand Stream|[of] p1a: Tyranitar
|move|p2a: Pelipper|Surf|p1a: Tyranitar
|-supereffective|p1a: Tyranitar
|-damage|p1a: Tyranitar|75/100
|
|-weather|Sandstorm|[upkeep]
|-damage|p2a: Pelipper|94/100|[from] Sandstorm
|upkeep
|turn|15
|inactive|kasihpahambos has 90 seconds left.
|inactive|isekreemskoop has 120 seconds left.
|
|t:|1776183490
|switch|p2a: Great Tusk|Great Tusk|89/100
|move|p1a: Tyranitar|Ice Punch|p2a: Great Tusk
|-supereffective|p2a: Great Tusk
|-damage|p2a: Great Tusk|58/100
|
|-weather|Sandstorm|[upkeep]
|-heal|p2a: Great Tusk|65/100|[from] item: Leftovers
|upkeep
|turn|16
|inactive|kasihpahambos has 90 seconds left.
|
|t:|1776183499
|-terastallize|p1a: Tyranitar|Flying
|move|p2a: Great Tusk|Ice Spinner|p1a: Tyranitar
|-supereffective|p1a: Tyranitar
|-damage|p1a: Tyranitar|37/100
|move|p1a: Tyranitar|Ice Punch|p2a: Great Tusk
|-supereffective|p2a: Great Tusk
|-damage|p2a: Great Tusk|33/100
|
|-weather|Sandstorm|[upkeep]
|-damage|p1a: Tyranitar|31/100|[from] Sandstorm
|-heal|p2a: Great Tusk|39/100|[from] item: Leftovers
|upkeep
|turn|17
|
|t:|1776183508
|move|p2a: Great Tusk|Ice Spinner|p1a: Tyranitar
|-supereffective|p1a: Tyranitar
|-damage|p1a: Tyranitar|0 fnt
|faint|p1a: Tyranitar
|
|-weather|Sandstorm|[upkeep]
|-heal|p2a: Great Tusk|45/100|[from] item: Leftovers
|upkeep
|
|t:|1776183511
|switch|p1a: Corviknight|Corviknight, F|100/100
|-ability|p1a: Corviknight|Pressure
|turn|18
|
|t:|1776183521
|-end|p2a: Great Tusk|Protosynthesis|[silent]
|switch|p2a: Pelipper|Pelipper, F|94/100
|-weather|RainDance|[from] ability: Drizzle|[of] p2a: Pelipper
|move|p1a: Corviknight|Brave Bird|p2a: Pelipper
|-damage|p2a: Pelipper|57/100
|-damage|p1a: Corviknight|90/100|[from] Recoil
|
|-weather|RainDance|[upkeep]
|-heal|p1a: Corviknight|97/100|[from] item: Leftovers
|upkeep
|turn|19
|
|t:|1776183537
|move|p1a: Corviknight|Brave Bird|p2a: Pelipper
|-damage|p2a: Pelipper|21/100
|-damage|p1a: Corviknight|87/100|[from] Recoil
|move|p2a: Pelipper|Surf|p1a: Corviknight
|-damage|p1a: Corviknight|39/100
|
|-weather|RainDance|[upkeep]
|-heal|p1a: Corviknight|45/100|[from] item: Leftovers
|upkeep
|turn|20
|l|☆kasihpahambos
|inactive|kasihpahambos disconnected and has a minute to reconnect!
|player|p1|
|j|☆kasihpahambos
|inactive|kasihpahambos reconnected and has 110 seconds left.
|player|p1|kasihpahambos|170|
|
|t:|1776183563
|switch|p2a: Kingambit|Kingambit, F|100/100
|-activate|p2a: Kingambit|ability: Supreme Overlord
|-start|p2a: Kingambit|fallen2|[silent]
|move|p1a: Corviknight|Brave Bird|p2a: Kingambit
|-resisted|p2a: Kingambit
|-damage|p2a: Kingambit|85/100
|-damage|p1a: Corviknight|40/100|[from] Recoil
|
|-weather|RainDance|[upkeep]
|-heal|p1a: Corviknight|47/100|[from] item: Leftovers
|upkeep
|turn|21
|
|t:|1776183572
|move|p2a: Kingambit|Swords Dance|p2a: Kingambit
|-boost|p2a: Kingambit|atk|2
|move|p1a: Corviknight|Roost|p1a: Corviknight
|-heal|p1a: Corviknight|97/100
|-singleturn|p1a: Corviknight|move: Roost
|
|-weather|RainDance|[upkeep]
|-heal|p1a: Corviknight|100/100|[from] item: Leftovers
|upkeep
|turn|22
|
|t:|1776183582
|move|p2a: Kingambit|Swords Dance|p2a: Kingambit
|-boost|p2a: Kingambit|atk|2
|move|p1a: Corviknight|Defog|p2a: Kingambit
|-unboost|p2a: Kingambit|evasion|1
|-sideend|p1: kasihpahambos|Sticky Web|[from] move: Defog|[of] p1a: Corviknight
|
|-weather|none
|upkeep
|turn|23
|inactive|kasihpahambos has 120 seconds left.
|
|t:|1776183590
|move|p2a: Kingambit|Kowtow Cleave|p1a: Corviknight
|-damage|p1a: Corviknight|2/100
|move|p1a: Corviknight|U-turn|p2a: Kingambit
|-damage|p2a: Kingambit|72/100
|
|t:|1776183592
|switch|p1a: Landorus|Landorus-Therian, M|100/100|[from] U-turn
|-ability|p1a: Landorus|Intimidate|boost
|-unboost|p2a: Kingambit|atk|1
|
|upkeep
|turn|24
|
|t:|1776183598
|move|p2a: Kingambit|Sucker Punch|p1a: Landorus
|-damage|p1a: Landorus|0 fnt
|faint|p1a: Landorus
|
|upkeep
|
|t:|1776183601
|switch|p1a: Corviknight|Corviknight, F|2/100
|-ability|p1a: Corviknight|Pressure
|turn|25
|
|t:|1776183603
|move|p2a: Kingambit|Kowtow Cleave|p1a: Corviknight
|-damage|p1a: Corviknight|0 fnt
|faint|p1a: Corviknight
|
|win|isekreemskoop
|raw|kasihpahambos's rating: 1230 &rarr; <strong>1206</strong><br />(-24 for losing)
|raw|isekreemskoop's rating: 1250 &rarr; <strong>1274</strong><br />(+24 for winning)
