|html|<div class="broadcast-blue"><strong>[Gen 9] OU is currently suspecting Volcarona! For information on how to participate check out the <a href="https://www.smogon.com/tools/suspects/view/208">suspect thread</a>.</strong></div>
|j|☆astar026
|j|☆chitransh56
|t:|1778512039
|gametype|singles
|player|p1|astar026|alder|1137
|player|p2|chitransh56|hilbert|1167
|gen|9
|tier|[Gen 9] OU
|rated|
|rule|HP Percentage Mod: HP is shown in percentages
|rule|Endless Battle Clause: Forcing endless battles is banned
|rule|Species Clause: Limit one of each Pokémon
|rule|OHKO Clause: OHKO moves are banned
|rule|Evasion Items Clause: Evasion items are banned
|rule|Evasion Moves Clause: Evasion moves are banned
|rule|Evasion Abilities Clause: Evasion abilities are banned
|rule|Sleep Moves Clause: Sleep-inducing moves are banned
|clearpoke
|poke|p1|Ninetales-Alola, F|
|poke|p1|Cetitan, M|
|poke|p1|Kyurem|
|poke|p1|Great Tusk|
|poke|p1|Gholdengo|
|poke|p1|Weavile, M|
|poke|p2|Hawlucha, F|
|poke|p2|Toxtricity-Low-Key, F|
|poke|p2|Rillaboom, F|
|poke|p2|Gliscor, F|
|poke|p2|Ogerpon-Cornerstone, F|
|poke|p2|Dragapult, M|
|teampreview
|inactive|Battle timer is ON: inactive players will automatically lose when time's up. (requested by astar026)
|inactive|chitransh56 also wants the timer to be on.
|
|t:|1778512051
|teamsize|p1|6
|teamsize|p2|6
|start
|switch|p1a: Ninetales|Ninetales-Alola, F|100/100
|switch|p2a: Toxtricity|Toxtricity-Low-Key, F|100/100
|-weather|Snowscape|[from] ability: Snow Warning|[of] p1a: Ninetales
|turn|1
|
|t:|1778512060
|move|p1a: Ninetales|Aurora Veil|p1a: Ninetales
|-sidestart|p1: astar026|move: Aurora Veil
|move|p2a: Toxtricity|Boomburst|p1a: Ninetales
|-damage|p1a: Ninetales|71/100
|-enditem|p2a: Toxtricity|Throat Spray
|-boost|p2a: Toxtricity|spa|1|[from] item: Throat Spray
|
|-weather|Snowscape|[upkeep]
|upkeep
|turn|2
|
|t:|1778512069
|move|p1a: Ninetales|Freeze-Dry|p2a: Toxtricity
|-damage|p2a: Toxtricity|68/100
|move|p2a: Toxtricity|Sludge Wave|p1a: Ninetales
|-supereffective|p1a: Ninetales
|-damage|p1a: Ninetales|0 fnt
|faint|p1a: Ninetales
|
|-weather|Snowscape|[upkeep]
|upkeep
|
|t:|1778512076
|switch|p1a: Cetitan|Cetitan, M|100/100
|turn|3
|
|t:|1778512092
|-terastallize|p1a: Cetitan|Ground
|move|p1a: Cetitan|Earthquake|p2a: Toxtricity
|-supereffective|p2a: Toxtricity
|-damage|p2a: Toxtricity|0 fnt
|faint|p2a: Toxtricity
|
|-weather|Snowscape|[upkeep]
|upkeep
|
|t:|1778512112
|switch|p2a: Rillaboom|Rillaboom, F|100/100
|-fieldstart|move: Grassy Terrain|[from] ability: Grassy Surge|[of] p2a: Rillaboom
|turn|4
|
|t:|1778512124
|move|p2a: Rillaboom|Protect|p2a: Rillaboom
|-singleturn|p2a: Rillaboom|Protect
|move|p1a: Cetitan|Ice Spinner|p2a: Rillaboom
|-activate|p2a: Rillaboom|move: Protect
|
|-weather|Snowscape|[upkeep]
|upkeep
|turn|5
|
|t:|1778512135
|move|p1a: Cetitan|Ice Spinner|p2a: Rillaboom
|-supereffective|p2a: Rillaboom
|-damage|p2a: Rillaboom|29/100
|-fieldend|move: Grassy Terrain
|move|p2a: Rillaboom|Wood Hammer|p1a: Cetitan
|-supereffective|p1a: Cetitan
|-damage|p1a: Cetitan|38/100
|-enditem|p1a: Cetitan|Sitrus Berry|[eat]
|-heal|p1a: Cetitan|63/100|[from] item: Sitrus Berry
|-damage|p2a: Rillaboom|4/100|[from] Recoil
|
|-weather|none
|-heal|p2a: Rillaboom|10/100|[from] item: Leftovers
|upkeep
|turn|6
|
|t:|1778512146
|move|p1a: Cetitan|Ice Shard|p2a: Rillaboom
|-supereffective|p2a: Rillaboom
|-damage|p2a: Rillaboom|0 fnt
|faint|p2a: Rillaboom
|
|upkeep
|
|t:|1778512156
|switch|p2a: Hawlucha|Hawlucha, F|100/100
|turn|7
|
|t:|1778512165
|move|p1a: Cetitan|Ice Shard|p2a: Hawlucha
|-supereffective|p2a: Hawlucha
|-damage|p2a: Hawlucha|54/100
|move|p2a: Hawlucha|Close Combat|p1a: Cetitan
|-crit|p1a: Cetitan
|-damage|p1a: Cetitan|0 fnt
|-unboost|p2a: Hawlucha|def|1
|-unboost|p2a: Hawlucha|spd|1
|faint|p1a: Cetitan
|-enditem|p2a: Hawlucha|White Herb
|-clearnegativeboost|p2a: Hawlucha|[silent]
|
|upkeep
|
|t:|1778512178
|switch|p1a: Kyurem|Kyurem|100/100
|-ability|p1a: Kyurem|Pressure
|turn|8
|
|t:|1778512186
|move|p2a: Hawlucha|Close Combat|p1a: Kyurem
|-supereffective|p1a: Kyurem
|-damage|p1a: Kyurem|52/100
|-unboost|p2a: Hawlucha|def|1
|-unboost|p2a: Hawlucha|spd|1
|move|p1a: Kyurem|Freeze-Dry|p2a: Hawlucha
|-supereffective|p2a: Hawlucha
|-damage|p2a: Hawlucha|0 fnt
|faint|p2a: Hawlucha
|
|-sideend|p1: astar026|move: Aurora Veil
|upkeep
|
|t:|1778512193
|switch|p2a: Dragapult|Dragapult, M|100/100
|turn|9
|
|t:|1778512201
|move|p2a: Dragapult|Dragon Darts|p1a: Kyurem
|-supereffective|p1a: Kyurem
|-damage|p1a: Kyurem|0 fnt
|faint|p1a: Kyurem
|
|upkeep
|
|t:|1778512209
|switch|p1a: Weavile|Weavile, M|100/100
|-ability|p1a: Weavile|Pressure
|turn|10
|
|t:|1778512217
|move|p2a: Dragapult|Protect|p2a: Dragapult
|-singleturn|p2a: Dragapult|Protect
|move|p1a: Weavile|Triple Axel|p2a: Dragapult
|-activate|p2a: Dragapult|move: Protect
|
|upkeep
|turn|11
|
|t:|1778512227
|move|p2a: Dragapult|Dragon Darts|p1a: Weavile
|-damage|p1a: Weavile|52/100
|-anim|p2a: Dragapult|Dragon Darts|p1a: Weavile
|-damage|p1a: Weavile|2/100
|move|p1a: Weavile|Triple Axel|p2a: Dragapult
|-supereffective|p2a: Dragapult
|-damage|p2a: Dragapult|72/100
|-supereffective|p2a: Dragapult
|-damage|p2a: Dragapult|22/100
|-supereffective|p2a: Dragapult
|-damage|p2a: Dragapult|0 fnt
|faint|p2a: Dragapult
|-hitcount|p2: Dragapult|3
|
|upkeep
|
|t:|1778512237
|switch|p2a: Ogerpon|Ogerpon-Cornerstone, F|100/100
|turn|12
|
|t:|1778512250
|-terastallize|p2a: Ogerpon|Rock
|detailschange|p2a: Ogerpon|Ogerpon-Cornerstone-Tera, F, tera:Rock
|-ability|p2a: Ogerpon|Embody Aspect (Cornerstone)|boost
|-boost|p2a: Ogerpon|def|1
|move|p1a: Weavile|Ice Shard|p2a: Ogerpon
|-damage|p2a: Ogerpon|87/100
|move|p2a: Ogerpon|Ivy Cudgel|p1a: Weavile|[anim] Ivy Cudgel Rock
|-supereffective|p1a: Weavile
|-damage|p1a: Weavile|0 fnt
|faint|p1a: Weavile
|
|upkeep
|
|t:|1778512265
|switch|p1a: Great Tusk|Great Tusk|100/100
|turn|13
|
|t:|1778512271
|move|p2a: Ogerpon|Wood Hammer|p1a: Great Tusk
|-supereffective|p1a: Great Tusk
|-damage|p1a: Great Tusk|21/100
|-damage|p2a: Ogerpon|56/100|[from] Recoil
|move|p1a: Great Tusk|Headlong Rush|p2a: Ogerpon
|-supereffective|p2a: Ogerpon
|-damage|p2a: Ogerpon|0 fnt
|-unboost|p1a: Great Tusk|def|1
|-unboost|p1a: Great Tusk|spd|1
|faint|p2a: Ogerpon
|detailschange|p2: Ogerpon|Ogerpon-Cornerstone, F|[silent]
|
|-heal|p1a: Great Tusk|27/100|[from] item: Leftovers
|upkeep
|
|t:|1778512276
|switch|p2a: Gliscor|Gliscor, F|100/100
|turn|14
|
|t:|1778512285
|move|p2a: Gliscor|Protect|p2a: Gliscor
|-singleturn|p2a: Gliscor|Protect
|move|p1a: Great Tusk|Knock Off|p2a: Gliscor
|-activate|p2a: Gliscor|move: Protect
|
|-heal|p1a: Great Tusk|34/100|[from] item: Leftovers
|-status|p2a: Gliscor|tox|[from] item: Toxic Orb
|upkeep
|turn|15
|
|t:|1778512294
|move|p2a: Gliscor|Earthquake|p1a: Great Tusk
|-damage|p1a: Great Tusk|8/100
|move|p1a: Great Tusk|Knock Off|p2a: Gliscor
|-damage|p2a: Gliscor|80/100 tox
|-enditem|p2a: Gliscor|Toxic Orb|[from] move: Knock Off|[of] p1a: Great Tusk
|
|-heal|p1a: Great Tusk|14/100|[from] item: Leftovers
|-heal|p2a: Gliscor|93/100 tox|[from] ability: Poison Heal
|upkeep
|turn|16
|
|t:|1778512305
|move|p2a: Gliscor|Earthquake|p1a: Great Tusk
|-damage|p1a: Great Tusk|0 fnt
|faint|p1a: Great Tusk
|-end|p1a: Great Tusk|Protosynthesis|[silent]
|
|-heal|p2a: Gliscor|100/100 tox|[from] ability: Poison Heal
|upkeep
|
|t:|1778512316
|switch|p1a: Gholdengo|Gholdengo|100/100
|-item|p1a: Gholdengo|Air Balloon
|turn|17
|
|t:|1778512329
|move|p1a: Gholdengo|Nasty Plot|p1a: Gholdengo
|-boost|p1a: Gholdengo|spa|2
|move|p2a: Gliscor|Substitute|p2a: Gliscor
|-start|p2a: Gliscor|Substitute
|-damage|p2a: Gliscor|76/100 tox
|
|-heal|p2a: Gliscor|88/100 tox|[from] ability: Poison Heal
|upkeep
|turn|18
|
|t:|1778512336
|move|p1a: Gholdengo|Shadow Ball|p2a: Gliscor
|-end|p2a: Gliscor|Substitute
|move|p2a: Gliscor|Earthquake|p1a: Gholdengo
|-immune|p1a: Gholdengo
|
|-heal|p2a: Gliscor|100/100 tox|[from] ability: Poison Heal
|upkeep
|turn|19
|
|t:|1778512345
|move|p2a: Gliscor|Protect|p2a: Gliscor
|-singleturn|p2a: Gliscor|Protect
|move|p1a: Gholdengo|Make It Rain|p2a: Gliscor
|-activate|p2a: Gliscor|move: Protect
|
|upkeep
|turn|20
|
|t:|1778512358
|move|p1a: Gholdengo|Make It Rain|p2a: Gliscor
|-damage|p2a: Gliscor|0 fnt
|-unboost|p1a: Gholdengo|spa|1
|faint|p2a: Gliscor
|
|win|astar026
|raw|astar026's rating: 1137 &rarr; <strong>1164</strong><br />(+27 for winning)
|raw|chitransh56's rating: 1167 &rarr; <strong>1140</strong><br />(-27 for losing)
|l|☆chitransh56
|player|p2|
|l|☆astar026
|player|p1|
