|html|<div class="broadcast-blue"><strong>[Gen 9] OU is currently suspecting Tera Blast! For information on how to participate check out the <a href="https://www.smogon.com/tools/suspects/view/200">suspect thread</a>.</strong></div>
|j|☆coast ghost
|j|☆NebulaTrainer
|t:|1776037879
|gametype|singles
|player|p1|coast ghost|gambler|1653
|player|p2|NebulaTrainer|cynthia-gen4|1701
|gen|9
|tier|[Gen 9] OU
|rated|
|rule|HP Percentage Mod: HP is shown in percentages
|rule|Endless Battle Clause: Forcing endless battles is banned
|rule|Species Clause: Limit one of each Pokémon
|rule|OHKO Clause: OHKO moves are banned
|rule|Evasion Items Clause: Evasion items are banned
|rule|Evasion Moves Clause: Evasion moves are banned
|rule|Evasion Abilities Clause: Evasion abilities are banned
|rule|Sleep Moves Clause: Sleep-inducing moves are banned
|clearpoke
|poke|p1|Chesnaught, F|
|poke|p1|Kyurem|
|poke|p1|Primarina, F|
|poke|p1|Dragonite, M|
|poke|p1|Iron Valiant|
|poke|p1|Iron Treads|
|poke|p2|Tornadus-Therian, M|
|poke|p2|Heatran, M|
|poke|p2|Hippowdon, M|
|poke|p2|Keldeo-Resolute|
|poke|p2|Excadrill, M|
|poke|p2|Hydrapple, F|
|teampreview
|
|t:|1776037905
|teamsize|p1|6
|teamsize|p2|6
|start
|switch|p1a: Primarina|Primarina, F|100/100
|switch|p2a: Tornadus|Tornadus-Therian, M, shiny|100/100
|turn|1
|
|t:|1776037918
|move|p2a: Tornadus|Knock Off|p1a: Primarina
|-resisted|p1a: Primarina
|-damage|p1a: Primarina|86/100
|-enditem|p1a: Primarina|Assault Vest|[from] move: Knock Off|[of] p2a: Tornadus
|move|p1a: Primarina|Moonblast|p2a: Tornadus
|-damage|p2a: Tornadus|65/100
|-unboost|p2a: Tornadus|spa|1
|
|upkeep
|turn|2
|
|t:|1776037928
|move|p2a: Tornadus|U-turn|p1a: Primarina
|-resisted|p1a: Primarina
|-damage|p1a: Primarina|77/100
|
|t:|1776037934
|switch|p2a: Heatran|Heatran, M, shiny|100/100|[from] U-turn
|move|p1a: Primarina|Surf|p2a: Heatran
|-supereffective|p2a: Heatran
|-damage|p2a: Heatran|40/100
|
|-heal|p2a: Heatran|46/100|[from] item: Leftovers
|upkeep
|turn|3
|
|t:|1776037944
|move|p2a: Heatran|Protect|p2a: Heatran
|-singleturn|p2a: Heatran|Protect
|move|p1a: Primarina|Surf|p2a: Heatran
|-activate|p2a: Heatran|move: Protect
|
|-heal|p2a: Heatran|52/100|[from] item: Leftovers
|upkeep
|turn|4
|
|t:|1776037954
|move|p1a: Primarina|Flip Turn|p2a: Heatran
|-supereffective|p2a: Heatran
|-damage|p2a: Heatran|30/100
|
|t:|1776037961
|switch|p1a: Iron Treads|Iron Treads|100/100|[from] Flip Turn
|move|p2a: Heatran|Magma Storm|p1a: Iron Treads|[miss]
|-miss|p2a: Heatran|p1a: Iron Treads
|
|-heal|p2a: Heatran|36/100|[from] item: Leftovers
|upkeep
|turn|5
|
|t:|1776037970
|move|p1a: Iron Treads|Earthquake|p2a: Heatran
|-supereffective|p2a: Heatran
|-damage|p2a: Heatran|0 fnt
|faint|p2a: Heatran
|
|upkeep
|
|t:|1776037976
|switch|p2a: Hydrapple|Hydrapple, F, shiny|100/100
|turn|6
|
|t:|1776037980
|-terastallize|p2a: Hydrapple|Fairy
|move|p1a: Iron Treads|Knock Off|p2a: Hydrapple
|-resisted|p2a: Hydrapple
|-damage|p2a: Hydrapple|89/100
|-enditem|p2a: Hydrapple|Heavy-Duty Boots|[from] move: Knock Off|[of] p1a: Iron Treads
|move|p2a: Hydrapple|Nasty Plot|p2a: Hydrapple
|-boost|p2a: Hydrapple|spa|2
|
|upkeep
|turn|7
|
|t:|1776037991
|move|p1a: Iron Treads|Stealth Rock|p2a: Hydrapple
|-sidestart|p2: NebulaTrainer|move: Stealth Rock
|move|p2a: Hydrapple|Giga Drain|p1a: Iron Treads
|-damage|p1a: Iron Treads|0 fnt
|-heal|p2a: Hydrapple|100/100|[from] drain|[of] p1a: Iron Treads
|faint|p1a: Iron Treads
|-end|p1a: Iron Treads|Quark Drive|[silent]
|
|upkeep
|
|t:|1776038007
|switch|p1a: Primarina|Primarina, F|77/100
|turn|8
|j| wiiiu
|
|t:|1776038010
|move|p1a: Primarina|Psychic Noise|p2a: Hydrapple
|-damage|p2a: Hydrapple|75/100
|-start|p2a: Hydrapple|move: Heal Block
|move|p2a: Hydrapple|Earth Power|p1a: Primarina
|-damage|p1a: Primarina|20/100
|-unboost|p1a: Primarina|spd|1
|
|upkeep
|turn|9
|
|t:|1776038019
|move|p1a: Primarina|Moonblast|p2a: Hydrapple
|-damage|p2a: Hydrapple|26/100
|move|p2a: Hydrapple|Earth Power|p1a: Primarina
|-damage|p1a: Primarina|0 fnt
|faint|p1a: Primarina
|
|-end|p2a: Hydrapple|move: Heal Block
|upkeep
|
|t:|1776038027
|switch|p1a: Kyurem|Kyurem|100/100
|-ability|p1a: Kyurem|Pressure
|turn|10
|
|t:|1776038035
|switch|p2a: Tornadus|Tornadus-Therian, M, shiny|98/100
|-damage|p2a: Tornadus|73/100|[from] Stealth Rock
|move|p1a: Kyurem|Freeze-Dry|p2a: Tornadus
|-supereffective|p2a: Tornadus
|-damage|p2a: Tornadus|0 fnt
|faint|p2a: Tornadus
|
|upkeep
|
|t:|1776038045
|switch|p2a: Keldeo|Keldeo-Resolute, shiny|100/100
|-damage|p2a: Keldeo|94/100|[from] Stealth Rock
|turn|11
|
|t:|1776038049
|switch|p1a: Chesnaught|Chesnaught, F|100/100
|move|p2a: Keldeo|Hydro Pump|p1a: Chesnaught
|-resisted|p1a: Chesnaught
|-damage|p1a: Chesnaught|53/100
|
|upkeep
|turn|12
|
|t:|1776038063
|switch|p2a: Hydrapple|Hydrapple, F, shiny, tera:Fairy|60/100
|-damage|p2a: Hydrapple|47/100|[from] Stealth Rock
|move|p1a: Chesnaught|Spikes|p2a: Hydrapple
|-sidestart|p2: NebulaTrainer|Spikes
|
|upkeep
|turn|13
|
|t:|1776038070
|switch|p1a: Kyurem|Kyurem|100/100
|-ability|p1a: Kyurem|Pressure
|move|p2a: Hydrapple|Fickle Beam|p1a: Kyurem
|-supereffective|p1a: Kyurem
|-damage|p1a: Kyurem|14/100
|
|upkeep
|turn|14
|
|t:|1776038081
|switch|p2a: Hippowdon|Hippowdon, M, shiny|100/100
|-damage|p2a: Hippowdon|94/100|[from] Stealth Rock
|-damage|p2a: Hippowdon|82/100|[from] Spikes
|-weather|Sandstorm|[from] ability: Sand Stream|[of] p2a: Hippowdon
|-terastallize|p1a: Kyurem|Ice
|move|p1a: Kyurem|Freeze-Dry|p2a: Hippowdon
|-supereffective|p2a: Hippowdon
|-damage|p2a: Hippowdon|0 fnt
|faint|p2a: Hippowdon
|
|-weather|Sandstorm|[upkeep]
|-damage|p1a: Kyurem|8/100|[from] Sandstorm
|upkeep
|
|t:|1776038096
|switch|p2a: Excadrill|Excadrill, M, shiny|100/100
|-damage|p2a: Excadrill|97/100|[from] Stealth Rock
|-damage|p2a: Excadrill|85/100|[from] Spikes
|turn|15
|
|t:|1776038102
|switch|p1a: Chesnaught|Chesnaught, F|53/100
|move|p2a: Excadrill|Rapid Spin|p1a: Chesnaught
|-damage|p1a: Chesnaught|43/100
|-boost|p2a: Excadrill|spe|1
|-damage|p2a: Excadrill|68/100|[from] item: Rocky Helmet|[of] p1a: Chesnaught
|-sideend|p2: NebulaTrainer|Spikes|[from] move: Rapid Spin|[of] p2a: Excadrill
|-sideend|p2: NebulaTrainer|Stealth Rock|[from] move: Rapid Spin|[of] p2a: Excadrill
|
|-weather|Sandstorm|[upkeep]
|-damage|p1a: Chesnaught|37/100|[from] Sandstorm
|-heal|p2a: Excadrill|74/100|[from] item: Leftovers
|upkeep
|turn|16
|
|t:|1776038115
|move|p2a: Excadrill|Iron Head|p1a: Chesnaught
|-damage|p1a: Chesnaught|14/100
|-damage|p2a: Excadrill|58/100|[from] item: Rocky Helmet|[of] p1a: Chesnaught
|move|p1a: Chesnaught|Synthesis|p1a: Chesnaught
|-heal|p1a: Chesnaught|39/100
|
|-weather|Sandstorm|[upkeep]
|-damage|p1a: Chesnaught|33/100|[from] Sandstorm
|-heal|p2a: Excadrill|64/100|[from] item: Leftovers
|upkeep
|turn|17
|
|t:|1776038125
|move|p2a: Excadrill|Swords Dance|p2a: Excadrill
|-boost|p2a: Excadrill|atk|2
|move|p1a: Chesnaught|Body Press|p2a: Excadrill
|-supereffective|p2a: Excadrill
|-damage|p2a: Excadrill|0 fnt
|faint|p2a: Excadrill
|
|-weather|Sandstorm|[upkeep]
|-damage|p1a: Chesnaught|27/100|[from] Sandstorm
|upkeep
|
|t:|1776038135
|switch|p2a: Hydrapple|Hydrapple, F, shiny, tera:Fairy|80/100
|turn|18
|
|t:|1776038140
|switch|p1a: Iron Valiant|Iron Valiant|100/100
|-enditem|p1a: Iron Valiant|Booster Energy
|-activate|p1a: Iron Valiant|ability: Quark Drive|[fromitem]
|-start|p1a: Iron Valiant|quarkdrivespe
|move|p2a: Hydrapple|Giga Drain|p1a: Iron Valiant
|-damage|p1a: Iron Valiant|13/100
|-heal|p2a: Hydrapple|100/100|[from] drain|[of] p1a: Iron Valiant
|
|-weather|Sandstorm|[upkeep]
|-damage|p1a: Iron Valiant|7/100|[from] Sandstorm
|-damage|p2a: Hydrapple|94/100|[from] Sandstorm
|upkeep
|turn|19
|
|t:|1776038152
|move|p1a: Iron Valiant|Encore|p2a: Hydrapple
|-start|p2a: Hydrapple|Encore
|move|p2a: Hydrapple|Giga Drain|p1a: Iron Valiant
|-damage|p1a: Iron Valiant|0 fnt
|-heal|p2a: Hydrapple|96/100|[from] drain|[of] p1a: Iron Valiant
|faint|p1a: Iron Valiant
|-end|p1a: Iron Valiant|Quark Drive|[silent]
|
|-weather|Sandstorm|[upkeep]
|-damage|p2a: Hydrapple|90/100|[from] Sandstorm
|upkeep
|
|t:|1776038157
|switch|p1a: Dragonite|Dragonite, M|100/100
|turn|20
|
|t:|1776038170
|switch|p2a: Keldeo|Keldeo-Resolute, shiny|94/100
|move|p1a: Dragonite|Dragon Dance|p1a: Dragonite
|-boost|p1a: Dragonite|atk|1
|-boost|p1a: Dragonite|spe|1
|
|-weather|Sandstorm|[upkeep]
|-damage|p1a: Dragonite|94/100|[from] Sandstorm
|-damage|p2a: Keldeo|88/100|[from] Sandstorm
|upkeep
|turn|21
|
|t:|1776038179
|move|p1a: Dragonite|Earthquake|p2a: Keldeo
|-damage|p2a: Keldeo|22/100
|move|p2a: Keldeo|Icy Wind|p1a: Dragonite
|-supereffective|p1a: Dragonite
|-damage|p1a: Dragonite|0 fnt
|faint|p1a: Dragonite
|
|-weather|none
|upkeep
|
|t:|1776038189
|switch|p1a: Kyurem|Kyurem, tera:Ice|8/100
|-ability|p1a: Kyurem|Pressure
|turn|22
|
|t:|1776038193
|move|p2a: Keldeo|Icy Wind|p1a: Kyurem
|-resisted|p1a: Kyurem
|-damage|p1a: Kyurem|0 fnt
|faint|p1a: Kyurem
|
|upkeep
|
|t:|1776038196
|switch|p1a: Chesnaught|Chesnaught, F|27/100
|turn|23
|c|☆coast ghost|gg
|
|t:|1776038201
|move|p2a: Keldeo|Icy Wind|p1a: Chesnaught
|-supereffective|p1a: Chesnaught
|-damage|p1a: Chesnaught|0 fnt
|faint|p1a: Chesnaught
|
|win|NebulaTrainer
|raw|coast ghost's rating: 1653 &rarr; <strong>1636</strong><br />(-17 for losing)
|raw|NebulaTrainer's rating: 1701 &rarr; <strong>1718</strong><br />(+17 for winning)
|c| wiiiu|Gg
