|html|<div class="broadcast-blue"><strong>[Gen 9] OU is currently suspecting Tera Blast! For information on how to participate check out the <a href="https://www.smogon.com/tools/suspects/view/200">suspect thread</a>.</strong></div>
|j|☆Dinorex007
|j|☆too short to ride
|t:|1776105134
|gametype|singles
|player|p1|Dinorex007|nate|1372
|player|p2|too short to ride|scientistf|1430
|gen|9
|tier|[Gen 9] OU
|rated|
|rule|HP Percentage Mod: HP is shown in percentages
|rule|Endless Battle Clause: Forcing endless battles is banned
|rule|Species Clause: Limit one of each Pokémon
|rule|OHKO Clause: OHKO moves are banned
|rule|Evasion Items Clause: Evasion items are banned
|rule|Evasion Moves Clause: Evasion moves are banned
|rule|Evasion Abilities Clause: Evasion abilities are banned
|rule|Sleep Moves Clause: Sleep-inducing moves are banned
|clearpoke
|poke|p1|Regidrago|
|poke|p1|Darkrai|
|poke|p1|Ogerpon, F|
|poke|p1|Primarina, M|
|poke|p1|Ceruledge, F|
|poke|p1|Hitmonchan, M|
|poke|p2|Hydrapple, M|
|poke|p2|Tyranitar, F|
|poke|p2|Moltres|
|poke|p2|Zamazenta-*|
|poke|p2|Slowking-Galar, M|
|poke|p2|Excadrill, F|
|teampreview
|inactive|Battle timer is ON: inactive players will automatically lose when time's up. (requested by Dinorex007)
|
|t:|1776105150
|teamsize|p1|6
|teamsize|p2|6
|start
|switch|p1a: Hitmonchan|Hitmonchan, M|100/100
|switch|p2a: Tyranitar|Tyranitar, F|100/100
|-weather|Sandstorm|[from] ability: Sand Stream|[of] p2a: Tyranitar
|turn|1
|
|t:|1776105161
|switch|p2a: Zamazenta|Zamazenta|100/100
|-ability|p2a: Zamazenta|Dauntless Shield|boost
|-boost|p2a: Zamazenta|def|1
|move|p1a: Hitmonchan|Rapid Spin|p2a: Zamazenta
|-damage|p2a: Zamazenta|90/100
|-boost|p1a: Hitmonchan|spe|1
|-damage|p1a: Hitmonchan|91/100|[from] item: Life Orb
|
|-weather|Sandstorm|[upkeep]
|-damage|p1a: Hitmonchan|84/100|[from] Sandstorm
|-damage|p2a: Zamazenta|84/100|[from] Sandstorm
|-heal|p2a: Zamazenta|90/100|[from] item: Leftovers
|upkeep
|turn|2
|
|t:|1776105174
|move|p1a: Hitmonchan|Close Combat|p2a: Zamazenta
|-damage|p2a: Zamazenta|54/100
|-unboost|p1a: Hitmonchan|def|1
|-unboost|p1a: Hitmonchan|spd|1
|-damage|p1a: Hitmonchan|74/100|[from] item: Life Orb
|move|p2a: Zamazenta|Iron Defense|p2a: Zamazenta
|-boost|p2a: Zamazenta|def|2
|
|-weather|Sandstorm|[upkeep]
|-damage|p1a: Hitmonchan|68/100|[from] Sandstorm
|-damage|p2a: Zamazenta|48/100|[from] Sandstorm
|-heal|p2a: Zamazenta|54/100|[from] item: Leftovers
|upkeep
|turn|3
|
|t:|1776105186
|move|p1a: Hitmonchan|Ice Punch|p2a: Zamazenta
|-damage|p2a: Zamazenta|44/100
|-damage|p1a: Hitmonchan|58/100|[from] item: Life Orb
|move|p2a: Zamazenta|Body Press|p1a: Hitmonchan
|-damage|p1a: Hitmonchan|0 fnt
|faint|p1a: Hitmonchan
|
|-weather|Sandstorm|[upkeep]
|-damage|p2a: Zamazenta|38/100|[from] Sandstorm
|-heal|p2a: Zamazenta|44/100|[from] item: Leftovers
|upkeep
|
|t:|1776105198
|switch|p1a: Primarina|Primarina, M|100/100
|turn|4
|
|t:|1776105204
|switch|p2a: Slowking|Slowking-Galar, M|100/100
|move|p1a: Primarina|Calm Mind|p1a: Primarina
|-boost|p1a: Primarina|spa|1
|-boost|p1a: Primarina|spd|1
|
|-weather|Sandstorm|[upkeep]
|-damage|p1a: Primarina|94/100|[from] Sandstorm
|-damage|p2a: Slowking|94/100|[from] Sandstorm
|-heal|p1a: Primarina|100/100|[from] item: Leftovers
|upkeep
|turn|5
|
|t:|1776105215
|move|p1a: Primarina|Substitute|p1a: Primarina
|-start|p1a: Primarina|Substitute
|-damage|p1a: Primarina|75/100
|move|p2a: Slowking|Sludge Bomb|p1a: Primarina
|-supereffective|p1a: Primarina
|-end|p1a: Primarina|Substitute
|
|-weather|Sandstorm|[upkeep]
|-damage|p1a: Primarina|69/100|[from] Sandstorm
|-damage|p2a: Slowking|88/100|[from] Sandstorm
|-heal|p1a: Primarina|75/100|[from] item: Leftovers
|upkeep
|turn|6
|
|t:|1776105227
|-terastallize|p1a: Primarina|Steel
|move|p1a: Primarina|Substitute|p1a: Primarina
|-start|p1a: Primarina|Substitute
|-damage|p1a: Primarina|50/100
|move|p2a: Slowking|Sludge Bomb|p1a: Primarina
|-immune|p1a: Primarina
|
|-weather|Sandstorm|[upkeep]
|-damage|p2a: Slowking|82/100|[from] Sandstorm
|-heal|p1a: Primarina|57/100|[from] item: Leftovers
|upkeep
|turn|7
|
|t:|1776105237
|move|p1a: Primarina|Calm Mind|p1a: Primarina
|-boost|p1a: Primarina|spa|1
|-boost|p1a: Primarina|spd|1
|move|p2a: Slowking|Flamethrower|p1a: Primarina
|-supereffective|p1a: Primarina
|-activate|p1a: Primarina|move: Substitute|[damage]
|
|-weather|Sandstorm|[upkeep]
|-damage|p2a: Slowking|76/100|[from] Sandstorm
|-heal|p1a: Primarina|63/100|[from] item: Leftovers
|upkeep
|turn|8
|
|t:|1776105249
|switch|p2a: Excadrill|Excadrill, F|100/100
|-item|p2a: Excadrill|Air Balloon
|move|p1a: Primarina|Calm Mind|p1a: Primarina
|-boost|p1a: Primarina|spa|1
|-boost|p1a: Primarina|spd|1
|
|-weather|none
|-heal|p1a: Primarina|69/100|[from] item: Leftovers
|upkeep
|turn|9
|
|t:|1776105259
|move|p2a: Excadrill|Earthquake|p1a: Primarina
|-supereffective|p1a: Primarina
|-end|p1a: Primarina|Substitute
|move|p1a: Primarina|Hyper Voice|p2a: Excadrill
|-supereffective|p2a: Excadrill
|-damage|p2a: Excadrill|0 fnt
|-enditem|p2a: Excadrill|Air Balloon
|faint|p2a: Excadrill
|
|-heal|p1a: Primarina|75/100|[from] item: Leftovers
|upkeep
|
|t:|1776105261
|switch|p2a: Zamazenta|Zamazenta|44/100
|turn|10
|
|t:|1776105271
|move|p2a: Zamazenta|Body Press|p1a: Primarina
|-supereffective|p1a: Primarina
|-damage|p1a: Primarina|17/100
|move|p1a: Primarina|Draining Kiss|p2a: Zamazenta
|-supereffective|p2a: Zamazenta
|-damage|p2a: Zamazenta|0 fnt
|-heal|p1a: Primarina|46/100|[from] drain|[of] p2a: Zamazenta
|faint|p2a: Zamazenta
|
|-heal|p1a: Primarina|52/100|[from] item: Leftovers
|upkeep
|
|t:|1776105282
|switch|p2a: Tyranitar|Tyranitar, F|100/100
|-weather|Sandstorm|[from] ability: Sand Stream|[of] p2a: Tyranitar
|turn|11
|
|t:|1776105287
|-terastallize|p2a: Tyranitar|Flying
|move|p1a: Primarina|Hyper Voice|p2a: Tyranitar
|-damage|p2a: Tyranitar|38/100
|move|p2a: Tyranitar|Knock Off|p1a: Primarina
|-damage|p1a: Primarina|19/100
|-enditem|p1a: Primarina|Leftovers|[from] move: Knock Off|[of] p2a: Tyranitar
|
|-weather|Sandstorm|[upkeep]
|-damage|p2a: Tyranitar|32/100|[from] Sandstorm
|upkeep
|turn|12
|
|t:|1776105298
|switch|p2a: Slowking|Slowking-Galar, M|100/100
|move|p1a: Primarina|Hyper Voice|p2a: Slowking
|-damage|p2a: Slowking|51/100
|
|-weather|Sandstorm|[upkeep]
|-damage|p2a: Slowking|45/100|[from] Sandstorm
|upkeep
|turn|13
|
|t:|1776105309
|switch|p2a: Hydrapple|Hydrapple, M|100/100
|move|p1a: Primarina|Hyper Voice|p2a: Hydrapple
|-resisted|p2a: Hydrapple
|-damage|p2a: Hydrapple|77/100
|
|-weather|Sandstorm|[upkeep]
|-damage|p2a: Hydrapple|70/100|[from] Sandstorm
|upkeep
|turn|14
|
|t:|1776105316
|switch|p2a: Slowking|Slowking-Galar, M|78/100
|move|p1a: Primarina|Draining Kiss|p2a: Slowking
|-resisted|p2a: Slowking
|-damage|p2a: Slowking|65/100
|-heal|p1a: Primarina|30/100|[from] drain|[of] p2a: Slowking
|
|-weather|Sandstorm|[upkeep]
|-damage|p2a: Slowking|59/100|[from] Sandstorm
|upkeep
|turn|15
|
|t:|1776105327
|move|p1a: Primarina|Substitute|p1a: Primarina
|-start|p1a: Primarina|Substitute
|-damage|p1a: Primarina|5/100
|move|p2a: Slowking|Psyshock|p1a: Primarina
|-resisted|p1a: Primarina
|-crit|p1a: Primarina
|-activate|p1a: Primarina|move: Substitute|[damage]
|
|-weather|Sandstorm|[upkeep]
|-damage|p2a: Slowking|52/100|[from] Sandstorm
|upkeep
|turn|16
|
|t:|1776105335
|move|p1a: Primarina|Hyper Voice|p2a: Slowking
|-damage|p2a: Slowking|0 fnt
|faint|p2a: Slowking
|
|-weather|Sandstorm|[upkeep]
|upkeep
|-message|too short to ride forfeited.
|
|win|Dinorex007
|raw|Dinorex007's rating: 1372 &rarr; <strong>1395</strong><br />(+23 for winning)
|raw|too short to ride's rating: 1430 &rarr; <strong>1407</strong><br />(-23 for losing)
|l|☆too short to ride
|player|p2|
|l|☆Dinorex007
|player|p1|
