|html|<div class="broadcast-blue"><strong>[Gen 9] OU is currently suspecting Tera Blast! For information on how to participate check out the <a href="https://www.smogon.com/tools/suspects/view/200">suspect thread</a>.</strong></div>
|j|☆limitado60hz
|j|‽georgrdro02
|t:|1776062488
|gametype|singles
|player|p1|limitado60hz|roxie|1259
|player|p2|georgrdro02|1|1311
|gen|9
|tier|[Gen 9] OU
|rated|
|rule|HP Percentage Mod: HP is shown in percentages
|rule|Endless Battle Clause: Forcing endless battles is banned
|rule|Species Clause: Limit one of each Pokémon
|rule|OHKO Clause: OHKO moves are banned
|rule|Evasion Items Clause: Evasion items are banned
|rule|Evasion Moves Clause: Evasion moves are banned
|rule|Evasion Abilities Clause: Evasion abilities are banned
|rule|Sleep Moves Clause: Sleep-inducing moves are banned
|clearpoke
|poke|p1|Kyurem|
|poke|p1|Rillaboom, F|
|poke|p1|Garganacl, F|
|poke|p1|Pecharunt|
|poke|p1|Iron Treads|
|poke|p1|Zamazenta-*|
|poke|p2|Salamence, M|
|poke|p2|Hoopa-Unbound|
|poke|p2|Iron Treads|
|poke|p2|Zamazenta-*|
|poke|p2|Hatterene, F|
|poke|p2|Iron Moth|
|teampreview
|inactive|Battle timer is ON: inactive players will automatically lose when time's up. (requested by georgrdro02)
|
|t:|1776062508
|teamsize|p1|6
|teamsize|p2|6
|start
|switch|p1a: Garganacl|Garganacl, F|100/100
|switch|p2a: Hatterene|Hatterene, F|100/100
|turn|1
|
|t:|1776062519
|switch|p2a: Iron Treads|Iron Treads|100/100
|move|p1a: Garganacl|Salt Cure|p2a: Iron Treads
|-resisted|p2a: Iron Treads
|-damage|p2a: Iron Treads|98/100
|-start|p2a: Iron Treads|Salt Cure
|
|-heal|p2a: Iron Treads|100/100|[from] item: Leftovers
|-damage|p2a: Iron Treads|75/100|[from] Salt Cure
|upkeep
|turn|2
|
|t:|1776062539
|switch|p1a: Pecharunt|Pecharunt|100/100
|move|p2a: Iron Treads|Stealth Rock|p1a: Pecharunt
|-sidestart|p1: limitado60hz|move: Stealth Rock
|
|-heal|p2a: Iron Treads|82/100|[from] item: Leftovers
|-damage|p2a: Iron Treads|57/100|[from] Salt Cure
|upkeep
|turn|3
|
|t:|1776062549
|move|p2a: Iron Treads|Knock Off|p1a: Pecharunt
|-supereffective|p1a: Pecharunt
|-damage|p1a: Pecharunt|71/100
|-enditem|p1a: Pecharunt|Heavy-Duty Boots|[from] move: Knock Off|[of] p2a: Iron Treads
|move|p1a: Pecharunt|Shadow Ball|p2a: Iron Treads
|-damage|p2a: Iron Treads|29/100
|
|-heal|p2a: Iron Treads|35/100|[from] item: Leftovers
|-damage|p2a: Iron Treads|10/100|[from] Salt Cure
|upkeep
|turn|4
|
|t:|1776062562
|move|p2a: Iron Treads|Knock Off|p1a: Pecharunt
|-supereffective|p1a: Pecharunt
|-damage|p1a: Pecharunt|50/100
|move|p1a: Pecharunt|Parting Shot|p2a: Iron Treads
|-unboost|p2a: Iron Treads|atk|1
|-unboost|p2a: Iron Treads|spa|1
|
|t:|1776062570
|switch|p1a: Iron Treads|Iron Treads|100/100|[from] Parting Shot
|-damage|p1a: Iron Treads|98/100|[from] Stealth Rock
|
|-heal|p2a: Iron Treads|16/100|[from] item: Leftovers
|-damage|p2a: Iron Treads|0 fnt|[from] Salt Cure
|faint|p2a: Iron Treads
|-end|p2a: Iron Treads|Quark Drive|[silent]
|upkeep
|
|t:|1776062577
|switch|p2a: Iron Moth|Iron Moth|100/100
|-enditem|p2a: Iron Moth|Booster Energy
|-activate|p2a: Iron Moth|ability: Quark Drive|[fromitem]
|-start|p2a: Iron Moth|quarkdrivespe
|turn|5
|
|t:|1776062584
|move|p2a: Iron Moth|Fiery Dance|p1a: Iron Treads
|-supereffective|p1a: Iron Treads
|-damage|p1a: Iron Treads|26/100
|-boost|p2a: Iron Moth|spa|1
|move|p1a: Iron Treads|Rapid Spin|p2a: Iron Moth
|-damage|p2a: Iron Moth|77/100
|-boost|p1a: Iron Treads|spe|1
|-sideend|p1: limitado60hz|Stealth Rock|[from] move: Rapid Spin|[of] p1a: Iron Treads
|
|upkeep
|turn|6
|
|t:|1776062605
|move|p2a: Iron Moth|Fiery Dance|p1a: Iron Treads
|-supereffective|p1a: Iron Treads
|-damage|p1a: Iron Treads|0 fnt
|faint|p1a: Iron Treads
|-end|p1a: Iron Treads|Quark Drive|[silent]
|
|upkeep
|
|t:|1776062619
|switch|p1a: Zamazenta|Zamazenta|100/100
|-ability|p1a: Zamazenta|Dauntless Shield|boost
|-boost|p1a: Zamazenta|def|1
|turn|7
|
|t:|1776062637
|move|p2a: Iron Moth|Sludge Wave|p1a: Zamazenta
|-damage|p1a: Zamazenta|42/100
|move|p1a: Zamazenta|Roar|p2a: Iron Moth
|-end|p2a: Iron Moth|Quark Drive|[silent]
|drag|p2a: Salamence|Salamence, M|100/100
|-ability|p2a: Salamence|Intimidate|boost
|-unboost|p1a: Zamazenta|atk|1
|
|-heal|p1a: Zamazenta|48/100|[from] item: Leftovers
|upkeep
|turn|8
|
|t:|1776062649
|switch|p1a: Garganacl|Garganacl, F|100/100
|move|p2a: Salamence|Dragon Dance|p2a: Salamence
|-boost|p2a: Salamence|atk|1
|-boost|p2a: Salamence|spe|1
|
|upkeep
|turn|9
|
|t:|1776062655
|move|p2a: Salamence|Earthquake|p1a: Garganacl
|-supereffective|p1a: Garganacl
|-damage|p1a: Garganacl|28/100
|move|p1a: Garganacl|Salt Cure|p2a: Salamence
|-supereffective|p2a: Salamence
|-damage|p2a: Salamence|64/100
|-start|p2a: Salamence|Salt Cure
|
|-heal|p1a: Garganacl|34/100|[from] item: Leftovers
|-damage|p2a: Salamence|51/100|[from] Salt Cure
|upkeep
|turn|10
|
|t:|1776062672
|move|p1a: Garganacl|Protect|p1a: Garganacl
|-singleturn|p1a: Garganacl|Protect
|move|p2a: Salamence|Outrage|p1a: Garganacl
|-activate|p1a: Garganacl|move: Protect
|
|-heal|p1a: Garganacl|40/100|[from] item: Leftovers
|-damage|p2a: Salamence|39/100|[from] Salt Cure
|upkeep
|turn|11
|inactive|limitado60hz has 120 seconds left.
|
|t:|1776062707
|move|p2a: Salamence|Earthquake|p1a: Garganacl
|-supereffective|p1a: Garganacl
|-damage|p1a: Garganacl|0 fnt
|faint|p1a: Garganacl
|
|-damage|p2a: Salamence|26/100|[from] Salt Cure
|upkeep
|
|t:|1776062733
|switch|p1a: Rillaboom|Rillaboom, F|100/100
|-fieldstart|move: Grassy Terrain|[from] ability: Grassy Surge|[of] p1a: Rillaboom
|turn|12
|
|t:|1776062739
|move|p1a: Rillaboom|Grassy Glide|p2a: Salamence
|-resisted|p2a: Salamence
|-crit|p2a: Salamence
|-damage|p2a: Salamence|0 fnt
|faint|p2a: Salamence
|
|upkeep
|
|t:|1776062748
|switch|p2a: Iron Moth|Iron Moth|77/100
|turn|13
|
|t:|1776062758
|switch|p1a: Zamazenta|Zamazenta|48/100
|move|p2a: Iron Moth|Substitute|p2a: Iron Moth
|-start|p2a: Iron Moth|Substitute
|-damage|p2a: Iron Moth|52/100
|
|-heal|p1a: Zamazenta|54/100|[from] Grassy Terrain
|-heal|p1a: Zamazenta|60/100|[from] item: Leftovers
|-heal|p2a: Iron Moth|58/100|[from] Grassy Terrain
|upkeep
|turn|14
|
|t:|1776062766
|move|p2a: Iron Moth|Fiery Dance|p1a: Zamazenta
|-damage|p1a: Zamazenta|25/100
|move|p1a: Zamazenta|Roar|p2a: Iron Moth
|-end|p2a: Iron Moth|Quark Drive|[silent]
|drag|p2a: Hoopa|Hoopa-Unbound|100/100
|
|-heal|p1a: Zamazenta|31/100|[from] Grassy Terrain
|-heal|p1a: Zamazenta|37/100|[from] item: Leftovers
|upkeep
|turn|15
|
|t:|1776062774
|move|p1a: Zamazenta|Body Press|p2a: Hoopa
|-damage|p2a: Hoopa|60/100
|move|p2a: Hoopa|Psychic Noise|p1a: Zamazenta
|-supereffective|p1a: Zamazenta
|-damage|p1a: Zamazenta|0 fnt
|faint|p1a: Zamazenta
|
|-heal|p2a: Hoopa|66/100|[from] Grassy Terrain
|upkeep
|inactive|limitado60hz has 120 seconds left.
|
|t:|1776062793
|switch|p1a: Rillaboom|Rillaboom, F|100/100
|turn|16
|
|t:|1776062797
|switch|p2a: Hatterene|Hatterene, F|100/100
|move|p1a: Rillaboom|U-turn|p2a: Hatterene
|-damage|p2a: Hatterene|72/100
|-damage|p1a: Rillaboom|84/100|[from] item: Rocky Helmet|[of] p2a: Hatterene
|
|t:|1776062802
|switch|p1a: Pecharunt|Pecharunt|50/100|[from] U-turn
|
|-heal|p1a: Pecharunt|56/100|[from] Grassy Terrain
|-heal|p2a: Hatterene|78/100|[from] Grassy Terrain
|-fieldend|move: Grassy Terrain
|upkeep
|turn|17
|
|t:|1776062806
|move|p1a: Pecharunt|Shadow Ball|p2a: Hatterene
|-supereffective|p2a: Hatterene
|-damage|p2a: Hatterene|25/100
|move|p2a: Hatterene|Psychic Noise|p1a: Pecharunt
|-supereffective|p1a: Pecharunt
|-damage|p1a: Pecharunt|0 fnt
|faint|p1a: Pecharunt
|
|upkeep
|
|t:|1776062817
|switch|p1a: Kyurem|Kyurem|100/100
|-ability|p1a: Kyurem|Pressure
|turn|18
|
|t:|1776062825
|move|p1a: Kyurem|Earth Power|p2a: Hatterene
|-damage|p2a: Hatterene|0 fnt
|faint|p2a: Hatterene
|
|upkeep
|
|t:|1776062833
|switch|p2a: Hoopa|Hoopa-Unbound|66/100
|turn|19
|
|t:|1776062846
|move|p1a: Kyurem|Freeze-Dry|p2a: Hoopa
|-damage|p2a: Hoopa|48/100
|move|p2a: Hoopa|Drain Punch|p1a: Kyurem
|-supereffective|p1a: Kyurem
|-damage|p1a: Kyurem|54/100
|-heal|p2a: Hoopa|76/100|[from] drain|[of] p1a: Kyurem
|
|-heal|p1a: Kyurem|60/100|[from] item: Leftovers
|upkeep
|turn|20
|
|t:|1776062853
|switch|p1a: Rillaboom|Rillaboom, F|84/100
|-fieldstart|move: Grassy Terrain|[from] ability: Grassy Surge|[of] p1a: Rillaboom
|move|p2a: Hoopa|Drain Punch|p1a: Rillaboom
|-damage|p1a: Rillaboom|53/100
|-heal|p2a: Hoopa|91/100|[from] drain|[of] p1a: Rillaboom
|
|-heal|p1a: Rillaboom|59/100|[from] Grassy Terrain
|-heal|p2a: Hoopa|97/100|[from] Grassy Terrain
|upkeep
|turn|21
|
|t:|1776062857
|switch|p2a: Iron Moth|Iron Moth|58/100
|move|p1a: Rillaboom|U-turn|p2a: Iron Moth
|-resisted|p2a: Iron Moth
|-damage|p2a: Iron Moth|43/100
|
|t:|1776062862
|switch|p1a: Kyurem|Kyurem|60/100|[from] U-turn
|-ability|p1a: Kyurem|Pressure
|
|-heal|p2a: Iron Moth|49/100|[from] Grassy Terrain
|-heal|p1a: Kyurem|66/100|[from] Grassy Terrain
|-heal|p1a: Kyurem|72/100|[from] item: Leftovers
|upkeep
|turn|22
|
|t:|1776062869
|move|p2a: Iron Moth|Fiery Dance|p1a: Kyurem
|-crit|p1a: Kyurem
|-damage|p1a: Kyurem|13/100
|move|p1a: Kyurem|Earth Power|p2a: Iron Moth
|-supereffective|p2a: Iron Moth
|-damage|p2a: Iron Moth|0 fnt
|faint|p2a: Iron Moth
|-end|p2a: Iron Moth|Quark Drive|[silent]
|
|-heal|p1a: Kyurem|19/100|[from] Grassy Terrain
|-heal|p1a: Kyurem|25/100|[from] item: Leftovers
|upkeep
|
|t:|1776062875
|switch|p2a: Hoopa|Hoopa-Unbound|97/100
|turn|23
|
|t:|1776062878
|move|p1a: Kyurem|Protect|p1a: Kyurem
|-singleturn|p1a: Kyurem|Protect
|move|p2a: Hoopa|Drain Punch|p1a: Kyurem
|-activate|p1a: Kyurem|move: Protect
|
|-heal|p1a: Kyurem|31/100|[from] Grassy Terrain
|-heal|p1a: Kyurem|38/100|[from] item: Leftovers
|-heal|p2a: Hoopa|100/100|[from] Grassy Terrain
|upkeep
|turn|24
|
|t:|1776062892
|move|p1a: Kyurem|Earth Power|p2a: Hoopa
|-damage|p2a: Hoopa|85/100
|move|p2a: Hoopa|Psychic Noise|p1a: Kyurem
|-damage|p1a: Kyurem|0 fnt
|faint|p1a: Kyurem
|
|-heal|p2a: Hoopa|91/100|[from] Grassy Terrain
|-fieldend|move: Grassy Terrain
|upkeep
|
|t:|1776062895
|switch|p1a: Rillaboom|Rillaboom, F|59/100
|-fieldstart|move: Grassy Terrain|[from] ability: Grassy Surge|[of] p1a: Rillaboom
|turn|25
|
|t:|1776062900
|-terastallize|p1a: Rillaboom|Grass
|move|p1a: Rillaboom|Grassy Glide|p2a: Hoopa
|-damage|p2a: Hoopa|9/100
|move|p2a: Hoopa|Psychic Noise|p1a: Rillaboom
|-damage|p1a: Rillaboom|0 fnt
|faint|p1a: Rillaboom
|
|win|georgrdro02
|raw|limitado60hz's rating: 1259 &rarr; <strong>1238</strong><br />(-21 for losing)
|raw|georgrdro02's rating: 1311 &rarr; <strong>1328</strong><br />(+17 for winning)
|l|☆limitado60hz
|player|p1|
|l|‽georgrdro02
|player|p2|
