|html|<div class="broadcast-blue"><strong>[Gen 9] OU is currently suspecting Tera Blast! For information on how to participate check out the <a href="https://www.smogon.com/tools/suspects/view/200">suspect thread</a>.</strong></div>
|j|☆abGodc
|j|☆erennotyaeger
|t:|1776139278
|gametype|singles
|player|p1|abGodc|iris-gen5bw2|1753
|player|p2|erennotyaeger|2|1720
|gen|9
|tier|[Gen 9] OU
|rated|
|rule|HP Percentage Mod: HP is shown in percentages
|rule|Endless Battle Clause: Forcing endless battles is banned
|rule|Species Clause: Limit one of each Pokémon
|rule|OHKO Clause: OHKO moves are banned
|rule|Evasion Items Clause: Evasion items are banned
|rule|Evasion Moves Clause: Evasion moves are banned
|rule|Evasion Abilities Clause: Evasion abilities are banned
|rule|Sleep Moves Clause: Sleep-inducing moves are banned
|clearpoke
|poke|p1|Ting-Lu|
|poke|p1|Slowking-Galar, M|
|poke|p1|Corviknight, M|
|poke|p1|Cinderace, M|
|poke|p1|Ogerpon-Wellspring, F|
|poke|p1|Raging Bolt|
|poke|p2|Dragapult, F|
|poke|p2|Alomomola, F|
|poke|p2|Ting-Lu|
|poke|p2|Kyurem|
|poke|p2|Weezing-Galar, F|
|poke|p2|Corviknight, F|
|teampreview
|inactive|Battle timer is ON: inactive players will automatically lose when time's up. (requested by abGodc)
|
|t:|1776139283
|teamsize|p1|6
|teamsize|p2|6
|start
|switch|p1a: Ogerpon|Ogerpon-Wellspring, F|100/100
|switch|p2a: Tiffany BlueStones|Kyurem, shiny|100/100
|-ability|p2a: Tiffany BlueStones|Pressure
|turn|1
|
|t:|1776139292
|move|p1a: Ogerpon|U-turn|p2a: Tiffany BlueStones
|-damage|p2a: Tiffany BlueStones|73/100
|
|t:|1776139294
|switch|p1a: Cinderace|Cinderace, M|100/100|[from] U-turn
|move|p2a: Tiffany BlueStones|Freeze-Dry|p1a: Cinderace
|-resisted|p1a: Cinderace
|-damage|p1a: Cinderace|76/100
|
|-heal|p2a: Tiffany BlueStones|79/100|[from] item: Leftovers
|upkeep
|turn|2
|
|t:|1776139298
|move|p1a: Cinderace|U-turn|p2a: Tiffany BlueStones
|-start|p1a: Cinderace|typechange|Bug|[from] ability: Libero
|-damage|p2a: Tiffany BlueStones|46/100
|
|t:|1776139300
|switch|p1a: Ogerpon|Ogerpon-Wellspring, F|100/100|[from] U-turn
|move|p2a: Tiffany BlueStones|Earth Power|p1a: Ogerpon
|-resisted|p1a: Ogerpon
|-damage|p1a: Ogerpon|82/100
|
|-heal|p2a: Tiffany BlueStones|52/100|[from] item: Leftovers
|upkeep
|turn|3
|
|t:|1776139304
|switch|p2a: Weezing|Weezing-Galar, F|100/100
|-ability|p2a: Weezing|Neutralizing Gas
|move|p1a: Ogerpon|Knock Off|p2a: Weezing
|-resisted|p2a: Weezing
|-damage|p2a: Weezing|87/100
|-enditem|p2a: Weezing|Leftovers|[from] move: Knock Off|[of] p1a: Ogerpon
|
|upkeep
|turn|4
|
|t:|1776139312
|move|p1a: Ogerpon|U-turn|p2a: Weezing
|-resisted|p2a: Weezing
|-damage|p2a: Weezing|82/100
|
|t:|1776139314
|switch|p1a: Slowking|Slowking-Galar, M|100/100|[from] U-turn
|move|p2a: Weezing|Will-O-Wisp|p1a: Slowking
|-status|p1a: Slowking|brn
|
|-damage|p1a: Slowking|94/100 brn|[from] brn
|upkeep
|turn|5
|
|t:|1776139321
|-end|p2a: Weezing|ability: Neutralizing Gas
|switch|p2a: Alysa-Lu|Ting-Lu|100/100
|-ability|p2a: Alysa-Lu|Vessel of Ruin
|-prepare|p1a: Slowking|Chilly Reception|[premajor]
|move|p1a: Slowking|Chilly Reception|p1a: Slowking
|-weather|Snowscape
|
|t:|1776139324
|switch|p1a: Ogerpon|Ogerpon-Wellspring, F|82/100|[from] Chilly Reception
|
|-weather|Snowscape|[upkeep]
|upkeep
|turn|6
|
|t:|1776139334
|switch|p2a: Moody Blues|Dragapult, F|100/100
|move|p1a: Ogerpon|Knock Off|p2a: Moody Blues
|-supereffective|p2a: Moody Blues
|-damage|p2a: Moody Blues|0 fnt
|-enditem|p2a: Moody Blues|Choice Band|[from] move: Knock Off|[of] p1a: Ogerpon
|faint|p2a: Moody Blues
|
|-weather|Snowscape|[upkeep]
|upkeep
|
|t:|1776139341
|switch|p2a: Corviknight|Corviknight, F|100/100
|-ability|p2a: Corviknight|Pressure
|turn|7
|
|t:|1776139344
|switch|p1a: Corviknight|Corviknight, M|100/100
|-ability|p1a: Corviknight|Pressure
|move|p2a: Corviknight|U-turn|p1a: Corviknight
|-resisted|p1a: Corviknight
|-damage|p1a: Corviknight|98/100
|-damage|p2a: Corviknight|84/100|[from] item: Rocky Helmet|[of] p1a: Corviknight
|
|t:|1776139347
|switch|p2a: Tiffany BlueStones|Kyurem, shiny|52/100|[from] U-turn
|-ability|p2a: Tiffany BlueStones|Pressure
|
|-weather|Snowscape|[upkeep]
|-heal|p2a: Tiffany BlueStones|58/100|[from] item: Leftovers
|upkeep
|turn|8
|
|t:|1776139353
|move|p2a: Tiffany BlueStones|Substitute|p2a: Tiffany BlueStones
|-start|p2a: Tiffany BlueStones|Substitute
|-damage|p2a: Tiffany BlueStones|33/100
|move|p1a: Corviknight|U-turn|p2a: Tiffany BlueStones
|-activate|p2a: Tiffany BlueStones|move: Substitute|[damage]
|
|t:|1776139356
|switch|p1a: Slowking|Slowking-Galar, M|100/100 brn|[from] U-turn
|
|-weather|Snowscape|[upkeep]
|-heal|p2a: Tiffany BlueStones|39/100|[from] item: Leftovers
|-damage|p1a: Slowking|94/100 brn|[from] brn
|upkeep
|turn|9
|
|t:|1776139358
|move|p2a: Tiffany BlueStones|Earth Power|p1a: Slowking
|-supereffective|p1a: Slowking
|-damage|p1a: Slowking|41/100 brn
|-unboost|p1a: Slowking|spd|1
|move|p1a: Slowking|Psychic Noise|p2a: Tiffany BlueStones
|-damage|p2a: Tiffany BlueStones|13/100
|-start|p2a: Tiffany BlueStones|move: Heal Block
|
|-weather|none
|-damage|p1a: Slowking|35/100 brn|[from] brn
|upkeep
|turn|10
|
|t:|1776139366
|switch|p1a: Corviknight|Corviknight, M|98/100
|-ability|p1a: Corviknight|Pressure
|move|p2a: Tiffany BlueStones|Freeze-Dry|p1a: Corviknight
|-damage|p1a: Corviknight|60/100
|
|-end|p2a: Tiffany BlueStones|move: Heal Block
|upkeep
|turn|11
|
|t:|1776139370
|move|p2a: Tiffany BlueStones|Freeze-Dry|p1a: Corviknight
|-damage|p1a: Corviknight|24/100
|move|p1a: Corviknight|U-turn|p2a: Tiffany BlueStones
|-activate|p2a: Tiffany BlueStones|move: Substitute|[damage]
|
|t:|1776139372
|switch|p1a: Slowking|Slowking-Galar, M|69/100 brn|[from] U-turn
|
|-heal|p2a: Tiffany BlueStones|19/100|[from] item: Leftovers
|-damage|p1a: Slowking|63/100 brn|[from] brn
|upkeep
|turn|12
|
|t:|1776139379
|switch|p2a: Alysa-Lu|Ting-Lu|100/100
|-ability|p2a: Alysa-Lu|Vessel of Ruin
|move|p1a: Slowking|Psychic Noise|p2a: Alysa-Lu
|-immune|p2a: Alysa-Lu
|
|-damage|p1a: Slowking|56/100 brn|[from] brn
|upkeep
|turn|13
|
|t:|1776139383
|switch|p1a: Corviknight|Corviknight, M|24/100
|-ability|p1a: Corviknight|Pressure
|move|p2a: Alysa-Lu|Stealth Rock|p1a: Corviknight
|-sidestart|p1: abGodc|move: Stealth Rock
|
|upkeep
|turn|14
|
|t:|1776139385
|move|p1a: Corviknight|Roost|p1a: Corviknight
|-heal|p1a: Corviknight|74/100
|-singleturn|p1a: Corviknight|move: Roost
|move|p2a: Alysa-Lu|Earthquake|p1a: Corviknight
|-supereffective|p1a: Corviknight
|-damage|p1a: Corviknight|29/100
|
|upkeep
|turn|15
|
|t:|1776139389
|move|p1a: Corviknight|Defog|p2a: Alysa-Lu
|-unboost|p2a: Alysa-Lu|evasion|1
|-sideend|p1: abGodc|Stealth Rock|[from] move: Defog|[of] p1a: Corviknight
|move|p2a: Alysa-Lu|Earthquake|p1a: Corviknight
|-immune|p1a: Corviknight
|
|upkeep
|turn|16
|
|t:|1776139391
|move|p1a: Corviknight|Body Press|p2a: Alysa-Lu
|-supereffective|p2a: Alysa-Lu
|-damage|p2a: Alysa-Lu|71/100
|move|p2a: Alysa-Lu|Stealth Rock|p1a: Corviknight
|-sidestart|p1: abGodc|move: Stealth Rock
|
|-heal|p2a: Alysa-Lu|77/100|[from] item: Leftovers
|upkeep
|turn|17
|
|t:|1776139396
|switch|p2a: Tiffany BlueStones|Kyurem, shiny|19/100
|-ability|p2a: Tiffany BlueStones|Pressure
|move|p1a: Corviknight|Defog|p2a: Tiffany BlueStones
|-unboost|p2a: Tiffany BlueStones|evasion|1
|-sideend|p1: abGodc|Stealth Rock|[from] move: Defog|[of] p1a: Corviknight
|
|-heal|p2a: Tiffany BlueStones|25/100|[from] item: Leftovers
|upkeep
|turn|18
|
|t:|1776139404
|switch|p1a: Cinderace|Cinderace, M|76/100
|move|p2a: Tiffany BlueStones|Freeze-Dry|p1a: Cinderace
|-resisted|p1a: Cinderace
|-damage|p1a: Cinderace|50/100
|
|-heal|p2a: Tiffany BlueStones|31/100|[from] item: Leftovers
|upkeep
|turn|19
|
|t:|1776139408
|switch|p2a: Fogbound Lake|Alomomola, F|100/100
|move|p1a: Cinderace|U-turn|p2a: Fogbound Lake
|-start|p1a: Cinderace|typechange|Bug|[from] ability: Libero
|-damage|p2a: Fogbound Lake|83/100
|-damage|p1a: Cinderace|33/100|[from] item: Rocky Helmet|[of] p2a: Fogbound Lake
|
|t:|1776139411
|switch|p1a: Raging Bolt|Raging Bolt|100/100|[from] U-turn
|
|upkeep
|turn|20
|
|t:|1776139414
|-end|p1a: Raging Bolt|Protosynthesis|[silent]
|switch|p1a: Ogerpon|Ogerpon-Wellspring, F|82/100
|switch|p2a: Alysa-Lu|Ting-Lu|77/100
|-ability|p2a: Alysa-Lu|Vessel of Ruin
|
|-heal|p2a: Alysa-Lu|83/100|[from] item: Leftovers
|upkeep
|turn|21
|
|t:|1776139419
|switch|p2a: Fogbound Lake|Alomomola, F|100/100
|move|p1a: Ogerpon|Ivy Cudgel|p2a: Fogbound Lake|[anim] Ivy Cudgel Water
|-resisted|p2a: Fogbound Lake
|-crit|p2a: Fogbound Lake
|-damage|p2a: Fogbound Lake|78/100
|
|upkeep
|turn|22
|
|t:|1776139421
|switch|p2a: Weezing|Weezing-Galar, F|82/100
|-ability|p2a: Weezing|Neutralizing Gas
|move|p1a: Ogerpon|Knock Off|p2a: Weezing
|-resisted|p2a: Weezing
|-damage|p2a: Weezing|72/100
|
|upkeep
|turn|23
|
|t:|1776139434
|-end|p2a: Weezing|ability: Neutralizing Gas
|switch|p2a: Alysa-Lu|Ting-Lu|83/100
|-ability|p2a: Alysa-Lu|Vessel of Ruin
|move|p1a: Ogerpon|U-turn|p2a: Alysa-Lu
|-supereffective|p2a: Alysa-Lu
|-damage|p2a: Alysa-Lu|55/100
|
|t:|1776139437
|switch|p1a: Cinderace|Cinderace, M|33/100|[from] U-turn
|
|-heal|p2a: Alysa-Lu|61/100|[from] item: Leftovers
|upkeep
|turn|24
|
|t:|1776139445
|switch|p2a: Fogbound Lake|Alomomola, F|100/100
|move|p1a: Cinderace|U-turn|p2a: Fogbound Lake
|-start|p1a: Cinderace|typechange|Bug|[from] ability: Libero
|-damage|p2a: Fogbound Lake|81/100
|-damage|p1a: Cinderace|16/100|[from] item: Rocky Helmet|[of] p2a: Fogbound Lake
|
|t:|1776139449
|switch|p1a: Ogerpon|Ogerpon-Wellspring, F|82/100|[from] U-turn
|
|upkeep
|turn|25
|
|t:|1776139454
|move|p1a: Ogerpon|Ivy Cudgel|p2a: Fogbound Lake|[anim] Ivy Cudgel Water
|-resisted|p2a: Fogbound Lake
|-damage|p2a: Fogbound Lake|65/100
|move|p2a: Fogbound Lake|Tickle|p1a: Ogerpon
|-unboost|p1a: Ogerpon|atk|1
|-unboost|p1a: Ogerpon|def|1
|
|upkeep
|turn|26
|
|t:|1776139458
|switch|p2a: Weezing|Weezing-Galar, F|72/100
|-ability|p2a: Weezing|Neutralizing Gas
|move|p1a: Ogerpon|Knock Off|p2a: Weezing
|-resisted|p2a: Weezing
|-damage|p2a: Weezing|65/100
|
|upkeep
|turn|27
|
|t:|1776139472
|-end|p2a: Weezing|ability: Neutralizing Gas
|switch|p2a: Alysa-Lu|Ting-Lu|61/100
|-ability|p2a: Alysa-Lu|Vessel of Ruin
|move|p1a: Ogerpon|U-turn|p2a: Alysa-Lu
|-supereffective|p2a: Alysa-Lu
|-damage|p2a: Alysa-Lu|42/100
|
|t:|1776139477
|switch|p1a: Cinderace|Cinderace, M|16/100|[from] U-turn
|
|-heal|p2a: Alysa-Lu|48/100|[from] item: Leftovers
|upkeep
|turn|28
|
|t:|1776139481
|switch|p1a: Ogerpon|Ogerpon-Wellspring, F|82/100
|switch|p2a: Fogbound Lake|Alomomola, F|98/100
|
|upkeep
|turn|29
|
|t:|1776139486
|move|p1a: Ogerpon|Ivy Cudgel|p2a: Fogbound Lake|[anim] Ivy Cudgel Water
|-resisted|p2a: Fogbound Lake
|-damage|p2a: Fogbound Lake|83/100
|move|p2a: Fogbound Lake|Tickle|p1a: Ogerpon
|-unboost|p1a: Ogerpon|atk|1
|-unboost|p1a: Ogerpon|def|1
|
|upkeep
|turn|30
|
|t:|1776139493
|move|p1a: Ogerpon|U-turn|p2a: Fogbound Lake
|-damage|p2a: Fogbound Lake|74/100
|-damage|p1a: Ogerpon|65/100|[from] item: Rocky Helmet|[of] p2a: Fogbound Lake
|
|t:|1776139494
|switch|p1a: Raging Bolt|Raging Bolt|100/100|[from] U-turn
|move|p2a: Fogbound Lake|Tickle|p1a: Raging Bolt
|-unboost|p1a: Raging Bolt|atk|1
|-unboost|p1a: Raging Bolt|def|1
|
|upkeep
|turn|31
|
|t:|1776139502
|switch|p2a: Alysa-Lu|Ting-Lu|48/100
|-ability|p2a: Alysa-Lu|Vessel of Ruin
|move|p1a: Raging Bolt|Draco Meteor|p2a: Alysa-Lu
|-damage|p2a: Alysa-Lu|4/100
|-unboost|p1a: Raging Bolt|spa|2
|
|-heal|p2a: Alysa-Lu|10/100|[from] item: Leftovers
|upkeep
|turn|32
|j| Dhoom Again
|
|t:|1776139512
|switch|p2a: Weezing|Weezing-Galar, F|65/100
|-ability|p2a: Weezing|Neutralizing Gas
|move|p1a: Raging Bolt|Draco Meteor|p2a: Weezing
|-immune|p2a: Weezing
|
|upkeep
|turn|33
|
|t:|1776139524
|-end|p1a: Raging Bolt|Protosynthesis|[silent]
|switch|p1a: Slowking|Slowking-Galar, M|90/100 brn
|move|p2a: Weezing|Toxic||[still]
|-fail|p2a: Weezing
|
|-damage|p1a: Slowking|84/100 brn|[from] brn
|upkeep
|turn|34
|
|t:|1776139528
|-end|p2a: Weezing|ability: Neutralizing Gas
|switch|p2a: Corviknight|Corviknight, F|84/100
|-ability|p2a: Corviknight|Pressure
|-prepare|p1a: Slowking|Chilly Reception|[premajor]
|move|p1a: Slowking|Chilly Reception|p1a: Slowking
|-weather|Snowscape
|
|t:|1776139531
|switch|p1a: Cinderace|Cinderace, M|16/100|[from] Chilly Reception
|
|-weather|Snowscape|[upkeep]
|-heal|p2a: Corviknight|90/100|[from] item: Leftovers
|upkeep
|turn|35
|
|t:|1776139535
|switch|p1a: Raging Bolt|Raging Bolt|100/100
|switch|p2a: Fogbound Lake|Alomomola, F|100/100
|
|-weather|Snowscape|[upkeep]
|upkeep
|turn|36
|
|t:|1776139543
|switch|p2a: Alysa-Lu|Ting-Lu|10/100
|-ability|p2a: Alysa-Lu|Vessel of Ruin
|move|p1a: Raging Bolt|Volt Switch|p2a: Alysa-Lu
|-immune|p2a: Alysa-Lu
|
|-weather|Snowscape|[upkeep]
|-heal|p2a: Alysa-Lu|16/100|[from] item: Leftovers
|upkeep
|turn|37
|
|t:|1776139570
|-end|p1a: Raging Bolt|Protosynthesis|[silent]
|switch|p1a: Corviknight|Corviknight, M|29/100
|-ability|p1a: Corviknight|Pressure
|move|p2a: Alysa-Lu|Rest|p2a: Alysa-Lu
|-status|p2a: Alysa-Lu|slp|[from] move: Rest
|-heal|p2a: Alysa-Lu|100/100 slp|[silent]
|
|-weather|Snowscape|[upkeep]
|upkeep
|turn|38
|
|t:|1776139579
|switch|p2a: Weezing|Weezing-Galar, F|65/100
|-ability|p2a: Weezing|Neutralizing Gas
|move|p1a: Corviknight|Roost|p1a: Corviknight
|-heal|p1a: Corviknight|79/100
|-singleturn|p1a: Corviknight|move: Roost
|
|-weather|none
|upkeep
|turn|39
|inactive|erennotyaeger has 120 seconds left.
|
|t:|1776139604
|switch|p1a: Slowking|Slowking-Galar, M|100/100 brn
|move|p2a: Weezing|Toxic||[still]
|-fail|p2a: Weezing
|
|-damage|p1a: Slowking|94/100 brn|[from] brn
|upkeep
|turn|40
|inactive|erennotyaeger has 120 seconds left.
|
|t:|1776139614
|-end|p2a: Weezing|ability: Neutralizing Gas
|switch|p2a: Corviknight|Corviknight, F|90/100
|-ability|p2a: Corviknight|Pressure
|-prepare|p1a: Slowking|Chilly Reception|[premajor]
|move|p1a: Slowking|Chilly Reception|p1a: Slowking
|-weather|Snowscape
|
|t:|1776139620
|switch|p1a: Raging Bolt|Raging Bolt|100/100|[from] Chilly Reception
|
|-weather|Snowscape|[upkeep]
|-heal|p2a: Corviknight|96/100|[from] item: Leftovers
|upkeep
|turn|41
|
|t:|1776139631
|move|p1a: Raging Bolt|Volt Switch|p2a: Corviknight
|-supereffective|p2a: Corviknight
|-damage|p2a: Corviknight|11/100
|
|t:|1776139634
|-end|p1a: Raging Bolt|Protosynthesis|[silent]
|switch|p1a: Corviknight|Corviknight, M|79/100|[from] Volt Switch
|-ability|p1a: Corviknight|Pressure
|move|p2a: Corviknight|U-turn|p1a: Corviknight
|-resisted|p1a: Corviknight
|-damage|p1a: Corviknight|77/100
|-damage|p2a: Corviknight|0 fnt|[from] item: Rocky Helmet|[of] p1a: Corviknight
|faint|p2a: Corviknight
|
|-weather|Snowscape|[upkeep]
|upkeep
|
|t:|1776139637
|switch|p2a: Tiffany BlueStones|Kyurem, shiny|31/100
|-ability|p2a: Tiffany BlueStones|Pressure
|turn|42
|
|t:|1776139646
|move|p2a: Tiffany BlueStones|Freeze-Dry|p1a: Corviknight
|-damage|p1a: Corviknight|40/100
|move|p1a: Corviknight|Body Press|p2a: Tiffany BlueStones
|-supereffective|p2a: Tiffany BlueStones
|-damage|p2a: Tiffany BlueStones|0 fnt
|faint|p2a: Tiffany BlueStones
|
|-weather|Snowscape|[upkeep]
|upkeep
|-message|erennotyaeger forfeited.
|
|win|abGodc
|raw|abGodc's rating: 1753 &rarr; <strong>1771</strong><br />(+18 for winning)
|raw|erennotyaeger's rating: 1720 &rarr; <strong>1702</strong><br />(-18 for losing)
|l|☆erennotyaeger
|player|p2|
