|html|<div class="broadcast-blue"><strong>[Gen 9] OU is currently suspecting Tera Blast! For information on how to participate check out the <a href="https://www.smogon.com/tools/suspects/view/200">suspect thread</a>.</strong></div>
|j|☆wizardrex
|j|☆kianchadlite
|t:|1776059238
|gametype|singles
|player|p1|wizardrex|101|1205
|player|p2|kianchadlite|266|1181
|gen|9
|tier|[Gen 9] OU
|rated|
|rule|HP Percentage Mod: HP is shown in percentages
|rule|Endless Battle Clause: Forcing endless battles is banned
|rule|Species Clause: Limit one of each Pokémon
|rule|OHKO Clause: OHKO moves are banned
|rule|Evasion Items Clause: Evasion items are banned
|rule|Evasion Moves Clause: Evasion moves are banned
|rule|Evasion Abilities Clause: Evasion abilities are banned
|rule|Sleep Moves Clause: Sleep-inducing moves are banned
|clearpoke
|poke|p1|Indeedee, M|
|poke|p1|Hatterene, F|
|poke|p1|Hawlucha, F|
|poke|p1|Hoopa-Unbound|
|poke|p1|Armarouge, M|
|poke|p1|Maushold|
|poke|p2|Araquanid, M|
|poke|p2|Dragonite, F|
|poke|p2|Blaziken, M|
|poke|p2|Venusaur, M|
|poke|p2|Primarina, M|
|poke|p2|Landorus-Therian, M|
|teampreview
|
|t:|1776059252
|teamsize|p1|6
|teamsize|p2|6
|start
|switch|p1a: Indeedee|Indeedee, M|100/100
|switch|p2a: Landorus|Landorus-Therian, M|100/100
|-ability|p2a: Landorus|Intimidate|boost
|-unboost|p1a: Indeedee|atk|1
|-fieldstart|move: Psychic Terrain|[from] ability: Psychic Surge|[of] p1a: Indeedee
|turn|1
|
|t:|1776059264
|move|p2a: Landorus|Earthquake|p1a: Indeedee
|-damage|p1a: Indeedee|11/100
|move|p1a: Indeedee|Expanding Force|p2a: Landorus
|-damage|p2a: Landorus|25/100
|
|-heal|p2a: Landorus|31/100|[from] item: Leftovers
|upkeep
|turn|2
|
|t:|1776059280
|switch|p1a: Hatterene|Hatterene, F|100/100
|move|p2a: Landorus|U-turn|p1a: Hatterene
|-damage|p1a: Hatterene|75/100
|-enditem|p1a: Hatterene|Eject Button
|
|t:|1776059284
|switch|p1a: Hawlucha|Hawlucha, F|100/100
|-enditem|p1a: Hawlucha|Psychic Seed
|-boost|p1a: Hawlucha|spd|1|[from] item: Psychic Seed
|
|-heal|p2a: Landorus|37/100|[from] item: Leftovers
|upkeep
|turn|3
|
|t:|1776059302
|move|p1a: Hawlucha|Swords Dance|p1a: Hawlucha
|-boost|p1a: Hawlucha|atk|2
|move|p2a: Landorus|Rock Slide|p1a: Hawlucha
|-damage|p1a: Hawlucha|66/100
|
|-heal|p2a: Landorus|43/100|[from] item: Leftovers
|upkeep
|turn|4
|
|t:|1776059320
|move|p1a: Hawlucha|Acrobatics|p2a: Landorus
|-damage|p2a: Landorus|0 fnt
|faint|p2a: Landorus
|
|upkeep
|
|t:|1776059323
|switch|p2a: Primarina|Primarina, M|100/100
|turn|5
|
|t:|1776059329
|move|p1a: Hawlucha|Acrobatics|p2a: Primarina
|-damage|p2a: Primarina|0 fnt
|faint|p2a: Primarina
|
|upkeep
|
|t:|1776059332
|switch|p2a: Dragonite|Dragonite, F|100/100
|turn|6
|
|t:|1776059335
|move|p1a: Hawlucha|Acrobatics|p2a: Dragonite
|-crit|p2a: Dragonite
|-damage|p2a: Dragonite|22/100
|move|p2a: Dragonite|Dragon Claw|p1a: Hawlucha
|-damage|p1a: Hawlucha|0 fnt
|faint|p1a: Hawlucha
|-damage|p2a: Dragonite|12/100|[from] item: Life Orb
|
|upkeep
|
|t:|1776059356
|switch|p1a: Hatterene|Hatterene, F|75/100
|turn|7
|
|t:|1776059369
|move|p2a: Dragonite|Extreme Speed|p1a: Hatterene
|-activate|p1a: Hatterene|move: Psychic Terrain
|move|p1a: Hatterene|Dazzling Gleam|p2a: Dragonite
|-supereffective|p2a: Dragonite
|-damage|p2a: Dragonite|0 fnt
|faint|p2a: Dragonite
|
|upkeep
|
|t:|1776059374
|switch|p2a: Venusaur|Venusaur, M|100/100
|turn|8
|
|t:|1776059378
|move|p2a: Venusaur|Sludge Bomb|p1a: Hatterene
|-supereffective|p1a: Hatterene
|-damage|p1a: Hatterene|0 fnt
|faint|p1a: Hatterene
|
|-fieldend|move: Psychic Terrain
|upkeep
|
|t:|1776059380
|switch|p1a: Indeedee|Indeedee, M|11/100
|-fieldstart|move: Psychic Terrain|[from] ability: Psychic Surge|[of] p1a: Indeedee
|turn|9
|
|t:|1776059386
|-terastallize|p2a: Venusaur|Grass
|move|p1a: Indeedee|Expanding Force|p2a: Venusaur
|-damage|p2a: Venusaur|51/100
|move|p2a: Venusaur|Giga Drain|p1a: Indeedee
|-damage|p1a: Indeedee|0 fnt
|-heal|p2a: Venusaur|56/100|[from] drain|[of] p1a: Indeedee
|faint|p1a: Indeedee
|
|-heal|p2a: Venusaur|62/100|[from] item: Leftovers
|upkeep
|
|t:|1776059397
|switch|p1a: Maushold|Maushold|100/100
|turn|10
|
|t:|1776059402
|move|p1a: Maushold|Population Bomb|p2a: Venusaur
|-damage|p2a: Venusaur|48/100
|-damage|p2a: Venusaur|36/100
|-crit|p2a: Venusaur
|-damage|p2a: Venusaur|16/100
|-damage|p2a: Venusaur|4/100
|-damage|p2a: Venusaur|0 fnt
|faint|p2a: Venusaur
|-hitcount|p2: Venusaur|5
|
|upkeep
|
|t:|1776059408
|switch|p2a: Blaziken|Blaziken, M|100/100
|turn|11
|
|t:|1776059427
|move|p1a: Maushold|Tidy Up|p1a: Maushold
|-boost|p1a: Maushold|atk|1
|-boost|p1a: Maushold|spe|1
|move|p2a: Blaziken|Close Combat|p1a: Maushold
|-supereffective|p1a: Maushold
|-damage|p1a: Maushold|0 fnt
|-unboost|p2a: Blaziken|def|1
|-unboost|p2a: Blaziken|spd|1
|faint|p1a: Maushold
|-damage|p2a: Blaziken|91/100|[from] item: Life Orb
|
|-ability|p2a: Blaziken|Speed Boost|boost
|-boost|p2a: Blaziken|spe|1
|upkeep
|
|t:|1776059433
|switch|p1a: Armarouge|Armarouge, M|100/100
|turn|12
|
|t:|1776059438
|move|p2a: Blaziken|U-turn|p1a: Armarouge
|-damage|p1a: Armarouge|63/100
|-ability|p1a: Armarouge|Weak Armor|boost
|-unboost|p1a: Armarouge|def|1
|-boost|p1a: Armarouge|spe|2
|-damage|p2a: Blaziken|81/100|[from] item: Life Orb
|
|t:|1776059444
|switch|p2a: Araquanid|Araquanid, M|100/100|[from] U-turn
|move|p1a: Armarouge|Expanding Force|p2a: Araquanid
|-damage|p2a: Araquanid|27/100
|
|upkeep
|turn|13
|
|t:|1776059450
|move|p1a: Armarouge|Expanding Force|p2a: Araquanid
|-damage|p2a: Araquanid|0 fnt
|faint|p2a: Araquanid
|
|upkeep
|
|t:|1776059452
|switch|p2a: Blaziken|Blaziken, M|81/100
|turn|14
|
|t:|1776059455
|move|p2a: Blaziken|Protect|p2a: Blaziken
|-singleturn|p2a: Blaziken|Protect
|move|p1a: Armarouge|Expanding Force|p2a: Blaziken
|-activate|p2a: Blaziken|move: Protect
|
|-ability|p2a: Blaziken|Speed Boost|boost
|-boost|p2a: Blaziken|spe|1
|upkeep
|turn|15
|
|t:|1776059471
|move|p2a: Blaziken|Protect||[still]
|-fail|p2a: Blaziken
|move|p1a: Armarouge|Expanding Force|p2a: Blaziken
|-supereffective|p2a: Blaziken
|-damage|p2a: Blaziken|0 fnt
|faint|p2a: Blaziken
|
|win|wizardrex
|raw|wizardrex's rating: 1205 &rarr; <strong>1228</strong><br />(+23 for winning)
|raw|kianchadlite's rating: 1181 &rarr; <strong>1158</strong><br />(-23 for losing)
|l|☆kianchadlite
|player|p2|
|l|☆wizardrex
|player|p1|
