|html|<div class="broadcast-blue"><strong>[Gen 9] OU is currently suspecting Tera Blast! For information on how to participate check out the <a href="https://www.smogon.com/tools/suspects/view/200">suspect thread</a>.</strong></div>
|j|☆qizrad
|j|☆bludsconio
|t:|1776092567
|gametype|singles
|player|p1|qizrad|sage|1753
|player|p2|bludsconio|266|1792
|gen|9
|tier|[Gen 9] OU
|rated|
|rule|HP Percentage Mod: HP is shown in percentages
|rule|Endless Battle Clause: Forcing endless battles is banned
|rule|Species Clause: Limit one of each Pokémon
|rule|OHKO Clause: OHKO moves are banned
|rule|Evasion Items Clause: Evasion items are banned
|rule|Evasion Moves Clause: Evasion moves are banned
|rule|Evasion Abilities Clause: Evasion abilities are banned
|rule|Sleep Moves Clause: Sleep-inducing moves are banned
|clearpoke
|poke|p1|Araquanid, M|
|poke|p1|Ceruledge, F|
|poke|p1|Enamorus, F|
|poke|p1|Iron Treads|
|poke|p1|Kingambit, F|
|poke|p1|Pecharunt|
|poke|p2|Glimmora, F|
|poke|p2|Kyurem|
|poke|p2|Great Tusk|
|poke|p2|Ogerpon-Wellspring, F|
|poke|p2|Enamorus, F|
|poke|p2|Kingambit, F|
|teampreview
|inactive|Battle timer is ON: inactive players will automatically lose when time's up. (requested by qizrad)
|j| Metallic Symphony
|l| Metallic Symphony
|
|t:|1776092593
|teamsize|p1|6
|teamsize|p2|6
|start
|switch|p1a: Misty|Araquanid, M|100/100
|switch|p2a: Kyurem|Kyurem|100/100
|-ability|p2a: Kyurem|Pressure
|turn|1
|
|t:|1776092598
|move|p2a: Kyurem|Dragon Dance|p2a: Kyurem
|-boost|p2a: Kyurem|atk|1
|-boost|p2a: Kyurem|spe|1
|move|p1a: Misty|Sticky Web|p2a: Kyurem
|-sidestart|p2: bludsconio|move: Sticky Web
|
|upkeep
|turn|2
|
|t:|1776092617
|switch|p1a: Promise|Iron Treads|100/100
|-enditem|p1a: Promise|Booster Energy
|-activate|p1a: Promise|ability: Quark Drive|[fromitem]
|-start|p1a: Promise|quarkdrivespe
|move|p2a: Kyurem|Dragon Dance|p2a: Kyurem
|-boost|p2a: Kyurem|atk|1
|-boost|p2a: Kyurem|spe|1
|
|upkeep
|turn|3
|
|t:|1776092626
|move|p2a: Kyurem|Icicle Spear|p1a: Promise
|-damage|p1a: Promise|77/100
|-damage|p1a: Promise|53/100
|-damage|p1a: Promise|31/100
|-damage|p1a: Promise|8/100
|-damage|p1a: Promise|0 fnt
|faint|p1a: Promise
|-end|p1a: Promise|Quark Drive|[silent]
|-hitcount|p1: Promise|5
|
|upkeep
|inactive|qizrad has 120 seconds left.
|
|t:|1776092659
|switch|p1a: Misty|Araquanid, M|100/100
|turn|4
|
|t:|1776092664
|move|p1a: Misty|Endure|p1a: Misty
|-singleturn|p1a: Misty|move: Endure
|move|p2a: Kyurem|Scale Shot|p1a: Misty
|-damage|p1a: Misty|74/100
|-damage|p1a: Misty|48/100
|-damage|p1a: Misty|20/100
|-activate|p1a: Misty|move: Endure
|-damage|p1a: Misty|1/100
|-hitcount|p1a: Misty|4
|-unboost|p2a: Kyurem|def|1
|-boost|p2a: Kyurem|spe|1
|
|upkeep
|turn|5
|-enditem|p1a: Misty|Custap Berry|[eat]
|-activate|p1a: Misty|item: Custap Berry|[consumed]
|
|t:|1776092681
|move|p1a: Misty|Endeavor|p2a: Kyurem
|-damage|p2a: Kyurem|1/100
|move|p2a: Kyurem|Icicle Spear|p1a: Misty
|-resisted|p1a: Misty
|-damage|p1a: Misty|0 fnt
|faint|p1a: Misty
|-hitcount|p1: Misty|1
|
|upkeep
|
|t:|1776092689
|switch|p1a: Trouble|Kingambit, F|100/100
|-activate|p1a: Trouble|ability: Supreme Overlord
|-start|p1a: Trouble|fallen2|[silent]
|turn|6
|
|t:|1776092693
|move|p1a: Trouble|Sucker Punch|p2a: Kyurem
|-damage|p2a: Kyurem|0 fnt
|faint|p2a: Kyurem
|
|upkeep
|inactive|bludsconio has 120 seconds left.
|
|t:|1776092723
|switch|p2a: Ogerpon|Ogerpon-Wellspring, F|100/100
|-activate|p2a: Ogerpon|move: Sticky Web
|-unboost|p2a: Ogerpon|spe|1
|turn|7
|j| el alcachofas xdxd
|
|t:|1776092732
|-end|p1a: Trouble|fallen2|[silent]
|switch|p1a: Bewitched|Pecharunt|100/100
|-item|p1a: Bewitched|Air Balloon
|move|p2a: Ogerpon|Encore||[still]
|-fail|p2a: Ogerpon
|
|upkeep
|turn|8
|
|t:|1776092755
|move|p1a: Bewitched|Malignant Chain|p2a: Ogerpon
|-supereffective|p2a: Ogerpon
|-damage|p2a: Ogerpon|8/100
|-status|p2a: Ogerpon|tox
|-start|p2a: Ogerpon|confusion|[from] ability: Poison Puppeteer|[of] p1a: Bewitched
|-activate|p2a: Ogerpon|confusion
|move|p2a: Ogerpon|U-turn|p1a: Bewitched
|-resisted|p1a: Bewitched
|-damage|p1a: Bewitched|96/100
|-enditem|p1a: Bewitched|Air Balloon
|
|t:|1776092764
|switch|p2a: Glimmora|Glimmora, F|100/100|[from] U-turn
|-activate|p2a: Glimmora|move: Sticky Web
|-unboost|p2a: Glimmora|spe|1
|
|upkeep
|turn|9
|inactive|qizrad has 120 seconds left.
|
|t:|1776092812
|move|p1a: Bewitched|Shadow Ball|p2a: Glimmora
|-damage|p2a: Glimmora|66/100
|-enditem|p2a: Glimmora|Red Card|[of] p1a: Bewitched
|drag|p1a: Goddess|Enamorus, F|100/100
|move|p2a: Glimmora|Stealth Rock|p1a: Goddess
|-sidestart|p1: qizrad|move: Stealth Rock
|
|upkeep
|turn|10
|
|t:|1776092823
|switch|p2a: Ogerpon|Ogerpon-Wellspring, F|8/100 tox
|-activate|p2a: Ogerpon|move: Sticky Web
|-unboost|p2a: Ogerpon|spe|1
|move|p1a: Goddess|Earth Power|p2a: Ogerpon
|-resisted|p2a: Ogerpon
|-damage|p2a: Ogerpon|0 fnt
|faint|p2a: Ogerpon
|
|upkeep
|
|t:|1776092831
|switch|p2a: Enamorus|Enamorus, F|100/100
|turn|11
|
|t:|1776092842
|switch|p1a: Bewitched|Pecharunt|96/100
|-damage|p1a: Bewitched|83/100|[from] Stealth Rock
|move|p2a: Enamorus|Earth Power|p1a: Bewitched
|-supereffective|p1a: Bewitched
|-damage|p1a: Bewitched|0 fnt
|faint|p1a: Bewitched
|
|upkeep
|
|t:|1776092851
|switch|p1a: Goddess|Enamorus, F|100/100
|-damage|p1a: Goddess|76/100|[from] Stealth Rock
|turn|12
|
|t:|1776092869
|switch|p2a: Glimmora|Glimmora, F|66/100
|-activate|p2a: Glimmora|move: Sticky Web
|-unboost|p2a: Glimmora|spe|1
|move|p1a: Goddess|Moonblast|p2a: Glimmora
|-resisted|p2a: Glimmora
|-damage|p2a: Glimmora|23/100
|-unboost|p2a: Glimmora|spa|1
|
|upkeep
|turn|13
|
|t:|1776092879
|move|p1a: Goddess|Moonblast|p2a: Glimmora
|-resisted|p2a: Glimmora
|-damage|p2a: Glimmora|0 fnt
|faint|p2a: Glimmora
|
|upkeep
|j| Metallic Symphony
|l| Metallic Symphony
|inactive|bludsconio has 120 seconds left.
|inactive|bludsconio has 90 seconds left.
|j| me and my gultar
|
|t:|1776092949
|switch|p2a: Enamorus|Enamorus, F|100/100
|turn|14
|c| me and my gultar|alphaq griddy winnahh
|inactive|bludsconio has 90 seconds left.
|
|t:|1776092968
|switch|p1a: Nocturne|Ceruledge, F|100/100
|-damage|p1a: Nocturne|76/100|[from] Stealth Rock
|move|p2a: Enamorus|Moonblast|p1a: Nocturne
|-resisted|p1a: Nocturne
|-damage|p1a: Nocturne|47/100
|
|upkeep
|turn|15
|inactive|bludsconio has 90 seconds left.
|l| me and my gultar
|inactive|qizrad has 90 seconds left.
|
|t:|1776092998
|switch|p2a: Great Tusk|Great Tusk|100/100
|-activate|p2a: Great Tusk|move: Sticky Web
|-unboost|p2a: Great Tusk|spe|1
|-enditem|p2a: Great Tusk|Booster Energy
|-activate|p2a: Great Tusk|ability: Protosynthesis|[fromitem]
|-start|p2a: Great Tusk|protosynthesisatk
|move|p1a: Nocturne|Bitter Blade|p2a: Great Tusk
|-damage|p2a: Great Tusk|62/100
|-heal|p1a: Nocturne|73/100|[from] drain|[of] p2a: Great Tusk
|-damage|p1a: Nocturne|63/100|[from] item: Life Orb
|
|upkeep
|turn|16
|inactive|qizrad has 90 seconds left.
|inactive|bludsconio has 90 seconds left.
|inactive|qizrad has 60 seconds left.
|
|t:|1776093053
|switch|p1a: Goddess|Enamorus, F|76/100
|-damage|p1a: Goddess|51/100|[from] Stealth Rock
|move|p2a: Great Tusk|Stone Edge|p1a: Goddess
|-supereffective|p1a: Goddess
|-damage|p1a: Goddess|0 fnt
|faint|p1a: Goddess
|
|upkeep
|c|☆qizrad|gg
|
|t:|1776093066
|switch|p1a: Nocturne|Ceruledge, F|63/100
|-damage|p1a: Nocturne|38/100|[from] Stealth Rock
|turn|17
|
|t:|1776093074
|-terastallize|p1a: Nocturne|Fairy
|move|p1a: Nocturne|Tera Blast|p2a: Great Tusk|[anim] Tera Blast Fairy
|-supereffective|p2a: Great Tusk
|-damage|p2a: Great Tusk|0 fnt
|faint|p2a: Great Tusk
|-end|p2a: Great Tusk|Protosynthesis|[silent]
|-damage|p1a: Nocturne|28/100|[from] item: Life Orb
|
|upkeep
|
|t:|1776093079
|switch|p2a: Enamorus|Enamorus, F|100/100
|turn|18
|inactive|qizrad has 60 seconds left.
|
|t:|1776093085
|move|p2a: Enamorus|Moonblast|p1a: Nocturne
|-damage|p1a: Nocturne|0 fnt
|faint|p1a: Nocturne
|
|upkeep
|
|t:|1776093087
|switch|p1a: Trouble|Kingambit, F|100/100
|-damage|p1a: Trouble|94/100|[from] Stealth Rock
|-activate|p1a: Trouble|ability: Supreme Overlord
|-start|p1a: Trouble|fallen5|[silent]
|turn|19
|inactive|bludsconio has 90 seconds left.
|
|t:|1776093112
|move|p2a: Enamorus|Moonblast|p1a: Trouble
|-damage|p1a: Trouble|29/100
|move|p1a: Trouble|Iron Head|p2a: Enamorus
|-supereffective|p2a: Enamorus
|-damage|p2a: Enamorus|0 fnt
|faint|p2a: Enamorus
|
|upkeep
|
|t:|1776093116
|switch|p2a: Kingambit|Kingambit, F|100/100
|-activate|p2a: Kingambit|move: Sticky Web
|-unboost|p2a: Kingambit|spe|1
|-activate|p2a: Kingambit|ability: Supreme Overlord
|-start|p2a: Kingambit|fallen5|[silent]
|turn|20
|
|t:|1776093127
|move|p1a: Trouble|Iron Head|p2a: Kingambit
|-resisted|p2a: Kingambit
|-damage|p2a: Kingambit|73/100
|move|p2a: Kingambit|Kowtow Cleave|p1a: Trouble
|-resisted|p1a: Trouble
|-damage|p1a: Trouble|0 fnt
|faint|p1a: Trouble
|-end|p1a: Trouble|fallen5|[silent]
|
|win|bludsconio
|raw|qizrad's rating: 1753 &rarr; <strong>1735</strong><br />(-18 for losing)
|raw|bludsconio's rating: 1792 &rarr; <strong>1810</strong><br />(+18 for winning)
|l|☆qizrad
|player|p1|
|l| el alcachofas xdxd
|l|☆bludsconio
|player|p2|
