|html|<div class="broadcast-blue"><strong>[Gen 9] OU is currently suspecting Tera Blast! For information on how to participate check out the <a href="https://www.smogon.com/tools/suspects/view/200">suspect thread</a>.</strong></div>
|j|☆snapturtletom
|j|☆ad3476
|t:|1776041980
|gametype|singles
|player|p1|snapturtletom|ingo|1123
|player|p2|ad3476|cyclist|1190
|gen|9
|tier|[Gen 9] OU
|rated|
|rule|HP Percentage Mod: HP is shown in percentages
|rule|Endless Battle Clause: Forcing endless battles is banned
|rule|Species Clause: Limit one of each Pokémon
|rule|OHKO Clause: OHKO moves are banned
|rule|Evasion Items Clause: Evasion items are banned
|rule|Evasion Moves Clause: Evasion moves are banned
|rule|Evasion Abilities Clause: Evasion abilities are banned
|rule|Sleep Moves Clause: Sleep-inducing moves are banned
|clearpoke
|poke|p1|Garganacl, F|
|poke|p1|Kingambit, M|
|poke|p1|Gliscor, F|
|poke|p1|Azumarill, F|
|poke|p1|Dragapult, M|
|poke|p1|Cinderace, M|
|poke|p2|Spiritomb, M|
|poke|p2|Mimikyu, F|
|poke|p2|Dusclops, M|
|poke|p2|Gengar, F|
|poke|p2|Drifblim, F|
|poke|p2|Typhlosion-Hisui, M|
|teampreview
|
|t:|1776041986
|teamsize|p1|6
|teamsize|p2|6
|start
|switch|p1a: Garganacl|Garganacl, F|100/100
|switch|p2a: Spiritomb|Spiritomb, M|100/100
|-ability|p2a: Spiritomb|Pressure
|turn|1
|
|t:|1776042003
|switch|p2a: Dusclops|Dusclops, M|100/100
|-ability|p2a: Dusclops|Pressure
|move|p1a: Garganacl|Salt Cure|p2a: Dusclops
|-damage|p2a: Dusclops|91/100
|-start|p2a: Dusclops|Salt Cure
|
|-damage|p2a: Dusclops|79/100|[from] Salt Cure
|upkeep
|turn|2
|
|t:|1776042019
|move|p1a: Garganacl|Stealth Rock|p2a: Dusclops
|-sidestart|p2: ad3476|move: Stealth Rock
|move|p2a: Dusclops|Rest|p2a: Dusclops
|-status|p2a: Dusclops|slp|[from] move: Rest
|-heal|p2a: Dusclops|100/100 slp|[silent]
|
|-damage|p2a: Dusclops|88/100 slp|[from] Salt Cure
|upkeep
|turn|3
|
|t:|1776042037
|switch|p1a: Gliscor|Gliscor, F|100/100
|cant|p2a: Dusclops|slp
|move|p2a: Dusclops|Sleep Talk|p2a: Dusclops
|move|p2a: Dusclops|Rest||[from] move: Sleep Talk|[still]
|-fail|p2a: Dusclops
|
|-damage|p2a: Dusclops|76/100 slp|[from] Salt Cure
|-status|p1a: Gliscor|tox|[from] item: Toxic Orb
|upkeep
|turn|4
|
|t:|1776042049
|move|p1a: Gliscor|Swords Dance|p1a: Gliscor
|-boost|p1a: Gliscor|atk|2
|cant|p2a: Dusclops|slp
|move|p2a: Dusclops|Sleep Talk|p2a: Dusclops
|move|p2a: Dusclops|Curse|p1a: Gliscor|[from] move: Sleep Talk
|-start|p1a: Gliscor|Curse|[of] p2a: Dusclops
|-damage|p2a: Dusclops|26/100 slp
|
|-damage|p1a: Gliscor|76/100 tox|[from] Curse
|-damage|p2a: Dusclops|14/100 slp|[from] Salt Cure
|upkeep
|turn|5
|
|t:|1776042068
|move|p1a: Gliscor|Toxic Spikes|p2a: Dusclops
|-sidestart|p2: ad3476|move: Toxic Spikes
|-curestatus|p2a: Dusclops|slp|[msg]
|move|p2a: Dusclops|Rest|p2a: Dusclops
|-status|p2a: Dusclops|slp|[from] move: Rest
|-heal|p2a: Dusclops|100/100 slp|[silent]
|
|-heal|p1a: Gliscor|88/100 tox|[from] ability: Poison Heal
|-damage|p1a: Gliscor|63/100 tox|[from] Curse
|-damage|p2a: Dusclops|88/100 slp|[from] Salt Cure
|upkeep
|turn|6
|
|t:|1776042079
|move|p1a: Gliscor|Toxic Spikes|p2a: Dusclops
|-sidestart|p2: ad3476|move: Toxic Spikes
|cant|p2a: Dusclops|slp
|move|p2a: Dusclops|Sleep Talk|p2a: Dusclops
|move|p2a: Dusclops|Night Shade|p1a: Gliscor|[from] move: Sleep Talk
|-damage|p1a: Gliscor|29/100 tox
|
|-heal|p1a: Gliscor|41/100 tox|[from] ability: Poison Heal
|-damage|p1a: Gliscor|17/100 tox|[from] Curse
|-damage|p2a: Dusclops|76/100 slp|[from] Salt Cure
|upkeep
|turn|7
|
|t:|1776042091
|move|p1a: Gliscor|Earthquake|p2a: Dusclops
|-damage|p2a: Dusclops|22/100 slp
|cant|p2a: Dusclops|slp
|move|p2a: Dusclops|Sleep Talk|p2a: Dusclops
|move|p2a: Dusclops|Rest||[from] move: Sleep Talk|[still]
|-fail|p2a: Dusclops
|
|-heal|p1a: Gliscor|29/100 tox|[from] ability: Poison Heal
|-damage|p1a: Gliscor|4/100 tox|[from] Curse
|-damage|p2a: Dusclops|9/100 slp|[from] Salt Cure
|upkeep
|turn|8
|
|t:|1776042102
|move|p1a: Gliscor|Earthquake|p2a: Dusclops
|-damage|p2a: Dusclops|0 fnt
|faint|p2a: Dusclops
|
|-heal|p1a: Gliscor|17/100 tox|[from] ability: Poison Heal
|-damage|p1a: Gliscor|0 fnt|[from] Curse
|faint|p1a: Gliscor
|upkeep
|
|t:|1776042132
|switch|p1a: Azumarill|Azumarill, F|100/100
|switch|p2a: Drifblim|Drifblim, F|100/100
|turn|9
|
|t:|1776042149
|move|p1a: Azumarill|Belly Drum|p1a: Azumarill
|-damage|p1a: Azumarill|50/100
|-setboost|p1a: Azumarill|atk|6|[from] move: Belly Drum
|-enditem|p1a: Azumarill|Sitrus Berry|[eat]
|-heal|p1a: Azumarill|75/100|[from] item: Sitrus Berry
|move|p2a: Drifblim|Defog|p1a: Azumarill
|-unboost|p1a: Azumarill|evasion|1
|-sideend|p2: ad3476|Toxic Spikes|[from] move: Defog|[of] p2a: Drifblim
|-sideend|p2: ad3476|Stealth Rock|[from] move: Defog|[of] p2a: Drifblim
|
|upkeep
|turn|10
|
|t:|1776042160
|move|p1a: Azumarill|Aqua Jet|p2a: Drifblim
|-damage|p2a: Drifblim|0 fnt
|-damage|p1a: Azumarill|50/100|[from] ability: Aftermath|[of] p2a: Drifblim
|faint|p2a: Drifblim
|
|upkeep
|
|t:|1776042169
|switch|p2a: Mimikyu|Mimikyu, F|100/100
|turn|11
|
|t:|1776042181
|move|p1a: Azumarill|Aqua Jet|p2a: Mimikyu
|-activate|p2a: Mimikyu|ability: Disguise
|-damage|p2a: Mimikyu|100/100
|detailschange|p2a: Mimikyu|Mimikyu-Busted, F
|-damage|p2a: Mimikyu|88/100|[from] pokemon: Mimikyu-Busted
|move|p2a: Mimikyu|Shadow Claw|p1a: Azumarill
|-damage|p1a: Azumarill|13/100
|
|upkeep
|turn|12
|
|t:|1776042190
|move|p1a: Azumarill|Aqua Jet|p2a: Mimikyu
|-damage|p2a: Mimikyu|0 fnt
|faint|p2a: Mimikyu
|
|upkeep
|
|t:|1776042195
|switch|p2a: Spiritomb|Spiritomb, M|100/100
|-ability|p2a: Spiritomb|Pressure
|turn|13
|
|t:|1776042206
|move|p1a: Azumarill|Aqua Jet|p2a: Spiritomb
|-damage|p2a: Spiritomb|0 fnt
|faint|p2a: Spiritomb
|
|upkeep
|
|t:|1776042209
|switch|p2a: Typhlosion|Typhlosion-Hisui, M|100/100
|turn|14
|
|t:|1776042214
|-terastallize|p2a: Typhlosion|Water
|move|p1a: Azumarill|Aqua Jet|p2a: Typhlosion
|-resisted|p2a: Typhlosion
|-damage|p2a: Typhlosion|27/100
|move|p2a: Typhlosion|Shadow Ball|p1a: Azumarill
|-damage|p1a: Azumarill|0 fnt
|faint|p1a: Azumarill
|
|-heal|p2a: Typhlosion|33/100|[from] item: Leftovers
|upkeep
|
|t:|1776042231
|switch|p1a: Dragapult|Dragapult, M|100/100
|turn|15
|
|t:|1776042235
|move|p1a: Dragapult|Dragon Darts|p2a: Typhlosion
|-damage|p2a: Typhlosion|0 fnt
|faint|p2a: Typhlosion
|
|upkeep
|
|t:|1776042239
|switch|p2a: Gengar|Gengar, F|100/100
|turn|16
|
|t:|1776042242
|move|p1a: Dragapult|Psychic Fangs|p2a: Gengar
|-supereffective|p2a: Gengar
|-damage|p2a: Gengar|0 fnt
|-start|p1a: Dragapult|Disable|Psychic Fangs|[from] ability: Cursed Body|[of] p2a: Gengar
|faint|p2a: Gengar
|
|win|snapturtletom
|raw|snapturtletom's rating: 1123 &rarr; <strong>1153</strong><br />(+30 for winning)
|raw|ad3476's rating: 1190 &rarr; <strong>1160</strong><br />(-30 for losing)
|l|☆ad3476
|player|p2|
|l|☆snapturtletom
|player|p1|
