|html|<div class="broadcast-blue"><strong>[Gen 9] OU is currently suspecting Tera Blast! For information on how to participate check out the <a href="https://www.smogon.com/tools/suspects/view/200">suspect thread</a>.</strong></div>
|j|‽browoo42
|j|☆red123x
|t:|1776048274
|gametype|singles
|player|p1|browoo42|1|1587
|player|p2|red123x|266|1642
|gen|9
|tier|[Gen 9] OU
|rated|
|rule|HP Percentage Mod: HP is shown in percentages
|rule|Endless Battle Clause: Forcing endless battles is banned
|rule|Species Clause: Limit one of each Pokémon
|rule|OHKO Clause: OHKO moves are banned
|rule|Evasion Items Clause: Evasion items are banned
|rule|Evasion Moves Clause: Evasion moves are banned
|rule|Evasion Abilities Clause: Evasion abilities are banned
|rule|Sleep Moves Clause: Sleep-inducing moves are banned
|clearpoke
|poke|p1|Jirachi|
|poke|p1|Dragonite, F|
|poke|p1|Crawdaunt, M|
|poke|p1|Mew|
|poke|p1|Corviknight, F|
|poke|p1|Dragapult, F|
|poke|p2|Iron Treads|
|poke|p2|Ninetales-Alola, M|
|poke|p2|Gholdengo|
|poke|p2|Hawlucha, M|
|poke|p2|Garchomp, M|
|poke|p2|Ursaluna, F|
|teampreview
|inactive|Battle timer is ON: inactive players will automatically lose when time's up. (requested by red123x)
|
|t:|1776048308
|teamsize|p1|6
|teamsize|p2|6
|start
|switch|p1a: Jirachi|Jirachi|100/100
|switch|p2a: Iron Treads|Iron Treads|100/100
|-enditem|p2a: Iron Treads|Booster Energy
|-activate|p2a: Iron Treads|ability: Quark Drive|[fromitem]
|-start|p2a: Iron Treads|quarkdrivespe
|turn|1
|
|t:|1776048318
|switch|p1a: Corviknight|Corviknight, F|100/100
|move|p2a: Iron Treads|Knock Off|p1a: Corviknight
|-damage|p1a: Corviknight|81/100
|-damage|p2a: Iron Treads|84/100|[from] item: Rocky Helmet|[of] p1a: Corviknight
|-enditem|p1a: Corviknight|Rocky Helmet|[from] move: Knock Off|[of] p2a: Iron Treads
|
|upkeep
|turn|2
|
|t:|1776048326
|move|p2a: Iron Treads|Stealth Rock|p1a: Corviknight
|-sidestart|p1: browoo42|move: Stealth Rock
|move|p1a: Corviknight|Body Press|p2a: Iron Treads
|-supereffective|p2a: Iron Treads
|-damage|p2a: Iron Treads|34/100
|
|upkeep
|turn|3
|
|t:|1776048332
|-end|p2a: Iron Treads|Quark Drive|[silent]
|switch|p2a: Gholdengo|Gholdengo|100/100
|-item|p2a: Gholdengo|Air Balloon
|move|p1a: Corviknight|Body Press|p2a: Gholdengo
|-immune|p2a: Gholdengo
|
|upkeep
|turn|4
|
|t:|1776048340
|move|p2a: Gholdengo|Shadow Ball|p1a: Corviknight
|-damage|p1a: Corviknight|38/100
|-ability|p1a: Corviknight|Mirror Armor
|-unboost|p2a: Gholdengo|spd|1
|move|p1a: Corviknight|U-turn|p2a: Gholdengo
|-resisted|p2a: Gholdengo
|-damage|p2a: Gholdengo|97/100
|-enditem|p2a: Gholdengo|Air Balloon
|
|t:|1776048349
|switch|p1a: Mew|Mew|100/100|[from] U-turn
|-damage|p1a: Mew|88/100|[from] Stealth Rock
|
|upkeep
|turn|5
|
|t:|1776048357
|-terastallize|p1a: Mew|Ground
|move|p1a: Mew|Earth Power|p2a: Gholdengo
|-supereffective|p2a: Gholdengo
|-damage|p2a: Gholdengo|0 fnt
|faint|p2a: Gholdengo
|-damage|p1a: Mew|78/100|[from] item: Life Orb
|
|upkeep
|
|t:|1776048361
|switch|p2a: Ninetales|Ninetales-Alola, M|100/100
|-weather|Snowscape|[from] ability: Snow Warning|[of] p2a: Ninetales
|turn|6
|
|t:|1776048368
|move|p2a: Ninetales|Aurora Veil|p2a: Ninetales
|-sidestart|p2: red123x|move: Aurora Veil
|move|p1a: Mew|Volt Switch|p2a: Ninetales
|-crit|p2a: Ninetales
|-damage|p2a: Ninetales|65/100
|-damage|p1a: Mew|68/100|[from] item: Life Orb
|
|t:|1776048374
|switch|p1a: Corviknight|Corviknight, F|38/100|[from] Volt Switch
|-damage|p1a: Corviknight|25/100|[from] Stealth Rock
|
|-weather|Snowscape|[upkeep]
|upkeep
|turn|7
|
|t:|1776048381
|move|p2a: Ninetales|Freeze-Dry|p1a: Corviknight
|-damage|p1a: Corviknight|5/100
|move|p1a: Corviknight|Roost|p1a: Corviknight
|-heal|p1a: Corviknight|55/100
|-singleturn|p1a: Corviknight|move: Roost
|
|-weather|Snowscape|[upkeep]
|upkeep
|turn|8
|
|t:|1776048389
|move|p2a: Ninetales|Encore|p1a: Corviknight
|-start|p1a: Corviknight|Encore
|move|p1a: Corviknight|Roost|p1a: Corviknight
|-heal|p1a: Corviknight|100/100
|-singleturn|p1a: Corviknight|move: Roost
|
|-weather|Snowscape|[upkeep]
|upkeep
|turn|9
|
|t:|1776048398
|switch|p2a: Ursaluna|Ursaluna, F|100/100
|switch|p1a: Jirachi|Jirachi|100/100
|-damage|p1a: Jirachi|94/100|[from] Stealth Rock
|
|-weather|Snowscape|[upkeep]
|-status|p2a: Ursaluna|brn|[from] item: Flame Orb
|upkeep
|turn|10
|
|t:|1776048407
|move|p1a: Jirachi|Trick|p2a: Ursaluna
|-activate|p1a: Jirachi|move: Trick|[of] p2a: Ursaluna
|-item|p2a: Ursaluna|Choice Scarf|[from] move: Trick
|-item|p1a: Jirachi|Flame Orb|[from] move: Trick
|move|p2a: Ursaluna|Fire Punch|p1a: Jirachi
|-supereffective|p1a: Jirachi
|-damage|p1a: Jirachi|9/100
|
|-weather|none
|-damage|p2a: Ursaluna|94/100 brn|[from] brn
|-status|p1a: Jirachi|brn|[from] item: Flame Orb
|upkeep
|turn|11
|
|t:|1776048424
|move|p1a: Jirachi|Ice Punch|p2a: Ursaluna
|-supereffective|p2a: Ursaluna
|-damage|p2a: Ursaluna|87/100 brn
|move|p2a: Ursaluna|Fire Punch|p1a: Jirachi
|-supereffective|p1a: Jirachi
|-damage|p1a: Jirachi|0 fnt
|faint|p1a: Jirachi
|
|-damage|p2a: Ursaluna|81/100 brn|[from] brn
|upkeep
|inactive|browoo42 has 120 seconds left.
|
|t:|1776048457
|switch|p1a: Crawdaunt|Crawdaunt, M|100/100
|-damage|p1a: Crawdaunt|88/100|[from] Stealth Rock
|turn|12
|
|t:|1776048465
|switch|p2a: Ninetales|Ninetales-Alola, M|65/100
|-weather|Snowscape|[from] ability: Snow Warning|[of] p2a: Ninetales
|move|p1a: Crawdaunt|Crabhammer|p2a: Ninetales
|-damage|p2a: Ninetales|36/100
|
|-weather|Snowscape|[upkeep]
|upkeep
|turn|13
|
|t:|1776048475
|switch|p1a: Corviknight|Corviknight, F|100/100
|-damage|p1a: Corviknight|88/100|[from] Stealth Rock
|move|p2a: Ninetales|Moonblast|p1a: Corviknight
|-resisted|p1a: Corviknight
|-damage|p1a: Corviknight|75/100
|
|-weather|Snowscape|[upkeep]
|-sideend|p2: red123x|move: Aurora Veil
|upkeep
|turn|14
|
|t:|1776048488
|switch|p2a: Ursaluna|Ursaluna, F|81/100 brn
|move|p1a: Corviknight|Defog|p2a: Ursaluna
|-unboost|p2a: Ursaluna|evasion|1
|-sideend|p1: browoo42|Stealth Rock|[from] move: Defog|[of] p1a: Corviknight
|
|-weather|Snowscape|[upkeep]
|-damage|p2a: Ursaluna|75/100 brn|[from] brn
|upkeep
|turn|15
|
|t:|1776048502
|switch|p1a: Dragapult|Dragapult, F|100/100
|move|p2a: Ursaluna|Fire Punch|p1a: Dragapult
|-resisted|p1a: Dragapult
|-damage|p1a: Dragapult|72/100
|
|-weather|Snowscape|[upkeep]
|-damage|p2a: Ursaluna|69/100 brn|[from] brn
|upkeep
|turn|16
|
|t:|1776048511
|move|p1a: Dragapult|U-turn|p2a: Ursaluna
|-damage|p2a: Ursaluna|56/100 brn
|
|t:|1776048517
|switch|p1a: Crawdaunt|Crawdaunt, M|88/100|[from] U-turn
|move|p2a: Ursaluna|Fire Punch|p1a: Crawdaunt
|-resisted|p1a: Crawdaunt
|-damage|p1a: Crawdaunt|56/100
|
|-weather|none
|-damage|p2a: Ursaluna|50/100 brn|[from] brn
|upkeep
|turn|17
|
|t:|1776048530
|move|p2a: Ursaluna|Fire Punch|p1a: Crawdaunt
|-resisted|p1a: Crawdaunt
|-damage|p1a: Crawdaunt|20/100
|move|p1a: Crawdaunt|Crabhammer|p2a: Ursaluna
|-supereffective|p2a: Ursaluna
|-crit|p2a: Ursaluna
|-damage|p2a: Ursaluna|0 fnt
|faint|p2a: Ursaluna
|
|upkeep
|
|t:|1776048533
|switch|p2a: Garchomp|Garchomp, M|100/100
|turn|18
|
|t:|1776048543
|switch|p1a: Corviknight|Corviknight, F|75/100
|move|p2a: Garchomp|Scale Shot|p1a: Corviknight
|-resisted|p1a: Corviknight
|-damage|p1a: Corviknight|71/100
|-resisted|p1a: Corviknight
|-damage|p1a: Corviknight|67/100
|-resisted|p1a: Corviknight
|-damage|p1a: Corviknight|63/100
|-resisted|p1a: Corviknight
|-damage|p1a: Corviknight|59/100
|-resisted|p1a: Corviknight
|-damage|p1a: Corviknight|55/100
|-hitcount|p1a: Corviknight|5
|-unboost|p2a: Garchomp|def|1
|-boost|p2a: Garchomp|spe|1
|
|upkeep
|turn|19
|
|t:|1776048560
|move|p2a: Garchomp|Swords Dance|p2a: Garchomp
|-boost|p2a: Garchomp|atk|2
|move|p1a: Corviknight|Body Press|p2a: Garchomp
|-damage|p2a: Garchomp|59/100
|-damage|p1a: Corviknight|42/100|[from] ability: Rough Skin|[of] p2a: Garchomp
|
|upkeep
|turn|20
|
|t:|1776048569
|move|p2a: Garchomp|Fire Fang|p1a: Corviknight
|-supereffective|p1a: Corviknight
|-damage|p1a: Corviknight|0 fnt
|faint|p1a: Corviknight
|
|upkeep
|
|t:|1776048587
|switch|p1a: Dragapult|Dragapult, F|72/100
|turn|21
|
|t:|1776048610
|move|p1a: Dragapult|Draco Meteor|p2a: Garchomp
|-supereffective|p2a: Garchomp
|-damage|p2a: Garchomp|0 fnt
|-unboost|p1a: Dragapult|spa|2
|faint|p2a: Garchomp
|
|upkeep
|
|t:|1776048613
|switch|p2a: Ninetales|Ninetales-Alola, M|36/100
|-weather|Snowscape|[from] ability: Snow Warning|[of] p2a: Ninetales
|turn|22
|
|t:|1776048621
|switch|p1a: Crawdaunt|Crawdaunt, M|20/100
|move|p2a: Ninetales|Aurora Veil|p2a: Ninetales
|-sidestart|p2: red123x|move: Aurora Veil
|
|-weather|Snowscape|[upkeep]
|upkeep
|turn|23
|
|t:|1776048628
|move|p1a: Crawdaunt|Aqua Jet|p2a: Ninetales
|-damage|p2a: Ninetales|24/100
|move|p2a: Ninetales|Moonblast|p1a: Crawdaunt
|-supereffective|p1a: Crawdaunt
|-damage|p1a: Crawdaunt|0 fnt
|faint|p1a: Crawdaunt
|
|-weather|Snowscape|[upkeep]
|upkeep
|inactive|browoo42 has 120 seconds left.
|
|t:|1776048678
|switch|p1a: Dragapult|Dragapult, F|72/100
|turn|24
|
|t:|1776048705
|switch|p2a: Iron Treads|Iron Treads|34/100
|move|p1a: Dragapult|Shadow Ball|p2a: Iron Treads
|-crit|p2a: Iron Treads
|-damage|p2a: Iron Treads|0 fnt
|faint|p2a: Iron Treads
|-end|p2a: Iron Treads|Quark Drive|[silent]
|
|-weather|Snowscape|[upkeep]
|upkeep
|
|t:|1776048707
|switch|p2a: Hawlucha|Hawlucha, M|100/100
|turn|25
|inactive|browoo42 has 120 seconds left.
|
|t:|1776048716
|-terastallize|p2a: Hawlucha|Flying
|move|p1a: Dragapult|Shadow Ball|p2a: Hawlucha
|-damage|p2a: Hawlucha|49/100
|move|p2a: Hawlucha|Acrobatics|p1a: Dragapult
|-damage|p1a: Dragapult|26/100
|
|-weather|Snowscape|[upkeep]
|upkeep
|turn|26
|
|t:|1776048727
|move|p1a: Dragapult|Shadow Ball|p2a: Hawlucha
|-crit|p2a: Hawlucha
|-damage|p2a: Hawlucha|0 fnt
|faint|p2a: Hawlucha
|
|-weather|none
|upkeep
|-message|red123x forfeited.
|
|win|browoo42
|raw|browoo42's rating: 1587 &rarr; <strong>1610</strong><br />(+23 for winning)
|raw|red123x's rating: 1642 &rarr; <strong>1619</strong><br />(-23 for losing)
|l|☆red123x
|player|p2|
|l|‽browoo42
|player|p1|
