|html|<div class="broadcast-blue"><strong>[Gen 9] OU is currently suspecting Tera Blast! For information on how to participate check out the <a href="https://www.smogon.com/tools/suspects/view/200">suspect thread</a>.</strong></div>
|j|☆strictnightmare
|j|☆HighTierAngel
|t:|1776196243
|gametype|singles
|player|p1|strictnightmare|acetrainer-gen4dp|1132
|player|p2|HighTierAngel|cynthia-masters4|1197
|gen|9
|tier|[Gen 9] OU
|rated|
|rule|HP Percentage Mod: HP is shown in percentages
|rule|Endless Battle Clause: Forcing endless battles is banned
|rule|Species Clause: Limit one of each Pokémon
|rule|OHKO Clause: OHKO moves are banned
|rule|Evasion Items Clause: Evasion items are banned
|rule|Evasion Moves Clause: Evasion moves are banned
|rule|Evasion Abilities Clause: Evasion abilities are banned
|rule|Sleep Moves Clause: Sleep-inducing moves are banned
|clearpoke
|poke|p1|Dragapult, M|
|poke|p1|Glimmora, M|
|poke|p1|Comfey, M|
|poke|p1|Kingambit, M|
|poke|p1|Ogerpon-Wellspring, F|
|poke|p1|Blaziken, M|
|poke|p2|Pelipper, M|
|poke|p2|Toxicroak, M|
|poke|p2|Barraskewda, M|
|poke|p2|Iron Crown|
|poke|p2|Tentacruel, M|
|poke|p2|Gliscor, M|
|teampreview
|inactive|Battle timer is ON: inactive players will automatically lose when time's up. (requested by strictnightmare)
|inactive|HighTierAngel also wants the timer to be on.
|
|t:|1776196257
|teamsize|p1|6
|teamsize|p2|6
|start
|switch|p1a: Glimmora|Glimmora, M, shiny|100/100
|switch|p2a: Gliscor|Gliscor, M|100/100
|turn|1
|
|t:|1776196268
|move|p2a: Gliscor|Substitute|p2a: Gliscor
|-start|p2a: Gliscor|Substitute
|-damage|p2a: Gliscor|76/100
|move|p1a: Glimmora|Stealth Rock|p2a: Gliscor
|-sidestart|p2: HighTierAngel|move: Stealth Rock
|
|-status|p2a: Gliscor|tox|[from] item: Toxic Orb
|upkeep
|turn|2
|
|t:|1776196290
|switch|p1a: Comfey|Comfey, M, shiny|100/100
|move|p2a: Gliscor|Earthquake|p1a: Comfey
|-damage|p1a: Comfey|60/100
|
|-heal|p2a: Gliscor|88/100 tox|[from] ability: Poison Heal
|upkeep
|turn|3
|
|t:|1776196301
|move|p1a: Comfey|Tera Blast|p2a: Gliscor
|-end|p2a: Gliscor|Substitute
|-damage|p1a: Comfey|50/100|[from] item: Life Orb
|move|p2a: Gliscor|Toxic|p1a: Comfey
|-status|p1a: Comfey|tox
|
|-damage|p1a: Comfey|44/100 tox|[from] psn
|-heal|p2a: Gliscor|100/100 tox|[from] ability: Poison Heal
|upkeep
|turn|4
|
|t:|1776196322
|move|p1a: Comfey|Draining Kiss|p2a: Gliscor
|-damage|p2a: Gliscor|66/100 tox
|-heal|p1a: Comfey|74/100 tox|[from] drain|[of] p2a: Gliscor
|-damage|p1a: Comfey|64/100 tox|[from] item: Life Orb
|move|p2a: Gliscor|Earthquake|p1a: Comfey
|-damage|p1a: Comfey|20/100 tox
|
|-damage|p1a: Comfey|7/100 tox|[from] psn
|-heal|p2a: Gliscor|79/100 tox|[from] ability: Poison Heal
|upkeep
|turn|5
|
|t:|1776196335
|switch|p1a: Ogerpon|Ogerpon-Wellspring, F|100/100
|move|p2a: Gliscor|Substitute|p2a: Gliscor
|-start|p2a: Gliscor|Substitute
|-damage|p2a: Gliscor|54/100 tox
|
|-heal|p2a: Gliscor|66/100 tox|[from] ability: Poison Heal
|upkeep
|turn|6
|
|t:|1776196345
|move|p1a: Ogerpon|Spikes|p2a: Gliscor
|-sidestart|p2: HighTierAngel|Spikes
|move|p2a: Gliscor|Toxic|p1a: Ogerpon
|-status|p1a: Ogerpon|tox
|
|-damage|p1a: Ogerpon|95/100 tox|[from] psn
|-heal|p2a: Gliscor|79/100 tox|[from] ability: Poison Heal
|upkeep
|turn|7
|
|t:|1776196357
|move|p2a: Gliscor|Protect|p2a: Gliscor
|-singleturn|p2a: Gliscor|Protect
|move|p1a: Ogerpon|Spikes|p2a: Gliscor
|-sidestart|p2: HighTierAngel|Spikes
|
|-damage|p1a: Ogerpon|83/100 tox|[from] psn
|-heal|p2a: Gliscor|91/100 tox|[from] ability: Poison Heal
|upkeep
|turn|8
|
|t:|1776196364
|move|p1a: Ogerpon|Spikes|p2a: Gliscor
|-sidestart|p2: HighTierAngel|Spikes
|move|p2a: Gliscor|Earthquake|p1a: Ogerpon
|-resisted|p1a: Ogerpon
|-damage|p1a: Ogerpon|63/100 tox
|
|-damage|p1a: Ogerpon|45/100 tox|[from] psn
|-heal|p2a: Gliscor|100/100 tox|[from] ability: Poison Heal
|upkeep
|turn|9
|
|t:|1776196373
|move|p2a: Gliscor|Protect|p2a: Gliscor
|-singleturn|p2a: Gliscor|Protect
|move|p1a: Ogerpon|Ivy Cudgel|p2a: Gliscor|[anim] Ivy Cudgel Water
|-activate|p2a: Gliscor|move: Protect
|
|-damage|p1a: Ogerpon|21/100 tox|[from] psn
|upkeep
|turn|10
|
|t:|1776196381
|move|p1a: Ogerpon|Ivy Cudgel|p2a: Gliscor|[anim] Ivy Cudgel Water
|-supereffective|p2a: Gliscor
|-end|p2a: Gliscor|Substitute
|move|p2a: Gliscor|Substitute|p2a: Gliscor
|-start|p2a: Gliscor|Substitute
|-damage|p2a: Gliscor|76/100 tox
|
|-damage|p1a: Ogerpon|0 fnt|[from] psn
|faint|p1a: Ogerpon
|-heal|p2a: Gliscor|88/100 tox|[from] ability: Poison Heal
|upkeep
|
|t:|1776196384
|switch|p1a: Kingambit|Kingambit, M, shiny|100/100
|-activate|p1a: Kingambit|ability: Supreme Overlord
|-start|p1a: Kingambit|fallen1|[silent]
|turn|11
|
|t:|1776196397
|move|p2a: Gliscor|Earthquake|p1a: Kingambit
|-supereffective|p1a: Kingambit
|-damage|p1a: Kingambit|51/100
|move|p1a: Kingambit|Swords Dance|p1a: Kingambit
|-boost|p1a: Kingambit|atk|2
|
|-heal|p1a: Kingambit|58/100|[from] item: Leftovers
|-heal|p2a: Gliscor|100/100 tox|[from] ability: Poison Heal
|upkeep
|turn|12
|
|t:|1776196408
|move|p2a: Gliscor|Earthquake|p1a: Kingambit
|-supereffective|p1a: Kingambit
|-damage|p1a: Kingambit|5/100
|move|p1a: Kingambit|Kowtow Cleave|p2a: Gliscor
|-end|p2a: Gliscor|Substitute
|
|-heal|p1a: Kingambit|12/100|[from] item: Leftovers
|upkeep
|turn|13
|
|t:|1776196425
|move|p1a: Kingambit|Sucker Punch|p2a: Gliscor
|-damage|p2a: Gliscor|50/100 tox
|move|p2a: Gliscor|Earthquake|p1a: Kingambit
|-supereffective|p1a: Kingambit
|-damage|p1a: Kingambit|0 fnt
|faint|p1a: Kingambit
|-end|p1a: Kingambit|fallen1|[silent]
|
|-heal|p2a: Gliscor|63/100 tox|[from] ability: Poison Heal
|upkeep
|
|t:|1776196428
|switch|p1a: Glimmora|Glimmora, M, shiny|100/100
|turn|14
|
|t:|1776196441
|move|p2a: Gliscor|Protect|p2a: Gliscor
|-singleturn|p2a: Gliscor|Protect
|move|p1a: Glimmora|Power Gem|p2a: Gliscor
|-activate|p2a: Gliscor|move: Protect
|
|-heal|p2a: Gliscor|75/100 tox|[from] ability: Poison Heal
|upkeep
|turn|15
|
|t:|1776196451
|switch|p1a: Dragapult|Dragapult, M, shiny|100/100
|move|p2a: Gliscor|Earthquake|p1a: Dragapult
|-damage|p1a: Dragapult|53/100
|
|-heal|p2a: Gliscor|88/100 tox|[from] ability: Poison Heal
|upkeep
|turn|16
|
|t:|1776196462
|move|p2a: Gliscor|Protect|p2a: Gliscor
|-singleturn|p2a: Gliscor|Protect
|move|p1a: Dragapult|Shadow Ball|p2a: Gliscor
|-activate|p2a: Gliscor|move: Protect
|
|-heal|p2a: Gliscor|99/100 tox|[from] ability: Poison Heal
|upkeep
|turn|17
|
|t:|1776196473
|move|p1a: Dragapult|Dragon Darts|p2a: Gliscor
|-damage|p2a: Gliscor|82/100 tox
|-anim|p1a: Dragapult|Dragon Darts|p2a: Gliscor
|-damage|p2a: Gliscor|66/100 tox
|-damage|p1a: Dragapult|43/100|[from] item: Life Orb
|move|p2a: Gliscor|Toxic|p1a: Dragapult
|-status|p1a: Dragapult|tox
|
|-damage|p1a: Dragapult|37/100 tox|[from] psn
|-heal|p2a: Gliscor|79/100 tox|[from] ability: Poison Heal
|upkeep
|turn|18
|
|t:|1776196485
|move|p2a: Gliscor|Protect|p2a: Gliscor
|-singleturn|p2a: Gliscor|Protect
|move|p1a: Dragapult|Draco Meteor|p2a: Gliscor
|-activate|p2a: Gliscor|move: Protect
|
|-damage|p1a: Dragapult|25/100 tox|[from] psn
|-heal|p2a: Gliscor|91/100 tox|[from] ability: Poison Heal
|upkeep
|turn|19
|-message|strictnightmare forfeited.
|
|win|HighTierAngel
|raw|strictnightmare's rating: 1132 &rarr; <strong>1112</strong><br />(-20 for losing)
|raw|HighTierAngel's rating: 1197 &rarr; <strong>1217</strong><br />(+20 for winning)
|l|☆strictnightmare
|player|p1|
