|html|<div class="broadcast-blue"><strong>[Gen 9] OU is currently suspecting Tera Blast! For information on how to participate check out the <a href="https://www.smogon.com/tools/suspects/view/200">suspect thread</a>.</strong></div>
|j|☆dragswordtob
|j|☆Yun_Geng
|t:|1776263080
|gametype|singles
|player|p1|dragswordtob|naveen|1414
|player|p2|Yun_Geng|2|1463
|gen|9
|tier|[Gen 9] OU
|rated|
|rule|HP Percentage Mod: HP is shown in percentages
|rule|Endless Battle Clause: Forcing endless battles is banned
|rule|Species Clause: Limit one of each Pokémon
|rule|OHKO Clause: OHKO moves are banned
|rule|Evasion Items Clause: Evasion items are banned
|rule|Evasion Moves Clause: Evasion moves are banned
|rule|Evasion Abilities Clause: Evasion abilities are banned
|rule|Sleep Moves Clause: Sleep-inducing moves are banned
|clearpoke
|poke|p1|Glimmora, F|
|poke|p1|Zamazenta-*|
|poke|p1|Latias, F|
|poke|p1|Gholdengo|
|poke|p1|Dragonite, M|
|poke|p1|Weavile, F|
|poke|p2|Iron Moth|
|poke|p2|Gliscor, F|
|poke|p2|Hatterene, F|
|poke|p2|Ogerpon-Wellspring, F|
|poke|p2|Raging Bolt|
|poke|p2|Zamazenta-*|
|teampreview
|inactive|Battle timer is ON: inactive players will automatically lose when time's up. (requested by Yun_Geng)
|
|t:|1776263109
|teamsize|p1|6
|teamsize|p2|6
|start
|switch|p1a: Gholdengo|Gholdengo|100/100
|switch|p2a: Ogerpon|Ogerpon-Wellspring, F|100/100
|turn|1
|
|t:|1776263119
|move|p2a: Ogerpon|Ivy Cudgel|p1a: Gholdengo|[anim] Ivy Cudgel Water
|-damage|p1a: Gholdengo|32/100
|move|p1a: Gholdengo|Shadow Ball|p2a: Ogerpon
|-damage|p2a: Ogerpon|56/100
|
|upkeep
|turn|2
|
|t:|1776263125
|switch|p1a: Zamazenta|Zamazenta|100/100
|-ability|p1a: Zamazenta|Dauntless Shield|boost
|-boost|p1a: Zamazenta|def|1
|move|p2a: Ogerpon|Ivy Cudgel|p1a: Zamazenta|[anim] Ivy Cudgel Water
|-damage|p1a: Zamazenta|66/100
|
|-heal|p1a: Zamazenta|72/100|[from] item: Leftovers
|upkeep
|turn|3
|
|t:|1776263135
|switch|p2a: Hatterene|Hatterene, F|100/100
|move|p1a: Zamazenta|Crunch|p2a: Hatterene
|-damage|p2a: Hatterene|83/100
|-unboost|p2a: Hatterene|def|1
|
|-heal|p1a: Zamazenta|79/100|[from] item: Leftovers
|-heal|p2a: Hatterene|89/100|[from] item: Leftovers
|upkeep
|turn|4
|
|t:|1776263147
|switch|p1a: Gholdengo|Gholdengo|32/100
|switch|p2a: Zamazenta|Zamazenta|100/100
|-ability|p2a: Zamazenta|Dauntless Shield|boost
|-boost|p2a: Zamazenta|def|1
|
|upkeep
|turn|5
|
|t:|1776263153
|move|p2a: Zamazenta|Light Screen|p2a: Zamazenta
|-sidestart|p2: Yun_Geng|move: Light Screen
|move|p1a: Gholdengo|Make It Rain|p2a: Zamazenta
|-damage|p2a: Zamazenta|74/100
|-unboost|p1a: Gholdengo|spa|1
|
|upkeep
|turn|6
|c|☆dragswordtob|Lmao
|
|t:|1776263162
|move|p2a: Zamazenta|Reflect|p2a: Zamazenta
|-sidestart|p2: Yun_Geng|Reflect
|move|p1a: Gholdengo|Shadow Ball|p2a: Zamazenta
|-damage|p2a: Zamazenta|63/100
|-unboost|p2a: Zamazenta|spd|1
|
|upkeep
|turn|7
|c|☆dragswordtob|Now ive seen everything
|
|t:|1776263182
|switch|p2a: Ogerpon|Ogerpon-Wellspring, F|56/100
|move|p1a: Gholdengo|Shadow Ball|p2a: Ogerpon
|-damage|p2a: Ogerpon|41/100
|
|upkeep
|turn|8
|
|t:|1776263193
|move|p2a: Ogerpon|Swords Dance|p2a: Ogerpon
|-boost|p2a: Ogerpon|atk|2
|move|p1a: Gholdengo|Shadow Ball|p2a: Ogerpon
|-damage|p2a: Ogerpon|26/100
|
|upkeep
|turn|9
|
|t:|1776263198
|move|p2a: Ogerpon|Trailblaze|p1a: Gholdengo
|-resisted|p1a: Gholdengo
|-damage|p1a: Gholdengo|1/100
|-boost|p2a: Ogerpon|spe|1
|move|p1a: Gholdengo|Shadow Ball|p2a: Ogerpon
|-damage|p2a: Ogerpon|11/100
|
|upkeep
|turn|10
|-enditem|p1a: Gholdengo|Custap Berry|[eat]
|-activate|p1a: Gholdengo|item: Custap Berry|[consumed]
|
|t:|1776263206
|move|p1a: Gholdengo|Shadow Ball|p2a: Ogerpon
|-damage|p2a: Ogerpon|0 fnt
|faint|p2a: Ogerpon
|
|upkeep
|c|☆dragswordtob|Greedy
|
|t:|1776263227
|switch|p2a: Gliscor|Gliscor, F|100/100
|turn|11
|
|t:|1776263230
|move|p1a: Gholdengo|Make It Rain|p2a: Gliscor
|-damage|p2a: Gliscor|76/100
|-unboost|p1a: Gholdengo|spa|1
|move|p2a: Gliscor|Swords Dance|p2a: Gliscor
|-boost|p2a: Gliscor|atk|2
|
|-status|p2a: Gliscor|tox|[from] item: Toxic Orb
|upkeep
|turn|12
|
|t:|1776263239
|move|p1a: Gholdengo|Shadow Ball|p2a: Gliscor
|-damage|p2a: Gliscor|62/100 tox
|move|p2a: Gliscor|Agility|p2a: Gliscor
|-boost|p2a: Gliscor|spe|2
|
|-heal|p2a: Gliscor|74/100 tox|[from] ability: Poison Heal
|-sideend|p2: Yun_Geng|move: Light Screen
|upkeep
|turn|13
|
|t:|1776263245
|switch|p1a: Zamazenta|Zamazenta|79/100
|move|p2a: Gliscor|Earthquake|p1a: Zamazenta
|-damage|p1a: Zamazenta|12/100
|
|-heal|p1a: Zamazenta|18/100|[from] item: Leftovers
|-heal|p2a: Gliscor|86/100 tox|[from] ability: Poison Heal
|-sideend|p2: Yun_Geng|Reflect
|upkeep
|turn|14
|
|t:|1776263260
|-terastallize|p2a: Gliscor|Normal
|move|p2a: Gliscor|Swords Dance|p2a: Gliscor
|-boost|p2a: Gliscor|atk|2
|move|p1a: Zamazenta|Crunch|p2a: Gliscor
|-damage|p2a: Gliscor|68/100 tox
|
|-heal|p1a: Zamazenta|24/100|[from] item: Leftovers
|-heal|p2a: Gliscor|80/100 tox|[from] ability: Poison Heal
|upkeep
|turn|15
|
|t:|1776263269
|move|p2a: Gliscor|Agility|p2a: Gliscor
|-boost|p2a: Gliscor|spe|2
|move|p1a: Zamazenta|Body Press|p2a: Gliscor
|-supereffective|p2a: Gliscor
|-damage|p2a: Gliscor|24/100 tox
|
|-heal|p1a: Zamazenta|30/100|[from] item: Leftovers
|-heal|p2a: Gliscor|36/100 tox|[from] ability: Poison Heal
|upkeep
|turn|16
|
|t:|1776263286
|move|p2a: Gliscor|Facade|p1a: Zamazenta
|-damage|p1a: Zamazenta|0 fnt
|faint|p1a: Zamazenta
|
|-heal|p2a: Gliscor|49/100 tox|[from] ability: Poison Heal
|upkeep
|
|t:|1776263300
|switch|p1a: Glimmora|Glimmora, F|100/100
|turn|17
|
|t:|1776263305
|move|p2a: Gliscor|Earthquake|p1a: Glimmora
|-supereffective|p1a: Glimmora
|-enditem|p1a: Glimmora|Focus Sash
|-damage|p1a: Glimmora|1/100
|-activate|p1a: Glimmora|ability: Toxic Debris
|-sidestart|p2: Yun_Geng|move: Toxic Spikes
|move|p1a: Glimmora|Power Gem|p2a: Gliscor
|-damage|p2a: Gliscor|0 fnt
|faint|p2a: Gliscor
|
|upkeep
|
|t:|1776263315
|switch|p2a: Iron Moth|Iron Moth|100/100
|-sideend|p2: Yun_Geng|move: Toxic Spikes|[of] p2a: Iron Moth
|-enditem|p2a: Iron Moth|Booster Energy
|-activate|p2a: Iron Moth|ability: Quark Drive|[fromitem]
|-start|p2a: Iron Moth|quarkdrivespe
|turn|18
|
|t:|1776263322
|move|p2a: Iron Moth|Fiery Dance|p1a: Glimmora
|-resisted|p1a: Glimmora
|-damage|p1a: Glimmora|0 fnt
|faint|p1a: Glimmora
|
|upkeep
|
|t:|1776263328
|switch|p1a: Latias|Latias, F|100/100
|turn|19
|
|t:|1776263332
|move|p2a: Iron Moth|Toxic Spikes|p1a: Latias
|-sidestart|p1: dragswordtob|move: Toxic Spikes
|move|p1a: Latias|Agility|p1a: Latias
|-boost|p1a: Latias|spe|2
|
|upkeep
|turn|20
|
|t:|1776263337
|move|p1a: Latias|Calm Mind|p1a: Latias
|-boost|p1a: Latias|spa|1
|-boost|p1a: Latias|spd|1
|move|p2a: Iron Moth|Whirlwind|p1a: Latias
|drag|p1a: Gholdengo|Gholdengo|1/100
|
|upkeep
|turn|21
|
|t:|1776263347
|move|p2a: Iron Moth|Fiery Dance|p1a: Gholdengo
|-supereffective|p1a: Gholdengo
|-crit|p1a: Gholdengo
|-damage|p1a: Gholdengo|0 fnt
|-boost|p2a: Iron Moth|spa|1
|faint|p1a: Gholdengo
|
|upkeep
|c|☆dragswordtob|Ts is frying me
|
|t:|1776263358
|switch|p1a: Dragonite|Dragonite, M|100/100
|turn|22
|
|t:|1776263367
|move|p2a: Iron Moth|Sludge Wave|p1a: Dragonite
|-damage|p1a: Dragonite|63/100
|move|p1a: Dragonite|Earthquake|p2a: Iron Moth
|-supereffective|p2a: Iron Moth
|-damage|p2a: Iron Moth|0 fnt
|faint|p2a: Iron Moth
|-end|p2a: Iron Moth|Quark Drive|[silent]
|
|upkeep
|
|t:|1776263377
|switch|p2a: Zamazenta|Zamazenta|63/100
|turn|23
|
|t:|1776263388
|switch|p1a: Latias|Latias, F|100/100
|move|p2a: Zamazenta|Ice Fang|p1a: Latias
|-supereffective|p1a: Latias
|-damage|p1a: Latias|70/100
|
|-heal|p1a: Latias|77/100|[from] item: Leftovers
|upkeep
|turn|24
|
|t:|1776263415
|-terastallize|p1a: Latias|Fairy
|move|p2a: Zamazenta|Light Screen|p2a: Zamazenta
|-sidestart|p2: Yun_Geng|move: Light Screen
|move|p1a: Latias|Agility|p1a: Latias
|-boost|p1a: Latias|spe|2
|
|-heal|p1a: Latias|83/100|[from] item: Leftovers
|upkeep
|turn|25
|
|t:|1776263422
|switch|p2a: Hatterene|Hatterene, F|89/100
|move|p1a: Latias|Calm Mind|p1a: Latias
|-boost|p1a: Latias|spa|1
|-boost|p1a: Latias|spd|1
|
|-heal|p1a: Latias|89/100|[from] item: Leftovers
|-heal|p2a: Hatterene|95/100|[from] item: Leftovers
|upkeep
|turn|26
|
|t:|1776263427
|move|p1a: Latias|Calm Mind|p1a: Latias
|-boost|p1a: Latias|spa|1
|-boost|p1a: Latias|spd|1
|move|p2a: Hatterene|Mystical Fire|p1a: Latias
|-damage|p1a: Latias|79/100
|-unboost|p1a: Latias|spa|1
|
|-heal|p1a: Latias|86/100|[from] item: Leftovers
|-heal|p2a: Hatterene|100/100|[from] item: Leftovers
|upkeep
|turn|27
|
|t:|1776263430
|move|p1a: Latias|Calm Mind|p1a: Latias
|-boost|p1a: Latias|spa|1
|-boost|p1a: Latias|spd|1
|move|p2a: Hatterene|Mystical Fire|p1a: Latias
|-damage|p1a: Latias|79/100
|-unboost|p1a: Latias|spa|1
|
|-heal|p1a: Latias|85/100|[from] item: Leftovers
|upkeep
|turn|28
|
|t:|1776263435
|move|p1a: Latias|Calm Mind|p1a: Latias
|-boost|p1a: Latias|spa|1
|-boost|p1a: Latias|spd|1
|move|p2a: Hatterene|Calm Mind|p2a: Hatterene
|-boost|p2a: Hatterene|spa|1
|-boost|p2a: Hatterene|spd|1
|
|-heal|p1a: Latias|91/100|[from] item: Leftovers
|upkeep
|turn|29
|
|t:|1776263439
|move|p1a: Latias|Calm Mind|p1a: Latias
|-boost|p1a: Latias|spa|1
|-boost|p1a: Latias|spd|1
|move|p2a: Hatterene|Calm Mind|p2a: Hatterene
|-boost|p2a: Hatterene|spa|1
|-boost|p2a: Hatterene|spd|1
|
|-heal|p1a: Latias|97/100|[from] item: Leftovers
|upkeep
|turn|30
|
|t:|1776263443
|move|p1a: Latias|Calm Mind|p1a: Latias
|-boost|p1a: Latias|spa|1
|-boost|p1a: Latias|spd|1
|move|p2a: Hatterene|Calm Mind|p2a: Hatterene
|-boost|p2a: Hatterene|spa|1
|-boost|p2a: Hatterene|spd|1
|
|-heal|p1a: Latias|100/100|[from] item: Leftovers
|upkeep
|turn|31
|
|t:|1776263449
|move|p1a: Latias|Agility|p1a: Latias
|-boost|p1a: Latias|spe|2
|move|p2a: Hatterene|Calm Mind|p2a: Hatterene
|-boost|p2a: Hatterene|spa|1
|-boost|p2a: Hatterene|spd|1
|
|-sideend|p2: Yun_Geng|move: Light Screen
|upkeep
|turn|32
|
|t:|1776263452
|move|p1a: Latias|Stored Power|p2a: Hatterene
|-resisted|p2a: Hatterene
|-damage|p2a: Hatterene|45/100
|move|p2a: Hatterene|Stored Power|p1a: Latias
|-damage|p1a: Latias|50/100
|
|-heal|p1a: Latias|57/100|[from] item: Leftovers
|-heal|p2a: Hatterene|51/100|[from] item: Leftovers
|upkeep
|turn|33
|c|☆dragswordtob|Yeah…
|
|t:|1776263461
|move|p1a: Latias|Stored Power|p2a: Hatterene
|-resisted|p2a: Hatterene
|-damage|p2a: Hatterene|0 fnt
|faint|p2a: Hatterene
|
|-heal|p1a: Latias|63/100|[from] item: Leftovers
|upkeep
|-message|Yun_Geng forfeited.
|
|win|dragswordtob
|raw|dragswordtob's rating: 1414 &rarr; <strong>1437</strong><br />(+23 for winning)
|raw|Yun_Geng's rating: 1463 &rarr; <strong>1440</strong><br />(-23 for losing)
|l|☆Yun_Geng
|player|p2|
