|html|<div class="broadcast-blue"><strong>[Gen 9] OU is currently suspecting Tera Blast! For information on how to participate check out the <a href="https://www.smogon.com/tools/suspects/view/200">suspect thread</a>.</strong></div>
|j|☆AranhaSans
|j|☆chillncurry
|t:|1776047824
|gametype|singles
|player|p1|AranhaSans|101|1159
|player|p2|chillncurry|1|1199
|gen|9
|tier|[Gen 9] OU
|rated|
|rule|HP Percentage Mod: HP is shown in percentages
|rule|Endless Battle Clause: Forcing endless battles is banned
|rule|Species Clause: Limit one of each Pokémon
|rule|OHKO Clause: OHKO moves are banned
|rule|Evasion Items Clause: Evasion items are banned
|rule|Evasion Moves Clause: Evasion moves are banned
|rule|Evasion Abilities Clause: Evasion abilities are banned
|rule|Sleep Moves Clause: Sleep-inducing moves are banned
|clearpoke
|poke|p1|Basculegion, M|
|poke|p1|Pelipper, M|
|poke|p1|Goodra, F|
|poke|p1|Iron Treads|
|poke|p1|Araquanid, M|
|poke|p1|Ludicolo, M|
|poke|p2|Great Tusk|
|poke|p2|Corviknight, F|
|poke|p2|Raging Bolt|
|poke|p2|Meowscarada, M|
|poke|p2|Slowking-Galar, F|
|poke|p2|Kyurem|
|teampreview
|inactive|Battle timer is ON: inactive players will automatically lose when time's up. (requested by AranhaSans)
|j| ohko_smeargle
|
|t:|1776047845
|teamsize|p1|6
|teamsize|p2|6
|start
|switch|p1a: Maratus|Araquanid, M|100/100
|switch|p2a: Raging Bolt|Raging Bolt|100/100
|turn|1
|
|t:|1776047852
|-terastallize|p1a: Maratus|Electric
|move|p2a: Raging Bolt|Thunderbolt|p1a: Maratus
|-resisted|p1a: Maratus
|-damage|p1a: Maratus|73/100
|move|p1a: Maratus|Sticky Web|p2a: Raging Bolt
|-sidestart|p2: chillncurry|move: Sticky Web
|
|upkeep
|turn|2
|
|t:|1776047867
|-end|p2a: Raging Bolt|Protosynthesis|[silent]
|switch|p2a: Slowking|Slowking-Galar, F|100/100
|move|p1a: Maratus|Leech Life|p2a: Slowking
|-damage|p2a: Slowking|71/100
|-heal|p1a: Maratus|95/100|[from] drain|[of] p2a: Slowking
|
|upkeep
|turn|3
|
|t:|1776047873
|move|p1a: Maratus|Liquidation|p2a: Slowking
|-damage|p2a: Slowking|3/100
|-prepare|p2a: Slowking|Chilly Reception|[premajor]
|move|p2a: Slowking|Chilly Reception|p2a: Slowking
|-weather|Snowscape
|
|t:|1776047887
|switch|p2a: Raging Bolt|Raging Bolt|100/100|[from] Chilly Reception
|-activate|p2a: Raging Bolt|move: Sticky Web
|-unboost|p2a: Raging Bolt|spe|1
|
|-weather|Snowscape|[upkeep]
|upkeep
|turn|4
|
|t:|1776047894
|switch|p1a: Gulosaum|Iron Treads|100/100
|move|p2a: Raging Bolt|Dragon Pulse|p1a: Gulosaum
|-resisted|p1a: Gulosaum
|-damage|p1a: Gulosaum|77/100
|-enditem|p1a: Gulosaum|Red Card|[of] p2a: Raging Bolt
|-end|p2a: Raging Bolt|Protosynthesis|[silent]
|drag|p2a: Corviknight|Corviknight, F|100/100
|-ability|p2a: Corviknight|Pressure
|
|-weather|Snowscape|[upkeep]
|upkeep
|turn|5
|
|t:|1776047900
|move|p1a: Gulosaum|Stealth Rock|p2a: Corviknight
|-sidestart|p2: chillncurry|move: Stealth Rock
|move|p2a: Corviknight|Body Press|p1a: Gulosaum
|-supereffective|p1a: Gulosaum
|-damage|p1a: Gulosaum|38/100
|
|-weather|Snowscape|[upkeep]
|upkeep
|turn|6
|
|t:|1776047904
|-end|p1a: Gulosaum|Quark Drive|[silent]
|switch|p1a: Pellipe|Pelipper, M|100/100
|-weather|RainDance|[from] ability: Drizzle|[of] p1a: Pellipe
|move|p2a: Corviknight|Body Press|p1a: Pellipe
|-resisted|p1a: Pellipe
|-damage|p1a: Pellipe|88/100
|
|-weather|RainDance|[upkeep]
|upkeep
|turn|7
|
|t:|1776047910
|move|p2a: Corviknight|U-turn|p1a: Pellipe
|-resisted|p1a: Pellipe
|-damage|p1a: Pellipe|80/100
|
|t:|1776047913
|switch|p2a: Kyurem|Kyurem|100/100|[from] U-turn
|-ability|p2a: Kyurem|Pressure
|move|p1a: Pellipe|U-turn|p2a: Kyurem
|-damage|p2a: Kyurem|92/100
|
|t:|1776047933
|switch|p1a: Ludicolo|Ludicolo, M|100/100|[from] U-turn
|
|-weather|RainDance|[upkeep]
|upkeep
|turn|8
|
|t:|1776047939
|move|p1a: Ludicolo|Focus Blast|p2a: Kyurem
|-supereffective|p2a: Kyurem
|-damage|p2a: Kyurem|0 fnt
|faint|p2a: Kyurem
|
|-weather|RainDance|[upkeep]
|upkeep
|
|t:|1776047945
|switch|p2a: Great Tusk|Great Tusk|100/100
|turn|9
|-message|chillncurry forfeited.
|
|win|AranhaSans
|raw|AranhaSans's rating: 1159 &rarr; <strong>1187</strong><br />(+28 for winning)
|raw|chillncurry's rating: 1199 &rarr; <strong>1171</strong><br />(-28 for losing)
|l|☆chillncurry
|player|p2|
|l| ohko_smeargle
|l|☆AranhaSans
|player|p1|
