|html|<div class="broadcast-blue"><strong>[Gen 9] OU is currently suspecting Tera Blast! For information on how to participate check out the <a href="https://www.smogon.com/tools/suspects/view/200">suspect thread</a>.</strong></div>
|j|☆TAMMOHATER
|j|☆M3XG3N54 real
|t:|1776045586
|gametype|singles
|player|p1|TAMMOHATER|firebreather|1387
|player|p2|M3XG3N54 real|102|1344
|gen|9
|tier|[Gen 9] OU
|rated|
|rule|HP Percentage Mod: HP is shown in percentages
|rule|Endless Battle Clause: Forcing endless battles is banned
|rule|Species Clause: Limit one of each Pokémon
|rule|OHKO Clause: OHKO moves are banned
|rule|Evasion Items Clause: Evasion items are banned
|rule|Evasion Moves Clause: Evasion moves are banned
|rule|Evasion Abilities Clause: Evasion abilities are banned
|rule|Sleep Moves Clause: Sleep-inducing moves are banned
|clearpoke
|poke|p1|Ogerpon-Cornerstone, F|
|poke|p1|Hatterene, F|
|poke|p1|Pecharunt|
|poke|p1|Landorus-Therian, M|
|poke|p1|Kingambit, M|
|poke|p1|Latios, M|
|poke|p2|Hatterene, F|
|poke|p2|Uxie|
|poke|p2|Ursaluna, M|
|poke|p2|Torkoal, M|
|poke|p2|Kingambit, M|
|poke|p2|Dragapult, M|
|teampreview
|inactive|Battle timer is ON: inactive players will automatically lose when time's up. (requested by M3XG3N54 real)
|j| ohko_smeargle
|
|t:|1776045598
|teamsize|p1|6
|teamsize|p2|6
|start
|switch|p1a: Hatterene|Hatterene, F|100/100
|switch|p2a: Uxie|Uxie|100/100
|turn|1
|
|t:|1776045605
|move|p1a: Hatterene|Mystical Fire|p2a: Uxie
|-damage|p2a: Uxie|85/100
|-unboost|p2a: Uxie|spa|1
|move|p2a: Uxie|Trick Room|p2a: Uxie
|-fieldstart|move: Trick Room|[of] p2a: Uxie
|
|upkeep
|turn|2
|
|t:|1776045620
|switch|p2a: Ursaluna|Ursaluna, M|100/100
|move|p1a: Hatterene|Mystical Fire|p2a: Ursaluna
|-damage|p2a: Ursaluna|80/100
|-unboost|p2a: Ursaluna|spa|1
|
|-status|p2a: Ursaluna|brn|[from] item: Flame Orb
|upkeep
|turn|3
|
|t:|1776045628
|switch|p1a: Landorus|Landorus-Therian, M|100/100
|-ability|p1a: Landorus|Intimidate|boost
|-unboost|p2a: Ursaluna|atk|1
|move|p2a: Ursaluna|Facade|p1a: Landorus
|-damage|p1a: Landorus|31/100
|-damage|p2a: Ursaluna|63/100 brn|[from] item: Rocky Helmet|[of] p1a: Landorus
|
|-damage|p2a: Ursaluna|57/100 brn|[from] brn
|upkeep
|turn|4
|
|t:|1776045636
|switch|p1a: Pecharunt|Pecharunt|100/100
|move|p2a: Ursaluna|Facade|p1a: Pecharunt
|-immune|p1a: Pecharunt
|
|-damage|p2a: Ursaluna|50/100 brn|[from] brn
|upkeep
|turn|5
|
|t:|1776045641
|switch|p2a: Uxie|Uxie|85/100
|switch|p1a: Landorus|Landorus-Therian, M|31/100
|-ability|p1a: Landorus|Intimidate|boost
|-unboost|p2a: Uxie|atk|1
|
|-fieldend|move: Trick Room
|upkeep
|turn|6
|
|t:|1776045643
|move|p1a: Landorus|Taunt|p2a: Uxie
|-start|p2a: Uxie|move: Taunt
|cant|p2a: Uxie|move: Taunt|Trick Room
|
|upkeep
|turn|7
|
|t:|1776045649
|switch|p2a: Dragapult|Dragapult, M|100/100
|move|p1a: Landorus|Stealth Rock|p2a: Dragapult
|-sidestart|p2: M3XG3N54 real|move: Stealth Rock
|
|upkeep
|turn|8
|
|t:|1776045656
|switch|p1a: Kingambit|Kingambit, M|100/100
|move|p2a: Dragapult|Shadow Ball|p1a: Kingambit
|-resisted|p1a: Kingambit
|-damage|p1a: Kingambit|82/100
|
|-heal|p1a: Kingambit|88/100|[from] item: Leftovers
|upkeep
|turn|9
|
|t:|1776045665
|-end|p1a: Kingambit|fallenundefined|[silent]
|switch|p1a: Hatterene|Hatterene, F|100/100
|move|p2a: Dragapult|Will-O-Wisp|p1a: Hatterene
|move|p1a: Hatterene|Will-O-Wisp|p2a: Dragapult|[from] ability: Magic Bounce
|-status|p2a: Dragapult|brn
|
|-damage|p2a: Dragapult|95/100 brn|[from] brn
|upkeep
|turn|10
|
|t:|1776045675
|switch|p1a: Landorus|Landorus-Therian, M|31/100
|-ability|p1a: Landorus|Intimidate|boost
|-unboost|p2a: Dragapult|atk|1
|move|p2a: Dragapult|U-turn|p1a: Landorus
|-resisted|p1a: Landorus
|-damage|p1a: Landorus|29/100
|-damage|p2a: Dragapult|78/100 brn|[from] item: Rocky Helmet|[of] p1a: Landorus
|
|t:|1776045678
|switch|p2a: Uxie|Uxie|85/100|[from] U-turn
|-damage|p2a: Uxie|73/100|[from] Stealth Rock
|
|upkeep
|turn|11
|
|t:|1776045682
|move|p1a: Landorus|Taunt|p2a: Uxie
|-start|p2a: Uxie|move: Taunt
|cant|p2a: Uxie|move: Taunt|Trick Room
|
|upkeep
|turn|12
|
|t:|1776045686
|switch|p2a: Dragapult|Dragapult, M|78/100 brn
|-damage|p2a: Dragapult|66/100 brn|[from] Stealth Rock
|move|p1a: Landorus|U-turn|p2a: Dragapult
|-resisted|p2a: Dragapult
|-damage|p2a: Dragapult|50/100 brn
|
|t:|1776045699
|switch|p1a: Latios|Latios, M|100/100|[from] U-turn
|
|-heal|p2a: Dragapult|56/100 brn|[from] item: Leftovers
|-damage|p2a: Dragapult|50/100 brn|[from] brn
|upkeep
|turn|13
|
|t:|1776045716
|move|p1a: Latios|Luster Purge|p2a: Dragapult
|-damage|p2a: Dragapult|0 fnt
|faint|p2a: Dragapult
|
|upkeep
|
|t:|1776045720
|switch|p2a: Uxie|Uxie|73/100
|-damage|p2a: Uxie|60/100|[from] Stealth Rock
|turn|14
|
|t:|1776045732
|switch|p1a: Hatterene|Hatterene, F|100/100
|move|p2a: Uxie|Trick Room|p2a: Uxie
|-fieldstart|move: Trick Room|[of] p2a: Uxie
|
|upkeep
|turn|15
|
|t:|1776045745
|switch|p2a: Torkoal|Torkoal, M|100/100
|-damage|p2a: Torkoal|75/100|[from] Stealth Rock
|-weather|SunnyDay|[from] ability: Drought|[of] p2a: Torkoal
|move|p1a: Hatterene|Psychic Noise|p2a: Torkoal
|-damage|p2a: Torkoal|20/100
|-start|p2a: Torkoal|move: Heal Block
|
|-weather|SunnyDay|[upkeep]
|upkeep
|turn|16
|
|t:|1776045758
|move|p2a: Torkoal|Flamethrower|p1a: Hatterene
|-damage|p1a: Hatterene|51/100
|move|p1a: Hatterene|Draining Kiss|p2a: Torkoal
|-resisted|p2a: Torkoal
|-damage|p2a: Torkoal|3/100
|-heal|p1a: Hatterene|65/100|[from] drain|[of] p2a: Torkoal
|
|-weather|SunnyDay|[upkeep]
|-end|p2a: Torkoal|move: Heal Block
|upkeep
|turn|17
|
|t:|1776045766
|move|p2a: Torkoal|Flamethrower|p1a: Hatterene
|-damage|p1a: Hatterene|7/100
|move|p1a: Hatterene|Draining Kiss|p2a: Torkoal
|-resisted|p2a: Torkoal
|-damage|p2a: Torkoal|0 fnt
|-heal|p1a: Hatterene|9/100|[from] drain|[of] p2a: Torkoal
|faint|p2a: Torkoal
|
|-weather|SunnyDay|[upkeep]
|upkeep
|
|t:|1776045773
|switch|p2a: Kingambit|Kingambit, M|100/100
|-damage|p2a: Kingambit|94/100|[from] Stealth Rock
|-activate|p2a: Kingambit|ability: Supreme Overlord
|-start|p2a: Kingambit|fallen2|[silent]
|turn|18
|
|t:|1776045776
|move|p1a: Hatterene|Nuzzle|p2a: Kingambit
|-damage|p2a: Kingambit|92/100
|-status|p2a: Kingambit|par
|-enditem|p2a: Kingambit|Lum Berry|[eat]
|-curestatus|p2a: Kingambit|par|[msg]
|move|p2a: Kingambit|Iron Head|p1a: Hatterene
|-supereffective|p1a: Hatterene
|-damage|p1a: Hatterene|0 fnt
|faint|p1a: Hatterene
|
|-weather|SunnyDay|[upkeep]
|-fieldend|move: Trick Room
|upkeep
|
|t:|1776045786
|switch|p1a: Kingambit|Kingambit, M|88/100
|-activate|p1a: Kingambit|ability: Supreme Overlord
|-start|p1a: Kingambit|fallen1|[silent]
|turn|19
|
|t:|1776045789
|-terastallize|p2a: Kingambit|Fighting
|move|p1a: Kingambit|Low Kick|p2a: Kingambit
|-damage|p2a: Kingambit|58/100
|move|p2a: Kingambit|Low Kick|p1a: Kingambit
|-supereffective|p1a: Kingambit
|-damage|p1a: Kingambit|0 fnt
|faint|p1a: Kingambit
|-end|p1a: Kingambit|fallen1|[silent]
|
|-weather|none
|upkeep
|
|t:|1776045796
|switch|p1a: Landorus|Landorus-Therian, M|29/100
|-ability|p1a: Landorus|Intimidate|boost
|-unboost|p2a: Kingambit|atk|1
|turn|20
|
|t:|1776045800
|move|p2a: Kingambit|Sucker Punch|p1a: Landorus
|-damage|p1a: Landorus|1/100
|-damage|p2a: Kingambit|42/100|[from] item: Rocky Helmet|[of] p1a: Landorus
|move|p1a: Landorus|Earthquake|p2a: Kingambit
|-damage|p2a: Kingambit|9/100
|
|upkeep
|turn|21
|
|t:|1776045805
|move|p1a: Landorus|Taunt|p2a: Kingambit
|-start|p2a: Kingambit|move: Taunt
|move|p2a: Kingambit|Iron Head|p1a: Landorus
|-damage|p1a: Landorus|0 fnt
|-damage|p2a: Kingambit|0 fnt|[from] item: Rocky Helmet|[of] p1a: Landorus
|faint|p1a: Landorus
|faint|p2a: Kingambit
|-end|p2a: Kingambit|fallen2|[silent]
|
|upkeep
|
|t:|1776045815
|switch|p1a: Pecharunt|Pecharunt|100/100
|switch|p2a: Uxie|Uxie|60/100
|-damage|p2a: Uxie|48/100|[from] Stealth Rock
|turn|22
|
|t:|1776045818
|move|p1a: Pecharunt|Shadow Ball|p2a: Uxie
|-supereffective|p2a: Uxie
|-damage|p2a: Uxie|20/100
|move|p2a: Uxie|Trick Room|p2a: Uxie
|-fieldstart|move: Trick Room|[of] p2a: Uxie
|
|upkeep
|turn|23
|
|t:|1776045823
|move|p2a: Uxie|Memento|p1a: Pecharunt
|-unboost|p1a: Pecharunt|atk|2
|-unboost|p1a: Pecharunt|spa|2
|faint|p2a: Uxie
|move|p1a: Pecharunt|Shadow Ball|p2: Uxie|[notarget]
|-fail|p1a: Pecharunt
|
|upkeep
|
|t:|1776045826
|switch|p2a: Ursaluna|Ursaluna, M|50/100 brn
|-damage|p2a: Ursaluna|44/100 brn|[from] Stealth Rock
|turn|24
|
|t:|1776045836
|move|p2a: Ursaluna|Crunch|p1a: Pecharunt
|-supereffective|p1a: Pecharunt
|-damage|p1a: Pecharunt|53/100
|-unboost|p1a: Pecharunt|def|1
|move|p1a: Pecharunt|Malignant Chain|p2a: Ursaluna
|-resisted|p2a: Ursaluna
|-damage|p2a: Ursaluna|38/100 brn
|
|-damage|p2a: Ursaluna|32/100 brn|[from] brn
|upkeep
|turn|25
|
|t:|1776045845
|move|p2a: Ursaluna|Crunch|p1a: Pecharunt
|-supereffective|p1a: Pecharunt
|-damage|p1a: Pecharunt|0 fnt
|faint|p1a: Pecharunt
|
|-damage|p2a: Ursaluna|25/100 brn|[from] brn
|upkeep
|
|t:|1776045850
|switch|p1a: Ogerpon|Ogerpon-Cornerstone, F|100/100
|turn|26
|
|t:|1776045858
|move|p2a: Ursaluna|Headlong Rush|p1a: Ogerpon
|-ability|p1a: Ogerpon|Sturdy
|-damage|p1a: Ogerpon|1/100
|-unboost|p2a: Ursaluna|def|1
|-unboost|p2a: Ursaluna|spd|1
|move|p1a: Ogerpon|Ivy Cudgel|p2a: Ursaluna|[anim] Ivy Cudgel Rock
|-resisted|p2a: Ursaluna
|-damage|p2a: Ursaluna|0 fnt
|faint|p2a: Ursaluna
|
|-fieldend|move: Trick Room
|upkeep
|
|t:|1776045861
|switch|p2a: Hatterene|Hatterene, F|100/100
|-damage|p2a: Hatterene|88/100|[from] Stealth Rock
|turn|27
|
|t:|1776045863
|move|p1a: Ogerpon|Ivy Cudgel|p2a: Hatterene|[anim] Ivy Cudgel Rock
|-damage|p2a: Hatterene|44/100
|move|p2a: Hatterene|Trick Room|p2a: Hatterene
|-fieldstart|move: Trick Room|[of] p2a: Hatterene
|
|upkeep
|turn|28
|
|t:|1776045866
|move|p2a: Hatterene|Dazzling Gleam|p1a: Ogerpon
|-damage|p1a: Ogerpon|0 fnt
|faint|p1a: Ogerpon
|
|upkeep
|
|t:|1776045868
|switch|p1a: Latios|Latios, M|100/100
|turn|29
|
|t:|1776045871
|-terastallize|p1a: Latios|Steel
|move|p2a: Hatterene|Dazzling Gleam|p1a: Latios
|-resisted|p1a: Latios
|-damage|p1a: Latios|81/100
|move|p1a: Latios|Luster Purge|p2a: Hatterene
|-resisted|p2a: Hatterene
|-damage|p2a: Hatterene|17/100
|
|upkeep
|turn|30
|
|t:|1776045874
|move|p2a: Hatterene|Psychic|p1a: Latios
|-resisted|p1a: Latios
|-damage|p1a: Latios|61/100
|move|p1a: Latios|Luster Purge|p2a: Hatterene
|-resisted|p2a: Hatterene
|-damage|p2a: Hatterene|0 fnt
|faint|p2a: Hatterene
|
|win|TAMMOHATER
|raw|TAMMOHATER's rating: 1387 &rarr; <strong>1405</strong><br />(+18 for winning)
|raw|M3XG3N54 real's rating: 1344 &rarr; <strong>1326</strong><br />(-18 for losing)
|l|☆M3XG3N54 real
|player|p2|
|l| ohko_smeargle
|c|☆TAMMOHATER|gg
