|html|<div class="broadcast-blue"><strong>[Gen 9] OU is currently suspecting Tera Blast! For information on how to participate check out the <a href="https://www.smogon.com/tools/suspects/view/200">suspect thread</a>.</strong></div>
|j|☆Kynarox
|j|☆Head Smash Machine
|t:|1776088450
|gametype|singles
|player|p1|Kynarox|bellelba|1380
|player|p2|Head Smash Machine|workerice|1451
|gen|9
|tier|[Gen 9] OU
|rated|
|rule|HP Percentage Mod: HP is shown in percentages
|rule|Endless Battle Clause: Forcing endless battles is banned
|rule|Species Clause: Limit one of each Pokémon
|rule|OHKO Clause: OHKO moves are banned
|rule|Evasion Items Clause: Evasion items are banned
|rule|Evasion Moves Clause: Evasion moves are banned
|rule|Evasion Abilities Clause: Evasion abilities are banned
|rule|Sleep Moves Clause: Sleep-inducing moves are banned
|clearpoke
|poke|p1|Overqwil, M|
|poke|p1|Iron Valiant|
|poke|p1|Pelipper, M|
|poke|p1|Kingambit, F|
|poke|p1|Tornadus-Therian, M|
|poke|p1|Raging Bolt|
|poke|p2|Moltres-Galar|
|poke|p2|Gholdengo|
|poke|p2|Samurott-Hisui, M|
|poke|p2|Smeargle, F|
|poke|p2|Zamazenta-*|
|poke|p2|Deoxys-Speed|
|teampreview
|inactive|Battle timer is ON: inactive players will automatically lose when time's up. (requested by Head Smash Machine)
|inactive|Kynarox also wants the timer to be on.
|
|t:|1776088458
|teamsize|p1|6
|teamsize|p2|6
|start
|switch|p1a: Xmitter|Tornadus-Therian, M, shiny|100/100
|switch|p2a: Samurott|Samurott-Hisui, M|100/100
|turn|1
|
|t:|1776088471
|move|p1a: Xmitter|U-turn|p2a: Samurott
|-supereffective|p2a: Samurott
|-damage|p2a: Samurott|65/100
|
|t:|1776088475
|switch|p1a: Aquafreak|Pelipper, M, shiny|100/100|[from] U-turn
|-weather|RainDance|[from] ability: Drizzle|[of] p1a: Aquafreak
|move|p2a: Samurott|Knock Off|p1a: Aquafreak
|-damage|p1a: Aquafreak|69/100
|-enditem|p1a: Aquafreak|Damp Rock|[from] move: Knock Off|[of] p2a: Samurott
|
|-weather|RainDance|[upkeep]
|upkeep
|turn|2
|inactive|Kynarox has 120 seconds left.
|j| Noirstar
|l| Noirstar
|inactive|Kynarox has 90 seconds left.
|
|t:|1776088562
|move|p2a: Samurott|Ceaseless Edge|p1a: Aquafreak
|-damage|p1a: Aquafreak|37/100
|-sidestart|p1: Kynarox|Spikes
|move|p1a: Aquafreak|U-turn|p2a: Samurott
|-supereffective|p2a: Samurott
|-damage|p2a: Samurott|43/100
|inactive|Kynarox has 60 seconds left.
|
|t:|1776088582
|switch|p1a: Smugglett|Overqwil, M, shiny|100/100|[from] U-turn
|-damage|p1a: Smugglett|88/100|[from] Spikes
|
|-weather|RainDance|[upkeep]
|upkeep
|turn|3
|inactive|Kynarox has 60 seconds left.
|
|t:|1776088589
|switch|p2a: Zamazenta|Zamazenta|100/100
|-ability|p2a: Zamazenta|Dauntless Shield|boost
|-boost|p2a: Zamazenta|def|1
|move|p1a: Smugglett|Swords Dance|p1a: Smugglett
|-boost|p1a: Smugglett|atk|2
|
|-weather|RainDance|[upkeep]
|upkeep
|turn|4
|inactive|Kynarox has 60 seconds left.
|
|t:|1776088601
|move|p1a: Smugglett|Liquidation|p2a: Zamazenta
|-damage|p2a: Zamazenta|59/100
|move|p2a: Zamazenta|Iron Defense|p2a: Zamazenta
|-boost|p2a: Zamazenta|def|2
|
|-weather|RainDance|[upkeep]
|-heal|p2a: Zamazenta|65/100|[from] item: Leftovers
|upkeep
|turn|5
|
|t:|1776088609
|move|p1a: Smugglett|Gunk Shot|p2a: Zamazenta
|-damage|p2a: Zamazenta|32/100
|-status|p2a: Zamazenta|psn
|move|p2a: Zamazenta|Body Press|p1a: Smugglett
|-damage|p1a: Smugglett|0 fnt
|faint|p1a: Smugglett
|
|-weather|RainDance|[upkeep]
|-heal|p2a: Zamazenta|38/100 psn|[from] item: Leftovers
|-damage|p2a: Zamazenta|25/100 psn|[from] psn
|upkeep
|inactive|Kynarox has 60 seconds left.
|
|t:|1776088619
|switch|p1a: Amperling|Raging Bolt|100/100
|-damage|p1a: Amperling|88/100|[from] Spikes
|turn|6
|
|t:|1776088623
|move|p1a: Amperling|Thunderclap||[still]
|-fail|p1a: Amperling
|move|p2a: Zamazenta|Roar|p1a: Amperling
|-end|p1a: Amperling|Protosynthesis|[silent]
|drag|p1a: Aquafreak|Pelipper, M, shiny|37/100
|
|-weather|RainDance|[upkeep]
|-heal|p2a: Zamazenta|32/100 psn|[from] item: Leftovers
|-damage|p2a: Zamazenta|19/100 psn|[from] psn
|upkeep
|turn|7
|
|t:|1776088632
|move|p2a: Zamazenta|Body Press|p1a: Aquafreak
|-resisted|p1a: Aquafreak
|-damage|p1a: Aquafreak|0 fnt
|faint|p1a: Aquafreak
|
|-weather|RainDance|[upkeep]
|-heal|p2a: Zamazenta|25/100 psn|[from] item: Leftovers
|-damage|p2a: Zamazenta|13/100 psn|[from] psn
|upkeep
|-message|Kynarox forfeited.
|
|win|Head Smash Machine
|raw|Kynarox's rating: 1380 &rarr; <strong>1364</strong><br />(-16 for losing)
|raw|Head Smash Machine's rating: 1451 &rarr; <strong>1467</strong><br />(+16 for winning)
|l|☆Kynarox
|player|p1|
|c|☆Head Smash Machine|Lmaoooo
