|html|<div class="broadcast-blue"><strong>[Gen 9] OU is currently suspecting Tera Blast! For information on how to participate check out the <a href="https://www.smogon.com/tools/suspects/view/200">suspect thread</a>.</strong></div>
|j|☆pizzaisbettercold
|j|☆abate fabs
|t:|1776099697
|gametype|singles
|player|p1|pizzaisbettercold|1|1236
|player|p2|abate fabs|touristf|1247
|gen|9
|tier|[Gen 9] OU
|rated|
|rule|HP Percentage Mod: HP is shown in percentages
|rule|Endless Battle Clause: Forcing endless battles is banned
|rule|Species Clause: Limit one of each Pokémon
|rule|OHKO Clause: OHKO moves are banned
|rule|Evasion Items Clause: Evasion items are banned
|rule|Evasion Moves Clause: Evasion moves are banned
|rule|Evasion Abilities Clause: Evasion abilities are banned
|rule|Sleep Moves Clause: Sleep-inducing moves are banned
|clearpoke
|poke|p1|Hydrapple, M|
|poke|p1|Tyranitar, F|
|poke|p1|Zamazenta-*|
|poke|p1|Slowking-Galar, M|
|poke|p1|Excadrill, F|
|poke|p1|Skeledirge, F|
|poke|p2|Umbreon, F|
|poke|p2|Mandibuzz, F|
|poke|p2|Clodsire, F|
|poke|p2|Hatterene, F|
|poke|p2|Slowking, M|
|poke|p2|Crocalor, F|
|teampreview
|inactive|Battle timer is ON: inactive players will automatically lose when time's up. (requested by abate fabs)
|
|t:|1776099710
|teamsize|p1|6
|teamsize|p2|6
|start
|switch|p1a: Tyranitar|Tyranitar, F, shiny|100/100
|switch|p2a: Checktung|Slowking, M|100/100
|-weather|Sandstorm|[from] ability: Sand Stream|[of] p1a: Tyranitar
|turn|1
|inactive|abate fabs has 120 seconds left.
|
|t:|1776099762
|move|p1a: Tyranitar|Thunder Wave|p2a: Checktung|[miss]
|-miss|p1a: Tyranitar|p2a: Checktung
|-prepare|p2a: Checktung|Chilly Reception|[premajor]
|move|p2a: Checktung|Chilly Reception|p2a: Checktung
|-weather|Snowscape
|
|t:|1776099765
|switch|p2a: Check|Hatterene, F|100/100|[from] Chilly Reception
|
|-weather|Snowscape|[upkeep]
|upkeep
|turn|2
|
|t:|1776099772
|move|p1a: Tyranitar|Thunder Wave|p2a: Check
|move|p2a: Check|Thunder Wave|p1a: Tyranitar|[from] ability: Magic Bounce
|-status|p1a: Tyranitar|par
|move|p2a: Check|Calm Mind|p2a: Check
|-boost|p2a: Check|spa|1
|-boost|p2a: Check|spd|1
|
|-weather|Snowscape|[upkeep]
|upkeep
|turn|3
|inactive|abate fabs has 120 seconds left.
|
|t:|1776099792
|switch|p1a: Slowking|Slowking-Galar, M|100/100
|move|p2a: Check|Calm Mind|p2a: Check
|-boost|p2a: Check|spa|1
|-boost|p2a: Check|spd|1
|
|-weather|Snowscape|[upkeep]
|upkeep
|turn|4
|
|t:|1776099801
|move|p1a: Slowking|Sludge Bomb|p2a: Check
|-supereffective|p2a: Check
|-damage|p2a: Check|62/100
|move|p2a: Check|Mystical Fire|p1a: Slowking
|-damage|p1a: Slowking|78/100
|-unboost|p1a: Slowking|spa|1
|
|-weather|Snowscape|[upkeep]
|-heal|p2a: Check|68/100|[from] item: Leftovers
|upkeep
|turn|5
|
|t:|1776099811
|move|p1a: Slowking|Sludge Bomb|p2a: Check
|-supereffective|p2a: Check
|-damage|p2a: Check|42/100
|move|p2a: Check|Mystical Fire|p1a: Slowking
|-crit|p1a: Slowking
|-damage|p1a: Slowking|45/100
|-unboost|p1a: Slowking|spa|1
|
|-weather|none
|-heal|p2a: Check|48/100|[from] item: Leftovers
|upkeep
|turn|6
|c|☆abate fabs|pizza isnt better cold
|
|t:|1776099824
|move|p1a: Slowking|Sludge Bomb|p2a: Check
|-supereffective|p2a: Check
|-damage|p2a: Check|28/100
|move|p2a: Check|Mystical Fire|p1a: Slowking
|-damage|p1a: Slowking|21/100
|-unboost|p1a: Slowking|spa|1
|
|-heal|p2a: Check|34/100|[from] item: Leftovers
|upkeep
|turn|7
|c|☆pizzaisbettercold|i agree
|c|☆abate fabs|huh
|c|☆pizzaisbettercold|but pizza is nice doesnt ever start a conversation
|c|☆abate fabs|tru
|
|t:|1776099844
|switch|p1a: Tyranitar|Tyranitar, F, shiny|100/100 par
|-weather|Sandstorm|[from] ability: Sand Stream|[of] p1a: Tyranitar
|move|p2a: Check|Draining Kiss|p1a: Tyranitar
|-supereffective|p1a: Tyranitar
|-damage|p1a: Tyranitar|59/100 par
|-heal|p2a: Check|74/100|[from] drain|[of] p1a: Tyranitar
|
|-weather|Sandstorm|[upkeep]
|-damage|p2a: Check|68/100|[from] Sandstorm
|-heal|p2a: Check|74/100|[from] item: Leftovers
|upkeep
|turn|8
|
|t:|1776099855
|switch|p1a: Excadrill|Excadrill, F, shiny|100/100
|-item|p1a: Excadrill|Air Balloon
|move|p2a: Check|Draining Kiss|p1a: Excadrill
|-resisted|p1a: Excadrill
|-damage|p1a: Excadrill|71/100
|-heal|p2a: Check|99/100|[from] drain|[of] p1a: Excadrill
|-enditem|p1a: Excadrill|Air Balloon
|
|-weather|Sandstorm|[upkeep]
|-damage|p2a: Check|93/100|[from] Sandstorm
|-heal|p2a: Check|99/100|[from] item: Leftovers
|upkeep
|turn|9
|c|☆abate fabs|great idea for username then
|
|t:|1776099868
|-terastallize|p1a: Excadrill|Fire
|-terastallize|p2a: Check|Water
|move|p1a: Excadrill|Swords Dance|p1a: Excadrill
|-boost|p1a: Excadrill|atk|2
|move|p2a: Check|Mystical Fire|p1a: Excadrill
|-resisted|p1a: Excadrill
|-damage|p1a: Excadrill|43/100
|-unboost|p1a: Excadrill|spa|1
|
|-weather|Sandstorm|[upkeep]
|-damage|p2a: Check|93/100|[from] Sandstorm
|-heal|p2a: Check|99/100|[from] item: Leftovers
|upkeep
|turn|10
|
|t:|1776099881
|move|p1a: Excadrill|Earthquake|p2a: Check
|-damage|p2a: Check|13/100
|move|p2a: Check|Psychic|p1a: Excadrill
|-damage|p1a: Excadrill|0 fnt
|faint|p1a: Excadrill
|
|-weather|Sandstorm|[upkeep]
|-damage|p2a: Check|7/100|[from] Sandstorm
|-heal|p2a: Check|13/100|[from] item: Leftovers
|upkeep
|
|t:|1776099890
|switch|p1a: Zamazenta|Zamazenta|100/100
|-ability|p1a: Zamazenta|Dauntless Shield|boost
|-boost|p1a: Zamazenta|def|1
|turn|11
|
|t:|1776099895
|move|p1a: Zamazenta|Body Press|p2a: Check
|-damage|p2a: Check|0 fnt
|faint|p2a: Check
|
|-weather|Sandstorm|[upkeep]
|-damage|p1a: Zamazenta|94/100|[from] Sandstorm
|-heal|p1a: Zamazenta|100/100|[from] item: Leftovers
|upkeep
|c|☆pizzaisbettercold|im just after a chat me
|inactive|abate fabs has 120 seconds left.
|c|☆abate fabs|Thats so cool
|c|☆abate fabs|unlike cold pizza
|c|☆abate fabs|which is cool, but isn't cool
|
|t:|1776099948
|switch|p2a: Checktung|Slowking, M|100/100
|turn|12
|c|☆pizzaisbettercold|yeah like i enjoy it
|c|☆pizzaisbettercold|ill eat it
|
|t:|1776099953
|move|p1a: Zamazenta|Crunch|p2a: Checktung
|-supereffective|p2a: Checktung
|-damage|p2a: Checktung|64/100
|move|p2a: Checktung|Psychic|p1a: Zamazenta
|-supereffective|p1a: Zamazenta
|-damage|p1a: Zamazenta|10/100
|
|-weather|Sandstorm|[upkeep]
|-damage|p1a: Zamazenta|4/100|[from] Sandstorm
|-damage|p2a: Checktung|58/100|[from] Sandstorm
|-heal|p1a: Zamazenta|10/100|[from] item: Leftovers
|upkeep
|turn|13
|inactive|abate fabs has 120 seconds left.
|c|☆pizzaisbettercold|better fresh htough
|c|☆abate fabs|its cool in the temperature sense
|c|☆abate fabs|I love next day pizza
|c|☆abate fabs|when you reheat it
|c|☆abate fabs|in like
|c|☆pizzaisbettercold|air fryers kinda bang for that you know
|c|☆abate fabs|a toaster
|
|t:|1776099981
|switch|p1a: Skeledirge|Skeledirge, F|100/100
|move|p2a: Checktung|Psychic|p1a: Skeledirge
|-damage|p1a: Skeledirge|66/100
|
|-weather|Sandstorm|[upkeep]
|-damage|p1a: Skeledirge|60/100|[from] Sandstorm
|-damage|p2a: Checktung|52/100|[from] Sandstorm
|upkeep
|turn|14
|c|☆abate fabs|yea air fryer pizza
|
|t:|1776099992
|switch|p2a: Checkelung|Clodsire, F|100/100
|move|p1a: Skeledirge|Hex|p2a: Checkelung
|-crit|p2a: Checkelung
|-damage|p2a: Checkelung|76/100
|
|-weather|none
|-heal|p2a: Checkelung|82/100|[from] item: Leftovers
|upkeep
|turn|15
|c|☆abate fabs|I lovei t
|c|☆abate fabs|love it
|
|t:|1776100004
|switch|p1a: Hydrapple|Hydrapple, M|100/100
|move|p2a: Checkelung|Earthquake|p1a: Hydrapple
|-resisted|p1a: Hydrapple
|-crit|p1a: Hydrapple
|-damage|p1a: Hydrapple|85/100
|
|-heal|p2a: Checkelung|88/100|[from] item: Leftovers
|upkeep
|turn|16
|
|t:|1776100015
|move|p1a: Hydrapple|Nasty Plot|p1a: Hydrapple
|-boost|p1a: Hydrapple|spa|2
|move|p2a: Checkelung|Gunk Shot|p1a: Hydrapple|[miss]
|-miss|p2a: Checkelung|p1a: Hydrapple
|
|-heal|p2a: Checkelung|94/100|[from] item: Leftovers
|upkeep
|turn|17
|
|t:|1776100024
|move|p1a: Hydrapple|Earth Power|p2a: Checkelung
|-supereffective|p2a: Checkelung
|-damage|p2a: Checkelung|27/100
|move|p2a: Checkelung|Gunk Shot|p1a: Hydrapple
|-supereffective|p1a: Hydrapple
|-damage|p1a: Hydrapple|28/100
|
|-heal|p2a: Checkelung|33/100|[from] item: Leftovers
|upkeep
|turn|18
|inactive|abate fabs has 120 seconds left.
|
|t:|1776100035
|switch|p2a: Checkaloo|Crocalor, F|100/100
|move|p1a: Hydrapple|Giga Drain|p2a: Checkaloo
|-resisted|p2a: Checkaloo
|-damage|p2a: Checkaloo|91/100
|-heal|p1a: Hydrapple|33/100|[from] drain|[of] p2a: Checkaloo
|
|upkeep
|turn|19
|
|t:|1776100043
|switch|p1a: Slowking|Slowking-Galar, M|55/100
|move|p2a: Checkaloo|Fire Spin|p1a: Slowking|[miss]
|-miss|p2a: Checkaloo|p1a: Slowking
|
|upkeep
|turn|20
|c|☆abate fabs|it has been some time since I last had pizza
|c|☆abate fabs|I miss it
|
|t:|1776100053
|move|p2a: Checkaloo|Fire Spin|p1a: Slowking
|-damage|p1a: Slowking|49/100
|-activate|p1a: Slowking|move: Fire Spin|[of] p2a: Checkaloo
|move|p1a: Slowking|Sludge Bomb|p2a: Checkaloo
|-damage|p2a: Checkaloo|69/100
|
|-damage|p1a: Slowking|37/100|[from] move: Fire Spin|[partiallytrapped]
|upkeep
|turn|21
|
|t:|1776100072
|move|p2a: Checkaloo|Flamethrower|p1a: Slowking
|-crit|p1a: Slowking
|-damage|p1a: Slowking|13/100
|move|p1a: Slowking|Sludge Bomb|p2a: Checkaloo
|-damage|p2a: Checkaloo|49/100
|
|-damage|p1a: Slowking|0 fnt|[from] move: Fire Spin|[partiallytrapped]
|faint|p1a: Slowking
|upkeep
|
|t:|1776100082
|switch|p1a: Tyranitar|Tyranitar, F, shiny|59/100 par
|-weather|Sandstorm|[from] ability: Sand Stream|[of] p1a: Tyranitar
|turn|22
|
|t:|1776100089
|switch|p2a: Checkelung|Clodsire, F|33/100
|move|p1a: Tyranitar|Thunder Wave|p2a: Checkelung
|-immune|p2a: Checkelung
|
|-weather|Sandstorm|[upkeep]
|-heal|p2a: Checkelung|39/100|[from] item: Leftovers
|upkeep
|turn|23
|
|t:|1776100097
|move|p2a: Checkelung|Recover|p2a: Checkelung
|-heal|p2a: Checkelung|89/100
|move|p1a: Tyranitar|Ice Beam|p2a: Checkelung
|-supereffective|p2a: Checkelung
|-damage|p2a: Checkelung|62/100
|
|-weather|Sandstorm|[upkeep]
|-heal|p2a: Checkelung|68/100|[from] item: Leftovers
|upkeep
|turn|24
|c|☆pizzaisbettercold|right beefy team youve got there
|c|☆abate fabs|yea
|inactive|abate fabs has 120 seconds left.
|c|☆abate fabs|its a solid stall team
|
|t:|1776100136
|move|p2a: Checkelung|Recover|p2a: Checkelung
|-heal|p2a: Checkelung|100/100
|move|p1a: Tyranitar|Knock Off|p2a: Checkelung
|-damage|p2a: Checkelung|56/100
|-enditem|p2a: Checkelung|Leftovers|[from] move: Knock Off|[of] p1a: Tyranitar
|
|-weather|Sandstorm|[upkeep]
|upkeep
|turn|25
|inactive|abate fabs has 120 seconds left.
|
|t:|1776100144
|move|p2a: Checkelung|Stealth Rock|p1a: Tyranitar
|-sidestart|p1: pizzaisbettercold|move: Stealth Rock
|move|p1a: Tyranitar|Ice Beam|p2a: Checkelung
|-supereffective|p2a: Checkelung
|-damage|p2a: Checkelung|28/100
|
|-weather|Sandstorm|[upkeep]
|upkeep
|turn|26
|
|t:|1776100150
|move|p2a: Checkelung|Recover|p2a: Checkelung
|-heal|p2a: Checkelung|78/100
|move|p1a: Tyranitar|Ice Beam|p2a: Checkelung
|-supereffective|p2a: Checkelung
|-damage|p2a: Checkelung|51/100
|
|-weather|Sandstorm|[upkeep]
|upkeep
|turn|27
|
|t:|1776100157
|move|p2a: Checkelung|Earthquake|p1a: Tyranitar
|-supereffective|p1a: Tyranitar
|-damage|p1a: Tyranitar|0 fnt
|faint|p1a: Tyranitar
|
|-weather|Sandstorm|[upkeep]
|upkeep
|
|t:|1776100163
|switch|p1a: Hydrapple|Hydrapple, M|66/100
|turn|28
|
|t:|1776100166
|move|p1a: Hydrapple|Giga Drain|p2a: Checkelung
|-damage|p2a: Checkelung|30/100
|-heal|p1a: Hydrapple|78/100|[from] drain|[of] p2a: Checkelung
|move|p2a: Checkelung|Gunk Shot|p1a: Hydrapple|[miss]
|-miss|p2a: Checkelung|p1a: Hydrapple
|
|-weather|Sandstorm|[upkeep]
|-damage|p1a: Hydrapple|72/100|[from] Sandstorm
|upkeep
|turn|29
|
|t:|1776100174
|move|p1a: Hydrapple|Nasty Plot|p1a: Hydrapple
|-boost|p1a: Hydrapple|spa|2
|move|p2a: Checkelung|Recover|p2a: Checkelung
|-heal|p2a: Checkelung|80/100
|
|-weather|none
|upkeep
|turn|30
|
|t:|1776100183
|move|p1a: Hydrapple|Earth Power|p2a: Checkelung
|-supereffective|p2a: Checkelung
|-damage|p2a: Checkelung|10/100
|move|p2a: Checkelung|Gunk Shot|p1a: Hydrapple
|-supereffective|p1a: Hydrapple
|-damage|p1a: Hydrapple|17/100
|
|upkeep
|turn|31
|
|t:|1776100191
|move|p1a: Hydrapple|Earth Power|p2a: Checkelung
|-supereffective|p2a: Checkelung
|-damage|p2a: Checkelung|0 fnt
|faint|p2a: Checkelung
|
|upkeep
|
|t:|1776100195
|switch|p2a: Checker|Umbreon, F|100/100
|turn|32
|
|t:|1776100201
|switch|p1a: Skeledirge|Skeledirge, F|60/100
|move|p2a: Checker|Toxic|p1a: Skeledirge
|-status|p1a: Skeledirge|tox
|
|-damage|p1a: Skeledirge|54/100 tox|[from] psn
|upkeep
|turn|33
|
|t:|1776100210
|move|p2a: Checker|Protect|p2a: Checker
|-singleturn|p2a: Checker|Protect
|move|p1a: Skeledirge|Torch Song|p2a: Checker
|-activate|p2a: Checker|move: Protect
|
|-damage|p1a: Skeledirge|42/100 tox|[from] psn
|upkeep
|turn|34
|c|☆pizzaisbettercold|youve had me for a while big dog
|c|☆pizzaisbettercold|fun battle though
|
|t:|1776100223
|switch|p2a: Checkaloo|Crocalor, F|49/100
|move|p1a: Skeledirge|Torch Song|p2a: Checkaloo
|-resisted|p2a: Checkaloo
|-damage|p2a: Checkaloo|40/100
|-boost|p1a: Skeledirge|spa|1
|
|-damage|p1a: Skeledirge|24/100 tox|[from] psn
|upkeep
|turn|35
|c|☆abate fabs|I like chatting too
|
|t:|1776100234
|move|p1a: Skeledirge|Hex|p2a: Checkaloo
|-damage|p2a: Checkaloo|25/100
|move|p2a: Checkaloo|Slack Off|p2a: Checkaloo
|-heal|p2a: Checkaloo|75/100
|
|-damage|p1a: Skeledirge|0 fnt|[from] psn
|faint|p1a: Skeledirge
|upkeep
|
|t:|1776100243
|switch|p1a: Zamazenta|Zamazenta|10/100
|-damage|p1a: Zamazenta|4/100|[from] Stealth Rock
|turn|36
|
|t:|1776100248
|move|p1a: Zamazenta|Body Press|p2a: Checkaloo
|-damage|p2a: Checkaloo|47/100
|move|p2a: Checkaloo|Flamethrower|p1a: Zamazenta
|-damage|p1a: Zamazenta|0 fnt
|faint|p1a: Zamazenta
|
|upkeep
|c|☆pizzaisbettercold|that got an eviolite on it?
|
|t:|1776100256
|switch|p1a: Hydrapple|Hydrapple, M|51/100
|turn|37
|c|☆abate fabs|yesss
|c|☆pizzaisbettercold|crazy
|c|☆abate fabs|shoulda knocked it off
|c|☆abate fabs|354 spdef
|c|☆pizzaisbettercold|should have
|c|☆pizzaisbettercold|jeeze
|
|t:|1776100277
|move|p1a: Hydrapple|Earth Power|p2a: Checkaloo
|-supereffective|p2a: Checkaloo
|-damage|p2a: Checkaloo|15/100
|move|p2a: Checkaloo|Slack Off|p2a: Checkaloo
|-heal|p2a: Checkaloo|65/100
|
|upkeep
|turn|38
|c|☆pizzaisbettercold|thats more than my skeledirge
|
|t:|1776100285
|move|p1a: Hydrapple|Nasty Plot|p1a: Hydrapple
|-boost|p1a: Hydrapple|spa|2
|move|p2a: Checkaloo|Fire Spin|p1a: Hydrapple
|-damage|p1a: Hydrapple|39/100
|-activate|p1a: Hydrapple|move: Fire Spin|[of] p2a: Checkaloo
|
|-damage|p1a: Hydrapple|27/100|[from] move: Fire Spin|[partiallytrapped]
|upkeep
|turn|39
|c|☆abate fabs|I like crocalor for kingambit and gholdengo
|c|☆abate fabs|no ghost type crippling me
|j| ohko_smeargle
|
|t:|1776100311
|move|p1a: Hydrapple|Earth Power|p2a: Checkaloo
|-supereffective|p2a: Checkaloo
|-damage|p2a: Checkaloo|30/100
|move|p2a: Checkaloo|Flamethrower|p1a: Hydrapple
|-damage|p1a: Hydrapple|0 fnt
|faint|p1a: Hydrapple
|
|win|abate fabs
|raw|pizzaisbettercold's rating: 1236 &rarr; <strong>1214</strong><br />(-22 for losing)
|raw|abate fabs's rating: 1276 &rarr; <strong>1298</strong><br />(+22 for winning)
|c|☆pizzaisbettercold|true
|l| ohko_smeargle
|c|☆pizzaisbettercold|gg
|c|☆abate fabs|gg
|c|☆pizzaisbettercold|have a nice day bud
|c|☆abate fabs|you too
|l|☆abate fabs
|player|p2|
