|html|<div class="broadcast-blue"><strong>[Gen 9] OU is currently suspecting Tera Blast! For information on how to participate check out the <a href="https://www.smogon.com/tools/suspects/view/200">suspect thread</a>.</strong></div>
|j|☆erennotyaeger
|j|☆deltarunetheanime
|t:|1776031742
|gametype|singles
|player|p1|erennotyaeger|266|1604
|player|p2|deltarunetheanime|roxie|1654
|gen|9
|tier|[Gen 9] OU
|rated|
|rule|HP Percentage Mod: HP is shown in percentages
|rule|Endless Battle Clause: Forcing endless battles is banned
|rule|Species Clause: Limit one of each Pokémon
|rule|OHKO Clause: OHKO moves are banned
|rule|Evasion Items Clause: Evasion items are banned
|rule|Evasion Moves Clause: Evasion moves are banned
|rule|Evasion Abilities Clause: Evasion abilities are banned
|rule|Sleep Moves Clause: Sleep-inducing moves are banned
|clearpoke
|poke|p1|Dragapult, F|
|poke|p1|Alomomola, F|
|poke|p1|Ting-Lu|
|poke|p1|Kyurem|
|poke|p1|Weezing-Galar, F|
|poke|p1|Corviknight, F|
|poke|p2|Clodsire, F|
|poke|p2|Ogerpon-Wellspring, F|
|poke|p2|Zoroark-Hisui, F|
|poke|p2|Zamazenta-*|
|poke|p2|Cinderace, F|
|poke|p2|Deoxys-Speed|
|teampreview
|inactive|Battle timer is ON: inactive players will automatically lose when time's up. (requested by deltarunetheanime)
|inactive|erennotyaeger has 120 seconds left.
|
|t:|1776031794
|teamsize|p1|6
|teamsize|p2|6
|start
|switch|p1a: Tiffany BlueStones|Kyurem, shiny|100/100
|switch|p2a: Deoxys|Deoxys-Speed|100/100
|-ability|p2a: Deoxys|Pressure
|-ability|p1a: Tiffany BlueStones|Pressure
|turn|1
|
|t:|1776031803
|move|p2a: Deoxys|Psycho Boost|p1a: Tiffany BlueStones
|-damage|p1a: Tiffany BlueStones|33/100
|-unboost|p2a: Deoxys|spa|2
|-damage|p2a: Deoxys|91/100|[from] item: Life Orb
|move|p1a: Tiffany BlueStones|Substitute|p1a: Tiffany BlueStones
|-start|p1a: Tiffany BlueStones|Substitute
|-damage|p1a: Tiffany BlueStones|8/100
|
|-heal|p1a: Tiffany BlueStones|15/100|[from] item: Leftovers
|upkeep
|turn|2
|
|t:|1776031812
|switch|p2a: Ogerpon|Ogerpon-Wellspring, F|100/100
|move|p1a: Tiffany BlueStones|Freeze-Dry|p2a: Ogerpon
|-supereffective|p2a: Ogerpon
|-damage|p2a: Ogerpon|0 fnt
|faint|p2a: Ogerpon
|
|-heal|p1a: Tiffany BlueStones|21/100|[from] item: Leftovers
|upkeep
|
|t:|1776031816
|switch|p2a: Cinderace|Cinderace, F|100/100
|turn|3
|
|t:|1776031823
|move|p2a: Cinderace|Pyro Ball|p1a: Tiffany BlueStones
|-end|p1a: Tiffany BlueStones|Substitute
|move|p1a: Tiffany BlueStones|Earth Power|p2a: Cinderace
|-supereffective|p2a: Cinderace
|-damage|p2a: Cinderace|6/100
|
|-heal|p1a: Tiffany BlueStones|27/100|[from] item: Leftovers
|upkeep
|turn|4
|
|t:|1776031829
|switch|p1a: Fogbound Lake|Alomomola, F|100/100
|move|p2a: Cinderace|Pyro Ball|p1a: Fogbound Lake
|-resisted|p1a: Fogbound Lake
|-damage|p1a: Fogbound Lake|86/100
|
|upkeep
|turn|5
|
|t:|1776031839
|move|p2a: Cinderace|Gunk Shot|p1a: Fogbound Lake
|-start|p2a: Cinderace|typechange|Poison|[from] ability: Libero
|-damage|p1a: Fogbound Lake|55/100
|move|p1a: Fogbound Lake|Flip Turn|p2a: Cinderace
|-damage|p2a: Cinderace|0 fnt
|faint|p2a: Cinderace
|
|t:|1776031851
|switch|p1a: Corviknight|Corviknight, F|100/100|[from] Flip Turn
|-ability|p1a: Corviknight|Pressure
|
|upkeep
|
|t:|1776031854
|switch|p2a: Clodsire|Clodsire, F|100/100
|-item|p2a: Clodsire|Air Balloon
|turn|6
|
|t:|1776031862
|move|p2a: Clodsire|Will-O-Wisp|p1a: Corviknight
|-status|p1a: Corviknight|brn
|move|p1a: Corviknight|U-turn|p2a: Clodsire
|-resisted|p2a: Clodsire
|-damage|p2a: Clodsire|94/100
|replace|p2a: Zoroark|Zoroark-Hisui, F, shiny
|-end|p2a: Zoroark|Illusion
|-enditem|p2a: Zoroark|Air Balloon
|
|t:|1776031881
|switch|p1a: Moody Blues|Dragapult, F|100/100|[from] U-turn
|
|upkeep
|turn|7
|
|t:|1776031888
|move|p2a: Zoroark|Shadow Sneak|p1a: Moody Blues
|-supereffective|p1a: Moody Blues
|-crit|p1a: Moody Blues
|-damage|p1a: Moody Blues|49/100
|move|p1a: Moody Blues|Dragon Darts|p2a: Zoroark
|-damage|p2a: Zoroark|20/100
|-anim|p1a: Moody Blues|Dragon Darts|p2a: Zoroark
|-damage|p2a: Zoroark|0 fnt
|faint|p2a: Zoroark
|
|upkeep
|
|t:|1776031893
|switch|p2a: Deoxys|Deoxys-Speed|91/100
|-ability|p2a: Deoxys|Pressure
|turn|8
|
|t:|1776031899
|switch|p1a: Alysa-Lu|Ting-Lu|100/100
|-ability|p1a: Alysa-Lu|Vessel of Ruin
|move|p2a: Deoxys|Ice Beam|p1a: Alysa-Lu
|-supereffective|p1a: Alysa-Lu
|-damage|p1a: Alysa-Lu|75/100
|-damage|p2a: Deoxys|81/100|[from] item: Life Orb
|
|-heal|p1a: Alysa-Lu|81/100|[from] item: Leftovers
|upkeep
|turn|9
|
|t:|1776031908
|switch|p2a: Zamazenta|Zamazenta|100/100
|-ability|p2a: Zamazenta|Dauntless Shield|boost
|-boost|p2a: Zamazenta|def|1
|move|p1a: Alysa-Lu|Ruination|p2a: Zamazenta
|-damage|p2a: Zamazenta|51/100
|
|-heal|p1a: Alysa-Lu|87/100|[from] item: Leftovers
|upkeep
|turn|10
|
|t:|1776031916
|switch|p1a: Weezing|Weezing-Galar, F|100/100
|-ability|p1a: Weezing|Neutralizing Gas
|move|p2a: Zamazenta|Iron Head|p1a: Weezing
|-supereffective|p1a: Weezing
|-damage|p1a: Weezing|62/100
|
|-heal|p1a: Weezing|68/100|[from] item: Leftovers
|upkeep
|turn|11
|
|t:|1776031924
|-terastallize|p2a: Zamazenta|Steel
|move|p2a: Zamazenta|Iron Head|p1a: Weezing
|-supereffective|p1a: Weezing
|-damage|p1a: Weezing|10/100
|move|p1a: Weezing|Will-O-Wisp|p2a: Zamazenta
|-status|p2a: Zamazenta|brn
|
|-heal|p1a: Weezing|16/100|[from] item: Leftovers
|-damage|p2a: Zamazenta|45/100 brn|[from] brn
|upkeep
|turn|12
|-message|deltarunetheanime forfeited.
|
|win|erennotyaeger
|raw|erennotyaeger's rating: 1604 &rarr; <strong>1627</strong><br />(+23 for winning)
|raw|deltarunetheanime's rating: 1654 &rarr; <strong>1631</strong><br />(-23 for losing)
|l|☆deltarunetheanime
|player|p2|
|l|☆erennotyaeger
|player|p1|
