|html|<div class="broadcast-blue"><strong>[Gen 9] OU is currently suspecting Tera Blast! For information on how to participate check out the <a href="https://www.smogon.com/tools/suspects/view/200">suspect thread</a>.</strong></div>
|j|☆0_0grass
|j|‽RissyL
|t:|1776071761
|gametype|singles
|player|p1|0_0grass|101|1125
|player|p2|RissyL|skyla|1089
|gen|9
|tier|[Gen 9] OU
|rated|
|rule|HP Percentage Mod: HP is shown in percentages
|rule|Endless Battle Clause: Forcing endless battles is banned
|rule|Species Clause: Limit one of each Pokémon
|rule|OHKO Clause: OHKO moves are banned
|rule|Evasion Items Clause: Evasion items are banned
|rule|Evasion Moves Clause: Evasion moves are banned
|rule|Evasion Abilities Clause: Evasion abilities are banned
|rule|Sleep Moves Clause: Sleep-inducing moves are banned
|clearpoke
|poke|p1|Greninja-*, F|
|poke|p1|Gengar, M|
|poke|p1|Mimikyu, F|
|poke|p1|Excadrill, F|
|poke|p1|Dragapult, F|
|poke|p1|Corviknight, F|
|poke|p2|Lokix, F|
|poke|p2|Forretress, M|
|poke|p2|Scizor, M|
|poke|p2|Kleavor, F|
|poke|p2|Yanmega, M|
|poke|p2|Volbeat, M|
|teampreview
|inactive|Battle timer is ON: inactive players will automatically lose when time's up. (requested by RissyL)
|
|t:|1776071771
|teamsize|p1|6
|teamsize|p2|6
|start
|switch|p1a: Greninja|Greninja, F, shiny|100/100
|switch|p2a: Kleavor|Kleavor, F|100/100
|turn|1
|
|t:|1776071777
|move|p1a: Greninja|Spikes|p2a: Kleavor
|-start|p1a: Greninja|typechange|Ground|[from] ability: Protean
|-sidestart|p2: RissyL|Spikes
|move|p2a: Kleavor|Close Combat|p1a: Greninja
|-damage|p1a: Greninja|16/100
|-unboost|p2a: Kleavor|def|1
|-unboost|p2a: Kleavor|spd|1
|
|upkeep
|turn|2
|inactive|0_0grass has 120 seconds left.
|
|t:|1776071814
|switch|p1a: Corviknight|Corviknight, F, shiny|100/100
|switch|p2a: Scizor|Scizor, M|100/100
|-damage|p2a: Scizor|88/100|[from] Spikes
|
|upkeep
|turn|3
|inactive|0_0grass has 120 seconds left.
|
|t:|1776071823
|move|p1a: Corviknight|Taunt|p2a: Scizor
|-start|p2a: Scizor|move: Taunt
|cant|p2a: Scizor|move: Taunt|Defog
|
|upkeep
|turn|4
|
|t:|1776071832
|switch|p2a: Forretress|Forretress, M|100/100
|-damage|p2a: Forretress|88/100|[from] Spikes
|move|p1a: Corviknight|U-turn|p2a: Forretress
|-resisted|p2a: Forretress
|-damage|p2a: Forretress|83/100
|inactive|0_0grass has 120 seconds left.
|
|t:|1776071848
|switch|p1a: Dragapult|Dragapult, F, shiny|100/100|[from] U-turn
|
|upkeep
|turn|5
|inactive|0_0grass has 120 seconds left.
|
|t:|1776071856
|move|p1a: Dragapult|Flamethrower|p2a: Forretress
|-supereffective|p2a: Forretress
|-damage|p2a: Forretress|0 fnt
|faint|p2a: Forretress
|
|upkeep
|
|t:|1776071866
|switch|p2a: Scizor|Scizor, M|88/100
|-damage|p2a: Scizor|75/100|[from] Spikes
|turn|6
|
|t:|1776071871
|-terastallize|p2a: Scizor|Fire
|move|p1a: Dragapult|Flamethrower|p2a: Scizor
|-resisted|p2a: Scizor
|-damage|p2a: Scizor|52/100
|move|p2a: Scizor|Defog|p1a: Dragapult
|-unboost|p1a: Dragapult|evasion|1
|-sideend|p2: RissyL|Spikes|[from] move: Defog|[of] p2a: Scizor
|
|upkeep
|turn|7
|
|t:|1776071887
|switch|p1a: Gengar|Gengar, M, shiny|100/100
|move|p2a: Scizor|Swords Dance|p2a: Scizor
|-boost|p2a: Scizor|atk|2
|
|upkeep
|turn|8
|
|t:|1776071894
|move|p2a: Scizor|Bullet Punch|p1a: Gengar
|-damage|p1a: Gengar|0 fnt
|faint|p1a: Gengar
|
|upkeep
|
|t:|1776071899
|switch|p1a: Mimikyu|Mimikyu, F, shiny|100/100
|turn|9
|
|t:|1776071902
|move|p2a: Scizor|Bullet Punch|p1a: Mimikyu
|-activate|p1a: Mimikyu|ability: Disguise
|-damage|p1a: Mimikyu|100/100
|detailschange|p1a: Mimikyu|Mimikyu-Busted, F, shiny
|-damage|p1a: Mimikyu|88/100|[from] pokemon: Mimikyu-Busted
|move|p1a: Mimikyu|Swords Dance|p1a: Mimikyu
|-boost|p1a: Mimikyu|atk|2
|
|upkeep
|turn|10
|
|t:|1776071914
|move|p1a: Mimikyu|Shadow Sneak|p2a: Scizor
|-damage|p2a: Scizor|10/100
|-damage|p1a: Mimikyu|78/100|[from] item: Life Orb
|move|p2a: Scizor|Bullet Punch|p1a: Mimikyu
|-supereffective|p1a: Mimikyu
|-damage|p1a: Mimikyu|0 fnt
|faint|p1a: Mimikyu
|
|upkeep
|
|t:|1776071922
|switch|p1a: Excadrill|Excadrill, F, shiny|100/100
|-ability|p1a: Excadrill|Mold Breaker
|turn|11
|
|t:|1776071928
|move|p2a: Scizor|Bullet Punch|p1a: Excadrill
|-resisted|p1a: Excadrill
|-damage|p1a: Excadrill|37/100
|move|p1a: Excadrill|Iron Head|p2a: Scizor
|-resisted|p2a: Scizor
|-damage|p2a: Scizor|0 fnt
|faint|p2a: Scizor
|
|upkeep
|
|t:|1776071938
|switch|p2a: Lokix|Lokix, F|100/100
|turn|12
|
|t:|1776071945
|-terastallize|p1a: Excadrill|Ground
|move|p2a: Lokix|First Impression|p1a: Excadrill
|-damage|p1a: Excadrill|0 fnt
|faint|p1a: Excadrill
|-damage|p2a: Lokix|91/100|[from] item: Life Orb
|
|upkeep
|
|t:|1776071954
|switch|p1a: Corviknight|Corviknight, F, shiny|100/100
|turn|13
|
|t:|1776071958
|move|p2a: Lokix|U-turn|p1a: Corviknight
|-resisted|p1a: Corviknight
|-damage|p1a: Corviknight|85/100
|-damage|p2a: Lokix|74/100|[from] item: Rocky Helmet|[of] p1a: Corviknight
|-damage|p2a: Lokix|64/100|[from] item: Life Orb
|
|t:|1776071965
|switch|p2a: Volbeat|Volbeat, M|100/100|[from] U-turn
|move|p1a: Corviknight|Taunt|p2a: Volbeat
|-start|p2a: Volbeat|move: Taunt
|
|upkeep
|turn|14
|
|t:|1776071973
|switch|p2a: Kleavor|Kleavor, F|100/100
|move|p1a: Corviknight|U-turn|p2a: Kleavor
|-damage|p2a: Kleavor|85/100
|
|t:|1776071980
|switch|p1a: Dragapult|Dragapult, F, shiny|100/100|[from] U-turn
|
|upkeep
|turn|15
|
|t:|1776071986
|move|p1a: Dragapult|Draco Meteor|p2a: Kleavor|[miss]
|-miss|p1a: Dragapult|p2a: Kleavor
|move|p2a: Kleavor|Stone Axe|p1a: Dragapult
|-damage|p1a: Dragapult|27/100
|-sidestart|p1: 0_0grass|move: Stealth Rock
|
|upkeep
|turn|16
|
|t:|1776071994
|move|p1a: Dragapult|Draco Meteor|p2a: Kleavor
|-damage|p2a: Kleavor|6/100
|-unboost|p1a: Dragapult|spa|2
|move|p2a: Kleavor|Trailblaze|p1a: Dragapult
|-resisted|p1a: Dragapult
|-damage|p1a: Dragapult|13/100
|-boost|p2a: Kleavor|spe|1
|
|upkeep
|turn|17
|
|t:|1776072007
|switch|p1a: Corviknight|Corviknight, F, shiny|85/100
|-damage|p1a: Corviknight|73/100|[from] Stealth Rock
|move|p2a: Kleavor|Trailblaze|p1a: Corviknight
|-resisted|p1a: Corviknight
|-damage|p1a: Corviknight|70/100
|-boost|p2a: Kleavor|spe|1
|-damage|p2a: Kleavor|0 fnt|[from] item: Rocky Helmet|[of] p1a: Corviknight
|faint|p2a: Kleavor
|
|upkeep
|
|t:|1776072019
|switch|p2a: Yanmega|Yanmega, M|100/100
|turn|18
|
|t:|1776072027
|move|p2a: Yanmega|Air Slash|p1a: Corviknight
|-resisted|p1a: Corviknight
|-damage|p1a: Corviknight|22/100
|move|p1a: Corviknight|Taunt|p2a: Yanmega
|-start|p2a: Yanmega|move: Taunt
|
|upkeep
|turn|19
|
|t:|1776072037
|move|p2a: Yanmega|Air Slash|p1a: Corviknight
|-resisted|p1a: Corviknight
|-damage|p1a: Corviknight|0 fnt
|faint|p1a: Corviknight
|
|upkeep
|
|t:|1776072042
|switch|p1a: Greninja|Greninja, F, shiny|16/100
|-damage|p1a: Greninja|4/100|[from] Stealth Rock
|turn|20
|
|t:|1776072047
|switch|p2a: Volbeat|Volbeat, M|100/100
|move|p1a: Greninja|Ice Beam|p2a: Volbeat
|-start|p1a: Greninja|typechange|Ice|[from] ability: Protean
|-damage|p2a: Volbeat|61/100
|
|upkeep
|turn|21
|
|t:|1776072060
|move|p2a: Volbeat|Trick|p1a: Greninja
|-activate|p2a: Volbeat|move: Trick|[of] p1a: Greninja
|-item|p1a: Greninja|Lagging Tail|[from] move: Trick
|-item|p2a: Volbeat|Focus Sash|[from] move: Trick
|move|p1a: Greninja|Hydro Pump|p2a: Volbeat|[miss]
|-miss|p1a: Greninja|p2a: Volbeat
|
|upkeep
|turn|22
|
|t:|1776072068
|move|p2a: Volbeat|Encore|p1a: Greninja
|-start|p1a: Greninja|Encore
|move|p1a: Greninja|Hydro Pump|p2a: Volbeat
|-damage|p2a: Volbeat|29/100
|
|upkeep
|turn|23
|
|t:|1776072076
|move|p2a: Volbeat|Thunder Wave|p1a: Greninja
|-status|p1a: Greninja|par
|cant|p1a: Greninja|par
|
|upkeep
|turn|24
|
|t:|1776072096
|move|p2a: Volbeat|Thunder Wave|p1a: Greninja|[miss]
|-miss|p2a: Volbeat|p1a: Greninja
|move|p1a: Greninja|Hydro Pump|p2a: Volbeat
|-damage|p2a: Volbeat|0 fnt
|faint|p2a: Volbeat
|
|-end|p1a: Greninja|Encore
|upkeep
|
|t:|1776072107
|switch|p2a: Yanmega|Yanmega, M|100/100
|turn|25
|
|t:|1776072111
|move|p2a: Yanmega|Giga Drain|p1a: Greninja
|-damage|p1a: Greninja|0 fnt
|faint|p1a: Greninja
|
|upkeep
|
|t:|1776072115
|switch|p1a: Dragapult|Dragapult, F, shiny|13/100
|-damage|p1a: Dragapult|1/100|[from] Stealth Rock
|turn|26
|
|t:|1776072122
|move|p1a: Dragapult|Draco Meteor|p2a: Yanmega
|-crit|p2a: Yanmega
|-damage|p2a: Yanmega|0 fnt
|-unboost|p1a: Dragapult|spa|2
|faint|p2a: Yanmega
|
|upkeep
|
|t:|1776072129
|switch|p2a: Lokix|Lokix, F|64/100
|turn|27
|
|t:|1776072138
|move|p2a: Lokix|First Impression|p1a: Dragapult
|-resisted|p1a: Dragapult
|-damage|p1a: Dragapult|0 fnt
|faint|p1a: Dragapult
|-damage|p2a: Lokix|54/100|[from] item: Life Orb
|
|win|RissyL
|raw|0_0grass's rating: 1125 &rarr; <strong>1097</strong><br />(-28 for losing)
|raw|RissyL's rating: 1089 &rarr; <strong>1118</strong><br />(+29 for winning)
|l|☆0_0grass
|player|p1|
|l|‽RissyL
|player|p2|
