|j|☆finbarfinbarfinbar
|j|☆dnite my goat3
|inactive|Battle timer is ON: inactive players will automatically lose when time's up.
|t:|1776038236
|gametype|singles
|player|p1|finbarfinbarfinbar|102|
|player|p2|dnite my goat3|picnicker|
|gen|9
|tier|[Gen 9] OU
|rated|Tournament battle
|rule|HP Percentage Mod: HP is shown in percentages
|rule|Endless Battle Clause: Forcing endless battles is banned
|rule|Species Clause: Limit one of each Pokémon
|rule|OHKO Clause: OHKO moves are banned
|rule|Evasion Items Clause: Evasion items are banned
|rule|Evasion Moves Clause: Evasion moves are banned
|rule|Evasion Abilities Clause: Evasion abilities are banned
|rule|Sleep Moves Clause: Sleep-inducing moves are banned
|raw|<div class="infobox"><details class="readmore" open><summary><strong>2 custom rules:</strong></summary> Force Select = Volbeat, -houndour</details></div>
|clearpoke
|poke|p1|Cresselia, F|
|poke|p1|Raging Bolt|
|poke|p1|Iron Moth|
|poke|p1|Great Tusk|
|poke|p1|Walking Wake|
|poke|p1|Volbeat, M|
|poke|p2|Volbeat, M|
|poke|p2|Great Tusk|
|poke|p2|Raging Bolt|
|poke|p2|Moltres|
|poke|p2|Kingambit, F|
|poke|p2|Pecharunt|
|teampreview
|j| cam2030
|inactive|dnite my goat3 has 120 seconds left.
|c|☆finbarfinbarfinbar|gl
|c|☆dnite my goat3|yo
|c|☆dnite my goat3|sun but without sun
|
|t:|1776038279
|teamsize|p1|6
|teamsize|p2|6
|start
|switch|p1a: Iron Moth|Iron Moth|100/100
|switch|p2a: Volbeat|Volbeat, M|100/100
|-enditem|p1a: Iron Moth|Booster Energy
|-activate|p1a: Iron Moth|ability: Quark Drive|[fromitem]
|-start|p1a: Iron Moth|quarkdrivespe
|turn|1
|c|☆finbarfinbarfinbar|great minds
|
|t:|1776038286
|switch|p2a: Raging Bolt|Raging Bolt|100/100
|-enditem|p2a: Raging Bolt|Booster Energy
|-activate|p2a: Raging Bolt|ability: Protosynthesis|[fromitem]
|-start|p2a: Raging Bolt|protosynthesisspa
|move|p1a: Iron Moth|Fiery Dance|p2a: Raging Bolt
|-resisted|p2a: Raging Bolt
|-damage|p2a: Raging Bolt|81/100
|-boost|p1a: Iron Moth|spa|1
|
|upkeep
|turn|2
|
|t:|1776038294
|move|p1a: Iron Moth|Sludge Wave|p2a: Raging Bolt
|-damage|p2a: Raging Bolt|9/100
|move|p2a: Raging Bolt|Thunderbolt|p1a: Iron Moth
|-damage|p1a: Iron Moth|32/100
|
|upkeep
|turn|3
|
|t:|1776038300
|move|p1a: Iron Moth|Morning Sun|p1a: Iron Moth
|-heal|p1a: Iron Moth|82/100
|move|p2a: Raging Bolt|Thunderbolt|p1a: Iron Moth
|-damage|p1a: Iron Moth|16/100
|
|upkeep
|turn|4
|
|t:|1776038303
|move|p2a: Raging Bolt|Thunderclap||[still]
|-fail|p2a: Raging Bolt
|move|p1a: Iron Moth|Morning Sun|p1a: Iron Moth
|-heal|p1a: Iron Moth|66/100
|
|upkeep
|turn|5
|
|t:|1776038305
|move|p2a: Raging Bolt|Thunderclap|p1a: Iron Moth
|-crit|p1a: Iron Moth
|-damage|p1a: Iron Moth|0 fnt
|faint|p1a: Iron Moth
|-end|p1a: Iron Moth|Quark Drive|[silent]
|
|upkeep
|c|☆dnite my goat3|so good man
|c|☆finbarfinbarfinbar|hahahah
|c|☆dnite my goat3|im so good
|c|☆finbarfinbarfinbar|never punished
|
|t:|1776038319
|switch|p1a: Great Tusk|Great Tusk|100/100
|turn|6
|
|t:|1776038322
|-end|p2a: Raging Bolt|Protosynthesis|[silent]
|switch|p2a: Moltres|Moltres|100/100
|move|p1a: Great Tusk|Rapid Spin|p2a: Moltres
|-damage|p2a: Moltres|91/100
|-boost|p1a: Great Tusk|spe|1
|
|upkeep
|turn|7
|
|t:|1776038326
|move|p1a: Great Tusk|Head Smash|p2a: Moltres
|-supereffective|p2a: Moltres
|-damage|p2a: Moltres|0 fnt
|-status|p1a: Great Tusk|brn|[from] ability: Flame Body|[of] p2a: Moltres
|faint|p2a: Moltres
|-damage|p1a: Great Tusk|59/100 brn|[from] Recoil
|
|-damage|p1a: Great Tusk|53/100 brn|[from] brn
|upkeep
|
|t:|1776038332
|switch|p2a: Volbeat|Volbeat, M|100/100
|turn|8
|
|t:|1776038337
|move|p1a: Great Tusk|Stealth Rock|p2a: Volbeat
|-sidestart|p2: dnite my goat3|move: Stealth Rock
|move|p2a: Volbeat|U-turn|p1a: Great Tusk
|-resisted|p1a: Great Tusk
|-damage|p1a: Great Tusk|45/100 brn
|-damage|p2a: Volbeat|84/100|[from] item: Rocky Helmet|[of] p1a: Great Tusk
|
|t:|1776038340
|switch|p2a: Great Tusk|Great Tusk|100/100|[from] U-turn
|
|-damage|p1a: Great Tusk|39/100 brn|[from] brn
|upkeep
|turn|9
|
|t:|1776038344
|move|p1a: Great Tusk|Headlong Rush|p2a: Great Tusk
|-damage|p2a: Great Tusk|80/100
|-unboost|p1a: Great Tusk|def|1
|-unboost|p1a: Great Tusk|spd|1
|move|p2a: Great Tusk|Rapid Spin|p1a: Great Tusk
|-damage|p1a: Great Tusk|23/100 brn
|-boost|p2a: Great Tusk|spe|1
|-damage|p2a: Great Tusk|64/100|[from] item: Rocky Helmet|[of] p1a: Great Tusk
|-sideend|p2: dnite my goat3|Stealth Rock|[from] move: Rapid Spin|[of] p2a: Great Tusk
|
|-damage|p1a: Great Tusk|16/100 brn|[from] brn
|upkeep
|turn|10
|
|t:|1776038349
|move|p1a: Great Tusk|Rapid Spin|p2a: Great Tusk
|-damage|p2a: Great Tusk|58/100
|-boost|p1a: Great Tusk|spe|1
|move|p2a: Great Tusk|Stealth Rock|p1a: Great Tusk
|-sidestart|p1: finbarfinbarfinbar|move: Stealth Rock
|
|-damage|p1a: Great Tusk|10/100 brn|[from] brn
|upkeep
|turn|11
|
|t:|1776038352
|move|p1a: Great Tusk|Rapid Spin|p2a: Great Tusk
|-damage|p2a: Great Tusk|53/100
|-boost|p1a: Great Tusk|spe|1
|-sideend|p1: finbarfinbarfinbar|Stealth Rock|[from] move: Rapid Spin|[of] p1a: Great Tusk
|move|p2a: Great Tusk|Stealth Rock|p1a: Great Tusk
|-sidestart|p1: finbarfinbarfinbar|move: Stealth Rock
|
|-damage|p1a: Great Tusk|4/100 brn|[from] brn
|upkeep
|turn|12
|
|t:|1776038360
|move|p1a: Great Tusk|Headlong Rush|p2a: Great Tusk
|-damage|p2a: Great Tusk|33/100
|-unboost|p1a: Great Tusk|def|1
|-unboost|p1a: Great Tusk|spd|1
|move|p2a: Great Tusk|Rapid Spin|p1a: Great Tusk
|-damage|p1a: Great Tusk|0 fnt
|-boost|p2a: Great Tusk|spe|1
|-damage|p2a: Great Tusk|17/100|[from] item: Rocky Helmet|[of] p1a: Great Tusk
|faint|p1a: Great Tusk
|-end|p1a: Great Tusk|Protosynthesis|[silent]
|
|upkeep
|
|t:|1776038383
|switch|p1a: Volbeat|Volbeat, M|100/100
|-damage|p1a: Volbeat|76/100|[from] Stealth Rock
|turn|13
|
|t:|1776038405
|-end|p2a: Great Tusk|Protosynthesis|[silent]
|switch|p2a: Raging Bolt|Raging Bolt|9/100
|move|p1a: Volbeat|Encore||[still]
|-fail|p1a: Volbeat
|
|upkeep
|turn|14
|
|t:|1776038416
|move|p2a: Raging Bolt|Thunderclap|p1a: Volbeat
|-damage|p1a: Volbeat|24/100
|move|p1a: Volbeat|U-turn|p2a: Raging Bolt
|-damage|p2a: Raging Bolt|0 fnt
|faint|p2a: Raging Bolt
|-end|p2a: Raging Bolt|Protosynthesis|[silent]
|j| Victory Victreebel
|
|t:|1776038425
|switch|p1a: Raging Bolt|Raging Bolt|100/100|[from] U-turn
|-damage|p1a: Raging Bolt|88/100|[from] Stealth Rock
|
|upkeep
|
|t:|1776038429
|switch|p2a: Great Tusk|Great Tusk|17/100
|turn|15
|
|t:|1776038435
|-end|p2a: Great Tusk|Protosynthesis|[silent]
|switch|p2a: Volbeat|Volbeat, M|84/100
|-end|p1a: Raging Bolt|Protosynthesis|[silent]
|switch|p1a: Volbeat|Volbeat, M|24/100
|-damage|p1a: Volbeat|0 fnt|[from] Stealth Rock
|faint|p1a: Volbeat
|
|upkeep
|
|t:|1776038437
|switch|p1a: Walking Wake|Walking Wake|100/100
|-damage|p1a: Walking Wake|88/100|[from] Stealth Rock
|turn|16
|
|t:|1776038443
|move|p2a: Volbeat|Thunder Wave|p1a: Walking Wake
|-status|p1a: Walking Wake|par
|move|p1a: Walking Wake|Hydro Steam|p2a: Volbeat
|-damage|p2a: Volbeat|33/100
|
|upkeep
|turn|17
|j| koreanbreakfast
|
|t:|1776038452
|move|p2a: Volbeat|Thunder Wave|p1a: Walking Wake
|-fail|p1a: Walking Wake|par
|cant|p1a: Walking Wake|par
|
|upkeep
|turn|18
|
|t:|1776038454
|move|p2a: Volbeat|Thunder Wave|p1a: Walking Wake
|-fail|p1a: Walking Wake|par
|cant|p1a: Walking Wake|par
|
|upkeep
|turn|19
|
|t:|1776038456
|move|p2a: Volbeat|Thunder Wave|p1a: Walking Wake|[miss]
|-miss|p2a: Volbeat|p1a: Walking Wake
|move|p1a: Walking Wake|Hydro Steam|p2a: Volbeat
|-damage|p2a: Volbeat|0 fnt
|faint|p2a: Volbeat
|
|upkeep
|
|t:|1776038461
|switch|p2a: Pecharunt|Pecharunt|100/100
|turn|20
|
|t:|1776038463
|move|p2a: Pecharunt|Hex|p1a: Walking Wake
|-damage|p1a: Walking Wake|43/100 par
|move|p1a: Walking Wake|Hydro Steam|p2a: Pecharunt
|-damage|p2a: Pecharunt|29/100
|
|upkeep
|turn|21
|
|t:|1776038467
|move|p2a: Pecharunt|Hex|p1a: Walking Wake
|-damage|p1a: Walking Wake|0 fnt
|faint|p1a: Walking Wake
|-end|p1a: Walking Wake|Protosynthesis|[silent]
|
|upkeep
|
|t:|1776038471
|switch|p1a: Raging Bolt|Raging Bolt|88/100
|-damage|p1a: Raging Bolt|76/100|[from] Stealth Rock
|turn|22
|
|t:|1776038476
|move|p1a: Raging Bolt|Dragon Pulse|p2a: Pecharunt
|-damage|p2a: Pecharunt|0 fnt
|faint|p2a: Pecharunt
|-damage|p1a: Raging Bolt|66/100|[from] item: Life Orb
|
|upkeep
|
|t:|1776038479
|switch|p2a: Great Tusk|Great Tusk|17/100
|turn|23
|
|t:|1776038482
|-end|p1a: Raging Bolt|Protosynthesis|[silent]
|switch|p1a: Cresselia|Cresselia, F|100/100
|-damage|p1a: Cresselia|88/100|[from] Stealth Rock
|move|p2a: Great Tusk|Ice Spinner|p1a: Cresselia
|-damage|p1a: Cresselia|73/100
|-enditem|p1a: Cresselia|Eject Button
|
|t:|1776038484
|switch|p1a: Raging Bolt|Raging Bolt|66/100
|-damage|p1a: Raging Bolt|54/100|[from] Stealth Rock
|
|upkeep
|turn|24
|
|t:|1776038488
|-end|p1a: Raging Bolt|Protosynthesis|[silent]
|switch|p1a: Cresselia|Cresselia, F|73/100
|-damage|p1a: Cresselia|61/100|[from] Stealth Rock
|move|p2a: Great Tusk|Ice Spinner|p1a: Cresselia
|-damage|p1a: Cresselia|45/100
|
|upkeep
|turn|25
|
|t:|1776038493
|-end|p2a: Great Tusk|Protosynthesis|[silent]
|switch|p2a: Kingambit|Kingambit, F|100/100
|-activate|p2a: Kingambit|ability: Supreme Overlord
|-start|p2a: Kingambit|fallen4|[silent]
|move|p1a: Cresselia|Ice Beam|p2a: Kingambit
|-resisted|p2a: Kingambit
|-damage|p2a: Kingambit|91/100
|
|-heal|p2a: Kingambit|97/100|[from] item: Leftovers
|upkeep
|turn|26
|
|t:|1776038495
|move|p1a: Cresselia|Thunder Wave|p2a: Kingambit|[miss]
|-miss|p1a: Cresselia|p2a: Kingambit
|move|p2a: Kingambit|Kowtow Cleave|p1a: Cresselia
|-supereffective|p1a: Cresselia
|-damage|p1a: Cresselia|0 fnt
|faint|p1a: Cresselia
|
|-heal|p2a: Kingambit|100/100|[from] item: Leftovers
|upkeep
|
|t:|1776038497
|switch|p1a: Raging Bolt|Raging Bolt|54/100
|-damage|p1a: Raging Bolt|41/100|[from] Stealth Rock
|turn|27
|
|t:|1776038501
|-terastallize|p1a: Raging Bolt|Fairy
|move|p1a: Raging Bolt|Thunderbolt|p2a: Kingambit
|-damage|p2a: Kingambit|21/100
|-damage|p1a: Raging Bolt|31/100|[from] item: Life Orb
|move|p2a: Kingambit|Kowtow Cleave|p1a: Raging Bolt
|-resisted|p1a: Raging Bolt
|-damage|p1a: Raging Bolt|0 fnt
|faint|p1a: Raging Bolt
|-end|p1a: Raging Bolt|Protosynthesis|[silent]
|
|win|dnite my goat3
|n|☆finbarfinbarfinbar|finbarfinbarfinbar
|n|☆dnite my goat3|dnitemygoat3
|n| cam2030|cam2030
|n| Victory Victreebel|victoryvictreebel
|n| koreanbreakfast|koreanbreakfast
|l| koreanbreakfast
|c|☆dnite my goat3|gg
|j| koreanbreakfast
|l|☆finbarfinbarfinbar
|player|p1|
