|html|<div class="broadcast-blue"><strong>[Gen 9] OU is currently suspecting Tera Blast! For information on how to participate check out the <a href="https://www.smogon.com/tools/suspects/view/200">suspect thread</a>.</strong></div>
|j|☆averymoment
|j|☆bigmanzamasu
|t:|1776190562
|gametype|singles
|player|p1|averymoment|zinzolin|
|player|p2|bigmanzamasu|2|
|gen|9
|tier|[Gen 9] OU
|rule|HP Percentage Mod: HP is shown in percentages
|rule|Endless Battle Clause: Forcing endless battles is banned
|rule|Species Clause: Limit one of each Pokémon
|rule|OHKO Clause: OHKO moves are banned
|rule|Evasion Items Clause: Evasion items are banned
|rule|Evasion Moves Clause: Evasion moves are banned
|rule|Evasion Abilities Clause: Evasion abilities are banned
|rule|Sleep Moves Clause: Sleep-inducing moves are banned
|clearpoke
|poke|p1|Eiscue, M|
|poke|p1|Clodsire, M|
|poke|p1|Ceruledge, M|
|poke|p1|Hydrapple, M|
|poke|p1|Primarina, M|
|poke|p1|Ampharos, M|
|poke|p2|Camerupt, M|
|poke|p2|Grimmsnarl, M|
|poke|p2|Mimikyu, F|
|poke|p2|Cryogonal|
|poke|p2|Lokix, F|
|poke|p2|Breloom, M|
|teampreview
|
|t:|1776190575
|teamsize|p1|6
|teamsize|p2|6
|start
|switch|p1a: Frozone|Eiscue, M, shiny|100/100
|switch|p2a: Lokix|Lokix, F|100/100
|turn|1
|
|t:|1776190598
|move|p2a: Lokix|First Impression|p1a: Frozone
|-activate|p1a: Frozone|ability: Ice Face
|-damage|p1a: Frozone|100/100
|detailschange|p1a: Frozone|Eiscue-Noice, M, shiny
|move|p1a: Frozone|Belly Drum|p1a: Frozone
|-damage|p1a: Frozone|51/100
|-setboost|p1a: Frozone|atk|6|[from] move: Belly Drum
|
|upkeep
|turn|2
|
|t:|1776190609
|move|p1a: Frozone|Substitute|p1a: Frozone
|-start|p1a: Frozone|Substitute
|-damage|p1a: Frozone|26/100
|move|p2a: Lokix|Knock Off|p1a: Frozone
|-end|p1a: Frozone|Substitute
|
|upkeep
|turn|3
|
|t:|1776190619
|move|p1a: Frozone|Substitute|p1a: Frozone
|-start|p1a: Frozone|Substitute
|-damage|p1a: Frozone|1/100
|-enditem|p1a: Frozone|Salac Berry|[eat]
|-boost|p1a: Frozone|spe|1|[from] item: Salac Berry
|move|p2a: Lokix|Knock Off|p1a: Frozone
|-end|p1a: Frozone|Substitute
|
|upkeep
|turn|4
|
|t:|1776190629
|move|p1a: Frozone|Icicle Crash|p2a: Lokix
|-damage|p2a: Lokix|0 fnt
|faint|p2a: Lokix
|
|upkeep
|
|t:|1776190635
|switch|p2a: Breloom|Breloom, M|100/100
|turn|5
|
|t:|1776190649
|move|p1a: Frozone|Icicle Crash|p2a: Breloom
|-supereffective|p2a: Breloom
|-crit|p2a: Breloom
|-damage|p2a: Breloom|0 fnt
|faint|p2a: Breloom
|
|upkeep
|
|t:|1776190658
|switch|p2a: Grimmsnarl|Grimmsnarl, M|100/100
|turn|6
|
|t:|1776190675
|move|p2a: Grimmsnarl|Light Screen|p2a: Grimmsnarl
|-sidestart|p2: bigmanzamasu|move: Light Screen
|move|p1a: Frozone|Icicle Crash|p2a: Grimmsnarl
|-damage|p2a: Grimmsnarl|0 fnt
|faint|p2a: Grimmsnarl
|
|upkeep
|
|t:|1776190687
|switch|p2a: Cryogonal|Cryogonal, shiny|100/100
|turn|7
|
|t:|1776190692
|move|p1a: Frozone|Iron Head|p2a: Cryogonal
|-supereffective|p2a: Cryogonal
|-damage|p2a: Cryogonal|0 fnt
|faint|p2a: Cryogonal
|
|upkeep
|
|t:|1776190697
|switch|p2a: Camerupt|Camerupt, M|100/100
|turn|8
|
|t:|1776190702
|move|p1a: Frozone|Icicle Crash|p2a: Camerupt
|-damage|p2a: Camerupt|0 fnt
|faint|p2a: Camerupt
|
|upkeep
|
|t:|1776190705
|switch|p2a: Mimikyu|Mimikyu, F|100/100
|turn|9
|
|t:|1776190710
|-terastallize|p1a: Frozone|Normal
|move|p2a: Mimikyu|Shadow Sneak|p1a: Frozone
|-immune|p1a: Frozone
|move|p1a: Frozone|Iron Head|p2a: Mimikyu
|-activate|p2a: Mimikyu|ability: Disguise
|-damage|p2a: Mimikyu|100/100
|detailschange|p2a: Mimikyu|Mimikyu-Busted, F
|-damage|p2a: Mimikyu|88/100|[from] pokemon: Mimikyu-Busted
|
|upkeep
|turn|10
|
|t:|1776190724
|move|p1a: Frozone|Iron Head|p2a: Mimikyu
|-supereffective|p2a: Mimikyu
|-damage|p2a: Mimikyu|0 fnt
|faint|p2a: Mimikyu
|
|win|averymoment
