|html|<div class="broadcast-blue"><strong>[Gen 9] OU is currently suspecting Tera Blast! For information on how to participate check out the <a href="https://www.smogon.com/tools/suspects/view/200">suspect thread</a>.</strong></div>
|j|☆SlimeyT9
|j|☆blu-97_v
|t:|1776103753
|gametype|singles
|player|p1|SlimeyT9|shadowtriad|1429
|player|p2|blu-97_v|hiker-gen4|1504
|gen|9
|tier|[Gen 9] OU
|rated|
|rule|HP Percentage Mod: HP is shown in percentages
|rule|Endless Battle Clause: Forcing endless battles is banned
|rule|Species Clause: Limit one of each Pokémon
|rule|OHKO Clause: OHKO moves are banned
|rule|Evasion Items Clause: Evasion items are banned
|rule|Evasion Moves Clause: Evasion moves are banned
|rule|Evasion Abilities Clause: Evasion abilities are banned
|rule|Sleep Moves Clause: Sleep-inducing moves are banned
|clearpoke
|poke|p1|Ceruledge, M|
|poke|p1|Garganacl, M|
|poke|p1|Glimmora, F|
|poke|p1|Samurott-Hisui, M|
|poke|p1|Scream Tail|
|poke|p1|Brambleghast, M|
|poke|p2|Darkrai|
|poke|p2|Slowking-Galar, F|
|poke|p2|Great Tusk|
|poke|p2|Moltres|
|poke|p2|Dragonite, M|
|poke|p2|Corviknight, F|
|teampreview
|
|t:|1776103759
|teamsize|p1|6
|teamsize|p2|6
|start
|switch|p1a: Saltwater|Samurott-Hisui, M, shiny|100/100
|switch|p2a: Moltres|Moltres|100/100
|turn|1
|inactive|Battle timer is ON: inactive players will automatically lose when time's up. (requested by SlimeyT9)
|
|t:|1776103764
|move|p1a: Saltwater|Flip Turn|p2a: Moltres
|-supereffective|p2a: Moltres
|-damage|p2a: Moltres|61/100
|-status|p1a: Saltwater|brn|[from] ability: Flame Body|[of] p2a: Moltres
|
|t:|1776103770
|switch|p1a: Glimmora|Glimmora, F|100/100|[from] Flip Turn
|move|p2a: Moltres|Roost|p2a: Moltres
|-heal|p2a: Moltres|100/100
|-singleturn|p2a: Moltres|move: Roost
|
|upkeep
|turn|2
|
|t:|1776103778
|switch|p2a: Slowking|Slowking-Galar, F|100/100
|move|p1a: Glimmora|Power Gem|p2a: Slowking
|-damage|p2a: Slowking|75/100
|
|upkeep
|turn|3
|
|t:|1776103784
|move|p1a: Glimmora|Stealth Rock|p2a: Slowking
|-sidestart|p2: blu-97_v|move: Stealth Rock
|move|p2a: Slowking|Future Sight|p1a: Glimmora
|-start|p2a: Slowking|move: Future Sight
|
|upkeep
|turn|4
|
|t:|1776103788
|switch|p1a: Saltwater|Samurott-Hisui, M, shiny|100/100 brn
|-prepare|p2a: Slowking|Chilly Reception|[premajor]
|move|p2a: Slowking|Chilly Reception|p2a: Slowking
|-weather|Snowscape
|
|t:|1776103790
|switch|p2a: Great Tusk|Great Tusk|100/100|[from] Chilly Reception
|-damage|p2a: Great Tusk|98/100|[from] Stealth Rock
|
|-weather|Snowscape|[upkeep]
|-heal|p2a: Great Tusk|100/100|[from] item: Leftovers
|-damage|p1a: Saltwater|94/100 brn|[from] brn
|upkeep
|turn|5
|
|t:|1776103805
|move|p1a: Saltwater|Aqua Cutter|p2a: Great Tusk
|-supereffective|p2a: Great Tusk
|-damage|p2a: Great Tusk|70/100
|move|p2a: Great Tusk|Stealth Rock|p1a: Saltwater
|-sidestart|p1: SlimeyT9|move: Stealth Rock
|
|-weather|Snowscape|[upkeep]
|-end|p1a: Saltwater|move: Future Sight
|-immune|p1a: Saltwater
|-heal|p2a: Great Tusk|76/100|[from] item: Leftovers
|-damage|p1a: Saltwater|88/100 brn|[from] brn
|upkeep
|turn|6
|
|t:|1776103815
|switch|p1a: Brambleghast|Brambleghast, M, shiny|100/100
|move|p2a: Great Tusk|Knock Off|p1a: Brambleghast
|-supereffective|p1a: Brambleghast
|-damage|p1a: Brambleghast|0 fnt
|-enditem|p1a: Brambleghast|Heavy-Duty Boots|[from] move: Knock Off|[of] p2a: Great Tusk
|faint|p1a: Brambleghast
|
|-weather|Snowscape|[upkeep]
|-heal|p2a: Great Tusk|82/100|[from] item: Leftovers
|upkeep
|
|t:|1776103823
|switch|p1a: Glimmora|Glimmora, F|100/100
|-damage|p1a: Glimmora|88/100|[from] Stealth Rock
|turn|7
|
|t:|1776103831
|move|p1a: Glimmora|Mortal Spin|p2a: Great Tusk
|-resisted|p2a: Great Tusk
|-damage|p2a: Great Tusk|80/100
|-status|p2a: Great Tusk|psn
|-sideend|p1: SlimeyT9|Stealth Rock|[from] move: Mortal Spin|[of] p1a: Glimmora
|move|p2a: Great Tusk|Headlong Rush|p1a: Glimmora
|-supereffective|p1a: Glimmora
|-damage|p1a: Glimmora|0 fnt
|-unboost|p2a: Great Tusk|def|1
|-unboost|p2a: Great Tusk|spd|1
|-activate|p1a: Glimmora|ability: Toxic Debris
|-sidestart|p2: blu-97_v|move: Toxic Spikes
|faint|p1a: Glimmora
|
|-weather|Snowscape|[upkeep]
|-heal|p2a: Great Tusk|86/100 psn|[from] item: Leftovers
|-damage|p2a: Great Tusk|74/100 psn|[from] psn
|upkeep
|
|t:|1776103845
|switch|p1a: Anthong|Ceruledge, M|100/100
|turn|8
|
|t:|1776103855
|-end|p2a: Great Tusk|Protosynthesis|[silent]
|switch|p2a: Moltres|Moltres|100/100
|move|p1a: Anthong|Swords Dance|p1a: Anthong
|-boost|p1a: Anthong|atk|2
|
|-weather|none
|upkeep
|turn|9
|
|t:|1776103864
|move|p1a: Anthong|Swords Dance|p1a: Anthong
|-boost|p1a: Anthong|atk|2
|move|p2a: Moltres|Roar|p1a: Anthong
|drag|p1a: NU!?|Scream Tail, shiny|100/100
|
|upkeep
|turn|10
|
|t:|1776103873
|move|p1a: NU!?|Bulk Up|p1a: NU!?
|-boost|p1a: NU!?|atk|1
|-boost|p1a: NU!?|def|1
|move|p2a: Moltres|U-turn|p1a: NU!?
|-damage|p1a: NU!?|93/100
|
|t:|1776103896
|switch|p2a: Slowking|Slowking-Galar, F|100/100|[from] U-turn
|-sideend|p2: blu-97_v|move: Toxic Spikes|[of] p2a: Slowking
|
|-heal|p1a: NU!?|99/100|[from] item: Leftovers
|upkeep
|turn|11
|
|t:|1776103905
|move|p1a: NU!?|Bulk Up|p1a: NU!?
|-boost|p1a: NU!?|atk|1
|-boost|p1a: NU!?|def|1
|move|p2a: Slowking|Sludge Bomb|p1a: NU!?
|-supereffective|p1a: NU!?
|-damage|p1a: NU!?|56/100
|-status|p1a: NU!?|psn
|
|-heal|p1a: NU!?|62/100 psn|[from] item: Leftovers
|-damage|p1a: NU!?|50/100 psn|[from] psn
|upkeep
|turn|12
|
|t:|1776103911
|move|p1a: NU!?|Psychic Fangs|p2a: Slowking
|-damage|p2a: Slowking|31/100
|move|p2a: Slowking|Sludge Bomb|p1a: NU!?
|-supereffective|p1a: NU!?
|-damage|p1a: NU!?|4/100 psn
|
|-heal|p1a: NU!?|10/100 psn|[from] item: Leftovers
|-damage|p1a: NU!?|0 fnt|[from] psn
|faint|p1a: NU!?
|-end|p1a: NU!?|Protosynthesis|[silent]
|upkeep
|
|t:|1776103916
|switch|p1a: Anthong|Ceruledge, M|100/100
|turn|13
|
|t:|1776103921
|move|p1a: Anthong|Swords Dance|p1a: Anthong
|-boost|p1a: Anthong|atk|2
|move|p2a: Slowking|Psychic Noise|p1a: Anthong
|-damage|p1a: Anthong|61/100
|-start|p1a: Anthong|move: Heal Block
|
|upkeep
|turn|14
|
|t:|1776103927
|move|p1a: Anthong|Shadow Sneak|p2a: Slowking
|-supereffective|p2a: Slowking
|-damage|p2a: Slowking|0 fnt
|faint|p2a: Slowking
|
|-end|p1a: Anthong|move: Heal Block
|upkeep
|
|t:|1776103944
|switch|p2a: Darkrai|Darkrai|100/100
|turn|15
|
|t:|1776103959
|move|p1a: Anthong|Shadow Sneak|p2a: Darkrai
|-resisted|p2a: Darkrai
|-crit|p2a: Darkrai
|-damage|p2a: Darkrai|61/100
|move|p2a: Darkrai|Dark Pulse|p1a: Anthong
|-supereffective|p1a: Anthong
|-damage|p1a: Anthong|0 fnt
|faint|p1a: Anthong
|
|upkeep
|
|t:|1776103964
|switch|p1a: Saltwater|Samurott-Hisui, M, shiny|88/100 brn
|turn|16
|
|t:|1776103970
|switch|p2a: Great Tusk|Great Tusk|74/100 psn
|-damage|p2a: Great Tusk|71/100 psn|[from] Stealth Rock
|move|p1a: Saltwater|Aqua Cutter|p2a: Great Tusk
|-supereffective|p2a: Great Tusk
|-damage|p2a: Great Tusk|41/100 psn
|
|-heal|p2a: Great Tusk|47/100 psn|[from] item: Leftovers
|-damage|p2a: Great Tusk|35/100 psn|[from] psn
|-damage|p1a: Saltwater|82/100 brn|[from] brn
|upkeep
|turn|17
|
|t:|1776103979
|move|p1a: Saltwater|Aqua Cutter|p2a: Great Tusk
|-supereffective|p2a: Great Tusk
|-damage|p2a: Great Tusk|2/100 psn
|move|p2a: Great Tusk|Stealth Rock|p1a: Saltwater
|-sidestart|p1: SlimeyT9|move: Stealth Rock
|
|-heal|p2a: Great Tusk|8/100 psn|[from] item: Leftovers
|-damage|p2a: Great Tusk|0 fnt|[from] psn
|faint|p2a: Great Tusk
|-end|p2a: Great Tusk|Protosynthesis|[silent]
|-damage|p1a: Saltwater|76/100 brn|[from] brn
|upkeep
|
|t:|1776103986
|switch|p2a: Dragonite|Dragonite, M|100/100
|turn|18
|
|t:|1776103991
|move|p1a: Saltwater|Aqua Cutter|p2a: Dragonite
|-resisted|p2a: Dragonite
|-crit|p2a: Dragonite
|-damage|p2a: Dragonite|91/100
|move|p2a: Dragonite|Dragon Dance|p2a: Dragonite
|-boost|p2a: Dragonite|atk|1
|-boost|p2a: Dragonite|spe|1
|
|-damage|p1a: Saltwater|69/100 brn|[from] brn
|upkeep
|turn|19
|
|t:|1776103993
|move|p1a: Saltwater|Aqua Cutter|p2a: Dragonite
|-resisted|p2a: Dragonite
|-damage|p2a: Dragonite|77/100
|move|p2a: Dragonite|Dragon Dance|p2a: Dragonite
|-boost|p2a: Dragonite|atk|1
|-boost|p2a: Dragonite|spe|1
|
|-damage|p1a: Saltwater|63/100 brn|[from] brn
|upkeep
|turn|20
|
|t:|1776103996
|move|p2a: Dragonite|Earthquake|p1a: Saltwater
|-damage|p1a: Saltwater|0 fnt
|faint|p1a: Saltwater
|
|upkeep
|
|t:|1776103998
|switch|p1a: Melee|Garganacl, M|100/100
|-damage|p1a: Melee|88/100|[from] Stealth Rock
|turn|21
|
|t:|1776104006
|-terastallize|p1a: Melee|Ghost
|move|p2a: Dragonite|Earthquake|p1a: Melee
|-damage|p1a: Melee|36/100
|move|p1a: Melee|Iron Defense|p1a: Melee
|-boost|p1a: Melee|def|2
|
|-heal|p1a: Melee|42/100|[from] item: Leftovers
|upkeep
|turn|22
|
|t:|1776104013
|move|p2a: Dragonite|Earthquake|p1a: Melee
|-damage|p1a: Melee|16/100
|move|p1a: Melee|Recover|p1a: Melee
|-heal|p1a: Melee|66/100
|
|-heal|p1a: Melee|72/100|[from] item: Leftovers
|upkeep
|turn|23
|
|t:|1776104017
|move|p2a: Dragonite|Dragon Dance|p2a: Dragonite
|-boost|p2a: Dragonite|atk|1
|-boost|p2a: Dragonite|spe|1
|move|p1a: Melee|Iron Defense|p1a: Melee
|-boost|p1a: Melee|def|2
|
|-heal|p1a: Melee|78/100|[from] item: Leftovers
|upkeep
|turn|24
|
|t:|1776104034
|switch|p2a: Moltres|Moltres|100/100
|move|p1a: Melee|Salt Cure|p2a: Moltres
|-supereffective|p2a: Moltres
|-damage|p2a: Moltres|59/100
|-start|p2a: Moltres|Salt Cure
|
|-heal|p1a: Melee|84/100|[from] item: Leftovers
|-damage|p2a: Moltres|46/100|[from] Salt Cure
|upkeep
|turn|25
|
|t:|1776104042
|move|p2a: Moltres|U-turn|p1a: Melee
|-resisted|p1a: Melee
|-damage|p1a: Melee|83/100
|
|t:|1776104050
|switch|p2a: Darkrai|Darkrai|61/100|[from] U-turn
|move|p1a: Melee|Iron Defense|p1a: Melee
|-boost|p1a: Melee|def|2
|
|-heal|p1a: Melee|89/100|[from] item: Leftovers
|upkeep
|turn|26
|
|t:|1776104054
|move|p2a: Darkrai|Dark Pulse|p1a: Melee
|-supereffective|p1a: Melee
|-damage|p1a: Melee|34/100
|cant|p1a: Melee|flinch
|
|-heal|p1a: Melee|40/100|[from] item: Leftovers
|upkeep
|turn|27
|
|t:|1776104058
|move|p2a: Darkrai|Dark Pulse|p1a: Melee
|-supereffective|p1a: Melee
|-damage|p1a: Melee|0 fnt
|faint|p1a: Melee
|
|win|blu-97_v
|raw|SlimeyT9's rating: 1429 &rarr; <strong>1413</strong><br />(-16 for losing)
|raw|blu-97_v's rating: 1504 &rarr; <strong>1520</strong><br />(+16 for winning)
|l|☆blu-97_v
|player|p2|
|c|☆SlimeyT9|bruhhh the flinch
|c|☆SlimeyT9|gg
|l|☆SlimeyT9
|player|p1|
