|html|<div class="broadcast-blue"><strong>[Gen 9] OU is currently suspecting Volcarona! For information on how to participate check out the <a href="https://www.smogon.com/tools/suspects/view/208">suspect thread</a>.</strong></div>
|j|☆Icoss31
|j|☆karmasiren
|t:|1778497303
|gametype|singles
|player|p1|Icoss31|dragontamer|1342
|player|p2|karmasiren|skyla|1385
|gen|9
|tier|[Gen 9] OU
|rated|
|rule|HP Percentage Mod: HP is shown in percentages
|rule|Endless Battle Clause: Forcing endless battles is banned
|rule|Species Clause: Limit one of each Pokémon
|rule|OHKO Clause: OHKO moves are banned
|rule|Evasion Items Clause: Evasion items are banned
|rule|Evasion Moves Clause: Evasion moves are banned
|rule|Evasion Abilities Clause: Evasion abilities are banned
|rule|Sleep Moves Clause: Sleep-inducing moves are banned
|clearpoke
|poke|p1|Great Tusk|
|poke|p1|Slowking-Galar, M|
|poke|p1|Greninja-*, M|
|poke|p1|Dragapult, M|
|poke|p1|Enamorus, F|
|poke|p1|Scizor, M|
|poke|p2|Staraptor, F|
|poke|p2|Alomomola, F|
|poke|p2|Clodsire, F|
|poke|p2|Corviknight, M|
|poke|p2|Gliscor, F|
|poke|p2|Goodra-Hisui, M|
|teampreview
|inactive|Battle timer is ON: inactive players will automatically lose when time's up. (requested by karmasiren)
|
|t:|1778497322
|teamsize|p1|6
|teamsize|p2|6
|start
|switch|p1a: Scizor|Scizor, M|100/100
|switch|p2a: Staraptor|Staraptor, F|100/100
|turn|1
|
|t:|1778497334
|move|p1a: Scizor|Bullet Punch|p2a: Staraptor
|-damage|p2a: Staraptor|52/100
|move|p2a: Staraptor|Brave Bird|p1a: Scizor
|-damage|p1a: Scizor|0 fnt
|faint|p1a: Scizor
|-damage|p2a: Staraptor|19/100|[from] Recoil
|
|upkeep
|
|t:|1778497346
|switch|p1a: Enamorus|Enamorus, F|100/100
|turn|2
|
|t:|1778497351
|switch|p2a: Clodsire|Clodsire, F|100/100
|move|p1a: Enamorus|Moonblast|p2a: Clodsire
|-resisted|p2a: Clodsire
|-damage|p2a: Clodsire|88/100
|
|upkeep
|turn|3
|
|t:|1778497359
|switch|p1a: Great Tusk|Great Tusk|100/100
|move|p2a: Clodsire|Stealth Rock|p1a: Great Tusk
|-sidestart|p1: Icoss31|move: Stealth Rock
|
|upkeep
|turn|4
|
|t:|1778497364
|move|p1a: Great Tusk|Stealth Rock|p2a: Clodsire
|-sidestart|p2: karmasiren|move: Stealth Rock
|move|p2a: Clodsire|Toxic|p1a: Great Tusk
|-status|p1a: Great Tusk|tox
|
|-damage|p1a: Great Tusk|94/100 tox|[from] psn
|upkeep
|turn|5
|
|t:|1778497370
|switch|p2a: Corviknight|Corviknight, M|100/100
|-damage|p2a: Corviknight|88/100|[from] Stealth Rock
|-ability|p2a: Corviknight|Pressure
|move|p1a: Great Tusk|Rapid Spin|p2a: Corviknight
|-resisted|p2a: Corviknight
|-damage|p2a: Corviknight|83/100
|-boost|p1a: Great Tusk|spe|1
|-damage|p1a: Great Tusk|78/100 tox|[from] item: Rocky Helmet|[of] p2a: Corviknight
|-sideend|p1: Icoss31|Stealth Rock|[from] move: Rapid Spin|[of] p1a: Great Tusk
|
|-damage|p1a: Great Tusk|65/100 tox|[from] psn
|upkeep
|turn|6
|
|t:|1778497383
|-end|p1a: Great Tusk|Protosynthesis|[silent]
|switch|p1a: Dragapult|Dragapult, M|100/100
|move|p2a: Corviknight|Defog|p1a: Dragapult
|-unboost|p1a: Dragapult|evasion|1
|-sideend|p2: karmasiren|Stealth Rock|[from] move: Defog|[of] p2a: Corviknight
|
|upkeep
|turn|7
|
|t:|1778497395
|switch|p2a: Gliscor|Gliscor, F|100/100
|move|p1a: Dragapult|Will-O-Wisp|p2a: Gliscor
|-status|p2a: Gliscor|brn
|
|-damage|p2a: Gliscor|94/100 brn|[from] brn
|upkeep
|turn|8
|
|t:|1778497402
|move|p1a: Dragapult|Hex|p2a: Gliscor
|-damage|p2a: Gliscor|32/100 brn
|move|p2a: Gliscor|Knock Off|p1a: Dragapult
|-supereffective|p1a: Dragapult
|-damage|p1a: Dragapult|73/100
|-enditem|p1a: Dragapult|Heavy-Duty Boots|[from] move: Knock Off|[of] p2a: Gliscor
|
|-damage|p2a: Gliscor|26/100 brn|[from] brn
|upkeep
|turn|9
|
|t:|1778497415
|switch|p2a: Shnarl|Goodra-Hisui, M|100/100
|move|p1a: Dragapult|Dragon Darts|p2a: Shnarl
|-damage|p2a: Shnarl|80/100
|-anim|p1a: Dragapult|Dragon Darts|p2a: Shnarl
|-damage|p2a: Shnarl|59/100
|
|upkeep
|turn|10
|
|t:|1778497424
|move|p1a: Dragapult|Dragon Darts|p2a: Shnarl
|-damage|p2a: Shnarl|40/100
|-anim|p1a: Dragapult|Dragon Darts|p2a: Shnarl
|-damage|p2a: Shnarl|20/100
|move|p2a: Shnarl|Flash Cannon|p1a: Dragapult
|-damage|p1a: Dragapult|30/100
|
|upkeep
|turn|11
|
|t:|1778497437
|-terastallize|p2a: Shnarl|Fairy
|move|p1a: Dragapult|Will-O-Wisp|p2a: Shnarl
|-status|p2a: Shnarl|brn
|move|p2a: Shnarl|Flash Cannon|p1a: Dragapult
|-damage|p1a: Dragapult|0 fnt
|faint|p1a: Dragapult
|
|-damage|p2a: Shnarl|14/100 brn|[from] brn
|upkeep
|
|t:|1778497454
|switch|p1a: Enamorus|Enamorus, F|100/100
|turn|12
|
|t:|1778497463
|-terastallize|p1a: Enamorus|Ground
|move|p1a: Enamorus|Earth Power|p2a: Shnarl
|-damage|p2a: Shnarl|0 fnt
|faint|p2a: Shnarl
|
|upkeep
|
|t:|1778497466
|switch|p2a: Alomomola|Alomomola, F|100/100
|turn|13
|
|t:|1778497470
|move|p1a: Enamorus|Earth Power|p2a: Alomomola
|-damage|p2a: Alomomola|45/100
|move|p2a: Alomomola|Wish|p2a: Alomomola
|
|upkeep
|turn|14
|
|t:|1778497475
|switch|p2a: Staraptor|Staraptor, F|19/100
|move|p1a: Enamorus|Earth Power|p2a: Staraptor
|-immune|p2a: Staraptor
|
|-heal|p2a: Staraptor|100/100|[from] move: Wish|[wisher] Alomomola
|upkeep
|turn|15
|
|t:|1778497483
|switch|p1a: Great Tusk|Great Tusk|65/100 tox
|move|p2a: Staraptor|Brave Bird|p1a: Great Tusk
|-supereffective|p1a: Great Tusk
|-damage|p1a: Great Tusk|0 fnt
|-damage|p2a: Staraptor|84/100|[from] item: Rocky Helmet|[of] p1a: Great Tusk
|faint|p1a: Great Tusk
|-end|p1a: Great Tusk|Protosynthesis|[silent]
|-damage|p2a: Staraptor|54/100|[from] Recoil
|
|upkeep
|
|t:|1778497493
|switch|p1a: Greninja|Greninja, M|100/100
|turn|16
|
|t:|1778497507
|switch|p2a: Clodsire|Clodsire, F|88/100
|move|p1a: Greninja|Ice Beam|p2a: Clodsire
|-start|p1a: Greninja|typechange|Ice|[from] ability: Protean
|-supereffective|p2a: Clodsire
|-crit|p2a: Clodsire
|-damage|p2a: Clodsire|28/100
|
|upkeep
|turn|17
|
|t:|1778497517
|switch|p1a: Enamorus|Enamorus, F, tera:Ground|100/100
|move|p2a: Clodsire|Recover|p2a: Clodsire
|-heal|p2a: Clodsire|78/100
|
|upkeep
|turn|18
|
|t:|1778497525
|move|p1a: Enamorus|Moonblast|p2a: Clodsire
|-resisted|p2a: Clodsire
|-damage|p2a: Clodsire|64/100
|move|p2a: Clodsire|Stealth Rock|p1a: Enamorus
|-sidestart|p1: Icoss31|move: Stealth Rock
|
|upkeep
|turn|19
|
|t:|1778497537
|switch|p1a: Greninja|Greninja, M|100/100
|-damage|p1a: Greninja|88/100|[from] Stealth Rock
|move|p2a: Clodsire|Toxic|p1a: Greninja
|-status|p1a: Greninja|tox
|
|-damage|p1a: Greninja|82/100 tox|[from] psn
|upkeep
|turn|20
|
|t:|1778497544
|switch|p2a: Gliscor|Gliscor, F|26/100 brn
|move|p1a: Greninja|Ice Beam|p2a: Gliscor
|-start|p1a: Greninja|typechange|Ice|[from] ability: Protean
|-supereffective|p2a: Gliscor
|-damage|p2a: Gliscor|0 fnt
|faint|p2a: Gliscor
|
|-damage|p1a: Greninja|70/100 tox|[from] psn
|upkeep
|
|t:|1778497547
|switch|p2a: Alomomola|Alomomola, F|79/100
|turn|21
|
|t:|1778497557
|switch|p1a: Slowking|Slowking-Galar, M|100/100
|move|p2a: Alomomola|Wish|p2a: Alomomola
|
|upkeep
|turn|22
|
|t:|1778497569
|move|p2a: Alomomola|Wish||[still]
|-fail|p2a: Alomomola
|move|p1a: Slowking|Thunder Wave|p2a: Alomomola
|-status|p2a: Alomomola|par
|
|-heal|p2a: Alomomola|100/100 par|[from] move: Wish|[wisher] Alomomola
|upkeep
|turn|23
|
|t:|1778497577
|move|p2a: Alomomola|Wish|p2a: Alomomola
|-prepare|p1a: Slowking|Chilly Reception|[premajor]
|move|p1a: Slowking|Chilly Reception|p1a: Slowking
|-weather|Snowscape
|
|t:|1778497581
|switch|p1a: Enamorus|Enamorus, F, tera:Ground|100/100|[from] Chilly Reception
|-damage|p1a: Enamorus|94/100|[from] Stealth Rock
|
|-weather|Snowscape|[upkeep]
|upkeep
|turn|24
|inactive|karmasiren has 120 seconds left.
|
|t:|1778497628
|move|p1a: Enamorus|Moonblast|p2a: Alomomola
|-damage|p2a: Alomomola|38/100 par
|move|p2a: Alomomola|Flip Turn|p1a: Enamorus
|-supereffective|p1a: Enamorus
|-damage|p1a: Enamorus|44/100
|
|t:|1778497630
|switch|p2a: Staraptor|Staraptor, F|54/100|[from] Flip Turn
|
|-weather|Snowscape|[upkeep]
|-heal|p2a: Staraptor|100/100|[from] move: Wish|[wisher] Alomomola
|upkeep
|turn|25
|
|t:|1778497639
|move|p2a: Staraptor|Quick Attack|p1a: Enamorus
|-damage|p1a: Enamorus|2/100
|move|p1a: Enamorus|Moonblast|p2a: Staraptor
|-crit|p2a: Staraptor
|-damage|p2a: Staraptor|0 fnt
|faint|p2a: Staraptor
|
|-weather|Snowscape|[upkeep]
|upkeep
|inactive|karmasiren has 120 seconds left.
|
|t:|1778497650
|switch|p2a: Corviknight|Corviknight, M|83/100
|-ability|p2a: Corviknight|Pressure
|turn|26
|
|t:|1778497654
|move|p1a: Enamorus|Moonblast|p2a: Corviknight
|-resisted|p2a: Corviknight
|-damage|p2a: Corviknight|59/100
|move|p2a: Corviknight|Iron Defense|p2a: Corviknight
|-boost|p2a: Corviknight|def|2
|
|-weather|Snowscape|[upkeep]
|upkeep
|turn|27
|
|t:|1778497662
|switch|p1a: Slowking|Slowking-Galar, M|100/100
|move|p2a: Corviknight|Roost|p2a: Corviknight
|-heal|p2a: Corviknight|100/100
|-singleturn|p2a: Corviknight|move: Roost
|
|-weather|none
|upkeep
|turn|28
|
|t:|1778497670
|switch|p2a: Clodsire|Clodsire, F|64/100
|move|p1a: Slowking|Thunder Wave|p2a: Clodsire
|-immune|p2a: Clodsire
|
|upkeep
|turn|29
|
|t:|1778497685
|move|p2a: Clodsire|Earthquake|p1a: Slowking
|-supereffective|p1a: Slowking
|-damage|p1a: Slowking|44/100
|move|p1a: Slowking|Psychic Noise|p2a: Clodsire
|-supereffective|p2a: Clodsire
|-crit|p2a: Clodsire
|-damage|p2a: Clodsire|18/100
|-start|p2a: Clodsire|move: Heal Block
|
|upkeep
|turn|30
|
|t:|1778497696
|switch|p1a: Enamorus|Enamorus, F, tera:Ground|2/100
|-damage|p1a: Enamorus|0 fnt|[from] Stealth Rock
|faint|p1a: Enamorus
|move|p2a: Clodsire|Earthquake|p1: Enamorus|[notarget]
|-fail|p2a: Clodsire
|
|-end|p2a: Clodsire|move: Heal Block
|upkeep
|
|t:|1778497720
|switch|p1a: Greninja|Greninja, M|70/100 tox
|-damage|p1a: Greninja|58/100 tox|[from] Stealth Rock
|turn|31
|
|t:|1778497729
|switch|p2a: Corviknight|Corviknight, M|100/100
|-ability|p2a: Corviknight|Pressure
|move|p1a: Greninja|Ice Beam|p2a: Corviknight
|-start|p1a: Greninja|typechange|Ice|[from] ability: Protean
|-damage|p2a: Corviknight|67/100
|-status|p2a: Corviknight|frz
|
|-damage|p1a: Greninja|52/100 tox|[from] psn
|upkeep
|turn|32
|
|t:|1778497740
|switch|p1a: Slowking|Slowking-Galar, M|77/100
|switch|p2a: Alomomola|Alomomola, F|71/100 par
|
|upkeep
|turn|33
|
|t:|1778497747
|move|p2a: Alomomola|Wish|p2a: Alomomola
|move|p1a: Slowking|Psychic Noise|p2a: Alomomola
|-damage|p2a: Alomomola|37/100 par
|-start|p2a: Alomomola|move: Heal Block
|
|upkeep
|turn|34
|
|t:|1778497753
|move|p2a: Alomomola|Flip Turn|p1a: Slowking
|-damage|p1a: Slowking|61/100
|
|t:|1778497761
|switch|p2a: Corviknight|Corviknight, M|67/100 frz|[from] Flip Turn
|-ability|p2a: Corviknight|Pressure
|move|p1a: Slowking|Psychic Noise|p2a: Corviknight
|-resisted|p2a: Corviknight
|-damage|p2a: Corviknight|54/100 frz
|-start|p2a: Corviknight|move: Heal Block
|
|upkeep
|turn|35
|-message|karmasiren forfeited.
|
|win|Icoss31
|raw|Icoss31's rating: 1342 &rarr; <strong>1365</strong><br />(+23 for winning)
|raw|karmasiren's rating: 1401 &rarr; <strong>1378</strong><br />(-23 for losing)
|l|☆karmasiren
|player|p2|
|l|☆Icoss31
|player|p1|
