|html|<div class="broadcast-blue"><strong>[Gen 9] OU is currently suspecting Tera Blast! For information on how to participate check out the <a href="https://www.smogon.com/tools/suspects/view/200">suspect thread</a>.</strong></div>
|j|☆Sniverdrill
|j|☆Rsgame
|t:|1776273724
|gametype|singles
|player|p1|Sniverdrill|lacey|1189
|player|p2|Rsgame|richboy|1143
|gen|9
|tier|[Gen 9] OU
|rated|
|rule|HP Percentage Mod: HP is shown in percentages
|rule|Endless Battle Clause: Forcing endless battles is banned
|rule|Species Clause: Limit one of each Pokémon
|rule|OHKO Clause: OHKO moves are banned
|rule|Evasion Items Clause: Evasion items are banned
|rule|Evasion Moves Clause: Evasion moves are banned
|rule|Evasion Abilities Clause: Evasion abilities are banned
|rule|Sleep Moves Clause: Sleep-inducing moves are banned
|clearpoke
|poke|p1|Tyranitar, F|
|poke|p1|Excadrill, F|
|poke|p1|Sinistcha-Masterpiece|
|poke|p1|Araquanid, F|
|poke|p1|Iron Crown|
|poke|p1|Enamorus, F|
|poke|p2|Blaziken, M|
|poke|p2|Zarude-Dada|
|poke|p2|Weezing-Galar, F|
|poke|p2|Ting-Lu|
|poke|p2|Walking Wake|
|poke|p2|Klefki, M|
|teampreview
|inactive|Battle timer is ON: inactive players will automatically lose when time's up. (requested by Sniverdrill)
|
|t:|1776273741
|teamsize|p1|6
|teamsize|p2|6
|start
|switch|p1a: Iron Crown|Iron Crown|100/100
|switch|p2a: Zarude|Zarude-Dada|100/100
|turn|1
|
|t:|1776273752
|move|p2a: Zarude|Knock Off|p1a: Iron Crown
|-supereffective|p1a: Iron Crown
|-damage|p1a: Iron Crown|0 fnt
|-enditem|p1a: Iron Crown|Choice Scarf|[from] move: Knock Off|[of] p2a: Zarude
|faint|p1a: Iron Crown
|-end|p1a: Iron Crown|Quark Drive|[silent]
|
|upkeep
|
|t:|1776273759
|switch|p1a: Araquanid|Araquanid, F, shiny|100/100
|turn|2
|
|t:|1776273764
|switch|p2a: Weezing|Weezing-Galar, F|100/100
|move|p1a: Araquanid|Sticky Web|p2a: Weezing
|-sidestart|p2: Rsgame|move: Sticky Web
|
|upkeep
|turn|3
|
|t:|1776273770
|move|p2a: Weezing|Will-O-Wisp|p1a: Araquanid
|-immune|p1a: Araquanid|[from] ability: Water Bubble
|move|p1a: Araquanid|Liquidation|p2a: Weezing
|-damage|p2a: Weezing|43/100
|
|-heal|p2a: Weezing|49/100|[from] item: Black Sludge
|upkeep
|turn|4
|inactive|Rsgame has 120 seconds left.
|
|t:|1776273801
|move|p2a: Weezing|Defog|p1a: Araquanid
|-unboost|p1a: Araquanid|evasion|1
|-sideend|p2: Rsgame|Sticky Web|[from] move: Defog|[of] p2a: Weezing
|move|p1a: Araquanid|Liquidation|p2a: Weezing
|-damage|p2a: Weezing|0 fnt
|faint|p2a: Weezing
|
|upkeep
|inactive|Rsgame has 120 seconds left.
|
|t:|1776273808
|switch|p2a: Walking Wake|Walking Wake|100/100
|-enditem|p2a: Walking Wake|Booster Energy
|-activate|p2a: Walking Wake|ability: Protosynthesis|[fromitem]
|-start|p2a: Walking Wake|protosynthesisspa
|turn|5
|
|t:|1776273816
|move|p2a: Walking Wake|Draco Meteor|p1a: Araquanid
|-crit|p1a: Araquanid
|-enditem|p1a: Araquanid|Focus Sash
|-damage|p1a: Araquanid|1/100
|-unboost|p2a: Walking Wake|spa|2
|move|p1a: Araquanid|Mirror Coat|p2a: Walking Wake
|-damage|p2a: Walking Wake|0 fnt
|faint|p2a: Walking Wake
|-end|p2a: Walking Wake|Protosynthesis|[silent]
|
|upkeep
|
|t:|1776273825
|switch|p2a: Zarude|Zarude-Dada|100/100
|turn|6
|
|t:|1776273828
|move|p2a: Zarude|U-turn|p1a: Araquanid
|-damage|p1a: Araquanid|0 fnt
|faint|p1a: Araquanid
|
|t:|1776273832
|switch|p2a: Klefki|Klefki, M, shiny|100/100|[from] U-turn
|
|upkeep
|
|t:|1776273842
|switch|p1a: Berry Blast|Enamorus, F|100/100
|turn|7
|
|t:|1776273847
|move|p2a: Klefki|Light Screen|p2a: Klefki
|-sidestart|p2: Rsgame|move: Light Screen
|move|p1a: Berry Blast|Mystical Fire|p2a: Klefki
|-supereffective|p2a: Klefki
|-damage|p2a: Klefki|67/100
|-unboost|p2a: Klefki|spa|1
|
|upkeep
|turn|8
|
|t:|1776273855
|switch|p1a: Gurren|Excadrill, F, shiny|100/100
|move|p2a: Klefki|Thunder Wave|p1a: Gurren
|-immune|p1a: Gurren
|
|upkeep
|turn|9
|
|t:|1776273882
|move|p2a: Klefki|Reflect|p2a: Klefki
|-sidestart|p2: Rsgame|Reflect
|move|p1a: Gurren|Earthquake|p2a: Klefki
|-supereffective|p2a: Klefki
|-damage|p2a: Klefki|21/100
|
|upkeep
|turn|10
|
|t:|1776273890
|switch|p2a: Zarude|Zarude-Dada|100/100
|move|p1a: Gurren|Stealth Rock|p2a: Zarude
|-sidestart|p2: Rsgame|move: Stealth Rock
|
|upkeep
|turn|11
|
|t:|1776273899
|switch|p1a: Tyranitar|Tyranitar, F|100/100
|-weather|Sandstorm|[from] ability: Sand Stream|[of] p1a: Tyranitar
|move|p2a: Zarude|Knock Off|p1a: Tyranitar
|-resisted|p1a: Tyranitar
|-damage|p1a: Tyranitar|78/100
|-enditem|p1a: Tyranitar|Loaded Dice|[from] move: Knock Off|[of] p2a: Zarude
|
|-weather|Sandstorm|[upkeep]
|-damage|p2a: Zarude|95/100|[from] Sandstorm
|upkeep
|turn|12
|
|t:|1776273912
|switch|p2a: Klefki|Klefki, M, shiny|21/100
|-damage|p2a: Klefki|15/100|[from] Stealth Rock
|move|p1a: Tyranitar|Knock Off|p2a: Klefki
|-resisted|p2a: Klefki
|-damage|p2a: Klefki|6/100
|-enditem|p2a: Klefki|Light Clay|[from] move: Knock Off|[of] p1a: Tyranitar
|
|-weather|Sandstorm|[upkeep]
|upkeep
|turn|13
|
|t:|1776273923
|switch|p2a: Zarude|Zarude-Dada|95/100
|-damage|p2a: Zarude|82/100|[from] Stealth Rock
|move|p1a: Tyranitar|Knock Off|p2a: Zarude
|-resisted|p2a: Zarude
|-damage|p2a: Zarude|69/100
|-enditem|p2a: Zarude|Choice Scarf|[from] move: Knock Off|[of] p1a: Tyranitar
|
|-weather|Sandstorm|[upkeep]
|-damage|p2a: Zarude|63/100|[from] Sandstorm
|upkeep
|turn|14
|
|t:|1776273937
|move|p2a: Zarude|Close Combat|p1a: Tyranitar
|-supereffective|p1a: Tyranitar
|-damage|p1a: Tyranitar|0 fnt
|-unboost|p2a: Zarude|def|1
|-unboost|p2a: Zarude|spd|1
|faint|p1a: Tyranitar
|
|-weather|Sandstorm|[upkeep]
|-damage|p2a: Zarude|57/100|[from] Sandstorm
|-sideend|p2: Rsgame|move: Light Screen
|upkeep
|
|t:|1776273955
|switch|p1a: Berry Blast|Enamorus, F|100/100
|turn|15
|
|t:|1776273962
|switch|p2a: Klefki|Klefki, M, shiny|6/100
|-damage|p2a: Klefki|0 fnt|[from] Stealth Rock
|faint|p2a: Klefki
|move|p1a: Berry Blast|Mystical Fire|p2: Klefki|[notarget]
|-fail|p1a: Berry Blast
|
|-weather|none
|upkeep
|
|t:|1776273970
|switch|p2a: Ting-Lu|Ting-Lu|100/100
|-damage|p2a: Ting-Lu|94/100|[from] Stealth Rock
|-ability|p2a: Ting-Lu|Vessel of Ruin
|turn|16
|
|t:|1776273976
|move|p1a: Berry Blast|Moonblast|p2a: Ting-Lu
|-supereffective|p2a: Ting-Lu
|-damage|p2a: Ting-Lu|28/100
|move|p2a: Ting-Lu|Ruination|p1a: Berry Blast
|-damage|p1a: Berry Blast|51/100
|
|-heal|p2a: Ting-Lu|34/100|[from] item: Leftovers
|-sideend|p2: Rsgame|Reflect
|upkeep
|turn|17
|
|t:|1776273986
|move|p1a: Berry Blast|Moonblast|p2a: Ting-Lu
|-supereffective|p2a: Ting-Lu
|-damage|p2a: Ting-Lu|0 fnt
|faint|p2a: Ting-Lu
|
|upkeep
|
|t:|1776273992
|switch|p2a: Blaziken|Blaziken, M, shiny|100/100
|turn|18
|
|t:|1776273997
|move|p2a: Blaziken|Protect|p2a: Blaziken
|-singleturn|p2a: Blaziken|Protect
|move|p1a: Berry Blast|Earth Power|p2a: Blaziken
|-activate|p2a: Blaziken|move: Protect
|
|-ability|p2a: Blaziken|Speed Boost|boost
|-boost|p2a: Blaziken|spe|1
|upkeep
|turn|19
|
|t:|1776274011
|-terastallize|p2a: Blaziken|Fire
|move|p2a: Blaziken|Flare Blitz|p1a: Berry Blast
|-damage|p1a: Berry Blast|0 fnt
|faint|p1a: Berry Blast
|-damage|p2a: Blaziken|85/100|[from] Recoil
|
|-ability|p2a: Blaziken|Speed Boost|boost
|-boost|p2a: Blaziken|spe|1
|upkeep
|
|t:|1776274024
|switch|p1a: Gurren|Excadrill, F, shiny|100/100
|turn|20
|
|t:|1776274030
|-terastallize|p1a: Gurren|Dragon
|move|p2a: Blaziken|Flare Blitz|p1a: Gurren
|-resisted|p1a: Gurren
|-damage|p1a: Gurren|47/100
|-damage|p2a: Blaziken|60/100|[from] Recoil
|move|p1a: Gurren|Earthquake|p2a: Blaziken
|-supereffective|p2a: Blaziken
|-damage|p2a: Blaziken|0 fnt
|faint|p2a: Blaziken
|
|-heal|p1a: Gurren|53/100|[from] item: Leftovers
|upkeep
|
|t:|1776274041
|switch|p2a: Zarude|Zarude-Dada|57/100
|-damage|p2a: Zarude|45/100|[from] Stealth Rock
|turn|21
|
|t:|1776274049
|move|p2a: Zarude|Knock Off|p1a: Gurren
|-damage|p1a: Gurren|0 fnt
|-enditem|p1a: Gurren|Leftovers|[from] move: Knock Off|[of] p2a: Zarude
|faint|p1a: Gurren
|
|upkeep
|
|t:|1776274055
|switch|p1a: Sinistcha|Sinistcha-Masterpiece|100/100
|turn|22
|
|t:|1776274059
|move|p2a: Zarude|Knock Off|p1a: Sinistcha
|-supereffective|p1a: Sinistcha
|-damage|p1a: Sinistcha|22/100
|-enditem|p1a: Sinistcha|Heavy-Duty Boots|[from] move: Knock Off|[of] p2a: Zarude
|move|p1a: Sinistcha|Strength Sap|p2a: Zarude
|-unboost|p2a: Zarude|atk|1
|-heal|p1a: Sinistcha|100/100
|
|upkeep
|turn|23
|
|t:|1776274068
|move|p2a: Zarude|Knock Off|p1a: Sinistcha
|-supereffective|p1a: Sinistcha
|-damage|p1a: Sinistcha|62/100
|move|p1a: Sinistcha|Strength Sap|p2a: Zarude
|-unboost|p2a: Zarude|atk|1
|-heal|p1a: Sinistcha|100/100
|
|upkeep
|turn|24
|
|t:|1776274080
|move|p2a: Zarude|Knock Off|p1a: Sinistcha
|-supereffective|p1a: Sinistcha
|-damage|p1a: Sinistcha|74/100
|move|p1a: Sinistcha|Strength Sap|p2a: Zarude
|-unboost|p2a: Zarude|atk|1
|-heal|p1a: Sinistcha|100/100
|
|upkeep
|turn|25
|c|☆Rsgame|learn how to play pokemon
|c|☆Rsgame|toxic stall
|-message|Rsgame forfeited.
|
|win|Sniverdrill
|raw|Sniverdrill's rating: 1189 &rarr; <strong>1211</strong><br />(+22 for winning)
|raw|Rsgame's rating: 1143 &rarr; <strong>1121</strong><br />(-22 for losing)
|l|☆Rsgame
|player|p2|
