|html|<div class="broadcast-blue"><strong>[Gen 9] OU is currently suspecting Tera Blast! For information on how to participate check out the <a href="https://www.smogon.com/tools/suspects/view/200">suspect thread</a>.</strong></div>
|j|☆Wozzathesexygod
|j|☆ykykp
|t:|1776080571
|gametype|singles
|player|p1|Wozzathesexygod|n|1586
|player|p2|ykykp|101|1697
|gen|9
|tier|[Gen 9] OU
|rated|
|rule|HP Percentage Mod: HP is shown in percentages
|rule|Endless Battle Clause: Forcing endless battles is banned
|rule|Species Clause: Limit one of each Pokémon
|rule|OHKO Clause: OHKO moves are banned
|rule|Evasion Items Clause: Evasion items are banned
|rule|Evasion Moves Clause: Evasion moves are banned
|rule|Evasion Abilities Clause: Evasion abilities are banned
|rule|Sleep Moves Clause: Sleep-inducing moves are banned
|clearpoke
|poke|p1|Dragapult, F|
|poke|p1|Alomomola, F|
|poke|p1|Ting-Lu|
|poke|p1|Kyurem|
|poke|p1|Weezing-Galar, F|
|poke|p1|Corviknight, F|
|poke|p2|Deoxys-Speed|
|poke|p2|Zamazenta-*|
|poke|p2|Dragonite, M|
|poke|p2|Maushold-Four|
|poke|p2|Ogerpon-Cornerstone, F|
|poke|p2|Hoopa-Unbound|
|teampreview
|inactive|Battle timer is ON: inactive players will automatically lose when time's up. (requested by Wozzathesexygod)
|
|t:|1776080594
|teamsize|p1|6
|teamsize|p2|6
|start
|switch|p1a: Corviknight|Corviknight, F|100/100
|switch|p2a: Hoopa|Hoopa-Unbound|100/100
|-ability|p1a: Corviknight|Pressure
|turn|1
|
|t:|1776080596
|move|p2a: Hoopa|Thunderbolt|p1a: Corviknight
|-supereffective|p1a: Corviknight
|-damage|p1a: Corviknight|28/100
|-damage|p2a: Hoopa|91/100|[from] item: Life Orb
|move|p1a: Corviknight|U-turn|p2a: Hoopa
|-supereffective|p2a: Hoopa
|-damage|p2a: Hoopa|0 fnt
|faint|p2a: Hoopa
|
|t:|1776080602
|switch|p1a: Alomomola|Alomomola, F|100/100|[from] U-turn
|
|upkeep
|
|t:|1776080606
|switch|p2a: Ogerpon|Ogerpon-Cornerstone, F|100/100
|turn|2
|
|t:|1776080610
|switch|p1a: Weezing|Weezing-Galar, F|100/100
|-ability|p1a: Weezing|Neutralizing Gas
|move|p2a: Ogerpon|Power Whip|p1a: Weezing|[miss]
|-miss|p2a: Ogerpon|p1a: Weezing
|
|upkeep
|turn|3
|
|t:|1776080614
|switch|p2a: Deoxys|Deoxys-Speed|100/100
|move|p1a: Weezing|Will-O-Wisp|p2a: Deoxys
|-status|p2a: Deoxys|brn
|
|-damage|p2a: Deoxys|94/100 brn|[from] brn
|upkeep
|turn|4
|
|t:|1776080618
|-end|p1a: Weezing|ability: Neutralizing Gas
|-ability|p2a: Deoxys|Pressure
|switch|p1a: Ting-Lu|Ting-Lu|100/100
|-ability|p1a: Ting-Lu|Vessel of Ruin
|move|p2a: Deoxys|Knock Off|p1a: Ting-Lu
|-resisted|p1a: Ting-Lu
|-damage|p1a: Ting-Lu|96/100
|-enditem|p1a: Ting-Lu|Leftovers|[from] move: Knock Off|[of] p2a: Deoxys
|-damage|p2a: Deoxys|84/100 brn|[from] item: Life Orb
|
|-damage|p2a: Deoxys|78/100 brn|[from] brn
|upkeep
|turn|5
|
|t:|1776080624
|switch|p2a: Ogerpon|Ogerpon-Cornerstone, F|100/100
|move|p1a: Ting-Lu|Stealth Rock|p2a: Ogerpon
|-sidestart|p2: ykykp|move: Stealth Rock
|
|upkeep
|turn|6
|
|t:|1776080627
|move|p2a: Ogerpon|Knock Off|p1a: Ting-Lu
|-resisted|p1a: Ting-Lu
|-damage|p1a: Ting-Lu|89/100
|move|p1a: Ting-Lu|Earthquake|p2a: Ogerpon
|-damage|p2a: Ogerpon|54/100
|
|upkeep
|turn|7
|
|t:|1776080631
|move|p2a: Ogerpon|Power Whip|p1a: Ting-Lu|[miss]
|-miss|p2a: Ogerpon|p1a: Ting-Lu
|move|p1a: Ting-Lu|Earthquake|p2a: Ogerpon
|-damage|p2a: Ogerpon|2/100
|
|upkeep
|turn|8
|
|t:|1776080637
|switch|p1a: Weezing|Weezing-Galar, F|100/100
|-ability|p1a: Weezing|Neutralizing Gas
|move|p2a: Ogerpon|Knock Off|p1a: Weezing
|-resisted|p1a: Weezing
|-crit|p1a: Weezing
|-damage|p1a: Weezing|76/100
|-enditem|p1a: Weezing|Leftovers|[from] move: Knock Off|[of] p2a: Ogerpon
|
|upkeep
|turn|9
|
|t:|1776080644
|move|p2a: Ogerpon|Ivy Cudgel|p1a: Weezing|[anim] Ivy Cudgel Rock
|-damage|p1a: Weezing|31/100
|move|p1a: Weezing|Will-O-Wisp|p2a: Ogerpon
|-status|p2a: Ogerpon|brn
|
|-damage|p2a: Ogerpon|0 fnt|[from] brn
|faint|p2a: Ogerpon
|upkeep
|
|t:|1776080650
|switch|p2a: Maushold|Maushold-Four|100/100
|-damage|p2a: Maushold|88/100|[from] Stealth Rock
|turn|10
|
|t:|1776080655
|-end|p1a: Weezing|ability: Neutralizing Gas
|switch|p1a: Alomomola|Alomomola, F|100/100
|move|p2a: Maushold|Population Bomb|p1a: Alomomola
|-damage|p1a: Alomomola|94/100
|-damage|p2a: Maushold|71/100|[from] item: Rocky Helmet|[of] p1a: Alomomola
|-damage|p1a: Alomomola|89/100
|-damage|p2a: Maushold|55/100|[from] item: Rocky Helmet|[of] p1a: Alomomola
|-damage|p1a: Alomomola|82/100
|-damage|p2a: Maushold|38/100|[from] item: Rocky Helmet|[of] p1a: Alomomola
|-damage|p1a: Alomomola|77/100
|-damage|p2a: Maushold|22/100|[from] item: Rocky Helmet|[of] p1a: Alomomola
|-damage|p1a: Alomomola|70/100
|-damage|p2a: Maushold|5/100|[from] item: Rocky Helmet|[of] p1a: Alomomola
|-damage|p1a: Alomomola|65/100
|-damage|p2a: Maushold|0 fnt|[from] item: Rocky Helmet|[of] p1a: Alomomola
|faint|p2a: Maushold
|-hitcount|p1a: Alomomola|6
|
|upkeep
|
|t:|1776080660
|switch|p2a: Deoxys|Deoxys-Speed|78/100 brn
|-damage|p2a: Deoxys|66/100 brn|[from] Stealth Rock
|-ability|p2a: Deoxys|Pressure
|turn|11
|
|t:|1776080665
|move|p1a: Alomomola|Protect|p1a: Alomomola
|-singleturn|p1a: Alomomola|Protect
|move|p2a: Deoxys|Psycho Boost|p1a: Alomomola
|-activate|p1a: Alomomola|move: Protect
|
|-damage|p2a: Deoxys|59/100 brn|[from] brn
|upkeep
|turn|12
|
|t:|1776080668
|switch|p1a: Ting-Lu|Ting-Lu|89/100
|-ability|p1a: Ting-Lu|Vessel of Ruin
|move|p2a: Deoxys|Superpower|p1a: Ting-Lu
|-supereffective|p1a: Ting-Lu
|-damage|p1a: Ting-Lu|65/100
|-unboost|p2a: Deoxys|atk|1
|-unboost|p2a: Deoxys|def|1
|-damage|p2a: Deoxys|49/100 brn|[from] item: Life Orb
|
|-damage|p2a: Deoxys|43/100 brn|[from] brn
|upkeep
|turn|13
|
|t:|1776080672
|move|p2a: Deoxys|Ice Beam|p1a: Ting-Lu
|-supereffective|p1a: Ting-Lu
|-damage|p1a: Ting-Lu|38/100
|-damage|p2a: Deoxys|33/100 brn|[from] item: Life Orb
|move|p1a: Ting-Lu|Ruination|p2a: Deoxys
|-damage|p2a: Deoxys|17/100 brn
|
|-damage|p2a: Deoxys|11/100 brn|[from] brn
|upkeep
|turn|14
|-message|ykykp forfeited.
|
|win|Wozzathesexygod
|raw|Wozzathesexygod's rating: 1586 &rarr; <strong>1612</strong><br />(+26 for winning)
|raw|ykykp's rating: 1697 &rarr; <strong>1671</strong><br />(-26 for losing)
|l|☆ykykp
|player|p2|
