|html|<div class="broadcast-blue"><strong>[Gen 9] OU is currently suspecting Tera Blast! For information on how to participate check out the <a href="https://www.smogon.com/tools/suspects/view/200">suspect thread</a>.</strong></div>
|j|☆keo209
|j|☆pekkitou
|t:|1776116411
|gametype|singles
|player|p1|keo209|2|1126
|player|p2|pekkitou|170|1131
|gen|9
|tier|[Gen 9] OU
|rated|
|rule|HP Percentage Mod: HP is shown in percentages
|rule|Endless Battle Clause: Forcing endless battles is banned
|rule|Species Clause: Limit one of each Pokémon
|rule|OHKO Clause: OHKO moves are banned
|rule|Evasion Items Clause: Evasion items are banned
|rule|Evasion Moves Clause: Evasion moves are banned
|rule|Evasion Abilities Clause: Evasion abilities are banned
|rule|Sleep Moves Clause: Sleep-inducing moves are banned
|clearpoke
|poke|p1|Maushold-Four|
|poke|p1|Azumarill, F|
|poke|p1|Zamazenta-*|
|poke|p1|Dondozo, M|
|poke|p1|Gholdengo|
|poke|p1|Greninja-*, M|
|poke|p2|Flamigo, M|
|poke|p2|Landorus-Therian, M|
|poke|p2|Blissey, F|
|poke|p2|Pecharunt|
|poke|p2|Samurott-Hisui, M|
|poke|p2|Latios, M|
|teampreview
|inactive|Battle timer is ON: inactive players will automatically lose when time's up. (requested by pekkitou)
|
|t:|1776116423
|teamsize|p1|6
|teamsize|p2|6
|start
|switch|p1a: Money man|Gholdengo|100/100
|switch|p2a: Samurott|Samurott-Hisui, M, shiny|100/100
|turn|1
|
|t:|1776116431
|move|p1a: Money man|Trick|p2a: Samurott
|-activate|p1a: Money man|move: Trick|[of] p2a: Samurott
|-item|p2a: Samurott|Choice Band|[from] move: Trick
|-item|p1a: Money man|Heavy-Duty Boots|[from] move: Trick
|move|p2a: Samurott|Knock Off|p1a: Money man
|-supereffective|p1a: Money man
|-damage|p1a: Money man|0 fnt
|-enditem|p1a: Money man|Heavy-Duty Boots|[from] move: Knock Off|[of] p2a: Samurott
|faint|p1a: Money man
|
|upkeep
|
|t:|1776116449
|switch|p1a: The rats of doom|Maushold-Four, shiny|100/100
|turn|2
|
|t:|1776116452
|move|p1a: The rats of doom|Population Bomb|p2a: Samurott
|-damage|p2a: Samurott|87/100
|-damage|p2a: Samurott|74/100
|-damage|p2a: Samurott|59/100
|-damage|p2a: Samurott|46/100
|-damage|p2a: Samurott|32/100
|-damage|p2a: Samurott|17/100
|-damage|p2a: Samurott|2/100
|-crit|p2a: Samurott
|-damage|p2a: Samurott|0 fnt
|faint|p2a: Samurott
|-hitcount|p2: Samurott|8
|
|upkeep
|
|t:|1776116459
|switch|p2a: Landorus|Landorus-Therian, M|100/100
|-ability|p2a: Landorus|Intimidate|boost
|-unboost|p1a: The rats of doom|atk|1
|turn|3
|
|t:|1776116468
|move|p2a: Landorus|U-turn|p1a: The rats of doom
|-damage|p1a: The rats of doom|61/100
|
|t:|1776116473
|switch|p2a: Pecharunt|Pecharunt|100/100|[from] U-turn
|move|p1a: The rats of doom|Tidy Up|p1a: The rats of doom
|-boost|p1a: The rats of doom|atk|1
|-boost|p1a: The rats of doom|spe|1
|
|upkeep
|turn|4
|
|t:|1776116480
|move|p1a: The rats of doom|Crunch|p2a: Pecharunt
|-supereffective|p2a: Pecharunt
|-damage|p2a: Pecharunt|81/100
|move|p2a: Pecharunt|Malignant Chain|p1a: The rats of doom
|-damage|p1a: The rats of doom|11/100
|
|upkeep
|turn|5
|
|t:|1776116488
|move|p1a: The rats of doom|Crunch|p2a: Pecharunt
|-supereffective|p2a: Pecharunt
|-damage|p2a: Pecharunt|63/100
|-unboost|p2a: Pecharunt|def|1
|move|p2a: Pecharunt|Malignant Chain|p1a: The rats of doom
|-damage|p1a: The rats of doom|0 fnt
|faint|p1a: The rats of doom
|
|upkeep
|
|t:|1776116501
|switch|p1a: Greninja|Greninja, M|100/100
|turn|6
|
|t:|1776116510
|switch|p2a: Blissey|Blissey, F|100/100
|move|p1a: Greninja|Water Shuriken|p2a: Blissey
|-damage|p2a: Blissey|98/100
|-crit|p2a: Blissey
|-damage|p2a: Blissey|95/100
|-damage|p2a: Blissey|93/100
|-damage|p2a: Blissey|91/100
|-hitcount|p2a: Blissey|4
|
|upkeep
|turn|7
|inactive|keo209 has 120 seconds left.
|
|t:|1776116559
|-terastallize|p1a: Greninja|Poison
|move|p1a: Greninja|Sludge Wave|p2a: Blissey
|-damage|p2a: Blissey|77/100
|move|p2a: Blissey|Thunder Wave|p1a: Greninja
|-status|p1a: Greninja|par
|
|upkeep
|turn|8
|
|t:|1776116570
|move|p1a: Greninja|Sludge Wave|p2a: Blissey
|-damage|p2a: Blissey|64/100
|move|p2a: Blissey|Stealth Rock|p1a: Greninja
|-sidestart|p1: keo209|move: Stealth Rock
|
|upkeep
|turn|9
|
|t:|1776116577
|move|p1a: Greninja|Sludge Wave|p2a: Blissey
|-damage|p2a: Blissey|51/100
|move|p2a: Blissey|Soft-Boiled|p2a: Blissey
|-heal|p2a: Blissey|100/100
|
|upkeep
|turn|10
|
|t:|1776116584
|switch|p1a: Feartheeggrabbit|Azumarill, F, shiny|100/100
|-damage|p1a: Feartheeggrabbit|88/100|[from] Stealth Rock
|move|p2a: Blissey|Seismic Toss|p1a: Feartheeggrabbit
|-damage|p1a: Feartheeggrabbit|59/100
|
|upkeep
|turn|11
|inactive|keo209 has 120 seconds left.
|
|t:|1776116593
|switch|p2a: Pecharunt|Pecharunt|63/100
|move|p1a: Feartheeggrabbit|Belly Drum|p1a: Feartheeggrabbit
|-damage|p1a: Feartheeggrabbit|9/100
|-setboost|p1a: Feartheeggrabbit|atk|6|[from] move: Belly Drum
|-enditem|p1a: Feartheeggrabbit|Sitrus Berry|[eat]
|-heal|p1a: Feartheeggrabbit|34/100|[from] item: Sitrus Berry
|
|upkeep
|turn|12
|inactive|keo209 has 120 seconds left.
|
|t:|1776116608
|move|p1a: Feartheeggrabbit|Aqua Jet|p2a: Pecharunt
|-damage|p2a: Pecharunt|20/100
|move|p2a: Pecharunt|Malignant Chain|p1a: Feartheeggrabbit
|-supereffective|p1a: Feartheeggrabbit
|-crit|p1a: Feartheeggrabbit
|-damage|p1a: Feartheeggrabbit|0 fnt
|faint|p1a: Feartheeggrabbit
|
|upkeep
|inactive|keo209 has 120 seconds left.
|
|t:|1776116622
|switch|p1a: Greninja|Greninja, M, tera:Poison|100/100 par
|-damage|p1a: Greninja|88/100 par|[from] Stealth Rock
|turn|13
|inactive|keo209 has 120 seconds left.
|
|t:|1776116633
|switch|p2a: Blissey|Blissey, F|100/100
|move|p1a: Greninja|Water Shuriken|p2a: Blissey
|-damage|p2a: Blissey|98/100
|-damage|p2a: Blissey|96/100
|-damage|p2a: Blissey|94/100
|-damage|p2a: Blissey|92/100
|-hitcount|p2a: Blissey|4
|
|upkeep
|turn|14
|inactive|keo209 has 120 seconds left.
|
|t:|1776116645
|switch|p1a: Lil Pete|Zamazenta|100/100
|-damage|p1a: Lil Pete|94/100|[from] Stealth Rock
|-ability|p1a: Lil Pete|Dauntless Shield|boost
|-boost|p1a: Lil Pete|def|1
|move|p2a: Blissey|Seismic Toss|p1a: Lil Pete
|-damage|p1a: Lil Pete|69/100
|
|-heal|p1a: Lil Pete|75/100|[from] item: Leftovers
|upkeep
|turn|15
|
|t:|1776116655
|switch|p2a: Pecharunt|Pecharunt|20/100
|move|p1a: Lil Pete|Body Press|p2a: Pecharunt
|-immune|p2a: Pecharunt
|
|-heal|p1a: Lil Pete|81/100|[from] item: Leftovers
|upkeep
|turn|16
|
|t:|1776116663
|move|p1a: Lil Pete|Crunch|p2a: Pecharunt
|-supereffective|p2a: Pecharunt
|-damage|p2a: Pecharunt|0 fnt
|faint|p2a: Pecharunt
|
|-heal|p1a: Lil Pete|87/100|[from] item: Leftovers
|upkeep
|
|t:|1776116666
|switch|p2a: Landorus|Landorus-Therian, M|100/100
|-ability|p2a: Landorus|Intimidate|boost
|-unboost|p1a: Lil Pete|atk|1
|turn|17
|
|t:|1776116673
|move|p2a: Landorus|Earthquake|p1a: Lil Pete
|-damage|p1a: Lil Pete|55/100
|move|p1a: Lil Pete|Crunch|p2a: Landorus
|-damage|p2a: Landorus|76/100
|-unboost|p2a: Landorus|def|1
|
|-heal|p1a: Lil Pete|62/100|[from] item: Leftovers
|upkeep
|turn|18
|
|t:|1776116689
|move|p2a: Landorus|Earthquake|p1a: Lil Pete
|-damage|p1a: Lil Pete|34/100
|move|p1a: Lil Pete|Iron Defense|p1a: Lil Pete
|-boost|p1a: Lil Pete|def|2
|
|-heal|p1a: Lil Pete|40/100|[from] item: Leftovers
|upkeep
|turn|19
|
|t:|1776116698
|move|p2a: Landorus|Earthquake|p1a: Lil Pete
|-damage|p1a: Lil Pete|21/100
|move|p1a: Lil Pete|Iron Defense|p1a: Lil Pete
|-boost|p1a: Lil Pete|def|2
|
|-heal|p1a: Lil Pete|27/100|[from] item: Leftovers
|upkeep
|turn|20
|
|t:|1776116705
|move|p2a: Landorus|Earthquake|p1a: Lil Pete
|-damage|p1a: Lil Pete|14/100
|move|p1a: Lil Pete|Rest|p1a: Lil Pete
|-status|p1a: Lil Pete|slp|[from] move: Rest
|-heal|p1a: Lil Pete|100/100 slp|[silent]
|
|upkeep
|turn|21
|c|☆pekkitou|ok dud
|c|☆pekkitou|this one is so fucking annoyinh
|
|t:|1776116724
|switch|p2a: Latios|Latios, M, shiny|100/100
|cant|p1a: Lil Pete|slp
|
|upkeep
|turn|22
|
|t:|1776116738
|move|p2a: Latios|Psychic Noise|p1a: Lil Pete
|-supereffective|p1a: Lil Pete
|-damage|p1a: Lil Pete|35/100 slp
|-start|p1a: Lil Pete|move: Heal Block
|cant|p1a: Lil Pete|slp
|
|upkeep
|turn|23
|
|t:|1776116747
|move|p2a: Latios|Psychic Noise|p1a: Lil Pete
|-supereffective|p1a: Lil Pete
|-damage|p1a: Lil Pete|0 fnt
|faint|p1a: Lil Pete
|
|upkeep
|
|t:|1776116753
|switch|p1a: Greninja|Greninja, M, tera:Poison|88/100 par
|-damage|p1a: Greninja|76/100 par|[from] Stealth Rock
|turn|24
|
|t:|1776116759
|switch|p2a: Blissey|Blissey, F|92/100
|cant|p1a: Greninja|par
|
|upkeep
|turn|25
|
|t:|1776116765
|cant|p1a: Greninja|par
|move|p2a: Blissey|Seismic Toss|p1a: Greninja
|-damage|p1a: Greninja|41/100 par
|
|upkeep
|turn|26
|
|t:|1776116772
|move|p1a: Greninja|Sludge Wave|p2a: Blissey
|-damage|p2a: Blissey|79/100
|move|p2a: Blissey|Seismic Toss|p1a: Greninja
|-damage|p1a: Greninja|6/100 par
|
|upkeep
|turn|27
|
|t:|1776116781
|move|p1a: Greninja|Sludge Wave|p2a: Blissey
|-damage|p2a: Blissey|66/100
|move|p2a: Blissey|Seismic Toss|p1a: Greninja
|-damage|p1a: Greninja|0 fnt
|faint|p1a: Greninja
|
|upkeep
|
|t:|1776116787
|switch|p1a: The sweeper stoper|Dondozo, M|100/100
|-damage|p1a: The sweeper stoper|88/100|[from] Stealth Rock
|turn|28
|
|t:|1776116794
|move|p2a: Blissey|Thunder Wave|p1a: The sweeper stoper
|-status|p1a: The sweeper stoper|par
|cant|p1a: The sweeper stoper|par
|
|-heal|p1a: The sweeper stoper|94/100 par|[from] item: Leftovers
|upkeep
|turn|29
|
|t:|1776116801
|move|p2a: Blissey|Seismic Toss|p1a: The sweeper stoper
|-damage|p1a: The sweeper stoper|74/100 par
|move|p1a: The sweeper stoper|Liquidation|p2a: Blissey
|-damage|p2a: Blissey|31/100
|
|-heal|p1a: The sweeper stoper|81/100 par|[from] item: Leftovers
|upkeep
|turn|30
|
|t:|1776116810
|switch|p2a: Landorus|Landorus-Therian, M|76/100
|-ability|p2a: Landorus|Intimidate|boost
|-unboost|p1a: The sweeper stoper|atk|1
|cant|p1a: The sweeper stoper|par
|
|-heal|p1a: The sweeper stoper|87/100 par|[from] item: Leftovers
|upkeep
|turn|31
|
|t:|1776116825
|move|p2a: Landorus|Grass Knot|p1a: The sweeper stoper
|-supereffective|p1a: The sweeper stoper
|-damage|p1a: The sweeper stoper|28/100 par
|move|p1a: The sweeper stoper|Liquidation|p2a: Landorus
|-supereffective|p2a: Landorus
|-damage|p2a: Landorus|30/100
|-unboost|p2a: Landorus|def|1
|
|-heal|p1a: The sweeper stoper|34/100 par|[from] item: Leftovers
|upkeep
|turn|32
|-message|keo209 forfeited.
|
|win|pekkitou
|raw|keo209's rating: 1126 &rarr; <strong>1101</strong><br />(-25 for losing)
|raw|pekkitou's rating: 1131 &rarr; <strong>1156</strong><br />(+25 for winning)
|l|☆keo209
|player|p1|
|c|☆pekkitou|ggs
