|html|<div class="broadcast-blue"><strong>[Gen 9] OU is currently suspecting Tera Blast! For information on how to participate check out the <a href="https://www.smogon.com/tools/suspects/view/200">suspect thread</a>.</strong></div>
|j|‽crumbcrumbcrumb
|j|☆kilobyt3
|t:|1776056591
|gametype|singles
|player|p1|crumbcrumbcrumb|clown|1184
|player|p2|kilobyt3|gambler|1199
|gen|9
|tier|[Gen 9] OU
|rated|
|rule|HP Percentage Mod: HP is shown in percentages
|rule|Endless Battle Clause: Forcing endless battles is banned
|rule|Species Clause: Limit one of each Pokémon
|rule|OHKO Clause: OHKO moves are banned
|rule|Evasion Items Clause: Evasion items are banned
|rule|Evasion Moves Clause: Evasion moves are banned
|rule|Evasion Abilities Clause: Evasion abilities are banned
|rule|Sleep Moves Clause: Sleep-inducing moves are banned
|clearpoke
|poke|p1|Slowking-Galar, M|
|poke|p1|Kyurem|
|poke|p1|Great Tusk|
|poke|p1|Samurott-Hisui, F|
|poke|p1|Landorus-Therian, M|
|poke|p1|Dragapult, M|
|poke|p2|Hoopa|
|poke|p2|Goodra-Hisui, F|
|poke|p2|Zapdos-Galar|
|poke|p2|Forretress, M|
|poke|p2|Jirachi|
|poke|p2|Volcanion|
|teampreview
|
|t:|1776056605
|teamsize|p1|6
|teamsize|p2|6
|start
|switch|p1a: Samurott|Samurott-Hisui, F|100/100
|switch|p2a: sturdy goober|Forretress, M|100/100
|turn|1
|
|t:|1776056615
|move|p1a: Samurott|Ceaseless Edge|p2a: sturdy goober
|-damage|p2a: sturdy goober|78/100
|-sidestart|p2: kilobyt3|Spikes
|move|p2a: sturdy goober|Stealth Rock|p1a: Samurott
|-sidestart|p1: crumbcrumbcrumb|move: Stealth Rock
|
|upkeep
|turn|2
|
|t:|1776056626
|move|p1a: Samurott|Ceaseless Edge|p2a: sturdy goober
|-damage|p2a: sturdy goober|55/100
|-sidestart|p2: kilobyt3|Spikes
|move|p2a: sturdy goober|Rapid Spin|p1a: Samurott
|-damage|p1a: Samurott|89/100
|-boost|p2a: sturdy goober|spe|1
|-sideend|p2: kilobyt3|Spikes|[from] move: Rapid Spin|[of] p2a: sturdy goober
|
|upkeep
|turn|3
|
|t:|1776056634
|switch|p2a: galarian goober|Zapdos-Galar|100/100
|move|p1a: Samurott|Knock Off|p2a: galarian goober
|-resisted|p2a: galarian goober
|-crit|p2a: galarian goober
|-damage|p2a: galarian goober|62/100
|-enditem|p2a: galarian goober|Life Orb|[from] move: Knock Off|[of] p1a: Samurott
|
|upkeep
|turn|4
|
|t:|1776056653
|move|p2a: galarian goober|U-turn|p1a: Samurott
|-supereffective|p1a: Samurott
|-damage|p1a: Samurott|38/100
|
|t:|1776056660
|switch|p2a: sturdy goober|Forretress, M|55/100|[from] U-turn
|move|p1a: Samurott|Razor Shell|p2a: sturdy goober|[miss]
|-miss|p1a: Samurott|p2a: sturdy goober
|
|upkeep
|turn|5
|
|t:|1776056678
|switch|p1a: Dragapult|Dragapult, M|100/100
|-damage|p1a: Dragapult|88/100|[from] Stealth Rock
|move|p2a: sturdy goober|Spikes|p1a: Dragapult
|-sidestart|p1: crumbcrumbcrumb|Spikes
|
|upkeep
|turn|6
|
|t:|1776056685
|move|p1a: Dragapult|Flamethrower|p2a: sturdy goober
|-supereffective|p2a: sturdy goober
|-damage|p2a: sturdy goober|0 fnt
|faint|p2a: sturdy goober
|
|upkeep
|inactive|Battle timer is ON: inactive players will automatically lose when time's up. (requested by crumbcrumbcrumb)
|
|t:|1776056693
|switch|p2a: gooey goober|Goodra-Hisui, F|100/100
|turn|7
|
|t:|1776056705
|switch|p1a: Landorus|Landorus-Therian, M|100/100
|-damage|p1a: Landorus|88/100|[from] Stealth Rock
|-ability|p1a: Landorus|Intimidate|boost
|-unboost|p2a: gooey goober|atk|1
|move|p2a: gooey goober|Dragon Tail|p1a: Landorus
|-damage|p1a: Landorus|71/100
|-damage|p2a: gooey goober|84/100|[from] item: Rocky Helmet|[of] p1a: Landorus
|drag|p1a: Kyurem|Kyurem|100/100
|-damage|p1a: Kyurem|76/100|[from] Stealth Rock
|-damage|p1a: Kyurem|63/100|[from] Spikes
|-ability|p1a: Kyurem|Pressure
|
|upkeep
|turn|8
|
|t:|1776056721
|move|p1a: Kyurem|Earth Power|p2a: gooey goober
|-supereffective|p2a: gooey goober
|-damage|p2a: gooey goober|42/100
|move|p2a: gooey goober|Flash Cannon|p1a: Kyurem
|-supereffective|p1a: Kyurem
|-damage|p1a: Kyurem|0 fnt
|faint|p1a: Kyurem
|
|upkeep
|
|t:|1776056732
|switch|p1a: Landorus|Landorus-Therian, M|71/100
|-damage|p1a: Landorus|59/100|[from] Stealth Rock
|-ability|p1a: Landorus|Intimidate|boost
|-unboost|p2a: gooey goober|atk|1
|turn|9
|
|t:|1776056750
|switch|p2a: galarian goober|Zapdos-Galar|62/100
|move|p1a: Landorus|Earthquake|p2a: galarian goober
|-immune|p2a: galarian goober
|
|upkeep
|turn|10
|
|t:|1776056757
|move|p2a: galarian goober|Brave Bird|p1a: Landorus
|-damage|p1a: Landorus|0 fnt
|-damage|p2a: galarian goober|46/100|[from] item: Rocky Helmet|[of] p1a: Landorus
|faint|p1a: Landorus
|-damage|p2a: galarian goober|27/100|[from] Recoil
|
|upkeep
|-message|crumbcrumbcrumb forfeited.
|
|win|kilobyt3
|raw|crumbcrumbcrumb's rating: 1184 &rarr; <strong>1160</strong><br />(-24 for losing)
|raw|kilobyt3's rating: 1199 &rarr; <strong>1223</strong><br />(+24 for winning)
|l|‽crumbcrumbcrumb
|player|p1|
|l|☆kilobyt3
|player|p2|
