|html|<div class="broadcast-blue"><strong>[Gen 9] OU is currently suspecting Tera Blast! For information on how to participate check out the <a href="https://www.smogon.com/tools/suspects/view/200">suspect thread</a>.</strong></div>
|j|☆Skyla8987
|j|☆fuckdhelmis000
|t:|1776278500
|gametype|singles
|player|p1|Skyla8987|skyla|1140
|player|p2|fuckdhelmis000|dawn|1182
|gen|9
|tier|[Gen 9] OU
|rated|
|rule|HP Percentage Mod: HP is shown in percentages
|rule|Endless Battle Clause: Forcing endless battles is banned
|rule|Species Clause: Limit one of each Pokémon
|rule|OHKO Clause: OHKO moves are banned
|rule|Evasion Items Clause: Evasion items are banned
|rule|Evasion Moves Clause: Evasion moves are banned
|rule|Evasion Abilities Clause: Evasion abilities are banned
|rule|Sleep Moves Clause: Sleep-inducing moves are banned
|clearpoke
|poke|p1|Ceruledge, F|
|poke|p1|Serperior, M|
|poke|p1|Zamazenta-*|
|poke|p1|Quaquaval, M|
|poke|p1|Darkrai|
|poke|p1|Iron Valiant|
|poke|p2|Ceruledge, F|
|poke|p2|Indeedee, M|
|poke|p2|Hatterene, F|
|poke|p2|Great Tusk|
|poke|p2|Dragonite, F|
|poke|p2|Deoxys-Speed|
|teampreview
|inactive|Battle timer is ON: inactive players will automatically lose when time's up. (requested by Skyla8987)
|
|t:|1776278521
|teamsize|p1|6
|teamsize|p2|6
|start
|switch|p1a: Quaquaval|Quaquaval, M|100/100
|switch|p2a: Indeedee|Indeedee, M|100/100
|-fieldstart|move: Psychic Terrain|[from] ability: Psychic Surge|[of] p2a: Indeedee
|turn|1
|inactive|fuckdhelmis000 has 120 seconds left.
|
|t:|1776278552
|move|p2a: Indeedee|Expanding Force|p1a: Quaquaval
|-supereffective|p1a: Quaquaval
|-crit|p1a: Quaquaval
|-enditem|p1a: Quaquaval|Focus Sash
|-damage|p1a: Quaquaval|1/100
|move|p1a: Quaquaval|Aqua Step|p2a: Indeedee
|-damage|p2a: Indeedee|9/100
|-boost|p1a: Quaquaval|spe|1
|
|upkeep
|turn|2
|
|t:|1776278563
|switch|p2a: Hatterene|Hatterene, F|100/100
|move|p1a: Quaquaval|Aqua Step|p2a: Hatterene
|-damage|p2a: Hatterene|64/100
|-boost|p1a: Quaquaval|spe|1
|-enditem|p2a: Hatterene|Eject Button
|
|t:|1776278576
|switch|p2a: Dragonite|Dragonite, F|100/100
|
|upkeep
|turn|3
|
|t:|1776278581
|move|p1a: Quaquaval|Aqua Jet|p2a: Dragonite
|-hint|Psychic Terrain doesn't affect airborne Pokémon.
|-resisted|p2a: Dragonite
|-damage|p2a: Dragonite|95/100
|move|p2a: Dragonite|Earthquake|p1a: Quaquaval
|-damage|p1a: Quaquaval|0 fnt
|faint|p1a: Quaquaval
|
|upkeep
|
|t:|1776278589
|switch|p1a: Ceruledge|Ceruledge, F, shiny|100/100
|turn|4
|
|t:|1776278614
|switch|p2a: Deoxys|Deoxys-Speed|100/100
|-ability|p2a: Deoxys|Pressure
|-terastallize|p1a: Ceruledge|Flying
|move|p1a: Ceruledge|Swords Dance|p1a: Ceruledge
|-boost|p1a: Ceruledge|atk|2
|
|upkeep
|turn|5
|
|t:|1776278623
|move|p2a: Deoxys|Expanding Force|p1a: Ceruledge
|-enditem|p1a: Ceruledge|Focus Sash
|-damage|p1a: Ceruledge|1/100
|-damage|p2a: Deoxys|91/100|[from] item: Life Orb
|move|p1a: Ceruledge|Swords Dance|p1a: Ceruledge
|-boost|p1a: Ceruledge|atk|2
|
|upkeep
|turn|6
|
|t:|1776278631
|move|p1a: Ceruledge|Shadow Sneak|p2a: Deoxys
|-activate|p2a: Deoxys|move: Psychic Terrain
|move|p2a: Deoxys|Thunderbolt|p1a: Ceruledge
|-supereffective|p1a: Ceruledge
|-damage|p1a: Ceruledge|0 fnt
|faint|p1a: Ceruledge
|-damage|p2a: Deoxys|81/100|[from] item: Life Orb
|
|upkeep
|
|t:|1776278638
|switch|p1a: Serperior|Serperior, M|100/100
|turn|7
|
|t:|1776278642
|move|p1a: Serperior|Leaf Storm|p2a: Deoxys
|-damage|p2a: Deoxys|12/100
|-boost|p1a: Serperior|spa|2
|move|p2a: Deoxys|Expanding Force|p1a: Serperior
|-damage|p1a: Serperior|0 fnt
|faint|p1a: Serperior
|-damage|p2a: Deoxys|2/100|[from] item: Life Orb
|
|upkeep
|
|t:|1776278651
|switch|p1a: Darkrai|Darkrai, shiny|100/100
|turn|8
|
|t:|1776278659
|switch|p2a: Indeedee|Indeedee, M|9/100
|move|p1a: Darkrai|Nasty Plot|p1a: Darkrai
|-boost|p1a: Darkrai|spa|2
|
|-fieldend|move: Psychic Terrain
|upkeep
|turn|9
|
|t:|1776278668
|move|p1a: Darkrai|Dark Pulse|p2a: Indeedee
|-supereffective|p2a: Indeedee
|-damage|p2a: Indeedee|0 fnt
|faint|p2a: Indeedee
|
|upkeep
|
|t:|1776278691
|switch|p2a: Deoxys|Deoxys-Speed|2/100
|-ability|p2a: Deoxys|Pressure
|turn|10
|
|t:|1776278695
|move|p2a: Deoxys|Focus Blast|p1a: Darkrai
|-supereffective|p1a: Darkrai
|-enditem|p1a: Darkrai|Focus Sash
|-damage|p1a: Darkrai|1/100
|-damage|p2a: Deoxys|0 fnt|[from] item: Life Orb
|faint|p2a: Deoxys
|move|p1a: Darkrai|Dark Pulse|p2: Deoxys|[notarget]
|-fail|p1a: Darkrai
|
|upkeep
|inactive|fuckdhelmis000 has 120 seconds left.
|inactive|fuckdhelmis000 has 90 seconds left.
|inactive|fuckdhelmis000 has 60 seconds left.
|
|t:|1776278788
|switch|p2a: Dragonite|Dragonite, F|95/100
|turn|11
|
|t:|1776278794
|move|p1a: Darkrai|Dark Pulse|p2a: Dragonite
|-damage|p2a: Dragonite|1/100
|move|p2a: Dragonite|Earthquake|p1a: Darkrai
|-damage|p1a: Darkrai|0 fnt
|faint|p1a: Darkrai
|
|upkeep
|
|t:|1776278803
|switch|p1a: Iron Valiant|Iron Valiant|100/100
|-enditem|p1a: Iron Valiant|Booster Energy
|-activate|p1a: Iron Valiant|ability: Quark Drive|[fromitem]
|-start|p1a: Iron Valiant|quarkdrivespe
|turn|12
|
|t:|1776278812
|move|p1a: Iron Valiant|Moonblast|p2a: Dragonite
|-supereffective|p2a: Dragonite
|-damage|p2a: Dragonite|0 fnt
|faint|p2a: Dragonite
|
|upkeep
|
|t:|1776278817
|switch|p2a: Hatterene|Hatterene, F|64/100
|turn|13
|
|t:|1776278823
|move|p1a: Iron Valiant|Moonblast|p2a: Hatterene
|-damage|p2a: Hatterene|13/100
|move|p2a: Hatterene|Draining Kiss|p1a: Iron Valiant
|-supereffective|p1a: Iron Valiant
|-damage|p1a: Iron Valiant|15/100
|-heal|p2a: Hatterene|72/100|[from] drain|[of] p1a: Iron Valiant
|
|upkeep
|turn|14
|inactive|fuckdhelmis000 has 90 seconds left.
|
|t:|1776278833
|move|p1a: Iron Valiant|Moonblast|p2a: Hatterene
|-damage|p2a: Hatterene|25/100
|-unboost|p2a: Hatterene|spa|1
|move|p2a: Hatterene|Draining Kiss|p1a: Iron Valiant
|-supereffective|p1a: Iron Valiant
|-damage|p1a: Iron Valiant|0 fnt
|-heal|p2a: Hatterene|35/100|[from] drain|[of] p1a: Iron Valiant
|faint|p1a: Iron Valiant
|-end|p1a: Iron Valiant|Quark Drive|[silent]
|
|upkeep
|
|t:|1776278842
|switch|p1a: Zamazenta|Zamazenta|100/100
|-ability|p1a: Zamazenta|Dauntless Shield|boost
|-boost|p1a: Zamazenta|def|1
|turn|15
|inactive|fuckdhelmis000 has 90 seconds left.
|
|t:|1776278858
|move|p1a: Zamazenta|Iron Head|p2a: Hatterene
|-supereffective|p2a: Hatterene
|-damage|p2a: Hatterene|0 fnt
|faint|p2a: Hatterene
|
|upkeep
|
|t:|1776278860
|switch|p2a: Ceruledge|Ceruledge, F|100/100
|turn|16
|
|t:|1776278867
|move|p1a: Zamazenta|Psychic Fangs|p2a: Ceruledge
|-damage|p2a: Ceruledge|62/100
|-ability|p2a: Ceruledge|Weak Armor|boost
|-unboost|p2a: Ceruledge|def|1
|-boost|p2a: Ceruledge|spe|2
|move|p2a: Ceruledge|Swords Dance|p2a: Ceruledge
|-boost|p2a: Ceruledge|atk|2
|
|upkeep
|turn|17
|
|t:|1776278875
|-terastallize|p2a: Ceruledge|Fairy
|move|p2a: Ceruledge|Tera Blast|p1a: Zamazenta|[anim] Tera Blast Fairy
|-supereffective|p1a: Zamazenta
|-damage|p1a: Zamazenta|4/100
|move|p1a: Zamazenta|Stone Edge|p2a: Ceruledge
|-damage|p2a: Ceruledge|0 fnt
|faint|p2a: Ceruledge
|
|upkeep
|
|t:|1776278878
|switch|p2a: Great Tusk|Great Tusk|100/100
|turn|18
|
|t:|1776278886
|move|p1a: Zamazenta|Psychic Fangs|p2a: Great Tusk
|-supereffective|p2a: Great Tusk
|-damage|p2a: Great Tusk|58/100
|move|p2a: Great Tusk|Ice Spinner|p1a: Zamazenta
|-damage|p1a: Zamazenta|0 fnt
|faint|p1a: Zamazenta
|
|win|fuckdhelmis000
|raw|Skyla8987's rating: 1140 &rarr; <strong>1120</strong><br />(-20 for losing)
|raw|fuckdhelmis000's rating: 1212 &rarr; <strong>1232</strong><br />(+20 for winning)
|l|☆Skyla8987
|player|p1|
