|html|<div class="broadcast-blue"><strong>[Gen 9] OU is currently suspecting Tera Blast! For information on how to participate check out the <a href="https://www.smogon.com/tools/suspects/view/200">suspect thread</a>.</strong></div>
|j|☆tapeonastick
|j|☆HoshinoRiko
|t:|1776040139
|gametype|singles
|player|p1|tapeonastick|101|1244
|player|p2|HoshinoRiko|marnie-masters3|1194
|gen|9
|tier|[Gen 9] OU
|rated|
|rule|HP Percentage Mod: HP is shown in percentages
|rule|Endless Battle Clause: Forcing endless battles is banned
|rule|Species Clause: Limit one of each Pokémon
|rule|OHKO Clause: OHKO moves are banned
|rule|Evasion Items Clause: Evasion items are banned
|rule|Evasion Moves Clause: Evasion moves are banned
|rule|Evasion Abilities Clause: Evasion abilities are banned
|rule|Sleep Moves Clause: Sleep-inducing moves are banned
|clearpoke
|poke|p1|Samurott-Hisui, F|
|poke|p1|Iron Valiant|
|poke|p1|Pecharunt|
|poke|p1|Reuniclus, F|
|poke|p1|Darkrai|
|poke|p1|Kingambit, F|
|poke|p2|Ceruledge, M|
|poke|p2|Toedscruel, M|
|poke|p2|Kyurem|
|poke|p2|Tyranitar, M|
|poke|p2|Pecharunt|
|poke|p2|Rillaboom, M|
|teampreview
|inactive|Battle timer is ON: inactive players will automatically lose when time's up. (requested by tapeonastick)
|
|t:|1776040154
|teamsize|p1|6
|teamsize|p2|6
|start
|switch|p1a: Valediction|Samurott-Hisui, F|100/100
|switch|p2a: Toedscruel|Toedscruel, M|100/100
|turn|1
|
|t:|1776040174
|move|p2a: Toedscruel|Giga Drain|p1a: Valediction
|-supereffective|p1a: Valediction
|-damage|p1a: Valediction|18/100
|move|p1a: Valediction|Taunt|p2a: Toedscruel
|-start|p2a: Toedscruel|move: Taunt
|
|upkeep
|turn|2
|
|t:|1776040189
|move|p2a: Toedscruel|Giga Drain|p1a: Valediction
|-supereffective|p1a: Valediction
|-damage|p1a: Valediction|0 fnt
|faint|p1a: Valediction
|
|upkeep
|
|t:|1776040196
|switch|p1a: Scarlet Devil|Darkrai|100/100
|turn|3
|
|t:|1776040206
|move|p1a: Scarlet Devil|Ice Beam|p2a: Toedscruel
|-supereffective|p2a: Toedscruel
|-damage|p2a: Toedscruel|0 fnt
|faint|p2a: Toedscruel
|
|upkeep
|
|t:|1776040216
|switch|p2a: Tyranitar|Tyranitar, M|100/100
|-weather|Sandstorm|[from] ability: Sand Stream|[of] p2a: Tyranitar
|turn|4
|
|t:|1776040226
|switch|p1a: Murasama|Kingambit, F|100/100
|-activate|p1a: Murasama|ability: Supreme Overlord
|-start|p1a: Murasama|fallen1|[silent]
|move|p2a: Tyranitar|Knock Off|p1a: Murasama
|-resisted|p1a: Murasama
|-damage|p1a: Murasama|74/100
|-enditem|p1a: Murasama|Weakness Policy|[from] move: Knock Off|[of] p2a: Tyranitar
|
|-weather|Sandstorm|[upkeep]
|upkeep
|turn|5
|
|t:|1776040250
|switch|p2a: Ceruledge|Ceruledge, M|100/100
|move|p1a: Murasama|Iron Head|p2a: Ceruledge
|-resisted|p2a: Ceruledge
|-damage|p2a: Ceruledge|67/100
|-ability|p2a: Ceruledge|Weak Armor|boost
|-unboost|p2a: Ceruledge|def|1
|-boost|p2a: Ceruledge|spe|2
|
|-weather|Sandstorm|[upkeep]
|-damage|p2a: Ceruledge|61/100|[from] Sandstorm
|upkeep
|turn|6
|
|t:|1776040262
|move|p1a: Murasama|Sucker Punch||[still]
|-fail|p1a: Murasama
|move|p2a: Ceruledge|Destiny Bond|p2a: Ceruledge
|-singlemove|p2a: Ceruledge|Destiny Bond
|
|-weather|Sandstorm|[upkeep]
|-damage|p2a: Ceruledge|55/100|[from] Sandstorm
|upkeep
|turn|7
|
|t:|1776040270
|move|p1a: Murasama|Sucker Punch|p2a: Ceruledge
|-supereffective|p2a: Ceruledge
|-damage|p2a: Ceruledge|0 fnt
|faint|p2a: Ceruledge
|-activate|p2a: Ceruledge|move: Destiny Bond
|faint|p1a: Murasama
|-end|p1a: Murasama|fallen1|[silent]
|
|-weather|Sandstorm|[upkeep]
|upkeep
|
|t:|1776040287
|switch|p2a: Kyurem|Kyurem|100/100
|switch|p1a: Mani Katti|Iron Valiant|100/100
|-ability|p2a: Kyurem|Pressure
|-enditem|p1a: Mani Katti|Booster Energy
|-activate|p1a: Mani Katti|ability: Quark Drive|[fromitem]
|-start|p1a: Mani Katti|quarkdrivespa
|turn|8
|
|t:|1776040301
|-terastallize|p2a: Kyurem|Fairy
|move|p1a: Mani Katti|Moonblast|p2a: Kyurem
|-damage|p2a: Kyurem|63/100
|move|p2a: Kyurem|Ice Beam|p1a: Mani Katti
|-damage|p1a: Mani Katti|20/100
|-status|p1a: Mani Katti|frz
|
|-weather|none
|upkeep
|turn|9
|
|t:|1776040313
|cant|p1a: Mani Katti|frz
|move|p2a: Kyurem|Ice Beam|p1a: Mani Katti
|-damage|p1a: Mani Katti|0 fnt
|faint|p1a: Mani Katti
|-end|p1a: Mani Katti|Quark Drive|[silent]
|
|upkeep
|
|t:|1776040317
|switch|p1a: Azathoth|Pecharunt|100/100
|turn|10
|
|t:|1776040323
|move|p1a: Azathoth|Malignant Chain|p2a: Kyurem
|-supereffective|p2a: Kyurem
|-crit|p2a: Kyurem
|-damage|p2a: Kyurem|3/100
|move|p2a: Kyurem|Earth Power|p1a: Azathoth
|-supereffective|p1a: Azathoth
|-crit|p1a: Azathoth
|-enditem|p1a: Azathoth|Shuca Berry|[eat]
|-enditem|p1a: Azathoth|Shuca Berry|[weaken]
|-damage|p1a: Azathoth|41/100
|
|upkeep
|turn|11
|
|t:|1776040335
|switch|p2a: Pecharunt|Pecharunt|100/100
|-item|p2a: Pecharunt|Air Balloon
|move|p1a: Azathoth|Malignant Chain|p2a: Pecharunt
|-resisted|p2a: Pecharunt
|-damage|p2a: Pecharunt|90/100
|-enditem|p2a: Pecharunt|Air Balloon
|
|upkeep
|turn|12
|
|t:|1776040344
|move|p2a: Pecharunt|Shadow Ball|p1a: Azathoth
|-supereffective|p1a: Azathoth
|-damage|p1a: Azathoth|0 fnt
|faint|p1a: Azathoth
|
|upkeep
|
|t:|1776040353
|switch|p1a: Scarlet Devil|Darkrai|100/100
|turn|13
|
|t:|1776040371
|switch|p2a: Tyranitar|Tyranitar, M|100/100
|-weather|Sandstorm|[from] ability: Sand Stream|[of] p2a: Tyranitar
|move|p1a: Scarlet Devil|Knock Off|p2a: Tyranitar
|-resisted|p2a: Tyranitar
|-damage|p2a: Tyranitar|82/100
|-enditem|p2a: Tyranitar|Choice Band|[from] move: Knock Off|[of] p1a: Scarlet Devil
|
|-weather|Sandstorm|[upkeep]
|-damage|p1a: Scarlet Devil|94/100|[from] Sandstorm
|upkeep
|turn|14
|
|t:|1776040384
|move|p1a: Scarlet Devil|Dark Pulse|p2a: Tyranitar
|-resisted|p2a: Tyranitar
|-damage|p2a: Tyranitar|65/100
|cant|p2a: Tyranitar|flinch
|
|-weather|Sandstorm|[upkeep]
|-damage|p1a: Scarlet Devil|88/100|[from] Sandstorm
|upkeep
|turn|15
|
|t:|1776040396
|move|p1a: Scarlet Devil|Dark Pulse|p2a: Tyranitar
|-resisted|p2a: Tyranitar
|-damage|p2a: Tyranitar|47/100
|move|p2a: Tyranitar|Low Kick|p1a: Scarlet Devil
|-supereffective|p1a: Scarlet Devil
|-damage|p1a: Scarlet Devil|12/100
|
|-weather|Sandstorm|[upkeep]
|-damage|p1a: Scarlet Devil|6/100|[from] Sandstorm
|upkeep
|turn|16
|
|t:|1776040406
|move|p1a: Scarlet Devil|Ice Beam|p2a: Tyranitar
|-damage|p2a: Tyranitar|27/100
|move|p2a: Tyranitar|Knock Off|p1a: Scarlet Devil
|-resisted|p1a: Scarlet Devil
|-damage|p1a: Scarlet Devil|0 fnt
|-enditem|p1a: Scarlet Devil|Black Glasses|[from] move: Knock Off|[of] p2a: Tyranitar
|faint|p1a: Scarlet Devil
|
|-weather|Sandstorm|[upkeep]
|upkeep
|
|t:|1776040411
|switch|p1a: Metastasis|Reuniclus, F|100/100
|turn|17
|
|t:|1776040416
|-terastallize|p1a: Metastasis|Fighting
|move|p2a: Tyranitar|Knock Off|p1a: Metastasis
|-resisted|p1a: Metastasis
|-damage|p1a: Metastasis|74/100
|-enditem|p1a: Metastasis|Life Orb|[from] move: Knock Off|[of] p2a: Tyranitar
|move|p1a: Metastasis|Trick Room|p1a: Metastasis
|-fieldstart|move: Trick Room|[of] p1a: Metastasis
|
|-weather|none
|upkeep
|turn|18
|
|t:|1776040437
|switch|p2a: Kyurem|Kyurem, tera:Fairy|3/100
|-ability|p2a: Kyurem|Pressure
|move|p1a: Metastasis|Focus Blast|p2a: Kyurem
|-resisted|p2a: Kyurem
|-damage|p2a: Kyurem|0 fnt
|faint|p2a: Kyurem
|
|upkeep
|inactive|HoshinoRiko has 120 seconds left.
|
|t:|1776040455
|switch|p2a: Pecharunt|Pecharunt|90/100
|turn|19
|
|t:|1776040460
|move|p1a: Metastasis|Psychic Noise|p2a: Pecharunt
|-supereffective|p2a: Pecharunt
|-damage|p2a: Pecharunt|11/100
|-start|p2a: Pecharunt|move: Heal Block
|move|p2a: Pecharunt|Malignant Chain|p1a: Metastasis
|-damage|p1a: Metastasis|49/100
|
|upkeep
|turn|20
|
|t:|1776040479
|switch|p2a: Tyranitar|Tyranitar, M|27/100
|-weather|Sandstorm|[from] ability: Sand Stream|[of] p2a: Tyranitar
|move|p1a: Metastasis|Recover|p1a: Metastasis
|-heal|p1a: Metastasis|99/100
|
|-weather|Sandstorm|[upkeep]
|upkeep
|turn|21
|
|t:|1776040489
|move|p1a: Metastasis|Focus Blast|p2a: Tyranitar|[miss]
|-miss|p1a: Metastasis|p2a: Tyranitar
|move|p2a: Tyranitar|Stone Edge|p1a: Metastasis
|-resisted|p1a: Metastasis
|-damage|p1a: Metastasis|71/100
|
|-weather|Sandstorm|[upkeep]
|-fieldend|move: Trick Room
|upkeep
|turn|22
|
|t:|1776040504
|move|p2a: Tyranitar|Ice Punch|p1a: Metastasis
|-damage|p1a: Metastasis|42/100
|move|p1a: Metastasis|Trick Room|p1a: Metastasis
|-fieldstart|move: Trick Room|[of] p1a: Metastasis
|
|-weather|Sandstorm|[upkeep]
|upkeep
|turn|23
|
|t:|1776040510
|move|p1a: Metastasis|Recover|p1a: Metastasis
|-heal|p1a: Metastasis|92/100
|move|p2a: Tyranitar|Ice Punch|p1a: Metastasis
|-damage|p1a: Metastasis|67/100
|
|-weather|Sandstorm|[upkeep]
|upkeep
|turn|24
|
|t:|1776040517
|move|p1a: Metastasis|Focus Blast|p2a: Tyranitar
|-supereffective|p2a: Tyranitar
|-crit|p2a: Tyranitar
|-damage|p2a: Tyranitar|0 fnt
|faint|p2a: Tyranitar
|
|-weather|none
|upkeep
|
|t:|1776040523
|switch|p2a: Rillaboom|Rillaboom, M|100/100
|-fieldstart|move: Grassy Terrain|[from] ability: Grassy Surge|[of] p2a: Rillaboom
|turn|25
|
|t:|1776040536
|move|p2a: Rillaboom|Grassy Glide|p1a: Metastasis
|-damage|p1a: Metastasis|17/100
|-damage|p2a: Rillaboom|91/100|[from] item: Life Orb
|move|p1a: Metastasis|Psychic Noise|p2a: Rillaboom
|-damage|p2a: Rillaboom|43/100
|-start|p2a: Rillaboom|move: Heal Block
|
|-heal|p1a: Metastasis|23/100|[from] Grassy Terrain
|upkeep
|turn|26
|c|☆tapeonastick|ggwp
|
|t:|1776040548
|move|p2a: Rillaboom|Grassy Glide|p1a: Metastasis
|-damage|p1a: Metastasis|0 fnt
|faint|p1a: Metastasis
|-damage|p2a: Rillaboom|33/100|[from] item: Life Orb
|
|win|HoshinoRiko
|raw|tapeonastick's rating: 1244 &rarr; <strong>1215</strong><br />(-29 for losing)
|raw|HoshinoRiko's rating: 1194 &rarr; <strong>1223</strong><br />(+29 for winning)
|l|☆tapeonastick
|player|p1|
|c|☆HoshinoRiko|gg
