|html|<div class="broadcast-blue"><strong>[Gen 9] OU is currently suspecting Tera Blast! For information on how to participate check out the <a href="https://www.smogon.com/tools/suspects/view/200">suspect thread</a>.</strong></div>
|j|☆ZaWarudo123
|j|☆Lyh114511
|t:|1776263717
|gametype|singles
|player|p1|ZaWarudo123|blackbelt-gen4dp|1301
|player|p2|Lyh114511|lady|1239
|gen|9
|tier|[Gen 9] OU
|rated|
|rule|HP Percentage Mod: HP is shown in percentages
|rule|Endless Battle Clause: Forcing endless battles is banned
|rule|Species Clause: Limit one of each Pokémon
|rule|OHKO Clause: OHKO moves are banned
|rule|Evasion Items Clause: Evasion items are banned
|rule|Evasion Moves Clause: Evasion moves are banned
|rule|Evasion Abilities Clause: Evasion abilities are banned
|rule|Sleep Moves Clause: Sleep-inducing moves are banned
|clearpoke
|poke|p1|Dragonite, M|
|poke|p1|Zamazenta-*|
|poke|p1|Gholdengo|
|poke|p1|Ogerpon-Wellspring, F|
|poke|p1|Pecharunt|
|poke|p1|Kyurem|
|poke|p2|Revavroom, M|
|poke|p2|Meowscarada, F|
|poke|p2|Iron Treads|
|poke|p2|Raging Bolt|
|poke|p2|Zoroark-Hisui, F|
|poke|p2|Alomomola, F|
|teampreview
|inactive|Battle timer is ON: inactive players will automatically lose when time's up. (requested by ZaWarudo123)
|
|t:|1776263741
|teamsize|p1|6
|teamsize|p2|6
|start
|switch|p1a: Zamazenta|Zamazenta|100/100
|switch|p2a: 风情万种的喵哈|Meowscarada, F, shiny|100/100
|-ability|p1a: Zamazenta|Dauntless Shield|boost
|-boost|p1a: Zamazenta|def|1
|turn|1
|
|t:|1776263751
|move|p1a: Zamazenta|Body Press|p2a: 风情万种的喵哈
|-supereffective|p2a: 风情万种的喵哈
|-enditem|p2a: 风情万种的喵哈|Focus Sash
|-damage|p2a: 风情万种的喵哈|1/100
|move|p2a: 风情万种的喵哈|Acrobatics|p1a: Zamazenta
|-start|p2a: 风情万种的喵哈|typechange|Flying|[from] ability: Protean
|-supereffective|p1a: Zamazenta
|-damage|p1a: Zamazenta|49/100
|
|-heal|p1a: Zamazenta|56/100|[from] item: Leftovers
|upkeep
|turn|2
|
|t:|1776263765
|switch|p2a: 曼波|Alomomola, F|100/100
|move|p1a: Zamazenta|Crunch|p2a: 曼波
|-damage|p2a: 曼波|85/100
|-damage|p1a: Zamazenta|39/100|[from] item: Rocky Helmet|[of] p2a: 曼波
|
|-heal|p1a: Zamazenta|45/100|[from] item: Leftovers
|upkeep
|turn|3
|
|t:|1776263777
|switch|p1a: Pecharunt|Pecharunt|100/100
|-item|p1a: Pecharunt|Air Balloon
|move|p2a: 曼波|Wish|p2a: 曼波
|
|upkeep
|turn|4
|
|t:|1776263788
|move|p1a: Pecharunt|Malignant Chain|p2a: 曼波
|-damage|p2a: 曼波|61/100
|move|p2a: 曼波|Flip Turn|p1a: Pecharunt
|-damage|p1a: Pecharunt|94/100
|-enditem|p1a: Pecharunt|Air Balloon
|
|t:|1776263797
|switch|p2a: 风情万种的喵哈|Meowscarada, F, shiny|1/100|[from] Flip Turn
|
|-heal|p2a: 风情万种的喵哈|92/100|[from] move: Wish|[wisher] 曼波
|upkeep
|turn|5
|
|t:|1776263804
|switch|p2a: 顿甲的儿子|Iron Treads|100/100
|move|p1a: Pecharunt|Parting Shot|p2a: 顿甲的儿子
|-unboost|p2a: 顿甲的儿子|atk|1
|-unboost|p2a: 顿甲的儿子|spa|1
|
|t:|1776263833
|switch|p1a: Ogerpon|Ogerpon-Wellspring, F|100/100|[from] Parting Shot
|
|upkeep
|turn|6
|
|t:|1776263844
|-end|p2a: 顿甲的儿子|Quark Drive|[silent]
|switch|p2a: 长颈鹿|Raging Bolt|100/100
|move|p1a: Ogerpon|Swords Dance|p1a: Ogerpon
|-boost|p1a: Ogerpon|atk|2
|
|upkeep
|turn|7
|
|t:|1776263866
|move|p1a: Ogerpon|Play Rough|p2a: 长颈鹿
|-supereffective|p2a: 长颈鹿
|-damage|p2a: 长颈鹿|0 fnt
|faint|p2a: 长颈鹿
|-end|p2a: 长颈鹿|Protosynthesis|[silent]
|
|upkeep
|
|t:|1776263878
|switch|p2a: 风情万种的喵哈|Meowscarada, F, shiny|92/100
|turn|8
|
|t:|1776263894
|switch|p1a: Pecharunt|Pecharunt|94/100
|move|p2a: 风情万种的喵哈|Acrobatics|p1a: Pecharunt
|-start|p2a: 风情万种的喵哈|typechange|Flying|[from] ability: Protean
|-damage|p1a: Pecharunt|70/100
|
|upkeep
|turn|9
|
|t:|1776263905
|switch|p2a: 顿甲的儿子|Iron Treads|100/100
|move|p1a: Pecharunt|Foul Play|p2a: 顿甲的儿子
|-damage|p2a: 顿甲的儿子|71/100
|
|upkeep
|turn|10
|inactive|ZaWarudo123 has 120 seconds left.
|
|t:|1776263928
|switch|p1a: Ogerpon|Ogerpon-Wellspring, F|100/100
|move|p2a: 顿甲的儿子|Rapid Spin|p1a: Ogerpon
|-damage|p1a: Ogerpon|77/100
|-boost|p2a: 顿甲的儿子|spe|1
|
|upkeep
|turn|11
|inactive|ZaWarudo123 has 120 seconds left.
|inactive|Lyh114511 has 120 seconds left.
|
|t:|1776263958
|-terastallize|p2a: 顿甲的儿子|Grass
|move|p2a: 顿甲的儿子|Ice Spinner|p1a: Ogerpon
|-damage|p1a: Ogerpon|43/100
|move|p1a: Ogerpon|Ivy Cudgel|p2a: 顿甲的儿子|[anim] Ivy Cudgel Water
|-resisted|p2a: 顿甲的儿子
|-damage|p2a: 顿甲的儿子|46/100
|
|upkeep
|turn|12
|inactive|ZaWarudo123 has 120 seconds left.
|
|t:|1776263975
|move|p2a: 顿甲的儿子|Ice Spinner|p1a: Ogerpon
|-damage|p1a: Ogerpon|7/100
|move|p1a: Ogerpon|Play Rough|p2a: 顿甲的儿子
|-damage|p2a: 顿甲的儿子|16/100
|
|upkeep
|turn|13
|inactive|ZaWarudo123 has 120 seconds left.
|
|t:|1776263987
|switch|p1a: Pecharunt|Pecharunt|70/100
|move|p2a: 顿甲的儿子|Rapid Spin|p1a: Pecharunt
|-immune|p1a: Pecharunt
|
|upkeep
|turn|14
|
|t:|1776263996
|-end|p2a: 顿甲的儿子|Quark Drive|[silent]
|switch|p2a: 曼波|Alomomola, F|94/100
|-terastallize|p1a: Pecharunt|Ghost
|move|p1a: Pecharunt|Malignant Chain|p2a: 曼波
|-damage|p2a: 曼波|71/100
|
|upkeep
|turn|15
|inactive|Lyh114511 has 120 seconds left.
|
|t:|1776264008
|move|p1a: Pecharunt|Malignant Chain|p2a: 曼波
|-damage|p2a: 曼波|44/100
|move|p2a: 曼波|Wish|p2a: 曼波
|
|upkeep
|turn|16
|inactive|Lyh114511 has 120 seconds left.
|
|t:|1776264015
|move|p1a: Pecharunt|Malignant Chain|p2a: 曼波
|-damage|p2a: 曼波|20/100
|move|p2a: 曼波|Flip Turn|p1a: Pecharunt
|-damage|p1a: Pecharunt|64/100
|inactive|Lyh114511 has 120 seconds left.
|
|t:|1776264022
|switch|p2a: 顿甲的儿子|Iron Treads, tera:Grass|16/100|[from] Flip Turn
|
|-heal|p2a: 顿甲的儿子|99/100|[from] move: Wish|[wisher] 曼波
|upkeep
|turn|17
|inactive|Lyh114511 has 120 seconds left.
|
|t:|1776264034
|-end|p2a: 顿甲的儿子|Quark Drive|[silent]
|switch|p2a: 泥头车|Revavroom, M|100/100
|move|p1a: Pecharunt|Malignant Chain|p2a: 泥头车
|-immune|p2a: 泥头车
|
|upkeep
|turn|18
|
|t:|1776264040
|move|p2a: 泥头车|Shift Gear|p2a: 泥头车
|-boost|p2a: 泥头车|spe|2
|-boost|p2a: 泥头车|atk|1
|move|p1a: Pecharunt|Parting Shot|p2a: 泥头车
|-unboost|p2a: 泥头车|atk|1
|-unboost|p2a: 泥头车|spa|1
|
|t:|1776264045
|switch|p1a: Dragonite|Dragonite, M, shiny|100/100|[from] Parting Shot
|
|upkeep
|turn|19
|
|t:|1776264059
|move|p2a: 泥头车|Gunk Shot|p1a: Dragonite
|-damage|p1a: Dragonite|66/100
|move|p1a: Dragonite|Earthquake|p2a: 泥头车
|-supereffective|p2a: 泥头车
|-enditem|p2a: 泥头车|Focus Sash
|-damage|p2a: 泥头车|1/100
|
|upkeep
|turn|20
|
|t:|1776264069
|switch|p2a: 曼波|Alomomola, F|100/100
|move|p1a: Dragonite|Extreme Speed|p2a: 曼波
|-immune|p2a: 曼波
|
|upkeep
|turn|21
|inactive|ZaWarudo123 has 120 seconds left.
|
|t:|1776264110
|switch|p1a: Zamazenta|Zamazenta|45/100
|move|p2a: 曼波|Bitter Malice|p1a: Zamazenta
|-damage|p1a: Zamazenta|3/100
|-unboost|p1a: Zamazenta|atk|1
|-damage|p2a: 曼波|91/100|[from] item: Life Orb
|
|-heal|p1a: Zamazenta|9/100|[from] item: Leftovers
|upkeep
|turn|22
|
|t:|1776264121
|switch|p2a: 曼波|Alomomola, F|54/100
|move|p1a: Zamazenta|Crunch|p2a: 曼波
|-damage|p2a: 曼波|43/100
|-damage|p1a: Zamazenta|0 fnt|[from] item: Rocky Helmet|[of] p2a: 曼波
|faint|p1a: Zamazenta
|
|upkeep
|
|t:|1776264127
|switch|p1a: Dragonite|Dragonite, M, shiny|66/100
|turn|23
|
|t:|1776264134
|move|p1a: Dragonite|Dragon Dance|p1a: Dragonite
|-boost|p1a: Dragonite|atk|1
|-boost|p1a: Dragonite|spe|1
|move|p2a: 曼波|Flip Turn|p1a: Dragonite
|-resisted|p1a: Dragonite
|-crit|p1a: Dragonite
|-damage|p1a: Dragonite|53/100
|
|t:|1776264163
|switch|p2a: 顿甲的儿子|Iron Treads, tera:Grass|99/100|[from] Flip Turn
|
|upkeep
|turn|24
|
|t:|1776264172
|switch|p1a: Kyurem|Kyurem|100/100
|-ability|p1a: Kyurem|Pressure
|move|p2a: 顿甲的儿子|Rapid Spin|p1a: Kyurem
|-damage|p1a: Kyurem|83/100
|-boost|p2a: 顿甲的儿子|spe|1
|
|upkeep
|turn|25
|
|t:|1776264187
|-end|p2a: 顿甲的儿子|Quark Drive|[silent]
|switch|p2a: 曼波|Alomomola, F|76/100
|move|p1a: Kyurem|Icicle Spear|p2a: 曼波
|-resisted|p2a: 曼波
|-damage|p2a: 曼波|72/100
|-resisted|p2a: 曼波
|-damage|p2a: 曼波|67/100
|-resisted|p2a: 曼波
|-damage|p2a: 曼波|63/100
|-resisted|p2a: 曼波
|-damage|p2a: 曼波|58/100
|-hitcount|p2a: 曼波|4
|
|upkeep
|turn|26
|
|t:|1776264196
|move|p1a: Kyurem|Dragon Dance|p1a: Kyurem
|-boost|p1a: Kyurem|atk|1
|-boost|p1a: Kyurem|spe|1
|move|p2a: 曼波|Wish|p2a: 曼波
|
|upkeep
|turn|27
|
|t:|1776264208
|move|p1a: Kyurem|Dragon Dance|p1a: Kyurem
|-boost|p1a: Kyurem|atk|1
|-boost|p1a: Kyurem|spe|1
|move|p2a: 曼波|Flip Turn|p1a: Kyurem
|-resisted|p1a: Kyurem
|-damage|p1a: Kyurem|76/100
|
|t:|1776264216
|switch|p2a: 泥头车|Revavroom, M|1/100|[from] Flip Turn
|
|-heal|p2a: 泥头车|89/100|[from] move: Wish|[wisher] 曼波
|upkeep
|turn|28
|
|t:|1776264228
|move|p1a: Kyurem|Icicle Spear|p2a: 泥头车
|-resisted|p2a: 泥头车
|-damage|p2a: 泥头车|73/100
|-resisted|p2a: 泥头车
|-damage|p2a: 泥头车|58/100
|-resisted|p2a: 泥头车
|-crit|p2a: 泥头车
|-damage|p2a: 泥头车|34/100
|-resisted|p2a: 泥头车
|-damage|p2a: 泥头车|18/100
|-hitcount|p2a: 泥头车|4
|move|p2a: 泥头车|Iron Head|p1a: Kyurem
|-supereffective|p1a: Kyurem
|-damage|p1a: Kyurem|0 fnt
|faint|p1a: Kyurem
|
|upkeep
|
|t:|1776264242
|switch|p1a: Ogerpon|Ogerpon-Wellspring, F|7/100
|turn|29
|
|t:|1776264252
|switch|p2a: 顿甲的儿子|Iron Treads, tera:Grass|99/100
|move|p1a: Ogerpon|Power Whip|p2a: 顿甲的儿子
|-resisted|p2a: 顿甲的儿子
|-damage|p2a: 顿甲的儿子|68/100
|
|upkeep
|turn|30
|
|t:|1776264268
|move|p1a: Ogerpon|Play Rough|p2a: 顿甲的儿子|[miss]
|-miss|p1a: Ogerpon|p2a: 顿甲的儿子
|move|p2a: 顿甲的儿子|Rapid Spin|p1a: Ogerpon
|-damage|p1a: Ogerpon|0 fnt
|-boost|p2a: 顿甲的儿子|spe|1
|faint|p1a: Ogerpon
|
|upkeep
|
|t:|1776264272
|switch|p1a: Pecharunt|Pecharunt, tera:Ghost|64/100
|turn|31
|
|t:|1776264285
|-end|p2a: 顿甲的儿子|Quark Drive|[silent]
|switch|p2a: 曼波|Alomomola, F|92/100
|move|p1a: Pecharunt|Parting Shot|p2a: 曼波
|-unboost|p2a: 曼波|atk|1
|-unboost|p2a: 曼波|spa|1
|
|t:|1776264294
|switch|p1a: Dragonite|Dragonite, M, shiny|53/100|[from] Parting Shot
|
|upkeep
|turn|32
|
|t:|1776264307
|move|p1a: Dragonite|Dragon Dance|p1a: Dragonite
|-boost|p1a: Dragonite|atk|1
|-boost|p1a: Dragonite|spe|1
|move|p2a: 曼波|Flip Turn|p1a: Dragonite
|-resisted|p1a: Dragonite
|-damage|p1a: Dragonite|48/100
|
|t:|1776264310
|switch|p2a: 顿甲的儿子|Iron Treads, tera:Grass|68/100|[from] Flip Turn
|
|upkeep
|turn|33
|
|t:|1776264323
|switch|p1a: Gholdengo|Gholdengo|100/100
|move|p2a: 顿甲的儿子|Rapid Spin|p1a: Gholdengo
|-immune|p1a: Gholdengo
|
|upkeep
|turn|34
|
|t:|1776264329
|-end|p2a: 顿甲的儿子|Quark Drive|[silent]
|switch|p2a: 曼波|Alomomola, F|100/100
|move|p1a: Gholdengo|Shadow Ball|p2a: 曼波
|-damage|p2a: 曼波|64/100
|
|upkeep
|turn|35
|
|t:|1776264336
|move|p1a: Gholdengo|Nasty Plot|p1a: Gholdengo
|-boost|p1a: Gholdengo|spa|2
|move|p2a: 曼波|Mirror Coat||[still]
|-fail|p2a: 曼波
|
|upkeep
|turn|36
|
|t:|1776264357
|switch|p2a: 泥头车|Revavroom, M|18/100
|move|p1a: Gholdengo|Nasty Plot|p1a: Gholdengo
|-boost|p1a: Gholdengo|spa|2
|
|upkeep
|turn|37
|
|t:|1776264364
|move|p1a: Gholdengo|Shadow Ball|p2a: 泥头车
|-damage|p2a: 泥头车|0 fnt
|faint|p2a: 泥头车
|
|upkeep
|
|t:|1776264370
|switch|p2a: 顿甲的儿子|Iron Treads|91/100
|-start|p2a: 顿甲的儿子|typechange|Grass|[silent]
|turn|38
|
|t:|1776264377
|move|p2a: 顿甲的儿子|Bitter Malice|p1a: Gholdengo
|-supereffective|p1a: Gholdengo
|-damage|p1a: Gholdengo|0 fnt
|faint|p1a: Gholdengo
|-damage|p2a: 顿甲的儿子|81/100|[from] item: Life Orb
|
|upkeep
|
|t:|1776264383
|switch|p1a: Pecharunt|Pecharunt, tera:Ghost|64/100
|turn|39
|
|t:|1776264389
|move|p2a: 顿甲的儿子|Bitter Malice|p1a: Pecharunt
|-supereffective|p1a: Pecharunt
|-damage|p1a: Pecharunt|0 fnt
|faint|p1a: Pecharunt
|-damage|p2a: 顿甲的儿子|71/100|[from] item: Life Orb
|
|upkeep
|
|t:|1776264394
|switch|p1a: Dragonite|Dragonite, M, shiny|48/100
|turn|40
|
|t:|1776264402
|move|p2a: 顿甲的儿子|Bitter Malice|p1a: Dragonite
|-damage|p1a: Dragonite|0 fnt
|faint|p1a: Dragonite
|-damage|p2a: 顿甲的儿子|61/100|[from] item: Life Orb
|
|win|Lyh114511
|raw|ZaWarudo123's rating: 1301 &rarr; <strong>1279</strong><br />(-22 for losing)
|raw|Lyh114511's rating: 1266 &rarr; <strong>1294</strong><br />(+28 for winning)
|c|☆ZaWarudo123|gosh zoroark attack his high
|c|☆ZaWarudo123|gg
|c|☆ZaWarudo123|banded?
|c|☆ZaWarudo123|oh
|c|☆ZaWarudo123|life orb
|l|☆ZaWarudo123
|player|p1|
