|html|<div class="broadcast-blue"><strong>[Gen 9] OU is currently suspecting Tera Blast! For information on how to participate check out the <a href="https://www.smogon.com/tools/suspects/view/200">suspect thread</a>.</strong></div>
|j|☆Jfalconmaster1
|j|☆Yernish'Ma
|t:|1776039970
|gametype|singles
|player|p1|Jfalconmaster1|101|1066
|player|p2|Yernish'Ma|iris-gen5bw2|1092
|gen|9
|tier|[Gen 9] OU
|rated|
|rule|HP Percentage Mod: HP is shown in percentages
|rule|Endless Battle Clause: Forcing endless battles is banned
|rule|Species Clause: Limit one of each Pokémon
|rule|OHKO Clause: OHKO moves are banned
|rule|Evasion Items Clause: Evasion items are banned
|rule|Evasion Moves Clause: Evasion moves are banned
|rule|Evasion Abilities Clause: Evasion abilities are banned
|rule|Sleep Moves Clause: Sleep-inducing moves are banned
|clearpoke
|poke|p1|Sylveon, F|
|poke|p1|Blaziken, F|
|poke|p1|Great Tusk|
|poke|p1|Serperior, F|
|poke|p1|Azumarill, M|
|poke|p1|Spidops, M|
|poke|p2|Duraludon, M|
|poke|p2|Noivern, F|
|poke|p2|Haxorus, F|
|poke|p2|Empoleon, M|
|poke|p2|Kyurem|
|poke|p2|Kingambit, M|
|teampreview
|inactive|Battle timer is ON: inactive players will automatically lose when time's up. (requested by Yernish'Ma)
|
|t:|1776039998
|teamsize|p1|6
|teamsize|p2|6
|start
|switch|p1a: Spidops|Spidops, M|100/100
|switch|p2a: Duraludon|Duraludon, M, shiny|100/100
|turn|1
|
|t:|1776040025
|move|p2a: Duraludon|Thunder Wave|p1a: Spidops
|-status|p1a: Spidops|par
|move|p1a: Spidops|Toxic Spikes|p2a: Duraludon
|-sidestart|p2: Yernish'Ma|move: Toxic Spikes
|
|upkeep
|turn|2
|
|t:|1776040032
|move|p2a: Duraludon|Stealth Rock|p1a: Spidops
|-sidestart|p1: Jfalconmaster1|move: Stealth Rock
|cant|p1a: Spidops|par
|
|upkeep
|turn|3
|
|t:|1776040039
|switch|p2a: Noivern|Noivern, F|100/100
|cant|p1a: Spidops|par
|
|upkeep
|turn|4
|inactive|Yernish'Ma has 120 seconds left.
|
|t:|1776040085
|move|p2a: Noivern|Air Slash|p1a: Spidops|[miss]
|-miss|p2a: Noivern|p1a: Spidops
|move|p1a: Spidops|Sticky Web|p2a: Noivern
|-sidestart|p2: Yernish'Ma|move: Sticky Web
|
|upkeep
|turn|5
|
|t:|1776040093
|move|p1a: Spidops|Silk Trap|p1a: Spidops
|-singleturn|p1a: Spidops|Protect
|move|p2a: Noivern|Air Slash|p1a: Spidops
|-activate|p1a: Spidops|move: Protect
|
|upkeep
|turn|6
|inactive|Yernish'Ma has 120 seconds left.
|
|t:|1776040099
|move|p2a: Noivern|Air Slash|p1a: Spidops
|-supereffective|p1a: Spidops
|-damage|p1a: Spidops|28/100 par
|cant|p1a: Spidops|par
|
|upkeep
|turn|7
|
|t:|1776040105
|move|p1a: Spidops|Silk Trap|p1a: Spidops
|-singleturn|p1a: Spidops|Protect
|move|p2a: Noivern|Flamethrower|p1a: Spidops
|-activate|p1a: Spidops|move: Protect
|
|upkeep
|turn|8
|
|t:|1776040111
|move|p2a: Noivern|Flamethrower|p1a: Spidops
|-supereffective|p1a: Spidops
|-damage|p1a: Spidops|0 fnt
|faint|p1a: Spidops
|
|upkeep
|
|t:|1776040125
|switch|p1a: Blaziken|Blaziken, F|100/100
|-damage|p1a: Blaziken|88/100|[from] Stealth Rock
|turn|9
|
|t:|1776040133
|move|p2a: Noivern|Air Slash|p1a: Blaziken
|-supereffective|p1a: Blaziken
|-damage|p1a: Blaziken|0 fnt
|faint|p1a: Blaziken
|
|upkeep
|
|t:|1776040152
|switch|p1a: Serperior|Serperior, F|100/100
|-damage|p1a: Serperior|88/100|[from] Stealth Rock
|turn|10
|
|t:|1776040160
|-terastallize|p2a: Noivern|Fire
|move|p1a: Serperior|Dragon Pulse|p2a: Noivern
|-damage|p2a: Noivern|73/100
|move|p2a: Noivern|Flamethrower|p1a: Serperior
|-supereffective|p1a: Serperior
|-damage|p1a: Serperior|0 fnt
|faint|p1a: Serperior
|
|upkeep
|-message|Jfalconmaster1 forfeited.
|
|win|Yernish'Ma
|raw|Jfalconmaster1's rating: 1066 &rarr; <strong>1048</strong><br />(-18 for losing)
|raw|Yernish&apos;Ma's rating: 1092 &rarr; <strong>1116</strong><br />(+24 for winning)
|l|☆Jfalconmaster1
|player|p1|
|l|☆Yernish'Ma
|player|p2|
