|html|<div class="broadcast-blue"><strong>[Gen 9] OU is currently suspecting Volcarona! For information on how to participate check out the <a href="https://www.smogon.com/tools/suspects/view/208">suspect thread</a>.</strong></div>
|j|☆MizuV
|j|☆chokitix
|t:|1778508777
|gametype|singles
|player|p1|MizuV|169|1384
|player|p2|chokitix|169|1380
|gen|9
|tier|[Gen 9] OU
|rated|
|rule|HP Percentage Mod: HP is shown in percentages
|rule|Endless Battle Clause: Forcing endless battles is banned
|rule|Species Clause: Limit one of each Pokémon
|rule|OHKO Clause: OHKO moves are banned
|rule|Evasion Items Clause: Evasion items are banned
|rule|Evasion Moves Clause: Evasion moves are banned
|rule|Evasion Abilities Clause: Evasion abilities are banned
|rule|Sleep Moves Clause: Sleep-inducing moves are banned
|clearpoke
|poke|p1|Kyurem|
|poke|p1|Ting-Lu|
|poke|p1|Moltres|
|poke|p1|Thundurus-Therian, M|
|poke|p1|Slowking-Galar, F|
|poke|p1|Iron Hands|
|poke|p2|Enamorus, F|
|poke|p2|Great Tusk|
|poke|p2|Alomomola, M|
|poke|p2|Raging Bolt|
|poke|p2|Zamazenta-*|
|poke|p2|Cinderace, F|
|teampreview
|j| pucabearOHKOking<3
|
|t:|1778508805
|teamsize|p1|6
|teamsize|p2|6
|start
|switch|p1a: Kyurem|Kyurem|100/100
|switch|p2a: SUPERpower?|Enamorus, F|100/100
|-ability|p1a: Kyurem|Pressure
|turn|1
|
|t:|1778508814
|-terastallize|p1a: Kyurem|Ground
|move|p2a: SUPERpower?|Moonblast|p1a: Kyurem
|-damage|p1a: Kyurem|48/100
|move|p1a: Kyurem|Freeze-Dry|p2a: SUPERpower?
|-supereffective|p2a: SUPERpower?
|-damage|p2a: SUPERpower?|0 fnt
|faint|p2a: SUPERpower?
|
|-heal|p1a: Kyurem|54/100|[from] item: Leftovers
|upkeep
|
|t:|1778508839
|switch|p2a: Water Love|Alomomola, M|100/100
|turn|2
|
|t:|1778508842
|move|p1a: Kyurem|Substitute|p1a: Kyurem
|-start|p1a: Kyurem|Substitute
|-damage|p1a: Kyurem|29/100
|move|p2a: Water Love|Flip Turn|p1a: Kyurem
|-supereffective|p1a: Kyurem
|-end|p1a: Kyurem|Substitute
|
|t:|1778508847
|switch|p2a: You are sure?|Zamazenta|100/100|[from] Flip Turn
|-ability|p2a: You are sure?|Dauntless Shield|boost
|-boost|p2a: You are sure?|def|1
|
|-heal|p1a: Kyurem|35/100|[from] item: Leftovers
|upkeep
|turn|3
|
|t:|1778508856
|switch|p1a: Moltres|Moltres|100/100
|move|p2a: You are sure?|Iron Defense|p2a: You are sure?
|-boost|p2a: You are sure?|def|2
|
|upkeep
|turn|4
|
|t:|1778508864
|switch|p2a: Water Love|Alomomola, M|100/100
|move|p1a: Moltres|U-turn|p2a: Water Love
|-damage|p2a: Water Love|89/100
|
|t:|1778508867
|switch|p1a: Kyurem|Kyurem, tera:Ground|35/100|[from] U-turn
|-ability|p1a: Kyurem|Pressure
|
|-heal|p1a: Kyurem|42/100|[from] item: Leftovers
|upkeep
|turn|5
|
|t:|1778508874
|move|p1a: Kyurem|Freeze-Dry|p2a: Water Love
|-supereffective|p2a: Water Love
|-damage|p2a: Water Love|53/100
|move|p2a: Water Love|Flip Turn|p1a: Kyurem
|-supereffective|p1a: Kyurem
|-damage|p1a: Kyurem|14/100
|
|t:|1778508901
|switch|p2a: You are sure?|Zamazenta|100/100|[from] Flip Turn
|
|-heal|p1a: Kyurem|20/100|[from] item: Leftovers
|upkeep
|turn|6
|
|t:|1778508909
|switch|p1a: Moltres|Moltres|100/100
|move|p2a: You are sure?|Body Press|p1a: Moltres
|-resisted|p1a: Moltres
|-damage|p1a: Moltres|89/100
|
|upkeep
|turn|7
|inactive|Battle timer is ON: inactive players will automatically lose when time's up. (requested by chokitix)
|
|t:|1778508918
|switch|p2a: Water Love|Alomomola, M|87/100
|move|p1a: Moltres|U-turn|p2a: Water Love
|-damage|p2a: Water Love|75/100
|
|t:|1778508919
|switch|p1a: Thundurus|Thundurus-Therian, M|100/100|[from] U-turn
|
|upkeep
|turn|8
|
|t:|1778508929
|move|p1a: Thundurus|Knock Off|p2a: Water Love
|-damage|p2a: Water Love|60/100
|-enditem|p2a: Water Love|Assault Vest|[from] move: Knock Off|[of] p1a: Thundurus
|move|p2a: Water Love|Flip Turn|p1a: Thundurus
|-damage|p1a: Thundurus|77/100
|
|t:|1778508938
|switch|p2a: praise the sun|Great Tusk|100/100|[from] Flip Turn
|-enditem|p2a: praise the sun|Booster Energy
|-activate|p2a: praise the sun|ability: Protosynthesis|[fromitem]
|-start|p2a: praise the sun|protosynthesisspe
|
|upkeep
|turn|9
|
|t:|1778508950
|switch|p1a: Moltres|Moltres|89/100
|move|p2a: praise the sun|Bulk Up|p2a: praise the sun
|-boost|p2a: praise the sun|atk|1
|-boost|p2a: praise the sun|def|1
|
|upkeep
|turn|10
|
|t:|1778508967
|move|p2a: praise the sun|Stone Edge|p1a: Moltres
|-supereffective|p1a: Moltres
|-damage|p1a: Moltres|0 fnt
|faint|p1a: Moltres
|
|upkeep
|
|t:|1778508982
|switch|p1a: Ting-Lu|Ting-Lu|100/100
|-ability|p1a: Ting-Lu|Vessel of Ruin
|turn|11
|
|t:|1778508990
|move|p2a: praise the sun|Ice Spinner|p1a: Ting-Lu
|-supereffective|p1a: Ting-Lu
|-damage|p1a: Ting-Lu|62/100
|move|p1a: Ting-Lu|Whirlwind|p2a: praise the sun
|-end|p2a: praise the sun|Protosynthesis|[silent]
|drag|p2a: Iam Invrncible|Raging Bolt|100/100
|
|-heal|p1a: Ting-Lu|69/100|[from] item: Leftovers
|upkeep
|turn|12
|
|t:|1778508996
|move|p2a: Iam Invrncible|Draco Meteor|p1a: Ting-Lu
|-damage|p1a: Ting-Lu|28/100
|-unboost|p2a: Iam Invrncible|spa|2
|-damage|p2a: Iam Invrncible|91/100|[from] item: Life Orb
|move|p1a: Ting-Lu|Stealth Rock|p2a: Iam Invrncible
|-sidestart|p2: chokitix|move: Stealth Rock
|
|-heal|p1a: Ting-Lu|34/100|[from] item: Leftovers
|upkeep
|turn|13
|
|t:|1778509003
|-end|p2a: Iam Invrncible|Protosynthesis|[silent]
|switch|p2a: praise the sun|Great Tusk|100/100
|-damage|p2a: praise the sun|98/100|[from] Stealth Rock
|move|p1a: Ting-Lu|Earthquake|p2a: praise the sun
|-damage|p2a: praise the sun|76/100
|
|-heal|p1a: Ting-Lu|40/100|[from] item: Leftovers
|upkeep
|turn|14
|
|t:|1778509030
|move|p2a: praise the sun|Headlong Rush|p1a: Ting-Lu
|-crit|p1a: Ting-Lu
|-damage|p1a: Ting-Lu|0 fnt
|-unboost|p2a: praise the sun|def|1
|-unboost|p2a: praise the sun|spd|1
|faint|p1a: Ting-Lu
|
|upkeep
|inactive|MizuV has 120 seconds left.
|
|t:|1778509049
|switch|p1a: Kyurem|Kyurem, tera:Ground|20/100
|-ability|p1a: Kyurem|Pressure
|turn|15
|
|t:|1778509062
|-end|p2a: praise the sun|Protosynthesis|[silent]
|switch|p2a: Water Love|Alomomola, M|93/100
|-damage|p2a: Water Love|81/100|[from] Stealth Rock
|move|p1a: Kyurem|Freeze-Dry|p2a: Water Love
|-supereffective|p2a: Water Love
|-damage|p2a: Water Love|19/100
|
|-heal|p1a: Kyurem|26/100|[from] item: Leftovers
|upkeep
|turn|16
|
|t:|1778509068
|move|p2a: Water Love|Aqua Jet|p1a: Kyurem
|-supereffective|p1a: Kyurem
|-damage|p1a: Kyurem|7/100
|move|p1a: Kyurem|Freeze-Dry|p2a: Water Love
|-supereffective|p2a: Water Love
|-crit|p2a: Water Love
|-damage|p2a: Water Love|0 fnt
|faint|p2a: Water Love
|
|-heal|p1a: Kyurem|14/100|[from] item: Leftovers
|upkeep
|
|t:|1778509070
|switch|p2a: Libero or Tera?|Cinderace, F|100/100
|turn|17
|
|t:|1778509085
|move|p2a: Libero or Tera?|Court Change|p2a: Libero or Tera?
|-start|p2a: Libero or Tera?|typechange|Normal|[from] ability: Libero
|-swapsideconditions
|-activate|p2a: Libero or Tera?|move: Court Change
|move|p1a: Kyurem|Scale Shot|p2a: Libero or Tera?
|-damage|p2a: Libero or Tera?|88/100
|-damage|p2a: Libero or Tera?|77/100
|-hitcount|p2a: Libero or Tera?|2
|-unboost|p1a: Kyurem|def|1
|-boost|p1a: Kyurem|spe|1
|
|-heal|p1a: Kyurem|20/100|[from] item: Leftovers
|upkeep
|turn|18
|
|t:|1778509096
|switch|p2a: You are sure?|Zamazenta|100/100
|move|p1a: Kyurem|Earth Power|p2a: You are sure?
|-damage|p2a: You are sure?|61/100
|
|-heal|p1a: Kyurem|26/100|[from] item: Leftovers
|-heal|p2a: You are sure?|67/100|[from] item: Leftovers
|upkeep
|turn|19
|
|t:|1778509113
|move|p1a: Kyurem|Freeze-Dry|p2a: You are sure?
|-damage|p2a: You are sure?|35/100
|move|p2a: You are sure?|Body Press|p1a: Kyurem
|-damage|p1a: Kyurem|0 fnt
|faint|p1a: Kyurem
|
|-heal|p2a: You are sure?|41/100|[from] item: Leftovers
|upkeep
|
|t:|1778509122
|switch|p1a: Thundurus|Thundurus-Therian, M|77/100
|turn|20
|
|t:|1778509132
|switch|p2a: praise the sun|Great Tusk|76/100
|move|p1a: Thundurus|Volt Switch|p2a: praise the sun
|-immune|p2a: praise the sun
|
|upkeep
|turn|21
|
|t:|1778509139
|move|p1a: Thundurus|Sludge Wave|p2a: praise the sun
|-resisted|p2a: praise the sun
|-damage|p2a: praise the sun|50/100
|move|p2a: praise the sun|Ice Spinner|p1a: Thundurus
|-supereffective|p1a: Thundurus
|-damage|p1a: Thundurus|2/100
|
|upkeep
|turn|22
|inactive|MizuV has 120 seconds left.
|
|t:|1778509184
|switch|p1a: Iron Hands|Iron Hands|100/100
|-damage|p1a: Iron Hands|94/100|[from] Stealth Rock
|move|p2a: praise the sun|Ice Spinner|p1a: Iron Hands
|-damage|p1a: Iron Hands|79/100
|
|upkeep
|turn|23
|
|t:|1778509193
|move|p1a: Iron Hands|Fake Out|p2a: praise the sun
|-damage|p2a: praise the sun|40/100
|cant|p2a: praise the sun|flinch
|
|upkeep
|turn|24
|
|t:|1778509201
|-end|p1a: Iron Hands|Quark Drive|[silent]
|switch|p1a: Thundurus|Thundurus-Therian, M|2/100
|move|p2a: praise the sun|Headlong Rush|p1a: Thundurus
|-immune|p1a: Thundurus
|
|upkeep
|turn|25
|inactive|MizuV has 120 seconds left.
|
|t:|1778509227
|switch|p1a: Iron Hands|Iron Hands|79/100
|-damage|p1a: Iron Hands|73/100|[from] Stealth Rock
|move|p2a: praise the sun|Ice Spinner|p1a: Iron Hands
|-damage|p1a: Iron Hands|58/100
|
|upkeep
|turn|26
|
|t:|1778509238
|move|p1a: Iron Hands|Fake Out|p2a: praise the sun
|-damage|p2a: praise the sun|30/100
|cant|p2a: praise the sun|flinch
|
|upkeep
|turn|27
|
|t:|1778509243
|move|p2a: praise the sun|Bulk Up|p2a: praise the sun
|-boost|p2a: praise the sun|atk|1
|-boost|p2a: praise the sun|def|1
|move|p1a: Iron Hands|Drain Punch|p2a: praise the sun
|-damage|p2a: praise the sun|13/100
|-heal|p1a: Iron Hands|66/100|[from] drain|[of] p2a: praise the sun
|
|upkeep
|turn|28
|
|t:|1778509247
|-end|p1a: Iron Hands|Quark Drive|[silent]
|switch|p1a: Thundurus|Thundurus-Therian, M|2/100
|move|p2a: praise the sun|Ice Spinner|p1a: Thundurus
|-supereffective|p1a: Thundurus
|-damage|p1a: Thundurus|0 fnt
|faint|p1a: Thundurus
|
|upkeep
|
|t:|1778509249
|switch|p1a: Iron Hands|Iron Hands|66/100
|-damage|p1a: Iron Hands|59/100|[from] Stealth Rock
|turn|29
|
|t:|1778509258
|move|p2a: praise the sun|Headlong Rush|p1a: Iron Hands
|-supereffective|p1a: Iron Hands
|-damage|p1a: Iron Hands|0 fnt
|-unboost|p2a: praise the sun|def|1
|-unboost|p2a: praise the sun|spd|1
|faint|p1a: Iron Hands
|-end|p1a: Iron Hands|Quark Drive|[silent]
|
|upkeep
|
|t:|1778509261
|switch|p1a: Slowking|Slowking-Galar, F|100/100
|turn|30
|
|t:|1778509264
|move|p2a: praise the sun|Headlong Rush|p1a: Slowking
|-supereffective|p1a: Slowking
|-damage|p1a: Slowking|0 fnt
|-unboost|p2a: praise the sun|def|1
|-unboost|p2a: praise the sun|spd|1
|faint|p1a: Slowking
|
|win|chokitix
|raw|MizuV's rating: 1384 &rarr; <strong>1364</strong><br />(-20 for losing)
|raw|chokitix's rating: 1380 &rarr; <strong>1400</strong><br />(+20 for winning)
|l|☆MizuV
|player|p1|
|l|☆chokitix
|player|p2|
