|html|<div class="broadcast-blue"><strong>[Gen 9] OU is currently suspecting Tera Blast! For information on how to participate check out the <a href="https://www.smogon.com/tools/suspects/view/200">suspect thread</a>.</strong></div>
|j|☆sminey
|j|‽BukitBatokBoss
|t:|1776058908
|gametype|singles
|player|p1|sminey|palmer|1733
|player|p2|BukitBatokBoss|101|1730
|gen|9
|tier|[Gen 9] OU
|rated|
|rule|HP Percentage Mod: HP is shown in percentages
|rule|Endless Battle Clause: Forcing endless battles is banned
|rule|Species Clause: Limit one of each Pokémon
|rule|OHKO Clause: OHKO moves are banned
|rule|Evasion Items Clause: Evasion items are banned
|rule|Evasion Moves Clause: Evasion moves are banned
|rule|Evasion Abilities Clause: Evasion abilities are banned
|rule|Sleep Moves Clause: Sleep-inducing moves are banned
|clearpoke
|poke|p1|Cinderace, F|
|poke|p1|Zapdos|
|poke|p1|Latios, M|
|poke|p1|Weavile, F|
|poke|p1|Clefable, F|
|poke|p1|Slowking-Galar, M|
|poke|p2|Cinderace, F|
|poke|p2|Darkrai|
|poke|p2|Iron Valiant|
|poke|p2|Deoxys-Speed|
|poke|p2|Zamazenta-*|
|poke|p2|Dragonite, M|
|teampreview
|inactive|Battle timer is ON: inactive players will automatically lose when time's up. (requested by sminey)
|
|t:|1776058929
|teamsize|p1|6
|teamsize|p2|6
|start
|switch|p1a: Weavile|Weavile, F|100/100
|switch|p2a: Deoxys|Deoxys-Speed, shiny|100/100
|-ability|p2a: Deoxys|Pressure
|-ability|p1a: Weavile|Pressure
|turn|1
|
|t:|1776058941
|switch|p1a: Slowking|Slowking-Galar, M|100/100
|-terastallize|p2a: Deoxys|Fighting
|move|p2a: Deoxys|Nasty Plot|p2a: Deoxys
|-boost|p2a: Deoxys|spa|2
|
|upkeep
|turn|2
|
|t:|1776058950
|move|p2a: Deoxys|Shadow Ball|p1a: Slowking
|-supereffective|p1a: Slowking
|-damage|p1a: Slowking|48/100
|-damage|p2a: Deoxys|91/100|[from] item: Life Orb
|move|p1a: Slowking|Psyshock|p2a: Deoxys
|-supereffective|p2a: Deoxys
|-damage|p2a: Deoxys|0 fnt
|faint|p2a: Deoxys
|
|upkeep
|
|t:|1776058960
|switch|p2a: Darkrai|Darkrai, shiny|100/100
|turn|3
|
|t:|1776058963
|move|p2a: Darkrai|Nasty Plot|p2a: Darkrai
|-boost|p2a: Darkrai|spa|2
|move|p1a: Slowking|Sludge Bomb|p2a: Darkrai
|-damage|p2a: Darkrai|51/100
|
|upkeep
|turn|4
|
|t:|1776058969
|switch|p1a: Clefable|Clefable, F|100/100
|move|p2a: Darkrai|Dark Pulse|p1a: Clefable
|-resisted|p1a: Clefable
|-damage|p1a: Clefable|76/100
|-damage|p2a: Darkrai|41/100|[from] item: Life Orb
|
|upkeep
|turn|5
|
|t:|1776058976
|switch|p1a: Slowking|Slowking-Galar, M|81/100
|move|p2a: Darkrai|Sludge Bomb|p1a: Slowking
|-resisted|p1a: Slowking
|-damage|p1a: Slowking|64/100
|-damage|p2a: Darkrai|31/100|[from] item: Life Orb
|
|upkeep
|turn|6
|
|t:|1776059000
|switch|p1a: Weavile|Weavile, F|100/100
|-ability|p1a: Weavile|Pressure
|move|p2a: Darkrai|Dark Pulse|p1a: Weavile
|-resisted|p1a: Weavile
|-damage|p1a: Weavile|18/100
|-damage|p2a: Darkrai|21/100|[from] item: Life Orb
|
|upkeep
|turn|7
|
|t:|1776059009
|switch|p2a: Zamazenta|Zamazenta, shiny|100/100
|-ability|p2a: Zamazenta|Dauntless Shield|boost
|-boost|p2a: Zamazenta|def|1
|move|p1a: Weavile|Ice Shard|p2a: Zamazenta
|-damage|p2a: Zamazenta|88/100
|
|upkeep
|turn|8
|
|t:|1776059017
|switch|p1a: Zapdos|Zapdos|100/100
|move|p2a: Zamazenta|Crunch|p1a: Zapdos
|-damage|p1a: Zapdos|72/100
|-damage|p2a: Zamazenta|78/100|[from] item: Life Orb
|
|upkeep
|turn|9
|
|t:|1776059023
|move|p2a: Zamazenta|Ice Fang|p1a: Zapdos
|-supereffective|p1a: Zapdos
|-damage|p1a: Zapdos|30/100
|-damage|p2a: Zamazenta|68/100|[from] item: Life Orb
|move|p1a: Zapdos|Roost|p1a: Zapdos
|-heal|p1a: Zapdos|80/100
|-singleturn|p1a: Zapdos|move: Roost
|
|upkeep
|turn|10
|
|t:|1776059034
|switch|p2a: Darkrai|Darkrai, shiny|21/100
|move|p1a: Zapdos|Thunder Wave|p2a: Darkrai
|-status|p2a: Darkrai|par
|
|upkeep
|turn|11
|j| samurajen
|
|t:|1776059038
|move|p1a: Zapdos|Volt Switch|p2a: Darkrai
|-damage|p2a: Darkrai|0 fnt
|faint|p2a: Darkrai
|
|t:|1776059062
|switch|p1a: Latios|Latios, M|100/100|[from] Volt Switch
|
|upkeep
|inactive|BukitBatokBoss has 120 seconds left.
|
|t:|1776059105
|switch|p2a: Iron Valiant|Iron Valiant, shiny|100/100
|-enditem|p2a: Iron Valiant|Booster Energy
|-activate|p2a: Iron Valiant|ability: Quark Drive|[fromitem]
|-start|p2a: Iron Valiant|quarkdrivespe
|turn|12
|
|t:|1776059113
|-terastallize|p1a: Latios|Steel
|move|p2a: Iron Valiant|Swords Dance|p2a: Iron Valiant
|-boost|p2a: Iron Valiant|atk|2
|move|p1a: Latios|Luster Purge|p2a: Iron Valiant
|-supereffective|p2a: Iron Valiant
|-damage|p2a: Iron Valiant|0 fnt
|faint|p2a: Iron Valiant
|-end|p2a: Iron Valiant|Quark Drive|[silent]
|
|upkeep
|-message|BukitBatokBoss forfeited.
|
|win|sminey
|raw|sminey's rating: 1733 &rarr; <strong>1754</strong><br />(+21 for winning)
|raw|BukitBatokBoss's rating: 1744 &rarr; <strong>1723</strong><br />(-21 for losing)
|l|‽BukitBatokBoss
|player|p2|
|l|☆sminey
|player|p1|
