|html|<div class="broadcast-blue"><strong>[Gen 9] OU is currently suspecting Tera Blast! For information on how to participate check out the <a href="https://www.smogon.com/tools/suspects/view/200">suspect thread</a>.</strong></div>
|j|☆BIGBODY55
|j|☆blah ah
|t:|1776122281
|gametype|singles
|player|p1|BIGBODY55|ramos|1108
|player|p2|blah ah|iris|1154
|gen|9
|tier|[Gen 9] OU
|rated|
|rule|HP Percentage Mod: HP is shown in percentages
|rule|Endless Battle Clause: Forcing endless battles is banned
|rule|Species Clause: Limit one of each Pokémon
|rule|OHKO Clause: OHKO moves are banned
|rule|Evasion Items Clause: Evasion items are banned
|rule|Evasion Moves Clause: Evasion moves are banned
|rule|Evasion Abilities Clause: Evasion abilities are banned
|rule|Sleep Moves Clause: Sleep-inducing moves are banned
|clearpoke
|poke|p1|Tinkaton, F|
|poke|p1|Basculin-White-Striped, M|
|poke|p1|Masquerain, M|
|poke|p1|Entei|
|poke|p1|Donphan, F|
|poke|p1|Keldeo-Resolute|
|poke|p2|Porygon2|
|poke|p2|Iron Hands|
|poke|p2|Cresselia, F|
|poke|p2|Hatterene, F|
|poke|p2|Volcanion|
|poke|p2|Ursaluna, F|
|teampreview
|inactive|Battle timer is ON: inactive players will automatically lose when time's up. (requested by BIGBODY55)
|
|t:|1776122295
|teamsize|p1|6
|teamsize|p2|6
|start
|switch|p1a: Hamr|Tinkaton, F|100/100
|switch|p2a: Porygon2|Porygon2|100/100
|-ability|p1a: Hamr|Mold Breaker
|-ability|p2a: Porygon2|Download|boost
|-boost|p2a: Porygon2|atk|1
|turn|1
|c|☆BIGBODY55|Don’t bring tricks to the trick house
|
|t:|1776122307
|-terastallize|p2a: Porygon2|Ground
|move|p1a: Hamr|Substitute|p1a: Hamr
|-start|p1a: Hamr|Substitute
|-damage|p1a: Hamr|75/100
|move|p2a: Porygon2|Tera Blast|p1a: Hamr|[anim] Tera Blast Ground
|-supereffective|p1a: Hamr
|-end|p1a: Hamr|Substitute
|
|upkeep
|turn|2
|
|t:|1776122318
|move|p1a: Hamr|Substitute|p1a: Hamr
|-start|p1a: Hamr|Substitute
|-damage|p1a: Hamr|50/100
|move|p2a: Porygon2|Tera Blast|p1a: Hamr|[anim] Tera Blast Ground
|-supereffective|p1a: Hamr
|-end|p1a: Hamr|Substitute
|
|upkeep
|turn|3
|
|t:|1776122332
|move|p1a: Hamr|Substitute|p1a: Hamr
|-start|p1a: Hamr|Substitute
|-damage|p1a: Hamr|25/100
|-enditem|p1a: Hamr|Liechi Berry|[eat]
|-boost|p1a: Hamr|atk|1|[from] item: Liechi Berry
|move|p2a: Porygon2|Tera Blast|p1a: Hamr|[anim] Tera Blast Ground
|-supereffective|p1a: Hamr
|-end|p1a: Hamr|Substitute
|
|upkeep
|turn|4
|
|t:|1776122340
|move|p1a: Hamr|Gigaton Hammer|p2a: Porygon2
|-damage|p2a: Porygon2|43/100
|move|p2a: Porygon2|Tera Blast|p1a: Hamr|[anim] Tera Blast Ground
|-supereffective|p1a: Hamr
|-damage|p1a: Hamr|0 fnt
|faint|p1a: Hamr
|
|upkeep
|
|t:|1776122346
|switch|p1a: WalkingWayne|Basculin-White-Striped, M|100/100
|turn|5
|
|t:|1776122362
|switch|p2a: Hatterene|Hatterene, F|100/100
|move|p1a: WalkingWayne|Scale Shot|p2a: Hatterene
|-immune|p2a: Hatterene
|
|upkeep
|turn|6
|
|t:|1776122368
|move|p1a: WalkingWayne|Liquidation|p2a: Hatterene
|-damage|p2a: Hatterene|46/100
|move|p2a: Hatterene|Trick Room|p2a: Hatterene
|-fieldstart|move: Trick Room|[of] p2a: Hatterene
|
|upkeep
|turn|7
|
|t:|1776122385
|switch|p2a: Iron Hands|Iron Hands|100/100
|-enditem|p2a: Iron Hands|Booster Energy
|-activate|p2a: Iron Hands|ability: Quark Drive|[fromitem]
|-start|p2a: Iron Hands|quarkdriveatk
|switch|p1a: Roland|Donphan, F, shiny|100/100
|
|upkeep
|turn|8
|
|t:|1776122396
|move|p2a: Iron Hands|Ice Punch|p1a: Roland
|-supereffective|p1a: Roland
|-damage|p1a: Roland|52/100
|-status|p1a: Roland|frz
|-damage|p2a: Iron Hands|84/100|[from] item: Rocky Helmet|[of] p1a: Roland
|cant|p1a: Roland|frz
|
|upkeep
|turn|9
|c|☆blah ah|My bad
|
|t:|1776122419
|move|p2a: Iron Hands|Swords Dance|p2a: Iron Hands
|-boost|p2a: Iron Hands|atk|2
|cant|p1a: Roland|frz
|
|upkeep
|turn|10
|c|☆BIGBODY55|;-;
|
|t:|1776122435
|switch|p1a: Masquerain|Masquerain, M|100/100
|-ability|p1a: Masquerain|Intimidate|boost
|-unboost|p2a: Iron Hands|atk|1
|move|p2a: Iron Hands|Ice Punch|p1a: Masquerain
|-supereffective|p1a: Masquerain
|-damage|p1a: Masquerain|0 fnt
|faint|p1a: Masquerain
|
|-fieldend|move: Trick Room
|upkeep
|inactive|BIGBODY55 has 120 seconds left.
|
|t:|1776122450
|switch|p1a: WalkingWayne|Basculin-White-Striped, M|100/100
|turn|11
|
|t:|1776122453
|move|p1a: WalkingWayne|Flip Turn|p2a: Iron Hands
|-damage|p2a: Iron Hands|62/100
|
|t:|1776122456
|switch|p1a: Roland|Donphan, F, shiny|52/100 frz|[from] Flip Turn
|move|p2a: Iron Hands|Wild Charge|p1a: Roland
|-immune|p1a: Roland
|
|upkeep
|turn|12
|
|t:|1776122485
|cant|p1a: Roland|frz
|move|p2a: Iron Hands|Ice Punch|p1a: Roland
|-supereffective|p1a: Roland
|-damage|p1a: Roland|0 fnt
|-damage|p2a: Iron Hands|45/100|[from] item: Rocky Helmet|[of] p1a: Roland
|faint|p1a: Roland
|
|upkeep
|
|t:|1776122492
|switch|p1a: Skipper|Keldeo-Resolute, shiny|100/100
|turn|13
|
|t:|1776122508
|-end|p2a: Iron Hands|Quark Drive|[silent]
|switch|p2a: Cresselia|Cresselia, F|100/100
|move|p1a: Skipper|Surf|p2a: Cresselia
|-damage|p2a: Cresselia|60/100
|
|upkeep
|turn|14
|
|t:|1776122517
|switch|p1a: Bruce|Entei, shiny|100/100
|move|p2a: Cresselia|Trick Room|p2a: Cresselia
|-fieldstart|move: Trick Room|[of] p2a: Cresselia
|
|upkeep
|turn|15
|
|t:|1776122529
|switch|p2a: Volcanion|Volcanion|100/100
|switch|p1a: Skipper|Keldeo-Resolute, shiny|100/100
|
|upkeep
|turn|16
|inactive|blah ah has 120 seconds left.
|
|t:|1776122564
|move|p2a: Volcanion|Scorching Sands|p1a: Skipper
|-damage|p1a: Skipper|68/100
|move|p1a: Skipper|Secret Sword|p2a: Volcanion
|-damage|p2a: Volcanion|44/100
|
|-heal|p2a: Volcanion|50/100|[from] item: Leftovers
|upkeep
|turn|17
|
|t:|1776122573
|move|p2a: Volcanion|Scorching Sands|p1a: Skipper
|-damage|p1a: Skipper|38/100
|move|p1a: Skipper|Secret Sword|p2a: Volcanion
|-damage|p2a: Volcanion|0 fnt
|faint|p2a: Volcanion
|
|upkeep
|
|t:|1776122583
|switch|p2a: Iron Hands|Iron Hands|45/100
|turn|18
|inactive|blah ah has 120 seconds left.
|
|t:|1776122589
|switch|p1a: Bruce|Entei, shiny|100/100
|move|p2a: Iron Hands|Wild Charge|p1a: Bruce
|-damage|p1a: Bruce|43/100
|-damage|p2a: Iron Hands|35/100|[from] Recoil
|
|-fieldend|move: Trick Room
|upkeep
|turn|19
|inactive|blah ah has 120 seconds left.
|
|t:|1776122600
|-end|p2a: Iron Hands|Quark Drive|[silent]
|switch|p2a: Cresselia|Cresselia, F|60/100
|move|p1a: Bruce|Sacred Fire|p2a: Cresselia
|-damage|p2a: Cresselia|33/100
|-status|p2a: Cresselia|brn
|
|-damage|p2a: Cresselia|26/100 brn|[from] brn
|upkeep
|turn|20
|
|t:|1776122610
|move|p1a: Bruce|Sacred Fire|p2a: Cresselia
|-damage|p2a: Cresselia|0 fnt
|faint|p2a: Cresselia
|
|upkeep
|
|t:|1776122615
|switch|p2a: Porygon2|Porygon2, tera:Ground|43/100
|-ability|p2a: Porygon2|Download|boost
|-boost|p2a: Porygon2|spa|1
|turn|21
|
|t:|1776122625
|switch|p1a: WalkingWayne|Basculin-White-Striped, M|100/100
|move|p2a: Porygon2|Trick Room|p2a: Porygon2
|-fieldstart|move: Trick Room|[of] p2a: Porygon2
|
|upkeep
|turn|22
|inactive|BIGBODY55 has 120 seconds left.
|
|t:|1776122656
|move|p2a: Porygon2|Tera Blast|p1a: WalkingWayne|[anim] Tera Blast Ground
|-damage|p1a: WalkingWayne|4/100
|move|p1a: WalkingWayne|Liquidation|p2a: Porygon2
|-supereffective|p2a: Porygon2
|-damage|p2a: Porygon2|0 fnt
|faint|p2a: Porygon2
|
|upkeep
|
|t:|1776122665
|switch|p2a: Iron Hands|Iron Hands|35/100
|turn|23
|
|t:|1776122676
|move|p1a: WalkingWayne|Aqua Jet|p2a: Iron Hands
|-damage|p2a: Iron Hands|20/100
|move|p2a: Iron Hands|Drain Punch|p1a: WalkingWayne
|-damage|p1a: WalkingWayne|0 fnt
|-heal|p2a: Iron Hands|21/100|[from] drain|[of] p1a: WalkingWayne
|faint|p1a: WalkingWayne
|
|upkeep
|
|t:|1776122678
|switch|p1a: Bruce|Entei, shiny|43/100
|turn|24
|
|t:|1776122690
|-terastallize|p1a: Bruce|Normal
|move|p1a: Bruce|Extreme Speed|p2a: Iron Hands
|-damage|p2a: Iron Hands|0 fnt
|faint|p2a: Iron Hands
|-end|p2a: Iron Hands|Quark Drive|[silent]
|
|upkeep
|
|t:|1776122699
|switch|p2a: Ursaluna|Ursaluna, F|100/100
|turn|25
|
|t:|1776122714
|move|p1a: Bruce|Extreme Speed|p2a: Ursaluna
|-damage|p2a: Ursaluna|75/100
|-damage|p1a: Bruce|26/100|[from] item: Rocky Helmet|[of] p2a: Ursaluna
|move|p2a: Ursaluna|Earthquake|p1a: Bruce
|-damage|p1a: Bruce|0 fnt
|faint|p1a: Bruce
|
|-fieldend|move: Trick Room
|upkeep
|
|t:|1776122717
|switch|p1a: Skipper|Keldeo-Resolute, shiny|38/100
|turn|26
|c|☆BIGBODY55|Good game well played
|
|t:|1776122729
|move|p1a: Skipper|Surf|p2a: Ursaluna
|-supereffective|p2a: Ursaluna
|-damage|p2a: Ursaluna|0 fnt
|faint|p2a: Ursaluna
|
|upkeep
|
|t:|1776122734
|switch|p2a: Hatterene|Hatterene, F|46/100
|turn|27
|
|t:|1776122741
|move|p1a: Skipper|Surf|p2a: Hatterene
|-damage|p2a: Hatterene|0 fnt
|faint|p2a: Hatterene
|
|win|BIGBODY55
|raw|BIGBODY55's rating: 1108 &rarr; <strong>1136</strong><br />(+28 for winning)
|raw|blah ah's rating: 1154 &rarr; <strong>1126</strong><br />(-28 for losing)
|c|☆BIGBODY55|Specs
|c|☆blah ah|Gg
