|html|<div class="broadcast-blue"><strong>[Gen 9] OU is currently suspecting Tera Blast! For information on how to participate check out the <a href="https://www.smogon.com/tools/suspects/view/200">suspect thread</a>.</strong></div>
|j|☆Cuppycakepop
|j|☆sandocopter
|t:|1776159418
|gametype|singles
|player|p1|Cuppycakepop|cynthia-masters4|1070
|player|p2|sandocopter|policeman-gen4|1000
|gen|9
|tier|[Gen 9] OU
|rated|
|rule|HP Percentage Mod: HP is shown in percentages
|rule|Endless Battle Clause: Forcing endless battles is banned
|rule|Species Clause: Limit one of each Pokémon
|rule|OHKO Clause: OHKO moves are banned
|rule|Evasion Items Clause: Evasion items are banned
|rule|Evasion Moves Clause: Evasion moves are banned
|rule|Evasion Abilities Clause: Evasion abilities are banned
|rule|Sleep Moves Clause: Sleep-inducing moves are banned
|clearpoke
|poke|p1|Araquanid, M|
|poke|p1|Iron Crown|
|poke|p1|Glimmora, M|
|poke|p1|Mienshao, F|
|poke|p1|Hatterene, F|
|poke|p1|Polteageist-Antique|
|poke|p2|Zoroark-Hisui, M|
|poke|p2|Dondozo, F|
|poke|p2|Dragapult, F|
|poke|p2|Scizor, F|
|poke|p2|Garganacl, F|
|poke|p2|Cetitan, M|
|teampreview
|inactive|Battle timer is ON: inactive players will automatically lose when time's up. (requested by Cuppycakepop)
|inactive|sandocopter has 120 seconds left.
|
|t:|1776159452
|teamsize|p1|6
|teamsize|p2|6
|start
|switch|p1a: Glimmora|Glimmora, M|100/100
|switch|p2a: Dondozo|Dondozo, F, shiny|100/100
|turn|1
|
|t:|1776159463
|move|p1a: Glimmora|Spikes|p2a: Dondozo
|-sidestart|p2: sandocopter|Spikes
|move|p2a: Dondozo|Hydro Pump|p1a: Glimmora|[miss]
|-miss|p2a: Dondozo|p1a: Glimmora
|
|upkeep
|turn|2
|
|t:|1776159473
|move|p1a: Glimmora|Energy Ball|p2a: Dondozo
|-supereffective|p2a: Dondozo
|-damage|p2a: Dondozo|37/100
|-enditem|p2a: Dondozo|Weakness Policy
|-boost|p2a: Dondozo|atk|2|[from] item: Weakness Policy
|-boost|p2a: Dondozo|spa|2|[from] item: Weakness Policy
|move|p2a: Dondozo|Hydro Pump|p1a: Glimmora
|-supereffective|p1a: Glimmora
|-enditem|p1a: Glimmora|Focus Sash
|-damage|p1a: Glimmora|1/100
|
|upkeep
|turn|3
|
|t:|1776159488
|move|p1a: Glimmora|Explosion|p2a: Dondozo
|-damage|p2a: Dondozo|18/100
|faint|p1a: Glimmora
|move|p2a: Dondozo|Earthquake|p1: Glimmora|[notarget]
|-fail|p2a: Dondozo
|
|upkeep
|
|t:|1776159506
|switch|p1a: Iron Crown|Iron Crown|100/100
|-enditem|p1a: Iron Crown|Booster Energy
|-activate|p1a: Iron Crown|ability: Quark Drive|[fromitem]
|-start|p1a: Iron Crown|quarkdrivespa
|turn|4
|
|t:|1776159520
|move|p1a: Iron Crown|Psychic|p2a: Dondozo
|-damage|p2a: Dondozo|0 fnt
|faint|p2a: Dondozo
|
|upkeep
|
|t:|1776159530
|switch|p2a: Cetitan|Cetitan, M|100/100
|-damage|p2a: Cetitan|88/100|[from] Spikes
|turn|5
|
|t:|1776159537
|move|p2a: Cetitan|Foul Play|p1a: Iron Crown
|-supereffective|p1a: Iron Crown
|-damage|p1a: Iron Crown|65/100
|move|p1a: Iron Crown|Agility|p1a: Iron Crown
|-boost|p1a: Iron Crown|spe|2
|
|upkeep
|turn|6
|
|t:|1776159545
|move|p1a: Iron Crown|Tachyon Cutter|p2a: Cetitan
|-damage|p2a: Cetitan|18/100
|replace|p2a: Zoroark|Zoroark-Hisui, M
|-end|p2a: Zoroark|Illusion
|-damage|p2a: Zoroark|0 fnt
|faint|p2a: Zoroark
|-hitcount|p2: Zoroark|2
|
|upkeep
|
|t:|1776159558
|switch|p2a: Scizor|Scizor, F|100/100
|-damage|p2a: Scizor|88/100|[from] Spikes
|turn|7
|
|t:|1776159572
|move|p1a: Iron Crown|Air Slash|p2a: Scizor
|-crit|p2a: Scizor
|-damage|p2a: Scizor|34/100
|move|p2a: Scizor|Bug Buzz|p1a: Iron Crown
|-damage|p1a: Iron Crown|46/100
|
|upkeep
|turn|8
|
|t:|1776159584
|move|p1a: Iron Crown|Air Slash|p2a: Scizor
|-damage|p2a: Scizor|0 fnt
|faint|p2a: Scizor
|
|upkeep
|
|t:|1776159594
|switch|p2a: Cetitan|Cetitan, M|100/100
|-damage|p2a: Cetitan|88/100|[from] Spikes
|turn|9
|
|t:|1776159602
|move|p1a: Iron Crown|Tachyon Cutter|p2a: Cetitan
|-supereffective|p2a: Cetitan
|-damage|p2a: Cetitan|15/100
|-supereffective|p2a: Cetitan
|-damage|p2a: Cetitan|0 fnt
|faint|p2a: Cetitan
|-hitcount|p2: Cetitan|2
|
|upkeep
|
|t:|1776159615
|switch|p2a: Garganacl|Garganacl, F|100/100
|-damage|p2a: Garganacl|88/100|[from] Spikes
|turn|10
|
|t:|1776159625
|move|p1a: Iron Crown|Tachyon Cutter|p2a: Garganacl
|-supereffective|p2a: Garganacl
|-damage|p2a: Garganacl|30/100
|-supereffective|p2a: Garganacl
|-damage|p2a: Garganacl|0 fnt
|faint|p2a: Garganacl
|-hitcount|p2: Garganacl|2
|
|upkeep
|
|t:|1776159633
|switch|p2a: Dragapult|Dragapult, F|100/100
|-damage|p2a: Dragapult|88/100|[from] Spikes
|turn|11
|
|t:|1776159642
|move|p1a: Iron Crown|Tachyon Cutter|p2a: Dragapult
|-damage|p2a: Dragapult|44/100
|-damage|p2a: Dragapult|0 fnt
|faint|p2a: Dragapult
|-hitcount|p2: Dragapult|2
|
|win|Cuppycakepop
|raw|Cuppycakepop's rating: 1070 &rarr; <strong>1094</strong><br />(+24 for winning)
|raw|sandocopter's rating: 1000 &rarr; <strong>1000</strong><br />(+0 for losing)
