|html|<div class="broadcast-blue"><strong>[Gen 9] OU is currently suspecting Tera Blast! For information on how to participate check out the <a href="https://www.smogon.com/tools/suspects/view/200">suspect thread</a>.</strong></div>
|j|☆Kml60
|j|☆R3throGam3r
|t:|1776250009
|gametype|singles
|player|p1|Kml60|2|1095
|player|p2|R3throGam3r|clair|1088
|gen|9
|tier|[Gen 9] OU
|rated|
|rule|HP Percentage Mod: HP is shown in percentages
|rule|Endless Battle Clause: Forcing endless battles is banned
|rule|Species Clause: Limit one of each Pokémon
|rule|OHKO Clause: OHKO moves are banned
|rule|Evasion Items Clause: Evasion items are banned
|rule|Evasion Moves Clause: Evasion moves are banned
|rule|Evasion Abilities Clause: Evasion abilities are banned
|rule|Sleep Moves Clause: Sleep-inducing moves are banned
|clearpoke
|poke|p1|Cinderace, F|
|poke|p1|Darkrai|
|poke|p1|Landorus-Therian, M|
|poke|p1|Zamazenta-*|
|poke|p1|Pecharunt|
|poke|p1|Primarina, M|
|poke|p2|Toxapex, M|
|poke|p2|Dondozo, M|
|poke|p2|Gliscor, M|
|poke|p2|Corviknight, M|
|poke|p2|Weezing-Galar, F|
|poke|p2|Iron Leaves|
|teampreview
|
|t:|1776250022
|teamsize|p1|6
|teamsize|p2|6
|start
|switch|p1a: Landorus|Landorus-Therian, M|100/100
|switch|p2a: Gliscor|Gliscor, M|100/100
|-ability|p1a: Landorus|Intimidate|boost
|-unboost|p2a: Gliscor|atk|1
|turn|1
|
|t:|1776250043
|move|p1a: Landorus|Stealth Rock|p2a: Gliscor
|-sidestart|p2: R3throGam3r|move: Stealth Rock
|move|p2a: Gliscor|Stealth Rock|p1a: Landorus
|-sidestart|p1: Kml60|move: Stealth Rock
|
|-status|p2a: Gliscor|tox|[from] item: Toxic Orb
|upkeep
|turn|2
|
|t:|1776250051
|switch|p1a: Darkrai|Darkrai|100/100
|move|p2a: Gliscor|Knock Off|p1a: Darkrai
|-resisted|p1a: Darkrai
|-damage|p1a: Darkrai|88/100
|-enditem|p1a: Darkrai|Heavy-Duty Boots|[from] move: Knock Off|[of] p2a: Gliscor
|
|upkeep
|turn|3
|
|t:|1776250064
|move|p1a: Darkrai|Ice Beam|p2a: Gliscor
|-supereffective|p2a: Gliscor
|-damage|p2a: Gliscor|0 fnt
|faint|p2a: Gliscor
|
|upkeep
|
|t:|1776250069
|switch|p2a: Weezing|Weezing-Galar, F|100/100
|-ability|p2a: Weezing|Neutralizing Gas
|-damage|p2a: Weezing|88/100|[from] Stealth Rock
|turn|4
|
|t:|1776250090
|switch|p1a: Zamazenta|Zamazenta|100/100
|move|p2a: Weezing|Defog|p1a: Zamazenta
|-unboost|p1a: Zamazenta|evasion|1
|-sideend|p1: Kml60|Stealth Rock|[from] move: Defog|[of] p2a: Weezing
|-sideend|p2: R3throGam3r|Stealth Rock|[from] move: Defog|[of] p2a: Weezing
|
|upkeep
|turn|5
|
|t:|1776250101
|-terastallize|p1a: Zamazenta|Steel
|move|p1a: Zamazenta|Heavy Slam|p2a: Weezing
|-supereffective|p2a: Weezing
|-damage|p2a: Weezing|16/100
|move|p2a: Weezing|Toxic|p1a: Zamazenta
|-immune|p1a: Zamazenta
|
|upkeep
|turn|6
|
|t:|1776250111
|-end|p2a: Weezing|ability: Neutralizing Gas
|-ability|p1a: Zamazenta|Dauntless Shield|boost
|-boost|p1a: Zamazenta|def|1
|switch|p2a: Corviknight|Corviknight, M|100/100
|move|p1a: Zamazenta|Heavy Slam|p2a: Corviknight
|-resisted|p2a: Corviknight
|-damage|p2a: Corviknight|89/100
|
|upkeep
|turn|7
|
|t:|1776250135
|switch|p1a: Cinderace|Cinderace, F|100/100
|move|p2a: Corviknight|Body Press|p1a: Cinderace
|-damage|p1a: Cinderace|75/100
|
|upkeep
|turn|8
|
|t:|1776250143
|switch|p2a: Toxapex|Toxapex, M|100/100
|move|p1a: Cinderace|Pyro Ball|p2a: Toxapex
|-resisted|p2a: Toxapex
|-damage|p2a: Toxapex|83/100
|
|upkeep
|turn|9
|
|t:|1776250154
|switch|p1a: Pecharunt|Pecharunt|100/100
|move|p2a: Toxapex|Surf|p1a: Pecharunt
|-damage|p1a: Pecharunt|80/100
|
|upkeep
|turn|10
|
|t:|1776250168
|switch|p2a: Dondozo|Dondozo, M|100/100
|move|p1a: Pecharunt|Shadow Ball|p2a: Dondozo
|-damage|p2a: Dondozo|78/100
|
|-heal|p2a: Dondozo|84/100|[from] item: Leftovers
|upkeep
|turn|11
|
|t:|1776250181
|move|p1a: Pecharunt|Malignant Chain|p2a: Dondozo
|-damage|p2a: Dondozo|53/100
|move|p2a: Dondozo|Avalanche|p1a: Pecharunt
|-damage|p1a: Pecharunt|63/100
|
|-heal|p2a: Dondozo|60/100|[from] item: Leftovers
|upkeep
|turn|12
|
|t:|1776250191
|switch|p2a: Corviknight|Corviknight, M|89/100
|move|p1a: Pecharunt|Malignant Chain|p2a: Corviknight
|-immune|p2a: Corviknight
|
|upkeep
|turn|13
|
|t:|1776250201
|switch|p1a: Cinderace|Cinderace, F|75/100
|move|p2a: Corviknight|U-turn|p1a: Cinderace
|-resisted|p1a: Cinderace
|-damage|p1a: Cinderace|65/100
|
|t:|1776250211
|switch|p2a: Iron Leaves|Iron Leaves|100/100|[from] U-turn
|-enditem|p2a: Iron Leaves|Booster Energy
|-activate|p2a: Iron Leaves|ability: Quark Drive|[fromitem]
|-start|p2a: Iron Leaves|quarkdriveatk
|
|upkeep
|turn|14
|
|t:|1776250221
|move|p1a: Cinderace|Pyro Ball|p2a: Iron Leaves|[miss]
|-miss|p1a: Cinderace|p2a: Iron Leaves
|move|p2a: Iron Leaves|Psyblade|p1a: Cinderace
|-damage|p1a: Cinderace|0 fnt
|faint|p1a: Cinderace
|
|upkeep
|
|t:|1776250233
|switch|p1a: Pecharunt|Pecharunt|63/100
|turn|15
|
|t:|1776250245
|move|p2a: Iron Leaves|Psyblade|p1a: Pecharunt
|-supereffective|p1a: Pecharunt
|-damage|p1a: Pecharunt|0 fnt
|faint|p1a: Pecharunt
|
|upkeep
|
|t:|1776250254
|switch|p1a: Darkrai|Darkrai|88/100
|turn|16
|
|t:|1776250266
|move|p1a: Darkrai|Ice Beam|p2a: Iron Leaves
|-supereffective|p2a: Iron Leaves
|-damage|p2a: Iron Leaves|39/100
|move|p2a: Iron Leaves|Close Combat|p1a: Darkrai
|-supereffective|p1a: Darkrai
|-damage|p1a: Darkrai|0 fnt
|-unboost|p2a: Iron Leaves|def|1
|-unboost|p2a: Iron Leaves|spd|1
|faint|p1a: Darkrai
|
|upkeep
|
|t:|1776250280
|switch|p1a: Zamazenta|Zamazenta, tera:Steel|100/100
|turn|17
|c|☆R3throGam3r|i am sorry for what i am doing to you
|
|t:|1776250289
|move|p1a: Zamazenta|Heavy Slam|p2a: Iron Leaves
|-damage|p2a: Iron Leaves|5/100
|move|p2a: Iron Leaves|Close Combat|p1a: Zamazenta
|-supereffective|p1a: Zamazenta
|-damage|p1a: Zamazenta|6/100
|-unboost|p2a: Iron Leaves|def|1
|-unboost|p2a: Iron Leaves|spd|1
|
|upkeep
|turn|18
|
|t:|1776250298
|-end|p2a: Iron Leaves|Quark Drive|[silent]
|switch|p2a: Corviknight|Corviknight, M|89/100
|move|p1a: Zamazenta|Heavy Slam|p2a: Corviknight
|-resisted|p2a: Corviknight
|-damage|p2a: Corviknight|77/100
|
|upkeep
|turn|19
|
|t:|1776250306
|move|p1a: Zamazenta|Stone Edge|p2a: Corviknight
|-damage|p2a: Corviknight|51/100
|move|p2a: Corviknight|Tailwind|p2a: Corviknight
|-sidestart|p2: R3throGam3r|move: Tailwind
|
|upkeep
|turn|20
|
|t:|1776250316
|move|p1a: Zamazenta|Stone Edge|p2a: Corviknight
|-crit|p2a: Corviknight
|-damage|p2a: Corviknight|10/100
|-enditem|p2a: Corviknight|Sitrus Berry|[eat]
|-heal|p2a: Corviknight|35/100|[from] item: Sitrus Berry
|move|p2a: Corviknight|U-turn|p1a: Zamazenta
|-resisted|p1a: Zamazenta
|-damage|p1a: Zamazenta|0 fnt
|faint|p1a: Zamazenta
|
|t:|1776250324
|switch|p2a: Iron Leaves|Iron Leaves|5/100|[from] U-turn
|
|upkeep
|
|t:|1776250332
|switch|p1a: Landorus|Landorus-Therian, M|100/100
|-ability|p1a: Landorus|Intimidate|boost
|-unboost|p2a: Iron Leaves|atk|1
|turn|21
|
|t:|1776250337
|move|p2a: Iron Leaves|Leaf Blade|p1a: Landorus
|-damage|p1a: Landorus|64/100
|move|p1a: Landorus|Earthquake|p2a: Iron Leaves
|-resisted|p2a: Iron Leaves
|-damage|p2a: Iron Leaves|0 fnt
|faint|p2a: Iron Leaves
|-end|p2a: Iron Leaves|Quark Drive|[silent]
|
|upkeep
|
|t:|1776250344
|switch|p2a: Toxapex|Toxapex, M|100/100
|turn|22
|
|t:|1776250354
|move|p1a: Landorus|Earthquake|p2a: Toxapex
|-supereffective|p2a: Toxapex
|-damage|p2a: Toxapex|34/100
|move|p2a: Toxapex|Surf|p1a: Landorus
|-supereffective|p1a: Landorus
|-damage|p1a: Landorus|15/100
|
|-sideend|p2: R3throGam3r|move: Tailwind
|upkeep
|turn|23
|
|t:|1776250362
|switch|p2a: Corviknight|Corviknight, M|35/100
|move|p1a: Landorus|Earthquake|p2a: Corviknight
|-immune|p2a: Corviknight
|
|upkeep
|turn|24
|
|t:|1776250370
|switch|p1a: Primarina|Primarina, M|100/100
|move|p2a: Corviknight|Body Press|p1a: Primarina
|-resisted|p1a: Primarina
|-damage|p1a: Primarina|87/100
|
|upkeep
|turn|25
|
|t:|1776250388
|move|p1a: Primarina|Surf|p2a: Corviknight
|-damage|p2a: Corviknight|1/100
|move|p2a: Corviknight|U-turn|p1a: Primarina
|-resisted|p1a: Primarina
|-damage|p1a: Primarina|78/100
|
|t:|1776250393
|switch|p2a: Dondozo|Dondozo, M|60/100|[from] U-turn
|
|-heal|p2a: Dondozo|66/100|[from] item: Leftovers
|upkeep
|turn|26
|
|t:|1776250402
|move|p1a: Primarina|Moonblast|p2a: Dondozo
|-damage|p2a: Dondozo|15/100
|move|p2a: Dondozo|Rest|p2a: Dondozo
|-status|p2a: Dondozo|slp|[from] move: Rest
|-heal|p2a: Dondozo|100/100 slp|[silent]
|
|upkeep
|turn|27
|
|t:|1776250410
|move|p1a: Primarina|Moonblast|p2a: Dondozo
|-damage|p2a: Dondozo|46/100 slp
|cant|p2a: Dondozo|slp
|move|p2a: Dondozo|Sleep Talk|p2a: Dondozo
|move|p2a: Dondozo|Avalanche|p1a: Primarina|[from] move: Sleep Talk
|-resisted|p1a: Primarina
|-crit|p1a: Primarina
|-damage|p1a: Primarina|48/100
|
|-heal|p2a: Dondozo|52/100 slp|[from] item: Leftovers
|upkeep
|turn|28
|c|☆R3throGam3r|i keep forgetting that ice isn't effective against water
|
|t:|1776250431
|switch|p2a: Toxapex|Toxapex, M|68/100
|move|p1a: Primarina|Moonblast|p2a: Toxapex
|-resisted|p2a: Toxapex
|-damage|p2a: Toxapex|47/100
|-unboost|p2a: Toxapex|spa|1
|
|upkeep
|turn|29
|
|t:|1776250442
|move|p1a: Primarina|Psychic Noise|p2a: Toxapex
|-supereffective|p2a: Toxapex
|-damage|p2a: Toxapex|0 fnt
|faint|p2a: Toxapex
|
|upkeep
|
|t:|1776250447
|switch|p2a: Weezing|Weezing-Galar, F|16/100
|-ability|p2a: Weezing|Neutralizing Gas
|turn|30
|
|t:|1776250455
|move|p1a: Primarina|Surf|p2a: Weezing
|-damage|p2a: Weezing|0 fnt
|faint|p2a: Weezing
|-end|p2a: Weezing|ability: Neutralizing Gas
|
|upkeep
|
|t:|1776250460
|switch|p2a: Dondozo|Dondozo, M|52/100 slp
|turn|31
|
|t:|1776250463
|move|p1a: Primarina|Moonblast|p2a: Dondozo
|-damage|p2a: Dondozo|3/100 slp
|cant|p2a: Dondozo|slp
|move|p2a: Dondozo|Sleep Talk|p2a: Dondozo
|move|p2a: Dondozo|Body Press|p1a: Primarina|[from] move: Sleep Talk
|-resisted|p1a: Primarina
|-damage|p1a: Primarina|28/100
|
|-heal|p2a: Dondozo|10/100 slp|[from] item: Leftovers
|upkeep
|turn|32
|c|☆R3throGam3r|gg
|
|t:|1776250480
|move|p1a: Primarina|Surf|p2a: Dondozo
|-resisted|p2a: Dondozo
|-damage|p2a: Dondozo|0 fnt
|faint|p2a: Dondozo
|
|upkeep
|
|t:|1776250502
|switch|p2a: Corviknight|Corviknight, M|1/100
|turn|33
|
|t:|1776250514
|move|p1a: Primarina|Surf|p2a: Corviknight
|-damage|p2a: Corviknight|0 fnt
|faint|p2a: Corviknight
|
|win|Kml60
|raw|Kml60's rating: 1095 &rarr; <strong>1120</strong><br />(+25 for winning)
|raw|R3throGam3r's rating: 1088 &rarr; <strong>1065</strong><br />(-23 for losing)
|l|☆R3throGam3r
|player|p2|
