|html|<div class="broadcast-blue"><strong>[Gen 9] OU is currently suspecting Tera Blast! For information on how to participate check out the <a href="https://www.smogon.com/tools/suspects/view/200">suspect thread</a>.</strong></div>
|j|☆Not now please
|j|☆dasdadawdasdad
|t:|1776253896
|gametype|singles
|player|p1|Not now please|ghetsis|1294
|player|p2|dasdadawdasdad|preschooler|1255
|gen|9
|tier|[Gen 9] OU
|rated|
|rule|HP Percentage Mod: HP is shown in percentages
|rule|Endless Battle Clause: Forcing endless battles is banned
|rule|Species Clause: Limit one of each Pokémon
|rule|OHKO Clause: OHKO moves are banned
|rule|Evasion Items Clause: Evasion items are banned
|rule|Evasion Moves Clause: Evasion moves are banned
|rule|Evasion Abilities Clause: Evasion abilities are banned
|rule|Sleep Moves Clause: Sleep-inducing moves are banned
|clearpoke
|poke|p1|Garchomp, M|
|poke|p1|Darkrai|
|poke|p1|Gholdengo|
|poke|p1|Ogerpon-Wellspring, F|
|poke|p1|Iron Valiant|
|poke|p1|Iron Treads|
|poke|p2|Heatran, F|
|poke|p2|Alomomola, F|
|poke|p2|Gliscor, F|
|poke|p2|Corviknight, F|
|poke|p2|Garganacl, F|
|poke|p2|Clodsire, M|
|teampreview
|inactive|Battle timer is ON: inactive players will automatically lose when time's up. (requested by Not now please)
|
|t:|1776253907
|teamsize|p1|6
|teamsize|p2|6
|start
|switch|p1a: Garchomp|Garchomp, M|100/100
|switch|p2a: Garganacl|Garganacl, F|100/100
|turn|1
|
|t:|1776253914
|-terastallize|p2a: Garganacl|Flying
|move|p1a: Garchomp|Stealth Rock|p2a: Garganacl
|-sidestart|p2: dasdadawdasdad|move: Stealth Rock
|move|p2a: Garganacl|Stealth Rock|p1a: Garchomp
|-sidestart|p1: Not now please|move: Stealth Rock
|
|upkeep
|turn|2
|
|t:|1776253920
|move|p1a: Garchomp|Spikes|p2a: Garganacl
|-sidestart|p2: dasdadawdasdad|Spikes
|move|p2a: Garganacl|Salt Cure|p1a: Garchomp
|-resisted|p1a: Garchomp
|-damage|p1a: Garchomp|96/100
|-start|p1a: Garchomp|Salt Cure
|
|-damage|p1a: Garchomp|84/100|[from] Salt Cure
|upkeep
|turn|3
|
|t:|1776253928
|switch|p1a: Ogerpon|Ogerpon-Wellspring, F|100/100
|-damage|p1a: Ogerpon|88/100|[from] Stealth Rock
|move|p2a: Garganacl|Protect||[still]
|-fail|p2a: Garganacl
|
|upkeep
|turn|4
|
|t:|1776253936
|move|p1a: Ogerpon|Ivy Cudgel|p2a: Garganacl|[anim] Ivy Cudgel Water
|-damage|p2a: Garganacl|69/100
|move|p2a: Garganacl|Salt Cure|p1a: Ogerpon
|-damage|p1a: Ogerpon|73/100
|-start|p1a: Ogerpon|Salt Cure
|
|-damage|p1a: Ogerpon|48/100|[from] Salt Cure
|upkeep
|turn|5
|
|t:|1776253949
|move|p1a: Ogerpon|Synthesis|p1a: Ogerpon
|-heal|p1a: Ogerpon|98/100
|move|p2a: Garganacl|Recover|p2a: Garganacl
|-heal|p2a: Garganacl|100/100
|
|-damage|p1a: Ogerpon|73/100|[from] Salt Cure
|upkeep
|turn|6
|
|t:|1776253956
|switch|p1a: Iron Treads|Iron Treads|100/100
|-damage|p1a: Iron Treads|98/100|[from] Stealth Rock
|move|p2a: Garganacl|Salt Cure|p1a: Iron Treads
|-resisted|p1a: Iron Treads
|-damage|p1a: Iron Treads|95/100
|-start|p1a: Iron Treads|Salt Cure
|
|-heal|p1a: Iron Treads|100/100|[from] item: Leftovers
|-damage|p1a: Iron Treads|76/100|[from] Salt Cure
|upkeep
|turn|7
|
|t:|1776253965
|move|p2a: Garganacl|Protect|p2a: Garganacl
|-singleturn|p2a: Garganacl|Protect
|move|p1a: Iron Treads|Rapid Spin|p2a: Garganacl
|-activate|p2a: Garganacl|move: Protect
|
|-heal|p1a: Iron Treads|82/100|[from] item: Leftovers
|-damage|p1a: Iron Treads|57/100|[from] Salt Cure
|upkeep
|turn|8
|
|t:|1776253973
|move|p1a: Iron Treads|Ice Spinner|p2a: Garganacl
|-supereffective|p2a: Garganacl
|-damage|p2a: Garganacl|77/100
|move|p2a: Garganacl|Stealth Rock||[still]
|-fail|p2a: Garganacl
|
|-heal|p1a: Iron Treads|63/100|[from] item: Leftovers
|-damage|p1a: Iron Treads|38/100|[from] Salt Cure
|upkeep
|turn|9
|
|t:|1776253984
|-end|p1a: Iron Treads|Quark Drive|[silent]
|switch|p1a: Garchomp|Garchomp, M|84/100
|-damage|p1a: Garchomp|78/100|[from] Stealth Rock
|move|p2a: Garganacl|Protect||[still]
|-fail|p2a: Garganacl
|
|upkeep
|turn|10
|
|t:|1776253990
|move|p2a: Garganacl|Salt Cure|p1a: Garchomp
|-resisted|p1a: Garchomp
|-crit|p1a: Garchomp
|-damage|p1a: Garchomp|71/100
|-start|p1a: Garchomp|Salt Cure
|move|p1a: Garchomp|Dragon Tail|p2a: Garganacl
|-damage|p2a: Garganacl|63/100
|drag|p2a: Gliscor|Gliscor, F|100/100
|-damage|p2a: Gliscor|88/100|[from] Stealth Rock
|
|-damage|p1a: Garchomp|59/100|[from] Salt Cure
|-status|p2a: Gliscor|tox|[from] item: Toxic Orb
|upkeep
|turn|11
|
|t:|1776254008
|move|p2a: Gliscor|Substitute|p2a: Gliscor
|-start|p2a: Gliscor|Substitute
|-damage|p2a: Gliscor|63/100 tox
|move|p1a: Garchomp|Dragon Tail|p2a: Gliscor
|-activate|p2a: Gliscor|move: Substitute|[damage]
|
|-heal|p2a: Gliscor|76/100 tox|[from] ability: Poison Heal
|-damage|p1a: Garchomp|47/100|[from] Salt Cure
|upkeep
|turn|12
|
|t:|1776254018
|move|p2a: Gliscor|Swords Dance|p2a: Gliscor
|-boost|p2a: Gliscor|atk|2
|move|p1a: Garchomp|Dragon Tail|p2a: Gliscor
|-end|p2a: Gliscor|Substitute
|
|-heal|p2a: Gliscor|88/100 tox|[from] ability: Poison Heal
|-damage|p1a: Garchomp|34/100|[from] Salt Cure
|upkeep
|turn|13
|
|t:|1776254026
|move|p2a: Gliscor|Substitute|p2a: Gliscor
|-start|p2a: Gliscor|Substitute
|-damage|p2a: Gliscor|63/100 tox
|move|p1a: Garchomp|Dragon Tail|p2a: Gliscor
|-activate|p2a: Gliscor|move: Substitute|[damage]
|
|-heal|p2a: Gliscor|76/100 tox|[from] ability: Poison Heal
|-damage|p1a: Garchomp|22/100|[from] Salt Cure
|upkeep
|turn|14
|
|t:|1776254035
|move|p2a: Gliscor|Swords Dance|p2a: Gliscor
|-boost|p2a: Gliscor|atk|2
|move|p1a: Garchomp|Dragon Tail|p2a: Gliscor
|-end|p2a: Gliscor|Substitute
|
|-heal|p2a: Gliscor|88/100 tox|[from] ability: Poison Heal
|-damage|p1a: Garchomp|10/100|[from] Salt Cure
|upkeep
|turn|15
|
|t:|1776254043
|move|p2a: Gliscor|Substitute|p2a: Gliscor
|-start|p2a: Gliscor|Substitute
|-damage|p2a: Gliscor|63/100 tox
|move|p1a: Garchomp|Dragon Tail|p2a: Gliscor
|-activate|p2a: Gliscor|move: Substitute|[damage]
|
|-heal|p2a: Gliscor|76/100 tox|[from] ability: Poison Heal
|-damage|p1a: Garchomp|0 fnt|[from] Salt Cure
|faint|p1a: Garchomp
|upkeep
|
|t:|1776254045
|switch|p1a: Ogerpon|Ogerpon-Wellspring, F|73/100
|-damage|p1a: Ogerpon|61/100|[from] Stealth Rock
|turn|16
|
|t:|1776254058
|move|p1a: Ogerpon|Ivy Cudgel|p2a: Gliscor|[anim] Ivy Cudgel Water
|-supereffective|p2a: Gliscor
|-end|p2a: Gliscor|Substitute
|move|p2a: Gliscor|Knock Off|p1a: Ogerpon
|-damage|p1a: Ogerpon|14/100
|
|-heal|p2a: Gliscor|88/100 tox|[from] ability: Poison Heal
|upkeep
|turn|17
|
|t:|1776254066
|switch|p2a: Corviknight|Corviknight, F|100/100
|-damage|p2a: Corviknight|88/100|[from] Stealth Rock
|-ability|p2a: Corviknight|Pressure
|move|p1a: Ogerpon|Ivy Cudgel|p2a: Corviknight|[anim] Ivy Cudgel Water
|-damage|p2a: Corviknight|58/100
|
|upkeep
|turn|18
|
|t:|1776254081
|move|p1a: Ogerpon|Synthesis|p1a: Ogerpon
|-heal|p1a: Ogerpon|63/100
|move|p2a: Corviknight|Roost|p2a: Corviknight
|-heal|p2a: Corviknight|100/100
|-singleturn|p2a: Corviknight|move: Roost
|
|upkeep
|turn|19
|
|t:|1776254087
|move|p1a: Ogerpon|Swords Dance|p1a: Ogerpon
|-boost|p1a: Ogerpon|atk|2
|move|p2a: Corviknight|Iron Defense|p2a: Corviknight
|-boost|p2a: Corviknight|def|2
|
|upkeep
|turn|20
|
|t:|1776254093
|move|p1a: Ogerpon|Swords Dance|p1a: Ogerpon
|-boost|p1a: Ogerpon|atk|2
|move|p2a: Corviknight|Iron Defense|p2a: Corviknight
|-boost|p2a: Corviknight|def|2
|
|upkeep
|turn|21
|
|t:|1776254099
|move|p1a: Ogerpon|Ivy Cudgel|p2a: Corviknight|[anim] Ivy Cudgel Water
|-damage|p2a: Corviknight|70/100
|move|p2a: Corviknight|Iron Defense|p2a: Corviknight
|-boost|p2a: Corviknight|def|2
|
|upkeep
|turn|22
|
|t:|1776254108
|move|p1a: Ogerpon|Ivy Cudgel|p2a: Corviknight|[anim] Ivy Cudgel Water
|-damage|p2a: Corviknight|45/100
|move|p2a: Corviknight|Roost|p2a: Corviknight
|-heal|p2a: Corviknight|95/100
|-singleturn|p2a: Corviknight|move: Roost
|
|upkeep
|turn|23
|
|t:|1776254115
|move|p1a: Ogerpon|Ivy Cudgel|p2a: Corviknight|[anim] Ivy Cudgel Water
|-damage|p2a: Corviknight|71/100
|move|p2a: Corviknight|Body Press|p1a: Ogerpon
|-damage|p1a: Ogerpon|0 fnt
|faint|p1a: Ogerpon
|
|upkeep
|
|t:|1776254122
|switch|p1a: Iron Valiant|Iron Valiant|100/100
|-damage|p1a: Iron Valiant|94/100|[from] Stealth Rock
|-enditem|p1a: Iron Valiant|Booster Energy
|-activate|p1a: Iron Valiant|ability: Quark Drive|[fromitem]
|-start|p1a: Iron Valiant|quarkdrivespe
|turn|24
|
|t:|1776254136
|switch|p2a: Heatran|Heatran, F|100/100
|-damage|p2a: Heatran|88/100|[from] Stealth Rock
|-damage|p2a: Heatran|76/100|[from] Spikes
|-terastallize|p1a: Iron Valiant|Electric
|move|p1a: Iron Valiant|Thunderbolt|p2a: Heatran
|-damage|p2a: Heatran|47/100
|
|-heal|p2a: Heatran|53/100|[from] item: Leftovers
|upkeep
|turn|25
|
|t:|1776254147
|-end|p1a: Iron Valiant|Quark Drive|[silent]
|switch|p1a: Iron Treads|Iron Treads|38/100
|-damage|p1a: Iron Treads|35/100|[from] Stealth Rock
|move|p2a: Heatran|Protect||[still]
|-fail|p2a: Heatran
|
|-heal|p1a: Iron Treads|41/100|[from] item: Leftovers
|-heal|p2a: Heatran|59/100|[from] item: Leftovers
|upkeep
|turn|26
|
|t:|1776254170
|switch|p2a: Corviknight|Corviknight, F|71/100
|-damage|p2a: Corviknight|59/100|[from] Stealth Rock
|-ability|p2a: Corviknight|Pressure
|move|p1a: Iron Treads|Rapid Spin|p2a: Corviknight
|-resisted|p2a: Corviknight
|-damage|p2a: Corviknight|55/100
|-boost|p1a: Iron Treads|spe|1
|-damage|p1a: Iron Treads|25/100|[from] item: Rocky Helmet|[of] p2a: Corviknight
|-sideend|p1: Not now please|Stealth Rock|[from] move: Rapid Spin|[of] p1a: Iron Treads
|
|-heal|p1a: Iron Treads|31/100|[from] item: Leftovers
|upkeep
|turn|27
|
|t:|1776254181
|move|p1a: Iron Treads|Knock Off|p2a: Corviknight
|-damage|p2a: Corviknight|41/100
|-damage|p1a: Iron Treads|14/100|[from] item: Rocky Helmet|[of] p2a: Corviknight
|-enditem|p2a: Corviknight|Rocky Helmet|[from] move: Knock Off|[of] p1a: Iron Treads
|move|p2a: Corviknight|Defog|p1a: Iron Treads
|-unboost|p1a: Iron Treads|evasion|1
|-sideend|p2: dasdadawdasdad|Spikes|[from] move: Defog|[of] p2a: Corviknight
|-sideend|p2: dasdadawdasdad|Stealth Rock|[from] move: Defog|[of] p2a: Corviknight
|
|-heal|p1a: Iron Treads|20/100|[from] item: Leftovers
|upkeep
|turn|28
|
|t:|1776254191
|-end|p1a: Iron Treads|Quark Drive|[silent]
|switch|p1a: Iron Valiant|Iron Valiant, tera:Electric|94/100
|move|p2a: Corviknight|Roost|p2a: Corviknight
|-heal|p2a: Corviknight|91/100
|-singleturn|p2a: Corviknight|move: Roost
|
|upkeep
|turn|29
|
|t:|1776254198
|switch|p2a: Clodsire|Clodsire, M|100/100
|move|p1a: Iron Valiant|Moonblast|p2a: Clodsire
|-resisted|p2a: Clodsire
|-damage|p2a: Clodsire|87/100
|
|-heal|p2a: Clodsire|94/100|[from] item: Leftovers
|upkeep
|turn|30
|-message|Not now please forfeited.
|
|win|dasdadawdasdad
|raw|Not now please's rating: 1294 &rarr; <strong>1266</strong><br />(-28 for losing)
|raw|dasdadawdasdad's rating: 1255 &rarr; <strong>1283</strong><br />(+28 for winning)
|l|☆Not now please
|player|p1|
