|html|<div class="broadcast-blue"><strong>[Gen 9] OU is currently suspecting Tera Blast! For information on how to participate check out the <a href="https://www.smogon.com/tools/suspects/view/200">suspect thread</a>.</strong></div>
|j|☆Auburn Hills
|j|☆a jellyfish
|t:|1776039573
|gametype|singles
|player|p1|Auburn Hills|alder|1795
|player|p2|a jellyfish|bianca|1751
|gen|9
|tier|[Gen 9] OU
|rated|
|rule|HP Percentage Mod: HP is shown in percentages
|rule|Endless Battle Clause: Forcing endless battles is banned
|rule|Species Clause: Limit one of each Pokémon
|rule|OHKO Clause: OHKO moves are banned
|rule|Evasion Items Clause: Evasion items are banned
|rule|Evasion Moves Clause: Evasion moves are banned
|rule|Evasion Abilities Clause: Evasion abilities are banned
|rule|Sleep Moves Clause: Sleep-inducing moves are banned
|clearpoke
|poke|p1|Iron Moth|
|poke|p1|Umbreon, F|
|poke|p1|Garchomp, M|
|poke|p1|Glimmora, M|
|poke|p1|Gholdengo|
|poke|p1|Dragonite, M|
|poke|p2|Ogerpon-Wellspring, F|
|poke|p2|Ting-Lu|
|poke|p2|Great Tusk|
|poke|p2|Gholdengo|
|poke|p2|Hydreigon, M|
|poke|p2|Moltres|
|teampreview
|inactive|Battle timer is ON: inactive players will automatically lose when time's up. (requested by a jellyfish)
|
|t:|1776039597
|teamsize|p1|6
|teamsize|p2|6
|start
|switch|p1a: Julia Jacklin|Glimmora, M|100/100
|switch|p2a: Hydreigon|Hydreigon, M, shiny|100/100
|turn|1
|j| TBTOPS
|
|t:|1776039616
|switch|p1a: Alvvays|Umbreon, F|100/100
|move|p2a: Hydreigon|Dark Pulse|p1a: Alvvays
|-resisted|p1a: Alvvays
|-damage|p1a: Alvvays|83/100
|
|-heal|p1a: Alvvays|89/100|[from] item: Leftovers
|upkeep
|turn|2
|
|t:|1776039622
|switch|p2a: Ting-Lu|Ting-Lu|100/100
|-ability|p2a: Ting-Lu|Vessel of Ruin
|switch|p1a: Julia Jacklin|Glimmora, M|100/100
|
|upkeep
|turn|3
|
|t:|1776039627
|move|p1a: Julia Jacklin|Mortal Spin|p2a: Ting-Lu
|-resisted|p2a: Ting-Lu
|-damage|p2a: Ting-Lu|99/100
|-status|p2a: Ting-Lu|psn
|-damage|p1a: Julia Jacklin|84/100|[from] item: Rocky Helmet|[of] p2a: Ting-Lu
|move|p2a: Ting-Lu|Earthquake|p1a: Julia Jacklin
|-supereffective|p1a: Julia Jacklin
|-damage|p1a: Julia Jacklin|0 fnt
|-activate|p1a: Julia Jacklin|ability: Toxic Debris
|-sidestart|p2: a jellyfish|move: Toxic Spikes
|faint|p1a: Julia Jacklin
|
|-damage|p2a: Ting-Lu|86/100 psn|[from] psn
|upkeep
|
|t:|1776039633
|switch|p1a: Elucid|Dragonite, M|100/100
|turn|4
|
|t:|1776039643
|move|p1a: Elucid|Dragon Dance|p1a: Elucid
|-boost|p1a: Elucid|atk|1
|-boost|p1a: Elucid|spe|1
|move|p2a: Ting-Lu|Stealth Rock|p1a: Elucid
|-sidestart|p1: Auburn Hills|move: Stealth Rock
|
|-damage|p2a: Ting-Lu|74/100 psn|[from] psn
|upkeep
|turn|5
|
|t:|1776039647
|switch|p2a: Moltres|Moltres, shiny|100/100
|move|p1a: Elucid|Ice Spinner|p2a: Moltres
|-damage|p2a: Moltres|67/100
|
|upkeep
|turn|6
|
|t:|1776039652
|switch|p1a: Alvvays|Umbreon, F|89/100
|-damage|p1a: Alvvays|77/100|[from] Stealth Rock
|move|p2a: Moltres|Roost|p2a: Moltres
|-heal|p2a: Moltres|100/100
|-singleturn|p2a: Moltres|move: Roost
|
|-heal|p1a: Alvvays|83/100|[from] item: Leftovers
|upkeep
|turn|7
|
|t:|1776039658
|move|p2a: Moltres|U-turn|p1a: Alvvays
|-supereffective|p1a: Alvvays
|-damage|p1a: Alvvays|61/100
|
|t:|1776039659
|switch|p2a: Great Tusk|Great Tusk|100/100|[from] U-turn
|move|p1a: Alvvays|Thunder Wave|p2a: Great Tusk
|-immune|p2a: Great Tusk
|
|-heal|p1a: Alvvays|67/100|[from] item: Leftovers
|upkeep
|turn|8
|
|t:|1776039667
|move|p1a: Alvvays|Protect|p1a: Alvvays
|-singleturn|p1a: Alvvays|Protect
|move|p2a: Great Tusk|Rapid Spin|p1a: Alvvays
|-activate|p1a: Alvvays|move: Protect
|
|-heal|p1a: Alvvays|73/100|[from] item: Leftovers
|upkeep
|turn|9
|
|t:|1776039670
|move|p2a: Great Tusk|Headlong Rush|p1a: Alvvays
|-damage|p1a: Alvvays|19/100
|-unboost|p2a: Great Tusk|def|1
|-unboost|p2a: Great Tusk|spd|1
|move|p1a: Alvvays|Wish|p1a: Alvvays
|
|-heal|p1a: Alvvays|25/100|[from] item: Leftovers
|upkeep
|turn|10
|
|t:|1776039674
|move|p1a: Alvvays|Protect|p1a: Alvvays
|-singleturn|p1a: Alvvays|Protect
|move|p2a: Great Tusk|Substitute|p2a: Great Tusk
|-start|p2a: Great Tusk|Substitute
|-damage|p2a: Great Tusk|76/100
|
|-heal|p1a: Alvvays|75/100|[from] move: Wish|[wisher] Alvvays
|-heal|p1a: Alvvays|81/100|[from] item: Leftovers
|upkeep
|turn|11
|
|t:|1776039689
|switch|p1a: Smino|Gholdengo|100/100
|-damage|p1a: Smino|94/100|[from] Stealth Rock
|move|p2a: Great Tusk|Headlong Rush|p1a: Smino
|-supereffective|p1a: Smino
|-damage|p1a: Smino|0 fnt
|-unboost|p2a: Great Tusk|def|1
|-unboost|p2a: Great Tusk|spd|1
|faint|p1a: Smino
|
|upkeep
|
|t:|1776039692
|switch|p1a: Rat Tally|Garchomp, M|100/100
|-damage|p1a: Rat Tally|94/100|[from] Stealth Rock
|turn|12
|
|t:|1776039702
|-terastallize|p2a: Great Tusk|Steel
|move|p1a: Rat Tally|Scale Shot|p2a: Great Tusk
|-resisted|p2a: Great Tusk
|-crit|p2a: Great Tusk
|-activate|p2a: Great Tusk|move: Substitute|[damage]
|-resisted|p2a: Great Tusk
|-activate|p2a: Great Tusk|move: Substitute|[damage]
|-resisted|p2a: Great Tusk
|-end|p2a: Great Tusk|Substitute
|-resisted|p2a: Great Tusk
|-damage|p2a: Great Tusk|67/100
|-resisted|p2a: Great Tusk
|-damage|p2a: Great Tusk|57/100
|-hitcount|p2a: Great Tusk|5
|-unboost|p1a: Rat Tally|def|1
|-boost|p1a: Rat Tally|spe|1
|move|p2a: Great Tusk|Ice Spinner|p1a: Rat Tally
|-supereffective|p1a: Rat Tally
|-damage|p1a: Rat Tally|0 fnt
|-damage|p2a: Great Tusk|44/100|[from] ability: Rough Skin|[of] p1a: Rat Tally
|faint|p1a: Rat Tally
|
|upkeep
|
|t:|1776039713
|switch|p1a: Carly Rae|Iron Moth|100/100
|-damage|p1a: Carly Rae|76/100|[from] Stealth Rock
|-enditem|p1a: Carly Rae|Booster Energy
|-activate|p1a: Carly Rae|ability: Quark Drive|[fromitem]
|-start|p1a: Carly Rae|quarkdrivespe
|turn|13
|
|t:|1776039734
|move|p1a: Carly Rae|Fiery Dance|p2a: Great Tusk
|-supereffective|p2a: Great Tusk
|-damage|p2a: Great Tusk|0 fnt
|-boost|p1a: Carly Rae|spa|1
|faint|p2a: Great Tusk
|-end|p2a: Great Tusk|Protosynthesis|[silent]
|
|upkeep
|
|t:|1776039735
|switch|p2a: Ting-Lu|Ting-Lu|74/100 psn
|-ability|p2a: Ting-Lu|Vessel of Ruin
|turn|14
|
|t:|1776039752
|switch|p2a: Ogerpon|Ogerpon-Wellspring, F|100/100
|-status|p2a: Ogerpon|psn
|-terastallize|p1a: Carly Rae|Fairy
|move|p1a: Carly Rae|Fiery Dance|p2a: Ogerpon
|-damage|p2a: Ogerpon|31/100 psn
|
|-damage|p2a: Ogerpon|18/100 psn|[from] psn
|upkeep
|turn|15
|
|t:|1776039761
|move|p1a: Carly Rae|Fiery Dance|p2a: Ogerpon
|-damage|p2a: Ogerpon|0 fnt
|faint|p2a: Ogerpon
|
|upkeep
|
|t:|1776039762
|switch|p2a: Moltres|Moltres, shiny|100/100
|turn|16
|
|t:|1776039765
|move|p1a: Carly Rae|Discharge|p2a: Moltres
|-supereffective|p2a: Moltres
|-damage|p2a: Moltres|23/100
|move|p2a: Moltres|Roar|p1a: Carly Rae
|-end|p1a: Carly Rae|Quark Drive|[silent]
|drag|p1a: Alvvays|Umbreon, F|81/100
|-damage|p1a: Alvvays|69/100|[from] Stealth Rock
|
|-heal|p1a: Alvvays|75/100|[from] item: Leftovers
|upkeep
|turn|17
|
|t:|1776039772
|move|p2a: Moltres|Roost|p2a: Moltres
|-heal|p2a: Moltres|73/100
|-singleturn|p2a: Moltres|move: Roost
|move|p1a: Alvvays|Thunder Wave|p2a: Moltres
|-status|p2a: Moltres|par
|
|-heal|p1a: Alvvays|81/100|[from] item: Leftovers
|upkeep
|turn|18
|
|t:|1776039777
|move|p1a: Alvvays|Wish|p1a: Alvvays
|move|p2a: Moltres|U-turn|p1a: Alvvays
|-supereffective|p1a: Alvvays
|-damage|p1a: Alvvays|58/100
|l| TBTOPS
|
|t:|1776039789
|switch|p2a: Gholdengo|Gholdengo|100/100|[from] U-turn
|
|-heal|p1a: Alvvays|64/100|[from] item: Leftovers
|upkeep
|turn|19
|
|t:|1776039805
|move|p1a: Alvvays|Protect|p1a: Alvvays
|-singleturn|p1a: Alvvays|Protect
|move|p2a: Gholdengo|Thunder Wave|p1a: Alvvays
|-activate|p1a: Alvvays|move: Protect
|
|-heal|p1a: Alvvays|100/100|[from] move: Wish|[wisher] Alvvays
|upkeep
|turn|20
|
|t:|1776039813
|move|p2a: Gholdengo|Thunder Wave|p1a: Alvvays
|-status|p1a: Alvvays|par
|cant|p1a: Alvvays|par
|
|upkeep
|turn|21
|
|t:|1776039819
|switch|p2a: Moltres|Moltres, shiny|73/100 par
|move|p1a: Alvvays|Foul Play|p2a: Moltres
|-damage|p2a: Moltres|52/100 par
|
|upkeep
|turn|22
|
|t:|1776039822
|move|p2a: Moltres|Roost|p2a: Moltres
|-heal|p2a: Moltres|100/100 par
|-singleturn|p2a: Moltres|move: Roost
|move|p1a: Alvvays|Foul Play|p2a: Moltres
|-damage|p2a: Moltres|78/100 par
|
|upkeep
|turn|23
|inactive|a jellyfish has 120 seconds left.
|
|t:|1776039864
|move|p2a: Moltres|U-turn|p1a: Alvvays
|-supereffective|p1a: Alvvays
|-damage|p1a: Alvvays|78/100 par
|
|t:|1776039872
|switch|p2a: Hydreigon|Hydreigon, M, shiny|100/100|[from] U-turn
|cant|p1a: Alvvays|par
|
|-heal|p1a: Alvvays|84/100 par|[from] item: Leftovers
|upkeep
|turn|24
|
|t:|1776039882
|move|p2a: Hydreigon|Draco Meteor|p1a: Alvvays|[miss]
|-miss|p2a: Hydreigon|p1a: Alvvays
|cant|p1a: Alvvays|par
|
|-heal|p1a: Alvvays|90/100 par|[from] item: Leftovers
|upkeep
|turn|25
|
|t:|1776039886
|move|p2a: Hydreigon|Draco Meteor|p1a: Alvvays
|-damage|p1a: Alvvays|38/100 par
|-unboost|p2a: Hydreigon|spa|2
|move|p1a: Alvvays|Thunder Wave|p2a: Hydreigon
|-status|p2a: Hydreigon|par
|
|-heal|p1a: Alvvays|44/100 par|[from] item: Leftovers
|upkeep
|turn|26
|
|t:|1776039892
|switch|p2a: Moltres|Moltres, shiny|78/100 par
|move|p1a: Alvvays|Wish|p1a: Alvvays
|
|-heal|p1a: Alvvays|50/100 par|[from] item: Leftovers
|upkeep
|turn|27
|
|t:|1776039895
|cant|p2a: Moltres|par
|move|p1a: Alvvays|Foul Play|p2a: Moltres
|-crit|p2a: Moltres
|-damage|p2a: Moltres|47/100 par
|
|-heal|p1a: Alvvays|99/100 par|[from] move: Wish|[wisher] Alvvays
|-heal|p1a: Alvvays|100/100 par|[from] item: Leftovers
|upkeep
|turn|28
|
|t:|1776039899
|move|p2a: Moltres|Roost|p2a: Moltres
|-heal|p2a: Moltres|97/100 par
|-singleturn|p2a: Moltres|move: Roost
|move|p1a: Alvvays|Foul Play|p2a: Moltres
|-damage|p2a: Moltres|74/100 par
|
|upkeep
|turn|29
|
|t:|1776039901
|move|p2a: Moltres|U-turn|p1a: Alvvays
|-supereffective|p1a: Alvvays
|-damage|p1a: Alvvays|78/100 par
|
|t:|1776039903
|switch|p2a: Hydreigon|Hydreigon, M, shiny|100/100 par|[from] U-turn
|move|p1a: Alvvays|Foul Play|p2a: Hydreigon
|-resisted|p2a: Hydreigon
|-damage|p2a: Hydreigon|85/100 par
|
|-heal|p1a: Alvvays|84/100 par|[from] item: Leftovers
|upkeep
|turn|30
|
|t:|1776039906
|cant|p2a: Hydreigon|par
|move|p1a: Alvvays|Wish|p1a: Alvvays
|
|-heal|p1a: Alvvays|90/100 par|[from] item: Leftovers
|upkeep
|turn|31
|
|t:|1776039908
|switch|p2a: Moltres|Moltres, shiny|74/100 par
|move|p1a: Alvvays|Foul Play|p2a: Moltres
|-damage|p2a: Moltres|52/100 par
|
|-heal|p1a: Alvvays|100/100 par|[from] move: Wish|[wisher] Alvvays
|upkeep
|turn|32
|
|t:|1776039910
|cant|p2a: Moltres|par
|move|p1a: Alvvays|Foul Play|p2a: Moltres
|-damage|p2a: Moltres|29/100 par
|
|upkeep
|turn|33
|
|t:|1776039915
|cant|p2a: Moltres|par
|move|p1a: Alvvays|Foul Play|p2a: Moltres
|-damage|p2a: Moltres|9/100 par
|
|upkeep
|turn|34
|
|t:|1776039917
|move|p2a: Moltres|Roost|p2a: Moltres
|-heal|p2a: Moltres|59/100 par
|-singleturn|p2a: Moltres|move: Roost
|move|p1a: Alvvays|Foul Play|p2a: Moltres
|-damage|p2a: Moltres|37/100 par
|
|upkeep
|turn|35
|
|t:|1776039920
|move|p2a: Moltres|Roost|p2a: Moltres
|-heal|p2a: Moltres|87/100 par
|-singleturn|p2a: Moltres|move: Roost
|move|p1a: Alvvays|Foul Play|p2a: Moltres
|-damage|p2a: Moltres|64/100 par
|
|upkeep
|turn|36
|
|t:|1776039923
|move|p2a: Moltres|U-turn|p1a: Alvvays
|-supereffective|p1a: Alvvays
|-damage|p1a: Alvvays|78/100 par
|
|t:|1776039924
|switch|p2a: Hydreigon|Hydreigon, M, shiny|85/100 par|[from] U-turn
|cant|p1a: Alvvays|par
|
|-heal|p1a: Alvvays|84/100 par|[from] item: Leftovers
|upkeep
|turn|37
|
|t:|1776039927
|move|p2a: Hydreigon|Draco Meteor|p1a: Alvvays
|-damage|p1a: Alvvays|34/100 par
|-unboost|p2a: Hydreigon|spa|2
|move|p1a: Alvvays|Wish|p1a: Alvvays
|
|-heal|p1a: Alvvays|40/100 par|[from] item: Leftovers
|upkeep
|turn|38
|
|t:|1776039930
|switch|p2a: Moltres|Moltres, shiny|64/100 par
|cant|p1a: Alvvays|par
|
|-heal|p1a: Alvvays|90/100 par|[from] move: Wish|[wisher] Alvvays
|-heal|p1a: Alvvays|96/100 par|[from] item: Leftovers
|upkeep
|turn|39
|
|t:|1776039933
|move|p2a: Moltres|Roost|p2a: Moltres
|-heal|p2a: Moltres|100/100 par
|-singleturn|p2a: Moltres|move: Roost
|cant|p1a: Alvvays|par
|
|-heal|p1a: Alvvays|100/100 par|[from] item: Leftovers
|upkeep
|turn|40
|
|t:|1776039939
|move|p2a: Moltres|U-turn|p1a: Alvvays
|-supereffective|p1a: Alvvays
|-damage|p1a: Alvvays|78/100 par
|
|t:|1776039940
|switch|p2a: Ting-Lu|Ting-Lu|74/100 psn|[from] U-turn
|-ability|p2a: Ting-Lu|Vessel of Ruin
|move|p1a: Alvvays|Foul Play|p2a: Ting-Lu
|-resisted|p2a: Ting-Lu
|-damage|p2a: Ting-Lu|64/100 psn
|-damage|p1a: Alvvays|62/100 par|[from] item: Rocky Helmet|[of] p2a: Ting-Lu
|
|-heal|p1a: Alvvays|68/100 par|[from] item: Leftovers
|-damage|p2a: Ting-Lu|51/100 psn|[from] psn
|upkeep
|turn|41
|
|t:|1776039945
|move|p2a: Ting-Lu|Earthquake|p1a: Alvvays
|-damage|p1a: Alvvays|39/100 par
|move|p1a: Alvvays|Wish|p1a: Alvvays
|
|-heal|p1a: Alvvays|45/100 par|[from] item: Leftovers
|-damage|p2a: Ting-Lu|39/100 psn|[from] psn
|upkeep
|turn|42
|
|t:|1776039949
|move|p1a: Alvvays|Protect|p1a: Alvvays
|-singleturn|p1a: Alvvays|Protect
|move|p2a: Ting-Lu|Whirlwind|p1a: Alvvays
|drag|p1a: Elucid|Dragonite, M|100/100
|
|-damage|p2a: Ting-Lu|26/100 psn|[from] psn
|upkeep
|turn|43
|
|t:|1776039954
|move|p1a: Elucid|Dragon Dance|p1a: Elucid
|-boost|p1a: Elucid|atk|1
|-boost|p1a: Elucid|spe|1
|move|p2a: Ting-Lu|Whirlwind|p1a: Elucid
|drag|p1a: Alvvays|Umbreon, F|45/100 par
|-damage|p1a: Alvvays|33/100 par|[from] Stealth Rock
|
|-heal|p1a: Alvvays|39/100 par|[from] item: Leftovers
|-damage|p2a: Ting-Lu|14/100 psn|[from] psn
|upkeep
|turn|44
|
|t:|1776039958
|move|p2a: Ting-Lu|Earthquake|p1a: Alvvays
|-damage|p1a: Alvvays|10/100 par
|move|p1a: Alvvays|Wish|p1a: Alvvays
|
|-heal|p1a: Alvvays|17/100 par|[from] item: Leftovers
|-damage|p2a: Ting-Lu|1/100 psn|[from] psn
|upkeep
|turn|45
|
|t:|1776039961
|cant|p1a: Alvvays|par
|move|p2a: Ting-Lu|Whirlwind|p1a: Alvvays
|drag|p1a: Elucid|Dragonite, M|100/100
|
|-damage|p2a: Ting-Lu|0 fnt|[from] psn
|faint|p2a: Ting-Lu
|upkeep
|j| TBTOPS
|
|t:|1776039969
|switch|p2a: Hydreigon|Hydreigon, M, shiny|85/100 par
|turn|46
|
|t:|1776039974
|move|p1a: Elucid|Ice Spinner|p2a: Hydreigon
|-supereffective|p2a: Hydreigon
|-damage|p2a: Hydreigon|9/100 par
|move|p2a: Hydreigon|Flash Cannon|p1a: Elucid
|-damage|p1a: Elucid|79/100
|-unboost|p1a: Elucid|spd|1
|
|upkeep
|turn|47
|
|t:|1776039980
|switch|p1a: Carly Rae|Iron Moth, tera:Fairy|76/100
|-damage|p1a: Carly Rae|63/100|[from] Stealth Rock
|cant|p2a: Hydreigon|par
|
|upkeep
|turn|48
|
|t:|1776039983
|move|p1a: Carly Rae|Fiery Dance|p2a: Hydreigon
|-resisted|p2a: Hydreigon
|-damage|p2a: Hydreigon|0 fnt
|-boost|p1a: Carly Rae|spa|1
|faint|p2a: Hydreigon
|
|upkeep
|
|t:|1776039985
|switch|p2a: Gholdengo|Gholdengo|100/100
|turn|49
|
|t:|1776039987
|move|p2a: Gholdengo|Make It Rain|p1a: Carly Rae
|-supereffective|p1a: Carly Rae
|-damage|p1a: Carly Rae|0 fnt
|-unboost|p2a: Gholdengo|spa|1
|faint|p1a: Carly Rae
|-end|p1a: Carly Rae|Quark Drive|[silent]
|
|upkeep
|
|t:|1776039991
|switch|p1a: Elucid|Dragonite, M|79/100
|turn|50
|
|t:|1776039993
|switch|p2a: Moltres|Moltres, shiny|100/100 par
|move|p1a: Elucid|Dragon Dance|p1a: Elucid
|-boost|p1a: Elucid|atk|1
|-boost|p1a: Elucid|spe|1
|
|upkeep
|turn|51
|
|t:|1776039997
|move|p1a: Elucid|Dragon Dance|p1a: Elucid
|-boost|p1a: Elucid|atk|1
|-boost|p1a: Elucid|spe|1
|move|p2a: Moltres|Roar|p1a: Elucid
|drag|p1a: Alvvays|Umbreon, F|17/100 par
|-damage|p1a: Alvvays|4/100 par|[from] Stealth Rock
|
|-heal|p1a: Alvvays|10/100 par|[from] item: Leftovers
|upkeep
|turn|52
|
|t:|1776040001
|cant|p2a: Moltres|par
|move|p1a: Alvvays|Wish|p1a: Alvvays
|
|-heal|p1a: Alvvays|16/100 par|[from] item: Leftovers
|upkeep
|turn|53
|
|t:|1776040020
|cant|p2a: Moltres|par
|move|p1a: Alvvays|Foul Play|p2a: Moltres
|-damage|p2a: Moltres|78/100 par
|
|-heal|p1a: Alvvays|66/100 par|[from] move: Wish|[wisher] Alvvays
|-heal|p1a: Alvvays|72/100 par|[from] item: Leftovers
|upkeep
|turn|54
|
|t:|1776040023
|move|p2a: Moltres|Flamethrower|p1a: Alvvays
|-damage|p1a: Alvvays|53/100 par
|move|p1a: Alvvays|Wish|p1a: Alvvays
|
|-heal|p1a: Alvvays|59/100 par|[from] item: Leftovers
|upkeep
|turn|55
|
|t:|1776040026
|cant|p2a: Moltres|par
|move|p1a: Alvvays|Foul Play|p2a: Moltres
|-damage|p2a: Moltres|58/100 par
|
|-heal|p1a: Alvvays|100/100 par|[from] move: Wish|[wisher] Alvvays
|upkeep
|turn|56
|
|t:|1776040031
|move|p2a: Moltres|Roost|p2a: Moltres
|-heal|p2a: Moltres|100/100 par
|-singleturn|p2a: Moltres|move: Roost
|move|p1a: Alvvays|Foul Play|p2a: Moltres
|-damage|p2a: Moltres|79/100 par
|
|upkeep
|turn|57
|
|t:|1776040034
|move|p2a: Moltres|Flamethrower|p1a: Alvvays
|-damage|p1a: Alvvays|81/100 par
|cant|p1a: Alvvays|par
|
|-heal|p1a: Alvvays|87/100 par|[from] item: Leftovers
|upkeep
|turn|58
|
|t:|1776040037
|move|p2a: Moltres|U-turn|p1a: Alvvays
|-supereffective|p1a: Alvvays
|-crit|p1a: Alvvays
|-damage|p1a: Alvvays|54/100 par
|
|t:|1776040039
|switch|p2a: Gholdengo|Gholdengo|100/100|[from] U-turn
|move|p1a: Alvvays|Foul Play|p2a: Gholdengo
|-supereffective|p2a: Gholdengo
|-damage|p2a: Gholdengo|66/100
|
|-heal|p1a: Alvvays|60/100 par|[from] item: Leftovers
|upkeep
|turn|59
|
|t:|1776040043
|move|p1a: Alvvays|Protect|p1a: Alvvays
|-singleturn|p1a: Alvvays|Protect
|move|p2a: Gholdengo|Trick|p1a: Alvvays
|-activate|p1a: Alvvays|move: Protect
|
|-heal|p1a: Alvvays|66/100 par|[from] item: Leftovers
|upkeep
|turn|60
|
|t:|1776040049
|switch|p1a: Elucid|Dragonite, M|79/100
|move|p2a: Gholdengo|Trick|p1a: Elucid
|-activate|p2a: Gholdengo|move: Trick|[of] p1a: Elucid
|-item|p1a: Elucid|Choice Scarf|[from] move: Trick
|-item|p2a: Gholdengo|Heavy-Duty Boots|[from] move: Trick
|
|upkeep
|turn|61
|
|t:|1776040054
|switch|p2a: Moltres|Moltres, shiny|79/100 par
|move|p1a: Elucid|Earthquake|p2a: Moltres
|-immune|p2a: Moltres
|
|upkeep
|turn|62
|
|t:|1776040059
|switch|p1a: Alvvays|Umbreon, F|66/100 par
|-damage|p1a: Alvvays|53/100 par|[from] Stealth Rock
|move|p2a: Moltres|U-turn|p1a: Alvvays
|-supereffective|p1a: Alvvays
|-damage|p1a: Alvvays|32/100 par
|
|t:|1776040060
|switch|p2a: Gholdengo|Gholdengo|66/100|[from] U-turn
|
|-heal|p1a: Alvvays|38/100 par|[from] item: Leftovers
|upkeep
|turn|63
|j| Kalyykex
|
|t:|1776040066
|move|p2a: Gholdengo|Make It Rain|p1a: Alvvays
|-damage|p1a: Alvvays|3/100 par
|-unboost|p2a: Gholdengo|spa|1
|move|p1a: Alvvays|Wish|p1a: Alvvays
|
|-heal|p1a: Alvvays|9/100 par|[from] item: Leftovers
|upkeep
|turn|64
|
|t:|1776040073
|move|p1a: Alvvays|Protect|p1a: Alvvays
|-singleturn|p1a: Alvvays|Protect
|move|p2a: Gholdengo|Shadow Ball|p1a: Alvvays
|-activate|p1a: Alvvays|move: Protect
|
|-heal|p1a: Alvvays|59/100 par|[from] move: Wish|[wisher] Alvvays
|-heal|p1a: Alvvays|65/100 par|[from] item: Leftovers
|upkeep
|turn|65
|
|t:|1776040076
|move|p2a: Gholdengo|Trick|p1a: Alvvays
|-activate|p2a: Gholdengo|move: Trick|[of] p1a: Alvvays
|-item|p1a: Alvvays|Heavy-Duty Boots|[from] move: Trick
|-item|p2a: Gholdengo|Leftovers|[from] move: Trick
|move|p1a: Alvvays|Wish|p1a: Alvvays
|
|-heal|p2a: Gholdengo|72/100|[from] item: Leftovers
|upkeep
|turn|66
|
|t:|1776040078
|switch|p2a: Moltres|Moltres, shiny|79/100 par
|move|p1a: Alvvays|Foul Play|p2a: Moltres
|-damage|p2a: Moltres|56/100 par
|
|-heal|p1a: Alvvays|100/100 par|[from] move: Wish|[wisher] Alvvays
|upkeep
|turn|67
|
|t:|1776040086
|move|p2a: Moltres|Flamethrower|p1a: Alvvays
|-damage|p1a: Alvvays|80/100 par
|move|p1a: Alvvays|Foul Play|p2a: Moltres
|-damage|p2a: Moltres|35/100 par
|
|upkeep
|turn|68
|
|t:|1776040089
|move|p2a: Moltres|U-turn|p1a: Alvvays
|-supereffective|p1a: Alvvays
|-damage|p1a: Alvvays|55/100 par
|
|t:|1776040091
|switch|p2a: Gholdengo|Gholdengo|72/100|[from] U-turn
|move|p1a: Alvvays|Wish|p1a: Alvvays
|
|-heal|p2a: Gholdengo|78/100|[from] item: Leftovers
|upkeep
|turn|69
|
|t:|1776040096
|switch|p2a: Moltres|Moltres, shiny|35/100 par
|cant|p1a: Alvvays|par
|
|-heal|p1a: Alvvays|100/100 par|[from] move: Wish|[wisher] Alvvays
|upkeep
|turn|70
|
|t:|1776040099
|move|p2a: Moltres|Flamethrower|p1a: Alvvays
|-damage|p1a: Alvvays|80/100 par
|move|p1a: Alvvays|Foul Play|p2a: Moltres
|-damage|p2a: Moltres|15/100 par
|
|upkeep
|turn|71
|
|t:|1776040101
|move|p2a: Moltres|U-turn|p1a: Alvvays
|-supereffective|p1a: Alvvays
|-damage|p1a: Alvvays|55/100 par
|
|t:|1776040103
|switch|p2a: Gholdengo|Gholdengo|78/100|[from] U-turn
|cant|p1a: Alvvays|par
|
|-heal|p2a: Gholdengo|84/100|[from] item: Leftovers
|upkeep
|turn|72
|
|t:|1776040106
|move|p2a: Gholdengo|Make It Rain|p1a: Alvvays
|-damage|p1a: Alvvays|24/100 par
|-unboost|p2a: Gholdengo|spa|1
|move|p1a: Alvvays|Wish|p1a: Alvvays
|
|-heal|p2a: Gholdengo|90/100|[from] item: Leftovers
|upkeep
|turn|73
|
|t:|1776040111
|move|p1a: Alvvays|Protect|p1a: Alvvays
|-singleturn|p1a: Alvvays|Protect
|move|p2a: Gholdengo|Make It Rain|p1a: Alvvays
|-activate|p1a: Alvvays|move: Protect
|
|-heal|p1a: Alvvays|74/100 par|[from] move: Wish|[wisher] Alvvays
|-heal|p2a: Gholdengo|96/100|[from] item: Leftovers
|upkeep
|turn|74
|
|t:|1776040115
|switch|p2a: Moltres|Moltres, shiny|15/100 par
|move|p1a: Alvvays|Foul Play|p2a: Moltres
|-damage|p2a: Moltres|0 fnt
|faint|p2a: Moltres
|
|upkeep
|
|t:|1776040117
|switch|p2a: Gholdengo|Gholdengo|96/100
|turn|75
|
|t:|1776040124
|move|p2a: Gholdengo|Shadow Ball|p1a: Alvvays
|-resisted|p1a: Alvvays
|-damage|p1a: Alvvays|63/100 par
|move|p1a: Alvvays|Wish|p1a: Alvvays
|
|-heal|p2a: Gholdengo|100/100|[from] item: Leftovers
|upkeep
|turn|76
|
|t:|1776040126
|move|p2a: Gholdengo|Shadow Ball|p1a: Alvvays
|-resisted|p1a: Alvvays
|-damage|p1a: Alvvays|52/100 par
|move|p1a: Alvvays|Foul Play|p2a: Gholdengo
|-supereffective|p2a: Gholdengo
|-damage|p2a: Gholdengo|67/100
|
|-heal|p1a: Alvvays|100/100 par|[from] move: Wish|[wisher] Alvvays
|-heal|p2a: Gholdengo|74/100|[from] item: Leftovers
|upkeep
|turn|77
|
|t:|1776040130
|move|p2a: Gholdengo|Shadow Ball|p1a: Alvvays
|-resisted|p1a: Alvvays
|-damage|p1a: Alvvays|89/100 par
|-unboost|p1a: Alvvays|spd|1
|cant|p1a: Alvvays|par
|
|-heal|p2a: Gholdengo|80/100|[from] item: Leftovers
|upkeep
|turn|78
|
|t:|1776040137
|move|p2a: Gholdengo|Shadow Ball|p1a: Alvvays
|-resisted|p1a: Alvvays
|-damage|p1a: Alvvays|72/100 par
|move|p1a: Alvvays|Foul Play|p2a: Gholdengo
|-supereffective|p2a: Gholdengo
|-damage|p2a: Gholdengo|47/100
|
|-heal|p2a: Gholdengo|53/100|[from] item: Leftovers
|upkeep
|turn|79
|
|t:|1776040146
|move|p2a: Gholdengo|Shadow Ball|p1a: Alvvays
|-resisted|p1a: Alvvays
|-crit|p1a: Alvvays
|-damage|p1a: Alvvays|45/100 par
|move|p1a: Alvvays|Foul Play|p2a: Gholdengo
|-supereffective|p2a: Gholdengo
|-damage|p2a: Gholdengo|17/100
|
|-heal|p2a: Gholdengo|23/100|[from] item: Leftovers
|upkeep
|turn|80
|
|t:|1776040153
|move|p2a: Gholdengo|Make It Rain|p1a: Alvvays
|-damage|p1a: Alvvays|0 fnt
|-unboost|p2a: Gholdengo|spa|1
|faint|p1a: Alvvays
|
|-heal|p2a: Gholdengo|29/100|[from] item: Leftovers
|upkeep
|
|t:|1776040156
|switch|p1a: Elucid|Dragonite, M|79/100
|-damage|p1a: Elucid|54/100|[from] Stealth Rock
|turn|81
|
|t:|1776040158
|move|p1a: Elucid|Earthquake|p2a: Gholdengo
|-supereffective|p2a: Gholdengo
|-damage|p2a: Gholdengo|0 fnt
|faint|p2a: Gholdengo
|
|win|Auburn Hills
|raw|Auburn Hills's rating: 1795 &rarr; <strong>1812</strong><br />(+17 for winning)
|raw|a jellyfish's rating: 1734 &rarr; <strong>1717</strong><br />(-17 for losing)
|l|☆a jellyfish
|player|p2|
|c|☆Auburn Hills|gg
|c|☆Auburn Hills|fun one
|l| TBTOPS
|l|☆Auburn Hills
|player|p1|
