|html|<div class="broadcast-blue"><strong>[Gen 9] OU is currently suspecting Volcarona! For information on how to participate check out the <a href="https://www.smogon.com/tools/suspects/view/208">suspect thread</a>.</strong></div>
|j|☆He_52210
|j|☆CoolPerson58
|t:|1778516361
|gametype|singles
|player|p1|He_52210|dancer|1154
|player|p2|CoolPerson58|hiker-gen4|1152
|gen|9
|tier|[Gen 9] OU
|rated|
|rule|HP Percentage Mod: HP is shown in percentages
|rule|Endless Battle Clause: Forcing endless battles is banned
|rule|Species Clause: Limit one of each Pokémon
|rule|OHKO Clause: OHKO moves are banned
|rule|Evasion Items Clause: Evasion items are banned
|rule|Evasion Moves Clause: Evasion moves are banned
|rule|Evasion Abilities Clause: Evasion abilities are banned
|rule|Sleep Moves Clause: Sleep-inducing moves are banned
|clearpoke
|poke|p1|Lokix, M|
|poke|p1|Ting-Lu|
|poke|p1|Gholdengo|
|poke|p1|Ogerpon-Wellspring, F|
|poke|p1|Iron Valiant|
|poke|p1|Iron Treads|
|poke|p2|Forretress, M|
|poke|p2|Flapple, M|
|poke|p2|Garchomp, M|
|poke|p2|Scizor, M|
|poke|p2|Deoxys-Speed|
|poke|p2|Jirachi|
|teampreview
|inactive|Battle timer is ON: inactive players will automatically lose when time's up. (requested by He_52210)
|inactive|CoolPerson58 has 120 seconds left.
|
|t:|1778516402
|teamsize|p1|6
|teamsize|p2|6
|start
|switch|p1a: Ting-Lu|Ting-Lu|100/100
|switch|p2a: Deoxys|Deoxys-Speed|100/100
|-ability|p2a: Deoxys|Pressure
|-ability|p1a: Ting-Lu|Vessel of Ruin
|turn|1
|
|t:|1778516410
|move|p2a: Deoxys|Gravity|p2a: Deoxys
|-fieldstart|move: Gravity
|move|p1a: Ting-Lu|Stealth Rock|p2a: Deoxys
|-sidestart|p2: CoolPerson58|move: Stealth Rock
|
|upkeep
|turn|2
|
|t:|1778516417
|move|p1a: Ting-Lu|Spikes|p2a: Deoxys
|-sidestart|p2: CoolPerson58|Spikes
|move|p2a: Deoxys|Teleport|p2a: Deoxys
|
|t:|1778516426
|switch|p2a: Gojo|Flapple, M|100/100|[from] Teleport
|-damage|p2a: Gojo|88/100|[from] Stealth Rock
|-damage|p2a: Gojo|76/100|[from] Spikes
|
|upkeep
|turn|3
|
|t:|1778516442
|move|p2a: Gojo|Grav Apple|p1a: Ting-Lu
|-supereffective|p1a: Ting-Lu
|-damage|p1a: Ting-Lu|0 fnt
|faint|p1a: Ting-Lu
|
|upkeep
|
|t:|1778516446
|switch|p1a: Lokix|Lokix, M|100/100
|turn|4
|
|t:|1778516452
|switch|p2a: Forretress|Forretress, M|100/100
|move|p1a: Lokix|First Impression|p2a: Forretress
|-resisted|p2a: Forretress
|-damage|p2a: Forretress|60/100
|
|upkeep
|turn|5
|
|t:|1778516461
|switch|p1a: Ogerpon|Ogerpon-Wellspring, F|100/100
|move|p2a: Forretress|Rapid Spin|p1a: Ogerpon
|-damage|p1a: Ogerpon|89/100
|-boost|p2a: Forretress|spe|1
|-sideend|p2: CoolPerson58|Spikes|[from] move: Rapid Spin|[of] p2a: Forretress
|-sideend|p2: CoolPerson58|Stealth Rock|[from] move: Rapid Spin|[of] p2a: Forretress
|
|-fieldend|move: Gravity
|upkeep
|turn|6
|
|t:|1778516473
|move|p1a: Ogerpon|Ivy Cudgel|p2a: Forretress|[anim] Ivy Cudgel Water
|-damage|p2a: Forretress|18/100
|move|p2a: Forretress|Gravity|p2a: Forretress
|-fieldstart|move: Gravity
|
|upkeep
|turn|7
|
|t:|1778516479
|move|p1a: Ogerpon|U-turn|p2a: Forretress
|-resisted|p2a: Forretress
|-damage|p2a: Forretress|10/100
|
|t:|1778516482
|switch|p1a: Lokix|Lokix, M|100/100|[from] U-turn
|move|p2a: Forretress|Volt Switch|p1a: Lokix
|-damage|p1a: Lokix|80/100
|
|t:|1778516502
|switch|p2a: Scizor|Scizor, M|100/100|[from] Volt Switch
|
|upkeep
|turn|8
|
|t:|1778516511
|switch|p1a: Ogerpon|Ogerpon-Wellspring, F|89/100
|move|p2a: Scizor|Bullet Punch|p1a: Ogerpon
|-resisted|p1a: Ogerpon
|-damage|p1a: Ogerpon|58/100
|
|upkeep
|turn|9
|inactive|CoolPerson58 has 120 seconds left.
|
|t:|1778516547
|switch|p2a: Forretress|Forretress, M|10/100
|move|p1a: Ogerpon|Knock Off|p2a: Forretress
|-damage|p2a: Forretress|0 fnt
|-enditem|p2a: Forretress|Heavy-Duty Boots|[from] move: Knock Off|[of] p1a: Ogerpon
|faint|p2a: Forretress
|
|upkeep
|
|t:|1778516560
|switch|p2a: Garchomp|Garchomp, M|100/100
|turn|10
|
|t:|1778516581
|-terastallize|p1a: Ogerpon|Water
|detailschange|p1a: Ogerpon|Ogerpon-Wellspring-Tera, F, tera:Water
|-ability|p1a: Ogerpon|Embody Aspect (Wellspring)|boost
|-boost|p1a: Ogerpon|spd|1
|move|p1a: Ogerpon|Ivy Cudgel|p2a: Garchomp|[anim] Ivy Cudgel Water
|-damage|p2a: Garchomp|16/100
|move|p2a: Garchomp|Dragon Rush|p1a: Ogerpon
|-damage|p1a: Ogerpon|0 fnt
|faint|p1a: Ogerpon
|detailschange|p1: Ogerpon|Ogerpon-Wellspring, F|[silent]
|
|-fieldend|move: Gravity
|upkeep
|
|t:|1778516593
|switch|p1a: Lokix|Lokix, M|80/100
|turn|11
|
|t:|1778516600
|move|p1a: Lokix|First Impression|p2a: Garchomp
|-damage|p2a: Garchomp|0 fnt
|-damage|p1a: Lokix|68/100|[from] ability: Rough Skin|[of] p2a: Garchomp
|faint|p2a: Garchomp
|
|upkeep
|
|t:|1778516607
|switch|p2a: Scizor|Scizor, M|100/100
|turn|12
|
|t:|1778516616
|switch|p1a: Iron Treads|Iron Treads|100/100
|move|p2a: Scizor|Bullet Punch|p1a: Iron Treads
|-resisted|p1a: Iron Treads
|-damage|p1a: Iron Treads|87/100
|
|upkeep
|turn|13
|
|t:|1778516624
|switch|p2a: Jirachi|Jirachi|100/100
|move|p1a: Iron Treads|Knock Off|p2a: Jirachi
|-supereffective|p2a: Jirachi
|-damage|p2a: Jirachi|61/100
|-enditem|p2a: Jirachi|Leftovers|[from] move: Knock Off|[of] p1a: Iron Treads
|
|upkeep
|turn|14
|
|t:|1778516632
|move|p2a: Jirachi|U-turn|p1a: Iron Treads
|-resisted|p1a: Iron Treads
|-damage|p1a: Iron Treads|82/100
|
|t:|1778516642
|switch|p2a: Scizor|Scizor, M|100/100|[from] U-turn
|move|p1a: Iron Treads|Earthquake|p2a: Scizor
|-damage|p2a: Scizor|63/100
|
|upkeep
|turn|15
|
|t:|1778516652
|move|p1a: Iron Treads|Knock Off|p2a: Scizor
|-damage|p2a: Scizor|38/100
|-enditem|p2a: Scizor|Choice Band|[from] move: Knock Off|[of] p1a: Iron Treads
|move|p2a: Scizor|Close Combat|p1a: Iron Treads
|-supereffective|p1a: Iron Treads
|-damage|p1a: Iron Treads|33/100
|-unboost|p2a: Scizor|def|1
|-unboost|p2a: Scizor|spd|1
|
|upkeep
|turn|16
|
|t:|1778516664
|move|p1a: Iron Treads|Volt Switch|p2a: Scizor
|-damage|p2a: Scizor|16/100
|
|t:|1778516667
|-end|p1a: Iron Treads|Quark Drive|[silent]
|switch|p1a: Gholdengo|Gholdengo|100/100|[from] Volt Switch
|-item|p1a: Gholdengo|Air Balloon
|move|p2a: Scizor|Close Combat|p1a: Gholdengo
|-immune|p1a: Gholdengo
|
|upkeep
|turn|17
|
|t:|1778516693
|switch|p2a: Jirachi|Jirachi|61/100
|move|p1a: Gholdengo|Nasty Plot|p1a: Gholdengo
|-boost|p1a: Gholdengo|spa|2
|
|upkeep
|turn|18
|inactive|CoolPerson58 has 120 seconds left.
|
|t:|1778516709
|move|p2a: Jirachi|Gravity|p2a: Jirachi
|-fieldstart|move: Gravity
|move|p1a: Gholdengo|Shadow Ball|p2a: Jirachi
|-supereffective|p2a: Jirachi
|-damage|p2a: Jirachi|0 fnt
|faint|p2a: Jirachi
|
|upkeep
|inactive|CoolPerson58 has 120 seconds left.
|
|t:|1778516715
|switch|p2a: Gojo|Flapple, M|76/100
|turn|19
|
|t:|1778516718
|move|p2a: Gojo|Sucker Punch|p1a: Gholdengo
|-supereffective|p1a: Gholdengo
|-damage|p1a: Gholdengo|9/100
|-enditem|p1a: Gholdengo|Air Balloon
|move|p1a: Gholdengo|Make It Rain|p2a: Gojo
|-damage|p2a: Gojo|0 fnt
|-unboost|p1a: Gholdengo|spa|1
|faint|p2a: Gojo
|
|upkeep
|
|t:|1778516731
|switch|p2a: Deoxys|Deoxys-Speed|100/100
|-ability|p2a: Deoxys|Pressure
|turn|20
|
|t:|1778516735
|move|p2a: Deoxys|Psychic|p1a: Gholdengo
|-resisted|p1a: Gholdengo
|-damage|p1a: Gholdengo|0 fnt
|faint|p1a: Gholdengo
|
|upkeep
|
|t:|1778516738
|switch|p1a: Lokix|Lokix, M|68/100
|turn|21
|
|t:|1778516745
|move|p1a: Lokix|First Impression|p2a: Deoxys
|-supereffective|p2a: Deoxys
|-enditem|p2a: Deoxys|Focus Sash
|-damage|p2a: Deoxys|1/100
|move|p2a: Deoxys|Thunder Wave|p1a: Lokix
|-status|p1a: Lokix|par
|
|upkeep
|turn|22
|
|t:|1778516756
|switch|p1a: Iron Treads|Iron Treads|33/100
|move|p2a: Deoxys|Thunder Wave|p1a: Iron Treads
|-immune|p1a: Iron Treads
|
|-fieldend|move: Gravity
|upkeep
|turn|23
|
|t:|1778516766
|move|p2a: Deoxys|Psychic|p1a: Iron Treads
|-resisted|p1a: Iron Treads
|-damage|p1a: Iron Treads|16/100
|move|p1a: Iron Treads|Volt Switch|p2a: Deoxys
|-damage|p2a: Deoxys|0 fnt
|faint|p2a: Deoxys
|
|t:|1778516769
|-end|p1a: Iron Treads|Quark Drive|[silent]
|switch|p1a: Lokix|Lokix, M|68/100 par|[from] Volt Switch
|
|upkeep
|
|t:|1778516775
|switch|p2a: Scizor|Scizor, M|16/100
|turn|24
|
|t:|1778516779
|-terastallize|p2a: Scizor|Steel
|move|p1a: Lokix|First Impression|p2a: Scizor
|-resisted|p2a: Scizor
|-damage|p2a: Scizor|0 fnt
|faint|p2a: Scizor
|
|win|He_52210
|raw|He_52210's rating: 1154 &rarr; <strong>1179</strong><br />(+25 for winning)
|raw|CoolPerson58's rating: 1152 &rarr; <strong>1127</strong><br />(-25 for losing)
|l|☆He_52210
|player|p1|
|c|☆CoolPerson58|gg
|l|☆CoolPerson58
|player|p2|
