|html|<div class="broadcast-blue"><strong>[Gen 9] OU is currently suspecting Tera Blast! For information on how to participate check out the <a href="https://www.smogon.com/tools/suspects/view/200">suspect thread</a>.</strong></div>
|j|☆Silent1ine
|j|☆kooopooolooo
|t:|1776212620
|gametype|singles
|player|p1|Silent1ine|pryce|1494
|player|p2|kooopooolooo|266|1484
|gen|9
|tier|[Gen 9] OU
|rated|
|rule|HP Percentage Mod: HP is shown in percentages
|rule|Endless Battle Clause: Forcing endless battles is banned
|rule|Species Clause: Limit one of each Pokémon
|rule|OHKO Clause: OHKO moves are banned
|rule|Evasion Items Clause: Evasion items are banned
|rule|Evasion Moves Clause: Evasion moves are banned
|rule|Evasion Abilities Clause: Evasion abilities are banned
|rule|Sleep Moves Clause: Sleep-inducing moves are banned
|clearpoke
|poke|p1|Thundurus, M|
|poke|p1|Great Tusk|
|poke|p1|Scizor, M|
|poke|p1|Ogerpon-Wellspring, F|
|poke|p1|Hatterene, F|
|poke|p1|Gholdengo|
|poke|p2|Iron Treads|
|poke|p2|Alomomola, F|
|poke|p2|Ursaluna, M|
|poke|p2|Rillaboom, M|
|poke|p2|Iron Valiant|
|poke|p2|Slowking-Galar, M|
|teampreview
|
|t:|1776212633
|teamsize|p1|6
|teamsize|p2|6
|start
|switch|p1a: Thundurus|Thundurus, M|100/100
|switch|p2a: Kong|Slowking-Galar, M|100/100
|turn|1
|
|t:|1776212639
|move|p1a: Thundurus|Thunder Wave|p2a: Kong
|-status|p2a: Kong|par
|move|p2a: Kong|Toxic|p1a: Thundurus
|-status|p1a: Thundurus|tox
|
|-damage|p1a: Thundurus|94/100 tox|[from] psn
|upkeep
|turn|2
|
|t:|1776212650
|move|p1a: Thundurus|Volt Switch|p2a: Kong
|-damage|p2a: Kong|78/100 par
|
|t:|1776212659
|switch|p1a: Ogerpon|Ogerpon-Wellspring, F|100/100|[from] Volt Switch
|-prepare|p2a: Kong|Chilly Reception|[premajor]
|move|p2a: Kong|Chilly Reception|p2a: Kong
|-weather|Snowscape
|
|t:|1776212681
|switch|p2a: Pat|Rillaboom, M|100/100|[from] Chilly Reception
|-fieldstart|move: Grassy Terrain|[from] ability: Grassy Surge|[of] p2a: Pat
|
|-weather|Snowscape|[upkeep]
|upkeep
|turn|3
|
|t:|1776212684
|move|p1a: Ogerpon|U-turn|p2a: Pat
|-supereffective|p2a: Pat
|-damage|p2a: Pat|41/100
|
|t:|1776212688
|switch|p1a: Gholdengo|Gholdengo|100/100|[from] U-turn
|move|p2a: Pat|U-turn|p1a: Gholdengo
|-resisted|p1a: Gholdengo
|-damage|p1a: Gholdengo|89/100
|
|t:|1776212693
|switch|p2a: Paddington|Ursaluna, M|100/100|[from] U-turn
|
|-weather|Snowscape|[upkeep]
|-heal|p1a: Gholdengo|95/100|[from] Grassy Terrain
|-status|p2a: Paddington|brn|[from] item: Flame Orb
|upkeep
|turn|4
|
|t:|1776212702
|switch|p1a: Thundurus|Thundurus, M|94/100 tox
|move|p2a: Paddington|Fire Punch|p1a: Thundurus
|-damage|p1a: Thundurus|19/100 tox
|
|-weather|Snowscape|[upkeep]
|-damage|p1a: Thundurus|13/100 tox|[from] psn
|-damage|p2a: Paddington|94/100 brn|[from] brn
|upkeep
|turn|5
|
|t:|1776212707
|move|p1a: Thundurus|Grass Knot|p2a: Paddington
|-supereffective|p2a: Paddington
|-crit|p2a: Paddington
|-damage|p2a: Paddington|0 fnt
|faint|p2a: Paddington
|
|-weather|Snowscape|[upkeep]
|-damage|p1a: Thundurus|1/100 tox|[from] psn
|upkeep
|
|t:|1776212714
|switch|p2a: Pat|Rillaboom, M|41/100
|turn|6
|
|t:|1776212718
|switch|p2a: Kong|Slowking-Galar, M|100/100 par
|move|p1a: Thundurus|Focus Blast|p2a: Kong
|-resisted|p2a: Kong
|-damage|p2a: Kong|94/100 par
|
|-weather|none
|-heal|p2a: Kong|99/100 par|[from] Grassy Terrain
|-damage|p1a: Thundurus|0 fnt|[from] psn
|faint|p1a: Thundurus
|-fieldend|move: Grassy Terrain
|upkeep
|
|t:|1776212723
|switch|p1a: Scizor|Scizor, M|100/100
|turn|7
|
|t:|1776212735
|move|p1a: Scizor|Swords Dance|p1a: Scizor
|-boost|p1a: Scizor|atk|2
|-prepare|p2a: Kong|Chilly Reception|[premajor]
|cant|p2a: Kong|par
|
|upkeep
|turn|8
|
|t:|1776212739
|move|p1a: Scizor|Swords Dance|p1a: Scizor
|-boost|p1a: Scizor|atk|2
|-prepare|p2a: Kong|Chilly Reception|[premajor]
|cant|p2a: Kong|par
|
|upkeep
|turn|9
|-message|kooopooolooo forfeited.
|
|win|Silent1ine
|raw|Silent1ine's rating: 1494 &rarr; <strong>1513</strong><br />(+19 for winning)
|raw|kooopooolooo's rating: 1484 &rarr; <strong>1465</strong><br />(-19 for losing)
|l|☆kooopooolooo
|player|p2|
