|html|<div class="broadcast-blue"><strong>[Gen 9] OU is currently suspecting Tera Blast! For information on how to participate check out the <a href="https://www.smogon.com/tools/suspects/view/200">suspect thread</a>.</strong></div>
|j|☆suifenli
|j|☆GreninjaMyFav
|t:|1776056173
|gametype|singles
|player|p1|suifenli|n|1492
|player|p2|GreninjaMyFav|skyla|1497
|gen|9
|tier|[Gen 9] OU
|rated|
|rule|HP Percentage Mod: HP is shown in percentages
|rule|Endless Battle Clause: Forcing endless battles is banned
|rule|Species Clause: Limit one of each Pokémon
|rule|OHKO Clause: OHKO moves are banned
|rule|Evasion Items Clause: Evasion items are banned
|rule|Evasion Moves Clause: Evasion moves are banned
|rule|Evasion Abilities Clause: Evasion abilities are banned
|rule|Sleep Moves Clause: Sleep-inducing moves are banned
|clearpoke
|poke|p1|Thundurus, M|
|poke|p1|Grimmsnarl, M|
|poke|p1|Empoleon, M|
|poke|p1|Zamazenta-*|
|poke|p1|Garganacl, M|
|poke|p1|Landorus-Therian, M|
|poke|p2|Ninetales-Alola, F|
|poke|p2|Darkrai|
|poke|p2|Zamazenta-*|
|poke|p2|Gliscor, M|
|poke|p2|Ceruledge, M|
|poke|p2|Hatterene, F|
|teampreview
|inactive|Battle timer is ON: inactive players will automatically lose when time's up. (requested by suifenli)
|
|t:|1776056198
|teamsize|p1|6
|teamsize|p2|6
|start
|switch|p1a: Thundurus|Thundurus, M|100/100
|switch|p2a: Ninetales|Ninetales-Alola, F|100/100
|-weather|Snowscape|[from] ability: Snow Warning|[of] p2a: Ninetales
|turn|1
|
|t:|1776056203
|move|p1a: Thundurus|Swagger|p2a: Ninetales|[miss]
|-miss|p1a: Thundurus|p2a: Ninetales
|move|p2a: Ninetales|Aurora Veil|p2a: Ninetales
|-sidestart|p2: GreninjaMyFav|move: Aurora Veil
|
|-weather|Snowscape|[upkeep]
|upkeep
|turn|2
|
|t:|1776056208
|switch|p2a: Hatterene|Hatterene, F|100/100
|move|p1a: Thundurus|Swagger|p2a: Hatterene
|move|p2a: Hatterene|Swagger|p1a: Thundurus|[from] ability: Magic Bounce
|-boost|p1a: Thundurus|atk|2
|-start|p1a: Thundurus|confusion
|
|-weather|Snowscape|[upkeep]
|upkeep
|turn|3
|
|t:|1776056216
|-activate|p1a: Thundurus|confusion
|-damage|p1a: Thundurus|59/100|[from] confusion
|move|p2a: Hatterene|Calm Mind|p2a: Hatterene
|-boost|p2a: Hatterene|spa|1
|-boost|p2a: Hatterene|spd|1
|-enditem|p1a: Thundurus|Mirror Herb
|-boost|p1a: Thundurus|spa|1|[from] item: Mirror Herb
|-boost|p1a: Thundurus|spd|1|[from] item: Mirror Herb
|
|-weather|Snowscape|[upkeep]
|upkeep
|turn|4
|
|t:|1776056221
|-activate|p1a: Thundurus|confusion
|-damage|p1a: Thundurus|21/100|[from] confusion
|move|p2a: Hatterene|Psychic Noise|p1a: Thundurus
|-damage|p1a: Thundurus|0 fnt
|faint|p1a: Thundurus
|
|-weather|Snowscape|[upkeep]
|upkeep
|
|t:|1776056228
|switch|p1a: Grimmsnarl|Grimmsnarl, M|100/100
|turn|5
|
|t:|1776056234
|switch|p2a: Gliscor|Gliscor, M|100/100
|move|p1a: Grimmsnarl|Light Screen|p1a: Grimmsnarl
|-sidestart|p1: suifenli|move: Light Screen
|
|-weather|none
|-status|p2a: Gliscor|tox|[from] item: Toxic Orb
|upkeep
|turn|6
|
|t:|1776056240
|switch|p1a: Empoleon|Empoleon, M|100/100
|move|p2a: Gliscor|Swords Dance|p2a: Gliscor
|-boost|p2a: Gliscor|atk|2
|
|upkeep
|turn|7
|
|t:|1776056247
|switch|p1a: Landorus|Landorus-Therian, M|100/100
|-ability|p1a: Landorus|Intimidate|boost
|-unboost|p2a: Gliscor|atk|1
|-terastallize|p2a: Gliscor|Normal
|move|p2a: Gliscor|Agility|p2a: Gliscor
|-boost|p2a: Gliscor|spe|2
|
|upkeep
|turn|8
|
|t:|1776056253
|move|p2a: Gliscor|Swords Dance|p2a: Gliscor
|-boost|p2a: Gliscor|atk|2
|move|p1a: Landorus|U-turn|p2a: Gliscor
|-damage|p2a: Gliscor|90/100 tox
|
|t:|1776056255
|switch|p1a: Zamazenta|Zamazenta|100/100|[from] U-turn
|-ability|p1a: Zamazenta|Dauntless Shield|boost
|-boost|p1a: Zamazenta|def|1
|
|-heal|p2a: Gliscor|100/100 tox|[from] ability: Poison Heal
|-sideend|p2: GreninjaMyFav|move: Aurora Veil
|upkeep
|turn|9
|
|t:|1776056260
|move|p2a: Gliscor|Facade|p1a: Zamazenta
|-damage|p1a: Zamazenta|32/100
|move|p1a: Zamazenta|Iron Defense|p1a: Zamazenta
|-boost|p1a: Zamazenta|def|2
|
|-heal|p1a: Zamazenta|39/100|[from] item: Leftovers
|-sideend|p1: suifenli|move: Light Screen
|upkeep
|turn|10
|
|t:|1776056265
|move|p2a: Gliscor|Facade|p1a: Zamazenta
|-damage|p1a: Zamazenta|0 fnt
|faint|p1a: Zamazenta
|
|upkeep
|
|t:|1776056273
|switch|p1a: Grimmsnarl|Grimmsnarl, M|100/100
|turn|11
|
|t:|1776056276
|move|p1a: Grimmsnarl|Reflect|p1a: Grimmsnarl
|-sidestart|p1: suifenli|Reflect
|move|p2a: Gliscor|Facade|p1a: Grimmsnarl
|-damage|p1a: Grimmsnarl|42/100
|
|upkeep
|turn|12
|
|t:|1776056279
|move|p2a: Gliscor|Facade|p1a: Grimmsnarl
|-damage|p1a: Grimmsnarl|0 fnt
|faint|p1a: Grimmsnarl
|
|upkeep
|
|t:|1776056283
|switch|p1a: Garganacl|Garganacl, M|100/100
|turn|13
|
|t:|1776056286
|move|p2a: Gliscor|Earthquake|p1a: Garganacl
|-supereffective|p1a: Garganacl
|-damage|p1a: Garganacl|31/100
|move|p1a: Garganacl|Iron Defense|p1a: Garganacl
|-boost|p1a: Garganacl|def|2
|
|upkeep
|turn|14
|
|t:|1776056289
|move|p2a: Gliscor|Earthquake|p1a: Garganacl
|-supereffective|p1a: Garganacl
|-damage|p1a: Garganacl|0 fnt
|faint|p1a: Garganacl
|
|upkeep
|
|t:|1776056292
|switch|p1a: Landorus|Landorus-Therian, M|100/100
|-ability|p1a: Landorus|Intimidate|boost
|-unboost|p2a: Gliscor|atk|1
|turn|15
|
|t:|1776056301
|move|p2a: Gliscor|Facade|p1a: Landorus
|-damage|p1a: Landorus|43/100
|move|p1a: Landorus|Brick Break|p2a: Gliscor
|-supereffective|p2a: Gliscor
|-damage|p2a: Gliscor|58/100 tox
|
|-heal|p2a: Gliscor|70/100 tox|[from] ability: Poison Heal
|-sideend|p1: suifenli|Reflect
|upkeep
|turn|16
|
|t:|1776056304
|switch|p1a: Empoleon|Empoleon, M|100/100
|move|p2a: Gliscor|Facade|p1a: Empoleon
|-resisted|p1a: Empoleon
|-damage|p1a: Empoleon|58/100
|
|-heal|p2a: Gliscor|83/100 tox|[from] ability: Poison Heal
|upkeep
|turn|17
|
|t:|1776056307
|move|p2a: Gliscor|Swords Dance|p2a: Gliscor
|-boost|p2a: Gliscor|atk|2
|move|p1a: Empoleon|Roost|p1a: Empoleon
|-heal|p1a: Empoleon|100/100
|-singleturn|p1a: Empoleon|move: Roost
|
|-heal|p2a: Gliscor|95/100 tox|[from] ability: Poison Heal
|upkeep
|turn|18
|
|t:|1776056311
|move|p2a: Gliscor|Earthquake|p1a: Empoleon
|-supereffective|p1a: Empoleon
|-damage|p1a: Empoleon|0 fnt
|faint|p1a: Empoleon
|
|-heal|p2a: Gliscor|100/100 tox|[from] ability: Poison Heal
|upkeep
|
|t:|1776056314
|switch|p1a: Landorus|Landorus-Therian, M|43/100
|-ability|p1a: Landorus|Intimidate|boost
|-unboost|p2a: Gliscor|atk|1
|turn|19
|
|t:|1776056319
|-terastallize|p1a: Landorus|Ground
|move|p2a: Gliscor|Facade|p1a: Landorus
|-damage|p1a: Landorus|0 fnt
|faint|p1a: Landorus
|
|win|GreninjaMyFav
|raw|suifenli's rating: 1492 &rarr; <strong>1472</strong><br />(-20 for losing)
|raw|GreninjaMyFav's rating: 1497 &rarr; <strong>1517</strong><br />(+20 for winning)
|l|☆GreninjaMyFav
|player|p2|
|l|☆suifenli
|player|p1|
