|html|<div class="broadcast-blue"><strong>[Gen 9] OU is currently suspecting Tera Blast! For information on how to participate check out the <a href="https://www.smogon.com/tools/suspects/view/200">suspect thread</a>.</strong></div>
|j|☆q1q1q110943
|j|☆haxaura
|t:|1776050810
|gametype|singles
|player|p1|q1q1q110943|plasmagruntf-gen5bw|1265
|player|p2|haxaura|102|1312
|gen|9
|tier|[Gen 9] OU
|rated|
|rule|HP Percentage Mod: HP is shown in percentages
|rule|Endless Battle Clause: Forcing endless battles is banned
|rule|Species Clause: Limit one of each Pokémon
|rule|OHKO Clause: OHKO moves are banned
|rule|Evasion Items Clause: Evasion items are banned
|rule|Evasion Moves Clause: Evasion moves are banned
|rule|Evasion Abilities Clause: Evasion abilities are banned
|rule|Sleep Moves Clause: Sleep-inducing moves are banned
|clearpoke
|poke|p1|Falinks|
|poke|p1|Espeon, M|
|poke|p1|Iron Treads|
|poke|p1|Ogerpon-Cornerstone, F|
|poke|p1|Samurott-Hisui, F|
|poke|p1|Thundurus-Therian, M|
|poke|p2|Gholdengo|
|poke|p2|Glimmora, M|
|poke|p2|Zamazenta-*|
|poke|p2|Grimmsnarl, M|
|poke|p2|Enamorus, F|
|poke|p2|Ogerpon-Wellspring, F|
|teampreview
|inactive|Battle timer is ON: inactive players will automatically lose when time's up. (requested by q1q1q110943)
|
|t:|1776050826
|teamsize|p1|6
|teamsize|p2|6
|start
|switch|p1a: Espeon|Espeon, M, shiny|100/100
|switch|p2a: Enamorus|Enamorus, F|100/100
|turn|1
|
|t:|1776050835
|switch|p2a: Grimmsnarl|Grimmsnarl, M, shiny|100/100
|move|p1a: Espeon|Trick|p2a: Grimmsnarl
|-activate|p1a: Espeon|move: Trick|[of] p2a: Grimmsnarl
|-item|p2a: Grimmsnarl|Choice Specs|[from] move: Trick
|-item|p1a: Espeon|Light Clay|[from] move: Trick
|
|upkeep
|turn|2
|
|t:|1776050860
|switch|p2a: Glimmora|Glimmora, M, shiny|100/100
|move|p1a: Espeon|Draining Kiss|p2a: Glimmora
|-resisted|p2a: Glimmora
|-damage|p2a: Glimmora|93/100
|-enditem|p2a: Glimmora|Red Card|[of] p1a: Espeon
|drag|p1a: Samurott|Samurott-Hisui, F|100/100
|
|upkeep
|turn|3
|
|t:|1776050874
|move|p1a: Samurott|Razor Shell|p2a: Glimmora
|-supereffective|p2a: Glimmora
|-damage|p2a: Glimmora|10/100
|-activate|p2a: Glimmora|ability: Toxic Debris
|-sidestart|p1: q1q1q110943|move: Toxic Spikes
|move|p2a: Glimmora|Mortal Spin|p1a: Samurott
|-damage|p1a: Samurott|93/100
|-status|p1a: Samurott|psn
|
|-damage|p1a: Samurott|80/100 psn|[from] psn
|upkeep
|turn|4
|
|t:|1776050880
|switch|p2a: Ogerpon|Ogerpon-Wellspring, F|100/100
|move|p1a: Samurott|Razor Shell|p2a: Ogerpon
|-immune|p2a: Ogerpon|[from] ability: Water Absorb
|
|-damage|p1a: Samurott|68/100 psn|[from] psn
|upkeep
|turn|5
|
|t:|1776050891
|switch|p1a: Falinks|Falinks, shiny|100/100
|-status|p1a: Falinks|psn
|move|p2a: Ogerpon|Horn Leech|p1a: Falinks
|-damage|p1a: Falinks|58/100 psn
|
|-heal|p1a: Falinks|64/100 psn|[from] item: Leftovers
|-damage|p1a: Falinks|52/100 psn|[from] psn
|upkeep
|turn|6
|
|t:|1776050899
|switch|p2a: Glimmora|Glimmora, M, shiny|10/100
|move|p1a: Falinks|No Retreat|p1a: Falinks
|-boost|p1a: Falinks|atk|1
|-boost|p1a: Falinks|def|1
|-boost|p1a: Falinks|spa|1
|-boost|p1a: Falinks|spd|1
|-boost|p1a: Falinks|spe|1
|-start|p1a: Falinks|move: No Retreat
|
|-heal|p1a: Falinks|58/100 psn|[from] item: Leftovers
|-damage|p1a: Falinks|45/100 psn|[from] psn
|upkeep
|turn|7
|
|t:|1776050915
|move|p1a: Falinks|Knock Off|p2a: Glimmora
|-damage|p2a: Glimmora|0 fnt
|-activate|p2a: Glimmora|ability: Toxic Debris
|-sidestart|p1: q1q1q110943|move: Toxic Spikes
|faint|p2a: Glimmora
|
|-heal|p1a: Falinks|51/100 psn|[from] item: Leftovers
|-damage|p1a: Falinks|39/100 psn|[from] psn
|upkeep
|
|t:|1776050923
|switch|p2a: Enamorus|Enamorus, F|100/100
|turn|8
|
|t:|1776050946
|move|p2a: Enamorus|Tailwind|p2a: Enamorus
|-sidestart|p2: haxaura|move: Tailwind
|move|p1a: Falinks|Iron Head|p2a: Enamorus
|-supereffective|p2a: Enamorus
|-enditem|p2a: Enamorus|Focus Sash
|-damage|p2a: Enamorus|1/100
|
|-heal|p1a: Falinks|45/100 psn|[from] item: Leftovers
|-damage|p1a: Falinks|33/100 psn|[from] psn
|upkeep
|turn|9
|
|t:|1776050968
|-terastallize|p2a: Enamorus|Stellar
|move|p2a: Enamorus|Tera Blast|p1a: Falinks|[anim] Tera Blast Stellar
|-damage|p1a: Falinks|0 fnt
|-boost|p2a: Enamorus|atk|1
|-boost|p2a: Enamorus|spa|1
|faint|p1a: Falinks
|
|upkeep
|
|t:|1776050972
|switch|p1a: Iron Treads|Iron Treads|100/100
|turn|10
|
|t:|1776050979
|-terastallize|p1a: Iron Treads|Ghost
|move|p2a: Enamorus|Earth Power|p1a: Iron Treads
|-damage|p1a: Iron Treads|20/100
|move|p1a: Iron Treads|Rapid Spin|p2a: Enamorus
|-damage|p2a: Enamorus|0 fnt
|-boost|p1a: Iron Treads|spe|1
|-sideend|p1: q1q1q110943|Toxic Spikes|[from] move: Rapid Spin|[of] p1a: Iron Treads
|faint|p2a: Enamorus
|
|-heal|p1a: Iron Treads|27/100|[from] item: Leftovers
|upkeep
|
|t:|1776050989
|switch|p2a: Zamazenta|Zamazenta, shiny|100/100
|-ability|p2a: Zamazenta|Dauntless Shield|boost
|-boost|p2a: Zamazenta|def|1
|turn|11
|
|t:|1776050994
|move|p2a: Zamazenta|Crunch|p1a: Iron Treads
|-supereffective|p1a: Iron Treads
|-damage|p1a: Iron Treads|0 fnt
|faint|p1a: Iron Treads
|-end|p1a: Iron Treads|Quark Drive|[silent]
|
|-sideend|p2: haxaura|move: Tailwind
|upkeep
|
|t:|1776050998
|switch|p1a: Espeon|Espeon, M, shiny|100/100
|turn|12
|
|t:|1776051002
|move|p2a: Zamazenta|Substitute|p2a: Zamazenta
|-start|p2a: Zamazenta|Substitute
|-damage|p2a: Zamazenta|76/100
|move|p1a: Espeon|Draining Kiss|p2a: Zamazenta
|-supereffective|p2a: Zamazenta
|-activate|p2a: Zamazenta|move: Substitute|[damage]
|
|-heal|p2a: Zamazenta|82/100|[from] item: Leftovers
|upkeep
|turn|13
|
|t:|1776051008
|move|p2a: Zamazenta|Iron Defense|p2a: Zamazenta
|-boost|p2a: Zamazenta|def|2
|move|p1a: Espeon|Psychic|p2a: Zamazenta
|-supereffective|p2a: Zamazenta
|-end|p2a: Zamazenta|Substitute
|
|-heal|p2a: Zamazenta|88/100|[from] item: Leftovers
|upkeep
|turn|14
|
|t:|1776051020
|move|p2a: Zamazenta|Substitute|p2a: Zamazenta
|-start|p2a: Zamazenta|Substitute
|-damage|p2a: Zamazenta|63/100
|move|p1a: Espeon|Psychic|p2a: Zamazenta
|-supereffective|p2a: Zamazenta
|-end|p2a: Zamazenta|Substitute
|
|-heal|p2a: Zamazenta|69/100|[from] item: Leftovers
|upkeep
|turn|15
|
|t:|1776051025
|switch|p2a: Grimmsnarl|Grimmsnarl, M, shiny|100/100
|move|p1a: Espeon|Psychic|p2a: Grimmsnarl
|-immune|p2a: Grimmsnarl
|
|upkeep
|turn|16
|
|t:|1776051029
|move|p2a: Grimmsnarl|Light Screen|p2a: Grimmsnarl
|-sidestart|p2: haxaura|move: Light Screen
|move|p1a: Espeon|Draining Kiss|p2a: Grimmsnarl
|-supereffective|p2a: Grimmsnarl
|-damage|p2a: Grimmsnarl|79/100
|
|upkeep
|turn|17
|
|t:|1776051036
|switch|p2a: Gholdengo|Gholdengo, shiny|100/100
|-item|p2a: Gholdengo|Air Balloon
|move|p1a: Espeon|Trick|p2a: Gholdengo
|-immune|p2a: Gholdengo|[from] ability: Good as Gold
|
|upkeep
|turn|18
|
|t:|1776051045
|move|p1a: Espeon|Shadow Ball|p2a: Gholdengo
|-supereffective|p2a: Gholdengo
|-damage|p2a: Gholdengo|67/100
|-enditem|p2a: Gholdengo|Air Balloon
|move|p2a: Gholdengo|Shadow Ball|p1a: Espeon
|-supereffective|p1a: Espeon
|-damage|p1a: Espeon|0 fnt
|faint|p1a: Espeon
|
|upkeep
|
|t:|1776051049
|switch|p1a: Samurott|Samurott-Hisui, F|68/100 psn
|turn|19
|
|t:|1776051063
|switch|p2a: Grimmsnarl|Grimmsnarl, M, shiny|79/100
|move|p1a: Samurott|Ceaseless Edge|p2a: Grimmsnarl|[miss]
|-miss|p1a: Samurott|p2a: Grimmsnarl
|
|-damage|p1a: Samurott|55/100 psn|[from] psn
|upkeep
|turn|20
|
|t:|1776051067
|move|p2a: Grimmsnarl|Reflect|p2a: Grimmsnarl
|-sidestart|p2: haxaura|Reflect
|move|p1a: Samurott|Ceaseless Edge|p2a: Grimmsnarl
|-resisted|p2a: Grimmsnarl
|-damage|p2a: Grimmsnarl|70/100
|-sidestart|p2: haxaura|Spikes
|
|-damage|p1a: Samurott|43/100 psn|[from] psn
|-sideend|p2: haxaura|move: Light Screen
|upkeep
|turn|21
|
|t:|1776051090
|switch|p2a: Zamazenta|Zamazenta, shiny|69/100
|-damage|p2a: Zamazenta|57/100|[from] Spikes
|move|p1a: Samurott|Ceaseless Edge|p2a: Zamazenta
|-resisted|p2a: Zamazenta
|-damage|p2a: Zamazenta|49/100
|-sidestart|p2: haxaura|Spikes
|
|-heal|p2a: Zamazenta|55/100|[from] item: Leftovers
|-damage|p1a: Samurott|30/100 psn|[from] psn
|upkeep
|turn|22
|inactive|q1q1q110943 has 120 seconds left.
|
|t:|1776051114
|switch|p1a: Thundurus|Thundurus-Therian, M|100/100
|move|p2a: Zamazenta|Iron Defense|p2a: Zamazenta
|-boost|p2a: Zamazenta|def|2
|
|-heal|p2a: Zamazenta|61/100|[from] item: Leftovers
|upkeep
|turn|23
|
|t:|1776051121
|move|p2a: Zamazenta|Body Press|p1a: Thundurus
|-resisted|p1a: Thundurus
|-damage|p1a: Thundurus|55/100
|move|p1a: Thundurus|Nasty Plot|p1a: Thundurus
|-boost|p1a: Thundurus|spa|2
|
|-heal|p2a: Zamazenta|67/100|[from] item: Leftovers
|upkeep
|turn|24
|
|t:|1776051125
|move|p2a: Zamazenta|Body Press|p1a: Thundurus
|-resisted|p1a: Thundurus
|-damage|p1a: Thundurus|11/100
|move|p1a: Thundurus|Thunderbolt|p2a: Zamazenta
|-damage|p2a: Zamazenta|1/100
|
|-heal|p2a: Zamazenta|7/100|[from] item: Leftovers
|-sideend|p2: haxaura|Reflect
|upkeep
|turn|25
|
|t:|1776051133
|move|p2a: Zamazenta|Body Press|p1a: Thundurus
|-resisted|p1a: Thundurus
|-damage|p1a: Thundurus|0 fnt
|faint|p1a: Thundurus
|
|-heal|p2a: Zamazenta|13/100|[from] item: Leftovers
|upkeep
|
|t:|1776051135
|switch|p1a: Ogerpon|Ogerpon-Cornerstone, F|100/100
|turn|26
|
|t:|1776051142
|move|p2a: Zamazenta|Body Press|p1a: Ogerpon
|-supereffective|p1a: Ogerpon
|-ability|p1a: Ogerpon|Sturdy
|-damage|p1a: Ogerpon|1/100
|move|p1a: Ogerpon|Horn Leech|p2a: Zamazenta
|-damage|p2a: Zamazenta|0 fnt
|-heal|p1a: Ogerpon|9/100|[from] drain|[of] p2a: Zamazenta
|faint|p2a: Zamazenta
|
|upkeep
|
|t:|1776051152
|switch|p2a: Grimmsnarl|Grimmsnarl, M, shiny|70/100
|-damage|p2a: Grimmsnarl|54/100|[from] Spikes
|turn|27
|
|t:|1776051173
|move|p2a: Grimmsnarl|Reflect|p2a: Grimmsnarl
|-sidestart|p2: haxaura|Reflect
|move|p1a: Ogerpon|Ivy Cudgel|p2a: Grimmsnarl|[anim] Ivy Cudgel Rock
|-damage|p2a: Grimmsnarl|10/100
|
|upkeep
|turn|28
|
|t:|1776051180
|switch|p2a: Ogerpon|Ogerpon-Wellspring, F|100/100
|-damage|p2a: Ogerpon|84/100|[from] Spikes
|move|p1a: Ogerpon|Horn Leech|p2a: Ogerpon
|-damage|p2a: Ogerpon|56/100
|-heal|p1a: Ogerpon|23/100|[from] drain|[of] p2a: Ogerpon
|
|upkeep
|turn|29
|
|t:|1776051187
|move|p1a: Ogerpon|Horn Leech|p2a: Ogerpon
|-damage|p2a: Ogerpon|26/100
|-heal|p1a: Ogerpon|38/100|[from] drain|[of] p2a: Ogerpon
|move|p2a: Ogerpon|Knock Off|p1a: Ogerpon
|-damage|p1a: Ogerpon|3/100
|
|upkeep
|turn|30
|
|t:|1776051194
|move|p2a: Ogerpon|Knock Off|p1a: Ogerpon
|-damage|p1a: Ogerpon|0 fnt
|faint|p1a: Ogerpon
|
|upkeep
|
|t:|1776051196
|switch|p1a: Samurott|Samurott-Hisui, F|30/100 psn
|turn|31
|
|t:|1776051199
|move|p1a: Samurott|Ceaseless Edge|p2a: Ogerpon
|-damage|p2a: Ogerpon|0 fnt
|-sidestart|p2: haxaura|Spikes
|faint|p2a: Ogerpon
|
|-damage|p1a: Samurott|18/100 psn|[from] psn
|-sideend|p2: haxaura|Reflect
|upkeep
|
|t:|1776051202
|switch|p2a: Grimmsnarl|Grimmsnarl, M, shiny|10/100
|-damage|p2a: Grimmsnarl|0 fnt|[from] Spikes
|faint|p2a: Grimmsnarl
|
|t:|1776051203
|switch|p2a: Gholdengo|Gholdengo, shiny|67/100
|-damage|p2a: Gholdengo|43/100|[from] Spikes
|turn|32
|
|t:|1776051206
|move|p1a: Samurott|Ceaseless Edge|p2a: Gholdengo
|-supereffective|p2a: Gholdengo
|-damage|p2a: Gholdengo|0 fnt
|faint|p2a: Gholdengo
|
|win|q1q1q110943
|raw|q1q1q110943's rating: 1265 &rarr; <strong>1293</strong><br />(+28 for winning)
|raw|haxaura's rating: 1312 &rarr; <strong>1289</strong><br />(-23 for losing)
|c|☆haxaura|gg
|l|☆haxaura
|player|p2|
|l|☆q1q1q110943
|player|p1|
