|html|<div class="broadcast-blue"><strong>[Gen 9] OU is currently suspecting Volcarona! For information on how to participate check out the <a href="https://www.smogon.com/tools/suspects/view/208">suspect thread</a>.</strong></div>
|j|☆151htyrneh
|j|☆NikolaJoltik711
|t:|1778505436
|gametype|singles
|player|p1|151htyrneh|unknownf|1546
|player|p2|NikolaJoltik711|blue|1548
|gen|9
|tier|[Gen 9] OU
|rated|
|rule|HP Percentage Mod: HP is shown in percentages
|rule|Endless Battle Clause: Forcing endless battles is banned
|rule|Species Clause: Limit one of each Pokémon
|rule|OHKO Clause: OHKO moves are banned
|rule|Evasion Items Clause: Evasion items are banned
|rule|Evasion Moves Clause: Evasion moves are banned
|rule|Evasion Abilities Clause: Evasion abilities are banned
|rule|Sleep Moves Clause: Sleep-inducing moves are banned
|clearpoke
|poke|p1|Gholdengo|
|poke|p1|Hatterene, F|
|poke|p1|Samurott-Hisui, F|
|poke|p1|Weavile, F|
|poke|p1|Great Tusk|
|poke|p1|Dragonite, M|
|poke|p2|Ogerpon-Wellspring, F|
|poke|p2|Dragapult, M|
|poke|p2|Rillaboom, F|
|poke|p2|Great Tusk|
|poke|p2|Heatran, M|
|poke|p2|Corviknight, M|
|teampreview
|inactive|Battle timer is ON: inactive players will automatically lose when time's up. (requested by 151htyrneh)
|
|t:|1778505444
|teamsize|p1|6
|teamsize|p2|6
|start
|switch|p1a: Samurott|Samurott-Hisui, F|100/100
|switch|p2a: Great Tusk|Great Tusk|100/100
|turn|1
|j| shadowisp
|
|t:|1778505461
|-end|p2a: Great Tusk|Protosynthesis|[silent]
|switch|p2a: Corviknight|Corviknight, M|100/100
|-ability|p2a: Corviknight|Pressure
|move|p1a: Samurott|Flip Turn|p2a: Corviknight
|-damage|p2a: Corviknight|78/100
|-damage|p1a: Samurott|84/100|[from] item: Rocky Helmet|[of] p2a: Corviknight
|
|t:|1778505475
|switch|p1a: Gholdengo|Gholdengo|100/100|[from] Flip Turn
|-item|p1a: Gholdengo|Air Balloon
|
|upkeep
|turn|2
|
|t:|1778505479
|move|p1a: Gholdengo|Thunder Wave|p2a: Corviknight
|-status|p2a: Corviknight|par
|move|p2a: Corviknight|U-turn|p1a: Gholdengo
|-resisted|p1a: Gholdengo
|-damage|p1a: Gholdengo|98/100
|-enditem|p1a: Gholdengo|Air Balloon
|
|t:|1778505499
|switch|p2a: Great Tusk|Great Tusk|100/100|[from] U-turn
|
|upkeep
|turn|3
|
|t:|1778505520
|switch|p1a: Dragonite|Dragonite, M, shiny|100/100
|move|p2a: Great Tusk|Headlong Rush|p1a: Dragonite
|-immune|p1a: Dragonite
|
|upkeep
|turn|4
|
|t:|1778505526
|switch|p1a: Samurott|Samurott-Hisui, F|84/100
|move|p2a: Great Tusk|Ice Spinner|p1a: Samurott
|-resisted|p1a: Samurott
|-damage|p1a: Samurott|67/100
|
|upkeep
|turn|5
|
|t:|1778505543
|-end|p2a: Great Tusk|Protosynthesis|[silent]
|switch|p2a: Rillaboom|Rillaboom, F|100/100
|-fieldstart|move: Grassy Terrain|[from] ability: Grassy Surge|[of] p2a: Rillaboom
|move|p1a: Samurott|Flip Turn|p2a: Rillaboom
|-resisted|p2a: Rillaboom
|-damage|p2a: Rillaboom|87/100
|j| yetet9999
|
|t:|1778505560
|switch|p1a: Weavile|Weavile, F|100/100|[from] Flip Turn
|-ability|p1a: Weavile|Pressure
|
|-heal|p2a: Rillaboom|94/100|[from] Grassy Terrain
|upkeep
|turn|6
|
|t:|1778505572
|switch|p1a: Gholdengo|Gholdengo|98/100
|switch|p2a: Corviknight|Corviknight, M|78/100 par
|-ability|p2a: Corviknight|Pressure
|
|-heal|p1a: Gholdengo|100/100|[from] Grassy Terrain
|upkeep
|turn|7
|
|t:|1778505581
|move|p1a: Gholdengo|Thunder Wave|p2a: Corviknight
|-fail|p2a: Corviknight|par
|move|p2a: Corviknight|U-turn|p1a: Gholdengo
|-resisted|p1a: Gholdengo
|-damage|p1a: Gholdengo|98/100
|
|t:|1778505588
|switch|p2a: Great Tusk|Great Tusk|100/100|[from] U-turn
|
|-heal|p1a: Gholdengo|100/100|[from] Grassy Terrain
|upkeep
|turn|8
|
|t:|1778505595
|switch|p1a: Dragonite|Dragonite, M, shiny|100/100
|move|p2a: Great Tusk|Headlong Rush|p1a: Dragonite
|-immune|p1a: Dragonite
|
|upkeep
|turn|9
|
|t:|1778505601
|switch|p1a: Weavile|Weavile, F|100/100
|-ability|p1a: Weavile|Pressure
|move|p2a: Great Tusk|Ice Spinner|p1a: Weavile
|-resisted|p1a: Weavile
|-damage|p1a: Weavile|74/100
|-fieldend|move: Grassy Terrain
|
|upkeep
|turn|10
|
|t:|1778505612
|-end|p2a: Great Tusk|Protosynthesis|[silent]
|switch|p2a: Corviknight|Corviknight, M|78/100 par
|-ability|p2a: Corviknight|Pressure
|move|p1a: Weavile|Swords Dance|p1a: Weavile
|-boost|p1a: Weavile|atk|2
|
|upkeep
|turn|11
|
|t:|1778505627
|move|p1a: Weavile|Knock Off|p2a: Corviknight
|-damage|p2a: Corviknight|0 fnt
|-damage|p1a: Weavile|58/100|[from] item: Rocky Helmet|[of] p2a: Corviknight
|-enditem|p2a: Corviknight|Rocky Helmet|[from] move: Knock Off|[of] p1a: Weavile
|faint|p2a: Corviknight
|
|upkeep
|
|t:|1778505635
|switch|p2a: Dragapult|Dragapult, M|100/100
|turn|12
|
|t:|1778505647
|switch|p2a: Heatran|Heatran, M|100/100
|switch|p1a: Hatterene|Hatterene, F|100/100
|
|upkeep
|turn|13
|
|t:|1778505655
|switch|p1a: Samurott|Samurott-Hisui, F|67/100
|move|p2a: Heatran|Magma Storm|p1a: Samurott|[miss]
|-miss|p2a: Heatran|p1a: Samurott
|
|upkeep
|turn|14
|
|t:|1778505663
|switch|p2a: Ogerpon|Ogerpon-Wellspring, F|100/100
|move|p1a: Samurott|Ceaseless Edge|p2a: Ogerpon
|-damage|p2a: Ogerpon|44/100
|-sidestart|p2: NikolaJoltik711|Spikes
|
|upkeep
|turn|15
|c| shadowisp|ouch
|
|t:|1778505675
|move|p1a: Samurott|Ceaseless Edge|p2a: Ogerpon
|-crit|p2a: Ogerpon
|-damage|p2a: Ogerpon|0 fnt
|-sidestart|p2: NikolaJoltik711|Spikes
|faint|p2a: Ogerpon
|
|upkeep
|
|t:|1778505681
|switch|p2a: Great Tusk|Great Tusk|100/100
|-damage|p2a: Great Tusk|84/100|[from] Spikes
|turn|16
|
|t:|1778505688
|switch|p1a: Gholdengo|Gholdengo|100/100
|move|p2a: Great Tusk|Headlong Rush|p1a: Gholdengo
|-supereffective|p1a: Gholdengo
|-damage|p1a: Gholdengo|14/100
|-unboost|p2a: Great Tusk|def|1
|-unboost|p2a: Great Tusk|spd|1
|
|-heal|p2a: Great Tusk|90/100|[from] item: Leftovers
|upkeep
|turn|17
|
|t:|1778505697
|move|p2a: Great Tusk|Headlong Rush|p1a: Gholdengo
|-supereffective|p1a: Gholdengo
|-damage|p1a: Gholdengo|0 fnt
|-unboost|p2a: Great Tusk|def|1
|-unboost|p2a: Great Tusk|spd|1
|faint|p1a: Gholdengo
|
|-heal|p2a: Great Tusk|96/100|[from] item: Leftovers
|upkeep
|
|t:|1778505701
|switch|p1a: Weavile|Weavile, F|58/100
|-ability|p1a: Weavile|Pressure
|turn|18
|
|t:|1778505718
|-terastallize|p2a: Great Tusk|Steel
|move|p1a: Weavile|Low Kick|p2a: Great Tusk
|-supereffective|p2a: Great Tusk
|-damage|p2a: Great Tusk|0 fnt
|faint|p2a: Great Tusk
|-end|p2a: Great Tusk|Protosynthesis|[silent]
|
|upkeep
|c|☆151htyrneh|Ur so bad
|
|t:|1778505724
|switch|p2a: Dragapult|Dragapult, M|100/100
|turn|19
|
|t:|1778505729
|switch|p1a: Hatterene|Hatterene, F|100/100
|move|p2a: Dragapult|Draco Meteor|p1a: Hatterene
|-immune|p1a: Hatterene
|
|upkeep
|turn|20
|
|t:|1778505735
|move|p2a: Dragapult|U-turn|p1a: Hatterene
|-damage|p1a: Hatterene|81/100
|
|t:|1778505737
|switch|p2a: Rillaboom|Rillaboom, F|94/100|[from] U-turn
|-damage|p2a: Rillaboom|77/100|[from] Spikes
|-fieldstart|move: Grassy Terrain|[from] ability: Grassy Surge|[of] p2a: Rillaboom
|move|p1a: Hatterene|Psychic Noise|p2a: Rillaboom
|-damage|p2a: Rillaboom|32/100
|-start|p2a: Rillaboom|move: Heal Block
|
|-heal|p1a: Hatterene|87/100|[from] Grassy Terrain
|upkeep
|turn|21
|
|t:|1778505755
|move|p2a: Rillaboom|U-turn|p1a: Hatterene
|-damage|p1a: Hatterene|58/100
|
|t:|1778505758
|switch|p2a: Heatran|Heatran, M|100/100|[from] U-turn
|-damage|p2a: Heatran|84/100|[from] Spikes
|move|p1a: Hatterene|Psyshock|p2a: Heatran
|-resisted|p2a: Heatran
|-damage|p2a: Heatran|67/100
|
|-heal|p2a: Heatran|73/100|[from] Grassy Terrain
|-heal|p2a: Heatran|79/100|[from] item: Leftovers
|-heal|p1a: Hatterene|64/100|[from] Grassy Terrain
|upkeep
|turn|22
|
|t:|1778505773
|switch|p1a: Samurott|Samurott-Hisui, F|67/100
|move|p2a: Heatran|Magma Storm|p1a: Samurott
|-resisted|p1a: Samurott
|-damage|p1a: Samurott|24/100
|-activate|p1a: Samurott|move: Magma Storm|[of] p2a: Heatran
|
|-heal|p1a: Samurott|31/100|[from] Grassy Terrain
|-heal|p2a: Heatran|85/100|[from] Grassy Terrain
|-heal|p2a: Heatran|91/100|[from] item: Leftovers
|-damage|p1a: Samurott|18/100|[from] move: Magma Storm|[partiallytrapped]
|upkeep
|turn|23
|
|t:|1778505786
|switch|p2a: Rillaboom|Rillaboom, F|32/100
|-damage|p2a: Rillaboom|15/100|[from] Spikes
|move|p1a: Samurott|Flip Turn|p2a: Rillaboom
|-resisted|p2a: Rillaboom
|-damage|p2a: Rillaboom|2/100
|
|t:|1778505793
|switch|p1a: Weavile|Weavile, F|58/100|[from] Flip Turn
|-ability|p1a: Weavile|Pressure
|
|-heal|p1a: Weavile|64/100|[from] Grassy Terrain
|-heal|p2a: Rillaboom|8/100|[from] Grassy Terrain
|upkeep
|turn|24
|
|t:|1778505799
|move|p2a: Rillaboom|Grassy Glide|p1a: Weavile
|-damage|p1a: Weavile|0 fnt
|faint|p1a: Weavile
|
|-heal|p2a: Rillaboom|15/100|[from] Grassy Terrain
|upkeep
|
|t:|1778505802
|switch|p1a: Dragonite|Dragonite, M, shiny|100/100
|turn|25
|
|t:|1778505815
|switch|p1a: Samurott|Samurott-Hisui, F|18/100
|switch|p2a: Dragapult|Dragapult, M|100/100
|
|-heal|p1a: Samurott|24/100|[from] Grassy Terrain
|upkeep
|turn|26
|c| shadowisp|grassy glide has priority 1
|c| shadowisp|when grassy terain is up
|
|t:|1778505831
|move|p1a: Samurott|Ceaseless Edge|p2a: Dragapult
|-supereffective|p2a: Dragapult
|-crit|p2a: Dragapult
|-damage|p2a: Dragapult|0 fnt
|-sidestart|p2: NikolaJoltik711|Spikes
|faint|p2a: Dragapult
|
|-heal|p1a: Samurott|31/100|[from] Grassy Terrain
|upkeep
|c|☆NikolaJoltik711|yes
|c|☆NikolaJoltik711|oh my god i forgot you were scarved
|c|☆NikolaJoltik711|im an idiot
|
|t:|1778505846
|switch|p2a: Heatran|Heatran, M|91/100
|-damage|p2a: Heatran|67/100|[from] Spikes
|turn|27
|c| yetet9999|Its scarf tho
|
|t:|1778505859
|switch|p1a: Dragonite|Dragonite, M, shiny|100/100
|move|p2a: Heatran|Magma Storm|p1a: Dragonite
|-resisted|p1a: Dragonite
|-damage|p1a: Dragonite|86/100
|-activate|p1a: Dragonite|move: Magma Storm|[of] p2a: Heatran
|
|-heal|p1a: Dragonite|92/100|[from] item: Leftovers
|-heal|p2a: Heatran|73/100|[from] Grassy Terrain
|-heal|p2a: Heatran|79/100|[from] item: Leftovers
|-damage|p1a: Dragonite|80/100|[from] move: Magma Storm|[partiallytrapped]
|-fieldend|move: Grassy Terrain
|upkeep
|turn|28
|c|☆151htyrneh|He forgot it was scarfed
|c| shadowisp|it happens
|c|☆NikolaJoltik711|you played well gg
|
|t:|1778505877
|move|p1a: Dragonite|Earthquake|p2a: Heatran
|-supereffective|p2a: Heatran
|-damage|p2a: Heatran|0 fnt
|faint|p2a: Heatran
|
|-heal|p1a: Dragonite|86/100|[from] item: Leftovers
|-end|p1a: Dragonite|Magma Storm|[partiallytrapped]|[silent]
|upkeep
|c|☆151htyrneh|That
|
|t:|1778505882
|switch|p2a: Rillaboom|Rillaboom, F|15/100
|-damage|p2a: Rillaboom|0 fnt|[from] Spikes
|faint|p2a: Rillaboom
|
|win|151htyrneh
|raw|151htyrneh's rating: 1546 &rarr; <strong>1566</strong><br />(+20 for winning)
|raw|NikolaJoltik711's rating: 1548 &rarr; <strong>1528</strong><br />(-20 for losing)
|c|☆151htyrneh|Lowkick on tera steel
|c|☆NikolaJoltik711|yeah
|c|☆151htyrneh|U cant lie that was crazy
|c|☆NikolaJoltik711|i got fucked
|c|☆151htyrneh|I was predicting tran or tera steel/ice
|c| shadowisp|was a good game, learn from watching such battles
|c| shadowisp|thanks both of you
|l| shadowisp
|l|☆NikolaJoltik711
|player|p2|
|l| yetet9999
|l|☆151htyrneh
|player|p1|
