|html|<div class="broadcast-blue"><strong>[Gen 9] OU is currently suspecting Tera Blast! For information on how to participate check out the <a href="https://www.smogon.com/tools/suspects/view/200">suspect thread</a>.</strong></div>
|j|☆new human two
|j|☆The Alexbest
|t:|1776179161
|gametype|singles
|player|p1|new human two|lucas|1371
|player|p2|The Alexbest|sailor|1327
|gen|9
|tier|[Gen 9] OU
|rated|
|rule|HP Percentage Mod: HP is shown in percentages
|rule|Endless Battle Clause: Forcing endless battles is banned
|rule|Species Clause: Limit one of each Pokémon
|rule|OHKO Clause: OHKO moves are banned
|rule|Evasion Items Clause: Evasion items are banned
|rule|Evasion Moves Clause: Evasion moves are banned
|rule|Evasion Abilities Clause: Evasion abilities are banned
|rule|Sleep Moves Clause: Sleep-inducing moves are banned
|clearpoke
|poke|p1|Mienshao, F|
|poke|p1|Blissey, F|
|poke|p1|Gengar, M|
|poke|p1|Slowbro, M|
|poke|p1|Krookodile, M|
|poke|p1|Talonflame, F|
|poke|p2|Garchomp, M|
|poke|p2|Slowking-Galar, M|
|poke|p2|Dragapult, F|
|poke|p2|Corviknight, F|
|poke|p2|Iron Valiant|
|poke|p2|Kyurem|
|teampreview
|inactive|Battle timer is ON: inactive players will automatically lose when time's up. (requested by new human two)
|
|t:|1776179177
|teamsize|p1|6
|teamsize|p2|6
|start
|switch|p1a: Mienshao|Mienshao, F|100/100
|switch|p2a: Garchomp|Garchomp, M|100/100
|turn|1
|
|t:|1776179184
|switch|p2a: Corviknight|Corviknight, F|100/100
|-ability|p2a: Corviknight|Pressure
|move|p1a: Mienshao|Triple Axel|p2a: Corviknight
|-damage|p2a: Corviknight|96/100
|-damage|p1a: Mienshao|84/100|[from] item: Rocky Helmet|[of] p2a: Corviknight
|-damage|p2a: Corviknight|87/100
|-damage|p1a: Mienshao|67/100|[from] item: Rocky Helmet|[of] p2a: Corviknight
|-damage|p2a: Corviknight|74/100
|-damage|p1a: Mienshao|51/100|[from] item: Rocky Helmet|[of] p2a: Corviknight
|-hitcount|p2a: Corviknight|3
|
|upkeep
|turn|2
|
|t:|1776179195
|switch|p1a: Slowbro|Slowbro, M|100/100
|move|p2a: Corviknight|U-turn|p1a: Slowbro
|-supereffective|p1a: Slowbro
|-damage|p1a: Slowbro|84/100
|
|t:|1776179199
|switch|p2a: Garchomp|Garchomp, M|100/100|[from] U-turn
|
|upkeep
|turn|3
|
|t:|1776179216
|switch|p1a: Talonflame|Talonflame, F|100/100
|move|p2a: Garchomp|Stealth Rock|p1a: Talonflame
|-sidestart|p1: new human two|move: Stealth Rock
|
|upkeep
|turn|4
|
|t:|1776179228
|move|p1a: Talonflame|Defog|p2a: Garchomp
|-unboost|p2a: Garchomp|evasion|1
|-sideend|p1: new human two|Stealth Rock|[from] move: Defog|[of] p1a: Talonflame
|move|p2a: Garchomp|Dragon Tail|p1a: Talonflame
|-damage|p1a: Talonflame|74/100
|drag|p1a: Mienshao|Mienshao, F|84/100
|
|upkeep
|turn|5
|
|t:|1776179237
|switch|p2a: Corviknight|Corviknight, F|74/100
|-ability|p2a: Corviknight|Pressure
|move|p1a: Mienshao|Triple Axel|p2a: Corviknight
|-damage|p2a: Corviknight|70/100
|-damage|p1a: Mienshao|67/100|[from] item: Rocky Helmet|[of] p2a: Corviknight
|-damage|p2a: Corviknight|61/100
|-damage|p1a: Mienshao|51/100|[from] item: Rocky Helmet|[of] p2a: Corviknight
|-damage|p2a: Corviknight|47/100
|-damage|p1a: Mienshao|34/100|[from] item: Rocky Helmet|[of] p2a: Corviknight
|-hitcount|p2a: Corviknight|3
|
|upkeep
|turn|6
|inactive|new human two has 120 seconds left.
|
|t:|1776179269
|switch|p1a: Talonflame|Talonflame, F|74/100
|move|p2a: Corviknight|Roost|p2a: Corviknight
|-heal|p2a: Corviknight|97/100
|-singleturn|p2a: Corviknight|move: Roost
|
|upkeep
|turn|7
|
|t:|1776179278
|switch|p2a: Slowking|Slowking-Galar, M|100/100
|move|p1a: Talonflame|U-turn|p2a: Slowking
|-damage|p2a: Slowking|87/100
|
|t:|1776179284
|switch|p1a: Krookodile|Krookodile, M|100/100|[from] U-turn
|-ability|p1a: Krookodile|Intimidate|boost
|-unboost|p2a: Slowking|atk|1
|
|upkeep
|turn|8
|
|t:|1776179290
|switch|p2a: Corviknight|Corviknight, F|97/100
|-ability|p2a: Corviknight|Pressure
|move|p1a: Krookodile|Knock Off|p2a: Corviknight
|-damage|p2a: Corviknight|48/100
|-damage|p1a: Krookodile|84/100|[from] item: Rocky Helmet|[of] p2a: Corviknight
|-enditem|p2a: Corviknight|Rocky Helmet|[from] move: Knock Off|[of] p1a: Krookodile
|
|upkeep
|turn|9
|
|t:|1776179299
|switch|p1a: Talonflame|Talonflame, F|74/100
|move|p2a: Corviknight|Roost|p2a: Corviknight
|-heal|p2a: Corviknight|98/100
|-singleturn|p2a: Corviknight|move: Roost
|
|upkeep
|turn|10
|
|t:|1776179305
|switch|p2a: Slowking|Slowking-Galar, M|100/100
|move|p1a: Talonflame|Roost|p1a: Talonflame
|-heal|p1a: Talonflame|100/100
|-singleturn|p1a: Talonflame|move: Roost
|
|upkeep
|turn|11
|
|t:|1776179309
|move|p1a: Talonflame|U-turn|p2a: Slowking
|-damage|p2a: Slowking|87/100
|
|t:|1776179316
|switch|p1a: Blissey|Blissey, F|100/100|[from] U-turn
|move|p2a: Slowking|Toxic Spikes|p1a: Blissey
|-sidestart|p1: new human two|move: Toxic Spikes
|
|upkeep
|turn|12
|
|t:|1776179320
|move|p1a: Blissey|Stealth Rock|p2a: Slowking
|-sidestart|p2: The Alexbest|move: Stealth Rock
|-prepare|p2a: Slowking|Chilly Reception|[premajor]
|move|p2a: Slowking|Chilly Reception|p2a: Slowking
|-weather|Snowscape
|
|t:|1776179328
|switch|p2a: Garchomp|Garchomp, M|100/100|[from] Chilly Reception
|-damage|p2a: Garchomp|94/100|[from] Stealth Rock
|
|-weather|Snowscape|[upkeep]
|upkeep
|turn|13
|
|t:|1776179340
|switch|p1a: Talonflame|Talonflame, F|100/100
|move|p2a: Garchomp|Dragon Tail|p1a: Talonflame
|-damage|p1a: Talonflame|70/100
|-status|p2a: Garchomp|brn|[from] ability: Flame Body|[of] p1a: Talonflame
|drag|p1a: Gengar|Gengar, M|100/100
|-sideend|p1: new human two|move: Toxic Spikes|[of] p1a: Gengar
|
|-weather|Snowscape|[upkeep]
|-damage|p2a: Garchomp|88/100 brn|[from] brn
|upkeep
|turn|14
|
|t:|1776179353
|move|p1a: Gengar|Hex|p2a: Garchomp
|-damage|p2a: Garchomp|0 fnt
|faint|p2a: Garchomp
|
|-weather|Snowscape|[upkeep]
|upkeep
|
|t:|1776179362
|switch|p2a: Dragapult|Dragapult, F|100/100
|turn|15
|
|t:|1776179374
|switch|p2a: Corviknight|Corviknight, F|98/100
|-damage|p2a: Corviknight|86/100|[from] Stealth Rock
|-ability|p2a: Corviknight|Pressure
|switch|p1a: Blissey|Blissey, F|100/100
|
|-weather|Snowscape|[upkeep]
|upkeep
|turn|16
|
|t:|1776179380
|move|p2a: Corviknight|Defog|p1a: Blissey
|-unboost|p1a: Blissey|evasion|1
|-sideend|p2: The Alexbest|Stealth Rock|[from] move: Defog|[of] p2a: Corviknight
|move|p1a: Blissey|Thunder Wave|p2a: Corviknight
|-status|p2a: Corviknight|par
|
|-weather|none
|upkeep
|turn|17
|
|t:|1776179385
|move|p1a: Blissey|Stealth Rock|p2a: Corviknight
|-sidestart|p2: The Alexbest|move: Stealth Rock
|move|p2a: Corviknight|U-turn|p1a: Blissey
|-damage|p1a: Blissey|86/100
|
|t:|1776179393
|switch|p2a: Iron Valiant|Iron Valiant|100/100|[from] U-turn
|-damage|p2a: Iron Valiant|94/100|[from] Stealth Rock
|-enditem|p2a: Iron Valiant|Booster Energy
|-activate|p2a: Iron Valiant|ability: Quark Drive|[fromitem]
|-start|p2a: Iron Valiant|quarkdrivespe
|
|upkeep
|turn|18
|
|t:|1776179409
|switch|p1a: Talonflame|Talonflame, F|70/100
|move|p2a: Iron Valiant|Knock Off|p1a: Talonflame
|-damage|p1a: Talonflame|41/100
|-enditem|p1a: Talonflame|Heavy-Duty Boots|[from] move: Knock Off|[of] p2a: Iron Valiant
|
|upkeep
|turn|19
|
|t:|1776179420
|-terastallize|p2a: Iron Valiant|Steel
|move|p2a: Iron Valiant|Moonblast|p1a: Talonflame
|-resisted|p1a: Talonflame
|-damage|p1a: Talonflame|10/100
|move|p1a: Talonflame|Roost|p1a: Talonflame
|-heal|p1a: Talonflame|60/100
|-singleturn|p1a: Talonflame|move: Roost
|
|upkeep
|turn|20
|
|t:|1776179427
|move|p2a: Iron Valiant|Encore|p1a: Talonflame
|-start|p1a: Talonflame|Encore
|move|p1a: Talonflame|Roost|p1a: Talonflame
|-heal|p1a: Talonflame|100/100
|-singleturn|p1a: Talonflame|move: Roost
|
|upkeep
|turn|21
|
|t:|1776179440
|move|p2a: Iron Valiant|Moonblast|p1a: Talonflame
|-resisted|p1a: Talonflame
|-damage|p1a: Talonflame|68/100
|-unboost|p1a: Talonflame|spa|1
|move|p1a: Talonflame|Roost|p1a: Talonflame
|-heal|p1a: Talonflame|100/100
|-singleturn|p1a: Talonflame|move: Roost
|
|upkeep
|turn|22
|
|t:|1776179447
|move|p2a: Iron Valiant|Moonblast|p1a: Talonflame
|-resisted|p1a: Talonflame
|-damage|p1a: Talonflame|68/100
|move|p1a: Talonflame|Roost|p1a: Talonflame
|-heal|p1a: Talonflame|100/100
|-singleturn|p1a: Talonflame|move: Roost
|
|-end|p1a: Talonflame|Encore
|upkeep
|turn|23
|
|t:|1776179450
|switch|p1a: Blissey|Blissey, F|86/100
|move|p2a: Iron Valiant|Encore||[still]
|-fail|p2a: Iron Valiant
|
|upkeep
|turn|24
|
|t:|1776179458
|switch|p1a: Talonflame|Talonflame, F|100/100
|move|p2a: Iron Valiant|Knock Off|p1a: Talonflame
|-damage|p1a: Talonflame|80/100
|
|upkeep
|turn|25
|
|t:|1776179465
|-end|p2a: Iron Valiant|Quark Drive|[silent]
|switch|p2a: Slowking|Slowking-Galar, M|100/100
|move|p1a: Talonflame|Fire Blast|p2a: Slowking|[miss]
|-miss|p1a: Talonflame|p2a: Slowking
|
|upkeep
|turn|26
|
|t:|1776179471
|move|p1a: Talonflame|U-turn|p2a: Slowking
|-damage|p2a: Slowking|89/100
|
|t:|1776179477
|switch|p1a: Gengar|Gengar, M|100/100|[from] U-turn
|move|p2a: Slowking|Future Sight|p1a: Gengar
|-start|p2a: Slowking|move: Future Sight
|
|upkeep
|turn|27
|
|t:|1776179487
|move|p1a: Gengar|Shadow Ball|p2a: Slowking
|-supereffective|p2a: Slowking
|-damage|p2a: Slowking|9/100
|-prepare|p2a: Slowking|Chilly Reception|[premajor]
|move|p2a: Slowking|Chilly Reception|p2a: Slowking
|-weather|Snowscape
|
|t:|1776179491
|switch|p2a: Corviknight|Corviknight, F|86/100 par|[from] Chilly Reception
|-damage|p2a: Corviknight|74/100 par|[from] Stealth Rock
|-ability|p2a: Corviknight|Pressure
|
|-weather|Snowscape|[upkeep]
|upkeep
|turn|28
|
|t:|1776179504
|switch|p1a: Krookodile|Krookodile, M|84/100
|-ability|p1a: Krookodile|Intimidate|boost
|-unboost|p2a: Corviknight|atk|1
|move|p2a: Corviknight|Defog|p1a: Krookodile
|-unboost|p1a: Krookodile|evasion|1
|-sideend|p2: The Alexbest|Stealth Rock|[from] move: Defog|[of] p2a: Corviknight
|
|-weather|Snowscape|[upkeep]
|-end|p1a: Krookodile|move: Future Sight
|-immune|p1a: Krookodile
|upkeep
|turn|29
|
|t:|1776179513
|move|p1a: Krookodile|Knock Off|p2a: Corviknight
|-damage|p2a: Corviknight|40/100 par
|cant|p2a: Corviknight|par
|
|-weather|Snowscape|[upkeep]
|upkeep
|turn|30
|
|t:|1776179516
|move|p1a: Krookodile|Knock Off|p2a: Corviknight
|-damage|p2a: Corviknight|10/100 par
|move|p2a: Corviknight|Roost|p2a: Corviknight
|-heal|p2a: Corviknight|60/100 par
|-singleturn|p2a: Corviknight|move: Roost
|
|-weather|Snowscape|[upkeep]
|upkeep
|turn|31
|
|t:|1776179524
|switch|p1a: Gengar|Gengar, M|100/100
|switch|p2a: Iron Valiant|Iron Valiant, tera:Steel|94/100
|
|-weather|none
|upkeep
|turn|32
|
|t:|1776179543
|-end|p2a: Iron Valiant|Quark Drive|[silent]
|switch|p2a: Corviknight|Corviknight, F|60/100 par
|-ability|p2a: Corviknight|Pressure
|switch|p1a: Talonflame|Talonflame, F|80/100
|
|upkeep
|turn|33
|
|t:|1776179549
|switch|p2a: Dragapult|Dragapult, F|100/100
|move|p1a: Talonflame|Fire Blast|p2a: Dragapult|[miss]
|-miss|p1a: Talonflame|p2a: Dragapult
|
|upkeep
|turn|34
|
|t:|1776179562
|move|p2a: Dragapult|Draco Meteor|p1a: Talonflame
|-damage|p1a: Talonflame|4/100
|-unboost|p2a: Dragapult|spa|2
|move|p1a: Talonflame|Roost|p1a: Talonflame
|-heal|p1a: Talonflame|54/100
|-singleturn|p1a: Talonflame|move: Roost
|
|upkeep
|turn|35
|
|t:|1776179569
|move|p2a: Dragapult|Draco Meteor|p1a: Talonflame
|-damage|p1a: Talonflame|17/100
|-unboost|p2a: Dragapult|spa|2
|move|p1a: Talonflame|Roost|p1a: Talonflame
|-heal|p1a: Talonflame|67/100
|-singleturn|p1a: Talonflame|move: Roost
|
|upkeep
|turn|36
|
|t:|1776179573
|switch|p2a: Iron Valiant|Iron Valiant, tera:Steel|94/100
|move|p1a: Talonflame|Roost|p1a: Talonflame
|-heal|p1a: Talonflame|100/100
|-singleturn|p1a: Talonflame|move: Roost
|
|upkeep
|turn|37
|
|t:|1776179577
|move|p2a: Iron Valiant|Encore||[still]
|-fail|p2a: Iron Valiant
|move|p1a: Talonflame|Fire Blast|p2a: Iron Valiant
|-supereffective|p2a: Iron Valiant
|-damage|p2a: Iron Valiant|0 fnt
|faint|p2a: Iron Valiant
|-end|p2a: Iron Valiant|Quark Drive|[silent]
|
|upkeep
|-message|The Alexbest forfeited.
|
|win|new human two
|raw|new human two's rating: 1371 &rarr; <strong>1388</strong><br />(+17 for winning)
|raw|The Alexbest's rating: 1327 &rarr; <strong>1310</strong><br />(-17 for losing)
|l|☆The Alexbest
|player|p2|
