|html|<div class="broadcast-blue"><strong>[Gen 9] OU is currently suspecting Tera Blast! For information on how to participate check out the <a href="https://www.smogon.com/tools/suspects/view/200">suspect thread</a>.</strong></div>
|j|☆bringme the late
|j|☆pichulasio
|t:|1776288281
|gametype|singles
|player|p1|bringme the late|blue-gen7|1599
|player|p2|pichulasio|battlegirl-gen4|1651
|gen|9
|tier|[Gen 9] OU
|rated|
|rule|HP Percentage Mod: HP is shown in percentages
|rule|Endless Battle Clause: Forcing endless battles is banned
|rule|Species Clause: Limit one of each Pokémon
|rule|OHKO Clause: OHKO moves are banned
|rule|Evasion Items Clause: Evasion items are banned
|rule|Evasion Moves Clause: Evasion moves are banned
|rule|Evasion Abilities Clause: Evasion abilities are banned
|rule|Sleep Moves Clause: Sleep-inducing moves are banned
|clearpoke
|poke|p1|Indeedee, M|
|poke|p1|Hatterene, F|
|poke|p1|Ursaluna, F|
|poke|p1|Iron Hands|
|poke|p1|Hoopa-Unbound|
|poke|p1|Mimikyu, M|
|poke|p2|Ninetales-Alola, M|
|poke|p2|Zamazenta-*|
|poke|p2|Latios, M|
|poke|p2|Ceruledge, F|
|poke|p2|Cloyster, F|
|poke|p2|Weezing-Galar, M|
|teampreview
|inactive|Battle timer is ON: inactive players will automatically lose when time's up. (requested by pichulasio)
|
|t:|1776288293
|teamsize|p1|6
|teamsize|p2|6
|start
|switch|p1a: LEBRON|Iron Hands|100/100
|switch|p2a: Weezing|Weezing-Galar, M|100/100
|-ability|p2a: Weezing|Neutralizing Gas
|turn|1
|
|t:|1776288302
|-end|p1a: LEBRON|Quark Drive|[silent]
|switch|p1a: Subaru|Indeedee, M, shiny|100/100
|move|p2a: Weezing|Toxic|p1a: Subaru
|-status|p1a: Subaru|tox
|
|-damage|p1a: Subaru|94/100 tox|[from] psn
|upkeep
|turn|2
|
|t:|1776288309
|-end|p2a: Weezing|ability: Neutralizing Gas
|-fieldstart|move: Psychic Terrain|[from] ability: Psychic Surge|[of] p1a: Subaru
|switch|p2a: Latios|Latios, M|100/100
|move|p1a: Subaru|Trick Room|p1a: Subaru
|-fieldstart|move: Trick Room|[of] p1a: Subaru
|
|-damage|p1a: Subaru|82/100 tox|[from] psn
|upkeep
|turn|3
|
|t:|1776288327
|switch|p1a: King Von|Hoopa-Unbound|100/100
|-enditem|p1a: King Von|Psychic Seed
|-boost|p1a: King Von|spd|1|[from] item: Psychic Seed
|switch|p2a: Weezing|Weezing-Galar, M|100/100
|-ability|p2a: Weezing|Neutralizing Gas
|
|upkeep
|turn|4
|
|t:|1776288342
|-end|p2a: Weezing|ability: Neutralizing Gas
|switch|p2a: Ninetales|Ninetales-Alola, M|100/100
|-weather|Snowscape|[from] ability: Snow Warning|[of] p2a: Ninetales
|move|p1a: King Von|Expanding Force|p2a: Ninetales
|-damage|p2a: Ninetales|0 fnt
|faint|p2a: Ninetales
|-item|p1a: King Von|Light Clay|[from] ability: Magician|[of] p2: Ninetales
|
|-weather|Snowscape|[upkeep]
|upkeep
|
|t:|1776288350
|switch|p2a: Ceruledge|Ceruledge, F|100/100
|turn|5
|
|t:|1776288368
|switch|p2a: Latios|Latios, M|100/100
|move|p1a: King Von|Expanding Force|p2a: Latios
|-resisted|p2a: Latios
|-damage|p2a: Latios|50/100
|
|-weather|Snowscape|[upkeep]
|upkeep
|turn|6
|
|t:|1776288376
|switch|p2a: Weezing|Weezing-Galar, M|100/100
|-ability|p2a: Weezing|Neutralizing Gas
|move|p1a: King Von|Expanding Force|p2a: Weezing
|-supereffective|p2a: Weezing
|-damage|p2a: Weezing|0 fnt
|faint|p2a: Weezing
|-end|p2a: Weezing|ability: Neutralizing Gas
|
|-weather|Snowscape|[upkeep]
|-fieldend|move: Trick Room
|upkeep
|
|t:|1776288383
|switch|p2a: Ceruledge|Ceruledge, F|100/100
|turn|7
|
|t:|1776288386
|move|p2a: Ceruledge|Swords Dance|p2a: Ceruledge
|-boost|p2a: Ceruledge|atk|2
|move|p1a: King Von|Trick Room|p1a: King Von
|-fieldstart|move: Trick Room|[of] p1a: King Von
|
|-weather|Snowscape|[upkeep]
|upkeep
|turn|8
|
|t:|1776288392
|move|p1a: King Von|Expanding Force|p2a: Ceruledge
|-crit|p2a: Ceruledge
|-enditem|p2a: Ceruledge|Focus Sash
|-damage|p2a: Ceruledge|1/100
|move|p2a: Ceruledge|Bitter Blade|p1a: King Von
|-damage|p1a: King Von|0 fnt
|-heal|p2a: Ceruledge|63/100|[from] drain|[of] p1a: King Von
|faint|p1a: King Von
|
|-weather|none
|upkeep
|
|t:|1776288399
|switch|p1a: Satella|Hatterene, F, shiny|100/100
|turn|9
|
|t:|1776288420
|move|p1a: Satella|Expanding Force|p2a: Ceruledge
|-damage|p2a: Ceruledge|0 fnt
|faint|p2a: Ceruledge
|-damage|p1a: Satella|91/100|[from] item: Life Orb
|
|-fieldend|move: Psychic Terrain
|upkeep
|inactive|pichulasio has 120 seconds left.
|
|t:|1776288437
|switch|p2a: Latios|Latios, M|50/100
|turn|10
|
|t:|1776288448
|move|p1a: Satella|Draining Kiss|p2a: Latios
|-supereffective|p2a: Latios
|-damage|p2a: Latios|0 fnt
|-heal|p1a: Satella|100/100|[from] drain|[of] p2a: Latios
|faint|p2a: Latios
|-damage|p1a: Satella|91/100|[from] item: Life Orb
|
|upkeep
|
|t:|1776288451
|switch|p2a: Zamazenta|Zamazenta|100/100
|-ability|p2a: Zamazenta|Dauntless Shield|boost
|-boost|p2a: Zamazenta|def|1
|turn|11
|
|t:|1776288457
|switch|p1a: Subaru|Indeedee, M, shiny|82/100 tox
|-fieldstart|move: Psychic Terrain|[from] ability: Psychic Surge|[of] p1a: Subaru
|-terastallize|p2a: Zamazenta|Steel
|move|p2a: Zamazenta|Heavy Slam|p1a: Subaru
|-damage|p1a: Subaru|24/100 tox
|
|-damage|p1a: Subaru|18/100 tox|[from] psn
|-fieldend|move: Trick Room
|upkeep
|turn|12
|j| Ctannn
|j| I registered this
|
|t:|1776288465
|move|p2a: Zamazenta|Crunch|p1a: Subaru
|-supereffective|p1a: Subaru
|-damage|p1a: Subaru|0 fnt
|faint|p1a: Subaru
|
|upkeep
|
|t:|1776288468
|switch|p1a: LEBRON|Iron Hands|100/100
|-enditem|p1a: LEBRON|Booster Energy
|-activate|p1a: LEBRON|ability: Quark Drive|[fromitem]
|-start|p1a: LEBRON|quarkdriveatk
|turn|13
|
|t:|1776288483
|move|p2a: Zamazenta|Iron Defense|p2a: Zamazenta
|-boost|p2a: Zamazenta|def|2
|move|p1a: LEBRON|Supercell Slam|p2a: Zamazenta
|-damage|p2a: Zamazenta|76/100
|
|-heal|p2a: Zamazenta|83/100|[from] item: Leftovers
|upkeep
|turn|14
|j| 0RickMountStrong
|
|t:|1776288498
|move|p2a: Zamazenta|Iron Defense|p2a: Zamazenta
|-boost|p2a: Zamazenta|def|2
|move|p1a: LEBRON|Close Combat|p2a: Zamazenta
|-supereffective|p2a: Zamazenta
|-damage|p2a: Zamazenta|39/100
|-unboost|p1a: LEBRON|def|1
|-unboost|p1a: LEBRON|spd|1
|
|-heal|p2a: Zamazenta|45/100|[from] item: Leftovers
|upkeep
|turn|15
|
|t:|1776288504
|-end|p1a: LEBRON|Quark Drive|[silent]
|switch|p1a: Mimi|Mimikyu, M, shiny|100/100
|move|p2a: Zamazenta|Body Press|p1a: Mimi
|-immune|p1a: Mimi
|
|-heal|p2a: Zamazenta|52/100|[from] item: Leftovers
|upkeep
|turn|16
|
|t:|1776288519
|move|p2a: Zamazenta|Heavy Slam|p1a: Mimi
|-activate|p1a: Mimi|ability: Disguise
|-damage|p1a: Mimi|100/100
|detailschange|p1a: Mimi|Mimikyu-Busted, M, shiny
|-damage|p1a: Mimi|88/100|[from] pokemon: Mimikyu-Busted
|-enditem|p1a: Mimi|Red Card|[of] p2a: Zamazenta
|drag|p2a: Cloyster|Cloyster, F, shiny|100/100
|move|p1a: Mimi|Trick Room|p1a: Mimi
|-fieldstart|move: Trick Room|[of] p1a: Mimi
|
|upkeep
|turn|17
|
|t:|1776288526
|switch|p2a: Zamazenta|Zamazenta, tera:Steel|52/100
|move|p1a: Mimi|Play Rough|p2a: Zamazenta
|-resisted|p2a: Zamazenta
|-damage|p2a: Zamazenta|41/100
|
|-heal|p2a: Zamazenta|47/100|[from] item: Leftovers
|upkeep
|turn|18
|
|t:|1776288542
|switch|p1a: LEBRON|Iron Hands|100/100
|switch|p2a: Cloyster|Cloyster, F, shiny|100/100
|
|-fieldend|move: Psychic Terrain
|upkeep
|turn|19
|
|t:|1776288547
|move|p1a: LEBRON|Close Combat|p2a: Cloyster
|-supereffective|p2a: Cloyster
|-damage|p2a: Cloyster|0 fnt
|-unboost|p1a: LEBRON|def|1
|-unboost|p1a: LEBRON|spd|1
|faint|p2a: Cloyster
|
|upkeep
|
|t:|1776288550
|switch|p2a: Zamazenta|Zamazenta, tera:Steel|47/100
|turn|20
|
|t:|1776288553
|move|p1a: LEBRON|Close Combat|p2a: Zamazenta
|-supereffective|p2a: Zamazenta
|-damage|p2a: Zamazenta|0 fnt
|-unboost|p1a: LEBRON|def|1
|-unboost|p1a: LEBRON|spd|1
|faint|p2a: Zamazenta
|
|win|bringme the late
|raw|bringme the late's rating: 1599 &rarr; <strong>1622</strong><br />(+23 for winning)
|raw|pichulasio's rating: 1651 &rarr; <strong>1628</strong><br />(-23 for losing)
|l|☆pichulasio
|player|p2|
|l|☆bringme the late
|player|p1|
|l| Ctannn
|l| I registered this
