|html|<div class="broadcast-blue"><strong>[Gen 9] OU is currently suspecting Tera Blast! For information on how to participate check out the <a href="https://www.smogon.com/tools/suspects/view/200">suspect thread</a>.</strong></div>
|j|☆forsakenlog
|j|☆lehrgak02
|t:|1776234377
|gametype|singles
|player|p1|forsakenlog|102|1297
|player|p2|lehrgak02|cynthia-gen4|1241
|gen|9
|tier|[Gen 9] OU
|rated|
|rule|HP Percentage Mod: HP is shown in percentages
|rule|Endless Battle Clause: Forcing endless battles is banned
|rule|Species Clause: Limit one of each Pokémon
|rule|OHKO Clause: OHKO moves are banned
|rule|Evasion Items Clause: Evasion items are banned
|rule|Evasion Moves Clause: Evasion moves are banned
|rule|Evasion Abilities Clause: Evasion abilities are banned
|rule|Sleep Moves Clause: Sleep-inducing moves are banned
|clearpoke
|poke|p1|Ogerpon-Wellspring, F|
|poke|p1|Gliscor, F|
|poke|p1|Kingambit, F|
|poke|p1|Glimmora, F|
|poke|p1|Gholdengo|
|poke|p1|Slowking-Galar, M|
|poke|p2|Mienshao, M|
|poke|p2|Landorus-Therian, M|
|poke|p2|Hydrapple, F|
|poke|p2|Iron Moth|
|poke|p2|Garganacl, M|
|poke|p2|Goodra, M|
|teampreview
|inactive|Battle timer is ON: inactive players will automatically lose when time's up. (requested by forsakenlog)
|
|t:|1776234387
|teamsize|p1|6
|teamsize|p2|6
|start
|switch|p1a: Glimmora|Glimmora, F|100/100
|switch|p2a: Mienshao|Mienshao, M|100/100
|turn|1
|
|t:|1776234394
|move|p2a: Mienshao|High Jump Kick|p1a: Glimmora
|-enditem|p1a: Glimmora|Focus Sash
|-damage|p1a: Glimmora|1/100
|-activate|p1a: Glimmora|ability: Toxic Debris
|-sidestart|p2: lehrgak02|move: Toxic Spikes
|-damage|p2a: Mienshao|91/100|[from] item: Life Orb
|move|p1a: Glimmora|Stealth Rock|p2a: Mienshao
|-sidestart|p2: lehrgak02|move: Stealth Rock
|
|upkeep
|turn|2
|
|t:|1776234405
|switch|p1a: Gliscor|Gliscor, F|100/100
|move|p2a: Mienshao|U-turn|p1a: Gliscor
|-resisted|p1a: Gliscor
|-damage|p1a: Gliscor|92/100
|-damage|p2a: Mienshao|81/100|[from] item: Life Orb
|
|t:|1776234410
|switch|p2a: Iron Moth|Iron Moth|100/100|[from] U-turn
|-sideend|p2: lehrgak02|move: Toxic Spikes|[of] p2a: Iron Moth
|-damage|p2a: Iron Moth|76/100|[from] Stealth Rock
|
|-status|p1a: Gliscor|tox|[from] item: Toxic Orb
|upkeep
|turn|3
|
|t:|1776234420
|move|p1a: Gliscor|Protect|p1a: Gliscor
|-singleturn|p1a: Gliscor|Protect
|move|p2a: Iron Moth|Flamethrower|p1a: Gliscor
|-activate|p1a: Gliscor|move: Protect
|
|-heal|p1a: Gliscor|100/100 tox|[from] ability: Poison Heal
|upkeep
|turn|4
|
|t:|1776234427
|switch|p1a: Slowking|Slowking-Galar, M|100/100
|move|p2a: Iron Moth|Flamethrower|p1a: Slowking
|-crit|p1a: Slowking
|-damage|p1a: Slowking|52/100
|
|upkeep
|turn|5
|
|t:|1776234437
|-end|p2a: Iron Moth|Quark Drive|[silent]
|switch|p2a: Garganacl|Garganacl, M|100/100
|-damage|p2a: Garganacl|88/100|[from] Stealth Rock
|move|p1a: Slowking|Future Sight|p2a: Garganacl
|-start|p1a: Slowking|move: Future Sight
|
|-heal|p2a: Garganacl|94/100|[from] item: Leftovers
|upkeep
|turn|6
|
|t:|1776234442
|move|p2a: Garganacl|Stealth Rock|p1a: Slowking
|-sidestart|p1: forsakenlog|move: Stealth Rock
|-prepare|p1a: Slowking|Chilly Reception|[premajor]
|move|p1a: Slowking|Chilly Reception|p1a: Slowking
|-weather|Snowscape
|
|t:|1776234447
|switch|p1a: Ogerpon|Ogerpon-Wellspring, F|100/100|[from] Chilly Reception
|-damage|p1a: Ogerpon|88/100|[from] Stealth Rock
|
|-weather|Snowscape|[upkeep]
|-heal|p2a: Garganacl|100/100|[from] item: Leftovers
|upkeep
|turn|7
|
|t:|1776234456
|switch|p2a: Hydrapple|Hydrapple, F|100/100
|-damage|p2a: Hydrapple|88/100|[from] Stealth Rock
|move|p1a: Ogerpon|Ivy Cudgel|p2a: Hydrapple|[anim] Ivy Cudgel Water
|-resisted|p2a: Hydrapple
|-damage|p2a: Hydrapple|78/100
|
|-weather|Snowscape|[upkeep]
|-end|p2a: Hydrapple|move: Future Sight
|-damage|p2a: Hydrapple|46/100
|-heal|p2a: Hydrapple|52/100|[from] item: Leftovers
|upkeep
|turn|8
|
|t:|1776234466
|move|p1a: Ogerpon|U-turn|p2a: Hydrapple
|-supereffective|p2a: Hydrapple
|-damage|p2a: Hydrapple|13/100
|
|t:|1776234470
|switch|p1a: Slowking|Slowking-Galar, M|86/100|[from] U-turn
|move|p2a: Hydrapple|Nasty Plot|p2a: Hydrapple
|-boost|p2a: Hydrapple|spa|2
|
|-weather|Snowscape|[upkeep]
|-heal|p2a: Hydrapple|20/100|[from] item: Leftovers
|upkeep
|turn|9
|
|t:|1776234482
|-terastallize|p2a: Hydrapple|Steel
|move|p2a: Hydrapple|Earth Power|p1a: Slowking
|-supereffective|p1a: Slowking
|-damage|p1a: Slowking|24/100
|move|p1a: Slowking|Sludge Bomb|p2a: Hydrapple
|-immune|p2a: Hydrapple
|
|-weather|Snowscape|[upkeep]
|-heal|p2a: Hydrapple|26/100|[from] item: Leftovers
|upkeep
|turn|10
|
|t:|1776234490
|switch|p1a: Glimmora|Glimmora, F|1/100
|-damage|p1a: Glimmora|0 fnt|[from] Stealth Rock
|faint|p1a: Glimmora
|move|p2a: Hydrapple|Fickle Beam|p1: Glimmora|[notarget]
|-fail|p2a: Hydrapple
|
|-weather|none
|-heal|p2a: Hydrapple|32/100|[from] item: Leftovers
|upkeep
|
|t:|1776234500
|switch|p1a: Ogerpon|Ogerpon-Wellspring, F|88/100
|-damage|p1a: Ogerpon|76/100|[from] Stealth Rock
|turn|11
|
|t:|1776234510
|switch|p2a: Goodra|Goodra, M|100/100
|-damage|p2a: Goodra|88/100|[from] Stealth Rock
|move|p1a: Ogerpon|Ivy Cudgel|p2a: Goodra|[anim] Ivy Cudgel Water
|-resisted|p2a: Goodra
|-damage|p2a: Goodra|50/100
|
|upkeep
|turn|12
|
|t:|1776234520
|move|p1a: Ogerpon|U-turn|p2a: Goodra
|-damage|p2a: Goodra|14/100
|-ability|p2a: Goodra|Gooey
|-unboost|p1a: Ogerpon|spe|1
|
|t:|1776234523
|switch|p1a: Gliscor|Gliscor, F|100/100 tox|[from] U-turn
|-damage|p1a: Gliscor|88/100 tox|[from] Stealth Rock
|move|p2a: Goodra|Draco Meteor|p1a: Gliscor
|-damage|p1a: Gliscor|8/100 tox
|-unboost|p2a: Goodra|spa|2
|
|-heal|p1a: Gliscor|21/100 tox|[from] ability: Poison Heal
|upkeep
|turn|13
|
|t:|1776234530
|move|p1a: Gliscor|Facade|p2a: Goodra
|-damage|p2a: Goodra|0 fnt
|-ability|p2a: Goodra|Gooey
|-unboost|p1a: Gliscor|spe|1
|faint|p2a: Goodra
|
|-heal|p1a: Gliscor|33/100 tox|[from] ability: Poison Heal
|upkeep
|
|t:|1776234535
|switch|p2a: Mienshao|Mienshao, M|100/100
|-damage|p2a: Mienshao|95/100|[from] Stealth Rock
|turn|14
|
|t:|1776234539
|move|p1a: Gliscor|Protect|p1a: Gliscor
|-singleturn|p1a: Gliscor|Protect
|move|p2a: Mienshao|Triple Axel|p1a: Gliscor
|-activate|p1a: Gliscor|move: Protect
|
|-heal|p1a: Gliscor|46/100 tox|[from] ability: Poison Heal
|upkeep
|turn|15
|inactive|forsakenlog has 120 seconds left.
|
|t:|1776234580
|switch|p1a: Kingambit|Kingambit, F|100/100
|-damage|p1a: Kingambit|94/100|[from] Stealth Rock
|-activate|p1a: Kingambit|ability: Supreme Overlord
|-start|p1a: Kingambit|fallen1|[silent]
|move|p2a: Mienshao|Knock Off|p1a: Kingambit
|-resisted|p1a: Kingambit
|-damage|p1a: Kingambit|78/100
|-enditem|p1a: Kingambit|Black Belt|[from] move: Knock Off|[of] p2a: Mienshao
|-damage|p2a: Mienshao|85/100|[from] item: Life Orb
|
|upkeep
|turn|16
|
|t:|1776234589
|-terastallize|p1a: Kingambit|Ghost
|move|p2a: Mienshao|High Jump Kick|p1a: Kingambit
|-immune|p1a: Kingambit
|-damage|p2a: Mienshao|35/100|[from] highjumpkick
|move|p1a: Kingambit|Iron Head|p2a: Mienshao
|-damage|p2a: Mienshao|0 fnt
|faint|p2a: Mienshao
|
|upkeep
|
|t:|1776234598
|switch|p2a: Landorus|Landorus-Therian, M|100/100
|-damage|p2a: Landorus|88/100|[from] Stealth Rock
|-ability|p2a: Landorus|Intimidate|boost
|-unboost|p1a: Kingambit|atk|1
|turn|17
|
|t:|1776234608
|-end|p1a: Kingambit|fallen1|[silent]
|switch|p1a: Gliscor|Gliscor, F|46/100 tox
|-damage|p1a: Gliscor|33/100 tox|[from] Stealth Rock
|move|p2a: Landorus|Rock Slide|p1a: Gliscor
|-damage|p1a: Gliscor|9/100 tox
|
|-heal|p1a: Gliscor|21/100 tox|[from] ability: Poison Heal
|upkeep
|turn|18
|
|t:|1776234615
|move|p1a: Gliscor|Protect|p1a: Gliscor
|-singleturn|p1a: Gliscor|Protect
|move|p2a: Landorus|Rock Slide|p1a: Gliscor
|-activate|p1a: Gliscor|move: Protect
|
|-heal|p1a: Gliscor|34/100 tox|[from] ability: Poison Heal
|upkeep
|turn|19
|
|t:|1776234623
|move|p2a: Landorus|Rock Slide|p1a: Gliscor|[miss]
|-miss|p2a: Landorus|p1a: Gliscor
|move|p1a: Gliscor|Toxic|p2a: Landorus|[miss]
|-miss|p1a: Gliscor|p2a: Landorus
|
|-heal|p1a: Gliscor|46/100 tox|[from] ability: Poison Heal
|upkeep
|turn|20
|
|t:|1776234629
|switch|p2a: Hydrapple|Hydrapple, F, tera:Steel|65/100
|-damage|p2a: Hydrapple|59/100|[from] Stealth Rock
|move|p1a: Gliscor|Protect||[still]
|-fail|p1a: Gliscor
|
|-heal|p2a: Hydrapple|65/100|[from] item: Leftovers
|-heal|p1a: Gliscor|59/100 tox|[from] ability: Poison Heal
|upkeep
|turn|21
|
|t:|1776234636
|move|p1a: Gliscor|Protect|p1a: Gliscor
|-singleturn|p1a: Gliscor|Protect
|move|p2a: Hydrapple|Fickle Beam|p1a: Gliscor
|-activate|p1a: Gliscor|move: Protect
|
|-heal|p2a: Hydrapple|72/100|[from] item: Leftovers
|-heal|p1a: Gliscor|71/100 tox|[from] ability: Poison Heal
|upkeep
|turn|22
|
|t:|1776234643
|switch|p1a: Slowking|Slowking-Galar, M|57/100
|move|p2a: Hydrapple|Fickle Beam|p1a: Slowking
|-damage|p1a: Slowking|37/100
|
|-heal|p2a: Hydrapple|78/100|[from] item: Leftovers
|upkeep
|turn|23
|
|t:|1776234651
|switch|p1a: Gliscor|Gliscor, F|71/100 tox
|-damage|p1a: Gliscor|59/100 tox|[from] Stealth Rock
|move|p2a: Hydrapple|Nasty Plot|p2a: Hydrapple
|-boost|p2a: Hydrapple|spa|2
|
|-heal|p2a: Hydrapple|84/100|[from] item: Leftovers
|-heal|p1a: Gliscor|71/100 tox|[from] ability: Poison Heal
|upkeep
|turn|24
|
|t:|1776234659
|move|p1a: Gliscor|Facade|p2a: Hydrapple
|-resisted|p2a: Hydrapple
|-damage|p2a: Hydrapple|73/100
|move|p2a: Hydrapple|Fickle Beam|p1a: Gliscor
|-damage|p1a: Gliscor|0 fnt
|faint|p1a: Gliscor
|
|-heal|p2a: Hydrapple|80/100|[from] item: Leftovers
|upkeep
|
|t:|1776234662
|switch|p1a: Ogerpon|Ogerpon-Wellspring, F|76/100
|-damage|p1a: Ogerpon|64/100|[from] Stealth Rock
|turn|25
|
|t:|1776234667
|move|p1a: Ogerpon|U-turn|p2a: Hydrapple
|-resisted|p2a: Hydrapple
|-damage|p2a: Hydrapple|70/100
|
|t:|1776234672
|switch|p1a: Slowking|Slowking-Galar, M|70/100|[from] U-turn
|move|p2a: Hydrapple|Fickle Beam|p1a: Slowking|[anim] Fickle Beam All Out
|-activate|p2a: Hydrapple|move: Fickle Beam
|-damage|p1a: Slowking|0 fnt
|faint|p1a: Slowking
|
|-heal|p2a: Hydrapple|76/100|[from] item: Leftovers
|upkeep
|
|t:|1776234677
|switch|p1a: Kingambit|Kingambit, F, tera:Ghost|78/100
|-damage|p1a: Kingambit|66/100|[from] Stealth Rock
|-activate|p1a: Kingambit|ability: Supreme Overlord
|-start|p1a: Kingambit|fallen3|[silent]
|turn|26
|
|t:|1776234679
|move|p1a: Kingambit|Low Kick|p2a: Hydrapple
|-supereffective|p2a: Hydrapple
|-crit|p2a: Hydrapple
|-damage|p2a: Hydrapple|0 fnt
|faint|p2a: Hydrapple
|
|upkeep
|
|t:|1776234686
|switch|p2a: Iron Moth|Iron Moth|76/100
|-damage|p2a: Iron Moth|51/100|[from] Stealth Rock
|turn|27
|
|t:|1776234688
|move|p1a: Kingambit|Sucker Punch|p2a: Iron Moth
|-damage|p2a: Iron Moth|0 fnt
|faint|p2a: Iron Moth
|-end|p2a: Iron Moth|Quark Drive|[silent]
|
|upkeep
|
|t:|1776234691
|switch|p2a: Garganacl|Garganacl, M|100/100
|-damage|p2a: Garganacl|88/100|[from] Stealth Rock
|turn|28
|
|t:|1776234695
|move|p1a: Kingambit|Iron Head|p2a: Garganacl
|-supereffective|p2a: Garganacl
|-damage|p2a: Garganacl|19/100
|move|p2a: Garganacl|Salt Cure|p1a: Kingambit
|-damage|p1a: Kingambit|55/100
|-start|p1a: Kingambit|Salt Cure
|
|-heal|p2a: Garganacl|25/100|[from] item: Leftovers
|-damage|p1a: Kingambit|43/100|[from] Salt Cure
|upkeep
|turn|29
|
|t:|1776234701
|-end|p1a: Kingambit|fallen3|[silent]
|switch|p1a: Gholdengo|Gholdengo|100/100
|-damage|p1a: Gholdengo|94/100|[from] Stealth Rock
|-item|p1a: Gholdengo|Air Balloon
|move|p2a: Garganacl|Recover|p2a: Garganacl
|-heal|p2a: Garganacl|75/100
|
|-heal|p2a: Garganacl|82/100|[from] item: Leftovers
|upkeep
|turn|30
|
|t:|1776234705
|move|p1a: Gholdengo|Nasty Plot|p1a: Gholdengo
|-boost|p1a: Gholdengo|spa|2
|move|p2a: Garganacl|Salt Cure|p1a: Gholdengo
|-resisted|p1a: Gholdengo
|-damage|p1a: Gholdengo|86/100
|-start|p1a: Gholdengo|Salt Cure
|-enditem|p1a: Gholdengo|Air Balloon
|
|-heal|p2a: Garganacl|88/100|[from] item: Leftovers
|-damage|p1a: Gholdengo|61/100|[from] Salt Cure
|upkeep
|turn|31
|
|t:|1776234709
|move|p1a: Gholdengo|Make It Rain|p2a: Garganacl
|-supereffective|p2a: Garganacl
|-damage|p2a: Garganacl|0 fnt
|-unboost|p1a: Gholdengo|spa|1
|faint|p2a: Garganacl
|
|-damage|p1a: Gholdengo|36/100|[from] Salt Cure
|upkeep
|
|t:|1776234712
|switch|p2a: Landorus|Landorus-Therian, M|88/100
|-damage|p2a: Landorus|76/100|[from] Stealth Rock
|-ability|p2a: Landorus|Intimidate|boost
|-unboost|p1a: Gholdengo|atk|1
|turn|32
|
|t:|1776234720
|move|p2a: Landorus|Earthquake|p1a: Gholdengo
|-supereffective|p1a: Gholdengo
|-damage|p1a: Gholdengo|0 fnt
|faint|p1a: Gholdengo
|
|upkeep
|
|t:|1776234723
|switch|p1a: Ogerpon|Ogerpon-Wellspring, F|64/100
|-damage|p1a: Ogerpon|51/100|[from] Stealth Rock
|turn|33
|
|t:|1776234725
|move|p1a: Ogerpon|Ivy Cudgel|p2a: Landorus|[anim] Ivy Cudgel Water
|-supereffective|p2a: Landorus
|-damage|p2a: Landorus|0 fnt
|faint|p2a: Landorus
|
|win|forsakenlog
|raw|forsakenlog's rating: 1297 &rarr; <strong>1318</strong><br />(+21 for winning)
|raw|lehrgak02's rating: 1241 &rarr; <strong>1220</strong><br />(-21 for losing)
|l|☆lehrgak02
|player|p2|
