|html|<div class="broadcast-blue"><strong>[Gen 9] OU is currently suspecting Tera Blast! For information on how to participate check out the <a href="https://www.smogon.com/tools/suspects/view/200">suspect thread</a>.</strong></div>
|j|☆4everr
|j|☆jhfsjdhfksjdhf
|t:|1776065132
|gametype|singles
|player|p1|4everr|shadowtriad|1522
|player|p2|jhfsjdhfksjdhf|2|1481
|gen|9
|tier|[Gen 9] OU
|rated|
|rule|HP Percentage Mod: HP is shown in percentages
|rule|Endless Battle Clause: Forcing endless battles is banned
|rule|Species Clause: Limit one of each Pokémon
|rule|OHKO Clause: OHKO moves are banned
|rule|Evasion Items Clause: Evasion items are banned
|rule|Evasion Moves Clause: Evasion moves are banned
|rule|Evasion Abilities Clause: Evasion abilities are banned
|rule|Sleep Moves Clause: Sleep-inducing moves are banned
|clearpoke
|poke|p1|Cresselia, F|
|poke|p1|Dragonite, F|
|poke|p1|Glimmora, M|
|poke|p1|Iron Treads|
|poke|p1|Kingambit, F|
|poke|p1|Zamazenta-*|
|poke|p2|Ribombee, M|
|poke|p2|Gholdengo|
|poke|p2|Pecharunt|
|poke|p2|Dragonite, F|
|poke|p2|Landorus-Therian, M|
|poke|p2|Jirachi|
|teampreview
|
|t:|1776065147
|teamsize|p1|6
|teamsize|p2|6
|start
|switch|p1a: Glimmora|Glimmora, M, shiny|100/100
|switch|p2a: Ribombee|Ribombee, M|100/100
|turn|1
|
|t:|1776065149
|move|p2a: Ribombee|Stun Spore|p1a: Glimmora
|-status|p1a: Glimmora|par
|move|p1a: Glimmora|Mortal Spin|p2a: Ribombee
|-supereffective|p2a: Ribombee
|-damage|p2a: Ribombee|82/100
|
|upkeep
|turn|2
|
|t:|1776065153
|move|p2a: Ribombee|Sticky Web|p1a: Glimmora
|-sidestart|p1: 4everr|move: Sticky Web
|move|p1a: Glimmora|Stealth Rock|p2a: Ribombee
|-sidestart|p2: jhfsjdhfksjdhf|move: Stealth Rock
|
|upkeep
|turn|3
|
|t:|1776065157
|switch|p2a: Jirachi|Jirachi|100/100
|-damage|p2a: Jirachi|94/100|[from] Stealth Rock
|cant|p1a: Glimmora|par
|
|upkeep
|turn|4
|
|t:|1776065161
|move|p2a: Jirachi|Cosmic Power|p2a: Jirachi
|-boost|p2a: Jirachi|def|1
|-boost|p2a: Jirachi|spd|1
|move|p1a: Glimmora|Mortal Spin|p2a: Jirachi
|-immune|p2a: Jirachi
|
|upkeep
|turn|5
|
|t:|1776065166
|switch|p1a: Cresselia|Cresselia, F, shiny|100/100
|move|p2a: Jirachi|Stealth Rock|p1a: Cresselia
|-sidestart|p1: 4everr|move: Stealth Rock
|
|upkeep
|turn|6
|
|t:|1776065169
|move|p2a: Jirachi|Cosmic Power|p2a: Jirachi
|-boost|p2a: Jirachi|def|1
|-boost|p2a: Jirachi|spd|1
|move|p1a: Cresselia|Trick|p2a: Jirachi
|-activate|p1a: Cresselia|move: Trick|[of] p2a: Jirachi
|-item|p2a: Jirachi|Choice Scarf|[from] move: Trick
|-item|p1a: Cresselia|Weakness Policy|[from] move: Trick
|
|upkeep
|turn|7
|
|t:|1776065180
|move|p2a: Jirachi|Aura Sphere|p1a: Cresselia
|-resisted|p1a: Cresselia
|-damage|p1a: Cresselia|94/100
|move|p1a: Cresselia|Thunder Wave|p2a: Jirachi
|-status|p2a: Jirachi|par
|
|upkeep
|turn|8
|
|t:|1776065190
|cant|p2a: Jirachi|par
|move|p1a: Cresselia|Ice Beam|p2a: Jirachi
|-resisted|p2a: Jirachi
|-damage|p2a: Jirachi|91/100 par
|
|upkeep
|turn|9
|
|t:|1776065194
|move|p2a: Jirachi|Aura Sphere|p1a: Cresselia
|-resisted|p1a: Cresselia
|-damage|p1a: Cresselia|87/100
|move|p1a: Cresselia|Ice Beam|p2a: Jirachi
|-resisted|p2a: Jirachi
|-damage|p2a: Jirachi|87/100 par
|
|upkeep
|turn|10
|
|t:|1776065197
|switch|p1a: Dragonite|Dragonite, F, shiny|100/100
|-damage|p1a: Dragonite|76/100|[from] Stealth Rock
|move|p2a: Jirachi|Aura Sphere|p1a: Dragonite
|-resisted|p1a: Dragonite
|-damage|p1a: Dragonite|65/100
|
|-heal|p1a: Dragonite|71/100|[from] item: Leftovers
|upkeep
|turn|11
|
|t:|1776065200
|move|p1a: Dragonite|Dragon Dance|p1a: Dragonite
|-boost|p1a: Dragonite|atk|1
|-boost|p1a: Dragonite|spe|1
|move|p2a: Jirachi|Aura Sphere|p1a: Dragonite
|-resisted|p1a: Dragonite
|-damage|p1a: Dragonite|57/100
|
|-heal|p1a: Dragonite|64/100|[from] item: Leftovers
|upkeep
|turn|12
|
|t:|1776065204
|move|p1a: Dragonite|Dragon Dance|p1a: Dragonite
|-boost|p1a: Dragonite|atk|1
|-boost|p1a: Dragonite|spe|1
|move|p2a: Jirachi|Aura Sphere|p1a: Dragonite
|-resisted|p1a: Dragonite
|-damage|p1a: Dragonite|52/100
|
|-heal|p1a: Dragonite|58/100|[from] item: Leftovers
|upkeep
|turn|13
|
|t:|1776065208
|switch|p2a: Landorus|Landorus-Therian, M|100/100
|-damage|p2a: Landorus|88/100|[from] Stealth Rock
|-ability|p2a: Landorus|Intimidate|boost
|-unboost|p1a: Dragonite|atk|1
|move|p1a: Dragonite|Roost|p1a: Dragonite
|-heal|p1a: Dragonite|100/100
|-singleturn|p1a: Dragonite|move: Roost
|
|-heal|p2a: Landorus|94/100|[from] item: Leftovers
|upkeep
|turn|14
|
|t:|1776065212
|move|p1a: Dragonite|Dragon Dance|p1a: Dragonite
|-boost|p1a: Dragonite|atk|1
|-boost|p1a: Dragonite|spe|1
|move|p2a: Landorus|Taunt|p1a: Dragonite
|-start|p1a: Dragonite|move: Taunt
|
|-heal|p2a: Landorus|99/100|[from] item: Leftovers
|upkeep
|turn|15
|
|t:|1776065216
|-terastallize|p1a: Dragonite|Flying
|move|p1a: Dragonite|Tera Blast|p2a: Landorus|[anim] Tera Blast Flying
|-damage|p2a: Landorus|0 fnt
|faint|p2a: Landorus
|
|upkeep
|
|t:|1776065221
|switch|p2a: Pecharunt|Pecharunt|100/100
|-damage|p2a: Pecharunt|88/100|[from] Stealth Rock
|-item|p2a: Pecharunt|Air Balloon
|turn|16
|
|t:|1776065225
|move|p1a: Dragonite|Tera Blast|p2a: Pecharunt|[anim] Tera Blast Flying
|-damage|p2a: Pecharunt|1/100
|-enditem|p2a: Pecharunt|Air Balloon
|move|p2a: Pecharunt|Malignant Chain|p1a: Dragonite
|-damage|p1a: Dragonite|80/100
|-status|p1a: Dragonite|tox
|-start|p1a: Dragonite|confusion|[from] ability: Poison Puppeteer|[of] p2a: Pecharunt
|
|-heal|p1a: Dragonite|87/100 tox|[from] item: Leftovers
|-damage|p1a: Dragonite|80/100 tox|[from] psn
|upkeep
|turn|17
|j| yazloed
|
|t:|1776065235
|-activate|p1a: Dragonite|confusion
|move|p1a: Dragonite|Tera Blast|p2a: Pecharunt|[anim] Tera Blast Flying
|-damage|p2a: Pecharunt|0 fnt
|faint|p2a: Pecharunt
|
|-heal|p1a: Dragonite|87/100 tox|[from] item: Leftovers
|-damage|p1a: Dragonite|74/100 tox|[from] psn
|-end|p1a: Dragonite|move: Taunt
|upkeep
|
|t:|1776065251
|switch|p2a: Dragonite|Dragonite, F|100/100
|turn|18
|
|t:|1776065256
|switch|p2a: Jirachi|Jirachi|87/100 par
|-damage|p2a: Jirachi|81/100 par|[from] Stealth Rock
|-activate|p1a: Dragonite|confusion
|move|p1a: Dragonite|Tera Blast|p2a: Jirachi|[anim] Tera Blast Flying
|-resisted|p2a: Jirachi
|-damage|p2a: Jirachi|20/100 par
|
|-heal|p1a: Dragonite|80/100 tox|[from] item: Leftovers
|-damage|p1a: Dragonite|62/100 tox|[from] psn
|upkeep
|turn|19
|
|t:|1776065269
|-activate|p1a: Dragonite|confusion
|move|p1a: Dragonite|Roost|p1a: Dragonite
|-heal|p1a: Dragonite|100/100 tox
|-hint|If a Terastallized Pokemon uses Roost, it remains Flying-type.
|cant|p2a: Jirachi|par
|
|-damage|p1a: Dragonite|76/100 tox|[from] psn
|upkeep
|turn|20
|
|t:|1776065274
|-end|p1a: Dragonite|confusion
|move|p1a: Dragonite|Tera Blast|p2a: Jirachi|[anim] Tera Blast Flying
|-resisted|p2a: Jirachi
|-damage|p2a: Jirachi|0 fnt
|faint|p2a: Jirachi
|
|-heal|p1a: Dragonite|82/100 tox|[from] item: Leftovers
|-damage|p1a: Dragonite|51/100 tox|[from] psn
|upkeep
|
|t:|1776065291
|switch|p2a: Dragonite|Dragonite, F|100/100
|turn|21
|
|t:|1776065294
|switch|p2a: Ribombee|Ribombee, M|82/100
|-damage|p2a: Ribombee|57/100|[from] Stealth Rock
|move|p1a: Dragonite|Tera Blast|p2a: Ribombee|[anim] Tera Blast Flying
|-supereffective|p2a: Ribombee
|-damage|p2a: Ribombee|0 fnt
|faint|p2a: Ribombee
|
|-heal|p1a: Dragonite|57/100 tox|[from] item: Leftovers
|-damage|p1a: Dragonite|20/100 tox|[from] psn
|upkeep
|
|t:|1776065302
|switch|p2a: Dragonite|Dragonite, F|100/100
|turn|22
|
|t:|1776065305
|move|p2a: Dragonite|Extreme Speed|p1a: Dragonite
|-damage|p1a: Dragonite|0 fnt
|faint|p1a: Dragonite
|
|upkeep
|
|t:|1776065319
|switch|p1a: Zamazenta|Zamazenta, shiny|100/100
|-activate|p1a: Zamazenta|move: Sticky Web
|-unboost|p1a: Zamazenta|spe|1
|-damage|p1a: Zamazenta|94/100|[from] Stealth Rock
|-ability|p1a: Zamazenta|Dauntless Shield|boost
|-boost|p1a: Zamazenta|def|1
|turn|23
|
|t:|1776065323
|switch|p2a: Gholdengo|Gholdengo|100/100
|-damage|p2a: Gholdengo|94/100|[from] Stealth Rock
|-item|p2a: Gholdengo|Air Balloon
|move|p1a: Zamazenta|Ice Fang|p2a: Gholdengo
|-resisted|p2a: Gholdengo
|-damage|p2a: Gholdengo|78/100
|-enditem|p2a: Gholdengo|Air Balloon
|-damage|p1a: Zamazenta|84/100|[from] item: Life Orb
|
|upkeep
|turn|24
|
|t:|1776065328
|move|p2a: Gholdengo|Dazzling Gleam|p1a: Zamazenta
|-supereffective|p1a: Zamazenta
|-damage|p1a: Zamazenta|36/100
|move|p1a: Zamazenta|Crunch|p2a: Gholdengo
|-supereffective|p2a: Gholdengo
|-damage|p2a: Gholdengo|0 fnt
|faint|p2a: Gholdengo
|-damage|p1a: Zamazenta|26/100|[from] item: Life Orb
|
|upkeep
|
|t:|1776065336
|switch|p2a: Dragonite|Dragonite, F|100/100
|turn|25
|
|t:|1776065347
|move|p1a: Zamazenta|Close Combat|p2a: Dragonite
|-resisted|p2a: Dragonite
|-damage|p2a: Dragonite|80/100
|-unboost|p1a: Zamazenta|def|1
|-unboost|p1a: Zamazenta|spd|1
|-damage|p1a: Zamazenta|16/100|[from] item: Life Orb
|move|p2a: Dragonite|Dragon Dance|p2a: Dragonite
|-boost|p2a: Dragonite|atk|1
|-boost|p2a: Dragonite|spe|1
|
|upkeep
|turn|26
|j| Too Many Caps
|
|t:|1776065364
|move|p2a: Dragonite|Roost|p2a: Dragonite
|-heal|p2a: Dragonite|100/100
|-singleturn|p2a: Dragonite|move: Roost
|move|p1a: Zamazenta|Ice Fang|p2a: Dragonite
|-supereffective|p2a: Dragonite
|-damage|p2a: Dragonite|72/100
|-status|p2a: Dragonite|frz
|-damage|p1a: Zamazenta|6/100|[from] item: Life Orb
|
|upkeep
|turn|27
|
|t:|1776065373
|cant|p2a: Dragonite|frz
|move|p1a: Zamazenta|Ice Fang|p2a: Dragonite
|-supereffective|p2a: Dragonite
|-damage|p2a: Dragonite|0 fnt
|faint|p2a: Dragonite
|-damage|p1a: Zamazenta|0 fnt|[from] item: Life Orb
|faint|p1a: Zamazenta
|
|win|4everr
|raw|4everr's rating: 1522 &rarr; <strong>1540</strong><br />(+18 for winning)
|raw|jhfsjdhfksjdhf's rating: 1481 &rarr; <strong>1463</strong><br />(-18 for losing)
|l|☆jhfsjdhfksjdhf
|player|p2|
|l|☆4everr
|player|p1|
|l| yazloed
