|html|<div class="broadcast-blue"><strong>[Gen 9] OU is currently suspecting Tera Blast! For information on how to participate check out the <a href="https://www.smogon.com/tools/suspects/view/200">suspect thread</a>.</strong></div>
|j|☆gatinou
|j|☆ydm14
|t:|1776247317
|gametype|singles
|player|p1|gatinou|saturn|1382
|player|p2|ydm14|2|1419
|gen|9
|tier|[Gen 9] OU
|rated|
|rule|HP Percentage Mod: HP is shown in percentages
|rule|Endless Battle Clause: Forcing endless battles is banned
|rule|Species Clause: Limit one of each Pokémon
|rule|OHKO Clause: OHKO moves are banned
|rule|Evasion Items Clause: Evasion items are banned
|rule|Evasion Moves Clause: Evasion moves are banned
|rule|Evasion Abilities Clause: Evasion abilities are banned
|rule|Sleep Moves Clause: Sleep-inducing moves are banned
|clearpoke
|poke|p1|Glimmora, M|
|poke|p1|Samurott-Hisui, F|
|poke|p1|Cloyster, F|
|poke|p1|Kingambit, F|
|poke|p1|Dragonite, F|
|poke|p1|Articuno-Galar|
|poke|p2|Alomomola, M|
|poke|p2|Grafaiai, F|
|poke|p2|Iron Moth|
|poke|p2|Great Tusk|
|poke|p2|Ogerpon-Wellspring, F|
|poke|p2|Heatran, M|
|teampreview
|inactive|Battle timer is ON: inactive players will automatically lose when time's up. (requested by ydm14)
|
|t:|1776247340
|teamsize|p1|6
|teamsize|p2|6
|start
|switch|p1a: Samurott|Samurott-Hisui, F|100/100
|switch|p2a: Ogerpon|Ogerpon-Wellspring, F|100/100
|turn|1
|inactive|gatinou has 120 seconds left.
|
|t:|1776247378
|switch|p2a: Alomomola|Alomomola, M|100/100
|move|p1a: Samurott|Ceaseless Edge|p2a: Alomomola
|-crit|p2a: Alomomola
|-damage|p2a: Alomomola|63/100
|-damage|p1a: Samurott|84/100|[from] item: Rocky Helmet|[of] p2a: Alomomola
|-sidestart|p2: ydm14|Spikes
|
|upkeep
|turn|2
|
|t:|1776247385
|move|p1a: Samurott|Knock Off|p2a: Alomomola
|-damage|p2a: Alomomola|41/100
|-damage|p1a: Samurott|67/100|[from] item: Rocky Helmet|[of] p2a: Alomomola
|-enditem|p2a: Alomomola|Rocky Helmet|[from] move: Knock Off|[of] p1a: Samurott
|move|p2a: Alomomola|Flip Turn|p1a: Samurott
|-resisted|p1a: Samurott
|-damage|p1a: Samurott|56/100
|
|t:|1776247389
|switch|p2a: Great Tusk|Great Tusk|100/100|[from] Flip Turn
|-damage|p2a: Great Tusk|88/100|[from] Spikes
|
|upkeep
|turn|3
|inactive|gatinou has 120 seconds left.
|
|t:|1776247424
|move|p2a: Great Tusk|Headlong Rush|p1a: Samurott
|-damage|p1a: Samurott|0 fnt
|-unboost|p2a: Great Tusk|def|1
|-unboost|p2a: Great Tusk|spd|1
|faint|p1a: Samurott
|
|upkeep
|
|t:|1776247428
|switch|p1a: Glimmora|Glimmora, M|100/100
|turn|4
|
|t:|1776247432
|move|p2a: Great Tusk|Rapid Spin|p1a: Glimmora
|-resisted|p1a: Glimmora
|-damage|p1a: Glimmora|90/100
|-boost|p2a: Great Tusk|spe|1
|-activate|p1a: Glimmora|ability: Toxic Debris
|-sidestart|p2: ydm14|move: Toxic Spikes
|-sideend|p2: ydm14|Spikes|[from] move: Rapid Spin|[of] p2a: Great Tusk
|-sideend|p2: ydm14|Toxic Spikes|[from] move: Rapid Spin|[of] p2a: Great Tusk
|move|p1a: Glimmora|Mortal Spin|p2a: Great Tusk
|-resisted|p2a: Great Tusk
|-damage|p2a: Great Tusk|85/100
|-status|p2a: Great Tusk|psn
|
|-damage|p2a: Great Tusk|72/100 psn|[from] psn
|upkeep
|turn|5
|inactive|gatinou has 120 seconds left.
|
|t:|1776247459
|move|p2a: Great Tusk|Headlong Rush|p1a: Glimmora
|-supereffective|p1a: Glimmora
|-damage|p1a: Glimmora|0 fnt
|-unboost|p2a: Great Tusk|def|1
|-unboost|p2a: Great Tusk|spd|1
|-activate|p1a: Glimmora|ability: Toxic Debris
|-sidestart|p2: ydm14|move: Toxic Spikes
|faint|p1a: Glimmora
|
|-damage|p2a: Great Tusk|60/100 psn|[from] psn
|upkeep
|
|t:|1776247464
|switch|p1a: Cloyster|Cloyster, F|100/100
|turn|6
|
|t:|1776247468
|-end|p2a: Great Tusk|Protosynthesis|[silent]
|switch|p2a: Grafaiai|Grafaiai, F|100/100
|-item|p2a: Grafaiai|Air Balloon
|move|p1a: Cloyster|Ice Shard|p2a: Grafaiai
|-damage|p2a: Grafaiai|85/100
|-enditem|p2a: Grafaiai|Air Balloon
|
|upkeep
|turn|7
|
|t:|1776247479
|move|p2a: Grafaiai|Encore|p1a: Cloyster
|-start|p1a: Cloyster|Encore
|move|p1a: Cloyster|Ice Shard|p2a: Grafaiai
|-damage|p2a: Grafaiai|67/100
|
|upkeep
|turn|8
|
|t:|1776247484
|switch|p1a: Kingambit|Kingambit, F|100/100
|-activate|p1a: Kingambit|ability: Supreme Overlord
|-start|p1a: Kingambit|fallen2|[silent]
|move|p2a: Grafaiai|Parting Shot|p1a: Kingambit
|-hint|Since gen 7, Dark is immune to Prankster moves.
|-immune|p1a: Kingambit
|
|upkeep
|turn|9
|
|t:|1776247492
|move|p2a: Grafaiai|U-turn|p1a: Kingambit
|-damage|p1a: Kingambit|90/100
|
|t:|1776247503
|switch|p2a: Great Tusk|Great Tusk|60/100 psn|[from] U-turn
|move|p1a: Kingambit|Kowtow Cleave|p2a: Great Tusk
|-resisted|p2a: Great Tusk
|-damage|p2a: Great Tusk|32/100 psn
|
|-damage|p2a: Great Tusk|20/100 psn|[from] psn
|upkeep
|turn|10
|
|t:|1776247511
|-end|p1a: Kingambit|fallen2|[silent]
|switch|p1a: Articuno|Articuno-Galar|100/100
|move|p2a: Great Tusk|Close Combat|p1a: Articuno
|-resisted|p1a: Articuno
|-damage|p1a: Articuno|82/100
|-unboost|p2a: Great Tusk|def|1
|-unboost|p2a: Great Tusk|spd|1
|
|-damage|p2a: Great Tusk|8/100 psn|[from] psn
|upkeep
|turn|11
|
|t:|1776247524
|move|p1a: Articuno|Agility|p1a: Articuno
|-boost|p1a: Articuno|spe|2
|move|p2a: Great Tusk|Rapid Spin|p1a: Articuno
|-damage|p1a: Articuno|60/100
|-boost|p2a: Great Tusk|spe|1
|-sideend|p2: ydm14|Toxic Spikes|[from] move: Rapid Spin|[of] p2a: Great Tusk
|
|-damage|p2a: Great Tusk|0 fnt|[from] psn
|faint|p2a: Great Tusk
|-end|p2a: Great Tusk|Protosynthesis|[silent]
|upkeep
|
|t:|1776247536
|switch|p2a: Heatran|Heatran, M|100/100
|turn|12
|
|t:|1776247540
|-terastallize|p1a: Articuno|Fighting
|move|p1a: Articuno|Tera Blast|p2a: Heatran|[anim] Tera Blast Fighting
|-supereffective|p2a: Heatran
|-damage|p2a: Heatran|48/100
|move|p2a: Heatran|Stealth Rock|p1a: Articuno
|-sidestart|p1: gatinou|move: Stealth Rock
|
|-heal|p2a: Heatran|54/100|[from] item: Leftovers
|upkeep
|turn|13
|
|t:|1776247546
|move|p2a: Heatran|Protect|p2a: Heatran
|-singleturn|p2a: Heatran|Protect
|move|p1a: Articuno|Tera Blast|p2a: Heatran|[anim] Tera Blast Fighting
|-activate|p2a: Heatran|move: Protect
|
|-heal|p2a: Heatran|60/100|[from] item: Leftovers
|upkeep
|turn|14
|
|t:|1776247550
|move|p1a: Articuno|Calm Mind|p1a: Articuno
|-boost|p1a: Articuno|spa|1
|-boost|p1a: Articuno|spd|1
|move|p2a: Heatran|Magma Storm|p1a: Articuno
|-damage|p1a: Articuno|32/100
|-activate|p1a: Articuno|move: Magma Storm|[of] p2a: Heatran
|
|-heal|p2a: Heatran|66/100|[from] item: Leftovers
|-damage|p1a: Articuno|20/100|[from] move: Magma Storm|[partiallytrapped]
|upkeep
|turn|15
|
|t:|1776247557
|move|p2a: Heatran|Protect|p2a: Heatran
|-singleturn|p2a: Heatran|Protect
|move|p1a: Articuno|Tera Blast|p2a: Heatran|[anim] Tera Blast Fighting
|-activate|p2a: Heatran|move: Protect
|
|-heal|p2a: Heatran|73/100|[from] item: Leftovers
|-damage|p1a: Articuno|7/100|[from] move: Magma Storm|[partiallytrapped]
|upkeep
|turn|16
|
|t:|1776247561
|move|p1a: Articuno|Tera Blast|p2a: Heatran|[anim] Tera Blast Fighting
|-supereffective|p2a: Heatran
|-damage|p2a: Heatran|0 fnt
|faint|p2a: Heatran
|
|-end|p1a: Articuno|Magma Storm|[partiallytrapped]|[silent]
|upkeep
|
|t:|1776247569
|switch|p2a: Grafaiai|Grafaiai, F|67/100
|turn|17
|
|t:|1776247573
|move|p2a: Grafaiai|Copycat|p2a: Grafaiai
|move|p2a: Grafaiai|Tera Blast|p1a: Articuno|[from] move: Copycat
|-damage|p1a: Articuno|0 fnt
|faint|p1a: Articuno
|
|upkeep
|
|t:|1776247583
|switch|p1a: Dragonite|Dragonite, F|100/100
|turn|18
|
|t:|1776247587
|move|p1a: Dragonite|Extreme Speed|p2a: Grafaiai
|-damage|p2a: Grafaiai|41/100
|move|p2a: Grafaiai|Parting Shot|p1a: Dragonite
|-unboost|p1a: Dragonite|atk|1
|-unboost|p1a: Dragonite|spa|1
|
|t:|1776247604
|switch|p2a: Alomomola|Alomomola, M|74/100|[from] Parting Shot
|
|upkeep
|turn|19
|c|☆gatinou|prankster and copycat WP
|
|t:|1776247610
|switch|p1a: Kingambit|Kingambit, F|90/100
|-damage|p1a: Kingambit|83/100|[from] Stealth Rock
|-activate|p1a: Kingambit|ability: Supreme Overlord
|-start|p1a: Kingambit|fallen3|[silent]
|move|p2a: Alomomola|Flip Turn|p1a: Kingambit
|-damage|p1a: Kingambit|72/100
|
|t:|1776247618
|switch|p2a: Ogerpon|Ogerpon-Wellspring, F|100/100|[from] Flip Turn
|
|upkeep
|turn|20
|
|t:|1776247622
|move|p2a: Ogerpon|Swords Dance|p2a: Ogerpon
|-boost|p2a: Ogerpon|atk|2
|move|p1a: Kingambit|Kowtow Cleave|p2a: Ogerpon
|-damage|p2a: Ogerpon|0 fnt
|faint|p2a: Ogerpon
|
|upkeep
|
|t:|1776247627
|switch|p2a: Iron Moth|Iron Moth|100/100
|-enditem|p2a: Iron Moth|Booster Energy
|-activate|p2a: Iron Moth|ability: Quark Drive|[fromitem]
|-start|p2a: Iron Moth|quarkdrivespe
|turn|21
|
|t:|1776247633
|move|p1a: Kingambit|Sucker Punch||[still]
|-fail|p1a: Kingambit
|move|p2a: Iron Moth|Substitute|p2a: Iron Moth
|-start|p2a: Iron Moth|Substitute
|-damage|p2a: Iron Moth|76/100
|
|upkeep
|turn|22
|
|t:|1776247635
|move|p2a: Iron Moth|Fiery Dance|p1a: Kingambit
|-supereffective|p1a: Kingambit
|-damage|p1a: Kingambit|0 fnt
|-boost|p2a: Iron Moth|spa|1
|faint|p1a: Kingambit
|-end|p1a: Kingambit|fallen3|[silent]
|
|upkeep
|
|t:|1776247640
|switch|p1a: Cloyster|Cloyster, F|100/100
|-damage|p1a: Cloyster|76/100|[from] Stealth Rock
|turn|23
|
|t:|1776247643
|move|p2a: Iron Moth|Fiery Dance|p1a: Cloyster
|-damage|p1a: Cloyster|0 fnt
|-boost|p2a: Iron Moth|spa|1
|faint|p1a: Cloyster
|
|upkeep
|
|t:|1776247645
|switch|p1a: Dragonite|Dragonite, F|100/100
|turn|24
|
|t:|1776247649
|move|p2a: Iron Moth|Fiery Dance|p1a: Dragonite
|-resisted|p1a: Dragonite
|-damage|p1a: Dragonite|78/100
|-boost|p2a: Iron Moth|spa|1
|move|p1a: Dragonite|Earthquake|p2a: Iron Moth
|-supereffective|p2a: Iron Moth
|-end|p2a: Iron Moth|Substitute
|
|upkeep
|turn|25
|c|☆gatinou|gg
|
|t:|1776247657
|move|p1a: Dragonite|Extreme Speed|p2a: Iron Moth
|-damage|p2a: Iron Moth|34/100
|move|p2a: Iron Moth|Sludge Wave|p1a: Dragonite
|-damage|p1a: Dragonite|0 fnt
|faint|p1a: Dragonite
|
|win|ydm14
|raw|gatinou's rating: 1382 &rarr; <strong>1364</strong><br />(-18 for losing)
|raw|ydm14's rating: 1419 &rarr; <strong>1437</strong><br />(+18 for winning)
|l|☆gatinou
|player|p1|
|c|☆ydm14|gg
