|html|<div class="broadcast-blue"><strong>[Gen 9] OU is currently suspecting Tera Blast! For information on how to participate check out the <a href="https://www.smogon.com/tools/suspects/view/200">suspect thread</a>.</strong></div>
|j|☆KnightKnaveSpy
|j|☆msean3
|t:|1776054717
|gametype|singles
|player|p1|KnightKnaveSpy|101|1547
|player|p2|msean3|265|1577
|gen|9
|tier|[Gen 9] OU
|rated|
|rule|HP Percentage Mod: HP is shown in percentages
|rule|Endless Battle Clause: Forcing endless battles is banned
|rule|Species Clause: Limit one of each Pokémon
|rule|OHKO Clause: OHKO moves are banned
|rule|Evasion Items Clause: Evasion items are banned
|rule|Evasion Moves Clause: Evasion moves are banned
|rule|Evasion Abilities Clause: Evasion abilities are banned
|rule|Sleep Moves Clause: Sleep-inducing moves are banned
|clearpoke
|poke|p1|Samurott-Hisui, F|
|poke|p1|Blaziken, M|
|poke|p1|Kingambit, F|
|poke|p1|Raging Bolt|
|poke|p1|Ogerpon-Wellspring, F|
|poke|p1|Greninja-*, F|
|poke|p2|Darkrai|
|poke|p2|Alomomola, M|
|poke|p2|Garchomp, F|
|poke|p2|Corviknight, F|
|poke|p2|Weezing-Galar, F|
|poke|p2|Ogerpon, F|
|teampreview
|
|t:|1776054724
|teamsize|p1|6
|teamsize|p2|6
|start
|switch|p1a: Samurott|Samurott-Hisui, F|100/100
|switch|p2a: Ogerpon|Ogerpon, F|100/100
|turn|1
|
|t:|1776054728
|move|p2a: Ogerpon|U-turn|p1a: Samurott
|-supereffective|p1a: Samurott
|-damage|p1a: Samurott|38/100
|j| NotFun=ThisGame
|
|t:|1776054731
|switch|p2a: Garchomp|Garchomp, F|100/100|[from] U-turn
|move|p1a: Samurott|Ceaseless Edge|p2a: Garchomp
|-damage|p2a: Garchomp|71/100
|-damage|p1a: Samurott|25/100|[from] ability: Rough Skin|[of] p2a: Garchomp
|-damage|p1a: Samurott|9/100|[from] item: Rocky Helmet|[of] p2a: Garchomp
|-sidestart|p2: msean3|Spikes
|
|upkeep
|turn|2
|l| NotFun=ThisGame
|j| Dripakuma
|
|t:|1776054740
|move|p1a: Samurott|Aqua Cutter|p2a: Garchomp
|-damage|p2a: Garchomp|40/100
|move|p2a: Garchomp|Stealth Rock|p1a: Samurott
|-sidestart|p1: KnightKnaveSpy|move: Stealth Rock
|
|upkeep
|turn|3
|
|t:|1776054750
|move|p1a: Samurott|Aqua Cutter|p2a: Garchomp
|-damage|p2a: Garchomp|11/100
|move|p2a: Garchomp|Earthquake|p1a: Samurott
|-damage|p1a: Samurott|0 fnt
|faint|p1a: Samurott
|
|upkeep
|
|t:|1776054756
|switch|p1a: Ogerpon|Ogerpon-Wellspring, F|100/100
|-damage|p1a: Ogerpon|88/100|[from] Stealth Rock
|turn|4
|
|t:|1776054765
|switch|p2a: Corviknight|Corviknight, F|100/100
|-ability|p2a: Corviknight|Pressure
|move|p1a: Ogerpon|Ivy Cudgel|p2a: Corviknight|[anim] Ivy Cudgel Water
|-crit|p2a: Corviknight
|-damage|p2a: Corviknight|24/100
|
|-heal|p2a: Corviknight|31/100|[from] item: Leftovers
|upkeep
|turn|5
|
|t:|1776054769
|move|p1a: Ogerpon|Ivy Cudgel|p2a: Corviknight|[anim] Ivy Cudgel Water
|-damage|p2a: Corviknight|0 fnt
|faint|p2a: Corviknight
|
|upkeep
|
|t:|1776054771
|switch|p2a: Weezing|Weezing-Galar, F|100/100
|-ability|p2a: Weezing|Neutralizing Gas
|-damage|p2a: Weezing|88/100|[from] Spikes
|turn|6
|
|t:|1776054780
|move|p1a: Ogerpon|U-turn|p2a: Weezing
|-resisted|p2a: Weezing
|-damage|p2a: Weezing|84/100
|
|t:|1776054782
|switch|p1a: Blaziken|Blaziken, M|100/100|[from] U-turn
|-damage|p1a: Blaziken|88/100|[from] Stealth Rock
|move|p2a: Weezing|Defog|p1a: Blaziken
|-unboost|p1a: Blaziken|evasion|1
|-sideend|p1: KnightKnaveSpy|Stealth Rock|[from] move: Defog|[of] p2a: Weezing
|-sideend|p2: msean3|Spikes|[from] move: Defog|[of] p2a: Weezing
|
|-heal|p1a: Blaziken|94/100|[from] item: Leftovers
|-heal|p2a: Weezing|90/100|[from] item: Leftovers
|upkeep
|turn|7
|
|t:|1776054786
|-end|p2a: Weezing|ability: Neutralizing Gas
|switch|p2a: Alomomola|Alomomola, M|100/100
|move|p1a: Blaziken|Swords Dance|p1a: Blaziken
|-boost|p1a: Blaziken|atk|2
|
|-heal|p1a: Blaziken|99/100|[from] item: Leftovers
|-ability|p1a: Blaziken|Speed Boost|boost
|-boost|p1a: Blaziken|spe|1
|upkeep
|turn|8
|
|t:|1776054794
|-terastallize|p1a: Blaziken|Grass
|move|p1a: Blaziken|Swords Dance|p1a: Blaziken
|-boost|p1a: Blaziken|atk|2
|move|p2a: Alomomola|Flip Turn|p1a: Blaziken
|-resisted|p1a: Blaziken
|-damage|p1a: Blaziken|88/100
|
|t:|1776054801
|switch|p2a: Weezing|Weezing-Galar, F|90/100|[from] Flip Turn
|-ability|p2a: Weezing|Neutralizing Gas
|
|-heal|p1a: Blaziken|94/100|[from] item: Leftovers
|-heal|p2a: Weezing|96/100|[from] item: Leftovers
|upkeep
|turn|9
|
|t:|1776054804
|move|p1a: Blaziken|Flare Blitz|p2a: Weezing
|-crit|p2a: Weezing
|-damage|p2a: Weezing|0 fnt
|faint|p2a: Weezing
|-end|p2a: Weezing|ability: Neutralizing Gas
|-damage|p1a: Blaziken|59/100|[from] Recoil
|
|-heal|p1a: Blaziken|65/100|[from] item: Leftovers
|-ability|p1a: Blaziken|Speed Boost|boost
|-boost|p1a: Blaziken|spe|1
|upkeep
|-message|msean3 forfeited.
|
|win|KnightKnaveSpy
|raw|KnightKnaveSpy's rating: 1547 &rarr; <strong>1569</strong><br />(+22 for winning)
|raw|msean3's rating: 1577 &rarr; <strong>1555</strong><br />(-22 for losing)
|l|☆msean3
|player|p2|
|l|☆KnightKnaveSpy
|player|p1|
|l| Dripakuma
