|html|<div class="broadcast-blue"><strong>[Gen 9] OU is currently suspecting Tera Blast! For information on how to participate check out the <a href="https://www.smogon.com/tools/suspects/view/200">suspect thread</a>.</strong></div>
|j|‽Oweiner95
|j|☆ALT1 Lord Greed
|t:|1776097524
|gametype|singles
|player|p1|Oweiner95|flannery|1503
|player|p2|ALT1 Lord Greed|101|1509
|gen|9
|tier|[Gen 9] OU
|rated|
|rule|HP Percentage Mod: HP is shown in percentages
|rule|Endless Battle Clause: Forcing endless battles is banned
|rule|Species Clause: Limit one of each Pokémon
|rule|OHKO Clause: OHKO moves are banned
|rule|Evasion Items Clause: Evasion items are banned
|rule|Evasion Moves Clause: Evasion moves are banned
|rule|Evasion Abilities Clause: Evasion abilities are banned
|rule|Sleep Moves Clause: Sleep-inducing moves are banned
|clearpoke
|poke|p1|Hoopa-Unbound|
|poke|p1|Clefable, M|
|poke|p1|Great Tusk|
|poke|p1|Cinderace, F|
|poke|p1|Dragonite, M|
|poke|p1|Slowking-Galar, M|
|poke|p2|Glastrier|
|poke|p2|Slowking-Galar, M|
|poke|p2|Heatran, M|
|poke|p2|Tornadus-Therian, M|
|poke|p2|Enamorus, F|
|poke|p2|Great Tusk|
|teampreview
|inactive|Battle timer is ON: inactive players will automatically lose when time's up. (requested by ALT1 Lord Greed)
|inactive|Oweiner95 also wants the timer to be on.
|j| ohko_smeargle
|
|t:|1776097535
|teamsize|p1|6
|teamsize|p2|6
|start
|switch|p1a: Hoopa|Hoopa-Unbound|100/100
|switch|p2a: Tornadus|Tornadus-Therian, M|100/100
|turn|1
|
|t:|1776097540
|switch|p1a: Clefable|Clefable, M|100/100
|move|p2a: Tornadus|U-turn|p1a: Clefable
|-resisted|p1a: Clefable
|-damage|p1a: Clefable|95/100
|
|t:|1776097547
|switch|p2a: Slowking|Slowking-Galar, M|100/100|[from] U-turn
|
|-heal|p1a: Clefable|100/100|[from] item: Leftovers
|upkeep
|turn|2
|
|t:|1776097552
|move|p1a: Clefable|Knock Off|p2a: Slowking
|-supereffective|p2a: Slowking
|-damage|p2a: Slowking|72/100
|-enditem|p2a: Slowking|Heavy-Duty Boots|[from] move: Knock Off|[of] p1a: Clefable
|move|p2a: Slowking|Future Sight|p1a: Clefable
|-start|p2a: Slowking|move: Future Sight
|
|upkeep
|turn|3
|
|t:|1776097560
|switch|p1a: Cinderace|Cinderace, F|100/100
|move|p2a: Slowking|Sludge Bomb|p1a: Cinderace
|-damage|p1a: Cinderace|57/100
|-status|p1a: Cinderace|psn
|
|-damage|p1a: Cinderace|45/100 psn|[from] psn
|upkeep
|turn|4
|
|t:|1776097565
|move|p1a: Cinderace|U-turn|p2a: Slowking
|-damage|p2a: Slowking|52/100
|
|t:|1776097568
|switch|p1a: Hoopa|Hoopa-Unbound|100/100|[from] U-turn
|-prepare|p2a: Slowking|Chilly Reception|[premajor]
|move|p2a: Slowking|Chilly Reception|p2a: Slowking
|-weather|Snowscape
|
|t:|1776097571
|switch|p2a: Tornadus|Tornadus-Therian, M|100/100|[from] Chilly Reception
|
|-weather|Snowscape|[upkeep]
|-end|p1a: Hoopa|move: Future Sight
|-immune|p1a: Hoopa
|upkeep
|turn|5
|
|t:|1776097575
|switch|p1a: Clefable|Clefable, M|100/100
|move|p2a: Tornadus|U-turn|p1a: Clefable
|-resisted|p1a: Clefable
|-damage|p1a: Clefable|95/100
|
|t:|1776097577
|switch|p2a: Slowking|Slowking-Galar, M|85/100|[from] U-turn
|
|-weather|Snowscape|[upkeep]
|-heal|p1a: Clefable|100/100|[from] item: Leftovers
|upkeep
|turn|6
|
|t:|1776097587
|switch|p1a: Hoopa|Hoopa-Unbound|100/100
|move|p2a: Slowking|Sludge Bomb|p1a: Hoopa
|-damage|p1a: Hoopa|82/100
|-status|p1a: Hoopa|psn
|
|-weather|Snowscape|[upkeep]
|-damage|p1a: Hoopa|70/100 psn|[from] psn
|upkeep
|turn|7
|
|t:|1776097591
|switch|p2a: Tornadus|Tornadus-Therian, M|100/100
|move|p1a: Hoopa|Knock Off|p2a: Tornadus
|-damage|p2a: Tornadus|41/100
|-enditem|p2a: Tornadus|Heavy-Duty Boots|[from] move: Knock Off|[of] p1a: Hoopa
|
|-weather|Snowscape|[upkeep]
|-damage|p1a: Hoopa|57/100 psn|[from] psn
|upkeep
|turn|8
|
|t:|1776097596
|switch|p1a: Clefable|Clefable, M|100/100
|move|p2a: Tornadus|U-turn|p1a: Clefable
|-resisted|p1a: Clefable
|-damage|p1a: Clefable|95/100
|
|t:|1776097598
|switch|p2a: Slowking|Slowking-Galar, M|100/100|[from] U-turn
|
|-weather|none
|-heal|p1a: Clefable|100/100|[from] item: Leftovers
|upkeep
|turn|9
|
|t:|1776097601
|move|p1a: Clefable|Stealth Rock|p2a: Slowking
|-sidestart|p2: ALT1 Lord Greed|move: Stealth Rock
|move|p2a: Slowking|Future Sight|p1a: Clefable
|-start|p2a: Slowking|move: Future Sight
|
|upkeep
|turn|10
|
|t:|1776097606
|switch|p1a: Slowking|Slowking-Galar, M|100/100
|-prepare|p2a: Slowking|Chilly Reception|[premajor]
|move|p2a: Slowking|Chilly Reception|p2a: Slowking
|-weather|Snowscape
|
|t:|1776097608
|switch|p2a: Great Tusk|Great Tusk|100/100|[from] Chilly Reception
|
|-weather|Snowscape|[upkeep]
|upkeep
|turn|11
|
|t:|1776097613
|switch|p1a: Cinderace|Cinderace, F|45/100 psn
|move|p2a: Great Tusk|Headlong Rush|p1a: Cinderace
|-supereffective|p1a: Cinderace
|-damage|p1a: Cinderace|0 fnt
|-unboost|p2a: Great Tusk|def|1
|-unboost|p2a: Great Tusk|spd|1
|faint|p1a: Cinderace
|
|-weather|Snowscape|[upkeep]
|-hint|Future Sight did not hit because the target is fainted.
|upkeep
|
|t:|1776097620
|switch|p1a: Clefable|Clefable, M|100/100
|turn|12
|
|t:|1776097622
|move|p2a: Great Tusk|Rapid Spin|p1a: Clefable
|-damage|p1a: Clefable|87/100
|-boost|p2a: Great Tusk|spe|1
|-sideend|p2: ALT1 Lord Greed|Stealth Rock|[from] move: Rapid Spin|[of] p2a: Great Tusk
|move|p1a: Clefable|Moonblast|p2a: Great Tusk
|-supereffective|p2a: Great Tusk
|-damage|p2a: Great Tusk|0 fnt
|faint|p2a: Great Tusk
|-end|p2a: Great Tusk|Protosynthesis|[silent]
|
|-weather|Snowscape|[upkeep]
|-heal|p1a: Clefable|93/100|[from] item: Leftovers
|upkeep
|
|t:|1776097627
|switch|p2a: Heatran|Heatran, M|100/100
|turn|13
|
|t:|1776097631
|switch|p1a: Hoopa|Hoopa-Unbound|57/100 psn
|move|p2a: Heatran|Taunt|p1a: Hoopa
|-start|p1a: Hoopa|move: Taunt
|
|-weather|Snowscape|[upkeep]
|-damage|p1a: Hoopa|45/100 psn|[from] psn
|upkeep
|turn|14
|
|t:|1776097634
|switch|p2a: Tornadus|Tornadus-Therian, M|75/100
|move|p1a: Hoopa|Drain Punch|p2a: Tornadus
|-resisted|p2a: Tornadus
|-damage|p2a: Tornadus|60/100
|-heal|p1a: Hoopa|53/100 psn|[from] drain|[of] p2a: Tornadus
|
|-weather|none
|-damage|p1a: Hoopa|40/100 psn|[from] psn
|upkeep
|turn|15
|
|t:|1776097639
|switch|p1a: Clefable|Clefable, M|93/100
|move|p2a: Tornadus|U-turn|p1a: Clefable
|-resisted|p1a: Clefable
|-damage|p1a: Clefable|87/100
|
|t:|1776097640
|switch|p2a: Heatran|Heatran, M|100/100|[from] U-turn
|
|-heal|p1a: Clefable|93/100|[from] item: Leftovers
|upkeep
|turn|16
|
|t:|1776097644
|switch|p1a: Hoopa|Hoopa-Unbound|40/100 psn
|move|p2a: Heatran|Magma Storm|p1a: Hoopa
|-damage|p1a: Hoopa|18/100 psn
|-activate|p1a: Hoopa|move: Magma Storm|[of] p2a: Heatran
|
|-damage|p1a: Hoopa|6/100 psn|[from] psn
|-damage|p1a: Hoopa|0 fnt|[from] move: Magma Storm|[partiallytrapped]
|faint|p1a: Hoopa
|upkeep
|
|t:|1776097648
|switch|p1a: Great Tusk|Great Tusk|100/100
|turn|17
|
|t:|1776097655
|switch|p2a: Enamorus|Enamorus, F|100/100
|move|p1a: Great Tusk|Ice Spinner|p2a: Enamorus
|-supereffective|p2a: Enamorus
|-damage|p2a: Enamorus|8/100
|
|upkeep
|turn|18
|
|t:|1776097660
|switch|p2a: Glastrier|Glastrier|100/100
|-end|p1a: Great Tusk|Protosynthesis|[silent]
|switch|p1a: Slowking|Slowking-Galar, M|100/100
|
|upkeep
|turn|19
|
|t:|1776097668
|move|p2a: Glastrier|Swords Dance|p2a: Glastrier
|-boost|p2a: Glastrier|atk|2
|move|p1a: Slowking|Flamethrower|p2a: Glastrier
|-supereffective|p2a: Glastrier
|-damage|p2a: Glastrier|65/100
|
|upkeep
|turn|20
|
|t:|1776097673
|switch|p1a: Great Tusk|Great Tusk|100/100
|move|p2a: Glastrier|High Horsepower|p1a: Great Tusk
|-damage|p1a: Great Tusk|39/100
|
|upkeep
|turn|21
|
|t:|1776097676
|move|p1a: Great Tusk|Close Combat|p2a: Glastrier
|-supereffective|p2a: Glastrier
|-crit|p2a: Glastrier
|-damage|p2a: Glastrier|0 fnt
|-unboost|p1a: Great Tusk|def|1
|-unboost|p1a: Great Tusk|spd|1
|faint|p2a: Glastrier
|
|upkeep
|
|t:|1776097681
|switch|p2a: Tornadus|Tornadus-Therian, M|93/100
|turn|22
|
|t:|1776097685
|-end|p1a: Great Tusk|Protosynthesis|[silent]
|switch|p1a: Clefable|Clefable, M|93/100
|move|p2a: Tornadus|Knock Off|p1a: Clefable
|-resisted|p1a: Clefable
|-damage|p1a: Clefable|86/100
|-enditem|p1a: Clefable|Leftovers|[from] move: Knock Off|[of] p2a: Tornadus
|
|upkeep
|turn|23
|
|t:|1776097690
|move|p2a: Tornadus|U-turn|p1a: Clefable
|-resisted|p1a: Clefable
|-damage|p1a: Clefable|81/100
|
|t:|1776097691
|switch|p2a: Enamorus|Enamorus, F|8/100|[from] U-turn
|move|p1a: Clefable|Stealth Rock|p2a: Enamorus
|-sidestart|p2: ALT1 Lord Greed|move: Stealth Rock
|
|upkeep
|turn|24
|
|t:|1776097696
|switch|p1a: Slowking|Slowking-Galar, M|100/100
|move|p2a: Enamorus|Moonblast|p1a: Slowking
|-resisted|p1a: Slowking
|-damage|p1a: Slowking|85/100
|
|upkeep
|turn|25
|
|t:|1776097699
|move|p2a: Enamorus|Moonblast|p1a: Slowking
|-resisted|p1a: Slowking
|-damage|p1a: Slowking|70/100
|move|p1a: Slowking|Future Sight|p2a: Enamorus
|-start|p1a: Slowking|move: Future Sight
|
|upkeep
|turn|26
|
|t:|1776097703
|move|p2a: Enamorus|Moonblast|p1a: Slowking
|-resisted|p1a: Slowking
|-damage|p1a: Slowking|54/100
|move|p1a: Slowking|Sludge Bomb|p2a: Enamorus
|-supereffective|p2a: Enamorus
|-damage|p2a: Enamorus|0 fnt
|faint|p2a: Enamorus
|
|upkeep
|
|t:|1776097707
|switch|p2a: Heatran|Heatran, M|100/100
|-damage|p2a: Heatran|88/100|[from] Stealth Rock
|turn|27
|
|t:|1776097709
|move|p2a: Heatran|Taunt|p1a: Slowking
|-start|p1a: Slowking|move: Taunt
|-prepare|p1a: Slowking|Chilly Reception|[premajor]
|cant|p1a: Slowking|move: Taunt|Chilly Reception
|
|-end|p2a: Heatran|move: Future Sight
|-resisted|p2a: Heatran
|-damage|p2a: Heatran|75/100
|-heal|p2a: Heatran|81/100|[from] item: Leftovers
|upkeep
|turn|28
|
|t:|1776097716
|switch|p1a: Clefable|Clefable, M|81/100
|move|p2a: Heatran|Magma Storm|p1a: Clefable|[miss]
|-miss|p2a: Heatran|p1a: Clefable
|
|-heal|p2a: Heatran|87/100|[from] item: Leftovers
|upkeep
|turn|29
|
|t:|1776097722
|switch|p1a: Slowking|Slowking-Galar, M|87/100
|move|p2a: Heatran|Stealth Rock|p1a: Slowking
|-sidestart|p1: Oweiner95|move: Stealth Rock
|
|-heal|p2a: Heatran|94/100|[from] item: Leftovers
|upkeep
|turn|30
|
|t:|1776097728
|move|p2a: Heatran|Earth Power|p1a: Slowking
|-supereffective|p1a: Slowking
|-damage|p1a: Slowking|54/100
|-prepare|p1a: Slowking|Chilly Reception|[premajor]
|move|p1a: Slowking|Chilly Reception|p1a: Slowking
|-weather|Snowscape
|
|t:|1776097730
|switch|p1a: Great Tusk|Great Tusk|39/100|[from] Chilly Reception
|
|-weather|Snowscape|[upkeep]
|-heal|p2a: Heatran|99/100|[from] item: Leftovers
|upkeep
|turn|31
|
|t:|1776097738
|move|p1a: Great Tusk|Close Combat|p2a: Heatran
|-supereffective|p2a: Heatran
|-damage|p2a: Heatran|0 fnt
|-unboost|p1a: Great Tusk|def|1
|-unboost|p1a: Great Tusk|spd|1
|faint|p2a: Heatran
|
|-weather|Snowscape|[upkeep]
|upkeep
|
|t:|1776097740
|switch|p2a: Tornadus|Tornadus-Therian, M|100/100
|-damage|p2a: Tornadus|76/100|[from] Stealth Rock
|turn|32
|
|t:|1776097744
|-end|p1a: Great Tusk|Protosynthesis|[silent]
|switch|p1a: Clefable|Clefable, M|81/100
|move|p2a: Tornadus|Bleakwind Storm|p1a: Clefable
|-damage|p1a: Clefable|47/100
|
|-weather|Snowscape|[upkeep]
|upkeep
|turn|33
|
|t:|1776097747
|move|p2a: Tornadus|Bleakwind Storm|p1a: Clefable
|-damage|p1a: Clefable|12/100
|move|p1a: Clefable|Moonlight|p1a: Clefable
|-heal|p1a: Clefable|37/100
|
|-weather|Snowscape|[upkeep]
|upkeep
|turn|34
|
|t:|1776097753
|move|p2a: Tornadus|Bleakwind Storm|p1a: Clefable
|-damage|p1a: Clefable|4/100
|-unboost|p1a: Clefable|spe|1
|move|p1a: Clefable|Moonlight|p1a: Clefable
|-heal|p1a: Clefable|28/100
|
|-weather|none
|upkeep
|turn|35
|
|t:|1776097758
|move|p2a: Tornadus|Bleakwind Storm|p1a: Clefable
|-damage|p1a: Clefable|0 fnt
|faint|p1a: Clefable
|
|upkeep
|
|t:|1776097763
|switch|p1a: Slowking|Slowking-Galar, M|88/100
|turn|36
|
|t:|1776097765
|move|p2a: Tornadus|Knock Off|p1a: Slowking
|-supereffective|p1a: Slowking
|-damage|p1a: Slowking|47/100
|-enditem|p1a: Slowking|Heavy-Duty Boots|[from] move: Knock Off|[of] p2a: Tornadus
|move|p1a: Slowking|Future Sight|p2a: Tornadus
|-start|p1a: Slowking|move: Future Sight
|
|upkeep
|turn|37
|
|t:|1776097770
|move|p2a: Tornadus|U-turn|p1a: Slowking
|-damage|p1a: Slowking|32/100
|
|t:|1776097772
|switch|p2a: Slowking|Slowking-Galar, M|100/100|[from] U-turn
|-damage|p2a: Slowking|88/100|[from] Stealth Rock
|-prepare|p1a: Slowking|Chilly Reception|[premajor]
|move|p1a: Slowking|Chilly Reception|p1a: Slowking
|-weather|Snowscape
|
|t:|1776097774
|switch|p1a: Great Tusk|Great Tusk|39/100|[from] Chilly Reception
|
|-weather|Snowscape|[upkeep]
|upkeep
|turn|38
|
|t:|1776097777
|-terastallize|p2a: Slowking|Water
|move|p1a: Great Tusk|Headlong Rush|p2a: Slowking
|-damage|p2a: Slowking|23/100
|-unboost|p1a: Great Tusk|def|1
|-unboost|p1a: Great Tusk|spd|1
|move|p2a: Slowking|Psychic|p1a: Great Tusk
|-supereffective|p1a: Great Tusk
|-damage|p1a: Great Tusk|0 fnt
|faint|p1a: Great Tusk
|-end|p1a: Great Tusk|Protosynthesis|[silent]
|
|-weather|Snowscape|[upkeep]
|-end|p2a: Slowking|move: Future Sight
|-damage|p2a: Slowking|0 fnt
|faint|p2a: Slowking
|upkeep
|
|t:|1776097785
|switch|p1a: Slowking|Slowking-Galar, M|66/100
|switch|p2a: Tornadus|Tornadus-Therian, M|100/100
|-damage|p2a: Tornadus|76/100|[from] Stealth Rock
|-damage|p1a: Slowking|53/100|[from] Stealth Rock
|turn|39
|
|t:|1776097790
|move|p2a: Tornadus|Knock Off|p1a: Slowking
|-supereffective|p1a: Slowking
|-damage|p1a: Slowking|27/100
|move|p1a: Slowking|Future Sight|p2a: Tornadus
|-start|p1a: Slowking|move: Future Sight
|
|-weather|Snowscape|[upkeep]
|upkeep
|turn|40
|
|t:|1776097793
|switch|p1a: Dragonite|Dragonite, M|100/100
|move|p2a: Tornadus|Knock Off|p1a: Dragonite
|-crit|p1a: Dragonite
|-damage|p1a: Dragonite|85/100
|-enditem|p1a: Dragonite|Heavy-Duty Boots|[from] move: Knock Off|[of] p2a: Tornadus
|
|-weather|Snowscape|[upkeep]
|upkeep
|turn|41
|
|t:|1776097798
|-terastallize|p1a: Dragonite|Normal
|move|p1a: Dragonite|Extreme Speed|p2a: Tornadus
|-damage|p2a: Tornadus|20/100
|move|p2a: Tornadus|Bleakwind Storm|p1a: Dragonite
|-damage|p1a: Dragonite|52/100
|-unboost|p1a: Dragonite|spe|1
|
|-weather|none
|-end|p2a: Tornadus|move: Future Sight
|-damage|p2a: Tornadus|0 fnt
|faint|p2a: Tornadus
|
|win|Oweiner95
|raw|Oweiner95's rating: 1503 &rarr; <strong>1523</strong><br />(+20 for winning)
|raw|ALT1 Lord Greed's rating: 1509 &rarr; <strong>1489</strong><br />(-20 for losing)
|l| ohko_smeargle
|l|‽Oweiner95
|player|p1|
|l|☆ALT1 Lord Greed
|player|p2|
