|html|<div class="broadcast-blue"><strong>[Gen 9] OU is currently suspecting Tera Blast! For information on how to participate check out the <a href="https://www.smogon.com/tools/suspects/view/200">suspect thread</a>.</strong></div>
|j|☆Dat boii fam
|j|☆pressacanadagoose
|t:|1776072057
|gametype|singles
|player|p1|Dat boii fam|li|1624
|player|p2|pressacanadagoose|169|1691
|gen|9
|tier|[Gen 9] OU
|rated|
|rule|HP Percentage Mod: HP is shown in percentages
|rule|Endless Battle Clause: Forcing endless battles is banned
|rule|Species Clause: Limit one of each Pokémon
|rule|OHKO Clause: OHKO moves are banned
|rule|Evasion Items Clause: Evasion items are banned
|rule|Evasion Moves Clause: Evasion moves are banned
|rule|Evasion Abilities Clause: Evasion abilities are banned
|rule|Sleep Moves Clause: Sleep-inducing moves are banned
|clearpoke
|poke|p1|Alomomola, F|
|poke|p1|Landorus-Therian, M|
|poke|p1|Zapdos|
|poke|p1|Tornadus-Therian, M|
|poke|p1|Scizor, M|
|poke|p1|Amoonguss, M|
|poke|p2|Deoxys-Speed|
|poke|p2|Ceruledge, F|
|poke|p2|Zamazenta-*|
|poke|p2|Ogerpon-Wellspring, F|
|poke|p2|Glimmora, M|
|poke|p2|Moltres-Galar|
|teampreview
|inactive|Battle timer is ON: inactive players will automatically lose when time's up. (requested by Dat boii fam)
|
|t:|1776072066
|teamsize|p1|6
|teamsize|p2|6
|start
|switch|p1a: Scizor|Scizor, M|100/100
|switch|p2a: Deoxys|Deoxys-Speed|100/100
|-ability|p2a: Deoxys|Pressure
|turn|1
|inactive|Dat boii fam has 120 seconds left.
|
|t:|1776072107
|switch|p2a: Zamazenta|Zamazenta|100/100
|-ability|p2a: Zamazenta|Dauntless Shield|boost
|-boost|p2a: Zamazenta|def|1
|move|p1a: Scizor|Knock Off|p2a: Zamazenta
|-resisted|p2a: Zamazenta
|-damage|p2a: Zamazenta|93/100
|-enditem|p2a: Zamazenta|Leftovers|[from] move: Knock Off|[of] p1a: Scizor
|
|upkeep
|turn|2
|
|t:|1776072117
|switch|p2a: Deoxys|Deoxys-Speed|100/100
|-ability|p2a: Deoxys|Pressure
|switch|p1a: Amoonguss|Amoonguss, M|100/100
|
|upkeep
|turn|3
|inactive|Dat boii fam has 120 seconds left.
|
|t:|1776072124
|switch|p1a: Scizor|Scizor, M|100/100
|move|p2a: Deoxys|Reflect|p2a: Deoxys
|-sidestart|p2: pressacanadagoose|Reflect
|
|upkeep
|turn|4
|
|t:|1776072133
|switch|p2a: Zamazenta|Zamazenta|93/100
|move|p1a: Scizor|Knock Off|p2a: Zamazenta
|-resisted|p2a: Zamazenta
|-damage|p2a: Zamazenta|90/100
|
|upkeep
|turn|5
|
|t:|1776072139
|switch|p2a: Glimmora|Glimmora, M|100/100
|switch|p1a: Amoonguss|Amoonguss, M|100/100
|
|upkeep
|turn|6
|
|t:|1776072159
|switch|p1a: Landorus|Landorus-Therian, M|100/100
|-ability|p1a: Landorus|Intimidate|boost
|-unboost|p2a: Glimmora|atk|1
|move|p2a: Glimmora|Stealth Rock|p1a: Landorus
|-sidestart|p1: Dat boii fam|move: Stealth Rock
|
|upkeep
|turn|7
|
|t:|1776072166
|move|p1a: Landorus|U-turn|p2a: Glimmora
|-resisted|p2a: Glimmora
|-damage|p2a: Glimmora|92/100
|-activate|p2a: Glimmora|ability: Toxic Debris
|-sidestart|p1: Dat boii fam|move: Toxic Spikes
|
|t:|1776072171
|switch|p1a: Scizor|Scizor, M|100/100|[from] U-turn
|move|p2a: Glimmora|Meteor Beam||[still]
|-prepare|p2a: Glimmora|Meteor Beam
|-boost|p2a: Glimmora|spa|1
|-enditem|p2a: Glimmora|Power Herb
|-anim|p2a: Glimmora|Meteor Beam|p1a: Scizor
|-damage|p1a: Scizor|12/100
|
|upkeep
|turn|8
|
|t:|1776072184
|switch|p1a: Landorus|Landorus-Therian, M|100/100
|-damage|p1a: Landorus|88/100|[from] Stealth Rock
|-ability|p1a: Landorus|Intimidate|boost
|-unboost|p2a: Glimmora|atk|1
|move|p2a: Glimmora|Earth Power|p1a: Landorus
|-immune|p1a: Landorus
|
|upkeep
|turn|9
|
|t:|1776072191
|move|p1a: Landorus|Earthquake|p2a: Glimmora
|-supereffective|p2a: Glimmora
|-damage|p2a: Glimmora|0 fnt
|-activate|p2a: Glimmora|ability: Toxic Debris
|-sidestart|p1: Dat boii fam|move: Toxic Spikes
|faint|p2a: Glimmora
|
|upkeep
|
|t:|1776072194
|switch|p2a: Ogerpon|Ogerpon-Wellspring, F|100/100
|turn|10
|inactive|pressacanadagoose has 120 seconds left.
|j| Foxi4
|inactive|pressacanadagoose has 90 seconds left.
|inactive|pressacanadagoose has 60 seconds left.
|
|t:|1776072295
|switch|p1a: Amoonguss|Amoonguss, M|100/100
|-damage|p1a: Amoonguss|88/100|[from] Stealth Rock
|-sideend|p1: Dat boii fam|move: Toxic Spikes|[of] p1a: Amoonguss
|switch|p2a: Deoxys|Deoxys-Speed|100/100
|-ability|p2a: Deoxys|Pressure
|
|-sideend|p2: pressacanadagoose|Reflect
|upkeep
|turn|11
|
|t:|1776072310
|switch|p1a: Zapdos|Zapdos|100/100
|move|p2a: Deoxys|Psycho Boost|p1a: Zapdos
|-damage|p1a: Zapdos|54/100
|-unboost|p2a: Deoxys|spa|2
|
|upkeep
|turn|12
|
|t:|1776072317
|move|p2a: Deoxys|Taunt|p1a: Zapdos
|-start|p1a: Zapdos|move: Taunt
|move|p1a: Zapdos|Discharge|p2a: Deoxys
|-damage|p2a: Deoxys|48/100
|
|upkeep
|turn|13
|
|t:|1776072324
|move|p2a: Deoxys|Light Screen|p2a: Deoxys
|-sidestart|p2: pressacanadagoose|move: Light Screen
|move|p1a: Zapdos|Discharge|p2a: Deoxys
|-damage|p2a: Deoxys|22/100
|
|upkeep
|turn|14
|
|t:|1776072329
|move|p2a: Deoxys|Reflect|p2a: Deoxys
|-sidestart|p2: pressacanadagoose|Reflect
|move|p1a: Zapdos|Discharge|p2a: Deoxys
|-damage|p2a: Deoxys|0 fnt
|faint|p2a: Deoxys
|
|-end|p1a: Zapdos|move: Taunt
|upkeep
|
|t:|1776072334
|switch|p2a: Ceruledge|Ceruledge, F|100/100
|turn|15
|
|t:|1776072338
|move|p2a: Ceruledge|Poltergeist|p1a: Zapdos
|-activate|p1a: Zapdos|move: Poltergeist|Heavy-Duty Boots
|-damage|p1a: Zapdos|0 fnt
|faint|p1a: Zapdos
|-damage|p2a: Ceruledge|91/100|[from] item: Life Orb
|
|upkeep
|
|t:|1776072344
|switch|p1a: Alomomola|Alomomola, F|100/100
|turn|16
|
|t:|1776072346
|move|p2a: Ceruledge|Swords Dance|p2a: Ceruledge
|-boost|p2a: Ceruledge|atk|2
|move|p1a: Alomomola|Alluring Voice|p2a: Ceruledge
|-resisted|p2a: Ceruledge
|-damage|p2a: Ceruledge|88/100
|-start|p2a: Ceruledge|confusion
|
|upkeep
|turn|17
|
|t:|1776072354
|-activate|p2a: Ceruledge|confusion
|-damage|p2a: Ceruledge|49/100|[from] confusion
|move|p1a: Alomomola|Wish|p1a: Alomomola
|
|upkeep
|turn|18
|
|t:|1776072358
|-activate|p2a: Ceruledge|confusion
|move|p2a: Ceruledge|Poltergeist|p1a: Alomomola
|-activate|p1a: Alomomola|move: Poltergeist|Heavy-Duty Boots
|-damage|p1a: Alomomola|0 fnt
|faint|p1a: Alomomola
|-damage|p2a: Ceruledge|39/100|[from] item: Life Orb
|
|upkeep
|
|t:|1776072368
|switch|p1a: Landorus|Landorus-Therian, M|88/100
|-damage|p1a: Landorus|75/100|[from] Stealth Rock
|-ability|p1a: Landorus|Intimidate|boost
|-unboost|p2a: Ceruledge|atk|1
|turn|19
|
|t:|1776072373
|-end|p2a: Ceruledge|confusion
|move|p2a: Ceruledge|Shadow Sneak|p1a: Landorus
|-damage|p1a: Landorus|25/100
|-damage|p2a: Ceruledge|29/100|[from] item: Life Orb
|move|p1a: Landorus|Earthquake|p2a: Ceruledge
|-supereffective|p2a: Ceruledge
|-damage|p2a: Ceruledge|0 fnt
|faint|p2a: Ceruledge
|
|upkeep
|
|t:|1776072377
|switch|p2a: Ogerpon|Ogerpon-Wellspring, F|100/100
|turn|20
|
|t:|1776072385
|switch|p1a: Amoonguss|Amoonguss, M|100/100
|-damage|p1a: Amoonguss|88/100|[from] Stealth Rock
|move|p2a: Ogerpon|Ivy Cudgel|p1a: Amoonguss|[anim] Ivy Cudgel Water
|-resisted|p1a: Amoonguss
|-damage|p1a: Amoonguss|66/100
|
|-sideend|p2: pressacanadagoose|move: Light Screen
|upkeep
|turn|21
|
|t:|1776072393
|move|p2a: Ogerpon|Swords Dance|p2a: Ogerpon
|-boost|p2a: Ogerpon|atk|2
|move|p1a: Amoonguss|Toxic|p2a: Ogerpon
|-status|p2a: Ogerpon|tox
|
|-damage|p2a: Ogerpon|95/100 tox|[from] psn
|-sideend|p2: pressacanadagoose|Reflect
|upkeep
|turn|22
|
|t:|1776072400
|move|p2a: Ogerpon|Ivy Cudgel|p1a: Amoonguss|[anim] Ivy Cudgel Water
|-resisted|p1a: Amoonguss
|-damage|p1a: Amoonguss|19/100
|move|p1a: Amoonguss|Sludge Bomb|p2a: Ogerpon
|-supereffective|p2a: Ogerpon
|-damage|p2a: Ogerpon|23/100 tox
|
|-damage|p2a: Ogerpon|11/100 tox|[from] psn
|upkeep
|turn|23
|
|t:|1776072409
|switch|p1a: Scizor|Scizor, M|12/100
|move|p2a: Ogerpon|Ivy Cudgel|p1a: Scizor|[anim] Ivy Cudgel Water
|-damage|p1a: Scizor|0 fnt
|faint|p1a: Scizor
|
|-damage|p2a: Ogerpon|0 fnt|[from] psn
|faint|p2a: Ogerpon
|upkeep
|
|t:|1776072418
|switch|p2a: Moltres|Moltres-Galar|100/100
|switch|p1a: Amoonguss|Amoonguss, M|53/100
|-damage|p1a: Amoonguss|40/100|[from] Stealth Rock
|turn|24
|
|t:|1776072428
|switch|p1a: Landorus|Landorus-Therian, M|25/100
|-damage|p1a: Landorus|13/100|[from] Stealth Rock
|-ability|p1a: Landorus|Intimidate|boost
|-unboost|p2a: Moltres|atk|1
|move|p2a: Moltres|Fiery Wrath|p1a: Landorus
|-damage|p1a: Landorus|0 fnt
|faint|p1a: Landorus
|
|upkeep
|
|t:|1776072438
|switch|p1a: Tornadus|Tornadus-Therian, M|100/100
|turn|25
|
|t:|1776072440
|move|p1a: Tornadus|Nasty Plot|p1a: Tornadus
|-boost|p1a: Tornadus|spa|2
|move|p2a: Moltres|Agility|p2a: Moltres
|-boost|p2a: Moltres|spe|2
|
|upkeep
|turn|26
|
|t:|1776072447
|move|p2a: Moltres|Fiery Wrath|p1a: Tornadus
|-damage|p1a: Tornadus|51/100
|move|p1a: Tornadus|Bleakwind Storm|p2a: Moltres
|-damage|p2a: Moltres|23/100
|-ability|p2a: Moltres|Berserk|boost
|-boost|p2a: Moltres|spa|1
|-enditem|p2a: Moltres|Sitrus Berry|[eat]
|-heal|p2a: Moltres|48/100|[from] item: Sitrus Berry
|
|upkeep
|turn|27
|
|t:|1776072458
|-terastallize|p1a: Tornadus|Fighting
|move|p2a: Moltres|Fiery Wrath|p1a: Tornadus
|-resisted|p1a: Tornadus
|-damage|p1a: Tornadus|11/100
|move|p1a: Tornadus|Bleakwind Storm|p2a: Moltres
|-damage|p2a: Moltres|0 fnt
|faint|p2a: Moltres
|
|upkeep
|
|t:|1776072465
|switch|p2a: Zamazenta|Zamazenta|90/100
|turn|28
|
|t:|1776072468
|move|p2a: Zamazenta|Body Press|p1a: Tornadus
|-damage|p1a: Tornadus|0 fnt
|faint|p1a: Tornadus
|
|upkeep
|
|t:|1776072473
|switch|p1a: Amoonguss|Amoonguss, M|74/100
|-damage|p1a: Amoonguss|61/100|[from] Stealth Rock
|turn|29
|
|t:|1776072477
|move|p2a: Zamazenta|Iron Defense|p2a: Zamazenta
|-boost|p2a: Zamazenta|def|2
|move|p1a: Amoonguss|Giga Drain|p2a: Zamazenta
|-damage|p2a: Zamazenta|67/100
|-heal|p1a: Amoonguss|70/100|[from] drain|[of] p2a: Zamazenta
|
|upkeep
|turn|30
|
|t:|1776072483
|move|p2a: Zamazenta|Iron Defense|p2a: Zamazenta
|-boost|p2a: Zamazenta|def|2
|move|p1a: Amoonguss|Toxic|p2a: Zamazenta
|-status|p2a: Zamazenta|tox
|
|-damage|p2a: Zamazenta|61/100 tox|[from] psn
|upkeep
|turn|31
|
|t:|1776072489
|move|p2a: Zamazenta|Body Press|p1a: Amoonguss
|-resisted|p1a: Amoonguss
|-damage|p1a: Amoonguss|24/100
|-damage|p2a: Zamazenta|44/100 tox|[from] item: Rocky Helmet|[of] p1a: Amoonguss
|move|p1a: Amoonguss|Giga Drain|p2a: Zamazenta
|-damage|p2a: Zamazenta|21/100 tox
|-heal|p1a: Amoonguss|33/100|[from] drain|[of] p2a: Zamazenta
|
|-damage|p2a: Zamazenta|9/100 tox|[from] psn
|upkeep
|turn|32
|
|t:|1776072499
|move|p2a: Zamazenta|Body Press|p1a: Amoonguss
|-resisted|p1a: Amoonguss
|-damage|p1a: Amoonguss|0 fnt
|-damage|p2a: Zamazenta|0 fnt|[from] item: Rocky Helmet|[of] p1a: Amoonguss
|faint|p1a: Amoonguss
|faint|p2a: Zamazenta
|
|win|pressacanadagoose
|raw|Dat boii fam's rating: 1624 &rarr; <strong>1608</strong><br />(-16 for losing)
|raw|pressacanadagoose's rating: 1691 &rarr; <strong>1707</strong><br />(+16 for winning)
|l|☆Dat boii fam
|player|p1|
|l|☆pressacanadagoose
|player|p2|
