|html|<div class="broadcast-blue"><strong>[Gen 9] OU is currently suspecting Volcarona! For information on how to participate check out the <a href="https://www.smogon.com/tools/suspects/view/208">suspect thread</a>.</strong></div>
|j|☆FrostBite13yes
|j|☆jasperthedog
|t:|1778507700
|gametype|singles
|player|p1|FrostBite13yes|2|1571
|player|p2|jasperthedog|170|1550
|gen|9
|tier|[Gen 9] OU
|rated|
|rule|HP Percentage Mod: HP is shown in percentages
|rule|Endless Battle Clause: Forcing endless battles is banned
|rule|Species Clause: Limit one of each Pokémon
|rule|OHKO Clause: OHKO moves are banned
|rule|Evasion Items Clause: Evasion items are banned
|rule|Evasion Moves Clause: Evasion moves are banned
|rule|Evasion Abilities Clause: Evasion abilities are banned
|rule|Sleep Moves Clause: Sleep-inducing moves are banned
|clearpoke
|poke|p1|Pelipper, F|
|poke|p1|Barraskewda, M|
|poke|p1|Zapdos|
|poke|p1|Clodsire, F|
|poke|p1|Mandibuzz, F|
|poke|p1|Basculegion-F, F|
|poke|p2|Corviknight, F|
|poke|p2|Tyranitar, M|
|poke|p2|Ditto|
|poke|p2|Zapdos|
|poke|p2|Kingambit, F|
|poke|p2|Hoopa-Unbound|
|teampreview
|
|t:|1778507712
|teamsize|p1|6
|teamsize|p2|6
|start
|switch|p1a: Clodsire|Clodsire, F, shiny|100/100
|switch|p2a: Zapdos|Zapdos|100/100
|turn|1
|
|t:|1778507719
|move|p2a: Zapdos|Hurricane|p1a: Clodsire
|-crit|p1a: Clodsire
|-damage|p1a: Clodsire|56/100
|move|p1a: Clodsire|Stealth Rock|p2a: Zapdos
|-sidestart|p2: jasperthedog|move: Stealth Rock
|
|-heal|p1a: Clodsire|62/100|[from] item: Black Sludge
|upkeep
|turn|2
|
|t:|1778507729
|move|p2a: Zapdos|Hurricane|p1a: Clodsire
|-crit|p1a: Clodsire
|-damage|p1a: Clodsire|9/100
|-start|p1a: Clodsire|confusion
|-activate|p1a: Clodsire|confusion
|move|p1a: Clodsire|Toxic|p2a: Zapdos
|-status|p2a: Zapdos|tox
|
|-heal|p1a: Clodsire|15/100|[from] item: Black Sludge
|-damage|p2a: Zapdos|94/100 tox|[from] psn
|upkeep
|turn|3
|
|t:|1778507736
|switch|p1a: Zapdos|Zapdos|100/100
|move|p2a: Zapdos|Hurricane|p1a: Zapdos
|-resisted|p1a: Zapdos
|-damage|p1a: Zapdos|63/100
|
|-damage|p2a: Zapdos|82/100 tox|[from] psn
|upkeep
|turn|4
|
|t:|1778507741
|switch|p2a: Tyranitar|Tyranitar, M|100/100
|-damage|p2a: Tyranitar|88/100|[from] Stealth Rock
|-weather|Sandstorm|[from] ability: Sand Stream|[of] p2a: Tyranitar
|move|p1a: Zapdos|Roost|p1a: Zapdos
|-heal|p1a: Zapdos|100/100
|-singleturn|p1a: Zapdos|move: Roost
|
|-weather|Sandstorm|[upkeep]
|-damage|p1a: Zapdos|94/100|[from] Sandstorm
|upkeep
|turn|5
|j| Puyu paz
|
|t:|1778507753
|switch|p1a: Mandibuzz|Mandibuzz, F, shiny|100/100
|move|p2a: Tyranitar|Stone Edge|p1a: Mandibuzz
|-supereffective|p1a: Mandibuzz
|-damage|p1a: Mandibuzz|39/100
|
|-weather|Sandstorm|[upkeep]
|-damage|p1a: Mandibuzz|33/100|[from] Sandstorm
|upkeep
|turn|6
|
|t:|1778507761
|move|p1a: Mandibuzz|Roost|p1a: Mandibuzz
|-heal|p1a: Mandibuzz|83/100
|-singleturn|p1a: Mandibuzz|move: Roost
|move|p2a: Tyranitar|Ice Punch|p1a: Mandibuzz
|-damage|p1a: Mandibuzz|66/100
|
|-weather|Sandstorm|[upkeep]
|-damage|p1a: Mandibuzz|60/100|[from] Sandstorm
|upkeep
|turn|7
|
|t:|1778507768
|move|p1a: Mandibuzz|U-turn|p2a: Tyranitar
|-supereffective|p2a: Tyranitar
|-damage|p2a: Tyranitar|71/100
|
|t:|1778507771
|switch|p1a: Pelipper|Pelipper, F|100/100|[from] U-turn
|-weather|RainDance|[from] ability: Drizzle|[of] p1a: Pelipper
|move|p2a: Tyranitar|Stone Edge|p1a: Pelipper|[miss]
|-miss|p2a: Tyranitar|p1a: Pelipper
|
|-weather|RainDance|[upkeep]
|upkeep
|turn|8
|
|t:|1778507787
|switch|p1a: Clodsire|Clodsire, F, shiny|15/100
|move|p2a: Tyranitar|Stone Edge|p1a: Clodsire
|-resisted|p1a: Clodsire
|-damage|p1a: Clodsire|0 fnt
|faint|p1a: Clodsire
|
|-weather|RainDance|[upkeep]
|upkeep
|
|t:|1778507795
|switch|p1a: Basculegion|Basculegion-F, F|100/100
|turn|9
|
|t:|1778507801
|switch|p2a: Corviknight|Corviknight, F|100/100
|-damage|p2a: Corviknight|88/100|[from] Stealth Rock
|move|p1a: Basculegion|Surf|p2a: Corviknight
|-damage|p2a: Corviknight|0 fnt
|faint|p2a: Corviknight
|
|-weather|RainDance|[upkeep]
|upkeep
|
|t:|1778507812
|switch|p2a: Tyranitar|Tyranitar, M|71/100
|-damage|p2a: Tyranitar|58/100|[from] Stealth Rock
|-weather|Sandstorm|[from] ability: Sand Stream|[of] p2a: Tyranitar
|turn|10
|inactive|Battle timer is ON: inactive players will automatically lose when time's up. (requested by jasperthedog)
|
|t:|1778507854
|-terastallize|p1a: Basculegion|Water
|move|p1a: Basculegion|Surf|p2a: Tyranitar
|-supereffective|p2a: Tyranitar
|-damage|p2a: Tyranitar|0 fnt
|faint|p2a: Tyranitar
|
|-weather|Sandstorm|[upkeep]
|-damage|p1a: Basculegion|94/100|[from] Sandstorm
|upkeep
|
|t:|1778507869
|switch|p2a: Ditto|Ditto|100/100
|-damage|p2a: Ditto|88/100|[from] Stealth Rock
|-transform|p2a: Ditto|p1a: Basculegion|[from] ability: Imposter
|-start|p2a: Ditto|typechange|Water/Ghost|[silent]
|turn|11
|
|t:|1778507879
|switch|p1a: Mandibuzz|Mandibuzz, F, shiny|60/100
|move|p2a: Ditto|Shadow Ball|p1a: Mandibuzz
|-resisted|p1a: Mandibuzz
|-damage|p1a: Mandibuzz|45/100
|
|-weather|Sandstorm|[upkeep]
|-damage|p2a: Ditto|82/100|[from] Sandstorm
|-damage|p1a: Mandibuzz|39/100|[from] Sandstorm
|upkeep
|turn|12
|
|t:|1778507885
|switch|p2a: Zapdos|Zapdos|82/100 tox
|move|p1a: Mandibuzz|Roost|p1a: Mandibuzz
|-heal|p1a: Mandibuzz|89/100
|-singleturn|p1a: Mandibuzz|move: Roost
|
|-weather|Sandstorm|[upkeep]
|-damage|p2a: Zapdos|76/100 tox|[from] Sandstorm
|-damage|p1a: Mandibuzz|83/100|[from] Sandstorm
|-damage|p2a: Zapdos|70/100 tox|[from] psn
|upkeep
|turn|13
|
|t:|1778507896
|switch|p1a: Zapdos|Zapdos|94/100
|move|p2a: Zapdos|Volt Switch|p1a: Zapdos
|-damage|p1a: Zapdos|45/100
|
|t:|1778507905
|switch|p2a: Ditto|Ditto|82/100|[from] Volt Switch
|-damage|p2a: Ditto|70/100|[from] Stealth Rock
|-transform|p2a: Ditto|p1a: Zapdos|[from] ability: Imposter
|
|-weather|Sandstorm|[upkeep]
|-damage|p2a: Ditto|64/100|[from] Sandstorm
|-damage|p1a: Zapdos|39/100|[from] Sandstorm
|upkeep
|turn|14
|
|t:|1778507916
|move|p2a: Ditto|Weather Ball|p1a: Zapdos
|-supereffective|p1a: Zapdos
|-damage|p1a: Zapdos|0 fnt
|faint|p1a: Zapdos
|
|-weather|none
|upkeep
|
|t:|1778507927
|switch|p1a: Basculegion|Basculegion-F, F, tera:Water|94/100
|turn|15
|
|t:|1778507949
|switch|p2a: Zapdos|Zapdos|70/100 tox
|move|p1a: Basculegion|Surf|p2a: Zapdos
|-damage|p2a: Zapdos|0 fnt
|faint|p2a: Zapdos
|
|upkeep
|
|t:|1778507951
|switch|p2a: Hoopa|Hoopa-Unbound|100/100
|-damage|p2a: Hoopa|88/100|[from] Stealth Rock
|turn|16
|
|t:|1778507958
|switch|p1a: Mandibuzz|Mandibuzz, F, shiny|83/100
|move|p2a: Hoopa|Trick|p1a: Mandibuzz
|-activate|p2a: Hoopa|move: Trick|[of] p1a: Mandibuzz
|-item|p1a: Mandibuzz|Choice Specs|[from] move: Trick
|-item|p2a: Hoopa|Heavy-Duty Boots|[from] move: Trick
|
|upkeep
|turn|17
|
|t:|1778507966
|switch|p2a: Ditto|Ditto|64/100
|-damage|p2a: Ditto|51/100|[from] Stealth Rock
|-transform|p2a: Ditto|p1a: Mandibuzz|[from] ability: Imposter
|move|p1a: Mandibuzz|U-turn|p2a: Ditto
|-damage|p2a: Ditto|42/100
|
|t:|1778507979
|switch|p1a: Basculegion|Basculegion-F, F, tera:Water|94/100|[from] U-turn
|
|upkeep
|turn|18
|
|t:|1778507991
|move|p2a: Ditto|Foul Play|p1a: Basculegion
|-damage|p1a: Basculegion|66/100
|move|p1a: Basculegion|Surf|p2a: Ditto
|-damage|p2a: Ditto|0 fnt
|faint|p2a: Ditto
|
|upkeep
|
|t:|1778508010
|switch|p2a: Hoopa|Hoopa-Unbound|88/100
|turn|19
|
|t:|1778508024
|switch|p1a: Mandibuzz|Mandibuzz, F, shiny|83/100
|move|p2a: Hoopa|Focus Blast|p1a: Mandibuzz
|-damage|p1a: Mandibuzz|38/100
|
|upkeep
|turn|20
|
|t:|1778508037
|move|p1a: Mandibuzz|Roost|p1a: Mandibuzz
|-heal|p1a: Mandibuzz|88/100
|-singleturn|p1a: Mandibuzz|move: Roost
|move|p2a: Hoopa|Focus Blast|p1a: Mandibuzz
|-supereffective|p1a: Mandibuzz
|-damage|p1a: Mandibuzz|0 fnt
|faint|p1a: Mandibuzz
|
|upkeep
|
|t:|1778508046
|switch|p1a: Barraskewda|Barraskewda, M|100/100
|turn|21
|
|t:|1778508059
|move|p1a: Barraskewda|Flip Turn|p2a: Hoopa
|-damage|p2a: Hoopa|22/100
|-damage|p1a: Barraskewda|91/100|[from] item: Life Orb
|
|t:|1778508065
|switch|p1a: Pelipper|Pelipper, F|100/100|[from] Flip Turn
|-weather|RainDance|[from] ability: Drizzle|[of] p1a: Pelipper
|move|p2a: Hoopa|Psychic|p1a: Pelipper
|-damage|p1a: Pelipper|38/100
|-unboost|p1a: Pelipper|spd|1
|
|-weather|RainDance|[upkeep]
|upkeep
|turn|22
|
|t:|1778508075
|move|p2a: Hoopa|Psychic|p1a: Pelipper
|-damage|p1a: Pelipper|0 fnt
|faint|p1a: Pelipper
|
|-weather|RainDance|[upkeep]
|upkeep
|
|t:|1778508078
|switch|p1a: Basculegion|Basculegion-F, F, tera:Water|66/100
|turn|23
|
|t:|1778508099
|move|p1a: Basculegion|Surf|p2a: Hoopa
|-damage|p2a: Hoopa|0 fnt
|faint|p2a: Hoopa
|
|-weather|RainDance|[upkeep]
|upkeep
|
|t:|1778508100
|switch|p2a: Kingambit|Kingambit, F|100/100
|-damage|p2a: Kingambit|94/100|[from] Stealth Rock
|-activate|p2a: Kingambit|ability: Supreme Overlord
|-start|p2a: Kingambit|fallen5|[silent]
|turn|24
|
|t:|1778508102
|move|p2a: Kingambit|Sucker Punch|p1a: Basculegion
|-damage|p1a: Basculegion|0 fnt
|faint|p1a: Basculegion
|
|-weather|RainDance|[upkeep]
|upkeep
|
|t:|1778508104
|switch|p1a: Barraskewda|Barraskewda, M|91/100
|turn|25
|
|t:|1778508109
|-terastallize|p2a: Kingambit|Ghost
|move|p2a: Kingambit|Sucker Punch|p1a: Barraskewda
|-damage|p1a: Barraskewda|0 fnt
|faint|p1a: Barraskewda
|
|win|jasperthedog
|raw|FrostBite13yes's rating: 1571 &rarr; <strong>1550</strong><br />(-21 for losing)
|raw|jasperthedog's rating: 1550 &rarr; <strong>1571</strong><br />(+21 for winning)
|l|☆jasperthedog
|player|p2|
|l| Puyu paz
|j| foxi4
|l| foxi4
