|html|<div class="broadcast-blue"><strong>[Gen 9] OU is currently suspecting Tera Blast! For information on how to participate check out the <a href="https://www.smogon.com/tools/suspects/view/200">suspect thread</a>.</strong></div>
|j|☆Noodlezzzzzzzz
|j|☆Bread_qt7
|t:|1776057213
|gametype|singles
|player|p1|Noodlezzzzzzzz|pokekid|1187
|player|p2|Bread_qt7|102|1177
|gen|9
|tier|[Gen 9] OU
|rated|
|rule|HP Percentage Mod: HP is shown in percentages
|rule|Endless Battle Clause: Forcing endless battles is banned
|rule|Species Clause: Limit one of each Pokémon
|rule|OHKO Clause: OHKO moves are banned
|rule|Evasion Items Clause: Evasion items are banned
|rule|Evasion Moves Clause: Evasion moves are banned
|rule|Evasion Abilities Clause: Evasion abilities are banned
|rule|Sleep Moves Clause: Sleep-inducing moves are banned
|clearpoke
|poke|p1|Dondozo, F|
|poke|p1|Ting-Lu|
|poke|p1|Moltres|
|poke|p1|Kleavor, F|
|poke|p1|Snorlax, M|
|poke|p1|Darkrai|
|poke|p2|Grimmsnarl, M|
|poke|p2|Tyranitar, F|
|poke|p2|Serperior, M|
|poke|p2|Haxorus, M|
|poke|p2|Scizor, F|
|poke|p2|Blaziken, M|
|teampreview
|inactive|Battle timer is ON: inactive players will automatically lose when time's up. (requested by Bread_qt7)
|
|t:|1776057255
|teamsize|p1|6
|teamsize|p2|6
|start
|switch|p1a: Dondozo|Dondozo, F|100/100
|switch|p2a: Grimmsnarl|Grimmsnarl, M|100/100
|turn|1
|
|t:|1776057267
|switch|p1a: Kleavor|Kleavor, F|100/100
|move|p2a: Grimmsnarl|Light Screen|p2a: Grimmsnarl
|-sidestart|p2: Bread_qt7|move: Light Screen
|
|upkeep
|turn|2
|
|t:|1776057273
|move|p2a: Grimmsnarl|Reflect|p2a: Grimmsnarl
|-sidestart|p2: Bread_qt7|Reflect
|move|p1a: Kleavor|Stone Axe|p2a: Grimmsnarl
|-damage|p2a: Grimmsnarl|70/100
|-sidestart|p2: Bread_qt7|move: Stealth Rock
|
|upkeep
|turn|3
|
|t:|1776057284
|switch|p1a: Dondozo|Dondozo, F|100/100
|move|p2a: Grimmsnarl|Parting Shot|p1a: Dondozo
|-unboost|p1a: Dondozo|atk|1
|-unboost|p1a: Dondozo|spa|1
|
|t:|1776057295
|switch|p2a: Serperior|Serperior, M, shiny|100/100|[from] Parting Shot
|-damage|p2a: Serperior|88/100|[from] Stealth Rock
|
|upkeep
|turn|4
|
|t:|1776057308
|switch|p1a: Kleavor|Kleavor, F|100/100
|move|p2a: Serperior|Leaf Storm|p1a: Kleavor
|-damage|p1a: Kleavor|14/100
|-boost|p2a: Serperior|spa|2
|
|upkeep
|turn|5
|
|t:|1776057316
|move|p2a: Serperior|Leaf Storm|p1a: Kleavor
|-damage|p1a: Kleavor|0 fnt
|-boost|p2a: Serperior|spa|2
|faint|p1a: Kleavor
|
|upkeep
|
|t:|1776057339
|switch|p1a: Moltres|Moltres|100/100
|turn|6
|
|t:|1776057345
|move|p2a: Serperior|Leaf Storm|p1a: Moltres|[miss]
|-miss|p2a: Serperior|p1a: Moltres
|move|p1a: Moltres|Flamethrower|p2a: Serperior
|-supereffective|p2a: Serperior
|-damage|p2a: Serperior|42/100
|
|upkeep
|turn|7
|
|t:|1776057352
|move|p2a: Serperior|Leaf Storm|p1a: Moltres
|-resisted|p1a: Moltres
|-damage|p1a: Moltres|50/100
|-boost|p2a: Serperior|spa|2
|move|p1a: Moltres|Flamethrower|p2a: Serperior
|-supereffective|p2a: Serperior
|-damage|p2a: Serperior|0 fnt
|faint|p2a: Serperior
|
|upkeep
|c|☆Noodlezzzzzzzz|Where you choice scarf?
|
|t:|1776057367
|switch|p2a: Haxorus|Haxorus, M, shiny|100/100
|-damage|p2a: Haxorus|88/100|[from] Stealth Rock
|-ability|p2a: Haxorus|Mold Breaker
|turn|8
|
|t:|1776057384
|move|p2a: Haxorus|Dragon Dance|p2a: Haxorus
|-boost|p2a: Haxorus|atk|1
|-boost|p2a: Haxorus|spe|1
|move|p1a: Moltres|Will-O-Wisp|p2a: Haxorus
|-status|p2a: Haxorus|brn
|
|-damage|p2a: Haxorus|82/100 brn|[from] brn
|-sideend|p2: Bread_qt7|move: Light Screen
|upkeep
|turn|9
|
|t:|1776057405
|switch|p1a: Ting-Lu|Ting-Lu|100/100
|-ability|p1a: Ting-Lu|Vessel of Ruin
|move|p2a: Haxorus|Dragon Claw|p1a: Ting-Lu
|-damage|p1a: Ting-Lu|74/100
|-damage|p2a: Haxorus|72/100 brn|[from] item: Life Orb
|
|-damage|p2a: Haxorus|66/100 brn|[from] brn
|-sideend|p2: Bread_qt7|Reflect
|upkeep
|turn|10
|
|t:|1776057423
|move|p2a: Haxorus|Dragon Claw|p1a: Ting-Lu
|-damage|p1a: Ting-Lu|49/100
|-damage|p2a: Haxorus|56/100 brn|[from] item: Life Orb
|move|p1a: Ting-Lu|Earthquake|p2a: Haxorus
|-damage|p2a: Haxorus|0 fnt
|faint|p2a: Haxorus
|
|upkeep
|
|t:|1776057434
|switch|p2a: Grimmsnarl|Grimmsnarl, M|70/100
|-damage|p2a: Grimmsnarl|58/100|[from] Stealth Rock
|turn|11
|
|t:|1776057444
|move|p2a: Grimmsnarl|Reflect|p2a: Grimmsnarl
|-sidestart|p2: Bread_qt7|Reflect
|move|p1a: Ting-Lu|Heavy Slam|p2a: Grimmsnarl
|-supereffective|p2a: Grimmsnarl
|-damage|p2a: Grimmsnarl|12/100
|
|upkeep
|turn|12
|
|t:|1776057450
|move|p2a: Grimmsnarl|Light Screen|p2a: Grimmsnarl
|-sidestart|p2: Bread_qt7|move: Light Screen
|move|p1a: Ting-Lu|Earthquake|p2a: Grimmsnarl
|-damage|p2a: Grimmsnarl|0 fnt
|faint|p2a: Grimmsnarl
|
|upkeep
|
|t:|1776057458
|switch|p2a: Tyranitar|Tyranitar, F|100/100
|-damage|p2a: Tyranitar|88/100|[from] Stealth Rock
|-weather|Sandstorm|[from] ability: Sand Stream|[of] p2a: Tyranitar
|turn|13
|
|t:|1776057467
|move|p2a: Tyranitar|Dragon Dance|p2a: Tyranitar
|-boost|p2a: Tyranitar|atk|1
|-boost|p2a: Tyranitar|spe|1
|move|p1a: Ting-Lu|Body Press|p2a: Tyranitar
|-supereffective|p2a: Tyranitar
|-damage|p2a: Tyranitar|40/100
|-enditem|p2a: Tyranitar|Weakness Policy
|-boost|p2a: Tyranitar|atk|2|[from] item: Weakness Policy
|-boost|p2a: Tyranitar|spa|2|[from] item: Weakness Policy
|
|-weather|Sandstorm|[upkeep]
|upkeep
|turn|14
|
|t:|1776057479
|move|p2a: Tyranitar|Earthquake|p1a: Ting-Lu
|-damage|p1a: Ting-Lu|2/100
|move|p1a: Ting-Lu|Body Press|p2a: Tyranitar
|-supereffective|p2a: Tyranitar
|-damage|p2a: Tyranitar|0 fnt
|faint|p2a: Tyranitar
|
|-weather|Sandstorm|[upkeep]
|upkeep
|
|t:|1776057493
|switch|p2a: Scizor|Scizor, F|100/100
|-damage|p2a: Scizor|88/100|[from] Stealth Rock
|turn|15
|
|t:|1776057501
|switch|p1a: Moltres|Moltres|50/100
|move|p2a: Scizor|Swords Dance|p2a: Scizor
|-boost|p2a: Scizor|atk|2
|
|-weather|Sandstorm|[upkeep]
|-damage|p1a: Moltres|43/100|[from] Sandstorm
|upkeep
|turn|16
|
|t:|1776057510
|move|p2a: Scizor|Bullet Punch|p1a: Moltres
|-resisted|p1a: Moltres
|-damage|p1a: Moltres|6/100
|-damage|p2a: Scizor|78/100|[from] item: Life Orb
|move|p1a: Moltres|Roost|p1a: Moltres
|-heal|p1a: Moltres|56/100
|-singleturn|p1a: Moltres|move: Roost
|
|-weather|Sandstorm|[upkeep]
|-damage|p1a: Moltres|50/100|[from] Sandstorm
|upkeep
|turn|17
|
|t:|1776057525
|move|p1a: Moltres|Flamethrower|p2a: Scizor
|-supereffective|p2a: Scizor
|-damage|p2a: Scizor|0 fnt
|faint|p2a: Scizor
|
|-weather|none
|upkeep
|
|t:|1776057532
|switch|p2a: Blaziken|Blaziken, M, shiny|100/100
|-damage|p2a: Blaziken|88/100|[from] Stealth Rock
|turn|18
|
|t:|1776057540
|move|p1a: Moltres|U-turn|p2a: Blaziken
|-resisted|p2a: Blaziken
|-damage|p2a: Blaziken|86/100
|
|t:|1776057543
|switch|p1a: Dondozo|Dondozo, F|100/100|[from] U-turn
|move|p2a: Blaziken|Thunder Punch|p1a: Dondozo
|-supereffective|p1a: Dondozo
|-damage|p1a: Dondozo|53/100
|-damage|p2a: Blaziken|76/100|[from] item: Life Orb
|
|-heal|p1a: Dondozo|59/100|[from] item: Leftovers
|-sideend|p2: Bread_qt7|Reflect
|-ability|p2a: Blaziken|Speed Boost|boost
|-boost|p2a: Blaziken|spe|1
|upkeep
|turn|19
|inactive|Noodlezzzzzzzz has 120 seconds left.
|
|t:|1776057576
|switch|p1a: Moltres|Moltres|50/100
|move|p2a: Blaziken|Close Combat|p1a: Moltres
|-resisted|p1a: Moltres
|-damage|p1a: Moltres|18/100
|-unboost|p2a: Blaziken|def|1
|-unboost|p2a: Blaziken|spd|1
|-damage|p2a: Blaziken|66/100|[from] item: Life Orb
|
|-sideend|p2: Bread_qt7|move: Light Screen
|-ability|p2a: Blaziken|Speed Boost|boost
|-boost|p2a: Blaziken|spe|1
|upkeep
|turn|20
|inactive|Noodlezzzzzzzz has 120 seconds left.
|
|t:|1776057589
|switch|p1a: Ting-Lu|Ting-Lu|2/100
|-ability|p1a: Ting-Lu|Vessel of Ruin
|move|p2a: Blaziken|Thunder Punch|p1a: Ting-Lu
|-immune|p1a: Ting-Lu
|
|-ability|p2a: Blaziken|Speed Boost|boost
|-boost|p2a: Blaziken|spe|1
|upkeep
|turn|21
|inactive|Noodlezzzzzzzz has 120 seconds left.
|
|t:|1776057623
|switch|p1a: Moltres|Moltres|18/100
|move|p2a: Blaziken|Close Combat|p1a: Moltres
|-resisted|p1a: Moltres
|-crit|p1a: Moltres
|-damage|p1a: Moltres|0 fnt
|-unboost|p2a: Blaziken|def|1
|-unboost|p2a: Blaziken|spd|1
|faint|p1a: Moltres
|-damage|p2a: Blaziken|56/100|[from] item: Life Orb
|
|-ability|p2a: Blaziken|Speed Boost|boost
|-boost|p2a: Blaziken|spe|1
|upkeep
|inactive|Noodlezzzzzzzz has 90 seconds left.
|
|t:|1776057639
|switch|p1a: Ting-Lu|Ting-Lu|2/100
|-ability|p1a: Ting-Lu|Vessel of Ruin
|turn|22
|
|t:|1776057650
|move|p2a: Blaziken|Close Combat|p1a: Ting-Lu
|-supereffective|p1a: Ting-Lu
|-damage|p1a: Ting-Lu|0 fnt
|-unboost|p2a: Blaziken|def|1
|-unboost|p2a: Blaziken|spd|1
|faint|p1a: Ting-Lu
|-damage|p2a: Blaziken|46/100|[from] item: Life Orb
|
|-ability|p2a: Blaziken|Speed Boost|boost
|-boost|p2a: Blaziken|spe|1
|upkeep
|
|t:|1776057662
|switch|p1a: Dondozo|Dondozo, F|59/100
|turn|23
|
|t:|1776057669
|move|p2a: Blaziken|Close Combat|p1a: Dondozo
|-damage|p1a: Dondozo|10/100
|-unboost|p2a: Blaziken|def|1
|-unboost|p2a: Blaziken|spd|1
|-damage|p2a: Blaziken|36/100|[from] item: Life Orb
|move|p1a: Dondozo|Wave Crash|p2a: Blaziken
|-supereffective|p2a: Blaziken
|-damage|p2a: Blaziken|0 fnt
|faint|p2a: Blaziken
|-damage|p1a: Dondozo|3/100|[from] Recoil
|
|win|Noodlezzzzzzzz
|raw|Noodlezzzzzzzz's rating: 1187 &rarr; <strong>1211</strong><br />(+24 for winning)
|raw|Bread_qt7's rating: 1177 &rarr; <strong>1153</strong><br />(-24 for losing)
|l|☆Noodlezzzzzzzz
|player|p1|
|l|☆Bread_qt7
|player|p2|
