|html|<div class="broadcast-blue"><strong>[Gen 9] OU is currently suspecting Tera Blast! For information on how to participate check out the <a href="https://www.smogon.com/tools/suspects/view/200">suspect thread</a>.</strong></div>
|j|☆Dmytro Drakovic
|j|☆Shusam
|t:|1776038773
|gametype|singles
|player|p1|Dmytro Drakovic|lance|1195
|player|p2|Shusam|101|1152
|gen|9
|tier|[Gen 9] OU
|rated|
|rule|HP Percentage Mod: HP is shown in percentages
|rule|Endless Battle Clause: Forcing endless battles is banned
|rule|Species Clause: Limit one of each Pokémon
|rule|OHKO Clause: OHKO moves are banned
|rule|Evasion Items Clause: Evasion items are banned
|rule|Evasion Moves Clause: Evasion moves are banned
|rule|Evasion Abilities Clause: Evasion abilities are banned
|rule|Sleep Moves Clause: Sleep-inducing moves are banned
|clearpoke
|poke|p1|Staraptor, F|
|poke|p1|Hydreigon, F|
|poke|p1|Gengar, M|
|poke|p1|Delphox, M|
|poke|p1|Serperior, M|
|poke|p1|Bisharp, F|
|poke|p2|Tyranitar, F|
|poke|p2|Skeledirge, F|
|poke|p2|Great Tusk|
|poke|p2|Goodra, M|
|poke|p2|Gastrodon, F|
|poke|p2|Clefable, F|
|teampreview
|inactive|Battle timer is ON: inactive players will automatically lose when time's up. (requested by Dmytro Drakovic)
|
|t:|1776038784
|teamsize|p1|6
|teamsize|p2|6
|start
|switch|p1a: Serperior|Serperior, M|100/100
|switch|p2a: Gastrodon|Gastrodon, F|100/100
|turn|1
|
|t:|1776038795
|switch|p2a: Skeledirge|Skeledirge, F|100/100
|move|p1a: Serperior|Leaf Storm|p2a: Skeledirge
|-resisted|p2a: Skeledirge
|-damage|p2a: Skeledirge|77/100
|-boost|p1a: Serperior|spa|2
|
|upkeep
|turn|2
|
|t:|1776038802
|-terastallize|p1a: Serperior|Rock
|move|p1a: Serperior|Dragon Pulse|p2a: Skeledirge
|-damage|p2a: Skeledirge|35/100
|move|p2a: Skeledirge|Torch Song|p1a: Serperior
|-resisted|p1a: Serperior
|-damage|p1a: Serperior|80/100
|-boost|p2a: Skeledirge|spa|1
|-enditem|p2a: Skeledirge|Throat Spray
|-boost|p2a: Skeledirge|spa|1|[from] item: Throat Spray
|
|upkeep
|turn|3
|
|t:|1776038815
|move|p1a: Serperior|Light Screen|p1a: Serperior
|-sidestart|p1: Dmytro Drakovic|move: Light Screen
|move|p2a: Skeledirge|Earth Power|p1a: Serperior
|-supereffective|p1a: Serperior
|-damage|p1a: Serperior|17/100
|-enditem|p1a: Serperior|Sitrus Berry|[eat]
|-heal|p1a: Serperior|42/100|[from] item: Sitrus Berry
|
|upkeep
|turn|4
|
|t:|1776038829
|switch|p2a: Clefable|Clefable, F|100/100
|move|p1a: Serperior|Dragon Pulse|p2a: Clefable
|-immune|p2a: Clefable
|
|upkeep
|turn|5
|
|t:|1776038837
|move|p1a: Serperior|Leaf Storm|p2a: Clefable
|-damage|p2a: Clefable|70/100
|-boost|p1a: Serperior|spa|2
|move|p2a: Clefable|Ice Beam|p1a: Serperior
|-damage|p1a: Serperior|31/100
|-status|p1a: Serperior|frz
|
|-heal|p2a: Clefable|76/100|[from] item: Leftovers
|upkeep
|turn|6
|
|t:|1776038849
|switch|p1a: Delphox|Delphox, M|100/100
|move|p2a: Clefable|Calm Mind|p2a: Clefable
|-boost|p2a: Clefable|spa|1
|-boost|p2a: Clefable|spd|1
|
|-heal|p2a: Clefable|82/100|[from] item: Leftovers
|upkeep
|turn|7
|
|t:|1776038861
|move|p1a: Delphox|Encore|p2a: Clefable
|-start|p2a: Clefable|Encore
|move|p2a: Clefable|Calm Mind|p2a: Clefable
|-boost|p2a: Clefable|spa|1
|-boost|p2a: Clefable|spd|1
|
|-heal|p2a: Clefable|88/100|[from] item: Leftovers
|-sideend|p1: Dmytro Drakovic|move: Light Screen
|upkeep
|turn|8
|
|t:|1776038873
|switch|p1a: Staraptor|Staraptor, F|100/100
|switch|p2a: Tyranitar|Tyranitar, F|100/100
|-weather|Sandstorm|[from] ability: Sand Stream|[of] p2a: Tyranitar
|-item|p2a: Tyranitar|Air Balloon
|
|-weather|Sandstorm|[upkeep]
|-damage|p1a: Staraptor|94/100|[from] Sandstorm
|upkeep
|turn|9
|
|t:|1776038889
|move|p1a: Staraptor|Brave Bird|p2a: Tyranitar
|-resisted|p2a: Tyranitar
|-damage|p2a: Tyranitar|56/100
|-enditem|p2a: Tyranitar|Air Balloon
|-damage|p1a: Staraptor|78/100|[from] Recoil
|-damage|p1a: Staraptor|68/100|[from] item: Life Orb
|move|p2a: Tyranitar|Dragon Dance|p2a: Tyranitar
|-boost|p2a: Tyranitar|atk|1
|-boost|p2a: Tyranitar|spe|1
|
|-weather|Sandstorm|[upkeep]
|-damage|p1a: Staraptor|62/100|[from] Sandstorm
|upkeep
|turn|10
|
|t:|1776038901
|move|p2a: Tyranitar|Knock Off|p1a: Staraptor
|-damage|p1a: Staraptor|0 fnt
|-enditem|p1a: Staraptor|Life Orb|[from] move: Knock Off|[of] p2a: Tyranitar
|faint|p1a: Staraptor
|
|-weather|Sandstorm|[upkeep]
|upkeep
|
|t:|1776038909
|switch|p1a: Gengar|Gengar, M|100/100
|turn|11
|
|t:|1776038915
|move|p1a: Gengar|Sludge Wave|p2a: Tyranitar
|-resisted|p2a: Tyranitar
|-damage|p2a: Tyranitar|38/100
|move|p2a: Tyranitar|Knock Off|p1a: Gengar
|-supereffective|p1a: Gengar
|-enditem|p1a: Gengar|Focus Sash
|-damage|p1a: Gengar|1/100
|
|-weather|Sandstorm|[upkeep]
|-damage|p1a: Gengar|0 fnt|[from] Sandstorm
|faint|p1a: Gengar
|upkeep
|
|t:|1776038924
|switch|p1a: Hydreigon|Hydreigon, F, shiny|100/100
|turn|12
|
|t:|1776038931
|move|p2a: Tyranitar|Earthquake|p1a: Hydreigon
|-immune|p1a: Hydreigon|[from] ability: Levitate
|move|p1a: Hydreigon|Focus Blast|p2a: Tyranitar|[miss]
|-miss|p1a: Hydreigon|p2a: Tyranitar
|
|-weather|none
|upkeep
|turn|13
|
|t:|1776038949
|switch|p2a: Skeledirge|Skeledirge, F|35/100
|move|p1a: Hydreigon|Focus Blast|p2a: Skeledirge
|-immune|p2a: Skeledirge
|
|upkeep
|turn|14
|
|t:|1776038955
|move|p1a: Hydreigon|Dark Pulse|p2a: Skeledirge
|-supereffective|p2a: Skeledirge
|-damage|p2a: Skeledirge|0 fnt
|faint|p2a: Skeledirge
|
|upkeep
|
|t:|1776038961
|switch|p2a: Clefable|Clefable, F|88/100
|turn|15
|
|t:|1776038967
|switch|p1a: Delphox|Delphox, M|100/100
|move|p2a: Clefable|Ice Beam|p1a: Delphox
|-resisted|p1a: Delphox
|-damage|p1a: Delphox|88/100
|
|-heal|p2a: Clefable|94/100|[from] item: Leftovers
|upkeep
|turn|16
|
|t:|1776038974
|move|p1a: Delphox|Trick|p2a: Clefable
|-activate|p1a: Delphox|move: Trick|[of] p2a: Clefable
|-item|p2a: Clefable|Choice Scarf|[from] move: Trick
|-item|p1a: Delphox|Leftovers|[from] move: Trick
|move|p2a: Clefable|Thunder Wave|p1a: Delphox
|-status|p1a: Delphox|par
|
|-heal|p1a: Delphox|94/100 par|[from] item: Leftovers
|upkeep
|turn|17
|
|t:|1776038988
|switch|p2a: Gastrodon|Gastrodon, F|100/100
|switch|p1a: Bisharp|Bisharp, F|100/100
|
|upkeep
|turn|18
|
|t:|1776038995
|switch|p1a: Hydreigon|Hydreigon, F, shiny|100/100
|move|p2a: Gastrodon|Earth Power|p1a: Hydreigon
|-immune|p1a: Hydreigon|[from] ability: Levitate
|
|upkeep
|turn|19
|
|t:|1776039007
|switch|p1a: Delphox|Delphox, M|94/100 par
|switch|p2a: Clefable|Clefable, F|94/100
|
|-heal|p1a: Delphox|100/100 par|[from] item: Leftovers
|upkeep
|turn|20
|
|t:|1776039019
|switch|p2a: Tyranitar|Tyranitar, F|38/100
|-weather|Sandstorm|[from] ability: Sand Stream|[of] p2a: Tyranitar
|cant|p1a: Delphox|par
|
|-weather|Sandstorm|[upkeep]
|-damage|p1a: Delphox|94/100 par|[from] Sandstorm
|-heal|p1a: Delphox|100/100 par|[from] item: Leftovers
|upkeep
|turn|21
|
|t:|1776039031
|move|p2a: Tyranitar|Dragon Dance|p2a: Tyranitar
|-boost|p2a: Tyranitar|atk|1
|-boost|p2a: Tyranitar|spe|1
|cant|p1a: Delphox|par
|
|-weather|Sandstorm|[upkeep]
|-damage|p1a: Delphox|94/100 par|[from] Sandstorm
|-heal|p1a: Delphox|100/100 par|[from] item: Leftovers
|upkeep
|turn|22
|
|t:|1776039039
|move|p2a: Tyranitar|Knock Off|p1a: Delphox
|-supereffective|p1a: Delphox
|-damage|p1a: Delphox|0 fnt
|-enditem|p1a: Delphox|Leftovers|[from] move: Knock Off|[of] p2a: Tyranitar
|faint|p1a: Delphox
|
|-weather|Sandstorm|[upkeep]
|upkeep
|
|t:|1776039043
|switch|p1a: Hydreigon|Hydreigon, F, shiny|100/100
|turn|23
|
|t:|1776039049
|move|p2a: Tyranitar|Knock Off|p1a: Hydreigon
|-resisted|p1a: Hydreigon
|-damage|p1a: Hydreigon|52/100
|-enditem|p1a: Hydreigon|Assault Vest|[from] move: Knock Off|[of] p2a: Tyranitar
|move|p1a: Hydreigon|Focus Blast|p2a: Tyranitar
|-supereffective|p2a: Tyranitar
|-damage|p2a: Tyranitar|0 fnt
|faint|p2a: Tyranitar
|
|-weather|Sandstorm|[upkeep]
|-damage|p1a: Hydreigon|46/100|[from] Sandstorm
|upkeep
|
|t:|1776039061
|switch|p2a: Clefable|Clefable, F|94/100
|turn|24
|
|t:|1776039066
|switch|p1a: Serperior|Serperior, M, tera:Rock|31/100 frz
|move|p2a: Clefable|Calm Mind|p2a: Clefable
|-boost|p2a: Clefable|spa|1
|-boost|p2a: Clefable|spd|1
|
|-weather|none
|upkeep
|turn|25
|
|t:|1776039079
|switch|p2a: Goodra|Goodra, M|100/100
|cant|p1a: Serperior|frz
|
|upkeep
|turn|26
|
|t:|1776039086
|switch|p1a: Hydreigon|Hydreigon, F, shiny|46/100
|move|p2a: Goodra|Draco Meteor|p1a: Hydreigon
|-supereffective|p1a: Hydreigon
|-damage|p1a: Hydreigon|0 fnt
|-unboost|p2a: Goodra|spa|2
|faint|p1a: Hydreigon
|
|upkeep
|
|t:|1776039091
|switch|p1a: Bisharp|Bisharp, F|100/100
|turn|27
|
|t:|1776039100
|move|p2a: Goodra|Draco Meteor|p1a: Bisharp
|-resisted|p1a: Bisharp
|-damage|p1a: Bisharp|90/100
|-unboost|p2a: Goodra|spa|2
|move|p1a: Bisharp|Swords Dance|p1a: Bisharp
|-boost|p1a: Bisharp|atk|2
|
|upkeep
|turn|28
|
|t:|1776039108
|switch|p2a: Great Tusk|Great Tusk|100/100
|-enditem|p2a: Great Tusk|Booster Energy
|-activate|p2a: Great Tusk|ability: Protosynthesis|[fromitem]
|-start|p2a: Great Tusk|protosynthesisatk
|move|p1a: Bisharp|Substitute|p1a: Bisharp
|-start|p1a: Bisharp|Substitute
|-damage|p1a: Bisharp|65/100
|
|upkeep
|turn|29
|
|t:|1776039116
|move|p2a: Great Tusk|Close Combat|p1a: Bisharp
|-supereffective|p1a: Bisharp
|-end|p1a: Bisharp|Substitute
|-unboost|p2a: Great Tusk|def|1
|-unboost|p2a: Great Tusk|spd|1
|move|p1a: Bisharp|Iron Head|p2a: Great Tusk
|-damage|p2a: Great Tusk|7/100
|
|upkeep
|turn|30
|
|t:|1776039127
|move|p1a: Bisharp|Sucker Punch|p2a: Great Tusk
|-resisted|p2a: Great Tusk
|-damage|p2a: Great Tusk|0 fnt
|faint|p2a: Great Tusk
|-end|p2a: Great Tusk|Protosynthesis|[silent]
|
|upkeep
|
|t:|1776039136
|switch|p2a: Clefable|Clefable, F|94/100
|turn|31
|
|t:|1776039144
|move|p2a: Clefable|Moonblast|p1a: Bisharp
|-damage|p1a: Bisharp|34/100
|-unboost|p1a: Bisharp|spa|1
|-ability|p1a: Bisharp|Defiant|boost
|-boost|p1a: Bisharp|atk|2
|move|p1a: Bisharp|Substitute|p1a: Bisharp
|-start|p1a: Bisharp|Substitute
|-damage|p1a: Bisharp|9/100
|
|upkeep
|turn|32
|
|t:|1776039154
|move|p2a: Clefable|Moonblast|p1a: Bisharp
|-end|p1a: Bisharp|Substitute
|move|p1a: Bisharp|Iron Head|p2a: Clefable
|-supereffective|p2a: Clefable
|-damage|p2a: Clefable|0 fnt
|faint|p2a: Clefable
|
|upkeep
|
|t:|1776039163
|switch|p2a: Gastrodon|Gastrodon, F|100/100
|turn|33
|
|t:|1776039176
|move|p1a: Bisharp|Sucker Punch|p2a: Gastrodon
|-damage|p2a: Gastrodon|0 fnt
|faint|p2a: Gastrodon
|
|upkeep
|
|t:|1776039180
|switch|p2a: Goodra|Goodra, M|100/100
|turn|34
|
|t:|1776039184
|-terastallize|p2a: Goodra|Steel
|move|p1a: Bisharp|Sucker Punch|p2a: Goodra
|-damage|p2a: Goodra|0 fnt
|-ability|p2a: Goodra|Gooey
|-unboost|p1a: Bisharp|spe|1
|-ability|p1a: Bisharp|Defiant|boost
|-boost|p1a: Bisharp|atk|2
|faint|p2a: Goodra
|
|win|Dmytro Drakovic
|raw|Dmytro Drakovic's rating: 1195 &rarr; <strong>1217</strong><br />(+22 for winning)
|raw|Shusam's rating: 1152 &rarr; <strong>1130</strong><br />(-22 for losing)
|l|☆Dmytro Drakovic
|player|p1|
|l|☆Shusam
|player|p2|
