|html|<div class="broadcast-blue"><strong>[Gen 9] OU is currently suspecting Volcarona! For information on how to participate check out the <a href="https://www.smogon.com/tools/suspects/view/208">suspect thread</a>.</strong></div>
|j|☆barrythebestrival
|j|☆KenjiShiguma
|t:|1778505147
|gametype|singles
|player|p1|barrythebestrival|101|1141
|player|p2|KenjiShiguma|pokemonbreeder-gen4|1180
|gen|9
|tier|[Gen 9] OU
|rated|
|rule|HP Percentage Mod: HP is shown in percentages
|rule|Endless Battle Clause: Forcing endless battles is banned
|rule|Species Clause: Limit one of each Pokémon
|rule|OHKO Clause: OHKO moves are banned
|rule|Evasion Items Clause: Evasion items are banned
|rule|Evasion Moves Clause: Evasion moves are banned
|rule|Evasion Abilities Clause: Evasion abilities are banned
|rule|Sleep Moves Clause: Sleep-inducing moves are banned
|clearpoke
|poke|p1|Ceruledge, F|
|poke|p1|Indeedee-F, F|
|poke|p1|Forretress, M|
|poke|p1|Corviknight, M|
|poke|p1|Barraskewda, F|
|poke|p1|Pelipper, M|
|poke|p2|Exeggutor, M|
|poke|p2|Torkoal, M|
|poke|p2|Farigiraf, F|
|poke|p2|Primeape, M|
|poke|p2|Furret, F|
|poke|p2|Skuntank, F|
|teampreview
|inactive|Battle timer is ON: inactive players will automatically lose when time's up. (requested by barrythebestrival)
|
|t:|1778505154
|teamsize|p1|6
|teamsize|p2|6
|start
|switch|p1a: Forretress|Forretress, M|100/100
|switch|p2a: Furret|Furret, F|100/100
|-item|p1a: Forretress|Rocky Helmet|[from] ability: Frisk|[of] p2a: Furret
|turn|1
|
|t:|1778505166
|move|p2a: Furret|Trick|p1a: Forretress
|-activate|p2a: Furret|move: Trick|[of] p1a: Forretress
|-item|p1a: Forretress|Choice Scarf|[from] move: Trick
|-item|p2a: Furret|Rocky Helmet|[from] move: Trick
|move|p1a: Forretress|Stealth Rock|p2a: Furret
|-sidestart|p2: KenjiShiguma|move: Stealth Rock
|
|upkeep
|turn|2
|
|t:|1778505175
|move|p2a: Furret|Tidy Up|p2a: Furret
|-sideend|p2: KenjiShiguma|Stealth Rock
|-activate|p2a: Furret|move: Tidy Up
|-boost|p2a: Furret|atk|1
|-boost|p2a: Furret|spe|1
|move|p1a: Forretress|Stealth Rock|p2a: Furret
|-sidestart|p2: KenjiShiguma|move: Stealth Rock
|
|upkeep
|turn|3
|
|t:|1778505181
|switch|p1a: Pelipper|Pelipper, M|100/100
|-weather|RainDance|[from] ability: Drizzle|[of] p1a: Pelipper
|move|p2a: Furret|Tidy Up|p2a: Furret
|-sideend|p2: KenjiShiguma|Stealth Rock
|-activate|p2a: Furret|move: Tidy Up
|-boost|p2a: Furret|atk|1
|-boost|p2a: Furret|spe|1
|
|-weather|RainDance|[upkeep]
|upkeep
|turn|4
|
|t:|1778505193
|move|p2a: Furret|Super Fang|p1a: Pelipper
|-damage|p1a: Pelipper|51/100
|move|p1a: Pelipper|Hurricane|p2a: Furret
|-damage|p2a: Furret|31/100
|
|-weather|RainDance|[upkeep]
|upkeep
|turn|5
|
|t:|1778505200
|move|p2a: Furret|U-turn|p1a: Pelipper
|-resisted|p1a: Pelipper
|-damage|p1a: Pelipper|36/100
|
|t:|1778505204
|switch|p2a: Farigiraf|Farigiraf, F|100/100|[from] U-turn
|move|p1a: Pelipper|Hurricane|p2a: Farigiraf
|-damage|p2a: Farigiraf|66/100
|
|-weather|RainDance|[upkeep]
|upkeep
|turn|6
|
|t:|1778505212
|move|p1a: Pelipper|Roost|p1a: Pelipper
|-heal|p1a: Pelipper|87/100
|-singleturn|p1a: Pelipper|move: Roost
|move|p2a: Farigiraf|Trick Room|p2a: Farigiraf
|-fieldstart|move: Trick Room|[of] p2a: Farigiraf
|
|-weather|RainDance|[upkeep]
|upkeep
|turn|7
|
|t:|1778505221
|move|p2a: Farigiraf|Wish|p2a: Farigiraf
|move|p1a: Pelipper|Hydro Pump|p2a: Farigiraf|[miss]
|-miss|p1a: Pelipper|p2a: Farigiraf
|
|-weather|RainDance|[upkeep]
|upkeep
|turn|8
|
|t:|1778505227
|move|p1a: Pelipper|Hydro Pump|p2a: Farigiraf
|-damage|p2a: Farigiraf|14/100
|move|p2a: Farigiraf|Mirror Coat|p1a: Pelipper
|-damage|p1a: Pelipper|0 fnt
|faint|p1a: Pelipper
|
|-weather|RainDance|[upkeep]
|-heal|p2a: Farigiraf|64/100|[from] move: Wish|[wisher] Farigiraf
|upkeep
|
|t:|1778505235
|switch|p1a: Indeedee|Indeedee-F, F|100/100
|-fieldstart|move: Psychic Terrain|[from] ability: Psychic Surge|[of] p1a: Indeedee
|turn|9
|
|t:|1778505241
|move|p1a: Indeedee|Substitute|p1a: Indeedee
|-start|p1a: Indeedee|Substitute
|-damage|p1a: Indeedee|76/100
|move|p2a: Farigiraf|Mirror Coat||[still]
|-fail|p2a: Farigiraf
|
|-weather|RainDance|[upkeep]
|upkeep
|turn|10
|
|t:|1778505249
|move|p2a: Farigiraf|Psychic Noise|p1a: Indeedee
|-resisted|p1a: Indeedee
|-damage|p1a: Indeedee|59/100
|-start|p1a: Indeedee|move: Heal Block
|move|p1a: Indeedee|Metronome|p1a: Indeedee
|move|p1a: Indeedee|Strength|p2a: Farigiraf|[from] move: Metronome
|-damage|p2a: Farigiraf|45/100
|
|-weather|none
|-fieldend|move: Trick Room
|upkeep
|turn|11
|
|t:|1778505261
|move|p1a: Indeedee|Metronome|p1a: Indeedee
|move|p1a: Indeedee|Disarming Voice|p2a: Farigiraf|[from] move: Metronome
|-damage|p2a: Farigiraf|37/100
|move|p2a: Farigiraf|Wish|p2a: Farigiraf
|
|-end|p1a: Indeedee|move: Heal Block
|upkeep
|turn|12
|
|t:|1778505270
|move|p1a: Indeedee|Metronome|p1a: Indeedee
|move|p1a: Indeedee|Knock Off|p2a: Farigiraf|[from] move: Metronome
|-supereffective|p2a: Farigiraf
|-damage|p2a: Farigiraf|8/100
|-enditem|p2a: Farigiraf|Enigma Berry|[eat]
|-heal|p2a: Farigiraf|33/100|[from] item: Enigma Berry|[of] p1a: Indeedee
|move|p2a: Farigiraf|Trick Room|p2a: Farigiraf
|-fieldstart|move: Trick Room|[of] p2a: Farigiraf
|
|-heal|p2a: Farigiraf|83/100|[from] move: Wish|[wisher] Farigiraf
|upkeep
|turn|13
|
|t:|1778505283
|move|p2a: Farigiraf|Wish|p2a: Farigiraf
|move|p1a: Indeedee|Metronome|p1a: Indeedee
|move|p1a: Indeedee|Acrobatics|p2a: Farigiraf|[from] move: Metronome
|-damage|p2a: Farigiraf|75/100
|
|upkeep
|turn|14
|
|t:|1778505290
|switch|p2a: Furret|Furret, F|31/100
|-item|p1a: Indeedee|Terrain Extender|[from] ability: Frisk|[of] p2a: Furret
|move|p1a: Indeedee|Metronome|p1a: Indeedee
|move|p1a: Indeedee|Teleport|p1a: Indeedee|[from] move: Metronome
|
|t:|1778505302
|switch|p1a: Forretress|Forretress, M|100/100|[from] Teleport
|
|-heal|p2a: Furret|91/100|[from] move: Wish|[wisher] Farigiraf
|upkeep
|turn|15
|c|☆KenjiShiguma|LOL what
|
|t:|1778505311
|move|p1a: Forretress|Stealth Rock|p2a: Furret
|-sidestart|p2: KenjiShiguma|move: Stealth Rock
|move|p2a: Furret|Super Fang|p1a: Forretress
|-damage|p1a: Forretress|50/100
|
|upkeep
|turn|16
|
|t:|1778505317
|move|p1a: Forretress|Stealth Rock||[still]
|-fail|p1a: Forretress
|move|p2a: Furret|Tidy Up|p2a: Furret
|-sideend|p2: KenjiShiguma|Stealth Rock
|-activate|p2a: Furret|move: Tidy Up
|-boost|p2a: Furret|atk|1
|-boost|p2a: Furret|spe|1
|
|-fieldend|move: Trick Room
|-fieldend|move: Psychic Terrain
|upkeep
|turn|17
|
|t:|1778505327
|move|p2a: Furret|U-turn|p1a: Forretress
|-resisted|p1a: Forretress
|-damage|p1a: Forretress|46/100
|
|t:|1778505330
|switch|p2a: Torkoal|Torkoal, M|100/100|[from] U-turn
|-weather|SunnyDay|[from] ability: Drought|[of] p2a: Torkoal
|move|p1a: Forretress|Stealth Rock|p2a: Torkoal
|-sidestart|p2: KenjiShiguma|move: Stealth Rock
|
|-weather|SunnyDay|[upkeep]
|upkeep
|turn|18
|
|t:|1778505346
|move|p1a: Forretress|Stealth Rock||[still]
|-fail|p1a: Forretress
|move|p2a: Torkoal|Eruption|p1a: Forretress
|-supereffective|p1a: Forretress
|-damage|p1a: Forretress|0 fnt
|faint|p1a: Forretress
|
|-weather|SunnyDay|[upkeep]
|upkeep
|
|t:|1778505352
|switch|p1a: Ceruledge|Ceruledge, F|100/100
|turn|19
|
|t:|1778505367
|switch|p2a: Skuntank|Skuntank, F|100/100
|-damage|p2a: Skuntank|88/100|[from] Stealth Rock
|move|p1a: Ceruledge|Swords Dance|p1a: Ceruledge
|-boost|p1a: Ceruledge|atk|2
|
|-weather|SunnyDay|[upkeep]
|upkeep
|turn|20
|
|t:|1778505376
|move|p2a: Skuntank|Endure|p2a: Skuntank
|-singleturn|p2a: Skuntank|move: Endure
|move|p1a: Ceruledge|Bitter Blade|p2a: Skuntank
|-activate|p2a: Skuntank|move: Endure
|-damage|p2a: Skuntank|1/100
|-damage|p1a: Ceruledge|84/100|[from] item: Rocky Helmet|[of] p2a: Skuntank
|
|-weather|SunnyDay|[upkeep]
|upkeep
|turn|21
|
|t:|1778505385
|move|p1a: Ceruledge|Shadow Sneak|p2a: Skuntank
|-resisted|p2a: Skuntank
|-damage|p2a: Skuntank|0 fnt
|-damage|p1a: Ceruledge|59/100|[from] ability: Aftermath|[of] p2a: Skuntank
|-damage|p1a: Ceruledge|43/100|[from] item: Rocky Helmet|[of] p2a: Skuntank
|faint|p2a: Skuntank
|
|-weather|none
|upkeep
|
|t:|1778505393
|switch|p2a: Torkoal|Torkoal, M|100/100
|-damage|p2a: Torkoal|76/100|[from] Stealth Rock
|-weather|SunnyDay|[from] ability: Drought|[of] p2a: Torkoal
|turn|22
|
|t:|1778505398
|move|p1a: Ceruledge|Poltergeist|p2a: Torkoal
|-activate|p2a: Torkoal|move: Poltergeist|Choice Specs
|-damage|p2a: Torkoal|0 fnt
|faint|p2a: Torkoal
|
|-weather|SunnyDay|[upkeep]
|upkeep
|
|t:|1778505418
|switch|p2a: Primeape|Primeape, M|100/100
|-damage|p2a: Primeape|94/100|[from] Stealth Rock
|turn|23
|
|t:|1778505425
|move|p1a: Ceruledge|Bitter Blade|p2a: Primeape
|-damage|p2a: Primeape|0 fnt
|-heal|p1a: Ceruledge|87/100|[from] drain|[of] p2a: Primeape
|faint|p2a: Primeape
|
|-weather|SunnyDay|[upkeep]
|upkeep
|
|t:|1778505436
|switch|p2a: Exeggutor|Exeggutor, M|100/100
|-damage|p2a: Exeggutor|88/100|[from] Stealth Rock
|turn|24
|
|t:|1778505441
|-terastallize|p2a: Exeggutor|Water
|move|p1a: Ceruledge|Bitter Blade|p2a: Exeggutor
|-resisted|p2a: Exeggutor
|-damage|p2a: Exeggutor|19/100
|-heal|p1a: Ceruledge|100/100|[from] drain|[of] p2a: Exeggutor
|-enditem|p2a: Exeggutor|Sitrus Berry|[eat]
|-heal|p2a: Exeggutor|44/100|[from] item: Sitrus Berry
|move|p2a: Exeggutor|Trick Room|p2a: Exeggutor
|-fieldstart|move: Trick Room|[of] p2a: Exeggutor
|
|-weather|SunnyDay|[upkeep]
|-item|p2a: Exeggutor|Sitrus Berry|[from] ability: Harvest
|upkeep
|-enditem|p2a: Exeggutor|Sitrus Berry|[eat]
|-heal|p2a: Exeggutor|69/100|[from] item: Sitrus Berry
|turn|25
|
|t:|1778505459
|-terastallize|p1a: Ceruledge|Dark
|move|p2a: Exeggutor|Giga Drain|p1a: Ceruledge
|-damage|p1a: Ceruledge|51/100
|-heal|p2a: Exeggutor|87/100|[from] drain|[of] p1a: Ceruledge
|move|p1a: Ceruledge|Poltergeist||[still]
|-fail|p1a: Ceruledge
|
|-weather|SunnyDay|[upkeep]
|-item|p2a: Exeggutor|Sitrus Berry|[from] ability: Harvest
|upkeep
|turn|26
|
|t:|1778505479
|move|p2a: Exeggutor|Giga Drain|p1a: Ceruledge
|-damage|p1a: Ceruledge|0 fnt
|-heal|p2a: Exeggutor|100/100|[from] drain|[of] p1a: Ceruledge
|faint|p1a: Ceruledge
|
|-weather|none
|upkeep
|
|t:|1778505483
|switch|p1a: Indeedee|Indeedee-F, F|59/100
|-fieldstart|move: Psychic Terrain|[from] ability: Psychic Surge|[of] p1a: Indeedee
|turn|27
|
|t:|1778505489
|move|p2a: Exeggutor|Growth|p2a: Exeggutor
|-boost|p2a: Exeggutor|atk|1
|-boost|p2a: Exeggutor|spa|1
|move|p1a: Indeedee|Substitute|p1a: Indeedee
|-start|p1a: Indeedee|Substitute
|-damage|p1a: Indeedee|34/100
|
|upkeep
|turn|28
|
|t:|1778505495
|move|p2a: Exeggutor|Growth|p2a: Exeggutor
|-boost|p2a: Exeggutor|atk|1
|-boost|p2a: Exeggutor|spa|1
|move|p1a: Indeedee|Metronome|p1a: Indeedee
|move|p1a: Indeedee|Water Gun|p2a: Exeggutor|[from] move: Metronome
|-resisted|p2a: Exeggutor
|-damage|p2a: Exeggutor|95/100
|
|-fieldend|move: Trick Room
|upkeep
|turn|29
|
|t:|1778505506
|move|p1a: Indeedee|Metronome|p1a: Indeedee
|move|p1a: Indeedee|Drill Run|p2a: Exeggutor|[from] move: Metronome
|-damage|p2a: Exeggutor|84/100
|move|p2a: Exeggutor|Growth|p2a: Exeggutor
|-boost|p2a: Exeggutor|atk|1
|-boost|p2a: Exeggutor|spa|1
|
|upkeep
|turn|30
|
|t:|1778505514
|move|p1a: Indeedee|Metronome|p1a: Indeedee
|move|p1a: Indeedee|Blast Burn|p2a: Exeggutor|[from] move: Metronome
|-resisted|p2a: Exeggutor
|-damage|p2a: Exeggutor|63/100
|-mustrecharge|p1a: Indeedee
|move|p2a: Exeggutor|Growth|p2a: Exeggutor
|-boost|p2a: Exeggutor|atk|1
|-boost|p2a: Exeggutor|spa|1
|
|upkeep
|turn|31
|
|t:|1778505522
|cant|p1a: Indeedee|recharge
|move|p2a: Exeggutor|Growth|p2a: Exeggutor
|-boost|p2a: Exeggutor|atk|1
|-boost|p2a: Exeggutor|spa|1
|
|upkeep
|turn|32
|
|t:|1778505530
|move|p1a: Indeedee|Metronome|p1a: Indeedee
|move|p1a: Indeedee|Ice Hammer|p2a: Exeggutor|[from] move: Metronome
|-resisted|p2a: Exeggutor
|-damage|p2a: Exeggutor|56/100
|-unboost|p1a: Indeedee|spe|1
|move|p2a: Exeggutor|Trick Room|p2a: Exeggutor
|-fieldstart|move: Trick Room|[of] p2a: Exeggutor
|
|upkeep
|turn|33
|
|t:|1778505539
|move|p1a: Indeedee|Metronome|p1a: Indeedee
|move|p1a: Indeedee|Mega Kick|p2a: Exeggutor|[from] move: Metronome
|-damage|p2a: Exeggutor|32/100
|-enditem|p2a: Exeggutor|Sitrus Berry|[eat]
|-heal|p2a: Exeggutor|57/100|[from] item: Sitrus Berry
|move|p2a: Exeggutor|Giga Drain|p1a: Indeedee
|-end|p1a: Indeedee|Substitute
|-heal|p2a: Exeggutor|67/100|[from] drain|[of] p1a: Indeedee
|
|-item|p2a: Exeggutor|Sitrus Berry|[from] ability: Harvest
|upkeep
|turn|34
|
|t:|1778505551
|move|p1a: Indeedee|Metronome|p1a: Indeedee
|move|p1a: Indeedee|Recycle||[from] move: Metronome|[still]
|-fail|p1a: Indeedee
|move|p2a: Exeggutor|Giga Drain|p1a: Indeedee
|-damage|p1a: Indeedee|0 fnt
|-heal|p2a: Exeggutor|81/100|[from] drain|[of] p1a: Indeedee
|faint|p1a: Indeedee
|
|-fieldend|move: Psychic Terrain
|upkeep
|
|t:|1778505561
|switch|p1a: Corviknight|Corviknight, M|100/100
|turn|35
|
|t:|1778505568
|move|p2a: Exeggutor|Stored Power|p1a: Corviknight
|-resisted|p1a: Corviknight
|-damage|p1a: Corviknight|0 fnt
|faint|p1a: Corviknight
|
|upkeep
|
|t:|1778505570
|switch|p1a: Barraskewda|Barraskewda, F|100/100
|turn|36
|
|t:|1778505575
|move|p2a: Exeggutor|Giga Drain|p1a: Barraskewda
|-supereffective|p1a: Barraskewda
|-damage|p1a: Barraskewda|0 fnt
|-heal|p2a: Exeggutor|100/100|[from] drain|[of] p1a: Barraskewda
|faint|p1a: Barraskewda
|
|win|KenjiShiguma
|raw|barrythebestrival's rating: 1141 &rarr; <strong>1119</strong><br />(-22 for losing)
|raw|KenjiShiguma's rating: 1180 &rarr; <strong>1202</strong><br />(+22 for winning)
|l|☆barrythebestrival
|player|p1|
|l|☆KenjiShiguma
|player|p2|
