|html|<div class="broadcast-blue"><strong>[Gen 9] OU is currently suspecting Volcarona! For information on how to participate check out the <a href="https://www.smogon.com/tools/suspects/view/208">suspect thread</a>.</strong></div>
|j|☆ledruprob
|j|☆amelien
|t:|1778508523
|gametype|singles
|player|p1|ledruprob|2|1138
|player|p2|amelien|2|1097
|gen|9
|tier|[Gen 9] OU
|rated|
|rule|HP Percentage Mod: HP is shown in percentages
|rule|Endless Battle Clause: Forcing endless battles is banned
|rule|Species Clause: Limit one of each Pokémon
|rule|OHKO Clause: OHKO moves are banned
|rule|Evasion Items Clause: Evasion items are banned
|rule|Evasion Moves Clause: Evasion moves are banned
|rule|Evasion Abilities Clause: Evasion abilities are banned
|rule|Sleep Moves Clause: Sleep-inducing moves are banned
|clearpoke
|poke|p1|Dragonite, M|
|poke|p1|Regieleki|
|poke|p1|Iron Moth|
|poke|p1|Great Tusk|
|poke|p1|Toxapex, F|
|poke|p1|Zarude|
|poke|p2|Meowscarada, F|
|poke|p2|Clodsire, M|
|poke|p2|Ceruledge, F|
|poke|p2|Polteageist|
|poke|p2|Veluza, M|
|poke|p2|Maushold-Four|
|teampreview
|inactive|Battle timer is ON: inactive players will automatically lose when time's up. (requested by amelien)
|
|t:|1778508540
|teamsize|p1|6
|teamsize|p2|6
|start
|switch|p1a: Great Tusk|Great Tusk|100/100
|switch|p2a: Polteageist|Polteageist|100/100
|turn|1
|
|t:|1778508552
|move|p1a: Great Tusk|Stealth Rock|p2a: Polteageist
|-sidestart|p2: amelien|move: Stealth Rock
|move|p2a: Polteageist|Shell Smash|p2a: Polteageist
|-unboost|p2a: Polteageist|def|1
|-unboost|p2a: Polteageist|spd|1
|-boost|p2a: Polteageist|atk|2
|-boost|p2a: Polteageist|spa|2
|-boost|p2a: Polteageist|spe|2
|-enditem|p2a: Polteageist|White Herb
|-clearnegativeboost|p2a: Polteageist|[silent]
|
|upkeep
|turn|2
|
|t:|1778508561
|move|p2a: Polteageist|Stored Power|p1a: Great Tusk
|-supereffective|p1a: Great Tusk
|-damage|p1a: Great Tusk|0 fnt
|faint|p1a: Great Tusk
|-end|p1a: Great Tusk|Protosynthesis|[silent]
|
|upkeep
|
|t:|1778508566
|switch|p1a: Zarude|Zarude|100/100
|turn|3
|
|t:|1778508593
|switch|p2a: Ceruledge|Ceruledge, F|100/100
|-damage|p2a: Ceruledge|75/100|[from] Stealth Rock
|move|p1a: Zarude|Knock Off|p2a: Ceruledge
|-supereffective|p2a: Ceruledge
|-damage|p2a: Ceruledge|0 fnt
|-enditem|p2a: Ceruledge|Focus Sash|[from] move: Knock Off|[of] p1a: Zarude
|faint|p2a: Ceruledge
|
|upkeep
|
|t:|1778508600
|switch|p2a: Clodsire|Clodsire, M|100/100
|-damage|p2a: Clodsire|94/100|[from] Stealth Rock
|turn|4
|
|t:|1778508608
|switch|p1a: Dragonite|Dragonite, M|100/100
|move|p2a: Clodsire|Toxic|p1a: Dragonite
|-status|p1a: Dragonite|tox
|
|-heal|p2a: Clodsire|100/100|[from] item: Leftovers
|-damage|p1a: Dragonite|94/100 tox|[from] psn
|upkeep
|turn|5
|
|t:|1778508617
|switch|p2a: Meowscarada|Meowscarada, F|100/100
|-damage|p2a: Meowscarada|88/100|[from] Stealth Rock
|move|p1a: Dragonite|Ice Spinner|p2a: Meowscarada
|-supereffective|p2a: Meowscarada
|-damage|p2a: Meowscarada|0 fnt
|faint|p2a: Meowscarada
|
|-damage|p1a: Dragonite|82/100 tox|[from] psn
|upkeep
|
|t:|1778508627
|switch|p2a: Polteageist|Polteageist|100/100
|-damage|p2a: Polteageist|88/100|[from] Stealth Rock
|turn|6
|
|t:|1778508633
|move|p1a: Dragonite|Earthquake|p2a: Polteageist
|-damage|p2a: Polteageist|22/100
|-start|p1a: Dragonite|Disable|Earthquake|[from] ability: Cursed Body|[of] p2a: Polteageist
|move|p2a: Polteageist|Shell Smash|p2a: Polteageist
|-unboost|p2a: Polteageist|def|1
|-unboost|p2a: Polteageist|spd|1
|-boost|p2a: Polteageist|atk|2
|-boost|p2a: Polteageist|spa|2
|-boost|p2a: Polteageist|spe|2
|
|-damage|p1a: Dragonite|63/100 tox|[from] psn
|upkeep
|turn|7
|
|t:|1778508644
|move|p2a: Polteageist|Stored Power|p1a: Dragonite
|-damage|p1a: Dragonite|0 fnt
|faint|p1a: Dragonite
|
|upkeep
|
|t:|1778508648
|switch|p1a: Regieleki|Regieleki|100/100
|turn|8
|
|t:|1778508655
|move|p1a: Regieleki|Ancient Power|p2a: Polteageist
|-damage|p2a: Polteageist|0 fnt
|-start|p1a: Regieleki|Disable|Ancient Power|[from] ability: Cursed Body|[of] p2a: Polteageist
|faint|p2a: Polteageist
|
|upkeep
|
|t:|1778508659
|switch|p2a: Clodsire|Clodsire, M|100/100
|-damage|p2a: Clodsire|94/100|[from] Stealth Rock
|turn|9
|
|t:|1778508663
|switch|p1a: Zarude|Zarude|100/100
|move|p2a: Clodsire|Toxic|p1a: Zarude
|-status|p1a: Zarude|tox
|
|-heal|p2a: Clodsire|100/100|[from] item: Leftovers
|-damage|p1a: Zarude|94/100 tox|[from] psn
|upkeep
|turn|10
|
|t:|1778508673
|move|p2a: Clodsire|Protect|p2a: Clodsire
|-singleturn|p2a: Clodsire|Protect
|move|p1a: Zarude|Petal Blizzard|p2a: Clodsire
|-activate|p2a: Clodsire|move: Protect
|
|-damage|p1a: Zarude|82/100 tox|[from] psn
|upkeep
|turn|11
|
|t:|1778508684
|switch|p2a: Maushold|Maushold-Four|100/100
|-damage|p2a: Maushold|88/100|[from] Stealth Rock
|move|p1a: Zarude|Petal Blizzard|p2a: Maushold
|-damage|p2a: Maushold|0 fnt
|faint|p2a: Maushold
|
|-damage|p1a: Zarude|63/100 tox|[from] psn
|upkeep
|
|t:|1778508691
|switch|p2a: Veluza|Veluza, M|100/100
|-damage|p2a: Veluza|88/100|[from] Stealth Rock
|turn|12
|
|t:|1778508696
|-terastallize|p2a: Veluza|Fire
|move|p1a: Zarude|Petal Blizzard|p2a: Veluza
|-resisted|p2a: Veluza
|-damage|p2a: Veluza|39/100
|-enditem|p2a: Veluza|Sitrus Berry|[eat]
|-heal|p2a: Veluza|64/100|[from] item: Sitrus Berry
|move|p2a: Veluza|Fillet Away|p2a: Veluza
|-boost|p2a: Veluza|atk|2
|-boost|p2a: Veluza|spa|2
|-boost|p2a: Veluza|spe|2
|-damage|p2a: Veluza|14/100
|
|-damage|p1a: Zarude|38/100 tox|[from] psn
|upkeep
|turn|13
|
|t:|1778508708
|move|p2a: Veluza|Aqua Cutter|p1a: Zarude
|-resisted|p1a: Zarude
|-damage|p1a: Zarude|0 fnt
|faint|p1a: Zarude
|
|upkeep
|
|t:|1778508713
|switch|p1a: Regieleki|Regieleki|100/100
|turn|14
|
|t:|1778508719
|move|p1a: Regieleki|Volt Switch|p2a: Veluza
|-damage|p2a: Veluza|0 fnt
|faint|p2a: Veluza
|
|t:|1778508724
|switch|p1a: Iron Moth|Iron Moth|100/100|[from] Volt Switch
|-enditem|p1a: Iron Moth|Booster Energy
|-activate|p1a: Iron Moth|ability: Quark Drive|[fromitem]
|-start|p1a: Iron Moth|quarkdrivespa
|
|upkeep
|
|t:|1778508730
|switch|p2a: Clodsire|Clodsire, M|100/100
|-damage|p2a: Clodsire|94/100|[from] Stealth Rock
|turn|15
|
|t:|1778508734
|-terastallize|p1a: Iron Moth|Grass
|move|p1a: Iron Moth|Energy Ball|p2a: Clodsire
|-damage|p2a: Clodsire|59/100
|move|p2a: Clodsire|Earthquake|p1a: Iron Moth
|-resisted|p1a: Iron Moth
|-damage|p1a: Iron Moth|77/100
|
|-heal|p2a: Clodsire|65/100|[from] item: Leftovers
|upkeep
|turn|16
|
|t:|1778508744
|move|p1a: Iron Moth|Energy Ball|p2a: Clodsire
|-damage|p2a: Clodsire|31/100
|-unboost|p2a: Clodsire|spd|1
|move|p2a: Clodsire|Toxic|p1a: Iron Moth
|-status|p1a: Iron Moth|tox
|
|-heal|p2a: Clodsire|37/100|[from] item: Leftovers
|-damage|p1a: Iron Moth|71/100 tox|[from] psn
|upkeep
|turn|17
|
|t:|1778508753
|move|p2a: Clodsire|Protect|p2a: Clodsire
|-singleturn|p2a: Clodsire|Protect
|move|p1a: Iron Moth|Energy Ball|p2a: Clodsire
|-activate|p2a: Clodsire|move: Protect
|
|-heal|p2a: Clodsire|43/100|[from] item: Leftovers
|-damage|p1a: Iron Moth|59/100 tox|[from] psn
|upkeep
|turn|18
|
|t:|1778508760
|move|p1a: Iron Moth|Energy Ball|p2a: Clodsire
|-damage|p2a: Clodsire|0 fnt
|faint|p2a: Clodsire
|
|win|ledruprob
|raw|ledruprob's rating: 1138 &rarr; <strong>1160</strong><br />(+22 for winning)
|raw|amelien's rating: 1097 &rarr; <strong>1075</strong><br />(-22 for losing)
|l|☆amelien
|player|p2|
|l|☆ledruprob
|player|p1|
