|html|<div class="broadcast-blue"><strong>[Gen 9] OU is currently suspecting Volcarona! For information on how to participate check out the <a href="https://www.smogon.com/tools/suspects/view/208">suspect thread</a>.</strong></div>
|j|☆Iweallylikebugs
|j|☆dogdayzzz
|t:|1778511080
|gametype|singles
|player|p1|Iweallylikebugs|cynthia-gen4|1291
|player|p2|dogdayzzz|nancy|1331
|gen|9
|tier|[Gen 9] OU
|rated|
|rule|HP Percentage Mod: HP is shown in percentages
|rule|Endless Battle Clause: Forcing endless battles is banned
|rule|Species Clause: Limit one of each Pokémon
|rule|OHKO Clause: OHKO moves are banned
|rule|Evasion Items Clause: Evasion items are banned
|rule|Evasion Moves Clause: Evasion moves are banned
|rule|Evasion Abilities Clause: Evasion abilities are banned
|rule|Sleep Moves Clause: Sleep-inducing moves are banned
|clearpoke
|poke|p1|Ariados, M|
|poke|p1|Gholdengo|
|poke|p1|Dragonite, F|
|poke|p1|Ogerpon-Wellspring, F|
|poke|p1|Ting-Lu|
|poke|p1|Iron Moth|
|poke|p2|Glimmora, M|
|poke|p2|Dragonite, F|
|poke|p2|Iron Valiant|
|poke|p2|Volcarona, M|
|poke|p2|Quaquaval, M|
|poke|p2|Garchomp, M|
|teampreview
|inactive|Battle timer is ON: inactive players will automatically lose when time's up. (requested by Iweallylikebugs)
|inactive|dogdayzzz also wants the timer to be on.
|
|t:|1778511089
|teamsize|p1|6
|teamsize|p2|6
|start
|switch|p1a: Ariados|Ariados, M|100/100
|switch|p2a: Glimmora|Glimmora, M|100/100
|turn|1
|
|t:|1778511091
|move|p2a: Glimmora|Stealth Rock|p1a: Ariados
|-sidestart|p1: Iweallylikebugs|move: Stealth Rock
|move|p1a: Ariados|Sticky Web|p2a: Glimmora
|-sidestart|p2: dogdayzzz|move: Sticky Web
|
|upkeep
|turn|2
|
|t:|1778511098
|switch|p1a: Ting-Lu|Ting-Lu|100/100
|-ability|p1a: Ting-Lu|Vessel of Ruin
|move|p2a: Glimmora|Spikes|p1a: Ting-Lu
|-sidestart|p1: Iweallylikebugs|Spikes
|
|upkeep
|turn|3
|
|t:|1778511102
|move|p2a: Glimmora|Toxic|p1a: Ting-Lu
|-status|p1a: Ting-Lu|tox
|move|p1a: Ting-Lu|Earthquake|p2a: Glimmora
|-supereffective|p2a: Glimmora
|-enditem|p2a: Glimmora|Focus Sash
|-damage|p2a: Glimmora|1/100
|-activate|p2a: Glimmora|ability: Toxic Debris
|-sidestart|p1: Iweallylikebugs|move: Toxic Spikes
|
|-damage|p1a: Ting-Lu|94/100 tox|[from] psn
|upkeep
|turn|4
|
|t:|1778511108
|move|p2a: Glimmora|Spikes|p1a: Ting-Lu
|-sidestart|p1: Iweallylikebugs|Spikes
|move|p1a: Ting-Lu|Earthquake|p2a: Glimmora
|-supereffective|p2a: Glimmora
|-damage|p2a: Glimmora|0 fnt
|-activate|p2a: Glimmora|ability: Toxic Debris
|-sidestart|p1: Iweallylikebugs|move: Toxic Spikes
|faint|p2a: Glimmora
|
|-damage|p1a: Ting-Lu|82/100 tox|[from] psn
|upkeep
|
|t:|1778511112
|switch|p2a: Quaquaval|Quaquaval, M|100/100
|-activate|p2a: Quaquaval|move: Sticky Web
|-unboost|p2a: Quaquaval|spe|1
|turn|5
|
|t:|1778511117
|switch|p1a: Gholdengo|Gholdengo|100/100
|-damage|p1a: Gholdengo|94/100|[from] Stealth Rock
|-item|p1a: Gholdengo|Air Balloon
|move|p2a: Quaquaval|Rapid Spin|p1a: Gholdengo
|-immune|p1a: Gholdengo
|
|upkeep
|turn|6
|
|t:|1778511126
|move|p1a: Gholdengo|Dazzling Gleam|p2a: Quaquaval
|-supereffective|p2a: Quaquaval
|-damage|p2a: Quaquaval|20/100
|move|p2a: Quaquaval|Aqua Step|p1a: Gholdengo
|-damage|p1a: Gholdengo|34/100
|-boost|p2a: Quaquaval|spe|1
|-enditem|p1a: Gholdengo|Air Balloon
|-damage|p2a: Quaquaval|10/100|[from] item: Life Orb
|
|upkeep
|turn|7
|
|t:|1778511135
|move|p2a: Quaquaval|Aqua Step|p1a: Gholdengo
|-crit|p1a: Gholdengo
|-damage|p1a: Gholdengo|0 fnt
|-boost|p2a: Quaquaval|spe|1
|faint|p1a: Gholdengo
|-ability|p2a: Quaquaval|Moxie|boost
|-boost|p2a: Quaquaval|atk|1
|-damage|p2a: Quaquaval|0 fnt|[from] item: Life Orb
|faint|p2a: Quaquaval
|
|upkeep
|
|t:|1778511140
|switch|p2a: Volcarona|Volcarona, M|100/100
|switch|p1a: Ariados|Ariados, M|100/100
|-damage|p1a: Ariados|76/100|[from] Stealth Rock
|-damage|p1a: Ariados|59/100|[from] Spikes
|-sideend|p1: Iweallylikebugs|move: Toxic Spikes|[of] p1a: Ariados
|turn|8
|
|t:|1778511147
|switch|p1a: Ting-Lu|Ting-Lu|82/100 tox
|-ability|p1a: Ting-Lu|Vessel of Ruin
|move|p2a: Volcarona|Substitute|p2a: Volcarona
|-start|p2a: Volcarona|Substitute
|-damage|p2a: Volcarona|76/100
|
|-damage|p1a: Ting-Lu|76/100 tox|[from] psn
|upkeep
|turn|9
|
|t:|1778511151
|move|p2a: Volcarona|Quiver Dance|p2a: Volcarona
|-boost|p2a: Volcarona|spa|1
|-boost|p2a: Volcarona|spd|1
|-boost|p2a: Volcarona|spe|1
|move|p1a: Ting-Lu|Whirlwind|p2a: Volcarona
|drag|p2a: Dragonite|Dragonite, F|100/100
|
|-damage|p1a: Ting-Lu|63/100 tox|[from] psn
|upkeep
|turn|10
|
|t:|1778511158
|move|p2a: Dragonite|Dragon Dance|p2a: Dragonite
|-boost|p2a: Dragonite|atk|1
|-boost|p2a: Dragonite|spe|1
|move|p1a: Ting-Lu|Ruination|p2a: Dragonite
|-damage|p2a: Dragonite|51/100
|
|-damage|p1a: Ting-Lu|44/100 tox|[from] psn
|upkeep
|turn|11
|
|t:|1778511162
|move|p2a: Dragonite|Extreme Speed|p1a: Ting-Lu
|-damage|p1a: Ting-Lu|10/100 tox
|-damage|p2a: Dragonite|41/100|[from] item: Life Orb
|move|p1a: Ting-Lu|Whirlwind|p2a: Dragonite
|drag|p2a: Garchomp|Garchomp, M|100/100
|-activate|p2a: Garchomp|move: Sticky Web
|-unboost|p2a: Garchomp|spe|1
|
|-damage|p1a: Ting-Lu|0 fnt|[from] psn
|faint|p1a: Ting-Lu
|upkeep
|
|t:|1778511170
|switch|p1a: Ogerpon|Ogerpon-Wellspring, F|100/100
|-damage|p1a: Ogerpon|88/100|[from] Stealth Rock
|-damage|p1a: Ogerpon|72/100|[from] Spikes
|turn|12
|
|t:|1778511186
|move|p1a: Ogerpon|Play Rough|p2a: Garchomp
|-supereffective|p2a: Garchomp
|-damage|p2a: Garchomp|24/100
|-damage|p1a: Ogerpon|59/100|[from] ability: Rough Skin|[of] p2a: Garchomp
|move|p2a: Garchomp|Swords Dance|p2a: Garchomp
|-boost|p2a: Garchomp|atk|2
|
|upkeep
|turn|13
|
|t:|1778511193
|-terastallize|p2a: Garchomp|Steel
|move|p1a: Ogerpon|Ivy Cudgel|p2a: Garchomp|[anim] Ivy Cudgel Water
|-damage|p2a: Garchomp|0 fnt
|faint|p2a: Garchomp
|
|upkeep
|
|t:|1778511198
|switch|p2a: Iron Valiant|Iron Valiant|100/100
|-activate|p2a: Iron Valiant|move: Sticky Web
|-unboost|p2a: Iron Valiant|spe|1
|-enditem|p2a: Iron Valiant|Booster Energy
|-activate|p2a: Iron Valiant|ability: Quark Drive|[fromitem]
|-start|p2a: Iron Valiant|quarkdriveatk
|turn|14
|
|t:|1778511206
|move|p1a: Ogerpon|Play Rough|p2a: Iron Valiant
|-supereffective|p2a: Iron Valiant
|-damage|p2a: Iron Valiant|15/100
|move|p2a: Iron Valiant|Close Combat|p1a: Ogerpon
|-damage|p1a: Ogerpon|0 fnt
|-unboost|p2a: Iron Valiant|def|1
|-unboost|p2a: Iron Valiant|spd|1
|faint|p1a: Ogerpon
|
|upkeep
|
|t:|1778511217
|switch|p1a: Iron Moth|Iron Moth|100/100
|turn|15
|
|t:|1778511221
|move|p1a: Iron Moth|Sludge Wave|p2a: Iron Valiant
|-supereffective|p2a: Iron Valiant
|-damage|p2a: Iron Valiant|0 fnt
|faint|p2a: Iron Valiant
|-end|p2a: Iron Valiant|Quark Drive|[silent]
|
|upkeep
|
|t:|1778511223
|switch|p2a: Dragonite|Dragonite, F|41/100
|turn|16
|
|t:|1778511228
|move|p2a: Dragonite|Extreme Speed|p1a: Iron Moth
|-damage|p1a: Iron Moth|36/100
|-damage|p2a: Dragonite|31/100|[from] item: Life Orb
|move|p1a: Iron Moth|Sludge Wave|p2a: Dragonite
|-damage|p2a: Dragonite|0 fnt
|faint|p2a: Dragonite
|
|upkeep
|
|t:|1778511231
|switch|p2a: Volcarona|Volcarona, M|76/100
|turn|17
|
|t:|1778511235
|move|p1a: Iron Moth|Sludge Wave|p2a: Volcarona
|-damage|p2a: Volcarona|25/100
|move|p2a: Volcarona|Substitute|p2a: Volcarona
|-fail|p2a: Volcarona|move: Substitute|[weak]
|
|upkeep
|turn|18
|-message|dogdayzzz forfeited.
|
|win|Iweallylikebugs
|raw|Iweallylikebugs's rating: 1291 &rarr; <strong>1319</strong><br />(+28 for winning)
|raw|dogdayzzz's rating: 1331 &rarr; <strong>1309</strong><br />(-22 for losing)
|l|☆dogdayzzz
|player|p2|
|l|☆Iweallylikebugs
|player|p1|
