|html|<div class="broadcast-blue"><strong>[Gen 9] OU is currently suspecting Tera Blast! For information on how to participate check out the <a href="https://www.smogon.com/tools/suspects/view/200">suspect thread</a>.</strong></div>
|j|☆Oniongal
|j|☆bahnmiking
|t:|1776074141
|gametype|singles
|player|p1|Oniongal|madame|1611
|player|p2|bahnmiking|bianca|1684
|gen|9
|tier|[Gen 9] OU
|rated|
|rule|HP Percentage Mod: HP is shown in percentages
|rule|Endless Battle Clause: Forcing endless battles is banned
|rule|Species Clause: Limit one of each Pokémon
|rule|OHKO Clause: OHKO moves are banned
|rule|Evasion Items Clause: Evasion items are banned
|rule|Evasion Moves Clause: Evasion moves are banned
|rule|Evasion Abilities Clause: Evasion abilities are banned
|rule|Sleep Moves Clause: Sleep-inducing moves are banned
|clearpoke
|poke|p1|Rillaboom, M|
|poke|p1|Zapdos|
|poke|p1|Alomomola, M|
|poke|p1|Hoopa-Unbound|
|poke|p1|Great Tusk|
|poke|p1|Porygon2|
|poke|p2|Gholdengo|
|poke|p2|Raging Bolt|
|poke|p2|Ceruledge, F|
|poke|p2|Ribombee, F|
|poke|p2|Dragonite, M|
|poke|p2|Great Tusk|
|teampreview
|
|t:|1776074161
|teamsize|p1|6
|teamsize|p2|6
|start
|switch|p1a: Zapdos|Zapdos|100/100
|switch|p2a: Ribombee|Ribombee, F|100/100
|turn|1
|
|t:|1776074167
|move|p2a: Ribombee|Sticky Web|p1a: Zapdos
|-sidestart|p1: Oniongal|move: Sticky Web
|move|p1a: Zapdos|Hurricane|p2a: Ribombee|[miss]
|-miss|p1a: Zapdos|p2a: Ribombee
|
|upkeep
|turn|2
|
|t:|1776074172
|move|p2a: Ribombee|Moonblast|p1a: Zapdos
|-damage|p1a: Zapdos|63/100
|move|p1a: Zapdos|Heat Wave|p2a: Ribombee
|-supereffective|p2a: Ribombee
|-damage|p2a: Ribombee|10/100
|
|upkeep
|turn|3
|
|t:|1776074177
|move|p2a: Ribombee|Moonblast|p1a: Zapdos
|-damage|p1a: Zapdos|27/100
|-unboost|p1a: Zapdos|spa|1
|move|p1a: Zapdos|Volt Switch|p2a: Ribombee
|-damage|p2a: Ribombee|0 fnt
|faint|p2a: Ribombee
|
|t:|1776074191
|switch|p1a: Great Tusk|Great Tusk|100/100|[from] Volt Switch
|
|upkeep
|j| samurajen
|inactive|Battle timer is ON: inactive players will automatically lose when time's up. (requested by Oniongal)
|
|t:|1776074210
|switch|p2a: Ceruledge|Ceruledge, F|100/100
|turn|4
|
|t:|1776074214
|move|p1a: Great Tusk|Headlong Rush|p2a: Ceruledge
|-supereffective|p2a: Ceruledge
|-enditem|p2a: Ceruledge|Focus Sash
|-damage|p2a: Ceruledge|1/100
|-unboost|p1a: Great Tusk|def|1
|-unboost|p1a: Great Tusk|spd|1
|-ability|p2a: Ceruledge|Weak Armor|boost
|-unboost|p2a: Ceruledge|def|1
|-boost|p2a: Ceruledge|spe|2
|move|p2a: Ceruledge|Swords Dance|p2a: Ceruledge
|-boost|p2a: Ceruledge|atk|2
|
|upkeep
|turn|5
|
|t:|1776074224
|-end|p1a: Great Tusk|Protosynthesis|[silent]
|switch|p1a: Zapdos|Zapdos|27/100
|move|p2a: Ceruledge|Poltergeist|p1a: Zapdos
|-activate|p1a: Zapdos|move: Poltergeist|Heavy-Duty Boots
|-damage|p1a: Zapdos|0 fnt
|faint|p1a: Zapdos
|
|upkeep
|
|t:|1776074229
|switch|p1a: Rillaboom|Rillaboom, M|100/100
|-activate|p1a: Rillaboom|move: Sticky Web
|-unboost|p1a: Rillaboom|spe|1
|-fieldstart|move: Grassy Terrain|[from] ability: Grassy Surge|[of] p1a: Rillaboom
|turn|6
|
|t:|1776074233
|move|p2a: Ceruledge|Shadow Sneak|p1a: Rillaboom
|-damage|p1a: Rillaboom|52/100
|move|p1a: Rillaboom|Grassy Glide|p2a: Ceruledge
|-resisted|p2a: Ceruledge
|-crit|p2a: Ceruledge
|-damage|p2a: Ceruledge|0 fnt
|faint|p2a: Ceruledge
|
|-heal|p1a: Rillaboom|58/100|[from] Grassy Terrain
|upkeep
|
|t:|1776074247
|switch|p2a: Dragonite|Dragonite, M|100/100
|turn|7
|
|t:|1776074256
|switch|p1a: my beloved|Porygon2|100/100
|-activate|p1a: my beloved|move: Sticky Web
|-unboost|p1a: my beloved|spe|1
|-ability|p1a: my beloved|Multiscale|Trace|[from] ability: Trace|[of] p2a: Dragonite
|move|p2a: Dragonite|Dragon Dance|p2a: Dragonite
|-boost|p2a: Dragonite|atk|1
|-boost|p2a: Dragonite|spe|1
|
|upkeep
|turn|8
|
|t:|1776074279
|-terastallize|p2a: Dragonite|Ghost
|move|p2a: Dragonite|Scale Shot|p1a: my beloved
|-damage|p1a: my beloved|95/100
|-damage|p1a: my beloved|84/100
|-damage|p1a: my beloved|75/100
|-damage|p1a: my beloved|64/100
|-hitcount|p1a: my beloved|4
|-unboost|p2a: Dragonite|def|1
|-boost|p2a: Dragonite|spe|1
|move|p1a: my beloved|Ice Beam|p2a: Dragonite
|-damage|p2a: Dragonite|90/100
|
|-heal|p2a: Dragonite|96/100|[from] Grassy Terrain
|-heal|p1a: my beloved|70/100|[from] Grassy Terrain
|upkeep
|turn|9
|j| scarry.exe
|
|t:|1776074309
|move|p2a: Dragonite|Dragon Dance|p2a: Dragonite
|-boost|p2a: Dragonite|atk|1
|-boost|p2a: Dragonite|spe|1
|move|p1a: my beloved|Foul Play|p2a: Dragonite
|-supereffective|p2a: Dragonite
|-damage|p2a: Dragonite|0 fnt
|faint|p2a: Dragonite
|
|-heal|p1a: my beloved|76/100|[from] Grassy Terrain
|upkeep
|
|t:|1776074316
|switch|p2a: Raging Bolt|Raging Bolt|100/100
|-enditem|p2a: Raging Bolt|Booster Energy
|-activate|p2a: Raging Bolt|ability: Protosynthesis|[fromitem]
|-start|p2a: Raging Bolt|protosynthesisspa
|turn|10
|
|t:|1776074325
|move|p2a: Raging Bolt|Calm Mind|p2a: Raging Bolt
|-boost|p2a: Raging Bolt|spa|1
|-boost|p2a: Raging Bolt|spd|1
|move|p1a: my beloved|Ice Beam|p2a: Raging Bolt
|-supereffective|p2a: Raging Bolt
|-damage|p2a: Raging Bolt|71/100
|
|-heal|p2a: Raging Bolt|77/100|[from] Grassy Terrain
|-heal|p1a: my beloved|83/100|[from] Grassy Terrain
|-fieldend|move: Grassy Terrain
|upkeep
|turn|11
|
|t:|1776074329
|move|p2a: Raging Bolt|Dragon Pulse|p1a: my beloved
|-damage|p1a: my beloved|20/100
|move|p1a: my beloved|Ice Beam|p2a: Raging Bolt
|-supereffective|p2a: Raging Bolt
|-damage|p2a: Raging Bolt|50/100
|-status|p2a: Raging Bolt|frz
|
|upkeep
|turn|12
|l| scarry.exe
|
|t:|1776074332
|cant|p2a: Raging Bolt|frz
|move|p1a: my beloved|Ice Beam|p2a: Raging Bolt
|-supereffective|p2a: Raging Bolt
|-damage|p2a: Raging Bolt|21/100 frz
|
|upkeep
|turn|13
|
|t:|1776074334
|cant|p2a: Raging Bolt|frz
|move|p1a: my beloved|Ice Beam|p2a: Raging Bolt
|-supereffective|p2a: Raging Bolt
|-damage|p2a: Raging Bolt|0 fnt
|faint|p2a: Raging Bolt
|-end|p2a: Raging Bolt|Protosynthesis|[silent]
|
|upkeep
|c|☆Oniongal|sry
|
|t:|1776074342
|switch|p2a: Great Tusk|Great Tusk|100/100
|-enditem|p2a: Great Tusk|Booster Energy
|-activate|p2a: Great Tusk|ability: Protosynthesis|[fromitem]
|-start|p2a: Great Tusk|protosynthesisatk
|turn|14
|
|t:|1776074345
|move|p2a: Great Tusk|Headlong Rush|p1a: my beloved
|-crit|p1a: my beloved
|-damage|p1a: my beloved|0 fnt
|-unboost|p2a: Great Tusk|def|1
|-unboost|p2a: Great Tusk|spd|1
|faint|p1a: my beloved
|
|upkeep
|
|t:|1776074348
|switch|p1a: Rillaboom|Rillaboom, M|58/100
|-activate|p1a: Rillaboom|move: Sticky Web
|-unboost|p1a: Rillaboom|spe|1
|-fieldstart|move: Grassy Terrain|[from] ability: Grassy Surge|[of] p1a: Rillaboom
|turn|15
|l| samurajen
|
|t:|1776074352
|-end|p2a: Great Tusk|Protosynthesis|[silent]
|switch|p2a: Gholdengo|Gholdengo|100/100
|-item|p2a: Gholdengo|Air Balloon
|-terastallize|p1a: Rillaboom|Grass
|move|p1a: Rillaboom|Grassy Glide|p2a: Gholdengo
|-resisted|p2a: Gholdengo
|-damage|p2a: Gholdengo|58/100
|-enditem|p2a: Gholdengo|Air Balloon
|
|-heal|p2a: Gholdengo|64/100|[from] Grassy Terrain
|-heal|p1a: Rillaboom|64/100|[from] Grassy Terrain
|upkeep
|turn|16
|
|t:|1776074362
|switch|p1a: Alomomola|Alomomola, M|100/100
|-activate|p1a: Alomomola|move: Sticky Web
|-unboost|p1a: Alomomola|spe|1
|move|p2a: Gholdengo|Shadow Ball|p1a: Alomomola
|-damage|p1a: Alomomola|75/100
|
|-heal|p2a: Gholdengo|70/100|[from] Grassy Terrain
|-heal|p1a: Alomomola|81/100|[from] Grassy Terrain
|upkeep
|turn|17
|-message|bahnmiking forfeited.
|
|win|Oniongal
|raw|Oniongal's rating: 1611 &rarr; <strong>1635</strong><br />(+24 for winning)
|raw|bahnmiking's rating: 1684 &rarr; <strong>1660</strong><br />(-24 for losing)
|l|☆Oniongal
|player|p1|
