|html|<div class="broadcast-blue"><strong>[Gen 9] OU is currently suspecting Tera Blast! For information on how to participate check out the <a href="https://www.smogon.com/tools/suspects/view/200">suspect thread</a>.</strong></div>
|j|☆N-Bromosuccinimide
|j|‽lalalafoo
|t:|1776062974
|gametype|singles
|player|p1|N-Bromosuccinimide|102|1128
|player|p2|lalalafoo|266|1101
|gen|9
|tier|[Gen 9] OU
|rated|
|rule|HP Percentage Mod: HP is shown in percentages
|rule|Endless Battle Clause: Forcing endless battles is banned
|rule|Species Clause: Limit one of each Pokémon
|rule|OHKO Clause: OHKO moves are banned
|rule|Evasion Items Clause: Evasion items are banned
|rule|Evasion Moves Clause: Evasion moves are banned
|rule|Evasion Abilities Clause: Evasion abilities are banned
|rule|Sleep Moves Clause: Sleep-inducing moves are banned
|clearpoke
|poke|p1|Garchomp, M|
|poke|p1|Iron Valiant|
|poke|p1|Raging Bolt|
|poke|p1|Ogerpon-Wellspring, F|
|poke|p1|Corviknight, M|
|poke|p1|Cinderace, M|
|poke|p2|Lucario, M|
|poke|p2|Magnezone|
|poke|p2|Iron Crown|
|poke|p2|Pincurchin, M|
|poke|p2|Flareon, F|
|poke|p2|Iron Jugulis|
|teampreview
|
|t:|1776062988
|teamsize|p1|6
|teamsize|p2|6
|start
|switch|p1a: Garchomp|Garchomp, M|100/100
|switch|p2a: Pincurchin|Pincurchin, M, shiny|100/100
|-fieldstart|move: Electric Terrain|[from] ability: Electric Surge|[of] p2a: Pincurchin
|turn|1
|
|t:|1776062993
|move|p1a: Garchomp|Stealth Rock|p2a: Pincurchin
|-sidestart|p2: lalalafoo|move: Stealth Rock
|move|p2a: Pincurchin|Toxic Spikes|p1a: Garchomp
|-sidestart|p1: N-Bromosuccinimide|move: Toxic Spikes
|
|upkeep
|turn|2
|
|t:|1776063003
|switch|p1a: Cinderace|Cinderace, M|100/100
|move|p2a: Pincurchin|Toxic Spikes|p1a: Cinderace
|-sidestart|p1: N-Bromosuccinimide|move: Toxic Spikes
|
|upkeep
|turn|3
|
|t:|1776063014
|move|p1a: Cinderace|Court Change|p1a: Cinderace
|-start|p1a: Cinderace|typechange|Normal|[from] ability: Libero
|-swapsideconditions
|-activate|p1a: Cinderace|move: Court Change
|move|p2a: Pincurchin|Spikes|p1a: Cinderace
|-sidestart|p1: N-Bromosuccinimide|Spikes
|
|upkeep
|turn|4
|
|t:|1776063026
|switch|p1a: Garchomp|Garchomp, M|100/100
|-damage|p1a: Garchomp|94/100|[from] Stealth Rock
|-damage|p1a: Garchomp|82/100|[from] Spikes
|move|p2a: Pincurchin|Toxic Spikes|p1a: Garchomp
|-sidestart|p1: N-Bromosuccinimide|move: Toxic Spikes
|
|upkeep
|turn|5
|
|t:|1776063036
|switch|p2a: Iron Jugulis|Iron Jugulis, shiny|100/100
|-activate|p2a: Iron Jugulis|ability: Quark Drive
|-start|p2a: Iron Jugulis|quarkdrivespa
|move|p1a: Garchomp|Stealth Rock|p2a: Iron Jugulis
|-sidestart|p2: lalalafoo|move: Stealth Rock
|
|upkeep
|turn|6
|
|t:|1776063045
|move|p2a: Iron Jugulis|Dark Pulse|p1a: Garchomp
|-damage|p1a: Garchomp|25/100
|cant|p1a: Garchomp|flinch
|
|upkeep
|turn|7
|
|t:|1776063053
|switch|p1a: Iron Valiant|Iron Valiant|100/100
|-damage|p1a: Iron Valiant|94/100|[from] Stealth Rock
|-damage|p1a: Iron Valiant|82/100|[from] Spikes
|-status|p1a: Iron Valiant|psn
|-activate|p1a: Iron Valiant|ability: Quark Drive
|-start|p1a: Iron Valiant|quarkdrivespa
|move|p2a: Iron Jugulis|Dark Pulse|p1a: Iron Valiant
|-resisted|p1a: Iron Valiant
|-damage|p1a: Iron Valiant|57/100 psn
|
|-damage|p1a: Iron Valiant|44/100 psn|[from] psn
|upkeep
|turn|8
|
|t:|1776063081
|-end|p2a: Iron Jugulis|Quark Drive|[silent]
|switch|p2a: Magnezone|Magnezone, shiny|100/100
|-damage|p2a: Magnezone|94/100|[from] Stealth Rock
|-terastallize|p1a: Iron Valiant|Fairy
|move|p1a: Iron Valiant|Moonblast|p2a: Magnezone
|-resisted|p2a: Magnezone
|-damage|p2a: Magnezone|36/100
|
|-damage|p1a: Iron Valiant|32/100 psn|[from] psn
|-fieldend|move: Electric Terrain
|-end|p1a: Iron Valiant|Quark Drive
|upkeep
|-enditem|p1a: Iron Valiant|Booster Energy
|-activate|p1a: Iron Valiant|ability: Quark Drive|[fromitem]
|-start|p1a: Iron Valiant|quarkdrivespa
|turn|9
|
|t:|1776063089
|switch|p2a: Pincurchin|Pincurchin, M, shiny|100/100
|-status|p2a: Pincurchin|tox
|-damage|p2a: Pincurchin|88/100 tox|[from] Stealth Rock
|-fieldstart|move: Electric Terrain|[from] ability: Electric Surge|[of] p2a: Pincurchin
|move|p1a: Iron Valiant|Vacuum Wave|p2a: Pincurchin
|-crit|p2a: Pincurchin
|-damage|p2a: Pincurchin|35/100 tox
|
|-damage|p1a: Iron Valiant|20/100 psn|[from] psn
|-damage|p2a: Pincurchin|29/100 tox|[from] psn
|upkeep
|turn|10
|
|t:|1776063099
|move|p1a: Iron Valiant|Moonblast|p2a: Pincurchin
|-damage|p2a: Pincurchin|0 fnt
|faint|p2a: Pincurchin
|
|-damage|p1a: Iron Valiant|7/100 psn|[from] psn
|upkeep
|
|t:|1776063119
|switch|p2a: Flareon|Flareon, F|100/100
|-status|p2a: Flareon|tox
|-damage|p2a: Flareon|76/100 tox|[from] Stealth Rock
|turn|11
|
|t:|1776063125
|move|p1a: Iron Valiant|Vacuum Wave|p2a: Flareon
|-damage|p2a: Flareon|40/100 tox
|move|p2a: Flareon|Quick Attack|p1a: Iron Valiant
|-damage|p1a: Iron Valiant|0 fnt
|faint|p1a: Iron Valiant
|-end|p1a: Iron Valiant|Quark Drive|[silent]
|
|-damage|p2a: Flareon|34/100 tox|[from] psn
|upkeep
|
|t:|1776063136
|switch|p1a: Garchomp|Garchomp, M|25/100
|-damage|p1a: Garchomp|19/100|[from] Stealth Rock
|-damage|p1a: Garchomp|7/100|[from] Spikes
|-status|p1a: Garchomp|psn
|turn|12
|
|t:|1776063140
|move|p1a: Garchomp|Endure|p1a: Garchomp
|-singleturn|p1a: Garchomp|move: Endure
|move|p2a: Flareon|Quick Attack|p1a: Garchomp
|-activate|p1a: Garchomp|move: Endure
|-damage|p1a: Garchomp|1/100 psn
|-damage|p2a: Flareon|22/100 tox|[from] ability: Rough Skin|[of] p1a: Garchomp
|-damage|p2a: Flareon|6/100 tox|[from] item: Rocky Helmet|[of] p1a: Garchomp
|
|-damage|p1a: Garchomp|0 fnt|[from] psn
|faint|p1a: Garchomp
|-damage|p2a: Flareon|0 fnt|[from] psn
|faint|p2a: Flareon
|upkeep
|
|t:|1776063169
|switch|p1a: Cinderace|Cinderace, M|100/100
|switch|p2a: Iron Jugulis|Iron Jugulis, shiny|100/100
|-damage|p2a: Iron Jugulis|76/100|[from] Stealth Rock
|-activate|p2a: Iron Jugulis|ability: Quark Drive
|-start|p2a: Iron Jugulis|quarkdrivespa
|turn|13
|
|t:|1776063191
|move|p2a: Iron Jugulis|Dark Pulse|p1a: Cinderace
|-damage|p1a: Cinderace|16/100
|move|p1a: Cinderace|U-turn|p2a: Iron Jugulis
|-start|p1a: Cinderace|typechange|Bug|[from] ability: Libero
|-damage|p2a: Iron Jugulis|33/100
|
|t:|1776063198
|switch|p1a: Raging Bolt|Raging Bolt|100/100|[from] U-turn
|-damage|p1a: Raging Bolt|88/100|[from] Stealth Rock
|-damage|p1a: Raging Bolt|76/100|[from] Spikes
|-status|p1a: Raging Bolt|psn
|
|-heal|p1a: Raging Bolt|82/100 psn|[from] item: Leftovers
|-damage|p1a: Raging Bolt|70/100 psn|[from] psn
|upkeep
|turn|14
|
|t:|1776063208
|-end|p2a: Iron Jugulis|Quark Drive|[silent]
|switch|p2a: Iron Crown|Iron Crown|100/100
|-damage|p2a: Iron Crown|94/100|[from] Stealth Rock
|-activate|p2a: Iron Crown|ability: Quark Drive
|-start|p2a: Iron Crown|quarkdrivespa
|move|p1a: Raging Bolt|Thunderclap||[still]
|-fail|p1a: Raging Bolt
|
|-heal|p1a: Raging Bolt|76/100 psn|[from] item: Leftovers
|-damage|p1a: Raging Bolt|64/100 psn|[from] psn
|upkeep
|turn|15
|
|t:|1776063219
|move|p2a: Iron Crown|Tachyon Cutter|p1a: Raging Bolt
|-resisted|p1a: Raging Bolt
|-damage|p1a: Raging Bolt|39/100 psn
|-resisted|p1a: Raging Bolt
|-damage|p1a: Raging Bolt|14/100 psn
|-hitcount|p1a: Raging Bolt|2
|move|p1a: Raging Bolt|Thunderbolt|p2a: Iron Crown
|-damage|p2a: Iron Crown|25/100
|
|-heal|p1a: Raging Bolt|20/100 psn|[from] item: Leftovers
|-damage|p1a: Raging Bolt|8/100 psn|[from] psn
|upkeep
|turn|16
|
|t:|1776063229
|-end|p2a: Iron Crown|Quark Drive|[silent]
|switch|p2a: Lucario|Lucario, M, shiny|100/100
|-damage|p2a: Lucario|98/100|[from] Stealth Rock
|move|p1a: Raging Bolt|Thunderclap||[still]
|-fail|p1a: Raging Bolt
|
|-heal|p1a: Raging Bolt|14/100 psn|[from] item: Leftovers
|-damage|p1a: Raging Bolt|1/100 psn|[from] psn
|-fieldend|move: Electric Terrain
|upkeep
|turn|17
|
|t:|1776063235
|move|p2a: Lucario|Swords Dance|p2a: Lucario
|-boost|p2a: Lucario|atk|2
|move|p1a: Raging Bolt|Thunderbolt|p2a: Lucario
|-damage|p2a: Lucario|16/100
|
|-heal|p1a: Raging Bolt|8/100 psn|[from] item: Leftovers
|-damage|p1a: Raging Bolt|0 fnt|[from] psn
|faint|p1a: Raging Bolt
|-end|p1a: Raging Bolt|Protosynthesis|[silent]
|upkeep
|
|t:|1776063247
|switch|p1a: Corviknight|Corviknight, M|100/100
|-damage|p1a: Corviknight|88/100|[from] Stealth Rock
|-ability|p1a: Corviknight|Pressure
|turn|18
|
|t:|1776063254
|move|p2a: Lucario|Close Combat|p1a: Corviknight
|-damage|p1a: Corviknight|12/100
|-unboost|p2a: Lucario|def|1
|-unboost|p2a: Lucario|spd|1
|-damage|p2a: Lucario|0 fnt|[from] item: Rocky Helmet|[of] p1a: Corviknight
|faint|p2a: Lucario
|move|p1a: Corviknight|Body Press|p2: Lucario|[notarget]
|-fail|p1a: Corviknight
|
|upkeep
|
|t:|1776063259
|switch|p2a: Iron Jugulis|Iron Jugulis, shiny|33/100
|-damage|p2a: Iron Jugulis|8/100|[from] Stealth Rock
|turn|19
|
|t:|1776063266
|move|p2a: Iron Jugulis|Air Slash|p1a: Corviknight
|-resisted|p1a: Corviknight
|-damage|p1a: Corviknight|0 fnt
|faint|p1a: Corviknight
|
|upkeep
|
|t:|1776063277
|switch|p1a: Cinderace|Cinderace, M|16/100
|turn|20
|
|t:|1776063280
|move|p1a: Cinderace|Sucker Punch|p2a: Iron Jugulis
|-start|p1a: Cinderace|typechange|Dark|[from] ability: Libero
|-resisted|p2a: Iron Jugulis
|-damage|p2a: Iron Jugulis|0 fnt
|faint|p2a: Iron Jugulis
|-end|p2a: Iron Jugulis|Quark Drive|[silent]
|
|upkeep
|
|t:|1776063283
|switch|p2a: Magnezone|Magnezone, shiny|36/100
|-damage|p2a: Magnezone|30/100|[from] Stealth Rock
|turn|21
|
|t:|1776063287
|switch|p1a: Ogerpon|Ogerpon-Wellspring, F|100/100
|-damage|p1a: Ogerpon|88/100|[from] Stealth Rock
|-damage|p1a: Ogerpon|76/100|[from] Spikes
|-status|p1a: Ogerpon|psn
|move|p2a: Magnezone|Volt Switch|p1a: Ogerpon
|-crit|p1a: Ogerpon
|-damage|p1a: Ogerpon|0 fnt
|faint|p1a: Ogerpon
|
|t:|1776063295
|switch|p2a: Iron Crown|Iron Crown|25/100|[from] Volt Switch
|-damage|p2a: Iron Crown|19/100|[from] Stealth Rock
|
|upkeep
|
|t:|1776063299
|switch|p1a: Cinderace|Cinderace, M|16/100
|turn|22
|
|t:|1776063302
|move|p1a: Cinderace|Pyro Ball|p2a: Iron Crown
|-supereffective|p2a: Iron Crown
|-damage|p2a: Iron Crown|0 fnt
|faint|p2a: Iron Crown
|-end|p2a: Iron Crown|Quark Drive|[silent]
|
|upkeep
|
|t:|1776063304
|switch|p2a: Magnezone|Magnezone, shiny|30/100
|-damage|p2a: Magnezone|24/100|[from] Stealth Rock
|turn|23
|
|t:|1776063307
|-terastallize|p2a: Magnezone|Fighting
|move|p1a: Cinderace|Pyro Ball|p2a: Magnezone
|-damage|p2a: Magnezone|0 fnt
|faint|p2a: Magnezone
|
|win|N-Bromosuccinimide
|raw|N-Bromosuccinimide's rating: 1128 &rarr; <strong>1151</strong><br />(+23 for winning)
|raw|lalalafoo's rating: 1101 &rarr; <strong>1078</strong><br />(-23 for losing)
|l|‽lalalafoo
|player|p2|
|c|☆N-Bromosuccinimide|gg
