|html|<div class="broadcast-blue"><strong>[Gen 9] OU is currently suspecting Tera Blast! For information on how to participate check out the <a href="https://www.smogon.com/tools/suspects/view/200">suspect thread</a>.</strong></div>
|j|☆kjojon
|j|‽Hellgrrrl
|t:|1776194577
|gametype|singles
|player|p1|kjojon|brock|1118
|player|p2|Hellgrrrl|kimonogirl|1164
|gen|9
|tier|[Gen 9] OU
|rated|
|rule|HP Percentage Mod: HP is shown in percentages
|rule|Endless Battle Clause: Forcing endless battles is banned
|rule|Species Clause: Limit one of each Pokémon
|rule|OHKO Clause: OHKO moves are banned
|rule|Evasion Items Clause: Evasion items are banned
|rule|Evasion Moves Clause: Evasion moves are banned
|rule|Evasion Abilities Clause: Evasion abilities are banned
|rule|Sleep Moves Clause: Sleep-inducing moves are banned
|clearpoke
|poke|p1|Weezing-Galar, F|
|poke|p1|Cinderace, F|
|poke|p1|Duraludon, M|
|poke|p1|Hitmontop, M|
|poke|p1|Necrozma|
|poke|p1|Porygon-Z|
|poke|p2|Grimmsnarl, M|
|poke|p2|Ceruledge, F|
|poke|p2|Hydreigon, M|
|poke|p2|Metagross|
|poke|p2|Thundurus-Therian, M|
|poke|p2|Quaquaval, F|
|teampreview
|
|t:|1776194585
|teamsize|p1|6
|teamsize|p2|6
|start
|switch|p1a: PoyPee|Porygon-Z, shiny|100/100
|switch|p2a: Grimmsnarl|Grimmsnarl, M|100/100
|turn|1
|
|t:|1776194588
|move|p2a: Grimmsnarl|Parting Shot|p1a: PoyPee
|-unboost|p1a: PoyPee|atk|1
|-unboost|p1a: PoyPee|spa|1
|
|t:|1776194595
|switch|p2a: Metagross|Metagross|100/100|[from] Parting Shot
|move|p1a: PoyPee|Tri Attack|p2a: Metagross
|-resisted|p2a: Metagross
|-crit|p2a: Metagross
|-damage|p2a: Metagross|52/100
|
|upkeep
|turn|2
|
|t:|1776194612
|switch|p1a: R-Pyrite|Necrozma, shiny|100/100
|-terastallize|p2a: Metagross|Normal
|move|p2a: Metagross|Explosion|p1a: R-Pyrite
|-enditem|p2a: Metagross|Normal Gem|[from] gem
|-damage|p1a: R-Pyrite|0 fnt
|faint|p2a: Metagross
|faint|p1a: R-Pyrite
|
|upkeep
|
|t:|1776194629
|switch|p1a: PoyPee|Porygon-Z, shiny|100/100
|switch|p2a: Quaquaval|Quaquaval, F|100/100
|turn|3
|
|t:|1776194633
|move|p2a: Quaquaval|Aqua Step|p1a: PoyPee
|-damage|p1a: PoyPee|50/100
|-boost|p2a: Quaquaval|spe|1
|move|p1a: PoyPee|Tri Attack|p2a: Quaquaval
|-damage|p2a: Quaquaval|40/100
|
|upkeep
|turn|4
|
|t:|1776194641
|move|p2a: Quaquaval|Close Combat|p1a: PoyPee
|-supereffective|p1a: PoyPee
|-damage|p1a: PoyPee|0 fnt
|-unboost|p2a: Quaquaval|def|1
|-unboost|p2a: Quaquaval|spd|1
|faint|p1a: PoyPee
|-ability|p2a: Quaquaval|Moxie|boost
|-boost|p2a: Quaquaval|atk|1
|
|upkeep
|
|t:|1776194646
|switch|p1a: Garfiel|Hitmontop, M|100/100
|turn|5
|
|t:|1776194652
|move|p1a: Garfiel|Fake Out|p2a: Quaquaval
|-damage|p2a: Quaquaval|0 fnt
|faint|p2a: Quaquaval
|
|upkeep
|
|t:|1776194658
|switch|p2a: Grimmsnarl|Grimmsnarl, M|100/100
|turn|6
|
|t:|1776194661
|move|p1a: Garfiel|Mach Punch|p2a: Grimmsnarl
|-damage|p2a: Grimmsnarl|71/100
|move|p2a: Grimmsnarl|Reflect|p2a: Grimmsnarl
|-sidestart|p2: Hellgrrrl|Reflect
|
|upkeep
|turn|7
|
|t:|1776194670
|switch|p1a: Joao|Cinderace, F, shiny|100/100
|move|p2a: Grimmsnarl|Parting Shot|p1a: Joao
|-unboost|p1a: Joao|atk|1
|-unboost|p1a: Joao|spa|1
|inactive|Battle timer is ON: inactive players will automatically lose when time's up. (requested by kjojon)
|
|t:|1776194694
|switch|p2a: Thundurus|Thundurus-Therian, M|100/100|[from] Parting Shot
|
|upkeep
|turn|8
|
|t:|1776194701
|move|p1a: Joao|Court Change|p1a: Joao
|-start|p1a: Joao|typechange|Normal|[from] ability: Libero
|-swapsideconditions
|-activate|p1a: Joao|move: Court Change
|move|p2a: Thundurus|Volt Switch|p1a: Joao
|-damage|p1a: Joao|45/100
|
|t:|1776194708
|switch|p2a: Hydreigon|Hydreigon, M|100/100|[from] Volt Switch
|
|upkeep
|turn|9
|
|t:|1776194717
|switch|p1a: Garfiel|Hitmontop, M|100/100
|move|p2a: Hydreigon|Substitute|p2a: Hydreigon
|-start|p2a: Hydreigon|Substitute
|-damage|p2a: Hydreigon|76/100
|
|-heal|p2a: Hydreigon|82/100|[from] item: Leftovers
|upkeep
|turn|10
|
|t:|1776194726
|move|p1a: Garfiel|Fake Out|p2a: Hydreigon
|-end|p2a: Hydreigon|Substitute
|move|p2a: Hydreigon|Nasty Plot|p2a: Hydreigon
|-boost|p2a: Hydreigon|spa|2
|
|-heal|p2a: Hydreigon|88/100|[from] item: Leftovers
|upkeep
|turn|11
|
|t:|1776194736
|move|p1a: Garfiel|Mach Punch|p2a: Hydreigon
|-supereffective|p2a: Hydreigon
|-damage|p2a: Hydreigon|16/100
|move|p2a: Hydreigon|Flash Cannon|p1a: Garfiel
|-damage|p1a: Garfiel|38/100
|-unboost|p1a: Garfiel|spd|1
|
|-heal|p2a: Hydreigon|22/100|[from] item: Leftovers
|upkeep
|turn|12
|
|t:|1776194744
|move|p1a: Garfiel|Mach Punch|p2a: Hydreigon
|-supereffective|p2a: Hydreigon
|-damage|p2a: Hydreigon|0 fnt
|faint|p2a: Hydreigon
|
|upkeep
|
|t:|1776194748
|switch|p2a: Thundurus|Thundurus-Therian, M|100/100
|turn|13
|
|t:|1776194752
|move|p2a: Thundurus|Volt Switch|p1a: Garfiel
|-damage|p1a: Garfiel|0 fnt
|faint|p1a: Garfiel
|
|t:|1776194756
|switch|p2a: Ceruledge|Ceruledge, F|100/100|[from] Volt Switch
|
|-sideend|p1: kjojon|Reflect
|upkeep
|
|t:|1776194762
|switch|p1a: Joao|Cinderace, F, shiny|45/100
|turn|14
|
|t:|1776194766
|move|p1a: Joao|Bulk Up|p1a: Joao
|-start|p1a: Joao|typechange|Fighting|[from] ability: Libero
|-boost|p1a: Joao|atk|1
|-boost|p1a: Joao|def|1
|move|p2a: Ceruledge|Swords Dance|p2a: Ceruledge
|-boost|p2a: Ceruledge|atk|2
|
|upkeep
|turn|15
|
|t:|1776194774
|move|p1a: Joao|Sucker Punch|p2a: Ceruledge
|-supereffective|p2a: Ceruledge
|-damage|p2a: Ceruledge|1/100
|-ability|p2a: Ceruledge|Weak Armor|boost
|-unboost|p2a: Ceruledge|def|1
|-boost|p2a: Ceruledge|spe|2
|move|p2a: Ceruledge|Shadow Sneak|p1a: Joao
|-damage|p1a: Joao|0 fnt
|faint|p1a: Joao
|
|upkeep
|
|t:|1776194787
|switch|p1a: Weezing|Weezing-Galar, F|100/100
|-ability|p1a: Weezing|Neutralizing Gas
|turn|16
|
|t:|1776194798
|move|p2a: Ceruledge|Bitter Blade|p1a: Weezing
|-damage|p1a: Weezing|0 fnt
|-heal|p2a: Ceruledge|52/100|[from] drain|[of] p1a: Weezing
|faint|p1a: Weezing
|-end|p1a: Weezing|ability: Neutralizing Gas
|
|upkeep
|
|t:|1776194802
|switch|p1a: Babylon|Duraludon, M, shiny|100/100
|turn|17
|
|t:|1776194809
|move|p2a: Ceruledge|Bitter Blade|p1a: Babylon
|-damage|p1a: Babylon|31/100
|-heal|p2a: Ceruledge|88/100|[from] drain|[of] p1a: Babylon
|move|p1a: Babylon|Dragon Pulse|p2a: Ceruledge
|-crit|p2a: Ceruledge
|-damage|p2a: Ceruledge|7/100
|
|upkeep
|turn|18
|
|t:|1776194818
|move|p2a: Ceruledge|Bitter Blade|p1a: Babylon
|-damage|p1a: Babylon|0 fnt
|-heal|p2a: Ceruledge|23/100|[from] drain|[of] p1a: Babylon
|faint|p1a: Babylon
|
|win|Hellgrrrl
|raw|kjojon's rating: 1118 &rarr; <strong>1096</strong><br />(-22 for losing)
|raw|Hellgrrrl's rating: 1164 &rarr; <strong>1186</strong><br />(+22 for winning)
