|html|<div class="broadcast-blue"><strong>[Gen 9] OU is currently suspecting Tera Blast! For information on how to participate check out the <a href="https://www.smogon.com/tools/suspects/view/200">suspect thread</a>.</strong></div>
|j|☆migui_121
|j|☆M16h15
|t:|1776084094
|gametype|singles
|player|p1|migui_121|boarder|1281
|player|p2|M16h15|cilan|1264
|gen|9
|tier|[Gen 9] OU
|rated|
|rule|HP Percentage Mod: HP is shown in percentages
|rule|Endless Battle Clause: Forcing endless battles is banned
|rule|Species Clause: Limit one of each Pokémon
|rule|OHKO Clause: OHKO moves are banned
|rule|Evasion Items Clause: Evasion items are banned
|rule|Evasion Moves Clause: Evasion moves are banned
|rule|Evasion Abilities Clause: Evasion abilities are banned
|rule|Sleep Moves Clause: Sleep-inducing moves are banned
|clearpoke
|poke|p1|Porygon2|
|poke|p1|Breloom, M|
|poke|p1|Garganacl, F|
|poke|p1|Gliscor, M|
|poke|p1|Alomomola, F|
|poke|p1|Mandibuzz, F|
|poke|p2|Uxie|
|poke|p2|Alomomola, F|
|poke|p2|Gliscor, F|
|poke|p2|Meowscarada, F|
|poke|p2|Garganacl, F|
|poke|p2|Scizor, M|
|teampreview
|inactive|Battle timer is ON: inactive players will automatically lose when time's up. (requested by migui_121)
|
|t:|1776084104
|teamsize|p1|6
|teamsize|p2|6
|start
|switch|p1a: Mandibuzz|Mandibuzz, F|100/100
|switch|p2a: Meowscarada|Meowscarada, F|100/100
|turn|1
|
|t:|1776084131
|move|p2a: Meowscarada|Knock Off|p1a: Mandibuzz
|-start|p2a: Meowscarada|typechange|Dark|[from] ability: Protean
|-resisted|p1a: Mandibuzz
|-damage|p1a: Mandibuzz|86/100
|-enditem|p1a: Mandibuzz|Heavy-Duty Boots|[from] move: Knock Off|[of] p2a: Meowscarada
|move|p1a: Mandibuzz|Knock Off|p2a: Meowscarada
|-resisted|p2a: Meowscarada
|-damage|p2a: Meowscarada|83/100
|-enditem|p2a: Meowscarada|Heavy-Duty Boots|[from] move: Knock Off|[of] p1a: Mandibuzz
|
|upkeep
|turn|2
|
|t:|1776084142
|move|p2a: Meowscarada|Triple Axel|p1a: Mandibuzz
|-supereffective|p1a: Mandibuzz
|-damage|p1a: Mandibuzz|78/100
|-supereffective|p1a: Mandibuzz
|-damage|p1a: Mandibuzz|61/100
|-supereffective|p1a: Mandibuzz
|-damage|p1a: Mandibuzz|38/100
|-hitcount|p1a: Mandibuzz|3
|move|p1a: Mandibuzz|Toxic|p2a: Meowscarada
|-status|p2a: Meowscarada|tox
|
|-damage|p2a: Meowscarada|77/100 tox|[from] psn
|upkeep
|turn|3
|
|t:|1776084153
|switch|p1a: Alomomola|Alomomola, F, shiny|100/100
|move|p2a: Meowscarada|U-turn|p1a: Alomomola
|-damage|p1a: Alomomola|86/100
|-damage|p2a: Meowscarada|61/100 tox|[from] item: Rocky Helmet|[of] p1a: Alomomola
|
|t:|1776084159
|switch|p2a: Alomomola|Alomomola, F|100/100|[from] U-turn
|
|upkeep
|turn|4
|
|t:|1776084164
|move|p1a: Alomomola|Wish|p1a: Alomomola
|move|p2a: Alomomola|Wish|p2a: Alomomola
|
|upkeep
|turn|5
|
|t:|1776084169
|move|p1a: Alomomola|Flip Turn|p2a: Alomomola
|-resisted|p2a: Alomomola
|-damage|p2a: Alomomola|96/100
|
|t:|1776084173
|switch|p1a: Mandibuzz|Mandibuzz, F|38/100|[from] Flip Turn
|move|p2a: Alomomola|Flip Turn|p1a: Mandibuzz
|-damage|p1a: Mandibuzz|26/100
|
|t:|1776084178
|switch|p2a: Gliscor|Gliscor, F|100/100|[from] Flip Turn
|
|-heal|p1a: Mandibuzz|89/100|[from] move: Wish|[wisher] Alomomola
|-status|p2a: Gliscor|tox|[from] item: Toxic Orb
|upkeep
|turn|6
|
|t:|1776084193
|switch|p1a: Porygon2|Porygon2, shiny|100/100
|move|p2a: Gliscor|Toxic|p1a: Porygon2
|-status|p1a: Porygon2|tox
|
|-damage|p1a: Porygon2|94/100 tox|[from] psn
|upkeep
|turn|7
|
|t:|1776084202
|move|p2a: Gliscor|Spikes|p1a: Porygon2
|-sidestart|p1: migui_121|Spikes
|move|p1a: Porygon2|Ice Beam|p2a: Gliscor
|-supereffective|p2a: Gliscor
|-damage|p2a: Gliscor|0 fnt
|faint|p2a: Gliscor
|
|-damage|p1a: Porygon2|82/100 tox|[from] psn
|upkeep
|
|t:|1776084211
|switch|p2a: Uxie|Uxie|100/100
|turn|8
|
|t:|1776084215
|move|p2a: Uxie|Nasty Plot|p2a: Uxie
|-boost|p2a: Uxie|spa|2
|move|p1a: Porygon2|Shadow Ball|p2a: Uxie
|-supereffective|p2a: Uxie
|-damage|p2a: Uxie|51/100
|
|-heal|p2a: Uxie|58/100|[from] item: Leftovers
|-damage|p1a: Porygon2|64/100 tox|[from] psn
|upkeep
|turn|9
|
|t:|1776084224
|switch|p1a: Mandibuzz|Mandibuzz, F|89/100
|move|p2a: Uxie|Mystical Power|p1a: Mandibuzz
|-immune|p1a: Mandibuzz
|
|-heal|p2a: Uxie|64/100|[from] item: Leftovers
|upkeep
|turn|10
|
|t:|1776084232
|-terastallize|p2a: Uxie|Steel
|move|p2a: Uxie|Draining Kiss|p1a: Mandibuzz
|-supereffective|p1a: Mandibuzz
|-damage|p1a: Mandibuzz|65/100
|-heal|p2a: Uxie|85/100|[from] drain|[of] p1a: Mandibuzz
|move|p1a: Mandibuzz|Knock Off|p2a: Uxie
|-damage|p2a: Uxie|65/100
|-enditem|p2a: Uxie|Leftovers|[from] move: Knock Off|[of] p1a: Mandibuzz
|
|upkeep
|turn|11
|
|t:|1776084243
|move|p2a: Uxie|Nasty Plot|p2a: Uxie
|-boost|p2a: Uxie|spa|2
|move|p1a: Mandibuzz|Defog|p2a: Uxie
|-unboost|p2a: Uxie|evasion|1
|-sideend|p1: migui_121|Spikes|[from] move: Defog|[of] p1a: Mandibuzz
|
|upkeep
|turn|12
|
|t:|1776084257
|switch|p1a: Alomomola|Alomomola, F, shiny|100/100
|move|p2a: Uxie|Draining Kiss|p1a: Alomomola
|-damage|p1a: Alomomola|78/100
|-heal|p2a: Uxie|91/100|[from] drain|[of] p1a: Alomomola
|-damage|p2a: Uxie|74/100|[from] item: Rocky Helmet|[of] p1a: Alomomola
|
|upkeep
|turn|13
|
|t:|1776084266
|switch|p1a: Mandibuzz|Mandibuzz, F|65/100
|move|p2a: Uxie|Mystical Power|p1a: Mandibuzz
|-immune|p1a: Mandibuzz
|
|upkeep
|turn|14
|
|t:|1776084274
|move|p2a: Uxie|Nasty Plot|p2a: Uxie
|-boost|p2a: Uxie|spa|2
|move|p1a: Mandibuzz|Knock Off|p2a: Uxie
|-damage|p2a: Uxie|62/100
|
|upkeep
|turn|15
|
|t:|1776084280
|move|p2a: Uxie|Draining Kiss|p1a: Mandibuzz
|-supereffective|p1a: Mandibuzz
|-damage|p1a: Mandibuzz|17/100
|-heal|p2a: Uxie|100/100|[from] drain|[of] p1a: Mandibuzz
|move|p1a: Mandibuzz|Roost|p1a: Mandibuzz
|-heal|p1a: Mandibuzz|67/100
|-singleturn|p1a: Mandibuzz|move: Roost
|
|upkeep
|turn|16
|
|t:|1776084293
|switch|p1a: Alomomola|Alomomola, F, shiny|100/100
|move|p2a: Uxie|Draining Kiss|p1a: Alomomola
|-damage|p1a: Alomomola|72/100
|-damage|p2a: Uxie|84/100|[from] item: Rocky Helmet|[of] p1a: Alomomola
|
|upkeep
|turn|17
|
|t:|1776084300
|move|p2a: Uxie|Draining Kiss|p1a: Alomomola
|-damage|p1a: Alomomola|41/100
|-heal|p2a: Uxie|100/100|[from] drain|[of] p1a: Alomomola
|-damage|p2a: Uxie|84/100|[from] item: Rocky Helmet|[of] p1a: Alomomola
|move|p1a: Alomomola|Wish|p1a: Alomomola
|
|upkeep
|turn|18
|
|t:|1776084308
|move|p1a: Alomomola|Protect|p1a: Alomomola
|-singleturn|p1a: Alomomola|Protect
|move|p2a: Uxie|Draining Kiss|p1a: Alomomola
|-activate|p1a: Alomomola|move: Protect
|
|-heal|p1a: Alomomola|91/100|[from] move: Wish|[wisher] Alomomola
|upkeep
|turn|19
|
|t:|1776084315
|move|p2a: Uxie|Mystical Power|p1a: Alomomola
|-damage|p1a: Alomomola|32/100
|move|p1a: Alomomola|Flip Turn|p2a: Uxie
|-damage|p2a: Uxie|72/100
|
|t:|1776084323
|switch|p1a: Garganacl|Garganacl, F|100/100|[from] Flip Turn
|
|upkeep
|turn|20
|
|t:|1776084328
|move|p2a: Uxie|Mystical Power|p1a: Garganacl
|-damage|p1a: Garganacl|44/100
|move|p1a: Garganacl|Salt Cure|p2a: Uxie
|-resisted|p2a: Uxie
|-damage|p2a: Uxie|67/100
|-start|p2a: Uxie|Salt Cure
|
|-heal|p1a: Garganacl|50/100|[from] item: Leftovers
|-damage|p2a: Uxie|42/100|[from] Salt Cure
|upkeep
|turn|21
|
|t:|1776084339
|switch|p2a: Alomomola|Alomomola, F|100/100
|move|p1a: Garganacl|Protect||[still]
|-fail|p1a: Garganacl
|
|-heal|p1a: Garganacl|56/100|[from] item: Leftovers
|upkeep
|turn|22
|
|t:|1776084346
|move|p2a: Alomomola|Wish|p2a: Alomomola
|move|p1a: Garganacl|Salt Cure|p2a: Alomomola
|-damage|p2a: Alomomola|94/100
|-start|p2a: Alomomola|Salt Cure
|
|-heal|p1a: Garganacl|62/100|[from] item: Leftovers
|-damage|p2a: Alomomola|69/100|[from] Salt Cure
|upkeep
|turn|23
|
|t:|1776084354
|switch|p2a: Meowscarada|Meowscarada, F|61/100 tox
|move|p1a: Garganacl|Protect||[still]
|-fail|p1a: Garganacl
|
|-heal|p2a: Meowscarada|100/100 tox|[from] move: Wish|[wisher] Alomomola
|-heal|p1a: Garganacl|69/100|[from] item: Leftovers
|-damage|p2a: Meowscarada|94/100 tox|[from] psn
|upkeep
|turn|24
|
|t:|1776084368
|switch|p1a: Breloom|Breloom, M, shiny|100/100
|move|p2a: Meowscarada|Knock Off|p1a: Breloom
|-start|p2a: Meowscarada|typechange|Dark|[from] ability: Protean
|-resisted|p1a: Breloom
|-damage|p1a: Breloom|63/100
|-enditem|p1a: Breloom|Loaded Dice|[from] move: Knock Off|[of] p2a: Meowscarada
|
|-damage|p2a: Meowscarada|82/100 tox|[from] psn
|upkeep
|turn|25
|
|t:|1776084378
|switch|p2a: Scizor|Scizor, M|100/100
|move|p1a: Breloom|Mach Punch|p2a: Scizor
|-damage|p2a: Scizor|68/100
|
|upkeep
|turn|26
|
|t:|1776084387
|switch|p1a: Mandibuzz|Mandibuzz, F|67/100
|move|p2a: Scizor|Knock Off|p1a: Mandibuzz
|-resisted|p1a: Mandibuzz
|-damage|p1a: Mandibuzz|58/100
|
|upkeep
|turn|27
|
|t:|1776084394
|move|p1a: Mandibuzz|Knock Off|p2a: Scizor
|-damage|p2a: Scizor|44/100
|-enditem|p2a: Scizor|Heavy-Duty Boots|[from] move: Knock Off|[of] p1a: Mandibuzz
|move|p2a: Scizor|U-turn|p1a: Mandibuzz
|-damage|p1a: Mandibuzz|31/100
|
|t:|1776084402
|switch|p2a: Garganacl|Garganacl, F|100/100|[from] U-turn
|
|upkeep
|turn|28
|inactive|migui_121 has 120 seconds left.
|inactive|migui_121 has 90 seconds left.
|inactive|migui_121 has 60 seconds left.
|inactive|migui_121 has 30 seconds left.
|inactive|migui_121 has 20 seconds left.
|inactive|migui_121 has 15 seconds left.
|inactive|migui_121 has 10 seconds left.
|inactive|migui_121 has 5 seconds left.
|-message|migui_121 lost due to inactivity.
|
|win|M16h15
|raw|migui_121's rating: 1281 &rarr; <strong>1255</strong><br />(-26 for losing)
|raw|M16h15's rating: 1264 &rarr; <strong>1290</strong><br />(+26 for winning)
|l|☆M16h15
|player|p2|
