|html|<div class="broadcast-blue"><strong>[Gen 9] OU is currently suspecting Volcarona! For information on how to participate check out the <a href="https://www.smogon.com/tools/suspects/view/208">suspect thread</a>.</strong></div>
|j|☆fresh0
|j|☆Oooppplllop
|t:|1778503776
|gametype|singles
|player|p1|fresh0|1|1364
|player|p2|Oooppplllop|misty-gen2|1490
|gen|9
|tier|[Gen 9] OU
|rated|
|rule|HP Percentage Mod: HP is shown in percentages
|rule|Endless Battle Clause: Forcing endless battles is banned
|rule|Species Clause: Limit one of each Pokémon
|rule|OHKO Clause: OHKO moves are banned
|rule|Evasion Items Clause: Evasion items are banned
|rule|Evasion Moves Clause: Evasion moves are banned
|rule|Evasion Abilities Clause: Evasion abilities are banned
|rule|Sleep Moves Clause: Sleep-inducing moves are banned
|clearpoke
|poke|p1|Kingambit, F|
|poke|p1|Hattrem, F|
|poke|p1|Iron Hands|
|poke|p1|Hatterene, F|
|poke|p1|Glastrier|
|poke|p1|Hydrapple, M|
|poke|p2|Volcarona, M|
|poke|p2|Ogerpon-Wellspring, F|
|poke|p2|Kingambit, M|
|poke|p2|Dragonite, F|
|poke|p2|Gholdengo|
|poke|p2|Regieleki|
|teampreview
|inactive|Battle timer is ON: inactive players will automatically lose when time's up. (requested by Oooppplllop)
|
|t:|1778503782
|teamsize|p1|6
|teamsize|p2|6
|start
|switch|p1a: Hattrem|Hattrem, F|100/100
|switch|p2a: Regieleki|Regieleki|100/100
|turn|1
|
|t:|1778503788
|move|p2a: Regieleki|Light Screen|p2a: Regieleki
|-sidestart|p2: Oooppplllop|move: Light Screen
|move|p1a: Hattrem|Trick Room|p1a: Hattrem
|-fieldstart|move: Trick Room|[of] p1a: Hattrem
|
|upkeep
|turn|2
|
|t:|1778503803
|switch|p1a: Kingambit|Kingambit, F|100/100
|move|p2a: Regieleki|Reflect|p2a: Regieleki
|-sidestart|p2: Oooppplllop|Reflect
|
|upkeep
|turn|3
|
|t:|1778503807
|move|p1a: Kingambit|Brick Break|p2a: Regieleki
|-sideend|p2: Oooppplllop|Reflect
|-sideend|p2: Oooppplllop|move: Light Screen
|-damage|p2a: Regieleki|56/100
|move|p2a: Regieleki|Thunderbolt|p1a: Kingambit
|-damage|p1a: Kingambit|75/100
|
|upkeep
|turn|4
|
|t:|1778503815
|move|p1a: Kingambit|Kowtow Cleave|p2a: Regieleki
|-damage|p2a: Regieleki|0 fnt
|faint|p2a: Regieleki
|
|upkeep
|
|t:|1778503820
|switch|p2a: Volcarona|Volcarona, M|100/100
|turn|5
|
|t:|1778503832
|move|p1a: Kingambit|Kowtow Cleave|p2a: Volcarona
|-damage|p2a: Volcarona|30/100
|move|p2a: Volcarona|Fiery Dance|p1a: Kingambit
|-supereffective|p1a: Kingambit
|-damage|p1a: Kingambit|26/100
|
|-fieldend|move: Trick Room
|upkeep
|turn|6
|
|t:|1778503840
|-end|p1a: Kingambit|fallenundefined|[silent]
|switch|p1a: Hattrem|Hattrem, F|100/100
|move|p2a: Volcarona|Fiery Dance|p1a: Hattrem
|-damage|p1a: Hattrem|48/100
|-boost|p2a: Volcarona|spa|1
|
|upkeep
|turn|7
|
|t:|1778503853
|move|p2a: Volcarona|Fiery Dance|p1a: Hattrem
|-damage|p1a: Hattrem|0 fnt
|faint|p1a: Hattrem
|
|upkeep
|
|t:|1778503867
|switch|p1a: Hatterene|Hatterene, F|100/100
|turn|8
|
|t:|1778503870
|move|p2a: Volcarona|Giga Drain|p1a: Hatterene
|-damage|p1a: Hatterene|62/100
|-heal|p2a: Volcarona|50/100|[from] drain|[of] p1a: Hatterene
|move|p1a: Hatterene|Trick Room|p1a: Hatterene
|-fieldstart|move: Trick Room|[of] p1a: Hatterene
|
|upkeep
|turn|9
|
|t:|1778503878
|move|p1a: Hatterene|Healing Wish|p1a: Hatterene
|faint|p1a: Hatterene
|move|p2a: Volcarona|Giga Drain|p1: Hatterene|[notarget]
|-fail|p2a: Volcarona
|
|upkeep
|
|t:|1778503882
|switch|p1a: Iron Hands|Iron Hands|100/100
|turn|10
|
|t:|1778503885
|move|p1a: Iron Hands|Wild Charge|p2a: Volcarona
|-damage|p2a: Volcarona|0 fnt
|faint|p2a: Volcarona
|-damage|p1a: Iron Hands|93/100|[from] Recoil
|-damage|p1a: Iron Hands|83/100|[from] item: Life Orb
|
|upkeep
|
|t:|1778503889
|switch|p2a: Gholdengo|Gholdengo|100/100
|-item|p2a: Gholdengo|Air Balloon
|turn|11
|
|t:|1778503892
|move|p1a: Iron Hands|Wild Charge|p2a: Gholdengo
|-damage|p2a: Gholdengo|33/100
|-enditem|p2a: Gholdengo|Air Balloon
|-damage|p1a: Iron Hands|73/100|[from] Recoil
|-damage|p1a: Iron Hands|63/100|[from] item: Life Orb
|move|p2a: Gholdengo|Nasty Plot|p2a: Gholdengo
|-boost|p2a: Gholdengo|spa|2
|
|upkeep
|turn|12
|
|t:|1778503900
|move|p1a: Iron Hands|Wild Charge|p2a: Gholdengo
|-damage|p2a: Gholdengo|0 fnt
|faint|p2a: Gholdengo
|-damage|p1a: Iron Hands|57/100|[from] Recoil
|-damage|p1a: Iron Hands|47/100|[from] item: Life Orb
|
|-fieldend|move: Trick Room
|upkeep
|
|t:|1778503903
|switch|p2a: Dragonite|Dragonite, F|100/100
|turn|13
|
|t:|1778503906
|move|p2a: Dragonite|Dragon Dance|p2a: Dragonite
|-boost|p2a: Dragonite|atk|1
|-boost|p2a: Dragonite|spe|1
|move|p1a: Iron Hands|Ice Punch|p2a: Dragonite
|-supereffective|p2a: Dragonite
|-damage|p2a: Dragonite|20/100
|-damage|p1a: Iron Hands|37/100|[from] item: Life Orb
|
|upkeep
|turn|14
|
|t:|1778503916
|-end|p1a: Iron Hands|Quark Drive|[silent]
|switch|p1a: Hydrapple|Hydrapple, M|100/100
|move|p2a: Dragonite|Scale Shot|p1a: Hydrapple
|-supereffective|p1a: Hydrapple
|-damage|p1a: Hydrapple|70/100
|-supereffective|p1a: Hydrapple
|-damage|p1a: Hydrapple|39/100
|-supereffective|p1a: Hydrapple
|-damage|p1a: Hydrapple|3/100
|-supereffective|p1a: Hydrapple
|-crit|p1a: Hydrapple
|-damage|p1a: Hydrapple|0 fnt
|faint|p1a: Hydrapple
|-hitcount|p1: Hydrapple|4
|-unboost|p2a: Dragonite|def|1
|-boost|p2a: Dragonite|spe|1
|
|upkeep
|
|t:|1778503926
|switch|p1a: Glastrier|Glastrier|100/100
|turn|15
|
|t:|1778503929
|-terastallize|p2a: Dragonite|Fire
|move|p2a: Dragonite|Fire Punch|p1a: Glastrier
|-supereffective|p1a: Glastrier
|-damage|p1a: Glastrier|4/100
|move|p1a: Glastrier|Icicle Crash|p2a: Dragonite
|-resisted|p2a: Dragonite
|-damage|p2a: Dragonite|0 fnt
|faint|p2a: Dragonite
|-ability|p1a: Glastrier|Chilling Neigh|boost
|-boost|p1a: Glastrier|atk|1
|-damage|p1a: Glastrier|0 fnt|[from] item: Life Orb
|faint|p1a: Glastrier
|
|upkeep
|
|t:|1778503942
|switch|p2a: Ogerpon|Ogerpon-Wellspring, F|100/100
|switch|p1a: Iron Hands|Iron Hands|37/100
|-heal|p1a: Iron Hands|100/100|[from] move: Healing Wish
|turn|16
|
|t:|1778503961
|move|p2a: Ogerpon|Ivy Cudgel|p1a: Iron Hands|[anim] Ivy Cudgel Water
|-damage|p1a: Iron Hands|63/100
|move|p1a: Iron Hands|Swords Dance|p1a: Iron Hands
|-boost|p1a: Iron Hands|atk|2
|
|upkeep
|turn|17
|
|t:|1778503965
|move|p2a: Ogerpon|Ivy Cudgel|p1a: Iron Hands|[anim] Ivy Cudgel Water
|-crit|p1a: Iron Hands
|-damage|p1a: Iron Hands|8/100
|move|p1a: Iron Hands|Drain Punch|p2a: Ogerpon
|-damage|p2a: Ogerpon|0 fnt
|-heal|p1a: Iron Hands|37/100|[from] drain|[of] p2a: Ogerpon
|faint|p2a: Ogerpon
|-damage|p1a: Iron Hands|27/100|[from] item: Life Orb
|
|upkeep
|
|t:|1778503971
|switch|p2a: Kingambit|Kingambit, M|100/100
|-activate|p2a: Kingambit|ability: Supreme Overlord
|-start|p2a: Kingambit|fallen5|[silent]
|-item|p2a: Kingambit|Air Balloon
|turn|18
|
|t:|1778503977
|move|p2a: Kingambit|Iron Head|p1a: Iron Hands
|-resisted|p1a: Iron Hands
|-damage|p1a: Iron Hands|4/100
|cant|p1a: Iron Hands|flinch
|
|upkeep
|turn|19
|
|t:|1778503982
|move|p2a: Kingambit|Iron Head|p1a: Iron Hands
|-resisted|p1a: Iron Hands
|-damage|p1a: Iron Hands|0 fnt
|faint|p1a: Iron Hands
|-end|p1a: Iron Hands|Quark Drive|[silent]
|
|upkeep
|
|t:|1778503983
|switch|p1a: Kingambit|Kingambit, F|26/100
|-activate|p1a: Kingambit|ability: Supreme Overlord
|-start|p1a: Kingambit|fallen5|[silent]
|turn|20
|
|t:|1778503985
|-terastallize|p1a: Kingambit|Flying
|move|p2a: Kingambit|Low Kick|p1a: Kingambit
|-resisted|p1a: Kingambit
|-damage|p1a: Kingambit|5/100
|move|p1a: Kingambit|Brick Break|p2a: Kingambit
|-supereffective|p2a: Kingambit
|-damage|p2a: Kingambit|0 fnt
|-enditem|p2a: Kingambit|Air Balloon
|faint|p2a: Kingambit
|-end|p2a: Kingambit|fallen5|[silent]
|
|win|fresh0
|raw|fresh0's rating: 1364 &rarr; <strong>1391</strong><br />(+27 for winning)
|raw|Oooppplllop's rating: 1490 &rarr; <strong>1463</strong><br />(-27 for losing)
|c|☆fresh0|GG
|l|☆Oooppplllop
|player|p2|
|l|☆fresh0
|player|p1|
|j|☆fresh0
|player|p1|fresh0|1|
|l|☆fresh0
|player|p1|
