|html|<div class="broadcast-blue"><strong>[Gen 9] OU is currently suspecting Tera Blast! For information on how to participate check out the <a href="https://www.smogon.com/tools/suspects/view/200">suspect thread</a>.</strong></div>
|j|☆polaria_08
|j|☆DarkAngel205
|t:|1776060537
|gametype|singles
|player|p1|polaria_08|lady|1219
|player|p2|DarkAngel205|1|1272
|gen|9
|tier|[Gen 9] OU
|rated|
|rule|HP Percentage Mod: HP is shown in percentages
|rule|Endless Battle Clause: Forcing endless battles is banned
|rule|Species Clause: Limit one of each Pokémon
|rule|OHKO Clause: OHKO moves are banned
|rule|Evasion Items Clause: Evasion items are banned
|rule|Evasion Moves Clause: Evasion moves are banned
|rule|Evasion Abilities Clause: Evasion abilities are banned
|rule|Sleep Moves Clause: Sleep-inducing moves are banned
|clearpoke
|poke|p1|Skeledirge, M|
|poke|p1|Goodra, F|
|poke|p1|Milotic, F|
|poke|p1|Skarmory, M|
|poke|p1|Toxapex, M|
|poke|p1|Clodsire, M|
|poke|p2|Ninetales, F|
|poke|p2|Lilligant-Hisui, F|
|poke|p2|Walking Wake|
|poke|p2|Iron Moth|
|poke|p2|Great Tusk|
|poke|p2|Corviknight, M|
|teampreview
|
|t:|1776060547
|teamsize|p1|6
|teamsize|p2|6
|start
|switch|p1a: Staalwiek|Skarmory, M|100/100
|switch|p2a: Great Tusk|Great Tusk|100/100
|turn|1
|inactive|Battle timer is ON: inactive players will automatically lose when time's up. (requested by DarkAngel205)
|
|t:|1776060558
|-end|p2a: Great Tusk|Protosynthesis|[silent]
|switch|p2a: Ninetales|Ninetales, F, shiny|100/100
|-weather|SunnyDay|[from] ability: Drought|[of] p2a: Ninetales
|move|p1a: Staalwiek|Spikes|p2a: Ninetales
|-sidestart|p2: DarkAngel205|Spikes
|
|-weather|SunnyDay|[upkeep]
|upkeep
|turn|2
|
|t:|1776060565
|move|p2a: Ninetales|Weather Ball|p1a: Staalwiek
|-supereffective|p1a: Staalwiek
|-ability|p1a: Staalwiek|Sturdy
|-damage|p1a: Staalwiek|1/100
|move|p1a: Staalwiek|Spikes|p2a: Ninetales
|-sidestart|p2: DarkAngel205|Spikes
|
|-weather|SunnyDay|[upkeep]
|upkeep
|turn|3
|
|t:|1776060572
|move|p2a: Ninetales|Will-O-Wisp|p1a: Staalwiek
|-status|p1a: Staalwiek|brn
|move|p1a: Staalwiek|Brave Bird|p2a: Ninetales
|-damage|p2a: Ninetales|75/100
|-damage|p1a: Staalwiek|0 fnt|[from] Recoil
|faint|p1a: Staalwiek
|
|-weather|SunnyDay|[upkeep]
|upkeep
|
|t:|1776060580
|switch|p1a: Afdgrond|Clodsire, M|100/100
|turn|4
|
|t:|1776060583
|switch|p2a: Corviknight|Corviknight, M|100/100
|move|p1a: Afdgrond|Stealth Rock|p2a: Corviknight
|-sidestart|p2: DarkAngel205|move: Stealth Rock
|
|-weather|SunnyDay|[upkeep]
|upkeep
|turn|5
|
|t:|1776060593
|switch|p1a: Gifkroon|Toxapex, M, shiny|100/100
|move|p2a: Corviknight|Defog|p1a: Gifkroon
|-unboost|p1a: Gifkroon|evasion|1
|-sideend|p2: DarkAngel205|Spikes|[from] move: Defog|[of] p2a: Corviknight
|-sideend|p2: DarkAngel205|Stealth Rock|[from] move: Defog|[of] p2a: Corviknight
|
|-weather|SunnyDay|[upkeep]
|upkeep
|turn|6
|
|t:|1776060599
|move|p2a: Corviknight|Defog|p1a: Gifkroon
|-unboost|p1a: Gifkroon|evasion|1
|move|p1a: Gifkroon|Toxic Spikes|p2a: Corviknight
|-sidestart|p2: DarkAngel205|move: Toxic Spikes
|
|-weather|SunnyDay|[upkeep]
|upkeep
|turn|7
|
|t:|1776060605
|switch|p1a: Vlamzang|Skeledirge, M|100/100
|move|p2a: Corviknight|Defog|p1a: Vlamzang
|-unboost|p1a: Vlamzang|evasion|1
|-sideend|p2: DarkAngel205|Toxic Spikes|[from] move: Defog|[of] p2a: Corviknight
|
|-weather|SunnyDay|[upkeep]
|upkeep
|turn|8
|
|t:|1776060609
|move|p1a: Vlamzang|Torch Song|p2a: Corviknight
|-supereffective|p2a: Corviknight
|-damage|p2a: Corviknight|9/100
|-boost|p1a: Vlamzang|spa|1
|move|p2a: Corviknight|Roost|p2a: Corviknight
|-heal|p2a: Corviknight|59/100
|-singleturn|p2a: Corviknight|move: Roost
|
|-weather|none
|upkeep
|turn|9
|
|t:|1776060615
|switch|p2a: Ninetales|Ninetales, F, shiny|75/100
|-weather|SunnyDay|[from] ability: Drought|[of] p2a: Ninetales
|move|p1a: Vlamzang|Torch Song|p2a: Ninetales
|-resisted|p2a: Ninetales
|-damage|p2a: Ninetales|20/100
|-boost|p1a: Vlamzang|spa|1
|
|-weather|SunnyDay|[upkeep]
|upkeep
|turn|10
|
|t:|1776060620
|move|p2a: Ninetales|Scorching Sands|p1a: Vlamzang
|-supereffective|p1a: Vlamzang
|-damage|p1a: Vlamzang|65/100
|move|p1a: Vlamzang|Shadow Ball|p2a: Ninetales
|-damage|p2a: Ninetales|0 fnt
|faint|p2a: Ninetales
|
|-weather|SunnyDay|[upkeep]
|-heal|p1a: Vlamzang|71/100|[from] item: Leftovers
|upkeep
|
|t:|1776060623
|switch|p2a: Walking Wake|Walking Wake|100/100
|-activate|p2a: Walking Wake|ability: Protosynthesis
|-start|p2a: Walking Wake|protosynthesisspa
|turn|11
|
|t:|1776060632
|switch|p1a: Afdgrond|Clodsire, M|100/100
|move|p2a: Walking Wake|Hydro Steam|p1a: Afdgrond
|-supereffective|p1a: Afdgrond
|-damage|p1a: Afdgrond|13/100
|
|-weather|SunnyDay|[upkeep]
|-heal|p1a: Afdgrond|19/100|[from] item: Leftovers
|upkeep
|turn|12
|
|t:|1776060635
|move|p2a: Walking Wake|Hydro Steam|p1a: Afdgrond
|-supereffective|p1a: Afdgrond
|-damage|p1a: Afdgrond|0 fnt
|faint|p1a: Afdgrond
|
|-weather|SunnyDay|[upkeep]
|upkeep
|
|t:|1776060638
|switch|p1a: Gifkroon|Toxapex, M, shiny|100/100
|turn|13
|
|t:|1776060643
|move|p2a: Walking Wake|Dragon Pulse|p1a: Gifkroon
|-damage|p1a: Gifkroon|53/100
|move|p1a: Gifkroon|Toxic Spikes|p2a: Walking Wake
|-sidestart|p2: DarkAngel205|move: Toxic Spikes
|
|-weather|SunnyDay|[upkeep]
|-heal|p1a: Gifkroon|59/100|[from] item: Black Sludge
|upkeep
|turn|14
|
|t:|1776060651
|move|p2a: Walking Wake|Dragon Pulse|p1a: Gifkroon
|-damage|p1a: Gifkroon|2/100
|move|p1a: Gifkroon|Toxic Spikes|p2a: Walking Wake
|-sidestart|p2: DarkAngel205|move: Toxic Spikes
|
|-weather|SunnyDay|[upkeep]
|-heal|p1a: Gifkroon|9/100|[from] item: Black Sludge
|upkeep
|turn|15
|
|t:|1776060659
|move|p2a: Walking Wake|Dragon Pulse|p1a: Gifkroon
|-damage|p1a: Gifkroon|0 fnt
|faint|p1a: Gifkroon
|
|-weather|SunnyDay|[upkeep]
|upkeep
|
|t:|1776060662
|switch|p1a: Zeeziel|Milotic, F|100/100
|turn|16
|
|t:|1776060666
|move|p2a: Walking Wake|Dragon Pulse|p1a: Zeeziel
|-damage|p1a: Zeeziel|31/100
|move|p1a: Zeeziel|Dragon Tail|p2a: Walking Wake
|-supereffective|p2a: Walking Wake
|-damage|p2a: Walking Wake|82/100
|-end|p2a: Walking Wake|Protosynthesis|[silent]
|drag|p2a: Great Tusk|Great Tusk|100/100
|-status|p2a: Great Tusk|tox
|-activate|p2a: Great Tusk|ability: Protosynthesis
|-start|p2a: Great Tusk|protosynthesisatk
|
|-weather|none
|-end|p2a: Great Tusk|Protosynthesis
|-heal|p1a: Zeeziel|37/100|[from] item: Leftovers
|-damage|p2a: Great Tusk|94/100 tox|[from] psn
|upkeep
|turn|17
|
|t:|1776060676
|-terastallize|p1a: Zeeziel|Water
|move|p2a: Great Tusk|Close Combat|p1a: Zeeziel
|-damage|p1a: Zeeziel|0 fnt
|-unboost|p2a: Great Tusk|def|1
|-unboost|p2a: Great Tusk|spd|1
|faint|p1a: Zeeziel
|
|-heal|p2a: Great Tusk|100/100 tox|[from] item: Leftovers
|-damage|p2a: Great Tusk|88/100 tox|[from] psn
|upkeep
|
|t:|1776060681
|switch|p1a: Mistdraak|Goodra, F, shiny|100/100
|turn|18
|
|t:|1776060686
|-end|p2a: Great Tusk|Protosynthesis|[silent]
|switch|p2a: Corviknight|Corviknight, M|59/100
|move|p1a: Mistdraak|Draco Meteor|p2a: Corviknight
|-resisted|p2a: Corviknight
|-damage|p2a: Corviknight|34/100
|-unboost|p1a: Mistdraak|spa|2
|
|upkeep
|turn|19
|
|t:|1776060691
|move|p1a: Mistdraak|Flamethrower|p2a: Corviknight
|-supereffective|p2a: Corviknight
|-damage|p2a: Corviknight|11/100
|move|p2a: Corviknight|Roost|p2a: Corviknight
|-heal|p2a: Corviknight|61/100
|-singleturn|p2a: Corviknight|move: Roost
|
|upkeep
|turn|20
|
|t:|1776060697
|move|p1a: Mistdraak|Flamethrower|p2a: Corviknight
|-supereffective|p2a: Corviknight
|-damage|p2a: Corviknight|39/100
|move|p2a: Corviknight|Defog|p1a: Mistdraak
|-unboost|p1a: Mistdraak|evasion|1
|-sideend|p2: DarkAngel205|Toxic Spikes|[from] move: Defog|[of] p2a: Corviknight
|
|upkeep
|turn|21
|
|t:|1776060700
|move|p1a: Mistdraak|Thunderbolt|p2a: Corviknight
|-supereffective|p2a: Corviknight
|-damage|p2a: Corviknight|14/100
|move|p2a: Corviknight|Roost|p2a: Corviknight
|-heal|p2a: Corviknight|64/100
|-singleturn|p2a: Corviknight|move: Roost
|
|upkeep
|turn|22
|
|t:|1776060703
|move|p1a: Mistdraak|Thunderbolt|p2a: Corviknight
|-supereffective|p2a: Corviknight
|-damage|p2a: Corviknight|40/100
|-status|p2a: Corviknight|par
|move|p2a: Corviknight|Sunny Day|p2a: Corviknight
|-weather|SunnyDay
|
|-weather|SunnyDay|[upkeep]
|upkeep
|turn|23
|
|t:|1776060707
|switch|p2a: Great Tusk|Great Tusk|88/100 tox
|-activate|p2a: Great Tusk|ability: Protosynthesis
|-start|p2a: Great Tusk|protosynthesisatk
|move|p1a: Mistdraak|Thunderbolt|p2a: Great Tusk
|-immune|p2a: Great Tusk
|
|-weather|SunnyDay|[upkeep]
|-heal|p2a: Great Tusk|94/100 tox|[from] item: Leftovers
|-damage|p2a: Great Tusk|88/100 tox|[from] psn
|upkeep
|turn|24
|
|t:|1776060713
|move|p2a: Great Tusk|Ice Spinner|p1a: Mistdraak
|-supereffective|p1a: Mistdraak
|-damage|p1a: Mistdraak|8/100
|move|p1a: Mistdraak|Sludge Bomb|p2a: Great Tusk
|-resisted|p2a: Great Tusk
|-damage|p2a: Great Tusk|77/100 tox
|
|-weather|SunnyDay|[upkeep]
|-heal|p2a: Great Tusk|83/100 tox|[from] item: Leftovers
|-damage|p2a: Great Tusk|71/100 tox|[from] psn
|upkeep
|turn|25
|
|t:|1776060716
|switch|p1a: Vlamzang|Skeledirge, M|71/100
|move|p2a: Great Tusk|Earthquake|p1a: Vlamzang
|-supereffective|p1a: Vlamzang
|-damage|p1a: Vlamzang|0 fnt
|faint|p1a: Vlamzang
|
|-weather|SunnyDay|[upkeep]
|-heal|p2a: Great Tusk|77/100 tox|[from] item: Leftovers
|-damage|p2a: Great Tusk|58/100 tox|[from] psn
|upkeep
|
|t:|1776060718
|switch|p1a: Mistdraak|Goodra, F, shiny|8/100
|turn|26
|
|t:|1776060723
|move|p2a: Great Tusk|Close Combat|p1a: Mistdraak
|-damage|p1a: Mistdraak|0 fnt
|-unboost|p2a: Great Tusk|def|1
|-unboost|p2a: Great Tusk|spd|1
|faint|p1a: Mistdraak
|
|win|DarkAngel205
|raw|polaria_08's rating: 1219 &rarr; <strong>1198</strong><br />(-21 for losing)
|raw|DarkAngel205's rating: 1272 &rarr; <strong>1293</strong><br />(+21 for winning)
|l|☆polaria_08
|player|p1|
|l|☆DarkAngel205
|player|p2|
