|html|<div class="broadcast-blue"><strong>[Gen 9] OU is currently suspecting Tera Blast! For information on how to participate check out the <a href="https://www.smogon.com/tools/suspects/view/200">suspect thread</a>.</strong></div>
|j|☆tokiwakano
|j|☆trenko
|t:|1776144862
|gametype|singles
|player|p1|tokiwakano|acetrainerf|1640
|player|p2|trenko|pokekid|1610
|gen|9
|tier|[Gen 9] OU
|rated|
|rule|HP Percentage Mod: HP is shown in percentages
|rule|Endless Battle Clause: Forcing endless battles is banned
|rule|Species Clause: Limit one of each Pokémon
|rule|OHKO Clause: OHKO moves are banned
|rule|Evasion Items Clause: Evasion items are banned
|rule|Evasion Moves Clause: Evasion moves are banned
|rule|Evasion Abilities Clause: Evasion abilities are banned
|rule|Sleep Moves Clause: Sleep-inducing moves are banned
|clearpoke
|poke|p1|Great Tusk|
|poke|p1|Slowking-Galar, M|
|poke|p1|Corviknight, F|
|poke|p1|Clefable, F|
|poke|p1|Samurott-Hisui, M|
|poke|p1|Dragapult, F|
|poke|p2|Kyurem|
|poke|p2|Corviknight, M|
|poke|p2|Ting-Lu|
|poke|p2|Dondozo, M|
|poke|p2|Slowking-Galar, F|
|poke|p2|Cinderace, F|
|teampreview
|inactive|Battle timer is ON: inactive players will automatically lose when time's up. (requested by tokiwakano)
|j| w3erdtfyghujik
|
|t:|1776144869
|teamsize|p1|6
|teamsize|p2|6
|start
|switch|p1a: Dragapult|Dragapult, F|100/100
|switch|p2a: Cinderace|Cinderace, F|100/100
|turn|1
|
|t:|1776144872
|move|p1a: Dragapult|Draco Meteor|p2a: Cinderace
|-crit|p2a: Cinderace
|-damage|p2a: Cinderace|0 fnt
|-unboost|p1a: Dragapult|spa|2
|faint|p2a: Cinderace
|
|upkeep
|
|t:|1776144881
|switch|p2a: Slowking|Slowking-Galar, F|100/100
|turn|2
|
|t:|1776144886
|switch|p1a: Samurott|Samurott-Hisui, M|100/100
|move|p2a: Slowking|Future Sight|p1a: Samurott
|-start|p2a: Slowking|move: Future Sight
|
|upkeep
|turn|3
|
|t:|1776144894
|switch|p2a: Dondozo|Dondozo, M|100/100
|move|p1a: Samurott|Knock Off|p2a: Dondozo
|-damage|p2a: Dondozo|76/100
|-enditem|p2a: Dondozo|Leftovers|[from] move: Knock Off|[of] p1a: Samurott
|
|upkeep
|turn|4
|
|t:|1776144899
|move|p1a: Samurott|Ceaseless Edge|p2a: Dondozo
|-damage|p2a: Dondozo|51/100
|-sidestart|p2: trenko|Spikes
|move|p2a: Dondozo|Body Press|p1a: Samurott
|-supereffective|p1a: Samurott
|-damage|p1a: Samurott|50/100
|
|-end|p1a: Samurott|move: Future Sight
|-immune|p1a: Samurott
|upkeep
|turn|5
|
|t:|1776144907
|switch|p1a: Clefable|Clefable, F|100/100
|move|p2a: Dondozo|Body Press|p1a: Clefable
|-resisted|p1a: Clefable
|-damage|p1a: Clefable|92/100
|
|-heal|p1a: Clefable|98/100|[from] item: Leftovers
|upkeep
|turn|6
|
|t:|1776144912
|move|p1a: Clefable|Moonlight|p1a: Clefable
|-heal|p1a: Clefable|100/100
|move|p2a: Dondozo|Rest|p2a: Dondozo
|-status|p2a: Dondozo|slp|[from] move: Rest
|-heal|p2a: Dondozo|100/100 slp|[silent]
|
|upkeep
|turn|7
|
|t:|1776144915
|move|p1a: Clefable|Knock Off|p2a: Dondozo
|-damage|p2a: Dondozo|94/100 slp
|cant|p2a: Dondozo|slp
|
|upkeep
|turn|8
|
|t:|1776144917
|move|p1a: Clefable|Stealth Rock|p2a: Dondozo
|-sidestart|p2: trenko|move: Stealth Rock
|cant|p2a: Dondozo|slp
|
|upkeep
|turn|9
|
|t:|1776144920
|move|p1a: Clefable|Moonblast|p2a: Dondozo
|-damage|p2a: Dondozo|75/100 slp
|-curestatus|p2a: Dondozo|slp|[msg]
|move|p2a: Dondozo|Waterfall|p1a: Clefable
|-damage|p1a: Clefable|78/100
|
|-heal|p1a: Clefable|85/100|[from] item: Leftovers
|upkeep
|turn|10
|
|t:|1776144924
|move|p1a: Clefable|Moonblast|p2a: Dondozo
|-damage|p2a: Dondozo|55/100
|move|p2a: Dondozo|Waterfall|p1a: Clefable
|-damage|p1a: Clefable|62/100
|
|-heal|p1a: Clefable|69/100|[from] item: Leftovers
|upkeep
|turn|11
|
|t:|1776144929
|move|p1a: Clefable|Moonblast|p2a: Dondozo
|-damage|p2a: Dondozo|36/100
|move|p2a: Dondozo|Waterfall|p1a: Clefable
|-damage|p1a: Clefable|48/100
|
|-heal|p1a: Clefable|55/100|[from] item: Leftovers
|upkeep
|turn|12
|
|t:|1776144931
|move|p1a: Clefable|Moonlight|p1a: Clefable
|-heal|p1a: Clefable|100/100
|move|p2a: Dondozo|Rest|p2a: Dondozo
|-status|p2a: Dondozo|slp|[from] move: Rest
|-heal|p2a: Dondozo|100/100 slp|[silent]
|
|upkeep
|turn|13
|
|t:|1776144934
|switch|p1a: Dragapult|Dragapult, F|100/100
|switch|p2a: Corviknight|Corviknight, M|100/100
|-damage|p2a: Corviknight|88/100|[from] Stealth Rock
|-ability|p2a: Corviknight|Pressure
|
|upkeep
|turn|14
|
|t:|1776144938
|move|p1a: Dragapult|Thunderbolt|p2a: Corviknight
|-supereffective|p2a: Corviknight
|-damage|p2a: Corviknight|11/100
|move|p2a: Corviknight|Defog|p1a: Dragapult
|-fail|p1a: Dragapult|unboost|[from] ability: Clear Body|[of] p1a: Dragapult
|-sideend|p2: trenko|Spikes|[from] move: Defog|[of] p2a: Corviknight
|-sideend|p2: trenko|Stealth Rock|[from] move: Defog|[of] p2a: Corviknight
|
|upkeep
|turn|15
|
|t:|1776144942
|switch|p1a: Clefable|Clefable, F|100/100
|switch|p2a: Kyurem|Kyurem|100/100
|-ability|p2a: Kyurem|Pressure
|
|upkeep
|turn|16
|
|t:|1776144944
|move|p2a: Kyurem|Substitute|p2a: Kyurem
|-start|p2a: Kyurem|Substitute
|-damage|p2a: Kyurem|75/100
|move|p1a: Clefable|Stealth Rock|p2a: Kyurem
|-sidestart|p2: trenko|move: Stealth Rock
|
|-heal|p2a: Kyurem|82/100|[from] item: Leftovers
|upkeep
|turn|17
|
|t:|1776144949
|move|p2a: Kyurem|Protect|p2a: Kyurem
|-singleturn|p2a: Kyurem|Protect
|move|p1a: Clefable|Moonblast|p2a: Kyurem
|-activate|p2a: Kyurem|move: Protect
|
|-heal|p2a: Kyurem|88/100|[from] item: Leftovers
|upkeep
|turn|18
|
|t:|1776144955
|move|p2a: Kyurem|Freeze-Dry|p1a: Clefable
|-damage|p1a: Clefable|65/100
|move|p1a: Clefable|Moonblast|p2a: Kyurem
|-supereffective|p2a: Kyurem
|-end|p2a: Kyurem|Substitute
|
|-heal|p2a: Kyurem|94/100|[from] item: Leftovers
|-heal|p1a: Clefable|71/100|[from] item: Leftovers
|upkeep
|turn|19
|
|t:|1776144960
|move|p2a: Kyurem|Protect|p2a: Kyurem
|-singleturn|p2a: Kyurem|Protect
|move|p1a: Clefable|Moonblast|p2a: Kyurem
|-activate|p2a: Kyurem|move: Protect
|
|-heal|p2a: Kyurem|99/100|[from] item: Leftovers
|-heal|p1a: Clefable|77/100|[from] item: Leftovers
|upkeep
|turn|20
|
|t:|1776144962
|move|p2a: Kyurem|Substitute|p2a: Kyurem
|-start|p2a: Kyurem|Substitute
|-damage|p2a: Kyurem|75/100
|move|p1a: Clefable|Moonblast|p2a: Kyurem
|-supereffective|p2a: Kyurem
|-end|p2a: Kyurem|Substitute
|
|-heal|p2a: Kyurem|81/100|[from] item: Leftovers
|-heal|p1a: Clefable|83/100|[from] item: Leftovers
|upkeep
|turn|21
|
|t:|1776144964
|move|p2a: Kyurem|Protect|p2a: Kyurem
|-singleturn|p2a: Kyurem|Protect
|move|p1a: Clefable|Knock Off|p2a: Kyurem
|-activate|p2a: Kyurem|move: Protect
|
|-heal|p2a: Kyurem|88/100|[from] item: Leftovers
|-heal|p1a: Clefable|89/100|[from] item: Leftovers
|upkeep
|turn|22
|
|t:|1776144968
|move|p2a: Kyurem|Substitute|p2a: Kyurem
|-start|p2a: Kyurem|Substitute
|-damage|p2a: Kyurem|63/100
|move|p1a: Clefable|Moonblast|p2a: Kyurem
|-supereffective|p2a: Kyurem
|-end|p2a: Kyurem|Substitute
|
|-heal|p2a: Kyurem|69/100|[from] item: Leftovers
|-heal|p1a: Clefable|95/100|[from] item: Leftovers
|upkeep
|turn|23
|
|t:|1776144971
|move|p2a: Kyurem|Protect|p2a: Kyurem
|-singleturn|p2a: Kyurem|Protect
|move|p1a: Clefable|Moonblast|p2a: Kyurem
|-activate|p2a: Kyurem|move: Protect
|
|-heal|p2a: Kyurem|75/100|[from] item: Leftovers
|-heal|p1a: Clefable|100/100|[from] item: Leftovers
|upkeep
|turn|24
|
|t:|1776144974
|switch|p2a: Corviknight|Corviknight, M|11/100
|-damage|p2a: Corviknight|0 fnt|[from] Stealth Rock
|faint|p2a: Corviknight
|move|p1a: Clefable|Moonblast|p2: Corviknight|[notarget]
|-fail|p1a: Clefable
|
|upkeep
|
|t:|1776144984
|switch|p2a: Slowking|Slowking-Galar, F|100/100
|-damage|p2a: Slowking|88/100|[from] Stealth Rock
|turn|25
|
|t:|1776144987
|switch|p1a: Samurott|Samurott-Hisui, M|50/100
|-prepare|p2a: Slowking|Chilly Reception|[premajor]
|move|p2a: Slowking|Chilly Reception|p2a: Slowking
|-weather|Snowscape
|
|t:|1776144992
|switch|p2a: Kyurem|Kyurem|75/100|[from] Chilly Reception
|-damage|p2a: Kyurem|50/100|[from] Stealth Rock
|-ability|p2a: Kyurem|Pressure
|
|-weather|Snowscape|[upkeep]
|-heal|p2a: Kyurem|56/100|[from] item: Leftovers
|upkeep
|turn|26
|
|t:|1776144997
|-terastallize|p1a: Samurott|Fire
|move|p2a: Kyurem|Freeze-Dry|p1a: Samurott
|-resisted|p1a: Samurott
|-damage|p1a: Samurott|27/100
|move|p1a: Samurott|Knock Off|p2a: Kyurem
|-damage|p2a: Kyurem|30/100
|-enditem|p2a: Kyurem|Leftovers|[from] move: Knock Off|[of] p1a: Samurott
|
|-weather|Snowscape|[upkeep]
|upkeep
|turn|27
|
|t:|1776145005
|switch|p1a: Slowking|Slowking-Galar, M|100/100
|move|p2a: Kyurem|Earth Power|p1a: Slowking
|-supereffective|p1a: Slowking
|-damage|p1a: Slowking|71/100
|
|-weather|Snowscape|[upkeep]
|upkeep
|turn|28
|
|t:|1776145013
|move|p2a: Kyurem|Earth Power|p1a: Slowking
|-supereffective|p1a: Slowking
|-damage|p1a: Slowking|40/100
|move|p1a: Slowking|Ice Beam|p2a: Kyurem
|-damage|p2a: Kyurem|2/100
|
|-weather|Snowscape|[upkeep]
|upkeep
|turn|29
|
|t:|1776145019
|move|p2a: Kyurem|Earth Power|p1a: Slowking
|-supereffective|p1a: Slowking
|-damage|p1a: Slowking|8/100
|move|p1a: Slowking|Ice Beam|p2a: Kyurem
|-damage|p2a: Kyurem|0 fnt
|faint|p2a: Kyurem
|
|-weather|none
|upkeep
|
|t:|1776145024
|switch|p2a: Dondozo|Dondozo, M|100/100 slp
|-damage|p2a: Dondozo|88/100 slp|[from] Stealth Rock
|turn|30
|
|t:|1776145028
|switch|p1a: Dragapult|Dragapult, F|100/100
|cant|p2a: Dondozo|slp
|
|upkeep
|turn|31
|
|t:|1776145030
|-terastallize|p2a: Dondozo|Dark
|move|p1a: Dragapult|U-turn|p2a: Dondozo
|-supereffective|p2a: Dondozo
|-damage|p2a: Dondozo|69/100 slp
|
|t:|1776145034
|switch|p1a: Clefable|Clefable, F|100/100|[from] U-turn
|cant|p2a: Dondozo|slp
|
|upkeep
|turn|32
|-message|trenko forfeited.
|
|win|tokiwakano
|raw|tokiwakano's rating: 1640 &rarr; <strong>1658</strong><br />(+18 for winning)
|raw|trenko's rating: 1610 &rarr; <strong>1592</strong><br />(-18 for losing)
|l|☆trenko
|player|p2|
