|html|<div class="broadcast-blue"><strong>[Gen 9] OU is currently suspecting Tera Blast! For information on how to participate check out the <a href="https://www.smogon.com/tools/suspects/view/200">suspect thread</a>.</strong></div>
|j|☆monocyne
|j|☆thebest333
|t:|1776313372
|gametype|singles
|player|p1|monocyne|266|1215
|player|p2|thebest333|266|1248
|gen|9
|tier|[Gen 9] OU
|rated|
|rule|HP Percentage Mod: HP is shown in percentages
|rule|Endless Battle Clause: Forcing endless battles is banned
|rule|Species Clause: Limit one of each Pokémon
|rule|OHKO Clause: OHKO moves are banned
|rule|Evasion Items Clause: Evasion items are banned
|rule|Evasion Moves Clause: Evasion moves are banned
|rule|Evasion Abilities Clause: Evasion abilities are banned
|rule|Sleep Moves Clause: Sleep-inducing moves are banned
|clearpoke
|poke|p1|Zoroark-Hisui, F|
|poke|p1|Skarmory, F|
|poke|p1|Haxorus, M|
|poke|p1|Alomomola, M|
|poke|p1|Slowking-Galar, M|
|poke|p1|Great Tusk|
|poke|p2|Pecharunt|
|poke|p2|Gholdengo|
|poke|p2|Raging Bolt|
|poke|p2|Iron Valiant|
|poke|p2|Alomomola, M|
|poke|p2|Iron Treads|
|teampreview
|inactive|Battle timer is ON: inactive players will automatically lose when time's up. (requested by thebest333)
|
|t:|1776313396
|teamsize|p1|6
|teamsize|p2|6
|start
|switch|p1a: Slowking|Slowking-Galar, M|100/100
|switch|p2a: Iron Treads|Iron Treads|100/100
|-enditem|p2a: Iron Treads|Booster Energy
|-activate|p2a: Iron Treads|ability: Quark Drive|[fromitem]
|-start|p2a: Iron Treads|quarkdrivespe
|turn|1
|
|t:|1776313406
|move|p2a: Iron Treads|Knock Off|p1a: Slowking
|-supereffective|p1a: Slowking
|-damage|p1a: Slowking|43/100
|-enditem|p1a: Slowking|Assault Vest|[from] move: Knock Off|[of] p2a: Iron Treads
|move|p1a: Slowking|Fire Blast|p2a: Iron Treads
|-supereffective|p2a: Iron Treads
|-damage|p2a: Iron Treads|5/100
|
|upkeep
|turn|2
|
|t:|1776313416
|switch|p1a: Skarmory|Skarmory, F|100/100
|move|p2a: Iron Treads|Knock Off|p1a: Skarmory
|-damage|p1a: Skarmory|81/100
|-damage|p2a: Iron Treads|0 fnt|[from] item: Rocky Helmet|[of] p1a: Skarmory
|faint|p2a: Iron Treads
|-end|p2a: Iron Treads|Quark Drive|[silent]
|
|upkeep
|
|t:|1776313435
|switch|p2a: Alomomola|Alomomola, M|100/100
|turn|3
|
|t:|1776313444
|move|p1a: Skarmory|Spikes|p2a: Alomomola
|-sidestart|p2: thebest333|Spikes
|move|p2a: Alomomola|Scald|p1a: Skarmory
|-damage|p1a: Skarmory|62/100
|
|upkeep
|turn|4
|
|t:|1776313452
|move|p1a: Skarmory|Spikes|p2a: Alomomola
|-sidestart|p2: thebest333|Spikes
|move|p2a: Alomomola|Scald|p1a: Skarmory
|-damage|p1a: Skarmory|44/100
|-status|p1a: Skarmory|brn
|
|-damage|p1a: Skarmory|38/100 brn|[from] brn
|upkeep
|turn|5
|
|t:|1776313461
|move|p1a: Skarmory|Roost|p1a: Skarmory
|-heal|p1a: Skarmory|88/100 brn
|-singleturn|p1a: Skarmory|move: Roost
|move|p2a: Alomomola|Scald|p1a: Skarmory
|-damage|p1a: Skarmory|69/100 brn
|
|-damage|p1a: Skarmory|63/100 brn|[from] brn
|upkeep
|turn|6
|
|t:|1776313471
|move|p1a: Skarmory|Spikes|p2a: Alomomola
|-sidestart|p2: thebest333|Spikes
|move|p2a: Alomomola|Flip Turn|p1a: Skarmory
|-damage|p1a: Skarmory|54/100 brn
|-damage|p2a: Alomomola|84/100|[from] item: Rocky Helmet|[of] p1a: Skarmory
|
|t:|1776313477
|switch|p2a: Raging Bolt|Raging Bolt|100/100|[from] Flip Turn
|-damage|p2a: Raging Bolt|76/100|[from] Spikes
|-enditem|p2a: Raging Bolt|Booster Energy
|-activate|p2a: Raging Bolt|ability: Protosynthesis|[fromitem]
|-start|p2a: Raging Bolt|protosynthesisspa
|
|-damage|p1a: Skarmory|48/100 brn|[from] brn
|upkeep
|turn|7
|
|t:|1776313487
|switch|p1a: Great Tusk|Great Tusk|100/100
|move|p2a: Raging Bolt|Dragon Pulse|p1a: Great Tusk
|-damage|p1a: Great Tusk|0 fnt
|faint|p1a: Great Tusk
|-end|p1a: Great Tusk|Protosynthesis|[silent]
|
|upkeep
|
|t:|1776313501
|switch|p1a: Slowking|Slowking-Galar, M|76/100
|turn|8
|
|t:|1776313510
|move|p2a: Raging Bolt|Thunder|p1a: Slowking|[miss]
|-miss|p2a: Raging Bolt|p1a: Slowking
|move|p1a: Slowking|Ice Beam|p2a: Raging Bolt
|-supereffective|p2a: Raging Bolt
|-damage|p2a: Raging Bolt|28/100
|
|upkeep
|turn|9
|
|t:|1776313523
|-end|p2a: Raging Bolt|Protosynthesis|[silent]
|switch|p2a: Alomomola|Alomomola, M|100/100
|-damage|p2a: Alomomola|76/100|[from] Spikes
|move|p1a: Slowking|Ice Beam|p2a: Alomomola
|-resisted|p2a: Alomomola
|-damage|p2a: Alomomola|59/100
|
|-heal|p2a: Alomomola|65/100|[from] item: Leftovers
|upkeep
|turn|10
|
|t:|1776313537
|switch|p1a: Alomomola|Alomomola, M|100/100
|move|p2a: Alomomola|Scald|p1a: Alomomola
|-resisted|p1a: Alomomola
|-damage|p1a: Alomomola|92/100
|-status|p1a: Alomomola|brn
|
|-heal|p2a: Alomomola|71/100|[from] item: Leftovers
|-damage|p1a: Alomomola|86/100 brn|[from] brn
|upkeep
|turn|11
|
|t:|1776313548
|move|p2a: Alomomola|Wish|p2a: Alomomola
|move|p1a: Alomomola|Flip Turn|p2a: Alomomola
|-resisted|p2a: Alomomola
|-damage|p2a: Alomomola|69/100
|
|t:|1776313553
|switch|p1a: Skarmory|Skarmory, F|48/100 brn|[from] Flip Turn
|
|-heal|p2a: Alomomola|75/100|[from] item: Leftovers
|-damage|p1a: Skarmory|42/100 brn|[from] brn
|upkeep
|turn|12
|
|t:|1776313561
|move|p1a: Skarmory|Roost|p1a: Skarmory
|-heal|p1a: Skarmory|92/100 brn
|-singleturn|p1a: Skarmory|move: Roost
|move|p2a: Alomomola|Flip Turn|p1a: Skarmory
|-damage|p1a: Skarmory|84/100 brn
|-damage|p2a: Alomomola|59/100|[from] item: Rocky Helmet|[of] p1a: Skarmory
|
|t:|1776313569
|switch|p2a: Raging Bolt|Raging Bolt|28/100|[from] Flip Turn
|-damage|p2a: Raging Bolt|3/100|[from] Spikes
|
|-heal|p2a: Raging Bolt|62/100|[from] move: Wish|[wisher] Alomomola
|-damage|p1a: Skarmory|78/100 brn|[from] brn
|upkeep
|turn|13
|
|t:|1776313584
|switch|p1a: Slowking|Slowking-Galar, M|100/100
|move|p2a: Raging Bolt|Thunder|p1a: Slowking|[miss]
|-miss|p2a: Raging Bolt|p1a: Slowking
|
|upkeep
|turn|14
|
|t:|1776313591
|-terastallize|p2a: Raging Bolt|Fairy
|move|p2a: Raging Bolt|Thunder|p1a: Slowking|[miss]
|-miss|p2a: Raging Bolt|p1a: Slowking
|move|p1a: Slowking|Ice Beam|p2a: Raging Bolt
|-damage|p2a: Raging Bolt|39/100
|
|upkeep
|turn|15
|
|t:|1776313608
|move|p2a: Raging Bolt|Thunder|p1a: Slowking|[miss]
|-miss|p2a: Raging Bolt|p1a: Slowking
|move|p1a: Slowking|Sludge Bomb|p2a: Raging Bolt
|-supereffective|p2a: Raging Bolt
|-damage|p2a: Raging Bolt|0 fnt
|faint|p2a: Raging Bolt
|-end|p2a: Raging Bolt|Protosynthesis|[silent]
|
|upkeep
|-message|thebest333 forfeited.
|
|win|monocyne
|raw|monocyne's rating: 1215 &rarr; <strong>1242</strong><br />(+27 for winning)
|raw|thebest333's rating: 1248 &rarr; <strong>1221</strong><br />(-27 for losing)
|l|☆thebest333
|player|p2|
|c|☆monocyne|this is not your lucky day
