|html|<div class="broadcast-blue"><strong>[Gen 9] OU is currently suspecting Tera Blast! For information on how to participate check out the <a href="https://www.smogon.com/tools/suspects/view/200">suspect thread</a>.</strong></div>
|j|☆Fihdih
|j|☆Slem Glider
|t:|1776031797
|gametype|singles
|player|p1|Fihdih|1|1240
|player|p2|Slem Glider|medium|1210
|gen|9
|tier|[Gen 9] OU
|rated|
|rule|HP Percentage Mod: HP is shown in percentages
|rule|Endless Battle Clause: Forcing endless battles is banned
|rule|Species Clause: Limit one of each Pokémon
|rule|OHKO Clause: OHKO moves are banned
|rule|Evasion Items Clause: Evasion items are banned
|rule|Evasion Moves Clause: Evasion moves are banned
|rule|Evasion Abilities Clause: Evasion abilities are banned
|rule|Sleep Moves Clause: Sleep-inducing moves are banned
|clearpoke
|poke|p1|Ceruledge, F|
|poke|p1|Great Tusk|
|poke|p1|Iron Jugulis|
|poke|p1|Iron Crown|
|poke|p1|Samurott-Hisui, F|
|poke|p1|Rillaboom, M|
|poke|p2|Dragapult, F|
|poke|p2|Grimmsnarl, M|
|poke|p2|Glastrier|
|poke|p2|Iron Valiant|
|poke|p2|Kingambit, M|
|poke|p2|Iron Hands|
|teampreview
|inactive|Battle timer is ON: inactive players will automatically lose when time's up. (requested by Slem Glider)
|
|t:|1776031803
|teamsize|p1|6
|teamsize|p2|6
|start
|switch|p1a: Samurott|Samurott-Hisui, F|100/100
|switch|p2a: Dragapult|Dragapult, F|100/100
|turn|1
|
|t:|1776031813
|move|p2a: Dragapult|Dragon Darts|p1a: Samurott
|-damage|p1a: Samurott|63/100
|-anim|p2a: Dragapult|Dragon Darts|p1a: Samurott
|-damage|p1a: Samurott|24/100
|-damage|p2a: Dragapult|91/100|[from] item: Life Orb
|move|p1a: Samurott|Ceaseless Edge|p2a: Dragapult
|-supereffective|p2a: Dragapult
|-damage|p2a: Dragapult|0 fnt
|-sidestart|p2: Slem Glider|Spikes
|faint|p2a: Dragapult
|
|upkeep
|
|t:|1776031826
|switch|p2a: Iron Valiant|Iron Valiant|100/100
|-damage|p2a: Iron Valiant|88/100|[from] Spikes
|-enditem|p2a: Iron Valiant|Booster Energy
|-activate|p2a: Iron Valiant|ability: Quark Drive|[fromitem]
|-start|p2a: Iron Valiant|quarkdrivespe
|turn|2
|
|t:|1776031838
|move|p1a: Samurott|Aqua Jet|p2a: Iron Valiant
|-damage|p2a: Iron Valiant|64/100
|move|p2a: Iron Valiant|Moonblast|p1a: Samurott
|-supereffective|p1a: Samurott
|-damage|p1a: Samurott|0 fnt
|faint|p1a: Samurott
|
|upkeep
|
|t:|1776031853
|switch|p1a: Iron Crown|Iron Crown|100/100
|-enditem|p1a: Iron Crown|Booster Energy
|-activate|p1a: Iron Crown|ability: Quark Drive|[fromitem]
|-start|p1a: Iron Crown|quarkdrivespe
|turn|3
|
|t:|1776031869
|move|p2a: Iron Valiant|Destiny Bond|p2a: Iron Valiant
|-singlemove|p2a: Iron Valiant|Destiny Bond
|move|p1a: Iron Crown|Calm Mind|p1a: Iron Crown
|-boost|p1a: Iron Crown|spa|1
|-boost|p1a: Iron Crown|spd|1
|
|upkeep
|turn|4
|
|t:|1776031878
|move|p2a: Iron Valiant|Knock Off|p1a: Iron Crown
|-supereffective|p1a: Iron Crown
|-damage|p1a: Iron Crown|64/100
|move|p1a: Iron Crown|Calm Mind|p1a: Iron Crown
|-boost|p1a: Iron Crown|spa|1
|-boost|p1a: Iron Crown|spd|1
|
|upkeep
|turn|5
|
|t:|1776031887
|move|p2a: Iron Valiant|Knock Off|p1a: Iron Crown
|-supereffective|p1a: Iron Crown
|-damage|p1a: Iron Crown|23/100
|move|p1a: Iron Crown|Tachyon Cutter|p2a: Iron Valiant
|-supereffective|p2a: Iron Valiant
|-damage|p2a: Iron Valiant|0 fnt
|faint|p2a: Iron Valiant
|-end|p2a: Iron Valiant|Quark Drive|[silent]
|-hitcount|p2: Iron Valiant|1
|
|upkeep
|
|t:|1776031895
|switch|p2a: Leo|Kingambit, M|100/100
|-damage|p2a: Leo|88/100|[from] Spikes
|-activate|p2a: Leo|ability: Supreme Overlord
|-start|p2a: Leo|fallen2|[silent]
|turn|6
|
|t:|1776031901
|move|p1a: Iron Crown|Calm Mind|p1a: Iron Crown
|-boost|p1a: Iron Crown|spa|1
|-boost|p1a: Iron Crown|spd|1
|move|p2a: Leo|Kowtow Cleave|p1a: Iron Crown
|-supereffective|p1a: Iron Crown
|-damage|p1a: Iron Crown|0 fnt
|faint|p1a: Iron Crown
|-end|p1a: Iron Crown|Quark Drive|[silent]
|
|upkeep
|
|t:|1776031911
|switch|p1a: Ceruledge|Ceruledge, F|100/100
|turn|7
|
|t:|1776031924
|-end|p2a: Leo|fallen2|[silent]
|switch|p2a: Defo|Grimmsnarl, M|100/100
|-damage|p2a: Defo|88/100|[from] Spikes
|move|p1a: Ceruledge|Bitter Blade|p2a: Defo
|-damage|p2a: Defo|51/100
|
|upkeep
|turn|8
|
|t:|1776031928
|move|p2a: Defo|Reflect|p2a: Defo
|-sidestart|p2: Slem Glider|Reflect
|move|p1a: Ceruledge|Bulk Up|p1a: Ceruledge
|-boost|p1a: Ceruledge|atk|1
|-boost|p1a: Ceruledge|def|1
|
|upkeep
|turn|9
|
|t:|1776031935
|move|p2a: Defo|Taunt|p1a: Ceruledge
|-start|p1a: Ceruledge|move: Taunt
|move|p1a: Ceruledge|Bitter Blade|p2a: Defo
|-damage|p2a: Defo|25/100
|
|upkeep
|turn|10
|
|t:|1776031940
|move|p2a: Defo|Light Screen|p2a: Defo
|-sidestart|p2: Slem Glider|move: Light Screen
|move|p1a: Ceruledge|Bitter Blade|p2a: Defo
|-damage|p2a: Defo|0 fnt
|faint|p2a: Defo
|
|upkeep
|
|t:|1776031959
|switch|p2a: ey|Iron Hands|100/100
|-damage|p2a: ey|88/100|[from] Spikes
|turn|11
|-activate|p2a: ey|item: Quick Claw
|
|t:|1776031966
|move|p2a: ey|Swords Dance|p2a: ey
|-boost|p2a: ey|atk|2
|move|p1a: Ceruledge|Bitter Blade|p2a: ey
|-damage|p2a: ey|67/100
|
|-end|p1a: Ceruledge|move: Taunt
|upkeep
|turn|12
|
|t:|1776031973
|move|p1a: Ceruledge|Bulk Up|p1a: Ceruledge
|-boost|p1a: Ceruledge|atk|1
|-boost|p1a: Ceruledge|def|1
|move|p2a: ey|Wild Charge|p1a: Ceruledge
|-damage|p1a: Ceruledge|17/100
|-ability|p1a: Ceruledge|Weak Armor|boost
|-unboost|p1a: Ceruledge|def|1
|-boost|p1a: Ceruledge|spe|2
|-damage|p2a: ey|55/100|[from] Recoil
|
|upkeep
|turn|13
|
|t:|1776031985
|move|p1a: Ceruledge|Bitter Blade|p2a: ey
|-damage|p2a: ey|28/100
|-heal|p1a: Ceruledge|41/100|[from] drain|[of] p2a: ey
|move|p2a: ey|Wild Charge|p1a: Ceruledge
|-crit|p1a: Ceruledge
|-damage|p1a: Ceruledge|0 fnt
|faint|p1a: Ceruledge
|-damage|p2a: ey|22/100|[from] Recoil
|
|upkeep
|
|t:|1776031992
|switch|p1a: Rillaboom|Rillaboom, M|100/100
|-fieldstart|move: Grassy Terrain|[from] ability: Grassy Surge|[of] p1a: Rillaboom
|turn|14
|
|t:|1776032010
|move|p1a: Rillaboom|Grassy Glide|p2a: ey
|-damage|p2a: ey|4/100
|move|p2a: ey|Ice Punch|p1a: Rillaboom
|-supereffective|p1a: Rillaboom
|-damage|p1a: Rillaboom|0 fnt
|faint|p1a: Rillaboom
|
|-heal|p2a: ey|10/100|[from] Grassy Terrain
|upkeep
|
|t:|1776032016
|switch|p1a: Great Tusk|Great Tusk|100/100
|-enditem|p1a: Great Tusk|Booster Energy
|-activate|p1a: Great Tusk|ability: Protosynthesis|[fromitem]
|-start|p1a: Great Tusk|protosynthesisatk
|turn|15
|-activate|p2a: ey|item: Quick Claw
|
|t:|1776032028
|move|p2a: ey|Close Combat|p1a: Great Tusk
|-damage|p1a: Great Tusk|3/100
|-unboost|p2a: ey|def|1
|-unboost|p2a: ey|spd|1
|move|p1a: Great Tusk|Rapid Spin|p2a: ey
|-damage|p2a: ey|0 fnt
|-boost|p1a: Great Tusk|spe|1
|faint|p2a: ey
|-end|p2a: ey|Quark Drive|[silent]
|
|-heal|p1a: Great Tusk|10/100|[from] Grassy Terrain
|-sideend|p2: Slem Glider|Reflect
|upkeep
|
|t:|1776032044
|switch|p2a: Glastrier|Glastrier|100/100
|-damage|p2a: Glastrier|88/100|[from] Spikes
|turn|16
|
|t:|1776032066
|-terastallize|p2a: Glastrier|Fire
|move|p1a: Great Tusk|Knock Off|p2a: Glastrier
|-damage|p2a: Glastrier|63/100
|-enditem|p2a: Glastrier|Quick Claw|[from] move: Knock Off|[of] p1a: Great Tusk
|move|p2a: Glastrier|Tera Blast|p1a: Great Tusk|[anim] Tera Blast Fire
|-damage|p1a: Great Tusk|0 fnt
|faint|p1a: Great Tusk
|-end|p1a: Great Tusk|Protosynthesis|[silent]
|-ability|p2a: Glastrier|Chilling Neigh|boost
|-boost|p2a: Glastrier|atk|1
|
|-heal|p2a: Glastrier|69/100|[from] Grassy Terrain
|upkeep
|
|t:|1776032069
|switch|p1a: Iron Jugulis|Iron Jugulis|100/100
|-enditem|p1a: Iron Jugulis|Booster Energy
|-activate|p1a: Iron Jugulis|ability: Quark Drive|[fromitem]
|-start|p1a: Iron Jugulis|quarkdrivespe
|turn|17
|
|t:|1776032082
|move|p1a: Iron Jugulis|Earth Power|p2a: Glastrier
|-supereffective|p2a: Glastrier
|-damage|p2a: Glastrier|46/100
|move|p2a: Glastrier|Avalanche|p1a: Iron Jugulis
|-supereffective|p1a: Iron Jugulis
|-damage|p1a: Iron Jugulis|0 fnt
|faint|p1a: Iron Jugulis
|-end|p1a: Iron Jugulis|Quark Drive|[silent]
|
|win|Slem Glider
|raw|Fihdih's rating: 1240 &rarr; <strong>1213</strong><br />(-27 for losing)
|raw|Slem Glider's rating: 1210 &rarr; <strong>1237</strong><br />(+27 for winning)
|l|☆Fihdih
|player|p1|
|c|☆Slem Glider|gg
|l|☆Slem Glider
|player|p2|
