|html|<div class="broadcast-blue"><strong>[Gen 9] OU is currently suspecting Tera Blast! For information on how to participate check out the <a href="https://www.smogon.com/tools/suspects/view/200">suspect thread</a>.</strong></div>
|j|☆RealDwarfPlanet
|j|☆ttvsweenbeanz
|t:|1776095538
|gametype|singles
|player|p1|RealDwarfPlanet|fairytalegirl|1263
|player|p2|ttvsweenbeanz|170|1349
|gen|9
|tier|[Gen 9] OU
|rated|
|rule|HP Percentage Mod: HP is shown in percentages
|rule|Endless Battle Clause: Forcing endless battles is banned
|rule|Species Clause: Limit one of each Pokémon
|rule|OHKO Clause: OHKO moves are banned
|rule|Evasion Items Clause: Evasion items are banned
|rule|Evasion Moves Clause: Evasion moves are banned
|rule|Evasion Abilities Clause: Evasion abilities are banned
|rule|Sleep Moves Clause: Sleep-inducing moves are banned
|clearpoke
|poke|p1|Ninetales-Alola, M|
|poke|p1|Great Tusk|
|poke|p1|Dragapult, M|
|poke|p1|Iron Crown|
|poke|p1|Meowscarada, M|
|poke|p1|Iron Moth|
|poke|p2|Great Tusk|
|poke|p2|Cinderace, F|
|poke|p2|Primarina, M|
|poke|p2|Dragonite, M|
|poke|p2|Corviknight, F|
|poke|p2|Iron Valiant|
|teampreview
|inactive|Battle timer is ON: inactive players will automatically lose when time's up. (requested by ttvsweenbeanz)
|inactive|ttvsweenbeanz has 120 seconds left.
|
|t:|1776095570
|teamsize|p1|6
|teamsize|p2|6
|start
|switch|p1a: Ninetales|Ninetales-Alola, M|100/100
|switch|p2a: Primarina|Primarina, M|100/100
|-weather|Snowscape|[from] ability: Snow Warning|[of] p1a: Ninetales
|turn|1
|
|t:|1776095577
|move|p1a: Ninetales|Aurora Veil|p1a: Ninetales
|-sidestart|p1: RealDwarfPlanet|move: Aurora Veil
|move|p2a: Primarina|Whirlpool|p1a: Ninetales
|-damage|p1a: Ninetales|90/100
|-activate|p1a: Ninetales|move: Whirlpool|[of] p2a: Primarina
|
|-weather|Snowscape|[upkeep]
|-damage|p1a: Ninetales|78/100|[from] move: Whirlpool|[partiallytrapped]
|upkeep
|turn|2
|
|t:|1776095583
|move|p1a: Ninetales|Freeze-Dry|p2a: Primarina
|-supereffective|p2a: Primarina
|-damage|p2a: Primarina|76/100
|move|p2a: Primarina|Flip Turn|p1a: Ninetales
|-damage|p1a: Ninetales|72/100
|
|t:|1776095589
|switch|p2a: Dragonite|Dragonite, M|100/100|[from] Flip Turn
|
|-weather|Snowscape|[upkeep]
|-end|p1a: Ninetales|Whirlpool|[partiallytrapped]|[silent]
|upkeep
|turn|3
|
|t:|1776095598
|-terastallize|p2a: Dragonite|Fire
|move|p1a: Ninetales|Freeze-Dry|p2a: Dragonite
|-resisted|p2a: Dragonite
|-damage|p2a: Dragonite|95/100
|move|p2a: Dragonite|Dragon Dance|p2a: Dragonite
|-boost|p2a: Dragonite|atk|1
|-boost|p2a: Dragonite|spe|1
|
|-weather|Snowscape|[upkeep]
|upkeep
|turn|4
|
|t:|1776095609
|move|p2a: Dragonite|Dragon Dance|p2a: Dragonite
|-boost|p2a: Dragonite|atk|1
|-boost|p2a: Dragonite|spe|1
|move|p1a: Ninetales|Encore|p2a: Dragonite
|-start|p2a: Dragonite|Encore
|
|-weather|Snowscape|[upkeep]
|upkeep
|turn|5
|
|t:|1776095615
|switch|p1a: Great Tusk|Great Tusk|100/100
|move|p2a: Dragonite|Dragon Dance|p2a: Dragonite
|-boost|p2a: Dragonite|atk|1
|-boost|p2a: Dragonite|spe|1
|
|-weather|none
|upkeep
|turn|6
|
|t:|1776095624
|switch|p2a: Corviknight|Corviknight, F|100/100
|move|p1a: Great Tusk|Stealth Rock|p2a: Corviknight
|-sidestart|p2: ttvsweenbeanz|move: Stealth Rock
|
|upkeep
|turn|7
|
|t:|1776095632
|-end|p1a: Great Tusk|Protosynthesis|[silent]
|switch|p1a: Iron Moth|Iron Moth|100/100
|-enditem|p1a: Iron Moth|Booster Energy
|-activate|p1a: Iron Moth|ability: Quark Drive|[fromitem]
|-start|p1a: Iron Moth|quarkdrivespe
|move|p2a: Corviknight|Iron Defense|p2a: Corviknight
|-boost|p2a: Corviknight|def|2
|
|upkeep
|turn|8
|inactive|ttvsweenbeanz has 120 seconds left.
|
|t:|1776095672
|move|p1a: Iron Moth|Substitute|p1a: Iron Moth
|-start|p1a: Iron Moth|Substitute
|-damage|p1a: Iron Moth|76/100
|move|p2a: Corviknight|U-turn|p1a: Iron Moth
|-resisted|p1a: Iron Moth
|-activate|p1a: Iron Moth|move: Substitute|[damage]
|
|t:|1776095678
|switch|p2a: Dragonite|Dragonite, M, tera:Fire|95/100|[from] U-turn
|-damage|p2a: Dragonite|70/100|[from] Stealth Rock
|
|-sideend|p1: RealDwarfPlanet|move: Aurora Veil
|upkeep
|turn|9
|
|t:|1776095697
|move|p1a: Iron Moth|Sludge Wave|p2a: Dragonite
|-damage|p2a: Dragonite|17/100
|move|p2a: Dragonite|Scale Shot|p1a: Iron Moth
|-activate|p1a: Iron Moth|move: Substitute|[damage]
|-end|p1a: Iron Moth|Substitute
|-damage|p1a: Iron Moth|56/100
|-damage|p1a: Iron Moth|34/100
|-crit|p1a: Iron Moth
|-damage|p1a: Iron Moth|0 fnt
|faint|p1a: Iron Moth
|-end|p1a: Iron Moth|Quark Drive|[silent]
|-hitcount|p1: Iron Moth|5
|-unboost|p2a: Dragonite|def|1
|-boost|p2a: Dragonite|spe|1
|
|upkeep
|
|t:|1776095710
|switch|p1a: Dragapult|Dragapult, M|100/100
|turn|10
|inactive|ttvsweenbeanz has 120 seconds left.
|
|t:|1776095724
|move|p1a: Dragapult|Shadow Ball|p2a: Dragonite
|-damage|p2a: Dragonite|0 fnt
|faint|p2a: Dragonite
|
|upkeep
|inactive|ttvsweenbeanz has 120 seconds left.
|
|t:|1776095735
|switch|p2a: Iron Valiant|Iron Valiant|100/100
|-damage|p2a: Iron Valiant|94/100|[from] Stealth Rock
|-enditem|p2a: Iron Valiant|Booster Energy
|-activate|p2a: Iron Valiant|ability: Quark Drive|[fromitem]
|-start|p2a: Iron Valiant|quarkdrivespe
|turn|11
|inactive|ttvsweenbeanz has 120 seconds left.
|
|t:|1776095744
|switch|p1a: Iron Crown|Iron Crown|100/100
|move|p2a: Iron Valiant|Moonblast|p1a: Iron Crown
|-resisted|p1a: Iron Crown
|-damage|p1a: Iron Crown|83/100
|-unboost|p1a: Iron Crown|spa|1
|
|-heal|p1a: Iron Crown|89/100|[from] item: Leftovers
|upkeep
|turn|12
|inactive|ttvsweenbeanz has 120 seconds left.
|
|t:|1776095755
|move|p2a: Iron Valiant|Knock Off|p1a: Iron Crown
|-supereffective|p1a: Iron Crown
|-damage|p1a: Iron Crown|43/100
|-enditem|p1a: Iron Crown|Leftovers|[from] move: Knock Off|[of] p2a: Iron Valiant
|move|p1a: Iron Crown|Iron Defense|p1a: Iron Crown
|-boost|p1a: Iron Crown|def|2
|
|upkeep
|turn|13
|
|t:|1776095762
|move|p2a: Iron Valiant|Encore|p1a: Iron Crown
|-start|p1a: Iron Crown|Encore
|move|p1a: Iron Crown|Iron Defense|p1a: Iron Crown
|-boost|p1a: Iron Crown|def|2
|
|upkeep
|turn|14
|
|t:|1776095768
|move|p2a: Iron Valiant|Moonblast|p1a: Iron Crown
|-resisted|p1a: Iron Crown
|-damage|p1a: Iron Crown|24/100
|move|p1a: Iron Crown|Iron Defense|p1a: Iron Crown
|-boost|p1a: Iron Crown|def|2
|
|upkeep
|turn|15
|
|t:|1776095775
|move|p2a: Iron Valiant|Moonblast|p1a: Iron Crown
|-resisted|p1a: Iron Crown
|-damage|p1a: Iron Crown|4/100
|move|p1a: Iron Crown|Iron Defense|p1a: Iron Crown
|-boost|p1a: Iron Crown|def|0
|
|-end|p1a: Iron Crown|Encore
|upkeep
|turn|16
|
|t:|1776095782
|move|p2a: Iron Valiant|Encore|p1a: Iron Crown
|-start|p1a: Iron Crown|Encore
|move|p1a: Iron Crown|Iron Defense|p1a: Iron Crown
|-boost|p1a: Iron Crown|def|0
|
|upkeep
|turn|17
|
|t:|1776095785
|move|p2a: Iron Valiant|Moonblast|p1a: Iron Crown
|-resisted|p1a: Iron Crown
|-damage|p1a: Iron Crown|0 fnt
|faint|p1a: Iron Crown
|-end|p1a: Iron Crown|Quark Drive|[silent]
|
|upkeep
|
|t:|1776095792
|switch|p1a: Ninetales|Ninetales-Alola, M|72/100
|-weather|Snowscape|[from] ability: Snow Warning|[of] p1a: Ninetales
|turn|18
|
|t:|1776095808
|-end|p2a: Iron Valiant|Quark Drive|[silent]
|switch|p2a: Corviknight|Corviknight, F|100/100
|-damage|p2a: Corviknight|88/100|[from] Stealth Rock
|move|p1a: Ninetales|Aurora Veil|p1a: Ninetales
|-sidestart|p1: RealDwarfPlanet|move: Aurora Veil
|
|-weather|Snowscape|[upkeep]
|upkeep
|turn|19
|
|t:|1776095815
|move|p1a: Ninetales|Freeze-Dry|p2a: Corviknight
|-damage|p2a: Corviknight|68/100
|move|p2a: Corviknight|U-turn|p1a: Ninetales
|-resisted|p1a: Ninetales
|-damage|p1a: Ninetales|68/100
|
|t:|1776095828
|switch|p2a: Primarina|Primarina, M|76/100|[from] U-turn
|-damage|p2a: Primarina|64/100|[from] Stealth Rock
|
|-weather|Snowscape|[upkeep]
|upkeep
|turn|20
|
|t:|1776095832
|move|p1a: Ninetales|Freeze-Dry|p2a: Primarina
|-supereffective|p2a: Primarina
|-damage|p2a: Primarina|37/100
|move|p2a: Primarina|Whirlpool|p1a: Ninetales
|-damage|p1a: Ninetales|60/100
|-activate|p1a: Ninetales|move: Whirlpool|[of] p2a: Primarina
|
|-weather|Snowscape|[upkeep]
|-damage|p1a: Ninetales|47/100|[from] move: Whirlpool|[partiallytrapped]
|upkeep
|turn|21
|
|t:|1776095843
|move|p1a: Ninetales|Encore|p2a: Primarina
|-start|p2a: Primarina|Encore
|move|p2a: Primarina|Whirlpool|p1a: Ninetales
|-damage|p1a: Ninetales|37/100
|
|-weather|Snowscape|[upkeep]
|-damage|p1a: Ninetales|24/100|[from] move: Whirlpool|[partiallytrapped]
|upkeep
|turn|22
|
|t:|1776095852
|move|p1a: Ninetales|Freeze-Dry|p2a: Primarina
|-supereffective|p2a: Primarina
|-damage|p2a: Primarina|13/100
|move|p2a: Primarina|Whirlpool|p1a: Ninetales
|-damage|p1a: Ninetales|15/100
|
|-weather|none
|-damage|p1a: Ninetales|2/100|[from] move: Whirlpool|[partiallytrapped]
|upkeep
|turn|23
|
|t:|1776095879
|switch|p2a: Cinderace|Cinderace, F|100/100
|move|p1a: Ninetales|Freeze-Dry|p2a: Cinderace
|-resisted|p2a: Cinderace
|-damage|p2a: Cinderace|85/100
|
|-end|p1a: Ninetales|Whirlpool|[partiallytrapped]|[silent]
|upkeep
|turn|24
|
|t:|1776095889
|move|p2a: Cinderace|Pyro Ball|p1a: Ninetales
|-supereffective|p1a: Ninetales
|-damage|p1a: Ninetales|0 fnt
|faint|p1a: Ninetales
|
|upkeep
|
|t:|1776095895
|switch|p1a: Dragapult|Dragapult, M|100/100
|turn|25
|
|t:|1776095902
|move|p1a: Dragapult|Shadow Ball|p2a: Cinderace
|-damage|p2a: Cinderace|16/100
|move|p2a: Cinderace|Court Change|p2a: Cinderace
|-start|p2a: Cinderace|typechange|Normal|[from] ability: Libero
|-swapsideconditions
|-activate|p2a: Cinderace|move: Court Change
|
|-sideend|p2: ttvsweenbeanz|move: Aurora Veil
|upkeep
|turn|26
|
|t:|1776095916
|switch|p1a: Meowscarada|Meowscarada, M|100/100
|-damage|p1a: Meowscarada|88/100|[from] Stealth Rock
|move|p2a: Cinderace|Gunk Shot|p1a: Meowscarada
|-supereffective|p1a: Meowscarada
|-damage|p1a: Meowscarada|0 fnt
|faint|p1a: Meowscarada
|
|upkeep
|
|t:|1776095925
|switch|p1a: Great Tusk|Great Tusk|100/100
|turn|27
|
|t:|1776095937
|move|p2a: Cinderace|U-turn|p1a: Great Tusk
|-resisted|p1a: Great Tusk
|-damage|p1a: Great Tusk|93/100
|
|t:|1776095940
|switch|p2a: Corviknight|Corviknight, F|68/100|[from] U-turn
|move|p1a: Great Tusk|Rapid Spin|p2a: Corviknight
|-resisted|p2a: Corviknight
|-damage|p2a: Corviknight|64/100
|-boost|p1a: Great Tusk|spe|1
|-damage|p1a: Great Tusk|77/100|[from] item: Rocky Helmet|[of] p2a: Corviknight
|-sideend|p1: RealDwarfPlanet|Stealth Rock|[from] move: Rapid Spin|[of] p1a: Great Tusk
|
|upkeep
|turn|28
|
|t:|1776095955
|move|p1a: Great Tusk|Stealth Rock|p2a: Corviknight
|-sidestart|p2: ttvsweenbeanz|move: Stealth Rock
|move|p2a: Corviknight|Iron Defense|p2a: Corviknight
|-boost|p2a: Corviknight|def|2
|
|upkeep
|turn|29
|
|t:|1776095963
|move|p1a: Great Tusk|Ice Spinner|p2a: Corviknight
|-damage|p2a: Corviknight|56/100
|-damage|p1a: Great Tusk|60/100|[from] item: Rocky Helmet|[of] p2a: Corviknight
|move|p2a: Corviknight|Iron Defense|p2a: Corviknight
|-boost|p2a: Corviknight|def|2
|
|upkeep
|turn|30
|
|t:|1776095975
|-end|p1a: Great Tusk|Protosynthesis|[silent]
|switch|p1a: Dragapult|Dragapult, M|100/100
|move|p2a: Corviknight|Roost|p2a: Corviknight
|-heal|p2a: Corviknight|100/100
|-singleturn|p2a: Corviknight|move: Roost
|
|upkeep
|turn|31
|
|t:|1776095983
|-terastallize|p1a: Dragapult|Ghost
|move|p1a: Dragapult|Shadow Ball|p2a: Corviknight
|-damage|p2a: Corviknight|36/100
|move|p2a: Corviknight|U-turn|p1a: Dragapult
|-resisted|p1a: Dragapult
|-damage|p1a: Dragapult|91/100
|
|t:|1776096001
|switch|p2a: Cinderace|Cinderace, F|16/100|[from] U-turn
|
|upkeep
|turn|32
|
|t:|1776096008
|move|p1a: Dragapult|Shadow Ball|p2a: Cinderace
|-damage|p2a: Cinderace|0 fnt
|faint|p2a: Cinderace
|
|upkeep
|
|t:|1776096011
|switch|p2a: Primarina|Primarina, M|13/100
|-damage|p2a: Primarina|0 fnt|[from] Stealth Rock
|faint|p2a: Primarina
|
|t:|1776096013
|switch|p2a: Great Tusk|Great Tusk|100/100
|-damage|p2a: Great Tusk|98/100|[from] Stealth Rock
|-enditem|p2a: Great Tusk|Booster Energy
|-activate|p2a: Great Tusk|ability: Protosynthesis|[fromitem]
|-start|p2a: Great Tusk|protosynthesisatk
|turn|33
|
|t:|1776096020
|move|p1a: Dragapult|Shadow Ball|p2a: Great Tusk
|-damage|p2a: Great Tusk|0 fnt
|faint|p2a: Great Tusk
|-end|p2a: Great Tusk|Protosynthesis|[silent]
|
|upkeep
|
|t:|1776096025
|switch|p2a: Corviknight|Corviknight, F|36/100
|-damage|p2a: Corviknight|24/100|[from] Stealth Rock
|turn|34
|
|t:|1776096030
|move|p1a: Dragapult|Shadow Ball|p2a: Corviknight
|-damage|p2a: Corviknight|0 fnt
|faint|p2a: Corviknight
|
|upkeep
|
|t:|1776096032
|switch|p2a: Iron Valiant|Iron Valiant|94/100
|-damage|p2a: Iron Valiant|88/100|[from] Stealth Rock
|turn|35
|
|t:|1776096040
|move|p1a: Dragapult|Shadow Ball|p2a: Iron Valiant
|-damage|p2a: Iron Valiant|0 fnt
|faint|p2a: Iron Valiant
|-end|p2a: Iron Valiant|Quark Drive|[silent]
|
|win|RealDwarfPlanet
|raw|RealDwarfPlanet's rating: 1263 &rarr; <strong>1294</strong><br />(+31 for winning)
|raw|ttvsweenbeanz's rating: 1349 &rarr; <strong>1324</strong><br />(-25 for losing)
|l|☆ttvsweenbeanz
|player|p2|
|c|☆RealDwarfPlanet|gg
