|html|<div class="broadcast-blue"><strong>[Gen 9] OU is currently suspecting Tera Blast! For information on how to participate check out the <a href="https://www.smogon.com/tools/suspects/view/200">suspect thread</a>.</strong></div>
|j|☆Pampam8005
|j|☆GreninjaGlazer53
|t:|1776167521
|gametype|singles
|player|p1|Pampam8005|delinquent|1374
|player|p2|GreninjaGlazer53|hooligans|1349
|gen|9
|tier|[Gen 9] OU
|rated|
|rule|HP Percentage Mod: HP is shown in percentages
|rule|Endless Battle Clause: Forcing endless battles is banned
|rule|Species Clause: Limit one of each Pokémon
|rule|OHKO Clause: OHKO moves are banned
|rule|Evasion Items Clause: Evasion items are banned
|rule|Evasion Moves Clause: Evasion moves are banned
|rule|Evasion Abilities Clause: Evasion abilities are banned
|rule|Sleep Moves Clause: Sleep-inducing moves are banned
|clearpoke
|poke|p1|Hydrapple, M|
|poke|p1|Tyranitar, F|
|poke|p1|Moltres|
|poke|p1|Zamazenta-*|
|poke|p1|Slowking-Galar, F|
|poke|p1|Excadrill, F|
|poke|p2|Thundurus-Therian, M|
|poke|p2|Alomomola, F|
|poke|p2|Lokix, F|
|poke|p2|Corviknight, M|
|poke|p2|Hatterene, F|
|poke|p2|Garganacl, F|
|teampreview
|inactive|Battle timer is ON: inactive players will automatically lose when time's up. (requested by GreninjaGlazer53)
|
|t:|1776167536
|teamsize|p1|6
|teamsize|p2|6
|start
|switch|p1a: Moltres|Moltres|100/100
|switch|p2a: Lokix|Lokix, F|100/100
|turn|1
|
|t:|1776167541
|switch|p2a: Garganacl|Garganacl, F|100/100
|move|p1a: Moltres|Flamethrower|p2a: Garganacl
|-resisted|p2a: Garganacl
|-damage|p2a: Garganacl|88/100
|
|-heal|p2a: Garganacl|95/100|[from] item: Leftovers
|upkeep
|turn|2
|
|t:|1776167551
|move|p1a: Moltres|U-turn|p2a: Garganacl
|-damage|p2a: Garganacl|86/100
|
|t:|1776167556
|switch|p1a: Tyranitar|Tyranitar, F|100/100|[from] U-turn
|-weather|Sandstorm|[from] ability: Sand Stream|[of] p1a: Tyranitar
|move|p2a: Garganacl|Salt Cure|p1a: Tyranitar
|-damage|p1a: Tyranitar|91/100
|-start|p1a: Tyranitar|Salt Cure
|
|-weather|Sandstorm|[upkeep]
|-heal|p2a: Garganacl|92/100|[from] item: Leftovers
|-damage|p1a: Tyranitar|78/100|[from] Salt Cure
|upkeep
|turn|3
|
|t:|1776167564
|move|p1a: Tyranitar|Knock Off|p2a: Garganacl
|-damage|p2a: Garganacl|61/100
|-enditem|p2a: Garganacl|Leftovers|[from] move: Knock Off|[of] p1a: Tyranitar
|move|p2a: Garganacl|Stealth Rock|p1a: Tyranitar
|-sidestart|p1: Pampam8005|move: Stealth Rock
|
|-weather|Sandstorm|[upkeep]
|-damage|p1a: Tyranitar|66/100|[from] Salt Cure
|upkeep
|turn|4
|
|t:|1776167570
|move|p2a: Garganacl|Protect|p2a: Garganacl
|-singleturn|p2a: Garganacl|Protect
|move|p1a: Tyranitar|Stealth Rock|p2a: Garganacl
|-sidestart|p2: GreninjaGlazer53|move: Stealth Rock
|
|-weather|Sandstorm|[upkeep]
|-damage|p1a: Tyranitar|53/100|[from] Salt Cure
|upkeep
|turn|5
|
|t:|1776167581
|switch|p1a: Slowking|Slowking-Galar, F|100/100
|-damage|p1a: Slowking|88/100|[from] Stealth Rock
|move|p2a: Garganacl|Recover|p2a: Garganacl
|-heal|p2a: Garganacl|100/100
|
|-weather|Sandstorm|[upkeep]
|-damage|p1a: Slowking|82/100|[from] Sandstorm
|upkeep
|turn|6
|
|t:|1776167591
|move|p1a: Slowking|Psyshock|p2a: Garganacl
|-damage|p2a: Garganacl|81/100
|move|p2a: Garganacl|Salt Cure|p1a: Slowking
|-damage|p1a: Slowking|70/100
|-start|p1a: Slowking|Salt Cure
|
|-weather|Sandstorm|[upkeep]
|-damage|p1a: Slowking|64/100|[from] Sandstorm
|-damage|p1a: Slowking|52/100|[from] Salt Cure
|upkeep
|turn|7
|
|t:|1776167599
|switch|p1a: Hydrapple|Hydrapple, M|100/100
|move|p2a: Garganacl|Salt Cure|p1a: Hydrapple
|-damage|p1a: Hydrapple|92/100
|-start|p1a: Hydrapple|Salt Cure
|
|-weather|Sandstorm|[upkeep]
|-damage|p1a: Hydrapple|86/100|[from] Sandstorm
|-damage|p1a: Hydrapple|74/100|[from] Salt Cure
|upkeep
|turn|8
|
|t:|1776167604
|move|p2a: Garganacl|Protect|p2a: Garganacl
|-singleturn|p2a: Garganacl|Protect
|move|p1a: Hydrapple|Giga Drain|p2a: Garganacl
|-activate|p2a: Garganacl|move: Protect
|
|-weather|Sandstorm|[upkeep]
|-damage|p1a: Hydrapple|68/100|[from] Sandstorm
|-damage|p1a: Hydrapple|55/100|[from] Salt Cure
|upkeep
|turn|9
|
|t:|1776167616
|switch|p2a: Corviknight|Corviknight, M|100/100
|-damage|p2a: Corviknight|88/100|[from] Stealth Rock
|-ability|p2a: Corviknight|Pressure
|move|p1a: Hydrapple|Giga Drain|p2a: Corviknight
|-resisted|p2a: Corviknight
|-damage|p2a: Corviknight|81/100
|-heal|p1a: Hydrapple|59/100|[from] drain|[of] p2a: Corviknight
|
|-weather|none
|-damage|p1a: Hydrapple|47/100|[from] Salt Cure
|upkeep
|turn|10
|
|t:|1776167625
|switch|p1a: Moltres|Moltres|100/100
|move|p2a: Corviknight|Defog|p1a: Moltres
|-unboost|p1a: Moltres|evasion|1
|-sideend|p1: Pampam8005|Stealth Rock|[from] move: Defog|[of] p2a: Corviknight
|-sideend|p2: GreninjaGlazer53|Stealth Rock|[from] move: Defog|[of] p2a: Corviknight
|
|upkeep
|turn|11
|
|t:|1776167635
|switch|p2a: Garganacl|Garganacl, F|81/100
|move|p1a: Moltres|Roar|p2a: Garganacl
|drag|p2a: Corviknight|Corviknight, M|81/100
|-ability|p2a: Corviknight|Pressure
|
|upkeep
|turn|12
|
|t:|1776167642
|switch|p2a: Garganacl|Garganacl, F|81/100
|move|p1a: Moltres|Flamethrower|p2a: Garganacl
|-resisted|p2a: Garganacl
|-damage|p2a: Garganacl|68/100
|
|upkeep
|turn|13
|
|t:|1776167648
|move|p1a: Moltres|U-turn|p2a: Garganacl
|-damage|p2a: Garganacl|59/100
|
|t:|1776167657
|switch|p1a: Hydrapple|Hydrapple, M|80/100|[from] U-turn
|move|p2a: Garganacl|Salt Cure|p1a: Hydrapple
|-damage|p1a: Hydrapple|71/100
|-start|p1a: Hydrapple|Salt Cure
|
|-damage|p1a: Hydrapple|59/100|[from] Salt Cure
|upkeep
|turn|14
|
|t:|1776167663
|move|p2a: Garganacl|Protect|p2a: Garganacl
|-singleturn|p2a: Garganacl|Protect
|move|p1a: Hydrapple|Nasty Plot|p1a: Hydrapple
|-boost|p1a: Hydrapple|spa|2
|
|-damage|p1a: Hydrapple|46/100|[from] Salt Cure
|upkeep
|turn|15
|
|t:|1776167668
|switch|p2a: Corviknight|Corviknight, M|81/100
|-ability|p2a: Corviknight|Pressure
|move|p1a: Hydrapple|Fickle Beam|p2a: Corviknight|[anim] Fickle Beam All Out
|-activate|p1a: Hydrapple|move: Fickle Beam
|-resisted|p2a: Corviknight
|-damage|p2a: Corviknight|11/100
|
|-damage|p1a: Hydrapple|34/100|[from] Salt Cure
|upkeep
|turn|16
|
|t:|1776167680
|switch|p1a: Tyranitar|Tyranitar, F|53/100
|-weather|Sandstorm|[from] ability: Sand Stream|[of] p1a: Tyranitar
|move|p2a: Corviknight|U-turn|p1a: Tyranitar
|-supereffective|p1a: Tyranitar
|-damage|p1a: Tyranitar|31/100
|
|t:|1776167694
|switch|p2a: Garganacl|Garganacl, F|59/100|[from] U-turn
|
|-weather|Sandstorm|[upkeep]
|upkeep
|turn|17
|
|t:|1776167699
|switch|p2a: Hatterene|Hatterene, F|100/100
|move|p1a: Tyranitar|Stealth Rock|p2a: Hatterene
|move|p2a: Hatterene|Stealth Rock|p1a: Tyranitar|[from] ability: Magic Bounce
|-sidestart|p1: Pampam8005|move: Stealth Rock
|
|-weather|Sandstorm|[upkeep]
|-damage|p2a: Hatterene|95/100|[from] Sandstorm
|upkeep
|turn|18
|
|t:|1776167704
|move|p1a: Tyranitar|Knock Off|p2a: Hatterene
|-damage|p2a: Hatterene|60/100
|-damage|p1a: Tyranitar|14/100|[from] item: Rocky Helmet|[of] p2a: Hatterene
|-enditem|p2a: Hatterene|Rocky Helmet|[from] move: Knock Off|[of] p1a: Tyranitar
|move|p2a: Hatterene|Draining Kiss|p1a: Tyranitar
|-supereffective|p1a: Tyranitar
|-crit|p1a: Tyranitar
|-damage|p1a: Tyranitar|0 fnt
|-heal|p2a: Hatterene|73/100|[from] drain|[of] p1a: Tyranitar
|faint|p1a: Tyranitar
|
|-weather|Sandstorm|[upkeep]
|-damage|p2a: Hatterene|67/100|[from] Sandstorm
|upkeep
|
|t:|1776167713
|switch|p1a: Excadrill|Excadrill, F|100/100
|-damage|p1a: Excadrill|97/100|[from] Stealth Rock
|-item|p1a: Excadrill|Air Balloon
|turn|19
|
|t:|1776167720
|switch|p2a: Alomomola|Alomomola, F|100/100
|move|p1a: Excadrill|Iron Head|p2a: Alomomola
|-resisted|p2a: Alomomola
|-damage|p2a: Alomomola|88/100
|
|-weather|Sandstorm|[upkeep]
|-damage|p2a: Alomomola|82/100|[from] Sandstorm
|upkeep
|turn|20
|
|t:|1776167731
|switch|p1a: Slowking|Slowking-Galar, F|85/100
|-damage|p1a: Slowking|73/100|[from] Stealth Rock
|move|p2a: Alomomola|Scald|p1a: Slowking
|-damage|p1a: Slowking|65/100
|
|-weather|Sandstorm|[upkeep]
|-damage|p2a: Alomomola|76/100|[from] Sandstorm
|-damage|p1a: Slowking|59/100|[from] Sandstorm
|upkeep
|turn|21
|
|t:|1776167738
|move|p2a: Alomomola|Flip Turn|p1a: Slowking
|-damage|p1a: Slowking|47/100
|
|t:|1776167740
|switch|p2a: Garganacl|Garganacl, F|59/100|[from] Flip Turn
|move|p1a: Slowking|Sludge Bomb|p2a: Garganacl
|-resisted|p2a: Garganacl
|-damage|p2a: Garganacl|52/100
|
|-weather|Sandstorm|[upkeep]
|-damage|p1a: Slowking|41/100|[from] Sandstorm
|upkeep
|turn|22
|
|t:|1776167743
|switch|p1a: Hydrapple|Hydrapple, M|67/100
|move|p2a: Garganacl|Salt Cure|p1a: Hydrapple
|-damage|p1a: Hydrapple|58/100
|-start|p1a: Hydrapple|Salt Cure
|
|-weather|Sandstorm|[upkeep]
|-damage|p1a: Hydrapple|52/100|[from] Sandstorm
|-damage|p1a: Hydrapple|40/100|[from] Salt Cure
|upkeep
|turn|23
|
|t:|1776167756
|switch|p1a: Slowking|Slowking-Galar, F|75/100
|-damage|p1a: Slowking|62/100|[from] Stealth Rock
|switch|p2a: Thundurus|Thundurus-Therian, M|100/100
|
|-weather|none
|upkeep
|turn|24
|
|t:|1776167765
|move|p2a: Thundurus|Volt Switch|p1a: Slowking
|-damage|p1a: Slowking|31/100
|
|t:|1776167777
|switch|p2a: Garganacl|Garganacl, F|52/100|[from] Volt Switch
|move|p1a: Slowking|Ice Beam|p2a: Garganacl
|-damage|p2a: Garganacl|35/100
|
|upkeep
|turn|25
|
|t:|1776167786
|switch|p1a: Hydrapple|Hydrapple, M|73/100
|move|p2a: Garganacl|Recover|p2a: Garganacl
|-heal|p2a: Garganacl|85/100
|
|upkeep
|turn|26
|
|t:|1776167795
|switch|p2a: Hatterene|Hatterene, F|67/100
|move|p1a: Hydrapple|Giga Drain|p2a: Hatterene
|-crit|p2a: Hatterene
|-damage|p2a: Hatterene|15/100
|-heal|p1a: Hydrapple|94/100|[from] drain|[of] p2a: Hatterene
|
|upkeep
|turn|27
|
|t:|1776167803
|move|p1a: Hydrapple|Giga Drain|p2a: Hatterene
|-damage|p2a: Hatterene|0 fnt
|-heal|p1a: Hydrapple|99/100|[from] drain|[of] p2a: Hatterene
|faint|p2a: Hatterene
|
|upkeep
|
|t:|1776167805
|switch|p2a: Lokix|Lokix, F|100/100
|turn|28
|
|t:|1776167831
|switch|p1a: Moltres|Moltres|100/100
|move|p2a: Lokix|Knock Off|p1a: Moltres
|-damage|p1a: Moltres|49/100
|-enditem|p1a: Moltres|Heavy-Duty Boots|[from] move: Knock Off|[of] p2a: Lokix
|
|upkeep
|turn|29
|inactive|GreninjaGlazer53 has 120 seconds left.
|
|t:|1776167852
|switch|p2a: Alomomola|Alomomola, F|100/100
|move|p1a: Moltres|Roost|p1a: Moltres
|-heal|p1a: Moltres|99/100
|-singleturn|p1a: Moltres|move: Roost
|
|upkeep
|turn|30
|inactive|GreninjaGlazer53 has 120 seconds left.
|
|t:|1776167857
|move|p1a: Moltres|U-turn|p2a: Alomomola
|-damage|p2a: Alomomola|93/100
|
|t:|1776167863
|switch|p1a: Hydrapple|Hydrapple, M|100/100|[from] U-turn
|move|p2a: Alomomola|Flip Turn|p1a: Hydrapple
|-resisted|p1a: Hydrapple
|-damage|p1a: Hydrapple|98/100
|inactive|GreninjaGlazer53 has 120 seconds left.
|
|t:|1776167873
|switch|p2a: Thundurus|Thundurus-Therian, M|100/100|[from] Flip Turn
|
|upkeep
|turn|31
|
|t:|1776167881
|-terastallize|p2a: Thundurus|Fairy
|move|p2a: Thundurus|Tera Blast|p1a: Hydrapple|[anim] Tera Blast Fairy
|-supereffective|p1a: Hydrapple
|-damage|p1a: Hydrapple|0 fnt
|faint|p1a: Hydrapple
|
|upkeep
|
|t:|1776167890
|switch|p1a: Excadrill|Excadrill, F|97/100
|-damage|p1a: Excadrill|94/100|[from] Stealth Rock
|-item|p1a: Excadrill|Air Balloon
|turn|32
|
|t:|1776167904
|switch|p2a: Alomomola|Alomomola, F|100/100
|move|p1a: Excadrill|Iron Head|p2a: Alomomola
|-resisted|p2a: Alomomola
|-crit|p2a: Alomomola
|-damage|p2a: Alomomola|84/100
|
|upkeep
|turn|33
|
|t:|1776167910
|switch|p1a: Slowking|Slowking-Galar, F|64/100
|-damage|p1a: Slowking|51/100|[from] Stealth Rock
|move|p2a: Alomomola|Scald|p1a: Slowking
|-damage|p1a: Slowking|44/100
|
|upkeep
|turn|34
|
|t:|1776167920
|switch|p2a: Garganacl|Garganacl, F|85/100
|move|p1a: Slowking|Sludge Bomb|p2a: Garganacl
|-resisted|p2a: Garganacl
|-damage|p2a: Garganacl|73/100
|
|upkeep
|turn|35
|
|t:|1776167925
|switch|p1a: Zamazenta|Zamazenta|100/100
|-damage|p1a: Zamazenta|94/100|[from] Stealth Rock
|-ability|p1a: Zamazenta|Dauntless Shield|boost
|-boost|p1a: Zamazenta|def|1
|move|p2a: Garganacl|Salt Cure|p1a: Zamazenta
|-resisted|p1a: Zamazenta
|-damage|p1a: Zamazenta|91/100
|-start|p1a: Zamazenta|Salt Cure
|
|-heal|p1a: Zamazenta|97/100|[from] item: Leftovers
|-damage|p1a: Zamazenta|84/100|[from] Salt Cure
|upkeep
|turn|36
|
|t:|1776167939
|switch|p2a: Thundurus|Thundurus-Therian, M, tera:Fairy|100/100
|move|p1a: Zamazenta|Iron Defense|p1a: Zamazenta
|-boost|p1a: Zamazenta|def|2
|
|-heal|p1a: Zamazenta|91/100|[from] item: Leftovers
|-damage|p1a: Zamazenta|78/100|[from] Salt Cure
|upkeep
|turn|37
|
|t:|1776167950
|-terastallize|p1a: Zamazenta|Fire
|move|p1a: Zamazenta|Body Press|p2a: Thundurus
|-resisted|p2a: Thundurus
|-damage|p2a: Thundurus|30/100
|move|p2a: Thundurus|Tera Blast|p1a: Zamazenta|[anim] Tera Blast Fairy
|-resisted|p1a: Zamazenta
|-damage|p1a: Zamazenta|47/100
|
|-heal|p1a: Zamazenta|53/100|[from] item: Leftovers
|-damage|p1a: Zamazenta|40/100|[from] Salt Cure
|upkeep
|turn|38
|
|t:|1776167960
|switch|p2a: Corviknight|Corviknight, M|11/100
|-ability|p2a: Corviknight|Pressure
|move|p1a: Zamazenta|Body Press|p2a: Corviknight
|-damage|p2a: Corviknight|0 fnt
|-damage|p1a: Zamazenta|24/100|[from] item: Rocky Helmet|[of] p2a: Corviknight
|faint|p2a: Corviknight
|
|-heal|p1a: Zamazenta|30/100|[from] item: Leftovers
|-damage|p1a: Zamazenta|18/100|[from] Salt Cure
|upkeep
|
|t:|1776167962
|switch|p2a: Alomomola|Alomomola, F|100/100
|turn|39
|
|t:|1776167966
|move|p1a: Zamazenta|Body Press|p2a: Alomomola
|-damage|p2a: Alomomola|48/100
|move|p2a: Alomomola|Scald|p1a: Zamazenta
|-supereffective|p1a: Zamazenta
|-damage|p1a: Zamazenta|0 fnt
|faint|p1a: Zamazenta
|
|upkeep
|
|t:|1776167979
|switch|p1a: Slowking|Slowking-Galar, F|78/100
|-damage|p1a: Slowking|65/100|[from] Stealth Rock
|turn|40
|
|t:|1776167988
|switch|p2a: Garganacl|Garganacl, F|73/100
|move|p1a: Slowking|Ice Beam|p2a: Garganacl
|-damage|p2a: Garganacl|58/100
|
|upkeep
|turn|41
|
|t:|1776167994
|switch|p1a: Excadrill|Excadrill, F|94/100
|-damage|p1a: Excadrill|91/100|[from] Stealth Rock
|-item|p1a: Excadrill|Air Balloon
|move|p2a: Garganacl|Salt Cure|p1a: Excadrill
|-resisted|p1a: Excadrill
|-crit|p1a: Excadrill
|-damage|p1a: Excadrill|83/100
|-start|p1a: Excadrill|Salt Cure
|-enditem|p1a: Excadrill|Air Balloon
|
|-damage|p1a: Excadrill|58/100|[from] Salt Cure
|upkeep
|turn|42
|
|t:|1776168001
|move|p2a: Garganacl|Protect|p2a: Garganacl
|-singleturn|p2a: Garganacl|Protect
|move|p1a: Excadrill|Iron Head|p2a: Garganacl
|-activate|p2a: Garganacl|move: Protect
|
|-damage|p1a: Excadrill|33/100|[from] Salt Cure
|upkeep
|turn|43
|
|t:|1776168005
|switch|p2a: Alomomola|Alomomola, F|82/100
|move|p1a: Excadrill|Iron Head|p2a: Alomomola
|-resisted|p2a: Alomomola
|-damage|p2a: Alomomola|70/100
|
|-damage|p1a: Excadrill|9/100|[from] Salt Cure
|upkeep
|turn|44
|
|t:|1776168013
|move|p1a: Excadrill|Earthquake|p2a: Alomomola
|-damage|p2a: Alomomola|40/100
|move|p2a: Alomomola|Flip Turn|p1a: Excadrill
|-supereffective|p1a: Excadrill
|-damage|p1a: Excadrill|0 fnt
|faint|p1a: Excadrill
|-message|Pampam8005 forfeited.
|
|win|GreninjaGlazer53
|raw|Pampam8005's rating: 1374 &rarr; <strong>1353</strong><br />(-21 for losing)
|raw|GreninjaGlazer53's rating: 1349 &rarr; <strong>1370</strong><br />(+21 for winning)
|l|☆Pampam8005
|player|p1|
