|html|<div class="broadcast-blue"><strong>[Gen 9] OU is currently suspecting Tera Blast! For information on how to participate check out the <a href="https://www.smogon.com/tools/suspects/view/200">suspect thread</a>.</strong></div>
|j|☆dk10993
|j|☆dochi0620
|t:|1776084712
|gametype|singles
|player|p1|dk10993|1|1040
|player|p2|dochi0620|cyrus|1071
|gen|9
|tier|[Gen 9] OU
|rated|
|rule|HP Percentage Mod: HP is shown in percentages
|rule|Endless Battle Clause: Forcing endless battles is banned
|rule|Species Clause: Limit one of each Pokémon
|rule|OHKO Clause: OHKO moves are banned
|rule|Evasion Items Clause: Evasion items are banned
|rule|Evasion Moves Clause: Evasion moves are banned
|rule|Evasion Abilities Clause: Evasion abilities are banned
|rule|Sleep Moves Clause: Sleep-inducing moves are banned
|clearpoke
|poke|p1|Gastrodon, F|
|poke|p1|Haxorus, M|
|poke|p1|Scizor, F|
|poke|p1|Slowking-Galar, F|
|poke|p1|Corviknight, F|
|poke|p1|Arcanine, F|
|poke|p2|Dragapult, M|
|poke|p2|Garchomp, M|
|poke|p2|Haxorus, M|
|poke|p2|Duraludon, M|
|poke|p2|Goodra-Hisui, M|
|poke|p2|Hydreigon, M|
|teampreview
|
|t:|1776084726
|teamsize|p1|6
|teamsize|p2|6
|start
|switch|p1a: Gastrodon|Gastrodon, F|100/100
|switch|p2a: 엑스라이즈|Haxorus, M, shiny|100/100
|-ability|p2a: 엑스라이즈|Unnerve
|turn|1
|
|t:|1776084741
|move|p2a: 엑스라이즈|Swords Dance|p2a: 엑스라이즈
|-boost|p2a: 엑스라이즈|atk|2
|move|p1a: Gastrodon|Stealth Rock|p2a: 엑스라이즈
|-sidestart|p2: dochi0620|move: Stealth Rock
|
|upkeep
|turn|2
|
|t:|1776084748
|move|p2a: 엑스라이즈|Swords Dance|p2a: 엑스라이즈
|-boost|p2a: 엑스라이즈|atk|2
|move|p1a: Gastrodon|Ice Beam|p2a: 엑스라이즈
|-supereffective|p2a: 엑스라이즈
|-damage|p2a: 엑스라이즈|40/100
|
|upkeep
|turn|3
|
|t:|1776084754
|move|p2a: 엑스라이즈|Scale Shot|p1a: Gastrodon
|-damage|p1a: Gastrodon|50/100
|-damage|p1a: Gastrodon|0 fnt
|faint|p1a: Gastrodon
|-hitcount|p1: Gastrodon|2
|-unboost|p2a: 엑스라이즈|def|1
|-boost|p2a: 엑스라이즈|spe|1
|
|upkeep
|
|t:|1776084783
|switch|p1a: Corviknight|Corviknight, F|100/100
|-ability|p1a: Corviknight|Pressure
|turn|4
|
|t:|1776084797
|-terastallize|p1a: Corviknight|Water
|move|p2a: 엑스라이즈|Scale Shot|p1a: Corviknight
|-damage|p1a: Corviknight|67/100
|-damage|p1a: Corviknight|37/100
|-damage|p1a: Corviknight|7/100
|-damage|p1a: Corviknight|0 fnt
|faint|p1a: Corviknight
|-hitcount|p1: Corviknight|4
|-unboost|p2a: 엑스라이즈|def|1
|-boost|p2a: 엑스라이즈|spe|1
|
|upkeep
|
|t:|1776084812
|switch|p1a: Scizor|Scizor, F|100/100
|turn|5
|
|t:|1776084822
|move|p2a: 엑스라이즈|Swords Dance|p2a: 엑스라이즈
|-boost|p2a: 엑스라이즈|atk|2
|move|p1a: Scizor|Knock Off|p2a: 엑스라이즈
|-damage|p2a: 엑스라이즈|0 fnt
|-enditem|p2a: 엑스라이즈|Loaded Dice|[from] move: Knock Off|[of] p1a: Scizor
|faint|p2a: 엑스라이즈
|
|upkeep
|
|t:|1776084829
|switch|p2a: 드래펄트|Dragapult, M, shiny|100/100
|-damage|p2a: 드래펄트|88/100|[from] Stealth Rock
|turn|6
|
|t:|1776084834
|move|p2a: 드래펄트|Phantom Force||[still]
|-prepare|p2a: 드래펄트|Phantom Force
|move|p1a: Scizor|Knock Off|p2a: 드래펄트|[miss]
|-miss|p1a: Scizor|p2a: 드래펄트
|
|upkeep
|turn|7
|
|t:|1776084853
|move|p2a: 드래펄트|Phantom Force|p1a: Scizor|[from] lockedmove
|-damage|p1a: Scizor|54/100
|move|p1a: Scizor|Knock Off|p2a: 드래펄트
|-supereffective|p2a: 드래펄트
|-damage|p2a: 드래펄트|0 fnt
|-enditem|p2a: 드래펄트|Dragon Fang|[from] move: Knock Off|[of] p1a: Scizor
|faint|p2a: 드래펄트
|
|upkeep
|
|t:|1776084860
|switch|p2a: 한카리아스|Garchomp, M|100/100
|-damage|p2a: 한카리아스|94/100|[from] Stealth Rock
|turn|8
|
|t:|1776084864
|switch|p1a: Slowking|Slowking-Galar, F|100/100
|move|p2a: 한카리아스|Earthquake|p1a: Slowking
|-supereffective|p1a: Slowking
|-damage|p1a: Slowking|0 fnt
|faint|p1a: Slowking
|
|upkeep
|
|t:|1776084877
|switch|p1a: Arcanine|Arcanine, F|100/100
|turn|9
|
|t:|1776084880
|-terastallize|p2a: 한카리아스|Water
|move|p2a: 한카리아스|Liquidation|p1a: Arcanine
|-supereffective|p1a: Arcanine
|-damage|p1a: Arcanine|32/100
|move|p1a: Arcanine|Will-O-Wisp|p2a: 한카리아스
|-status|p2a: 한카리아스|brn
|
|-damage|p2a: 한카리아스|88/100 brn|[from] brn
|upkeep
|turn|10
|
|t:|1776084892
|switch|p1a: Scizor|Scizor, F|54/100
|move|p2a: 한카리아스|Liquidation|p1a: Scizor
|-damage|p1a: Scizor|31/100
|
|-damage|p2a: 한카리아스|82/100 brn|[from] brn
|upkeep
|turn|11
|
|t:|1776084901
|move|p2a: 한카리아스|Earthquake|p1a: Scizor
|-damage|p1a: Scizor|7/100
|move|p1a: Scizor|U-turn|p2a: 한카리아스
|-damage|p2a: 한카리아스|27/100 brn
|-damage|p1a: Scizor|0 fnt|[from] ability: Rough Skin|[of] p2a: 한카리아스
|faint|p1a: Scizor
|
|-damage|p2a: 한카리아스|21/100 brn|[from] brn
|upkeep
|
|t:|1776084911
|switch|p1a: Haxorus|Haxorus, M, shiny|100/100
|-ability|p1a: Haxorus|Mold Breaker
|turn|12
|
|t:|1776084916
|move|p2a: 한카리아스|Dragon Claw|p1a: Haxorus
|-supereffective|p1a: Haxorus
|-damage|p1a: Haxorus|45/100
|move|p1a: Haxorus|Dragon Claw|p2a: 한카리아스
|-damage|p2a: 한카리아스|0 fnt
|-damage|p1a: Haxorus|33/100|[from] ability: Rough Skin|[of] p2a: 한카리아스
|-damage|p1a: Haxorus|17/100|[from] item: Rocky Helmet|[of] p2a: 한카리아스
|faint|p2a: 한카리아스
|-damage|p1a: Haxorus|7/100|[from] item: Life Orb
|
|upkeep
|
|t:|1776084925
|switch|p2a: 삼삼드래|Hydreigon, M|100/100
|-damage|p2a: 삼삼드래|88/100|[from] Stealth Rock
|turn|13
|
|t:|1776084929
|move|p2a: 삼삼드래|Tri Attack|p1a: Haxorus
|-damage|p1a: Haxorus|0 fnt
|faint|p1a: Haxorus
|-damage|p2a: 삼삼드래|78/100|[from] item: Life Orb
|
|upkeep
|
|t:|1776084935
|switch|p1a: Arcanine|Arcanine, F|32/100
|turn|14
|
|t:|1776084940
|move|p1a: Arcanine|Extreme Speed|p2a: 삼삼드래
|-damage|p2a: 삼삼드래|56/100
|move|p2a: 삼삼드래|Dragon Pulse|p1a: Arcanine
|-damage|p1a: Arcanine|0 fnt
|faint|p1a: Arcanine
|-damage|p2a: 삼삼드래|47/100|[from] item: Life Orb
|
|win|dochi0620
|raw|dk10993's rating: 1040 &rarr; <strong>1025</strong><br />(-15 for losing)
|raw|dochi0620's rating: 1071 &rarr; <strong>1098</strong><br />(+27 for winning)
|l|☆dochi0620
|player|p2|
