|html|<div class="broadcast-blue"><strong>[Gen 9] OU is currently suspecting Tera Blast! For information on how to participate check out the <a href="https://www.smogon.com/tools/suspects/view/200">suspect thread</a>.</strong></div>
|j|☆Zuifeng
|j|☆magikarp soup
|t:|1776070656
|gametype|singles
|player|p1|Zuifeng|li|1705
|player|p2|magikarp soup|medium|1716
|gen|9
|tier|[Gen 9] OU
|rated|
|rule|HP Percentage Mod: HP is shown in percentages
|rule|Endless Battle Clause: Forcing endless battles is banned
|rule|Species Clause: Limit one of each Pokémon
|rule|OHKO Clause: OHKO moves are banned
|rule|Evasion Items Clause: Evasion items are banned
|rule|Evasion Moves Clause: Evasion moves are banned
|rule|Evasion Abilities Clause: Evasion abilities are banned
|rule|Sleep Moves Clause: Sleep-inducing moves are banned
|clearpoke
|poke|p1|Dragapult, M|
|poke|p1|Samurott-Hisui, M|
|poke|p1|Pecharunt|
|poke|p1|Alomomola, F|
|poke|p1|Zamazenta-*|
|poke|p1|Iron Treads|
|poke|p2|Torkoal, M|
|poke|p2|Charizard, F|
|poke|p2|Venusaur, M|
|poke|p2|Slither Wing|
|poke|p2|Great Tusk|
|poke|p2|Alomomola, M|
|teampreview
|inactive|Battle timer is ON: inactive players will automatically lose when time's up. (requested by Zuifeng)
|j| iloqkqnan
|inactive|magikarp soup has 120 seconds left.
|inactive|magikarp soup has 90 seconds left.
|
|t:|1776070733
|teamsize|p1|6
|teamsize|p2|6
|start
|switch|p1a: Pecharunt|Pecharunt|100/100
|switch|p2a: Slither Wing|Slither Wing|100/100
|turn|1
|
|t:|1776070739
|move|p1a: Pecharunt|Toxic|p2a: Slither Wing
|-status|p2a: Slither Wing|tox
|-start|p2a: Slither Wing|confusion|[from] ability: Poison Puppeteer|[of] p1a: Pecharunt
|-activate|p2a: Slither Wing|confusion
|-damage|p2a: Slither Wing|86/100 tox|[from] confusion
|
|-damage|p2a: Slither Wing|79/100 tox|[from] psn
|upkeep
|turn|2
|
|t:|1776070747
|move|p1a: Pecharunt|Shadow Ball|p2a: Slither Wing
|-damage|p2a: Slither Wing|68/100 tox
|-end|p2a: Slither Wing|confusion
|move|p2a: Slither Wing|U-turn|p1a: Pecharunt
|-resisted|p1a: Pecharunt
|-damage|p1a: Pecharunt|96/100
|
|t:|1776070767
|-end|p2a: Slither Wing|Protosynthesis|[silent]
|switch|p2a: Torkoal|Torkoal, M|100/100|[from] U-turn
|-weather|SunnyDay|[from] ability: Drought|[of] p2a: Torkoal
|
|-weather|SunnyDay|[upkeep]
|upkeep
|turn|3
|
|t:|1776070773
|switch|p2a: Slither Wing|Slither Wing|68/100 tox
|-activate|p2a: Slither Wing|ability: Protosynthesis
|-start|p2a: Slither Wing|protosynthesisspd
|move|p1a: Pecharunt|Parting Shot|p2a: Slither Wing
|-unboost|p2a: Slither Wing|atk|1
|-unboost|p2a: Slither Wing|spa|1
|j| vtuber eats
|
|t:|1776070785
|switch|p1a: Dragapult|Dragapult, M|100/100|[from] Parting Shot
|
|-weather|SunnyDay|[upkeep]
|-damage|p2a: Slither Wing|62/100 tox|[from] psn
|upkeep
|turn|4
|
|t:|1776070802
|move|p1a: Dragapult|Dragon Darts|p2a: Slither Wing
|-crit|p2a: Slither Wing
|-damage|p2a: Slither Wing|0 fnt
|faint|p2a: Slither Wing
|-end|p2a: Slither Wing|Protosynthesis|[silent]
|
|-weather|SunnyDay|[upkeep]
|upkeep
|
|t:|1776070807
|switch|p2a: Alomomola|Alomomola, M|100/100
|turn|5
|
|t:|1776070813
|move|p1a: Dragapult|Dragon Darts|p2a: Alomomola
|-damage|p2a: Alomomola|76/100
|-anim|p1a: Dragapult|Dragon Darts|p2a: Alomomola
|-damage|p2a: Alomomola|55/100
|-enditem|p2a: Alomomola|Red Card|[of] p1a: Dragapult
|drag|p1a: Zamazenta|Zamazenta|100/100
|-ability|p1a: Zamazenta|Dauntless Shield|boost
|-boost|p1a: Zamazenta|def|1
|move|p2a: Alomomola|Flip Turn|p1a: Zamazenta
|-damage|p1a: Zamazenta|96/100
|
|t:|1776070818
|switch|p2a: Venusaur|Venusaur, M|100/100|[from] Flip Turn
|
|-weather|SunnyDay|[upkeep]
|upkeep
|turn|6
|
|t:|1776070833
|move|p2a: Venusaur|Growth|p2a: Venusaur
|-boost|p2a: Venusaur|atk|2
|-boost|p2a: Venusaur|spa|2
|move|p1a: Zamazenta|Stone Edge|p2a: Venusaur
|-damage|p2a: Venusaur|40/100
|-damage|p1a: Zamazenta|86/100|[from] item: Life Orb
|
|-weather|SunnyDay|[upkeep]
|upkeep
|turn|7
|j| Sprakenheit
|l| iloqkqnan
|
|t:|1776070851
|move|p2a: Venusaur|Weather Ball|p1a: Zamazenta
|-damage|p1a: Zamazenta|0 fnt
|faint|p1a: Zamazenta
|-damage|p2a: Venusaur|30/100|[from] item: Life Orb
|
|-weather|SunnyDay|[upkeep]
|upkeep
|
|t:|1776070853
|switch|p1a: Samurott|Samurott-Hisui, M|100/100
|turn|8
|
|t:|1776070857
|switch|p2a: Great Tusk|Great Tusk|100/100
|-activate|p2a: Great Tusk|ability: Protosynthesis
|-start|p2a: Great Tusk|protosynthesisatk
|move|p1a: Samurott|Sucker Punch||[still]
|-fail|p1a: Samurott
|
|-weather|SunnyDay|[upkeep]
|upkeep
|turn|9
|
|t:|1776070873
|switch|p1a: Alomomola|Alomomola, F|100/100
|move|p2a: Great Tusk|Headlong Rush|p1a: Alomomola
|-damage|p1a: Alomomola|31/100
|-unboost|p2a: Great Tusk|def|1
|-unboost|p2a: Great Tusk|spd|1
|-damage|p2a: Great Tusk|91/100|[from] item: Life Orb
|
|-weather|none
|-end|p2a: Great Tusk|Protosynthesis
|upkeep
|turn|10
|
|t:|1776070885
|switch|p1a: Pecharunt|Pecharunt|96/100
|move|p2a: Great Tusk|Headlong Rush|p1a: Pecharunt
|-supereffective|p1a: Pecharunt
|-damage|p1a: Pecharunt|0 fnt
|-unboost|p2a: Great Tusk|def|1
|-unboost|p2a: Great Tusk|spd|1
|faint|p1a: Pecharunt
|-damage|p2a: Great Tusk|81/100|[from] item: Life Orb
|
|upkeep
|
|t:|1776070891
|switch|p1a: Dragapult|Dragapult, M|100/100
|turn|11
|
|t:|1776070899
|-end|p2a: Great Tusk|Protosynthesis|[silent]
|switch|p2a: Torkoal|Torkoal, M|100/100
|-weather|SunnyDay|[from] ability: Drought|[of] p2a: Torkoal
|move|p1a: Dragapult|Dragon Darts|p2a: Torkoal
|-damage|p2a: Torkoal|71/100
|-anim|p1a: Dragapult|Dragon Darts|p2a: Torkoal
|-damage|p2a: Torkoal|45/100
|
|-weather|SunnyDay|[upkeep]
|upkeep
|turn|12
|
|t:|1776070902
|switch|p2a: Alomomola|Alomomola, M|88/100
|move|p1a: Dragapult|Dragon Darts|p2a: Alomomola
|-damage|p2a: Alomomola|67/100
|-anim|p1a: Dragapult|Dragon Darts|p2a: Alomomola
|-damage|p2a: Alomomola|44/100
|
|-weather|SunnyDay|[upkeep]
|upkeep
|turn|13
|
|t:|1776070925
|-terastallize|p2a: Alomomola|Fairy
|move|p1a: Dragapult|Dragon Darts|p2a: Alomomola
|-immune|p2a: Alomomola
|move|p2a: Alomomola|Wish|p2a: Alomomola
|
|-weather|SunnyDay|[upkeep]
|upkeep
|turn|14
|
|t:|1776070931
|switch|p1a: Alomomola|Alomomola, F|64/100
|move|p2a: Alomomola|Flip Turn|p1a: Alomomola
|-resisted|p1a: Alomomola
|-damage|p1a: Alomomola|61/100
|
|t:|1776070935
|switch|p2a: Venusaur|Venusaur, M|30/100|[from] Flip Turn
|
|-weather|SunnyDay|[upkeep]
|-heal|p2a: Venusaur|100/100|[from] move: Wish|[wisher] Alomomola
|upkeep
|turn|15
|
|t:|1776070939
|move|p2a: Venusaur|Growth|p2a: Venusaur
|-boost|p2a: Venusaur|atk|2
|-boost|p2a: Venusaur|spa|2
|move|p1a: Alomomola|Flip Turn|p2a: Venusaur
|-resisted|p2a: Venusaur
|-damage|p2a: Venusaur|95/100
|
|t:|1776070948
|switch|p1a: Dragapult|Dragapult, M|100/100|[from] Flip Turn
|
|-weather|SunnyDay|[upkeep]
|upkeep
|turn|16
|
|t:|1776070956
|switch|p1a: Alomomola|Alomomola, F|94/100
|move|p2a: Venusaur|Earth Power|p1a: Alomomola
|-damage|p1a: Alomomola|55/100
|-damage|p2a: Venusaur|85/100|[from] item: Life Orb
|
|-weather|SunnyDay|[upkeep]
|upkeep
|turn|17
|
|t:|1776070970
|switch|p1a: Iron Treads|Iron Treads|100/100
|move|p2a: Venusaur|Giga Drain|p1a: Iron Treads
|-damage|p1a: Iron Treads|0 fnt
|-heal|p2a: Venusaur|100/100|[from] drain|[of] p1a: Iron Treads
|faint|p1a: Iron Treads
|-end|p1a: Iron Treads|Quark Drive|[silent]
|-damage|p2a: Venusaur|91/100|[from] item: Life Orb
|
|-weather|SunnyDay|[upkeep]
|upkeep
|
|t:|1776070976
|switch|p1a: Alomomola|Alomomola, F|88/100
|turn|18
|
|t:|1776070998
|move|p2a: Venusaur|Growth|p2a: Venusaur
|-boost|p2a: Venusaur|atk|2
|-boost|p2a: Venusaur|spa|2
|move|p1a: Alomomola|Flip Turn|p2a: Venusaur
|-resisted|p2a: Venusaur
|-damage|p2a: Venusaur|85/100
|j| Kyurem
|
|t:|1776071002
|switch|p1a: Dragapult|Dragapult, M|100/100|[from] Flip Turn
|
|-weather|none
|upkeep
|turn|19
|
|t:|1776071009
|switch|p2a: Torkoal|Torkoal, M|45/100
|-weather|SunnyDay|[from] ability: Drought|[of] p2a: Torkoal
|-terastallize|p1a: Dragapult|Ghost
|move|p1a: Dragapult|Tera Blast|p2a: Torkoal|[anim] Tera Blast Ghost
|-damage|p2a: Torkoal|0 fnt
|faint|p2a: Torkoal
|
|-weather|SunnyDay|[upkeep]
|upkeep
|
|t:|1776071013
|switch|p2a: Great Tusk|Great Tusk|81/100
|-activate|p2a: Great Tusk|ability: Protosynthesis
|-start|p2a: Great Tusk|protosynthesisatk
|turn|20
|
|t:|1776071017
|switch|p1a: Alomomola|Alomomola, F|100/100
|move|p2a: Great Tusk|Headlong Rush|p1a: Alomomola
|-damage|p1a: Alomomola|29/100
|-unboost|p2a: Great Tusk|def|1
|-unboost|p2a: Great Tusk|spd|1
|-damage|p2a: Great Tusk|71/100|[from] item: Life Orb
|
|-weather|SunnyDay|[upkeep]
|upkeep
|turn|21
|
|t:|1776071022
|move|p2a: Great Tusk|Headlong Rush|p1a: Alomomola
|-damage|p1a: Alomomola|0 fnt
|-unboost|p2a: Great Tusk|def|1
|-unboost|p2a: Great Tusk|spd|1
|faint|p1a: Alomomola
|-damage|p2a: Great Tusk|61/100|[from] item: Life Orb
|
|-weather|SunnyDay|[upkeep]
|upkeep
|
|t:|1776071024
|switch|p1a: Dragapult|Dragapult, M, tera:Ghost|100/100
|turn|22
|inactive|magikarp soup has 120 seconds left.
|inactive|magikarp soup has 90 seconds left.
|inactive|magikarp soup has 60 seconds left.
|j| KsXRemix
|inactive|magikarp soup has 30 seconds left.
|
|t:|1776071150
|-end|p2a: Great Tusk|Protosynthesis|[silent]
|switch|p2a: Charizard|Charizard, F|100/100
|move|p1a: Dragapult|Tera Blast|p2a: Charizard|[anim] Tera Blast Ghost
|-damage|p2a: Charizard|0 fnt
|faint|p2a: Charizard
|
|-weather|SunnyDay|[upkeep]
|upkeep
|inactive|magikarp soup has 30 seconds left this turn.
|
|t:|1776071155
|switch|p2a: Venusaur|Venusaur, M|85/100
|turn|23
|
|t:|1776071159
|move|p2a: Venusaur|Giga Drain|p1a: Dragapult
|-damage|p1a: Dragapult|40/100
|-heal|p2a: Venusaur|100/100|[from] drain|[of] p1a: Dragapult
|-damage|p2a: Venusaur|91/100|[from] item: Life Orb
|move|p1a: Dragapult|Tera Blast|p2a: Venusaur|[anim] Tera Blast Ghost
|-damage|p2a: Venusaur|0 fnt
|faint|p2a: Venusaur
|
|-weather|SunnyDay|[upkeep]
|upkeep
|inactive|magikarp soup has 30 seconds left.
|inactive|magikarp soup has 20 seconds left.
|inactive|magikarp soup has 15 seconds left.
|
|t:|1776071194
|switch|p2a: Alomomola|Alomomola, M, tera:Fairy|77/100
|turn|24
|inactive|magikarp soup has 25 seconds left this turn.
|l| Sprakenheit
|
|t:|1776071198
|move|p1a: Dragapult|Tera Blast|p2a: Alomomola|[anim] Tera Blast Ghost
|-damage|p2a: Alomomola|27/100
|move|p2a: Alomomola|Healing Wish|p2a: Alomomola
|faint|p2a: Alomomola
|
|-weather|SunnyDay|[upkeep]
|upkeep
|inactive|magikarp soup has 30 seconds left this turn.
|
|t:|1776071201
|switch|p2a: Great Tusk|Great Tusk|61/100
|-heal|p2a: Great Tusk|100/100|[from] move: Healing Wish
|-activate|p2a: Great Tusk|ability: Protosynthesis
|-start|p2a: Great Tusk|protosynthesisatk
|turn|25
|
|t:|1776071211
|switch|p1a: Samurott|Samurott-Hisui, M|100/100
|move|p2a: Great Tusk|Rapid Spin|p1a: Samurott
|-damage|p1a: Samurott|64/100
|-boost|p2a: Great Tusk|spe|1
|-damage|p2a: Great Tusk|91/100|[from] item: Life Orb
|
|-weather|SunnyDay|[upkeep]
|upkeep
|turn|26
|
|t:|1776071219
|move|p2a: Great Tusk|Headlong Rush|p1a: Samurott
|-damage|p1a: Samurott|0 fnt
|-unboost|p2a: Great Tusk|def|1
|-unboost|p2a: Great Tusk|spd|1
|faint|p1a: Samurott
|-damage|p2a: Great Tusk|81/100|[from] item: Life Orb
|
|-weather|none
|-end|p2a: Great Tusk|Protosynthesis
|upkeep
|-message|Zuifeng forfeited.
|
|win|magikarp soup
|raw|Zuifeng's rating: 1705 &rarr; <strong>1686</strong><br />(-19 for losing)
|raw|magikarp soup's rating: 1716 &rarr; <strong>1735</strong><br />(+19 for winning)
|l|☆Zuifeng
|player|p1|
|c|☆magikarp soup|gg
|l| KsXRemix
|l| Kyurem
|l|☆magikarp soup
|player|p2|
