|html|<div class="broadcast-blue"><strong>[Gen 9] OU is currently suspecting Tera Blast! For information on how to participate check out the <a href="https://www.smogon.com/tools/suspects/view/200">suspect thread</a>.</strong></div>
|j|☆dengo dollars
|j|☆mamabama
|t:|1776110944
|gametype|singles
|player|p1|dengo dollars|sage|1574
|player|p2|mamabama|170|1577
|gen|9
|tier|[Gen 9] OU
|rated|
|rule|HP Percentage Mod: HP is shown in percentages
|rule|Endless Battle Clause: Forcing endless battles is banned
|rule|Species Clause: Limit one of each Pokémon
|rule|OHKO Clause: OHKO moves are banned
|rule|Evasion Items Clause: Evasion items are banned
|rule|Evasion Moves Clause: Evasion moves are banned
|rule|Evasion Abilities Clause: Evasion abilities are banned
|rule|Sleep Moves Clause: Sleep-inducing moves are banned
|clearpoke
|poke|p1|Rillaboom, F|
|poke|p1|Serperior, M|
|poke|p1|Heatran, M|
|poke|p1|Raging Bolt|
|poke|p1|Ogerpon-Wellspring, F|
|poke|p1|Great Tusk|
|poke|p2|Greninja-*, M|
|poke|p2|Ninetales-Alola, M|
|poke|p2|Garchomp, F|
|poke|p2|Gholdengo|
|poke|p2|Glimmora, F|
|poke|p2|Conkeldurr, F|
|teampreview
|inactive|Battle timer is ON: inactive players will automatically lose when time's up. (requested by dengo dollars)
|
|t:|1776110965
|teamsize|p1|6
|teamsize|p2|6
|start
|switch|p1a: Heatran|Heatran, M|100/100
|switch|p2a: Conkeldurr|Conkeldurr, F|100/100
|turn|1
|
|t:|1776110979
|switch|p1a: Great Tusk|Great Tusk|100/100
|move|p2a: Conkeldurr|Ice Punch|p1a: Great Tusk
|-supereffective|p1a: Great Tusk
|-damage|p1a: Great Tusk|35/100
|
|upkeep
|turn|2
|
|t:|1776110987
|move|p1a: Great Tusk|Headlong Rush|p2a: Conkeldurr
|-damage|p2a: Conkeldurr|36/100
|-unboost|p1a: Great Tusk|def|1
|-unboost|p1a: Great Tusk|spd|1
|move|p2a: Conkeldurr|Ice Punch|p1a: Great Tusk
|-supereffective|p1a: Great Tusk
|-damage|p1a: Great Tusk|0 fnt
|faint|p1a: Great Tusk
|-end|p1a: Great Tusk|Protosynthesis|[silent]
|
|upkeep
|
|t:|1776110993
|switch|p1a: Serperior|Serperior, M|100/100
|turn|3
|
|t:|1776111021
|-terastallize|p2a: Conkeldurr|Poison
|move|p1a: Serperior|Leaf Storm|p2a: Conkeldurr
|-resisted|p2a: Conkeldurr
|-damage|p2a: Conkeldurr|5/100
|-boost|p1a: Serperior|spa|2
|move|p2a: Conkeldurr|Poison Jab|p1a: Serperior
|-supereffective|p1a: Serperior
|-crit|p1a: Serperior
|-damage|p1a: Serperior|0 fnt
|faint|p1a: Serperior
|
|upkeep
|j| 40 crip
|j| ueheheieiej
|inactive|dengo dollars has 120 seconds left.
|
|t:|1776111053
|switch|p1a: Rillaboom|Rillaboom, F|100/100
|-fieldstart|move: Grassy Terrain|[from] ability: Grassy Surge|[of] p1a: Rillaboom
|turn|4
|
|t:|1776111072
|move|p1a: Rillaboom|Grassy Glide|p2a: Conkeldurr
|-resisted|p2a: Conkeldurr
|-damage|p2a: Conkeldurr|0 fnt
|faint|p2a: Conkeldurr
|
|upkeep
|
|t:|1776111074
|switch|p2a: Garchomp|Garchomp, F|100/100
|turn|5
|inactive|dengo dollars has 120 seconds left.
|
|t:|1776111104
|move|p2a: Garchomp|Stealth Rock|p1a: Rillaboom
|-sidestart|p1: dengo dollars|move: Stealth Rock
|move|p1a: Rillaboom|Wood Hammer|p2a: Garchomp
|-damage|p2a: Garchomp|48/100
|-damage|p1a: Rillaboom|88/100|[from] ability: Rough Skin|[of] p2a: Garchomp
|-damage|p1a: Rillaboom|72/100|[from] item: Rocky Helmet|[of] p2a: Garchomp
|-damage|p1a: Rillaboom|52/100|[from] Recoil
|
|-heal|p2a: Garchomp|54/100|[from] Grassy Terrain
|-heal|p1a: Rillaboom|59/100|[from] Grassy Terrain
|upkeep
|turn|6
|
|t:|1776111108
|move|p2a: Garchomp|Flamethrower|p1a: Rillaboom
|-supereffective|p1a: Rillaboom
|-damage|p1a: Rillaboom|13/100
|move|p1a: Rillaboom|Wood Hammer|p2a: Garchomp
|-damage|p2a: Garchomp|0 fnt
|-damage|p1a: Rillaboom|1/100|[from] ability: Rough Skin|[of] p2a: Garchomp
|-damage|p1a: Rillaboom|0 fnt|[from] item: Rocky Helmet|[of] p2a: Garchomp
|faint|p2a: Garchomp
|faint|p1a: Rillaboom
|
|upkeep
|
|t:|1776111117
|switch|p2a: Glimmora|Glimmora, F|100/100
|switch|p1a: Heatran|Heatran, M|100/100
|-item|p2a: Glimmora|Air Balloon
|-damage|p1a: Heatran|88/100|[from] Stealth Rock
|turn|7
|
|t:|1776111122
|move|p2a: Glimmora|Earth Power|p1a: Heatran
|-supereffective|p1a: Heatran
|-damage|p1a: Heatran|0 fnt
|faint|p1a: Heatran
|
|upkeep
|
|t:|1776111125
|switch|p1a: Ogerpon|Ogerpon-Wellspring, F|100/100
|-damage|p1a: Ogerpon|88/100|[from] Stealth Rock
|turn|8
|
|t:|1776111145
|move|p1a: Ogerpon|Ivy Cudgel|p2a: Glimmora|[anim] Ivy Cudgel Water
|-supereffective|p2a: Glimmora
|-damage|p2a: Glimmora|0 fnt
|-activate|p2a: Glimmora|ability: Toxic Debris
|-sidestart|p1: dengo dollars|move: Toxic Spikes
|-enditem|p2a: Glimmora|Air Balloon
|faint|p2a: Glimmora
|
|-heal|p1a: Ogerpon|94/100|[from] Grassy Terrain
|upkeep
|
|t:|1776111150
|switch|p2a: Ninetales|Ninetales-Alola, M|100/100
|-weather|Snowscape|[from] ability: Snow Warning|[of] p2a: Ninetales
|turn|9
|
|t:|1776111154
|move|p2a: Ninetales|Freeze-Dry|p1a: Ogerpon
|-supereffective|p1a: Ogerpon
|-damage|p1a: Ogerpon|0 fnt
|faint|p1a: Ogerpon
|
|-weather|Snowscape|[upkeep]
|upkeep
|
|t:|1776111157
|switch|p1a: Raging Bolt|Raging Bolt|100/100
|-damage|p1a: Raging Bolt|88/100|[from] Stealth Rock
|-status|p1a: Raging Bolt|psn
|-enditem|p1a: Raging Bolt|Grassy Seed
|-boost|p1a: Raging Bolt|def|1|[from] item: Grassy Seed
|turn|10
|
|t:|1776111160
|move|p2a: Ninetales|Freeze-Dry|p1a: Raging Bolt
|-supereffective|p1a: Raging Bolt
|-damage|p1a: Raging Bolt|40/100 psn
|move|p1a: Raging Bolt|Discharge|p2a: Ninetales
|-damage|p2a: Ninetales|45/100
|-status|p2a: Ninetales|par
|
|-weather|Snowscape|[upkeep]
|-heal|p2a: Ninetales|51/100 par|[from] Grassy Terrain
|-heal|p1a: Raging Bolt|46/100 psn|[from] Grassy Terrain
|-damage|p1a: Raging Bolt|34/100 psn|[from] psn
|upkeep
|turn|11
|
|t:|1776111171
|move|p2a: Ninetales|Freeze-Dry|p1a: Raging Bolt
|-supereffective|p1a: Raging Bolt
|-damage|p1a: Raging Bolt|0 fnt
|faint|p1a: Raging Bolt
|-end|p1a: Raging Bolt|Protosynthesis|[silent]
|
|win|mamabama
|raw|dengo dollars's rating: 1574 &rarr; <strong>1554</strong><br />(-20 for losing)
|raw|mamabama's rating: 1577 &rarr; <strong>1597</strong><br />(+20 for winning)
|c|☆mamabama|gg
|l|☆dengo dollars
|player|p1|
|l|☆mamabama
|player|p2|
|l| ueheheieiej
