|html|<div class="broadcast-blue"><strong>[Gen 9] OU is currently suspecting Tera Blast! For information on how to participate check out the <a href="https://www.smogon.com/tools/suspects/view/200">suspect thread</a>.</strong></div>
|j|☆Zuifeng
|j|☆Blastoise_Choice
|t:|1776064749
|gametype|singles
|player|p1|Zuifeng|li|1678
|player|p2|Blastoise_Choice|benga|1628
|gen|9
|tier|[Gen 9] OU
|rated|
|rule|HP Percentage Mod: HP is shown in percentages
|rule|Endless Battle Clause: Forcing endless battles is banned
|rule|Species Clause: Limit one of each Pokémon
|rule|OHKO Clause: OHKO moves are banned
|rule|Evasion Items Clause: Evasion items are banned
|rule|Evasion Moves Clause: Evasion moves are banned
|rule|Evasion Abilities Clause: Evasion abilities are banned
|rule|Sleep Moves Clause: Sleep-inducing moves are banned
|clearpoke
|poke|p1|Gholdengo|
|poke|p1|Tornadus-Therian, M|
|poke|p1|Hatterene, F|
|poke|p1|Samurott-Hisui, M|
|poke|p1|Dragapult, F|
|poke|p1|Great Tusk|
|poke|p2|Hydrapple, M|
|poke|p2|Tyranitar, F|
|poke|p2|Moltres|
|poke|p2|Zamazenta-*|
|poke|p2|Slowking-Galar, F|
|poke|p2|Excadrill, F|
|teampreview
|inactive|Battle timer is ON: inactive players will automatically lose when time's up. (requested by Zuifeng)
|c|☆Blastoise_Choice|hf
|inactive|Blastoise_Choice also wants the timer to be on.
|c|☆Zuifeng|hf
|
|t:|1776064775
|teamsize|p1|6
|teamsize|p2|6
|start
|switch|p1a: Samurott|Samurott-Hisui, M|100/100
|switch|p2a: Tyranitar|Tyranitar, F|100/100
|-weather|Sandstorm|[from] ability: Sand Stream|[of] p2a: Tyranitar
|turn|1
|
|t:|1776064781
|switch|p2a: Hydrapple|Hydrapple, M|100/100
|move|p1a: Samurott|Ceaseless Edge|p2a: Hydrapple
|-damage|p2a: Hydrapple|66/100
|-sidestart|p2: Blastoise_Choice|Spikes
|
|-weather|Sandstorm|[upkeep]
|-damage|p1a: Samurott|94/100|[from] Sandstorm
|-damage|p2a: Hydrapple|60/100|[from] Sandstorm
|upkeep
|turn|2
|j| yazloed
|
|t:|1776064789
|switch|p1a: Tornadus|Tornadus-Therian, M|100/100
|move|p2a: Hydrapple|Giga Drain|p1a: Tornadus
|-resisted|p1a: Tornadus
|-damage|p1a: Tornadus|90/100
|-heal|p2a: Hydrapple|65/100|[from] drain|[of] p1a: Tornadus
|
|-weather|Sandstorm|[upkeep]
|-damage|p1a: Tornadus|84/100|[from] Sandstorm
|-damage|p2a: Hydrapple|59/100|[from] Sandstorm
|upkeep
|turn|3
|
|t:|1776064796
|switch|p2a: Moltres|Moltres|100/100
|move|p1a: Tornadus|U-turn|p2a: Moltres
|-resisted|p2a: Moltres
|-damage|p2a: Moltres|98/100
|-status|p1a: Tornadus|brn|[from] ability: Flame Body|[of] p2a: Moltres
|l| yazloed
|
|t:|1776064801
|switch|p1a: Samurott|Samurott-Hisui, M|94/100|[from] U-turn
|
|-weather|Sandstorm|[upkeep]
|-damage|p1a: Samurott|88/100|[from] Sandstorm
|-damage|p2a: Moltres|92/100|[from] Sandstorm
|upkeep
|turn|4
|
|t:|1776064808
|move|p1a: Samurott|Ceaseless Edge|p2a: Moltres
|-damage|p2a: Moltres|53/100
|-sidestart|p2: Blastoise_Choice|Spikes
|move|p2a: Moltres|U-turn|p1a: Samurott
|-supereffective|p1a: Samurott
|-damage|p1a: Samurott|53/100
|
|t:|1776064815
|switch|p2a: Excadrill|Excadrill, F|100/100|[from] U-turn
|-item|p2a: Excadrill|Air Balloon
|
|-weather|Sandstorm|[upkeep]
|-damage|p1a: Samurott|46/100|[from] Sandstorm
|upkeep
|turn|5
|
|t:|1776064832
|switch|p1a: Tornadus|Tornadus-Therian, M|100/100 brn
|move|p2a: Excadrill|Earthquake|p1a: Tornadus
|-immune|p1a: Tornadus
|
|-weather|Sandstorm|[upkeep]
|-damage|p1a: Tornadus|94/100 brn|[from] Sandstorm
|-damage|p1a: Tornadus|88/100 brn|[from] brn
|upkeep
|turn|6
|
|t:|1776064839
|switch|p1a: Dragapult|Dragapult, F|100/100
|move|p2a: Excadrill|Rapid Spin|p1a: Dragapult
|-immune|p1a: Dragapult
|
|-weather|Sandstorm|[upkeep]
|-damage|p1a: Dragapult|95/100|[from] Sandstorm
|upkeep
|turn|7
|
|t:|1776064848
|-terastallize|p1a: Dragapult|Ghost
|move|p2a: Excadrill|Iron Head|p1a: Dragapult
|-damage|p1a: Dragapult|38/100
|move|p1a: Dragapult|Tera Blast|p2a: Excadrill|[anim] Tera Blast Ghost
|-damage|p2a: Excadrill|0 fnt
|-enditem|p2a: Excadrill|Air Balloon
|faint|p2a: Excadrill
|
|-weather|Sandstorm|[upkeep]
|-damage|p1a: Dragapult|32/100|[from] Sandstorm
|upkeep
|
|t:|1776064856
|switch|p2a: Tyranitar|Tyranitar, F|100/100
|-damage|p2a: Tyranitar|84/100|[from] Spikes
|turn|8
|
|t:|1776064863
|switch|p1a: Great Tusk|Great Tusk|100/100
|move|p2a: Tyranitar|Knock Off|p1a: Great Tusk
|-resisted|p1a: Great Tusk
|-damage|p1a: Great Tusk|86/100
|-enditem|p1a: Great Tusk|Heavy-Duty Boots|[from] move: Knock Off|[of] p2a: Tyranitar
|
|-weather|none
|upkeep
|turn|9
|
|t:|1776064870
|switch|p2a: Moltres|Moltres|53/100
|move|p1a: Great Tusk|Stealth Rock|p2a: Moltres
|-sidestart|p2: Blastoise_Choice|move: Stealth Rock
|
|upkeep
|turn|10
|
|t:|1776064876
|-end|p1a: Great Tusk|Protosynthesis|[silent]
|switch|p1a: Tornadus|Tornadus-Therian, M|100/100 brn
|move|p2a: Moltres|Roost|p2a: Moltres
|-heal|p2a: Moltres|100/100
|-singleturn|p2a: Moltres|move: Roost
|
|-damage|p1a: Tornadus|94/100 brn|[from] brn
|upkeep
|turn|11
|
|t:|1776064883
|move|p1a: Tornadus|Knock Off|p2a: Moltres
|-damage|p2a: Moltres|93/100
|-enditem|p2a: Moltres|Heavy-Duty Boots|[from] move: Knock Off|[of] p1a: Tornadus
|move|p2a: Moltres|Flamethrower|p1a: Tornadus
|-damage|p1a: Tornadus|71/100 brn
|
|-damage|p1a: Tornadus|65/100 brn|[from] brn
|upkeep
|turn|12
|
|t:|1776064890
|move|p1a: Tornadus|U-turn|p2a: Moltres
|-resisted|p2a: Moltres
|-damage|p2a: Moltres|92/100
|
|t:|1776064894
|switch|p1a: Hatterene|Hatterene, F|100/100|[from] U-turn
|move|p2a: Moltres|Flamethrower|p1a: Hatterene
|-damage|p1a: Hatterene|76/100
|
|upkeep
|turn|13
|
|t:|1776064902
|switch|p1a: Tornadus|Tornadus-Therian, M|98/100 brn
|move|p2a: Moltres|U-turn|p1a: Tornadus
|-resisted|p1a: Tornadus
|-damage|p1a: Tornadus|90/100 brn
|
|t:|1776064908
|switch|p2a: Slowking|Slowking-Galar, F|100/100|[from] U-turn
|-damage|p2a: Slowking|84/100|[from] Spikes
|-damage|p2a: Slowking|71/100|[from] Stealth Rock
|
|-damage|p1a: Tornadus|84/100 brn|[from] brn
|upkeep
|turn|14
|
|t:|1776064914
|move|p1a: Tornadus|Knock Off|p2a: Slowking
|-supereffective|p2a: Slowking
|-damage|p2a: Slowking|57/100
|-enditem|p2a: Slowking|Assault Vest|[from] move: Knock Off|[of] p1a: Tornadus
|move|p2a: Slowking|Flamethrower|p1a: Tornadus
|-damage|p1a: Tornadus|68/100 brn
|
|-damage|p1a: Tornadus|62/100 brn|[from] brn
|upkeep
|turn|15
|
|t:|1776064922
|move|p1a: Tornadus|Bleakwind Storm|p2a: Slowking
|-damage|p2a: Slowking|27/100
|-unboost|p2a: Slowking|spe|1
|move|p2a: Slowking|Ice Beam|p1a: Tornadus
|-supereffective|p1a: Tornadus
|-damage|p1a: Tornadus|31/100 brn
|
|-damage|p1a: Tornadus|25/100 brn|[from] brn
|upkeep
|turn|16
|
|t:|1776064931
|move|p1a: Tornadus|Bleakwind Storm|p2a: Slowking
|-damage|p2a: Slowking|0 fnt
|faint|p2a: Slowking
|
|-damage|p1a: Tornadus|19/100 brn|[from] brn
|upkeep
|
|t:|1776064934
|switch|p2a: Hydrapple|Hydrapple, M|92/100
|turn|17
|
|t:|1776064938
|switch|p2a: Tyranitar|Tyranitar, F|84/100
|-damage|p2a: Tyranitar|67/100|[from] Spikes
|-damage|p2a: Tyranitar|55/100|[from] Stealth Rock
|-weather|Sandstorm|[from] ability: Sand Stream|[of] p2a: Tyranitar
|move|p1a: Tornadus|U-turn|p2a: Tyranitar
|-supereffective|p2a: Tyranitar
|-damage|p2a: Tyranitar|44/100
|
|t:|1776064944
|switch|p1a: Dragapult|Dragapult, F, tera:Ghost|32/100|[from] U-turn
|
|-weather|Sandstorm|[upkeep]
|-damage|p1a: Dragapult|26/100|[from] Sandstorm
|upkeep
|turn|18
|
|t:|1776064951
|move|p1a: Dragapult|Dragon Darts|p2a: Tyranitar
|-damage|p2a: Tyranitar|17/100
|-anim|p1a: Dragapult|Dragon Darts|p2a: Tyranitar
|-damage|p2a: Tyranitar|0 fnt
|faint|p2a: Tyranitar
|
|-weather|Sandstorm|[upkeep]
|-damage|p1a: Dragapult|20/100|[from] Sandstorm
|upkeep
|
|t:|1776064958
|switch|p2a: Zamazenta|Zamazenta|100/100
|-damage|p2a: Zamazenta|84/100|[from] Spikes
|-damage|p2a: Zamazenta|78/100|[from] Stealth Rock
|-ability|p2a: Zamazenta|Dauntless Shield|boost
|-boost|p2a: Zamazenta|def|1
|turn|19
|
|t:|1776064964
|switch|p1a: Gholdengo|Gholdengo|100/100
|move|p2a: Zamazenta|Crunch|p1a: Gholdengo
|-supereffective|p1a: Gholdengo
|-damage|p1a: Gholdengo|47/100
|
|-weather|Sandstorm|[upkeep]
|-damage|p2a: Zamazenta|72/100|[from] Sandstorm
|-heal|p2a: Zamazenta|78/100|[from] item: Leftovers
|upkeep
|turn|20
|
|t:|1776064971
|move|p1a: Gholdengo|Trick|p2a: Zamazenta
|-activate|p1a: Gholdengo|move: Trick|[of] p2a: Zamazenta
|-item|p2a: Zamazenta|Choice Scarf|[from] move: Trick
|-item|p1a: Gholdengo|Leftovers|[from] move: Trick
|move|p2a: Zamazenta|Crunch|p1a: Gholdengo
|-supereffective|p1a: Gholdengo
|-damage|p1a: Gholdengo|2/100
|
|-weather|Sandstorm|[upkeep]
|-damage|p2a: Zamazenta|72/100|[from] Sandstorm
|-heal|p1a: Gholdengo|8/100|[from] item: Leftovers
|upkeep
|turn|21
|
|t:|1776064978
|switch|p1a: Great Tusk|Great Tusk|86/100
|move|p2a: Zamazenta|Crunch|p1a: Great Tusk
|-resisted|p1a: Great Tusk
|-damage|p1a: Great Tusk|78/100
|
|-weather|Sandstorm|[upkeep]
|-damage|p2a: Zamazenta|65/100|[from] Sandstorm
|upkeep
|turn|22
|
|t:|1776064985
|-end|p1a: Great Tusk|Protosynthesis|[silent]
|switch|p1a: Samurott|Samurott-Hisui, M|46/100
|move|p2a: Zamazenta|Crunch|p1a: Samurott
|-resisted|p1a: Samurott
|-damage|p1a: Samurott|33/100
|-unboost|p1a: Samurott|def|1
|
|-weather|Sandstorm|[upkeep]
|-damage|p2a: Zamazenta|59/100|[from] Sandstorm
|-damage|p1a: Samurott|26/100|[from] Sandstorm
|upkeep
|turn|23
|
|t:|1776064994
|switch|p1a: Great Tusk|Great Tusk|78/100
|move|p2a: Zamazenta|Crunch|p1a: Great Tusk
|-resisted|p1a: Great Tusk
|-damage|p1a: Great Tusk|70/100
|
|-weather|Sandstorm|[upkeep]
|-damage|p2a: Zamazenta|53/100|[from] Sandstorm
|upkeep
|turn|24
|
|t:|1776065007
|-end|p1a: Great Tusk|Protosynthesis|[silent]
|switch|p1a: Samurott|Samurott-Hisui, M|26/100
|move|p2a: Zamazenta|Crunch|p1a: Samurott
|-resisted|p1a: Samurott
|-damage|p1a: Samurott|12/100
|
|-weather|none
|upkeep
|turn|25
|
|t:|1776065014
|switch|p1a: Great Tusk|Great Tusk|70/100
|move|p2a: Zamazenta|Crunch|p1a: Great Tusk
|-resisted|p1a: Great Tusk
|-damage|p1a: Great Tusk|62/100
|
|upkeep
|turn|26
|
|t:|1776065021
|move|p2a: Zamazenta|Crunch|p1a: Great Tusk
|-resisted|p1a: Great Tusk
|-damage|p1a: Great Tusk|54/100
|move|p1a: Great Tusk|Headlong Rush|p2a: Zamazenta
|-crit|p2a: Zamazenta
|-damage|p2a: Zamazenta|0 fnt
|-unboost|p1a: Great Tusk|def|1
|-unboost|p1a: Great Tusk|spd|1
|faint|p2a: Zamazenta
|
|upkeep
|
|t:|1776065028
|switch|p2a: Hydrapple|Hydrapple, M|100/100
|turn|27
|
|t:|1776065035
|move|p1a: Great Tusk|Ice Spinner|p2a: Hydrapple
|-supereffective|p2a: Hydrapple
|-damage|p2a: Hydrapple|32/100
|move|p2a: Hydrapple|Nasty Plot|p2a: Hydrapple
|-boost|p2a: Hydrapple|spa|2
|
|upkeep
|turn|28
|
|t:|1776065039
|switch|p2a: Moltres|Moltres|92/100
|-damage|p2a: Moltres|42/100|[from] Stealth Rock
|move|p1a: Great Tusk|Headlong Rush|p2a: Moltres
|-immune|p2a: Moltres
|
|upkeep
|turn|29
|
|t:|1776065043
|-end|p1a: Great Tusk|Protosynthesis|[silent]
|switch|p1a: Samurott|Samurott-Hisui, M|12/100
|move|p2a: Moltres|Flamethrower|p1a: Samurott
|-resisted|p1a: Samurott
|-damage|p1a: Samurott|0 fnt
|faint|p1a: Samurott
|
|upkeep
|
|t:|1776065046
|switch|p1a: Dragapult|Dragapult, F, tera:Ghost|20/100
|turn|30
|j| wwlolkk
|l| wwlolkk
|
|t:|1776065052
|move|p1a: Dragapult|Tera Blast|p2a: Moltres|[anim] Tera Blast Ghost
|-damage|p2a: Moltres|0 fnt
|faint|p2a: Moltres
|
|upkeep
|
|t:|1776065058
|switch|p2a: Hydrapple|Hydrapple, M|66/100
|turn|31
|
|t:|1776065064
|switch|p1a: Tornadus|Tornadus-Therian, M|52/100 brn
|-terastallize|p2a: Hydrapple|Poison
|move|p2a: Hydrapple|Fickle Beam|p1a: Tornadus|[anim] Fickle Beam All Out
|-activate|p2a: Hydrapple|move: Fickle Beam
|-damage|p1a: Tornadus|6/100 brn
|
|-damage|p1a: Tornadus|0 fnt|[from] brn
|faint|p1a: Tornadus
|upkeep
|
|t:|1776065070
|switch|p1a: Hatterene|Hatterene, F|76/100
|turn|32
|j| Too Many Caps
|
|t:|1776065077
|move|p2a: Hydrapple|Earth Power|p1a: Hatterene
|-damage|p1a: Hatterene|60/100
|move|p1a: Hatterene|Psychic Noise|p2a: Hydrapple
|-supereffective|p2a: Hydrapple
|-damage|p2a: Hydrapple|0 fnt
|faint|p2a: Hydrapple
|
|win|Zuifeng
|raw|Zuifeng's rating: 1678 &rarr; <strong>1695</strong><br />(+17 for winning)
|raw|Blastoise_Choice's rating: 1628 &rarr; <strong>1611</strong><br />(-17 for losing)
|c|☆Blastoise_Choice|gg
