|html|<div class="broadcast-blue"><strong>[Gen 9] OU is currently suspecting Tera Blast! For information on how to participate check out the <a href="https://www.smogon.com/tools/suspects/view/200">suspect thread</a>.</strong></div>
|j|☆mynasty
|j|☆JuniorSharks34
|t:|1776085366
|gametype|singles
|player|p1|mynasty|265|1214
|player|p2|JuniorSharks34|magmagrunt|1294
|gen|9
|tier|[Gen 9] OU
|rated|
|rule|HP Percentage Mod: HP is shown in percentages
|rule|Endless Battle Clause: Forcing endless battles is banned
|rule|Species Clause: Limit one of each Pokémon
|rule|OHKO Clause: OHKO moves are banned
|rule|Evasion Items Clause: Evasion items are banned
|rule|Evasion Moves Clause: Evasion moves are banned
|rule|Evasion Abilities Clause: Evasion abilities are banned
|rule|Sleep Moves Clause: Sleep-inducing moves are banned
|clearpoke
|poke|p1|Vileplume, F|
|poke|p1|Primarina, F|
|poke|p1|Heatran, M|
|poke|p1|Great Tusk|
|poke|p1|Darkrai|
|poke|p1|Ambipom, F|
|poke|p2|Samurott-Hisui, F|
|poke|p2|Gholdengo|
|poke|p2|Great Tusk|
|poke|p2|Clefable, F|
|poke|p2|Gliscor, M|
|poke|p2|Zamazenta-*|
|teampreview
|inactive|Battle timer is ON: inactive players will automatically lose when time's up. (requested by JuniorSharks34)
|inactive|mynasty also wants the timer to be on.
|
|t:|1776085385
|teamsize|p1|6
|teamsize|p2|6
|start
|switch|p1a: Ambipom|Ambipom, F|100/100
|switch|p2a: Samurott|Samurott-Hisui, F|100/100
|turn|1
|
|t:|1776085394
|move|p1a: Ambipom|Fake Out|p2a: Samurott
|-damage|p2a: Samurott|66/100
|cant|p2a: Samurott|flinch
|
|upkeep
|turn|2
|
|t:|1776085399
|move|p1a: Ambipom|U-turn|p2a: Samurott
|-supereffective|p2a: Samurott
|-damage|p2a: Samurott|18/100
|
|t:|1776085403
|switch|p1a: Vileplume|Vileplume, F|100/100|[from] U-turn
|move|p2a: Samurott|Ceaseless Edge|p1a: Vileplume
|-damage|p1a: Vileplume|67/100
|-damage|p2a: Samurott|2/100|[from] item: Rocky Helmet|[of] p1a: Vileplume
|-sidestart|p1: mynasty|Spikes
|
|upkeep
|turn|3
|
|t:|1776085412
|move|p2a: Samurott|Ceaseless Edge|p1a: Vileplume
|-damage|p1a: Vileplume|35/100
|-damage|p2a: Samurott|0 fnt|[from] item: Rocky Helmet|[of] p1a: Vileplume
|faint|p2a: Samurott
|move|p1a: Vileplume|Giga Drain|p2: Samurott|[notarget]
|-fail|p1a: Vileplume
|
|upkeep
|
|t:|1776085420
|switch|p2a: Gliscor|Gliscor, M|100/100
|turn|4
|
|t:|1776085422
|move|p2a: Gliscor|Earthquake|p1a: Vileplume
|-damage|p1a: Vileplume|9/100
|move|p1a: Vileplume|Strength Sap|p2a: Gliscor
|-unboost|p2a: Gliscor|atk|1
|-heal|p1a: Vileplume|73/100
|
|-status|p2a: Gliscor|tox|[from] item: Toxic Orb
|upkeep
|turn|5
|
|t:|1776085429
|move|p2a: Gliscor|U-turn|p1a: Vileplume
|-damage|p1a: Vileplume|65/100
|-damage|p2a: Gliscor|84/100 tox|[from] item: Rocky Helmet|[of] p1a: Vileplume
|
|t:|1776085432
|switch|p2a: Clefable|Clefable, F|100/100|[from] U-turn
|move|p1a: Vileplume|Leech Seed|p2a: Clefable
|-start|p2a: Clefable|move: Leech Seed
|
|upkeep
|turn|6
|
|t:|1776085438
|switch|p1a: Heatran|Heatran, M|100/100
|-damage|p1a: Heatran|88/100|[from] Spikes
|move|p2a: Clefable|Stealth Rock|p1a: Heatran
|-sidestart|p1: mynasty|move: Stealth Rock
|
|-heal|p1a: Heatran|94/100|[from] item: Leftovers
|upkeep
|turn|7
|
|t:|1776085447
|switch|p2a: Les Chicots|Great Tusk|100/100
|move|p1a: Heatran|Stealth Rock|p2a: Les Chicots
|-sidestart|p2: JuniorSharks34|move: Stealth Rock
|
|-heal|p1a: Heatran|100/100|[from] item: Leftovers
|upkeep
|turn|8
|
|t:|1776085455
|switch|p1a: Great Tusk|Great Tusk|100/100
|-damage|p1a: Great Tusk|88/100|[from] Spikes
|-damage|p1a: Great Tusk|85/100|[from] Stealth Rock
|move|p2a: Les Chicots|Rapid Spin|p1a: Great Tusk
|-damage|p1a: Great Tusk|72/100
|-boost|p2a: Les Chicots|spe|1
|-sideend|p2: JuniorSharks34|Stealth Rock|[from] move: Rapid Spin|[of] p2a: Les Chicots
|
|upkeep
|turn|9
|
|t:|1776085483
|move|p2a: Les Chicots|Ice Spinner|p1a: Great Tusk
|-supereffective|p1a: Great Tusk
|-damage|p1a: Great Tusk|28/100
|move|p1a: Great Tusk|Rapid Spin|p2a: Les Chicots
|-damage|p2a: Les Chicots|87/100
|-boost|p1a: Great Tusk|spe|1
|-sideend|p1: mynasty|Spikes|[from] move: Rapid Spin|[of] p1a: Great Tusk
|-sideend|p1: mynasty|Stealth Rock|[from] move: Rapid Spin|[of] p1a: Great Tusk
|
|upkeep
|turn|10
|
|t:|1776085487
|move|p2a: Les Chicots|Ice Spinner|p1a: Great Tusk
|-supereffective|p1a: Great Tusk
|-damage|p1a: Great Tusk|0 fnt
|faint|p1a: Great Tusk
|-end|p1a: Great Tusk|Protosynthesis|[silent]
|
|upkeep
|
|t:|1776085491
|switch|p1a: Vileplume|Vileplume, F|65/100
|turn|11
|
|t:|1776085517
|-terastallize|p2a: Les Chicots|Steel
|move|p2a: Les Chicots|Bulk Up|p2a: Les Chicots
|-boost|p2a: Les Chicots|atk|1
|-boost|p2a: Les Chicots|def|1
|move|p1a: Vileplume|Strength Sap|p2a: Les Chicots
|-unboost|p2a: Les Chicots|atk|1
|-heal|p1a: Vileplume|100/100
|
|upkeep
|turn|12
|
|t:|1776085526
|move|p2a: Les Chicots|Bulk Up|p2a: Les Chicots
|-boost|p2a: Les Chicots|atk|1
|-boost|p2a: Les Chicots|def|1
|move|p1a: Vileplume|Leech Seed|p2a: Les Chicots
|-start|p2a: Les Chicots|move: Leech Seed
|
|-damage|p2a: Les Chicots|75/100|[from] Leech Seed|[of] p1a: Vileplume
|upkeep
|turn|13
|
|t:|1776085542
|switch|p1a: Primarina|Primarina, F|100/100
|move|p2a: Les Chicots|Ice Spinner|p1a: Primarina
|-resisted|p1a: Primarina
|-damage|p1a: Primarina|70/100
|
|-damage|p2a: Les Chicots|62/100|[from] Leech Seed|[of] p1a: Primarina
|-heal|p1a: Primarina|86/100|[silent]
|upkeep
|turn|14
|
|t:|1776085549
|move|p2a: Les Chicots|Rapid Spin|p1a: Primarina
|-damage|p1a: Primarina|47/100
|-boost|p2a: Les Chicots|spe|1
|-end|p2a: Les Chicots|Leech Seed|[from] move: Rapid Spin|[of] p2a: Les Chicots
|move|p1a: Primarina|Hyper Voice|p2a: Les Chicots
|-damage|p2a: Les Chicots|0 fnt
|faint|p2a: Les Chicots
|-end|p2a: Les Chicots|Protosynthesis|[silent]
|
|upkeep
|
|t:|1776085553
|switch|p2a: Gliscor|Gliscor, M|84/100 tox
|turn|15
|
|t:|1776085559
|move|p2a: Gliscor|Protect|p2a: Gliscor
|-singleturn|p2a: Gliscor|Protect
|move|p1a: Primarina|Hyper Voice|p2a: Gliscor
|-activate|p2a: Gliscor|move: Protect
|
|-heal|p2a: Gliscor|96/100 tox|[from] ability: Poison Heal
|upkeep
|turn|16
|
|t:|1776085569
|switch|p2a: Clefable|Clefable, F|100/100
|move|p1a: Primarina|Hyper Voice|p2a: Clefable
|-damage|p2a: Clefable|56/100
|
|upkeep
|turn|17
|
|t:|1776085574
|switch|p1a: Heatran|Heatran, M|100/100
|move|p2a: Clefable|Moonblast|p1a: Heatran
|-resisted|p1a: Heatran
|-damage|p1a: Heatran|96/100
|
|-heal|p1a: Heatran|100/100|[from] item: Leftovers
|upkeep
|turn|18
|
|t:|1776085580
|switch|p2a: Gliscor|Gliscor, M|96/100 tox
|move|p1a: Heatran|Flamethrower|p2a: Gliscor
|-damage|p2a: Gliscor|50/100 tox
|
|-heal|p2a: Gliscor|63/100 tox|[from] ability: Poison Heal
|upkeep
|turn|19
|
|t:|1776085585
|switch|p1a: Vileplume|Vileplume, F|100/100
|move|p2a: Gliscor|Earthquake|p1a: Vileplume
|-damage|p1a: Vileplume|76/100
|
|-heal|p2a: Gliscor|75/100 tox|[from] ability: Poison Heal
|upkeep
|turn|20
|
|t:|1776085615
|move|p2a: Gliscor|U-turn|p1a: Vileplume
|-damage|p1a: Vileplume|64/100
|-damage|p2a: Gliscor|58/100 tox|[from] item: Rocky Helmet|[of] p1a: Vileplume
|
|t:|1776085618
|switch|p2a: Gholdengo|Gholdengo|100/100|[from] U-turn
|move|p1a: Vileplume|Leech Seed|p2a: Gholdengo
|-immune|p2a: Gholdengo|[from] ability: Good as Gold
|
|upkeep
|turn|21
|
|t:|1776085625
|switch|p1a: Heatran|Heatran, M|100/100
|move|p2a: Gholdengo|Nasty Plot|p2a: Gholdengo
|-boost|p2a: Gholdengo|spa|2
|
|upkeep
|turn|22
|
|t:|1776085631
|move|p2a: Gholdengo|Shadow Ball|p1a: Heatran
|-damage|p1a: Heatran|57/100
|move|p1a: Heatran|Flamethrower|p2a: Gholdengo
|-supereffective|p2a: Gholdengo
|-damage|p2a: Gholdengo|26/100
|
|-heal|p1a: Heatran|64/100|[from] item: Leftovers
|upkeep
|turn|23
|
|t:|1776085659
|move|p2a: Gholdengo|Shadow Ball|p1a: Heatran
|-damage|p1a: Heatran|17/100
|move|p1a: Heatran|Flamethrower|p2a: Gholdengo
|-supereffective|p2a: Gholdengo
|-damage|p2a: Gholdengo|0 fnt
|faint|p2a: Gholdengo
|
|-heal|p1a: Heatran|23/100|[from] item: Leftovers
|upkeep
|
|t:|1776085667
|switch|p2a: Gliscor|Gliscor, M|58/100 tox
|turn|24
|
|t:|1776085675
|switch|p1a: Primarina|Primarina, F|47/100
|move|p2a: Gliscor|Earthquake|p1a: Primarina
|-damage|p1a: Primarina|0 fnt
|faint|p1a: Primarina
|
|-heal|p2a: Gliscor|71/100 tox|[from] ability: Poison Heal
|upkeep
|
|t:|1776085682
|switch|p1a: Darkrai|Darkrai|100/100
|turn|25
|
|t:|1776085686
|move|p1a: Darkrai|Ice Beam|p2a: Gliscor
|-supereffective|p2a: Gliscor
|-damage|p2a: Gliscor|0 fnt
|faint|p2a: Gliscor
|
|upkeep
|
|t:|1776085689
|switch|p2a: Clefable|Clefable, F|56/100
|turn|26
|
|t:|1776085692
|move|p1a: Darkrai|Sludge Bomb|p2a: Clefable
|-supereffective|p2a: Clefable
|-damage|p2a: Clefable|0 fnt
|faint|p2a: Clefable
|
|upkeep
|
|t:|1776085695
|switch|p2a: Zamazenta|Zamazenta|100/100
|-ability|p2a: Zamazenta|Dauntless Shield|boost
|-boost|p2a: Zamazenta|def|1
|turn|27
|
|t:|1776085700
|switch|p1a: Vileplume|Vileplume, F|64/100
|move|p2a: Zamazenta|Close Combat|p1a: Vileplume
|-resisted|p1a: Vileplume
|-damage|p1a: Vileplume|40/100
|-unboost|p2a: Zamazenta|def|1
|-unboost|p2a: Zamazenta|spd|1
|-damage|p2a: Zamazenta|84/100|[from] item: Rocky Helmet|[of] p1a: Vileplume
|
|upkeep
|turn|28
|
|t:|1776085706
|move|p2a: Zamazenta|Ice Fang|p1a: Vileplume
|-supereffective|p1a: Vileplume
|-damage|p1a: Vileplume|9/100
|-damage|p2a: Zamazenta|67/100|[from] item: Rocky Helmet|[of] p1a: Vileplume
|-status|p2a: Zamazenta|psn|[from] ability: Effect Spore|[of] p1a: Vileplume
|move|p1a: Vileplume|Strength Sap|p2a: Zamazenta
|-unboost|p2a: Zamazenta|atk|1
|-heal|p1a: Vileplume|100/100
|
|-damage|p2a: Zamazenta|55/100 psn|[from] psn
|upkeep
|turn|29
|-message|JuniorSharks34 forfeited.
|
|win|mynasty
|raw|mynasty's rating: 1214 &rarr; <strong>1245</strong><br />(+31 for winning)
|raw|JuniorSharks34's rating: 1294 &rarr; <strong>1263</strong><br />(-31 for losing)
|l|☆JuniorSharks34
|player|p2|
|l|☆mynasty
|player|p1|
