|html|<div class="broadcast-blue"><strong>[Gen 9] OU is currently suspecting Tera Blast! For information on how to participate check out the <a href="https://www.smogon.com/tools/suspects/view/200">suspect thread</a>.</strong></div>
|j|☆TheRegisAreCool
|j|☆Jolle
|t:|1776261799
|gametype|singles
|player|p1|TheRegisAreCool|fisherman-gen4|1280
|player|p2|Jolle|266|1267
|gen|9
|tier|[Gen 9] OU
|rated|
|rule|HP Percentage Mod: HP is shown in percentages
|rule|Endless Battle Clause: Forcing endless battles is banned
|rule|Species Clause: Limit one of each Pokémon
|rule|OHKO Clause: OHKO moves are banned
|rule|Evasion Items Clause: Evasion items are banned
|rule|Evasion Moves Clause: Evasion moves are banned
|rule|Evasion Abilities Clause: Evasion abilities are banned
|rule|Sleep Moves Clause: Sleep-inducing moves are banned
|clearpoke
|poke|p1|Conkeldurr, M|
|poke|p1|Iron Moth|
|poke|p1|Glimmora, F|
|poke|p1|Kommo-o, M|
|poke|p1|Donphan, F|
|poke|p1|Ursaluna, F|
|poke|p2|Great Tusk|
|poke|p2|Samurott-Hisui, F|
|poke|p2|Pecharunt|
|poke|p2|Ogerpon, F|
|poke|p2|Heatran, F|
|poke|p2|Zamazenta-*|
|teampreview
|inactive|Battle timer is ON: inactive players will automatically lose when time's up. (requested by Jolle)
|
|t:|1776261817
|teamsize|p1|6
|teamsize|p2|6
|start
|switch|p1a: Kommo-o|Kommo-o, M|100/100
|switch|p2a: Jack Sparrow|Samurott-Hisui, F|100/100
|turn|1
|
|t:|1776261822
|switch|p2a: sys32|Pecharunt|100/100
|move|p1a: Kommo-o|Clangorous Soul|p1a: Kommo-o
|-boost|p1a: Kommo-o|atk|1
|-boost|p1a: Kommo-o|def|1
|-boost|p1a: Kommo-o|spa|1
|-boost|p1a: Kommo-o|spd|1
|-boost|p1a: Kommo-o|spe|1
|-damage|p1a: Kommo-o|68/100
|
|-heal|p1a: Kommo-o|74/100|[from] item: Leftovers
|upkeep
|turn|2
|
|t:|1776261828
|move|p1a: Kommo-o|Clanging Scales|p2a: sys32
|-damage|p2a: sys32|23/100
|-unboost|p1a: Kommo-o|def|1
|move|p2a: sys32|Malignant Chain|p1a: Kommo-o
|-damage|p1a: Kommo-o|53/100
|
|-heal|p1a: Kommo-o|59/100|[from] item: Leftovers
|upkeep
|turn|3
|
|t:|1776261834
|move|p1a: Kommo-o|Clanging Scales|p2a: sys32
|-damage|p2a: sys32|0 fnt
|faint|p2a: sys32
|-unboost|p1a: Kommo-o|def|1
|
|-heal|p1a: Kommo-o|65/100|[from] item: Leftovers
|upkeep
|
|t:|1776261839
|switch|p2a: Cerberus|Zamazenta, shiny|100/100
|-ability|p2a: Cerberus|Dauntless Shield|boost
|-boost|p2a: Cerberus|def|1
|turn|4
|
|t:|1776261845
|move|p1a: Kommo-o|Clanging Scales|p2a: Cerberus
|-damage|p2a: Cerberus|27/100
|-unboost|p1a: Kommo-o|def|1
|move|p2a: Cerberus|Roar|p1a: Kommo-o
|drag|p1a: Conkeldurr|Conkeldurr, M|100/100
|
|-status|p1a: Conkeldurr|brn|[from] item: Flame Orb
|upkeep
|turn|5
|
|t:|1776261858
|-terastallize|p1a: Conkeldurr|Fighting
|move|p1a: Conkeldurr|Mach Punch|p2a: Cerberus
|-damage|p2a: Cerberus|0 fnt
|faint|p2a: Cerberus
|
|-damage|p1a: Conkeldurr|94/100 brn|[from] brn
|upkeep
|
|t:|1776261864
|switch|p2a: Tuskthony Phantano|Great Tusk, shiny|100/100
|turn|6
|
|t:|1776261868
|move|p2a: Tuskthony Phantano|Stealth Rock|p1a: Conkeldurr
|-sidestart|p1: TheRegisAreCool|move: Stealth Rock
|move|p1a: Conkeldurr|Close Combat|p2a: Tuskthony Phantano
|-damage|p2a: Tuskthony Phantano|0 fnt
|-unboost|p1a: Conkeldurr|def|1
|-unboost|p1a: Conkeldurr|spd|1
|faint|p2a: Tuskthony Phantano
|-end|p2a: Tuskthony Phantano|Protosynthesis|[silent]
|
|-damage|p1a: Conkeldurr|88/100 brn|[from] brn
|upkeep
|l|☆Jolle
|inactive|Jolle disconnected and has a minute to reconnect!
|player|p2|
|inactive|Jolle has 30 seconds to reconnect!
|inactive|Jolle has 20 seconds to reconnect!
|inactive|Jolle has 15 seconds to reconnect!
|inactive|Jolle has 10 seconds to reconnect!
|inactive|Jolle has 5 seconds to reconnect!
|-message|Jolle lost due to inactivity.
|
|win|TheRegisAreCool
|raw|TheRegisAreCool's rating: 1280 &rarr; <strong>1304</strong><br />(+24 for winning)
|raw|Jolle's rating: 1267 &rarr; <strong>1243</strong><br />(-24 for losing)
