|html|<div class="broadcast-blue"><strong>[Gen 9] OU is currently suspecting Tera Blast! For information on how to participate check out the <a href="https://www.smogon.com/tools/suspects/view/200">suspect thread</a>.</strong></div>
|j|☆Gellyri
|j|☆eefernes
|t:|1776111876
|gametype|singles
|player|p1|Gellyri|102|1126
|player|p2|eefernes|fairytalegirl|1147
|gen|9
|tier|[Gen 9] OU
|rated|
|rule|HP Percentage Mod: HP is shown in percentages
|rule|Endless Battle Clause: Forcing endless battles is banned
|rule|Species Clause: Limit one of each Pokémon
|rule|OHKO Clause: OHKO moves are banned
|rule|Evasion Items Clause: Evasion items are banned
|rule|Evasion Moves Clause: Evasion moves are banned
|rule|Evasion Abilities Clause: Evasion abilities are banned
|rule|Sleep Moves Clause: Sleep-inducing moves are banned
|clearpoke
|poke|p1|Dragonite, M|
|poke|p1|Slowbro-Galar, M|
|poke|p1|Great Tusk|
|poke|p1|Electabuzz, M|
|poke|p1|Kingambit, M|
|poke|p1|Gengar, F|
|poke|p2|Dragonite, F|
|poke|p2|Samurott-Hisui, M|
|poke|p2|Clefable, M|
|poke|p2|Gliscor, F|
|poke|p2|Gholdengo|
|poke|p2|Zamazenta-*|
|teampreview
|
|t:|1776111885
|teamsize|p1|6
|teamsize|p2|6
|start
|switch|p1a: Great Tusk|Great Tusk|100/100
|switch|p2a: Samurott|Samurott-Hisui, M|100/100
|turn|1
|
|t:|1776111893
|-terastallize|p1a: Great Tusk|Water
|move|p1a: Great Tusk|Stealth Rock|p2a: Samurott
|-sidestart|p2: eefernes|move: Stealth Rock
|move|p2a: Samurott|Razor Shell|p1a: Great Tusk
|-resisted|p1a: Great Tusk
|-damage|p1a: Great Tusk|81/100
|-damage|p2a: Samurott|84/100|[from] item: Rocky Helmet|[of] p1a: Great Tusk
|
|upkeep
|turn|2
|
|t:|1776111901
|move|p1a: Great Tusk|Close Combat|p2a: Samurott
|-supereffective|p2a: Samurott
|-damage|p2a: Samurott|0 fnt
|-unboost|p1a: Great Tusk|def|1
|-unboost|p1a: Great Tusk|spd|1
|faint|p2a: Samurott
|
|upkeep
|inactive|Battle timer is ON: inactive players will automatically lose when time's up. (requested by Gellyri)
|
|t:|1776111916
|switch|p2a: Clefable|Clefable, M|100/100
|turn|3
|
|t:|1776111930
|-end|p1a: Great Tusk|Protosynthesis|[silent]
|switch|p1a: Gengar|Gengar, F|100/100
|move|p2a: Clefable|Stealth Rock|p1a: Gengar
|-sidestart|p1: Gellyri|move: Stealth Rock
|
|upkeep
|turn|4
|
|t:|1776111939
|switch|p2a: Gholdengo|Gholdengo|100/100
|-damage|p2a: Gholdengo|94/100|[from] Stealth Rock
|move|p1a: Gengar|Sludge Wave|p2a: Gholdengo
|-immune|p2a: Gholdengo
|
|upkeep
|turn|5
|
|t:|1776111954
|switch|p1a: Dragonite|Dragonite, M|100/100
|move|p2a: Gholdengo|Shadow Ball|p1a: Dragonite
|-damage|p1a: Dragonite|77/100
|
|upkeep
|turn|6
|
|t:|1776111961
|switch|p2a: Clefable|Clefable, M|100/100
|move|p1a: Dragonite|Dragon Dance|p1a: Dragonite
|-boost|p1a: Dragonite|atk|1
|-boost|p1a: Dragonite|spe|1
|
|upkeep
|turn|7
|
|t:|1776111970
|move|p1a: Dragonite|Extreme Speed|p2a: Clefable
|-damage|p2a: Clefable|70/100
|-damage|p1a: Dragonite|60/100|[from] item: Rocky Helmet|[of] p2a: Clefable
|move|p2a: Clefable|Moonblast|p1a: Dragonite
|-supereffective|p1a: Dragonite
|-damage|p1a: Dragonite|0 fnt
|faint|p1a: Dragonite
|
|upkeep
|
|t:|1776111975
|switch|p1a: Gengar|Gengar, F|100/100
|-damage|p1a: Gengar|88/100|[from] Stealth Rock
|turn|8
|inactive|eefernes has 120 seconds left.
|
|t:|1776112007
|move|p1a: Gengar|Shadow Ball|p2a: Clefable
|-damage|p2a: Clefable|30/100
|move|p2a: Clefable|Knock Off|p1a: Gengar
|-supereffective|p1a: Gengar
|-damage|p1a: Gengar|27/100
|-enditem|p1a: Gengar|Choice Scarf|[from] move: Knock Off|[of] p2a: Clefable
|
|upkeep
|turn|9
|
|t:|1776112018
|move|p1a: Gengar|Shadow Ball|p2a: Clefable
|-damage|p2a: Clefable|0 fnt
|faint|p2a: Clefable
|
|upkeep
|
|t:|1776112022
|switch|p2a: Gholdengo|Gholdengo|94/100
|-damage|p2a: Gholdengo|88/100|[from] Stealth Rock
|turn|10
|
|t:|1776112026
|move|p2a: Gholdengo|Make It Rain|p1a: Gengar
|-damage|p1a: Gengar|0 fnt
|-unboost|p2a: Gholdengo|spa|1
|-start|p2a: Gholdengo|Disable|Make It Rain|[from] ability: Cursed Body|[of] p1a: Gengar
|faint|p1a: Gengar
|
|upkeep
|
|t:|1776112035
|switch|p1a: Slowbro|Slowbro-Galar, M|100/100
|-damage|p1a: Slowbro|88/100|[from] Stealth Rock
|turn|11
|
|t:|1776112043
|switch|p2a: Gliscor|Gliscor, F|100/100
|-damage|p2a: Gliscor|88/100|[from] Stealth Rock
|move|p1a: Slowbro|Thunder Wave|p2a: Gliscor
|-immune|p2a: Gliscor
|
|-status|p2a: Gliscor|tox|[from] item: Toxic Orb
|upkeep
|turn|12
|
|t:|1776112054
|move|p2a: Gliscor|Swords Dance|p2a: Gliscor
|-boost|p2a: Gliscor|atk|2
|move|p1a: Slowbro|Ice Beam|p2a: Gliscor
|-supereffective|p2a: Gliscor
|-damage|p2a: Gliscor|18/100 tox
|
|-heal|p2a: Gliscor|30/100 tox|[from] ability: Poison Heal
|upkeep
|turn|13
|
|t:|1776112065
|-terastallize|p2a: Gliscor|Normal
|move|p2a: Gliscor|Facade|p1a: Slowbro
|-damage|p1a: Slowbro|14/100
|-damage|p2a: Gliscor|14/100 tox|[from] item: Rocky Helmet|[of] p1a: Slowbro
|move|p1a: Slowbro|Ice Beam|p2a: Gliscor
|-damage|p2a: Gliscor|0 fnt
|faint|p2a: Gliscor
|
|upkeep
|
|t:|1776112070
|switch|p2a: Gholdengo|Gholdengo|88/100
|-damage|p2a: Gholdengo|82/100|[from] Stealth Rock
|turn|14
|
|t:|1776112076
|move|p2a: Gholdengo|Shadow Ball|p1a: Slowbro
|-supereffective|p1a: Slowbro
|-damage|p1a: Slowbro|0 fnt
|faint|p1a: Slowbro
|
|upkeep
|
|t:|1776112084
|switch|p1a: Great Tusk|Great Tusk, tera:Water|81/100
|-damage|p1a: Great Tusk|69/100|[from] Stealth Rock
|turn|15
|
|t:|1776112089
|move|p2a: Gholdengo|Shadow Ball|p1a: Great Tusk
|-damage|p1a: Great Tusk|4/100
|move|p1a: Great Tusk|Headlong Rush|p2a: Gholdengo
|-supereffective|p2a: Gholdengo
|-damage|p2a: Gholdengo|0 fnt
|-unboost|p1a: Great Tusk|def|1
|-unboost|p1a: Great Tusk|spd|1
|faint|p2a: Gholdengo
|
|upkeep
|
|t:|1776112096
|switch|p2a: Zamazenta|Zamazenta|100/100
|-damage|p2a: Zamazenta|94/100|[from] Stealth Rock
|-ability|p2a: Zamazenta|Dauntless Shield|boost
|-boost|p2a: Zamazenta|def|1
|turn|16
|
|t:|1776112102
|move|p2a: Zamazenta|Iron Defense|p2a: Zamazenta
|-boost|p2a: Zamazenta|def|2
|move|p1a: Great Tusk|Rapid Spin|p2a: Zamazenta
|-damage|p2a: Zamazenta|88/100
|-boost|p1a: Great Tusk|spe|1
|-sideend|p1: Gellyri|Stealth Rock|[from] move: Rapid Spin|[of] p1a: Great Tusk
|
|-heal|p2a: Zamazenta|94/100|[from] item: Leftovers
|upkeep
|turn|17
|
|t:|1776112112
|move|p2a: Zamazenta|Iron Defense|p2a: Zamazenta
|-boost|p2a: Zamazenta|def|2
|move|p1a: Great Tusk|Headlong Rush|p2a: Zamazenta
|-damage|p2a: Zamazenta|79/100
|-unboost|p1a: Great Tusk|def|1
|-unboost|p1a: Great Tusk|spd|1
|
|-heal|p2a: Zamazenta|85/100|[from] item: Leftovers
|upkeep
|turn|18
|
|t:|1776112132
|move|p2a: Zamazenta|Body Press|p1a: Great Tusk
|-damage|p1a: Great Tusk|0 fnt
|-damage|p2a: Zamazenta|68/100|[from] item: Rocky Helmet|[of] p1a: Great Tusk
|faint|p1a: Great Tusk
|-end|p1a: Great Tusk|Protosynthesis|[silent]
|
|-heal|p2a: Zamazenta|75/100|[from] item: Leftovers
|upkeep
|
|t:|1776112141
|switch|p1a: Kingambit|Kingambit, M|100/100
|-activate|p1a: Kingambit|ability: Supreme Overlord
|-start|p1a: Kingambit|fallen4|[silent]
|turn|19
|
|t:|1776112152
|move|p2a: Zamazenta|Body Press|p1a: Kingambit
|-supereffective|p1a: Kingambit
|-damage|p1a: Kingambit|0 fnt
|faint|p1a: Kingambit
|-end|p1a: Kingambit|fallen4|[silent]
|
|-heal|p2a: Zamazenta|81/100|[from] item: Leftovers
|upkeep
|
|t:|1776112155
|switch|p1a: Electabuzz|Electabuzz, M|100/100
|turn|20
|
|t:|1776112159
|move|p2a: Zamazenta|Body Press|p1a: Electabuzz
|-damage|p1a: Electabuzz|0 fnt
|-status|p2a: Zamazenta|par|[from] ability: Static|[of] p1a: Electabuzz
|faint|p1a: Electabuzz
|
|win|eefernes
|raw|Gellyri's rating: 1126 &rarr; <strong>1103</strong><br />(-23 for losing)
|raw|eefernes's rating: 1147 &rarr; <strong>1170</strong><br />(+23 for winning)
|l|☆eefernes
|player|p2|
|l|☆Gellyri
|player|p1|
