|html|<div class="broadcast-blue"><strong>[Gen 9] OU is currently suspecting Tera Blast! For information on how to participate check out the <a href="https://www.smogon.com/tools/suspects/view/200">suspect thread</a>.</strong></div>
|j|☆PufferPheesh
|j|☆TOXICccccccccccccc
|t:|1776284065
|gametype|singles
|player|p1|PufferPheesh|crasherwake|1307
|player|p2|TOXICccccccccccccc|preschooler|1352
|gen|9
|tier|[Gen 9] OU
|rated|
|rule|HP Percentage Mod: HP is shown in percentages
|rule|Endless Battle Clause: Forcing endless battles is banned
|rule|Species Clause: Limit one of each Pokémon
|rule|OHKO Clause: OHKO moves are banned
|rule|Evasion Items Clause: Evasion items are banned
|rule|Evasion Moves Clause: Evasion moves are banned
|rule|Evasion Abilities Clause: Evasion abilities are banned
|rule|Sleep Moves Clause: Sleep-inducing moves are banned
|clearpoke
|poke|p1|Tyranitar, M|
|poke|p1|Great Tusk|
|poke|p1|Primarina, F|
|poke|p1|Dragapult, M|
|poke|p1|Hydrapple, F|
|poke|p1|Corviknight, M|
|poke|p2|Ogerpon-Wellspring, F|
|poke|p2|Heatran, M|
|poke|p2|Goodra-Hisui, F|
|poke|p2|Thundurus-Therian, M|
|poke|p2|Orthworm, M|
|poke|p2|Grimmsnarl, M|
|teampreview
|inactive|Battle timer is ON: inactive players will automatically lose when time's up. (requested by TOXICccccccccccccc)
|
|t:|1776284074
|teamsize|p1|6
|teamsize|p2|6
|start
|switch|p1a: Tary Soprano|Tyranitar, M|100/100
|switch|p2a: Ogerpon|Ogerpon-Wellspring, F|100/100
|-weather|Sandstorm|[from] ability: Sand Stream|[of] p1a: Tary Soprano
|turn|1
|
|t:|1776284081
|switch|p1a: Doctor's nightmare|Hydrapple, F|100/100
|move|p2a: Ogerpon|Ivy Cudgel|p1a: Doctor's nightmare|[anim] Ivy Cudgel Water
|-resisted|p1a: Doctor's nightmare
|-damage|p1a: Doctor's nightmare|92/100
|
|-weather|Sandstorm|[upkeep]
|-damage|p2a: Ogerpon|95/100|[from] Sandstorm
|-damage|p1a: Doctor's nightmare|86/100|[from] Sandstorm
|upkeep
|turn|2
|
|t:|1776284090
|move|p2a: Ogerpon|U-turn|p1a: Doctor's nightmare
|-supereffective|p1a: Doctor's nightmare
|-damage|p1a: Doctor's nightmare|54/100
|
|t:|1776284094
|switch|p2a: Orthworm|Orthworm, M|100/100|[from] U-turn
|move|p1a: Doctor's nightmare|Nasty Plot|p1a: Doctor's nightmare
|-boost|p1a: Doctor's nightmare|spa|2
|
|-weather|Sandstorm|[upkeep]
|-damage|p1a: Doctor's nightmare|48/100|[from] Sandstorm
|upkeep
|turn|3
|
|t:|1776284124
|switch|p2a: Goodra|Goodra-Hisui, F|100/100
|move|p1a: Doctor's nightmare|Giga Drain|p2a: Goodra
|-ability|p2a: Goodra|Sap Sipper|boost
|-boost|p2a: Goodra|atk|1
|
|-weather|Sandstorm|[upkeep]
|-damage|p1a: Doctor's nightmare|42/100|[from] Sandstorm
|upkeep
|turn|4
|
|t:|1776284136
|move|p2a: Goodra|Dragon Pulse|p1a: Doctor's nightmare
|-supereffective|p1a: Doctor's nightmare
|-damage|p1a: Doctor's nightmare|0 fnt
|faint|p1a: Doctor's nightmare
|
|-weather|Sandstorm|[upkeep]
|upkeep
|
|t:|1776284159
|switch|p1a: Elon Tusk|Great Tusk|100/100
|-enditem|p1a: Elon Tusk|Booster Energy
|-activate|p1a: Elon Tusk|ability: Protosynthesis|[fromitem]
|-start|p1a: Elon Tusk|protosynthesisatk
|turn|5
|
|t:|1776284173
|switch|p2a: Grimmsnarl|Grimmsnarl, M|100/100
|move|p1a: Elon Tusk|Headlong Rush|p2a: Grimmsnarl
|-damage|p2a: Grimmsnarl|33/100
|-unboost|p1a: Elon Tusk|def|1
|-unboost|p1a: Elon Tusk|spd|1
|
|-weather|none
|upkeep
|turn|6
|
|t:|1776284183
|move|p2a: Grimmsnarl|Parting Shot|p1a: Elon Tusk
|-unboost|p1a: Elon Tusk|atk|1
|-unboost|p1a: Elon Tusk|spa|1
|
|t:|1776284191
|switch|p2a: Ogerpon|Ogerpon-Wellspring, F|95/100|[from] Parting Shot
|move|p1a: Elon Tusk|Ice Spinner|p2a: Ogerpon
|-damage|p2a: Ogerpon|64/100
|
|upkeep
|turn|7
|
|t:|1776284203
|-end|p1a: Elon Tusk|Protosynthesis|[silent]
|switch|p1a: Big Bird|Corviknight, M, shiny|100/100
|-ability|p1a: Big Bird|Pressure
|move|p2a: Ogerpon|Ivy Cudgel|p1a: Big Bird|[anim] Ivy Cudgel Water
|-damage|p1a: Big Bird|65/100
|
|-heal|p1a: Big Bird|71/100|[from] item: Leftovers
|upkeep
|turn|8
|
|t:|1776284211
|switch|p2a: Thundurus|Thundurus-Therian, M|100/100
|move|p1a: Big Bird|Body Press|p2a: Thundurus
|-resisted|p2a: Thundurus
|-damage|p2a: Thundurus|81/100
|
|-heal|p1a: Big Bird|77/100|[from] item: Leftovers
|upkeep
|turn|9
|
|t:|1776284222
|switch|p1a: Trebuche|Dragapult, M|100/100
|move|p2a: Thundurus|Focus Blast|p1a: Trebuche
|-immune|p1a: Trebuche
|
|upkeep
|turn|10
|inactive|PufferPheesh has 120 seconds left.
|
|t:|1776284256
|switch|p2a: Heatran|Heatran, M|100/100
|move|p1a: Trebuche|Dragon Darts|p2a: Heatran
|-resisted|p2a: Heatran
|-damage|p2a: Heatran|91/100
|-anim|p1a: Trebuche|Dragon Darts|p2a: Heatran
|-resisted|p2a: Heatran
|-damage|p2a: Heatran|83/100
|
|-heal|p2a: Heatran|89/100|[from] item: Leftovers
|upkeep
|turn|11
|inactive|PufferPheesh has 120 seconds left.
|
|t:|1776284269
|move|p1a: Trebuche|Shadow Ball|p2a: Heatran
|-damage|p2a: Heatran|69/100
|-unboost|p2a: Heatran|spd|1
|move|p2a: Heatran|Stealth Rock|p1a: Trebuche
|-sidestart|p1: PufferPheesh|move: Stealth Rock
|
|-heal|p2a: Heatran|75/100|[from] item: Leftovers
|upkeep
|turn|12
|
|t:|1776284277
|switch|p2a: Goodra|Goodra-Hisui, F|100/100
|-terastallize|p1a: Trebuche|Ghost
|move|p1a: Trebuche|Shadow Ball|p2a: Goodra
|-damage|p2a: Goodra|82/100
|-unboost|p2a: Goodra|spd|1
|
|upkeep
|turn|13
|
|t:|1776284287
|move|p1a: Trebuche|Will-O-Wisp|p2a: Goodra
|-status|p2a: Goodra|brn
|move|p2a: Goodra|Dragon Pulse|p1a: Trebuche
|-damage|p1a: Trebuche|40/100
|
|-damage|p2a: Goodra|76/100 brn|[from] brn
|upkeep
|turn|14
|
|t:|1776284299
|switch|p1a: Waifu|Primarina, F|100/100
|-damage|p1a: Waifu|88/100|[from] Stealth Rock
|switch|p2a: Heatran|Heatran, M|75/100
|
|-heal|p2a: Heatran|81/100|[from] item: Leftovers
|upkeep
|turn|15
|
|t:|1776284308
|switch|p2a: Goodra|Goodra-Hisui, F|76/100 brn
|move|p1a: Waifu|Surf|p2a: Goodra
|-resisted|p2a: Goodra
|-damage|p2a: Goodra|67/100 brn
|
|-damage|p2a: Goodra|61/100 brn|[from] brn
|upkeep
|turn|16
|
|t:|1776284318
|switch|p1a: Big Bird|Corviknight, M, shiny|77/100
|-damage|p1a: Big Bird|65/100|[from] Stealth Rock
|-ability|p1a: Big Bird|Pressure
|move|p2a: Goodra|Flash Cannon|p1a: Big Bird
|-resisted|p1a: Big Bird
|-damage|p1a: Big Bird|43/100
|-unboost|p1a: Big Bird|spd|1
|
|-heal|p1a: Big Bird|49/100|[from] item: Leftovers
|-damage|p2a: Goodra|55/100 brn|[from] brn
|upkeep
|turn|17
|
|t:|1776284327
|move|p1a: Big Bird|Body Press|p2a: Goodra
|-supereffective|p2a: Goodra
|-damage|p2a: Goodra|1/100 brn
|move|p2a: Goodra|Fire Blast|p1a: Big Bird
|-supereffective|p1a: Big Bird
|-damage|p1a: Big Bird|0 fnt
|faint|p1a: Big Bird
|
|-damage|p2a: Goodra|0 fnt|[from] brn
|faint|p2a: Goodra
|upkeep
|
|t:|1776284335
|switch|p1a: Tary Soprano|Tyranitar, M|100/100
|switch|p2a: Ogerpon|Ogerpon-Wellspring, F|64/100
|-damage|p1a: Tary Soprano|88/100|[from] Stealth Rock
|-weather|Sandstorm|[from] ability: Sand Stream|[of] p1a: Tary Soprano
|turn|18
|
|t:|1776284342
|switch|p1a: Waifu|Primarina, F|88/100
|-damage|p1a: Waifu|76/100|[from] Stealth Rock
|move|p2a: Ogerpon|Ivy Cudgel|p1a: Waifu|[anim] Ivy Cudgel Water
|-resisted|p1a: Waifu
|-crit|p1a: Waifu
|-damage|p1a: Waifu|16/100
|
|-weather|Sandstorm|[upkeep]
|-damage|p2a: Ogerpon|58/100|[from] Sandstorm
|-damage|p1a: Waifu|10/100|[from] Sandstorm
|upkeep
|turn|19
|
|t:|1776284345
|move|p2a: Ogerpon|Horn Leech|p1a: Waifu
|-supereffective|p1a: Waifu
|-damage|p1a: Waifu|0 fnt
|-heal|p2a: Ogerpon|63/100|[from] drain|[of] p1a: Waifu
|faint|p1a: Waifu
|
|-weather|Sandstorm|[upkeep]
|-damage|p2a: Ogerpon|57/100|[from] Sandstorm
|upkeep
|
|t:|1776284348
|switch|p1a: Trebuche|Dragapult, M, tera:Ghost|40/100
|turn|20
|
|t:|1776284351
|switch|p2a: Grimmsnarl|Grimmsnarl, M|33/100
|move|p1a: Trebuche|Will-O-Wisp|p2a: Grimmsnarl
|-status|p2a: Grimmsnarl|brn
|
|-weather|Sandstorm|[upkeep]
|-damage|p1a: Trebuche|34/100|[from] Sandstorm
|-damage|p2a: Grimmsnarl|27/100 brn|[from] Sandstorm
|-damage|p2a: Grimmsnarl|21/100 brn|[from] brn
|upkeep
|turn|21
|
|t:|1776284358
|move|p2a: Grimmsnarl|Thunder Wave|p1a: Trebuche
|-status|p1a: Trebuche|par
|move|p1a: Trebuche|U-turn|p2a: Grimmsnarl
|-damage|p2a: Grimmsnarl|6/100 brn
|
|t:|1776284362
|switch|p1a: Elon Tusk|Great Tusk|100/100|[from] U-turn
|-damage|p1a: Elon Tusk|98/100|[from] Stealth Rock
|
|-weather|Sandstorm|[upkeep]
|-damage|p2a: Grimmsnarl|0 fnt|[from] Sandstorm
|faint|p2a: Grimmsnarl
|upkeep
|
|t:|1776284370
|switch|p2a: Orthworm|Orthworm, M|100/100
|turn|22
|
|t:|1776284378
|-terastallize|p2a: Orthworm|Ghost
|move|p1a: Elon Tusk|Stealth Rock|p2a: Orthworm
|-sidestart|p2: TOXICccccccccccccc|move: Stealth Rock
|move|p2a: Orthworm|Sand Tomb|p1a: Elon Tusk
|-damage|p1a: Elon Tusk|92/100
|-activate|p1a: Elon Tusk|move: Sand Tomb|[of] p2a: Orthworm
|
|-weather|none
|-damage|p1a: Elon Tusk|80/100|[from] move: Sand Tomb|[partiallytrapped]
|upkeep
|turn|23
|
|t:|1776284389
|move|p1a: Elon Tusk|Ice Spinner|p2a: Orthworm
|-damage|p2a: Orthworm|80/100
|move|p2a: Orthworm|Spikes|p1a: Elon Tusk
|-sidestart|p1: PufferPheesh|Spikes
|
|-heal|p2a: Orthworm|86/100|[from] item: Leftovers
|-damage|p1a: Elon Tusk|68/100|[from] move: Sand Tomb|[partiallytrapped]
|upkeep
|turn|24
|
|t:|1776284392
|move|p1a: Elon Tusk|Ice Spinner|p2a: Orthworm
|-damage|p2a: Orthworm|65/100
|move|p2a: Orthworm|Iron Defense|p2a: Orthworm
|-boost|p2a: Orthworm|def|2
|
|-heal|p2a: Orthworm|71/100|[from] item: Leftovers
|-damage|p1a: Elon Tusk|55/100|[from] move: Sand Tomb|[partiallytrapped]
|upkeep
|turn|25
|
|t:|1776284403
|move|p1a: Elon Tusk|Ice Spinner|p2a: Orthworm
|-damage|p2a: Orthworm|61/100
|move|p2a: Orthworm|Spikes|p1a: Elon Tusk
|-sidestart|p1: PufferPheesh|Spikes
|
|-heal|p2a: Orthworm|67/100|[from] item: Leftovers
|-damage|p1a: Elon Tusk|43/100|[from] move: Sand Tomb|[partiallytrapped]
|upkeep
|turn|26
|
|t:|1776284407
|move|p1a: Elon Tusk|Ice Spinner|p2a: Orthworm
|-crit|p2a: Orthworm
|-damage|p2a: Orthworm|38/100
|move|p2a: Orthworm|Spikes|p1a: Elon Tusk
|-sidestart|p1: PufferPheesh|Spikes
|
|-heal|p2a: Orthworm|44/100|[from] item: Leftovers
|-damage|p1a: Elon Tusk|30/100|[from] move: Sand Tomb|[partiallytrapped]
|upkeep
|turn|27
|-message|PufferPheesh forfeited.
|
|win|TOXICccccccccccccc
|raw|PufferPheesh's rating: 1307 &rarr; <strong>1290</strong><br />(-17 for losing)
|raw|TOXICccccccccccccc's rating: 1352 &rarr; <strong>1369</strong><br />(+17 for winning)
|l|☆PufferPheesh
|player|p1|
