|html|<div class="broadcast-blue"><strong>[Gen 9] OU is currently suspecting Tera Blast! For information on how to participate check out the <a href="https://www.smogon.com/tools/suspects/view/200">suspect thread</a>.</strong></div>
|j|☆bird trainer Riley
|j|☆doctor4t
|t:|1776333691
|gametype|singles
|player|p1|bird trainer Riley|birdkeeper-gen4dp|1149
|player|p2|doctor4t|rosa|1146
|gen|9
|tier|[Gen 9] OU
|rated|
|rule|HP Percentage Mod: HP is shown in percentages
|rule|Endless Battle Clause: Forcing endless battles is banned
|rule|Species Clause: Limit one of each Pokémon
|rule|OHKO Clause: OHKO moves are banned
|rule|Evasion Items Clause: Evasion items are banned
|rule|Evasion Moves Clause: Evasion moves are banned
|rule|Evasion Abilities Clause: Evasion abilities are banned
|rule|Sleep Moves Clause: Sleep-inducing moves are banned
|clearpoke
|poke|p1|Corviknight, M|
|poke|p1|Moltres|
|poke|p1|Zapdos-Galar|
|poke|p1|Toucannon, F|
|poke|p1|Kilowattrel, F|
|poke|p1|Cramorant, M|
|poke|p2|Glimmora, M|
|poke|p2|Clefable, M|
|poke|p2|Corviknight, F|
|poke|p2|Toxapex, M|
|poke|p2|Slowking-Galar, M|
|poke|p2|Gliscor, M|
|teampreview
|
|t:|1776333714
|teamsize|p1|6
|teamsize|p2|6
|start
|switch|p1a: Kilowattrel|Kilowattrel, F|100/100
|switch|p2a: Glimmora|Glimmora, M|100/100
|turn|1
|c|☆doctor4t|Bird up?
|
|t:|1776333728
|move|p1a: Kilowattrel|Discharge|p2a: Glimmora
|-damage|p2a: Glimmora|33/100
|-status|p2a: Glimmora|par
|cant|p2a: Glimmora|par
|
|upkeep
|turn|2
|
|t:|1776333736
|move|p1a: Kilowattrel|Discharge|p2a: Glimmora
|-damage|p2a: Glimmora|0 fnt
|faint|p2a: Glimmora
|
|upkeep
|
|t:|1776333744
|switch|p2a: Gliscor|Gliscor, M|100/100
|turn|3
|
|t:|1776333749
|switch|p1a: Moltres|Moltres|100/100
|move|p2a: Gliscor|Ice Fang|p1a: Moltres
|-damage|p1a: Moltres|90/100
|
|-status|p2a: Gliscor|tox|[from] item: Toxic Orb
|upkeep
|turn|4
|
|t:|1776333786
|move|p2a: Gliscor|Ice Fang|p1a: Moltres|[miss]
|-miss|p2a: Gliscor|p1a: Moltres
|move|p1a: Moltres|Scorching Sands|p2a: Gliscor
|-immune|p2a: Gliscor
|
|upkeep
|turn|5
|c|☆bird trainer Riley|U know just some birds
|
|t:|1776333804
|move|p2a: Gliscor|Ice Fang|p1a: Moltres
|-damage|p1a: Moltres|79/100
|move|p1a: Moltres|Flamethrower|p2a: Gliscor
|-damage|p2a: Gliscor|62/100 tox
|
|-heal|p2a: Gliscor|75/100 tox|[from] ability: Poison Heal
|upkeep
|turn|6
|
|t:|1776333827
|switch|p2a: Toxapex|Toxapex, M|100/100
|move|p1a: Moltres|Flamethrower|p2a: Toxapex
|-resisted|p2a: Toxapex
|-damage|p2a: Toxapex|84/100
|
|-heal|p2a: Toxapex|90/100|[from] item: Leftovers
|upkeep
|turn|7
|
|t:|1776333839
|switch|p1a: Corviknight|Corviknight, M|100/100
|move|p2a: Toxapex|Infestation|p1a: Corviknight
|-resisted|p1a: Corviknight
|-damage|p1a: Corviknight|99/100
|-activate|p1a: Corviknight|move: Infestation|[of] p2a: Toxapex
|
|-heal|p1a: Corviknight|100/100|[from] item: Leftovers
|-heal|p2a: Toxapex|96/100|[from] item: Leftovers
|-damage|p1a: Corviknight|88/100|[from] move: Infestation|[partiallytrapped]
|upkeep
|turn|8
|
|t:|1776333850
|move|p1a: Corviknight|Iron Defense|p1a: Corviknight
|-boost|p1a: Corviknight|def|2
|move|p2a: Toxapex|Infestation|p1a: Corviknight
|-resisted|p1a: Corviknight
|-damage|p1a: Corviknight|87/100
|
|-heal|p1a: Corviknight|94/100|[from] item: Leftovers
|-heal|p2a: Toxapex|100/100|[from] item: Leftovers
|-damage|p1a: Corviknight|81/100|[from] move: Infestation|[partiallytrapped]
|upkeep
|turn|9
|
|t:|1776333862
|move|p1a: Corviknight|Iron Defense|p1a: Corviknight
|-boost|p1a: Corviknight|def|2
|move|p2a: Toxapex|Infestation|p1a: Corviknight
|-resisted|p1a: Corviknight
|-damage|p1a: Corviknight|81/100
|
|-heal|p1a: Corviknight|87/100|[from] item: Leftovers
|-damage|p1a: Corviknight|74/100|[from] move: Infestation|[partiallytrapped]
|upkeep
|turn|10
|
|t:|1776333871
|move|p1a: Corviknight|Iron Defense|p1a: Corviknight
|-boost|p1a: Corviknight|def|2
|move|p2a: Toxapex|Infestation|p1a: Corviknight
|-resisted|p1a: Corviknight
|-damage|p1a: Corviknight|74/100
|
|-heal|p1a: Corviknight|80/100|[from] item: Leftovers
|-damage|p1a: Corviknight|68/100|[from] move: Infestation|[partiallytrapped]
|upkeep
|turn|11
|
|t:|1776333882
|move|p2a: Toxapex|Baneful Bunker|p2a: Toxapex
|-singleturn|p2a: Toxapex|move: Protect
|move|p1a: Corviknight|Defog|p2a: Toxapex
|-activate|p2a: Toxapex|move: Protect
|
|-heal|p1a: Corviknight|74/100|[from] item: Leftovers
|-damage|p1a: Corviknight|61/100|[from] move: Infestation|[partiallytrapped]
|upkeep
|turn|12
|
|t:|1776333895
|move|p1a: Corviknight|Roost|p1a: Corviknight
|-heal|p1a: Corviknight|100/100
|-singleturn|p1a: Corviknight|move: Roost
|move|p2a: Toxapex|Infestation|p1a: Corviknight
|-resisted|p1a: Corviknight
|-damage|p1a: Corviknight|99/100
|
|-heal|p1a: Corviknight|100/100|[from] item: Leftovers
|-end|p1a: Corviknight|Infestation|[partiallytrapped]
|upkeep
|turn|13
|
|t:|1776333905
|move|p1a: Corviknight|Body Press|p2a: Toxapex
|-resisted|p2a: Toxapex
|-damage|p2a: Toxapex|70/100
|move|p2a: Toxapex|Infestation|p1a: Corviknight
|-resisted|p1a: Corviknight
|-damage|p1a: Corviknight|99/100
|-activate|p1a: Corviknight|move: Infestation|[of] p2a: Toxapex
|
|-heal|p1a: Corviknight|100/100|[from] item: Leftovers
|-heal|p2a: Toxapex|76/100|[from] item: Leftovers
|-damage|p1a: Corviknight|88/100|[from] move: Infestation|[partiallytrapped]
|upkeep
|turn|14
|
|t:|1776333916
|move|p2a: Toxapex|Baneful Bunker|p2a: Toxapex
|-singleturn|p2a: Toxapex|move: Protect
|move|p1a: Corviknight|Body Press|p2a: Toxapex
|-activate|p2a: Toxapex|move: Protect
|
|-heal|p1a: Corviknight|94/100|[from] item: Leftovers
|-heal|p2a: Toxapex|82/100|[from] item: Leftovers
|-damage|p1a: Corviknight|82/100|[from] move: Infestation|[partiallytrapped]
|upkeep
|turn|15
|
|t:|1776333927
|move|p1a: Corviknight|Body Press|p2a: Toxapex
|-resisted|p2a: Toxapex
|-damage|p2a: Toxapex|49/100
|move|p2a: Toxapex|Infestation|p1a: Corviknight
|-resisted|p1a: Corviknight
|-damage|p1a: Corviknight|81/100
|
|-heal|p1a: Corviknight|87/100|[from] item: Leftovers
|-heal|p2a: Toxapex|55/100|[from] item: Leftovers
|-damage|p1a: Corviknight|75/100|[from] move: Infestation|[partiallytrapped]
|upkeep
|turn|16
|
|t:|1776333937
|move|p1a: Corviknight|Roost|p1a: Corviknight
|-heal|p1a: Corviknight|100/100
|-singleturn|p1a: Corviknight|move: Roost
|move|p2a: Toxapex|Recover|p2a: Toxapex
|-heal|p2a: Toxapex|100/100
|
|-damage|p1a: Corviknight|88/100|[from] move: Infestation|[partiallytrapped]
|upkeep
|turn|17
|
|t:|1776333953
|move|p1a: Corviknight|Defog|p2a: Toxapex
|-unboost|p2a: Toxapex|evasion|1
|move|p2a: Toxapex|Infestation|p1a: Corviknight
|-resisted|p1a: Corviknight
|-damage|p1a: Corviknight|87/100
|
|-heal|p1a: Corviknight|94/100|[from] item: Leftovers
|-end|p1a: Corviknight|Infestation|[partiallytrapped]
|upkeep
|turn|18
|
|t:|1776333968
|switch|p1a: Kilowattrel|Kilowattrel, F|100/100
|move|p2a: Toxapex|Baneful Bunker||[still]
|-fail|p2a: Toxapex
|
|upkeep
|turn|19
|
|t:|1776333978
|switch|p2a: Gliscor|Gliscor, M|75/100 tox
|move|p1a: Kilowattrel|Tera Blast|p2a: Gliscor
|-damage|p2a: Gliscor|38/100 tox
|
|-heal|p2a: Gliscor|50/100 tox|[from] ability: Poison Heal
|upkeep
|turn|20
|
|t:|1776333988
|move|p2a: Gliscor|Protect|p2a: Gliscor
|-singleturn|p2a: Gliscor|Protect
|move|p1a: Kilowattrel|Tera Blast|p2a: Gliscor
|-activate|p2a: Gliscor|move: Protect
|
|-heal|p2a: Gliscor|63/100 tox|[from] ability: Poison Heal
|upkeep
|turn|21
|
|t:|1776334002
|-terastallize|p1a: Kilowattrel|Ice
|move|p1a: Kilowattrel|Tera Blast|p2a: Gliscor|[anim] Tera Blast Ice
|-supereffective|p2a: Gliscor
|-crit|p2a: Gliscor
|-damage|p2a: Gliscor|0 fnt
|faint|p2a: Gliscor
|
|upkeep
|
|t:|1776334010
|switch|p2a: Clefable|Clefable, M|100/100
|turn|22
|
|t:|1776334015
|switch|p1a: Toucannon|Toucannon, F|100/100
|move|p2a: Clefable|Cosmic Power|p2a: Clefable
|-boost|p2a: Clefable|def|1
|-boost|p2a: Clefable|spd|1
|
|upkeep
|turn|23
|
|t:|1776334022
|move|p2a: Clefable|Cosmic Power|p2a: Clefable
|-boost|p2a: Clefable|def|1
|-boost|p2a: Clefable|spd|1
|move|p1a: Toucannon|Gunk Shot|p2a: Clefable
|-supereffective|p2a: Clefable
|-damage|p2a: Clefable|52/100
|-damage|p1a: Toucannon|91/100|[from] item: Life Orb
|
|-heal|p2a: Clefable|58/100|[from] item: Leftovers
|upkeep
|turn|24
|
|t:|1776334035
|-terastallize|p2a: Clefable|Steel
|move|p1a: Toucannon|Gunk Shot|p2a: Clefable
|-immune|p2a: Clefable
|move|p2a: Clefable|Cosmic Power|p2a: Clefable
|-boost|p2a: Clefable|def|1
|-boost|p2a: Clefable|spd|1
|
|-heal|p2a: Clefable|64/100|[from] item: Leftovers
|upkeep
|turn|25
|
|t:|1776334063
|switch|p1a: Moltres|Moltres|79/100
|move|p2a: Clefable|Wish|p2a: Clefable
|
|-heal|p2a: Clefable|70/100|[from] item: Leftovers
|upkeep
|turn|26
|
|t:|1776334073
|move|p1a: Moltres|Flamethrower|p2a: Clefable
|-supereffective|p2a: Clefable
|-damage|p2a: Clefable|47/100
|move|p2a: Clefable|Cosmic Power|p2a: Clefable
|-boost|p2a: Clefable|def|1
|-boost|p2a: Clefable|spd|1
|
|-heal|p2a: Clefable|97/100|[from] move: Wish|[wisher] Clefable
|-heal|p2a: Clefable|100/100|[from] item: Leftovers
|upkeep
|turn|27
|
|t:|1776334093
|move|p1a: Moltres|Flamethrower|p2a: Clefable
|-supereffective|p2a: Clefable
|-damage|p2a: Clefable|79/100
|move|p2a: Clefable|Cosmic Power|p2a: Clefable
|-boost|p2a: Clefable|def|1
|-boost|p2a: Clefable|spd|1
|
|-heal|p2a: Clefable|85/100|[from] item: Leftovers
|upkeep
|turn|28
|c|☆doctor4t|Maybe something that does more damage?
|
|t:|1776334116
|move|p1a: Moltres|Flamethrower|p2a: Clefable
|-supereffective|p2a: Clefable
|-damage|p2a: Clefable|66/100
|move|p2a: Clefable|Cosmic Power|p2a: Clefable
|-boost|p2a: Clefable|def|1
|-boost|p2a: Clefable|spd|1
|
|-heal|p2a: Clefable|72/100|[from] item: Leftovers
|upkeep
|turn|29
|c|☆bird trainer Riley|I dont have anything
|c|☆doctor4t|Then you shoudnt have parad my glimora
|c|☆doctor4t|And dont try corviknight
|c|☆doctor4t|Im unaware
|inactive|Battle timer is ON: inactive players will automatically lose when time's up. (requested by doctor4t)
|inactive|bird trainer Riley has 120 seconds left.
|
|t:|1776334223
|move|p1a: Moltres|Flamethrower|p2a: Clefable
|-supereffective|p2a: Clefable
|-damage|p2a: Clefable|55/100
|move|p2a: Clefable|Wish|p2a: Clefable
|
|-heal|p2a: Clefable|61/100|[from] item: Leftovers
|upkeep
|turn|30
|
|t:|1776334231
|move|p1a: Moltres|Flamethrower|p2a: Clefable
|-supereffective|p2a: Clefable
|-damage|p2a: Clefable|44/100
|-status|p2a: Clefable|brn
|move|p2a: Clefable|Stored Power|p1a: Moltres
|-damage|p1a: Moltres|16/100
|
|-heal|p2a: Clefable|94/100 brn|[from] move: Wish|[wisher] Clefable
|-heal|p2a: Clefable|99/100 brn|[from] item: Leftovers
|-damage|p2a: Clefable|94/100 brn|[from] brn
|upkeep
|turn|31
|
|t:|1776334245
|move|p1a: Moltres|Roost|p1a: Moltres
|-heal|p1a: Moltres|66/100
|-singleturn|p1a: Moltres|move: Roost
|move|p2a: Clefable|Stored Power|p1a: Moltres
|-damage|p1a: Moltres|11/100
|
|-heal|p2a: Clefable|99/100 brn|[from] item: Leftovers
|-damage|p2a: Clefable|94/100 brn|[from] brn
|upkeep
|turn|32
|
|t:|1776334255
|move|p1a: Moltres|Roost|p1a: Moltres
|-heal|p1a: Moltres|61/100
|-singleturn|p1a: Moltres|move: Roost
|move|p2a: Clefable|Stored Power|p1a: Moltres
|-damage|p1a: Moltres|2/100
|
|-heal|p2a: Clefable|99/100 brn|[from] item: Leftovers
|-damage|p2a: Clefable|94/100 brn|[from] brn
|upkeep
|turn|33
|
|t:|1776334266
|move|p1a: Moltres|Flamethrower|p2a: Clefable
|-supereffective|p2a: Clefable
|-damage|p2a: Clefable|78/100 brn
|move|p2a: Clefable|Stored Power|p1a: Moltres
|-damage|p1a: Moltres|0 fnt
|faint|p1a: Moltres
|
|-heal|p2a: Clefable|85/100 brn|[from] item: Leftovers
|-damage|p2a: Clefable|78/100 brn|[from] brn
|upkeep
|inactive|bird trainer Riley has 120 seconds left.
|
|t:|1776334302
|switch|p1a: Corviknight|Corviknight, M|94/100
|turn|34
|
|t:|1776334307
|move|p1a: Corviknight|Body Press|p2a: Clefable
|-supereffective|p2a: Clefable
|-damage|p2a: Clefable|69/100 brn
|move|p2a: Clefable|Stored Power|p1a: Corviknight
|-resisted|p1a: Corviknight
|-damage|p1a: Corviknight|75/100
|
|-heal|p1a: Corviknight|81/100|[from] item: Leftovers
|-heal|p2a: Clefable|75/100 brn|[from] item: Leftovers
|-damage|p2a: Clefable|69/100 brn|[from] brn
|upkeep
|turn|35
|
|t:|1776334318
|move|p1a: Corviknight|Body Press|p2a: Clefable
|-supereffective|p2a: Clefable
|-damage|p2a: Clefable|60/100 brn
|move|p2a: Clefable|Stored Power|p1a: Corviknight
|-resisted|p1a: Corviknight
|-damage|p1a: Corviknight|61/100
|
|-heal|p1a: Corviknight|67/100|[from] item: Leftovers
|-heal|p2a: Clefable|66/100 brn|[from] item: Leftovers
|-damage|p2a: Clefable|60/100 brn|[from] brn
|upkeep
|turn|36
|
|t:|1776334329
|move|p1a: Corviknight|Body Press|p2a: Clefable
|-supereffective|p2a: Clefable
|-damage|p2a: Clefable|51/100 brn
|move|p2a: Clefable|Wish|p2a: Clefable
|
|-heal|p1a: Corviknight|74/100|[from] item: Leftovers
|-heal|p2a: Clefable|57/100 brn|[from] item: Leftovers
|-damage|p2a: Clefable|51/100 brn|[from] brn
|upkeep
|turn|37
|
|t:|1776334342
|move|p1a: Corviknight|Body Press|p2a: Clefable
|-supereffective|p2a: Clefable
|-damage|p2a: Clefable|41/100 brn
|move|p2a: Clefable|Stored Power|p1a: Corviknight
|-resisted|p1a: Corviknight
|-damage|p1a: Corviknight|53/100
|
|-heal|p2a: Clefable|91/100 brn|[from] move: Wish|[wisher] Clefable
|-heal|p1a: Corviknight|60/100|[from] item: Leftovers
|-heal|p2a: Clefable|97/100 brn|[from] item: Leftovers
|-damage|p2a: Clefable|91/100 brn|[from] brn
|upkeep
|turn|38
|
|t:|1776334354
|move|p1a: Corviknight|Body Press|p2a: Clefable
|-supereffective|p2a: Clefable
|-damage|p2a: Clefable|83/100 brn
|move|p2a: Clefable|Draining Kiss|p1a: Corviknight
|-resisted|p1a: Corviknight
|-damage|p1a: Corviknight|54/100
|-heal|p2a: Clefable|87/100 brn|[from] drain|[of] p1a: Corviknight
|
|-heal|p1a: Corviknight|60/100|[from] item: Leftovers
|-heal|p2a: Clefable|93/100 brn|[from] item: Leftovers
|-damage|p2a: Clefable|87/100 brn|[from] brn
|upkeep
|turn|39
|
|t:|1776334366
|move|p1a: Corviknight|Body Press|p2a: Clefable
|-supereffective|p2a: Clefable
|-damage|p2a: Clefable|78/100 brn
|move|p2a: Clefable|Stored Power|p1a: Corviknight
|-resisted|p1a: Corviknight
|-damage|p1a: Corviknight|40/100
|
|-heal|p1a: Corviknight|46/100|[from] item: Leftovers
|-heal|p2a: Clefable|84/100 brn|[from] item: Leftovers
|-damage|p2a: Clefable|78/100 brn|[from] brn
|upkeep
|turn|40
|
|t:|1776334377
|move|p1a: Corviknight|Body Press|p2a: Clefable
|-supereffective|p2a: Clefable
|-damage|p2a: Clefable|70/100 brn
|move|p2a: Clefable|Stored Power|p1a: Corviknight
|-resisted|p1a: Corviknight
|-damage|p1a: Corviknight|27/100
|
|-heal|p1a: Corviknight|33/100|[from] item: Leftovers
|-heal|p2a: Clefable|76/100 brn|[from] item: Leftovers
|-damage|p2a: Clefable|70/100 brn|[from] brn
|upkeep
|turn|41
|
|t:|1776334387
|move|p1a: Corviknight|Roost|p1a: Corviknight
|-heal|p1a: Corviknight|83/100
|-singleturn|p1a: Corviknight|move: Roost
|move|p2a: Clefable|Wish|p2a: Clefable
|
|-heal|p1a: Corviknight|89/100|[from] item: Leftovers
|-heal|p2a: Clefable|76/100 brn|[from] item: Leftovers
|-damage|p2a: Clefable|70/100 brn|[from] brn
|upkeep
|turn|42
|
|t:|1776334397
|move|p1a: Corviknight|Iron Defense|p1a: Corviknight
|-boost|p1a: Corviknight|def|2
|move|p2a: Clefable|Stored Power|p1a: Corviknight
|-resisted|p1a: Corviknight
|-damage|p1a: Corviknight|69/100
|
|-heal|p2a: Clefable|100/100 brn|[from] move: Wish|[wisher] Clefable
|-heal|p1a: Corviknight|75/100|[from] item: Leftovers
|-damage|p2a: Clefable|94/100 brn|[from] brn
|upkeep
|turn|43
|
|t:|1776334409
|move|p1a: Corviknight|Iron Defense|p1a: Corviknight
|-boost|p1a: Corviknight|def|2
|move|p2a: Clefable|Stored Power|p1a: Corviknight
|-resisted|p1a: Corviknight
|-damage|p1a: Corviknight|57/100
|
|-heal|p1a: Corviknight|63/100|[from] item: Leftovers
|-heal|p2a: Clefable|100/100 brn|[from] item: Leftovers
|-damage|p2a: Clefable|94/100 brn|[from] brn
|upkeep
|turn|44
|
|t:|1776334419
|move|p1a: Corviknight|Iron Defense|p1a: Corviknight
|-boost|p1a: Corviknight|def|2
|move|p2a: Clefable|Stored Power|p1a: Corviknight
|-resisted|p1a: Corviknight
|-damage|p1a: Corviknight|45/100
|
|-heal|p1a: Corviknight|52/100|[from] item: Leftovers
|-heal|p2a: Clefable|100/100 brn|[from] item: Leftovers
|-damage|p2a: Clefable|94/100 brn|[from] brn
|upkeep
|turn|45
|
|t:|1776334429
|move|p1a: Corviknight|Iron Defense|p1a: Corviknight
|-boost|p1a: Corviknight|def|0
|move|p2a: Clefable|Stored Power|p1a: Corviknight
|-resisted|p1a: Corviknight
|-damage|p1a: Corviknight|32/100
|
|-heal|p1a: Corviknight|38/100|[from] item: Leftovers
|-heal|p2a: Clefable|100/100 brn|[from] item: Leftovers
|-damage|p2a: Clefable|94/100 brn|[from] brn
|upkeep
|turn|46
|
|t:|1776334440
|move|p1a: Corviknight|Roost|p1a: Corviknight
|-heal|p1a: Corviknight|88/100
|-singleturn|p1a: Corviknight|move: Roost
|move|p2a: Clefable|Draining Kiss|p1a: Corviknight
|-resisted|p1a: Corviknight
|-damage|p1a: Corviknight|82/100
|-heal|p2a: Clefable|99/100 brn|[from] drain|[of] p1a: Corviknight
|
|-heal|p1a: Corviknight|88/100|[from] item: Leftovers
|-heal|p2a: Clefable|100/100 brn|[from] item: Leftovers
|-damage|p2a: Clefable|94/100 brn|[from] brn
|upkeep
|turn|47
|
|t:|1776334463
|move|p1a: Corviknight|Iron Defense|p1a: Corviknight
|-boost|p1a: Corviknight|def|0
|move|p2a: Clefable|Draining Kiss|p1a: Corviknight
|-resisted|p1a: Corviknight
|-damage|p1a: Corviknight|83/100
|-heal|p2a: Clefable|99/100 brn|[from] drain|[of] p1a: Corviknight
|
|-heal|p1a: Corviknight|89/100|[from] item: Leftovers
|-heal|p2a: Clefable|100/100 brn|[from] item: Leftovers
|-damage|p2a: Clefable|94/100 brn|[from] brn
|upkeep
|turn|48
|
|t:|1776334479
|move|p1a: Corviknight|Defog|p2a: Clefable
|-unboost|p2a: Clefable|evasion|1
|move|p2a: Clefable|Draining Kiss|p1a: Corviknight
|-resisted|p1a: Corviknight
|-damage|p1a: Corviknight|83/100
|-heal|p2a: Clefable|99/100 brn|[from] drain|[of] p1a: Corviknight
|
|-heal|p1a: Corviknight|89/100|[from] item: Leftovers
|-heal|p2a: Clefable|100/100 brn|[from] item: Leftovers
|-damage|p2a: Clefable|94/100 brn|[from] brn
|upkeep
|turn|49
|c|☆doctor4t|It doesnt end stat boosts
|
|t:|1776334495
|move|p1a: Corviknight|Defog|p2a: Clefable
|-unboost|p2a: Clefable|evasion|1
|move|p2a: Clefable|Draining Kiss|p1a: Corviknight
|-resisted|p1a: Corviknight
|-damage|p1a: Corviknight|84/100
|-heal|p2a: Clefable|99/100 brn|[from] drain|[of] p1a: Corviknight
|
|-heal|p1a: Corviknight|90/100|[from] item: Leftovers
|-heal|p2a: Clefable|100/100 brn|[from] item: Leftovers
|-damage|p2a: Clefable|94/100 brn|[from] brn
|upkeep
|turn|50
|c|☆bird trainer Riley|Thats cool
|inactive|bird trainer Riley has 120 seconds left.
|
|t:|1776334516
|move|p1a: Corviknight|Defog|p2a: Clefable
|-unboost|p2a: Clefable|evasion|1
|move|p2a: Clefable|Cosmic Power|p2a: Clefable
|-boost|p2a: Clefable|def|0
|-boost|p2a: Clefable|spd|0
|
|-heal|p1a: Corviknight|96/100|[from] item: Leftovers
|-heal|p2a: Clefable|100/100 brn|[from] item: Leftovers
|-damage|p2a: Clefable|94/100 brn|[from] brn
|upkeep
|turn|51
|inactive|bird trainer Riley has 120 seconds left.
|
|t:|1776334538
|move|p1a: Corviknight|Iron Defense|p1a: Corviknight
|-boost|p1a: Corviknight|def|0
|move|p2a: Clefable|Cosmic Power|p2a: Clefable
|-boost|p2a: Clefable|def|0
|-boost|p2a: Clefable|spd|0
|
|-heal|p1a: Corviknight|100/100|[from] item: Leftovers
|-heal|p2a: Clefable|100/100 brn|[from] item: Leftovers
|-damage|p2a: Clefable|94/100 brn|[from] brn
|upkeep
|turn|52
|c|☆doctor4t|You cant win
|
|t:|1776334553
|move|p1a: Corviknight|Defog|p2a: Clefable
|-unboost|p2a: Clefable|evasion|1
|move|p2a: Clefable|Draining Kiss|p1a: Corviknight
|-resisted|p1a: Corviknight
|-damage|p1a: Corviknight|94/100
|-heal|p2a: Clefable|99/100 brn|[from] drain|[of] p1a: Corviknight
|
|-heal|p1a: Corviknight|100/100|[from] item: Leftovers
|-heal|p2a: Clefable|100/100 brn|[from] item: Leftovers
|-damage|p2a: Clefable|94/100 brn|[from] brn
|upkeep
|turn|53
|
|t:|1776334569
|move|p1a: Corviknight|Defog|p2a: Clefable
|-unboost|p2a: Clefable|evasion|1
|move|p2a: Clefable|Cosmic Power|p2a: Clefable
|-boost|p2a: Clefable|def|0
|-boost|p2a: Clefable|spd|0
|
|-heal|p2a: Clefable|100/100 brn|[from] item: Leftovers
|-damage|p2a: Clefable|94/100 brn|[from] brn
|upkeep
|turn|54
|
|t:|1776334581
|move|p1a: Corviknight|Defog|p2a: Clefable
|-unboost|p2a: Clefable|evasion|1
|move|p2a: Clefable|Cosmic Power|p2a: Clefable
|-boost|p2a: Clefable|def|0
|-boost|p2a: Clefable|spd|0
|
|-heal|p2a: Clefable|100/100 brn|[from] item: Leftovers
|-damage|p2a: Clefable|94/100 brn|[from] brn
|upkeep
|turn|55
|
|t:|1776334596
|move|p1a: Corviknight|Iron Defense|p1a: Corviknight
|-boost|p1a: Corviknight|def|0
|move|p2a: Clefable|Cosmic Power|p2a: Clefable
|-boost|p2a: Clefable|def|0
|-boost|p2a: Clefable|spd|0
|
|-heal|p2a: Clefable|100/100 brn|[from] item: Leftovers
|-damage|p2a: Clefable|94/100 brn|[from] brn
|upkeep
|turn|56
|
|t:|1776334607
|move|p1a: Corviknight|Defog||[still]
|-unboost|p2a: Clefable|evasion|0
|-fail|p1a: Corviknight
|move|p2a: Clefable|Draining Kiss|p1a: Corviknight
|-resisted|p1a: Corviknight
|-damage|p1a: Corviknight|95/100
|-heal|p2a: Clefable|99/100 brn|[from] drain|[of] p1a: Corviknight
|
|-heal|p1a: Corviknight|100/100|[from] item: Leftovers
|-heal|p2a: Clefable|100/100 brn|[from] item: Leftovers
|-damage|p2a: Clefable|94/100 brn|[from] brn
|upkeep
|turn|57
|
|t:|1776334619
|move|p1a: Corviknight|Defog||[still]
|-unboost|p2a: Clefable|evasion|0
|-fail|p1a: Corviknight
|move|p2a: Clefable|Cosmic Power|p2a: Clefable
|-boost|p2a: Clefable|def|0
|-boost|p2a: Clefable|spd|0
|
|-heal|p2a: Clefable|100/100 brn|[from] item: Leftovers
|-damage|p2a: Clefable|94/100 brn|[from] brn
|upkeep
|turn|58
|
|t:|1776334629
|move|p1a: Corviknight|Iron Defense|p1a: Corviknight
|-boost|p1a: Corviknight|def|0
|move|p2a: Clefable|Cosmic Power|p2a: Clefable
|-boost|p2a: Clefable|def|0
|-boost|p2a: Clefable|spd|0
|
|-heal|p2a: Clefable|100/100 brn|[from] item: Leftovers
|-damage|p2a: Clefable|94/100 brn|[from] brn
|upkeep
|turn|59
|
|t:|1776334643
|move|p1a: Corviknight|Defog||[still]
|-unboost|p2a: Clefable|evasion|0
|-fail|p1a: Corviknight
|move|p2a: Clefable|Cosmic Power|p2a: Clefable
|-boost|p2a: Clefable|def|0
|-boost|p2a: Clefable|spd|0
|
|-heal|p2a: Clefable|100/100 brn|[from] item: Leftovers
|-damage|p2a: Clefable|94/100 brn|[from] brn
|upkeep
|turn|60
|
|t:|1776334654
|move|p1a: Corviknight|Iron Defense|p1a: Corviknight
|-boost|p1a: Corviknight|def|0
|move|p2a: Clefable|Cosmic Power|p2a: Clefable
|-boost|p2a: Clefable|def|0
|-boost|p2a: Clefable|spd|0
|
|-heal|p2a: Clefable|100/100 brn|[from] item: Leftovers
|-damage|p2a: Clefable|94/100 brn|[from] brn
|upkeep
|turn|61
|
|t:|1776334664
|move|p1a: Corviknight|Defog||[still]
|-unboost|p2a: Clefable|evasion|0
|-fail|p1a: Corviknight
|move|p2a: Clefable|Cosmic Power|p2a: Clefable
|-boost|p2a: Clefable|def|0
|-boost|p2a: Clefable|spd|0
|
|-heal|p2a: Clefable|100/100 brn|[from] item: Leftovers
|-damage|p2a: Clefable|94/100 brn|[from] brn
|upkeep
|turn|62
|c|☆doctor4t|Why
|c|☆doctor4t|Dont waste time
|
|t:|1776334680
|move|p1a: Corviknight|Iron Defense|p1a: Corviknight
|-boost|p1a: Corviknight|def|0
|move|p2a: Clefable|Cosmic Power|p2a: Clefable
|-boost|p2a: Clefable|def|0
|-boost|p2a: Clefable|spd|0
|
|-heal|p2a: Clefable|100/100 brn|[from] item: Leftovers
|-damage|p2a: Clefable|94/100 brn|[from] brn
|upkeep
|turn|63
|inactive|bird trainer Riley has 120 seconds left.
|
|t:|1776334707
|move|p1a: Corviknight|Iron Defense|p1a: Corviknight
|-boost|p1a: Corviknight|def|0
|move|p2a: Clefable|Cosmic Power|p2a: Clefable
|-boost|p2a: Clefable|def|0
|-boost|p2a: Clefable|spd|0
|
|-heal|p2a: Clefable|100/100 brn|[from] item: Leftovers
|-damage|p2a: Clefable|94/100 brn|[from] brn
|upkeep
|turn|64
|inactive|bird trainer Riley has 120 seconds left.
|
|t:|1776334724
|move|p1a: Corviknight|Defog||[still]
|-unboost|p2a: Clefable|evasion|0
|-fail|p1a: Corviknight
|move|p2a: Clefable|Cosmic Power|p2a: Clefable
|-boost|p2a: Clefable|def|0
|-boost|p2a: Clefable|spd|0
|
|-heal|p2a: Clefable|100/100 brn|[from] item: Leftovers
|-damage|p2a: Clefable|94/100 brn|[from] brn
|upkeep
|turn|65
|
|t:|1776334735
|move|p1a: Corviknight|Defog||[still]
|-unboost|p2a: Clefable|evasion|0
|-fail|p1a: Corviknight
|move|p2a: Clefable|Cosmic Power|p2a: Clefable
|-boost|p2a: Clefable|def|0
|-boost|p2a: Clefable|spd|0
|
|-heal|p2a: Clefable|100/100 brn|[from] item: Leftovers
|-damage|p2a: Clefable|94/100 brn|[from] brn
|upkeep
|turn|66
|inactive|bird trainer Riley has 120 seconds left.
|
|t:|1776334751
|switch|p1a: Zapdos|Zapdos-Galar|100/100
|move|p2a: Clefable|Cosmic Power|p2a: Clefable
|-boost|p2a: Clefable|def|0
|-boost|p2a: Clefable|spd|0
|
|-heal|p2a: Clefable|100/100 brn|[from] item: Leftovers
|-damage|p2a: Clefable|94/100 brn|[from] brn
|upkeep
|turn|67
|
|t:|1776334761
|switch|p1a: Corviknight|Corviknight, M|100/100
|move|p2a: Clefable|Stored Power|p1a: Corviknight
|-resisted|p1a: Corviknight
|-crit|p1a: Corviknight
|-damage|p1a: Corviknight|71/100
|
|-heal|p1a: Corviknight|78/100|[from] item: Leftovers
|-heal|p2a: Clefable|100/100 brn|[from] item: Leftovers
|-damage|p2a: Clefable|94/100 brn|[from] brn
|upkeep
|turn|68
|
|t:|1776334772
|move|p1a: Corviknight|Iron Defense|p1a: Corviknight
|-boost|p1a: Corviknight|def|2
|move|p2a: Clefable|Draining Kiss|p1a: Corviknight
|-resisted|p1a: Corviknight
|-damage|p1a: Corviknight|72/100
|-heal|p2a: Clefable|99/100 brn|[from] drain|[of] p1a: Corviknight
|
|-heal|p1a: Corviknight|78/100|[from] item: Leftovers
|-heal|p2a: Clefable|100/100 brn|[from] item: Leftovers
|-damage|p2a: Clefable|94/100 brn|[from] brn
|upkeep
|turn|69
|
|t:|1776334787
|move|p1a: Corviknight|Iron Defense|p1a: Corviknight
|-boost|p1a: Corviknight|def|2
|move|p2a: Clefable|Cosmic Power|p2a: Clefable
|-boost|p2a: Clefable|def|0
|-boost|p2a: Clefable|spd|0
|
|-heal|p1a: Corviknight|84/100|[from] item: Leftovers
|-heal|p2a: Clefable|100/100 brn|[from] item: Leftovers
|-damage|p2a: Clefable|94/100 brn|[from] brn
|upkeep
|turn|70
|inactive|bird trainer Riley has 120 seconds left.
|
|t:|1776334808
|switch|p1a: Zapdos|Zapdos-Galar|100/100
|move|p2a: Clefable|Cosmic Power|p2a: Clefable
|-boost|p2a: Clefable|def|0
|-boost|p2a: Clefable|spd|0
|
|-heal|p2a: Clefable|100/100 brn|[from] item: Leftovers
|-damage|p2a: Clefable|94/100 brn|[from] brn
|upkeep
|turn|71
|
|t:|1776334818
|switch|p1a: Corviknight|Corviknight, M|84/100
|move|p2a: Clefable|Cosmic Power|p2a: Clefable
|-boost|p2a: Clefable|def|0
|-boost|p2a: Clefable|spd|0
|
|-heal|p1a: Corviknight|90/100|[from] item: Leftovers
|-heal|p2a: Clefable|100/100 brn|[from] item: Leftovers
|-damage|p2a: Clefable|94/100 brn|[from] brn
|upkeep
|turn|72
|
|t:|1776334829
|move|p1a: Corviknight|Defog||[still]
|-unboost|p2a: Clefable|evasion|0
|-fail|p1a: Corviknight
|move|p2a: Clefable|Cosmic Power|p2a: Clefable
|-boost|p2a: Clefable|def|0
|-boost|p2a: Clefable|spd|0
|
|-heal|p1a: Corviknight|97/100|[from] item: Leftovers
|-heal|p2a: Clefable|100/100 brn|[from] item: Leftovers
|-damage|p2a: Clefable|94/100 brn|[from] brn
|upkeep
|turn|73
|
|t:|1776334840
|switch|p2a: Toxapex|Toxapex, M|100/100
|move|p1a: Corviknight|Iron Defense|p1a: Corviknight
|-boost|p1a: Corviknight|def|2
|
|-heal|p1a: Corviknight|100/100|[from] item: Leftovers
|upkeep
|turn|74
|
|t:|1776334849
|switch|p1a: Kilowattrel|Kilowattrel, F, tera:Ice|100/100
|move|p2a: Toxapex|Infestation|p1a: Kilowattrel
|-damage|p1a: Kilowattrel|94/100
|-activate|p1a: Kilowattrel|move: Infestation|[of] p2a: Toxapex
|
|-damage|p1a: Kilowattrel|82/100|[from] move: Infestation|[partiallytrapped]
|upkeep
|turn|75
|
|t:|1776334858
|move|p2a: Toxapex|Baneful Bunker|p2a: Toxapex
|-singleturn|p2a: Toxapex|move: Protect
|move|p1a: Kilowattrel|Discharge|p2a: Toxapex
|-activate|p2a: Toxapex|move: Protect
|
|-damage|p1a: Kilowattrel|70/100|[from] move: Infestation|[partiallytrapped]
|upkeep
|turn|76
|
|t:|1776334869
|switch|p2a: Slowking|Slowking-Galar, M|100/100
|move|p1a: Kilowattrel|Discharge|p2a: Slowking
|-damage|p2a: Slowking|52/100
|-status|p2a: Slowking|par
|
|-heal|p2a: Slowking|58/100 par|[from] item: Leftovers
|-end|p1a: Kilowattrel|Infestation|[partiallytrapped]|[silent]
|upkeep
|turn|77
|
|t:|1776334879
|switch|p2a: Clefable|Clefable, M, tera:Steel|94/100 brn
|move|p1a: Kilowattrel|Discharge|p2a: Clefable
|-damage|p2a: Clefable|46/100 brn
|
|-heal|p2a: Clefable|52/100 brn|[from] item: Leftovers
|-damage|p2a: Clefable|46/100 brn|[from] brn
|upkeep
|turn|78
|
|t:|1776334889
|switch|p2a: Slowking|Slowking-Galar, M|91/100 par
|move|p1a: Kilowattrel|Discharge|p2a: Slowking
|-damage|p2a: Slowking|47/100 par
|
|-heal|p2a: Slowking|53/100 par|[from] item: Leftovers
|upkeep
|turn|79
|
|t:|1776334898
|move|p1a: Kilowattrel|Discharge|p2a: Slowking
|-damage|p2a: Slowking|6/100 par
|cant|p2a: Slowking|par
|
|-heal|p2a: Slowking|12/100 par|[from] item: Leftovers
|upkeep
|turn|80
|
|t:|1776334907
|switch|p2a: Corviknight|Corviknight, F|100/100
|move|p1a: Kilowattrel|Discharge|p2a: Corviknight
|-supereffective|p2a: Corviknight
|-damage|p2a: Corviknight|14/100
|
|-heal|p2a: Corviknight|21/100|[from] item: Leftovers
|upkeep
|turn|81
|
|t:|1776334919
|switch|p2a: Toxapex|Toxapex, M|100/100
|move|p1a: Kilowattrel|Discharge|p2a: Toxapex
|-supereffective|p2a: Toxapex
|-damage|p2a: Toxapex|1/100
|-status|p2a: Toxapex|par
|
|-heal|p2a: Toxapex|8/100 par|[from] item: Leftovers
|upkeep
|turn|82
|c|☆bird trainer Riley|Ggs
|inactive|doctor4t has 120 seconds left.
|l|☆doctor4t
|inactive|doctor4t disconnected and has a minute to reconnect!
|player|p2|
|j|☆doctor4t
|inactive|doctor4t reconnected and has 100 seconds left.
|player|p2|doctor4t|rosa|
|inactive|doctor4t has 90 seconds left.
|
|t:|1776334991
|move|p2a: Toxapex|Baneful Bunker|p2a: Toxapex
|-singleturn|p2a: Toxapex|move: Protect
|move|p1a: Kilowattrel|Discharge|p2a: Toxapex
|-activate|p2a: Toxapex|move: Protect
|
|-heal|p2a: Toxapex|14/100 par|[from] item: Leftovers
|upkeep
|turn|83
|inactive|doctor4t has 60 seconds left.
|c|☆bird trainer Riley|Im specs btw
|inactive|doctor4t has 30 seconds left.
|inactive|doctor4t has 20 seconds left.
|
|t:|1776335064
|move|p2a: Toxapex|Baneful Bunker||[still]
|-fail|p2a: Toxapex
|move|p1a: Kilowattrel|Discharge|p2a: Toxapex
|-supereffective|p2a: Toxapex
|-damage|p2a: Toxapex|0 fnt
|faint|p2a: Toxapex
|
|upkeep
|inactive|doctor4t has 25 seconds left this turn.
|inactive|doctor4t has 20 seconds left.
|
|t:|1776335072
|switch|p2a: Corviknight|Corviknight, F|21/100
|turn|84
|inactive|doctor4t has 30 seconds left this turn.
|
|t:|1776335076
|switch|p2a: Slowking|Slowking-Galar, M|45/100 par
|move|p1a: Kilowattrel|Discharge|p2a: Slowking
|-damage|p2a: Slowking|1/100 par
|
|-heal|p2a: Slowking|7/100 par|[from] item: Leftovers
|upkeep
|turn|85
|
|t:|1776335084
|move|p2a: Slowking|Protect|p2a: Slowking
|-singleturn|p2a: Slowking|Protect
|move|p1a: Kilowattrel|Discharge|p2a: Slowking
|-activate|p2a: Slowking|move: Protect
|
|-heal|p2a: Slowking|13/100 par|[from] item: Leftovers
|upkeep
|turn|86
|
|t:|1776335093
|switch|p2a: Clefable|Clefable, M, tera:Steel|46/100 brn
|move|p1a: Kilowattrel|Discharge|p2a: Clefable
|-damage|p2a: Clefable|0 fnt
|faint|p2a: Clefable
|
|upkeep
|
|t:|1776335102
|switch|p2a: Corviknight|Corviknight, F|21/100
|turn|87
|
|t:|1776335107
|switch|p2a: Slowking|Slowking-Galar, M|47/100 par
|move|p1a: Kilowattrel|Discharge|p2a: Slowking
|-damage|p2a: Slowking|0 fnt
|faint|p2a: Slowking
|
|upkeep
|
|t:|1776335114
|switch|p2a: Corviknight|Corviknight, F|21/100
|turn|88
|inactive|doctor4t has 30 seconds left.
|inactive|doctor4t has 20 seconds left.
|inactive|doctor4t has 15 seconds left.
|inactive|doctor4t has 10 seconds left.
|inactive|doctor4t has 5 seconds left.
|-message|doctor4t lost due to inactivity.
|
|win|bird trainer Riley
|raw|bird trainer Riley's rating: 1149 &rarr; <strong>1174</strong><br />(+25 for winning)
|raw|doctor4t's rating: 1146 &rarr; <strong>1121</strong><br />(-25 for losing)
|c|☆bird trainer Riley|Lol 😆
|l|☆doctor4t
|player|p2|
