|html|<div class="broadcast-blue"><strong>[Gen 9] OU is currently suspecting Tera Blast! For information on how to participate check out the <a href="https://www.smogon.com/tools/suspects/view/200">suspect thread</a>.</strong></div>
|j|☆GoldenJoe777
|j|☆ljdarkrai_meme
|t:|1776103536
|gametype|singles
|player|p1|GoldenJoe777|artist-gen4|1534
|player|p2|ljdarkrai_meme|265|1539
|gen|9
|tier|[Gen 9] OU
|rated|
|rule|HP Percentage Mod: HP is shown in percentages
|rule|Endless Battle Clause: Forcing endless battles is banned
|rule|Species Clause: Limit one of each Pokémon
|rule|OHKO Clause: OHKO moves are banned
|rule|Evasion Items Clause: Evasion items are banned
|rule|Evasion Moves Clause: Evasion moves are banned
|rule|Evasion Abilities Clause: Evasion abilities are banned
|rule|Sleep Moves Clause: Sleep-inducing moves are banned
|clearpoke
|poke|p1|Muk-Alola, M|
|poke|p1|Magnezone|
|poke|p1|Rillaboom, F|
|poke|p1|Quaquaval, M|
|poke|p1|Heatran, M|
|poke|p1|Kyurem|
|poke|p2|Ursaluna, M|
|poke|p2|Hatterene, F|
|poke|p2|Cresselia, F|
|poke|p2|Kingambit, F|
|poke|p2|Deoxys-Defense|
|poke|p2|Raging Bolt|
|teampreview
|inactive|Battle timer is ON: inactive players will automatically lose when time's up. (requested by GoldenJoe777)
|
|t:|1776103565
|teamsize|p1|6
|teamsize|p2|6
|start
|switch|p1a: Muk|Muk-Alola, M|100/100
|switch|p2a: Deoxys|Deoxys-Defense|100/100
|-ability|p2a: Deoxys|Pressure
|turn|1
|
|t:|1776103574
|move|p1a: Muk|Curse|p1a: Muk
|-unboost|p1a: Muk|spe|1
|-boost|p1a: Muk|atk|1
|-boost|p1a: Muk|def|1
|move|p2a: Deoxys|Trick Room|p2a: Deoxys
|-fieldstart|move: Trick Room|[of] p2a: Deoxys
|
|upkeep
|turn|2
|
|t:|1776103577
|move|p1a: Muk|Curse|p1a: Muk
|-unboost|p1a: Muk|spe|1
|-boost|p1a: Muk|atk|1
|-boost|p1a: Muk|def|1
|move|p2a: Deoxys|Teleport|p2a: Deoxys
|
|t:|1776103584
|switch|p2a: Ursaluna|Ursaluna, M|100/100|[from] Teleport
|
|-status|p2a: Ursaluna|brn|[from] item: Flame Orb
|upkeep
|turn|3
|
|t:|1776103598
|-terastallize|p1a: Muk|Ghost
|move|p1a: Muk|Curse|p2a: Ursaluna
|-start|p2a: Ursaluna|Curse|[of] p1a: Muk
|-damage|p1a: Muk|50/100
|move|p2a: Ursaluna|Headlong Rush|p1a: Muk
|-damage|p1a: Muk|0 fnt
|-unboost|p2a: Ursaluna|def|1
|-unboost|p2a: Ursaluna|spd|1
|faint|p1a: Muk
|
|-damage|p2a: Ursaluna|94/100 brn|[from] brn
|-damage|p2a: Ursaluna|69/100 brn|[from] Curse
|upkeep
|
|t:|1776103612
|switch|p1a: Rillaboom|Rillaboom, F|100/100
|-fieldstart|move: Grassy Terrain|[from] ability: Grassy Surge|[of] p1a: Rillaboom
|turn|4
|
|t:|1776103620
|switch|p2a: Raging Bolt|Raging Bolt|100/100
|-enditem|p2a: Raging Bolt|Booster Energy
|-activate|p2a: Raging Bolt|ability: Protosynthesis|[fromitem]
|-start|p2a: Raging Bolt|protosynthesisspa
|move|p1a: Rillaboom|Grassy Glide|p2a: Raging Bolt
|-resisted|p2a: Raging Bolt
|-damage|p2a: Raging Bolt|78/100
|
|-heal|p2a: Raging Bolt|84/100|[from] Grassy Terrain
|upkeep
|turn|5
|
|t:|1776103632
|switch|p1a: Heatran|Heatran, M|100/100
|move|p2a: Raging Bolt|Calm Mind|p2a: Raging Bolt
|-boost|p2a: Raging Bolt|spa|1
|-boost|p2a: Raging Bolt|spd|1
|
|-heal|p2a: Raging Bolt|90/100|[from] Grassy Terrain
|-fieldend|move: Trick Room
|upkeep
|turn|6
|
|t:|1776103638
|move|p1a: Heatran|Earth Power|p2a: Raging Bolt
|-supereffective|p2a: Raging Bolt
|-damage|p2a: Raging Bolt|63/100
|move|p2a: Raging Bolt|Thunderbolt|p1a: Heatran
|-damage|p1a: Heatran|35/100
|
|-heal|p1a: Heatran|41/100|[from] Grassy Terrain
|-heal|p1a: Heatran|47/100|[from] item: Leftovers
|-heal|p2a: Raging Bolt|69/100|[from] Grassy Terrain
|upkeep
|turn|7
|
|t:|1776103648
|move|p1a: Heatran|Stealth Rock|p2a: Raging Bolt
|-sidestart|p2: ljdarkrai_meme|move: Stealth Rock
|move|p2a: Raging Bolt|Thunderbolt|p1a: Heatran
|-damage|p1a: Heatran|0 fnt
|faint|p1a: Heatran
|
|-heal|p2a: Raging Bolt|75/100|[from] Grassy Terrain
|upkeep
|
|t:|1776103660
|switch|p1a: Rillaboom|Rillaboom, F|100/100
|turn|8
|
|t:|1776103668
|move|p1a: Rillaboom|High Horsepower|p2a: Raging Bolt
|-supereffective|p2a: Raging Bolt
|-damage|p2a: Raging Bolt|0 fnt
|faint|p2a: Raging Bolt
|-end|p2a: Raging Bolt|Protosynthesis|[silent]
|
|-fieldend|move: Grassy Terrain
|upkeep
|
|t:|1776103676
|switch|p2a: Hatterene|Hatterene, F|100/100
|-damage|p2a: Hatterene|88/100|[from] Stealth Rock
|turn|9
|
|t:|1776103685
|switch|p1a: Kyurem|Kyurem|100/100
|-ability|p1a: Kyurem|Pressure
|move|p2a: Hatterene|Trick Room|p2a: Hatterene
|-fieldstart|move: Trick Room|[of] p2a: Hatterene
|
|upkeep
|turn|10
|
|t:|1776103692
|move|p2a: Hatterene|Draining Kiss|p1a: Kyurem
|-supereffective|p1a: Kyurem
|-damage|p1a: Kyurem|53/100
|-heal|p2a: Hatterene|100/100|[from] drain|[of] p1a: Kyurem
|move|p1a: Kyurem|Substitute|p1a: Kyurem
|-start|p1a: Kyurem|Substitute
|-damage|p1a: Kyurem|28/100
|
|-heal|p1a: Kyurem|34/100|[from] item: Leftovers
|upkeep
|turn|11
|
|t:|1776103699
|move|p1a: Kyurem|Protect|p1a: Kyurem
|-singleturn|p1a: Kyurem|Protect
|move|p2a: Hatterene|Draining Kiss|p1a: Kyurem
|-activate|p1a: Kyurem|move: Protect
|
|-heal|p1a: Kyurem|40/100|[from] item: Leftovers
|upkeep
|turn|12
|
|t:|1776103712
|move|p2a: Hatterene|Draining Kiss|p1a: Kyurem
|-supereffective|p1a: Kyurem
|-end|p1a: Kyurem|Substitute
|move|p1a: Kyurem|Dragon Dance|p1a: Kyurem
|-boost|p1a: Kyurem|atk|1
|-boost|p1a: Kyurem|spe|1
|
|-heal|p1a: Kyurem|47/100|[from] item: Leftovers
|upkeep
|turn|13
|
|t:|1776103725
|switch|p2a: Kingambit|Kingambit, F|100/100
|-damage|p2a: Kingambit|94/100|[from] Stealth Rock
|-activate|p2a: Kingambit|ability: Supreme Overlord
|-start|p2a: Kingambit|fallen1|[silent]
|move|p1a: Kyurem|Protect||[still]
|-fail|p1a: Kyurem
|
|-heal|p1a: Kyurem|53/100|[from] item: Leftovers
|-fieldend|move: Trick Room
|upkeep
|turn|14
|
|t:|1776103733
|switch|p1a: Quaquaval|Quaquaval, M|100/100
|-terastallize|p2a: Kingambit|Fairy
|move|p2a: Kingambit|Tera Blast|p1a: Quaquaval|[anim] Tera Blast Fairy
|-supereffective|p1a: Quaquaval
|-damage|p1a: Quaquaval|0 fnt
|faint|p1a: Quaquaval
|
|upkeep
|
|t:|1776103737
|switch|p1a: Magnezone|Magnezone|100/100
|turn|15
|
|t:|1776103747
|-end|p2a: Kingambit|fallen1|[silent]
|switch|p2a: Ursaluna|Ursaluna, M|69/100 brn
|-damage|p2a: Ursaluna|63/100 brn|[from] Stealth Rock
|move|p1a: Magnezone|Flash Cannon|p2a: Ursaluna
|-damage|p2a: Ursaluna|5/100 brn
|
|-damage|p2a: Ursaluna|0 fnt|[from] brn
|faint|p2a: Ursaluna
|upkeep
|
|t:|1776103751
|switch|p2a: Deoxys|Deoxys-Defense|100/100
|-damage|p2a: Deoxys|88/100|[from] Stealth Rock
|-ability|p2a: Deoxys|Pressure
|turn|16
|
|t:|1776103758
|switch|p1a: Kyurem|Kyurem|53/100
|-ability|p1a: Kyurem|Pressure
|move|p2a: Deoxys|Trick Room|p2a: Deoxys
|-fieldstart|move: Trick Room|[of] p2a: Deoxys
|
|-heal|p1a: Kyurem|59/100|[from] item: Leftovers
|upkeep
|turn|17
|
|t:|1776103765
|move|p1a: Kyurem|Protect|p1a: Kyurem
|-singleturn|p1a: Kyurem|Protect
|move|p2a: Deoxys|Night Shade|p1a: Kyurem
|-activate|p1a: Kyurem|move: Protect
|
|-heal|p1a: Kyurem|65/100|[from] item: Leftovers
|upkeep
|turn|18
|
|t:|1776103770
|switch|p1a: Rillaboom|Rillaboom, F|100/100
|-fieldstart|move: Grassy Terrain|[from] ability: Grassy Surge|[of] p1a: Rillaboom
|move|p2a: Deoxys|Night Shade|p1a: Rillaboom
|-damage|p1a: Rillaboom|71/100
|
|-heal|p2a: Deoxys|94/100|[from] Grassy Terrain
|-heal|p1a: Rillaboom|77/100|[from] Grassy Terrain
|upkeep
|turn|19
|
|t:|1776103782
|move|p1a: Rillaboom|U-turn|p2a: Deoxys
|-supereffective|p2a: Deoxys
|-damage|p2a: Deoxys|32/100
|
|t:|1776103786
|switch|p1a: Magnezone|Magnezone|100/100|[from] U-turn
|move|p2a: Deoxys|Teleport|p2a: Deoxys
|
|t:|1776103797
|switch|p2a: Kingambit|Kingambit, F, tera:Fairy|94/100|[from] Teleport
|-damage|p2a: Kingambit|82/100|[from] Stealth Rock
|-activate|p2a: Kingambit|ability: Supreme Overlord
|-start|p2a: Kingambit|fallen2|[silent]
|
|-heal|p2a: Kingambit|88/100|[from] Grassy Terrain
|upkeep
|turn|20
|
|t:|1776103804
|-end|p2a: Kingambit|fallen2|[silent]
|switch|p2a: Deoxys|Deoxys-Defense|32/100
|-damage|p2a: Deoxys|20/100|[from] Stealth Rock
|-ability|p2a: Deoxys|Pressure
|move|p1a: Magnezone|Flash Cannon|p2a: Deoxys
|-damage|p2a: Deoxys|0 fnt
|faint|p2a: Deoxys
|
|-fieldend|move: Trick Room
|upkeep
|
|t:|1776103812
|switch|p2a: Cresselia|Cresselia, F|100/100
|-damage|p2a: Cresselia|88/100|[from] Stealth Rock
|turn|21
|
|t:|1776103816
|move|p1a: Magnezone|Flash Cannon|p2a: Cresselia
|-damage|p2a: Cresselia|48/100
|move|p2a: Cresselia|Trick Room|p2a: Cresselia
|-fieldstart|move: Trick Room|[of] p2a: Cresselia
|
|upkeep
|turn|22
|
|t:|1776103823
|switch|p1a: Rillaboom|Rillaboom, F|77/100
|move|p2a: Cresselia|Lunar Dance|p2a: Cresselia
|faint|p2a: Cresselia
|
|-heal|p1a: Rillaboom|83/100|[from] Grassy Terrain
|-fieldend|move: Grassy Terrain
|upkeep
|
|t:|1776103828
|switch|p2a: Kingambit|Kingambit, F, tera:Fairy|88/100
|-heal|p2a: Kingambit|100/100|[from] move: Lunar Dance
|-damage|p2a: Kingambit|88/100|[from] Stealth Rock
|-activate|p2a: Kingambit|ability: Supreme Overlord
|-start|p2a: Kingambit|fallen4|[silent]
|turn|23
|
|t:|1776103834
|move|p2a: Kingambit|Kowtow Cleave|p1a: Rillaboom
|-damage|p1a: Rillaboom|0 fnt
|faint|p1a: Rillaboom
|
|upkeep
|
|t:|1776103852
|switch|p1a: Magnezone|Magnezone|100/100
|turn|24
|
|t:|1776103858
|-end|p2a: Kingambit|fallen4|[silent]
|switch|p2a: Hatterene|Hatterene, F|100/100
|-damage|p2a: Hatterene|88/100|[from] Stealth Rock
|move|p1a: Magnezone|Flash Cannon|p2a: Hatterene
|-supereffective|p2a: Hatterene
|-damage|p2a: Hatterene|0 fnt
|faint|p2a: Hatterene
|
|upkeep
|
|t:|1776103860
|switch|p2a: Kingambit|Kingambit, F, tera:Fairy|88/100
|-damage|p2a: Kingambit|76/100|[from] Stealth Rock
|-activate|p2a: Kingambit|ability: Supreme Overlord
|-start|p2a: Kingambit|fallen5|[silent]
|turn|25
|
|t:|1776103871
|move|p2a: Kingambit|Kowtow Cleave|p1a: Magnezone
|-damage|p1a: Magnezone|0 fnt
|faint|p1a: Magnezone
|
|-fieldend|move: Trick Room
|upkeep
|
|t:|1776103874
|switch|p1a: Kyurem|Kyurem|65/100
|-ability|p1a: Kyurem|Pressure
|turn|26
|
|t:|1776103891
|move|p1a: Kyurem|Protect|p1a: Kyurem
|-singleturn|p1a: Kyurem|Protect
|move|p2a: Kingambit|Tera Blast|p1a: Kyurem|[anim] Tera Blast Fairy
|-activate|p1a: Kyurem|move: Protect
|
|-heal|p1a: Kyurem|71/100|[from] item: Leftovers
|upkeep
|turn|27
|
|t:|1776103897
|move|p1a: Kyurem|Protect||[still]
|-fail|p1a: Kyurem
|move|p2a: Kingambit|Tera Blast|p1a: Kyurem|[anim] Tera Blast Fairy
|-supereffective|p1a: Kyurem
|-damage|p1a: Kyurem|0 fnt
|faint|p1a: Kyurem
|
|win|ljdarkrai_meme
|raw|GoldenJoe777's rating: 1534 &rarr; <strong>1514</strong><br />(-20 for losing)
|raw|ljdarkrai_meme's rating: 1539 &rarr; <strong>1559</strong><br />(+20 for winning)
|l|☆GoldenJoe777
|player|p1|
