|html|<div class="broadcast-blue"><strong>[Gen 9] OU is currently suspecting Tera Blast! For information on how to participate check out the <a href="https://www.smogon.com/tools/suspects/view/200">suspect thread</a>.</strong></div>
|j|☆policyholder
|j|☆EdrenalineKick
|t:|1776169903
|gametype|singles
|player|p1|policyholder|lance-gen2|1467
|player|p2|EdrenalineKick|265|1452
|gen|9
|tier|[Gen 9] OU
|rated|
|rule|HP Percentage Mod: HP is shown in percentages
|rule|Endless Battle Clause: Forcing endless battles is banned
|rule|Species Clause: Limit one of each Pokémon
|rule|OHKO Clause: OHKO moves are banned
|rule|Evasion Items Clause: Evasion items are banned
|rule|Evasion Moves Clause: Evasion moves are banned
|rule|Evasion Abilities Clause: Evasion abilities are banned
|rule|Sleep Moves Clause: Sleep-inducing moves are banned
|clearpoke
|poke|p1|Volcanion|
|poke|p1|Great Tusk|
|poke|p1|Iron Crown|
|poke|p1|Weavile, F|
|poke|p1|Clodsire, F|
|poke|p1|Dragonite, F|
|poke|p2|Great Tusk|
|poke|p2|Heatran, M|
|poke|p2|Weavile, M|
|poke|p2|Primarina, M|
|poke|p2|Ogerpon, F|
|poke|p2|Pecharunt|
|teampreview
|j| ohko_smeargle
|inactive|Battle timer is ON: inactive players will automatically lose when time's up. (requested by EdrenalineKick)
|inactive|policyholder has 120 seconds left.
|
|t:|1776169950
|teamsize|p1|6
|teamsize|p2|6
|start
|switch|p1a: Volcanion|Volcanion|100/100
|switch|p2a: Anonymous|Ogerpon, F|100/100
|turn|1
|
|t:|1776169967
|move|p2a: Anonymous|U-turn|p1a: Volcanion
|-resisted|p1a: Volcanion
|-damage|p1a: Volcanion|86/100
|
|t:|1776169970
|switch|p2a: Celestine|Primarina, M, shiny|100/100|[from] U-turn
|move|p1a: Volcanion|Flamethrower|p2a: Celestine
|-resisted|p2a: Celestine
|-damage|p2a: Celestine|88/100
|-status|p2a: Celestine|brn
|
|-damage|p2a: Celestine|82/100 brn|[from] brn
|upkeep
|turn|2
|
|t:|1776169979
|move|p1a: Volcanion|Sludge Bomb|p2a: Celestine
|-supereffective|p2a: Celestine
|-damage|p2a: Celestine|46/100 brn
|move|p2a: Celestine|Moonblast|p1a: Volcanion
|-resisted|p1a: Volcanion
|-damage|p1a: Volcanion|70/100
|
|-damage|p2a: Celestine|40/100 brn|[from] brn
|upkeep
|turn|3
|
|t:|1776169989
|switch|p2a: Overseer|Pecharunt|100/100
|move|p1a: Volcanion|Sludge Bomb|p2a: Overseer
|-resisted|p2a: Overseer
|-damage|p2a: Overseer|92/100
|
|upkeep
|turn|4
|
|t:|1776169996
|switch|p1a: Iron Crown|Iron Crown|100/100
|move|p2a: Overseer|Parting Shot|p1a: Iron Crown
|-unboost|p1a: Iron Crown|atk|1
|-unboost|p1a: Iron Crown|spa|1
|
|t:|1776170005
|switch|p2a: Anonymous|Ogerpon, F|100/100|[from] Parting Shot
|
|upkeep
|turn|5
|
|t:|1776170016
|-end|p1a: Iron Crown|Quark Drive|[silent]
|switch|p1a: Clodsire|Clodsire, F|100/100
|-terastallize|p2a: Anonymous|Grass
|detailschange|p2a: Anonymous|Ogerpon-Teal-Tera, F, tera:Grass
|-ability|p2a: Anonymous|Embody Aspect (Teal)|boost
|-boost|p2a: Anonymous|spe|1
|move|p2a: Anonymous|Knock Off|p1a: Clodsire
|-damage|p1a: Clodsire|65/100
|-damage|p2a: Anonymous|84/100|[from] item: Rocky Helmet|[of] p1a: Clodsire
|-enditem|p1a: Clodsire|Rocky Helmet|[from] move: Knock Off|[of] p2a: Anonymous
|
|upkeep
|turn|6
|
|t:|1776170030
|switch|p2a: Chaos|Heatran, M, shiny|100/100
|-item|p2a: Chaos|Air Balloon
|move|p1a: Clodsire|Recover|p1a: Clodsire
|-heal|p1a: Clodsire|100/100
|
|upkeep
|turn|7
|
|t:|1776170042
|switch|p1a: Volcanion|Volcanion|70/100
|move|p2a: Chaos|Stealth Rock|p1a: Volcanion
|-sidestart|p1: policyholder|move: Stealth Rock
|
|upkeep
|turn|8
|
|t:|1776170048
|move|p2a: Chaos|Earth Power|p1a: Volcanion
|-supereffective|p1a: Volcanion
|-damage|p1a: Volcanion|29/100
|move|p1a: Volcanion|Steam Eruption|p2a: Chaos
|-supereffective|p2a: Chaos
|-damage|p2a: Chaos|0 fnt
|-enditem|p2a: Chaos|Air Balloon
|faint|p2a: Chaos
|
|upkeep
|
|t:|1776170057
|switch|p2a: Bandit|Weavile, M, shiny|100/100
|-ability|p2a: Bandit|Pressure
|turn|9
|
|t:|1776170065
|move|p2a: Bandit|Knock Off|p1a: Volcanion
|-damage|p1a: Volcanion|0 fnt
|-enditem|p1a: Volcanion|Assault Vest|[from] move: Knock Off|[of] p2a: Bandit
|faint|p1a: Volcanion
|
|upkeep
|
|t:|1776170079
|switch|p1a: Great Tusk|Great Tusk|100/100
|turn|10
|
|t:|1776170085
|switch|p2a: Celestine|Primarina, M, shiny|40/100 brn
|move|p1a: Great Tusk|Headlong Rush|p2a: Celestine
|-damage|p2a: Celestine|0 fnt
|-unboost|p1a: Great Tusk|def|1
|-unboost|p1a: Great Tusk|spd|1
|faint|p2a: Celestine
|
|upkeep
|
|t:|1776170096
|switch|p2a: Bandit|Weavile, M, shiny|100/100
|-ability|p2a: Bandit|Pressure
|turn|11
|
|t:|1776170109
|-end|p1a: Great Tusk|Protosynthesis|[silent]
|switch|p1a: Iron Crown|Iron Crown|100/100
|-damage|p1a: Iron Crown|94/100|[from] Stealth Rock
|move|p2a: Bandit|Triple Axel|p1a: Iron Crown
|-resisted|p1a: Iron Crown
|-damage|p1a: Iron Crown|86/100
|-resisted|p1a: Iron Crown
|-damage|p1a: Iron Crown|70/100
|-resisted|p1a: Iron Crown
|-damage|p1a: Iron Crown|46/100
|-hitcount|p1a: Iron Crown|3
|
|upkeep
|turn|12
|
|t:|1776170122
|switch|p2a: Overseer|Pecharunt|92/100
|move|p1a: Iron Crown|Tachyon Cutter|p2a: Overseer
|-damage|p2a: Overseer|55/100
|-damage|p2a: Overseer|15/100
|-hitcount|p2a: Overseer|2
|
|upkeep
|turn|13
|
|t:|1776170129
|move|p1a: Iron Crown|Tachyon Cutter|p2a: Overseer
|-damage|p2a: Overseer|0 fnt
|faint|p2a: Overseer
|-hitcount|p2: Overseer|1
|
|upkeep
|
|t:|1776170135
|switch|p2a: Anonymous|Ogerpon-Teal-Tera, F, tera:Grass|84/100
|-ability|p2a: Anonymous|Embody Aspect (Teal)|boost
|-boost|p2a: Anonymous|spe|1
|turn|14
|
|t:|1776170142
|-end|p1a: Iron Crown|Quark Drive|[silent]
|switch|p1a: Clodsire|Clodsire, F|100/100
|-damage|p1a: Clodsire|94/100|[from] Stealth Rock
|move|p2a: Anonymous|Ivy Cudgel|p1a: Clodsire
|-damage|p1a: Clodsire|21/100
|
|upkeep
|turn|15
|
|t:|1776170149
|switch|p1a: Dragonite|Dragonite, F|100/100
|move|p2a: Anonymous|Ivy Cudgel|p1a: Dragonite
|-resisted|p1a: Dragonite
|-damage|p1a: Dragonite|86/100
|
|upkeep
|turn|16
|
|t:|1776170155
|switch|p2a: Behemoth|Great Tusk, shiny|100/100
|move|p1a: Dragonite|Dragon Dance|p1a: Dragonite
|-boost|p1a: Dragonite|atk|1
|-boost|p1a: Dragonite|spe|1
|
|upkeep
|turn|17
|
|t:|1776170163
|-terastallize|p1a: Dragonite|Fairy
|move|p1a: Dragonite|Dragon Dance|p1a: Dragonite
|-boost|p1a: Dragonite|atk|1
|-boost|p1a: Dragonite|spe|1
|move|p2a: Behemoth|Ice Spinner|p1a: Dragonite
|-crit|p1a: Dragonite
|-damage|p1a: Dragonite|37/100
|
|upkeep
|turn|18
|
|t:|1776170174
|move|p1a: Dragonite|Tera Blast|p2a: Behemoth|[anim] Tera Blast Fairy
|-supereffective|p2a: Behemoth
|-damage|p2a: Behemoth|0 fnt
|faint|p2a: Behemoth
|-end|p2a: Behemoth|Protosynthesis|[silent]
|
|upkeep
|
|t:|1776170181
|switch|p2a: Anonymous|Ogerpon-Teal-Tera, F, tera:Grass|84/100
|-ability|p2a: Anonymous|Embody Aspect (Teal)|boost
|-boost|p2a: Anonymous|spe|1
|turn|19
|
|t:|1776170185
|move|p1a: Dragonite|Tera Blast|p2a: Anonymous|[anim] Tera Blast Fairy
|-damage|p2a: Anonymous|0 fnt
|faint|p2a: Anonymous
|detailschange|p2: Anonymous|Ogerpon, F|[silent]
|
|upkeep
|
|t:|1776170189
|switch|p2a: Bandit|Weavile, M, shiny|100/100
|-ability|p2a: Bandit|Pressure
|turn|20
|
|t:|1776170192
|move|p2a: Bandit|Ice Shard|p1a: Dragonite
|-damage|p1a: Dragonite|4/100
|move|p1a: Dragonite|Tera Blast|p2a: Bandit|[anim] Tera Blast Fairy
|-supereffective|p2a: Bandit
|-damage|p2a: Bandit|0 fnt
|faint|p2a: Bandit
|
|win|policyholder
|raw|policyholder's rating: 1467 &rarr; <strong>1486</strong><br />(+19 for winning)
|raw|EdrenalineKick's rating: 1452 &rarr; <strong>1433</strong><br />(-19 for losing)
|l| ohko_smeargle
|l|☆EdrenalineKick
|player|p2|
