|html|<div class="broadcast-blue"><strong>[Gen 9] OU is currently suspecting Tera Blast! For information on how to participate check out the <a href="https://www.smogon.com/tools/suspects/view/200">suspect thread</a>.</strong></div>
|j|☆brogre35
|j|☆motorskk
|t:|1776098779
|gametype|singles
|player|p1|brogre35|swimmer-gen4dp|1629
|player|p2|motorskk|1|1646
|gen|9
|tier|[Gen 9] OU
|rated|
|rule|HP Percentage Mod: HP is shown in percentages
|rule|Endless Battle Clause: Forcing endless battles is banned
|rule|Species Clause: Limit one of each Pokémon
|rule|OHKO Clause: OHKO moves are banned
|rule|Evasion Items Clause: Evasion items are banned
|rule|Evasion Moves Clause: Evasion moves are banned
|rule|Evasion Abilities Clause: Evasion abilities are banned
|rule|Sleep Moves Clause: Sleep-inducing moves are banned
|clearpoke
|poke|p1|Ninetales-Alola, F|
|poke|p1|Kyurem|
|poke|p1|Ursaluna, F|
|poke|p1|Farigiraf, F|
|poke|p1|Hatterene, F|
|poke|p1|Cresselia, F|
|poke|p2|Primarina, F|
|poke|p2|Great Tusk|
|poke|p2|Enamorus, F|
|poke|p2|Slowking-Galar, F|
|poke|p2|Ogerpon, F|
|poke|p2|Kingambit, M|
|teampreview
|inactive|Battle timer is ON: inactive players will automatically lose when time's up. (requested by brogre35)
|inactive|motorskk also wants the timer to be on.
|inactive|motorskk has 120 seconds left.
|inactive|motorskk has 90 seconds left.
|
|t:|1776098849
|teamsize|p1|6
|teamsize|p2|6
|start
|switch|p1a: The Good Life|Ninetales-Alola, F|100/100
|switch|p2a: Kingambit|Kingambit, M|100/100
|-weather|Snowscape|[from] ability: Snow Warning|[of] p1a: The Good Life
|turn|1
|
|t:|1776098862
|move|p1a: The Good Life|Aurora Veil|p1a: The Good Life
|-sidestart|p1: brogre35|move: Aurora Veil
|move|p2a: Kingambit|Iron Head|p1a: The Good Life
|-supereffective|p1a: The Good Life
|-damage|p1a: The Good Life|28/100
|
|-weather|Snowscape|[upkeep]
|upkeep
|turn|2
|inactive|motorskk has 120 seconds left.
|
|t:|1776098902
|switch|p1a: El Scorcho|Ursaluna, F|100/100
|-end|p2a: Kingambit|fallenundefined|[silent]
|switch|p2a: Great Tusk|Great Tusk|100/100
|
|-weather|Snowscape|[upkeep]
|-status|p1a: El Scorcho|brn|[from] item: Flame Orb
|upkeep
|turn|3
|
|t:|1776098912
|switch|p1a: Pink Triangle|Hatterene, F|100/100
|move|p2a: Great Tusk|Stealth Rock|p1a: Pink Triangle
|move|p1a: Pink Triangle|Stealth Rock|p2a: Great Tusk|[from] ability: Magic Bounce
|-sidestart|p2: motorskk|move: Stealth Rock
|
|-weather|Snowscape|[upkeep]
|upkeep
|turn|4
|inactive|motorskk has 120 seconds left.
|
|t:|1776098922
|-end|p2a: Great Tusk|Protosynthesis|[silent]
|switch|p2a: Slowking|Slowking-Galar, F|100/100
|-damage|p2a: Slowking|88/100|[from] Stealth Rock
|move|p1a: Pink Triangle|Trick Room|p1a: Pink Triangle
|-fieldstart|move: Trick Room|[of] p1a: Pink Triangle
|
|-weather|Snowscape|[upkeep]
|upkeep
|turn|5
|inactive|motorskk has 120 seconds left.
|
|t:|1776098935
|switch|p1a: El Scorcho|Ursaluna, F|100/100 brn
|move|p2a: Slowking|Ice Beam|p1a: El Scorcho
|-supereffective|p1a: El Scorcho
|-damage|p1a: El Scorcho|79/100 brn
|
|-weather|none
|-damage|p1a: El Scorcho|73/100 brn|[from] brn
|upkeep
|turn|6
|inactive|motorskk has 120 seconds left.
|
|t:|1776098958
|switch|p2a: Enamorus|Enamorus, F|100/100
|-damage|p2a: Enamorus|76/100|[from] Stealth Rock
|move|p1a: El Scorcho|Facade|p2a: Enamorus
|-damage|p2a: Enamorus|0 fnt
|faint|p2a: Enamorus
|
|-damage|p1a: El Scorcho|67/100 brn|[from] brn
|upkeep
|
|t:|1776098962
|switch|p2a: Great Tusk|Great Tusk|100/100
|-damage|p2a: Great Tusk|98/100|[from] Stealth Rock
|turn|7
|inactive|motorskk has 120 seconds left.
|
|t:|1776098976
|-terastallize|p1a: El Scorcho|Normal
|move|p1a: El Scorcho|Facade|p2a: Great Tusk
|-damage|p2a: Great Tusk|0 fnt
|-damage|p1a: El Scorcho|51/100 brn|[from] item: Rocky Helmet|[of] p2a: Great Tusk
|faint|p2a: Great Tusk
|-end|p2a: Great Tusk|Protosynthesis|[silent]
|
|-damage|p1a: El Scorcho|45/100 brn|[from] brn
|upkeep
|
|t:|1776099003
|switch|p2a: Kingambit|Kingambit, M|100/100
|-damage|p2a: Kingambit|94/100|[from] Stealth Rock
|-activate|p2a: Kingambit|ability: Supreme Overlord
|-start|p2a: Kingambit|fallen2|[silent]
|turn|8
|
|t:|1776099017
|-terastallize|p2a: Kingambit|Ghost
|move|p1a: El Scorcho|Headlong Rush|p2a: Kingambit
|-damage|p2a: Kingambit|12/100
|-unboost|p1a: El Scorcho|def|1
|-unboost|p1a: El Scorcho|spd|1
|move|p2a: Kingambit|Swords Dance|p2a: Kingambit
|-boost|p2a: Kingambit|atk|2
|
|-heal|p2a: Kingambit|18/100|[from] item: Leftovers
|-damage|p1a: El Scorcho|39/100 brn|[from] brn
|-sideend|p1: brogre35|move: Aurora Veil
|-fieldend|move: Trick Room
|upkeep
|turn|9
|
|t:|1776099031
|switch|p1a: The Good Life|Ninetales-Alola, F|28/100
|-weather|Snowscape|[from] ability: Snow Warning|[of] p1a: The Good Life
|move|p2a: Kingambit|Iron Head|p1a: The Good Life
|-supereffective|p1a: The Good Life
|-damage|p1a: The Good Life|0 fnt
|faint|p1a: The Good Life
|
|-weather|Snowscape|[upkeep]
|-heal|p2a: Kingambit|25/100|[from] item: Leftovers
|upkeep
|
|t:|1776099038
|switch|p1a: Getchoo|Kyurem|100/100
|-ability|p1a: Getchoo|Pressure
|turn|10
|
|t:|1776099044
|move|p2a: Kingambit|Sucker Punch|p1a: Getchoo
|-damage|p1a: Getchoo|34/100
|move|p1a: Getchoo|Icicle Spear|p2a: Kingambit
|-damage|p2a: Kingambit|14/100
|-damage|p2a: Kingambit|4/100
|-damage|p2a: Kingambit|0 fnt
|faint|p2a: Kingambit
|-end|p2a: Kingambit|fallen2|[silent]
|-hitcount|p2: Kingambit|3
|
|-weather|Snowscape|[upkeep]
|upkeep
|
|t:|1776099053
|switch|p2a: Ogerpon|Ogerpon, F|100/100
|-damage|p2a: Ogerpon|88/100|[from] Stealth Rock
|turn|11
|
|t:|1776099061
|move|p2a: Ogerpon|Rock Tomb|p1a: Getchoo
|-supereffective|p1a: Getchoo
|-damage|p1a: Getchoo|0 fnt
|faint|p1a: Getchoo
|
|-weather|Snowscape|[upkeep]
|upkeep
|
|t:|1776099076
|switch|p1a: El Scorcho|Ursaluna, F, tera:Normal|39/100 brn
|turn|12
|inactive|motorskk has 120 seconds left.
|inactive|motorskk has 90 seconds left.
|
|t:|1776099116
|switch|p2a: Primarina|Primarina, F|100/100
|-damage|p2a: Primarina|88/100|[from] Stealth Rock
|switch|p1a: Butterfly|Cresselia, F|100/100
|
|-weather|Snowscape|[upkeep]
|-heal|p2a: Primarina|94/100|[from] item: Leftovers
|upkeep
|turn|13
|inactive|motorskk has 90 seconds left.
|
|t:|1776099140
|move|p2a: Primarina|Whirlpool|p1a: Butterfly
|-damage|p1a: Butterfly|89/100
|-activate|p1a: Butterfly|move: Whirlpool|[of] p2a: Primarina
|move|p1a: Butterfly|Trick Room|p1a: Butterfly
|-fieldstart|move: Trick Room|[of] p1a: Butterfly
|
|-weather|none
|-heal|p2a: Primarina|99/100|[from] item: Leftovers
|-damage|p1a: Butterfly|76/100|[from] move: Whirlpool|[partiallytrapped]
|upkeep
|turn|14
|
|t:|1776099147
|move|p1a: Butterfly|Lunar Dance|p1a: Butterfly
|faint|p1a: Butterfly
|move|p2a: Primarina|Substitute|p2a: Primarina
|-start|p2a: Primarina|Substitute
|-damage|p2a: Primarina|75/100
|
|-heal|p2a: Primarina|81/100|[from] item: Leftovers
|upkeep
|
|t:|1776099152
|switch|p1a: Pink Triangle|Hatterene, F|100/100
|-heal|p1a: Pink Triangle|100/100|[from] move: Lunar Dance
|turn|15
|inactive|motorskk has 90 seconds left.
|
|t:|1776099179
|move|p1a: Pink Triangle|Psychic Noise|p2a: Primarina
|-damage|p2a: Primarina|38/100
|-start|p2a: Primarina|move: Heal Block
|move|p2a: Primarina|Moonblast|p1a: Pink Triangle
|-damage|p1a: Pink Triangle|40/100
|-unboost|p1a: Pink Triangle|spa|1
|
|upkeep
|turn|16
|inactive|motorskk has 60 seconds left.
|inactive|motorskk has 30 seconds left.
|l|☆motorskk
|inactive|motorskk disconnected and has a minute to reconnect!
|player|p2|
|inactive|motorskk has 20 seconds left.
|inactive|motorskk has 15 seconds left.
|inactive|motorskk has 10 seconds left.
|inactive|motorskk has 5 seconds left.
|-message|motorskk lost due to inactivity.
|
|win|brogre35
|raw|brogre35's rating: 1629 &rarr; <strong>1650</strong><br />(+21 for winning)
|raw|motorskk's rating: 1646 &rarr; <strong>1625</strong><br />(-21 for losing)
|l|☆brogre35
|player|p1|
|j|☆motorskk
|player|p2|motorskk|1|
|l|☆motorskk
|player|p2|
