|html|<div class="broadcast-blue"><strong>[Gen 9] OU is currently suspecting Tera Blast! For information on how to participate check out the <a href="https://www.smogon.com/tools/suspects/view/200">suspect thread</a>.</strong></div>
|j|☆arnoldtheseventh
|j|☆AmygdalanResponse
|t:|1776052672
|gametype|singles
|player|p1|arnoldtheseventh|cynthia-masters4|1513
|player|p2|AmygdalanResponse|marshal|1526
|gen|9
|tier|[Gen 9] OU
|rated|
|rule|HP Percentage Mod: HP is shown in percentages
|rule|Endless Battle Clause: Forcing endless battles is banned
|rule|Species Clause: Limit one of each Pokémon
|rule|OHKO Clause: OHKO moves are banned
|rule|Evasion Items Clause: Evasion items are banned
|rule|Evasion Moves Clause: Evasion moves are banned
|rule|Evasion Abilities Clause: Evasion abilities are banned
|rule|Sleep Moves Clause: Sleep-inducing moves are banned
|clearpoke
|poke|p1|Kingambit, F|
|poke|p1|Raging Bolt|
|poke|p1|Tornadus-Therian, M|
|poke|p1|Iron Valiant|
|poke|p1|Great Tusk|
|poke|p1|Gholdengo|
|poke|p2|Ribombee, M|
|poke|p2|Raging Bolt|
|poke|p2|Gholdengo|
|poke|p2|Enamorus, F|
|poke|p2|Ogerpon-Wellspring, F|
|poke|p2|Great Tusk|
|teampreview
|j| ohko_smeargle
|c|☆AmygdalanResponse|gl hf
|inactive|Battle timer is ON: inactive players will automatically lose when time's up. (requested by arnoldtheseventh)
|
|t:|1776052683
|teamsize|p1|6
|teamsize|p2|6
|start
|switch|p1a: Kākāpō?|Tornadus-Therian, M, shiny|100/100
|switch|p2a: Ribombee|Ribombee, M|100/100
|turn|1
|
|t:|1776052689
|move|p2a: Ribombee|Sticky Web|p1a: Kākāpō?
|-sidestart|p1: arnoldtheseventh|move: Sticky Web
|move|p1a: Kākāpō?|Bleakwind Storm|p2a: Ribombee
|-supereffective|p2a: Ribombee
|-enditem|p2a: Ribombee|Focus Sash
|-damage|p2a: Ribombee|1/100
|
|upkeep
|turn|2
|
|t:|1776052695
|switch|p1a: Aegislash part 2|Gholdengo|100/100
|-activate|p1a: Aegislash part 2|move: Sticky Web
|-unboost|p1a: Aegislash part 2|spe|1
|move|p2a: Ribombee|Stun Spore|p1a: Aegislash part 2
|-immune|p1a: Aegislash part 2|[from] ability: Good as Gold
|
|upkeep
|turn|3
|inactive|AmygdalanResponse has 120 seconds left.
|
|t:|1776052726
|move|p2a: Ribombee|Moonblast|p1a: Aegislash part 2
|-resisted|p1a: Aegislash part 2
|-damage|p1a: Aegislash part 2|79/100
|move|p1a: Aegislash part 2|Shadow Ball|p2a: Ribombee
|-damage|p2a: Ribombee|0 fnt
|faint|p2a: Ribombee
|
|upkeep
|inactive|AmygdalanResponse has 120 seconds left.
|
|t:|1776052739
|switch|p2a: Gholdengo|Gholdengo|100/100
|-item|p2a: Gholdengo|Air Balloon
|turn|4
|
|t:|1776052758
|switch|p1a: Kākāpō?|Tornadus-Therian, M, shiny|100/100
|move|p2a: Gholdengo|Shadow Ball|p1a: Kākāpō?
|-damage|p1a: Kākāpō?|71/100
|
|upkeep
|turn|5
|
|t:|1776052764
|switch|p2a: Raging Bolt|Raging Bolt|100/100
|-enditem|p2a: Raging Bolt|Booster Energy
|-activate|p2a: Raging Bolt|ability: Protosynthesis|[fromitem]
|-start|p2a: Raging Bolt|protosynthesisspa
|move|p1a: Kākāpō?|Heat Wave|p2a: Raging Bolt
|-resisted|p2a: Raging Bolt
|-damage|p2a: Raging Bolt|89/100
|
|upkeep
|turn|6
|
|t:|1776052767
|move|p1a: Kākāpō?|U-turn|p2a: Raging Bolt
|-damage|p2a: Raging Bolt|75/100
|
|t:|1776052788
|switch|p1a: Long Neck Tiger|Raging Bolt|100/100|[from] U-turn
|-activate|p1a: Long Neck Tiger|move: Sticky Web
|-unboost|p1a: Long Neck Tiger|spe|1
|-enditem|p1a: Long Neck Tiger|Booster Energy
|-activate|p1a: Long Neck Tiger|ability: Protosynthesis|[fromitem]
|-start|p1a: Long Neck Tiger|protosynthesisspa
|move|p2a: Raging Bolt|Calm Mind|p2a: Raging Bolt
|-boost|p2a: Raging Bolt|spa|1
|-boost|p2a: Raging Bolt|spd|1
|
|upkeep
|turn|7
|
|t:|1776052812
|move|p2a: Raging Bolt|Thunderbolt|p1a: Long Neck Tiger
|-resisted|p1a: Long Neck Tiger
|-damage|p1a: Long Neck Tiger|81/100
|move|p1a: Long Neck Tiger|Thunderbolt|p2a: Raging Bolt
|-resisted|p2a: Raging Bolt
|-damage|p2a: Raging Bolt|63/100
|
|upkeep
|turn|8
|c|☆AmygdalanResponse|lol
|c|☆AmygdalanResponse|great minds
|inactive|arnoldtheseventh has 120 seconds left.
|inactive|AmygdalanResponse has 120 seconds left.
|c|☆arnoldtheseventh|thats like the only time ive ever not gone for tera fairy d-pulse against another bolt
|c|☆AmygdalanResponse|same
|inactive|AmygdalanResponse has 90 seconds left.
|
|t:|1776052868
|-terastallize|p1a: Long Neck Tiger|Fairy
|move|p2a: Raging Bolt|Thunderbolt|p1a: Long Neck Tiger
|-damage|p1a: Long Neck Tiger|0 fnt
|faint|p1a: Long Neck Tiger
|-end|p1a: Long Neck Tiger|Protosynthesis|[silent]
|
|upkeep
|c|☆arnoldtheseventh|:(
|inactive|arnoldtheseventh has 90 seconds left.
|
|t:|1776052885
|switch|p1a: Donphan (old)|Great Tusk|100/100
|-activate|p1a: Donphan (old)|move: Sticky Web
|-unboost|p1a: Donphan (old)|spe|1
|turn|9
|inactive|arnoldtheseventh has 90 seconds left.
|c|☆arnoldtheseventh|wait fuck i die
|c|☆arnoldtheseventh|to dpulse
|c|☆AmygdalanResponse|Idk your tusk set so maybe not
|
|t:|1776052905
|move|p2a: Raging Bolt|Dragon Pulse|p1a: Donphan (old)
|-damage|p1a: Donphan (old)|0 fnt
|faint|p1a: Donphan (old)
|-end|p1a: Donphan (old)|Protosynthesis|[silent]
|
|upkeep
|c|☆AmygdalanResponse|Ok yeah lol
|
|t:|1776052909
|switch|p1a: The Queen|Kingambit, F, shiny|100/100
|-activate|p1a: The Queen|ability: Supreme Overlord
|-start|p1a: The Queen|fallen2|[silent]
|-item|p1a: The Queen|Air Balloon
|turn|10
|
|t:|1776052912
|move|p2a: Raging Bolt|Thunderbolt|p1a: The Queen
|-damage|p1a: The Queen|16/100
|-enditem|p1a: The Queen|Air Balloon
|move|p1a: The Queen|Kowtow Cleave|p2a: Raging Bolt
|-damage|p2a: Raging Bolt|8/100
|
|upkeep
|turn|11
|inactive|AmygdalanResponse has 120 seconds left.
|
|t:|1776052924
|-end|p1a: The Queen|fallen2|[silent]
|switch|p1a: Aegislash part 2|Gholdengo|79/100
|-activate|p1a: Aegislash part 2|move: Sticky Web
|-unboost|p1a: Aegislash part 2|spe|1
|move|p2a: Raging Bolt|Thunderbolt|p1a: Aegislash part 2
|-damage|p1a: Aegislash part 2|0 fnt
|faint|p1a: Aegislash part 2
|
|upkeep
|inactive|arnoldtheseventh has 90 seconds left.
|c|☆arnoldtheseventh|why no tclap?
|c|☆arnoldtheseventh|i couldve suckered
|
|t:|1776052940
|switch|p1a: Kākāpō?|Tornadus-Therian, M, shiny|100/100
|turn|12
|inactive|arnoldtheseventh has 90 seconds left.
|c|☆AmygdalanResponse|I was expecting you to SD in anticipation of you expecting me to thunder clap
|inactive|AmygdalanResponse has 120 seconds left.
|
|t:|1776052952
|move|p2a: Raging Bolt|Thunderclap|p1a: Kākāpō?
|-supereffective|p1a: Kākāpō?
|-damage|p1a: Kākāpō?|0 fnt
|faint|p1a: Kākāpō?
|
|upkeep
|-message|arnoldtheseventh forfeited.
|
|win|AmygdalanResponse
|raw|arnoldtheseventh's rating: 1513 &rarr; <strong>1494</strong><br />(-19 for losing)
|raw|AmygdalanResponse's rating: 1526 &rarr; <strong>1545</strong><br />(+19 for winning)
|l|☆arnoldtheseventh
|player|p1|
|l| ohko_smeargle
