|html|<div class="broadcast-blue"><strong>[Gen 9] OU is currently suspecting Volcarona! For information on how to participate check out the <a href="https://www.smogon.com/tools/suspects/view/208">suspect thread</a>.</strong></div>
|j|☆ch1ck3n nu99ets
|j|☆KassGOD
|t:|1778511470
|gametype|singles
|player|p1|ch1ck3n nu99ets|1|1649
|player|p2|KassGOD|sage|1616
|gen|9
|tier|[Gen 9] OU
|rated|
|rule|HP Percentage Mod: HP is shown in percentages
|rule|Endless Battle Clause: Forcing endless battles is banned
|rule|Species Clause: Limit one of each Pokémon
|rule|OHKO Clause: OHKO moves are banned
|rule|Evasion Items Clause: Evasion items are banned
|rule|Evasion Moves Clause: Evasion moves are banned
|rule|Evasion Abilities Clause: Evasion abilities are banned
|rule|Sleep Moves Clause: Sleep-inducing moves are banned
|clearpoke
|poke|p1|Samurott-Hisui, F|
|poke|p1|Dragapult, F|
|poke|p1|Garganacl, M|
|poke|p1|Iron Treads|
|poke|p1|Zapdos|
|poke|p1|Enamorus, F|
|poke|p2|Cinderace, M|
|poke|p2|Great Tusk|
|poke|p2|Slowking-Galar, F|
|poke|p2|Corviknight, M|
|poke|p2|Raging Bolt|
|poke|p2|Meowscarada, M|
|teampreview
|inactive|Battle timer is ON: inactive players will automatically lose when time's up. (requested by KassGOD)
|j| I registered this
|
|t:|1778511486
|teamsize|p1|6
|teamsize|p2|6
|start
|switch|p1a: Dragapult|Dragapult, F|100/100
|switch|p2a: Meowscarada|Meowscarada, M|100/100
|turn|1
|
|t:|1778511493
|switch|p1a: Zapdos|Zapdos|100/100
|move|p2a: Meowscarada|Knock Off|p1a: Zapdos
|-start|p2a: Meowscarada|typechange|Dark|[from] ability: Protean
|-damage|p1a: Zapdos|66/100
|-status|p2a: Meowscarada|par|[from] ability: Static|[of] p1a: Zapdos
|-enditem|p1a: Zapdos|Heavy-Duty Boots|[from] move: Knock Off|[of] p2a: Meowscarada
|
|upkeep
|turn|2
|l| I registered this
|
|t:|1778511505
|switch|p2a: Slowking|Slowking-Galar, F|100/100
|move|p1a: Zapdos|Thunder Wave|p2a: Slowking
|-status|p2a: Slowking|par
|
|upkeep
|turn|3
|
|t:|1778511516
|move|p1a: Zapdos|Roost|p1a: Zapdos
|-heal|p1a: Zapdos|100/100
|-singleturn|p1a: Zapdos|move: Roost
|move|p2a: Slowking|Flamethrower|p1a: Zapdos
|-damage|p1a: Zapdos|72/100
|
|upkeep
|turn|4
|j| I registered this
|
|t:|1778511528
|move|p1a: Zapdos|Volt Switch|p2a: Slowking
|-damage|p2a: Slowking|84/100 par
|l| I registered this
|
|t:|1778511532
|switch|p1a: Garganacl|Garganacl, M|100/100|[from] Volt Switch
|move|p2a: Slowking|Sludge Bomb|p1a: Garganacl
|-resisted|p1a: Garganacl
|-damage|p1a: Garganacl|87/100
|
|-heal|p1a: Garganacl|93/100|[from] item: Leftovers
|upkeep
|turn|5
|
|t:|1778511550
|switch|p2a: Great Tusk|Great Tusk|100/100
|move|p1a: Garganacl|Salt Cure|p2a: Great Tusk
|-resisted|p2a: Great Tusk
|-damage|p2a: Great Tusk|98/100
|-start|p2a: Great Tusk|Salt Cure
|
|-heal|p1a: Garganacl|99/100|[from] item: Leftovers
|-damage|p2a: Great Tusk|86/100|[from] Salt Cure
|upkeep
|turn|6
|j| Gardevoir to 1800s
|
|t:|1778511560
|switch|p1a: Zapdos|Zapdos|72/100
|move|p2a: Great Tusk|Stealth Rock|p1a: Zapdos
|-sidestart|p1: ch1ck3n nu99ets|move: Stealth Rock
|
|-damage|p2a: Great Tusk|73/100|[from] Salt Cure
|upkeep
|turn|7
|
|t:|1778511569
|-end|p2a: Great Tusk|Protosynthesis|[silent]
|switch|p2a: Slowking|Slowking-Galar, F|100/100 par
|move|p1a: Zapdos|Roost|p1a: Zapdos
|-heal|p1a: Zapdos|100/100
|-singleturn|p1a: Zapdos|move: Roost
|
|upkeep
|turn|8
|
|t:|1778511580
|move|p1a: Zapdos|Volt Switch|p2a: Slowking
|-damage|p2a: Slowking|85/100 par
|
|t:|1778511582
|switch|p1a: Garganacl|Garganacl, M|99/100|[from] Volt Switch
|-damage|p1a: Garganacl|87/100|[from] Stealth Rock
|move|p2a: Slowking|Ice Beam|p1a: Garganacl
|-damage|p1a: Garganacl|68/100
|
|-heal|p1a: Garganacl|74/100|[from] item: Leftovers
|upkeep
|turn|9
|
|t:|1778511601
|switch|p2a: Great Tusk|Great Tusk|73/100
|move|p1a: Garganacl|Stealth Rock|p2a: Great Tusk
|-sidestart|p2: KassGOD|move: Stealth Rock
|
|-heal|p1a: Garganacl|80/100|[from] item: Leftovers
|upkeep
|turn|10
|j| I registered this
|l| I registered this
|
|t:|1778511610
|move|p1a: Garganacl|Protect|p1a: Garganacl
|-singleturn|p1a: Garganacl|Protect
|move|p2a: Great Tusk|Ice Spinner|p1a: Garganacl
|-activate|p1a: Garganacl|move: Protect
|
|-heal|p1a: Garganacl|87/100|[from] item: Leftovers
|upkeep
|turn|11
|
|t:|1778511617
|switch|p1a: Zapdos|Zapdos|100/100
|-damage|p1a: Zapdos|76/100|[from] Stealth Rock
|move|p2a: Great Tusk|Headlong Rush|p1a: Zapdos
|-immune|p1a: Zapdos
|
|upkeep
|turn|12
|
|t:|1778511627
|move|p2a: Great Tusk|Ice Spinner|p1a: Zapdos
|-supereffective|p1a: Zapdos
|-damage|p1a: Zapdos|32/100
|-status|p2a: Great Tusk|par|[from] ability: Static|[of] p1a: Zapdos
|move|p1a: Zapdos|Volt Switch|p2a: Great Tusk
|-immune|p2a: Great Tusk
|
|upkeep
|turn|13
|
|t:|1778511634
|move|p1a: Zapdos|Hurricane|p2a: Great Tusk
|-supereffective|p2a: Great Tusk
|-damage|p2a: Great Tusk|0 fnt
|faint|p2a: Great Tusk
|-end|p2a: Great Tusk|Protosynthesis|[silent]
|
|upkeep
|
|t:|1778511643
|switch|p2a: Cinderace|Cinderace, M|100/100
|turn|14
|
|t:|1778511651
|switch|p1a: Garganacl|Garganacl, M|87/100
|-damage|p1a: Garganacl|74/100|[from] Stealth Rock
|move|p2a: Cinderace|Pyro Ball|p1a: Garganacl
|-resisted|p1a: Garganacl
|-damage|p1a: Garganacl|53/100
|
|-heal|p1a: Garganacl|60/100|[from] item: Leftovers
|upkeep
|turn|15
|
|t:|1778511659
|move|p1a: Garganacl|Protect|p1a: Garganacl
|-singleturn|p1a: Garganacl|Protect
|move|p2a: Cinderace|Low Kick|p1a: Garganacl
|-start|p2a: Cinderace|typechange|Fighting|[from] ability: Libero
|-activate|p1a: Garganacl|move: Protect
|
|-heal|p1a: Garganacl|66/100|[from] item: Leftovers
|upkeep
|turn|16
|
|t:|1778511667
|switch|p1a: Dragapult|Dragapult, F|100/100
|move|p2a: Cinderace|Low Kick|p1a: Dragapult
|-immune|p1a: Dragapult
|
|upkeep
|turn|17
|
|t:|1778511678
|move|p1a: Dragapult|Hex|p2a: Cinderace
|-damage|p2a: Cinderace|56/100
|move|p2a: Cinderace|U-turn|p1a: Dragapult
|-resisted|p1a: Dragapult
|-damage|p1a: Dragapult|83/100
|
|t:|1778511685
|switch|p2a: Slowking|Slowking-Galar, F|100/100 par|[from] U-turn
|-damage|p2a: Slowking|88/100 par|[from] Stealth Rock
|
|upkeep
|turn|18
|
|t:|1778511697
|move|p1a: Dragapult|U-turn|p2a: Slowking
|-damage|p2a: Slowking|69/100 par
|
|t:|1778511701
|switch|p1a: Iron Treads|Iron Treads|100/100|[from] U-turn
|move|p2a: Slowking|Ice Beam|p1a: Iron Treads
|-damage|p1a: Iron Treads|58/100
|
|upkeep
|turn|19
|
|t:|1778511710
|switch|p2a: Corviknight|Corviknight, M|100/100
|-damage|p2a: Corviknight|88/100|[from] Stealth Rock
|-ability|p2a: Corviknight|Pressure
|move|p1a: Iron Treads|Knock Off|p2a: Corviknight
|-damage|p2a: Corviknight|69/100
|-damage|p1a: Iron Treads|41/100|[from] item: Rocky Helmet|[of] p2a: Corviknight
|-enditem|p2a: Corviknight|Rocky Helmet|[from] move: Knock Off|[of] p1a: Iron Treads
|
|upkeep
|turn|20
|
|t:|1778511720
|move|p1a: Iron Treads|Rapid Spin|p2a: Corviknight
|-resisted|p2a: Corviknight
|-damage|p2a: Corviknight|64/100
|-boost|p1a: Iron Treads|spe|1
|-sideend|p1: ch1ck3n nu99ets|Stealth Rock|[from] move: Rapid Spin|[of] p1a: Iron Treads
|move|p2a: Corviknight|U-turn|p1a: Iron Treads
|-resisted|p1a: Iron Treads
|-damage|p1a: Iron Treads|35/100
|
|t:|1778511740
|switch|p2a: Meowscarada|Meowscarada, M|100/100 par|[from] U-turn
|-damage|p2a: Meowscarada|88/100 par|[from] Stealth Rock
|
|upkeep
|turn|21
|
|t:|1778511756
|move|p1a: Iron Treads|Ice Spinner|p2a: Meowscarada
|-supereffective|p2a: Meowscarada
|-damage|p2a: Meowscarada|13/100 par
|cant|p2a: Meowscarada|par
|
|upkeep
|turn|22
|-message|KassGOD forfeited.
|
|win|ch1ck3n nu99ets
|raw|ch1ck3n nu99ets's rating: 1649 &rarr; <strong>1667</strong><br />(+18 for winning)
|raw|KassGOD's rating: 1616 &rarr; <strong>1598</strong><br />(-18 for losing)
|l|☆KassGOD
|player|p2|
|l|☆ch1ck3n nu99ets
|player|p1|
|l| Gardevoir to 1800s
