|html|<div class="broadcast-blue"><strong>[Gen 9] OU is currently suspecting Tera Blast! For information on how to participate check out the <a href="https://www.smogon.com/tools/suspects/view/200">suspect thread</a>.</strong></div>
|j|☆mlgbd
|j|☆pressacanadagoose
|t:|1776077448
|gametype|singles
|player|p1|mlgbd|n|1455
|player|p2|pressacanadagoose|169|1678
|gen|9
|tier|[Gen 9] OU
|rated|
|rule|HP Percentage Mod: HP is shown in percentages
|rule|Endless Battle Clause: Forcing endless battles is banned
|rule|Species Clause: Limit one of each Pokémon
|rule|OHKO Clause: OHKO moves are banned
|rule|Evasion Items Clause: Evasion items are banned
|rule|Evasion Moves Clause: Evasion moves are banned
|rule|Evasion Abilities Clause: Evasion abilities are banned
|rule|Sleep Moves Clause: Sleep-inducing moves are banned
|clearpoke
|poke|p1|Vikavolt, M|
|poke|p1|Pecharunt|
|poke|p1|Iron Moth|
|poke|p1|Kyurem|
|poke|p1|Great Tusk|
|poke|p1|Ogerpon-Cornerstone, F|
|poke|p2|Deoxys-Speed|
|poke|p2|Ceruledge, F|
|poke|p2|Zamazenta-*|
|poke|p2|Ogerpon-Wellspring, F|
|poke|p2|Glimmora, F|
|poke|p2|Moltres-Galar|
|teampreview
|inactive|Battle timer is ON: inactive players will automatically lose when time's up. (requested by mlgbd)
|j| ohko_smeargle
|
|t:|1776077463
|teamsize|p1|6
|teamsize|p2|6
|start
|switch|p1a: 黑丝……嘿嘿……黑丝……🥵🥵🥵|Ogerpon-Cornerstone, F|100/100
|switch|p2a: Deoxys|Deoxys-Speed|100/100
|-ability|p2a: Deoxys|Pressure
|turn|1
|
|t:|1776077470
|move|p2a: Deoxys|Reflect|p2a: Deoxys
|-sidestart|p2: pressacanadagoose|Reflect
|move|p1a: 黑丝……嘿嘿……黑丝……🥵🥵🥵|Horn Leech|p2a: Deoxys
|-damage|p2a: Deoxys|71/100
|
|upkeep
|turn|2
|
|t:|1776077481
|switch|p2a: Zamazenta|Zamazenta|100/100
|-ability|p2a: Zamazenta|Dauntless Shield|boost
|-boost|p2a: Zamazenta|def|1
|move|p1a: 黑丝……嘿嘿……黑丝……🥵🥵🥵|Encore||[still]
|-fail|p1a: 黑丝……嘿嘿……黑丝……🥵🥵🥵
|
|upkeep
|turn|3
|
|t:|1776077486
|switch|p2a: Ceruledge|Ceruledge, F|100/100
|switch|p1a: 可爱的桃子🥰|Pecharunt|100/100
|
|upkeep
|turn|4
|
|t:|1776077492
|move|p1a: 可爱的桃子🥰|Malignant Chain|p2a: Ceruledge
|-resisted|p2a: Ceruledge
|-damage|p2a: Ceruledge|85/100
|-status|p2a: Ceruledge|tox
|-start|p2a: Ceruledge|confusion|[from] ability: Poison Puppeteer|[of] p1a: 可爱的桃子🥰
|-activate|p2a: Ceruledge|confusion
|-damage|p2a: Ceruledge|65/100 tox|[from] confusion
|
|-damage|p2a: Ceruledge|59/100 tox|[from] psn
|upkeep
|turn|5
|
|t:|1776077503
|move|p1a: 可爱的桃子🥰|Malignant Chain|p2a: Ceruledge
|-resisted|p2a: Ceruledge
|-damage|p2a: Ceruledge|41/100 tox
|-activate|p2a: Ceruledge|confusion
|move|p2a: Ceruledge|Poltergeist|p1a: 可爱的桃子🥰
|-activate|p1a: 可爱的桃子🥰|move: Poltergeist|Leftovers
|-supereffective|p1a: 可爱的桃子🥰
|-damage|p1a: 可爱的桃子🥰|6/100
|-damage|p2a: Ceruledge|31/100 tox|[from] item: Life Orb
|
|-heal|p1a: 可爱的桃子🥰|12/100|[from] item: Leftovers
|-damage|p2a: Ceruledge|19/100 tox|[from] psn
|upkeep
|turn|6
|
|t:|1776077512
|-activate|p2a: Ceruledge|confusion
|move|p2a: Ceruledge|Shadow Sneak|p1a: 可爱的桃子🥰
|-supereffective|p1a: 可爱的桃子🥰
|-damage|p1a: 可爱的桃子🥰|0 fnt
|faint|p1a: 可爱的桃子🥰
|-damage|p2a: Ceruledge|9/100 tox|[from] item: Life Orb
|
|-damage|p2a: Ceruledge|0 fnt|[from] psn
|faint|p2a: Ceruledge
|upkeep
|j| Apex Vanquisher
|
|t:|1776077527
|switch|p1a: 宝宝你是一块香香软软的蓝莓小蛋糕🥺|Great Tusk|100/100
|switch|p2a: Deoxys|Deoxys-Speed|71/100
|-ability|p2a: Deoxys|Pressure
|turn|7
|
|t:|1776077538
|-end|p1a: 宝宝你是一块香香软软的蓝莓小蛋糕🥺|Protosynthesis|[silent]
|switch|p1a: 黑丝……嘿嘿……黑丝……🥵🥵🥵|Ogerpon-Cornerstone, F|100/100
|move|p2a: Deoxys|Psycho Boost|p1a: 黑丝……嘿嘿……黑丝……🥵🥵🥵|[miss]
|-miss|p2a: Deoxys|p1a: 黑丝……嘿嘿……黑丝……🥵🥵🥵
|
|upkeep
|turn|8
|
|t:|1776077544
|move|p2a: Deoxys|Light Screen|p2a: Deoxys
|-sidestart|p2: pressacanadagoose|move: Light Screen
|move|p1a: 黑丝……嘿嘿……黑丝……🥵🥵🥵|Swords Dance|p1a: 黑丝……嘿嘿……黑丝……🥵🥵🥵
|-boost|p1a: 黑丝……嘿嘿……黑丝……🥵🥵🥵|atk|2
|
|-sideend|p2: pressacanadagoose|Reflect
|upkeep
|turn|9
|
|t:|1776077551
|move|p2a: Deoxys|Reflect|p2a: Deoxys
|-sidestart|p2: pressacanadagoose|Reflect
|move|p1a: 黑丝……嘿嘿……黑丝……🥵🥵🥵|Swords Dance|p1a: 黑丝……嘿嘿……黑丝……🥵🥵🥵
|-boost|p1a: 黑丝……嘿嘿……黑丝……🥵🥵🥵|atk|2
|
|upkeep
|turn|10
|l| Apex Vanquisher
|
|t:|1776077555
|move|p2a: Deoxys|Psycho Boost|p1a: 黑丝……嘿嘿……黑丝……🥵🥵🥵
|-crit|p1a: 黑丝……嘿嘿……黑丝……🥵🥵🥵
|-damage|p1a: 黑丝……嘿嘿……黑丝……🥵🥵🥵|12/100
|-unboost|p2a: Deoxys|spa|2
|move|p1a: 黑丝……嘿嘿……黑丝……🥵🥵🥵|Ivy Cudgel|p2a: Deoxys|[anim] Ivy Cudgel Rock
|-damage|p2a: Deoxys|0 fnt
|faint|p2a: Deoxys
|
|upkeep
|
|t:|1776077558
|switch|p2a: Zamazenta|Zamazenta|100/100
|turn|11
|
|t:|1776077565
|move|p2a: Zamazenta|Body Press|p1a: 黑丝……嘿嘿……黑丝……🥵🥵🥵
|-supereffective|p1a: 黑丝……嘿嘿……黑丝……🥵🥵🥵
|-damage|p1a: 黑丝……嘿嘿……黑丝……🥵🥵🥵|0 fnt
|faint|p1a: 黑丝……嘿嘿……黑丝……🥵🥵🥵
|
|upkeep
|
|t:|1776077569
|switch|p1a: 猜猜是谁不会飞🤔|Vikavolt, M|100/100
|turn|12
|
|t:|1776077573
|switch|p2a: Glimmora|Glimmora, F|100/100
|move|p1a: 猜猜是谁不会飞🤔|Thunder Wave|p2a: Glimmora
|-status|p2a: Glimmora|par
|
|upkeep
|turn|13
|
|t:|1776077582
|cant|p2a: Glimmora|par
|move|p1a: 猜猜是谁不会飞🤔|Thunderbolt|p2a: Glimmora
|-damage|p2a: Glimmora|65/100 par
|
|upkeep
|turn|14
|
|t:|1776077587
|move|p2a: Glimmora|Stealth Rock|p1a: 猜猜是谁不会飞🤔
|-sidestart|p1: mlgbd|move: Stealth Rock
|move|p1a: 猜猜是谁不会飞🤔|Sticky Web|p2a: Glimmora
|-sidestart|p2: pressacanadagoose|move: Sticky Web
|
|upkeep
|turn|15
|
|t:|1776077591
|cant|p2a: Glimmora|par
|move|p1a: 猜猜是谁不会飞🤔|Thunderbolt|p2a: Glimmora
|-damage|p2a: Glimmora|31/100 par
|
|-sideend|p2: pressacanadagoose|move: Light Screen
|upkeep
|turn|16
|
|t:|1776077594
|cant|p2a: Glimmora|par
|move|p1a: 猜猜是谁不会飞🤔|Thunderbolt|p2a: Glimmora
|-damage|p2a: Glimmora|0 fnt
|faint|p2a: Glimmora
|
|-sideend|p2: pressacanadagoose|Reflect
|upkeep
|
|t:|1776077598
|switch|p2a: Ogerpon|Ogerpon-Wellspring, F|100/100
|-activate|p2a: Ogerpon|move: Sticky Web
|-unboost|p2a: Ogerpon|spe|1
|turn|17
|
|t:|1776077602
|move|p2a: Ogerpon|Ivy Cudgel|p1a: 猜猜是谁不会飞🤔|[anim] Ivy Cudgel Water
|-damage|p1a: 猜猜是谁不会飞🤔|39/100
|move|p1a: 猜猜是谁不会飞🤔|Bug Buzz|p2a: Ogerpon
|-supereffective|p2a: Ogerpon
|-damage|p2a: Ogerpon|0 fnt
|faint|p2a: Ogerpon
|
|upkeep
|
|t:|1776077611
|switch|p2a: Moltres|Moltres-Galar|100/100
|turn|18
|
|t:|1776077614
|-terastallize|p2a: Moltres|Fairy
|move|p2a: Moltres|Agility|p2a: Moltres
|-boost|p2a: Moltres|spe|2
|move|p1a: 猜猜是谁不会飞🤔|Thunder Wave|p2a: Moltres
|-status|p2a: Moltres|par
|
|upkeep
|turn|19
|
|t:|1776077619
|move|p2a: Moltres|Agility|p2a: Moltres
|-boost|p2a: Moltres|spe|2
|move|p1a: 猜猜是谁不会飞🤔|Thunderbolt|p2a: Moltres
|-damage|p2a: Moltres|51/100 par
|
|upkeep
|turn|20
|
|t:|1776077623
|cant|p2a: Moltres|par
|move|p1a: 猜猜是谁不会飞🤔|Thunderbolt|p2a: Moltres
|-damage|p2a: Moltres|0 fnt
|faint|p2a: Moltres
|
|upkeep
|-message|pressacanadagoose forfeited.
|
|win|mlgbd
|raw|mlgbd's rating: 1455 &rarr; <strong>1486</strong><br />(+31 for winning)
|raw|pressacanadagoose's rating: 1678 &rarr; <strong>1647</strong><br />(-31 for losing)
|l|☆pressacanadagoose
|player|p2|
|l| ohko_smeargle
