|html|<div class="broadcast-blue"><strong>[Gen 9] OU is currently suspecting Tera Blast! For information on how to participate check out the <a href="https://www.smogon.com/tools/suspects/view/200">suspect thread</a>.</strong></div>
|j|☆BAzz Barge
|j|☆mlgpiglord
|t:|1776295374
|gametype|singles
|player|p1|BAzz Barge|benga|1370
|player|p2|mlgpiglord|n|1352
|gen|9
|tier|[Gen 9] OU
|rated|
|rule|HP Percentage Mod: HP is shown in percentages
|rule|Endless Battle Clause: Forcing endless battles is banned
|rule|Species Clause: Limit one of each Pokémon
|rule|OHKO Clause: OHKO moves are banned
|rule|Evasion Items Clause: Evasion items are banned
|rule|Evasion Moves Clause: Evasion moves are banned
|rule|Evasion Abilities Clause: Evasion abilities are banned
|rule|Sleep Moves Clause: Sleep-inducing moves are banned
|clearpoke
|poke|p1|Tyranitar, M|
|poke|p1|Excadrill, F|
|poke|p1|Ogerpon-Cornerstone, F|
|poke|p1|Dragapult, M|
|poke|p1|Moltres|
|poke|p1|Corviknight, M|
|poke|p2|Serperior, M|
|poke|p2|Indeedee, M|
|poke|p2|Staraptor, M|
|poke|p2|Blaziken, M|
|poke|p2|Mamoswine, M|
|poke|p2|Ditto|
|teampreview
|
|t:|1776295395
|teamsize|p1|6
|teamsize|p2|6
|start
|switch|p1a: Tyranitar|Tyranitar, M|100/100
|switch|p2a: Blaziken|Blaziken, M|100/100
|-weather|Sandstorm|[from] ability: Sand Stream|[of] p1a: Tyranitar
|turn|1
|
|t:|1776295406
|-terastallize|p1a: Tyranitar|Ghost
|move|p2a: Blaziken|Close Combat|p1a: Tyranitar
|-immune|p1a: Tyranitar
|move|p1a: Tyranitar|Thunder Wave|p2a: Blaziken
|-status|p2a: Blaziken|par
|
|-weather|Sandstorm|[upkeep]
|-damage|p1a: Tyranitar|94/100|[from] Sandstorm
|-damage|p2a: Blaziken|95/100 par|[from] Sandstorm
|-ability|p2a: Blaziken|Speed Boost|boost
|-boost|p2a: Blaziken|spe|1
|upkeep
|turn|2
|
|t:|1776295418
|cant|p2a: Blaziken|par
|move|p1a: Tyranitar|Earthquake|p2a: Blaziken
|-supereffective|p2a: Blaziken
|-damage|p2a: Blaziken|0 fnt
|faint|p2a: Blaziken
|
|-weather|Sandstorm|[upkeep]
|-damage|p1a: Tyranitar|88/100|[from] Sandstorm
|upkeep
|
|t:|1776295424
|switch|p2a: Mamoswine|Mamoswine, M|100/100
|turn|3
|
|t:|1776295431
|move|p2a: Mamoswine|Stealth Rock|p1a: Tyranitar
|-sidestart|p1: BAzz Barge|move: Stealth Rock
|move|p1a: Tyranitar|Stealth Rock|p2a: Mamoswine
|-sidestart|p2: mlgpiglord|move: Stealth Rock
|
|-weather|Sandstorm|[upkeep]
|-damage|p1a: Tyranitar|82/100|[from] Sandstorm
|upkeep
|turn|4
|
|t:|1776295441
|switch|p1a: Moltres|Moltres|100/100
|move|p2a: Mamoswine|Earthquake|p1a: Moltres
|-immune|p1a: Moltres
|
|-weather|Sandstorm|[upkeep]
|-damage|p1a: Moltres|94/100|[from] Sandstorm
|upkeep
|turn|5
|
|t:|1776295451
|move|p2a: Mamoswine|Iron Head|p1a: Moltres
|-resisted|p1a: Moltres
|-damage|p1a: Moltres|82/100
|-damage|p2a: Mamoswine|91/100|[from] item: Life Orb
|cant|p1a: Moltres|flinch
|
|-weather|Sandstorm|[upkeep]
|-damage|p1a: Moltres|76/100|[from] Sandstorm
|upkeep
|turn|6
|
|t:|1776295463
|move|p2a: Mamoswine|Iron Head|p1a: Moltres
|-resisted|p1a: Moltres
|-damage|p1a: Moltres|63/100
|-damage|p2a: Mamoswine|81/100|[from] item: Life Orb
|move|p1a: Moltres|Flamethrower|p2a: Mamoswine
|-supereffective|p2a: Mamoswine
|-damage|p2a: Mamoswine|29/100
|
|-weather|Sandstorm|[upkeep]
|-damage|p1a: Moltres|57/100|[from] Sandstorm
|upkeep
|turn|7
|
|t:|1776295473
|switch|p2a: Indeedee|Indeedee, M|100/100
|-damage|p2a: Indeedee|88/100|[from] Stealth Rock
|-fieldstart|move: Psychic Terrain|[from] ability: Psychic Surge|[of] p2a: Indeedee
|move|p1a: Moltres|Roost|p1a: Moltres
|-heal|p1a: Moltres|100/100
|-singleturn|p1a: Moltres|move: Roost
|
|-weather|Sandstorm|[upkeep]
|-damage|p2a: Indeedee|82/100|[from] Sandstorm
|-damage|p1a: Moltres|94/100|[from] Sandstorm
|upkeep
|turn|8
|
|t:|1776295484
|move|p2a: Indeedee|Expanding Force|p1a: Moltres
|-damage|p1a: Moltres|18/100
|move|p1a: Moltres|Roar|p2a: Indeedee
|drag|p2a: Staraptor|Staraptor, M|100/100
|-damage|p2a: Staraptor|76/100|[from] Stealth Rock
|
|-weather|none
|upkeep
|turn|9
|
|t:|1776295498
|switch|p1a: Tyranitar|Tyranitar, M, tera:Ghost|82/100
|-damage|p1a: Tyranitar|70/100|[from] Stealth Rock
|-weather|Sandstorm|[from] ability: Sand Stream|[of] p1a: Tyranitar
|move|p2a: Staraptor|Brave Bird|p1a: Tyranitar
|-damage|p1a: Tyranitar|0 fnt
|faint|p1a: Tyranitar
|-damage|p2a: Staraptor|46/100|[from] Recoil
|
|-weather|Sandstorm|[upkeep]
|-damage|p2a: Staraptor|40/100|[from] Sandstorm
|upkeep
|
|t:|1776295511
|switch|p1a: Ogerpon|Ogerpon-Cornerstone, F|100/100
|-damage|p1a: Ogerpon|88/100|[from] Stealth Rock
|turn|10
|
|t:|1776295519
|move|p1a: Ogerpon|Ivy Cudgel|p2a: Staraptor|[anim] Ivy Cudgel Rock
|-supereffective|p2a: Staraptor
|-damage|p2a: Staraptor|0 fnt
|faint|p2a: Staraptor
|
|-weather|Sandstorm|[upkeep]
|upkeep
|
|t:|1776295521
|switch|p2a: Indeedee|Indeedee, M|82/100
|-damage|p2a: Indeedee|70/100|[from] Stealth Rock
|turn|11
|
|t:|1776295528
|move|p2a: Indeedee|Expanding Force|p1a: Ogerpon
|-crit|p1a: Ogerpon
|-damage|p1a: Ogerpon|7/100
|move|p1a: Ogerpon|Ivy Cudgel|p2a: Indeedee|[anim] Ivy Cudgel Rock
|-damage|p2a: Indeedee|0 fnt
|faint|p2a: Indeedee
|
|-weather|Sandstorm|[upkeep]
|-fieldend|move: Psychic Terrain
|upkeep
|
|t:|1776295532
|switch|p2a: Serperior|Serperior, M|100/100
|-damage|p2a: Serperior|88/100|[from] Stealth Rock
|turn|12
|
|t:|1776295539
|move|p2a: Serperior|Leaf Storm|p1a: Ogerpon
|-damage|p1a: Ogerpon|0 fnt
|-boost|p2a: Serperior|spa|2
|faint|p1a: Ogerpon
|
|-weather|Sandstorm|[upkeep]
|-damage|p2a: Serperior|82/100|[from] Sandstorm
|upkeep
|
|t:|1776295549
|switch|p1a: Dragapult|Dragapult, M|100/100
|-damage|p1a: Dragapult|88/100|[from] Stealth Rock
|turn|13
|
|t:|1776295553
|move|p1a: Dragapult|Flamethrower|p2a: Serperior
|-supereffective|p2a: Serperior
|-damage|p2a: Serperior|17/100
|move|p2a: Serperior|Dragon Pulse|p1a: Dragapult
|-supereffective|p1a: Dragapult
|-damage|p1a: Dragapult|0 fnt
|faint|p1a: Dragapult
|
|-weather|Sandstorm|[upkeep]
|-damage|p2a: Serperior|11/100|[from] Sandstorm
|upkeep
|
|t:|1776295562
|switch|p1a: Excadrill|Excadrill, F|100/100
|-damage|p1a: Excadrill|97/100|[from] Stealth Rock
|turn|14
|
|t:|1776295568
|switch|p2a: Mamoswine|Mamoswine, M|29/100
|-damage|p2a: Mamoswine|17/100|[from] Stealth Rock
|move|p1a: Excadrill|Earthquake|p2a: Mamoswine
|-damage|p2a: Mamoswine|0 fnt
|faint|p2a: Mamoswine
|-damage|p1a: Excadrill|87/100|[from] item: Life Orb
|
|-weather|Sandstorm|[upkeep]
|upkeep
|
|t:|1776295570
|switch|p2a: Ditto|Ditto|100/100
|-damage|p2a: Ditto|88/100|[from] Stealth Rock
|-transform|p2a: Ditto|p1a: Excadrill|[from] ability: Imposter
|turn|15
|
|t:|1776295586
|switch|p1a: Corviknight|Corviknight, M|100/100
|-damage|p1a: Corviknight|88/100|[from] Stealth Rock
|-ability|p1a: Corviknight|Pressure
|move|p2a: Ditto|Earthquake|p1a: Corviknight
|-immune|p1a: Corviknight
|
|-weather|Sandstorm|[upkeep]
|-heal|p1a: Corviknight|94/100|[from] item: Leftovers
|upkeep
|turn|16
|
|t:|1776295600
|switch|p2a: Serperior|Serperior, M|11/100
|-damage|p2a: Serperior|0 fnt|[from] Stealth Rock
|faint|p2a: Serperior
|move|p1a: Corviknight|U-turn|p2: Serperior|[notarget]
|-fail|p1a: Corviknight
|
|-weather|none
|-heal|p1a: Corviknight|99/100|[from] item: Leftovers
|upkeep
|
|t:|1776295602
|switch|p2a: Ditto|Ditto|88/100
|-damage|p2a: Ditto|76/100|[from] Stealth Rock
|-transform|p2a: Ditto|p1a: Corviknight|[from] ability: Imposter
|-ability|p2a: Ditto|Pressure
|turn|17
|-message|mlgpiglord forfeited.
|
|win|BAzz Barge
|raw|BAzz Barge's rating: 1370 &rarr; <strong>1389</strong><br />(+19 for winning)
|raw|mlgpiglord's rating: 1352 &rarr; <strong>1333</strong><br />(-19 for losing)
|l|☆mlgpiglord
|player|p2|
