|html|<div class="broadcast-blue"><strong>[Gen 9] OU is currently suspecting Tera Blast! For information on how to participate check out the <a href="https://www.smogon.com/tools/suspects/view/200">suspect thread</a>.</strong></div>
|j|☆signalb00st
|j|☆tset 19
|t:|1776104859
|gametype|singles
|player|p1|signalb00st|170|1505
|player|p2|tset 19|pokemonbreeder|1509
|gen|9
|tier|[Gen 9] OU
|rated|
|rule|HP Percentage Mod: HP is shown in percentages
|rule|Endless Battle Clause: Forcing endless battles is banned
|rule|Species Clause: Limit one of each Pokémon
|rule|OHKO Clause: OHKO moves are banned
|rule|Evasion Items Clause: Evasion items are banned
|rule|Evasion Moves Clause: Evasion moves are banned
|rule|Evasion Abilities Clause: Evasion abilities are banned
|rule|Sleep Moves Clause: Sleep-inducing moves are banned
|clearpoke
|poke|p1|Ninetales, M|
|poke|p1|Blaziken, M|
|poke|p1|Walking Wake|
|poke|p1|Whimsicott, M|
|poke|p1|Great Tusk|
|poke|p1|Iron Moth|
|poke|p2|Pelipper, F|
|poke|p2|Kingdra, F|
|poke|p2|Garganacl, M|
|poke|p2|Corviknight, M|
|poke|p2|Cinderace, F|
|poke|p2|Barraskewda, M|
|teampreview
|
|t:|1776104876
|teamsize|p1|6
|teamsize|p2|6
|start
|switch|p1a: Walking Wake|Walking Wake|100/100
|switch|p2a: Doja Storm|Pelipper, F, shiny|100/100
|-weather|RainDance|[from] ability: Drizzle|[of] p2a: Doja Storm
|turn|1
|
|t:|1776104883
|switch|p2a: Corva Kai|Corviknight, M, shiny|100/100
|-ability|p2a: Corva Kai|Pressure
|move|p1a: Walking Wake|Knock Off|p2a: Corva Kai
|-damage|p2a: Corva Kai|90/100
|-damage|p1a: Walking Wake|84/100|[from] item: Rocky Helmet|[of] p2a: Corva Kai
|-enditem|p2a: Corva Kai|Rocky Helmet|[from] move: Knock Off|[of] p1a: Walking Wake
|
|-weather|RainDance|[upkeep]
|upkeep
|turn|2
|
|t:|1776104887
|switch|p2a: DraKing|Kingdra, F, shiny|100/100
|move|p1a: Walking Wake|Hydro Steam|p2a: DraKing
|-resisted|p2a: DraKing
|-crit|p2a: DraKing
|-damage|p2a: DraKing|74/100
|
|-weather|RainDance|[upkeep]
|upkeep
|turn|3
|
|t:|1776104901
|-terastallize|p1a: Walking Wake|Fairy
|move|p2a: DraKing|Weather Ball|p1a: Walking Wake
|-damage|p1a: Walking Wake|18/100
|move|p1a: Walking Wake|Hydro Steam|p2a: DraKing
|-resisted|p2a: DraKing
|-damage|p2a: DraKing|57/100
|
|-weather|RainDance|[upkeep]
|upkeep
|turn|4
|
|t:|1776104909
|-end|p1a: Walking Wake|Protosynthesis|[silent]
|switch|p1a: Ninetales|Ninetales, M|100/100
|-weather|SunnyDay|[from] ability: Drought|[of] p1a: Ninetales
|move|p2a: DraKing|Weather Ball|p1a: Ninetales
|-resisted|p1a: Ninetales
|-crit|p1a: Ninetales
|-damage|p1a: Ninetales|41/100
|
|-weather|SunnyDay|[upkeep]
|upkeep
|turn|5
|inactive|Battle timer is ON: inactive players will automatically lose when time's up. (requested by signalb00st)
|
|t:|1776104919
|switch|p1a: Whimsicott|Whimsicott, M|100/100
|switch|p2a: Doja Storm|Pelipper, F, shiny|100/100
|-weather|RainDance|[from] ability: Drizzle|[of] p2a: Doja Storm
|
|-weather|RainDance|[upkeep]
|upkeep
|turn|6
|
|t:|1776104926
|switch|p1a: Walking Wake|Walking Wake, tera:Fairy|18/100
|move|p2a: Doja Storm|U-turn|p1a: Walking Wake
|-resisted|p1a: Walking Wake
|-crit|p1a: Walking Wake
|-damage|p1a: Walking Wake|12/100
|
|t:|1776104930
|switch|p2a: DraKing|Kingdra, F, shiny|57/100|[from] U-turn
|
|-weather|RainDance|[upkeep]
|upkeep
|turn|7
|
|t:|1776104937
|move|p2a: DraKing|Weather Ball|p1a: Walking Wake
|-damage|p1a: Walking Wake|0 fnt
|faint|p1a: Walking Wake
|-end|p1a: Walking Wake|Protosynthesis|[silent]
|
|-weather|RainDance|[upkeep]
|upkeep
|
|t:|1776104946
|switch|p1a: Whimsicott|Whimsicott, M|100/100
|turn|8
|
|t:|1776104953
|switch|p2a: Corva Kai|Corviknight, M, shiny|90/100
|-ability|p2a: Corva Kai|Pressure
|move|p1a: Whimsicott|Giga Drain|p2a: Corva Kai
|-resisted|p2a: Corva Kai
|-damage|p2a: Corva Kai|80/100
|-damage|p1a: Whimsicott|91/100|[from] item: Life Orb
|
|-weather|RainDance|[upkeep]
|upkeep
|turn|9
|
|t:|1776104957
|switch|p1a: Ninetales|Ninetales, M|41/100
|-weather|SunnyDay|[from] ability: Drought|[of] p1a: Ninetales
|move|p2a: Corva Kai|U-turn|p1a: Ninetales
|-resisted|p1a: Ninetales
|-damage|p1a: Ninetales|30/100
|
|t:|1776104960
|switch|p2a: The French|Barraskewda, M, shiny|100/100|[from] U-turn
|
|-weather|SunnyDay|[upkeep]
|upkeep
|turn|10
|
|t:|1776104967
|switch|p1a: Whimsicott|Whimsicott, M|91/100
|move|p2a: The French|Poison Jab|p1a: Whimsicott
|-supereffective|p1a: Whimsicott
|-damage|p1a: Whimsicott|0 fnt
|faint|p1a: Whimsicott
|-damage|p2a: The French|91/100|[from] item: Life Orb
|
|-weather|SunnyDay|[upkeep]
|upkeep
|
|t:|1776104972
|switch|p1a: Blaziken|Blaziken, M|100/100
|turn|11
|
|t:|1776104975
|move|p2a: The French|Liquidation|p1a: Blaziken
|-supereffective|p1a: Blaziken
|-damage|p1a: Blaziken|11/100
|-damage|p2a: The French|81/100|[from] item: Life Orb
|move|p1a: Blaziken|Swords Dance|p1a: Blaziken
|-boost|p1a: Blaziken|atk|2
|
|-weather|SunnyDay|[upkeep]
|-heal|p1a: Blaziken|17/100|[from] item: Leftovers
|-ability|p1a: Blaziken|Speed Boost|boost
|-boost|p1a: Blaziken|spe|1
|upkeep
|turn|12
|
|t:|1776104979
|move|p1a: Blaziken|Protect|p1a: Blaziken
|-singleturn|p1a: Blaziken|Protect
|move|p2a: The French|Aqua Jet|p1a: Blaziken
|-activate|p1a: Blaziken|move: Protect
|
|-weather|SunnyDay|[upkeep]
|-heal|p1a: Blaziken|23/100|[from] item: Leftovers
|-ability|p1a: Blaziken|Speed Boost|boost
|-boost|p1a: Blaziken|spe|1
|upkeep
|turn|13
|
|t:|1776104986
|move|p2a: The French|Aqua Jet|p1a: Blaziken
|-supereffective|p1a: Blaziken
|-damage|p1a: Blaziken|0 fnt
|faint|p1a: Blaziken
|-damage|p2a: The French|71/100|[from] item: Life Orb
|
|-weather|SunnyDay|[upkeep]
|upkeep
|
|t:|1776104993
|switch|p1a: Iron Moth|Iron Moth|100/100
|-enditem|p1a: Iron Moth|Booster Energy
|-activate|p1a: Iron Moth|ability: Quark Drive|[fromitem]
|-start|p1a: Iron Moth|quarkdrivespe
|turn|14
|
|t:|1776104998
|switch|p2a: Garganacl|Garganacl, M, shiny|100/100
|move|p1a: Iron Moth|Fiery Dance|p2a: Garganacl
|-resisted|p2a: Garganacl
|-damage|p2a: Garganacl|78/100
|-boost|p1a: Iron Moth|spa|1
|
|-weather|SunnyDay|[upkeep]
|-heal|p2a: Garganacl|84/100|[from] item: Leftovers
|upkeep
|turn|15
|
|t:|1776105002
|move|p1a: Iron Moth|Solar Beam||[still]
|-prepare|p1a: Iron Moth|Solar Beam
|-anim|p1a: Iron Moth|Solar Beam|p2a: Garganacl
|-supereffective|p2a: Garganacl
|-damage|p2a: Garganacl|3/100
|move|p2a: Garganacl|Salt Cure|p1a: Iron Moth
|-supereffective|p1a: Iron Moth
|-damage|p1a: Iron Moth|63/100
|-start|p1a: Iron Moth|Salt Cure
|
|-weather|SunnyDay|[upkeep]
|-heal|p2a: Garganacl|9/100|[from] item: Leftovers
|-damage|p1a: Iron Moth|50/100|[from] Salt Cure
|upkeep
|turn|16
|
|t:|1776105006
|move|p2a: Garganacl|Protect|p2a: Garganacl
|-singleturn|p2a: Garganacl|Protect
|move|p1a: Iron Moth|Fiery Dance|p2a: Garganacl
|-activate|p2a: Garganacl|move: Protect
|
|-weather|none
|-heal|p2a: Garganacl|16/100|[from] item: Leftovers
|-damage|p1a: Iron Moth|38/100|[from] Salt Cure
|upkeep
|turn|17
|l|☆signalb00st
|inactive|signalb00st disconnected and has a minute to reconnect!
|player|p1|
|inactive|signalb00st has 30 seconds to reconnect!
|inactive|signalb00st has 20 seconds to reconnect!
|inactive|signalb00st has 15 seconds to reconnect!
|inactive|signalb00st has 10 seconds to reconnect!
|j|☆signalb00st
|inactive|signalb00st reconnected and has 80 seconds left.
|player|p1|signalb00st|170|
|
|t:|1776105085
|move|p2a: Garganacl|Protect|p2a: Garganacl
|-singleturn|p2a: Garganacl|Protect
|move|p1a: Iron Moth|Fiery Dance|p2a: Garganacl
|-activate|p2a: Garganacl|move: Protect
|
|-heal|p2a: Garganacl|22/100|[from] item: Leftovers
|-damage|p1a: Iron Moth|26/100|[from] Salt Cure
|upkeep
|turn|18
|-message|signalb00st forfeited.
|
|win|tset 19
|raw|signalb00st's rating: 1505 &rarr; <strong>1485</strong><br />(-20 for losing)
|raw|tset 19's rating: 1509 &rarr; <strong>1529</strong><br />(+20 for winning)
|l|☆signalb00st
|player|p1|
|l|☆tset 19
|player|p2|
