|html|<div class="broadcast-blue"><strong>[Gen 9] OU is currently suspecting Tera Blast! For information on how to participate check out the <a href="https://www.smogon.com/tools/suspects/view/200">suspect thread</a>.</strong></div>
|j|☆adpg.alt
|j|☆thibsab
|t:|1776086667
|gametype|singles
|player|p1|adpg.alt|hilbert-wonderlauncher|1666
|player|p2|thibsab|101|1541
|gen|9
|tier|[Gen 9] OU
|rated|
|rule|HP Percentage Mod: HP is shown in percentages
|rule|Endless Battle Clause: Forcing endless battles is banned
|rule|Species Clause: Limit one of each Pokémon
|rule|OHKO Clause: OHKO moves are banned
|rule|Evasion Items Clause: Evasion items are banned
|rule|Evasion Moves Clause: Evasion moves are banned
|rule|Evasion Abilities Clause: Evasion abilities are banned
|rule|Sleep Moves Clause: Sleep-inducing moves are banned
|clearpoke
|poke|p1|Quaquaval, F|
|poke|p1|Tornadus-Therian, M|
|poke|p1|Dragapult, F|
|poke|p1|Ting-Lu|
|poke|p1|Weezing-Galar, M|
|poke|p1|Deoxys-Speed|
|poke|p2|Hatterene, F|
|poke|p2|Hoopa-Unbound|
|poke|p2|Volcanion|
|poke|p2|Ursaluna, F|
|poke|p2|Zamazenta-*|
|poke|p2|Cresselia, F|
|teampreview
|
|t:|1776086689
|teamsize|p1|6
|teamsize|p2|6
|start
|switch|p1a: Dragapult|Dragapult, F|100/100
|switch|p2a: La torture 🐢|Volcanion|100/100
|turn|1
|inactive|Battle timer is ON: inactive players will automatically lose when time's up. (requested by thibsab)
|
|t:|1776086704
|move|p1a: Dragapult|U-turn|p2a: La torture 🐢
|-resisted|p2a: La torture 🐢
|-damage|p2a: La torture 🐢|87/100
|
|t:|1776086708
|switch|p1a: Quaquaval|Quaquaval, F|100/100|[from] U-turn
|move|p2a: La torture 🐢|Steam Eruption|p1a: Quaquaval
|-resisted|p1a: Quaquaval
|-damage|p1a: Quaquaval|74/100
|
|upkeep
|turn|2
|
|t:|1776086716
|switch|p2a: La connasse|Cresselia, F|100/100
|move|p1a: Quaquaval|Knock Off|p2a: La connasse
|-supereffective|p2a: La connasse
|-damage|p2a: La connasse|72/100
|-damage|p1a: Quaquaval|57/100|[from] item: Rocky Helmet|[of] p2a: La connasse
|-enditem|p2a: La connasse|Rocky Helmet|[from] move: Knock Off|[of] p1a: Quaquaval
|
|upkeep
|turn|3
|
|t:|1776086723
|move|p1a: Quaquaval|U-turn|p2a: La connasse
|-supereffective|p2a: La connasse
|-damage|p2a: La connasse|50/100
|
|t:|1776086730
|switch|p1a: Ting-Lu|Ting-Lu|100/100|[from] U-turn
|-ability|p1a: Ting-Lu|Vessel of Ruin
|move|p2a: La connasse|Trick Room|p2a: La connasse
|-fieldstart|move: Trick Room|[of] p2a: La connasse
|
|upkeep
|turn|4
|
|t:|1776086736
|switch|p2a: Le ver de terre|Hatterene, F|100/100
|move|p1a: Ting-Lu|Ruination|p2a: Le ver de terre
|-damage|p2a: Le ver de terre|51/100
|
|upkeep
|turn|5
|
|t:|1776086751
|move|p2a: Le ver de terre|Dazzling Gleam|p1a: Ting-Lu
|-supereffective|p1a: Ting-Lu
|-damage|p1a: Ting-Lu|58/100
|move|p1a: Ting-Lu|Earthquake|p2a: Le ver de terre
|-damage|p2a: Le ver de terre|12/100
|
|-heal|p1a: Ting-Lu|65/100|[from] item: Leftovers
|upkeep
|turn|6
|
|t:|1776086766
|switch|p1a: Weezing|Weezing-Galar, M|100/100
|-ability|p1a: Weezing|Neutralizing Gas
|move|p2a: Le ver de terre|Dazzling Gleam|p1a: Weezing
|-resisted|p1a: Weezing
|-damage|p1a: Weezing|66/100
|
|upkeep
|turn|7
|
|t:|1776086776
|-end|p1a: Weezing|ability: Neutralizing Gas
|switch|p1a: Ting-Lu|Ting-Lu|65/100
|-ability|p1a: Ting-Lu|Vessel of Ruin
|move|p2a: Le ver de terre|Psychic Noise|p1a: Ting-Lu
|-immune|p1a: Ting-Lu
|
|-heal|p1a: Ting-Lu|71/100|[from] item: Leftovers
|-fieldend|move: Trick Room
|upkeep
|turn|8
|
|t:|1776086806
|switch|p2a: L'ours bien vénère|Ursaluna, F|100/100
|move|p1a: Ting-Lu|Earthquake|p2a: L'ours bien vénère
|-damage|p2a: L'ours bien vénère|76/100
|
|-heal|p1a: Ting-Lu|77/100|[from] item: Leftovers
|-status|p2a: L'ours bien vénère|brn|[from] item: Flame Orb
|upkeep
|turn|9
|
|t:|1776086833
|-terastallize|p1a: Ting-Lu|Ghost
|move|p2a: L'ours bien vénère|Facade|p1a: Ting-Lu
|-immune|p1a: Ting-Lu
|move|p1a: Ting-Lu|Stealth Rock|p2a: L'ours bien vénère
|-sidestart|p2: thibsab|move: Stealth Rock
|
|-heal|p1a: Ting-Lu|83/100|[from] item: Leftovers
|-damage|p2a: L'ours bien vénère|70/100 brn|[from] brn
|upkeep
|turn|10
|-message|thibsab forfeited.
|
|win|adpg.alt
|raw|adpg.alt's rating: 1666 &rarr; <strong>1679</strong><br />(+13 for winning)
|raw|thibsab's rating: 1541 &rarr; <strong>1528</strong><br />(-13 for losing)
|l|☆thibsab
|player|p2|
|l|☆adpg.alt
|player|p1|
