|html|<div class="broadcast-blue"><strong>[Gen 9] OU is currently suspecting Tera Blast! For information on how to participate check out the <a href="https://www.smogon.com/tools/suspects/view/200">suspect thread</a>.</strong></div>
|j|☆cobblegoat
|j|☆Juicyjupiter21
|t:|1776119570
|gametype|singles
|player|p1|cobblegoat|alder|1123
|player|p2|Juicyjupiter21|nate|1147
|gen|9
|tier|[Gen 9] OU
|rated|
|rule|HP Percentage Mod: HP is shown in percentages
|rule|Endless Battle Clause: Forcing endless battles is banned
|rule|Species Clause: Limit one of each Pokémon
|rule|OHKO Clause: OHKO moves are banned
|rule|Evasion Items Clause: Evasion items are banned
|rule|Evasion Moves Clause: Evasion moves are banned
|rule|Evasion Abilities Clause: Evasion abilities are banned
|rule|Sleep Moves Clause: Sleep-inducing moves are banned
|clearpoke
|poke|p1|Slowking-Galar, F|
|poke|p1|Kyurem|
|poke|p1|Heatran, M|
|poke|p1|Ogerpon-Wellspring, F|
|poke|p1|Gliscor, M|
|poke|p1|Iron Valiant|
|poke|p2|Great Tusk|
|poke|p2|Walking Wake|
|poke|p2|Kingambit, M|
|poke|p2|Venusaur, F|
|poke|p2|Ninetales, F|
|poke|p2|Raging Bolt|
|teampreview
|inactive|Battle timer is ON: inactive players will automatically lose when time's up. (requested by Juicyjupiter21)
|
|t:|1776119574
|teamsize|p1|6
|teamsize|p2|6
|start
|switch|p1a: Heatran|Heatran, M|100/100
|switch|p2a: Ninetales|Ninetales, F|100/100
|-weather|SunnyDay|[from] ability: Drought|[of] p2a: Ninetales
|-item|p1a: Heatran|Air Balloon
|turn|1
|
|t:|1776119581
|move|p2a: Ninetales|Weather Ball|p1a: Heatran
|-start|p1a: Heatran|ability: Flash Fire
|move|p1a: Heatran|Stealth Rock|p2a: Ninetales
|-sidestart|p2: Juicyjupiter21|move: Stealth Rock
|
|-weather|SunnyDay|[upkeep]
|upkeep
|turn|2
|
|t:|1776119590
|switch|p2a: Great Tusk|Great Tusk|100/100
|-damage|p2a: Great Tusk|98/100|[from] Stealth Rock
|-activate|p2a: Great Tusk|ability: Protosynthesis
|-start|p2a: Great Tusk|protosynthesisatk
|move|p1a: Heatran|Magma Storm|p2a: Great Tusk
|-damage|p2a: Great Tusk|8/100
|-activate|p2a: Great Tusk|move: Magma Storm|[of] p1a: Heatran
|
|-weather|SunnyDay|[upkeep]
|-damage|p2a: Great Tusk|0 fnt|[from] move: Magma Storm|[partiallytrapped]
|faint|p2a: Great Tusk
|-end|p2a: Great Tusk|Protosynthesis|[silent]
|upkeep
|
|t:|1776119603
|switch|p2a: Venusaur|Venusaur, F|100/100
|-damage|p2a: Venusaur|88/100|[from] Stealth Rock
|turn|3
|
|t:|1776119611
|-terastallize|p2a: Venusaur|Fire
|move|p2a: Venusaur|Growth|p2a: Venusaur
|-boost|p2a: Venusaur|atk|2
|-boost|p2a: Venusaur|spa|2
|move|p1a: Heatran|Taunt|p2a: Venusaur
|-start|p2a: Venusaur|move: Taunt
|
|-weather|SunnyDay|[upkeep]
|upkeep
|turn|4
|
|t:|1776119623
|move|p2a: Venusaur|Giga Drain|p1a: Heatran
|-resisted|p1a: Heatran
|-damage|p1a: Heatran|87/100
|-heal|p2a: Venusaur|97/100|[from] drain|[of] p1a: Heatran
|-enditem|p1a: Heatran|Air Balloon
|-damage|p2a: Venusaur|87/100|[from] item: Life Orb
|move|p1a: Heatran|Earth Power|p2a: Venusaur
|-supereffective|p2a: Venusaur
|-damage|p2a: Venusaur|24/100
|
|-weather|SunnyDay|[upkeep]
|upkeep
|turn|5
|
|t:|1776119627
|move|p2a: Venusaur|Giga Drain|p1a: Heatran
|-resisted|p1a: Heatran
|-damage|p1a: Heatran|74/100
|-heal|p2a: Venusaur|33/100|[from] drain|[of] p1a: Heatran
|-damage|p2a: Venusaur|23/100|[from] item: Life Orb
|move|p1a: Heatran|Earth Power|p2a: Venusaur
|-supereffective|p2a: Venusaur
|-damage|p2a: Venusaur|0 fnt
|faint|p2a: Venusaur
|
|-weather|SunnyDay|[upkeep]
|upkeep
|-message|Juicyjupiter21 forfeited.
|
|win|cobblegoat
|raw|cobblegoat's rating: 1123 &rarr; <strong>1150</strong><br />(+27 for winning)
|raw|Juicyjupiter21's rating: 1147 &rarr; <strong>1120</strong><br />(-27 for losing)
|l|☆Juicyjupiter21
|player|p2|
