|j|☆encore21768768
|j|☆Abyssal Bot
|t:|1776104578
|gametype|singles
|player|p1|encore21768768|265|
|player|p2|Abyssal Bot|supernerd|
|teamsize|p1|6
|teamsize|p2|6
|gen|9
|tier|[Gen 9] OU
|rule|Species Clause: Limit one of each Pokémon
|rule|OHKO Clause: OHKO moves are banned
|rule|Evasion Items Clause: Evasion items are banned
|rule|Evasion Moves Clause: Evasion moves are banned
|rule|Endless Battle Clause: Forcing endless battles is banned
|rule|HP Percentage Mod: HP is shown in percentages
|rule|Sleep Moves Clause: Sleep-inducing moves are banned
|clearpoke
|poke|p1|Metagross|
|poke|p1|Camerupt, M|
|poke|p1|Torkoal, F|
|poke|p1|Hitmontop, M|
|poke|p1|Raging Bolt|
|poke|p1|Hatterene, F|
|poke|p2|Ribombee, F|
|poke|p2|Glimmora, M|
|poke|p2|Manaphy|
|poke|p2|Zamazenta-*|
|poke|p2|Gholdengo|
|poke|p2|Roaring Moon|
|teampreview
|c|☆Abyssal Bot|Good Luck and Have Fun my Friend!
|inactive|Battle timer is ON: inactive players will automatically lose when time's up. (requested by Abyssal Bot)
|j|*Turbo Bottttt
|
|t:|1776104581
|start
|switch|p1a: Camerupt|Camerupt, M|100/100
|switch|p2a: Ribombee|Ribombee, F|100/100
|turn|1
|
|t:|1776104584
|switch|p2a: Manaphy|Manaphy|100/100
|move|p1a: Camerupt|Stealth Rock|p2a: Manaphy
|-sidestart|p2: Abyssal Bot|move: Stealth Rock
|
|upkeep
|turn|2
|
|t:|1776104586
|switch|p1a: Torkoal|Torkoal, F|100/100
|-weather|Sunny Day|[from] ability: Drought|[of] p1a: Torkoal
|move|p2a: Manaphy|Surf|p1a: Torkoal
|-supereffective|p1a: Torkoal
|-crit|p1a: Torkoal
|-damage|p1a: Torkoal|24/100
|
|-weather|Sunny Day|[upkeep]
|upkeep
|turn|3
|c|☆Abyssal Bot|YASS!
|
|t:|1776104590
|switch|p1a: Raging Bolt|Raging Bolt|100/100
|-activate|p1a: Raging Bolt|ability: Protosynthesis
|-start|p1a: Raging Bolt|protosynthesisspa
|move|p2a: Manaphy|Surf|p1a: Raging Bolt
|-resisted|p1a: Raging Bolt
|-damage|p1a: Raging Bolt|91/100
|
|-weather|Sunny Day|[upkeep]
|upkeep
|turn|4
|
|t:|1776104593
|switch|p2a: Ribombee|Ribombee, F|100/100
|-damage|p2a: Ribombee|76/100|[from] Stealth Rock|[of] p1: Camerupt
|move|p1a: Raging Bolt|Dragon Pulse|p2a: Ribombee
|-immune|p2a: Ribombee
|
|-weather|Sunny Day|[upkeep]
|upkeep
|turn|5
|
|t:|1776104595
|move|p1a: Raging Bolt|Thunderclap|p2a: Ribombee
|-damage|p2a: Ribombee|0
|faint|p2a: Ribombee
|-damage|p1a: Raging Bolt|81/100|[from] item: Life Orb
|
|-weather|Sunny Day|[upkeep]
|upkeep
|
|t:|1776104595
|switch|p2a: Gholdengo|Gholdengo|100/100
|-item|p2a: Gholdengo|Air Balloon
|-damage|p2a: Gholdengo|94/100|[from] Stealth Rock|[of] p1: Camerupt
|turn|6
|
|t:|1776104597
|move|p2a: Gholdengo|Hex|p1a: Raging Bolt
|-damage|p1a: Raging Bolt|55/100
|move|p1a: Raging Bolt|Weather Ball|p2a: Gholdengo
|-supereffective|p2a: Gholdengo
|-damage|p2a: Gholdengo|0
|-enditem|p2a: Gholdengo|Air Balloon
|faint|p2a: Gholdengo
|-damage|p1a: Raging Bolt|45/100|[from] item: Life Orb
|
|-weather|Sunny Day|[upkeep]
|upkeep
|
|t:|1776104598
|switch|p2a: Glimmora|Glimmora, M|100/100
|-damage|p2a: Glimmora|88/100|[from] Stealth Rock|[of] p1: Camerupt
|turn|7
|
|t:|1776104621
|move|p1a: Raging Bolt|Thunderclap|p2a: Glimmora
|-damage|p2a: Glimmora|18/100
|-damage|p1a: Raging Bolt|35/100|[from] item: Life Orb
|move|p2a: Glimmora|Dazzling Gleam|p1a: Raging Bolt
|-supereffective|p1a: Raging Bolt
|-damage|p1a: Raging Bolt|0
|faint|p1a: Raging Bolt
|-end|p1a: Raging Bolt|Protosynthesis|[silent]
|
|-weather|Sunny Day|[upkeep]
|upkeep
|
|t:|1776104636
|switch|p1a: Camerupt|Camerupt, M|100/100
|turn|8
|
|t:|1776104639
|move|p2a: Glimmora|Earth Power|p1a: Camerupt
|-supereffective|p1a: Camerupt
|-damage|p1a: Camerupt|34/100
|move|p1a: Camerupt|Fire Blast|p2a: Glimmora
|-resisted|p2a: Glimmora
|-damage|p2a: Glimmora|0
|faint|p2a: Glimmora
|-damage|p1a: Camerupt|24/100|[from] item: Life Orb
|
|-weather|Sunny Day|[upkeep]
|upkeep
|
|t:|1776104639
|switch|p2a: Manaphy|Manaphy|100/100
|-damage|p2a: Manaphy|88/100|[from] Stealth Rock|[of] p1a: Camerupt
|turn|9
|
|t:|1776104642
|move|p2a: Manaphy|Surf|p1a: Camerupt
|-supereffective|p1a: Camerupt
|-damage|p1a: Camerupt|0
|faint|p1a: Camerupt
|
|-weather|none
|-heal|p2a: Manaphy|94/100|[from] item: Leftovers
|upkeep
|
|t:|1776104652
|switch|p1a: Metagross|Metagross|100/100
|turn|10
|
|t:|1776104657
|move|p2a: Manaphy|Surf|p1a: Metagross
|-damage|p1a: Metagross|60/100
|move|p1a: Metagross|Thunder Punch|p2a: Manaphy
|-supereffective|p2a: Manaphy
|-damage|p2a: Manaphy|10/100
|
|-heal|p2a: Manaphy|16/100|[from] item: Leftovers
|upkeep
|turn|11
|
|t:|1776104660
|move|p2a: Manaphy|Surf|p1a: Metagross
|-damage|p1a: Metagross|15/100
|move|p1a: Metagross|Thunder Punch|p2a: Manaphy
|-supereffective|p2a: Manaphy
|-damage|p2a: Manaphy|0
|faint|p2a: Manaphy
|
|upkeep
|
|t:|1776104660
|switch|p2a: Roaring Moon|Roaring Moon|100/100
|-damage|p2a: Roaring Moon|88/100|[from] Stealth Rock|[of] p1: Camerupt
|-enditem|p2a: Roaring Moon|Booster Energy
|-activate|p2a: Roaring Moon|ability: Protosynthesis|[fromitem]
|-start|p2a: Roaring Moon|protosynthesisatk
|turn|12
|
|t:|1776104662
|move|p2a: Roaring Moon|Acrobatics|p1a: Metagross
|-resisted|p1a: Metagross
|-damage|p1a: Metagross|0
|faint|p1a: Metagross
|
|upkeep
|
|t:|1776104674
|switch|p1a: Hatterene|Hatterene, F|100/100
|turn|13
|
|t:|1776104675
|move|p2a: Roaring Moon|Dragon Dance|p2a: Roaring Moon
|-boost|p2a: Roaring Moon|atk|1
|-boost|p2a: Roaring Moon|spe|1
|move|p1a: Hatterene|Trick Room|p1a: Hatterene
|-fieldstart|move: Trick Room|[of] p1a: Hatterene
|
|upkeep
|turn|14
|
|t:|1776104677
|move|p1a: Hatterene|Draining Kiss|p2a: Roaring Moon
|-supereffective|p2a: Roaring Moon
|-damage|p2a: Roaring Moon|0
|faint|p2a: Roaring Moon
|-end|p2a: Roaring Moon|Protosynthesis|[silent]
|
|upkeep
|
|t:|1776104678
|switch|p2a: Zamazenta|Zamazenta|100/100
|-damage|p2a: Zamazenta|94/100|[from] Stealth Rock|[of] p1: Camerupt
|-ability|p2a: Zamazenta|Dauntless Shield|boost
|-boost|p2a: Zamazenta|def|1
|turn|15
|
|t:|1776104680
|move|p1a: Hatterene|Psychic Noise|p2a: Zamazenta
|-supereffective|p2a: Zamazenta
|-damage|p2a: Zamazenta|8/100
|-start|p2a: Zamazenta|move: Heal Block
|move|p2a: Zamazenta|Iron Head|p1a: Hatterene
|-supereffective|p1a: Hatterene
|-damage|p1a: Hatterene|53/100
|
|upkeep
|turn|16
|
|t:|1776104682
|move|p1a: Hatterene|Draining Kiss|p2a: Zamazenta
|-supereffective|p2a: Zamazenta
|-damage|p2a: Zamazenta|0
|-heal|p1a: Hatterene|59/100|[from] drain|[of] p2a: Zamazenta
|faint|p2a: Zamazenta
|
|win|encore21768768
|c|☆Abyssal Bot|Well Played.
|l|☆Abyssal Bot
|player|p2|
|l|*Turbo Bottttt
