|html|<div class="broadcast-blue"><strong>[Gen 9] OU is currently suspecting Volcarona! For information on how to participate check out the <a href="https://www.smogon.com/tools/suspects/view/208">suspect thread</a>.</strong></div>
|j|☆NenTekkie
|j|☆psylxr
|t:|1778509161
|gametype|singles
|player|p1|NenTekkie|liko|1404
|player|p2|psylxr|169|1475
|gen|9
|tier|[Gen 9] OU
|rated|
|rule|HP Percentage Mod: HP is shown in percentages
|rule|Endless Battle Clause: Forcing endless battles is banned
|rule|Species Clause: Limit one of each Pokémon
|rule|OHKO Clause: OHKO moves are banned
|rule|Evasion Items Clause: Evasion items are banned
|rule|Evasion Moves Clause: Evasion moves are banned
|rule|Evasion Abilities Clause: Evasion abilities are banned
|rule|Sleep Moves Clause: Sleep-inducing moves are banned
|clearpoke
|poke|p1|Weezing-Galar, M|
|poke|p1|Ogerpon, F|
|poke|p1|Skarmory, M|
|poke|p1|Alomomola, M|
|poke|p1|Clodsire, M|
|poke|p1|Hydreigon, M|
|poke|p2|Weezing-Galar, M|
|poke|p2|Ogerpon, F|
|poke|p2|Skarmory, M|
|poke|p2|Alomomola, M|
|poke|p2|Clodsire, M|
|poke|p2|Hydreigon, M|
|teampreview
|inactive|Battle timer is ON: inactive players will automatically lose when time's up. (requested by NenTekkie)
|c|☆psylxr|oh
|c|☆NenTekkie|Oh
|c|☆NenTekkie|nice team
|c|☆psylxr|u2
|
|t:|1778509181
|teamsize|p1|6
|teamsize|p2|6
|start
|switch|p1a: Anonymous|Ogerpon, F|100/100
|switch|p2a: Hydreigon|Hydreigon, M, shiny|100/100
|turn|1
|
|t:|1778509197
|switch|p2a: Skarmory|Skarmory, M, shiny|100/100
|-terastallize|p1a: Anonymous|Grass
|detailschange|p1a: Anonymous|Ogerpon-Teal-Tera, F, tera:Grass
|-ability|p1a: Anonymous|Embody Aspect (Teal)|boost
|-boost|p1a: Anonymous|spe|1
|move|p1a: Anonymous|U-turn|p2a: Skarmory
|-resisted|p2a: Skarmory
|-damage|p2a: Skarmory|96/100
|-damage|p1a: Anonymous|84/100|[from] item: Rocky Helmet|[of] p2a: Skarmory
|
|t:|1778509209
|switch|p1a: Hybrid|Hydreigon, M, shiny|100/100|[from] U-turn
|
|upkeep
|turn|2
|
|t:|1778509224
|switch|p2a: Weezing|Weezing-Galar, M, shiny|100/100
|-ability|p2a: Weezing|Neutralizing Gas
|move|p1a: Hybrid|Dark Pulse|p2a: Weezing
|-resisted|p2a: Weezing
|-damage|p2a: Weezing|56/100
|
|upkeep
|turn|3
|
|t:|1778509231
|switch|p1a: Pisces|Alomomola, M, shiny|100/100
|move|p2a: Weezing|Pain Split|p1a: Pisces
|-sethp|p1a: Pisces|68/100|[from] move: Pain Split|[silent]
|-sethp|p2a: Weezing|100/100|[from] move: Pain Split
|
|upkeep
|turn|4
|
|t:|1778509240
|move|p2a: Weezing|Will-O-Wisp|p1a: Pisces
|-status|p1a: Pisces|brn
|move|p1a: Pisces|Flip Turn|p2a: Weezing
|-damage|p2a: Weezing|95/100
|
|t:|1778509250
|switch|p1a: Hybrid|Hydreigon, M, shiny|100/100|[from] Flip Turn
|
|upkeep
|turn|5
|
|t:|1778509255
|-end|p2a: Weezing|ability: Neutralizing Gas
|switch|p2a: Skarmory|Skarmory, M, shiny|96/100
|move|p1a: Hybrid|Flash Cannon|p2a: Skarmory
|-resisted|p2a: Skarmory
|-damage|p2a: Skarmory|66/100
|
|upkeep
|turn|6
|
|t:|1778509265
|switch|p1a: Sentinel|Weezing-Galar, M, shiny|100/100
|-ability|p1a: Sentinel|Neutralizing Gas
|move|p2a: Skarmory|Spikes|p1a: Sentinel
|-sidestart|p1: NenTekkie|Spikes
|
|upkeep
|turn|7
|
|t:|1778509273
|move|p2a: Skarmory|Taunt|p1a: Sentinel
|-start|p1a: Sentinel|move: Taunt
|cant|p1a: Sentinel|move: Taunt|Will-O-Wisp
|
|upkeep
|turn|8
|
|t:|1778509276
|-end|p1a: Sentinel|ability: Neutralizing Gas
|switch|p1a: Hybrid|Hydreigon, M, shiny|100/100
|move|p2a: Skarmory|Spikes|p1a: Hybrid
|-sidestart|p1: NenTekkie|Spikes
|
|upkeep
|turn|9
|
|t:|1778509281
|switch|p2a: Alomomola|Alomomola, M, shiny|100/100
|move|p1a: Hybrid|Flash Cannon|p2a: Alomomola
|-resisted|p2a: Alomomola
|-damage|p2a: Alomomola|91/100
|
|upkeep
|turn|10
|
|t:|1778509291
|switch|p1a: Sentinel|Weezing-Galar, M, shiny|100/100
|-ability|p1a: Sentinel|Neutralizing Gas
|move|p2a: Alomomola|Flip Turn|p1a: Sentinel
|-damage|p1a: Sentinel|90/100
|
|t:|1778509293
|switch|p2a: Skarmory|Skarmory, M, shiny|66/100|[from] Flip Turn
|
|upkeep
|turn|11
|
|t:|1778509303
|-end|p1a: Sentinel|ability: Neutralizing Gas
|switch|p1a: Raptor|Skarmory, M, shiny|100/100
|move|p2a: Skarmory|Taunt|p1a: Raptor
|-start|p1a: Raptor|move: Taunt
|
|upkeep
|turn|12
|
|t:|1778509314
|switch|p2a: Hydreigon|Hydreigon, M, shiny|100/100
|move|p1a: Raptor|Body Press|p2a: Hydreigon
|-supereffective|p2a: Hydreigon
|-damage|p2a: Hydreigon|25/100
|
|upkeep
|turn|13
|
|t:|1778509326
|switch|p2a: Ogerpon|Ogerpon, F|100/100
|switch|p1a: Pisces|Alomomola, M, shiny|68/100 brn
|-damage|p1a: Pisces|51/100 brn|[from] Spikes
|
|-damage|p1a: Pisces|45/100 brn|[from] brn
|upkeep
|turn|14
|
|t:|1778509331
|switch|p1a: Sentinel|Weezing-Galar, M, shiny|90/100
|-ability|p1a: Sentinel|Neutralizing Gas
|move|p2a: Ogerpon|U-turn|p1a: Sentinel
|-resisted|p1a: Sentinel
|-damage|p1a: Sentinel|85/100
|
|t:|1778509337
|switch|p2a: Clodsire|Clodsire, M, shiny|100/100|[from] U-turn
|
|upkeep
|turn|15
|
|t:|1778509348
|switch|p2a: Skarmory|Skarmory, M, shiny|66/100
|move|p1a: Sentinel|Defog|p2a: Skarmory
|-unboost|p2a: Skarmory|evasion|1
|-sideend|p1: NenTekkie|Spikes|[from] move: Defog|[of] p1a: Sentinel
|
|upkeep
|turn|16
|
|t:|1778509354
|move|p2a: Skarmory|Roost|p2a: Skarmory
|-heal|p2a: Skarmory|100/100
|-singleturn|p2a: Skarmory|move: Roost
|move|p1a: Sentinel|Will-O-Wisp|p2a: Skarmory
|-status|p2a: Skarmory|brn
|
|-damage|p2a: Skarmory|94/100 brn|[from] brn
|upkeep
|turn|17
|
|t:|1778509363
|-end|p1a: Sentinel|ability: Neutralizing Gas
|switch|p1a: Pisces|Alomomola, M, shiny|78/100 brn
|move|p2a: Skarmory|Spikes|p1a: Pisces
|-sidestart|p1: NenTekkie|Spikes
|
|-damage|p2a: Skarmory|88/100 brn|[from] brn
|-damage|p1a: Pisces|72/100 brn|[from] brn
|upkeep
|turn|18
|
|t:|1778509366
|move|p2a: Skarmory|Spikes|p1a: Pisces
|-sidestart|p1: NenTekkie|Spikes
|move|p1a: Pisces|Flip Turn|p2a: Skarmory
|-damage|p2a: Skarmory|83/100 brn
|-damage|p1a: Pisces|55/100 brn|[from] item: Rocky Helmet|[of] p2a: Skarmory
|
|t:|1778509369
|switch|p1a: Hybrid|Hydreigon, M, shiny|100/100|[from] Flip Turn
|
|-damage|p2a: Skarmory|77/100 brn|[from] brn
|upkeep
|turn|19
|
|t:|1778509374
|switch|p2a: Alomomola|Alomomola, M, shiny|91/100
|move|p1a: Hybrid|Flash Cannon|p2a: Alomomola
|-resisted|p2a: Alomomola
|-damage|p2a: Alomomola|81/100
|
|upkeep
|turn|20
|
|t:|1778509380
|switch|p1a: Sentinel|Weezing-Galar, M, shiny|85/100
|-ability|p1a: Sentinel|Neutralizing Gas
|move|p2a: Alomomola|Flip Turn|p1a: Sentinel
|-damage|p1a: Sentinel|73/100
|
|t:|1778509383
|switch|p2a: Skarmory|Skarmory, M, shiny|77/100 brn|[from] Flip Turn
|
|-damage|p2a: Skarmory|70/100 brn|[from] brn
|upkeep
|turn|21
|
|t:|1778509388
|-end|p1a: Sentinel|ability: Neutralizing Gas
|switch|p1a: Hybrid|Hydreigon, M, shiny|100/100
|move|p2a: Skarmory|Spikes|p1a: Hybrid
|-sidestart|p1: NenTekkie|Spikes
|
|-damage|p2a: Skarmory|64/100 brn|[from] brn
|upkeep
|turn|22
|
|t:|1778509395
|switch|p2a: Alomomola|Alomomola, M, shiny|81/100
|move|p1a: Hybrid|Dark Pulse|p2a: Alomomola
|-damage|p2a: Alomomola|53/100
|
|upkeep
|turn|23
|
|t:|1778509405
|move|p1a: Hybrid|Dark Pulse|p2a: Alomomola
|-damage|p2a: Alomomola|22/100
|move|p2a: Alomomola|Play Rough|p1a: Hybrid|[miss]
|-miss|p2a: Alomomola|p1a: Hybrid
|
|upkeep
|turn|24
|
|t:|1778509414
|switch|p2a: Weezing|Weezing-Galar, M, shiny|95/100
|-ability|p2a: Weezing|Neutralizing Gas
|move|p1a: Hybrid|Dark Pulse|p2a: Weezing
|-resisted|p2a: Weezing
|-damage|p2a: Weezing|51/100
|
|upkeep
|turn|25
|
|t:|1778509422
|switch|p1a: Endless Nameless|Clodsire, M, shiny|100/100
|-damage|p1a: Endless Nameless|76/100|[from] Spikes
|move|p2a: Weezing|Pain Split|p1a: Endless Nameless
|-sethp|p1a: Endless Nameless|56/100|[from] move: Pain Split|[silent]
|-sethp|p2a: Weezing|78/100|[from] move: Pain Split
|
|upkeep
|turn|26
|
|t:|1778509429
|switch|p1a: Sentinel|Weezing-Galar, M, shiny|73/100
|-ability|p1a: Sentinel|Neutralizing Gas
|move|p2a: Weezing|Will-O-Wisp|p1a: Sentinel
|-status|p1a: Sentinel|brn
|
|-damage|p1a: Sentinel|67/100 brn|[from] brn
|upkeep
|turn|27
|
|t:|1778509437
|switch|p2a: Skarmory|Skarmory, M, shiny|64/100 brn
|move|p1a: Sentinel|Defog|p2a: Skarmory
|-unboost|p2a: Skarmory|evasion|1
|-sideend|p1: NenTekkie|Spikes|[from] move: Defog|[of] p1a: Sentinel
|
|-damage|p2a: Skarmory|58/100 brn|[from] brn
|-damage|p1a: Sentinel|61/100 brn|[from] brn
|upkeep
|turn|28
|
|t:|1778509441
|-end|p1a: Sentinel|ability: Neutralizing Gas
|switch|p1a: Raptor|Skarmory, M, shiny|100/100
|move|p2a: Skarmory|Roost|p2a: Skarmory
|-heal|p2a: Skarmory|100/100 brn
|-singleturn|p2a: Skarmory|move: Roost
|
|-damage|p2a: Skarmory|94/100 brn|[from] brn
|upkeep
|turn|29
|
|t:|1778509446
|move|p2a: Skarmory|Taunt|p1a: Raptor
|-start|p1a: Raptor|move: Taunt
|cant|p1a: Raptor|move: Taunt|Taunt
|
|-damage|p2a: Skarmory|88/100 brn|[from] brn
|upkeep
|turn|30
|
|t:|1778509451
|move|p2a: Skarmory|Spikes|p1a: Raptor
|-sidestart|p1: NenTekkie|Spikes
|move|p1a: Raptor|Body Press|p2a: Skarmory
|-damage|p2a: Skarmory|67/100 brn
|-damage|p1a: Raptor|84/100|[from] item: Rocky Helmet|[of] p2a: Skarmory
|
|-damage|p2a: Skarmory|61/100 brn|[from] brn
|upkeep
|turn|31
|
|t:|1778509455
|move|p2a: Skarmory|Spikes|p1a: Raptor
|-sidestart|p1: NenTekkie|Spikes
|move|p1a: Raptor|Body Press|p2a: Skarmory
|-damage|p2a: Skarmory|40/100 brn
|-damage|p1a: Raptor|67/100|[from] item: Rocky Helmet|[of] p2a: Skarmory
|
|-damage|p2a: Skarmory|34/100 brn|[from] brn
|-end|p1a: Raptor|move: Taunt
|upkeep
|turn|32
|
|t:|1778509462
|move|p2a: Skarmory|Roost|p2a: Skarmory
|-heal|p2a: Skarmory|84/100 brn
|-singleturn|p2a: Skarmory|move: Roost
|move|p1a: Raptor|Taunt|p2a: Skarmory
|-start|p2a: Skarmory|move: Taunt
|
|-damage|p2a: Skarmory|78/100 brn|[from] brn
|upkeep
|turn|33
|
|t:|1778509479
|switch|p2a: Weezing|Weezing-Galar, M, shiny|78/100
|-ability|p2a: Weezing|Neutralizing Gas
|move|p1a: Raptor|Spikes|p2a: Weezing
|-sidestart|p2: psylxr|Spikes
|
|upkeep
|turn|34
|
|t:|1778509482
|move|p1a: Raptor|Taunt|p2a: Weezing
|-start|p2a: Weezing|move: Taunt
|cant|p2a: Weezing|move: Taunt|Will-O-Wisp
|
|upkeep
|turn|35
|
|t:|1778509489
|-end|p2a: Weezing|ability: Neutralizing Gas
|switch|p2a: Clodsire|Clodsire, M, shiny|100/100
|-damage|p2a: Clodsire|88/100|[from] Spikes
|move|p1a: Raptor|Spikes|p2a: Clodsire
|-sidestart|p2: psylxr|Spikes
|
|upkeep
|turn|36
|
|t:|1778509494
|move|p1a: Raptor|Taunt|p2a: Clodsire
|-start|p2a: Clodsire|move: Taunt
|cant|p2a: Clodsire|move: Taunt|Stealth Rock
|
|upkeep
|turn|37
|
|t:|1778509497
|switch|p2a: Skarmory|Skarmory, M, shiny|78/100 brn
|move|p1a: Raptor|Spikes|p2a: Skarmory
|-sidestart|p2: psylxr|Spikes
|
|-damage|p2a: Skarmory|72/100 brn|[from] brn
|upkeep
|turn|38
|
|t:|1778509500
|move|p1a: Raptor|Taunt|p2a: Skarmory
|-start|p2a: Skarmory|move: Taunt
|cant|p2a: Skarmory|move: Taunt|Taunt
|
|-damage|p2a: Skarmory|66/100 brn|[from] brn
|upkeep
|turn|39
|
|t:|1778509508
|switch|p2a: Weezing|Weezing-Galar, M, shiny|78/100
|-ability|p2a: Weezing|Neutralizing Gas
|move|p1a: Raptor|Body Press|p2a: Weezing
|-resisted|p2a: Weezing
|-damage|p2a: Weezing|73/100
|
|upkeep
|turn|40
|
|t:|1778509513
|move|p1a: Raptor|Taunt|p2a: Weezing
|-start|p2a: Weezing|move: Taunt
|cant|p2a: Weezing|move: Taunt|Pain Split
|
|upkeep
|turn|41
|
|t:|1778509521
|switch|p1a: Hybrid|Hydreigon, M, shiny|100/100
|-damage|p1a: Hybrid|84/100|[from] Spikes
|-end|p2a: Weezing|ability: Neutralizing Gas
|switch|p2a: Alomomola|Alomomola, M, shiny|55/100
|-damage|p2a: Alomomola|30/100|[from] Spikes
|
|upkeep
|turn|42
|
|t:|1778509529
|switch|p2a: Weezing|Weezing-Galar, M, shiny|73/100
|-ability|p2a: Weezing|Neutralizing Gas
|move|p1a: Hybrid|Dark Pulse|p2a: Weezing
|-resisted|p2a: Weezing
|-damage|p2a: Weezing|29/100
|
|upkeep
|turn|43
|
|t:|1778509542
|-end|p2a: Weezing|ability: Neutralizing Gas
|switch|p2a: Hydreigon|Hydreigon, M, shiny|25/100
|move|p1a: Hybrid|Dark Pulse|p2a: Hydreigon
|-resisted|p2a: Hydreigon
|-damage|p2a: Hydreigon|0 fnt
|faint|p2a: Hydreigon
|
|upkeep
|
|t:|1778509552
|switch|p2a: Skarmory|Skarmory, M, shiny|66/100 brn
|turn|44
|
|t:|1778509565
|switch|p2a: Weezing|Weezing-Galar, M, shiny|29/100
|-ability|p2a: Weezing|Neutralizing Gas
|move|p1a: Hybrid|Dark Pulse|p2a: Weezing
|-resisted|p2a: Weezing
|-damage|p2a: Weezing|0 fnt
|faint|p2a: Weezing
|-end|p2a: Weezing|ability: Neutralizing Gas
|
|upkeep
|
|t:|1778509567
|switch|p2a: Ogerpon|Ogerpon, F|100/100
|-damage|p2a: Ogerpon|76/100|[from] Spikes
|turn|45
|
|t:|1778509573
|switch|p1a: Raptor|Skarmory, M, shiny|67/100
|move|p2a: Ogerpon|U-turn|p1a: Raptor
|-resisted|p1a: Raptor
|-damage|p1a: Raptor|62/100
|-damage|p2a: Ogerpon|59/100|[from] item: Rocky Helmet|[of] p1a: Raptor
|
|t:|1778509579
|switch|p2a: Skarmory|Skarmory, M, shiny|66/100 brn|[from] U-turn
|
|-damage|p2a: Skarmory|59/100 brn|[from] brn
|upkeep
|turn|46
|
|t:|1778509583
|move|p1a: Raptor|Taunt|p2a: Skarmory
|-start|p2a: Skarmory|move: Taunt
|cant|p2a: Skarmory|move: Taunt|Taunt
|
|-damage|p2a: Skarmory|53/100 brn|[from] brn
|upkeep
|turn|47
|
|t:|1778509587
|move|p1a: Raptor|Body Press|p2a: Skarmory
|-damage|p2a: Skarmory|34/100 brn
|-damage|p1a: Raptor|46/100|[from] item: Rocky Helmet|[of] p2a: Skarmory
|move|p2a: Skarmory|Body Press|p1a: Raptor
|-damage|p1a: Raptor|36/100
|-damage|p2a: Skarmory|17/100 brn|[from] item: Rocky Helmet|[of] p1a: Raptor
|
|-damage|p2a: Skarmory|11/100 brn|[from] brn
|upkeep
|turn|48
|
|t:|1778509596
|move|p1a: Raptor|Roost|p1a: Raptor
|-heal|p1a: Raptor|86/100
|-singleturn|p1a: Raptor|move: Roost
|move|p2a: Skarmory|Body Press|p1a: Raptor
|-supereffective|p1a: Raptor
|-damage|p1a: Raptor|65/100
|-damage|p2a: Skarmory|0 fnt|[from] item: Rocky Helmet|[of] p1a: Raptor
|faint|p2a: Skarmory
|
|upkeep
|
|t:|1778509599
|switch|p2a: Ogerpon|Ogerpon, F|59/100
|-damage|p2a: Ogerpon|34/100|[from] Spikes
|turn|49
|-message|psylxr forfeited.
|
|win|NenTekkie
|raw|NenTekkie's rating: 1404 &rarr; <strong>1428</strong><br />(+24 for winning)
|raw|psylxr's rating: 1475 &rarr; <strong>1451</strong><br />(-24 for losing)
|l|☆psylxr
|player|p2|
