|html|<div class="broadcast-blue"><strong>[Gen 9] OU is currently suspecting Tera Blast! For information on how to participate check out the <a href="https://www.smogon.com/tools/suspects/view/200">suspect thread</a>.</strong></div>
|j|☆Mang0.cuh
|j|☆user795680
|t:|1776165265
|gametype|singles
|player|p1|Mang0.cuh|101|1150
|player|p2|user795680|lucas|1121
|gen|9
|tier|[Gen 9] OU
|rated|
|rule|HP Percentage Mod: HP is shown in percentages
|rule|Endless Battle Clause: Forcing endless battles is banned
|rule|Species Clause: Limit one of each Pokémon
|rule|OHKO Clause: OHKO moves are banned
|rule|Evasion Items Clause: Evasion items are banned
|rule|Evasion Moves Clause: Evasion moves are banned
|rule|Evasion Abilities Clause: Evasion abilities are banned
|rule|Sleep Moves Clause: Sleep-inducing moves are banned
|clearpoke
|poke|p1|Alomomola, M|
|poke|p1|Corviknight, F|
|poke|p1|Ting-Lu|
|poke|p1|Cinderace, F|
|poke|p1|Iron Valiant|
|poke|p1|Gholdengo|
|poke|p2|Kommo-o, M|
|poke|p2|Excadrill, M|
|poke|p2|Samurott-Hisui, M|
|poke|p2|Magmortar, M|
|poke|p2|Meowscarada, F|
|poke|p2|Zoroark-Hisui, F|
|teampreview
|inactive|Battle timer is ON: inactive players will automatically lose when time's up. (requested by Mang0.cuh)
|
|t:|1776165287
|teamsize|p1|6
|teamsize|p2|6
|start
|switch|p1a: Cinderace|Cinderace, F|100/100
|switch|p2a: Samurott|Samurott-Hisui, M|100/100
|turn|1
|
|t:|1776165298
|move|p1a: Cinderace|U-turn|p2a: Samurott
|-start|p1a: Cinderace|typechange|Bug|[from] ability: Libero
|-supereffective|p2a: Samurott
|-damage|p2a: Samurott|23/100
|
|t:|1776165307
|switch|p1a: Corviknight|Corviknight, F|100/100|[from] U-turn
|-ability|p1a: Corviknight|Pressure
|move|p2a: Samurott|Razor Shell|p1a: Corviknight
|-damage|p1a: Corviknight|73/100
|-unboost|p1a: Corviknight|def|1
|
|-heal|p2a: Samurott|29/100|[from] item: Leftovers
|-heal|p1a: Corviknight|79/100|[from] item: Leftovers
|upkeep
|turn|2
|
|t:|1776165321
|move|p2a: Samurott|Ceaseless Edge|p1a: Corviknight
|-damage|p1a: Corviknight|56/100
|-sidestart|p1: Mang0.cuh|Spikes
|move|p1a: Corviknight|U-turn|p2a: Samurott
|-supereffective|p2a: Samurott
|-damage|p2a: Samurott|0 fnt
|faint|p2a: Samurott
|
|t:|1776165330
|switch|p1a: Cinderace|Cinderace, F|100/100|[from] U-turn
|
|upkeep
|
|t:|1776165339
|switch|p2a: Excadrill|Excadrill, M|100/100
|-ability|p2a: Excadrill|Mold Breaker
|turn|3
|
|t:|1776165347
|move|p1a: Cinderace|U-turn|p2a: Excadrill
|-start|p1a: Cinderace|typechange|Bug|[from] ability: Libero
|-resisted|p2a: Excadrill
|-damage|p2a: Excadrill|84/100
|
|t:|1776165355
|switch|p1a: Corviknight|Corviknight, F|56/100|[from] U-turn
|-ability|p1a: Corviknight|Pressure
|move|p2a: Excadrill|Earthquake|p1a: Corviknight
|-immune|p1a: Corviknight
|
|-heal|p2a: Excadrill|90/100|[from] item: Leftovers
|-heal|p1a: Corviknight|62/100|[from] item: Leftovers
|upkeep
|turn|4
|
|t:|1776165366
|move|p2a: Excadrill|Swords Dance|p2a: Excadrill
|-boost|p2a: Excadrill|atk|2
|move|p1a: Corviknight|U-turn|p2a: Excadrill
|-resisted|p2a: Excadrill
|-damage|p2a: Excadrill|82/100
|
|t:|1776165372
|switch|p1a: Cinderace|Cinderace, F|100/100|[from] U-turn
|
|-heal|p2a: Excadrill|88/100|[from] item: Leftovers
|upkeep
|turn|5
|
|t:|1776165379
|move|p1a: Cinderace|Pyro Ball|p2a: Excadrill|[miss]
|-miss|p1a: Cinderace|p2a: Excadrill
|move|p2a: Excadrill|Iron Head|p1a: Cinderace
|-resisted|p1a: Cinderace
|-damage|p1a: Cinderace|59/100
|
|-heal|p2a: Excadrill|94/100|[from] item: Leftovers
|upkeep
|turn|6
|
|t:|1776165387
|move|p1a: Cinderace|Pyro Ball|p2a: Excadrill
|-supereffective|p2a: Excadrill
|-damage|p2a: Excadrill|0 fnt
|faint|p2a: Excadrill
|
|upkeep
|
|t:|1776165400
|switch|p2a: Kommo-o|Kommo-o, M|100/100
|turn|7
|
|t:|1776165404
|move|p1a: Cinderace|U-turn|p2a: Kommo-o
|-start|p1a: Cinderace|typechange|Bug|[from] ability: Libero
|-resisted|p2a: Kommo-o
|-damage|p2a: Kommo-o|90/100
|
|t:|1776165410
|switch|p1a: Iron Valiant|Iron Valiant|100/100|[from] U-turn
|move|p2a: Kommo-o|Clangorous Soul|p2a: Kommo-o
|-boost|p2a: Kommo-o|atk|1
|-boost|p2a: Kommo-o|def|1
|-boost|p2a: Kommo-o|spa|1
|-boost|p2a: Kommo-o|spd|1
|-boost|p2a: Kommo-o|spe|1
|-damage|p2a: Kommo-o|57/100
|
|-heal|p2a: Kommo-o|63/100|[from] item: Leftovers
|upkeep
|turn|8
|
|t:|1776165426
|-terastallize|p2a: Kommo-o|Normal
|-terastallize|p1a: Iron Valiant|Ghost
|move|p2a: Kommo-o|Boomburst|p1a: Iron Valiant
|-immune|p1a: Iron Valiant
|move|p1a: Iron Valiant|Moonblast|p2a: Kommo-o
|-damage|p2a: Kommo-o|41/100
|-unboost|p2a: Kommo-o|spa|1
|
|-heal|p2a: Kommo-o|47/100|[from] item: Leftovers
|upkeep
|turn|9
|
|t:|1776165439
|move|p1a: Iron Valiant|Vacuum Wave|p2a: Kommo-o
|-supereffective|p2a: Kommo-o
|-damage|p2a: Kommo-o|28/100
|move|p2a: Kommo-o|Dragon Pulse|p1a: Iron Valiant
|-crit|p1a: Iron Valiant
|-damage|p1a: Iron Valiant|17/100
|
|-heal|p2a: Kommo-o|34/100|[from] item: Leftovers
|upkeep
|turn|10
|
|t:|1776165446
|-end|p1a: Iron Valiant|Quark Drive|[silent]
|switch|p1a: Ting-Lu|Ting-Lu|100/100
|-damage|p1a: Ting-Lu|88/100|[from] Spikes
|-ability|p1a: Ting-Lu|Vessel of Ruin
|move|p2a: Kommo-o|Dragon Pulse|p1a: Ting-Lu
|-damage|p1a: Ting-Lu|76/100
|-enditem|p1a: Ting-Lu|Red Card|[of] p2a: Kommo-o
|drag|p2a: Meowscarada|Meowscarada, F|100/100
|
|upkeep
|turn|11
|
|t:|1776165466
|switch|p1a: Corviknight|Corviknight, F|62/100
|-ability|p1a: Corviknight|Pressure
|move|p2a: Meowscarada|Swords Dance|p2a: Meowscarada
|-boost|p2a: Meowscarada|atk|2
|
|-heal|p1a: Corviknight|68/100|[from] item: Leftovers
|upkeep
|turn|12
|
|t:|1776165478
|move|p2a: Meowscarada|Nasty Plot|p2a: Meowscarada
|-boost|p2a: Meowscarada|spa|2
|move|p1a: Corviknight|Roost|p1a: Corviknight
|-heal|p1a: Corviknight|100/100
|-singleturn|p1a: Corviknight|move: Roost
|
|upkeep
|turn|13
|
|t:|1776165488
|move|p2a: Meowscarada|Bitter Malice|p1a: Corviknight
|-damage|p1a: Corviknight|40/100
|-unboost|p1a: Corviknight|atk|1
|move|p1a: Corviknight|U-turn|p2a: Meowscarada
|-resisted|p2a: Meowscarada
|-damage|p2a: Meowscarada|92/100
|replace|p2a: Zoroark|Zoroark-Hisui, F
|-end|p2a: Zoroark|Illusion
|
|t:|1776165503
|switch|p1a: Ting-Lu|Ting-Lu|76/100|[from] U-turn
|-damage|p1a: Ting-Lu|63/100|[from] Spikes
|-ability|p1a: Ting-Lu|Vessel of Ruin
|
|-heal|p2a: Zoroark|98/100|[from] item: Leftovers
|upkeep
|turn|14
|
|t:|1776165512
|move|p2a: Zoroark|Body Slam|p1a: Ting-Lu
|-damage|p1a: Ting-Lu|22/100
|-status|p1a: Ting-Lu|par
|move|p1a: Ting-Lu|Earthquake|p2a: Zoroark
|-damage|p2a: Zoroark|37/100
|
|-heal|p2a: Zoroark|44/100|[from] item: Leftovers
|upkeep
|turn|15
|
|t:|1776165521
|move|p2a: Zoroark|Body Slam|p1a: Ting-Lu
|-damage|p1a: Ting-Lu|0 fnt
|faint|p1a: Ting-Lu
|
|-heal|p2a: Zoroark|50/100|[from] item: Leftovers
|upkeep
|
|t:|1776165531
|switch|p1a: Cinderace|Cinderace, F|59/100
|turn|16
|
|t:|1776165535
|move|p1a: Cinderace|Pyro Ball|p2a: Zoroark
|-damage|p2a: Zoroark|0 fnt
|faint|p2a: Zoroark
|
|upkeep
|
|t:|1776165543
|switch|p2a: Magmortar|Magmortar, M|100/100
|turn|17
|
|t:|1776165548
|move|p1a: Cinderace|Court Change|p1a: Cinderace
|-start|p1a: Cinderace|typechange|Normal|[from] ability: Libero
|-swapsideconditions
|-activate|p1a: Cinderace|move: Court Change
|move|p2a: Magmortar|Thunderbolt|p1a: Cinderace
|-damage|p1a: Cinderace|30/100
|
|upkeep
|turn|18
|
|t:|1776165558
|move|p1a: Cinderace|U-turn|p2a: Magmortar
|-resisted|p2a: Magmortar
|-damage|p2a: Magmortar|89/100
|-status|p1a: Cinderace|brn|[from] ability: Flame Body|[of] p2a: Magmortar
|
|t:|1776165563
|switch|p1a: Alomomola|Alomomola, M|100/100|[from] U-turn
|move|p2a: Magmortar|Flamethrower|p1a: Alomomola
|-resisted|p1a: Alomomola
|-damage|p1a: Alomomola|83/100
|
|-heal|p2a: Magmortar|95/100|[from] item: Leftovers
|upkeep
|turn|19
|
|t:|1776165573
|switch|p2a: Meowscarada|Meowscarada, F|100/100
|-damage|p2a: Meowscarada|88/100|[from] Spikes
|move|p1a: Alomomola|Wish|p1a: Alomomola
|
|-heal|p2a: Meowscarada|94/100|[from] item: Leftovers
|upkeep
|turn|20
|
|t:|1776165580
|move|p2a: Meowscarada|Flower Trick|p1a: Alomomola
|-start|p2a: Meowscarada|typechange|Grass|[from] ability: Protean
|-supereffective|p1a: Alomomola
|-crit|p1a: Alomomola
|-damage|p1a: Alomomola|25/100
|move|p1a: Alomomola|Flip Turn|p2a: Meowscarada
|-resisted|p2a: Meowscarada
|-damage|p2a: Meowscarada|85/100
|
|t:|1776165592
|switch|p1a: Corviknight|Corviknight, F|40/100|[from] Flip Turn
|-ability|p1a: Corviknight|Pressure
|
|-heal|p1a: Corviknight|99/100|[from] move: Wish|[wisher] Alomomola
|-heal|p2a: Meowscarada|91/100|[from] item: Leftovers
|-heal|p1a: Corviknight|100/100|[from] item: Leftovers
|upkeep
|turn|21
|
|t:|1776165603
|switch|p2a: Magmortar|Magmortar, M|95/100
|-damage|p2a: Magmortar|82/100|[from] Spikes
|move|p1a: Corviknight|Brave Bird|p2a: Magmortar
|-damage|p2a: Magmortar|37/100
|-status|p1a: Corviknight|brn|[from] ability: Flame Body|[of] p2a: Magmortar
|-damage|p1a: Corviknight|89/100 brn|[from] Recoil
|
|-heal|p2a: Magmortar|43/100|[from] item: Leftovers
|-heal|p1a: Corviknight|95/100 brn|[from] item: Leftovers
|-damage|p1a: Corviknight|89/100 brn|[from] brn
|upkeep
|turn|22
|
|t:|1776165617
|move|p2a: Magmortar|Thunderbolt|p1a: Corviknight
|-supereffective|p1a: Corviknight
|-damage|p1a: Corviknight|38/100 brn
|move|p1a: Corviknight|Body Press|p2a: Magmortar
|-damage|p2a: Magmortar|29/100
|
|-heal|p2a: Magmortar|35/100|[from] item: Leftovers
|-heal|p1a: Corviknight|44/100 brn|[from] item: Leftovers
|-damage|p1a: Corviknight|38/100 brn|[from] brn
|upkeep
|turn|23
|l|☆Mang0.cuh
|inactive|Mang0.cuh disconnected and has a minute to reconnect!
|player|p1|
|inactive|Mang0.cuh has 30 seconds to reconnect!
|inactive|Mang0.cuh has 20 seconds to reconnect!
|inactive|Mang0.cuh has 15 seconds to reconnect!
|inactive|Mang0.cuh has 10 seconds to reconnect!
|inactive|Mang0.cuh has 5 seconds to reconnect!
|-message|Mang0.cuh lost due to inactivity.
|
|win|user795680
|raw|Mang0.cuh's rating: 1150 &rarr; <strong>1123</strong><br />(-27 for losing)
|raw|user795680's rating: 1121 &rarr; <strong>1148</strong><br />(+27 for winning)
