|html|<div class="broadcast-blue"><strong>[Gen 9] OU is currently suspecting Tera Blast! For information on how to participate check out the <a href="https://www.smogon.com/tools/suspects/view/200">suspect thread</a>.</strong></div>
|j|‽jermaineishandsome
|j|☆Winke Noppen
|t:|1776098363
|gametype|singles
|player|p1|jermaineishandsome|266|1105
|player|p2|Winke Noppen|265|1056
|gen|9
|tier|[Gen 9] OU
|rated|
|rule|HP Percentage Mod: HP is shown in percentages
|rule|Endless Battle Clause: Forcing endless battles is banned
|rule|Species Clause: Limit one of each Pokémon
|rule|OHKO Clause: OHKO moves are banned
|rule|Evasion Items Clause: Evasion items are banned
|rule|Evasion Moves Clause: Evasion moves are banned
|rule|Evasion Abilities Clause: Evasion abilities are banned
|rule|Sleep Moves Clause: Sleep-inducing moves are banned
|clearpoke
|poke|p1|Corviknight, F|
|poke|p1|Meowscarada, M|
|poke|p1|Tinkaton, F|
|poke|p1|Blaziken, M|
|poke|p1|Garchomp, M|
|poke|p1|Dondozo, M|
|poke|p2|Malamar, F|
|poke|p2|Manaphy|
|poke|p2|Breloom, F|
|poke|p2|Hatterene, F|
|poke|p2|Sinistcha-Masterpiece|
|poke|p2|Sableye, F|
|teampreview
|inactive|Battle timer is ON: inactive players will automatically lose when time's up. (requested by Winke Noppen)
|
|t:|1776098387
|teamsize|p1|6
|teamsize|p2|6
|start
|switch|p1a: Garchomp|Garchomp, M, shiny|100/100
|switch|p2a: Breloom|Breloom, F|100/100
|turn|1
|
|t:|1776098393
|move|p1a: Garchomp|Stealth Rock|p2a: Breloom
|-sidestart|p2: Winke Noppen|move: Stealth Rock
|move|p2a: Breloom|Leech Seed|p1a: Garchomp
|-start|p1a: Garchomp|move: Leech Seed
|
|-damage|p1a: Garchomp|88/100|[from] Leech Seed|[of] p2a: Breloom
|-status|p2a: Breloom|tox|[from] item: Toxic Orb
|upkeep
|turn|2
|
|t:|1776098400
|move|p2a: Breloom|Toxic|p1a: Garchomp
|-status|p1a: Garchomp|tox
|move|p1a: Garchomp|Dragon Tail|p2a: Breloom
|-damage|p2a: Breloom|62/100 tox
|drag|p2a: Manaphy|Manaphy|100/100
|-damage|p2a: Manaphy|88/100|[from] Stealth Rock
|
|-heal|p2a: Manaphy|94/100|[from] item: Leftovers
|-damage|p1a: Garchomp|76/100 tox|[from] Leech Seed|[of] p2a: Manaphy
|-heal|p2a: Manaphy|100/100|[silent]
|-damage|p1a: Garchomp|70/100 tox|[from] psn
|upkeep
|turn|3
|
|t:|1776098412
|switch|p1a: Meowscarada|Meowscarada, M, shiny|100/100
|move|p2a: Manaphy|Take Heart|p2a: Manaphy
|-boost|p2a: Manaphy|spa|1
|-boost|p2a: Manaphy|spd|1
|
|upkeep
|turn|4
|
|t:|1776098439
|switch|p2a: Sinistcha|Sinistcha-Masterpiece|100/100
|-damage|p2a: Sinistcha|88/100|[from] Stealth Rock
|move|p1a: Meowscarada|Flower Trick|p2a: Sinistcha
|-start|p1a: Meowscarada|typechange|Grass|[from] ability: Protean
|-resisted|p2a: Sinistcha
|-crit|p2a: Sinistcha
|-damage|p2a: Sinistcha|49/100
|
|-heal|p2a: Sinistcha|55/100|[from] item: Leftovers
|upkeep
|turn|5
|
|t:|1776098452
|switch|p1a: Blaziken|Blaziken, M, shiny|100/100
|move|p2a: Sinistcha|Calm Mind|p2a: Sinistcha
|-boost|p2a: Sinistcha|spa|1
|-boost|p2a: Sinistcha|spd|1
|
|-heal|p2a: Sinistcha|61/100|[from] item: Leftovers
|upkeep
|turn|6
|
|t:|1776098461
|move|p1a: Blaziken|Swords Dance|p1a: Blaziken
|-boost|p1a: Blaziken|atk|2
|move|p2a: Sinistcha|Trick Room|p2a: Sinistcha
|-fieldstart|move: Trick Room|[of] p2a: Sinistcha
|
|-heal|p2a: Sinistcha|67/100|[from] item: Leftovers
|-ability|p1a: Blaziken|Speed Boost|boost
|-boost|p1a: Blaziken|spe|1
|upkeep
|turn|7
|
|t:|1776098474
|switch|p1a: Corviknight|Corviknight, F, shiny|100/100
|-ability|p1a: Corviknight|Pressure
|move|p2a: Sinistcha|Matcha Gotcha|p1a: Corviknight
|-resisted|p1a: Corviknight
|-damage|p1a: Corviknight|86/100
|-heal|p2a: Sinistcha|77/100|[from] drain|[of] p1a: Corviknight
|
|-heal|p2a: Sinistcha|83/100|[from] item: Leftovers
|upkeep
|turn|8
|
|t:|1776098487
|move|p2a: Sinistcha|Calm Mind|p2a: Sinistcha
|-boost|p2a: Sinistcha|spa|1
|-boost|p2a: Sinistcha|spd|1
|move|p1a: Corviknight|Brave Bird|p2a: Sinistcha
|-supereffective|p2a: Sinistcha
|-damage|p2a: Sinistcha|0 fnt
|faint|p2a: Sinistcha
|-damage|p1a: Corviknight|67/100|[from] Recoil
|
|upkeep
|
|t:|1776098499
|switch|p2a: Manaphy|Manaphy|100/100
|-damage|p2a: Manaphy|88/100|[from] Stealth Rock
|turn|9
|
|t:|1776098506
|move|p1a: Corviknight|Brave Bird|p2a: Manaphy
|-damage|p2a: Manaphy|63/100
|-damage|p1a: Corviknight|59/100|[from] Recoil
|move|p2a: Manaphy|Take Heart|p2a: Manaphy
|-boost|p2a: Manaphy|spa|1
|-boost|p2a: Manaphy|spd|1
|
|-heal|p2a: Manaphy|69/100|[from] item: Leftovers
|upkeep
|turn|10
|
|t:|1776098530
|move|p1a: Corviknight|Brave Bird|p2a: Manaphy
|-damage|p2a: Manaphy|41/100
|-damage|p1a: Corviknight|52/100|[from] Recoil
|move|p2a: Manaphy|Scald|p1a: Corviknight
|-damage|p1a: Corviknight|18/100
|
|-heal|p2a: Manaphy|48/100|[from] item: Leftovers
|-fieldend|move: Trick Room
|upkeep
|turn|11
|
|t:|1776098539
|move|p2a: Manaphy|Take Heart|p2a: Manaphy
|-boost|p2a: Manaphy|spa|1
|-boost|p2a: Manaphy|spd|1
|move|p1a: Corviknight|Roost|p1a: Corviknight
|-heal|p1a: Corviknight|68/100
|-singleturn|p1a: Corviknight|move: Roost
|
|-heal|p2a: Manaphy|54/100|[from] item: Leftovers
|upkeep
|turn|12
|
|t:|1776098548
|move|p2a: Manaphy|Take Heart|p2a: Manaphy
|-boost|p2a: Manaphy|spa|1
|-boost|p2a: Manaphy|spd|1
|move|p1a: Corviknight|Brave Bird|p2a: Manaphy
|-damage|p2a: Manaphy|26/100
|-damage|p1a: Corviknight|60/100|[from] Recoil
|
|-heal|p2a: Manaphy|32/100|[from] item: Leftovers
|upkeep
|turn|13
|
|t:|1776098558
|move|p2a: Manaphy|Scald|p1a: Corviknight
|-damage|p1a: Corviknight|0 fnt
|faint|p1a: Corviknight
|
|-heal|p2a: Manaphy|38/100|[from] item: Leftovers
|upkeep
|
|t:|1776098563
|switch|p1a: Meowscarada|Meowscarada, M, shiny|100/100
|turn|14
|
|t:|1776098574
|move|p1a: Meowscarada|Flower Trick|p2a: Manaphy
|-start|p1a: Meowscarada|typechange|Grass|[from] ability: Protean
|-supereffective|p2a: Manaphy
|-crit|p2a: Manaphy
|-damage|p2a: Manaphy|0 fnt
|faint|p2a: Manaphy
|
|upkeep
|
|t:|1776098581
|switch|p2a: Breloom|Breloom, F|62/100 tox
|-damage|p2a: Breloom|55/100 tox|[from] Stealth Rock
|turn|15
|
|t:|1776098602
|switch|p1a: Garchomp|Garchomp, M, shiny|70/100 tox
|move|p2a: Breloom|Toxic|p1a: Garchomp
|-fail|p1a: Garchomp|tox
|
|-damage|p1a: Garchomp|63/100 tox|[from] psn
|-heal|p2a: Breloom|68/100 tox|[from] ability: Poison Heal
|upkeep
|turn|16
|
|t:|1776098610
|move|p1a: Garchomp|Spikes|p2a: Breloom
|-sidestart|p2: Winke Noppen|Spikes
|move|p2a: Breloom|Leech Seed|p1a: Garchomp
|-start|p1a: Garchomp|move: Leech Seed
|
|-damage|p1a: Garchomp|51/100 tox|[from] Leech Seed|[of] p2a: Breloom
|-heal|p2a: Breloom|88/100 tox|[silent]
|-damage|p1a: Garchomp|39/100 tox|[from] psn
|-heal|p2a: Breloom|99/100 tox|[from] ability: Poison Heal
|upkeep
|turn|17
|
|t:|1776098622
|move|p1a: Garchomp|Spikes|p2a: Breloom
|-sidestart|p2: Winke Noppen|Spikes
|move|p2a: Breloom|Facade|p1a: Garchomp
|-damage|p1a: Garchomp|8/100 tox
|-damage|p2a: Breloom|88/100 tox|[from] ability: Rough Skin|[of] p1a: Garchomp
|-damage|p2a: Breloom|71/100 tox|[from] item: Rocky Helmet|[of] p1a: Garchomp
|
|-damage|p1a: Garchomp|0 fnt|[from] Leech Seed|[of] p2a: Breloom
|-heal|p2a: Breloom|84/100 tox|[silent]
|faint|p1a: Garchomp
|-heal|p2a: Breloom|96/100 tox|[from] ability: Poison Heal
|upkeep
|
|t:|1776098637
|switch|p1a: Blaziken|Blaziken, M, shiny|100/100
|turn|18
|
|t:|1776098643
|move|p1a: Blaziken|Protect|p1a: Blaziken
|-singleturn|p1a: Blaziken|Protect
|move|p2a: Breloom|Toxic|p1a: Blaziken
|-activate|p1a: Blaziken|move: Protect
|
|-heal|p2a: Breloom|100/100 tox|[from] ability: Poison Heal
|-ability|p1a: Blaziken|Speed Boost|boost
|-boost|p1a: Blaziken|spe|1
|upkeep
|turn|19
|
|t:|1776098653
|-terastallize|p1a: Blaziken|Fire
|move|p1a: Blaziken|Flare Blitz|p2a: Breloom
|-supereffective|p2a: Breloom
|-damage|p2a: Breloom|0 fnt
|faint|p2a: Breloom
|-damage|p1a: Blaziken|72/100|[from] Recoil
|-damage|p1a: Blaziken|62/100|[from] item: Life Orb
|
|-ability|p1a: Blaziken|Speed Boost|boost
|-boost|p1a: Blaziken|spe|1
|upkeep
|
|t:|1776098663
|switch|p2a: Sableye|Sableye, F|100/100
|-damage|p2a: Sableye|88/100|[from] Stealth Rock
|-damage|p2a: Sableye|71/100|[from] Spikes
|turn|20
|
|t:|1776098687
|move|p2a: Sableye|Bulk Up|p2a: Sableye
|-boost|p2a: Sableye|atk|1
|-boost|p2a: Sableye|def|1
|move|p1a: Blaziken|Flare Blitz|p2a: Sableye
|-damage|p2a: Sableye|0 fnt
|faint|p2a: Sableye
|-damage|p1a: Blaziken|43/100|[from] Recoil
|-damage|p1a: Blaziken|33/100|[from] item: Life Orb
|
|-ability|p1a: Blaziken|Speed Boost|boost
|-boost|p1a: Blaziken|spe|1
|upkeep
|
|t:|1776098698
|switch|p2a: Hatterene|Hatterene, F|100/100
|-damage|p2a: Hatterene|88/100|[from] Stealth Rock
|-damage|p2a: Hatterene|72/100|[from] Spikes
|turn|21
|
|t:|1776098706
|move|p1a: Blaziken|Flare Blitz|p2a: Hatterene
|-damage|p2a: Hatterene|0 fnt
|faint|p2a: Hatterene
|-damage|p1a: Blaziken|13/100|[from] Recoil
|-damage|p1a: Blaziken|3/100|[from] item: Life Orb
|
|-ability|p1a: Blaziken|Speed Boost|boost
|-boost|p1a: Blaziken|spe|1
|upkeep
|
|t:|1776098714
|switch|p2a: Malamar|Malamar, F|100/100
|turn|22
|inactive|jermaineishandsome has 120 seconds left.
|
|t:|1776098751
|-terastallize|p2a: Malamar|Dark
|move|p1a: Blaziken|Close Combat|p2a: Malamar
|-supereffective|p2a: Malamar
|-damage|p2a: Malamar|0 fnt
|-unboost|p1a: Blaziken|def|1
|-unboost|p1a: Blaziken|spd|1
|faint|p2a: Malamar
|-damage|p1a: Blaziken|0 fnt|[from] item: Life Orb
|faint|p1a: Blaziken
|
|win|jermaineishandsome
|raw|jermaineishandsome's rating: 1105 &rarr; <strong>1126</strong><br />(+21 for winning)
|raw|Winke Noppen's rating: 1056 &rarr; <strong>1040</strong><br />(-16 for losing)
