|html|<div class="broadcast-blue"><strong>[Gen 9] OU is currently suspecting Tera Blast! For information on how to participate check out the <a href="https://www.smogon.com/tools/suspects/view/200">suspect thread</a>.</strong></div>
|badge|p2|gold|gen9ru|3-9
|uhtml|medal-msg|<div class="broadcast-blue">Curious what those medals under the avatar are? PS now has Ladder Seasons! For more information, check out the <a href="https://www.smogon.com/forums/threads/3740067/">thread on Smogon.</a></div>
|j|☆phreshoatmeal
|j|☆Parker757
|t:|1776038703
|gametype|singles
|player|p1|phreshoatmeal|170|1591
|player|p2|Parker757|pokemonranger-gen4|1633
|gen|9
|tier|[Gen 9] OU
|rated|
|rule|HP Percentage Mod: HP is shown in percentages
|rule|Endless Battle Clause: Forcing endless battles is banned
|rule|Species Clause: Limit one of each Pokémon
|rule|OHKO Clause: OHKO moves are banned
|rule|Evasion Items Clause: Evasion items are banned
|rule|Evasion Moves Clause: Evasion moves are banned
|rule|Evasion Abilities Clause: Evasion abilities are banned
|rule|Sleep Moves Clause: Sleep-inducing moves are banned
|clearpoke
|poke|p1|Probopass, L1, F|
|poke|p1|Excadrill, F|
|poke|p1|Dugtrio-Alola, M|
|poke|p1|Carbink, L1|
|poke|p1|Hatterene, F|
|poke|p1|Tyranitar, M|
|poke|p2|Weavile, M|
|poke|p2|Hatterene, F|
|poke|p2|Great Tusk|
|poke|p2|Dragonite, F|
|poke|p2|Iron Moth|
|poke|p2|Kingambit, F|
|teampreview
|inactive|Battle timer is ON: inactive players will automatically lose when time's up. (requested by Parker757)
|
|t:|1776038733
|teamsize|p1|6
|teamsize|p2|6
|start
|switch|p1a: Tyranitar|Tyranitar, M|100/100
|switch|p2a: Weavile|Weavile, M|100/100
|-ability|p2a: Weavile|Pressure
|-weather|Sandstorm|[from] ability: Sand Stream|[of] p1a: Tyranitar
|turn|1
|
|t:|1776038744
|switch|p1a: Hatterene|Hatterene, F|100/100
|move|p2a: Weavile|Low Kick|p1a: Hatterene
|-resisted|p1a: Hatterene
|-damage|p1a: Hatterene|99/100
|-enditem|p1a: Hatterene|Eject Button
|
|t:|1776038760
|switch|p1a: Excadrill|Excadrill, F|100/100
|
|-weather|Sandstorm|[upkeep]
|-damage|p2a: Weavile|94/100|[from] Sandstorm
|upkeep
|turn|2
|
|t:|1776038768
|switch|p2a: Great Tusk|Great Tusk|100/100
|move|p1a: Excadrill|Earthquake|p2a: Great Tusk
|-damage|p2a: Great Tusk|36/100
|
|-weather|Sandstorm|[upkeep]
|upkeep
|turn|3
|
|t:|1776038777
|-end|p2a: Great Tusk|Protosynthesis|[silent]
|switch|p2a: Dragonite|Dragonite, F|100/100
|move|p1a: Excadrill|Earthquake|p2a: Dragonite
|-immune|p2a: Dragonite
|
|-weather|Sandstorm|[upkeep]
|-damage|p2a: Dragonite|94/100|[from] Sandstorm
|upkeep
|turn|4
|
|t:|1776038804
|switch|p1a: Carbink|Carbink, L1|100/100
|move|p2a: Dragonite|Dragon Dance|p2a: Dragonite
|-boost|p2a: Dragonite|atk|1
|-boost|p2a: Dragonite|spe|1
|
|-weather|Sandstorm|[upkeep]
|-damage|p2a: Dragonite|88/100|[from] Sandstorm
|upkeep
|turn|5
|
|t:|1776038813
|move|p2a: Dragonite|Fire Punch|p1a: Carbink
|-resisted|p1a: Carbink
|-ability|p1a: Carbink|Sturdy
|-damage|p1a: Carbink|9/100
|move|p1a: Carbink|Endeavor|p2a: Dragonite
|-damage|p2a: Dragonite|1/100
|
|-weather|Sandstorm|[upkeep]
|-damage|p2a: Dragonite|0 fnt|[from] Sandstorm
|faint|p2a: Dragonite
|upkeep
|
|t:|1776038822
|switch|p2a: Iron Moth|Iron Moth|100/100
|-enditem|p2a: Iron Moth|Booster Energy
|-activate|p2a: Iron Moth|ability: Quark Drive|[fromitem]
|-start|p2a: Iron Moth|quarkdrivespe
|turn|6
|-enditem|p1a: Carbink|Custap Berry|[eat]
|-activate|p1a: Carbink|item: Custap Berry|[consumed]
|
|t:|1776038826
|move|p1a: Carbink|Endeavor|p2a: Iron Moth
|-damage|p2a: Iron Moth|1/100
|move|p2a: Iron Moth|Fiery Dance|p1a: Carbink
|-resisted|p1a: Carbink
|-damage|p1a: Carbink|0 fnt
|faint|p1a: Carbink
|
|-weather|Sandstorm|[upkeep]
|-damage|p2a: Iron Moth|0 fnt|[from] Sandstorm
|faint|p2a: Iron Moth
|-end|p2a: Iron Moth|Quark Drive|[silent]
|upkeep
|j| nonchalantbufalant
|
|t:|1776038849
|switch|p2a: Hatterene|Hatterene, F|100/100
|switch|p1a: Excadrill|Excadrill, F|100/100
|turn|7
|
|t:|1776038872
|move|p1a: Excadrill|Earthquake|p2a: Hatterene
|-crit|p2a: Hatterene
|-damage|p2a: Hatterene|0 fnt
|faint|p2a: Hatterene
|
|-weather|Sandstorm|[upkeep]
|upkeep
|
|t:|1776038876
|switch|p2a: Kingambit|Kingambit, F|100/100
|-activate|p2a: Kingambit|ability: Supreme Overlord
|-start|p2a: Kingambit|fallen3|[silent]
|turn|8
|
|t:|1776038887
|move|p2a: Kingambit|Sucker Punch|p1a: Excadrill
|-damage|p1a: Excadrill|24/100
|move|p1a: Excadrill|Earthquake|p2a: Kingambit
|-supereffective|p2a: Kingambit
|-damage|p2a: Kingambit|0 fnt
|faint|p2a: Kingambit
|-end|p2a: Kingambit|fallen3|[silent]
|
|-weather|none
|upkeep
|
|t:|1776038890
|switch|p2a: Weavile|Weavile, M|94/100
|-ability|p2a: Weavile|Pressure
|turn|9
|
|t:|1776038918
|move|p2a: Weavile|Triple Axel|p1a: Excadrill
|-damage|p1a: Excadrill|4/100
|-damage|p1a: Excadrill|0 fnt
|faint|p1a: Excadrill
|-hitcount|p1: Excadrill|2
|
|upkeep
|inactive|phreshoatmeal has 120 seconds left.
|
|t:|1776038931
|switch|p1a: Hatterene|Hatterene, F|99/100
|turn|10
|
|t:|1776038937
|-terastallize|p2a: Weavile|Ice
|move|p2a: Weavile|Triple Axel|p1a: Hatterene
|-damage|p1a: Hatterene|82/100
|-damage|p1a: Hatterene|52/100
|-damage|p1a: Hatterene|8/100
|-hitcount|p1a: Hatterene|3
|move|p1a: Hatterene|Draining Kiss|p2a: Weavile
|-damage|p2a: Weavile|62/100
|-heal|p1a: Hatterene|29/100|[from] drain|[of] p2a: Weavile
|
|upkeep
|turn|11
|
|t:|1776038949
|switch|p1a: Tyranitar|Tyranitar, M|100/100
|-weather|Sandstorm|[from] ability: Sand Stream|[of] p1a: Tyranitar
|move|p2a: Weavile|Triple Axel|p1a: Tyranitar
|-damage|p1a: Tyranitar|90/100
|-damage|p1a: Tyranitar|68/100
|-damage|p1a: Tyranitar|34/100
|-hitcount|p1a: Tyranitar|3
|
|-weather|Sandstorm|[upkeep]
|-damage|p2a: Weavile|56/100|[from] Sandstorm
|upkeep
|turn|12
|
|t:|1776038964
|move|p2a: Weavile|Triple Axel|p1a: Tyranitar
|-damage|p1a: Tyranitar|22/100
|-damage|p1a: Tyranitar|0 fnt
|faint|p1a: Tyranitar
|-hitcount|p1: Tyranitar|2
|
|-weather|Sandstorm|[upkeep]
|-damage|p2a: Weavile|50/100|[from] Sandstorm
|upkeep
|inactive|phreshoatmeal has 120 seconds left.
|
|t:|1776038978
|switch|p1a: Dugtrio|Dugtrio-Alola, M|100/100
|turn|13
|
|t:|1776038985
|move|p1a: Dugtrio|Sucker Punch|p2a: Weavile
|-damage|p2a: Weavile|0 fnt
|faint|p2a: Weavile
|
|-weather|Sandstorm|[upkeep]
|upkeep
|
|t:|1776038988
|switch|p2a: Great Tusk|Great Tusk|36/100
|turn|14
|
|t:|1776038995
|switch|p1a: Probopass|Probopass, L1, F|100/100
|move|p2a: Great Tusk|Headlong Rush|p1a: Probopass
|-supereffective|p1a: Probopass
|-ability|p1a: Probopass|Sturdy
|-damage|p1a: Probopass|9/100
|-unboost|p2a: Great Tusk|def|1
|-unboost|p2a: Great Tusk|spd|1
|
|-weather|Sandstorm|[upkeep]
|upkeep
|turn|15
|-enditem|p1a: Probopass|Custap Berry|[eat]
|-activate|p1a: Probopass|item: Custap Berry|[consumed]
|
|t:|1776039013
|move|p1a: Probopass|Pain Split|p2a: Great Tusk
|-sethp|p2a: Great Tusk|18/100|[from] move: Pain Split|[silent]
|-sethp|p1a: Probopass|100/100|[from] move: Pain Split
|move|p2a: Great Tusk|Rapid Spin|p1a: Probopass
|-resisted|p1a: Probopass
|-ability|p1a: Probopass|Sturdy
|-damage|p1a: Probopass|9/100
|-boost|p2a: Great Tusk|spe|1
|
|-weather|Sandstorm|[upkeep]
|upkeep
|turn|16
|inactive|phreshoatmeal has 120 seconds left.
|
|t:|1776039049
|-terastallize|p1a: Probopass|Ghost
|move|p2a: Great Tusk|Stealth Rock|p1a: Probopass
|-sidestart|p1: phreshoatmeal|move: Stealth Rock
|move|p1a: Probopass|Pain Split|p2a: Great Tusk
|-sethp|p2a: Great Tusk|9/100|[from] move: Pain Split|[silent]
|-sethp|p1a: Probopass|100/100|[from] move: Pain Split
|
|-weather|Sandstorm|[upkeep]
|-damage|p1a: Probopass|92/100|[from] Sandstorm
|upkeep
|turn|17
|
|t:|1776039065
|move|p2a: Great Tusk|Ice Spinner|p1a: Probopass
|-damage|p1a: Probopass|0 fnt
|faint|p1a: Probopass
|
|-weather|Sandstorm|[upkeep]
|upkeep
|
|t:|1776039069
|switch|p1a: Dugtrio|Dugtrio-Alola, M|100/100
|-damage|p1a: Dugtrio|98/100|[from] Stealth Rock
|turn|18
|
|t:|1776039075
|switch|p1a: Hatterene|Hatterene, F|29/100
|-damage|p1a: Hatterene|17/100|[from] Stealth Rock
|move|p2a: Great Tusk|Stealth Rock|p1a: Hatterene
|move|p1a: Hatterene|Stealth Rock|p2a: Great Tusk|[from] ability: Magic Bounce
|-sidestart|p2: Parker757|move: Stealth Rock
|
|-weather|none
|upkeep
|turn|19
|
|t:|1776039086
|move|p2a: Great Tusk|Ice Spinner|p1a: Hatterene
|-damage|p1a: Hatterene|0 fnt
|faint|p1a: Hatterene
|
|upkeep
|
|t:|1776039088
|switch|p1a: Dugtrio|Dugtrio-Alola, M|98/100
|-damage|p1a: Dugtrio|95/100|[from] Stealth Rock
|turn|20
|inactive|phreshoatmeal has 120 seconds left.
|
|t:|1776039093
|move|p2a: Great Tusk|Stealth Rock||[still]
|-fail|p2a: Great Tusk
|move|p1a: Dugtrio|Iron Head|p2a: Great Tusk
|-damage|p2a: Great Tusk|0 fnt
|faint|p2a: Great Tusk
|-end|p2a: Great Tusk|Protosynthesis|[silent]
|
|win|phreshoatmeal
|raw|phreshoatmeal's rating: 1591 &rarr; <strong>1613</strong><br />(+22 for winning)
|raw|Parker757's rating: 1633 &rarr; <strong>1611</strong><br />(-22 for losing)
|l|☆Parker757
|player|p2|
|l|☆phreshoatmeal
|player|p1|
|j|☆phreshoatmeal
|player|p1|phreshoatmeal|170|
|l|☆phreshoatmeal
|player|p1|
|l| nonchalantbufalant
