|html|<div class="broadcast-blue"><strong>[Gen 9] OU is currently suspecting Tera Blast! For information on how to participate check out the <a href="https://www.smogon.com/tools/suspects/view/200">suspect thread</a>.</strong></div>
|j|☆JIGGLYPUFF#1Mon
|j|☆tarpetty
|t:|1776068560
|gametype|singles
|player|p1|JIGGLYPUFF#1Mon|caitlin|1168
|player|p2|tarpetty|crasherwake|1193
|gen|9
|tier|[Gen 9] OU
|rated|
|rule|HP Percentage Mod: HP is shown in percentages
|rule|Endless Battle Clause: Forcing endless battles is banned
|rule|Species Clause: Limit one of each Pokémon
|rule|OHKO Clause: OHKO moves are banned
|rule|Evasion Items Clause: Evasion items are banned
|rule|Evasion Moves Clause: Evasion moves are banned
|rule|Evasion Abilities Clause: Evasion abilities are banned
|rule|Sleep Moves Clause: Sleep-inducing moves are banned
|clearpoke
|poke|p1|Ceruledge, M|
|poke|p1|Dragonite, M|
|poke|p1|Great Tusk|
|poke|p1|Pikachu, F|
|poke|p1|Rillaboom, F|
|poke|p1|Iron Valiant|
|poke|p2|Iron Moth|
|poke|p2|Kingambit, F|
|poke|p2|Dragonite, M|
|poke|p2|Ogerpon-Cornerstone, F|
|poke|p2|Iron Valiant|
|poke|p2|Raging Bolt|
|teampreview
|inactive|Battle timer is ON: inactive players will automatically lose when time's up. (requested by tarpetty)
|inactive|JIGGLYPUFF#1Mon has 120 seconds left.
|
|t:|1776068608
|teamsize|p1|6
|teamsize|p2|6
|start
|switch|p1a: Rillaboom|Rillaboom, F|100/100
|switch|p2a: Iron Moth|Iron Moth|100/100
|-fieldstart|move: Grassy Terrain|[from] ability: Grassy Surge|[of] p1a: Rillaboom
|-enditem|p2a: Iron Moth|Booster Energy
|-activate|p2a: Iron Moth|ability: Quark Drive|[fromitem]
|-start|p2a: Iron Moth|quarkdrivespe
|turn|1
|
|t:|1776068620
|switch|p1a: potify|Ceruledge, M|100/100
|move|p2a: Iron Moth|Sludge Wave|p1a: potify
|-resisted|p1a: potify
|-damage|p1a: potify|71/100
|
|-heal|p1a: potify|78/100|[from] Grassy Terrain
|upkeep
|turn|2
|
|t:|1776068640
|move|p2a: Iron Moth|Sludge Wave|p1a: potify
|-resisted|p1a: potify
|-damage|p1a: potify|51/100
|move|p1a: potify|Swords Dance|p1a: potify
|-boost|p1a: potify|atk|2
|
|-heal|p1a: potify|57/100|[from] Grassy Terrain
|upkeep
|turn|3
|
|t:|1776068650
|move|p1a: potify|Shadow Sneak|p2a: Iron Moth
|-damage|p2a: Iron Moth|18/100
|-damage|p1a: potify|47/100|[from] item: Life Orb
|move|p2a: Iron Moth|Dazzling Gleam|p1a: potify
|-resisted|p1a: potify
|-damage|p1a: potify|30/100
|
|-heal|p2a: Iron Moth|24/100|[from] Grassy Terrain
|-heal|p1a: potify|36/100|[from] Grassy Terrain
|upkeep
|turn|4
|
|t:|1776068669
|move|p1a: potify|Shadow Sneak|p2a: Iron Moth
|-damage|p2a: Iron Moth|0 fnt
|faint|p2a: Iron Moth
|-end|p2a: Iron Moth|Quark Drive|[silent]
|-damage|p1a: potify|27/100|[from] item: Life Orb
|
|-heal|p1a: potify|33/100|[from] Grassy Terrain
|upkeep
|
|t:|1776068676
|switch|p2a: Raging Bolt|Raging Bolt|100/100
|-enditem|p2a: Raging Bolt|Booster Energy
|-activate|p2a: Raging Bolt|ability: Protosynthesis|[fromitem]
|-start|p2a: Raging Bolt|protosynthesisspa
|turn|5
|inactive|JIGGLYPUFF#1Mon has 120 seconds left.
|
|t:|1776068710
|switch|p1a: Iron Valiant|Iron Valiant|100/100
|-enditem|p1a: Iron Valiant|Booster Energy
|-activate|p1a: Iron Valiant|ability: Quark Drive|[fromitem]
|-start|p1a: Iron Valiant|quarkdrivespe
|move|p2a: Raging Bolt|Calm Mind|p2a: Raging Bolt
|-boost|p2a: Raging Bolt|spa|1
|-boost|p2a: Raging Bolt|spd|1
|
|-fieldend|move: Grassy Terrain
|upkeep
|turn|6
|inactive|JIGGLYPUFF#1Mon has 120 seconds left.
|
|t:|1776068726
|-terastallize|p2a: Raging Bolt|Ghost
|move|p1a: Iron Valiant|Moonblast|p2a: Raging Bolt
|-damage|p2a: Raging Bolt|68/100
|-unboost|p2a: Raging Bolt|spa|1
|move|p2a: Raging Bolt|Thunderbolt|p1a: Iron Valiant
|-damage|p1a: Iron Valiant|0 fnt
|faint|p1a: Iron Valiant
|-end|p1a: Iron Valiant|Quark Drive|[silent]
|
|upkeep
|inactive|JIGGLYPUFF#1Mon has 120 seconds left.
|
|t:|1776068735
|switch|p1a: potify|Ceruledge, M|33/100
|turn|7
|
|t:|1776068738
|move|p1a: potify|Shadow Sneak|p2a: Raging Bolt
|-supereffective|p2a: Raging Bolt
|-damage|p2a: Raging Bolt|11/100
|-damage|p1a: potify|23/100|[from] item: Life Orb
|move|p2a: Raging Bolt|Thunderclap||[still]
|-fail|p2a: Raging Bolt
|
|upkeep
|turn|8
|
|t:|1776068748
|move|p2a: Raging Bolt|Thunderclap||[still]
|-fail|p2a: Raging Bolt
|move|p1a: potify|Swords Dance|p1a: potify
|-boost|p1a: potify|atk|2
|
|upkeep
|turn|9
|
|t:|1776068757
|move|p1a: potify|Shadow Sneak|p2a: Raging Bolt
|-supereffective|p2a: Raging Bolt
|-damage|p2a: Raging Bolt|0 fnt
|faint|p2a: Raging Bolt
|-end|p2a: Raging Bolt|Protosynthesis|[silent]
|-damage|p1a: potify|13/100|[from] item: Life Orb
|
|upkeep
|
|t:|1776068764
|switch|p2a: Iron Valiant|Iron Valiant|100/100
|-enditem|p2a: Iron Valiant|Booster Energy
|-activate|p2a: Iron Valiant|ability: Quark Drive|[fromitem]
|-start|p2a: Iron Valiant|quarkdrivespe
|turn|10
|
|t:|1776068774
|move|p1a: potify|Shadow Sneak|p2a: Iron Valiant
|-damage|p2a: Iron Valiant|29/100
|-damage|p1a: potify|3/100|[from] item: Life Orb
|move|p2a: Iron Valiant|Knock Off|p1a: potify
|-supereffective|p1a: potify
|-damage|p1a: potify|0 fnt
|-enditem|p1a: potify|Life Orb|[from] move: Knock Off|[of] p2a: Iron Valiant
|faint|p1a: potify
|
|upkeep
|
|t:|1776068786
|switch|p1a: Rillaboom|Rillaboom, F|100/100
|-fieldstart|move: Grassy Terrain|[from] ability: Grassy Surge|[of] p1a: Rillaboom
|turn|11
|
|t:|1776068798
|move|p2a: Iron Valiant|Destiny Bond|p2a: Iron Valiant
|-singlemove|p2a: Iron Valiant|Destiny Bond
|move|p1a: Rillaboom|Swords Dance|p1a: Rillaboom
|-boost|p1a: Rillaboom|atk|2
|
|-heal|p2a: Iron Valiant|35/100|[from] Grassy Terrain
|upkeep
|turn|12
|
|t:|1776068808
|move|p2a: Iron Valiant|Knock Off|p1a: Rillaboom
|-damage|p1a: Rillaboom|64/100
|-enditem|p1a: Rillaboom|Life Orb|[from] move: Knock Off|[of] p2a: Iron Valiant
|move|p1a: Rillaboom|Swords Dance|p1a: Rillaboom
|-boost|p1a: Rillaboom|atk|2
|
|-heal|p2a: Iron Valiant|41/100|[from] Grassy Terrain
|-heal|p1a: Rillaboom|71/100|[from] Grassy Terrain
|upkeep
|turn|13
|
|t:|1776068820
|move|p1a: Rillaboom|Grassy Glide|p2a: Iron Valiant
|-crit|p2a: Iron Valiant
|-damage|p2a: Iron Valiant|0 fnt
|faint|p2a: Iron Valiant
|-end|p2a: Iron Valiant|Quark Drive|[silent]
|
|-heal|p1a: Rillaboom|77/100|[from] Grassy Terrain
|upkeep
|
|t:|1776068829
|switch|p2a: Dragonite|Dragonite, M|100/100
|turn|14
|
|t:|1776068835
|move|p1a: Rillaboom|Knock Off|p2a: Dragonite
|-damage|p2a: Dragonite|37/100
|-enditem|p2a: Dragonite|Heavy-Duty Boots|[from] move: Knock Off|[of] p1a: Rillaboom
|move|p2a: Dragonite|Dragon Dance|p2a: Dragonite
|-boost|p2a: Dragonite|atk|1
|-boost|p2a: Dragonite|spe|1
|
|-heal|p1a: Rillaboom|83/100|[from] Grassy Terrain
|upkeep
|turn|15
|
|t:|1776068862
|move|p2a: Dragonite|Extreme Speed|p1a: Rillaboom
|-damage|p1a: Rillaboom|29/100
|move|p1a: Rillaboom|Grassy Glide|p2a: Dragonite
|-resisted|p2a: Dragonite
|-damage|p2a: Dragonite|3/100
|
|-heal|p1a: Rillaboom|35/100|[from] Grassy Terrain
|-fieldend|move: Grassy Terrain
|upkeep
|turn|16
|
|t:|1776068874
|move|p2a: Dragonite|Extreme Speed|p1a: Rillaboom
|-damage|p1a: Rillaboom|0 fnt
|faint|p1a: Rillaboom
|
|upkeep
|
|t:|1776068878
|switch|p1a: Kind|Dragonite, M|100/100
|turn|17
|inactive|tarpetty has 120 seconds left.
|
|t:|1776068908
|move|p2a: Dragonite|Extreme Speed|p1a: Kind
|-damage|p1a: Kind|52/100
|move|p1a: Kind|Extreme Speed|p2a: Dragonite
|-damage|p2a: Dragonite|0 fnt
|faint|p2a: Dragonite
|
|upkeep
|inactive|tarpetty has 120 seconds left.
|
|t:|1776068917
|switch|p2a: Ogerpon|Ogerpon-Cornerstone, F|100/100
|turn|18
|
|t:|1776068925
|switch|p1a: Pikachu|Pikachu, F|100/100
|move|p2a: Ogerpon|Ivy Cudgel|p1a: Pikachu|[anim] Ivy Cudgel Rock
|-damage|p1a: Pikachu|0 fnt
|faint|p1a: Pikachu
|
|upkeep
|
|t:|1776068932
|switch|p1a: Great Tusk|Great Tusk|100/100
|-enditem|p1a: Great Tusk|Booster Energy
|-activate|p1a: Great Tusk|ability: Protosynthesis|[fromitem]
|-start|p1a: Great Tusk|protosynthesisatk
|turn|19
|
|t:|1776068941
|-terastallize|p1a: Great Tusk|Steel
|move|p2a: Ogerpon|Power Whip|p1a: Great Tusk
|-resisted|p1a: Great Tusk
|-damage|p1a: Great Tusk|73/100
|move|p1a: Great Tusk|Ice Spinner|p2a: Ogerpon
|-supereffective|p2a: Ogerpon
|-damage|p2a: Ogerpon|13/100
|
|upkeep
|turn|20
|
|t:|1776068954
|move|p2a: Ogerpon|Knock Off|p1a: Great Tusk
|-damage|p1a: Great Tusk|54/100
|move|p1a: Great Tusk|Headlong Rush|p2a: Ogerpon
|-damage|p2a: Ogerpon|0 fnt
|-unboost|p1a: Great Tusk|def|1
|-unboost|p1a: Great Tusk|spd|1
|faint|p2a: Ogerpon
|
|upkeep
|
|t:|1776068962
|switch|p2a: Kingambit|Kingambit, F|100/100
|-activate|p2a: Kingambit|ability: Supreme Overlord
|-start|p2a: Kingambit|fallen5|[silent]
|turn|21
|
|t:|1776068972
|move|p1a: Great Tusk|Headlong Rush|p2a: Kingambit
|-supereffective|p2a: Kingambit
|-damage|p2a: Kingambit|0 fnt
|-unboost|p1a: Great Tusk|def|1
|-unboost|p1a: Great Tusk|spd|1
|faint|p2a: Kingambit
|-end|p2a: Kingambit|fallen5|[silent]
|
|win|JIGGLYPUFF#1Mon
|raw|JIGGLYPUFF#1Mon's rating: 1168 &rarr; <strong>1195</strong><br />(+27 for winning)
|raw|tarpetty's rating: 1193 &rarr; <strong>1166</strong><br />(-27 for losing)
|l|☆tarpetty
|player|p2|
|l|☆JIGGLYPUFF#1Mon
|player|p1|
