|html|<div class="broadcast-blue"><strong>[Gen 9] OU is currently suspecting Tera Blast! For information on how to participate check out the <a href="https://www.smogon.com/tools/suspects/view/200">suspect thread</a>.</strong></div>
|j|☆sam2077
|j|☆jdksosjdoos
|t:|1776079280
|gametype|singles
|player|p1|sam2077|red|1361
|player|p2|jdksosjdoos|102|1341
|gen|9
|tier|[Gen 9] OU
|rated|
|rule|HP Percentage Mod: HP is shown in percentages
|rule|Endless Battle Clause: Forcing endless battles is banned
|rule|Species Clause: Limit one of each Pokémon
|rule|OHKO Clause: OHKO moves are banned
|rule|Evasion Items Clause: Evasion items are banned
|rule|Evasion Moves Clause: Evasion moves are banned
|rule|Evasion Abilities Clause: Evasion abilities are banned
|rule|Sleep Moves Clause: Sleep-inducing moves are banned
|clearpoke
|poke|p1|Garchomp, M|
|poke|p1|Incineroar, M|
|poke|p1|Dragonite, M|
|poke|p1|Haxorus, M|
|poke|p1|Gholdengo|
|poke|p1|Gengar, M|
|poke|p2|Dragapult, F|
|poke|p2|Jirachi|
|poke|p2|Weezing-Galar, M|
|poke|p2|Bellibolt, M|
|poke|p2|Blissey, F|
|poke|p2|Rillaboom, F|
|teampreview
|
|t:|1776079301
|teamsize|p1|6
|teamsize|p2|6
|start
|switch|p1a: Gengar|Gengar, M, shiny|100/100
|switch|p2a: Weezing|Weezing-Galar, M|100/100
|-ability|p2a: Weezing|Neutralizing Gas
|turn|1
|
|t:|1776079315
|-end|p2a: Weezing|ability: Neutralizing Gas
|switch|p2a: Blissey|Blissey, F|100/100
|move|p1a: Gengar|Nasty Plot|p1a: Gengar
|-boost|p1a: Gengar|spa|2
|
|upkeep
|turn|2
|
|t:|1776079325
|move|p1a: Gengar|Sludge Wave|p2a: Blissey
|-damage|p2a: Blissey|63/100
|move|p2a: Blissey|Thunder Wave|p1a: Gengar
|-status|p1a: Gengar|par
|
|-heal|p2a: Blissey|69/100|[from] item: Leftovers
|upkeep
|turn|3
|
|t:|1776079336
|switch|p2a: Dragapult|Dragapult, F|100/100
|move|p1a: Gengar|Encore||[still]
|-fail|p1a: Gengar
|
|upkeep
|turn|4
|
|t:|1776079346
|move|p2a: Dragapult|Substitute|p2a: Dragapult
|-start|p2a: Dragapult|Substitute
|-damage|p2a: Dragapult|76/100
|move|p1a: Gengar|Shadow Ball|p2a: Dragapult
|-supereffective|p2a: Dragapult
|-end|p2a: Dragapult|Substitute
|
|-heal|p2a: Dragapult|82/100|[from] item: Leftovers
|upkeep
|turn|5
|
|t:|1776079355
|move|p2a: Dragapult|Hex|p1a: Gengar
|-supereffective|p1a: Gengar
|-crit|p1a: Gengar
|-enditem|p1a: Gengar|Focus Sash
|-damage|p1a: Gengar|1/100 par
|move|p1a: Gengar|Shadow Ball|p2a: Dragapult
|-supereffective|p2a: Dragapult
|-damage|p2a: Dragapult|0 fnt
|faint|p2a: Dragapult
|
|upkeep
|
|t:|1776079361
|switch|p2a: Rillaboom|Rillaboom, F|100/100
|-fieldstart|move: Grassy Terrain|[from] ability: Grassy Surge|[of] p2a: Rillaboom
|turn|6
|
|t:|1776079370
|move|p2a: Rillaboom|U-turn|p1a: Gengar
|-resisted|p1a: Gengar
|-damage|p1a: Gengar|0 fnt
|faint|p1a: Gengar
|
|t:|1776079374
|switch|p2a: Blissey|Blissey, F|69/100|[from] U-turn
|
|-heal|p2a: Blissey|75/100|[from] Grassy Terrain
|-heal|p2a: Blissey|82/100|[from] item: Leftovers
|upkeep
|inactive|Battle timer is ON: inactive players will automatically lose when time's up. (requested by jdksosjdoos)
|
|t:|1776079405
|switch|p1a: Haxorus|Haxorus, M, shiny|100/100
|-ability|p1a: Haxorus|Mold Breaker
|turn|7
|
|t:|1776079425
|move|p1a: Haxorus|First Impression|p2a: Blissey
|-damage|p2a: Blissey|37/100
|move|p2a: Blissey|Thunder Wave|p1a: Haxorus
|-status|p1a: Haxorus|par
|
|-heal|p2a: Blissey|43/100|[from] Grassy Terrain
|-heal|p2a: Blissey|49/100|[from] item: Leftovers
|upkeep
|turn|8
|
|t:|1776079441
|switch|p1a: Garchomp|Garchomp, M, shiny|100/100
|switch|p2a: Weezing|Weezing-Galar, M|100/100
|-ability|p2a: Weezing|Neutralizing Gas
|
|upkeep
|turn|9
|
|t:|1776079455
|move|p1a: Garchomp|Earthquake|p2a: Weezing
|-supereffective|p2a: Weezing
|-damage|p2a: Weezing|74/100
|move|p2a: Weezing|Toxic|p1a: Garchomp
|-status|p1a: Garchomp|tox
|
|-heal|p2a: Weezing|80/100|[from] Grassy Terrain
|-heal|p2a: Weezing|86/100|[from] item: Leftovers
|-damage|p1a: Garchomp|94/100 tox|[from] psn
|upkeep
|turn|10
|
|t:|1776079466
|move|p1a: Garchomp|Stealth Rock|p2a: Weezing
|-sidestart|p2: jdksosjdoos|move: Stealth Rock
|move|p2a: Weezing|Strange Steam|p1a: Garchomp
|-supereffective|p1a: Garchomp
|-damage|p1a: Garchomp|41/100 tox
|
|-heal|p1a: Garchomp|48/100 tox|[from] Grassy Terrain
|-heal|p2a: Weezing|92/100|[from] Grassy Terrain
|-heal|p2a: Weezing|98/100|[from] item: Leftovers
|-damage|p1a: Garchomp|35/100 tox|[from] psn
|upkeep
|turn|11
|
|t:|1776079477
|move|p1a: Garchomp|Spikes|p2a: Weezing
|-sidestart|p2: jdksosjdoos|Spikes
|move|p2a: Weezing|Defog|p1a: Garchomp
|-unboost|p1a: Garchomp|evasion|1
|-sideend|p2: jdksosjdoos|Spikes|[from] move: Defog|[of] p2a: Weezing
|-sideend|p2: jdksosjdoos|Stealth Rock|[from] move: Defog|[of] p2a: Weezing
|-fieldend|move: Grassy Terrain
|
|-heal|p2a: Weezing|100/100|[from] item: Leftovers
|-damage|p1a: Garchomp|17/100 tox|[from] psn
|upkeep
|turn|12
|
|t:|1776079488
|move|p1a: Garchomp|Stealth Rock|p2a: Weezing
|-sidestart|p2: jdksosjdoos|move: Stealth Rock
|move|p2a: Weezing|Defog|p1a: Garchomp
|-unboost|p1a: Garchomp|evasion|1
|-sideend|p2: jdksosjdoos|Stealth Rock|[from] move: Defog|[of] p2a: Weezing
|
|-damage|p1a: Garchomp|0 fnt|[from] psn
|faint|p1a: Garchomp
|upkeep
|
|t:|1776079498
|switch|p1a: Gholdengo|Gholdengo, shiny|100/100
|-item|p1a: Gholdengo|Air Balloon
|turn|13
|
|t:|1776079513
|-terastallize|p2a: Weezing|Flying
|move|p1a: Gholdengo|Nasty Plot|p1a: Gholdengo
|-boost|p1a: Gholdengo|spa|2
|move|p2a: Weezing|Strange Steam|p1a: Gholdengo
|-resisted|p1a: Gholdengo
|-damage|p1a: Gholdengo|84/100
|-enditem|p1a: Gholdengo|Air Balloon
|
|upkeep
|turn|14
|
|t:|1776079529
|move|p1a: Gholdengo|Nasty Plot|p1a: Gholdengo
|-boost|p1a: Gholdengo|spa|2
|move|p2a: Weezing|Strange Steam|p1a: Gholdengo
|-resisted|p1a: Gholdengo
|-damage|p1a: Gholdengo|70/100
|
|upkeep
|turn|15
|
|t:|1776079540
|move|p1a: Gholdengo|Shadow Ball|p2a: Weezing
|-damage|p2a: Weezing|0 fnt
|faint|p2a: Weezing
|-end|p2a: Weezing|ability: Neutralizing Gas
|
|upkeep
|
|t:|1776079547
|switch|p2a: Rillaboom|Rillaboom, F|100/100
|-fieldstart|move: Grassy Terrain|[from] ability: Grassy Surge|[of] p2a: Rillaboom
|turn|16
|
|t:|1776079557
|move|p1a: Gholdengo|Make It Rain|p2a: Rillaboom
|-damage|p2a: Rillaboom|0 fnt
|-unboost|p1a: Gholdengo|spa|1
|faint|p2a: Rillaboom
|
|-heal|p1a: Gholdengo|76/100|[from] Grassy Terrain
|upkeep
|
|t:|1776079561
|switch|p2a: Jirachi|Jirachi|100/100
|turn|17
|
|t:|1776079571
|move|p2a: Jirachi|Iron Head|p1a: Gholdengo
|-resisted|p1a: Gholdengo
|-damage|p1a: Gholdengo|60/100
|cant|p1a: Gholdengo|flinch
|
|-heal|p1a: Gholdengo|66/100|[from] Grassy Terrain
|upkeep
|turn|18
|
|t:|1776079579
|move|p2a: Jirachi|Iron Head|p1a: Gholdengo
|-resisted|p1a: Gholdengo
|-damage|p1a: Gholdengo|52/100
|cant|p1a: Gholdengo|flinch
|
|-heal|p1a: Gholdengo|58/100|[from] Grassy Terrain
|upkeep
|turn|19
|
|t:|1776079587
|move|p2a: Jirachi|Iron Head|p1a: Gholdengo
|-resisted|p1a: Gholdengo
|-damage|p1a: Gholdengo|42/100
|cant|p1a: Gholdengo|flinch
|
|-heal|p1a: Gholdengo|48/100|[from] Grassy Terrain
|upkeep
|turn|20
|
|t:|1776079596
|move|p2a: Jirachi|Iron Head|p1a: Gholdengo
|-resisted|p1a: Gholdengo
|-damage|p1a: Gholdengo|31/100
|cant|p1a: Gholdengo|flinch
|
|-heal|p1a: Gholdengo|37/100|[from] Grassy Terrain
|upkeep
|turn|21
|
|t:|1776079604
|move|p2a: Jirachi|Iron Head|p1a: Gholdengo
|-resisted|p1a: Gholdengo
|-damage|p1a: Gholdengo|21/100
|cant|p1a: Gholdengo|flinch
|
|-heal|p1a: Gholdengo|27/100|[from] Grassy Terrain
|upkeep
|turn|22
|c|☆sam2077|666
|
|t:|1776079619
|move|p2a: Jirachi|Iron Head|p1a: Gholdengo
|-resisted|p1a: Gholdengo
|-damage|p1a: Gholdengo|10/100
|cant|p1a: Gholdengo|flinch
|
|-heal|p1a: Gholdengo|16/100|[from] Grassy Terrain
|upkeep
|turn|23
|
|t:|1776079635
|move|p2a: Jirachi|Iron Head|p1a: Gholdengo
|-resisted|p1a: Gholdengo
|-damage|p1a: Gholdengo|0 fnt
|faint|p1a: Gholdengo
|
|-fieldend|move: Grassy Terrain
|upkeep
|inactive|sam2077 has 120 seconds left.
|
|t:|1776079652
|switch|p1a: Dragonite|Dragonite, M|100/100
|turn|24
|
|t:|1776079666
|switch|p2a: Bellibolt|Bellibolt, M|100/100
|move|p1a: Dragonite|Dragon Dance|p1a: Dragonite
|-boost|p1a: Dragonite|atk|1
|-boost|p1a: Dragonite|spe|1
|
|upkeep
|turn|25
|
|t:|1776079680
|move|p1a: Dragonite|Dragon Dance|p1a: Dragonite
|-boost|p1a: Dragonite|atk|1
|-boost|p1a: Dragonite|spe|1
|move|p2a: Bellibolt|Thunder Wave|p1a: Dragonite
|-status|p1a: Dragonite|par
|
|upkeep
|turn|26
|
|t:|1776079688
|move|p1a: Dragonite|Scale Shot|p2a: Bellibolt
|-damage|p2a: Bellibolt|81/100
|-damage|p2a: Bellibolt|63/100
|-damage|p2a: Bellibolt|44/100
|-damage|p2a: Bellibolt|27/100
|-damage|p2a: Bellibolt|8/100
|-hitcount|p2a: Bellibolt|5
|-unboost|p1a: Dragonite|def|1
|-boost|p1a: Dragonite|spe|1
|move|p2a: Bellibolt|Volt Switch|p1a: Dragonite
|-damage|p1a: Dragonite|87/100 par
|
|t:|1776079692
|switch|p2a: Jirachi|Jirachi|100/100|[from] Volt Switch
|
|upkeep
|turn|27
|
|t:|1776079708
|move|p2a: Jirachi|Iron Head|p1a: Dragonite
|-damage|p1a: Dragonite|40/100 par
|cant|p1a: Dragonite|par
|
|upkeep
|turn|28
|
|t:|1776079716
|cant|p1a: Dragonite|par
|move|p2a: Jirachi|Iron Head|p1a: Dragonite
|-damage|p1a: Dragonite|0 fnt
|faint|p1a: Dragonite
|
|upkeep
|
|t:|1776079727
|switch|p1a: Incineroar|Incineroar, M, shiny|100/100
|-ability|p1a: Incineroar|Intimidate|boost
|-unboost|p2a: Jirachi|atk|1
|turn|29
|
|t:|1776079738
|switch|p2a: Bellibolt|Bellibolt, M|8/100
|move|p1a: Incineroar|Knock Off|p2a: Bellibolt
|-damage|p2a: Bellibolt|0 fnt
|-damage|p1a: Incineroar|84/100|[from] item: Rocky Helmet|[of] p2a: Bellibolt
|-enditem|p2a: Bellibolt|Rocky Helmet|[from] move: Knock Off|[of] p1a: Incineroar
|faint|p2a: Bellibolt
|
|upkeep
|
|t:|1776079748
|switch|p2a: Jirachi|Jirachi|100/100
|turn|30
|
|t:|1776079752
|move|p2a: Jirachi|Iron Head|p1a: Incineroar
|-resisted|p1a: Incineroar
|-damage|p1a: Incineroar|73/100
|move|p1a: Incineroar|Knock Off|p2a: Jirachi
|-supereffective|p2a: Jirachi
|-damage|p2a: Jirachi|42/100
|-enditem|p2a: Jirachi|Leftovers|[from] move: Knock Off|[of] p1a: Incineroar
|
|upkeep
|turn|31
|
|t:|1776079762
|move|p2a: Jirachi|Iron Head|p1a: Incineroar
|-resisted|p1a: Incineroar
|-damage|p1a: Incineroar|61/100
|cant|p1a: Incineroar|flinch
|
|upkeep
|turn|32
|
|t:|1776079768
|move|p2a: Jirachi|Iron Head|p1a: Incineroar
|-resisted|p1a: Incineroar
|-damage|p1a: Incineroar|49/100
|-enditem|p1a: Incineroar|Sitrus Berry|[eat]
|-heal|p1a: Incineroar|74/100|[from] item: Sitrus Berry
|cant|p1a: Incineroar|flinch
|
|upkeep
|turn|33
|
|t:|1776079776
|move|p2a: Jirachi|Iron Head|p1a: Incineroar
|-resisted|p1a: Incineroar
|-damage|p1a: Incineroar|62/100
|cant|p1a: Incineroar|flinch
|
|upkeep
|turn|34
|
|t:|1776079781
|move|p2a: Jirachi|Iron Head|p1a: Incineroar
|-resisted|p1a: Incineroar
|-damage|p1a: Incineroar|49/100
|move|p1a: Incineroar|Flare Blitz|p2a: Jirachi
|-supereffective|p2a: Jirachi
|-damage|p2a: Jirachi|0 fnt
|faint|p2a: Jirachi
|-damage|p1a: Incineroar|36/100|[from] Recoil
|
|upkeep
|
|t:|1776079787
|switch|p2a: Blissey|Blissey, F|49/100
|turn|35
|
|t:|1776079795
|move|p1a: Incineroar|Knock Off|p2a: Blissey
|-damage|p2a: Blissey|18/100
|-enditem|p2a: Blissey|Leftovers|[from] move: Knock Off|[of] p1a: Incineroar
|move|p2a: Blissey|Soft-Boiled|p2a: Blissey
|-heal|p2a: Blissey|68/100
|
|upkeep
|turn|36
|
|t:|1776079803
|move|p1a: Incineroar|Will-O-Wisp|p2a: Blissey
|-status|p2a: Blissey|brn
|move|p2a: Blissey|Soft-Boiled|p2a: Blissey
|-heal|p2a: Blissey|100/100 brn
|
|-damage|p2a: Blissey|94/100 brn|[from] brn
|upkeep
|turn|37
|
|t:|1776079824
|move|p1a: Incineroar|Parting Shot|p2a: Blissey
|-unboost|p2a: Blissey|atk|1
|-unboost|p2a: Blissey|spa|1
|
|t:|1776079827
|switch|p1a: Haxorus|Haxorus, M, shiny|100/100 par|[from] Parting Shot
|-ability|p1a: Haxorus|Mold Breaker
|move|p2a: Blissey|Seismic Toss|p1a: Haxorus
|-damage|p1a: Haxorus|66/100 par
|
|-damage|p2a: Blissey|88/100 brn|[from] brn
|upkeep
|turn|38
|
|t:|1776079850
|move|p1a: Haxorus|Outrage|p2a: Blissey
|-damage|p2a: Blissey|0 fnt
|faint|p2a: Blissey
|
|win|sam2077
|raw|sam2077's rating: 1361 &rarr; <strong>1380</strong><br />(+19 for winning)
|raw|jdksosjdoos's rating: 1341 &rarr; <strong>1322</strong><br />(-19 for losing)
|l|☆jdksosjdoos
|player|p2|
|l|☆sam2077
|player|p1|
