|html|<div class="broadcast-blue"><strong>[Gen 9] OU is currently suspecting Tera Blast! For information on how to participate check out the <a href="https://www.smogon.com/tools/suspects/view/200">suspect thread</a>.</strong></div>
|j|☆fautser
|j|☆kamesantopdrop
|t:|1776335247
|gametype|singles
|player|p1|fautser|kimonogirl|1167
|player|p2|kamesantopdrop|169|1190
|gen|9
|tier|[Gen 9] OU
|rated|
|rule|HP Percentage Mod: HP is shown in percentages
|rule|Endless Battle Clause: Forcing endless battles is banned
|rule|Species Clause: Limit one of each Pokémon
|rule|OHKO Clause: OHKO moves are banned
|rule|Evasion Items Clause: Evasion items are banned
|rule|Evasion Moves Clause: Evasion moves are banned
|rule|Evasion Abilities Clause: Evasion abilities are banned
|rule|Sleep Moves Clause: Sleep-inducing moves are banned
|clearpoke
|poke|p1|Zamazenta-*|
|poke|p1|Darkrai|
|poke|p1|Landorus-Therian, M|
|poke|p1|Glimmora, M|
|poke|p1|Rillaboom, M|
|poke|p1|Dragonite, F|
|poke|p2|Gliscor, F|
|poke|p2|Gholdengo|
|poke|p2|Kingambit, M|
|poke|p2|Dragapult, M|
|poke|p2|Dondozo, F|
|poke|p2|Raging Bolt|
|teampreview
|
|t:|1776335268
|teamsize|p1|6
|teamsize|p2|6
|start
|switch|p1a: Glimmora|Glimmora, M|100/100
|switch|p2a: Gliscor|Gliscor, F|100/100
|-item|p1a: Glimmora|Air Balloon
|turn|1
|
|t:|1776335277
|move|p1a: Glimmora|Stealth Rock|p2a: Gliscor
|-sidestart|p2: kamesantopdrop|move: Stealth Rock
|move|p2a: Gliscor|Spikes|p1a: Glimmora
|-sidestart|p1: fautser|Spikes
|
|-status|p2a: Gliscor|tox|[from] item: Toxic Orb
|upkeep
|turn|2
|
|t:|1776335284
|move|p1a: Glimmora|Mortal Spin|p2a: Gliscor
|-resisted|p2a: Gliscor
|-damage|p2a: Gliscor|99/100 tox
|-sideend|p1: fautser|Spikes|[from] move: Mortal Spin|[of] p1a: Glimmora
|move|p2a: Gliscor|Spikes|p1a: Glimmora
|-sidestart|p1: fautser|Spikes
|
|-heal|p2a: Gliscor|100/100 tox|[from] ability: Poison Heal
|upkeep
|turn|3
|
|t:|1776335293
|move|p1a: Glimmora|Mortal Spin|p2a: Gliscor
|-resisted|p2a: Gliscor
|-damage|p2a: Gliscor|99/100 tox
|-sideend|p1: fautser|Spikes|[from] move: Mortal Spin|[of] p1a: Glimmora
|move|p2a: Gliscor|Spikes|p1a: Glimmora
|-sidestart|p1: fautser|Spikes
|
|-heal|p2a: Gliscor|100/100 tox|[from] ability: Poison Heal
|upkeep
|turn|4
|
|t:|1776335302
|move|p1a: Glimmora|Mortal Spin|p2a: Gliscor
|-resisted|p2a: Gliscor
|-damage|p2a: Gliscor|99/100 tox
|-sideend|p1: fautser|Spikes|[from] move: Mortal Spin|[of] p1a: Glimmora
|move|p2a: Gliscor|Spikes|p1a: Glimmora
|-sidestart|p1: fautser|Spikes
|
|-heal|p2a: Gliscor|100/100 tox|[from] ability: Poison Heal
|upkeep
|turn|5
|
|t:|1776335334
|switch|p1a: Darkrai|Darkrai|100/100
|-damage|p1a: Darkrai|88/100|[from] Spikes
|move|p2a: Gliscor|Spikes|p1a: Darkrai
|-sidestart|p1: fautser|Spikes
|
|upkeep
|turn|6
|
|t:|1776335345
|move|p1a: Darkrai|Ice Beam|p2a: Gliscor
|-supereffective|p2a: Gliscor
|-damage|p2a: Gliscor|0 fnt
|faint|p2a: Gliscor
|
|upkeep
|
|t:|1776335364
|switch|p2a: Kingambit|Kingambit, M|100/100
|-damage|p2a: Kingambit|94/100|[from] Stealth Rock
|-activate|p2a: Kingambit|ability: Supreme Overlord
|-start|p2a: Kingambit|fallen1|[silent]
|turn|7
|
|t:|1776335376
|move|p1a: Darkrai|Focus Blast|p2a: Kingambit
|-supereffective|p2a: Kingambit
|-damage|p2a: Kingambit|0 fnt
|faint|p2a: Kingambit
|-end|p2a: Kingambit|fallen1|[silent]
|
|upkeep
|-message|kamesantopdrop forfeited.
|
|win|fautser
|raw|fautser's rating: 1167 &rarr; <strong>1194</strong><br />(+27 for winning)
|raw|kamesantopdrop's rating: 1190 &rarr; <strong>1163</strong><br />(-27 for losing)
|l|☆kamesantopdrop
|player|p2|
