|html|<div class="broadcast-blue"><strong>[Gen 9] OU is currently suspecting Tera Blast! For information on how to participate check out the <a href="https://www.smogon.com/tools/suspects/view/200">suspect thread</a>.</strong></div>
|j|☆AlphaDreams
|j|‽hmy1
|t:|1776079941
|gametype|singles
|player|p1|AlphaDreams|caitlin|1297
|player|p2|hmy1|elesa-gen5bw2|1335
|gen|9
|tier|[Gen 9] OU
|rated|
|rule|HP Percentage Mod: HP is shown in percentages
|rule|Endless Battle Clause: Forcing endless battles is banned
|rule|Species Clause: Limit one of each Pokémon
|rule|OHKO Clause: OHKO moves are banned
|rule|Evasion Items Clause: Evasion items are banned
|rule|Evasion Moves Clause: Evasion moves are banned
|rule|Evasion Abilities Clause: Evasion abilities are banned
|rule|Sleep Moves Clause: Sleep-inducing moves are banned
|clearpoke
|poke|p1|Samurott-Hisui, M|
|poke|p1|Revavroom, M|
|poke|p1|Rotom-Wash|
|poke|p1|Raging Bolt|
|poke|p1|Great Tusk|
|poke|p1|Gholdengo|
|poke|p2|Dondozo, F|
|poke|p2|Gliscor, M|
|poke|p2|Blissey, F|
|poke|p2|Corviknight, M|
|poke|p2|Toxapex, M|
|poke|p2|Clodsire, F|
|teampreview
|inactive|Battle timer is ON: inactive players will automatically lose when time's up. (requested by hmy1)
|
|t:|1776079954
|teamsize|p1|6
|teamsize|p2|6
|start
|switch|p1a: Samurott|Samurott-Hisui, M|100/100
|switch|p2a: Toxapex|Toxapex, M|100/100
|turn|1
|
|t:|1776079960
|move|p2a: Toxapex|Baneful Bunker|p2a: Toxapex
|-singleturn|p2a: Toxapex|move: Protect
|move|p1a: Samurott|Ceaseless Edge|p2a: Toxapex
|-activate|p2a: Toxapex|move: Protect
|-status|p1a: Samurott|psn
|
|-damage|p1a: Samurott|88/100 psn|[from] psn
|upkeep
|turn|2
|
|t:|1776079980
|move|p1a: Samurott|Ceaseless Edge|p2a: Toxapex|[miss]
|-miss|p1a: Samurott|p2a: Toxapex
|move|p2a: Toxapex|Infestation|p1a: Samurott
|-supereffective|p1a: Samurott
|-damage|p1a: Samurott|79/100 psn
|-activate|p1a: Samurott|move: Infestation|[of] p2a: Toxapex
|
|-damage|p1a: Samurott|66/100 psn|[from] psn
|-damage|p1a: Samurott|54/100 psn|[from] move: Infestation|[partiallytrapped]
|upkeep
|turn|3
|
|t:|1776079984
|move|p2a: Toxapex|Baneful Bunker|p2a: Toxapex
|-singleturn|p2a: Toxapex|move: Protect
|move|p1a: Samurott|Ceaseless Edge|p2a: Toxapex
|-activate|p2a: Toxapex|move: Protect
|
|-damage|p1a: Samurott|41/100 psn|[from] psn
|-damage|p1a: Samurott|29/100 psn|[from] move: Infestation|[partiallytrapped]
|upkeep
|turn|4
|
|t:|1776079995
|move|p1a: Samurott|Ceaseless Edge|p2a: Toxapex
|-damage|p2a: Toxapex|68/100
|-sidestart|p2: hmy1|Spikes
|move|p2a: Toxapex|Toxic Spikes|p1a: Samurott
|-sidestart|p1: AlphaDreams|move: Toxic Spikes
|
|-heal|p2a: Toxapex|74/100|[from] item: Leftovers
|-damage|p1a: Samurott|16/100 psn|[from] psn
|-damage|p1a: Samurott|4/100 psn|[from] move: Infestation|[partiallytrapped]
|upkeep
|turn|5
|
|t:|1776079999
|move|p2a: Toxapex|Baneful Bunker|p2a: Toxapex
|-singleturn|p2a: Toxapex|move: Protect
|move|p1a: Samurott|Ceaseless Edge|p2a: Toxapex
|-activate|p2a: Toxapex|move: Protect
|
|-heal|p2a: Toxapex|80/100|[from] item: Leftovers
|-damage|p1a: Samurott|0 fnt|[from] psn
|faint|p1a: Samurott
|upkeep
|
|t:|1776080003
|switch|p1a: Revavroom|Revavroom, M, shiny|100/100
|-item|p1a: Revavroom|Air Balloon
|turn|6
|
|t:|1776080011
|move|p1a: Revavroom|Shift Gear|p1a: Revavroom
|-boost|p1a: Revavroom|spe|2
|-boost|p1a: Revavroom|atk|1
|move|p2a: Toxapex|Infestation|p1a: Revavroom
|-resisted|p1a: Revavroom
|-damage|p1a: Revavroom|99/100
|-activate|p1a: Revavroom|move: Infestation|[of] p2a: Toxapex
|-enditem|p1a: Revavroom|Air Balloon
|
|-heal|p2a: Toxapex|87/100|[from] item: Leftovers
|-damage|p1a: Revavroom|87/100|[from] move: Infestation|[partiallytrapped]
|upkeep
|turn|7
|
|t:|1776080015
|move|p2a: Toxapex|Baneful Bunker|p2a: Toxapex
|-singleturn|p2a: Toxapex|move: Protect
|move|p1a: Revavroom|High Horsepower|p2a: Toxapex
|-activate|p2a: Toxapex|move: Protect
|
|-heal|p2a: Toxapex|93/100|[from] item: Leftovers
|-damage|p1a: Revavroom|75/100|[from] move: Infestation|[partiallytrapped]
|upkeep
|turn|8
|
|t:|1776080027
|switch|p2a: Corviknight|Corviknight, M|100/100
|-ability|p2a: Corviknight|Pressure
|move|p1a: Revavroom|Temper Flare|p2a: Corviknight
|-supereffective|p2a: Corviknight
|-damage|p2a: Corviknight|51/100
|-damage|p1a: Revavroom|58/100|[from] item: Rocky Helmet|[of] p2a: Corviknight
|
|-end|p1a: Revavroom|Infestation|[partiallytrapped]|[silent]
|upkeep
|turn|9
|
|t:|1776080038
|move|p1a: Revavroom|High Horsepower|p2a: Corviknight
|-immune|p2a: Corviknight
|move|p2a: Corviknight|Roost|p2a: Corviknight
|-heal|p2a: Corviknight|100/100
|-singleturn|p2a: Corviknight|move: Roost
|
|upkeep
|turn|10
|
|t:|1776080042
|move|p1a: Revavroom|Shift Gear|p1a: Revavroom
|-boost|p1a: Revavroom|spe|2
|-boost|p1a: Revavroom|atk|1
|move|p2a: Corviknight|Defog|p1a: Revavroom
|-unboost|p1a: Revavroom|evasion|1
|-sideend|p1: AlphaDreams|Toxic Spikes|[from] move: Defog|[of] p2a: Corviknight
|-sideend|p2: hmy1|Spikes|[from] move: Defog|[of] p2a: Corviknight
|
|upkeep
|turn|11
|
|t:|1776080059
|switch|p2a: Dondozo|Dondozo, F|100/100
|move|p1a: Revavroom|Temper Flare|p2a: Dondozo
|-resisted|p2a: Dondozo
|-damage|p2a: Dondozo|95/100
|
|-heal|p2a: Dondozo|100/100|[from] item: Leftovers
|upkeep
|turn|12
|
|t:|1776080069
|switch|p1a: Raging Bolt|Raging Bolt|100/100
|-enditem|p1a: Raging Bolt|Booster Energy
|-activate|p1a: Raging Bolt|ability: Protosynthesis|[fromitem]
|-start|p1a: Raging Bolt|protosynthesisspa
|move|p2a: Dondozo|Curse|p2a: Dondozo
|-unboost|p2a: Dondozo|spe|1
|-boost|p2a: Dondozo|atk|1
|-boost|p2a: Dondozo|def|1
|
|upkeep
|turn|13
|
|t:|1776080075
|switch|p2a: Blissey|Blissey, F|100/100
|move|p1a: Raging Bolt|Calm Mind|p1a: Raging Bolt
|-boost|p1a: Raging Bolt|spa|1
|-boost|p1a: Raging Bolt|spd|1
|
|upkeep
|turn|14
|
|t:|1776080080
|move|p1a: Raging Bolt|Calm Mind|p1a: Raging Bolt
|-boost|p1a: Raging Bolt|spa|1
|-boost|p1a: Raging Bolt|spd|1
|move|p2a: Blissey|Trick|p1a: Raging Bolt
|-activate|p2a: Blissey|move: Trick|[of] p1a: Raging Bolt
|-item|p1a: Raging Bolt|Choice Scarf|[from] move: Trick
|-enditem|p2a: Blissey|Choice Scarf|[silent]|[from] move: Trick
|
|upkeep
|turn|15
|
|t:|1776080085
|move|p1a: Raging Bolt|Thunderbolt|p2a: Blissey
|-damage|p2a: Blissey|56/100
|move|p2a: Blissey|Stealth Rock|p1a: Raging Bolt
|-sidestart|p1: AlphaDreams|move: Stealth Rock
|
|upkeep
|turn|16
|l|‽hmy1
|inactive|hmy1 disconnected and has a minute to reconnect!
|player|p2|
|j|‽hmy1
|inactive|hmy1 reconnected and has 130 seconds left.
|player|p2|hmy1|elesa-gen5bw2|
|n|‽hmy1|hmy1
|n|‽hmy1|hmy1
|inactive|hmy1 has 120 seconds left.
|
|t:|1776080118
|switch|p2a: Gliscor|Gliscor, M, shiny|100/100
|move|p1a: Raging Bolt|Thunderbolt|p2a: Gliscor
|-immune|p2a: Gliscor
|
|-status|p2a: Gliscor|tox|[from] item: Toxic Orb
|upkeep
|turn|17
|
|t:|1776080130
|-end|p1a: Raging Bolt|Protosynthesis|[silent]
|switch|p1a: Revavroom|Revavroom, M, shiny|58/100
|-damage|p1a: Revavroom|52/100|[from] Stealth Rock
|move|p2a: Gliscor|Knock Off|p1a: Revavroom
|-damage|p1a: Revavroom|35/100
|
|upkeep
|turn|18
|
|t:|1776080142
|move|p1a: Revavroom|Temper Flare|p2a: Gliscor
|-damage|p2a: Gliscor|83/100 tox
|move|p2a: Gliscor|Spikes|p1a: Revavroom
|-sidestart|p1: AlphaDreams|Spikes
|
|-heal|p2a: Gliscor|96/100 tox|[from] ability: Poison Heal
|upkeep
|turn|19
|
|t:|1776080152
|switch|p2a: Toxapex|Toxapex, M|100/100
|move|p1a: Revavroom|Shift Gear|p1a: Revavroom
|-boost|p1a: Revavroom|spe|2
|-boost|p1a: Revavroom|atk|1
|
|upkeep
|turn|20
|
|t:|1776080158
|move|p1a: Revavroom|High Horsepower|p2a: Toxapex
|-supereffective|p2a: Toxapex
|-damage|p2a: Toxapex|20/100
|move|p2a: Toxapex|Infestation|p1a: Revavroom
|-resisted|p1a: Revavroom
|-damage|p1a: Revavroom|34/100
|-activate|p1a: Revavroom|move: Infestation|[of] p2a: Toxapex
|
|-heal|p2a: Toxapex|26/100|[from] item: Leftovers
|-damage|p1a: Revavroom|21/100|[from] move: Infestation|[partiallytrapped]
|upkeep
|turn|21
|
|t:|1776080164
|move|p2a: Toxapex|Baneful Bunker|p2a: Toxapex
|-singleturn|p2a: Toxapex|move: Protect
|move|p1a: Revavroom|High Horsepower|p2a: Toxapex
|-activate|p2a: Toxapex|move: Protect
|
|-heal|p2a: Toxapex|32/100|[from] item: Leftovers
|-damage|p1a: Revavroom|9/100|[from] move: Infestation|[partiallytrapped]
|upkeep
|turn|22
|
|t:|1776080172
|switch|p2a: Gliscor|Gliscor, M, shiny|96/100 tox
|move|p1a: Revavroom|Temper Flare|p2a: Gliscor
|-damage|p2a: Gliscor|70/100 tox
|
|-heal|p2a: Gliscor|82/100 tox|[from] ability: Poison Heal
|-end|p1a: Revavroom|Infestation|[partiallytrapped]|[silent]
|upkeep
|turn|23
|
|t:|1776080186
|move|p1a: Revavroom|Temper Flare|p2a: Gliscor
|-damage|p2a: Gliscor|56/100 tox
|move|p2a: Gliscor|Knock Off|p1a: Revavroom
|-damage|p1a: Revavroom|0 fnt
|faint|p1a: Revavroom
|
|-heal|p2a: Gliscor|69/100 tox|[from] ability: Poison Heal
|upkeep
|
|t:|1776080191
|switch|p1a: Great Tusk|Great Tusk|100/100
|-damage|p1a: Great Tusk|98/100|[from] Stealth Rock
|-damage|p1a: Great Tusk|85/100|[from] Spikes
|-enditem|p1a: Great Tusk|Booster Energy
|-activate|p1a: Great Tusk|ability: Protosynthesis|[fromitem]
|-start|p1a: Great Tusk|protosynthesisspe
|turn|24
|
|t:|1776080199
|move|p2a: Gliscor|Protect|p2a: Gliscor
|-singleturn|p2a: Gliscor|Protect
|move|p1a: Great Tusk|Rapid Spin|p2a: Gliscor
|-activate|p2a: Gliscor|move: Protect
|
|-heal|p2a: Gliscor|81/100 tox|[from] ability: Poison Heal
|upkeep
|turn|25
|
|t:|1776080207
|move|p1a: Great Tusk|Rapid Spin|p2a: Gliscor
|-damage|p2a: Gliscor|73/100 tox
|-boost|p1a: Great Tusk|spe|1
|-sideend|p1: AlphaDreams|Spikes|[from] move: Rapid Spin|[of] p1a: Great Tusk
|-sideend|p1: AlphaDreams|Stealth Rock|[from] move: Rapid Spin|[of] p1a: Great Tusk
|move|p2a: Gliscor|Toxic|p1a: Great Tusk
|-status|p1a: Great Tusk|tox
|
|-damage|p1a: Great Tusk|79/100 tox|[from] psn
|-heal|p2a: Gliscor|86/100 tox|[from] ability: Poison Heal
|upkeep
|turn|26
|
|t:|1776080215
|move|p1a: Great Tusk|Ice Spinner|p2a: Gliscor
|-supereffective|p2a: Gliscor
|-damage|p2a: Gliscor|27/100 tox
|move|p2a: Gliscor|Spikes|p1a: Great Tusk
|-sidestart|p1: AlphaDreams|Spikes
|
|-damage|p1a: Great Tusk|66/100 tox|[from] psn
|-heal|p2a: Gliscor|39/100 tox|[from] ability: Poison Heal
|upkeep
|turn|27
|
|t:|1776080220
|move|p2a: Gliscor|Protect|p2a: Gliscor
|-singleturn|p2a: Gliscor|Protect
|move|p1a: Great Tusk|Rapid Spin|p2a: Gliscor
|-activate|p2a: Gliscor|move: Protect
|
|-damage|p1a: Great Tusk|48/100 tox|[from] psn
|-heal|p2a: Gliscor|52/100 tox|[from] ability: Poison Heal
|upkeep
|turn|28
|
|t:|1776080227
|switch|p2a: Toxapex|Toxapex, M|65/100
|move|p1a: Great Tusk|Rapid Spin|p2a: Toxapex
|-damage|p2a: Toxapex|54/100
|-boost|p1a: Great Tusk|spe|1
|-sideend|p1: AlphaDreams|Spikes|[from] move: Rapid Spin|[of] p1a: Great Tusk
|
|-heal|p2a: Toxapex|60/100|[from] item: Leftovers
|-damage|p1a: Great Tusk|23/100 tox|[from] psn
|upkeep
|turn|29
|
|t:|1776080234
|-end|p1a: Great Tusk|Protosynthesis|[silent]
|switch|p1a: Raging Bolt|Raging Bolt|100/100
|move|p2a: Toxapex|Baneful Bunker||[still]
|-fail|p2a: Toxapex
|
|-heal|p2a: Toxapex|66/100|[from] item: Leftovers
|upkeep
|turn|30
|
|t:|1776080243
|switch|p2a: Blissey|Blissey, F|56/100
|move|p1a: Raging Bolt|Dragon Pulse|p2a: Blissey
|-damage|p2a: Blissey|40/100
|
|upkeep
|turn|31
|
|t:|1776080249
|move|p1a: Raging Bolt|Dragon Pulse|p2a: Blissey
|-crit|p2a: Blissey
|-damage|p2a: Blissey|18/100
|move|p2a: Blissey|Soft-Boiled|p2a: Blissey
|-heal|p2a: Blissey|68/100
|
|upkeep
|turn|32
|
|t:|1776080254
|-end|p1a: Raging Bolt|Protosynthesis|[silent]
|switch|p1a: Gholdengo|Gholdengo|100/100
|-item|p1a: Gholdengo|Air Balloon
|move|p2a: Blissey|Stealth Rock|p1a: Gholdengo
|-sidestart|p1: AlphaDreams|move: Stealth Rock
|
|upkeep
|turn|33
|
|t:|1776080258
|switch|p2a: Corviknight|Corviknight, M|100/100
|-ability|p2a: Corviknight|Pressure
|move|p1a: Gholdengo|Nasty Plot|p1a: Gholdengo
|-boost|p1a: Gholdengo|spa|2
|
|upkeep
|turn|34
|
|t:|1776080265
|move|p1a: Gholdengo|Nasty Plot|p1a: Gholdengo
|-boost|p1a: Gholdengo|spa|2
|move|p2a: Corviknight|U-turn|p1a: Gholdengo
|-resisted|p1a: Gholdengo
|-damage|p1a: Gholdengo|98/100
|-enditem|p1a: Gholdengo|Air Balloon
|
|t:|1776080268
|switch|p2a: Clodsire|Clodsire, F|100/100|[from] U-turn
|
|upkeep
|turn|35
|
|t:|1776080272
|-terastallize|p1a: Gholdengo|Fairy
|move|p1a: Gholdengo|Shadow Ball|p2a: Clodsire
|-damage|p2a: Clodsire|81/100
|move|p2a: Clodsire|Earthquake|p1a: Gholdengo
|-damage|p1a: Gholdengo|79/100
|
|upkeep
|turn|36
|
|t:|1776080282
|move|p1a: Gholdengo|Shadow Ball|p2a: Clodsire
|-damage|p2a: Clodsire|62/100
|move|p2a: Clodsire|Earthquake|p1a: Gholdengo
|-damage|p1a: Gholdengo|60/100
|
|upkeep
|turn|37
|
|t:|1776080286
|move|p1a: Gholdengo|Shadow Ball|p2a: Clodsire
|-damage|p2a: Clodsire|44/100
|-unboost|p2a: Clodsire|spd|1
|move|p2a: Clodsire|Earthquake|p1a: Gholdengo
|-crit|p1a: Gholdengo
|-damage|p1a: Gholdengo|34/100
|
|upkeep
|turn|38
|
|t:|1776080289
|move|p1a: Gholdengo|Recover|p1a: Gholdengo
|-heal|p1a: Gholdengo|84/100
|move|p2a: Clodsire|Recover|p2a: Clodsire
|-heal|p2a: Clodsire|94/100
|
|upkeep
|turn|39
|
|t:|1776080293
|move|p1a: Gholdengo|Make It Rain|p2a: Clodsire
|-crit|p2a: Clodsire
|-damage|p2a: Clodsire|35/100
|-unboost|p1a: Gholdengo|spa|1
|move|p2a: Clodsire|Earthquake|p1a: Gholdengo
|-damage|p1a: Gholdengo|65/100
|
|upkeep
|turn|40
|
|t:|1776080302
|switch|p2a: Dondozo|Dondozo, F|100/100
|move|p1a: Gholdengo|Make It Rain|p2a: Dondozo
|-resisted|p2a: Dondozo
|-damage|p2a: Dondozo|73/100
|-unboost|p1a: Gholdengo|spa|1
|
|-heal|p2a: Dondozo|79/100|[from] item: Leftovers
|upkeep
|turn|41
|
|t:|1776080319
|switch|p2a: Blissey|Blissey, F|68/100
|move|p1a: Gholdengo|Shadow Ball|p2a: Blissey
|-immune|p2a: Blissey
|
|upkeep
|turn|42
|
|t:|1776080330
|move|p1a: Gholdengo|Nasty Plot|p1a: Gholdengo
|-boost|p1a: Gholdengo|spa|2
|move|p2a: Blissey|Soft-Boiled|p2a: Blissey
|-heal|p2a: Blissey|100/100
|
|upkeep
|turn|43
|
|t:|1776080339
|switch|p2a: Toxapex|Toxapex, M|99/100
|move|p1a: Gholdengo|Make It Rain|p2a: Toxapex
|-resisted|p2a: Toxapex
|-damage|p2a: Toxapex|45/100
|-unboost|p1a: Gholdengo|spa|1
|
|-heal|p2a: Toxapex|51/100|[from] item: Leftovers
|upkeep
|turn|44
|
|t:|1776080343
|move|p1a: Gholdengo|Shadow Ball|p2a: Toxapex
|-damage|p2a: Toxapex|0 fnt
|faint|p2a: Toxapex
|
|upkeep
|
|t:|1776080357
|switch|p2a: Dondozo|Dondozo, F|79/100
|turn|45
|
|t:|1776080362
|move|p1a: Gholdengo|Shadow Ball|p2a: Dondozo
|-damage|p2a: Dondozo|48/100
|-unboost|p2a: Dondozo|spd|1
|move|p2a: Dondozo|Avalanche|p1a: Gholdengo
|-damage|p1a: Gholdengo|44/100
|
|-heal|p2a: Dondozo|54/100|[from] item: Leftovers
|upkeep
|turn|46
|
|t:|1776080366
|move|p1a: Gholdengo|Recover|p1a: Gholdengo
|-heal|p1a: Gholdengo|94/100
|move|p2a: Dondozo|Avalanche|p1a: Gholdengo
|-crit|p1a: Gholdengo
|-damage|p1a: Gholdengo|79/100
|
|-heal|p2a: Dondozo|60/100|[from] item: Leftovers
|upkeep
|turn|47
|
|t:|1776080371
|move|p1a: Gholdengo|Make It Rain|p2a: Dondozo
|-resisted|p2a: Dondozo
|-damage|p2a: Dondozo|21/100
|-unboost|p1a: Gholdengo|spa|1
|move|p2a: Dondozo|Avalanche|p1a: Gholdengo
|-damage|p1a: Gholdengo|59/100
|
|-heal|p2a: Dondozo|27/100|[from] item: Leftovers
|upkeep
|turn|48
|inactive|hmy1 has 120 seconds left.
|inactive|hmy1 has 90 seconds left.
|inactive|hmy1 has 60 seconds left.
|inactive|hmy1 has 30 seconds left.
|inactive|hmy1 has 20 seconds left.
|inactive|hmy1 has 15 seconds left.
|inactive|hmy1 has 10 seconds left.
|inactive|hmy1 has 5 seconds left.
|-message|hmy1 lost due to inactivity.
|
|win|AlphaDreams
|raw|AlphaDreams's rating: 1297 &rarr; <strong>1323</strong><br />(+26 for winning)
|raw|hmy1's rating: 1314 &rarr; <strong>1293</strong><br />(-21 for losing)
