|j|☆Keldeo500
|j|☆xavier_4ster
|inactive|Battle timer is ON: inactive players will automatically lose when time's up.
|t:|1776119397
|gametype|singles
|player|p1|Keldeo500|102|
|player|p2|xavier_4ster|lusamine-nihilego|
|gen|9
|tier|[Gen 9] OU
|rated|Tournament battle
|rule|HP Percentage Mod: HP is shown in percentages
|rule|Endless Battle Clause: Forcing endless battles is banned
|rule|Species Clause: Limit one of each Pokémon
|rule|OHKO Clause: OHKO moves are banned
|rule|Evasion Items Clause: Evasion items are banned
|rule|Evasion Moves Clause: Evasion moves are banned
|rule|Evasion Abilities Clause: Evasion abilities are banned
|rule|Sleep Moves Clause: Sleep-inducing moves are banned
|raw|<div class="infobox"><details class="readmore" open><summary><strong>1 custom rule:</strong></summary> -wobbuffet</details></div>
|clearpoke
|poke|p1|Breloom, F|
|poke|p1|Piloswine, M|
|poke|p1|Floette, F|
|poke|p1|Wooper, F|
|poke|p2|Magmar, M|
|poke|p2|Dragapult, M|
|poke|p2|Growlithe-Hisui, M|
|poke|p2|Grimer-Alola, F|
|teampreview
|j|*Lady Monita 
|c|☆Keldeo500|glhf!
|c|☆xavier_4ster|glhf
|
|t:|1776119426
|teamsize|p1|4
|teamsize|p2|4
|start
|switch|p1a: Wooper|Wooper, F|100/100
|switch|p2a: Growlithe|Growlithe-Hisui, M|100/100
|-ability|p2a: Growlithe|Intimidate|boost
|-unboost|p1a: Wooper|atk|1
|turn|1
|
|t:|1776119435
|move|p2a: Growlithe|Stealth Rock|p1a: Wooper
|-sidestart|p1: Keldeo500|move: Stealth Rock
|move|p1a: Wooper|Earthquake|p2a: Growlithe
|-supereffective|p2a: Growlithe
|-crit|p2a: Growlithe
|-damage|p2a: Growlithe|0 fnt
|faint|p2a: Growlithe
|
|upkeep
|c|☆Keldeo500|Wooper kill let's gooooo
|
|t:|1776119445
|switch|p2a: Dragapult|Dragapult, M|100/100
|turn|2
|c|☆Keldeo500|:D
|
|t:|1776119448
|-terastallize|p2a: Dragapult|Dragon
|move|p2a: Dragapult|Dragon Darts|p1a: Wooper
|-damage|p1a: Wooper|3/100
|-anim|p2a: Dragapult|Dragon Darts|p1a: Wooper
|-damage|p1a: Wooper|0 fnt
|faint|p1a: Wooper
|-damage|p2a: Dragapult|91/100|[from] item: Life Orb
|
|upkeep
|j| omighty_dogenut
|
|t:|1776119454
|switch|p1a: Floette|Floette, F|100/100
|-damage|p1a: Floette|88/100|[from] Stealth Rock
|turn|3
|
|t:|1776119459
|switch|p2a: Grimer|Grimer-Alola, F|100/100
|move|p1a: Floette|Wish|p1a: Floette
|
|upkeep
|turn|4
|
|t:|1776119476
|switch|p1a: Piloswine|Piloswine, M|100/100
|-damage|p1a: Piloswine|88/100|[from] Stealth Rock
|move|p2a: Grimer|Toxic|p1a: Piloswine
|-status|p1a: Piloswine|tox
|
|-heal|p1a: Piloswine|100/100 tox|[from] move: Wish|[wisher] Floette
|-damage|p1a: Piloswine|94/100 tox|[from] psn
|upkeep
|turn|5
|
|t:|1776119483
|move|p2a: Grimer|Protect|p2a: Grimer
|-singleturn|p2a: Grimer|Protect
|move|p1a: Piloswine|Earthquake|p2a: Grimer
|-activate|p2a: Grimer|move: Protect
|
|-damage|p1a: Piloswine|82/100 tox|[from] psn
|upkeep
|turn|6
|
|t:|1776119499
|move|p1a: Piloswine|Earthquake|p2a: Grimer
|-supereffective|p2a: Grimer
|-damage|p2a: Grimer|22/100
|move|p2a: Grimer|Pain Split|p1a: Piloswine
|-sethp|p1a: Piloswine|51/100 tox|[from] move: Pain Split|[silent]
|-sethp|p2a: Grimer|57/100|[from] move: Pain Split
|
|-heal|p2a: Grimer|63/100|[from] item: Black Sludge
|-damage|p1a: Piloswine|32/100 tox|[from] psn
|upkeep
|turn|7
|j| ShadowTree87
|
|t:|1776119505
|switch|p1a: Floette|Floette, F|88/100
|-damage|p1a: Floette|75/100|[from] Stealth Rock
|move|p2a: Grimer|Protect||[still]
|-fail|p2a: Grimer
|
|-heal|p2a: Grimer|69/100|[from] item: Black Sludge
|upkeep
|turn|8
|
|t:|1776119510
|move|p1a: Floette|Wish|p1a: Floette
|move|p2a: Grimer|Toxic|p1a: Floette
|-status|p1a: Floette|tox
|
|-heal|p2a: Grimer|75/100|[from] item: Black Sludge
|-damage|p1a: Floette|69/100 tox|[from] psn
|upkeep
|turn|9
|
|t:|1776119514
|move|p1a: Floette|Moonblast|p2a: Grimer
|-damage|p2a: Grimer|31/100
|-unboost|p2a: Grimer|spa|1
|move|p2a: Grimer|Knock Off|p1a: Floette
|-resisted|p1a: Floette
|-damage|p1a: Floette|55/100 tox
|-enditem|p1a: Floette|Eviolite|[from] move: Knock Off|[of] p2a: Grimer
|
|-heal|p1a: Floette|100/100 tox|[from] move: Wish|[wisher] Floette
|-heal|p2a: Grimer|37/100|[from] item: Black Sludge
|-damage|p1a: Floette|88/100 tox|[from] psn
|upkeep
|turn|10
|
|t:|1776119521
|move|p2a: Grimer|Protect|p2a: Grimer
|-singleturn|p2a: Grimer|Protect
|move|p1a: Floette|Wish|p1a: Floette
|
|-heal|p2a: Grimer|43/100|[from] item: Black Sludge
|-damage|p1a: Floette|70/100 tox|[from] psn
|upkeep
|turn|11
|
|t:|1776119532
|switch|p1a: Piloswine|Piloswine, M|32/100 tox
|-damage|p1a: Piloswine|20/100 tox|[from] Stealth Rock
|switch|p2a: Magmar|Magmar, M|100/100
|
|-heal|p1a: Piloswine|59/100 tox|[from] move: Wish|[wisher] Floette
|-damage|p1a: Piloswine|52/100 tox|[from] psn
|upkeep
|turn|12
|
|t:|1776119553
|-terastallize|p1a: Piloswine|Dragon
|move|p2a: Magmar|Flamethrower|p1a: Piloswine
|-resisted|p1a: Piloswine
|-damage|p1a: Piloswine|44/100 tox
|move|p1a: Piloswine|Earthquake|p2a: Magmar
|-supereffective|p2a: Magmar
|-damage|p2a: Magmar|0 fnt
|faint|p2a: Magmar
|
|-damage|p1a: Piloswine|31/100 tox|[from] psn
|upkeep
|
|t:|1776119557
|switch|p2a: Dragapult|Dragapult, M, tera:Dragon|91/100
|turn|13
|
|t:|1776119561
|move|p1a: Piloswine|Ice Shard|p2a: Dragapult
|-supereffective|p2a: Dragapult
|-damage|p2a: Dragapult|47/100
|move|p2a: Dragapult|Dragon Darts|p1a: Piloswine
|-supereffective|p1a: Piloswine
|-damage|p1a: Piloswine|0 fnt
|faint|p1a: Piloswine
|-damage|p2a: Dragapult|37/100|[from] item: Life Orb
|
|upkeep
|
|t:|1776119564
|switch|p1a: Floette|Floette, F|70/100 tox
|-damage|p1a: Floette|58/100 tox|[from] Stealth Rock
|turn|14
|
|t:|1776119568
|move|p2a: Dragapult|U-turn|p1a: Floette
|-resisted|p1a: Floette
|-damage|p1a: Floette|34/100 tox
|-damage|p2a: Dragapult|27/100|[from] item: Life Orb
|
|t:|1776119570
|switch|p2a: Grimer|Grimer-Alola, F|43/100|[from] U-turn
|move|p1a: Floette|Moonblast|p2a: Grimer
|-damage|p2a: Grimer|0 fnt
|faint|p2a: Grimer
|
|-damage|p1a: Floette|28/100 tox|[from] psn
|upkeep
|
|t:|1776119571
|switch|p2a: Dragapult|Dragapult, M, tera:Dragon|27/100
|turn|15
|j| ajaxxwith2xs
|c|☆xavier_4ster|if u have mach punch u won
|j| somenessmain
|
|t:|1776119593
|move|p2a: Dragapult|Psychic Fangs|p1a: Floette
|-damage|p1a: Floette|0 fnt
|faint|p1a: Floette
|-damage|p2a: Dragapult|17/100|[from] item: Life Orb
|
|upkeep
|c|☆Keldeo500|iiii
|
|t:|1776119596
|switch|p1a: Loomy|Breloom, F|100/100
|-damage|p1a: Loomy|94/100|[from] Stealth Rock
|turn|16
|c|☆Keldeo500|I had
|c|☆Keldeo500|sash
|c|☆Keldeo500|UwU
|c|☆Keldeo500|yeah should have put mach punch
|l| somenessmain
|c|☆Keldeo500|oopsieee
|
|t:|1776119618
|move|p2a: Dragapult|Dragon Darts|p1a: Loomy
|-damage|p1a: Loomy|26/100
|-anim|p2a: Dragapult|Dragon Darts|p1a: Loomy
|-damage|p1a: Loomy|0 fnt
|faint|p1a: Loomy
|-damage|p2a: Dragapult|8/100|[from] item: Life Orb
|
|win|xavier_4ster
|n|☆Keldeo500|keldeo500
|n|☆xavier_4ster|xavier4ster
|n|*Lady Monita |ladymonita
|n| omighty_dogenut|omightydogenut
|n| ShadowTree87|shadowtree87
|n| ajaxxwith2xs|ajaxxwith2xs
