|html|<div class="broadcast-blue"><strong>[Gen 9] OU is currently suspecting Volcarona! For information on how to participate check out the <a href="https://www.smogon.com/tools/suspects/view/208">suspect thread</a>.</strong></div>
|j|☆jack flabre gun
|j|☆yunubetter
|t:|1778516376
|gametype|singles
|player|p1|jack flabre gun|roxie|1370
|player|p2|yunubetter|liza|1359
|gen|9
|tier|[Gen 9] OU
|rated|
|rule|HP Percentage Mod: HP is shown in percentages
|rule|Endless Battle Clause: Forcing endless battles is banned
|rule|Species Clause: Limit one of each Pokémon
|rule|OHKO Clause: OHKO moves are banned
|rule|Evasion Items Clause: Evasion items are banned
|rule|Evasion Moves Clause: Evasion moves are banned
|rule|Evasion Abilities Clause: Evasion abilities are banned
|rule|Sleep Moves Clause: Sleep-inducing moves are banned
|clearpoke
|poke|p1|Torkoal, F|
|poke|p1|Volcarona, M|
|poke|p1|Iron Moth|
|poke|p1|Slither Wing|
|poke|p1|Garchomp, F|
|poke|p1|Hatterene, F|
|poke|p2|Zapdos|
|poke|p2|Kyurem|
|poke|p2|Revavroom, F|
|poke|p2|Great Tusk|
|poke|p2|Zamazenta-*|
|poke|p2|Volcarona, M|
|teampreview
|inactive|Battle timer is ON: inactive players will automatically lose when time's up. (requested by jack flabre gun)
|
|t:|1778516382
|teamsize|p1|6
|teamsize|p2|6
|start
|switch|p1a: Iron Moth|Iron Moth|100/100
|switch|p2a: Kyurem|Kyurem, shiny|100/100
|-ability|p2a: Kyurem|Pressure
|turn|1
|
|t:|1778516393
|move|p1a: Iron Moth|Dazzling Gleam|p2a: Kyurem
|-supereffective|p2a: Kyurem
|-damage|p2a: Kyurem|20/100
|move|p2a: Kyurem|Earth Power|p1a: Iron Moth
|-supereffective|p1a: Iron Moth
|-damage|p1a: Iron Moth|0 fnt
|faint|p1a: Iron Moth
|-end|p1a: Iron Moth|Quark Drive|[silent]
|
|upkeep
|
|t:|1778516395
|switch|p1a: Hatterene|Hatterene, F|100/100
|turn|2
|
|t:|1778516403
|switch|p2a: Revavroom|Revavroom, F|100/100
|-item|p2a: Revavroom|Air Balloon
|move|p1a: Hatterene|Trick Room|p1a: Hatterene
|-fieldstart|move: Trick Room|[of] p1a: Hatterene
|
|upkeep
|turn|3
|
|t:|1778516419
|-terastallize|p1a: Hatterene|Steel
|move|p1a: Hatterene|Calm Mind|p1a: Hatterene
|-boost|p1a: Hatterene|spa|1
|-boost|p1a: Hatterene|spd|1
|move|p2a: Revavroom|Poison Jab|p1a: Hatterene
|-immune|p1a: Hatterene
|
|upkeep
|turn|4
|
|t:|1778516422
|move|p1a: Hatterene|Psychic|p2a: Revavroom
|-damage|p2a: Revavroom|0 fnt
|-enditem|p2a: Revavroom|Air Balloon
|faint|p2a: Revavroom
|
|upkeep
|
|t:|1778516445
|switch|p2a: Great Tusk|Great Tusk, shiny|100/100
|turn|5
|
|t:|1778516449
|-terastallize|p2a: Great Tusk|Fairy
|move|p1a: Hatterene|Psychic|p2a: Great Tusk
|-damage|p2a: Great Tusk|19/100
|-unboost|p2a: Great Tusk|spd|1
|move|p2a: Great Tusk|Earthquake|p1a: Hatterene
|-supereffective|p1a: Hatterene
|-damage|p1a: Hatterene|0 fnt
|faint|p1a: Hatterene
|
|upkeep
|
|t:|1778516455
|switch|p1a: Gilded Guy|Slither Wing, shiny|100/100
|-enditem|p1a: Gilded Guy|Booster Energy
|-activate|p1a: Gilded Guy|ability: Protosynthesis|[fromitem]
|-start|p1a: Gilded Guy|protosynthesisatk
|turn|6
|
|t:|1778516463
|move|p1a: Gilded Guy|Acrobatics|p2a: Great Tusk
|-damage|p2a: Great Tusk|0 fnt
|faint|p2a: Great Tusk
|-end|p2a: Great Tusk|Protosynthesis|[silent]
|
|-fieldend|move: Trick Room
|upkeep
|inactive|yunubetter has 120 seconds left.
|
|t:|1778516495
|switch|p2a: Kyurem|Kyurem, shiny|20/100
|-ability|p2a: Kyurem|Pressure
|turn|7
|
|t:|1778516507
|-end|p1a: Gilded Guy|Protosynthesis|[silent]
|switch|p1a: Torkoal|Torkoal, F|100/100
|-weather|SunnyDay|[from] ability: Drought|[of] p1a: Torkoal
|move|p2a: Kyurem|Psychic|p1a: Torkoal
|-damage|p1a: Torkoal|61/100
|
|-weather|SunnyDay|[upkeep]
|upkeep
|turn|8
|
|t:|1778516515
|move|p2a: Kyurem|Earth Power|p1a: Torkoal
|-supereffective|p1a: Torkoal
|-damage|p1a: Torkoal|0 fnt
|faint|p1a: Torkoal
|
|-weather|SunnyDay|[upkeep]
|upkeep
|
|t:|1778516518
|switch|p1a: Garchomp|Garchomp, F|100/100
|turn|9
|
|t:|1778516522
|move|p1a: Garchomp|Scale Shot|p2a: Kyurem
|-supereffective|p2a: Kyurem
|-damage|p2a: Kyurem|0 fnt
|faint|p2a: Kyurem
|-hitcount|p2: Kyurem|1
|-unboost|p1a: Garchomp|def|1
|-boost|p1a: Garchomp|spe|1
|
|-weather|SunnyDay|[upkeep]
|upkeep
|
|t:|1778516526
|switch|p2a: Zazamenta|Zamazenta, shiny|100/100
|-ability|p2a: Zazamenta|Dauntless Shield|boost
|-boost|p2a: Zazamenta|def|1
|turn|10
|
|t:|1778516532
|switch|p1a: Gilded Guy|Slither Wing, shiny|100/100
|-activate|p1a: Gilded Guy|ability: Protosynthesis
|-start|p1a: Gilded Guy|protosynthesisatk
|move|p2a: Zazamenta|Body Press|p1a: Gilded Guy
|-resisted|p1a: Gilded Guy
|-damage|p1a: Gilded Guy|70/100
|
|-weather|SunnyDay|[upkeep]
|upkeep
|turn|11
|
|t:|1778516540
|move|p2a: Zazamenta|Iron Defense|p2a: Zazamenta
|-boost|p2a: Zazamenta|def|2
|move|p1a: Gilded Guy|Acrobatics|p2a: Zazamenta
|-supereffective|p2a: Zazamenta
|-damage|p2a: Zazamenta|71/100
|
|-weather|SunnyDay|[upkeep]
|-heal|p2a: Zazamenta|77/100|[from] item: Leftovers
|upkeep
|turn|12
|
|t:|1778516544
|-end|p1a: Gilded Guy|Protosynthesis|[silent]
|switch|p1a: Volcarona|Volcarona, M|100/100
|move|p2a: Zazamenta|Body Press|p1a: Volcarona
|-resisted|p1a: Volcarona
|-damage|p1a: Volcarona|32/100
|
|-weather|SunnyDay|[upkeep]
|-heal|p2a: Zazamenta|83/100|[from] item: Leftovers
|upkeep
|turn|13
|
|t:|1778516549
|move|p2a: Zazamenta|Body Press|p1a: Volcarona
|-resisted|p1a: Volcarona
|-damage|p1a: Volcarona|0 fnt
|-status|p2a: Zazamenta|brn|[from] ability: Flame Body|[of] p1a: Volcarona
|faint|p1a: Volcarona
|
|-weather|SunnyDay|[upkeep]
|-heal|p2a: Zazamenta|89/100 brn|[from] item: Leftovers
|-damage|p2a: Zazamenta|83/100 brn|[from] brn
|upkeep
|
|t:|1778516553
|switch|p1a: Garchomp|Garchomp, F|100/100
|turn|14
|
|t:|1778516557
|move|p2a: Zazamenta|Iron Defense|p2a: Zazamenta
|-boost|p2a: Zazamenta|def|2
|move|p1a: Garchomp|Swords Dance|p1a: Garchomp
|-boost|p1a: Garchomp|atk|2
|
|-weather|none
|-heal|p2a: Zazamenta|89/100 brn|[from] item: Leftovers
|-damage|p2a: Zazamenta|83/100 brn|[from] brn
|upkeep
|turn|15
|
|t:|1778516567
|move|p2a: Zazamenta|Body Press|p1a: Garchomp
|-damage|p1a: Garchomp|43/100
|-damage|p2a: Zazamenta|71/100 brn|[from] ability: Rough Skin|[of] p1a: Garchomp
|move|p1a: Garchomp|Swords Dance|p1a: Garchomp
|-boost|p1a: Garchomp|atk|2
|
|-heal|p2a: Zazamenta|77/100 brn|[from] item: Leftovers
|-damage|p2a: Zazamenta|71/100 brn|[from] brn
|upkeep
|turn|16
|
|t:|1778516578
|move|p1a: Garchomp|Endure|p1a: Garchomp
|-singleturn|p1a: Garchomp|move: Endure
|move|p2a: Zazamenta|Body Press|p1a: Garchomp
|-activate|p1a: Garchomp|move: Endure
|-damage|p1a: Garchomp|1/100
|-damage|p2a: Zazamenta|58/100 brn|[from] ability: Rough Skin|[of] p1a: Garchomp
|
|-heal|p2a: Zazamenta|64/100 brn|[from] item: Leftovers
|-damage|p2a: Zazamenta|58/100 brn|[from] brn
|upkeep
|turn|17
|-enditem|p1a: Garchomp|Custap Berry|[eat]
|-activate|p1a: Garchomp|item: Custap Berry|[consumed]
|
|t:|1778516583
|move|p1a: Garchomp|Earthquake|p2a: Zazamenta
|-damage|p2a: Zazamenta|29/100 brn
|move|p2a: Zazamenta|Body Press|p1a: Garchomp
|-damage|p1a: Garchomp|0 fnt
|-damage|p2a: Zazamenta|17/100 brn|[from] ability: Rough Skin|[of] p1a: Garchomp
|faint|p1a: Garchomp
|
|-heal|p2a: Zazamenta|23/100 brn|[from] item: Leftovers
|-damage|p2a: Zazamenta|17/100 brn|[from] brn
|upkeep
|
|t:|1778516586
|switch|p1a: Gilded Guy|Slither Wing, shiny|70/100
|turn|18
|
|t:|1778516590
|move|p2a: Zazamenta|Body Press|p1a: Gilded Guy
|-resisted|p1a: Gilded Guy
|-damage|p1a: Gilded Guy|34/100
|move|p1a: Gilded Guy|Bulk Up|p1a: Gilded Guy
|-boost|p1a: Gilded Guy|atk|1
|-boost|p1a: Gilded Guy|def|1
|
|-heal|p2a: Zazamenta|23/100 brn|[from] item: Leftovers
|-damage|p2a: Zazamenta|17/100 brn|[from] brn
|upkeep
|turn|19
|
|t:|1778516593
|move|p2a: Zazamenta|Body Press|p1a: Gilded Guy
|-resisted|p1a: Gilded Guy
|-damage|p1a: Gilded Guy|11/100
|move|p1a: Gilded Guy|Acrobatics|p2a: Zazamenta
|-supereffective|p2a: Zazamenta
|-damage|p2a: Zazamenta|0 fnt
|faint|p2a: Zazamenta
|
|upkeep
|
|t:|1778516601
|switch|p2a: Zapdos|Zapdos, shiny|100/100
|turn|20
|
|t:|1778516604
|move|p2a: Zapdos|Volt Switch|p1a: Gilded Guy
|-damage|p1a: Gilded Guy|0 fnt
|faint|p1a: Gilded Guy
|-end|p1a: Gilded Guy|Protosynthesis|[silent]
|
|win|yunubetter
|raw|jack flabre gun's rating: 1348 &rarr; <strong>1329</strong><br />(-19 for losing)
|raw|yunubetter's rating: 1359 &rarr; <strong>1378</strong><br />(+19 for winning)
|l|☆jack flabre gun
|player|p1|
|l|☆yunubetter
|player|p2|
