|html|<div class="broadcast-blue"><strong>[Gen 9] OU is currently suspecting Volcarona! For information on how to participate check out the <a href="https://www.smogon.com/tools/suspects/view/208">suspect thread</a>.</strong></div>
|j|☆baakrisht
|j|☆socaselectah
|t:|1778502644
|gametype|singles
|player|p1|baakrisht|169|1209
|player|p2|socaselectah|101|1231
|gen|9
|tier|[Gen 9] OU
|rated|
|rule|HP Percentage Mod: HP is shown in percentages
|rule|Endless Battle Clause: Forcing endless battles is banned
|rule|Species Clause: Limit one of each Pokémon
|rule|OHKO Clause: OHKO moves are banned
|rule|Evasion Items Clause: Evasion items are banned
|rule|Evasion Moves Clause: Evasion moves are banned
|rule|Evasion Abilities Clause: Evasion abilities are banned
|rule|Sleep Moves Clause: Sleep-inducing moves are banned
|clearpoke
|poke|p1|Espeon, F|
|poke|p1|Goodra, F|
|poke|p1|Weezing-Galar, F|
|poke|p1|Orthworm, F|
|poke|p1|Suicune|
|poke|p1|Munkidori, M|
|poke|p2|Torkoal, F|
|poke|p2|Mandibuzz, F|
|poke|p2|Iron Moth|
|poke|p2|Clefable, F|
|poke|p2|Zarude|
|poke|p2|Walking Wake|
|teampreview
|inactive|Battle timer is ON: inactive players will automatically lose when time's up. (requested by socaselectah)
|
|t:|1778502648
|teamsize|p1|6
|teamsize|p2|6
|start
|switch|p1a: लसलस|Goodra, F|100/100
|switch|p2a: Clefable|Clefable, F|100/100
|turn|1
|
|t:|1778502651
|move|p1a: लसलस|Sludge Bomb|p2a: Clefable
|-supereffective|p2a: Clefable
|-damage|p2a: Clefable|70/100
|move|p2a: Clefable|Trick|p1a: लसलस
|-activate|p2a: Clefable|move: Trick|[of] p1a: लसलस
|-item|p1a: लसलस|Choice Scarf|[from] move: Trick
|-item|p2a: Clefable|Damp Rock|[from] move: Trick
|
|upkeep
|turn|2
|
|t:|1778502661
|move|p1a: लसलस|Sludge Bomb|p2a: Clefable
|-supereffective|p2a: Clefable
|-damage|p2a: Clefable|39/100
|move|p2a: Clefable|Stealth Rock|p1a: लसलस
|-sidestart|p1: baakrisht|move: Stealth Rock
|
|upkeep
|turn|3
|
|t:|1778502670
|move|p1a: लसलस|Sludge Bomb|p2a: Clefable
|-supereffective|p2a: Clefable
|-damage|p2a: Clefable|7/100
|-status|p2a: Clefable|psn
|move|p2a: Clefable|Moonlight|p2a: Clefable
|-heal|p2a: Clefable|57/100 psn
|
|-damage|p2a: Clefable|45/100 psn|[from] psn
|upkeep
|turn|4
|
|t:|1778502679
|move|p1a: लसलस|Sludge Bomb|p2a: Clefable
|-supereffective|p2a: Clefable
|-damage|p2a: Clefable|16/100 psn
|move|p2a: Clefable|Moonlight|p2a: Clefable
|-heal|p2a: Clefable|66/100 psn
|
|-damage|p2a: Clefable|53/100 psn|[from] psn
|upkeep
|turn|5
|
|t:|1778502682
|move|p1a: लसलस|Sludge Bomb|p2a: Clefable
|-supereffective|p2a: Clefable
|-damage|p2a: Clefable|20/100 psn
|move|p2a: Clefable|Moonlight|p2a: Clefable
|-heal|p2a: Clefable|70/100 psn
|
|-damage|p2a: Clefable|58/100 psn|[from] psn
|upkeep
|turn|6
|
|t:|1778502689
|-terastallize|p1a: लसलस|Poison
|move|p1a: लसलस|Sludge Bomb|p2a: Clefable
|-supereffective|p2a: Clefable
|-damage|p2a: Clefable|15/100 psn
|move|p2a: Clefable|Moonlight|p2a: Clefable
|-heal|p2a: Clefable|65/100 psn
|
|-damage|p2a: Clefable|52/100 psn|[from] psn
|upkeep
|turn|7
|
|t:|1778502695
|switch|p2a: Torkoal|Torkoal, F|100/100
|-weather|SunnyDay|[from] ability: Drought|[of] p2a: Torkoal
|move|p1a: लसलस|Sludge Bomb|p2a: Torkoal
|-damage|p2a: Torkoal|57/100
|-status|p2a: Torkoal|psn
|
|-weather|SunnyDay|[upkeep]
|-damage|p2a: Torkoal|45/100 psn|[from] psn
|upkeep
|turn|8
|
|t:|1778502707
|switch|p2a: Iron Moth|Iron Moth|100/100
|-enditem|p2a: Iron Moth|Booster Energy
|-activate|p2a: Iron Moth|ability: Quark Drive|[fromitem]
|-start|p2a: Iron Moth|quarkdrivespe
|move|p1a: लसलस|Sludge Bomb|p2a: Iron Moth
|-resisted|p2a: Iron Moth
|-damage|p2a: Iron Moth|86/100
|
|-weather|SunnyDay|[upkeep]
|upkeep
|turn|9
|
|t:|1778502716
|switch|p1a: Suicune|Suicune|100/100
|-damage|p1a: Suicune|88/100|[from] Stealth Rock
|-ability|p1a: Suicune|Pressure
|move|p2a: Iron Moth|Substitute|p2a: Iron Moth
|-start|p2a: Iron Moth|Substitute
|-damage|p2a: Iron Moth|61/100
|
|-weather|SunnyDay|[upkeep]
|-heal|p1a: Suicune|94/100|[from] item: Leftovers
|upkeep
|turn|10
|
|t:|1778502718
|move|p2a: Iron Moth|Solar Beam||[still]
|-prepare|p2a: Iron Moth|Solar Beam
|-anim|p2a: Iron Moth|Solar Beam|p1a: Suicune
|-supereffective|p1a: Suicune
|-damage|p1a: Suicune|29/100
|move|p1a: Suicune|Roar|p2a: Iron Moth
|-end|p2a: Iron Moth|Quark Drive|[silent]
|drag|p2a: Clefable|Clefable, F|52/100 psn
|
|-weather|SunnyDay|[upkeep]
|-heal|p1a: Suicune|36/100|[from] item: Leftovers
|-damage|p2a: Clefable|40/100 psn|[from] psn
|upkeep
|turn|11
|
|t:|1778502732
|switch|p1a: बिलाई मौसी|Espeon, F|100/100
|-damage|p1a: बिलाई मौसी|88/100|[from] Stealth Rock
|move|p2a: Clefable|Moonblast|p1a: बिलाई मौसी
|-damage|p1a: बिलाई मौसी|63/100
|-unboost|p1a: बिलाई मौसी|spa|1
|
|-weather|SunnyDay|[upkeep]
|-damage|p2a: Clefable|27/100 psn|[from] psn
|upkeep
|turn|12
|
|t:|1778502738
|move|p1a: बिलाई मौसी|Trick|p2a: Clefable
|-activate|p1a: बिलाई मौसी|move: Trick|[of] p2a: Clefable
|-item|p2a: Clefable|Choice Scarf|[from] move: Trick
|-item|p1a: बिलाई मौसी|Damp Rock|[from] move: Trick
|move|p2a: Clefable|Trick|p1a: बिलाई मौसी
|-activate|p2a: Clefable|move: Trick|[of] p1a: बिलाई मौसी
|-item|p1a: बिलाई मौसी|Choice Scarf|[from] move: Trick
|-item|p2a: Clefable|Damp Rock|[from] move: Trick
|
|-weather|SunnyDay|[upkeep]
|-damage|p2a: Clefable|15/100 psn|[from] psn
|upkeep
|turn|13
|
|t:|1778502748
|switch|p2a: Iron Moth|Iron Moth|61/100
|move|p1a: बिलाई मौसी|Psychic|p2a: Iron Moth
|-supereffective|p2a: Iron Moth
|-damage|p2a: Iron Moth|11/100
|
|-weather|SunnyDay|[upkeep]
|upkeep
|turn|14
|
|t:|1778502753
|move|p1a: बिलाई मौसी|Psychic|p2a: Iron Moth
|-supereffective|p2a: Iron Moth
|-crit|p2a: Iron Moth
|-damage|p2a: Iron Moth|0 fnt
|faint|p2a: Iron Moth
|-end|p2a: Iron Moth|Quark Drive|[silent]
|
|-weather|none
|upkeep
|
|t:|1778502756
|switch|p2a: Torkoal|Torkoal, F|45/100 psn
|-weather|SunnyDay|[from] ability: Drought|[of] p2a: Torkoal
|turn|15
|
|t:|1778502764
|switch|p2a: Zarude|Zarude|100/100
|move|p1a: बिलाई मौसी|Psychic|p2a: Zarude
|-immune|p2a: Zarude
|
|-weather|SunnyDay|[upkeep]
|upkeep
|turn|16
|
|t:|1778502766
|switch|p1a: लाठ साहब|Weezing-Galar, F|100/100
|-damage|p1a: लाठ साहब|88/100|[from] Stealth Rock
|move|p2a: Zarude|Swords Dance|p2a: Zarude
|-boost|p2a: Zarude|atk|2
|
|-weather|SunnyDay|[upkeep]
|upkeep
|turn|17
|
|t:|1778502772
|move|p2a: Zarude|Solar Blade||[still]
|-prepare|p2a: Zarude|Solar Blade
|-anim|p2a: Zarude|Solar Blade|p1a: लाठ साहब
|-resisted|p1a: लाठ साहब
|-damage|p1a: लाठ साहब|54/100
|-damage|p2a: Zarude|84/100|[from] item: Rocky Helmet|[of] p1a: लाठ साहब
|move|p1a: लाठ साहब|Clear Smog|p2a: Zarude
|-supereffective|p2a: Zarude
|-damage|p2a: Zarude|59/100
|-clearboost|p2a: Zarude
|
|-weather|SunnyDay|[upkeep]
|-heal|p2a: Zarude|65/100|[from] item: Leftovers
|upkeep
|turn|18
|
|t:|1778502783
|switch|p2a: Mandibuzz|Mandibuzz, F|100/100
|move|p1a: लाठ साहब|Toxic Spikes|p2a: Mandibuzz
|-sidestart|p2: socaselectah|move: Toxic Spikes
|
|-weather|SunnyDay|[upkeep]
|upkeep
|turn|19
|
|t:|1778502788
|move|p2a: Mandibuzz|Knock Off|p1a: लाठ साहब
|-resisted|p1a: लाठ साहब
|-damage|p1a: लाठ साहब|46/100
|-damage|p2a: Mandibuzz|84/100|[from] item: Rocky Helmet|[of] p1a: लाठ साहब
|-enditem|p1a: लाठ साहब|Rocky Helmet|[from] move: Knock Off|[of] p2a: Mandibuzz
|move|p1a: लाठ साहब|Clear Smog|p2a: Mandibuzz
|-damage|p2a: Mandibuzz|70/100
|-clearboost|p2a: Mandibuzz
|
|-weather|SunnyDay|[upkeep]
|-heal|p2a: Mandibuzz|77/100|[from] item: Leftovers
|upkeep
|turn|20
|
|t:|1778502792
|move|p2a: Mandibuzz|Foul Play|p1a: लाठ साहब
|-resisted|p1a: लाठ साहब
|-damage|p1a: लाठ साहब|39/100
|move|p1a: लाठ साहब|Destiny Bond|p1a: लाठ साहब
|-singlemove|p1a: लाठ साहब|Destiny Bond
|
|-weather|SunnyDay|[upkeep]
|-heal|p2a: Mandibuzz|83/100|[from] item: Leftovers
|upkeep
|turn|21
|
|t:|1778502799
|move|p2a: Mandibuzz|Foul Play|p1a: लाठ साहब
|-resisted|p1a: लाठ साहब
|-damage|p1a: लाठ साहब|30/100
|move|p1a: लाठ साहब|Flamethrower|p2a: Mandibuzz
|-damage|p2a: Mandibuzz|61/100
|
|-weather|SunnyDay|[upkeep]
|-heal|p2a: Mandibuzz|67/100|[from] item: Leftovers
|upkeep
|turn|22
|
|t:|1778502802
|move|p2a: Mandibuzz|Foul Play|p1a: लाठ साहब
|-resisted|p1a: लाठ साहब
|-damage|p1a: लाठ साहब|22/100
|move|p1a: लाठ साहब|Flamethrower|p2a: Mandibuzz
|-damage|p2a: Mandibuzz|42/100
|
|-weather|none
|-heal|p2a: Mandibuzz|48/100|[from] item: Leftovers
|upkeep
|turn|23
|
|t:|1778502807
|move|p2a: Mandibuzz|Roost|p2a: Mandibuzz
|-heal|p2a: Mandibuzz|99/100
|-singleturn|p2a: Mandibuzz|move: Roost
|move|p1a: लाठ साहब|Flamethrower|p2a: Mandibuzz
|-damage|p2a: Mandibuzz|84/100
|-status|p2a: Mandibuzz|brn
|
|-heal|p2a: Mandibuzz|91/100 brn|[from] item: Leftovers
|-damage|p2a: Mandibuzz|84/100 brn|[from] brn
|upkeep
|turn|24
|
|t:|1778502816
|switch|p1a: दील दो 💖|Orthworm, F|100/100
|-damage|p1a: दील दो 💖|94/100|[from] Stealth Rock
|move|p2a: Mandibuzz|Foul Play|p1a: दील दो 💖
|-damage|p1a: दील दो 💖|87/100
|
|-heal|p2a: Mandibuzz|91/100 brn|[from] item: Leftovers
|-heal|p1a: दील दो 💖|93/100|[from] item: Leftovers
|-damage|p2a: Mandibuzz|84/100 brn|[from] brn
|upkeep
|turn|25
|
|t:|1778502824
|move|p2a: Mandibuzz|Knock Off|p1a: दील दो 💖
|-damage|p1a: दील दो 💖|86/100
|-enditem|p1a: दील दो 💖|Leftovers|[from] move: Knock Off|[of] p2a: Mandibuzz
|move|p1a: दील दो 💖|Earthquake|p2a: Mandibuzz
|-immune|p2a: Mandibuzz
|
|-heal|p2a: Mandibuzz|91/100 brn|[from] item: Leftovers
|-damage|p2a: Mandibuzz|84/100 brn|[from] brn
|upkeep
|turn|26
|
|t:|1778502837
|switch|p2a: Clefable|Clefable, F|15/100 psn
|move|p1a: दील दो 💖|Stealth Rock|p2a: Clefable
|-sidestart|p2: socaselectah|move: Stealth Rock
|
|-damage|p2a: Clefable|3/100 psn|[from] psn
|upkeep
|turn|27
|
|t:|1778502850
|move|p1a: दील दो 💖|Earthquake|p2a: Clefable
|-damage|p2a: Clefable|0 fnt
|faint|p2a: Clefable
|
|upkeep
|
|t:|1778502853
|switch|p2a: Mandibuzz|Mandibuzz, F|84/100 brn
|-damage|p2a: Mandibuzz|60/100 brn|[from] Stealth Rock
|turn|28
|
|t:|1778502857
|move|p2a: Mandibuzz|Defog|p1a: दील दो 💖
|-unboost|p1a: दील दो 💖|evasion|1
|-sideend|p1: baakrisht|Stealth Rock|[from] move: Defog|[of] p2a: Mandibuzz
|-sideend|p2: socaselectah|Toxic Spikes|[from] move: Defog|[of] p2a: Mandibuzz
|-sideend|p2: socaselectah|Stealth Rock|[from] move: Defog|[of] p2a: Mandibuzz
|move|p1a: दील दो 💖|Iron Defense|p1a: दील दो 💖
|-boost|p1a: दील दो 💖|def|2
|
|-heal|p2a: Mandibuzz|66/100 brn|[from] item: Leftovers
|-damage|p2a: Mandibuzz|60/100 brn|[from] brn
|upkeep
|turn|29
|
|t:|1778502864
|switch|p2a: Torkoal|Torkoal, F|45/100 psn
|-weather|SunnyDay|[from] ability: Drought|[of] p2a: Torkoal
|move|p1a: दील दो 💖|Body Press|p2a: Torkoal
|-damage|p2a: Torkoal|7/100 psn
|
|-weather|SunnyDay|[upkeep]
|-damage|p2a: Torkoal|0 fnt|[from] psn
|faint|p2a: Torkoal
|upkeep
|
|t:|1778502869
|switch|p2a: Walking Wake|Walking Wake|100/100
|-activate|p2a: Walking Wake|ability: Protosynthesis
|-start|p2a: Walking Wake|protosynthesisspa
|turn|30
|
|t:|1778502875
|move|p2a: Walking Wake|Agility|p2a: Walking Wake
|-boost|p2a: Walking Wake|spe|2
|move|p1a: दील दो 💖|Body Press|p2a: Walking Wake
|-damage|p2a: Walking Wake|40/100
|
|-weather|SunnyDay|[upkeep]
|upkeep
|turn|31
|
|t:|1778502883
|move|p2a: Walking Wake|Hydro Steam|p1a: दील दो 💖
|-damage|p1a: दील दो 💖|0 fnt
|faint|p1a: दील दो 💖
|
|-weather|SunnyDay|[upkeep]
|upkeep
|
|t:|1778502906
|switch|p1a: Munkidori|Munkidori, M|100/100
|turn|32
|
|t:|1778502919
|move|p2a: Walking Wake|Hydro Steam|p1a: Munkidori
|-damage|p1a: Munkidori|39/100
|move|p1a: Munkidori|Future Sight|p2a: Walking Wake
|-start|p1a: Munkidori|move: Future Sight
|
|-weather|SunnyDay|[upkeep]
|-heal|p1a: Munkidori|45/100|[from] item: Black Sludge
|upkeep
|turn|33
|
|t:|1778502925
|switch|p1a: लसलस|Goodra, F, tera:Poison|100/100
|move|p2a: Walking Wake|Hydro Steam|p1a: लसलस
|-damage|p1a: लसलस|45/100
|
|-weather|SunnyDay|[upkeep]
|upkeep
|turn|34
|
|t:|1778502937
|move|p2a: Walking Wake|Hydro Steam|p1a: लसलस
|-damage|p1a: लसलस|0 fnt
|faint|p1a: लसलस
|
|-weather|SunnyDay|[upkeep]
|-end|p2a: Walking Wake|move: Future Sight
|-damage|p2a: Walking Wake|0 fnt
|faint|p2a: Walking Wake
|-end|p2a: Walking Wake|Protosynthesis|[silent]
|upkeep
|
|t:|1778502948
|switch|p1a: लाठ साहब|Weezing-Galar, F|22/100
|switch|p2a: Zarude|Zarude|65/100
|turn|35
|
|t:|1778502957
|-terastallize|p2a: Zarude|Dragon
|move|p2a: Zarude|Swords Dance|p2a: Zarude
|-boost|p2a: Zarude|atk|2
|move|p1a: लाठ साहब|Destiny Bond|p1a: लाठ साहब
|-singlemove|p1a: लाठ साहब|Destiny Bond
|
|-weather|SunnyDay|[upkeep]
|-heal|p2a: Zarude|71/100|[from] item: Leftovers
|upkeep
|turn|36
|
|t:|1778502965
|move|p2a: Zarude|Trailblaze|p1a: लाठ साहब
|-resisted|p1a: लाठ साहब
|-damage|p1a: लाठ साहब|7/100
|-boost|p2a: Zarude|spe|1
|move|p1a: लाठ साहब|Clear Smog|p2a: Zarude
|-damage|p2a: Zarude|57/100
|-clearboost|p2a: Zarude
|
|-weather|none
|-heal|p2a: Zarude|63/100|[from] item: Leftovers
|upkeep
|turn|37
|
|t:|1778502982
|move|p2a: Zarude|Trailblaze|p1a: लाठ साहब
|-resisted|p1a: लाठ साहब
|-damage|p1a: लाठ साहब|0 fnt
|-boost|p2a: Zarude|spe|1
|faint|p1a: लाठ साहब
|
|-heal|p2a: Zarude|69/100|[from] item: Leftovers
|upkeep
|
|t:|1778502996
|switch|p1a: Munkidori|Munkidori, M|45/100
|turn|38
|
|t:|1778503002
|move|p2a: Zarude|Knock Off|p1a: Munkidori
|-supereffective|p1a: Munkidori
|-damage|p1a: Munkidori|0 fnt
|-enditem|p1a: Munkidori|Black Sludge|[from] move: Knock Off|[of] p2a: Zarude
|faint|p1a: Munkidori
|
|-heal|p2a: Zarude|76/100|[from] item: Leftovers
|upkeep
|
|t:|1778503005
|switch|p1a: बिलाई मौसी|Espeon, F|63/100
|turn|39
|
|t:|1778503008
|move|p2a: Zarude|Knock Off|p1a: बिलाई मौसी
|-supereffective|p1a: बिलाई मौसी
|-damage|p1a: बिलाई मौसी|0 fnt
|-enditem|p1a: बिलाई मौसी|Choice Scarf|[from] move: Knock Off|[of] p2a: Zarude
|faint|p1a: बिलाई मौसी
|
|-heal|p2a: Zarude|82/100|[from] item: Leftovers
|upkeep
|-message|baakrisht forfeited.
|
|win|socaselectah
|raw|baakrisht's rating: 1209 &rarr; <strong>1186</strong><br />(-23 for losing)
|raw|socaselectah's rating: 1231 &rarr; <strong>1254</strong><br />(+23 for winning)
|l|☆baakrisht
|player|p1|
|l|☆socaselectah
|player|p2|
