|html|<div class="broadcast-blue"><strong>[Gen 9] OU is currently suspecting Tera Blast! For information on how to participate check out the <a href="https://www.smogon.com/tools/suspects/view/200">suspect thread</a>.</strong></div>
|j|☆OP Earthquakes
|j|☆pancakesviolin
|inactive|Battle timer is ON: inactive players will automatically lose when time's up.
|t:|1776112918
|gametype|singles
|player|p1|OP Earthquakes|giovanni-masters|
|player|p2|pancakesviolin|101|
|gen|9
|tier|[Gen 9] OU
|rated|Tournament battle
|rule|HP Percentage Mod: HP is shown in percentages
|rule|Endless Battle Clause: Forcing endless battles is banned
|rule|Species Clause: Limit one of each Pokémon
|rule|OHKO Clause: OHKO moves are banned
|rule|Evasion Items Clause: Evasion items are banned
|rule|Evasion Moves Clause: Evasion moves are banned
|rule|Evasion Abilities Clause: Evasion abilities are banned
|rule|Sleep Moves Clause: Sleep-inducing moves are banned
|clearpoke
|poke|p1|Excadrill, M|
|poke|p1|Tyranitar, M|
|poke|p1|Hawlucha, F|
|poke|p1|Pawmot, F|
|poke|p1|Gliscor, F|
|poke|p1|Keldeo|
|poke|p2|Darkrai|
|poke|p2|Hydrapple, M|
|poke|p2|Slowking-Galar, F|
|poke|p2|Grafaiai, M|
|poke|p2|Weezing-Galar, F|
|poke|p2|Haxorus, F|
|teampreview
|inactive|OP Earthquakes also wants the timer to be on.
|inactive|OP Earthquakes has 120 seconds left.
|c|☆OP Earthquakes|GLHF
|c|☆pancakesviolin|you too
|inactive|OP Earthquakes has 90 seconds left.
|inactive|OP Earthquakes has 60 seconds left.
|
|t:|1776113034
|teamsize|p1|6
|teamsize|p2|6
|start
|switch|p1a: The sandstorm|Tyranitar, M, shiny|100/100
|switch|p2a: Hydrapple|Hydrapple, M|100/100
|-weather|Sandstorm|[from] ability: Sand Stream|[of] p1a: The sandstorm
|turn|1
|
|t:|1776113049
|move|p1a: The sandstorm|Ice Beam|p2a: Hydrapple
|-supereffective|p2a: Hydrapple
|-damage|p2a: Hydrapple|0 fnt
|faint|p2a: Hydrapple
|
|-weather|Sandstorm|[upkeep]
|upkeep
|
|t:|1776113058
|switch|p2a: Weezing|Weezing-Galar, F|100/100
|-ability|p2a: Weezing|Neutralizing Gas
|turn|2
|
|t:|1776113069
|move|p1a: The sandstorm|Stealth Rock|p2a: Weezing
|-sidestart|p2: pancakesviolin|move: Stealth Rock
|move|p2a: Weezing|Will-O-Wisp|p1a: The sandstorm
|-status|p1a: The sandstorm|brn
|
|-weather|Sandstorm|[upkeep]
|-damage|p2a: Weezing|95/100|[from] Sandstorm
|-damage|p1a: The sandstorm|94/100 brn|[from] brn
|upkeep
|turn|3
|
|t:|1776113079
|move|p1a: The sandstorm|Thunder Wave|p2a: Weezing
|-status|p2a: Weezing|par
|move|p2a: Weezing|Defog|p1a: The sandstorm
|-unboost|p1a: The sandstorm|evasion|1
|-sideend|p2: pancakesviolin|Stealth Rock|[from] move: Defog|[of] p2a: Weezing
|
|-weather|Sandstorm|[upkeep]
|-damage|p2a: Weezing|89/100 par|[from] Sandstorm
|-damage|p1a: The sandstorm|88/100 brn|[from] brn
|upkeep
|turn|4
|
|t:|1776113093
|-end|p2a: Weezing|ability: Neutralizing Gas
|switch|p2a: Haxorus|Haxorus, F, shiny|100/100
|-ability|p2a: Haxorus|Mold Breaker
|move|p1a: The sandstorm|Stealth Rock|p2a: Haxorus
|-sidestart|p2: pancakesviolin|move: Stealth Rock
|
|-weather|Sandstorm|[upkeep]
|-damage|p2a: Haxorus|94/100|[from] Sandstorm
|-damage|p1a: The sandstorm|82/100 brn|[from] brn
|upkeep
|turn|5
|inactive|OP Earthquakes has 120 seconds left.
|
|t:|1776113127
|move|p2a: Haxorus|Earthquake|p1a: The sandstorm
|-supereffective|p1a: The sandstorm
|-damage|p1a: The sandstorm|21/100 brn
|move|p1a: The sandstorm|Roar|p2a: Haxorus
|drag|p2a: Darkrai|Darkrai|100/100
|-damage|p2a: Darkrai|88/100|[from] Stealth Rock
|
|-weather|Sandstorm|[upkeep]
|-damage|p2a: Darkrai|82/100|[from] Sandstorm
|-damage|p1a: The sandstorm|14/100 brn|[from] brn
|upkeep
|turn|6
|
|t:|1776113138
|switch|p1a: Keldeo|Keldeo|100/100
|move|p2a: Darkrai|Nasty Plot|p2a: Darkrai
|-boost|p2a: Darkrai|spa|2
|
|-weather|Sandstorm|[upkeep]
|-damage|p2a: Darkrai|76/100|[from] Sandstorm
|-damage|p1a: Keldeo|94/100|[from] Sandstorm
|-heal|p1a: Keldeo|100/100|[from] item: Leftovers
|upkeep
|turn|7
|inactive|OP Earthquakes has 120 seconds left.
|
|t:|1776113157
|move|p2a: Darkrai|Dark Pulse|p1a: Keldeo
|-resisted|p1a: Keldeo
|-damage|p1a: Keldeo|49/100
|-ability|p1a: Keldeo|Justified|boost
|-boost|p1a: Keldeo|atk|1
|move|p1a: Keldeo|Close Combat|p2a: Darkrai
|-supereffective|p2a: Darkrai
|-damage|p2a: Darkrai|0 fnt
|-unboost|p1a: Keldeo|def|1
|-unboost|p1a: Keldeo|spd|1
|faint|p2a: Darkrai
|
|-weather|Sandstorm|[upkeep]
|-damage|p1a: Keldeo|43/100|[from] Sandstorm
|-heal|p1a: Keldeo|49/100|[from] item: Leftovers
|upkeep
|j| Ostenberg
|-message|pancakesviolin forfeited.
|
|win|OP Earthquakes
|n|☆OP Earthquakes|opearthquakes
|n|☆pancakesviolin|pancakesviolin
|n| Ostenberg|ostenberg
|l|☆pancakesviolin
|player|p2|
