|html|<div class="broadcast-blue"><strong>[Gen 9] OU is currently suspecting Tera Blast! For information on how to participate check out the <a href="https://www.smogon.com/tools/suspects/view/200">suspect thread</a>.</strong></div>
|j|☆kamesantopdrop
|j|‽Guardian267
|t:|1776180983
|gametype|singles
|player|p1|kamesantopdrop|265|1067
|player|p2|Guardian267|265|1067
|gen|9
|tier|[Gen 9] OU
|rated|
|rule|HP Percentage Mod: HP is shown in percentages
|rule|Endless Battle Clause: Forcing endless battles is banned
|rule|Species Clause: Limit one of each Pokémon
|rule|OHKO Clause: OHKO moves are banned
|rule|Evasion Items Clause: Evasion items are banned
|rule|Evasion Moves Clause: Evasion moves are banned
|rule|Evasion Abilities Clause: Evasion abilities are banned
|rule|Sleep Moves Clause: Sleep-inducing moves are banned
|clearpoke
|poke|p1|Gliscor, F|
|poke|p1|Gholdengo|
|poke|p1|Kingambit, M|
|poke|p1|Zapdos|
|poke|p1|Dragapult, F|
|poke|p1|Dondozo, F|
|poke|p2|Gholdengo|
|poke|p2|Kingambit, F|
|poke|p2|Magnezone|
|poke|p2|Empoleon, F|
|poke|p2|Corviknight, M|
|poke|p2|Metagross|
|teampreview
|
|t:|1776180991
|teamsize|p1|6
|teamsize|p2|6
|start
|switch|p1a: Gliscor|Gliscor, F|100/100
|switch|p2a: Gholdengo|Gholdengo|100/100
|turn|1
|
|t:|1776181000
|switch|p1a: Kingambit|Kingambit, M|100/100
|move|p2a: Gholdengo|Shadow Ball|p1a: Kingambit
|-resisted|p1a: Kingambit
|-damage|p1a: Kingambit|74/100
|-unboost|p1a: Kingambit|spd|1
|
|upkeep
|turn|2
|
|t:|1776181014
|move|p2a: Gholdengo|Thunder|p1a: Kingambit
|-damage|p1a: Kingambit|7/100
|move|p1a: Kingambit|Swords Dance|p1a: Kingambit
|-boost|p1a: Kingambit|atk|2
|
|upkeep
|turn|3
|
|t:|1776181028
|move|p2a: Gholdengo|Shadow Ball|p1a: Kingambit
|-resisted|p1a: Kingambit
|-damage|p1a: Kingambit|0 fnt
|faint|p1a: Kingambit
|-end|p1a: Kingambit|fallenundefined|[silent]
|
|upkeep
|
|t:|1776181036
|switch|p1a: Gliscor|Gliscor, F|100/100
|turn|4
|
|t:|1776181040
|move|p2a: Gholdengo|Shadow Ball|p1a: Gliscor
|-damage|p1a: Gliscor|47/100
|move|p1a: Gliscor|Earthquake|p2a: Gholdengo
|-supereffective|p2a: Gholdengo
|-damage|p2a: Gholdengo|22/100
|
|-status|p1a: Gliscor|tox|[from] item: Toxic Orb
|upkeep
|turn|5
|
|t:|1776181049
|move|p1a: Gliscor|Protect|p1a: Gliscor
|-singleturn|p1a: Gliscor|Protect
|move|p2a: Gholdengo|Shadow Ball|p1a: Gliscor
|-activate|p1a: Gliscor|move: Protect
|
|-heal|p1a: Gliscor|60/100 tox|[from] ability: Poison Heal
|upkeep
|turn|6
|
|t:|1776181060
|-terastallize|p2a: Gholdengo|Flying
|move|p2a: Gholdengo|Nasty Plot|p2a: Gholdengo
|-boost|p2a: Gholdengo|spa|2
|move|p1a: Gliscor|Earthquake|p2a: Gholdengo
|-immune|p2a: Gholdengo
|
|-heal|p1a: Gliscor|72/100 tox|[from] ability: Poison Heal
|upkeep
|turn|7
|
|t:|1776181072
|move|p1a: Gliscor|Protect|p1a: Gliscor
|-singleturn|p1a: Gliscor|Protect
|move|p2a: Gholdengo|Shadow Ball|p1a: Gliscor
|-activate|p1a: Gliscor|move: Protect
|
|-heal|p1a: Gliscor|85/100 tox|[from] ability: Poison Heal
|upkeep
|turn|8
|
|t:|1776181086
|switch|p1a: Dondozo|Dondozo, F|100/100
|move|p2a: Gholdengo|Make It Rain|p1a: Dondozo
|-resisted|p1a: Dondozo
|-damage|p1a: Dondozo|71/100
|-unboost|p2a: Gholdengo|spa|1
|
|-heal|p1a: Dondozo|77/100|[from] item: Leftovers
|upkeep
|turn|9
|
|t:|1776181098
|move|p2a: Gholdengo|Shadow Ball|p1a: Dondozo
|-damage|p1a: Dondozo|35/100
|move|p1a: Dondozo|Wave Crash|p2a: Gholdengo
|-damage|p2a: Gholdengo|0 fnt
|faint|p2a: Gholdengo
|-damage|p1a: Dondozo|31/100|[from] Recoil
|
|-heal|p1a: Dondozo|37/100|[from] item: Leftovers
|upkeep
|
|t:|1776181110
|switch|p2a: Magnezone|Magnezone|100/100
|-item|p2a: Magnezone|Air Balloon
|turn|10
|
|t:|1776181125
|switch|p1a: Gliscor|Gliscor, F|85/100 tox
|move|p2a: Magnezone|Flash Cannon|p1a: Gliscor
|-damage|p1a: Gliscor|24/100 tox
|
|-heal|p1a: Gliscor|36/100 tox|[from] ability: Poison Heal
|upkeep
|turn|11
|
|t:|1776181134
|move|p1a: Gliscor|Protect|p1a: Gliscor
|-singleturn|p1a: Gliscor|Protect
|move|p2a: Magnezone|Flash Cannon|p1a: Gliscor
|-activate|p1a: Gliscor|move: Protect
|
|-heal|p1a: Gliscor|49/100 tox|[from] ability: Poison Heal
|upkeep
|turn|12
|
|t:|1776181151
|switch|p1a: Dondozo|Dondozo, F|37/100
|move|p2a: Magnezone|Flash Cannon|p1a: Dondozo
|-resisted|p1a: Dondozo
|-damage|p1a: Dondozo|14/100
|
|-heal|p1a: Dondozo|20/100|[from] item: Leftovers
|upkeep
|turn|13
|
|t:|1776181166
|move|p2a: Magnezone|Thunderbolt|p1a: Dondozo
|-supereffective|p1a: Dondozo
|-damage|p1a: Dondozo|0 fnt
|faint|p1a: Dondozo
|
|upkeep
|
|t:|1776181173
|switch|p1a: Zapdos|Zapdos|100/100
|turn|14
|
|t:|1776181181
|move|p1a: Zapdos|Volt Switch|p2a: Magnezone
|-resisted|p2a: Magnezone
|-damage|p2a: Magnezone|83/100
|-enditem|p2a: Magnezone|Air Balloon
|
|t:|1776181192
|switch|p1a: Gholdengo|Gholdengo|100/100|[from] Volt Switch
|move|p2a: Magnezone|Mirror Coat|p1a: Gholdengo
|-damage|p1a: Gholdengo|63/100
|
|-heal|p1a: Gholdengo|69/100|[from] item: Leftovers
|upkeep
|turn|15
|
|t:|1776181204
|move|p1a: Gholdengo|Nasty Plot|p1a: Gholdengo
|-boost|p1a: Gholdengo|spa|2
|move|p2a: Magnezone|Mirror Coat||[still]
|-fail|p2a: Magnezone
|
|-heal|p1a: Gholdengo|75/100|[from] item: Leftovers
|upkeep
|turn|16
|
|t:|1776181220
|move|p1a: Gholdengo|Nasty Plot|p1a: Gholdengo
|-boost|p1a: Gholdengo|spa|2
|move|p2a: Magnezone|Thunderbolt|p1a: Gholdengo
|-damage|p1a: Gholdengo|12/100
|
|-heal|p1a: Gholdengo|18/100|[from] item: Leftovers
|upkeep
|turn|17
|
|t:|1776181237
|move|p1a: Gholdengo|Shadow Ball|p2a: Magnezone
|-damage|p2a: Magnezone|0 fnt
|faint|p2a: Magnezone
|
|-heal|p1a: Gholdengo|24/100|[from] item: Leftovers
|upkeep
|
|t:|1776181240
|switch|p2a: Kingambit|Kingambit, F|100/100
|-activate|p2a: Kingambit|ability: Supreme Overlord
|-start|p2a: Kingambit|fallen2|[silent]
|turn|18
|
|t:|1776181254
|move|p2a: Kingambit|Sucker Punch|p1a: Gholdengo
|-supereffective|p1a: Gholdengo
|-damage|p1a: Gholdengo|0 fnt
|faint|p1a: Gholdengo
|
|upkeep
|
|t:|1776181260
|switch|p1a: Gliscor|Gliscor, F|49/100 tox
|turn|19
|
|t:|1776181269
|move|p1a: Gliscor|Earthquake|p2a: Kingambit
|-supereffective|p2a: Kingambit
|-damage|p2a: Kingambit|57/100
|move|p2a: Kingambit|Kowtow Cleave|p1a: Gliscor
|-damage|p1a: Gliscor|11/100 tox
|
|-heal|p1a: Gliscor|24/100 tox|[from] ability: Poison Heal
|upkeep
|turn|20
|
|t:|1776181279
|move|p1a: Gliscor|Protect|p1a: Gliscor
|-singleturn|p1a: Gliscor|Protect
|move|p2a: Kingambit|Kowtow Cleave|p1a: Gliscor
|-activate|p1a: Gliscor|move: Protect
|
|-heal|p1a: Gliscor|36/100 tox|[from] ability: Poison Heal
|upkeep
|turn|21
|
|t:|1776181301
|switch|p1a: Zapdos|Zapdos|100/100
|move|p2a: Kingambit|Kowtow Cleave|p1a: Zapdos
|-damage|p1a: Zapdos|59/100
|
|upkeep
|turn|22
|
|t:|1776181321
|move|p2a: Kingambit|Protect|p2a: Kingambit
|-singleturn|p2a: Kingambit|Protect
|move|p1a: Zapdos|Heat Wave|p2a: Kingambit
|-activate|p2a: Kingambit|move: Protect
|
|upkeep
|turn|23
|
|t:|1776181331
|-end|p2a: Kingambit|fallen2|[silent]
|switch|p2a: Empoleon|Empoleon, F|100/100
|move|p1a: Zapdos|Heat Wave|p2a: Empoleon
|-damage|p2a: Empoleon|86/100
|
|upkeep
|turn|24
|
|t:|1776181342
|move|p1a: Zapdos|Discharge|p2a: Empoleon
|-supereffective|p2a: Empoleon
|-damage|p2a: Empoleon|48/100
|move|p2a: Empoleon|Ice Beam|p1a: Zapdos
|-supereffective|p1a: Zapdos
|-damage|p1a: Zapdos|5/100
|
|upkeep
|turn|25
|
|t:|1776181361
|move|p1a: Zapdos|Volt Switch|p2a: Empoleon
|-supereffective|p2a: Empoleon
|-damage|p2a: Empoleon|14/100
|
|t:|1776181372
|switch|p1a: Dragapult|Dragapult, F|100/100|[from] Volt Switch
|move|p2a: Empoleon|Ice Beam|p1a: Dragapult
|-supereffective|p1a: Dragapult
|-damage|p1a: Dragapult|30/100
|
|upkeep
|turn|26
|
|t:|1776181395
|move|p1a: Dragapult|Flamethrower|p2a: Empoleon
|-damage|p2a: Empoleon|0 fnt
|faint|p2a: Empoleon
|
|upkeep
|
|t:|1776181401
|switch|p2a: Metagross|Metagross|100/100
|turn|27
|
|t:|1776181412
|move|p1a: Dragapult|Flamethrower|p2a: Metagross
|-supereffective|p2a: Metagross
|-damage|p2a: Metagross|18/100
|move|p2a: Metagross|Ice Punch|p1a: Dragapult
|-supereffective|p1a: Dragapult
|-damage|p1a: Dragapult|0 fnt
|faint|p1a: Dragapult
|
|upkeep
|
|t:|1776181425
|switch|p1a: Zapdos|Zapdos|5/100
|turn|28
|
|t:|1776181430
|move|p1a: Zapdos|Volt Switch|p2a: Metagross
|-damage|p2a: Metagross|0 fnt
|faint|p2a: Metagross
|
|t:|1776181435
|switch|p1a: Gliscor|Gliscor, F|36/100 tox|[from] Volt Switch
|
|-heal|p1a: Gliscor|49/100 tox|[from] ability: Poison Heal
|upkeep
|
|t:|1776181438
|switch|p2a: Corviknight|Corviknight, M|100/100
|turn|29
|
|t:|1776181448
|move|p1a: Gliscor|Spikes|p2a: Corviknight
|-sidestart|p2: Guardian267|Spikes
|move|p2a: Corviknight|Brave Bird|p1a: Gliscor
|-damage|p1a: Gliscor|28/100 tox
|-damage|p2a: Corviknight|94/100|[from] Recoil
|
|-heal|p2a: Corviknight|100/100|[from] item: Leftovers
|-heal|p1a: Gliscor|41/100 tox|[from] ability: Poison Heal
|upkeep
|turn|30
|
|t:|1776181462
|move|p1a: Gliscor|Protect|p1a: Gliscor
|-singleturn|p1a: Gliscor|Protect
|move|p2a: Corviknight|Brave Bird|p1a: Gliscor
|-activate|p1a: Gliscor|move: Protect
|
|-heal|p1a: Gliscor|53/100 tox|[from] ability: Poison Heal
|upkeep
|turn|31
|
|t:|1776181475
|move|p1a: Gliscor|Spikes|p2a: Corviknight
|-sidestart|p2: Guardian267|Spikes
|move|p2a: Corviknight|Brave Bird|p1a: Gliscor
|-crit|p1a: Gliscor
|-damage|p1a: Gliscor|20/100 tox
|-damage|p2a: Corviknight|91/100|[from] Recoil
|
|-heal|p2a: Corviknight|97/100|[from] item: Leftovers
|-heal|p1a: Gliscor|32/100 tox|[from] ability: Poison Heal
|upkeep
|turn|32
|
|t:|1776181485
|move|p1a: Gliscor|Protect|p1a: Gliscor
|-singleturn|p1a: Gliscor|Protect
|move|p2a: Corviknight|Brave Bird|p1a: Gliscor
|-activate|p1a: Gliscor|move: Protect
|
|-heal|p2a: Corviknight|100/100|[from] item: Leftovers
|-heal|p1a: Gliscor|45/100 tox|[from] ability: Poison Heal
|upkeep
|turn|33
|
|t:|1776181496
|move|p1a: Gliscor|Spikes|p2a: Corviknight
|-sidestart|p2: Guardian267|Spikes
|move|p2a: Corviknight|Brave Bird|p1a: Gliscor
|-damage|p1a: Gliscor|21/100 tox
|-damage|p2a: Corviknight|94/100|[from] Recoil
|
|-heal|p2a: Corviknight|99/100|[from] item: Leftovers
|-heal|p1a: Gliscor|34/100 tox|[from] ability: Poison Heal
|upkeep
|turn|34
|
|t:|1776181515
|move|p1a: Gliscor|Protect|p1a: Gliscor
|-singleturn|p1a: Gliscor|Protect
|move|p2a: Corviknight|Brave Bird|p1a: Gliscor
|-activate|p1a: Gliscor|move: Protect
|
|-heal|p2a: Corviknight|100/100|[from] item: Leftovers
|-heal|p1a: Gliscor|46/100 tox|[from] ability: Poison Heal
|upkeep
|turn|35
|inactive|Battle timer is ON: inactive players will automatically lose when time's up. (requested by Guardian267)
|
|t:|1776181539
|move|p1a: Gliscor|Earthquake|p2a: Corviknight
|-immune|p2a: Corviknight
|move|p2a: Corviknight|Brave Bird|p1a: Gliscor
|-damage|p1a: Gliscor|23/100 tox
|-damage|p2a: Corviknight|94/100|[from] Recoil
|
|-heal|p2a: Corviknight|99/100|[from] item: Leftovers
|-heal|p1a: Gliscor|35/100 tox|[from] ability: Poison Heal
|upkeep
|turn|36
|
|t:|1776181554
|move|p1a: Gliscor|Toxic|p2a: Corviknight
|-immune|p2a: Corviknight
|move|p2a: Corviknight|Brave Bird|p1a: Gliscor
|-damage|p1a: Gliscor|12/100 tox
|-damage|p2a: Corviknight|93/100|[from] Recoil
|
|-heal|p2a: Corviknight|99/100|[from] item: Leftovers
|-heal|p1a: Gliscor|25/100 tox|[from] ability: Poison Heal
|upkeep
|turn|37
|
|t:|1776181568
|move|p1a: Gliscor|Protect|p1a: Gliscor
|-singleturn|p1a: Gliscor|Protect
|move|p2a: Corviknight|Brave Bird|p1a: Gliscor
|-activate|p1a: Gliscor|move: Protect
|
|-heal|p2a: Corviknight|100/100|[from] item: Leftovers
|-heal|p1a: Gliscor|37/100 tox|[from] ability: Poison Heal
|upkeep
|turn|38
|
|t:|1776181579
|move|p1a: Gliscor|Spikes||[still]
|-fail|p1a: Gliscor
|move|p2a: Corviknight|Brave Bird|p1a: Gliscor
|-damage|p1a: Gliscor|14/100 tox
|-damage|p2a: Corviknight|94/100|[from] Recoil
|
|-heal|p2a: Corviknight|99/100|[from] item: Leftovers
|-heal|p1a: Gliscor|27/100 tox|[from] ability: Poison Heal
|upkeep
|turn|39
|
|t:|1776181594
|move|p1a: Gliscor|Protect|p1a: Gliscor
|-singleturn|p1a: Gliscor|Protect
|move|p2a: Corviknight|Body Press|p1a: Gliscor
|-activate|p1a: Gliscor|move: Protect
|
|-heal|p2a: Corviknight|100/100|[from] item: Leftovers
|-heal|p1a: Gliscor|39/100 tox|[from] ability: Poison Heal
|upkeep
|turn|40
|
|t:|1776181607
|move|p1a: Gliscor|Earthquake|p2a: Corviknight
|-immune|p2a: Corviknight
|move|p2a: Corviknight|Brave Bird|p1a: Gliscor
|-damage|p1a: Gliscor|16/100 tox
|-damage|p2a: Corviknight|94/100|[from] Recoil
|
|-heal|p2a: Corviknight|99/100|[from] item: Leftovers
|-heal|p1a: Gliscor|29/100 tox|[from] ability: Poison Heal
|upkeep
|turn|41
|
|t:|1776181619
|move|p1a: Gliscor|Protect|p1a: Gliscor
|-singleturn|p1a: Gliscor|Protect
|move|p2a: Corviknight|Body Press|p1a: Gliscor
|-activate|p1a: Gliscor|move: Protect
|
|-heal|p2a: Corviknight|100/100|[from] item: Leftovers
|-heal|p1a: Gliscor|41/100 tox|[from] ability: Poison Heal
|upkeep
|turn|42
|
|t:|1776181632
|move|p1a: Gliscor|Earthquake|p2a: Corviknight
|-immune|p2a: Corviknight
|move|p2a: Corviknight|Brave Bird|p1a: Gliscor
|-damage|p1a: Gliscor|18/100 tox
|-damage|p2a: Corviknight|94/100|[from] Recoil
|
|-heal|p2a: Corviknight|99/100|[from] item: Leftovers
|-heal|p1a: Gliscor|30/100 tox|[from] ability: Poison Heal
|upkeep
|turn|43
|
|t:|1776181645
|move|p1a: Gliscor|Protect|p1a: Gliscor
|-singleturn|p1a: Gliscor|Protect
|move|p2a: Corviknight|Body Press|p1a: Gliscor
|-activate|p1a: Gliscor|move: Protect
|
|-heal|p2a: Corviknight|100/100|[from] item: Leftovers
|-heal|p1a: Gliscor|43/100 tox|[from] ability: Poison Heal
|upkeep
|turn|44
|
|t:|1776181659
|move|p1a: Gliscor|Earthquake|p2a: Corviknight
|-immune|p2a: Corviknight
|move|p2a: Corviknight|Brave Bird|p1a: Gliscor
|-damage|p1a: Gliscor|22/100 tox
|-damage|p2a: Corviknight|94/100|[from] Recoil
|
|-heal|p2a: Corviknight|100/100|[from] item: Leftovers
|-heal|p1a: Gliscor|34/100 tox|[from] ability: Poison Heal
|upkeep
|turn|45
|
|t:|1776181675
|move|p1a: Gliscor|Protect|p1a: Gliscor
|-singleturn|p1a: Gliscor|Protect
|move|p2a: Corviknight|Body Press|p1a: Gliscor
|-activate|p1a: Gliscor|move: Protect
|
|-heal|p1a: Gliscor|47/100 tox|[from] ability: Poison Heal
|upkeep
|turn|46
|
|t:|1776181695
|move|p1a: Gliscor|Spikes||[still]
|-fail|p1a: Gliscor
|move|p2a: Corviknight|Brave Bird|p1a: Gliscor
|-damage|p1a: Gliscor|24/100 tox
|-damage|p2a: Corviknight|94/100|[from] Recoil
|
|-heal|p2a: Corviknight|99/100|[from] item: Leftovers
|-heal|p1a: Gliscor|36/100 tox|[from] ability: Poison Heal
|upkeep
|turn|47
|
|t:|1776181709
|move|p1a: Gliscor|Earthquake|p2a: Corviknight
|-immune|p2a: Corviknight
|move|p2a: Corviknight|Body Press|p1a: Gliscor
|-resisted|p1a: Gliscor
|-crit|p1a: Gliscor
|-damage|p1a: Gliscor|25/100 tox
|
|-heal|p2a: Corviknight|100/100|[from] item: Leftovers
|-heal|p1a: Gliscor|37/100 tox|[from] ability: Poison Heal
|upkeep
|turn|48
|
|t:|1776181724
|move|p1a: Gliscor|Spikes||[still]
|-fail|p1a: Gliscor
|move|p2a: Corviknight|Brave Bird|p1a: Gliscor
|-damage|p1a: Gliscor|17/100 tox
|-damage|p2a: Corviknight|94/100|[from] Recoil
|
|-heal|p2a: Corviknight|100/100|[from] item: Leftovers
|-heal|p1a: Gliscor|29/100 tox|[from] ability: Poison Heal
|upkeep
|turn|49
|
|t:|1776181737
|move|p1a: Gliscor|Earthquake|p2a: Corviknight
|-immune|p2a: Corviknight
|move|p2a: Corviknight|Brave Bird|p1a: Gliscor
|-damage|p1a: Gliscor|7/100 tox
|-damage|p2a: Corviknight|94/100|[from] Recoil
|
|-heal|p2a: Corviknight|99/100|[from] item: Leftovers
|-heal|p1a: Gliscor|20/100 tox|[from] ability: Poison Heal
|upkeep
|turn|50
|
|t:|1776181749
|move|p1a: Gliscor|Earthquake|p2a: Corviknight
|-immune|p2a: Corviknight
|move|p2a: Corviknight|Brave Bird|p1a: Gliscor
|-damage|p1a: Gliscor|0 fnt
|faint|p1a: Gliscor
|-damage|p2a: Corviknight|95/100|[from] Recoil
|
|-heal|p2a: Corviknight|100/100|[from] item: Leftovers
|upkeep
|inactive|kamesantopdrop has 120 seconds left.
|
|t:|1776181759
|switch|p1a: Zapdos|Zapdos|5/100
|turn|51
|
|t:|1776181770
|move|p1a: Zapdos|Discharge|p2a: Corviknight
|-supereffective|p2a: Corviknight
|-crit|p2a: Corviknight
|-damage|p2a: Corviknight|0 fnt
|faint|p2a: Corviknight
|
|upkeep
|
|t:|1776181775
|switch|p2a: Kingambit|Kingambit, F|57/100
|-damage|p2a: Kingambit|32/100|[from] Spikes
|-activate|p2a: Kingambit|ability: Supreme Overlord
|-start|p2a: Kingambit|fallen5|[silent]
|-enditem|p2a: Kingambit|Sitrus Berry|[eat]
|-heal|p2a: Kingambit|57/100|[from] item: Sitrus Berry
|turn|52
|
|t:|1776181791
|move|p2a: Kingambit|Sucker Punch||[still]
|-fail|p2a: Kingambit
|move|p1a: Zapdos|Roost|p1a: Zapdos
|-heal|p1a: Zapdos|55/100
|-singleturn|p1a: Zapdos|move: Roost
|
|upkeep
|turn|53
|
|t:|1776181799
|move|p2a: Kingambit|Sucker Punch|p1a: Zapdos
|-damage|p1a: Zapdos|8/100
|move|p1a: Zapdos|Discharge|p2a: Kingambit
|-damage|p2a: Kingambit|23/100
|
|upkeep
|turn|54
|
|t:|1776181806
|move|p1a: Zapdos|Roost|p1a: Zapdos
|-heal|p1a: Zapdos|58/100
|-singleturn|p1a: Zapdos|move: Roost
|move|p2a: Kingambit|Kowtow Cleave|p1a: Zapdos
|-damage|p1a: Zapdos|4/100
|
|upkeep
|turn|55
|
|t:|1776181814
|move|p2a: Kingambit|Sucker Punch||[still]
|-fail|p2a: Kingambit
|move|p1a: Zapdos|Roost|p1a: Zapdos
|-heal|p1a: Zapdos|55/100
|-singleturn|p1a: Zapdos|move: Roost
|
|upkeep
|turn|56
|
|t:|1776181823
|move|p2a: Kingambit|Sucker Punch||[still]
|-fail|p2a: Kingambit
|move|p1a: Zapdos|Roost|p1a: Zapdos
|-heal|p1a: Zapdos|100/100
|-singleturn|p1a: Zapdos|move: Roost
|
|upkeep
|turn|57
|
|t:|1776181839
|move|p1a: Zapdos|Discharge|p2a: Kingambit
|-damage|p2a: Kingambit|0 fnt
|faint|p2a: Kingambit
|-end|p2a: Kingambit|fallen5|[silent]
|
|win|kamesantopdrop
|raw|kamesantopdrop's rating: 1067 &rarr; <strong>1097</strong><br />(+30 for winning)
|raw|Guardian267's rating: 1067 &rarr; <strong>1047</strong><br />(-20 for losing)
|l|‽Guardian267
|player|p2|
