|html|<div class="broadcast-blue"><strong>[Gen 9] OU is currently suspecting Tera Blast! For information on how to participate check out the <a href="https://www.smogon.com/tools/suspects/view/200">suspect thread</a>.</strong></div>
|j|☆banana_joseph
|j|☆wizardrex
|t:|1776032947
|gametype|singles
|player|p1|banana_joseph|blackbelt-gen4dp|1190
|player|p2|wizardrex|1|1203
|gen|9
|tier|[Gen 9] OU
|rated|
|rule|HP Percentage Mod: HP is shown in percentages
|rule|Endless Battle Clause: Forcing endless battles is banned
|rule|Species Clause: Limit one of each Pokémon
|rule|OHKO Clause: OHKO moves are banned
|rule|Evasion Items Clause: Evasion items are banned
|rule|Evasion Moves Clause: Evasion moves are banned
|rule|Evasion Abilities Clause: Evasion abilities are banned
|rule|Sleep Moves Clause: Sleep-inducing moves are banned
|clearpoke
|poke|p1|Walking Wake|
|poke|p1|Ceruledge, M|
|poke|p1|Kingambit, M|
|poke|p1|Great Tusk|
|poke|p1|Dewott, M|
|poke|p1|Cinderace, M|
|poke|p2|Corviknight, F|
|poke|p2|Primarina, M|
|poke|p2|Iron Moth|
|poke|p2|Dragapult, M|
|poke|p2|Meowscarada, M|
|poke|p2|Glimmora, M|
|teampreview
|j| ohko_smeargle
|
|t:|1776032954
|teamsize|p1|6
|teamsize|p2|6
|start
|switch|p1a: Dewott|Dewott, M|100/100
|switch|p2a: Glimmora|Glimmora, M|100/100
|turn|1
|
|t:|1776032959
|move|p2a: Glimmora|Meteor Beam||[still]
|-prepare|p2a: Glimmora|Meteor Beam
|-boost|p2a: Glimmora|spa|1
|-enditem|p2a: Glimmora|Power Herb
|-anim|p2a: Glimmora|Meteor Beam|p1a: Dewott
|-damage|p1a: Dewott|11/100
|move|p1a: Dewott|Swords Dance|p1a: Dewott
|-boost|p1a: Dewott|atk|2
|
|upkeep
|turn|2
|
|t:|1776032966
|move|p1a: Dewott|Aqua Jet|p2a: Glimmora
|-supereffective|p2a: Glimmora
|-damage|p2a: Glimmora|0 fnt
|-activate|p2a: Glimmora|ability: Toxic Debris
|-sidestart|p1: banana_joseph|move: Toxic Spikes
|faint|p2a: Glimmora
|
|upkeep
|
|t:|1776032972
|switch|p2a: Corviknight|Corviknight, F, shiny|100/100
|turn|3
|
|t:|1776032976
|move|p1a: Dewott|Aqua Jet|p2a: Corviknight
|-crit|p2a: Corviknight
|-damage|p2a: Corviknight|42/100
|-damage|p1a: Dewott|0 fnt|[from] item: Rocky Helmet|[of] p2a: Corviknight
|faint|p1a: Dewott
|move|p2a: Corviknight|Brave Bird|p1: Dewott|[notarget]
|-fail|p2a: Corviknight
|
|upkeep
|
|t:|1776032983
|switch|p1a: Great Tusk|Great Tusk|100/100
|turn|4
|
|t:|1776032989
|move|p1a: Great Tusk|Rapid Spin|p2a: Corviknight
|-resisted|p2a: Corviknight
|-damage|p2a: Corviknight|34/100
|-boost|p1a: Great Tusk|spe|1
|-damage|p1a: Great Tusk|84/100|[from] item: Rocky Helmet|[of] p2a: Corviknight
|-sideend|p1: banana_joseph|Toxic Spikes|[from] move: Rapid Spin|[of] p1a: Great Tusk
|move|p2a: Corviknight|Brave Bird|p1a: Great Tusk
|-supereffective|p1a: Great Tusk
|-damage|p1a: Great Tusk|32/100
|-damage|p2a: Corviknight|18/100|[from] Recoil
|
|upkeep
|turn|5
|
|t:|1776032996
|move|p1a: Great Tusk|Ice Spinner|p2a: Corviknight
|-damage|p2a: Corviknight|0 fnt
|-damage|p1a: Great Tusk|15/100|[from] item: Rocky Helmet|[of] p2a: Corviknight
|faint|p2a: Corviknight
|
|upkeep
|
|t:|1776033013
|switch|p2a: Iron Moth|Iron Moth|100/100
|-enditem|p2a: Iron Moth|Booster Energy
|-activate|p2a: Iron Moth|ability: Quark Drive|[fromitem]
|-start|p2a: Iron Moth|quarkdrivespe
|turn|6
|
|t:|1776033019
|move|p2a: Iron Moth|Fiery Dance|p1a: Great Tusk
|-damage|p1a: Great Tusk|0 fnt
|-boost|p2a: Iron Moth|spa|1
|faint|p1a: Great Tusk
|-end|p1a: Great Tusk|Protosynthesis|[silent]
|
|upkeep
|
|t:|1776033034
|switch|p1a: Ceruledge|Ceruledge, M, shiny|100/100
|turn|7
|
|t:|1776033048
|move|p2a: Iron Moth|Sludge Wave|p1a: Ceruledge
|-resisted|p1a: Ceruledge
|-damage|p1a: Ceruledge|59/100
|move|p1a: Ceruledge|Swords Dance|p1a: Ceruledge
|-boost|p1a: Ceruledge|atk|2
|
|upkeep
|turn|8
|
|t:|1776033052
|move|p2a: Iron Moth|Sludge Wave|p1a: Ceruledge
|-resisted|p1a: Ceruledge
|-damage|p1a: Ceruledge|15/100
|move|p1a: Ceruledge|Swords Dance|p1a: Ceruledge
|-boost|p1a: Ceruledge|atk|2
|
|upkeep
|turn|9
|
|t:|1776033057
|move|p1a: Ceruledge|Shadow Sneak|p2a: Iron Moth
|-damage|p2a: Iron Moth|0 fnt
|faint|p2a: Iron Moth
|-end|p2a: Iron Moth|Quark Drive|[silent]
|
|upkeep
|
|t:|1776033061
|switch|p2a: Primarina|Primarina, M|100/100
|turn|10
|
|t:|1776033096
|move|p1a: Ceruledge|Shadow Sneak|p2a: Primarina
|-damage|p2a: Primarina|26/100
|move|p2a: Primarina|Surf|p1a: Ceruledge
|-supereffective|p1a: Ceruledge
|-damage|p1a: Ceruledge|0 fnt
|faint|p1a: Ceruledge
|
|upkeep
|
|t:|1776033101
|switch|p1a: Kingambit|Kingambit, M, shiny|100/100
|-activate|p1a: Kingambit|ability: Supreme Overlord
|-start|p1a: Kingambit|fallen3|[silent]
|turn|11
|
|t:|1776033115
|move|p2a: Primarina|Surf|p1a: Kingambit
|-damage|p1a: Kingambit|33/100
|move|p1a: Kingambit|Swords Dance|p1a: Kingambit
|-boost|p1a: Kingambit|atk|2
|
|upkeep
|turn|12
|
|t:|1776033121
|move|p1a: Kingambit|Sucker Punch|p2a: Primarina
|-resisted|p2a: Primarina
|-damage|p2a: Primarina|0 fnt
|faint|p2a: Primarina
|
|upkeep
|
|t:|1776033123
|switch|p2a: Dragapult|Dragapult, M|100/100
|turn|13
|
|t:|1776033127
|-terastallize|p2a: Dragapult|Fairy
|move|p1a: Kingambit|Sucker Punch||[still]
|-fail|p1a: Kingambit
|move|p2a: Dragapult|Will-O-Wisp|p1a: Kingambit
|-status|p1a: Kingambit|brn
|
|-damage|p1a: Kingambit|26/100 brn|[from] brn
|upkeep
|turn|14
|
|t:|1776033150
|move|p2a: Dragapult|Shadow Ball|p1a: Kingambit
|-resisted|p1a: Kingambit
|-damage|p1a: Kingambit|8/100 brn
|move|p1a: Kingambit|Iron Head|p2a: Dragapult
|-supereffective|p2a: Dragapult
|-damage|p2a: Dragapult|0 fnt
|faint|p2a: Dragapult
|
|-damage|p1a: Kingambit|1/100 brn|[from] brn
|upkeep
|
|t:|1776033154
|switch|p2a: Meowscarada|Meowscarada, M|100/100
|turn|15
|
|t:|1776033158
|move|p1a: Kingambit|Sucker Punch|p2a: Meowscarada
|-resisted|p2a: Meowscarada
|-damage|p2a: Meowscarada|47/100
|move|p2a: Meowscarada|U-turn|p1a: Kingambit
|-start|p2a: Meowscarada|typechange|Bug|[from] ability: Protean
|-damage|p1a: Kingambit|0 fnt
|faint|p1a: Kingambit
|-end|p1a: Kingambit|fallen3|[silent]
|
|upkeep
|
|t:|1776033164
|switch|p1a: Walking Wake|Walking Wake|100/100
|turn|16
|
|t:|1776033173
|move|p2a: Meowscarada|Flower Trick|p1a: Walking Wake
|-crit|p1a: Walking Wake
|-damage|p1a: Walking Wake|67/100
|move|p1a: Walking Wake|Sunny Day|p1a: Walking Wake
|-weather|SunnyDay
|-activate|p1a: Walking Wake|ability: Protosynthesis
|-start|p1a: Walking Wake|protosynthesisspe
|
|-weather|SunnyDay|[upkeep]
|upkeep
|turn|17
|
|t:|1776033178
|move|p1a: Walking Wake|Flamethrower|p2a: Meowscarada
|-supereffective|p2a: Meowscarada
|-damage|p2a: Meowscarada|0 fnt
|faint|p2a: Meowscarada
|-damage|p1a: Walking Wake|57/100|[from] item: Life Orb
|
|win|banana_joseph
|raw|banana_joseph's rating: 1190 &rarr; <strong>1218</strong><br />(+28 for winning)
|raw|wizardrex's rating: 1231 &rarr; <strong>1203</strong><br />(-28 for losing)
|l| ohko_smeargle
|l|☆wizardrex
|player|p2|
|l|☆banana_joseph
|player|p1|
