|html|<div class="broadcast-blue"><strong>[Gen 9] OU is currently suspecting Tera Blast! For information on how to participate check out the <a href="https://www.smogon.com/tools/suspects/view/200">suspect thread</a>.</strong></div>
|j|☆Ytuiff
|j|☆simbaroy0505
|t:|1776164998
|gametype|singles
|player|p1|Ytuiff|1|1106
|player|p2|simbaroy0505|101|1111
|gen|9
|tier|[Gen 9] OU
|rated|
|rule|HP Percentage Mod: HP is shown in percentages
|rule|Endless Battle Clause: Forcing endless battles is banned
|rule|Species Clause: Limit one of each Pokémon
|rule|OHKO Clause: OHKO moves are banned
|rule|Evasion Items Clause: Evasion items are banned
|rule|Evasion Moves Clause: Evasion moves are banned
|rule|Evasion Abilities Clause: Evasion abilities are banned
|rule|Sleep Moves Clause: Sleep-inducing moves are banned
|clearpoke
|poke|p1|Ogerpon-Wellspring, F|
|poke|p1|Dragonite, M|
|poke|p1|Darkrai|
|poke|p1|Corviknight, M|
|poke|p1|Garganacl, F|
|poke|p1|Iron Moth|
|poke|p2|Dondozo, F|
|poke|p2|Garganacl, F|
|poke|p2|Corviknight, M|
|poke|p2|Toxapex, F|
|poke|p2|Gliscor, M|
|poke|p2|Weezing-Galar, F|
|teampreview
|
|t:|1776165013
|teamsize|p1|6
|teamsize|p2|6
|start
|switch|p1a: Garganacl|Garganacl, F|100/100
|switch|p2a: Toxapex|Toxapex, F|100/100
|turn|1
|
|t:|1776165026
|move|p2a: Toxapex|Toxic|p1a: Garganacl
|-immune|p1a: Garganacl|[from] ability: Purifying Salt
|move|p1a: Garganacl|Stealth Rock|p2a: Toxapex
|-sidestart|p2: simbaroy0505|move: Stealth Rock
|
|upkeep
|turn|2
|
|t:|1776165036
|switch|p2a: Gliscor|Gliscor, M|100/100
|-damage|p2a: Gliscor|88/100|[from] Stealth Rock
|move|p1a: Garganacl|Salt Cure|p2a: Gliscor
|-damage|p2a: Gliscor|77/100
|-start|p2a: Gliscor|Salt Cure
|
|-damage|p2a: Gliscor|65/100|[from] Salt Cure
|-status|p2a: Gliscor|tox|[from] item: Toxic Orb
|upkeep
|turn|3
|
|t:|1776165046
|move|p1a: Garganacl|Protect|p1a: Garganacl
|-singleturn|p1a: Garganacl|Protect
|move|p2a: Gliscor|Earthquake|p1a: Garganacl
|-activate|p1a: Garganacl|move: Protect
|
|-heal|p2a: Gliscor|77/100 tox|[from] ability: Poison Heal
|-damage|p2a: Gliscor|65/100 tox|[from] Salt Cure
|upkeep
|turn|4
|
|t:|1776165056
|switch|p1a: Dragonite|Dragonite, M|100/100
|move|p2a: Gliscor|Knock Off|p1a: Dragonite
|-damage|p1a: Dragonite|88/100
|-enditem|p1a: Dragonite|Heavy-Duty Boots|[from] move: Knock Off|[of] p2a: Gliscor
|
|-heal|p2a: Gliscor|77/100 tox|[from] ability: Poison Heal
|-damage|p2a: Gliscor|65/100 tox|[from] Salt Cure
|upkeep
|turn|5
|
|t:|1776165070
|switch|p2a: Toxapex|Toxapex, F|100/100
|-damage|p2a: Toxapex|88/100|[from] Stealth Rock
|move|p1a: Dragonite|Dragon Dance|p1a: Dragonite
|-boost|p1a: Dragonite|atk|1
|-boost|p1a: Dragonite|spe|1
|
|-heal|p2a: Toxapex|94/100|[from] item: Black Sludge
|upkeep
|turn|6
|
|t:|1776165080
|move|p1a: Dragonite|Earthquake|p2a: Toxapex
|-supereffective|p2a: Toxapex
|-damage|p2a: Toxapex|26/100
|move|p2a: Toxapex|Toxic|p1a: Dragonite
|-status|p1a: Dragonite|tox
|
|-heal|p2a: Toxapex|33/100|[from] item: Black Sludge
|-damage|p1a: Dragonite|82/100 tox|[from] psn
|upkeep
|turn|7
|
|t:|1776165090
|move|p2a: Toxapex|Baneful Bunker|p2a: Toxapex
|-singleturn|p2a: Toxapex|move: Protect
|move|p1a: Dragonite|Earthquake|p2a: Toxapex
|-activate|p2a: Toxapex|move: Protect
|
|-heal|p2a: Toxapex|39/100|[from] item: Black Sludge
|-damage|p1a: Dragonite|70/100 tox|[from] psn
|upkeep
|turn|8
|
|t:|1776165099
|switch|p2a: Corviknight|Corviknight, M|100/100
|-damage|p2a: Corviknight|88/100|[from] Stealth Rock
|-ability|p2a: Corviknight|Pressure
|move|p1a: Dragonite|Extreme Speed|p2a: Corviknight
|-resisted|p2a: Corviknight
|-damage|p2a: Corviknight|72/100
|
|-heal|p2a: Corviknight|78/100|[from] item: Leftovers
|-damage|p1a: Dragonite|51/100 tox|[from] psn
|upkeep
|turn|9
|
|t:|1776165111
|switch|p1a: Garganacl|Garganacl, F|100/100
|move|p2a: Corviknight|Defog|p1a: Garganacl
|-unboost|p1a: Garganacl|evasion|1
|-sideend|p2: simbaroy0505|Stealth Rock|[from] move: Defog|[of] p2a: Corviknight
|
|-heal|p2a: Corviknight|84/100|[from] item: Leftovers
|upkeep
|turn|10
|
|t:|1776165127
|switch|p2a: Weezing|Weezing-Galar, F|100/100
|-ability|p2a: Weezing|Neutralizing Gas
|move|p1a: Garganacl|Stealth Rock|p2a: Weezing
|-sidestart|p2: simbaroy0505|move: Stealth Rock
|
|upkeep
|turn|11
|
|t:|1776165142
|move|p2a: Weezing|Dazzling Gleam|p1a: Garganacl
|-damage|p1a: Garganacl|77/100
|move|p1a: Garganacl|Salt Cure|p2a: Weezing
|-damage|p2a: Weezing|90/100
|-start|p2a: Weezing|Salt Cure
|
|-heal|p1a: Garganacl|83/100|[from] item: Leftovers
|-damage|p2a: Weezing|78/100|[from] Salt Cure
|upkeep
|turn|12
|
|t:|1776165151
|-end|p2a: Weezing|ability: Neutralizing Gas
|switch|p2a: Gliscor|Gliscor, M|65/100 tox
|-damage|p2a: Gliscor|52/100 tox|[from] Stealth Rock
|move|p1a: Garganacl|Protect||[still]
|-fail|p1a: Garganacl
|
|-heal|p1a: Garganacl|89/100|[from] item: Leftovers
|-heal|p2a: Gliscor|65/100 tox|[from] ability: Poison Heal
|upkeep
|turn|13
|
|t:|1776165166
|move|p1a: Garganacl|Protect|p1a: Garganacl
|-singleturn|p1a: Garganacl|Protect
|move|p2a: Gliscor|Knock Off|p1a: Garganacl
|-activate|p1a: Garganacl|move: Protect
|
|-heal|p1a: Garganacl|95/100|[from] item: Leftovers
|-heal|p2a: Gliscor|77/100 tox|[from] ability: Poison Heal
|upkeep
|turn|14
|
|t:|1776165181
|switch|p1a: Dragonite|Dragonite, M|51/100 tox
|move|p2a: Gliscor|Earthquake|p1a: Dragonite
|-immune|p1a: Dragonite
|
|-damage|p1a: Dragonite|45/100 tox|[from] psn
|-heal|p2a: Gliscor|90/100 tox|[from] ability: Poison Heal
|upkeep
|turn|15
|
|t:|1776165191
|move|p2a: Gliscor|Protect|p2a: Gliscor
|-singleturn|p2a: Gliscor|Protect
|move|p1a: Dragonite|Ice Spinner|p2a: Gliscor
|-activate|p2a: Gliscor|move: Protect
|
|-damage|p1a: Dragonite|33/100 tox|[from] psn
|-heal|p2a: Gliscor|100/100 tox|[from] ability: Poison Heal
|upkeep
|turn|16
|
|t:|1776165202
|switch|p2a: Toxapex|Toxapex, F|72/100
|-damage|p2a: Toxapex|60/100|[from] Stealth Rock
|move|p1a: Dragonite|Earthquake|p2a: Toxapex
|-supereffective|p2a: Toxapex
|-damage|p2a: Toxapex|14/100
|
|-heal|p2a: Toxapex|21/100|[from] item: Black Sludge
|-damage|p1a: Dragonite|14/100 tox|[from] psn
|upkeep
|turn|17
|
|t:|1776165212
|move|p2a: Toxapex|Baneful Bunker|p2a: Toxapex
|-singleturn|p2a: Toxapex|move: Protect
|move|p1a: Dragonite|Extreme Speed|p2a: Toxapex
|-activate|p2a: Toxapex|move: Protect
|
|-heal|p2a: Toxapex|27/100|[from] item: Black Sludge
|-damage|p1a: Dragonite|0 fnt|[from] psn
|faint|p1a: Dragonite
|upkeep
|
|t:|1776165218
|switch|p1a: Corviknight|Corviknight, M|100/100
|turn|18
|
|t:|1776165227
|switch|p2a: Weezing|Weezing-Galar, F|78/100
|-ability|p2a: Weezing|Neutralizing Gas
|move|p1a: Corviknight|U-turn|p2a: Weezing
|-resisted|p2a: Weezing
|-damage|p2a: Weezing|75/100
|
|t:|1776165246
|switch|p1a: Darkrai|Darkrai|100/100|[from] U-turn
|
|upkeep
|turn|19
|
|t:|1776165257
|move|p1a: Darkrai|Sludge Bomb|p2a: Weezing
|-damage|p2a: Weezing|24/100
|move|p2a: Weezing|Dazzling Gleam|p1a: Darkrai
|-supereffective|p1a: Darkrai
|-damage|p1a: Darkrai|41/100
|
|upkeep
|turn|20
|
|t:|1776165265
|-end|p2a: Weezing|ability: Neutralizing Gas
|switch|p2a: Gliscor|Gliscor, M|100/100 tox
|-damage|p2a: Gliscor|88/100 tox|[from] Stealth Rock
|move|p1a: Darkrai|Sludge Bomb|p2a: Gliscor
|-resisted|p2a: Gliscor
|-damage|p2a: Gliscor|67/100 tox
|
|-heal|p2a: Gliscor|79/100 tox|[from] ability: Poison Heal
|upkeep
|turn|21
|
|t:|1776165282
|switch|p1a: Iron Moth|Iron Moth|100/100
|-enditem|p1a: Iron Moth|Booster Energy
|-activate|p1a: Iron Moth|ability: Quark Drive|[fromitem]
|-start|p1a: Iron Moth|quarkdrivespa
|move|p2a: Gliscor|Earthquake|p1a: Iron Moth
|-supereffective|p1a: Iron Moth
|-damage|p1a: Iron Moth|0 fnt
|faint|p1a: Iron Moth
|-end|p1a: Iron Moth|Quark Drive|[silent]
|
|-heal|p2a: Gliscor|92/100 tox|[from] ability: Poison Heal
|upkeep
|
|t:|1776165287
|switch|p1a: Ogerpon|Ogerpon-Wellspring, F|100/100
|turn|22
|
|t:|1776165299
|-terastallize|p1a: Ogerpon|Water
|detailschange|p1a: Ogerpon|Ogerpon-Wellspring-Tera, F, tera:Water
|-ability|p1a: Ogerpon|Embody Aspect (Wellspring)|boost
|-boost|p1a: Ogerpon|spd|1
|move|p1a: Ogerpon|Ivy Cudgel|p2a: Gliscor|[anim] Ivy Cudgel Water
|-supereffective|p2a: Gliscor
|-damage|p2a: Gliscor|0 fnt
|faint|p2a: Gliscor
|
|upkeep
|
|t:|1776165308
|switch|p2a: Toxapex|Toxapex, F|60/100
|-damage|p2a: Toxapex|48/100|[from] Stealth Rock
|turn|23
|
|t:|1776165315
|switch|p1a: Garganacl|Garganacl, F|95/100
|move|p2a: Toxapex|Baneful Bunker||[still]
|-fail|p2a: Toxapex
|
|-heal|p2a: Toxapex|54/100|[from] item: Black Sludge
|-heal|p1a: Garganacl|100/100|[from] item: Leftovers
|upkeep
|turn|24
|
|t:|1776165331
|switch|p2a: Weezing|Weezing-Galar, F|24/100
|-ability|p2a: Weezing|Neutralizing Gas
|move|p1a: Garganacl|Salt Cure|p2a: Weezing
|-damage|p2a: Weezing|12/100
|-start|p2a: Weezing|Salt Cure
|
|-damage|p2a: Weezing|0 fnt|[from] Salt Cure
|faint|p2a: Weezing
|-end|p2a: Weezing|ability: Neutralizing Gas
|upkeep
|
|t:|1776165347
|switch|p2a: Garganacl|Garganacl, F|100/100
|-damage|p2a: Garganacl|88/100|[from] Stealth Rock
|turn|25
|
|t:|1776165354
|move|p1a: Garganacl|Protect|p1a: Garganacl
|-singleturn|p1a: Garganacl|Protect
|move|p2a: Garganacl|Flash Cannon|p1a: Garganacl
|-activate|p1a: Garganacl|move: Protect
|
|upkeep
|turn|26
|
|t:|1776165362
|switch|p1a: Corviknight|Corviknight, M|100/100
|move|p2a: Garganacl|Flash Cannon|p1a: Corviknight
|-resisted|p1a: Corviknight
|-damage|p1a: Corviknight|97/100
|
|-heal|p1a: Corviknight|100/100|[from] item: Leftovers
|upkeep
|turn|27
|
|t:|1776165371
|move|p2a: Garganacl|Salt Cure|p1a: Corviknight
|-damage|p1a: Corviknight|88/100
|-start|p1a: Corviknight|Salt Cure
|move|p1a: Corviknight|Iron Defense|p1a: Corviknight
|-boost|p1a: Corviknight|def|2
|
|-heal|p1a: Corviknight|94/100|[from] item: Leftovers
|-damage|p1a: Corviknight|69/100|[from] Salt Cure
|upkeep
|turn|28
|
|t:|1776165381
|move|p2a: Garganacl|Fire Punch|p1a: Corviknight
|-supereffective|p1a: Corviknight
|-damage|p1a: Corviknight|53/100
|-status|p1a: Corviknight|brn
|move|p1a: Corviknight|Body Press|p2a: Garganacl
|-supereffective|p2a: Garganacl
|-damage|p2a: Garganacl|63/100
|
|-heal|p1a: Corviknight|60/100 brn|[from] item: Leftovers
|-damage|p1a: Corviknight|53/100 brn|[from] brn
|-damage|p1a: Corviknight|28/100 brn|[from] Salt Cure
|upkeep
|turn|29
|
|t:|1776165398
|switch|p1a: Garganacl|Garganacl, F|100/100
|move|p2a: Garganacl|Salt Cure|p1a: Garganacl
|-damage|p1a: Garganacl|94/100
|-start|p1a: Garganacl|Salt Cure
|
|-heal|p1a: Garganacl|99/100|[from] item: Leftovers
|-damage|p1a: Garganacl|88/100|[from] Salt Cure
|upkeep
|turn|30
|
|t:|1776165406
|move|p2a: Garganacl|Flash Cannon|p1a: Garganacl
|-supereffective|p1a: Garganacl
|-damage|p1a: Garganacl|71/100
|move|p1a: Garganacl|Salt Cure|p2a: Garganacl
|-damage|p2a: Garganacl|54/100
|-start|p2a: Garganacl|Salt Cure
|
|-heal|p1a: Garganacl|77/100|[from] item: Leftovers
|-damage|p2a: Garganacl|42/100|[from] Salt Cure
|-damage|p1a: Garganacl|65/100|[from] Salt Cure
|upkeep
|turn|31
|
|t:|1776165427
|switch|p2a: Dondozo|Dondozo, F|100/100
|-damage|p2a: Dondozo|88/100|[from] Stealth Rock
|switch|p1a: Ogerpon|Ogerpon-Wellspring-Tera, F, tera:Water|100/100
|-ability|p1a: Ogerpon|Embody Aspect (Wellspring)|boost
|-boost|p1a: Ogerpon|spd|1
|
|-heal|p2a: Dondozo|94/100|[from] item: Leftovers
|upkeep
|turn|32
|
|t:|1776165440
|move|p1a: Ogerpon|Knock Off|p2a: Dondozo
|-damage|p2a: Dondozo|78/100
|-enditem|p2a: Dondozo|Leftovers|[from] move: Knock Off|[of] p1a: Ogerpon
|move|p2a: Dondozo|Body Press|p1a: Ogerpon
|-damage|p1a: Ogerpon|62/100
|
|upkeep
|turn|33
|
|t:|1776165449
|move|p1a: Ogerpon|U-turn|p2a: Dondozo
|-damage|p2a: Dondozo|65/100
|
|t:|1776165452
|switch|p1a: Corviknight|Corviknight, M|28/100 brn|[from] U-turn
|move|p2a: Dondozo|Body Press|p1a: Corviknight
|-damage|p1a: Corviknight|3/100 brn
|
|-heal|p1a: Corviknight|10/100 brn|[from] item: Leftovers
|-damage|p1a: Corviknight|3/100 brn|[from] brn
|upkeep
|turn|34
|
|t:|1776165467
|move|p1a: Corviknight|Roost|p1a: Corviknight
|-heal|p1a: Corviknight|53/100 brn
|-singleturn|p1a: Corviknight|move: Roost
|move|p2a: Dondozo|Rest|p2a: Dondozo
|-status|p2a: Dondozo|slp|[from] move: Rest
|-heal|p2a: Dondozo|100/100 slp|[silent]
|
|-heal|p1a: Corviknight|60/100 brn|[from] item: Leftovers
|-damage|p1a: Corviknight|53/100 brn|[from] brn
|upkeep
|turn|35
|
|t:|1776165478
|move|p1a: Corviknight|Iron Defense|p1a: Corviknight
|-boost|p1a: Corviknight|def|2
|cant|p2a: Dondozo|slp
|move|p2a: Dondozo|Sleep Talk|p2a: Dondozo
|move|p2a: Dondozo|Body Press|p1a: Corviknight|[from] move: Sleep Talk
|-damage|p1a: Corviknight|31/100 brn
|
|-heal|p1a: Corviknight|37/100 brn|[from] item: Leftovers
|-damage|p1a: Corviknight|31/100 brn|[from] brn
|upkeep
|turn|36
|
|t:|1776165490
|move|p1a: Corviknight|Iron Defense|p1a: Corviknight
|-boost|p1a: Corviknight|def|2
|cant|p2a: Dondozo|slp
|move|p2a: Dondozo|Sleep Talk|p2a: Dondozo
|move|p2a: Dondozo|Body Press|p1a: Corviknight|[from] move: Sleep Talk
|-damage|p1a: Corviknight|8/100 brn
|
|-heal|p1a: Corviknight|14/100 brn|[from] item: Leftovers
|-damage|p1a: Corviknight|8/100 brn|[from] brn
|upkeep
|turn|37
|
|t:|1776165500
|move|p1a: Corviknight|Roost|p1a: Corviknight
|-heal|p1a: Corviknight|58/100 brn
|-singleturn|p1a: Corviknight|move: Roost
|-curestatus|p2a: Dondozo|slp|[msg]
|move|p2a: Dondozo|Sleep Talk||[still]
|-fail|p2a: Dondozo
|
|-heal|p1a: Corviknight|64/100 brn|[from] item: Leftovers
|-damage|p1a: Corviknight|58/100 brn|[from] brn
|upkeep
|turn|38
|
|t:|1776165520
|switch|p2a: Garganacl|Garganacl, F|42/100
|-damage|p2a: Garganacl|29/100|[from] Stealth Rock
|move|p1a: Corviknight|Body Press|p2a: Garganacl
|-supereffective|p2a: Garganacl
|-damage|p2a: Garganacl|0 fnt
|faint|p2a: Garganacl
|
|-heal|p1a: Corviknight|64/100 brn|[from] item: Leftovers
|-damage|p1a: Corviknight|58/100 brn|[from] brn
|upkeep
|
|t:|1776165541
|switch|p2a: Corviknight|Corviknight, M|84/100
|-damage|p2a: Corviknight|72/100|[from] Stealth Rock
|-ability|p2a: Corviknight|Pressure
|turn|39
|
|t:|1776165547
|move|p2a: Corviknight|Iron Defense|p2a: Corviknight
|-boost|p2a: Corviknight|def|2
|move|p1a: Corviknight|Body Press|p2a: Corviknight
|-damage|p2a: Corviknight|63/100
|
|-heal|p2a: Corviknight|69/100|[from] item: Leftovers
|-heal|p1a: Corviknight|64/100 brn|[from] item: Leftovers
|-damage|p1a: Corviknight|58/100 brn|[from] brn
|upkeep
|turn|40
|
|t:|1776165555
|switch|p1a: Garganacl|Garganacl, F|65/100
|move|p2a: Corviknight|Iron Defense|p2a: Corviknight
|-boost|p2a: Corviknight|def|2
|
|-heal|p2a: Corviknight|75/100|[from] item: Leftovers
|-heal|p1a: Garganacl|71/100|[from] item: Leftovers
|upkeep
|turn|41
|
|t:|1776165563
|move|p2a: Corviknight|Body Press|p1a: Garganacl
|-supereffective|p1a: Garganacl
|-damage|p1a: Garganacl|0 fnt
|faint|p1a: Garganacl
|
|-heal|p2a: Corviknight|82/100|[from] item: Leftovers
|upkeep
|
|t:|1776165568
|switch|p1a: Ogerpon|Ogerpon-Wellspring-Tera, F, tera:Water|62/100
|-ability|p1a: Ogerpon|Embody Aspect (Wellspring)|boost
|-boost|p1a: Ogerpon|spd|1
|turn|42
|
|t:|1776165575
|move|p1a: Ogerpon|Ivy Cudgel|p2a: Corviknight|[anim] Ivy Cudgel Water
|-damage|p2a: Corviknight|63/100
|move|p2a: Corviknight|Body Press|p1a: Ogerpon
|-damage|p1a: Ogerpon|0 fnt
|faint|p1a: Ogerpon
|detailschange|p1: Ogerpon|Ogerpon-Wellspring, F|[silent]
|
|-heal|p2a: Corviknight|69/100|[from] item: Leftovers
|upkeep
|
|t:|1776165578
|switch|p1a: Darkrai|Darkrai|41/100
|turn|43
|c|☆simbaroy0505|dude
|c|☆simbaroy0505|u were gonna win
|
|t:|1776165592
|move|p1a: Darkrai|Dark Pulse|p2a: Corviknight
|-damage|p2a: Corviknight|2/100
|move|p2a: Corviknight|Body Press|p1a: Darkrai
|-supereffective|p1a: Darkrai
|-damage|p1a: Darkrai|0 fnt
|faint|p1a: Darkrai
|
|-heal|p2a: Corviknight|8/100|[from] item: Leftovers
|upkeep
|
|t:|1776165595
|switch|p1a: Corviknight|Corviknight, M|58/100 brn
|turn|44
|
|t:|1776165603
|move|p2a: Corviknight|Roost|p2a: Corviknight
|-heal|p2a: Corviknight|58/100
|-singleturn|p2a: Corviknight|move: Roost
|move|p1a: Corviknight|Body Press|p2a: Corviknight
|-supereffective|p2a: Corviknight
|-damage|p2a: Corviknight|54/100
|
|-heal|p1a: Corviknight|64/100 brn|[from] item: Leftovers
|-heal|p2a: Corviknight|60/100|[from] item: Leftovers
|-damage|p1a: Corviknight|58/100 brn|[from] brn
|upkeep
|turn|45
|-message|Ytuiff forfeited.
|
|win|simbaroy0505
|raw|Ytuiff's rating: 1106 &rarr; <strong>1081</strong><br />(-25 for losing)
|raw|simbaroy0505's rating: 1111 &rarr; <strong>1136</strong><br />(+25 for winning)
|l|☆Ytuiff
|player|p1|
