|html|<div class="broadcast-blue"><strong>[Gen 9] OU is currently suspecting Volcarona! For information on how to participate check out the <a href="https://www.smogon.com/tools/suspects/view/208">suspect thread</a>.</strong></div>
|j|☆f99rsaka
|j|☆Guess My Avatar⧉
|t:|1778497427
|gametype|singles
|player|p1|f99rsaka|2|1171
|player|p2|Guess My Avatar⧉|hilda-masters2|1174
|gen|9
|tier|[Gen 9] OU
|rated|
|rule|HP Percentage Mod: HP is shown in percentages
|rule|Endless Battle Clause: Forcing endless battles is banned
|rule|Species Clause: Limit one of each Pokémon
|rule|OHKO Clause: OHKO moves are banned
|rule|Evasion Items Clause: Evasion items are banned
|rule|Evasion Moves Clause: Evasion moves are banned
|rule|Evasion Abilities Clause: Evasion abilities are banned
|rule|Sleep Moves Clause: Sleep-inducing moves are banned
|clearpoke
|poke|p1|Indeedee, M|
|poke|p1|Armarouge, F|
|poke|p1|Hatterene, F|
|poke|p1|Polteageist|
|poke|p1|Hawlucha, F|
|poke|p1|Maushold|
|poke|p2|Gliscor, F|
|poke|p2|Gholdengo|
|poke|p2|Ting-Lu|
|poke|p2|Zamazenta-*|
|poke|p2|Weavile, F|
|poke|p2|Glimmora, F|
|teampreview
|inactive|Battle timer is ON: inactive players will automatically lose when time's up. (requested by Guess My Avatar⧉)
|
|t:|1778497445
|teamsize|p1|6
|teamsize|p2|6
|start
|switch|p1a: Maushold|Maushold|100/100
|switch|p2a: Glimmora|Glimmora, F|100/100
|turn|1
|
|t:|1778497454
|move|p1a: Maushold|Population Bomb|p2a: Glimmora
|-resisted|p2a: Glimmora
|-damage|p2a: Glimmora|94/100
|-activate|p2a: Glimmora|ability: Toxic Debris
|-sidestart|p1: f99rsaka|move: Toxic Spikes
|-resisted|p2a: Glimmora
|-damage|p2a: Glimmora|87/100
|-activate|p2a: Glimmora|ability: Toxic Debris
|-sidestart|p1: f99rsaka|move: Toxic Spikes
|-resisted|p2a: Glimmora
|-damage|p2a: Glimmora|81/100
|-resisted|p2a: Glimmora
|-damage|p2a: Glimmora|74/100
|-resisted|p2a: Glimmora
|-damage|p2a: Glimmora|67/100
|-resisted|p2a: Glimmora
|-damage|p2a: Glimmora|60/100
|-resisted|p2a: Glimmora
|-damage|p2a: Glimmora|54/100
|-resisted|p2a: Glimmora
|-damage|p2a: Glimmora|47/100
|-resisted|p2a: Glimmora
|-damage|p2a: Glimmora|41/100
|-resisted|p2a: Glimmora
|-damage|p2a: Glimmora|34/100
|-hitcount|p2a: Glimmora|10
|move|p2a: Glimmora|Meteor Beam||[still]
|-prepare|p2a: Glimmora|Meteor Beam
|-boost|p2a: Glimmora|spa|1
|-enditem|p2a: Glimmora|Power Herb
|-anim|p2a: Glimmora|Meteor Beam|p1a: Maushold
|-damage|p1a: Maushold|0 fnt
|faint|p1a: Maushold
|
|upkeep
|
|t:|1778497472
|switch|p1a: Indeedee|Indeedee, M|100/100
|-status|p1a: Indeedee|tox
|-fieldstart|move: Psychic Terrain|[from] ability: Psychic Surge|[of] p1a: Indeedee
|turn|2
|
|t:|1778497480
|move|p1a: Indeedee|Expanding Force|p2a: Glimmora
|-supereffective|p2a: Glimmora
|-damage|p2a: Glimmora|0 fnt
|faint|p2a: Glimmora
|
|-damage|p1a: Indeedee|94/100 tox|[from] psn
|upkeep
|
|t:|1778497488
|switch|p2a: Zamazenta|Zamazenta|100/100
|-ability|p2a: Zamazenta|Dauntless Shield|boost
|-boost|p2a: Zamazenta|def|1
|turn|3
|
|t:|1778497494
|move|p2a: Zamazenta|Crunch|p1a: Indeedee
|-supereffective|p1a: Indeedee
|-crit|p1a: Indeedee
|-damage|p1a: Indeedee|0 fnt
|faint|p1a: Indeedee
|
|upkeep
|
|t:|1778497501
|switch|p1a: Hatterene|Hatterene, F|100/100
|-status|p1a: Hatterene|tox
|turn|4
|
|t:|1778497507
|move|p2a: Zamazenta|Heavy Slam|p1a: Hatterene
|-supereffective|p1a: Hatterene
|-damage|p1a: Hatterene|36/100 tox
|-enditem|p1a: Hatterene|Eject Button
|
|t:|1778497514
|switch|p1a: Hawlucha|Hawlucha, F|100/100
|-enditem|p1a: Hawlucha|Psychic Seed
|-boost|p1a: Hawlucha|spd|1|[from] item: Psychic Seed
|
|upkeep
|turn|5
|
|t:|1778497522
|move|p1a: Hawlucha|Acrobatics|p2a: Zamazenta
|-supereffective|p2a: Zamazenta
|-damage|p2a: Zamazenta|35/100
|move|p2a: Zamazenta|Ice Fang|p1a: Hawlucha
|-supereffective|p1a: Hawlucha
|-damage|p1a: Hawlucha|46/100
|
|upkeep
|turn|6
|
|t:|1778497530
|move|p1a: Hawlucha|Acrobatics|p2a: Zamazenta
|-supereffective|p2a: Zamazenta
|-damage|p2a: Zamazenta|0 fnt
|faint|p2a: Zamazenta
|
|upkeep
|
|t:|1778497539
|switch|p2a: Gholdengo|Gholdengo|100/100
|turn|7
|
|t:|1778497550
|switch|p1a: Hatterene|Hatterene, F|36/100 tox
|move|p2a: Gholdengo|Trick|p1a: Hatterene
|-activate|p2a: Gholdengo|move: Trick|[of] p1a: Hatterene
|-item|p1a: Hatterene|Choice Scarf|[from] move: Trick
|-enditem|p2a: Gholdengo|Choice Scarf|[silent]|[from] move: Trick
|
|-damage|p1a: Hatterene|30/100 tox|[from] psn
|upkeep
|turn|8
|
|t:|1778497561
|switch|p2a: Weavile|Weavile, F|100/100
|-ability|p2a: Weavile|Pressure
|move|p1a: Hatterene|Healing Wish|p1a: Hatterene
|faint|p1a: Hatterene
|
|upkeep
|
|t:|1778497569
|switch|p1a: Hawlucha|Hawlucha, F|46/100
|-heal|p1a: Hawlucha|100/100|[from] move: Healing Wish
|turn|9
|
|t:|1778497574
|switch|p2a: Gholdengo|Gholdengo|100/100
|move|p1a: Hawlucha|Acrobatics|p2a: Gholdengo
|-resisted|p2a: Gholdengo
|-damage|p2a: Gholdengo|72/100
|
|-fieldend|move: Psychic Terrain
|upkeep
|turn|10
|
|t:|1778497587
|move|p2a: Gholdengo|Shadow Ball|p1a: Hawlucha
|-damage|p1a: Hawlucha|40/100
|move|p1a: Hawlucha|Swords Dance|p1a: Hawlucha
|-boost|p1a: Hawlucha|atk|2
|
|upkeep
|turn|11
|
|t:|1778497597
|move|p2a: Gholdengo|Trick||[still]
|-fail|p2a: Gholdengo
|move|p1a: Hawlucha|Acrobatics|p2a: Gholdengo
|-resisted|p2a: Gholdengo
|-damage|p2a: Gholdengo|11/100
|
|upkeep
|turn|12
|
|t:|1778497607
|move|p2a: Gholdengo|Trick||[still]
|-fail|p2a: Gholdengo
|move|p1a: Hawlucha|Acrobatics|p2a: Gholdengo
|-resisted|p2a: Gholdengo
|-crit|p2a: Gholdengo
|-damage|p2a: Gholdengo|0 fnt
|faint|p2a: Gholdengo
|
|upkeep
|
|t:|1778497612
|switch|p2a: Ting-Lu|Ting-Lu|100/100
|-ability|p2a: Ting-Lu|Vessel of Ruin
|turn|13
|
|t:|1778497628
|-terastallize|p2a: Ting-Lu|Water
|move|p1a: Hawlucha|Close Combat|p2a: Ting-Lu
|-damage|p2a: Ting-Lu|43/100
|-unboost|p1a: Hawlucha|def|1
|-unboost|p1a: Hawlucha|spd|1
|move|p2a: Ting-Lu|Ruination|p1a: Hawlucha
|-damage|p1a: Hawlucha|20/100
|
|-heal|p2a: Ting-Lu|49/100|[from] item: Leftovers
|upkeep
|turn|14
|
|t:|1778497641
|move|p1a: Hawlucha|Acrobatics|p2a: Ting-Lu
|-damage|p2a: Ting-Lu|0 fnt
|faint|p2a: Ting-Lu
|
|upkeep
|
|t:|1778497649
|switch|p2a: Gliscor|Gliscor, F|100/100
|turn|15
|
|t:|1778497653
|move|p1a: Hawlucha|Acrobatics|p2a: Gliscor
|-damage|p2a: Gliscor|37/100
|move|p2a: Gliscor|Toxic|p1a: Hawlucha
|-status|p1a: Hawlucha|tox
|
|-damage|p1a: Hawlucha|14/100 tox|[from] psn
|-status|p2a: Gliscor|tox|[from] item: Toxic Orb
|upkeep
|turn|16
|
|t:|1778497663
|move|p1a: Hawlucha|Acrobatics|p2a: Gliscor
|-crit|p2a: Gliscor
|-damage|p2a: Gliscor|0 fnt
|faint|p2a: Gliscor
|
|-damage|p1a: Hawlucha|2/100 tox|[from] psn
|upkeep
|
|t:|1778497666
|switch|p2a: Weavile|Weavile, F|100/100
|-ability|p2a: Weavile|Pressure
|turn|17
|
|t:|1778497676
|move|p2a: Weavile|Knock Off|p1a: Hawlucha
|-resisted|p1a: Hawlucha
|-damage|p1a: Hawlucha|0 fnt
|faint|p1a: Hawlucha
|
|upkeep
|
|t:|1778497685
|switch|p1a: Polteageist|Polteageist|100/100
|-status|p1a: Polteageist|tox
|turn|18
|
|t:|1778497691
|move|p2a: Weavile|Knock Off|p1a: Polteageist
|-supereffective|p1a: Polteageist
|-enditem|p1a: Polteageist|Focus Sash
|-damage|p1a: Polteageist|1/100 tox
|-ability|p1a: Polteageist|Weak Armor|boost
|-unboost|p1a: Polteageist|def|1
|-boost|p1a: Polteageist|spe|2
|move|p1a: Polteageist|Light Screen|p1a: Polteageist
|-sidestart|p1: f99rsaka|move: Light Screen
|
|-damage|p1a: Polteageist|0 fnt|[from] psn
|faint|p1a: Polteageist
|upkeep
|
|t:|1778497702
|switch|p1a: Armarouge|Armarouge, F|100/100
|-status|p1a: Armarouge|tox
|turn|19
|
|t:|1778497710
|move|p2a: Weavile|Knock Off|p1a: Armarouge
|-supereffective|p1a: Armarouge
|-damage|p1a: Armarouge|0 fnt
|-enditem|p1a: Armarouge|Weakness Policy|[from] move: Knock Off|[of] p2a: Weavile
|faint|p1a: Armarouge
|
|win|Guess My Avatar⧉
|raw|f99rsaka's rating: 1171 &rarr; <strong>1146</strong><br />(-25 for losing)
|raw|Guess My Avatar⧉'s rating: 1174 &rarr; <strong>1199</strong><br />(+25 for winning)
|l|☆f99rsaka
|player|p1|
|l|☆Guess My Avatar⧉
|player|p2|
