|html|<div class="broadcast-blue"><strong>[Gen 9] OU is currently suspecting Tera Blast! For information on how to participate check out the <a href="https://www.smogon.com/tools/suspects/view/200">suspect thread</a>.</strong></div>
|j|☆MeLikeTrains05
|j|☆GooodnightPunpun
|t:|1776202247
|gametype|singles
|player|p1|MeLikeTrains05|pilot|1236
|player|p2|GooodnightPunpun|lusamine-nihilego|1233
|gen|9
|tier|[Gen 9] OU
|rated|
|rule|HP Percentage Mod: HP is shown in percentages
|rule|Endless Battle Clause: Forcing endless battles is banned
|rule|Species Clause: Limit one of each Pokémon
|rule|OHKO Clause: OHKO moves are banned
|rule|Evasion Items Clause: Evasion items are banned
|rule|Evasion Moves Clause: Evasion moves are banned
|rule|Evasion Abilities Clause: Evasion abilities are banned
|rule|Sleep Moves Clause: Sleep-inducing moves are banned
|clearpoke
|poke|p1|Torkoal, M|
|poke|p1|Great Tusk|
|poke|p1|Cinderace, F|
|poke|p1|Lilligant-Hisui, F|
|poke|p1|Walking Wake|
|poke|p1|Hatterene, F|
|poke|p2|Garganacl, M|
|poke|p2|Great Tusk|
|poke|p2|Hatterene, F|
|poke|p2|Tornadus-Therian, M|
|poke|p2|Dragonite, M|
|poke|p2|Kingambit, M|
|teampreview
|
|t:|1776202251
|teamsize|p1|6
|teamsize|p2|6
|start
|switch|p1a: Torkoal|Torkoal, M, shiny|100/100
|switch|p2a: Bastion|Garganacl, M|100/100
|-weather|SunnyDay|[from] ability: Drought|[of] p1a: Torkoal
|turn|1
|
|t:|1776202261
|switch|p1a: Lilligant|Lilligant-Hisui, F|100/100
|move|p2a: Bastion|Salt Cure|p1a: Lilligant
|-resisted|p1a: Lilligant
|-damage|p1a: Lilligant|91/100
|-start|p1a: Lilligant|Salt Cure
|
|-weather|SunnyDay|[upkeep]
|-damage|p1a: Lilligant|78/100|[from] Salt Cure
|upkeep
|turn|2
|
|t:|1776202274
|switch|p2a: Bahamut|Dragonite, M, shiny|100/100
|move|p1a: Lilligant|Solar Blade||[still]
|-prepare|p1a: Lilligant|Solar Blade
|-anim|p1a: Lilligant|Solar Blade|p2a: Bahamut
|-resisted|p2a: Bahamut
|-damage|p2a: Bahamut|92/100
|-damage|p1a: Lilligant|68/100|[from] item: Life Orb
|
|-weather|SunnyDay|[upkeep]
|-damage|p1a: Lilligant|56/100|[from] Salt Cure
|upkeep
|turn|3
|
|t:|1776202289
|switch|p1a: Walking Wake|Walking Wake|100/100
|-activate|p1a: Walking Wake|ability: Protosynthesis
|-start|p1a: Walking Wake|protosynthesisspa
|-terastallize|p2a: Bahamut|Normal
|move|p2a: Bahamut|Dragon Dance|p2a: Bahamut
|-boost|p2a: Bahamut|atk|1
|-boost|p2a: Bahamut|spe|1
|
|-weather|SunnyDay|[upkeep]
|upkeep
|turn|4
|
|t:|1776202303
|move|p2a: Bahamut|Extreme Speed|p1a: Walking Wake
|-damage|p1a: Walking Wake|4/100
|move|p1a: Walking Wake|Hydro Steam|p2a: Bahamut
|-damage|p2a: Bahamut|10/100
|
|-weather|SunnyDay|[upkeep]
|-heal|p1a: Walking Wake|10/100|[from] item: Leftovers
|upkeep
|turn|5
|
|t:|1776202313
|move|p2a: Bahamut|Extreme Speed|p1a: Walking Wake
|-damage|p1a: Walking Wake|0 fnt
|faint|p1a: Walking Wake
|-end|p1a: Walking Wake|Protosynthesis|[silent]
|
|-weather|SunnyDay|[upkeep]
|upkeep
|
|t:|1776202320
|switch|p1a: Lilligant|Lilligant-Hisui, F|56/100
|turn|6
|
|t:|1776202328
|move|p2a: Bahamut|Extreme Speed|p1a: Lilligant
|-crit|p1a: Lilligant
|-damage|p1a: Lilligant|0 fnt
|faint|p1a: Lilligant
|
|-weather|SunnyDay|[upkeep]
|upkeep
|
|t:|1776202338
|switch|p1a: Torkoal|Torkoal, M, shiny|100/100
|turn|7
|
|t:|1776202350
|move|p2a: Bahamut|Roost|p2a: Bahamut
|-heal|p2a: Bahamut|60/100
|move|p1a: Torkoal|Lava Plume|p2a: Bahamut
|-damage|p2a: Bahamut|28/100
|
|-weather|SunnyDay|[upkeep]
|upkeep
|turn|8
|
|t:|1776202359
|move|p2a: Bahamut|Roost|p2a: Bahamut
|-heal|p2a: Bahamut|78/100
|move|p1a: Torkoal|Lava Plume|p2a: Bahamut
|-damage|p2a: Bahamut|44/100
|
|-weather|none
|upkeep
|turn|9
|
|t:|1776202367
|move|p2a: Bahamut|Roost|p2a: Bahamut
|-heal|p2a: Bahamut|94/100
|move|p1a: Torkoal|Will-O-Wisp|p2a: Bahamut
|-status|p2a: Bahamut|brn
|
|-damage|p2a: Bahamut|88/100 brn|[from] brn
|upkeep
|turn|10
|
|t:|1776202375
|switch|p1a: Hatterene|Hatterene, F|100/100
|move|p2a: Bahamut|Dragon Dance|p2a: Bahamut
|-boost|p2a: Bahamut|atk|1
|-boost|p2a: Bahamut|spe|1
|
|-damage|p2a: Bahamut|82/100 brn|[from] brn
|upkeep
|turn|11
|
|t:|1776202389
|move|p2a: Bahamut|Extreme Speed|p1a: Hatterene
|-damage|p1a: Hatterene|53/100
|-enditem|p1a: Hatterene|Eject Button
|
|t:|1776202397
|switch|p1a: Great Tusk|Great Tusk|100/100
|
|-damage|p2a: Bahamut|76/100 brn|[from] brn
|upkeep
|turn|12
|
|t:|1776202413
|move|p2a: Bahamut|Extreme Speed|p1a: Great Tusk
|-damage|p1a: Great Tusk|60/100
|move|p1a: Great Tusk|Close Combat|p2a: Bahamut
|-supereffective|p2a: Bahamut
|-damage|p2a: Bahamut|0 fnt
|-unboost|p1a: Great Tusk|def|1
|-unboost|p1a: Great Tusk|spd|1
|faint|p2a: Bahamut
|
|-heal|p1a: Great Tusk|66/100|[from] item: Leftovers
|upkeep
|
|t:|1776202423
|switch|p2a: Tempest|Tornadus-Therian, M, shiny|100/100
|turn|13
|
|t:|1776202427
|-end|p1a: Great Tusk|Protosynthesis|[silent]
|switch|p1a: Torkoal|Torkoal, M, shiny|100/100
|-weather|SunnyDay|[from] ability: Drought|[of] p1a: Torkoal
|move|p2a: Tempest|Bleakwind Storm|p1a: Torkoal
|-damage|p1a: Torkoal|67/100
|
|-weather|SunnyDay|[upkeep]
|upkeep
|turn|14
|
|t:|1776202438
|move|p2a: Tempest|U-turn|p1a: Torkoal
|-resisted|p1a: Torkoal
|-damage|p1a: Torkoal|61/100
|
|t:|1776202441
|switch|p2a: Seraphine|Hatterene, F, shiny|100/100|[from] U-turn
|move|p1a: Torkoal|Stealth Rock|p2a: Seraphine
|move|p2a: Seraphine|Stealth Rock|p1a: Torkoal|[from] ability: Magic Bounce
|-sidestart|p1: MeLikeTrains05|move: Stealth Rock
|
|-weather|SunnyDay|[upkeep]
|upkeep
|turn|15
|
|t:|1776202456
|move|p1a: Torkoal|Rapid Spin|p2a: Seraphine
|-damage|p2a: Seraphine|93/100
|-boost|p1a: Torkoal|spe|1
|-damage|p1a: Torkoal|45/100|[from] item: Rocky Helmet|[of] p2a: Seraphine
|-sideend|p1: MeLikeTrains05|Stealth Rock|[from] move: Rapid Spin|[of] p1a: Torkoal
|move|p2a: Seraphine|Future Sight|p1a: Torkoal
|-start|p2a: Seraphine|move: Future Sight
|
|-weather|SunnyDay|[upkeep]
|upkeep
|turn|16
|
|t:|1776202466
|switch|p1a: Cinderace|Cinderace, F, shiny|100/100
|move|p2a: Seraphine|Nuzzle|p1a: Cinderace
|-damage|p1a: Cinderace|94/100
|-status|p1a: Cinderace|par
|
|-weather|SunnyDay|[upkeep]
|upkeep
|turn|17
|
|t:|1776202478
|cant|p1a: Cinderace|par
|move|p2a: Seraphine|Pain Split|p1a: Cinderace
|-sethp|p1a: Cinderace|95/100 par|[from] move: Pain Split|[silent]
|-sethp|p2a: Seraphine|91/100|[from] move: Pain Split
|
|-weather|SunnyDay|[upkeep]
|-end|p1a: Cinderace|move: Future Sight
|-damage|p1a: Cinderace|18/100 par
|upkeep
|turn|18
|
|t:|1776202487
|move|p1a: Cinderace|Gunk Shot|p2a: Seraphine
|-start|p1a: Cinderace|typechange|Poison|[from] ability: Libero
|-supereffective|p2a: Seraphine
|-damage|p2a: Seraphine|0 fnt
|faint|p2a: Seraphine
|
|-weather|SunnyDay|[upkeep]
|upkeep
|
|t:|1776202500
|switch|p2a: Tusk|Great Tusk|100/100
|-activate|p2a: Tusk|ability: Protosynthesis
|-start|p2a: Tusk|protosynthesisatk
|turn|19
|
|t:|1776202506
|switch|p1a: Hatterene|Hatterene, F|53/100
|move|p2a: Tusk|Rapid Spin|p1a: Hatterene
|-damage|p1a: Hatterene|31/100
|-boost|p2a: Tusk|spe|1
|
|-weather|SunnyDay|[upkeep]
|upkeep
|turn|20
|
|t:|1776202516
|move|p2a: Tusk|Headlong Rush|p1a: Hatterene
|-damage|p1a: Hatterene|0 fnt
|-unboost|p2a: Tusk|def|1
|-unboost|p2a: Tusk|spd|1
|faint|p1a: Hatterene
|
|-weather|none
|-end|p2a: Tusk|Protosynthesis
|upkeep
|-enditem|p2a: Tusk|Booster Energy
|-activate|p2a: Tusk|ability: Protosynthesis|[fromitem]
|-start|p2a: Tusk|protosynthesisspe
|
|t:|1776202535
|switch|p1a: Great Tusk|Great Tusk|66/100
|turn|21
|
|t:|1776202545
|move|p2a: Tusk|Headlong Rush|p1a: Great Tusk
|-crit|p1a: Great Tusk
|-damage|p1a: Great Tusk|3/100
|-unboost|p2a: Tusk|def|1
|-unboost|p2a: Tusk|spd|1
|move|p1a: Great Tusk|Close Combat|p2a: Tusk
|-damage|p2a: Tusk|6/100
|-unboost|p1a: Great Tusk|def|1
|-unboost|p1a: Great Tusk|spd|1
|
|-heal|p1a: Great Tusk|9/100|[from] item: Leftovers
|upkeep
|turn|22
|
|t:|1776202556
|move|p2a: Tusk|Rapid Spin|p1a: Great Tusk
|-damage|p1a: Great Tusk|0 fnt
|-boost|p2a: Tusk|spe|1
|faint|p1a: Great Tusk
|-end|p1a: Great Tusk|Protosynthesis|[silent]
|
|upkeep
|
|t:|1776202562
|switch|p1a: Cinderace|Cinderace, F, shiny|18/100 par
|turn|23
|
|t:|1776202569
|move|p2a: Tusk|Rapid Spin|p1a: Cinderace
|-damage|p1a: Cinderace|0 fnt
|-boost|p2a: Tusk|spe|1
|faint|p1a: Cinderace
|
|upkeep
|
|t:|1776202573
|switch|p1a: Torkoal|Torkoal, M, shiny|45/100
|-weather|SunnyDay|[from] ability: Drought|[of] p1a: Torkoal
|turn|24
|
|t:|1776202587
|move|p2a: Tusk|Headlong Rush|p1a: Torkoal
|-supereffective|p1a: Torkoal
|-damage|p1a: Torkoal|0 fnt
|-unboost|p2a: Tusk|def|1
|-unboost|p2a: Tusk|spd|1
|faint|p1a: Torkoal
|
|win|GooodnightPunpun
|raw|MeLikeTrains05's rating: 1236 &rarr; <strong>1211</strong><br />(-25 for losing)
|raw|GooodnightPunpun's rating: 1233 &rarr; <strong>1258</strong><br />(+25 for winning)
|l|☆MeLikeTrains05
|player|p1|
