|html|<div class="broadcast-blue"><strong>[Gen 9] OU is currently suspecting Volcarona! For information on how to participate check out the <a href="https://www.smogon.com/tools/suspects/view/208">suspect thread</a>.</strong></div>
|j|☆kon!coast
|j|‽CP28028
|t:|1778517731
|gametype|singles
|player|p1|kon!coast|guitarist|1352
|player|p2|CP28028|swimmerf-gen4dp|1336
|gen|9
|tier|[Gen 9] OU
|rated|
|rule|HP Percentage Mod: HP is shown in percentages
|rule|Endless Battle Clause: Forcing endless battles is banned
|rule|Species Clause: Limit one of each Pokémon
|rule|OHKO Clause: OHKO moves are banned
|rule|Evasion Items Clause: Evasion items are banned
|rule|Evasion Moves Clause: Evasion moves are banned
|rule|Evasion Abilities Clause: Evasion abilities are banned
|rule|Sleep Moves Clause: Sleep-inducing moves are banned
|clearpoke
|poke|p1|Rillaboom, M|
|poke|p1|Zamazenta-*|
|poke|p1|Iron Treads|
|poke|p1|Hawlucha, M|
|poke|p1|Primarina, F|
|poke|p1|Glimmora, M|
|poke|p2|Great Tusk|
|poke|p2|Dragonite, M|
|poke|p2|Kingambit, M|
|poke|p2|Dragapult, F|
|poke|p2|Ogerpon-Wellspring, F|
|poke|p2|Sableye, M|
|teampreview
|inactive|Battle timer is ON: inactive players will automatically lose when time's up. (requested by CP28028)
|
|t:|1778517754
|teamsize|p1|6
|teamsize|p2|6
|start
|switch|p1a: Rillaboom|Rillaboom, M|100/100
|switch|p2a: Sableye|Sableye, M|100/100
|-fieldstart|move: Grassy Terrain|[from] ability: Grassy Surge|[of] p1a: Rillaboom
|turn|1
|
|t:|1778517766
|move|p2a: Sableye|Will-O-Wisp|p1a: Rillaboom
|-status|p1a: Rillaboom|brn
|move|p1a: Rillaboom|Knock Off|p2a: Sableye
|-damage|p2a: Sableye|82/100
|-enditem|p2a: Sableye|Leftovers|[from] move: Knock Off|[of] p1a: Rillaboom
|
|-heal|p2a: Sableye|89/100|[from] Grassy Terrain
|-damage|p1a: Rillaboom|94/100 brn|[from] brn
|upkeep
|turn|2
|
|t:|1778517776
|move|p2a: Sableye|Light Screen|p2a: Sableye
|-sidestart|p2: CP28028|move: Light Screen
|move|p1a: Rillaboom|U-turn|p2a: Sableye
|-crit|p2a: Sableye
|-damage|p2a: Sableye|70/100
|
|t:|1778517783
|switch|p1a: Primarina|Primarina, F|100/100|[from] U-turn
|
|-heal|p2a: Sableye|76/100|[from] Grassy Terrain
|upkeep
|turn|3
|
|t:|1778517801
|switch|p2a: Ogerpon|Ogerpon-Wellspring, F|100/100
|move|p1a: Primarina|Substitute|p1a: Primarina
|-start|p1a: Primarina|Substitute
|-damage|p1a: Primarina|75/100
|
|-heal|p1a: Primarina|82/100|[from] Grassy Terrain
|-heal|p1a: Primarina|88/100|[from] item: Leftovers
|upkeep
|turn|4
|
|t:|1778517811
|-terastallize|p2a: Ogerpon|Water
|detailschange|p2a: Ogerpon|Ogerpon-Wellspring-Tera, F, tera:Water
|-ability|p2a: Ogerpon|Embody Aspect (Wellspring)|boost
|-boost|p2a: Ogerpon|spd|1
|move|p2a: Ogerpon|Trailblaze|p1a: Primarina
|-supereffective|p1a: Primarina
|-end|p1a: Primarina|Substitute
|-boost|p2a: Ogerpon|spe|1
|move|p1a: Primarina|Calm Mind|p1a: Primarina
|-boost|p1a: Primarina|spa|1
|-boost|p1a: Primarina|spd|1
|
|-heal|p1a: Primarina|94/100|[from] Grassy Terrain
|-heal|p1a: Primarina|99/100|[from] item: Leftovers
|upkeep
|turn|5
|
|t:|1778517825
|-terastallize|p1a: Primarina|Steel
|move|p2a: Ogerpon|Swords Dance|p2a: Ogerpon
|-boost|p2a: Ogerpon|atk|2
|move|p1a: Primarina|Draining Kiss|p2a: Ogerpon
|-damage|p2a: Ogerpon|89/100
|-heal|p1a: Primarina|100/100|[from] drain|[of] p2a: Ogerpon
|
|-heal|p2a: Ogerpon|95/100|[from] Grassy Terrain
|upkeep
|turn|6
|
|t:|1778517839
|move|p2a: Ogerpon|Ivy Cudgel|p1a: Primarina|[anim] Ivy Cudgel Water
|-damage|p1a: Primarina|0 fnt
|faint|p1a: Primarina
|
|-heal|p2a: Ogerpon|100/100|[from] Grassy Terrain
|-sideend|p2: CP28028|move: Light Screen
|upkeep
|c|☆kon!coast|tf
|
|t:|1778517853
|switch|p1a: Zamazenta|Zamazenta|100/100
|-ability|p1a: Zamazenta|Dauntless Shield|boost
|-boost|p1a: Zamazenta|def|1
|turn|7
|
|t:|1778517857
|move|p2a: Ogerpon|Play Rough|p1a: Zamazenta
|-supereffective|p1a: Zamazenta
|-damage|p1a: Zamazenta|23/100
|move|p1a: Zamazenta|Iron Defense|p1a: Zamazenta
|-boost|p1a: Zamazenta|def|2
|
|-heal|p1a: Zamazenta|29/100|[from] Grassy Terrain
|-heal|p1a: Zamazenta|35/100|[from] item: Leftovers
|upkeep
|turn|8
|
|t:|1778517867
|move|p2a: Ogerpon|Play Rough|p1a: Zamazenta
|-supereffective|p1a: Zamazenta
|-damage|p1a: Zamazenta|0 fnt
|faint|p1a: Zamazenta
|
|-fieldend|move: Grassy Terrain
|upkeep
|
|t:|1778517876
|switch|p1a: Rillaboom|Rillaboom, M|94/100 brn
|-fieldstart|move: Grassy Terrain|[from] ability: Grassy Surge|[of] p1a: Rillaboom
|turn|9
|
|t:|1778517881
|move|p1a: Rillaboom|Grassy Glide|p2a: Ogerpon
|-supereffective|p2a: Ogerpon
|-damage|p2a: Ogerpon|46/100
|move|p2a: Ogerpon|Play Rough|p1a: Rillaboom
|-damage|p1a: Rillaboom|18/100 brn
|
|-heal|p2a: Ogerpon|52/100|[from] Grassy Terrain
|-heal|p1a: Rillaboom|24/100 brn|[from] Grassy Terrain
|-damage|p1a: Rillaboom|18/100 brn|[from] brn
|upkeep
|turn|10
|
|t:|1778517892
|move|p1a: Rillaboom|Grassy Glide|p2a: Ogerpon
|-supereffective|p2a: Ogerpon
|-damage|p2a: Ogerpon|1/100
|move|p2a: Ogerpon|Play Rough|p1a: Rillaboom
|-damage|p1a: Rillaboom|0 fnt
|faint|p1a: Rillaboom
|
|-heal|p2a: Ogerpon|7/100|[from] Grassy Terrain
|upkeep
|c|☆kon!coast|..........
|
|t:|1778517902
|switch|p1a: Hawlucha|Hawlucha, M|100/100
|-enditem|p1a: Hawlucha|Grassy Seed
|-boost|p1a: Hawlucha|def|1|[from] item: Grassy Seed
|turn|11
|
|t:|1778517910
|move|p1a: Hawlucha|Acrobatics|p2a: Ogerpon
|-damage|p2a: Ogerpon|0 fnt
|faint|p2a: Ogerpon
|detailschange|p2: Ogerpon|Ogerpon-Wellspring, F|[silent]
|
|upkeep
|
|t:|1778517917
|switch|p2a: Sableye|Sableye, M|76/100
|turn|12
|
|t:|1778517921
|move|p2a: Sableye|Will-O-Wisp|p1a: Hawlucha
|-status|p1a: Hawlucha|brn
|move|p1a: Hawlucha|Swords Dance|p1a: Hawlucha
|-boost|p1a: Hawlucha|atk|2
|
|-heal|p2a: Sableye|82/100|[from] Grassy Terrain
|-damage|p1a: Hawlucha|94/100 brn|[from] brn
|upkeep
|turn|13
|
|t:|1778517929
|move|p2a: Sableye|Encore|p1a: Hawlucha
|-start|p1a: Hawlucha|Encore
|move|p1a: Hawlucha|Swords Dance|p1a: Hawlucha
|-boost|p1a: Hawlucha|atk|2
|
|-heal|p2a: Sableye|89/100|[from] Grassy Terrain
|-damage|p1a: Hawlucha|88/100 brn|[from] brn
|upkeep
|turn|14
|
|t:|1778517936
|switch|p2a: Dragapult|Dragapult, F|100/100
|move|p1a: Hawlucha|Swords Dance|p1a: Hawlucha
|-boost|p1a: Hawlucha|atk|2
|
|-damage|p1a: Hawlucha|82/100 brn|[from] brn
|upkeep
|turn|15
|
|t:|1778517943
|move|p1a: Hawlucha|Swords Dance|p1a: Hawlucha
|-boost|p1a: Hawlucha|atk|0
|move|p2a: Dragapult|Thunderbolt|p1a: Hawlucha
|-supereffective|p1a: Hawlucha
|-damage|p1a: Hawlucha|0 fnt
|faint|p1a: Hawlucha
|
|upkeep
|
|t:|1778517950
|switch|p1a: Glimmora|Glimmora, M|100/100
|turn|16
|
|t:|1778517960
|switch|p2a: Kingambit|Kingambit, M|100/100
|-activate|p2a: Kingambit|ability: Supreme Overlord
|-start|p2a: Kingambit|fallen1|[silent]
|move|p1a: Glimmora|Meteor Beam||[still]
|-prepare|p1a: Glimmora|Meteor Beam
|-boost|p1a: Glimmora|spa|1
|-enditem|p1a: Glimmora|Power Herb
|-anim|p1a: Glimmora|Meteor Beam|p2a: Kingambit
|-resisted|p2a: Kingambit
|-damage|p2a: Kingambit|53/100
|
|-heal|p2a: Kingambit|59/100|[from] Grassy Terrain
|-fieldend|move: Grassy Terrain
|upkeep
|turn|17
|
|t:|1778517973
|move|p1a: Glimmora|Earth Power|p2a: Kingambit
|-supereffective|p2a: Kingambit
|-damage|p2a: Kingambit|0 fnt
|faint|p2a: Kingambit
|-end|p2a: Kingambit|fallen1|[silent]
|
|upkeep
|
|t:|1778517976
|switch|p2a: Great Tusk|Great Tusk|100/100
|-enditem|p2a: Great Tusk|Booster Energy
|-activate|p2a: Great Tusk|ability: Protosynthesis|[fromitem]
|-start|p2a: Great Tusk|protosynthesisspe
|turn|18
|
|t:|1778517989
|move|p2a: Great Tusk|Earthquake|p1a: Glimmora
|-supereffective|p1a: Glimmora
|-damage|p1a: Glimmora|0 fnt
|-activate|p1a: Glimmora|ability: Toxic Debris
|-sidestart|p2: CP28028|move: Toxic Spikes
|faint|p1a: Glimmora
|
|upkeep
|-message|kon!coast forfeited.
|
|win|CP28028
|raw|kon!coast's rating: 1352 &rarr; <strong>1331</strong><br />(-21 for losing)
|raw|CP28028's rating: 1336 &rarr; <strong>1357</strong><br />(+21 for winning)
|l|☆kon!coast
|player|p1|
|l|‽CP28028
|player|p2|
