|html|<div class="broadcast-blue"><strong>[Gen 9] OU is currently suspecting Tera Blast! For information on how to participate check out the <a href="https://www.smogon.com/tools/suspects/view/200">suspect thread</a>.</strong></div>
|j|☆Anchor9
|j|☆Princessjosie1001!
|t:|1776102951
|gametype|singles
|player|p1|Anchor9|silver|1510
|player|p2|Princessjosie1001!|nurse|1518
|gen|9
|tier|[Gen 9] OU
|rated|
|rule|HP Percentage Mod: HP is shown in percentages
|rule|Endless Battle Clause: Forcing endless battles is banned
|rule|Species Clause: Limit one of each Pokémon
|rule|OHKO Clause: OHKO moves are banned
|rule|Evasion Items Clause: Evasion items are banned
|rule|Evasion Moves Clause: Evasion moves are banned
|rule|Evasion Abilities Clause: Evasion abilities are banned
|rule|Sleep Moves Clause: Sleep-inducing moves are banned
|clearpoke
|poke|p1|Araquanid, F|
|poke|p1|Ampharos, M|
|poke|p1|Dragonite, M|
|poke|p1|Gholdengo|
|poke|p1|Kyurem|
|poke|p1|Great Tusk|
|poke|p2|Grimmsnarl, M|
|poke|p2|Cloyster, M|
|poke|p2|Salazzle, F|
|poke|p2|Espeon, M|
|poke|p2|Jirachi|
|poke|p2|Dragonite, M|
|teampreview
|inactive|Battle timer is ON: inactive players will automatically lose when time's up. (requested by Anchor9)
|
|t:|1776102955
|teamsize|p1|6
|teamsize|p2|6
|start
|switch|p1a: Araquanid|Araquanid, F|100/100
|switch|p2a: Jirachi|Jirachi|100/100
|turn|1
|
|t:|1776102960
|move|p2a: Jirachi|U-turn|p1a: Araquanid
|-damage|p1a: Araquanid|75/100
|
|t:|1776102963
|switch|p2a: No hazard allowed|Espeon, M|100/100|[from] U-turn
|move|p1a: Araquanid|Sticky Web|p2a: No hazard allowed
|move|p2a: No hazard allowed|Sticky Web|p1a: Araquanid|[from] ability: Magic Bounce
|-sidestart|p1: Anchor9|move: Sticky Web
|
|upkeep
|turn|2
|
|t:|1776102970
|move|p2a: No hazard allowed|Trick|p1a: Araquanid
|-activate|p2a: No hazard allowed|move: Trick|[of] p1a: Araquanid
|-item|p1a: Araquanid|Choice Scarf|[from] move: Trick
|-item|p2a: No hazard allowed|Custap Berry|[from] move: Trick
|move|p1a: Araquanid|Surf|p2a: No hazard allowed
|-damage|p2a: No hazard allowed|32/100
|
|upkeep
|turn|3
|
|t:|1776102977
|move|p2a: No hazard allowed|Psychic|p1a: Araquanid
|-damage|p1a: Araquanid|37/100
|move|p1a: Araquanid|Surf|p2a: No hazard allowed
|-damage|p2a: No hazard allowed|0 fnt
|faint|p2a: No hazard allowed
|
|upkeep
|j| xeshuw
|
|t:|1776102992
|switch|p2a: Jirachi|Jirachi|100/100
|turn|4
|
|t:|1776103014
|move|p2a: Jirachi|Iron Head|p1a: Araquanid
|-resisted|p1a: Araquanid
|-damage|p1a: Araquanid|17/100
|cant|p1a: Araquanid|flinch
|
|upkeep
|turn|5
|
|t:|1776103020
|move|p2a: Jirachi|Iron Head|p1a: Araquanid
|-resisted|p1a: Araquanid
|-damage|p1a: Araquanid|0 fnt
|faint|p1a: Araquanid
|
|upkeep
|
|t:|1776103022
|switch|p1a: Great Tusk|Great Tusk|100/100
|-activate|p1a: Great Tusk|move: Sticky Web
|-unboost|p1a: Great Tusk|spe|1
|-enditem|p1a: Great Tusk|Booster Energy
|-activate|p1a: Great Tusk|ability: Protosynthesis|[fromitem]
|-start|p1a: Great Tusk|protosynthesisatk
|turn|6
|
|t:|1776103029
|move|p2a: Jirachi|Iron Head|p1a: Great Tusk
|-damage|p1a: Great Tusk|79/100
|cant|p1a: Great Tusk|flinch
|
|upkeep
|turn|7
|
|t:|1776103034
|move|p2a: Jirachi|Iron Head|p1a: Great Tusk
|-damage|p1a: Great Tusk|54/100
|move|p1a: Great Tusk|Rapid Spin|p2a: Jirachi
|-resisted|p2a: Jirachi
|-crit|p2a: Jirachi
|-damage|p2a: Jirachi|86/100
|-boost|p1a: Great Tusk|spe|1
|-sideend|p1: Anchor9|Sticky Web|[from] move: Rapid Spin|[of] p1a: Great Tusk
|
|upkeep
|turn|8
|
|t:|1776103041
|move|p2a: Jirachi|Iron Head|p1a: Great Tusk
|-damage|p1a: Great Tusk|31/100
|cant|p1a: Great Tusk|flinch
|
|upkeep
|turn|9
|
|t:|1776103046
|move|p2a: Jirachi|Iron Head|p1a: Great Tusk
|-damage|p1a: Great Tusk|9/100
|cant|p1a: Great Tusk|flinch
|
|upkeep
|turn|10
|
|t:|1776103051
|move|p2a: Jirachi|Iron Head|p1a: Great Tusk
|-damage|p1a: Great Tusk|0 fnt
|faint|p1a: Great Tusk
|-end|p1a: Great Tusk|Protosynthesis|[silent]
|
|upkeep
|
|t:|1776103068
|switch|p1a: Gholdengo|Gholdengo|100/100
|-item|p1a: Gholdengo|Air Balloon
|turn|11
|
|t:|1776103073
|switch|p2a: Salazzle|Salazzle, F|100/100
|move|p1a: Gholdengo|Shadow Ball|p2a: Salazzle
|-damage|p2a: Salazzle|21/100
|-unboost|p2a: Salazzle|spd|1
|
|upkeep
|turn|12
|
|t:|1776103079
|switch|p1a: Ampharos|Ampharos, M|100/100
|move|p2a: Salazzle|Flamethrower|p1a: Ampharos
|-damage|p1a: Ampharos|44/100
|
|upkeep
|turn|13
|
|t:|1776103086
|move|p2a: Salazzle|Sludge Wave|p1a: Ampharos
|-damage|p1a: Ampharos|0 fnt
|faint|p1a: Ampharos
|
|upkeep
|
|t:|1776103098
|switch|p1a: Dragonite|Dragonite, M|100/100
|turn|14
|
|t:|1776103101
|move|p2a: Salazzle|Toxic|p1a: Dragonite
|-status|p1a: Dragonite|tox
|move|p1a: Dragonite|Dragon Dance|p1a: Dragonite
|-boost|p1a: Dragonite|atk|1
|-boost|p1a: Dragonite|spe|1
|
|-damage|p1a: Dragonite|94/100 tox|[from] psn
|upkeep
|turn|15
|
|t:|1776103108
|move|p1a: Dragonite|Earthquake|p2a: Salazzle
|-supereffective|p2a: Salazzle
|-damage|p2a: Salazzle|0 fnt
|faint|p2a: Salazzle
|
|-damage|p1a: Dragonite|82/100 tox|[from] psn
|upkeep
|
|t:|1776103114
|switch|p2a: Jirachi|Jirachi|86/100
|turn|16
|
|t:|1776103120
|move|p2a: Jirachi|Iron Head|p1a: Dragonite
|-damage|p1a: Dragonite|36/100 tox
|cant|p1a: Dragonite|flinch
|
|-damage|p1a: Dragonite|18/100 tox|[from] psn
|upkeep
|turn|17
|
|t:|1776103127
|move|p1a: Dragonite|Extreme Speed|p2a: Jirachi
|-resisted|p2a: Jirachi
|-damage|p2a: Jirachi|64/100
|move|p2a: Jirachi|Iron Head|p1a: Dragonite
|-damage|p1a: Dragonite|0 fnt
|faint|p1a: Dragonite
|
|upkeep
|
|t:|1776103136
|switch|p1a: Gholdengo|Gholdengo|100/100
|-item|p1a: Gholdengo|Air Balloon
|turn|18
|
|t:|1776103140
|move|p2a: Jirachi|Iron Head|p1a: Gholdengo
|-resisted|p1a: Gholdengo
|-damage|p1a: Gholdengo|78/100
|-enditem|p1a: Gholdengo|Air Balloon
|move|p1a: Gholdengo|Shadow Ball|p2a: Jirachi
|-supereffective|p2a: Jirachi
|-damage|p2a: Jirachi|0 fnt
|faint|p2a: Jirachi
|
|upkeep
|
|t:|1776103149
|switch|p2a: Dragonite|Dragonite, M|100/100
|turn|19
|
|t:|1776103170
|move|p1a: Gholdengo|Shadow Ball|p2a: Dragonite
|-damage|p2a: Dragonite|77/100
|move|p2a: Dragonite|Dragon Dance|p2a: Dragonite
|-boost|p2a: Dragonite|atk|1
|-boost|p2a: Dragonite|spe|1
|
|upkeep
|turn|20
|
|t:|1776103177
|move|p2a: Dragonite|Earthquake|p1a: Gholdengo
|-supereffective|p1a: Gholdengo
|-damage|p1a: Gholdengo|0 fnt
|faint|p1a: Gholdengo
|
|upkeep
|
|t:|1776103179
|switch|p1a: Kyurem|Kyurem|100/100
|-ability|p1a: Kyurem|Pressure
|turn|21
|
|t:|1776103184
|move|p2a: Dragonite|Dragon Claw|p1a: Kyurem
|-supereffective|p1a: Kyurem
|-damage|p1a: Kyurem|0 fnt
|faint|p1a: Kyurem
|
|win|Princessjosie1001!
|raw|Anchor9's rating: 1488 &rarr; <strong>1470</strong><br />(-18 for losing)
|raw|Princessjosie1001!'s rating: 1518 &rarr; <strong>1536</strong><br />(+18 for winning)
|l|☆Princessjosie1001!
|player|p2|
|l|☆Anchor9
|player|p1|
|l| xeshuw
