|html|<div class="broadcast-blue"><strong>[Gen 9] OU is currently suspecting Tera Blast! For information on how to participate check out the <a href="https://www.smogon.com/tools/suspects/view/200">suspect thread</a>.</strong></div>
|j|☆Chorley Cakes
|j|☆Perigosao
|t:|1776094104
|gametype|singles
|player|p1|Chorley Cakes|waiter-gen4|1553
|player|p2|Perigosao|101|1543
|gen|9
|tier|[Gen 9] OU
|rated|
|rule|HP Percentage Mod: HP is shown in percentages
|rule|Endless Battle Clause: Forcing endless battles is banned
|rule|Species Clause: Limit one of each Pokémon
|rule|OHKO Clause: OHKO moves are banned
|rule|Evasion Items Clause: Evasion items are banned
|rule|Evasion Moves Clause: Evasion moves are banned
|rule|Evasion Abilities Clause: Evasion abilities are banned
|rule|Sleep Moves Clause: Sleep-inducing moves are banned
|clearpoke
|poke|p1|Ogerpon-Wellspring, F|
|poke|p1|Darkrai|
|poke|p1|Cinderace, M|
|poke|p1|Corviknight, M|
|poke|p1|Gliscor, M|
|poke|p1|Kingambit, M|
|poke|p2|Ursaluna, M|
|poke|p2|Cresselia, F|
|poke|p2|Iron Valiant|
|poke|p2|Hatterene, F|
|poke|p2|Keldeo-Resolute|
|poke|p2|Ogerpon, F|
|teampreview
|inactive|Battle timer is ON: inactive players will automatically lose when time's up. (requested by Perigosao)
|inactive|Chorley Cakes also wants the timer to be on.
|
|t:|1776094120
|teamsize|p1|6
|teamsize|p2|6
|start
|switch|p1a: Cinderace|Cinderace, M|100/100
|switch|p2a: Hatterene|Hatterene, F, shiny|100/100
|turn|1
|
|t:|1776094129
|move|p1a: Cinderace|U-turn|p2a: Hatterene
|-damage|p2a: Hatterene|80/100
|
|t:|1776094132
|switch|p1a: Gliscor|Gliscor, M|100/100|[from] U-turn
|move|p2a: Hatterene|Trick Room|p2a: Hatterene
|-fieldstart|move: Trick Room|[of] p2a: Hatterene
|
|-status|p1a: Gliscor|tox|[from] item: Toxic Orb
|upkeep
|turn|2
|
|t:|1776094139
|switch|p2a: Ursaluna|Ursaluna, M, shiny|100/100
|move|p1a: Gliscor|Protect||[still]
|-fail|p1a: Gliscor
|
|-status|p2a: Ursaluna|brn|[from] item: Flame Orb
|upkeep
|turn|3
|
|t:|1776094151
|move|p2a: Ursaluna|Ice Punch|p1a: Gliscor
|-supereffective|p1a: Gliscor
|-damage|p1a: Gliscor|0 fnt
|faint|p1a: Gliscor
|
|-damage|p2a: Ursaluna|94/100 brn|[from] brn
|upkeep
|
|t:|1776094157
|switch|p1a: Corviknight|Corviknight, M|100/100
|-ability|p1a: Corviknight|Pressure
|turn|4
|
|t:|1776094162
|move|p2a: Ursaluna|Fire Punch|p1a: Corviknight
|-supereffective|p1a: Corviknight
|-damage|p1a: Corviknight|47/100
|-damage|p2a: Ursaluna|78/100 brn|[from] item: Rocky Helmet|[of] p1a: Corviknight
|move|p1a: Corviknight|Iron Defense|p1a: Corviknight
|-boost|p1a: Corviknight|def|2
|
|-damage|p2a: Ursaluna|72/100 brn|[from] brn
|upkeep
|turn|5
|
|t:|1776094166
|move|p2a: Ursaluna|Fire Punch|p1a: Corviknight
|-supereffective|p1a: Corviknight
|-damage|p1a: Corviknight|22/100
|-damage|p2a: Ursaluna|55/100 brn|[from] item: Rocky Helmet|[of] p1a: Corviknight
|move|p1a: Corviknight|Roost|p1a: Corviknight
|-heal|p1a: Corviknight|72/100
|-singleturn|p1a: Corviknight|move: Roost
|
|-damage|p2a: Ursaluna|49/100 brn|[from] brn
|-fieldend|move: Trick Room
|upkeep
|turn|6
|
|t:|1776094173
|switch|p2a: Hatterene|Hatterene, F, shiny|80/100
|move|p1a: Corviknight|U-turn|p2a: Hatterene
|-damage|p2a: Hatterene|64/100
|
|t:|1776094181
|switch|p1a: Darkrai|Darkrai|100/100|[from] U-turn
|
|upkeep
|turn|7
|
|t:|1776094185
|move|p1a: Darkrai|Sludge Bomb|p2a: Hatterene
|-supereffective|p2a: Hatterene
|-damage|p2a: Hatterene|0 fnt
|faint|p2a: Hatterene
|
|upkeep
|
|t:|1776094188
|switch|p2a: Cresselia|Cresselia, F, shiny|100/100
|turn|8
|
|t:|1776094192
|move|p1a: Darkrai|Substitute|p1a: Darkrai
|-start|p1a: Darkrai|Substitute
|-damage|p1a: Darkrai|76/100
|move|p2a: Cresselia|Trick Room|p2a: Cresselia
|-fieldstart|move: Trick Room|[of] p2a: Cresselia
|
|-heal|p1a: Darkrai|82/100|[from] item: Leftovers
|upkeep
|turn|9
|
|t:|1776094198
|move|p2a: Cresselia|Lunar Dance|p2a: Cresselia
|faint|p2a: Cresselia
|move|p1a: Darkrai|Dark Pulse|p2: Cresselia|[notarget]
|-fail|p1a: Darkrai
|
|-heal|p1a: Darkrai|88/100|[from] item: Leftovers
|upkeep
|
|t:|1776094200
|switch|p2a: Ursaluna|Ursaluna, M, shiny|49/100 brn
|-heal|p2a: Ursaluna|100/100|[from] move: Lunar Dance
|turn|10
|
|t:|1776094207
|move|p2a: Ursaluna|Facade|p1a: Darkrai
|-end|p1a: Darkrai|Substitute
|move|p1a: Darkrai|Dark Pulse|p2a: Ursaluna
|-damage|p2a: Ursaluna|60/100
|
|-heal|p1a: Darkrai|94/100|[from] item: Leftovers
|-status|p2a: Ursaluna|brn|[from] item: Flame Orb
|upkeep
|turn|11
|
|t:|1776094213
|switch|p1a: Corviknight|Corviknight, M|72/100
|-ability|p1a: Corviknight|Pressure
|move|p2a: Ursaluna|Facade|p1a: Corviknight
|-resisted|p1a: Corviknight
|-damage|p1a: Corviknight|34/100
|-damage|p2a: Ursaluna|43/100 brn|[from] item: Rocky Helmet|[of] p1a: Corviknight
|
|-damage|p2a: Ursaluna|37/100 brn|[from] brn
|upkeep
|turn|12
|
|t:|1776094218
|move|p2a: Ursaluna|Facade|p1a: Corviknight
|-resisted|p1a: Corviknight
|-damage|p1a: Corviknight|0 fnt
|-damage|p2a: Ursaluna|21/100 brn|[from] item: Rocky Helmet|[of] p1a: Corviknight
|faint|p1a: Corviknight
|
|-damage|p2a: Ursaluna|15/100 brn|[from] brn
|-fieldend|move: Trick Room
|upkeep
|
|t:|1776094226
|switch|p1a: Darkrai|Darkrai|94/100
|turn|13
|
|t:|1776094229
|move|p1a: Darkrai|Dark Pulse|p2a: Ursaluna
|-damage|p2a: Ursaluna|0 fnt
|faint|p2a: Ursaluna
|
|-heal|p1a: Darkrai|99/100|[from] item: Leftovers
|upkeep
|
|t:|1776094246
|switch|p2a: Keldeo|Keldeo-Resolute|100/100
|turn|14
|
|t:|1776094256
|move|p1a: Darkrai|Substitute|p1a: Darkrai
|-start|p1a: Darkrai|Substitute
|-damage|p1a: Darkrai|75/100
|move|p2a: Keldeo|Secret Sword|p1a: Darkrai
|-supereffective|p1a: Darkrai
|-end|p1a: Darkrai|Substitute
|
|-heal|p1a: Darkrai|81/100|[from] item: Leftovers
|upkeep
|turn|15
|
|t:|1776094268
|-terastallize|p1a: Darkrai|Poison
|move|p1a: Darkrai|Nasty Plot|p1a: Darkrai
|-boost|p1a: Darkrai|spa|2
|move|p2a: Keldeo|Secret Sword|p1a: Darkrai
|-resisted|p1a: Darkrai
|-damage|p1a: Darkrai|30/100
|
|-heal|p1a: Darkrai|36/100|[from] item: Leftovers
|upkeep
|turn|16
|
|t:|1776094282
|switch|p2a: Ogerpon|Ogerpon, F|100/100
|move|p1a: Darkrai|Sludge Bomb|p2a: Ogerpon
|-supereffective|p2a: Ogerpon
|-damage|p2a: Ogerpon|0 fnt
|faint|p2a: Ogerpon
|
|-heal|p1a: Darkrai|42/100|[from] item: Leftovers
|upkeep
|
|t:|1776094284
|switch|p2a: Iron Valiant|Iron Valiant|100/100
|-enditem|p2a: Iron Valiant|Booster Energy
|-activate|p2a: Iron Valiant|ability: Quark Drive|[fromitem]
|-start|p2a: Iron Valiant|quarkdrivespe
|turn|17
|
|t:|1776094291
|move|p2a: Iron Valiant|Destiny Bond|p2a: Iron Valiant
|-singlemove|p2a: Iron Valiant|Destiny Bond
|move|p1a: Darkrai|Sludge Bomb|p2a: Iron Valiant
|-supereffective|p2a: Iron Valiant
|-damage|p2a: Iron Valiant|0 fnt
|faint|p2a: Iron Valiant
|-activate|p2a: Iron Valiant|move: Destiny Bond
|-end|p2a: Iron Valiant|Quark Drive|[silent]
|faint|p1a: Darkrai
|
|upkeep
|
|t:|1776094298
|switch|p1a: Ogerpon|Ogerpon-Wellspring, F|100/100
|switch|p2a: Keldeo|Keldeo-Resolute|100/100
|turn|18
|
|t:|1776094301
|move|p1a: Ogerpon|Substitute|p1a: Ogerpon
|-start|p1a: Ogerpon|Substitute
|-damage|p1a: Ogerpon|76/100
|move|p2a: Keldeo|Secret Sword|p1a: Ogerpon
|-end|p1a: Ogerpon|Substitute
|
|upkeep
|turn|19
|
|t:|1776094305
|move|p1a: Ogerpon|Horn Leech|p2a: Keldeo
|-supereffective|p2a: Keldeo
|-damage|p2a: Keldeo|0 fnt
|-heal|p1a: Ogerpon|100/100|[from] drain|[of] p2a: Keldeo
|faint|p2a: Keldeo
|
|win|Chorley Cakes
|raw|Chorley Cakes's rating: 1553 &rarr; <strong>1572</strong><br />(+19 for winning)
|raw|Perigosao's rating: 1543 &rarr; <strong>1524</strong><br />(-19 for losing)
|l|☆Chorley Cakes
|player|p1|
|l|☆Perigosao
|player|p2|
