|html|<div class="broadcast-blue"><strong>[Gen 9] OU is currently suspecting Tera Blast! For information on how to participate check out the <a href="https://www.smogon.com/tools/suspects/view/200">suspect thread</a>.</strong></div>
|j|☆JoshuaIsAmazing777
|j|☆FreddyFrazbear650
|t:|1776321364
|gametype|singles
|player|p1|JoshuaIsAmazing777|hilbert|
|player|p2|FreddyFrazbear650|benga|
|gen|9
|tier|[Gen 9] OU
|rule|HP Percentage Mod: HP is shown in percentages
|rule|Endless Battle Clause: Forcing endless battles is banned
|rule|Species Clause: Limit one of each Pokémon
|rule|OHKO Clause: OHKO moves are banned
|rule|Evasion Items Clause: Evasion items are banned
|rule|Evasion Moves Clause: Evasion moves are banned
|rule|Evasion Abilities Clause: Evasion abilities are banned
|rule|Sleep Moves Clause: Sleep-inducing moves are banned
|clearpoke
|poke|p1|Blissey, F|
|poke|p1|Gliscor, F|
|poke|p1|Rillaboom, F|
|poke|p1|Dondozo, F|
|poke|p1|Corviknight, F|
|poke|p1|Toxapex, M|
|poke|p2|Kyurem|
|poke|p2|Slowking-Galar, F|
|poke|p2|Gholdengo|
|poke|p2|Samurott-Hisui, F|
|poke|p2|Great Tusk|
|poke|p2|Iron Valiant|
|teampreview
|
|t:|1776321385
|teamsize|p1|6
|teamsize|p2|6
|start
|switch|p1a: Rillaboom|Rillaboom, F|100/100
|switch|p2a: Great Tusk|Great Tusk, shiny|100/100
|-fieldstart|move: Grassy Terrain|[from] ability: Grassy Surge|[of] p1a: Rillaboom
|turn|1
|
|t:|1776321401
|move|p2a: Great Tusk|Ice Spinner|p1a: Rillaboom
|-supereffective|p1a: Rillaboom
|-damage|p1a: Rillaboom|54/100
|-fieldend|move: Grassy Terrain
|move|p1a: Rillaboom|Wood Hammer|p2a: Great Tusk
|-supereffective|p2a: Great Tusk
|-damage|p2a: Great Tusk|22/100
|-damage|p1a: Rillaboom|28/100|[from] Recoil
|
|upkeep
|turn|2
|
|t:|1776321419
|switch|p1a: Dondozo|Dondozo, F|100/100
|move|p2a: Great Tusk|Rapid Spin|p1a: Dondozo
|-crit|p1a: Dondozo
|-damage|p1a: Dondozo|88/100
|-boost|p2a: Great Tusk|spe|1
|
|-heal|p1a: Dondozo|95/100|[from] item: Leftovers
|upkeep
|turn|3
|
|t:|1776321435
|move|p2a: Great Tusk|Stealth Rock|p1a: Dondozo
|-sidestart|p1: JoshuaIsAmazing777|move: Stealth Rock
|move|p1a: Dondozo|Curse|p1a: Dondozo
|-unboost|p1a: Dondozo|spe|1
|-boost|p1a: Dondozo|atk|1
|-boost|p1a: Dondozo|def|1
|
|-heal|p1a: Dondozo|100/100|[from] item: Leftovers
|upkeep
|turn|4
|
|t:|1776321447
|move|p2a: Great Tusk|Headlong Rush|p1a: Dondozo
|-damage|p1a: Dondozo|78/100
|-unboost|p2a: Great Tusk|def|1
|-unboost|p2a: Great Tusk|spd|1
|move|p1a: Dondozo|Body Press|p2a: Great Tusk
|-damage|p2a: Great Tusk|0 fnt
|faint|p2a: Great Tusk
|-end|p2a: Great Tusk|Protosynthesis|[silent]
|
|-heal|p1a: Dondozo|85/100|[from] item: Leftovers
|upkeep
|
|t:|1776321459
|switch|p2a: Kyurem|Kyurem, shiny|100/100
|-ability|p2a: Kyurem|Pressure
|turn|5
|
|t:|1776321477
|switch|p1a: Corviknight|Corviknight, F|100/100
|-ability|p1a: Corviknight|Pressure
|move|p2a: Kyurem|Freeze-Dry|p1a: Corviknight
|-damage|p1a: Corviknight|62/100
|-status|p1a: Corviknight|frz
|
|upkeep
|turn|6
|inactive|Battle timer is ON: inactive players will automatically lose when time's up. (requested by JoshuaIsAmazing777)
|
|t:|1776321501
|switch|p2a: Samurott|Samurott-Hisui, F, shiny|100/100
|switch|p1a: Blissey|Blissey, F|100/100
|
|upkeep
|turn|7
|
|t:|1776321514
|switch|p1a: Toxapex|Toxapex, M|100/100
|-damage|p1a: Toxapex|88/100|[from] Stealth Rock
|move|p2a: Samurott|Ceaseless Edge|p1a: Toxapex
|-damage|p1a: Toxapex|51/100
|-sidestart|p1: JoshuaIsAmazing777|Spikes
|
|-heal|p1a: Toxapex|57/100|[from] item: Black Sludge
|upkeep
|turn|8
|
|t:|1776321528
|move|p1a: Toxapex|Baneful Bunker|p1a: Toxapex
|-singleturn|p1a: Toxapex|move: Protect
|move|p2a: Samurott|Knock Off|p1a: Toxapex
|-activate|p1a: Toxapex|move: Protect
|-status|p2a: Samurott|psn
|
|-heal|p1a: Toxapex|64/100|[from] item: Black Sludge
|-damage|p2a: Samurott|88/100 psn|[from] psn
|upkeep
|turn|9
|
|t:|1776321537
|move|p2a: Samurott|Knock Off|p1a: Toxapex
|-damage|p1a: Toxapex|28/100
|-enditem|p1a: Toxapex|Black Sludge|[from] move: Knock Off|[of] p2a: Samurott
|move|p1a: Toxapex|Recover|p1a: Toxapex
|-heal|p1a: Toxapex|78/100
|
|-damage|p2a: Samurott|76/100 psn|[from] psn
|upkeep
|turn|10
|
|t:|1776321564
|switch|p2a: Slowking|Slowking-Galar, F, shiny|100/100
|switch|p1a: Corviknight|Corviknight, F|62/100 frz
|-ability|p1a: Corviknight|Pressure
|
|upkeep
|turn|11
|inactive|FreddyFrazbear650 has 270 seconds left.
|
|t:|1776321598
|cant|p1a: Corviknight|frz
|-prepare|p2a: Slowking|Chilly Reception|[premajor]
|move|p2a: Slowking|Chilly Reception|p2a: Slowking
|-weather|Snowscape
|inactive|FreddyFrazbear650 has 270 seconds left.
|
|t:|1776321611
|switch|p2a: Samurott|Samurott-Hisui, F, shiny|76/100 psn|[from] Chilly Reception
|
|-weather|Snowscape|[upkeep]
|-damage|p2a: Samurott|63/100 psn|[from] psn
|upkeep
|turn|12
|inactive|FreddyFrazbear650 has 270 seconds left.
|
|t:|1776321623
|switch|p1a: Toxapex|Toxapex, M|100/100
|-damage|p1a: Toxapex|88/100|[from] Stealth Rock
|-damage|p1a: Toxapex|75/100|[from] Spikes
|move|p2a: Samurott|Knock Off|p1a: Toxapex
|-damage|p1a: Toxapex|52/100
|
|-weather|Snowscape|[upkeep]
|-damage|p2a: Samurott|51/100 psn|[from] psn
|upkeep
|turn|13
|inactive|FreddyFrazbear650 has 270 seconds left.
|
|t:|1776321638
|switch|p2a: Gholdengo|Gholdengo, shiny|100/100
|-item|p2a: Gholdengo|Air Balloon
|move|p1a: Toxapex|Recover|p1a: Toxapex
|-heal|p1a: Toxapex|100/100
|
|-weather|Snowscape|[upkeep]
|upkeep
|turn|14
|inactive|FreddyFrazbear650 has 270 seconds left.
|
|t:|1776321648
|switch|p1a: Dondozo|Dondozo, F|85/100
|-damage|p1a: Dondozo|72/100|[from] Stealth Rock
|-damage|p1a: Dondozo|60/100|[from] Spikes
|move|p2a: Gholdengo|Hex|p1a: Dondozo
|-damage|p1a: Dondozo|34/100
|
|-weather|Snowscape|[upkeep]
|-heal|p1a: Dondozo|40/100|[from] item: Leftovers
|upkeep
|turn|15
|inactive|FreddyFrazbear650 has 270 seconds left.
|
|t:|1776321660
|move|p2a: Gholdengo|Thunder Wave|p1a: Dondozo
|-status|p1a: Dondozo|par
|move|p1a: Dondozo|Wave Crash|p2a: Gholdengo
|-damage|p2a: Gholdengo|66/100
|-enditem|p2a: Gholdengo|Air Balloon
|-damage|p1a: Dondozo|32/100 par|[from] Recoil
|
|-weather|none
|-heal|p1a: Dondozo|38/100 par|[from] item: Leftovers
|upkeep
|turn|16
|inactive|FreddyFrazbear650 has 270 seconds left.
|
|t:|1776321671
|move|p2a: Gholdengo|Recover|p2a: Gholdengo
|-heal|p2a: Gholdengo|100/100
|cant|p1a: Dondozo|par
|
|-heal|p1a: Dondozo|44/100 par|[from] item: Leftovers
|upkeep
|turn|17
|inactive|FreddyFrazbear650 has 270 seconds left.
|
|t:|1776321677
|move|p2a: Gholdengo|Hex|p1a: Dondozo
|-damage|p1a: Dondozo|0 fnt
|faint|p1a: Dondozo
|
|upkeep
|
|t:|1776321682
|switch|p1a: Gliscor|Gliscor, F|100/100
|-damage|p1a: Gliscor|88/100|[from] Stealth Rock
|turn|18
|inactive|FreddyFrazbear650 has 270 seconds left.
|
|t:|1776321709
|switch|p2a: Samurott|Samurott-Hisui, F, shiny|51/100 psn
|move|p1a: Gliscor|Earthquake|p2a: Samurott
|-damage|p2a: Samurott|5/100 psn
|
|-damage|p2a: Samurott|0 fnt|[from] psn
|faint|p2a: Samurott
|-status|p1a: Gliscor|tox|[from] item: Toxic Orb
|upkeep
|
|t:|1776321717
|switch|p2a: Kyurem|Kyurem, shiny|100/100
|-ability|p2a: Kyurem|Pressure
|turn|19
|
|t:|1776321734
|switch|p1a: Blissey|Blissey, F|100/100
|move|p2a: Kyurem|Freeze-Dry|p1a: Blissey
|-damage|p1a: Blissey|84/100
|
|upkeep
|turn|20
|inactive|FreddyFrazbear650 has 270 seconds left.
|
|t:|1776321747
|switch|p2a: Slowking|Slowking-Galar, F, shiny|100/100
|move|p1a: Blissey|Stealth Rock|p2a: Slowking
|-sidestart|p2: FreddyFrazbear650|move: Stealth Rock
|
|upkeep
|turn|21
|inactive|FreddyFrazbear650 has 270 seconds left.
|
|t:|1776321766
|move|p1a: Blissey|Thunder Wave|p2a: Slowking
|-status|p2a: Slowking|par
|move|p2a: Slowking|Future Sight|p1a: Blissey
|-start|p2a: Slowking|move: Future Sight
|
|upkeep
|turn|22
|inactive|FreddyFrazbear650 has 270 seconds left.
|
|t:|1776321778
|switch|p1a: Corviknight|Corviknight, F|62/100 frz
|-ability|p1a: Corviknight|Pressure
|move|p2a: Slowking|Thunder Wave|p1a: Corviknight|[miss]
|-miss|p2a: Slowking|p1a: Corviknight
|
|upkeep
|turn|23
|
|t:|1776321788
|-curestatus|p1a: Corviknight|frz|[msg]
|move|p1a: Corviknight|Defog|p2a: Slowking
|-unboost|p2a: Slowking|evasion|1
|-sideend|p2: FreddyFrazbear650|Stealth Rock|[from] move: Defog|[of] p1a: Corviknight
|-sideend|p1: JoshuaIsAmazing777|Spikes|[from] move: Defog|[of] p1a: Corviknight
|-sideend|p1: JoshuaIsAmazing777|Stealth Rock|[from] move: Defog|[of] p1a: Corviknight
|-prepare|p2a: Slowking|Chilly Reception|[premajor]
|move|p2a: Slowking|Chilly Reception|p2a: Slowking
|-weather|Snowscape
|inactive|FreddyFrazbear650 has 270 seconds left.
|
|t:|1776321801
|switch|p2a: Gholdengo|Gholdengo, shiny|100/100|[from] Chilly Reception
|
|-weather|Snowscape|[upkeep]
|-end|p1a: Corviknight|move: Future Sight
|-resisted|p1a: Corviknight
|-damage|p1a: Corviknight|44/100
|upkeep
|turn|24
|inactive|FreddyFrazbear650 has 270 seconds left.
|
|t:|1776321819
|move|p2a: Gholdengo|Thunder Wave|p1a: Corviknight
|-status|p1a: Corviknight|par
|move|p1a: Corviknight|Roost|p1a: Corviknight
|-heal|p1a: Corviknight|94/100 par
|-singleturn|p1a: Corviknight|move: Roost
|
|-weather|Snowscape|[upkeep]
|upkeep
|turn|25
|inactive|FreddyFrazbear650 has 270 seconds left.
|
|t:|1776321833
|move|p2a: Gholdengo|Hex|p1a: Corviknight
|-damage|p1a: Corviknight|49/100 par
|cant|p1a: Corviknight|par
|
|-weather|Snowscape|[upkeep]
|upkeep
|turn|26
|
|t:|1776321840
|move|p2a: Gholdengo|Hex|p1a: Corviknight
|-damage|p1a: Corviknight|8/100 par
|move|p1a: Corviknight|Roost|p1a: Corviknight
|-heal|p1a: Corviknight|58/100 par
|-singleturn|p1a: Corviknight|move: Roost
|
|-weather|Snowscape|[upkeep]
|upkeep
|turn|27
|
|t:|1776321857
|switch|p1a: Blissey|Blissey, F|84/100
|move|p2a: Gholdengo|Hex|p1a: Blissey
|-immune|p1a: Blissey
|
|-weather|none
|upkeep
|turn|28
|inactive|FreddyFrazbear650 has 270 seconds left.
|
|t:|1776321881
|move|p2a: Gholdengo|Thunder Wave|p1a: Blissey|[miss]
|-miss|p2a: Gholdengo|p1a: Blissey
|move|p1a: Blissey|Stealth Rock|p2a: Gholdengo
|-sidestart|p2: FreddyFrazbear650|move: Stealth Rock
|
|upkeep
|turn|29
|
|t:|1776321888
|switch|p1a: Gliscor|Gliscor, F|88/100 tox
|move|p2a: Gholdengo|Thunder Wave|p1a: Gliscor
|-immune|p1a: Gliscor
|
|-heal|p1a: Gliscor|100/100 tox|[from] ability: Poison Heal
|upkeep
|turn|30
|
|t:|1776321904
|move|p1a: Gliscor|Earthquake|p2a: Gholdengo
|-supereffective|p2a: Gholdengo
|-damage|p2a: Gholdengo|51/100
|move|p2a: Gholdengo|Hex|p1a: Gliscor
|-crit|p1a: Gliscor
|-damage|p1a: Gliscor|0 fnt
|faint|p1a: Gliscor
|
|upkeep
|
|t:|1776321912
|switch|p1a: Rillaboom|Rillaboom, F|28/100
|-fieldstart|move: Grassy Terrain|[from] ability: Grassy Surge|[of] p1a: Rillaboom
|turn|31
|
|t:|1776321925
|move|p2a: Gholdengo|Recover|p2a: Gholdengo
|-heal|p2a: Gholdengo|100/100
|move|p1a: Rillaboom|Wood Hammer|p2a: Gholdengo
|-resisted|p2a: Gholdengo
|-damage|p2a: Gholdengo|77/100
|-damage|p1a: Rillaboom|20/100|[from] Recoil
|
|-heal|p2a: Gholdengo|83/100|[from] Grassy Terrain
|-heal|p1a: Rillaboom|26/100|[from] Grassy Terrain
|upkeep
|turn|32
|
|t:|1776321950
|switch|p1a: Blissey|Blissey, F|84/100
|move|p2a: Gholdengo|Hex|p1a: Blissey
|-immune|p1a: Blissey
|
|-heal|p2a: Gholdengo|89/100|[from] Grassy Terrain
|-heal|p1a: Blissey|90/100|[from] Grassy Terrain
|upkeep
|turn|33
|
|t:|1776321963
|move|p2a: Gholdengo|Make It Rain|p1a: Blissey
|-damage|p1a: Blissey|75/100
|-unboost|p2a: Gholdengo|spa|1
|move|p1a: Blissey|Seismic Toss|p2a: Gholdengo
|-immune|p2a: Gholdengo
|
|-heal|p2a: Gholdengo|95/100|[from] Grassy Terrain
|-heal|p1a: Blissey|81/100|[from] Grassy Terrain
|upkeep
|turn|34
|inactive|JoshuaIsAmazing777 has 270 seconds left.
|
|t:|1776321979
|move|p2a: Gholdengo|Thunder Wave|p1a: Blissey|[miss]
|-miss|p2a: Gholdengo|p1a: Blissey
|move|p1a: Blissey|Stealth Rock||[still]
|-fail|p1a: Blissey
|
|-heal|p2a: Gholdengo|100/100|[from] Grassy Terrain
|-heal|p1a: Blissey|88/100|[from] Grassy Terrain
|upkeep
|turn|35
|
|t:|1776321988
|move|p2a: Gholdengo|Thunder Wave|p1a: Blissey
|-status|p1a: Blissey|par
|cant|p1a: Blissey|par
|
|-heal|p1a: Blissey|94/100 par|[from] Grassy Terrain
|-fieldend|move: Grassy Terrain
|upkeep
|turn|36
|
|t:|1776322004
|switch|p2a: Slowking|Slowking-Galar, F, shiny|100/100 par
|move|p1a: Blissey|Stealth Rock||[still]
|-fail|p1a: Blissey
|
|upkeep
|turn|37
|
|t:|1776322015
|-curestatus|p1a: Blissey|par|[from] ability: Natural Cure
|switch|p1a: Corviknight|Corviknight, F|58/100 par
|-ability|p1a: Corviknight|Pressure
|move|p2a: Slowking|Future Sight|p1a: Corviknight
|-start|p2a: Slowking|move: Future Sight
|
|upkeep
|turn|38
|
|t:|1776322023
|cant|p1a: Corviknight|par
|-prepare|p2a: Slowking|Chilly Reception|[premajor]
|move|p2a: Slowking|Chilly Reception|p2a: Slowking
|-weather|Snowscape
|
|t:|1776322029
|switch|p2a: Kyurem|Kyurem, shiny|100/100|[from] Chilly Reception
|-damage|p2a: Kyurem|76/100|[from] Stealth Rock
|-ability|p2a: Kyurem|Pressure
|
|-weather|Snowscape|[upkeep]
|upkeep
|turn|39
|
|t:|1776322050
|switch|p1a: Blissey|Blissey, F|94/100
|move|p2a: Kyurem|Ice Beam|p1a: Blissey
|-damage|p1a: Blissey|74/100
|
|-weather|Snowscape|[upkeep]
|-end|p1a: Blissey|move: Future Sight
|-damage|p1a: Blissey|61/100
|upkeep
|turn|40
|
|t:|1776322060
|switch|p2a: Iron Valiant|Iron Valiant, shiny|100/100
|-damage|p2a: Iron Valiant|94/100|[from] Stealth Rock
|-enditem|p2a: Iron Valiant|Booster Energy
|-activate|p2a: Iron Valiant|ability: Quark Drive|[fromitem]
|-start|p2a: Iron Valiant|quarkdrivespe
|move|p1a: Blissey|Thunder Wave|p2a: Iron Valiant|[miss]
|-miss|p1a: Blissey|p2a: Iron Valiant
|
|-weather|Snowscape|[upkeep]
|upkeep
|turn|41
|
|t:|1776322075
|switch|p1a: Toxapex|Toxapex, M|100/100
|move|p2a: Iron Valiant|Swords Dance|p2a: Iron Valiant
|-boost|p2a: Iron Valiant|atk|2
|
|-weather|Snowscape|[upkeep]
|upkeep
|turn|42
|
|t:|1776322087
|move|p1a: Toxapex|Baneful Bunker|p1a: Toxapex
|-singleturn|p1a: Toxapex|move: Protect
|move|p2a: Iron Valiant|Encore|p1a: Toxapex
|-activate|p1a: Toxapex|move: Protect
|
|-weather|none
|upkeep
|turn|43
|
|t:|1776322110
|move|p2a: Iron Valiant|Encore|p1a: Toxapex
|-start|p1a: Toxapex|Encore
|move|p1a: Toxapex|Baneful Bunker||[still]
|-fail|p1a: Toxapex
|
|upkeep
|turn|44
|
|t:|1776322118
|switch|p1a: Rillaboom|Rillaboom, F|26/100
|-fieldstart|move: Grassy Terrain|[from] ability: Grassy Surge|[of] p1a: Rillaboom
|move|p2a: Iron Valiant|Swords Dance|p2a: Iron Valiant
|-boost|p2a: Iron Valiant|atk|2
|
|-heal|p2a: Iron Valiant|100/100|[from] Grassy Terrain
|-heal|p1a: Rillaboom|32/100|[from] Grassy Terrain
|upkeep
|turn|45
|
|t:|1776322126
|switch|p1a: Toxapex|Toxapex, M|100/100
|move|p2a: Iron Valiant|Knock Off|p1a: Toxapex
|-damage|p1a: Toxapex|50/100
|
|-heal|p1a: Toxapex|56/100|[from] Grassy Terrain
|upkeep
|turn|46
|
|t:|1776322140
|move|p1a: Toxapex|Baneful Bunker|p1a: Toxapex
|-singleturn|p1a: Toxapex|move: Protect
|move|p2a: Iron Valiant|Swords Dance|p2a: Iron Valiant
|-boost|p2a: Iron Valiant|atk|2
|
|-heal|p1a: Toxapex|63/100|[from] Grassy Terrain
|upkeep
|turn|47
|
|t:|1776322149
|move|p2a: Iron Valiant|Encore|p1a: Toxapex
|-start|p1a: Toxapex|Encore
|move|p1a: Toxapex|Baneful Bunker||[still]
|-fail|p1a: Toxapex
|
|-heal|p1a: Toxapex|69/100|[from] Grassy Terrain
|upkeep
|turn|48
|
|t:|1776322161
|switch|p1a: Corviknight|Corviknight, F|58/100 par
|-ability|p1a: Corviknight|Pressure
|move|p2a: Iron Valiant|Swords Dance|p2a: Iron Valiant
|-boost|p2a: Iron Valiant|atk|0
|
|-fieldend|move: Grassy Terrain
|upkeep
|turn|49
|
|t:|1776322176
|move|p2a: Iron Valiant|Knock Off|p1a: Corviknight
|-damage|p1a: Corviknight|0 fnt
|-enditem|p1a: Corviknight|Heavy-Duty Boots|[from] move: Knock Off|[of] p2a: Iron Valiant
|faint|p1a: Corviknight
|
|upkeep
|
|t:|1776322181
|switch|p1a: Toxapex|Toxapex, M|100/100
|turn|50
|
|t:|1776322191
|move|p2a: Iron Valiant|Knock Off|p1a: Toxapex
|-damage|p1a: Toxapex|27/100
|move|p1a: Toxapex|Haze|p1a: Toxapex
|-clearallboost
|
|upkeep
|turn|51
|
|t:|1776322202
|switch|p1a: Rillaboom|Rillaboom, F|32/100
|-fieldstart|move: Grassy Terrain|[from] ability: Grassy Surge|[of] p1a: Rillaboom
|move|p2a: Iron Valiant|Encore||[still]
|-fail|p2a: Iron Valiant
|
|-heal|p1a: Rillaboom|39/100|[from] Grassy Terrain
|upkeep
|turn|52
|
|t:|1776322211
|switch|p1a: Toxapex|Toxapex, M|60/100
|move|p2a: Iron Valiant|Close Combat|p1a: Toxapex
|-resisted|p1a: Toxapex
|-damage|p1a: Toxapex|36/100
|-unboost|p2a: Iron Valiant|def|1
|-unboost|p2a: Iron Valiant|spd|1
|
|-heal|p1a: Toxapex|43/100|[from] Grassy Terrain
|upkeep
|turn|53
|
|t:|1776322224
|move|p1a: Toxapex|Baneful Bunker|p1a: Toxapex
|-singleturn|p1a: Toxapex|move: Protect
|move|p2a: Iron Valiant|Knock Off|p1a: Toxapex
|-activate|p1a: Toxapex|move: Protect
|-status|p2a: Iron Valiant|psn
|
|-heal|p1a: Toxapex|49/100|[from] Grassy Terrain
|-damage|p2a: Iron Valiant|88/100 psn|[from] psn
|upkeep
|turn|54
|
|t:|1776322236
|switch|p1a: Rillaboom|Rillaboom, F|39/100
|move|p2a: Iron Valiant|Swords Dance|p2a: Iron Valiant
|-boost|p2a: Iron Valiant|atk|2
|
|-heal|p2a: Iron Valiant|94/100 psn|[from] Grassy Terrain
|-heal|p1a: Rillaboom|45/100|[from] Grassy Terrain
|-damage|p2a: Iron Valiant|82/100 psn|[from] psn
|upkeep
|turn|55
|
|t:|1776322245
|move|p1a: Rillaboom|Fake Out|p2a: Iron Valiant
|-damage|p2a: Iron Valiant|61/100 psn
|cant|p2a: Iron Valiant|flinch
|
|-heal|p2a: Iron Valiant|67/100 psn|[from] Grassy Terrain
|-heal|p1a: Rillaboom|51/100|[from] Grassy Terrain
|-damage|p2a: Iron Valiant|55/100 psn|[from] psn
|-fieldend|move: Grassy Terrain
|upkeep
|turn|56
|
|t:|1776322254
|switch|p1a: Toxapex|Toxapex, M|82/100
|move|p2a: Iron Valiant|Knock Off|p1a: Toxapex
|-damage|p1a: Toxapex|50/100
|
|-damage|p2a: Iron Valiant|42/100 psn|[from] psn
|upkeep
|turn|57
|
|t:|1776322263
|move|p2a: Iron Valiant|Swords Dance|p2a: Iron Valiant
|-boost|p2a: Iron Valiant|atk|2
|move|p1a: Toxapex|Haze|p1a: Toxapex
|-clearallboost
|
|-damage|p2a: Iron Valiant|30/100 psn|[from] psn
|upkeep
|turn|58
|
|t:|1776322287
|move|p2a: Iron Valiant|Knock Off|p1a: Toxapex
|-crit|p1a: Toxapex
|-damage|p1a: Toxapex|21/100
|move|p1a: Toxapex|Recover|p1a: Toxapex
|-heal|p1a: Toxapex|71/100
|
|-damage|p2a: Iron Valiant|17/100 psn|[from] psn
|upkeep
|turn|59
|
|t:|1776322294
|move|p2a: Iron Valiant|Knock Off|p1a: Toxapex
|-damage|p1a: Toxapex|54/100
|move|p1a: Toxapex|Recover|p1a: Toxapex
|-heal|p1a: Toxapex|100/100
|
|-damage|p2a: Iron Valiant|5/100 psn|[from] psn
|upkeep
|turn|60
|
|t:|1776322301
|move|p1a: Toxapex|Baneful Bunker|p1a: Toxapex
|-singleturn|p1a: Toxapex|move: Protect
|move|p2a: Iron Valiant|Encore|p1a: Toxapex
|-activate|p1a: Toxapex|move: Protect
|
|-damage|p2a: Iron Valiant|0 fnt|[from] psn
|faint|p2a: Iron Valiant
|-end|p2a: Iron Valiant|Quark Drive|[silent]
|upkeep
|
|t:|1776322310
|switch|p2a: Slowking|Slowking-Galar, F, shiny|100/100 par
|turn|61
|
|t:|1776322316
|move|p1a: Toxapex|Toxic Spikes|p2a: Slowking
|-sidestart|p2: FreddyFrazbear650|move: Toxic Spikes
|move|p2a: Slowking|Thunder Wave|p1a: Toxapex
|-status|p1a: Toxapex|par
|
|upkeep
|turn|62
|
|t:|1776322324
|move|p1a: Toxapex|Toxic Spikes|p2a: Slowking
|-sidestart|p2: FreddyFrazbear650|move: Toxic Spikes
|move|p2a: Slowking|Future Sight|p1a: Toxapex
|-start|p2a: Slowking|move: Future Sight
|
|upkeep
|turn|63
|
|t:|1776322343
|move|p1a: Toxapex|Recover||[still]
|-fail|p1a: Toxapex|heal
|-prepare|p2a: Slowking|Chilly Reception|[premajor]
|move|p2a: Slowking|Chilly Reception|p2a: Slowking
|-weather|Snowscape
|
|t:|1776322349
|switch|p2a: Gholdengo|Gholdengo, shiny|100/100|[from] Chilly Reception
|-damage|p2a: Gholdengo|94/100|[from] Stealth Rock
|
|-weather|Snowscape|[upkeep]
|upkeep
|turn|64
|
|t:|1776322358
|switch|p2a: Slowking|Slowking-Galar, F, shiny|100/100 par
|-sideend|p2: FreddyFrazbear650|move: Toxic Spikes|[of] p2a: Slowking
|switch|p1a: Blissey|Blissey, F|61/100
|
|-weather|Snowscape|[upkeep]
|-end|p1a: Blissey|move: Future Sight
|-damage|p1a: Blissey|49/100
|upkeep
|turn|65
|
|t:|1776322374
|move|p1a: Blissey|Soft-Boiled|p1a: Blissey
|-heal|p1a: Blissey|99/100
|move|p2a: Slowking|Future Sight|p1a: Blissey
|-start|p2a: Slowking|move: Future Sight
|
|-weather|Snowscape|[upkeep]
|upkeep
|turn|66
|
|t:|1776322386
|switch|p1a: Toxapex|Toxapex, M|100/100 par
|move|p2a: Slowking|Sludge Bomb|p1a: Toxapex
|-resisted|p1a: Toxapex
|-damage|p1a: Toxapex|90/100 par
|
|-weather|Snowscape|[upkeep]
|upkeep
|turn|67
|
|t:|1776322400
|switch|p2a: Gholdengo|Gholdengo, shiny|94/100
|-damage|p2a: Gholdengo|88/100|[from] Stealth Rock
|cant|p1a: Toxapex|par
|
|-weather|none
|-end|p1a: Toxapex|move: Future Sight
|-supereffective|p1a: Toxapex
|-damage|p1a: Toxapex|32/100 par
|upkeep
|turn|68
|
|t:|1776322413
|switch|p1a: Blissey|Blissey, F|99/100
|move|p2a: Gholdengo|Make It Rain|p1a: Blissey
|-damage|p1a: Blissey|83/100
|-unboost|p2a: Gholdengo|spa|1
|
|upkeep
|turn|69
|
|t:|1776322427
|switch|p1a: Toxapex|Toxapex, M|66/100 par
|move|p2a: Gholdengo|Thunder Wave|p1a: Toxapex|[miss]
|-miss|p2a: Gholdengo|p1a: Toxapex
|
|upkeep
|turn|70
|
|t:|1776322434
|switch|p1a: Blissey|Blissey, F|83/100
|move|p2a: Gholdengo|Hex|p1a: Blissey
|-immune|p1a: Blissey
|
|upkeep
|turn|71
|
|t:|1776322457
|switch|p2a: Slowking|Slowking-Galar, F, shiny|100/100 par
|switch|p1a: Toxapex|Toxapex, M|99/100 par
|
|upkeep
|turn|72
|
|t:|1776322466
|move|p1a: Toxapex|Toxic Spikes|p2a: Slowking
|-sidestart|p2: FreddyFrazbear650|move: Toxic Spikes
|move|p2a: Slowking|Future Sight|p1a: Toxapex
|-start|p2a: Slowking|move: Future Sight
|
|upkeep
|turn|73
|
|t:|1776322473
|cant|p1a: Toxapex|par
|-prepare|p2a: Slowking|Chilly Reception|[premajor]
|move|p2a: Slowking|Chilly Reception|p2a: Slowking
|-weather|Snowscape
|
|t:|1776322478
|switch|p2a: Gholdengo|Gholdengo, shiny|88/100|[from] Chilly Reception
|-damage|p2a: Gholdengo|82/100|[from] Stealth Rock
|
|-weather|Snowscape|[upkeep]
|upkeep
|turn|74
|
|t:|1776322487
|switch|p2a: Slowking|Slowking-Galar, F, shiny|100/100 par
|-sideend|p2: FreddyFrazbear650|move: Toxic Spikes|[of] p2a: Slowking
|switch|p1a: Blissey|Blissey, F|83/100
|
|-weather|Snowscape|[upkeep]
|-end|p1a: Blissey|move: Future Sight
|-damage|p1a: Blissey|70/100
|upkeep
|turn|75
|
|t:|1776322505
|switch|p1a: Toxapex|Toxapex, M|100/100 par
|move|p2a: Slowking|Future Sight|p1a: Toxapex
|-start|p2a: Slowking|move: Future Sight
|
|-weather|Snowscape|[upkeep]
|upkeep
|turn|76
|
|t:|1776322512
|switch|p2a: Gholdengo|Gholdengo, shiny|82/100
|-damage|p2a: Gholdengo|76/100|[from] Stealth Rock
|move|p1a: Toxapex|Toxic Spikes|p2a: Gholdengo
|-sidestart|p2: FreddyFrazbear650|move: Toxic Spikes
|
|-weather|Snowscape|[upkeep]
|upkeep
|turn|77
|
|t:|1776322533
|move|p1a: Toxapex|Baneful Bunker|p1a: Toxapex
|-singleturn|p1a: Toxapex|move: Protect
|move|p2a: Gholdengo|Recover|p2a: Gholdengo
|-heal|p2a: Gholdengo|100/100
|
|-weather|none
|-end|p1a: Toxapex|move: Future Sight
|-supereffective|p1a: Toxapex
|-damage|p1a: Toxapex|41/100 par
|upkeep
|turn|78
|
|t:|1776322548
|switch|p1a: Blissey|Blissey, F|70/100
|move|p2a: Gholdengo|Thunder Wave|p1a: Blissey
|-status|p1a: Blissey|par
|
|upkeep
|turn|79
|
|t:|1776322564
|-curestatus|p1a: Blissey|par|[from] ability: Natural Cure
|switch|p1a: Toxapex|Toxapex, M|74/100 par
|move|p2a: Gholdengo|Make It Rain|p1a: Toxapex
|-resisted|p1a: Toxapex
|-damage|p1a: Toxapex|56/100 par
|-unboost|p2a: Gholdengo|spa|1
|
|upkeep
|turn|80
|
|t:|1776322576
|switch|p2a: Slowking|Slowking-Galar, F, shiny|100/100 par
|-sideend|p2: FreddyFrazbear650|move: Toxic Spikes|[of] p2a: Slowking
|switch|p1a: Blissey|Blissey, F|70/100
|
|upkeep
|turn|81
|
|t:|1776322584
|switch|p1a: Toxapex|Toxapex, M|89/100 par
|-prepare|p2a: Slowking|Chilly Reception|[premajor]
|cant|p2a: Slowking|par
|
|upkeep
|turn|82
|
|t:|1776322593
|switch|p1a: Rillaboom|Rillaboom, F|51/100
|-fieldstart|move: Grassy Terrain|[from] ability: Grassy Surge|[of] p1a: Rillaboom
|move|p2a: Slowking|Future Sight|p1a: Rillaboom
|-start|p2a: Slowking|move: Future Sight
|
|-heal|p1a: Rillaboom|57/100|[from] Grassy Terrain
|upkeep
|turn|83
|
|t:|1776322605
|switch|p1a: Blissey|Blissey, F|70/100
|move|p2a: Slowking|Sludge Bomb|p1a: Blissey
|-damage|p1a: Blissey|60/100
|
|-heal|p1a: Blissey|66/100|[from] Grassy Terrain
|upkeep
|turn|84
|
|t:|1776322617
|move|p1a: Blissey|Stealth Rock||[still]
|-fail|p1a: Blissey
|-prepare|p2a: Slowking|Chilly Reception|[premajor]
|cant|p2a: Slowking|par
|
|-end|p1a: Blissey|move: Future Sight
|-damage|p1a: Blissey|53/100
|-heal|p1a: Blissey|59/100|[from] Grassy Terrain
|upkeep
|turn|85
|
|t:|1776322627
|move|p1a: Blissey|Thunder Wave|p2a: Slowking
|-fail|p2a: Slowking|par
|cant|p2a: Slowking|par
|
|-heal|p1a: Blissey|65/100|[from] Grassy Terrain
|upkeep
|turn|86
|
|t:|1776322636
|move|p1a: Blissey|Seismic Toss|p2a: Slowking
|-damage|p2a: Slowking|75/100 par
|move|p2a: Slowking|Future Sight|p1a: Blissey
|-start|p2a: Slowking|move: Future Sight
|
|-heal|p1a: Blissey|72/100|[from] Grassy Terrain
|-heal|p2a: Slowking|81/100 par|[from] Grassy Terrain
|-fieldend|move: Grassy Terrain
|upkeep
|turn|87
|
|t:|1776322644
|switch|p1a: Rillaboom|Rillaboom, F|57/100
|-fieldstart|move: Grassy Terrain|[from] ability: Grassy Surge|[of] p1a: Rillaboom
|-prepare|p2a: Slowking|Chilly Reception|[premajor]
|move|p2a: Slowking|Chilly Reception|p2a: Slowking
|-weather|Snowscape
|
|t:|1776322655
|switch|p2a: Kyurem|Kyurem, shiny|76/100|[from] Chilly Reception
|-damage|p2a: Kyurem|51/100|[from] Stealth Rock
|-ability|p2a: Kyurem|Pressure
|
|-weather|Snowscape|[upkeep]
|-heal|p2a: Kyurem|57/100|[from] Grassy Terrain
|-heal|p1a: Rillaboom|63/100|[from] Grassy Terrain
|upkeep
|turn|88
|
|t:|1776322668
|move|p1a: Rillaboom|Fake Out|p2a: Kyurem
|-damage|p2a: Kyurem|50/100
|cant|p2a: Kyurem|flinch
|
|-weather|Snowscape|[upkeep]
|-end|p1a: Rillaboom|move: Future Sight
|-damage|p1a: Rillaboom|34/100
|-heal|p2a: Kyurem|56/100|[from] Grassy Terrain
|-heal|p1a: Rillaboom|40/100|[from] Grassy Terrain
|upkeep
|turn|89
|
|t:|1776322677
|switch|p1a: Blissey|Blissey, F|72/100
|move|p2a: Kyurem|Draco Meteor|p1a: Blissey
|-damage|p1a: Blissey|42/100
|-unboost|p2a: Kyurem|spa|2
|
|-weather|Snowscape|[upkeep]
|-heal|p2a: Kyurem|62/100|[from] Grassy Terrain
|-heal|p1a: Blissey|48/100|[from] Grassy Terrain
|upkeep
|turn|90
|
|t:|1776322687
|move|p2a: Kyurem|Draco Meteor|p1a: Blissey
|-damage|p1a: Blissey|34/100
|-unboost|p2a: Kyurem|spa|2
|move|p1a: Blissey|Seismic Toss|p2a: Kyurem
|-damage|p2a: Kyurem|37/100
|
|-weather|Snowscape|[upkeep]
|-heal|p2a: Kyurem|43/100|[from] Grassy Terrain
|-heal|p1a: Blissey|41/100|[from] Grassy Terrain
|upkeep
|turn|91
|
|t:|1776322700
|switch|p2a: Gholdengo|Gholdengo, shiny|100/100
|-damage|p2a: Gholdengo|94/100|[from] Stealth Rock
|move|p1a: Blissey|Soft-Boiled|p1a: Blissey
|-heal|p1a: Blissey|91/100
|
|-weather|none
|-heal|p2a: Gholdengo|100/100|[from] Grassy Terrain
|-heal|p1a: Blissey|97/100|[from] Grassy Terrain
|-fieldend|move: Grassy Terrain
|upkeep
|turn|92
|
|t:|1776322715
|switch|p1a: Toxapex|Toxapex, M|100/100 par
|move|p2a: Gholdengo|Hex|p1a: Toxapex
|-damage|p1a: Toxapex|62/100 par
|
|upkeep
|turn|93
|inactive|FreddyFrazbear650 has 270 seconds left.
|
|t:|1776322755
|switch|p2a: Slowking|Slowking-Galar, F, shiny|100/100 par
|switch|p1a: Blissey|Blissey, F|97/100
|
|upkeep
|turn|94
|
|t:|1776322766
|switch|p1a: Toxapex|Toxapex, M|95/100 par
|move|p2a: Slowking|Future Sight|p1a: Toxapex
|-start|p2a: Slowking|move: Future Sight
|
|upkeep
|turn|95
|
|t:|1776322777
|switch|p1a: Blissey|Blissey, F|97/100
|-prepare|p2a: Slowking|Chilly Reception|[premajor]
|move|p2a: Slowking|Chilly Reception|p2a: Slowking
|-weather|Snowscape
|
|t:|1776322785
|switch|p2a: Kyurem|Kyurem, shiny|43/100|[from] Chilly Reception
|-damage|p2a: Kyurem|18/100|[from] Stealth Rock
|-ability|p2a: Kyurem|Pressure
|
|-weather|Snowscape|[upkeep]
|upkeep
|turn|96
|
|t:|1776322792
|move|p2a: Kyurem|Freeze-Dry|p1a: Blissey
|-damage|p1a: Blissey|81/100
|move|p1a: Blissey|Seismic Toss|p2a: Kyurem
|-damage|p2a: Kyurem|0 fnt
|faint|p2a: Kyurem
|
|-weather|Snowscape|[upkeep]
|-end|p1a: Blissey|move: Future Sight
|-damage|p1a: Blissey|68/100
|upkeep
|
|t:|1776322804
|switch|p2a: Gholdengo|Gholdengo, shiny|100/100
|-damage|p2a: Gholdengo|94/100|[from] Stealth Rock
|turn|97
|
|t:|1776322811
|switch|p1a: Toxapex|Toxapex, M|100/100 par
|move|p2a: Gholdengo|Make It Rain|p1a: Toxapex
|-resisted|p1a: Toxapex
|-damage|p1a: Toxapex|83/100 par
|-unboost|p2a: Gholdengo|spa|1
|
|-weather|Snowscape|[upkeep]
|upkeep
|turn|98
|
|t:|1776322821
|switch|p1a: Blissey|Blissey, F|68/100
|move|p2a: Gholdengo|Hex|p1a: Blissey
|-immune|p1a: Blissey
|
|-weather|Snowscape|[upkeep]
|upkeep
|turn|99
|inactive|FreddyFrazbear650 has 270 seconds left.
|
|t:|1776322829
|switch|p1a: Toxapex|Toxapex, M|100/100 par
|move|p2a: Gholdengo|Thunder Wave|p1a: Toxapex
|-fail|p1a: Toxapex|par
|
|-weather|none
|upkeep
|turn|100
|inactive|FreddyFrazbear650 has 270 seconds left.
|
|t:|1776322842
|switch|p1a: Blissey|Blissey, F|68/100
|move|p2a: Gholdengo|Thunder Wave|p1a: Blissey
|-status|p1a: Blissey|par
|
|upkeep
|turn|101
|
|t:|1776322851
|-curestatus|p1a: Blissey|par|[from] ability: Natural Cure
|switch|p1a: Toxapex|Toxapex, M|100/100 par
|move|p2a: Gholdengo|Recover|p2a: Gholdengo
|-heal|p2a: Gholdengo|100/100
|
|upkeep
|turn|102
|
|t:|1776322861
|switch|p1a: Blissey|Blissey, F|68/100
|move|p2a: Gholdengo|Thunder Wave|p1a: Blissey
|-status|p1a: Blissey|par
|
|upkeep
|turn|103
|
|t:|1776322867
|switch|p2a: Slowking|Slowking-Galar, F, shiny|100/100 par
|-curestatus|p1a: Blissey|par|[from] ability: Natural Cure
|switch|p1a: Toxapex|Toxapex, M|100/100 par
|
|upkeep
|turn|104
|
|t:|1776322879
|switch|p1a: Rillaboom|Rillaboom, F|40/100
|-fieldstart|move: Grassy Terrain|[from] ability: Grassy Surge|[of] p1a: Rillaboom
|move|p2a: Slowking|Future Sight|p1a: Rillaboom
|-start|p2a: Slowking|move: Future Sight
|
|-heal|p1a: Rillaboom|46/100|[from] Grassy Terrain
|upkeep
|turn|105
|
|t:|1776322887
|move|p1a: Rillaboom|Fake Out|p2a: Slowking
|-damage|p2a: Slowking|90/100 par
|cant|p2a: Slowking|flinch
|
|-heal|p1a: Rillaboom|52/100|[from] Grassy Terrain
|-heal|p2a: Slowking|96/100 par|[from] Grassy Terrain
|upkeep
|turn|106
|
|t:|1776322897
|move|p1a: Rillaboom|U-turn|p2a: Slowking
|-damage|p2a: Slowking|75/100 par
|
|t:|1776322900
|switch|p1a: Blissey|Blissey, F|68/100|[from] U-turn
|move|p2a: Slowking|Sludge Bomb|p1a: Blissey
|-damage|p1a: Blissey|58/100
|
|-end|p1a: Blissey|move: Future Sight
|-damage|p1a: Blissey|45/100
|-heal|p1a: Blissey|52/100|[from] Grassy Terrain
|-heal|p2a: Slowking|81/100 par|[from] Grassy Terrain
|upkeep
|turn|107
|
|t:|1776322912
|move|p1a: Blissey|Soft-Boiled|p1a: Blissey
|-heal|p1a: Blissey|100/100
|move|p2a: Slowking|Future Sight|p1a: Blissey
|-start|p2a: Slowking|move: Future Sight
|
|-heal|p2a: Slowking|87/100 par|[from] Grassy Terrain
|upkeep
|turn|108
|
|t:|1776322920
|switch|p1a: Toxapex|Toxapex, M|100/100 par
|move|p2a: Slowking|Sludge Bomb|p1a: Toxapex
|-resisted|p1a: Toxapex
|-damage|p1a: Toxapex|89/100 par
|
|-heal|p1a: Toxapex|96/100 par|[from] Grassy Terrain
|-heal|p2a: Slowking|93/100 par|[from] Grassy Terrain
|-fieldend|move: Grassy Terrain
|upkeep
|turn|109
|
|t:|1776322931
|switch|p1a: Blissey|Blissey, F|100/100
|switch|p2a: Gholdengo|Gholdengo, shiny|100/100
|-damage|p2a: Gholdengo|94/100|[from] Stealth Rock
|
|-end|p1a: Blissey|move: Future Sight
|-damage|p1a: Blissey|88/100
|upkeep
|turn|110
|
|t:|1776322941
|switch|p1a: Toxapex|Toxapex, M|100/100 par
|move|p2a: Gholdengo|Thunder Wave|p1a: Toxapex
|-fail|p1a: Toxapex|par
|
|upkeep
|turn|111
|
|t:|1776322948
|switch|p2a: Slowking|Slowking-Galar, F, shiny|100/100 par
|switch|p1a: Blissey|Blissey, F|88/100
|
|upkeep
|turn|112
|
|t:|1776322954
|switch|p1a: Rillaboom|Rillaboom, F|52/100
|-fieldstart|move: Grassy Terrain|[from] ability: Grassy Surge|[of] p1a: Rillaboom
|move|p2a: Slowking|Sludge Bomb|p1a: Rillaboom
|-supereffective|p1a: Rillaboom
|-damage|p1a: Rillaboom|7/100
|
|-heal|p1a: Rillaboom|13/100|[from] Grassy Terrain
|upkeep
|turn|113
|
|t:|1776322964
|move|p1a: Rillaboom|Fake Out|p2a: Slowking
|-damage|p2a: Slowking|89/100 par
|cant|p2a: Slowking|flinch
|
|-heal|p1a: Rillaboom|19/100|[from] Grassy Terrain
|-heal|p2a: Slowking|95/100 par|[from] Grassy Terrain
|upkeep
|turn|114
|
|t:|1776322972
|switch|p1a: Blissey|Blissey, F|88/100
|cant|p2a: Slowking|par
|
|-heal|p1a: Blissey|94/100|[from] Grassy Terrain
|-heal|p2a: Slowking|100/100 par|[from] Grassy Terrain
|upkeep
|turn|115
|
|t:|1776322981
|switch|p1a: Toxapex|Toxapex, M|100/100 par
|move|p2a: Slowking|Thunder Wave|p1a: Toxapex
|-fail|p1a: Toxapex|par
|
|upkeep
|turn|116
|
|t:|1776322991
|switch|p1a: Blissey|Blissey, F|94/100
|move|p2a: Slowking|Future Sight|p1a: Blissey
|-start|p2a: Slowking|move: Future Sight
|
|-heal|p1a: Blissey|100/100|[from] Grassy Terrain
|-fieldend|move: Grassy Terrain
|upkeep
|turn|117
|
|t:|1776323003
|switch|p1a: Toxapex|Toxapex, M|100/100 par
|cant|p2a: Slowking|par
|
|upkeep
|turn|118
|
|t:|1776323009
|switch|p1a: Blissey|Blissey, F|100/100
|-prepare|p2a: Slowking|Chilly Reception|[premajor]
|cant|p2a: Slowking|par
|
|-end|p1a: Blissey|move: Future Sight
|-damage|p1a: Blissey|88/100
|upkeep
|turn|119
|
|t:|1776323017
|switch|p1a: Toxapex|Toxapex, M|100/100 par
|-prepare|p2a: Slowking|Chilly Reception|[premajor]
|move|p2a: Slowking|Chilly Reception|p2a: Slowking
|-weather|Snowscape
|
|t:|1776323023
|switch|p2a: Gholdengo|Gholdengo, shiny|94/100|[from] Chilly Reception
|-damage|p2a: Gholdengo|88/100|[from] Stealth Rock
|
|-weather|Snowscape|[upkeep]
|upkeep
|turn|120
|
|t:|1776323033
|switch|p2a: Slowking|Slowking-Galar, F, shiny|100/100 par
|move|p1a: Toxapex|Toxic Spikes|p2a: Slowking
|-sidestart|p2: FreddyFrazbear650|move: Toxic Spikes
|
|-weather|Snowscape|[upkeep]
|upkeep
|turn|121
|
|t:|1776323040
|move|p1a: Toxapex|Toxic Spikes|p2a: Slowking
|-sidestart|p2: FreddyFrazbear650|move: Toxic Spikes
|move|p2a: Slowking|Thunder Wave|p1a: Toxapex
|-fail|p1a: Toxapex|par
|
|-weather|Snowscape|[upkeep]
|upkeep
|turn|122
|
|t:|1776323049
|move|p1a: Toxapex|Haze|p1a: Toxapex
|-clearallboost
|cant|p2a: Slowking|par
|
|-weather|Snowscape|[upkeep]
|upkeep
|turn|123
|
|t:|1776323055
|switch|p1a: Blissey|Blissey, F|88/100
|move|p2a: Slowking|Thunder Wave|p1a: Blissey
|-status|p1a: Blissey|par
|
|-weather|none
|upkeep
|turn|124
|
|t:|1776323062
|move|p1a: Blissey|Seismic Toss|p2a: Slowking
|-damage|p2a: Slowking|75/100 par
|cant|p2a: Slowking|par
|
|upkeep
|turn|125
|
|t:|1776323072
|cant|p1a: Blissey|par
|move|p2a: Slowking|Thunder Wave|p1a: Blissey
|-fail|p1a: Blissey|par
|
|upkeep
|turn|126
|
|t:|1776323080
|move|p1a: Blissey|Seismic Toss|p2a: Slowking
|-damage|p2a: Slowking|50/100 par
|move|p2a: Slowking|Thunder Wave|p1a: Blissey
|-fail|p1a: Blissey|par
|
|upkeep
|turn|127
|
|t:|1776323087
|move|p1a: Blissey|Seismic Toss|p2a: Slowking
|-damage|p2a: Slowking|24/100 par
|move|p2a: Slowking|Future Sight|p1a: Blissey
|-start|p2a: Slowking|move: Future Sight
|
|upkeep
|turn|128
|
|t:|1776323093
|switch|p2a: Gholdengo|Gholdengo, shiny|88/100
|-damage|p2a: Gholdengo|82/100|[from] Stealth Rock
|move|p1a: Blissey|Seismic Toss|p2a: Gholdengo
|-immune|p2a: Gholdengo
|
|upkeep
|turn|129
|
|t:|1776323103
|switch|p2a: Slowking|Slowking-Galar, F, shiny|58/100 par
|-sideend|p2: FreddyFrazbear650|move: Toxic Spikes|[of] p2a: Slowking
|-curestatus|p1a: Blissey|par|[from] ability: Natural Cure
|switch|p1a: Toxapex|Toxapex, M|100/100 par
|
|-end|p1a: Toxapex|move: Future Sight
|-supereffective|p1a: Toxapex
|-damage|p1a: Toxapex|45/100 par
|upkeep
|turn|130
|
|t:|1776323115
|switch|p1a: Blissey|Blissey, F|88/100
|switch|p2a: Gholdengo|Gholdengo, shiny|82/100
|-damage|p2a: Gholdengo|76/100|[from] Stealth Rock
|
|upkeep
|turn|131
|
|t:|1776323129
|switch|p1a: Toxapex|Toxapex, M|78/100 par
|move|p2a: Gholdengo|Thunder Wave|p1a: Toxapex
|-fail|p1a: Toxapex|par
|
|upkeep
|turn|132
|
|t:|1776323136
|switch|p2a: Slowking|Slowking-Galar, F, shiny|91/100 par
|switch|p1a: Blissey|Blissey, F|88/100
|
|upkeep
|turn|133
|
|t:|1776323142
|switch|p1a: Toxapex|Toxapex, M|100/100 par
|move|p2a: Slowking|Thunder Wave|p1a: Toxapex
|-fail|p1a: Toxapex|par
|
|upkeep
|turn|134
|inactive|FreddyFrazbear650 has 270 seconds left.
|
|t:|1776323179
|switch|p1a: Blissey|Blissey, F|88/100
|move|p2a: Slowking|Thunder Wave|p1a: Blissey
|-status|p1a: Blissey|par
|
|upkeep
|turn|135
|inactive|FreddyFrazbear650 has 270 seconds left.
|inactive|JoshuaIsAmazing777 has 270 seconds left.
|
|t:|1776323214
|-curestatus|p1a: Blissey|par|[from] ability: Natural Cure
|switch|p1a: Toxapex|Toxapex, M|100/100 par
|-prepare|p2a: Slowking|Chilly Reception|[premajor]
|cant|p2a: Slowking|par
|
|upkeep
|turn|136
|inactive|JoshuaIsAmazing777 has 270 seconds left.
|
|t:|1776323223
|switch|p1a: Blissey|Blissey, F|88/100
|cant|p2a: Slowking|par
|
|upkeep
|turn|137
|
|t:|1776323229
|switch|p1a: Toxapex|Toxapex, M|100/100 par
|move|p2a: Slowking|Future Sight|p1a: Toxapex
|-start|p2a: Slowking|move: Future Sight
|
|upkeep
|turn|138
|
|t:|1776323234
|switch|p1a: Blissey|Blissey, F|88/100
|move|p2a: Slowking|Thunder Wave|p1a: Blissey
|-status|p1a: Blissey|par
|
|upkeep
|turn|139
|
|t:|1776323241
|move|p1a: Blissey|Thunder Wave|p2a: Slowking
|-fail|p2a: Slowking|par
|-prepare|p2a: Slowking|Chilly Reception|[premajor]
|cant|p2a: Slowking|par
|
|-end|p1a: Blissey|move: Future Sight
|-damage|p1a: Blissey|77/100 par
|upkeep
|turn|140
|
|t:|1776323256
|-curestatus|p1a: Blissey|par|[from] ability: Natural Cure
|switch|p1a: Toxapex|Toxapex, M|100/100 par
|cant|p2a: Slowking|par
|
|upkeep
|turn|141
|
|t:|1776323268
|switch|p1a: Blissey|Blissey, F|77/100
|move|p2a: Slowking|Thunder Wave|p1a: Blissey
|-status|p1a: Blissey|par
|
|upkeep
|turn|142
|
|t:|1776323275
|-curestatus|p1a: Blissey|par|[from] ability: Natural Cure
|switch|p1a: Toxapex|Toxapex, M|100/100 par
|move|p2a: Slowking|Thunder Wave|p1a: Toxapex
|-fail|p1a: Toxapex|par
|
|upkeep
|turn|143
|
|t:|1776323283
|switch|p1a: Blissey|Blissey, F|77/100
|move|p2a: Slowking|Thunder Wave|p1a: Blissey
|-status|p1a: Blissey|par
|
|upkeep
|turn|144
|
|t:|1776323290
|-curestatus|p1a: Blissey|par|[from] ability: Natural Cure
|switch|p1a: Toxapex|Toxapex, M|100/100 par
|-prepare|p2a: Slowking|Chilly Reception|[premajor]
|cant|p2a: Slowking|par
|
|upkeep
|turn|145
|
|t:|1776323297
|switch|p1a: Blissey|Blissey, F|77/100
|-prepare|p2a: Slowking|Chilly Reception|[premajor]
|cant|p2a: Slowking|par
|
|upkeep
|turn|146
|
|t:|1776323303
|switch|p1a: Toxapex|Toxapex, M|100/100 par
|move|p2a: Slowking|Thunder Wave|p1a: Toxapex
|-fail|p1a: Toxapex|par
|
|upkeep
|turn|147
|
|t:|1776323318
|switch|p1a: Blissey|Blissey, F|77/100
|move|p2a: Slowking|Thunder Wave|p1a: Blissey
|-status|p1a: Blissey|par
|
|upkeep
|turn|148
|
|t:|1776323324
|-curestatus|p1a: Blissey|par|[from] ability: Natural Cure
|switch|p1a: Toxapex|Toxapex, M|100/100 par
|move|p2a: Slowking|Thunder Wave|p1a: Toxapex
|-fail|p1a: Toxapex|par
|
|upkeep
|turn|149
|
|t:|1776323331
|switch|p1a: Blissey|Blissey, F|77/100
|switch|p2a: Gholdengo|Gholdengo, shiny|76/100
|-damage|p2a: Gholdengo|70/100|[from] Stealth Rock
|
|upkeep
|turn|150
|
|t:|1776323339
|switch|p2a: Slowking|Slowking-Galar, F, shiny|100/100 par
|move|p1a: Blissey|Thunder Wave|p2a: Slowking
|-fail|p2a: Slowking|par
|
|upkeep
|turn|151
|
|t:|1776323345
|switch|p1a: Toxapex|Toxapex, M|100/100 par
|switch|p2a: Gholdengo|Gholdengo, shiny|70/100
|-damage|p2a: Gholdengo|64/100|[from] Stealth Rock
|
|upkeep
|turn|152
|
|t:|1776323352
|switch|p2a: Slowking|Slowking-Galar, F, shiny|100/100 par
|switch|p1a: Blissey|Blissey, F|77/100
|
|upkeep
|turn|153
|
|t:|1776323368
|switch|p1a: Toxapex|Toxapex, M|100/100 par
|switch|p2a: Gholdengo|Gholdengo, shiny|64/100
|-damage|p2a: Gholdengo|58/100|[from] Stealth Rock
|
|upkeep
|turn|154
|
|t:|1776323376
|switch|p1a: Blissey|Blissey, F|77/100
|move|p2a: Gholdengo|Recover|p2a: Gholdengo
|-heal|p2a: Gholdengo|100/100
|
|upkeep
|turn|155
|
|t:|1776323380
|switch|p2a: Slowking|Slowking-Galar, F, shiny|100/100 par
|switch|p1a: Toxapex|Toxapex, M|100/100 par
|
|upkeep
|turn|156
|
|t:|1776323387
|switch|p1a: Blissey|Blissey, F|77/100
|switch|p2a: Gholdengo|Gholdengo, shiny|100/100
|-damage|p2a: Gholdengo|94/100|[from] Stealth Rock
|
|upkeep
|turn|157
|
|t:|1776323394
|switch|p2a: Slowking|Slowking-Galar, F, shiny|100/100 par
|switch|p1a: Toxapex|Toxapex, M|100/100 par
|
|upkeep
|turn|158
|
|t:|1776323398
|switch|p1a: Blissey|Blissey, F|77/100
|switch|p2a: Gholdengo|Gholdengo, shiny|94/100
|-damage|p2a: Gholdengo|88/100|[from] Stealth Rock
|
|upkeep
|turn|159
|
|t:|1776323401
|switch|p2a: Slowking|Slowking-Galar, F, shiny|100/100 par
|switch|p1a: Toxapex|Toxapex, M|100/100 par
|
|upkeep
|turn|160
|
|t:|1776323403
|switch|p1a: Blissey|Blissey, F|77/100
|switch|p2a: Gholdengo|Gholdengo, shiny|88/100
|-damage|p2a: Gholdengo|82/100|[from] Stealth Rock
|
|upkeep
|turn|161
|
|t:|1776323405
|switch|p2a: Slowking|Slowking-Galar, F, shiny|100/100 par
|switch|p1a: Toxapex|Toxapex, M|100/100 par
|
|upkeep
|turn|162
|
|t:|1776323413
|switch|p1a: Blissey|Blissey, F|77/100
|switch|p2a: Gholdengo|Gholdengo, shiny|82/100
|-damage|p2a: Gholdengo|76/100|[from] Stealth Rock
|
|upkeep
|turn|163
|
|t:|1776323415
|switch|p2a: Slowking|Slowking-Galar, F, shiny|100/100 par
|switch|p1a: Toxapex|Toxapex, M|100/100 par
|
|upkeep
|turn|164
|
|t:|1776323417
|switch|p1a: Blissey|Blissey, F|77/100
|switch|p2a: Gholdengo|Gholdengo, shiny|76/100
|-damage|p2a: Gholdengo|70/100|[from] Stealth Rock
|
|upkeep
|turn|165
|
|t:|1776323419
|switch|p2a: Slowking|Slowking-Galar, F, shiny|100/100 par
|switch|p1a: Toxapex|Toxapex, M|100/100 par
|
|upkeep
|turn|166
|
|t:|1776323424
|switch|p1a: Blissey|Blissey, F|77/100
|switch|p2a: Gholdengo|Gholdengo, shiny|70/100
|-damage|p2a: Gholdengo|64/100|[from] Stealth Rock
|
|upkeep
|turn|167
|
|t:|1776323426
|switch|p2a: Slowking|Slowking-Galar, F, shiny|100/100 par
|switch|p1a: Toxapex|Toxapex, M|100/100 par
|
|upkeep
|turn|168
|
|t:|1776323435
|switch|p1a: Blissey|Blissey, F|77/100
|switch|p2a: Gholdengo|Gholdengo, shiny|64/100
|-damage|p2a: Gholdengo|58/100|[from] Stealth Rock
|
|upkeep
|turn|169
|
|t:|1776323440
|switch|p2a: Slowking|Slowking-Galar, F, shiny|100/100 par
|switch|p1a: Toxapex|Toxapex, M|100/100 par
|
|upkeep
|turn|170
|
|t:|1776323443
|switch|p1a: Blissey|Blissey, F|77/100
|switch|p2a: Gholdengo|Gholdengo, shiny|58/100
|-damage|p2a: Gholdengo|52/100|[from] Stealth Rock
|
|upkeep
|turn|171
|
|t:|1776323445
|switch|p2a: Slowking|Slowking-Galar, F, shiny|100/100 par
|switch|p1a: Toxapex|Toxapex, M|100/100 par
|
|upkeep
|turn|172
|
|t:|1776323446
|switch|p1a: Blissey|Blissey, F|77/100
|switch|p2a: Gholdengo|Gholdengo, shiny|52/100
|-damage|p2a: Gholdengo|46/100|[from] Stealth Rock
|
|upkeep
|turn|173
|
|t:|1776323449
|switch|p2a: Slowking|Slowking-Galar, F, shiny|100/100 par
|switch|p1a: Toxapex|Toxapex, M|100/100 par
|
|upkeep
|turn|174
|
|t:|1776323456
|switch|p1a: Blissey|Blissey, F|77/100
|switch|p2a: Gholdengo|Gholdengo, shiny|46/100
|-damage|p2a: Gholdengo|40/100|[from] Stealth Rock
|
|upkeep
|turn|175
|
|t:|1776323458
|switch|p2a: Slowking|Slowking-Galar, F, shiny|100/100 par
|switch|p1a: Toxapex|Toxapex, M|100/100 par
|
|upkeep
|turn|176
|
|t:|1776323460
|switch|p1a: Blissey|Blissey, F|77/100
|switch|p2a: Gholdengo|Gholdengo, shiny|40/100
|-damage|p2a: Gholdengo|34/100|[from] Stealth Rock
|
|upkeep
|turn|177
|
|t:|1776323463
|switch|p1a: Toxapex|Toxapex, M|100/100 par
|move|p2a: Gholdengo|Recover|p2a: Gholdengo
|-heal|p2a: Gholdengo|84/100
|
|upkeep
|turn|178
|
|t:|1776323467
|switch|p2a: Slowking|Slowking-Galar, F, shiny|100/100 par
|switch|p1a: Blissey|Blissey, F|77/100
|
|upkeep
|turn|179
|
|t:|1776323473
|switch|p1a: Toxapex|Toxapex, M|100/100 par
|switch|p2a: Gholdengo|Gholdengo, shiny|84/100
|-damage|p2a: Gholdengo|77/100|[from] Stealth Rock
|
|upkeep
|turn|180
|
|t:|1776323479
|switch|p2a: Slowking|Slowking-Galar, F, shiny|100/100 par
|switch|p1a: Blissey|Blissey, F|77/100
|
|upkeep
|turn|181
|
|t:|1776323483
|switch|p1a: Toxapex|Toxapex, M|100/100 par
|switch|p2a: Gholdengo|Gholdengo, shiny|77/100
|-damage|p2a: Gholdengo|71/100|[from] Stealth Rock
|
|upkeep
|turn|182
|
|t:|1776323485
|switch|p2a: Slowking|Slowking-Galar, F, shiny|100/100 par
|switch|p1a: Blissey|Blissey, F|77/100
|
|upkeep
|turn|183
|
|t:|1776323489
|switch|p1a: Toxapex|Toxapex, M|100/100 par
|switch|p2a: Gholdengo|Gholdengo, shiny|71/100
|-damage|p2a: Gholdengo|65/100|[from] Stealth Rock
|
|upkeep
|turn|184
|
|t:|1776323491
|switch|p2a: Slowking|Slowking-Galar, F, shiny|100/100 par
|switch|p1a: Blissey|Blissey, F|77/100
|
|upkeep
|turn|185
|
|t:|1776323493
|switch|p1a: Toxapex|Toxapex, M|100/100 par
|switch|p2a: Gholdengo|Gholdengo, shiny|65/100
|-damage|p2a: Gholdengo|59/100|[from] Stealth Rock
|
|upkeep
|turn|186
|
|t:|1776323496
|switch|p2a: Slowking|Slowking-Galar, F, shiny|100/100 par
|switch|p1a: Blissey|Blissey, F|77/100
|
|upkeep
|turn|187
|
|t:|1776323498
|switch|p1a: Toxapex|Toxapex, M|100/100 par
|switch|p2a: Gholdengo|Gholdengo, shiny|59/100
|-damage|p2a: Gholdengo|53/100|[from] Stealth Rock
|
|upkeep
|turn|188
|
|t:|1776323500
|switch|p2a: Slowking|Slowking-Galar, F, shiny|100/100 par
|switch|p1a: Blissey|Blissey, F|77/100
|
|upkeep
|turn|189
|
|t:|1776323502
|switch|p1a: Toxapex|Toxapex, M|100/100 par
|switch|p2a: Gholdengo|Gholdengo, shiny|53/100
|-damage|p2a: Gholdengo|47/100|[from] Stealth Rock
|
|upkeep
|turn|190
|
|t:|1776323504
|switch|p2a: Slowking|Slowking-Galar, F, shiny|100/100 par
|switch|p1a: Blissey|Blissey, F|77/100
|
|upkeep
|turn|191
|
|t:|1776323506
|switch|p1a: Toxapex|Toxapex, M|100/100 par
|switch|p2a: Gholdengo|Gholdengo, shiny|47/100
|-damage|p2a: Gholdengo|41/100|[from] Stealth Rock
|
|upkeep
|turn|192
|
|t:|1776323508
|switch|p2a: Slowking|Slowking-Galar, F, shiny|100/100 par
|switch|p1a: Blissey|Blissey, F|77/100
|
|upkeep
|turn|193
|
|t:|1776323510
|switch|p1a: Toxapex|Toxapex, M|100/100 par
|switch|p2a: Gholdengo|Gholdengo, shiny|41/100
|-damage|p2a: Gholdengo|35/100|[from] Stealth Rock
|
|upkeep
|turn|194
|
|t:|1776323512
|switch|p2a: Slowking|Slowking-Galar, F, shiny|100/100 par
|switch|p1a: Blissey|Blissey, F|77/100
|
|upkeep
|turn|195
|
|t:|1776323514
|switch|p1a: Toxapex|Toxapex, M|100/100 par
|switch|p2a: Gholdengo|Gholdengo, shiny|35/100
|-damage|p2a: Gholdengo|29/100|[from] Stealth Rock
|
|upkeep
|turn|196
|
|t:|1776323516
|switch|p1a: Blissey|Blissey, F|77/100
|move|p2a: Gholdengo|Recover|p2a: Gholdengo
|-heal|p2a: Gholdengo|79/100
|
|upkeep
|turn|197
|
|t:|1776323521
|switch|p2a: Slowking|Slowking-Galar, F, shiny|100/100 par
|switch|p1a: Toxapex|Toxapex, M|100/100 par
|
|upkeep
|turn|198
|
|t:|1776323526
|switch|p1a: Blissey|Blissey, F|77/100
|switch|p2a: Gholdengo|Gholdengo, shiny|79/100
|-damage|p2a: Gholdengo|73/100|[from] Stealth Rock
|
|upkeep
|turn|199
|
|t:|1776323533
|switch|p2a: Slowking|Slowking-Galar, F, shiny|100/100 par
|switch|p1a: Toxapex|Toxapex, M|100/100 par
|
|upkeep
|turn|200
|
|t:|1776323537
|switch|p1a: Blissey|Blissey, F|77/100
|switch|p2a: Gholdengo|Gholdengo, shiny|73/100
|-damage|p2a: Gholdengo|67/100|[from] Stealth Rock
|
|upkeep
|turn|201
|
|t:|1776323539
|switch|p2a: Slowking|Slowking-Galar, F, shiny|100/100 par
|switch|p1a: Toxapex|Toxapex, M|100/100 par
|
|upkeep
|turn|202
|
|t:|1776323541
|switch|p1a: Blissey|Blissey, F|77/100
|switch|p2a: Gholdengo|Gholdengo, shiny|67/100
|-damage|p2a: Gholdengo|61/100|[from] Stealth Rock
|
|upkeep
|turn|203
|
|t:|1776323543
|switch|p2a: Slowking|Slowking-Galar, F, shiny|100/100 par
|switch|p1a: Toxapex|Toxapex, M|100/100 par
|
|upkeep
|turn|204
|
|t:|1776323545
|switch|p1a: Blissey|Blissey, F|77/100
|switch|p2a: Gholdengo|Gholdengo, shiny|61/100
|-damage|p2a: Gholdengo|54/100|[from] Stealth Rock
|
|upkeep
|turn|205
|
|t:|1776323548
|switch|p2a: Slowking|Slowking-Galar, F, shiny|100/100 par
|switch|p1a: Toxapex|Toxapex, M|100/100 par
|
|upkeep
|turn|206
|
|t:|1776323550
|switch|p1a: Blissey|Blissey, F|77/100
|switch|p2a: Gholdengo|Gholdengo, shiny|54/100
|-damage|p2a: Gholdengo|48/100|[from] Stealth Rock
|
|upkeep
|turn|207
|
|t:|1776323552
|switch|p2a: Slowking|Slowking-Galar, F, shiny|100/100 par
|switch|p1a: Toxapex|Toxapex, M|100/100 par
|
|upkeep
|turn|208
|
|t:|1776323554
|switch|p1a: Blissey|Blissey, F|77/100
|switch|p2a: Gholdengo|Gholdengo, shiny|48/100
|-damage|p2a: Gholdengo|42/100|[from] Stealth Rock
|
|upkeep
|turn|209
|
|t:|1776323560
|switch|p2a: Slowking|Slowking-Galar, F, shiny|100/100 par
|switch|p1a: Toxapex|Toxapex, M|100/100 par
|
|upkeep
|turn|210
|
|t:|1776323570
|switch|p1a: Blissey|Blissey, F|77/100
|switch|p2a: Gholdengo|Gholdengo, shiny|42/100
|-damage|p2a: Gholdengo|36/100|[from] Stealth Rock
|
|upkeep
|turn|211
|
|t:|1776323583
|switch|p1a: Toxapex|Toxapex, M|100/100 par
|move|p2a: Gholdengo|Make It Rain|p1a: Toxapex
|-resisted|p1a: Toxapex
|-damage|p1a: Toxapex|84/100 par
|-unboost|p2a: Gholdengo|spa|1
|
|upkeep
|turn|212
|
|t:|1776323595
|switch|p1a: Blissey|Blissey, F|77/100
|move|p2a: Gholdengo|Recover|p2a: Gholdengo
|-heal|p2a: Gholdengo|86/100
|
|upkeep
|turn|213
|
|t:|1776323601
|switch|p1a: Toxapex|Toxapex, M|100/100 par
|move|p2a: Gholdengo|Make It Rain|p1a: Toxapex
|-resisted|p1a: Toxapex
|-crit|p1a: Toxapex
|-damage|p1a: Toxapex|74/100 par
|-unboost|p2a: Gholdengo|spa|1
|
|upkeep
|turn|214
|
|t:|1776323610
|switch|p1a: Blissey|Blissey, F|77/100
|move|p2a: Gholdengo|Thunder Wave|p1a: Blissey
|-status|p1a: Blissey|par
|
|upkeep
|turn|215
|
|t:|1776323615
|-curestatus|p1a: Blissey|par|[from] ability: Natural Cure
|switch|p1a: Toxapex|Toxapex, M|100/100 par
|move|p2a: Gholdengo|Hex|p1a: Toxapex
|-damage|p1a: Toxapex|84/100 par
|
|upkeep
|turn|216
|
|t:|1776323623
|switch|p2a: Slowking|Slowking-Galar, F, shiny|100/100 par
|switch|p1a: Blissey|Blissey, F|77/100
|
|upkeep
|turn|217
|
|t:|1776323628
|switch|p1a: Toxapex|Toxapex, M|100/100 par
|switch|p2a: Gholdengo|Gholdengo, shiny|86/100
|-damage|p2a: Gholdengo|80/100|[from] Stealth Rock
|
|upkeep
|turn|218
|
|t:|1776323636
|switch|p1a: Blissey|Blissey, F|77/100
|move|p2a: Gholdengo|Thunder Wave|p1a: Blissey
|-status|p1a: Blissey|par
|
|upkeep
|turn|219
|
|t:|1776323645
|-curestatus|p1a: Blissey|par|[from] ability: Natural Cure
|switch|p1a: Toxapex|Toxapex, M|100/100 par
|move|p2a: Gholdengo|Hex|p1a: Toxapex
|-damage|p1a: Toxapex|65/100 par
|
|upkeep
|turn|220
|
|t:|1776323661
|switch|p1a: Blissey|Blissey, F|77/100
|move|p2a: Gholdengo|Thunder Wave|p1a: Blissey
|-status|p1a: Blissey|par
|
|upkeep
|turn|221
|
|t:|1776323667
|-curestatus|p1a: Blissey|par|[from] ability: Natural Cure
|switch|p1a: Toxapex|Toxapex, M|98/100 par
|move|p2a: Gholdengo|Hex|p1a: Toxapex
|-damage|p1a: Toxapex|59/100 par
|
|upkeep
|turn|222
|
|t:|1776323676
|switch|p1a: Blissey|Blissey, F|77/100
|move|p2a: Gholdengo|Thunder Wave|p1a: Blissey
|-status|p1a: Blissey|par
|
|upkeep
|turn|223
|
|t:|1776323682
|-curestatus|p1a: Blissey|par|[from] ability: Natural Cure
|switch|p1a: Toxapex|Toxapex, M|92/100 par
|move|p2a: Gholdengo|Hex|p1a: Toxapex
|-damage|p1a: Toxapex|58/100 par
|
|upkeep
|turn|224
|
|t:|1776323692
|switch|p1a: Blissey|Blissey, F|77/100
|move|p2a: Gholdengo|Thunder Wave|p1a: Blissey|[miss]
|-miss|p2a: Gholdengo|p1a: Blissey
|
|upkeep
|turn|225
|
|t:|1776323699
|switch|p1a: Toxapex|Toxapex, M|92/100 par
|move|p2a: Gholdengo|Make It Rain|p1a: Toxapex
|-resisted|p1a: Toxapex
|-damage|p1a: Toxapex|75/100 par
|-unboost|p2a: Gholdengo|spa|1
|
|upkeep
|turn|226
|
|t:|1776323707
|move|p2a: Gholdengo|Make It Rain|p1a: Toxapex
|-resisted|p1a: Toxapex
|-crit|p1a: Toxapex
|-damage|p1a: Toxapex|50/100 par
|-unboost|p2a: Gholdengo|spa|1
|move|p1a: Toxapex|Recover|p1a: Toxapex
|-heal|p1a: Toxapex|99/100 par
|
|upkeep
|turn|227
|
|t:|1776323720
|switch|p1a: Blissey|Blissey, F|77/100
|move|p2a: Gholdengo|Thunder Wave|p1a: Blissey
|-status|p1a: Blissey|par
|
|upkeep
|turn|228
|
|t:|1776323725
|-curestatus|p1a: Blissey|par|[from] ability: Natural Cure
|switch|p1a: Toxapex|Toxapex, M|100/100 par
|move|p2a: Gholdengo|Thunder Wave|p1a: Toxapex
|-fail|p1a: Toxapex|par
|
|upkeep
|turn|229
|
|t:|1776323732
|switch|p1a: Blissey|Blissey, F|77/100
|move|p2a: Gholdengo|Thunder Wave|p1a: Blissey
|-status|p1a: Blissey|par
|
|upkeep
|turn|230
|
|t:|1776323741
|-curestatus|p1a: Blissey|par|[from] ability: Natural Cure
|switch|p1a: Toxapex|Toxapex, M|100/100 par
|move|p2a: Gholdengo|Thunder Wave|p1a: Toxapex
|-fail|p1a: Toxapex|par
|
|upkeep
|turn|231
|
|t:|1776323749
|switch|p1a: Blissey|Blissey, F|77/100
|move|p2a: Gholdengo|Thunder Wave|p1a: Blissey
|-status|p1a: Blissey|par
|
|upkeep
|turn|232
|
|t:|1776323755
|-curestatus|p1a: Blissey|par|[from] ability: Natural Cure
|switch|p1a: Toxapex|Toxapex, M|100/100 par
|move|p2a: Gholdengo|Thunder Wave|p1a: Toxapex|[miss]
|-miss|p2a: Gholdengo|p1a: Toxapex
|
|upkeep
|turn|233
|
|t:|1776323761
|switch|p1a: Blissey|Blissey, F|77/100
|move|p2a: Gholdengo|Thunder Wave|p1a: Blissey
|-status|p1a: Blissey|par
|
|upkeep
|turn|234
|
|t:|1776323766
|-curestatus|p1a: Blissey|par|[from] ability: Natural Cure
|switch|p1a: Toxapex|Toxapex, M|100/100 par
|move|p2a: Gholdengo|Thunder Wave|p1a: Toxapex
|-fail|p1a: Toxapex|par
|
|upkeep
|turn|235
|
|t:|1776323776
|move|p1a: Toxapex|Baneful Bunker|p1a: Toxapex
|-singleturn|p1a: Toxapex|move: Protect
|move|p2a: Gholdengo|Thunder Wave|p1a: Toxapex
|-activate|p1a: Toxapex|move: Protect
|
|upkeep
|turn|236
|
|t:|1776323784
|switch|p1a: Blissey|Blissey, F|77/100
|move|p2a: Gholdengo|Thunder Wave|p1a: Blissey
|-status|p1a: Blissey|par
|
|upkeep
|turn|237
|
|t:|1776323790
|-curestatus|p1a: Blissey|par|[from] ability: Natural Cure
|switch|p1a: Toxapex|Toxapex, M|100/100 par
|move|p2a: Gholdengo|Thunder Wave|p1a: Toxapex|[miss]
|-miss|p2a: Gholdengo|p1a: Toxapex
|
|upkeep
|turn|238
|
|t:|1776323797
|switch|p1a: Blissey|Blissey, F|77/100
|move|p2a: Gholdengo|Thunder Wave|p1a: Blissey
|-status|p1a: Blissey|par
|
|upkeep
|turn|239
|
|t:|1776323804
|-curestatus|p1a: Blissey|par|[from] ability: Natural Cure
|switch|p1a: Toxapex|Toxapex, M|100/100 par
|move|p2a: Gholdengo|Thunder Wave|p1a: Toxapex
|-fail|p1a: Toxapex|par
|
|upkeep
|turn|240
|
|t:|1776323811
|switch|p1a: Blissey|Blissey, F|77/100
|-activate|p2a: Gholdengo|move: Struggle
|move|p2a: Gholdengo|Struggle|p1a: Blissey
|-damage|p1a: Blissey|66/100
|-damage|p2a: Gholdengo|55/100|[from] recoil
|
|upkeep
|turn|241
|
|t:|1776323819
|-activate|p2a: Gholdengo|move: Struggle
|move|p2a: Gholdengo|Struggle|p1a: Blissey
|-damage|p1a: Blissey|54/100
|-damage|p2a: Gholdengo|30/100|[from] recoil
|move|p1a: Blissey|Soft-Boiled|p1a: Blissey
|-heal|p1a: Blissey|100/100
|
|upkeep
|turn|242
|n|+FreddyFrazbear650|freddyfrazbear650
|player|p2|
|l|+FreddyFrazbear650
|inactive|FreddyFrazbear650 has 270 seconds to reconnect!
|inactive|FreddyFrazbear650 has 240 seconds to reconnect!
|inactive|FreddyFrazbear650 has 210 seconds to reconnect!
|inactive|FreddyFrazbear650 has 180 seconds to reconnect!
|inactive|FreddyFrazbear650 has 150 seconds to reconnect!
|inactive|FreddyFrazbear650 has 120 seconds to reconnect!
|inactive|FreddyFrazbear650 has 90 seconds to reconnect!
|inactive|FreddyFrazbear650 has 60 seconds to reconnect!
|inactive|FreddyFrazbear650 has 30 seconds to reconnect!
|inactive|FreddyFrazbear650 has 20 seconds to reconnect!
|inactive|FreddyFrazbear650 has 15 seconds to reconnect!
|inactive|FreddyFrazbear650 has 10 seconds to reconnect!
|inactive|FreddyFrazbear650 has 5 seconds to reconnect!
|-message|FreddyFrazbear650 lost due to inactivity.
|
|win|JoshuaIsAmazing777
