|html|<div class="broadcast-blue"><strong>[Gen 9] OU is currently suspecting Volcarona! For information on how to participate check out the <a href="https://www.smogon.com/tools/suspects/view/208">suspect thread</a>.</strong></div>
|j|☆silverjay#2248
|j|☆xp180
|t:|1778507601
|gametype|singles
|player|p1|silverjay#2248|101|1504
|player|p2|xp180|101|1573
|gen|9
|tier|[Gen 9] OU
|rated|
|rule|HP Percentage Mod: HP is shown in percentages
|rule|Endless Battle Clause: Forcing endless battles is banned
|rule|Species Clause: Limit one of each Pokémon
|rule|OHKO Clause: OHKO moves are banned
|rule|Evasion Items Clause: Evasion items are banned
|rule|Evasion Moves Clause: Evasion moves are banned
|rule|Evasion Abilities Clause: Evasion abilities are banned
|rule|Sleep Moves Clause: Sleep-inducing moves are banned
|clearpoke
|poke|p1|Excadrill, F|
|poke|p1|Tyranitar, M|
|poke|p1|Kyurem|
|poke|p1|Hawlucha, M|
|poke|p1|Pawmot, F|
|poke|p1|Flamigo, F|
|poke|p2|Araquanid, M|
|poke|p2|Gholdengo|
|poke|p2|Raging Bolt|
|poke|p2|Iron Valiant|
|poke|p2|Ceruledge, F|
|poke|p2|Deoxys-Speed|
|teampreview
|
|t:|1778507619
|teamsize|p1|6
|teamsize|p2|6
|start
|switch|p1a: Frieza|Kyurem, shiny|100/100
|switch|p2a: Araquanid|Araquanid, M|100/100
|-ability|p1a: Frieza|Pressure
|turn|1
|j| Puyu paz
|
|t:|1778507627
|move|p1a: Frieza|Freeze-Dry|p2a: Araquanid
|-supereffective|p2a: Araquanid
|-damage|p2a: Araquanid|39/100
|move|p2a: Araquanid|Sticky Web|p1a: Frieza
|-sidestart|p1: silverjay#2248|move: Sticky Web
|
|upkeep
|turn|2
|
|t:|1778507633
|move|p2a: Araquanid|Endure|p2a: Araquanid
|-singleturn|p2a: Araquanid|move: Endure
|move|p1a: Frieza|Freeze-Dry|p2a: Araquanid
|-supereffective|p2a: Araquanid
|-activate|p2a: Araquanid|move: Endure
|-damage|p2a: Araquanid|1/100
|
|upkeep
|turn|3
|-enditem|p2a: Araquanid|Custap Berry|[eat]
|-activate|p2a: Araquanid|item: Custap Berry|[consumed]
|
|t:|1778507649
|-terastallize|p1a: Frieza|Ghost
|move|p2a: Araquanid|Lunge|p1a: Frieza
|-resisted|p1a: Frieza
|-damage|p1a: Frieza|92/100
|-unboost|p1a: Frieza|atk|1
|move|p1a: Frieza|Freeze-Dry|p2a: Araquanid
|-supereffective|p2a: Araquanid
|-damage|p2a: Araquanid|0 fnt
|faint|p2a: Araquanid
|
|upkeep
|
|t:|1778507664
|switch|p2a: Ceruledge|Ceruledge, F|100/100
|turn|4
|
|t:|1778507675
|switch|p1a: The sandstorm|Tyranitar, M, shiny|100/100
|-activate|p1a: The sandstorm|move: Sticky Web
|-unboost|p1a: The sandstorm|spe|1
|-weather|Sandstorm|[from] ability: Sand Stream|[of] p1a: The sandstorm
|move|p2a: Ceruledge|Swords Dance|p2a: Ceruledge
|-boost|p2a: Ceruledge|atk|2
|
|-weather|Sandstorm|[upkeep]
|-damage|p2a: Ceruledge|94/100|[from] Sandstorm
|upkeep
|turn|5
|
|t:|1778507693
|switch|p1a: Itachi|Hawlucha, M, shiny|100/100
|-ability|p1a: Itachi|Mold Breaker
|move|p2a: Ceruledge|Close Combat|p1a: Itachi
|-resisted|p1a: Itachi
|-damage|p1a: Itachi|34/100
|-unboost|p2a: Ceruledge|def|1
|-unboost|p2a: Ceruledge|spd|1
|-enditem|p1a: Itachi|Red Card|[of] p2a: Ceruledge
|drag|p2a: Raging Bolt|Raging Bolt|100/100
|-enditem|p2a: Raging Bolt|Booster Energy
|-activate|p2a: Raging Bolt|ability: Protosynthesis|[fromitem]
|-start|p2a: Raging Bolt|protosynthesisspa
|
|-weather|Sandstorm|[upkeep]
|-damage|p1a: Itachi|28/100|[from] Sandstorm
|-damage|p2a: Raging Bolt|94/100|[from] Sandstorm
|upkeep
|turn|6
|
|t:|1778507706
|move|p1a: Itachi|Defog|p2a: Raging Bolt
|-unboost|p2a: Raging Bolt|evasion|1
|-sideend|p1: silverjay#2248|Sticky Web|[from] move: Defog|[of] p1a: Itachi
|move|p2a: Raging Bolt|Thunderbolt|p1a: Itachi
|-supereffective|p1a: Itachi
|-damage|p1a: Itachi|0 fnt
|faint|p1a: Itachi
|
|-weather|Sandstorm|[upkeep]
|-damage|p2a: Raging Bolt|88/100|[from] Sandstorm
|upkeep
|
|t:|1778507714
|switch|p1a: OP|Excadrill, F|100/100
|turn|7
|
|t:|1778507718
|-end|p2a: Raging Bolt|Protosynthesis|[silent]
|switch|p2a: Gholdengo|Gholdengo|100/100
|-item|p2a: Gholdengo|Air Balloon
|move|p1a: OP|Earthquake|p2a: Gholdengo
|-immune|p2a: Gholdengo
|
|-weather|Sandstorm|[upkeep]
|upkeep
|turn|8
|
|t:|1778507732
|switch|p1a: Yuji|Flamigo, F|100/100
|move|p2a: Gholdengo|Focus Blast|p1a: Yuji|[miss]
|-miss|p2a: Gholdengo|p1a: Yuji
|
|-weather|Sandstorm|[upkeep]
|-damage|p1a: Yuji|94/100|[from] Sandstorm
|upkeep
|turn|9
|
|t:|1778507738
|move|p1a: Yuji|Close Combat|p2a: Gholdengo
|-supereffective|p2a: Gholdengo
|-damage|p2a: Gholdengo|0 fnt
|-unboost|p1a: Yuji|def|1
|-unboost|p1a: Yuji|spd|1
|-enditem|p2a: Gholdengo|Air Balloon
|faint|p2a: Gholdengo
|
|-weather|Sandstorm|[upkeep]
|-damage|p1a: Yuji|88/100|[from] Sandstorm
|upkeep
|
|t:|1778507746
|switch|p2a: Iron Valiant|Iron Valiant|100/100
|-enditem|p2a: Iron Valiant|Booster Energy
|-activate|p2a: Iron Valiant|ability: Quark Drive|[fromitem]
|-start|p2a: Iron Valiant|quarkdrivespa
|turn|10
|l| Puyu paz
|
|t:|1778507756
|switch|p1a: OP|Excadrill, F|100/100
|move|p2a: Iron Valiant|Moonblast|p1a: OP
|-resisted|p1a: OP
|-damage|p1a: OP|59/100
|-unboost|p1a: OP|spa|1
|
|-weather|Sandstorm|[upkeep]
|-damage|p2a: Iron Valiant|94/100|[from] Sandstorm
|upkeep
|turn|11
|
|t:|1778507764
|move|p2a: Iron Valiant|Vacuum Wave|p1a: OP
|-supereffective|p1a: OP
|-damage|p1a: OP|0 fnt
|faint|p1a: OP
|
|-weather|none
|upkeep
|
|t:|1778507768
|switch|p1a: Yuji|Flamigo, F|88/100
|turn|12
|
|t:|1778507772
|-terastallize|p2a: Iron Valiant|Ghost
|move|p1a: Yuji|Brave Bird|p2a: Iron Valiant
|-damage|p2a: Iron Valiant|21/100
|-damage|p1a: Yuji|65/100|[from] Recoil
|move|p2a: Iron Valiant|Moonblast|p1a: Yuji
|-supereffective|p1a: Yuji
|-damage|p1a: Yuji|0 fnt
|faint|p1a: Yuji
|
|upkeep
|
|t:|1778507785
|switch|p1a: The sandstorm|Tyranitar, M, shiny|100/100
|-weather|Sandstorm|[from] ability: Sand Stream|[of] p1a: The sandstorm
|turn|13
|
|t:|1778507795
|move|p2a: Iron Valiant|Vacuum Wave|p1a: The sandstorm
|-supereffective|p1a: The sandstorm
|-damage|p1a: The sandstorm|26/100
|move|p1a: The sandstorm|Ice Beam|p2a: Iron Valiant
|-damage|p2a: Iron Valiant|0 fnt
|faint|p2a: Iron Valiant
|-end|p2a: Iron Valiant|Quark Drive|[silent]
|
|-weather|Sandstorm|[upkeep]
|upkeep
|
|t:|1778507803
|switch|p2a: Raging Bolt|Raging Bolt|88/100
|turn|14
|inactive|Battle timer is ON: inactive players will automatically lose when time's up. (requested by silverjay#2248)
|
|t:|1778507815
|move|p2a: Raging Bolt|Thunderbolt|p1a: The sandstorm
|-damage|p1a: The sandstorm|0 fnt
|faint|p1a: The sandstorm
|
|-weather|Sandstorm|[upkeep]
|-damage|p2a: Raging Bolt|82/100|[from] Sandstorm
|upkeep
|
|t:|1778507818
|switch|p1a: Porunga|Pawmot, F|100/100
|turn|15
|
|t:|1778507821
|move|p1a: Porunga|Revival Blessing|p1a: Porunga
|-enditem|p1a: Porunga|Leppa Berry|[eat]
|-activate|p1a: Porunga|item: Leppa Berry|Revival Blessing|[consumed]
|
|t:|1778507827
|-heal|p1: OP|50/100|[from] move: Revival Blessing
|move|p2a: Raging Bolt|Calm Mind|p2a: Raging Bolt
|-boost|p2a: Raging Bolt|spa|1
|-boost|p2a: Raging Bolt|spd|1
|
|-weather|Sandstorm|[upkeep]
|-damage|p1a: Porunga|95/100|[from] Sandstorm
|-damage|p2a: Raging Bolt|76/100|[from] Sandstorm
|upkeep
|turn|16
|
|t:|1778507836
|move|p1a: Porunga|Revival Blessing|p1a: Porunga
|
|t:|1778507847
|-heal|p1: Yuji|50/100|[from] move: Revival Blessing
|move|p2a: Raging Bolt|Thunderbolt|p1a: Porunga
|-heal|p1a: Porunga|100/100|[from] ability: Volt Absorb|[of] p2a: Raging Bolt
|
|-weather|Sandstorm|[upkeep]
|-damage|p1a: Porunga|95/100|[from] Sandstorm
|-damage|p2a: Raging Bolt|70/100|[from] Sandstorm
|upkeep
|turn|17
|
|t:|1778507853
|move|p1a: Porunga|Metronome|p1a: Porunga
|move|p1a: Porunga|Double-Edge|p2a: Raging Bolt|[from] move: Metronome
|-damage|p2a: Raging Bolt|39/100
|-damage|p1a: Porunga|82/100|[from] Recoil
|move|p2a: Raging Bolt|Dragon Pulse|p1a: Porunga
|-damage|p1a: Porunga|0 fnt
|faint|p1a: Porunga
|
|-weather|Sandstorm|[upkeep]
|-damage|p2a: Raging Bolt|33/100|[from] Sandstorm
|upkeep
|
|t:|1778507874
|switch|p1a: OP|Excadrill, F|50/100
|turn|18
|
|t:|1778507882
|move|p1a: OP|Earthquake|p2a: Raging Bolt
|-supereffective|p2a: Raging Bolt
|-damage|p2a: Raging Bolt|0 fnt
|faint|p2a: Raging Bolt
|-end|p2a: Raging Bolt|Protosynthesis|[silent]
|
|-weather|Sandstorm|[upkeep]
|upkeep
|
|t:|1778507892
|switch|p2a: Deoxys|Deoxys-Speed|100/100
|-ability|p2a: Deoxys|Pressure
|turn|19
|
|t:|1778507896
|move|p1a: OP|Earthquake|p2a: Deoxys
|-damage|p2a: Deoxys|0 fnt
|faint|p2a: Deoxys
|
|-weather|Sandstorm|[upkeep]
|upkeep
|
|t:|1778507899
|switch|p2a: Ceruledge|Ceruledge, F|94/100
|turn|20
|
|t:|1778507903
|move|p1a: OP|Earthquake|p2a: Ceruledge
|-supereffective|p2a: Ceruledge
|-damage|p2a: Ceruledge|0 fnt
|faint|p2a: Ceruledge
|
|win|silverjay#2248
|raw|silverjay#2248's rating: 1504 &rarr; <strong>1528</strong><br />(+24 for winning)
|raw|xp180's rating: 1573 &rarr; <strong>1549</strong><br />(-24 for losing)
|l|☆xp180
|player|p2|
|l|☆silverjay#2248
|player|p1|
