|html|<div class="broadcast-blue"><strong>[Gen 9] OU is currently suspecting Tera Blast! For information on how to participate check out the <a href="https://www.smogon.com/tools/suspects/view/200">suspect thread</a>.</strong></div>
|j|☆team10thPlanet
|j|☆temporarylight
|t:|1776100235
|gametype|singles
|player|p1|team10thPlanet|veteran|1678
|player|p2|temporarylight|lady|1683
|gen|9
|tier|[Gen 9] OU
|rated|
|rule|HP Percentage Mod: HP is shown in percentages
|rule|Endless Battle Clause: Forcing endless battles is banned
|rule|Species Clause: Limit one of each Pokémon
|rule|OHKO Clause: OHKO moves are banned
|rule|Evasion Items Clause: Evasion items are banned
|rule|Evasion Moves Clause: Evasion moves are banned
|rule|Evasion Abilities Clause: Evasion abilities are banned
|rule|Sleep Moves Clause: Sleep-inducing moves are banned
|clearpoke
|poke|p1|Zamazenta-*|
|poke|p1|Dragonite, M|
|poke|p1|Hoopa-Unbound|
|poke|p1|Araquanid, F|
|poke|p1|Iron Treads|
|poke|p1|Raikou|
|poke|p2|Gliscor, F|
|poke|p2|Raging Bolt|
|poke|p2|Darkrai|
|poke|p2|Pecharunt|
|poke|p2|Hatterene, F|
|poke|p2|Zamazenta-*|
|teampreview
|j| ohko_smeargle
|inactive|Battle timer is ON: inactive players will automatically lose when time's up. (requested by temporarylight)
|
|t:|1776100255
|teamsize|p1|6
|teamsize|p2|6
|start
|switch|p1a: Iron Treads|Iron Treads|100/100
|switch|p2a: Gliscor|Gliscor, F|100/100
|-enditem|p1a: Iron Treads|Booster Energy
|-activate|p1a: Iron Treads|ability: Quark Drive|[fromitem]
|-start|p1a: Iron Treads|quarkdrivespe
|turn|1
|
|t:|1776100263
|move|p1a: Iron Treads|Knock Off|p2a: Gliscor
|-damage|p2a: Gliscor|78/100
|-enditem|p2a: Gliscor|Toxic Orb|[from] move: Knock Off|[of] p1a: Iron Treads
|move|p2a: Gliscor|Earthquake|p1a: Iron Treads
|-supereffective|p1a: Iron Treads
|-damage|p1a: Iron Treads|44/100
|
|upkeep
|turn|2
|
|t:|1776100280
|-end|p1a: Iron Treads|Quark Drive|[silent]
|switch|p1a: Johnny Tsunami 🌊|Araquanid, F|100/100
|move|p2a: Gliscor|Stealth Rock|p1a: Johnny Tsunami 🌊
|-sidestart|p1: team10thPlanet|move: Stealth Rock
|
|upkeep
|turn|3
|
|t:|1776100285
|switch|p2a: Hatterene|Hatterene, F|100/100
|move|p1a: Johnny Tsunami 🌊|Surf|p2a: Hatterene
|-damage|p2a: Hatterene|41/100
|
|upkeep
|turn|4
|
|t:|1776100292
|move|p1a: Johnny Tsunami 🌊|Surf|p2a: Hatterene
|-damage|p2a: Hatterene|0 fnt
|faint|p2a: Hatterene
|
|upkeep
|
|t:|1776100299
|switch|p2a: Raging Bolt|Raging Bolt|100/100
|-enditem|p2a: Raging Bolt|Booster Energy
|-activate|p2a: Raging Bolt|ability: Protosynthesis|[fromitem]
|-start|p2a: Raging Bolt|protosynthesisspa
|turn|5
|
|t:|1776100319
|switch|p1a: Iron Treads|Iron Treads|44/100
|-damage|p1a: Iron Treads|41/100|[from] Stealth Rock
|move|p2a: Raging Bolt|Dragon Pulse|p1a: Iron Treads
|-resisted|p1a: Iron Treads
|-damage|p1a: Iron Treads|0 fnt
|faint|p1a: Iron Treads
|-end|p1a: Iron Treads|Quark Drive|[silent]
|
|upkeep
|
|t:|1776100336
|switch|p1a: Hoopa|Hoopa-Unbound|100/100
|-damage|p1a: Hoopa|88/100|[from] Stealth Rock
|turn|6
|
|t:|1776100349
|-terastallize|p1a: Hoopa|Fairy
|move|p1a: Hoopa|Tera Blast|p2a: Raging Bolt|[anim] Tera Blast Fairy
|-supereffective|p2a: Raging Bolt
|-damage|p2a: Raging Bolt|0 fnt
|faint|p2a: Raging Bolt
|-end|p2a: Raging Bolt|Protosynthesis|[silent]
|
|upkeep
|
|t:|1776100359
|switch|p2a: Pecharunt|Pecharunt|100/100
|-item|p2a: Pecharunt|Air Balloon
|turn|7
|
|t:|1776100367
|switch|p1a: Diego ⚡️|Raikou|100/100
|-damage|p1a: Diego ⚡️|88/100|[from] Stealth Rock
|move|p2a: Pecharunt|Nasty Plot|p2a: Pecharunt
|-boost|p2a: Pecharunt|spa|2
|
|upkeep
|turn|8
|
|t:|1776100380
|move|p1a: Diego ⚡️|Thunderbolt|p2a: Pecharunt
|-damage|p2a: Pecharunt|25/100
|-enditem|p2a: Pecharunt|Air Balloon
|move|p2a: Pecharunt|Malignant Chain|p1a: Diego ⚡️
|-damage|p1a: Diego ⚡️|0 fnt
|faint|p1a: Diego ⚡️
|
|upkeep
|inactive|team10thPlanet has 120 seconds left.
|
|t:|1776100411
|switch|p1a: Hoopa|Hoopa-Unbound, tera:Fairy|88/100
|-damage|p1a: Hoopa|76/100|[from] Stealth Rock
|turn|9
|
|t:|1776100420
|move|p1a: Hoopa|Tera Blast|p2a: Pecharunt|[anim] Tera Blast Fairy
|-resisted|p2a: Pecharunt
|-damage|p2a: Pecharunt|0 fnt
|faint|p2a: Pecharunt
|
|upkeep
|
|t:|1776100428
|switch|p2a: Zamazenta|Zamazenta|100/100
|-ability|p2a: Zamazenta|Dauntless Shield|boost
|-boost|p2a: Zamazenta|def|1
|turn|10
|inactive|team10thPlanet has 120 seconds left.
|
|t:|1776100451
|switch|p1a: Johnny Tsunami 🌊|Araquanid, F|100/100
|-damage|p1a: Johnny Tsunami 🌊|75/100|[from] Stealth Rock
|-terastallize|p2a: Zamazenta|Fire
|move|p2a: Zamazenta|Iron Defense|p2a: Zamazenta
|-boost|p2a: Zamazenta|def|2
|
|upkeep
|turn|11
|inactive|temporarylight has 120 seconds left.
|j| Too Many Caps
|inactive|temporarylight has 90 seconds left.
|
|t:|1776100514
|move|p2a: Zamazenta|Body Press|p1a: Johnny Tsunami 🌊
|-resisted|p1a: Johnny Tsunami 🌊
|-damage|p1a: Johnny Tsunami 🌊|32/100
|move|p1a: Johnny Tsunami 🌊|Surf|p2a: Zamazenta
|-supereffective|p2a: Zamazenta
|-damage|p2a: Zamazenta|13/100
|
|-heal|p2a: Zamazenta|20/100|[from] item: Leftovers
|upkeep
|turn|12
|inactive|team10thPlanet has 120 seconds left.
|
|t:|1776100546
|move|p1a: Johnny Tsunami 🌊|Endure|p1a: Johnny Tsunami 🌊
|-singleturn|p1a: Johnny Tsunami 🌊|move: Endure
|move|p2a: Zamazenta|Body Press|p1a: Johnny Tsunami 🌊
|-resisted|p1a: Johnny Tsunami 🌊
|-activate|p1a: Johnny Tsunami 🌊|move: Endure
|-damage|p1a: Johnny Tsunami 🌊|1/100
|
|-heal|p2a: Zamazenta|26/100|[from] item: Leftovers
|upkeep
|turn|13
|-enditem|p1a: Johnny Tsunami 🌊|Custap Berry|[eat]
|-activate|p1a: Johnny Tsunami 🌊|item: Custap Berry|[consumed]
|
|t:|1776100560
|move|p1a: Johnny Tsunami 🌊|Surf|p2a: Zamazenta
|-supereffective|p2a: Zamazenta
|-damage|p2a: Zamazenta|0 fnt
|faint|p2a: Zamazenta
|
|upkeep
|
|t:|1776100561
|switch|p2a: Gliscor|Gliscor, F|78/100
|turn|14
|
|t:|1776100571
|move|p2a: Gliscor|Earthquake|p1a: Johnny Tsunami 🌊
|-resisted|p1a: Johnny Tsunami 🌊
|-damage|p1a: Johnny Tsunami 🌊|0 fnt
|faint|p1a: Johnny Tsunami 🌊
|
|upkeep
|
|t:|1776100584
|switch|p1a: Zamazenta|Zamazenta|100/100
|-damage|p1a: Zamazenta|94/100|[from] Stealth Rock
|-ability|p1a: Zamazenta|Dauntless Shield|boost
|-boost|p1a: Zamazenta|def|1
|turn|15
|
|t:|1776100593
|move|p1a: Zamazenta|Ice Fang|p2a: Gliscor
|-supereffective|p2a: Gliscor
|-damage|p2a: Gliscor|0 fnt
|faint|p2a: Gliscor
|
|upkeep
|
|t:|1776100597
|switch|p2a: Darkrai|Darkrai|100/100
|turn|16
|
|t:|1776100614
|switch|p1a: Fat Boy|Dragonite, M, shiny|100/100
|-damage|p1a: Fat Boy|76/100|[from] Stealth Rock
|move|p2a: Darkrai|Ice Beam|p1a: Fat Boy
|-supereffective|p1a: Fat Boy
|-damage|p1a: Fat Boy|0 fnt
|faint|p1a: Fat Boy
|
|upkeep
|
|t:|1776100623
|switch|p1a: Zamazenta|Zamazenta|94/100
|-damage|p1a: Zamazenta|88/100|[from] Stealth Rock
|turn|17
|c|☆temporarylight|double freeze inc
|
|t:|1776100628
|move|p2a: Darkrai|Ice Beam|p1a: Zamazenta
|-damage|p1a: Zamazenta|59/100
|move|p1a: Zamazenta|Close Combat|p2a: Darkrai
|-supereffective|p2a: Darkrai
|-damage|p2a: Darkrai|0 fnt
|-unboost|p1a: Zamazenta|def|1
|-unboost|p1a: Zamazenta|spd|1
|faint|p2a: Darkrai
|
|win|team10thPlanet
|raw|team10thPlanet's rating: 1678 &rarr; <strong>1698</strong><br />(+20 for winning)
|raw|temporarylight's rating: 1683 &rarr; <strong>1663</strong><br />(-20 for losing)
|l| ohko_smeargle
|l|☆temporarylight
|player|p2|
|j|☆temporarylight
|player|p2|temporarylight|lady|
|l|☆team10thPlanet
|player|p1|
