|html|<div class="broadcast-blue"><strong>[Gen 9] OU is currently suspecting Tera Blast! For information on how to participate check out the <a href="https://www.smogon.com/tools/suspects/view/200">suspect thread</a>.</strong></div>
|j|☆dummydraedon
|j|☆chefivan
|t:|1776048066
|gametype|singles
|player|p1|dummydraedon|102|1456
|player|p2|chefivan|1|1458
|gen|9
|tier|[Gen 9] OU
|rated|
|rule|HP Percentage Mod: HP is shown in percentages
|rule|Endless Battle Clause: Forcing endless battles is banned
|rule|Species Clause: Limit one of each Pokémon
|rule|OHKO Clause: OHKO moves are banned
|rule|Evasion Items Clause: Evasion items are banned
|rule|Evasion Moves Clause: Evasion moves are banned
|rule|Evasion Abilities Clause: Evasion abilities are banned
|rule|Sleep Moves Clause: Sleep-inducing moves are banned
|clearpoke
|poke|p1|Vaporeon, M|
|poke|p1|Tinkaton, F|
|poke|p1|Pelipper, M|
|poke|p1|Excadrill, M|
|poke|p1|Barraskewda, M|
|poke|p1|Zoroark-Hisui, M|
|poke|p2|Weavile, M|
|poke|p2|Volcanion|
|poke|p2|Great Tusk|
|poke|p2|Hatterene, F|
|poke|p2|Gholdengo|
|poke|p2|Dragonite, F|
|teampreview
|
|t:|1776048079
|teamsize|p1|6
|teamsize|p2|6
|start
|switch|p1a: I smash vap|Tinkaton, F, shiny|100/100
|switch|p2a: Weavile|Weavile, M|100/100
|turn|1
|
|t:|1776048096
|switch|p2a: Great Tusk|Great Tusk|100/100
|move|p1a: I smash vap|Will-O-Wisp|p2a: Great Tusk
|-status|p2a: Great Tusk|brn
|
|-damage|p2a: Great Tusk|94/100 brn|[from] brn
|upkeep
|turn|2
|
|t:|1776048107
|switch|p1a: bird in vap|Pelipper, M|100/100
|-weather|RainDance|[from] ability: Drizzle|[of] p1a: bird in vap
|move|p2a: Great Tusk|Headlong Rush|p1a: bird in vap
|-immune|p1a: bird in vap
|
|-weather|RainDance|[upkeep]
|-damage|p2a: Great Tusk|88/100 brn|[from] brn
|upkeep
|turn|3
|
|t:|1776048114
|-end|p2a: Great Tusk|Protosynthesis|[silent]
|switch|p2a: Volcanion|Volcanion|100/100
|move|p1a: bird in vap|Hurricane|p2a: Volcanion
|-damage|p2a: Volcanion|51/100
|-start|p2a: Volcanion|confusion
|
|-weather|RainDance|[upkeep]
|upkeep
|turn|4
|
|t:|1776048118
|move|p1a: bird in vap|Hurricane|p2a: Volcanion
|-damage|p2a: Volcanion|0 fnt
|faint|p2a: Volcanion
|
|-weather|RainDance|[upkeep]
|upkeep
|
|t:|1776048124
|switch|p2a: Weavile|Weavile, M|100/100
|turn|5
|
|t:|1776048128
|move|p2a: Weavile|Triple Axel|p1a: bird in vap
|-damage|p1a: bird in vap|81/100
|-hitcount|p1a: bird in vap|1
|move|p1a: bird in vap|Hurricane|p2a: Weavile
|-damage|p2a: Weavile|38/100
|-start|p2a: Weavile|confusion
|
|-weather|RainDance|[upkeep]
|upkeep
|turn|6
|
|t:|1776048133
|switch|p1a: vap|Vaporeon, M|100/100
|-activate|p2a: Weavile|confusion
|move|p2a: Weavile|Triple Axel|p1a: vap
|-resisted|p1a: vap
|-damage|p1a: vap|95/100
|-resisted|p1a: vap
|-damage|p1a: vap|83/100
|-resisted|p1a: vap
|-damage|p1a: vap|67/100
|-hitcount|p1a: vap|3
|
|-weather|none
|-heal|p1a: vap|73/100|[from] item: Leftovers
|upkeep
|turn|7
|
|t:|1776048154
|switch|p2a: Gholdengo|Gholdengo|100/100
|move|p1a: vap|Wish|p1a: vap
|
|-heal|p1a: vap|79/100|[from] item: Leftovers
|upkeep
|turn|8
|
|t:|1776048160
|move|p2a: Gholdengo|Shadow Ball|p1a: vap
|-damage|p1a: vap|48/100
|move|p1a: vap|Scald|p2a: Gholdengo
|-damage|p2a: Gholdengo|66/100
|
|-heal|p1a: vap|98/100|[from] move: Wish|[wisher] vap
|-heal|p1a: vap|100/100|[from] item: Leftovers
|upkeep
|turn|9
|
|t:|1776048164
|move|p2a: Gholdengo|Shadow Ball|p1a: vap
|-damage|p1a: vap|66/100
|move|p1a: vap|Wish|p1a: vap
|
|-heal|p1a: vap|72/100|[from] item: Leftovers
|upkeep
|turn|10
|
|t:|1776048171
|switch|p1a: I smash vap|Tinkaton, F, shiny|100/100
|move|p2a: Gholdengo|Shadow Ball|p1a: I smash vap
|-immune|p1a: I smash vap
|
|upkeep
|turn|11
|
|t:|1776048184
|switch|p2a: Great Tusk|Great Tusk|88/100 brn
|move|p1a: I smash vap|Trick|p2a: Great Tusk
|-activate|p1a: I smash vap|move: Trick|[of] p2a: Great Tusk
|-item|p2a: Great Tusk|Choice Scarf|[from] move: Trick
|-item|p1a: I smash vap|Assault Vest|[from] move: Trick
|
|-damage|p2a: Great Tusk|82/100 brn|[from] brn
|upkeep
|turn|12
|
|t:|1776048195
|-end|p2a: Great Tusk|Protosynthesis|[silent]
|switch|p2a: Weavile|Weavile, M|38/100
|move|p1a: I smash vap|Hex|p2a: Weavile
|-resisted|p2a: Weavile
|-damage|p2a: Weavile|15/100
|
|upkeep
|turn|13
|
|t:|1776048198
|move|p2a: Weavile|Knock Off|p1a: I smash vap
|-supereffective|p1a: I smash vap
|-damage|p1a: I smash vap|0 fnt
|replace|p1a: i think im vap|Zoroark-Hisui, M
|-end|p1a: i think im vap|Illusion
|-enditem|p1a: i think im vap|Assault Vest|[from] move: Knock Off|[of] p2a: Weavile
|faint|p1a: i think im vap
|
|upkeep
|
|t:|1776048201
|switch|p1a: fish in vap|Barraskewda, M|100/100
|turn|14
|
|t:|1776048209
|switch|p2a: Great Tusk|Great Tusk|82/100 brn
|move|p1a: fish in vap|Aqua Jet|p2a: Great Tusk
|-supereffective|p2a: Great Tusk
|-damage|p2a: Great Tusk|38/100 brn
|-damage|p1a: fish in vap|91/100|[from] item: Life Orb
|
|-damage|p2a: Great Tusk|32/100 brn|[from] brn
|upkeep
|turn|15
|
|t:|1776048212
|-end|p2a: Great Tusk|Protosynthesis|[silent]
|switch|p2a: Weavile|Weavile, M|15/100
|move|p1a: fish in vap|Aqua Jet|p2a: Weavile
|-damage|p2a: Weavile|0 fnt
|faint|p2a: Weavile
|-damage|p1a: fish in vap|81/100|[from] item: Life Orb
|
|upkeep
|
|t:|1776048217
|switch|p2a: Dragonite|Dragonite, F|100/100
|turn|16
|
|t:|1776048221
|switch|p1a: I smash vap|Tinkaton, F, shiny|100/100
|-ability|p1a: I smash vap|Mold Breaker
|move|p2a: Dragonite|Dragon Dance|p2a: Dragonite
|-boost|p2a: Dragonite|atk|1
|-boost|p2a: Dragonite|spe|1
|
|upkeep
|turn|17
|
|t:|1776048225
|-terastallize|p1a: I smash vap|Flying
|move|p2a: Dragonite|Earthquake|p1a: I smash vap
|-immune|p1a: I smash vap
|move|p1a: I smash vap|Thunder Wave|p2a: Dragonite
|-status|p2a: Dragonite|par
|
|upkeep
|turn|18
|
|t:|1776048229
|move|p2a: Dragonite|Dragon Dance|p2a: Dragonite
|-boost|p2a: Dragonite|atk|1
|-boost|p2a: Dragonite|spe|1
|move|p1a: I smash vap|Encore|p2a: Dragonite
|-start|p2a: Dragonite|Encore
|
|upkeep
|turn|19
|
|t:|1776048240
|switch|p2a: Hatterene|Hatterene, F|100/100
|move|p1a: I smash vap|Stealth Rock|p2a: Hatterene
|-sidestart|p2: chefivan|move: Stealth Rock
|
|upkeep
|turn|20
|
|t:|1776048253
|move|p1a: I smash vap|Thunder Wave|p2a: Hatterene
|-status|p2a: Hatterene|par
|move|p2a: Hatterene|Psychic Noise|p1a: I smash vap
|-damage|p1a: I smash vap|78/100
|-start|p1a: I smash vap|move: Heal Block
|
|upkeep
|turn|21
|
|t:|1776048261
|move|p1a: I smash vap|Knock Off|p2a: Hatterene
|-damage|p2a: Hatterene|85/100 par
|-damage|p1a: I smash vap|61/100|[from] item: Rocky Helmet|[of] p2a: Hatterene
|-enditem|p2a: Hatterene|Rocky Helmet|[from] move: Knock Off|[of] p1a: I smash vap
|move|p2a: Hatterene|Draining Kiss|p1a: I smash vap
|-damage|p1a: I smash vap|45/100
|-heal|p2a: Hatterene|99/100 par|[from] drain|[of] p1a: I smash vap
|
|-end|p1a: I smash vap|move: Heal Block
|upkeep
|turn|22
|
|t:|1776048270
|move|p1a: I smash vap|Encore|p2a: Hatterene
|-start|p2a: Hatterene|Encore
|cant|p2a: Hatterene|par
|
|-heal|p1a: I smash vap|51/100|[from] item: Leftovers
|upkeep
|turn|23
|
|t:|1776048274
|switch|p1a: vap|Vaporeon, M|72/100
|switch|p2a: Gholdengo|Gholdengo|66/100
|-damage|p2a: Gholdengo|60/100|[from] Stealth Rock
|
|-heal|p1a: vap|78/100|[from] item: Leftovers
|upkeep
|turn|24
|
|t:|1776048278
|move|p2a: Gholdengo|Trick|p1a: vap
|-activate|p2a: Gholdengo|move: Trick|[of] p1a: vap
|-item|p1a: vap|Choice Scarf|[from] move: Trick
|-item|p2a: Gholdengo|Leftovers|[from] move: Trick
|move|p1a: vap|Wish|p1a: vap
|
|-heal|p2a: Gholdengo|66/100|[from] item: Leftovers
|upkeep
|turn|25
|
|t:|1776048289
|switch|p2a: Great Tusk|Great Tusk|32/100 brn
|-damage|p2a: Great Tusk|29/100 brn|[from] Stealth Rock
|switch|p1a: I smash vap|Tinkaton, F, shiny, tera:Flying|51/100
|-ability|p1a: I smash vap|Mold Breaker
|
|-heal|p1a: I smash vap|100/100|[from] move: Wish|[wisher] vap
|-damage|p2a: Great Tusk|23/100 brn|[from] brn
|upkeep
|turn|26
|
|t:|1776048296
|move|p2a: Great Tusk|Rapid Spin|p1a: I smash vap
|-damage|p1a: I smash vap|92/100
|-boost|p2a: Great Tusk|spe|1
|-sideend|p2: chefivan|Stealth Rock|[from] move: Rapid Spin|[of] p2a: Great Tusk
|move|p1a: I smash vap|Stealth Rock|p2a: Great Tusk
|-sidestart|p2: chefivan|move: Stealth Rock
|
|-heal|p1a: I smash vap|98/100|[from] item: Leftovers
|-damage|p2a: Great Tusk|17/100 brn|[from] brn
|upkeep
|turn|27
|
|t:|1776048302
|move|p2a: Great Tusk|Rapid Spin|p1a: I smash vap
|-damage|p1a: I smash vap|89/100
|-boost|p2a: Great Tusk|spe|1
|-sideend|p2: chefivan|Stealth Rock|[from] move: Rapid Spin|[of] p2a: Great Tusk
|move|p1a: I smash vap|Knock Off|p2a: Great Tusk
|-resisted|p2a: Great Tusk
|-damage|p2a: Great Tusk|10/100 brn
|-enditem|p2a: Great Tusk|Choice Scarf|[from] move: Knock Off|[of] p1a: I smash vap
|
|-heal|p1a: I smash vap|95/100|[from] item: Leftovers
|-damage|p2a: Great Tusk|4/100 brn|[from] brn
|upkeep
|turn|28
|
|t:|1776048306
|move|p2a: Great Tusk|Ice Spinner|p1a: I smash vap
|-supereffective|p1a: I smash vap
|-damage|p1a: I smash vap|70/100
|move|p1a: I smash vap|Stealth Rock|p2a: Great Tusk
|-sidestart|p2: chefivan|move: Stealth Rock
|
|-heal|p1a: I smash vap|76/100|[from] item: Leftovers
|-damage|p2a: Great Tusk|0 fnt|[from] brn
|faint|p2a: Great Tusk
|-end|p2a: Great Tusk|Protosynthesis|[silent]
|upkeep
|
|t:|1776048319
|switch|p2a: Gholdengo|Gholdengo|66/100
|-damage|p2a: Gholdengo|60/100|[from] Stealth Rock
|turn|29
|
|t:|1776048321
|move|p2a: Gholdengo|Shadow Ball|p1a: I smash vap
|-damage|p1a: I smash vap|46/100
|move|p1a: I smash vap|Thunder Wave|p2a: Gholdengo
|-status|p2a: Gholdengo|par
|
|-heal|p1a: I smash vap|53/100|[from] item: Leftovers
|-heal|p2a: Gholdengo|66/100 par|[from] item: Leftovers
|upkeep
|turn|30
|
|t:|1776048325
|move|p1a: I smash vap|Knock Off|p2a: Gholdengo
|-supereffective|p2a: Gholdengo
|-damage|p2a: Gholdengo|27/100 par
|-enditem|p2a: Gholdengo|Leftovers|[from] move: Knock Off|[of] p1a: I smash vap
|cant|p2a: Gholdengo|par
|
|-heal|p1a: I smash vap|59/100|[from] item: Leftovers
|upkeep
|turn|31
|
|t:|1776048328
|move|p1a: I smash vap|Knock Off|p2a: Gholdengo
|-supereffective|p2a: Gholdengo
|-damage|p2a: Gholdengo|0 fnt
|faint|p2a: Gholdengo
|
|-heal|p1a: I smash vap|65/100|[from] item: Leftovers
|upkeep
|
|t:|1776048331
|switch|p2a: Hatterene|Hatterene, F|99/100 par
|-damage|p2a: Hatterene|88/100 par|[from] Stealth Rock
|turn|32
|
|t:|1776048340
|move|p1a: I smash vap|Knock Off|p2a: Hatterene
|-damage|p2a: Hatterene|77/100 par
|move|p2a: Hatterene|Healing Wish|p2a: Hatterene
|faint|p2a: Hatterene
|
|-heal|p1a: I smash vap|71/100|[from] item: Leftovers
|upkeep
|
|t:|1776048343
|switch|p2a: Dragonite|Dragonite, F|100/100 par
|-heal|p2a: Dragonite|100/100|[from] move: Healing Wish
|-damage|p2a: Dragonite|76/100|[from] Stealth Rock
|turn|33
|
|t:|1776048350
|-terastallize|p2a: Dragonite|Ground
|move|p2a: Dragonite|Dragon Dance|p2a: Dragonite
|-boost|p2a: Dragonite|atk|1
|-boost|p2a: Dragonite|spe|1
|move|p1a: I smash vap|Thunder Wave|p2a: Dragonite
|-immune|p2a: Dragonite
|
|-heal|p2a: Dragonite|82/100|[from] item: Leftovers
|-heal|p1a: I smash vap|77/100|[from] item: Leftovers
|upkeep
|turn|34
|
|t:|1776048353
|move|p2a: Dragonite|Dragon Dance|p2a: Dragonite
|-boost|p2a: Dragonite|atk|1
|-boost|p2a: Dragonite|spe|1
|move|p1a: I smash vap|Encore|p2a: Dragonite
|-start|p2a: Dragonite|Encore
|
|-heal|p2a: Dragonite|88/100|[from] item: Leftovers
|-heal|p1a: I smash vap|83/100|[from] item: Leftovers
|upkeep
|turn|35
|c|☆chefivan|gg
|c|☆chefivan|i forgo
|-message|chefivan forfeited.
|
|win|dummydraedon
|raw|dummydraedon's rating: 1456 &rarr; <strong>1476</strong><br />(+20 for winning)
|raw|chefivan's rating: 1458 &rarr; <strong>1438</strong><br />(-20 for losing)
|l|☆chefivan
|player|p2|
|c|☆dummydraedon|ggs
|l|☆dummydraedon
|player|p1|
