|html|<div class="broadcast-blue"><strong>[Gen 9] OU is currently suspecting Volcarona! For information on how to participate check out the <a href="https://www.smogon.com/tools/suspects/view/208">suspect thread</a>.</strong></div>
|j|☆slinledieuvivant
|j|☆pigperfect9831
|t:|1778508613
|gametype|singles
|player|p1|slinledieuvivant|266|1646
|player|p2|pigperfect9831|workerice|1572
|gen|9
|tier|[Gen 9] OU
|rated|
|rule|HP Percentage Mod: HP is shown in percentages
|rule|Endless Battle Clause: Forcing endless battles is banned
|rule|Species Clause: Limit one of each Pokémon
|rule|OHKO Clause: OHKO moves are banned
|rule|Evasion Items Clause: Evasion items are banned
|rule|Evasion Moves Clause: Evasion moves are banned
|rule|Evasion Abilities Clause: Evasion abilities are banned
|rule|Sleep Moves Clause: Sleep-inducing moves are banned
|clearpoke
|poke|p1|Zapdos-Galar|
|poke|p1|Rillaboom, F|
|poke|p1|Great Tusk|
|poke|p1|Cinderace, F|
|poke|p1|Iron Valiant|
|poke|p1|Iron Crown|
|poke|p2|Kyurem|
|poke|p2|Moltres|
|poke|p2|Sandslash-Alola, F|
|poke|p2|Slowking-Galar, M|
|poke|p2|Ting-Lu|
|poke|p2|Zamazenta-*|
|teampreview
|
|t:|1778508650
|teamsize|p1|6
|teamsize|p2|6
|start
|switch|p1a: Zapdos-Kanto|Zapdos-Galar, shiny|100/100
|switch|p2a: Slowking|Slowking-Galar, M|100/100
|turn|1
|
|t:|1778508685
|switch|p2a: Moltres|Moltres|100/100
|move|p1a: Zapdos-Kanto|Brave Bird|p2a: Moltres
|-damage|p2a: Moltres|47/100
|-status|p1a: Zapdos-Kanto|brn|[from] ability: Flame Body|[of] p2a: Moltres
|-damage|p1a: Zapdos-Kanto|80/100 brn|[from] Recoil
|-damage|p1a: Zapdos-Kanto|70/100 brn|[from] item: Life Orb
|
|-damage|p1a: Zapdos-Kanto|63/100 brn|[from] brn
|upkeep
|turn|2
|
|t:|1778508698
|move|p1a: Zapdos-Kanto|Taunt|p2a: Moltres
|-start|p2a: Moltres|move: Taunt
|move|p2a: Moltres|U-turn|p1a: Zapdos-Kanto
|-resisted|p1a: Zapdos-Kanto
|-damage|p1a: Zapdos-Kanto|59/100 brn
|
|t:|1778508708
|switch|p2a: Slowking|Slowking-Galar, M|100/100|[from] U-turn
|
|-damage|p1a: Zapdos-Kanto|53/100 brn|[from] brn
|upkeep
|turn|3
|
|t:|1778508714
|move|p1a: Zapdos-Kanto|Brave Bird|p2a: Slowking
|-damage|p2a: Slowking|59/100
|-damage|p1a: Zapdos-Kanto|36/100 brn|[from] Recoil
|-damage|p1a: Zapdos-Kanto|26/100 brn|[from] item: Life Orb
|-prepare|p2a: Slowking|Chilly Reception|[premajor]
|move|p2a: Slowking|Chilly Reception|p2a: Slowking
|-weather|Snowscape
|
|t:|1778508717
|switch|p2a: Sandslash|Sandslash-Alola, F|100/100|[from] Chilly Reception
|
|-weather|Snowscape|[upkeep]
|-damage|p1a: Zapdos-Kanto|20/100 brn|[from] brn
|upkeep
|turn|4
|
|t:|1778508733
|move|p2a: Sandslash|Triple Axel|p1a: Zapdos-Kanto
|-supereffective|p1a: Zapdos-Kanto
|-damage|p1a: Zapdos-Kanto|0 fnt
|faint|p1a: Zapdos-Kanto
|-hitcount|p1: Zapdos-Kanto|1
|
|-weather|Snowscape|[upkeep]
|upkeep
|l|☆slinledieuvivant
|player|p1|
|j|☆slinledieuvivant
|player|p1|slinledieuvivant|266|
|
|t:|1778508784
|switch|p1a: Iron Crown|Iron Crown|100/100
|-enditem|p1a: Iron Crown|Booster Energy
|-activate|p1a: Iron Crown|ability: Quark Drive|[fromitem]
|-start|p1a: Iron Crown|quarkdrivespe
|turn|5
|
|t:|1778508830
|switch|p2a: Ting-Lu|Ting-Lu|100/100
|-ability|p2a: Ting-Lu|Vessel of Ruin
|move|p1a: Iron Crown|Calm Mind|p1a: Iron Crown
|-boost|p1a: Iron Crown|spa|1
|-boost|p1a: Iron Crown|spd|1
|
|-weather|Snowscape|[upkeep]
|upkeep
|turn|6
|
|t:|1778508838
|move|p1a: Iron Crown|Focus Blast|p2a: Ting-Lu|[miss]
|-miss|p1a: Iron Crown|p2a: Ting-Lu
|move|p2a: Ting-Lu|Earthquake|p1a: Iron Crown
|-supereffective|p1a: Iron Crown
|-damage|p1a: Iron Crown|30/100
|
|-weather|Snowscape|[upkeep]
|upkeep
|turn|7
|
|t:|1778508870
|move|p1a: Iron Crown|Focus Blast|p2a: Ting-Lu|[miss]
|-miss|p1a: Iron Crown|p2a: Ting-Lu
|move|p2a: Ting-Lu|Earthquake|p1a: Iron Crown
|-supereffective|p1a: Iron Crown
|-damage|p1a: Iron Crown|0 fnt
|faint|p1a: Iron Crown
|-end|p1a: Iron Crown|Quark Drive|[silent]
|
|-weather|none
|upkeep
|
|t:|1778508887
|switch|p1a: Rillaboom|Rillaboom, F|100/100
|-fieldstart|move: Grassy Terrain|[from] ability: Grassy Surge|[of] p1a: Rillaboom
|turn|8
|inactive|Battle timer is ON: inactive players will automatically lose when time's up. (requested by slinledieuvivant)
|inactive|pigperfect9831 has 120 seconds left.
|
|t:|1778508968
|switch|p2a: Moltres|Moltres|47/100
|move|p1a: Rillaboom|Swords Dance|p1a: Rillaboom
|-boost|p1a: Rillaboom|atk|2
|
|upkeep
|turn|9
|
|t:|1778508995
|move|p1a: Rillaboom|Knock Off|p2a: Moltres
|-damage|p2a: Moltres|0 fnt
|-status|p1a: Rillaboom|brn|[from] ability: Flame Body|[of] p2a: Moltres
|-enditem|p2a: Moltres|Heavy-Duty Boots|[from] move: Knock Off|[of] p1a: Rillaboom
|faint|p2a: Moltres
|-damage|p1a: Rillaboom|91/100 brn|[from] item: Life Orb
|
|-heal|p1a: Rillaboom|97/100 brn|[from] Grassy Terrain
|-damage|p1a: Rillaboom|91/100 brn|[from] brn
|upkeep
|
|t:|1778508999
|switch|p2a: Slowking|Slowking-Galar, M|92/100
|turn|10
|inactive|pigperfect9831 has 120 seconds left.
|
|t:|1778509028
|switch|p2a: Ting-Lu|Ting-Lu|100/100
|-ability|p2a: Ting-Lu|Vessel of Ruin
|-terastallize|p1a: Rillaboom|Dark
|move|p1a: Rillaboom|Knock Off|p2a: Ting-Lu
|-resisted|p2a: Ting-Lu
|-damage|p2a: Ting-Lu|82/100
|-enditem|p2a: Ting-Lu|Leftovers|[from] move: Knock Off|[of] p1a: Rillaboom
|-damage|p1a: Rillaboom|81/100 brn|[from] item: Life Orb
|
|-heal|p1a: Rillaboom|87/100 brn|[from] Grassy Terrain
|-heal|p2a: Ting-Lu|88/100|[from] Grassy Terrain
|-damage|p1a: Rillaboom|81/100 brn|[from] brn
|upkeep
|turn|11
|inactive|pigperfect9831 has 120 seconds left.
|
|t:|1778509053
|move|p1a: Rillaboom|Swords Dance|p1a: Rillaboom
|-boost|p1a: Rillaboom|atk|2
|move|p2a: Ting-Lu|Stealth Rock|p1a: Rillaboom
|-sidestart|p1: slinledieuvivant|move: Stealth Rock
|
|-heal|p1a: Rillaboom|87/100 brn|[from] Grassy Terrain
|-heal|p2a: Ting-Lu|94/100|[from] Grassy Terrain
|-damage|p1a: Rillaboom|81/100 brn|[from] brn
|upkeep
|turn|12
|inactive|pigperfect9831 has 120 seconds left.
|inactive|slinledieuvivant has 120 seconds left.
|
|t:|1778509075
|move|p1a: Rillaboom|High Horsepower|p2a: Ting-Lu
|-damage|p2a: Ting-Lu|59/100
|-damage|p1a: Rillaboom|71/100 brn|[from] item: Life Orb
|move|p2a: Ting-Lu|Heavy Slam|p1a: Rillaboom
|-damage|p1a: Rillaboom|35/100 brn
|
|-heal|p1a: Rillaboom|41/100 brn|[from] Grassy Terrain
|-heal|p2a: Ting-Lu|65/100|[from] Grassy Terrain
|-damage|p1a: Rillaboom|35/100 brn|[from] brn
|-fieldend|move: Grassy Terrain
|upkeep
|turn|13
|
|t:|1778509085
|move|p1a: Rillaboom|Grassy Glide|p2a: Ting-Lu
|-supereffective|p2a: Ting-Lu
|-damage|p2a: Ting-Lu|4/100
|-damage|p1a: Rillaboom|25/100 brn|[from] item: Life Orb
|move|p2a: Ting-Lu|Heavy Slam|p1a: Rillaboom
|-damage|p1a: Rillaboom|0 fnt
|faint|p1a: Rillaboom
|
|upkeep
|inactive|slinledieuvivant has 120 seconds left.
|
|t:|1778509100
|switch|p1a: Average Tusk|Great Tusk|100/100
|-damage|p1a: Average Tusk|98/100|[from] Stealth Rock
|-enditem|p1a: Average Tusk|Booster Energy
|-activate|p1a: Average Tusk|ability: Protosynthesis|[fromitem]
|-start|p1a: Average Tusk|protosynthesisatk
|turn|14
|inactive|slinledieuvivant has 120 seconds left.
|inactive|pigperfect9831 has 120 seconds left.
|
|t:|1778509136
|move|p1a: Average Tusk|Ice Spinner|p2a: Ting-Lu
|-supereffective|p2a: Ting-Lu
|-damage|p2a: Ting-Lu|0 fnt
|faint|p2a: Ting-Lu
|
|upkeep
|
|t:|1778509139
|switch|p2a: Kyurem|Kyurem|100/100
|-ability|p2a: Kyurem|Pressure
|turn|15
|
|t:|1778509143
|move|p2a: Kyurem|Freeze-Dry|p1a: Average Tusk
|-supereffective|p1a: Average Tusk
|-crit|p1a: Average Tusk
|-damage|p1a: Average Tusk|0 fnt
|faint|p1a: Average Tusk
|-end|p1a: Average Tusk|Protosynthesis|[silent]
|
|upkeep
|inactive|slinledieuvivant has 120 seconds left.
|
|t:|1778509173
|switch|p1a: Iron Valiant|Iron Valiant|100/100
|-damage|p1a: Iron Valiant|94/100|[from] Stealth Rock
|-enditem|p1a: Iron Valiant|Booster Energy
|-activate|p1a: Iron Valiant|ability: Quark Drive|[fromitem]
|-start|p1a: Iron Valiant|quarkdrivespe
|turn|16
|inactive|pigperfect9831 has 120 seconds left.
|inactive|pigperfect9831 has 90 seconds left.
|
|t:|1778509240
|switch|p2a: Sandslash|Sandslash-Alola, F|100/100
|move|p1a: Iron Valiant|Calm Mind|p1a: Iron Valiant
|-boost|p1a: Iron Valiant|spa|1
|-boost|p1a: Iron Valiant|spd|1
|
|upkeep
|turn|17
|j| tourmynutz
|inactive|slinledieuvivant has 120 seconds left.
|
|t:|1778509248
|move|p1a: Iron Valiant|Thunderbolt|p2a: Sandslash
|-damage|p2a: Sandslash|29/100
|move|p2a: Sandslash|Triple Axel|p1a: Iron Valiant
|-damage|p1a: Iron Valiant|81/100
|-damage|p1a: Iron Valiant|55/100
|-damage|p1a: Iron Valiant|19/100
|-hitcount|p1a: Iron Valiant|3
|
|upkeep
|turn|18
|inactive|slinledieuvivant has 120 seconds left.
|
|t:|1778509264
|move|p1a: Iron Valiant|Moonblast|p2a: Sandslash
|-resisted|p2a: Sandslash
|-damage|p2a: Sandslash|0 fnt
|faint|p2a: Sandslash
|
|upkeep
|
|t:|1778509271
|switch|p2a: Slowking|Slowking-Galar, M|100/100
|turn|19
|inactive|pigperfect9831 has 90 seconds left.
|inactive|slinledieuvivant has 120 seconds left.
|inactive|slinledieuvivant has 90 seconds left.
|
|t:|1778509327
|move|p1a: Iron Valiant|Shadow Ball|p2a: Slowking
|-supereffective|p2a: Slowking
|-damage|p2a: Slowking|48/100
|move|p2a: Slowking|Sludge Bomb|p1a: Iron Valiant
|-supereffective|p1a: Iron Valiant
|-damage|p1a: Iron Valiant|0 fnt
|faint|p1a: Iron Valiant
|-end|p1a: Iron Valiant|Quark Drive|[silent]
|
|upkeep
|
|t:|1778509334
|switch|p1a: Cinderace|Cinderace, F|100/100
|-damage|p1a: Cinderace|76/100|[from] Stealth Rock
|turn|20
|
|t:|1778509348
|move|p1a: Cinderace|Pyro Ball|p2a: Slowking
|-damage|p2a: Slowking|0 fnt
|faint|p2a: Slowking
|-damage|p1a: Cinderace|66/100|[from] item: Life Orb
|
|upkeep
|
|t:|1778509350
|switch|p2a: Zamazenta|Zamazenta|100/100
|-ability|p2a: Zamazenta|Dauntless Shield|boost
|-boost|p2a: Zamazenta|def|1
|turn|21
|j| shadowisp
|
|t:|1778509357
|move|p2a: Zamazenta|Close Combat|p1a: Cinderace
|-damage|p1a: Cinderace|0 fnt
|-unboost|p2a: Zamazenta|def|1
|-unboost|p2a: Zamazenta|spd|1
|faint|p1a: Cinderace
|
|win|pigperfect9831
|raw|slinledieuvivant's rating: 1646 &rarr; <strong>1622</strong><br />(-24 for losing)
|raw|pigperfect9831's rating: 1572 &rarr; <strong>1596</strong><br />(+24 for winning)
|l|☆pigperfect9831
|player|p2|
|l|☆slinledieuvivant
|player|p1|
|l| tourmynutz
