|html|<div class="broadcast-blue"><strong>[Gen 9] OU is currently suspecting Tera Blast! For information on how to participate check out the <a href="https://www.smogon.com/tools/suspects/view/200">suspect thread</a>.</strong></div>
|j|☆soulcritic51
|j|‽RissyL
|t:|1776059672
|gametype|singles
|player|p1|soulcritic51|1|1207
|player|p2|RissyL|skyla|1144
|gen|9
|tier|[Gen 9] OU
|rated|
|rule|HP Percentage Mod: HP is shown in percentages
|rule|Endless Battle Clause: Forcing endless battles is banned
|rule|Species Clause: Limit one of each Pokémon
|rule|OHKO Clause: OHKO moves are banned
|rule|Evasion Items Clause: Evasion items are banned
|rule|Evasion Moves Clause: Evasion moves are banned
|rule|Evasion Abilities Clause: Evasion abilities are banned
|rule|Sleep Moves Clause: Sleep-inducing moves are banned
|clearpoke
|poke|p1|Zapdos|
|poke|p1|Heatran, F|
|poke|p1|Rillaboom, M|
|poke|p1|Walking Wake|
|poke|p1|Gholdengo|
|poke|p1|Tyranitar, F|
|poke|p2|Lokix, M|
|poke|p2|Lucario, F|
|poke|p2|Regidrago|
|poke|p2|Volcanion|
|poke|p2|Zapdos-Galar|
|poke|p2|Oricorio-Sensu, M|
|teampreview
|inactive|Battle timer is ON: inactive players will automatically lose when time's up. (requested by RissyL)
|
|t:|1776059685
|teamsize|p1|6
|teamsize|p2|6
|start
|switch|p1a: Rillaboom|Rillaboom, M, shiny|100/100
|switch|p2a: Regidrago|Regidrago|100/100
|-fieldstart|move: Grassy Terrain|[from] ability: Grassy Surge|[of] p1a: Rillaboom
|turn|1
|
|t:|1776059693
|switch|p2a: Oricorio|Oricorio-Sensu, M|100/100
|move|p1a: Rillaboom|Swords Dance|p1a: Rillaboom
|-boost|p1a: Rillaboom|atk|2
|-enditem|p2a: Oricorio|Mirror Herb
|-boost|p2a: Oricorio|atk|2|[from] item: Mirror Herb
|-activate|p2a: Oricorio|ability: Dancer
|move|p2a: Oricorio|Swords Dance|p2a: Oricorio|[from] ability: Dancer
|-boost|p2a: Oricorio|atk|2
|
|upkeep
|turn|2
|inactive|soulcritic51 has 120 seconds left.
|
|t:|1776059723
|switch|p1a: Heatran|Heatran, F, shiny|100/100
|move|p2a: Oricorio|Air Slash|p1a: Heatran
|-resisted|p1a: Heatran
|-damage|p1a: Heatran|85/100
|
|-heal|p1a: Heatran|91/100|[from] Grassy Terrain
|-heal|p1a: Heatran|97/100|[from] item: Leftovers
|upkeep
|turn|3
|inactive|soulcritic51 has 120 seconds left.
|
|t:|1776059737
|move|p2a: Oricorio|Revelation Dance|p1a: Heatran
|-damage|p1a: Heatran|56/100
|move|p1a: Heatran|Stealth Rock|p2a: Oricorio
|-sidestart|p2: RissyL|move: Stealth Rock
|
|-heal|p1a: Heatran|62/100|[from] Grassy Terrain
|-heal|p1a: Heatran|69/100|[from] item: Leftovers
|upkeep
|turn|4
|inactive|soulcritic51 has 120 seconds left.
|
|t:|1776059747
|switch|p1a: Zapdos|Zapdos|100/100
|move|p2a: Oricorio|Defog|p1a: Zapdos
|-unboost|p1a: Zapdos|evasion|1
|-sideend|p2: RissyL|Stealth Rock|[from] move: Defog|[of] p2a: Oricorio
|-fieldend|move: Grassy Terrain
|
|upkeep
|turn|5
|inactive|soulcritic51 has 120 seconds left.
|
|t:|1776059768
|switch|p2a: Lucario|Lucario, F|100/100
|move|p1a: Zapdos|Thunder|p2a: Lucario
|-damage|p2a: Lucario|24/100
|-status|p2a: Lucario|par
|
|upkeep
|turn|6
|inactive|soulcritic51 has 120 seconds left.
|
|t:|1776059783
|move|p1a: Zapdos|Heat Wave|p2a: Lucario
|-supereffective|p2a: Lucario
|-damage|p2a: Lucario|0 fnt
|faint|p2a: Lucario
|
|upkeep
|
|t:|1776059790
|switch|p2a: Regidrago|Regidrago|100/100
|turn|7
|inactive|soulcritic51 has 120 seconds left.
|
|t:|1776059808
|switch|p1a: Heatran|Heatran, F, shiny|69/100
|-terastallize|p2a: Regidrago|Dragon
|move|p2a: Regidrago|Dragon Energy|p1a: Heatran
|-resisted|p1a: Heatran
|-damage|p1a: Heatran|11/100
|
|-heal|p1a: Heatran|18/100|[from] item: Leftovers
|upkeep
|turn|8
|inactive|soulcritic51 has 120 seconds left.
|
|t:|1776059820
|move|p2a: Regidrago|Dragon Energy|p1a: Heatran
|-resisted|p1a: Heatran
|-damage|p1a: Heatran|0 fnt
|faint|p1a: Heatran
|
|upkeep
|
|t:|1776059828
|switch|p1a: Tyranitar|Tyranitar, F, shiny|100/100
|-weather|Sandstorm|[from] ability: Sand Stream|[of] p1a: Tyranitar
|turn|9
|inactive|soulcritic51 has 120 seconds left.
|
|t:|1776059835
|move|p2a: Regidrago|Dragon Energy|p1a: Tyranitar
|-damage|p1a: Tyranitar|18/100
|move|p1a: Tyranitar|Ice Punch|p2a: Regidrago
|-supereffective|p2a: Regidrago
|-damage|p2a: Regidrago|0 fnt
|faint|p2a: Regidrago
|
|-weather|Sandstorm|[upkeep]
|upkeep
|
|t:|1776059846
|switch|p2a: Lokix|Lokix, M|100/100
|turn|10
|inactive|soulcritic51 has 120 seconds left.
|
|t:|1776059876
|switch|p1a: Zapdos|Zapdos|100/100
|move|p2a: Lokix|U-turn|p1a: Zapdos
|-resisted|p1a: Zapdos
|-damage|p1a: Zapdos|43/100
|-damage|p2a: Lokix|91/100|[from] item: Life Orb
|
|t:|1776059885
|switch|p2a: Volcanion|Volcanion|100/100|[from] U-turn
|
|-weather|Sandstorm|[upkeep]
|-damage|p1a: Zapdos|37/100|[from] Sandstorm
|-damage|p2a: Volcanion|94/100|[from] Sandstorm
|upkeep
|turn|11
|
|t:|1776059899
|move|p1a: Zapdos|Thunder|p2a: Volcanion
|-supereffective|p2a: Volcanion
|-damage|p2a: Volcanion|0 fnt
|faint|p2a: Volcanion
|
|-weather|Sandstorm|[upkeep]
|-damage|p1a: Zapdos|30/100|[from] Sandstorm
|upkeep
|
|t:|1776059908
|switch|p2a: Lokix|Lokix, M|91/100
|turn|12
|inactive|soulcritic51 has 120 seconds left.
|
|t:|1776059915
|move|p2a: Lokix|First Impression|p1a: Zapdos
|-resisted|p1a: Zapdos
|-damage|p1a: Zapdos|0 fnt
|-status|p2a: Lokix|par|[from] ability: Static|[of] p1a: Zapdos
|faint|p1a: Zapdos
|-damage|p2a: Lokix|81/100 par|[from] item: Life Orb
|
|-weather|Sandstorm|[upkeep]
|-damage|p2a: Lokix|75/100 par|[from] Sandstorm
|upkeep
|inactive|soulcritic51 has 120 seconds left.
|
|t:|1776059936
|switch|p1a: Gholdengo|Gholdengo|100/100
|-item|p1a: Gholdengo|Air Balloon
|turn|13
|
|t:|1776059947
|move|p2a: Lokix|Sucker Punch|p1a: Gholdengo
|-supereffective|p1a: Gholdengo
|-damage|p1a: Gholdengo|36/100
|-enditem|p1a: Gholdengo|Air Balloon
|-damage|p2a: Lokix|65/100 par|[from] item: Life Orb
|move|p1a: Gholdengo|Hex|p2a: Lokix
|-resisted|p2a: Lokix
|-damage|p2a: Lokix|6/100 par
|
|-weather|none
|upkeep
|turn|14
|
|t:|1776059959
|move|p2a: Lokix|Sucker Punch||[still]
|-fail|p2a: Lokix
|move|p1a: Gholdengo|Recover|p1a: Gholdengo
|-heal|p1a: Gholdengo|86/100
|
|upkeep
|turn|15
|
|t:|1776059967
|move|p2a: Lokix|Sucker Punch|p1a: Gholdengo
|-supereffective|p1a: Gholdengo
|-damage|p1a: Gholdengo|26/100
|-damage|p2a: Lokix|0 fnt|[from] item: Life Orb
|faint|p2a: Lokix
|move|p1a: Gholdengo|Hex|p2: Lokix|[notarget]
|-fail|p1a: Gholdengo
|
|upkeep
|
|t:|1776059975
|switch|p2a: Oricorio|Oricorio-Sensu, M|100/100
|turn|16
|inactive|soulcritic51 has 120 seconds left.
|
|t:|1776059981
|move|p2a: Oricorio|Quiver Dance|p2a: Oricorio
|-boost|p2a: Oricorio|spa|1
|-boost|p2a: Oricorio|spd|1
|-boost|p2a: Oricorio|spe|1
|move|p1a: Gholdengo|Recover|p1a: Gholdengo
|-heal|p1a: Gholdengo|76/100
|
|upkeep
|turn|17
|inactive|soulcritic51 has 120 seconds left.
|
|t:|1776059992
|-terastallize|p1a: Gholdengo|Fairy
|move|p2a: Oricorio|Revelation Dance|p1a: Gholdengo
|-damage|p1a: Gholdengo|18/100
|move|p1a: Gholdengo|Thunder Wave|p2a: Oricorio
|-status|p2a: Oricorio|par
|
|upkeep
|turn|18
|inactive|soulcritic51 has 120 seconds left.
|
|t:|1776060003
|move|p1a: Gholdengo|Hex|p2a: Oricorio
|-supereffective|p2a: Oricorio
|-damage|p2a: Oricorio|0 fnt
|faint|p2a: Oricorio
|
|upkeep
|
|t:|1776060009
|switch|p2a: Zapdos|Zapdos-Galar|100/100
|turn|19
|
|t:|1776060022
|move|p2a: Zapdos|Close Combat|p1a: Gholdengo
|-resisted|p1a: Gholdengo
|-damage|p1a: Gholdengo|0 fnt
|-unboost|p2a: Zapdos|def|1
|-unboost|p2a: Zapdos|spd|1
|faint|p1a: Gholdengo
|
|upkeep
|inactive|soulcritic51 has 120 seconds left.
|
|t:|1776060037
|switch|p1a: Walking Wake|Walking Wake|100/100
|turn|20
|
|t:|1776060043
|move|p1a: Walking Wake|Surf|p2a: Zapdos
|-damage|p2a: Zapdos|22/100
|move|p2a: Zapdos|Close Combat|p1a: Walking Wake
|-damage|p1a: Walking Wake|0 fnt
|-unboost|p2a: Zapdos|def|1
|-unboost|p2a: Zapdos|spd|1
|faint|p1a: Walking Wake
|-end|p1a: Walking Wake|Protosynthesis|[silent]
|
|upkeep
|
|t:|1776060052
|switch|p1a: Rillaboom|Rillaboom, M, shiny|100/100
|-fieldstart|move: Grassy Terrain|[from] ability: Grassy Surge|[of] p1a: Rillaboom
|turn|21
|
|t:|1776060058
|move|p1a: Rillaboom|Grassy Glide|p2a: Zapdos
|-resisted|p2a: Zapdos
|-damage|p2a: Zapdos|0 fnt
|faint|p2a: Zapdos
|-damage|p1a: Rillaboom|91/100|[from] item: Life Orb
|
|win|soulcritic51
|raw|soulcritic51's rating: 1207 &rarr; <strong>1228</strong><br />(+21 for winning)
|raw|RissyL's rating: 1144 &rarr; <strong>1123</strong><br />(-21 for losing)
|l|‽RissyL
|player|p2|
|l|☆soulcritic51
|player|p1|
