|html|<div class="broadcast-blue"><strong>[Gen 9] OU is currently suspecting Tera Blast! For information on how to participate check out the <a href="https://www.smogon.com/tools/suspects/view/200">suspect thread</a>.</strong></div>
|badge|p2|bronze|gen9ou|100-9
|uhtml|medal-msg|<div class="broadcast-blue">Curious what those medals under the avatar are? PS now has Ladder Seasons! For more information, check out the <a href="https://www.smogon.com/forums/threads/3740067/">thread on Smogon.</a></div>
|j|☆Blastoise_Choice
|j|☆hypervortex7
|t:|1776109366
|gametype|singles
|player|p1|Blastoise_Choice|benga|1758
|player|p2|hypervortex7|gentleman-gen4dp|1868
|gen|9
|tier|[Gen 9] OU
|rated|
|rule|HP Percentage Mod: HP is shown in percentages
|rule|Endless Battle Clause: Forcing endless battles is banned
|rule|Species Clause: Limit one of each Pokémon
|rule|OHKO Clause: OHKO moves are banned
|rule|Evasion Items Clause: Evasion items are banned
|rule|Evasion Moves Clause: Evasion moves are banned
|rule|Evasion Abilities Clause: Evasion abilities are banned
|rule|Sleep Moves Clause: Sleep-inducing moves are banned
|clearpoke
|poke|p1|Garganacl, F|
|poke|p1|Darkrai|
|poke|p1|Great Tusk|
|poke|p1|Hatterene, F|
|poke|p1|Tornadus-Therian, M|
|poke|p1|Dragonite, M|
|poke|p2|Corviknight, M|
|poke|p2|Dragonite, M|
|poke|p2|Scizor, M|
|poke|p2|Iron Moth|
|poke|p2|Greninja-*, M|
|poke|p2|Zamazenta-*|
|teampreview
|c|☆Blastoise_Choice|hf
|inactive|Battle timer is ON: inactive players will automatically lose when time's up. (requested by Blastoise_Choice)
|c|☆hypervortex7|u3
|c|☆hypervortex7|u2
|
|t:|1776109405
|teamsize|p1|6
|teamsize|p2|6
|start
|switch|p1a: Garganacl|Garganacl, F|100/100
|switch|p2a: Dragonite|Dragonite, M|100/100
|turn|1
|
|t:|1776109411
|move|p2a: Dragonite|Earthquake|p1a: Garganacl
|-supereffective|p1a: Garganacl
|-damage|p1a: Garganacl|48/100
|move|p1a: Garganacl|Salt Cure|p2a: Dragonite
|-supereffective|p2a: Dragonite
|-damage|p2a: Dragonite|86/100
|-start|p2a: Dragonite|Salt Cure
|
|-heal|p1a: Garganacl|54/100|[from] item: Leftovers
|-damage|p2a: Dragonite|73/100|[from] Salt Cure
|upkeep
|turn|2
|
|t:|1776109419
|move|p2a: Dragonite|Dragon Dance|p2a: Dragonite
|-boost|p2a: Dragonite|atk|1
|-boost|p2a: Dragonite|spe|1
|move|p1a: Garganacl|Recover|p1a: Garganacl
|-heal|p1a: Garganacl|100/100
|
|-damage|p2a: Dragonite|61/100|[from] Salt Cure
|upkeep
|turn|3
|
|t:|1776109425
|move|p2a: Dragonite|Outrage|p1a: Garganacl
|-damage|p1a: Garganacl|32/100
|move|p1a: Garganacl|Salt Cure|p2a: Dragonite
|-supereffective|p2a: Dragonite
|-damage|p2a: Dragonite|33/100
|
|-heal|p1a: Garganacl|38/100|[from] item: Leftovers
|-damage|p2a: Dragonite|20/100|[from] Salt Cure
|upkeep
|turn|4
|
|t:|1776109430
|switch|p1a: Hatterene|Hatterene, F|100/100
|move|p2a: Dragonite|Outrage|p1a: Hatterene|[from] lockedmove
|-immune|p1a: Hatterene
|
|-damage|p2a: Dragonite|8/100|[from] Salt Cure
|upkeep
|turn|5
|
|t:|1776109434
|move|p2a: Dragonite|Earthquake|p1a: Hatterene
|-damage|p1a: Hatterene|51/100
|move|p1a: Hatterene|Future Sight|p2a: Dragonite
|-start|p1a: Hatterene|move: Future Sight
|
|-damage|p2a: Dragonite|0 fnt|[from] Salt Cure
|faint|p2a: Dragonite
|upkeep
|
|t:|1776109439
|switch|p2a: Scizor|Scizor, M|100/100
|turn|6
|
|t:|1776109445
|switch|p1a: Dragonite|Dragonite, M|100/100
|move|p2a: Scizor|Swords Dance|p2a: Scizor
|-boost|p2a: Scizor|atk|2
|
|upkeep
|turn|7
|j| RicketyDuck
|
|t:|1776109451
|move|p2a: Scizor|Bullet Punch|p1a: Dragonite
|-crit|p1a: Dragonite
|-damage|p1a: Dragonite|33/100
|-damage|p2a: Scizor|91/100|[from] item: Life Orb
|move|p1a: Dragonite|Earthquake|p2a: Scizor
|-damage|p2a: Scizor|52/100
|
|-end|p2a: Scizor|move: Future Sight
|-resisted|p2a: Scizor
|-damage|p2a: Scizor|18/100
|upkeep
|turn|8
|
|t:|1776109459
|move|p1a: Dragonite|Extreme Speed|p2a: Scizor
|-resisted|p2a: Scizor
|-damage|p2a: Scizor|1/100
|move|p2a: Scizor|Bullet Punch|p1a: Dragonite
|-damage|p1a: Dragonite|0 fnt
|faint|p1a: Dragonite
|-damage|p2a: Scizor|0 fnt|[from] item: Life Orb
|faint|p2a: Scizor
|
|upkeep
|
|t:|1776109465
|switch|p1a: Darkrai|Darkrai|100/100
|switch|p2a: Iron Moth|Iron Moth|100/100
|-enditem|p2a: Iron Moth|Booster Energy
|-activate|p2a: Iron Moth|ability: Quark Drive|[fromitem]
|-start|p2a: Iron Moth|quarkdrivespa
|turn|9
|
|t:|1776109471
|move|p1a: Darkrai|Dark Pulse|p2a: Iron Moth
|-damage|p2a: Iron Moth|35/100
|move|p2a: Iron Moth|Sludge Wave|p1a: Darkrai
|-damage|p1a: Darkrai|12/100
|
|upkeep
|turn|10
|
|t:|1776109482
|-end|p2a: Iron Moth|Quark Drive|[silent]
|switch|p2a: Zamazenta|Zamazenta|100/100
|-ability|p2a: Zamazenta|Dauntless Shield|boost
|-boost|p2a: Zamazenta|def|1
|move|p1a: Darkrai|Dark Pulse|p2a: Zamazenta
|-resisted|p2a: Zamazenta
|-damage|p2a: Zamazenta|72/100
|
|-heal|p2a: Zamazenta|78/100|[from] item: Leftovers
|upkeep
|turn|11
|
|t:|1776109489
|switch|p1a: Hatterene|Hatterene, F|51/100
|switch|p2a: Iron Moth|Iron Moth|35/100
|
|upkeep
|turn|12
|
|t:|1776109495
|switch|p1a: Garganacl|Garganacl, F|38/100
|move|p2a: Iron Moth|Sludge Wave|p1a: Garganacl
|-resisted|p1a: Garganacl
|-damage|p1a: Garganacl|21/100
|
|-heal|p1a: Garganacl|27/100|[from] item: Leftovers
|upkeep
|turn|13
|
|t:|1776109502
|move|p2a: Iron Moth|Energy Ball|p1a: Garganacl
|-supereffective|p1a: Garganacl
|-damage|p1a: Garganacl|0 fnt
|faint|p1a: Garganacl
|
|upkeep
|
|t:|1776109509
|switch|p1a: Tornadus|Tornadus-Therian, M, shiny|100/100
|turn|14
|
|t:|1776109515
|move|p1a: Tornadus|Bleakwind Storm|p2a: Iron Moth
|-damage|p2a: Iron Moth|0 fnt
|faint|p2a: Iron Moth
|-end|p2a: Iron Moth|Quark Drive|[silent]
|
|upkeep
|
|t:|1776109518
|switch|p2a: Zamazenta|Zamazenta|78/100
|turn|15
|
|t:|1776109525
|move|p1a: Tornadus|Bleakwind Storm|p2a: Zamazenta
|-supereffective|p2a: Zamazenta
|-damage|p2a: Zamazenta|16/100
|-unboost|p2a: Zamazenta|spe|1
|move|p2a: Zamazenta|Crunch|p1a: Tornadus
|-crit|p1a: Tornadus
|-damage|p1a: Tornadus|62/100
|
|-heal|p2a: Zamazenta|22/100|[from] item: Leftovers
|upkeep
|turn|16
|
|t:|1776109532
|move|p1a: Tornadus|U-turn|p2a: Zamazenta
|-resisted|p2a: Zamazenta
|-damage|p2a: Zamazenta|18/100
|
|t:|1776109539
|switch|p1a: Hatterene|Hatterene, F|51/100|[from] U-turn
|move|p2a: Zamazenta|Crunch|p1a: Hatterene
|-damage|p1a: Hatterene|34/100
|-unboost|p1a: Hatterene|def|1
|-damage|p2a: Zamazenta|1/100|[from] item: Rocky Helmet|[of] p1a: Hatterene
|
|-heal|p2a: Zamazenta|7/100|[from] item: Leftovers
|upkeep
|turn|17
|
|t:|1776109545
|switch|p1a: Tornadus|Tornadus-Therian, M, shiny|95/100
|move|p2a: Zamazenta|Crunch|p1a: Tornadus
|-damage|p1a: Tornadus|69/100
|
|-heal|p2a: Zamazenta|13/100|[from] item: Leftovers
|upkeep
|turn|18
|
|t:|1776109551
|move|p1a: Tornadus|Heat Wave|p2a: Zamazenta
|-damage|p2a: Zamazenta|0 fnt
|faint|p2a: Zamazenta
|
|upkeep
|
|t:|1776109553
|switch|p2a: Greninja|Greninja, M|100/100
|turn|19
|
|t:|1776109559
|move|p1a: Tornadus|U-turn|p2a: Greninja
|-supereffective|p2a: Greninja
|-damage|p2a: Greninja|54/100
|
|t:|1776109567
|switch|p1a: Darkrai|Darkrai|12/100|[from] U-turn
|move|p2a: Greninja|Ice Beam|p1a: Darkrai
|-damage|p1a: Darkrai|0 fnt
|faint|p1a: Darkrai
|-ability|p2a: Greninja|Battle Bond|boost
|-boost|p2a: Greninja|atk|1
|-boost|p2a: Greninja|spa|1
|-boost|p2a: Greninja|spe|1
|-activate|p2a: Greninja|ability: Battle Bond
|
|upkeep
|
|t:|1776109574
|switch|p1a: Tornadus|Tornadus-Therian, M, shiny|100/100
|turn|20
|
|t:|1776109580
|-terastallize|p2a: Greninja|Water
|-terastallize|p1a: Tornadus|Fairy
|move|p2a: Greninja|Water Shuriken|p1a: Tornadus
|-damage|p1a: Tornadus|90/100
|-damage|p1a: Tornadus|80/100
|-damage|p1a: Tornadus|69/100
|-damage|p1a: Tornadus|59/100
|-damage|p1a: Tornadus|48/100
|-hitcount|p1a: Tornadus|5
|move|p1a: Tornadus|Bleakwind Storm|p2a: Greninja
|-damage|p2a: Greninja|0 fnt
|faint|p2a: Greninja
|
|upkeep
|
|t:|1776109582
|switch|p2a: Corviknight|Corviknight, M|100/100
|turn|21
|
|t:|1776109588
|move|p1a: Tornadus|Heat Wave|p2a: Corviknight
|-supereffective|p2a: Corviknight
|-damage|p2a: Corviknight|67/100
|move|p2a: Corviknight|Agility|p2a: Corviknight
|-boost|p2a: Corviknight|spe|2
|
|-heal|p2a: Corviknight|73/100|[from] item: Leftovers
|upkeep
|turn|22
|
|t:|1776109596
|move|p2a: Corviknight|Bulk Up|p2a: Corviknight
|-boost|p2a: Corviknight|atk|1
|-boost|p2a: Corviknight|def|1
|move|p1a: Tornadus|Knock Off|p2a: Corviknight
|-damage|p2a: Corviknight|61/100
|-enditem|p2a: Corviknight|Leftovers|[from] move: Knock Off|[of] p1a: Tornadus
|
|upkeep
|turn|23
|
|t:|1776109602
|move|p2a: Corviknight|Bulk Up|p2a: Corviknight
|-boost|p2a: Corviknight|atk|1
|-boost|p2a: Corviknight|def|1
|move|p1a: Tornadus|U-turn|p2a: Corviknight
|-resisted|p2a: Corviknight
|-damage|p2a: Corviknight|60/100
|
|t:|1776109609
|switch|p1a: Great Tusk|Great Tusk|100/100|[from] U-turn
|-enditem|p1a: Great Tusk|Booster Energy
|-activate|p1a: Great Tusk|ability: Protosynthesis|[fromitem]
|-start|p1a: Great Tusk|protosynthesisatk
|
|upkeep
|turn|24
|
|t:|1776109615
|move|p2a: Corviknight|Bulk Up|p2a: Corviknight
|-boost|p2a: Corviknight|atk|1
|-boost|p2a: Corviknight|def|1
|move|p1a: Great Tusk|Close Combat|p2a: Corviknight
|-damage|p2a: Corviknight|33/100
|-unboost|p1a: Great Tusk|def|1
|-unboost|p1a: Great Tusk|spd|1
|
|upkeep
|turn|25
|
|t:|1776109625
|-end|p1a: Great Tusk|Protosynthesis|[silent]
|switch|p1a: Hatterene|Hatterene, F|34/100
|move|p2a: Corviknight|Bulk Up|p2a: Corviknight
|-boost|p2a: Corviknight|atk|1
|-boost|p2a: Corviknight|def|1
|
|upkeep
|turn|26
|
|t:|1776109631
|switch|p1a: Tornadus|Tornadus-Therian, M, shiny, tera:Fairy|82/100
|move|p2a: Corviknight|Roost|p2a: Corviknight
|-heal|p2a: Corviknight|83/100
|-singleturn|p2a: Corviknight|move: Roost
|
|upkeep
|turn|27
|
|t:|1776109634
|switch|p1a: Hatterene|Hatterene, F|34/100
|move|p2a: Corviknight|Power Trip|p1a: Hatterene
|-crit|p1a: Hatterene
|-damage|p1a: Hatterene|0 fnt
|-damage|p2a: Corviknight|66/100|[from] item: Rocky Helmet|[of] p1a: Hatterene
|faint|p1a: Hatterene
|
|upkeep
|
|t:|1776109638
|switch|p1a: Tornadus|Tornadus-Therian, M, shiny, tera:Fairy|100/100
|turn|28
|
|t:|1776109641
|move|p2a: Corviknight|Power Trip|p1a: Tornadus
|-resisted|p1a: Tornadus
|-damage|p1a: Tornadus|25/100
|move|p1a: Tornadus|Heat Wave|p2a: Corviknight
|-supereffective|p2a: Corviknight
|-damage|p2a: Corviknight|30/100
|
|upkeep
|turn|29
|
|t:|1776109646
|move|p2a: Corviknight|Roost|p2a: Corviknight
|-heal|p2a: Corviknight|80/100
|-singleturn|p2a: Corviknight|move: Roost
|move|p1a: Tornadus|Heat Wave|p2a: Corviknight
|-supereffective|p2a: Corviknight
|-damage|p2a: Corviknight|44/100
|
|upkeep
|turn|30
|
|t:|1776109651
|move|p2a: Corviknight|Roost|p2a: Corviknight
|-heal|p2a: Corviknight|94/100
|-singleturn|p2a: Corviknight|move: Roost
|move|p1a: Tornadus|Heat Wave|p2a: Corviknight
|-supereffective|p2a: Corviknight
|-damage|p2a: Corviknight|56/100
|
|upkeep
|turn|31
|
|t:|1776109655
|switch|p1a: Great Tusk|Great Tusk|100/100
|move|p2a: Corviknight|Power Trip|p1a: Great Tusk
|-resisted|p1a: Great Tusk
|-damage|p1a: Great Tusk|54/100
|
|upkeep
|turn|32
|
|t:|1776109659
|move|p2a: Corviknight|Bulk Up|p2a: Corviknight
|-boost|p2a: Corviknight|atk|1
|-boost|p2a: Corviknight|def|1
|move|p1a: Great Tusk|Close Combat|p2a: Corviknight
|-damage|p2a: Corviknight|40/100
|-unboost|p1a: Great Tusk|def|1
|-unboost|p1a: Great Tusk|spd|1
|
|upkeep
|turn|33
|
|t:|1776109662
|move|p2a: Corviknight|Power Trip|p1a: Great Tusk
|-resisted|p1a: Great Tusk
|-damage|p1a: Great Tusk|0 fnt
|faint|p1a: Great Tusk
|-end|p1a: Great Tusk|Protosynthesis|[silent]
|
|upkeep
|
|t:|1776109666
|switch|p1a: Tornadus|Tornadus-Therian, M, shiny, tera:Fairy|59/100
|turn|34
|
|t:|1776109670
|move|p2a: Corviknight|Power Trip|p1a: Tornadus
|-resisted|p1a: Tornadus
|-damage|p1a: Tornadus|0 fnt
|faint|p1a: Tornadus
|
|win|hypervortex7
|raw|Blastoise_Choice's rating: 1758 &rarr; <strong>1744</strong><br />(-14 for losing)
|raw|hypervortex7's rating: 1868 &rarr; <strong>1882</strong><br />(+14 for winning)
|c|☆Blastoise_Choice|gg
