|html|<div class="broadcast-blue"><strong>[Gen 9] OU is currently suspecting Tera Blast! For information on how to participate check out the <a href="https://www.smogon.com/tools/suspects/view/200">suspect thread</a>.</strong></div>
|j|☆TOXICccccccccccccc
|j|☆armaldojaleo
|t:|1776299776
|gametype|singles
|player|p1|TOXICccccccccccccc|preschooler|1264
|player|p2|armaldojaleo|bugcatcher-gen4dp|1252
|gen|9
|tier|[Gen 9] OU
|rated|
|rule|HP Percentage Mod: HP is shown in percentages
|rule|Endless Battle Clause: Forcing endless battles is banned
|rule|Species Clause: Limit one of each Pokémon
|rule|OHKO Clause: OHKO moves are banned
|rule|Evasion Items Clause: Evasion items are banned
|rule|Evasion Moves Clause: Evasion moves are banned
|rule|Evasion Abilities Clause: Evasion abilities are banned
|rule|Sleep Moves Clause: Sleep-inducing moves are banned
|clearpoke
|poke|p1|Glimmora, M|
|poke|p1|Salazzle, F|
|poke|p1|Pecharunt|
|poke|p1|Alomomola, F|
|poke|p1|Samurott-Hisui, M|
|poke|p1|Garchomp, M|
|poke|p2|Zoroark-Hisui, F|
|poke|p2|Lilligant-Hisui, F|
|poke|p2|Ceruledge, M|
|poke|p2|Torkoal, F|
|poke|p2|Walking Wake|
|poke|p2|Landorus-Therian, M|
|teampreview
|inactive|Battle timer is ON: inactive players will automatically lose when time's up. (requested by TOXICccccccccccccc)
|
|t:|1776299802
|teamsize|p1|6
|teamsize|p2|6
|start
|switch|p1a: Glimmora|Glimmora, M|100/100
|switch|p2a: Lilligant|Lilligant-Hisui, F|100/100
|turn|1
|
|t:|1776299808
|switch|p1a: Pecharunt|Pecharunt|100/100
|-item|p1a: Pecharunt|Air Balloon
|move|p2a: Lilligant|Focus Blast|p1a: Pecharunt
|-immune|p1a: Pecharunt
|
|upkeep
|turn|2
|
|t:|1776299841
|switch|p2a: Landorus|Landorus-Therian, M|100/100
|-ability|p2a: Landorus|Intimidate|boost
|-unboost|p1a: Pecharunt|atk|1
|switch|p1a: Samurott|Samurott-Hisui, M|100/100
|
|upkeep
|turn|3
|inactive|armaldojaleo has 120 seconds left.
|
|t:|1776299859
|move|p1a: Samurott|Flip Turn|p2a: Landorus
|-supereffective|p2a: Landorus
|-damage|p2a: Landorus|39/100
|
|t:|1776299861
|switch|p1a: Alomomola|Alomomola, F|100/100|[from] Flip Turn
|move|p2a: Landorus|U-turn|p1a: Alomomola
|-damage|p1a: Alomomola|87/100
|inactive|armaldojaleo has 120 seconds left.
|
|t:|1776299878
|switch|p2a: Lilligant|Lilligant-Hisui, F|100/100|[from] U-turn
|
|upkeep
|turn|4
|inactive|armaldojaleo has 120 seconds left.
|
|t:|1776299884
|move|p1a: Alomomola|Protect|p1a: Alomomola
|-singleturn|p1a: Alomomola|Protect
|move|p2a: Lilligant|Solar Blade||[still]
|-prepare|p2a: Lilligant|Solar Blade
|
|upkeep
|turn|5
|
|t:|1776299892
|switch|p1a: Salazzle|Salazzle, F|100/100
|move|p2a: Lilligant|Solar Blade|p1a: Salazzle|[from] lockedmove
|-resisted|p1a: Salazzle
|-damage|p1a: Salazzle|71/100
|-damage|p2a: Lilligant|91/100|[from] item: Life Orb
|
|-heal|p1a: Salazzle|78/100|[from] item: Leftovers
|upkeep
|turn|6
|inactive|armaldojaleo has 120 seconds left.
|
|t:|1776299928
|switch|p2a: Ceruledge|Ceruledge, M|100/100
|move|p1a: Salazzle|Toxic|p2a: Ceruledge
|-status|p2a: Ceruledge|tox
|
|-heal|p1a: Salazzle|84/100|[from] item: Leftovers
|-damage|p2a: Ceruledge|94/100 tox|[from] psn
|upkeep
|turn|7
|
|t:|1776299941
|move|p1a: Salazzle|Substitute|p1a: Salazzle
|-start|p1a: Salazzle|Substitute
|-damage|p1a: Salazzle|59/100
|move|p2a: Ceruledge|Swords Dance|p2a: Ceruledge
|-boost|p2a: Ceruledge|atk|2
|
|-heal|p1a: Salazzle|65/100|[from] item: Leftovers
|-damage|p2a: Ceruledge|82/100 tox|[from] psn
|upkeep
|turn|8
|
|t:|1776299952
|move|p1a: Salazzle|Encore|p2a: Ceruledge
|-start|p2a: Ceruledge|Encore
|move|p2a: Ceruledge|Swords Dance|p2a: Ceruledge
|-boost|p2a: Ceruledge|atk|2
|
|-heal|p1a: Salazzle|71/100|[from] item: Leftovers
|-damage|p2a: Ceruledge|63/100 tox|[from] psn
|upkeep
|turn|9
|inactive|armaldojaleo has 90 seconds left.
|
|t:|1776299991
|switch|p1a: Glimmora|Glimmora, M|100/100
|switch|p2a: Landorus|Landorus-Therian, M|39/100
|-ability|p2a: Landorus|Intimidate|boost
|-unboost|p1a: Glimmora|atk|1
|
|upkeep
|turn|10
|
|t:|1776300000
|-terastallize|p1a: Glimmora|Bug
|move|p2a: Landorus|Earthquake|p1a: Glimmora
|-resisted|p1a: Glimmora
|-damage|p1a: Glimmora|73/100
|move|p1a: Glimmora|Toxic Spikes|p2a: Landorus
|-sidestart|p2: armaldojaleo|move: Toxic Spikes
|
|-heal|p1a: Glimmora|80/100|[from] item: Leftovers
|upkeep
|turn|11
|inactive|armaldojaleo has 90 seconds left.
|
|t:|1776300010
|move|p2a: Landorus|Rock Tomb|p1a: Glimmora
|-supereffective|p1a: Glimmora
|-damage|p1a: Glimmora|35/100
|-unboost|p1a: Glimmora|spe|1
|move|p1a: Glimmora|Toxic Spikes|p2a: Landorus
|-sidestart|p2: armaldojaleo|move: Toxic Spikes
|
|-heal|p1a: Glimmora|42/100|[from] item: Leftovers
|upkeep
|turn|12
|inactive|armaldojaleo has 90 seconds left.
|
|t:|1776300020
|switch|p1a: Alomomola|Alomomola, F|100/100
|move|p2a: Landorus|U-turn|p1a: Alomomola
|-damage|p1a: Alomomola|85/100
|inactive|armaldojaleo has 90 seconds left.
|
|t:|1776300026
|switch|p2a: Torkoal|Torkoal, F|100/100|[from] U-turn
|-weather|SunnyDay|[from] ability: Drought|[of] p2a: Torkoal
|
|-weather|SunnyDay|[upkeep]
|upkeep
|turn|13
|
|t:|1776300034
|switch|p1a: Pecharunt|Pecharunt|100/100
|-item|p1a: Pecharunt|Air Balloon
|move|p2a: Torkoal|Rapid Spin|p1a: Pecharunt
|-immune|p1a: Pecharunt
|
|-weather|SunnyDay|[upkeep]
|upkeep
|turn|14
|
|t:|1776300042
|move|p1a: Pecharunt|Malignant Chain|p2a: Torkoal
|-damage|p2a: Torkoal|61/100
|move|p2a: Torkoal|Will-O-Wisp|p1a: Pecharunt|[miss]
|-miss|p2a: Torkoal|p1a: Pecharunt
|
|-weather|SunnyDay|[upkeep]
|upkeep
|turn|15
|
|t:|1776300048
|move|p1a: Pecharunt|Malignant Chain|p2a: Torkoal
|-damage|p2a: Torkoal|22/100
|move|p2a: Torkoal|Will-O-Wisp|p1a: Pecharunt
|-status|p1a: Pecharunt|brn
|
|-weather|SunnyDay|[upkeep]
|-damage|p1a: Pecharunt|94/100 brn|[from] brn
|upkeep
|turn|16
|
|t:|1776300062
|move|p1a: Pecharunt|Recover|p1a: Pecharunt
|-heal|p1a: Pecharunt|100/100 brn
|move|p2a: Torkoal|Rapid Spin|p1a: Pecharunt
|-immune|p1a: Pecharunt
|
|-weather|none
|-damage|p1a: Pecharunt|94/100 brn|[from] brn
|upkeep
|turn|17
|
|t:|1776300072
|switch|p2a: Ceruledge|Ceruledge, M|63/100 tox
|move|p1a: Pecharunt|Malignant Chain|p2a: Ceruledge
|-resisted|p2a: Ceruledge
|-damage|p2a: Ceruledge|46/100 tox
|
|-damage|p2a: Ceruledge|40/100 tox|[from] psn
|-damage|p1a: Pecharunt|88/100 brn|[from] brn
|upkeep
|turn|18
|
|t:|1776300085
|move|p1a: Pecharunt|Parting Shot|p2a: Ceruledge
|-unboost|p2a: Ceruledge|atk|1
|-unboost|p2a: Ceruledge|spa|1
|
|t:|1776300088
|switch|p1a: Alomomola|Alomomola, F|100/100|[from] Parting Shot
|move|p2a: Ceruledge|Swords Dance|p2a: Ceruledge
|-boost|p2a: Ceruledge|atk|2
|
|-damage|p2a: Ceruledge|28/100 tox|[from] psn
|upkeep
|turn|19
|
|t:|1776300100
|move|p2a: Ceruledge|Bitter Blade|p1a: Alomomola
|-resisted|p1a: Alomomola
|-damage|p1a: Alomomola|79/100
|-heal|p2a: Ceruledge|48/100 tox|[from] drain|[of] p1a: Alomomola
|-damage|p2a: Ceruledge|38/100 tox|[from] item: Life Orb
|move|p1a: Alomomola|Wish|p1a: Alomomola
|
|-damage|p2a: Ceruledge|19/100 tox|[from] psn
|upkeep
|turn|20
|
|t:|1776300113
|move|p2a: Ceruledge|Swords Dance|p2a: Ceruledge
|-boost|p2a: Ceruledge|atk|2
|move|p1a: Alomomola|Flip Turn|p2a: Ceruledge
|-supereffective|p2a: Ceruledge
|-damage|p2a: Ceruledge|0 fnt
|faint|p2a: Ceruledge
|
|t:|1776300114
|switch|p1a: Glimmora|Glimmora, M, tera:Bug|42/100|[from] Flip Turn
|
|-heal|p1a: Glimmora|100/100|[from] move: Wish|[wisher] Alomomola
|upkeep
|
|t:|1776300126
|switch|p2a: Torkoal|Torkoal, F|100/100
|-status|p2a: Torkoal|tox
|turn|21
|
|t:|1776300139
|switch|p1a: Samurott|Samurott-Hisui, M|100/100
|move|p2a: Torkoal|Flamethrower|p1a: Samurott
|-resisted|p1a: Samurott
|-damage|p1a: Samurott|77/100
|
|-damage|p2a: Torkoal|94/100 tox|[from] psn
|upkeep
|turn|22
|inactive|armaldojaleo has 120 seconds left.
|
|t:|1776300153
|switch|p2a: Torkoal|Torkoal, F|22/100
|-weather|SunnyDay|[from] ability: Drought|[of] p2a: Torkoal
|move|p1a: Samurott|Ceaseless Edge|p2a: Torkoal
|-damage|p2a: Torkoal|0 fnt
|-sidestart|p2: armaldojaleo|Spikes
|faint|p2a: Torkoal
|
|-weather|SunnyDay|[upkeep]
|upkeep
|
|t:|1776300174
|switch|p2a: Landorus|Landorus-Therian, M|39/100
|-ability|p2a: Landorus|Intimidate|boost
|-unboost|p1a: Samurott|atk|1
|turn|23
|
|t:|1776300181
|switch|p1a: Alomomola|Alomomola, F|100/100
|move|p2a: Landorus|Brick Break|p1a: Alomomola
|-damage|p1a: Alomomola|86/100
|
|-weather|SunnyDay|[upkeep]
|upkeep
|turn|24
|
|t:|1776300194
|move|p2a: Landorus|Earthquake|p1a: Alomomola
|-damage|p1a: Alomomola|53/100
|move|p1a: Alomomola|Wish|p1a: Alomomola
|
|-weather|SunnyDay|[upkeep]
|upkeep
|turn|25
|
|t:|1776300203
|move|p1a: Alomomola|Protect|p1a: Alomomola
|-singleturn|p1a: Alomomola|Protect
|move|p2a: Landorus|Earthquake|p1a: Alomomola
|-activate|p1a: Alomomola|move: Protect
|
|-weather|SunnyDay|[upkeep]
|-heal|p1a: Alomomola|100/100|[from] move: Wish|[wisher] Alomomola
|upkeep
|turn|26
|
|t:|1776300214
|move|p2a: Landorus|Earthquake|p1a: Alomomola
|-damage|p1a: Alomomola|71/100
|move|p1a: Alomomola|Wish|p1a: Alomomola
|
|-weather|none
|upkeep
|turn|27
|
|t:|1776300221
|switch|p2a: Landorus|Landorus-Therian, M|94/100 tox
|-damage|p2a: Landorus|82/100 tox|[from] Spikes
|move|p1a: Alomomola|Flip Turn|p2a: Landorus
|-damage|p2a: Landorus|54/100 tox
|replace|p2a: Zoroark|Zoroark-Hisui, F
|-end|p2a: Zoroark|Illusion
|
|t:|1776300225
|switch|p1a: Samurott|Samurott-Hisui, M|77/100|[from] Flip Turn
|
|-heal|p1a: Samurott|100/100|[from] move: Wish|[wisher] Alomomola
|-damage|p2a: Zoroark|48/100 tox|[from] psn
|upkeep
|turn|28
|
|t:|1776300234
|move|p1a: Samurott|Ceaseless Edge|p2a: Zoroark
|-supereffective|p2a: Zoroark
|-damage|p2a: Zoroark|0 fnt
|-sidestart|p2: armaldojaleo|Spikes
|faint|p2a: Zoroark
|
|upkeep
|
|t:|1776300242
|switch|p2a: Walking Wake|Walking Wake|100/100
|-status|p2a: Walking Wake|tox
|-damage|p2a: Walking Wake|84/100 tox|[from] Spikes
|turn|29
|
|t:|1776300248
|move|p1a: Samurott|Ceaseless Edge|p2a: Walking Wake
|-damage|p2a: Walking Wake|33/100 tox
|-sidestart|p2: armaldojaleo|Spikes
|move|p2a: Walking Wake|Draco Meteor|p1a: Samurott
|-damage|p1a: Samurott|0 fnt
|-unboost|p2a: Walking Wake|spa|2
|faint|p1a: Samurott
|-damage|p2a: Walking Wake|23/100 tox|[from] item: Life Orb
|
|-damage|p2a: Walking Wake|17/100 tox|[from] psn
|upkeep
|
|t:|1776300254
|switch|p1a: Alomomola|Alomomola, F|100/100
|turn|30
|
|t:|1776300268
|-end|p2a: Walking Wake|Protosynthesis|[silent]
|switch|p2a: Lilligant|Lilligant-Hisui, F|91/100
|-status|p2a: Lilligant|tox
|-damage|p2a: Lilligant|66/100 tox|[from] Spikes
|move|p1a: Alomomola|Flip Turn|p2a: Lilligant
|-resisted|p2a: Lilligant
|-damage|p2a: Lilligant|56/100 tox
|
|t:|1776300273
|switch|p1a: Pecharunt|Pecharunt|88/100 brn|[from] Flip Turn
|-item|p1a: Pecharunt|Air Balloon
|
|-damage|p2a: Lilligant|50/100 tox|[from] psn
|-damage|p1a: Pecharunt|82/100 brn|[from] brn
|upkeep
|turn|31
|
|t:|1776300284
|move|p1a: Pecharunt|Recover|p1a: Pecharunt
|-heal|p1a: Pecharunt|100/100 brn
|move|p2a: Lilligant|Ice Spinner|p1a: Pecharunt
|-damage|p1a: Pecharunt|81/100 brn
|-enditem|p1a: Pecharunt|Air Balloon
|-damage|p2a: Lilligant|40/100 tox|[from] item: Life Orb
|
|-damage|p2a: Lilligant|28/100 tox|[from] psn
|-damage|p1a: Pecharunt|75/100 brn|[from] brn
|upkeep
|turn|32
|
|t:|1776300294
|move|p1a: Pecharunt|Shadow Ball|p2a: Lilligant
|-damage|p2a: Lilligant|0 fnt
|faint|p2a: Lilligant
|
|-damage|p1a: Pecharunt|69/100 brn|[from] brn
|upkeep
|
|t:|1776300300
|switch|p2a: Walking Wake|Walking Wake|17/100 tox
|-damage|p2a: Walking Wake|0 fnt|[from] Spikes
|faint|p2a: Walking Wake
|-end|p2a: Walking Wake|Protosynthesis|[silent]
|-message|armaldojaleo forfeited.
|
|win|TOXICccccccccccccc
|raw|TOXICccccccccccccc's rating: 1264 &rarr; <strong>1288</strong><br />(+24 for winning)
|raw|armaldojaleo's rating: 1252 &rarr; <strong>1228</strong><br />(-24 for losing)
|l|☆armaldojaleo
|player|p2|
