|html|<div class="broadcast-blue"><strong>[Gen 9] OU is currently suspecting Tera Blast! For information on how to participate check out the <a href="https://www.smogon.com/tools/suspects/view/200">suspect thread</a>.</strong></div>
|j|☆Darkmaniman+Minus
|j|☆TdbT
|inactive|Battle timer is ON: inactive players will automatically lose when time's up.
|t:|1776211994
|gametype|singles
|player|p1|Darkmaniman+Minus|102|
|player|p2|TdbT|scientist-gen4|
|gen|9
|tier|[Gen 9] OU
|rated|Tournament battle
|rule|HP Percentage Mod: HP is shown in percentages
|rule|Endless Battle Clause: Forcing endless battles is banned
|rule|Species Clause: Limit one of each Pokémon
|rule|OHKO Clause: OHKO moves are banned
|rule|Evasion Items Clause: Evasion items are banned
|rule|Evasion Moves Clause: Evasion moves are banned
|rule|Evasion Abilities Clause: Evasion abilities are banned
|rule|Sleep Moves Clause: Sleep-inducing moves are banned
|clearpoke
|poke|p1|Drifblim, F|
|poke|p1|Rillaboom, M|
|poke|p1|Dragapult, F|
|poke|p1|Raging Bolt|
|poke|p1|Frosmoth, F|
|poke|p1|Landorus-Therian, M|
|poke|p2|Kingambit, M|
|poke|p2|Ursaluna, M|
|poke|p2|Raging Bolt|
|poke|p2|Araquanid, M|
|poke|p2|Hatterene, F|
|poke|p2|Deoxys-Defense|
|teampreview
|inactive|TdbT also wants the timer to be on.
|j| Tullpukuna
|j|#UnovX
|j| thegrindto2000dez
|j| luvboy202
|c|☆TdbT|hf
|j| MEMEtEam AbuSeR
|j| AbrarS
|j| i am a dirt
|c|☆Darkmaniman+Minus|u2
|j|+fulls
|c| MEMEtEam AbuSeR|;0
|inactive|Darkmaniman+Minus has 120 seconds left.
|inactive|TdbT has 120 seconds left.
|
|t:|1776212028
|teamsize|p1|6
|teamsize|p2|6
|start
|switch|p1a: Dragapult|Dragapult, F|100/100
|switch|p2a: Araquanid|Araquanid, M|100/100
|turn|1
|c| thegrindto2000dez|Gl both of ya
|j| 9hatesmurfs
|l| 9hatesmurfs
|j| Cameltony000
|
|t:|1776212043
|move|p1a: Dragapult|Dragon Darts|p2a: Araquanid
|-damage|p2a: Araquanid|59/100
|-anim|p1a: Dragapult|Dragon Darts|p2a: Araquanid
|-damage|p2a: Araquanid|21/100
|move|p2a: Araquanid|Liquidation|p1a: Dragapult
|-resisted|p1a: Dragapult
|-damage|p1a: Dragapult|26/100
|
|upkeep
|turn|2
|
|t:|1776212050
|switch|p1a: Knuckle Walker|Rillaboom, M|100/100
|-fieldstart|move: Grassy Terrain|[from] ability: Grassy Surge|[of] p1a: Knuckle Walker
|switch|p2a: Hatterene|Hatterene, F|100/100
|
|upkeep
|turn|3
|
|t:|1776212054
|move|p1a: Knuckle Walker|Knock Off|p2a: Hatterene
|-damage|p2a: Hatterene|57/100
|-enditem|p2a: Hatterene|Leftovers|[from] move: Knock Off|[of] p1a: Knuckle Walker
|move|p2a: Hatterene|Trick Room|p2a: Hatterene
|-fieldstart|move: Trick Room|[of] p2a: Hatterene
|
|-heal|p2a: Hatterene|63/100|[from] Grassy Terrain
|upkeep
|turn|4
|
|t:|1776212060
|switch|p2a: Raging Bolt|Raging Bolt|100/100
|move|p1a: Knuckle Walker|Swords Dance|p1a: Knuckle Walker
|-boost|p1a: Knuckle Walker|atk|2
|
|upkeep
|turn|5
|j| Docter_Peng99
|j| Bobod1ed
|
|t:|1776212065
|switch|p1a: Frosmoth|Frosmoth, F|100/100
|move|p2a: Raging Bolt|Dragon Pulse|p1a: Frosmoth
|-damage|p1a: Frosmoth|76/100
|
|-heal|p1a: Frosmoth|82/100|[from] Grassy Terrain
|upkeep
|turn|6
|j| Bradstarz257
|
|t:|1776212077
|move|p2a: Raging Bolt|Thunderbolt|p1a: Frosmoth
|-crit|p1a: Frosmoth
|-damage|p1a: Frosmoth|41/100
|move|p1a: Frosmoth|Bug Buzz|p2a: Raging Bolt
|-damage|p2a: Raging Bolt|69/100
|
|-heal|p2a: Raging Bolt|75/100|[from] Grassy Terrain
|-heal|p2a: Raging Bolt|81/100|[from] item: Leftovers
|-heal|p1a: Frosmoth|48/100|[from] Grassy Terrain
|upkeep
|turn|7
|
|t:|1776212089
|move|p2a: Raging Bolt|Calm Mind|p2a: Raging Bolt
|-boost|p2a: Raging Bolt|spa|1
|-boost|p2a: Raging Bolt|spd|1
|move|p1a: Frosmoth|Ice Beam|p2a: Raging Bolt
|-supereffective|p2a: Raging Bolt
|-damage|p2a: Raging Bolt|36/100
|
|-heal|p2a: Raging Bolt|42/100|[from] Grassy Terrain
|-heal|p2a: Raging Bolt|48/100|[from] item: Leftovers
|-heal|p1a: Frosmoth|54/100|[from] Grassy Terrain
|-fieldend|move: Trick Room
|upkeep
|turn|8
|
|t:|1776212093
|move|p1a: Frosmoth|Quiver Dance|p1a: Frosmoth
|-boost|p1a: Frosmoth|spa|1
|-boost|p1a: Frosmoth|spd|1
|-boost|p1a: Frosmoth|spe|1
|move|p2a: Raging Bolt|Thunderbolt|p1a: Frosmoth
|-damage|p1a: Frosmoth|26/100
|
|-heal|p1a: Frosmoth|32/100|[from] Grassy Terrain
|-heal|p2a: Raging Bolt|54/100|[from] Grassy Terrain
|-heal|p2a: Raging Bolt|60/100|[from] item: Leftovers
|upkeep
|turn|9
|j| OP Earthquakes
|l| OP Earthquakes
|
|t:|1776212104
|move|p1a: Frosmoth|Ice Beam|p2a: Raging Bolt
|-supereffective|p2a: Raging Bolt
|-crit|p2a: Raging Bolt
|-damage|p2a: Raging Bolt|0 fnt
|faint|p2a: Raging Bolt
|-end|p2a: Raging Bolt|Protosynthesis|[silent]
|
|-heal|p1a: Frosmoth|39/100|[from] Grassy Terrain
|-fieldend|move: Grassy Terrain
|upkeep
|j| DENARO SPORCO
|
|t:|1776212111
|switch|p2a: Deoxys|Deoxys-Defense|100/100
|-ability|p2a: Deoxys|Pressure
|turn|10
|l| DENARO SPORCO
|
|t:|1776212113
|move|p1a: Frosmoth|Bug Buzz|p2a: Deoxys
|-supereffective|p2a: Deoxys
|-damage|p2a: Deoxys|37/100
|move|p2a: Deoxys|Night Shade|p1a: Frosmoth
|-damage|p1a: Frosmoth|10/100
|
|upkeep
|turn|11
|c| Bobod1ed|I cant breathe without dartanian
|c| MEMEtEam AbuSeR|lol
|c|#UnovX|goatmoth
|c|☆TdbT|lol
|l| Bradstarz257
|c|☆Darkmaniman+Minus|goatmoth lebron
|j| dnite my goat3
|c|☆TdbT|no idea how my team works
|j| CloudyEJ
|c|☆TdbT|sry for shit final yall
|inactive|TdbT has 120 seconds left.
|c| MEMEtEam AbuSeR|holy moth bro
|c|☆Darkmaniman+Minus|how did you hit finals xd
|-message|TdbT forfeited.
|
|win|Darkmaniman+Minus
|n|☆Darkmaniman+Minus|darkmanimanminus
|n|☆TdbT|tdbt
|n| Tullpukuna|tullpukuna
|n|+UnovX|unovx
|n| thegrindto2000dez|thegrindto2000dez
|n| luvboy202|luvboy202
|n| MEMEtEam AbuSeR|memeteamabuser
|n| AbrarS|abrars
|n| i am a dirt|iamadirt
|n| fulls|fulls
|n| Cameltony000|cameltony000
|n| Docter_Peng99|docterpeng99
|n| Bobod1ed|bobod1ed
|n| dnite my goat3|dnitemygoat3
|n| CloudyEJ|cloudyej
