|html|<div class="broadcast-blue"><strong>[Gen 9] OU is currently suspecting Tera Blast! For information on how to participate check out the <a href="https://www.smogon.com/tools/suspects/view/200">suspect thread</a>.</strong></div>
|j|☆Machasz
|j|☆saltcurehater4
|t:|1776178086
|gametype|singles
|player|p1|Machasz|265|1595
|player|p2|saltcurehater4|2|1645
|gen|9
|tier|[Gen 9] OU
|rated|
|rule|HP Percentage Mod: HP is shown in percentages
|rule|Endless Battle Clause: Forcing endless battles is banned
|rule|Species Clause: Limit one of each Pokémon
|rule|OHKO Clause: OHKO moves are banned
|rule|Evasion Items Clause: Evasion items are banned
|rule|Evasion Moves Clause: Evasion moves are banned
|rule|Evasion Abilities Clause: Evasion abilities are banned
|rule|Sleep Moves Clause: Sleep-inducing moves are banned
|clearpoke
|poke|p1|Hippowdon, M|
|poke|p1|Excadrill, M|
|poke|p1|Garganacl, F|
|poke|p1|Skarmory, F|
|poke|p1|Sinistcha|
|poke|p1|Weavile, F|
|poke|p2|Gliscor, M|
|poke|p2|Heatran, F|
|poke|p2|Sinistcha|
|poke|p2|Corviknight, F|
|poke|p2|Tentacruel, M|
|poke|p2|Darkrai|
|teampreview
|
|t:|1776178098
|teamsize|p1|6
|teamsize|p2|6
|start
|switch|p1a: Weavile|Weavile, F, shiny|100/100
|switch|p2a: Sinistcha|Sinistcha|100/100
|-ability|p1a: Weavile|Pressure
|turn|1
|
|t:|1776178104
|switch|p2a: Corviknight|Corviknight, F|100/100
|-ability|p2a: Corviknight|Pressure
|move|p1a: Weavile|Knock Off|p2a: Corviknight
|-damage|p2a: Corviknight|73/100
|-damage|p1a: Weavile|84/100|[from] item: Rocky Helmet|[of] p2a: Corviknight
|-enditem|p2a: Corviknight|Rocky Helmet|[from] move: Knock Off|[of] p1a: Weavile
|
|upkeep
|turn|2
|
|t:|1776178121
|switch|p1a: Skarmory|Skarmory, F|100/100
|move|p2a: Corviknight|U-turn|p1a: Skarmory
|-resisted|p1a: Skarmory
|-damage|p1a: Skarmory|98/100
|-damage|p2a: Corviknight|57/100|[from] item: Rocky Helmet|[of] p1a: Skarmory
|
|t:|1776178125
|switch|p2a: Heatran|Heatran, F|100/100|[from] U-turn
|
|upkeep
|turn|3
|j| 54 Insane Rats
|
|t:|1776178134
|switch|p1a: Hippowdon|Hippowdon, M|100/100
|-weather|Sandstorm|[from] ability: Sand Stream|[of] p1a: Hippowdon
|move|p2a: Heatran|Stealth Rock|p1a: Hippowdon
|-sidestart|p1: Machasz|move: Stealth Rock
|
|-weather|Sandstorm|[upkeep]
|upkeep
|turn|4
|
|t:|1776178138
|switch|p2a: Sinistcha|Sinistcha|100/100
|move|p1a: Hippowdon|Stealth Rock|p2a: Sinistcha
|-sidestart|p2: saltcurehater4|move: Stealth Rock
|
|-weather|Sandstorm|[upkeep]
|-damage|p2a: Sinistcha|94/100|[from] Sandstorm
|upkeep
|turn|5
|
|t:|1776178147
|move|p2a: Sinistcha|Matcha Gotcha|p1a: Hippowdon
|-supereffective|p1a: Hippowdon
|-damage|p1a: Hippowdon|51/100
|-heal|p2a: Sinistcha|100/100|[from] drain|[of] p1a: Hippowdon
|move|p1a: Hippowdon|Whirlwind|p2a: Sinistcha
|drag|p2a: Gliscor|Gliscor, M|100/100
|-damage|p2a: Gliscor|88/100|[from] Stealth Rock
|
|-weather|Sandstorm|[upkeep]
|-status|p2a: Gliscor|tox|[from] item: Toxic Orb
|upkeep
|turn|6
|
|t:|1776178154
|move|p2a: Gliscor|Knock Off|p1a: Hippowdon
|-damage|p1a: Hippowdon|37/100
|-enditem|p1a: Hippowdon|Smooth Rock|[from] move: Knock Off|[of] p2a: Gliscor
|move|p1a: Hippowdon|Slack Off|p1a: Hippowdon
|-heal|p1a: Hippowdon|87/100
|
|-weather|Sandstorm|[upkeep]
|-heal|p2a: Gliscor|100/100 tox|[from] ability: Poison Heal
|upkeep
|turn|7
|
|t:|1776178160
|switch|p1a: Skarmory|Skarmory, F|98/100
|-damage|p1a: Skarmory|86/100|[from] Stealth Rock
|move|p2a: Gliscor|Knock Off|p1a: Skarmory
|-damage|p1a: Skarmory|71/100
|-damage|p2a: Gliscor|84/100 tox|[from] item: Rocky Helmet|[of] p1a: Skarmory
|-enditem|p1a: Skarmory|Rocky Helmet|[from] move: Knock Off|[of] p2a: Gliscor
|
|-weather|Sandstorm|[upkeep]
|-heal|p2a: Gliscor|97/100 tox|[from] ability: Poison Heal
|upkeep
|turn|8
|
|t:|1776178163
|move|p2a: Gliscor|Spikes|p1a: Skarmory
|-sidestart|p1: Machasz|Spikes
|move|p1a: Skarmory|Spikes|p2a: Gliscor
|-sidestart|p2: saltcurehater4|Spikes
|
|-weather|Sandstorm|[upkeep]
|-heal|p2a: Gliscor|100/100 tox|[from] ability: Poison Heal
|upkeep
|turn|9
|
|t:|1776178165
|move|p2a: Gliscor|Spikes|p1a: Skarmory
|-sidestart|p1: Machasz|Spikes
|move|p1a: Skarmory|Spikes|p2a: Gliscor
|-sidestart|p2: saltcurehater4|Spikes
|
|-weather|Sandstorm|[upkeep]
|upkeep
|turn|10
|
|t:|1776178167
|move|p2a: Gliscor|Spikes|p1a: Skarmory
|-sidestart|p1: Machasz|Spikes
|move|p1a: Skarmory|Spikes|p2a: Gliscor
|-sidestart|p2: saltcurehater4|Spikes
|
|-weather|none
|upkeep
|turn|11
|
|t:|1776178170
|switch|p2a: Tentacruel|Tentacruel, M, shiny|100/100
|switch|p1a: Weavile|Weavile, F, shiny|84/100
|-ability|p1a: Weavile|Pressure
|
|upkeep
|turn|12
|
|t:|1776178178
|move|p1a: Weavile|Knock Off|p2a: Tentacruel
|-damage|p2a: Tentacruel|25/100
|-enditem|p2a: Tentacruel|Heavy-Duty Boots|[from] move: Knock Off|[of] p1a: Weavile
|move|p2a: Tentacruel|Rapid Spin|p1a: Weavile
|-damage|p1a: Weavile|71/100
|-boost|p2a: Tentacruel|spe|1
|-sideend|p2: saltcurehater4|Spikes|[from] move: Rapid Spin|[of] p2a: Tentacruel
|-sideend|p2: saltcurehater4|Stealth Rock|[from] move: Rapid Spin|[of] p2a: Tentacruel
|
|upkeep
|turn|13
|
|t:|1776178187
|switch|p2a: Corviknight|Corviknight, F|57/100
|-ability|p2a: Corviknight|Pressure
|move|p1a: Weavile|Triple Axel|p2a: Corviknight
|-damage|p2a: Corviknight|50/100
|-damage|p2a: Corviknight|38/100
|-crit|p2a: Corviknight
|-damage|p2a: Corviknight|11/100
|-hitcount|p2a: Corviknight|3
|
|upkeep
|turn|14
|
|t:|1776178193
|switch|p2a: Heatran|Heatran, F|100/100
|move|p1a: Weavile|Knock Off|p2a: Heatran
|-damage|p2a: Heatran|59/100
|-enditem|p2a: Heatran|Leftovers|[from] move: Knock Off|[of] p1a: Weavile
|
|upkeep
|turn|15
|
|t:|1776178212
|switch|p1a: Hippowdon|Hippowdon, M|87/100
|-damage|p1a: Hippowdon|80/100|[from] Stealth Rock
|-damage|p1a: Hippowdon|56/100|[from] Spikes
|-weather|Sandstorm|[from] ability: Sand Stream|[of] p1a: Hippowdon
|move|p2a: Heatran|Magma Storm|p1a: Hippowdon|[miss]
|-miss|p2a: Heatran|p1a: Hippowdon
|
|-weather|Sandstorm|[upkeep]
|upkeep
|turn|16
|
|t:|1776178218
|switch|p2a: Corviknight|Corviknight, F|11/100
|-ability|p2a: Corviknight|Pressure
|move|p1a: Hippowdon|Stealth Rock|p2a: Corviknight
|-sidestart|p2: saltcurehater4|move: Stealth Rock
|
|-weather|Sandstorm|[upkeep]
|upkeep
|turn|17
|
|t:|1776178229
|move|p2a: Corviknight|Roost|p2a: Corviknight
|-heal|p2a: Corviknight|61/100
|-singleturn|p2a: Corviknight|move: Roost
|move|p1a: Hippowdon|Earthquake|p2a: Corviknight
|-supereffective|p2a: Corviknight
|-damage|p2a: Corviknight|14/100
|
|-weather|Sandstorm|[upkeep]
|upkeep
|turn|18
|
|t:|1776178231
|move|p2a: Corviknight|Iron Defense|p2a: Corviknight
|-boost|p2a: Corviknight|def|2
|move|p1a: Hippowdon|Earthquake|p2a: Corviknight
|-immune|p2a: Corviknight
|
|-weather|Sandstorm|[upkeep]
|upkeep
|turn|19
|
|t:|1776178233
|move|p2a: Corviknight|Roost|p2a: Corviknight
|-heal|p2a: Corviknight|64/100
|-singleturn|p2a: Corviknight|move: Roost
|move|p1a: Hippowdon|Slack Off|p1a: Hippowdon
|-heal|p1a: Hippowdon|100/100
|
|-weather|none
|upkeep
|turn|20
|
|t:|1776178238
|move|p2a: Corviknight|U-turn|p1a: Hippowdon
|-damage|p1a: Hippowdon|90/100
|
|t:|1776178241
|switch|p2a: Gliscor|Gliscor, M|100/100 tox|[from] U-turn
|-damage|p2a: Gliscor|88/100 tox|[from] Stealth Rock
|move|p1a: Hippowdon|Earthquake|p2a: Gliscor
|-immune|p2a: Gliscor
|
|-heal|p2a: Gliscor|100/100 tox|[from] ability: Poison Heal
|upkeep
|turn|21
|
|t:|1776178246
|switch|p2a: Heatran|Heatran, F|59/100
|-damage|p2a: Heatran|46/100|[from] Stealth Rock
|switch|p1a: Skarmory|Skarmory, F|71/100
|-damage|p1a: Skarmory|59/100|[from] Stealth Rock
|
|upkeep
|turn|22
|
|t:|1776178253
|move|p2a: Heatran|Magma Storm|p1a: Skarmory
|-supereffective|p1a: Skarmory
|-damage|p1a: Skarmory|0 fnt
|faint|p1a: Skarmory
|
|upkeep
|
|t:|1776178260
|switch|p1a: Hippowdon|Hippowdon, M|90/100
|-damage|p1a: Hippowdon|83/100|[from] Stealth Rock
|-damage|p1a: Hippowdon|58/100|[from] Spikes
|-weather|Sandstorm|[from] ability: Sand Stream|[of] p1a: Hippowdon
|turn|23
|
|t:|1776178274
|switch|p2a: Corviknight|Corviknight, F|64/100
|-damage|p2a: Corviknight|52/100|[from] Stealth Rock
|-ability|p2a: Corviknight|Pressure
|switch|p1a: Garganacl|Garganacl, F, shiny|100/100
|-damage|p1a: Garganacl|88/100|[from] Stealth Rock
|-damage|p1a: Garganacl|63/100|[from] Spikes
|
|-weather|Sandstorm|[upkeep]
|-heal|p1a: Garganacl|69/100|[from] item: Leftovers
|upkeep
|turn|24
|
|t:|1776178279
|move|p2a: Corviknight|U-turn|p1a: Garganacl
|-damage|p1a: Garganacl|60/100
|
|t:|1776178282
|switch|p2a: Sinistcha|Sinistcha|100/100|[from] U-turn
|move|p1a: Garganacl|Salt Cure|p2a: Sinistcha
|-damage|p2a: Sinistcha|90/100
|-start|p2a: Sinistcha|Salt Cure
|
|-weather|Sandstorm|[upkeep]
|-damage|p2a: Sinistcha|84/100|[from] Sandstorm
|-heal|p1a: Garganacl|66/100|[from] item: Leftovers
|-damage|p2a: Sinistcha|72/100|[from] Salt Cure
|upkeep
|turn|25
|
|t:|1776178286
|switch|p1a: Sinistcha|Sinistcha, shiny|100/100
|move|p2a: Sinistcha|Calm Mind|p2a: Sinistcha
|-boost|p2a: Sinistcha|spa|1
|-boost|p2a: Sinistcha|spd|1
|
|-weather|Sandstorm|[upkeep]
|-damage|p2a: Sinistcha|66/100|[from] Sandstorm
|-damage|p1a: Sinistcha|94/100|[from] Sandstorm
|-damage|p2a: Sinistcha|53/100|[from] Salt Cure
|upkeep
|turn|26
|
|t:|1776178293
|-terastallize|p1a: Sinistcha|Poison
|move|p2a: Sinistcha|Shadow Ball|p1a: Sinistcha
|-damage|p1a: Sinistcha|34/100
|move|p1a: Sinistcha|Shadow Ball|p2a: Sinistcha
|-supereffective|p2a: Sinistcha
|-damage|p2a: Sinistcha|4/100
|
|-weather|Sandstorm|[upkeep]
|-damage|p2a: Sinistcha|0 fnt|[from] Sandstorm
|-damage|p1a: Sinistcha|28/100|[from] Sandstorm
|faint|p2a: Sinistcha
|upkeep
|
|t:|1776178305
|switch|p2a: Darkrai|Darkrai|100/100
|-damage|p2a: Darkrai|88/100|[from] Stealth Rock
|turn|27
|
|t:|1776178314
|switch|p1a: Weavile|Weavile, F, shiny|71/100
|-ability|p1a: Weavile|Pressure
|move|p2a: Darkrai|Dark Pulse|p1a: Weavile
|-resisted|p1a: Weavile
|-damage|p1a: Weavile|33/100
|
|-weather|none
|upkeep
|turn|28
|
|t:|1776178323
|move|p2a: Darkrai|Dark Pulse|p1a: Weavile
|-resisted|p1a: Weavile
|-damage|p1a: Weavile|0 fnt
|faint|p1a: Weavile
|
|upkeep
|
|t:|1776178325
|switch|p1a: Hippowdon|Hippowdon, M|58/100
|-damage|p1a: Hippowdon|52/100|[from] Stealth Rock
|-damage|p1a: Hippowdon|27/100|[from] Spikes
|-weather|Sandstorm|[from] ability: Sand Stream|[of] p1a: Hippowdon
|turn|29
|
|t:|1776178331
|switch|p2a: Corviknight|Corviknight, F|52/100
|-damage|p2a: Corviknight|40/100|[from] Stealth Rock
|-ability|p2a: Corviknight|Pressure
|move|p1a: Hippowdon|Whirlwind|p2a: Corviknight
|drag|p2a: Heatran|Heatran, F|46/100
|-damage|p2a: Heatran|34/100|[from] Stealth Rock
|
|-weather|Sandstorm|[upkeep]
|upkeep
|turn|30
|
|t:|1776178339
|switch|p2a: Tentacruel|Tentacruel, M, shiny|25/100
|-damage|p2a: Tentacruel|12/100|[from] Stealth Rock
|move|p1a: Hippowdon|Whirlwind|p2a: Tentacruel
|drag|p2a: Darkrai|Darkrai|88/100
|-damage|p2a: Darkrai|76/100|[from] Stealth Rock
|
|-weather|Sandstorm|[upkeep]
|-damage|p2a: Darkrai|70/100|[from] Sandstorm
|upkeep
|turn|31
|
|t:|1776178349
|switch|p2a: Corviknight|Corviknight, F|40/100
|-damage|p2a: Corviknight|27/100|[from] Stealth Rock
|-ability|p2a: Corviknight|Pressure
|move|p1a: Hippowdon|Slack Off|p1a: Hippowdon
|-heal|p1a: Hippowdon|78/100
|
|-weather|Sandstorm|[upkeep]
|upkeep
|turn|32
|
|t:|1776178357
|switch|p1a: Sinistcha|Sinistcha, shiny, tera:Poison|28/100
|move|p2a: Corviknight|Iron Defense|p2a: Corviknight
|-boost|p2a: Corviknight|def|2
|
|-weather|Sandstorm|[upkeep]
|-damage|p1a: Sinistcha|22/100|[from] Sandstorm
|upkeep
|turn|33
|
|t:|1776178365
|move|p1a: Sinistcha|Shadow Ball|p2a: Corviknight
|-damage|p2a: Corviknight|0 fnt
|faint|p2a: Corviknight
|
|-weather|none
|upkeep
|
|t:|1776178370
|switch|p2a: Darkrai|Darkrai|70/100
|-damage|p2a: Darkrai|57/100|[from] Stealth Rock
|turn|34
|
|t:|1776178374
|move|p2a: Darkrai|Dark Pulse|p1a: Sinistcha
|-crit|p1a: Sinistcha
|-damage|p1a: Sinistcha|0 fnt
|faint|p1a: Sinistcha
|
|upkeep
|
|t:|1776178376
|switch|p1a: Hippowdon|Hippowdon, M|78/100
|-damage|p1a: Hippowdon|71/100|[from] Stealth Rock
|-damage|p1a: Hippowdon|47/100|[from] Spikes
|-weather|Sandstorm|[from] ability: Sand Stream|[of] p1a: Hippowdon
|turn|35
|
|t:|1776178384
|switch|p2a: Tentacruel|Tentacruel, M, shiny|12/100
|-damage|p2a: Tentacruel|0 fnt|[from] Stealth Rock
|faint|p2a: Tentacruel
|move|p1a: Hippowdon|Earthquake|p2: Tentacruel|[notarget]
|-fail|p1a: Hippowdon
|
|-weather|Sandstorm|[upkeep]
|upkeep
|
|t:|1776178392
|switch|p2a: Gliscor|Gliscor, M|100/100 tox
|-damage|p2a: Gliscor|88/100 tox|[from] Stealth Rock
|turn|36
|
|t:|1776178397
|move|p2a: Gliscor|Earthquake|p1a: Hippowdon
|-damage|p1a: Hippowdon|23/100
|move|p1a: Hippowdon|Whirlwind|p2a: Gliscor
|drag|p2a: Darkrai|Darkrai|57/100
|-damage|p2a: Darkrai|45/100|[from] Stealth Rock
|
|-weather|Sandstorm|[upkeep]
|-damage|p2a: Darkrai|39/100|[from] Sandstorm
|upkeep
|turn|37
|
|t:|1776178402
|move|p2a: Darkrai|Dark Pulse|p1a: Hippowdon
|-damage|p1a: Hippowdon|0 fnt
|faint|p1a: Hippowdon
|
|-weather|Sandstorm|[upkeep]
|-damage|p2a: Darkrai|33/100|[from] Sandstorm
|upkeep
|
|t:|1776178406
|switch|p1a: Excadrill|Excadrill, M|100/100
|-damage|p1a: Excadrill|97/100|[from] Stealth Rock
|-item|p1a: Excadrill|Air Balloon
|turn|38
|
|t:|1776178414
|move|p2a: Darkrai|Sucker Punch||[still]
|-fail|p2a: Darkrai
|move|p1a: Excadrill|Swords Dance|p1a: Excadrill
|-boost|p1a: Excadrill|atk|2
|
|-weather|Sandstorm|[upkeep]
|-damage|p2a: Darkrai|26/100|[from] Sandstorm
|upkeep
|turn|39
|
|t:|1776178421
|move|p2a: Darkrai|Sucker Punch|p1a: Excadrill
|-damage|p1a: Excadrill|61/100
|-enditem|p1a: Excadrill|Air Balloon
|move|p1a: Excadrill|Rapid Spin|p2a: Darkrai
|-damage|p2a: Darkrai|0 fnt
|-boost|p1a: Excadrill|spe|1
|-sideend|p1: Machasz|Spikes|[from] move: Rapid Spin|[of] p1a: Excadrill
|-sideend|p1: Machasz|Stealth Rock|[from] move: Rapid Spin|[of] p1a: Excadrill
|faint|p2a: Darkrai
|
|-weather|none
|upkeep
|
|t:|1776178425
|switch|p2a: Gliscor|Gliscor, M|88/100 tox
|-damage|p2a: Gliscor|75/100 tox|[from] Stealth Rock
|turn|40
|
|t:|1776178428
|move|p1a: Excadrill|Iron Head|p2a: Gliscor
|-damage|p2a: Gliscor|1/100 tox
|cant|p2a: Gliscor|flinch
|
|-heal|p2a: Gliscor|14/100 tox|[from] ability: Poison Heal
|upkeep
|turn|41
|
|t:|1776178430
|move|p1a: Excadrill|Iron Head|p2a: Gliscor
|-damage|p2a: Gliscor|0 fnt
|faint|p2a: Gliscor
|
|upkeep
|
|t:|1776178432
|switch|p2a: Heatran|Heatran, F|34/100
|-damage|p2a: Heatran|21/100|[from] Stealth Rock
|turn|42
|
|t:|1776178434
|move|p1a: Excadrill|Earthquake|p2a: Heatran
|-supereffective|p2a: Heatran
|-damage|p2a: Heatran|0 fnt
|faint|p2a: Heatran
|
|win|Machasz
|raw|Machasz's rating: 1595 &rarr; <strong>1618</strong><br />(+23 for winning)
|raw|saltcurehater4's rating: 1645 &rarr; <strong>1622</strong><br />(-23 for losing)
|l|☆saltcurehater4
|player|p2|
