|html|<div class="broadcast-blue"><strong>[Gen 9] OU is currently suspecting Volcarona! For information on how to participate check out the <a href="https://www.smogon.com/tools/suspects/view/208">suspect thread</a>.</strong></div>
|j|☆Amber7777777
|j|☆kurogite
|t:|1778510106
|gametype|singles
|player|p1|Amber7777777|cynthia-gen4|1421
|player|p2|kurogite|flint|1430
|gen|9
|tier|[Gen 9] OU
|rated|
|rule|HP Percentage Mod: HP is shown in percentages
|rule|Endless Battle Clause: Forcing endless battles is banned
|rule|Species Clause: Limit one of each Pokémon
|rule|OHKO Clause: OHKO moves are banned
|rule|Evasion Items Clause: Evasion items are banned
|rule|Evasion Moves Clause: Evasion moves are banned
|rule|Evasion Abilities Clause: Evasion abilities are banned
|rule|Sleep Moves Clause: Sleep-inducing moves are banned
|clearpoke
|poke|p1|Torkoal, M|
|poke|p1|Venusaur, F|
|poke|p1|Chimecho, F|
|poke|p1|Great Tusk|
|poke|p1|Walking Wake|
|poke|p1|Raging Bolt|
|poke|p2|Ogerpon, F|
|poke|p2|Garganacl, F|
|poke|p2|Alomomola, F|
|poke|p2|Tentacruel, F|
|poke|p2|Ceruledge, F|
|poke|p2|Latios, M|
|teampreview
|inactive|Battle timer is ON: inactive players will automatically lose when time's up. (requested by Amber7777777)
|
|t:|1778510120
|teamsize|p1|6
|teamsize|p2|6
|start
|switch|p1a: Torkoal|Torkoal, M, shiny|100/100
|switch|p2a: Latios|Latios, M|100/100
|-weather|SunnyDay|[from] ability: Drought|[of] p1a: Torkoal
|turn|1
|
|t:|1778510142
|switch|p1a: Chimecho|Chimecho, F, shiny|100/100
|move|p2a: Latios|Draco Meteor|p1a: Chimecho
|-damage|p1a: Chimecho|47/100
|-unboost|p2a: Latios|spa|2
|
|-weather|SunnyDay|[upkeep]
|upkeep
|turn|2
|
|t:|1778510150
|switch|p2a: Garganacl|Garganacl, F|100/100
|move|p1a: Chimecho|Trick|p2a: Garganacl
|-activate|p1a: Chimecho|move: Trick|[of] p2a: Garganacl
|-item|p2a: Garganacl|Choice Scarf|[from] move: Trick
|-item|p1a: Chimecho|Rocky Helmet|[from] move: Trick
|
|-weather|SunnyDay|[upkeep]
|upkeep
|turn|3
|
|t:|1778510153
|move|p1a: Chimecho|Wish|p1a: Chimecho
|move|p2a: Garganacl|Salt Cure|p1a: Chimecho
|-damage|p1a: Chimecho|30/100
|-start|p1a: Chimecho|Salt Cure
|
|-weather|SunnyDay|[upkeep]
|-damage|p1a: Chimecho|18/100|[from] Salt Cure
|upkeep
|turn|4
|
|t:|1778510157
|move|p1a: Chimecho|Protect|p1a: Chimecho
|-singleturn|p1a: Chimecho|Protect
|move|p2a: Garganacl|Salt Cure|p1a: Chimecho
|-activate|p1a: Chimecho|move: Protect
|
|-weather|SunnyDay|[upkeep]
|-heal|p1a: Chimecho|68/100|[from] move: Wish|[wisher] Chimecho
|-damage|p1a: Chimecho|56/100|[from] Salt Cure
|upkeep
|turn|5
|
|t:|1778510164
|switch|p1a: Great Tusk|Great Tusk, shiny|100/100
|-activate|p1a: Great Tusk|ability: Protosynthesis
|-start|p1a: Great Tusk|protosynthesisatk
|move|p2a: Garganacl|Salt Cure|p1a: Great Tusk
|-resisted|p1a: Great Tusk
|-damage|p1a: Great Tusk|98/100
|-start|p1a: Great Tusk|Salt Cure
|
|-weather|SunnyDay|[upkeep]
|-damage|p1a: Great Tusk|86/100|[from] Salt Cure
|upkeep
|turn|6
|
|t:|1778510170
|switch|p2a: Alomomola|Alomomola, F|100/100
|move|p1a: Great Tusk|Close Combat|p2a: Alomomola
|-damage|p2a: Alomomola|56/100
|-unboost|p1a: Great Tusk|def|1
|-unboost|p1a: Great Tusk|spd|1
|-damage|p1a: Great Tusk|69/100|[from] item: Rocky Helmet|[of] p2a: Alomomola
|
|-weather|SunnyDay|[upkeep]
|-damage|p1a: Great Tusk|57/100|[from] Salt Cure
|upkeep
|turn|7
|
|t:|1778510176
|-end|p1a: Great Tusk|Protosynthesis|[silent]
|switch|p1a: Venusaur|Venusaur, F, shiny|100/100
|move|p2a: Alomomola|Flip Turn|p1a: Venusaur
|-resisted|p1a: Venusaur
|-damage|p1a: Venusaur|95/100
|
|t:|1778510181
|switch|p2a: Latios|Latios, M|100/100|[from] Flip Turn
|
|-weather|SunnyDay|[upkeep]
|-heal|p1a: Venusaur|100/100|[from] item: Black Sludge
|upkeep
|turn|8
|
|t:|1778510203
|switch|p1a: Chimecho|Chimecho, F, shiny|56/100
|move|p2a: Latios|Psychic Noise|p1a: Chimecho
|-resisted|p1a: Chimecho
|-damage|p1a: Chimecho|42/100
|-start|p1a: Chimecho|move: Heal Block
|
|-weather|none
|upkeep
|turn|9
|
|t:|1778510207
|move|p1a: Chimecho|Protect|p1a: Chimecho
|-singleturn|p1a: Chimecho|Protect
|move|p2a: Latios|Draco Meteor|p1a: Chimecho
|-activate|p1a: Chimecho|move: Protect
|
|-end|p1a: Chimecho|move: Heal Block
|upkeep
|turn|10
|
|t:|1778510214
|move|p2a: Latios|Draco Meteor|p1a: Chimecho
|-damage|p1a: Chimecho|0 fnt
|-unboost|p2a: Latios|spa|2
|faint|p1a: Chimecho
|
|upkeep
|
|t:|1778510218
|switch|p1a: Torkoal|Torkoal, M, shiny|100/100
|-weather|SunnyDay|[from] ability: Drought|[of] p1a: Torkoal
|turn|11
|
|t:|1778510223
|move|p2a: Latios|Draco Meteor|p1a: Torkoal
|-damage|p1a: Torkoal|69/100
|-unboost|p2a: Latios|spa|2
|move|p1a: Torkoal|Stealth Rock|p2a: Latios
|-sidestart|p2: kurogite|move: Stealth Rock
|
|-weather|SunnyDay|[upkeep]
|upkeep
|turn|12
|
|t:|1778510231
|switch|p2a: Tentacruel|Tentacruel, F|100/100
|-damage|p2a: Tentacruel|88/100|[from] Stealth Rock
|switch|p1a: Venusaur|Venusaur, F, shiny|100/100
|
|-weather|SunnyDay|[upkeep]
|upkeep
|turn|13
|
|t:|1778510235
|move|p1a: Venusaur|Growth|p1a: Venusaur
|-boost|p1a: Venusaur|atk|2
|-boost|p1a: Venusaur|spa|2
|move|p2a: Tentacruel|Rapid Spin|p1a: Venusaur
|-damage|p1a: Venusaur|90/100
|-boost|p2a: Tentacruel|spe|1
|-sideend|p2: kurogite|Stealth Rock|[from] move: Rapid Spin|[of] p2a: Tentacruel
|
|-weather|SunnyDay|[upkeep]
|-heal|p1a: Venusaur|96/100|[from] item: Black Sludge
|upkeep
|turn|14
|
|t:|1778510245
|move|p1a: Venusaur|Giga Drain|p2a: Tentacruel
|-damage|p2a: Tentacruel|53/100
|-damage|p1a: Venusaur|75/100|[from] ability: Liquid Ooze|[of] p2a: Tentacruel
|move|p2a: Tentacruel|Knock Off|p1a: Venusaur
|-damage|p1a: Venusaur|52/100
|-enditem|p1a: Venusaur|Black Sludge|[from] move: Knock Off|[of] p2a: Tentacruel
|
|-weather|SunnyDay|[upkeep]
|upkeep
|turn|15
|
|t:|1778510252
|move|p1a: Venusaur|Giga Drain|p2a: Tentacruel
|-damage|p2a: Tentacruel|18/100
|-damage|p1a: Venusaur|30/100|[from] ability: Liquid Ooze|[of] p2a: Tentacruel
|move|p2a: Tentacruel|Gunk Shot|p1a: Venusaur
|-damage|p1a: Venusaur|0 fnt
|faint|p1a: Venusaur
|
|-weather|SunnyDay|[upkeep]
|upkeep
|
|t:|1778510255
|switch|p1a: Walking Wake|Walking Wake|100/100
|-activate|p1a: Walking Wake|ability: Protosynthesis
|-start|p1a: Walking Wake|protosynthesisspa
|turn|16
|
|t:|1778510267
|move|p1a: Walking Wake|Hydro Steam|p2a: Tentacruel
|-resisted|p2a: Tentacruel
|-damage|p2a: Tentacruel|0 fnt
|faint|p2a: Tentacruel
|
|-weather|SunnyDay|[upkeep]
|upkeep
|
|t:|1778510277
|switch|p2a: Ogerpon|Ogerpon, F|100/100
|turn|17
|
|t:|1778510284
|-end|p1a: Walking Wake|Protosynthesis|[silent]
|switch|p1a: Torkoal|Torkoal, M, shiny|69/100
|-terastallize|p2a: Ogerpon|Grass
|detailschange|p2a: Ogerpon|Ogerpon-Teal-Tera, F, tera:Grass
|-ability|p2a: Ogerpon|Embody Aspect (Teal)|boost
|-boost|p2a: Ogerpon|spe|1
|move|p2a: Ogerpon|Swords Dance|p2a: Ogerpon
|-boost|p2a: Ogerpon|atk|2
|
|-weather|SunnyDay|[upkeep]
|upkeep
|turn|18
|
|t:|1778510291
|move|p2a: Ogerpon|Superpower|p1a: Torkoal
|-damage|p1a: Torkoal|25/100
|-unboost|p2a: Ogerpon|atk|1
|-unboost|p2a: Ogerpon|def|1
|move|p1a: Torkoal|Will-O-Wisp|p2a: Ogerpon|[miss]
|-miss|p1a: Torkoal|p2a: Ogerpon
|
|-weather|none
|upkeep
|turn|19
|
|t:|1778510298
|move|p2a: Ogerpon|Superpower|p1a: Torkoal
|-damage|p1a: Torkoal|0 fnt
|-unboost|p2a: Ogerpon|atk|1
|-unboost|p2a: Ogerpon|def|1
|faint|p1a: Torkoal
|
|upkeep
|
|t:|1778510302
|switch|p1a: Walking Wake|Walking Wake|100/100
|turn|20
|
|t:|1778510306
|switch|p2a: Latios|Latios, M|100/100
|move|p1a: Walking Wake|Draco Meteor|p2a: Latios
|-supereffective|p2a: Latios
|-damage|p2a: Latios|0 fnt
|-unboost|p1a: Walking Wake|spa|2
|faint|p2a: Latios
|
|upkeep
|
|t:|1778510321
|switch|p2a: Ceruledge|Ceruledge, F|100/100
|turn|21
|
|t:|1778510326
|-end|p1a: Walking Wake|Protosynthesis|[silent]
|switch|p1a: Raging Bolt|Raging Bolt|100/100
|move|p2a: Ceruledge|Shadow Claw|p1a: Raging Bolt
|-damage|p1a: Raging Bolt|71/100
|
|-heal|p1a: Raging Bolt|77/100|[from] item: Leftovers
|upkeep
|turn|22
|
|t:|1778510337
|move|p1a: Raging Bolt|Thunderclap|p2a: Ceruledge
|-damage|p2a: Ceruledge|52/100
|move|p2a: Ceruledge|Shadow Claw|p1a: Raging Bolt
|-damage|p1a: Raging Bolt|46/100
|
|-heal|p1a: Raging Bolt|52/100|[from] item: Leftovers
|upkeep
|turn|23
|
|t:|1778510343
|switch|p2a: Garganacl|Garganacl, F|100/100
|move|p1a: Raging Bolt|Calm Mind|p1a: Raging Bolt
|-boost|p1a: Raging Bolt|spa|1
|-boost|p1a: Raging Bolt|spd|1
|
|-heal|p1a: Raging Bolt|59/100|[from] item: Leftovers
|upkeep
|turn|24
|
|t:|1778510346
|move|p1a: Raging Bolt|Thunderbolt|p2a: Garganacl
|-damage|p2a: Garganacl|20/100
|move|p2a: Garganacl|Salt Cure|p1a: Raging Bolt
|-damage|p1a: Raging Bolt|47/100
|-start|p1a: Raging Bolt|Salt Cure
|
|-heal|p1a: Raging Bolt|53/100|[from] item: Leftovers
|-damage|p1a: Raging Bolt|41/100|[from] Salt Cure
|upkeep
|turn|25
|
|t:|1778510357
|move|p1a: Raging Bolt|Draco Meteor|p2a: Garganacl
|-damage|p2a: Garganacl|0 fnt
|-unboost|p1a: Raging Bolt|spa|2
|faint|p2a: Garganacl
|
|-heal|p1a: Raging Bolt|47/100|[from] item: Leftovers
|-damage|p1a: Raging Bolt|34/100|[from] Salt Cure
|upkeep
|
|t:|1778510365
|switch|p2a: Ogerpon|Ogerpon-Teal-Tera, F, tera:Grass|100/100
|-ability|p2a: Ogerpon|Embody Aspect (Teal)|boost
|-boost|p2a: Ogerpon|spe|1
|turn|26
|
|t:|1778510370
|move|p2a: Ogerpon|Swords Dance|p2a: Ogerpon
|-boost|p2a: Ogerpon|atk|2
|move|p1a: Raging Bolt|Draco Meteor|p2a: Ogerpon
|-damage|p2a: Ogerpon|47/100
|-unboost|p1a: Raging Bolt|spa|2
|
|-heal|p1a: Raging Bolt|41/100|[from] item: Leftovers
|-damage|p1a: Raging Bolt|28/100|[from] Salt Cure
|upkeep
|turn|27
|
|t:|1778510376
|move|p1a: Raging Bolt|Thunderclap|p2a: Ogerpon
|-resisted|p2a: Ogerpon
|-damage|p2a: Ogerpon|39/100
|move|p2a: Ogerpon|Throat Chop|p1a: Raging Bolt
|-damage|p1a: Raging Bolt|0 fnt
|faint|p1a: Raging Bolt
|-end|p1a: Raging Bolt|Protosynthesis|[silent]
|
|upkeep
|
|t:|1778510379
|switch|p1a: Walking Wake|Walking Wake|100/100
|turn|28
|
|t:|1778510382
|move|p2a: Ogerpon|Horn Leech|p1a: Walking Wake
|-damage|p1a: Walking Wake|10/100
|-heal|p2a: Ogerpon|82/100|[from] drain|[of] p1a: Walking Wake
|move|p1a: Walking Wake|Draco Meteor|p2a: Ogerpon
|-crit|p2a: Ogerpon
|-damage|p2a: Ogerpon|0 fnt
|-unboost|p1a: Walking Wake|spa|2
|faint|p2a: Ogerpon
|detailschange|p2: Ogerpon|Ogerpon, F|[silent]
|
|upkeep
|
|t:|1778510391
|switch|p2a: Ceruledge|Ceruledge, F|52/100
|turn|29
|
|t:|1778510394
|-end|p1a: Walking Wake|Protosynthesis|[silent]
|switch|p1a: Great Tusk|Great Tusk, shiny|57/100
|move|p2a: Ceruledge|Bitter Blade|p1a: Great Tusk
|-damage|p1a: Great Tusk|20/100
|-heal|p2a: Ceruledge|75/100|[from] drain|[of] p1a: Great Tusk
|
|upkeep
|turn|30
|
|t:|1778510399
|move|p1a: Great Tusk|Headlong Rush|p2a: Ceruledge
|-supereffective|p2a: Ceruledge
|-crit|p2a: Ceruledge
|-damage|p2a: Ceruledge|0 fnt
|-unboost|p1a: Great Tusk|def|1
|-unboost|p1a: Great Tusk|spd|1
|faint|p2a: Ceruledge
|
|upkeep
|
|t:|1778510402
|switch|p2a: Alomomola|Alomomola, F|90/100
|turn|31
|
|t:|1778510404
|move|p1a: Great Tusk|Headlong Rush|p2a: Alomomola
|-damage|p2a: Alomomola|58/100
|-unboost|p1a: Great Tusk|def|1
|-unboost|p1a: Great Tusk|spd|1
|-damage|p1a: Great Tusk|4/100|[from] item: Rocky Helmet|[of] p2a: Alomomola
|move|p2a: Alomomola|Wish|p2a: Alomomola
|
|upkeep
|turn|32
|
|t:|1778510409
|move|p2a: Alomomola|Aqua Jet|p1a: Great Tusk
|-supereffective|p1a: Great Tusk
|-damage|p1a: Great Tusk|0 fnt
|faint|p1a: Great Tusk
|-end|p1a: Great Tusk|Protosynthesis|[silent]
|
|-heal|p2a: Alomomola|100/100|[from] move: Wish|[wisher] Alomomola
|upkeep
|
|t:|1778510411
|switch|p1a: Walking Wake|Walking Wake|10/100
|turn|33
|
|t:|1778510415
|move|p1a: Walking Wake|Draco Meteor|p2a: Alomomola
|-damage|p2a: Alomomola|25/100
|-unboost|p1a: Walking Wake|spa|2
|move|p2a: Alomomola|Scald|p1a: Walking Wake
|-resisted|p1a: Walking Wake
|-damage|p1a: Walking Wake|6/100
|
|upkeep
|turn|34
|
|t:|1778510423
|move|p1a: Walking Wake|Draco Meteor|p2a: Alomomola|[miss]
|-miss|p1a: Walking Wake|p2a: Alomomola
|move|p2a: Alomomola|Scald|p1a: Walking Wake
|-resisted|p1a: Walking Wake
|-damage|p1a: Walking Wake|1/100
|
|upkeep
|turn|35
|
|t:|1778510426
|move|p2a: Alomomola|Aqua Jet|p1a: Walking Wake
|-resisted|p1a: Walking Wake
|-damage|p1a: Walking Wake|0 fnt
|faint|p1a: Walking Wake
|-end|p1a: Walking Wake|Protosynthesis|[silent]
|
|win|kurogite
|raw|Amber7777777's rating: 1421 &rarr; <strong>1402</strong><br />(-19 for losing)
|raw|kurogite's rating: 1430 &rarr; <strong>1449</strong><br />(+19 for winning)
|l|☆Amber7777777
|player|p1|
|l|☆kurogite
|player|p2|
