|html|<div class="broadcast-blue"><strong>[Gen 9] OU is currently suspecting Tera Blast! For information on how to participate check out the <a href="https://www.smogon.com/tools/suspects/view/200">suspect thread</a>.</strong></div>
|j|☆Goolaan16
|j|☆dono yoyo
|t:|1776076513
|gametype|singles
|player|p1|Goolaan16|101|1192
|player|p2|dono yoyo|dancer|1225
|gen|9
|tier|[Gen 9] OU
|rated|
|rule|HP Percentage Mod: HP is shown in percentages
|rule|Endless Battle Clause: Forcing endless battles is banned
|rule|Species Clause: Limit one of each Pokémon
|rule|OHKO Clause: OHKO moves are banned
|rule|Evasion Items Clause: Evasion items are banned
|rule|Evasion Moves Clause: Evasion moves are banned
|rule|Evasion Abilities Clause: Evasion abilities are banned
|rule|Sleep Moves Clause: Sleep-inducing moves are banned
|clearpoke
|poke|p1|Fezandipiti, M|
|poke|p1|Dragapult, F|
|poke|p1|Great Tusk|
|poke|p1|Samurott-Hisui, F|
|poke|p1|Moltres|
|poke|p1|Scizor, F|
|poke|p2|Ceruledge, M|
|poke|p2|Ninetales-Alola, F|
|poke|p2|Scizor, M|
|poke|p2|Heatran, F|
|poke|p2|Great Tusk|
|poke|p2|Ogerpon-Wellspring, F|
|teampreview
|
|t:|1776076522
|teamsize|p1|6
|teamsize|p2|6
|start
|switch|p1a: Fezandipiti|Fezandipiti, M|100/100
|switch|p2a: Unstoppable object|Heatran, F|100/100
|-item|p2a: Unstoppable object|Air Balloon
|turn|1
|
|t:|1776076529
|move|p1a: Fezandipiti|U-turn|p2a: Unstoppable object
|-resisted|p2a: Unstoppable object
|-damage|p2a: Unstoppable object|97/100
|-enditem|p2a: Unstoppable object|Air Balloon
|
|t:|1776076534
|switch|p1a: Great Tusk|Great Tusk|100/100|[from] U-turn
|move|p2a: Unstoppable object|Stealth Rock|p1a: Great Tusk
|-sidestart|p1: Goolaan16|move: Stealth Rock
|
|upkeep
|turn|2
|
|t:|1776076545
|switch|p2a: The Shadow knight|Ceruledge, M|100/100
|move|p1a: Great Tusk|Rapid Spin|p2a: The Shadow knight
|-immune|p2a: The Shadow knight
|
|upkeep
|turn|3
|inactive|Battle timer is ON: inactive players will automatically lose when time's up. (requested by Goolaan16)
|
|t:|1776076600
|move|p1a: Great Tusk|Headlong Rush|p2a: The Shadow knight
|-supereffective|p2a: The Shadow knight
|-enditem|p2a: The Shadow knight|Focus Sash
|-damage|p2a: The Shadow knight|1/100
|-unboost|p1a: Great Tusk|def|1
|-unboost|p1a: Great Tusk|spd|1
|-ability|p2a: The Shadow knight|Weak Armor|boost
|-unboost|p2a: The Shadow knight|def|1
|-boost|p2a: The Shadow knight|spe|2
|move|p2a: The Shadow knight|Swords Dance|p2a: The Shadow knight
|-boost|p2a: The Shadow knight|atk|2
|
|upkeep
|turn|4
|
|t:|1776076623
|-end|p1a: Great Tusk|Protosynthesis|[silent]
|switch|p1a: Moltres|Moltres|100/100
|move|p2a: The Shadow knight|Poltergeist|p1a: Moltres|[miss]
|-miss|p2a: The Shadow knight|p1a: Moltres
|
|upkeep
|turn|5
|c|☆dono yoyo|Of course
|
|t:|1776076636
|move|p2a: The Shadow knight|Poltergeist|p1a: Moltres
|-activate|p1a: Moltres|move: Poltergeist|Heavy-Duty Boots
|-damage|p1a: Moltres|30/100
|move|p1a: Moltres|U-turn|p2a: The Shadow knight
|-resisted|p2a: The Shadow knight
|-damage|p2a: The Shadow knight|0 fnt
|faint|p2a: The Shadow knight
|
|t:|1776076652
|switch|p1a: Great Tusk|Great Tusk|100/100|[from] U-turn
|-damage|p1a: Great Tusk|98/100|[from] Stealth Rock
|
|upkeep
|
|t:|1776076662
|switch|p2a: Amina mina eh eh|Ogerpon-Wellspring, F|100/100
|turn|6
|
|t:|1776076682
|-end|p1a: Great Tusk|Protosynthesis|[silent]
|switch|p1a: Fezandipiti|Fezandipiti, M|100/100
|-terastallize|p2a: Amina mina eh eh|Water
|detailschange|p2a: Amina mina eh eh|Ogerpon-Wellspring-Tera, F, tera:Water
|-ability|p2a: Amina mina eh eh|Embody Aspect (Wellspring)|boost
|-boost|p2a: Amina mina eh eh|spd|1
|move|p2a: Amina mina eh eh|Knock Off|p1a: Fezandipiti
|-resisted|p1a: Fezandipiti
|-crit|p1a: Fezandipiti
|-damage|p1a: Fezandipiti|69/100
|-enditem|p1a: Fezandipiti|Heavy-Duty Boots|[from] move: Knock Off|[of] p2a: Amina mina eh eh
|
|upkeep
|turn|7
|inactive|dono yoyo has 120 seconds left.
|
|t:|1776076718
|move|p2a: Amina mina eh eh|Ivy Cudgel|p1a: Fezandipiti|[anim] Ivy Cudgel Water
|-damage|p1a: Fezandipiti|0 fnt
|faint|p1a: Fezandipiti
|
|upkeep
|
|t:|1776076724
|switch|p1a: Dragapult|Dragapult, F|100/100
|-damage|p1a: Dragapult|88/100|[from] Stealth Rock
|turn|8
|
|t:|1776076734
|switch|p2a: Girl boss|Ninetales-Alola, F|100/100
|-weather|Snowscape|[from] ability: Snow Warning|[of] p2a: Girl boss
|-terastallize|p1a: Dragapult|Ghost
|move|p1a: Dragapult|Shadow Ball|p2a: Girl boss
|-damage|p2a: Girl boss|11/100
|
|-weather|Snowscape|[upkeep]
|upkeep
|turn|9
|
|t:|1776076744
|move|p1a: Dragapult|Shadow Ball|p2a: Girl boss
|-damage|p2a: Girl boss|0 fnt
|faint|p2a: Girl boss
|
|-weather|Snowscape|[upkeep]
|upkeep
|
|t:|1776076748
|switch|p2a: Mohamed Abdul|Scizor, M|100/100
|turn|10
|
|t:|1776076753
|switch|p1a: Moltres|Moltres|30/100
|move|p2a: Mohamed Abdul|Knock Off|p1a: Moltres
|-damage|p1a: Moltres|2/100
|-enditem|p1a: Moltres|Heavy-Duty Boots|[from] move: Knock Off|[of] p2a: Mohamed Abdul
|
|-weather|Snowscape|[upkeep]
|upkeep
|turn|11
|
|t:|1776076762
|move|p2a: Mohamed Abdul|Bullet Punch|p1a: Moltres
|-resisted|p1a: Moltres
|-damage|p1a: Moltres|0 fnt
|faint|p1a: Moltres
|
|-weather|Snowscape|[upkeep]
|upkeep
|
|t:|1776076774
|switch|p1a: Great Tusk|Great Tusk|98/100
|-damage|p1a: Great Tusk|95/100|[from] Stealth Rock
|turn|12
|
|t:|1776076794
|move|p1a: Great Tusk|Rapid Spin|p2a: Mohamed Abdul
|-resisted|p2a: Mohamed Abdul
|-damage|p2a: Mohamed Abdul|93/100
|-boost|p1a: Great Tusk|spe|1
|-sideend|p1: Goolaan16|Stealth Rock|[from] move: Rapid Spin|[of] p1a: Great Tusk
|move|p2a: Mohamed Abdul|Knock Off|p1a: Great Tusk
|-resisted|p1a: Great Tusk
|-damage|p1a: Great Tusk|82/100
|-damage|p2a: Mohamed Abdul|76/100|[from] item: Rocky Helmet|[of] p1a: Great Tusk
|-enditem|p1a: Great Tusk|Rocky Helmet|[from] move: Knock Off|[of] p2a: Mohamed Abdul
|
|-weather|none
|upkeep
|turn|13
|
|t:|1776076809
|move|p1a: Great Tusk|Headlong Rush|p2a: Mohamed Abdul
|-damage|p2a: Mohamed Abdul|27/100
|-unboost|p1a: Great Tusk|def|1
|-unboost|p1a: Great Tusk|spd|1
|-enditem|p2a: Mohamed Abdul|Sitrus Berry|[eat]
|-heal|p2a: Mohamed Abdul|52/100|[from] item: Sitrus Berry
|move|p2a: Mohamed Abdul|Swords Dance|p2a: Mohamed Abdul
|-boost|p2a: Mohamed Abdul|atk|2
|
|upkeep
|turn|14
|
|t:|1776076819
|move|p2a: Mohamed Abdul|Bullet Punch|p1a: Great Tusk
|-damage|p1a: Great Tusk|23/100
|move|p1a: Great Tusk|Headlong Rush|p2a: Mohamed Abdul
|-damage|p2a: Mohamed Abdul|3/100
|-unboost|p1a: Great Tusk|def|1
|-unboost|p1a: Great Tusk|spd|1
|
|upkeep
|turn|15
|
|t:|1776076832
|move|p2a: Mohamed Abdul|Bullet Punch|p1a: Great Tusk
|-damage|p1a: Great Tusk|0 fnt
|faint|p1a: Great Tusk
|-end|p1a: Great Tusk|Protosynthesis|[silent]
|
|upkeep
|
|t:|1776076837
|switch|p1a: Scizor|Scizor, F|100/100
|turn|16
|
|t:|1776076843
|move|p2a: Mohamed Abdul|Bullet Punch|p1a: Scizor
|-resisted|p1a: Scizor
|-damage|p1a: Scizor|67/100
|move|p1a: Scizor|Bullet Punch|p2a: Mohamed Abdul
|-resisted|p2a: Mohamed Abdul
|-damage|p2a: Mohamed Abdul|0 fnt
|faint|p2a: Mohamed Abdul
|
|upkeep
|
|t:|1776076852
|switch|p2a: Amina mina eh eh|Ogerpon-Wellspring-Tera, F, tera:Water|100/100
|-ability|p2a: Amina mina eh eh|Embody Aspect (Wellspring)|boost
|-boost|p2a: Amina mina eh eh|spd|1
|turn|17
|
|t:|1776076860
|move|p1a: Scizor|Bullet Punch|p2a: Amina mina eh eh
|-resisted|p2a: Amina mina eh eh
|-damage|p2a: Amina mina eh eh|80/100
|move|p2a: Amina mina eh eh|Knock Off|p1a: Scizor
|-damage|p1a: Scizor|32/100
|-enditem|p1a: Scizor|Heavy-Duty Boots|[from] move: Knock Off|[of] p2a: Amina mina eh eh
|
|upkeep
|turn|18
|
|t:|1776076870
|move|p1a: Scizor|Bullet Punch|p2a: Amina mina eh eh
|-resisted|p2a: Amina mina eh eh
|-crit|p2a: Amina mina eh eh
|-damage|p2a: Amina mina eh eh|47/100
|move|p2a: Amina mina eh eh|Ivy Cudgel|p1a: Scizor|[anim] Ivy Cudgel Water
|-damage|p1a: Scizor|0 fnt
|faint|p1a: Scizor
|
|upkeep
|
|t:|1776076879
|switch|p1a: Dragapult|Dragapult, F, tera:Ghost|88/100
|turn|19
|
|t:|1776076885
|switch|p2a: Big boi|Great Tusk|100/100
|move|p1a: Dragapult|Shadow Ball|p2a: Big boi
|-damage|p2a: Big boi|8/100
|
|upkeep
|turn|20
|
|t:|1776076892
|move|p1a: Dragapult|Shadow Ball|p2a: Big boi
|-damage|p2a: Big boi|0 fnt
|faint|p2a: Big boi
|-end|p2a: Big boi|Protosynthesis|[silent]
|
|upkeep
|
|t:|1776076895
|switch|p2a: Unstoppable object|Heatran, F|97/100
|turn|21
|
|t:|1776076903
|switch|p1a: Samurott|Samurott-Hisui, F|100/100
|move|p2a: Unstoppable object|Flash Cannon|p1a: Samurott
|-resisted|p1a: Samurott
|-damage|p1a: Samurott|67/100
|
|upkeep
|turn|22
|
|t:|1776076914
|move|p1a: Samurott|Ceaseless Edge|p2a: Unstoppable object
|-damage|p2a: Unstoppable object|62/100
|-sidestart|p2: dono yoyo|Spikes
|move|p2a: Unstoppable object|Stealth Rock|p1a: Samurott
|-sidestart|p1: Goolaan16|move: Stealth Rock
|
|upkeep
|turn|23
|
|t:|1776076924
|move|p1a: Samurott|Razor Shell|p2a: Unstoppable object
|-supereffective|p2a: Unstoppable object
|-damage|p2a: Unstoppable object|0 fnt
|faint|p2a: Unstoppable object
|
|upkeep
|
|t:|1776076927
|switch|p2a: Amina mina eh eh|Ogerpon-Wellspring-Tera, F, tera:Water|47/100
|-damage|p2a: Amina mina eh eh|34/100|[from] Spikes
|-ability|p2a: Amina mina eh eh|Embody Aspect (Wellspring)|boost
|-boost|p2a: Amina mina eh eh|spd|1
|turn|24
|
|t:|1776076937
|move|p2a: Amina mina eh eh|Horn Leech|p1a: Samurott
|-supereffective|p1a: Samurott
|-damage|p1a: Samurott|0 fnt
|-heal|p2a: Amina mina eh eh|70/100|[from] drain|[of] p1a: Samurott
|faint|p1a: Samurott
|
|upkeep
|
|t:|1776076943
|switch|p1a: Dragapult|Dragapult, F, tera:Ghost|88/100
|-damage|p1a: Dragapult|76/100|[from] Stealth Rock
|turn|25
|
|t:|1776076948
|move|p1a: Dragapult|Shadow Ball|p2a: Amina mina eh eh
|-damage|p2a: Amina mina eh eh|11/100
|move|p2a: Amina mina eh eh|Play Rough|p1a: Dragapult
|-damage|p1a: Dragapult|31/100
|
|upkeep
|turn|26
|c|☆dono yoyo|GG's
|
|t:|1776076958
|move|p1a: Dragapult|Shadow Ball|p2a: Amina mina eh eh
|-damage|p2a: Amina mina eh eh|0 fnt
|faint|p2a: Amina mina eh eh
|detailschange|p2: Amina mina eh eh|Ogerpon-Wellspring, F|[silent]
|
|win|Goolaan16
|raw|Goolaan16's rating: 1192 &rarr; <strong>1219</strong><br />(+27 for winning)
|raw|dono yoyo's rating: 1225 &rarr; <strong>1198</strong><br />(-27 for losing)
|l|☆Goolaan16
|player|p1|
|l|☆dono yoyo
|player|p2|
