|html|<div class="broadcast-blue"><strong>[Gen 9] OU is currently suspecting Tera Blast! For information on how to participate check out the <a href="https://www.smogon.com/tools/suspects/view/200">suspect thread</a>.</strong></div>
|j|☆Zephyri
|j|☆kashima mizuya
|t:|1776295016
|gametype|singles
|player|p1|Zephyri|#zephyri|1444
|player|p2|kashima mizuya|bruno|1409
|gen|9
|tier|[Gen 9] OU
|rated|
|rule|HP Percentage Mod: HP is shown in percentages
|rule|Endless Battle Clause: Forcing endless battles is banned
|rule|Species Clause: Limit one of each Pokémon
|rule|OHKO Clause: OHKO moves are banned
|rule|Evasion Items Clause: Evasion items are banned
|rule|Evasion Moves Clause: Evasion moves are banned
|rule|Evasion Abilities Clause: Evasion abilities are banned
|rule|Sleep Moves Clause: Sleep-inducing moves are banned
|clearpoke
|poke|p1|Kyurem|
|poke|p1|Cinderace, M|
|poke|p1|Tornadus-Therian, M|
|poke|p1|Hatterene, F|
|poke|p1|Great Tusk|
|poke|p1|Kingambit, F|
|poke|p2|Kingambit, M|
|poke|p2|Dragonite, F|
|poke|p2|Landorus-Therian, M|
|poke|p2|Zamazenta-*|
|poke|p2|Ogerpon-Wellspring, F|
|poke|p2|Dragapult, M|
|teampreview
|inactive|Battle timer is ON: inactive players will automatically lose when time's up. (requested by Zephyri)
|inactive|kashima mizuya has 120 seconds left.
|inactive|kashima mizuya has 90 seconds left.
|inactive|kashima mizuya has 60 seconds left.
|
|t:|1776295165
|teamsize|p1|6
|teamsize|p2|6
|start
|switch|p1a: Tornadus|Tornadus-Therian, M|100/100
|switch|p2a: Dragapult|Dragapult, M|100/100
|turn|1
|
|t:|1776295176
|move|p2a: Dragapult|Shadow Ball|p1a: Tornadus
|-damage|p1a: Tornadus|67/100
|move|p1a: Tornadus|Bleakwind Storm|p2a: Dragapult|[miss]
|-miss|p1a: Tornadus|p2a: Dragapult
|
|upkeep
|turn|2
|
|t:|1776295193
|switch|p2a: Kingambit|Kingambit, M|100/100
|move|p1a: Tornadus|Knock Off|p2a: Kingambit
|-resisted|p2a: Kingambit
|-damage|p2a: Kingambit|93/100
|-enditem|p2a: Kingambit|Black Glasses|[from] move: Knock Off|[of] p1a: Tornadus
|
|upkeep
|turn|3
|
|t:|1776295200
|move|p1a: Tornadus|Heat Wave|p2a: Kingambit
|-supereffective|p2a: Kingambit
|-damage|p2a: Kingambit|47/100
|move|p2a: Kingambit|Swords Dance|p2a: Kingambit
|-boost|p2a: Kingambit|atk|2
|
|upkeep
|turn|4
|inactive|Zephyri has 120 seconds left.
|inactive|Zephyri has 90 seconds left.
|
|t:|1776295277
|switch|p1a: Great Tusk|Great Tusk|100/100
|move|p2a: Kingambit|Iron Head|p1a: Great Tusk
|-damage|p1a: Great Tusk|40/100
|-damage|p2a: Kingambit|30/100|[from] item: Rocky Helmet|[of] p1a: Great Tusk
|
|upkeep
|turn|5
|inactive|kashima mizuya has 90 seconds left.
|
|t:|1776295318
|move|p2a: Kingambit|Sucker Punch||[still]
|-fail|p2a: Kingambit
|move|p1a: Great Tusk|Stealth Rock|p2a: Kingambit
|-sidestart|p2: kashima mizuya|move: Stealth Rock
|
|upkeep
|turn|6
|
|t:|1776295328
|move|p2a: Kingambit|Sucker Punch|p1a: Great Tusk
|-resisted|p1a: Great Tusk
|-damage|p1a: Great Tusk|15/100
|-damage|p2a: Kingambit|14/100|[from] item: Rocky Helmet|[of] p1a: Great Tusk
|move|p1a: Great Tusk|Headlong Rush|p2a: Kingambit
|-supereffective|p2a: Kingambit
|-damage|p2a: Kingambit|0 fnt
|-unboost|p1a: Great Tusk|def|1
|-unboost|p1a: Great Tusk|spd|1
|faint|p2a: Kingambit
|-end|p2a: Kingambit|fallenundefined|[silent]
|
|upkeep
|
|t:|1776295349
|switch|p2a: Ogerpon|Ogerpon-Wellspring, F|100/100
|-damage|p2a: Ogerpon|88/100|[from] Stealth Rock
|turn|7
|inactive|Zephyri has 90 seconds left.
|
|t:|1776295367
|move|p2a: Ogerpon|Trailblaze|p1a: Great Tusk
|-supereffective|p1a: Great Tusk
|-damage|p1a: Great Tusk|0 fnt
|-boost|p2a: Ogerpon|spe|1
|-damage|p2a: Ogerpon|72/100|[from] item: Rocky Helmet|[of] p1a: Great Tusk
|faint|p1a: Great Tusk
|-end|p1a: Great Tusk|Protosynthesis|[silent]
|
|upkeep
|
|t:|1776295378
|switch|p1a: Tornadus|Tornadus-Therian, M|99/100
|turn|8
|inactive|kashima mizuya has 60 seconds left.
|
|t:|1776295415
|-terastallize|p2a: Ogerpon|Water
|detailschange|p2a: Ogerpon|Ogerpon-Wellspring-Tera, F, tera:Water
|-ability|p2a: Ogerpon|Embody Aspect (Wellspring)|boost
|-boost|p2a: Ogerpon|spd|1
|move|p2a: Ogerpon|Swords Dance|p2a: Ogerpon
|-boost|p2a: Ogerpon|atk|2
|move|p1a: Tornadus|Bleakwind Storm|p2a: Ogerpon
|-damage|p2a: Ogerpon|43/100
|
|upkeep
|turn|9
|inactive|Zephyri has 90 seconds left.
|inactive|kashima mizuya has 60 seconds left.
|
|t:|1776295430
|move|p2a: Ogerpon|Ivy Cudgel|p1a: Tornadus|[anim] Ivy Cudgel Water
|-damage|p1a: Tornadus|0 fnt
|faint|p1a: Tornadus
|
|upkeep
|
|t:|1776295433
|switch|p1a: Kingambit|Kingambit, F|100/100
|-activate|p1a: Kingambit|ability: Supreme Overlord
|-start|p1a: Kingambit|fallen2|[silent]
|turn|10
|
|t:|1776295437
|switch|p2a: Landorus|Landorus-Therian, M|100/100
|-damage|p2a: Landorus|88/100|[from] Stealth Rock
|-ability|p2a: Landorus|Intimidate|boost
|-unboost|p1a: Kingambit|atk|1
|move|p1a: Kingambit|Sucker Punch||[still]
|-fail|p1a: Kingambit
|
|upkeep
|turn|11
|
|t:|1776295444
|-end|p1a: Kingambit|fallen2|[silent]
|switch|p1a: Hatterene|Hatterene, F|100/100
|move|p2a: Landorus|Earth Power|p1a: Hatterene
|-damage|p1a: Hatterene|58/100
|
|-heal|p1a: Hatterene|64/100|[from] item: Leftovers
|upkeep
|turn|12
|inactive|Zephyri has 90 seconds left.
|
|t:|1776295470
|move|p2a: Landorus|U-turn|p1a: Hatterene
|-damage|p1a: Hatterene|46/100
|
|t:|1776295473
|switch|p2a: Dragonite|Dragonite, F, shiny|100/100|[from] U-turn
|move|p1a: Hatterene|Psychic Noise|p2a: Dragonite
|-damage|p2a: Dragonite|84/100
|-start|p2a: Dragonite|move: Heal Block
|
|-heal|p1a: Hatterene|52/100|[from] item: Leftovers
|upkeep
|turn|13
|inactive|kashima mizuya has 90 seconds left.
|inactive|Zephyri has 90 seconds left.
|
|t:|1776295493
|move|p2a: Dragonite|Dragon Dance|p2a: Dragonite
|-boost|p2a: Dragonite|atk|1
|-boost|p2a: Dragonite|spe|1
|move|p1a: Hatterene|Draining Kiss|p2a: Dragonite
|-supereffective|p2a: Dragonite
|-damage|p2a: Dragonite|37/100
|-heal|p1a: Hatterene|90/100|[from] drain|[of] p2a: Dragonite
|
|-heal|p1a: Hatterene|96/100|[from] item: Leftovers
|-end|p2a: Dragonite|move: Heal Block
|upkeep
|turn|14
|inactive|Zephyri has 90 seconds left.
|
|t:|1776295513
|move|p2a: Dragonite|Earthquake|p1a: Hatterene
|-damage|p1a: Hatterene|50/100
|move|p1a: Hatterene|Draining Kiss|p2a: Dragonite
|-supereffective|p2a: Dragonite
|-damage|p2a: Dragonite|0 fnt
|-heal|p1a: Hatterene|79/100|[from] drain|[of] p2a: Dragonite
|faint|p2a: Dragonite
|
|-heal|p1a: Hatterene|85/100|[from] item: Leftovers
|upkeep
|
|t:|1776295517
|switch|p2a: Dragapult|Dragapult, M|100/100
|-damage|p2a: Dragapult|88/100|[from] Stealth Rock
|turn|15
|inactive|Zephyri has 90 seconds left.
|
|t:|1776295539
|switch|p1a: Kingambit|Kingambit, F|100/100
|-activate|p1a: Kingambit|ability: Supreme Overlord
|-start|p1a: Kingambit|fallen2|[silent]
|move|p2a: Dragapult|U-turn|p1a: Kingambit
|-damage|p1a: Kingambit|87/100
|
|t:|1776295541
|switch|p2a: Landorus|Landorus-Therian, M|88/100|[from] U-turn
|-damage|p2a: Landorus|76/100|[from] Stealth Rock
|-ability|p2a: Landorus|Intimidate|boost
|-unboost|p1a: Kingambit|atk|1
|
|-heal|p1a: Kingambit|94/100|[from] item: Leftovers
|upkeep
|turn|16
|
|t:|1776295546
|-end|p1a: Kingambit|fallen2|[silent]
|switch|p1a: Hatterene|Hatterene, F|85/100
|move|p2a: Landorus|Earth Power|p1a: Hatterene
|-damage|p1a: Hatterene|45/100
|
|-heal|p1a: Hatterene|51/100|[from] item: Leftovers
|upkeep
|turn|17
|inactive|Zephyri has 90 seconds left.
|
|t:|1776295553
|move|p2a: Landorus|Earth Power|p1a: Hatterene
|-damage|p1a: Hatterene|8/100
|move|p1a: Hatterene|Psychic Noise|p2a: Landorus
|-damage|p2a: Landorus|33/100
|-start|p2a: Landorus|move: Heal Block
|
|-heal|p1a: Hatterene|14/100|[from] item: Leftovers
|upkeep
|turn|18
|
|t:|1776295560
|move|p2a: Landorus|U-turn|p1a: Hatterene
|-damage|p1a: Hatterene|0 fnt
|faint|p1a: Hatterene
|
|t:|1776295564
|switch|p2a: Dragapult|Dragapult, M|88/100|[from] U-turn
|-damage|p2a: Dragapult|76/100|[from] Stealth Rock
|
|upkeep
|inactive|Zephyri has 90 seconds left.
|
|t:|1776295607
|switch|p1a: Kingambit|Kingambit, F|94/100
|-activate|p1a: Kingambit|ability: Supreme Overlord
|-start|p1a: Kingambit|fallen3|[silent]
|turn|19
|
|t:|1776295612
|switch|p2a: Landorus|Landorus-Therian, M|33/100
|-damage|p2a: Landorus|21/100|[from] Stealth Rock
|-ability|p2a: Landorus|Intimidate|boost
|-unboost|p1a: Kingambit|atk|1
|move|p1a: Kingambit|Swords Dance|p1a: Kingambit
|-boost|p1a: Kingambit|atk|2
|
|-heal|p1a: Kingambit|99/100|[from] item: Leftovers
|upkeep
|turn|20
|
|t:|1776295619
|move|p1a: Kingambit|Sucker Punch||[still]
|-fail|p1a: Kingambit
|move|p2a: Landorus|Taunt|p1a: Kingambit
|-start|p1a: Kingambit|move: Taunt
|
|-heal|p1a: Kingambit|100/100|[from] item: Leftovers
|upkeep
|turn|21
|inactive|Zephyri has 90 seconds left.
|
|t:|1776295624
|move|p1a: Kingambit|Sucker Punch||[still]
|-fail|p1a: Kingambit
|move|p2a: Landorus|Stealth Rock|p1a: Kingambit
|-sidestart|p1: Zephyri|move: Stealth Rock
|
|upkeep
|turn|22
|
|t:|1776295627
|move|p1a: Kingambit|Sucker Punch|p2a: Landorus
|-damage|p2a: Landorus|0 fnt
|-damage|p1a: Kingambit|84/100|[from] item: Rocky Helmet|[of] p2a: Landorus
|faint|p2a: Landorus
|
|-heal|p1a: Kingambit|90/100|[from] item: Leftovers
|upkeep
|
|t:|1776295629
|switch|p2a: Zamazenta|Zamazenta|100/100
|-damage|p2a: Zamazenta|94/100|[from] Stealth Rock
|-ability|p2a: Zamazenta|Dauntless Shield|boost
|-boost|p2a: Zamazenta|def|1
|turn|23
|
|t:|1776295651
|-terastallize|p1a: Kingambit|Fairy
|move|p2a: Zamazenta|Close Combat|p1a: Kingambit
|-resisted|p1a: Kingambit
|-damage|p1a: Kingambit|63/100
|-unboost|p2a: Zamazenta|def|1
|-unboost|p2a: Zamazenta|spd|1
|-damage|p2a: Zamazenta|84/100|[from] item: Life Orb
|move|p1a: Kingambit|Tera Blast|p2a: Zamazenta|[anim] Tera Blast Fairy
|-supereffective|p2a: Zamazenta
|-damage|p2a: Zamazenta|0 fnt
|faint|p2a: Zamazenta
|
|-heal|p1a: Kingambit|69/100|[from] item: Leftovers
|-end|p1a: Kingambit|move: Taunt
|upkeep
|
|t:|1776295662
|switch|p2a: Ogerpon|Ogerpon-Wellspring-Tera, F, tera:Water|43/100
|-damage|p2a: Ogerpon|30/100|[from] Stealth Rock
|-ability|p2a: Ogerpon|Embody Aspect (Wellspring)|boost
|-boost|p2a: Ogerpon|spd|1
|turn|24
|inactive|Zephyri has 90 seconds left.
|
|t:|1776295706
|move|p1a: Kingambit|Sucker Punch||[still]
|-fail|p1a: Kingambit
|move|p2a: Ogerpon|Swords Dance|p2a: Ogerpon
|-boost|p2a: Ogerpon|atk|2
|
|-heal|p1a: Kingambit|76/100|[from] item: Leftovers
|upkeep
|turn|25
|
|t:|1776295718
|move|p1a: Kingambit|Sucker Punch||[still]
|-fail|p1a: Kingambit
|move|p2a: Ogerpon|Swords Dance|p2a: Ogerpon
|-boost|p2a: Ogerpon|atk|2
|
|-heal|p1a: Kingambit|82/100|[from] item: Leftovers
|upkeep
|turn|26
|
|t:|1776295727
|move|p2a: Ogerpon|Ivy Cudgel|p1a: Kingambit|[anim] Ivy Cudgel Water
|-damage|p1a: Kingambit|0 fnt
|faint|p1a: Kingambit
|-end|p1a: Kingambit|fallen3|[silent]
|
|upkeep
|
|t:|1776295733
|switch|p1a: Cinderace|Cinderace, M|100/100
|turn|27
|
|t:|1776295747
|switch|p2a: Dragapult|Dragapult, M|76/100
|-damage|p2a: Dragapult|64/100|[from] Stealth Rock
|move|p1a: Cinderace|Gunk Shot|p2a: Dragapult
|-start|p1a: Cinderace|typechange|Poison|[from] ability: Libero
|-resisted|p2a: Dragapult
|-damage|p2a: Dragapult|24/100
|
|upkeep
|turn|28
|inactive|Zephyri has 90 seconds left.
|
|t:|1776295760
|switch|p1a: Kyurem|Kyurem|100/100
|-damage|p1a: Kyurem|76/100|[from] Stealth Rock
|-ability|p1a: Kyurem|Pressure
|move|p2a: Dragapult|Draco Meteor|p1a: Kyurem|[miss]
|-miss|p2a: Dragapult|p1a: Kyurem
|
|upkeep
|turn|29
|
|t:|1776295766
|move|p2a: Dragapult|Draco Meteor|p1a: Kyurem
|-supereffective|p1a: Kyurem
|-damage|p1a: Kyurem|0 fnt
|-unboost|p2a: Dragapult|spa|2
|faint|p1a: Kyurem
|
|upkeep
|
|t:|1776295768
|switch|p1a: Cinderace|Cinderace, M|100/100
|turn|30
|
|t:|1776295774
|switch|p2a: Ogerpon|Ogerpon-Wellspring-Tera, F, tera:Water|30/100
|-damage|p2a: Ogerpon|18/100|[from] Stealth Rock
|-ability|p2a: Ogerpon|Embody Aspect (Wellspring)|boost
|-boost|p2a: Ogerpon|spd|1
|move|p1a: Cinderace|Pyro Ball|p2a: Ogerpon
|-resisted|p2a: Ogerpon
|-damage|p2a: Ogerpon|0 fnt
|faint|p2a: Ogerpon
|detailschange|p2: Ogerpon|Ogerpon-Wellspring, F|[silent]
|
|upkeep
|
|t:|1776295782
|switch|p2a: Dragapult|Dragapult, M|24/100
|-damage|p2a: Dragapult|12/100|[from] Stealth Rock
|turn|31
|
|t:|1776295787
|move|p2a: Dragapult|Draco Meteor|p1a: Cinderace
|-damage|p1a: Cinderace|0 fnt
|-unboost|p2a: Dragapult|spa|2
|faint|p1a: Cinderace
|
|win|kashima mizuya
|raw|Zephyri's rating: 1444 &rarr; <strong>1422</strong><br />(-22 for losing)
|raw|kashima mizuya's rating: 1409 &rarr; <strong>1431</strong><br />(+22 for winning)
|l|☆Zephyri
|player|p1|
