|html|<div class="broadcast-blue"><strong>[Gen 9] OU is currently suspecting Tera Blast! For information on how to participate check out the <a href="https://www.smogon.com/tools/suspects/view/200">suspect thread</a>.</strong></div>
|j|☆zx121
|j|☆fullmelmetal101
|t:|1776309888
|gametype|singles
|player|p1|zx121|1|1156
|player|p2|fullmelmetal101|plasmagrunt-gen5bw|1153
|gen|9
|tier|[Gen 9] OU
|rated|
|rule|HP Percentage Mod: HP is shown in percentages
|rule|Endless Battle Clause: Forcing endless battles is banned
|rule|Species Clause: Limit one of each Pokémon
|rule|OHKO Clause: OHKO moves are banned
|rule|Evasion Items Clause: Evasion items are banned
|rule|Evasion Moves Clause: Evasion moves are banned
|rule|Evasion Abilities Clause: Evasion abilities are banned
|rule|Sleep Moves Clause: Sleep-inducing moves are banned
|clearpoke
|poke|p1|Ogerpon, F|
|poke|p1|Moltres|
|poke|p1|Great Tusk|
|poke|p1|Gholdengo|
|poke|p1|Primarina, M|
|poke|p1|Scizor, M|
|poke|p2|Garganacl, F|
|poke|p2|Volcanion|
|poke|p2|Weezing-Galar, F|
|poke|p2|Landorus-Therian, M|
|poke|p2|Darkrai|
|poke|p2|Deoxys-Speed|
|teampreview
|inactive|Battle timer is ON: inactive players will automatically lose when time's up. (requested by fullmelmetal101)
|
|t:|1776309911
|teamsize|p1|6
|teamsize|p2|6
|start
|switch|p1a: Ogerpon|Ogerpon, F|100/100
|switch|p2a: Landorus|Landorus-Therian, M, shiny|100/100
|-ability|p2a: Landorus|Intimidate|boost
|-unboost|p1a: Ogerpon|atk|1
|-ability|p1a: Ogerpon|Defiant|boost
|-boost|p1a: Ogerpon|atk|2
|turn|1
|
|t:|1776309922
|move|p1a: Ogerpon|Ivy Cudgel|p2a: Landorus
|-damage|p2a: Landorus|12/100
|move|p2a: Landorus|U-turn|p1a: Ogerpon
|-supereffective|p1a: Ogerpon
|-damage|p1a: Ogerpon|33/100
|
|t:|1776309940
|switch|p2a: Deoxys|Deoxys-Speed, shiny|100/100|[from] U-turn
|-ability|p2a: Deoxys|Pressure
|
|upkeep
|turn|2
|
|t:|1776309946
|-terastallize|p1a: Ogerpon|Grass
|detailschange|p1a: Ogerpon|Ogerpon-Teal-Tera, F, tera:Grass
|-ability|p1a: Ogerpon|Embody Aspect (Teal)|boost
|-boost|p1a: Ogerpon|spe|1
|move|p1a: Ogerpon|Ivy Cudgel|p2a: Deoxys
|-damage|p2a: Deoxys|0 fnt
|faint|p2a: Deoxys
|
|upkeep
|inactive|fullmelmetal101 has 120 seconds left.
|
|t:|1776309967
|switch|p2a: Volcanion|Volcanion|100/100
|turn|3
|
|t:|1776309974
|switch|p1a: Primarina|Primarina, M|100/100
|-terastallize|p2a: Volcanion|Fire
|move|p2a: Volcanion|Sludge Bomb|p1a: Primarina
|-supereffective|p1a: Primarina
|-damage|p1a: Primarina|66/100
|
|upkeep
|turn|4
|
|t:|1776309982
|move|p1a: Primarina|Psychic Noise|p2a: Volcanion
|-damage|p2a: Volcanion|73/100
|-start|p2a: Volcanion|move: Heal Block
|move|p2a: Volcanion|Sludge Bomb|p1a: Primarina
|-supereffective|p1a: Primarina
|-damage|p1a: Primarina|28/100
|
|upkeep
|turn|5
|
|t:|1776309991
|move|p1a: Primarina|Psychic Noise|p2a: Volcanion
|-damage|p2a: Volcanion|47/100
|move|p2a: Volcanion|Sludge Bomb|p1a: Primarina
|-supereffective|p1a: Primarina
|-damage|p1a: Primarina|0 fnt
|faint|p1a: Primarina
|
|-end|p2a: Volcanion|move: Heal Block
|upkeep
|
|t:|1776309998
|switch|p1a: Great Tusk|Great Tusk|100/100
|turn|6
|
|t:|1776310005
|switch|p2a: Landorus|Landorus-Therian, M, shiny|12/100
|-ability|p2a: Landorus|Intimidate|boost
|-unboost|p1a: Great Tusk|atk|1
|move|p1a: Great Tusk|Headlong Rush|p2a: Landorus
|-immune|p2a: Landorus
|
|upkeep
|turn|7
|
|t:|1776310019
|switch|p2a: Weezing|Weezing-Galar, F, shiny|100/100
|-ability|p2a: Weezing|Neutralizing Gas
|move|p1a: Great Tusk|Rapid Spin|p2a: Weezing
|-damage|p2a: Weezing|90/100
|-boost|p1a: Great Tusk|spe|1
|
|-heal|p2a: Weezing|96/100|[from] item: Leftovers
|upkeep
|turn|8
|
|t:|1776310032
|-end|p1a: Great Tusk|Protosynthesis|[silent]
|switch|p1a: Gholdengo|Gholdengo|100/100
|move|p2a: Weezing|Will-O-Wisp|p1a: Gholdengo
|-status|p1a: Gholdengo|brn
|
|-heal|p2a: Weezing|100/100|[from] item: Leftovers
|-damage|p1a: Gholdengo|94/100 brn|[from] brn
|upkeep
|turn|9
|
|t:|1776310043
|-end|p2a: Weezing|ability: Neutralizing Gas
|switch|p2a: Volcanion|Volcanion, tera:Fire|47/100
|move|p1a: Gholdengo|Make It Rain|p2a: Volcanion
|-resisted|p2a: Volcanion
|-damage|p2a: Volcanion|0 fnt
|-unboost|p1a: Gholdengo|spa|1
|faint|p2a: Volcanion
|
|-damage|p1a: Gholdengo|88/100 brn|[from] brn
|upkeep
|
|t:|1776310061
|switch|p2a: Darkrai|Darkrai, shiny|100/100
|turn|10
|
|t:|1776310069
|switch|p1a: Moltres|Moltres|100/100
|move|p2a: Darkrai|Calm Mind|p2a: Darkrai
|-boost|p2a: Darkrai|spa|1
|-boost|p2a: Darkrai|spd|1
|
|upkeep
|turn|11
|
|t:|1776310085
|move|p2a: Darkrai|Calm Mind|p2a: Darkrai
|-boost|p2a: Darkrai|spa|1
|-boost|p2a: Darkrai|spd|1
|move|p1a: Moltres|U-turn|p2a: Darkrai
|-supereffective|p2a: Darkrai
|-damage|p2a: Darkrai|62/100
|
|t:|1776310092
|switch|p1a: Ogerpon|Ogerpon-Teal-Tera, F, tera:Grass|33/100|[from] U-turn
|-ability|p1a: Ogerpon|Embody Aspect (Teal)|boost
|-boost|p1a: Ogerpon|spe|1
|
|-heal|p2a: Darkrai|68/100|[from] item: Leftovers
|upkeep
|turn|12
|
|t:|1776310104
|switch|p2a: Landorus|Landorus-Therian, M, shiny|12/100
|-ability|p2a: Landorus|Intimidate|boost
|-unboost|p1a: Ogerpon|atk|1
|move|p1a: Ogerpon|Encore||[still]
|-fail|p1a: Ogerpon
|
|upkeep
|turn|13
|
|t:|1776310115
|move|p1a: Ogerpon|Knock Off|p2a: Landorus
|-damage|p2a: Landorus|0 fnt
|-enditem|p2a: Landorus|Heavy-Duty Boots|[from] move: Knock Off|[of] p1a: Ogerpon
|faint|p2a: Landorus
|
|upkeep
|
|t:|1776310123
|switch|p2a: Weezing|Weezing-Galar, F, shiny|100/100
|-ability|p2a: Weezing|Neutralizing Gas
|turn|14
|
|t:|1776310129
|switch|p1a: Gholdengo|Gholdengo|88/100 brn
|move|p2a: Weezing|Toxic||[still]
|-fail|p2a: Weezing
|
|-damage|p1a: Gholdengo|82/100 brn|[from] brn
|upkeep
|turn|15
|
|t:|1776310138
|-end|p2a: Weezing|ability: Neutralizing Gas
|switch|p2a: Darkrai|Darkrai, shiny|68/100
|move|p1a: Gholdengo|Make It Rain|p2a: Darkrai
|-damage|p2a: Darkrai|0 fnt
|-unboost|p1a: Gholdengo|spa|1
|faint|p2a: Darkrai
|
|-damage|p1a: Gholdengo|76/100 brn|[from] brn
|upkeep
|
|t:|1776310151
|switch|p2a: Garganacl|Garganacl, F, shiny|100/100
|turn|16
|
|t:|1776310164
|move|p1a: Gholdengo|Make It Rain|p2a: Garganacl
|-supereffective|p2a: Garganacl
|-damage|p2a: Garganacl|6/100
|-unboost|p1a: Gholdengo|spa|1
|move|p2a: Garganacl|Curse|p2a: Garganacl
|-unboost|p2a: Garganacl|spe|1
|-boost|p2a: Garganacl|atk|1
|-boost|p2a: Garganacl|def|1
|
|-heal|p2a: Garganacl|13/100|[from] item: Leftovers
|-damage|p1a: Gholdengo|70/100 brn|[from] brn
|upkeep
|turn|17
|
|t:|1776310176
|move|p2a: Garganacl|Protect|p2a: Garganacl
|-singleturn|p2a: Garganacl|Protect
|move|p1a: Gholdengo|Make It Rain|p2a: Garganacl
|-activate|p2a: Garganacl|move: Protect
|
|-heal|p2a: Garganacl|19/100|[from] item: Leftovers
|-damage|p1a: Gholdengo|64/100 brn|[from] brn
|upkeep
|turn|18
|
|t:|1776310188
|switch|p2a: Weezing|Weezing-Galar, F, shiny|100/100
|-ability|p2a: Weezing|Neutralizing Gas
|move|p1a: Gholdengo|Make It Rain|p2a: Weezing
|-supereffective|p2a: Weezing
|-damage|p2a: Weezing|5/100
|-unboost|p1a: Gholdengo|spa|1
|
|-heal|p2a: Weezing|11/100|[from] item: Leftovers
|-damage|p1a: Gholdengo|58/100 brn|[from] brn
|upkeep
|turn|19
|
|t:|1776310201
|move|p2a: Weezing|Protect|p2a: Weezing
|-singleturn|p2a: Weezing|Protect
|move|p1a: Gholdengo|Make It Rain|p2a: Weezing
|-activate|p2a: Weezing|move: Protect
|
|-heal|p2a: Weezing|17/100|[from] item: Leftovers
|-damage|p1a: Gholdengo|52/100 brn|[from] brn
|upkeep
|turn|20
|
|t:|1776310211
|move|p2a: Weezing|Protect||[still]
|-fail|p2a: Weezing
|move|p1a: Gholdengo|Make It Rain|p2a: Weezing
|-supereffective|p2a: Weezing
|-damage|p2a: Weezing|0 fnt
|-unboost|p1a: Gholdengo|spa|1
|faint|p2a: Weezing
|-end|p2a: Weezing|ability: Neutralizing Gas
|
|-damage|p1a: Gholdengo|46/100 brn|[from] brn
|upkeep
|
|t:|1776310222
|switch|p2a: Garganacl|Garganacl, F, shiny|19/100
|turn|21
|
|t:|1776310225
|move|p2a: Garganacl|Protect|p2a: Garganacl
|-singleturn|p2a: Garganacl|Protect
|move|p1a: Gholdengo|Make It Rain|p2a: Garganacl
|-activate|p2a: Garganacl|move: Protect
|
|-heal|p2a: Garganacl|25/100|[from] item: Leftovers
|-damage|p1a: Gholdengo|40/100 brn|[from] brn
|upkeep
|turn|22
|
|t:|1776310237
|-activate|p1a: Gholdengo|move: Struggle
|move|p1a: Gholdengo|Struggle|p2a: Garganacl
|-damage|p2a: Garganacl|24/100
|-damage|p1a: Gholdengo|16/100 brn|[from] recoil
|move|p2a: Garganacl|Recover|p2a: Garganacl
|-heal|p2a: Garganacl|74/100
|
|-heal|p2a: Garganacl|80/100|[from] item: Leftovers
|-damage|p1a: Gholdengo|10/100 brn|[from] brn
|upkeep
|turn|23
|
|t:|1776310249
|switch|p1a: Scizor|Scizor, M|100/100
|move|p2a: Garganacl|Curse|p2a: Garganacl
|-unboost|p2a: Garganacl|spe|1
|-boost|p2a: Garganacl|atk|1
|-boost|p2a: Garganacl|def|1
|
|-heal|p2a: Garganacl|86/100|[from] item: Leftovers
|upkeep
|turn|24
|
|t:|1776310261
|move|p1a: Scizor|Bullet Punch|p2a: Garganacl
|-supereffective|p2a: Garganacl
|-damage|p2a: Garganacl|46/100
|move|p2a: Garganacl|Salt Cure|p1a: Scizor
|-damage|p1a: Scizor|74/100
|-start|p1a: Scizor|Salt Cure
|
|-heal|p2a: Garganacl|52/100|[from] item: Leftovers
|-damage|p1a: Scizor|49/100|[from] Salt Cure
|upkeep
|turn|25
|
|t:|1776310273
|switch|p1a: Gholdengo|Gholdengo|10/100 brn
|move|p2a: Garganacl|Recover|p2a: Garganacl
|-heal|p2a: Garganacl|100/100
|
|-damage|p1a: Gholdengo|4/100 brn|[from] brn
|upkeep
|turn|26
|
|t:|1776310281
|move|p1a: Gholdengo|Trick|p2a: Garganacl
|-activate|p1a: Gholdengo|move: Trick|[of] p2a: Garganacl
|-item|p2a: Garganacl|Choice Specs|[from] move: Trick
|-item|p1a: Gholdengo|Leftovers|[from] move: Trick
|move|p2a: Garganacl|Curse|p2a: Garganacl
|-unboost|p2a: Garganacl|spe|1
|-boost|p2a: Garganacl|atk|1
|-boost|p2a: Garganacl|def|1
|
|-heal|p1a: Gholdengo|10/100 brn|[from] item: Leftovers
|-damage|p1a: Gholdengo|4/100 brn|[from] brn
|upkeep
|turn|27
|c|☆fullmelmetal101|Lol fuckin loser.
|-message|fullmelmetal101 forfeited.
|
|win|zx121
