|html|<div class="broadcast-blue"><strong>[Gen 9] OU is currently suspecting Tera Blast! For information on how to participate check out the <a href="https://www.smogon.com/tools/suspects/view/200">suspect thread</a>.</strong></div>
|j|‽Sunds
|j|☆Vk_XR
|t:|1776055527
|gametype|singles
|player|p1|Sunds|265|1183
|player|p2|Vk_XR|266|1144
|gen|9
|tier|[Gen 9] OU
|rated|
|rule|HP Percentage Mod: HP is shown in percentages
|rule|Endless Battle Clause: Forcing endless battles is banned
|rule|Species Clause: Limit one of each Pokémon
|rule|OHKO Clause: OHKO moves are banned
|rule|Evasion Items Clause: Evasion items are banned
|rule|Evasion Moves Clause: Evasion moves are banned
|rule|Evasion Abilities Clause: Evasion abilities are banned
|rule|Sleep Moves Clause: Sleep-inducing moves are banned
|clearpoke
|poke|p1|Kingambit, M|
|poke|p1|Great Tusk|
|poke|p1|Gholdengo|
|poke|p1|Dragapult, F|
|poke|p1|Rillaboom, F|
|poke|p1|Heatran, M|
|poke|p2|Eiscue, F|
|poke|p2|Blaziken, M|
|poke|p2|Revavroom, M|
|poke|p2|Garganacl, M|
|poke|p2|Quaquaval, F|
|poke|p2|Clefable, M|
|teampreview
|
|t:|1776055552
|teamsize|p1|6
|teamsize|p2|6
|start
|switch|p1a: Great Tusk|Great Tusk|100/100
|switch|p2a: Quaquaval|Quaquaval, F|100/100
|turn|1
|
|t:|1776055570
|-terastallize|p1a: Great Tusk|Water
|move|p2a: Quaquaval|Swords Dance|p2a: Quaquaval
|-boost|p2a: Quaquaval|atk|2
|move|p1a: Great Tusk|Stealth Rock|p2a: Quaquaval
|-sidestart|p2: Vk_XR|move: Stealth Rock
|
|upkeep
|turn|2
|
|t:|1776055582
|move|p2a: Quaquaval|Aqua Step|p1a: Great Tusk
|-resisted|p1a: Great Tusk
|-damage|p1a: Great Tusk|78/100
|-boost|p2a: Quaquaval|spe|1
|-damage|p2a: Quaquaval|84/100|[from] item: Rocky Helmet|[of] p1a: Great Tusk
|-damage|p2a: Quaquaval|74/100|[from] item: Life Orb
|move|p1a: Great Tusk|Headlong Rush|p2a: Quaquaval
|-damage|p2a: Quaquaval|2/100
|-unboost|p1a: Great Tusk|def|1
|-unboost|p1a: Great Tusk|spd|1
|
|upkeep
|turn|3
|
|t:|1776055595
|move|p2a: Quaquaval|Close Combat|p1a: Great Tusk
|-damage|p1a: Great Tusk|0 fnt
|-unboost|p2a: Quaquaval|def|1
|-unboost|p2a: Quaquaval|spd|1
|-damage|p2a: Quaquaval|0 fnt|[from] item: Rocky Helmet|[of] p1a: Great Tusk
|faint|p1a: Great Tusk
|-end|p1a: Great Tusk|Protosynthesis|[silent]
|faint|p2a: Quaquaval
|
|upkeep
|
|t:|1776055609
|switch|p2a: Garganacl|Garganacl, M|100/100
|switch|p1a: Gholdengo|Gholdengo|100/100
|-item|p1a: Gholdengo|Air Balloon
|-damage|p2a: Garganacl|88/100|[from] Stealth Rock
|turn|4
|
|t:|1776055619
|move|p1a: Gholdengo|Nasty Plot|p1a: Gholdengo
|-boost|p1a: Gholdengo|spa|2
|move|p2a: Garganacl|Salt Cure|p1a: Gholdengo
|-resisted|p1a: Gholdengo
|-damage|p1a: Gholdengo|93/100
|-start|p1a: Gholdengo|Salt Cure
|-enditem|p1a: Gholdengo|Air Balloon
|
|-damage|p1a: Gholdengo|68/100|[from] Salt Cure
|upkeep
|turn|5
|
|t:|1776055629
|move|p1a: Gholdengo|Make It Rain|p2a: Garganacl
|-supereffective|p2a: Garganacl
|-damage|p2a: Garganacl|0 fnt
|-unboost|p1a: Gholdengo|spa|1
|faint|p2a: Garganacl
|
|-damage|p1a: Gholdengo|43/100|[from] Salt Cure
|upkeep
|
|t:|1776055638
|switch|p2a: Eiscue|Eiscue, F|100/100
|-damage|p2a: Eiscue|76/100|[from] Stealth Rock
|turn|6
|
|t:|1776055656
|switch|p2a: Revavroom|Revavroom, M|100/100
|-damage|p2a: Revavroom|95/100|[from] Stealth Rock
|-item|p2a: Revavroom|Air Balloon
|move|p1a: Gholdengo|Make It Rain|p2a: Revavroom
|-resisted|p2a: Revavroom
|-damage|p2a: Revavroom|20/100
|-unboost|p1a: Gholdengo|spa|1
|-enditem|p2a: Revavroom|Air Balloon
|
|-damage|p1a: Gholdengo|18/100|[from] Salt Cure
|upkeep
|turn|7
|
|t:|1776055684
|switch|p1a: Heatran|Heatran, M|100/100
|move|p2a: Revavroom|Shift Gear|p2a: Revavroom
|-boost|p2a: Revavroom|spe|2
|-boost|p2a: Revavroom|atk|1
|
|upkeep
|turn|8
|
|t:|1776055694
|-terastallize|p2a: Revavroom|Water
|move|p2a: Revavroom|Tera Blast|p1a: Heatran|[anim] Tera Blast Water
|-supereffective|p1a: Heatran
|-damage|p1a: Heatran|0 fnt
|faint|p1a: Heatran
|
|upkeep
|
|t:|1776055701
|switch|p1a: Rillaboom|Rillaboom, F|100/100
|-fieldstart|move: Grassy Terrain|[from] ability: Grassy Surge|[of] p1a: Rillaboom
|turn|9
|
|t:|1776055705
|move|p1a: Rillaboom|Grassy Glide|p2a: Revavroom
|-supereffective|p2a: Revavroom
|-damage|p2a: Revavroom|0 fnt
|faint|p2a: Revavroom
|
|upkeep
|
|t:|1776055711
|switch|p2a: Eiscue|Eiscue, F|76/100
|-damage|p2a: Eiscue|51/100|[from] Stealth Rock
|turn|10
|
|t:|1776055721
|switch|p1a: Gholdengo|Gholdengo|18/100
|move|p2a: Eiscue|Belly Drum|p2a: Eiscue
|-damage|p2a: Eiscue|1/100
|-setboost|p2a: Eiscue|atk|6|[from] move: Belly Drum
|-enditem|p2a: Eiscue|Sitrus Berry|[eat]
|-heal|p2a: Eiscue|26/100|[from] item: Sitrus Berry
|
|-heal|p1a: Gholdengo|25/100|[from] Grassy Terrain
|-heal|p2a: Eiscue|32/100|[from] Grassy Terrain
|upkeep
|turn|11
|
|t:|1776055732
|move|p1a: Gholdengo|Make It Rain|p2a: Eiscue
|-supereffective|p2a: Eiscue
|-damage|p2a: Eiscue|0 fnt
|-unboost|p1a: Gholdengo|spa|1
|faint|p2a: Eiscue
|
|-heal|p1a: Gholdengo|31/100|[from] Grassy Terrain
|upkeep
|
|t:|1776055742
|switch|p2a: Blaziken|Blaziken, M|100/100
|-damage|p2a: Blaziken|88/100|[from] Stealth Rock
|turn|12
|
|t:|1776055752
|switch|p1a: Dragapult|Dragapult, F|100/100
|move|p2a: Blaziken|Blaze Kick|p1a: Dragapult
|-resisted|p1a: Dragapult
|-damage|p1a: Dragapult|70/100
|
|-heal|p1a: Dragapult|76/100|[from] Grassy Terrain
|-heal|p2a: Blaziken|94/100|[from] Grassy Terrain
|-ability|p2a: Blaziken|Speed Boost|boost
|-boost|p2a: Blaziken|spe|1
|upkeep
|turn|13
|
|t:|1776055766
|move|p1a: Dragapult|Draco Meteor|p2a: Blaziken
|-damage|p2a: Blaziken|0 fnt
|-unboost|p1a: Dragapult|spa|2
|faint|p2a: Blaziken
|
|-heal|p1a: Dragapult|82/100|[from] Grassy Terrain
|-fieldend|move: Grassy Terrain
|upkeep
|
|t:|1776055773
|switch|p2a: Clefable|Clefable, M|100/100
|-damage|p2a: Clefable|88/100|[from] Stealth Rock
|turn|14
|
|t:|1776055781
|switch|p1a: Rillaboom|Rillaboom, F|100/100
|-fieldstart|move: Grassy Terrain|[from] ability: Grassy Surge|[of] p1a: Rillaboom
|move|p2a: Clefable|Calm Mind|p2a: Clefable
|-boost|p2a: Clefable|spa|1
|-boost|p2a: Clefable|spd|1
|
|-heal|p2a: Clefable|94/100|[from] Grassy Terrain
|-heal|p2a: Clefable|99/100|[from] item: Leftovers
|upkeep
|turn|15
|
|t:|1776055793
|move|p1a: Rillaboom|Wood Hammer|p2a: Clefable
|-damage|p2a: Clefable|0 fnt
|faint|p2a: Clefable
|-damage|p1a: Rillaboom|62/100|[from] Recoil
|
|win|Sunds
|raw|Sunds's rating: 1183 &rarr; <strong>1205</strong><br />(+22 for winning)
|raw|Vk_XR's rating: 1144 &rarr; <strong>1122</strong><br />(-22 for losing)
|l|☆Vk_XR
|player|p2|
|l|‽Sunds
|player|p1|
