|html|<div class="broadcast-blue"><strong>[Gen 9] OU is currently suspecting Tera Blast! For information on how to participate check out the <a href="https://www.smogon.com/tools/suspects/view/200">suspect thread</a>.</strong></div>
|j|☆apersonorsomething
|j|☆Auburn Hills
|t:|1776032075
|gametype|singles
|player|p1|apersonorsomething|265|1697
|player|p2|Auburn Hills|alder|1797
|gen|9
|tier|[Gen 9] OU
|rated|
|rule|HP Percentage Mod: HP is shown in percentages
|rule|Endless Battle Clause: Forcing endless battles is banned
|rule|Species Clause: Limit one of each Pokémon
|rule|OHKO Clause: OHKO moves are banned
|rule|Evasion Items Clause: Evasion items are banned
|rule|Evasion Moves Clause: Evasion moves are banned
|rule|Evasion Abilities Clause: Evasion abilities are banned
|rule|Sleep Moves Clause: Sleep-inducing moves are banned
|clearpoke
|poke|p1|Deoxys-Speed|
|poke|p1|Gholdengo|
|poke|p1|Zamazenta-*|
|poke|p1|Ting-Lu|
|poke|p1|Clefable, F|
|poke|p1|Dragonite, M|
|poke|p2|Iron Moth|
|poke|p2|Umbreon, F|
|poke|p2|Garchomp, F|
|poke|p2|Glimmora, M|
|poke|p2|Gholdengo|
|poke|p2|Dragonite, F|
|teampreview
|inactive|Battle timer is ON: inactive players will automatically lose when time's up. (requested by apersonorsomething)
|inactive|apersonorsomething has 120 seconds left.
|
|t:|1776032114
|teamsize|p1|6
|teamsize|p2|6
|start
|switch|p1a: Dude Nasty Asf|Deoxys-Speed|100/100
|switch|p2a: Julia Jacklin|Glimmora, M|100/100
|-ability|p1a: Dude Nasty Asf|Pressure
|turn|1
|
|t:|1776032128
|move|p1a: Dude Nasty Asf|Psycho Boost|p2a: Julia Jacklin
|-supereffective|p2a: Julia Jacklin
|-crit|p2a: Julia Jacklin
|-enditem|p2a: Julia Jacklin|Focus Sash
|-damage|p2a: Julia Jacklin|1/100
|-unboost|p1a: Dude Nasty Asf|spa|2
|move|p2a: Julia Jacklin|Sludge Wave|p1a: Dude Nasty Asf
|-damage|p1a: Dude Nasty Asf|23/100
|-status|p1a: Dude Nasty Asf|psn
|
|-damage|p1a: Dude Nasty Asf|11/100 psn|[from] psn
|upkeep
|turn|2
|
|t:|1776032142
|move|p1a: Dude Nasty Asf|Thunderbolt|p2a: Julia Jacklin
|-damage|p2a: Julia Jacklin|0 fnt
|faint|p2a: Julia Jacklin
|
|-damage|p1a: Dude Nasty Asf|0 fnt|[from] psn
|faint|p1a: Dude Nasty Asf
|upkeep
|j| volbeatluvr
|l| volbeatluvr
|
|t:|1776032162
|switch|p1a: Moonrock 350|Clefable, F|100/100
|switch|p2a: Smino|Gholdengo|100/100
|turn|3
|
|t:|1776032165
|switch|p1a: Up Bowl On Em|Ting-Lu|100/100
|-ability|p1a: Up Bowl On Em|Vessel of Ruin
|move|p2a: Smino|Trick|p1a: Up Bowl On Em
|-activate|p2a: Smino|move: Trick|[of] p1a: Up Bowl On Em
|-item|p1a: Up Bowl On Em|Choice Scarf|[from] move: Trick
|-item|p2a: Smino|Leftovers|[from] move: Trick
|
|upkeep
|turn|4
|
|t:|1776032169
|move|p2a: Smino|Shadow Ball|p1a: Up Bowl On Em
|-resisted|p1a: Up Bowl On Em
|-damage|p1a: Up Bowl On Em|92/100
|move|p1a: Up Bowl On Em|Spikes|p2a: Smino
|-sidestart|p2: Auburn Hills|Spikes
|
|upkeep
|turn|5
|
|t:|1776032172
|move|p2a: Smino|Shadow Ball|p1a: Up Bowl On Em
|-resisted|p1a: Up Bowl On Em
|-damage|p1a: Up Bowl On Em|84/100
|-unboost|p1a: Up Bowl On Em|spd|1
|move|p1a: Up Bowl On Em|Spikes|p2a: Smino
|-sidestart|p2: Auburn Hills|Spikes
|
|upkeep
|turn|6
|
|t:|1776032180
|switch|p1a: Secret Service|Dragonite, M|100/100
|move|p2a: Smino|Shadow Ball|p1a: Secret Service
|-damage|p1a: Secret Service|82/100
|
|upkeep
|turn|7
|
|t:|1776032191
|switch|p2a: Alvvays|Umbreon, F|100/100
|-damage|p2a: Alvvays|84/100|[from] Spikes
|switch|p1a: Up Bowl On Em|Ting-Lu|84/100
|-ability|p1a: Up Bowl On Em|Vessel of Ruin
|
|-heal|p2a: Alvvays|90/100|[from] item: Leftovers
|upkeep
|turn|8
|
|t:|1776032194
|move|p1a: Up Bowl On Em|Spikes|p2a: Alvvays
|-sidestart|p2: Auburn Hills|Spikes
|move|p2a: Alvvays|Wish|p2a: Alvvays
|
|-heal|p2a: Alvvays|96/100|[from] item: Leftovers
|upkeep
|turn|9
|
|t:|1776032196
|switch|p1a: Moonrock 350|Clefable, F|100/100
|move|p2a: Alvvays|Foul Play|p1a: Moonrock 350
|-resisted|p1a: Moonrock 350
|-damage|p1a: Moonrock 350|92/100
|-damage|p2a: Alvvays|80/100|[from] item: Rocky Helmet|[of] p1a: Moonrock 350
|
|-heal|p2a: Alvvays|100/100|[from] move: Wish|[wisher] Alvvays
|upkeep
|turn|10
|
|t:|1776032199
|move|p2a: Alvvays|Thunder Wave|p1a: Moonrock 350
|-status|p1a: Moonrock 350|par
|move|p1a: Moonrock 350|Stealth Rock|p2a: Alvvays
|-sidestart|p2: Auburn Hills|move: Stealth Rock
|
|upkeep
|turn|11
|
|t:|1776032203
|move|p2a: Alvvays|Wish|p2a: Alvvays
|cant|p1a: Moonrock 350|par
|
|upkeep
|turn|12
|
|t:|1776032208
|switch|p2a: Smino|Gholdengo|100/100
|-damage|p2a: Smino|76/100|[from] Spikes
|-damage|p2a: Smino|70/100|[from] Stealth Rock
|move|p1a: Moonrock 350|Knock Off|p2a: Smino
|-supereffective|p2a: Smino
|-damage|p2a: Smino|40/100
|-enditem|p2a: Smino|Leftovers|[from] move: Knock Off|[of] p1a: Moonrock 350
|
|-heal|p2a: Smino|100/100|[from] move: Wish|[wisher] Alvvays
|upkeep
|turn|13
|
|t:|1776032213
|switch|p1a: Up Bowl On Em|Ting-Lu|84/100
|-ability|p1a: Up Bowl On Em|Vessel of Ruin
|move|p2a: Smino|Shadow Ball|p1a: Up Bowl On Em
|-resisted|p1a: Up Bowl On Em
|-damage|p1a: Up Bowl On Em|75/100
|
|upkeep
|turn|14
|
|t:|1776032215
|move|p2a: Smino|Make It Rain|p1a: Up Bowl On Em
|-damage|p1a: Up Bowl On Em|46/100
|-unboost|p2a: Smino|spa|1
|move|p1a: Up Bowl On Em|Earthquake|p2a: Smino
|-supereffective|p2a: Smino
|-damage|p2a: Smino|24/100
|
|upkeep
|turn|15
|
|t:|1776032228
|move|p2a: Smino|Make It Rain|p1a: Up Bowl On Em
|-damage|p1a: Up Bowl On Em|29/100
|-unboost|p2a: Smino|spa|1
|move|p1a: Up Bowl On Em|Earthquake|p2a: Smino
|-supereffective|p2a: Smino
|-damage|p2a: Smino|0 fnt
|faint|p2a: Smino
|
|upkeep
|
|t:|1776032237
|switch|p2a: Elucid|Dragonite, F|100/100
|turn|16
|
|t:|1776032257
|switch|p1a: CClifford|Zamazenta|100/100
|-ability|p1a: CClifford|Dauntless Shield|boost
|-boost|p1a: CClifford|def|1
|move|p2a: Elucid|Dragon Dance|p2a: Elucid
|-boost|p2a: Elucid|atk|1
|-boost|p2a: Elucid|spe|1
|
|upkeep
|turn|17
|
|t:|1776032261
|move|p1a: CClifford|Ice Fang|p2a: Elucid
|-supereffective|p2a: Elucid
|-damage|p2a: Elucid|56/100
|cant|p2a: Elucid|flinch
|
|upkeep
|turn|18
|
|t:|1776032267
|move|p2a: Elucid|Extreme Speed|p1a: CClifford
|-damage|p1a: CClifford|75/100
|move|p1a: CClifford|Ice Fang|p2a: Elucid
|-supereffective|p2a: Elucid
|-damage|p2a: Elucid|0 fnt
|faint|p2a: Elucid
|
|upkeep
|
|t:|1776032270
|switch|p2a: Carly Rae|Iron Moth|100/100
|-damage|p2a: Carly Rae|76/100|[from] Spikes
|-damage|p2a: Carly Rae|51/100|[from] Stealth Rock
|-enditem|p2a: Carly Rae|Booster Energy
|-activate|p2a: Carly Rae|ability: Quark Drive|[fromitem]
|-start|p2a: Carly Rae|quarkdrivespe
|turn|19
|-message|Auburn Hills forfeited.
|
|win|apersonorsomething
|raw|apersonorsomething's rating: 1697 &rarr; <strong>1722</strong><br />(+25 for winning)
|raw|Auburn Hills's rating: 1782 &rarr; <strong>1757</strong><br />(-25 for losing)
|l|☆Auburn Hills
|player|p2|
|l|☆apersonorsomething
|player|p1|
