|html|<div class="broadcast-blue"><strong>[Gen 9] OU is currently suspecting Tera Blast! For information on how to participate check out the <a href="https://www.smogon.com/tools/suspects/view/200">suspect thread</a>.</strong></div>
|j|☆DIGIWAYNE123
|j|☆Shattersong
|t:|1776268769
|gametype|singles
|player|p1|DIGIWAYNE123|swimmerf-gen4|1359
|player|p2|Shattersong|wattson|1311
|gen|9
|tier|[Gen 9] OU
|rated|
|rule|HP Percentage Mod: HP is shown in percentages
|rule|Endless Battle Clause: Forcing endless battles is banned
|rule|Species Clause: Limit one of each Pokémon
|rule|OHKO Clause: OHKO moves are banned
|rule|Evasion Items Clause: Evasion items are banned
|rule|Evasion Moves Clause: Evasion moves are banned
|rule|Evasion Abilities Clause: Evasion abilities are banned
|rule|Sleep Moves Clause: Sleep-inducing moves are banned
|clearpoke
|poke|p1|Tyranitar, F|
|poke|p1|Excadrill, M|
|poke|p1|Lycanroc, M|
|poke|p1|Scizor, M|
|poke|p1|Cyclizar, M|
|poke|p1|Volcanion|
|poke|p2|Glimmora, F|
|poke|p2|Raging Bolt|
|poke|p2|Cinderace, F|
|poke|p2|Quaquaval, M|
|poke|p2|Ninetales-Alola, F|
|poke|p2|Gholdengo|
|teampreview
|
|t:|1776268778
|teamsize|p1|6
|teamsize|p2|6
|start
|switch|p1a: Tyranitar|Tyranitar, F|100/100
|switch|p2a: Seadall|Quaquaval, M|100/100
|-weather|Sandstorm|[from] ability: Sand Stream|[of] p1a: Tyranitar
|turn|1
|inactive|Battle timer is ON: inactive players will automatically lose when time's up. (requested by DIGIWAYNE123)
|
|t:|1776268790
|switch|p1a: Volcanion|Volcanion|100/100
|move|p2a: Seadall|Aqua Step|p1a: Volcanion
|-immune|p1a: Volcanion|[from] ability: Water Absorb
|
|-weather|Sandstorm|[upkeep]
|-damage|p2a: Seadall|94/100|[from] Sandstorm
|-damage|p1a: Volcanion|94/100|[from] Sandstorm
|upkeep
|turn|2
|
|t:|1776268800
|move|p2a: Seadall|Knock Off|p1a: Volcanion
|-damage|p1a: Volcanion|63/100
|-enditem|p1a: Volcanion|Assault Vest|[from] move: Knock Off|[of] p2a: Seadall
|move|p1a: Volcanion|Steam Eruption|p2a: Seadall
|-resisted|p2a: Seadall
|-damage|p2a: Seadall|51/100
|
|-weather|Sandstorm|[upkeep]
|-damage|p2a: Seadall|45/100|[from] Sandstorm
|-damage|p1a: Volcanion|57/100|[from] Sandstorm
|upkeep
|turn|3
|
|t:|1776268811
|switch|p2a: Jade|Ninetales-Alola, F, shiny|100/100
|-weather|Snowscape|[from] ability: Snow Warning|[of] p2a: Jade
|move|p1a: Volcanion|Earth Power|p2a: Jade
|-damage|p2a: Jade|62/100
|
|-weather|Snowscape|[upkeep]
|upkeep
|turn|4
|
|t:|1776268820
|switch|p1a: Tyranitar|Tyranitar, F|100/100
|-weather|Sandstorm|[from] ability: Sand Stream|[of] p1a: Tyranitar
|move|p2a: Jade|Moonblast|p1a: Tyranitar
|-supereffective|p1a: Tyranitar
|-damage|p1a: Tyranitar|51/100
|-unboost|p1a: Tyranitar|spa|1
|
|-weather|Sandstorm|[upkeep]
|-damage|p2a: Jade|56/100|[from] Sandstorm
|upkeep
|turn|5
|
|t:|1776268837
|switch|p2a: Jewel|Glimmora, F, shiny|100/100
|switch|p1a: Volcanion|Volcanion|57/100
|
|-weather|Sandstorm|[upkeep]
|-damage|p1a: Volcanion|51/100|[from] Sandstorm
|upkeep
|turn|6
|
|t:|1776268845
|move|p2a: Jewel|Meteor Beam||[still]
|-prepare|p2a: Jewel|Meteor Beam
|-boost|p2a: Jewel|spa|1
|-enditem|p2a: Jewel|Power Herb
|-anim|p2a: Jewel|Meteor Beam|p1a: Volcanion
|-supereffective|p1a: Volcanion
|-damage|p1a: Volcanion|0 fnt
|faint|p1a: Volcanion
|
|-weather|Sandstorm|[upkeep]
|upkeep
|
|t:|1776268853
|switch|p1a: Excadrill|Excadrill, M|100/100
|turn|7
|
|t:|1776268862
|move|p1a: Excadrill|Iron Head|p2a: Jewel
|-supereffective|p2a: Jewel
|-damage|p2a: Jewel|5/100
|-activate|p2a: Jewel|ability: Toxic Debris
|-sidestart|p1: DIGIWAYNE123|move: Toxic Spikes
|cant|p2a: Jewel|flinch
|
|-weather|Sandstorm|[upkeep]
|upkeep
|turn|8
|
|t:|1776268870
|switch|p2a: Soleil|Gholdengo|100/100
|-item|p2a: Soleil|Air Balloon
|move|p1a: Excadrill|Iron Head|p2a: Soleil
|-resisted|p2a: Soleil
|-damage|p2a: Soleil|75/100
|-enditem|p2a: Soleil|Air Balloon
|
|-weather|Sandstorm|[upkeep]
|upkeep
|turn|9
|
|t:|1776268882
|switch|p2a: Jewel|Glimmora, F, shiny|5/100
|move|p1a: Excadrill|Earthquake|p2a: Jewel
|-supereffective|p2a: Jewel
|-damage|p2a: Jewel|0 fnt
|-activate|p2a: Jewel|ability: Toxic Debris
|-sidestart|p1: DIGIWAYNE123|move: Toxic Spikes
|faint|p2a: Jewel
|
|-weather|Sandstorm|[upkeep]
|upkeep
|
|t:|1776268893
|switch|p2a: Jade|Ninetales-Alola, F, shiny|56/100
|-weather|Snowscape|[from] ability: Snow Warning|[of] p2a: Jade
|turn|10
|
|t:|1776268901
|switch|p2a: Seadall|Quaquaval, M|45/100
|move|p1a: Excadrill|Iron Head|p2a: Seadall
|-resisted|p2a: Seadall
|-damage|p2a: Seadall|18/100
|
|-weather|Snowscape|[upkeep]
|upkeep
|turn|11
|
|t:|1776268909
|switch|p1a: Scizor|Scizor, M|100/100
|move|p2a: Seadall|Aqua Step|p1a: Scizor
|-damage|p1a: Scizor|59/100
|-boost|p2a: Seadall|spe|1
|
|-weather|Snowscape|[upkeep]
|-heal|p1a: Scizor|65/100|[from] item: Leftovers
|upkeep
|turn|12
|
|t:|1776268918
|move|p1a: Scizor|Bullet Punch|p2a: Seadall
|-resisted|p2a: Seadall
|-damage|p2a: Seadall|0 fnt
|faint|p2a: Seadall
|
|-weather|Snowscape|[upkeep]
|-heal|p1a: Scizor|71/100|[from] item: Leftovers
|upkeep
|
|t:|1776268927
|switch|p2a: Raging Bolt|Raging Bolt|100/100
|turn|13
|
|t:|1776268934
|switch|p1a: Tyranitar|Tyranitar, F|51/100
|-status|p1a: Tyranitar|tox
|-weather|Sandstorm|[from] ability: Sand Stream|[of] p1a: Tyranitar
|move|p2a: Raging Bolt|Calm Mind|p2a: Raging Bolt
|-boost|p2a: Raging Bolt|spa|1
|-boost|p2a: Raging Bolt|spd|1
|
|-weather|Sandstorm|[upkeep]
|-damage|p2a: Raging Bolt|94/100|[from] Sandstorm
|-heal|p2a: Raging Bolt|100/100|[from] item: Leftovers
|-damage|p1a: Tyranitar|45/100 tox|[from] psn
|upkeep
|turn|14
|
|t:|1776268947
|move|p1a: Tyranitar|Stealth Rock|p2a: Raging Bolt
|-sidestart|p2: Shattersong|move: Stealth Rock
|move|p2a: Raging Bolt|Dragon Pulse|p1a: Tyranitar
|-damage|p1a: Tyranitar|0 fnt
|faint|p1a: Tyranitar
|
|-weather|Sandstorm|[upkeep]
|-damage|p2a: Raging Bolt|94/100|[from] Sandstorm
|-heal|p2a: Raging Bolt|100/100|[from] item: Leftovers
|upkeep
|
|t:|1776268951
|switch|p1a: Cyclizar|Cyclizar, M|100/100
|-status|p1a: Cyclizar|tox
|turn|15
|
|t:|1776268960
|move|p1a: Cyclizar|Rapid Spin|p2a: Raging Bolt
|-damage|p2a: Raging Bolt|89/100
|-boost|p1a: Cyclizar|spe|1
|-sideend|p1: DIGIWAYNE123|Toxic Spikes|[from] move: Rapid Spin|[of] p1a: Cyclizar
|move|p2a: Raging Bolt|Calm Mind|p2a: Raging Bolt
|-boost|p2a: Raging Bolt|spa|1
|-boost|p2a: Raging Bolt|spd|1
|
|-weather|Sandstorm|[upkeep]
|-damage|p1a: Cyclizar|94/100 tox|[from] Sandstorm
|-damage|p2a: Raging Bolt|83/100|[from] Sandstorm
|-heal|p2a: Raging Bolt|89/100|[from] item: Leftovers
|-damage|p1a: Cyclizar|88/100 tox|[from] psn
|upkeep
|turn|16
|
|t:|1776268986
|-terastallize|p2a: Raging Bolt|Flying
|move|p1a: Cyclizar|Draco Meteor|p2a: Raging Bolt
|-damage|p2a: Raging Bolt|69/100
|-unboost|p1a: Cyclizar|spa|2
|move|p2a: Raging Bolt|Dragon Pulse|p1a: Cyclizar
|-supereffective|p1a: Cyclizar
|-damage|p1a: Cyclizar|0 fnt
|faint|p1a: Cyclizar
|
|-weather|Sandstorm|[upkeep]
|-damage|p2a: Raging Bolt|62/100|[from] Sandstorm
|-heal|p2a: Raging Bolt|69/100|[from] item: Leftovers
|upkeep
|
|t:|1776268994
|switch|p1a: Lycanroc|Lycanroc, M|100/100
|turn|17
|
|t:|1776269003
|move|p1a: Lycanroc|Swords Dance|p1a: Lycanroc
|-boost|p1a: Lycanroc|atk|2
|move|p2a: Raging Bolt|Discharge|p1a: Lycanroc
|-enditem|p1a: Lycanroc|Focus Sash
|-damage|p1a: Lycanroc|1/100
|
|-weather|Sandstorm|[upkeep]
|-damage|p2a: Raging Bolt|62/100|[from] Sandstorm
|-heal|p2a: Raging Bolt|69/100|[from] item: Leftovers
|upkeep
|turn|18
|
|t:|1776269014
|move|p1a: Lycanroc|Accelerock|p2a: Raging Bolt
|-supereffective|p2a: Raging Bolt
|-damage|p2a: Raging Bolt|5/100
|move|p2a: Raging Bolt|Thunderclap||[still]
|-fail|p2a: Raging Bolt
|
|-weather|Sandstorm|[upkeep]
|-damage|p2a: Raging Bolt|0 fnt|[from] Sandstorm
|faint|p2a: Raging Bolt
|-end|p2a: Raging Bolt|Protosynthesis|[silent]
|upkeep
|
|t:|1776269029
|switch|p2a: Jade|Ninetales-Alola, F, shiny|56/100
|-damage|p2a: Jade|31/100|[from] Stealth Rock
|-weather|Snowscape|[from] ability: Snow Warning|[of] p2a: Jade
|turn|19
|
|t:|1776269036
|move|p1a: Lycanroc|Accelerock|p2a: Jade
|-supereffective|p2a: Jade
|-damage|p2a: Jade|0 fnt
|faint|p2a: Jade
|
|-weather|Snowscape|[upkeep]
|upkeep
|
|t:|1776269042
|switch|p2a: Gala|Cinderace, F, shiny|100/100
|turn|20
|
|t:|1776269047
|move|p2a: Gala|Sucker Punch|p1a: Lycanroc
|-start|p2a: Gala|typechange|Dark|[from] ability: Libero
|-damage|p1a: Lycanroc|0 fnt
|faint|p1a: Lycanroc
|
|-weather|Snowscape|[upkeep]
|upkeep
|
|t:|1776269053
|switch|p1a: Scizor|Scizor, M|71/100
|turn|21
|
|t:|1776269064
|-terastallize|p1a: Scizor|Fire
|move|p2a: Gala|Pyro Ball|p1a: Scizor
|-resisted|p1a: Scizor
|-damage|p1a: Scizor|53/100
|move|p1a: Scizor|Close Combat|p2a: Gala
|-supereffective|p2a: Gala
|-damage|p2a: Gala|0 fnt
|-unboost|p1a: Scizor|def|1
|-unboost|p1a: Scizor|spd|1
|faint|p2a: Gala
|
|-weather|Snowscape|[upkeep]
|-heal|p1a: Scizor|59/100|[from] item: Leftovers
|upkeep
|
|t:|1776269077
|switch|p2a: Soleil|Gholdengo|75/100
|-damage|p2a: Soleil|69/100|[from] Stealth Rock
|turn|22
|
|t:|1776269082
|move|p2a: Soleil|Make It Rain|p1a: Scizor
|-resisted|p1a: Scizor
|-crit|p1a: Scizor
|-damage|p1a: Scizor|0 fnt
|-unboost|p2a: Soleil|spa|1
|faint|p1a: Scizor
|
|-weather|Snowscape|[upkeep]
|upkeep
|
|t:|1776269085
|switch|p1a: Excadrill|Excadrill, M|100/100
|turn|23
|
|t:|1776269092
|move|p1a: Excadrill|Earthquake|p2a: Soleil
|-supereffective|p2a: Soleil
|-damage|p2a: Soleil|0 fnt
|faint|p2a: Soleil
|
|win|DIGIWAYNE123
|raw|DIGIWAYNE123's rating: 1359 &rarr; <strong>1376</strong><br />(+17 for winning)
|raw|Shattersong's rating: 1311 &rarr; <strong>1294</strong><br />(-17 for losing)
|l|☆Shattersong
|player|p2|
