|html|<div class="broadcast-blue"><strong>[Gen 9] OU is currently suspecting Tera Blast! For information on how to participate check out the <a href="https://www.smogon.com/tools/suspects/view/200">suspect thread</a>.</strong></div>
|j|☆TheRegisAreCool
|j|☆swooningdekooning
|t:|1776259722
|gametype|singles
|player|p1|TheRegisAreCool|fisherman-gen4|1310
|player|p2|swooningdekooning|unknown|1324
|gen|9
|tier|[Gen 9] OU
|rated|
|rule|HP Percentage Mod: HP is shown in percentages
|rule|Endless Battle Clause: Forcing endless battles is banned
|rule|Species Clause: Limit one of each Pokémon
|rule|OHKO Clause: OHKO moves are banned
|rule|Evasion Items Clause: Evasion items are banned
|rule|Evasion Moves Clause: Evasion moves are banned
|rule|Evasion Abilities Clause: Evasion abilities are banned
|rule|Sleep Moves Clause: Sleep-inducing moves are banned
|clearpoke
|poke|p1|Conkeldurr, F|
|poke|p1|Iron Moth|
|poke|p1|Glimmora, M|
|poke|p1|Kommo-o, F|
|poke|p1|Samurott-Hisui, M|
|poke|p1|Donphan, M|
|poke|p2|Iron Valiant|
|poke|p2|Gliscor, F|
|poke|p2|Slowking-Galar, F|
|poke|p2|Great Tusk|
|poke|p2|Dragapult, F|
|poke|p2|Skarmory, F|
|teampreview
|inactive|Battle timer is ON: inactive players will automatically lose when time's up. (requested by swooningdekooning)
|
|t:|1776259762
|teamsize|p1|6
|teamsize|p2|6
|start
|switch|p1a: Samurott|Samurott-Hisui, M|100/100
|switch|p2a: Slowking|Slowking-Galar, F|100/100
|turn|1
|
|t:|1776259774
|move|p1a: Samurott|Ceaseless Edge|p2a: Slowking
|-supereffective|p2a: Slowking
|-damage|p2a: Slowking|0 fnt
|-sidestart|p2: swooningdekooning|Spikes
|faint|p2a: Slowking
|
|upkeep
|
|t:|1776259777
|switch|p2a: Dragapult|Dragapult, F|100/100
|turn|2
|
|t:|1776259779
|move|p2a: Dragapult|Will-O-Wisp|p1a: Samurott|[miss]
|-miss|p2a: Dragapult|p1a: Samurott
|move|p1a: Samurott|Ceaseless Edge|p2a: Dragapult|[miss]
|-miss|p1a: Samurott|p2a: Dragapult
|
|upkeep
|turn|3
|
|t:|1776259783
|move|p2a: Dragapult|Will-O-Wisp|p1a: Samurott
|-status|p1a: Samurott|brn
|move|p1a: Samurott|Ceaseless Edge|p2a: Dragapult
|-supereffective|p2a: Dragapult
|-damage|p2a: Dragapult|20/100
|-sidestart|p2: swooningdekooning|Spikes
|
|-damage|p1a: Samurott|94/100 brn|[from] brn
|upkeep
|turn|4
|
|t:|1776259785
|move|p1a: Samurott|Sucker Punch|p2a: Dragapult
|-supereffective|p2a: Dragapult
|-damage|p2a: Dragapult|0 fnt
|faint|p2a: Dragapult
|
|-damage|p1a: Samurott|88/100 brn|[from] brn
|upkeep
|
|t:|1776259787
|switch|p2a: Great Tusk|Great Tusk|100/100
|turn|5
|
|t:|1776259792
|move|p1a: Samurott|Sucker Punch||[still]
|-fail|p1a: Samurott
|move|p2a: Great Tusk|Stealth Rock|p1a: Samurott
|-sidestart|p1: TheRegisAreCool|move: Stealth Rock
|
|-damage|p1a: Samurott|82/100 brn|[from] brn
|upkeep
|turn|6
|
|t:|1776259795
|move|p2a: Great Tusk|Rapid Spin|p1a: Samurott
|-damage|p1a: Samurott|62/100 brn
|-boost|p2a: Great Tusk|spe|1
|-sideend|p2: swooningdekooning|Spikes|[from] move: Rapid Spin|[of] p2a: Great Tusk
|move|p1a: Samurott|Ceaseless Edge|p2a: Great Tusk
|-resisted|p2a: Great Tusk
|-damage|p2a: Great Tusk|92/100
|-sidestart|p2: swooningdekooning|Spikes
|
|-damage|p1a: Samurott|56/100 brn|[from] brn
|upkeep
|turn|7
|
|t:|1776259802
|-terastallize|p1a: Samurott|Water
|move|p2a: Great Tusk|Rapid Spin|p1a: Samurott
|-damage|p1a: Samurott|36/100 brn
|-boost|p2a: Great Tusk|spe|1
|-sideend|p2: swooningdekooning|Spikes|[from] move: Rapid Spin|[of] p2a: Great Tusk
|move|p1a: Samurott|Aqua Cutter|p2a: Great Tusk
|-supereffective|p2a: Great Tusk
|-damage|p2a: Great Tusk|40/100
|
|-damage|p1a: Samurott|29/100 brn|[from] brn
|upkeep
|turn|8
|
|t:|1776259807
|move|p2a: Great Tusk|Headlong Rush|p1a: Samurott
|-damage|p1a: Samurott|0 fnt
|-unboost|p2a: Great Tusk|def|1
|-unboost|p2a: Great Tusk|spd|1
|faint|p1a: Samurott
|
|upkeep
|
|t:|1776259814
|switch|p1a: Donphan|Donphan, M|100/100
|turn|9
|
|t:|1776259818
|-end|p2a: Great Tusk|Protosynthesis|[silent]
|switch|p2a: Skarmory|Skarmory, F|100/100
|move|p1a: Donphan|Ice Shard|p2a: Skarmory
|-damage|p2a: Skarmory|92/100
|
|upkeep
|turn|10
|
|t:|1776259825
|move|p1a: Donphan|Knock Off|p2a: Skarmory
|-damage|p2a: Skarmory|71/100
|-damage|p1a: Donphan|84/100|[from] item: Rocky Helmet|[of] p2a: Skarmory
|-enditem|p2a: Skarmory|Rocky Helmet|[from] move: Knock Off|[of] p1a: Donphan
|move|p2a: Skarmory|Whirlwind|p1a: Donphan
|drag|p1a: Glimmora|Glimmora, M|100/100
|-damage|p1a: Glimmora|88/100|[from] Stealth Rock
|
|upkeep
|turn|11
|
|t:|1776259833
|move|p1a: Glimmora|Power Gem|p2a: Skarmory
|-damage|p2a: Skarmory|18/100
|move|p2a: Skarmory|Spikes|p1a: Glimmora
|-sidestart|p1: TheRegisAreCool|Spikes
|
|upkeep
|turn|12
|
|t:|1776259838
|switch|p2a: Gliscor|Gliscor, F|100/100
|move|p1a: Glimmora|Power Gem|p2a: Gliscor
|-damage|p2a: Gliscor|68/100
|
|-status|p2a: Gliscor|tox|[from] item: Toxic Orb
|upkeep
|turn|13
|
|t:|1776259842
|move|p2a: Gliscor|Protect|p2a: Gliscor
|-singleturn|p2a: Gliscor|Protect
|move|p1a: Glimmora|Mortal Spin|p2a: Gliscor
|-activate|p2a: Gliscor|move: Protect
|
|-heal|p2a: Gliscor|81/100 tox|[from] ability: Poison Heal
|upkeep
|turn|14
|
|t:|1776259846
|switch|p2a: Skarmory|Skarmory, F|18/100
|move|p1a: Glimmora|Mortal Spin|p2a: Skarmory
|-immune|p2a: Skarmory
|
|upkeep
|turn|15
|
|t:|1776259850
|move|p1a: Glimmora|Power Gem|p2a: Skarmory
|-damage|p2a: Skarmory|0 fnt
|faint|p2a: Skarmory
|
|upkeep
|
|t:|1776259852
|switch|p2a: Iron Valiant|Iron Valiant|100/100
|turn|16
|
|t:|1776259856
|move|p2a: Iron Valiant|Psyshock|p1a: Glimmora
|-supereffective|p1a: Glimmora
|-damage|p1a: Glimmora|0 fnt
|faint|p1a: Glimmora
|
|upkeep
|
|t:|1776259860
|switch|p1a: Donphan|Donphan, M|84/100
|turn|17
|
|t:|1776259866
|-end|p2a: Iron Valiant|Quark Drive|[silent]
|switch|p2a: Gliscor|Gliscor, F|81/100 tox
|move|p1a: Donphan|Rapid Spin|p2a: Gliscor
|-damage|p2a: Gliscor|66/100 tox
|-boost|p1a: Donphan|spe|1
|-sideend|p1: TheRegisAreCool|Spikes|[from] move: Rapid Spin|[of] p1a: Donphan
|-sideend|p1: TheRegisAreCool|Stealth Rock|[from] move: Rapid Spin|[of] p1a: Donphan
|
|-heal|p2a: Gliscor|79/100 tox|[from] ability: Poison Heal
|upkeep
|turn|18
|
|t:|1776259869
|move|p1a: Donphan|Ice Shard|p2a: Gliscor
|-supereffective|p2a: Gliscor
|-damage|p2a: Gliscor|35/100 tox
|move|p2a: Gliscor|Knock Off|p1a: Donphan
|-damage|p1a: Donphan|66/100
|-enditem|p1a: Donphan|Heavy-Duty Boots|[from] move: Knock Off|[of] p2a: Gliscor
|
|-heal|p2a: Gliscor|47/100 tox|[from] ability: Poison Heal
|upkeep
|turn|19
|
|t:|1776259873
|move|p2a: Gliscor|Protect|p2a: Gliscor
|-singleturn|p2a: Gliscor|Protect
|move|p1a: Donphan|Ice Shard|p2a: Gliscor
|-activate|p2a: Gliscor|move: Protect
|
|-heal|p2a: Gliscor|60/100 tox|[from] ability: Poison Heal
|upkeep
|turn|20
|
|t:|1776259875
|move|p1a: Donphan|Ice Shard|p2a: Gliscor
|-supereffective|p2a: Gliscor
|-damage|p2a: Gliscor|14/100 tox
|move|p2a: Gliscor|Earthquake|p1a: Donphan
|-damage|p1a: Donphan|36/100
|
|-heal|p2a: Gliscor|27/100 tox|[from] ability: Poison Heal
|upkeep
|turn|21
|
|t:|1776259879
|move|p2a: Gliscor|Protect|p2a: Gliscor
|-singleturn|p2a: Gliscor|Protect
|move|p1a: Donphan|Ice Shard|p2a: Gliscor
|-activate|p2a: Gliscor|move: Protect
|
|-heal|p2a: Gliscor|39/100 tox|[from] ability: Poison Heal
|upkeep
|turn|22
|
|t:|1776259883
|move|p1a: Donphan|Ice Shard|p2a: Gliscor
|-supereffective|p2a: Gliscor
|-damage|p2a: Gliscor|0 fnt
|faint|p2a: Gliscor
|
|upkeep
|
|t:|1776259887
|switch|p2a: Great Tusk|Great Tusk|40/100
|turn|23
|
|t:|1776259891
|move|p1a: Donphan|Ice Shard|p2a: Great Tusk
|-supereffective|p2a: Great Tusk
|-damage|p2a: Great Tusk|20/100
|move|p2a: Great Tusk|Rapid Spin|p1a: Donphan
|-damage|p1a: Donphan|21/100
|-boost|p2a: Great Tusk|spe|1
|
|upkeep
|turn|24
|
|t:|1776259896
|move|p1a: Donphan|Ice Shard|p2a: Great Tusk
|-supereffective|p2a: Great Tusk
|-damage|p2a: Great Tusk|0 fnt
|faint|p2a: Great Tusk
|-end|p2a: Great Tusk|Protosynthesis|[silent]
|
|upkeep
|
|t:|1776259899
|switch|p2a: Iron Valiant|Iron Valiant|100/100
|turn|25
|
|t:|1776259902
|move|p1a: Donphan|Ice Shard|p2a: Iron Valiant
|-damage|p2a: Iron Valiant|83/100
|move|p2a: Iron Valiant|Moonblast|p1a: Donphan
|-damage|p1a: Donphan|0 fnt
|faint|p1a: Donphan
|
|upkeep
|
|t:|1776259913
|switch|p1a: Conkeldurr|Conkeldurr, F|100/100
|turn|26
|
|t:|1776259916
|-terastallize|p2a: Iron Valiant|Ghost
|move|p2a: Iron Valiant|Moonblast|p1a: Conkeldurr
|-supereffective|p1a: Conkeldurr
|-damage|p1a: Conkeldurr|0 fnt
|faint|p1a: Conkeldurr
|
|upkeep
|
|t:|1776259924
|switch|p1a: Iron Moth|Iron Moth|100/100
|-enditem|p1a: Iron Moth|Booster Energy
|-activate|p1a: Iron Moth|ability: Quark Drive|[fromitem]
|-start|p1a: Iron Moth|quarkdrivespe
|turn|27
|
|t:|1776259928
|move|p1a: Iron Moth|Fiery Dance|p2a: Iron Valiant
|-damage|p2a: Iron Valiant|11/100
|move|p2a: Iron Valiant|Moonblast|p1a: Iron Moth
|-resisted|p1a: Iron Moth
|-damage|p1a: Iron Moth|80/100
|
|upkeep
|turn|28
|
|t:|1776259933
|move|p1a: Iron Moth|Fiery Dance|p2a: Iron Valiant
|-damage|p2a: Iron Valiant|0 fnt
|-boost|p1a: Iron Moth|spa|1
|faint|p2a: Iron Valiant
|-end|p2a: Iron Valiant|Quark Drive|[silent]
|
|win|TheRegisAreCool
|raw|TheRegisAreCool's rating: 1310 &rarr; <strong>1331</strong><br />(+21 for winning)
|raw|swooningdekooning's rating: 1324 &rarr; <strong>1303</strong><br />(-21 for losing)
