|html|<div class="broadcast-blue"><strong>[Gen 9] OU is currently suspecting Tera Blast! For information on how to participate check out the <a href="https://www.smogon.com/tools/suspects/view/200">suspect thread</a>.</strong></div>
|j|☆ndoi
|j|☆wallahi brobini
|t:|1776126717
|gametype|singles
|player|p1|ndoi|266|1243
|player|p2|wallahi brobini|101|1180
|gen|9
|tier|[Gen 9] OU
|rated|
|rule|HP Percentage Mod: HP is shown in percentages
|rule|Endless Battle Clause: Forcing endless battles is banned
|rule|Species Clause: Limit one of each Pokémon
|rule|OHKO Clause: OHKO moves are banned
|rule|Evasion Items Clause: Evasion items are banned
|rule|Evasion Moves Clause: Evasion moves are banned
|rule|Evasion Abilities Clause: Evasion abilities are banned
|rule|Sleep Moves Clause: Sleep-inducing moves are banned
|clearpoke
|poke|p1|Kyurem|
|poke|p1|Ting-Lu|
|poke|p1|Gholdengo|
|poke|p1|Ogerpon-Wellspring, F|
|poke|p1|Great Tusk|
|poke|p1|Zamazenta-*|
|poke|p2|Scizor, F|
|poke|p2|Great Tusk|
|poke|p2|Eelektross, F|
|poke|p2|Dragapult, F|
|poke|p2|Hatterene, F|
|poke|p2|Ogerpon-Wellspring, F|
|teampreview
|inactive|Battle timer is ON: inactive players will automatically lose when time's up. (requested by wallahi brobini)
|c|☆wallahi brobini|same team?
|c|☆wallahi brobini|for sure
|c|☆ndoi|hajji
|c|☆ndoi|just run the 1
|
|t:|1776126745
|teamsize|p1|6
|teamsize|p2|6
|start
|switch|p1a: Ting-Lu|Ting-Lu|100/100
|switch|p2a: Scizor|Scizor, F|100/100
|-ability|p1a: Ting-Lu|Vessel of Ruin
|turn|1
|c|☆wallahi brobini|lol ur dead
|
|t:|1776126756
|move|p2a: Scizor|U-turn|p1a: Ting-Lu
|-supereffective|p1a: Ting-Lu
|-damage|p1a: Ting-Lu|37/100
|c|☆ndoi|we block
|
|t:|1776126758
|switch|p2a: Hatterene|Hatterene, F|100/100|[from] U-turn
|move|p1a: Ting-Lu|Stealth Rock|p2a: Hatterene
|move|p2a: Hatterene|Stealth Rock|p1a: Ting-Lu|[from] ability: Magic Bounce
|-sidestart|p1: ndoi|move: Stealth Rock
|
|-heal|p1a: Ting-Lu|44/100|[from] item: Leftovers
|upkeep
|turn|2
|c|☆ndoi|we dodge
|c|☆ndoi|we parry
|
|t:|1776126771
|switch|p1a: Great Tusk|Great Tusk|100/100
|move|p2a: Hatterene|Dazzling Gleam|p1a: Great Tusk
|-supereffective|p1a: Great Tusk
|-damage|p1a: Great Tusk|0 fnt
|faint|p1a: Great Tusk
|-end|p1a: Great Tusk|Protosynthesis|[silent]
|
|upkeep
|
|t:|1776126773
|switch|p1a: Kyurem|Kyurem|100/100
|-damage|p1a: Kyurem|76/100|[from] Stealth Rock
|-ability|p1a: Kyurem|Pressure
|turn|3
|c|☆wallahi brobini|we block
|c|☆wallahi brobini|nvm
|c|☆wallahi brobini|u already said that
|c|☆wallahi brobini|dude
|c|☆wallahi brobini|u cant parry for shit
|c|☆ndoi|i frames
|c|☆wallahi brobini|u use pyrekeeper?
|c|☆ndoi|setro
|c|☆wallahi brobini|loser
|inactive|wallahi brobini has 120 seconds left.
|c|☆wallahi brobini|setro :sob:
|
|t:|1776126808
|move|p1a: Kyurem|Ice Beam|p2a: Hatterene
|-damage|p2a: Hatterene|28/100
|-status|p2a: Hatterene|frz
|cant|p2a: Hatterene|frz
|
|upkeep
|turn|4
|c|☆wallahi brobini|SON
|
|t:|1776126816
|switch|p2a: Scizor|Scizor, F|100/100
|move|p1a: Kyurem|Ice Beam|p2a: Scizor
|-resisted|p2a: Scizor
|-damage|p2a: Scizor|56/100
|
|upkeep
|turn|5
|n|!ndoi|ndoi
|
|t:|1776126828
|move|p1a: Kyurem|Ice Beam|p2a: Scizor
|-resisted|p2a: Scizor
|-damage|p2a: Scizor|12/100
|-status|p2a: Scizor|frz
|cant|p2a: Scizor|frz
|
|upkeep
|turn|6
|c|☆wallahi brobini|son
|c|☆wallahi brobini|dude
|c|☆wallahi brobini|what
|
|t:|1776126843
|switch|p2a: Eelektross|Eelektross, F|100/100
|move|p1a: Kyurem|Ice Beam|p2a: Eelektross
|-damage|p2a: Eelektross|65/100
|
|upkeep
|turn|7
|
|t:|1776126857
|move|p1a: Kyurem|Ice Beam|p2a: Eelektross
|-damage|p2a: Eelektross|29/100
|-status|p2a: Eelektross|frz
|cant|p2a: Eelektross|frz
|
|upkeep
|turn|8
|c|☆wallahi brobini|dude
|c|☆wallahi brobini|dude
|c|☆wallahi brobini|dued
|c|☆wallahi brobini|thats impossible
|c|☆wallahi brobini|na
|c|☆wallahi brobini|na
|c|☆wallahi brobini|na
|
|t:|1776126877
|-terastallize|p2a: Eelektross|Steel
|move|p1a: Kyurem|Ice Beam|p2a: Eelektross
|-resisted|p2a: Eelektross
|-damage|p2a: Eelektross|10/100 frz
|cant|p2a: Eelektross|frz
|
|upkeep
|turn|9
|
|t:|1776126882
|move|p1a: Kyurem|Ice Beam|p2a: Eelektross
|-resisted|p2a: Eelektross
|-damage|p2a: Eelektross|0 fnt
|faint|p2a: Eelektross
|
|upkeep
|c|☆wallahi brobini|dude
|c|☆wallahi brobini|what is this frostdaw spam
|
|t:|1776126892
|switch|p2a: Dragapult|Dragapult, F|100/100
|turn|10
|c|☆wallahi brobini|is it
|c|☆wallahi brobini|like
|c|☆wallahi brobini|nvm
|c|☆wallahi brobini|im dead
|
|t:|1776126904
|switch|p2a: Scizor|Scizor, F|12/100 frz
|switch|p1a: Ting-Lu|Ting-Lu|44/100
|-damage|p1a: Ting-Lu|37/100|[from] Stealth Rock
|-ability|p1a: Ting-Lu|Vessel of Ruin
|
|-heal|p1a: Ting-Lu|44/100|[from] item: Leftovers
|upkeep
|turn|11
|
|t:|1776126909
|-curestatus|p2a: Scizor|frz|[msg]
|move|p2a: Scizor|U-turn|p1a: Ting-Lu
|-supereffective|p1a: Ting-Lu
|-damage|p1a: Ting-Lu|0 fnt
|faint|p1a: Ting-Lu
|c|☆wallahi brobini|wait im back
|c|☆wallahi brobini|YES
|
|t:|1776126920
|switch|p2a: Great Tusk|Great Tusk|100/100|[from] U-turn
|-enditem|p2a: Great Tusk|Booster Energy
|-activate|p2a: Great Tusk|ability: Protosynthesis|[fromitem]
|-start|p2a: Great Tusk|protosynthesisspe
|
|upkeep
|
|t:|1776126925
|switch|p1a: Ogerpon|Ogerpon-Wellspring, F|100/100
|-damage|p1a: Ogerpon|88/100|[from] Stealth Rock
|turn|12
|c|☆wallahi brobini|dude did u just
|c|☆wallahi brobini|reference deep
|c|☆wallahi brobini|or type
|
|t:|1776126940
|move|p2a: Great Tusk|Bulk Up|p2a: Great Tusk
|-boost|p2a: Great Tusk|atk|1
|-boost|p2a: Great Tusk|def|1
|move|p1a: Ogerpon|Ivy Cudgel|p2a: Great Tusk|[anim] Ivy Cudgel Water
|-supereffective|p2a: Great Tusk
|-damage|p2a: Great Tusk|52/100
|
|upkeep
|turn|13
|l|!ndoi
|inactive|ndoi disconnected and has a minute to reconnect!
|player|p1|
|j|!ndoi
|inactive|ndoi reconnected and has 145 seconds left.
|player|p1|ndoi|266|
|
|t:|1776126959
|move|p2a: Great Tusk|Close Combat|p1a: Ogerpon
|-damage|p1a: Ogerpon|0 fnt
|-unboost|p2a: Great Tusk|def|1
|-unboost|p2a: Great Tusk|spd|1
|faint|p1a: Ogerpon
|
|upkeep
|
|t:|1776126962
|switch|p1a: Kyurem|Kyurem|76/100
|-damage|p1a: Kyurem|51/100|[from] Stealth Rock
|-ability|p1a: Kyurem|Pressure
|turn|14
|
|t:|1776126969
|-end|p2a: Great Tusk|Protosynthesis|[silent]
|switch|p2a: Hatterene|Hatterene, F|28/100 frz
|move|p1a: Kyurem|Freeze-Dry|p2a: Hatterene
|-damage|p2a: Hatterene|0 fnt
|faint|p2a: Hatterene
|
|upkeep
|
|t:|1776126974
|switch|p2a: Scizor|Scizor, F|12/100
|turn|15
|
|t:|1776126976
|move|p2a: Scizor|Bullet Punch|p1a: Kyurem
|-supereffective|p1a: Kyurem
|-damage|p1a: Kyurem|0 fnt
|faint|p1a: Kyurem
|
|upkeep
|
|t:|1776126978
|switch|p1a: Gholdengo|Gholdengo|100/100
|-damage|p1a: Gholdengo|94/100|[from] Stealth Rock
|turn|16
|
|t:|1776126987
|move|p2a: Scizor|Bullet Punch|p1a: Gholdengo
|-resisted|p1a: Gholdengo
|-damage|p1a: Gholdengo|63/100
|move|p1a: Gholdengo|Shadow Ball|p2a: Scizor
|-damage|p2a: Scizor|0 fnt
|faint|p2a: Scizor
|
|upkeep
|
|t:|1776126993
|switch|p2a: Dragapult|Dragapult, F|100/100
|turn|17
|
|t:|1776126997
|move|p1a: Gholdengo|Shadow Ball|p2a: Dragapult
|-supereffective|p2a: Dragapult
|-damage|p2a: Dragapult|0 fnt
|faint|p2a: Dragapult
|
|upkeep
|
|t:|1776127003
|switch|p2a: Ogerpon|Ogerpon-Wellspring, F|100/100
|turn|18
|c|☆wallahi brobini|dude
|
|t:|1776127011
|-terastallize|p1a: Gholdengo|Fairy
|move|p1a: Gholdengo|Shadow Ball|p2a: Ogerpon
|-damage|p2a: Ogerpon|50/100
|move|p2a: Ogerpon|Knock Off|p1a: Gholdengo
|-resisted|p1a: Gholdengo
|-damage|p1a: Gholdengo|42/100
|-enditem|p1a: Gholdengo|Choice Scarf|[from] move: Knock Off|[of] p2a: Ogerpon
|
|upkeep
|turn|19
|
|t:|1776127019
|switch|p1a: Zamazenta|Zamazenta|100/100
|-damage|p1a: Zamazenta|94/100|[from] Stealth Rock
|-ability|p1a: Zamazenta|Dauntless Shield|boost
|-boost|p1a: Zamazenta|def|1
|move|p2a: Ogerpon|Ivy Cudgel|p1a: Zamazenta|[anim] Ivy Cudgel Water
|-damage|p1a: Zamazenta|67/100
|
|-heal|p1a: Zamazenta|73/100|[from] item: Leftovers
|upkeep
|turn|20
|
|t:|1776127027
|move|p1a: Zamazenta|Body Press|p2a: Ogerpon
|-damage|p2a: Ogerpon|0 fnt
|faint|p2a: Ogerpon
|
|-heal|p1a: Zamazenta|80/100|[from] item: Leftovers
|upkeep
|
|t:|1776127030
|switch|p2a: Great Tusk|Great Tusk|52/100
|turn|21
|
|t:|1776127040
|move|p1a: Zamazenta|Iron Defense|p1a: Zamazenta
|-boost|p1a: Zamazenta|def|2
|move|p2a: Great Tusk|Bulk Up|p2a: Great Tusk
|-boost|p2a: Great Tusk|atk|1
|-boost|p2a: Great Tusk|def|1
|
|-heal|p1a: Zamazenta|86/100|[from] item: Leftovers
|upkeep
|turn|22
|
|t:|1776127042
|move|p1a: Zamazenta|Body Press|p2a: Great Tusk
|-damage|p2a: Great Tusk|18/100
|move|p2a: Great Tusk|Bulk Up|p2a: Great Tusk
|-boost|p2a: Great Tusk|atk|1
|-boost|p2a: Great Tusk|def|1
|
|-heal|p1a: Zamazenta|92/100|[from] item: Leftovers
|upkeep
|turn|23
|
|t:|1776127045
|move|p1a: Zamazenta|Body Press|p2a: Great Tusk
|-damage|p2a: Great Tusk|0 fnt
|faint|p2a: Great Tusk
|-end|p2a: Great Tusk|Protosynthesis|[silent]
|
|win|ndoi
|raw|ndoi's rating: 1243 &rarr; <strong>1264</strong><br />(+21 for winning)
|raw|wallahi brobini's rating: 1180 &rarr; <strong>1159</strong><br />(-21 for losing)
|l|☆wallahi brobini
|player|p2|
