|html|<div class="broadcast-blue"><strong>[Gen 9] OU is currently suspecting Tera Blast! For information on how to participate check out the <a href="https://www.smogon.com/tools/suspects/view/200">suspect thread</a>.</strong></div>
|j|☆kaden_chan_1
|j|☆banjo guro
|t:|1776233433
|gametype|singles
|player|p1|kaden_chan_1|2|1157
|player|p2|banjo guro|erika|1206
|gen|9
|tier|[Gen 9] OU
|rated|
|rule|HP Percentage Mod: HP is shown in percentages
|rule|Endless Battle Clause: Forcing endless battles is banned
|rule|Species Clause: Limit one of each Pokémon
|rule|OHKO Clause: OHKO moves are banned
|rule|Evasion Items Clause: Evasion items are banned
|rule|Evasion Moves Clause: Evasion moves are banned
|rule|Evasion Abilities Clause: Evasion abilities are banned
|rule|Sleep Moves Clause: Sleep-inducing moves are banned
|clearpoke
|poke|p1|Kingambit, F|
|poke|p1|Ribombee, M|
|poke|p1|Kleavor, F|
|poke|p1|Tyranitar, F|
|poke|p1|Gliscor, M|
|poke|p1|Ogerpon-Wellspring, F|
|poke|p2|Garganacl, M|
|poke|p2|Cloyster, F|
|poke|p2|Mimikyu, F|
|poke|p2|Jirachi|
|poke|p2|Chimecho, F|
|poke|p2|Maushold|
|teampreview
|inactive|Battle timer is ON: inactive players will automatically lose when time's up. (requested by banjo guro)
|
|t:|1776233443
|teamsize|p1|6
|teamsize|p2|6
|start
|switch|p1a: Ribombee|Ribombee, M|100/100
|switch|p2a: Chimecho|Chimecho, F|100/100
|turn|1
|
|t:|1776233447
|-terastallize|p2a: Chimecho|Electric
|move|p1a: Ribombee|Sticky Web|p2a: Chimecho
|-sidestart|p2: banjo guro|move: Sticky Web
|move|p2a: Chimecho|Cosmic Power|p2a: Chimecho
|-boost|p2a: Chimecho|def|1
|-boost|p2a: Chimecho|spd|1
|
|upkeep
|turn|2
|
|t:|1776233468
|move|p1a: Ribombee|Energy Ball|p2a: Chimecho
|-damage|p2a: Chimecho|80/100
|move|p2a: Chimecho|Charge Beam|p1a: Ribombee
|-damage|p1a: Ribombee|53/100
|
|-heal|p2a: Chimecho|86/100|[from] item: Leftovers
|upkeep
|turn|3
|
|t:|1776233478
|move|p1a: Ribombee|Light Screen|p1a: Ribombee
|-sidestart|p1: kaden_chan_1|move: Light Screen
|move|p2a: Chimecho|Charge Beam|p1a: Ribombee
|-damage|p1a: Ribombee|31/100
|
|-heal|p2a: Chimecho|92/100|[from] item: Leftovers
|upkeep
|turn|4
|
|t:|1776233483
|move|p1a: Ribombee|Energy Ball|p2a: Chimecho
|-damage|p2a: Chimecho|73/100
|move|p2a: Chimecho|Charge Beam|p1a: Ribombee
|-damage|p1a: Ribombee|7/100
|-boost|p2a: Chimecho|spa|1
|
|-heal|p2a: Chimecho|79/100|[from] item: Leftovers
|upkeep
|turn|5
|
|t:|1776233489
|move|p1a: Ribombee|Energy Ball|p2a: Chimecho
|-damage|p2a: Chimecho|59/100
|move|p2a: Chimecho|Cosmic Power|p2a: Chimecho
|-boost|p2a: Chimecho|def|1
|-boost|p2a: Chimecho|spd|1
|
|-heal|p2a: Chimecho|65/100|[from] item: Leftovers
|upkeep
|turn|6
|
|t:|1776233496
|move|p1a: Ribombee|Energy Ball|p2a: Chimecho
|-damage|p2a: Chimecho|49/100
|move|p2a: Chimecho|Recover|p2a: Chimecho
|-heal|p2a: Chimecho|99/100
|
|-heal|p2a: Chimecho|100/100|[from] item: Leftovers
|upkeep
|turn|7
|
|t:|1776233502
|move|p1a: Ribombee|Light Screen||[still]
|-fail|p1a: Ribombee
|move|p2a: Chimecho|Charge Beam|p1a: Ribombee
|-damage|p1a: Ribombee|0 fnt
|-boost|p2a: Chimecho|spa|1
|faint|p1a: Ribombee
|
|-sideend|p1: kaden_chan_1|move: Light Screen
|upkeep
|
|t:|1776233511
|switch|p1a: Gliscor|Gliscor, M|100/100
|turn|8
|
|t:|1776233514
|move|p1a: Gliscor|Toxic Spikes|p2a: Chimecho
|-sidestart|p2: banjo guro|move: Toxic Spikes
|move|p2a: Chimecho|Future Sight|p1a: Gliscor
|-start|p2a: Chimecho|move: Future Sight
|
|-status|p1a: Gliscor|tox|[from] item: Toxic Orb
|upkeep
|turn|9
|
|t:|1776233526
|move|p1a: Gliscor|Knock Off|p2a: Chimecho
|-damage|p2a: Chimecho|84/100
|-enditem|p2a: Chimecho|Leftovers|[from] move: Knock Off|[of] p1a: Gliscor
|move|p2a: Chimecho|Cosmic Power|p2a: Chimecho
|-boost|p2a: Chimecho|def|1
|-boost|p2a: Chimecho|spd|1
|
|upkeep
|turn|10
|
|t:|1776233538
|move|p1a: Gliscor|Ice Fang|p2a: Chimecho
|-damage|p2a: Chimecho|76/100
|move|p2a: Chimecho|Charge Beam|p1a: Gliscor
|-immune|p1a: Gliscor
|
|-end|p1a: Gliscor|move: Future Sight
|-damage|p1a: Gliscor|0 fnt
|faint|p1a: Gliscor
|upkeep
|
|t:|1776233550
|switch|p1a: Kleavor|Kleavor, F|100/100
|turn|11
|
|t:|1776233556
|move|p1a: Kleavor|Stone Axe|p2a: Chimecho|[miss]
|-miss|p1a: Kleavor|p2a: Chimecho
|move|p2a: Chimecho|Charge Beam|p1a: Kleavor
|-crit|p1a: Kleavor
|-damage|p1a: Kleavor|0 fnt
|-boost|p2a: Chimecho|spa|1
|faint|p1a: Kleavor
|
|upkeep
|
|t:|1776233562
|switch|p1a: Ogerpon|Ogerpon-Wellspring, F|100/100
|turn|12
|
|t:|1776233566
|move|p1a: Ogerpon|Ivy Cudgel|p2a: Chimecho|[anim] Ivy Cudgel Water
|-damage|p2a: Chimecho|51/100
|move|p2a: Chimecho|Charge Beam|p1a: Ogerpon
|-damage|p1a: Ogerpon|28/100
|-boost|p2a: Chimecho|spa|1
|
|upkeep
|turn|13
|
|t:|1776233572
|move|p1a: Ogerpon|Spikes|p2a: Chimecho
|-sidestart|p2: banjo guro|Spikes
|move|p2a: Chimecho|Recover|p2a: Chimecho
|-heal|p2a: Chimecho|100/100
|
|upkeep
|turn|14
|
|t:|1776233577
|move|p1a: Ogerpon|Giga Drain|p2a: Chimecho
|-damage|p2a: Chimecho|91/100
|-heal|p1a: Ogerpon|32/100|[from] drain|[of] p2a: Chimecho
|move|p2a: Chimecho|Charge Beam|p1a: Ogerpon
|-damage|p1a: Ogerpon|0 fnt
|faint|p1a: Ogerpon
|
|upkeep
|
|t:|1776233581
|switch|p1a: Tyranitar|Tyranitar, F|100/100
|-weather|Sandstorm|[from] ability: Sand Stream|[of] p1a: Tyranitar
|turn|15
|
|t:|1776233585
|move|p1a: Tyranitar|Crunch|p2a: Chimecho
|-damage|p2a: Chimecho|74/100
|move|p2a: Chimecho|Charge Beam|p1a: Tyranitar
|-damage|p1a: Tyranitar|60/100
|
|-weather|Sandstorm|[upkeep]
|-damage|p2a: Chimecho|68/100|[from] Sandstorm
|-heal|p1a: Tyranitar|66/100|[from] item: Leftovers
|upkeep
|turn|16
|
|t:|1776233589
|move|p1a: Tyranitar|Stealth Rock|p2a: Chimecho
|-sidestart|p2: banjo guro|move: Stealth Rock
|move|p2a: Chimecho|Charge Beam|p1a: Tyranitar
|-damage|p1a: Tyranitar|26/100
|-boost|p2a: Chimecho|spa|1
|
|-weather|Sandstorm|[upkeep]
|-damage|p2a: Chimecho|62/100|[from] Sandstorm
|-heal|p1a: Tyranitar|33/100|[from] item: Leftovers
|upkeep
|turn|17
|
|t:|1776233592
|move|p1a: Tyranitar|Stealth Rock||[still]
|-fail|p1a: Tyranitar
|move|p2a: Chimecho|Recover|p2a: Chimecho
|-heal|p2a: Chimecho|100/100
|
|-weather|Sandstorm|[upkeep]
|-damage|p2a: Chimecho|94/100|[from] Sandstorm
|-heal|p1a: Tyranitar|39/100|[from] item: Leftovers
|upkeep
|turn|18
|
|t:|1776233596
|move|p1a: Tyranitar|Power Gem|p2a: Chimecho
|-crit|p2a: Chimecho
|-damage|p2a: Chimecho|43/100
|move|p2a: Chimecho|Charge Beam|p1a: Tyranitar
|-damage|p1a: Tyranitar|0 fnt
|-boost|p2a: Chimecho|spa|1
|faint|p1a: Tyranitar
|
|-weather|Sandstorm|[upkeep]
|-damage|p2a: Chimecho|37/100|[from] Sandstorm
|upkeep
|
|t:|1776233599
|switch|p1a: Kingambit|Kingambit, F|100/100
|-activate|p1a: Kingambit|ability: Supreme Overlord
|-start|p1a: Kingambit|fallen5|[silent]
|turn|19
|
|t:|1776233610
|move|p1a: Kingambit|Sucker Punch||[still]
|-fail|p1a: Kingambit
|move|p2a: Chimecho|Recover|p2a: Chimecho
|-heal|p2a: Chimecho|87/100
|
|-weather|none
|upkeep
|turn|20
|
|t:|1776233621
|move|p1a: Kingambit|Kowtow Cleave|p2a: Chimecho
|-damage|p2a: Chimecho|60/100
|move|p2a: Chimecho|Charge Beam|p1a: Kingambit
|-enditem|p1a: Kingambit|Focus Sash
|-damage|p1a: Kingambit|1/100
|
|upkeep
|turn|21
|
|t:|1776233624
|move|p1a: Kingambit|Sucker Punch|p2a: Chimecho
|-damage|p2a: Chimecho|35/100
|move|p2a: Chimecho|Charge Beam|p1a: Kingambit
|-damage|p1a: Kingambit|0 fnt
|faint|p1a: Kingambit
|-end|p1a: Kingambit|fallen5|[silent]
|
|win|banjo guro
|raw|kaden_chan_1's rating: 1157 &rarr; <strong>1136</strong><br />(-21 for losing)
|raw|banjo guro's rating: 1206 &rarr; <strong>1227</strong><br />(+21 for winning)
|l|☆kaden_chan_1
|player|p1|
