|html|<div class="broadcast-blue"><strong>[Gen 9] OU is currently suspecting Tera Blast! For information on how to participate check out the <a href="https://www.smogon.com/tools/suspects/view/200">suspect thread</a>.</strong></div>
|j|☆Box^23843
|j|☆kjojon
|t:|1776264365
|gametype|singles
|player|p1|Box^23843|zinnia-masters|1208
|player|p2|kjojon|brock|1226
|gen|9
|tier|[Gen 9] OU
|rated|
|rule|HP Percentage Mod: HP is shown in percentages
|rule|Endless Battle Clause: Forcing endless battles is banned
|rule|Species Clause: Limit one of each Pokémon
|rule|OHKO Clause: OHKO moves are banned
|rule|Evasion Items Clause: Evasion items are banned
|rule|Evasion Moves Clause: Evasion moves are banned
|rule|Evasion Abilities Clause: Evasion abilities are banned
|rule|Sleep Moves Clause: Sleep-inducing moves are banned
|clearpoke
|poke|p1|Ninetales, M|
|poke|p1|Raging Bolt|
|poke|p1|Walking Wake|
|poke|p1|Lilligant-Hisui, F|
|poke|p1|Great Tusk|
|poke|p1|Iron Moth|
|poke|p2|Weezing-Galar, F|
|poke|p2|Cinderace, F|
|poke|p2|Duraludon, M|
|poke|p2|Hitmontop, M|
|poke|p2|Necrozma|
|poke|p2|Porygon-Z|
|teampreview
|
|t:|1776264376
|teamsize|p1|6
|teamsize|p2|6
|start
|switch|p1a: Kyubi|Ninetales, M, shiny|100/100
|switch|p2a: PoyPee|Porygon-Z, shiny|100/100
|-weather|SunnyDay|[from] ability: Drought|[of] p1a: Kyubi
|turn|1
|
|t:|1776264384
|move|p1a: Kyubi|Scorching Sands|p2a: PoyPee
|-damage|p2a: PoyPee|78/100
|move|p2a: PoyPee|Tri Attack|p1a: Kyubi
|-damage|p1a: Kyubi|31/100
|
|-weather|SunnyDay|[upkeep]
|upkeep
|turn|2
|
|t:|1776264409
|switch|p1a: Scary Monsters|Walking Wake|100/100
|-activate|p1a: Scary Monsters|ability: Protosynthesis
|-start|p1a: Scary Monsters|protosynthesisspe
|move|p2a: PoyPee|Tri Attack|p1a: Scary Monsters
|-damage|p1a: Scary Monsters|57/100
|
|-weather|SunnyDay|[upkeep]
|upkeep
|turn|3
|
|t:|1776264435
|move|p1a: Scary Monsters|Hydro Steam|p2a: PoyPee
|-damage|p2a: PoyPee|8/100
|-enditem|p2a: PoyPee|Salac Berry|[eat]
|-boost|p2a: PoyPee|spe|1|[from] item: Salac Berry
|move|p2a: PoyPee|Tri Attack|p1a: Scary Monsters
|-damage|p1a: Scary Monsters|12/100
|
|-weather|SunnyDay|[upkeep]
|upkeep
|turn|4
|
|t:|1776264444
|move|p1a: Scary Monsters|Hydro Steam|p2a: PoyPee
|-damage|p2a: PoyPee|0 fnt
|faint|p2a: PoyPee
|
|-weather|SunnyDay|[upkeep]
|upkeep
|
|t:|1776264446
|switch|p2a: Garfiel|Hitmontop, M|100/100
|turn|5
|
|t:|1776264466
|-end|p1a: Scary Monsters|Protosynthesis|[silent]
|switch|p1a: Pelipper Eater|Raging Bolt|100/100
|-activate|p1a: Pelipper Eater|ability: Protosynthesis
|-start|p1a: Pelipper Eater|protosynthesisspa
|move|p2a: Garfiel|Mach Punch|p1a: Pelipper Eater
|-damage|p1a: Pelipper Eater|70/100
|
|-weather|SunnyDay|[upkeep]
|upkeep
|turn|6
|
|t:|1776264486
|move|p1a: Pelipper Eater|Thunderbolt|p2a: Garfiel
|-damage|p2a: Garfiel|1/100
|move|p2a: Garfiel|Triple Axel|p1a: Pelipper Eater
|-supereffective|p1a: Pelipper Eater
|-damage|p1a: Pelipper Eater|51/100
|-supereffective|p1a: Pelipper Eater
|-damage|p1a: Pelipper Eater|14/100
|-supereffective|p1a: Pelipper Eater
|-damage|p1a: Pelipper Eater|0 fnt
|faint|p1a: Pelipper Eater
|-end|p1a: Pelipper Eater|Protosynthesis|[silent]
|-hitcount|p1: Pelipper Eater|3
|
|-weather|SunnyDay|[upkeep]
|upkeep
|
|t:|1776264495
|switch|p1a: Lilligant|Lilligant-Hisui, F|100/100
|turn|7
|
|t:|1776264506
|move|p1a: Lilligant|Solar Blade||[still]
|-prepare|p1a: Lilligant|Solar Blade
|-anim|p1a: Lilligant|Solar Blade|p2a: Garfiel
|-damage|p2a: Garfiel|0 fnt
|faint|p2a: Garfiel
|-damage|p1a: Lilligant|91/100|[from] item: Life Orb
|
|-weather|SunnyDay|[upkeep]
|upkeep
|
|t:|1776264521
|switch|p2a: Weezing|Weezing-Galar, F|100/100
|-ability|p2a: Weezing|Neutralizing Gas
|turn|8
|
|t:|1776264554
|switch|p1a: Address Me|Great Tusk|100/100
|move|p2a: Weezing|Stockpile|p2a: Weezing
|-start|p2a: Weezing|stockpile1
|-boost|p2a: Weezing|def|1
|-boost|p2a: Weezing|spd|1
|
|-weather|none
|upkeep
|turn|9
|
|t:|1776264581
|move|p1a: Address Me|Headlong Rush|p2a: Weezing
|-supereffective|p2a: Weezing
|-damage|p2a: Weezing|37/100
|-unboost|p1a: Address Me|def|1
|-unboost|p1a: Address Me|spd|1
|move|p2a: Weezing|Strange Steam|p1a: Address Me
|-supereffective|p1a: Address Me
|-damage|p1a: Address Me|0 fnt
|faint|p1a: Address Me
|-end|p1a: Address Me|Protosynthesis|[silent]
|
|-heal|p2a: Weezing|44/100|[from] item: Black Sludge
|upkeep
|
|t:|1776264607
|switch|p1a: Scary Monsters|Walking Wake|12/100
|turn|10
|
|t:|1776264613
|move|p1a: Scary Monsters|Hydro Steam|p2a: Weezing
|-damage|p2a: Weezing|13/100
|move|p2a: Weezing|Sludge Bomb|p1a: Scary Monsters
|-damage|p1a: Scary Monsters|0 fnt
|faint|p1a: Scary Monsters
|-end|p1a: Scary Monsters|Protosynthesis|[silent]
|
|-heal|p2a: Weezing|19/100|[from] item: Black Sludge
|upkeep
|
|t:|1776264619
|switch|p1a: Lilligant|Lilligant-Hisui, F|91/100
|turn|11
|
|t:|1776264623
|move|p1a: Lilligant|Triple Axel|p2a: Weezing
|-damage|p2a: Weezing|13/100
|-damage|p2a: Weezing|3/100
|-damage|p2a: Weezing|0 fnt
|faint|p2a: Weezing
|-end|p2a: Weezing|ability: Neutralizing Gas
|-hitcount|p2: Weezing|3
|-damage|p1a: Lilligant|81/100|[from] item: Life Orb
|
|upkeep
|
|t:|1776264639
|switch|p2a: R-Pyrite|Necrozma, shiny|100/100
|turn|12
|
|t:|1776264644
|switch|p1a: Kyubi|Ninetales, M, shiny|31/100
|-weather|SunnyDay|[from] ability: Drought|[of] p1a: Kyubi
|move|p2a: R-Pyrite|Dragon Dance|p2a: R-Pyrite
|-boost|p2a: R-Pyrite|atk|1
|-boost|p2a: R-Pyrite|spe|1
|
|-weather|SunnyDay|[upkeep]
|upkeep
|turn|13
|
|t:|1776264652
|move|p2a: R-Pyrite|Dragon Dance|p2a: R-Pyrite
|-boost|p2a: R-Pyrite|atk|1
|-boost|p2a: R-Pyrite|spe|1
|move|p1a: Kyubi|Encore|p2a: R-Pyrite
|-start|p2a: R-Pyrite|Encore
|
|-weather|SunnyDay|[upkeep]
|upkeep
|turn|14
|
|t:|1776264669
|switch|p1a: Lilligant|Lilligant-Hisui, F|81/100
|move|p2a: R-Pyrite|Dragon Dance|p2a: R-Pyrite
|-boost|p2a: R-Pyrite|atk|1
|-boost|p2a: R-Pyrite|spe|1
|
|-weather|SunnyDay|[upkeep]
|upkeep
|turn|15
|
|t:|1776264686
|move|p2a: R-Pyrite|Dragon Dance|p2a: R-Pyrite
|-boost|p2a: R-Pyrite|atk|1
|-boost|p2a: R-Pyrite|spe|1
|move|p1a: Lilligant|Growth|p1a: Lilligant
|-boost|p1a: Lilligant|atk|2
|-boost|p1a: Lilligant|spa|2
|
|-weather|SunnyDay|[upkeep]
|upkeep
|turn|16
|
|t:|1776264692
|-terastallize|p1a: Lilligant|Grass
|move|p2a: R-Pyrite|Dragon Dance|p2a: R-Pyrite
|-boost|p2a: R-Pyrite|atk|1
|-boost|p2a: R-Pyrite|spe|1
|move|p1a: Lilligant|Solar Blade||[still]
|-prepare|p1a: Lilligant|Solar Blade
|-anim|p1a: Lilligant|Solar Blade|p2a: R-Pyrite
|-damage|p2a: R-Pyrite|0 fnt
|faint|p2a: R-Pyrite
|-damage|p1a: Lilligant|71/100|[from] item: Life Orb
|
|-weather|SunnyDay|[upkeep]
|upkeep
|
|t:|1776264708
|switch|p2a: Joao|Cinderace, F, shiny|100/100
|turn|17
|
|t:|1776264712
|move|p1a: Lilligant|Axe Kick|p2a: Joao
|-damage|p2a: Joao|0 fnt
|faint|p2a: Joao
|-damage|p1a: Lilligant|61/100|[from] item: Life Orb
|
|-weather|SunnyDay|[upkeep]
|upkeep
|
|t:|1776264715
|switch|p2a: Babylon|Duraludon, M, shiny|100/100
|turn|18
|
|t:|1776264722
|move|p1a: Lilligant|Axe Kick|p2a: Babylon
|-supereffective|p2a: Babylon
|-damage|p2a: Babylon|0 fnt
|faint|p2a: Babylon
|-damage|p1a: Lilligant|51/100|[from] item: Life Orb
|
|win|Box^23843
|raw|Box^23843's rating: 1208 &rarr; <strong>1234</strong><br />(+26 for winning)
|raw|kjojon's rating: 1226 &rarr; <strong>1200</strong><br />(-26 for losing)
|c|☆kjojon|gg's
