|html|<div class="broadcast-blue"><strong>[Gen 9] OU is currently suspecting Tera Blast! For information on how to participate check out the <a href="https://www.smogon.com/tools/suspects/view/200">suspect thread</a>.</strong></div>
|j|☆151htyrneh
|j|☆lvl1ralts
|t:|1776340421
|gametype|singles
|player|p1|151htyrneh|unknownf|1580
|player|p2|lvl1ralts|170|1552
|gen|9
|tier|[Gen 9] OU
|rated|
|rule|HP Percentage Mod: HP is shown in percentages
|rule|Endless Battle Clause: Forcing endless battles is banned
|rule|Species Clause: Limit one of each Pokémon
|rule|OHKO Clause: OHKO moves are banned
|rule|Evasion Items Clause: Evasion items are banned
|rule|Evasion Moves Clause: Evasion moves are banned
|rule|Evasion Abilities Clause: Evasion abilities are banned
|rule|Sleep Moves Clause: Sleep-inducing moves are banned
|clearpoke
|poke|p1|Samurott-Hisui, M|
|poke|p1|Heatran, F|
|poke|p1|Zamazenta-*|
|poke|p1|Great Tusk|
|poke|p1|Dragonite, F|
|poke|p1|Pecharunt|
|poke|p2|Raging Bolt|
|poke|p2|Ribombee, M|
|poke|p2|Gholdengo|
|poke|p2|Great Tusk|
|poke|p2|Ogerpon-Cornerstone, F|
|poke|p2|Ceruledge, M|
|teampreview
|inactive|Battle timer is ON: inactive players will automatically lose when time's up. (requested by 151htyrneh)
|
|t:|1776340428
|teamsize|p1|6
|teamsize|p2|6
|start
|switch|p1a: Heatran|Heatran, F|100/100
|switch|p2a: Ribombee|Ribombee, M, shiny|100/100
|turn|1
|
|t:|1776340433
|move|p2a: Ribombee|Skill Swap|p1a: Heatran
|-activate|p2a: Ribombee|Skill Swap|Flash Fire|Shield Dust|[of] p1a: Heatran
|move|p1a: Heatran|Stealth Rock|p2a: Ribombee
|-sidestart|p2: lvl1ralts|move: Stealth Rock
|
|upkeep
|turn|2
|
|t:|1776340440
|move|p2a: Ribombee|Sticky Web|p1a: Heatran
|-sidestart|p1: 151htyrneh|move: Sticky Web
|move|p1a: Heatran|Earth Power|p2a: Ribombee
|-resisted|p2a: Ribombee
|-damage|p2a: Ribombee|79/100
|
|upkeep
|turn|3
|
|t:|1776340445
|move|p2a: Ribombee|Moonblast|p1a: Heatran
|-resisted|p1a: Heatran
|-damage|p1a: Heatran|94/100
|move|p1a: Heatran|Earth Power|p2a: Ribombee
|-resisted|p2a: Ribombee
|-damage|p2a: Ribombee|58/100
|
|-heal|p1a: Heatran|99/100|[from] item: Leftovers
|upkeep
|turn|4
|
|t:|1776340454
|move|p2a: Ribombee|Stun Spore|p1a: Heatran|[miss]
|-miss|p2a: Ribombee|p1a: Heatran
|move|p1a: Heatran|Earth Power|p2a: Ribombee
|-resisted|p2a: Ribombee
|-damage|p2a: Ribombee|34/100
|
|-heal|p1a: Heatran|100/100|[from] item: Leftovers
|upkeep
|turn|5
|
|t:|1776340461
|move|p2a: Ribombee|Stun Spore|p1a: Heatran|[miss]
|-miss|p2a: Ribombee|p1a: Heatran
|move|p1a: Heatran|Earth Power|p2a: Ribombee
|-resisted|p2a: Ribombee
|-damage|p2a: Ribombee|10/100
|
|upkeep
|turn|6
|j| heatraniac
|
|t:|1776340473
|move|p2a: Ribombee|Stun Spore|p1a: Heatran
|-status|p1a: Heatran|par
|move|p1a: Heatran|Earth Power|p2a: Ribombee
|-resisted|p2a: Ribombee
|-damage|p2a: Ribombee|0 fnt
|faint|p2a: Ribombee
|
|upkeep
|
|t:|1776340479
|switch|p2a: Great Tusk|Great Tusk, shiny|100/100
|-damage|p2a: Great Tusk|98/100|[from] Stealth Rock
|-enditem|p2a: Great Tusk|Booster Energy
|-activate|p2a: Great Tusk|ability: Protosynthesis|[fromitem]
|-start|p2a: Great Tusk|protosynthesisatk
|turn|7
|
|t:|1776340482
|move|p2a: Great Tusk|Rapid Spin|p1a: Heatran
|-resisted|p1a: Heatran
|-damage|p1a: Heatran|91/100 par
|-boost|p2a: Great Tusk|spe|1
|-sideend|p2: lvl1ralts|Stealth Rock|[from] move: Rapid Spin|[of] p2a: Great Tusk
|move|p1a: Heatran|Magma Storm|p2a: Great Tusk
|-damage|p2a: Great Tusk|29/100
|-activate|p2a: Great Tusk|move: Magma Storm|[of] p1a: Heatran
|
|-heal|p1a: Heatran|97/100 par|[from] item: Leftovers
|-damage|p2a: Great Tusk|17/100|[from] move: Magma Storm|[partiallytrapped]
|upkeep
|turn|8
|
|t:|1776340492
|switch|p1a: Pecharunt|Pecharunt|100/100
|move|p2a: Great Tusk|Headlong Rush|p1a: Pecharunt
|-supereffective|p1a: Pecharunt
|-damage|p1a: Pecharunt|23/100
|-unboost|p2a: Great Tusk|def|1
|-unboost|p2a: Great Tusk|spd|1
|
|-end|p2a: Great Tusk|Magma Storm|[partiallytrapped]|[silent]
|upkeep
|turn|9
|
|t:|1776340498
|switch|p1a: Dragonite|Dragonite, F|100/100
|move|p2a: Great Tusk|Headlong Rush|p1a: Dragonite
|-immune|p1a: Dragonite
|
|upkeep
|turn|10
|
|t:|1776340500
|move|p1a: Dragonite|Extreme Speed|p2a: Great Tusk
|-damage|p2a: Great Tusk|0 fnt
|faint|p2a: Great Tusk
|-end|p2a: Great Tusk|Protosynthesis|[silent]
|
|upkeep
|
|t:|1776340504
|switch|p2a: Ceruledge|Ceruledge, M, shiny|100/100
|turn|11
|
|t:|1776340518
|move|p2a: Ceruledge|Poltergeist|p1a: Dragonite
|-activate|p1a: Dragonite|move: Poltergeist|Heavy-Duty Boots
|-damage|p1a: Dragonite|68/100
|move|p1a: Dragonite|Earthquake|p2a: Ceruledge
|-supereffective|p2a: Ceruledge
|-enditem|p2a: Ceruledge|Focus Sash
|-damage|p2a: Ceruledge|1/100
|-ability|p2a: Ceruledge|Weak Armor|boost
|-unboost|p2a: Ceruledge|def|1
|-boost|p2a: Ceruledge|spe|2
|
|upkeep
|turn|12
|
|t:|1776340528
|move|p2a: Ceruledge|Poltergeist|p1a: Dragonite
|-activate|p1a: Dragonite|move: Poltergeist|Heavy-Duty Boots
|-damage|p1a: Dragonite|0 fnt
|faint|p1a: Dragonite
|
|upkeep
|
|t:|1776340535
|switch|p1a: Zamazenta|Zamazenta|100/100
|-activate|p1a: Zamazenta|move: Sticky Web
|-unboost|p1a: Zamazenta|spe|1
|-ability|p1a: Zamazenta|Dauntless Shield|boost
|-boost|p1a: Zamazenta|def|1
|turn|13
|
|t:|1776340541
|move|p2a: Ceruledge|Poltergeist|p1a: Zamazenta
|-activate|p1a: Zamazenta|move: Poltergeist|Assault Vest
|-damage|p1a: Zamazenta|61/100
|move|p1a: Zamazenta|Crunch|p2a: Ceruledge
|-supereffective|p2a: Ceruledge
|-damage|p2a: Ceruledge|0 fnt
|faint|p2a: Ceruledge
|
|upkeep
|
|t:|1776340552
|switch|p2a: Gholdengo|Gholdengo, shiny|100/100
|-item|p2a: Gholdengo|Air Balloon
|turn|14
|
|t:|1776340557
|move|p2a: Gholdengo|Dazzling Gleam|p1a: Zamazenta
|-supereffective|p1a: Zamazenta
|-damage|p1a: Zamazenta|22/100
|move|p1a: Zamazenta|Crunch|p2a: Gholdengo
|-supereffective|p2a: Gholdengo
|-damage|p2a: Gholdengo|33/100
|-enditem|p2a: Gholdengo|Air Balloon
|
|upkeep
|turn|15
|
|t:|1776340562
|move|p1a: Zamazenta|Crunch|p2a: Gholdengo
|-supereffective|p2a: Gholdengo
|-damage|p2a: Gholdengo|0 fnt
|faint|p2a: Gholdengo
|
|upkeep
|
|t:|1776340570
|switch|p2a: Ogerpon|Ogerpon-Cornerstone, F|100/100
|turn|16
|
|t:|1776340572
|move|p2a: Ogerpon|Power Whip|p1a: Zamazenta|[miss]
|-miss|p2a: Ogerpon|p1a: Zamazenta
|move|p1a: Zamazenta|Heavy Slam|p2a: Ogerpon
|-supereffective|p2a: Ogerpon
|-ability|p2a: Ogerpon|Sturdy
|-damage|p2a: Ogerpon|1/100
|
|upkeep
|turn|17
|
|t:|1776340574
|move|p2a: Ogerpon|Power Whip|p1a: Zamazenta
|-damage|p1a: Zamazenta|0 fnt
|faint|p1a: Zamazenta
|
|upkeep
|
|t:|1776340577
|switch|p1a: Great Tusk|Great Tusk|100/100
|turn|18
|
|t:|1776340580
|-terastallize|p1a: Great Tusk|Steel
|move|p2a: Ogerpon|Power Whip|p1a: Great Tusk
|-resisted|p1a: Great Tusk
|-damage|p1a: Great Tusk|73/100
|move|p1a: Great Tusk|Rapid Spin|p2a: Ogerpon
|-resisted|p2a: Ogerpon
|-damage|p2a: Ogerpon|0 fnt
|-boost|p1a: Great Tusk|spe|1
|-sideend|p1: 151htyrneh|Sticky Web|[from] move: Rapid Spin|[of] p1a: Great Tusk
|faint|p2a: Ogerpon
|
|upkeep
|
|t:|1776340588
|switch|p2a: Raging Bolt|Raging Bolt|100/100
|-enditem|p2a: Raging Bolt|Booster Energy
|-activate|p2a: Raging Bolt|ability: Protosynthesis|[fromitem]
|-start|p2a: Raging Bolt|protosynthesisspa
|turn|19
|
|t:|1776340591
|-end|p1a: Great Tusk|Protosynthesis|[silent]
|switch|p1a: Samurott|Samurott-Hisui, M|100/100
|-terastallize|p2a: Raging Bolt|Ghost
|move|p2a: Raging Bolt|Calm Mind|p2a: Raging Bolt
|-boost|p2a: Raging Bolt|spa|1
|-boost|p2a: Raging Bolt|spd|1
|
|upkeep
|turn|20
|
|t:|1776340598
|move|p2a: Raging Bolt|Thunderclap||[still]
|-fail|p2a: Raging Bolt
|move|p1a: Samurott|Encore|p2a: Raging Bolt
|-start|p2a: Raging Bolt|Encore
|
|upkeep
|turn|21
|
|t:|1776340603
|switch|p1a: Pecharunt|Pecharunt|23/100
|move|p2a: Raging Bolt|Thunderclap||[still]
|-fail|p2a: Raging Bolt
|
|upkeep
|turn|22
|-message|lvl1ralts forfeited.
|
|win|151htyrneh
|raw|151htyrneh's rating: 1580 &rarr; <strong>1598</strong><br />(+18 for winning)
|raw|lvl1ralts's rating: 1552 &rarr; <strong>1534</strong><br />(-18 for losing)
|l|☆lvl1ralts
|player|p2|
|l|☆151htyrneh
|player|p1|
