|html|<div class="broadcast-blue"><strong>[Gen 9] OU is currently suspecting Tera Blast! For information on how to participate check out the <a href="https://www.smogon.com/tools/suspects/view/200">suspect thread</a>.</strong></div>
|j|☆GreenSpot
|j|☆chrovalis
|t:|1776091484
|gametype|singles
|player|p1|GreenSpot|skyla|1200
|player|p2|chrovalis|ethan|1226
|gen|9
|tier|[Gen 9] OU
|rated|
|rule|HP Percentage Mod: HP is shown in percentages
|rule|Endless Battle Clause: Forcing endless battles is banned
|rule|Species Clause: Limit one of each Pokémon
|rule|OHKO Clause: OHKO moves are banned
|rule|Evasion Items Clause: Evasion items are banned
|rule|Evasion Moves Clause: Evasion moves are banned
|rule|Evasion Abilities Clause: Evasion abilities are banned
|rule|Sleep Moves Clause: Sleep-inducing moves are banned
|clearpoke
|poke|p1|Meowscarada, F|
|poke|p1|Scizor, F|
|poke|p1|Garchomp, F|
|poke|p1|Raikou|
|poke|p1|Sylveon, M|
|poke|p1|Metagross|
|poke|p2|Arcanine, M|
|poke|p2|Corviknight, M|
|poke|p2|Swampert, M|
|poke|p2|Hariyama, M|
|poke|p2|Hatterene, F|
|poke|p2|Arboliva, F|
|teampreview
|inactive|Battle timer is ON: inactive players will automatically lose when time's up. (requested by chrovalis)
|inactive|GreenSpot also wants the timer to be on.
|j| ohko_smeargle
|
|t:|1776091505
|teamsize|p1|6
|teamsize|p2|6
|start
|switch|p1a: Metagross|Metagross|100/100
|switch|p2a: Swampert|Swampert, M|100/100
|turn|1
|
|t:|1776091512
|move|p1a: Metagross|Explosion|p2a: Swampert
|-damage|p2a: Swampert|5/100
|faint|p1a: Metagross
|move|p2a: Swampert|Stealth Rock|p1: Metagross
|-sidestart|p1: GreenSpot|move: Stealth Rock
|
|-heal|p2a: Swampert|11/100|[from] item: Leftovers
|upkeep
|
|t:|1776091521
|switch|p1a: Scizor|Scizor, F|100/100
|turn|2
|
|t:|1776091527
|move|p1a: Scizor|Knock Off|p2a: Swampert
|-damage|p2a: Swampert|0 fnt
|-enditem|p2a: Swampert|Leftovers|[from] move: Knock Off|[of] p1a: Scizor
|faint|p2a: Swampert
|
|upkeep
|
|t:|1776091548
|switch|p2a: Arcanine|Arcanine, M|100/100
|-ability|p2a: Arcanine|Intimidate|boost
|-unboost|p1a: Scizor|atk|1
|turn|3
|
|t:|1776091554
|switch|p1a: Garchomp|Garchomp, F|100/100
|-damage|p1a: Garchomp|94/100|[from] Stealth Rock
|move|p2a: Arcanine|Curse|p2a: Arcanine
|-unboost|p2a: Arcanine|spe|1
|-boost|p2a: Arcanine|atk|1
|-boost|p2a: Arcanine|def|1
|
|upkeep
|turn|4
|
|t:|1776091571
|switch|p2a: Corviknight|Corviknight, M|100/100
|move|p1a: Garchomp|Earthquake|p2a: Corviknight
|-immune|p2a: Corviknight
|
|upkeep
|turn|5
|
|t:|1776091577
|switch|p2a: Hatterene|Hatterene, F, shiny|100/100
|move|p1a: Garchomp|Stealth Rock|p2a: Hatterene
|move|p2a: Hatterene|Stealth Rock||[from] ability: Magic Bounce|[still]
|-fail|p2a: Hatterene
|
|upkeep
|turn|6
|
|t:|1776091592
|switch|p1a: Scizor|Scizor, F|100/100
|move|p2a: Hatterene|Draining Kiss|p1a: Scizor
|-resisted|p1a: Scizor
|-damage|p1a: Scizor|85/100
|
|upkeep
|turn|7
|
|t:|1776091604
|-terastallize|p2a: Hatterene|Water
|move|p1a: Scizor|U-turn|p2a: Hatterene
|-damage|p2a: Hatterene|65/100
|
|t:|1776091610
|switch|p1a: Raikou|Raikou|100/100|[from] U-turn
|-ability|p1a: Raikou|Pressure
|move|p2a: Hatterene|Nuzzle|p1a: Raikou
|-resisted|p1a: Raikou
|-damage|p1a: Raikou|98/100
|
|-heal|p2a: Hatterene|71/100|[from] item: Leftovers
|upkeep
|turn|8
|
|t:|1776091620
|switch|p2a: Arboliva|Arboliva, F, shiny|100/100
|move|p1a: Raikou|Volt Switch|p2a: Arboliva
|-resisted|p2a: Arboliva
|-damage|p2a: Arboliva|83/100
|-fieldstart|move: Grassy Terrain|[from] ability: Seed Sower|[of] p2a: Arboliva
|
|t:|1776091628
|switch|p1a: Scizor|Scizor, F|85/100|[from] Volt Switch
|
|-heal|p1a: Scizor|91/100|[from] Grassy Terrain
|-heal|p2a: Arboliva|89/100|[from] Grassy Terrain
|upkeep
|turn|9
|
|t:|1776091639
|move|p1a: Scizor|U-turn|p2a: Arboliva
|-supereffective|p2a: Arboliva
|-damage|p2a: Arboliva|0 fnt
|faint|p2a: Arboliva
|
|t:|1776091643
|switch|p1a: Meowscarada|Meowscarada, F|100/100|[from] U-turn
|
|upkeep
|
|t:|1776091652
|switch|p2a: Hariyama|Hariyama, M, shiny|100/100
|turn|10
|
|t:|1776091665
|move|p1a: Meowscarada|U-turn|p2a: Hariyama
|-start|p1a: Meowscarada|typechange|Bug|[from] ability: Protean
|-resisted|p2a: Hariyama
|-damage|p2a: Hariyama|81/100
|
|t:|1776091671
|switch|p1a: Scizor|Scizor, F|91/100|[from] U-turn
|move|p2a: Hariyama|Bulk Up|p2a: Hariyama
|-boost|p2a: Hariyama|atk|1
|-boost|p2a: Hariyama|def|1
|
|-heal|p1a: Scizor|97/100|[from] Grassy Terrain
|-heal|p2a: Hariyama|87/100|[from] Grassy Terrain
|-status|p2a: Hariyama|brn|[from] item: Flame Orb
|upkeep
|turn|11
|
|t:|1776091690
|move|p1a: Scizor|Swords Dance|p1a: Scizor
|-boost|p1a: Scizor|atk|2
|move|p2a: Hariyama|Drain Punch|p1a: Scizor
|-damage|p1a: Scizor|0 fnt
|-heal|p2a: Hariyama|100/100 brn|[from] drain|[of] p1a: Scizor
|faint|p1a: Scizor
|
|-damage|p2a: Hariyama|94/100 brn|[from] brn
|upkeep
|
|t:|1776091699
|switch|p1a: Sylveon|Sylveon, M, shiny|100/100
|-damage|p1a: Sylveon|88/100|[from] Stealth Rock
|turn|12
|
|t:|1776091703
|move|p2a: Hariyama|Bullet Punch|p1a: Sylveon
|-supereffective|p1a: Sylveon
|-damage|p1a: Sylveon|0 fnt
|faint|p1a: Sylveon
|
|-heal|p2a: Hariyama|100/100 brn|[from] Grassy Terrain
|-damage|p2a: Hariyama|94/100 brn|[from] brn
|-fieldend|move: Grassy Terrain
|upkeep
|
|t:|1776091714
|switch|p1a: Raikou|Raikou|98/100
|-ability|p1a: Raikou|Pressure
|turn|13
|
|t:|1776091719
|move|p1a: Raikou|Volt Switch|p2a: Hariyama
|-damage|p2a: Hariyama|66/100 brn
|
|t:|1776091722
|switch|p1a: Garchomp|Garchomp, F|94/100|[from] Volt Switch
|-damage|p1a: Garchomp|88/100|[from] Stealth Rock
|move|p2a: Hariyama|Drain Punch|p1a: Garchomp
|-damage|p1a: Garchomp|0 fnt
|-heal|p2a: Hariyama|100/100 brn|[from] drain|[of] p1a: Garchomp
|-damage|p2a: Hariyama|88/100 brn|[from] ability: Rough Skin|[of] p1a: Garchomp
|-damage|p2a: Hariyama|71/100 brn|[from] item: Rocky Helmet|[of] p1a: Garchomp
|faint|p1a: Garchomp
|
|-damage|p2a: Hariyama|65/100 brn|[from] brn
|upkeep
|
|t:|1776091734
|switch|p1a: Meowscarada|Meowscarada, F|100/100
|turn|14
|
|t:|1776091742
|-terastallize|p1a: Meowscarada|Ghost
|move|p1a: Meowscarada|Flower Trick|p2a: Hariyama
|-crit|p2a: Hariyama
|-damage|p2a: Hariyama|9/100 brn
|move|p2a: Hariyama|Drain Punch|p1a: Meowscarada
|-immune|p1a: Meowscarada
|
|-damage|p2a: Hariyama|3/100 brn|[from] brn
|upkeep
|turn|15
|
|t:|1776091766
|move|p2a: Hariyama|Bullet Punch|p1a: Meowscarada
|-damage|p1a: Meowscarada|53/100
|move|p1a: Meowscarada|Flower Trick|p2a: Hariyama
|-crit|p2a: Hariyama
|-damage|p2a: Hariyama|0 fnt
|faint|p2a: Hariyama
|
|upkeep
|
|t:|1776091773
|switch|p2a: Arcanine|Arcanine, M|100/100
|-ability|p2a: Arcanine|Intimidate|boost
|-unboost|p1a: Meowscarada|atk|1
|turn|16
|
|t:|1776091781
|move|p1a: Meowscarada|Knock Off|p2a: Arcanine
|-damage|p2a: Arcanine|68/100
|-enditem|p2a: Arcanine|Leftovers|[from] move: Knock Off|[of] p1a: Meowscarada
|move|p2a: Arcanine|Curse|p2a: Arcanine
|-unboost|p2a: Arcanine|spe|1
|-boost|p2a: Arcanine|atk|1
|-boost|p2a: Arcanine|def|1
|
|upkeep
|turn|17
|
|t:|1776091789
|move|p1a: Meowscarada|Knock Off|p2a: Arcanine
|-damage|p2a: Arcanine|54/100
|move|p2a: Arcanine|Crunch|p1a: Meowscarada
|-supereffective|p1a: Meowscarada
|-damage|p1a: Meowscarada|0 fnt
|faint|p1a: Meowscarada
|
|upkeep
|
|t:|1776091795
|switch|p1a: Raikou|Raikou|98/100
|-ability|p1a: Raikou|Pressure
|turn|18
|
|t:|1776091803
|move|p1a: Raikou|Scald|p2a: Arcanine
|-supereffective|p2a: Arcanine
|-damage|p2a: Arcanine|0 fnt
|faint|p2a: Arcanine
|
|upkeep
|
|t:|1776091807
|switch|p2a: Corviknight|Corviknight, M|100/100
|turn|19
|
|t:|1776091809
|move|p1a: Raikou|Thunderbolt|p2a: Corviknight
|-supereffective|p2a: Corviknight
|-damage|p2a: Corviknight|18/100
|move|p2a: Corviknight|Brave Bird|p1a: Raikou
|-resisted|p1a: Raikou
|-damage|p1a: Raikou|74/100
|-damage|p2a: Corviknight|12/100|[from] Recoil
|
|upkeep
|turn|20
|
|t:|1776091816
|move|p1a: Raikou|Thunderbolt|p2a: Corviknight
|-supereffective|p2a: Corviknight
|-crit|p2a: Corviknight
|-damage|p2a: Corviknight|0 fnt
|faint|p2a: Corviknight
|
|upkeep
|
|t:|1776091818
|switch|p2a: Hatterene|Hatterene, F, shiny, tera:Water|71/100
|turn|21
|
|t:|1776091822
|move|p1a: Raikou|Thunderbolt|p2a: Hatterene
|-supereffective|p2a: Hatterene
|-damage|p2a: Hatterene|0 fnt
|faint|p2a: Hatterene
|
|win|GreenSpot
|raw|GreenSpot's rating: 1200 &rarr; <strong>1227</strong><br />(+27 for winning)
|raw|chrovalis's rating: 1226 &rarr; <strong>1199</strong><br />(-27 for losing)
|l| ohko_smeargle
|l|☆chrovalis
|player|p2|
|l|☆GreenSpot
|player|p1|
