|html|<div class="broadcast-blue"><strong>[Gen 9] OU is currently suspecting Tera Blast! For information on how to participate check out the <a href="https://www.smogon.com/tools/suspects/view/200">suspect thread</a>.</strong></div>
|j|☆KING丶3266926956今余
|j|☆shxgns
|t:|1776045286
|gametype|singles
|player|p1|KING丶3266926956今余|dawn|1264
|player|p2|shxgns|skierf|1281
|gen|9
|tier|[Gen 9] OU
|rated|
|rule|HP Percentage Mod: HP is shown in percentages
|rule|Endless Battle Clause: Forcing endless battles is banned
|rule|Species Clause: Limit one of each Pokémon
|rule|OHKO Clause: OHKO moves are banned
|rule|Evasion Items Clause: Evasion items are banned
|rule|Evasion Moves Clause: Evasion moves are banned
|rule|Evasion Abilities Clause: Evasion abilities are banned
|rule|Sleep Moves Clause: Sleep-inducing moves are banned
|clearpoke
|poke|p1|Luxray, M|
|poke|p1|Noctowl, F|
|poke|p1|Alomomola, M|
|poke|p1|Meowstic, M|
|poke|p1|Incineroar, M|
|poke|p1|Meowscarada, F|
|poke|p2|Ting-Lu|
|poke|p2|Dragonite, M|
|poke|p2|Zamazenta-*|
|poke|p2|Gholdengo|
|poke|p2|Raging Bolt|
|poke|p2|Iron Valiant|
|teampreview
|inactive|Battle timer is ON: inactive players will automatically lose when time's up. (requested by KING丶3266926956今余)
|
|t:|1776045293
|teamsize|p1|6
|teamsize|p2|6
|start
|switch|p1a: Incineroar|Incineroar, M|100/100
|switch|p2a: Ting-Lu|Ting-Lu|100/100
|-ability|p2a: Ting-Lu|Vessel of Ruin
|-ability|p1a: Incineroar|Intimidate|boost
|-unboost|p2a: Ting-Lu|atk|1
|turn|1
|
|t:|1776045302
|move|p2a: Ting-Lu|Stealth Rock|p1a: Incineroar
|-sidestart|p1: KING丶3266926956今余|move: Stealth Rock
|move|p1a: Incineroar|Will-O-Wisp|p2a: Ting-Lu|[miss]
|-miss|p1a: Incineroar|p2a: Ting-Lu
|
|upkeep
|turn|2
|
|t:|1776045308
|move|p2a: Ting-Lu|Spikes|p1a: Incineroar
|-sidestart|p1: KING丶3266926956今余|Spikes
|move|p1a: Incineroar|Will-O-Wisp|p2a: Ting-Lu
|-status|p2a: Ting-Lu|brn
|
|-damage|p2a: Ting-Lu|94/100 brn|[from] brn
|upkeep
|turn|3
|
|t:|1776045313
|move|p2a: Ting-Lu|Ruination|p1a: Incineroar
|-damage|p1a: Incineroar|50/100
|move|p1a: Incineroar|Knock Off|p2a: Ting-Lu
|-resisted|p2a: Ting-Lu
|-damage|p2a: Ting-Lu|83/100 brn
|-damage|p1a: Incineroar|34/100|[from] item: Rocky Helmet|[of] p2a: Ting-Lu
|-enditem|p2a: Ting-Lu|Rocky Helmet|[from] move: Knock Off|[of] p1a: Incineroar
|
|-damage|p2a: Ting-Lu|77/100 brn|[from] brn
|upkeep
|turn|4
|
|t:|1776045324
|move|p1a: Incineroar|Parting Shot|p2a: Ting-Lu
|-unboost|p2a: Ting-Lu|atk|1
|-unboost|p2a: Ting-Lu|spa|1
|
|t:|1776045328
|switch|p1a: Noctowl|Noctowl, F|100/100|[from] Parting Shot
|move|p2a: Ting-Lu|Whirlwind|p1a: Noctowl
|drag|p1a: Alomomola|Alomomola, M|100/100
|-damage|p1a: Alomomola|88/100|[from] Stealth Rock
|-damage|p1a: Alomomola|76/100|[from] Spikes
|
|-damage|p2a: Ting-Lu|71/100 brn|[from] brn
|upkeep
|turn|5
|
|t:|1776045339
|switch|p2a: Raging Bolt|Raging Bolt|100/100
|move|p1a: Alomomola|Wish|p1a: Alomomola
|
|upkeep
|turn|6
|
|t:|1776045346
|move|p1a: Alomomola|Protect|p1a: Alomomola
|-singleturn|p1a: Alomomola|Protect
|move|p2a: Raging Bolt|Thunderbolt|p1a: Alomomola
|-activate|p1a: Alomomola|move: Protect
|
|-heal|p1a: Alomomola|100/100|[from] move: Wish|[wisher] Alomomola
|upkeep
|turn|7
|
|t:|1776045358
|move|p2a: Raging Bolt|Thunderbolt|p1a: Alomomola
|-supereffective|p1a: Alomomola
|-damage|p1a: Alomomola|23/100
|-status|p1a: Alomomola|par
|move|p1a: Alomomola|Mirror Coat|p2a: Raging Bolt
|-damage|p2a: Raging Bolt|0 fnt
|faint|p2a: Raging Bolt
|-end|p2a: Raging Bolt|Protosynthesis|[silent]
|
|upkeep
|
|t:|1776045369
|switch|p2a: Iron Valiant|Iron Valiant|100/100
|turn|8
|
|t:|1776045378
|switch|p1a: Luxray|Luxray, M|100/100
|-damage|p1a: Luxray|88/100|[from] Stealth Rock
|-damage|p1a: Luxray|76/100|[from] Spikes
|move|p2a: Iron Valiant|Moonblast|p1a: Luxray
|-damage|p1a: Luxray|25/100
|-unboost|p1a: Luxray|spa|1
|
|-status|p1a: Luxray|brn|[from] item: Flame Orb
|upkeep
|turn|9
|
|t:|1776045390
|move|p2a: Iron Valiant|Moonblast|p1a: Luxray
|-damage|p1a: Luxray|0 fnt
|faint|p1a: Luxray
|
|upkeep
|
|t:|1776045393
|switch|p1a: Meowscarada|Meowscarada, F|100/100
|-damage|p1a: Meowscarada|88/100|[from] Stealth Rock
|-damage|p1a: Meowscarada|76/100|[from] Spikes
|turn|10
|
|t:|1776045405
|-end|p2a: Iron Valiant|Quark Drive|[silent]
|switch|p2a: Gholdengo|Gholdengo|100/100
|-item|p2a: Gholdengo|Air Balloon
|move|p1a: Meowscarada|Triple Axel|p2a: Gholdengo
|-start|p1a: Meowscarada|typechange|Ice|[from] ability: Protean
|-resisted|p2a: Gholdengo
|-crit|p2a: Gholdengo
|-damage|p2a: Gholdengo|93/100
|-enditem|p2a: Gholdengo|Air Balloon
|-resisted|p2a: Gholdengo
|-damage|p2a: Gholdengo|83/100
|-resisted|p2a: Gholdengo
|-damage|p2a: Gholdengo|69/100
|-hitcount|p2a: Gholdengo|3
|
|upkeep
|turn|11
|
|t:|1776045423
|switch|p1a: Alomomola|Alomomola, M|56/100 par
|-damage|p1a: Alomomola|44/100 par|[from] Stealth Rock
|-damage|p1a: Alomomola|32/100 par|[from] Spikes
|move|p2a: Gholdengo|Shadow Ball|p1a: Alomomola
|-damage|p1a: Alomomola|4/100 par
|
|upkeep
|turn|12
|
|t:|1776045433
|switch|p1a: Noctowl|Noctowl, F|100/100
|move|p2a: Gholdengo|Shadow Ball|p1a: Noctowl
|-immune|p1a: Noctowl
|
|upkeep
|turn|13
|
|t:|1776045440
|move|p1a: Noctowl|Defog|p2a: Gholdengo
|-immune|p2a: Gholdengo|[from] ability: Good as Gold
|move|p2a: Gholdengo|Nasty Plot|p2a: Gholdengo
|-boost|p2a: Gholdengo|spa|2
|
|upkeep
|turn|14
|
|t:|1776045446
|-terastallize|p1a: Noctowl|Ground
|move|p1a: Noctowl|Tera Blast|p2a: Gholdengo|[anim] Tera Blast Ground
|-supereffective|p2a: Gholdengo
|-damage|p2a: Gholdengo|0 fnt
|faint|p2a: Gholdengo
|
|upkeep
|
|t:|1776045464
|switch|p2a: Ting-Lu|Ting-Lu|71/100 brn
|-ability|p2a: Ting-Lu|Vessel of Ruin
|turn|15
|
|t:|1776045466
|move|p1a: Noctowl|Defog|p2a: Ting-Lu
|-unboost|p2a: Ting-Lu|evasion|1
|-sideend|p1: KING丶3266926956今余|Spikes|[from] move: Defog|[of] p1a: Noctowl
|-sideend|p1: KING丶3266926956今余|Stealth Rock|[from] move: Defog|[of] p1a: Noctowl
|move|p2a: Ting-Lu|Ruination|p1a: Noctowl
|-damage|p1a: Noctowl|50/100
|
|-damage|p2a: Ting-Lu|64/100 brn|[from] brn
|upkeep
|turn|16
|
|t:|1776045472
|switch|p1a: Alomomola|Alomomola, M|37/100 par
|move|p2a: Ting-Lu|Stealth Rock|p1a: Alomomola
|-sidestart|p1: KING丶3266926956今余|move: Stealth Rock
|
|-damage|p2a: Ting-Lu|58/100 brn|[from] brn
|upkeep
|turn|17
|
|t:|1776045478
|cant|p1a: Alomomola|par
|move|p2a: Ting-Lu|Whirlwind|p1a: Alomomola
|drag|p1a: Meowstic|Meowstic, M|100/100
|-damage|p1a: Meowstic|88/100|[from] Stealth Rock
|
|-damage|p2a: Ting-Lu|52/100 brn|[from] brn
|upkeep
|turn|18
|
|t:|1776045484
|switch|p1a: Alomomola|Alomomola, M|71/100 par
|-damage|p1a: Alomomola|58/100 par|[from] Stealth Rock
|move|p2a: Ting-Lu|Ruination|p1a: Alomomola
|-damage|p1a: Alomomola|29/100 par
|
|-damage|p2a: Ting-Lu|46/100 brn|[from] brn
|upkeep
|turn|19
|
|t:|1776045494
|switch|p2a: Zamazenta|Zamazenta|100/100
|-ability|p2a: Zamazenta|Dauntless Shield|boost
|-boost|p2a: Zamazenta|def|1
|move|p1a: Alomomola|Wish|p1a: Alomomola
|
|upkeep
|turn|20
|
|t:|1776045500
|switch|p1a: Meowstic|Meowstic, M|88/100
|-damage|p1a: Meowstic|75/100|[from] Stealth Rock
|move|p2a: Zamazenta|Iron Defense|p2a: Zamazenta
|-boost|p2a: Zamazenta|def|2
|
|-heal|p1a: Meowstic|100/100|[from] move: Wish|[wisher] Alomomola
|upkeep
|turn|21
|
|t:|1776045516
|-terastallize|p2a: Zamazenta|Fire
|move|p1a: Meowstic|Trick|p2a: Zamazenta
|-activate|p1a: Meowstic|move: Trick|[of] p2a: Zamazenta
|-item|p2a: Zamazenta|Choice Specs|[from] move: Trick
|-item|p1a: Meowstic|Heavy-Duty Boots|[from] move: Trick
|move|p2a: Zamazenta|Crunch|p1a: Meowstic
|-supereffective|p1a: Meowstic
|-damage|p1a: Meowstic|52/100
|-unboost|p1a: Meowstic|def|1
|
|upkeep
|turn|22
|
|t:|1776045525
|switch|p1a: Incineroar|Incineroar, M|34/100
|-ability|p1a: Incineroar|Intimidate|boost
|-unboost|p2a: Zamazenta|atk|1
|move|p2a: Zamazenta|Crunch|p1a: Incineroar
|-resisted|p1a: Incineroar
|-damage|p1a: Incineroar|28/100
|
|upkeep
|turn|23
|
|t:|1776045533
|switch|p2a: Ting-Lu|Ting-Lu|46/100 brn
|-ability|p2a: Ting-Lu|Vessel of Ruin
|move|p1a: Incineroar|Parting Shot|p2a: Ting-Lu
|-unboost|p2a: Ting-Lu|atk|1
|-unboost|p2a: Ting-Lu|spa|1
|
|t:|1776045536
|switch|p1a: Alomomola|Alomomola, M|63/100 par|[from] Parting Shot
|-damage|p1a: Alomomola|50/100 par|[from] Stealth Rock
|
|-damage|p2a: Ting-Lu|39/100 brn|[from] brn
|upkeep
|turn|24
|
|t:|1776045548
|switch|p2a: Zamazenta|Zamazenta, tera:Fire|100/100
|cant|p1a: Alomomola|par
|
|upkeep
|turn|25
|
|t:|1776045560
|move|p2a: Zamazenta|Body Press|p1a: Alomomola
|-damage|p1a: Alomomola|25/100 par
|move|p1a: Alomomola|Wish|p1a: Alomomola
|
|upkeep
|turn|26
|
|t:|1776045588
|switch|p1a: Meowstic|Meowstic, M|52/100
|move|p2a: Zamazenta|Body Press|p1a: Meowstic
|-resisted|p1a: Meowstic
|-damage|p1a: Meowstic|30/100
|
|-heal|p1a: Meowstic|100/100|[from] move: Wish|[wisher] Alomomola
|upkeep
|turn|27
|
|t:|1776045596
|switch|p2a: Ting-Lu|Ting-Lu|39/100 brn
|-ability|p2a: Ting-Lu|Vessel of Ruin
|switch|p1a: Alomomola|Alomomola, M|58/100 par
|-damage|p1a: Alomomola|46/100 par|[from] Stealth Rock
|
|-damage|p2a: Ting-Lu|33/100 brn|[from] brn
|upkeep
|turn|28
|
|t:|1776045610
|switch|p2a: Iron Valiant|Iron Valiant|100/100
|move|p1a: Alomomola|Wish|p1a: Alomomola
|
|upkeep
|turn|29
|
|t:|1776045616
|move|p1a: Alomomola|Protect|p1a: Alomomola
|-singleturn|p1a: Alomomola|Protect
|move|p2a: Iron Valiant|Encore|p1a: Alomomola
|-activate|p1a: Alomomola|move: Protect
|
|-heal|p1a: Alomomola|96/100 par|[from] move: Wish|[wisher] Alomomola
|upkeep
|turn|30
|
|t:|1776045629
|switch|p1a: Meowstic|Meowstic, M|100/100
|move|p2a: Iron Valiant|Knock Off|p1a: Meowstic
|-supereffective|p1a: Meowstic
|-damage|p1a: Meowstic|12/100
|-enditem|p1a: Meowstic|Heavy-Duty Boots|[from] move: Knock Off|[of] p2a: Iron Valiant
|
|upkeep
|turn|31
|
|t:|1776045644
|move|p1a: Meowstic|Light Screen|p1a: Meowstic
|-sidestart|p1: KING丶3266926956今余|move: Light Screen
|move|p2a: Iron Valiant|Knock Off|p1a: Meowstic
|-supereffective|p1a: Meowstic
|-damage|p1a: Meowstic|0 fnt
|faint|p1a: Meowstic
|
|upkeep
|
|t:|1776045652
|switch|p1a: Alomomola|Alomomola, M|100/100 par
|-damage|p1a: Alomomola|88/100 par|[from] Stealth Rock
|turn|32
|
|t:|1776045657
|move|p2a: Iron Valiant|Knock Off|p1a: Alomomola
|-damage|p1a: Alomomola|64/100 par
|-enditem|p1a: Alomomola|Lagging Tail|[from] move: Knock Off|[of] p2a: Iron Valiant
|cant|p1a: Alomomola|par
|
|upkeep
|turn|33
|
|t:|1776045668
|move|p2a: Iron Valiant|Knock Off|p1a: Alomomola
|-damage|p1a: Alomomola|46/100 par
|move|p1a: Alomomola|Wish|p1a: Alomomola
|
|upkeep
|turn|34
|
|t:|1776045673
|switch|p1a: Incineroar|Incineroar, M|28/100
|-ability|p1a: Incineroar|Intimidate|boost
|-unboost|p2a: Iron Valiant|atk|1
|move|p2a: Iron Valiant|Close Combat|p1a: Incineroar
|-supereffective|p1a: Incineroar
|-damage|p1a: Incineroar|0 fnt
|-unboost|p2a: Iron Valiant|def|1
|-unboost|p2a: Iron Valiant|spd|1
|faint|p1a: Incineroar
|
|upkeep
|
|t:|1776045683
|switch|p1a: Meowscarada|Meowscarada, F|76/100
|-damage|p1a: Meowscarada|64/100|[from] Stealth Rock
|turn|35
|
|t:|1776045686
|-end|p2a: Iron Valiant|Quark Drive|[silent]
|switch|p2a: Ting-Lu|Ting-Lu|33/100 brn
|-ability|p2a: Ting-Lu|Vessel of Ruin
|move|p1a: Meowscarada|Triple Axel|p2a: Ting-Lu
|-start|p1a: Meowscarada|typechange|Ice|[from] ability: Protean
|-supereffective|p2a: Ting-Lu
|-damage|p2a: Ting-Lu|18/100 brn
|-supereffective|p2a: Ting-Lu
|-damage|p2a: Ting-Lu|0 fnt
|faint|p2a: Ting-Lu
|-hitcount|p2: Ting-Lu|2
|
|-sideend|p1: KING丶3266926956今余|move: Light Screen
|upkeep
|
|t:|1776045692
|switch|p2a: Iron Valiant|Iron Valiant|100/100
|turn|36
|
|t:|1776045696
|move|p1a: Meowscarada|Triple Axel|p2a: Iron Valiant
|-damage|p2a: Iron Valiant|84/100
|-crit|p2a: Iron Valiant
|-damage|p2a: Iron Valiant|27/100
|-damage|p2a: Iron Valiant|0 fnt
|faint|p2a: Iron Valiant
|-end|p2a: Iron Valiant|Quark Drive|[silent]
|-hitcount|p2: Iron Valiant|3
|
|upkeep
|
|t:|1776045705
|switch|p2a: Zamazenta|Zamazenta, tera:Fire|100/100
|turn|37
|inactive|KING丶3266926956今余 has 120 seconds left.
|
|t:|1776045740
|switch|p1a: Alomomola|Alomomola, M|80/100 par
|-damage|p1a: Alomomola|67/100 par|[from] Stealth Rock
|move|p2a: Zamazenta|Body Press|p1a: Alomomola
|-damage|p1a: Alomomola|42/100 par
|
|upkeep
|turn|38
|
|t:|1776045747
|move|p2a: Zamazenta|Body Press|p1a: Alomomola
|-damage|p1a: Alomomola|18/100 par
|cant|p1a: Alomomola|par
|
|upkeep
|turn|39
|
|t:|1776045755
|switch|p1a: Noctowl|Noctowl, F, tera:Ground|50/100
|move|p2a: Zamazenta|Body Press|p1a: Noctowl
|-damage|p1a: Noctowl|0 fnt
|faint|p1a: Noctowl
|
|upkeep
|
|t:|1776045760
|switch|p1a: Alomomola|Alomomola, M|51/100 par
|-damage|p1a: Alomomola|39/100 par|[from] Stealth Rock
|turn|40
|
|t:|1776045763
|move|p2a: Zamazenta|Body Press|p1a: Alomomola
|-damage|p1a: Alomomola|12/100 par
|move|p1a: Alomomola|Wish|p1a: Alomomola
|
|upkeep
|turn|41
|
|t:|1776045767
|move|p1a: Alomomola|Protect|p1a: Alomomola
|-singleturn|p1a: Alomomola|Protect
|move|p2a: Zamazenta|Body Press|p1a: Alomomola
|-activate|p1a: Alomomola|move: Protect
|
|-heal|p1a: Alomomola|62/100 par|[from] move: Wish|[wisher] Alomomola
|upkeep
|turn|42
|
|t:|1776045780
|switch|p2a: Dragonite|Dragonite, M|100/100
|move|p1a: Alomomola|Wish|p1a: Alomomola
|
|upkeep
|turn|43
|
|t:|1776045784
|move|p2a: Dragonite|Dragon Dance|p2a: Dragonite
|-boost|p2a: Dragonite|atk|1
|-boost|p2a: Dragonite|spe|1
|move|p1a: Alomomola|Flip Turn|p2a: Dragonite
|-resisted|p2a: Dragonite
|-crit|p2a: Dragonite
|-damage|p2a: Dragonite|94/100
|
|t:|1776045790
|switch|p1a: Meowscarada|Meowscarada, F|64/100|[from] Flip Turn
|-damage|p1a: Meowscarada|52/100|[from] Stealth Rock
|
|-heal|p1a: Meowscarada|100/100|[from] move: Wish|[wisher] Alomomola
|upkeep
|turn|44
|
|t:|1776045801
|move|p2a: Dragonite|Extreme Speed|p1a: Meowscarada
|-damage|p1a: Meowscarada|33/100
|move|p1a: Meowscarada|Triple Axel|p2a: Dragonite
|-start|p1a: Meowscarada|typechange|Ice|[from] ability: Protean
|-supereffective|p2a: Dragonite
|-damage|p2a: Dragonite|35/100
|-hitcount|p2a: Dragonite|1
|
|upkeep
|turn|45
|
|t:|1776045813
|switch|p1a: Alomomola|Alomomola, M|95/100 par
|-damage|p1a: Alomomola|83/100 par|[from] Stealth Rock
|move|p2a: Dragonite|Extreme Speed|p1a: Alomomola
|-damage|p1a: Alomomola|45/100 par
|
|upkeep
|turn|46
|
|t:|1776045820
|move|p2a: Dragonite|Earthquake|p1a: Alomomola
|-damage|p1a: Alomomola|0 fnt
|faint|p1a: Alomomola
|
|upkeep
|
|t:|1776045823
|switch|p1a: Meowscarada|Meowscarada, F|33/100
|-damage|p1a: Meowscarada|21/100|[from] Stealth Rock
|turn|47
|-message|KING丶3266926956今余 forfeited.
|
|win|shxgns
|raw|KING丶3266926956今余's rating: 1264 &rarr; <strong>1240</strong><br />(-24 for losing)
|raw|shxgns's rating: 1281 &rarr; <strong>1305</strong><br />(+24 for winning)
|l|☆KING丶3266926956今余
|player|p1|
|l|☆shxgns
|player|p2|
