|html|<div class="broadcast-blue"><strong>[Gen 9] OU is currently suspecting Tera Blast! For information on how to participate check out the <a href="https://www.smogon.com/tools/suspects/view/200">suspect thread</a>.</strong></div>
|j|☆javi.gdurdy
|j|☆DoubleBaggerDavis
|t:|1776053608
|gametype|singles
|player|p1|javi.gdurdy|n|1044
|player|p2|DoubleBaggerDavis|cheryl|1084
|gen|9
|tier|[Gen 9] OU
|rated|
|rule|HP Percentage Mod: HP is shown in percentages
|rule|Endless Battle Clause: Forcing endless battles is banned
|rule|Species Clause: Limit one of each Pokémon
|rule|OHKO Clause: OHKO moves are banned
|rule|Evasion Items Clause: Evasion items are banned
|rule|Evasion Moves Clause: Evasion moves are banned
|rule|Evasion Abilities Clause: Evasion abilities are banned
|rule|Sleep Moves Clause: Sleep-inducing moves are banned
|clearpoke
|poke|p1|Gliscor, M|
|poke|p1|Toxtricity, M|
|poke|p1|Tinkaton, F|
|poke|p1|Dragapult, F|
|poke|p1|Great Tusk|
|poke|p1|Milotic, M|
|poke|p2|Indeedee, M|
|poke|p2|Deoxys-Speed|
|poke|p2|Iron Boulder|
|poke|p2|Glimmora, F|
|poke|p2|Polteageist|
|poke|p2|Hawlucha, M|
|teampreview
|inactive|Battle timer is ON: inactive players will automatically lose when time's up. (requested by DoubleBaggerDavis)
|j| ohko_smeargle
|
|t:|1776053617
|teamsize|p1|6
|teamsize|p2|6
|start
|switch|p1a: Dragapult|Dragapult, F|100/100
|switch|p2a: Indeedee|Indeedee, M|100/100
|-fieldstart|move: Psychic Terrain|[from] ability: Psychic Surge|[of] p2a: Indeedee
|turn|1
|
|t:|1776053635
|switch|p2a: Glimmora|Glimmora, F|100/100
|move|p1a: Dragapult|Draco Meteor|p2a: Glimmora
|-damage|p2a: Glimmora|0 fnt
|-unboost|p1a: Dragapult|spa|2
|faint|p2a: Glimmora
|
|upkeep
|
|t:|1776053648
|switch|p2a: Hawlucha|Hawlucha, M|100/100
|-enditem|p2a: Hawlucha|Psychic Seed
|-boost|p2a: Hawlucha|spd|1|[from] item: Psychic Seed
|turn|2
|
|t:|1776053666
|move|p2a: Hawlucha|Swords Dance|p2a: Hawlucha
|-boost|p2a: Hawlucha|atk|2
|move|p1a: Dragapult|Draco Meteor|p2a: Hawlucha
|-damage|p2a: Hawlucha|61/100
|-unboost|p1a: Dragapult|spa|2
|
|upkeep
|turn|3
|
|t:|1776053676
|move|p2a: Hawlucha|Swords Dance|p2a: Hawlucha
|-boost|p2a: Hawlucha|atk|2
|move|p1a: Dragapult|Draco Meteor|p2a: Hawlucha
|-damage|p2a: Hawlucha|35/100
|-unboost|p1a: Dragapult|spa|2
|
|upkeep
|turn|4
|
|t:|1776053685
|move|p2a: Hawlucha|Acrobatics|p1a: Dragapult
|-damage|p1a: Dragapult|0 fnt
|faint|p1a: Dragapult
|
|upkeep
|
|t:|1776053698
|switch|p1a: Gliscor|Gliscor, M|100/100
|turn|5
|
|t:|1776053719
|-terastallize|p2a: Hawlucha|Steel
|move|p2a: Hawlucha|Acrobatics|p1a: Gliscor
|-damage|p1a: Gliscor|6/100
|move|p1a: Gliscor|Toxic|p2a: Hawlucha
|-immune|p2a: Hawlucha
|
|-status|p1a: Gliscor|tox|[from] item: Toxic Orb
|upkeep
|turn|6
|
|t:|1776053733
|move|p1a: Gliscor|Protect|p1a: Gliscor
|-singleturn|p1a: Gliscor|Protect
|move|p2a: Hawlucha|Encore|p1a: Gliscor
|-activate|p1a: Gliscor|move: Protect
|
|-heal|p1a: Gliscor|18/100 tox|[from] ability: Poison Heal
|upkeep
|turn|7
|
|t:|1776053748
|switch|p1a: Toxtricity|Toxtricity, M|100/100
|move|p2a: Hawlucha|Drain Punch|p1a: Toxtricity
|-resisted|p1a: Toxtricity
|-damage|p1a: Toxtricity|26/100
|-heal|p2a: Hawlucha|68/100|[from] drain|[of] p1a: Toxtricity
|
|upkeep
|turn|8
|
|t:|1776053760
|move|p2a: Hawlucha|Drain Punch|p1a: Toxtricity
|-resisted|p1a: Toxtricity
|-damage|p1a: Toxtricity|0 fnt
|-heal|p2a: Hawlucha|79/100|[from] drain|[of] p1a: Toxtricity
|faint|p1a: Toxtricity
|
|-fieldend|move: Psychic Terrain
|upkeep
|
|t:|1776053770
|switch|p1a: Milotic|Milotic, M|100/100
|turn|9
|
|t:|1776053775
|move|p2a: Hawlucha|Drain Punch|p1a: Milotic
|-damage|p1a: Milotic|31/100
|-heal|p2a: Hawlucha|100/100|[from] drain|[of] p1a: Milotic
|move|p1a: Milotic|Haze|p1a: Milotic
|-clearallboost
|
|-status|p1a: Milotic|brn|[from] item: Flame Orb
|upkeep
|turn|10
|
|t:|1776053785
|move|p2a: Hawlucha|Encore|p1a: Milotic
|-start|p1a: Milotic|Encore
|move|p1a: Milotic|Haze|p1a: Milotic
|-clearallboost
|
|-damage|p1a: Milotic|25/100 brn|[from] brn
|upkeep
|turn|11
|
|t:|1776053795
|switch|p1a: Gliscor|Gliscor, M|18/100 tox
|move|p2a: Hawlucha|Swords Dance|p2a: Hawlucha
|-boost|p2a: Hawlucha|atk|2
|
|-heal|p1a: Gliscor|30/100 tox|[from] ability: Poison Heal
|upkeep
|turn|12
|
|t:|1776053807
|move|p2a: Hawlucha|Acrobatics|p1a: Gliscor
|-damage|p1a: Gliscor|0 fnt
|faint|p1a: Gliscor
|
|upkeep
|-message|javi.gdurdy forfeited.
|
|win|DoubleBaggerDavis
|raw|javi.gdurdy's rating: 1044 &rarr; <strong>1029</strong><br />(-15 for losing)
|raw|DoubleBaggerDavis's rating: 1084 &rarr; <strong>1108</strong><br />(+24 for winning)
|l|☆javi.gdurdy
|player|p1|
|l| ohko_smeargle
