|html|<div class="broadcast-blue"><strong>[Gen 9] OU is currently suspecting Tera Blast! For information on how to participate check out the <a href="https://www.smogon.com/tools/suspects/view/200">suspect thread</a>.</strong></div>
|j|☆Blastoise_Choice
|j|☆OP Earthquakes
|t:|1776064255
|gametype|singles
|player|p1|Blastoise_Choice|benga|1614
|player|p2|OP Earthquakes|giovanni-masters|1783
|gen|9
|tier|[Gen 9] OU
|rated|
|rule|HP Percentage Mod: HP is shown in percentages
|rule|Endless Battle Clause: Forcing endless battles is banned
|rule|Species Clause: Limit one of each Pokémon
|rule|OHKO Clause: OHKO moves are banned
|rule|Evasion Items Clause: Evasion items are banned
|rule|Evasion Moves Clause: Evasion moves are banned
|rule|Evasion Abilities Clause: Evasion abilities are banned
|rule|Sleep Moves Clause: Sleep-inducing moves are banned
|clearpoke
|poke|p1|Hydrapple, M|
|poke|p1|Tyranitar, F|
|poke|p1|Moltres|
|poke|p1|Zamazenta-*|
|poke|p1|Slowking-Galar, F|
|poke|p1|Excadrill, F|
|poke|p2|Excadrill, F|
|poke|p2|Tyranitar, F|
|poke|p2|Kyurem|
|poke|p2|Hawlucha, M|
|poke|p2|Pawmot, M|
|poke|p2|Gliscor, M|
|teampreview
|inactive|Battle timer is ON: inactive players will automatically lose when time's up. (requested by OP Earthquakes)
|
|t:|1776064263
|teamsize|p1|6
|teamsize|p2|6
|start
|switch|p1a: Zamazenta|Zamazenta|100/100
|switch|p2a: Gliscor|Gliscor, M, shiny|100/100
|-ability|p1a: Zamazenta|Dauntless Shield|boost
|-boost|p1a: Zamazenta|def|1
|turn|1
|c|☆Blastoise_Choice|hf
|inactive|Blastoise_Choice also wants the timer to be on.
|
|t:|1776064270
|move|p1a: Zamazenta|Iron Defense|p1a: Zamazenta
|-boost|p1a: Zamazenta|def|2
|move|p2a: Gliscor|Knock Off|p1a: Zamazenta
|-resisted|p1a: Zamazenta
|-crit|p1a: Zamazenta
|-damage|p1a: Zamazenta|87/100
|-enditem|p1a: Zamazenta|Leftovers|[from] move: Knock Off|[of] p2a: Gliscor
|
|-status|p2a: Gliscor|tox|[from] item: Toxic Orb
|upkeep
|turn|2
|
|t:|1776064278
|switch|p1a: Excadrill|Excadrill, F|100/100
|-item|p1a: Excadrill|Air Balloon
|move|p2a: Gliscor|Tailwind|p2a: Gliscor
|-sidestart|p2: OP Earthquakes|move: Tailwind
|
|upkeep
|turn|3
|
|t:|1776064285
|switch|p1a: Zamazenta|Zamazenta|87/100
|move|p2a: Gliscor|Knock Off|p1a: Zamazenta
|-resisted|p1a: Zamazenta
|-damage|p1a: Zamazenta|81/100
|
|upkeep
|turn|4
|
|t:|1776064292
|move|p2a: Gliscor|U-turn|p1a: Zamazenta
|-resisted|p1a: Zamazenta
|-damage|p1a: Zamazenta|75/100
|
|t:|1776064305
|switch|p2a: Itachi|Hawlucha, M, shiny|100/100|[from] U-turn
|-ability|p2a: Itachi|Mold Breaker
|move|p1a: Zamazenta|Iron Defense|p1a: Zamazenta
|-boost|p1a: Zamazenta|def|2
|
|upkeep
|turn|5
|
|t:|1776064312
|switch|p1a: Hydrapple|Hydrapple, M|100/100
|move|p2a: Itachi|Encore||[still]
|-fail|p2a: Itachi
|
|-sideend|p2: OP Earthquakes|move: Tailwind
|upkeep
|turn|6
|
|t:|1776064319
|move|p2a: Itachi|Brave Bird|p1a: Hydrapple
|-supereffective|p1a: Hydrapple
|-damage|p1a: Hydrapple|46/100
|-damage|p2a: Itachi|76/100|[from] Recoil
|move|p1a: Hydrapple|Fickle Beam|p2a: Itachi|[anim] Fickle Beam All Out
|-activate|p1a: Hydrapple|move: Fickle Beam
|-damage|p2a: Itachi|0 fnt
|faint|p2a: Itachi
|
|upkeep
|
|t:|1776064323
|switch|p2a: Frieza|Kyurem, shiny|100/100
|-ability|p2a: Frieza|Pressure
|turn|7
|
|t:|1776064330
|switch|p1a: Zamazenta|Zamazenta|75/100
|move|p2a: Frieza|Earth Power|p1a: Zamazenta
|-damage|p1a: Zamazenta|43/100
|
|upkeep
|turn|8
|
|t:|1776064337
|switch|p2a: Gliscor|Gliscor, M, shiny|100/100 tox
|move|p1a: Zamazenta|Body Press|p2a: Gliscor
|-resisted|p2a: Gliscor
|-damage|p2a: Gliscor|88/100 tox
|
|-heal|p2a: Gliscor|99/100 tox|[from] ability: Poison Heal
|upkeep
|turn|9
|
|t:|1776064342
|move|p1a: Zamazenta|Body Press|p2a: Gliscor
|-resisted|p2a: Gliscor
|-damage|p2a: Gliscor|88/100 tox
|move|p2a: Gliscor|U-turn|p1a: Zamazenta
|-resisted|p1a: Zamazenta
|-damage|p1a: Zamazenta|36/100
|
|t:|1776064348
|switch|p2a: The sandstorm|Tyranitar, F, shiny|100/100|[from] U-turn
|-weather|Sandstorm|[from] ability: Sand Stream|[of] p2a: The sandstorm
|
|-weather|Sandstorm|[upkeep]
|-damage|p1a: Zamazenta|30/100|[from] Sandstorm
|upkeep
|turn|10
|
|t:|1776064354
|switch|p2a: Gliscor|Gliscor, M, shiny|88/100 tox
|move|p1a: Zamazenta|Body Press|p2a: Gliscor
|-resisted|p2a: Gliscor
|-damage|p2a: Gliscor|75/100 tox
|
|-weather|Sandstorm|[upkeep]
|-damage|p1a: Zamazenta|24/100|[from] Sandstorm
|-heal|p2a: Gliscor|88/100 tox|[from] ability: Poison Heal
|upkeep
|turn|11
|
|t:|1776064361
|move|p1a: Zamazenta|Iron Defense|p1a: Zamazenta
|-boost|p1a: Zamazenta|def|2
|move|p2a: Gliscor|Knock Off|p1a: Zamazenta
|-resisted|p1a: Zamazenta
|-damage|p1a: Zamazenta|21/100
|
|-weather|Sandstorm|[upkeep]
|-damage|p1a: Zamazenta|15/100|[from] Sandstorm
|-heal|p2a: Gliscor|99/100 tox|[from] ability: Poison Heal
|upkeep
|turn|12
|
|t:|1776064366
|switch|p1a: Hydrapple|Hydrapple, M|79/100
|move|p2a: Gliscor|Knock Off|p1a: Hydrapple
|-damage|p1a: Hydrapple|66/100
|-enditem|p1a: Hydrapple|Heavy-Duty Boots|[from] move: Knock Off|[of] p2a: Gliscor
|
|-weather|Sandstorm|[upkeep]
|-damage|p1a: Hydrapple|60/100|[from] Sandstorm
|-heal|p2a: Gliscor|100/100 tox|[from] ability: Poison Heal
|upkeep
|turn|13
|
|t:|1776064371
|switch|p1a: Zamazenta|Zamazenta|15/100
|move|p2a: Gliscor|U-turn|p1a: Zamazenta
|-resisted|p1a: Zamazenta
|-damage|p1a: Zamazenta|9/100
|
|t:|1776064381
|switch|p2a: OP|Excadrill, F|100/100|[from] U-turn
|
|-weather|Sandstorm|[upkeep]
|-damage|p1a: Zamazenta|3/100|[from] Sandstorm
|upkeep
|turn|14
|
|t:|1776064388
|switch|p2a: Gliscor|Gliscor, M, shiny|100/100 tox
|move|p1a: Zamazenta|Body Press|p2a: Gliscor
|-resisted|p2a: Gliscor
|-damage|p2a: Gliscor|88/100 tox
|
|-weather|Sandstorm|[upkeep]
|-damage|p1a: Zamazenta|0 fnt|[from] Sandstorm
|faint|p1a: Zamazenta
|-heal|p2a: Gliscor|99/100 tox|[from] ability: Poison Heal
|upkeep
|
|t:|1776064392
|switch|p1a: Excadrill|Excadrill, F|100/100
|-item|p1a: Excadrill|Air Balloon
|turn|15
|
|t:|1776064396
|move|p1a: Excadrill|Iron Head|p2a: Gliscor
|-damage|p2a: Gliscor|73/100 tox
|move|p2a: Gliscor|Knock Off|p1a: Excadrill
|-damage|p1a: Excadrill|71/100
|-enditem|p1a: Excadrill|Air Balloon
|
|-weather|Sandstorm|[upkeep]
|-heal|p2a: Gliscor|85/100 tox|[from] ability: Poison Heal
|upkeep
|turn|16
|
|t:|1776064405
|move|p1a: Excadrill|Iron Head|p2a: Gliscor
|-damage|p2a: Gliscor|54/100 tox
|move|p2a: Gliscor|Knock Off|p1a: Excadrill
|-damage|p1a: Excadrill|47/100
|
|-weather|none
|-heal|p2a: Gliscor|67/100 tox|[from] ability: Poison Heal
|upkeep
|turn|17
|
|t:|1776064414
|move|p2a: Gliscor|Protect|p2a: Gliscor
|-singleturn|p2a: Gliscor|Protect
|move|p1a: Excadrill|Iron Head|p2a: Gliscor
|-activate|p2a: Gliscor|move: Protect
|
|-heal|p2a: Gliscor|79/100 tox|[from] ability: Poison Heal
|upkeep
|turn|18
|
|t:|1776064420
|move|p1a: Excadrill|Iron Head|p2a: Gliscor
|-damage|p2a: Gliscor|53/100 tox
|move|p2a: Gliscor|Knock Off|p1a: Excadrill
|-damage|p1a: Excadrill|27/100
|
|-heal|p2a: Gliscor|65/100 tox|[from] ability: Poison Heal
|upkeep
|turn|19
|
|t:|1776064427
|move|p1a: Excadrill|Iron Head|p2a: Gliscor
|-damage|p2a: Gliscor|34/100 tox
|cant|p2a: Gliscor|flinch
|
|-heal|p2a: Gliscor|47/100 tox|[from] ability: Poison Heal
|upkeep
|turn|20
|
|t:|1776064433
|move|p2a: Gliscor|Protect|p2a: Gliscor
|-singleturn|p2a: Gliscor|Protect
|move|p1a: Excadrill|Iron Head|p2a: Gliscor
|-activate|p2a: Gliscor|move: Protect
|
|-heal|p2a: Gliscor|59/100 tox|[from] ability: Poison Heal
|upkeep
|turn|21
|
|t:|1776064440
|move|p1a: Excadrill|Iron Head|p2a: Gliscor
|-damage|p2a: Gliscor|30/100 tox
|cant|p2a: Gliscor|flinch
|
|-heal|p2a: Gliscor|43/100 tox|[from] ability: Poison Heal
|upkeep
|turn|22
|
|t:|1776064445
|move|p2a: Gliscor|Protect|p2a: Gliscor
|-singleturn|p2a: Gliscor|Protect
|move|p1a: Excadrill|Iron Head|p2a: Gliscor
|-activate|p2a: Gliscor|move: Protect
|
|-heal|p2a: Gliscor|55/100 tox|[from] ability: Poison Heal
|upkeep
|turn|23
|
|t:|1776064459
|move|p1a: Excadrill|Iron Head|p2a: Gliscor
|-damage|p2a: Gliscor|25/100 tox
|move|p2a: Gliscor|Knock Off|p1a: Excadrill
|-damage|p1a: Excadrill|5/100
|
|-heal|p2a: Gliscor|37/100 tox|[from] ability: Poison Heal
|upkeep
|turn|24
|
|t:|1776064466
|move|p2a: Gliscor|Protect|p2a: Gliscor
|-singleturn|p2a: Gliscor|Protect
|move|p1a: Excadrill|Iron Head|p2a: Gliscor
|-activate|p2a: Gliscor|move: Protect
|
|-heal|p2a: Gliscor|50/100 tox|[from] ability: Poison Heal
|upkeep
|turn|25
|
|t:|1776064473
|move|p1a: Excadrill|Iron Head|p2a: Gliscor
|-damage|p2a: Gliscor|22/100 tox
|cant|p2a: Gliscor|flinch
|
|-heal|p2a: Gliscor|34/100 tox|[from] ability: Poison Heal
|upkeep
|turn|26
|
|t:|1776064478
|move|p2a: Gliscor|Protect|p2a: Gliscor
|-singleturn|p2a: Gliscor|Protect
|move|p1a: Excadrill|Iron Head|p2a: Gliscor
|-activate|p2a: Gliscor|move: Protect
|
|-heal|p2a: Gliscor|47/100 tox|[from] ability: Poison Heal
|upkeep
|turn|27
|
|t:|1776064484
|move|p1a: Excadrill|Iron Head|p2a: Gliscor
|-damage|p2a: Gliscor|17/100 tox
|move|p2a: Gliscor|U-turn|p1a: Excadrill
|-resisted|p1a: Excadrill
|-damage|p1a: Excadrill|0 fnt
|faint|p1a: Excadrill
|
|t:|1776064494
|switch|p2a: Frieza|Kyurem, shiny|100/100|[from] U-turn
|-ability|p2a: Frieza|Pressure
|
|upkeep
|
|t:|1776064501
|switch|p1a: Tyranitar|Tyranitar, F|100/100
|-weather|Sandstorm|[from] ability: Sand Stream|[of] p1a: Tyranitar
|turn|28
|inactive|OP Earthquakes has 120 seconds left.
|
|t:|1776064539
|move|p2a: Frieza|Earth Power|p1a: Tyranitar
|-supereffective|p1a: Tyranitar
|-damage|p1a: Tyranitar|64/100
|move|p1a: Tyranitar|Knock Off|p2a: Frieza
|-damage|p2a: Frieza|58/100
|-enditem|p2a: Frieza|Expert Belt|[from] move: Knock Off|[of] p1a: Tyranitar
|
|-weather|Sandstorm|[upkeep]
|-damage|p2a: Frieza|52/100|[from] Sandstorm
|upkeep
|turn|29
|
|t:|1776064546
|move|p2a: Frieza|Earth Power|p1a: Tyranitar
|-supereffective|p1a: Tyranitar
|-damage|p1a: Tyranitar|34/100
|move|p1a: Tyranitar|Stealth Rock|p2a: Frieza
|-sidestart|p2: OP Earthquakes|move: Stealth Rock
|
|-weather|Sandstorm|[upkeep]
|-damage|p2a: Frieza|46/100|[from] Sandstorm
|upkeep
|turn|30
|
|t:|1776064552
|move|p2a: Frieza|Earth Power|p1a: Tyranitar
|-supereffective|p1a: Tyranitar
|-damage|p1a: Tyranitar|4/100
|move|p1a: Tyranitar|Knock Off|p2a: Frieza
|-damage|p2a: Frieza|20/100
|
|-weather|Sandstorm|[upkeep]
|-damage|p2a: Frieza|13/100|[from] Sandstorm
|upkeep
|turn|31
|
|t:|1776064560
|switch|p1a: Slowking|Slowking-Galar, F|100/100
|move|p2a: Frieza|Freeze-Dry|p1a: Slowking
|-damage|p1a: Slowking|78/100
|-status|p1a: Slowking|frz
|
|-weather|Sandstorm|[upkeep]
|-damage|p2a: Frieza|7/100|[from] Sandstorm
|-damage|p1a: Slowking|72/100 frz|[from] Sandstorm
|upkeep
|turn|32
|
|t:|1776064566
|switch|p1a: Moltres|Moltres|100/100
|move|p2a: Frieza|Endeavor|p1a: Moltres
|-damage|p1a: Moltres|8/100
|
|-weather|Sandstorm|[upkeep]
|-damage|p2a: Frieza|1/100|[from] Sandstorm
|-damage|p1a: Moltres|2/100|[from] Sandstorm
|upkeep
|turn|33
|
|t:|1776064575
|move|p2a: Frieza|Freeze-Dry|p1a: Moltres
|-damage|p1a: Moltres|0 fnt
|faint|p1a: Moltres
|
|-weather|Sandstorm|[upkeep]
|-damage|p2a: Frieza|0 fnt|[from] Sandstorm
|faint|p2a: Frieza
|upkeep
|
|t:|1776064586
|switch|p2a: OP|Excadrill, F|100/100
|switch|p1a: Hydrapple|Hydrapple, M|93/100
|-damage|p2a: OP|97/100|[from] Stealth Rock
|turn|34
|
|t:|1776064592
|move|p2a: OP|Iron Head|p1a: Hydrapple
|-damage|p1a: Hydrapple|49/100
|move|p1a: Hydrapple|Nasty Plot|p1a: Hydrapple
|-boost|p1a: Hydrapple|spa|2
|
|-weather|Sandstorm|[upkeep]
|-damage|p1a: Hydrapple|43/100|[from] Sandstorm
|upkeep
|turn|35
|
|t:|1776064601
|switch|p2a: Gliscor|Gliscor, M, shiny|17/100 tox
|-damage|p2a: Gliscor|4/100 tox|[from] Stealth Rock
|move|p1a: Hydrapple|Earth Power|p2a: Gliscor
|-immune|p2a: Gliscor
|
|-weather|none
|-heal|p2a: Gliscor|17/100 tox|[from] ability: Poison Heal
|upkeep
|turn|36
|
|t:|1776064609
|move|p2a: Gliscor|U-turn|p1a: Hydrapple
|-supereffective|p1a: Hydrapple
|-damage|p1a: Hydrapple|22/100
|
|t:|1776064612
|switch|p2a: The sandstorm|Tyranitar, F, shiny|100/100|[from] U-turn
|-damage|p2a: The sandstorm|88/100|[from] Stealth Rock
|-weather|Sandstorm|[from] ability: Sand Stream|[of] p2a: The sandstorm
|move|p1a: Hydrapple|Giga Drain|p2a: The sandstorm
|-supereffective|p2a: The sandstorm
|-damage|p2a: The sandstorm|0 fnt
|-heal|p1a: Hydrapple|60/100|[from] drain|[of] p2a: The sandstorm
|faint|p2a: The sandstorm
|
|-weather|Sandstorm|[upkeep]
|-damage|p1a: Hydrapple|53/100|[from] Sandstorm
|upkeep
|
|t:|1776064621
|switch|p2a: OP|Excadrill, F|97/100
|-damage|p2a: OP|94/100|[from] Stealth Rock
|turn|37
|
|t:|1776064628
|move|p2a: OP|Iron Head|p1a: Hydrapple
|-damage|p1a: Hydrapple|12/100
|cant|p1a: Hydrapple|flinch
|
|-weather|Sandstorm|[upkeep]
|-damage|p1a: Hydrapple|6/100|[from] Sandstorm
|upkeep
|turn|38
|
|t:|1776064634
|switch|p1a: Tyranitar|Tyranitar, F|4/100
|move|p2a: OP|Iron Head|p1a: Tyranitar
|-supereffective|p1a: Tyranitar
|-damage|p1a: Tyranitar|0 fnt
|faint|p1a: Tyranitar
|
|-weather|Sandstorm|[upkeep]
|upkeep
|
|t:|1776064640
|switch|p1a: Hydrapple|Hydrapple, M|39/100
|turn|39
|
|t:|1776064646
|switch|p1a: Slowking|Slowking-Galar, F|100/100 frz
|move|p2a: OP|Iron Head|p1a: Slowking
|-damage|p1a: Slowking|46/100 frz
|
|-weather|Sandstorm|[upkeep]
|-damage|p1a: Slowking|39/100 frz|[from] Sandstorm
|upkeep
|turn|40
|
|t:|1776064652
|switch|p1a: Hydrapple|Hydrapple, M|72/100
|move|p2a: OP|Iron Head|p1a: Hydrapple
|-damage|p1a: Hydrapple|28/100
|
|-weather|Sandstorm|[upkeep]
|-damage|p1a: Hydrapple|22/100|[from] Sandstorm
|upkeep
|turn|41
|
|t:|1776064658
|switch|p1a: Slowking|Slowking-Galar, F|73/100 frz
|move|p2a: OP|Iron Head|p1a: Slowking
|-damage|p1a: Slowking|22/100 frz
|
|-weather|Sandstorm|[upkeep]
|-damage|p1a: Slowking|16/100 frz|[from] Sandstorm
|upkeep
|turn|42
|
|t:|1776064664
|switch|p1a: Hydrapple|Hydrapple, M|56/100
|move|p2a: OP|Iron Head|p1a: Hydrapple
|-damage|p1a: Hydrapple|13/100
|
|-weather|Sandstorm|[upkeep]
|-damage|p1a: Hydrapple|7/100|[from] Sandstorm
|upkeep
|turn|43
|
|t:|1776064670
|switch|p1a: Slowking|Slowking-Galar, F|49/100 frz
|move|p2a: OP|Iron Head|p1a: Slowking
|-damage|p1a: Slowking|0 fnt
|faint|p1a: Slowking
|
|-weather|none
|upkeep
|
|t:|1776064676
|switch|p1a: Hydrapple|Hydrapple, M|40/100
|turn|44
|
|t:|1776064682
|move|p2a: OP|Iron Head|p1a: Hydrapple
|-damage|p1a: Hydrapple|0 fnt
|faint|p1a: Hydrapple
|
|win|OP Earthquakes
|raw|Blastoise_Choice's rating: 1614 &rarr; <strong>1603</strong><br />(-11 for losing)
|raw|OP Earthquakes's rating: 1783 &rarr; <strong>1794</strong><br />(+11 for winning)
|c|☆Blastoise_Choice|gg
|c|☆OP Earthquakes|Gg
