|html|<div class="broadcast-blue"><strong>[Gen 9] OU is currently suspecting Tera Blast! For information on how to participate check out the <a href="https://www.smogon.com/tools/suspects/view/200">suspect thread</a>.</strong></div>
|j|‽iandc2008
|j|☆WooTB
|t:|1776069614
|gametype|singles
|player|p1|iandc2008|2|1349
|player|p2|WooTB|palmer|1358
|gen|9
|tier|[Gen 9] OU
|rated|
|rule|HP Percentage Mod: HP is shown in percentages
|rule|Endless Battle Clause: Forcing endless battles is banned
|rule|Species Clause: Limit one of each Pokémon
|rule|OHKO Clause: OHKO moves are banned
|rule|Evasion Items Clause: Evasion items are banned
|rule|Evasion Moves Clause: Evasion moves are banned
|rule|Evasion Abilities Clause: Evasion abilities are banned
|rule|Sleep Moves Clause: Sleep-inducing moves are banned
|clearpoke
|poke|p1|Okidogi, M|
|poke|p1|Hydrapple, M|
|poke|p1|Slowking-Galar, M|
|poke|p1|Scizor, M|
|poke|p1|Gliscor, M|
|poke|p1|Cinderace, F|
|poke|p2|Gliscor, F|
|poke|p2|Blissey, F|
|poke|p2|Dondozo, F|
|poke|p2|Clodsire, M|
|poke|p2|Ting-Lu|
|poke|p2|Talonflame, F|
|teampreview
|
|t:|1776069625
|teamsize|p1|6
|teamsize|p2|6
|start
|switch|p1a: Gliscor|Gliscor, M|100/100
|switch|p2a: Gliscor|Gliscor, F|100/100
|turn|1
|
|t:|1776069631
|move|p2a: Gliscor|Protect|p2a: Gliscor
|-singleturn|p2a: Gliscor|Protect
|move|p1a: Gliscor|Knock Off|p2a: Gliscor
|-activate|p2a: Gliscor|move: Protect
|
|-status|p1a: Gliscor|tox|[from] item: Toxic Orb
|-status|p2a: Gliscor|tox|[from] item: Toxic Orb
|upkeep
|turn|2
|
|t:|1776069648
|switch|p2a: Ting-Lu|Ting-Lu|100/100
|-ability|p2a: Ting-Lu|Vessel of Ruin
|switch|p1a: Slowking|Slowking-Galar, M|100/100
|
|upkeep
|turn|3
|
|t:|1776069666
|switch|p1a: Hydrapple|Hydrapple, M|100/100
|move|p2a: Ting-Lu|Spikes|p1a: Hydrapple
|-sidestart|p1: iandc2008|Spikes
|
|upkeep
|turn|4
|
|t:|1776069679
|move|p1a: Hydrapple|Giga Drain|p2a: Ting-Lu
|-supereffective|p2a: Ting-Lu
|-crit|p2a: Ting-Lu
|-damage|p2a: Ting-Lu|32/100
|move|p2a: Ting-Lu|Spikes|p1a: Hydrapple
|-sidestart|p1: iandc2008|Spikes
|
|-heal|p2a: Ting-Lu|38/100|[from] item: Leftovers
|upkeep
|turn|5
|
|t:|1776069689
|switch|p1a: Slowking|Slowking-Galar, M|100/100
|-damage|p1a: Slowking|84/100|[from] Spikes
|switch|p2a: Blissey|Blissey, F|100/100
|
|upkeep
|turn|6
|
|t:|1776069694
|switch|p2a: Ting-Lu|Ting-Lu|38/100
|-ability|p2a: Ting-Lu|Vessel of Ruin
|move|p1a: Slowking|Psyshock|p2a: Ting-Lu
|-immune|p2a: Ting-Lu
|
|-heal|p2a: Ting-Lu|44/100|[from] item: Leftovers
|upkeep
|turn|7
|
|t:|1776069700
|switch|p1a: Hydrapple|Hydrapple, M|100/100
|move|p2a: Ting-Lu|Ruination|p1a: Hydrapple
|-damage|p1a: Hydrapple|50/100
|
|-heal|p2a: Ting-Lu|50/100|[from] item: Leftovers
|upkeep
|turn|8
|
|t:|1776069704
|switch|p2a: Blissey|Blissey, F|100/100
|move|p1a: Hydrapple|Giga Drain|p2a: Blissey
|-crit|p2a: Blissey
|-damage|p2a: Blissey|84/100
|-heal|p1a: Hydrapple|63/100|[from] drain|[of] p2a: Blissey
|
|upkeep
|turn|9
|
|t:|1776069716
|switch|p1a: Gliscor|Gliscor, M|100/100 tox
|move|p2a: Blissey|Seismic Toss|p1a: Gliscor
|-damage|p1a: Gliscor|72/100 tox
|
|-heal|p1a: Gliscor|85/100 tox|[from] ability: Poison Heal
|upkeep
|turn|10
|
|t:|1776069723
|switch|p2a: Ting-Lu|Ting-Lu|50/100
|-ability|p2a: Ting-Lu|Vessel of Ruin
|move|p1a: Gliscor|Knock Off|p2a: Ting-Lu
|-resisted|p2a: Ting-Lu
|-damage|p2a: Ting-Lu|46/100
|-enditem|p2a: Ting-Lu|Leftovers|[from] move: Knock Off|[of] p1a: Gliscor
|
|-heal|p1a: Gliscor|97/100 tox|[from] ability: Poison Heal
|upkeep
|turn|11
|
|t:|1776069732
|move|p1a: Gliscor|Swords Dance|p1a: Gliscor
|-boost|p1a: Gliscor|atk|2
|move|p2a: Ting-Lu|Spikes|p1a: Gliscor
|-sidestart|p1: iandc2008|Spikes
|
|-heal|p1a: Gliscor|100/100 tox|[from] ability: Poison Heal
|upkeep
|turn|12
|
|t:|1776069744
|switch|p1a: Hydrapple|Hydrapple, M|97/100
|move|p2a: Ting-Lu|Rest|p2a: Ting-Lu
|-status|p2a: Ting-Lu|slp|[from] move: Rest
|-heal|p2a: Ting-Lu|100/100 slp|[silent]
|
|upkeep
|turn|13
|
|t:|1776069755
|switch|p1a: Cinderace|Cinderace, F|100/100
|switch|p2a: Clodsire|Clodsire, M|100/100
|
|upkeep
|turn|14
|
|t:|1776069763
|move|p1a: Cinderace|Court Change|p1a: Cinderace
|-swapsideconditions
|-activate|p1a: Cinderace|move: Court Change
|move|p2a: Clodsire|Toxic|p1a: Cinderace
|-status|p1a: Cinderace|tox
|
|-damage|p1a: Cinderace|94/100 tox|[from] psn
|upkeep
|turn|15
|
|t:|1776069770
|switch|p1a: Gliscor|Gliscor, M|100/100 tox
|switch|p2a: Talonflame|Talonflame, F|100/100
|
|upkeep
|turn|16
|
|t:|1776069781
|move|p2a: Talonflame|Defog|p1a: Gliscor
|-unboost|p1a: Gliscor|evasion|1
|-sideend|p2: WooTB|Spikes|[from] move: Defog|[of] p2a: Talonflame
|move|p1a: Gliscor|Knock Off|p2a: Talonflame
|-damage|p2a: Talonflame|72/100
|-enditem|p2a: Talonflame|Heavy-Duty Boots|[from] move: Knock Off|[of] p1a: Gliscor
|
|upkeep
|turn|17
|
|t:|1776069800
|switch|p2a: Ting-Lu|Ting-Lu|100/100 slp
|-ability|p2a: Ting-Lu|Vessel of Ruin
|move|p1a: Gliscor|Facade|p2a: Ting-Lu
|-crit|p2a: Ting-Lu
|-damage|p2a: Ting-Lu|80/100 slp
|
|upkeep
|turn|18
|
|t:|1776069806
|move|p1a: Gliscor|Swords Dance|p1a: Gliscor
|-boost|p1a: Gliscor|atk|2
|cant|p2a: Ting-Lu|slp
|
|upkeep
|turn|19
|
|t:|1776069815
|move|p1a: Gliscor|Facade|p2a: Ting-Lu
|-damage|p2a: Ting-Lu|54/100 slp
|cant|p2a: Ting-Lu|slp
|
|upkeep
|turn|20
|
|t:|1776069821
|switch|p2a: Dondozo|Dondozo, F|100/100
|move|p1a: Gliscor|Facade|p2a: Dondozo
|-damage|p2a: Dondozo|87/100
|
|-heal|p2a: Dondozo|93/100|[from] item: Leftovers
|upkeep
|turn|21
|
|t:|1776069825
|move|p1a: Gliscor|Knock Off|p2a: Dondozo
|-damage|p2a: Dondozo|84/100
|-enditem|p2a: Dondozo|Leftovers|[from] move: Knock Off|[of] p1a: Gliscor
|move|p2a: Dondozo|Avalanche|p1a: Gliscor
|-supereffective|p1a: Gliscor
|-damage|p1a: Gliscor|22/100 tox
|
|-heal|p1a: Gliscor|35/100 tox|[from] ability: Poison Heal
|upkeep
|turn|22
|
|t:|1776069834
|move|p1a: Gliscor|Protect|p1a: Gliscor
|-singleturn|p1a: Gliscor|Protect
|move|p2a: Dondozo|Body Press|p1a: Gliscor
|-activate|p1a: Gliscor|move: Protect
|
|-heal|p1a: Gliscor|47/100 tox|[from] ability: Poison Heal
|upkeep
|turn|23
|
|t:|1776069838
|switch|p1a: Slowking|Slowking-Galar, M|100/100
|move|p2a: Dondozo|Avalanche|p1a: Slowking
|-damage|p1a: Slowking|86/100
|
|upkeep
|turn|24
|
|t:|1776069842
|switch|p2a: Ting-Lu|Ting-Lu|54/100 slp
|-ability|p2a: Ting-Lu|Vessel of Ruin
|move|p1a: Slowking|Sludge Bomb|p2a: Ting-Lu
|-resisted|p2a: Ting-Lu
|-crit|p2a: Ting-Lu
|-damage|p2a: Ting-Lu|36/100 slp
|
|upkeep
|turn|25
|
|t:|1776069848
|-curestatus|p2a: Ting-Lu|slp|[msg]
|move|p2a: Ting-Lu|Spikes|p1a: Slowking
|-sidestart|p1: iandc2008|Spikes
|move|p1a: Slowking|Ice Beam|p2a: Ting-Lu
|-supereffective|p2a: Ting-Lu
|-damage|p2a: Ting-Lu|3/100
|
|upkeep
|turn|26
|
|t:|1776069861
|switch|p1a: Gliscor|Gliscor, M|47/100 tox
|move|p2a: Ting-Lu|Rest|p2a: Ting-Lu
|-status|p2a: Ting-Lu|slp|[from] move: Rest
|-heal|p2a: Ting-Lu|100/100 slp|[silent]
|
|-heal|p1a: Gliscor|60/100 tox|[from] ability: Poison Heal
|upkeep
|turn|27
|
|t:|1776069867
|switch|p2a: Dondozo|Dondozo, F|84/100
|move|p1a: Gliscor|Swords Dance|p1a: Gliscor
|-boost|p1a: Gliscor|atk|2
|
|-heal|p1a: Gliscor|72/100 tox|[from] ability: Poison Heal
|upkeep
|turn|28
|
|t:|1776069874
|switch|p1a: Hydrapple|Hydrapple, M|100/100
|move|p2a: Dondozo|Body Press|p1a: Hydrapple
|-damage|p1a: Hydrapple|79/100
|
|upkeep
|turn|29
|
|t:|1776069886
|switch|p2a: Clodsire|Clodsire, M|100/100
|move|p1a: Hydrapple|Giga Drain|p2a: Clodsire
|-damage|p2a: Clodsire|79/100
|-heal|p1a: Hydrapple|92/100|[from] drain|[of] p2a: Clodsire
|
|-heal|p2a: Clodsire|85/100|[from] item: Leftovers
|upkeep
|turn|30
|
|t:|1776069901
|switch|p1a: Scizor|Scizor, M|100/100
|move|p2a: Clodsire|Earthquake|p1a: Scizor
|-damage|p1a: Scizor|74/100
|
|-heal|p2a: Clodsire|91/100|[from] item: Leftovers
|upkeep
|turn|31
|
|t:|1776069911
|switch|p2a: Dondozo|Dondozo, F|84/100
|move|p1a: Scizor|Knock Off|p2a: Dondozo
|-damage|p2a: Dondozo|72/100
|
|upkeep
|turn|32
|
|t:|1776069917
|move|p1a: Scizor|U-turn|p2a: Dondozo
|-damage|p2a: Dondozo|54/100
|
|t:|1776069925
|switch|p1a: Slowking|Slowking-Galar, M|100/100|[from] U-turn
|-damage|p1a: Slowking|88/100|[from] Spikes
|move|p2a: Dondozo|Body Press|p1a: Slowking
|-resisted|p1a: Slowking
|-damage|p1a: Slowking|81/100
|
|upkeep
|turn|33
|
|t:|1776069936
|switch|p2a: Blissey|Blissey, F|84/100
|move|p1a: Slowking|Ice Beam|p2a: Blissey
|-damage|p2a: Blissey|75/100
|
|upkeep
|turn|34
|
|t:|1776069942
|move|p2a: Blissey|Seismic Toss|p1a: Slowking
|-damage|p1a: Slowking|56/100
|move|p1a: Slowking|Psyshock|p2a: Blissey
|-crit|p2a: Blissey
|-damage|p2a: Blissey|20/100
|
|upkeep
|turn|35
|
|t:|1776069954
|switch|p2a: Ting-Lu|Ting-Lu|100/100 slp
|-ability|p2a: Ting-Lu|Vessel of Ruin
|move|p1a: Slowking|Psyshock|p2a: Ting-Lu
|-immune|p2a: Ting-Lu
|
|upkeep
|turn|36
|
|t:|1776069983
|switch|p2a: Dondozo|Dondozo, F|54/100
|switch|p1a: Okidogi|Okidogi, M|100/100
|-damage|p1a: Okidogi|88/100|[from] Spikes
|
|-heal|p1a: Okidogi|94/100|[from] item: Leftovers
|upkeep
|turn|37
|
|t:|1776070000
|switch|p1a: Scizor|Scizor, M|74/100
|switch|p2a: Gliscor|Gliscor, F|100/100 tox
|
|upkeep
|turn|38
|
|t:|1776070005
|move|p2a: Gliscor|Earthquake|p1a: Scizor
|-damage|p1a: Scizor|41/100
|move|p1a: Scizor|Defog|p2a: Gliscor
|-unboost|p2a: Gliscor|evasion|1
|-sideend|p1: iandc2008|Spikes|[from] move: Defog|[of] p1a: Scizor
|
|upkeep
|turn|39
|
|t:|1776070022
|switch|p1a: Gliscor|Gliscor, M|72/100 tox
|move|p2a: Gliscor|Earthquake|p1a: Gliscor
|-immune|p1a: Gliscor
|
|-heal|p1a: Gliscor|85/100 tox|[from] ability: Poison Heal
|upkeep
|turn|40
|
|t:|1776070029
|switch|p2a: Dondozo|Dondozo, F|54/100
|switch|p1a: Hydrapple|Hydrapple, M|100/100
|
|upkeep
|turn|41
|
|t:|1776070038
|switch|p1a: Slowking|Slowking-Galar, M|89/100
|switch|p2a: Clodsire|Clodsire, M|91/100
|
|-heal|p2a: Clodsire|97/100|[from] item: Leftovers
|upkeep
|turn|42
|
|t:|1776070043
|switch|p2a: Blissey|Blissey, F|20/100
|move|p1a: Slowking|Psyshock|p2a: Blissey
|-damage|p2a: Blissey|0 fnt
|faint|p2a: Blissey
|
|upkeep
|
|t:|1776070057
|switch|p2a: Gliscor|Gliscor, F|100/100 tox
|turn|43
|
|t:|1776070065
|move|p2a: Gliscor|Earthquake|p1a: Slowking
|-supereffective|p1a: Slowking
|-damage|p1a: Slowking|21/100
|move|p1a: Slowking|Ice Beam|p2a: Gliscor
|-supereffective|p2a: Gliscor
|-damage|p2a: Gliscor|0 fnt
|faint|p2a: Gliscor
|
|upkeep
|
|t:|1776070087
|switch|p2a: Clodsire|Clodsire, M|97/100
|turn|44
|
|t:|1776070093
|switch|p1a: Gliscor|Gliscor, M|85/100 tox
|move|p2a: Clodsire|Earthquake|p1a: Gliscor
|-immune|p1a: Gliscor
|
|-heal|p2a: Clodsire|100/100|[from] item: Leftovers
|-heal|p1a: Gliscor|97/100 tox|[from] ability: Poison Heal
|upkeep
|turn|45
|
|t:|1776070098
|switch|p2a: Dondozo|Dondozo, F|54/100
|move|p1a: Gliscor|Facade|p2a: Dondozo
|-damage|p2a: Dondozo|41/100
|
|-heal|p1a: Gliscor|100/100 tox|[from] ability: Poison Heal
|upkeep
|turn|46
|
|t:|1776070114
|switch|p1a: Hydrapple|Hydrapple, M|100/100
|move|p2a: Dondozo|Avalanche|p1a: Hydrapple
|-supereffective|p1a: Hydrapple
|-damage|p1a: Hydrapple|57/100
|
|upkeep
|turn|47
|
|t:|1776070119
|switch|p2a: Clodsire|Clodsire, M|100/100
|move|p1a: Hydrapple|Giga Drain|p2a: Clodsire
|-crit|p2a: Clodsire
|-damage|p2a: Clodsire|70/100
|-heal|p1a: Hydrapple|74/100|[from] drain|[of] p2a: Clodsire
|
|-heal|p2a: Clodsire|76/100|[from] item: Leftovers
|upkeep
|turn|48
|
|t:|1776070131
|switch|p1a: Gliscor|Gliscor, M|100/100 tox
|switch|p2a: Ting-Lu|Ting-Lu|100/100 slp
|-ability|p2a: Ting-Lu|Vessel of Ruin
|
|upkeep
|turn|49
|
|t:|1776070138
|switch|p1a: Hydrapple|Hydrapple, M|100/100
|cant|p2a: Ting-Lu|slp
|
|upkeep
|turn|50
|
|t:|1776070145
|switch|p2a: Clodsire|Clodsire, M|76/100
|move|p1a: Hydrapple|Draco Meteor|p2a: Clodsire
|-damage|p2a: Clodsire|44/100
|-unboost|p1a: Hydrapple|spa|2
|
|-heal|p2a: Clodsire|50/100|[from] item: Leftovers
|upkeep
|turn|51
|
|t:|1776070152
|switch|p1a: Scizor|Scizor, M|41/100
|move|p2a: Clodsire|Recover|p2a: Clodsire
|-heal|p2a: Clodsire|99/100
|
|-heal|p2a: Clodsire|100/100|[from] item: Leftovers
|upkeep
|turn|52
|
|t:|1776070158
|move|p1a: Scizor|Knock Off|p2a: Clodsire
|-damage|p2a: Clodsire|64/100
|-enditem|p2a: Clodsire|Leftovers|[from] move: Knock Off|[of] p1a: Scizor
|move|p2a: Clodsire|Earthquake|p1a: Scizor
|-damage|p1a: Scizor|12/100
|
|upkeep
|turn|53
|
|t:|1776070164
|move|p1a: Scizor|U-turn|p2a: Clodsire
|-resisted|p2a: Clodsire
|-damage|p2a: Clodsire|44/100
|
|t:|1776070169
|switch|p1a: Gliscor|Gliscor, M|100/100 tox|[from] U-turn
|move|p2a: Clodsire|Recover|p2a: Clodsire
|-heal|p2a: Clodsire|94/100
|
|upkeep
|turn|54
|
|t:|1776070173
|switch|p1a: Slowking|Slowking-Galar, M|54/100
|switch|p2a: Dondozo|Dondozo, F|41/100
|
|upkeep
|turn|55
|
|t:|1776070186
|move|p2a: Dondozo|Rest|p2a: Dondozo
|-status|p2a: Dondozo|slp|[from] move: Rest
|-heal|p2a: Dondozo|100/100 slp|[silent]
|move|p1a: Slowking|Psyshock|p2a: Dondozo
|-damage|p2a: Dondozo|84/100 slp
|
|upkeep
|turn|56
|
|t:|1776070191
|cant|p2a: Dondozo|slp
|move|p2a: Dondozo|Sleep Talk|p2a: Dondozo
|move|p2a: Dondozo|Body Press|p1a: Slowking|[from] move: Sleep Talk
|-resisted|p1a: Slowking
|-damage|p1a: Slowking|47/100
|move|p1a: Slowking|Sludge Bomb|p2a: Dondozo
|-damage|p2a: Dondozo|48/100 slp
|
|upkeep
|turn|57
|
|t:|1776070200
|switch|p2a: Ting-Lu|Ting-Lu|100/100 slp
|-ability|p2a: Ting-Lu|Vessel of Ruin
|move|p1a: Slowking|Sludge Bomb|p2a: Ting-Lu
|-resisted|p2a: Ting-Lu
|-damage|p2a: Ting-Lu|89/100 slp
|
|upkeep
|turn|58
|
|t:|1776070205
|switch|p1a: Hydrapple|Hydrapple, M|100/100
|cant|p2a: Ting-Lu|slp
|
|upkeep
|turn|59
|
|t:|1776070211
|switch|p2a: Clodsire|Clodsire, M|94/100
|move|p1a: Hydrapple|Nasty Plot|p1a: Hydrapple
|-boost|p1a: Hydrapple|spa|2
|
|upkeep
|turn|60
|
|t:|1776070225
|switch|p1a: Gliscor|Gliscor, M|100/100 tox
|move|p2a: Clodsire|Toxic|p1a: Gliscor
|-fail|p1a: Gliscor|tox
|
|upkeep
|turn|61
|
|t:|1776070233
|switch|p2a: Dondozo|Dondozo, F|48/100 slp
|move|p1a: Gliscor|Facade|p2a: Dondozo
|-damage|p2a: Dondozo|34/100 slp
|
|upkeep
|turn|62
|
|t:|1776070238
|switch|p1a: Cinderace|Cinderace, F|94/100 tox
|cant|p2a: Dondozo|slp
|move|p2a: Dondozo|Sleep Talk|p2a: Dondozo
|move|p2a: Dondozo|Body Press|p1a: Cinderace|[from] move: Sleep Talk
|-damage|p1a: Cinderace|61/100 tox
|
|-damage|p1a: Cinderace|55/100 tox|[from] psn
|upkeep
|turn|63
|
|t:|1776070246
|move|p1a: Cinderace|U-turn|p2a: Dondozo
|-damage|p2a: Dondozo|25/100 slp
|
|t:|1776070250
|switch|p1a: Gliscor|Gliscor, M|100/100 tox|[from] U-turn
|-curestatus|p2a: Dondozo|slp|[msg]
|move|p2a: Dondozo|Rest|p2a: Dondozo
|-status|p2a: Dondozo|slp|[from] move: Rest
|-heal|p2a: Dondozo|100/100 slp|[silent]
|
|upkeep
|turn|64
|
|t:|1776070258
|switch|p1a: Slowking|Slowking-Galar, M|80/100
|cant|p2a: Dondozo|slp
|move|p2a: Dondozo|Sleep Talk|p2a: Dondozo
|move|p2a: Dondozo|Avalanche|p1a: Slowking|[from] move: Sleep Talk
|-damage|p1a: Slowking|66/100
|
|upkeep
|turn|65
|
|t:|1776070265
|switch|p2a: Ting-Lu|Ting-Lu|89/100 slp
|-ability|p2a: Ting-Lu|Vessel of Ruin
|move|p1a: Slowking|Sludge Bomb|p2a: Ting-Lu
|-resisted|p2a: Ting-Lu
|-damage|p2a: Ting-Lu|78/100 slp
|
|upkeep
|turn|66
|
|t:|1776070268
|-curestatus|p2a: Ting-Lu|slp|[msg]
|move|p2a: Ting-Lu|Earthquake|p1a: Slowking
|-supereffective|p1a: Slowking
|-damage|p1a: Slowking|0 fnt
|faint|p1a: Slowking
|
|upkeep
|
|t:|1776070275
|switch|p1a: Scizor|Scizor, M|12/100
|turn|67
|
|t:|1776070282
|switch|p2a: Talonflame|Talonflame, F|72/100
|move|p1a: Scizor|U-turn|p2a: Talonflame
|-resisted|p2a: Talonflame
|-damage|p2a: Talonflame|60/100
|
|t:|1776070294
|switch|p1a: Gliscor|Gliscor, M|100/100 tox|[from] U-turn
|
|upkeep
|turn|68
|
|t:|1776070302
|switch|p2a: Dondozo|Dondozo, F|100/100 slp
|switch|p1a: Hydrapple|Hydrapple, M|100/100
|
|upkeep
|turn|69
|
|t:|1776070308
|switch|p2a: Clodsire|Clodsire, M|94/100
|move|p1a: Hydrapple|Earth Power|p2a: Clodsire
|-supereffective|p2a: Clodsire
|-damage|p2a: Clodsire|63/100
|
|upkeep
|turn|70
|
|t:|1776070316
|switch|p1a: Gliscor|Gliscor, M|100/100 tox
|move|p2a: Clodsire|Recover|p2a: Clodsire
|-heal|p2a: Clodsire|100/100
|
|upkeep
|turn|71
|
|t:|1776070326
|switch|p2a: Dondozo|Dondozo, F|100/100 slp
|move|p1a: Gliscor|Facade|p2a: Dondozo
|-damage|p2a: Dondozo|87/100 slp
|
|upkeep
|turn|72
|
|t:|1776070338
|switch|p1a: Okidogi|Okidogi, M|94/100
|cant|p2a: Dondozo|slp
|move|p2a: Dondozo|Sleep Talk|p2a: Dondozo
|move|p2a: Dondozo|Body Press|p1a: Okidogi|[from] move: Sleep Talk
|-resisted|p1a: Okidogi
|-damage|p1a: Okidogi|83/100
|
|-heal|p1a: Okidogi|89/100|[from] item: Leftovers
|upkeep
|turn|73
|
|t:|1776070359
|move|p1a: Okidogi|Bulk Up|p1a: Okidogi
|-boost|p1a: Okidogi|atk|1
|-boost|p1a: Okidogi|def|1
|-curestatus|p2a: Dondozo|slp|[msg]
|move|p2a: Dondozo|Avalanche|p1a: Okidogi
|-damage|p1a: Okidogi|78/100
|
|-heal|p1a: Okidogi|84/100|[from] item: Leftovers
|upkeep
|turn|74
|
|t:|1776070368
|move|p1a: Okidogi|Drain Punch|p2a: Dondozo
|-damage|p2a: Dondozo|73/100
|-heal|p1a: Okidogi|94/100|[from] drain|[of] p2a: Dondozo
|move|p2a: Dondozo|Avalanche|p1a: Okidogi
|-damage|p1a: Okidogi|70/100
|
|-heal|p1a: Okidogi|76/100|[from] item: Leftovers
|upkeep
|turn|75
|
|t:|1776070376
|switch|p1a: Hydrapple|Hydrapple, M|100/100
|move|p2a: Dondozo|Avalanche|p1a: Hydrapple
|-supereffective|p1a: Hydrapple
|-damage|p1a: Hydrapple|59/100
|
|upkeep
|turn|76
|
|t:|1776070386
|switch|p2a: Clodsire|Clodsire, M|100/100
|move|p1a: Hydrapple|Earth Power|p2a: Clodsire
|-supereffective|p2a: Clodsire
|-crit|p2a: Clodsire
|-damage|p2a: Clodsire|54/100
|
|upkeep
|turn|77
|
|t:|1776070395
|switch|p1a: Gliscor|Gliscor, M|100/100 tox
|move|p2a: Clodsire|Recover|p2a: Clodsire
|-heal|p2a: Clodsire|100/100
|
|upkeep
|turn|78
|
|t:|1776070402
|switch|p2a: Dondozo|Dondozo, F|73/100
|move|p1a: Gliscor|Facade|p2a: Dondozo
|-damage|p2a: Dondozo|59/100
|
|upkeep
|turn|79
|
|t:|1776070412
|switch|p1a: Hydrapple|Hydrapple, M|92/100
|move|p2a: Dondozo|Avalanche|p1a: Hydrapple
|-supereffective|p1a: Hydrapple
|-damage|p1a: Hydrapple|52/100
|
|upkeep
|turn|80
|
|t:|1776070417
|switch|p2a: Talonflame|Talonflame, F|60/100
|move|p1a: Hydrapple|Giga Drain|p2a: Talonflame
|-resisted|p2a: Talonflame
|-damage|p2a: Talonflame|48/100
|-heal|p1a: Hydrapple|57/100|[from] drain|[of] p2a: Talonflame
|
|upkeep
|turn|81
|
|t:|1776070424
|switch|p1a: Gliscor|Gliscor, M|100/100 tox
|move|p2a: Talonflame|Roost|p2a: Talonflame
|-heal|p2a: Talonflame|99/100
|-singleturn|p2a: Talonflame|move: Roost
|
|upkeep
|turn|82
|
|t:|1776070429
|switch|p2a: Dondozo|Dondozo, F|59/100
|move|p1a: Gliscor|Facade|p2a: Dondozo
|-damage|p2a: Dondozo|45/100
|
|upkeep
|turn|83
|
|t:|1776070440
|switch|p2a: Clodsire|Clodsire, M|100/100
|move|p1a: Gliscor|Facade|p2a: Clodsire
|-damage|p2a: Clodsire|71/100
|
|upkeep
|turn|84
|
|t:|1776070444
|switch|p2a: Dondozo|Dondozo, F|45/100
|move|p1a: Gliscor|Facade|p2a: Dondozo
|-damage|p2a: Dondozo|30/100
|
|upkeep
|turn|85
|
|t:|1776070448
|move|p1a: Gliscor|Facade|p2a: Dondozo
|-damage|p2a: Dondozo|16/100
|move|p2a: Dondozo|Rest|p2a: Dondozo
|-status|p2a: Dondozo|slp|[from] move: Rest
|-heal|p2a: Dondozo|100/100 slp|[silent]
|
|upkeep
|turn|86
|
|t:|1776070453
|switch|p1a: Hydrapple|Hydrapple, M|90/100
|cant|p2a: Dondozo|slp
|move|p2a: Dondozo|Sleep Talk|p2a: Dondozo
|move|p2a: Dondozo|Body Press|p1a: Hydrapple|[from] move: Sleep Talk
|-damage|p1a: Hydrapple|70/100
|
|upkeep
|turn|87
|
|t:|1776070463
|switch|p2a: Clodsire|Clodsire, M|71/100
|move|p1a: Hydrapple|Draco Meteor|p2a: Clodsire
|-damage|p2a: Clodsire|35/100
|-unboost|p1a: Hydrapple|spa|2
|
|upkeep
|turn|88
|
|t:|1776070475
|switch|p1a: Gliscor|Gliscor, M|100/100 tox
|switch|p2a: Ting-Lu|Ting-Lu|78/100
|-ability|p2a: Ting-Lu|Vessel of Ruin
|
|upkeep
|turn|89
|
|t:|1776070480
|switch|p2a: Dondozo|Dondozo, F|100/100 slp
|move|p1a: Gliscor|Facade|p2a: Dondozo
|-damage|p2a: Dondozo|85/100 slp
|
|upkeep
|turn|90
|
|t:|1776070485
|move|p1a: Gliscor|Knock Off|p2a: Dondozo
|-damage|p2a: Dondozo|79/100 slp
|cant|p2a: Dondozo|slp
|move|p2a: Dondozo|Sleep Talk|p2a: Dondozo
|move|p2a: Dondozo|Body Press|p1a: Gliscor|[from] move: Sleep Talk
|-resisted|p1a: Gliscor
|-damage|p1a: Gliscor|90/100 tox
|
|-heal|p1a: Gliscor|100/100 tox|[from] ability: Poison Heal
|upkeep
|turn|91
|
|t:|1776070495
|move|p1a: Gliscor|Facade|p2a: Dondozo
|-damage|p2a: Dondozo|65/100 slp
|-curestatus|p2a: Dondozo|slp|[msg]
|move|p2a: Dondozo|Sleep Talk||[still]
|-fail|p2a: Dondozo
|
|upkeep
|turn|92
|
|t:|1776070504
|switch|p1a: Hydrapple|Hydrapple, M|100/100
|move|p2a: Dondozo|Avalanche|p1a: Hydrapple
|-supereffective|p1a: Hydrapple
|-damage|p1a: Hydrapple|55/100
|
|upkeep
|turn|93
|
|t:|1776070509
|switch|p2a: Ting-Lu|Ting-Lu|78/100
|-ability|p2a: Ting-Lu|Vessel of Ruin
|move|p1a: Hydrapple|Giga Drain|p2a: Ting-Lu
|-supereffective|p2a: Ting-Lu
|-damage|p2a: Ting-Lu|37/100
|-heal|p1a: Hydrapple|81/100|[from] drain|[of] p2a: Ting-Lu
|
|upkeep
|turn|94
|
|t:|1776070515
|switch|p2a: Talonflame|Talonflame, F|99/100
|move|p1a: Hydrapple|Earth Power|p2a: Talonflame
|-immune|p2a: Talonflame
|
|upkeep
|turn|95
|
|t:|1776070521
|switch|p1a: Gliscor|Gliscor, M|100/100 tox
|move|p2a: Talonflame|Will-O-Wisp||[still]
|-fail|p2a: Talonflame
|
|upkeep
|turn|96
|
|t:|1776070525
|switch|p2a: Dondozo|Dondozo, F|65/100
|move|p1a: Gliscor|Knock Off|p2a: Dondozo
|-damage|p2a: Dondozo|59/100
|
|upkeep
|turn|97
|
|t:|1776070537
|switch|p1a: Hydrapple|Hydrapple, M|100/100
|move|p2a: Dondozo|Avalanche|p1a: Hydrapple
|-supereffective|p1a: Hydrapple
|-damage|p1a: Hydrapple|54/100
|
|upkeep
|turn|98
|
|t:|1776070544
|switch|p2a: Talonflame|Talonflame, F|99/100
|move|p1a: Hydrapple|Giga Drain|p2a: Talonflame
|-resisted|p2a: Talonflame
|-damage|p2a: Talonflame|87/100
|-heal|p1a: Hydrapple|60/100|[from] drain|[of] p2a: Talonflame
|
|upkeep
|turn|99
|
|t:|1776070549
|switch|p2a: Dondozo|Dondozo, F|59/100
|move|p1a: Hydrapple|Draco Meteor|p2a: Dondozo
|-damage|p2a: Dondozo|1/100
|-unboost|p1a: Hydrapple|spa|2
|
|upkeep
|turn|100
|
|t:|1776070557
|switch|p2a: Ting-Lu|Ting-Lu|37/100
|-ability|p2a: Ting-Lu|Vessel of Ruin
|move|p1a: Hydrapple|Giga Drain|p2a: Ting-Lu
|-supereffective|p2a: Ting-Lu
|-damage|p2a: Ting-Lu|17/100
|-heal|p1a: Hydrapple|72/100|[from] drain|[of] p2a: Ting-Lu
|
|upkeep
|turn|101
|
|t:|1776070565
|switch|p2a: Talonflame|Talonflame, F|87/100
|move|p1a: Hydrapple|Giga Drain|p2a: Talonflame
|-resisted|p2a: Talonflame
|-damage|p2a: Talonflame|81/100
|-heal|p1a: Hydrapple|75/100|[from] drain|[of] p2a: Talonflame
|
|upkeep
|turn|102
|
|t:|1776070572
|switch|p2a: Ting-Lu|Ting-Lu|17/100
|-ability|p2a: Ting-Lu|Vessel of Ruin
|switch|p1a: Gliscor|Gliscor, M|100/100 tox
|
|upkeep
|turn|103
|
|t:|1776070576
|move|p1a: Gliscor|Facade|p2a: Ting-Lu
|-damage|p2a: Ting-Lu|3/100
|move|p2a: Ting-Lu|Rest|p2a: Ting-Lu
|-status|p2a: Ting-Lu|slp|[from] move: Rest
|-heal|p2a: Ting-Lu|100/100 slp|[silent]
|
|upkeep
|turn|104
|
|t:|1776070588
|switch|p1a: Hydrapple|Hydrapple, M|100/100
|switch|p2a: Clodsire|Clodsire, M|35/100
|
|upkeep
|turn|105
|
|t:|1776070594
|switch|p2a: Talonflame|Talonflame, F|81/100
|move|p1a: Hydrapple|Earth Power|p2a: Talonflame
|-immune|p2a: Talonflame
|
|upkeep
|turn|106
|
|t:|1776070601
|switch|p2a: Clodsire|Clodsire, M|35/100
|move|p1a: Hydrapple|Draco Meteor|p2a: Clodsire
|-damage|p2a: Clodsire|1/100
|-unboost|p1a: Hydrapple|spa|2
|
|upkeep
|turn|107
|
|t:|1776070609
|switch|p2a: Talonflame|Talonflame, F|81/100
|move|p1a: Hydrapple|Giga Drain|p2a: Talonflame
|-resisted|p2a: Talonflame
|-damage|p2a: Talonflame|75/100
|
|upkeep
|turn|108
|
|t:|1776070615
|switch|p2a: Ting-Lu|Ting-Lu|100/100 slp
|-ability|p2a: Ting-Lu|Vessel of Ruin
|switch|p1a: Gliscor|Gliscor, M|100/100 tox
|
|upkeep
|turn|109
|-message|WooTB forfeited.
|
|win|iandc2008
|raw|iandc2008's rating: 1349 &rarr; <strong>1370</strong><br />(+21 for winning)
|raw|WooTB's rating: 1358 &rarr; <strong>1337</strong><br />(-21 for losing)
|l|☆WooTB
|player|p2|
|l|‽iandc2008
|player|p1|
