|html|<div class="broadcast-blue"><strong>[Gen 9] OU is currently suspecting Tera Blast! For information on how to participate check out the <a href="https://www.smogon.com/tools/suspects/view/200">suspect thread</a>.</strong></div>
|j|☆serpico XD
|j|☆Igoodnamename
|t:|1776096379
|gametype|singles
|player|p1|serpico XD|blue|1659
|player|p2|Igoodnamename|170|1763
|gen|9
|tier|[Gen 9] OU
|rated|
|rule|HP Percentage Mod: HP is shown in percentages
|rule|Endless Battle Clause: Forcing endless battles is banned
|rule|Species Clause: Limit one of each Pokémon
|rule|OHKO Clause: OHKO moves are banned
|rule|Evasion Items Clause: Evasion items are banned
|rule|Evasion Moves Clause: Evasion moves are banned
|rule|Evasion Abilities Clause: Evasion abilities are banned
|rule|Sleep Moves Clause: Sleep-inducing moves are banned
|clearpoke
|poke|p1|Hydrapple, M|
|poke|p1|Moltres|
|poke|p1|Darkrai|
|poke|p1|Iron Treads|
|poke|p1|Slowking-Galar, F|
|poke|p1|Zamazenta-*|
|poke|p2|Glimmora, F|
|poke|p2|Regidrago|
|poke|p2|Darkrai|
|poke|p2|Ogerpon-Wellspring, F|
|poke|p2|Dragapult, F|
|poke|p2|Zamazenta-*|
|teampreview
|inactive|Battle timer is ON: inactive players will automatically lose when time's up. (requested by serpico XD)
|c|☆serpico XD|glhf
|c|☆Igoodnamename|u2
|
|t:|1776096395
|teamsize|p1|6
|teamsize|p2|6
|start
|switch|p1a: Iron Treads|Iron Treads|100/100
|switch|p2a: Regidrago|Regidrago|100/100
|turn|1
|
|t:|1776096400
|move|p1a: Iron Treads|Knock Off|p2a: Regidrago
|-damage|p2a: Regidrago|64/100
|-enditem|p2a: Regidrago|Life Orb|[from] move: Knock Off|[of] p1a: Iron Treads
|move|p2a: Regidrago|Fire Fang|p1a: Iron Treads
|-supereffective|p1a: Iron Treads
|-damage|p1a: Iron Treads|64/100
|
|-heal|p1a: Iron Treads|70/100|[from] item: Leftovers
|upkeep
|turn|2
|
|t:|1776096406
|switch|p2a: Ogerpon|Ogerpon-Wellspring, F|100/100
|move|p1a: Iron Treads|Earthquake|p2a: Ogerpon
|-resisted|p2a: Ogerpon
|-damage|p2a: Ogerpon|69/100
|
|-heal|p1a: Iron Treads|76/100|[from] item: Leftovers
|upkeep
|turn|3
|
|t:|1776096413
|-end|p1a: Iron Treads|Quark Drive|[silent]
|switch|p1a: Hydrapple|Hydrapple, M|100/100
|move|p2a: Ogerpon|Spikes|p1a: Hydrapple
|-sidestart|p1: serpico XD|Spikes
|
|upkeep
|turn|4
|
|t:|1776096416
|move|p2a: Ogerpon|U-turn|p1a: Hydrapple
|-supereffective|p1a: Hydrapple
|-damage|p1a: Hydrapple|56/100
|
|t:|1776096422
|switch|p2a: Darkrai|Darkrai|100/100|[from] U-turn
|move|p1a: Hydrapple|Fickle Beam|p2a: Darkrai
|-damage|p2a: Darkrai|44/100
|
|upkeep
|turn|5
|
|t:|1776096431
|switch|p1a: Moltres|Moltres|100/100
|move|p2a: Darkrai|Ice Beam|p1a: Moltres
|-damage|p1a: Moltres|68/100
|-status|p1a: Moltres|frz
|
|upkeep
|turn|6
|j| tea stain
|
|t:|1776096440
|switch|p2a: Glimmora|Glimmora, F|100/100
|cant|p1a: Moltres|frz
|
|upkeep
|turn|7
|
|t:|1776096448
|switch|p1a: Iron Treads|Iron Treads|76/100
|-damage|p1a: Iron Treads|64/100|[from] Spikes
|move|p2a: Glimmora|Meteor Beam||[still]
|-prepare|p2a: Glimmora|Meteor Beam
|-boost|p2a: Glimmora|spa|1
|-enditem|p2a: Glimmora|Power Herb
|-anim|p2a: Glimmora|Meteor Beam|p1a: Iron Treads
|-resisted|p1a: Iron Treads
|-damage|p1a: Iron Treads|30/100
|
|-heal|p1a: Iron Treads|36/100|[from] item: Leftovers
|upkeep
|turn|8
|
|t:|1776096459
|move|p1a: Iron Treads|Earthquake|p2a: Glimmora
|-supereffective|p2a: Glimmora
|-damage|p2a: Glimmora|0 fnt
|-activate|p2a: Glimmora|ability: Toxic Debris
|-sidestart|p1: serpico XD|move: Toxic Spikes
|faint|p2a: Glimmora
|
|-heal|p1a: Iron Treads|43/100|[from] item: Leftovers
|upkeep
|
|t:|1776096462
|switch|p2a: Ogerpon|Ogerpon-Wellspring, F|69/100
|turn|9
|
|t:|1776096466
|-end|p1a: Iron Treads|Quark Drive|[silent]
|switch|p1a: Slowking|Slowking-Galar, F, shiny|100/100
|-damage|p1a: Slowking|88/100|[from] Spikes
|-sideend|p1: serpico XD|move: Toxic Spikes|[of] p1a: Slowking
|move|p2a: Ogerpon|Ivy Cudgel|p1a: Slowking|[anim] Ivy Cudgel Water
|-damage|p1a: Slowking|30/100
|
|upkeep
|turn|10
|
|t:|1776096471
|switch|p1a: Hydrapple|Hydrapple, M|89/100
|-damage|p1a: Hydrapple|77/100|[from] Spikes
|move|p2a: Ogerpon|Knock Off|p1a: Hydrapple
|-damage|p1a: Hydrapple|49/100
|-enditem|p1a: Hydrapple|Assault Vest|[from] move: Knock Off|[of] p2a: Ogerpon
|
|upkeep
|turn|11
|
|t:|1776096477
|switch|p1a: Moltres|Moltres|68/100 frz
|move|p2a: Ogerpon|U-turn|p1a: Moltres
|-resisted|p1a: Moltres
|-damage|p1a: Moltres|62/100 frz
|
|t:|1776096481
|switch|p2a: Dragapult|Dragapult, F|100/100|[from] U-turn
|
|upkeep
|turn|12
|
|t:|1776096486
|move|p2a: Dragapult|Shadow Ball|p1a: Moltres
|-damage|p1a: Moltres|6/100 frz
|-unboost|p1a: Moltres|spd|1
|-curestatus|p1a: Moltres|frz|[from] move: Scorching Sands
|move|p1a: Moltres|Scorching Sands|p2a: Dragapult
|-damage|p2a: Dragapult|63/100
|
|upkeep
|turn|13
|
|t:|1776096498
|move|p2a: Dragapult|Shadow Ball|p1a: Moltres
|-damage|p1a: Moltres|0 fnt
|faint|p1a: Moltres
|
|upkeep
|
|t:|1776096502
|switch|p1a: Zamazenta|Zamazenta|100/100
|-damage|p1a: Zamazenta|88/100|[from] Spikes
|-ability|p1a: Zamazenta|Dauntless Shield|boost
|-boost|p1a: Zamazenta|def|1
|turn|14
|
|t:|1776096511
|move|p2a: Dragapult|Shadow Ball|p1a: Zamazenta
|-damage|p1a: Zamazenta|43/100
|move|p1a: Zamazenta|Crunch|p2a: Dragapult
|-supereffective|p2a: Dragapult
|-damage|p2a: Dragapult|0 fnt
|faint|p2a: Dragapult
|-damage|p1a: Zamazenta|33/100|[from] item: Life Orb
|
|upkeep
|
|t:|1776096525
|switch|p2a: Zamazenta|Zamazenta|100/100
|-ability|p2a: Zamazenta|Dauntless Shield|boost
|-boost|p2a: Zamazenta|def|1
|turn|15
|
|t:|1776096528
|switch|p1a: Hydrapple|Hydrapple, M|83/100
|-damage|p1a: Hydrapple|70/100|[from] Spikes
|move|p2a: Zamazenta|Iron Defense|p2a: Zamazenta
|-boost|p2a: Zamazenta|def|2
|
|upkeep
|turn|16
|
|t:|1776096533
|move|p2a: Zamazenta|Body Press|p1a: Hydrapple
|-damage|p1a: Hydrapple|4/100
|move|p1a: Hydrapple|Leaf Storm|p2a: Zamazenta
|-damage|p2a: Zamazenta|43/100
|-unboost|p1a: Hydrapple|spa|2
|
|-heal|p2a: Zamazenta|49/100|[from] item: Leftovers
|upkeep
|turn|17
|
|t:|1776096539
|move|p2a: Zamazenta|Body Press|p1a: Hydrapple
|-damage|p1a: Hydrapple|0 fnt
|faint|p1a: Hydrapple
|
|-heal|p2a: Zamazenta|55/100|[from] item: Leftovers
|upkeep
|
|t:|1776096547
|switch|p1a: Slowking|Slowking-Galar, F, shiny|64/100
|-damage|p1a: Slowking|51/100|[from] Spikes
|turn|18
|
|t:|1776096557
|switch|p2a: Ogerpon|Ogerpon-Wellspring, F|69/100
|move|p1a: Slowking|Sludge Wave|p2a: Ogerpon
|-supereffective|p2a: Ogerpon
|-damage|p2a: Ogerpon|0 fnt
|faint|p2a: Ogerpon
|
|upkeep
|
|t:|1776096562
|switch|p2a: Darkrai|Darkrai|44/100
|turn|19
|
|t:|1776096566
|switch|p1a: Iron Treads|Iron Treads|43/100
|-damage|p1a: Iron Treads|30/100|[from] Spikes
|move|p2a: Darkrai|Dark Pulse|p1a: Iron Treads
|-damage|p1a: Iron Treads|0 fnt
|faint|p1a: Iron Treads
|-end|p1a: Iron Treads|Quark Drive|[silent]
|
|upkeep
|
|t:|1776096568
|switch|p1a: Darkrai|Darkrai|100/100
|-damage|p1a: Darkrai|88/100|[from] Spikes
|turn|20
|
|t:|1776096578
|move|p1a: Darkrai|Sludge Bomb|p2a: Darkrai
|-damage|p2a: Darkrai|5/100
|move|p2a: Darkrai|Ice Beam|p1a: Darkrai
|-damage|p1a: Darkrai|43/100
|
|upkeep
|turn|21
|
|t:|1776096583
|move|p2a: Darkrai|Ice Beam|p1a: Darkrai
|-damage|p1a: Darkrai|0 fnt
|faint|p1a: Darkrai
|
|upkeep
|
|t:|1776096586
|switch|p1a: Zamazenta|Zamazenta|33/100
|-damage|p1a: Zamazenta|20/100|[from] Spikes
|turn|22
|
|t:|1776096589
|move|p1a: Zamazenta|Close Combat|p2a: Darkrai
|-supereffective|p2a: Darkrai
|-damage|p2a: Darkrai|0 fnt
|-unboost|p1a: Zamazenta|def|1
|-unboost|p1a: Zamazenta|spd|1
|faint|p2a: Darkrai
|-damage|p1a: Zamazenta|11/100|[from] item: Life Orb
|
|upkeep
|
|t:|1776096592
|switch|p2a: Zamazenta|Zamazenta|55/100
|turn|23
|
|t:|1776096595
|-terastallize|p1a: Zamazenta|Fighting
|move|p1a: Zamazenta|Close Combat|p2a: Zamazenta
|-damage|p2a: Zamazenta|0 fnt
|-unboost|p1a: Zamazenta|def|1
|-unboost|p1a: Zamazenta|spd|1
|faint|p2a: Zamazenta
|-damage|p1a: Zamazenta|1/100|[from] item: Life Orb
|
|upkeep
|
|t:|1776096600
|switch|p2a: Regidrago|Regidrago|64/100
|turn|24
|
|t:|1776096605
|move|p1a: Zamazenta|Close Combat|p2a: Regidrago
|-damage|p2a: Regidrago|0 fnt
|-unboost|p1a: Zamazenta|def|1
|-unboost|p1a: Zamazenta|spd|1
|faint|p2a: Regidrago
|-damage|p1a: Zamazenta|0 fnt|[from] item: Life Orb
|faint|p1a: Zamazenta
|
|win|serpico XD
|raw|serpico XD's rating: 1659 &rarr; <strong>1685</strong><br />(+26 for winning)
|raw|Igoodnamename's rating: 1763 &rarr; <strong>1737</strong><br />(-26 for losing)
|c|☆serpico XD|gg wp
|c|☆Igoodnamename|ggs
|l|☆Igoodnamename
|player|p2|
|l|☆serpico XD
|player|p1|
