|html|<div class="broadcast-blue"><strong>[Gen 9] OU is currently suspecting Tera Blast! For information on how to participate check out the <a href="https://www.smogon.com/tools/suspects/view/200">suspect thread</a>.</strong></div>
|j|☆AtlasRedSource14
|j|☆juice009
|t:|1776292126
|gametype|singles
|player|p1|AtlasRedSource14|linebacker|1268
|player|p2|juice009|riley|1243
|gen|9
|tier|[Gen 9] OU
|rated|
|rule|HP Percentage Mod: HP is shown in percentages
|rule|Endless Battle Clause: Forcing endless battles is banned
|rule|Species Clause: Limit one of each Pokémon
|rule|OHKO Clause: OHKO moves are banned
|rule|Evasion Items Clause: Evasion items are banned
|rule|Evasion Moves Clause: Evasion moves are banned
|rule|Evasion Abilities Clause: Evasion abilities are banned
|rule|Sleep Moves Clause: Sleep-inducing moves are banned
|clearpoke
|poke|p1|Dragonite, M|
|poke|p1|Darkrai|
|poke|p1|Clefable, F|
|poke|p1|Great Tusk|
|poke|p1|Kingambit, M|
|poke|p1|Slowking-Galar, M|
|poke|p2|Dragapult, F|
|poke|p2|Scizor, F|
|poke|p2|Samurott-Hisui, F|
|poke|p2|Kommo-o, M|
|poke|p2|Articuno-Galar|
|poke|p2|Milotic, M|
|teampreview
|
|t:|1776292138
|teamsize|p1|6
|teamsize|p2|6
|start
|switch|p1a: Yoshi|Dragonite, M, shiny|100/100
|switch|p2a: Milotic|Milotic, M|100/100
|turn|1
|
|t:|1776292143
|move|p1a: Yoshi|Dragon Dance|p1a: Yoshi
|-boost|p1a: Yoshi|atk|1
|-boost|p1a: Yoshi|spe|1
|move|p2a: Milotic|Alluring Voice|p1a: Yoshi
|-supereffective|p1a: Yoshi
|-damage|p1a: Yoshi|81/100
|-start|p1a: Yoshi|confusion
|-enditem|p1a: Yoshi|Weakness Policy
|-boost|p1a: Yoshi|atk|2|[from] item: Weakness Policy
|-boost|p1a: Yoshi|spa|2|[from] item: Weakness Policy
|
|upkeep
|turn|2
|
|t:|1776292153
|-terastallize|p1a: Yoshi|Normal
|-activate|p1a: Yoshi|confusion
|move|p1a: Yoshi|Extreme Speed|p2a: Milotic
|-damage|p2a: Milotic|4/100
|-enditem|p2a: Milotic|Sitrus Berry|[eat]
|-heal|p2a: Milotic|29/100|[from] item: Sitrus Berry
|move|p2a: Milotic|Ice Beam|p1a: Yoshi
|-damage|p1a: Yoshi|60/100
|
|upkeep
|turn|3
|
|t:|1776292167
|-activate|p1a: Yoshi|confusion
|move|p1a: Yoshi|Extreme Speed|p2a: Milotic
|-damage|p2a: Milotic|0 fnt
|faint|p2a: Milotic
|
|upkeep
|
|t:|1776292180
|switch|p2a: Dragapult|Dragapult, F|100/100
|turn|4
|
|t:|1776292185
|move|p2a: Dragapult|Dragon Darts|p1a: Yoshi
|-damage|p1a: Yoshi|18/100
|-anim|p2a: Dragapult|Dragon Darts|p1a: Yoshi
|-damage|p1a: Yoshi|0 fnt
|faint|p1a: Yoshi
|
|upkeep
|
|t:|1776292194
|switch|p1a: Clefable|Clefable, F|100/100
|turn|5
|
|t:|1776292206
|switch|p2a: Scizor|Scizor, F|100/100
|move|p1a: Clefable|Cosmic Power|p1a: Clefable
|-boost|p1a: Clefable|def|1
|-boost|p1a: Clefable|spd|1
|
|upkeep
|turn|6
|
|t:|1776292216
|move|p2a: Scizor|Swords Dance|p2a: Scizor
|-boost|p2a: Scizor|atk|2
|move|p1a: Clefable|Fire Blast|p2a: Scizor
|-supereffective|p2a: Scizor
|-damage|p2a: Scizor|0 fnt
|faint|p2a: Scizor
|
|upkeep
|
|t:|1776292236
|switch|p2a: Articuno|Articuno-Galar|100/100
|turn|7
|
|t:|1776292242
|move|p2a: Articuno|Freezing Glare|p1a: Clefable
|-damage|p1a: Clefable|69/100
|-status|p1a: Clefable|frz
|cant|p1a: Clefable|frz
|
|-heal|p1a: Clefable|75/100 frz|[from] item: Leftovers
|upkeep
|turn|8
|
|t:|1776292249
|move|p2a: Articuno|Calm Mind|p2a: Articuno
|-boost|p2a: Articuno|spa|1
|-boost|p2a: Articuno|spd|1
|cant|p1a: Clefable|frz
|
|-heal|p1a: Clefable|81/100 frz|[from] item: Leftovers
|upkeep
|turn|9
|
|t:|1776292256
|move|p2a: Articuno|Calm Mind|p2a: Articuno
|-boost|p2a: Articuno|spa|1
|-boost|p2a: Articuno|spd|1
|cant|p1a: Clefable|frz
|
|-heal|p1a: Clefable|88/100 frz|[from] item: Leftovers
|upkeep
|turn|10
|
|t:|1776292263
|move|p2a: Articuno|Calm Mind|p2a: Articuno
|-boost|p2a: Articuno|spa|1
|-boost|p2a: Articuno|spd|1
|-curestatus|p1a: Clefable|frz|[msg]
|move|p1a: Clefable|Fire Blast|p2a: Articuno
|-damage|p2a: Articuno|61/100
|
|-heal|p2a: Articuno|68/100|[from] item: Leftovers
|-heal|p1a: Clefable|94/100|[from] item: Leftovers
|upkeep
|turn|11
|
|t:|1776292273
|move|p2a: Articuno|Freezing Glare|p1a: Clefable
|-damage|p1a: Clefable|64/100
|move|p1a: Clefable|Moonblast|p2a: Articuno
|-damage|p2a: Articuno|22/100
|
|-heal|p2a: Articuno|28/100|[from] item: Leftovers
|-heal|p1a: Clefable|71/100|[from] item: Leftovers
|upkeep
|turn|12
|inactive|Battle timer is ON: inactive players will automatically lose when time's up. (requested by AtlasRedSource14)
|
|t:|1776292289
|move|p2a: Articuno|Air Slash|p1a: Clefable
|-damage|p1a: Clefable|44/100
|move|p1a: Clefable|Moonblast|p2a: Articuno
|-damage|p2a: Articuno|0 fnt
|faint|p2a: Articuno
|
|-heal|p1a: Clefable|50/100|[from] item: Leftovers
|upkeep
|
|t:|1776292292
|switch|p2a: Samurott|Samurott-Hisui, F|100/100
|turn|13
|
|t:|1776292298
|move|p2a: Samurott|Aqua Cutter|p1a: Clefable
|-damage|p1a: Clefable|15/100
|move|p1a: Clefable|Moonlight|p1a: Clefable
|-heal|p1a: Clefable|65/100
|
|-heal|p1a: Clefable|72/100|[from] item: Leftovers
|upkeep
|turn|14
|
|t:|1776292307
|move|p2a: Samurott|Aqua Cutter|p1a: Clefable
|-damage|p1a: Clefable|37/100
|move|p1a: Clefable|Moonlight|p1a: Clefable
|-heal|p1a: Clefable|87/100
|
|-heal|p1a: Clefable|93/100|[from] item: Leftovers
|upkeep
|turn|15
|
|t:|1776292315
|switch|p2a: Dragapult|Dragapult, F|100/100
|move|p1a: Clefable|Moonblast|p2a: Dragapult
|-supereffective|p2a: Dragapult
|-damage|p2a: Dragapult|0 fnt
|faint|p2a: Dragapult
|
|-heal|p1a: Clefable|99/100|[from] item: Leftovers
|upkeep
|-message|juice009 forfeited.
|
|win|AtlasRedSource14
|raw|AtlasRedSource14's rating: 1268 &rarr; <strong>1291</strong><br />(+23 for winning)
|raw|juice009's rating: 1243 &rarr; <strong>1220</strong><br />(-23 for losing)
|l|☆juice009
|player|p2|
|j| rocket's proton
|j| i am a dirt
|j| fakeoutstaller
|l| i am a dirt
|l| fakeoutstaller
|j| ching nation
|j| t44 (the one)
|l| ching nation
|l| rocket's proton
|l| t44 (the one)
