|html|<div class="broadcast-blue"><strong>[Gen 9] OU is currently suspecting Tera Blast! For information on how to participate check out the <a href="https://www.smogon.com/tools/suspects/view/200">suspect thread</a>.</strong></div>
|j|☆TwinkleLittleStars
|j|☆brogre35
|t:|1776090627
|gametype|singles
|player|p1|TwinkleLittleStars|alec-anime|1733
|player|p2|brogre35|swimmer-gen4dp|1727
|gen|9
|tier|[Gen 9] OU
|rated|
|rule|HP Percentage Mod: HP is shown in percentages
|rule|Endless Battle Clause: Forcing endless battles is banned
|rule|Species Clause: Limit one of each Pokémon
|rule|OHKO Clause: OHKO moves are banned
|rule|Evasion Items Clause: Evasion items are banned
|rule|Evasion Moves Clause: Evasion moves are banned
|rule|Evasion Abilities Clause: Evasion abilities are banned
|rule|Sleep Moves Clause: Sleep-inducing moves are banned
|clearpoke
|poke|p1|Zamazenta-*|
|poke|p1|Ting-Lu|
|poke|p1|Pecharunt|
|poke|p1|Deoxys-Speed|
|poke|p1|Kingambit, M|
|poke|p1|Ogerpon-Wellspring, F|
|poke|p2|Ninetales-Alola, M|
|poke|p2|Kyurem|
|poke|p2|Ursaluna, F|
|poke|p2|Farigiraf, F|
|poke|p2|Hatterene, F|
|poke|p2|Cresselia, F|
|teampreview
|inactive|Battle timer is ON: inactive players will automatically lose when time's up. (requested by brogre35)
|
|t:|1776090648
|teamsize|p1|6
|teamsize|p2|6
|start
|switch|p1a: Ting-Lu|Ting-Lu|100/100
|switch|p2a: Pink Triangle|Hatterene, F|100/100
|-ability|p1a: Ting-Lu|Vessel of Ruin
|turn|1
|
|t:|1776090658
|move|p1a: Ting-Lu|Ruination|p2a: Pink Triangle
|-damage|p2a: Pink Triangle|51/100
|move|p2a: Pink Triangle|Trick Room|p2a: Pink Triangle
|-fieldstart|move: Trick Room|[of] p2a: Pink Triangle
|
|upkeep
|turn|2
|
|t:|1776090664
|move|p2a: Pink Triangle|Misty Explosion|p1a: Ting-Lu
|-supereffective|p1a: Ting-Lu
|-damage|p1a: Ting-Lu|32/100
|faint|p2a: Pink Triangle
|move|p1a: Ting-Lu|Stealth Rock|p2: Pink Triangle
|-sidestart|p2: brogre35|move: Stealth Rock
|
|upkeep
|
|t:|1776090678
|switch|p2a: Across The Sea|Farigiraf, F|100/100
|-damage|p2a: Across The Sea|88/100|[from] Stealth Rock
|turn|3
|j| beebeebaobao
|
|t:|1776090687
|-terastallize|p2a: Across The Sea|Fighting
|move|p1a: Ting-Lu|Ruination|p2a: Across The Sea
|-damage|p2a: Across The Sea|44/100
|move|p2a: Across The Sea|Tera Blast|p1a: Ting-Lu|[anim] Tera Blast Fighting
|-supereffective|p1a: Ting-Lu
|-damage|p1a: Ting-Lu|0 fnt
|faint|p1a: Ting-Lu
|
|-heal|p2a: Across The Sea|50/100|[from] item: Leftovers
|upkeep
|
|t:|1776090692
|switch|p1a: Ogerpon|Ogerpon-Wellspring, F|100/100
|turn|4
|
|t:|1776090697
|switch|p2a: Butterfly|Cresselia, F|100/100
|-damage|p2a: Butterfly|88/100|[from] Stealth Rock
|move|p1a: Ogerpon|Play Rough|p2a: Butterfly
|-damage|p2a: Butterfly|67/100
|
|upkeep
|turn|5
|
|t:|1776090704
|move|p2a: Butterfly|Moonblast|p1a: Ogerpon
|-crit|p1a: Ogerpon
|-damage|p1a: Ogerpon|69/100
|move|p1a: Ogerpon|Swords Dance|p1a: Ogerpon
|-boost|p1a: Ogerpon|atk|2
|
|-fieldend|move: Trick Room
|upkeep
|turn|6
|
|t:|1776090707
|move|p1a: Ogerpon|Ivy Cudgel|p2a: Butterfly|[anim] Ivy Cudgel Water
|-crit|p2a: Butterfly
|-damage|p2a: Butterfly|0 fnt
|faint|p2a: Butterfly
|
|upkeep
|
|t:|1776090711
|switch|p2a: The Good Life|Ninetales-Alola, M|100/100
|-damage|p2a: The Good Life|76/100|[from] Stealth Rock
|-weather|Snowscape|[from] ability: Snow Warning|[of] p2a: The Good Life
|turn|7
|
|t:|1776090717
|move|p1a: Ogerpon|Ivy Cudgel|p2a: The Good Life|[anim] Ivy Cudgel Water
|-damage|p2a: The Good Life|0 fnt
|faint|p2a: The Good Life
|
|-weather|Snowscape|[upkeep]
|upkeep
|
|t:|1776090719
|switch|p2a: Getchoo|Kyurem|100/100
|-damage|p2a: Getchoo|76/100|[from] Stealth Rock
|-ability|p2a: Getchoo|Pressure
|turn|8
|
|t:|1776090723
|move|p1a: Ogerpon|Play Rough|p2a: Getchoo
|-supereffective|p2a: Getchoo
|-damage|p2a: Getchoo|0 fnt
|faint|p2a: Getchoo
|
|-weather|Snowscape|[upkeep]
|upkeep
|-message|brogre35 forfeited.
|
|win|TwinkleLittleStars
|raw|TwinkleLittleStars's rating: 1733 &rarr; <strong>1753</strong><br />(+20 for winning)
|raw|brogre35's rating: 1727 &rarr; <strong>1707</strong><br />(-20 for losing)
|l|☆brogre35
|player|p2|
|l|☆TwinkleLittleStars
|player|p1|
|j| rampo836
|l| rampo836
|l| beebeebaobao
