|html|<div class="broadcast-blue"><strong>[Gen 9] OU is currently suspecting Tera Blast! For information on how to participate check out the <a href="https://www.smogon.com/tools/suspects/view/200">suspect thread</a>.</strong></div>
|j|☆I buy roblox items
|j|☆vzn.exe
|t:|1776090202
|gametype|singles
|player|p1|I buy roblox items|gentleman-gen1|1571
|player|p2|vzn.exe|lusamine-nihilego|1547
|gen|9
|tier|[Gen 9] OU
|rated|
|rule|HP Percentage Mod: HP is shown in percentages
|rule|Endless Battle Clause: Forcing endless battles is banned
|rule|Species Clause: Limit one of each Pokémon
|rule|OHKO Clause: OHKO moves are banned
|rule|Evasion Items Clause: Evasion items are banned
|rule|Evasion Moves Clause: Evasion moves are banned
|rule|Evasion Abilities Clause: Evasion abilities are banned
|rule|Sleep Moves Clause: Sleep-inducing moves are banned
|clearpoke
|poke|p1|Entei|
|poke|p1|Kyurem|
|poke|p1|Zamazenta-*|
|poke|p1|Quaquaval, F|
|poke|p1|Muk-Alola, F|
|poke|p1|Ceruledge, M|
|poke|p2|Primarina, M|
|poke|p2|Great Tusk|
|poke|p2|Enamorus, F|
|poke|p2|Slowking-Galar, M|
|poke|p2|Ogerpon, F|
|poke|p2|Kingambit, M|
|teampreview
|inactive|Battle timer is ON: inactive players will automatically lose when time's up. (requested by I buy roblox items)
|inactive|vzn.exe also wants the timer to be on.
|inactive|I buy roblox items has 120 seconds left.
|
|t:|1776090233
|teamsize|p1|6
|teamsize|p2|6
|start
|switch|p1a: Muk|Muk-Alola, F|100/100
|switch|p2a: Gin|Enamorus, F, shiny|100/100
|turn|1
|
|t:|1776090250
|switch|p2a: Behemoth|Great Tusk, shiny|100/100
|move|p1a: Muk|Knock Off|p2a: Behemoth
|-resisted|p2a: Behemoth
|-damage|p2a: Behemoth|84/100
|-damage|p1a: Muk|84/100|[from] item: Rocky Helmet|[of] p2a: Behemoth
|-enditem|p2a: Behemoth|Rocky Helmet|[from] move: Knock Off|[of] p1a: Muk
|
|-heal|p1a: Muk|90/100|[from] item: Leftovers
|upkeep
|turn|2
|
|t:|1776090268
|switch|p1a: Zamazenta|Zamazenta|100/100
|-ability|p1a: Zamazenta|Dauntless Shield|boost
|-boost|p1a: Zamazenta|def|1
|move|p2a: Behemoth|Headlong Rush|p1a: Zamazenta
|-damage|p1a: Zamazenta|72/100
|-unboost|p2a: Behemoth|def|1
|-unboost|p2a: Behemoth|spd|1
|
|-heal|p1a: Zamazenta|78/100|[from] item: Leftovers
|upkeep
|turn|3
|
|t:|1776090286
|move|p1a: Zamazenta|Snarl|p2a: Behemoth
|-resisted|p2a: Behemoth
|-crit|p2a: Behemoth
|-damage|p2a: Behemoth|66/100
|-unboost|p2a: Behemoth|spa|1
|move|p2a: Behemoth|Stealth Rock|p1a: Zamazenta
|-sidestart|p1: I buy roblox items|move: Stealth Rock
|
|-heal|p1a: Zamazenta|84/100|[from] item: Leftovers
|upkeep
|turn|4
|inactive|vzn.exe has 120 seconds left.
|
|t:|1776090303
|-end|p2a: Behemoth|Protosynthesis|[silent]
|switch|p2a: Gin|Enamorus, F, shiny|100/100
|move|p1a: Zamazenta|Snarl|p2a: Gin
|-resisted|p2a: Gin
|-damage|p2a: Gin|94/100
|-boost|p2a: Gin|spa|1
|
|-heal|p1a: Zamazenta|90/100|[from] item: Leftovers
|upkeep
|turn|5
|inactive|vzn.exe has 120 seconds left.
|
|t:|1776090320
|move|p2a: Gin|Earth Power|p1a: Zamazenta
|-damage|p1a: Zamazenta|50/100
|move|p1a: Zamazenta|Iron Defense|p1a: Zamazenta
|-boost|p1a: Zamazenta|def|2
|
|-heal|p1a: Zamazenta|56/100|[from] item: Leftovers
|upkeep
|turn|6
|inactive|vzn.exe has 120 seconds left.
|
|t:|1776090336
|move|p2a: Gin|Earth Power|p1a: Zamazenta
|-damage|p1a: Zamazenta|15/100
|move|p1a: Zamazenta|Body Press|p2a: Gin
|-resisted|p2a: Gin
|-damage|p2a: Gin|61/100
|
|-heal|p1a: Zamazenta|21/100|[from] item: Leftovers
|upkeep
|turn|7
|
|t:|1776090345
|move|p2a: Gin|Earth Power|p1a: Zamazenta
|-damage|p1a: Zamazenta|0 fnt
|faint|p1a: Zamazenta
|
|upkeep
|
|t:|1776090348
|switch|p1a: Quaquaval|Quaquaval, F|100/100
|-damage|p1a: Quaquaval|94/100|[from] Stealth Rock
|turn|8
|inactive|vzn.exe has 120 seconds left.
|
|t:|1776090364
|switch|p2a: Celestine|Primarina, M, shiny|100/100
|move|p1a: Quaquaval|Rapid Spin|p2a: Celestine
|-damage|p2a: Celestine|75/100
|-boost|p1a: Quaquaval|spe|1
|-sideend|p1: I buy roblox items|Stealth Rock|[from] move: Rapid Spin|[of] p1a: Quaquaval
|
|-heal|p2a: Celestine|81/100|[from] item: Leftovers
|upkeep
|turn|9
|inactive|vzn.exe has 120 seconds left.
|
|t:|1776090382
|move|p1a: Quaquaval|Knock Off|p2a: Celestine
|-resisted|p2a: Celestine
|-damage|p2a: Celestine|58/100
|-enditem|p2a: Celestine|Leftovers|[from] move: Knock Off|[of] p1a: Quaquaval
|move|p2a: Celestine|Moonblast|p1a: Quaquaval
|-supereffective|p1a: Quaquaval
|-damage|p1a: Quaquaval|0 fnt
|faint|p1a: Quaquaval
|
|upkeep
|
|t:|1776090388
|switch|p1a: Muk|Muk-Alola, F|90/100
|turn|10
|inactive|vzn.exe has 120 seconds left.
|
|t:|1776090405
|move|p2a: Celestine|Moonblast|p1a: Muk
|-damage|p1a: Muk|43/100
|move|p1a: Muk|Curse|p1a: Muk
|-unboost|p1a: Muk|spe|1
|-boost|p1a: Muk|atk|1
|-boost|p1a: Muk|def|1
|
|-heal|p1a: Muk|50/100|[from] item: Leftovers
|upkeep
|turn|11
|
|t:|1776090423
|switch|p2a: Behemoth|Great Tusk, shiny|66/100
|move|p1a: Muk|Poison Jab|p2a: Behemoth
|-resisted|p2a: Behemoth
|-damage|p2a: Behemoth|44/100
|
|-heal|p1a: Muk|56/100|[from] item: Leftovers
|upkeep
|turn|12
|
|t:|1776090432
|move|p2a: Behemoth|Stealth Rock|p1a: Muk
|-sidestart|p1: I buy roblox items|move: Stealth Rock
|move|p1a: Muk|Drain Punch|p2a: Behemoth
|-damage|p2a: Behemoth|17/100
|-heal|p1a: Muk|68/100|[from] drain|[of] p2a: Behemoth
|
|-heal|p1a: Muk|74/100|[from] item: Leftovers
|upkeep
|turn|13
|
|t:|1776090451
|-terastallize|p1a: Muk|Flying
|move|p2a: Behemoth|Headlong Rush|p1a: Muk
|-immune|p1a: Muk
|move|p1a: Muk|Drain Punch|p2a: Behemoth
|-damage|p2a: Behemoth|0 fnt
|-heal|p1a: Muk|81/100|[from] drain|[of] p2a: Behemoth
|faint|p2a: Behemoth
|-end|p2a: Behemoth|Protosynthesis|[silent]
|
|-heal|p1a: Muk|87/100|[from] item: Leftovers
|upkeep
|
|t:|1776090460
|switch|p2a: Celestine|Primarina, M, shiny|58/100
|turn|14
|inactive|vzn.exe has 120 seconds left.
|
|t:|1776090469
|move|p2a: Celestine|Psychic Noise|p1a: Muk
|-damage|p1a: Muk|55/100
|-start|p1a: Muk|move: Heal Block
|move|p1a: Muk|Poison Jab|p2a: Celestine
|-supereffective|p2a: Celestine
|-damage|p2a: Celestine|0 fnt
|faint|p2a: Celestine
|
|upkeep
|inactive|vzn.exe has 120 seconds left.
|
|t:|1776090479
|switch|p2a: Overgod|Kingambit, M, shiny|100/100
|-activate|p2a: Overgod|ability: Supreme Overlord
|-start|p2a: Overgod|fallen2|[silent]
|turn|15
|
|t:|1776090489
|move|p2a: Overgod|Swords Dance|p2a: Overgod
|-boost|p2a: Overgod|atk|2
|move|p1a: Muk|Knock Off|p2a: Overgod
|-resisted|p2a: Overgod
|-damage|p2a: Overgod|75/100
|-enditem|p2a: Overgod|Leftovers|[from] move: Knock Off|[of] p1a: Muk
|
|-end|p1a: Muk|move: Heal Block
|upkeep
|turn|16
|
|t:|1776090498
|move|p2a: Overgod|Kowtow Cleave|p1a: Muk
|-damage|p1a: Muk|0 fnt
|faint|p1a: Muk
|
|upkeep
|
|t:|1776090501
|switch|p1a: Entei|Entei|100/100
|-damage|p1a: Entei|76/100|[from] Stealth Rock
|-ability|p1a: Entei|Pressure
|turn|17
|
|t:|1776090518
|move|p2a: Overgod|Sucker Punch||[still]
|-fail|p2a: Overgod
|move|p1a: Entei|Substitute|p1a: Entei
|-start|p1a: Entei|Substitute
|-damage|p1a: Entei|51/100
|
|-heal|p1a: Entei|57/100|[from] item: Leftovers
|upkeep
|turn|18
|
|t:|1776090535
|move|p1a: Entei|Sacred Fire|p2a: Overgod
|-supereffective|p2a: Overgod
|-damage|p2a: Overgod|12/100
|-status|p2a: Overgod|brn
|move|p2a: Overgod|Iron Head|p1a: Entei
|-resisted|p1a: Entei
|-end|p1a: Entei|Substitute
|
|-heal|p1a: Entei|63/100|[from] item: Leftovers
|-damage|p2a: Overgod|6/100 brn|[from] brn
|upkeep
|turn|19
|inactive|vzn.exe has 120 seconds left.
|
|t:|1776090552
|move|p1a: Entei|Protect|p1a: Entei
|-singleturn|p1a: Entei|Protect
|move|p2a: Overgod|Kowtow Cleave|p1a: Entei
|-activate|p1a: Entei|move: Protect
|
|-heal|p1a: Entei|69/100|[from] item: Leftovers
|-damage|p2a: Overgod|0 fnt|[from] brn
|faint|p2a: Overgod
|-end|p2a: Overgod|fallen2|[silent]
|upkeep
|inactive|vzn.exe has 120 seconds left.
|
|t:|1776090561
|switch|p2a: Gin|Enamorus, F, shiny|61/100
|turn|20
|
|t:|1776090570
|move|p1a: Entei|Protect||[still]
|-fail|p1a: Entei
|move|p2a: Gin|Earth Power|p1a: Entei
|-supereffective|p1a: Entei
|-damage|p1a: Entei|0 fnt
|faint|p1a: Entei
|
|upkeep
|
|t:|1776090573
|switch|p1a: 🥢🆙🎣|Kyurem|100/100
|-damage|p1a: 🥢🆙🎣|76/100|[from] Stealth Rock
|-ability|p1a: 🥢🆙🎣|Pressure
|turn|21
|
|t:|1776090588
|move|p2a: Gin|Earth Power|p1a: 🥢🆙🎣
|-damage|p1a: 🥢🆙🎣|45/100
|move|p1a: 🥢🆙🎣|Dragon Dance|p1a: 🥢🆙🎣
|-boost|p1a: 🥢🆙🎣|atk|1
|-boost|p1a: 🥢🆙🎣|spe|1
|
|-heal|p1a: 🥢🆙🎣|51/100|[from] item: Leftovers
|upkeep
|turn|22
|inactive|vzn.exe has 120 seconds left.
|
|t:|1776090605
|switch|p2a: Mantra|Slowking-Galar, M, shiny|100/100
|move|p1a: 🥢🆙🎣|Dragon Dance|p1a: 🥢🆙🎣
|-boost|p1a: 🥢🆙🎣|atk|1
|-boost|p1a: 🥢🆙🎣|spe|1
|
|-heal|p1a: 🥢🆙🎣|57/100|[from] item: Leftovers
|upkeep
|turn|23
|inactive|vzn.exe has 120 seconds left.
|
|t:|1776090622
|move|p1a: 🥢🆙🎣|Substitute|p1a: 🥢🆙🎣
|-start|p1a: 🥢🆙🎣|Substitute
|-damage|p1a: 🥢🆙🎣|32/100
|move|p2a: Mantra|Sludge Bomb|p1a: 🥢🆙🎣
|-end|p1a: 🥢🆙🎣|Substitute
|
|-heal|p1a: 🥢🆙🎣|38/100|[from] item: Leftovers
|upkeep
|turn|24
|inactive|vzn.exe has 120 seconds left.
|
|t:|1776090638
|move|p1a: 🥢🆙🎣|Protect|p1a: 🥢🆙🎣
|-singleturn|p1a: 🥢🆙🎣|Protect
|move|p2a: Mantra|Sludge Bomb|p1a: 🥢🆙🎣
|-activate|p1a: 🥢🆙🎣|move: Protect
|
|-heal|p1a: 🥢🆙🎣|45/100|[from] item: Leftovers
|upkeep
|turn|25
|
|t:|1776090648
|move|p1a: 🥢🆙🎣|Icicle Spear|p2a: Mantra
|-damage|p2a: Mantra|85/100
|-damage|p2a: Mantra|70/100
|-damage|p2a: Mantra|55/100
|-hitcount|p2a: Mantra|3
|move|p2a: Mantra|Sludge Bomb|p1a: 🥢🆙🎣
|-damage|p1a: 🥢🆙🎣|18/100
|-status|p1a: 🥢🆙🎣|psn
|
|-heal|p1a: 🥢🆙🎣|24/100 psn|[from] item: Leftovers
|-damage|p1a: 🥢🆙🎣|12/100 psn|[from] psn
|upkeep
|turn|26
|inactive|vzn.exe has 120 seconds left.
|
|t:|1776090655
|switch|p2a: Anonymous|Ogerpon, F|100/100
|move|p1a: 🥢🆙🎣|Icicle Spear|p2a: Anonymous
|-supereffective|p2a: Anonymous
|-damage|p2a: Anonymous|48/100
|-supereffective|p2a: Anonymous
|-damage|p2a: Anonymous|0 fnt
|faint|p2a: Anonymous
|-hitcount|p2: Anonymous|2
|
|-heal|p1a: 🥢🆙🎣|18/100 psn|[from] item: Leftovers
|-damage|p1a: 🥢🆙🎣|6/100 psn|[from] psn
|upkeep
|inactive|vzn.exe has 120 seconds left.
|
|t:|1776090663
|switch|p2a: Mantra|Slowking-Galar, M, shiny|88/100
|turn|27
|
|t:|1776090671
|switch|p2a: Gin|Enamorus, F, shiny|61/100
|move|p1a: 🥢🆙🎣|Icicle Spear|p2a: Gin
|-supereffective|p2a: Gin
|-damage|p2a: Gin|0 fnt
|faint|p2a: Gin
|-hitcount|p2: Gin|1
|
|-heal|p1a: 🥢🆙🎣|12/100 psn|[from] item: Leftovers
|-damage|p1a: 🥢🆙🎣|0 fnt|[from] psn
|faint|p1a: 🥢🆙🎣
|upkeep
|
|t:|1776090679
|switch|p2a: Mantra|Slowking-Galar, M, shiny|100/100
|switch|p1a: Ceruledge|Ceruledge, M|100/100
|-damage|p1a: Ceruledge|76/100|[from] Stealth Rock
|turn|28
|
|t:|1776090692
|move|p1a: Ceruledge|Bulk Up|p1a: Ceruledge
|-boost|p1a: Ceruledge|atk|1
|-boost|p1a: Ceruledge|def|1
|move|p2a: Mantra|Ice Beam|p1a: Ceruledge
|-resisted|p1a: Ceruledge
|-damage|p1a: Ceruledge|67/100
|
|upkeep
|turn|29
|inactive|vzn.exe has 120 seconds left.
|
|t:|1776090708
|move|p1a: Ceruledge|Bitter Blade|p2a: Mantra
|-damage|p2a: Mantra|60/100
|-heal|p1a: Ceruledge|89/100|[from] drain|[of] p2a: Mantra
|move|p2a: Mantra|Ice Beam|p1a: Ceruledge
|-resisted|p1a: Ceruledge
|-damage|p1a: Ceruledge|81/100
|
|upkeep
|turn|30
|
|t:|1776090718
|move|p1a: Ceruledge|Bitter Blade|p2a: Mantra
|-damage|p2a: Mantra|17/100
|-heal|p1a: Ceruledge|100/100|[from] drain|[of] p2a: Mantra
|move|p2a: Mantra|Sludge Bomb|p1a: Ceruledge
|-resisted|p1a: Ceruledge
|-damage|p1a: Ceruledge|88/100
|
|upkeep
|turn|31
|c|☆I buy roblox items|its covert cloak
|
|t:|1776090725
|move|p1a: Ceruledge|Shadow Sneak|p2a: Mantra
|-supereffective|p2a: Mantra
|-damage|p2a: Mantra|0 fnt
|faint|p2a: Mantra
|
|win|I buy roblox items
|raw|I buy roblox items's rating: 1571 &rarr; <strong>1590</strong><br />(+19 for winning)
|raw|vzn.exe's rating: 1547 &rarr; <strong>1528</strong><br />(-19 for losing)
|l|☆vzn.exe
|player|p2|
|l|☆I buy roblox items
|player|p1|
