|html|<div class="broadcast-blue"><strong>[Gen 9] OU is currently suspecting Volcarona! For information on how to participate check out the <a href="https://www.smogon.com/tools/suspects/view/208">suspect thread</a>.</strong></div>
|j|☆gason.G
|j|☆luketheidiot
|t:|1778506811
|gametype|singles
|player|p1|gason.G|swimmerf-gen4|1188
|player|p2|luketheidiot|iris-gen5bw2|1175
|gen|9
|tier|[Gen 9] OU
|rated|
|rule|HP Percentage Mod: HP is shown in percentages
|rule|Endless Battle Clause: Forcing endless battles is banned
|rule|Species Clause: Limit one of each Pokémon
|rule|OHKO Clause: OHKO moves are banned
|rule|Evasion Items Clause: Evasion items are banned
|rule|Evasion Moves Clause: Evasion moves are banned
|rule|Evasion Abilities Clause: Evasion abilities are banned
|rule|Sleep Moves Clause: Sleep-inducing moves are banned
|clearpoke
|poke|p1|Torkoal, M|
|poke|p1|Walking Wake|
|poke|p1|Great Tusk|
|poke|p1|Hatterene, F|
|poke|p1|Alomomola, F|
|poke|p1|Raging Bolt|
|poke|p2|Gliscor, M|
|poke|p2|Empoleon, M|
|poke|p2|Oricorio-Pom-Pom, F|
|poke|p2|Rhydon, M|
|poke|p2|Falinks|
|poke|p2|Talonflame, M|
|teampreview
|inactive|Battle timer is ON: inactive players will automatically lose when time's up. (requested by luketheidiot)
|
|t:|1778506833
|teamsize|p1|6
|teamsize|p2|6
|start
|switch|p1a: Torkoal|Torkoal, M|100/100
|switch|p2a: Gliscor|Gliscor, M, shiny|100/100
|-weather|SunnyDay|[from] ability: Drought|[of] p1a: Torkoal
|turn|1
|
|t:|1778506857
|move|p2a: Gliscor|Protect|p2a: Gliscor
|-singleturn|p2a: Gliscor|Protect
|move|p1a: Torkoal|Stealth Rock|p2a: Gliscor
|-sidestart|p2: luketheidiot|move: Stealth Rock
|
|-weather|SunnyDay|[upkeep]
|-status|p2a: Gliscor|tox|[from] item: Toxic Orb
|upkeep
|turn|2
|
|t:|1778506866
|switch|p1a: Alomomola|Alomomola, F|100/100
|move|p2a: Gliscor|Toxic|p1a: Alomomola
|-status|p1a: Alomomola|tox
|
|-weather|SunnyDay|[upkeep]
|-damage|p1a: Alomomola|94/100 tox|[from] psn
|upkeep
|turn|3
|
|t:|1778506881
|move|p2a: Gliscor|Facade|p1a: Alomomola
|-damage|p1a: Alomomola|70/100 tox
|move|p1a: Alomomola|Wish|p1a: Alomomola
|
|-weather|SunnyDay|[upkeep]
|-heal|p1a: Alomomola|76/100 tox|[from] item: Leftovers
|-damage|p1a: Alomomola|64/100 tox|[from] psn
|upkeep
|turn|4
|
|t:|1778506888
|move|p2a: Gliscor|Earthquake|p1a: Alomomola
|-damage|p1a: Alomomola|39/100 tox
|move|p1a: Alomomola|Flip Turn|p2a: Gliscor
|-supereffective|p2a: Gliscor
|-damage|p2a: Gliscor|86/100 tox
|
|t:|1778506896
|switch|p1a: Walking Wake|Walking Wake|100/100|[from] Flip Turn
|-activate|p1a: Walking Wake|ability: Protosynthesis
|-start|p1a: Walking Wake|protosynthesisspe
|
|-weather|SunnyDay|[upkeep]
|-heal|p2a: Gliscor|98/100 tox|[from] ability: Poison Heal
|upkeep
|turn|5
|
|t:|1778506912
|-terastallize|p1a: Walking Wake|Water
|move|p2a: Gliscor|Protect|p2a: Gliscor
|-singleturn|p2a: Gliscor|Protect
|move|p1a: Walking Wake|Hydro Steam|p2a: Gliscor
|-activate|p2a: Gliscor|move: Protect
|
|-weather|SunnyDay|[upkeep]
|-heal|p2a: Gliscor|100/100 tox|[from] ability: Poison Heal
|upkeep
|turn|6
|
|t:|1778506924
|move|p1a: Walking Wake|Hydro Steam|p2a: Gliscor
|-supereffective|p2a: Gliscor
|-damage|p2a: Gliscor|0 fnt
|faint|p2a: Gliscor
|
|-weather|SunnyDay|[upkeep]
|upkeep
|
|t:|1778506927
|switch|p2a: Talonflame|Talonflame, M, shiny|100/100
|turn|7
|
|t:|1778506933
|move|p2a: Talonflame|Defog|p1a: Walking Wake
|-unboost|p1a: Walking Wake|evasion|1
|-sideend|p2: luketheidiot|Stealth Rock|[from] move: Defog|[of] p2a: Talonflame
|move|p1a: Walking Wake|Hydro Steam|p2a: Talonflame
|-supereffective|p2a: Talonflame
|-damage|p2a: Talonflame|0 fnt
|faint|p2a: Talonflame
|
|-weather|SunnyDay|[upkeep]
|upkeep
|
|t:|1778506941
|switch|p2a: Empoleon|Empoleon, M, shiny|100/100
|turn|8
|
|t:|1778506951
|-end|p1a: Walking Wake|Protosynthesis|[silent]
|switch|p1a: Alomomola|Alomomola, F|72/100 tox
|move|p2a: Empoleon|Ice Beam|p1a: Alomomola
|-resisted|p1a: Alomomola
|-damage|p1a: Alomomola|58/100 tox
|
|-weather|none
|-heal|p1a: Alomomola|65/100 tox|[from] item: Leftovers
|-damage|p1a: Alomomola|58/100 tox|[from] psn
|upkeep
|turn|9
|
|t:|1778506960
|switch|p2a: Oricorio|Oricorio-Pom-Pom, F, shiny|100/100
|move|p1a: Alomomola|Wish|p1a: Alomomola
|
|-heal|p1a: Alomomola|65/100 tox|[from] item: Leftovers
|-damage|p1a: Alomomola|52/100 tox|[from] psn
|upkeep
|turn|10
|
|t:|1778506975
|move|p1a: Alomomola|Protect|p1a: Alomomola
|-singleturn|p1a: Alomomola|Protect
|move|p2a: Oricorio|Quiver Dance|p2a: Oricorio
|-boost|p2a: Oricorio|spa|1
|-boost|p2a: Oricorio|spd|1
|-boost|p2a: Oricorio|spe|1
|
|-heal|p1a: Alomomola|100/100 tox|[from] move: Wish|[wisher] Alomomola
|-damage|p1a: Alomomola|82/100 tox|[from] psn
|upkeep
|turn|11
|
|t:|1778506984
|move|p2a: Oricorio|Quiver Dance|p2a: Oricorio
|-boost|p2a: Oricorio|spa|1
|-boost|p2a: Oricorio|spd|1
|-boost|p2a: Oricorio|spe|1
|move|p1a: Alomomola|Flip Turn|p2a: Oricorio
|-crit|p2a: Oricorio
|-damage|p2a: Oricorio|64/100
|
|t:|1778506993
|switch|p1a: Torkoal|Torkoal, M|100/100|[from] Flip Turn
|-weather|SunnyDay|[from] ability: Drought|[of] p1a: Torkoal
|
|-weather|SunnyDay|[upkeep]
|upkeep
|turn|12
|
|t:|1778507001
|move|p2a: Oricorio|Quiver Dance|p2a: Oricorio
|-boost|p2a: Oricorio|spa|1
|-boost|p2a: Oricorio|spd|1
|-boost|p2a: Oricorio|spe|1
|move|p1a: Torkoal|Clear Smog|p2a: Oricorio
|-damage|p2a: Oricorio|57/100
|-clearboost|p2a: Oricorio
|
|-weather|SunnyDay|[upkeep]
|upkeep
|turn|13
|
|t:|1778507012
|move|p2a: Oricorio|Quiver Dance|p2a: Oricorio
|-boost|p2a: Oricorio|spa|1
|-boost|p2a: Oricorio|spd|1
|-boost|p2a: Oricorio|spe|1
|move|p1a: Torkoal|Stealth Rock|p2a: Oricorio
|-sidestart|p2: luketheidiot|move: Stealth Rock
|
|-weather|SunnyDay|[upkeep]
|upkeep
|turn|14
|
|t:|1778507021
|move|p2a: Oricorio|Roost|p2a: Oricorio
|-heal|p2a: Oricorio|100/100
|-singleturn|p2a: Oricorio|move: Roost
|move|p1a: Torkoal|Clear Smog|p2a: Oricorio
|-damage|p2a: Oricorio|90/100
|-clearboost|p2a: Oricorio
|
|-weather|SunnyDay|[upkeep]
|upkeep
|turn|15
|
|t:|1778507032
|switch|p1a: Great Tusk|Great Tusk|100/100
|-activate|p1a: Great Tusk|ability: Protosynthesis
|-start|p1a: Great Tusk|protosynthesisatk
|move|p2a: Oricorio|Quiver Dance|p2a: Oricorio
|-boost|p2a: Oricorio|spa|1
|-boost|p2a: Oricorio|spd|1
|-boost|p2a: Oricorio|spe|1
|
|-weather|SunnyDay|[upkeep]
|upkeep
|turn|16
|
|t:|1778507046
|move|p2a: Oricorio|Hurricane|p1a: Great Tusk|[miss]
|-miss|p2a: Oricorio|p1a: Great Tusk
|move|p1a: Great Tusk|Rapid Spin|p2a: Oricorio
|-damage|p2a: Oricorio|52/100
|-boost|p1a: Great Tusk|spe|1
|
|-weather|SunnyDay|[upkeep]
|upkeep
|turn|17
|l|☆luketheidiot
|inactive|luketheidiot disconnected and has a minute to reconnect!
|player|p2|
|inactive|luketheidiot has 30 seconds to reconnect!
|inactive|luketheidiot has 20 seconds to reconnect!
|inactive|luketheidiot has 15 seconds to reconnect!
|inactive|luketheidiot has 10 seconds to reconnect!
|inactive|luketheidiot has 5 seconds to reconnect!
|-message|luketheidiot lost due to inactivity.
|
|win|gason.G
|raw|gason.G's rating: 1188 &rarr; <strong>1212</strong><br />(+24 for winning)
|raw|luketheidiot's rating: 1175 &rarr; <strong>1151</strong><br />(-24 for losing)
|l|☆gason.G
|player|p1|
