|html|<div class="broadcast-blue"><strong>[Gen 9] OU is currently suspecting Tera Blast! For information on how to participate check out the <a href="https://www.smogon.com/tools/suspects/view/200">suspect thread</a>.</strong></div>
|j|☆fautser
|j|☆Achilles2001
|t:|1776344567
|gametype|singles
|player|p1|fautser|kimonogirl|1194
|player|p2|Achilles2001|gentleman-gen4|1227
|gen|9
|tier|[Gen 9] OU
|rated|
|rule|HP Percentage Mod: HP is shown in percentages
|rule|Endless Battle Clause: Forcing endless battles is banned
|rule|Species Clause: Limit one of each Pokémon
|rule|OHKO Clause: OHKO moves are banned
|rule|Evasion Items Clause: Evasion items are banned
|rule|Evasion Moves Clause: Evasion moves are banned
|rule|Evasion Abilities Clause: Evasion abilities are banned
|rule|Sleep Moves Clause: Sleep-inducing moves are banned
|clearpoke
|poke|p1|Zamazenta-*|
|poke|p1|Darkrai|
|poke|p1|Landorus-Therian, M|
|poke|p1|Glimmora, M|
|poke|p1|Rillaboom, M|
|poke|p1|Dragonite, M|
|poke|p2|Ting-Lu|
|poke|p2|Skeledirge, F|
|poke|p2|Glimmora, F|
|poke|p2|Dondozo, F|
|poke|p2|Electrode-Hisui|
|poke|p2|Kingambit, F|
|teampreview
|
|t:|1776344600
|teamsize|p1|6
|teamsize|p2|6
|start
|switch|p1a: Glimmora|Glimmora, M|100/100
|switch|p2a: Sink|Ting-Lu|100/100
|-item|p1a: Glimmora|Air Balloon
|-ability|p2a: Sink|Vessel of Ruin
|turn|1
|
|t:|1776344611
|move|p1a: Glimmora|Stealth Rock|p2a: Sink
|-sidestart|p2: Achilles2001|move: Stealth Rock
|move|p2a: Sink|Stealth Rock|p1a: Glimmora
|-sidestart|p1: fautser|move: Stealth Rock
|
|upkeep
|turn|2
|
|t:|1776344619
|move|p1a: Glimmora|Mortal Spin|p2a: Sink
|-resisted|p2a: Sink
|-damage|p2a: Sink|99/100
|-status|p2a: Sink|psn
|-sideend|p1: fautser|Stealth Rock|[from] move: Mortal Spin|[of] p1a: Glimmora
|move|p2a: Sink|Ruination|p1a: Glimmora
|-damage|p1a: Glimmora|51/100
|-enditem|p1a: Glimmora|Air Balloon
|
|-heal|p2a: Sink|100/100 psn|[from] item: Leftovers
|-damage|p2a: Sink|88/100 psn|[from] psn
|upkeep
|turn|3
|
|t:|1776344658
|switch|p1a: Rillaboom|Rillaboom, M|100/100
|-fieldstart|move: Grassy Terrain|[from] ability: Grassy Surge|[of] p1a: Rillaboom
|move|p2a: Sink|Stealth Rock|p1a: Rillaboom
|-sidestart|p1: fautser|move: Stealth Rock
|
|-heal|p2a: Sink|94/100 psn|[from] Grassy Terrain
|-heal|p2a: Sink|100/100 psn|[from] item: Leftovers
|-damage|p2a: Sink|88/100 psn|[from] psn
|upkeep
|turn|4
|
|t:|1776344691
|switch|p2a: Crocs|Skeledirge, F|100/100
|move|p1a: Rillaboom|Wood Hammer|p2a: Crocs
|-resisted|p2a: Crocs
|-damage|p2a: Crocs|58/100
|-damage|p1a: Rillaboom|83/100|[from] Recoil
|
|-heal|p1a: Rillaboom|90/100|[from] Grassy Terrain
|-heal|p2a: Crocs|64/100|[from] Grassy Terrain
|upkeep
|turn|5
|
|t:|1776344713
|switch|p1a: Dragonite|Dragonite, M|100/100
|move|p2a: Crocs|Will-O-Wisp|p1a: Dragonite|[miss]
|-miss|p2a: Crocs|p1a: Dragonite
|
|-heal|p2a: Crocs|70/100|[from] Grassy Terrain
|upkeep
|turn|6
|
|t:|1776344739
|switch|p1a: Darkrai|Darkrai|100/100
|-damage|p1a: Darkrai|88/100|[from] Stealth Rock
|move|p2a: Crocs|Will-O-Wisp|p1a: Darkrai
|-status|p1a: Darkrai|brn
|
|-heal|p1a: Darkrai|94/100 brn|[from] Grassy Terrain
|-heal|p2a: Crocs|76/100|[from] Grassy Terrain
|-damage|p1a: Darkrai|88/100 brn|[from] brn
|upkeep
|turn|7
|
|t:|1776344753
|-terastallize|p2a: Crocs|Fire
|move|p1a: Darkrai|Dark Pulse|p2a: Crocs
|-damage|p2a: Crocs|44/100
|move|p2a: Crocs|Torch Song|p1a: Darkrai
|-damage|p1a: Darkrai|47/100 brn
|-boost|p2a: Crocs|spa|1
|
|-heal|p1a: Darkrai|53/100 brn|[from] Grassy Terrain
|-heal|p2a: Crocs|50/100|[from] Grassy Terrain
|-damage|p1a: Darkrai|47/100 brn|[from] brn
|-fieldend|move: Grassy Terrain
|upkeep
|turn|8
|
|t:|1776344776
|switch|p1a: Dragonite|Dragonite, M|100/100
|move|p2a: Crocs|Torch Song|p1a: Dragonite
|-resisted|p1a: Dragonite
|-damage|p1a: Dragonite|86/100
|-boost|p2a: Crocs|spa|1
|
|upkeep
|turn|9
|
|t:|1776344786
|move|p1a: Dragonite|Earthquake|p2a: Crocs
|-supereffective|p2a: Crocs
|-damage|p2a: Crocs|0 fnt
|faint|p2a: Crocs
|
|upkeep
|
|t:|1776344791
|switch|p2a: Hieronymus|Glimmora, F|100/100
|-damage|p2a: Hieronymus|88/100|[from] Stealth Rock
|-item|p2a: Hieronymus|Air Balloon
|turn|10
|
|t:|1776344804
|switch|p1a: Glimmora|Glimmora, M|51/100
|-damage|p1a: Glimmora|38/100|[from] Stealth Rock
|move|p2a: Hieronymus|Mortal Spin|p1a: Glimmora
|-resisted|p1a: Glimmora
|-damage|p1a: Glimmora|36/100
|-status|p1a: Glimmora|psn
|-activate|p1a: Glimmora|ability: Toxic Debris
|-sidestart|p2: Achilles2001|move: Toxic Spikes
|-sideend|p2: Achilles2001|Toxic Spikes|[from] move: Mortal Spin|[of] p2a: Hieronymus
|-sideend|p2: Achilles2001|Stealth Rock|[from] move: Mortal Spin|[of] p2a: Hieronymus
|
|-damage|p1a: Glimmora|24/100 psn|[from] psn
|upkeep
|turn|11
|
|t:|1776344824
|move|p2a: Hieronymus|Spiky Shield|p2a: Hieronymus
|-singleturn|p2a: Hieronymus|move: Protect
|move|p1a: Glimmora|Mortal Spin|p2a: Hieronymus
|-activate|p2a: Hieronymus|move: Protect
|-damage|p1a: Glimmora|12/100 psn|[from] Spiky Shield|[of] p2a: Hieronymus
|
|-damage|p1a: Glimmora|0 fnt|[from] psn
|faint|p1a: Glimmora
|upkeep
|
|t:|1776344839
|switch|p1a: Rillaboom|Rillaboom, M|90/100
|-damage|p1a: Rillaboom|77/100|[from] Stealth Rock
|-fieldstart|move: Grassy Terrain|[from] ability: Grassy Surge|[of] p1a: Rillaboom
|turn|12
|
|t:|1776344861
|move|p1a: Rillaboom|Wood Hammer|p2a: Hieronymus
|-damage|p2a: Hieronymus|0 fnt
|-enditem|p2a: Hieronymus|Air Balloon
|faint|p2a: Hieronymus
|-damage|p1a: Rillaboom|46/100|[from] Recoil
|
|-heal|p1a: Rillaboom|52/100|[from] Grassy Terrain
|upkeep
|
|t:|1776344888
|switch|p2a: Tokugawa|Kingambit, F|100/100
|-activate|p2a: Tokugawa|ability: Supreme Overlord
|-start|p2a: Tokugawa|fallen2|[silent]
|turn|13
|
|t:|1776344901
|switch|p1a: Darkrai|Darkrai|47/100 brn
|-damage|p1a: Darkrai|34/100 brn|[from] Stealth Rock
|move|p2a: Tokugawa|Swords Dance|p2a: Tokugawa
|-boost|p2a: Tokugawa|atk|2
|
|-heal|p1a: Darkrai|40/100 brn|[from] Grassy Terrain
|-damage|p1a: Darkrai|34/100 brn|[from] brn
|upkeep
|turn|14
|
|t:|1776344918
|move|p1a: Darkrai|Focus Blast|p2a: Tokugawa|[miss]
|-miss|p1a: Darkrai|p2a: Tokugawa
|move|p2a: Tokugawa|Iron Head|p1a: Darkrai
|-damage|p1a: Darkrai|0 fnt
|faint|p1a: Darkrai
|
|upkeep
|
|t:|1776344925
|switch|p1a: Zamazenta|Zamazenta|100/100
|-damage|p1a: Zamazenta|94/100|[from] Stealth Rock
|-ability|p1a: Zamazenta|Dauntless Shield|boost
|-boost|p1a: Zamazenta|def|1
|turn|15
|
|t:|1776344949
|-end|p2a: Tokugawa|fallen2|[silent]
|switch|p2a: Sink|Ting-Lu|88/100 psn
|-ability|p2a: Sink|Vessel of Ruin
|move|p1a: Zamazenta|Roar|p2a: Sink
|drag|p2a: Wholefoods|Dondozo, F|100/100
|
|-heal|p1a: Zamazenta|100/100|[from] Grassy Terrain
|upkeep
|turn|16
|
|t:|1776344959
|move|p1a: Zamazenta|Iron Defense|p1a: Zamazenta
|-boost|p1a: Zamazenta|def|2
|move|p2a: Wholefoods|Curse|p2a: Wholefoods
|-unboost|p2a: Wholefoods|spe|1
|-boost|p2a: Wholefoods|atk|1
|-boost|p2a: Wholefoods|def|1
|
|-fieldend|move: Grassy Terrain
|upkeep
|turn|17
|
|t:|1776344970
|move|p1a: Zamazenta|Iron Defense|p1a: Zamazenta
|-boost|p1a: Zamazenta|def|2
|move|p2a: Wholefoods|Curse|p2a: Wholefoods
|-unboost|p2a: Wholefoods|spe|1
|-boost|p2a: Wholefoods|atk|1
|-boost|p2a: Wholefoods|def|1
|
|upkeep
|turn|18
|
|t:|1776344980
|move|p2a: Wholefoods|Liquidation|p1a: Zamazenta
|-damage|p1a: Zamazenta|59/100
|-unboost|p1a: Zamazenta|def|1
|move|p1a: Zamazenta|Roar|p2a: Wholefoods
|drag|p2a: Sink|Ting-Lu|88/100 psn
|-ability|p2a: Sink|Vessel of Ruin
|
|-heal|p1a: Zamazenta|65/100|[from] item: Leftovers
|-heal|p2a: Sink|94/100 psn|[from] item: Leftovers
|-damage|p2a: Sink|82/100 psn|[from] psn
|upkeep
|turn|19
|
|t:|1776344994
|move|p1a: Zamazenta|Body Press|p2a: Sink
|-supereffective|p2a: Sink
|-damage|p2a: Sink|0 fnt
|faint|p2a: Sink
|
|-heal|p1a: Zamazenta|71/100|[from] item: Leftovers
|upkeep
|
|t:|1776345005
|switch|p2a: Boom Boom|Electrode-Hisui|100/100
|turn|20
|
|t:|1776345011
|move|p2a: Boom Boom|Leech Seed|p1a: Zamazenta
|-start|p1a: Zamazenta|move: Leech Seed
|move|p1a: Zamazenta|Body Press|p2a: Boom Boom
|-damage|p2a: Boom Boom|0 fnt
|faint|p2a: Boom Boom
|
|-heal|p1a: Zamazenta|77/100|[from] item: Leftovers
|upkeep
|
|t:|1776345020
|switch|p2a: Wholefoods|Dondozo, F|100/100
|turn|21
|
|t:|1776345025
|move|p2a: Wholefoods|Curse|p2a: Wholefoods
|-unboost|p2a: Wholefoods|spe|1
|-boost|p2a: Wholefoods|atk|1
|-boost|p2a: Wholefoods|def|1
|move|p1a: Zamazenta|Roar|p2a: Wholefoods
|drag|p2a: Tokugawa|Kingambit, F|100/100
|-activate|p2a: Tokugawa|ability: Supreme Overlord
|-start|p2a: Tokugawa|fallen4|[silent]
|
|-heal|p1a: Zamazenta|84/100|[from] item: Leftovers
|-damage|p1a: Zamazenta|71/100|[from] Leech Seed|[of] p2a: Tokugawa
|upkeep
|turn|22
|
|t:|1776345041
|move|p2a: Tokugawa|Sucker Punch|p1a: Zamazenta
|-resisted|p1a: Zamazenta
|-damage|p1a: Zamazenta|65/100
|move|p1a: Zamazenta|Body Press|p2a: Tokugawa
|-supereffective|p2a: Tokugawa
|-damage|p2a: Tokugawa|0 fnt
|faint|p2a: Tokugawa
|-end|p2a: Tokugawa|fallen4|[silent]
|
|-heal|p1a: Zamazenta|71/100|[from] item: Leftovers
|upkeep
|
|t:|1776345051
|switch|p2a: Wholefoods|Dondozo, F|100/100
|turn|23
|
|t:|1776345062
|move|p1a: Zamazenta|Iron Defense|p1a: Zamazenta
|-boost|p1a: Zamazenta|def|2
|move|p2a: Wholefoods|Curse|p2a: Wholefoods
|-unboost|p2a: Wholefoods|spe|1
|-boost|p2a: Wholefoods|atk|1
|-boost|p2a: Wholefoods|def|1
|
|-heal|p1a: Zamazenta|78/100|[from] item: Leftovers
|-damage|p1a: Zamazenta|65/100|[from] Leech Seed|[of] p2a: Wholefoods
|upkeep
|turn|24
|
|t:|1776345087
|switch|p1a: Landorus|Landorus-Therian, M|100/100
|-damage|p1a: Landorus|88/100|[from] Stealth Rock
|-ability|p1a: Landorus|Intimidate|boost
|-unboost|p2a: Wholefoods|atk|1
|move|p2a: Wholefoods|Curse|p2a: Wholefoods
|-unboost|p2a: Wholefoods|spe|1
|-boost|p2a: Wholefoods|atk|1
|-boost|p2a: Wholefoods|def|1
|
|upkeep
|turn|25
|
|t:|1776345099
|move|p1a: Landorus|Taunt|p2a: Wholefoods
|-start|p2a: Wholefoods|move: Taunt
|cant|p2a: Wholefoods|move: Taunt|Curse
|
|upkeep
|turn|26
|
|t:|1776345130
|move|p1a: Landorus|Earthquake|p2a: Wholefoods
|-damage|p2a: Wholefoods|88/100
|move|p2a: Wholefoods|Liquidation|p1a: Landorus
|-supereffective|p1a: Landorus
|-damage|p1a: Landorus|0 fnt
|-damage|p2a: Wholefoods|71/100|[from] item: Rocky Helmet|[of] p1a: Landorus
|faint|p1a: Landorus
|
|-heal|p2a: Wholefoods|77/100|[from] item: Leftovers
|upkeep
|
|t:|1776345140
|switch|p1a: Rillaboom|Rillaboom, M|52/100
|-damage|p1a: Rillaboom|40/100|[from] Stealth Rock
|-fieldstart|move: Grassy Terrain|[from] ability: Grassy Surge|[of] p1a: Rillaboom
|turn|27
|
|t:|1776345162
|-terastallize|p1a: Rillaboom|Grass
|move|p1a: Rillaboom|Wood Hammer|p2a: Wholefoods
|-supereffective|p2a: Wholefoods
|-damage|p2a: Wholefoods|0 fnt
|faint|p2a: Wholefoods
|-damage|p1a: Rillaboom|2/100|[from] Recoil
|
|win|fautser
|raw|fautser's rating: 1194 &rarr; <strong>1221</strong><br />(+27 for winning)
|raw|Achilles2001's rating: 1227 &rarr; <strong>1200</strong><br />(-27 for losing)
|l|☆Achilles2001
|player|p2|
