|html|<div class="broadcast-blue"><strong>[Gen 9] OU is currently suspecting Tera Blast! For information on how to participate check out the <a href="https://www.smogon.com/tools/suspects/view/200">suspect thread</a>.</strong></div>
|j|☆Dymazo
|j|☆MariozzzzVGC
|t:|1776094112
|gametype|singles
|player|p1|Dymazo|beauty-gen4dp|1454
|player|p2|MariozzzzVGC|170|1428
|gen|9
|tier|[Gen 9] OU
|rated|
|rule|HP Percentage Mod: HP is shown in percentages
|rule|Endless Battle Clause: Forcing endless battles is banned
|rule|Species Clause: Limit one of each Pokémon
|rule|OHKO Clause: OHKO moves are banned
|rule|Evasion Items Clause: Evasion items are banned
|rule|Evasion Moves Clause: Evasion moves are banned
|rule|Evasion Abilities Clause: Evasion abilities are banned
|rule|Sleep Moves Clause: Sleep-inducing moves are banned
|clearpoke
|poke|p1|Kingambit, M|
|poke|p1|Gallade, M|
|poke|p1|Primarina, F|
|poke|p1|Corviknight, F|
|poke|p1|Landorus-Therian, M|
|poke|p1|Slowking-Galar, M|
|poke|p2|Deoxys-Defense|
|poke|p2|Cloyster, F|
|poke|p2|Regidrago|
|poke|p2|Lucario, M|
|poke|p2|Azelf|
|poke|p2|Lycanroc-Dusk, M|
|teampreview
|inactive|Battle timer is ON: inactive players will automatically lose when time's up. (requested by MariozzzzVGC)
|
|t:|1776094131
|teamsize|p1|6
|teamsize|p2|6
|start
|switch|p1a: kitty|Landorus-Therian, M|100/100
|switch|p2a: Azelf|Azelf|100/100
|-ability|p1a: kitty|Intimidate|boost
|-unboost|p2a: Azelf|atk|1
|turn|1
|
|t:|1776094144
|move|p2a: Azelf|Taunt|p1a: kitty
|-start|p1a: kitty|move: Taunt
|move|p1a: kitty|U-turn|p2a: Azelf
|-supereffective|p2a: Azelf
|-damage|p2a: Azelf|22/100
|
|t:|1776094152
|switch|p1a: Twink|Gallade, M|100/100|[from] U-turn
|
|upkeep
|turn|2
|
|t:|1776094164
|move|p1a: Twink|Sacred Sword|p2a: Azelf
|-resisted|p2a: Azelf
|-damage|p2a: Azelf|0 fnt
|faint|p2a: Azelf
|
|upkeep
|
|t:|1776094167
|switch|p2a: Deoxys|Deoxys-Defense|100/100
|-ability|p2a: Deoxys|Pressure
|turn|3
|
|t:|1776094174
|switch|p1a: kitty|Landorus-Therian, M|100/100
|-ability|p1a: kitty|Intimidate|boost
|-unboost|p2a: Deoxys|atk|1
|move|p2a: Deoxys|Trick Room|p2a: Deoxys
|-fieldstart|move: Trick Room|[of] p2a: Deoxys
|
|upkeep
|turn|4
|
|t:|1776094196
|move|p2a: Deoxys|Ice Beam|p1a: kitty
|-supereffective|p1a: kitty
|-damage|p1a: kitty|40/100
|-status|p1a: kitty|frz
|-enditem|p1a: kitty|Sitrus Berry|[eat]
|-heal|p1a: kitty|65/100 frz|[from] item: Sitrus Berry
|cant|p1a: kitty|frz
|
|upkeep
|turn|5
|
|t:|1776094218
|switch|p1a: Knife|Kingambit, M|100/100
|move|p2a: Deoxys|Teleport|p2a: Deoxys
|
|t:|1776094225
|switch|p2a: Lucario|Lucario, M|100/100|[from] Teleport
|
|upkeep
|turn|6
|
|t:|1776094233
|-end|p1a: Knife|fallenundefined|[silent]
|switch|p1a: Tungsten|Corviknight, F|100/100
|-ability|p1a: Tungsten|Pressure
|move|p2a: Lucario|Swords Dance|p2a: Lucario
|-boost|p2a: Lucario|atk|2
|
|upkeep
|turn|7
|
|t:|1776094243
|move|p1a: Tungsten|Brave Bird|p2a: Lucario
|-damage|p2a: Lucario|50/100
|-damage|p1a: Tungsten|86/100|[from] Recoil
|move|p2a: Lucario|Close Combat|p1a: Tungsten
|-damage|p1a: Tungsten|0 fnt
|-unboost|p2a: Lucario|def|1
|-unboost|p2a: Lucario|spd|1
|-damage|p2a: Lucario|34/100|[from] item: Rocky Helmet|[of] p1a: Tungsten
|faint|p1a: Tungsten
|-damage|p2a: Lucario|24/100|[from] item: Life Orb
|
|-fieldend|move: Trick Room
|upkeep
|
|t:|1776094258
|switch|p1a: Twink|Gallade, M|100/100
|turn|8
|
|t:|1776094272
|move|p2a: Lucario|Bullet Punch|p1a: Twink
|-damage|p1a: Twink|0 fnt
|faint|p1a: Twink
|-damage|p2a: Lucario|14/100|[from] item: Life Orb
|
|upkeep
|
|t:|1776094280
|switch|p1a: kitty|Landorus-Therian, M|65/100 frz
|-ability|p1a: kitty|Intimidate|boost
|-fail|p2a: Lucario|unboost|Attack|[from] ability: Inner Focus|[of] p2a: Lucario
|turn|9
|
|t:|1776094286
|move|p2a: Lucario|Bullet Punch|p1a: kitty
|-damage|p1a: kitty|26/100 frz
|-damage|p2a: Lucario|4/100|[from] item: Life Orb
|cant|p1a: kitty|frz
|
|upkeep
|turn|10
|
|t:|1776094292
|move|p2a: Lucario|Bullet Punch|p1a: kitty
|-damage|p1a: kitty|0 fnt
|faint|p1a: kitty
|-damage|p2a: Lucario|0 fnt|[from] item: Life Orb
|faint|p2a: Lucario
|
|upkeep
|
|t:|1776094302
|switch|p1a: Performative|Primarina, F|100/100
|switch|p2a: Cloyster|Cloyster, F|100/100
|turn|11
|
|t:|1776094325
|switch|p2a: Deoxys|Deoxys-Defense|100/100
|-ability|p2a: Deoxys|Pressure
|-terastallize|p1a: Performative|Fairy
|move|p1a: Performative|Draining Kiss|p2a: Deoxys
|-damage|p2a: Deoxys|54/100
|
|-heal|p2a: Deoxys|60/100|[from] item: Leftovers
|upkeep
|turn|12
|
|t:|1776094337
|move|p1a: Performative|Draining Kiss|p2a: Deoxys
|-crit|p2a: Deoxys
|-damage|p2a: Deoxys|0 fnt
|faint|p2a: Deoxys
|
|upkeep
|
|t:|1776094343
|switch|p2a: Lycanroc|Lycanroc-Dusk, M|100/100
|turn|13
|
|t:|1776094347
|move|p2a: Lycanroc|Stone Edge|p1a: Performative
|-damage|p1a: Performative|0 fnt
|faint|p1a: Performative
|
|upkeep
|
|t:|1776094356
|switch|p1a: Knife|Kingambit, M|100/100
|-activate|p1a: Knife|ability: Supreme Overlord
|-start|p1a: Knife|fallen4|[silent]
|turn|14
|
|t:|1776094363
|move|p2a: Lycanroc|Stone Edge|p1a: Knife
|-resisted|p1a: Knife
|-damage|p1a: Knife|76/100
|move|p1a: Knife|Kowtow Cleave|p2a: Lycanroc
|-damage|p2a: Lycanroc|0 fnt
|faint|p2a: Lycanroc
|
|-heal|p1a: Knife|82/100|[from] item: Leftovers
|upkeep
|
|t:|1776094367
|switch|p2a: Cloyster|Cloyster, F|100/100
|turn|15
|
|t:|1776094379
|move|p2a: Cloyster|Shell Smash|p2a: Cloyster
|-unboost|p2a: Cloyster|def|1
|-unboost|p2a: Cloyster|spd|1
|-boost|p2a: Cloyster|atk|2
|-boost|p2a: Cloyster|spa|2
|-boost|p2a: Cloyster|spe|2
|-enditem|p2a: Cloyster|White Herb
|-clearnegativeboost|p2a: Cloyster|[silent]
|move|p1a: Knife|Kowtow Cleave|p2a: Cloyster
|-damage|p2a: Cloyster|44/100
|
|-heal|p1a: Knife|88/100|[from] item: Leftovers
|upkeep
|turn|16
|
|t:|1776094409
|-end|p1a: Knife|fallen4|[silent]
|switch|p1a: Danny|Slowking-Galar, M|100/100
|-terastallize|p2a: Cloyster|Electric
|move|p2a: Cloyster|Tera Blast|p1a: Danny|[anim] Tera Blast Electric
|-damage|p1a: Danny|27/100
|
|upkeep
|turn|17
|
|t:|1776094426
|move|p2a: Cloyster|Tera Blast|p1a: Danny|[anim] Tera Blast Electric
|-damage|p1a: Danny|0 fnt
|faint|p1a: Danny
|
|upkeep
|
|t:|1776094431
|switch|p1a: Knife|Kingambit, M|88/100
|-activate|p1a: Knife|ability: Supreme Overlord
|-start|p1a: Knife|fallen5|[silent]
|turn|18
|
|t:|1776094438
|move|p1a: Knife|Sucker Punch||[still]
|-fail|p1a: Knife
|move|p2a: Cloyster|Shell Smash|p2a: Cloyster
|-unboost|p2a: Cloyster|def|1
|-unboost|p2a: Cloyster|spd|1
|-boost|p2a: Cloyster|atk|2
|-boost|p2a: Cloyster|spa|2
|-boost|p2a: Cloyster|spe|2
|
|-heal|p1a: Knife|94/100|[from] item: Leftovers
|upkeep
|turn|19
|
|t:|1776094448
|move|p1a: Knife|Sucker Punch||[still]
|-fail|p1a: Knife
|move|p2a: Cloyster|Shell Smash|p2a: Cloyster
|-unboost|p2a: Cloyster|def|1
|-unboost|p2a: Cloyster|spd|1
|-boost|p2a: Cloyster|atk|2
|-boost|p2a: Cloyster|spa|2
|-boost|p2a: Cloyster|spe|2
|
|-heal|p1a: Knife|99/100|[from] item: Leftovers
|upkeep
|turn|20
|
|t:|1776094458
|move|p1a: Knife|Sucker Punch||[still]
|-fail|p1a: Knife
|move|p2a: Cloyster|Shell Smash|p2a: Cloyster
|-unboost|p2a: Cloyster|def|1
|-unboost|p2a: Cloyster|spd|1
|-boost|p2a: Cloyster|atk|0
|-boost|p2a: Cloyster|spa|0
|-boost|p2a: Cloyster|spe|0
|
|-heal|p1a: Knife|100/100|[from] item: Leftovers
|upkeep
|turn|21
|
|t:|1776094463
|move|p1a: Knife|Sucker Punch|p2a: Cloyster
|-damage|p2a: Cloyster|0 fnt
|faint|p2a: Cloyster
|
|upkeep
|
|t:|1776094465
|switch|p2a: Regidrago|Regidrago|100/100
|turn|22
|
|t:|1776094472
|move|p2a: Regidrago|Earth Power|p1a: Knife
|-supereffective|p1a: Knife
|-damage|p1a: Knife|23/100
|-damage|p2a: Regidrago|91/100|[from] item: Life Orb
|move|p1a: Knife|Kowtow Cleave|p2a: Regidrago
|-damage|p2a: Regidrago|14/100
|
|-heal|p1a: Knife|29/100|[from] item: Leftovers
|upkeep
|turn|23
|-message|MariozzzzVGC forfeited.
|
|win|Dymazo
|raw|Dymazo's rating: 1454 &rarr; <strong>1473</strong><br />(+19 for winning)
|raw|MariozzzzVGC's rating: 1428 &rarr; <strong>1409</strong><br />(-19 for losing)
|l|☆MariozzzzVGC
|player|p2|
|l|☆Dymazo
|player|p1|
