|html|<div class="broadcast-blue"><strong>[Gen 9] OU is currently suspecting Volcarona! For information on how to participate check out the <a href="https://www.smogon.com/tools/suspects/view/208">suspect thread</a>.</strong></div>
|j|☆ray floret
|j|☆IronFiste
|t:|1778498116
|gametype|singles
|player|p1|ray floret|266|1138
|player|p2|IronFiste|colress|1065
|gen|9
|tier|[Gen 9] OU
|rated|
|rule|HP Percentage Mod: HP is shown in percentages
|rule|Endless Battle Clause: Forcing endless battles is banned
|rule|Species Clause: Limit one of each Pokémon
|rule|OHKO Clause: OHKO moves are banned
|rule|Evasion Items Clause: Evasion items are banned
|rule|Evasion Moves Clause: Evasion moves are banned
|rule|Evasion Abilities Clause: Evasion abilities are banned
|rule|Sleep Moves Clause: Sleep-inducing moves are banned
|clearpoke
|poke|p1|Zangoose, M|
|poke|p1|Florges, F|
|poke|p1|Galvantula, M|
|poke|p1|Mudsdale, F|
|poke|p1|Zoroark, M|
|poke|p1|Bruxish, M|
|poke|p2|Manaphy|
|poke|p2|Tornadus, M|
|poke|p2|Toxicroak, M|
|poke|p2|Gholdengo|
|poke|p2|Politoed, M|
|poke|p2|Crawdaunt, M|
|teampreview
|inactive|Battle timer is ON: inactive players will automatically lose when time's up. (requested by IronFiste)
|c|☆ray floret|wait
|c|☆IronFiste|yuh
|c|☆ray floret|why tf am i against goldengo
|c|☆IronFiste|huh
|inactive|ray floret has 120 seconds left.
|inactive|IronFiste has 120 seconds left.
|c|☆ray floret|oh shit
|c|☆ray floret|this team is pu man
|c|☆ray floret|f me
|c|☆IronFiste|oh
|c|☆IronFiste|well
|c|☆IronFiste|can still prob get up to some shenanigans
|c|☆IronFiste|maybe
|inactive|ray floret has 90 seconds left.
|inactive|IronFiste has 90 seconds left.
|
|t:|1778498190
|teamsize|p1|6
|teamsize|p2|6
|start
|switch|p1a: Florges|Florges, F|100/100
|switch|p2a: Crawdaunt|Crawdaunt, M|100/100
|turn|1
|
|t:|1778498203
|move|p2a: Crawdaunt|Crabhammer|p1a: Florges
|-crit|p1a: Florges
|-damage|p1a: Florges|0 fnt
|faint|p1a: Florges
|
|upkeep
|
|t:|1778498214
|switch|p1a: Galvantula|Galvantula, M|100/100
|turn|2
|
|t:|1778498229
|move|p1a: Galvantula|Sticky Web|p2a: Crawdaunt
|-sidestart|p2: IronFiste|move: Sticky Web
|move|p2a: Crawdaunt|Crabhammer|p1a: Galvantula
|-enditem|p1a: Galvantula|Focus Sash
|-damage|p1a: Galvantula|1/100
|
|upkeep
|turn|3
|c|☆IronFiste|huh
|c|☆IronFiste|i got
|c|☆IronFiste|No electric coverage
|
|t:|1778498253
|switch|p2a: Toxicroak|Toxicroak, M, shiny|100/100
|-activate|p2a: Toxicroak|move: Sticky Web
|-unboost|p2a: Toxicroak|spe|1
|move|p1a: Galvantula|Thunder|p2a: Toxicroak
|-damage|p2a: Toxicroak|24/100
|
|upkeep
|turn|4
|c|☆ray floret|and i am new
|
|t:|1778498270
|switch|p1a: Bruxish|Bruxish, M|100/100
|move|p2a: Toxicroak|Sucker Punch||[still]
|-fail|p2a: Toxicroak
|
|upkeep
|turn|5
|
|t:|1778498283
|switch|p1a: Mudsdale|Mudsdale, F|100/100
|-terastallize|p2a: Toxicroak|Dark
|move|p2a: Toxicroak|Sucker Punch||[still]
|-fail|p2a: Toxicroak
|
|upkeep
|turn|6
|
|t:|1778498290
|switch|p2a: Politoed|Politoed, M|100/100
|-activate|p2a: Politoed|move: Sticky Web
|-unboost|p2a: Politoed|spe|1
|-weather|RainDance|[from] ability: Drizzle|[of] p2a: Politoed
|move|p1a: Mudsdale|Iron Defense|p1a: Mudsdale
|-boost|p1a: Mudsdale|def|2
|
|-weather|RainDance|[upkeep]
|upkeep
|turn|7
|
|t:|1778498296
|switch|p1a: Galvantula|Galvantula, M|1/100
|move|p2a: Politoed|Encore||[still]
|-fail|p2a: Politoed
|
|-weather|RainDance|[upkeep]
|upkeep
|turn|8
|
|t:|1778498310
|switch|p2a: Toxicroak|Toxicroak, M, shiny, tera:Dark|24/100
|-activate|p2a: Toxicroak|move: Sticky Web
|-unboost|p2a: Toxicroak|spe|1
|move|p1a: Galvantula|Thunder|p2a: Toxicroak
|-damage|p2a: Toxicroak|0 fnt
|faint|p2a: Toxicroak
|
|-weather|RainDance|[upkeep]
|upkeep
|
|t:|1778498319
|switch|p2a: Tornadus|Tornadus, M|100/100
|turn|9
|
|t:|1778498324
|move|p2a: Tornadus|Tailwind|p2a: Tornadus
|-sidestart|p2: IronFiste|move: Tailwind
|move|p1a: Galvantula|Thunder|p2a: Tornadus
|-supereffective|p2a: Tornadus
|-damage|p2a: Tornadus|0 fnt
|faint|p2a: Tornadus
|
|-weather|RainDance|[upkeep]
|upkeep
|
|t:|1778498337
|switch|p2a: Crawdaunt|Crawdaunt, M|100/100
|-activate|p2a: Crawdaunt|move: Sticky Web
|-unboost|p2a: Crawdaunt|spe|1
|turn|10
|
|t:|1778498340
|move|p2a: Crawdaunt|Aqua Jet|p1a: Galvantula
|-damage|p1a: Galvantula|0 fnt
|faint|p1a: Galvantula
|
|-weather|RainDance|[upkeep]
|upkeep
|
|t:|1778498351
|switch|p1a: Mudsdale|Mudsdale, F|100/100
|turn|11
|
|t:|1778498359
|-terastallize|p1a: Mudsdale|Fighting
|move|p2a: Crawdaunt|Aqua Jet|p1a: Mudsdale
|-damage|p1a: Mudsdale|41/100
|-ability|p1a: Mudsdale|Stamina|boost
|-boost|p1a: Mudsdale|def|1
|move|p1a: Mudsdale|Body Press|p2a: Crawdaunt
|-supereffective|p2a: Crawdaunt
|-damage|p2a: Crawdaunt|0 fnt
|faint|p2a: Crawdaunt
|
|-weather|RainDance|[upkeep]
|-heal|p1a: Mudsdale|47/100|[from] item: Leftovers
|upkeep
|
|t:|1778498372
|switch|p2a: Gholdengo|Gholdengo|100/100
|-activate|p2a: Gholdengo|move: Sticky Web
|-unboost|p2a: Gholdengo|spe|1
|turn|12
|
|t:|1778498378
|move|p2a: Gholdengo|Reflect|p2a: Gholdengo
|-sidestart|p2: IronFiste|Reflect
|move|p1a: Mudsdale|Earthquake|p2a: Gholdengo
|-supereffective|p2a: Gholdengo
|-damage|p2a: Gholdengo|51/100
|
|-weather|RainDance|[upkeep]
|-heal|p1a: Mudsdale|53/100|[from] item: Leftovers
|-sideend|p2: IronFiste|move: Tailwind
|upkeep
|turn|13
|
|t:|1778498385
|move|p2a: Gholdengo|Recover|p2a: Gholdengo
|-heal|p2a: Gholdengo|100/100
|move|p1a: Mudsdale|Earthquake|p2a: Gholdengo
|-supereffective|p2a: Gholdengo
|-damage|p2a: Gholdengo|52/100
|
|-weather|none
|-heal|p1a: Mudsdale|59/100|[from] item: Leftovers
|upkeep
|turn|14
|
|t:|1778498392
|switch|p2a: Politoed|Politoed, M|100/100
|-activate|p2a: Politoed|move: Sticky Web
|-unboost|p2a: Politoed|spe|1
|-weather|RainDance|[from] ability: Drizzle|[of] p2a: Politoed
|move|p1a: Mudsdale|Earthquake|p2a: Politoed
|-damage|p2a: Politoed|72/100
|
|-weather|RainDance|[upkeep]
|-heal|p1a: Mudsdale|65/100|[from] item: Leftovers
|upkeep
|turn|15
|
|t:|1778498399
|move|p2a: Politoed|Encore|p1a: Mudsdale
|-start|p1a: Mudsdale|Encore
|move|p1a: Mudsdale|Earthquake|p2a: Politoed
|-damage|p2a: Politoed|41/100
|
|-weather|RainDance|[upkeep]
|-heal|p1a: Mudsdale|72/100|[from] item: Leftovers
|upkeep
|turn|16
|
|t:|1778498406
|switch|p2a: Manaphy|Manaphy, shiny|100/100
|-activate|p2a: Manaphy|move: Sticky Web
|-unboost|p2a: Manaphy|spe|1
|move|p1a: Mudsdale|Earthquake|p2a: Manaphy
|-damage|p2a: Manaphy|76/100
|
|-weather|RainDance|[upkeep]
|-heal|p2a: Manaphy|82/100|[from] item: Leftovers
|-heal|p1a: Mudsdale|78/100|[from] item: Leftovers
|upkeep
|turn|17
|
|t:|1778498417
|move|p2a: Manaphy|Tail Glow|p2a: Manaphy
|-boost|p2a: Manaphy|spa|3
|move|p1a: Mudsdale|Earthquake|p2a: Manaphy
|-damage|p2a: Manaphy|57/100
|
|-weather|RainDance|[upkeep]
|-heal|p2a: Manaphy|63/100|[from] item: Leftovers
|-heal|p1a: Mudsdale|84/100|[from] item: Leftovers
|-end|p1a: Mudsdale|Encore
|upkeep
|turn|18
|
|t:|1778498432
|move|p2a: Manaphy|Alluring Voice|p1a: Mudsdale
|-supereffective|p1a: Mudsdale
|-damage|p1a: Mudsdale|0 fnt
|faint|p1a: Mudsdale
|
|-weather|RainDance|[upkeep]
|-heal|p2a: Manaphy|69/100|[from] item: Leftovers
|upkeep
|
|t:|1778498443
|switch|p1a: Zangoose|Zangoose, M|100/100
|turn|19
|
|t:|1778498453
|move|p1a: Zangoose|Night Daze|p2a: Manaphy
|-damage|p2a: Manaphy|12/100
|move|p2a: Manaphy|Rest|p2a: Manaphy
|-status|p2a: Manaphy|slp|[from] move: Rest
|-heal|p2a: Manaphy|100/100 slp|[silent]
|
|-weather|RainDance|[upkeep]
|-activate|p2a: Manaphy|ability: Hydration
|-curestatus|p2a: Manaphy|slp|[msg]
|-sideend|p2: IronFiste|Reflect
|upkeep
|turn|20
|
|t:|1778498461
|move|p1a: Zangoose|Night Daze|p2a: Manaphy
|-damage|p2a: Manaphy|45/100
|-unboost|p2a: Manaphy|accuracy|1
|move|p2a: Manaphy|Alluring Voice|p1a: Zangoose|[miss]
|-miss|p2a: Manaphy|p1a: Zangoose
|
|-weather|RainDance|[upkeep]
|-heal|p2a: Manaphy|51/100|[from] item: Leftovers
|upkeep
|turn|21
|c|☆ray floret|yesss
|
|t:|1778498468
|move|p1a: Zangoose|Night Daze|p2a: Manaphy
|-damage|p2a: Manaphy|0 fnt
|faint|p2a: Manaphy
|
|-weather|none
|upkeep
|
|t:|1778498473
|switch|p2a: Gholdengo|Gholdengo|52/100
|-activate|p2a: Gholdengo|move: Sticky Web
|-unboost|p2a: Gholdengo|spe|1
|turn|22
|c|☆IronFiste|didnt know it did that
|c|☆ray floret|i wonn
|c|☆ray floret|wooo
|
|t:|1778498484
|move|p1a: Zangoose|Night Daze|p2a: Gholdengo
|-supereffective|p2a: Gholdengo
|-damage|p2a: Gholdengo|0 fnt
|faint|p2a: Gholdengo
|
|upkeep
|c|☆IronFiste|gg
|c|☆ray floret|its zoroark buddy
|
|t:|1778498488
|switch|p2a: Politoed|Politoed, M|41/100
|-activate|p2a: Politoed|move: Sticky Web
|-unboost|p2a: Politoed|spe|1
|-weather|RainDance|[from] ability: Drizzle|[of] p2a: Politoed
|turn|23
|c|☆ray floret|lool
|
|t:|1778498495
|move|p1a: Zangoose|Night Daze|p2a: Politoed
|-damage|p2a: Politoed|0 fnt
|faint|p2a: Politoed
|
|win|ray floret
|raw|ray floret's rating: 1138 &rarr; <strong>1158</strong><br />(+20 for winning)
|raw|IronFiste's rating: 1065 &rarr; <strong>1049</strong><br />(-16 for losing)
|c|☆ray floret|ggs wp
|c|☆IronFiste|you too
|l|☆ray floret
|player|p1|
|c|☆IronFiste|you gonna stay on this format or move back to pu?
|l|☆IronFiste
|player|p2|
