|html|<div class="broadcast-blue"><strong>[Gen 9] OU is currently suspecting Tera Blast! For information on how to participate check out the <a href="https://www.smogon.com/tools/suspects/view/200">suspect thread</a>.</strong></div>
|j|☆saverage215
|j|☆kyroshero
|t:|1776236412
|gametype|singles
|player|p1|saverage215|1|1086
|player|p2|kyroshero|waiter-gen4|1090
|gen|9
|tier|[Gen 9] OU
|rated|
|rule|HP Percentage Mod: HP is shown in percentages
|rule|Endless Battle Clause: Forcing endless battles is banned
|rule|Species Clause: Limit one of each Pokémon
|rule|OHKO Clause: OHKO moves are banned
|rule|Evasion Items Clause: Evasion items are banned
|rule|Evasion Moves Clause: Evasion moves are banned
|rule|Evasion Abilities Clause: Evasion abilities are banned
|rule|Sleep Moves Clause: Sleep-inducing moves are banned
|clearpoke
|poke|p1|Meowscarada, F|
|poke|p1|Goodra-Hisui, F|
|poke|p1|Articuno-Galar|
|poke|p1|Gliscor, M|
|poke|p1|Greninja-*, M|
|poke|p1|Ceruledge, M|
|poke|p2|Articuno|
|poke|p2|Tentacruel, M|
|poke|p2|Suicune|
|poke|p2|Zapdos|
|poke|p2|Duraludon, F|
|poke|p2|Arcanine, F|
|teampreview
|inactive|Battle timer is ON: inactive players will automatically lose when time's up. (requested by saverage215)
|inactive|kyroshero also wants the timer to be on.
|
|t:|1776236424
|teamsize|p1|6
|teamsize|p2|6
|start
|switch|p1a: Ceruledge|Ceruledge, M|100/100
|switch|p2a: Arcanine|Arcanine, F|100/100
|-ability|p2a: Arcanine|Intimidate|boost
|-unboost|p1a: Ceruledge|atk|1
|turn|1
|
|t:|1776236432
|switch|p2a: Suicune|Suicune|100/100
|move|p1a: Ceruledge|Swords Dance|p1a: Ceruledge
|-boost|p1a: Ceruledge|atk|2
|
|upkeep
|turn|2
|
|t:|1776236438
|move|p1a: Ceruledge|Solar Blade||[still]
|-prepare|p1a: Ceruledge|Solar Blade
|move|p2a: Suicune|Scald|p1a: Ceruledge
|-supereffective|p1a: Ceruledge
|-damage|p1a: Ceruledge|16/100
|
|upkeep
|turn|3
|
|t:|1776236443
|move|p1a: Ceruledge|Solar Blade|p2a: Suicune|[from] lockedmove
|-supereffective|p2a: Suicune
|-damage|p2a: Suicune|0 fnt
|faint|p2a: Suicune
|
|upkeep
|
|t:|1776236448
|switch|p2a: Zapdos|Zapdos|100/100
|turn|4
|
|t:|1776236456
|move|p2a: Zapdos|Volt Switch|p1a: Ceruledge
|-damage|p1a: Ceruledge|0 fnt
|faint|p1a: Ceruledge
|
|t:|1776236463
|switch|p2a: Tentacruel|Tentacruel, M, shiny|100/100|[from] Volt Switch
|
|upkeep
|
|t:|1776236468
|switch|p1a: Meowscarada|Meowscarada, F|100/100
|turn|5
|
|t:|1776236484
|move|p1a: Meowscarada|Knock Off|p2a: Tentacruel
|-start|p1a: Meowscarada|typechange|Dark|[from] ability: Protean
|-damage|p2a: Tentacruel|36/100
|-enditem|p2a: Tentacruel|Black Sludge|[from] move: Knock Off|[of] p1a: Meowscarada
|move|p2a: Tentacruel|Toxic Spikes|p1a: Meowscarada
|-sidestart|p1: saverage215|move: Toxic Spikes
|
|upkeep
|turn|6
|
|t:|1776236498
|move|p1a: Meowscarada|Knock Off|p2a: Tentacruel
|-damage|p2a: Tentacruel|0 fnt
|faint|p2a: Tentacruel
|
|upkeep
|
|t:|1776236501
|switch|p2a: Arcanine|Arcanine, F|100/100
|-ability|p2a: Arcanine|Intimidate|boost
|-unboost|p1a: Meowscarada|atk|1
|turn|7
|
|t:|1776236517
|move|p1a: Meowscarada|U-turn|p2a: Arcanine
|-resisted|p2a: Arcanine
|-damage|p2a: Arcanine|92/100
|
|t:|1776236520
|switch|p1a: Articuno|Articuno-Galar|100/100|[from] U-turn
|move|p2a: Arcanine|Will-O-Wisp|p1a: Articuno
|-status|p1a: Articuno|brn
|
|-damage|p1a: Articuno|94/100 brn|[from] brn
|upkeep
|turn|8
|
|t:|1776236531
|switch|p2a: Duraludon|Duraludon, F|100/100
|move|p1a: Articuno|Freezing Glare|p2a: Duraludon
|-resisted|p2a: Duraludon
|-damage|p2a: Duraludon|80/100
|-status|p2a: Duraludon|frz
|
|-damage|p1a: Articuno|88/100 brn|[from] brn
|upkeep
|turn|9
|
|t:|1776236541
|move|p1a: Articuno|Shadow Ball|p2a: Duraludon
|-damage|p2a: Duraludon|53/100 frz
|-curestatus|p2a: Duraludon|frz|[msg]
|move|p2a: Duraludon|Draco Meteor|p1a: Articuno
|-damage|p1a: Articuno|31/100 brn
|-unboost|p2a: Duraludon|spa|2
|
|-damage|p1a: Articuno|24/100 brn|[from] brn
|upkeep
|turn|10
|
|t:|1776236548
|move|p1a: Articuno|Shadow Ball|p2a: Duraludon
|-damage|p2a: Duraludon|29/100
|move|p2a: Duraludon|Body Press|p1a: Articuno
|-resisted|p1a: Articuno
|-damage|p1a: Articuno|17/100 brn
|
|-damage|p1a: Articuno|11/100 brn|[from] brn
|upkeep
|turn|11
|
|t:|1776236553
|move|p1a: Articuno|Shadow Ball|p2a: Duraludon
|-damage|p2a: Duraludon|2/100
|move|p2a: Duraludon|Draco Meteor|p1a: Articuno
|-damage|p1a: Articuno|0 fnt
|-unboost|p2a: Duraludon|spa|2
|faint|p1a: Articuno
|
|upkeep
|
|t:|1776236557
|switch|p1a: Greninja|Greninja, M|100/100
|-status|p1a: Greninja|psn
|turn|12
|
|t:|1776236562
|switch|p2a: Zapdos|Zapdos|100/100
|move|p1a: Greninja|Dark Pulse|p2a: Zapdos
|-damage|p2a: Zapdos|62/100
|
|-damage|p1a: Greninja|88/100 psn|[from] psn
|upkeep
|turn|13
|
|t:|1776236568
|move|p2a: Zapdos|Volt Switch|p1a: Greninja
|-supereffective|p1a: Greninja
|-damage|p1a: Greninja|0 fnt
|faint|p1a: Greninja
|
|t:|1776236571
|switch|p2a: Arcanine|Arcanine, F|92/100|[from] Volt Switch
|
|upkeep
|
|t:|1776236575
|switch|p1a: Gliscor|Gliscor, M|100/100
|turn|14
|
|t:|1776236585
|move|p2a: Arcanine|Will-O-Wisp|p1a: Gliscor
|-status|p1a: Gliscor|brn
|move|p1a: Gliscor|Earthquake|p2a: Arcanine
|-supereffective|p2a: Arcanine
|-damage|p2a: Arcanine|53/100
|
|-damage|p1a: Gliscor|94/100 brn|[from] brn
|upkeep
|turn|15
|
|t:|1776236592
|move|p2a: Arcanine|Morning Sun|p2a: Arcanine
|-heal|p2a: Arcanine|100/100
|move|p1a: Gliscor|Swords Dance|p1a: Gliscor
|-boost|p1a: Gliscor|atk|2
|
|-damage|p1a: Gliscor|88/100 brn|[from] brn
|upkeep
|turn|16
|
|t:|1776236598
|switch|p2a: Articuno|Articuno|100/100
|-ability|p2a: Articuno|Pressure
|move|p1a: Gliscor|Earthquake|p2a: Articuno
|-immune|p2a: Articuno
|
|-damage|p1a: Gliscor|82/100 brn|[from] brn
|upkeep
|turn|17
|
|t:|1776236609
|-terastallize|p1a: Gliscor|Ice
|move|p1a: Gliscor|Facade|p2a: Articuno
|-damage|p2a: Articuno|64/100
|move|p2a: Articuno|Freeze-Dry|p1a: Gliscor
|-resisted|p1a: Gliscor
|-damage|p1a: Gliscor|71/100 brn
|
|-heal|p2a: Articuno|71/100|[from] item: Leftovers
|-damage|p1a: Gliscor|65/100 brn|[from] brn
|upkeep
|turn|18
|
|t:|1776236621
|switch|p2a: Arcanine|Arcanine, F|100/100
|-ability|p2a: Arcanine|Intimidate|boost
|-unboost|p1a: Gliscor|atk|1
|move|p1a: Gliscor|Swords Dance|p1a: Gliscor
|-boost|p1a: Gliscor|atk|2
|
|-damage|p1a: Gliscor|59/100 brn|[from] brn
|upkeep
|turn|19
|
|t:|1776236627
|move|p2a: Arcanine|Flare Blitz|p1a: Gliscor
|-supereffective|p1a: Gliscor
|-damage|p1a: Gliscor|0 fnt
|faint|p1a: Gliscor
|-damage|p2a: Arcanine|79/100|[from] Recoil
|-damage|p2a: Arcanine|69/100|[from] item: Life Orb
|
|upkeep
|
|t:|1776236633
|switch|p1a: Goodra|Goodra-Hisui, F|100/100
|turn|20
|
|t:|1776236637
|move|p2a: Arcanine|Will-O-Wisp|p1a: Goodra
|-status|p1a: Goodra|brn
|move|p1a: Goodra|Body Press|p2a: Arcanine
|-damage|p2a: Arcanine|58/100
|
|-damage|p1a: Goodra|94/100 brn|[from] brn
|upkeep
|turn|21
|
|t:|1776236648
|switch|p2a: Zapdos|Zapdos|62/100
|move|p1a: Goodra|Ice Beam|p2a: Zapdos
|-supereffective|p2a: Zapdos
|-damage|p2a: Zapdos|19/100
|
|-damage|p1a: Goodra|88/100 brn|[from] brn
|upkeep
|turn|22
|
|t:|1776236656
|move|p2a: Zapdos|Thunderbolt|p1a: Goodra
|-resisted|p1a: Goodra
|-damage|p1a: Goodra|79/100 brn
|move|p1a: Goodra|Ice Beam|p2a: Zapdos
|-supereffective|p2a: Zapdos
|-damage|p2a: Zapdos|0 fnt
|faint|p2a: Zapdos
|
|-damage|p1a: Goodra|73/100 brn|[from] brn
|upkeep
|
|t:|1776236659
|switch|p2a: Duraludon|Duraludon, F|2/100
|turn|23
|
|t:|1776236666
|move|p1a: Goodra|Flamethrower|p2a: Duraludon
|-damage|p2a: Duraludon|0 fnt
|faint|p2a: Duraludon
|
|-damage|p1a: Goodra|67/100 brn|[from] brn
|upkeep
|
|t:|1776236670
|switch|p2a: Arcanine|Arcanine, F|58/100
|-ability|p2a: Arcanine|Intimidate|boost
|-unboost|p1a: Goodra|atk|1
|turn|24
|
|t:|1776236675
|move|p2a: Arcanine|Flare Blitz|p1a: Goodra
|-damage|p1a: Goodra|0 fnt
|faint|p1a: Goodra
|-damage|p2a: Arcanine|33/100|[from] Recoil
|-damage|p2a: Arcanine|23/100|[from] item: Life Orb
|
|upkeep
|
|t:|1776236679
|switch|p1a: Meowscarada|Meowscarada, F|100/100
|-status|p1a: Meowscarada|psn
|turn|25
|
|t:|1776236684
|move|p2a: Arcanine|Extreme Speed|p1a: Meowscarada
|-damage|p1a: Meowscarada|48/100 psn
|-damage|p2a: Arcanine|13/100|[from] item: Life Orb
|move|p1a: Meowscarada|Knock Off|p2a: Arcanine
|-start|p1a: Meowscarada|typechange|Dark|[from] ability: Protean
|-damage|p2a: Arcanine|0 fnt
|-enditem|p2a: Arcanine|Life Orb|[from] move: Knock Off|[of] p1a: Meowscarada
|faint|p2a: Arcanine
|
|-damage|p1a: Meowscarada|36/100 psn|[from] psn
|upkeep
|
|t:|1776236687
|switch|p2a: Articuno|Articuno|71/100
|-ability|p2a: Articuno|Pressure
|turn|26
|
|t:|1776236693
|-terastallize|p2a: Articuno|Steel
|move|p1a: Meowscarada|Sucker Punch|p2a: Articuno
|-damage|p2a: Articuno|48/100
|move|p2a: Articuno|Freeze-Dry|p1a: Meowscarada
|-damage|p1a: Meowscarada|2/100 psn
|
|-heal|p2a: Articuno|55/100|[from] item: Leftovers
|-damage|p1a: Meowscarada|0 fnt|[from] psn
|faint|p1a: Meowscarada
|
|win|kyroshero
|raw|saverage215's rating: 1086 &rarr; <strong>1063</strong><br />(-23 for losing)
|raw|kyroshero's rating: 1090 &rarr; <strong>1116</strong><br />(+26 for winning)
|l|☆saverage215
|player|p1|
