|html|<div class="broadcast-blue"><strong>[Gen 9] OU is currently suspecting Tera Blast! For information on how to participate check out the <a href="https://www.smogon.com/tools/suspects/view/200">suspect thread</a>.</strong></div>
|j|☆ming nao
|j|☆garchap21
|t:|1776038480
|gametype|singles
|player|p1|ming nao|lance|1075
|player|p2|garchap21|1|1060
|gen|9
|tier|[Gen 9] OU
|rated|
|rule|HP Percentage Mod: HP is shown in percentages
|rule|Endless Battle Clause: Forcing endless battles is banned
|rule|Species Clause: Limit one of each Pokémon
|rule|OHKO Clause: OHKO moves are banned
|rule|Evasion Items Clause: Evasion items are banned
|rule|Evasion Moves Clause: Evasion moves are banned
|rule|Evasion Abilities Clause: Evasion abilities are banned
|rule|Sleep Moves Clause: Sleep-inducing moves are banned
|clearpoke
|poke|p1|Zangoose, M|
|poke|p1|Metagross|
|poke|p1|Lilligant-Hisui, F|
|poke|p1|Dugtrio, M|
|poke|p1|Mandibuzz, F|
|poke|p1|Sylveon, F|
|poke|p2|Luxray, F|
|poke|p2|Gardevoir, F|
|poke|p2|Kingambit, M|
|poke|p2|Dragapult, M|
|poke|p2|Iron Moth|
|poke|p2|Hawlucha, M|
|teampreview
|inactive|Battle timer is ON: inactive players will automatically lose when time's up. (requested by garchap21)
|
|t:|1776038514
|teamsize|p1|6
|teamsize|p2|6
|start
|switch|p1a: Dugtrio|Dugtrio, M|100/100
|switch|p2a: Luxray|Luxray, F, shiny|100/100
|turn|1
|
|t:|1776038535
|move|p2a: Luxray|Protect|p2a: Luxray
|-singleturn|p2a: Luxray|Protect
|move|p1a: Dugtrio|Earthquake|p2a: Luxray
|-activate|p2a: Luxray|move: Protect
|
|-status|p2a: Luxray|brn|[from] item: Flame Orb
|upkeep
|turn|2
|inactive|garchap21 has 120 seconds left.
|
|t:|1776038557
|switch|p2a: Hawlucha|Hawlucha, M|100/100
|-ability|p2a: Hawlucha|Mold Breaker
|move|p1a: Dugtrio|Stone Edge|p2a: Hawlucha
|-damage|p2a: Hawlucha|60/100
|
|upkeep
|turn|3
|inactive|garchap21 has 120 seconds left.
|
|t:|1776038570
|switch|p1a: Sylveon|Sylveon, F|100/100
|move|p2a: Hawlucha|Sky Attack||[still]
|-prepare|p2a: Hawlucha|Sky Attack
|-enditem|p2a: Hawlucha|Power Herb
|-anim|p2a: Hawlucha|Sky Attack|p1a: Sylveon
|-damage|p1a: Sylveon|28/100
|
|-heal|p1a: Sylveon|35/100|[from] item: Leftovers
|upkeep
|turn|4
|inactive|garchap21 has 120 seconds left.
|
|t:|1776038585
|move|p2a: Hawlucha|Acrobatics|p1a: Sylveon
|-damage|p1a: Sylveon|0 fnt
|faint|p1a: Sylveon
|
|upkeep
|
|t:|1776038590
|switch|p1a: Metagross|Metagross|100/100
|turn|5
|
|t:|1776038600
|-singleturn|p2a: Hawlucha|move: Focus Punch
|move|p1a: Metagross|Agility|p1a: Metagross
|-boost|p1a: Metagross|spe|2
|move|p2a: Hawlucha|Focus Punch|p1a: Metagross
|-damage|p1a: Metagross|50/100
|
|-heal|p1a: Metagross|56/100|[from] item: Leftovers
|upkeep
|turn|6
|inactive|garchap21 has 120 seconds left.
|
|t:|1776038639
|move|p1a: Metagross|Psychic Fangs|p2a: Hawlucha
|-supereffective|p2a: Hawlucha
|-damage|p2a: Hawlucha|0 fnt
|faint|p2a: Hawlucha
|
|-heal|p1a: Metagross|62/100|[from] item: Leftovers
|upkeep
|
|t:|1776038644
|switch|p2a: Dragapult|Dragapult, M, shiny|100/100
|turn|7
|
|t:|1776038651
|-terastallize|p1a: Metagross|Steel
|move|p2a: Dragapult|Shadow Ball|p1a: Metagross
|-damage|p1a: Metagross|26/100
|-damage|p2a: Dragapult|91/100|[from] item: Life Orb
|move|p1a: Metagross|Psychic Fangs|p2a: Dragapult
|-damage|p2a: Dragapult|32/100
|
|-heal|p1a: Metagross|32/100|[from] item: Leftovers
|upkeep
|turn|8
|inactive|garchap21 has 120 seconds left.
|
|t:|1776038675
|move|p1a: Metagross|Bullet Punch|p2a: Dragapult
|-damage|p2a: Dragapult|0 fnt
|faint|p2a: Dragapult
|
|-heal|p1a: Metagross|38/100|[from] item: Leftovers
|upkeep
|
|t:|1776038679
|switch|p2a: Kingambit|Kingambit, M|100/100
|turn|9
|
|t:|1776038692
|switch|p1a: Dugtrio|Dugtrio, M|100/100
|move|p2a: Kingambit|Swords Dance|p2a: Kingambit
|-boost|p2a: Kingambit|atk|2
|
|upkeep
|turn|10
|
|t:|1776038698
|move|p1a: Dugtrio|Memento|p2a: Kingambit
|-unboost|p2a: Kingambit|atk|2
|-ability|p2a: Kingambit|Defiant|boost
|-boost|p2a: Kingambit|atk|2
|-unboost|p2a: Kingambit|spa|2
|-ability|p2a: Kingambit|Defiant|boost
|-boost|p2a: Kingambit|atk|2
|faint|p1a: Dugtrio
|move|p2a: Kingambit|Iron Head|p1: Dugtrio|[notarget]
|-fail|p2a: Kingambit
|
|upkeep
|
|t:|1776038705
|switch|p1a: Mandibuzz|Mandibuzz, F|100/100
|turn|11
|
|t:|1776038712
|move|p2a: Kingambit|Iron Head|p1a: Mandibuzz
|-damage|p1a: Mandibuzz|5/100
|move|p1a: Mandibuzz|Whirlwind|p2a: Kingambit
|drag|p2a: Gardevoir|Gardevoir, F|100/100
|
|-heal|p1a: Mandibuzz|11/100|[from] item: Leftovers
|upkeep
|turn|12
|
|t:|1776038726
|move|p2a: Gardevoir|Mystical Fire|p1a: Mandibuzz
|-damage|p1a: Mandibuzz|0 fnt
|faint|p1a: Mandibuzz
|-damage|p2a: Gardevoir|91/100|[from] item: Life Orb
|
|upkeep
|
|t:|1776038732
|switch|p1a: Zangoose|Zangoose, M|100/100
|turn|13
|
|t:|1776038740
|move|p2a: Gardevoir|Psychic|p1a: Zangoose
|-damage|p1a: Zangoose|10/100
|-damage|p2a: Gardevoir|81/100|[from] item: Life Orb
|move|p1a: Zangoose|Agility|p1a: Zangoose
|-boost|p1a: Zangoose|spe|2
|
|-status|p1a: Zangoose|tox|[from] item: Toxic Orb
|upkeep
|turn|14
|
|t:|1776038746
|move|p1a: Zangoose|Facade|p2a: Gardevoir
|-damage|p2a: Gardevoir|0 fnt
|faint|p2a: Gardevoir
|
|-damage|p1a: Zangoose|4/100 tox|[from] psn
|upkeep
|
|t:|1776038767
|switch|p2a: Iron Moth|Iron Moth|100/100
|-enditem|p2a: Iron Moth|Booster Energy
|-activate|p2a: Iron Moth|ability: Quark Drive|[fromitem]
|-start|p2a: Iron Moth|quarkdrivespa
|turn|15
|
|t:|1776038772
|move|p1a: Zangoose|Facade|p2a: Iron Moth
|-damage|p2a: Iron Moth|0 fnt
|faint|p2a: Iron Moth
|-end|p2a: Iron Moth|Quark Drive|[silent]
|
|-damage|p1a: Zangoose|0 fnt|[from] psn
|faint|p1a: Zangoose
|upkeep
|
|t:|1776038792
|switch|p2a: Luxray|Luxray, F, shiny|100/100 brn
|switch|p1a: Lilligant|Lilligant-Hisui, F|100/100
|turn|16
|
|t:|1776038802
|move|p1a: Lilligant|Leaf Blade|p2a: Luxray
|-damage|p2a: Luxray|39/100 brn
|move|p2a: Luxray|Ice Fang|p1a: Lilligant
|-supereffective|p1a: Lilligant
|-enditem|p1a: Lilligant|Focus Sash
|-damage|p1a: Lilligant|1/100
|
|-damage|p2a: Luxray|33/100 brn|[from] brn
|upkeep
|turn|17
|
|t:|1776038815
|move|p1a: Lilligant|Leaf Blade|p2a: Luxray
|-damage|p2a: Luxray|0 fnt
|faint|p2a: Luxray
|
|upkeep
|
|t:|1776038817
|switch|p2a: Kingambit|Kingambit, M|100/100
|turn|18
|
|t:|1776038821
|move|p1a: Lilligant|Close Combat|p2a: Kingambit
|-supereffective|p2a: Kingambit
|-damage|p2a: Kingambit|0 fnt
|-unboost|p1a: Lilligant|def|1
|-unboost|p1a: Lilligant|spd|1
|-damage|p1a: Lilligant|0 fnt|[from] item: Rocky Helmet|[of] p2a: Kingambit
|faint|p2a: Kingambit
|faint|p1a: Lilligant
|
|win|ming nao
|raw|ming nao's rating: 1075 &rarr; <strong>1103</strong><br />(+28 for winning)
|raw|garchap21's rating: 1060 &rarr; <strong>1042</strong><br />(-18 for losing)
|c|☆garchap21|gg
|l|☆garchap21
|player|p2|
|c|☆ming nao|gg
