|html|<div class="broadcast-blue"><strong>[Gen 9] OU is currently suspecting Tera Blast! For information on how to participate check out the <a href="https://www.smogon.com/tools/suspects/view/200">suspect thread</a>.</strong></div>
|j|☆DIGIWAYNE123
|j|☆mymicisasian
|t:|1776353150
|gametype|singles
|player|p1|DIGIWAYNE123|swimmerf-gen4|1388
|player|p2|mymicisasian|265|1409
|gen|9
|tier|[Gen 9] OU
|rated|
|rule|HP Percentage Mod: HP is shown in percentages
|rule|Endless Battle Clause: Forcing endless battles is banned
|rule|Species Clause: Limit one of each Pokémon
|rule|OHKO Clause: OHKO moves are banned
|rule|Evasion Items Clause: Evasion items are banned
|rule|Evasion Moves Clause: Evasion moves are banned
|rule|Evasion Abilities Clause: Evasion abilities are banned
|rule|Sleep Moves Clause: Sleep-inducing moves are banned
|clearpoke
|poke|p1|Alomomola, M|
|poke|p1|Great Tusk|
|poke|p1|Florges, F|
|poke|p1|Zoroark-Hisui, F|
|poke|p1|Weezing-Galar, F|
|poke|p1|Dragapult, F|
|poke|p2|Dragapult, F|
|poke|p2|Gholdengo|
|poke|p2|Kingambit, F|
|poke|p2|Ogerpon-Wellspring, F|
|poke|p2|Weezing-Galar, M|
|poke|p2|Ting-Lu|
|teampreview
|
|t:|1776353172
|teamsize|p1|6
|teamsize|p2|6
|start
|switch|p1a: Weezing|Weezing-Galar, F|100/100
|switch|p2a: Gholdengo|Gholdengo|100/100
|-ability|p1a: Weezing|Neutralizing Gas
|turn|1
|inactive|Battle timer is ON: inactive players will automatically lose when time's up. (requested by DIGIWAYNE123)
|
|t:|1776353180
|-end|p1a: Weezing|ability: Neutralizing Gas
|switch|p1a: Alomomola|Alomomola, M|100/100
|move|p2a: Gholdengo|Shadow Ball|p1a: Alomomola
|-damage|p1a: Alomomola|68/100
|-unboost|p1a: Alomomola|spd|1
|
|upkeep
|turn|2
|
|t:|1776353186
|switch|p2a: Weezing|Weezing-Galar, M|100/100
|-ability|p2a: Weezing|Neutralizing Gas
|move|p1a: Alomomola|Flip Turn|p2a: Weezing
|-damage|p2a: Weezing|90/100
|
|t:|1776353189
|switch|p1a: Florges|Florges, F|100/100|[from] Flip Turn
|
|upkeep
|turn|3
|
|t:|1776353194
|-end|p2a: Weezing|ability: Neutralizing Gas
|switch|p2a: Ting-Lu|Ting-Lu|100/100
|-ability|p2a: Ting-Lu|Vessel of Ruin
|move|p1a: Florges|Psychic Noise|p2a: Ting-Lu
|-immune|p2a: Ting-Lu
|
|upkeep
|turn|4
|
|t:|1776353202
|move|p1a: Florges|Moonblast|p2a: Ting-Lu
|-supereffective|p2a: Ting-Lu
|-damage|p2a: Ting-Lu|60/100
|move|p2a: Ting-Lu|Ruination|p1a: Florges
|-damage|p1a: Florges|50/100
|
|-heal|p2a: Ting-Lu|66/100|[from] item: Leftovers
|upkeep
|turn|5
|
|t:|1776353207
|move|p1a: Florges|Moonblast|p2a: Ting-Lu
|-supereffective|p2a: Ting-Lu
|-damage|p2a: Ting-Lu|26/100
|-unboost|p2a: Ting-Lu|spa|1
|move|p2a: Ting-Lu|Spikes|p1a: Florges
|-sidestart|p1: DIGIWAYNE123|Spikes
|
|-heal|p2a: Ting-Lu|32/100|[from] item: Leftovers
|upkeep
|turn|6
|
|t:|1776353224
|move|p1a: Florges|Moonblast|p2a: Ting-Lu
|-supereffective|p2a: Ting-Lu
|-damage|p2a: Ting-Lu|0 fnt
|faint|p2a: Ting-Lu
|
|upkeep
|
|t:|1776353225
|switch|p2a: Gholdengo|Gholdengo|100/100
|turn|7
|
|t:|1776353228
|switch|p1a: Alomomola|Alomomola, M|68/100
|move|p2a: Gholdengo|Trick|p1a: Alomomola
|-activate|p2a: Gholdengo|move: Trick|[of] p1a: Alomomola
|-item|p1a: Alomomola|Choice Scarf|[from] move: Trick
|-item|p2a: Gholdengo|Heavy-Duty Boots|[from] move: Trick
|
|upkeep
|turn|8
|
|t:|1776353235
|move|p2a: Gholdengo|Shadow Ball|p1a: Alomomola
|-damage|p1a: Alomomola|32/100
|move|p1a: Alomomola|Wish|p1a: Alomomola
|
|upkeep
|turn|9
|
|t:|1776353246
|switch|p1a: Florges|Florges, F|50/100
|-damage|p1a: Florges|38/100|[from] Spikes
|move|p2a: Gholdengo|Make It Rain|p1a: Florges
|-supereffective|p1a: Florges
|-crit|p1a: Florges
|-damage|p1a: Florges|0 fnt
|-unboost|p2a: Gholdengo|spa|1
|faint|p1a: Florges
|
|upkeep
|
|t:|1776353256
|switch|p1a: Great Tusk|Great Tusk|100/100
|-damage|p1a: Great Tusk|88/100|[from] Spikes
|-enditem|p1a: Great Tusk|Booster Energy
|-activate|p1a: Great Tusk|ability: Protosynthesis|[fromitem]
|-start|p1a: Great Tusk|protosynthesisspe
|turn|10
|
|t:|1776353265
|switch|p2a: Ogerpon|Ogerpon-Wellspring, F|100/100
|move|p1a: Great Tusk|Bulk Up|p1a: Great Tusk
|-boost|p1a: Great Tusk|atk|1
|-boost|p1a: Great Tusk|def|1
|
|upkeep
|turn|11
|
|t:|1776353270
|move|p1a: Great Tusk|Close Combat|p2a: Ogerpon
|-damage|p2a: Ogerpon|0 fnt
|-unboost|p1a: Great Tusk|def|1
|-unboost|p1a: Great Tusk|spd|1
|faint|p2a: Ogerpon
|
|upkeep
|
|t:|1776353277
|switch|p2a: Weezing|Weezing-Galar, M|90/100
|-ability|p2a: Weezing|Neutralizing Gas
|turn|12
|
|t:|1776353279
|-terastallize|p2a: Weezing|Flying
|move|p1a: Great Tusk|Headlong Rush|p2a: Weezing
|-immune|p2a: Weezing
|move|p2a: Weezing|Will-O-Wisp|p1a: Great Tusk
|-status|p1a: Great Tusk|brn
|
|-damage|p1a: Great Tusk|82/100 brn|[from] brn
|upkeep
|turn|13
|
|t:|1776353284
|-end|p1a: Great Tusk|Protosynthesis|[silent]
|switch|p1a: Weezing|Weezing-Galar, F|100/100
|-ability|p1a: Weezing|Neutralizing Gas
|-damage|p1a: Weezing|88/100|[from] Spikes
|move|p2a: Weezing|Sludge Bomb|p1a: Weezing
|-damage|p1a: Weezing|52/100
|
|-heal|p1a: Weezing|58/100|[from] item: Leftovers
|upkeep
|turn|14
|
|t:|1776353286
|move|p1a: Weezing|Defog|p2a: Weezing
|-unboost|p2a: Weezing|evasion|1
|-sideend|p1: DIGIWAYNE123|Spikes|[from] move: Defog|[of] p1a: Weezing
|move|p2a: Weezing|Sludge Bomb|p1a: Weezing
|-damage|p1a: Weezing|23/100
|
|-heal|p1a: Weezing|29/100|[from] item: Leftovers
|upkeep
|turn|15
|
|t:|1776353291
|move|p1a: Weezing|Flamethrower|p2a: Weezing
|-damage|p2a: Weezing|63/100
|move|p2a: Weezing|Sludge Bomb|p1a: Weezing
|-damage|p1a: Weezing|0 fnt
|faint|p1a: Weezing
|
|upkeep
|
|t:|1776353293
|switch|p1a: Alomomola|Alomomola, M|65/100
|turn|16
|
|t:|1776353297
|move|p1a: Alomomola|Healing Wish|p1a: Alomomola
|faint|p1a: Alomomola
|move|p2a: Weezing|Pain Split|p1: Alomomola|[notarget]
|-fail|p2a: Weezing
|
|upkeep
|
|t:|1776353307
|switch|p1a: Zoroark|Zoroark-Hisui, F|100/100
|turn|17
|
|t:|1776353316
|-end|p2a: Weezing|ability: Neutralizing Gas
|switch|p2a: Gholdengo|Gholdengo|100/100
|move|p1a: Zoroark|Shadow Ball|p2a: Gholdengo
|-supereffective|p2a: Gholdengo
|-damage|p2a: Gholdengo|5/100
|-unboost|p2a: Gholdengo|spd|1
|
|upkeep
|turn|18
|
|t:|1776353319
|move|p1a: Zoroark|Shadow Ball|p2a: Gholdengo
|-supereffective|p2a: Gholdengo
|-damage|p2a: Gholdengo|0 fnt
|faint|p2a: Gholdengo
|
|upkeep
|
|t:|1776353322
|switch|p2a: Kingambit|Kingambit, F|100/100
|-activate|p2a: Kingambit|ability: Supreme Overlord
|-start|p2a: Kingambit|fallen3|[silent]
|turn|19
|
|t:|1776353326
|-terastallize|p1a: Zoroark|Fighting
|move|p1a: Zoroark|Tera Blast|p2a: Kingambit|[anim] Tera Blast Fighting
|-supereffective|p2a: Kingambit
|-damage|p2a: Kingambit|0 fnt
|faint|p2a: Kingambit
|-end|p2a: Kingambit|fallen3|[silent]
|
|upkeep
|
|t:|1776353332
|switch|p2a: Dragapult|Dragapult, F|100/100
|turn|20
|
|t:|1776353334
|move|p2a: Dragapult|Shadow Ball|p1a: Zoroark
|-enditem|p1a: Zoroark|Focus Sash
|-damage|p1a: Zoroark|1/100
|move|p1a: Zoroark|Shadow Ball|p2a: Dragapult
|-supereffective|p2a: Dragapult
|-damage|p2a: Dragapult|0 fnt
|faint|p2a: Dragapult
|
|upkeep
|
|t:|1776353337
|switch|p2a: Weezing|Weezing-Galar, M, tera:Flying|63/100
|-ability|p2a: Weezing|Neutralizing Gas
|turn|21
|-message|mymicisasian forfeited.
|
|win|DIGIWAYNE123
|raw|DIGIWAYNE123's rating: 1388 &rarr; <strong>1409</strong><br />(+21 for winning)
|raw|mymicisasian's rating: 1409 &rarr; <strong>1388</strong><br />(-21 for losing)
