|html|<div class="broadcast-blue"><strong>[Gen 9] OU is currently suspecting Volcarona! For information on how to participate check out the <a href="https://www.smogon.com/tools/suspects/view/208">suspect thread</a>.</strong></div>
|j|☆ecloudie
|j|☆randomguy606060
|t:|1778516703
|gametype|singles
|player|p1|ecloudie|biker-gen4|1185
|player|p2|randomguy606060|265|1218
|gen|9
|tier|[Gen 9] OU
|rated|
|rule|HP Percentage Mod: HP is shown in percentages
|rule|Endless Battle Clause: Forcing endless battles is banned
|rule|Species Clause: Limit one of each Pokémon
|rule|OHKO Clause: OHKO moves are banned
|rule|Evasion Items Clause: Evasion items are banned
|rule|Evasion Moves Clause: Evasion moves are banned
|rule|Evasion Abilities Clause: Evasion abilities are banned
|rule|Sleep Moves Clause: Sleep-inducing moves are banned
|clearpoke
|poke|p1|Gengar, M|
|poke|p1|Venusaur, M|
|poke|p1|Feraligatr, M|
|poke|p1|Pelipper, F|
|poke|p1|Donphan, F|
|poke|p1|Dragonite, M|
|poke|p2|Weezing-Galar, F|
|poke|p2|Lokix, F|
|poke|p2|Hydrapple, M|
|poke|p2|Corviknight, F|
|poke|p2|Slowking-Galar, M|
|poke|p2|Alomomola, M|
|teampreview
|inactive|Battle timer is ON: inactive players will automatically lose when time's up. (requested by randomguy606060)
|
|t:|1778516707
|teamsize|p1|6
|teamsize|p2|6
|start
|switch|p1a: Gengar|Gengar, M, shiny|100/100
|switch|p2a: Alomomola|Alomomola, M|100/100
|turn|1
|
|t:|1778516713
|move|p1a: Gengar|Thunder|p2a: Alomomola
|-supereffective|p2a: Alomomola
|-damage|p2a: Alomomola|65/100
|move|p2a: Alomomola|Flip Turn|p1a: Gengar
|-damage|p1a: Gengar|65/100
|-start|p2a: Alomomola|Disable|Flip Turn|[from] ability: Cursed Body|[of] p1a: Gengar
|
|t:|1778516726
|switch|p2a: Lokix|Lokix, F|100/100|[from] Flip Turn
|
|upkeep
|turn|2
|
|t:|1778516732
|switch|p1a: Donphan|Donphan, F|100/100
|move|p2a: Lokix|Sucker Punch||[still]
|-fail|p2a: Lokix
|
|upkeep
|turn|3
|
|t:|1778516739
|switch|p2a: Hydrapple|Hydrapple, M|100/100
|move|p1a: Donphan|Stealth Rock|p2a: Hydrapple
|-sidestart|p2: randomguy606060|move: Stealth Rock
|
|upkeep
|turn|4
|
|t:|1778516750
|move|p1a: Donphan|Ice Shard|p2a: Hydrapple
|-supereffective|p2a: Hydrapple
|-damage|p2a: Hydrapple|76/100
|move|p2a: Hydrapple|Fickle Beam|p1a: Donphan|[anim] Fickle Beam All Out
|-activate|p2a: Hydrapple|move: Fickle Beam
|-damage|p1a: Donphan|38/100
|
|upkeep
|turn|5
|
|t:|1778516764
|switch|p1a: Pelipper|Pelipper, F|100/100
|-weather|RainDance|[from] ability: Drizzle|[of] p1a: Pelipper
|switch|p2a: Corviknight|Corviknight, F|100/100
|-damage|p2a: Corviknight|88/100|[from] Stealth Rock
|-ability|p2a: Corviknight|Pressure
|
|-weather|RainDance|[upkeep]
|upkeep
|turn|6
|
|t:|1778516790
|switch|p2a: Slowking|Slowking-Galar, M|100/100
|move|p1a: Pelipper|Knock Off|p2a: Slowking
|-supereffective|p2a: Slowking
|-damage|p2a: Slowking|75/100
|-enditem|p2a: Slowking|Heavy-Duty Boots|[from] move: Knock Off|[of] p1a: Pelipper
|
|-weather|RainDance|[upkeep]
|upkeep
|turn|7
|
|t:|1778516808
|move|p1a: Pelipper|U-turn|p2a: Slowking
|-damage|p2a: Slowking|65/100
|
|t:|1778516812
|switch|p1a: Venusaur|Venusaur, M|100/100|[from] U-turn
|-prepare|p2a: Slowking|Chilly Reception|[premajor]
|move|p2a: Slowking|Chilly Reception|p2a: Slowking
|-weather|Snowscape
|inactive|randomguy606060 has 120 seconds left.
|
|t:|1778516839
|switch|p2a: Weezing|Weezing-Galar, F|100/100|[from] Chilly Reception
|-ability|p2a: Weezing|Neutralizing Gas
|
|-weather|Snowscape|[upkeep]
|upkeep
|turn|8
|
|t:|1778516847
|move|p1a: Venusaur|Swords Dance|p1a: Venusaur
|-boost|p1a: Venusaur|atk|2
|move|p2a: Weezing|Defog|p1a: Venusaur
|-unboost|p1a: Venusaur|evasion|1
|-sideend|p2: randomguy606060|Stealth Rock|[from] move: Defog|[of] p2a: Weezing
|
|-weather|Snowscape|[upkeep]
|upkeep
|turn|9
|
|t:|1778516855
|-end|p2a: Weezing|ability: Neutralizing Gas
|switch|p2a: Corviknight|Corviknight, F|88/100
|-ability|p2a: Corviknight|Pressure
|move|p1a: Venusaur|Swords Dance|p1a: Venusaur
|-boost|p1a: Venusaur|atk|2
|
|-weather|Snowscape|[upkeep]
|upkeep
|turn|10
|
|t:|1778516866
|move|p1a: Venusaur|Power Whip|p2a: Corviknight
|-resisted|p2a: Corviknight
|-damage|p2a: Corviknight|66/100
|-damage|p1a: Venusaur|84/100|[from] item: Rocky Helmet|[of] p2a: Corviknight
|move|p2a: Corviknight|Iron Defense|p2a: Corviknight
|-boost|p2a: Corviknight|def|2
|
|-weather|Snowscape|[upkeep]
|-heal|p1a: Venusaur|90/100|[from] item: Black Sludge
|upkeep
|turn|11
|
|t:|1778516879
|move|p1a: Venusaur|Power Whip|p2a: Corviknight
|-resisted|p2a: Corviknight
|-damage|p2a: Corviknight|56/100
|-damage|p1a: Venusaur|73/100|[from] item: Rocky Helmet|[of] p2a: Corviknight
|move|p2a: Corviknight|Roost|p2a: Corviknight
|-heal|p2a: Corviknight|100/100
|-singleturn|p2a: Corviknight|move: Roost
|
|-weather|none
|-heal|p1a: Venusaur|79/100|[from] item: Black Sludge
|upkeep
|turn|12
|inactive|randomguy606060 has 120 seconds left.
|inactive|randomguy606060 has 90 seconds left.
|
|t:|1778516941
|switch|p1a: Dragonite|Dragonite, M|100/100
|move|p2a: Corviknight|Brave Bird|p1a: Dragonite
|-damage|p1a: Dragonite|82/100
|-damage|p2a: Corviknight|95/100|[from] Recoil
|
|upkeep
|turn|13
|
|t:|1778516951
|move|p1a: Dragonite|Agility|p1a: Dragonite
|-boost|p1a: Dragonite|spe|2
|move|p2a: Corviknight|U-turn|p1a: Dragonite
|-resisted|p1a: Dragonite
|-damage|p1a: Dragonite|75/100
|
|t:|1778516961
|switch|p2a: Weezing|Weezing-Galar, F|100/100|[from] U-turn
|-ability|p2a: Weezing|Neutralizing Gas
|
|upkeep
|turn|14
|
|t:|1778516967
|-terastallize|p1a: Dragonite|Water
|move|p1a: Dragonite|Surf|p2a: Weezing
|-damage|p2a: Weezing|47/100
|move|p2a: Weezing|Will-O-Wisp|p1a: Dragonite
|-status|p1a: Dragonite|brn
|
|-damage|p1a: Dragonite|68/100 brn|[from] brn
|upkeep
|turn|15
|
|t:|1778516978
|-end|p2a: Weezing|ability: Neutralizing Gas
|switch|p2a: Alomomola|Alomomola, M|99/100
|move|p1a: Dragonite|Surf|p2a: Alomomola
|-resisted|p2a: Alomomola
|-damage|p2a: Alomomola|86/100
|
|-damage|p1a: Dragonite|62/100 brn|[from] brn
|upkeep
|turn|16
|inactive|randomguy606060 has 120 seconds left.
|
|t:|1778516990
|move|p1a: Dragonite|Hurricane|p2a: Alomomola|[miss]
|-miss|p1a: Dragonite|p2a: Alomomola
|move|p2a: Alomomola|Flip Turn|p1a: Dragonite
|-resisted|p1a: Dragonite
|-damage|p1a: Dragonite|53/100 brn
|
|t:|1778516994
|switch|p2a: Slowking|Slowking-Galar, M|98/100|[from] Flip Turn
|
|-damage|p1a: Dragonite|47/100 brn|[from] brn
|upkeep
|turn|17
|
|t:|1778517002
|move|p1a: Dragonite|Surf|p2a: Slowking
|-damage|p2a: Slowking|74/100
|-prepare|p2a: Slowking|Chilly Reception|[premajor]
|move|p2a: Slowking|Chilly Reception|p2a: Slowking
|-weather|Snowscape
|
|t:|1778517005
|switch|p2a: Lokix|Lokix, F|100/100|[from] Chilly Reception
|
|-weather|Snowscape|[upkeep]
|-damage|p1a: Dragonite|41/100 brn|[from] brn
|upkeep
|turn|18
|
|t:|1778517014
|move|p2a: Lokix|First Impression|p1a: Dragonite
|-damage|p1a: Dragonite|0 fnt
|faint|p1a: Dragonite
|
|-weather|Snowscape|[upkeep]
|upkeep
|
|t:|1778517021
|switch|p1a: Feraligatr|Feraligatr, M|100/100
|turn|19
|
|t:|1778517031
|switch|p2a: Hydrapple|Hydrapple, M|100/100
|move|p1a: Feraligatr|Dragon Dance|p1a: Feraligatr
|-boost|p1a: Feraligatr|atk|1
|-boost|p1a: Feraligatr|spe|1
|
|-weather|Snowscape|[upkeep]
|upkeep
|turn|20
|
|t:|1778517039
|move|p1a: Feraligatr|Ice Punch|p2a: Hydrapple
|-supereffective|p2a: Hydrapple
|-damage|p2a: Hydrapple|0 fnt
|faint|p2a: Hydrapple
|
|-weather|Snowscape|[upkeep]
|upkeep
|
|t:|1778517043
|switch|p2a: Lokix|Lokix, F|100/100
|turn|21
|
|t:|1778517057
|-terastallize|p2a: Lokix|Bug
|move|p2a: Lokix|First Impression|p1a: Feraligatr
|-damage|p1a: Feraligatr|0 fnt
|faint|p1a: Feraligatr
|
|-weather|none
|upkeep
|
|t:|1778517066
|switch|p1a: Pelipper|Pelipper, F|100/100
|-weather|RainDance|[from] ability: Drizzle|[of] p1a: Pelipper
|turn|22
|
|t:|1778517087
|switch|p2a: Slowking|Slowking-Galar, M|100/100
|move|p1a: Pelipper|Hurricane|p2a: Slowking
|-damage|p2a: Slowking|79/100
|
|-weather|RainDance|[upkeep]
|upkeep
|turn|23
|
|t:|1778517096
|move|p1a: Pelipper|Knock Off|p2a: Slowking
|-supereffective|p2a: Slowking
|-damage|p2a: Slowking|63/100
|-prepare|p2a: Slowking|Chilly Reception|[premajor]
|move|p2a: Slowking|Chilly Reception|p2a: Slowking
|-weather|Snowscape
|
|t:|1778517103
|switch|p2a: Alomomola|Alomomola, M|100/100|[from] Chilly Reception
|
|-weather|Snowscape|[upkeep]
|upkeep
|turn|24
|
|t:|1778517132
|move|p1a: Pelipper|U-turn|p2a: Alomomola
|-damage|p2a: Alomomola|94/100
|
|t:|1778517135
|switch|p1a: Venusaur|Venusaur, M|79/100|[from] U-turn
|move|p2a: Alomomola|Scald|p1a: Venusaur
|-resisted|p1a: Venusaur
|-damage|p1a: Venusaur|71/100
|
|-weather|Snowscape|[upkeep]
|-heal|p1a: Venusaur|77/100|[from] item: Black Sludge
|upkeep
|turn|25
|
|t:|1778517152
|move|p1a: Venusaur|Swords Dance|p1a: Venusaur
|-boost|p1a: Venusaur|atk|2
|move|p2a: Alomomola|Mirror Coat||[still]
|-fail|p2a: Alomomola
|
|-weather|Snowscape|[upkeep]
|-heal|p1a: Venusaur|83/100|[from] item: Black Sludge
|upkeep
|turn|26
|
|t:|1778517161
|switch|p2a: Corviknight|Corviknight, F|95/100
|-ability|p2a: Corviknight|Pressure
|move|p1a: Venusaur|Swords Dance|p1a: Venusaur
|-boost|p1a: Venusaur|atk|2
|
|-weather|Snowscape|[upkeep]
|-heal|p1a: Venusaur|89/100|[from] item: Black Sludge
|upkeep
|turn|27
|
|t:|1778517179
|move|p1a: Venusaur|Swords Dance|p1a: Venusaur
|-boost|p1a: Venusaur|atk|2
|move|p2a: Corviknight|Brave Bird|p1a: Venusaur
|-supereffective|p1a: Venusaur
|-damage|p1a: Venusaur|9/100
|-damage|p2a: Corviknight|75/100|[from] Recoil
|
|-weather|none
|-heal|p1a: Venusaur|15/100|[from] item: Black Sludge
|upkeep
|turn|28
|
|t:|1778517196
|move|p1a: Venusaur|Power Whip|p2a: Corviknight
|-resisted|p2a: Corviknight
|-damage|p2a: Corviknight|30/100
|-damage|p1a: Venusaur|0 fnt|[from] item: Rocky Helmet|[of] p2a: Corviknight
|faint|p1a: Venusaur
|move|p2a: Corviknight|U-turn|p1: Venusaur|[notarget]
|-fail|p2a: Corviknight
|
|upkeep
|
|t:|1778517206
|switch|p1a: Gengar|Gengar, M, shiny|65/100
|turn|29
|
|t:|1778517213
|switch|p2a: Alomomola|Alomomola, M|100/100
|move|p1a: Gengar|Shadow Ball|p2a: Alomomola
|-damage|p2a: Alomomola|82/100
|
|upkeep
|turn|30
|
|t:|1778517221
|switch|p1a: Pelipper|Pelipper, F|100/100
|-weather|RainDance|[from] ability: Drizzle|[of] p1a: Pelipper
|move|p2a: Alomomola|Flip Turn|p1a: Pelipper
|-resisted|p1a: Pelipper
|-damage|p1a: Pelipper|88/100
|inactive|randomguy606060 has 120 seconds left.
|
|t:|1778517262
|switch|p2a: Slowking|Slowking-Galar, M|96/100|[from] Flip Turn
|
|-weather|RainDance|[upkeep]
|upkeep
|turn|31
|
|t:|1778517269
|move|p1a: Pelipper|U-turn|p2a: Slowking
|-damage|p2a: Slowking|87/100
|
|t:|1778517273
|switch|p1a: Donphan|Donphan, F|38/100|[from] U-turn
|-prepare|p2a: Slowking|Chilly Reception|[premajor]
|move|p2a: Slowking|Chilly Reception|p2a: Slowking
|-weather|Snowscape
|
|t:|1778517282
|switch|p2a: Alomomola|Alomomola, M|100/100|[from] Chilly Reception
|
|-weather|Snowscape|[upkeep]
|upkeep
|turn|32
|
|t:|1778517299
|move|p1a: Donphan|Stealth Rock|p2a: Alomomola
|-sidestart|p2: randomguy606060|move: Stealth Rock
|move|p2a: Alomomola|Scald|p1a: Donphan
|-supereffective|p1a: Donphan
|-damage|p1a: Donphan|8/100
|
|-weather|Snowscape|[upkeep]
|upkeep
|turn|33
|inactive|randomguy606060 has 120 seconds left.
|inactive|randomguy606060 has 90 seconds left.
|
|t:|1778517370
|switch|p1a: Gengar|Gengar, M, shiny|65/100
|move|p2a: Alomomola|Flip Turn|p1a: Gengar
|-damage|p1a: Gengar|35/100
|-start|p2a: Alomomola|Disable|Flip Turn|[from] ability: Cursed Body|[of] p1a: Gengar
|
|t:|1778517372
|switch|p2a: Lokix|Lokix, F, tera:Bug|100/100|[from] Flip Turn
|-damage|p2a: Lokix|76/100|[from] Stealth Rock
|
|-weather|Snowscape|[upkeep]
|upkeep
|turn|34
|
|t:|1778517385
|move|p2a: Lokix|First Impression|p1a: Gengar
|-resisted|p1a: Gengar
|-crit|p1a: Gengar
|-damage|p1a: Gengar|0 fnt
|faint|p1a: Gengar
|
|-weather|Snowscape|[upkeep]
|upkeep
|-message|ecloudie forfeited.
|
|win|randomguy606060
|raw|ecloudie's rating: 1185 &rarr; <strong>1162</strong><br />(-23 for losing)
|raw|randomguy606060's rating: 1218 &rarr; <strong>1241</strong><br />(+23 for winning)
|l|☆ecloudie
|player|p1|
|l|☆randomguy606060
|player|p2|
