|html|<div class="broadcast-blue"><strong>[Gen 9] OU is currently suspecting Tera Blast! For information on how to participate check out the <a href="https://www.smogon.com/tools/suspects/view/200">suspect thread</a>.</strong></div>
|j|☆AKGD
|j|☆Yothas
|t:|1776033315
|gametype|singles
|player|p1|AKGD|hilbert|1382
|player|p2|Yothas|101|1414
|gen|9
|tier|[Gen 9] OU
|rated|
|rule|HP Percentage Mod: HP is shown in percentages
|rule|Endless Battle Clause: Forcing endless battles is banned
|rule|Species Clause: Limit one of each Pokémon
|rule|OHKO Clause: OHKO moves are banned
|rule|Evasion Items Clause: Evasion items are banned
|rule|Evasion Moves Clause: Evasion moves are banned
|rule|Evasion Abilities Clause: Evasion abilities are banned
|rule|Sleep Moves Clause: Sleep-inducing moves are banned
|clearpoke
|poke|p1|Dragapult, M|
|poke|p1|Raging Bolt|
|poke|p1|Iron Moth|
|poke|p1|Great Tusk|
|poke|p1|Ogerpon-Wellspring, F|
|poke|p1|Landorus-Therian, M|
|poke|p2|Rillaboom, F|
|poke|p2|Meowscarada, M|
|poke|p2|Kingambit, M|
|poke|p2|Glimmora, M|
|poke|p2|Incineroar, F|
|poke|p2|Toxapex, F|
|teampreview
|inactive|Battle timer is ON: inactive players will automatically lose when time's up. (requested by AKGD)
|
|t:|1776033331
|teamsize|p1|6
|teamsize|p2|6
|start
|switch|p1a: Landorus|Landorus-Therian, M|100/100
|switch|p2a: Meowscarada|Meowscarada, M|100/100
|-ability|p1a: Landorus|Intimidate|boost
|-unboost|p2a: Meowscarada|atk|1
|turn|1
|
|t:|1776033339
|move|p2a: Meowscarada|Triple Axel|p1a: Landorus
|-start|p2a: Meowscarada|typechange|Ice|[from] ability: Protean
|-supereffective|p1a: Landorus
|-damage|p1a: Landorus|67/100
|-supereffective|p1a: Landorus
|-damage|p1a: Landorus|0 fnt
|faint|p1a: Landorus
|-hitcount|p1: Landorus|2
|
|upkeep
|
|t:|1776033352
|switch|p1a: Iron Moth|Iron Moth|100/100
|-enditem|p1a: Iron Moth|Booster Energy
|-activate|p1a: Iron Moth|ability: Quark Drive|[fromitem]
|-start|p1a: Iron Moth|quarkdrivespa
|turn|2
|
|t:|1776033361
|switch|p2a: Incineroar|Incineroar, F, shiny|100/100
|-ability|p2a: Incineroar|Intimidate|boost
|-unboost|p1a: Iron Moth|atk|1
|move|p1a: Iron Moth|Fiery Dance|p2a: Incineroar
|-resisted|p2a: Incineroar
|-damage|p2a: Incineroar|71/100
|
|upkeep
|turn|3
|
|t:|1776033371
|move|p1a: Iron Moth|Sludge Wave|p2a: Incineroar
|-damage|p2a: Incineroar|0 fnt
|faint|p2a: Incineroar
|
|upkeep
|
|t:|1776033375
|switch|p2a: Glimmora|Glimmora, M|100/100
|turn|4
|
|t:|1776033383
|move|p1a: Iron Moth|Energy Ball|p2a: Glimmora
|-damage|p2a: Glimmora|39/100
|-unboost|p2a: Glimmora|spd|1
|move|p2a: Glimmora|Power Gem|p1a: Iron Moth
|-supereffective|p1a: Iron Moth
|-damage|p1a: Iron Moth|18/100
|
|upkeep
|turn|5
|
|t:|1776033392
|move|p1a: Iron Moth|Energy Ball|p2a: Glimmora
|-damage|p2a: Glimmora|0 fnt
|faint|p2a: Glimmora
|
|upkeep
|
|t:|1776033393
|switch|p2a: Meowscarada|Meowscarada, M|100/100
|turn|6
|
|t:|1776033399
|move|p2a: Meowscarada|Knock Off|p1a: Iron Moth
|-start|p2a: Meowscarada|typechange|Dark|[from] ability: Protean
|-damage|p1a: Iron Moth|0 fnt
|faint|p1a: Iron Moth
|-end|p1a: Iron Moth|Quark Drive|[silent]
|
|upkeep
|
|t:|1776033409
|switch|p1a: Ogerpon|Ogerpon-Wellspring, F|100/100
|turn|7
|l|☆Yothas
|inactive|Yothas disconnected and has a minute to reconnect!
|player|p2|
|j|☆Yothas
|inactive|Yothas reconnected and has 135 seconds left.
|player|p2|Yothas|101|
|
|t:|1776033430
|switch|p2a: Toxapex|Toxapex, F, shiny|100/100
|move|p1a: Ogerpon|Swords Dance|p1a: Ogerpon
|-boost|p1a: Ogerpon|atk|2
|
|upkeep
|turn|8
|
|t:|1776033446
|move|p2a: Toxapex|Baneful Bunker|p2a: Toxapex
|-singleturn|p2a: Toxapex|move: Protect
|move|p1a: Ogerpon|Horn Leech|p2a: Toxapex
|-activate|p2a: Toxapex|move: Protect
|-status|p1a: Ogerpon|psn
|
|-damage|p1a: Ogerpon|88/100 psn|[from] psn
|upkeep
|turn|9
|
|t:|1776033455
|move|p1a: Ogerpon|Horn Leech|p2a: Toxapex
|-damage|p2a: Toxapex|25/100
|-heal|p1a: Ogerpon|100/100 psn|[from] drain|[of] p2a: Toxapex
|move|p2a: Toxapex|Infestation|p1a: Ogerpon
|-supereffective|p1a: Ogerpon
|-damage|p1a: Ogerpon|93/100 psn
|-activate|p1a: Ogerpon|move: Infestation|[of] p2a: Toxapex
|
|-heal|p2a: Toxapex|32/100|[from] item: Black Sludge
|-damage|p1a: Ogerpon|81/100 psn|[from] psn
|-damage|p1a: Ogerpon|69/100 psn|[from] move: Infestation|[partiallytrapped]
|upkeep
|turn|10
|
|t:|1776033468
|move|p2a: Toxapex|Baneful Bunker|p2a: Toxapex
|-singleturn|p2a: Toxapex|move: Protect
|move|p1a: Ogerpon|Swords Dance|p1a: Ogerpon
|-boost|p1a: Ogerpon|atk|2
|
|-heal|p2a: Toxapex|38/100|[from] item: Black Sludge
|-damage|p1a: Ogerpon|56/100 psn|[from] psn
|-damage|p1a: Ogerpon|44/100 psn|[from] move: Infestation|[partiallytrapped]
|upkeep
|turn|11
|
|t:|1776033479
|switch|p2a: Rillaboom|Rillaboom, F|100/100
|-fieldstart|move: Grassy Terrain|[from] ability: Grassy Surge|[of] p2a: Rillaboom
|move|p1a: Ogerpon|Horn Leech|p2a: Rillaboom
|-resisted|p2a: Rillaboom
|-damage|p2a: Rillaboom|31/100
|-heal|p1a: Ogerpon|91/100 psn|[from] drain|[of] p2a: Rillaboom
|
|-heal|p1a: Ogerpon|97/100 psn|[from] Grassy Terrain
|-heal|p2a: Rillaboom|38/100|[from] Grassy Terrain
|-heal|p2a: Rillaboom|44/100|[from] item: Leftovers
|-damage|p1a: Ogerpon|84/100 psn|[from] psn
|-end|p1a: Ogerpon|Infestation|[partiallytrapped]|[silent]
|upkeep
|turn|12
|c|☆AKGD|Oh that’s a lot
|
|t:|1776033502
|move|p2a: Rillaboom|Grassy Glide|p1a: Ogerpon
|-damage|p1a: Ogerpon|43/100 psn
|move|p1a: Ogerpon|Horn Leech|p2a: Rillaboom
|-resisted|p2a: Rillaboom
|-damage|p2a: Rillaboom|0 fnt
|-heal|p1a: Ogerpon|72/100 psn|[from] drain|[of] p2a: Rillaboom
|faint|p2a: Rillaboom
|
|-heal|p1a: Ogerpon|78/100 psn|[from] Grassy Terrain
|-damage|p1a: Ogerpon|66/100 psn|[from] psn
|upkeep
|l|☆Yothas
|inactive|Yothas disconnected and has a minute to reconnect!
|player|p2|
|c|☆AKGD|Aw
|inactive|Yothas has 30 seconds to reconnect!
|inactive|Yothas has 20 seconds to reconnect!
|inactive|Yothas has 15 seconds to reconnect!
|inactive|Yothas has 10 seconds to reconnect!
|inactive|Yothas has 5 seconds to reconnect!
|-message|Yothas lost due to inactivity.
|
|win|AKGD
|raw|AKGD's rating: 1382 &rarr; <strong>1404</strong><br />(+22 for winning)
|raw|Yothas's rating: 1414 &rarr; <strong>1392</strong><br />(-22 for losing)
|c|☆AKGD|Oh well, gg if you come back
|l|☆AKGD
|player|p1|
