|html|<div class="broadcast-blue"><strong>[Gen 9] OU is currently suspecting Tera Blast! For information on how to participate check out the <a href="https://www.smogon.com/tools/suspects/view/200">suspect thread</a>.</strong></div>
|j|☆4axes
|j|☆popswrong4laughing
|t:|1776316627
|gametype|singles
|player|p1|4axes|workerice|1700
|player|p2|popswrong4laughing|galacticgrunt|1563
|gen|9
|tier|[Gen 9] OU
|rated|
|rule|HP Percentage Mod: HP is shown in percentages
|rule|Endless Battle Clause: Forcing endless battles is banned
|rule|Species Clause: Limit one of each Pokémon
|rule|OHKO Clause: OHKO moves are banned
|rule|Evasion Items Clause: Evasion items are banned
|rule|Evasion Moves Clause: Evasion moves are banned
|rule|Evasion Abilities Clause: Evasion abilities are banned
|rule|Sleep Moves Clause: Sleep-inducing moves are banned
|clearpoke
|poke|p1|Zamazenta-*|
|poke|p1|Sinistcha|
|poke|p1|Gliscor, M|
|poke|p1|Corviknight, F|
|poke|p1|Blissey, F|
|poke|p1|Quagsire, M|
|poke|p2|Infernape, F|
|poke|p2|Empoleon, M|
|poke|p2|Torterra, F|
|poke|p2|Pecharunt|
|poke|p2|Hydreigon, F|
|poke|p2|Hatterene, F|
|teampreview
|j| Monkey D MinMin
|
|t:|1776316656
|teamsize|p1|6
|teamsize|p2|6
|start
|switch|p1a: Gliscor|Gliscor, M|100/100
|switch|p2a: Torterra|Torterra, F|100/100
|turn|1
|
|t:|1776316673
|switch|p1a: Sinistcha|Sinistcha|100/100
|move|p2a: Torterra|Wood Hammer|p1a: Sinistcha
|-resisted|p1a: Sinistcha
|-damage|p1a: Sinistcha|81/100
|-damage|p2a: Torterra|94/100|[from] Recoil
|
|upkeep
|turn|2
|
|t:|1776316686
|move|p2a: Torterra|Stealth Rock|p1a: Sinistcha
|-sidestart|p1: 4axes|move: Stealth Rock
|move|p1a: Sinistcha|Strength Sap|p2a: Torterra
|-unboost|p2a: Torterra|atk|1
|-heal|p1a: Sinistcha|100/100
|
|upkeep
|turn|3
|
|t:|1776316693
|switch|p2a: Empoleon|Empoleon, M|100/100
|move|p1a: Sinistcha|Matcha Gotcha|p2a: Empoleon
|-damage|p2a: Empoleon|64/100
|
|upkeep
|turn|4
|
|t:|1776316707
|switch|p2a: Pecharunt|Pecharunt|100/100
|switch|p1a: Blissey|Blissey, F|100/100
|
|upkeep
|turn|5
|
|t:|1776316713
|move|p2a: Pecharunt|Toxic|p1a: Blissey
|-status|p1a: Blissey|tox
|-start|p1a: Blissey|confusion|[from] ability: Poison Puppeteer|[of] p2a: Pecharunt
|-activate|p1a: Blissey|confusion
|move|p1a: Blissey|Stealth Rock|p2a: Pecharunt
|-sidestart|p2: popswrong4laughing|move: Stealth Rock
|
|-damage|p1a: Blissey|94/100 tox|[from] psn
|upkeep
|turn|6
|
|t:|1776316723
|-curestatus|p1a: Blissey|tox|[from] ability: Natural Cure
|switch|p1a: Gliscor|Gliscor, M|100/100
|-damage|p1a: Gliscor|88/100|[from] Stealth Rock
|move|p2a: Pecharunt|Parting Shot|p1a: Gliscor
|-unboost|p1a: Gliscor|atk|1
|-unboost|p1a: Gliscor|spa|1
|
|t:|1776316732
|switch|p2a: Hydreigon|Hydreigon, F|100/100|[from] Parting Shot
|-damage|p2a: Hydreigon|88/100|[from] Stealth Rock
|
|-status|p1a: Gliscor|tox|[from] item: Toxic Orb
|upkeep
|turn|7
|
|t:|1776316742
|switch|p1a: Blissey|Blissey, F|94/100
|move|p2a: Hydreigon|Substitute|p2a: Hydreigon
|-start|p2a: Hydreigon|Substitute
|-damage|p2a: Hydreigon|63/100
|
|upkeep
|turn|8
|
|t:|1776316751
|move|p2a: Hydreigon|Nasty Plot|p2a: Hydreigon
|-boost|p2a: Hydreigon|spa|2
|move|p1a: Blissey|Calm Mind|p1a: Blissey
|-boost|p1a: Blissey|spa|1
|-boost|p1a: Blissey|spd|1
|
|upkeep
|turn|9
|
|t:|1776316756
|move|p2a: Hydreigon|Nasty Plot|p2a: Hydreigon
|-boost|p2a: Hydreigon|spa|2
|move|p1a: Blissey|Calm Mind|p1a: Blissey
|-boost|p1a: Blissey|spa|1
|-boost|p1a: Blissey|spd|1
|
|upkeep
|turn|10
|
|t:|1776316759
|move|p2a: Hydreigon|Nasty Plot|p2a: Hydreigon
|-boost|p2a: Hydreigon|spa|2
|move|p1a: Blissey|Calm Mind|p1a: Blissey
|-boost|p1a: Blissey|spa|1
|-boost|p1a: Blissey|spd|1
|
|upkeep
|turn|11
|
|t:|1776316766
|move|p2a: Hydreigon|Dark Pulse|p1a: Blissey
|-damage|p1a: Blissey|74/100
|move|p1a: Blissey|Calm Mind|p1a: Blissey
|-boost|p1a: Blissey|spa|1
|-boost|p1a: Blissey|spd|1
|
|upkeep
|turn|12
|
|t:|1776316773
|move|p2a: Hydreigon|Dark Pulse|p1a: Blissey
|-damage|p1a: Blissey|56/100
|cant|p1a: Blissey|flinch
|
|upkeep
|turn|13
|
|t:|1776316779
|move|p2a: Hydreigon|Dark Pulse|p1a: Blissey
|-crit|p1a: Blissey
|-damage|p1a: Blissey|0 fnt
|faint|p1a: Blissey
|
|upkeep
|
|t:|1776316830
|switch|p1a: Corviknight|Corviknight, F|100/100
|-damage|p1a: Corviknight|88/100|[from] Stealth Rock
|-ability|p1a: Corviknight|Pressure
|turn|14
|
|t:|1776316836
|move|p1a: Corviknight|Protect|p1a: Corviknight
|-singleturn|p1a: Corviknight|Protect
|move|p2a: Hydreigon|Dark Pulse|p1a: Corviknight
|-activate|p1a: Corviknight|move: Protect
|
|upkeep
|turn|15
|
|t:|1776316842
|move|p2a: Hydreigon|Dark Pulse|p1a: Corviknight
|-damage|p1a: Corviknight|0 fnt
|faint|p1a: Corviknight
|
|upkeep
|
|t:|1776316848
|switch|p1a: Zamazenta|Zamazenta|100/100
|-ability|p1a: Zamazenta|Dauntless Shield|boost
|-boost|p1a: Zamazenta|def|1
|turn|16
|
|t:|1776316852
|move|p1a: Zamazenta|Iron Head|p2a: Hydreigon
|-end|p2a: Hydreigon|Substitute
|move|p2a: Hydreigon|Dark Pulse|p1a: Zamazenta
|-resisted|p1a: Zamazenta
|-damage|p1a: Zamazenta|19/100
|
|upkeep
|turn|17
|j| samurajen
|
|t:|1776316857
|switch|p2a: Pecharunt|Pecharunt|100/100
|move|p1a: Zamazenta|Close Combat|p2a: Pecharunt
|-immune|p2a: Pecharunt
|
|upkeep
|turn|18
|
|t:|1776316862
|switch|p1a: Gliscor|Gliscor, M|88/100 tox
|-damage|p1a: Gliscor|75/100 tox|[from] Stealth Rock
|move|p2a: Pecharunt|Shadow Ball|p1a: Gliscor
|-damage|p1a: Gliscor|54/100 tox
|
|-heal|p1a: Gliscor|66/100 tox|[from] ability: Poison Heal
|upkeep
|turn|19
|
|t:|1776316869
|move|p1a: Gliscor|Knock Off|p2a: Pecharunt
|-supereffective|p2a: Pecharunt
|-damage|p2a: Pecharunt|78/100
|-enditem|p2a: Pecharunt|Heavy-Duty Boots|[from] move: Knock Off|[of] p1a: Gliscor
|move|p2a: Pecharunt|Parting Shot|p1a: Gliscor
|-unboost|p1a: Gliscor|atk|1
|-unboost|p1a: Gliscor|spa|1
|
|t:|1776316877
|switch|p2a: Infernape|Infernape, F|100/100|[from] Parting Shot
|-damage|p2a: Infernape|88/100|[from] Stealth Rock
|
|-heal|p1a: Gliscor|79/100 tox|[from] ability: Poison Heal
|upkeep
|turn|20
|
|t:|1776316880
|switch|p1a: Quagsire|Quagsire, M|100/100
|move|p2a: Infernape|Fire Blast|p1a: Quagsire
|-resisted|p1a: Quagsire
|-damage|p1a: Quagsire|53/100
|
|upkeep
|turn|21
|
|t:|1776316888
|switch|p2a: Torterra|Torterra, F|94/100
|-damage|p2a: Torterra|88/100|[from] Stealth Rock
|move|p1a: Quagsire|Recover|p1a: Quagsire
|-heal|p1a: Quagsire|100/100
|
|upkeep
|turn|22
|
|t:|1776316894
|switch|p2a: Empoleon|Empoleon, M|64/100
|-damage|p2a: Empoleon|57/100|[from] Stealth Rock
|switch|p1a: Sinistcha|Sinistcha|100/100
|
|upkeep
|turn|23
|
|t:|1776316902
|move|p2a: Empoleon|Air Slash|p1a: Sinistcha
|-supereffective|p1a: Sinistcha
|-damage|p1a: Sinistcha|42/100
|move|p1a: Sinistcha|Matcha Gotcha|p2a: Empoleon
|-damage|p2a: Empoleon|22/100
|-heal|p1a: Sinistcha|58/100|[from] drain|[of] p2a: Empoleon
|
|upkeep
|turn|24
|
|t:|1776316918
|move|p2a: Empoleon|Air Slash|p1a: Sinistcha
|-supereffective|p1a: Sinistcha
|-damage|p1a: Sinistcha|0 fnt
|faint|p1a: Sinistcha
|
|upkeep
|
|t:|1776316922
|switch|p1a: Zamazenta|Zamazenta|19/100
|turn|25
|
|t:|1776316949
|-terastallize|p1a: Zamazenta|Dark
|move|p2a: Empoleon|Vacuum Wave|p1a: Zamazenta
|-supereffective|p1a: Zamazenta
|-damage|p1a: Zamazenta|0 fnt
|faint|p1a: Zamazenta
|
|upkeep
|-message|4axes forfeited.
|
|win|popswrong4laughing
|raw|4axes's rating: 1700 &rarr; <strong>1672</strong><br />(-28 for losing)
|raw|popswrong4laughing's rating: 1563 &rarr; <strong>1591</strong><br />(+28 for winning)
|l|☆4axes
|player|p1|
