|html|<div class="broadcast-blue"><strong>[Gen 9] OU is currently suspecting Tera Blast! For information on how to participate check out the <a href="https://www.smogon.com/tools/suspects/view/200">suspect thread</a>.</strong></div>
|j|☆Ak444me
|j|☆puripuriwhy
|t:|1776077510
|gametype|singles
|player|p1|Ak444me|bellelba|1155
|player|p2|puripuriwhy|twins-gen4dp|1240
|gen|9
|tier|[Gen 9] OU
|rated|
|rule|HP Percentage Mod: HP is shown in percentages
|rule|Endless Battle Clause: Forcing endless battles is banned
|rule|Species Clause: Limit one of each Pokémon
|rule|OHKO Clause: OHKO moves are banned
|rule|Evasion Items Clause: Evasion items are banned
|rule|Evasion Moves Clause: Evasion moves are banned
|rule|Evasion Abilities Clause: Evasion abilities are banned
|rule|Sleep Moves Clause: Sleep-inducing moves are banned
|clearpoke
|poke|p1|Pelipper, M|
|poke|p1|Dragonite, F|
|poke|p1|Basculegion, M|
|poke|p1|Sneasel-Hisui, F|
|poke|p1|Rotom-Wash|
|poke|p1|Iron Treads|
|poke|p2|Cloyster, M|
|poke|p2|Ninetales-Alola, M|
|poke|p2|Cinccino, F|
|poke|p2|Dodrio, M|
|poke|p2|Sylveon, F|
|poke|p2|Ogerpon-Wellspring, F|
|teampreview
|inactive|Battle timer is ON: inactive players will automatically lose when time's up. (requested by puripuriwhy)
|
|t:|1776077528
|teamsize|p1|6
|teamsize|p2|6
|start
|switch|p1a: Rotom|Rotom-Wash|100/100
|switch|p2a: Ga|Ninetales-Alola, M|100/100
|-weather|Snowscape|[from] ability: Snow Warning|[of] p2a: Ga
|turn|1
|
|t:|1776077536
|move|p2a: Ga|Aurora Veil|p2a: Ga
|-sidestart|p2: puripuriwhy|move: Aurora Veil
|move|p1a: Rotom|Reflect|p1a: Rotom
|-sidestart|p1: Ak444me|Reflect
|
|-weather|Snowscape|[upkeep]
|upkeep
|turn|2
|
|t:|1776077540
|switch|p1a: Pelipper|Pelipper, M|100/100
|-weather|RainDance|[from] ability: Drizzle|[of] p1a: Pelipper
|move|p2a: Ga|Moonblast|p1a: Pelipper
|-damage|p1a: Pelipper|47/100
|
|-weather|RainDance|[upkeep]
|upkeep
|turn|3
|
|t:|1776077553
|switch|p1a: Basculegion|Basculegion, M|100/100
|move|p2a: Ga|Freeze-Dry|p1a: Basculegion
|-supereffective|p1a: Basculegion
|-damage|p1a: Basculegion|44/100
|
|-weather|RainDance|[upkeep]
|upkeep
|turn|4
|
|t:|1776077563
|switch|p2a: Po|Dodrio, M|100/100
|move|p1a: Basculegion|Psychic Fangs|p2a: Po
|-sideend|p2: puripuriwhy|move: Aurora Veil
|-damage|p2a: Po|50/100
|
|-weather|RainDance|[upkeep]
|upkeep
|turn|5
|
|t:|1776077569
|move|p1a: Basculegion|Psychic Fangs|p2a: Po
|-damage|p2a: Po|0 fnt
|faint|p2a: Po
|
|-weather|RainDance|[upkeep]
|-sideend|p1: Ak444me|Reflect
|upkeep
|
|t:|1776077571
|switch|p2a: Ga|Ninetales-Alola, M|100/100
|-weather|Snowscape|[from] ability: Snow Warning|[of] p2a: Ga
|turn|6
|
|t:|1776077577
|move|p2a: Ga|Freeze-Dry|p1a: Basculegion
|-supereffective|p1a: Basculegion
|-damage|p1a: Basculegion|0 fnt
|faint|p1a: Basculegion
|
|-weather|Snowscape|[upkeep]
|upkeep
|
|t:|1776077581
|switch|p1a: Pelipper|Pelipper, M|47/100
|-weather|RainDance|[from] ability: Drizzle|[of] p1a: Pelipper
|turn|7
|
|t:|1776077586
|move|p2a: Ga|Freeze-Dry|p1a: Pelipper
|-supereffective|p1a: Pelipper
|-damage|p1a: Pelipper|0 fnt
|faint|p1a: Pelipper
|
|-weather|RainDance|[upkeep]
|upkeep
|
|t:|1776077597
|switch|p1a: Sneasel|Sneasel-Hisui, F|100/100
|turn|8
|
|t:|1776077609
|switch|p2a: Pa|Cinccino, F|100/100
|move|p1a: Sneasel|Gunk Shot|p2a: Pa
|-damage|p2a: Pa|0 fnt
|faint|p2a: Pa
|
|-weather|RainDance|[upkeep]
|upkeep
|
|t:|1776077615
|switch|p2a: Ga|Ninetales-Alola, M|100/100
|-weather|Snowscape|[from] ability: Snow Warning|[of] p2a: Ga
|turn|9
|
|t:|1776077617
|-terastallize|p2a: Ga|Steel
|move|p1a: Sneasel|Gunk Shot|p2a: Ga
|-immune|p2a: Ga
|move|p2a: Ga|Aurora Veil|p2a: Ga
|-sidestart|p2: puripuriwhy|move: Aurora Veil
|
|-weather|Snowscape|[upkeep]
|upkeep
|turn|10
|
|t:|1776077622
|switch|p1a: Rotom|Rotom-Wash|100/100
|move|p2a: Ga|Blizzard|p1a: Rotom
|-resisted|p1a: Rotom
|-damage|p1a: Rotom|77/100
|
|-weather|Snowscape|[upkeep]
|-heal|p1a: Rotom|83/100|[from] item: Leftovers
|upkeep
|turn|11
|
|t:|1776077628
|move|p2a: Ga|Freeze-Dry|p1a: Rotom
|-supereffective|p1a: Rotom
|-damage|p1a: Rotom|29/100
|move|p1a: Rotom|Will-O-Wisp|p2a: Ga
|-status|p2a: Ga|brn
|
|-weather|Snowscape|[upkeep]
|-heal|p1a: Rotom|35/100|[from] item: Leftovers
|-damage|p2a: Ga|95/100 brn|[from] brn
|upkeep
|turn|12
|
|t:|1776077633
|move|p2a: Ga|Freeze-Dry|p1a: Rotom
|-supereffective|p1a: Rotom
|-damage|p1a: Rotom|0 fnt
|faint|p1a: Rotom
|
|-weather|Snowscape|[upkeep]
|-damage|p2a: Ga|89/100 brn|[from] brn
|upkeep
|
|t:|1776077636
|switch|p1a: Iron Treads|Iron Treads|100/100
|turn|13
|
|t:|1776077642
|switch|p2a: Le|Ogerpon-Wellspring, F|100/100
|move|p1a: Iron Treads|Stealth Rock|p2a: Le
|-sidestart|p2: puripuriwhy|move: Stealth Rock
|
|-weather|none
|upkeep
|turn|14
|
|t:|1776077649
|move|p2a: Le|Swords Dance|p2a: Le
|-boost|p2a: Le|atk|2
|move|p1a: Iron Treads|Volt Switch|p2a: Le
|-damage|p2a: Le|94/100
|
|t:|1776077652
|-end|p1a: Iron Treads|Quark Drive|[silent]
|switch|p1a: Dragonite|Dragonite, F|100/100|[from] Volt Switch
|
|upkeep
|turn|15
|
|t:|1776077657
|move|p2a: Le|Ivy Cudgel|p1a: Dragonite|[anim] Ivy Cudgel Water
|-resisted|p1a: Dragonite
|-damage|p1a: Dragonite|69/100
|move|p1a: Dragonite|Dragon Dance|p1a: Dragonite
|-boost|p1a: Dragonite|atk|1
|-boost|p1a: Dragonite|spe|1
|
|upkeep
|turn|16
|
|t:|1776077666
|-terastallize|p1a: Dragonite|Normal
|move|p1a: Dragonite|Extreme Speed|p2a: Le
|-damage|p2a: Le|44/100
|move|p2a: Le|Ivy Cudgel|p1a: Dragonite|[anim] Ivy Cudgel Water
|-damage|p1a: Dragonite|0 fnt
|faint|p1a: Dragonite
|
|-sideend|p2: puripuriwhy|move: Aurora Veil
|upkeep
|
|t:|1776077671
|switch|p1a: Sneasel|Sneasel-Hisui, F|100/100
|turn|17
|
|t:|1776077682
|move|p1a: Sneasel|Throat Chop|p2a: Le
|-damage|p2a: Le|3/100
|-start|p2a: Le|Throat Chop|[silent]
|move|p2a: Le|Ivy Cudgel|p1a: Sneasel|[anim] Ivy Cudgel Water
|-damage|p1a: Sneasel|0 fnt
|faint|p1a: Sneasel
|
|upkeep
|
|t:|1776077685
|switch|p1a: Iron Treads|Iron Treads|100/100
|turn|18
|-message|Ak444me forfeited.
|
|win|puripuriwhy
|raw|Ak444me's rating: 1155 &rarr; <strong>1136</strong><br />(-19 for losing)
|raw|puripuriwhy's rating: 1240 &rarr; <strong>1259</strong><br />(+19 for winning)
|l|☆Ak444me
|player|p1|
|l|☆puripuriwhy
|player|p2|
