|html|<div class="broadcast-blue"><strong>[Gen 9] OU is currently suspecting Tera Blast! For information on how to participate check out the <a href="https://www.smogon.com/tools/suspects/view/200">suspect thread</a>.</strong></div>
|j|☆Garlicmanalt
|j|☆Porch401
|t:|1776054009
|gametype|singles
|player|p1|Garlicmanalt|roxie|1141
|player|p2|Porch401|rosa|1118
|gen|9
|tier|[Gen 9] OU
|rated|
|rule|HP Percentage Mod: HP is shown in percentages
|rule|Endless Battle Clause: Forcing endless battles is banned
|rule|Species Clause: Limit one of each Pokémon
|rule|OHKO Clause: OHKO moves are banned
|rule|Evasion Items Clause: Evasion items are banned
|rule|Evasion Moves Clause: Evasion moves are banned
|rule|Evasion Abilities Clause: Evasion abilities are banned
|rule|Sleep Moves Clause: Sleep-inducing moves are banned
|clearpoke
|poke|p1|Darkrai|
|poke|p1|Indeedee-F, F|
|poke|p1|Hawlucha, M|
|poke|p1|Iron Treads|
|poke|p1|Alomomola, M|
|poke|p1|Armarouge, F|
|poke|p2|Darkrai|
|poke|p2|Moltres|
|poke|p2|Dragapult, M|
|poke|p2|Walking Wake|
|poke|p2|Gliscor, F|
|poke|p2|Iron Valiant|
|teampreview
|j| ohko_smeargle
|inactive|Battle timer is ON: inactive players will automatically lose when time's up. (requested by Garlicmanalt)
|
|t:|1776054016
|teamsize|p1|6
|teamsize|p2|6
|start
|switch|p1a: Indeedee|Indeedee-F, F|100/100
|switch|p2a: Pelgo|Moltres|100/100
|-fieldstart|move: Psychic Terrain|[from] ability: Psychic Surge|[of] p1a: Indeedee
|turn|1
|
|t:|1776054049
|switch|p1a: Armarouge|Armarouge, F, shiny|100/100
|move|p2a: Pelgo|Ancient Power|p1a: Armarouge
|-supereffective|p1a: Armarouge
|-damage|p1a: Armarouge|56/100
|-enditem|p1a: Armarouge|Weakness Policy
|-boost|p1a: Armarouge|atk|2|[from] item: Weakness Policy
|-boost|p1a: Armarouge|spa|2|[from] item: Weakness Policy
|
|upkeep
|turn|2
|
|t:|1776054065
|move|p1a: Armarouge|Expanding Force|p2a: Pelgo
|-damage|p2a: Pelgo|0 fnt
|faint|p2a: Pelgo
|
|upkeep
|inactive|Porch401 has 120 seconds left.
|
|t:|1776054076
|switch|p2a: Hexsre|Darkrai, shiny|100/100
|turn|3
|
|t:|1776054089
|switch|p1a: Alomomola|Alomomola, M|100/100
|move|p2a: Hexsre|Dark Pulse|p1a: Alomomola
|-damage|p1a: Alomomola|61/100
|
|upkeep
|turn|4
|
|t:|1776054098
|move|p2a: Hexsre|Thunder|p1a: Alomomola
|-supereffective|p1a: Alomomola
|-damage|p1a: Alomomola|0 fnt
|faint|p1a: Alomomola
|
|upkeep
|
|t:|1776054108
|switch|p1a: Hawlucha|Hawlucha, M|100/100
|-enditem|p1a: Hawlucha|Psychic Seed
|-boost|p1a: Hawlucha|spd|1|[from] item: Psychic Seed
|turn|5
|
|t:|1776054120
|move|p1a: Hawlucha|Close Combat|p2a: Hexsre
|-supereffective|p2a: Hexsre
|-enditem|p2a: Hexsre|Focus Sash
|-damage|p2a: Hexsre|1/100
|-unboost|p1a: Hawlucha|def|1
|-unboost|p1a: Hawlucha|spd|1
|move|p2a: Hexsre|Dark Pulse|p1a: Hawlucha
|-resisted|p1a: Hawlucha
|-damage|p1a: Hawlucha|68/100
|
|upkeep
|turn|6
|inactive|Porch401 has 120 seconds left.
|
|t:|1776054153
|move|p1a: Hawlucha|Acrobatics|p2a: Hexsre
|-damage|p2a: Hexsre|0 fnt
|faint|p2a: Hexsre
|
|upkeep
|
|t:|1776054167
|switch|p2a: Jutis|Gliscor, F, shiny|100/100
|turn|7
|
|t:|1776054174
|move|p1a: Hawlucha|Swords Dance|p1a: Hawlucha
|-boost|p1a: Hawlucha|atk|2
|move|p2a: Jutis|Knock Off|p1a: Hawlucha
|-resisted|p1a: Hawlucha
|-crit|p1a: Hawlucha
|-damage|p1a: Hawlucha|46/100
|
|-status|p2a: Jutis|tox|[from] item: Toxic Orb
|upkeep
|turn|8
|inactive|Porch401 has 120 seconds left.
|
|t:|1776054185
|move|p1a: Hawlucha|Acrobatics|p2a: Jutis
|-damage|p2a: Jutis|35/100 tox
|move|p2a: Jutis|Earthquake|p1a: Hawlucha
|-immune|p1a: Hawlucha
|
|-heal|p2a: Jutis|47/100 tox|[from] ability: Poison Heal
|-fieldend|move: Psychic Terrain
|upkeep
|turn|9
|inactive|Porch401 has 120 seconds left.
|
|t:|1776054197
|move|p1a: Hawlucha|Acrobatics|p2a: Jutis
|-damage|p2a: Jutis|0 fnt
|faint|p2a: Jutis
|
|upkeep
|inactive|Porch401 has 120 seconds left.
|
|t:|1776054210
|switch|p2a: Irokave|Iron Valiant|100/100
|-enditem|p2a: Irokave|Booster Energy
|-activate|p2a: Irokave|ability: Quark Drive|[fromitem]
|-start|p2a: Irokave|quarkdriveatk
|turn|10
|inactive|Porch401 has 120 seconds left.
|
|t:|1776054217
|move|p1a: Hawlucha|Acrobatics|p2a: Irokave
|-supereffective|p2a: Irokave
|-damage|p2a: Irokave|0 fnt
|faint|p2a: Irokave
|-end|p2a: Irokave|Quark Drive|[silent]
|
|upkeep
|inactive|Porch401 has 120 seconds left.
|
|t:|1776054224
|switch|p2a: Welamom|Walking Wake|100/100
|turn|11
|
|t:|1776054234
|move|p1a: Hawlucha|Close Combat|p2a: Welamom
|-damage|p2a: Welamom|0 fnt
|-unboost|p1a: Hawlucha|def|1
|-unboost|p1a: Hawlucha|spd|1
|faint|p2a: Welamom
|-end|p2a: Welamom|Protosynthesis|[silent]
|
|upkeep
|
|t:|1776054242
|switch|p2a: Kagora|Dragapult, M|100/100
|turn|12
|
|t:|1776054250
|move|p1a: Hawlucha|Throat Chop|p2a: Kagora
|-supereffective|p2a: Kagora
|-damage|p2a: Kagora|0 fnt
|faint|p2a: Kagora
|
|win|Garlicmanalt
|raw|Garlicmanalt's rating: 1141 &rarr; <strong>1164</strong><br />(+23 for winning)
|raw|Porch401's rating: 1118 &rarr; <strong>1095</strong><br />(-23 for losing)
|l| ohko_smeargle
|l|☆Garlicmanalt
|player|p1|
|l|☆Porch401
|player|p2|
