|html|<div class="broadcast-blue"><strong>[Gen 9] OU is currently suspecting Tera Blast! For information on how to participate check out the <a href="https://www.smogon.com/tools/suspects/view/200">suspect thread</a>.</strong></div>
|j|‽RadiantSol
|j|☆huyhoaga2401
|t:|1776061997
|gametype|singles
|player|p1|RadiantSol|flint|1215
|player|p2|huyhoaga2401|101|1173
|gen|9
|tier|[Gen 9] OU
|rated|
|rule|HP Percentage Mod: HP is shown in percentages
|rule|Endless Battle Clause: Forcing endless battles is banned
|rule|Species Clause: Limit one of each Pokémon
|rule|OHKO Clause: OHKO moves are banned
|rule|Evasion Items Clause: Evasion items are banned
|rule|Evasion Moves Clause: Evasion moves are banned
|rule|Evasion Abilities Clause: Evasion abilities are banned
|rule|Sleep Moves Clause: Sleep-inducing moves are banned
|clearpoke
|poke|p1|Espeon, F|
|poke|p1|Ninetales, F|
|poke|p1|Leafeon, F|
|poke|p1|Corviknight, F|
|poke|p1|Quagsire, F|
|poke|p1|Blissey, F|
|poke|p2|Lurantis, M|
|poke|p2|Serperior, F|
|poke|p2|Samurott-Hisui, M|
|poke|p2|Cinderace, F|
|poke|p2|Gliscor, M|
|poke|p2|Raging Bolt|
|teampreview
|inactive|Battle timer is ON: inactive players will automatically lose when time's up. (requested by huyhoaga2401)
|
|t:|1776062006
|teamsize|p1|6
|teamsize|p2|6
|start
|switch|p1a: Espeon|Espeon, F, shiny|100/100
|switch|p2a: Samurott|Samurott-Hisui, M|100/100
|turn|1
|
|t:|1776062014
|-terastallize|p1a: Espeon|Fighting
|move|p1a: Espeon|Tera Blast|p2a: Samurott|[anim] Tera Blast Fighting
|-supereffective|p2a: Samurott
|-damage|p2a: Samurott|0 fnt
|faint|p2a: Samurott
|
|upkeep
|
|t:|1776062030
|switch|p2a: Gliscor|Gliscor, M|100/100
|turn|2
|
|t:|1776062036
|move|p2a: Gliscor|Protect|p2a: Gliscor
|-singleturn|p2a: Gliscor|Protect
|move|p1a: Espeon|Substitute|p1a: Espeon
|-start|p1a: Espeon|Substitute
|-damage|p1a: Espeon|75/100
|
|-heal|p1a: Espeon|82/100|[from] item: Leftovers
|-status|p2a: Gliscor|tox|[from] item: Toxic Orb
|upkeep
|turn|3
|
|t:|1776062047
|move|p1a: Espeon|Calm Mind|p1a: Espeon
|-boost|p1a: Espeon|spa|1
|-boost|p1a: Espeon|spd|1
|move|p2a: Gliscor|Swords Dance|p2a: Gliscor
|-boost|p2a: Gliscor|atk|2
|
|-heal|p1a: Espeon|88/100|[from] item: Leftovers
|upkeep
|turn|4
|
|t:|1776062057
|move|p1a: Espeon|Psyshock|p2a: Gliscor
|-damage|p2a: Gliscor|45/100 tox
|move|p2a: Gliscor|Dual Wingbeat|p1a: Espeon
|-supereffective|p1a: Espeon
|-end|p1a: Espeon|Substitute
|-supereffective|p1a: Espeon
|-damage|p1a: Espeon|0 fnt
|faint|p1a: Espeon
|-hitcount|p1: Espeon|2
|
|-heal|p2a: Gliscor|57/100 tox|[from] ability: Poison Heal
|upkeep
|
|t:|1776062065
|switch|p1a: Ninetales|Ninetales, F, shiny|100/100
|-weather|SunnyDay|[from] ability: Drought|[of] p1a: Ninetales
|turn|5
|
|t:|1776062074
|move|p1a: Ninetales|Overheat|p2a: Gliscor
|-damage|p2a: Gliscor|0 fnt
|-unboost|p1a: Ninetales|spa|2
|faint|p2a: Gliscor
|
|-weather|SunnyDay|[upkeep]
|upkeep
|
|t:|1776062087
|switch|p2a: Cinderace|Cinderace, F|100/100
|turn|6
|
|t:|1776062099
|switch|p1a: Quagsire|Quagsire, F|100/100
|move|p2a: Cinderace|High Jump Kick|p1a: Quagsire
|-start|p2a: Cinderace|typechange|Fighting|[from] ability: Libero
|-crit|p1a: Quagsire
|-damage|p1a: Quagsire|8/100
|-enditem|p1a: Quagsire|Sitrus Berry|[eat]
|-heal|p1a: Quagsire|33/100|[from] item: Sitrus Berry
|-damage|p2a: Cinderace|91/100|[from] item: Life Orb
|
|-weather|SunnyDay|[upkeep]
|upkeep
|turn|7
|
|t:|1776062112
|move|p2a: Cinderace|High Jump Kick|p1a: Quagsire
|-damage|p1a: Quagsire|0 fnt
|faint|p1a: Quagsire
|-damage|p2a: Cinderace|81/100|[from] item: Life Orb
|
|-weather|SunnyDay|[upkeep]
|upkeep
|
|t:|1776062119
|switch|p1a: Leafeon|Leafeon, F|100/100
|turn|8
|
|t:|1776062123
|move|p1a: Leafeon|Solar Blade||[still]
|-prepare|p1a: Leafeon|Solar Blade
|-anim|p1a: Leafeon|Solar Blade|p2a: Cinderace
|-damage|p2a: Cinderace|0 fnt
|faint|p2a: Cinderace
|-damage|p1a: Leafeon|91/100|[from] item: Life Orb
|
|-weather|SunnyDay|[upkeep]
|upkeep
|
|t:|1776062132
|switch|p2a: Lurantis|Lurantis, M|100/100
|turn|9
|
|t:|1776062138
|-terastallize|p2a: Lurantis|Fighting
|move|p1a: Leafeon|X-Scissor|p2a: Lurantis
|-resisted|p2a: Lurantis
|-damage|p2a: Lurantis|82/100
|-damage|p1a: Leafeon|81/100|[from] item: Life Orb
|move|p2a: Lurantis|Superpower|p1a: Leafeon
|-crit|p1a: Leafeon
|-damage|p1a: Leafeon|11/100
|-boost|p2a: Lurantis|atk|1
|-boost|p2a: Lurantis|def|1
|
|-weather|SunnyDay|[upkeep]
|upkeep
|turn|10
|
|t:|1776062151
|move|p1a: Leafeon|Solar Blade||[still]
|-prepare|p1a: Leafeon|Solar Blade
|-anim|p1a: Leafeon|Solar Blade|p2a: Lurantis
|-damage|p2a: Lurantis|31/100
|-enditem|p2a: Lurantis|Sitrus Berry|[eat]
|-heal|p2a: Lurantis|55/100|[from] item: Sitrus Berry
|-damage|p1a: Leafeon|1/100|[from] item: Life Orb
|move|p2a: Lurantis|Superpower|p1a: Leafeon
|-damage|p1a: Leafeon|0 fnt
|-boost|p2a: Lurantis|atk|1
|-boost|p2a: Lurantis|def|1
|faint|p1a: Leafeon
|
|-weather|SunnyDay|[upkeep]
|upkeep
|
|t:|1776062160
|switch|p1a: Ninetales|Ninetales, F, shiny|100/100
|turn|11
|
|t:|1776062169
|move|p1a: Ninetales|Disable|p2a: Lurantis
|-start|p2a: Lurantis|Disable|Superpower
|cant|p2a: Lurantis|Disable|Superpower
|
|-weather|SunnyDay|[upkeep]
|upkeep
|turn|12
|
|t:|1776062179
|move|p1a: Ninetales|Encore|p2a: Lurantis
|-start|p2a: Lurantis|Encore
|cant|p2a: Lurantis|Disable|Superpower
|
|-weather|none
|upkeep
|turn|13
|
|t:|1776062188
|move|p1a: Ninetales|Overheat|p2a: Lurantis
|-damage|p2a: Lurantis|5/100
|-unboost|p1a: Ninetales|spa|2
|-activate|p2a: Lurantis|move: Struggle
|move|p2a: Lurantis|Struggle|p1a: Ninetales
|-damage|p1a: Ninetales|63/100
|-damage|p2a: Lurantis|0 fnt|[from] recoil
|faint|p2a: Lurantis
|
|upkeep
|
|t:|1776062201
|switch|p2a: Raging Bolt|Raging Bolt|100/100
|-enditem|p2a: Raging Bolt|Booster Energy
|-activate|p2a: Raging Bolt|ability: Protosynthesis|[fromitem]
|-start|p2a: Raging Bolt|protosynthesisspa
|turn|14
|
|t:|1776062213
|switch|p1a: Blissey|Blissey, F|100/100
|move|p2a: Raging Bolt|Calm Mind|p2a: Raging Bolt
|-boost|p2a: Raging Bolt|spa|1
|-boost|p2a: Raging Bolt|spd|1
|
|upkeep
|turn|15
|
|t:|1776062221
|move|p2a: Raging Bolt|Calm Mind|p2a: Raging Bolt
|-boost|p2a: Raging Bolt|spa|1
|-boost|p2a: Raging Bolt|spd|1
|move|p1a: Blissey|Seismic Toss|p2a: Raging Bolt
|-damage|p2a: Raging Bolt|78/100
|
|upkeep
|turn|16
|
|t:|1776062229
|move|p2a: Raging Bolt|Dragon Pulse|p1a: Blissey
|-damage|p1a: Blissey|62/100
|move|p1a: Blissey|Calm Mind|p1a: Blissey
|-boost|p1a: Blissey|spa|1
|-boost|p1a: Blissey|spd|1
|
|upkeep
|turn|17
|
|t:|1776062236
|move|p2a: Raging Bolt|Calm Mind|p2a: Raging Bolt
|-boost|p2a: Raging Bolt|spa|1
|-boost|p2a: Raging Bolt|spd|1
|move|p1a: Blissey|Soft-Boiled|p1a: Blissey
|-heal|p1a: Blissey|100/100
|
|upkeep
|turn|18
|
|t:|1776062243
|move|p2a: Raging Bolt|Calm Mind|p2a: Raging Bolt
|-boost|p2a: Raging Bolt|spa|1
|-boost|p2a: Raging Bolt|spd|1
|move|p1a: Blissey|Calm Mind|p1a: Blissey
|-boost|p1a: Blissey|spa|1
|-boost|p1a: Blissey|spd|1
|
|upkeep
|turn|19
|
|t:|1776062250
|move|p2a: Raging Bolt|Calm Mind|p2a: Raging Bolt
|-boost|p2a: Raging Bolt|spa|1
|-boost|p2a: Raging Bolt|spd|1
|move|p1a: Blissey|Calm Mind|p1a: Blissey
|-boost|p1a: Blissey|spa|1
|-boost|p1a: Blissey|spd|1
|
|upkeep
|turn|20
|
|t:|1776062257
|move|p2a: Raging Bolt|Calm Mind|p2a: Raging Bolt
|-boost|p2a: Raging Bolt|spa|1
|-boost|p2a: Raging Bolt|spd|1
|move|p1a: Blissey|Calm Mind|p1a: Blissey
|-boost|p1a: Blissey|spa|1
|-boost|p1a: Blissey|spd|1
|
|upkeep
|turn|21
|
|t:|1776062269
|move|p2a: Raging Bolt|Dragon Pulse|p1a: Blissey
|-damage|p1a: Blissey|77/100
|move|p1a: Blissey|Calm Mind|p1a: Blissey
|-boost|p1a: Blissey|spa|1
|-boost|p1a: Blissey|spd|1
|
|upkeep
|turn|22
|
|t:|1776062276
|move|p2a: Raging Bolt|Dragon Pulse|p1a: Blissey
|-damage|p1a: Blissey|56/100
|move|p1a: Blissey|Calm Mind|p1a: Blissey
|-boost|p1a: Blissey|spa|1
|-boost|p1a: Blissey|spd|1
|
|upkeep
|turn|23
|
|t:|1776062283
|move|p2a: Raging Bolt|Volt Switch|p1a: Blissey
|-damage|p1a: Blissey|41/100
|
|t:|1776062286
|-end|p2a: Raging Bolt|Protosynthesis|[silent]
|switch|p2a: Serperior|Serperior, F|100/100|[from] Volt Switch
|move|p1a: Blissey|Soft-Boiled|p1a: Blissey
|-heal|p1a: Blissey|91/100
|
|upkeep
|turn|24
|
|t:|1776062295
|move|p2a: Serperior|Glare|p1a: Blissey
|-status|p1a: Blissey|par
|move|p1a: Blissey|Flamethrower|p2a: Serperior
|-supereffective|p2a: Serperior
|-damage|p2a: Serperior|0 fnt
|faint|p2a: Serperior
|
|upkeep
|-message|huyhoaga2401 forfeited.
|
|win|RadiantSol
|raw|RadiantSol's rating: 1215 &rarr; <strong>1237</strong><br />(+22 for winning)
|raw|huyhoaga2401's rating: 1173 &rarr; <strong>1151</strong><br />(-22 for losing)
|l|☆huyhoaga2401
|player|p2|
|l|‽RadiantSol
|player|p1|
