|html|<div class="broadcast-blue"><strong>[Gen 9] OU is currently suspecting Tera Blast! For information on how to participate check out the <a href="https://www.smogon.com/tools/suspects/view/200">suspect thread</a>.</strong></div>
|j|☆erick1011
|j|☆KC177
|t:|1776281656
|gametype|singles
|player|p1|erick1011|1|1339
|player|p2|KC177|2|1364
|gen|9
|tier|[Gen 9] OU
|rated|
|rule|HP Percentage Mod: HP is shown in percentages
|rule|Endless Battle Clause: Forcing endless battles is banned
|rule|Species Clause: Limit one of each Pokémon
|rule|OHKO Clause: OHKO moves are banned
|rule|Evasion Items Clause: Evasion items are banned
|rule|Evasion Moves Clause: Evasion moves are banned
|rule|Evasion Abilities Clause: Evasion abilities are banned
|rule|Sleep Moves Clause: Sleep-inducing moves are banned
|clearpoke
|poke|p1|Sableye, M|
|poke|p1|Glimmora, F|
|poke|p1|Cloyster, F|
|poke|p1|Espeon, F|
|poke|p1|Cinderace, M|
|poke|p1|Breloom, M|
|poke|p2|Great Tusk|
|poke|p2|Gholdengo|
|poke|p2|Hatterene, F|
|poke|p2|Tornadus-Therian, M|
|poke|p2|Dondozo, F|
|poke|p2|Meowscarada, F|
|teampreview
|
|t:|1776281670
|teamsize|p1|6
|teamsize|p2|6
|start
|switch|p1a: Glimmora|Glimmora, F|100/100
|switch|p2a: Gholdengo|Gholdengo|100/100
|turn|1
|inactive|Battle timer is ON: inactive players will automatically lose when time's up. (requested by erick1011)
|
|t:|1776281682
|-terastallize|p1a: Glimmora|Flying
|move|p1a: Glimmora|Meteor Beam||[still]
|-prepare|p1a: Glimmora|Meteor Beam
|-boost|p1a: Glimmora|spa|1
|-enditem|p1a: Glimmora|Power Herb
|-anim|p1a: Glimmora|Meteor Beam|p2a: Gholdengo
|-resisted|p2a: Gholdengo
|-damage|p2a: Gholdengo|45/100
|move|p2a: Gholdengo|Make It Rain|p1a: Glimmora
|-damage|p1a: Glimmora|0 fnt
|-unboost|p2a: Gholdengo|spa|1
|faint|p1a: Glimmora
|
|upkeep
|
|t:|1776281698
|switch|p1a: Espeon|Espeon, F|100/100
|turn|2
|
|t:|1776281702
|move|p1a: Espeon|Shadow Ball|p2a: Gholdengo
|-supereffective|p2a: Gholdengo
|-damage|p2a: Gholdengo|0 fnt
|faint|p2a: Gholdengo
|
|upkeep
|
|t:|1776281711
|switch|p2a: Meowscarada|Meowscarada, F|100/100
|turn|3
|
|t:|1776281729
|switch|p1a: Breloom|Breloom, M|100/100
|move|p2a: Meowscarada|Triple Axel|p1a: Breloom
|-start|p2a: Meowscarada|typechange|Ice|[from] ability: Protean
|-supereffective|p1a: Breloom
|-damage|p1a: Breloom|57/100
|-supereffective|p1a: Breloom
|-damage|p1a: Breloom|0 fnt
|faint|p1a: Breloom
|-hitcount|p1: Breloom|2
|
|upkeep
|c|☆erick1011|lol
|
|t:|1776281735
|switch|p1a: Cloyster|Cloyster, F|100/100
|turn|4
|
|t:|1776281739
|move|p2a: Meowscarada|Triple Axel|p1a: Cloyster|[miss]
|-miss|p2a: Meowscarada|p1a: Cloyster
|move|p1a: Cloyster|Shell Smash|p1a: Cloyster
|-unboost|p1a: Cloyster|def|1
|-unboost|p1a: Cloyster|spd|1
|-boost|p1a: Cloyster|atk|2
|-boost|p1a: Cloyster|spa|2
|-boost|p1a: Cloyster|spe|2
|
|upkeep
|turn|5
|
|t:|1776281743
|switch|p2a: Dondozo|Dondozo, F|100/100
|move|p1a: Cloyster|Rock Blast|p2a: Dondozo
|-damage|p2a: Dondozo|96/100
|-damage|p2a: Dondozo|91/100
|-damage|p2a: Dondozo|86/100
|-damage|p2a: Dondozo|82/100
|-damage|p2a: Dondozo|77/100
|-hitcount|p2a: Dondozo|5
|
|upkeep
|turn|6
|
|t:|1776281751
|move|p1a: Cloyster|Hydro Pump|p2a: Dondozo
|-resisted|p2a: Dondozo
|-crit|p2a: Dondozo
|-damage|p2a: Dondozo|58/100
|move|p2a: Dondozo|Wave Crash|p1a: Cloyster
|-resisted|p1a: Cloyster
|-damage|p1a: Cloyster|82/100
|-damage|p2a: Dondozo|55/100|[from] Recoil
|
|upkeep
|turn|7
|
|t:|1776281762
|move|p1a: Cloyster|Rock Blast|p2a: Dondozo
|-damage|p2a: Dondozo|50/100
|-damage|p2a: Dondozo|45/100
|-damage|p2a: Dondozo|41/100
|-damage|p2a: Dondozo|36/100
|-damage|p2a: Dondozo|31/100
|-hitcount|p2a: Dondozo|5
|move|p2a: Dondozo|Rest|p2a: Dondozo
|-status|p2a: Dondozo|slp|[from] move: Rest
|-heal|p2a: Dondozo|100/100 slp|[silent]
|-enditem|p2a: Dondozo|Chesto Berry|[eat]
|-curestatus|p2a: Dondozo|slp|[msg]
|
|upkeep
|turn|8
|
|t:|1776281769
|move|p1a: Cloyster|Hydro Pump|p2a: Dondozo
|-resisted|p2a: Dondozo
|-crit|p2a: Dondozo
|-damage|p2a: Dondozo|83/100
|move|p2a: Dondozo|Wave Crash|p1a: Cloyster
|-resisted|p1a: Cloyster
|-damage|p1a: Cloyster|63/100
|-damage|p2a: Dondozo|80/100|[from] Recoil
|
|upkeep
|turn|9
|
|t:|1776281776
|move|p1a: Cloyster|Rock Blast|p2a: Dondozo
|-damage|p2a: Dondozo|75/100
|-crit|p2a: Dondozo
|-damage|p2a: Dondozo|68/100
|-damage|p2a: Dondozo|64/100
|-damage|p2a: Dondozo|59/100
|-damage|p2a: Dondozo|54/100
|-hitcount|p2a: Dondozo|5
|move|p2a: Dondozo|Curse|p2a: Dondozo
|-unboost|p2a: Dondozo|spe|1
|-boost|p2a: Dondozo|atk|1
|-boost|p2a: Dondozo|def|1
|
|upkeep
|turn|10
|
|t:|1776281781
|switch|p1a: Sableye|Sableye, M|100/100
|move|p2a: Dondozo|Wave Crash|p1a: Sableye
|-damage|p1a: Sableye|1/100
|-damage|p2a: Dondozo|34/100|[from] Recoil
|
|-heal|p1a: Sableye|7/100|[from] item: Leftovers
|upkeep
|turn|11
|
|t:|1776281787
|move|p1a: Sableye|Will-O-Wisp|p2a: Dondozo
|-status|p2a: Dondozo|brn
|move|p2a: Dondozo|Wave Crash|p1a: Sableye
|-damage|p1a: Sableye|0 fnt
|faint|p1a: Sableye
|-damage|p2a: Dondozo|33/100 brn|[from] Recoil
|
|-damage|p2a: Dondozo|27/100 brn|[from] brn
|upkeep
|
|t:|1776281794
|switch|p1a: Espeon|Espeon, F|100/100
|turn|12
|
|t:|1776281803
|switch|p2a: Meowscarada|Meowscarada, F|100/100
|move|p1a: Espeon|Psychic Noise|p2a: Meowscarada
|-immune|p2a: Meowscarada
|
|upkeep
|turn|13
|
|t:|1776281808
|switch|p1a: Cinderace|Cinderace, M|100/100
|move|p2a: Meowscarada|Knock Off|p1a: Cinderace
|-start|p2a: Meowscarada|typechange|Dark|[from] ability: Protean
|-damage|p1a: Cinderace|0 fnt
|-enditem|p1a: Cinderace|Choice Band|[from] move: Knock Off|[of] p2a: Meowscarada
|faint|p1a: Cinderace
|
|upkeep
|c|☆erick1011|bro
|n|!erick1011|erick1011
|
|t:|1776281818
|switch|p1a: Cloyster|Cloyster, F|63/100
|turn|14
|
|t:|1776281823
|move|p2a: Meowscarada|Knock Off|p1a: Cloyster
|-damage|p1a: Cloyster|3/100
|-enditem|p1a: Cloyster|Focus Sash|[from] move: Knock Off|[of] p2a: Meowscarada
|move|p1a: Cloyster|Icicle Spear|p2a: Meowscarada
|-damage|p2a: Meowscarada|82/100
|-damage|p2a: Meowscarada|65/100
|-damage|p2a: Meowscarada|47/100
|-damage|p2a: Meowscarada|28/100
|-damage|p2a: Meowscarada|9/100
|-hitcount|p2a: Meowscarada|5
|
|upkeep
|turn|15
|
|t:|1776281832
|move|p2a: Meowscarada|Knock Off|p1a: Cloyster
|-damage|p1a: Cloyster|0 fnt
|faint|p1a: Cloyster
|
|upkeep
|
|t:|1776281834
|switch|p1a: Espeon|Espeon, F|100/100
|turn|16
|
|t:|1776281838
|move|p1a: Espeon|Draining Kiss|p2a: Meowscarada
|-supereffective|p2a: Meowscarada
|-damage|p2a: Meowscarada|0 fnt
|faint|p2a: Meowscarada
|
|upkeep
|
|t:|1776281860
|switch|p2a: Tornadus|Tornadus-Therian, M|100/100
|turn|17
|
|t:|1776281863
|-terastallize|p2a: Tornadus|Dark
|move|p1a: Espeon|Draining Kiss|p2a: Tornadus
|-supereffective|p2a: Tornadus
|-damage|p2a: Tornadus|78/100
|move|p2a: Tornadus|Foul Play|p1a: Espeon
|-supereffective|p1a: Espeon
|-damage|p1a: Espeon|41/100
|
|upkeep
|turn|18
|
|t:|1776281871
|move|p1a: Espeon|Draining Kiss|p2a: Tornadus
|-supereffective|p2a: Tornadus
|-damage|p2a: Tornadus|52/100
|-heal|p1a: Espeon|66/100|[from] drain|[of] p2a: Tornadus
|move|p2a: Tornadus|Foul Play|p1a: Espeon
|-supereffective|p1a: Espeon
|-damage|p1a: Espeon|4/100
|
|upkeep
|turn|19
|
|t:|1776281876
|move|p1a: Espeon|Draining Kiss|p2a: Tornadus
|-supereffective|p2a: Tornadus
|-damage|p2a: Tornadus|28/100
|-heal|p1a: Espeon|28/100|[from] drain|[of] p2a: Tornadus
|move|p2a: Tornadus|U-turn|p1a: Espeon
|-supereffective|p1a: Espeon
|-damage|p1a: Espeon|0 fnt
|faint|p1a: Espeon
|
|win|KC177
