|j|☆ShadowTree87
|j|☆emdimd
|inactive|Battle timer is ON: inactive players will automatically lose when time's up.
|t:|1776262723
|gametype|singles
|player|p1|ShadowTree87|falkner|
|player|p2|emdimd|1|
|gen|9
|tier|[Gen 9] OU
|rated|Tournament battle
|rule|HP Percentage Mod: HP is shown in percentages
|rule|Endless Battle Clause: Forcing endless battles is banned
|rule|Species Clause: Limit one of each Pokémon
|rule|OHKO Clause: OHKO moves are banned
|rule|Evasion Items Clause: Evasion items are banned
|rule|Evasion Moves Clause: Evasion moves are banned
|rule|Evasion Abilities Clause: Evasion abilities are banned
|rule|Sleep Moves Clause: Sleep-inducing moves are banned
|raw|<div class="infobox"><details class="readmore"><summary><strong>15 custom rules:</strong></summary> -burmy, -caterpie, -combee, -kricketot, -magikarp, -scatterbug, -sunkern, -tynamo, -typenull, -weedle, -wurmple, -cosmog, -blipbug, -snom, -wynaut</details></div>
|clearpoke
|poke|p1|Cloyster, F|
|poke|p1|Garchomp, F|
|poke|p1|Azumarill, M|
|poke|p2|Weavile, M|
|poke|p2|Basculegion-F, F|
|poke|p2|Mienshao, M|
|teampreview
|j|*Lady Monita 
|c|☆ShadowTree87|gl
|
|t:|1776262737
|teamsize|p1|3
|teamsize|p2|3
|start
|switch|p1a: Azumarill|Azumarill, M|100/100
|switch|p2a: Mienshao|Mienshao, M|100/100
|turn|1
|
|t:|1776262746
|move|p2a: Mienshao|Fake Out|p1a: Azumarill
|-damage|p1a: Azumarill|86/100
|cant|p1a: Azumarill|flinch
|
|upkeep
|turn|2
|
|t:|1776262750
|move|p2a: Mienshao|U-turn|p1a: Azumarill
|-resisted|p1a: Azumarill
|-damage|p1a: Azumarill|74/100
|
|t:|1776262752
|switch|p2a: Basculegion|Basculegion-F, F|100/100|[from] U-turn
|move|p1a: Azumarill|Belly Drum|p1a: Azumarill
|-damage|p1a: Azumarill|24/100
|-setboost|p1a: Azumarill|atk|6|[from] move: Belly Drum
|-enditem|p1a: Azumarill|Sitrus Berry|[eat]
|-heal|p1a: Azumarill|49/100|[from] item: Sitrus Berry
|
|upkeep
|turn|3
|j| Asadrona111
|inactive|ShadowTree87 has 120 seconds left.
|
|t:|1776262787
|move|p2a: Basculegion|Shadow Ball|p1a: Azumarill
|-damage|p1a: Azumarill|0 fnt
|faint|p1a: Azumarill
|
|upkeep
|
|t:|1776262800
|switch|p1a: Garchomp|Garchomp, F|100/100
|turn|4
|
|t:|1776262813
|-terastallize|p1a: Garchomp|Steel
|move|p1a: Garchomp|Swords Dance|p1a: Garchomp
|-boost|p1a: Garchomp|atk|2
|move|p2a: Basculegion|Ice Beam|p1a: Garchomp
|-resisted|p1a: Garchomp
|-damage|p1a: Garchomp|86/100
|
|upkeep
|turn|5
|
|t:|1776262817
|move|p1a: Garchomp|Scale Shot|p2a: Basculegion
|-damage|p2a: Basculegion|73/100
|-damage|p2a: Basculegion|41/100
|-damage|p2a: Basculegion|13/100
|-damage|p2a: Basculegion|0 fnt
|faint|p2a: Basculegion
|-hitcount|p2: Basculegion|4
|-unboost|p1a: Garchomp|def|1
|-boost|p1a: Garchomp|spe|1
|
|upkeep
|
|t:|1776262824
|switch|p2a: Mienshao|Mienshao, M|100/100
|turn|6
|
|t:|1776262830
|move|p2a: Mienshao|Fake Out|p1a: Garchomp
|-resisted|p1a: Garchomp
|-damage|p1a: Garchomp|76/100
|-damage|p2a: Mienshao|88/100|[from] ability: Rough Skin|[of] p1a: Garchomp
|cant|p1a: Garchomp|flinch
|
|upkeep
|turn|7
|
|t:|1776262843
|move|p1a: Garchomp|Earthquake|p2a: Mienshao
|-damage|p2a: Mienshao|0 fnt
|faint|p2a: Mienshao
|
|upkeep
|
|t:|1776262845
|switch|p2a: Weavile|Weavile, M|100/100
|-ability|p2a: Weavile|Pressure
|turn|8
|
|t:|1776262848
|move|p2a: Weavile|Fake Out|p1a: Garchomp
|-resisted|p1a: Garchomp
|-damage|p1a: Garchomp|64/100
|-damage|p2a: Weavile|88/100|[from] ability: Rough Skin|[of] p1a: Garchomp
|-damage|p2a: Weavile|78/100|[from] item: Life Orb
|cant|p1a: Garchomp|flinch
|
|upkeep
|turn|9
|
|t:|1776262851
|-terastallize|p2a: Weavile|Ghost
|move|p1a: Garchomp|Iron Head|p2a: Weavile
|-damage|p2a: Weavile|0 fnt
|faint|p2a: Weavile
|
|win|ShadowTree87
|n|☆ShadowTree87|shadowtree87
|n|☆emdimd|emdimd
|n|*Lady Monita |ladymonita
|n| Asadrona111|asadrona111
