|html|<div class="broadcast-blue"><strong>[Gen 9] OU is currently suspecting Volcarona! For information on how to participate check out the <a href="https://www.smogon.com/tools/suspects/view/208">suspect thread</a>.</strong></div>
|j|☆erjtsers
|j|☆sigm4
|t:|1778511684
|gametype|singles
|player|p1|erjtsers|fisherman-gen4|1533
|player|p2|sigm4|giovanni|1530
|gen|9
|tier|[Gen 9] OU
|rated|
|rule|HP Percentage Mod: HP is shown in percentages
|rule|Endless Battle Clause: Forcing endless battles is banned
|rule|Species Clause: Limit one of each Pokémon
|rule|OHKO Clause: OHKO moves are banned
|rule|Evasion Items Clause: Evasion items are banned
|rule|Evasion Moves Clause: Evasion moves are banned
|rule|Evasion Abilities Clause: Evasion abilities are banned
|rule|Sleep Moves Clause: Sleep-inducing moves are banned
|clearpoke
|poke|p1|Cinderace, M|
|poke|p1|Alomomola, M|
|poke|p1|Great Tusk|
|poke|p1|Iron Valiant|
|poke|p1|Pecharunt|
|poke|p1|Ogerpon-Cornerstone, F|
|poke|p2|Raging Bolt|
|poke|p2|Primarina, F|
|poke|p2|Darkrai|
|poke|p2|Ogerpon-Wellspring, F|
|poke|p2|Great Tusk|
|poke|p2|Corviknight, M|
|teampreview
|inactive|Battle timer is ON: inactive players will automatically lose when time's up. (requested by sigm4)
|inactive|sigm4 has 120 seconds left.
|
|t:|1778511724
|teamsize|p1|6
|teamsize|p2|6
|start
|switch|p1a: Cinderace|Cinderace, M|100/100
|switch|p2a: Jack|Ogerpon-Wellspring, F|100/100
|turn|1
|
|t:|1778511737
|switch|p2a: Brenda|Primarina, F|100/100
|move|p1a: Cinderace|U-turn|p2a: Brenda
|-start|p1a: Cinderace|typechange|Bug|[from] ability: Libero
|-resisted|p2a: Brenda
|-damage|p2a: Brenda|72/100
|
|t:|1778511741
|switch|p1a: Ogerpon|Ogerpon-Cornerstone, F|100/100|[from] U-turn
|
|upkeep
|turn|2
|
|t:|1778511745
|switch|p2a: The Great Tusk|Great Tusk|100/100
|move|p1a: Ogerpon|Power Whip|p2a: The Great Tusk|[miss]
|-miss|p1a: Ogerpon|p2a: The Great Tusk
|
|upkeep
|turn|3
|
|t:|1778511751
|-end|p2a: The Great Tusk|Protosynthesis|[silent]
|switch|p2a: Lancelot|Corviknight, M|100/100
|-ability|p2a: Lancelot|Pressure
|move|p1a: Ogerpon|Power Whip|p2a: Lancelot
|-resisted|p2a: Lancelot
|-damage|p2a: Lancelot|90/100
|-damage|p1a: Ogerpon|84/100|[from] item: Rocky Helmet|[of] p2a: Lancelot
|
|upkeep
|turn|4
|
|t:|1778511759
|switch|p1a: Pecharunt|Pecharunt|100/100
|switch|p2a: Overlord|Darkrai|100/100
|
|upkeep
|turn|5
|
|t:|1778511764
|switch|p1a: Alomomola|Alomomola, M, shiny|100/100
|move|p2a: Overlord|Nasty Plot|p2a: Overlord
|-boost|p2a: Overlord|spa|2
|
|upkeep
|turn|6
|
|t:|1778511769
|move|p2a: Overlord|Nasty Plot|p2a: Overlord
|-boost|p2a: Overlord|spa|2
|move|p1a: Alomomola|Play Rough|p2a: Overlord
|-supereffective|p2a: Overlord
|-damage|p2a: Overlord|54/100
|
|upkeep
|turn|7
|
|t:|1778511783
|-terastallize|p1a: Alomomola|Fairy
|move|p2a: Overlord|Dark Pulse|p1a: Alomomola
|-resisted|p1a: Alomomola
|-damage|p1a: Alomomola|57/100
|-damage|p2a: Overlord|44/100|[from] item: Life Orb
|move|p1a: Alomomola|Play Rough|p2a: Overlord
|-supereffective|p2a: Overlord
|-damage|p2a: Overlord|0 fnt
|faint|p2a: Overlord
|
|upkeep
|
|t:|1778511796
|switch|p2a: Burj Khalifa|Raging Bolt|100/100
|turn|8
|
|t:|1778511801
|move|p2a: Burj Khalifa|Draco Meteor|p1a: Alomomola
|-immune|p1a: Alomomola
|move|p1a: Alomomola|Mirror Coat||[still]
|-fail|p1a: Alomomola
|
|upkeep
|turn|9
|-message|sigm4 forfeited.
|
|win|erjtsers
|raw|erjtsers's rating: 1533 &rarr; <strong>1553</strong><br />(+20 for winning)
|raw|sigm4's rating: 1530 &rarr; <strong>1510</strong><br />(-20 for losing)
|l|☆sigm4
|player|p2|
