|html|<div class="broadcast-blue"><strong>[Gen 9] OU is currently suspecting Tera Blast! For information on how to participate check out the <a href="https://www.smogon.com/tools/suspects/view/200">suspect thread</a>.</strong></div>
|j|‽browoo42
|j|☆ridleyfr
|t:|1776106077
|gametype|singles
|player|p1|browoo42|102|1587
|player|p2|ridleyfr|dawn|1568
|gen|9
|tier|[Gen 9] OU
|rated|
|rule|HP Percentage Mod: HP is shown in percentages
|rule|Endless Battle Clause: Forcing endless battles is banned
|rule|Species Clause: Limit one of each Pokémon
|rule|OHKO Clause: OHKO moves are banned
|rule|Evasion Items Clause: Evasion items are banned
|rule|Evasion Moves Clause: Evasion moves are banned
|rule|Evasion Abilities Clause: Evasion abilities are banned
|rule|Sleep Moves Clause: Sleep-inducing moves are banned
|clearpoke
|poke|p1|Jirachi|
|poke|p1|Dragonite, F|
|poke|p1|Crawdaunt, M|
|poke|p1|Mew|
|poke|p1|Corviknight, F|
|poke|p1|Dragapult, M|
|poke|p2|Gliscor, F|
|poke|p2|Heatran, M|
|poke|p2|Sinistcha|
|poke|p2|Corviknight, M|
|poke|p2|Tentacruel, F|
|poke|p2|Darkrai|
|teampreview
|inactive|Battle timer is ON: inactive players will automatically lose when time's up. (requested by ridleyfr)
|
|t:|1776106085
|teamsize|p1|6
|teamsize|p2|6
|start
|switch|p1a: Dragapult|Dragapult, M|100/100
|switch|p2a: Gliskibidi|Gliscor, F|100/100
|turn|1
|
|t:|1776106094
|move|p2a: Gliskibidi|Protect|p2a: Gliskibidi
|-singleturn|p2a: Gliskibidi|Protect
|move|p1a: Dragapult|U-turn|p2a: Gliskibidi
|-activate|p2a: Gliskibidi|move: Protect
|
|-status|p2a: Gliskibidi|tox|[from] item: Toxic Orb
|upkeep
|turn|2
|
|t:|1776106102
|switch|p1a: Corviknight|Corviknight, F|100/100
|move|p2a: Gliskibidi|Knock Off|p1a: Corviknight
|-damage|p1a: Corviknight|86/100
|-damage|p2a: Gliskibidi|84/100 tox|[from] item: Rocky Helmet|[of] p1a: Corviknight
|-enditem|p1a: Corviknight|Rocky Helmet|[from] move: Knock Off|[of] p2a: Gliskibidi
|
|-heal|p2a: Gliskibidi|97/100 tox|[from] ability: Poison Heal
|upkeep
|turn|3
|
|t:|1776106112
|move|p2a: Gliskibidi|Spikes|p1a: Corviknight
|-sidestart|p1: browoo42|Spikes
|move|p1a: Corviknight|U-turn|p2a: Gliskibidi
|-resisted|p2a: Gliskibidi
|-damage|p2a: Gliskibidi|90/100 tox
|
|t:|1776106119
|switch|p1a: Mew|Mew|100/100|[from] U-turn
|-damage|p1a: Mew|88/100|[from] Spikes
|
|-heal|p2a: Gliskibidi|100/100 tox|[from] ability: Poison Heal
|upkeep
|turn|4
|
|t:|1776106127
|move|p1a: Mew|Ice Beam|p2a: Gliskibidi
|-supereffective|p2a: Gliskibidi
|-crit|p2a: Gliskibidi
|-damage|p2a: Gliskibidi|0 fnt
|faint|p2a: Gliskibidi
|-damage|p1a: Mew|78/100|[from] item: Life Orb
|
|upkeep
|
|t:|1776106133
|switch|p2a: DreamNotFound|Darkrai|100/100
|turn|5
|
|t:|1776106136
|switch|p1a: Corviknight|Corviknight, F|86/100
|move|p2a: DreamNotFound|Knock Off|p1a: Corviknight
|-damage|p1a: Corviknight|72/100
|
|upkeep
|turn|6
|
|t:|1776106143
|move|p2a: DreamNotFound|Dark Pulse|p1a: Corviknight
|-damage|p1a: Corviknight|25/100
|move|p1a: Corviknight|U-turn|p2a: DreamNotFound
|-supereffective|p2a: DreamNotFound
|-damage|p2a: DreamNotFound|62/100
|
|t:|1776106150
|switch|p1a: Dragonite|Dragonite, F|100/100|[from] U-turn
|
|upkeep
|turn|7
|
|t:|1776106155
|switch|p2a: MEGA KNIGHT|Corviknight, M|100/100
|-ability|p2a: MEGA KNIGHT|Pressure
|-terastallize|p1a: Dragonite|Normal
|move|p1a: Dragonite|Extreme Speed|p2a: MEGA KNIGHT
|-resisted|p2a: MEGA KNIGHT
|-damage|p2a: MEGA KNIGHT|79/100
|-damage|p1a: Dragonite|84/100|[from] item: Rocky Helmet|[of] p2a: MEGA KNIGHT
|
|upkeep
|turn|8
|
|t:|1776106172
|switch|p1a: Dragapult|Dragapult, M|100/100
|-damage|p1a: Dragapult|88/100|[from] Spikes
|move|p2a: MEGA KNIGHT|U-turn|p1a: Dragapult
|-resisted|p1a: Dragapult
|-damage|p1a: Dragapult|78/100
|
|t:|1776106182
|switch|p2a: Hephaepstein|Heatran, M|100/100|[from] U-turn
|
|upkeep
|turn|9
|
|t:|1776106201
|move|p1a: Dragapult|U-turn|p2a: Hephaepstein
|-resisted|p2a: Hephaepstein
|-damage|p2a: Hephaepstein|97/100
|
|t:|1776106217
|switch|p1a: Dragonite|Dragonite, F, tera:Normal|84/100|[from] U-turn
|-damage|p1a: Dragonite|72/100|[from] Spikes
|move|p2a: Hephaepstein|Will-O-Wisp|p1a: Dragonite
|-status|p1a: Dragonite|brn
|
|-heal|p2a: Hephaepstein|100/100|[from] item: Leftovers
|-damage|p1a: Dragonite|66/100 brn|[from] brn
|upkeep
|turn|10
|
|t:|1776106240
|move|p1a: Dragonite|Earthquake|p2a: Hephaepstein
|-supereffective|p2a: Hephaepstein
|-damage|p2a: Hephaepstein|2/100
|move|p2a: Hephaepstein|Stealth Rock|p1a: Dragonite
|-sidestart|p1: browoo42|move: Stealth Rock
|
|-heal|p2a: Hephaepstein|8/100|[from] item: Leftovers
|-damage|p1a: Dragonite|59/100 brn|[from] brn
|upkeep
|turn|11
|
|t:|1776106252
|switch|p1a: Corviknight|Corviknight, F|25/100
|-damage|p1a: Corviknight|13/100|[from] Stealth Rock
|switch|p2a: MEGA KNIGHT|Corviknight, M|79/100
|-ability|p2a: MEGA KNIGHT|Pressure
|
|upkeep
|turn|12
|
|t:|1776106261
|move|p2a: MEGA KNIGHT|U-turn|p1a: Corviknight
|-resisted|p1a: Corviknight
|-damage|p1a: Corviknight|11/100
|
|t:|1776106263
|switch|p2a: Hephaepstein|Heatran, M|8/100|[from] U-turn
|move|p1a: Corviknight|Defog|p2a: Hephaepstein
|-unboost|p2a: Hephaepstein|evasion|1
|-sideend|p1: browoo42|Spikes|[from] move: Defog|[of] p1a: Corviknight
|-sideend|p1: browoo42|Stealth Rock|[from] move: Defog|[of] p1a: Corviknight
|
|-heal|p2a: Hephaepstein|14/100|[from] item: Leftovers
|upkeep
|turn|13
|
|t:|1776106272
|move|p2a: Hephaepstein|Stealth Rock|p1a: Corviknight
|-sidestart|p1: browoo42|move: Stealth Rock
|move|p1a: Corviknight|Body Press|p2a: Hephaepstein
|-supereffective|p2a: Hephaepstein
|-damage|p2a: Hephaepstein|0 fnt
|faint|p2a: Hephaepstein
|
|upkeep
|
|t:|1776106276
|switch|p2a: DreamNotFound|Darkrai|62/100
|turn|14
|
|t:|1776106284
|move|p2a: DreamNotFound|Dark Pulse|p1a: Corviknight
|-damage|p1a: Corviknight|0 fnt
|faint|p1a: Corviknight
|
|upkeep
|
|t:|1776106295
|switch|p1a: Dragapult|Dragapult, M|78/100
|-damage|p1a: Dragapult|65/100|[from] Stealth Rock
|turn|15
|
|t:|1776106306
|move|p2a: DreamNotFound|Sucker Punch|p1a: Dragapult
|-supereffective|p1a: Dragapult
|-damage|p1a: Dragapult|0 fnt
|faint|p1a: Dragapult
|
|upkeep
|
|t:|1776106320
|switch|p1a: Dragonite|Dragonite, F, tera:Normal|59/100 brn
|-damage|p1a: Dragonite|47/100 brn|[from] Stealth Rock
|turn|16
|
|t:|1776106324
|switch|p2a: MEGA KNIGHT|Corviknight, M|79/100
|-ability|p2a: MEGA KNIGHT|Pressure
|move|p1a: Dragonite|Extreme Speed|p2a: MEGA KNIGHT
|-resisted|p2a: MEGA KNIGHT
|-crit|p2a: MEGA KNIGHT
|-damage|p2a: MEGA KNIGHT|62/100
|-damage|p1a: Dragonite|31/100 brn|[from] item: Rocky Helmet|[of] p2a: MEGA KNIGHT
|
|-damage|p1a: Dragonite|24/100 brn|[from] brn
|upkeep
|turn|17
|
|t:|1776106336
|move|p1a: Dragonite|Extreme Speed|p2a: MEGA KNIGHT
|-resisted|p2a: MEGA KNIGHT
|-crit|p2a: MEGA KNIGHT
|-damage|p2a: MEGA KNIGHT|48/100
|-damage|p1a: Dragonite|8/100 brn|[from] item: Rocky Helmet|[of] p2a: MEGA KNIGHT
|move|p2a: MEGA KNIGHT|Roost|p2a: MEGA KNIGHT
|-heal|p2a: MEGA KNIGHT|98/100
|-singleturn|p2a: MEGA KNIGHT|move: Roost
|
|-damage|p1a: Dragonite|2/100 brn|[from] brn
|upkeep
|turn|18
|
|t:|1776106348
|switch|p1a: Jirachi|Jirachi|100/100
|-damage|p1a: Jirachi|94/100|[from] Stealth Rock
|move|p2a: MEGA KNIGHT|Iron Defense|p2a: MEGA KNIGHT
|-boost|p2a: MEGA KNIGHT|def|2
|
|upkeep
|turn|19
|
|t:|1776106355
|move|p1a: Jirachi|Trick|p2a: MEGA KNIGHT
|-activate|p1a: Jirachi|move: Trick|[of] p2a: MEGA KNIGHT
|-item|p2a: MEGA KNIGHT|Choice Scarf|[from] move: Trick
|-item|p1a: Jirachi|Rocky Helmet|[from] move: Trick
|move|p2a: MEGA KNIGHT|U-turn|p1a: Jirachi
|-damage|p1a: Jirachi|79/100
|-damage|p2a: MEGA KNIGHT|81/100|[from] item: Rocky Helmet|[of] p1a: Jirachi
|
|t:|1776106360
|switch|p2a: DreamNotFound|Darkrai|62/100|[from] U-turn
|
|upkeep
|turn|20
|
|t:|1776106368
|switch|p1a: Dragonite|Dragonite, F, tera:Normal|2/100 brn
|-damage|p1a: Dragonite|0 fnt|[from] Stealth Rock
|faint|p1a: Dragonite
|move|p2a: DreamNotFound|Dark Pulse|p1: Dragonite|[notarget]
|-fail|p2a: DreamNotFound
|
|upkeep
|
|t:|1776106375
|switch|p1a: Crawdaunt|Crawdaunt, M|100/100
|-damage|p1a: Crawdaunt|88/100|[from] Stealth Rock
|turn|21
|
|t:|1776106381
|switch|p2a: MEGA KNIGHT|Corviknight, M|81/100
|-ability|p2a: MEGA KNIGHT|Pressure
|move|p1a: Crawdaunt|Swords Dance|p1a: Crawdaunt
|-boost|p1a: Crawdaunt|atk|2
|
|upkeep
|turn|22
|
|t:|1776106388
|move|p2a: MEGA KNIGHT|Brave Bird|p1a: Crawdaunt
|-damage|p1a: Crawdaunt|35/100
|-damage|p2a: MEGA KNIGHT|69/100|[from] Recoil
|move|p1a: Crawdaunt|Crabhammer|p2a: MEGA KNIGHT
|-damage|p2a: MEGA KNIGHT|0 fnt
|faint|p2a: MEGA KNIGHT
|
|upkeep
|
|t:|1776106397
|switch|p2a: The Squiddler|Tentacruel, F, shiny|100/100
|turn|23
|
|t:|1776106401
|switch|p1a: Mew|Mew|78/100
|-damage|p1a: Mew|66/100|[from] Stealth Rock
|move|p2a: The Squiddler|Sludge Bomb|p1a: Mew
|-damage|p1a: Mew|32/100
|-status|p1a: Mew|psn
|-activate|p1a: Mew|ability: Synchronize
|-immune|p2a: The Squiddler
|
|-damage|p1a: Mew|19/100 psn|[from] psn
|upkeep
|turn|24
|
|t:|1776106414
|move|p2a: The Squiddler|Surf|p1a: Mew
|-crit|p1a: Mew
|-damage|p1a: Mew|0 fnt
|faint|p1a: Mew
|
|upkeep
|-message|browoo42 forfeited.
|
|win|ridleyfr
|raw|browoo42's rating: 1587 &rarr; <strong>1566</strong><br />(-21 for losing)
|raw|ridleyfr's rating: 1568 &rarr; <strong>1589</strong><br />(+21 for winning)
|l|‽browoo42
|player|p1|
|l|☆ridleyfr
|player|p2|
