|html|<div class="broadcast-blue"><strong>[Gen 9] OU is currently suspecting Tera Blast! For information on how to participate check out the <a href="https://www.smogon.com/tools/suspects/view/200">suspect thread</a>.</strong></div>
|j|☆ian12286252
|j|☆Vishwesh_2304
|t:|1776345408
|gametype|singles
|player|p1|ian12286252|pokemaniac|1049
|player|p2|Vishwesh_2304|lucas|1005
|gen|9
|tier|[Gen 9] OU
|rated|
|rule|HP Percentage Mod: HP is shown in percentages
|rule|Endless Battle Clause: Forcing endless battles is banned
|rule|Species Clause: Limit one of each Pokémon
|rule|OHKO Clause: OHKO moves are banned
|rule|Evasion Items Clause: Evasion items are banned
|rule|Evasion Moves Clause: Evasion moves are banned
|rule|Evasion Abilities Clause: Evasion abilities are banned
|rule|Sleep Moves Clause: Sleep-inducing moves are banned
|clearpoke
|poke|p1|Iron Valiant|
|poke|p1|Incineroar, M|
|poke|p1|Talonflame, M|
|poke|p1|Landorus-Therian, M|
|poke|p1|Raging Bolt|
|poke|p1|Kingambit, M|
|poke|p2|Greninja-*, F|
|poke|p2|Blaziken, F|
|poke|p2|Hoopa-Unbound|
|poke|p2|Zoroark, F|
|poke|p2|Rillaboom, F|
|poke|p2|Metagross|
|teampreview
|
|t:|1776345418
|teamsize|p1|6
|teamsize|p2|6
|start
|switch|p1a: Incineroar|Incineroar, M, shiny|100/100
|switch|p2a: Greninja|Greninja, F|100/100
|-ability|p1a: Incineroar|Intimidate|boost
|-unboost|p2a: Greninja|atk|1
|turn|1
|
|t:|1776345429
|-terastallize|p2a: Greninja|Water
|move|p1a: Incineroar|Fake Out|p2a: Greninja
|-damage|p2a: Greninja|85/100
|cant|p2a: Greninja|flinch
|
|-heal|p2a: Greninja|91/100|[from] item: Leftovers
|upkeep
|turn|2
|
|t:|1776345445
|switch|p1a: Raging Bolt|Raging Bolt|100/100
|-enditem|p1a: Raging Bolt|Booster Energy
|-activate|p1a: Raging Bolt|ability: Protosynthesis|[fromitem]
|-start|p1a: Raging Bolt|protosynthesisspa
|move|p2a: Greninja|Hydro Cannon|p1a: Raging Bolt
|-resisted|p1a: Raging Bolt
|-damage|p1a: Raging Bolt|64/100
|-mustrecharge|p2a: Greninja
|
|-heal|p2a: Greninja|97/100|[from] item: Leftovers
|upkeep
|turn|3
|
|t:|1776345456
|cant|p2a: Greninja|recharge
|move|p1a: Raging Bolt|Calm Mind|p1a: Raging Bolt
|-boost|p1a: Raging Bolt|spa|1
|-boost|p1a: Raging Bolt|spd|1
|
|-heal|p2a: Greninja|100/100|[from] item: Leftovers
|upkeep
|turn|4
|
|t:|1776345464
|move|p1a: Raging Bolt|Thunderclap||[still]
|-fail|p1a: Raging Bolt
|move|p2a: Greninja|Swords Dance|p2a: Greninja
|-boost|p2a: Greninja|atk|2
|
|upkeep
|turn|5
|inactive|Battle timer is ON: inactive players will automatically lose when time's up. (requested by ian12286252)
|
|t:|1776345474
|move|p1a: Raging Bolt|Thunderclap|p2a: Greninja
|-supereffective|p2a: Greninja
|-damage|p2a: Greninja|0 fnt
|faint|p2a: Greninja
|
|upkeep
|
|t:|1776345481
|switch|p2a: Rillaboom|Rillaboom, F|100/100
|-fieldstart|move: Grassy Terrain|[from] ability: Grassy Surge|[of] p2a: Rillaboom
|-item|p2a: Rillaboom|Air Balloon
|turn|6
|
|t:|1776345490
|-terastallize|p1a: Raging Bolt|Ice
|move|p1a: Raging Bolt|Tera Blast|p2a: Rillaboom|[anim] Tera Blast Ice
|-supereffective|p2a: Rillaboom
|-damage|p2a: Rillaboom|0 fnt
|-enditem|p2a: Rillaboom|Air Balloon
|faint|p2a: Rillaboom
|
|-heal|p1a: Raging Bolt|70/100|[from] Grassy Terrain
|upkeep
|
|t:|1776345500
|switch|p2a: Metagross|Metagross|100/100
|turn|7
|
|t:|1776345508
|move|p1a: Raging Bolt|Thunderclap|p2a: Metagross
|-damage|p2a: Metagross|33/100
|move|p2a: Metagross|Meteor Mash|p1a: Raging Bolt
|-supereffective|p1a: Raging Bolt
|-damage|p1a: Raging Bolt|0 fnt
|faint|p1a: Raging Bolt
|-end|p1a: Raging Bolt|Protosynthesis|[silent]
|
|-heal|p2a: Metagross|40/100|[from] Grassy Terrain
|-heal|p2a: Metagross|46/100|[from] item: Leftovers
|upkeep
|
|t:|1776345527
|switch|p1a: Talonflame|Talonflame, M, shiny|100/100
|turn|8
|
|t:|1776345534
|switch|p2a: Metagross|Metagross|100/100
|-item|p2a: Metagross|Air Balloon
|move|p1a: Talonflame|Tailwind|p1a: Talonflame
|-sidestart|p1: ian12286252|move: Tailwind
|
|upkeep
|turn|9
|c|☆ian12286252|least obvious fake
|
|t:|1776345562
|move|p1a: Talonflame|Brave Bird|p2a: Metagross
|-damage|p2a: Metagross|37/100
|replace|p2a: Zoroark|Zoroark, F
|-end|p2a: Zoroark|Illusion
|-enditem|p2a: Zoroark|Air Balloon
|-damage|p1a: Talonflame|79/100|[from] Recoil
|move|p2a: Zoroark|Dark Pulse|p1a: Talonflame
|-damage|p1a: Talonflame|28/100
|
|-heal|p1a: Talonflame|34/100|[from] item: Leftovers
|-heal|p2a: Zoroark|43/100|[from] Grassy Terrain
|upkeep
|turn|10
|inactive|ian12286252 has 120 seconds left.
|
|t:|1776345577
|move|p1a: Talonflame|U-turn|p2a: Zoroark
|-supereffective|p2a: Zoroark
|-damage|p2a: Zoroark|0 fnt
|faint|p2a: Zoroark
|inactive|ian12286252 has 120 seconds left.
|
|t:|1776345585
|switch|p1a: Incineroar|Incineroar, M, shiny|100/100|[from] U-turn
|
|-fieldend|move: Grassy Terrain
|upkeep
|
|t:|1776345592
|switch|p2a: Hoopa|Hoopa-Unbound|100/100
|turn|11
|
|t:|1776345601
|move|p1a: Incineroar|Fake Out|p2a: Hoopa
|-damage|p2a: Hoopa|85/100
|cant|p2a: Hoopa|flinch
|
|-heal|p2a: Hoopa|91/100|[from] item: Leftovers
|-sideend|p1: ian12286252|move: Tailwind
|upkeep
|turn|12
|
|t:|1776345610
|move|p2a: Hoopa|Fire Punch|p1a: Incineroar
|-resisted|p1a: Incineroar
|-damage|p1a: Incineroar|85/100
|-damage|p2a: Hoopa|74/100|[from] item: Rocky Helmet|[of] p1a: Incineroar
|move|p1a: Incineroar|Flare Blitz|p2a: Hoopa
|-damage|p2a: Hoopa|7/100
|-damage|p1a: Incineroar|62/100|[from] Recoil
|
|-heal|p2a: Hoopa|13/100|[from] item: Leftovers
|upkeep
|turn|13
|l|☆Vishwesh_2304
|inactive|Vishwesh_2304 disconnected and has a minute to reconnect!
|player|p2|
|inactive|Vishwesh_2304 has 30 seconds to reconnect!
|inactive|Vishwesh_2304 has 20 seconds to reconnect!
|inactive|Vishwesh_2304 has 15 seconds to reconnect!
|inactive|Vishwesh_2304 has 10 seconds to reconnect!
|inactive|Vishwesh_2304 has 5 seconds to reconnect!
|-message|Vishwesh_2304 lost due to inactivity.
|
|win|ian12286252
|raw|ian12286252's rating: 1049 &rarr; <strong>1078</strong><br />(+29 for winning)
|raw|Vishwesh_2304's rating: 1005 &rarr; <strong>1000</strong><br />(-5 for losing)
