|html|<div class="broadcast-blue"><strong>[Gen 9] OU is currently suspecting Tera Blast! For information on how to participate check out the <a href="https://www.smogon.com/tools/suspects/view/200">suspect thread</a>.</strong></div>
|j|☆KungFuCutman1
|j|☆TeraBlastGardevoir
|t:|1776091188
|gametype|singles
|player|p1|KungFuCutman1|ethan|1387
|player|p2|TeraBlastGardevoir|giovanni|1401
|gen|9
|tier|[Gen 9] OU
|rated|
|rule|HP Percentage Mod: HP is shown in percentages
|rule|Endless Battle Clause: Forcing endless battles is banned
|rule|Species Clause: Limit one of each Pokémon
|rule|OHKO Clause: OHKO moves are banned
|rule|Evasion Items Clause: Evasion items are banned
|rule|Evasion Moves Clause: Evasion moves are banned
|rule|Evasion Abilities Clause: Evasion abilities are banned
|rule|Sleep Moves Clause: Sleep-inducing moves are banned
|clearpoke
|poke|p1|Meowscarada, F|
|poke|p1|Great Tusk|
|poke|p1|Ting-Lu|
|poke|p1|Moltres|
|poke|p1|Raging Bolt|
|poke|p1|Slowking-Galar, M|
|poke|p2|Gardevoir, F|
|poke|p2|Rillaboom, F|
|poke|p2|Hawlucha, F|
|poke|p2|Iron Moth|
|poke|p2|Landorus-Therian, M|
|poke|p2|Kingambit, F|
|teampreview
|inactive|Battle timer is ON: inactive players will automatically lose when time's up. (requested by KungFuCutman1)
|
|t:|1776091207
|teamsize|p1|6
|teamsize|p2|6
|start
|switch|p1a: Meowscarada|Meowscarada, F|100/100
|switch|p2a: Landorus|Landorus-Therian, M|100/100
|-ability|p2a: Landorus|Intimidate|boost
|-unboost|p1a: Meowscarada|atk|1
|turn|1
|
|t:|1776091213
|switch|p2a: Kingambitch|Kingambit, F|100/100
|move|p1a: Meowscarada|Triple Axel|p2a: Kingambitch
|-start|p1a: Meowscarada|typechange|Ice|[from] ability: Protean
|-resisted|p2a: Kingambitch
|-damage|p2a: Kingambitch|98/100
|-resisted|p2a: Kingambitch
|-crit|p2a: Kingambitch
|-damage|p2a: Kingambitch|86/100
|-resisted|p2a: Kingambitch
|-damage|p2a: Kingambitch|79/100
|-hitcount|p2a: Kingambitch|3
|
|upkeep
|turn|2
|
|t:|1776091236
|switch|p1a: Moltres|Moltres|100/100
|-end|p2a: Kingambitch|fallenundefined|[silent]
|switch|p2a: Landorus|Landorus-Therian, M|100/100
|-ability|p2a: Landorus|Intimidate|boost
|-unboost|p1a: Moltres|atk|1
|
|upkeep
|turn|3
|
|t:|1776091243
|move|p2a: Landorus|Stone Edge|p1a: Moltres|[miss]
|-miss|p2a: Landorus|p1a: Moltres
|move|p1a: Moltres|U-turn|p2a: Landorus
|-resisted|p2a: Landorus
|-damage|p2a: Landorus|97/100
|-damage|p1a: Moltres|84/100|[from] item: Rocky Helmet|[of] p2a: Landorus
|
|t:|1776091246
|switch|p1a: Ting-Lu|Ting-Lu|100/100|[from] U-turn
|-ability|p1a: Ting-Lu|Vessel of Ruin
|
|upkeep
|turn|4
|
|t:|1776091256
|move|p2a: Landorus|Stealth Rock|p1a: Ting-Lu
|-sidestart|p1: KungFuCutman1|move: Stealth Rock
|move|p1a: Ting-Lu|Spikes|p2a: Landorus
|-sidestart|p2: TeraBlastGardevoir|Spikes
|
|upkeep
|turn|5
|
|t:|1776091260
|move|p2a: Landorus|U-turn|p1a: Ting-Lu
|-supereffective|p1a: Ting-Lu
|-damage|p1a: Ting-Lu|75/100
|
|t:|1776091264
|switch|p2a: Rillaboom|Rillaboom, F|100/100|[from] U-turn
|-damage|p2a: Rillaboom|88/100|[from] Spikes
|-fieldstart|move: Grassy Terrain|[from] ability: Grassy Surge|[of] p2a: Rillaboom
|move|p1a: Ting-Lu|Spikes|p2a: Rillaboom
|-sidestart|p2: TeraBlastGardevoir|Spikes
|
|-heal|p2a: Rillaboom|94/100|[from] Grassy Terrain
|-heal|p1a: Ting-Lu|81/100|[from] Grassy Terrain
|-heal|p1a: Ting-Lu|88/100|[from] item: Leftovers
|upkeep
|turn|6
|
|t:|1776091268
|move|p2a: Rillaboom|Knock Off|p1a: Ting-Lu
|-resisted|p1a: Ting-Lu
|-damage|p1a: Ting-Lu|78/100
|-enditem|p1a: Ting-Lu|Leftovers|[from] move: Knock Off|[of] p2a: Rillaboom
|move|p1a: Ting-Lu|Spikes|p2a: Rillaboom
|-sidestart|p2: TeraBlastGardevoir|Spikes
|
|-heal|p2a: Rillaboom|99/100|[from] Grassy Terrain
|-heal|p1a: Ting-Lu|84/100|[from] Grassy Terrain
|upkeep
|turn|7
|
|t:|1776091272
|move|p2a: Rillaboom|Knock Off|p1a: Ting-Lu
|-resisted|p1a: Ting-Lu
|-damage|p1a: Ting-Lu|77/100
|move|p1a: Ting-Lu|Whirlwind|p2a: Rillaboom
|drag|p2a: Landorus|Landorus-Therian, M|97/100
|-ability|p2a: Landorus|Intimidate|boost
|-unboost|p1a: Ting-Lu|atk|1
|
|-heal|p1a: Ting-Lu|83/100|[from] Grassy Terrain
|upkeep
|turn|8
|
|t:|1776091286
|move|p2a: Landorus|U-turn|p1a: Ting-Lu
|-supereffective|p1a: Ting-Lu
|-damage|p1a: Ting-Lu|58/100
|
|t:|1776091300
|switch|p2a: Dopamine Dorito|Iron Moth|100/100|[from] U-turn
|-damage|p2a: Dopamine Dorito|76/100|[from] Spikes
|-enditem|p2a: Dopamine Dorito|Booster Energy
|-activate|p2a: Dopamine Dorito|ability: Quark Drive|[fromitem]
|-start|p2a: Dopamine Dorito|quarkdrivespe
|move|p1a: Ting-Lu|Ruination|p2a: Dopamine Dorito
|-damage|p2a: Dopamine Dorito|38/100
|
|-heal|p2a: Dopamine Dorito|44/100|[from] Grassy Terrain
|-heal|p1a: Ting-Lu|64/100|[from] Grassy Terrain
|upkeep
|turn|9
|
|t:|1776091308
|move|p2a: Dopamine Dorito|Fiery Dance|p1a: Ting-Lu
|-damage|p1a: Ting-Lu|46/100
|move|p1a: Ting-Lu|Earthquake|p2a: Dopamine Dorito
|-supereffective|p2a: Dopamine Dorito
|-crit|p2a: Dopamine Dorito
|-damage|p2a: Dopamine Dorito|0 fnt
|faint|p2a: Dopamine Dorito
|-end|p2a: Dopamine Dorito|Quark Drive|[silent]
|
|-heal|p1a: Ting-Lu|52/100|[from] Grassy Terrain
|-fieldend|move: Grassy Terrain
|upkeep
|
|t:|1776091326
|switch|p2a: Kingambitch|Kingambit, F|79/100
|-damage|p2a: Kingambitch|54/100|[from] Spikes
|-activate|p2a: Kingambitch|ability: Supreme Overlord
|-start|p2a: Kingambitch|fallen1|[silent]
|turn|10
|
|t:|1776091331
|move|p2a: Kingambitch|Iron Head|p1a: Ting-Lu
|-damage|p1a: Ting-Lu|23/100
|move|p1a: Ting-Lu|Ruination|p2a: Kingambitch
|-damage|p2a: Kingambitch|27/100
|
|upkeep
|turn|11
|
|t:|1776091339
|move|p2a: Kingambitch|Iron Head|p1a: Ting-Lu
|-damage|p1a: Ting-Lu|0 fnt
|faint|p1a: Ting-Lu
|
|upkeep
|
|t:|1776091342
|switch|p1a: Moltres|Moltres|84/100
|turn|12
|
|t:|1776091361
|move|p2a: Kingambitch|Sucker Punch|p1a: Moltres
|-crit|p1a: Moltres
|-damage|p1a: Moltres|25/100
|-status|p2a: Kingambitch|brn|[from] ability: Flame Body|[of] p1a: Moltres
|move|p1a: Moltres|Flamethrower|p2a: Kingambitch
|-supereffective|p2a: Kingambitch
|-damage|p2a: Kingambitch|0 fnt
|faint|p2a: Kingambitch
|-end|p2a: Kingambitch|fallen1|[silent]
|
|upkeep
|inactive|TeraBlastGardevoir has 120 seconds left.
|inactive|TeraBlastGardevoir has 90 seconds left.
|
|t:|1776091418
|switch|p2a: Landorus|Landorus-Therian, M|97/100
|-ability|p2a: Landorus|Intimidate|boost
|-unboost|p1a: Moltres|atk|1
|turn|13
|inactive|TeraBlastGardevoir has 90 seconds left.
|
|t:|1776091424
|switch|p1a: Great Tusk|Great Tusk|100/100
|move|p2a: Landorus|Stone Edge|p1a: Great Tusk
|-resisted|p1a: Great Tusk
|-damage|p1a: Great Tusk|95/100
|
|upkeep
|turn|14
|
|t:|1776091430
|move|p2a: Landorus|Earth Power|p1a: Great Tusk
|-damage|p1a: Great Tusk|47/100
|move|p1a: Great Tusk|Rapid Spin|p2a: Landorus
|-damage|p2a: Landorus|81/100
|-boost|p1a: Great Tusk|spe|1
|-damage|p1a: Great Tusk|30/100|[from] item: Rocky Helmet|[of] p2a: Landorus
|-sideend|p1: KungFuCutman1|Stealth Rock|[from] move: Rapid Spin|[of] p1a: Great Tusk
|
|upkeep
|turn|15
|inactive|TeraBlastGardevoir has 90 seconds left.
|
|t:|1776091457
|move|p1a: Great Tusk|Ice Spinner|p2a: Landorus
|-supereffective|p2a: Landorus
|-damage|p2a: Landorus|0 fnt
|-damage|p1a: Great Tusk|14/100|[from] item: Rocky Helmet|[of] p2a: Landorus
|faint|p2a: Landorus
|
|upkeep
|
|t:|1776091464
|switch|p2a: Rillaboom|Rillaboom, F|99/100
|-damage|p2a: Rillaboom|75/100|[from] Spikes
|-fieldstart|move: Grassy Terrain|[from] ability: Grassy Surge|[of] p2a: Rillaboom
|turn|16
|
|t:|1776091477
|move|p2a: Rillaboom|Grassy Glide|p1a: Great Tusk
|-supereffective|p1a: Great Tusk
|-damage|p1a: Great Tusk|0 fnt
|faint|p1a: Great Tusk
|-end|p1a: Great Tusk|Protosynthesis|[silent]
|
|-heal|p2a: Rillaboom|81/100|[from] Grassy Terrain
|upkeep
|
|t:|1776091484
|switch|p1a: Moltres|Moltres|25/100
|turn|17
|inactive|TeraBlastGardevoir has 90 seconds left.
|
|t:|1776091493
|move|p2a: Rillaboom|U-turn|p1a: Moltres
|-resisted|p1a: Moltres
|-damage|p1a: Moltres|21/100
|-status|p2a: Rillaboom|brn|[from] ability: Flame Body|[of] p1a: Moltres
|inactive|TeraBlastGardevoir has 90 seconds left.
|
|t:|1776091519
|switch|p2a: Rhapsodie|Gardevoir, F, shiny|100/100|[from] U-turn
|-damage|p2a: Rhapsodie|76/100|[from] Spikes
|-ability|p2a: Rhapsodie|Flame Body|Trace|[from] ability: Trace|[of] p1a: Moltres
|-enditem|p2a: Rhapsodie|Grassy Seed
|-boost|p2a: Rhapsodie|def|1|[from] item: Grassy Seed
|move|p1a: Moltres|Roost|p1a: Moltres
|-heal|p1a: Moltres|71/100
|-singleturn|p1a: Moltres|move: Roost
|
|-heal|p2a: Rhapsodie|82/100|[from] Grassy Terrain
|-heal|p1a: Moltres|77/100|[from] Grassy Terrain
|upkeep
|turn|18
|
|t:|1776091533
|move|p2a: Rhapsodie|Calm Mind|p2a: Rhapsodie
|-boost|p2a: Rhapsodie|spa|1
|-boost|p2a: Rhapsodie|spd|1
|move|p1a: Moltres|Flamethrower|p2a: Rhapsodie
|-damage|p2a: Rhapsodie|58/100
|
|-heal|p2a: Rhapsodie|65/100|[from] Grassy Terrain
|upkeep
|turn|19
|
|t:|1776091541
|move|p2a: Rhapsodie|Calm Mind|p2a: Rhapsodie
|-boost|p2a: Rhapsodie|spa|1
|-boost|p2a: Rhapsodie|spd|1
|move|p1a: Moltres|U-turn|p2a: Rhapsodie
|-damage|p2a: Rhapsodie|55/100
|
|t:|1776091544
|switch|p1a: Slowking|Slowking-Galar, M|100/100|[from] U-turn
|
|-heal|p2a: Rhapsodie|61/100|[from] Grassy Terrain
|upkeep
|turn|20
|inactive|TeraBlastGardevoir has 90 seconds left.
|
|t:|1776091559
|-terastallize|p2a: Rhapsodie|Poison
|move|p2a: Rhapsodie|Calm Mind|p2a: Rhapsodie
|-boost|p2a: Rhapsodie|spa|1
|-boost|p2a: Rhapsodie|spd|1
|move|p1a: Slowking|Sludge Bomb|p2a: Rhapsodie
|-resisted|p2a: Rhapsodie
|-damage|p2a: Rhapsodie|53/100
|
|-heal|p2a: Rhapsodie|59/100|[from] Grassy Terrain
|-fieldend|move: Grassy Terrain
|upkeep
|turn|21
|
|t:|1776091561
|move|p2a: Rhapsodie|Stored Power|p1a: Slowking
|-damage|p1a: Slowking|21/100
|move|p1a: Slowking|Psyshock|p2a: Rhapsodie
|-supereffective|p2a: Rhapsodie
|-damage|p2a: Rhapsodie|0 fnt
|faint|p2a: Rhapsodie
|
|upkeep
|-message|TeraBlastGardevoir forfeited.
|
|win|KungFuCutman1
|raw|KungFuCutman1's rating: 1387 &rarr; <strong>1408</strong><br />(+21 for winning)
|raw|TeraBlastGardevoir's rating: 1401 &rarr; <strong>1380</strong><br />(-21 for losing)
|l|☆TeraBlastGardevoir
|player|p2|
|l|☆KungFuCutman1
|player|p1|
