|html|<div class="broadcast-blue"><strong>[Gen 9] OU is currently suspecting Tera Blast! For information on how to participate check out the <a href="https://www.smogon.com/tools/suspects/view/200">suspect thread</a>.</strong></div>
|j|☆Jawbre4kr
|j|‽true sun of sw
|t:|1776276460
|gametype|singles
|player|p1|Jawbre4kr|flint|1555
|player|p2|true sun of sw|170|1617
|gen|9
|tier|[Gen 9] OU
|rated|
|rule|HP Percentage Mod: HP is shown in percentages
|rule|Endless Battle Clause: Forcing endless battles is banned
|rule|Species Clause: Limit one of each Pokémon
|rule|OHKO Clause: OHKO moves are banned
|rule|Evasion Items Clause: Evasion items are banned
|rule|Evasion Moves Clause: Evasion moves are banned
|rule|Evasion Abilities Clause: Evasion abilities are banned
|rule|Sleep Moves Clause: Sleep-inducing moves are banned
|clearpoke
|poke|p1|Kingambit, F|
|poke|p1|Cinderace, F|
|poke|p1|Landorus-Therian, M|
|poke|p1|Iron Valiant|
|poke|p1|Kyurem|
|poke|p1|Slowking-Galar, M|
|poke|p2|Raging Bolt|
|poke|p2|Gholdengo|
|poke|p2|Great Tusk|
|poke|p2|Araquanid, F|
|poke|p2|Iron Moth|
|poke|p2|Kingambit, F|
|teampreview
|j| dcr tb f Dibrugarh
|inactive|Battle timer is ON: inactive players will automatically lose when time's up. (requested by Jawbre4kr)
|
|t:|1776276489
|teamsize|p1|6
|teamsize|p2|6
|start
|switch|p1a: Homelandor|Landorus-Therian, M, shiny|100/100
|switch|p2a: Araquanid|Araquanid, F|100/100
|-ability|p1a: Homelandor|Intimidate|boost
|-unboost|p2a: Araquanid|atk|1
|turn|1
|j| I registered this
|
|t:|1776276499
|move|p1a: Homelandor|Taunt|p2a: Araquanid
|-start|p2a: Araquanid|move: Taunt
|move|p2a: Araquanid|Liquidation|p1a: Homelandor
|-supereffective|p1a: Homelandor
|-damage|p1a: Homelandor|20/100
|-unboost|p1a: Homelandor|def|1
|-damage|p2a: Araquanid|84/100|[from] item: Rocky Helmet|[of] p1a: Homelandor
|
|upkeep
|turn|2
|l| I registered this
|
|t:|1776276514
|switch|p2a: Great Tusk|Great Tusk|100/100
|-enditem|p2a: Great Tusk|Booster Energy
|-activate|p2a: Great Tusk|ability: Protosynthesis|[fromitem]
|-start|p2a: Great Tusk|protosynthesisatk
|move|p1a: Homelandor|U-turn|p2a: Great Tusk
|-resisted|p2a: Great Tusk
|-damage|p2a: Great Tusk|92/100
|inactive|Jawbre4kr has 120 seconds left.
|
|t:|1776276555
|switch|p1a: Kristine|Cinderace, F, shiny|100/100|[from] U-turn
|
|upkeep
|turn|3
|
|t:|1776276563
|-end|p2a: Great Tusk|Protosynthesis|[silent]
|switch|p2a: Araquanid|Araquanid, F|84/100
|-terastallize|p1a: Kristine|Bug
|move|p1a: Kristine|Will-O-Wisp|p2a: Araquanid
|-immune|p2a: Araquanid|[from] ability: Water Bubble
|
|upkeep
|turn|4
|inactive|Jawbre4kr has 120 seconds left.
|
|t:|1776276574
|move|p1a: Kristine|Pyro Ball|p2a: Araquanid
|-damage|p2a: Araquanid|60/100
|move|p2a: Araquanid|Liquidation|p1a: Kristine
|-damage|p1a: Kristine|24/100
|-unboost|p1a: Kristine|def|1
|
|upkeep
|turn|5
|inactive|Jawbre4kr has 120 seconds left.
|
|t:|1776276582
|move|p1a: Kristine|U-turn|p2a: Araquanid
|-damage|p2a: Araquanid|31/100
|inactive|Jawbre4kr has 120 seconds left.
|
|t:|1776276590
|switch|p1a: Mr. Freeze|Kyurem, shiny|100/100|[from] U-turn
|-ability|p1a: Mr. Freeze|Pressure
|move|p2a: Araquanid|Liquidation|p1a: Mr. Freeze
|-resisted|p1a: Mr. Freeze
|-damage|p1a: Mr. Freeze|73/100
|-unboost|p1a: Mr. Freeze|def|1
|
|-heal|p1a: Mr. Freeze|80/100|[from] item: Leftovers
|upkeep
|turn|6
|inactive|Jawbre4kr has 120 seconds left.
|
|t:|1776276606
|move|p1a: Mr. Freeze|Freeze-Dry|p2a: Araquanid
|-supereffective|p2a: Araquanid
|-damage|p2a: Araquanid|0 fnt
|faint|p2a: Araquanid
|
|-heal|p1a: Mr. Freeze|86/100|[from] item: Leftovers
|upkeep
|
|t:|1776276608
|switch|p2a: Great Tusk|Great Tusk|92/100
|turn|7
|
|t:|1776276619
|-terastallize|p2a: Great Tusk|Fairy
|move|p1a: Mr. Freeze|Substitute|p1a: Mr. Freeze
|-start|p1a: Mr. Freeze|Substitute
|-damage|p1a: Mr. Freeze|61/100
|move|p2a: Great Tusk|Rapid Spin|p1a: Mr. Freeze
|-end|p1a: Mr. Freeze|Substitute
|-boost|p2a: Great Tusk|spe|1
|
|-heal|p1a: Mr. Freeze|67/100|[from] item: Leftovers
|upkeep
|turn|8
|
|t:|1776276633
|move|p1a: Mr. Freeze|Protect|p1a: Mr. Freeze
|-singleturn|p1a: Mr. Freeze|Protect
|move|p2a: Great Tusk|Ice Spinner|p1a: Mr. Freeze
|-activate|p1a: Mr. Freeze|move: Protect
|
|-heal|p1a: Mr. Freeze|73/100|[from] item: Leftovers
|upkeep
|turn|9
|
|t:|1776276642
|switch|p1a: Homelandor|Landorus-Therian, M, shiny|20/100
|-ability|p1a: Homelandor|Intimidate|boost
|-unboost|p2a: Great Tusk|atk|1
|move|p2a: Great Tusk|Close Combat|p1a: Homelandor
|-resisted|p1a: Homelandor
|-damage|p1a: Homelandor|0 fnt
|-unboost|p2a: Great Tusk|def|1
|-unboost|p2a: Great Tusk|spd|1
|-damage|p2a: Great Tusk|76/100|[from] item: Rocky Helmet|[of] p1a: Homelandor
|faint|p1a: Homelandor
|
|upkeep
|
|t:|1776276656
|switch|p1a: WALL-Y|Iron Valiant|100/100
|-enditem|p1a: WALL-Y|Booster Energy
|-activate|p1a: WALL-Y|ability: Quark Drive|[fromitem]
|-start|p1a: WALL-Y|quarkdrivespe
|turn|10
|
|t:|1776276667
|move|p1a: WALL-Y|Encore|p2a: Great Tusk
|-start|p2a: Great Tusk|Encore
|move|p2a: Great Tusk|Close Combat|p1a: WALL-Y
|-resisted|p1a: WALL-Y
|-damage|p1a: WALL-Y|72/100
|-unboost|p2a: Great Tusk|def|1
|-unboost|p2a: Great Tusk|spd|1
|
|upkeep
|turn|11
|
|t:|1776276680
|-end|p2a: Great Tusk|Protosynthesis|[silent]
|switch|p2a: Iron Moth|Iron Moth|100/100
|-enditem|p2a: Iron Moth|Booster Energy
|-activate|p2a: Iron Moth|ability: Quark Drive|[fromitem]
|-start|p2a: Iron Moth|quarkdrivespa
|move|p1a: WALL-Y|Moonblast|p2a: Iron Moth
|-resisted|p2a: Iron Moth
|-crit|p2a: Iron Moth
|-damage|p2a: Iron Moth|81/100
|
|upkeep
|turn|12
|
|t:|1776276693
|-end|p1a: WALL-Y|Quark Drive|[silent]
|switch|p1a: Chillionaire|Slowking-Galar, M, shiny|100/100
|move|p2a: Iron Moth|Fiery Dance|p1a: Chillionaire
|-damage|p1a: Chillionaire|64/100
|-boost|p2a: Iron Moth|spa|1
|
|upkeep
|turn|13
|
|t:|1776276707
|move|p2a: Iron Moth|Fiery Dance|p1a: Chillionaire
|-damage|p1a: Chillionaire|16/100
|move|p1a: Chillionaire|Thunder Wave|p2a: Iron Moth
|-status|p2a: Iron Moth|par
|
|upkeep
|turn|14
|
|t:|1776276722
|switch|p1a: Kristine|Cinderace, F, shiny, tera:Bug|24/100
|cant|p2a: Iron Moth|par
|
|upkeep
|turn|15
|
|t:|1776276734
|move|p1a: Kristine|Pyro Ball|p2a: Iron Moth
|-resisted|p2a: Iron Moth
|-damage|p2a: Iron Moth|20/100 par
|cant|p2a: Iron Moth|par
|
|upkeep
|turn|16
|
|t:|1776276741
|move|p1a: Kristine|Pyro Ball|p2a: Iron Moth|[miss]
|-miss|p1a: Kristine|p2a: Iron Moth
|move|p2a: Iron Moth|Fiery Dance|p1a: Kristine
|-supereffective|p1a: Kristine
|-damage|p1a: Kristine|0 fnt
|faint|p1a: Kristine
|
|upkeep
|inactive|Jawbre4kr has 120 seconds left.
|
|t:|1776276764
|switch|p1a: Mr. Freeze|Kyurem, shiny|73/100
|-ability|p1a: Mr. Freeze|Pressure
|turn|17
|
|t:|1776276770
|move|p1a: Mr. Freeze|Protect|p1a: Mr. Freeze
|-singleturn|p1a: Mr. Freeze|Protect
|cant|p2a: Iron Moth|par
|
|-heal|p1a: Mr. Freeze|79/100|[from] item: Leftovers
|upkeep
|turn|18
|
|t:|1776276778
|move|p1a: Mr. Freeze|Substitute|p1a: Mr. Freeze
|-start|p1a: Mr. Freeze|Substitute
|-damage|p1a: Mr. Freeze|54/100
|move|p2a: Iron Moth|Fiery Dance|p1a: Mr. Freeze
|-end|p1a: Mr. Freeze|Substitute
|-boost|p2a: Iron Moth|spa|1
|
|-heal|p1a: Mr. Freeze|60/100|[from] item: Leftovers
|upkeep
|turn|19
|
|t:|1776276788
|move|p1a: Mr. Freeze|Earth Power|p2a: Iron Moth
|-supereffective|p2a: Iron Moth
|-damage|p2a: Iron Moth|0 fnt
|faint|p2a: Iron Moth
|-end|p2a: Iron Moth|Quark Drive|[silent]
|
|-heal|p1a: Mr. Freeze|67/100|[from] item: Leftovers
|upkeep
|
|t:|1776276792
|switch|p2a: Gholdengo|Gholdengo|100/100
|-item|p2a: Gholdengo|Air Balloon
|turn|20
|
|t:|1776276807
|switch|p1a: Daenerys|Kingambit, F|100/100
|-activate|p1a: Daenerys|ability: Supreme Overlord
|-start|p1a: Daenerys|fallen2|[silent]
|move|p2a: Gholdengo|Dazzling Gleam|p1a: Daenerys
|-damage|p1a: Daenerys|68/100
|
|-heal|p1a: Daenerys|74/100|[from] item: Leftovers
|upkeep
|turn|21
|inactive|true sun of sw has 120 seconds left.
|
|t:|1776276839
|switch|p2a: Raging Bolt|Raging Bolt|100/100
|-enditem|p2a: Raging Bolt|Booster Energy
|-activate|p2a: Raging Bolt|ability: Protosynthesis|[fromitem]
|-start|p2a: Raging Bolt|protosynthesisspa
|move|p1a: Daenerys|Iron Head|p2a: Raging Bolt
|-resisted|p2a: Raging Bolt
|-damage|p2a: Raging Bolt|75/100
|
|-heal|p1a: Daenerys|80/100|[from] item: Leftovers
|upkeep
|turn|22
|
|t:|1776276853
|move|p2a: Raging Bolt|Thunderbolt|p1a: Daenerys
|-damage|p1a: Daenerys|2/100
|move|p1a: Daenerys|Kowtow Cleave|p2a: Raging Bolt
|-damage|p2a: Raging Bolt|20/100
|
|-heal|p1a: Daenerys|8/100|[from] item: Leftovers
|upkeep
|turn|23
|
|t:|1776276868
|-end|p2a: Raging Bolt|Protosynthesis|[silent]
|switch|p2a: Great Tusk|Great Tusk, tera:Fairy|76/100
|move|p1a: Daenerys|Swords Dance|p1a: Daenerys
|-boost|p1a: Daenerys|atk|2
|
|-heal|p1a: Daenerys|14/100|[from] item: Leftovers
|upkeep
|turn|24
|
|t:|1776276878
|move|p1a: Daenerys|Sucker Punch|p2a: Great Tusk
|-resisted|p2a: Great Tusk
|-damage|p2a: Great Tusk|43/100
|move|p2a: Great Tusk|Rapid Spin|p1a: Daenerys
|-resisted|p1a: Daenerys
|-damage|p1a: Daenerys|6/100
|-boost|p2a: Great Tusk|spe|1
|
|-heal|p1a: Daenerys|12/100|[from] item: Leftovers
|upkeep
|turn|25
|
|t:|1776276894
|move|p1a: Daenerys|Sucker Punch|p2a: Great Tusk
|-resisted|p2a: Great Tusk
|-damage|p2a: Great Tusk|7/100
|move|p2a: Great Tusk|Ice Spinner|p1a: Daenerys
|-resisted|p1a: Daenerys
|-damage|p1a: Daenerys|0 fnt
|faint|p1a: Daenerys
|-end|p1a: Daenerys|fallen2|[silent]
|
|upkeep
|
|t:|1776276907
|switch|p1a: WALL-Y|Iron Valiant|72/100
|turn|26
|
|t:|1776276914
|move|p2a: Great Tusk|Headlong Rush|p1a: WALL-Y
|-damage|p1a: WALL-Y|0 fnt
|-unboost|p2a: Great Tusk|def|1
|-unboost|p2a: Great Tusk|spd|1
|faint|p1a: WALL-Y
|-end|p1a: WALL-Y|Quark Drive|[silent]
|
|upkeep
|
|t:|1776276922
|switch|p1a: Mr. Freeze|Kyurem, shiny|67/100
|-ability|p1a: Mr. Freeze|Pressure
|turn|27
|
|t:|1776276927
|move|p2a: Great Tusk|Close Combat|p1a: Mr. Freeze
|-supereffective|p1a: Mr. Freeze
|-damage|p1a: Mr. Freeze|0 fnt
|-unboost|p2a: Great Tusk|def|1
|-unboost|p2a: Great Tusk|spd|1
|faint|p1a: Mr. Freeze
|
|upkeep
|
|t:|1776276934
|switch|p1a: Chillionaire|Slowking-Galar, M, shiny|50/100
|turn|28
|
|t:|1776276937
|move|p2a: Great Tusk|Headlong Rush|p1a: Chillionaire
|-supereffective|p1a: Chillionaire
|-damage|p1a: Chillionaire|0 fnt
|-unboost|p2a: Great Tusk|def|1
|-unboost|p2a: Great Tusk|spd|1
|faint|p1a: Chillionaire
|
|win|true sun of sw
|raw|Jawbre4kr's rating: 1555 &rarr; <strong>1539</strong><br />(-16 for losing)
|raw|true sun of sw's rating: 1617 &rarr; <strong>1633</strong><br />(+16 for winning)
