|html|<div class="broadcast-blue"><strong>[Gen 9] OU is currently suspecting Tera Blast! For information on how to participate check out the <a href="https://www.smogon.com/tools/suspects/view/200">suspect thread</a>.</strong></div>
|j|☆Musicube
|j|☆Opposun
|t:|1776332116
|gametype|singles
|player|p1|Musicube|266|1221
|player|p2|Opposun|170|1201
|gen|9
|tier|[Gen 9] OU
|rated|
|rule|HP Percentage Mod: HP is shown in percentages
|rule|Endless Battle Clause: Forcing endless battles is banned
|rule|Species Clause: Limit one of each Pokémon
|rule|OHKO Clause: OHKO moves are banned
|rule|Evasion Items Clause: Evasion items are banned
|rule|Evasion Moves Clause: Evasion moves are banned
|rule|Evasion Abilities Clause: Evasion abilities are banned
|rule|Sleep Moves Clause: Sleep-inducing moves are banned
|clearpoke
|poke|p1|Enamorus, F|
|poke|p1|Glimmora, M|
|poke|p1|Skeledirge, F|
|poke|p1|Greninja-*, M|
|poke|p1|Iron Treads|
|poke|p1|Rillaboom, M|
|poke|p2|Smeargle, F|
|poke|p2|Cinderace, F|
|poke|p2|Kingambit, F|
|poke|p2|Grimmsnarl, M|
|poke|p2|Iron Treads|
|poke|p2|Dragonite, F|
|teampreview
|inactive|Battle timer is ON: inactive players will automatically lose when time's up. (requested by Musicube)
|
|t:|1776332130
|teamsize|p1|6
|teamsize|p2|6
|start
|switch|p1a: Glimmora|Glimmora, M|100/100
|switch|p2a: Iron Treads|Iron Treads|100/100
|-enditem|p2a: Iron Treads|Booster Energy
|-activate|p2a: Iron Treads|ability: Quark Drive|[fromitem]
|-start|p2a: Iron Treads|quarkdrivespe
|turn|1
|
|t:|1776332143
|switch|p1a: Rillaboom|Rillaboom, M|100/100
|-fieldstart|move: Grassy Terrain|[from] ability: Grassy Surge|[of] p1a: Rillaboom
|move|p2a: Iron Treads|Earthquake|p1a: Rillaboom
|-resisted|p1a: Rillaboom
|-damage|p1a: Rillaboom|88/100
|
|-heal|p1a: Rillaboom|95/100|[from] Grassy Terrain
|upkeep
|turn|2
|
|t:|1776332163
|-end|p2a: Iron Treads|Quark Drive|[silent]
|switch|p2a: Grimmsnarl|Grimmsnarl, M|100/100
|move|p1a: Rillaboom|Brick Break|p2a: Grimmsnarl
|-damage|p2a: Grimmsnarl|64/100
|
|-heal|p1a: Rillaboom|100/100|[from] Grassy Terrain
|-heal|p2a: Grimmsnarl|70/100|[from] Grassy Terrain
|upkeep
|turn|3
|
|t:|1776332171
|switch|p1a: Glimmora|Glimmora, M|100/100
|move|p2a: Grimmsnarl|Fake Out|p1a: Glimmora
|-resisted|p1a: Glimmora
|-damage|p1a: Glimmora|94/100
|-activate|p1a: Glimmora|ability: Toxic Debris
|-sidestart|p2: Opposun|move: Toxic Spikes
|
|-heal|p1a: Glimmora|100/100|[from] Grassy Terrain
|-heal|p2a: Grimmsnarl|76/100|[from] Grassy Terrain
|upkeep
|turn|4
|
|t:|1776332180
|switch|p2a: Iron Treads|Iron Treads|100/100
|move|p1a: Glimmora|Mortal Spin|p2a: Iron Treads
|-immune|p2a: Iron Treads
|
|upkeep
|turn|5
|
|t:|1776332185
|switch|p1a: Rillaboom|Rillaboom, M|100/100
|move|p2a: Iron Treads|Earthquake|p1a: Rillaboom
|-resisted|p1a: Rillaboom
|-damage|p1a: Rillaboom|88/100
|
|-heal|p1a: Rillaboom|94/100|[from] Grassy Terrain
|-fieldend|move: Grassy Terrain
|upkeep
|turn|6
|
|t:|1776332197
|switch|p1a: Iron Treads|Iron Treads|100/100
|move|p2a: Iron Treads|Rapid Spin|p1a: Iron Treads
|-resisted|p1a: Iron Treads
|-damage|p1a: Iron Treads|93/100
|-boost|p2a: Iron Treads|spe|1
|-sideend|p2: Opposun|Toxic Spikes|[from] move: Rapid Spin|[of] p2a: Iron Treads
|
|upkeep
|turn|7
|
|t:|1776332204
|-end|p1a: Iron Treads|Quark Drive|[silent]
|switch|p1a: Rillaboom|Rillaboom, M|94/100
|-fieldstart|move: Grassy Terrain|[from] ability: Grassy Surge|[of] p1a: Rillaboom
|move|p2a: Iron Treads|Earthquake|p1a: Rillaboom
|-resisted|p1a: Rillaboom
|-damage|p1a: Rillaboom|80/100
|
|-heal|p1a: Rillaboom|86/100|[from] Grassy Terrain
|upkeep
|turn|8
|
|t:|1776332209
|move|p1a: Rillaboom|Grassy Glide|p2a: Iron Treads
|-damage|p2a: Iron Treads|52/100
|move|p2a: Iron Treads|Rapid Spin|p1a: Rillaboom
|-damage|p1a: Rillaboom|68/100
|-boost|p2a: Iron Treads|spe|1
|
|-heal|p2a: Iron Treads|58/100|[from] Grassy Terrain
|-heal|p1a: Rillaboom|74/100|[from] Grassy Terrain
|upkeep
|turn|9
|
|t:|1776332214
|move|p1a: Rillaboom|Grassy Glide|p2a: Iron Treads
|-damage|p2a: Iron Treads|12/100
|move|p2a: Iron Treads|Volt Switch|p1a: Rillaboom
|-resisted|p1a: Rillaboom
|-damage|p1a: Rillaboom|67/100
|
|t:|1776332226
|-end|p2a: Iron Treads|Quark Drive|[silent]
|switch|p2a: Smeargle|Smeargle, F|100/100|[from] Volt Switch
|
|-heal|p1a: Rillaboom|73/100|[from] Grassy Terrain
|upkeep
|turn|10
|
|t:|1776332233
|move|p1a: Rillaboom|Grassy Glide|p2a: Smeargle
|-enditem|p2a: Smeargle|Focus Sash
|-damage|p2a: Smeargle|1/100
|move|p2a: Smeargle|Endeavor|p1a: Rillaboom
|-damage|p1a: Rillaboom|1/100
|
|-heal|p1a: Rillaboom|7/100|[from] Grassy Terrain
|-heal|p2a: Smeargle|7/100|[from] Grassy Terrain
|upkeep
|turn|11
|
|t:|1776332239
|move|p2a: Smeargle|Extreme Speed|p1a: Rillaboom
|-damage|p1a: Rillaboom|0 fnt
|faint|p1a: Rillaboom
|
|-heal|p2a: Smeargle|13/100|[from] Grassy Terrain
|-fieldend|move: Grassy Terrain
|upkeep
|
|t:|1776332243
|switch|p1a: Greninja|Greninja, M|100/100
|turn|12
|
|t:|1776332265
|switch|p2a: Grimmsnarl|Grimmsnarl, M|76/100
|move|p1a: Greninja|Dark Pulse|p2a: Grimmsnarl
|-resisted|p2a: Grimmsnarl
|-damage|p2a: Grimmsnarl|65/100
|-damage|p1a: Greninja|91/100|[from] item: Life Orb
|
|upkeep
|turn|13
|
|t:|1776332270
|move|p2a: Grimmsnarl|Light Screen|p2a: Grimmsnarl
|-sidestart|p2: Opposun|move: Light Screen
|move|p1a: Greninja|Gunk Shot|p2a: Grimmsnarl|[miss]
|-miss|p1a: Greninja|p2a: Grimmsnarl
|
|upkeep
|turn|14
|
|t:|1776332274
|move|p2a: Grimmsnarl|Reflect|p2a: Grimmsnarl
|-sidestart|p2: Opposun|Reflect
|move|p1a: Greninja|Gunk Shot|p2a: Grimmsnarl|[miss]
|-miss|p1a: Greninja|p2a: Grimmsnarl
|
|upkeep
|turn|15
|
|t:|1776332282
|switch|p1a: Iron Treads|Iron Treads|93/100
|switch|p2a: Dragonite|Dragonite, F|100/100
|
|upkeep
|turn|16
|
|t:|1776332288
|move|p1a: Iron Treads|Ice Spinner|p2a: Dragonite
|-supereffective|p2a: Dragonite
|-damage|p2a: Dragonite|70/100
|move|p2a: Dragonite|Dragon Dance|p2a: Dragonite
|-boost|p2a: Dragonite|atk|1
|-boost|p2a: Dragonite|spe|1
|
|upkeep
|turn|17
|
|t:|1776332293
|-terastallize|p2a: Dragonite|Normal
|move|p2a: Dragonite|Dragon Dance|p2a: Dragonite
|-boost|p2a: Dragonite|atk|1
|-boost|p2a: Dragonite|spe|1
|move|p1a: Iron Treads|Rapid Spin|p2a: Dragonite
|-damage|p2a: Dragonite|61/100
|-boost|p1a: Iron Treads|spe|1
|
|upkeep
|turn|18
|
|t:|1776332303
|move|p2a: Dragonite|Earthquake|p1a: Iron Treads
|-supereffective|p1a: Iron Treads
|-damage|p1a: Iron Treads|0 fnt
|faint|p1a: Iron Treads
|-end|p1a: Iron Treads|Quark Drive|[silent]
|
|upkeep
|
|t:|1776332307
|switch|p1a: Skeledirge|Skeledirge, F|100/100
|turn|19
|
|t:|1776332312
|move|p2a: Dragonite|Scale Shot|p1a: Skeledirge
|-damage|p1a: Skeledirge|88/100
|-damage|p1a: Skeledirge|75/100
|-damage|p1a: Skeledirge|63/100
|-damage|p1a: Skeledirge|51/100
|-hitcount|p1a: Skeledirge|4
|-unboost|p2a: Dragonite|def|1
|-boost|p2a: Dragonite|spe|1
|move|p1a: Skeledirge|Torch Song|p2a: Dragonite
|-damage|p2a: Dragonite|39/100
|-boost|p1a: Skeledirge|spa|1
|
|upkeep
|turn|20
|
|t:|1776332320
|move|p2a: Dragonite|Earthquake|p1a: Skeledirge
|-supereffective|p1a: Skeledirge
|-damage|p1a: Skeledirge|0 fnt
|faint|p1a: Skeledirge
|
|-sideend|p2: Opposun|move: Light Screen
|upkeep
|
|t:|1776332329
|switch|p1a: Glimmora|Glimmora, M|100/100
|turn|21
|
|t:|1776332333
|move|p2a: Dragonite|Scale Shot|p1a: Glimmora
|-damage|p1a: Glimmora|64/100
|-activate|p1a: Glimmora|ability: Toxic Debris
|-sidestart|p2: Opposun|move: Toxic Spikes
|-crit|p1a: Glimmora
|-damage|p1a: Glimmora|13/100
|-activate|p1a: Glimmora|ability: Toxic Debris
|-sidestart|p2: Opposun|move: Toxic Spikes
|-damage|p1a: Glimmora|0 fnt
|faint|p1a: Glimmora
|-hitcount|p1: Glimmora|3
|-unboost|p2a: Dragonite|def|1
|-boost|p2a: Dragonite|spe|1
|
|-sideend|p2: Opposun|Reflect
|upkeep
|
|t:|1776332339
|switch|p1a: Enamorus|Enamorus, F|100/100
|turn|22
|
|t:|1776332353
|-terastallize|p1a: Enamorus|Fighting
|move|p2a: Dragonite|Extreme Speed|p1a: Enamorus
|-damage|p1a: Enamorus|0 fnt
|faint|p1a: Enamorus
|
|upkeep
|
|t:|1776332357
|switch|p1a: Greninja|Greninja, M|91/100
|turn|23
|
|t:|1776332361
|move|p2a: Dragonite|Extreme Speed|p1a: Greninja
|-damage|p1a: Greninja|0 fnt
|faint|p1a: Greninja
|
|win|Opposun
|raw|Musicube's rating: 1221 &rarr; <strong>1195</strong><br />(-26 for losing)
|raw|Opposun's rating: 1201 &rarr; <strong>1227</strong><br />(+26 for winning)
|l|☆Musicube
|player|p1|
