|html|<div class="broadcast-blue"><strong>[Gen 9] OU is currently suspecting Volcarona! For information on how to participate check out the <a href="https://www.smogon.com/tools/suspects/view/208">suspect thread</a>.</strong></div>
|j|☆cargo90210
|j|☆ortholeon
|t:|1778497809
|gametype|singles
|player|p1|cargo90210|swimmer-gen4|1120
|player|p2|ortholeon|266|1165
|gen|9
|tier|[Gen 9] OU
|rated|
|rule|HP Percentage Mod: HP is shown in percentages
|rule|Endless Battle Clause: Forcing endless battles is banned
|rule|Species Clause: Limit one of each Pokémon
|rule|OHKO Clause: OHKO moves are banned
|rule|Evasion Items Clause: Evasion items are banned
|rule|Evasion Moves Clause: Evasion moves are banned
|rule|Evasion Abilities Clause: Evasion abilities are banned
|rule|Sleep Moves Clause: Sleep-inducing moves are banned
|clearpoke
|poke|p1|Dragonite, M|
|poke|p1|Drifblim, F|
|poke|p1|Cinderace, F|
|poke|p1|Meowscarada, F|
|poke|p1|Keldeo-Resolute|
|poke|p1|Kingambit, M|
|poke|p2|Ribombee, M|
|poke|p2|Darkrai|
|poke|p2|Ogerpon-Wellspring, F|
|poke|p2|Arcanine-Hisui, M|
|poke|p2|Meowscarada, M|
|poke|p2|Gliscor, M|
|teampreview
|
|t:|1778497823
|teamsize|p1|6
|teamsize|p2|6
|start
|switch|p1a: Cant flip|Dragonite, M|100/100
|switch|p2a: Mouskito|Ribombee, M|100/100
|turn|1
|
|t:|1778497835
|move|p2a: Mouskito|Moonblast|p1a: Cant flip
|-supereffective|p1a: Cant flip
|-damage|p1a: Cant flip|66/100
|-enditem|p1a: Cant flip|Weakness Policy
|-boost|p1a: Cant flip|atk|2|[from] item: Weakness Policy
|-boost|p1a: Cant flip|spa|2|[from] item: Weakness Policy
|move|p1a: Cant flip|Dragon Dance|p1a: Cant flip
|-boost|p1a: Cant flip|atk|1
|-boost|p1a: Cant flip|spe|1
|
|upkeep
|turn|2
|
|t:|1778497845
|move|p2a: Mouskito|Moonblast|p1a: Cant flip
|-supereffective|p1a: Cant flip
|-damage|p1a: Cant flip|0 fnt
|faint|p1a: Cant flip
|
|upkeep
|
|t:|1778497852
|switch|p1a: Flippin overrated|Cinderace, F, shiny|100/100
|turn|3
|
|t:|1778497858
|switch|p2a: Batman|Gliscor, M|100/100
|move|p1a: Flippin overrated|Pyro Ball|p2a: Batman
|-damage|p2a: Batman|47/100
|
|-status|p2a: Batman|tox|[from] item: Toxic Orb
|upkeep
|turn|4
|
|t:|1778497874
|move|p2a: Batman|Protect|p2a: Batman
|-singleturn|p2a: Batman|Protect
|move|p1a: Flippin overrated|Pyro Ball|p2a: Batman
|-activate|p2a: Batman|move: Protect
|
|-heal|p2a: Batman|59/100 tox|[from] ability: Poison Heal
|upkeep
|turn|5
|
|t:|1778497885
|switch|p1a: Flips lips|Drifblim, F|100/100
|move|p2a: Batman|Earthquake|p1a: Flips lips
|-immune|p1a: Flips lips
|
|-heal|p2a: Batman|71/100 tox|[from] ability: Poison Heal
|upkeep
|turn|6
|
|t:|1778497903
|move|p2a: Batman|Dual Wingbeat|p1a: Flips lips
|-damage|p1a: Flips lips|87/100
|-damage|p1a: Flips lips|73/100
|-hitcount|p1a: Flips lips|2
|move|p1a: Flips lips|Calm Mind|p1a: Flips lips
|-boost|p1a: Flips lips|spa|1
|-boost|p1a: Flips lips|spd|1
|
|-heal|p2a: Batman|84/100 tox|[from] ability: Poison Heal
|upkeep
|turn|7
|
|t:|1778497919
|move|p2a: Batman|Dual Wingbeat|p1a: Flips lips
|-damage|p1a: Flips lips|60/100
|-damage|p1a: Flips lips|46/100
|-hitcount|p1a: Flips lips|2
|move|p1a: Flips lips|Calm Mind|p1a: Flips lips
|-boost|p1a: Flips lips|spa|1
|-boost|p1a: Flips lips|spd|1
|
|-heal|p2a: Batman|96/100 tox|[from] ability: Poison Heal
|upkeep
|turn|8
|
|t:|1778497930
|move|p2a: Batman|Dual Wingbeat|p1a: Flips lips
|-damage|p1a: Flips lips|33/100
|-damage|p1a: Flips lips|19/100
|-hitcount|p1a: Flips lips|2
|move|p1a: Flips lips|Strength Sap|p2a: Batman
|-unboost|p2a: Batman|atk|1
|-heal|p1a: Flips lips|79/100
|
|-heal|p2a: Batman|100/100 tox|[from] ability: Poison Heal
|upkeep
|turn|9
|
|t:|1778497954
|switch|p2a: Mouskito|Ribombee, M|100/100
|move|p1a: Flips lips|Shadow Ball|p2a: Mouskito
|-crit|p2a: Mouskito
|-enditem|p2a: Mouskito|Focus Sash
|-damage|p2a: Mouskito|1/100
|
|upkeep
|turn|10
|
|t:|1778497964
|move|p2a: Mouskito|Sticky Web|p1a: Flips lips
|-sidestart|p1: cargo90210|move: Sticky Web
|move|p1a: Flips lips|Shadow Ball|p2a: Mouskito
|-damage|p2a: Mouskito|0 fnt
|faint|p2a: Mouskito
|
|upkeep
|
|t:|1778497982
|switch|p2a: Nyah~|Meowscarada, M|100/100
|turn|11
|
|t:|1778497989
|move|p2a: Nyah~|Knock Off|p1a: Flips lips
|-start|p2a: Nyah~|typechange|Dark|[from] ability: Protean
|-supereffective|p1a: Flips lips
|-damage|p1a: Flips lips|10/100
|-enditem|p1a: Flips lips|Weakness Policy
|-boost|p1a: Flips lips|atk|2|[from] item: Weakness Policy
|-boost|p1a: Flips lips|spa|2|[from] item: Weakness Policy
|move|p1a: Flips lips|Air Slash|p2a: Nyah~
|-damage|p2a: Nyah~|0 fnt
|faint|p2a: Nyah~
|
|upkeep
|
|t:|1778498008
|switch|p2a: Freeze Corleone|Arcanine-Hisui, M, shiny|100/100
|turn|12
|
|t:|1778498020
|move|p1a: Flips lips|Strength Sap|p2a: Freeze Corleone
|-unboost|p2a: Freeze Corleone|atk|1
|-heal|p1a: Flips lips|78/100
|move|p2a: Freeze Corleone|Wild Charge|p1a: Flips lips
|-supereffective|p1a: Flips lips
|-damage|p1a: Flips lips|45/100
|
|upkeep
|turn|13
|
|t:|1778498034
|move|p1a: Flips lips|Shadow Ball|p2a: Freeze Corleone
|-damage|p2a: Freeze Corleone|15/100
|move|p2a: Freeze Corleone|Head Smash|p1a: Flips lips
|-supereffective|p1a: Flips lips
|-damage|p1a: Flips lips|0 fnt
|faint|p1a: Flips lips
|
|upkeep
|
|t:|1778498045
|switch|p1a: Stupid Flipper|Keldeo-Resolute|100/100
|-activate|p1a: Stupid Flipper|move: Sticky Web
|-unboost|p1a: Stupid Flipper|spe|1
|turn|14
|
|t:|1778498063
|move|p2a: Freeze Corleone|Extreme Speed|p1a: Stupid Flipper
|-damage|p1a: Stupid Flipper|82/100
|move|p1a: Stupid Flipper|Vacuum Wave|p2a: Freeze Corleone
|-supereffective|p2a: Freeze Corleone
|-damage|p2a: Freeze Corleone|0 fnt
|faint|p2a: Freeze Corleone
|
|upkeep
|
|t:|1778498075
|switch|p2a: Darkrai|Darkrai, shiny|100/100
|turn|15
|
|t:|1778498092
|move|p1a: Stupid Flipper|Vacuum Wave|p2a: Darkrai
|-supereffective|p2a: Darkrai
|-damage|p2a: Darkrai|47/100
|move|p2a: Darkrai|Thunder|p1a: Stupid Flipper|[miss]
|-miss|p2a: Darkrai|p1a: Stupid Flipper
|
|upkeep
|turn|16
|
|t:|1778498101
|-terastallize|p2a: Darkrai|Poison
|move|p1a: Stupid Flipper|Vacuum Wave|p2a: Darkrai
|-resisted|p2a: Darkrai
|-damage|p2a: Darkrai|33/100
|move|p2a: Darkrai|Thunder|p1a: Stupid Flipper
|-supereffective|p1a: Stupid Flipper
|-damage|p1a: Stupid Flipper|0 fnt
|faint|p1a: Stupid Flipper
|
|upkeep
|
|t:|1778498114
|switch|p1a: Flippin overrated|Cinderace, F, shiny|100/100
|turn|17
|
|t:|1778498118
|move|p2a: Darkrai|Thunder|p1a: Flippin overrated
|-damage|p1a: Flippin overrated|14/100
|-status|p1a: Flippin overrated|par
|cant|p1a: Flippin overrated|par
|
|upkeep
|turn|18
|
|t:|1778498128
|move|p2a: Darkrai|Thunder|p1a: Flippin overrated|[miss]
|-miss|p2a: Darkrai|p1a: Flippin overrated
|move|p1a: Flippin overrated|Court Change|p1a: Flippin overrated
|-start|p1a: Flippin overrated|typechange|Normal|[from] ability: Libero
|-swapsideconditions
|-activate|p1a: Flippin overrated|move: Court Change
|
|upkeep
|turn|19
|
|t:|1778498136
|move|p2a: Darkrai|Thunder|p1a: Flippin overrated|[miss]
|-miss|p2a: Darkrai|p1a: Flippin overrated
|move|p1a: Flippin overrated|Pyro Ball|p2a: Darkrai
|-damage|p2a: Darkrai|0 fnt
|faint|p2a: Darkrai
|
|upkeep
|
|t:|1778498147
|switch|p2a: Batman|Gliscor, M|100/100 tox
|turn|20
|
|t:|1778498150
|move|p2a: Batman|Earthquake|p1a: Flippin overrated
|-damage|p1a: Flippin overrated|0 fnt
|faint|p1a: Flippin overrated
|
|upkeep
|
|t:|1778498156
|switch|p1a: Flip flapper|Meowscarada, F|100/100
|turn|21
|
|t:|1778498164
|switch|p2a: Ogerpon|Ogerpon-Wellspring, F|100/100
|-activate|p2a: Ogerpon|move: Sticky Web
|-unboost|p2a: Ogerpon|spe|1
|move|p1a: Flip flapper|Triple Axel|p2a: Ogerpon
|-start|p1a: Flip flapper|typechange|Ice|[from] ability: Protean
|-damage|p2a: Ogerpon|83/100
|-damage|p2a: Ogerpon|45/100
|-damage|p2a: Ogerpon|0 fnt
|faint|p2a: Ogerpon
|-hitcount|p2: Ogerpon|3
|
|upkeep
|
|t:|1778498176
|switch|p2a: Batman|Gliscor, M|100/100 tox
|turn|22
|
|t:|1778498184
|move|p1a: Flip flapper|Triple Axel|p2a: Batman
|-supereffective|p2a: Batman
|-damage|p2a: Batman|46/100 tox
|-supereffective|p2a: Batman
|-damage|p2a: Batman|0 fnt
|faint|p2a: Batman
|-hitcount|p2: Batman|2
|
|win|cargo90210
|raw|cargo90210's rating: 1120 &rarr; <strong>1148</strong><br />(+28 for winning)
|raw|ortholeon's rating: 1165 &rarr; <strong>1137</strong><br />(-28 for losing)
|l|☆cargo90210
|player|p1|
|l|☆ortholeon
|player|p2|
