|html|<div class="broadcast-blue"><strong>[Gen 9] OU is currently suspecting Tera Blast! For information on how to participate check out the <a href="https://www.smogon.com/tools/suspects/view/200">suspect thread</a>.</strong></div>
|j|☆IvoryTowerx
|j|☆Zup4dan
|t:|1776061298
|gametype|singles
|player|p1|IvoryTowerx|gentleman-gen4dp|1157
|player|p2|Zup4dan|sailor|1098
|gen|9
|tier|[Gen 9] OU
|rated|
|rule|HP Percentage Mod: HP is shown in percentages
|rule|Endless Battle Clause: Forcing endless battles is banned
|rule|Species Clause: Limit one of each Pokémon
|rule|OHKO Clause: OHKO moves are banned
|rule|Evasion Items Clause: Evasion items are banned
|rule|Evasion Moves Clause: Evasion moves are banned
|rule|Evasion Abilities Clause: Evasion abilities are banned
|rule|Sleep Moves Clause: Sleep-inducing moves are banned
|clearpoke
|poke|p1|Iron Jugulis|
|poke|p1|Latios, M|
|poke|p1|Sandy Shocks|
|poke|p1|Ogerpon, F|
|poke|p1|Manaphy|
|poke|p1|Scizor, M|
|poke|p2|Rillaboom, M|
|poke|p2|Toxtricity, M|
|poke|p2|Skeledirge, M|
|poke|p2|Meloetta|
|poke|p2|Noivern, F|
|poke|p2|Cloyster, M|
|teampreview
|c|☆Zup4dan|nice team
|
|t:|1776061309
|teamsize|p1|6
|teamsize|p2|6
|start
|switch|p1a: Iron Jugulis|Iron Jugulis|100/100
|switch|p2a: Testing|Cloyster, M|100/100
|-enditem|p1a: Iron Jugulis|Booster Energy
|-activate|p1a: Iron Jugulis|ability: Quark Drive|[fromitem]
|-start|p1a: Iron Jugulis|quarkdrivespe
|turn|1
|
|t:|1776061317
|move|p1a: Iron Jugulis|Taunt|p2a: Testing
|-start|p2a: Testing|move: Taunt
|cant|p2a: Testing|move: Taunt|Shell Smash
|
|upkeep
|turn|2
|
|t:|1776061335
|-end|p1a: Iron Jugulis|Quark Drive|[silent]
|switch|p1a: Scizor|Scizor, M|100/100
|move|p2a: Testing|Rock Blast|p1a: Scizor
|-damage|p1a: Scizor|92/100
|-damage|p1a: Scizor|84/100
|-damage|p1a: Scizor|77/100
|-damage|p1a: Scizor|68/100
|-damage|p1a: Scizor|61/100
|-hitcount|p1a: Scizor|5
|
|upkeep
|turn|3
|
|t:|1776061346
|switch|p2a: Skeleton John|Skeledirge, M|100/100
|move|p1a: Scizor|Swords Dance|p1a: Scizor
|-boost|p1a: Scizor|atk|2
|
|upkeep
|turn|4
|
|t:|1776061353
|-terastallize|p1a: Scizor|Fire
|move|p2a: Skeleton John|Torch Song|p1a: Scizor
|-resisted|p1a: Scizor
|-damage|p1a: Scizor|42/100
|-boost|p2a: Skeleton John|spa|1
|-enditem|p1a: Scizor|Sitrus Berry|[eat]
|-heal|p1a: Scizor|67/100|[from] item: Sitrus Berry
|move|p1a: Scizor|Knock Off|p2a: Skeleton John
|-supereffective|p2a: Skeleton John
|-damage|p2a: Skeleton John|50/100
|-enditem|p2a: Skeleton John|Heavy-Duty Boots|[from] move: Knock Off|[of] p1a: Scizor
|
|upkeep
|turn|5
|
|t:|1776061365
|move|p2a: Skeleton John|Earth Power|p1a: Scizor
|-supereffective|p1a: Scizor
|-damage|p1a: Scizor|0 fnt
|faint|p1a: Scizor
|
|upkeep
|
|t:|1776061370
|switch|p1a: Sandy Shocks|Sandy Shocks|100/100
|-enditem|p1a: Sandy Shocks|Booster Energy
|-activate|p1a: Sandy Shocks|ability: Protosynthesis|[fromitem]
|-start|p1a: Sandy Shocks|protosynthesisspe
|turn|6
|
|t:|1776061376
|move|p1a: Sandy Shocks|Stealth Rock|p2a: Skeleton John
|-sidestart|p2: Zup4dan|move: Stealth Rock
|move|p2a: Skeleton John|Earth Power|p1a: Sandy Shocks
|-supereffective|p1a: Sandy Shocks
|-damage|p1a: Sandy Shocks|14/100
|
|upkeep
|turn|7
|
|t:|1776061382
|move|p1a: Sandy Shocks|Earth Power|p2a: Skeleton John
|-supereffective|p2a: Skeleton John
|-damage|p2a: Skeleton John|0 fnt
|faint|p2a: Skeleton John
|
|upkeep
|
|t:|1776061390
|switch|p2a: In the Air Tonight|Rillaboom, M|100/100
|-damage|p2a: In the Air Tonight|88/100|[from] Stealth Rock
|-fieldstart|move: Grassy Terrain|[from] ability: Grassy Surge|[of] p2a: In the Air Tonight
|turn|8
|
|t:|1776061402
|move|p2a: In the Air Tonight|Grassy Glide|p1a: Sandy Shocks
|-supereffective|p1a: Sandy Shocks
|-damage|p1a: Sandy Shocks|0 fnt
|faint|p1a: Sandy Shocks
|-end|p1a: Sandy Shocks|Protosynthesis|[silent]
|
|-heal|p2a: In the Air Tonight|94/100|[from] Grassy Terrain
|upkeep
|
|t:|1776061408
|switch|p1a: Latios|Latios, M|100/100
|turn|9
|
|t:|1776061415
|move|p1a: Latios|Agility|p1a: Latios
|-boost|p1a: Latios|spe|2
|move|p2a: In the Air Tonight|U-turn|p1a: Latios
|-supereffective|p1a: Latios
|-damage|p1a: Latios|51/100
|-enditem|p1a: Latios|Weakness Policy
|-boost|p1a: Latios|atk|2|[from] item: Weakness Policy
|-boost|p1a: Latios|spa|2|[from] item: Weakness Policy
|
|t:|1776061436
|switch|p2a: Testing|Cloyster, M|100/100|[from] U-turn
|-damage|p2a: Testing|76/100|[from] Stealth Rock
|
|-heal|p2a: Testing|82/100|[from] Grassy Terrain
|upkeep
|turn|10
|
|t:|1776061447
|move|p1a: Latios|Aura Sphere|p2a: Testing
|-supereffective|p2a: Testing
|-damage|p2a: Testing|0 fnt
|faint|p2a: Testing
|
|upkeep
|
|t:|1776061457
|switch|p2a: Imagine Dragon|Noivern, F|100/100
|turn|11
|
|t:|1776061462
|move|p1a: Latios|Stored Power|p2a: Imagine Dragon
|-damage|p2a: Imagine Dragon|0 fnt
|faint|p2a: Imagine Dragon
|
|upkeep
|
|t:|1776061469
|switch|p2a: Hatsune Miku|Meloetta, shiny|100/100
|-damage|p2a: Hatsune Miku|88/100|[from] Stealth Rock
|turn|12
|
|t:|1776061483
|-terastallize|p2a: Hatsune Miku|Ghost
|move|p1a: Latios|Stored Power|p2a: Hatsune Miku
|-damage|p2a: Hatsune Miku|0 fnt
|faint|p2a: Hatsune Miku
|
|upkeep
|
|t:|1776061488
|switch|p2a: In the Air Tonight|Rillaboom, M|94/100
|-damage|p2a: In the Air Tonight|82/100|[from] Stealth Rock
|turn|13
|
|t:|1776061493
|move|p1a: Latios|Stored Power|p2a: In the Air Tonight
|-damage|p2a: In the Air Tonight|0 fnt
|faint|p2a: In the Air Tonight
|
|upkeep
|
|t:|1776061498
|switch|p2a: AC/DC|Toxtricity, M|100/100
|-damage|p2a: AC/DC|88/100|[from] Stealth Rock
|turn|14
|
|t:|1776061503
|move|p1a: Latios|Stored Power|p2a: AC/DC
|-supereffective|p2a: AC/DC
|-damage|p2a: AC/DC|0 fnt
|faint|p2a: AC/DC
|
|win|IvoryTowerx
|raw|IvoryTowerx's rating: 1157 &rarr; <strong>1178</strong><br />(+21 for winning)
|raw|Zup4dan's rating: 1098 &rarr; <strong>1077</strong><br />(-21 for losing)
|c|☆Zup4dan|gg
|l|☆Zup4dan
|player|p2|
|l|☆IvoryTowerx
|player|p1|
