|html|<div class="broadcast-blue"><strong>[Gen 9] OU is currently suspecting Tera Blast! For information on how to participate check out the <a href="https://www.smogon.com/tools/suspects/view/200">suspect thread</a>.</strong></div>
|j|☆Dov Aloof
|j|☆Sushi4928
|t:|1776193424
|gametype|singles
|player|p1|Dov Aloof|266|1552
|player|p2|Sushi4928|169|1609
|gen|9
|tier|[Gen 9] OU
|rated|
|rule|HP Percentage Mod: HP is shown in percentages
|rule|Endless Battle Clause: Forcing endless battles is banned
|rule|Species Clause: Limit one of each Pokémon
|rule|OHKO Clause: OHKO moves are banned
|rule|Evasion Items Clause: Evasion items are banned
|rule|Evasion Moves Clause: Evasion moves are banned
|rule|Evasion Abilities Clause: Evasion abilities are banned
|rule|Sleep Moves Clause: Sleep-inducing moves are banned
|clearpoke
|poke|p1|Ninetales-Alola, F|
|poke|p1|Revavroom, F|
|poke|p1|Kyurem|
|poke|p1|Hatterene, F|
|poke|p1|Raging Bolt|
|poke|p1|Samurott-Hisui, F|
|poke|p2|Ninetales, F|
|poke|p2|Cresselia, F|
|poke|p2|Raging Bolt|
|poke|p2|Iron Moth|
|poke|p2|Great Tusk|
|poke|p2|Walking Wake|
|teampreview
|inactive|Battle timer is ON: inactive players will automatically lose when time's up. (requested by Sushi4928)
|inactive|Dov Aloof has 120 seconds left.
|
|t:|1776193480
|teamsize|p1|6
|teamsize|p2|6
|start
|switch|p1a: Samurott|Samurott-Hisui, F|100/100
|switch|p2a: Great Tusk|Great Tusk|100/100
|turn|1
|
|t:|1776193489
|move|p1a: Samurott|Razor Shell|p2a: Great Tusk
|-supereffective|p2a: Great Tusk
|-damage|p2a: Great Tusk|37/100
|-damage|p1a: Samurott|84/100|[from] item: Rocky Helmet|[of] p2a: Great Tusk
|move|p2a: Great Tusk|Headlong Rush|p1a: Samurott
|-damage|p1a: Samurott|14/100
|-unboost|p2a: Great Tusk|def|1
|-unboost|p2a: Great Tusk|spd|1
|
|upkeep
|turn|2
|
|t:|1776193494
|-end|p2a: Great Tusk|Protosynthesis|[silent]
|switch|p2a: Walking Wake|Walking Wake|100/100
|move|p1a: Samurott|Razor Shell|p2a: Walking Wake
|-resisted|p2a: Walking Wake
|-damage|p2a: Walking Wake|86/100
|
|upkeep
|turn|3
|
|t:|1776193503
|switch|p1a: Hatterene|Hatterene, F|100/100
|move|p2a: Walking Wake|Dragon Pulse|p1a: Hatterene
|-immune|p1a: Hatterene
|
|upkeep
|turn|4
|
|t:|1776193509
|-end|p2a: Walking Wake|Protosynthesis|[silent]
|switch|p2a: Ninetales|Ninetales, F|100/100
|-weather|SunnyDay|[from] ability: Drought|[of] p2a: Ninetales
|move|p1a: Hatterene|Nuzzle|p2a: Ninetales
|-damage|p2a: Ninetales|95/100
|-status|p2a: Ninetales|par
|
|-weather|SunnyDay|[upkeep]
|upkeep
|turn|5
|
|t:|1776193516
|switch|p2a: Walking Wake|Walking Wake|86/100
|-activate|p2a: Walking Wake|ability: Protosynthesis
|-start|p2a: Walking Wake|protosynthesisspa
|switch|p1a: Ninetales|Ninetales-Alola, F|100/100
|-weather|Snowscape|[from] ability: Snow Warning|[of] p1a: Ninetales
|-end|p2a: Walking Wake|Protosynthesis
|
|-weather|Snowscape|[upkeep]
|upkeep
|turn|6
|
|t:|1776193521
|-end|p2a: Walking Wake|Protosynthesis|[silent]
|switch|p2a: Ninetales|Ninetales, F|95/100 par
|-weather|SunnyDay|[from] ability: Drought|[of] p2a: Ninetales
|move|p1a: Ninetales|Aurora Veil||[still]
|-fail|p1a: Ninetales
|
|-weather|SunnyDay|[upkeep]
|upkeep
|turn|7
|
|t:|1776193524
|switch|p2a: Walking Wake|Walking Wake|86/100
|-activate|p2a: Walking Wake|ability: Protosynthesis
|-start|p2a: Walking Wake|protosynthesisspa
|move|p1a: Ninetales|Snowscape|p1a: Ninetales
|-weather|Snowscape
|-end|p2a: Walking Wake|Protosynthesis
|
|-weather|Snowscape|[upkeep]
|upkeep
|turn|8
|
|t:|1776193527
|-end|p2a: Walking Wake|Protosynthesis|[silent]
|switch|p2a: Ninetales|Ninetales, F|95/100 par
|-weather|SunnyDay|[from] ability: Drought|[of] p2a: Ninetales
|move|p1a: Ninetales|Aurora Veil||[still]
|-fail|p1a: Ninetales
|
|-weather|SunnyDay|[upkeep]
|upkeep
|turn|9
|
|t:|1776193530
|switch|p1a: Raging Bolt|Raging Bolt|100/100
|-activate|p1a: Raging Bolt|ability: Protosynthesis
|-start|p1a: Raging Bolt|protosynthesisspa
|move|p2a: Ninetales|Overheat|p1a: Raging Bolt
|-resisted|p1a: Raging Bolt
|-damage|p1a: Raging Bolt|72/100
|-unboost|p2a: Ninetales|spa|2
|
|-weather|SunnyDay|[upkeep]
|upkeep
|turn|10
|c|☆Dov Aloof|gottem
|
|t:|1776193537
|switch|p2a: Cresselia|Cresselia, F|100/100
|move|p1a: Raging Bolt|Dragon Pulse|p2a: Cresselia
|-damage|p2a: Cresselia|56/100
|-enditem|p2a: Cresselia|Eject Button
|
|t:|1776193539
|switch|p2a: Walking Wake|Walking Wake|86/100
|-activate|p2a: Walking Wake|ability: Protosynthesis
|-start|p2a: Walking Wake|protosynthesisspa
|
|-weather|SunnyDay|[upkeep]
|upkeep
|turn|11
|
|t:|1776193546
|-end|p1a: Raging Bolt|Protosynthesis|[silent]
|switch|p1a: Hatterene|Hatterene, F|100/100
|move|p2a: Walking Wake|Hydro Steam|p1a: Hatterene
|-damage|p1a: Hatterene|0 fnt
|faint|p1a: Hatterene
|
|-weather|SunnyDay|[upkeep]
|upkeep
|
|t:|1776193547
|switch|p1a: Ninetales|Ninetales-Alola, F|100/100
|-weather|Snowscape|[from] ability: Snow Warning|[of] p1a: Ninetales
|-end|p2a: Walking Wake|Protosynthesis
|turn|12
|
|t:|1776193550
|switch|p1a: Samurott|Samurott-Hisui, F|14/100
|-end|p2a: Walking Wake|Protosynthesis|[silent]
|switch|p2a: Ninetales|Ninetales, F|95/100 par
|-weather|SunnyDay|[from] ability: Drought|[of] p2a: Ninetales
|
|-weather|SunnyDay|[upkeep]
|upkeep
|turn|13
|
|t:|1776193564
|move|p1a: Samurott|Ceaseless Edge|p2a: Ninetales|[miss]
|-miss|p1a: Samurott|p2a: Ninetales
|move|p2a: Ninetales|Overheat|p1a: Samurott
|-resisted|p1a: Samurott
|-damage|p1a: Samurott|0 fnt
|-unboost|p2a: Ninetales|spa|2
|faint|p1a: Samurott
|
|-weather|SunnyDay|[upkeep]
|upkeep
|
|t:|1776193569
|switch|p1a: Ninetales|Ninetales-Alola, F|100/100
|-weather|Snowscape|[from] ability: Snow Warning|[of] p1a: Ninetales
|turn|14
|
|t:|1776193578
|switch|p2a: Cresselia|Cresselia, F|56/100
|move|p1a: Ninetales|Aurora Veil|p1a: Ninetales
|-sidestart|p1: Dov Aloof|move: Aurora Veil
|
|-weather|Snowscape|[upkeep]
|upkeep
|turn|15
|
|t:|1776193583
|switch|p1a: Raging Bolt|Raging Bolt|72/100
|move|p2a: Cresselia|Thunder Wave|p1a: Raging Bolt
|-immune|p1a: Raging Bolt
|
|-weather|Snowscape|[upkeep]
|upkeep
|turn|16
|
|t:|1776193596
|switch|p2a: Great Tusk|Great Tusk|37/100
|move|p1a: Raging Bolt|Dragon Pulse|p2a: Great Tusk
|-damage|p2a: Great Tusk|0 fnt
|faint|p2a: Great Tusk
|-end|p2a: Great Tusk|Protosynthesis|[silent]
|
|-weather|Snowscape|[upkeep]
|upkeep
|
|t:|1776193612
|switch|p2a: Cresselia|Cresselia, F|56/100
|turn|17
|
|t:|1776193630
|move|p1a: Raging Bolt|Thunderbolt|p2a: Cresselia
|-damage|p2a: Cresselia|21/100
|move|p2a: Cresselia|Moonlight|p2a: Cresselia
|-heal|p2a: Cresselia|46/100
|
|-weather|Snowscape|[upkeep]
|upkeep
|turn|18
|
|t:|1776193640
|move|p1a: Raging Bolt|Dragon Pulse|p2a: Cresselia
|-damage|p2a: Cresselia|14/100
|move|p2a: Cresselia|Moonlight|p2a: Cresselia
|-heal|p2a: Cresselia|39/100
|
|-weather|none
|upkeep
|turn|19
|
|t:|1776193666
|move|p1a: Raging Bolt|Thunderbolt|p2a: Cresselia
|-damage|p2a: Cresselia|5/100
|move|p2a: Cresselia|Moonlight|p2a: Cresselia
|-heal|p2a: Cresselia|55/100
|
|upkeep
|turn|20
|
|t:|1776193670
|move|p1a: Raging Bolt|Thunderbolt|p2a: Cresselia
|-damage|p2a: Cresselia|17/100
|move|p2a: Cresselia|Moonlight|p2a: Cresselia
|-heal|p2a: Cresselia|67/100
|
|upkeep
|turn|21
|
|t:|1776193673
|move|p1a: Raging Bolt|Thunderbolt|p2a: Cresselia
|-damage|p2a: Cresselia|33/100
|move|p2a: Cresselia|Moonlight|p2a: Cresselia
|-heal|p2a: Cresselia|82/100
|
|-sideend|p1: Dov Aloof|move: Aurora Veil
|upkeep
|turn|22
|c|☆Dov Aloof|gayyyyy
|
|t:|1776193677
|move|p1a: Raging Bolt|Thunderbolt|p2a: Cresselia
|-damage|p2a: Cresselia|47/100
|move|p2a: Cresselia|Moonlight|p2a: Cresselia
|-heal|p2a: Cresselia|96/100
|
|upkeep
|turn|23
|
|t:|1776193679
|move|p1a: Raging Bolt|Thunderbolt|p2a: Cresselia
|-damage|p2a: Cresselia|60/100
|move|p2a: Cresselia|Ice Beam|p1a: Raging Bolt
|-supereffective|p1a: Raging Bolt
|-damage|p1a: Raging Bolt|39/100
|
|upkeep
|turn|24
|
|t:|1776193683
|move|p1a: Raging Bolt|Thunderbolt|p2a: Cresselia
|-damage|p2a: Cresselia|24/100
|move|p2a: Cresselia|Moonlight|p2a: Cresselia
|-heal|p2a: Cresselia|74/100
|
|upkeep
|turn|25
|
|t:|1776193690
|switch|p2a: Iron Moth|Iron Moth|100/100
|-enditem|p2a: Iron Moth|Booster Energy
|-activate|p2a: Iron Moth|ability: Quark Drive|[fromitem]
|-start|p2a: Iron Moth|quarkdrivespe
|move|p1a: Raging Bolt|Thunderbolt|p2a: Iron Moth
|-damage|p2a: Iron Moth|49/100
|-status|p2a: Iron Moth|par
|
|upkeep
|turn|26
|c|☆Dov Aloof|good
|
|t:|1776193697
|move|p2a: Iron Moth|Sludge Wave|p1a: Raging Bolt
|-damage|p1a: Raging Bolt|0 fnt
|faint|p1a: Raging Bolt
|-end|p1a: Raging Bolt|Protosynthesis|[silent]
|
|upkeep
|
|t:|1776193699
|switch|p1a: Ninetales|Ninetales-Alola, F|100/100
|-weather|Snowscape|[from] ability: Snow Warning|[of] p1a: Ninetales
|turn|27
|
|t:|1776193715
|-end|p2a: Iron Moth|Quark Drive|[silent]
|switch|p2a: Ninetales|Ninetales, F|95/100 par
|-weather|SunnyDay|[from] ability: Drought|[of] p2a: Ninetales
|move|p1a: Ninetales|Snowscape|p1a: Ninetales
|-weather|Snowscape
|
|-weather|Snowscape|[upkeep]
|upkeep
|turn|28
|
|t:|1776193725
|move|p1a: Ninetales|Aurora Veil|p1a: Ninetales
|-sidestart|p1: Dov Aloof|move: Aurora Veil
|move|p2a: Ninetales|Encore|p1a: Ninetales
|-start|p1a: Ninetales|Encore
|
|-weather|Snowscape|[upkeep]
|upkeep
|turn|29
|
|t:|1776193728
|switch|p1a: Kyurem|Kyurem|100/100
|-ability|p1a: Kyurem|Pressure
|move|p2a: Ninetales|Will-O-Wisp|p1a: Kyurem
|-status|p1a: Kyurem|brn
|
|-weather|Snowscape|[upkeep]
|-damage|p1a: Kyurem|94/100 brn|[from] brn
|upkeep
|turn|30
|
|t:|1776193733
|switch|p2a: Cresselia|Cresselia, F|74/100
|move|p1a: Kyurem|Dragon Dance|p1a: Kyurem
|-boost|p1a: Kyurem|atk|1
|-boost|p1a: Kyurem|spe|1
|
|-weather|Snowscape|[upkeep]
|-damage|p1a: Kyurem|88/100 brn|[from] brn
|upkeep
|turn|31
|
|t:|1776193740
|switch|p2a: Walking Wake|Walking Wake|86/100
|move|p1a: Kyurem|Dragon Dance|p1a: Kyurem
|-boost|p1a: Kyurem|atk|1
|-boost|p1a: Kyurem|spe|1
|
|-weather|none
|-damage|p1a: Kyurem|82/100 brn|[from] brn
|upkeep
|turn|32
|
|t:|1776193747
|-terastallize|p2a: Walking Wake|Water
|move|p1a: Kyurem|Scale Shot|p2a: Walking Wake
|-damage|p2a: Walking Wake|70/100
|-damage|p2a: Walking Wake|56/100
|-damage|p2a: Walking Wake|40/100
|-damage|p2a: Walking Wake|23/100
|-hitcount|p2a: Walking Wake|4
|-unboost|p1a: Kyurem|def|1
|-boost|p1a: Kyurem|spe|1
|move|p2a: Walking Wake|Dragon Pulse|p1a: Kyurem
|-supereffective|p1a: Kyurem
|-damage|p1a: Kyurem|9/100 brn
|
|-damage|p1a: Kyurem|3/100 brn|[from] brn
|upkeep
|turn|33
|
|t:|1776193755
|-end|p2a: Walking Wake|Protosynthesis|[silent]
|switch|p2a: Iron Moth|Iron Moth|49/100 par
|move|p1a: Kyurem|Scale Shot|p2a: Iron Moth
|-damage|p2a: Iron Moth|27/100 par
|-damage|p2a: Iron Moth|6/100 par
|-damage|p2a: Iron Moth|0 fnt
|faint|p2a: Iron Moth
|-end|p2a: Iron Moth|Quark Drive|[silent]
|-hitcount|p2: Iron Moth|3
|-unboost|p1a: Kyurem|def|1
|-boost|p1a: Kyurem|spe|1
|
|-damage|p1a: Kyurem|0 fnt|[from] brn
|faint|p1a: Kyurem
|upkeep
|
|t:|1776193759
|switch|p2a: Ninetales|Ninetales, F|95/100 par
|switch|p1a: Ninetales|Ninetales-Alola, F|100/100
|-weather|Snowscape|[from] ability: Snow Warning|[of] p1a: Ninetales
|-weather|SunnyDay|[from] ability: Drought|[of] p2a: Ninetales
|turn|34
|
|t:|1776193768
|move|p1a: Ninetales|Snowscape|p1a: Ninetales
|-weather|Snowscape
|move|p2a: Ninetales|Overheat|p1a: Ninetales
|-supereffective|p1a: Ninetales
|-damage|p1a: Ninetales|60/100
|-unboost|p2a: Ninetales|spa|2
|
|-weather|Snowscape|[upkeep]
|upkeep
|turn|35
|
|t:|1776193772
|move|p1a: Ninetales|Encore|p2a: Ninetales
|-start|p2a: Ninetales|Encore
|move|p2a: Ninetales|Overheat|p1a: Ninetales
|-supereffective|p1a: Ninetales
|-damage|p1a: Ninetales|41/100
|-unboost|p2a: Ninetales|spa|2
|
|-weather|Snowscape|[upkeep]
|-sideend|p1: Dov Aloof|move: Aurora Veil
|upkeep
|turn|36
|
|t:|1776193778
|switch|p2a: Cresselia|Cresselia, F|74/100
|move|p1a: Ninetales|Aurora Veil|p1a: Ninetales
|-sidestart|p1: Dov Aloof|move: Aurora Veil
|
|-weather|Snowscape|[upkeep]
|upkeep
|turn|37
|
|t:|1776193780
|move|p1a: Ninetales|Freeze-Dry|p2a: Cresselia
|-damage|p2a: Cresselia|60/100
|-status|p2a: Cresselia|frz
|cant|p2a: Cresselia|frz
|
|-weather|Snowscape|[upkeep]
|upkeep
|turn|38
|
|t:|1776193786
|switch|p1a: Revavroom|Revavroom, F|100/100
|-item|p1a: Revavroom|Air Balloon
|switch|p2a: Ninetales|Ninetales, F|95/100 par
|-weather|SunnyDay|[from] ability: Drought|[of] p2a: Ninetales
|
|-weather|SunnyDay|[upkeep]
|upkeep
|turn|39
|
|t:|1776193789
|-terastallize|p1a: Revavroom|Fire
|move|p1a: Revavroom|Shift Gear|p1a: Revavroom
|-boost|p1a: Revavroom|spe|2
|-boost|p1a: Revavroom|atk|1
|move|p2a: Ninetales|Will-O-Wisp|p1a: Revavroom
|-immune|p1a: Revavroom
|
|-weather|SunnyDay|[upkeep]
|upkeep
|turn|40
|
|t:|1776193794
|move|p1a: Revavroom|High Horsepower|p2a: Ninetales
|-supereffective|p2a: Ninetales
|-damage|p2a: Ninetales|0 fnt
|faint|p2a: Ninetales
|
|-weather|SunnyDay|[upkeep]
|upkeep
|
|t:|1776193801
|switch|p2a: Cresselia|Cresselia, F|60/100 frz
|turn|41
|
|t:|1776193803
|move|p1a: Revavroom|Shift Gear|p1a: Revavroom
|-boost|p1a: Revavroom|spe|2
|-boost|p1a: Revavroom|atk|1
|cant|p2a: Cresselia|frz
|
|-weather|SunnyDay|[upkeep]
|upkeep
|turn|42
|
|t:|1776193805
|move|p1a: Revavroom|Gunk Shot|p2a: Cresselia
|-damage|p2a: Cresselia|0 fnt
|faint|p2a: Cresselia
|
|-weather|SunnyDay|[upkeep]
|upkeep
|
|t:|1776193807
|switch|p2a: Walking Wake|Walking Wake, tera:Water|23/100
|-activate|p2a: Walking Wake|ability: Protosynthesis
|-start|p2a: Walking Wake|protosynthesisspa
|turn|43
|
|t:|1776193810
|move|p1a: Revavroom|High Horsepower|p2a: Walking Wake
|-damage|p2a: Walking Wake|0 fnt
|faint|p2a: Walking Wake
|-end|p2a: Walking Wake|Protosynthesis|[silent]
|
|-weather|SunnyDay|[upkeep]
|-sideend|p1: Dov Aloof|move: Aurora Veil
|upkeep
|
|t:|1776193811
|switch|p2a: Raging Bolt|Raging Bolt|100/100
|-activate|p2a: Raging Bolt|ability: Protosynthesis
|-start|p2a: Raging Bolt|protosynthesisspa
|turn|44
|
|t:|1776193814
|move|p2a: Raging Bolt|Thunderclap|p1a: Revavroom
|-damage|p1a: Revavroom|0 fnt
|-enditem|p1a: Revavroom|Air Balloon
|faint|p1a: Revavroom
|-damage|p2a: Raging Bolt|91/100|[from] item: Life Orb
|
|-weather|SunnyDay|[upkeep]
|upkeep
|
|t:|1776193815
|switch|p1a: Ninetales|Ninetales-Alola, F|41/100
|-weather|Snowscape|[from] ability: Snow Warning|[of] p1a: Ninetales
|-end|p2a: Raging Bolt|Protosynthesis
|turn|45
|
|t:|1776193818
|move|p1a: Ninetales|Encore|p2a: Raging Bolt
|-start|p2a: Raging Bolt|Encore
|move|p2a: Raging Bolt|Thunderclap||[still]
|-fail|p2a: Raging Bolt
|
|-weather|Snowscape|[upkeep]
|upkeep
|turn|46
|-message|Sushi4928 forfeited.
|
|win|Dov Aloof
|raw|Dov Aloof's rating: 1552 &rarr; <strong>1575</strong><br />(+23 for winning)
|raw|Sushi4928's rating: 1609 &rarr; <strong>1586</strong><br />(-23 for losing)
|l|☆Sushi4928
|player|p2|
|c|☆Dov Aloof|and i read your fucking life BITCH
