|html|<div class="broadcast-blue"><strong>[Gen 9] OU is currently suspecting Volcarona! For information on how to participate check out the <a href="https://www.smogon.com/tools/suspects/view/208">suspect thread</a>.</strong></div>
|j|☆Sir Pitulio
|j|☆JoeZomB
|t:|1778513004
|gametype|singles
|player|p1|Sir Pitulio|cyrus|1494
|player|p2|JoeZomB|169|1572
|gen|9
|tier|[Gen 9] OU
|rated|
|rule|HP Percentage Mod: HP is shown in percentages
|rule|Endless Battle Clause: Forcing endless battles is banned
|rule|Species Clause: Limit one of each Pokémon
|rule|OHKO Clause: OHKO moves are banned
|rule|Evasion Items Clause: Evasion items are banned
|rule|Evasion Moves Clause: Evasion moves are banned
|rule|Evasion Abilities Clause: Evasion abilities are banned
|rule|Sleep Moves Clause: Sleep-inducing moves are banned
|clearpoke
|poke|p1|Keldeo-Resolute|
|poke|p1|Ceruledge, F|
|poke|p1|Iron Valiant|
|poke|p1|Avalugg-Hisui, F|
|poke|p1|Latias, F|
|poke|p1|Cinderace, F|
|poke|p2|Empoleon, M|
|poke|p2|Clodsire, F|
|poke|p2|Moltres|
|poke|p2|Hydreigon, F|
|poke|p2|Meowscarada, F|
|poke|p2|Great Tusk|
|teampreview
|inactive|Battle timer is ON: inactive players will automatically lose when time's up. (requested by JoeZomB)
|j| f5r5dey6fd
|
|t:|1778513027
|teamsize|p1|6
|teamsize|p2|6
|start
|switch|p1a: Cinderace|Cinderace, F|100/100
|switch|p2a: Moltres|Moltres|100/100
|turn|1
|
|t:|1778513034
|switch|p1a: Keldeo|Keldeo-Resolute|100/100
|move|p2a: Moltres|Will-O-Wisp|p1a: Keldeo
|-status|p1a: Keldeo|brn
|
|-damage|p1a: Keldeo|94/100 brn|[from] brn
|upkeep
|turn|2
|
|t:|1778513040
|switch|p2a: Clodsire|Clodsire, F|100/100
|move|p1a: Keldeo|Icy Wind|p2a: Clodsire
|-supereffective|p2a: Clodsire
|-damage|p2a: Clodsire|73/100
|-unboost|p2a: Clodsire|spe|1
|
|-damage|p1a: Keldeo|88/100 brn|[from] brn
|upkeep
|turn|3
|
|t:|1778513058
|move|p1a: Keldeo|Surf|p2a: Clodsire
|-heal|p2a: Clodsire|98/100|[from] ability: Water Absorb|[of] p1a: Keldeo
|move|p2a: Clodsire|Poison Jab|p1a: Keldeo
|-damage|p1a: Keldeo|61/100 brn
|
|-damage|p1a: Keldeo|55/100 brn|[from] brn
|upkeep
|turn|4
|
|t:|1778513074
|switch|p2a: Meowscarada|Meowscarada, F|100/100
|move|p1a: Keldeo|Icy Wind|p2a: Meowscarada
|-supereffective|p2a: Meowscarada
|-damage|p2a: Meowscarada|37/100
|-unboost|p2a: Meowscarada|spe|1
|
|-damage|p1a: Keldeo|48/100 brn|[from] brn
|upkeep
|turn|5
|
|t:|1778513079
|switch|p2a: Clodsire|Clodsire, F|98/100
|move|p1a: Keldeo|Icy Wind|p2a: Clodsire
|-supereffective|p2a: Clodsire
|-crit|p2a: Clodsire
|-damage|p2a: Clodsire|59/100
|-unboost|p2a: Clodsire|spe|1
|
|-damage|p1a: Keldeo|42/100 brn|[from] brn
|upkeep
|turn|6
|
|t:|1778513083
|move|p1a: Keldeo|Calm Mind|p1a: Keldeo
|-boost|p1a: Keldeo|spa|1
|-boost|p1a: Keldeo|spd|1
|move|p2a: Clodsire|Recover|p2a: Clodsire
|-heal|p2a: Clodsire|100/100
|
|-damage|p1a: Keldeo|36/100 brn|[from] brn
|upkeep
|turn|7
|
|t:|1778513085
|move|p1a: Keldeo|Icy Wind|p2a: Clodsire
|-supereffective|p2a: Clodsire
|-damage|p2a: Clodsire|58/100
|-unboost|p2a: Clodsire|spe|1
|move|p2a: Clodsire|Earthquake|p1a: Keldeo
|-damage|p1a: Keldeo|7/100 brn
|
|-damage|p1a: Keldeo|1/100 brn|[from] brn
|upkeep
|turn|8
|
|t:|1778513091
|move|p1a: Keldeo|Icy Wind|p2a: Clodsire
|-supereffective|p2a: Clodsire
|-damage|p2a: Clodsire|21/100
|-unboost|p2a: Clodsire|spe|1
|move|p2a: Clodsire|Recover|p2a: Clodsire
|-heal|p2a: Clodsire|71/100
|
|-damage|p1a: Keldeo|0 fnt|[from] brn
|faint|p1a: Keldeo
|upkeep
|
|t:|1778513106
|switch|p1a: Avalugg|Avalugg-Hisui, F|100/100
|turn|9
|
|t:|1778513118
|switch|p2a: Great Tusk|Great Tusk|100/100
|move|p1a: Avalugg|Mountain Gale|p2a: Great Tusk
|-supereffective|p2a: Great Tusk
|-damage|p2a: Great Tusk|25/100
|
|upkeep
|turn|10
|
|t:|1778513127
|move|p2a: Great Tusk|Stealth Rock|p1a: Avalugg
|-sidestart|p1: Sir Pitulio|move: Stealth Rock
|move|p1a: Avalugg|Body Press|p2a: Great Tusk
|-damage|p2a: Great Tusk|5/100
|
|upkeep
|turn|11
|
|t:|1778513134
|move|p2a: Great Tusk|Headlong Rush|p1a: Avalugg
|-supereffective|p1a: Avalugg
|-damage|p1a: Avalugg|29/100
|-unboost|p2a: Great Tusk|def|1
|-unboost|p2a: Great Tusk|spd|1
|move|p1a: Avalugg|Body Press|p2a: Great Tusk
|-damage|p2a: Great Tusk|0 fnt
|faint|p2a: Great Tusk
|-end|p2a: Great Tusk|Protosynthesis|[silent]
|
|upkeep
|
|t:|1778513160
|switch|p2a: Empoleon|Empoleon, M|100/100
|turn|12
|
|t:|1778513177
|move|p1a: Avalugg|Body Press|p2a: Empoleon
|-supereffective|p2a: Empoleon
|-damage|p2a: Empoleon|40/100
|move|p2a: Empoleon|Surf|p1a: Avalugg
|-supereffective|p1a: Avalugg
|-damage|p1a: Avalugg|0 fnt
|faint|p1a: Avalugg
|
|-heal|p2a: Empoleon|46/100|[from] item: Leftovers
|upkeep
|
|t:|1778513185
|switch|p1a: Cinderace|Cinderace, F|100/100
|-damage|p1a: Cinderace|76/100|[from] Stealth Rock
|turn|13
|
|t:|1778513189
|switch|p2a: Moltres|Moltres|100/100
|move|p1a: Cinderace|Court Change|p1a: Cinderace
|-start|p1a: Cinderace|typechange|Normal|[from] ability: Libero
|-swapsideconditions
|-activate|p1a: Cinderace|move: Court Change
|
|upkeep
|turn|14
|
|t:|1778513196
|switch|p1a: Ceruledge|Ceruledge, F, shiny|100/100
|move|p2a: Moltres|Roar|p1a: Ceruledge
|drag|p1a: Latias|Latias, F|100/100
|
|upkeep
|turn|15
|
|t:|1778513200
|switch|p1a: Ceruledge|Ceruledge, F, shiny|100/100
|switch|p2a: Empoleon|Empoleon, M|46/100
|-damage|p2a: Empoleon|40/100|[from] Stealth Rock
|
|-heal|p2a: Empoleon|46/100|[from] item: Leftovers
|upkeep
|turn|16
|
|t:|1778513209
|move|p1a: Ceruledge|Poltergeist|p2a: Empoleon
|-activate|p2a: Empoleon|move: Poltergeist|Leftovers
|-damage|p2a: Empoleon|0 fnt
|faint|p2a: Empoleon
|
|upkeep
|
|t:|1778513215
|switch|p2a: Hydreigon|Hydreigon, F|100/100
|-damage|p2a: Hydreigon|88/100|[from] Stealth Rock
|turn|17
|
|t:|1778513221
|switch|p1a: Cinderace|Cinderace, F|76/100
|move|p2a: Hydreigon|Substitute|p2a: Hydreigon
|-start|p2a: Hydreigon|Substitute
|-damage|p2a: Hydreigon|63/100
|
|-heal|p2a: Hydreigon|69/100|[from] item: Leftovers
|upkeep
|turn|18
|
|t:|1778513225
|move|p1a: Cinderace|High Jump Kick|p2a: Hydreigon
|-start|p1a: Cinderace|typechange|Fighting|[from] ability: Libero
|-supereffective|p2a: Hydreigon
|-end|p2a: Hydreigon|Substitute
|move|p2a: Hydreigon|Draco Meteor|p1a: Cinderace
|-crit|p1a: Cinderace
|-damage|p1a: Cinderace|0 fnt
|-unboost|p2a: Hydreigon|spa|2
|faint|p1a: Cinderace
|
|-heal|p2a: Hydreigon|76/100|[from] item: Leftovers
|upkeep
|
|t:|1778513228
|switch|p1a: Latias|Latias, F|100/100
|turn|19
|
|t:|1778513243
|-terastallize|p2a: Hydreigon|Steel
|move|p2a: Hydreigon|Nasty Plot|p2a: Hydreigon
|-boost|p2a: Hydreigon|spa|2
|move|p1a: Latias|Agility|p1a: Latias
|-boost|p1a: Latias|spe|2
|
|-heal|p2a: Hydreigon|82/100|[from] item: Leftovers
|upkeep
|turn|20
|inactive|Sir Pitulio has 120 seconds left.
|
|t:|1778513282
|move|p1a: Latias|Calm Mind|p1a: Latias
|-boost|p1a: Latias|spa|1
|-boost|p1a: Latias|spd|1
|move|p2a: Hydreigon|Draco Meteor|p1a: Latias
|-supereffective|p1a: Latias
|-damage|p1a: Latias|31/100
|-unboost|p2a: Hydreigon|spa|2
|-enditem|p1a: Latias|Weakness Policy
|-boost|p1a: Latias|atk|2|[from] item: Weakness Policy
|-boost|p1a: Latias|spa|2|[from] item: Weakness Policy
|
|-heal|p2a: Hydreigon|88/100|[from] item: Leftovers
|upkeep
|turn|21
|inactive|Sir Pitulio has 120 seconds left.
|
|t:|1778513294
|-terastallize|p1a: Latias|Fairy
|move|p1a: Latias|Stored Power|p2a: Hydreigon
|-resisted|p2a: Hydreigon
|-damage|p2a: Hydreigon|0 fnt
|faint|p2a: Hydreigon
|
|upkeep
|
|t:|1778513303
|switch|p2a: Moltres|Moltres|100/100
|turn|22
|
|t:|1778513306
|move|p1a: Latias|Stored Power|p2a: Moltres
|-damage|p2a: Moltres|0 fnt
|faint|p2a: Moltres
|
|upkeep
|-message|JoeZomB forfeited.
|
|win|Sir Pitulio
|raw|Sir Pitulio's rating: 1494 &rarr; <strong>1518</strong><br />(+24 for winning)
|raw|JoeZomB's rating: 1572 &rarr; <strong>1548</strong><br />(-24 for losing)
|l|☆JoeZomB
|player|p2|
|l|☆Sir Pitulio
|player|p1|
|l| f5r5dey6fd
