|html|<div class="broadcast-blue"><strong>[Gen 9] OU is currently suspecting Tera Blast! For information on how to participate check out the <a href="https://www.smogon.com/tools/suspects/view/200">suspect thread</a>.</strong></div>
|j|☆brill_rlly
|j|☆toporotto
|t:|1776151515
|gametype|singles
|player|p1|brill_rlly|psychicf-gen4|1162
|player|p2|toporotto|colress|1229
|gen|9
|tier|[Gen 9] OU
|rated|
|rule|HP Percentage Mod: HP is shown in percentages
|rule|Endless Battle Clause: Forcing endless battles is banned
|rule|Species Clause: Limit one of each Pokémon
|rule|OHKO Clause: OHKO moves are banned
|rule|Evasion Items Clause: Evasion items are banned
|rule|Evasion Moves Clause: Evasion moves are banned
|rule|Evasion Abilities Clause: Evasion abilities are banned
|rule|Sleep Moves Clause: Sleep-inducing moves are banned
|clearpoke
|poke|p1|Latias, F|
|poke|p1|Ninetales-Alola, F|
|poke|p1|Iron Moth|
|poke|p1|Kingambit, M|
|poke|p1|Iron Treads|
|poke|p1|Ogerpon-Wellspring, F|
|poke|p2|Blissey, F|
|poke|p2|Gholdengo|
|poke|p2|Deoxys-Speed|
|poke|p2|Rillaboom, M|
|poke|p2|Great Tusk|
|poke|p2|Alomomola, F|
|teampreview
|inactive|Battle timer is ON: inactive players will automatically lose when time's up. (requested by toporotto)
|inactive|brill_rlly has 120 seconds left.
|
|t:|1776151548
|teamsize|p1|6
|teamsize|p2|6
|start
|switch|p1a: Iron Treads|Iron Treads|100/100
|switch|p2a: Deoxys|Deoxys-Speed|100/100
|-ability|p2a: Deoxys|Pressure
|-enditem|p1a: Iron Treads|Booster Energy
|-activate|p1a: Iron Treads|ability: Quark Drive|[fromitem]
|-start|p1a: Iron Treads|quarkdrivespe
|turn|1
|
|t:|1776151574
|move|p1a: Iron Treads|Stealth Rock|p2a: Deoxys
|-sidestart|p2: toporotto|move: Stealth Rock
|move|p2a: Deoxys|Stealth Rock|p1a: Iron Treads
|-sidestart|p1: brill_rlly|move: Stealth Rock
|
|upkeep
|turn|2
|
|t:|1776151578
|move|p1a: Iron Treads|Rapid Spin|p2a: Deoxys
|-damage|p2a: Deoxys|74/100
|-boost|p1a: Iron Treads|spe|1
|-sideend|p1: brill_rlly|Stealth Rock|[from] move: Rapid Spin|[of] p1a: Iron Treads
|move|p2a: Deoxys|Spikes|p1a: Iron Treads
|-sidestart|p1: brill_rlly|Spikes
|
|upkeep
|turn|3
|
|t:|1776151586
|switch|p2a: Great Tusk|Great Tusk, shiny|100/100
|move|p1a: Iron Treads|Ice Spinner|p2a: Great Tusk
|-supereffective|p2a: Great Tusk
|-damage|p2a: Great Tusk|66/100
|
|upkeep
|turn|4
|
|t:|1776151598
|move|p1a: Iron Treads|Rapid Spin|p2a: Great Tusk
|-damage|p2a: Great Tusk|55/100
|-boost|p1a: Iron Treads|spe|1
|-sideend|p1: brill_rlly|Spikes|[from] move: Rapid Spin|[of] p1a: Iron Treads
|move|p2a: Great Tusk|Knock Off|p1a: Iron Treads
|-crit|p1a: Iron Treads
|-damage|p1a: Iron Treads|69/100
|
|upkeep
|turn|5
|
|t:|1776151603
|move|p1a: Iron Treads|Ice Spinner|p2a: Great Tusk
|-supereffective|p2a: Great Tusk
|-damage|p2a: Great Tusk|20/100
|move|p2a: Great Tusk|Rapid Spin|p1a: Iron Treads
|-resisted|p1a: Iron Treads
|-damage|p1a: Iron Treads|60/100
|-boost|p2a: Great Tusk|spe|1
|-sideend|p2: toporotto|Stealth Rock|[from] move: Rapid Spin|[of] p2a: Great Tusk
|
|upkeep
|turn|6
|
|t:|1776151607
|-end|p2a: Great Tusk|Protosynthesis|[silent]
|switch|p2a: Alomomola|Alomomola, F|100/100
|move|p1a: Iron Treads|Ice Spinner|p2a: Alomomola
|-resisted|p2a: Alomomola
|-damage|p2a: Alomomola|94/100
|-damage|p1a: Iron Treads|44/100|[from] item: Rocky Helmet|[of] p2a: Alomomola
|
|upkeep
|turn|7
|
|t:|1776151613
|move|p1a: Iron Treads|Stealth Rock|p2a: Alomomola
|-sidestart|p2: toporotto|move: Stealth Rock
|move|p2a: Alomomola|Wish|p2a: Alomomola
|
|upkeep
|turn|8
|
|t:|1776151623
|-end|p1a: Iron Treads|Quark Drive|[silent]
|switch|p1a: Ogerpon|Ogerpon-Wellspring, F|100/100
|move|p2a: Alomomola|Flip Turn|p1a: Ogerpon
|-immune|p1a: Ogerpon|[from] ability: Water Absorb
|
|-heal|p2a: Alomomola|100/100|[from] move: Wish|[wisher] Alomomola
|upkeep
|turn|9
|
|t:|1776151635
|switch|p1a: Ninetales|Ninetales-Alola, F|100/100
|-weather|Snowscape|[from] ability: Snow Warning|[of] p1a: Ninetales
|switch|p2a: Rillaboom|Rillaboom, M|100/100
|-damage|p2a: Rillaboom|88/100|[from] Stealth Rock
|-fieldstart|move: Grassy Terrain|[from] ability: Grassy Surge|[of] p2a: Rillaboom
|
|-weather|Snowscape|[upkeep]
|-heal|p2a: Rillaboom|94/100|[from] Grassy Terrain
|-heal|p2a: Rillaboom|100/100|[from] item: Leftovers
|upkeep
|turn|10
|
|t:|1776151657
|switch|p2a: Gholdengo|Gholdengo|100/100
|-damage|p2a: Gholdengo|94/100|[from] Stealth Rock
|move|p1a: Ninetales|Aurora Veil|p1a: Ninetales
|-sidestart|p1: brill_rlly|move: Aurora Veil
|
|-weather|Snowscape|[upkeep]
|-heal|p2a: Gholdengo|100/100|[from] Grassy Terrain
|upkeep
|turn|11
|
|t:|1776151663
|switch|p1a: Iron Moth|Iron Moth|100/100
|-enditem|p1a: Iron Moth|Booster Energy
|-activate|p1a: Iron Moth|ability: Quark Drive|[fromitem]
|-start|p1a: Iron Moth|quarkdrivespe
|move|p2a: Gholdengo|Nasty Plot|p2a: Gholdengo
|-boost|p2a: Gholdengo|spa|2
|
|-weather|Snowscape|[upkeep]
|upkeep
|turn|12
|
|t:|1776151669
|-terastallize|p2a: Gholdengo|Water
|move|p1a: Iron Moth|Substitute|p1a: Iron Moth
|-start|p1a: Iron Moth|Substitute
|-damage|p1a: Iron Moth|76/100
|move|p2a: Gholdengo|Shadow Ball|p1a: Iron Moth
|-end|p1a: Iron Moth|Substitute
|
|-weather|Snowscape|[upkeep]
|-heal|p1a: Iron Moth|82/100|[from] Grassy Terrain
|upkeep
|turn|13
|
|t:|1776151678
|move|p1a: Iron Moth|Energy Ball|p2a: Gholdengo
|-supereffective|p2a: Gholdengo
|-damage|p2a: Gholdengo|23/100
|move|p2a: Gholdengo|Shadow Ball|p1a: Iron Moth
|-damage|p1a: Iron Moth|32/100
|
|-weather|none
|-heal|p1a: Iron Moth|38/100|[from] Grassy Terrain
|-heal|p2a: Gholdengo|29/100|[from] Grassy Terrain
|-heal|p2a: Gholdengo|35/100|[from] item: Leftovers
|-fieldend|move: Grassy Terrain
|upkeep
|turn|14
|
|t:|1776151691
|switch|p2a: Rillaboom|Rillaboom, M|100/100
|-damage|p2a: Rillaboom|88/100|[from] Stealth Rock
|-fieldstart|move: Grassy Terrain|[from] ability: Grassy Surge|[of] p2a: Rillaboom
|move|p1a: Iron Moth|Energy Ball|p2a: Rillaboom
|-resisted|p2a: Rillaboom
|-damage|p2a: Rillaboom|60/100
|
|-heal|p1a: Iron Moth|44/100|[from] Grassy Terrain
|-heal|p2a: Rillaboom|66/100|[from] Grassy Terrain
|-heal|p2a: Rillaboom|73/100|[from] item: Leftovers
|upkeep
|turn|15
|
|t:|1776151709
|switch|p2a: Great Tusk|Great Tusk, shiny|20/100
|move|p1a: Iron Moth|Fiery Dance|p2a: Great Tusk
|-damage|p2a: Great Tusk|0 fnt
|-boost|p1a: Iron Moth|spa|1
|faint|p2a: Great Tusk
|-end|p2a: Great Tusk|Protosynthesis|[silent]
|
|-heal|p1a: Iron Moth|50/100|[from] Grassy Terrain
|upkeep
|
|t:|1776151716
|switch|p2a: Blissey|Blissey, F|100/100
|-damage|p2a: Blissey|88/100|[from] Stealth Rock
|turn|16
|
|t:|1776151722
|move|p1a: Iron Moth|Substitute|p1a: Iron Moth
|-start|p1a: Iron Moth|Substitute
|-damage|p1a: Iron Moth|25/100
|move|p2a: Blissey|Shadow Ball|p1a: Iron Moth
|-activate|p1a: Iron Moth|move: Substitute|[damage]
|
|-heal|p1a: Iron Moth|31/100|[from] Grassy Terrain
|-heal|p2a: Blissey|94/100|[from] Grassy Terrain
|-heal|p2a: Blissey|99/100|[from] item: Leftovers
|upkeep
|turn|17
|
|t:|1776151726
|move|p1a: Iron Moth|Fiery Dance|p2a: Blissey
|-damage|p2a: Blissey|82/100
|move|p2a: Blissey|Shadow Ball|p1a: Iron Moth
|-activate|p1a: Iron Moth|move: Substitute|[damage]
|
|-heal|p1a: Iron Moth|37/100|[from] Grassy Terrain
|-heal|p2a: Blissey|88/100|[from] Grassy Terrain
|-heal|p2a: Blissey|95/100|[from] item: Leftovers
|-sideend|p1: brill_rlly|move: Aurora Veil
|upkeep
|turn|18
|
|t:|1776151729
|move|p1a: Iron Moth|Fiery Dance|p2a: Blissey
|-damage|p2a: Blissey|76/100
|-boost|p1a: Iron Moth|spa|1
|move|p2a: Blissey|Shadow Ball|p1a: Iron Moth
|-end|p1a: Iron Moth|Substitute
|
|-heal|p1a: Iron Moth|43/100|[from] Grassy Terrain
|-heal|p2a: Blissey|83/100|[from] Grassy Terrain
|-heal|p2a: Blissey|89/100|[from] item: Leftovers
|-fieldend|move: Grassy Terrain
|upkeep
|turn|19
|
|t:|1776151732
|move|p1a: Iron Moth|Fiery Dance|p2a: Blissey
|-damage|p2a: Blissey|66/100
|move|p2a: Blissey|Shadow Ball|p1a: Iron Moth
|-crit|p1a: Iron Moth
|-damage|p1a: Iron Moth|18/100
|
|-heal|p2a: Blissey|72/100|[from] item: Leftovers
|upkeep
|turn|20
|
|t:|1776151735
|move|p1a: Iron Moth|Sludge Wave|p2a: Blissey
|-damage|p2a: Blissey|45/100
|move|p2a: Blissey|Shadow Ball|p1a: Iron Moth
|-damage|p1a: Iron Moth|2/100
|
|-heal|p2a: Blissey|52/100|[from] item: Leftovers
|upkeep
|turn|21
|
|t:|1776151742
|move|p1a: Iron Moth|Sludge Wave|p2a: Blissey
|-damage|p2a: Blissey|23/100
|move|p2a: Blissey|Soft-Boiled|p2a: Blissey
|-heal|p2a: Blissey|73/100
|
|-heal|p2a: Blissey|79/100|[from] item: Leftovers
|upkeep
|turn|22
|
|t:|1776151744
|move|p1a: Iron Moth|Sludge Wave|p2a: Blissey
|-damage|p2a: Blissey|53/100
|move|p2a: Blissey|Soft-Boiled|p2a: Blissey
|-heal|p2a: Blissey|100/100
|
|upkeep
|turn|23
|
|t:|1776151746
|move|p1a: Iron Moth|Sludge Wave|p2a: Blissey
|-damage|p2a: Blissey|72/100
|move|p2a: Blissey|Shadow Ball|p1a: Iron Moth
|-damage|p1a: Iron Moth|0 fnt
|faint|p1a: Iron Moth
|-end|p1a: Iron Moth|Quark Drive|[silent]
|
|-heal|p2a: Blissey|78/100|[from] item: Leftovers
|upkeep
|
|t:|1776151768
|switch|p1a: Ogerpon|Ogerpon-Wellspring, F|100/100
|turn|24
|
|t:|1776151778
|switch|p1a: Ninetales|Ninetales-Alola, F|100/100
|-weather|Snowscape|[from] ability: Snow Warning|[of] p1a: Ninetales
|switch|p2a: Rillaboom|Rillaboom, M|73/100
|-damage|p2a: Rillaboom|60/100|[from] Stealth Rock
|-fieldstart|move: Grassy Terrain|[from] ability: Grassy Surge|[of] p2a: Rillaboom
|
|-weather|Snowscape|[upkeep]
|-heal|p2a: Rillaboom|66/100|[from] Grassy Terrain
|-heal|p2a: Rillaboom|73/100|[from] item: Leftovers
|upkeep
|turn|25
|
|t:|1776151792
|move|p1a: Ninetales|Aurora Veil|p1a: Ninetales
|-sidestart|p1: brill_rlly|move: Aurora Veil
|move|p2a: Rillaboom|Wood Hammer|p1a: Ninetales
|-damage|p1a: Ninetales|63/100
|-damage|p2a: Rillaboom|60/100|[from] Recoil
|
|-weather|Snowscape|[upkeep]
|-heal|p1a: Ninetales|69/100|[from] Grassy Terrain
|-heal|p2a: Rillaboom|66/100|[from] Grassy Terrain
|-heal|p2a: Rillaboom|72/100|[from] item: Leftovers
|upkeep
|turn|26
|
|t:|1776151803
|switch|p1a: Latias|Latias, F|100/100
|move|p2a: Rillaboom|Wood Hammer|p1a: Latias
|-resisted|p1a: Latias
|-damage|p1a: Latias|82/100
|-damage|p2a: Rillaboom|66/100|[from] Recoil
|
|-weather|Snowscape|[upkeep]
|-heal|p2a: Rillaboom|72/100|[from] Grassy Terrain
|-heal|p2a: Rillaboom|78/100|[from] item: Leftovers
|upkeep
|turn|27
|
|t:|1776151810
|switch|p2a: Blissey|Blissey, F|78/100
|-damage|p2a: Blissey|66/100|[from] Stealth Rock
|move|p1a: Latias|Agility|p1a: Latias
|-boost|p1a: Latias|spe|2
|
|-weather|Snowscape|[upkeep]
|-heal|p2a: Blissey|72/100|[from] Grassy Terrain
|-heal|p2a: Blissey|78/100|[from] item: Leftovers
|upkeep
|turn|28
|l|☆brill_rlly
|inactive|brill_rlly disconnected and has a minute to reconnect!
|player|p1|
|j|☆brill_rlly
|inactive|brill_rlly reconnected and has 105 seconds left.
|player|p1|brill_rlly|psychicf-gen4|
|
|t:|1776151859
|move|p1a: Latias|Calm Mind|p1a: Latias
|-boost|p1a: Latias|spa|1
|-boost|p1a: Latias|spd|1
|move|p2a: Blissey|Thunder Wave|p1a: Latias
|-status|p1a: Latias|par
|
|-weather|none
|-heal|p2a: Blissey|84/100|[from] Grassy Terrain
|-heal|p2a: Blissey|90/100|[from] item: Leftovers
|-fieldend|move: Grassy Terrain
|upkeep
|turn|29
|
|t:|1776151865
|move|p1a: Latias|Agility|p1a: Latias
|-boost|p1a: Latias|spe|2
|move|p2a: Blissey|Shadow Ball|p1a: Latias
|-supereffective|p1a: Latias
|-damage|p1a: Latias|75/100 par
|-enditem|p1a: Latias|Weakness Policy
|-boost|p1a: Latias|atk|2|[from] item: Weakness Policy
|-boost|p1a: Latias|spa|2|[from] item: Weakness Policy
|
|-heal|p2a: Blissey|96/100|[from] item: Leftovers
|upkeep
|turn|30
|
|t:|1776151868
|move|p1a: Latias|Calm Mind|p1a: Latias
|-boost|p1a: Latias|spa|1
|-boost|p1a: Latias|spd|1
|move|p2a: Blissey|Shadow Ball|p1a: Latias
|-supereffective|p1a: Latias
|-damage|p1a: Latias|69/100 par
|
|-heal|p2a: Blissey|100/100|[from] item: Leftovers
|upkeep
|turn|31
|
|t:|1776151876
|move|p1a: Latias|Calm Mind|p1a: Latias
|-boost|p1a: Latias|spa|1
|-boost|p1a: Latias|spd|1
|move|p2a: Blissey|Shadow Ball|p1a: Latias
|-supereffective|p1a: Latias
|-damage|p1a: Latias|65/100 par
|
|upkeep
|turn|32
|
|t:|1776151878
|move|p1a: Latias|Stored Power|p2a: Blissey
|-damage|p2a: Blissey|0 fnt
|faint|p2a: Blissey
|
|-sideend|p1: brill_rlly|move: Aurora Veil
|upkeep
|
|t:|1776151885
|switch|p2a: Gholdengo|Gholdengo, tera:Water|35/100
|-damage|p2a: Gholdengo|23/100|[from] Stealth Rock
|turn|33
|
|t:|1776151888
|move|p1a: Latias|Stored Power|p2a: Gholdengo
|-damage|p2a: Gholdengo|0 fnt
|faint|p2a: Gholdengo
|
|upkeep
|
|t:|1776151894
|switch|p2a: Deoxys|Deoxys-Speed|74/100
|-damage|p2a: Deoxys|62/100|[from] Stealth Rock
|-ability|p2a: Deoxys|Pressure
|turn|34
|
|t:|1776151898
|move|p2a: Deoxys|Knock Off|p1a: Latias
|-supereffective|p1a: Latias
|-damage|p1a: Latias|42/100 par
|move|p1a: Latias|Stored Power|p2a: Deoxys
|-resisted|p2a: Deoxys
|-damage|p2a: Deoxys|0 fnt
|faint|p2a: Deoxys
|
|upkeep
|
|t:|1776151907
|switch|p2a: Rillaboom|Rillaboom, M|78/100
|-damage|p2a: Rillaboom|66/100|[from] Stealth Rock
|-fieldstart|move: Grassy Terrain|[from] ability: Grassy Surge|[of] p2a: Rillaboom
|turn|35
|
|t:|1776151909
|move|p2a: Rillaboom|Grassy Glide|p1a: Latias
|-resisted|p1a: Latias
|-damage|p1a: Latias|25/100 par
|move|p1a: Latias|Stored Power|p2a: Rillaboom
|-damage|p2a: Rillaboom|0 fnt
|faint|p2a: Rillaboom
|
|upkeep
|-message|toporotto forfeited.
|
|win|brill_rlly
|raw|brill_rlly's rating: 1162 &rarr; <strong>1192</strong><br />(+30 for winning)
|raw|toporotto's rating: 1229 &rarr; <strong>1199</strong><br />(-30 for losing)
|l|☆toporotto
|player|p2|
