|html|<div class="broadcast-blue"><strong>[Gen 9] OU is currently suspecting Tera Blast! For information on how to participate check out the <a href="https://www.smogon.com/tools/suspects/view/200">suspect thread</a>.</strong></div>
|j|☆Aguila74
|j|☆vjnnz
|t:|1776104178
|gametype|singles
|player|p1|Aguila74|ethan|1458
|player|p2|vjnnz|266|1479
|gen|9
|tier|[Gen 9] OU
|rated|
|rule|HP Percentage Mod: HP is shown in percentages
|rule|Endless Battle Clause: Forcing endless battles is banned
|rule|Species Clause: Limit one of each Pokémon
|rule|OHKO Clause: OHKO moves are banned
|rule|Evasion Items Clause: Evasion items are banned
|rule|Evasion Moves Clause: Evasion moves are banned
|rule|Evasion Abilities Clause: Evasion abilities are banned
|rule|Sleep Moves Clause: Sleep-inducing moves are banned
|clearpoke
|poke|p1|Dragapult, F|
|poke|p1|Iron Moth|
|poke|p1|Meowscarada, M|
|poke|p1|Iron Treads|
|poke|p1|Primarina, F|
|poke|p1|Conkeldurr, M|
|poke|p2|Blissey, F|
|poke|p2|Ditto|
|poke|p2|Dondozo, F|
|poke|p2|Toxapex, M|
|poke|p2|Alomomola, M|
|poke|p2|Ting-Lu|
|teampreview
|l|☆vjnnz
|player|p2|
|j|☆vjnnz
|player|p2|vjnnz|266|
|inactive|Battle timer is ON: inactive players will automatically lose when time's up. (requested by vjnnz)
|
|t:|1776104248
|teamsize|p1|6
|teamsize|p2|6
|start
|switch|p1a: Conkeldurr|Conkeldurr, M|100/100
|switch|p2a: Fish|Alomomola, M, shiny|100/100
|turn|1
|
|t:|1776104261
|move|p2a: Fish|Whirlpool|p1a: Conkeldurr
|-damage|p1a: Conkeldurr|96/100
|-activate|p1a: Conkeldurr|move: Whirlpool|[of] p2a: Fish
|move|p1a: Conkeldurr|Knock Off|p2a: Fish
|-damage|p2a: Fish|78/100
|-enditem|p2a: Fish|Heavy-Duty Boots|[from] move: Knock Off|[of] p1a: Conkeldurr
|
|-damage|p1a: Conkeldurr|84/100|[from] move: Whirlpool|[partiallytrapped]
|upkeep
|turn|2
|
|t:|1776104266
|move|p2a: Fish|Chilling Water|p1a: Conkeldurr
|-damage|p1a: Conkeldurr|77/100
|-unboost|p1a: Conkeldurr|atk|1
|move|p1a: Conkeldurr|Drain Punch|p2a: Fish
|-damage|p2a: Fish|60/100
|-heal|p1a: Conkeldurr|88/100|[from] drain|[of] p2a: Fish
|
|-damage|p1a: Conkeldurr|76/100|[from] move: Whirlpool|[partiallytrapped]
|upkeep
|turn|3
|
|t:|1776104270
|move|p2a: Fish|Chilling Water|p1a: Conkeldurr
|-damage|p1a: Conkeldurr|69/100
|-unboost|p1a: Conkeldurr|atk|1
|move|p1a: Conkeldurr|Drain Punch|p2a: Fish
|-crit|p2a: Fish
|-damage|p2a: Fish|24/100
|-heal|p1a: Conkeldurr|93/100|[from] drain|[of] p2a: Fish
|
|-damage|p1a: Conkeldurr|80/100|[from] move: Whirlpool|[partiallytrapped]
|upkeep
|turn|4
|
|t:|1776104277
|move|p2a: Fish|Wish|p2a: Fish
|move|p1a: Conkeldurr|Drain Punch|p2a: Fish
|-damage|p2a: Fish|13/100
|-heal|p1a: Conkeldurr|88/100|[from] drain|[of] p2a: Fish
|
|-damage|p1a: Conkeldurr|75/100|[from] move: Whirlpool|[partiallytrapped]
|upkeep
|turn|5
|
|t:|1776104284
|move|p2a: Fish|Protect|p2a: Fish
|-singleturn|p2a: Fish|Protect
|move|p1a: Conkeldurr|Drain Punch|p2a: Fish
|-activate|p2a: Fish|move: Protect
|
|-heal|p2a: Fish|63/100|[from] move: Wish|[wisher] Fish
|-damage|p1a: Conkeldurr|63/100|[from] move: Whirlpool|[partiallytrapped]
|upkeep
|turn|6
|
|t:|1776104287
|move|p2a: Fish|Wish|p2a: Fish
|move|p1a: Conkeldurr|Drain Punch|p2a: Fish
|-damage|p2a: Fish|51/100
|-heal|p1a: Conkeldurr|70/100|[from] drain|[of] p2a: Fish
|
|-end|p1a: Conkeldurr|Whirlpool|[partiallytrapped]
|upkeep
|turn|7
|
|t:|1776104299
|switch|p1a: Meowscarada|Meowscarada, M|100/100
|move|p2a: Fish|Whirlpool|p1a: Meowscarada
|-resisted|p1a: Meowscarada
|-damage|p1a: Meowscarada|96/100
|-activate|p1a: Meowscarada|move: Whirlpool|[of] p2a: Fish
|
|-heal|p2a: Fish|100/100|[from] move: Wish|[wisher] Fish
|-damage|p1a: Meowscarada|84/100|[from] move: Whirlpool|[partiallytrapped]
|upkeep
|turn|8
|
|t:|1776104303
|move|p2a: Fish|Protect|p2a: Fish
|-singleturn|p2a: Fish|Protect
|move|p1a: Meowscarada|Flower Trick|p2a: Fish
|-start|p1a: Meowscarada|typechange|Grass|[from] ability: Protean
|-activate|p2a: Fish|move: Protect
|
|-damage|p1a: Meowscarada|71/100|[from] move: Whirlpool|[partiallytrapped]
|upkeep
|turn|9
|
|t:|1776104310
|switch|p2a: Venomous love|Toxapex, M, shiny|100/100
|move|p1a: Meowscarada|Flower Trick|p2a: Venomous love
|-crit|p2a: Venomous love
|-damage|p2a: Venomous love|58/100
|-damage|p1a: Meowscarada|62/100|[from] item: Life Orb
|
|-end|p1a: Meowscarada|Whirlpool|[partiallytrapped]|[silent]
|upkeep
|turn|10
|
|t:|1776104317
|move|p1a: Meowscarada|Knock Off|p2a: Venomous love
|-damage|p2a: Venomous love|35/100
|-enditem|p2a: Venomous love|Heavy-Duty Boots|[from] move: Knock Off|[of] p1a: Meowscarada
|-damage|p1a: Meowscarada|52/100|[from] item: Life Orb
|move|p2a: Venomous love|Recover|p2a: Venomous love
|-heal|p2a: Venomous love|85/100
|
|upkeep
|turn|11
|
|t:|1776104324
|switch|p1a: Iron Treads|Iron Treads|100/100
|move|p2a: Venomous love|Toxic|p1a: Iron Treads
|-immune|p1a: Iron Treads
|
|upkeep
|turn|12
|
|t:|1776104332
|switch|p2a: Epione|Blissey, F, shiny|100/100
|move|p1a: Iron Treads|Stealth Rock|p2a: Epione
|-sidestart|p2: vjnnz|move: Stealth Rock
|
|upkeep
|turn|13
|
|t:|1776104338
|-end|p1a: Iron Treads|Quark Drive|[silent]
|switch|p1a: Conkeldurr|Conkeldurr, M|70/100
|move|p2a: Epione|Stealth Rock|p1a: Conkeldurr
|-sidestart|p1: Aguila74|move: Stealth Rock
|
|upkeep
|turn|14
|
|t:|1776104342
|switch|p2a: Fish|Alomomola, M, shiny|100/100
|-damage|p2a: Fish|88/100|[from] Stealth Rock
|move|p1a: Conkeldurr|Drain Punch|p2a: Fish
|-damage|p2a: Fish|63/100
|-heal|p1a: Conkeldurr|86/100|[from] drain|[of] p2a: Fish
|
|upkeep
|turn|15
|
|t:|1776104351
|move|p2a: Fish|Wish|p2a: Fish
|move|p1a: Conkeldurr|Drain Punch|p2a: Fish
|-damage|p2a: Fish|40/100
|-heal|p1a: Conkeldurr|100/100|[from] drain|[of] p2a: Fish
|
|upkeep
|turn|16
|
|t:|1776104356
|switch|p1a: Iron Treads|Iron Treads|100/100
|-damage|p1a: Iron Treads|97/100|[from] Stealth Rock
|move|p2a: Fish|Whirlpool|p1a: Iron Treads|[miss]
|-miss|p2a: Fish|p1a: Iron Treads
|
|-heal|p2a: Fish|90/100|[from] move: Wish|[wisher] Fish
|-heal|p1a: Iron Treads|100/100|[from] item: Leftovers
|upkeep
|turn|17
|
|t:|1776104365
|move|p1a: Iron Treads|Rapid Spin|p2a: Fish
|-damage|p2a: Fish|82/100
|-boost|p1a: Iron Treads|spe|1
|-sideend|p1: Aguila74|Stealth Rock|[from] move: Rapid Spin|[of] p1a: Iron Treads
|move|p2a: Fish|Whirlpool|p1a: Iron Treads|[miss]
|-miss|p2a: Fish|p1a: Iron Treads
|
|upkeep
|turn|18
|
|t:|1776104373
|switch|p2a: Epione|Blissey, F, shiny|100/100
|move|p1a: Iron Treads|Earthquake|p2a: Epione
|-damage|p2a: Epione|49/100
|
|upkeep
|turn|19
|
|t:|1776104380
|switch|p2a: Fish|Alomomola, M, shiny|100/100
|-damage|p2a: Fish|88/100|[from] Stealth Rock
|move|p1a: Iron Treads|Earthquake|p2a: Fish
|-damage|p2a: Fish|61/100
|
|upkeep
|turn|20
|
|t:|1776104389
|move|p1a: Iron Treads|Earthquake|p2a: Fish
|-damage|p2a: Fish|35/100
|move|p2a: Fish|Wish|p2a: Fish
|
|upkeep
|turn|21
|
|t:|1776104396
|-end|p1a: Iron Treads|Quark Drive|[silent]
|switch|p1a: Primarina|Primarina, F|100/100
|move|p2a: Fish|Whirlpool|p1a: Primarina
|-resisted|p1a: Primarina
|-damage|p1a: Primarina|98/100
|-activate|p1a: Primarina|move: Whirlpool|[of] p2a: Fish
|
|-heal|p2a: Fish|85/100|[from] move: Wish|[wisher] Fish
|-heal|p1a: Primarina|100/100|[from] item: Leftovers
|-damage|p1a: Primarina|88/100|[from] move: Whirlpool|[partiallytrapped]
|upkeep
|turn|22
|
|t:|1776104401
|move|p2a: Fish|Protect|p2a: Fish
|-singleturn|p2a: Fish|Protect
|move|p1a: Primarina|Calm Mind|p1a: Primarina
|-boost|p1a: Primarina|spa|1
|-boost|p1a: Primarina|spd|1
|
|-heal|p1a: Primarina|94/100|[from] item: Leftovers
|-damage|p1a: Primarina|82/100|[from] move: Whirlpool|[partiallytrapped]
|upkeep
|turn|23
|
|t:|1776104413
|switch|p2a: Epione|Blissey, F, shiny|49/100
|move|p1a: Primarina|Energy Ball|p2a: Epione
|-damage|p2a: Epione|39/100
|
|-heal|p1a: Primarina|88/100|[from] item: Leftovers
|-end|p1a: Primarina|Whirlpool|[partiallytrapped]|[silent]
|upkeep
|turn|24
|
|t:|1776104417
|move|p1a: Primarina|Psychic Noise|p2a: Epione
|-damage|p2a: Epione|25/100
|-start|p2a: Epione|move: Heal Block
|cant|p2a: Epione|move: Heal Block|Soft-Boiled
|
|-heal|p1a: Primarina|94/100|[from] item: Leftovers
|upkeep
|turn|25
|
|t:|1776104425
|switch|p2a: Relic|Ting-Lu|100/100
|-ability|p2a: Relic|Vessel of Ruin
|move|p1a: Primarina|Psychic Noise|p2a: Relic
|-supereffective|p2a: Relic
|-damage|p2a: Relic|62/100
|-start|p2a: Relic|move: Heal Block
|
|-heal|p1a: Primarina|99/100|[from] item: Leftovers
|upkeep
|turn|26
|
|t:|1776104434
|-terastallize|p2a: Relic|Steel
|move|p1a: Primarina|Psychic Noise|p2a: Relic
|-damage|p2a: Relic|41/100
|move|p2a: Relic|Earthquake|p1a: Primarina
|-damage|p1a: Primarina|68/100
|
|-heal|p1a: Primarina|74/100|[from] item: Leftovers
|-end|p2a: Relic|move: Heal Block
|upkeep
|turn|27
|
|t:|1776104442
|move|p1a: Primarina|Psychic Noise|p2a: Relic
|-damage|p2a: Relic|23/100
|-start|p2a: Relic|move: Heal Block
|move|p2a: Relic|Earthquake|p1a: Primarina
|-damage|p1a: Primarina|45/100
|
|-heal|p1a: Primarina|51/100|[from] item: Leftovers
|upkeep
|turn|28
|
|t:|1776104447
|move|p1a: Primarina|Calm Mind|p1a: Primarina
|-boost|p1a: Primarina|spa|1
|-boost|p1a: Primarina|spd|1
|move|p2a: Relic|Earthquake|p1a: Primarina
|-damage|p1a: Primarina|22/100
|
|-heal|p1a: Primarina|28/100|[from] item: Leftovers
|-end|p2a: Relic|move: Heal Block
|upkeep
|turn|29
|
|t:|1776104460
|move|p1a: Primarina|Psychic Noise|p2a: Relic
|-damage|p2a: Relic|0 fnt
|faint|p2a: Relic
|
|-heal|p1a: Primarina|34/100|[from] item: Leftovers
|upkeep
|
|t:|1776104465
|switch|p2a: Mimic|Ditto, shiny|100/100
|-damage|p2a: Mimic|88/100|[from] Stealth Rock
|-transform|p2a: Mimic|p1a: Primarina|[from] ability: Imposter
|-item|p2a: Mimic|Air Balloon
|turn|30
|
|t:|1776104475
|move|p2a: Mimic|Energy Ball|p1a: Primarina
|-supereffective|p1a: Primarina
|-damage|p1a: Primarina|0 fnt
|faint|p1a: Primarina
|
|upkeep
|
|t:|1776104490
|switch|p1a: Meowscarada|Meowscarada, M|52/100
|turn|31
|
|t:|1776104496
|move|p1a: Meowscarada|Flower Trick|p2a: Mimic
|-start|p1a: Meowscarada|typechange|Grass|[from] ability: Protean
|-supereffective|p2a: Mimic
|-crit|p2a: Mimic
|-damage|p2a: Mimic|0 fnt
|-enditem|p2a: Mimic|Air Balloon
|faint|p2a: Mimic
|-damage|p1a: Meowscarada|42/100|[from] item: Life Orb
|
|upkeep
|
|t:|1776104517
|switch|p2a: Venomous love|Toxapex, M, shiny|100/100
|-damage|p2a: Venomous love|88/100|[from] Stealth Rock
|turn|32
|
|t:|1776104525
|switch|p1a: Iron Treads|Iron Treads|100/100
|move|p2a: Venomous love|Toxic|p1a: Iron Treads
|-immune|p1a: Iron Treads
|
|upkeep
|turn|33
|
|t:|1776104528
|switch|p2a: Fish|Alomomola, M, shiny|100/100
|-damage|p2a: Fish|88/100|[from] Stealth Rock
|move|p1a: Iron Treads|Earthquake|p2a: Fish
|-damage|p2a: Fish|62/100
|
|upkeep
|turn|34
|
|t:|1776104535
|-end|p1a: Iron Treads|Quark Drive|[silent]
|switch|p1a: Iron Moth|Iron Moth|100/100
|-enditem|p1a: Iron Moth|Booster Energy
|-activate|p1a: Iron Moth|ability: Quark Drive|[fromitem]
|-start|p1a: Iron Moth|quarkdrivespe
|move|p2a: Fish|Wish|p2a: Fish
|
|upkeep
|turn|35
|
|t:|1776104541
|move|p1a: Iron Moth|Fiery Dance|p2a: Fish
|-resisted|p2a: Fish
|-damage|p2a: Fish|36/100
|-boost|p1a: Iron Moth|spa|1
|move|p2a: Fish|Whirlpool|p1a: Iron Moth|[miss]
|-miss|p2a: Fish|p1a: Iron Moth
|
|-heal|p2a: Fish|86/100|[from] move: Wish|[wisher] Fish
|upkeep
|turn|36
|
|t:|1776104546
|move|p1a: Iron Moth|Energy Ball|p2a: Fish
|-supereffective|p2a: Fish
|-damage|p2a: Fish|0 fnt
|faint|p2a: Fish
|
|upkeep
|-message|vjnnz forfeited.
|
|win|Aguila74
|raw|Aguila74's rating: 1458 &rarr; <strong>1479</strong><br />(+21 for winning)
|raw|vjnnz's rating: 1479 &rarr; <strong>1458</strong><br />(-21 for losing)
|l|☆vjnnz
|player|p2|
|l|☆Aguila74
|player|p1|
