|html|<div class="broadcast-blue"><strong>[Gen 9] OU is currently suspecting Tera Blast! For information on how to participate check out the <a href="https://www.smogon.com/tools/suspects/view/200">suspect thread</a>.</strong></div>
|j|‽Nezus
|j|☆WoolooShocked
|t:|1776053003
|gametype|singles
|player|p1|Nezus|volkner|1291
|player|p2|WoolooShocked|1|1361
|gen|9
|tier|[Gen 9] OU
|rated|
|rule|HP Percentage Mod: HP is shown in percentages
|rule|Endless Battle Clause: Forcing endless battles is banned
|rule|Species Clause: Limit one of each Pokémon
|rule|OHKO Clause: OHKO moves are banned
|rule|Evasion Items Clause: Evasion items are banned
|rule|Evasion Moves Clause: Evasion moves are banned
|rule|Evasion Abilities Clause: Evasion abilities are banned
|rule|Sleep Moves Clause: Sleep-inducing moves are banned
|clearpoke
|poke|p1|Hydrapple, M|
|poke|p1|Tyranitar, F|
|poke|p1|Moltres|
|poke|p1|Zamazenta-*|
|poke|p1|Slowking-Galar, M|
|poke|p1|Excadrill, F|
|poke|p2|Rillaboom, F|
|poke|p2|Heatran, F|
|poke|p2|Zamazenta-*|
|poke|p2|Alomomola, F|
|poke|p2|Iron Treads|
|poke|p2|Kyurem|
|teampreview
|inactive|Battle timer is ON: inactive players will automatically lose when time's up. (requested by WoolooShocked)
|
|t:|1776053047
|teamsize|p1|6
|teamsize|p2|6
|start
|switch|p1a: Tyranitar|Tyranitar, F|100/100
|switch|p2a: Iron Treads|Iron Treads|100/100
|-weather|Sandstorm|[from] ability: Sand Stream|[of] p1a: Tyranitar
|-enditem|p2a: Iron Treads|Booster Energy
|-activate|p2a: Iron Treads|ability: Quark Drive|[fromitem]
|-start|p2a: Iron Treads|quarkdrivespe
|turn|1
|
|t:|1776053074
|switch|p1a: Hydrapple|Hydrapple, M|100/100
|move|p2a: Iron Treads|Stealth Rock|p1a: Hydrapple
|-sidestart|p1: Nezus|move: Stealth Rock
|
|-weather|Sandstorm|[upkeep]
|-damage|p1a: Hydrapple|94/100|[from] Sandstorm
|upkeep
|turn|2
|
|t:|1776053086
|move|p2a: Iron Treads|Ice Spinner|p1a: Hydrapple
|-supereffective|p1a: Hydrapple
|-crit|p1a: Hydrapple
|-damage|p1a: Hydrapple|0 fnt
|faint|p1a: Hydrapple
|
|-weather|Sandstorm|[upkeep]
|upkeep
|
|t:|1776053092
|switch|p1a: Excadrill|Excadrill, F|100/100
|-damage|p1a: Excadrill|97/100|[from] Stealth Rock
|-item|p1a: Excadrill|Air Balloon
|turn|3
|
|t:|1776053103
|-end|p2a: Iron Treads|Quark Drive|[silent]
|switch|p2a: Rillaboom|Rillaboom, F|100/100
|-fieldstart|move: Grassy Terrain|[from] ability: Grassy Surge|[of] p2a: Rillaboom
|move|p1a: Excadrill|Earthquake|p2a: Rillaboom
|-resisted|p2a: Rillaboom
|-damage|p2a: Rillaboom|85/100
|
|-weather|Sandstorm|[upkeep]
|-damage|p2a: Rillaboom|79/100|[from] Sandstorm
|-heal|p2a: Rillaboom|85/100|[from] Grassy Terrain
|upkeep
|turn|4
|
|t:|1776053113
|move|p1a: Excadrill|Rapid Spin|p2a: Rillaboom
|-damage|p2a: Rillaboom|66/100
|-boost|p1a: Excadrill|spe|1
|-sideend|p1: Nezus|Stealth Rock|[from] move: Rapid Spin|[of] p1a: Excadrill
|move|p2a: Rillaboom|Knock Off|p1a: Excadrill
|-crit|p1a: Excadrill
|-damage|p1a: Excadrill|0 fnt
|-enditem|p1a: Excadrill|Air Balloon
|faint|p1a: Excadrill
|
|-weather|Sandstorm|[upkeep]
|-damage|p2a: Rillaboom|59/100|[from] Sandstorm
|-heal|p2a: Rillaboom|66/100|[from] Grassy Terrain
|upkeep
|
|t:|1776053125
|switch|p1a: Moltres|Moltres|100/100
|turn|5
|
|t:|1776053131
|switch|p2a: Heatran|Heatran, F|100/100
|move|p1a: Moltres|Flamethrower|p2a: Heatran
|-start|p2a: Heatran|ability: Flash Fire
|
|-weather|Sandstorm|[upkeep]
|-damage|p1a: Moltres|94/100|[from] Sandstorm
|upkeep
|turn|6
|
|t:|1776053137
|move|p1a: Moltres|U-turn|p2a: Heatran
|-resisted|p2a: Heatran
|-damage|p2a: Heatran|97/100
|
|t:|1776053152
|switch|p1a: Tyranitar|Tyranitar, F|100/100|[from] U-turn
|move|p2a: Heatran|Magma Storm|p1a: Tyranitar
|-resisted|p1a: Tyranitar
|-damage|p1a: Tyranitar|88/100
|-activate|p1a: Tyranitar|move: Magma Storm|[of] p2a: Heatran
|
|-weather|Sandstorm|[upkeep]
|-heal|p2a: Heatran|100/100|[from] Grassy Terrain
|-heal|p1a: Tyranitar|94/100|[from] Grassy Terrain
|-damage|p1a: Tyranitar|81/100|[from] move: Magma Storm|[partiallytrapped]
|upkeep
|turn|7
|
|t:|1776053166
|move|p2a: Heatran|Will-O-Wisp|p1a: Tyranitar
|-status|p1a: Tyranitar|brn
|move|p1a: Tyranitar|Knock Off|p2a: Heatran
|-damage|p2a: Heatran|82/100
|-enditem|p2a: Heatran|Leftovers|[from] move: Knock Off|[of] p1a: Tyranitar
|
|-weather|Sandstorm|[upkeep]
|-heal|p2a: Heatran|89/100|[from] Grassy Terrain
|-heal|p1a: Tyranitar|88/100 brn|[from] Grassy Terrain
|-damage|p1a: Tyranitar|81/100 brn|[from] brn
|-damage|p1a: Tyranitar|69/100 brn|[from] move: Magma Storm|[partiallytrapped]
|-fieldend|move: Grassy Terrain
|upkeep
|turn|8
|
|t:|1776053180
|-end|p2a: Heatran|ability: Flash Fire|[silent]
|switch|p2a: Rillaboom|Rillaboom, F|66/100
|-fieldstart|move: Grassy Terrain|[from] ability: Grassy Surge|[of] p2a: Rillaboom
|move|p1a: Tyranitar|Thunder Wave|p2a: Rillaboom
|-status|p2a: Rillaboom|par
|
|-weather|none
|-heal|p2a: Rillaboom|72/100 par|[from] Grassy Terrain
|-heal|p1a: Tyranitar|75/100 brn|[from] Grassy Terrain
|-damage|p1a: Tyranitar|69/100 brn|[from] brn
|-end|p1a: Tyranitar|Magma Storm|[partiallytrapped]|[silent]
|upkeep
|turn|9
|
|t:|1776053205
|switch|p1a: Moltres|Moltres|94/100
|move|p2a: Rillaboom|U-turn|p1a: Moltres
|-resisted|p1a: Moltres
|-damage|p1a: Moltres|88/100
|
|t:|1776053221
|switch|p2a: Kyurem|Kyurem|100/100|[from] U-turn
|-ability|p2a: Kyurem|Pressure
|
|upkeep
|turn|10
|inactive|Nezus has 120 seconds left.
|
|t:|1776053251
|switch|p1a: Tyranitar|Tyranitar, F|69/100 brn
|-weather|Sandstorm|[from] ability: Sand Stream|[of] p1a: Tyranitar
|move|p2a: Kyurem|Draco Meteor|p1a: Tyranitar|[miss]
|-miss|p2a: Kyurem|p1a: Tyranitar
|
|-weather|Sandstorm|[upkeep]
|-damage|p2a: Kyurem|94/100|[from] Sandstorm
|-heal|p2a: Kyurem|100/100|[from] Grassy Terrain
|-heal|p1a: Tyranitar|75/100 brn|[from] Grassy Terrain
|-damage|p1a: Tyranitar|69/100 brn|[from] brn
|upkeep
|turn|11
|
|t:|1776053265
|switch|p2a: Rillaboom|Rillaboom, F|72/100 par
|move|p1a: Tyranitar|Thunder Wave|p2a: Rillaboom|[miss]
|-miss|p1a: Tyranitar|p2a: Rillaboom
|
|-weather|Sandstorm|[upkeep]
|-damage|p2a: Rillaboom|66/100 par|[from] Sandstorm
|-heal|p2a: Rillaboom|72/100 par|[from] Grassy Terrain
|-heal|p1a: Tyranitar|75/100 brn|[from] Grassy Terrain
|-damage|p1a: Tyranitar|69/100 brn|[from] brn
|upkeep
|turn|12
|
|t:|1776053272
|cant|p2a: Rillaboom|par
|move|p1a: Tyranitar|Ice Beam|p2a: Rillaboom
|-supereffective|p2a: Rillaboom
|-damage|p2a: Rillaboom|20/100 par
|
|-weather|Sandstorm|[upkeep]
|-damage|p2a: Rillaboom|13/100 par|[from] Sandstorm
|-heal|p2a: Rillaboom|20/100 par|[from] Grassy Terrain
|-heal|p1a: Tyranitar|75/100 brn|[from] Grassy Terrain
|-damage|p1a: Tyranitar|69/100 brn|[from] brn
|-fieldend|move: Grassy Terrain
|upkeep
|turn|13
|
|t:|1776053286
|move|p2a: Rillaboom|Wood Hammer|p1a: Tyranitar
|-supereffective|p1a: Tyranitar
|-damage|p1a: Tyranitar|0 fnt
|faint|p1a: Tyranitar
|-damage|p2a: Rillaboom|0 fnt|[from] Recoil
|faint|p2a: Rillaboom
|
|-weather|Sandstorm|[upkeep]
|upkeep
|
|t:|1776053297
|switch|p2a: Zamazenta|Zamazenta|100/100
|switch|p1a: Slowking|Slowking-Galar, M|100/100
|-ability|p2a: Zamazenta|Dauntless Shield|boost
|-boost|p2a: Zamazenta|def|1
|turn|14
|
|t:|1776053302
|move|p2a: Zamazenta|Crunch|p1a: Slowking
|-supereffective|p1a: Slowking
|-damage|p1a: Slowking|68/100
|move|p1a: Slowking|Psyshock|p2a: Zamazenta
|-supereffective|p2a: Zamazenta
|-damage|p2a: Zamazenta|71/100
|
|-weather|Sandstorm|[upkeep]
|-damage|p2a: Zamazenta|65/100|[from] Sandstorm
|-damage|p1a: Slowking|62/100|[from] Sandstorm
|upkeep
|turn|15
|
|t:|1776053323
|move|p2a: Zamazenta|Crunch|p1a: Slowking
|-supereffective|p1a: Slowking
|-damage|p1a: Slowking|27/100
|move|p1a: Slowking|Psyshock|p2a: Zamazenta
|-supereffective|p2a: Zamazenta
|-damage|p2a: Zamazenta|33/100
|
|-weather|Sandstorm|[upkeep]
|-damage|p2a: Zamazenta|27/100|[from] Sandstorm
|-damage|p1a: Slowking|21/100|[from] Sandstorm
|upkeep
|turn|16
|
|t:|1776053337
|switch|p1a: Zamazenta|Zamazenta|100/100
|-ability|p1a: Zamazenta|Dauntless Shield|boost
|-boost|p1a: Zamazenta|def|1
|move|p2a: Zamazenta|Rest|p2a: Zamazenta
|-status|p2a: Zamazenta|slp|[from] move: Rest
|-heal|p2a: Zamazenta|100/100 slp|[silent]
|-enditem|p2a: Zamazenta|Chesto Berry|[eat]
|-curestatus|p2a: Zamazenta|slp|[msg]
|
|-weather|Sandstorm|[upkeep]
|-damage|p1a: Zamazenta|94/100|[from] Sandstorm
|-damage|p2a: Zamazenta|94/100|[from] Sandstorm
|-heal|p1a: Zamazenta|100/100|[from] item: Leftovers
|upkeep
|turn|17
|inactive|Nezus has 120 seconds left.
|
|t:|1776053353
|move|p1a: Zamazenta|Iron Defense|p1a: Zamazenta
|-boost|p1a: Zamazenta|def|2
|move|p2a: Zamazenta|Iron Defense|p2a: Zamazenta
|-boost|p2a: Zamazenta|def|2
|
|-weather|none
|upkeep
|turn|18
|
|t:|1776053361
|move|p2a: Zamazenta|Body Press|p1a: Zamazenta
|-damage|p1a: Zamazenta|77/100
|move|p1a: Zamazenta|Roar|p2a: Zamazenta
|drag|p2a: Alomomola|Alomomola, F|100/100
|
|-heal|p1a: Zamazenta|83/100|[from] item: Leftovers
|upkeep
|turn|19
|
|t:|1776053370
|move|p1a: Zamazenta|Body Press|p2a: Alomomola
|-damage|p2a: Alomomola|26/100
|move|p2a: Alomomola|Scald|p1a: Zamazenta
|-damage|p1a: Zamazenta|70/100
|
|-heal|p1a: Zamazenta|76/100|[from] item: Leftovers
|upkeep
|turn|20
|
|t:|1776053392
|move|p1a: Zamazenta|Body Press|p2a: Alomomola
|-damage|p2a: Alomomola|0 fnt
|faint|p2a: Alomomola
|
|-heal|p1a: Zamazenta|82/100|[from] item: Leftovers
|upkeep
|
|t:|1776053396
|switch|p2a: Heatran|Heatran, F|89/100
|turn|21
|
|t:|1776053418
|-terastallize|p2a: Heatran|Grass
|move|p1a: Zamazenta|Body Press|p2a: Heatran
|-damage|p2a: Heatran|6/100
|move|p2a: Heatran|Will-O-Wisp|p1a: Zamazenta
|-status|p1a: Zamazenta|brn
|
|-heal|p1a: Zamazenta|88/100 brn|[from] item: Leftovers
|-damage|p1a: Zamazenta|82/100 brn|[from] brn
|upkeep
|turn|22
|
|t:|1776053428
|move|p1a: Zamazenta|Body Press|p2a: Heatran
|-damage|p2a: Heatran|0 fnt
|faint|p2a: Heatran
|
|-heal|p1a: Zamazenta|88/100 brn|[from] item: Leftovers
|-damage|p1a: Zamazenta|82/100 brn|[from] brn
|upkeep
|
|t:|1776053451
|switch|p2a: Kyurem|Kyurem|100/100
|-ability|p2a: Kyurem|Pressure
|turn|23
|inactive|Nezus has 120 seconds left.
|
|t:|1776053491
|move|p1a: Zamazenta|Body Press|p2a: Kyurem
|-supereffective|p2a: Kyurem
|-damage|p2a: Kyurem|14/100
|move|p2a: Kyurem|Draco Meteor|p1a: Zamazenta
|-damage|p1a: Zamazenta|0 fnt
|-unboost|p2a: Kyurem|spa|2
|faint|p1a: Zamazenta
|
|upkeep
|
|t:|1776053498
|switch|p1a: Slowking|Slowking-Galar, M|54/100
|turn|24
|inactive|Nezus has 120 seconds left.
|
|t:|1776053506
|switch|p2a: Iron Treads|Iron Treads|100/100
|move|p1a: Slowking|Flamethrower|p2a: Iron Treads
|-supereffective|p2a: Iron Treads
|-damage|p2a: Iron Treads|39/100
|
|upkeep
|turn|25
|
|t:|1776053514
|move|p2a: Iron Treads|Earthquake|p1a: Slowking
|-supereffective|p1a: Slowking
|-damage|p1a: Slowking|0 fnt
|faint|p1a: Slowking
|
|upkeep
|
|t:|1776053518
|switch|p1a: Moltres|Moltres|88/100
|turn|26
|
|t:|1776053526
|move|p2a: Iron Treads|Ice Spinner|p1a: Moltres
|-crit|p1a: Moltres
|-damage|p1a: Moltres|60/100
|move|p1a: Moltres|Flamethrower|p2a: Iron Treads
|-supereffective|p2a: Iron Treads
|-damage|p2a: Iron Treads|0 fnt
|faint|p2a: Iron Treads
|-end|p2a: Iron Treads|Quark Drive|[silent]
|
|upkeep
|
|t:|1776053532
|switch|p2a: Zamazenta|Zamazenta|94/100
|turn|27
|
|t:|1776053541
|move|p2a: Zamazenta|Crunch|p1a: Moltres
|-damage|p1a: Moltres|44/100
|move|p1a: Moltres|Roost|p1a: Moltres
|-heal|p1a: Moltres|94/100
|-singleturn|p1a: Moltres|move: Roost
|
|upkeep
|turn|28
|
|t:|1776053564
|move|p2a: Zamazenta|Crunch|p1a: Moltres
|-damage|p1a: Moltres|79/100
|move|p1a: Moltres|Flamethrower|p2a: Zamazenta
|-damage|p2a: Zamazenta|64/100
|
|upkeep
|turn|29
|
|t:|1776053572
|move|p2a: Zamazenta|Body Press|p1a: Moltres
|-resisted|p1a: Moltres
|-damage|p1a: Moltres|67/100
|move|p1a: Moltres|Flamethrower|p2a: Zamazenta
|-damage|p2a: Zamazenta|32/100
|-status|p2a: Zamazenta|brn
|
|-damage|p2a: Zamazenta|26/100 brn|[from] brn
|upkeep
|turn|30
|
|t:|1776053577
|move|p2a: Zamazenta|Crunch|p1a: Moltres
|-crit|p1a: Moltres
|-damage|p1a: Moltres|55/100
|move|p1a: Moltres|Roost|p1a: Moltres
|-heal|p1a: Moltres|100/100
|-singleturn|p1a: Moltres|move: Roost
|
|-damage|p2a: Zamazenta|20/100 brn|[from] brn
|upkeep
|turn|31
|
|t:|1776053579
|move|p2a: Zamazenta|Crunch|p1a: Moltres
|-damage|p1a: Moltres|93/100
|-unboost|p1a: Moltres|def|1
|move|p1a: Moltres|Flamethrower|p2a: Zamazenta
|-damage|p2a: Zamazenta|0 fnt
|faint|p2a: Zamazenta
|
|upkeep
|
|t:|1776053595
|switch|p2a: Kyurem|Kyurem|14/100
|-ability|p2a: Kyurem|Pressure
|turn|32
|inactive|WoolooShocked has 120 seconds left.
|
|t:|1776053635
|move|p2a: Kyurem|Draco Meteor|p1a: Moltres
|-damage|p1a: Moltres|0 fnt
|-unboost|p2a: Kyurem|spa|2
|faint|p1a: Moltres
|
|win|WoolooShocked
|raw|Nezus's rating: 1291 &rarr; <strong>1271</strong><br />(-20 for losing)
|raw|WoolooShocked's rating: 1361 &rarr; <strong>1377</strong><br />(+16 for winning)
|l|‽Nezus
|player|p1|
|l|☆WoolooShocked
|player|p2|
