|html|<div class="broadcast-blue"><strong>[Gen 9] OU is currently suspecting Tera Blast! For information on how to participate check out the <a href="https://www.smogon.com/tools/suspects/view/200">suspect thread</a>.</strong></div>
|j|☆TOMBDADDY
|j|☆angel silhouettes
|t:|1776214095
|gametype|singles
|player|p1|TOMBDADDY|unknown|1558
|player|p2|angel silhouettes|grimsley|1683
|gen|9
|tier|[Gen 9] OU
|rated|
|rule|HP Percentage Mod: HP is shown in percentages
|rule|Endless Battle Clause: Forcing endless battles is banned
|rule|Species Clause: Limit one of each Pokémon
|rule|OHKO Clause: OHKO moves are banned
|rule|Evasion Items Clause: Evasion items are banned
|rule|Evasion Moves Clause: Evasion moves are banned
|rule|Evasion Abilities Clause: Evasion abilities are banned
|rule|Sleep Moves Clause: Sleep-inducing moves are banned
|clearpoke
|poke|p1|Dragapult, F|
|poke|p1|Alomomola, F|
|poke|p1|Ting-Lu|
|poke|p1|Kyurem|
|poke|p1|Weezing-Galar, M|
|poke|p1|Corviknight, M|
|poke|p2|Iron Treads|
|poke|p2|Ogerpon-Wellspring, F|
|poke|p2|Dragonite, F|
|poke|p2|Iron Moth|
|poke|p2|Iron Valiant|
|poke|p2|Gholdengo|
|teampreview
|
|t:|1776214105
|teamsize|p1|6
|teamsize|p2|6
|start
|switch|p1a: Weezing|Weezing-Galar, M|100/100
|switch|p2a: Iron Treads|Iron Treads|100/100
|-ability|p1a: Weezing|Neutralizing Gas
|turn|1
|
|t:|1776214107
|move|p2a: Iron Treads|Earthquake|p1a: Weezing
|-supereffective|p1a: Weezing
|-damage|p1a: Weezing|28/100
|move|p1a: Weezing|Will-O-Wisp|p2a: Iron Treads
|-status|p2a: Iron Treads|brn
|
|-heal|p1a: Weezing|34/100|[from] item: Leftovers
|-damage|p2a: Iron Treads|94/100 brn|[from] brn
|upkeep
|turn|2
|
|t:|1776214116
|-end|p1a: Weezing|ability: Neutralizing Gas
|switch|p1a: Alomomola|Alomomola, F|100/100
|-enditem|p2a: Iron Treads|Booster Energy
|-activate|p2a: Iron Treads|ability: Quark Drive|[fromitem]
|-start|p2a: Iron Treads|quarkdrivespe
|move|p2a: Iron Treads|Earthquake|p1a: Alomomola
|-damage|p1a: Alomomola|88/100
|
|-damage|p2a: Iron Treads|88/100 brn|[from] brn
|upkeep
|turn|3
|
|t:|1776214121
|move|p2a: Iron Treads|Stealth Rock|p1a: Alomomola
|-sidestart|p1: TOMBDADDY|move: Stealth Rock
|move|p1a: Alomomola|Tickle|p2a: Iron Treads
|-unboost|p2a: Iron Treads|atk|1
|-unboost|p2a: Iron Treads|def|1
|
|-damage|p2a: Iron Treads|82/100 brn|[from] brn
|upkeep
|turn|4
|
|t:|1776214127
|-end|p2a: Iron Treads|Quark Drive|[silent]
|switch|p2a: Ogerpon|Ogerpon-Wellspring, F|100/100
|move|p1a: Alomomola|Tickle|p2a: Ogerpon
|-unboost|p2a: Ogerpon|atk|1
|-unboost|p2a: Ogerpon|def|1
|
|upkeep
|turn|5
|
|t:|1776214133
|switch|p1a: Dragapult|Dragapult, F|100/100
|-damage|p1a: Dragapult|88/100|[from] Stealth Rock
|move|p2a: Ogerpon|Encore||[still]
|-fail|p2a: Ogerpon
|
|upkeep
|turn|6
|
|t:|1776214137
|switch|p2a: Iron Treads|Iron Treads|82/100 brn
|move|p1a: Dragapult|U-turn|p2a: Iron Treads
|-resisted|p2a: Iron Treads
|-damage|p2a: Iron Treads|66/100 brn
|
|t:|1776214150
|switch|p1a: Kyurem|Kyurem|100/100|[from] U-turn
|-damage|p1a: Kyurem|76/100|[from] Stealth Rock
|-ability|p1a: Kyurem|Pressure
|
|-heal|p1a: Kyurem|82/100|[from] item: Leftovers
|-damage|p2a: Iron Treads|60/100 brn|[from] brn
|upkeep
|turn|7
|
|t:|1776214165
|move|p2a: Iron Treads|Earthquake|p1a: Kyurem
|-damage|p1a: Kyurem|58/100
|move|p1a: Kyurem|Substitute|p1a: Kyurem
|-start|p1a: Kyurem|Substitute
|-damage|p1a: Kyurem|33/100
|
|-heal|p1a: Kyurem|39/100|[from] item: Leftovers
|-damage|p2a: Iron Treads|54/100 brn|[from] brn
|upkeep
|turn|8
|
|t:|1776214173
|move|p2a: Iron Treads|Earthquake|p1a: Kyurem
|-activate|p1a: Kyurem|move: Substitute|[damage]
|move|p1a: Kyurem|Earth Power|p2a: Iron Treads
|-supereffective|p2a: Iron Treads
|-damage|p2a: Iron Treads|0 fnt
|faint|p2a: Iron Treads
|-end|p2a: Iron Treads|Quark Drive|[silent]
|
|-heal|p1a: Kyurem|46/100|[from] item: Leftovers
|upkeep
|
|t:|1776214179
|switch|p2a: Gholdengo|Gholdengo|100/100
|-item|p2a: Gholdengo|Air Balloon
|turn|9
|
|t:|1776214185
|move|p1a: Kyurem|Freeze-Dry|p2a: Gholdengo
|-resisted|p2a: Gholdengo
|-damage|p2a: Gholdengo|83/100
|-enditem|p2a: Gholdengo|Air Balloon
|move|p2a: Gholdengo|Shadow Ball|p1a: Kyurem
|-end|p1a: Kyurem|Substitute
|
|-heal|p1a: Kyurem|52/100|[from] item: Leftovers
|upkeep
|turn|10
|
|t:|1776214199
|switch|p1a: Ting-Lu|Ting-Lu|100/100
|-damage|p1a: Ting-Lu|94/100|[from] Stealth Rock
|-ability|p1a: Ting-Lu|Vessel of Ruin
|move|p2a: Gholdengo|Make It Rain|p1a: Ting-Lu
|-damage|p1a: Ting-Lu|72/100
|-unboost|p2a: Gholdengo|spa|1
|
|-heal|p1a: Ting-Lu|79/100|[from] item: Leftovers
|upkeep
|turn|11
|
|t:|1776214207
|switch|p2a: Ogerpon|Ogerpon-Wellspring, F|100/100
|move|p1a: Ting-Lu|Ruination|p2a: Ogerpon
|-damage|p2a: Ogerpon|51/100
|
|-heal|p1a: Ting-Lu|85/100|[from] item: Leftovers
|upkeep
|turn|12
|
|t:|1776214222
|switch|p1a: Weezing|Weezing-Galar, M|34/100
|-ability|p1a: Weezing|Neutralizing Gas
|-damage|p1a: Weezing|22/100|[from] Stealth Rock
|move|p2a: Ogerpon|Ivy Cudgel|p1a: Weezing|[anim] Ivy Cudgel Water
|-damage|p1a: Weezing|0 fnt
|faint|p1a: Weezing
|-end|p1a: Weezing|ability: Neutralizing Gas
|
|upkeep
|
|t:|1776214224
|switch|p1a: Dragapult|Dragapult, F|88/100
|-damage|p1a: Dragapult|76/100|[from] Stealth Rock
|turn|13
|
|t:|1776214250
|switch|p2a: Gholdengo|Gholdengo|83/100
|-terastallize|p1a: Dragapult|Ghost
|move|p1a: Dragapult|Tera Blast|p2a: Gholdengo|[anim] Tera Blast Ghost
|-supereffective|p2a: Gholdengo
|-damage|p2a: Gholdengo|0 fnt
|faint|p2a: Gholdengo
|
|upkeep
|
|t:|1776214269
|switch|p2a: Iron Valiant|Iron Valiant|100/100
|-enditem|p2a: Iron Valiant|Booster Energy
|-activate|p2a: Iron Valiant|ability: Quark Drive|[fromitem]
|-start|p2a: Iron Valiant|quarkdrivespe
|turn|14
|
|t:|1776214280
|switch|p1a: Alomomola|Alomomola, F|100/100
|-damage|p1a: Alomomola|88/100|[from] Stealth Rock
|move|p2a: Iron Valiant|Knock Off|p1a: Alomomola
|-damage|p1a: Alomomola|73/100
|-damage|p2a: Iron Valiant|84/100|[from] item: Rocky Helmet|[of] p1a: Alomomola
|-enditem|p1a: Alomomola|Rocky Helmet|[from] move: Knock Off|[of] p2a: Iron Valiant
|
|upkeep
|turn|15
|
|t:|1776214287
|move|p2a: Iron Valiant|Thunderbolt|p1a: Alomomola
|-supereffective|p1a: Alomomola
|-damage|p1a: Alomomola|7/100
|move|p1a: Alomomola|Flip Turn|p2a: Iron Valiant
|-damage|p2a: Iron Valiant|62/100
|
|t:|1776214292
|switch|p1a: Corviknight|Corviknight, M|100/100|[from] Flip Turn
|-damage|p1a: Corviknight|88/100|[from] Stealth Rock
|-ability|p1a: Corviknight|Pressure
|
|-heal|p1a: Corviknight|94/100|[from] item: Leftovers
|upkeep
|turn|16
|
|t:|1776214359
|-terastallize|p2a: Iron Valiant|Steel
|move|p2a: Iron Valiant|Thunderbolt|p1a: Corviknight
|-supereffective|p1a: Corviknight
|-damage|p1a: Corviknight|56/100
|-status|p1a: Corviknight|par
|move|p1a: Corviknight|Brave Bird|p2a: Iron Valiant
|-resisted|p2a: Iron Valiant
|-damage|p2a: Iron Valiant|39/100
|-damage|p1a: Corviknight|50/100 par|[from] Recoil
|
|-heal|p1a: Corviknight|56/100 par|[from] item: Leftovers
|upkeep
|turn|17
|
|t:|1776214374
|move|p2a: Iron Valiant|Thunderbolt|p1a: Corviknight
|-supereffective|p1a: Corviknight
|-damage|p1a: Corviknight|16/100 par
|move|p1a: Corviknight|Defog|p2a: Iron Valiant
|-unboost|p2a: Iron Valiant|evasion|1
|-sideend|p1: TOMBDADDY|Stealth Rock|[from] move: Defog|[of] p1a: Corviknight
|
|-heal|p1a: Corviknight|23/100 par|[from] item: Leftovers
|upkeep
|turn|18
|
|t:|1776214386
|move|p2a: Iron Valiant|Thunderbolt|p1a: Corviknight
|-supereffective|p1a: Corviknight
|-damage|p1a: Corviknight|0 fnt
|faint|p1a: Corviknight
|
|upkeep
|
|t:|1776214389
|switch|p1a: Ting-Lu|Ting-Lu|85/100
|-ability|p1a: Ting-Lu|Vessel of Ruin
|turn|19
|
|t:|1776214396
|-end|p2a: Iron Valiant|Quark Drive|[silent]
|switch|p2a: Ogerpon|Ogerpon-Wellspring, F|51/100
|move|p1a: Ting-Lu|Earthquake|p2a: Ogerpon
|-resisted|p2a: Ogerpon
|-crit|p2a: Ogerpon
|-damage|p2a: Ogerpon|13/100
|
|-heal|p1a: Ting-Lu|91/100|[from] item: Leftovers
|upkeep
|turn|20
|
|t:|1776214409
|switch|p1a: Alomomola|Alomomola, F|41/100
|move|p2a: Ogerpon|Ivy Cudgel|p1a: Alomomola|[anim] Ivy Cudgel Water
|-resisted|p1a: Alomomola
|-damage|p1a: Alomomola|25/100
|
|upkeep
|turn|21
|
|t:|1776214416
|move|p2a: Ogerpon|Power Whip|p1a: Alomomola
|-supereffective|p1a: Alomomola
|-damage|p1a: Alomomola|0 fnt
|faint|p1a: Alomomola
|
|upkeep
|
|t:|1776214419
|switch|p1a: Dragapult|Dragapult, F, tera:Ghost|76/100
|turn|22
|
|t:|1776214436
|move|p1a: Dragapult|Tera Blast|p2a: Ogerpon|[anim] Tera Blast Ghost
|-damage|p2a: Ogerpon|0 fnt
|faint|p2a: Ogerpon
|
|upkeep
|
|t:|1776214439
|switch|p2a: Dragonite|Dragonite, F|100/100
|turn|23
|
|t:|1776214444
|move|p1a: Dragapult|Tera Blast|p2a: Dragonite|[anim] Tera Blast Ghost
|-damage|p2a: Dragonite|57/100
|move|p2a: Dragonite|Dragon Dance|p2a: Dragonite
|-boost|p2a: Dragonite|atk|1
|-boost|p2a: Dragonite|spe|1
|
|upkeep
|turn|24
|
|t:|1776214450
|move|p1a: Dragapult|Tera Blast|p2a: Dragonite|[anim] Tera Blast Ghost
|-damage|p2a: Dragonite|0 fnt
|faint|p2a: Dragonite
|
|upkeep
|
|t:|1776214451
|switch|p2a: Iron Moth|Iron Moth|100/100
|-enditem|p2a: Iron Moth|Booster Energy
|-activate|p2a: Iron Moth|ability: Quark Drive|[fromitem]
|-start|p2a: Iron Moth|quarkdrivespe
|turn|25
|
|t:|1776214458
|move|p2a: Iron Moth|Fiery Dance|p1a: Dragapult
|-damage|p1a: Dragapult|15/100
|-boost|p2a: Iron Moth|spa|1
|move|p1a: Dragapult|Tera Blast|p2a: Iron Moth|[anim] Tera Blast Ghost
|-damage|p2a: Iron Moth|0 fnt
|faint|p2a: Iron Moth
|-end|p2a: Iron Moth|Quark Drive|[silent]
|
|upkeep
|-message|angel silhouettes forfeited.
|
|win|TOMBDADDY
|raw|TOMBDADDY's rating: 1558 &rarr; <strong>1585</strong><br />(+27 for winning)
|raw|angel silhouettes's rating: 1683 &rarr; <strong>1656</strong><br />(-27 for losing)
|l|☆angel silhouettes
|player|p2|
