|html|<div class="broadcast-blue"><strong>[Gen 9] OU is currently suspecting Tera Blast! For information on how to participate check out the <a href="https://www.smogon.com/tools/suspects/view/200">suspect thread</a>.</strong></div>
|j|☆166w
|j|☆Holycheeks
|t:|1776091144
|gametype|singles
|player|p1|166w|steven|1058
|player|p2|Holycheeks|101|1005
|gen|9
|tier|[Gen 9] OU
|rated|
|rule|HP Percentage Mod: HP is shown in percentages
|rule|Endless Battle Clause: Forcing endless battles is banned
|rule|Species Clause: Limit one of each Pokémon
|rule|OHKO Clause: OHKO moves are banned
|rule|Evasion Items Clause: Evasion items are banned
|rule|Evasion Moves Clause: Evasion moves are banned
|rule|Evasion Abilities Clause: Evasion abilities are banned
|rule|Sleep Moves Clause: Sleep-inducing moves are banned
|clearpoke
|poke|p1|Veluza, M|
|poke|p1|Kleavor, M|
|poke|p1|Gallade, M|
|poke|p1|Samurott-Hisui, M|
|poke|p1|Goodra-Hisui, M|
|poke|p1|Revavroom, F|
|poke|p2|Garchomp, M|
|poke|p2|Dragapult, F|
|poke|p2|Glimmora, M|
|poke|p2|Corviknight, M|
|poke|p2|Kingambit, M|
|poke|p2|Raging Bolt|
|teampreview
|inactive|Battle timer is ON: inactive players will automatically lose when time's up. (requested by 166w)
|
|t:|1776091155
|teamsize|p1|6
|teamsize|p2|6
|start
|switch|p1a: Kleavor|Kleavor, M|100/100
|switch|p2a: Glimmora|Glimmora, M|100/100
|-item|p2a: Glimmora|Air Balloon
|turn|1
|
|t:|1776091165
|move|p2a: Glimmora|Acid Armor|p2a: Glimmora
|-boost|p2a: Glimmora|def|2
|move|p1a: Kleavor|Swords Dance|p1a: Kleavor
|-boost|p1a: Kleavor|atk|2
|
|upkeep
|turn|2
|
|t:|1776091177
|move|p2a: Glimmora|Stealth Rock|p1a: Kleavor
|-sidestart|p1: 166w|move: Stealth Rock
|move|p1a: Kleavor|Swords Dance|p1a: Kleavor
|-boost|p1a: Kleavor|atk|2
|
|upkeep
|turn|3
|inactive|166w has 120 seconds left.
|
|t:|1776091209
|move|p2a: Glimmora|Acid Armor|p2a: Glimmora
|-boost|p2a: Glimmora|def|2
|move|p1a: Kleavor|Night Slash|p2a: Glimmora
|-damage|p2a: Glimmora|53/100
|-activate|p2a: Glimmora|ability: Toxic Debris
|-sidestart|p1: 166w|move: Toxic Spikes
|-enditem|p2a: Glimmora|Air Balloon
|
|upkeep
|turn|4
|
|t:|1776091221
|move|p2a: Glimmora|Acid Armor|p2a: Glimmora
|-boost|p2a: Glimmora|def|2
|move|p1a: Kleavor|Stone Axe|p2a: Glimmora
|-damage|p2a: Glimmora|0 fnt
|-activate|p2a: Glimmora|ability: Toxic Debris
|-sidestart|p1: 166w|move: Toxic Spikes
|-sidestart|p2: Holycheeks|move: Stealth Rock
|faint|p2a: Glimmora
|
|upkeep
|
|t:|1776091236
|switch|p2a: Raging Bolt|Raging Bolt|100/100
|-damage|p2a: Raging Bolt|88/100|[from] Stealth Rock
|turn|5
|
|t:|1776091244
|move|p1a: Kleavor|Stone Axe|p2a: Raging Bolt
|-damage|p2a: Raging Bolt|0 fnt
|faint|p2a: Raging Bolt
|-end|p2a: Raging Bolt|Protosynthesis|[silent]
|
|upkeep
|
|t:|1776091253
|switch|p2a: Dragapult|Dragapult, F|100/100
|-damage|p2a: Dragapult|88/100|[from] Stealth Rock
|turn|6
|
|t:|1776091258
|move|p2a: Dragapult|Draco Meteor|p1a: Kleavor|[miss]
|-miss|p2a: Dragapult|p1a: Kleavor
|move|p1a: Kleavor|Night Slash|p2a: Dragapult
|-supereffective|p2a: Dragapult
|-damage|p2a: Dragapult|0 fnt
|faint|p2a: Dragapult
|
|upkeep
|
|t:|1776091267
|switch|p2a: Garchomp|Garchomp, M|100/100
|-damage|p2a: Garchomp|94/100|[from] Stealth Rock
|turn|7
|
|t:|1776091272
|move|p2a: Garchomp|Fire Blast|p1a: Kleavor
|-damage|p1a: Kleavor|72/100
|move|p1a: Kleavor|X-Scissor|p2a: Garchomp
|-damage|p2a: Garchomp|0 fnt
|-damage|p1a: Kleavor|60/100|[from] ability: Rough Skin|[of] p2a: Garchomp
|-damage|p1a: Kleavor|43/100|[from] item: Rocky Helmet|[of] p2a: Garchomp
|faint|p2a: Garchomp
|
|upkeep
|
|t:|1776091283
|switch|p2a: Corviknight|Corviknight, M|100/100
|-damage|p2a: Corviknight|88/100|[from] Stealth Rock
|turn|8
|
|t:|1776091287
|move|p1a: Kleavor|Stone Axe|p2a: Corviknight
|-damage|p2a: Corviknight|0 fnt
|faint|p2a: Corviknight
|
|upkeep
|
|t:|1776091292
|switch|p2a: Kingambit|Kingambit, M|100/100
|-damage|p2a: Kingambit|94/100|[from] Stealth Rock
|turn|9
|
|t:|1776091299
|move|p1a: Kleavor|Stone Axe|p2a: Kingambit
|-resisted|p2a: Kingambit
|-crit|p2a: Kingambit
|-damage|p2a: Kingambit|0 fnt
|faint|p2a: Kingambit
|
|win|166w
|raw|166w's rating: 1058 &rarr; <strong>1085</strong><br />(+27 for winning)
|raw|Holycheeks's rating: 1005 &rarr; <strong>1000</strong><br />(-5 for losing)
|l|☆Holycheeks
|player|p2|
