|html|<div class="broadcast-blue"><strong>[Gen 9] OU is currently suspecting Tera Blast! For information on how to participate check out the <a href="https://www.smogon.com/tools/suspects/view/200">suspect thread</a>.</strong></div>
|j|☆mrzed03
|j|☆pseeeeeebsuuu
|t:|1776330566
|gametype|singles
|player|p1|mrzed03|2|1329
|player|p2|pseeeeeebsuuu|unknown|1307
|gen|9
|tier|[Gen 9] OU
|rated|
|rule|HP Percentage Mod: HP is shown in percentages
|rule|Endless Battle Clause: Forcing endless battles is banned
|rule|Species Clause: Limit one of each Pokémon
|rule|OHKO Clause: OHKO moves are banned
|rule|Evasion Items Clause: Evasion items are banned
|rule|Evasion Moves Clause: Evasion moves are banned
|rule|Evasion Abilities Clause: Evasion abilities are banned
|rule|Sleep Moves Clause: Sleep-inducing moves are banned
|clearpoke
|poke|p1|Pawmot, F|
|poke|p1|Cresselia, F|
|poke|p1|Kyurem|
|poke|p1|Dondozo, F|
|poke|p1|Talonflame, F|
|poke|p1|Clodsire, M|
|poke|p2|Entei|
|poke|p2|Blastoise, M|
|poke|p2|Politoed, F|
|poke|p2|Charizard, F|
|poke|p2|Ninetales, M|
|poke|p2|Tornadus, M|
|teampreview
|
|t:|1776330596
|teamsize|p1|6
|teamsize|p2|6
|start
|switch|p1a: Talonflame|Talonflame, F|100/100
|switch|p2a: Ninetales|Ninetales, M|100/100
|-weather|SunnyDay|[from] ability: Drought|[of] p2a: Ninetales
|turn|1
|
|t:|1776330606
|switch|p1a: Clodsire|Clodsire, M|100/100
|switch|p2a: Entei|Entei|100/100
|
|-weather|SunnyDay|[upkeep]
|upkeep
|turn|2
|
|t:|1776330625
|switch|p1a: Kyurem|Kyurem|100/100
|-ability|p1a: Kyurem|Pressure
|move|p2a: Entei|Eruption|p1a: Kyurem
|-damage|p1a: Kyurem|32/100
|
|-weather|SunnyDay|[upkeep]
|-heal|p1a: Kyurem|39/100|[from] item: Leftovers
|upkeep
|turn|3
|
|t:|1776330634
|move|p1a: Kyurem|Protect|p1a: Kyurem
|-singleturn|p1a: Kyurem|Protect
|move|p2a: Entei|Eruption|p1a: Kyurem
|-activate|p1a: Kyurem|move: Protect
|
|-weather|SunnyDay|[upkeep]
|-heal|p1a: Kyurem|45/100|[from] item: Leftovers
|upkeep
|turn|4
|
|t:|1776330642
|move|p2a: Entei|Eruption|p1a: Kyurem
|-damage|p1a: Kyurem|0 fnt
|faint|p1a: Kyurem
|
|-weather|SunnyDay|[upkeep]
|upkeep
|
|t:|1776330647
|switch|p1a: Dondozo|Dondozo, F|100/100
|turn|5
|
|t:|1776330658
|switch|p2a: Politoed|Politoed, F|100/100
|-weather|RainDance|[from] ability: Drizzle|[of] p2a: Politoed
|move|p1a: Dondozo|Wave Crash|p2a: Politoed
|-resisted|p2a: Politoed
|-crit|p2a: Politoed
|-damage|p2a: Politoed|65/100
|-damage|p1a: Dondozo|92/100|[from] Recoil
|
|-weather|RainDance|[upkeep]
|-heal|p1a: Dondozo|98/100|[from] item: Leftovers
|upkeep
|turn|6
|
|t:|1776330671
|switch|p1a: Talonflame|Talonflame, F|100/100
|move|p2a: Politoed|Weather Ball|p1a: Talonflame
|-supereffective|p1a: Talonflame
|-damage|p1a: Talonflame|0 fnt
|faint|p1a: Talonflame
|
|-weather|RainDance|[upkeep]
|upkeep
|
|t:|1776330679
|switch|p1a: Pawmot|Pawmot, F|100/100
|turn|7
|
|t:|1776330682
|move|p1a: Pawmot|Revival Blessing|p1a: Pawmot
|-enditem|p1a: Pawmot|Leppa Berry|[eat]
|-activate|p1a: Pawmot|item: Leppa Berry|Revival Blessing|[consumed]
|
|t:|1776330686
|-heal|p1: Kyurem|50/100|[from] move: Revival Blessing
|move|p2a: Politoed|Weather Ball|p1a: Pawmot
|-damage|p1a: Pawmot|31/100
|
|-weather|RainDance|[upkeep]
|upkeep
|turn|8
|
|t:|1776330696
|switch|p2a: Entei|Entei|100/100
|move|p1a: Pawmot|Revival Blessing|p1a: Pawmot
|
|t:|1776330702
|-heal|p1: Talonflame|50/100|[from] move: Revival Blessing
|
|-weather|RainDance|[upkeep]
|upkeep
|turn|9
|
|t:|1776330708
|move|p2a: Entei|Extreme Speed|p1a: Pawmot
|-damage|p1a: Pawmot|3/100
|move|p1a: Pawmot|Rest|p1a: Pawmot
|-status|p1a: Pawmot|slp|[from] move: Rest
|-heal|p1a: Pawmot|100/100 slp|[silent]
|
|-weather|RainDance|[upkeep]
|upkeep
|turn|10
|
|t:|1776330719
|switch|p2a: Ninetales|Ninetales, M|100/100
|-weather|SunnyDay|[from] ability: Drought|[of] p2a: Ninetales
|cant|p1a: Pawmot|slp
|move|p1a: Pawmot|Sleep Talk|p1a: Pawmot
|move|p1a: Pawmot|Revival Blessing||[from] move: Sleep Talk|[still]
|-fail|p1a: Pawmot
|
|-weather|SunnyDay|[upkeep]
|upkeep
|turn|11
|
|t:|1776330738
|-curestatus|p1a: Pawmot|slp|[from] ability: Natural Cure
|switch|p1a: Dondozo|Dondozo, F|98/100
|move|p2a: Ninetales|Weather Ball|p1a: Dondozo
|-resisted|p1a: Dondozo
|-damage|p1a: Dondozo|74/100
|
|-weather|SunnyDay|[upkeep]
|-heal|p1a: Dondozo|80/100|[from] item: Leftovers
|upkeep
|turn|12
|
|t:|1776330747
|move|p2a: Ninetales|Solar Beam||[still]
|-prepare|p2a: Ninetales|Solar Beam
|-anim|p2a: Ninetales|Solar Beam|p1a: Dondozo
|-supereffective|p1a: Dondozo
|-damage|p1a: Dondozo|27/100
|move|p1a: Dondozo|Wave Crash|p2a: Ninetales
|-supereffective|p2a: Ninetales
|-damage|p2a: Ninetales|49/100
|-damage|p1a: Dondozo|17/100|[from] Recoil
|
|-weather|SunnyDay|[upkeep]
|-heal|p1a: Dondozo|23/100|[from] item: Leftovers
|upkeep
|turn|13
|
|t:|1776330758
|move|p1a: Dondozo|Protect|p1a: Dondozo
|-singleturn|p1a: Dondozo|Protect
|move|p2a: Ninetales|Weather Ball|p1a: Dondozo
|-activate|p1a: Dondozo|move: Protect
|
|-weather|SunnyDay|[upkeep]
|-heal|p1a: Dondozo|29/100|[from] item: Leftovers
|upkeep
|turn|14
|
|t:|1776330766
|switch|p1a: Clodsire|Clodsire, M|100/100
|move|p2a: Ninetales|Solar Beam||[still]
|-prepare|p2a: Ninetales|Solar Beam
|-anim|p2a: Ninetales|Solar Beam|p1a: Clodsire
|-damage|p1a: Clodsire|85/100
|
|-weather|SunnyDay|[upkeep]
|-heal|p1a: Clodsire|91/100|[from] item: Leftovers
|upkeep
|turn|15
|
|t:|1776330774
|switch|p2a: Charizard|Charizard, F|100/100
|move|p1a: Clodsire|Toxic|p2a: Charizard
|-status|p2a: Charizard|tox
|
|-weather|SunnyDay|[upkeep]
|-damage|p2a: Charizard|88/100 tox|[from] ability: Solar Power|[of] p2a: Charizard
|-heal|p1a: Clodsire|97/100|[from] item: Leftovers
|-damage|p2a: Charizard|82/100 tox|[from] psn
|upkeep
|turn|16
|
|t:|1776330792
|switch|p1a: Talonflame|Talonflame, F|50/100
|move|p2a: Charizard|Weather Ball|p1a: Talonflame
|-resisted|p1a: Talonflame
|-damage|p1a: Talonflame|0 fnt
|faint|p1a: Talonflame
|
|-weather|SunnyDay|[upkeep]
|-damage|p2a: Charizard|70/100 tox|[from] ability: Solar Power|[of] p2a: Charizard
|-damage|p2a: Charizard|57/100 tox|[from] psn
|upkeep
|
|t:|1776330801
|switch|p1a: Clodsire|Clodsire, M|97/100
|turn|17
|
|t:|1776330804
|move|p2a: Charizard|Weather Ball|p1a: Clodsire
|-damage|p1a: Clodsire|11/100
|move|p1a: Clodsire|Amnesia|p1a: Clodsire
|-boost|p1a: Clodsire|spd|2
|
|-weather|none
|-heal|p1a: Clodsire|17/100|[from] item: Leftovers
|-damage|p2a: Charizard|39/100 tox|[from] psn
|upkeep
|turn|18
|
|t:|1776330831
|switch|p2a: Ninetales|Ninetales, M|49/100
|-weather|SunnyDay|[from] ability: Drought|[of] p2a: Ninetales
|move|p1a: Clodsire|Recover|p1a: Clodsire
|-heal|p1a: Clodsire|67/100
|
|-weather|SunnyDay|[upkeep]
|-heal|p1a: Clodsire|73/100|[from] item: Leftovers
|upkeep
|turn|19
|
|t:|1776330843
|move|p2a: Ninetales|Healing Wish|p2a: Ninetales
|faint|p2a: Ninetales
|move|p1a: Clodsire|Toxic|p2: Ninetales|[notarget]
|-fail|p1a: Clodsire
|
|-weather|SunnyDay|[upkeep]
|-heal|p1a: Clodsire|79/100|[from] item: Leftovers
|upkeep
|
|t:|1776330846
|switch|p2a: Charizard|Charizard, F|39/100 tox
|-heal|p2a: Charizard|100/100|[from] move: Healing Wish
|turn|20
|
|t:|1776330854
|-terastallize|p2a: Charizard|Fire
|move|p2a: Charizard|Overheat|p1a: Clodsire|[miss]
|-miss|p2a: Charizard|p1a: Clodsire
|move|p1a: Clodsire|Amnesia|p1a: Clodsire
|-boost|p1a: Clodsire|spd|2
|
|-weather|SunnyDay|[upkeep]
|-damage|p2a: Charizard|88/100|[from] ability: Solar Power|[of] p2a: Charizard
|-heal|p1a: Clodsire|85/100|[from] item: Leftovers
|upkeep
|turn|21
|
|t:|1776330864
|move|p2a: Charizard|Overheat|p1a: Clodsire
|-damage|p1a: Clodsire|39/100
|-unboost|p2a: Charizard|spa|2
|move|p1a: Clodsire|Toxic|p2a: Charizard
|-status|p2a: Charizard|tox
|
|-weather|SunnyDay|[upkeep]
|-damage|p2a: Charizard|76/100 tox|[from] ability: Solar Power|[of] p2a: Charizard
|-heal|p1a: Clodsire|45/100|[from] item: Leftovers
|-damage|p2a: Charizard|70/100 tox|[from] psn
|upkeep
|turn|22
|
|t:|1776330877
|switch|p2a: Politoed|Politoed, F|65/100
|-weather|RainDance|[from] ability: Drizzle|[of] p2a: Politoed
|move|p1a: Clodsire|Recover|p1a: Clodsire
|-heal|p1a: Clodsire|95/100
|
|-weather|RainDance|[upkeep]
|-heal|p1a: Clodsire|100/100|[from] item: Leftovers
|upkeep
|turn|23
|
|t:|1776330887
|move|p2a: Politoed|Encore|p1a: Clodsire
|-start|p1a: Clodsire|Encore
|move|p1a: Clodsire|Recover||[still]
|-fail|p1a: Clodsire|heal
|
|-weather|RainDance|[upkeep]
|upkeep
|turn|24
|
|t:|1776330902
|switch|p1a: Kyurem|Kyurem|50/100
|-ability|p1a: Kyurem|Pressure
|move|p2a: Politoed|Weather Ball|p1a: Kyurem
|-resisted|p1a: Kyurem
|-damage|p1a: Kyurem|32/100
|
|-weather|RainDance|[upkeep]
|-heal|p1a: Kyurem|38/100|[from] item: Leftovers
|upkeep
|turn|25
|
|t:|1776330919
|move|p1a: Kyurem|Substitute|p1a: Kyurem
|-start|p1a: Kyurem|Substitute
|-damage|p1a: Kyurem|13/100
|move|p2a: Politoed|Ice Beam|p1a: Kyurem
|-activate|p1a: Kyurem|move: Substitute|[damage]
|
|-weather|RainDance|[upkeep]
|-heal|p1a: Kyurem|19/100|[from] item: Leftovers
|upkeep
|turn|26
|
|t:|1776330927
|move|p1a: Kyurem|Dragon Dance|p1a: Kyurem
|-boost|p1a: Kyurem|atk|1
|-boost|p1a: Kyurem|spe|1
|move|p2a: Politoed|Ice Beam|p1a: Kyurem
|-end|p1a: Kyurem|Substitute
|
|-weather|RainDance|[upkeep]
|-heal|p1a: Kyurem|25/100|[from] item: Leftovers
|upkeep
|turn|27
|
|t:|1776330938
|move|p1a: Kyurem|Protect|p1a: Kyurem
|-singleturn|p1a: Kyurem|Protect
|move|p2a: Politoed|Ice Beam|p1a: Kyurem
|-activate|p1a: Kyurem|move: Protect
|
|-weather|RainDance|[upkeep]
|-heal|p1a: Kyurem|32/100|[from] item: Leftovers
|upkeep
|turn|28
|
|t:|1776330946
|-terastallize|p1a: Kyurem|Steel
|move|p1a: Kyurem|Substitute|p1a: Kyurem
|-start|p1a: Kyurem|Substitute
|-damage|p1a: Kyurem|7/100
|move|p2a: Politoed|Ice Beam|p1a: Kyurem
|-resisted|p1a: Kyurem
|-crit|p1a: Kyurem
|-activate|p1a: Kyurem|move: Substitute|[damage]
|
|-weather|RainDance|[upkeep]
|-heal|p1a: Kyurem|13/100|[from] item: Leftovers
|upkeep
|turn|29
|
|t:|1776330955
|move|p1a: Kyurem|Dragon Dance|p1a: Kyurem
|-boost|p1a: Kyurem|atk|1
|-boost|p1a: Kyurem|spe|1
|move|p2a: Politoed|Weather Ball|p1a: Kyurem
|-end|p1a: Kyurem|Substitute
|
|-weather|none
|-heal|p1a: Kyurem|19/100|[from] item: Leftovers
|upkeep
|turn|30
|
|t:|1776330963
|move|p1a: Kyurem|Protect|p1a: Kyurem
|-singleturn|p1a: Kyurem|Protect
|move|p2a: Politoed|Perish Song|p2a: Politoed
|-start|p1a: Kyurem|perish3|[silent]
|-start|p2a: Politoed|perish3|[silent]
|-fieldactivate|move: Perish Song
|
|-heal|p1a: Kyurem|25/100|[from] item: Leftovers
|-start|p1a: Kyurem|perish3
|-start|p2a: Politoed|perish3
|upkeep
|turn|31
|
|t:|1776330984
|switch|p1a: Cresselia|Cresselia, F|100/100
|move|p2a: Politoed|Encore||[still]
|-fail|p2a: Politoed
|
|-start|p2a: Politoed|perish2
|upkeep
|turn|32
|
|t:|1776330991
|move|p1a: Cresselia|Thunder Wave|p2a: Politoed
|-status|p2a: Politoed|par
|move|p2a: Politoed|Perish Song|p2a: Politoed
|-start|p1a: Cresselia|perish3|[silent]
|-fieldactivate|move: Perish Song
|
|-start|p1a: Cresselia|perish3
|-start|p2a: Politoed|perish1
|upkeep
|turn|33
|
|t:|1776331006
|switch|p2a: Tornadus|Tornadus, M|100/100
|move|p1a: Cresselia|Lunar Dance|p1a: Cresselia
|faint|p1a: Cresselia
|
|upkeep
|
|t:|1776331011
|switch|p1a: Kyurem|Kyurem, tera:Steel|25/100
|-heal|p1a: Kyurem|100/100|[from] move: Lunar Dance
|-ability|p1a: Kyurem|Pressure
|turn|34
|
|t:|1776331026
|switch|p1a: Clodsire|Clodsire, M|100/100
|move|p2a: Tornadus|Sunny Day|p2a: Tornadus
|-weather|SunnyDay
|
|-weather|SunnyDay|[upkeep]
|upkeep
|turn|35
|
|t:|1776331032
|move|p2a: Tornadus|U-turn|p1a: Clodsire
|-resisted|p1a: Clodsire
|-damage|p1a: Clodsire|91/100
|
|t:|1776331035
|switch|p2a: Charizard|Charizard, F, tera:Fire|70/100 tox|[from] U-turn
|move|p1a: Clodsire|Toxic|p2a: Charizard
|-fail|p2a: Charizard|tox
|
|-weather|SunnyDay|[upkeep]
|-damage|p2a: Charizard|57/100 tox|[from] ability: Solar Power|[of] p2a: Charizard
|-heal|p1a: Clodsire|97/100|[from] item: Leftovers
|-damage|p2a: Charizard|51/100 tox|[from] psn
|upkeep
|turn|36
|
|t:|1776331057
|move|p2a: Charizard|Weather Ball|p1a: Clodsire
|-damage|p1a: Clodsire|0 fnt
|faint|p1a: Clodsire
|
|-weather|SunnyDay|[upkeep]
|-damage|p2a: Charizard|39/100 tox|[from] ability: Solar Power|[of] p2a: Charizard
|-damage|p2a: Charizard|26/100 tox|[from] psn
|upkeep
|
|t:|1776331068
|switch|p1a: Kyurem|Kyurem, tera:Steel|100/100
|-ability|p1a: Kyurem|Pressure
|turn|37
|
|t:|1776331076
|switch|p2a: Entei|Entei|100/100
|move|p1a: Kyurem|Protect||[still]
|-fail|p1a: Kyurem
|
|-weather|SunnyDay|[upkeep]
|upkeep
|turn|38
|
|t:|1776331087
|move|p1a: Kyurem|Protect|p1a: Kyurem
|-singleturn|p1a: Kyurem|Protect
|move|p2a: Entei|Eruption|p1a: Kyurem
|-activate|p1a: Kyurem|move: Protect
|
|-weather|none
|upkeep
|turn|39
|
|t:|1776331095
|move|p2a: Entei|Scorching Sands|p1a: Kyurem
|-supereffective|p1a: Kyurem
|-crit|p1a: Kyurem
|-damage|p1a: Kyurem|60/100
|move|p1a: Kyurem|Substitute|p1a: Kyurem
|-start|p1a: Kyurem|Substitute
|-damage|p1a: Kyurem|35/100
|
|-heal|p1a: Kyurem|41/100|[from] item: Leftovers
|upkeep
|turn|40
|
|t:|1776331104
|move|p2a: Entei|Scorching Sands|p1a: Kyurem
|-supereffective|p1a: Kyurem
|-end|p1a: Kyurem|Substitute
|move|p1a: Kyurem|Dragon Dance|p1a: Kyurem
|-boost|p1a: Kyurem|atk|1
|-boost|p1a: Kyurem|spe|1
|
|-heal|p1a: Kyurem|47/100|[from] item: Leftovers
|upkeep
|turn|41
|
|t:|1776331112
|move|p1a: Kyurem|Protect|p1a: Kyurem
|-singleturn|p1a: Kyurem|Protect
|move|p2a: Entei|Scorching Sands|p1a: Kyurem
|-activate|p1a: Kyurem|move: Protect
|
|-heal|p1a: Kyurem|53/100|[from] item: Leftovers
|upkeep
|turn|42
|
|t:|1776331122
|move|p1a: Kyurem|Substitute|p1a: Kyurem
|-start|p1a: Kyurem|Substitute
|-damage|p1a: Kyurem|28/100
|move|p2a: Entei|Scorching Sands|p1a: Kyurem
|-supereffective|p1a: Kyurem
|-end|p1a: Kyurem|Substitute
|
|-heal|p1a: Kyurem|34/100|[from] item: Leftovers
|upkeep
|turn|43
|
|t:|1776331130
|move|p1a: Kyurem|Protect|p1a: Kyurem
|-singleturn|p1a: Kyurem|Protect
|move|p2a: Entei|Trailblaze|p1a: Kyurem
|-activate|p1a: Kyurem|move: Protect
|
|-heal|p1a: Kyurem|40/100|[from] item: Leftovers
|upkeep
|turn|44
|
|t:|1776331137
|move|p1a: Kyurem|Substitute|p1a: Kyurem
|-start|p1a: Kyurem|Substitute
|-damage|p1a: Kyurem|16/100
|move|p2a: Entei|Scorching Sands|p1a: Kyurem
|-supereffective|p1a: Kyurem
|-end|p1a: Kyurem|Substitute
|
|-heal|p1a: Kyurem|22/100|[from] item: Leftovers
|upkeep
|turn|45
|
|t:|1776331144
|move|p1a: Kyurem|Dragon Dance|p1a: Kyurem
|-boost|p1a: Kyurem|atk|1
|-boost|p1a: Kyurem|spe|1
|move|p2a: Entei|Trailblaze|p1a: Kyurem
|-resisted|p1a: Kyurem
|-damage|p1a: Kyurem|16/100
|-boost|p2a: Entei|spe|1
|
|-heal|p1a: Kyurem|22/100|[from] item: Leftovers
|upkeep
|turn|46
|
|t:|1776331153
|move|p1a: Kyurem|Protect|p1a: Kyurem
|-singleturn|p1a: Kyurem|Protect
|move|p2a: Entei|Scorching Sands|p1a: Kyurem
|-activate|p1a: Kyurem|move: Protect
|
|-heal|p1a: Kyurem|28/100|[from] item: Leftovers
|upkeep
|turn|47
|
|t:|1776331160
|move|p1a: Kyurem|Substitute|p1a: Kyurem
|-start|p1a: Kyurem|Substitute
|-damage|p1a: Kyurem|3/100
|move|p2a: Entei|Scorching Sands|p1a: Kyurem
|-supereffective|p1a: Kyurem
|-end|p1a: Kyurem|Substitute
|
|-heal|p1a: Kyurem|9/100|[from] item: Leftovers
|upkeep
|turn|48
|
|t:|1776331167
|move|p1a: Kyurem|Protect|p1a: Kyurem
|-singleturn|p1a: Kyurem|Protect
|move|p2a: Entei|Extreme Speed|p1a: Kyurem
|-activate|p1a: Kyurem|move: Protect
|
|-heal|p1a: Kyurem|16/100|[from] item: Leftovers
|upkeep
|turn|49
|
|t:|1776331188
|switch|p1a: Dondozo|Dondozo, F|29/100
|move|p2a: Entei|Scorching Sands|p1a: Dondozo
|-damage|p1a: Dondozo|11/100
|-status|p1a: Dondozo|brn
|
|-heal|p1a: Dondozo|17/100 brn|[from] item: Leftovers
|-damage|p1a: Dondozo|11/100 brn|[from] brn
|upkeep
|turn|50
|
|t:|1776331197
|move|p2a: Entei|Trailblaze|p1a: Dondozo
|-supereffective|p1a: Dondozo
|-crit|p1a: Dondozo
|-damage|p1a: Dondozo|0 fnt
|-boost|p2a: Entei|spe|1
|faint|p1a: Dondozo
|
|upkeep
|
|t:|1776331204
|switch|p1a: Pawmot|Pawmot, F|100/100
|turn|51
|
|t:|1776331209
|move|p2a: Entei|Scorching Sands|p1a: Pawmot
|-supereffective|p1a: Pawmot
|-damage|p1a: Pawmot|43/100
|move|p1a: Pawmot|Rest|p1a: Pawmot
|-status|p1a: Pawmot|slp|[from] move: Rest
|-heal|p1a: Pawmot|100/100 slp|[silent]
|
|upkeep
|turn|52
|
|t:|1776331216
|switch|p2a: Tornadus|Tornadus, M|100/100
|cant|p1a: Pawmot|slp
|move|p1a: Pawmot|Sleep Talk|p1a: Pawmot
|move|p1a: Pawmot|Revival Blessing|p1a: Pawmot|[from] move: Sleep Talk
|
|t:|1776331223
|-heal|p1: Cresselia|50/100|[from] move: Revival Blessing
|
|upkeep
|turn|53
|
|t:|1776331227
|cant|p1a: Pawmot|slp
|move|p1a: Pawmot|Sleep Talk|p1a: Pawmot
|move|p1a: Pawmot|Knock Off|p2a: Tornadus|[from] move: Sleep Talk
|-damage|p2a: Tornadus|73/100
|-enditem|p2a: Tornadus|Eject Button|[from] move: Knock Off|[of] p1a: Pawmot
|move|p2a: Tornadus|Bleakwind Storm|p1a: Pawmot
|-damage|p1a: Pawmot|35/100 slp
|
|upkeep
|turn|54
|
|t:|1776331236
|-curestatus|p1a: Pawmot|slp|[msg]
|move|p1a: Pawmot|Sleep Talk||[still]
|-fail|p1a: Pawmot
|move|p2a: Tornadus|Bleakwind Storm|p1a: Pawmot|[miss]
|-miss|p2a: Tornadus|p1a: Pawmot
|
|upkeep
|turn|55
|
|t:|1776331243
|move|p1a: Pawmot|Rest|p1a: Pawmot
|-status|p1a: Pawmot|slp|[from] move: Rest
|-heal|p1a: Pawmot|100/100 slp|[silent]
|move|p2a: Tornadus|Bleakwind Storm|p1a: Pawmot
|-damage|p1a: Pawmot|27/100 slp
|
|upkeep
|turn|56
|
|t:|1776331249
|cant|p1a: Pawmot|slp
|move|p1a: Pawmot|Sleep Talk|p1a: Pawmot
|move|p1a: Pawmot|Revival Blessing|p1a: Pawmot|[from] move: Sleep Talk
|
|t:|1776331258
|-heal|p1: Clodsire|50/100|[from] move: Revival Blessing
|move|p2a: Tornadus|Heat Wave|p1a: Pawmot
|-damage|p1a: Pawmot|0 fnt
|faint|p1a: Pawmot
|
|upkeep
|
|t:|1776331266
|switch|p1a: Cresselia|Cresselia, F|50/100
|-enditem|p1a: Cresselia|Sitrus Berry|[eat]
|-heal|p1a: Cresselia|75/100|[from] item: Sitrus Berry
|turn|57
|
|t:|1776331271
|move|p2a: Tornadus|Sunny Day|p2a: Tornadus
|-weather|SunnyDay
|move|p1a: Cresselia|Thunder Wave|p2a: Tornadus
|-status|p2a: Tornadus|par
|
|-weather|SunnyDay|[upkeep]
|upkeep
|turn|58
|
|t:|1776331276
|move|p1a: Cresselia|Moonblast|p2a: Tornadus
|-crit|p2a: Tornadus
|-damage|p2a: Tornadus|45/100 par
|cant|p2a: Tornadus|par
|
|-weather|SunnyDay|[upkeep]
|upkeep
|turn|59
|
|t:|1776331282
|move|p1a: Cresselia|Moonblast|p2a: Tornadus
|-damage|p2a: Tornadus|25/100 par
|move|p2a: Tornadus|U-turn|p1a: Cresselia
|-supereffective|p1a: Cresselia
|-damage|p1a: Cresselia|48/100
|
|t:|1776331284
|switch|p2a: Charizard|Charizard, F, tera:Fire|26/100 tox|[from] U-turn
|
|-weather|SunnyDay|[upkeep]
|-damage|p2a: Charizard|14/100 tox|[from] ability: Solar Power|[of] p2a: Charizard
|-damage|p2a: Charizard|8/100 tox|[from] psn
|upkeep
|turn|60
|
|t:|1776331302
|move|p2a: Charizard|Weather Ball|p1a: Cresselia
|-damage|p1a: Cresselia|0 fnt
|faint|p1a: Cresselia
|
|-weather|SunnyDay|[upkeep]
|-damage|p2a: Charizard|0 fnt|[from] ability: Solar Power|[of] p2a: Charizard
|faint|p2a: Charizard
|upkeep
|
|t:|1776331310
|switch|p2a: Tornadus|Tornadus, M|25/100 par
|switch|p1a: Kyurem|Kyurem, tera:Steel|16/100
|-ability|p1a: Kyurem|Pressure
|turn|61
|
|t:|1776331320
|move|p1a: Kyurem|Icicle Spear|p2a: Tornadus
|-supereffective|p2a: Tornadus
|-damage|p2a: Tornadus|2/100 par
|-supereffective|p2a: Tornadus
|-damage|p2a: Tornadus|0 fnt
|faint|p2a: Tornadus
|-hitcount|p2: Tornadus|2
|
|-weather|none
|-heal|p1a: Kyurem|22/100|[from] item: Leftovers
|upkeep
|
|t:|1776331323
|switch|p2a: Politoed|Politoed, F|65/100 par
|-weather|RainDance|[from] ability: Drizzle|[of] p2a: Politoed
|turn|62
|
|t:|1776331355
|move|p1a: Kyurem|Protect|p1a: Kyurem
|-singleturn|p1a: Kyurem|Protect
|move|p2a: Politoed|Weather Ball|p1a: Kyurem
|-activate|p1a: Kyurem|move: Protect
|
|-weather|RainDance|[upkeep]
|-heal|p1a: Kyurem|28/100|[from] item: Leftovers
|upkeep
|turn|63
|
|t:|1776331366
|move|p1a: Kyurem|Substitute|p1a: Kyurem
|-start|p1a: Kyurem|Substitute
|-damage|p1a: Kyurem|3/100
|move|p2a: Politoed|Encore|p1a: Kyurem
|-start|p1a: Kyurem|Encore
|
|-weather|RainDance|[upkeep]
|-heal|p1a: Kyurem|9/100|[from] item: Leftovers
|upkeep
|turn|64
|
|t:|1776331374
|move|p1a: Kyurem|Substitute|p1a: Kyurem
|-fail|p1a: Kyurem|move: Substitute
|cant|p2a: Politoed|par
|
|-weather|RainDance|[upkeep]
|-heal|p1a: Kyurem|15/100|[from] item: Leftovers
|upkeep
|turn|65
|
|t:|1776331380
|move|p1a: Kyurem|Substitute|p1a: Kyurem
|-fail|p1a: Kyurem|move: Substitute
|move|p2a: Politoed|Weather Ball|p1a: Kyurem
|-end|p1a: Kyurem|Substitute
|
|-weather|RainDance|[upkeep]
|-heal|p1a: Kyurem|21/100|[from] item: Leftovers
|upkeep
|turn|66
|
|t:|1776331389
|switch|p1a: Clodsire|Clodsire, M|50/100
|move|p2a: Politoed|Weather Ball|p1a: Clodsire
|-supereffective|p1a: Clodsire
|-damage|p1a: Clodsire|0 fnt
|faint|p1a: Clodsire
|
|-weather|RainDance|[upkeep]
|upkeep
|
|t:|1776331397
|switch|p1a: Kyurem|Kyurem, tera:Steel|21/100
|-ability|p1a: Kyurem|Pressure
|turn|67
|
|t:|1776331400
|move|p1a: Kyurem|Protect|p1a: Kyurem
|-singleturn|p1a: Kyurem|Protect
|cant|p2a: Politoed|par
|
|-weather|RainDance|[upkeep]
|-heal|p1a: Kyurem|28/100|[from] item: Leftovers
|upkeep
|turn|68
|
|t:|1776331408
|move|p1a: Kyurem|Icicle Spear|p2a: Politoed
|-resisted|p2a: Politoed
|-damage|p2a: Politoed|60/100 par
|-resisted|p2a: Politoed
|-damage|p2a: Politoed|55/100 par
|-hitcount|p2a: Politoed|2
|move|p2a: Politoed|Perish Song|p2a: Politoed
|-start|p1a: Kyurem|perish3|[silent]
|-start|p2a: Politoed|perish3|[silent]
|-fieldactivate|move: Perish Song
|
|-weather|RainDance|[upkeep]
|-heal|p1a: Kyurem|34/100|[from] item: Leftovers
|-start|p1a: Kyurem|perish3
|-start|p2a: Politoed|perish3
|upkeep
|turn|69
|-message|mrzed03 forfeited.
|
|win|pseeeeeebsuuu
|raw|mrzed03's rating: 1329 &rarr; <strong>1308</strong><br />(-21 for losing)
|raw|pseeeeeebsuuu's rating: 1307 &rarr; <strong>1328</strong><br />(+21 for winning)
|l|☆mrzed03
|player|p1|
