|html|<div class="broadcast-blue"><strong>[Gen 9] OU is currently suspecting Tera Blast! For information on how to participate check out the <a href="https://www.smogon.com/tools/suspects/view/200">suspect thread</a>.</strong></div>
|j|☆JC2Splashy
|j|☆sleep attack
|t:|1776073485
|gametype|singles
|player|p1|JC2Splashy|101|1173
|player|p2|sleep attack|1|1167
|gen|9
|tier|[Gen 9] OU
|rated|
|rule|HP Percentage Mod: HP is shown in percentages
|rule|Endless Battle Clause: Forcing endless battles is banned
|rule|Species Clause: Limit one of each Pokémon
|rule|OHKO Clause: OHKO moves are banned
|rule|Evasion Items Clause: Evasion items are banned
|rule|Evasion Moves Clause: Evasion moves are banned
|rule|Evasion Abilities Clause: Evasion abilities are banned
|rule|Sleep Moves Clause: Sleep-inducing moves are banned
|clearpoke
|poke|p1|Hatterene, F|
|poke|p1|Tyranitar, M|
|poke|p1|Dragapult, F|
|poke|p1|Great Tusk|
|poke|p1|Enamorus, F|
|poke|p1|Kingambit, F|
|poke|p2|Kingambit, F|
|poke|p2|Corviknight, M|
|poke|p2|Dusclops, F|
|poke|p2|Kyurem|
|poke|p2|Suicune|
|poke|p2|Blissey, F|
|teampreview
|
|t:|1776073504
|teamsize|p1|6
|teamsize|p2|6
|start
|switch|p1a: Tyranitar|Tyranitar, M|100/100
|switch|p2a: Dusclops|Dusclops, F|100/100
|-weather|Sandstorm|[from] ability: Sand Stream|[of] p1a: Tyranitar
|-ability|p2a: Dusclops|Pressure
|turn|1
|
|t:|1776073514
|move|p1a: Tyranitar|Dragon Dance|p1a: Tyranitar
|-boost|p1a: Tyranitar|atk|1
|-boost|p1a: Tyranitar|spe|1
|move|p2a: Dusclops|Mean Look|p1a: Tyranitar
|-activate|p1a: Tyranitar|trapped
|
|-weather|Sandstorm|[upkeep]
|-damage|p2a: Dusclops|95/100|[from] Sandstorm
|upkeep
|turn|2
|
|t:|1776073524
|move|p1a: Tyranitar|Knock Off|p2a: Dusclops
|-supereffective|p2a: Dusclops
|-damage|p2a: Dusclops|1/100
|-enditem|p2a: Dusclops|Eviolite|[from] move: Knock Off|[of] p1a: Tyranitar
|move|p2a: Dusclops|Haze|p2a: Dusclops
|-clearallboost
|
|-weather|Sandstorm|[upkeep]
|-damage|p2a: Dusclops|0 fnt|[from] Sandstorm
|faint|p2a: Dusclops
|upkeep
|
|t:|1776073554
|switch|p2a: Corviknight|Corviknight, M|100/100
|-ability|p2a: Corviknight|Pressure
|turn|3
|
|t:|1776073592
|switch|p1a: Enamorus|Enamorus, F|100/100
|move|p2a: Corviknight|Protect||[still]
|-fail|p2a: Corviknight
|
|-weather|Sandstorm|[upkeep]
|-damage|p1a: Enamorus|94/100|[from] Sandstorm
|upkeep
|turn|4
|
|t:|1776073622
|switch|p1a: Tyranitar|Tyranitar, M|100/100
|move|p2a: Corviknight|Protect||[still]
|-fail|p2a: Corviknight
|
|-weather|Sandstorm|[upkeep]
|upkeep
|turn|5
|
|t:|1776073629
|move|p2a: Corviknight|Protect|p2a: Corviknight
|-singleturn|p2a: Corviknight|Protect
|move|p1a: Tyranitar|Dragon Dance|p1a: Tyranitar
|-boost|p1a: Tyranitar|atk|1
|-boost|p1a: Tyranitar|spe|1
|
|-weather|none
|upkeep
|turn|6
|
|t:|1776073644
|move|p1a: Tyranitar|Knock Off|p2a: Corviknight
|-damage|p2a: Corviknight|54/100
|-damage|p1a: Tyranitar|84/100|[from] item: Rocky Helmet|[of] p2a: Corviknight
|-enditem|p2a: Corviknight|Rocky Helmet|[from] move: Knock Off|[of] p1a: Tyranitar
|move|p2a: Corviknight|Roost|p2a: Corviknight
|-heal|p2a: Corviknight|100/100
|-singleturn|p2a: Corviknight|move: Roost
|
|-heal|p1a: Tyranitar|90/100|[from] item: Leftovers
|upkeep
|turn|7
|
|t:|1776073664
|move|p1a: Tyranitar|Dragon Dance|p1a: Tyranitar
|-boost|p1a: Tyranitar|atk|1
|-boost|p1a: Tyranitar|spe|1
|move|p2a: Corviknight|Spite|p1a: Tyranitar
|-activate|p1a: Tyranitar|move: Spite|Dragon Dance|4
|
|-heal|p1a: Tyranitar|96/100|[from] item: Leftovers
|upkeep
|turn|8
|
|t:|1776073674
|move|p2a: Corviknight|Protect|p2a: Corviknight
|-singleturn|p2a: Corviknight|Protect
|move|p1a: Tyranitar|Dragon Dance|p1a: Tyranitar
|-boost|p1a: Tyranitar|atk|1
|-boost|p1a: Tyranitar|spe|1
|
|-heal|p1a: Tyranitar|100/100|[from] item: Leftovers
|upkeep
|turn|9
|-message|sleep attack forfeited.
|
|win|JC2Splashy
|raw|JC2Splashy's rating: 1173 &rarr; <strong>1198</strong><br />(+25 for winning)
|raw|sleep attack's rating: 1167 &rarr; <strong>1142</strong><br />(-25 for losing)
|l|☆sleep attack
|player|p2|
|l|☆JC2Splashy
|player|p1|
