|html|<div class="broadcast-blue"><strong>[Gen 9] OU is currently suspecting Volcarona! For information on how to participate check out the <a href="https://www.smogon.com/tools/suspects/view/208">suspect thread</a>.</strong></div>
|j|☆didisseabc
|j|☆Kavu~arie
|t:|1778504497
|gametype|singles
|player|p1|didisseabc|roughneck-gen4|1095
|player|p2|Kavu~arie|miku-ice|1103
|gen|9
|tier|[Gen 9] OU
|rated|
|rule|HP Percentage Mod: HP is shown in percentages
|rule|Endless Battle Clause: Forcing endless battles is banned
|rule|Species Clause: Limit one of each Pokémon
|rule|OHKO Clause: OHKO moves are banned
|rule|Evasion Items Clause: Evasion items are banned
|rule|Evasion Moves Clause: Evasion moves are banned
|rule|Evasion Abilities Clause: Evasion abilities are banned
|rule|Sleep Moves Clause: Sleep-inducing moves are banned
|clearpoke
|poke|p1|Blissey, F|
|poke|p1|Dragapult, M|
|poke|p1|Corviknight, F|
|poke|p1|Cinderace, M|
|poke|p1|Iron Valiant|
|poke|p1|Clodsire, M|
|poke|p2|Kyurem|
|poke|p2|Mamoswine, M|
|poke|p2|Cetitan, M|
|poke|p2|Weavile, F|
|poke|p2|Articuno|
|poke|p2|Glastrier|
|teampreview
|inactive|Battle timer is ON: inactive players will automatically lose when time's up. (requested by didisseabc)
|
|t:|1778504509
|teamsize|p1|6
|teamsize|p2|6
|start
|switch|p1a: Blissey|Blissey, F, shiny|100/100
|switch|p2a: Cetitan|Cetitan, M|100/100
|turn|1
|
|t:|1778504519
|move|p2a: Cetitan|Snowscape|p2a: Cetitan
|-weather|Snowscape
|move|p1a: Blissey|Stealth Rock|p2a: Cetitan
|-sidestart|p2: Kavu~arie|move: Stealth Rock
|
|-weather|Snowscape|[upkeep]
|upkeep
|turn|2
|
|t:|1778504523
|move|p2a: Cetitan|Icicle Crash|p1a: Blissey
|-damage|p1a: Blissey|50/100
|move|p1a: Blissey|Thunder Wave|p2a: Cetitan
|-status|p2a: Cetitan|par
|
|-weather|Snowscape|[upkeep]
|upkeep
|turn|3
|
|t:|1778504551
|switch|p1a: Cinderace|Cinderace, M, shiny|100/100
|move|p2a: Cetitan|Icicle Crash|p1a: Cinderace
|-resisted|p1a: Cinderace
|-damage|p1a: Cinderace|68/100
|
|-weather|Snowscape|[upkeep]
|upkeep
|turn|4
|
|t:|1778504561
|move|p1a: Cinderace|Pyro Ball|p2a: Cetitan
|-supereffective|p2a: Cetitan
|-damage|p2a: Cetitan|27/100 par
|move|p2a: Cetitan|Liquidation|p1a: Cinderace
|-supereffective|p1a: Cinderace
|-damage|p1a: Cinderace|0 fnt
|faint|p1a: Cinderace
|
|-weather|Snowscape|[upkeep]
|upkeep
|
|t:|1778504568
|switch|p1a: Corviknight|Corviknight, F, shiny|100/100
|-ability|p1a: Corviknight|Pressure
|turn|5
|
|t:|1778504572
|move|p2a: Cetitan|Icicle Crash|p1a: Corviknight
|-damage|p1a: Corviknight|71/100
|move|p1a: Corviknight|Body Press|p2a: Cetitan
|-supereffective|p2a: Cetitan
|-damage|p2a: Cetitan|0 fnt
|faint|p2a: Cetitan
|
|-weather|none
|upkeep
|
|t:|1778504583
|switch|p2a: Weavile|Weavile, F|100/100
|-damage|p2a: Weavile|76/100|[from] Stealth Rock
|-ability|p2a: Weavile|Pressure
|turn|6
|
|t:|1778504590
|move|p2a: Weavile|Knock Off|p1a: Corviknight
|-damage|p1a: Corviknight|42/100
|-damage|p2a: Weavile|59/100|[from] item: Rocky Helmet|[of] p1a: Corviknight
|-enditem|p1a: Corviknight|Rocky Helmet|[from] move: Knock Off|[of] p2a: Weavile
|move|p1a: Corviknight|Body Press|p2a: Weavile
|-supereffective|p2a: Weavile
|-damage|p2a: Weavile|0 fnt
|faint|p2a: Weavile
|
|upkeep
|
|t:|1778504595
|switch|p2a: Mamoswine|Mamoswine, M|100/100
|-damage|p2a: Mamoswine|88/100|[from] Stealth Rock
|turn|7
|
|t:|1778504606
|move|p2a: Mamoswine|Body Press|p1a: Corviknight
|-damage|p1a: Corviknight|33/100
|move|p1a: Corviknight|Roost|p1a: Corviknight
|-heal|p1a: Corviknight|83/100
|-singleturn|p1a: Corviknight|move: Roost
|
|upkeep
|turn|8
|
|t:|1778504614
|move|p1a: Corviknight|Body Press|p2a: Mamoswine
|-supereffective|p2a: Mamoswine
|-damage|p2a: Mamoswine|28/100
|-damage|p1a: Corviknight|66/100|[from] item: Rocky Helmet|[of] p2a: Mamoswine
|move|p2a: Mamoswine|Avalanche|p1a: Corviknight
|-crit|p1a: Corviknight
|-damage|p1a: Corviknight|11/100
|
|upkeep
|turn|9
|
|t:|1778504621
|move|p2a: Mamoswine|Earthquake|p1a: Corviknight
|-immune|p1a: Corviknight
|move|p1a: Corviknight|Body Press|p2a: Mamoswine
|-supereffective|p2a: Mamoswine
|-damage|p2a: Mamoswine|0 fnt
|-damage|p1a: Corviknight|0 fnt|[from] item: Rocky Helmet|[of] p2a: Mamoswine
|faint|p2a: Mamoswine
|faint|p1a: Corviknight
|
|upkeep
|
|t:|1778504633
|switch|p2a: Articuno|Articuno|100/100
|switch|p1a: Dragapult|Dragapult, M, shiny|100/100
|-ability|p2a: Articuno|Pressure
|turn|10
|
|t:|1778504639
|move|p1a: Dragapult|Flamethrower|p2a: Articuno
|-supereffective|p2a: Articuno
|-damage|p2a: Articuno|26/100
|move|p2a: Articuno|Agility|p2a: Articuno
|-boost|p2a: Articuno|spe|2
|
|upkeep
|turn|11
|
|t:|1778504644
|move|p2a: Articuno|Ice Beam|p1a: Dragapult
|-supereffective|p1a: Dragapult
|-damage|p1a: Dragapult|0 fnt
|faint|p1a: Dragapult
|
|upkeep
|
|t:|1778504649
|switch|p1a: Blissey|Blissey, F, shiny|50/100
|turn|12
|
|t:|1778504652
|move|p2a: Articuno|Air Slash|p1a: Blissey
|-damage|p1a: Blissey|40/100
|move|p1a: Blissey|Soft-Boiled|p1a: Blissey
|-heal|p1a: Blissey|90/100
|
|upkeep
|turn|13
|
|t:|1778504657
|move|p2a: Articuno|Ancient Power|p1a: Blissey
|-damage|p1a: Blissey|85/100
|move|p1a: Blissey|Thunder Wave|p2a: Articuno
|-status|p2a: Articuno|par
|
|upkeep
|turn|14
|
|t:|1778504665
|move|p2a: Articuno|Ice Beam|p1a: Blissey
|-damage|p1a: Blissey|72/100
|move|p1a: Blissey|Seismic Toss|p2a: Articuno
|-damage|p2a: Articuno|0 fnt
|faint|p2a: Articuno
|
|upkeep
|
|t:|1778504669
|switch|p2a: Kyurem|Kyurem, shiny|100/100
|-damage|p2a: Kyurem|76/100|[from] Stealth Rock
|-ability|p2a: Kyurem|Pressure
|turn|15
|
|t:|1778504674
|move|p1a: Blissey|Thunder Wave|p2a: Kyurem
|-status|p2a: Kyurem|par
|move|p2a: Kyurem|Roar|p1a: Blissey
|drag|p1a: Clodsire|Clodsire, M, shiny|100/100
|
|upkeep
|turn|16
|
|t:|1778504687
|move|p2a: Kyurem|Ice Beam|p1a: Clodsire
|-supereffective|p1a: Clodsire
|-damage|p1a: Clodsire|46/100
|-status|p1a: Clodsire|frz
|cant|p1a: Clodsire|frz
|
|-heal|p1a: Clodsire|52/100 frz|[from] item: Leftovers
|upkeep
|turn|17
|
|t:|1778504693
|switch|p1a: Blissey|Blissey, F, shiny|72/100
|move|p2a: Kyurem|Ice Beam|p1a: Blissey
|-damage|p1a: Blissey|55/100
|
|upkeep
|turn|18
|
|t:|1778504698
|move|p1a: Blissey|Soft-Boiled|p1a: Blissey
|-heal|p1a: Blissey|100/100
|move|p2a: Kyurem|Roar|p1a: Blissey
|drag|p1a: Iron Valiant|Iron Valiant, shiny|100/100
|-enditem|p1a: Iron Valiant|Booster Energy
|-activate|p1a: Iron Valiant|ability: Quark Drive|[fromitem]
|-start|p1a: Iron Valiant|quarkdrivespe
|
|upkeep
|turn|19
|
|t:|1778504711
|move|p1a: Iron Valiant|Knock Off|p2a: Kyurem
|-damage|p2a: Kyurem|42/100 par
|-enditem|p2a: Kyurem|Wise Glasses|[from] move: Knock Off|[of] p1a: Iron Valiant
|move|p2a: Kyurem|Ice Beam|p1a: Iron Valiant
|-damage|p1a: Iron Valiant|17/100
|
|upkeep
|turn|20
|
|t:|1778504718
|move|p1a: Iron Valiant|Close Combat|p2a: Kyurem
|-supereffective|p2a: Kyurem
|-damage|p2a: Kyurem|0 fnt
|-unboost|p1a: Iron Valiant|def|1
|-unboost|p1a: Iron Valiant|spd|1
|faint|p2a: Kyurem
|
|upkeep
|
|t:|1778504723
|switch|p2a: Glastrier|Glastrier|100/100
|-damage|p2a: Glastrier|76/100|[from] Stealth Rock
|turn|21
|
|t:|1778504730
|-terastallize|p2a: Glastrier|Ground
|move|p1a: Iron Valiant|Close Combat|p2a: Glastrier
|-damage|p2a: Glastrier|37/100
|-unboost|p1a: Iron Valiant|def|1
|-unboost|p1a: Iron Valiant|spd|1
|move|p2a: Glastrier|Avalanche|p1a: Iron Valiant
|-damage|p1a: Iron Valiant|0 fnt
|faint|p1a: Iron Valiant
|-end|p1a: Iron Valiant|Quark Drive|[silent]
|-ability|p2a: Glastrier|Chilling Neigh|boost
|-boost|p2a: Glastrier|atk|1
|
|-heal|p2a: Glastrier|43/100|[from] item: Leftovers
|upkeep
|
|t:|1778504736
|switch|p1a: Clodsire|Clodsire, M, shiny|52/100 frz
|turn|22
|
|t:|1778504749
|-terastallize|p1a: Clodsire|Steel
|move|p2a: Glastrier|Swords Dance|p2a: Glastrier
|-boost|p2a: Glastrier|atk|2
|cant|p1a: Clodsire|frz
|
|-heal|p2a: Glastrier|49/100|[from] item: Leftovers
|-heal|p1a: Clodsire|59/100 frz|[from] item: Leftovers
|upkeep
|turn|23
|
|t:|1778504756
|move|p2a: Glastrier|High Horsepower|p1a: Clodsire
|-supereffective|p1a: Clodsire
|-damage|p1a: Clodsire|0 fnt
|faint|p1a: Clodsire
|-ability|p2a: Glastrier|Chilling Neigh|boost
|-boost|p2a: Glastrier|atk|1
|
|-heal|p2a: Glastrier|55/100|[from] item: Leftovers
|upkeep
|
|t:|1778504759
|switch|p1a: Blissey|Blissey, F, shiny|100/100
|turn|24
|
|t:|1778504766
|move|p1a: Blissey|Seismic Toss|p2a: Glastrier
|-damage|p2a: Glastrier|31/100
|move|p2a: Glastrier|Throat Chop|p1a: Blissey
|-damage|p1a: Blissey|6/100
|-start|p1a: Blissey|Throat Chop|[silent]
|
|-heal|p2a: Glastrier|37/100|[from] item: Leftovers
|upkeep
|turn|25
|
|t:|1778504774
|move|p1a: Blissey|Seismic Toss|p2a: Glastrier
|-damage|p2a: Glastrier|12/100
|move|p2a: Glastrier|High Horsepower|p1a: Blissey
|-damage|p1a: Blissey|0 fnt
|faint|p1a: Blissey
|
|win|Kavu~arie
|raw|didisseabc's rating: 1095 &rarr; <strong>1071</strong><br />(-24 for losing)
|raw|Kavu~arie's rating: 1103 &rarr; <strong>1127</strong><br />(+24 for winning)
|l|☆didisseabc
|player|p1|
|l|☆Kavu~arie
|player|p2|
