|html|<div class="broadcast-blue"><strong>[Gen 9] OU is currently suspecting Tera Blast! For information on how to participate check out the <a href="https://www.smogon.com/tools/suspects/view/200">suspect thread</a>.</strong></div>
|j|☆greedman456
|j|☆Princessjosie1001!
|t:|1776102627
|gametype|singles
|player|p1|greedman456|brock|1518
|player|p2|Princessjosie1001!|nurse|1497
|gen|9
|tier|[Gen 9] OU
|rated|
|rule|HP Percentage Mod: HP is shown in percentages
|rule|Endless Battle Clause: Forcing endless battles is banned
|rule|Species Clause: Limit one of each Pokémon
|rule|OHKO Clause: OHKO moves are banned
|rule|Evasion Items Clause: Evasion items are banned
|rule|Evasion Moves Clause: Evasion moves are banned
|rule|Evasion Abilities Clause: Evasion abilities are banned
|rule|Sleep Moves Clause: Sleep-inducing moves are banned
|clearpoke
|poke|p1|Great Tusk|
|poke|p1|Gholdengo|
|poke|p1|Ninetales-Alola, M|
|poke|p1|Kyurem|
|poke|p1|Scizor, M|
|poke|p1|Cloyster, M|
|poke|p2|Grimmsnarl, M|
|poke|p2|Cloyster, M|
|poke|p2|Salazzle, F|
|poke|p2|Espeon, F|
|poke|p2|Jirachi|
|poke|p2|Dragonite, M|
|teampreview
|inactive|Battle timer is ON: inactive players will automatically lose when time's up. (requested by greedman456)
|
|t:|1776102634
|teamsize|p1|6
|teamsize|p2|6
|start
|switch|p1a: Cloyster|Cloyster, M|100/100
|switch|p2a: Jirachi|Jirachi|100/100
|turn|1
|
|t:|1776102642
|move|p2a: Jirachi|Iron Head|p1a: Cloyster
|-crit|p1a: Cloyster
|-damage|p1a: Cloyster|52/100
|cant|p1a: Cloyster|flinch
|
|upkeep
|turn|2
|
|t:|1776102650
|switch|p1a: Gholdengo|Gholdengo|100/100
|move|p2a: Jirachi|Iron Head|p1a: Gholdengo
|-resisted|p1a: Gholdengo
|-damage|p1a: Gholdengo|78/100
|
|upkeep
|turn|3
|
|t:|1776102656
|move|p2a: Jirachi|Iron Head|p1a: Gholdengo
|-resisted|p1a: Gholdengo
|-damage|p1a: Gholdengo|55/100
|cant|p1a: Gholdengo|flinch
|
|upkeep
|turn|4
|
|t:|1776102661
|move|p2a: Jirachi|Iron Head|p1a: Gholdengo
|-resisted|p1a: Gholdengo
|-damage|p1a: Gholdengo|35/100
|cant|p1a: Gholdengo|flinch
|
|upkeep
|turn|5
|
|t:|1776102666
|move|p2a: Jirachi|Iron Head|p1a: Gholdengo
|-resisted|p1a: Gholdengo
|-damage|p1a: Gholdengo|14/100
|move|p1a: Gholdengo|Recover|p1a: Gholdengo
|-heal|p1a: Gholdengo|64/100
|
|upkeep
|turn|6
|
|t:|1776102674
|switch|p2a: Salazzle|Salazzle, F|100/100
|move|p1a: Gholdengo|Recover|p1a: Gholdengo
|-heal|p1a: Gholdengo|100/100
|
|upkeep
|turn|7
|
|t:|1776102688
|switch|p1a: Scizor|Scizor, M|100/100
|move|p2a: Salazzle|Flamethrower|p1a: Scizor
|-supereffective|p1a: Scizor
|-damage|p1a: Scizor|0 fnt
|faint|p1a: Scizor
|
|upkeep
|
|t:|1776102692
|switch|p1a: Ninetales|Ninetales-Alola, M|100/100
|-weather|Snowscape|[from] ability: Snow Warning|[of] p1a: Ninetales
|turn|8
|
|t:|1776102698
|switch|p2a: Grimmsnarl|Grimmsnarl, M|100/100
|move|p1a: Ninetales|Aurora Veil|p1a: Ninetales
|-sidestart|p1: greedman456|move: Aurora Veil
|
|-weather|Snowscape|[upkeep]
|upkeep
|turn|9
|
|t:|1776102705
|switch|p1a: Cloyster|Cloyster, M|52/100
|move|p2a: Grimmsnarl|Trick|p1a: Cloyster
|-activate|p2a: Grimmsnarl|move: Trick|[of] p1a: Cloyster
|-item|p1a: Cloyster|Choice Scarf|[from] move: Trick
|-item|p2a: Grimmsnarl|Never-Melt Ice|[from] move: Trick
|
|-weather|Snowscape|[upkeep]
|upkeep
|turn|10
|
|t:|1776102717
|move|p2a: Grimmsnarl|Sucker Punch|p1a: Cloyster
|-damage|p1a: Cloyster|41/100
|move|p1a: Cloyster|Icicle Spear|p2a: Grimmsnarl
|-damage|p2a: Grimmsnarl|83/100
|-damage|p2a: Grimmsnarl|67/100
|-damage|p2a: Grimmsnarl|49/100
|-damage|p2a: Grimmsnarl|32/100
|-damage|p2a: Grimmsnarl|14/100
|-hitcount|p2a: Grimmsnarl|5
|
|-weather|Snowscape|[upkeep]
|upkeep
|turn|11
|
|t:|1776102728
|move|p2a: Grimmsnarl|Sucker Punch|p1a: Cloyster
|-damage|p1a: Cloyster|30/100
|move|p1a: Cloyster|Icicle Spear|p2a: Grimmsnarl
|-damage|p2a: Grimmsnarl|0 fnt
|faint|p2a: Grimmsnarl
|-hitcount|p2: Grimmsnarl|1
|
|-weather|Snowscape|[upkeep]
|upkeep
|
|t:|1776102742
|switch|p2a: Jirachi|Jirachi|100/100
|turn|12
|
|t:|1776102749
|switch|p1a: Gholdengo|Gholdengo|100/100
|move|p2a: Jirachi|Iron Head|p1a: Gholdengo
|-resisted|p1a: Gholdengo
|-damage|p1a: Gholdengo|90/100
|
|-weather|Snowscape|[upkeep]
|-sideend|p1: greedman456|move: Aurora Veil
|upkeep
|turn|13
|
|t:|1776102756
|switch|p2a: Salazzle|Salazzle, F|100/100
|move|p1a: Gholdengo|Nasty Plot|p1a: Gholdengo
|-boost|p1a: Gholdengo|spa|2
|
|-weather|Snowscape|[upkeep]
|upkeep
|turn|14
|
|t:|1776102763
|-terastallize|p1a: Gholdengo|Fairy
|move|p2a: Salazzle|Flamethrower|p1a: Gholdengo
|-damage|p1a: Gholdengo|35/100
|move|p1a: Gholdengo|Shadow Ball|p2a: Salazzle
|-enditem|p2a: Salazzle|Focus Sash
|-damage|p2a: Salazzle|1/100
|
|-weather|Snowscape|[upkeep]
|upkeep
|turn|15
|
|t:|1776102773
|switch|p1a: Cloyster|Cloyster, M|30/100
|move|p2a: Salazzle|Flamethrower|p1a: Cloyster
|-damage|p1a: Cloyster|0 fnt
|faint|p1a: Cloyster
|
|-weather|none
|upkeep
|
|t:|1776102781
|switch|p1a: Ninetales|Ninetales-Alola, M|100/100
|-weather|Snowscape|[from] ability: Snow Warning|[of] p1a: Ninetales
|turn|16
|
|t:|1776102785
|move|p1a: Ninetales|Aurora Veil|p1a: Ninetales
|-sidestart|p1: greedman456|move: Aurora Veil
|move|p2a: Salazzle|Toxic|p1a: Ninetales
|-status|p1a: Ninetales|tox
|
|-weather|Snowscape|[upkeep]
|-damage|p1a: Ninetales|94/100 tox|[from] psn
|upkeep
|turn|17
|
|t:|1776102791
|move|p1a: Ninetales|Moonblast|p2a: Salazzle
|-resisted|p2a: Salazzle
|-damage|p2a: Salazzle|0 fnt
|faint|p2a: Salazzle
|
|-weather|Snowscape|[upkeep]
|-damage|p1a: Ninetales|82/100 tox|[from] psn
|upkeep
|
|t:|1776102804
|switch|p2a: Jirachi|Jirachi|100/100
|turn|18
|
|t:|1776102812
|switch|p1a: Gholdengo|Gholdengo, tera:Fairy|35/100
|move|p2a: Jirachi|Iron Head|p1a: Gholdengo
|-supereffective|p1a: Gholdengo
|-damage|p1a: Gholdengo|0 fnt
|faint|p1a: Gholdengo
|
|-weather|Snowscape|[upkeep]
|upkeep
|
|t:|1776102817
|switch|p1a: Great Tusk|Great Tusk|100/100
|-enditem|p1a: Great Tusk|Booster Energy
|-activate|p1a: Great Tusk|ability: Protosynthesis|[fromitem]
|-start|p1a: Great Tusk|protosynthesisspe
|turn|19
|
|t:|1776102826
|move|p1a: Great Tusk|Bulk Up|p1a: Great Tusk
|-boost|p1a: Great Tusk|atk|1
|-boost|p1a: Great Tusk|def|1
|move|p2a: Jirachi|Iron Head|p1a: Great Tusk
|-damage|p1a: Great Tusk|92/100
|
|-weather|Snowscape|[upkeep]
|upkeep
|turn|20
|
|t:|1776102835
|switch|p2a: No hazard allowed|Espeon, F|100/100
|move|p1a: Great Tusk|Bulk Up|p1a: Great Tusk
|-boost|p1a: Great Tusk|atk|1
|-boost|p1a: Great Tusk|def|1
|
|-weather|Snowscape|[upkeep]
|-sideend|p1: greedman456|move: Aurora Veil
|upkeep
|turn|21
|
|t:|1776102843
|move|p2a: No hazard allowed|Trick|p1a: Great Tusk
|-activate|p2a: No hazard allowed|move: Trick|[of] p1a: Great Tusk
|-item|p1a: Great Tusk|Choice Scarf|[from] move: Trick
|-enditem|p2a: No hazard allowed|Choice Scarf|[silent]|[from] move: Trick
|move|p1a: Great Tusk|Headlong Rush|p2a: No hazard allowed
|-damage|p2a: No hazard allowed|0 fnt
|-unboost|p1a: Great Tusk|def|1
|-unboost|p1a: Great Tusk|spd|1
|faint|p2a: No hazard allowed
|
|-weather|Snowscape|[upkeep]
|upkeep
|
|t:|1776102852
|switch|p2a: Dragonite|Dragonite, M|100/100
|turn|22
|
|t:|1776102857
|-end|p1a: Great Tusk|Protosynthesis|[silent]
|switch|p1a: Kyurem|Kyurem|100/100
|-ability|p1a: Kyurem|Pressure
|move|p2a: Dragonite|Dragon Dance|p2a: Dragonite
|-boost|p2a: Dragonite|atk|1
|-boost|p2a: Dragonite|spe|1
|
|-weather|Snowscape|[upkeep]
|upkeep
|turn|23
|
|t:|1776102865
|move|p2a: Dragonite|Dragon Claw|p1a: Kyurem
|-supereffective|p1a: Kyurem
|-damage|p1a: Kyurem|31/100
|move|p1a: Kyurem|Blizzard|p2a: Dragonite
|-supereffective|p2a: Dragonite
|-damage|p2a: Dragonite|0 fnt
|faint|p2a: Dragonite
|
|-weather|none
|upkeep
|
|t:|1776102876
|switch|p2a: Jirachi|Jirachi|100/100
|turn|24
|
|t:|1776102883
|switch|p1a: Great Tusk|Great Tusk|92/100
|move|p2a: Jirachi|Iron Head|p1a: Great Tusk
|-damage|p1a: Great Tusk|70/100
|
|upkeep
|turn|25
|
|t:|1776102888
|move|p1a: Great Tusk|Bulk Up|p1a: Great Tusk
|-boost|p1a: Great Tusk|atk|1
|-boost|p1a: Great Tusk|def|1
|move|p2a: Jirachi|Iron Head|p1a: Great Tusk
|-damage|p1a: Great Tusk|53/100
|
|upkeep
|turn|26
|
|t:|1776102897
|-end|p1a: Great Tusk|Protosynthesis|[silent]
|switch|p1a: Ninetales|Ninetales-Alola, M|82/100 tox
|-weather|Snowscape|[from] ability: Snow Warning|[of] p1a: Ninetales
|move|p2a: Jirachi|Iron Head|p1a: Ninetales
|-supereffective|p1a: Ninetales
|-damage|p1a: Ninetales|0 fnt
|faint|p1a: Ninetales
|
|-weather|Snowscape|[upkeep]
|upkeep
|
|t:|1776102903
|switch|p1a: Great Tusk|Great Tusk|53/100
|turn|27
|
|t:|1776102907
|move|p1a: Great Tusk|Headlong Rush|p2a: Jirachi
|-supereffective|p2a: Jirachi
|-damage|p2a: Jirachi|0 fnt
|-unboost|p1a: Great Tusk|def|1
|-unboost|p1a: Great Tusk|spd|1
|faint|p2a: Jirachi
|
|-weather|Snowscape|[upkeep]
|upkeep
|
|t:|1776102914
|switch|p2a: Cloyster|Cloyster, M|100/100
|turn|28
|
|t:|1776102917
|move|p1a: Great Tusk|Headlong Rush|p2a: Cloyster
|-damage|p2a: Cloyster|69/100
|-unboost|p1a: Great Tusk|def|1
|-unboost|p1a: Great Tusk|spd|1
|move|p2a: Cloyster|Shell Smash|p2a: Cloyster
|-unboost|p2a: Cloyster|def|1
|-unboost|p2a: Cloyster|spd|1
|-boost|p2a: Cloyster|atk|2
|-boost|p2a: Cloyster|spa|2
|-boost|p2a: Cloyster|spe|2
|
|-weather|Snowscape|[upkeep]
|upkeep
|turn|29
|
|t:|1776102927
|move|p2a: Cloyster|Icicle Spear|p1a: Great Tusk
|-supereffective|p1a: Great Tusk
|-damage|p1a: Great Tusk|0 fnt
|faint|p1a: Great Tusk
|-end|p1a: Great Tusk|Protosynthesis|[silent]
|-hitcount|p1: Great Tusk|1
|
|-weather|Snowscape|[upkeep]
|upkeep
|
|t:|1776102929
|switch|p1a: Kyurem|Kyurem|31/100
|-ability|p1a: Kyurem|Pressure
|turn|30
|
|t:|1776102935
|move|p2a: Cloyster|Icicle Spear|p1a: Kyurem
|-damage|p1a: Kyurem|20/100
|-damage|p1a: Kyurem|9/100
|-damage|p1a: Kyurem|0 fnt
|faint|p1a: Kyurem
|-hitcount|p1: Kyurem|3
|
|win|Princessjosie1001!
|raw|greedman456's rating: 1518 &rarr; <strong>1497</strong><br />(-21 for losing)
|raw|Princessjosie1001!'s rating: 1497 &rarr; <strong>1518</strong><br />(+21 for winning)
|l|☆Princessjosie1001!
|player|p2|
|l|☆greedman456
|player|p1|
