|html|<div class="broadcast-blue"><strong>[Gen 9] OU is currently suspecting Tera Blast! For information on how to participate check out the <a href="https://www.smogon.com/tools/suspects/view/200">suspect thread</a>.</strong></div>
|j|☆Dreilek
|j|☆xotiic312
|t:|1776101364
|gametype|singles
|player|p1|Dreilek|benga|1421
|player|p2|xotiic312|169|1444
|gen|9
|tier|[Gen 9] OU
|rated|
|rule|HP Percentage Mod: HP is shown in percentages
|rule|Endless Battle Clause: Forcing endless battles is banned
|rule|Species Clause: Limit one of each Pokémon
|rule|OHKO Clause: OHKO moves are banned
|rule|Evasion Items Clause: Evasion items are banned
|rule|Evasion Moves Clause: Evasion moves are banned
|rule|Evasion Abilities Clause: Evasion abilities are banned
|rule|Sleep Moves Clause: Sleep-inducing moves are banned
|clearpoke
|poke|p1|Torkoal, M|
|poke|p1|Great Tusk|
|poke|p1|Walking Wake|
|poke|p1|Raging Bolt|
|poke|p1|Fezandipiti, M|
|poke|p1|Cryogonal|
|poke|p2|Pecharunt|
|poke|p2|Alomomola, F|
|poke|p2|Keldeo-Resolute|
|poke|p2|Great Tusk|
|poke|p2|Scizor, F|
|poke|p2|Dragapult, M|
|teampreview
|
|t:|1776101373
|teamsize|p1|6
|teamsize|p2|6
|start
|switch|p1a: Great Tusk|Great Tusk|100/100
|switch|p2a: Great Tusk|Great Tusk|100/100
|turn|1
|
|t:|1776101380
|move|p2a: Great Tusk|Stealth Rock|p1a: Great Tusk
|-sidestart|p1: Dreilek|move: Stealth Rock
|move|p1a: Great Tusk|Stealth Rock|p2a: Great Tusk
|-sidestart|p2: xotiic312|move: Stealth Rock
|
|upkeep
|turn|2
|
|t:|1776101386
|-end|p2a: Great Tusk|Protosynthesis|[silent]
|switch|p2a: Pecharunt|Pecharunt|100/100
|-damage|p2a: Pecharunt|88/100|[from] Stealth Rock
|-item|p2a: Pecharunt|Air Balloon
|move|p1a: Great Tusk|Ice Spinner|p2a: Pecharunt
|-damage|p2a: Pecharunt|74/100
|-enditem|p2a: Pecharunt|Air Balloon
|
|upkeep
|turn|3
|
|t:|1776101394
|-end|p1a: Great Tusk|Protosynthesis|[silent]
|switch|p1a: Fezandipiti|Fezandipiti, M|100/100
|move|p2a: Pecharunt|Parting Shot|p1a: Fezandipiti
|-unboost|p1a: Fezandipiti|atk|1
|-unboost|p1a: Fezandipiti|spa|1
|
|t:|1776101402
|switch|p2a: Scizor|Scizor, F|100/100|[from] Parting Shot
|-damage|p2a: Scizor|88/100|[from] Stealth Rock
|
|upkeep
|turn|4
|
|t:|1776101411
|switch|p1a: Torkoal|Torkoal, M, shiny|100/100
|-damage|p1a: Torkoal|75/100|[from] Stealth Rock
|-weather|SunnyDay|[from] ability: Drought|[of] p1a: Torkoal
|move|p2a: Scizor|Knock Off|p1a: Torkoal
|-damage|p1a: Torkoal|42/100
|-enditem|p1a: Torkoal|Heat Rock|[from] move: Knock Off|[of] p2a: Scizor
|
|-weather|SunnyDay|[upkeep]
|upkeep
|turn|5
|
|t:|1776101419
|switch|p2a: Great Tusk|Great Tusk|100/100
|-damage|p2a: Great Tusk|98/100|[from] Stealth Rock
|-activate|p2a: Great Tusk|ability: Protosynthesis
|-start|p2a: Great Tusk|protosynthesisspe
|move|p1a: Torkoal|Will-O-Wisp|p2a: Great Tusk
|-status|p2a: Great Tusk|brn
|
|-weather|SunnyDay|[upkeep]
|-heal|p2a: Great Tusk|100/100 brn|[from] item: Leftovers
|-damage|p2a: Great Tusk|94/100 brn|[from] brn
|upkeep
|turn|6
|
|t:|1776101428
|-terastallize|p1a: Torkoal|Ghost
|move|p2a: Great Tusk|Rapid Spin|p1a: Torkoal
|-immune|p1a: Torkoal
|move|p1a: Torkoal|Overheat|p2a: Great Tusk
|-damage|p2a: Great Tusk|18/100 brn
|-unboost|p1a: Torkoal|spa|2
|
|-weather|SunnyDay|[upkeep]
|-heal|p2a: Great Tusk|24/100 brn|[from] item: Leftovers
|-damage|p2a: Great Tusk|18/100 brn|[from] brn
|upkeep
|turn|7
|
|t:|1776101453
|-end|p2a: Great Tusk|Protosynthesis|[silent]
|switch|p2a: Keldeo|Keldeo-Resolute|100/100
|-damage|p2a: Keldeo|94/100|[from] Stealth Rock
|switch|p1a: Cryogonal|Cryogonal|100/100
|
|-weather|SunnyDay|[upkeep]
|upkeep
|turn|8
|
|t:|1776101462
|move|p2a: Keldeo|Secret Sword|p1a: Cryogonal
|-supereffective|p1a: Cryogonal
|-damage|p1a: Cryogonal|0 fnt
|faint|p1a: Cryogonal
|
|-weather|SunnyDay|[upkeep]
|upkeep
|
|t:|1776101465
|switch|p1a: Fezandipiti|Fezandipiti, M|100/100
|turn|9
|
|t:|1776101471
|switch|p2a: Scizor|Scizor, F|88/100
|-damage|p2a: Scizor|76/100|[from] Stealth Rock
|move|p1a: Fezandipiti|Beat Up|p2a: Scizor
|-damage|p2a: Scizor|70/100
|-damage|p2a: Scizor|66/100
|-damage|p2a: Scizor|61/100
|-damage|p2a: Scizor|54/100
|-damage|p2a: Scizor|50/100
|-hitcount|p2a: Scizor|5
|
|-weather|SunnyDay|[upkeep]
|upkeep
|turn|10
|
|t:|1776101486
|switch|p1a: Great Tusk|Great Tusk|100/100
|-activate|p1a: Great Tusk|ability: Protosynthesis
|-start|p1a: Great Tusk|protosynthesisatk
|move|p2a: Scizor|Bullet Punch|p1a: Great Tusk
|-damage|p1a: Great Tusk|66/100
|
|-weather|SunnyDay|[upkeep]
|upkeep
|turn|11
|
|t:|1776101494
|switch|p2a: Great Tusk|Great Tusk|18/100 brn
|-damage|p2a: Great Tusk|15/100 brn|[from] Stealth Rock
|-activate|p2a: Great Tusk|ability: Protosynthesis
|-start|p2a: Great Tusk|protosynthesisspe
|move|p1a: Great Tusk|Headlong Rush|p2a: Great Tusk
|-damage|p2a: Great Tusk|0 fnt
|-unboost|p1a: Great Tusk|def|1
|-unboost|p1a: Great Tusk|spd|1
|faint|p2a: Great Tusk
|-end|p2a: Great Tusk|Protosynthesis|[silent]
|
|-weather|none
|-end|p1a: Great Tusk|Protosynthesis
|upkeep
|
|t:|1776101500
|switch|p2a: Keldeo|Keldeo-Resolute|94/100
|-damage|p2a: Keldeo|88/100|[from] Stealth Rock
|turn|12
|
|t:|1776101504
|-end|p1a: Great Tusk|Protosynthesis|[silent]
|switch|p1a: Fezandipiti|Fezandipiti, M|100/100
|move|p2a: Keldeo|Surf|p1a: Fezandipiti
|-damage|p1a: Fezandipiti|41/100
|
|upkeep
|turn|13
|
|t:|1776101513
|switch|p1a: Walking Wake|Walking Wake|100/100
|-damage|p1a: Walking Wake|88/100|[from] Stealth Rock
|move|p2a: Keldeo|Surf|p1a: Walking Wake
|-resisted|p1a: Walking Wake
|-damage|p1a: Walking Wake|69/100
|
|upkeep
|turn|14
|
|t:|1776101519
|move|p1a: Walking Wake|Flip Turn|p2a: Keldeo
|-resisted|p2a: Keldeo
|-damage|p2a: Keldeo|79/100
|
|t:|1776101525
|-end|p1a: Walking Wake|Protosynthesis|[silent]
|switch|p1a: Torkoal|Torkoal, M, shiny, tera:Ghost|42/100|[from] Flip Turn
|-damage|p1a: Torkoal|30/100|[from] Stealth Rock
|-weather|SunnyDay|[from] ability: Drought|[of] p1a: Torkoal
|move|p2a: Keldeo|Surf|p1a: Torkoal
|-damage|p1a: Torkoal|0 fnt
|faint|p1a: Torkoal
|
|-weather|SunnyDay|[upkeep]
|upkeep
|
|t:|1776101529
|switch|p1a: Raging Bolt|Raging Bolt|100/100
|-damage|p1a: Raging Bolt|88/100|[from] Stealth Rock
|-activate|p1a: Raging Bolt|ability: Protosynthesis
|-start|p1a: Raging Bolt|protosynthesisspa
|turn|15
|
|t:|1776101547
|switch|p2a: Pecharunt|Pecharunt|74/100
|-damage|p2a: Pecharunt|62/100|[from] Stealth Rock
|move|p1a: Raging Bolt|Calm Mind|p1a: Raging Bolt
|-boost|p1a: Raging Bolt|spa|1
|-boost|p1a: Raging Bolt|spd|1
|
|-weather|SunnyDay|[upkeep]
|-heal|p1a: Raging Bolt|94/100|[from] item: Leftovers
|upkeep
|turn|16
|
|t:|1776101557
|move|p1a: Raging Bolt|Dragon Pulse|p2a: Pecharunt
|-damage|p2a: Pecharunt|0 fnt
|faint|p2a: Pecharunt
|
|-weather|SunnyDay|[upkeep]
|-heal|p1a: Raging Bolt|100/100|[from] item: Leftovers
|upkeep
|
|t:|1776101570
|switch|p2a: Dragapult|Dragapult, M|100/100
|turn|17
|
|t:|1776101574
|-end|p1a: Raging Bolt|Protosynthesis|[silent]
|switch|p1a: Fezandipiti|Fezandipiti, M|41/100
|move|p2a: Dragapult|Will-O-Wisp|p1a: Fezandipiti
|-status|p1a: Fezandipiti|brn
|
|-weather|SunnyDay|[upkeep]
|-damage|p1a: Fezandipiti|35/100 brn|[from] brn
|upkeep
|turn|18
|
|t:|1776101584
|move|p2a: Dragapult|U-turn|p1a: Fezandipiti
|-resisted|p1a: Fezandipiti
|-damage|p1a: Fezandipiti|30/100 brn
|
|t:|1776101588
|switch|p2a: Scizor|Scizor, F|50/100|[from] U-turn
|-damage|p2a: Scizor|37/100|[from] Stealth Rock
|move|p1a: Fezandipiti|Roost|p1a: Fezandipiti
|-heal|p1a: Fezandipiti|80/100 brn
|-singleturn|p1a: Fezandipiti|move: Roost
|
|-weather|none
|-damage|p1a: Fezandipiti|74/100 brn|[from] brn
|upkeep
|turn|19
|
|t:|1776101602
|switch|p1a: Walking Wake|Walking Wake|69/100
|-damage|p1a: Walking Wake|57/100|[from] Stealth Rock
|move|p2a: Scizor|U-turn|p1a: Walking Wake
|-damage|p1a: Walking Wake|0 fnt
|faint|p1a: Walking Wake
|-end|p1a: Walking Wake|Protosynthesis|[silent]
|
|t:|1776101614
|switch|p2a: Dragapult|Dragapult, M|100/100|[from] U-turn
|
|upkeep
|
|t:|1776101618
|switch|p1a: Fezandipiti|Fezandipiti, M|74/100 brn
|turn|20
|
|t:|1776101626
|move|p2a: Dragapult|U-turn|p1a: Fezandipiti
|-resisted|p1a: Fezandipiti
|-damage|p1a: Fezandipiti|68/100 brn
|
|t:|1776101635
|switch|p2a: Scizor|Scizor, F|37/100|[from] U-turn
|-damage|p2a: Scizor|25/100|[from] Stealth Rock
|move|p1a: Fezandipiti|Beat Up|p2a: Scizor
|-damage|p2a: Scizor|22/100
|-damage|p2a: Scizor|20/100
|-damage|p2a: Scizor|16/100
|-hitcount|p2a: Scizor|3
|
|-damage|p1a: Fezandipiti|62/100 brn|[from] brn
|upkeep
|turn|21
|
|t:|1776101647
|switch|p1a: Great Tusk|Great Tusk|66/100
|move|p2a: Scizor|Bullet Punch|p1a: Great Tusk
|-damage|p1a: Great Tusk|31/100
|
|upkeep
|turn|22
|
|t:|1776101656
|move|p2a: Scizor|Bullet Punch|p1a: Great Tusk
|-damage|p1a: Great Tusk|0 fnt
|faint|p1a: Great Tusk
|-end|p1a: Great Tusk|Protosynthesis|[silent]
|
|upkeep
|
|t:|1776101659
|switch|p1a: Raging Bolt|Raging Bolt|100/100
|-damage|p1a: Raging Bolt|88/100|[from] Stealth Rock
|turn|23
|
|t:|1776101662
|move|p2a: Scizor|Bullet Punch|p1a: Raging Bolt
|-resisted|p1a: Raging Bolt
|-damage|p1a: Raging Bolt|66/100
|move|p1a: Raging Bolt|Thunderbolt|p2a: Scizor
|-damage|p2a: Scizor|0 fnt
|faint|p2a: Scizor
|
|-heal|p1a: Raging Bolt|72/100|[from] item: Leftovers
|upkeep
|
|t:|1776101670
|switch|p2a: Dragapult|Dragapult, M|100/100
|turn|24
|
|t:|1776101679
|-end|p1a: Raging Bolt|Protosynthesis|[silent]
|switch|p1a: Fezandipiti|Fezandipiti, M|62/100 brn
|move|p2a: Dragapult|Hex|p1a: Fezandipiti
|-damage|p1a: Fezandipiti|14/100 brn
|
|-damage|p1a: Fezandipiti|8/100 brn|[from] brn
|upkeep
|turn|25
|
|t:|1776101690
|move|p2a: Dragapult|Hex|p1a: Fezandipiti
|-damage|p1a: Fezandipiti|0 fnt
|faint|p1a: Fezandipiti
|
|upkeep
|
|t:|1776101692
|switch|p1a: Raging Bolt|Raging Bolt|72/100
|-damage|p1a: Raging Bolt|60/100|[from] Stealth Rock
|turn|26
|
|t:|1776101697
|move|p2a: Dragapult|Hex|p1a: Raging Bolt
|-damage|p1a: Raging Bolt|31/100
|move|p1a: Raging Bolt|Dragon Pulse|p2a: Dragapult
|-supereffective|p2a: Dragapult
|-damage|p2a: Dragapult|0 fnt
|faint|p2a: Dragapult
|
|-heal|p1a: Raging Bolt|37/100|[from] item: Leftovers
|upkeep
|
|t:|1776101705
|switch|p2a: Alomomola|Alomomola, F|100/100
|-damage|p2a: Alomomola|88/100|[from] Stealth Rock
|turn|27
|
|t:|1776101717
|move|p1a: Raging Bolt|Thunderbolt|p2a: Alomomola
|-supereffective|p2a: Alomomola
|-damage|p2a: Alomomola|27/100
|move|p2a: Alomomola|Mirror Coat|p1a: Raging Bolt
|-damage|p1a: Raging Bolt|0 fnt
|faint|p1a: Raging Bolt
|-end|p1a: Raging Bolt|Protosynthesis|[silent]
|
|win|xotiic312
|raw|Dreilek's rating: 1421 &rarr; <strong>1402</strong><br />(-19 for losing)
|raw|xotiic312's rating: 1444 &rarr; <strong>1463</strong><br />(+19 for winning)
|l|☆xotiic312
|player|p2|
|l|☆Dreilek
|player|p1|
