|j|☆fatfighter2
|j|☆CharninjaGamingYT
|inactive|Battle timer is ON: inactive players will automatically lose when time's up.
|t:|1776291568
|gametype|singles
|player|p1|fatfighter2|#uplxdurians|
|player|p2|CharninjaGamingYT|shadowtriad|
|gen|9
|tier|[Gen 9] OU
|rated|Tournament battle
|rule|HP Percentage Mod: HP is shown in percentages
|rule|Endless Battle Clause: Forcing endless battles is banned
|rule|Species Clause: Limit one of each Pokémon
|rule|OHKO Clause: OHKO moves are banned
|rule|Evasion Items Clause: Evasion items are banned
|rule|Evasion Moves Clause: Evasion moves are banned
|rule|Evasion Abilities Clause: Evasion abilities are banned
|rule|Sleep Moves Clause: Sleep-inducing moves are banned
|raw|<div class="infobox"><details class="readmore"><summary><strong>15 custom rules:</strong></summary> -burmy, -caterpie, -combee, -kricketot, -magikarp, -scatterbug, -sunkern, -tynamo, -typenull, -weedle, -wurmple, -cosmog, -blipbug, -snom, -wynaut</details></div>
|clearpoke
|poke|p1|Garchomp, M|
|poke|p1|Donphan, M|
|poke|p1|Misdreavus, M|
|poke|p1|Porygon-Z|
|poke|p2|Barraskewda, M|
|poke|p2|Venomoth, M|
|poke|p2|Arcanine-Hisui, F|
|poke|p2|Glimmora, M|
|teampreview
|j|*Lady Monita 
|inactive|CharninjaGamingYT also wants the timer to be on.
|
|t:|1776291586
|teamsize|p1|4
|teamsize|p2|4
|start
|switch|p1a: Garchomp|Garchomp, M|100/100
|switch|p2a: Glimmora|Glimmora, M, shiny|100/100
|turn|1
|
|t:|1776291596
|move|p1a: Garchomp|Scale Shot|p2a: Glimmora
|-damage|p2a: Glimmora|87/100
|-activate|p2a: Glimmora|ability: Toxic Debris
|-sidestart|p1: fatfighter2|move: Toxic Spikes
|-damage|p2a: Glimmora|74/100
|-activate|p2a: Glimmora|ability: Toxic Debris
|-sidestart|p1: fatfighter2|move: Toxic Spikes
|-damage|p2a: Glimmora|60/100
|-damage|p2a: Glimmora|48/100
|-damage|p2a: Glimmora|35/100
|-hitcount|p2a: Glimmora|5
|-unboost|p1a: Garchomp|def|1
|-boost|p1a: Garchomp|spe|1
|move|p2a: Glimmora|Stealth Rock|p1a: Garchomp
|-sidestart|p1: fatfighter2|move: Stealth Rock
|
|upkeep
|turn|2
|inactive|fatfighter2 has 120 seconds left.
|
|t:|1776291629
|move|p1a: Garchomp|Swords Dance|p1a: Garchomp
|-boost|p1a: Garchomp|atk|2
|move|p2a: Glimmora|Mortal Spin|p1a: Garchomp
|-resisted|p1a: Garchomp
|-damage|p1a: Garchomp|95/100
|-status|p1a: Garchomp|psn
|-damage|p2a: Glimmora|22/100|[from] ability: Rough Skin|[of] p1a: Garchomp
|
|-damage|p1a: Garchomp|83/100 psn|[from] psn
|upkeep
|turn|3
|
|t:|1776291634
|move|p1a: Garchomp|Earthquake|p2a: Glimmora
|-supereffective|p2a: Glimmora
|-damage|p2a: Glimmora|0 fnt
|faint|p2a: Glimmora
|
|-damage|p1a: Garchomp|71/100 psn|[from] psn
|upkeep
|
|t:|1776291648
|switch|p2a: Arcanine|Arcanine-Hisui, F, shiny|100/100
|turn|4
|
|t:|1776291655
|move|p2a: Arcanine|Extreme Speed|p1a: Garchomp
|-damage|p1a: Garchomp|35/100 psn
|-damage|p2a: Arcanine|88/100|[from] ability: Rough Skin|[of] p1a: Garchomp
|move|p1a: Garchomp|Earthquake|p2a: Arcanine
|-supereffective|p2a: Arcanine
|-damage|p2a: Arcanine|0 fnt
|faint|p2a: Arcanine
|
|-damage|p1a: Garchomp|23/100 psn|[from] psn
|upkeep
|
|t:|1776291665
|switch|p2a: Venomoth|Venomoth, M, shiny|100/100
|turn|5
|
|t:|1776291676
|move|p1a: Garchomp|Earthquake|p2a: Venomoth
|-damage|p2a: Venomoth|0 fnt
|faint|p2a: Venomoth
|
|-damage|p1a: Garchomp|10/100 psn|[from] psn
|upkeep
|
|t:|1776291678
|switch|p2a: Barraskewda|Barraskewda, M|100/100
|turn|6
|
|t:|1776291683
|-terastallize|p2a: Barraskewda|Fighting
|move|p1a: Garchomp|Earthquake|p2a: Barraskewda
|-damage|p2a: Barraskewda|0 fnt
|faint|p2a: Barraskewda
|
|win|fatfighter2
|n|☆fatfighter2|fatfighter2
|n|☆CharninjaGamingYT|charninjagamingyt
|n|*Lady Monita |ladymonita
