|html|<div class="broadcast-blue"><strong>[Gen 9] OU is currently suspecting Tera Blast! For information on how to participate check out the <a href="https://www.smogon.com/tools/suspects/view/200">suspect thread</a>.</strong></div>
|j|☆Dogg25hunna
|j|☆gulp1
|t:|1776076890
|gametype|singles
|player|p1|Dogg25hunna|101|1103
|player|p2|gulp1|pokemonbreeder-gen4|1084
|gen|9
|tier|[Gen 9] OU
|rated|
|rule|HP Percentage Mod: HP is shown in percentages
|rule|Endless Battle Clause: Forcing endless battles is banned
|rule|Species Clause: Limit one of each Pokémon
|rule|OHKO Clause: OHKO moves are banned
|rule|Evasion Items Clause: Evasion items are banned
|rule|Evasion Moves Clause: Evasion moves are banned
|rule|Evasion Abilities Clause: Evasion abilities are banned
|rule|Sleep Moves Clause: Sleep-inducing moves are banned
|clearpoke
|poke|p1|Gliscor, M|
|poke|p1|Heatran, M|
|poke|p1|Ogerpon-Wellspring, F|
|poke|p1|Ceruledge, M|
|poke|p1|Mandibuzz, F|
|poke|p1|Iron Moth|
|poke|p2|Snorlax, F|
|poke|p2|Serperior, M|
|poke|p2|Golurk|
|poke|p2|Lanturn, F|
|poke|p2|Ceruledge, M|
|poke|p2|Clefable, F|
|teampreview
|inactive|Battle timer is ON: inactive players will automatically lose when time's up. (requested by Dogg25hunna)
|
|t:|1776076900
|teamsize|p1|6
|teamsize|p2|6
|start
|switch|p1a: Ogerpon|Ogerpon-Wellspring, F|100/100
|switch|p2a: Clefable|Clefable, F, shiny|100/100
|turn|1
|
|t:|1776076909
|move|p1a: Ogerpon|Leech Seed|p2a: Clefable
|-start|p2a: Clefable|move: Leech Seed
|move|p2a: Clefable|Draining Kiss|p1a: Ogerpon
|-damage|p1a: Ogerpon|83/100
|
|upkeep
|turn|2
|
|t:|1776076915
|move|p1a: Ogerpon|Encore|p2a: Clefable
|-start|p2a: Clefable|Encore
|move|p2a: Clefable|Draining Kiss|p1a: Ogerpon
|-damage|p1a: Ogerpon|63/100
|
|upkeep
|turn|3
|
|t:|1776076920
|switch|p1a: Heatran|Heatran, M|100/100
|move|p2a: Clefable|Draining Kiss|p1a: Heatran
|-resisted|p1a: Heatran
|-damage|p1a: Heatran|97/100
|
|-heal|p1a: Heatran|100/100|[from] item: Leftovers
|upkeep
|turn|4
|
|t:|1776076933
|switch|p1a: Iron Moth|Iron Moth, shiny|100/100
|-enditem|p1a: Iron Moth|Booster Energy
|-activate|p1a: Iron Moth|ability: Quark Drive|[fromitem]
|-start|p1a: Iron Moth|quarkdrivespe
|switch|p2a: Golurk|Golurk, shiny|100/100
|
|-damage|p2a: Golurk|88/100|[from] item: Sticky Barb
|upkeep
|turn|5
|
|t:|1776076946
|-end|p1a: Iron Moth|Quark Drive|[silent]
|switch|p1a: Gliscor|Gliscor, M|100/100
|move|p2a: Golurk|Trick|p1a: Gliscor
|-activate|p2a: Golurk|move: Trick|[of] p1a: Gliscor
|-item|p1a: Gliscor|Sticky Barb|[from] move: Trick
|-item|p2a: Golurk|Toxic Orb|[from] move: Trick
|
|-damage|p1a: Gliscor|88/100|[from] item: Sticky Barb
|-status|p2a: Golurk|tox|[from] item: Toxic Orb
|upkeep
|turn|6
|
|t:|1776076959
|switch|p2a: Snorlax|Snorlax, F|100/100
|move|p1a: Gliscor|Earthquake|p2a: Snorlax
|-damage|p2a: Snorlax|74/100
|
|-damage|p1a: Gliscor|76/100|[from] item: Sticky Barb
|upkeep
|turn|7
|
|t:|1776076966
|move|p1a: Gliscor|Toxic|p2a: Snorlax
|-immune|p2a: Snorlax|[from] ability: Immunity
|move|p2a: Snorlax|Curse|p2a: Snorlax
|-unboost|p2a: Snorlax|spe|1
|-boost|p2a: Snorlax|atk|1
|-boost|p2a: Snorlax|def|1
|
|-damage|p1a: Gliscor|63/100|[from] item: Sticky Barb
|upkeep
|turn|8
|
|t:|1776076977
|switch|p1a: Iron Moth|Iron Moth, shiny|100/100
|move|p2a: Snorlax|Ice Punch|p1a: Iron Moth
|-resisted|p1a: Iron Moth
|-damage|p1a: Iron Moth|74/100
|
|upkeep
|turn|9
|
|t:|1776076985
|move|p1a: Iron Moth|Fiery Dance|p2a: Snorlax
|-damage|p2a: Snorlax|51/100
|move|p2a: Snorlax|Earthquake|p1a: Iron Moth
|-supereffective|p1a: Iron Moth
|-damage|p1a: Iron Moth|0 fnt
|faint|p1a: Iron Moth
|-end|p1a: Iron Moth|Quark Drive|[silent]
|
|upkeep
|
|t:|1776077000
|switch|p1a: Ogerpon|Ogerpon-Wellspring, F|63/100
|turn|10
|
|t:|1776077004
|move|p1a: Ogerpon|Ivy Cudgel|p2a: Snorlax|[anim] Ivy Cudgel Water
|-damage|p2a: Snorlax|21/100
|move|p2a: Snorlax|Rest|p2a: Snorlax
|-status|p2a: Snorlax|slp|[from] move: Rest
|-heal|p2a: Snorlax|100/100 slp|[silent]
|-enditem|p2a: Snorlax|Chesto Berry|[eat]
|-curestatus|p2a: Snorlax|slp|[msg]
|
|upkeep
|turn|11
|-message|Dogg25hunna forfeited.
|
|win|gulp1
|raw|Dogg25hunna's rating: 1103 &rarr; <strong>1077</strong><br />(-26 for losing)
|raw|gulp1's rating: 1084 &rarr; <strong>1113</strong><br />(+29 for winning)
|l|☆Dogg25hunna
|player|p1|
|l|☆gulp1
|player|p2|
