|html|<div class="broadcast-blue"><strong>[Gen 9] OU is currently suspecting Tera Blast! For information on how to participate check out the <a href="https://www.smogon.com/tools/suspects/view/200">suspect thread</a>.</strong></div>
|j|☆axeshay
|j|☆caronadoted
|t:|1776217058
|gametype|singles
|player|p1|axeshay|170|1406
|player|p2|caronadoted|winona|1408
|gen|9
|tier|[Gen 9] OU
|rated|
|rule|HP Percentage Mod: HP is shown in percentages
|rule|Endless Battle Clause: Forcing endless battles is banned
|rule|Species Clause: Limit one of each Pokémon
|rule|OHKO Clause: OHKO moves are banned
|rule|Evasion Items Clause: Evasion items are banned
|rule|Evasion Moves Clause: Evasion moves are banned
|rule|Evasion Abilities Clause: Evasion abilities are banned
|rule|Sleep Moves Clause: Sleep-inducing moves are banned
|clearpoke
|poke|p1|Ninetales, M|
|poke|p1|Walking Wake|
|poke|p1|Hatterene, F|
|poke|p1|Great Tusk|
|poke|p1|Comfey, F|
|poke|p1|Ceruledge, M|
|poke|p2|Glimmora, F|
|poke|p2|Iron Valiant|
|poke|p2|Ogerpon-Wellspring, F|
|poke|p2|Raging Bolt|
|poke|p2|Scizor, F|
|poke|p2|Zamazenta-*|
|teampreview
|inactive|Battle timer is ON: inactive players will automatically lose when time's up. (requested by caronadoted)
|inactive|axeshay also wants the timer to be on.
|inactive|axeshay has 120 seconds left.
|
|t:|1776217103
|teamsize|p1|6
|teamsize|p2|6
|start
|switch|p1a: Luisin|Great Tusk|100/100
|switch|p2a: Glimmora|Glimmora, F|100/100
|turn|1
|
|t:|1776217112
|move|p1a: Luisin|Headlong Rush|p2a: Glimmora
|-supereffective|p2a: Glimmora
|-enditem|p2a: Glimmora|Focus Sash
|-damage|p2a: Glimmora|1/100
|-unboost|p1a: Luisin|def|1
|-unboost|p1a: Luisin|spd|1
|-activate|p2a: Glimmora|ability: Toxic Debris
|-sidestart|p1: axeshay|move: Toxic Spikes
|-damage|p1a: Luisin|90/100|[from] item: Life Orb
|move|p2a: Glimmora|Mortal Spin|p1a: Luisin
|-resisted|p1a: Luisin
|-damage|p1a: Luisin|87/100
|-status|p1a: Luisin|psn
|
|-damage|p1a: Luisin|75/100 psn|[from] psn
|upkeep
|turn|2
|
|t:|1776217117
|move|p1a: Luisin|Rapid Spin|p2a: Glimmora
|-resisted|p2a: Glimmora
|-damage|p2a: Glimmora|0 fnt
|-boost|p1a: Luisin|spe|1
|-activate|p2a: Glimmora|ability: Toxic Debris
|-sidestart|p1: axeshay|move: Toxic Spikes
|-sideend|p1: axeshay|Toxic Spikes|[from] move: Rapid Spin|[of] p1a: Luisin
|faint|p2a: Glimmora
|-damage|p1a: Luisin|65/100 psn|[from] item: Life Orb
|
|-damage|p1a: Luisin|52/100 psn|[from] psn
|upkeep
|
|t:|1776217120
|switch|p2a: Ogerpon|Ogerpon-Wellspring, F|100/100
|turn|3
|
|t:|1776217130
|-end|p1a: Luisin|Protosynthesis|[silent]
|switch|p1a: Daydream|Ninetales, M, shiny|100/100
|-weather|SunnyDay|[from] ability: Drought|[of] p1a: Daydream
|move|p2a: Ogerpon|Trailblaze|p1a: Daydream
|-resisted|p1a: Daydream
|-damage|p1a: Daydream|82/100
|-boost|p2a: Ogerpon|spe|1
|
|-weather|SunnyDay|[upkeep]
|upkeep
|turn|4
|
|t:|1776217138
|-terastallize|p2a: Ogerpon|Water
|detailschange|p2a: Ogerpon|Ogerpon-Wellspring-Tera, F, tera:Water
|-ability|p2a: Ogerpon|Embody Aspect (Wellspring)|boost
|-boost|p2a: Ogerpon|spd|1
|move|p2a: Ogerpon|Ivy Cudgel|p1a: Daydream|[anim] Ivy Cudgel Water
|-supereffective|p1a: Daydream
|-damage|p1a: Daydream|0 fnt
|faint|p1a: Daydream
|
|-weather|SunnyDay|[upkeep]
|upkeep
|inactive|axeshay has 120 seconds left.
|
|t:|1776217170
|switch|p1a: Mr. Banana|Walking Wake|100/100
|-activate|p1a: Mr. Banana|ability: Protosynthesis
|-start|p1a: Mr. Banana|protosynthesisspe
|turn|5
|
|t:|1776217174
|move|p2a: Ogerpon|Play Rough|p1a: Mr. Banana
|-supereffective|p1a: Mr. Banana
|-damage|p1a: Mr. Banana|18/100
|move|p1a: Mr. Banana|Draco Meteor|p2a: Ogerpon
|-damage|p2a: Ogerpon|22/100
|-unboost|p1a: Mr. Banana|spa|2
|
|-weather|SunnyDay|[upkeep]
|upkeep
|turn|6
|
|t:|1776217191
|move|p2a: Ogerpon|Trailblaze|p1a: Mr. Banana
|-damage|p1a: Mr. Banana|0 fnt
|-boost|p2a: Ogerpon|spe|1
|faint|p1a: Mr. Banana
|-end|p1a: Mr. Banana|Protosynthesis|[silent]
|
|-weather|SunnyDay|[upkeep]
|upkeep
|inactive|axeshay has 120 seconds left.
|
|t:|1776217206
|switch|p1a: Duko|Hatterene, F, shiny|100/100
|turn|7
|inactive|axeshay has 120 seconds left.
|
|t:|1776217230
|switch|p2a: Scizor|Scizor, F|100/100
|-terastallize|p1a: Duko|Water
|move|p1a: Duko|Nuzzle|p2a: Scizor
|-damage|p2a: Scizor|95/100
|-status|p2a: Scizor|par
|
|-weather|SunnyDay|[upkeep]
|upkeep
|turn|8
|l|☆caronadoted
|inactive|caronadoted disconnected and has a minute to reconnect!
|player|p2|
|inactive|caronadoted has 30 seconds to reconnect!
|j|☆caronadoted
|inactive|caronadoted reconnected and has 115 seconds left.
|player|p2|caronadoted|winona|
|-message|axeshay forfeited.
|
|win|caronadoted
|raw|axeshay's rating: 1406 &rarr; <strong>1386</strong><br />(-20 for losing)
|raw|caronadoted's rating: 1408 &rarr; <strong>1428</strong><br />(+20 for winning)
