|html|<div class="broadcast-blue"><strong>[Gen 9] OU is currently suspecting Tera Blast! For information on how to participate check out the <a href="https://www.smogon.com/tools/suspects/view/200">suspect thread</a>.</strong></div>
|j|☆manyon
|j|☆mynasty
|t:|1776035736
|gametype|singles
|player|p1|manyon|palmer|1264
|player|p2|mynasty|170|1231
|gen|9
|tier|[Gen 9] OU
|rated|
|rule|HP Percentage Mod: HP is shown in percentages
|rule|Endless Battle Clause: Forcing endless battles is banned
|rule|Species Clause: Limit one of each Pokémon
|rule|OHKO Clause: OHKO moves are banned
|rule|Evasion Items Clause: Evasion items are banned
|rule|Evasion Moves Clause: Evasion moves are banned
|rule|Evasion Abilities Clause: Evasion abilities are banned
|rule|Sleep Moves Clause: Sleep-inducing moves are banned
|clearpoke
|poke|p1|Hatterene, F|
|poke|p1|Ursaluna, M|
|poke|p1|Porygon2|
|poke|p1|Cresselia, F|
|poke|p1|Iron Hands|
|poke|p1|Volcanion|
|poke|p2|Meowscarada, M|
|poke|p2|Ceruledge, F|
|poke|p2|Keldeo-Resolute|
|poke|p2|Glimmora, F|
|poke|p2|Corviknight, F|
|poke|p2|Sylveon, F|
|teampreview
|inactive|Battle timer is ON: inactive players will automatically lose when time's up. (requested by mynasty)
|
|t:|1776035764
|teamsize|p1|6
|teamsize|p2|6
|start
|switch|p1a: Shizuku|Hatterene, F, shiny|100/100
|switch|p2a: Meowscarada|Meowscarada, M|100/100
|turn|1
|
|t:|1776035769
|move|p2a: Meowscarada|U-turn|p1a: Shizuku
|-start|p2a: Meowscarada|typechange|Bug|[from] ability: Protean
|-damage|p1a: Shizuku|44/100
|
|t:|1776035777
|switch|p2a: Glimmora|Glimmora, F|100/100|[from] U-turn
|move|p1a: Shizuku|Trick Room|p1a: Shizuku
|-fieldstart|move: Trick Room|[of] p1a: Shizuku
|
|upkeep
|turn|2
|
|t:|1776035787
|switch|p2a: Sylveon|Sylveon, F|100/100
|move|p1a: Shizuku|Psychic Noise|p2a: Sylveon
|-damage|p2a: Sylveon|75/100
|-start|p2a: Sylveon|move: Heal Block
|
|upkeep
|turn|3
|
|t:|1776035803
|switch|p1a: Uvogin|Ursaluna, M|100/100
|move|p2a: Sylveon|Hyper Voice|p1a: Uvogin
|-damage|p1a: Uvogin|63/100
|
|-end|p2a: Sylveon|move: Heal Block
|-status|p1a: Uvogin|brn|[from] item: Flame Orb
|upkeep
|turn|4
|
|t:|1776035816
|move|p2a: Sylveon|Protect|p2a: Sylveon
|-singleturn|p2a: Sylveon|Protect
|move|p1a: Uvogin|Fire Punch|p2a: Sylveon
|-activate|p2a: Sylveon|move: Protect
|
|-heal|p2a: Sylveon|81/100|[from] item: Leftovers
|-damage|p1a: Uvogin|57/100 brn|[from] brn
|upkeep
|turn|5
|
|t:|1776035822
|switch|p2a: Glimmora|Glimmora, F|100/100
|move|p1a: Uvogin|Headlong Rush|p2a: Glimmora
|-supereffective|p2a: Glimmora
|-damage|p2a: Glimmora|0 fnt
|-unboost|p1a: Uvogin|def|1
|-unboost|p1a: Uvogin|spd|1
|-activate|p2a: Glimmora|ability: Toxic Debris
|-sidestart|p1: manyon|move: Toxic Spikes
|faint|p2a: Glimmora
|
|-damage|p1a: Uvogin|51/100 brn|[from] brn
|-fieldend|move: Trick Room
|upkeep
|
|t:|1776035829
|switch|p2a: Meowscarada|Meowscarada, M|100/100
|turn|6
|
|t:|1776035846
|switch|p1a: phinks|Iron Hands|100/100
|-status|p1a: phinks|psn
|-enditem|p1a: phinks|Booster Energy
|-activate|p1a: phinks|ability: Quark Drive|[fromitem]
|-start|p1a: phinks|quarkdriveatk
|move|p2a: Meowscarada|U-turn|p1a: phinks
|-start|p2a: Meowscarada|typechange|Bug|[from] ability: Protean
|-resisted|p1a: phinks
|-damage|p1a: phinks|84/100 psn
|
|t:|1776035857
|switch|p2a: Sylveon|Sylveon, F|81/100|[from] U-turn
|
|-heal|p2a: Sylveon|88/100|[from] item: Leftovers
|-damage|p1a: phinks|72/100 psn|[from] psn
|upkeep
|turn|7
|
|t:|1776035869
|-end|p1a: phinks|Quark Drive|[silent]
|switch|p1a: machi|Cresselia, F, shiny|100/100
|move|p2a: Sylveon|Hyper Voice|p1a: machi
|-damage|p1a: machi|77/100
|
|-heal|p2a: Sylveon|94/100|[from] item: Leftovers
|upkeep
|turn|8
|
|t:|1776035877
|switch|p2a: Corviknight|Corviknight, F|100/100
|move|p1a: machi|Trick Room|p1a: machi
|-fieldstart|move: Trick Room|[of] p1a: machi
|
|upkeep
|turn|9
|
|t:|1776035902
|switch|p1a: shalnark|Volcanion|100/100
|-status|p1a: shalnark|psn
|move|p2a: Corviknight|U-turn|p1a: shalnark
|-resisted|p1a: shalnark
|-damage|p1a: shalnark|94/100 psn
|
|t:|1776035914
|switch|p2a: Sylveon|Sylveon, F|94/100|[from] U-turn
|
|-heal|p2a: Sylveon|99/100|[from] item: Leftovers
|-damage|p1a: shalnark|82/100 psn|[from] psn
|upkeep
|turn|10
|
|t:|1776035921
|move|p1a: shalnark|Sludge Bomb|p2a: Sylveon
|-supereffective|p2a: Sylveon
|-damage|p2a: Sylveon|47/100
|move|p2a: Sylveon|Wish|p2a: Sylveon
|
|-heal|p2a: Sylveon|54/100|[from] item: Leftovers
|-damage|p1a: shalnark|70/100 psn|[from] psn
|upkeep
|turn|11
|
|t:|1776035927
|move|p2a: Sylveon|Protect|p2a: Sylveon
|-singleturn|p2a: Sylveon|Protect
|move|p1a: shalnark|Sludge Bomb|p2a: Sylveon
|-activate|p2a: Sylveon|move: Protect
|
|-heal|p2a: Sylveon|100/100|[from] move: Wish|[wisher] Sylveon
|-damage|p1a: shalnark|57/100 psn|[from] psn
|upkeep
|turn|12
|
|t:|1776035933
|switch|p2a: Keldeo|Keldeo-Resolute|100/100
|move|p1a: shalnark|Sludge Bomb|p2a: Keldeo
|-damage|p2a: Keldeo|45/100
|-status|p2a: Keldeo|psn
|
|-damage|p1a: shalnark|45/100 psn|[from] psn
|-damage|p2a: Keldeo|32/100 psn|[from] psn
|-fieldend|move: Trick Room
|upkeep
|turn|13
|inactive|manyon has 120 seconds left.
|
|t:|1776035987
|switch|p1a: Franklin|Porygon2|100/100
|-status|p1a: Franklin|psn
|-ability|p1a: Franklin|Download|boost
|-boost|p1a: Franklin|atk|1
|move|p2a: Keldeo|Secret Sword|p1a: Franklin
|-supereffective|p1a: Franklin
|-damage|p1a: Franklin|36/100 psn
|
|-damage|p2a: Keldeo|20/100 psn|[from] psn
|-damage|p1a: Franklin|24/100 psn|[from] psn
|upkeep
|turn|14
|
|t:|1776035998
|move|p2a: Keldeo|Secret Sword|p1a: Franklin
|-supereffective|p1a: Franklin
|-damage|p1a: Franklin|0 fnt
|faint|p1a: Franklin
|
|-damage|p2a: Keldeo|8/100 psn|[from] psn
|upkeep
|
|t:|1776036015
|switch|p1a: Uvogin|Ursaluna, M|51/100 brn
|turn|15
|
|t:|1776036022
|switch|p2a: Corviknight|Corviknight, F|100/100
|move|p1a: Uvogin|Protect||[still]
|-fail|p1a: Uvogin
|
|-damage|p1a: Uvogin|45/100 brn|[from] brn
|upkeep
|turn|16
|
|t:|1776036030
|move|p2a: Corviknight|Iron Head|p1a: Uvogin
|-damage|p1a: Uvogin|27/100 brn
|cant|p1a: Uvogin|flinch
|
|-damage|p1a: Uvogin|21/100 brn|[from] brn
|upkeep
|turn|17
|
|t:|1776036037
|move|p2a: Corviknight|Iron Head|p1a: Uvogin
|-damage|p1a: Uvogin|4/100 brn
|cant|p1a: Uvogin|flinch
|
|-damage|p1a: Uvogin|0 fnt|[from] brn
|faint|p1a: Uvogin
|upkeep
|inactive|manyon has 120 seconds left.
|
|t:|1776036057
|switch|p1a: machi|Cresselia, F, shiny|77/100
|turn|18
|
|t:|1776036065
|move|p2a: Corviknight|U-turn|p1a: machi
|-supereffective|p1a: machi
|-damage|p1a: machi|61/100
|
|t:|1776036081
|switch|p2a: Ceruledge|Ceruledge, F|100/100|[from] U-turn
|move|p1a: machi|Trick Room|p1a: machi
|-fieldstart|move: Trick Room|[of] p1a: machi
|
|upkeep
|turn|19
|inactive|manyon has 120 seconds left.
|
|t:|1776036105
|switch|p1a: Shizuku|Hatterene, F, shiny|44/100
|-status|p1a: Shizuku|psn
|move|p2a: Ceruledge|Poltergeist|p1a: Shizuku
|-activate|p1a: Shizuku|move: Poltergeist|Focus Sash
|-supereffective|p1a: Shizuku
|-damage|p1a: Shizuku|0 fnt
|faint|p1a: Shizuku
|
|upkeep
|
|t:|1776036107
|switch|p1a: shalnark|Volcanion|45/100 psn
|turn|20
|inactive|manyon has 120 seconds left.
|
|t:|1776036120
|move|p1a: shalnark|Flamethrower|p2a: Ceruledge
|-resisted|p2a: Ceruledge
|-damage|p2a: Ceruledge|59/100
|move|p2a: Ceruledge|Swords Dance|p2a: Ceruledge
|-boost|p2a: Ceruledge|atk|2
|
|-damage|p1a: shalnark|32/100 psn|[from] psn
|upkeep
|turn|21
|inactive|manyon has 120 seconds left.
|
|t:|1776036127
|switch|p1a: phinks|Iron Hands|72/100 psn
|-terastallize|p2a: Ceruledge|Ghost
|move|p2a: Ceruledge|Shadow Sneak|p1a: phinks
|-damage|p1a: phinks|37/100 psn
|
|-damage|p1a: phinks|24/100 psn|[from] psn
|upkeep
|turn|22
|
|t:|1776036135
|move|p2a: Ceruledge|Shadow Sneak|p1a: phinks
|-damage|p1a: phinks|0 fnt
|faint|p1a: phinks
|-end|p1a: phinks|Quark Drive|[silent]
|
|-fieldend|move: Trick Room
|upkeep
|
|t:|1776036140
|switch|p1a: shalnark|Volcanion|32/100 psn
|turn|23
|
|t:|1776036147
|move|p2a: Ceruledge|Shadow Sneak|p1a: shalnark
|-damage|p1a: shalnark|0 fnt
|faint|p1a: shalnark
|
|upkeep
|
|t:|1776036149
|switch|p1a: machi|Cresselia, F, shiny|61/100
|turn|24
|
|t:|1776036152
|move|p2a: Ceruledge|Poltergeist|p1a: machi
|-activate|p1a: machi|move: Poltergeist|Mental Herb
|-supereffective|p1a: machi
|-damage|p1a: machi|0 fnt
|faint|p1a: machi
|
|win|mynasty
|raw|manyon's rating: 1264 &rarr; <strong>1237</strong><br />(-27 for losing)
|raw|mynasty's rating: 1231 &rarr; <strong>1258</strong><br />(+27 for winning)
|l|☆manyon
|player|p1|
