|html|<div class="broadcast-blue"><strong>[Gen 9] OU is currently suspecting Tera Blast! For information on how to participate check out the <a href="https://www.smogon.com/tools/suspects/view/200">suspect thread</a>.</strong></div>
|j|☆Burner81828
|j|☆kiratheundead
|t:|1776221362
|gametype|singles
|player|p1|Burner81828|ethan|1070
|player|p2|kiratheundead|102|1082
|gen|9
|tier|[Gen 9] OU
|rated|
|rule|HP Percentage Mod: HP is shown in percentages
|rule|Endless Battle Clause: Forcing endless battles is banned
|rule|Species Clause: Limit one of each Pokémon
|rule|OHKO Clause: OHKO moves are banned
|rule|Evasion Items Clause: Evasion items are banned
|rule|Evasion Moves Clause: Evasion moves are banned
|rule|Evasion Abilities Clause: Evasion abilities are banned
|rule|Sleep Moves Clause: Sleep-inducing moves are banned
|clearpoke
|poke|p1|Dragapult, F|
|poke|p1|Hoopa-Unbound|
|poke|p1|Great Tusk|
|poke|p1|Heatran, F|
|poke|p1|Zapdos|
|poke|p1|Toxapex, F|
|poke|p2|Dragonite, M|
|poke|p2|Kyurem|
|poke|p2|Rillaboom, M|
|poke|p2|Gliscor, M|
|poke|p2|Toxapex, F|
|poke|p2|Gyarados, M|
|teampreview
|inactive|Battle timer is ON: inactive players will automatically lose when time's up. (requested by Burner81828)
|
|t:|1776221369
|teamsize|p1|6
|teamsize|p2|6
|start
|switch|p1a: Hoopa|Hoopa-Unbound|100/100
|switch|p2a: Toxapex|Toxapex, F, shiny|100/100
|turn|1
|
|t:|1776221375
|switch|p1a: Heatran|Heatran, F|100/100
|move|p2a: Toxapex|Infestation|p1a: Heatran
|-resisted|p1a: Heatran
|-crit|p1a: Heatran
|-damage|p1a: Heatran|99/100
|-activate|p1a: Heatran|move: Infestation|[of] p2a: Toxapex
|
|-heal|p1a: Heatran|100/100|[from] item: Leftovers
|-damage|p1a: Heatran|88/100|[from] move: Infestation|[partiallytrapped]
|upkeep
|turn|2
|
|t:|1776221380
|move|p1a: Heatran|Taunt|p2a: Toxapex
|-start|p2a: Toxapex|move: Taunt
|cant|p2a: Toxapex|move: Taunt|Toxic Spikes
|
|-heal|p1a: Heatran|94/100|[from] item: Leftovers
|-damage|p1a: Heatran|82/100|[from] move: Infestation|[partiallytrapped]
|upkeep
|turn|3
|
|t:|1776221385
|move|p1a: Heatran|Will-O-Wisp|p2a: Toxapex
|-status|p2a: Toxapex|brn
|move|p2a: Toxapex|Surf|p1a: Heatran
|-supereffective|p1a: Heatran
|-damage|p1a: Heatran|59/100
|
|-heal|p1a: Heatran|66/100|[from] item: Leftovers
|-damage|p2a: Toxapex|94/100 brn|[from] brn
|-damage|p1a: Heatran|53/100|[from] move: Infestation|[partiallytrapped]
|upkeep
|turn|4
|
|t:|1776221389
|move|p1a: Heatran|Earth Power|p2a: Toxapex
|-supereffective|p2a: Toxapex
|-damage|p2a: Toxapex|54/100 brn
|move|p2a: Toxapex|Surf|p1a: Heatran
|-supereffective|p1a: Heatran
|-damage|p1a: Heatran|31/100
|
|-heal|p1a: Heatran|37/100|[from] item: Leftovers
|-heal|p2a: Toxapex|60/100 brn|[from] item: Black Sludge
|-damage|p2a: Toxapex|54/100 brn|[from] brn
|-damage|p1a: Heatran|25/100|[from] move: Infestation|[partiallytrapped]
|-end|p2a: Toxapex|move: Taunt
|upkeep
|turn|5
|
|t:|1776221396
|move|p1a: Heatran|Earth Power|p2a: Toxapex
|-supereffective|p2a: Toxapex
|-damage|p2a: Toxapex|7/100 brn
|move|p2a: Toxapex|Recover|p2a: Toxapex
|-heal|p2a: Toxapex|57/100 brn
|
|-heal|p1a: Heatran|31/100|[from] item: Leftovers
|-heal|p2a: Toxapex|64/100 brn|[from] item: Black Sludge
|-damage|p2a: Toxapex|57/100 brn|[from] brn
|-damage|p1a: Heatran|18/100|[from] move: Infestation|[partiallytrapped]
|upkeep
|turn|6
|
|t:|1776221400
|move|p1a: Heatran|Taunt|p2a: Toxapex
|-start|p2a: Toxapex|move: Taunt
|cant|p2a: Toxapex|move: Taunt|Recover
|
|-heal|p1a: Heatran|25/100|[from] item: Leftovers
|-heal|p2a: Toxapex|64/100 brn|[from] item: Black Sludge
|-damage|p2a: Toxapex|57/100 brn|[from] brn
|-end|p1a: Heatran|Infestation|[partiallytrapped]
|upkeep
|turn|7
|
|t:|1776221405
|move|p1a: Heatran|Earth Power|p2a: Toxapex
|-supereffective|p2a: Toxapex
|-damage|p2a: Toxapex|15/100 brn
|-unboost|p2a: Toxapex|spd|1
|move|p2a: Toxapex|Surf|p1a: Heatran
|-supereffective|p1a: Heatran
|-crit|p1a: Heatran
|-damage|p1a: Heatran|0 fnt
|faint|p1a: Heatran
|
|-heal|p2a: Toxapex|22/100 brn|[from] item: Black Sludge
|-damage|p2a: Toxapex|15/100 brn|[from] brn
|upkeep
|
|t:|1776221413
|switch|p1a: Hoopa|Hoopa-Unbound|100/100
|turn|8
|
|t:|1776221421
|move|p1a: Hoopa|Dark Pulse|p2a: Toxapex
|-damage|p2a: Toxapex|0 fnt
|faint|p2a: Toxapex
|
|upkeep
|
|t:|1776221433
|switch|p2a: Rillaboom|Rillaboom, M|100/100
|-fieldstart|move: Grassy Terrain|[from] ability: Grassy Surge|[of] p2a: Rillaboom
|turn|9
|
|t:|1776221438
|switch|p1a: Zapdos|Zapdos|100/100
|move|p2a: Rillaboom|Knock Off|p1a: Zapdos
|-damage|p1a: Zapdos|47/100
|-enditem|p1a: Zapdos|Heavy-Duty Boots|[from] move: Knock Off|[of] p2a: Rillaboom
|
|upkeep
|turn|10
|
|t:|1776221445
|move|p1a: Zapdos|Roost|p1a: Zapdos
|-heal|p1a: Zapdos|97/100
|-singleturn|p1a: Zapdos|move: Roost
|move|p2a: Rillaboom|Knock Off|p1a: Zapdos
|-damage|p1a: Zapdos|61/100
|
|-heal|p1a: Zapdos|67/100|[from] Grassy Terrain
|upkeep
|turn|11
|
|t:|1776221455
|move|p1a: Zapdos|Hurricane|p2a: Rillaboom
|-supereffective|p2a: Rillaboom
|-damage|p2a: Rillaboom|0 fnt
|faint|p2a: Rillaboom
|
|upkeep
|
|t:|1776221469
|switch|p2a: Gyarados|Gyarados, M, shiny|100/100
|-ability|p2a: Gyarados|Intimidate|boost
|-unboost|p1a: Zapdos|atk|1
|turn|12
|
|t:|1776221479
|switch|p2a: Gliscor|Gliscor, M|100/100
|move|p1a: Zapdos|Hurricane|p2a: Gliscor
|-damage|p2a: Gliscor|31/100
|-start|p2a: Gliscor|confusion
|
|-status|p2a: Gliscor|tox|[from] item: Toxic Orb
|upkeep
|turn|13
|-message|kiratheundead forfeited.
|
|win|Burner81828
|raw|Burner81828's rating: 1070 &rarr; <strong>1101</strong><br />(+31 for winning)
|raw|kiratheundead's rating: 1082 &rarr; <strong>1059</strong><br />(-23 for losing)
|l|☆kiratheundead
|player|p2|
