|html|<div class="broadcast-blue"><strong>[Gen 9] OU is currently suspecting Tera Blast! For information on how to participate check out the <a href="https://www.smogon.com/tools/suspects/view/200">suspect thread</a>.</strong></div>
|j|☆m8n8j8j8j8
|j|☆jalim_54
|t:|1776053616
|gametype|singles
|player|p1|m8n8j8j8j8|102|1090
|player|p2|jalim_54|veteran|1080
|gen|9
|tier|[Gen 9] OU
|rated|
|rule|HP Percentage Mod: HP is shown in percentages
|rule|Endless Battle Clause: Forcing endless battles is banned
|rule|Species Clause: Limit one of each Pokémon
|rule|OHKO Clause: OHKO moves are banned
|rule|Evasion Items Clause: Evasion items are banned
|rule|Evasion Moves Clause: Evasion moves are banned
|rule|Evasion Abilities Clause: Evasion abilities are banned
|rule|Sleep Moves Clause: Sleep-inducing moves are banned
|clearpoke
|poke|p1|Kingambit, M|
|poke|p1|Alomomola, F|
|poke|p1|Weezing-Galar, M|
|poke|p1|Landorus-Therian, M|
|poke|p1|Moltres|
|poke|p1|Hoopa-Unbound|
|poke|p2|Tyranitar, M|
|poke|p2|Mimikyu, F|
|poke|p2|Garchomp, F|
|poke|p2|Lucario, M|
|poke|p2|Ceruledge, F|
|poke|p2|Walking Wake|
|teampreview
|inactive|Battle timer is ON: inactive players will automatically lose when time's up. (requested by m8n8j8j8j8)
|
|t:|1776053632
|teamsize|p1|6
|teamsize|p2|6
|start
|switch|p1a: Landorus|Landorus-Therian, M|100/100
|switch|p2a: Mimikyu|Mimikyu, F|100/100
|-ability|p1a: Landorus|Intimidate|boost
|-unboost|p2a: Mimikyu|atk|1
|turn|1
|
|t:|1776053659
|switch|p2a: Walking Wake|Walking Wake|100/100
|-enditem|p2a: Walking Wake|Booster Energy
|-activate|p2a: Walking Wake|ability: Protosynthesis|[fromitem]
|-start|p2a: Walking Wake|protosynthesisspa
|move|p1a: Landorus|U-turn|p2a: Walking Wake
|-damage|p2a: Walking Wake|69/100
|
|t:|1776053670
|switch|p1a: Hoopa|Hoopa-Unbound|100/100|[from] U-turn
|
|upkeep
|turn|2
|
|t:|1776053682
|move|p1a: Hoopa|Psychic|p2a: Walking Wake
|-damage|p2a: Walking Wake|2/100
|move|p2a: Walking Wake|Hydro Steam|p1a: Hoopa
|-damage|p1a: Hoopa|53/100
|
|upkeep
|turn|3
|
|t:|1776053689
|move|p1a: Hoopa|Psychic|p2a: Walking Wake
|-damage|p2a: Walking Wake|0 fnt
|faint|p2a: Walking Wake
|-end|p2a: Walking Wake|Protosynthesis|[silent]
|
|upkeep
|
|t:|1776053694
|switch|p2a: Mimikyu|Mimikyu, F|100/100
|turn|4
|
|t:|1776053699
|switch|p1a: Landorus|Landorus-Therian, M|100/100
|-ability|p1a: Landorus|Intimidate|boost
|-unboost|p2a: Mimikyu|atk|1
|move|p2a: Mimikyu|Draining Kiss|p1a: Landorus
|-damage|p1a: Landorus|87/100
|-damage|p2a: Mimikyu|91/100|[from] item: Life Orb
|
|-heal|p1a: Landorus|93/100|[from] item: Leftovers
|upkeep
|turn|5
|
|t:|1776053713
|switch|p2a: Garchomp|Garchomp, F|100/100
|move|p1a: Landorus|Stealth Rock|p2a: Garchomp
|-sidestart|p2: jalim_54|move: Stealth Rock
|
|-heal|p1a: Landorus|99/100|[from] item: Leftovers
|upkeep
|turn|6
|
|t:|1776053721
|switch|p1a: Weezing|Weezing-Galar, M|100/100
|move|p2a: Garchomp|Liquidation|p1a: Weezing
|-damage|p1a: Weezing|72/100
|-unboost|p1a: Weezing|def|1
|
|-heal|p1a: Weezing|78/100|[from] item: Leftovers
|upkeep
|turn|7
|
|t:|1776053747
|switch|p2a: Lucario|Lucario, M|100/100
|-damage|p2a: Lucario|98/100|[from] Stealth Rock
|move|p1a: Weezing|Will-O-Wisp|p2a: Lucario|[miss]
|-miss|p1a: Weezing|p2a: Lucario
|
|-heal|p1a: Weezing|84/100|[from] item: Leftovers
|upkeep
|turn|8
|
|t:|1776053761
|switch|p1a: Moltres|Moltres|100/100
|move|p2a: Lucario|Extreme Speed|p1a: Moltres
|-damage|p1a: Moltres|75/100
|-damage|p2a: Lucario|88/100|[from] item: Life Orb
|
|upkeep
|turn|9
|
|t:|1776053774
|switch|p2a: Garchomp|Garchomp, F|100/100
|-damage|p2a: Garchomp|94/100|[from] Stealth Rock
|move|p1a: Moltres|Fire Blast|p2a: Garchomp
|-resisted|p2a: Garchomp
|-damage|p2a: Garchomp|70/100
|-status|p2a: Garchomp|brn
|
|-damage|p2a: Garchomp|64/100 brn|[from] brn
|upkeep
|turn|10
|
|t:|1776053787
|switch|p1a: Alomomola|Alomomola, F|100/100
|move|p2a: Garchomp|Liquidation|p1a: Alomomola
|-resisted|p1a: Alomomola
|-damage|p1a: Alomomola|96/100
|
|-damage|p2a: Garchomp|58/100 brn|[from] brn
|upkeep
|turn|11
|
|t:|1776053797
|move|p2a: Garchomp|Poison Jab|p1a: Alomomola
|-damage|p1a: Alomomola|88/100
|move|p1a: Alomomola|Wish|p1a: Alomomola
|
|-damage|p2a: Garchomp|52/100 brn|[from] brn
|upkeep
|turn|12
|
|t:|1776053804
|move|p2a: Garchomp|Poison Jab|p1a: Alomomola
|-damage|p1a: Alomomola|81/100
|move|p1a: Alomomola|Flip Turn|p2a: Garchomp
|-damage|p2a: Garchomp|37/100 brn
|-damage|p1a: Alomomola|68/100|[from] ability: Rough Skin|[of] p2a: Garchomp
|-damage|p1a: Alomomola|52/100|[from] item: Rocky Helmet|[of] p2a: Garchomp
|
|t:|1776053806
|switch|p1a: Hoopa|Hoopa-Unbound|53/100|[from] Flip Turn
|
|-heal|p1a: Hoopa|100/100|[from] move: Wish|[wisher] Alomomola
|-damage|p2a: Garchomp|31/100 brn|[from] brn
|upkeep
|turn|13
|
|t:|1776053823
|move|p1a: Hoopa|Psychic|p2a: Garchomp
|-damage|p2a: Garchomp|0 fnt
|faint|p2a: Garchomp
|
|upkeep
|
|t:|1776053828
|switch|p2a: Ceruledge|Ceruledge, F|100/100
|turn|14
|
|t:|1776053839
|switch|p1a: Alomomola|Alomomola, F|85/100
|move|p2a: Ceruledge|X-Scissor|p1a: Alomomola
|-damage|p1a: Alomomola|69/100
|
|upkeep
|turn|15
|
|t:|1776053849
|move|p2a: Ceruledge|Shadow Claw|p1a: Alomomola
|-damage|p1a: Alomomola|47/100
|move|p1a: Alomomola|Wish|p1a: Alomomola
|
|upkeep
|turn|16
|
|t:|1776053855
|switch|p1a: Landorus|Landorus-Therian, M|99/100
|-ability|p1a: Landorus|Intimidate|boost
|-unboost|p2a: Ceruledge|atk|1
|move|p2a: Ceruledge|Bitter Blade|p1a: Landorus
|-damage|p1a: Landorus|64/100
|
|-heal|p1a: Landorus|100/100|[from] move: Wish|[wisher] Alomomola
|upkeep
|turn|17
|
|t:|1776053869
|move|p2a: Ceruledge|Bitter Blade|p1a: Landorus
|-damage|p1a: Landorus|67/100
|move|p1a: Landorus|Earthquake|p2a: Ceruledge
|-supereffective|p2a: Ceruledge
|-damage|p2a: Ceruledge|0 fnt
|faint|p2a: Ceruledge
|
|-heal|p1a: Landorus|73/100|[from] item: Leftovers
|upkeep
|
|t:|1776053881
|switch|p2a: Tyranitar|Tyranitar, M, shiny|100/100
|-damage|p2a: Tyranitar|88/100|[from] Stealth Rock
|-weather|Sandstorm|[from] ability: Sand Stream|[of] p2a: Tyranitar
|turn|18
|
|t:|1776053888
|move|p1a: Landorus|U-turn|p2a: Tyranitar
|-supereffective|p2a: Tyranitar
|-damage|p2a: Tyranitar|46/100
|
|t:|1776053890
|switch|p1a: Alomomola|Alomomola, F|81/100|[from] U-turn
|move|p2a: Tyranitar|Dragon Dance|p2a: Tyranitar
|-boost|p2a: Tyranitar|atk|1
|-boost|p2a: Tyranitar|spe|1
|
|-weather|Sandstorm|[upkeep]
|-damage|p1a: Alomomola|74/100|[from] Sandstorm
|upkeep
|turn|19
|
|t:|1776053911
|switch|p2a: Mimikyu|Mimikyu, F|91/100
|-damage|p2a: Mimikyu|78/100|[from] Stealth Rock
|move|p1a: Alomomola|Scald|p2a: Mimikyu
|-activate|p2a: Mimikyu|ability: Disguise
|-damage|p2a: Mimikyu|78/100
|detailschange|p2a: Mimikyu|Mimikyu-Busted, F
|-damage|p2a: Mimikyu|66/100|[from] pokemon: Mimikyu-Busted
|
|-weather|Sandstorm|[upkeep]
|-damage|p2a: Mimikyu|60/100|[from] Sandstorm
|-damage|p1a: Alomomola|68/100|[from] Sandstorm
|upkeep
|turn|20
|
|t:|1776053925
|move|p2a: Mimikyu|X-Scissor|p1a: Alomomola
|-damage|p1a: Alomomola|54/100
|-damage|p2a: Mimikyu|50/100|[from] item: Life Orb
|move|p1a: Alomomola|Flip Turn|p2a: Mimikyu
|-damage|p2a: Mimikyu|26/100
|-message|jalim_54 forfeited.
|
|win|m8n8j8j8j8
|raw|m8n8j8j8j8's rating: 1090 &rarr; <strong>1116</strong><br />(+26 for winning)
|raw|jalim_54's rating: 1080 &rarr; <strong>1059</strong><br />(-21 for losing)
|l|☆jalim_54
|player|p2|
|l|☆m8n8j8j8j8
|player|p1|
