|html|<div class="broadcast-blue"><strong>[Gen 9] OU is currently suspecting Tera Blast! For information on how to participate check out the <a href="https://www.smogon.com/tools/suspects/view/200">suspect thread</a>.</strong></div>
|j|☆meganga
|j|☆bungi goongo
|t:|1776207202
|gametype|singles
|player|p1|meganga|1|1174
|player|p2|bungi goongo|flannery|1191
|gen|9
|tier|[Gen 9] OU
|rated|
|rule|HP Percentage Mod: HP is shown in percentages
|rule|Endless Battle Clause: Forcing endless battles is banned
|rule|Species Clause: Limit one of each Pokémon
|rule|OHKO Clause: OHKO moves are banned
|rule|Evasion Items Clause: Evasion items are banned
|rule|Evasion Moves Clause: Evasion moves are banned
|rule|Evasion Abilities Clause: Evasion abilities are banned
|rule|Sleep Moves Clause: Sleep-inducing moves are banned
|clearpoke
|poke|p1|Landorus-Therian, M|
|poke|p1|Kingambit, M|
|poke|p1|Raging Bolt|
|poke|p1|Gengar, M|
|poke|p1|Skarmory, M|
|poke|p1|Incineroar, F|
|poke|p2|Torkoal, M|
|poke|p2|Great Tusk|
|poke|p2|Walking Wake|
|poke|p2|Pawmot, F|
|poke|p2|Corviknight, M|
|poke|p2|Venusaur, F|
|teampreview
|inactive|Battle timer is ON: inactive players will automatically lose when time's up. (requested by meganga)
|
|t:|1776207231
|teamsize|p1|6
|teamsize|p2|6
|start
|switch|p1a: Incineroar|Incineroar, F|100/100
|switch|p2a: Gusk|Great Tusk|100/100
|-ability|p1a: Incineroar|Intimidate|boost
|-unboost|p2a: Gusk|atk|1
|turn|1
|
|t:|1776207251
|-terastallize|p1a: Incineroar|Water
|move|p2a: Gusk|Close Combat|p1a: Incineroar
|-damage|p1a: Incineroar|74/100
|-unboost|p2a: Gusk|def|1
|-unboost|p2a: Gusk|spd|1
|move|p1a: Incineroar|Tera Blast|p2a: Gusk|[anim] Tera Blast Water
|-supereffective|p2a: Gusk
|-damage|p2a: Gusk|51/100
|
|upkeep
|turn|2
|c|☆bungi goongo|huh
|
|t:|1776207262
|-end|p2a: Gusk|Protosynthesis|[silent]
|switch|p2a: Tork|Torkoal, M|100/100
|-weather|SunnyDay|[from] ability: Drought|[of] p2a: Tork
|move|p1a: Incineroar|Parting Shot|p2a: Tork
|-unboost|p2a: Tork|atk|1
|-unboost|p2a: Tork|spa|1
|
|t:|1776207270
|switch|p1a: Landorus|Landorus-Therian, M|100/100|[from] Parting Shot
|-ability|p1a: Landorus|Intimidate|boost
|-unboost|p2a: Tork|atk|1
|
|-weather|SunnyDay|[upkeep]
|upkeep
|turn|3
|c|☆bungi goongo|that is a never before seen incineroar set
|
|t:|1776207289
|-terastallize|p2a: Tork|Flying
|move|p1a: Landorus|Stealth Rock|p2a: Tork
|-sidestart|p2: bungi goongo|move: Stealth Rock
|move|p2a: Tork|Stealth Rock|p1a: Landorus
|-sidestart|p1: meganga|move: Stealth Rock
|
|-weather|SunnyDay|[upkeep]
|upkeep
|turn|4
|
|t:|1776207300
|switch|p2a: Gusk|Great Tusk|51/100
|-damage|p2a: Gusk|48/100|[from] Stealth Rock
|-activate|p2a: Gusk|ability: Protosynthesis
|-start|p2a: Gusk|protosynthesisdef
|move|p1a: Landorus|U-turn|p2a: Gusk
|-resisted|p2a: Gusk
|-damage|p2a: Gusk|43/100
|
|t:|1776207311
|switch|p1a: Incineroar|Incineroar, F, tera:Water|74/100|[from] U-turn
|-ability|p1a: Incineroar|Intimidate|boost
|-unboost|p2a: Gusk|atk|1
|
|-weather|SunnyDay|[upkeep]
|upkeep
|turn|5
|
|t:|1776207318
|move|p2a: Gusk|Knock Off|p1a: Incineroar
|-damage|p1a: Incineroar|61/100
|-enditem|p1a: Incineroar|Heavy-Duty Boots|[from] move: Knock Off|[of] p2a: Gusk
|move|p1a: Incineroar|Tera Blast|p2a: Gusk|[anim] Tera Blast Water
|-supereffective|p2a: Gusk
|-damage|p2a: Gusk|31/100
|
|-weather|SunnyDay|[upkeep]
|upkeep
|turn|6
|
|t:|1776207328
|-end|p2a: Gusk|Protosynthesis|[silent]
|switch|p2a: Venusaur|Venusaur, F, shiny|100/100
|-damage|p2a: Venusaur|88/100|[from] Stealth Rock
|move|p1a: Incineroar|Parting Shot|p2a: Venusaur
|-unboost|p2a: Venusaur|atk|1
|-unboost|p2a: Venusaur|spa|1
|c|☆bungi goongo|magical set
|
|t:|1776207341
|switch|p1a: Skarmory|Skarmory, M, shiny|100/100|[from] Parting Shot
|-damage|p1a: Skarmory|88/100|[from] Stealth Rock
|
|-weather|SunnyDay|[upkeep]
|-heal|p2a: Venusaur|94/100|[from] item: Leftovers
|-heal|p1a: Skarmory|94/100|[from] item: Leftovers
|upkeep
|turn|7
|
|t:|1776207359
|move|p2a: Venusaur|Growth|p2a: Venusaur
|-boost|p2a: Venusaur|atk|2
|-boost|p2a: Venusaur|spa|2
|move|p1a: Skarmory|Spikes|p2a: Venusaur
|-sidestart|p2: bungi goongo|Spikes
|
|-weather|SunnyDay|[upkeep]
|-heal|p2a: Venusaur|99/100|[from] item: Leftovers
|-heal|p1a: Skarmory|99/100|[from] item: Leftovers
|upkeep
|turn|8
|
|t:|1776207369
|move|p2a: Venusaur|Weather Ball|p1a: Skarmory
|-supereffective|p1a: Skarmory
|-damage|p1a: Skarmory|0 fnt
|faint|p1a: Skarmory
|
|-weather|SunnyDay|[upkeep]
|-heal|p2a: Venusaur|100/100|[from] item: Leftovers
|upkeep
|
|t:|1776207382
|switch|p1a: Landorus|Landorus-Therian, M|100/100
|-ability|p1a: Landorus|Intimidate|boost
|-unboost|p2a: Venusaur|atk|1
|turn|9
|
|t:|1776207391
|move|p2a: Venusaur|Growth|p2a: Venusaur
|-boost|p2a: Venusaur|atk|2
|-boost|p2a: Venusaur|spa|2
|move|p1a: Landorus|Earthquake|p2a: Venusaur
|-damage|p2a: Venusaur|39/100
|
|-weather|none
|-heal|p2a: Venusaur|45/100|[from] item: Leftovers
|upkeep
|turn|10
|
|t:|1776207398
|move|p2a: Venusaur|Energy Ball|p1a: Landorus
|-damage|p1a: Landorus|0 fnt
|faint|p1a: Landorus
|
|-heal|p2a: Venusaur|51/100|[from] item: Leftovers
|upkeep
|
|t:|1776207407
|switch|p1a: Incineroar|Incineroar, F, tera:Water|61/100
|-damage|p1a: Incineroar|49/100|[from] Stealth Rock
|-ability|p1a: Incineroar|Intimidate|boost
|-unboost|p2a: Venusaur|atk|1
|turn|11
|
|t:|1776207412
|move|p2a: Venusaur|Energy Ball|p1a: Incineroar
|-supereffective|p1a: Incineroar
|-damage|p1a: Incineroar|0 fnt
|faint|p1a: Incineroar
|
|-heal|p2a: Venusaur|57/100|[from] item: Leftovers
|upkeep
|
|t:|1776207416
|switch|p1a: Gengar|Gengar, M, shiny|100/100
|-damage|p1a: Gengar|88/100|[from] Stealth Rock
|turn|12
|
|t:|1776207428
|switch|p2a: Tork|Torkoal, M, tera:Flying|100/100
|-damage|p2a: Tork|76/100|[from] Stealth Rock
|-weather|SunnyDay|[from] ability: Drought|[of] p2a: Tork
|move|p1a: Gengar|Shadow Ball|p2a: Tork
|-damage|p2a: Tork|7/100
|-damage|p1a: Gengar|78/100|[from] item: Life Orb
|
|-weather|SunnyDay|[upkeep]
|upkeep
|turn|13
|
|t:|1776207444
|move|p1a: Gengar|Shadow Ball|p2a: Tork
|-damage|p2a: Tork|0 fnt
|faint|p2a: Tork
|-damage|p1a: Gengar|68/100|[from] item: Life Orb
|
|-weather|SunnyDay|[upkeep]
|upkeep
|
|t:|1776207448
|switch|p2a: Cont|Corviknight, M|100/100
|-damage|p2a: Cont|88/100|[from] Stealth Rock
|-ability|p2a: Cont|Pressure
|turn|14
|
|t:|1776207459
|switch|p1a: Raging Bolt|Raging Bolt|100/100
|-damage|p1a: Raging Bolt|88/100|[from] Stealth Rock
|-activate|p1a: Raging Bolt|ability: Protosynthesis
|-start|p1a: Raging Bolt|protosynthesisspa
|move|p2a: Cont|Defog|p1a: Raging Bolt
|-unboost|p1a: Raging Bolt|evasion|1
|-sideend|p1: meganga|Stealth Rock|[from] move: Defog|[of] p2a: Cont
|-sideend|p2: bungi goongo|Spikes|[from] move: Defog|[of] p2a: Cont
|-sideend|p2: bungi goongo|Stealth Rock|[from] move: Defog|[of] p2a: Cont
|
|-weather|SunnyDay|[upkeep]
|-heal|p1a: Raging Bolt|94/100|[from] item: Leftovers
|upkeep
|turn|15
|
|t:|1776207468
|move|p1a: Raging Bolt|Calm Mind|p1a: Raging Bolt
|-boost|p1a: Raging Bolt|spa|1
|-boost|p1a: Raging Bolt|spd|1
|move|p2a: Cont|Light Screen|p2a: Cont
|-sidestart|p2: bungi goongo|move: Light Screen
|
|-weather|SunnyDay|[upkeep]
|-heal|p1a: Raging Bolt|100/100|[from] item: Leftovers
|upkeep
|turn|16
|
|t:|1776207476
|switch|p2a: Gusk|Great Tusk|31/100
|-activate|p2a: Gusk|ability: Protosynthesis
|-start|p2a: Gusk|protosynthesisdef
|move|p1a: Raging Bolt|Calm Mind|p1a: Raging Bolt
|-boost|p1a: Raging Bolt|spa|1
|-boost|p1a: Raging Bolt|spd|1
|
|-weather|SunnyDay|[upkeep]
|upkeep
|turn|17
|
|t:|1776207485
|move|p2a: Gusk|Earthquake|p1a: Raging Bolt
|-supereffective|p1a: Raging Bolt
|-crit|p1a: Raging Bolt
|-damage|p1a: Raging Bolt|1/100
|move|p1a: Raging Bolt|Draco Meteor|p2a: Gusk
|-damage|p2a: Gusk|0 fnt
|-unboost|p1a: Raging Bolt|spa|2
|faint|p2a: Gusk
|-end|p2a: Gusk|Protosynthesis|[silent]
|
|-weather|SunnyDay|[upkeep]
|-heal|p1a: Raging Bolt|7/100|[from] item: Leftovers
|upkeep
|
|t:|1776207491
|switch|p2a: Walke|Walking Wake|100/100
|-activate|p2a: Walke|ability: Protosynthesis
|-start|p2a: Walke|protosynthesisspe
|turn|18
|
|t:|1776207495
|move|p2a: Walke|Dragon Pulse|p1a: Raging Bolt
|-supereffective|p1a: Raging Bolt
|-damage|p1a: Raging Bolt|0 fnt
|faint|p1a: Raging Bolt
|-end|p1a: Raging Bolt|Protosynthesis|[silent]
|
|-weather|SunnyDay|[upkeep]
|upkeep
|
|t:|1776207501
|switch|p1a: Gengar|Gengar, M, shiny|68/100
|turn|19
|
|t:|1776207507
|move|p2a: Walke|Hydro Steam|p1a: Gengar
|-damage|p1a: Gengar|0 fnt
|faint|p1a: Gengar
|
|-weather|none
|-end|p2a: Walke|Protosynthesis
|-sideend|p2: bungi goongo|move: Light Screen
|upkeep
|
|t:|1776207510
|switch|p1a: Kingambit|Kingambit, M|100/100
|-activate|p1a: Kingambit|ability: Supreme Overlord
|-start|p1a: Kingambit|fallen5|[silent]
|turn|20
|
|t:|1776207521
|-end|p2a: Walke|Protosynthesis|[silent]
|switch|p2a: Cont|Corviknight, M|88/100
|-ability|p2a: Cont|Pressure
|move|p1a: Kingambit|Swords Dance|p1a: Kingambit
|-boost|p1a: Kingambit|atk|2
|
|upkeep
|turn|21
|
|t:|1776207533
|switch|p2a: Pot|Pawmot, F|100/100
|move|p1a: Kingambit|Kowtow Cleave|p2a: Pot
|-resisted|p2a: Pot
|-enditem|p2a: Pot|Focus Sash
|-damage|p2a: Pot|1/100
|
|upkeep
|turn|22
|
|t:|1776207541
|move|p1a: Kingambit|Sucker Punch||[still]
|-fail|p1a: Kingambit
|move|p2a: Pot|Revival Blessing|p2a: Pot
|
|t:|1776207553
|-heal|p2: Tork|50/100|[from] move: Revival Blessing
|
|upkeep
|turn|23
|
|t:|1776207560
|move|p1a: Kingambit|Sucker Punch|p2a: Pot
|-resisted|p2a: Pot
|-damage|p2a: Pot|0 fnt
|faint|p2a: Pot
|
|upkeep
|
|t:|1776207562
|switch|p2a: Tork|Torkoal, M|50/100
|-weather|SunnyDay|[from] ability: Drought|[of] p2a: Tork
|turn|24
|
|t:|1776207572
|move|p1a: Kingambit|Sucker Punch|p2a: Tork
|-damage|p2a: Tork|0 fnt
|faint|p2a: Tork
|
|-weather|SunnyDay|[upkeep]
|upkeep
|
|t:|1776207574
|switch|p2a: Walke|Walking Wake|100/100
|-activate|p2a: Walke|ability: Protosynthesis
|-start|p2a: Walke|protosynthesisspe
|turn|25
|
|t:|1776207580
|move|p1a: Kingambit|Sucker Punch|p2a: Walke
|-damage|p2a: Walke|0 fnt
|faint|p2a: Walke
|-end|p2a: Walke|Protosynthesis|[silent]
|
|-weather|SunnyDay|[upkeep]
|upkeep
|
|t:|1776207592
|switch|p2a: Venusaur|Venusaur, F, shiny|57/100
|turn|26
|
|t:|1776207599
|move|p2a: Venusaur|Growth|p2a: Venusaur
|-boost|p2a: Venusaur|atk|2
|-boost|p2a: Venusaur|spa|2
|move|p1a: Kingambit|Kowtow Cleave|p2a: Venusaur
|-damage|p2a: Venusaur|0 fnt
|faint|p2a: Venusaur
|
|-weather|SunnyDay|[upkeep]
|upkeep
|-message|bungi goongo forfeited.
|
|win|meganga
|raw|meganga's rating: 1174 &rarr; <strong>1200</strong><br />(+26 for winning)
|raw|bungi goongo's rating: 1191 &rarr; <strong>1165</strong><br />(-26 for losing)
|l|☆bungi goongo
|player|p2|
|c|☆meganga|AHHAHAHAHA
|c|☆meganga|EZ
