|html|<div class="broadcast-blue"><strong>[Gen 9] OU is currently suspecting Tera Blast! For information on how to participate check out the <a href="https://www.smogon.com/tools/suspects/view/200">suspect thread</a>.</strong></div>
|j|‽blooflazh
|j|☆Eilloa
|t:|1776055263
|gametype|singles
|player|p1|blooflazh|rood|1131
|player|p2|Eilloa|hilbert-wonderlauncher|1082
|gen|9
|tier|[Gen 9] OU
|rated|
|rule|HP Percentage Mod: HP is shown in percentages
|rule|Endless Battle Clause: Forcing endless battles is banned
|rule|Species Clause: Limit one of each Pokémon
|rule|OHKO Clause: OHKO moves are banned
|rule|Evasion Items Clause: Evasion items are banned
|rule|Evasion Moves Clause: Evasion moves are banned
|rule|Evasion Abilities Clause: Evasion abilities are banned
|rule|Sleep Moves Clause: Sleep-inducing moves are banned
|clearpoke
|poke|p1|Blaziken, M|
|poke|p1|Zapdos|
|poke|p1|Salamence, F|
|poke|p1|Mew|
|poke|p1|Cryogonal|
|poke|p1|Scizor, M|
|poke|p2|Metagross|
|poke|p2|Quaquaval, M|
|poke|p2|Cinderace, F|
|poke|p2|Breloom, F|
|poke|p2|Gliscor, F|
|poke|p2|Hatterene, F|
|teampreview
|
|t:|1776055273
|teamsize|p1|6
|teamsize|p2|6
|start
|switch|p1a: Cryogonal|Cryogonal|100/100
|switch|p2a: Cinderace|Cinderace, F|100/100
|turn|1
|
|t:|1776055280
|switch|p1a: Salamence|Salamence, F|100/100
|-ability|p1a: Salamence|Intimidate|boost
|-unboost|p2a: Cinderace|atk|1
|move|p2a: Cinderace|Pyro Ball|p1a: Salamence
|-resisted|p1a: Salamence
|-damage|p1a: Salamence|79/100
|
|upkeep
|turn|2
|
|t:|1776055289
|move|p2a: Cinderace|U-turn|p1a: Salamence
|-resisted|p1a: Salamence
|-damage|p1a: Salamence|69/100
|
|t:|1776055293
|switch|p2a: Hatterene|Hatterene, F|100/100|[from] U-turn
|move|p1a: Salamence|Dragon Dance|p1a: Salamence
|-boost|p1a: Salamence|atk|1
|-boost|p1a: Salamence|spe|1
|
|upkeep
|turn|3
|
|t:|1776055303
|move|p1a: Salamence|Iron Head|p2a: Hatterene
|-supereffective|p2a: Hatterene
|-enditem|p2a: Hatterene|Focus Sash
|-damage|p2a: Hatterene|1/100
|move|p2a: Hatterene|Draining Kiss|p1a: Salamence
|-supereffective|p1a: Salamence
|-damage|p1a: Salamence|0 fnt
|-heal|p2a: Hatterene|55/100|[from] drain|[of] p1a: Salamence
|faint|p1a: Salamence
|
|upkeep
|
|t:|1776055312
|switch|p1a: Mew|Mew|100/100
|turn|4
|
|t:|1776055315
|move|p1a: Mew|Dragon Dance|p1a: Mew
|-boost|p1a: Mew|atk|1
|-boost|p1a: Mew|spe|1
|move|p2a: Hatterene|Calm Mind|p2a: Hatterene
|-boost|p2a: Hatterene|spa|1
|-boost|p2a: Hatterene|spd|1
|
|upkeep
|turn|5
|
|t:|1776055323
|move|p1a: Mew|Iron Head|p2a: Hatterene
|-supereffective|p2a: Hatterene
|-damage|p2a: Hatterene|0 fnt
|faint|p2a: Hatterene
|
|upkeep
|
|t:|1776055328
|switch|p2a: Gliscor|Gliscor, F|100/100
|turn|6
|
|t:|1776055334
|-terastallize|p1a: Mew|Ground
|move|p1a: Mew|Dragon Dance|p1a: Mew
|-boost|p1a: Mew|atk|1
|-boost|p1a: Mew|spe|1
|move|p2a: Gliscor|Toxic|p1a: Mew
|-status|p1a: Mew|tox
|-activate|p1a: Mew|ability: Synchronize
|-status|p2a: Gliscor|tox
|
|-damage|p1a: Mew|94/100 tox|[from] psn
|upkeep
|turn|7
|
|t:|1776055347
|move|p2a: Gliscor|Protect|p2a: Gliscor
|-singleturn|p2a: Gliscor|Protect
|move|p1a: Mew|Ice Spinner|p2a: Gliscor
|-activate|p2a: Gliscor|move: Protect
|
|-heal|p1a: Mew|100/100 tox|[from] item: Leftovers
|-damage|p1a: Mew|88/100 tox|[from] psn
|upkeep
|turn|8
|inactive|Battle timer is ON: inactive players will automatically lose when time's up. (requested by blooflazh)
|
|t:|1776055358
|switch|p2a: Quaquaval|Quaquaval, M|100/100
|move|p1a: Mew|Ice Spinner|p2a: Quaquaval
|-resisted|p2a: Quaquaval
|-damage|p2a: Quaquaval|70/100
|
|-heal|p1a: Mew|94/100 tox|[from] item: Leftovers
|-heal|p2a: Quaquaval|76/100|[from] item: Leftovers
|-damage|p1a: Mew|76/100 tox|[from] psn
|upkeep
|turn|9
|
|t:|1776055372
|move|p1a: Mew|Earthquake|p2a: Quaquaval
|-damage|p2a: Quaquaval|0 fnt
|faint|p2a: Quaquaval
|
|-heal|p1a: Mew|82/100 tox|[from] item: Leftovers
|-damage|p1a: Mew|57/100 tox|[from] psn
|upkeep
|
|t:|1776055376
|switch|p2a: Gliscor|Gliscor, F|100/100 tox
|turn|10
|
|t:|1776055394
|-terastallize|p2a: Gliscor|Water
|move|p1a: Mew|Dragon Dance|p1a: Mew
|-boost|p1a: Mew|atk|1
|-boost|p1a: Mew|spe|1
|move|p2a: Gliscor|Substitute|p2a: Gliscor
|-start|p2a: Gliscor|Substitute
|-damage|p2a: Gliscor|76/100 tox
|
|-heal|p1a: Mew|64/100 tox|[from] item: Leftovers
|-damage|p1a: Mew|33/100 tox|[from] psn
|-heal|p2a: Gliscor|88/100 tox|[from] ability: Poison Heal
|upkeep
|turn|11
|
|t:|1776055400
|move|p1a: Mew|Earthquake|p2a: Gliscor
|-end|p2a: Gliscor|Substitute
|move|p2a: Gliscor|Earthquake|p1a: Mew
|-damage|p1a: Mew|2/100 tox
|
|-heal|p1a: Mew|8/100 tox|[from] item: Leftovers
|-damage|p1a: Mew|0 fnt|[from] psn
|faint|p1a: Mew
|-heal|p2a: Gliscor|100/100 tox|[from] ability: Poison Heal
|upkeep
|
|t:|1776055403
|switch|p1a: Cryogonal|Cryogonal|100/100
|turn|12
|
|t:|1776055414
|move|p1a: Cryogonal|Freeze-Dry|p2a: Gliscor
|-supereffective|p2a: Gliscor
|-damage|p2a: Gliscor|41/100 tox
|move|p2a: Gliscor|Toxic|p1a: Cryogonal
|-status|p1a: Cryogonal|tox
|
|-damage|p1a: Cryogonal|94/100 tox|[from] psn
|-heal|p2a: Gliscor|54/100 tox|[from] ability: Poison Heal
|upkeep
|turn|13
|inactive|blooflazh has 120 seconds left.
|
|t:|1776055458
|switch|p2a: Metagross|Metagross, shiny|100/100
|move|p1a: Cryogonal|Freeze-Dry|p2a: Metagross
|-resisted|p2a: Metagross
|-damage|p2a: Metagross|93/100
|
|-damage|p1a: Cryogonal|82/100 tox|[from] psn
|upkeep
|turn|14
|
|t:|1776055469
|move|p1a: Cryogonal|Reflect|p1a: Cryogonal
|-sidestart|p1: blooflazh|Reflect
|move|p2a: Metagross|Psychic Fangs|p1a: Cryogonal
|-sideend|p1: blooflazh|Reflect
|-damage|p1a: Cryogonal|5/100 tox
|
|-damage|p1a: Cryogonal|0 fnt|[from] psn
|faint|p1a: Cryogonal
|upkeep
|inactive|blooflazh has 120 seconds left.
|
|t:|1776055477
|switch|p1a: Zapdos|Zapdos|100/100
|turn|15
|
|t:|1776055484
|switch|p2a: Cinderace|Cinderace, F|100/100
|move|p1a: Zapdos|Heat Wave|p2a: Cinderace
|-resisted|p2a: Cinderace
|-damage|p2a: Cinderace|68/100
|-damage|p1a: Zapdos|91/100|[from] item: Life Orb
|
|upkeep
|turn|16
|inactive|blooflazh has 120 seconds left.
|
|t:|1776055504
|move|p2a: Cinderace|Pyro Ball|p1a: Zapdos
|-damage|p1a: Zapdos|21/100
|move|p1a: Zapdos|Thunderbolt|p2a: Cinderace
|-damage|p2a: Cinderace|0 fnt
|faint|p2a: Cinderace
|-damage|p1a: Zapdos|11/100|[from] item: Life Orb
|
|upkeep
|
|t:|1776055511
|switch|p2a: Breloom|Breloom, F|100/100
|turn|17
|inactive|blooflazh has 120 seconds left.
|
|t:|1776055537
|move|p2a: Breloom|Mach Punch|p1a: Zapdos
|-resisted|p1a: Zapdos
|-damage|p1a: Zapdos|0 fnt
|-status|p2a: Breloom|par|[from] ability: Static|[of] p1a: Zapdos
|faint|p1a: Zapdos
|
|upkeep
|
|t:|1776055541
|switch|p1a: Blaziken|Blaziken, M|100/100
|turn|18
|
|t:|1776055543
|move|p1a: Blaziken|Swords Dance|p1a: Blaziken
|-boost|p1a: Blaziken|atk|2
|move|p2a: Breloom|Drain Punch|p1a: Blaziken
|-damage|p1a: Blaziken|14/100
|
|-ability|p1a: Blaziken|Speed Boost|boost
|-boost|p1a: Blaziken|spe|1
|upkeep
|turn|19
|inactive|blooflazh has 120 seconds left.
|
|t:|1776055563
|move|p2a: Breloom|Mach Punch|p1a: Blaziken
|-damage|p1a: Blaziken|0 fnt
|faint|p1a: Blaziken
|
|upkeep
|
|t:|1776055565
|switch|p1a: Scizor|Scizor, M, shiny|100/100
|turn|20
|
|t:|1776055570
|move|p1a: Scizor|Lunge|p2a: Breloom
|-damage|p2a: Breloom|41/100 par
|-unboost|p2a: Breloom|atk|1
|cant|p2a: Breloom|par
|
|upkeep
|turn|21
|inactive|blooflazh has 120 seconds left.
|
|t:|1776055618
|move|p1a: Scizor|Lunge|p2a: Breloom
|-damage|p2a: Breloom|0 fnt
|faint|p2a: Breloom
|
|upkeep
|
|t:|1776055624
|switch|p2a: Gliscor|Gliscor, F, tera:Water|54/100 tox
|turn|22
|
|t:|1776055633
|move|p2a: Gliscor|Earthquake|p1a: Scizor
|-damage|p1a: Scizor|63/100
|move|p1a: Scizor|Swords Dance|p1a: Scizor
|-boost|p1a: Scizor|atk|2
|
|-heal|p1a: Scizor|69/100|[from] item: Leftovers
|-heal|p2a: Gliscor|66/100 tox|[from] ability: Poison Heal
|upkeep
|turn|23
|
|t:|1776055639
|move|p2a: Gliscor|Substitute|p2a: Gliscor
|-start|p2a: Gliscor|Substitute
|-damage|p2a: Gliscor|41/100 tox
|move|p1a: Scizor|Trailblaze|p2a: Gliscor
|-supereffective|p2a: Gliscor
|-end|p2a: Gliscor|Substitute
|-boost|p1a: Scizor|spe|1
|
|-heal|p1a: Scizor|75/100|[from] item: Leftovers
|-heal|p2a: Gliscor|54/100 tox|[from] ability: Poison Heal
|upkeep
|turn|24
|
|t:|1776055649
|move|p2a: Gliscor|Protect|p2a: Gliscor
|-singleturn|p2a: Gliscor|Protect
|move|p1a: Scizor|Trailblaze|p2a: Gliscor
|-activate|p2a: Gliscor|move: Protect
|
|-heal|p1a: Scizor|81/100|[from] item: Leftovers
|-heal|p2a: Gliscor|66/100 tox|[from] ability: Poison Heal
|upkeep
|turn|25
|
|t:|1776055658
|move|p1a: Scizor|Trailblaze|p2a: Gliscor
|-supereffective|p2a: Gliscor
|-damage|p2a: Gliscor|0 fnt
|-boost|p1a: Scizor|spe|1
|faint|p2a: Gliscor
|
|-heal|p1a: Scizor|87/100|[from] item: Leftovers
|upkeep
|
|t:|1776055662
|switch|p2a: Metagross|Metagross, shiny|93/100
|turn|26
|
|t:|1776055673
|move|p1a: Scizor|Lunge|p2a: Metagross
|-damage|p2a: Metagross|23/100
|move|p2a: Metagross|Earthquake|p1a: Scizor
|-damage|p1a: Scizor|39/100
|
|-heal|p1a: Scizor|45/100|[from] item: Leftovers
|upkeep
|turn|27
|
|t:|1776055679
|move|p1a: Scizor|Lunge|p2a: Metagross
|-damage|p2a: Metagross|0 fnt
|faint|p2a: Metagross
|
|win|blooflazh
|raw|blooflazh's rating: 1131 &rarr; <strong>1152</strong><br />(+21 for winning)
|raw|Eilloa's rating: 1082 &rarr; <strong>1063</strong><br />(-19 for losing)
|l|‽blooflazh
|player|p1|
|l|☆Eilloa
|player|p2|
