|html|<div class="broadcast-blue"><strong>[Gen 9] OU is currently suspecting Tera Blast! For information on how to participate check out the <a href="https://www.smogon.com/tools/suspects/view/200">suspect thread</a>.</strong></div>
|j|☆eucalipto69!
|j|☆Yothas
|t:|1776042722
|gametype|singles
|player|p1|eucalipto69!|steven|1356
|player|p2|Yothas|101|1389
|gen|9
|tier|[Gen 9] OU
|rated|
|rule|HP Percentage Mod: HP is shown in percentages
|rule|Endless Battle Clause: Forcing endless battles is banned
|rule|Species Clause: Limit one of each Pokémon
|rule|OHKO Clause: OHKO moves are banned
|rule|Evasion Items Clause: Evasion items are banned
|rule|Evasion Moves Clause: Evasion moves are banned
|rule|Evasion Abilities Clause: Evasion abilities are banned
|rule|Sleep Moves Clause: Sleep-inducing moves are banned
|clearpoke
|poke|p1|Haxorus, M|
|poke|p1|Grimmsnarl, M|
|poke|p1|Great Tusk|
|poke|p1|Zapdos|
|poke|p1|Kingambit, M|
|poke|p1|Typhlosion, F|
|poke|p2|Decidueye-Hisui, M|
|poke|p2|Zapdos|
|poke|p2|Slowking-Galar, F|
|poke|p2|Iron Treads|
|poke|p2|Dondozo, F|
|poke|p2|Weavile, M|
|teampreview
|inactive|Battle timer is ON: inactive players will automatically lose when time's up. (requested by Yothas)
|
|t:|1776042731
|teamsize|p1|6
|teamsize|p2|6
|start
|switch|p1a: Zapdos|Zapdos|100/100
|switch|p2a: Slowking|Slowking-Galar, F|100/100
|turn|1
|
|t:|1776042739
|move|p1a: Zapdos|Hurricane|p2a: Slowking
|-damage|p2a: Slowking|65/100
|move|p2a: Slowking|Sludge Bomb|p1a: Zapdos
|-damage|p1a: Zapdos|67/100
|
|upkeep
|turn|2
|
|t:|1776042750
|move|p1a: Zapdos|U-turn|p2a: Slowking
|-damage|p2a: Slowking|52/100
|
|t:|1776042752
|switch|p1a: Kingambit|Kingambit, M, shiny|100/100|[from] U-turn
|-prepare|p2a: Slowking|Chilly Reception|[premajor]
|move|p2a: Slowking|Chilly Reception|p2a: Slowking
|-weather|Snowscape
|
|t:|1776042760
|switch|p2a: Decidueye|Decidueye-Hisui, M|100/100|[from] Chilly Reception
|
|-weather|Snowscape|[upkeep]
|upkeep
|turn|3
|
|t:|1776042778
|switch|p1a: Zapdos|Zapdos|67/100
|move|p2a: Decidueye|Triple Arrows|p1a: Zapdos
|-resisted|p1a: Zapdos
|-damage|p1a: Zapdos|32/100
|
|-weather|Snowscape|[upkeep]
|upkeep
|turn|4
|
|t:|1776042798
|switch|p2a: Iron Treads|Iron Treads|100/100
|move|p1a: Zapdos|Roost|p1a: Zapdos
|-heal|p1a: Zapdos|82/100
|-singleturn|p1a: Zapdos|move: Roost
|
|-weather|Snowscape|[upkeep]
|upkeep
|turn|5
|
|t:|1776042806
|switch|p1a: Great Tusk|Great Tusk|100/100
|move|p2a: Iron Treads|Knock Off|p1a: Great Tusk
|-resisted|p1a: Great Tusk
|-damage|p1a: Great Tusk|91/100
|-enditem|p1a: Great Tusk|Focus Sash|[from] move: Knock Off|[of] p2a: Iron Treads
|
|-weather|Snowscape|[upkeep]
|upkeep
|turn|6
|
|t:|1776042815
|-end|p2a: Iron Treads|Quark Drive|[silent]
|switch|p2a: Zapdos|Zapdos, shiny|100/100
|move|p1a: Great Tusk|Ice Spinner|p2a: Zapdos
|-supereffective|p2a: Zapdos
|-damage|p2a: Zapdos|63/100
|
|-weather|none
|upkeep
|turn|7
|
|t:|1776042823
|-end|p1a: Great Tusk|Protosynthesis|[silent]
|switch|p1a: Zapdos|Zapdos|82/100
|move|p2a: Zapdos|Roost|p2a: Zapdos
|-heal|p2a: Zapdos|100/100
|-singleturn|p2a: Zapdos|move: Roost
|
|upkeep
|turn|8
|
|t:|1776042830
|switch|p2a: Slowking|Slowking-Galar, F|85/100
|move|p1a: Zapdos|Discharge|p2a: Slowking
|-damage|p2a: Slowking|57/100
|
|upkeep
|turn|9
|
|t:|1776042838
|move|p1a: Zapdos|Hurricane|p2a: Slowking|[miss]
|-miss|p1a: Zapdos|p2a: Slowking
|-prepare|p2a: Slowking|Chilly Reception|[premajor]
|move|p2a: Slowking|Chilly Reception|p2a: Slowking
|-weather|Snowscape
|
|t:|1776042843
|switch|p2a: Iron Treads|Iron Treads|100/100|[from] Chilly Reception
|
|-weather|Snowscape|[upkeep]
|upkeep
|turn|10
|
|t:|1776042848
|move|p2a: Iron Treads|Stealth Rock|p1a: Zapdos
|-sidestart|p1: eucalipto69!|move: Stealth Rock
|move|p1a: Zapdos|U-turn|p2a: Iron Treads
|-resisted|p2a: Iron Treads
|-damage|p2a: Iron Treads|95/100
|
|t:|1776042850
|switch|p1a: Great Tusk|Great Tusk|91/100|[from] U-turn
|-damage|p1a: Great Tusk|88/100|[from] Stealth Rock
|
|-weather|Snowscape|[upkeep]
|-heal|p2a: Iron Treads|100/100|[from] item: Leftovers
|upkeep
|turn|11
|
|t:|1776042855
|-end|p2a: Iron Treads|Quark Drive|[silent]
|switch|p2a: Zapdos|Zapdos, shiny|100/100
|move|p1a: Great Tusk|Rapid Spin|p2a: Zapdos
|-damage|p2a: Zapdos|87/100
|-boost|p1a: Great Tusk|spe|1
|-sideend|p1: eucalipto69!|Stealth Rock|[from] move: Rapid Spin|[of] p1a: Great Tusk
|
|-weather|Snowscape|[upkeep]
|upkeep
|turn|12
|
|t:|1776042862
|-end|p1a: Great Tusk|Protosynthesis|[silent]
|switch|p1a: Zapdos|Zapdos|82/100
|move|p2a: Zapdos|Hurricane|p1a: Zapdos
|-resisted|p1a: Zapdos
|-damage|p1a: Zapdos|60/100
|
|-weather|Snowscape|[upkeep]
|upkeep
|turn|13
|
|t:|1776042869
|move|p1a: Zapdos|U-turn|p2a: Zapdos
|-resisted|p2a: Zapdos
|-damage|p2a: Zapdos|83/100
|
|t:|1776042873
|switch|p1a: Grimmsnarl|Grimmsnarl, M|100/100|[from] U-turn
|move|p2a: Zapdos|U-turn|p1a: Grimmsnarl
|-damage|p1a: Grimmsnarl|88/100
|
|t:|1776042882
|switch|p2a: Iron Treads|Iron Treads|100/100|[from] U-turn
|
|-weather|none
|upkeep
|turn|14
|
|t:|1776042888
|switch|p1a: Great Tusk|Great Tusk|88/100
|move|p2a: Iron Treads|Stealth Rock|p1a: Great Tusk
|-sidestart|p1: eucalipto69!|move: Stealth Rock
|
|upkeep
|turn|15
|
|t:|1776042893
|move|p1a: Great Tusk|Rapid Spin|p2a: Iron Treads
|-resisted|p2a: Iron Treads
|-damage|p2a: Iron Treads|94/100
|-boost|p1a: Great Tusk|spe|1
|-sideend|p1: eucalipto69!|Stealth Rock|[from] move: Rapid Spin|[of] p1a: Great Tusk
|move|p2a: Iron Treads|Ice Spinner|p1a: Great Tusk
|-supereffective|p1a: Great Tusk
|-damage|p1a: Great Tusk|59/100
|
|-heal|p2a: Iron Treads|99/100|[from] item: Leftovers
|upkeep
|turn|16
|
|t:|1776042902
|-end|p2a: Iron Treads|Quark Drive|[silent]
|switch|p2a: Zapdos|Zapdos, shiny|83/100
|move|p1a: Great Tusk|Close Combat|p2a: Zapdos
|-resisted|p2a: Zapdos
|-damage|p2a: Zapdos|59/100
|-unboost|p1a: Great Tusk|def|1
|-unboost|p1a: Great Tusk|spd|1
|
|upkeep
|turn|17
|
|t:|1776042918
|move|p1a: Great Tusk|Ice Spinner|p2a: Zapdos
|-supereffective|p2a: Zapdos
|-damage|p2a: Zapdos|15/100
|move|p2a: Zapdos|U-turn|p1a: Great Tusk
|-resisted|p1a: Great Tusk
|-damage|p1a: Great Tusk|51/100
|
|t:|1776042923
|switch|p2a: Weavile|Weavile, M|100/100|[from] U-turn
|-ability|p2a: Weavile|Pressure
|
|upkeep
|turn|18
|
|t:|1776042927
|move|p2a: Weavile|Ice Shard|p1a: Great Tusk
|-supereffective|p1a: Great Tusk
|-damage|p1a: Great Tusk|11/100
|move|p1a: Great Tusk|Close Combat|p2a: Weavile
|-supereffective|p2a: Weavile
|-damage|p2a: Weavile|0 fnt
|-unboost|p1a: Great Tusk|def|1
|-unboost|p1a: Great Tusk|spd|1
|faint|p2a: Weavile
|
|upkeep
|
|t:|1776042932
|switch|p2a: Dondozo|Dondozo, F|100/100
|turn|19
|
|t:|1776042937
|-end|p1a: Great Tusk|Protosynthesis|[silent]
|switch|p1a: Zapdos|Zapdos|60/100
|move|p2a: Dondozo|Liquidation|p1a: Zapdos
|-damage|p1a: Zapdos|30/100
|-status|p2a: Dondozo|par|[from] ability: Static|[of] p1a: Zapdos
|
|upkeep
|turn|20
|
|t:|1776042943
|switch|p2a: Slowking|Slowking-Galar, F|90/100
|move|p1a: Zapdos|Roost|p1a: Zapdos
|-heal|p1a: Zapdos|80/100
|-singleturn|p1a: Zapdos|move: Roost
|
|upkeep
|turn|21
|
|t:|1776042950
|move|p1a: Zapdos|Hurricane|p2a: Slowking
|-damage|p2a: Slowking|53/100
|-prepare|p2a: Slowking|Chilly Reception|[premajor]
|move|p2a: Slowking|Chilly Reception|p2a: Slowking
|-weather|Snowscape
|
|t:|1776042956
|switch|p2a: Iron Treads|Iron Treads|99/100|[from] Chilly Reception
|
|-weather|Snowscape|[upkeep]
|-heal|p2a: Iron Treads|100/100|[from] item: Leftovers
|upkeep
|turn|22
|
|t:|1776042961
|switch|p1a: Typhlosion|Typhlosion, F|100/100
|move|p2a: Iron Treads|Stealth Rock|p1a: Typhlosion
|-sidestart|p1: eucalipto69!|move: Stealth Rock
|
|-weather|Snowscape|[upkeep]
|upkeep
|turn|23
|
|t:|1776042967
|-end|p2a: Iron Treads|Quark Drive|[silent]
|switch|p2a: Dondozo|Dondozo, F|100/100 par
|move|p1a: Typhlosion|Eruption|p2a: Dondozo
|-resisted|p2a: Dondozo
|-damage|p2a: Dondozo|69/100 par
|
|-weather|Snowscape|[upkeep]
|upkeep
|turn|24
|
|t:|1776042976
|switch|p1a: Haxorus|Haxorus, M, shiny|100/100
|-damage|p1a: Haxorus|88/100|[from] Stealth Rock
|-ability|p1a: Haxorus|Mold Breaker
|switch|p2a: Slowking|Slowking-Galar, F|86/100
|
|-weather|Snowscape|[upkeep]
|upkeep
|turn|25
|
|t:|1776042981
|move|p1a: Haxorus|Swords Dance|p1a: Haxorus
|-boost|p1a: Haxorus|atk|2
|move|p2a: Slowking|Thunder Wave|p1a: Haxorus
|-status|p1a: Haxorus|par
|
|-weather|none
|upkeep
|turn|26
|
|t:|1776042987
|switch|p2a: Dondozo|Dondozo, F|69/100 par
|move|p1a: Haxorus|Scale Shot|p2a: Dondozo
|-damage|p2a: Dondozo|56/100 par
|-damage|p2a: Dondozo|43/100 par
|-damage|p2a: Dondozo|30/100 par
|-damage|p2a: Dondozo|16/100 par
|-hitcount|p2a: Dondozo|4
|-unboost|p1a: Haxorus|def|1
|-boost|p1a: Haxorus|spe|1
|
|upkeep
|turn|27
|l|☆eucalipto69!
|inactive|eucalipto69! disconnected and has a minute to reconnect!
|player|p1|
|j|☆eucalipto69!
|inactive|eucalipto69! reconnected and has 130 seconds left.
|player|p1|eucalipto69!|steven|
|
|t:|1776043014
|cant|p1a: Haxorus|par
|move|p2a: Dondozo|Rest|p2a: Dondozo
|-status|p2a: Dondozo|slp|[from] move: Rest
|-heal|p2a: Dondozo|100/100 slp|[silent]
|
|upkeep
|turn|28
|
|t:|1776043024
|cant|p1a: Haxorus|par
|cant|p2a: Dondozo|slp
|move|p2a: Dondozo|Sleep Talk|p2a: Dondozo
|move|p2a: Dondozo|Liquidation|p1a: Haxorus|[from] move: Sleep Talk
|-resisted|p1a: Haxorus
|-damage|p1a: Haxorus|71/100 par
|
|upkeep
|turn|29
|
|t:|1776043032
|move|p1a: Haxorus|Swords Dance|p1a: Haxorus
|-boost|p1a: Haxorus|atk|2
|cant|p2a: Dondozo|slp
|move|p2a: Dondozo|Sleep Talk|p2a: Dondozo
|move|p2a: Dondozo|Liquidation|p1a: Haxorus|[from] move: Sleep Talk
|-resisted|p1a: Haxorus
|-damage|p1a: Haxorus|51/100 par
|
|upkeep
|turn|30
|
|t:|1776043042
|move|p1a: Haxorus|Scale Shot|p2a: Dondozo
|-damage|p2a: Dondozo|83/100 slp
|-damage|p2a: Dondozo|65/100 slp
|-damage|p2a: Dondozo|45/100 slp
|-damage|p2a: Dondozo|25/100 slp
|-hitcount|p2a: Dondozo|4
|-unboost|p1a: Haxorus|def|1
|-boost|p1a: Haxorus|spe|1
|-curestatus|p2a: Dondozo|slp|[msg]
|move|p2a: Dondozo|Body Press|p1a: Haxorus
|-damage|p1a: Haxorus|13/100 par
|
|upkeep
|turn|31
|
|t:|1776043062
|move|p1a: Haxorus|Scale Shot|p2a: Dondozo
|-damage|p2a: Dondozo|4/100
|-damage|p2a: Dondozo|0 fnt
|faint|p2a: Dondozo
|-hitcount|p2: Dondozo|2
|-unboost|p1a: Haxorus|def|1
|-boost|p1a: Haxorus|spe|1
|
|upkeep
|inactive|Yothas has 120 seconds left.
|
|t:|1776043078
|switch|p2a: Zapdos|Zapdos, shiny|15/100
|turn|32
|
|t:|1776043083
|move|p1a: Haxorus|Close Combat|p2a: Zapdos
|-resisted|p2a: Zapdos
|-damage|p2a: Zapdos|0 fnt
|-unboost|p1a: Haxorus|def|1
|-unboost|p1a: Haxorus|spd|1
|faint|p2a: Zapdos
|
|upkeep
|
|t:|1776043092
|switch|p2a: Decidueye|Decidueye-Hisui, M|100/100
|turn|33
|
|t:|1776043096
|move|p1a: Haxorus|Scale Shot|p2a: Decidueye
|-damage|p2a: Decidueye|48/100
|-crit|p2a: Decidueye
|-damage|p2a: Decidueye|0 fnt
|faint|p2a: Decidueye
|-hitcount|p2: Decidueye|2
|-unboost|p1a: Haxorus|def|1
|-boost|p1a: Haxorus|spe|1
|
|upkeep
|-message|Yothas forfeited.
|
|win|eucalipto69!
|raw|eucalipto69!'s rating: 1356 &rarr; <strong>1378</strong><br />(+22 for winning)
|raw|Yothas's rating: 1389 &rarr; <strong>1367</strong><br />(-22 for losing)
|l|☆Yothas
|player|p2|
|l|☆eucalipto69!
|player|p1|
