|html|<div class="broadcast-blue"><strong>[Gen 9] OU is currently suspecting Tera Blast! For information on how to participate check out the <a href="https://www.smogon.com/tools/suspects/view/200">suspect thread</a>.</strong></div>
|j|☆Megai'Sa
|j|☆lydiaa212
|t:|1776084759
|gametype|singles
|player|p1|Megai'Sa|101|1127
|player|p2|lydiaa212|lady|1075
|gen|9
|tier|[Gen 9] OU
|rated|
|rule|HP Percentage Mod: HP is shown in percentages
|rule|Endless Battle Clause: Forcing endless battles is banned
|rule|Species Clause: Limit one of each Pokémon
|rule|OHKO Clause: OHKO moves are banned
|rule|Evasion Items Clause: Evasion items are banned
|rule|Evasion Moves Clause: Evasion moves are banned
|rule|Evasion Abilities Clause: Evasion abilities are banned
|rule|Sleep Moves Clause: Sleep-inducing moves are banned
|clearpoke
|poke|p1|Ninetales-Alola, F|
|poke|p1|Mandibuzz, F|
|poke|p1|Heatran, M|
|poke|p1|Sylveon, F|
|poke|p1|Mamoswine, F|
|poke|p1|Sandslash-Alola, M|
|poke|p2|Froslass, F|
|poke|p2|Mimikyu, M|
|poke|p2|Luxray, M|
|poke|p2|Lycanroc, M|
|poke|p2|Lucario, M|
|poke|p2|Skeledirge, M|
|teampreview
|
|t:|1776084766
|teamsize|p1|6
|teamsize|p2|6
|start
|switch|p1a: Ninetales|Ninetales-Alola, F|100/100
|switch|p2a: Froslass|Froslass, F|100/100
|-weather|Snowscape|[from] ability: Snow Warning|[of] p1a: Ninetales
|turn|1
|inactive|Battle timer is ON: inactive players will automatically lose when time's up. (requested by lydiaa212)
|
|t:|1776084778
|move|p2a: Froslass|Spikes|p1a: Ninetales
|-sidestart|p1: Megai'Sa|Spikes
|move|p1a: Ninetales|Aurora Veil|p1a: Ninetales
|-sidestart|p1: Megai'Sa|move: Aurora Veil
|
|-weather|Snowscape|[upkeep]
|upkeep
|turn|2
|
|t:|1776084785
|switch|p1a: Sandslash|Sandslash-Alola, M|100/100
|move|p2a: Froslass|Spikes|p1a: Sandslash
|-sidestart|p1: Megai'Sa|Spikes
|
|-weather|Snowscape|[upkeep]
|upkeep
|turn|3
|
|t:|1776084793
|move|p1a: Sandslash|Knock Off|p2a: Froslass
|-supereffective|p2a: Froslass
|-damage|p2a: Froslass|30/100
|-enditem|p2a: Froslass|Focus Sash|[from] move: Knock Off|[of] p1a: Sandslash
|move|p2a: Froslass|Spikes|p1a: Sandslash
|-sidestart|p1: Megai'Sa|Spikes
|
|-weather|Snowscape|[upkeep]
|upkeep
|turn|4
|
|t:|1776084801
|move|p1a: Sandslash|Earthquake|p2a: Froslass
|-damage|p2a: Froslass|0 fnt
|faint|p2a: Froslass
|
|-weather|Snowscape|[upkeep]
|upkeep
|
|t:|1776084806
|switch|p2a: Skeledirge|Skeledirge, M|100/100
|turn|5
|
|t:|1776084833
|switch|p1a: Mamoswine|Mamoswine, F|100/100
|-damage|p1a: Mamoswine|76/100|[from] Spikes
|move|p2a: Skeledirge|Torch Song|p1a: Mamoswine
|-supereffective|p1a: Mamoswine
|-damage|p1a: Mamoswine|53/100
|-boost|p2a: Skeledirge|spa|1
|
|-weather|none
|upkeep
|turn|6
|
|t:|1776084845
|move|p1a: Mamoswine|Earthquake|p2a: Skeledirge
|-supereffective|p2a: Skeledirge
|-damage|p2a: Skeledirge|19/100
|-damage|p1a: Mamoswine|43/100|[from] item: Life Orb
|move|p2a: Skeledirge|Torch Song|p1a: Mamoswine
|-supereffective|p1a: Mamoswine
|-damage|p1a: Mamoswine|10/100
|-boost|p2a: Skeledirge|spa|1
|
|upkeep
|turn|7
|
|t:|1776084856
|move|p1a: Mamoswine|Earthquake|p2a: Skeledirge
|-supereffective|p2a: Skeledirge
|-damage|p2a: Skeledirge|0 fnt
|faint|p2a: Skeledirge
|-damage|p1a: Mamoswine|0 fnt|[from] item: Life Orb
|faint|p1a: Mamoswine
|
|upkeep
|
|t:|1776084863
|switch|p1a: Ninetales|Ninetales-Alola, F|100/100
|switch|p2a: Mimikyu|Mimikyu, M|100/100
|-damage|p1a: Ninetales|76/100|[from] Spikes
|-weather|Snowscape|[from] ability: Snow Warning|[of] p1a: Ninetales
|turn|8
|
|t:|1776084877
|switch|p1a: Sandslash|Sandslash-Alola, M|100/100
|move|p2a: Mimikyu|Swords Dance|p2a: Mimikyu
|-boost|p2a: Mimikyu|atk|2
|
|-weather|Snowscape|[upkeep]
|-sideend|p1: Megai'Sa|move: Aurora Veil
|upkeep
|turn|9
|
|t:|1776084886
|move|p1a: Sandslash|Triple Axel|p2a: Mimikyu
|-activate|p2a: Mimikyu|ability: Disguise
|-damage|p2a: Mimikyu|100/100
|-damage|p1a: Sandslash|84/100|[from] item: Rocky Helmet|[of] p2a: Mimikyu
|detailschange|p2a: Mimikyu|Mimikyu-Busted, M
|-damage|p2a: Mimikyu|88/100|[from] pokemon: Mimikyu-Busted
|-damage|p2a: Mimikyu|55/100
|-damage|p1a: Sandslash|68/100|[from] item: Rocky Helmet|[of] p2a: Mimikyu
|-damage|p2a: Mimikyu|10/100
|-damage|p1a: Sandslash|51/100|[from] item: Rocky Helmet|[of] p2a: Mimikyu
|-hitcount|p2a: Mimikyu|3
|move|p2a: Mimikyu|Swords Dance|p2a: Mimikyu
|-boost|p2a: Mimikyu|atk|2
|
|-weather|Snowscape|[upkeep]
|upkeep
|turn|10
|
|t:|1776084902
|move|p1a: Sandslash|Triple Axel|p2a: Mimikyu
|-damage|p2a: Mimikyu|0 fnt
|-damage|p1a: Sandslash|35/100|[from] item: Rocky Helmet|[of] p2a: Mimikyu
|faint|p2a: Mimikyu
|-hitcount|p2: Mimikyu|1
|
|-weather|Snowscape|[upkeep]
|upkeep
|
|t:|1776084911
|switch|p2a: Lucario|Lucario, M|100/100
|turn|11
|
|t:|1776084918
|move|p1a: Sandslash|Earthquake|p2a: Lucario
|-supereffective|p2a: Lucario
|-enditem|p2a: Lucario|Focus Sash
|-damage|p2a: Lucario|1/100
|move|p2a: Lucario|Aura Sphere|p1a: Sandslash
|-supereffective|p1a: Sandslash
|-damage|p1a: Sandslash|0 fnt
|faint|p1a: Sandslash
|
|-weather|Snowscape|[upkeep]
|upkeep
|
|t:|1776084931
|switch|p1a: Mandibuzz|Mandibuzz, F|100/100
|turn|12
|
|t:|1776084937
|move|p2a: Lucario|Swords Dance|p2a: Lucario
|-boost|p2a: Lucario|atk|2
|move|p1a: Mandibuzz|U-turn|p2a: Lucario
|-resisted|p2a: Lucario
|-damage|p2a: Lucario|0 fnt
|faint|p2a: Lucario
|
|t:|1776084950
|switch|p1a: Sylveon|Sylveon, F|100/100|[from] U-turn
|-damage|p1a: Sylveon|76/100|[from] Spikes
|
|-weather|none
|upkeep
|
|t:|1776084955
|switch|p2a: Luxray|Luxray, M|100/100
|turn|13
|
|t:|1776084963
|-terastallize|p1a: Sylveon|Ground
|move|p2a: Luxray|Thunder Fang|p1a: Sylveon
|-immune|p1a: Sylveon
|move|p1a: Sylveon|Tera Blast|p2a: Luxray|[anim] Tera Blast Ground
|-supereffective|p2a: Luxray
|-damage|p2a: Luxray|0 fnt
|faint|p2a: Luxray
|
|upkeep
|
|t:|1776084971
|switch|p2a: Lycanroc|Lycanroc, M|100/100
|turn|14
|
|t:|1776084977
|move|p2a: Lycanroc|Drill Run|p1a: Sylveon
|-damage|p1a: Sylveon|40/100
|move|p1a: Sylveon|Tera Blast|p2a: Lycanroc|[anim] Tera Blast Ground
|-supereffective|p2a: Lycanroc
|-enditem|p2a: Lycanroc|Focus Sash
|-damage|p2a: Lycanroc|1/100
|
|upkeep
|turn|15
|
|t:|1776084987
|switch|p1a: Mandibuzz|Mandibuzz, F|100/100
|move|p2a: Lycanroc|Drill Run|p1a: Mandibuzz
|-immune|p1a: Mandibuzz
|
|upkeep
|turn|16
|
|t:|1776084994
|move|p2a: Lycanroc|Accelerock|p1a: Mandibuzz
|-supereffective|p1a: Mandibuzz
|-damage|p1a: Mandibuzz|79/100
|move|p1a: Mandibuzz|U-turn|p2a: Lycanroc
|-damage|p2a: Lycanroc|0 fnt
|faint|p2a: Lycanroc
|
|win|Megai'Sa
|raw|Megai&apos;Sa's rating: 1127 &rarr; <strong>1148</strong><br />(+21 for winning)
|raw|lydiaa212's rating: 1075 &rarr; <strong>1057</strong><br />(-18 for losing)
|l|☆lydiaa212
|player|p2|
