|html|<div class="broadcast-blue"><strong>[Gen 9] OU is currently suspecting Tera Blast! For information on how to participate check out the <a href="https://www.smogon.com/tools/suspects/view/200">suspect thread</a>.</strong></div>
|j|☆new human two
|j|☆KevDB
|t:|1776180074
|gametype|singles
|player|p1|new human two|lucas|1388
|player|p2|KevDB|dawn|1375
|gen|9
|tier|[Gen 9] OU
|rated|
|rule|HP Percentage Mod: HP is shown in percentages
|rule|Endless Battle Clause: Forcing endless battles is banned
|rule|Species Clause: Limit one of each Pokémon
|rule|OHKO Clause: OHKO moves are banned
|rule|Evasion Items Clause: Evasion items are banned
|rule|Evasion Moves Clause: Evasion moves are banned
|rule|Evasion Abilities Clause: Evasion abilities are banned
|rule|Sleep Moves Clause: Sleep-inducing moves are banned
|clearpoke
|poke|p1|Mienshao, M|
|poke|p1|Blissey, F|
|poke|p1|Gengar, M|
|poke|p1|Slowbro, F|
|poke|p1|Krookodile, M|
|poke|p1|Talonflame, F|
|poke|p2|Indeedee, M|
|poke|p2|Hatterene, F|
|poke|p2|Ursaluna, F|
|poke|p2|Hoopa-Unbound|
|poke|p2|Mimikyu, F|
|poke|p2|Iron Hands|
|teampreview
|inactive|Battle timer is ON: inactive players will automatically lose when time's up. (requested by new human two)
|
|t:|1776180102
|teamsize|p1|6
|teamsize|p2|6
|start
|switch|p1a: Krookodile|Krookodile, M|100/100
|switch|p2a: Iron Hands|Iron Hands|100/100
|-ability|p1a: Krookodile|Intimidate|boost
|-unboost|p2a: Iron Hands|atk|1
|-enditem|p2a: Iron Hands|Booster Energy
|-activate|p2a: Iron Hands|ability: Quark Drive|[fromitem]
|-start|p2a: Iron Hands|quarkdriveatk
|turn|1
|
|t:|1776180110
|move|p1a: Krookodile|Earthquake|p2a: Iron Hands
|-supereffective|p2a: Iron Hands
|-damage|p2a: Iron Hands|0 fnt
|faint|p2a: Iron Hands
|-end|p2a: Iron Hands|Quark Drive|[silent]
|
|upkeep
|
|t:|1776180123
|switch|p2a: Hatterene|Hatterene, F|100/100
|turn|2
|
|t:|1776180135
|move|p1a: Krookodile|Earthquake|p2a: Hatterene
|-damage|p2a: Hatterene|16/100
|move|p2a: Hatterene|Trick Room|p2a: Hatterene
|-fieldstart|move: Trick Room|[of] p2a: Hatterene
|
|upkeep
|turn|3
|
|t:|1776180148
|switch|p2a: Ursaluna|Ursaluna, F|100/100
|switch|p1a: Blissey|Blissey, F|100/100
|
|-status|p2a: Ursaluna|brn|[from] item: Flame Orb
|upkeep
|turn|4
|
|t:|1776180168
|switch|p1a: Gengar|Gengar, M|100/100
|move|p2a: Ursaluna|Headlong Rush|p1a: Gengar
|-supereffective|p1a: Gengar
|-damage|p1a: Gengar|0 fnt
|-unboost|p2a: Ursaluna|def|1
|-unboost|p2a: Ursaluna|spd|1
|faint|p1a: Gengar
|
|-damage|p2a: Ursaluna|94/100 brn|[from] brn
|upkeep
|
|t:|1776180184
|switch|p1a: Slowbro|Slowbro, F|100/100
|turn|5
|
|t:|1776180193
|-terastallize|p2a: Ursaluna|Normal
|move|p1a: Slowbro|Body Press|p2a: Ursaluna
|-supereffective|p2a: Ursaluna
|-damage|p2a: Ursaluna|32/100 brn
|move|p2a: Ursaluna|Facade|p1a: Slowbro
|-damage|p1a: Slowbro|0 fnt
|faint|p1a: Slowbro
|
|-damage|p2a: Ursaluna|26/100 brn|[from] brn
|upkeep
|inactive|new human two has 120 seconds left.
|
|t:|1776180222
|switch|p1a: Talonflame|Talonflame, F|100/100
|turn|6
|
|t:|1776180227
|move|p2a: Ursaluna|Facade|p1a: Talonflame
|-damage|p1a: Talonflame|0 fnt
|faint|p1a: Talonflame
|
|-damage|p2a: Ursaluna|20/100 brn|[from] brn
|-fieldend|move: Trick Room
|upkeep
|
|t:|1776180233
|switch|p1a: Krookodile|Krookodile, M|100/100
|-ability|p1a: Krookodile|Intimidate|boost
|-unboost|p2a: Ursaluna|atk|1
|turn|7
|
|t:|1776180242
|switch|p2a: Hatterene|Hatterene, F|16/100
|move|p1a: Krookodile|Knock Off|p2a: Hatterene
|-damage|p2a: Hatterene|0 fnt
|-enditem|p2a: Hatterene|Life Orb|[from] move: Knock Off|[of] p1a: Krookodile
|faint|p2a: Hatterene
|
|upkeep
|
|t:|1776180251
|switch|p2a: Mimikyu|Mimikyu, F|100/100
|turn|8
|
|t:|1776180261
|move|p1a: Krookodile|Knock Off|p2a: Mimikyu
|-activate|p2a: Mimikyu|ability: Disguise
|-damage|p2a: Mimikyu|100/100
|-enditem|p2a: Mimikyu|Red Card|[from] move: Knock Off|[of] p1a: Krookodile
|detailschange|p2a: Mimikyu|Mimikyu-Busted, F
|-damage|p2a: Mimikyu|88/100|[from] pokemon: Mimikyu-Busted
|move|p2a: Mimikyu|Trick Room|p2a: Mimikyu
|-fieldstart|move: Trick Room|[of] p2a: Mimikyu
|
|upkeep
|turn|9
|
|t:|1776180277
|move|p2a: Mimikyu|Play Rough|p1a: Krookodile
|-supereffective|p1a: Krookodile
|-damage|p1a: Krookodile|30/100
|move|p1a: Krookodile|Knock Off|p2a: Mimikyu
|-damage|p2a: Mimikyu|37/100
|
|upkeep
|turn|10
|
|t:|1776180285
|switch|p1a: Blissey|Blissey, F|100/100
|move|p2a: Mimikyu|Play Rough|p1a: Blissey
|-damage|p1a: Blissey|70/100
|
|upkeep
|turn|11
|
|t:|1776180295
|switch|p2a: Indeedee|Indeedee, M|100/100
|-fieldstart|move: Psychic Terrain|[from] ability: Psychic Surge|[of] p2a: Indeedee
|move|p1a: Blissey|Seismic Toss|p2a: Indeedee
|-damage|p2a: Indeedee|70/100
|
|upkeep
|turn|12
|inactive|new human two has 120 seconds left.
|
|t:|1776180324
|move|p1a: Blissey|Stealth Rock|p2a: Indeedee
|-sidestart|p2: KevDB|move: Stealth Rock
|move|p2a: Indeedee|Healing Wish|p2a: Indeedee
|faint|p2a: Indeedee
|
|-fieldend|move: Trick Room
|upkeep
|
|t:|1776180329
|switch|p2a: Ursaluna|Ursaluna, F, tera:Normal|20/100 brn
|-heal|p2a: Ursaluna|100/100|[from] move: Healing Wish
|-damage|p2a: Ursaluna|88/100|[from] Stealth Rock
|turn|13
|
|t:|1776180340
|move|p1a: Blissey|Thunder Wave|p2a: Ursaluna
|-status|p2a: Ursaluna|par
|move|p2a: Ursaluna|Facade|p1a: Blissey
|-damage|p1a: Blissey|0 fnt
|faint|p1a: Blissey
|
|upkeep
|
|t:|1776180347
|switch|p1a: Krookodile|Krookodile, M|30/100
|-ability|p1a: Krookodile|Intimidate|boost
|-unboost|p2a: Ursaluna|atk|1
|turn|14
|
|t:|1776180361
|switch|p2a: Mimikyu|Mimikyu-Busted, F|37/100
|-damage|p2a: Mimikyu|24/100|[from] Stealth Rock
|move|p1a: Krookodile|Earthquake|p2a: Mimikyu
|-damage|p2a: Mimikyu|0 fnt
|faint|p2a: Mimikyu
|
|upkeep
|
|t:|1776180363
|switch|p2a: Hoopa|Hoopa-Unbound|100/100
|-damage|p2a: Hoopa|88/100|[from] Stealth Rock
|-enditem|p2a: Hoopa|Psychic Seed
|-boost|p2a: Hoopa|spd|1|[from] item: Psychic Seed
|turn|15
|
|t:|1776180369
|move|p1a: Krookodile|Earthquake|p2a: Hoopa
|-damage|p2a: Hoopa|0 fnt
|faint|p2a: Hoopa
|
|upkeep
|
|t:|1776180373
|switch|p2a: Ursaluna|Ursaluna, F, tera:Normal|88/100 par
|-damage|p2a: Ursaluna|76/100 par|[from] Stealth Rock
|turn|16
|
|t:|1776180375
|move|p1a: Krookodile|Earthquake|p2a: Ursaluna
|-damage|p2a: Ursaluna|21/100 par
|cant|p2a: Ursaluna|par
|
|upkeep
|turn|17
|
|t:|1776180379
|move|p1a: Krookodile|Earthquake|p2a: Ursaluna
|-damage|p2a: Ursaluna|0 fnt
|faint|p2a: Ursaluna
|
|win|new human two
|raw|new human two's rating: 1388 &rarr; <strong>1407</strong><br />(+19 for winning)
|raw|KevDB's rating: 1375 &rarr; <strong>1356</strong><br />(-19 for losing)
|l|☆KevDB
|player|p2|
