|html|<div class="broadcast-blue"><strong>[Gen 9] OU is currently suspecting Tera Blast! For information on how to participate check out the <a href="https://www.smogon.com/tools/suspects/view/200">suspect thread</a>.</strong></div>
|j|☆lklowxhn
|j|☆icylikedecember
|t:|1776169529
|gametype|singles
|player|p1|lklowxhn|silver|1652
|player|p2|icylikedecember|skierf|1598
|gen|9
|tier|[Gen 9] OU
|rated|
|rule|HP Percentage Mod: HP is shown in percentages
|rule|Endless Battle Clause: Forcing endless battles is banned
|rule|Species Clause: Limit one of each Pokémon
|rule|OHKO Clause: OHKO moves are banned
|rule|Evasion Items Clause: Evasion items are banned
|rule|Evasion Moves Clause: Evasion moves are banned
|rule|Evasion Abilities Clause: Evasion abilities are banned
|rule|Sleep Moves Clause: Sleep-inducing moves are banned
|clearpoke
|poke|p1|Serperior, M|
|poke|p1|Slowbro, M|
|poke|p1|Great Tusk|
|poke|p1|Heatran, M|
|poke|p1|Tornadus-Therian, M|
|poke|p1|Fezandipiti, M|
|poke|p2|Landorus-Therian, M|
|poke|p2|Corviknight, F|
|poke|p2|Slowking-Galar, M|
|poke|p2|Crawdaunt, M|
|poke|p2|Darkrai|
|poke|p2|Gholdengo|
|teampreview
|inactive|Battle timer is ON: inactive players will automatically lose when time's up. (requested by lklowxhn)
|
|t:|1776169538
|teamsize|p1|6
|teamsize|p2|6
|start
|switch|p1a: 小树林|Slowbro, M|100/100
|switch|p2a: Gholdengo|Gholdengo|100/100
|turn|1
|
|t:|1776169543
|switch|p1a: Heatran|Heatran, M|100/100
|move|p2a: Gholdengo|Shadow Ball|p1a: Heatran
|-damage|p1a: Heatran|73/100
|-unboost|p1a: Heatran|spd|1
|
|-heal|p1a: Heatran|79/100|[from] item: Leftovers
|upkeep
|turn|2
|
|t:|1776169562
|-terastallize|p2a: Gholdengo|Fairy
|move|p2a: Gholdengo|Shadow Ball|p1a: Heatran
|-damage|p1a: Heatran|37/100
|-unboost|p1a: Heatran|spd|1
|move|p1a: Heatran|Magma Storm|p2a: Gholdengo
|-damage|p2a: Gholdengo|48/100
|-activate|p2a: Gholdengo|move: Magma Storm|[of] p1a: Heatran
|
|-heal|p1a: Heatran|43/100|[from] item: Leftovers
|-damage|p2a: Gholdengo|36/100|[from] move: Magma Storm|[partiallytrapped]
|upkeep
|turn|3
|
|t:|1776169574
|switch|p1a: Fezandipiti|Fezandipiti, M|100/100
|move|p2a: Gholdengo|Shadow Ball|p1a: Fezandipiti
|-damage|p1a: Fezandipiti|78/100
|
|-heal|p1a: Fezandipiti|84/100|[from] item: Leftovers
|-end|p2a: Gholdengo|Magma Storm|[partiallytrapped]|[silent]
|upkeep
|turn|4
|
|t:|1776169583
|switch|p2a: Corviknight|Corviknight, F, shiny|100/100
|-ability|p2a: Corviknight|Pressure
|move|p1a: Fezandipiti|U-turn|p2a: Corviknight
|-resisted|p2a: Corviknight
|-damage|p2a: Corviknight|98/100
|
|t:|1776169586
|switch|p1a: Heatran|Heatran, M|43/100|[from] U-turn
|
|-heal|p1a: Heatran|49/100|[from] item: Leftovers
|-heal|p2a: Corviknight|100/100|[from] item: Leftovers
|upkeep
|turn|5
|
|t:|1776169594
|switch|p2a: Crawdaunt|Crawdaunt, M|100/100
|move|p1a: Heatran|Magma Storm|p2a: Crawdaunt
|-resisted|p2a: Crawdaunt
|-damage|p2a: Crawdaunt|59/100
|-activate|p2a: Crawdaunt|move: Magma Storm|[of] p1a: Heatran
|
|-heal|p1a: Heatran|55/100|[from] item: Leftovers
|-damage|p2a: Crawdaunt|47/100|[from] move: Magma Storm|[partiallytrapped]
|upkeep
|turn|6
|
|t:|1776169600
|switch|p1a: 小树林|Slowbro, M|100/100
|move|p2a: Crawdaunt|Knock Off|p1a: 小树林
|-supereffective|p1a: 小树林
|-damage|p1a: 小树林|0 fnt
|-damage|p2a: Crawdaunt|30/100|[from] item: Rocky Helmet|[of] p1a: 小树林
|-enditem|p1a: 小树林|Rocky Helmet|[from] move: Knock Off|[of] p2a: Crawdaunt
|faint|p1a: 小树林
|
|-end|p2a: Crawdaunt|Magma Storm|[partiallytrapped]|[silent]
|upkeep
|
|t:|1776169604
|switch|p1a: Serperior|Serperior, M|100/100
|turn|7
|
|t:|1776169609
|switch|p2a: Slowking|Slowking-Galar, M, shiny|100/100
|move|p1a: Serperior|Leaf Storm|p2a: Slowking
|-resisted|p2a: Slowking
|-damage|p2a: Slowking|90/100
|-boost|p1a: Serperior|spa|2
|
|upkeep
|turn|8
|
|t:|1776169616
|switch|p1a: Heatran|Heatran, M|55/100
|move|p2a: Slowking|Sludge Bomb|p1a: Heatran
|-immune|p1a: Heatran
|
|-heal|p1a: Heatran|61/100|[from] item: Leftovers
|upkeep
|turn|9
|
|t:|1776169621
|switch|p2a: Crawdaunt|Crawdaunt, M|30/100
|move|p1a: Heatran|Stealth Rock|p2a: Crawdaunt
|-sidestart|p2: icylikedecember|move: Stealth Rock
|
|-heal|p1a: Heatran|68/100|[from] item: Leftovers
|upkeep
|turn|10
|
|t:|1776169626
|switch|p1a: Great Tusk|Great Tusk|100/100
|-enditem|p1a: Great Tusk|Booster Energy
|-activate|p1a: Great Tusk|ability: Protosynthesis|[fromitem]
|-start|p1a: Great Tusk|protosynthesisatk
|move|p2a: Crawdaunt|Crabhammer|p1a: Great Tusk
|-supereffective|p1a: Great Tusk
|-damage|p1a: Great Tusk|0 fnt
|faint|p1a: Great Tusk
|-end|p1a: Great Tusk|Protosynthesis|[silent]
|
|upkeep
|
|t:|1776169629
|switch|p1a: Serperior|Serperior, M|100/100
|turn|11
|
|t:|1776169632
|switch|p2a: Slowking|Slowking-Galar, M, shiny|100/100
|-damage|p2a: Slowking|88/100|[from] Stealth Rock
|move|p1a: Serperior|Leaf Storm|p2a: Slowking
|-resisted|p2a: Slowking
|-damage|p2a: Slowking|77/100
|-boost|p1a: Serperior|spa|2
|
|upkeep
|turn|12
|
|t:|1776169638
|switch|p1a: Heatran|Heatran, M|68/100
|switch|p2a: Crawdaunt|Crawdaunt, M|30/100
|-damage|p2a: Crawdaunt|18/100|[from] Stealth Rock
|
|-heal|p1a: Heatran|74/100|[from] item: Leftovers
|upkeep
|turn|13
|
|t:|1776169642
|switch|p1a: Serperior|Serperior, M|100/100
|move|p2a: Crawdaunt|Knock Off|p1a: Serperior
|-damage|p1a: Serperior|0 fnt
|-enditem|p1a: Serperior|Leftovers|[from] move: Knock Off|[of] p2a: Crawdaunt
|faint|p1a: Serperior
|
|upkeep
|
|t:|1776169646
|switch|p1a: Tornadus|Tornadus-Therian, M|100/100
|turn|14
|
|t:|1776169654
|move|p1a: Tornadus|Nasty Plot|p1a: Tornadus
|-boost|p1a: Tornadus|spa|2
|move|p2a: Crawdaunt|Knock Off|p1a: Tornadus
|-damage|p1a: Tornadus|0 fnt
|-enditem|p1a: Tornadus|Heavy-Duty Boots|[from] move: Knock Off|[of] p2a: Crawdaunt
|faint|p1a: Tornadus
|
|upkeep
|c|☆icylikedecember|holy craw sweep
|-message|lklowxhn forfeited.
|
|win|icylikedecember
|raw|lklowxhn's rating: 1652 &rarr; <strong>1629</strong><br />(-23 for losing)
|raw|icylikedecember's rating: 1598 &rarr; <strong>1621</strong><br />(+23 for winning)
|l|☆lklowxhn
|player|p1|
