|html|<div class="broadcast-blue"><strong>[Gen 9] OU is currently suspecting Tera Blast! For information on how to participate check out the <a href="https://www.smogon.com/tools/suspects/view/200">suspect thread</a>.</strong></div>
|j|‽Rehheeh
|j|‽Mr. Kream
|t:|1776069825
|gametype|singles
|player|p1|Rehheeh|palmer|1392
|player|p2|Mr. Kream|lucian|1407
|gen|9
|tier|[Gen 9] OU
|rated|
|rule|HP Percentage Mod: HP is shown in percentages
|rule|Endless Battle Clause: Forcing endless battles is banned
|rule|Species Clause: Limit one of each Pokémon
|rule|OHKO Clause: OHKO moves are banned
|rule|Evasion Items Clause: Evasion items are banned
|rule|Evasion Moves Clause: Evasion moves are banned
|rule|Evasion Abilities Clause: Evasion abilities are banned
|rule|Sleep Moves Clause: Sleep-inducing moves are banned
|clearpoke
|poke|p1|Samurott-Hisui, F|
|poke|p1|Zapdos|
|poke|p1|Iron Treads|
|poke|p1|Ceruledge, M|
|poke|p1|Gholdengo|
|poke|p1|Kingambit, M|
|poke|p2|Primarina, M|
|poke|p2|Goodra-Hisui, M|
|poke|p2|Weezing-Galar, F|
|poke|p2|Iron Hands|
|poke|p2|Gliscor, M|
|poke|p2|Arcanine-Hisui, M|
|teampreview
|inactive|Battle timer is ON: inactive players will automatically lose when time's up. (requested by Rehheeh)
|inactive|Mr. Kream has 120 seconds left.
|
|t:|1776069876
|teamsize|p1|6
|teamsize|p2|6
|start
|switch|p1a: Iron Treads|Iron Treads|100/100
|switch|p2a: Primarina|Primarina, M|100/100
|turn|1
|
|t:|1776069891
|-end|p1a: Iron Treads|Quark Drive|[silent]
|switch|p1a: Gholdengo|Gholdengo|100/100
|-item|p1a: Gholdengo|Air Balloon
|move|p2a: Primarina|Calm Mind|p2a: Primarina
|-boost|p2a: Primarina|spa|1
|-boost|p2a: Primarina|spd|1
|
|upkeep
|turn|2
|
|t:|1776069899
|move|p1a: Gholdengo|Nasty Plot|p1a: Gholdengo
|-boost|p1a: Gholdengo|spa|2
|move|p2a: Primarina|Alluring Voice|p1a: Gholdengo
|-damage|p1a: Gholdengo|52/100
|-start|p1a: Gholdengo|confusion
|-enditem|p1a: Gholdengo|Air Balloon
|
|upkeep
|turn|3
|
|t:|1776069908
|-activate|p1a: Gholdengo|confusion
|move|p1a: Gholdengo|Shadow Ball|p2a: Primarina
|-damage|p2a: Primarina|60/100
|-unboost|p2a: Primarina|spd|1
|move|p2a: Primarina|Alluring Voice|p1a: Gholdengo
|-damage|p1a: Gholdengo|6/100
|
|-heal|p2a: Primarina|66/100|[from] item: Leftovers
|upkeep
|turn|4
|
|t:|1776069916
|-end|p1a: Gholdengo|confusion
|move|p1a: Gholdengo|Shadow Ball|p2a: Primarina
|-damage|p2a: Primarina|7/100
|move|p2a: Primarina|Alluring Voice|p1a: Gholdengo
|-damage|p1a: Gholdengo|0 fnt
|faint|p1a: Gholdengo
|
|-heal|p2a: Primarina|13/100|[from] item: Leftovers
|upkeep
|
|t:|1776069939
|switch|p1a: Zapdos|Zapdos|100/100
|turn|5
|
|t:|1776069948
|switch|p2a: Goodra|Goodra-Hisui, M|100/100
|move|p1a: Zapdos|Hurricane|p2a: Goodra|[miss]
|-miss|p1a: Zapdos|p2a: Goodra
|
|upkeep
|turn|6
|
|t:|1776069957
|move|p1a: Zapdos|Thunder Wave|p2a: Goodra
|-status|p2a: Goodra|par
|cant|p2a: Goodra|par
|
|upkeep
|turn|7
|
|t:|1776069962
|move|p1a: Zapdos|Volt Switch|p2a: Goodra
|-resisted|p2a: Goodra
|-damage|p2a: Goodra|96/100 par
|
|t:|1776069966
|switch|p1a: Samurott|Samurott-Hisui, F|100/100|[from] Volt Switch
|move|p2a: Goodra|Earthquake|p1a: Samurott
|-damage|p1a: Samurott|80/100
|
|upkeep
|turn|8
|
|t:|1776069977
|switch|p2a: Primarina|Primarina, M|13/100
|move|p1a: Samurott|Ceaseless Edge|p2a: Primarina
|-resisted|p2a: Primarina
|-damage|p2a: Primarina|0 fnt
|-sidestart|p2: Mr. Kream|Spikes
|faint|p2a: Primarina
|
|upkeep
|
|t:|1776069985
|switch|p2a: Weezing|Weezing-Galar, F|100/100
|turn|9
|
|t:|1776069993
|move|p1a: Samurott|Knock Off|p2a: Weezing
|-resisted|p2a: Weezing
|-damage|p2a: Weezing|86/100
|-enditem|p2a: Weezing|Leftovers|[from] move: Knock Off|[of] p1a: Samurott
|move|p2a: Weezing|Will-O-Wisp|p1a: Samurott
|-status|p1a: Samurott|brn
|
|-damage|p1a: Samurott|74/100 brn|[from] brn
|upkeep
|turn|10
|
|t:|1776070011
|switch|p1a: Iron Treads|Iron Treads|100/100
|move|p2a: Weezing|Defog|p1a: Iron Treads
|-unboost|p1a: Iron Treads|evasion|1
|-sideend|p2: Mr. Kream|Spikes|[from] move: Defog|[of] p2a: Weezing
|
|upkeep
|turn|11
|
|t:|1776070020
|move|p1a: Iron Treads|Stealth Rock|p2a: Weezing
|-sidestart|p2: Mr. Kream|move: Stealth Rock
|move|p2a: Weezing|Will-O-Wisp|p1a: Iron Treads
|-status|p1a: Iron Treads|brn
|
|-damage|p1a: Iron Treads|94/100 brn|[from] brn
|upkeep
|turn|12
|
|t:|1776070027
|move|p1a: Iron Treads|Iron Head|p2a: Weezing
|-supereffective|p2a: Weezing
|-damage|p2a: Weezing|58/100
|cant|p2a: Weezing|flinch
|
|-heal|p1a: Iron Treads|100/100 brn|[from] item: Leftovers
|-damage|p1a: Iron Treads|94/100 brn|[from] brn
|upkeep
|turn|13
|
|t:|1776070036
|switch|p2a: Gliscor|Gliscor, M, shiny|100/100
|-damage|p2a: Gliscor|88/100|[from] Stealth Rock
|move|p1a: Iron Treads|Iron Head|p2a: Gliscor
|-damage|p2a: Gliscor|73/100
|
|-heal|p1a: Iron Treads|100/100 brn|[from] item: Leftovers
|-damage|p1a: Iron Treads|94/100 brn|[from] brn
|-status|p2a: Gliscor|tox|[from] item: Toxic Orb
|upkeep
|turn|14
|
|t:|1776070051
|switch|p2a: Weezing|Weezing-Galar, F|58/100
|-damage|p2a: Weezing|46/100|[from] Stealth Rock
|move|p1a: Iron Treads|Iron Head|p2a: Weezing
|-supereffective|p2a: Weezing
|-damage|p2a: Weezing|17/100
|
|-heal|p1a: Iron Treads|100/100 brn|[from] item: Leftovers
|-damage|p1a: Iron Treads|94/100 brn|[from] brn
|upkeep
|turn|15
|
|t:|1776070062
|move|p1a: Iron Treads|Iron Head|p2a: Weezing
|-supereffective|p2a: Weezing
|-damage|p2a: Weezing|0 fnt
|faint|p2a: Weezing
|
|-heal|p1a: Iron Treads|100/100 brn|[from] item: Leftovers
|-damage|p1a: Iron Treads|94/100 brn|[from] brn
|upkeep
|
|t:|1776070069
|switch|p2a: Iron Hands|Iron Hands|100/100
|-damage|p2a: Iron Hands|94/100|[from] Stealth Rock
|turn|16
|
|t:|1776070077
|move|p1a: Iron Treads|Earthquake|p2a: Iron Hands
|-supereffective|p2a: Iron Hands
|-damage|p2a: Iron Hands|71/100
|move|p2a: Iron Hands|Iron Defense|p2a: Iron Hands
|-boost|p2a: Iron Hands|def|2
|
|-heal|p1a: Iron Treads|100/100 brn|[from] item: Leftovers
|-damage|p1a: Iron Treads|94/100 brn|[from] brn
|upkeep
|turn|17
|
|t:|1776070085
|move|p1a: Iron Treads|Earthquake|p2a: Iron Hands
|-supereffective|p2a: Iron Hands
|-damage|p2a: Iron Hands|60/100
|move|p2a: Iron Hands|Iron Defense|p2a: Iron Hands
|-boost|p2a: Iron Hands|def|2
|
|-heal|p1a: Iron Treads|100/100 brn|[from] item: Leftovers
|-damage|p1a: Iron Treads|94/100 brn|[from] brn
|upkeep
|turn|18
|
|t:|1776070089
|move|p1a: Iron Treads|Earthquake|p2a: Iron Hands
|-supereffective|p2a: Iron Hands
|-damage|p2a: Iron Hands|53/100
|move|p2a: Iron Hands|Body Press|p1a: Iron Treads
|-supereffective|p1a: Iron Treads
|-damage|p1a: Iron Treads|0 fnt
|faint|p1a: Iron Treads
|-end|p1a: Iron Treads|Quark Drive|[silent]
|
|upkeep
|
|t:|1776070098
|switch|p1a: Zapdos|Zapdos|100/100
|turn|19
|
|t:|1776070107
|-end|p2a: Iron Hands|Quark Drive|[silent]
|switch|p2a: Goodra|Goodra-Hisui, M|96/100 par
|-damage|p2a: Goodra|90/100 par|[from] Stealth Rock
|move|p1a: Zapdos|Hurricane|p2a: Goodra
|-resisted|p2a: Goodra
|-damage|p2a: Goodra|82/100 par
|
|upkeep
|turn|20
|
|t:|1776070113
|move|p1a: Zapdos|Hurricane|p2a: Goodra
|-resisted|p2a: Goodra
|-damage|p2a: Goodra|73/100 par
|-start|p2a: Goodra|confusion
|-activate|p2a: Goodra|confusion
|move|p2a: Goodra|Knock Off|p1a: Zapdos
|-damage|p1a: Zapdos|87/100
|-enditem|p1a: Zapdos|Heavy-Duty Boots|[from] move: Knock Off|[of] p2a: Goodra
|
|upkeep
|turn|21
|
|t:|1776070129
|move|p1a: Zapdos|Volt Switch|p2a: Goodra
|-resisted|p2a: Goodra
|-damage|p2a: Goodra|68/100 par
|
|t:|1776070131
|switch|p1a: Kingambit|Kingambit, M|100/100|[from] Volt Switch
|-activate|p1a: Kingambit|ability: Supreme Overlord
|-start|p1a: Kingambit|fallen2|[silent]
|-activate|p2a: Goodra|confusion
|-damage|p2a: Goodra|60/100 par|[from] confusion
|
|upkeep
|turn|22
|
|t:|1776070147
|switch|p2a: Iron Hands|Iron Hands|53/100
|-damage|p2a: Iron Hands|47/100|[from] Stealth Rock
|move|p1a: Kingambit|Swords Dance|p1a: Kingambit
|-boost|p1a: Kingambit|atk|2
|
|upkeep
|turn|23
|
|t:|1776070161
|-terastallize|p1a: Kingambit|Fighting
|move|p1a: Kingambit|Low Kick|p2a: Iron Hands
|-damage|p2a: Iron Hands|0 fnt
|-damage|p1a: Kingambit|84/100|[from] item: Rocky Helmet|[of] p2a: Iron Hands
|faint|p2a: Iron Hands
|-end|p2a: Iron Hands|Quark Drive|[silent]
|
|-heal|p1a: Kingambit|90/100|[from] item: Leftovers
|upkeep
|
|t:|1776070184
|switch|p2a: Gliscor|Gliscor, M, shiny|73/100 tox
|-damage|p2a: Gliscor|61/100 tox|[from] Stealth Rock
|turn|24
|
|t:|1776070210
|move|p2a: Gliscor|Earthquake|p1a: Kingambit
|-crit|p1a: Kingambit
|-damage|p1a: Kingambit|50/100
|move|p1a: Kingambit|Iron Head|p2a: Gliscor
|-damage|p2a: Gliscor|0 fnt
|faint|p2a: Gliscor
|
|-heal|p1a: Kingambit|56/100|[from] item: Leftovers
|upkeep
|
|t:|1776070220
|switch|p2a: Arcanine|Arcanine-Hisui, M|100/100
|-damage|p2a: Arcanine|76/100|[from] Stealth Rock
|turn|25
|
|t:|1776070228
|move|p1a: Kingambit|Sucker Punch|p2a: Arcanine
|-damage|p2a: Arcanine|0 fnt
|faint|p2a: Arcanine
|
|-heal|p1a: Kingambit|62/100|[from] item: Leftovers
|upkeep
|
|t:|1776070232
|switch|p2a: Goodra|Goodra-Hisui, M|60/100 par
|-damage|p2a: Goodra|54/100 par|[from] Stealth Rock
|turn|26
|
|t:|1776070237
|move|p1a: Kingambit|Low Kick|p2a: Goodra
|-supereffective|p2a: Goodra
|-damage|p2a: Goodra|0 fnt
|faint|p2a: Goodra
|
|win|Rehheeh
|raw|Rehheeh's rating: 1392 &rarr; <strong>1413</strong><br />(+21 for winning)
|raw|Mr. Kream's rating: 1407 &rarr; <strong>1386</strong><br />(-21 for losing)
|l|‽Rehheeh
|player|p1|
|l|‽Mr. Kream
|player|p2|
