|html|<div class="broadcast-blue"><strong>[Gen 9] OU is currently suspecting Tera Blast! For information on how to participate check out the <a href="https://www.smogon.com/tools/suspects/view/200">suspect thread</a>.</strong></div>
|j|‽GYANROSLINGFAN
|j|☆vbmh
|t:|1776278617
|gametype|singles
|player|p1|GYANROSLINGFAN|169|1000
|player|p2|vbmh|169|1000
|gen|9
|tier|[Gen 9] OU
|rated|
|rule|HP Percentage Mod: HP is shown in percentages
|rule|Endless Battle Clause: Forcing endless battles is banned
|rule|Species Clause: Limit one of each Pokémon
|rule|OHKO Clause: OHKO moves are banned
|rule|Evasion Items Clause: Evasion items are banned
|rule|Evasion Moves Clause: Evasion moves are banned
|rule|Evasion Abilities Clause: Evasion abilities are banned
|rule|Sleep Moves Clause: Sleep-inducing moves are banned
|clearpoke
|poke|p1|Hitmonlee, M|
|poke|p1|Kingdra, F|
|poke|p1|Venusaur, M|
|poke|p1|Torterra, F|
|poke|p1|Mandibuzz, F|
|poke|p1|Garchomp, M|
|poke|p2|Sceptile, F|
|poke|p2|Clefable, F|
|poke|p2|Slowking-Galar, F|
|poke|p2|Hatterene, F|
|poke|p2|Tyranitar, F|
|poke|p2|Houndstone, F|
|teampreview
|inactive|Battle timer is ON: inactive players will automatically lose when time's up. (requested by GYANROSLINGFAN)
|
|t:|1776278685
|teamsize|p1|6
|teamsize|p2|6
|start
|switch|p1a: Hitmonlee|Hitmonlee, M, shiny|100/100
|switch|p2a: Sceptile|Sceptile, F|100/100
|turn|1
|
|t:|1776278697
|move|p2a: Sceptile|Agility|p2a: Sceptile
|-boost|p2a: Sceptile|spe|2
|move|p1a: Hitmonlee|Swords Dance|p1a: Hitmonlee
|-boost|p1a: Hitmonlee|atk|2
|
|upkeep
|turn|2
|
|t:|1776278708
|move|p2a: Sceptile|Agility|p2a: Sceptile
|-boost|p2a: Sceptile|spe|2
|move|p1a: Hitmonlee|Swords Dance|p1a: Hitmonlee
|-boost|p1a: Hitmonlee|atk|2
|
|upkeep
|turn|3
|
|t:|1776278714
|move|p2a: Sceptile|Acrobatics|p1a: Hitmonlee
|-supereffective|p1a: Hitmonlee
|-damage|p1a: Hitmonlee|52/100
|move|p1a: Hitmonlee|Reversal|p2a: Sceptile
|-damage|p2a: Sceptile|0 fnt
|faint|p2a: Sceptile
|
|upkeep
|
|t:|1776278724
|switch|p2a: Tyranitar|Tyranitar, F|100/100
|-weather|Sandstorm|[from] ability: Sand Stream|[of] p2a: Tyranitar
|turn|4
|
|t:|1776278733
|move|p1a: Hitmonlee|Mach Punch|p2a: Tyranitar
|-supereffective|p2a: Tyranitar
|-damage|p2a: Tyranitar|0 fnt
|faint|p2a: Tyranitar
|
|-weather|Sandstorm|[upkeep]
|-damage|p1a: Hitmonlee|45/100|[from] Sandstorm
|upkeep
|
|t:|1776278737
|switch|p2a: Houndstone|Houndstone, F, shiny|100/100
|turn|5
|
|t:|1776278746
|-terastallize|p2a: Houndstone|Fairy
|move|p1a: Hitmonlee|Bullet Punch|p2a: Houndstone
|-supereffective|p2a: Houndstone
|-damage|p2a: Houndstone|0 fnt
|faint|p2a: Houndstone
|
|-weather|Sandstorm|[upkeep]
|-damage|p1a: Hitmonlee|39/100|[from] Sandstorm
|upkeep
|
|t:|1776278752
|switch|p2a: Hatterene|Hatterene, F|100/100
|turn|6
|
|t:|1776278765
|move|p1a: Hitmonlee|Bullet Punch|p2a: Hatterene
|-supereffective|p2a: Hatterene
|-damage|p2a: Hatterene|13/100
|move|p2a: Hatterene|Trick Room|p2a: Hatterene
|-fieldstart|move: Trick Room|[of] p2a: Hatterene
|
|-weather|Sandstorm|[upkeep]
|-damage|p2a: Hatterene|8/100|[from] Sandstorm
|-damage|p1a: Hitmonlee|33/100|[from] Sandstorm
|upkeep
|turn|7
|
|t:|1776278772
|move|p1a: Hitmonlee|Bullet Punch|p2a: Hatterene
|-supereffective|p2a: Hatterene
|-damage|p2a: Hatterene|0 fnt
|faint|p2a: Hatterene
|
|-weather|Sandstorm|[upkeep]
|-damage|p1a: Hitmonlee|27/100|[from] Sandstorm
|upkeep
|
|t:|1776278775
|switch|p2a: Slowking|Slowking-Galar, F|100/100
|-enditem|p2a: Slowking|Room Service
|-unboost|p2a: Slowking|spe|1|[from] item: Room Service
|turn|8
|
|t:|1776278782
|move|p1a: Hitmonlee|Bullet Punch|p2a: Slowking
|-damage|p2a: Slowking|48/100
|move|p2a: Slowking|Blizzard|p1a: Hitmonlee
|-damage|p1a: Hitmonlee|0 fnt
|faint|p1a: Hitmonlee
|
|-weather|none
|upkeep
|
|t:|1776278809
|switch|p1a: Mandibuzz|Mandibuzz, F|100/100
|turn|9
|
|t:|1776278819
|move|p1a: Mandibuzz|Protect|p1a: Mandibuzz
|-singleturn|p1a: Mandibuzz|Protect
|move|p2a: Slowking|Blizzard|p1a: Mandibuzz
|-activate|p1a: Mandibuzz|move: Protect
|
|upkeep
|turn|10
|
|t:|1776278829
|move|p1a: Mandibuzz|Protect|p1a: Mandibuzz
|-singleturn|p1a: Mandibuzz|Protect
|move|p2a: Slowking|Blizzard|p1a: Mandibuzz
|-activate|p1a: Mandibuzz|move: Protect
|
|-fieldend|move: Trick Room
|upkeep
|turn|11
|
|t:|1776278834
|switch|p2a: Clefable|Clefable, F|100/100
|move|p1a: Mandibuzz|U-turn|p2a: Clefable
|-resisted|p2a: Clefable
|-damage|p2a: Clefable|96/100
|inactiveoff|Battle timer is now OFF.
|
|t:|1776278869
|switch|p1a: Torterra|Torterra, F, shiny|100/100|[from] U-turn
|
|upkeep
|turn|12
|
|t:|1776278971
|move|p2a: Clefable|Reflect|p2a: Clefable
|-sidestart|p2: vbmh|Reflect
|move|p1a: Torterra|Stockpile|p1a: Torterra
|-start|p1a: Torterra|stockpile1
|-boost|p1a: Torterra|def|1
|-boost|p1a: Torterra|spd|1
|
|upkeep
|turn|13
|l|☆vbmh
|player|p2|
|
|t:|1776279079
|move|p2a: Clefable|Light Screen|p2a: Clefable
|-sidestart|p2: vbmh|move: Light Screen
|move|p1a: Torterra|Swords Dance|p1a: Torterra
|-boost|p1a: Torterra|atk|2
|
|upkeep
|turn|14
|j|☆vbmh
|player|p2|vbmh|169|
|l|☆vbmh
|player|p2|
|
|t:|1776279132
|move|p2a: Clefable|Knock Off|p1a: Torterra
|-damage|p1a: Torterra|88/100
|-enditem|p1a: Torterra|Leftovers|[from] move: Knock Off|[of] p2a: Clefable
|-heal|p2a: Clefable|97/100|[from] item: Shell Bell|[of] p1a: Torterra
|move|p1a: Torterra|Stockpile|p1a: Torterra
|-start|p1a: Torterra|stockpile2
|-boost|p1a: Torterra|def|1
|-boost|p1a: Torterra|spd|1
|
|upkeep
|turn|15
|j|☆vbmh
|player|p2|vbmh|169|
|
|t:|1776279147
|move|p2a: Clefable|Knock Off|p1a: Torterra
|-damage|p1a: Torterra|78/100
|-heal|p2a: Clefable|98/100|[from] item: Shell Bell|[of] p1a: Torterra
|move|p1a: Torterra|Swords Dance|p1a: Torterra
|-boost|p1a: Torterra|atk|2
|
|upkeep
|turn|16
|
|t:|1776279156
|switch|p2a: Slowking|Slowking-Galar, F|81/100
|move|p1a: Torterra|Stockpile|p1a: Torterra
|-start|p1a: Torterra|stockpile3
|-boost|p1a: Torterra|def|1
|-boost|p1a: Torterra|spd|1
|
|-sideend|p2: vbmh|Reflect
|upkeep
|turn|17
|
|t:|1776279162
|move|p1a: Torterra|Earthquake|p2a: Slowking
|-supereffective|p2a: Slowking
|-damage|p2a: Slowking|0 fnt
|faint|p2a: Slowking
|
|-sideend|p2: vbmh|move: Light Screen
|upkeep
|
|t:|1776279164
|switch|p2a: Clefable|Clefable, F|98/100
|turn|18
|
|t:|1776279167
|move|p2a: Clefable|Knock Off|p1a: Torterra
|-damage|p1a: Torterra|68/100
|-heal|p2a: Clefable|99/100|[from] item: Shell Bell|[of] p1a: Torterra
|move|p1a: Torterra|Earthquake|p2a: Clefable
|-damage|p2a: Clefable|59/100
|
|upkeep
|turn|19
|
|t:|1776279172
|move|p2a: Clefable|Knock Off|p1a: Torterra
|-damage|p1a: Torterra|59/100
|-heal|p2a: Clefable|60/100|[from] item: Shell Bell|[of] p1a: Torterra
|move|p1a: Torterra|Earthquake|p2a: Clefable
|-damage|p2a: Clefable|22/100
|
|upkeep
|turn|20
|
|t:|1776279177
|move|p2a: Clefable|Knock Off|p1a: Torterra
|-damage|p1a: Torterra|49/100
|-heal|p2a: Clefable|23/100|[from] item: Shell Bell|[of] p1a: Torterra
|move|p1a: Torterra|Earthquake|p2a: Clefable
|-damage|p2a: Clefable|0 fnt
|faint|p2a: Clefable
|
|win|GYANROSLINGFAN
|raw|GYANROSLINGFAN's rating: 1000 &rarr; <strong>1040</strong><br />(+40 for winning)
|raw|vbmh's rating: 1000 &rarr; <strong>1000</strong><br />(+0 for losing)
|l|☆vbmh
|player|p2|
