|html|<div class="broadcast-blue"><strong>[Gen 9] OU is currently suspecting Tera Blast! For information on how to participate check out the <a href="https://www.smogon.com/tools/suspects/view/200">suspect thread</a>.</strong></div>
|j|☆jtrainer22
|j|☆millan22gengar
|t:|1776196376
|gametype|singles
|player|p1|jtrainer22|marshal|1344
|player|p2|millan22gengar|101|1310
|gen|9
|tier|[Gen 9] OU
|rated|
|rule|HP Percentage Mod: HP is shown in percentages
|rule|Endless Battle Clause: Forcing endless battles is banned
|rule|Species Clause: Limit one of each Pokémon
|rule|OHKO Clause: OHKO moves are banned
|rule|Evasion Items Clause: Evasion items are banned
|rule|Evasion Moves Clause: Evasion moves are banned
|rule|Evasion Abilities Clause: Evasion abilities are banned
|rule|Sleep Moves Clause: Sleep-inducing moves are banned
|clearpoke
|poke|p1|Pelipper, M|
|poke|p1|Thundurus-Therian, M|
|poke|p1|Raging Bolt|
|poke|p1|Iron Treads|
|poke|p1|Ogerpon-Wellspring, F|
|poke|p1|Kyurem|
|poke|p2|Garganacl, F|
|poke|p2|Darkrai|
|poke|p2|Kingambit, F|
|poke|p2|Iron Moth|
|poke|p2|Donphan, M|
|poke|p2|Landorus-Therian, M|
|teampreview
|c|☆jtrainer22|glhf
|inactive|Battle timer is ON: inactive players will automatically lose when time's up. (requested by jtrainer22)
|
|t:|1776196399
|teamsize|p1|6
|teamsize|p2|6
|start
|switch|p1a: Pelipper|Pelipper, M, shiny|100/100
|switch|p2a: Iron Moth|Iron Moth|100/100
|-weather|RainDance|[from] ability: Drizzle|[of] p1a: Pelipper
|turn|1
|
|t:|1776196403
|move|p2a: Iron Moth|Discharge|p1a: Pelipper
|-supereffective|p1a: Pelipper
|-damage|p1a: Pelipper|0 fnt
|faint|p1a: Pelipper
|
|-weather|RainDance|[upkeep]
|upkeep
|
|t:|1776196409
|switch|p1a: Thundurus|Thundurus-Therian, M, shiny|100/100
|turn|2
|
|t:|1776196413
|-end|p2a: Iron Moth|Quark Drive|[silent]
|switch|p2a: Landorus|Landorus-Therian, M|100/100
|-ability|p2a: Landorus|Intimidate|boost
|-unboost|p1a: Thundurus|atk|1
|move|p1a: Thundurus|Agility|p1a: Thundurus
|-boost|p1a: Thundurus|spe|2
|
|-weather|RainDance|[upkeep]
|upkeep
|turn|3
|
|t:|1776196420
|-terastallize|p2a: Landorus|Ice
|move|p1a: Thundurus|Weather Ball|p2a: Landorus
|-damage|p2a: Landorus|21/100
|move|p2a: Landorus|Tera Blast|p1a: Thundurus|[anim] Tera Blast Ice
|-supereffective|p1a: Thundurus
|-damage|p1a: Thundurus|0 fnt
|faint|p1a: Thundurus
|
|-weather|RainDance|[upkeep]
|upkeep
|inactive|jtrainer22 has 120 seconds left.
|
|t:|1776196457
|switch|p1a: Ogerpon|Ogerpon-Wellspring, F|100/100
|turn|4
|
|t:|1776196460
|move|p1a: Ogerpon|Ivy Cudgel|p2a: Landorus|[anim] Ivy Cudgel Water
|-damage|p2a: Landorus|0 fnt
|faint|p2a: Landorus
|
|-weather|RainDance|[upkeep]
|upkeep
|
|t:|1776196466
|switch|p2a: Donphan|Donphan, M|100/100
|turn|5
|inactive|jtrainer22 has 120 seconds left.
|
|t:|1776196492
|move|p1a: Ogerpon|Ivy Cudgel|p2a: Donphan|[anim] Ivy Cudgel Water
|-supereffective|p2a: Donphan
|-ability|p2a: Donphan|Sturdy
|-damage|p2a: Donphan|1/100
|move|p2a: Donphan|Endeavor|p1a: Ogerpon
|-damage|p1a: Ogerpon|1/100
|
|-weather|RainDance|[upkeep]
|upkeep
|turn|6
|
|t:|1776196500
|move|p2a: Donphan|Ice Shard|p1a: Ogerpon
|-damage|p1a: Ogerpon|0 fnt
|faint|p1a: Ogerpon
|
|-weather|RainDance|[upkeep]
|upkeep
|
|t:|1776196505
|switch|p1a: Treadmill|Iron Treads, shiny|100/100
|-enditem|p1a: Treadmill|Booster Energy
|-activate|p1a: Treadmill|ability: Quark Drive|[fromitem]
|-start|p1a: Treadmill|quarkdrivespe
|turn|7
|inactive|millan22gengar has 120 seconds left.
|inactive|millan22gengar has 90 seconds left.
|
|t:|1776196583
|move|p1a: Treadmill|Earthquake|p2a: Donphan
|-damage|p2a: Donphan|0 fnt
|faint|p2a: Donphan
|
|-weather|RainDance|[upkeep]
|upkeep
|
|t:|1776196597
|switch|p2a: Garganacl|Garganacl, F|100/100
|turn|8
|
|t:|1776196611
|move|p2a: Garganacl|Protect|p2a: Garganacl
|-singleturn|p2a: Garganacl|Protect
|move|p1a: Treadmill|Earthquake|p2a: Garganacl
|-activate|p2a: Garganacl|move: Protect
|
|-weather|none
|upkeep
|turn|9
|
|t:|1776196619
|move|p1a: Treadmill|Knock Off|p2a: Garganacl
|-damage|p2a: Garganacl|81/100
|-enditem|p2a: Garganacl|Leftovers|[from] move: Knock Off|[of] p1a: Treadmill
|move|p2a: Garganacl|Body Press|p1a: Treadmill
|-supereffective|p1a: Treadmill
|-damage|p1a: Treadmill|41/100
|
|upkeep
|turn|10
|
|t:|1776196624
|move|p1a: Treadmill|Earthquake|p2a: Garganacl
|-supereffective|p2a: Garganacl
|-damage|p2a: Garganacl|21/100
|move|p2a: Garganacl|Recover|p2a: Garganacl
|-heal|p2a: Garganacl|71/100
|
|upkeep
|turn|11
|
|t:|1776196635
|move|p1a: Treadmill|Earthquake|p2a: Garganacl
|-supereffective|p2a: Garganacl
|-damage|p2a: Garganacl|17/100
|move|p2a: Garganacl|Body Press|p1a: Treadmill
|-supereffective|p1a: Treadmill
|-damage|p1a: Treadmill|0 fnt
|faint|p1a: Treadmill
|-end|p1a: Treadmill|Quark Drive|[silent]
|
|upkeep
|
|t:|1776196640
|switch|p1a: Kyurem|Kyurem|100/100
|-ability|p1a: Kyurem|Pressure
|turn|12
|
|t:|1776196648
|move|p1a: Kyurem|Earth Power|p2a: Garganacl
|-supereffective|p2a: Garganacl
|-damage|p2a: Garganacl|0 fnt
|faint|p2a: Garganacl
|
|upkeep
|
|t:|1776196652
|switch|p2a: Darkrai|Darkrai|100/100
|turn|13
|
|t:|1776196659
|-terastallize|p1a: Kyurem|Fairy
|move|p2a: Darkrai|Dark Pulse|p1a: Kyurem
|-resisted|p1a: Kyurem
|-damage|p1a: Kyurem|84/100
|move|p1a: Kyurem|Dragon Dance|p1a: Kyurem
|-boost|p1a: Kyurem|atk|1
|-boost|p1a: Kyurem|spe|1
|
|upkeep
|turn|14
|
|t:|1776196668
|switch|p2a: Kingambit|Kingambit, F|100/100
|-activate|p2a: Kingambit|ability: Supreme Overlord
|-start|p2a: Kingambit|fallen3|[silent]
|move|p1a: Kyurem|Icicle Spear|p2a: Kingambit
|-resisted|p2a: Kingambit
|-damage|p2a: Kingambit|93/100
|-resisted|p2a: Kingambit
|-damage|p2a: Kingambit|86/100
|-hitcount|p2a: Kingambit|2
|
|upkeep
|turn|15
|
|t:|1776196672
|move|p1a: Kyurem|Earth Power|p2a: Kingambit
|-supereffective|p2a: Kingambit
|-damage|p2a: Kingambit|16/100
|move|p2a: Kingambit|Iron Head|p1a: Kyurem
|-supereffective|p1a: Kyurem
|-damage|p1a: Kyurem|0 fnt
|faint|p1a: Kyurem
|
|upkeep
|
|t:|1776196675
|switch|p1a: Raging Bolt|Raging Bolt|100/100
|-enditem|p1a: Raging Bolt|Booster Energy
|-activate|p1a: Raging Bolt|ability: Protosynthesis|[fromitem]
|-start|p1a: Raging Bolt|protosynthesisspa
|turn|16
|
|t:|1776196681
|move|p1a: Raging Bolt|Thunderclap|p2a: Kingambit
|-damage|p2a: Kingambit|0 fnt
|faint|p2a: Kingambit
|-end|p2a: Kingambit|fallen3|[silent]
|
|upkeep
|
|t:|1776196706
|switch|p2a: Darkrai|Darkrai|100/100
|turn|17
|
|t:|1776196715
|move|p2a: Darkrai|Trick|p1a: Raging Bolt
|-activate|p2a: Darkrai|move: Trick|[of] p1a: Raging Bolt
|-item|p1a: Raging Bolt|Choice Scarf|[from] move: Trick
|-enditem|p2a: Darkrai|Choice Scarf|[silent]|[from] move: Trick
|move|p1a: Raging Bolt|Thunder|p2a: Darkrai
|-crit|p2a: Darkrai
|-damage|p2a: Darkrai|0 fnt
|faint|p2a: Darkrai
|
|upkeep
|
|t:|1776196721
|switch|p2a: Iron Moth|Iron Moth|100/100
|turn|18
|
|t:|1776196728
|move|p1a: Raging Bolt|Thunder|p2a: Iron Moth
|-damage|p2a: Iron Moth|19/100
|-status|p2a: Iron Moth|par
|cant|p2a: Iron Moth|par
|
|upkeep
|turn|19
|-message|millan22gengar forfeited.
|
|win|jtrainer22
|raw|jtrainer22's rating: 1344 &rarr; <strong>1362</strong><br />(+18 for winning)
|raw|millan22gengar's rating: 1310 &rarr; <strong>1292</strong><br />(-18 for losing)
|l|☆millan22gengar
|player|p2|
