|html|<div class="broadcast-blue"><strong>[Gen 9] OU is currently suspecting Tera Blast! For information on how to participate check out the <a href="https://www.smogon.com/tools/suspects/view/200">suspect thread</a>.</strong></div>
|j|☆galvantulaglazer2
|j|☆RocketMaid
|t:|1776132799
|gametype|singles
|player|p1|galvantulaglazer2|pokemaniac|1101
|player|p2|RocketMaid|nurse|1161
|gen|9
|tier|[Gen 9] OU
|rated|
|rule|HP Percentage Mod: HP is shown in percentages
|rule|Endless Battle Clause: Forcing endless battles is banned
|rule|Species Clause: Limit one of each Pokémon
|rule|OHKO Clause: OHKO moves are banned
|rule|Evasion Items Clause: Evasion items are banned
|rule|Evasion Moves Clause: Evasion moves are banned
|rule|Evasion Abilities Clause: Evasion abilities are banned
|rule|Sleep Moves Clause: Sleep-inducing moves are banned
|clearpoke
|poke|p1|Galvantula, F|
|poke|p1|Tauros-Paldea-Aqua, M|
|poke|p1|Excadrill, M|
|poke|p1|Porygon2|
|poke|p1|Sinistcha|
|poke|p1|Rotom-Wash|
|poke|p2|Deoxys-Speed|
|poke|p2|Kingambit, F|
|poke|p2|Ogerpon-Wellspring, F|
|poke|p2|Dragonite, M|
|poke|p2|Great Tusk|
|poke|p2|Latios, M|
|teampreview
|inactive|Battle timer is ON: inactive players will automatically lose when time's up. (requested by RocketMaid)
|inactive|galvantulaglazer2 also wants the timer to be on.
|
|t:|1776132805
|teamsize|p1|6
|teamsize|p2|6
|start
|switch|p1a: Galvantula|Galvantula, F, shiny|100/100
|switch|p2a: Ishowspeed|Deoxys-Speed|100/100
|-ability|p2a: Ishowspeed|Pressure
|turn|1
|
|t:|1776132808
|move|p2a: Ishowspeed|Taunt|p1a: Galvantula
|-start|p1a: Galvantula|move: Taunt
|move|p1a: Galvantula|Bug Buzz|p2a: Ishowspeed
|-supereffective|p2a: Ishowspeed
|-damage|p2a: Ishowspeed|14/100
|
|upkeep
|turn|2
|
|t:|1776132820
|move|p2a: Ishowspeed|Light Screen|p2a: Ishowspeed
|-sidestart|p2: RocketMaid|move: Light Screen
|move|p1a: Galvantula|Bug Buzz|p2a: Ishowspeed
|-supereffective|p2a: Ishowspeed
|-damage|p2a: Ishowspeed|0 fnt
|faint|p2a: Ishowspeed
|
|upkeep
|inactive|RocketMaid has 120 seconds left.
|
|t:|1776132846
|switch|p2a: BONK|Ogerpon-Wellspring, F|100/100
|turn|3
|inactive|RocketMaid has 120 seconds left.
|
|t:|1776132871
|switch|p1a: Porygon2|Porygon2|100/100
|-ability|p1a: Porygon2|Download|boost
|-boost|p1a: Porygon2|atk|1
|move|p2a: BONK|Trailblaze|p1a: Porygon2
|-damage|p1a: Porygon2|78/100
|-boost|p2a: BONK|spe|1
|
|upkeep
|turn|4
|
|t:|1776132885
|-terastallize|p2a: BONK|Water
|detailschange|p2a: BONK|Ogerpon-Wellspring-Tera, F, tera:Water
|-ability|p2a: BONK|Embody Aspect (Wellspring)|boost
|-boost|p2a: BONK|spd|1
|move|p2a: BONK|Swords Dance|p2a: BONK
|-boost|p2a: BONK|atk|2
|move|p1a: Porygon2|Thunder Wave|p2a: BONK
|-status|p2a: BONK|par
|
|upkeep
|turn|5
|
|t:|1776132894
|move|p2a: BONK|Ivy Cudgel|p1a: Porygon2|[anim] Ivy Cudgel Water
|-damage|p1a: Porygon2|0 fnt
|faint|p1a: Porygon2
|
|upkeep
|
|t:|1776132899
|switch|p1a: Galvantula|Galvantula, F, shiny|100/100
|turn|6
|
|t:|1776132902
|move|p1a: Galvantula|Thunder|p2a: BONK
|-supereffective|p2a: BONK
|-damage|p2a: BONK|63/100 par
|move|p2a: BONK|Ivy Cudgel|p1a: Galvantula|[anim] Ivy Cudgel Water
|-crit|p1a: Galvantula
|-enditem|p1a: Galvantula|Focus Sash
|-damage|p1a: Galvantula|1/100
|
|upkeep
|turn|7
|
|t:|1776132910
|switch|p1a: Rotom|Rotom-Wash|100/100
|move|p2a: BONK|Trailblaze|p1a: Rotom
|-supereffective|p1a: Rotom
|-damage|p1a: Rotom|0 fnt
|-boost|p2a: BONK|spe|1
|faint|p1a: Rotom
|
|upkeep
|
|t:|1776132921
|switch|p1a: Tauros|Tauros-Paldea-Aqua, M|100/100
|-ability|p1a: Tauros|Intimidate|boost
|-unboost|p2a: BONK|atk|1
|turn|8
|
|t:|1776132928
|switch|p1a: Sinistcha|Sinistcha|100/100
|move|p2a: BONK|Trailblaze|p1a: Sinistcha
|-resisted|p1a: Sinistcha
|-damage|p1a: Sinistcha|76/100
|-boost|p2a: BONK|spe|1
|
|upkeep
|turn|9
|
|t:|1776132939
|cant|p2a: BONK|par
|move|p1a: Sinistcha|Strength Sap|p2a: BONK
|-unboost|p2a: BONK|atk|1
|-heal|p1a: Sinistcha|100/100
|
|-sideend|p2: RocketMaid|move: Light Screen
|upkeep
|turn|10
|
|t:|1776132942
|cant|p2a: BONK|par
|move|p1a: Sinistcha|Strength Sap|p2a: BONK
|-unboost|p2a: BONK|atk|1
|
|upkeep
|turn|11
|
|t:|1776132946
|cant|p2a: BONK|par
|move|p1a: Sinistcha|Strength Sap|p2a: BONK
|-unboost|p2a: BONK|atk|1
|
|upkeep
|turn|12
|
|t:|1776132948
|cant|p2a: BONK|par
|move|p1a: Sinistcha|Calm Mind|p1a: Sinistcha
|-boost|p1a: Sinistcha|spa|1
|-boost|p1a: Sinistcha|spd|1
|
|upkeep
|turn|13
|
|t:|1776132951
|cant|p2a: BONK|par
|move|p1a: Sinistcha|Calm Mind|p1a: Sinistcha
|-boost|p1a: Sinistcha|spa|1
|-boost|p1a: Sinistcha|spd|1
|
|upkeep
|turn|14
|
|t:|1776132954
|move|p2a: BONK|Swords Dance|p2a: BONK
|-boost|p2a: BONK|atk|2
|move|p1a: Sinistcha|Calm Mind|p1a: Sinistcha
|-boost|p1a: Sinistcha|spa|1
|-boost|p1a: Sinistcha|spd|1
|
|upkeep
|turn|15
|c|☆RocketMaid|WHAT IS HAPPENING
|
|t:|1776132967
|cant|p2a: BONK|par
|move|p1a: Sinistcha|Strength Sap|p2a: BONK
|-unboost|p2a: BONK|atk|1
|
|upkeep
|turn|16
|
|t:|1776132971
|cant|p2a: BONK|par
|move|p1a: Sinistcha|Shadow Ball|p2a: BONK
|-damage|p2a: BONK|0 fnt
|faint|p2a: BONK
|detailschange|p2: BONK|Ogerpon-Wellspring, F|[silent]
|
|upkeep
|
|t:|1776132973
|switch|p2a: But it refused|Kingambit, F|100/100
|-activate|p2a: But it refused|ability: Supreme Overlord
|-start|p2a: But it refused|fallen2|[silent]
|turn|17
|
|t:|1776132976
|move|p2a: But it refused|Sucker Punch||[still]
|-fail|p2a: But it refused
|move|p1a: Sinistcha|Strength Sap|p2a: But it refused
|-unboost|p2a: But it refused|atk|1
|
|upkeep
|turn|18
|
|t:|1776132981
|move|p1a: Sinistcha|Strength Sap|p2a: But it refused
|-unboost|p2a: But it refused|atk|1
|move|p2a: But it refused|Swords Dance|p2a: But it refused
|-boost|p2a: But it refused|atk|2
|
|upkeep
|turn|19
|
|t:|1776132985
|move|p1a: Sinistcha|Strength Sap|p2a: But it refused
|-unboost|p2a: But it refused|atk|1
|move|p2a: But it refused|Swords Dance|p2a: But it refused
|-boost|p2a: But it refused|atk|2
|
|upkeep
|turn|20
|
|t:|1776132988
|move|p1a: Sinistcha|Matcha Gotcha|p2a: But it refused
|-resisted|p2a: But it refused
|-damage|p2a: But it refused|42/100
|move|p2a: But it refused|Swords Dance|p2a: But it refused
|-boost|p2a: But it refused|atk|2
|
|-heal|p2a: But it refused|48/100|[from] item: Leftovers
|upkeep
|turn|21
|
|t:|1776132993
|move|p2a: But it refused|Sucker Punch||[still]
|-fail|p2a: But it refused
|move|p1a: Sinistcha|Strength Sap|p2a: But it refused
|-unboost|p2a: But it refused|atk|1
|
|-heal|p2a: But it refused|54/100|[from] item: Leftovers
|upkeep
|turn|22
|
|t:|1776132998
|move|p1a: Sinistcha|Matcha Gotcha|p2a: But it refused
|-resisted|p2a: But it refused
|-damage|p2a: But it refused|0 fnt
|faint|p2a: But it refused
|-end|p2a: But it refused|fallen2|[silent]
|
|upkeep
|
|t:|1776133001
|switch|p2a: Dragon Deez Nuts|Dragonite, M|100/100
|turn|23
|
|t:|1776133005
|move|p2a: Dragon Deez Nuts|Dragon Dance|p2a: Dragon Deez Nuts
|-boost|p2a: Dragon Deez Nuts|atk|1
|-boost|p2a: Dragon Deez Nuts|spe|1
|move|p1a: Sinistcha|Shadow Ball|p2a: Dragon Deez Nuts
|-damage|p2a: Dragon Deez Nuts|46/100
|
|upkeep
|turn|24
|
|t:|1776133007
|move|p2a: Dragon Deez Nuts|Dragon Claw|p1a: Sinistcha
|-damage|p1a: Sinistcha|37/100
|move|p1a: Sinistcha|Shadow Ball|p2a: Dragon Deez Nuts
|-damage|p2a: Dragon Deez Nuts|0 fnt
|faint|p2a: Dragon Deez Nuts
|
|upkeep
|
|t:|1776133012
|switch|p2a: Mr. Tusk|Great Tusk|100/100
|-enditem|p2a: Mr. Tusk|Booster Energy
|-activate|p2a: Mr. Tusk|ability: Protosynthesis|[fromitem]
|-start|p2a: Mr. Tusk|protosynthesisspe
|turn|25
|
|t:|1776133015
|move|p2a: Mr. Tusk|Ice Spinner|p1a: Sinistcha
|-supereffective|p1a: Sinistcha
|-damage|p1a: Sinistcha|0 fnt
|faint|p1a: Sinistcha
|
|upkeep
|
|t:|1776133021
|switch|p1a: Tauros|Tauros-Paldea-Aqua, M|100/100
|-ability|p1a: Tauros|Intimidate|boost
|-unboost|p2a: Mr. Tusk|atk|1
|turn|26
|
|t:|1776133026
|switch|p1a: Galvantula|Galvantula, F, shiny|1/100
|move|p2a: Mr. Tusk|Bulk Up|p2a: Mr. Tusk
|-boost|p2a: Mr. Tusk|atk|1
|-boost|p2a: Mr. Tusk|def|1
|
|upkeep
|turn|27
|
|t:|1776133033
|move|p2a: Mr. Tusk|Bulk Up|p2a: Mr. Tusk
|-boost|p2a: Mr. Tusk|atk|1
|-boost|p2a: Mr. Tusk|def|1
|move|p1a: Galvantula|Bug Buzz|p2a: Mr. Tusk
|-resisted|p2a: Mr. Tusk
|-crit|p2a: Mr. Tusk
|-damage|p2a: Mr. Tusk|66/100
|-unboost|p2a: Mr. Tusk|spd|1
|
|upkeep
|turn|28
|
|t:|1776133040
|move|p2a: Mr. Tusk|Rapid Spin|p1a: Galvantula
|-damage|p1a: Galvantula|0 fnt
|-boost|p2a: Mr. Tusk|spe|1
|faint|p1a: Galvantula
|
|upkeep
|
|t:|1776133046
|switch|p1a: Tauros|Tauros-Paldea-Aqua, M|100/100
|-ability|p1a: Tauros|Intimidate|boost
|-unboost|p2a: Mr. Tusk|atk|1
|turn|29
|
|t:|1776133052
|move|p1a: Tauros|Aqua Jet|p2a: Mr. Tusk
|-supereffective|p2a: Mr. Tusk
|-damage|p2a: Mr. Tusk|49/100
|-damage|p1a: Tauros|91/100|[from] item: Life Orb
|move|p2a: Mr. Tusk|Bulk Up|p2a: Mr. Tusk
|-boost|p2a: Mr. Tusk|atk|1
|-boost|p2a: Mr. Tusk|def|1
|
|upkeep
|turn|30
|
|t:|1776133056
|move|p2a: Mr. Tusk|Headlong Rush|p1a: Tauros
|-damage|p1a: Tauros|10/100
|-unboost|p2a: Mr. Tusk|def|1
|-unboost|p2a: Mr. Tusk|spd|1
|move|p1a: Tauros|Wave Crash|p2a: Mr. Tusk
|-supereffective|p2a: Mr. Tusk
|-damage|p2a: Mr. Tusk|4/100
|-damage|p1a: Tauros|0 fnt|[from] Recoil
|faint|p1a: Tauros
|
|upkeep
|
|t:|1776133060
|switch|p1a: Excadrill|Excadrill, M|100/100
|-ability|p1a: Excadrill|Mold Breaker
|-item|p1a: Excadrill|Air Balloon
|turn|31
|
|t:|1776133065
|move|p2a: Mr. Tusk|Ice Spinner|p1a: Excadrill
|-damage|p1a: Excadrill|55/100
|-enditem|p1a: Excadrill|Air Balloon
|move|p1a: Excadrill|Rapid Spin|p2a: Mr. Tusk
|-damage|p2a: Mr. Tusk|0 fnt
|-boost|p1a: Excadrill|spe|1
|faint|p2a: Mr. Tusk
|-end|p2a: Mr. Tusk|Protosynthesis|[silent]
|
|upkeep
|
|t:|1776133068
|switch|p2a: SU-30SM2|Latios, M|100/100
|turn|32
|
|t:|1776133080
|-terastallize|p1a: Excadrill|Ground
|move|p1a: Excadrill|Swords Dance|p1a: Excadrill
|-boost|p1a: Excadrill|atk|2
|move|p2a: SU-30SM2|Draco Meteor|p1a: Excadrill
|-damage|p1a: Excadrill|0 fnt
|-unboost|p2a: SU-30SM2|spa|2
|faint|p1a: Excadrill
|
|win|RocketMaid
|raw|galvantulaglazer2's rating: 1101 &rarr; <strong>1080</strong><br />(-21 for losing)
|raw|RocketMaid's rating: 1161 &rarr; <strong>1182</strong><br />(+21 for winning)
|l|☆galvantulaglazer2
|player|p1|
