|html|<div class="broadcast-blue"><strong>[Gen 9] OU is currently suspecting Tera Blast! For information on how to participate check out the <a href="https://www.smogon.com/tools/suspects/view/200">suspect thread</a>.</strong></div>
|j|☆jtrainer22
|j|☆faisha7
|t:|1776223881
|gametype|singles
|player|p1|jtrainer22|marshal|1381
|player|p2|faisha7|265|1369
|gen|9
|tier|[Gen 9] OU
|rated|
|rule|HP Percentage Mod: HP is shown in percentages
|rule|Endless Battle Clause: Forcing endless battles is banned
|rule|Species Clause: Limit one of each Pokémon
|rule|OHKO Clause: OHKO moves are banned
|rule|Evasion Items Clause: Evasion items are banned
|rule|Evasion Moves Clause: Evasion moves are banned
|rule|Evasion Abilities Clause: Evasion abilities are banned
|rule|Sleep Moves Clause: Sleep-inducing moves are banned
|clearpoke
|poke|p1|Hoopa-Unbound|
|poke|p1|Clefable, F|
|poke|p1|Great Tusk|
|poke|p1|Cinderace, M|
|poke|p1|Dragonite, M|
|poke|p1|Slowking-Galar, M|
|poke|p2|Gholdengo|
|poke|p2|Samurott-Hisui, F|
|poke|p2|Great Tusk|
|poke|p2|Clefable, F|
|poke|p2|Dragapult, F|
|poke|p2|Moltres|
|teampreview
|c|☆jtrainer22|glhf
|inactive|Battle timer is ON: inactive players will automatically lose when time's up. (requested by jtrainer22)
|
|t:|1776223890
|teamsize|p1|6
|teamsize|p2|6
|start
|switch|p1a: Slowking|Slowking-Galar, M|100/100
|switch|p2a: Samurott|Samurott-Hisui, F|100/100
|turn|1
|
|t:|1776223903
|switch|p1a: Clefable|Clefable, F|100/100
|move|p2a: Samurott|Ceaseless Edge|p1a: Clefable|[miss]
|-miss|p2a: Samurott|p1a: Clefable
|
|upkeep
|turn|2
|
|t:|1776223913
|move|p2a: Samurott|Ceaseless Edge|p1a: Clefable
|-resisted|p1a: Clefable
|-damage|p1a: Clefable|84/100
|-sidestart|p1: jtrainer22|Spikes
|move|p1a: Clefable|Moonblast|p2a: Samurott
|-supereffective|p2a: Samurott
|-damage|p2a: Samurott|3/100
|
|-heal|p1a: Clefable|90/100|[from] item: Leftovers
|upkeep
|turn|3
|
|t:|1776223921
|switch|p2a: Clefable|Clefable, F|100/100
|move|p1a: Clefable|Moonblast|p2a: Clefable
|-damage|p2a: Clefable|71/100
|
|-heal|p1a: Clefable|96/100|[from] item: Leftovers
|-heal|p2a: Clefable|77/100|[from] item: Leftovers
|upkeep
|turn|4
|
|t:|1776223930
|move|p2a: Clefable|Calm Mind|p2a: Clefable
|-boost|p2a: Clefable|spa|1
|-boost|p2a: Clefable|spd|1
|move|p1a: Clefable|Thunder Wave|p2a: Clefable
|-status|p2a: Clefable|par
|
|-heal|p1a: Clefable|100/100|[from] item: Leftovers
|-heal|p2a: Clefable|83/100 par|[from] item: Leftovers
|upkeep
|turn|5
|
|t:|1776223937
|move|p1a: Clefable|Stealth Rock|p2a: Clefable
|-sidestart|p2: faisha7|move: Stealth Rock
|move|p2a: Clefable|Calm Mind|p2a: Clefable
|-boost|p2a: Clefable|spa|1
|-boost|p2a: Clefable|spd|1
|
|-heal|p2a: Clefable|89/100 par|[from] item: Leftovers
|upkeep
|turn|6
|
|t:|1776223946
|switch|p1a: Cinderace|Cinderace, M|100/100
|move|p2a: Clefable|Stealth Rock|p1a: Cinderace
|-sidestart|p1: jtrainer22|move: Stealth Rock
|
|-heal|p2a: Clefable|95/100 par|[from] item: Leftovers
|upkeep
|turn|7
|
|t:|1776223951
|move|p1a: Cinderace|Pyro Ball|p2a: Clefable
|-damage|p2a: Clefable|61/100 par
|cant|p2a: Clefable|par
|
|-heal|p2a: Clefable|68/100 par|[from] item: Leftovers
|upkeep
|turn|8
|
|t:|1776223959
|move|p1a: Cinderace|Pyro Ball|p2a: Clefable
|-damage|p2a: Clefable|31/100 par
|move|p2a: Clefable|Draining Kiss|p1a: Cinderace
|-resisted|p1a: Cinderace
|-damage|p1a: Cinderace|81/100
|-heal|p2a: Clefable|45/100 par|[from] drain|[of] p1a: Cinderace
|
|-heal|p2a: Clefable|51/100 par|[from] item: Leftovers
|upkeep
|turn|9
|
|t:|1776223970
|move|p1a: Cinderace|Pyro Ball|p2a: Clefable
|-damage|p2a: Clefable|14/100 par
|cant|p2a: Clefable|par
|
|-heal|p2a: Clefable|20/100 par|[from] item: Leftovers
|upkeep
|turn|10
|
|t:|1776223977
|switch|p2a: Moltres|Moltres|100/100
|move|p1a: Cinderace|Pyro Ball|p2a: Moltres
|-resisted|p2a: Moltres
|-damage|p2a: Moltres|80/100
|
|upkeep
|turn|11
|
|t:|1776223983
|move|p1a: Cinderace|U-turn|p2a: Moltres
|-resisted|p2a: Moltres
|-damage|p2a: Moltres|76/100
|
|t:|1776223995
|switch|p1a: Slowking|Slowking-Galar, M|100/100|[from] U-turn
|move|p2a: Moltres|Will-O-Wisp|p1a: Slowking
|-status|p1a: Slowking|brn
|
|-damage|p1a: Slowking|94/100 brn|[from] brn
|upkeep
|turn|12
|
|t:|1776224009
|switch|p2a: Dragapult|Dragapult, F|100/100
|-damage|p2a: Dragapult|88/100|[from] Stealth Rock
|-prepare|p1a: Slowking|Chilly Reception|[premajor]
|move|p1a: Slowking|Chilly Reception|p1a: Slowking
|-weather|Snowscape
|
|t:|1776224017
|switch|p1a: Clefable|Clefable, F|100/100|[from] Chilly Reception
|
|-weather|Snowscape|[upkeep]
|upkeep
|turn|13
|
|t:|1776224021
|move|p2a: Dragapult|Thunder Wave|p1a: Clefable|[miss]
|-miss|p2a: Dragapult|p1a: Clefable
|move|p1a: Clefable|Moonblast|p2a: Dragapult
|-supereffective|p2a: Dragapult
|-damage|p2a: Dragapult|6/100
|-unboost|p2a: Dragapult|spa|1
|
|-weather|Snowscape|[upkeep]
|upkeep
|turn|14
|
|t:|1776224027
|move|p2a: Dragapult|Thunder Wave|p1a: Clefable
|-status|p1a: Clefable|par
|move|p1a: Clefable|Moonblast|p2a: Dragapult
|-supereffective|p2a: Dragapult
|-damage|p2a: Dragapult|0 fnt
|faint|p2a: Dragapult
|
|-weather|Snowscape|[upkeep]
|upkeep
|
|t:|1776224035
|switch|p2a: Great Tusk|Great Tusk|100/100
|-damage|p2a: Great Tusk|98/100|[from] Stealth Rock
|turn|15
|
|t:|1776224043
|-terastallize|p2a: Great Tusk|Water
|move|p2a: Great Tusk|Rapid Spin|p1a: Clefable
|-crit|p1a: Clefable
|-damage|p1a: Clefable|82/100 par
|-boost|p2a: Great Tusk|spe|1
|-sideend|p2: faisha7|Stealth Rock|[from] move: Rapid Spin|[of] p2a: Great Tusk
|move|p1a: Clefable|Moonblast|p2a: Great Tusk
|-damage|p2a: Great Tusk|54/100
|
|-weather|Snowscape|[upkeep]
|-heal|p2a: Great Tusk|60/100|[from] item: Leftovers
|-heal|p1a: Clefable|88/100 par|[from] item: Leftovers
|upkeep
|turn|16
|
|t:|1776224049
|move|p2a: Great Tusk|Bulk Up|p2a: Great Tusk
|-boost|p2a: Great Tusk|atk|1
|-boost|p2a: Great Tusk|def|1
|move|p1a: Clefable|Thunder Wave|p2a: Great Tusk
|-status|p2a: Great Tusk|par
|
|-weather|none
|-heal|p2a: Great Tusk|66/100 par|[from] item: Leftovers
|-heal|p1a: Clefable|94/100 par|[from] item: Leftovers
|upkeep
|turn|17
|
|t:|1776224056
|move|p2a: Great Tusk|Earthquake|p1a: Clefable
|-damage|p1a: Clefable|42/100 par
|move|p1a: Clefable|Moonblast|p2a: Great Tusk
|-damage|p2a: Great Tusk|23/100 par
|-unboost|p2a: Great Tusk|spa|1
|
|-heal|p2a: Great Tusk|29/100 par|[from] item: Leftovers
|-heal|p1a: Clefable|48/100 par|[from] item: Leftovers
|upkeep
|turn|18
|
|t:|1776224065
|move|p2a: Great Tusk|Earthquake|p1a: Clefable
|-damage|p1a: Clefable|0 fnt
|faint|p1a: Clefable
|
|-heal|p2a: Great Tusk|36/100 par|[from] item: Leftovers
|upkeep
|
|t:|1776224073
|switch|p1a: Great Tusk|Great Tusk|100/100
|turn|19
|
|t:|1776224082
|move|p1a: Great Tusk|Rapid Spin|p2a: Great Tusk
|-damage|p2a: Great Tusk|28/100 par
|-boost|p1a: Great Tusk|spe|1
|-sideend|p1: jtrainer22|Spikes|[from] move: Rapid Spin|[of] p1a: Great Tusk
|-sideend|p1: jtrainer22|Stealth Rock|[from] move: Rapid Spin|[of] p1a: Great Tusk
|move|p2a: Great Tusk|Bulk Up|p2a: Great Tusk
|-boost|p2a: Great Tusk|atk|1
|-boost|p2a: Great Tusk|def|1
|
|-heal|p2a: Great Tusk|34/100 par|[from] item: Leftovers
|upkeep
|turn|20
|
|t:|1776224090
|move|p1a: Great Tusk|Headlong Rush|p2a: Great Tusk
|-damage|p2a: Great Tusk|15/100 par
|-unboost|p1a: Great Tusk|def|1
|-unboost|p1a: Great Tusk|spd|1
|move|p2a: Great Tusk|Earthquake|p1a: Great Tusk
|-damage|p1a: Great Tusk|3/100
|
|-heal|p2a: Great Tusk|22/100 par|[from] item: Leftovers
|upkeep
|turn|21
|
|t:|1776224099
|move|p1a: Great Tusk|Headlong Rush|p2a: Great Tusk
|-damage|p2a: Great Tusk|4/100 par
|-unboost|p1a: Great Tusk|def|1
|-unboost|p1a: Great Tusk|spd|1
|move|p2a: Great Tusk|Rapid Spin|p1a: Great Tusk
|-damage|p1a: Great Tusk|0 fnt
|-boost|p2a: Great Tusk|spe|1
|faint|p1a: Great Tusk
|-end|p1a: Great Tusk|Protosynthesis|[silent]
|
|-heal|p2a: Great Tusk|11/100 par|[from] item: Leftovers
|upkeep
|
|t:|1776224112
|switch|p1a: Dragonite|Dragonite, M|100/100
|turn|22
|
|t:|1776224117
|move|p1a: Dragonite|Extreme Speed|p2a: Great Tusk
|-damage|p2a: Great Tusk|1/100 par
|move|p2a: Great Tusk|Body Press|p1a: Dragonite
|-resisted|p1a: Dragonite
|-damage|p1a: Dragonite|84/100
|
|-heal|p2a: Great Tusk|8/100 par|[from] item: Leftovers
|upkeep
|turn|23
|
|t:|1776224124
|move|p1a: Dragonite|Extreme Speed|p2a: Great Tusk
|-damage|p2a: Great Tusk|0 fnt
|faint|p2a: Great Tusk
|-end|p2a: Great Tusk|Protosynthesis|[silent]
|
|upkeep
|
|t:|1776224130
|switch|p2a: Moltres|Moltres|76/100
|turn|24
|
|t:|1776224136
|switch|p1a: Cinderace|Cinderace, M|81/100
|switch|p2a: Samurott|Samurott-Hisui, F|3/100
|
|upkeep
|turn|25
|
|t:|1776224139
|move|p2a: Samurott|Flip Turn|p1a: Cinderace
|-supereffective|p1a: Cinderace
|-crit|p1a: Cinderace
|-damage|p1a: Cinderace|0 fnt
|faint|p1a: Cinderace
|
|t:|1776224148
|switch|p2a: Clefable|Clefable, F|20/100 par|[from] Flip Turn
|
|-heal|p2a: Clefable|26/100 par|[from] item: Leftovers
|upkeep
|
|t:|1776224151
|switch|p1a: Hoopa|Hoopa-Unbound|100/100
|turn|26
|
|t:|1776224157
|move|p1a: Hoopa|Psychic Noise|p2a: Clefable
|-damage|p2a: Clefable|0 fnt
|faint|p2a: Clefable
|
|upkeep
|
|t:|1776224161
|switch|p2a: Samurott|Samurott-Hisui, F|3/100
|turn|27
|
|t:|1776224168
|move|p2a: Samurott|Knock Off|p1a: Hoopa
|-damage|p1a: Hoopa|41/100
|-enditem|p1a: Hoopa|Assault Vest|[from] move: Knock Off|[of] p2a: Samurott
|move|p1a: Hoopa|Drain Punch|p2a: Samurott
|-supereffective|p2a: Samurott
|-damage|p2a: Samurott|0 fnt
|-heal|p1a: Hoopa|43/100|[from] drain|[of] p2a: Samurott
|faint|p2a: Samurott
|-item|p1a: Hoopa|Choice Scarf|[from] ability: Magician|[of] p2: Samurott
|
|upkeep
|
|t:|1776224174
|switch|p2a: Gholdengo|Gholdengo|100/100
|-item|p2a: Gholdengo|Air Balloon
|turn|28
|
|t:|1776224182
|switch|p1a: Slowking|Slowking-Galar, M|100/100 brn
|move|p2a: Gholdengo|Shadow Ball|p1a: Slowking
|-supereffective|p1a: Slowking
|-damage|p1a: Slowking|50/100 brn
|
|-damage|p1a: Slowking|44/100 brn|[from] brn
|upkeep
|turn|29
|
|t:|1776224186
|move|p2a: Gholdengo|Nasty Plot|p2a: Gholdengo
|-boost|p2a: Gholdengo|spa|2
|move|p1a: Slowking|Future Sight|p2a: Gholdengo
|-start|p1a: Slowking|move: Future Sight
|
|-damage|p1a: Slowking|38/100 brn|[from] brn
|upkeep
|turn|30
|
|t:|1776224190
|move|p2a: Gholdengo|Shadow Ball|p1a: Slowking
|-supereffective|p1a: Slowking
|-damage|p1a: Slowking|0 fnt
|faint|p1a: Slowking
|
|upkeep
|
|t:|1776224194
|switch|p1a: Hoopa|Hoopa-Unbound|43/100
|turn|31
|
|t:|1776224203
|move|p1a: Hoopa|Thunderbolt|p2a: Gholdengo
|-damage|p2a: Gholdengo|62/100
|-enditem|p2a: Gholdengo|Air Balloon
|move|p2a: Gholdengo|Shadow Ball|p1a: Hoopa
|-damage|p1a: Hoopa|0 fnt
|faint|p1a: Hoopa
|
|-end|p2a: Gholdengo|move: Future Sight
|-resisted|p2a: Gholdengo
|-damage|p2a: Gholdengo|38/100
|upkeep
|
|t:|1776224206
|switch|p1a: Dragonite|Dragonite, M|84/100
|turn|32
|
|t:|1776224213
|switch|p2a: Moltres|Moltres|76/100
|-terastallize|p1a: Dragonite|Normal
|move|p1a: Dragonite|Dragon Dance|p1a: Dragonite
|-boost|p1a: Dragonite|atk|1
|-boost|p1a: Dragonite|spe|1
|
|upkeep
|turn|33
|
|t:|1776224222
|move|p1a: Dragonite|Extreme Speed|p2a: Moltres
|-damage|p2a: Moltres|9/100
|-status|p1a: Dragonite|brn|[from] ability: Flame Body|[of] p2a: Moltres
|move|p2a: Moltres|Will-O-Wisp|p1a: Dragonite|[miss]
|-miss|p2a: Moltres|p1a: Dragonite
|
|-damage|p1a: Dragonite|78/100 brn|[from] brn
|upkeep
|turn|34
|
|t:|1776224228
|move|p1a: Dragonite|Extreme Speed|p2a: Moltres
|-damage|p2a: Moltres|0 fnt
|faint|p2a: Moltres
|
|-damage|p1a: Dragonite|71/100 brn|[from] brn
|upkeep
|
|t:|1776224230
|switch|p2a: Gholdengo|Gholdengo|38/100
|turn|35
|
|t:|1776224233
|move|p1a: Dragonite|Earthquake|p2a: Gholdengo
|-supereffective|p2a: Gholdengo
|-damage|p2a: Gholdengo|0 fnt
|faint|p2a: Gholdengo
|
|win|jtrainer22
|raw|jtrainer22's rating: 1381 &rarr; <strong>1400</strong><br />(+19 for winning)
|raw|faisha7's rating: 1369 &rarr; <strong>1350</strong><br />(-19 for losing)
|c|☆jtrainer22|gg
|l|☆faisha7
|player|p2|
