|html|<div class="broadcast-blue"><strong>[Gen 9] OU is currently suspecting Tera Blast! For information on how to participate check out the <a href="https://www.smogon.com/tools/suspects/view/200">suspect thread</a>.</strong></div>
|j|☆blabala
|j|☆SmilingTamamonomae
|inactive|Battle timer is ON: inactive players will automatically lose when time's up.
|t:|1776046985
|gametype|singles
|player|p1|blabala|miku-psychic|
|player|p2|SmilingTamamonomae|265|
|gen|9
|tier|[Gen 9] OU
|rated|Tournament battle
|rule|HP Percentage Mod: HP is shown in percentages
|rule|Endless Battle Clause: Forcing endless battles is banned
|rule|Species Clause: Limit one of each Pokémon
|rule|OHKO Clause: OHKO moves are banned
|rule|Evasion Items Clause: Evasion items are banned
|rule|Evasion Moves Clause: Evasion moves are banned
|rule|Evasion Abilities Clause: Evasion abilities are banned
|rule|Sleep Moves Clause: Sleep-inducing moves are banned
|clearpoke
|poke|p1|Tyranitar, F|
|poke|p1|Excadrill, M|
|poke|p1|Keldeo-Resolute|
|poke|p1|Tornadus-Therian, M|
|poke|p1|Heatran, F|
|poke|p1|Hydrapple, F|
|poke|p2|Garganacl, M|
|poke|p2|Darkrai|
|poke|p2|Great Tusk|
|poke|p2|Hatterene, F|
|poke|p2|Tornadus-Therian, M|
|poke|p2|Dragonite, M|
|teampreview
|j|*Lady Monita 
|j| kiriegl00m
|c|☆blabala|Hf
|
|t:|1776047003
|teamsize|p1|6
|teamsize|p2|6
|start
|switch|p1a: Icarus plummet v4|Tornadus-Therian, M|100/100
|switch|p2a: Darkrai|Darkrai|100/100
|turn|1
|
|t:|1776047012
|switch|p1a: Kagayake|Keldeo-Resolute|100/100
|move|p2a: Darkrai|Focus Blast|p1a: Kagayake
|-damage|p1a: Kagayake|28/100
|
|upkeep
|turn|2
|
|t:|1776047019
|switch|p2a: Tornadus|Tornadus-Therian, M, shiny|100/100
|move|p1a: Kagayake|Vacuum Wave|p2a: Tornadus
|-resisted|p2a: Tornadus
|-damage|p2a: Tornadus|90/100
|
|upkeep
|turn|3
|
|t:|1776047025
|switch|p1a: Cast of clowns|Heatran, F|100/100
|move|p2a: Tornadus|Bleakwind Storm|p1a: Cast of clowns
|-resisted|p1a: Cast of clowns
|-damage|p1a: Cast of clowns|88/100
|
|-heal|p1a: Cast of clowns|94/100|[from] item: Leftovers
|upkeep
|turn|4
|
|t:|1776047029
|move|p2a: Tornadus|U-turn|p1a: Cast of clowns
|-resisted|p1a: Cast of clowns
|-damage|p1a: Cast of clowns|91/100
|
|t:|1776047039
|switch|p2a: Darkrai|Darkrai|100/100|[from] U-turn
|move|p1a: Cast of clowns|Magma Storm|p2a: Darkrai
|-damage|p2a: Darkrai|44/100
|-activate|p2a: Darkrai|move: Magma Storm|[of] p1a: Cast of clowns
|
|-heal|p1a: Cast of clowns|97/100|[from] item: Leftovers
|-damage|p2a: Darkrai|31/100|[from] move: Magma Storm|[partiallytrapped]
|upkeep
|turn|5
|
|t:|1776047051
|move|p2a: Darkrai|Focus Blast|p1a: Cast of clowns
|-supereffective|p1a: Cast of clowns
|-damage|p1a: Cast of clowns|23/100
|-unboost|p1a: Cast of clowns|spd|1
|move|p1a: Cast of clowns|Stealth Rock|p2a: Darkrai
|-sidestart|p2: SmilingTamamonomae|move: Stealth Rock
|
|-heal|p1a: Cast of clowns|29/100|[from] item: Leftovers
|-damage|p2a: Darkrai|19/100|[from] move: Magma Storm|[partiallytrapped]
|upkeep
|turn|6
|
|t:|1776047057
|switch|p1a: Fickled fate|Hydrapple, F|100/100
|move|p2a: Darkrai|Focus Blast|p1a: Fickled fate
|-damage|p1a: Fickled fate|34/100
|
|-end|p2a: Darkrai|Magma Storm|[partiallytrapped]|[silent]
|upkeep
|turn|7
|
|t:|1776047064
|switch|p2a: Hatterene|Hatterene, F|100/100
|-damage|p2a: Hatterene|88/100|[from] Stealth Rock
|switch|p1a: Icarus plummet v4|Tornadus-Therian, M|100/100
|
|upkeep
|turn|8
|
|t:|1776047069
|move|p1a: Icarus plummet v4|U-turn|p2a: Hatterene
|-damage|p2a: Hatterene|75/100
|-damage|p1a: Icarus plummet v4|84/100|[from] item: Rocky Helmet|[of] p2a: Hatterene
|
|t:|1776047071
|switch|p1a: Gojura|Tyranitar, F|100/100|[from] U-turn
|-weather|Sandstorm|[from] ability: Sand Stream|[of] p1a: Gojura
|move|p2a: Hatterene|Nuzzle|p1a: Gojura
|-damage|p1a: Gojura|96/100
|-status|p1a: Gojura|par
|
|-weather|Sandstorm|[upkeep]
|-damage|p2a: Hatterene|69/100|[from] Sandstorm
|upkeep
|turn|9
|j| EmperorGTR
|
|t:|1776047082
|switch|p2a: Great Tusk|Great Tusk|100/100
|-damage|p2a: Great Tusk|98/100|[from] Stealth Rock
|-enditem|p2a: Great Tusk|Booster Energy
|-activate|p2a: Great Tusk|ability: Protosynthesis|[fromitem]
|-start|p2a: Great Tusk|protosynthesisatk
|move|p1a: Gojura|Low Kick|p2a: Great Tusk
|-damage|p2a: Great Tusk|48/100
|
|-weather|Sandstorm|[upkeep]
|upkeep
|turn|10
|
|t:|1776047091
|-terastallize|p1a: Gojura|Flying
|move|p2a: Great Tusk|Rapid Spin|p1a: Gojura
|-damage|p1a: Gojura|73/100 par
|-boost|p2a: Great Tusk|spe|1
|-sideend|p2: SmilingTamamonomae|Stealth Rock|[from] move: Rapid Spin|[of] p2a: Great Tusk
|move|p1a: Gojura|Low Kick|p2a: Great Tusk
|-damage|p2a: Great Tusk|0 fnt
|faint|p2a: Great Tusk
|-end|p2a: Great Tusk|Protosynthesis|[silent]
|
|-weather|Sandstorm|[upkeep]
|-damage|p1a: Gojura|67/100 par|[from] Sandstorm
|upkeep
|
|t:|1776047101
|switch|p2a: Garganacl|Garganacl, M|100/100
|turn|11
|
|t:|1776047108
|move|p2a: Garganacl|Stealth Rock|p1a: Gojura
|-sidestart|p1: blabala|move: Stealth Rock
|cant|p1a: Gojura|par
|
|-weather|Sandstorm|[upkeep]
|-damage|p1a: Gojura|61/100 par|[from] Sandstorm
|upkeep
|turn|12
|
|t:|1776047112
|switch|p1a: Torpe|Excadrill, M|100/100
|-damage|p1a: Torpe|97/100|[from] Stealth Rock
|-item|p1a: Torpe|Air Balloon
|move|p2a: Garganacl|Salt Cure|p1a: Torpe
|-resisted|p1a: Torpe
|-damage|p1a: Torpe|92/100
|-start|p1a: Torpe|Salt Cure
|-enditem|p1a: Torpe|Air Balloon
|
|-weather|none
|-damage|p1a: Torpe|67/100|[from] Salt Cure
|upkeep
|turn|13
|
|t:|1776047124
|switch|p1a: Fickled fate|Hydrapple, F|68/100
|-damage|p1a: Fickled fate|55/100|[from] Stealth Rock
|move|p2a: Garganacl|Protect||[still]
|-fail|p2a: Garganacl
|
|upkeep
|turn|14
|
|t:|1776047129
|switch|p2a: Tornadus|Tornadus-Therian, M, shiny|100/100
|move|p1a: Fickled fate|Nasty Plot|p1a: Fickled fate
|-boost|p1a: Fickled fate|spa|2
|
|upkeep
|turn|15
|
|t:|1776047135
|switch|p1a: Icarus plummet v4|Tornadus-Therian, M|100/100
|move|p2a: Tornadus|Bleakwind Storm|p1a: Icarus plummet v4
|-damage|p1a: Icarus plummet v4|60/100
|
|upkeep
|turn|16
|
|t:|1776047141
|move|p2a: Tornadus|Knock Off|p1a: Icarus plummet v4
|-damage|p1a: Icarus plummet v4|38/100
|-enditem|p1a: Icarus plummet v4|Heavy-Duty Boots|[from] move: Knock Off|[of] p2a: Tornadus
|move|p1a: Icarus plummet v4|Bleakwind Storm|p2a: Tornadus
|-damage|p2a: Tornadus|74/100
|-unboost|p2a: Tornadus|spe|1
|
|upkeep
|turn|17
|
|t:|1776047146
|move|p1a: Icarus plummet v4|U-turn|p2a: Tornadus
|-resisted|p2a: Tornadus
|-damage|p2a: Tornadus|66/100
|
|t:|1776047149
|switch|p1a: Torpe|Excadrill, M|67/100|[from] U-turn
|-damage|p1a: Torpe|64/100|[from] Stealth Rock
|move|p2a: Tornadus|Bleakwind Storm|p1a: Torpe
|-resisted|p1a: Torpe
|-damage|p1a: Torpe|38/100
|
|upkeep
|turn|18
|
|t:|1776047155
|move|p1a: Torpe|Rapid Spin|p2a: Tornadus
|-crit|p2a: Tornadus
|-damage|p2a: Tornadus|29/100
|-boost|p1a: Torpe|spe|1
|-sideend|p1: blabala|Stealth Rock|[from] move: Rapid Spin|[of] p1a: Torpe
|move|p2a: Tornadus|Heat Wave|p1a: Torpe|[miss]
|-miss|p2a: Tornadus|p1a: Torpe
|
|upkeep
|turn|19
|
|t:|1776047163
|switch|p2a: Hatterene|Hatterene, F|69/100
|move|p1a: Torpe|Iron Head|p2a: Hatterene
|-supereffective|p2a: Hatterene
|-damage|p2a: Hatterene|0 fnt
|-damage|p1a: Torpe|22/100|[from] item: Rocky Helmet|[of] p2a: Hatterene
|faint|p2a: Hatterene
|
|upkeep
|j| Endine
|
|t:|1776047172
|switch|p2a: Darkrai|Darkrai|19/100
|turn|20
|
|t:|1776047178
|move|p1a: Torpe|Iron Head|p2a: Darkrai
|-damage|p2a: Darkrai|0 fnt
|faint|p2a: Darkrai
|
|upkeep
|
|t:|1776047181
|switch|p2a: Dragonite|Dragonite, M|100/100
|turn|21
|
|t:|1776047185
|switch|p1a: Fickled fate|Hydrapple, F|89/100
|move|p2a: Dragonite|Dragon Dance|p2a: Dragonite
|-boost|p2a: Dragonite|atk|1
|-boost|p2a: Dragonite|spe|1
|
|upkeep
|turn|22
|
|t:|1776047195
|-terastallize|p2a: Dragonite|Normal
|move|p2a: Dragonite|Extreme Speed|p1a: Fickled fate
|-damage|p1a: Fickled fate|43/100
|-damage|p2a: Dragonite|84/100|[from] item: Rocky Helmet|[of] p1a: Fickled fate
|move|p1a: Fickled fate|Fickle Beam|p2a: Dragonite|[anim] Fickle Beam All Out
|-activate|p1a: Fickled fate|move: Fickle Beam
|-damage|p2a: Dragonite|21/100
|
|upkeep
|turn|23
|
|t:|1776047202
|switch|p1a: Cast of clowns|Heatran, F|29/100
|move|p2a: Dragonite|Extreme Speed|p1a: Cast of clowns
|-resisted|p1a: Cast of clowns
|-damage|p1a: Cast of clowns|0 fnt
|-status|p2a: Dragonite|brn|[from] ability: Flame Body|[of] p1a: Cast of clowns
|faint|p1a: Cast of clowns
|
|-damage|p2a: Dragonite|15/100 brn|[from] brn
|upkeep
|
|t:|1776047204
|switch|p1a: Kagayake|Keldeo-Resolute|28/100
|turn|24
|
|t:|1776047207
|move|p2a: Dragonite|Extreme Speed|p1a: Kagayake
|-damage|p1a: Kagayake|0 fnt
|faint|p1a: Kagayake
|
|-damage|p2a: Dragonite|9/100 brn|[from] brn
|upkeep
|
|t:|1776047210
|switch|p1a: Icarus plummet v4|Tornadus-Therian, M|71/100
|turn|25
|
|t:|1776047215
|switch|p1a: Fickled fate|Hydrapple, F|77/100
|move|p2a: Dragonite|Extreme Speed|p1a: Fickled fate
|-damage|p1a: Fickled fate|55/100
|-damage|p2a: Dragonite|0 fnt|[from] item: Rocky Helmet|[of] p1a: Fickled fate
|faint|p2a: Dragonite
|
|upkeep
|
|t:|1776047219
|switch|p2a: Tornadus|Tornadus-Therian, M, shiny|62/100
|turn|26
|
|t:|1776047222
|switch|p1a: Gojura|Tyranitar, F, tera:Flying|61/100 par
|-weather|Sandstorm|[from] ability: Sand Stream|[of] p1a: Gojura
|move|p2a: Tornadus|Bleakwind Storm|p1a: Gojura|[miss]
|-miss|p2a: Tornadus|p1a: Gojura
|
|-weather|Sandstorm|[upkeep]
|-damage|p2a: Tornadus|56/100|[from] Sandstorm
|-damage|p1a: Gojura|55/100 par|[from] Sandstorm
|upkeep
|turn|27
|c|☆blabala|Mb
|
|t:|1776047237
|move|p2a: Tornadus|U-turn|p1a: Gojura
|-resisted|p1a: Gojura
|-damage|p1a: Gojura|47/100 par
|
|t:|1776047240
|switch|p2a: Garganacl|Garganacl, M|100/100|[from] U-turn
|move|p1a: Gojura|Knock Off|p2a: Garganacl
|-damage|p2a: Garganacl|46/100
|-enditem|p2a: Garganacl|Leftovers|[from] move: Knock Off|[of] p1a: Gojura
|
|-weather|Sandstorm|[upkeep]
|-damage|p1a: Gojura|41/100 par|[from] Sandstorm
|upkeep
|turn|28
|
|t:|1776047246
|switch|p1a: Fickled fate|Hydrapple, F|88/100
|move|p2a: Garganacl|Salt Cure|p1a: Fickled fate
|-damage|p1a: Fickled fate|81/100
|-start|p1a: Fickled fate|Salt Cure
|
|-weather|Sandstorm|[upkeep]
|-damage|p1a: Fickled fate|75/100|[from] Sandstorm
|-damage|p1a: Fickled fate|63/100|[from] Salt Cure
|upkeep
|turn|29
|
|t:|1776047255
|move|p1a: Fickled fate|Nasty Plot|p1a: Fickled fate
|-boost|p1a: Fickled fate|spa|2
|move|p2a: Garganacl|Stealth Rock|p1a: Fickled fate
|-sidestart|p1: blabala|move: Stealth Rock
|
|-weather|Sandstorm|[upkeep]
|-damage|p1a: Fickled fate|57/100|[from] Sandstorm
|-damage|p1a: Fickled fate|44/100|[from] Salt Cure
|upkeep
|turn|30
|
|t:|1776047261
|move|p2a: Garganacl|Protect|p2a: Garganacl
|-singleturn|p2a: Garganacl|Protect
|move|p1a: Fickled fate|Giga Drain|p2a: Garganacl
|-activate|p2a: Garganacl|move: Protect
|
|-weather|none
|-damage|p1a: Fickled fate|32/100|[from] Salt Cure
|upkeep
|turn|31
|
|t:|1776047268
|switch|p2a: Tornadus|Tornadus-Therian, M, shiny|89/100
|move|p1a: Fickled fate|Giga Drain|p2a: Tornadus
|-resisted|p2a: Tornadus
|-damage|p2a: Tornadus|70/100
|-heal|p1a: Fickled fate|40/100|[from] drain|[of] p2a: Tornadus
|
|-damage|p1a: Fickled fate|28/100|[from] Salt Cure
|upkeep
|turn|32
|
|t:|1776047272
|switch|p1a: Icarus plummet v4|Tornadus-Therian, M|100/100
|-damage|p1a: Icarus plummet v4|76/100|[from] Stealth Rock
|move|p2a: Tornadus|Bleakwind Storm|p1a: Icarus plummet v4
|-damage|p1a: Icarus plummet v4|37/100
|-unboost|p1a: Icarus plummet v4|spe|1
|
|upkeep
|turn|33
|
|t:|1776047280
|switch|p1a: Torpe|Excadrill, M|22/100
|-damage|p1a: Torpe|19/100|[from] Stealth Rock
|move|p2a: Tornadus|Bleakwind Storm|p1a: Torpe|[miss]
|-miss|p2a: Tornadus|p1a: Torpe
|
|upkeep
|turn|34
|
|t:|1776047285
|move|p2a: Tornadus|Heat Wave|p1a: Torpe
|-supereffective|p1a: Torpe
|-damage|p1a: Torpe|0 fnt
|faint|p1a: Torpe
|
|upkeep
|
|t:|1776047287
|switch|p1a: Gojura|Tyranitar, F, tera:Flying|41/100 par
|-damage|p1a: Gojura|16/100 par|[from] Stealth Rock
|-weather|Sandstorm|[from] ability: Sand Stream|[of] p1a: Gojura
|turn|35
|
|t:|1776047295
|move|p2a: Tornadus|Knock Off|p1a: Gojura
|-damage|p1a: Gojura|0 fnt
|-enditem|p1a: Gojura|Choice Band|[from] move: Knock Off|[of] p2a: Tornadus
|faint|p1a: Gojura
|
|-weather|Sandstorm|[upkeep]
|-damage|p2a: Tornadus|64/100|[from] Sandstorm
|upkeep
|
|t:|1776047297
|switch|p1a: Icarus plummet v4|Tornadus-Therian, M|70/100
|-damage|p1a: Icarus plummet v4|45/100|[from] Stealth Rock
|turn|36
|
|t:|1776047304
|move|p2a: Tornadus|Bleakwind Storm|p1a: Icarus plummet v4
|-damage|p1a: Icarus plummet v4|10/100
|move|p1a: Icarus plummet v4|Bleakwind Storm|p2a: Tornadus
|-damage|p2a: Tornadus|37/100
|
|-weather|Sandstorm|[upkeep]
|-damage|p2a: Tornadus|31/100|[from] Sandstorm
|-damage|p1a: Icarus plummet v4|4/100|[from] Sandstorm
|upkeep
|turn|37
|
|t:|1776047312
|move|p2a: Tornadus|U-turn|p1a: Icarus plummet v4
|-resisted|p1a: Icarus plummet v4
|-damage|p1a: Icarus plummet v4|0 fnt
|faint|p1a: Icarus plummet v4
|
|t:|1776047316
|switch|p2a: Garganacl|Garganacl, M|46/100|[from] U-turn
|
|-weather|Sandstorm|[upkeep]
|upkeep
|
|t:|1776047318
|switch|p1a: Fickled fate|Hydrapple, F|61/100
|-damage|p1a: Fickled fate|49/100|[from] Stealth Rock
|turn|38
|
|t:|1776047322
|move|p1a: Fickled fate|Giga Drain|p2a: Garganacl
|-supereffective|p2a: Garganacl
|-damage|p2a: Garganacl|16/100
|-heal|p1a: Fickled fate|63/100|[from] drain|[of] p2a: Garganacl
|move|p2a: Garganacl|Salt Cure|p1a: Fickled fate
|-damage|p1a: Fickled fate|55/100
|-start|p1a: Fickled fate|Salt Cure
|
|-weather|Sandstorm|[upkeep]
|-damage|p1a: Fickled fate|49/100|[from] Sandstorm
|-damage|p1a: Fickled fate|37/100|[from] Salt Cure
|upkeep
|turn|39
|
|t:|1776047330
|switch|p2a: Tornadus|Tornadus-Therian, M, shiny|65/100
|move|p1a: Fickled fate|Nasty Plot|p1a: Fickled fate
|-boost|p1a: Fickled fate|spa|2
|
|-weather|none
|-damage|p1a: Fickled fate|25/100|[from] Salt Cure
|upkeep
|turn|40
|
|t:|1776047333
|move|p2a: Tornadus|Bleakwind Storm|p1a: Fickled fate
|-supereffective|p1a: Fickled fate
|-damage|p1a: Fickled fate|0 fnt
|faint|p1a: Fickled fate
|
|win|SmilingTamamonomae
|n|☆blabala|blabala
|n|☆SmilingTamamonomae|smilingtamamonomae
|n|*Lady Monita |ladymonita
|n| kiriegl00m|kiriegl00m
|n| EmperorGTR|emperorgtr
|n| Endine|endine
|l|*Lady Monita 
|c|☆SmilingTamamonomae|gg
|c|☆blabala|Gg
