|html|<div class="broadcast-blue"><strong>[Gen 9] OU is currently suspecting Tera Blast! For information on how to participate check out the <a href="https://www.smogon.com/tools/suspects/view/200">suspect thread</a>.</strong></div>
|j|☆remove sun teams
|j|☆nodduh
|t:|1776089736
|gametype|singles
|player|p1|remove sun teams|twins-gen4|1322
|player|p2|nodduh|worker|1253
|gen|9
|tier|[Gen 9] OU
|rated|
|rule|HP Percentage Mod: HP is shown in percentages
|rule|Endless Battle Clause: Forcing endless battles is banned
|rule|Species Clause: Limit one of each Pokémon
|rule|OHKO Clause: OHKO moves are banned
|rule|Evasion Items Clause: Evasion items are banned
|rule|Evasion Moves Clause: Evasion moves are banned
|rule|Evasion Abilities Clause: Evasion abilities are banned
|rule|Sleep Moves Clause: Sleep-inducing moves are banned
|clearpoke
|poke|p1|Primarina, M|
|poke|p1|Darkrai|
|poke|p1|Zamazenta-*|
|poke|p1|Iron Treads|
|poke|p1|Dragonite, M|
|poke|p1|Iron Valiant|
|poke|p2|Galvantula, F|
|poke|p2|Haunter, F|
|poke|p2|Ceruledge, F|
|poke|p2|Corviknight, F|
|poke|p2|Iron Treads|
|poke|p2|Iron Valiant|
|teampreview
|inactive|Battle timer is ON: inactive players will automatically lose when time's up. (requested by remove sun teams)
|
|t:|1776089746
|teamsize|p1|6
|teamsize|p2|6
|start
|switch|p1a: Rage|Iron Treads, shiny|100/100
|switch|p2a: Kyoka|Galvantula, F, shiny|100/100
|-item|p1a: Rage|Air Balloon
|turn|1
|
|t:|1776089774
|move|p2a: Kyoka|Energy Ball|p1a: Rage
|-damage|p1a: Rage|65/100
|-enditem|p1a: Rage|Air Balloon
|move|p1a: Rage|Earthquake|p2a: Kyoka
|-damage|p2a: Kyoka|15/100
|
|upkeep
|turn|2
|
|t:|1776089790
|switch|p2a: Freakster|Haunter, F, shiny|100/100
|move|p1a: Rage|Stealth Rock|p2a: Freakster
|-sidestart|p2: nodduh|move: Stealth Rock
|
|upkeep
|turn|3
|
|t:|1776089803
|-end|p1a: Rage|Quark Drive|[silent]
|switch|p1a: Yagami|Darkrai, shiny|100/100
|move|p2a: Freakster|Shadow Ball|p1a: Yagami
|-resisted|p1a: Yagami
|-damage|p1a: Yagami|62/100
|-unboost|p1a: Yagami|spd|1
|-damage|p2a: Freakster|91/100|[from] item: Life Orb
|
|upkeep
|turn|4
|
|t:|1776089813
|switch|p2a: Treads|Iron Treads, shiny|100/100
|-damage|p2a: Treads|97/100|[from] Stealth Rock
|-enditem|p2a: Treads|Booster Energy
|-activate|p2a: Treads|ability: Quark Drive|[fromitem]
|-start|p2a: Treads|quarkdrivespe
|move|p1a: Yagami|Dark Pulse|p2a: Treads
|-damage|p2a: Treads|25/100
|
|upkeep
|turn|5
|
|t:|1776089830
|move|p1a: Yagami|Sucker Punch|p2a: Treads
|-damage|p2a: Treads|0 fnt
|faint|p2a: Treads
|-end|p2a: Treads|Quark Drive|[silent]
|
|upkeep
|
|t:|1776089837
|switch|p2a: Von|Iron Valiant, shiny|100/100
|-damage|p2a: Von|94/100|[from] Stealth Rock
|-enditem|p2a: Von|Booster Energy
|-activate|p2a: Von|ability: Quark Drive|[fromitem]
|-start|p2a: Von|quarkdrivespe
|turn|6
|
|t:|1776089845
|switch|p1a: Rage|Iron Treads, shiny|65/100
|move|p2a: Von|Moonblast|p1a: Rage
|-resisted|p1a: Rage
|-damage|p1a: Rage|31/100
|
|upkeep
|turn|7
|
|t:|1776089849
|move|p2a: Von|Aura Sphere|p1a: Rage
|-supereffective|p1a: Rage
|-damage|p1a: Rage|0 fnt
|faint|p1a: Rage
|-end|p1a: Rage|Quark Drive|[silent]
|
|upkeep
|
|t:|1776089853
|switch|p1a: Calamity|Iron Valiant, shiny|100/100
|turn|8
|
|t:|1776089859
|-terastallize|p2a: Von|Fairy
|move|p2a: Von|Moonblast|p1a: Calamity
|-supereffective|p1a: Calamity
|-damage|p1a: Calamity|0 fnt
|faint|p1a: Calamity
|-end|p1a: Calamity|Quark Drive|[silent]
|
|upkeep
|
|t:|1776089873
|switch|p1a: Celestine|Primarina, M, shiny|100/100
|turn|9
|inactive|nodduh has 120 seconds left.
|
|t:|1776089919
|-terastallize|p1a: Celestine|Bug
|move|p2a: Von|Moonblast|p1a: Celestine
|-damage|p1a: Celestine|64/100
|move|p1a: Celestine|Whirlpool|p2a: Von
|-damage|p2a: Von|58/100
|-activate|p2a: Von|move: Whirlpool|[of] p1a: Celestine
|
|-damage|p2a: Von|45/100|[from] move: Whirlpool|[partiallytrapped]
|upkeep
|turn|10
|
|t:|1776089939
|move|p2a: Von|Moonblast|p1a: Celestine
|-damage|p1a: Celestine|31/100
|move|p1a: Celestine|Psychic Noise|p2a: Von
|-damage|p2a: Von|0 fnt
|faint|p2a: Von
|-end|p2a: Von|Quark Drive|[silent]
|
|upkeep
|
|t:|1776089953
|switch|p2a: Knights|Corviknight, F, shiny|100/100
|-damage|p2a: Knights|88/100|[from] Stealth Rock
|turn|11
|inactive|nodduh has 90 seconds left.
|
|t:|1776089980
|switch|p1a: Trojan|Zamazenta, shiny|100/100
|-ability|p1a: Trojan|Dauntless Shield|boost
|-boost|p1a: Trojan|def|1
|move|p2a: Knights|Brave Bird|p1a: Trojan
|-supereffective|p1a: Trojan
|-damage|p1a: Trojan|60/100
|-damage|p2a: Knights|75/100|[from] Recoil
|
|-heal|p1a: Trojan|66/100|[from] item: Leftovers
|upkeep
|turn|12
|
|t:|1776089985
|move|p1a: Trojan|Substitute|p1a: Trojan
|-start|p1a: Trojan|Substitute
|-damage|p1a: Trojan|41/100
|move|p2a: Knights|Brave Bird|p1a: Trojan
|-supereffective|p1a: Trojan
|-end|p1a: Trojan|Substitute
|-damage|p2a: Knights|67/100|[from] Recoil|[of] p1a: Trojan
|
|-heal|p1a: Trojan|47/100|[from] item: Leftovers
|upkeep
|turn|13
|inactive|nodduh has 90 seconds left.
|
|t:|1776089992
|move|p1a: Trojan|Iron Defense|p1a: Trojan
|-boost|p1a: Trojan|def|2
|move|p2a: Knights|Brave Bird|p1a: Trojan
|-supereffective|p1a: Trojan
|-damage|p1a: Trojan|22/100
|-damage|p2a: Knights|59/100|[from] Recoil
|
|-heal|p1a: Trojan|28/100|[from] item: Leftovers
|upkeep
|turn|14
|
|t:|1776089999
|move|p1a: Trojan|Body Press|p2a: Knights
|-damage|p2a: Knights|13/100
|-damage|p1a: Trojan|12/100|[from] item: Rocky Helmet|[of] p2a: Knights
|move|p2a: Knights|Roost|p2a: Knights
|-heal|p2a: Knights|63/100
|-singleturn|p2a: Knights|move: Roost
|
|-heal|p1a: Trojan|18/100|[from] item: Leftovers
|upkeep
|turn|15
|
|t:|1776090004
|move|p1a: Trojan|Body Press|p2a: Knights
|-damage|p2a: Knights|19/100
|-damage|p1a: Trojan|1/100|[from] item: Rocky Helmet|[of] p2a: Knights
|move|p2a: Knights|Roost|p2a: Knights
|-heal|p2a: Knights|69/100
|-singleturn|p2a: Knights|move: Roost
|
|-heal|p1a: Trojan|7/100|[from] item: Leftovers
|upkeep
|turn|16
|
|t:|1776090016
|switch|p1a: Celestine|Primarina, M, shiny, tera:Bug|31/100
|move|p2a: Knights|Roost|p2a: Knights
|-heal|p2a: Knights|100/100
|-singleturn|p2a: Knights|move: Roost
|
|upkeep
|turn|17
|
|t:|1776090030
|move|p2a: Knights|Brave Bird|p1a: Celestine
|-supereffective|p1a: Celestine
|-damage|p1a: Celestine|0 fnt
|faint|p1a: Celestine
|-damage|p2a: Knights|91/100|[from] Recoil
|
|upkeep
|
|t:|1776090034
|switch|p1a: Yagami|Darkrai, shiny|62/100
|turn|18
|
|t:|1776090043
|move|p1a: Yagami|Dark Pulse|p2a: Knights
|-damage|p2a: Knights|43/100
|cant|p2a: Knights|flinch
|
|upkeep
|turn|19
|
|t:|1776090047
|move|p1a: Yagami|Dark Pulse|p2a: Knights
|-damage|p2a: Knights|0 fnt
|faint|p2a: Knights
|
|upkeep
|
|t:|1776090056
|switch|p2a: Tashigi|Ceruledge, F, shiny|100/100
|-damage|p2a: Tashigi|75/100|[from] Stealth Rock
|turn|20
|
|t:|1776090062
|move|p1a: Yagami|Dark Pulse|p2a: Tashigi
|-supereffective|p2a: Tashigi
|-damage|p2a: Tashigi|0 fnt
|faint|p2a: Tashigi
|
|upkeep
|
|t:|1776090065
|switch|p2a: Kyoka|Galvantula, F, shiny|15/100
|-damage|p2a: Kyoka|0 fnt|[from] Stealth Rock
|faint|p2a: Kyoka
|
|t:|1776090067
|switch|p2a: Freakster|Haunter, F, shiny|91/100
|-damage|p2a: Freakster|78/100|[from] Stealth Rock
|turn|21
|
|t:|1776090072
|move|p1a: Yagami|Dark Pulse|p2a: Freakster
|-supereffective|p2a: Freakster
|-damage|p2a: Freakster|0 fnt
|faint|p2a: Freakster
|
|win|remove sun teams
|raw|remove sun teams's rating: 1322 &rarr; <strong>1338</strong><br />(+16 for winning)
|raw|nodduh's rating: 1253 &rarr; <strong>1233</strong><br />(-20 for losing)
|l|☆nodduh
|player|p2|
