|html|<div class="broadcast-blue"><strong>[Gen 9] OU is currently suspecting Volcarona! For information on how to participate check out the <a href="https://www.smogon.com/tools/suspects/view/208">suspect thread</a>.</strong></div>
|j|☆Kalisinho0
|j|☆Speedf09
|t:|1778512751
|gametype|singles
|player|p1|Kalisinho0|2|1000
|player|p2|Speedf09|palmer|1000
|gen|9
|tier|[Gen 9] OU
|rated|
|rule|HP Percentage Mod: HP is shown in percentages
|rule|Endless Battle Clause: Forcing endless battles is banned
|rule|Species Clause: Limit one of each Pokémon
|rule|OHKO Clause: OHKO moves are banned
|rule|Evasion Items Clause: Evasion items are banned
|rule|Evasion Moves Clause: Evasion moves are banned
|rule|Evasion Abilities Clause: Evasion abilities are banned
|rule|Sleep Moves Clause: Sleep-inducing moves are banned
|clearpoke
|poke|p1|Hoopa-Unbound|
|poke|p1|Lurantis, F|
|poke|p1|Regigigas|
|poke|p1|Deoxys-Speed|
|poke|p1|Manaphy|
|poke|p1|Volcanion|
|poke|p2|Pelipper, M|
|poke|p2|Kingdra, F|
|poke|p2|Barraskewda, M|
|poke|p2|Dragonite, M|
|poke|p2|Raging Bolt|
|poke|p2|Iron Treads|
|teampreview
|
|t:|1778512791
|teamsize|p1|6
|teamsize|p2|6
|start
|switch|p1a: Regigigas|Regigigas|100/100
|switch|p2a: Pelipper|Pelipper, M|100/100
|-start|p1a: Regigigas|ability: Slow Start
|-weather|RainDance|[from] ability: Drizzle|[of] p2a: Pelipper
|turn|1
|
|t:|1778512829
|switch|p1a: Volcanion|Volcanion|100/100
|move|p2a: Pelipper|U-turn|p1a: Volcanion
|-resisted|p1a: Volcanion
|-damage|p1a: Volcanion|96/100
|
|t:|1778512842
|switch|p2a: Raging Bolt|Raging Bolt|100/100|[from] U-turn
|-enditem|p2a: Raging Bolt|Booster Energy
|-activate|p2a: Raging Bolt|ability: Protosynthesis|[fromitem]
|-start|p2a: Raging Bolt|protosynthesisspa
|
|-weather|RainDance|[upkeep]
|upkeep
|turn|2
|
|t:|1778512856
|switch|p1a: Regigigas|Regigigas|100/100
|-start|p1a: Regigigas|ability: Slow Start
|move|p2a: Raging Bolt|Thunderclap||[still]
|-fail|p2a: Raging Bolt
|
|-weather|RainDance|[upkeep]
|upkeep
|turn|3
|
|t:|1778512866
|move|p2a: Raging Bolt|Weather Ball|p1a: Regigigas
|-damage|p1a: Regigigas|45/100
|move|p1a: Regigigas|Earthquake|p2a: Raging Bolt
|-supereffective|p2a: Raging Bolt
|-damage|p2a: Raging Bolt|62/100
|
|-weather|RainDance|[upkeep]
|-heal|p1a: Regigigas|51/100|[from] item: Leftovers
|upkeep
|turn|4
|
|t:|1778512888
|move|p2a: Raging Bolt|Weather Ball|p1a: Regigigas
|-damage|p1a: Regigigas|0 fnt
|faint|p1a: Regigigas
|-end|p1a: Regigigas|Slow Start|[silent]
|
|-weather|RainDance|[upkeep]
|upkeep
|
|t:|1778512905
|switch|p1a: Hoopa|Hoopa-Unbound|100/100
|turn|5
|
|t:|1778512923
|move|p2a: Raging Bolt|Weather Ball|p1a: Hoopa
|-damage|p1a: Hoopa|29/100
|move|p1a: Hoopa|Nasty Plot|p1a: Hoopa
|-boost|p1a: Hoopa|spa|2
|
|-weather|RainDance|[upkeep]
|upkeep
|turn|6
|
|t:|1778512941
|move|p2a: Raging Bolt|Thunderclap|p1a: Hoopa
|-damage|p1a: Hoopa|0 fnt
|faint|p1a: Hoopa
|
|-weather|RainDance|[upkeep]
|upkeep
|
|t:|1778512948
|switch|p1a: Volcanion|Volcanion|96/100
|turn|7
|
|t:|1778512951
|move|p2a: Raging Bolt|Thunderclap|p1a: Volcanion
|-supereffective|p1a: Volcanion
|-damage|p1a: Volcanion|0 fnt
|faint|p1a: Volcanion
|
|-weather|RainDance|[upkeep]
|upkeep
|-message|Kalisinho0 forfeited.
|
|win|Speedf09
|raw|Kalisinho0's rating: 1000 &rarr; <strong>1000</strong><br />(+0 for losing)
|raw|Speedf09's rating: 1000 &rarr; <strong>1040</strong><br />(+40 for winning)
|l|☆Kalisinho0
|player|p1|
