|html|<div class="broadcast-blue"><strong>[Gen 9] OU is currently suspecting Tera Blast! For information on how to participate check out the <a href="https://www.smogon.com/tools/suspects/view/200">suspect thread</a>.</strong></div>
|j|☆champ bogar
|j|☆Zokua
|t:|1776097681
|gametype|singles
|player|p1|champ bogar|cynthia-masters3|1690
|player|p2|Zokua|volkner|1671
|gen|9
|tier|[Gen 9] OU
|rated|
|rule|HP Percentage Mod: HP is shown in percentages
|rule|Endless Battle Clause: Forcing endless battles is banned
|rule|Species Clause: Limit one of each Pokémon
|rule|OHKO Clause: OHKO moves are banned
|rule|Evasion Items Clause: Evasion items are banned
|rule|Evasion Moves Clause: Evasion moves are banned
|rule|Evasion Abilities Clause: Evasion abilities are banned
|rule|Sleep Moves Clause: Sleep-inducing moves are banned
|clearpoke
|poke|p1|Garchomp, F|
|poke|p1|Darkrai|
|poke|p1|Deoxys-Speed|
|poke|p1|Clodsire, F|
|poke|p1|Corviknight, M|
|poke|p1|Cinderace, M|
|poke|p2|Tyranitar, F|
|poke|p2|Gholdengo|
|poke|p2|Sandy Shocks|
|poke|p2|Tornadus-Therian, M|
|poke|p2|Zamazenta-*|
|poke|p2|Alomomola, F|
|teampreview
|inactive|Battle timer is ON: inactive players will automatically lose when time's up. (requested by champ bogar)
|inactive|Zokua also wants the timer to be on.
|
|t:|1776097694
|teamsize|p1|6
|teamsize|p2|6
|start
|switch|p1a: Cinderace|Cinderace, M|100/100
|switch|p2a: Tornadus|Tornadus-Therian, M|100/100
|turn|1
|
|t:|1776097697
|switch|p1a: Clodsire|Clodsire, F|100/100
|move|p2a: Tornadus|Knock Off|p1a: Clodsire
|-damage|p1a: Clodsire|79/100
|-enditem|p1a: Clodsire|Leftovers|[from] move: Knock Off|[of] p2a: Tornadus
|
|upkeep
|turn|2
|
|t:|1776097700
|move|p2a: Tornadus|U-turn|p1a: Clodsire
|-resisted|p1a: Clodsire
|-damage|p1a: Clodsire|71/100
|
|t:|1776097704
|switch|p2a: Gholdengo|Gholdengo|100/100|[from] U-turn
|-item|p2a: Gholdengo|Air Balloon
|move|p1a: Clodsire|Toxic|p2a: Gholdengo
|-immune|p2a: Gholdengo|[from] ability: Good as Gold
|
|upkeep
|turn|3
|
|t:|1776097710
|switch|p1a: Cinderace|Cinderace, M|100/100
|move|p2a: Gholdengo|Make It Rain|p1a: Cinderace
|-resisted|p1a: Cinderace
|-damage|p1a: Cinderace|63/100
|-unboost|p2a: Gholdengo|spa|1
|
|upkeep
|turn|4
|
|t:|1776097719
|switch|p2a: Tornadus|Tornadus-Therian, M|100/100
|move|p1a: Cinderace|U-turn|p2a: Tornadus
|-start|p1a: Cinderace|typechange|Bug|[from] ability: Libero
|-resisted|p2a: Tornadus
|-damage|p2a: Tornadus|80/100
|
|t:|1776097721
|switch|p1a: Darkrai|Darkrai|100/100|[from] U-turn
|
|upkeep
|turn|5
|
|t:|1776097730
|-terastallize|p1a: Darkrai|Dark
|move|p1a: Darkrai|Dark Pulse|p2a: Tornadus
|-damage|p2a: Tornadus|0 fnt
|faint|p2a: Tornadus
|
|upkeep
|
|t:|1776097736
|switch|p2a: Tyranitar|Tyranitar, F|100/100
|-weather|Sandstorm|[from] ability: Sand Stream|[of] p2a: Tyranitar
|turn|6
|
|t:|1776097743
|switch|p1a: Corviknight|Corviknight, M|100/100
|-ability|p1a: Corviknight|Pressure
|move|p2a: Tyranitar|Knock Off|p1a: Corviknight
|-damage|p1a: Corviknight|79/100
|-damage|p2a: Tyranitar|84/100|[from] item: Rocky Helmet|[of] p1a: Corviknight
|-enditem|p1a: Corviknight|Rocky Helmet|[from] move: Knock Off|[of] p2a: Tyranitar
|
|-weather|Sandstorm|[upkeep]
|upkeep
|turn|7
|
|t:|1776097746
|switch|p2a: Sandy Shocks|Sandy Shocks|100/100
|move|p1a: Corviknight|U-turn|p2a: Sandy Shocks
|-damage|p2a: Sandy Shocks|84/100
|
|t:|1776097749
|switch|p1a: Clodsire|Clodsire, F|71/100|[from] U-turn
|
|-weather|Sandstorm|[upkeep]
|upkeep
|turn|8
|
|t:|1776097753
|move|p2a: Sandy Shocks|Earth Power|p1a: Clodsire
|-supereffective|p1a: Clodsire
|-damage|p1a: Clodsire|22/100
|move|p1a: Clodsire|Recover|p1a: Clodsire
|-heal|p1a: Clodsire|72/100
|
|-weather|Sandstorm|[upkeep]
|upkeep
|turn|9
|
|t:|1776097764
|move|p2a: Sandy Shocks|Earth Power|p1a: Clodsire
|-supereffective|p1a: Clodsire
|-damage|p1a: Clodsire|22/100
|move|p1a: Clodsire|Recover|p1a: Clodsire
|-heal|p1a: Clodsire|72/100
|
|-weather|Sandstorm|[upkeep]
|upkeep
|turn|10
|
|t:|1776097768
|move|p2a: Sandy Shocks|Earth Power|p1a: Clodsire
|-supereffective|p1a: Clodsire
|-damage|p1a: Clodsire|25/100
|move|p1a: Clodsire|Recover|p1a: Clodsire
|-heal|p1a: Clodsire|75/100
|
|-weather|none
|upkeep
|turn|11
|
|t:|1776097777
|switch|p1a: Garchomp|Garchomp, F|100/100
|move|p2a: Sandy Shocks|Earth Power|p1a: Garchomp
|-damage|p1a: Garchomp|62/100
|
|upkeep
|turn|12
|
|t:|1776097783
|-end|p2a: Sandy Shocks|Protosynthesis|[silent]
|switch|p2a: Alomomola|Alomomola, F|100/100
|move|p1a: Garchomp|Dragon Tail|p2a: Alomomola
|-damage|p2a: Alomomola|86/100
|drag|p2a: Zamazenta|Zamazenta|100/100
|-ability|p2a: Zamazenta|Dauntless Shield|boost
|-boost|p2a: Zamazenta|def|1
|
|upkeep
|turn|13
|
|t:|1776097791
|move|p2a: Zamazenta|Body Press|p1a: Garchomp
|-damage|p1a: Garchomp|24/100
|-damage|p2a: Zamazenta|88/100|[from] ability: Rough Skin|[of] p1a: Garchomp
|-damage|p2a: Zamazenta|72/100|[from] item: Rocky Helmet|[of] p1a: Garchomp
|move|p1a: Garchomp|Dragon Tail|p2a: Zamazenta
|-damage|p2a: Zamazenta|59/100
|drag|p2a: Sandy Shocks|Sandy Shocks|84/100
|
|upkeep
|turn|14
|
|t:|1776097798
|-end|p2a: Sandy Shocks|Protosynthesis|[silent]
|switch|p2a: Alomomola|Alomomola, F|100/100
|move|p1a: Garchomp|Earthquake|p2a: Alomomola
|-damage|p2a: Alomomola|76/100
|
|upkeep
|turn|15
|
|t:|1776097803
|move|p1a: Garchomp|Stealth Rock|p2a: Alomomola
|-sidestart|p2: Zokua|move: Stealth Rock
|move|p2a: Alomomola|Wish|p2a: Alomomola
|
|upkeep
|turn|16
|
|t:|1776097807
|switch|p1a: Clodsire|Clodsire, F|75/100
|move|p2a: Alomomola|Flip Turn|p1a: Clodsire
|-heal|p1a: Clodsire|99/100|[from] ability: Water Absorb|[of] p2a: Alomomola
|
|-heal|p2a: Alomomola|100/100|[from] move: Wish|[wisher] Alomomola
|upkeep
|turn|17
|
|t:|1776097810
|switch|p2a: Gholdengo|Gholdengo|100/100
|-damage|p2a: Gholdengo|94/100|[from] Stealth Rock
|-item|p2a: Gholdengo|Air Balloon
|move|p1a: Clodsire|Toxic|p2a: Gholdengo
|-immune|p2a: Gholdengo|[from] ability: Good as Gold
|
|upkeep
|turn|18
|
|t:|1776097814
|switch|p1a: Cinderace|Cinderace, M|63/100
|move|p2a: Gholdengo|Thunder Wave|p1a: Cinderace
|-status|p1a: Cinderace|par
|
|upkeep
|turn|19
|
|t:|1776097820
|move|p2a: Gholdengo|Hex|p1a: Cinderace
|-damage|p1a: Cinderace|0 fnt
|faint|p1a: Cinderace
|
|upkeep
|
|t:|1776097823
|switch|p1a: Darkrai|Darkrai, tera:Dark|100/100
|turn|20
|
|t:|1776097828
|switch|p2a: Zamazenta|Zamazenta|59/100
|-damage|p2a: Zamazenta|53/100|[from] Stealth Rock
|move|p1a: Darkrai|Dark Pulse|p2a: Zamazenta
|-resisted|p2a: Zamazenta
|-damage|p2a: Zamazenta|12/100
|
|-heal|p2a: Zamazenta|18/100|[from] item: Leftovers
|upkeep
|turn|21
|
|t:|1776097830
|switch|p1a: Garchomp|Garchomp, F|24/100
|move|p2a: Zamazenta|Iron Defense|p2a: Zamazenta
|-boost|p2a: Zamazenta|def|2
|
|-heal|p2a: Zamazenta|24/100|[from] item: Leftovers
|upkeep
|turn|22
|
|t:|1776097837
|move|p1a: Garchomp|Endure|p1a: Garchomp
|-singleturn|p1a: Garchomp|move: Endure
|move|p2a: Zamazenta|Body Press|p1a: Garchomp
|-activate|p1a: Garchomp|move: Endure
|-damage|p1a: Garchomp|1/100
|-damage|p2a: Zamazenta|12/100|[from] ability: Rough Skin|[of] p1a: Garchomp
|-damage|p2a: Zamazenta|0 fnt|[from] item: Rocky Helmet|[of] p1a: Garchomp
|faint|p2a: Zamazenta
|
|upkeep
|
|t:|1776097843
|switch|p2a: Alomomola|Alomomola, F|100/100
|turn|23
|
|t:|1776097853
|move|p2a: Alomomola|Flip Turn|p1a: Garchomp
|-damage|p1a: Garchomp|0 fnt
|-damage|p2a: Alomomola|88/100|[from] ability: Rough Skin|[of] p1a: Garchomp
|-damage|p2a: Alomomola|71/100|[from] item: Rocky Helmet|[of] p1a: Garchomp
|faint|p1a: Garchomp
|
|t:|1776097860
|switch|p2a: Gholdengo|Gholdengo|94/100|[from] Flip Turn
|-damage|p2a: Gholdengo|88/100|[from] Stealth Rock
|-item|p2a: Gholdengo|Air Balloon
|
|upkeep
|inactive|champ bogar has 120 seconds left.
|
|t:|1776097897
|switch|p1a: Darkrai|Darkrai, tera:Dark|100/100
|turn|24
|
|t:|1776097902
|-terastallize|p2a: Gholdengo|Fairy
|move|p1a: Darkrai|Dark Pulse|p2a: Gholdengo
|-resisted|p2a: Gholdengo
|-damage|p2a: Gholdengo|49/100
|-enditem|p2a: Gholdengo|Air Balloon
|move|p2a: Gholdengo|Thunder Wave|p1a: Darkrai
|-status|p1a: Darkrai|par
|
|upkeep
|turn|25
|
|t:|1776097915
|move|p2a: Gholdengo|Recover|p2a: Gholdengo
|-heal|p2a: Gholdengo|99/100
|move|p1a: Darkrai|Dark Pulse|p2a: Gholdengo
|-resisted|p2a: Gholdengo
|-damage|p2a: Gholdengo|59/100
|
|upkeep
|turn|26
|
|t:|1776097922
|switch|p1a: Clodsire|Clodsire, F|99/100
|move|p2a: Gholdengo|Recover|p2a: Gholdengo
|-heal|p2a: Gholdengo|100/100
|
|upkeep
|turn|27
|
|t:|1776097927
|move|p2a: Gholdengo|Make It Rain|p1a: Clodsire
|-damage|p1a: Clodsire|70/100
|-unboost|p2a: Gholdengo|spa|1
|move|p1a: Clodsire|Toxic|p2a: Gholdengo
|-immune|p2a: Gholdengo|[from] ability: Good as Gold
|
|upkeep
|turn|28
|
|t:|1776097934
|switch|p2a: Tyranitar|Tyranitar, F|84/100
|-weather|Sandstorm|[from] ability: Sand Stream|[of] p2a: Tyranitar
|move|p1a: Clodsire|Toxic|p2a: Tyranitar
|-status|p2a: Tyranitar|tox
|
|-weather|Sandstorm|[upkeep]
|-damage|p2a: Tyranitar|78/100 tox|[from] psn
|upkeep
|turn|29
|
|t:|1776097940
|switch|p1a: Corviknight|Corviknight, M|79/100
|-ability|p1a: Corviknight|Pressure
|move|p2a: Tyranitar|Stealth Rock|p1a: Corviknight
|-sidestart|p1: champ bogar|move: Stealth Rock
|
|-weather|Sandstorm|[upkeep]
|-damage|p2a: Tyranitar|66/100 tox|[from] psn
|upkeep
|turn|30
|
|t:|1776097947
|switch|p2a: Sandy Shocks|Sandy Shocks|84/100
|move|p1a: Corviknight|U-turn|p2a: Sandy Shocks
|-damage|p2a: Sandy Shocks|66/100
|
|t:|1776097950
|switch|p1a: Deoxys|Deoxys-Speed, shiny|100/100|[from] U-turn
|-damage|p1a: Deoxys|88/100|[from] Stealth Rock
|-ability|p1a: Deoxys|Pressure
|
|-weather|Sandstorm|[upkeep]
|-damage|p1a: Deoxys|82/100|[from] Sandstorm
|upkeep
|turn|31
|
|t:|1776097953
|move|p1a: Deoxys|Ice Beam|p2a: Sandy Shocks
|-supereffective|p2a: Sandy Shocks
|-damage|p2a: Sandy Shocks|0 fnt
|faint|p2a: Sandy Shocks
|-end|p2a: Sandy Shocks|Protosynthesis|[silent]
|-damage|p1a: Deoxys|72/100|[from] item: Life Orb
|
|-weather|Sandstorm|[upkeep]
|-damage|p1a: Deoxys|66/100|[from] Sandstorm
|upkeep
|-message|Zokua forfeited.
|
|win|champ bogar
|raw|champ bogar's rating: 1690 &rarr; <strong>1709</strong><br />(+19 for winning)
|raw|Zokua's rating: 1671 &rarr; <strong>1652</strong><br />(-19 for losing)
|l|☆Zokua
|player|p2|
|l|☆champ bogar
|player|p1|
