|html|<div class="broadcast-blue"><strong>[Gen 9] OU is currently suspecting Tera Blast! For information on how to participate check out the <a href="https://www.smogon.com/tools/suspects/view/200">suspect thread</a>.</strong></div>
|j|‽rondup
|j|☆Jfalconmaster1
|t:|1776034634
|gametype|singles
|player|p1|rondup|burgh|1126
|player|p2|Jfalconmaster1|101|1127
|gen|9
|tier|[Gen 9] OU
|rated|
|rule|HP Percentage Mod: HP is shown in percentages
|rule|Endless Battle Clause: Forcing endless battles is banned
|rule|Species Clause: Limit one of each Pokémon
|rule|OHKO Clause: OHKO moves are banned
|rule|Evasion Items Clause: Evasion items are banned
|rule|Evasion Moves Clause: Evasion moves are banned
|rule|Evasion Abilities Clause: Evasion abilities are banned
|rule|Sleep Moves Clause: Sleep-inducing moves are banned
|clearpoke
|poke|p1|Pelipper, M|
|poke|p1|Azumarill, M|
|poke|p1|Corviknight, F|
|poke|p1|Clefable, M|
|poke|p1|Weezing-Galar, M|
|poke|p1|Tyranitar, F|
|poke|p2|Sylveon, F|
|poke|p2|Blaziken, F|
|poke|p2|Clefairy, F|
|poke|p2|Great Tusk|
|poke|p2|Pawmot, M|
|poke|p2|Serperior, M|
|teampreview
|inactive|Battle timer is ON: inactive players will automatically lose when time's up. (requested by Jfalconmaster1)
|
|t:|1776034641
|teamsize|p1|6
|teamsize|p2|6
|start
|switch|p1a: Pelipper|Pelipper, M|100/100
|switch|p2a: Blaziken|Blaziken, F|100/100
|-weather|RainDance|[from] ability: Drizzle|[of] p1a: Pelipper
|turn|1
|
|t:|1776034649
|move|p2a: Blaziken|Swords Dance|p2a: Blaziken
|-boost|p2a: Blaziken|atk|2
|move|p1a: Pelipper|Weather Ball|p2a: Blaziken
|-supereffective|p2a: Blaziken
|-enditem|p2a: Blaziken|Focus Sash
|-damage|p2a: Blaziken|1/100
|
|-weather|RainDance|[upkeep]
|-ability|p2a: Blaziken|Speed Boost|boost
|-boost|p2a: Blaziken|spe|1
|upkeep
|turn|2
|
|t:|1776034662
|move|p2a: Blaziken|Thunder Punch|p1a: Pelipper
|-supereffective|p1a: Pelipper
|-damage|p1a: Pelipper|0 fnt
|faint|p1a: Pelipper
|
|-weather|RainDance|[upkeep]
|-ability|p2a: Blaziken|Speed Boost|boost
|-boost|p2a: Blaziken|spe|1
|upkeep
|
|t:|1776034665
|switch|p1a: Azumarill|Azumarill, M|100/100
|turn|3
|
|t:|1776034676
|move|p1a: Azumarill|Aqua Jet|p2a: Blaziken
|-supereffective|p2a: Blaziken
|-damage|p2a: Blaziken|0 fnt
|faint|p2a: Blaziken
|
|-weather|RainDance|[upkeep]
|upkeep
|
|t:|1776034684
|switch|p2a: Serperior|Serperior, M|100/100
|turn|4
|
|t:|1776034695
|switch|p1a: Clefable|Clefable, M, shiny|100/100
|move|p2a: Serperior|Leaf Storm|p1a: Clefable
|-damage|p1a: Clefable|76/100
|-boost|p2a: Serperior|spa|2
|
|-weather|RainDance|[upkeep]
|upkeep
|turn|5
|
|t:|1776034720
|move|p2a: Serperior|Leaf Storm|p1a: Clefable
|-damage|p1a: Clefable|54/100
|-boost|p2a: Serperior|spa|2
|move|p1a: Clefable|Knock Off|p2a: Serperior
|-damage|p2a: Serperior|81/100
|-enditem|p2a: Serperior|Choice Scarf|[from] move: Knock Off|[of] p1a: Clefable
|
|-weather|none
|upkeep
|turn|6
|
|t:|1776034723
|move|p2a: Serperior|Leaf Storm|p1a: Clefable
|-damage|p1a: Clefable|32/100
|-boost|p2a: Serperior|spa|2
|move|p1a: Clefable|Flamethrower|p2a: Serperior
|-supereffective|p2a: Serperior
|-damage|p2a: Serperior|32/100
|
|upkeep
|turn|7
|
|t:|1776034730
|move|p2a: Serperior|Giga Drain|p1a: Clefable
|-damage|p1a: Clefable|18/100
|-heal|p2a: Serperior|41/100|[from] drain|[of] p1a: Clefable
|move|p1a: Clefable|Flamethrower|p2a: Serperior
|-supereffective|p2a: Serperior
|-damage|p2a: Serperior|0 fnt
|faint|p2a: Serperior
|
|upkeep
|
|t:|1776034741
|switch|p2a: Great Tusk|Great Tusk|100/100
|turn|8
|
|t:|1776034765
|move|p2a: Great Tusk|Supercell Slam|p1a: Clefable
|-damage|p1a: Clefable|0 fnt
|faint|p1a: Clefable
|
|upkeep
|
|t:|1776034773
|switch|p1a: Azumarill|Azumarill, M|100/100
|turn|9
|
|t:|1776034779
|move|p2a: Great Tusk|Supercell Slam|p1a: Azumarill
|-supereffective|p1a: Azumarill
|-damage|p1a: Azumarill|27/100
|move|p1a: Azumarill|Belly Drum||[still]
|-fail|p1a: Azumarill
|
|upkeep
|turn|10
|
|t:|1776034784
|move|p1a: Azumarill|Aqua Jet|p2a: Great Tusk
|-supereffective|p2a: Great Tusk
|-damage|p2a: Great Tusk|62/100
|move|p2a: Great Tusk|Supercell Slam|p1a: Azumarill|[miss]
|-miss|p2a: Great Tusk|p1a: Azumarill
|-damage|p2a: Great Tusk|12/100|[from] supercellslam
|
|upkeep
|turn|11
|
|t:|1776034792
|move|p1a: Azumarill|Aqua Jet|p2a: Great Tusk
|-supereffective|p2a: Great Tusk
|-damage|p2a: Great Tusk|0 fnt
|faint|p2a: Great Tusk
|-end|p2a: Great Tusk|Protosynthesis|[silent]
|
|upkeep
|
|t:|1776034798
|switch|p2a: Pawmot|Pawmot, M|100/100
|turn|12
|
|t:|1776034806
|move|p2a: Pawmot|Fake Out|p1a: Azumarill
|-damage|p1a: Azumarill|14/100
|-enditem|p1a: Azumarill|Aguav Berry|[eat]
|-heal|p1a: Azumarill|47/100|[from] item: Aguav Berry
|cant|p1a: Azumarill|flinch
|
|upkeep
|turn|13
|
|t:|1776034813
|move|p1a: Azumarill|Aqua Jet|p2a: Pawmot
|-damage|p2a: Pawmot|62/100
|move|p2a: Pawmot|Revival Blessing|p2a: Pawmot
|
|t:|1776034827
|-heal|p2: Blaziken|50/100|[from] move: Revival Blessing
|
|upkeep
|turn|14
|
|t:|1776034838
|switch|p1a: Weezing|Weezing-Galar, M|100/100
|-ability|p1a: Weezing|Neutralizing Gas
|move|p2a: Pawmot|Double Shock|p1a: Weezing
|-damage|p1a: Weezing|53/100
|-start|p2a: Pawmot|typechange|???/Fighting|[from] move: Double Shock
|
|-heal|p1a: Weezing|59/100|[from] item: Black Sludge
|upkeep
|turn|15
|
|t:|1776034851
|move|p2a: Pawmot|Close Combat|p1a: Weezing
|-resisted|p1a: Weezing
|-crit|p1a: Weezing
|-damage|p1a: Weezing|39/100
|-unboost|p2a: Pawmot|def|1
|-unboost|p2a: Pawmot|spd|1
|move|p1a: Weezing|Will-O-Wisp|p2a: Pawmot|[miss]
|-miss|p1a: Weezing|p2a: Pawmot
|
|-heal|p1a: Weezing|45/100|[from] item: Black Sludge
|upkeep
|turn|16
|
|t:|1776034867
|move|p1a: Weezing|Protect|p1a: Weezing
|-singleturn|p1a: Weezing|Protect
|move|p2a: Pawmot|Close Combat|p1a: Weezing
|-activate|p1a: Weezing|move: Protect
|
|-heal|p1a: Weezing|51/100|[from] item: Black Sludge
|upkeep
|turn|17
|
|t:|1776034876
|move|p2a: Pawmot|Close Combat|p1a: Weezing
|-resisted|p1a: Weezing
|-damage|p1a: Weezing|40/100
|-unboost|p2a: Pawmot|def|1
|-unboost|p2a: Pawmot|spd|1
|move|p1a: Weezing|Strange Steam|p2a: Pawmot
|-supereffective|p2a: Pawmot
|-damage|p2a: Pawmot|0 fnt
|faint|p2a: Pawmot
|
|-heal|p1a: Weezing|46/100|[from] item: Black Sludge
|upkeep
|
|t:|1776034887
|switch|p2a: Clefairy|Clefairy, F|100/100
|turn|18
|
|t:|1776034894
|move|p1a: Weezing|Sludge Bomb|p2a: Clefairy
|-supereffective|p2a: Clefairy
|-damage|p2a: Clefairy|45/100
|move|p2a: Clefairy|Healing Wish|p2a: Clefairy
|faint|p2a: Clefairy
|
|-heal|p1a: Weezing|52/100|[from] item: Black Sludge
|upkeep
|
|t:|1776034902
|switch|p2a: Blaziken|Blaziken, F|50/100
|-heal|p2a: Blaziken|100/100|[from] move: Healing Wish
|turn|19
|
|t:|1776034917
|move|p2a: Blaziken|Blaze Kick|p1a: Weezing
|-damage|p1a: Weezing|11/100
|move|p1a: Weezing|Strange Steam|p2a: Blaziken
|-damage|p2a: Blaziken|62/100
|
|-heal|p1a: Weezing|17/100|[from] item: Black Sludge
|upkeep
|turn|20
|
|t:|1776034923
|move|p1a: Weezing|Protect|p1a: Weezing
|-singleturn|p1a: Weezing|Protect
|move|p2a: Blaziken|Thunder Punch|p1a: Weezing
|-activate|p1a: Weezing|move: Protect
|
|-heal|p1a: Weezing|23/100|[from] item: Black Sludge
|upkeep
|turn|21
|
|t:|1776034930
|move|p2a: Blaziken|Thunder Punch|p1a: Weezing
|-damage|p1a: Weezing|0 fnt
|faint|p1a: Weezing
|-end|p1a: Weezing|ability: Neutralizing Gas
|
|-ability|p2a: Blaziken|Speed Boost|boost
|-boost|p2a: Blaziken|spe|1
|upkeep
|
|t:|1776034942
|switch|p1a: Azumarill|Azumarill, M|47/100
|turn|22
|
|t:|1776034951
|move|p1a: Azumarill|Aqua Jet|p2a: Blaziken
|-supereffective|p2a: Blaziken
|-damage|p2a: Blaziken|0 fnt
|faint|p2a: Blaziken
|
|upkeep
|
|t:|1776034956
|switch|p2a: Sylveon|Sylveon, F, shiny|100/100
|turn|23
|
|t:|1776034966
|-terastallize|p2a: Sylveon|Fairy
|move|p1a: Azumarill|Aqua Jet|p2a: Sylveon
|-damage|p2a: Sylveon|68/100
|move|p2a: Sylveon|Hyper Voice|p1a: Azumarill
|-damage|p1a: Azumarill|0 fnt
|faint|p1a: Azumarill
|
|upkeep
|
|t:|1776034976
|switch|p1a: Tyranitar|Tyranitar, F, shiny|100/100
|-weather|Sandstorm|[from] ability: Sand Stream|[of] p1a: Tyranitar
|turn|24
|
|t:|1776034984
|-terastallize|p1a: Tyranitar|Steel
|move|p2a: Sylveon|Hyper Voice|p1a: Tyranitar
|-resisted|p1a: Tyranitar
|-damage|p1a: Tyranitar|82/100
|move|p1a: Tyranitar|Heavy Slam|p2a: Sylveon
|-supereffective|p2a: Sylveon
|-damage|p2a: Sylveon|0 fnt
|faint|p2a: Sylveon
|
|win|rondup
|raw|rondup's rating: 1126 &rarr; <strong>1151</strong><br />(+25 for winning)
|raw|Jfalconmaster1's rating: 1127 &rarr; <strong>1102</strong><br />(-25 for losing)
|c|☆Jfalconmaster1|gg
|l|☆Jfalconmaster1
|player|p2|
|l|‽rondup
|player|p1|
