|html|<div class="broadcast-blue"><strong>[Gen 9] OU is currently suspecting Tera Blast! For information on how to participate check out the <a href="https://www.smogon.com/tools/suspects/view/200">suspect thread</a>.</strong></div>
|j|☆Tsucci Hebi
|j|☆DangerJJ919
|t:|1776085101
|gametype|singles
|player|p1|Tsucci Hebi|backersf|1068
|player|p2|DangerJJ919|265|1075
|gen|9
|tier|[Gen 9] OU
|rated|
|rule|HP Percentage Mod: HP is shown in percentages
|rule|Endless Battle Clause: Forcing endless battles is banned
|rule|Species Clause: Limit one of each Pokémon
|rule|OHKO Clause: OHKO moves are banned
|rule|Evasion Items Clause: Evasion items are banned
|rule|Evasion Moves Clause: Evasion moves are banned
|rule|Evasion Abilities Clause: Evasion abilities are banned
|rule|Sleep Moves Clause: Sleep-inducing moves are banned
|clearpoke
|poke|p1|Houndstone, M|
|poke|p1|Ogerpon-Wellspring, F|
|poke|p1|Meloetta|
|poke|p1|Glimmora, F|
|poke|p1|Clefable, F|
|poke|p1|Dudunsparce-*, F|
|poke|p2|Comfey, F|
|poke|p2|Weavile, M|
|poke|p2|Iron Treads|
|poke|p2|Espeon, M|
|poke|p2|Pyroar, F|
|poke|p2|Iron Hands|
|teampreview
|j| ohko_smeargle
|inactive|Battle timer is ON: inactive players will automatically lose when time's up. (requested by Tsucci Hebi)
|
|t:|1776085112
|teamsize|p1|6
|teamsize|p2|6
|start
|switch|p1a: Sandstorm|Houndstone, M, shiny|100/100
|switch|p2a: Espeon|Espeon, M|100/100
|turn|1
|
|t:|1776085132
|-terastallize|p1a: Sandstorm|Normal
|move|p2a: Espeon|Thunder Wave|p1a: Sandstorm
|-status|p1a: Sandstorm|par
|move|p1a: Sandstorm|Roar|p2a: Espeon
|move|p2a: Espeon|Roar|p1a: Sandstorm|[from] ability: Magic Bounce
|drag|p1a: Mellie|Meloetta|100/100
|
|upkeep
|turn|2
|
|t:|1776085143
|move|p2a: Espeon|Thunder Wave|p1a: Mellie
|-status|p1a: Mellie|par
|move|p1a: Mellie|Trick Room|p1a: Mellie
|-fieldstart|move: Trick Room|[of] p1a: Mellie
|
|upkeep
|turn|3
|
|t:|1776085152
|move|p1a: Mellie|Shadow Ball|p2a: Espeon
|-supereffective|p2a: Espeon
|-damage|p2a: Espeon|39/100
|-unboost|p2a: Espeon|spd|1
|move|p2a: Espeon|Psychic Noise|p1a: Mellie
|-resisted|p1a: Mellie
|-crit|p1a: Mellie
|-damage|p1a: Mellie|81/100 par
|-start|p1a: Mellie|move: Heal Block
|
|upkeep
|turn|4
|
|t:|1776085163
|cant|p1a: Mellie|par
|move|p2a: Espeon|Psychic Noise|p1a: Mellie
|-resisted|p1a: Mellie
|-damage|p1a: Mellie|69/100 par
|
|-end|p1a: Mellie|move: Heal Block
|upkeep
|turn|5
|
|t:|1776085171
|cant|p1a: Mellie|par
|move|p2a: Espeon|Psychic Noise|p1a: Mellie
|-resisted|p1a: Mellie
|-damage|p1a: Mellie|56/100 par
|-start|p1a: Mellie|move: Heal Block
|
|upkeep
|turn|6
|
|t:|1776085179
|move|p1a: Mellie|Shadow Ball|p2a: Espeon
|-supereffective|p2a: Espeon
|-damage|p2a: Espeon|0 fnt
|faint|p2a: Espeon
|
|-end|p1a: Mellie|move: Heal Block
|-fieldend|move: Trick Room
|upkeep
|
|t:|1776085196
|switch|p2a: Iron Hands|Iron Hands|100/100
|turn|7
|
|t:|1776085202
|switch|p1a: Sandstorm|Houndstone, M, shiny, tera:Normal|100/100 par
|move|p2a: Iron Hands|Fake Out|p1a: Sandstorm
|-damage|p1a: Sandstorm|94/100 par
|
|upkeep
|turn|8
|
|t:|1776085215
|move|p2a: Iron Hands|Earthquake|p1a: Sandstorm
|-damage|p1a: Sandstorm|66/100 par
|move|p1a: Sandstorm|Will-O-Wisp|p2a: Iron Hands
|-status|p2a: Iron Hands|brn
|
|-damage|p2a: Iron Hands|94/100 brn|[from] brn
|upkeep
|turn|9
|-message|DangerJJ919 forfeited.
|
|win|Tsucci Hebi
|raw|Tsucci Hebi's rating: 1102 &rarr; <strong>1125</strong><br />(+23 for winning)
|raw|DangerJJ919's rating: 1075 &rarr; <strong>1055</strong><br />(-20 for losing)
|l|☆DangerJJ919
|player|p2|
|l| ohko_smeargle
|l|☆Tsucci Hebi
|player|p1|
