|html|<div class="broadcast-blue"><strong>[Gen 9] OU is currently suspecting Tera Blast! For information on how to participate check out the <a href="https://www.smogon.com/tools/suspects/view/200">suspect thread</a>.</strong></div>
|j|☆thebacchusbraviary
|j|☆kianchimchar
|t:|1776114116
|gametype|singles
|player|p1|thebacchusbraviary|winona|1397
|player|p2|kianchimchar|unknown|1482
|gen|9
|tier|[Gen 9] OU
|rated|
|rule|HP Percentage Mod: HP is shown in percentages
|rule|Endless Battle Clause: Forcing endless battles is banned
|rule|Species Clause: Limit one of each Pokémon
|rule|OHKO Clause: OHKO moves are banned
|rule|Evasion Items Clause: Evasion items are banned
|rule|Evasion Moves Clause: Evasion moves are banned
|rule|Evasion Abilities Clause: Evasion abilities are banned
|rule|Sleep Moves Clause: Sleep-inducing moves are banned
|clearpoke
|poke|p1|Talonflame, F|
|poke|p1|Latios, M|
|poke|p1|Magnezone|
|poke|p1|Regice|
|poke|p1|Tauros-Paldea-Aqua, M|
|poke|p1|Tyranitar, M|
|poke|p2|Dragonite, F|
|poke|p2|Smeargle, F|
|poke|p2|Zoroark-Hisui, F|
|poke|p2|Scizor, M|
|poke|p2|Kyurem|
|poke|p2|Zapdos|
|teampreview
|inactive|Battle timer is ON: inactive players will automatically lose when time's up. (requested by kianchimchar)
|inactive|thebacchusbraviary also wants the timer to be on.
|inactive|kianchimchar has 120 seconds left.
|
|t:|1776114166
|teamsize|p1|6
|teamsize|p2|6
|start
|switch|p1a: Tyranitar|Tyranitar, M|100/100
|switch|p2a: Smeargle|Smeargle, F|100/100
|-weather|Sandstorm|[from] ability: Sand Stream|[of] p1a: Tyranitar
|turn|1
|
|t:|1776114175
|move|p2a: Smeargle|Trick|p1a: Tyranitar
|-activate|p2a: Smeargle|move: Trick|[of] p1a: Tyranitar
|-item|p1a: Tyranitar|Choice Scarf|[from] move: Trick
|-item|p2a: Smeargle|Leftovers|[from] move: Trick
|move|p1a: Tyranitar|Knock Off|p2a: Smeargle
|-supereffective|p2a: Smeargle
|-damage|p2a: Smeargle|0 fnt
|replace|p2a: Zoroark|Zoroark-Hisui, F
|-end|p2a: Zoroark|Illusion
|-enditem|p2a: Zoroark|Leftovers|[from] move: Knock Off|[of] p1a: Tyranitar
|faint|p2a: Zoroark
|
|-weather|Sandstorm|[upkeep]
|upkeep
|
|t:|1776114183
|switch|p2a: Scizor|Scizor, M, shiny|100/100
|turn|2
|
|t:|1776114188
|switch|p1a: Talonflame|Talonflame, F|100/100
|move|p2a: Scizor|Swords Dance|p2a: Scizor
|-boost|p2a: Scizor|atk|2
|
|-weather|Sandstorm|[upkeep]
|-damage|p1a: Talonflame|94/100|[from] Sandstorm
|upkeep
|turn|3
|
|t:|1776114190
|move|p2a: Scizor|Bullet Punch|p1a: Talonflame
|-resisted|p1a: Talonflame
|-damage|p1a: Talonflame|39/100
|-status|p2a: Scizor|brn|[from] ability: Flame Body|[of] p1a: Talonflame
|move|p1a: Talonflame|Flare Blitz|p2a: Scizor
|-supereffective|p2a: Scizor
|-damage|p2a: Scizor|0 fnt
|-damage|p1a: Talonflame|22/100|[from] item: Rocky Helmet|[of] p2a: Scizor
|faint|p2a: Scizor
|-damage|p1a: Talonflame|0 fnt|[from] Recoil
|faint|p1a: Talonflame
|
|-weather|Sandstorm|[upkeep]
|upkeep
|
|t:|1776114206
|switch|p1a: Tyranitar|Tyranitar, M|100/100
|switch|p2a: Zapdos|Zapdos|100/100
|turn|4
|
|t:|1776114214
|move|p2a: Zapdos|Thunder Wave|p1a: Tyranitar
|-status|p1a: Tyranitar|par
|move|p1a: Tyranitar|Knock Off|p2a: Zapdos
|-damage|p2a: Zapdos|59/100
|-enditem|p2a: Zapdos|Heavy-Duty Boots|[from] move: Knock Off|[of] p1a: Tyranitar
|
|-weather|Sandstorm|[upkeep]
|-damage|p2a: Zapdos|53/100|[from] Sandstorm
|upkeep
|turn|5
|
|t:|1776114217
|switch|p1a: Regice|Regice|100/100
|move|p2a: Zapdos|Roost|p2a: Zapdos
|-heal|p2a: Zapdos|100/100
|-singleturn|p2a: Zapdos|move: Roost
|
|-weather|none
|upkeep
|turn|6
|
|t:|1776114220
|move|p2a: Zapdos|Discharge|p1a: Regice
|-damage|p1a: Regice|82/100
|move|p1a: Regice|Ice Beam|p2a: Zapdos
|-supereffective|p2a: Zapdos
|-damage|p2a: Zapdos|20/100
|
|-heal|p1a: Regice|88/100|[from] item: Leftovers
|upkeep
|turn|7
|
|t:|1776114221
|move|p2a: Zapdos|Thunder Wave|p1a: Regice
|-status|p1a: Regice|par
|move|p1a: Regice|Ice Beam|p2a: Zapdos
|-supereffective|p2a: Zapdos
|-damage|p2a: Zapdos|0 fnt
|faint|p2a: Zapdos
|
|-heal|p1a: Regice|94/100 par|[from] item: Leftovers
|upkeep
|
|t:|1776114225
|switch|p2a: Smeargle|Smeargle, F|100/100
|turn|8
|
|t:|1776114227
|move|p2a: Smeargle|Ceaseless Edge|p1a: Regice
|-damage|p1a: Regice|85/100 par
|-sidestart|p1: thebacchusbraviary|Spikes
|move|p1a: Regice|Focus Blast|p2a: Smeargle
|-supereffective|p2a: Smeargle
|-enditem|p2a: Smeargle|Focus Sash
|-damage|p2a: Smeargle|1/100
|
|-heal|p1a: Regice|91/100 par|[from] item: Leftovers
|upkeep
|turn|9
|
|t:|1776114229
|move|p2a: Smeargle|Endeavor|p1a: Regice
|-damage|p1a: Regice|1/100 par
|cant|p1a: Regice|par
|
|-heal|p1a: Regice|7/100 par|[from] item: Leftovers
|upkeep
|turn|10
|
|t:|1776114232
|move|p2a: Smeargle|Ceaseless Edge|p1a: Regice
|-damage|p1a: Regice|0 fnt
|-sidestart|p1: thebacchusbraviary|Spikes
|faint|p1a: Regice
|
|upkeep
|
|t:|1776114235
|switch|p1a: Latios|Latios, M|100/100
|turn|11
|
|t:|1776114238
|move|p1a: Latios|Luster Purge|p2a: Smeargle
|-damage|p2a: Smeargle|0 fnt
|faint|p2a: Smeargle
|
|upkeep
|
|t:|1776114252
|switch|p2a: Kyurem|Kyurem|100/100
|-ability|p2a: Kyurem|Pressure
|turn|12
|
|t:|1776114254
|move|p1a: Latios|Draco Meteor|p2a: Kyurem
|-supereffective|p2a: Kyurem
|-enditem|p2a: Kyurem|Focus Sash
|-damage|p2a: Kyurem|1/100
|-unboost|p1a: Latios|spa|2
|move|p2a: Kyurem|Freeze-Dry|p1a: Latios
|-supereffective|p1a: Latios
|-damage|p1a: Latios|27/100
|
|upkeep
|turn|13
|
|t:|1776114258
|switch|p1a: Tyranitar|Tyranitar, M|100/100 par
|-damage|p1a: Tyranitar|84/100 par|[from] Spikes
|-weather|Sandstorm|[from] ability: Sand Stream|[of] p1a: Tyranitar
|move|p2a: Kyurem|Freeze-Dry|p1a: Tyranitar
|-damage|p1a: Tyranitar|64/100 par
|
|-weather|Sandstorm|[upkeep]
|-damage|p2a: Kyurem|0 fnt|[from] Sandstorm
|faint|p2a: Kyurem
|upkeep
|
|t:|1776114262
|switch|p2a: one man army|Dragonite, F, shiny|100/100
|turn|14
|
|t:|1776114267
|move|p2a: one man army|Low Kick|p1a: Tyranitar
|-supereffective|p1a: Tyranitar
|-damage|p1a: Tyranitar|0 fnt
|faint|p1a: Tyranitar
|
|-weather|Sandstorm|[upkeep]
|-damage|p2a: one man army|94/100|[from] Sandstorm
|-heal|p2a: one man army|100/100|[from] item: Leftovers
|upkeep
|
|t:|1776114281
|switch|p1a: Latios|Latios, M|27/100
|turn|15
|
|t:|1776114284
|-terastallize|p2a: one man army|Ghost
|move|p1a: Latios|Draco Meteor|p2a: one man army
|-damage|p2a: one man army|60/100
|-unboost|p1a: Latios|spa|2
|move|p2a: one man army|Dragon Dance|p2a: one man army
|-boost|p2a: one man army|atk|1
|-boost|p2a: one man army|spe|1
|
|-weather|Sandstorm|[upkeep]
|-damage|p2a: one man army|53/100|[from] Sandstorm
|-damage|p1a: Latios|21/100|[from] Sandstorm
|-heal|p2a: one man army|60/100|[from] item: Leftovers
|upkeep
|turn|16
|
|t:|1776114293
|move|p2a: one man army|Dragon Dance|p2a: one man army
|-boost|p2a: one man army|atk|1
|-boost|p2a: one man army|spe|1
|move|p1a: Latios|Shadow Ball|p2a: one man army
|-supereffective|p2a: one man army
|-damage|p2a: one man army|31/100
|-unboost|p2a: one man army|spd|1
|
|-weather|Sandstorm|[upkeep]
|-damage|p2a: one man army|25/100|[from] Sandstorm
|-damage|p1a: Latios|15/100|[from] Sandstorm
|-heal|p2a: one man army|31/100|[from] item: Leftovers
|upkeep
|turn|17
|
|t:|1776114299
|move|p2a: one man army|Tera Blast|p1a: Latios|[anim] Tera Blast Ghost
|-supereffective|p1a: Latios
|-damage|p1a: Latios|0 fnt
|faint|p1a: Latios
|
|-weather|none
|-heal|p2a: one man army|37/100|[from] item: Leftovers
|upkeep
|
|t:|1776114300
|switch|p1a: Tauros|Tauros-Paldea-Aqua, M|100/100
|-damage|p1a: Tauros|84/100|[from] Spikes
|-ability|p1a: Tauros|Intimidate|boost
|-unboost|p2a: one man army|atk|1
|turn|18
|
|t:|1776114303
|-terastallize|p1a: Tauros|Water
|move|p1a: Tauros|Aqua Jet|p2a: one man army
|-damage|p2a: one man army|0 fnt
|faint|p2a: one man army
|
|win|thebacchusbraviary
|raw|thebacchusbraviary's rating: 1397 &rarr; <strong>1422</strong><br />(+25 for winning)
|raw|kianchimchar's rating: 1482 &rarr; <strong>1457</strong><br />(-25 for losing)
|l|☆kianchimchar
|player|p2|
|l|☆thebacchusbraviary
|player|p1|
