|html|<div class="broadcast-blue"><strong>[Gen 9] OU is currently suspecting Volcarona! For information on how to participate check out the <a href="https://www.smogon.com/tools/suspects/view/208">suspect thread</a>.</strong></div>
|j|☆McStickynugget
|j|☆Hike Mawk
|t:|1778517126
|gametype|singles
|player|p1|McStickynugget|169|1346
|player|p2|Hike Mawk|riley|1329
|gen|9
|tier|[Gen 9] OU
|rated|
|rule|HP Percentage Mod: HP is shown in percentages
|rule|Endless Battle Clause: Forcing endless battles is banned
|rule|Species Clause: Limit one of each Pokémon
|rule|OHKO Clause: OHKO moves are banned
|rule|Evasion Items Clause: Evasion items are banned
|rule|Evasion Moves Clause: Evasion moves are banned
|rule|Evasion Abilities Clause: Evasion abilities are banned
|rule|Sleep Moves Clause: Sleep-inducing moves are banned
|clearpoke
|poke|p1|Corviknight, M|
|poke|p1|Ursaluna, F|
|poke|p1|Ogerpon-Wellspring, F|
|poke|p1|Raging Bolt|
|poke|p1|Zamazenta-*|
|poke|p1|Hatterene, F|
|poke|p2|Gliscor, M|
|poke|p2|Clefable, F|
|poke|p2|Corviknight, M|
|poke|p2|Blissey, F|
|poke|p2|Forretress, F|
|poke|p2|Garganacl, F|
|teampreview
|
|t:|1778517129
|teamsize|p1|6
|teamsize|p2|6
|start
|switch|p1a: Hatterene|Hatterene, F|100/100
|switch|p2a: Rocki|Garganacl, F, shiny|100/100
|turn|1
|
|t:|1778517136
|switch|p1a: Corviknight|Corviknight, M|100/100
|move|p2a: Rocki|Salt Cure|p1a: Corviknight
|-damage|p1a: Corviknight|88/100
|-start|p1a: Corviknight|Salt Cure
|
|-damage|p1a: Corviknight|63/100|[from] Salt Cure
|upkeep
|turn|2
|
|t:|1778517142
|switch|p2a: Cleffairable|Clefable, F, shiny|100/100
|move|p1a: Corviknight|Body Press|p2a: Cleffairable
|-resisted|p2a: Cleffairable
|-damage|p2a: Cleffairable|86/100
|
|-damage|p1a: Corviknight|39/100|[from] Salt Cure
|upkeep
|turn|3
|
|t:|1778517148
|switch|p1a: Hatterene|Hatterene, F|100/100
|move|p2a: Cleffairable|Flamethrower|p1a: Hatterene
|-damage|p1a: Hatterene|83/100
|
|upkeep
|turn|4
|
|t:|1778517154
|switch|p2a: Azulor|Gliscor, M, shiny|100/100
|move|p1a: Hatterene|Nuzzle|p2a: Azulor
|-immune|p2a: Azulor
|
|-status|p2a: Azulor|tox|[from] item: Toxic Orb
|upkeep
|turn|5
|
|t:|1778517157
|move|p2a: Azulor|Fling|p1a: Hatterene
|-damage|p1a: Hatterene|72/100
|-status|p1a: Hatterene|tox
|-enditem|p2a: Azulor|Toxic Orb|[from] move: Fling
|move|p1a: Hatterene|Psyshock|p2a: Azulor
|-damage|p2a: Azulor|60/100 tox
|
|-heal|p2a: Azulor|73/100 tox|[from] ability: Poison Heal
|-damage|p1a: Hatterene|66/100 tox|[from] psn
|upkeep
|turn|6
|
|t:|1778517166
|move|p2a: Azulor|Acrobatics|p1a: Hatterene
|-damage|p1a: Hatterene|12/100 tox
|move|p1a: Hatterene|Psyshock|p2a: Azulor
|-damage|p2a: Azulor|33/100 tox
|
|-heal|p2a: Azulor|45/100 tox|[from] ability: Poison Heal
|-damage|p1a: Hatterene|0 fnt|[from] psn
|faint|p1a: Hatterene
|upkeep
|
|t:|1778517172
|switch|p1a: Ogerpon|Ogerpon-Wellspring, F|100/100
|turn|7
|
|t:|1778517176
|switch|p2a: Goldenuke|Forretress, F, shiny|100/100
|move|p1a: Ogerpon|Ivy Cudgel|p2a: Goldenuke|[anim] Ivy Cudgel Water
|-damage|p2a: Goldenuke|68/100
|
|upkeep
|turn|8
|
|t:|1778517183
|-terastallize|p1a: Ogerpon|Water
|detailschange|p1a: Ogerpon|Ogerpon-Wellspring-Tera, F, tera:Water
|-ability|p1a: Ogerpon|Embody Aspect (Wellspring)|boost
|-boost|p1a: Ogerpon|spd|1
|move|p1a: Ogerpon|Swords Dance|p1a: Ogerpon
|-boost|p1a: Ogerpon|atk|2
|move|p2a: Goldenuke|Body Press|p1a: Ogerpon
|-damage|p1a: Ogerpon|56/100
|
|upkeep
|turn|9
|
|t:|1778517192
|move|p1a: Ogerpon|Ivy Cudgel|p2a: Goldenuke|[anim] Ivy Cudgel Water
|-damage|p2a: Goldenuke|0 fnt
|faint|p2a: Goldenuke
|
|upkeep
|
|t:|1778517194
|switch|p2a: Rocki|Garganacl, F, shiny|100/100
|turn|10
|
|t:|1778517198
|-terastallize|p2a: Rocki|Grass
|move|p1a: Ogerpon|Ivy Cudgel|p2a: Rocki|[anim] Ivy Cudgel Water
|-resisted|p2a: Rocki
|-damage|p2a: Rocki|52/100
|move|p2a: Rocki|Salt Cure|p1a: Ogerpon
|-damage|p1a: Ogerpon|31/100
|-start|p1a: Ogerpon|Salt Cure
|
|-damage|p1a: Ogerpon|6/100|[from] Salt Cure
|upkeep
|turn|11
|
|t:|1778517206
|move|p1a: Ogerpon|Ivy Cudgel|p2a: Rocki|[anim] Ivy Cudgel Water
|-resisted|p2a: Rocki
|-damage|p2a: Rocki|1/100
|-enditem|p2a: Rocki|Sitrus Berry|[eat]
|-heal|p2a: Rocki|26/100|[from] item: Sitrus Berry
|move|p2a: Rocki|Recover|p2a: Rocki
|-heal|p2a: Rocki|76/100
|
|-damage|p1a: Ogerpon|0 fnt|[from] Salt Cure
|faint|p1a: Ogerpon
|detailschange|p1: Ogerpon|Ogerpon-Wellspring, F|[silent]
|upkeep
|
|t:|1778517211
|switch|p1a: Corviknight|Corviknight, M|39/100
|turn|12
|
|t:|1778517216
|move|p1a: Corviknight|Brave Bird|p2a: Rocki
|-supereffective|p2a: Rocki
|-damage|p2a: Rocki|22/100
|-damage|p1a: Corviknight|21/100|[from] Recoil
|move|p2a: Rocki|Salt Cure|p1a: Corviknight
|-damage|p1a: Corviknight|9/100
|-start|p1a: Corviknight|Salt Cure
|
|-damage|p1a: Corviknight|0 fnt|[from] Salt Cure
|faint|p1a: Corviknight
|upkeep
|
|t:|1778517221
|switch|p1a: Zamazenta|Zamazenta|100/100
|-ability|p1a: Zamazenta|Dauntless Shield|boost
|-boost|p1a: Zamazenta|def|1
|turn|13
|
|t:|1778517229
|switch|p2a: Cleffairable|Clefable, F, shiny|86/100
|move|p1a: Zamazenta|Body Press|p2a: Cleffairable
|-resisted|p2a: Cleffairable
|-damage|p2a: Cleffairable|69/100
|
|upkeep
|turn|14
|
|t:|1778517238
|move|p1a: Zamazenta|Iron Defense|p1a: Zamazenta
|-boost|p1a: Zamazenta|def|2
|move|p2a: Cleffairable|Moonlight|p2a: Cleffairable
|-heal|p2a: Cleffairable|100/100
|
|upkeep
|turn|15
|
|t:|1778517240
|move|p1a: Zamazenta|Iron Defense|p1a: Zamazenta
|-boost|p1a: Zamazenta|def|2
|move|p2a: Cleffairable|Moonblast|p1a: Zamazenta
|-supereffective|p1a: Zamazenta
|-damage|p1a: Zamazenta|29/100
|
|-heal|p1a: Zamazenta|35/100|[from] item: Leftovers
|upkeep
|turn|16
|
|t:|1778517243
|move|p1a: Zamazenta|Body Press|p2a: Cleffairable
|-resisted|p2a: Cleffairable
|-damage|p2a: Cleffairable|83/100
|move|p2a: Cleffairable|Moonblast|p1a: Zamazenta
|-supereffective|p1a: Zamazenta
|-damage|p1a: Zamazenta|0 fnt
|faint|p1a: Zamazenta
|
|upkeep
|
|t:|1778517246
|switch|p1a: Ursaluna|Ursaluna, F, shiny|100/100
|turn|17
|
|t:|1778517250
|move|p2a: Cleffairable|Moonblast|p1a: Ursaluna
|-damage|p1a: Ursaluna|59/100
|move|p1a: Ursaluna|Trailblaze|p2a: Cleffairable
|-damage|p2a: Cleffairable|60/100
|-boost|p1a: Ursaluna|spe|1
|
|-status|p1a: Ursaluna|brn|[from] item: Flame Orb
|upkeep
|turn|18
|
|t:|1778517262
|move|p1a: Ursaluna|Trailblaze|p2a: Cleffairable
|-damage|p2a: Cleffairable|27/100
|-boost|p1a: Ursaluna|spe|1
|move|p2a: Cleffairable|Moonblast|p1a: Ursaluna
|-damage|p1a: Ursaluna|22/100 brn
|
|-damage|p1a: Ursaluna|16/100 brn|[from] brn
|upkeep
|turn|19
|
|t:|1778517269
|move|p1a: Ursaluna|Trailblaze|p2a: Cleffairable
|-damage|p2a: Cleffairable|0 fnt
|-boost|p1a: Ursaluna|spe|1
|faint|p2a: Cleffairable
|
|-damage|p1a: Ursaluna|10/100 brn|[from] brn
|upkeep
|
|t:|1778517278
|switch|p2a: Rocki|Garganacl, F, shiny, tera:Grass|22/100
|turn|20
|
|t:|1778517281
|move|p1a: Ursaluna|Facade|p2a: Rocki
|-damage|p2a: Rocki|0 fnt
|faint|p2a: Rocki
|
|-damage|p1a: Ursaluna|4/100 brn|[from] brn
|upkeep
|
|t:|1778517286
|switch|p2a: Rookidon|Corviknight, M|100/100
|turn|21
|
|t:|1778517295
|move|p1a: Ursaluna|Close Combat|p2a: Rookidon
|-damage|p2a: Rookidon|37/100
|-unboost|p1a: Ursaluna|def|1
|-unboost|p1a: Ursaluna|spd|1
|move|p2a: Rookidon|Agility|p2a: Rookidon
|-boost|p2a: Rookidon|spe|2
|
|-damage|p1a: Ursaluna|0 fnt|[from] brn
|faint|p1a: Ursaluna
|upkeep
|
|t:|1778517299
|switch|p1a: Raging Bolt|Raging Bolt|100/100
|turn|22
|
|t:|1778517308
|move|p2a: Rookidon|Roost|p2a: Rookidon
|-heal|p2a: Rookidon|87/100
|-singleturn|p2a: Rookidon|move: Roost
|move|p1a: Raging Bolt|Draco Meteor|p2a: Rookidon|[miss]
|-miss|p1a: Raging Bolt|p2a: Rookidon
|
|upkeep
|turn|23
|
|t:|1778517315
|move|p2a: Rookidon|Power Trip|p1a: Raging Bolt
|-damage|p1a: Raging Bolt|84/100
|move|p1a: Raging Bolt|Draco Meteor|p2a: Rookidon
|-resisted|p2a: Rookidon
|-damage|p2a: Rookidon|26/100
|-unboost|p1a: Raging Bolt|spa|2
|
|upkeep
|turn|24
|
|t:|1778517320
|move|p2a: Rookidon|Roost|p2a: Rookidon
|-heal|p2a: Rookidon|76/100
|-singleturn|p2a: Rookidon|move: Roost
|move|p1a: Raging Bolt|Draco Meteor|p2a: Rookidon
|-resisted|p2a: Rookidon
|-damage|p2a: Rookidon|48/100
|-unboost|p1a: Raging Bolt|spa|2
|
|upkeep
|turn|25
|
|t:|1778517324
|move|p2a: Rookidon|Roost|p2a: Rookidon
|-heal|p2a: Rookidon|98/100
|-singleturn|p2a: Rookidon|move: Roost
|move|p1a: Raging Bolt|Draco Meteor|p2a: Rookidon
|-resisted|p2a: Rookidon
|-damage|p2a: Rookidon|81/100
|-unboost|p1a: Raging Bolt|spa|2
|
|upkeep
|turn|26
|
|t:|1778517326
|move|p2a: Rookidon|Bulk Up|p2a: Rookidon
|-boost|p2a: Rookidon|atk|1
|-boost|p2a: Rookidon|def|1
|move|p1a: Raging Bolt|Draco Meteor|p2a: Rookidon
|-resisted|p2a: Rookidon
|-damage|p2a: Rookidon|68/100
|
|upkeep
|turn|27
|c|☆McStickynugget|zesty
|-message|McStickynugget forfeited.
|
|win|Hike Mawk
|raw|McStickynugget's rating: 1346 &rarr; <strong>1325</strong><br />(-21 for losing)
|raw|Hike Mawk's rating: 1329 &rarr; <strong>1350</strong><br />(+21 for winning)
|l|☆McStickynugget
|player|p1|
|c|☆Hike Mawk|Bro what are you doing
|l|☆Hike Mawk
|player|p2|
