|html|<div class="broadcast-blue"><strong>[Gen 9] OU is currently suspecting Tera Blast! For information on how to participate check out the <a href="https://www.smogon.com/tools/suspects/view/200">suspect thread</a>.</strong></div>
|j|☆Acer14
|j|☆thebacchusbraviary
|t:|1776102701
|gametype|singles
|player|p1|Acer14|hugh|1374
|player|p2|thebacchusbraviary|winona|1361
|gen|9
|tier|[Gen 9] OU
|rated|
|rule|HP Percentage Mod: HP is shown in percentages
|rule|Endless Battle Clause: Forcing endless battles is banned
|rule|Species Clause: Limit one of each Pokémon
|rule|OHKO Clause: OHKO moves are banned
|rule|Evasion Items Clause: Evasion items are banned
|rule|Evasion Moves Clause: Evasion moves are banned
|rule|Evasion Abilities Clause: Evasion abilities are banned
|rule|Sleep Moves Clause: Sleep-inducing moves are banned
|clearpoke
|poke|p1|Pelipper, M|
|poke|p1|Ludicolo, M|
|poke|p1|Iron Treads|
|poke|p1|Landorus-Therian, M|
|poke|p1|Barraskewda, M|
|poke|p1|Basculegion-F, F|
|poke|p2|Talonflame, F|
|poke|p2|Latios, M|
|poke|p2|Magnezone|
|poke|p2|Regice|
|poke|p2|Tauros-Paldea-Aqua, M|
|poke|p2|Tyranitar, M|
|teampreview
|inactive|Battle timer is ON: inactive players will automatically lose when time's up. (requested by thebacchusbraviary)
|
|t:|1776102713
|teamsize|p1|6
|teamsize|p2|6
|start
|switch|p1a: Pelipas|Pelipper, M, shiny|100/100
|switch|p2a: Magnezone|Magnezone|100/100
|-weather|RainDance|[from] ability: Drizzle|[of] p1a: Pelipas
|turn|1
|
|t:|1776102718
|switch|p1a: Perro Mojao|Landorus-Therian, M|100/100
|-ability|p1a: Perro Mojao|Intimidate|boost
|-unboost|p2a: Magnezone|atk|1
|move|p2a: Magnezone|Volt Switch|p1a: Perro Mojao
|-immune|p1a: Perro Mojao
|
|-weather|RainDance|[upkeep]
|upkeep
|turn|2
|
|t:|1776102729
|switch|p2a: Regice|Regice|100/100
|move|p1a: Perro Mojao|Sandsear Storm|p2a: Regice
|-damage|p2a: Regice|67/100
|
|-weather|RainDance|[upkeep]
|-heal|p2a: Regice|73/100|[from] item: Leftovers
|upkeep
|turn|3
|
|t:|1776102749
|switch|p1a: Chanao|Iron Treads, shiny|100/100
|move|p2a: Regice|Ice Beam|p1a: Chanao
|-damage|p1a: Chanao|78/100
|
|-weather|RainDance|[upkeep]
|-heal|p2a: Regice|79/100|[from] item: Leftovers
|upkeep
|turn|4
|
|t:|1776102756
|switch|p2a: Talonflame|Talonflame, F|100/100
|move|p1a: Chanao|Iron Head|p2a: Talonflame
|-resisted|p2a: Talonflame
|-damage|p2a: Talonflame|76/100
|
|-weather|RainDance|[upkeep]
|upkeep
|turn|5
|
|t:|1776102760
|move|p2a: Talonflame|U-turn|p1a: Chanao
|-resisted|p1a: Chanao
|-damage|p1a: Chanao|71/100
|
|t:|1776102767
|switch|p2a: Latios|Latios, M|100/100|[from] U-turn
|move|p1a: Chanao|Volt Switch|p2a: Latios
|-resisted|p2a: Latios
|-damage|p2a: Latios|95/100
|
|t:|1776102773
|-end|p1a: Chanao|Quark Drive|[silent]
|switch|p1a: Miauni|Basculegion-F, F, shiny|100/100|[from] Volt Switch
|
|-weather|RainDance|[upkeep]
|upkeep
|turn|6
|
|t:|1776102799
|-terastallize|p2a: Latios|Fairy
|move|p1a: Miauni|Ice Beam|p2a: Latios
|-damage|p2a: Latios|66/100
|move|p2a: Latios|Thunderbolt|p1a: Miauni
|-supereffective|p1a: Miauni
|-damage|p1a: Miauni|31/100
|
|-weather|RainDance|[upkeep]
|upkeep
|turn|7
|
|t:|1776102811
|switch|p1a: Chanao|Iron Treads, shiny|71/100
|move|p2a: Latios|Thunderbolt|p1a: Chanao
|-immune|p1a: Chanao
|
|-weather|RainDance|[upkeep]
|upkeep
|turn|8
|
|t:|1776102821
|switch|p2a: Tauros|Tauros-Paldea-Aqua, M|100/100
|-ability|p2a: Tauros|Intimidate|boost
|-unboost|p1a: Chanao|atk|1
|move|p1a: Chanao|Iron Head|p2a: Tauros
|-resisted|p2a: Tauros
|-damage|p2a: Tauros|89/100
|
|-weather|none
|upkeep
|turn|9
|
|t:|1776102831
|switch|p2a: Regice|Regice|79/100
|move|p1a: Chanao|Volt Switch|p2a: Regice
|-damage|p2a: Regice|73/100
|
|t:|1776102848
|-end|p1a: Chanao|Quark Drive|[silent]
|switch|p1a: La cabra|Barraskewda, M|100/100|[from] Volt Switch
|
|-heal|p2a: Regice|79/100|[from] item: Leftovers
|upkeep
|turn|10
|
|t:|1776102858
|move|p1a: La cabra|Close Combat|p2a: Regice
|-supereffective|p2a: Regice
|-damage|p2a: Regice|0 fnt
|-unboost|p1a: La cabra|def|1
|-unboost|p1a: La cabra|spd|1
|faint|p2a: Regice
|
|upkeep
|
|t:|1776102861
|switch|p2a: Magnezone|Magnezone|100/100
|turn|11
|
|t:|1776102866
|move|p1a: La cabra|Close Combat|p2a: Magnezone
|-supereffective|p2a: Magnezone
|-ability|p2a: Magnezone|Sturdy
|-damage|p2a: Magnezone|1/100
|-unboost|p1a: La cabra|def|1
|-unboost|p1a: La cabra|spd|1
|move|p2a: Magnezone|Volt Switch|p1a: La cabra
|-supereffective|p1a: La cabra
|-damage|p1a: La cabra|0 fnt
|faint|p1a: La cabra
|
|t:|1776102872
|switch|p2a: Talonflame|Talonflame, F|76/100|[from] Volt Switch
|
|upkeep
|
|t:|1776102876
|switch|p1a: Pelipas|Pelipper, M, shiny|100/100
|-weather|RainDance|[from] ability: Drizzle|[of] p1a: Pelipas
|turn|12
|
|t:|1776102886
|move|p2a: Talonflame|U-turn|p1a: Pelipas
|-resisted|p1a: Pelipas
|-damage|p1a: Pelipas|94/100
|
|t:|1776102888
|switch|p2a: Latios|Latios, M, tera:Fairy|66/100|[from] U-turn
|move|p1a: Pelipas|Hurricane|p2a: Latios
|-damage|p2a: Latios|26/100
|-start|p2a: Latios|confusion
|
|-weather|RainDance|[upkeep]
|upkeep
|turn|13
|
|t:|1776102898
|-activate|p2a: Latios|confusion
|move|p2a: Latios|Draco Meteor|p1a: Pelipas
|-crit|p1a: Pelipas
|-damage|p1a: Pelipas|0 fnt
|-unboost|p2a: Latios|spa|2
|faint|p1a: Pelipas
|
|-weather|RainDance|[upkeep]
|upkeep
|
|t:|1776102905
|switch|p1a: Miauni|Basculegion-F, F, shiny|31/100
|turn|14
|
|t:|1776102914
|switch|p2a: Tyranitar|Tyranitar, M|100/100
|-weather|Sandstorm|[from] ability: Sand Stream|[of] p2a: Tyranitar
|move|p1a: Miauni|Surf|p2a: Tyranitar
|-supereffective|p2a: Tyranitar
|-damage|p2a: Tyranitar|35/100
|
|-weather|Sandstorm|[upkeep]
|-damage|p1a: Miauni|25/100|[from] Sandstorm
|-heal|p2a: Tyranitar|41/100|[from] item: Leftovers
|upkeep
|turn|15
|
|t:|1776102920
|move|p1a: Miauni|Surf|p2a: Tyranitar
|-supereffective|p2a: Tyranitar
|-damage|p2a: Tyranitar|0 fnt
|faint|p2a: Tyranitar
|
|-weather|Sandstorm|[upkeep]
|-damage|p1a: Miauni|19/100|[from] Sandstorm
|upkeep
|
|t:|1776102926
|switch|p2a: Talonflame|Talonflame, F|76/100
|turn|16
|
|t:|1776102935
|move|p2a: Talonflame|Brave Bird|p1a: Miauni
|-damage|p1a: Miauni|0 fnt
|faint|p1a: Miauni
|-damage|p2a: Talonflame|68/100|[from] Recoil
|
|-weather|Sandstorm|[upkeep]
|-damage|p2a: Talonflame|62/100|[from] Sandstorm
|upkeep
|
|t:|1776102938
|switch|p1a: Perro Mojao|Landorus-Therian, M|100/100
|-ability|p1a: Perro Mojao|Intimidate|boost
|-unboost|p2a: Talonflame|atk|1
|turn|17
|
|t:|1776102943
|switch|p2a: Tauros|Tauros-Paldea-Aqua, M|89/100
|-ability|p2a: Tauros|Intimidate|boost
|-unboost|p1a: Perro Mojao|atk|1
|move|p1a: Perro Mojao|Weather Ball|p2a: Tauros
|-resisted|p2a: Tauros
|-damage|p2a: Tauros|52/100
|
|-weather|Sandstorm|[upkeep]
|-damage|p2a: Tauros|46/100|[from] Sandstorm
|upkeep
|turn|18
|
|t:|1776102947
|move|p2a: Tauros|Close Combat|p1a: Perro Mojao
|-resisted|p1a: Perro Mojao
|-damage|p1a: Perro Mojao|54/100
|-unboost|p2a: Tauros|def|1
|-unboost|p2a: Tauros|spd|1
|move|p1a: Perro Mojao|Weather Ball|p2a: Tauros
|-resisted|p2a: Tauros
|-damage|p2a: Tauros|0 fnt
|faint|p2a: Tauros
|
|-weather|none
|upkeep
|
|t:|1776102953
|switch|p2a: Latios|Latios, M, tera:Fairy|26/100
|turn|19
|
|t:|1776102961
|move|p2a: Latios|Draco Meteor|p1a: Perro Mojao
|-damage|p1a: Perro Mojao|0 fnt
|-unboost|p2a: Latios|spa|2
|faint|p1a: Perro Mojao
|
|upkeep
|
|t:|1776102968
|switch|p1a: Chanao|Iron Treads, shiny|71/100
|turn|20
|
|t:|1776102971
|switch|p2a: Magnezone|Magnezone|1/100
|move|p1a: Chanao|Rapid Spin|p2a: Magnezone
|-resisted|p2a: Magnezone
|-damage|p2a: Magnezone|0 fnt
|-boost|p1a: Chanao|spe|1
|faint|p2a: Magnezone
|
|upkeep
|
|t:|1776102973
|switch|p2a: Talonflame|Talonflame, F|62/100
|turn|21
|
|t:|1776102979
|-terastallize|p1a: Chanao|Water
|move|p2a: Talonflame|Flare Blitz|p1a: Chanao
|-resisted|p1a: Chanao
|-damage|p1a: Chanao|54/100
|-status|p1a: Chanao|brn
|-damage|p2a: Talonflame|54/100|[from] Recoil
|move|p1a: Chanao|Volt Switch|p2a: Talonflame
|-supereffective|p2a: Talonflame
|-damage|p2a: Talonflame|21/100
|
|t:|1776102983
|-end|p1a: Chanao|Quark Drive|[silent]
|switch|p1a: Loco|Ludicolo, M, shiny|100/100|[from] Volt Switch
|
|upkeep
|turn|22
|
|t:|1776102988
|switch|p1a: Chanao|Iron Treads, shiny, tera:Water|54/100 brn
|move|p2a: Talonflame|Brave Bird|p1a: Chanao
|-damage|p1a: Chanao|19/100 brn
|-damage|p2a: Talonflame|6/100|[from] Recoil
|
|-damage|p1a: Chanao|12/100 brn|[from] brn
|upkeep
|turn|23
|
|t:|1776102993
|move|p2a: Talonflame|Brave Bird|p1a: Chanao
|-damage|p1a: Chanao|0 fnt
|faint|p1a: Chanao
|-end|p1a: Chanao|Quark Drive|[silent]
|-damage|p2a: Talonflame|1/100|[from] Recoil
|
|upkeep
|
|t:|1776102995
|switch|p1a: Loco|Ludicolo, M, shiny|100/100
|turn|24
|
|t:|1776102999
|move|p2a: Talonflame|Brave Bird|p1a: Loco
|-supereffective|p1a: Loco
|-damage|p1a: Loco|0 fnt
|faint|p1a: Loco
|-damage|p2a: Talonflame|0 fnt|[from] Recoil
|faint|p2a: Talonflame
|
|win|thebacchusbraviary
|raw|Acer14's rating: 1374 &rarr; <strong>1353</strong><br />(-21 for losing)
|raw|thebacchusbraviary's rating: 1361 &rarr; <strong>1382</strong><br />(+21 for winning)
|l|☆Acer14
|player|p1|
|l|☆thebacchusbraviary
|player|p2|
