|html|<div class="broadcast-blue"><strong>[Gen 9] OU is currently suspecting Tera Blast! For information on how to participate check out the <a href="https://www.smogon.com/tools/suspects/view/200">suspect thread</a>.</strong></div>
|j|☆PinguButGood
|j|☆mr idiosyncratical
|t:|1776193541
|gametype|singles
|player|p1|PinguButGood|falkner|1165
|player|p2|mr idiosyncratical|170|1118
|gen|9
|tier|[Gen 9] OU
|rated|
|rule|HP Percentage Mod: HP is shown in percentages
|rule|Endless Battle Clause: Forcing endless battles is banned
|rule|Species Clause: Limit one of each Pokémon
|rule|OHKO Clause: OHKO moves are banned
|rule|Evasion Items Clause: Evasion items are banned
|rule|Evasion Moves Clause: Evasion moves are banned
|rule|Evasion Abilities Clause: Evasion abilities are banned
|rule|Sleep Moves Clause: Sleep-inducing moves are banned
|clearpoke
|poke|p1|Kyurem|
|poke|p1|Rillaboom, M|
|poke|p1|Garganacl, F|
|poke|p1|Pecharunt|
|poke|p1|Iron Treads|
|poke|p1|Zamazenta-*|
|poke|p2|Kingambit, F|
|poke|p2|Great Tusk|
|poke|p2|Slowking-Galar, F|
|poke|p2|Samurott-Hisui, M|
|poke|p2|Iron Moth|
|poke|p2|Zapdos|
|teampreview
|inactive|Battle timer is ON: inactive players will automatically lose when time's up. (requested by PinguButGood)
|
|t:|1776193553
|teamsize|p1|6
|teamsize|p2|6
|start
|switch|p1a: Garganacl|Garganacl, F|100/100
|switch|p2a: Samurott|Samurott-Hisui, M, shiny|100/100
|turn|1
|
|t:|1776193571
|switch|p1a: Zamazenta|Zamazenta|100/100
|-ability|p1a: Zamazenta|Dauntless Shield|boost
|-boost|p1a: Zamazenta|def|1
|move|p2a: Samurott|Knock Off|p1a: Zamazenta
|-resisted|p1a: Zamazenta
|-damage|p1a: Zamazenta|89/100
|-enditem|p1a: Zamazenta|Leftovers|[from] move: Knock Off|[of] p2a: Samurott
|
|upkeep
|turn|2
|
|t:|1776193585
|switch|p2a: Zapdos|Zapdos|100/100
|move|p1a: Zamazenta|Body Press|p2a: Zapdos
|-resisted|p2a: Zapdos
|-damage|p2a: Zapdos|79/100
|
|upkeep
|turn|3
|
|t:|1776193597
|switch|p1a: Garganacl|Garganacl, F|100/100
|move|p2a: Zapdos|Hurricane|p1a: Garganacl|[miss]
|-miss|p2a: Zapdos|p1a: Garganacl
|
|upkeep
|turn|4
|
|t:|1776193609
|switch|p2a: Slowking|Slowking-Galar, F|100/100
|move|p1a: Garganacl|Salt Cure|p2a: Slowking
|-damage|p2a: Slowking|87/100
|-start|p2a: Slowking|Salt Cure
|
|-damage|p2a: Slowking|74/100|[from] Salt Cure
|upkeep
|turn|5
|
|t:|1776193629
|move|p1a: Garganacl|Stealth Rock|p2a: Slowking
|-sidestart|p2: mr idiosyncratical|move: Stealth Rock
|move|p2a: Slowking|Toxic|p1a: Garganacl
|-immune|p1a: Garganacl|[from] ability: Purifying Salt
|
|-damage|p2a: Slowking|62/100|[from] Salt Cure
|upkeep
|turn|6
|
|t:|1776193638
|move|p1a: Garganacl|Salt Cure|p2a: Slowking
|-damage|p2a: Slowking|47/100
|-prepare|p2a: Slowking|Chilly Reception|[premajor]
|move|p2a: Slowking|Chilly Reception|p2a: Slowking
|-weather|Snowscape
|
|t:|1776193644
|switch|p2a: Great Tusk|Great Tusk|100/100|[from] Chilly Reception
|-damage|p2a: Great Tusk|98/100|[from] Stealth Rock
|
|-weather|Snowscape|[upkeep]
|upkeep
|turn|7
|
|t:|1776193654
|switch|p1a: Rillaboom|Rillaboom, M|100/100
|-fieldstart|move: Grassy Terrain|[from] ability: Grassy Surge|[of] p1a: Rillaboom
|move|p2a: Great Tusk|Knock Off|p1a: Rillaboom
|-damage|p1a: Rillaboom|63/100
|-enditem|p1a: Rillaboom|Choice Band|[from] move: Knock Off|[of] p2a: Great Tusk
|
|-weather|Snowscape|[upkeep]
|-heal|p2a: Great Tusk|100/100|[from] Grassy Terrain
|-heal|p1a: Rillaboom|69/100|[from] Grassy Terrain
|upkeep
|turn|8
|
|t:|1776193666
|move|p1a: Rillaboom|Grassy Glide|p2a: Great Tusk
|-supereffective|p2a: Great Tusk
|-damage|p2a: Great Tusk|40/100
|-damage|p1a: Rillaboom|52/100|[from] item: Rocky Helmet|[of] p2a: Great Tusk
|move|p2a: Great Tusk|Ice Spinner|p1a: Rillaboom
|-supereffective|p1a: Rillaboom
|-damage|p1a: Rillaboom|0 fnt
|-fieldend|move: Grassy Terrain
|faint|p1a: Rillaboom
|
|-weather|Snowscape|[upkeep]
|upkeep
|
|t:|1776193679
|switch|p1a: Kyurem|Kyurem|100/100
|-ability|p1a: Kyurem|Pressure
|turn|9
|
|t:|1776193690
|move|p1a: Kyurem|Substitute|p1a: Kyurem
|-start|p1a: Kyurem|Substitute
|-damage|p1a: Kyurem|76/100
|move|p2a: Great Tusk|Knock Off|p1a: Kyurem
|-activate|p1a: Kyurem|move: Substitute|[damage]
|
|-weather|Snowscape|[upkeep]
|-heal|p1a: Kyurem|82/100|[from] item: Leftovers
|upkeep
|turn|10
|
|t:|1776193702
|move|p1a: Kyurem|Freeze-Dry|p2a: Great Tusk
|-supereffective|p2a: Great Tusk
|-damage|p2a: Great Tusk|0 fnt
|faint|p2a: Great Tusk
|-end|p2a: Great Tusk|Protosynthesis|[silent]
|
|-weather|none
|-heal|p1a: Kyurem|88/100|[from] item: Leftovers
|upkeep
|
|t:|1776193716
|switch|p2a: Samurott|Samurott-Hisui, M, shiny|100/100
|-damage|p2a: Samurott|88/100|[from] Stealth Rock
|turn|11
|inactive|mr idiosyncratical has 120 seconds left.
|
|t:|1776193750
|move|p1a: Kyurem|Freeze-Dry|p2a: Samurott
|-supereffective|p2a: Samurott
|-damage|p2a: Samurott|28/100
|move|p2a: Samurott|Ceaseless Edge|p1a: Kyurem
|-end|p1a: Kyurem|Substitute
|-sidestart|p1: PinguButGood|Spikes
|
|-heal|p1a: Kyurem|94/100|[from] item: Leftovers
|upkeep
|turn|12
|inactive|mr idiosyncratical has 120 seconds left.
|
|t:|1776193766
|move|p2a: Samurott|Aqua Jet|p1a: Kyurem
|-resisted|p1a: Kyurem
|-damage|p1a: Kyurem|85/100
|move|p1a: Kyurem|Substitute|p1a: Kyurem
|-start|p1a: Kyurem|Substitute
|-damage|p1a: Kyurem|60/100
|
|-heal|p1a: Kyurem|66/100|[from] item: Leftovers
|upkeep
|turn|13
|
|t:|1776193773
|move|p1a: Kyurem|Freeze-Dry|p2a: Samurott
|-supereffective|p2a: Samurott
|-damage|p2a: Samurott|0 fnt
|faint|p2a: Samurott
|
|-heal|p1a: Kyurem|72/100|[from] item: Leftovers
|upkeep
|
|t:|1776193780
|switch|p2a: Iron Moth|Iron Moth, shiny|100/100
|-damage|p2a: Iron Moth|76/100|[from] Stealth Rock
|turn|14
|inactive|mr idiosyncratical has 120 seconds left.
|
|t:|1776193785
|move|p2a: Iron Moth|Fiery Dance|p1a: Kyurem
|-end|p1a: Kyurem|Substitute
|-boost|p2a: Iron Moth|spa|1
|move|p1a: Kyurem|Earth Power|p2a: Iron Moth
|-supereffective|p2a: Iron Moth
|-damage|p2a: Iron Moth|0 fnt
|faint|p2a: Iron Moth
|-end|p2a: Iron Moth|Quark Drive|[silent]
|
|-heal|p1a: Kyurem|78/100|[from] item: Leftovers
|upkeep
|inactive|mr idiosyncratical has 120 seconds left.
|
|t:|1776193800
|switch|p2a: Kingambit|Kingambit, F|100/100
|-damage|p2a: Kingambit|94/100|[from] Stealth Rock
|-activate|p2a: Kingambit|ability: Supreme Overlord
|-start|p2a: Kingambit|fallen3|[silent]
|turn|15
|inactive|mr idiosyncratical has 120 seconds left.
|
|t:|1776193817
|-terastallize|p2a: Kingambit|Dark
|move|p1a: Kyurem|Substitute|p1a: Kyurem
|-start|p1a: Kyurem|Substitute
|-damage|p1a: Kyurem|53/100
|move|p2a: Kingambit|Swords Dance|p2a: Kingambit
|-boost|p2a: Kingambit|atk|2
|
|-heal|p1a: Kyurem|60/100|[from] item: Leftovers
|-heal|p2a: Kingambit|100/100|[from] item: Leftovers
|upkeep
|turn|16
|
|t:|1776193828
|move|p2a: Kingambit|Sucker Punch|p1a: Kyurem
|-end|p1a: Kyurem|Substitute
|move|p1a: Kyurem|Freeze-Dry|p2a: Kingambit
|-damage|p2a: Kingambit|65/100
|
|-heal|p1a: Kyurem|66/100|[from] item: Leftovers
|-heal|p2a: Kingambit|71/100|[from] item: Leftovers
|upkeep
|turn|17
|
|t:|1776193838
|move|p1a: Kyurem|Substitute|p1a: Kyurem
|-start|p1a: Kyurem|Substitute
|-damage|p1a: Kyurem|41/100
|move|p2a: Kingambit|Iron Head|p1a: Kyurem
|-supereffective|p1a: Kyurem
|-end|p1a: Kyurem|Substitute
|
|-heal|p1a: Kyurem|47/100|[from] item: Leftovers
|-heal|p2a: Kingambit|77/100|[from] item: Leftovers
|upkeep
|turn|18
|
|t:|1776193848
|move|p1a: Kyurem|Protect|p1a: Kyurem
|-singleturn|p1a: Kyurem|Protect
|move|p2a: Kingambit|Iron Head|p1a: Kyurem
|-activate|p1a: Kyurem|move: Protect
|
|-heal|p1a: Kyurem|53/100|[from] item: Leftovers
|-heal|p2a: Kingambit|83/100|[from] item: Leftovers
|upkeep
|turn|19
|inactive|mr idiosyncratical has 120 seconds left.
|
|t:|1776193862
|switch|p1a: Zamazenta|Zamazenta|89/100
|-damage|p1a: Zamazenta|77/100|[from] Spikes
|move|p2a: Kingambit|Iron Head|p1a: Zamazenta
|-damage|p1a: Zamazenta|0 fnt
|faint|p1a: Zamazenta
|
|-heal|p2a: Kingambit|89/100|[from] item: Leftovers
|upkeep
|inactive|PinguButGood has 120 seconds left.
|
|t:|1776193899
|switch|p1a: Garganacl|Garganacl, F|100/100
|-damage|p1a: Garganacl|88/100|[from] Spikes
|turn|20
|
|t:|1776193907
|move|p1a: Garganacl|Protect|p1a: Garganacl
|-singleturn|p1a: Garganacl|Protect
|move|p2a: Kingambit|Iron Head|p1a: Garganacl
|-activate|p1a: Garganacl|move: Protect
|
|-heal|p2a: Kingambit|95/100|[from] item: Leftovers
|-heal|p1a: Garganacl|94/100|[from] item: Leftovers
|upkeep
|turn|21
|inactive|PinguButGood has 120 seconds left.
|
|t:|1776193923
|-terastallize|p1a: Garganacl|Water
|move|p2a: Kingambit|Iron Head|p1a: Garganacl
|-resisted|p1a: Garganacl
|-damage|p1a: Garganacl|56/100
|move|p1a: Garganacl|Salt Cure|p2a: Kingambit
|-damage|p2a: Kingambit|85/100
|-start|p2a: Kingambit|Salt Cure
|
|-heal|p2a: Kingambit|91/100|[from] item: Leftovers
|-heal|p1a: Garganacl|62/100|[from] item: Leftovers
|-damage|p2a: Kingambit|79/100|[from] Salt Cure
|upkeep
|turn|22
|inactive|PinguButGood has 120 seconds left.
|
|t:|1776193941
|move|p1a: Garganacl|Protect|p1a: Garganacl
|-singleturn|p1a: Garganacl|Protect
|move|p2a: Kingambit|Swords Dance|p2a: Kingambit
|-boost|p2a: Kingambit|atk|2
|
|-heal|p2a: Kingambit|85/100|[from] item: Leftovers
|-heal|p1a: Garganacl|68/100|[from] item: Leftovers
|-damage|p2a: Kingambit|72/100|[from] Salt Cure
|upkeep
|turn|23
|inactive|PinguButGood has 120 seconds left.
|
|t:|1776193955
|move|p2a: Kingambit|Kowtow Cleave|p1a: Garganacl
|-damage|p1a: Garganacl|0 fnt
|faint|p1a: Garganacl
|
|-heal|p2a: Kingambit|78/100|[from] item: Leftovers
|-damage|p2a: Kingambit|66/100|[from] Salt Cure
|upkeep
|
|t:|1776193977
|switch|p1a: Iron Treads|Iron Treads|100/100
|-damage|p1a: Iron Treads|88/100|[from] Spikes
|turn|24
|
|t:|1776193987
|move|p2a: Kingambit|Sucker Punch|p1a: Iron Treads
|-damage|p1a: Iron Treads|0 fnt
|faint|p1a: Iron Treads
|-end|p1a: Iron Treads|Quark Drive|[silent]
|
|-heal|p2a: Kingambit|72/100|[from] item: Leftovers
|-damage|p2a: Kingambit|60/100|[from] Salt Cure
|upkeep
|
|t:|1776193998
|switch|p1a: Pecharunt|Pecharunt|100/100
|turn|25
|
|t:|1776194011
|move|p1a: Pecharunt|Recover||[still]
|-fail|p1a: Pecharunt|heal
|move|p2a: Kingambit|Kowtow Cleave|p1a: Pecharunt
|-supereffective|p1a: Pecharunt
|-damage|p1a: Pecharunt|0 fnt
|faint|p1a: Pecharunt
|
|-heal|p2a: Kingambit|66/100|[from] item: Leftovers
|-damage|p2a: Kingambit|54/100|[from] Salt Cure
|upkeep
|
|t:|1776194020
|switch|p1a: Kyurem|Kyurem|53/100
|-damage|p1a: Kyurem|41/100|[from] Spikes
|-ability|p1a: Kyurem|Pressure
|turn|26
|
|t:|1776194026
|move|p1a: Kyurem|Protect|p1a: Kyurem
|-singleturn|p1a: Kyurem|Protect
|move|p2a: Kingambit|Iron Head|p1a: Kyurem
|-activate|p1a: Kyurem|move: Protect
|
|-heal|p1a: Kyurem|47/100|[from] item: Leftovers
|-heal|p2a: Kingambit|60/100|[from] item: Leftovers
|-damage|p2a: Kingambit|47/100|[from] Salt Cure
|upkeep
|turn|27
|
|t:|1776194038
|move|p1a: Kyurem|Substitute|p1a: Kyurem
|-start|p1a: Kyurem|Substitute
|-damage|p1a: Kyurem|22/100
|move|p2a: Kingambit|Iron Head|p1a: Kyurem
|-supereffective|p1a: Kyurem
|-end|p1a: Kyurem|Substitute
|
|-heal|p1a: Kyurem|28/100|[from] item: Leftovers
|-heal|p2a: Kingambit|53/100|[from] item: Leftovers
|-damage|p2a: Kingambit|41/100|[from] Salt Cure
|upkeep
|turn|28
|
|t:|1776194055
|move|p1a: Kyurem|Protect|p1a: Kyurem
|-singleturn|p1a: Kyurem|Protect
|move|p2a: Kingambit|Iron Head|p1a: Kyurem
|-activate|p1a: Kyurem|move: Protect
|
|-heal|p1a: Kyurem|34/100|[from] item: Leftovers
|-heal|p2a: Kingambit|47/100|[from] item: Leftovers
|-damage|p2a: Kingambit|35/100|[from] Salt Cure
|upkeep
|turn|29
|inactive|PinguButGood has 120 seconds left.
|
|t:|1776194063
|move|p1a: Kyurem|Substitute|p1a: Kyurem
|-start|p1a: Kyurem|Substitute
|-damage|p1a: Kyurem|9/100
|move|p2a: Kingambit|Iron Head|p1a: Kyurem
|-supereffective|p1a: Kyurem
|-end|p1a: Kyurem|Substitute
|
|-heal|p1a: Kyurem|16/100|[from] item: Leftovers
|-heal|p2a: Kingambit|41/100|[from] item: Leftovers
|-damage|p2a: Kingambit|29/100|[from] Salt Cure
|upkeep
|turn|30
|
|t:|1776194072
|move|p1a: Kyurem|Freeze-Dry|p2a: Kingambit
|-damage|p2a: Kingambit|0 fnt
|faint|p2a: Kingambit
|-end|p2a: Kingambit|fallen3|[silent]
|
|-heal|p1a: Kyurem|22/100|[from] item: Leftovers
|upkeep
|
|t:|1776194079
|switch|p2a: Slowking|Slowking-Galar, F|81/100
|turn|31
|
|t:|1776194091
|move|p1a: Kyurem|Protect|p1a: Kyurem
|-singleturn|p1a: Kyurem|Protect
|move|p2a: Slowking|Future Sight|p1a: Kyurem
|-start|p2a: Slowking|move: Future Sight
|
|-heal|p1a: Kyurem|28/100|[from] item: Leftovers
|upkeep
|turn|32
|
|t:|1776194099
|move|p1a: Kyurem|Substitute|p1a: Kyurem
|-start|p1a: Kyurem|Substitute
|-damage|p1a: Kyurem|3/100
|move|p2a: Slowking|Toxic||[still]
|-fail|p2a: Slowking
|
|-heal|p1a: Kyurem|9/100|[from] item: Leftovers
|upkeep
|turn|33
|
|t:|1776194107
|move|p1a: Kyurem|Earth Power|p2a: Slowking
|-supereffective|p2a: Slowking
|-crit|p2a: Slowking
|-damage|p2a: Slowking|28/100
|move|p2a: Slowking|Ice Beam|p1a: Kyurem
|-activate|p1a: Kyurem|move: Substitute|[damage]
|
|-end|p1a: Kyurem|move: Future Sight
|-end|p1a: Kyurem|Substitute
|-heal|p1a: Kyurem|15/100|[from] item: Leftovers
|upkeep
|turn|34
|
|t:|1776194124
|move|p1a: Kyurem|Earth Power|p2a: Slowking
|-supereffective|p2a: Slowking
|-damage|p2a: Slowking|0 fnt
|faint|p2a: Slowking
|
|-heal|p1a: Kyurem|21/100|[from] item: Leftovers
|upkeep
|
|t:|1776194130
|switch|p2a: Zapdos|Zapdos|79/100
|turn|35
|
|t:|1776194141
|move|p1a: Kyurem|Protect|p1a: Kyurem
|-singleturn|p1a: Kyurem|Protect
|move|p2a: Zapdos|Hurricane|p1a: Kyurem
|-activate|p1a: Kyurem|move: Protect
|
|-heal|p1a: Kyurem|28/100|[from] item: Leftovers
|upkeep
|turn|36
|
|t:|1776194150
|move|p1a: Kyurem|Substitute|p1a: Kyurem
|-start|p1a: Kyurem|Substitute
|-damage|p1a: Kyurem|3/100
|move|p2a: Zapdos|Hurricane|p1a: Kyurem
|-end|p1a: Kyurem|Substitute
|
|-heal|p1a: Kyurem|9/100|[from] item: Leftovers
|upkeep
|turn|37
|
|t:|1776194160
|move|p1a: Kyurem|Freeze-Dry|p2a: Zapdos
|-supereffective|p2a: Zapdos
|-damage|p2a: Zapdos|10/100
|move|p2a: Zapdos|Roost|p2a: Zapdos
|-heal|p2a: Zapdos|60/100
|-singleturn|p2a: Zapdos|move: Roost
|
|-heal|p1a: Kyurem|15/100|[from] item: Leftovers
|upkeep
|turn|38
|
|t:|1776194176
|move|p1a: Kyurem|Freeze-Dry|p2a: Zapdos
|-supereffective|p2a: Zapdos
|-damage|p2a: Zapdos|0 fnt
|faint|p2a: Zapdos
|
|win|PinguButGood
|raw|PinguButGood's rating: 1165 &rarr; <strong>1187</strong><br />(+22 for winning)
|raw|mr idiosyncratical's rating: 1118 &rarr; <strong>1096</strong><br />(-22 for losing)
