|html|<div class="broadcast-blue"><strong>[Gen 9] OU is currently suspecting Tera Blast! For information on how to participate check out the <a href="https://www.smogon.com/tools/suspects/view/200">suspect thread</a>.</strong></div>
|j|☆aaokd
|j|☆Gaki737
|t:|1776114110
|gametype|singles
|player|p1|aaokd|265|1000
|player|p2|Gaki737|red|1000
|gen|9
|tier|[Gen 9] OU
|rated|
|rule|HP Percentage Mod: HP is shown in percentages
|rule|Endless Battle Clause: Forcing endless battles is banned
|rule|Species Clause: Limit one of each Pokémon
|rule|OHKO Clause: OHKO moves are banned
|rule|Evasion Items Clause: Evasion items are banned
|rule|Evasion Moves Clause: Evasion moves are banned
|rule|Evasion Abilities Clause: Evasion abilities are banned
|rule|Sleep Moves Clause: Sleep-inducing moves are banned
|clearpoke
|poke|p1|Ceruledge, M|
|poke|p1|Pecharunt|
|poke|p1|Garganacl, F|
|poke|p1|Primarina, F|
|poke|p1|Raging Bolt|
|poke|p1|Darkrai|
|poke|p2|Pikachu, F|
|poke|p2|Infernape, M|
|poke|p2|Gliscor, M|
|poke|p2|Gengar, F|
|poke|p2|Clefairy, F|
|poke|p2|Sceptile, F|
|teampreview
|
|t:|1776114118
|teamsize|p1|6
|teamsize|p2|6
|start
|switch|p1a: Garganacl|Garganacl, F|100/100
|switch|p2a: Clefairy|Clefairy, F|100/100
|turn|1
|
|t:|1776114126
|move|p1a: Garganacl|Stealth Rock|p2a: Clefairy
|-sidestart|p2: Gaki737|move: Stealth Rock
|move|p2a: Clefairy|Reflect|p2a: Clefairy
|-sidestart|p2: Gaki737|Reflect
|
|upkeep
|turn|2
|
|t:|1776114132
|move|p1a: Garganacl|Salt Cure|p2a: Clefairy
|-damage|p2a: Clefairy|93/100
|-start|p2a: Clefairy|Salt Cure
|move|p2a: Clefairy|Light Screen|p2a: Clefairy
|-sidestart|p2: Gaki737|move: Light Screen
|
|upkeep
|turn|3
|
|t:|1776114141
|move|p2a: Clefairy|Calm Mind|p2a: Clefairy
|-boost|p2a: Clefairy|spa|1
|-boost|p2a: Clefairy|spd|1
|move|p1a: Garganacl|Stealth Rock||[still]
|-fail|p1a: Garganacl
|
|upkeep
|turn|4
|
|t:|1776114147
|switch|p1a: Pecharunt|Pecharunt|100/100
|-item|p1a: Pecharunt|Air Balloon
|move|p2a: Clefairy|Calm Mind|p2a: Clefairy
|-boost|p2a: Clefairy|spa|1
|-boost|p2a: Clefairy|spd|1
|
|upkeep
|turn|5
|
|t:|1776114161
|move|p1a: Pecharunt|Malignant Chain|p2a: Clefairy
|-supereffective|p2a: Clefairy
|-damage|p2a: Clefairy|80/100
|-status|p2a: Clefairy|tox
|-start|p2a: Clefairy|confusion|[from] ability: Poison Puppeteer|[of] p1a: Pecharunt
|-activate|p2a: Clefairy|confusion
|move|p2a: Clefairy|Draining Kiss|p1a: Pecharunt
|-resisted|p1a: Pecharunt
|-damage|p1a: Pecharunt|89/100
|-heal|p2a: Clefairy|92/100 tox|[from] drain|[of] p1a: Pecharunt
|-enditem|p1a: Pecharunt|Air Balloon
|
|-sideend|p2: Gaki737|Reflect
|upkeep
|turn|6
|
|t:|1776114179
|move|p1a: Pecharunt|Malignant Chain|p2a: Clefairy
|-supereffective|p2a: Clefairy
|-damage|p2a: Clefairy|79/100 tox
|-activate|p2a: Clefairy|confusion
|move|p2a: Clefairy|Reflect|p2a: Clefairy
|-sidestart|p2: Gaki737|Reflect
|
|-sideend|p2: Gaki737|move: Light Screen
|upkeep
|turn|7
|
|t:|1776114187
|move|p1a: Pecharunt|Malignant Chain|p2a: Clefairy
|-supereffective|p2a: Clefairy
|-damage|p2a: Clefairy|55/100 tox
|-activate|p2a: Clefairy|confusion
|move|p2a: Clefairy|Light Screen|p2a: Clefairy
|-sidestart|p2: Gaki737|move: Light Screen
|
|upkeep
|turn|8
|
|t:|1776114197
|switch|p2a: Gliscor|Gliscor, M|100/100
|-damage|p2a: Gliscor|88/100|[from] Stealth Rock
|move|p1a: Pecharunt|Malignant Chain|p2a: Gliscor
|-resisted|p2a: Gliscor
|-crit|p2a: Gliscor
|-damage|p2a: Gliscor|52/100
|-status|p2a: Gliscor|tox
|-start|p2a: Gliscor|confusion|[from] ability: Poison Puppeteer|[of] p1a: Pecharunt
|
|-heal|p2a: Gliscor|65/100 tox|[from] ability: Poison Heal
|upkeep
|turn|9
|
|t:|1776114213
|switch|p1a: Primarina|Primarina, F|100/100
|-activate|p2a: Gliscor|confusion
|-damage|p2a: Gliscor|57/100 tox|[from] confusion
|
|-heal|p2a: Gliscor|69/100 tox|[from] ability: Poison Heal
|upkeep
|turn|10
|
|t:|1776114225
|-activate|p2a: Gliscor|confusion
|move|p2a: Gliscor|Earthquake|p1a: Primarina
|-damage|p1a: Primarina|48/100
|move|p1a: Primarina|Psychic Noise|p2a: Gliscor
|-supereffective|p2a: Gliscor
|-damage|p2a: Gliscor|10/100 tox
|-start|p2a: Gliscor|move: Heal Block
|
|-sideend|p2: Gaki737|Reflect
|upkeep
|turn|11
|
|t:|1776114241
|-activate|p2a: Gliscor|confusion
|move|p2a: Gliscor|Toxic Spikes|p1a: Primarina
|-sidestart|p1: aaokd|move: Toxic Spikes
|move|p1a: Primarina|Flip Turn|p2a: Gliscor
|-supereffective|p2a: Gliscor
|-damage|p2a: Gliscor|0 fnt
|faint|p2a: Gliscor
|
|t:|1776114249
|switch|p1a: Pecharunt|Pecharunt|89/100|[from] Flip Turn
|-sideend|p1: aaokd|move: Toxic Spikes|[of] p1a: Pecharunt
|
|-sideend|p2: Gaki737|move: Light Screen
|upkeep
|
|t:|1776114260
|switch|p2a: Gengar|Gengar, F|100/100
|-damage|p2a: Gengar|88/100|[from] Stealth Rock
|-item|p2a: Gengar|Air Balloon
|turn|12
|
|t:|1776114269
|move|p2a: Gengar|Shadow Ball|p1a: Pecharunt
|-supereffective|p1a: Pecharunt
|-damage|p1a: Pecharunt|0 fnt
|faint|p1a: Pecharunt
|
|upkeep
|
|t:|1776114277
|switch|p1a: Ceruledge|Ceruledge, M|100/100
|turn|13
|
|t:|1776114283
|move|p2a: Gengar|Shadow Ball|p1a: Ceruledge
|-supereffective|p1a: Ceruledge
|-enditem|p1a: Ceruledge|Focus Sash
|-damage|p1a: Ceruledge|1/100
|move|p1a: Ceruledge|Poltergeist|p2a: Gengar
|-activate|p2a: Gengar|move: Poltergeist|Air Balloon
|-supereffective|p2a: Gengar
|-damage|p2a: Gengar|0 fnt
|-start|p1a: Ceruledge|Disable|Poltergeist|[from] ability: Cursed Body|[of] p2a: Gengar
|-enditem|p2a: Gengar|Air Balloon
|faint|p2a: Gengar
|
|upkeep
|
|t:|1776114298
|switch|p2a: Sceptile|Sceptile, F|100/100
|-damage|p2a: Sceptile|88/100|[from] Stealth Rock
|turn|14
|
|t:|1776114303
|move|p2a: Sceptile|Thunder Punch|p1a: Ceruledge
|-damage|p1a: Ceruledge|0 fnt
|faint|p1a: Ceruledge
|
|upkeep
|
|t:|1776114309
|switch|p1a: Garganacl|Garganacl, F|100/100
|turn|15
|
|t:|1776114317
|move|p2a: Sceptile|Dragon Dance|p2a: Sceptile
|-boost|p2a: Sceptile|atk|1
|-boost|p2a: Sceptile|spe|1
|move|p1a: Garganacl|Salt Cure|p2a: Sceptile
|-damage|p2a: Sceptile|62/100
|-start|p2a: Sceptile|Salt Cure
|
|-damage|p2a: Sceptile|50/100|[from] Salt Cure
|upkeep
|turn|16
|
|t:|1776114326
|move|p1a: Garganacl|Protect|p1a: Garganacl
|-singleturn|p1a: Garganacl|Protect
|move|p2a: Sceptile|Drain Punch|p1a: Garganacl
|-activate|p1a: Garganacl|move: Protect
|
|-damage|p2a: Sceptile|37/100|[from] Salt Cure
|upkeep
|turn|17
|
|t:|1776114335
|move|p2a: Sceptile|Drain Punch|p1a: Garganacl
|-supereffective|p1a: Garganacl
|-damage|p1a: Garganacl|62/100
|-heal|p2a: Sceptile|65/100|[from] drain|[of] p1a: Garganacl
|move|p1a: Garganacl|Recover|p1a: Garganacl
|-heal|p1a: Garganacl|100/100
|
|-damage|p2a: Sceptile|52/100|[from] Salt Cure
|upkeep
|turn|18
|
|t:|1776114345
|move|p2a: Sceptile|Dragon Dance|p2a: Sceptile
|-boost|p2a: Sceptile|atk|1
|-boost|p2a: Sceptile|spe|1
|move|p1a: Garganacl|Salt Cure|p2a: Sceptile
|-damage|p2a: Sceptile|27/100
|
|-damage|p2a: Sceptile|15/100|[from] Salt Cure
|upkeep
|turn|19
|
|t:|1776114355
|move|p1a: Garganacl|Protect|p1a: Garganacl
|-singleturn|p1a: Garganacl|Protect
|move|p2a: Sceptile|Drain Punch|p1a: Garganacl
|-activate|p1a: Garganacl|move: Protect
|
|-damage|p2a: Sceptile|2/100|[from] Salt Cure
|upkeep
|turn|20
|
|t:|1776114363
|move|p1a: Garganacl|Protect|p1a: Garganacl
|-singleturn|p1a: Garganacl|Protect
|move|p2a: Sceptile|Drain Punch|p1a: Garganacl
|-activate|p1a: Garganacl|move: Protect
|
|-damage|p2a: Sceptile|0 fnt|[from] Salt Cure
|faint|p2a: Sceptile
|upkeep
|
|t:|1776114376
|switch|p2a: Clefairy|Clefairy, F|55/100 tox
|turn|21
|
|t:|1776114384
|move|p1a: Garganacl|Salt Cure|p2a: Clefairy
|-damage|p2a: Clefairy|41/100 tox
|-start|p2a: Clefairy|Salt Cure
|move|p2a: Clefairy|Reflect|p2a: Clefairy
|-sidestart|p2: Gaki737|Reflect
|
|upkeep
|turn|22
|
|t:|1776114392
|move|p1a: Garganacl|Salt Cure|p2a: Clefairy
|-damage|p2a: Clefairy|35/100 tox
|move|p2a: Clefairy|Draining Kiss|p1a: Garganacl
|-damage|p1a: Garganacl|92/100
|-heal|p2a: Clefairy|44/100 tox|[from] drain|[of] p1a: Garganacl
|
|-heal|p1a: Garganacl|98/100|[from] item: Leftovers
|upkeep
|turn|23
|
|t:|1776114403
|switch|p1a: Primarina|Primarina, F|48/100
|move|p2a: Clefairy|Light Screen|p2a: Clefairy
|-sidestart|p2: Gaki737|move: Light Screen
|
|upkeep
|turn|24
|
|t:|1776114412
|move|p1a: Primarina|Psychic Noise|p2a: Clefairy
|-damage|p2a: Clefairy|29/100 tox
|-start|p2a: Clefairy|move: Heal Block
|move|p2a: Clefairy|Calm Mind|p2a: Clefairy
|-boost|p2a: Clefairy|spa|1
|-boost|p2a: Clefairy|spd|1
|
|upkeep
|turn|25
|
|t:|1776114423
|move|p1a: Primarina|Psychic Noise|p2a: Clefairy
|-damage|p2a: Clefairy|18/100 tox
|move|p2a: Clefairy|Calm Mind|p2a: Clefairy
|-boost|p2a: Clefairy|spa|1
|-boost|p2a: Clefairy|spd|1
|
|-end|p2a: Clefairy|move: Heal Block
|-sideend|p2: Gaki737|Reflect
|upkeep
|turn|26
|
|t:|1776114433
|move|p1a: Primarina|Flip Turn|p2a: Clefairy
|-damage|p2a: Clefairy|3/100 tox
|
|t:|1776114439
|switch|p1a: Garganacl|Garganacl, F|98/100|[from] Flip Turn
|move|p2a: Clefairy|Draining Kiss|p1a: Garganacl
|-damage|p1a: Garganacl|82/100
|-heal|p2a: Clefairy|21/100 tox|[from] drain|[of] p1a: Garganacl
|
|-heal|p1a: Garganacl|88/100|[from] item: Leftovers
|upkeep
|turn|27
|
|t:|1776114454
|move|p1a: Garganacl|Salt Cure|p2a: Clefairy
|-damage|p2a: Clefairy|7/100 tox
|move|p2a: Clefairy|Draining Kiss|p1a: Garganacl
|-damage|p1a: Garganacl|74/100
|-heal|p2a: Clefairy|23/100 tox|[from] drain|[of] p1a: Garganacl
|
|-heal|p1a: Garganacl|80/100|[from] item: Leftovers
|-sideend|p2: Gaki737|move: Light Screen
|upkeep
|turn|28
|
|t:|1776114464
|switch|p1a: Raging Bolt|Raging Bolt|100/100
|-enditem|p1a: Raging Bolt|Booster Energy
|-activate|p1a: Raging Bolt|ability: Protosynthesis|[fromitem]
|-start|p1a: Raging Bolt|protosynthesisspa
|move|p2a: Clefairy|Reflect|p2a: Clefairy
|-sidestart|p2: Gaki737|Reflect
|
|upkeep
|turn|29
|
|t:|1776114473
|move|p1a: Raging Bolt|Thunderclap|p2a: Clefairy
|-damage|p2a: Clefairy|2/100 tox
|move|p2a: Clefairy|Draining Kiss|p1a: Raging Bolt
|-supereffective|p1a: Raging Bolt
|-damage|p1a: Raging Bolt|59/100
|-heal|p2a: Clefairy|45/100 tox|[from] drain|[of] p1a: Raging Bolt
|
|upkeep
|turn|30
|
|t:|1776114486
|-end|p1a: Raging Bolt|Protosynthesis|[silent]
|switch|p1a: Darkrai|Darkrai|100/100
|move|p2a: Clefairy|Draining Kiss|p1a: Darkrai
|-supereffective|p1a: Darkrai
|-damage|p1a: Darkrai|44/100
|-heal|p2a: Clefairy|87/100 tox|[from] drain|[of] p1a: Darkrai
|
|upkeep
|turn|31
|
|t:|1776114496
|move|p1a: Darkrai|Sludge Bomb|p2a: Clefairy
|-supereffective|p2a: Clefairy
|-damage|p2a: Clefairy|61/100 tox
|move|p2a: Clefairy|Draining Kiss|p1a: Darkrai
|-supereffective|p1a: Darkrai
|-damage|p1a: Darkrai|0 fnt
|-heal|p2a: Clefairy|94/100 tox|[from] drain|[of] p1a: Darkrai
|faint|p1a: Darkrai
|
|upkeep
|
|t:|1776114504
|switch|p1a: Primarina|Primarina, F|48/100
|turn|32
|
|t:|1776114511
|move|p1a: Primarina|Psychic Noise|p2a: Clefairy
|-damage|p2a: Clefairy|77/100 tox
|-start|p2a: Clefairy|move: Heal Block
|move|p2a: Clefairy|Light Screen|p2a: Clefairy
|-sidestart|p2: Gaki737|move: Light Screen
|
|-sideend|p2: Gaki737|Reflect
|upkeep
|turn|33
|
|t:|1776114520
|move|p1a: Primarina|Flip Turn|p2a: Clefairy
|-damage|p2a: Clefairy|63/100 tox
|
|t:|1776114525
|switch|p1a: Raging Bolt|Raging Bolt|59/100|[from] Flip Turn
|move|p2a: Clefairy|Calm Mind|p2a: Clefairy
|-boost|p2a: Clefairy|spa|1
|-boost|p2a: Clefairy|spd|1
|
|-end|p2a: Clefairy|move: Heal Block
|upkeep
|turn|34
|
|t:|1776114537
|move|p1a: Raging Bolt|Calm Mind|p1a: Raging Bolt
|-boost|p1a: Raging Bolt|spa|1
|-boost|p1a: Raging Bolt|spd|1
|move|p2a: Clefairy|Reflect|p2a: Clefairy
|-sidestart|p2: Gaki737|Reflect
|
|upkeep
|turn|35
|
|t:|1776114544
|move|p1a: Raging Bolt|Thunderclap|p2a: Clefairy
|-damage|p2a: Clefairy|54/100 tox
|move|p2a: Clefairy|Draining Kiss|p1a: Raging Bolt
|-supereffective|p1a: Raging Bolt
|-damage|p1a: Raging Bolt|19/100
|-heal|p2a: Clefairy|95/100 tox|[from] drain|[of] p1a: Raging Bolt
|
|upkeep
|turn|36
|
|t:|1776114554
|move|p1a: Raging Bolt|Thunderclap|p2a: Clefairy
|-damage|p2a: Clefairy|86/100 tox
|move|p2a: Clefairy|Draining Kiss|p1a: Raging Bolt
|-supereffective|p1a: Raging Bolt
|-damage|p1a: Raging Bolt|0 fnt
|-heal|p2a: Clefairy|100/100 tox|[from] drain|[of] p1a: Raging Bolt
|faint|p1a: Raging Bolt
|-end|p1a: Raging Bolt|Protosynthesis|[silent]
|
|-sideend|p2: Gaki737|move: Light Screen
|upkeep
|
|t:|1776114562
|switch|p1a: Garganacl|Garganacl, F|80/100
|turn|37
|
|t:|1776114569
|move|p2a: Clefairy|Calm Mind|p2a: Clefairy
|-boost|p2a: Clefairy|spa|1
|-boost|p2a: Clefairy|spd|1
|move|p1a: Garganacl|Salt Cure|p2a: Clefairy
|-damage|p2a: Clefairy|93/100 tox
|
|-heal|p1a: Garganacl|86/100|[from] item: Leftovers
|upkeep
|turn|38
|
|t:|1776114578
|move|p1a: Garganacl|Salt Cure|p2a: Clefairy
|-damage|p2a: Clefairy|86/100 tox
|move|p2a: Clefairy|Calm Mind|p2a: Clefairy
|-boost|p2a: Clefairy|spa|1
|-boost|p2a: Clefairy|spd|1
|
|-heal|p1a: Garganacl|92/100|[from] item: Leftovers
|-sideend|p2: Gaki737|Reflect
|upkeep
|turn|39
|
|t:|1776114589
|-terastallize|p1a: Garganacl|Water
|move|p2a: Clefairy|Reflect|p2a: Clefairy
|-sidestart|p2: Gaki737|Reflect
|move|p1a: Garganacl|Salt Cure|p2a: Clefairy
|-damage|p2a: Clefairy|78/100 tox
|
|-heal|p1a: Garganacl|99/100|[from] item: Leftovers
|upkeep
|turn|40
|
|t:|1776114599
|-terastallize|p2a: Clefairy|Fairy
|move|p2a: Clefairy|Draining Kiss|p1a: Garganacl
|-crit|p1a: Garganacl
|-damage|p1a: Garganacl|36/100
|-heal|p2a: Clefairy|100/100 tox|[from] drain|[of] p1a: Garganacl
|move|p1a: Garganacl|Salt Cure|p2a: Clefairy
|-damage|p2a: Clefairy|93/100 tox
|
|-heal|p1a: Garganacl|42/100|[from] item: Leftovers
|upkeep
|turn|41
|
|t:|1776114610
|move|p2a: Clefairy|Draining Kiss|p1a: Garganacl
|-damage|p1a: Garganacl|1/100
|-heal|p2a: Clefairy|100/100 tox|[from] drain|[of] p1a: Garganacl
|move|p1a: Garganacl|Salt Cure|p2a: Clefairy
|-damage|p2a: Clefairy|94/100 tox
|
|-heal|p1a: Garganacl|7/100|[from] item: Leftovers
|upkeep
|turn|42
|
|t:|1776114620
|move|p2a: Clefairy|Draining Kiss|p1a: Garganacl
|-damage|p1a: Garganacl|0 fnt
|-heal|p2a: Clefairy|100/100 tox|[from] drain|[of] p1a: Garganacl
|faint|p1a: Garganacl
|
|upkeep
|
|t:|1776114625
|switch|p1a: Primarina|Primarina, F|48/100
|turn|43
|
|t:|1776114629
|move|p1a: Primarina|Psychic Noise|p2a: Clefairy
|-damage|p2a: Clefairy|91/100 tox
|-start|p2a: Clefairy|move: Heal Block
|cant|p2a: Clefairy|move: Heal Block|Draining Kiss
|
|-sideend|p2: Gaki737|Reflect
|upkeep
|turn|44
|
|t:|1776114639
|move|p1a: Primarina|Moonblast|p2a: Clefairy
|-damage|p2a: Clefairy|78/100 tox
|-unboost|p2a: Clefairy|spa|1
|move|p2a: Clefairy|Light Screen|p2a: Clefairy
|-sidestart|p2: Gaki737|move: Light Screen
|
|-end|p2a: Clefairy|move: Heal Block
|upkeep
|turn|45
|
|t:|1776114649
|move|p1a: Primarina|Moonblast|p2a: Clefairy
|-damage|p2a: Clefairy|73/100 tox
|move|p2a: Clefairy|Draining Kiss|p1a: Primarina
|-damage|p1a: Primarina|16/100
|-heal|p2a: Clefairy|99/100 tox|[from] drain|[of] p1a: Primarina
|
|upkeep
|turn|46
|
|t:|1776114657
|move|p1a: Primarina|Psychic Noise|p2a: Clefairy
|-damage|p2a: Clefairy|95/100 tox
|-start|p2a: Clefairy|move: Heal Block
|move|p2a: Clefairy|Calm Mind|p2a: Clefairy
|-boost|p2a: Clefairy|spa|1
|-boost|p2a: Clefairy|spd|1
|
|upkeep
|turn|47
|
|t:|1776114668
|move|p1a: Primarina|Psychic Noise|p2a: Clefairy
|-damage|p2a: Clefairy|91/100 tox
|move|p2a: Clefairy|Calm Mind|p2a: Clefairy
|-boost|p2a: Clefairy|spa|1
|-boost|p2a: Clefairy|spd|0
|
|-end|p2a: Clefairy|move: Heal Block
|upkeep
|turn|48
|
|t:|1776114678
|move|p1a: Primarina|Psychic Noise|p2a: Clefairy
|-crit|p2a: Clefairy
|-damage|p2a: Clefairy|45/100 tox
|-start|p2a: Clefairy|move: Heal Block
|cant|p2a: Clefairy|move: Heal Block|Draining Kiss
|
|-sideend|p2: Gaki737|move: Light Screen
|upkeep
|turn|49
|
|t:|1776114687
|move|p1a: Primarina|Psychic Noise|p2a: Clefairy
|-damage|p2a: Clefairy|36/100 tox
|move|p2a: Clefairy|Light Screen|p2a: Clefairy
|-sidestart|p2: Gaki737|move: Light Screen
|
|-end|p2a: Clefairy|move: Heal Block
|upkeep
|turn|50
|
|t:|1776114700
|move|p1a: Primarina|Psychic Noise|p2a: Clefairy
|-crit|p2a: Clefairy
|-damage|p2a: Clefairy|0 fnt
|faint|p2a: Clefairy
|
|upkeep
|
|t:|1776114708
|switch|p2a: Pikachu|Pikachu, F|100/100
|-damage|p2a: Pikachu|88/100|[from] Stealth Rock
|turn|51
|
|t:|1776114713
|move|p2a: Pikachu|Volt Tackle|p1a: Primarina
|-supereffective|p1a: Primarina
|-damage|p1a: Primarina|0 fnt
|faint|p1a: Primarina
|-damage|p2a: Pikachu|82/100|[from] Recoil
|
|win|Gaki737
|raw|aaokd's rating: 1000 &rarr; <strong>1000</strong><br />(+0 for losing)
|raw|Gaki737's rating: 1000 &rarr; <strong>1040</strong><br />(+40 for winning)
|l|☆aaokd
|player|p1|
