|html|<div class="broadcast-blue"><strong>[Gen 9] OU is currently suspecting Tera Blast! For information on how to participate check out the <a href="https://www.smogon.com/tools/suspects/view/200">suspect thread</a>.</strong></div>
|j|☆Egg Robo
|j|☆andreas3d
|t:|1776295356
|gametype|singles
|player|p1|Egg Robo|irida|
|player|p2|andreas3d|miku-ground|
|gen|9
|tier|[Gen 9] OU
|rule|HP Percentage Mod: HP is shown in percentages
|rule|Endless Battle Clause: Forcing endless battles is banned
|rule|Species Clause: Limit one of each Pokémon
|rule|OHKO Clause: OHKO moves are banned
|rule|Evasion Items Clause: Evasion items are banned
|rule|Evasion Moves Clause: Evasion moves are banned
|rule|Evasion Abilities Clause: Evasion abilities are banned
|rule|Sleep Moves Clause: Sleep-inducing moves are banned
|clearpoke
|poke|p1|Scizor, F|
|poke|p1|Tyranitar, F|
|poke|p1|Iron Moth|
|poke|p1|Raging Bolt|
|poke|p1|Great Tusk|
|poke|p1|Samurott-Hisui, F|
|poke|p2|Ceruledge, M|
|poke|p2|Iron Valiant|
|poke|p2|Glimmora, F|
|poke|p2|Scizor, F|
|poke|p2|Meowscarada, M|
|poke|p2|Dragapult, F|
|teampreview
|inactive|Battle timer is ON: inactive players will automatically lose when time's up. (requested by andreas3d)
|
|t:|1776295362
|teamsize|p1|6
|teamsize|p2|6
|start
|switch|p1a: Tyranocif|Tyranitar, F|100/100
|switch|p2a: the bastard|Meowscarada, M|100/100
|-weather|Sandstorm|[from] ability: Sand Stream|[of] p1a: Tyranocif
|turn|1
|
|t:|1776295380
|switch|p1a: Blade|Scizor, F|100/100
|move|p2a: the bastard|U-turn|p1a: Blade
|-start|p2a: the bastard|typechange|Bug|[from] ability: Protean
|-resisted|p1a: Blade
|-damage|p1a: Blade|81/100
|
|t:|1776295385
|switch|p2a: F*ck it we ball|Ceruledge, M|100/100|[from] U-turn
|
|-weather|Sandstorm|[upkeep]
|-damage|p2a: F*ck it we ball|94/100|[from] Sandstorm
|-heal|p1a: Blade|87/100|[from] item: Leftovers
|upkeep
|turn|2
|
|t:|1776295392
|move|p2a: F*ck it we ball|Swords Dance|p2a: F*ck it we ball
|-boost|p2a: F*ck it we ball|atk|2
|move|p1a: Blade|U-turn|p2a: F*ck it we ball
|-resisted|p2a: F*ck it we ball
|-damage|p2a: F*ck it we ball|81/100
|-ability|p2a: F*ck it we ball|Weak Armor|boost
|-unboost|p2a: F*ck it we ball|def|1
|-boost|p2a: F*ck it we ball|spe|2
|
|t:|1776295400
|switch|p1a: Samurott|Samurott-Hisui, F|100/100|[from] U-turn
|
|-weather|Sandstorm|[upkeep]
|-damage|p2a: F*ck it we ball|75/100|[from] Sandstorm
|-damage|p1a: Samurott|94/100|[from] Sandstorm
|upkeep
|turn|3
|
|t:|1776295406
|move|p1a: Samurott|Aqua Jet|p2a: F*ck it we ball
|-supereffective|p2a: F*ck it we ball
|-damage|p2a: F*ck it we ball|0 fnt
|faint|p2a: F*ck it we ball
|
|-weather|Sandstorm|[upkeep]
|-damage|p1a: Samurott|88/100|[from] Sandstorm
|upkeep
|
|t:|1776295411
|switch|p2a: Lesbianism|Scizor, F|100/100
|turn|4
|
|t:|1776295416
|move|p1a: Samurott|Ceaseless Edge|p2a: Lesbianism
|-damage|p2a: Lesbianism|49/100
|-sidestart|p2: andreas3d|Spikes
|move|p2a: Lesbianism|Knock Off|p1a: Samurott
|-resisted|p1a: Samurott
|-damage|p1a: Samurott|53/100
|-enditem|p1a: Samurott|Assault Vest|[from] move: Knock Off|[of] p2a: Lesbianism
|
|-weather|Sandstorm|[upkeep]
|-damage|p1a: Samurott|47/100|[from] Sandstorm
|upkeep
|turn|5
|
|t:|1776295427
|switch|p2a: the bastard|Meowscarada, M|100/100
|-damage|p2a: the bastard|88/100|[from] Spikes
|move|p1a: Samurott|Flip Turn|p2a: the bastard
|-resisted|p2a: the bastard
|-damage|p2a: the bastard|66/100
|
|t:|1776295439
|switch|p1a: Blade|Scizor, F|87/100|[from] Flip Turn
|
|-weather|none
|-heal|p1a: Blade|94/100|[from] item: Leftovers
|upkeep
|turn|6
|
|t:|1776295445
|move|p2a: the bastard|U-turn|p1a: Blade
|-start|p2a: the bastard|typechange|Bug|[from] ability: Protean
|-resisted|p1a: Blade
|-damage|p1a: Blade|72/100
|
|t:|1776295451
|switch|p2a: the baby|Dragapult, F|100/100|[from] U-turn
|-damage|p2a: the baby|88/100|[from] Spikes
|move|p1a: Blade|Swords Dance|p1a: Blade
|-boost|p1a: Blade|atk|2
|
|-heal|p1a: Blade|78/100|[from] item: Leftovers
|upkeep
|turn|7
|
|t:|1776295460
|move|p2a: the baby|Fire Blast|p1a: Blade
|-supereffective|p1a: Blade
|-damage|p1a: Blade|0 fnt
|faint|p1a: Blade
|-damage|p2a: the baby|78/100|[from] item: Life Orb
|
|upkeep
|c|☆Egg Robo|thats crazy
|
|t:|1776295477
|switch|p1a: Tyranocif|Tyranitar, F|100/100
|-weather|Sandstorm|[from] ability: Sand Stream|[of] p1a: Tyranocif
|turn|8
|c|☆andreas3d|for the record i havent changed the moveset in the slightest
|
|t:|1776295487
|switch|p2a: them|Iron Valiant|100/100
|-damage|p2a: them|88/100|[from] Spikes
|move|p1a: Tyranocif|Dragon Dance|p1a: Tyranocif
|-boost|p1a: Tyranocif|atk|1
|-boost|p1a: Tyranocif|spe|1
|
|-weather|Sandstorm|[upkeep]
|-damage|p2a: them|82/100|[from] Sandstorm
|upkeep
|turn|9
|
|t:|1776295507
|-terastallize|p2a: them|Fairy
|-terastallize|p1a: Tyranocif|Fire
|move|p2a: them|Moonblast|p1a: Tyranocif
|-resisted|p1a: Tyranocif
|-damage|p1a: Tyranocif|69/100
|-unboost|p1a: Tyranocif|spa|1
|move|p1a: Tyranocif|Dragon Dance|p1a: Tyranocif
|-boost|p1a: Tyranocif|atk|1
|-boost|p1a: Tyranocif|spe|1
|
|-weather|Sandstorm|[upkeep]
|-damage|p2a: them|76/100|[from] Sandstorm
|-damage|p1a: Tyranocif|63/100|[from] Sandstorm
|upkeep
|turn|10
|c|☆andreas3d|WHAT
|
|t:|1776295523
|-end|p2a: them|Quark Drive|[silent]
|switch|p2a: the bastard|Meowscarada, M|66/100
|-damage|p2a: the bastard|54/100|[from] Spikes
|move|p1a: Tyranocif|Rock Slide|p2a: the bastard
|-damage|p2a: the bastard|0 fnt
|faint|p2a: the bastard
|
|-weather|Sandstorm|[upkeep]
|-damage|p1a: Tyranocif|57/100|[from] Sandstorm
|upkeep
|
|t:|1776295536
|switch|p2a: them|Iron Valiant, tera:Fairy|76/100
|-damage|p2a: them|63/100|[from] Spikes
|turn|11
|inactive|Egg Robo has 270 seconds left.
|
|t:|1776295562
|move|p2a: them|Thunderbolt|p1a: Tyranocif
|-damage|p1a: Tyranocif|27/100
|move|p1a: Tyranocif|Rock Slide|p2a: them
|-damage|p2a: them|0 fnt
|faint|p2a: them
|-end|p2a: them|Quark Drive|[silent]
|
|-weather|Sandstorm|[upkeep]
|-damage|p1a: Tyranocif|21/100|[from] Sandstorm
|upkeep
|
|t:|1776295566
|switch|p2a: Lesbianism|Scizor, F|49/100
|-damage|p2a: Lesbianism|37/100|[from] Spikes
|turn|12
|
|t:|1776295572
|move|p2a: Lesbianism|Bullet Punch|p1a: Tyranocif
|-resisted|p1a: Tyranocif
|-damage|p1a: Tyranocif|0 fnt
|faint|p1a: Tyranocif
|
|-weather|none
|upkeep
|
|t:|1776295578
|switch|p1a: Samurott|Samurott-Hisui, F|47/100
|turn|13
|
|t:|1776295581
|move|p2a: Lesbianism|Bullet Punch|p1a: Samurott
|-resisted|p1a: Samurott
|-damage|p1a: Samurott|12/100
|move|p1a: Samurott|Ceaseless Edge|p2a: Lesbianism
|-damage|p2a: Lesbianism|0 fnt
|-sidestart|p2: andreas3d|Spikes
|faint|p2a: Lesbianism
|
|upkeep
|
|t:|1776295586
|switch|p2a: landorus therian|Glimmora, F|100/100
|-damage|p2a: landorus therian|84/100|[from] Spikes
|turn|14
|
|t:|1776295599
|move|p1a: Samurott|Aqua Jet|p2a: landorus therian
|-supereffective|p2a: landorus therian
|-damage|p2a: landorus therian|41/100
|-activate|p2a: landorus therian|ability: Toxic Debris
|-sidestart|p1: Egg Robo|move: Toxic Spikes
|move|p2a: landorus therian|Mortal Spin|p1a: Samurott
|-damage|p1a: Samurott|5/100
|-status|p1a: Samurott|psn
|-sideend|p2: andreas3d|Spikes|[from] move: Mortal Spin|[of] p2a: landorus therian
|
|-damage|p1a: Samurott|0 fnt|[from] psn
|faint|p1a: Samurott
|upkeep
|
|t:|1776295612
|switch|p1a: Mallory|Iron Moth|100/100
|-sideend|p1: Egg Robo|move: Toxic Spikes|[of] p1a: Mallory
|-enditem|p1a: Mallory|Booster Energy
|-activate|p1a: Mallory|ability: Quark Drive|[fromitem]
|-start|p1a: Mallory|quarkdrivespe
|turn|15
|
|t:|1776295619
|move|p1a: Mallory|Fiery Dance|p2a: landorus therian
|-resisted|p2a: landorus therian
|-damage|p2a: landorus therian|15/100
|-boost|p1a: Mallory|spa|1
|move|p2a: landorus therian|Earth Power|p1a: Mallory
|-supereffective|p1a: Mallory
|-damage|p1a: Mallory|0 fnt
|faint|p1a: Mallory
|-end|p1a: Mallory|Quark Drive|[silent]
|
|upkeep
|c|☆Egg Robo|my greed...
|
|t:|1776295636
|switch|p1a: Lando-Tusk|Great Tusk|100/100
|turn|16
|
|t:|1776295651
|move|p2a: landorus therian|Earth Power|p1a: Lando-Tusk
|-damage|p1a: Lando-Tusk|73/100
|move|p1a: Lando-Tusk|Ice Spinner|p2a: landorus therian
|-damage|p2a: landorus therian|0 fnt
|-activate|p2a: landorus therian|ability: Toxic Debris
|-sidestart|p1: Egg Robo|move: Toxic Spikes
|faint|p2a: landorus therian
|
|upkeep
|
|t:|1776295656
|switch|p2a: the baby|Dragapult, F|78/100
|turn|17
|c|☆andreas3d|!dt great tusk
|c|☆andreas3d|/raw <div class="message"><ul class="utilichart"><li class="result"><span class="col numcol">OU</span> <span class="col iconcol"><psicon pokemon="greattusk"/></span> <span class="col pokemonnamecol" style="white-space:nowrap"><a href="https://dex.pokemonshowdown.com/pokemon/greattusk" target="_blank">Great Tusk</a></span> <span class="col typecol"><img src="https://play.pokemonshowdown.com/sprites/types/Ground.png" alt="Ground" height="14" width="32"><img src="https://play.pokemonshowdown.com/sprites/types/Fighting.png" alt="Fighting" height="14" width="32"></span> <span style="float:left;min-height:26px"><span class="col abilitycol">Protosynthesis</span><span class="col abilitycol"></span></span><span style="float:left;min-height:26px"><span class="col statcol"><em>HP</em><br />115</span> <span class="col statcol"><em>Atk</em><br />131</span> <span class="col statcol"><em>Def</em><br />131</span> <span class="col statcol"><em>SpA</em><br />53</span> <span class="col statcol"><em>SpD</em><br />53</span> <span class="col statcol"><em>Spe</em><br />87</span> <span class="col bstcol"><em>BST<br />570</em></span> </span></li><li style="clear:both"></li></ul></div>
|c|☆andreas3d|/raw <font size="1"><font color="#686868">Dex#:</font> 984&nbsp;|&ThickSpace;<font color="#686868">Gen:</font> 9&nbsp;|&ThickSpace;<font color="#686868">Height:</font> 2.2 m&nbsp;|&ThickSpace;<font color="#686868">Weight:</font> 320 kg <em>(120 BP)</em>&nbsp;|&ThickSpace;<font color="#686868">Dex Colour:</font> Purple&nbsp;|&ThickSpace;<font color="#686868">Egg Group(s):</font> Undiscovered&nbsp;|&ThickSpace;<font color="#686868">Does Not Evolve</font></font>

|c|☆andreas3d|i see
|inactive|andreas3d has 270 seconds left.
|c|☆andreas3d|if i miss this draco meteor ill kill myself
|
|t:|1776295696
|move|p2a: the baby|Draco Meteor|p1a: Lando-Tusk
|-damage|p1a: Lando-Tusk|8/100
|-unboost|p2a: the baby|spa|2
|-damage|p2a: the baby|69/100|[from] item: Life Orb
|move|p1a: Lando-Tusk|Ice Spinner|p2a: the baby
|-supereffective|p2a: the baby
|-crit|p2a: the baby
|-damage|p2a: the baby|0 fnt
|faint|p2a: the baby
|
|win|Egg Robo
|c|☆Egg Robo|I HAD VEST
|c|☆Egg Robo|LOL
