|html|<div class="broadcast-blue"><strong>[Gen 9] OU is currently suspecting Tera Blast! For information on how to participate check out the <a href="https://www.smogon.com/tools/suspects/view/200">suspect thread</a>.</strong></div>
|j|☆TrapLyf
|j|☆pressacanadagoose
|t:|1776043466
|gametype|singles
|player|p1|TrapLyf|1|1533
|player|p2|pressacanadagoose|169|1637
|gen|9
|tier|[Gen 9] OU
|rated|
|rule|HP Percentage Mod: HP is shown in percentages
|rule|Endless Battle Clause: Forcing endless battles is banned
|rule|Species Clause: Limit one of each Pokémon
|rule|OHKO Clause: OHKO moves are banned
|rule|Evasion Items Clause: Evasion items are banned
|rule|Evasion Moves Clause: Evasion moves are banned
|rule|Evasion Abilities Clause: Evasion abilities are banned
|rule|Sleep Moves Clause: Sleep-inducing moves are banned
|clearpoke
|poke|p1|Manaphy|
|poke|p1|Enamorus-Therian, F|
|poke|p1|Ninetales-Alola, F|
|poke|p1|Great Tusk|
|poke|p1|Kingambit, F|
|poke|p1|Iron Moth|
|poke|p2|Deoxys-Speed|
|poke|p2|Ceruledge, F|
|poke|p2|Zamazenta-*|
|poke|p2|Ogerpon-Wellspring, F|
|poke|p2|Glimmora, M|
|poke|p2|Moltres-Galar|
|teampreview
|inactive|Battle timer is ON: inactive players will automatically lose when time's up. (requested by TrapLyf)
|
|t:|1776043477
|teamsize|p1|6
|teamsize|p2|6
|start
|switch|p1a: Ninetales|Ninetales-Alola, F|100/100
|switch|p2a: Deoxys|Deoxys-Speed|100/100
|-ability|p2a: Deoxys|Pressure
|-weather|Snowscape|[from] ability: Snow Warning|[of] p1a: Ninetales
|turn|1
|
|t:|1776043479
|move|p2a: Deoxys|Taunt|p1a: Ninetales
|-start|p1a: Ninetales|move: Taunt
|cant|p1a: Ninetales|move: Taunt|Aurora Veil
|
|-weather|Snowscape|[upkeep]
|upkeep
|turn|2
|
|t:|1776043484
|switch|p1a: Kingambit|Kingambit, F|100/100
|move|p2a: Deoxys|Light Screen|p2a: Deoxys
|-sidestart|p2: pressacanadagoose|move: Light Screen
|
|-weather|Snowscape|[upkeep]
|upkeep
|turn|3
|
|t:|1776043489
|switch|p2a: Zamazenta|Zamazenta|100/100
|-ability|p2a: Zamazenta|Dauntless Shield|boost
|-boost|p2a: Zamazenta|def|1
|move|p1a: Kingambit|Kowtow Cleave|p2a: Zamazenta
|-resisted|p2a: Zamazenta
|-damage|p2a: Zamazenta|85/100
|
|-weather|Snowscape|[upkeep]
|-heal|p2a: Zamazenta|91/100|[from] item: Leftovers
|upkeep
|turn|4
|
|t:|1776043496
|-end|p1a: Kingambit|fallenundefined|[silent]
|switch|p1a: Ninetales|Ninetales-Alola, F|100/100
|move|p2a: Zamazenta|Roar|p1a: Ninetales
|drag|p1a: Manaphy|Manaphy|100/100
|
|-weather|Snowscape|[upkeep]
|-heal|p2a: Zamazenta|97/100|[from] item: Leftovers
|upkeep
|turn|5
|
|t:|1776043506
|switch|p1a: Enamorus|Enamorus-Therian, F|100/100
|move|p2a: Zamazenta|Body Press|p1a: Enamorus
|-resisted|p1a: Enamorus
|-damage|p1a: Enamorus|86/100
|
|-weather|none
|-heal|p2a: Zamazenta|100/100|[from] item: Leftovers
|upkeep
|turn|6
|
|t:|1776043511
|switch|p2a: Glimmora|Glimmora, M|100/100
|move|p1a: Enamorus|Draining Kiss|p2a: Glimmora
|-resisted|p2a: Glimmora
|-damage|p2a: Glimmora|91/100
|-heal|p1a: Enamorus|94/100|[from] drain|[of] p2a: Glimmora
|
|upkeep
|turn|7
|
|t:|1776043536
|move|p2a: Glimmora|Stealth Rock|p1a: Enamorus
|-sidestart|p1: TrapLyf|move: Stealth Rock
|move|p1a: Enamorus|Agility|p1a: Enamorus
|-boost|p1a: Enamorus|spe|2
|
|upkeep
|turn|8
|
|t:|1776043556
|-terastallize|p1a: Enamorus|Steel
|move|p1a: Enamorus|Calm Mind|p1a: Enamorus
|-boost|p1a: Enamorus|spa|1
|-boost|p1a: Enamorus|spd|1
|move|p2a: Glimmora|Meteor Beam||[still]
|-prepare|p2a: Glimmora|Meteor Beam
|-boost|p2a: Glimmora|spa|1
|-enditem|p2a: Glimmora|Power Herb
|-anim|p2a: Glimmora|Meteor Beam|p1a: Enamorus
|-resisted|p1a: Enamorus
|-damage|p1a: Enamorus|53/100
|
|upkeep
|turn|9
|
|t:|1776043566
|move|p1a: Enamorus|Calm Mind|p1a: Enamorus
|-boost|p1a: Enamorus|spa|1
|-boost|p1a: Enamorus|spd|1
|move|p2a: Glimmora|Earth Power|p1a: Enamorus
|-supereffective|p1a: Enamorus
|-damage|p1a: Enamorus|0 fnt
|faint|p1a: Enamorus
|
|-sideend|p2: pressacanadagoose|move: Light Screen
|upkeep
|
|t:|1776043578
|switch|p1a: Great Tusk|Great Tusk|100/100
|-damage|p1a: Great Tusk|98/100|[from] Stealth Rock
|-enditem|p1a: Great Tusk|Booster Energy
|-activate|p1a: Great Tusk|ability: Protosynthesis|[fromitem]
|-start|p1a: Great Tusk|protosynthesisatk
|turn|10
|
|t:|1776043582
|-terastallize|p2a: Glimmora|Ghost
|move|p1a: Great Tusk|Headlong Rush|p2a: Glimmora
|-damage|p2a: Glimmora|0 fnt
|-unboost|p1a: Great Tusk|def|1
|-unboost|p1a: Great Tusk|spd|1
|-activate|p2a: Glimmora|ability: Toxic Debris
|-sidestart|p1: TrapLyf|move: Toxic Spikes
|faint|p2a: Glimmora
|
|upkeep
|
|t:|1776043588
|switch|p2a: Ogerpon|Ogerpon-Wellspring, F|100/100
|turn|11
|inactive|TrapLyf has 120 seconds left.
|l|☆TrapLyf
|inactive|TrapLyf disconnected and has a minute to reconnect!
|player|p1|
|j|☆TrapLyf
|inactive|TrapLyf reconnected and has 110 seconds left.
|player|p1|TrapLyf|1|
|inactive|TrapLyf has 90 seconds left.
|
|t:|1776043661
|move|p2a: Ogerpon|Ivy Cudgel|p1a: Great Tusk|[anim] Ivy Cudgel Water
|-supereffective|p1a: Great Tusk
|-damage|p1a: Great Tusk|0 fnt
|faint|p1a: Great Tusk
|-end|p1a: Great Tusk|Protosynthesis|[silent]
|
|upkeep
|
|t:|1776043666
|switch|p1a: Ninetales|Ninetales-Alola, F|100/100
|-damage|p1a: Ninetales|76/100|[from] Stealth Rock
|-status|p1a: Ninetales|psn
|-weather|Snowscape|[from] ability: Snow Warning|[of] p1a: Ninetales
|turn|12
|
|t:|1776043673
|move|p2a: Ogerpon|Ivy Cudgel|p1a: Ninetales|[anim] Ivy Cudgel Water
|-crit|p1a: Ninetales
|-damage|p1a: Ninetales|0 fnt
|faint|p1a: Ninetales
|
|-weather|Snowscape|[upkeep]
|upkeep
|
|t:|1776043679
|switch|p1a: Kingambit|Kingambit, F|100/100
|-damage|p1a: Kingambit|94/100|[from] Stealth Rock
|-activate|p1a: Kingambit|ability: Supreme Overlord
|-start|p1a: Kingambit|fallen3|[silent]
|turn|13
|
|t:|1776043685
|switch|p2a: Zamazenta|Zamazenta|100/100
|move|p1a: Kingambit|Swords Dance|p1a: Kingambit
|-boost|p1a: Kingambit|atk|2
|
|-weather|Snowscape|[upkeep]
|upkeep
|turn|14
|
|t:|1776043690
|-end|p1a: Kingambit|fallen3|[silent]
|switch|p1a: Manaphy|Manaphy|100/100
|-damage|p1a: Manaphy|88/100|[from] Stealth Rock
|-status|p1a: Manaphy|psn
|move|p2a: Zamazenta|Body Press|p1a: Manaphy
|-damage|p1a: Manaphy|58/100 psn
|-enditem|p1a: Manaphy|Red Card|[of] p2a: Zamazenta
|drag|p2a: Moltres|Moltres-Galar|100/100
|
|-weather|Snowscape|[upkeep]
|-damage|p1a: Manaphy|46/100 psn|[from] psn
|upkeep
|turn|15
|
|t:|1776043695
|move|p2a: Moltres|Agility|p2a: Moltres
|-boost|p2a: Moltres|spe|2
|move|p1a: Manaphy|Ice Beam|p2a: Moltres
|-supereffective|p2a: Moltres
|-damage|p2a: Moltres|50/100
|-status|p2a: Moltres|frz
|-ability|p2a: Moltres|Berserk|boost
|-boost|p2a: Moltres|spa|1
|-enditem|p2a: Moltres|Sitrus Berry|[eat]
|-heal|p2a: Moltres|75/100 frz|[from] item: Sitrus Berry
|
|-weather|Snowscape|[upkeep]
|-damage|p1a: Manaphy|33/100 psn|[from] psn
|upkeep
|turn|16
|
|t:|1776043698
|-curestatus|p2a: Moltres|frz|[msg]
|move|p2a: Moltres|Fiery Wrath|p1a: Manaphy
|-damage|p1a: Manaphy|0 fnt
|faint|p1a: Manaphy
|
|-weather|none
|upkeep
|
|t:|1776043704
|switch|p1a: Kingambit|Kingambit, F|94/100
|-damage|p1a: Kingambit|88/100|[from] Stealth Rock
|-activate|p1a: Kingambit|ability: Supreme Overlord
|-start|p1a: Kingambit|fallen4|[silent]
|turn|17
|
|t:|1776043707
|-end|p1a: Kingambit|fallen4|[silent]
|switch|p1a: Iron Moth|Iron Moth|100/100
|-damage|p1a: Iron Moth|76/100|[from] Stealth Rock
|-sideend|p1: TrapLyf|move: Toxic Spikes|[of] p1a: Iron Moth
|-enditem|p1a: Iron Moth|Booster Energy
|-activate|p1a: Iron Moth|ability: Quark Drive|[fromitem]
|-start|p1a: Iron Moth|quarkdrivespe
|move|p2a: Moltres|Fiery Wrath|p1a: Iron Moth
|-damage|p1a: Iron Moth|11/100
|
|upkeep
|turn|18
|
|t:|1776043711
|move|p2a: Moltres|Fiery Wrath|p1a: Iron Moth
|-damage|p1a: Iron Moth|0 fnt
|faint|p1a: Iron Moth
|-end|p1a: Iron Moth|Quark Drive|[silent]
|
|upkeep
|-message|TrapLyf forfeited.
|
|win|pressacanadagoose
|raw|TrapLyf's rating: 1533 &rarr; <strong>1519</strong><br />(-14 for losing)
|raw|pressacanadagoose's rating: 1637 &rarr; <strong>1651</strong><br />(+14 for winning)
|l|☆TrapLyf
|player|p1|
|l|☆pressacanadagoose
|player|p2|
