|html|<div class="broadcast-blue"><strong>[Gen 9] OU is currently suspecting Tera Blast! For information on how to participate check out the <a href="https://www.smogon.com/tools/suspects/view/200">suspect thread</a>.</strong></div>
|j|☆Gu2025
|j|‽flyatnight1234
|t:|1776093252
|gametype|singles
|player|p1|Gu2025|rood|1442
|player|p2|flyatnight1234|1|1427
|gen|9
|tier|[Gen 9] OU
|rated|
|rule|HP Percentage Mod: HP is shown in percentages
|rule|Endless Battle Clause: Forcing endless battles is banned
|rule|Species Clause: Limit one of each Pokémon
|rule|OHKO Clause: OHKO moves are banned
|rule|Evasion Items Clause: Evasion items are banned
|rule|Evasion Moves Clause: Evasion moves are banned
|rule|Evasion Abilities Clause: Evasion abilities are banned
|rule|Sleep Moves Clause: Sleep-inducing moves are banned
|clearpoke
|poke|p1|Zapdos|
|poke|p1|Rillaboom, M|
|poke|p1|Gholdengo|
|poke|p1|Great Tusk|
|poke|p1|Kingambit, M|
|poke|p1|Kyurem|
|poke|p2|Garchomp, F|
|poke|p2|Cloyster, M|
|poke|p2|Ninetales-Alola, F|
|poke|p2|Magnezone|
|poke|p2|Kyurem|
|poke|p2|Mew|
|teampreview
|
|t:|1776093275
|teamsize|p1|6
|teamsize|p2|6
|start
|switch|p1a: Kyurem|Kyurem|100/100
|switch|p2a: Magnezone|Magnezone|100/100
|-ability|p1a: Kyurem|Pressure
|turn|1
|
|t:|1776093299
|switch|p2a: Ninetales|Ninetales-Alola, F|100/100
|-weather|Snowscape|[from] ability: Snow Warning|[of] p2a: Ninetales
|move|p1a: Kyurem|Earth Power|p2a: Ninetales
|-damage|p2a: Ninetales|67/100
|-unboost|p2a: Ninetales|spd|1
|
|-weather|Snowscape|[upkeep]
|upkeep
|turn|2
|
|t:|1776093319
|move|p1a: Kyurem|Earth Power|p2a: Ninetales
|-damage|p2a: Ninetales|9/100
|move|p2a: Ninetales|Aurora Veil|p2a: Ninetales
|-sidestart|p2: flyatnight1234|move: Aurora Veil
|
|-weather|Snowscape|[upkeep]
|upkeep
|turn|3
|
|t:|1776093342
|switch|p2a: Mew|Mew|100/100
|move|p1a: Kyurem|Ice Beam|p2a: Mew
|-damage|p2a: Mew|76/100
|-status|p2a: Mew|frz
|
|-weather|Snowscape|[upkeep]
|-heal|p2a: Mew|82/100 frz|[from] item: Leftovers
|upkeep
|turn|4
|
|t:|1776093364
|switch|p1a: Gholdengo|Gholdengo|100/100
|-item|p1a: Gholdengo|Air Balloon
|cant|p2a: Mew|frz
|
|-weather|Snowscape|[upkeep]
|-heal|p2a: Mew|88/100 frz|[from] item: Leftovers
|upkeep
|turn|5
|
|t:|1776093374
|move|p1a: Gholdengo|Shadow Ball|p2a: Mew
|-supereffective|p2a: Mew
|-damage|p2a: Mew|51/100 frz
|cant|p2a: Mew|frz
|
|-weather|none
|-heal|p2a: Mew|57/100 frz|[from] item: Leftovers
|upkeep
|turn|6
|
|t:|1776093383
|move|p1a: Gholdengo|Shadow Ball|p2a: Mew
|-supereffective|p2a: Mew
|-damage|p2a: Mew|23/100 frz
|cant|p2a: Mew|frz
|
|-heal|p2a: Mew|29/100 frz|[from] item: Leftovers
|-sideend|p2: flyatnight1234|move: Aurora Veil
|upkeep
|turn|7
|
|t:|1776093392
|move|p1a: Gholdengo|Shadow Ball|p2a: Mew
|-supereffective|p2a: Mew
|-damage|p2a: Mew|0 fnt
|faint|p2a: Mew
|
|upkeep
|
|t:|1776093398
|switch|p2a: Magnezone|Magnezone|100/100
|turn|8
|
|t:|1776093414
|switch|p1a: Great Tusk|Great Tusk|100/100
|move|p2a: Magnezone|Reflect|p2a: Magnezone
|-sidestart|p2: flyatnight1234|Reflect
|
|upkeep
|turn|9
|
|t:|1776093426
|switch|p2a: Ninetales|Ninetales-Alola, F|9/100
|-weather|Snowscape|[from] ability: Snow Warning|[of] p2a: Ninetales
|move|p1a: Great Tusk|Stealth Rock|p2a: Ninetales
|-sidestart|p2: flyatnight1234|move: Stealth Rock
|
|-weather|Snowscape|[upkeep]
|upkeep
|turn|10
|
|t:|1776093438
|move|p2a: Ninetales|Aurora Veil|p2a: Ninetales
|-sidestart|p2: flyatnight1234|move: Aurora Veil
|move|p1a: Great Tusk|Headlong Rush|p2a: Ninetales
|-damage|p2a: Ninetales|0 fnt
|-unboost|p1a: Great Tusk|def|1
|-unboost|p1a: Great Tusk|spd|1
|faint|p2a: Ninetales
|
|-weather|Snowscape|[upkeep]
|upkeep
|
|t:|1776093446
|switch|p2a: Cloyster|Cloyster, M|100/100
|turn|11
|
|t:|1776093452
|move|p1a: Great Tusk|Knock Off|p2a: Cloyster
|-damage|p2a: Cloyster|94/100
|-enditem|p2a: Cloyster|Heavy-Duty Boots|[from] move: Knock Off|[of] p1a: Great Tusk
|move|p2a: Cloyster|Shell Smash|p2a: Cloyster
|-unboost|p2a: Cloyster|def|1
|-unboost|p2a: Cloyster|spd|1
|-boost|p2a: Cloyster|atk|2
|-boost|p2a: Cloyster|spa|2
|-boost|p2a: Cloyster|spe|2
|
|-weather|Snowscape|[upkeep]
|upkeep
|turn|12
|
|t:|1776093498
|-end|p1a: Great Tusk|Protosynthesis|[silent]
|switch|p1a: Zapdos|Zapdos|100/100
|move|p2a: Cloyster|Shell Smash|p2a: Cloyster
|-unboost|p2a: Cloyster|def|1
|-unboost|p2a: Cloyster|spd|1
|-boost|p2a: Cloyster|atk|2
|-boost|p2a: Cloyster|spa|2
|-boost|p2a: Cloyster|spe|2
|
|-weather|Snowscape|[upkeep]
|-sideend|p2: flyatnight1234|Reflect
|upkeep
|turn|13
|
|t:|1776093513
|move|p2a: Cloyster|Icicle Spear|p1a: Zapdos
|-supereffective|p1a: Zapdos
|-damage|p1a: Zapdos|52/100
|-supereffective|p1a: Zapdos
|-damage|p1a: Zapdos|0 fnt
|faint|p1a: Zapdos
|-hitcount|p1: Zapdos|2
|
|-weather|none
|upkeep
|inactive|Battle timer is ON: inactive players will automatically lose when time's up. (requested by flyatnight1234)
|
|t:|1776093558
|switch|p1a: Rillaboom|Rillaboom, M|100/100
|-fieldstart|move: Grassy Terrain|[from] ability: Grassy Surge|[of] p1a: Rillaboom
|turn|14
|
|t:|1776093565
|-terastallize|p1a: Rillaboom|Grass
|move|p2a: Cloyster|Ice Shard|p1a: Rillaboom
|-supereffective|p1a: Rillaboom
|-damage|p1a: Rillaboom|0 fnt
|faint|p1a: Rillaboom
|
|-heal|p2a: Cloyster|100/100|[from] Grassy Terrain
|-sideend|p2: flyatnight1234|move: Aurora Veil
|upkeep
|
|t:|1776093577
|switch|p1a: Kingambit|Kingambit, M|100/100
|-activate|p1a: Kingambit|ability: Supreme Overlord
|-start|p1a: Kingambit|fallen2|[silent]
|turn|15
|
|t:|1776093589
|-terastallize|p2a: Cloyster|Ground
|move|p1a: Kingambit|Sucker Punch|p2a: Cloyster
|-crit|p2a: Cloyster
|-damage|p2a: Cloyster|0 fnt
|faint|p2a: Cloyster
|
|upkeep
|inactive|flyatnight1234 has 120 seconds left.
|
|t:|1776093640
|switch|p2a: Garchomp|Garchomp, F|100/100
|-damage|p2a: Garchomp|94/100|[from] Stealth Rock
|turn|16
|
|t:|1776093647
|-end|p1a: Kingambit|fallen2|[silent]
|switch|p1a: Great Tusk|Great Tusk|100/100
|move|p2a: Garchomp|Earthquake|p1a: Great Tusk
|-damage|p1a: Great Tusk|79/100
|
|-heal|p2a: Garchomp|100/100|[from] Grassy Terrain
|-heal|p1a: Great Tusk|85/100|[from] Grassy Terrain
|-heal|p1a: Great Tusk|91/100|[from] item: Leftovers
|upkeep
|turn|17
|
|t:|1776093660
|switch|p2a: Kyurem|Kyurem|100/100
|-ability|p2a: Kyurem|Pressure
|move|p1a: Great Tusk|Knock Off|p2a: Kyurem
|-damage|p2a: Kyurem|75/100
|-enditem|p2a: Kyurem|Heavy-Duty Boots|[from] move: Knock Off|[of] p1a: Great Tusk
|
|-heal|p2a: Kyurem|82/100|[from] Grassy Terrain
|-heal|p1a: Great Tusk|98/100|[from] Grassy Terrain
|-heal|p1a: Great Tusk|100/100|[from] item: Leftovers
|upkeep
|turn|18
|
|t:|1776093678
|-end|p1a: Great Tusk|Protosynthesis|[silent]
|switch|p1a: Gholdengo|Gholdengo|100/100
|-item|p1a: Gholdengo|Air Balloon
|move|p2a: Kyurem|Freeze-Dry|p1a: Gholdengo
|-resisted|p1a: Gholdengo
|-damage|p1a: Gholdengo|76/100
|-enditem|p1a: Gholdengo|Air Balloon
|
|-heal|p1a: Gholdengo|82/100|[from] Grassy Terrain
|-heal|p2a: Kyurem|88/100|[from] Grassy Terrain
|-fieldend|move: Grassy Terrain
|upkeep
|turn|19
|
|t:|1776093695
|switch|p2a: Magnezone|Magnezone|100/100
|-damage|p2a: Magnezone|94/100|[from] Stealth Rock
|move|p1a: Gholdengo|Make It Rain|p2a: Magnezone
|-resisted|p2a: Magnezone
|-damage|p2a: Magnezone|77/100
|-unboost|p1a: Gholdengo|spa|1
|
|-heal|p2a: Magnezone|83/100|[from] item: Leftovers
|upkeep
|turn|20
|inactive|flyatnight1234 has 90 seconds left.
|
|t:|1776093717
|switch|p1a: Great Tusk|Great Tusk|100/100
|move|p2a: Magnezone|Reflect|p2a: Magnezone
|-sidestart|p2: flyatnight1234|Reflect
|
|-heal|p2a: Magnezone|89/100|[from] item: Leftovers
|upkeep
|turn|21
|inactive|flyatnight1234 has 90 seconds left.
|
|t:|1776093726
|move|p1a: Great Tusk|Headlong Rush|p2a: Magnezone
|-supereffective|p2a: Magnezone
|-damage|p2a: Magnezone|10/100
|-unboost|p1a: Great Tusk|def|1
|-unboost|p1a: Great Tusk|spd|1
|move|p2a: Magnezone|Flash Cannon|p1a: Great Tusk
|-damage|p1a: Great Tusk|17/100
|
|-heal|p1a: Great Tusk|23/100|[from] item: Leftovers
|-heal|p2a: Magnezone|16/100|[from] item: Leftovers
|upkeep
|turn|22
|inactive|flyatnight1234 has 90 seconds left.
|
|t:|1776093736
|move|p1a: Great Tusk|Headlong Rush|p2a: Magnezone
|-supereffective|p2a: Magnezone
|-damage|p2a: Magnezone|0 fnt
|-unboost|p1a: Great Tusk|def|1
|-unboost|p1a: Great Tusk|spd|1
|faint|p2a: Magnezone
|
|-heal|p1a: Great Tusk|29/100|[from] item: Leftovers
|upkeep
|inactive|flyatnight1234 has 90 seconds left.
|
|t:|1776093747
|switch|p2a: Garchomp|Garchomp, F|100/100
|-damage|p2a: Garchomp|94/100|[from] Stealth Rock
|turn|23
|inactive|flyatnight1234 has 90 seconds left.
|
|t:|1776093776
|move|p2a: Garchomp|Outrage|p1a: Great Tusk
|-damage|p1a: Great Tusk|0 fnt
|faint|p1a: Great Tusk
|-end|p1a: Great Tusk|Protosynthesis|[silent]
|
|upkeep
|inactive|Gu2025 has 120 seconds left.
|
|t:|1776093794
|switch|p1a: Gholdengo|Gholdengo|82/100
|turn|24
|inactive|Gu2025 has 120 seconds left.
|
|t:|1776093810
|move|p1a: Gholdengo|Make It Rain|p2a: Garchomp
|-damage|p2a: Garchomp|36/100
|-unboost|p1a: Gholdengo|spa|1
|move|p2a: Garchomp|Outrage|p1a: Gholdengo|[from] lockedmove
|-resisted|p1a: Gholdengo
|-damage|p1a: Gholdengo|25/100
|
|-sideend|p2: flyatnight1234|Reflect
|upkeep
|turn|25
|inactive|flyatnight1234 has 90 seconds left.
|
|t:|1776093835
|move|p1a: Gholdengo|Make It Rain|p2a: Garchomp
|-damage|p2a: Garchomp|0 fnt
|-unboost|p1a: Gholdengo|spa|1
|faint|p2a: Garchomp
|
|upkeep
|
|t:|1776093845
|switch|p2a: Kyurem|Kyurem|88/100
|-damage|p2a: Kyurem|63/100|[from] Stealth Rock
|-ability|p2a: Kyurem|Pressure
|turn|26
|
|t:|1776093853
|move|p1a: Gholdengo|Make It Rain|p2a: Kyurem
|-supereffective|p2a: Kyurem
|-damage|p2a: Kyurem|4/100
|-unboost|p1a: Gholdengo|spa|1
|move|p2a: Kyurem|Draco Meteor|p1a: Gholdengo
|-resisted|p1a: Gholdengo
|-damage|p1a: Gholdengo|0 fnt
|-unboost|p2a: Kyurem|spa|2
|faint|p1a: Gholdengo
|
|upkeep
|
|t:|1776093864
|switch|p1a: Kyurem|Kyurem|100/100
|-ability|p1a: Kyurem|Pressure
|turn|27
|
|t:|1776093871
|move|p1a: Kyurem|Ice Beam|p2a: Kyurem
|-crit|p2a: Kyurem
|-damage|p2a: Kyurem|0 fnt
|faint|p2a: Kyurem
|
|win|Gu2025
|raw|Gu2025's rating: 1442 &rarr; <strong>1461</strong><br />(+19 for winning)
|raw|flyatnight1234's rating: 1427 &rarr; <strong>1408</strong><br />(-19 for losing)
|l|☆Gu2025
|player|p1|
