|html|<div class="broadcast-blue"><strong>[Gen 9] OU is currently suspecting Tera Blast! For information on how to participate check out the <a href="https://www.smogon.com/tools/suspects/view/200">suspect thread</a>.</strong></div>
|j|☆Carmine8739
|j|☆Whole Lotta Doom
|t:|1776174177
|gametype|singles
|player|p1|Carmine8739|aromalady|1143
|player|p2|Whole Lotta Doom|colress|1143
|gen|9
|tier|[Gen 9] OU
|rated|
|rule|HP Percentage Mod: HP is shown in percentages
|rule|Endless Battle Clause: Forcing endless battles is banned
|rule|Species Clause: Limit one of each Pokémon
|rule|OHKO Clause: OHKO moves are banned
|rule|Evasion Items Clause: Evasion items are banned
|rule|Evasion Moves Clause: Evasion moves are banned
|rule|Evasion Abilities Clause: Evasion abilities are banned
|rule|Sleep Moves Clause: Sleep-inducing moves are banned
|clearpoke
|poke|p1|Glimmora, F|
|poke|p1|Inteleon, M|
|poke|p1|Gholdengo|
|poke|p1|Great Tusk|
|poke|p1|Kingambit, M|
|poke|p1|Iron Valiant|
|poke|p2|Pelipper, F|
|poke|p2|Barraskewda, F|
|poke|p2|Tyranitar, F|
|poke|p2|Excadrill, F|
|poke|p2|Torkoal, F|
|poke|p2|Lilligant-Hisui, F|
|teampreview
|j| stephenmeek110
|inactive|Battle timer is ON: inactive players will automatically lose when time's up. (requested by Whole Lotta Doom)
|
|t:|1776174184
|teamsize|p1|6
|teamsize|p2|6
|start
|switch|p1a: Glimmora|Glimmora, F|100/100
|switch|p2a: Bluntly|Lilligant-Hisui, F, shiny|100/100
|turn|1
|
|t:|1776174199
|switch|p2a: Osama Bin Ladin|Tyranitar, F, shiny|100/100
|-weather|Sandstorm|[from] ability: Sand Stream|[of] p2a: Osama Bin Ladin
|move|p1a: Glimmora|Stealth Rock|p2a: Osama Bin Ladin
|-sidestart|p2: Whole Lotta Doom|move: Stealth Rock
|
|-weather|Sandstorm|[upkeep]
|upkeep
|turn|2
|
|t:|1776174208
|move|p1a: Glimmora|Mortal Spin|p2a: Osama Bin Ladin
|-resisted|p2a: Osama Bin Ladin
|-damage|p2a: Osama Bin Ladin|98/100
|-status|p2a: Osama Bin Ladin|psn
|move|p2a: Osama Bin Ladin|Stealth Rock|p1a: Glimmora
|-sidestart|p1: Carmine8739|move: Stealth Rock
|
|-weather|Sandstorm|[upkeep]
|-heal|p2a: Osama Bin Ladin|100/100 psn|[from] item: Leftovers
|-damage|p2a: Osama Bin Ladin|88/100 psn|[from] psn
|upkeep
|turn|3
|
|t:|1776174217
|move|p1a: Glimmora|Toxic Spikes|p2a: Osama Bin Ladin
|-sidestart|p2: Whole Lotta Doom|move: Toxic Spikes
|move|p2a: Osama Bin Ladin|Knock Off|p1a: Glimmora
|-damage|p1a: Glimmora|49/100
|-activate|p1a: Glimmora|ability: Toxic Debris
|-sidestart|p2: Whole Lotta Doom|move: Toxic Spikes
|-enditem|p1a: Glimmora|Focus Sash|[from] move: Knock Off|[of] p2a: Osama Bin Ladin
|
|-weather|Sandstorm|[upkeep]
|-heal|p2a: Osama Bin Ladin|94/100 psn|[from] item: Leftovers
|-damage|p2a: Osama Bin Ladin|82/100 psn|[from] psn
|upkeep
|turn|4
|
|t:|1776174226
|move|p1a: Glimmora|Mortal Spin|p2a: Osama Bin Ladin
|-resisted|p2a: Osama Bin Ladin
|-damage|p2a: Osama Bin Ladin|80/100 psn
|-sideend|p1: Carmine8739|Stealth Rock|[from] move: Mortal Spin|[of] p1a: Glimmora
|move|p2a: Osama Bin Ladin|Roar|p1a: Glimmora
|drag|p1a: Iron Valiant|Iron Valiant|100/100
|-enditem|p1a: Iron Valiant|Booster Energy
|-activate|p1a: Iron Valiant|ability: Quark Drive|[fromitem]
|-start|p1a: Iron Valiant|quarkdrivespe
|
|-weather|Sandstorm|[upkeep]
|-damage|p1a: Iron Valiant|94/100|[from] Sandstorm
|-heal|p2a: Osama Bin Ladin|86/100 psn|[from] item: Leftovers
|-damage|p2a: Osama Bin Ladin|74/100 psn|[from] psn
|upkeep
|turn|5
|
|t:|1776174252
|switch|p2a: Ash|Torkoal, F, shiny|100/100
|-damage|p2a: Ash|75/100|[from] Stealth Rock
|-status|p2a: Ash|tox
|-weather|SunnyDay|[from] ability: Drought|[of] p2a: Ash
|move|p1a: Iron Valiant|Moonblast|p2a: Ash
|-resisted|p2a: Ash
|-damage|p2a: Ash|56/100 tox
|
|-weather|SunnyDay|[upkeep]
|-heal|p2a: Ash|62/100 tox|[from] item: Leftovers
|-damage|p2a: Ash|56/100 tox|[from] psn
|upkeep
|turn|6
|
|t:|1776174263
|move|p1a: Iron Valiant|Shadow Ball|p2a: Ash
|-damage|p2a: Ash|34/100 tox
|-unboost|p2a: Ash|spd|1
|move|p2a: Ash|Rapid Spin|p1a: Iron Valiant
|-damage|p1a: Iron Valiant|83/100
|-boost|p2a: Ash|spe|1
|-sideend|p2: Whole Lotta Doom|Toxic Spikes|[from] move: Rapid Spin|[of] p2a: Ash
|-sideend|p2: Whole Lotta Doom|Stealth Rock|[from] move: Rapid Spin|[of] p2a: Ash
|
|-weather|SunnyDay|[upkeep]
|-heal|p2a: Ash|40/100 tox|[from] item: Leftovers
|-damage|p2a: Ash|28/100 tox|[from] psn
|upkeep
|turn|7
|inactive|Whole Lotta Doom has 120 seconds left.
|
|t:|1776174285
|-end|p1a: Iron Valiant|Quark Drive|[silent]
|switch|p1a: Glimmora|Glimmora, F|49/100
|switch|p2a: Bluntly|Lilligant-Hisui, F, shiny|100/100
|
|-weather|SunnyDay|[upkeep]
|upkeep
|turn|8
|
|t:|1776174293
|move|p2a: Bluntly|Solar Blade||[still]
|-prepare|p2a: Bluntly|Solar Blade
|-anim|p2a: Bluntly|Solar Blade|p1a: Glimmora
|-damage|p1a: Glimmora|0 fnt
|-activate|p1a: Glimmora|ability: Toxic Debris
|-sidestart|p2: Whole Lotta Doom|move: Toxic Spikes
|faint|p1a: Glimmora
|
|-weather|SunnyDay|[upkeep]
|upkeep
|
|t:|1776174298
|switch|p1a: Iron Valiant|Iron Valiant|83/100
|turn|9
|
|t:|1776174313
|move|p2a: Bluntly|Solar Blade||[still]
|-prepare|p2a: Bluntly|Solar Blade
|-anim|p2a: Bluntly|Solar Blade|p1a: Iron Valiant
|-damage|p1a: Iron Valiant|0 fnt
|faint|p1a: Iron Valiant
|-end|p1a: Iron Valiant|Quark Drive|[silent]
|
|-weather|none
|upkeep
|
|t:|1776174322
|switch|p1a: Gholdengo|Gholdengo|100/100
|-item|p1a: Gholdengo|Air Balloon
|turn|10
|c|☆Carmine8739|It so over
|
|t:|1776174334
|switch|p2a: Ash|Torkoal, F, shiny|28/100 tox
|-weather|SunnyDay|[from] ability: Drought|[of] p2a: Ash
|move|p1a: Gholdengo|Nasty Plot|p1a: Gholdengo
|-boost|p1a: Gholdengo|spa|2
|
|-weather|SunnyDay|[upkeep]
|-heal|p2a: Ash|34/100 tox|[from] item: Leftovers
|-damage|p2a: Ash|28/100 tox|[from] psn
|upkeep
|turn|11
|
|t:|1776174341
|move|p1a: Gholdengo|Shadow Ball|p2a: Ash
|-damage|p2a: Ash|0 fnt
|faint|p2a: Ash
|
|-weather|SunnyDay|[upkeep]
|upkeep
|
|t:|1776174353
|switch|p2a: Osama Bin Ladin|Tyranitar, F, shiny|74/100 psn
|-weather|Sandstorm|[from] ability: Sand Stream|[of] p2a: Osama Bin Ladin
|turn|12
|
|t:|1776174356
|move|p1a: Gholdengo|Make It Rain|p2a: Osama Bin Ladin
|-supereffective|p2a: Osama Bin Ladin
|-damage|p2a: Osama Bin Ladin|0 fnt
|-unboost|p1a: Gholdengo|spa|1
|faint|p2a: Osama Bin Ladin
|
|-weather|Sandstorm|[upkeep]
|upkeep
|
|t:|1776174372
|switch|p2a: Khadafi|Excadrill, F, shiny|100/100
|turn|13
|
|t:|1776174376
|move|p2a: Khadafi|Iron Head|p1a: Gholdengo
|-resisted|p1a: Gholdengo
|-damage|p1a: Gholdengo|62/100
|-enditem|p1a: Gholdengo|Air Balloon
|move|p1a: Gholdengo|Shadow Ball|p2a: Khadafi
|-damage|p2a: Khadafi|17/100
|
|-weather|Sandstorm|[upkeep]
|upkeep
|turn|14
|
|t:|1776174394
|switch|p2a: Bluntly|Lilligant-Hisui, F, shiny|100/100
|-status|p2a: Bluntly|psn
|move|p1a: Gholdengo|Shadow Ball|p2a: Bluntly
|-damage|p2a: Bluntly|5/100 psn
|
|-weather|Sandstorm|[upkeep]
|-damage|p2a: Bluntly|0 fnt|[from] Sandstorm
|faint|p2a: Bluntly
|upkeep
|
|t:|1776174398
|switch|p2a: Khadafi|Excadrill, F, shiny|17/100
|turn|15
|
|t:|1776174400
|move|p2a: Khadafi|Earthquake|p1a: Gholdengo
|-supereffective|p1a: Gholdengo
|-damage|p1a: Gholdengo|0 fnt
|faint|p1a: Gholdengo
|
|-weather|Sandstorm|[upkeep]
|upkeep
|
|t:|1776174403
|switch|p1a: Tiga|Inteleon, M|100/100
|turn|16
|
|t:|1776174408
|move|p2a: Khadafi|Earthquake|p1a: Tiga
|-damage|p1a: Tiga|0 fnt
|faint|p1a: Tiga
|
|-weather|none
|upkeep
|
|t:|1776174411
|switch|p1a: Great Tusk|Great Tusk|100/100
|turn|17
|
|t:|1776174417
|move|p2a: Khadafi|Earthquake|p1a: Great Tusk
|-damage|p1a: Great Tusk|62/100
|move|p1a: Great Tusk|Earthquake|p2a: Khadafi
|-supereffective|p2a: Khadafi
|-crit|p2a: Khadafi
|-damage|p2a: Khadafi|0 fnt
|faint|p2a: Khadafi
|
|-heal|p1a: Great Tusk|68/100|[from] item: Leftovers
|upkeep
|
|t:|1776174422
|switch|p2a: Under The Sea|Pelipper, F, shiny|100/100
|-weather|RainDance|[from] ability: Drizzle|[of] p2a: Under The Sea
|turn|18
|
|t:|1776174434
|move|p1a: Great Tusk|Knock Off|p2a: Under The Sea
|-damage|p2a: Under The Sea|69/100
|-enditem|p2a: Under The Sea|Damp Rock|[from] move: Knock Off|[of] p1a: Great Tusk
|move|p2a: Under The Sea|Hurricane|p1a: Great Tusk
|-supereffective|p1a: Great Tusk
|-damage|p1a: Great Tusk|0 fnt
|faint|p1a: Great Tusk
|-end|p1a: Great Tusk|Protosynthesis|[silent]
|
|-weather|RainDance|[upkeep]
|upkeep
|
|t:|1776174440
|switch|p1a: Kingambit|Kingambit, M|100/100
|-activate|p1a: Kingambit|ability: Supreme Overlord
|-start|p1a: Kingambit|fallen5|[silent]
|turn|19
|
|t:|1776174447
|move|p1a: Kingambit|Swords Dance|p1a: Kingambit
|-boost|p1a: Kingambit|atk|2
|move|p2a: Under The Sea|Hurricane|p1a: Kingambit
|-resisted|p1a: Kingambit
|-damage|p1a: Kingambit|71/100
|
|-weather|RainDance|[upkeep]
|upkeep
|turn|20
|
|t:|1776174453
|move|p1a: Kingambit|Kowtow Cleave|p2a: Under The Sea
|-damage|p2a: Under The Sea|0 fnt
|faint|p2a: Under The Sea
|
|-weather|RainDance|[upkeep]
|upkeep
|
|t:|1776174456
|switch|p2a: Barbecue|Barraskewda, F, shiny|100/100
|-status|p2a: Barbecue|psn
|turn|21
|
|t:|1776174466
|move|p1a: Kingambit|Sucker Punch|p2a: Barbecue
|-damage|p2a: Barbecue|0 fnt
|faint|p2a: Barbecue
|
|win|Carmine8739
|raw|Carmine8739's rating: 1143 &rarr; <strong>1168</strong><br />(+25 for winning)
|raw|Whole Lotta Doom's rating: 1143 &rarr; <strong>1118</strong><br />(-25 for losing)
|l|☆Whole Lotta Doom
|player|p2|
|l| stephenmeek110
