|html|<div class="broadcast-blue"><strong>[Gen 9] OU is currently suspecting Tera Blast! For information on how to participate check out the <a href="https://www.smogon.com/tools/suspects/view/200">suspect thread</a>.</strong></div>
|j|☆zinnogre
|j|☆rex278
|t:|1776057387
|gametype|singles
|player|p1|zinnogre|steven|1140
|player|p2|rex278|ruinmaniac|1147
|gen|9
|tier|[Gen 9] OU
|rated|
|rule|HP Percentage Mod: HP is shown in percentages
|rule|Endless Battle Clause: Forcing endless battles is banned
|rule|Species Clause: Limit one of each Pokémon
|rule|OHKO Clause: OHKO moves are banned
|rule|Evasion Items Clause: Evasion items are banned
|rule|Evasion Moves Clause: Evasion moves are banned
|rule|Evasion Abilities Clause: Evasion abilities are banned
|rule|Sleep Moves Clause: Sleep-inducing moves are banned
|clearpoke
|poke|p1|Garchomp, M|
|poke|p1|Great Tusk|
|poke|p1|Galvantula, M|
|poke|p1|Tyranitar, M|
|poke|p1|Meowscarada, M|
|poke|p1|Iron Moth|
|poke|p2|Porygon2|
|poke|p2|Walking Wake|
|poke|p2|Infernape, M|
|poke|p2|Vileplume, M|
|poke|p2|Weavile, M|
|poke|p2|Kingambit, F|
|teampreview
|
|t:|1776057393
|teamsize|p1|6
|teamsize|p2|6
|start
|switch|p1a: Galvantula|Galvantula, M|100/100
|switch|p2a: Porygon2|Porygon2|100/100
|-ability|p2a: Porygon2|Download|boost
|-boost|p2a: Porygon2|spa|1
|turn|1
|
|t:|1776057401
|move|p1a: Galvantula|Thunder Wave|p2a: Porygon2
|-status|p2a: Porygon2|par
|move|p2a: Porygon2|Shadow Ball|p1a: Galvantula
|-damage|p1a: Galvantula|27/100
|
|upkeep
|turn|2
|
|t:|1776057409
|move|p1a: Galvantula|Sticky Web|p2a: Porygon2
|-sidestart|p2: rex278|move: Sticky Web
|move|p2a: Porygon2|Shadow Ball|p1a: Galvantula
|-damage|p1a: Galvantula|0 fnt
|faint|p1a: Galvantula
|
|upkeep
|
|t:|1776057429
|switch|p1a: Garchomp|Garchomp, M|100/100
|turn|3
|
|t:|1776057433
|move|p1a: Garchomp|Swords Dance|p1a: Garchomp
|-boost|p1a: Garchomp|atk|2
|move|p2a: Porygon2|Ice Beam|p1a: Garchomp
|-supereffective|p1a: Garchomp
|-damage|p1a: Garchomp|0 fnt
|faint|p1a: Garchomp
|
|upkeep
|
|t:|1776057441
|switch|p1a: Tyranitar|Tyranitar, M|100/100
|-weather|Sandstorm|[from] ability: Sand Stream|[of] p1a: Tyranitar
|turn|4
|
|t:|1776057450
|move|p1a: Tyranitar|Dragon Dance|p1a: Tyranitar
|-boost|p1a: Tyranitar|atk|1
|-boost|p1a: Tyranitar|spe|1
|move|p2a: Porygon2|Thunderbolt|p1a: Tyranitar
|-damage|p1a: Tyranitar|72/100
|
|-weather|Sandstorm|[upkeep]
|-damage|p2a: Porygon2|95/100 par|[from] Sandstorm
|-heal|p1a: Tyranitar|78/100|[from] item: Leftovers
|upkeep
|turn|5
|
|t:|1776057461
|move|p1a: Tyranitar|Stone Edge|p2a: Porygon2
|-crit|p2a: Porygon2
|-damage|p2a: Porygon2|0 fnt
|faint|p2a: Porygon2
|
|-weather|Sandstorm|[upkeep]
|-heal|p1a: Tyranitar|84/100|[from] item: Leftovers
|upkeep
|
|t:|1776057472
|switch|p2a: Kingambit|Kingambit, F|100/100
|-activate|p2a: Kingambit|move: Sticky Web
|-unboost|p2a: Kingambit|spe|1
|-activate|p2a: Kingambit|ability: Supreme Overlord
|-start|p2a: Kingambit|fallen1|[silent]
|turn|6
|
|t:|1776057479
|-terastallize|p1a: Tyranitar|Water
|move|p1a: Tyranitar|Fire Punch|p2a: Kingambit
|-supereffective|p2a: Kingambit
|-damage|p2a: Kingambit|35/100
|move|p2a: Kingambit|Iron Head|p1a: Tyranitar
|-resisted|p1a: Tyranitar
|-damage|p1a: Tyranitar|63/100
|
|-weather|Sandstorm|[upkeep]
|-damage|p1a: Tyranitar|57/100|[from] Sandstorm
|-heal|p1a: Tyranitar|63/100|[from] item: Leftovers
|upkeep
|turn|7
|
|t:|1776057494
|move|p2a: Kingambit|Sucker Punch|p1a: Tyranitar
|-damage|p1a: Tyranitar|12/100
|move|p1a: Tyranitar|Fire Punch|p2a: Kingambit
|-supereffective|p2a: Kingambit
|-damage|p2a: Kingambit|0 fnt
|faint|p2a: Kingambit
|-end|p2a: Kingambit|fallen1|[silent]
|
|-weather|Sandstorm|[upkeep]
|-damage|p1a: Tyranitar|5/100|[from] Sandstorm
|-heal|p1a: Tyranitar|12/100|[from] item: Leftovers
|upkeep
|
|t:|1776057506
|switch|p2a: Weavile|Weavile, M|100/100
|-activate|p2a: Weavile|move: Sticky Web
|-unboost|p2a: Weavile|spe|1
|-ability|p2a: Weavile|Pressure
|turn|8
|
|t:|1776057513
|move|p2a: Weavile|Fake Out|p1a: Tyranitar
|-damage|p1a: Tyranitar|0 fnt
|faint|p1a: Tyranitar
|
|-weather|none
|upkeep
|
|t:|1776057523
|switch|p1a: Iron Moth|Iron Moth|100/100
|-enditem|p1a: Iron Moth|Booster Energy
|-activate|p1a: Iron Moth|ability: Quark Drive|[fromitem]
|-start|p1a: Iron Moth|quarkdrivespa
|turn|9
|
|t:|1776057531
|move|p1a: Iron Moth|Fiery Dance|p2a: Weavile
|-supereffective|p2a: Weavile
|-enditem|p2a: Weavile|Focus Sash
|-damage|p2a: Weavile|1/100
|move|p2a: Weavile|Knock Off|p1a: Iron Moth
|-damage|p1a: Iron Moth|44/100
|
|upkeep
|turn|10
|
|t:|1776057541
|move|p2a: Weavile|Ice Shard|p1a: Iron Moth
|-resisted|p1a: Iron Moth
|-damage|p1a: Iron Moth|26/100
|move|p1a: Iron Moth|Fiery Dance|p2a: Weavile
|-supereffective|p2a: Weavile
|-crit|p2a: Weavile
|-damage|p2a: Weavile|0 fnt
|-boost|p1a: Iron Moth|spa|1
|faint|p2a: Weavile
|
|upkeep
|
|t:|1776057552
|switch|p2a: Walking Wake|Walking Wake|100/100
|-activate|p2a: Walking Wake|move: Sticky Web
|-unboost|p2a: Walking Wake|spe|1
|-enditem|p2a: Walking Wake|Booster Energy
|-activate|p2a: Walking Wake|ability: Protosynthesis|[fromitem]
|-start|p2a: Walking Wake|protosynthesisspa
|turn|11
|
|t:|1776057561
|move|p1a: Iron Moth|Energy Ball|p2a: Walking Wake
|-damage|p2a: Walking Wake|42/100
|move|p2a: Walking Wake|Hydro Steam|p1a: Iron Moth
|-supereffective|p1a: Iron Moth
|-damage|p1a: Iron Moth|0 fnt
|faint|p1a: Iron Moth
|-end|p1a: Iron Moth|Quark Drive|[silent]
|
|upkeep
|
|t:|1776057569
|switch|p1a: Meowscarada|Meowscarada, M|100/100
|turn|12
|
|t:|1776057579
|move|p2a: Walking Wake|Aqua Jet|p1a: Meowscarada
|-resisted|p1a: Meowscarada
|-damage|p1a: Meowscarada|92/100
|move|p1a: Meowscarada|Play Rough|p2a: Walking Wake
|-start|p1a: Meowscarada|typechange|Fairy|[from] ability: Protean
|-supereffective|p2a: Walking Wake
|-damage|p2a: Walking Wake|0 fnt
|faint|p2a: Walking Wake
|-end|p2a: Walking Wake|Protosynthesis|[silent]
|-damage|p1a: Meowscarada|82/100|[from] item: Life Orb
|
|upkeep
|
|t:|1776057592
|switch|p2a: Vileplume|Vileplume, M|100/100
|-activate|p2a: Vileplume|move: Sticky Web
|-unboost|p2a: Vileplume|spe|1
|turn|13
|
|t:|1776057599
|move|p1a: Meowscarada|Triple Axel|p2a: Vileplume
|-supereffective|p2a: Vileplume
|-damage|p2a: Vileplume|82/100
|-supereffective|p2a: Vileplume
|-damage|p2a: Vileplume|50/100
|-supereffective|p2a: Vileplume
|-damage|p2a: Vileplume|4/100
|-hitcount|p2a: Vileplume|3
|-damage|p1a: Meowscarada|73/100|[from] item: Life Orb
|move|p2a: Vileplume|Sludge Bomb|p1a: Meowscarada
|-supereffective|p1a: Meowscarada
|-damage|p1a: Meowscarada|0 fnt
|faint|p1a: Meowscarada
|
|upkeep
|
|t:|1776057611
|switch|p1a: Great Tusk|Great Tusk|100/100
|-enditem|p1a: Great Tusk|Booster Energy
|-activate|p1a: Great Tusk|ability: Protosynthesis|[fromitem]
|-start|p1a: Great Tusk|protosynthesisdef
|turn|14
|
|t:|1776057617
|move|p1a: Great Tusk|Rapid Spin|p2a: Vileplume
|-damage|p2a: Vileplume|0 fnt
|-boost|p1a: Great Tusk|spe|1
|faint|p2a: Vileplume
|
|upkeep
|
|t:|1776057623
|switch|p2a: Infernape|Infernape, M|100/100
|-activate|p2a: Infernape|move: Sticky Web
|-unboost|p2a: Infernape|spe|1
|turn|15
|
|t:|1776057628
|move|p2a: Infernape|Fake Out|p1a: Great Tusk
|-damage|p1a: Great Tusk|95/100
|cant|p1a: Great Tusk|flinch
|
|upkeep
|turn|16
|
|t:|1776057636
|-terastallize|p2a: Infernape|Fighting
|move|p1a: Great Tusk|Earthquake|p2a: Infernape
|-damage|p2a: Infernape|31/100
|move|p2a: Infernape|Drain Punch|p1a: Great Tusk
|-damage|p1a: Great Tusk|69/100
|-heal|p2a: Infernape|49/100|[from] drain|[of] p1a: Great Tusk
|
|upkeep
|turn|17
|
|t:|1776057646
|move|p1a: Great Tusk|Earthquake|p2a: Infernape
|-damage|p2a: Infernape|0 fnt
|faint|p2a: Infernape
|
|win|zinnogre
|raw|zinnogre's rating: 1140 &rarr; <strong>1166</strong><br />(+26 for winning)
|raw|rex278's rating: 1147 &rarr; <strong>1121</strong><br />(-26 for losing)
|l|☆zinnogre
|player|p1|
|l|☆rex278
|player|p2|
