|html|<div class="broadcast-blue"><strong>[Gen 9] OU is currently suspecting Volcarona! For information on how to participate check out the <a href="https://www.smogon.com/tools/suspects/view/208">suspect thread</a>.</strong></div>
|j|☆Kristianna
|j|☆Zervifinem
|t:|1778507075
|gametype|singles
|player|p1|Kristianna|266|1162
|player|p2|Zervifinem|101|1160
|gen|9
|tier|[Gen 9] OU
|rated|
|rule|HP Percentage Mod: HP is shown in percentages
|rule|Endless Battle Clause: Forcing endless battles is banned
|rule|Species Clause: Limit one of each Pokémon
|rule|OHKO Clause: OHKO moves are banned
|rule|Evasion Items Clause: Evasion items are banned
|rule|Evasion Moves Clause: Evasion moves are banned
|rule|Evasion Abilities Clause: Evasion abilities are banned
|rule|Sleep Moves Clause: Sleep-inducing moves are banned
|clearpoke
|poke|p1|Comfey, F|
|poke|p1|Regieleki|
|poke|p1|Quaquaval, F|
|poke|p1|Heatran, M|
|poke|p1|Hydrapple, F|
|poke|p1|Gliscor, F|
|poke|p2|Arcanine-Hisui, F|
|poke|p2|Braviary-Hisui, M|
|poke|p2|Electrode-Hisui|
|poke|p2|Overqwil, M|
|poke|p2|Basculegion, M|
|poke|p2|Goodra-Hisui, F|
|teampreview
|inactive|Battle timer is ON: inactive players will automatically lose when time's up. (requested by Zervifinem)
|inactive|Kristianna also wants the timer to be on.
|
|t:|1778507087
|teamsize|p1|6
|teamsize|p2|6
|start
|switch|p1a: Gliscor|Gliscor, F|100/100
|switch|p2a: Goodra|Goodra-Hisui, F, shiny|100/100
|turn|1
|
|t:|1778507092
|move|p1a: Gliscor|Stealth Rock|p2a: Goodra
|-sidestart|p2: Zervifinem|move: Stealth Rock
|move|p2a: Goodra|Ice Beam|p1a: Gliscor
|-supereffective|p1a: Gliscor
|-damage|p1a: Gliscor|0 fnt
|faint|p1a: Gliscor
|
|upkeep
|
|t:|1778507100
|switch|p1a: Quaquaval|Quaquaval, F|100/100
|turn|2
|
|t:|1778507106
|move|p1a: Quaquaval|U-turn|p2a: Goodra
|-resisted|p2a: Goodra
|-damage|p2a: Goodra|87/100
|-ability|p2a: Goodra|Gooey
|-unboost|p1a: Quaquaval|spe|1
|-damage|p1a: Quaquaval|91/100|[from] item: Life Orb
|
|t:|1778507112
|switch|p1a: Comfey|Comfey, F|100/100|[from] U-turn
|move|p2a: Goodra|Acid Armor|p2a: Goodra
|-boost|p2a: Goodra|def|2
|
|-heal|p2a: Goodra|93/100|[from] item: Leftovers
|upkeep
|turn|3
|
|t:|1778507119
|move|p1a: Comfey|Leech Seed|p2a: Goodra
|-start|p2a: Goodra|move: Leech Seed
|move|p2a: Goodra|Flash Cannon|p1a: Comfey
|-supereffective|p1a: Comfey
|-damage|p1a: Comfey|16/100
|
|-heal|p1a: Comfey|22/100|[from] item: Leftovers
|-heal|p2a: Goodra|99/100|[from] item: Leftovers
|-damage|p2a: Goodra|87/100|[from] Leech Seed|[of] p1a: Comfey
|-heal|p1a: Comfey|40/100|[silent]
|upkeep
|turn|4
|
|t:|1778507127
|switch|p1a: Quaquaval|Quaquaval, F|91/100
|move|p2a: Goodra|Flash Cannon|p1a: Quaquaval
|-resisted|p1a: Quaquaval
|-damage|p1a: Quaquaval|61/100
|
|-heal|p2a: Goodra|93/100|[from] item: Leftovers
|-damage|p2a: Goodra|81/100|[from] Leech Seed|[of] p1a: Quaquaval
|-heal|p1a: Quaquaval|75/100|[silent]
|upkeep
|turn|5
|
|t:|1778507136
|move|p1a: Quaquaval|Close Combat|p2a: Goodra
|-supereffective|p2a: Goodra
|-damage|p2a: Goodra|5/100
|-unboost|p1a: Quaquaval|def|1
|-unboost|p1a: Quaquaval|spd|1
|-ability|p2a: Goodra|Gooey
|-unboost|p1a: Quaquaval|spe|1
|-damage|p1a: Quaquaval|65/100|[from] item: Life Orb
|move|p2a: Goodra|Acid Armor|p2a: Goodra
|-boost|p2a: Goodra|def|2
|
|-heal|p2a: Goodra|11/100|[from] item: Leftovers
|-damage|p2a: Goodra|0 fnt|[from] Leech Seed|[of] p1a: Quaquaval
|-heal|p1a: Quaquaval|77/100|[silent]
|faint|p2a: Goodra
|upkeep
|
|t:|1778507153
|switch|p2a: Basculegion|Basculegion, M, shiny|100/100
|-damage|p2a: Basculegion|88/100|[from] Stealth Rock
|turn|6
|
|t:|1778507159
|switch|p1a: Hydrapple|Hydrapple, F|100/100
|move|p2a: Basculegion|Psychic Fangs|p1a: Hydrapple
|-damage|p1a: Hydrapple|86/100
|-damage|p2a: Basculegion|71/100|[from] item: Rocky Helmet|[of] p1a: Hydrapple
|
|upkeep
|turn|7
|
|t:|1778507170
|move|p2a: Basculegion|Ice Fang|p1a: Hydrapple
|-supereffective|p1a: Hydrapple
|-damage|p1a: Hydrapple|38/100
|-damage|p2a: Basculegion|55/100|[from] item: Rocky Helmet|[of] p1a: Hydrapple
|move|p1a: Hydrapple|Earth Power|p2a: Basculegion
|-crit|p2a: Basculegion
|-damage|p2a: Basculegion|31/100
|
|upkeep
|turn|8
|
|t:|1778507178
|switch|p1a: Quaquaval|Quaquaval, F|77/100
|move|p2a: Basculegion|Ice Fang|p1a: Quaquaval
|-resisted|p1a: Quaquaval
|-crit|p1a: Quaquaval
|-damage|p1a: Quaquaval|55/100
|-status|p1a: Quaquaval|frz
|
|upkeep
|turn|9
|
|t:|1778507186
|cant|p1a: Quaquaval|frz
|move|p2a: Basculegion|Psychic Fangs|p1a: Quaquaval
|-supereffective|p1a: Quaquaval
|-damage|p1a: Quaquaval|0 fnt
|faint|p1a: Quaquaval
|
|upkeep
|
|t:|1778507190
|switch|p1a: Comfey|Comfey, F|40/100
|turn|10
|
|t:|1778507206
|move|p1a: Comfey|Giga Drain|p2a: Basculegion
|-supereffective|p2a: Basculegion
|-damage|p2a: Basculegion|5/100
|-heal|p1a: Comfey|65/100|[from] drain|[of] p2a: Basculegion
|move|p2a: Basculegion|Phantom Force||[still]
|-prepare|p2a: Basculegion|Phantom Force
|
|-heal|p1a: Comfey|71/100|[from] item: Leftovers
|upkeep
|turn|11
|
|t:|1778507214
|move|p1a: Comfey|Giga Drain|p2a: Basculegion|[miss]
|-miss|p1a: Comfey|p2a: Basculegion
|move|p2a: Basculegion|Phantom Force|p1a: Comfey|[from] lockedmove
|-damage|p1a: Comfey|0 fnt
|faint|p1a: Comfey
|
|upkeep
|
|t:|1778507219
|switch|p1a: Regieleki|Regieleki|100/100
|turn|12
|
|t:|1778507234
|move|p1a: Regieleki|Thunderbolt|p2a: Basculegion
|-supereffective|p2a: Basculegion
|-damage|p2a: Basculegion|0 fnt
|faint|p2a: Basculegion
|
|upkeep
|
|t:|1778507242
|switch|p2a: Overqwil|Overqwil, M, shiny|100/100
|-damage|p2a: Overqwil|88/100|[from] Stealth Rock
|turn|13
|
|t:|1778507248
|switch|p1a: Heatran|Heatran, M|100/100
|-item|p1a: Heatran|Air Balloon
|move|p2a: Overqwil|Barb Barrage|p1a: Heatran
|-immune|p1a: Heatran
|
|upkeep
|turn|14
|
|t:|1778507256
|move|p2a: Overqwil|Aqua Jet|p1a: Heatran
|-supereffective|p1a: Heatran
|-damage|p1a: Heatran|78/100
|-enditem|p1a: Heatran|Air Balloon
|move|p1a: Heatran|Will-O-Wisp|p2a: Overqwil
|-status|p2a: Overqwil|brn
|
|-damage|p2a: Overqwil|82/100 brn|[from] brn
|upkeep
|turn|15
|
|t:|1778507269
|move|p2a: Overqwil|Aqua Jet|p1a: Heatran
|-supereffective|p1a: Heatran
|-damage|p1a: Heatran|66/100
|move|p1a: Heatran|Lava Plume|p2a: Overqwil
|-damage|p2a: Overqwil|50/100 brn
|
|-damage|p2a: Overqwil|44/100 brn|[from] brn
|upkeep
|turn|16
|
|t:|1778507281
|switch|p2a: Arcanine|Arcanine-Hisui, F, shiny|100/100
|-damage|p2a: Arcanine|76/100|[from] Stealth Rock
|-item|p2a: Arcanine|Air Balloon
|move|p1a: Heatran|Lava Plume|p2a: Arcanine
|-resisted|p2a: Arcanine
|-damage|p2a: Arcanine|66/100
|-enditem|p2a: Arcanine|Air Balloon
|
|upkeep
|turn|17
|
|t:|1778507294
|switch|p1a: Hydrapple|Hydrapple, F|72/100
|move|p2a: Arcanine|Head Smash|p1a: Hydrapple
|-damage|p1a: Hydrapple|32/100
|-damage|p2a: Arcanine|49/100|[from] item: Rocky Helmet|[of] p1a: Hydrapple
|
|upkeep
|turn|18
|
|t:|1778507305
|move|p2a: Arcanine|Flare Blitz|p1a: Hydrapple
|-damage|p1a: Hydrapple|0 fnt
|-damage|p2a: Arcanine|33/100|[from] item: Rocky Helmet|[of] p1a: Hydrapple
|faint|p1a: Hydrapple
|
|upkeep
|
|t:|1778507309
|switch|p1a: Regieleki|Regieleki|100/100
|turn|19
|
|t:|1778507313
|move|p2a: Arcanine|Extreme Speed|p1a: Regieleki
|-damage|p1a: Regieleki|40/100
|move|p1a: Regieleki|Thunderbolt|p2a: Arcanine
|-damage|p2a: Arcanine|0 fnt
|faint|p2a: Arcanine
|
|upkeep
|
|t:|1778507320
|switch|p2a: Electrode|Electrode-Hisui, shiny|100/100
|-damage|p2a: Electrode|88/100|[from] Stealth Rock
|turn|20
|
|t:|1778507325
|switch|p1a: Heatran|Heatran, M|66/100
|move|p2a: Electrode|Chloroblast|p1a: Heatran
|-resisted|p1a: Heatran
|-damage|p1a: Heatran|55/100
|-damage|p2a: Electrode|38/100|[from] Recoil
|-damage|p2a: Electrode|28/100|[from] item: Life Orb
|
|upkeep
|turn|21
|
|t:|1778507346
|-terastallize|p2a: Electrode|Normal
|move|p2a: Electrode|Self-Destruct|p1a: Heatran
|-resisted|p1a: Heatran
|-damage|p1a: Heatran|37/100
|faint|p2a: Electrode
|move|p1a: Heatran|Lava Plume|p2: Electrode|[notarget]
|-fail|p1a: Heatran
|
|upkeep
|
|t:|1778507354
|switch|p2a: Braviary|Braviary-Hisui, M, shiny|100/100
|-damage|p2a: Braviary|76/100|[from] Stealth Rock
|turn|22
|
|t:|1778507362
|move|p2a: Braviary|Vacuum Wave|p1a: Heatran
|-supereffective|p1a: Heatran
|-damage|p1a: Heatran|19/100
|move|p1a: Heatran|Lava Plume|p2a: Braviary
|-damage|p2a: Braviary|37/100
|-status|p2a: Braviary|brn
|
|-heal|p2a: Braviary|43/100 brn|[from] item: Leftovers
|-damage|p2a: Braviary|37/100 brn|[from] brn
|upkeep
|turn|23
|
|t:|1778507371
|move|p2a: Braviary|Vacuum Wave|p1a: Heatran
|-supereffective|p1a: Heatran
|-damage|p1a: Heatran|3/100
|move|p1a: Heatran|Lava Plume|p2a: Braviary
|-damage|p2a: Braviary|2/100 brn
|
|-heal|p2a: Braviary|8/100 brn|[from] item: Leftovers
|-damage|p2a: Braviary|2/100 brn|[from] brn
|upkeep
|turn|24
|
|t:|1778507379
|move|p2a: Braviary|Vacuum Wave|p1a: Heatran
|-supereffective|p1a: Heatran
|-damage|p1a: Heatran|0 fnt
|faint|p1a: Heatran
|
|-heal|p2a: Braviary|8/100 brn|[from] item: Leftovers
|-damage|p2a: Braviary|2/100 brn|[from] brn
|upkeep
|
|t:|1778507381
|switch|p1a: Regieleki|Regieleki|40/100
|turn|25
|
|t:|1778507388
|move|p1a: Regieleki|Extreme Speed|p2a: Braviary
|-damage|p2a: Braviary|0 fnt
|faint|p2a: Braviary
|
|upkeep
|
|t:|1778507392
|switch|p2a: Overqwil|Overqwil, M, shiny|44/100 brn
|-damage|p2a: Overqwil|32/100 brn|[from] Stealth Rock
|turn|26
|
|t:|1778507396
|move|p1a: Regieleki|Thunderbolt|p2a: Overqwil
|-damage|p2a: Overqwil|0 fnt
|faint|p2a: Overqwil
|
|win|Kristianna
|raw|Kristianna's rating: 1162 &rarr; <strong>1187</strong><br />(+25 for winning)
|raw|Zervifinem's rating: 1160 &rarr; <strong>1135</strong><br />(-25 for losing)
|l|☆Zervifinem
|player|p2|
|l|☆Kristianna
|player|p1|
