|html|<div class="broadcast-blue"><strong>[Gen 9] OU is currently suspecting Tera Blast! For information on how to participate check out the <a href="https://www.smogon.com/tools/suspects/view/200">suspect thread</a>.</strong></div>
|j|☆Elmonelio
|j|☆Allsopp
|t:|1776077935
|gametype|singles
|player|p1|Elmonelio|ethan|1145
|player|p2|Allsopp|dawn|1146
|gen|9
|tier|[Gen 9] OU
|rated|
|rule|HP Percentage Mod: HP is shown in percentages
|rule|Endless Battle Clause: Forcing endless battles is banned
|rule|Species Clause: Limit one of each Pokémon
|rule|OHKO Clause: OHKO moves are banned
|rule|Evasion Items Clause: Evasion items are banned
|rule|Evasion Moves Clause: Evasion moves are banned
|rule|Evasion Abilities Clause: Evasion abilities are banned
|rule|Sleep Moves Clause: Sleep-inducing moves are banned
|clearpoke
|poke|p1|Zapdos|
|poke|p1|Tauros-Paldea-Aqua, M|
|poke|p1|Skeledirge, F|
|poke|p1|Meowscarada, M|
|poke|p1|Mamoswine, M|
|poke|p1|Salamence, M|
|poke|p2|Gholdengo|
|poke|p2|Torterra, F|
|poke|p2|Alomomola, M|
|poke|p2|Arcanine-Hisui, M|
|poke|p2|Dragonite, M|
|poke|p2|Weezing-Galar, F|
|teampreview
|
|t:|1776077939
|teamsize|p1|6
|teamsize|p2|6
|start
|switch|p1a: Mamoswine|Mamoswine, M|100/100
|switch|p2a: Torterra|Torterra, F|100/100
|turn|1
|inactive|Battle timer is ON: inactive players will automatically lose when time's up. (requested by Allsopp)
|
|t:|1776077945
|-terastallize|p2a: Torterra|Water
|move|p2a: Torterra|Shell Smash|p2a: Torterra
|-unboost|p2a: Torterra|def|1
|-unboost|p2a: Torterra|spd|1
|-boost|p2a: Torterra|atk|2
|-boost|p2a: Torterra|spa|2
|-boost|p2a: Torterra|spe|2
|-enditem|p2a: Torterra|White Herb
|-clearnegativeboost|p2a: Torterra|[silent]
|move|p1a: Mamoswine|Icicle Spear|p2a: Torterra
|-resisted|p2a: Torterra
|-damage|p2a: Torterra|94/100
|-resisted|p2a: Torterra
|-damage|p2a: Torterra|87/100
|-resisted|p2a: Torterra
|-damage|p2a: Torterra|80/100
|-resisted|p2a: Torterra
|-damage|p2a: Torterra|73/100
|-hitcount|p2a: Torterra|4
|
|upkeep
|turn|2
|j| Diepnogc
|
|t:|1776077962
|switch|p1a: Zapdos|Zapdos|100/100
|move|p2a: Torterra|Earthquake|p1a: Zapdos
|-immune|p1a: Zapdos
|
|upkeep
|turn|3
|
|t:|1776077969
|move|p2a: Torterra|Rock Slide|p1a: Zapdos|[miss]
|-miss|p2a: Torterra|p1a: Zapdos
|move|p1a: Zapdos|Thunderbolt|p2a: Torterra
|-supereffective|p2a: Torterra
|-damage|p2a: Torterra|0 fnt
|faint|p2a: Torterra
|
|upkeep
|
|t:|1776077978
|switch|p2a: Arcanine|Arcanine-Hisui, M|100/100
|turn|4
|
|t:|1776077984
|switch|p1a: Tauros|Tauros-Paldea-Aqua, M|100/100
|-ability|p1a: Tauros|Intimidate|boost
|-unboost|p2a: Arcanine|atk|1
|move|p2a: Arcanine|Head Smash|p1a: Tauros
|-resisted|p1a: Tauros
|-damage|p1a: Tauros|75/100
|-damage|p2a: Arcanine|84/100|[from] item: Rocky Helmet|[of] p1a: Tauros
|
|upkeep
|turn|5
|
|t:|1776077994
|switch|p2a: Dragonite|Dragonite, M|100/100
|move|p1a: Tauros|Bulk Up|p1a: Tauros
|-boost|p1a: Tauros|atk|1
|-boost|p1a: Tauros|def|1
|
|upkeep
|turn|6
|
|t:|1776078002
|move|p1a: Tauros|Close Combat|p2a: Dragonite
|-resisted|p2a: Dragonite
|-damage|p2a: Dragonite|82/100
|-unboost|p1a: Tauros|def|1
|-unboost|p1a: Tauros|spd|1
|move|p2a: Dragonite|Dragon Tail|p1a: Tauros
|-damage|p1a: Tauros|33/100
|-damage|p2a: Dragonite|65/100|[from] item: Rocky Helmet|[of] p1a: Tauros
|drag|p1a: Salamence|Salamence, M|100/100
|-ability|p1a: Salamence|Intimidate|boost
|-unboost|p2a: Dragonite|atk|1
|
|-heal|p2a: Dragonite|71/100|[from] item: Leftovers
|upkeep
|turn|7
|
|t:|1776078017
|move|p1a: Salamence|Dragon Claw|p2a: Dragonite
|-supereffective|p2a: Dragonite
|-damage|p2a: Dragonite|0 fnt
|faint|p2a: Dragonite
|
|upkeep
|
|t:|1776078024
|switch|p2a: Gholdengo|Gholdengo|100/100
|-item|p2a: Gholdengo|Air Balloon
|turn|8
|
|t:|1776078035
|-terastallize|p1a: Salamence|Steel
|move|p1a: Salamence|Iron Head|p2a: Gholdengo
|-resisted|p2a: Gholdengo
|-damage|p2a: Gholdengo|76/100
|-enditem|p2a: Gholdengo|Air Balloon
|move|p2a: Gholdengo|Make It Rain|p1a: Salamence
|-resisted|p1a: Salamence
|-damage|p1a: Salamence|64/100
|-unboost|p2a: Gholdengo|spa|1
|
|upkeep
|turn|9
|
|t:|1776078047
|move|p1a: Salamence|Dragon Dance|p1a: Salamence
|-boost|p1a: Salamence|atk|1
|-boost|p1a: Salamence|spe|1
|move|p2a: Gholdengo|Nasty Plot|p2a: Gholdengo
|-boost|p2a: Gholdengo|spa|2
|
|upkeep
|turn|10
|
|t:|1776078054
|move|p1a: Salamence|Earthquake|p2a: Gholdengo
|-supereffective|p2a: Gholdengo
|-damage|p2a: Gholdengo|0 fnt
|faint|p2a: Gholdengo
|
|upkeep
|
|t:|1776078059
|switch|p2a: Arcanine|Arcanine-Hisui, M|84/100
|turn|11
|
|t:|1776078064
|move|p1a: Salamence|Earthquake|p2a: Arcanine
|-supereffective|p2a: Arcanine
|-damage|p2a: Arcanine|0 fnt
|faint|p2a: Arcanine
|
|upkeep
|c|☆Allsopp|ggs
|c|☆Allsopp|Poor luck with rock slide
|-message|Allsopp forfeited.
|
|win|Elmonelio
|raw|Elmonelio's rating: 1145 &rarr; <strong>1170</strong><br />(+25 for winning)
|raw|Allsopp's rating: 1146 &rarr; <strong>1121</strong><br />(-25 for losing)
|l|☆Allsopp
|player|p2|
|l|☆Elmonelio
|player|p1|
|l| Diepnogc
