|html|<div class="broadcast-blue"><strong>[Gen 9] OU is currently suspecting Volcarona! For information on how to participate check out the <a href="https://www.smogon.com/tools/suspects/view/208">suspect thread</a>.</strong></div>
|j|☆jhfsjdhfksjdhf
|j|☆by nicole
|t:|1778507270
|gametype|singles
|player|p1|jhfsjdhfksjdhf|265|1478
|player|p2|by nicole|dawn-gen4pt|1480
|gen|9
|tier|[Gen 9] OU
|rated|
|rule|HP Percentage Mod: HP is shown in percentages
|rule|Endless Battle Clause: Forcing endless battles is banned
|rule|Species Clause: Limit one of each Pokémon
|rule|OHKO Clause: OHKO moves are banned
|rule|Evasion Items Clause: Evasion items are banned
|rule|Evasion Moves Clause: Evasion moves are banned
|rule|Evasion Abilities Clause: Evasion abilities are banned
|rule|Sleep Moves Clause: Sleep-inducing moves are banned
|clearpoke
|poke|p1|Ribombee, F|
|poke|p1|Gholdengo|
|poke|p1|Dragonite, F|
|poke|p1|Darkrai|
|poke|p1|Primeape, F|
|poke|p1|Landorus-Therian, M|
|poke|p2|Crawdaunt, M|
|poke|p2|Iron Treads|
|poke|p2|Zapdos|
|poke|p2|Slowking-Galar, F|
|poke|p2|Kyurem|
|poke|p2|Cinderace, F|
|teampreview
|j| mono_8427109
|
|t:|1778507299
|teamsize|p1|6
|teamsize|p2|6
|start
|switch|p1a: Ribombee|Ribombee, F|100/100
|switch|p2a: Zapdos|Zapdos|100/100
|turn|1
|
|t:|1778507304
|move|p1a: Ribombee|Sticky Web|p2a: Zapdos
|-sidestart|p2: by nicole|move: Sticky Web
|move|p2a: Zapdos|Discharge|p1a: Ribombee
|-damage|p1a: Ribombee|58/100
|
|upkeep
|turn|2
|
|t:|1778507311
|move|p1a: Ribombee|Skill Swap|p2a: Zapdos
|-activate|p1a: Ribombee|Skill Swap|Static|Shield Dust|[of] p2a: Zapdos
|move|p2a: Zapdos|Discharge|p1a: Ribombee
|-damage|p1a: Ribombee|11/100
|
|upkeep
|turn|3
|
|t:|1778507318
|move|p1a: Ribombee|Skill Swap|p2a: Zapdos
|-activate|p1a: Ribombee|Skill Swap|Shield Dust|Static|[of] p2a: Zapdos
|move|p2a: Zapdos|Discharge|p1a: Ribombee
|-damage|p1a: Ribombee|0 fnt
|faint|p1a: Ribombee
|
|upkeep
|
|t:|1778507320
|switch|p1a: Landorus|Landorus-Therian, M|100/100
|-ability|p1a: Landorus|Intimidate|boost
|-unboost|p2a: Zapdos|atk|1
|turn|4
|
|t:|1778507329
|move|p1a: Landorus|Stone Edge|p2a: Zapdos
|-supereffective|p2a: Zapdos
|-damage|p2a: Zapdos|50/100
|move|p2a: Zapdos|U-turn|p1a: Landorus
|-resisted|p1a: Landorus
|-damage|p1a: Landorus|95/100
|
|t:|1778507340
|switch|p2a: Cinderace|Cinderace, F|100/100|[from] U-turn
|
|upkeep
|turn|5
|
|t:|1778507343
|move|p2a: Cinderace|Court Change|p2a: Cinderace
|-start|p2a: Cinderace|typechange|Normal|[from] ability: Libero
|-swapsideconditions
|-activate|p2a: Cinderace|move: Court Change
|move|p1a: Landorus|Earthquake|p2a: Cinderace
|-damage|p2a: Cinderace|30/100
|
|upkeep
|turn|6
|
|t:|1778507348
|move|p2a: Cinderace|Will-O-Wisp|p1a: Landorus
|-status|p1a: Landorus|brn
|move|p1a: Landorus|Stealth Rock|p2a: Cinderace
|-sidestart|p2: by nicole|move: Stealth Rock
|
|-damage|p1a: Landorus|89/100 brn|[from] brn
|upkeep
|turn|7
|
|t:|1778507357
|switch|p2a: Zapdos|Zapdos|50/100
|move|p1a: Landorus|Earthquake|p2a: Zapdos
|-immune|p2a: Zapdos
|
|-damage|p1a: Landorus|83/100 brn|[from] brn
|upkeep
|turn|8
|
|t:|1778507362
|move|p1a: Landorus|Stone Edge|p2a: Zapdos
|-supereffective|p2a: Zapdos
|-damage|p2a: Zapdos|22/100
|move|p2a: Zapdos|Roost|p2a: Zapdos
|-heal|p2a: Zapdos|72/100
|-singleturn|p2a: Zapdos|move: Roost
|
|-damage|p1a: Landorus|77/100 brn|[from] brn
|upkeep
|turn|9
|inactive|Battle timer is ON: inactive players will automatically lose when time's up. (requested by jhfsjdhfksjdhf)
|
|t:|1778507395
|switch|p1a: Darkrai|Darkrai|100/100
|-activate|p1a: Darkrai|move: Sticky Web
|-unboost|p1a: Darkrai|spe|1
|move|p2a: Zapdos|Hurricane|p1a: Darkrai
|-damage|p1a: Darkrai|39/100
|
|upkeep
|turn|10
|
|t:|1778507399
|switch|p2a: Slowking|Slowking-Galar, F, shiny|100/100
|-damage|p2a: Slowking|88/100|[from] Stealth Rock
|move|p1a: Darkrai|Ice Beam|p2a: Slowking
|-damage|p2a: Slowking|60/100
|-damage|p1a: Darkrai|29/100|[from] item: Life Orb
|
|upkeep
|turn|11
|
|t:|1778507405
|move|p1a: Darkrai|Dark Pulse|p2a: Slowking
|-supereffective|p2a: Slowking
|-enditem|p2a: Slowking|Colbur Berry|[eat]
|-enditem|p2a: Slowking|Colbur Berry|[weaken]
|-damage|p2a: Slowking|29/100
|-damage|p1a: Darkrai|19/100|[from] item: Life Orb
|-prepare|p2a: Slowking|Chilly Reception|[premajor]
|move|p2a: Slowking|Chilly Reception|p2a: Slowking
|-weather|Snowscape
|
|t:|1778507408
|switch|p2a: Iron Treads|Iron Treads|100/100|[from] Chilly Reception
|-damage|p2a: Iron Treads|97/100|[from] Stealth Rock
|
|-weather|Snowscape|[upkeep]
|upkeep
|turn|12
|
|t:|1778507413
|switch|p1a: Gholdengo|Gholdengo|100/100
|-activate|p1a: Gholdengo|move: Sticky Web
|-unboost|p1a: Gholdengo|spe|1
|move|p2a: Iron Treads|Rapid Spin|p1a: Gholdengo
|-immune|p1a: Gholdengo
|
|-weather|Snowscape|[upkeep]
|upkeep
|turn|13
|
|t:|1778507416
|move|p2a: Iron Treads|Earthquake|p1a: Gholdengo
|-supereffective|p1a: Gholdengo
|-damage|p1a: Gholdengo|7/100
|move|p1a: Gholdengo|Shadow Ball|p2a: Iron Treads
|-damage|p2a: Iron Treads|65/100
|-unboost|p2a: Iron Treads|spd|1
|
|-weather|Snowscape|[upkeep]
|upkeep
|turn|14
|
|t:|1778507421
|move|p2a: Iron Treads|Volt Switch|p1a: Gholdengo
|-damage|p1a: Gholdengo|0 fnt
|faint|p1a: Gholdengo
|
|t:|1778507427
|-end|p2a: Iron Treads|Quark Drive|[silent]
|switch|p2a: Zapdos|Zapdos|72/100|[from] Volt Switch
|
|-weather|Snowscape|[upkeep]
|upkeep
|
|t:|1778507435
|switch|p1a: Dragonite|Dragonite, F|100/100
|turn|15
|
|t:|1778507441
|move|p1a: Dragonite|Dragon Dance|p1a: Dragonite
|-boost|p1a: Dragonite|atk|1
|-boost|p1a: Dragonite|spe|1
|move|p2a: Zapdos|Discharge|p1a: Dragonite
|-damage|p1a: Dragonite|82/100
|
|-weather|none
|upkeep
|turn|16
|
|t:|1778507447
|move|p1a: Dragonite|Ice Spinner|p2a: Zapdos
|-supereffective|p2a: Zapdos
|-damage|p2a: Zapdos|11/100
|-status|p1a: Dragonite|par|[from] ability: Static|[of] p2a: Zapdos
|move|p2a: Zapdos|Discharge|p1a: Dragonite
|-damage|p1a: Dragonite|45/100 par
|
|upkeep
|turn|17
|
|t:|1778507459
|move|p1a: Dragonite|Extreme Speed|p2a: Zapdos
|-damage|p2a: Zapdos|0 fnt
|faint|p2a: Zapdos
|
|upkeep
|
|t:|1778507461
|switch|p2a: Kyurem|Kyurem, shiny|100/100
|-damage|p2a: Kyurem|76/100|[from] Stealth Rock
|-ability|p2a: Kyurem|Pressure
|turn|18
|
|t:|1778507468
|move|p1a: Dragonite|Extreme Speed|p2a: Kyurem
|-damage|p2a: Kyurem|32/100
|move|p2a: Kyurem|Freeze-Dry|p1a: Dragonite
|-supereffective|p1a: Dragonite
|-damage|p1a: Dragonite|0 fnt
|faint|p1a: Dragonite
|
|upkeep
|
|t:|1778507479
|switch|p1a: Primeape|Primeape, F|100/100
|-activate|p1a: Primeape|move: Sticky Web
|-unboost|p1a: Primeape|spe|1
|-ability|p1a: Primeape|Defiant|boost
|-boost|p1a: Primeape|atk|2
|turn|19
|
|t:|1778507485
|-terastallize|p2a: Kyurem|Ghost
|move|p2a: Kyurem|Freeze-Dry|p1a: Primeape
|-damage|p1a: Primeape|58/100
|move|p1a: Primeape|Drain Punch|p2a: Kyurem
|-immune|p2a: Kyurem
|
|upkeep
|turn|20
|
|t:|1778507494
|move|p2a: Kyurem|Freeze-Dry|p1a: Primeape
|-damage|p1a: Primeape|13/100
|move|p1a: Primeape|Rage Fist|p2a: Kyurem
|-supereffective|p2a: Kyurem
|-damage|p2a: Kyurem|0 fnt
|faint|p2a: Kyurem
|
|upkeep
|
|t:|1778507508
|switch|p2a: Iron Treads|Iron Treads|65/100
|-damage|p2a: Iron Treads|62/100|[from] Stealth Rock
|turn|21
|
|t:|1778507513
|-terastallize|p1a: Primeape|Ghost
|move|p2a: Iron Treads|Rapid Spin|p1a: Primeape
|-immune|p1a: Primeape
|move|p1a: Primeape|Drain Punch|p2a: Iron Treads
|-supereffective|p2a: Iron Treads
|-damage|p2a: Iron Treads|0 fnt
|-heal|p1a: Primeape|49/100|[from] drain|[of] p2a: Iron Treads
|faint|p2a: Iron Treads
|-end|p2a: Iron Treads|Quark Drive|[silent]
|
|upkeep
|
|t:|1778507515
|switch|p2a: Crawdaunt|Crawdaunt, M|100/100
|-damage|p2a: Crawdaunt|88/100|[from] Stealth Rock
|turn|22
|
|t:|1778507525
|move|p1a: Primeape|Drain Punch|p2a: Crawdaunt
|-supereffective|p2a: Crawdaunt
|-crit|p2a: Crawdaunt
|-damage|p2a: Crawdaunt|0 fnt
|-heal|p1a: Primeape|92/100|[from] drain|[of] p2a: Crawdaunt
|faint|p2a: Crawdaunt
|
|upkeep
|-message|by nicole forfeited.
|
|win|jhfsjdhfksjdhf
|raw|jhfsjdhfksjdhf's rating: 1478 &rarr; <strong>1498</strong><br />(+20 for winning)
|raw|by nicole's rating: 1480 &rarr; <strong>1460</strong><br />(-20 for losing)
|l|☆by nicole
|player|p2|
|l|☆jhfsjdhfksjdhf
|player|p1|
