|html|<div class="broadcast-blue"><strong>[Gen 9] OU is currently suspecting Tera Blast! For information on how to participate check out the <a href="https://www.smogon.com/tools/suspects/view/200">suspect thread</a>.</strong></div>
|j|☆goodnightnite
|j|☆Pig Perfect
|t:|1776093940
|gametype|singles
|player|p1|goodnightnite|cynthia-masters|1669
|player|p2|Pig Perfect|workerice|1596
|gen|9
|tier|[Gen 9] OU
|rated|
|rule|HP Percentage Mod: HP is shown in percentages
|rule|Endless Battle Clause: Forcing endless battles is banned
|rule|Species Clause: Limit one of each Pokémon
|rule|OHKO Clause: OHKO moves are banned
|rule|Evasion Items Clause: Evasion items are banned
|rule|Evasion Moves Clause: Evasion moves are banned
|rule|Evasion Abilities Clause: Evasion abilities are banned
|rule|Sleep Moves Clause: Sleep-inducing moves are banned
|clearpoke
|poke|p1|Pelipper, F|
|poke|p1|Raging Bolt|
|poke|p1|Overqwil, F|
|poke|p1|Barraskewda, F|
|poke|p1|Iron Treads|
|poke|p1|Kingambit, F|
|poke|p2|Iron Leaves|
|poke|p2|Iron Treads|
|poke|p2|Kingambit, M|
|poke|p2|Pawmot, F|
|poke|p2|Pincurchin, F|
|poke|p2|Raging Bolt|
|teampreview
|inactive|Battle timer is ON: inactive players will automatically lose when time's up. (requested by goodnightnite)
|inactive|goodnightnite has 120 seconds left.
|j| Monkey D MinMin
|l| Monkey D MinMin
|
|t:|1776093992
|teamsize|p1|6
|teamsize|p2|6
|start
|switch|p1a: Pelipper|Pelipper, F|100/100
|switch|p2a: Sew What?|Pincurchin, F|100/100
|-weather|RainDance|[from] ability: Drizzle|[of] p1a: Pelipper
|-fieldstart|move: Electric Terrain|[from] ability: Electric Surge|[of] p2a: Sew What?
|turn|1
|inactive|Pig Perfect has 120 seconds left.
|
|t:|1776094028
|move|p1a: Pelipper|U-turn|p2a: Sew What?
|-damage|p2a: Sew What?|91/100
|
|t:|1776094038
|switch|p1a: Overqwil|Overqwil, F|100/100|[from] U-turn
|move|p2a: Sew What?|Spikes|p1a: Overqwil
|-sidestart|p1: goodnightnite|Spikes
|
|-weather|RainDance|[upkeep]
|upkeep
|turn|2
|inactive|Pig Perfect has 120 seconds left.
|
|t:|1776094058
|move|p1a: Overqwil|Swords Dance|p1a: Overqwil
|-boost|p1a: Overqwil|atk|2
|move|p2a: Sew What?|Memento|p1a: Overqwil
|-unboost|p1a: Overqwil|atk|2
|-unboost|p1a: Overqwil|spa|2
|faint|p2a: Sew What?
|
|-weather|RainDance|[upkeep]
|upkeep
|
|t:|1776094077
|switch|p2a: So ein Mist!|Kingambit, M|100/100
|-activate|p2a: So ein Mist!|ability: Supreme Overlord
|-start|p2a: So ein Mist!|fallen1|[silent]
|turn|3
|
|t:|1776094086
|move|p1a: Overqwil|Liquidation|p2a: So ein Mist!
|-damage|p2a: So ein Mist!|53/100
|-unboost|p2a: So ein Mist!|def|1
|-damage|p1a: Overqwil|91/100|[from] item: Life Orb
|move|p2a: So ein Mist!|Low Kick|p1a: Overqwil
|-damage|p1a: Overqwil|51/100
|
|-weather|RainDance|[upkeep]
|-heal|p2a: So ein Mist!|60/100|[from] item: Leftovers
|upkeep
|turn|4
|
|t:|1776094094
|move|p2a: So ein Mist!|Sucker Punch|p1a: Overqwil
|-resisted|p1a: Overqwil
|-damage|p1a: Overqwil|27/100
|move|p1a: Overqwil|Liquidation|p2a: So ein Mist!
|-damage|p2a: So ein Mist!|0 fnt
|faint|p2a: So ein Mist!
|-end|p2a: So ein Mist!|fallen1|[silent]
|-damage|p1a: Overqwil|17/100|[from] item: Life Orb
|
|-weather|RainDance|[upkeep]
|upkeep
|
|t:|1776094099
|switch|p2a: Peak-Chu|Pawmot, F|100/100
|turn|5
|
|t:|1776094102
|move|p2a: Peak-Chu|Mach Punch|p1a: Overqwil
|-damage|p1a: Overqwil|0 fnt
|faint|p1a: Overqwil
|
|-weather|RainDance|[upkeep]
|upkeep
|
|t:|1776094108
|switch|p1a: Barraskewda|Barraskewda, F|100/100
|-damage|p1a: Barraskewda|88/100|[from] Spikes
|turn|6
|
|t:|1776094114
|switch|p2a: Necky's Nuts|Raging Bolt|100/100
|move|p1a: Barraskewda|Liquidation|p2a: Necky's Nuts
|-resisted|p2a: Necky's Nuts
|-damage|p2a: Necky's Nuts|54/100
|
|-weather|RainDance|[upkeep]
|upkeep
|turn|7
|
|t:|1776094121
|-terastallize|p1a: Barraskewda|Water
|move|p1a: Barraskewda|Liquidation|p2a: Necky's Nuts
|-resisted|p2a: Necky's Nuts
|-damage|p2a: Necky's Nuts|0 fnt
|faint|p2a: Necky's Nuts
|-end|p2a: Necky's Nuts|Protosynthesis|[silent]
|
|-weather|RainDance|[upkeep]
|upkeep
|
|t:|1776094128
|switch|p2a: *Leaves Game*|Iron Leaves|100/100
|-activate|p2a: *Leaves Game*|ability: Quark Drive
|-start|p2a: *Leaves Game*|quarkdrivespe
|turn|8
|
|t:|1776094137
|switch|p1a: Kingambit|Kingambit, F|100/100
|-damage|p1a: Kingambit|88/100|[from] Spikes
|-activate|p1a: Kingambit|ability: Supreme Overlord
|-start|p1a: Kingambit|fallen1|[silent]
|move|p2a: *Leaves Game*|Psyblade|p1a: Kingambit
|-immune|p1a: Kingambit
|
|-weather|none
|-heal|p1a: Kingambit|94/100|[from] item: Leftovers
|-fieldend|move: Electric Terrain
|-end|p2a: *Leaves Game*|Quark Drive
|upkeep
|turn|9
|
|t:|1776094143
|-end|p2a: *Leaves Game*|Quark Drive|[silent]
|switch|p2a: Peak-Chu|Pawmot, F|100/100
|-end|p1a: Kingambit|fallen1|[silent]
|switch|p1a: Pelipper|Pelipper, F|100/100
|-weather|RainDance|[from] ability: Drizzle|[of] p1a: Pelipper
|
|-weather|RainDance|[upkeep]
|upkeep
|turn|10
|
|t:|1776094147
|move|p2a: Peak-Chu|Revival Blessing|p2a: Peak-Chu
|-enditem|p2a: Peak-Chu|Leppa Berry|[eat]
|-activate|p2a: Peak-Chu|item: Leppa Berry|Revival Blessing|[consumed]
|
|t:|1776094150
|-heal|p2: Sew What?|50/100|[from] move: Revival Blessing
|move|p1a: Pelipper|U-turn|p2a: Peak-Chu
|-resisted|p2a: Peak-Chu
|-damage|p2a: Peak-Chu|93/100
|
|t:|1776094153
|switch|p1a: Barraskewda|Barraskewda, F, tera:Water|88/100|[from] U-turn
|-damage|p1a: Barraskewda|75/100|[from] Spikes
|
|-weather|RainDance|[upkeep]
|upkeep
|turn|11
|
|t:|1776094156
|switch|p2a: Sew What?|Pincurchin, F|50/100
|-fieldstart|move: Electric Terrain|[from] ability: Electric Surge|[of] p2a: Sew What?
|move|p1a: Barraskewda|Liquidation|p2a: Sew What?
|-damage|p2a: Sew What?|0 fnt
|faint|p2a: Sew What?
|
|-weather|RainDance|[upkeep]
|upkeep
|
|t:|1776094159
|switch|p2a: *Leaves Game*|Iron Leaves|100/100
|-activate|p2a: *Leaves Game*|ability: Quark Drive
|-start|p2a: *Leaves Game*|quarkdrivespe
|turn|12
|
|t:|1776094163
|move|p1a: Barraskewda|Liquidation|p2a: *Leaves Game*
|-resisted|p2a: *Leaves Game*
|-damage|p2a: *Leaves Game*|22/100
|move|p2a: *Leaves Game*|Close Combat|p1a: Barraskewda
|-damage|p1a: Barraskewda|0 fnt
|-unboost|p2a: *Leaves Game*|def|1
|-unboost|p2a: *Leaves Game*|spd|1
|faint|p1a: Barraskewda
|
|-weather|RainDance|[upkeep]
|-heal|p2a: *Leaves Game*|28/100|[from] item: Leftovers
|upkeep
|
|t:|1776094170
|switch|p1a: Raging Bolt|Raging Bolt|100/100
|-damage|p1a: Raging Bolt|88/100|[from] Spikes
|-enditem|p1a: Raging Bolt|Booster Energy
|-activate|p1a: Raging Bolt|ability: Protosynthesis|[fromitem]
|-start|p1a: Raging Bolt|protosynthesisspa
|turn|13
|
|t:|1776094181
|move|p2a: *Leaves Game*|Substitute|p2a: *Leaves Game*
|-start|p2a: *Leaves Game*|Substitute
|-damage|p2a: *Leaves Game*|3/100
|move|p1a: Raging Bolt|Weather Ball|p2a: *Leaves Game*
|-resisted|p2a: *Leaves Game*
|-end|p2a: *Leaves Game*|Substitute
|
|-weather|RainDance|[upkeep]
|-heal|p2a: *Leaves Game*|9/100|[from] item: Leftovers
|upkeep
|turn|14
|
|t:|1776094187
|move|p1a: Raging Bolt|Thunderclap|p2a: *Leaves Game*
|-resisted|p2a: *Leaves Game*
|-damage|p2a: *Leaves Game*|0 fnt
|faint|p2a: *Leaves Game*
|-end|p2a: *Leaves Game*|Quark Drive|[silent]
|
|-weather|RainDance|[upkeep]
|upkeep
|
|t:|1776094189
|switch|p2a: Iron Trunk|Iron Treads|100/100
|-item|p2a: Iron Trunk|Air Balloon
|-activate|p2a: Iron Trunk|ability: Quark Drive
|-start|p2a: Iron Trunk|quarkdrivespe
|turn|15
|
|t:|1776094194
|move|p2a: Iron Trunk|Earth Power|p1a: Raging Bolt
|-supereffective|p1a: Raging Bolt
|-damage|p1a: Raging Bolt|23/100
|move|p1a: Raging Bolt|Weather Ball|p2a: Iron Trunk
|-supereffective|p2a: Iron Trunk
|-damage|p2a: Iron Trunk|0 fnt
|-enditem|p2a: Iron Trunk|Air Balloon
|faint|p2a: Iron Trunk
|-end|p2a: Iron Trunk|Quark Drive|[silent]
|
|-weather|RainDance|[upkeep]
|upkeep
|
|t:|1776094198
|switch|p2a: Peak-Chu|Pawmot, F|93/100
|turn|16
|
|t:|1776094207
|move|p2a: Peak-Chu|Revival Blessing|p2a: Peak-Chu
|
|t:|1776094209
|-heal|p2: *Leaves Game*|50/100|[from] move: Revival Blessing
|move|p1a: Raging Bolt|Weather Ball|p2a: Peak-Chu
|-damage|p2a: Peak-Chu|0 fnt
|faint|p2a: Peak-Chu
|
|-weather|none
|upkeep
|
|t:|1776094211
|switch|p2a: *Leaves Game*|Iron Leaves|50/100
|-activate|p2a: *Leaves Game*|ability: Quark Drive
|-start|p2a: *Leaves Game*|quarkdrivespe
|turn|17
|
|t:|1776094219
|move|p2a: *Leaves Game*|Psyblade|p1a: Raging Bolt
|-damage|p1a: Raging Bolt|0 fnt
|faint|p1a: Raging Bolt
|-end|p1a: Raging Bolt|Protosynthesis|[silent]
|
|-heal|p2a: *Leaves Game*|57/100|[from] item: Leftovers
|upkeep
|
|t:|1776094223
|switch|p1a: Pelipper|Pelipper, F|100/100
|-weather|RainDance|[from] ability: Drizzle|[of] p1a: Pelipper
|turn|18
|
|t:|1776094231
|-terastallize|p2a: *Leaves Game*|Fighting
|move|p2a: *Leaves Game*|Substitute|p2a: *Leaves Game*
|-start|p2a: *Leaves Game*|Substitute
|-damage|p2a: *Leaves Game*|32/100
|move|p1a: Pelipper|Hurricane|p2a: *Leaves Game*
|-supereffective|p2a: *Leaves Game*
|-end|p2a: *Leaves Game*|Substitute
|
|-weather|RainDance|[upkeep]
|-heal|p2a: *Leaves Game*|38/100|[from] item: Leftovers
|-fieldend|move: Electric Terrain
|-end|p2a: *Leaves Game*|Quark Drive
|upkeep
|turn|19
|
|t:|1776094237
|move|p2a: *Leaves Game*|Psyblade|p1a: Pelipper
|-damage|p1a: Pelipper|74/100
|move|p1a: Pelipper|Hurricane|p2a: *Leaves Game*
|-supereffective|p2a: *Leaves Game*
|-damage|p2a: *Leaves Game*|0 fnt
|faint|p2a: *Leaves Game*
|-end|p2a: *Leaves Game*|Quark Drive|[silent]
|
|win|goodnightnite
|raw|goodnightnite's rating: 1669 &rarr; <strong>1685</strong><br />(+16 for winning)
|raw|Pig Perfect's rating: 1596 &rarr; <strong>1580</strong><br />(-16 for losing)
|l|☆Pig Perfect
|player|p2|
