|html|<div class="broadcast-blue"><strong>[Gen 9] OU is currently suspecting Volcarona! For information on how to participate check out the <a href="https://www.smogon.com/tools/suspects/view/208">suspect thread</a>.</strong></div>
|j|☆icewizardlair☃
|j|☆piricuddo77
|t:|1778503679
|gametype|singles
|player|p1|icewizardlair☃|lorelei-lgpe|1083
|player|p2|piricuddo77|266|1096
|gen|9
|tier|[Gen 9] OU
|rated|
|rule|HP Percentage Mod: HP is shown in percentages
|rule|Endless Battle Clause: Forcing endless battles is banned
|rule|Species Clause: Limit one of each Pokémon
|rule|OHKO Clause: OHKO moves are banned
|rule|Evasion Items Clause: Evasion items are banned
|rule|Evasion Moves Clause: Evasion moves are banned
|rule|Evasion Abilities Clause: Evasion abilities are banned
|rule|Sleep Moves Clause: Sleep-inducing moves are banned
|clearpoke
|poke|p1|Froslass, F|
|poke|p1|Arcanine-Hisui, M|
|poke|p1|Yanmega, F|
|poke|p1|Cetitan, M|
|poke|p1|Azumarill, M|
|poke|p1|Kilowattrel, F|
|poke|p2|Iron Treads|
|poke|p2|Zapdos-Galar|
|poke|p2|Dragapult, M|
|poke|p2|Rotom-Wash|
|poke|p2|Kingambit, M|
|poke|p2|Heatran, M|
|teampreview
|inactive|Battle timer is ON: inactive players will automatically lose when time's up. (requested by icewizardlair☃)
|inactive|piricuddo77 has 120 seconds left.
|
|t:|1778503721
|teamsize|p1|6
|teamsize|p2|6
|start
|switch|p1a: Arcannon|Arcanine-Hisui, M, shiny|100/100
|switch|p2a: Rotom|Rotom-Wash, shiny|100/100
|-item|p1a: Arcannon|Air Balloon
|turn|1
|
|t:|1778503745
|move|p1a: Arcannon|Head Smash|p2a: Rotom
|-damage|p2a: Rotom|46/100
|move|p2a: Rotom|Rain Dance|p2a: Rotom
|-weather|RainDance
|
|-weather|RainDance|[upkeep]
|upkeep
|turn|2
|
|t:|1778503759
|switch|p2a: Iron Treads|Iron Treads, shiny|100/100
|move|p1a: Arcannon|Head Smash|p2a: Iron Treads|[miss]
|-miss|p1a: Arcannon|p2a: Iron Treads
|
|-weather|RainDance|[upkeep]
|upkeep
|turn|3
|
|t:|1778503766
|switch|p1a: BMO|Azumarill, M|100/100
|move|p2a: Iron Treads|Earthquake|p1a: BMO
|-damage|p1a: BMO|62/100
|
|-weather|RainDance|[upkeep]
|upkeep
|turn|4
|
|t:|1778503774
|move|p1a: BMO|Aqua Jet|p2a: Iron Treads
|-supereffective|p2a: Iron Treads
|-damage|p2a: Iron Treads|57/100
|move|p2a: Iron Treads|Iron Head|p1a: BMO
|-damage|p1a: BMO|29/100
|
|-weather|RainDance|[upkeep]
|-heal|p2a: Iron Treads|63/100|[from] item: Leftovers
|upkeep
|turn|5
|
|t:|1778503782
|move|p1a: BMO|Aqua Jet|p2a: Iron Treads
|-supereffective|p2a: Iron Treads
|-damage|p2a: Iron Treads|18/100
|move|p2a: Iron Treads|Iron Head|p1a: BMO
|-damage|p1a: BMO|0 fnt
|faint|p1a: BMO
|
|-weather|RainDance|[upkeep]
|-heal|p2a: Iron Treads|24/100|[from] item: Leftovers
|upkeep
|
|t:|1778503786
|switch|p1a: Arcannon|Arcanine-Hisui, M, shiny|100/100
|-item|p1a: Arcannon|Air Balloon
|turn|6
|
|t:|1778503799
|move|p1a: Arcannon|Close Combat|p2a: Iron Treads
|-supereffective|p2a: Iron Treads
|-damage|p2a: Iron Treads|0 fnt
|-unboost|p1a: Arcannon|def|1
|-unboost|p1a: Arcannon|spd|1
|faint|p2a: Iron Treads
|-end|p2a: Iron Treads|Quark Drive|[silent]
|
|-weather|RainDance|[upkeep]
|upkeep
|
|t:|1778503809
|switch|p2a: Rotom|Rotom-Wash, shiny|46/100
|turn|7
|
|t:|1778503812
|move|p1a: Arcannon|Head Smash|p2a: Rotom
|-damage|p2a: Rotom|0 fnt
|faint|p2a: Rotom
|
|-weather|RainDance|[upkeep]
|upkeep
|
|t:|1778503818
|switch|p2a: Heatran|Heatran, M, shiny|100/100
|turn|8
|
|t:|1778503824
|move|p1a: Arcannon|Close Combat|p2a: Heatran
|-supereffective|p2a: Heatran
|-damage|p2a: Heatran|35/100
|-unboost|p1a: Arcannon|def|1
|-unboost|p1a: Arcannon|spd|1
|move|p2a: Heatran|Iron Head|p1a: Arcannon
|-damage|p1a: Arcannon|44/100
|-enditem|p1a: Arcannon|Air Balloon
|
|-weather|none
|-heal|p2a: Heatran|41/100|[from] item: Leftovers
|upkeep
|turn|9
|
|t:|1778503836
|move|p2a: Heatran|Protect|p2a: Heatran
|-singleturn|p2a: Heatran|Protect
|move|p1a: Arcannon|Close Combat|p2a: Heatran
|-activate|p2a: Heatran|move: Protect
|
|-heal|p2a: Heatran|48/100|[from] item: Leftovers
|upkeep
|turn|10
|
|t:|1778503843
|move|p1a: Arcannon|Close Combat|p2a: Heatran
|-supereffective|p2a: Heatran
|-damage|p2a: Heatran|0 fnt
|-unboost|p1a: Arcannon|def|1
|-unboost|p1a: Arcannon|spd|1
|faint|p2a: Heatran
|
|upkeep
|
|t:|1778503850
|switch|p2a: Dragapult|Dragapult, M, shiny|100/100
|turn|11
|
|t:|1778503863
|switch|p1a: Dr. Cool|Cetitan, M|100/100
|move|p2a: Dragapult|Shadow Ball|p1a: Dr. Cool
|-damage|p1a: Dr. Cool|67/100
|
|upkeep
|turn|12
|l|☆piricuddo77
|inactive|piricuddo77 disconnected and has a minute to reconnect!
|player|p2|
|j|☆piricuddo77
|inactive|piricuddo77 reconnected and has 110 seconds left.
|player|p2|piricuddo77|266|
|
|t:|1778503906
|move|p2a: Dragapult|Flamethrower|p1a: Dr. Cool
|-supereffective|p1a: Dr. Cool
|-damage|p1a: Dr. Cool|44/100
|move|p1a: Dr. Cool|Icicle Spear|p2a: Dragapult
|-supereffective|p2a: Dragapult
|-damage|p2a: Dragapult|64/100
|-supereffective|p2a: Dragapult
|-damage|p2a: Dragapult|26/100
|-supereffective|p2a: Dragapult
|-damage|p2a: Dragapult|0 fnt
|faint|p2a: Dragapult
|-hitcount|p2: Dragapult|3
|
|upkeep
|
|t:|1778503918
|switch|p2a: Zapdos|Zapdos-Galar, shiny|100/100
|turn|13
|
|t:|1778503922
|move|p1a: Dr. Cool|Ice Shard|p2a: Zapdos
|-supereffective|p2a: Zapdos
|-damage|p2a: Zapdos|48/100
|move|p2a: Zapdos|Thunderous Kick|p1a: Dr. Cool
|-supereffective|p1a: Dr. Cool
|-damage|p1a: Dr. Cool|0 fnt
|faint|p1a: Dr. Cool
|
|upkeep
|
|t:|1778503930
|switch|p1a: Kixxarth|Yanmega, F|100/100
|turn|14
|
|t:|1778503935
|move|p1a: Kixxarth|Detect|p1a: Kixxarth
|-singleturn|p1a: Kixxarth|Protect
|move|p2a: Zapdos|Drill Peck|p1a: Kixxarth
|-activate|p1a: Kixxarth|move: Protect
|
|-ability|p1a: Kixxarth|Speed Boost|boost
|-boost|p1a: Kixxarth|spe|1
|upkeep
|turn|15
|
|t:|1778503943
|move|p1a: Kixxarth|Air Slash|p2a: Zapdos
|-supereffective|p2a: Zapdos
|-damage|p2a: Zapdos|0 fnt
|faint|p2a: Zapdos
|
|-ability|p1a: Kixxarth|Speed Boost|boost
|-boost|p1a: Kixxarth|spe|1
|upkeep
|
|t:|1778503949
|switch|p2a: Kingambit|Kingambit, M, shiny|100/100
|-activate|p2a: Kingambit|ability: Supreme Overlord
|-start|p2a: Kingambit|fallen5|[silent]
|turn|16
|
|t:|1778503956
|move|p1a: Kixxarth|Air Slash|p2a: Kingambit
|-resisted|p2a: Kingambit
|-damage|p2a: Kingambit|82/100
|move|p2a: Kingambit|Iron Head|p1a: Kixxarth
|-damage|p1a: Kixxarth|10/100
|
|-ability|p1a: Kixxarth|Speed Boost|boost
|-boost|p1a: Kixxarth|spe|1
|upkeep
|turn|17
|
|t:|1778503963
|move|p2a: Kingambit|Sucker Punch|p1a: Kixxarth
|-damage|p1a: Kixxarth|0 fnt
|faint|p1a: Kixxarth
|
|upkeep
|
|t:|1778503968
|switch|p1a: Arcannon|Arcanine-Hisui, M, shiny|44/100
|turn|18
|
|t:|1778503976
|-terastallize|p2a: Kingambit|Flying
|move|p1a: Arcannon|Flare Blitz|p2a: Kingambit
|-damage|p2a: Kingambit|38/100
|move|p2a: Kingambit|Kowtow Cleave|p1a: Arcannon
|-damage|p1a: Arcannon|0 fnt
|faint|p1a: Arcannon
|
|upkeep
|
|t:|1778503983
|switch|p1a: Snowcrow|Froslass, F|100/100
|turn|19
|
|t:|1778503987
|move|p2a: Kingambit|Sucker Punch||[still]
|-fail|p2a: Kingambit
|move|p1a: Snowcrow|Will-O-Wisp|p2a: Kingambit
|-status|p2a: Kingambit|brn
|
|-damage|p2a: Kingambit|32/100 brn|[from] brn
|upkeep
|turn|20
|
|t:|1778503995
|move|p1a: Snowcrow|Destiny Bond|p1a: Snowcrow
|-singlemove|p1a: Snowcrow|Destiny Bond
|move|p2a: Kingambit|Kowtow Cleave|p1a: Snowcrow
|-supereffective|p1a: Snowcrow
|-damage|p1a: Snowcrow|0 fnt
|faint|p1a: Snowcrow
|-activate|p1a: Snowcrow|move: Destiny Bond
|faint|p2a: Kingambit
|-end|p2a: Kingambit|fallen5|[silent]
|
|win|icewizardlair☃
|raw|icewizardlair☃'s rating: 1083 &rarr; <strong>1112</strong><br />(+29 for winning)
|raw|piricuddo77's rating: 1096 &rarr; <strong>1071</strong><br />(-25 for losing)
|l|☆icewizardlair☃
|player|p1|
|l|☆piricuddo77
|player|p2|
