|html|<div class="broadcast-blue"><strong>[Gen 9] OU is currently suspecting Tera Blast! For information on how to participate check out the <a href="https://www.smogon.com/tools/suspects/view/200">suspect thread</a>.</strong></div>
|badge|p2|bronze|gen9ou|100-9
|uhtml|medal-msg|<div class="broadcast-blue">Curious what those medals under the avatar are? PS now has Ladder Seasons! For more information, check out the <a href="https://www.smogon.com/forums/threads/3740067/">thread on Smogon.</a></div>
|j|☆TeukuMiyama
|j|☆Auburn Hills
|t:|1776172671
|gametype|singles
|player|p1|TeukuMiyama|266|1651
|player|p2|Auburn Hills|alder|1856
|gen|9
|tier|[Gen 9] OU
|rated|
|rule|HP Percentage Mod: HP is shown in percentages
|rule|Endless Battle Clause: Forcing endless battles is banned
|rule|Species Clause: Limit one of each Pokémon
|rule|OHKO Clause: OHKO moves are banned
|rule|Evasion Items Clause: Evasion items are banned
|rule|Evasion Moves Clause: Evasion moves are banned
|rule|Evasion Abilities Clause: Evasion abilities are banned
|rule|Sleep Moves Clause: Sleep-inducing moves are banned
|clearpoke
|poke|p1|Dragapult, M|
|poke|p1|Kingambit, M|
|poke|p1|Corviknight, F|
|poke|p1|Great Tusk|
|poke|p1|Pecharunt|
|poke|p1|Alomomola, M|
|poke|p2|Iron Moth|
|poke|p2|Umbreon, F|
|poke|p2|Garchomp, F|
|poke|p2|Glimmora, M|
|poke|p2|Gholdengo|
|poke|p2|Dragonite, M|
|teampreview
|
|t:|1776172716
|teamsize|p1|6
|teamsize|p2|6
|start
|switch|p1a: Dragapult|Dragapult, M|100/100
|switch|p2a: Julia Jacklin|Glimmora, M|100/100
|turn|1
|
|t:|1776172719
|move|p1a: Dragapult|Draco Meteor|p2a: Julia Jacklin
|-enditem|p2a: Julia Jacklin|Focus Sash
|-damage|p2a: Julia Jacklin|1/100
|-unboost|p1a: Dragapult|spa|2
|move|p2a: Julia Jacklin|Stealth Rock|p1a: Dragapult
|-sidestart|p1: TeukuMiyama|move: Stealth Rock
|
|upkeep
|turn|2
|
|t:|1776172723
|switch|p1a: Great Tusk|Great Tusk|100/100
|switch|p2a: Alvvays|Umbreon, F|100/100
|
|upkeep
|turn|3
|
|t:|1776172727
|switch|p2a: Julia Jacklin|Glimmora, M|1/100
|move|p1a: Great Tusk|Rapid Spin|p2a: Julia Jacklin
|-resisted|p2a: Julia Jacklin
|-damage|p2a: Julia Jacklin|0 fnt
|-boost|p1a: Great Tusk|spe|1
|-activate|p2a: Julia Jacklin|ability: Toxic Debris
|-sidestart|p1: TeukuMiyama|move: Toxic Spikes
|-sideend|p1: TeukuMiyama|Toxic Spikes|[from] move: Rapid Spin|[of] p1a: Great Tusk
|-sideend|p1: TeukuMiyama|Stealth Rock|[from] move: Rapid Spin|[of] p1a: Great Tusk
|faint|p2a: Julia Jacklin
|
|upkeep
|j| jtrainer22
|
|t:|1776172737
|switch|p2a: Carly Rae|Iron Moth|100/100
|-enditem|p2a: Carly Rae|Booster Energy
|-activate|p2a: Carly Rae|ability: Quark Drive|[fromitem]
|-start|p2a: Carly Rae|quarkdrivespe
|turn|4
|l| jtrainer22
|
|t:|1776172740
|-end|p1a: Great Tusk|Protosynthesis|[silent]
|switch|p1a: Alomomola|Alomomola, M|100/100
|move|p2a: Carly Rae|Dazzling Gleam|p1a: Alomomola
|-damage|p1a: Alomomola|88/100
|
|upkeep
|turn|5
|
|t:|1776172744
|move|p2a: Carly Rae|Discharge|p1a: Alomomola
|-supereffective|p1a: Alomomola
|-damage|p1a: Alomomola|62/100
|move|p1a: Alomomola|Scald|p2a: Carly Rae
|-supereffective|p2a: Carly Rae
|-damage|p2a: Carly Rae|73/100
|
|upkeep
|turn|6
|
|t:|1776172749
|move|p2a: Carly Rae|Fiery Dance|p1a: Alomomola
|-resisted|p1a: Alomomola
|-damage|p1a: Alomomola|52/100
|move|p1a: Alomomola|Mirror Coat|p2a: Carly Rae
|-damage|p2a: Carly Rae|37/100
|
|upkeep
|turn|7
|
|t:|1776172752
|move|p2a: Carly Rae|Morning Sun|p2a: Carly Rae
|-heal|p2a: Carly Rae|87/100
|move|p1a: Alomomola|Flip Turn|p2a: Carly Rae
|-supereffective|p2a: Carly Rae
|-damage|p2a: Carly Rae|39/100
|
|t:|1776172760
|switch|p1a: Dragapult|Dragapult, M|100/100|[from] Flip Turn
|
|upkeep
|turn|8
|
|t:|1776172765
|switch|p1a: Alomomola|Alomomola, M|85/100
|move|p2a: Carly Rae|Dazzling Gleam|p1a: Alomomola
|-damage|p1a: Alomomola|73/100
|
|upkeep
|turn|9
|
|t:|1776172769
|move|p2a: Carly Rae|Morning Sun|p2a: Carly Rae
|-heal|p2a: Carly Rae|89/100
|move|p1a: Alomomola|Scald|p2a: Carly Rae
|-supereffective|p2a: Carly Rae
|-damage|p2a: Carly Rae|58/100
|
|upkeep
|turn|10
|
|t:|1776172773
|move|p2a: Carly Rae|Morning Sun|p2a: Carly Rae
|-heal|p2a: Carly Rae|100/100
|move|p1a: Alomomola|Scald|p2a: Carly Rae
|-supereffective|p2a: Carly Rae
|-damage|p2a: Carly Rae|70/100
|
|upkeep
|turn|11
|
|t:|1776172779
|move|p2a: Carly Rae|Fiery Dance|p1a: Alomomola
|-resisted|p1a: Alomomola
|-damage|p1a: Alomomola|62/100
|-boost|p2a: Carly Rae|spa|1
|move|p1a: Alomomola|Flip Turn|p2a: Carly Rae
|-supereffective|p2a: Carly Rae
|-damage|p2a: Carly Rae|23/100
|j| kanaete onegai
|
|t:|1776172784
|switch|p1a: Kingambit|Kingambit, M|100/100|[from] Flip Turn
|
|upkeep
|turn|12
|
|t:|1776172786
|move|p2a: Carly Rae|Fiery Dance|p1a: Kingambit
|-supereffective|p1a: Kingambit
|-damage|p1a: Kingambit|0 fnt
|faint|p1a: Kingambit
|-end|p1a: Kingambit|fallenundefined|[silent]
|
|upkeep
|
|t:|1776172790
|switch|p1a: Alomomola|Alomomola, M|95/100
|turn|13
|
|t:|1776172794
|-terastallize|p2a: Carly Rae|Fairy
|move|p2a: Carly Rae|Morning Sun|p2a: Carly Rae
|-heal|p2a: Carly Rae|73/100
|move|p1a: Alomomola|Flip Turn|p2a: Carly Rae
|-damage|p2a: Carly Rae|51/100
|
|t:|1776172800
|switch|p1a: Pecharunt|Pecharunt|100/100|[from] Flip Turn
|
|upkeep
|turn|14
|
|t:|1776172809
|move|p2a: Carly Rae|Fiery Dance|p1a: Pecharunt
|-crit|p1a: Pecharunt
|-damage|p1a: Pecharunt|3/100
|move|p1a: Pecharunt|Malignant Chain|p2a: Carly Rae
|-supereffective|p2a: Carly Rae
|-damage|p2a: Carly Rae|0 fnt
|faint|p2a: Carly Rae
|-end|p2a: Carly Rae|Quark Drive|[silent]
|
|upkeep
|
|t:|1776172811
|switch|p2a: Rat Tally|Garchomp, F|100/100
|turn|15
|
|t:|1776172814
|switch|p1a: Great Tusk|Great Tusk|100/100
|move|p2a: Rat Tally|Scale Shot|p1a: Great Tusk
|-damage|p1a: Great Tusk|91/100
|-damage|p1a: Great Tusk|81/100
|-damage|p1a: Great Tusk|71/100
|-damage|p1a: Great Tusk|61/100
|-hitcount|p1a: Great Tusk|4
|-unboost|p2a: Rat Tally|def|1
|-boost|p2a: Rat Tally|spe|1
|
|upkeep
|turn|16
|
|t:|1776172818
|switch|p2a: Smino|Gholdengo|100/100
|move|p1a: Great Tusk|Ice Spinner|p2a: Smino
|-resisted|p2a: Smino
|-damage|p2a: Smino|85/100
|
|upkeep
|turn|17
|
|t:|1776172824
|-end|p1a: Great Tusk|Protosynthesis|[silent]
|switch|p1a: Alomomola|Alomomola, M|100/100
|move|p2a: Smino|Shadow Ball|p1a: Alomomola
|-damage|p1a: Alomomola|81/100
|
|upkeep
|turn|18
|
|t:|1776172827
|move|p2a: Smino|Shadow Ball|p1a: Alomomola
|-damage|p1a: Alomomola|60/100
|move|p1a: Alomomola|Flip Turn|p2a: Smino
|-damage|p2a: Smino|68/100
|
|t:|1776172832
|switch|p1a: Corviknight|Corviknight, F|100/100|[from] Flip Turn
|-ability|p1a: Corviknight|Pressure
|
|upkeep
|turn|19
|
|t:|1776172834
|switch|p1a: Alomomola|Alomomola, M|93/100
|move|p2a: Smino|Shadow Ball|p1a: Alomomola
|-damage|p1a: Alomomola|74/100
|-unboost|p1a: Alomomola|spd|1
|
|upkeep
|turn|20
|
|t:|1776172837
|switch|p2a: Alvvays|Umbreon, F|100/100
|move|p1a: Alomomola|Mirror Coat||[still]
|-fail|p1a: Alomomola
|
|upkeep
|turn|21
|
|t:|1776172840
|move|p2a: Alvvays|Foul Play|p1a: Alomomola
|-damage|p1a: Alomomola|54/100
|move|p1a: Alomomola|Flip Turn|p2a: Alvvays
|-damage|p2a: Alvvays|88/100
|
|t:|1776172842
|switch|p1a: Pecharunt|Pecharunt|3/100|[from] Flip Turn
|
|-heal|p2a: Alvvays|94/100|[from] item: Leftovers
|upkeep
|turn|22
|
|t:|1776172843
|move|p1a: Pecharunt|Recover|p1a: Pecharunt
|-heal|p1a: Pecharunt|53/100
|move|p2a: Alvvays|Thunder Wave|p1a: Pecharunt
|-status|p1a: Pecharunt|par
|
|-heal|p2a: Alvvays|99/100|[from] item: Leftovers
|upkeep
|turn|23
|
|t:|1776172846
|switch|p2a: Smino|Gholdengo|68/100
|cant|p1a: Pecharunt|par
|
|upkeep
|turn|24
|
|t:|1776172848
|switch|p1a: Alomomola|Alomomola, M|87/100
|move|p2a: Smino|Trick|p1a: Alomomola
|-activate|p2a: Smino|move: Trick|[of] p1a: Alomomola
|-item|p1a: Alomomola|Choice Scarf|[from] move: Trick
|-item|p2a: Smino|Assault Vest|[from] move: Trick
|
|upkeep
|turn|25
|
|t:|1776172854
|switch|p2a: Alvvays|Umbreon, F|99/100
|move|p1a: Alomomola|Flip Turn|p2a: Alvvays
|-damage|p2a: Alvvays|87/100
|
|t:|1776172857
|switch|p1a: Great Tusk|Great Tusk|61/100|[from] Flip Turn
|
|-heal|p2a: Alvvays|93/100|[from] item: Leftovers
|upkeep
|turn|26
|
|t:|1776172860
|move|p1a: Great Tusk|Headlong Rush|p2a: Alvvays
|-damage|p2a: Alvvays|46/100
|-unboost|p1a: Great Tusk|def|1
|-unboost|p1a: Great Tusk|spd|1
|move|p2a: Alvvays|Wish|p2a: Alvvays
|
|-heal|p2a: Alvvays|52/100|[from] item: Leftovers
|upkeep
|turn|27
|
|t:|1776172869
|move|p1a: Great Tusk|Stealth Rock|p2a: Alvvays
|-sidestart|p2: Auburn Hills|move: Stealth Rock
|move|p2a: Alvvays|Foul Play|p1a: Great Tusk
|-resisted|p1a: Great Tusk
|-damage|p1a: Great Tusk|34/100
|
|-heal|p2a: Alvvays|100/100|[from] move: Wish|[wisher] Alvvays
|upkeep
|turn|28
|
|t:|1776172874
|-end|p1a: Great Tusk|Protosynthesis|[silent]
|switch|p1a: Corviknight|Corviknight, F|100/100
|-ability|p1a: Corviknight|Pressure
|move|p2a: Alvvays|Wish|p2a: Alvvays
|
|upkeep
|turn|29
|
|t:|1776172876
|move|p1a: Corviknight|U-turn|p2a: Alvvays
|-supereffective|p2a: Alvvays
|-damage|p2a: Alvvays|79/100
|
|t:|1776172880
|switch|p1a: Alomomola|Alomomola, M|100/100|[from] U-turn
|move|p2a: Alvvays|Thunder Wave|p1a: Alomomola
|-status|p1a: Alomomola|par
|
|-heal|p2a: Alvvays|100/100|[from] move: Wish|[wisher] Alvvays
|upkeep
|turn|30
|
|t:|1776172884
|move|p2a: Alvvays|Wish|p2a: Alvvays
|move|p1a: Alomomola|Flip Turn|p2a: Alvvays
|-damage|p2a: Alvvays|88/100
|
|t:|1776172886
|switch|p1a: Pecharunt|Pecharunt|53/100 par|[from] Flip Turn
|
|-heal|p2a: Alvvays|94/100|[from] item: Leftovers
|upkeep
|turn|31
|
|t:|1776172889
|switch|p2a: Smino|Gholdengo|68/100
|-damage|p2a: Smino|62/100|[from] Stealth Rock
|move|p1a: Pecharunt|Recover|p1a: Pecharunt
|-heal|p1a: Pecharunt|100/100 par
|
|-heal|p2a: Smino|100/100|[from] move: Wish|[wisher] Alvvays
|upkeep
|turn|32
|
|t:|1776172891
|switch|p1a: Alomomola|Alomomola, M|100/100 par
|move|p2a: Smino|Shadow Ball|p1a: Alomomola
|-damage|p1a: Alomomola|70/100 par
|
|upkeep
|turn|33
|
|t:|1776172897
|move|p2a: Smino|Shadow Ball|p1a: Alomomola
|-damage|p1a: Alomomola|38/100 par
|cant|p1a: Alomomola|par
|
|upkeep
|turn|34
|
|t:|1776172903
|move|p2a: Smino|Shadow Ball|p1a: Alomomola
|-damage|p1a: Alomomola|7/100 par
|move|p1a: Alomomola|Mirror Coat|p2a: Smino
|-damage|p2a: Smino|0 fnt
|faint|p2a: Smino
|
|upkeep
|
|t:|1776172906
|switch|p2a: Elucid|Dragonite, M|100/100
|turn|35
|
|t:|1776172910
|switch|p1a: Pecharunt|Pecharunt|100/100 par
|move|p2a: Elucid|Dragon Dance|p2a: Elucid
|-boost|p2a: Elucid|atk|1
|-boost|p2a: Elucid|spe|1
|
|upkeep
|turn|36
|
|t:|1776172915
|move|p2a: Elucid|Dragon Dance|p2a: Elucid
|-boost|p2a: Elucid|atk|1
|-boost|p2a: Elucid|spe|1
|move|p1a: Pecharunt|Malignant Chain|p2a: Elucid
|-crit|p2a: Elucid
|-damage|p2a: Elucid|76/100
|
|upkeep
|turn|37
|
|t:|1776172917
|move|p2a: Elucid|Dragon Dance|p2a: Elucid
|-boost|p2a: Elucid|atk|1
|-boost|p2a: Elucid|spe|1
|move|p1a: Pecharunt|Malignant Chain|p2a: Elucid
|-damage|p2a: Elucid|43/100
|-status|p2a: Elucid|tox
|-start|p2a: Elucid|confusion|[from] ability: Poison Puppeteer|[of] p1a: Pecharunt
|
|-damage|p2a: Elucid|37/100 tox|[from] psn
|upkeep
|turn|38
|
|t:|1776172919
|-activate|p2a: Elucid|confusion
|-damage|p2a: Elucid|0 fnt|[from] confusion
|faint|p2a: Elucid
|move|p1a: Pecharunt|Parting Shot|p2: Elucid|[notarget]
|-fail|p1a: Pecharunt
|
|upkeep
|-message|Auburn Hills forfeited.
|
|win|TeukuMiyama
|raw|TeukuMiyama's rating: 1651 &rarr; <strong>1682</strong><br />(+31 for winning)
|raw|Auburn Hills's rating: 1856 &rarr; <strong>1825</strong><br />(-31 for losing)
|l|☆Auburn Hills
|player|p2|
|l|☆TeukuMiyama
|player|p1|
|j|☆TeukuMiyama
|player|p1|TeukuMiyama|266|
