|html|<div class="broadcast-blue"><strong>[Gen 9] OU is currently suspecting Tera Blast! For information on how to participate check out the <a href="https://www.smogon.com/tools/suspects/view/200">suspect thread</a>.</strong></div>
|j|☆tonightbaby
|j|☆Mawile441
|t:|1776106262
|gametype|singles
|player|p1|tonightbaby|rood|1476
|player|p2|Mawile441|265|1481
|gen|9
|tier|[Gen 9] OU
|rated|
|rule|HP Percentage Mod: HP is shown in percentages
|rule|Endless Battle Clause: Forcing endless battles is banned
|rule|Species Clause: Limit one of each Pokémon
|rule|OHKO Clause: OHKO moves are banned
|rule|Evasion Items Clause: Evasion items are banned
|rule|Evasion Moves Clause: Evasion moves are banned
|rule|Evasion Abilities Clause: Evasion abilities are banned
|rule|Sleep Moves Clause: Sleep-inducing moves are banned
|clearpoke
|poke|p1|Inteleon, F|
|poke|p1|Gholdengo|
|poke|p1|Ting-Lu|
|poke|p1|Dragonite, F|
|poke|p1|Ceruledge, F|
|poke|p1|Ogerpon-Wellspring, F|
|poke|p2|Kingambit, F|
|poke|p2|Zapdos|
|poke|p2|Walking Wake|
|poke|p2|Skarmory, M|
|poke|p2|Alomomola, F|
|poke|p2|Lilligant-Hisui, F|
|teampreview
|j| ohko_smeargle
|
|t:|1776106273
|teamsize|p1|6
|teamsize|p2|6
|start
|switch|p1a: Inteleon|Inteleon, F|100/100
|switch|p2a: Lilligant|Lilligant-Hisui, F, shiny|100/100
|turn|1
|
|t:|1776106281
|move|p1a: Inteleon|U-turn|p2a: Lilligant
|-damage|p2a: Lilligant|80/100
|
|t:|1776106283
|switch|p1a: Ceruledge|Ceruledge, F|100/100|[from] U-turn
|move|p2a: Lilligant|Close Combat|p1a: Ceruledge
|-immune|p1a: Ceruledge
|
|upkeep
|turn|2
|
|t:|1776106295
|switch|p2a: Alomomola|Alomomola, F, shiny|100/100
|move|p1a: Ceruledge|Bulk Up|p1a: Ceruledge
|-boost|p1a: Ceruledge|atk|1
|-boost|p1a: Ceruledge|def|1
|
|upkeep
|turn|3
|
|t:|1776106302
|move|p1a: Ceruledge|Bulk Up|p1a: Ceruledge
|-boost|p1a: Ceruledge|atk|1
|-boost|p1a: Ceruledge|def|1
|move|p2a: Alomomola|Liquidation|p1a: Ceruledge
|-supereffective|p1a: Ceruledge
|-damage|p1a: Ceruledge|42/100
|
|upkeep
|turn|4
|
|t:|1776106312
|switch|p1a: Ogerpon|Ogerpon-Wellspring, F|100/100
|move|p2a: Alomomola|Liquidation|p1a: Ogerpon
|-immune|p1a: Ogerpon|[from] ability: Water Absorb
|
|upkeep
|turn|5
|
|t:|1776106323
|switch|p2a: Lilligant|Lilligant-Hisui, F, shiny|80/100
|move|p1a: Ogerpon|Swords Dance|p1a: Ogerpon
|-boost|p1a: Ogerpon|atk|2
|
|upkeep
|turn|6
|
|t:|1776106335
|move|p1a: Ogerpon|Play Rough|p2a: Lilligant
|-supereffective|p2a: Lilligant
|-damage|p2a: Lilligant|0 fnt
|faint|p2a: Lilligant
|
|upkeep
|
|t:|1776106360
|switch|p2a: Kingambit|Kingambit, F, shiny|100/100
|turn|7
|
|t:|1776106373
|move|p1a: Ogerpon|Ivy Cudgel|p2a: Kingambit|[anim] Ivy Cudgel Water
|-enditem|p2a: Kingambit|Focus Sash
|-damage|p2a: Kingambit|1/100
|move|p2a: Kingambit|Kowtow Cleave|p1a: Ogerpon
|-crit|p1a: Ogerpon
|-damage|p1a: Ogerpon|7/100
|
|upkeep
|turn|8
|
|t:|1776106382
|switch|p1a: Ceruledge|Ceruledge, F|42/100
|move|p2a: Kingambit|Stealth Rock|p1a: Ceruledge
|-sidestart|p1: tonightbaby|move: Stealth Rock
|
|upkeep
|turn|9
|
|t:|1776106388
|move|p1a: Ceruledge|Shadow Sneak|p2a: Kingambit
|-resisted|p2a: Kingambit
|-damage|p2a: Kingambit|0 fnt
|faint|p2a: Kingambit
|
|upkeep
|
|t:|1776106402
|switch|p2a: Walking Wake|Walking Wake|100/100
|turn|10
|
|t:|1776106411
|switch|p1a: Ogerpon|Ogerpon-Wellspring, F|7/100
|-damage|p1a: Ogerpon|0 fnt|[from] Stealth Rock
|faint|p1a: Ogerpon
|move|p2a: Walking Wake|Knock Off|p1: Ogerpon|[notarget]
|-fail|p2a: Walking Wake
|
|upkeep
|
|t:|1776106424
|switch|p1a: Inteleon|Inteleon, F|100/100
|-damage|p1a: Inteleon|88/100|[from] Stealth Rock
|turn|11
|
|t:|1776106428
|move|p1a: Inteleon|Ice Beam|p2a: Walking Wake
|-damage|p2a: Walking Wake|87/100
|move|p2a: Walking Wake|Knock Off|p1a: Inteleon
|-damage|p1a: Inteleon|60/100
|-enditem|p1a: Inteleon|Scope Lens|[from] move: Knock Off|[of] p2a: Walking Wake
|
|upkeep
|turn|12
|
|t:|1776106437
|move|p1a: Inteleon|Ice Beam|p2a: Walking Wake
|-damage|p2a: Walking Wake|73/100
|move|p2a: Walking Wake|Dragon Tail|p1a: Inteleon
|-damage|p1a: Inteleon|32/100
|drag|p1a: Dragonite|Dragonite, F|100/100
|
|upkeep
|turn|13
|
|t:|1776106448
|switch|p1a: Inteleon|Inteleon, F|32/100
|-damage|p1a: Inteleon|20/100|[from] Stealth Rock
|move|p2a: Walking Wake|Dragon Tail|p1a: Inteleon
|-damage|p1a: Inteleon|0 fnt
|faint|p1a: Inteleon
|
|upkeep
|
|t:|1776106454
|switch|p1a: Gholdengo|Gholdengo|100/100
|-damage|p1a: Gholdengo|94/100|[from] Stealth Rock
|-item|p1a: Gholdengo|Air Balloon
|turn|14
|
|t:|1776106457
|move|p1a: Gholdengo|Thunder Wave|p2a: Walking Wake
|-status|p2a: Walking Wake|par
|move|p2a: Walking Wake|Dragon Tail|p1a: Gholdengo
|-resisted|p1a: Gholdengo
|-damage|p1a: Gholdengo|88/100
|-enditem|p1a: Gholdengo|Air Balloon
|drag|p1a: Dragonite|Dragonite, F|100/100
|
|upkeep
|turn|15
|
|t:|1776106467
|switch|p1a: Ting-Lu|Ting-Lu|100/100
|-damage|p1a: Ting-Lu|94/100|[from] Stealth Rock
|-ability|p1a: Ting-Lu|Vessel of Ruin
|move|p2a: Walking Wake|Dragon Tail|p1a: Ting-Lu
|-damage|p1a: Ting-Lu|88/100
|drag|p1a: Gholdengo|Gholdengo|88/100
|-damage|p1a: Gholdengo|82/100|[from] Stealth Rock
|
|upkeep
|turn|16
|
|t:|1776106476
|move|p1a: Gholdengo|Hex|p2a: Walking Wake
|-damage|p2a: Walking Wake|47/100 par
|move|p2a: Walking Wake|Dragon Tail|p1a: Gholdengo
|-resisted|p1a: Gholdengo
|-damage|p1a: Gholdengo|74/100
|drag|p1a: Dragonite|Dragonite, F|100/100
|
|upkeep
|turn|17
|
|t:|1776106483
|switch|p1a: Ting-Lu|Ting-Lu|88/100
|-damage|p1a: Ting-Lu|82/100|[from] Stealth Rock
|-ability|p1a: Ting-Lu|Vessel of Ruin
|move|p2a: Walking Wake|Scald|p1a: Ting-Lu
|-supereffective|p1a: Ting-Lu
|-damage|p1a: Ting-Lu|45/100
|
|-heal|p1a: Ting-Lu|51/100|[from] item: Leftovers
|upkeep
|turn|18
|
|t:|1776106493
|move|p2a: Walking Wake|Scald|p1a: Ting-Lu
|-supereffective|p1a: Ting-Lu
|-damage|p1a: Ting-Lu|11/100
|move|p1a: Ting-Lu|Earthquake|p2a: Walking Wake
|-damage|p2a: Walking Wake|14/100 par
|
|-heal|p1a: Ting-Lu|17/100|[from] item: Leftovers
|upkeep
|turn|19
|
|t:|1776106498
|move|p2a: Walking Wake|Scald|p1a: Ting-Lu
|-supereffective|p1a: Ting-Lu
|-damage|p1a: Ting-Lu|0 fnt
|faint|p1a: Ting-Lu
|
|upkeep
|
|t:|1776106508
|switch|p1a: Gholdengo|Gholdengo|74/100
|-damage|p1a: Gholdengo|68/100|[from] Stealth Rock
|turn|20
|
|t:|1776106513
|move|p1a: Gholdengo|Hex|p2a: Walking Wake
|-damage|p2a: Walking Wake|0 fnt
|faint|p2a: Walking Wake
|-end|p2a: Walking Wake|Protosynthesis|[silent]
|
|upkeep
|
|t:|1776106517
|switch|p2a: Zapdos|Zapdos, shiny|100/100
|turn|21
|
|t:|1776106520
|switch|p1a: Dragonite|Dragonite, F|100/100
|move|p2a: Zapdos|Thunderbolt|p1a: Dragonite
|-damage|p1a: Dragonite|68/100
|-damage|p2a: Zapdos|91/100|[from] item: Life Orb
|
|upkeep
|turn|22
|
|t:|1776106527
|move|p2a: Zapdos|Hurricane|p1a: Dragonite
|-damage|p1a: Dragonite|0 fnt
|faint|p1a: Dragonite
|-damage|p2a: Zapdos|81/100|[from] item: Life Orb
|
|upkeep
|
|t:|1776106536
|switch|p1a: Gholdengo|Gholdengo|68/100
|-damage|p1a: Gholdengo|62/100|[from] Stealth Rock
|turn|23
|
|t:|1776106539
|move|p2a: Zapdos|Heat Wave|p1a: Gholdengo
|-supereffective|p1a: Gholdengo
|-damage|p1a: Gholdengo|0 fnt
|faint|p1a: Gholdengo
|-damage|p2a: Zapdos|71/100|[from] item: Life Orb
|
|upkeep
|
|t:|1776106543
|switch|p1a: Ceruledge|Ceruledge, F|42/100
|turn|24
|
|t:|1776106546
|move|p2a: Zapdos|Thunderbolt|p1a: Ceruledge
|-damage|p1a: Ceruledge|3/100
|-damage|p2a: Zapdos|61/100|[from] item: Life Orb
|move|p1a: Ceruledge|Bitter Blade|p2a: Zapdos
|-damage|p2a: Zapdos|11/100
|-heal|p1a: Ceruledge|25/100|[from] drain|[of] p2a: Zapdos
|
|upkeep
|turn|25
|
|t:|1776106551
|move|p1a: Ceruledge|Shadow Sneak|p2a: Zapdos
|-damage|p2a: Zapdos|0 fnt
|faint|p2a: Zapdos
|
|upkeep
|
|t:|1776106554
|switch|p2a: Alomomola|Alomomola, F, shiny|100/100
|turn|26
|
|t:|1776106560
|-terastallize|p1a: Ceruledge|Bug
|move|p1a: Ceruledge|Bulk Up|p1a: Ceruledge
|-boost|p1a: Ceruledge|atk|1
|-boost|p1a: Ceruledge|def|1
|move|p2a: Alomomola|Liquidation|p1a: Ceruledge
|-damage|p1a: Ceruledge|0 fnt
|faint|p1a: Ceruledge
|
|win|Mawile441
|raw|tonightbaby's rating: 1476 &rarr; <strong>1456</strong><br />(-20 for losing)
|raw|Mawile441's rating: 1481 &rarr; <strong>1501</strong><br />(+20 for winning)
|l| ohko_smeargle
|l|☆tonightbaby
|player|p1|
|l|☆Mawile441
|player|p2|
