|html|<div class="broadcast-blue"><strong>[Gen 9] OU is currently suspecting Tera Blast! For information on how to participate check out the <a href="https://www.smogon.com/tools/suspects/view/200">suspect thread</a>.</strong></div>
|j|☆twoflowersluggage
|j|☆TeraBlastGardevoir
|t:|1776096482
|gametype|singles
|player|p1|twoflowersluggage|pokefan-gen6|1509
|player|p2|TeraBlastGardevoir|giovanni|1472
|gen|9
|tier|[Gen 9] OU
|rated|
|rule|HP Percentage Mod: HP is shown in percentages
|rule|Endless Battle Clause: Forcing endless battles is banned
|rule|Species Clause: Limit one of each Pokémon
|rule|OHKO Clause: OHKO moves are banned
|rule|Evasion Items Clause: Evasion items are banned
|rule|Evasion Moves Clause: Evasion moves are banned
|rule|Evasion Abilities Clause: Evasion abilities are banned
|rule|Sleep Moves Clause: Sleep-inducing moves are banned
|clearpoke
|poke|p1|Zamazenta-*|
|poke|p1|Kyurem|
|poke|p1|Iron Treads|
|poke|p1|Tornadus-Therian, M|
|poke|p1|Pecharunt|
|poke|p1|Ting-Lu|
|poke|p2|Gardevoir, F|
|poke|p2|Rillaboom, F|
|poke|p2|Hawlucha, F|
|poke|p2|Iron Moth|
|poke|p2|Landorus-Therian, M|
|poke|p2|Kingambit, F|
|teampreview
|inactive|Battle timer is ON: inactive players will automatically lose when time's up. (requested by twoflowersluggage)
|
|t:|1776096533
|teamsize|p1|6
|teamsize|p2|6
|start
|switch|p1a: Tornadus|Tornadus-Therian, M|100/100
|switch|p2a: Kingambitch|Kingambit, F|100/100
|turn|1
|
|t:|1776096540
|switch|p1a: Ting-Lu|Ting-Lu|100/100
|-ability|p1a: Ting-Lu|Vessel of Ruin
|-end|p2a: Kingambitch|fallenundefined|[silent]
|switch|p2a: Dopamine Dorito|Iron Moth|100/100
|-enditem|p2a: Dopamine Dorito|Booster Energy
|-activate|p2a: Dopamine Dorito|ability: Quark Drive|[fromitem]
|-start|p2a: Dopamine Dorito|quarkdrivespe
|
|upkeep
|turn|2
|
|t:|1776096549
|-end|p2a: Dopamine Dorito|Quark Drive|[silent]
|switch|p2a: Rillaboom|Rillaboom, F|100/100
|-fieldstart|move: Grassy Terrain|[from] ability: Grassy Surge|[of] p2a: Rillaboom
|move|p1a: Ting-Lu|Spikes|p2a: Rillaboom
|-sidestart|p2: TeraBlastGardevoir|Spikes
|
|upkeep
|turn|3
|
|t:|1776096556
|switch|p1a: Pecharunt|Pecharunt|100/100
|move|p2a: Rillaboom|Wood Hammer|p1a: Pecharunt
|-resisted|p1a: Pecharunt
|-crit|p1a: Pecharunt
|-damage|p1a: Pecharunt|67/100
|-damage|p2a: Rillaboom|89/100|[from] Recoil
|
|-heal|p1a: Pecharunt|73/100|[from] Grassy Terrain
|-heal|p2a: Rillaboom|95/100|[from] Grassy Terrain
|upkeep
|turn|4
|
|t:|1776096575
|switch|p1a: Kyurem|Kyurem|100/100
|-ability|p1a: Kyurem|Pressure
|move|p2a: Rillaboom|Knock Off|p1a: Kyurem
|-damage|p1a: Kyurem|76/100
|-enditem|p1a: Kyurem|Assault Vest|[from] move: Knock Off|[of] p2a: Rillaboom
|
|-heal|p1a: Kyurem|82/100|[from] Grassy Terrain
|-heal|p2a: Rillaboom|100/100|[from] Grassy Terrain
|upkeep
|turn|5
|
|t:|1776096589
|switch|p2a: Dopamine Dorito|Iron Moth|100/100
|-damage|p2a: Dopamine Dorito|88/100|[from] Spikes
|move|p1a: Kyurem|Ice Beam|p2a: Dopamine Dorito
|-resisted|p2a: Dopamine Dorito
|-damage|p2a: Dopamine Dorito|61/100
|-status|p2a: Dopamine Dorito|frz
|
|-heal|p2a: Dopamine Dorito|67/100 frz|[from] Grassy Terrain
|-heal|p1a: Kyurem|88/100|[from] Grassy Terrain
|upkeep
|turn|6
|
|t:|1776096595
|cant|p2a: Dopamine Dorito|frz
|move|p1a: Kyurem|Earth Power|p2a: Dopamine Dorito
|-supereffective|p2a: Dopamine Dorito
|-damage|p2a: Dopamine Dorito|0 fnt
|faint|p2a: Dopamine Dorito
|-end|p2a: Dopamine Dorito|Quark Drive|[silent]
|
|-heal|p1a: Kyurem|94/100|[from] Grassy Terrain
|-fieldend|move: Grassy Terrain
|upkeep
|
|t:|1776096612
|switch|p2a: Kingambitch|Kingambit, F|100/100
|-damage|p2a: Kingambitch|88/100|[from] Spikes
|-activate|p2a: Kingambitch|ability: Supreme Overlord
|-start|p2a: Kingambitch|fallen1|[silent]
|turn|7
|
|t:|1776096618
|switch|p1a: Ting-Lu|Ting-Lu|100/100
|-ability|p1a: Ting-Lu|Vessel of Ruin
|move|p2a: Kingambitch|Iron Head|p1a: Ting-Lu
|-damage|p1a: Ting-Lu|77/100
|
|-heal|p1a: Ting-Lu|83/100|[from] item: Leftovers
|upkeep
|turn|8
|
|t:|1776096624
|move|p2a: Kingambitch|Swords Dance|p2a: Kingambitch
|-boost|p2a: Kingambitch|atk|2
|move|p1a: Ting-Lu|Ruination|p2a: Kingambitch
|-damage|p2a: Kingambitch|44/100
|
|-heal|p1a: Ting-Lu|89/100|[from] item: Leftovers
|upkeep
|turn|9
|
|t:|1776096635
|move|p2a: Kingambitch|Iron Head|p1a: Ting-Lu
|-damage|p1a: Ting-Lu|44/100
|move|p1a: Ting-Lu|Earthquake|p2a: Kingambitch
|-supereffective|p2a: Kingambitch
|-damage|p2a: Kingambitch|0 fnt
|faint|p2a: Kingambitch
|-end|p2a: Kingambitch|fallen1|[silent]
|
|-heal|p1a: Ting-Lu|50/100|[from] item: Leftovers
|upkeep
|
|t:|1776096649
|switch|p2a: Rillaboom|Rillaboom, F|100/100
|-damage|p2a: Rillaboom|88/100|[from] Spikes
|-fieldstart|move: Grassy Terrain|[from] ability: Grassy Surge|[of] p2a: Rillaboom
|turn|10
|inactive|twoflowersluggage has 120 seconds left.
|
|t:|1776096680
|switch|p1a: Pecharunt|Pecharunt|73/100
|move|p2a: Rillaboom|U-turn|p1a: Pecharunt
|-resisted|p1a: Pecharunt
|-damage|p1a: Pecharunt|69/100
|c|☆TeraBlastGardevoir|do you enjoy facing counter teams
|c|☆TeraBlastGardevoir|I hope you do
|
|t:|1776096705
|switch|p2a: Landorus|Landorus-Therian, M|100/100|[from] U-turn
|-ability|p2a: Landorus|Intimidate|boost
|-unboost|p1a: Pecharunt|atk|1
|
|-heal|p1a: Pecharunt|75/100|[from] Grassy Terrain
|upkeep
|turn|11
|inactive|twoflowersluggage has 120 seconds left.
|
|t:|1776096726
|switch|p1a: Kyurem|Kyurem|94/100
|-ability|p1a: Kyurem|Pressure
|move|p2a: Landorus|Earth Power|p1a: Kyurem
|-damage|p1a: Kyurem|64/100
|
|-heal|p1a: Kyurem|70/100|[from] Grassy Terrain
|upkeep
|turn|12
|-message|TeraBlastGardevoir forfeited.
|
|win|twoflowersluggage
|raw|twoflowersluggage's rating: 1509 &rarr; <strong>1527</strong><br />(+18 for winning)
|raw|TeraBlastGardevoir's rating: 1472 &rarr; <strong>1454</strong><br />(-18 for losing)
|l|☆TeraBlastGardevoir
|player|p2|
|l|☆twoflowersluggage
|player|p1|
