|html|<div class="broadcast-blue"><strong>[Gen 9] OU is currently suspecting Tera Blast! For information on how to participate check out the <a href="https://www.smogon.com/tools/suspects/view/200">suspect thread</a>.</strong></div>
|j|☆ebizi
|j|☆jeantower
|t:|1776152712
|gametype|singles
|player|p1|ebizi|rika|1410
|player|p2|jeantower|n|1358
|gen|9
|tier|[Gen 9] OU
|rated|
|rule|HP Percentage Mod: HP is shown in percentages
|rule|Endless Battle Clause: Forcing endless battles is banned
|rule|Species Clause: Limit one of each Pokémon
|rule|OHKO Clause: OHKO moves are banned
|rule|Evasion Items Clause: Evasion items are banned
|rule|Evasion Moves Clause: Evasion moves are banned
|rule|Evasion Abilities Clause: Evasion abilities are banned
|rule|Sleep Moves Clause: Sleep-inducing moves are banned
|clearpoke
|poke|p1|Primarina, F|
|poke|p1|Dragonite, F|
|poke|p1|Ting-Lu|
|poke|p1|Pecharunt|
|poke|p1|Zamazenta-*|
|poke|p1|Corviknight, M|
|poke|p2|Tyranitar, M|
|poke|p2|Landorus-Therian, M|
|poke|p2|Rotom-Wash|
|poke|p2|Iron Valiant|
|poke|p2|Kingambit, M|
|poke|p2|Excadrill, M|
|teampreview
|inactive|Battle timer is ON: inactive players will automatically lose when time's up. (requested by jeantower)
|
|t:|1776152729
|teamsize|p1|6
|teamsize|p2|6
|start
|switch|p1a: FightForBlocks|Ting-Lu|100/100
|switch|p2a: Washer|Rotom-Wash, shiny|100/100
|-ability|p1a: FightForBlocks|Vessel of Ruin
|turn|1
|
|t:|1776152732
|move|p2a: Washer|Will-O-Wisp|p1a: FightForBlocks
|-status|p1a: FightForBlocks|brn
|move|p1a: FightForBlocks|Stealth Rock|p2a: Washer
|-sidestart|p2: jeantower|move: Stealth Rock
|
|-damage|p1a: FightForBlocks|94/100 brn|[from] brn
|upkeep
|turn|2
|
|t:|1776152738
|move|p2a: Washer|Hydro Pump|p1a: FightForBlocks
|-supereffective|p1a: FightForBlocks
|-damage|p1a: FightForBlocks|60/100 brn
|move|p1a: FightForBlocks|Ruination|p2a: Washer
|-damage|p2a: Washer|51/100
|
|-heal|p2a: Washer|57/100|[from] item: Leftovers
|-heal|p1a: FightForBlocks|66/100 brn|[from] item: Leftovers
|-damage|p1a: FightForBlocks|60/100 brn|[from] brn
|upkeep
|turn|3
|
|t:|1776152748
|move|p2a: Washer|Hydro Pump|p1a: FightForBlocks
|-supereffective|p1a: FightForBlocks
|-damage|p1a: FightForBlocks|29/100 brn
|move|p1a: FightForBlocks|Whirlwind|p2a: Washer
|drag|p2a: Terrone|Landorus-Therian, M, shiny|100/100
|-damage|p2a: Terrone|88/100|[from] Stealth Rock
|-ability|p2a: Terrone|Intimidate|boost
|-unboost|p1a: FightForBlocks|atk|1
|
|-heal|p1a: FightForBlocks|35/100 brn|[from] item: Leftovers
|-damage|p1a: FightForBlocks|29/100 brn|[from] brn
|upkeep
|turn|4
|
|t:|1776152751
|move|p2a: Terrone|U-turn|p1a: FightForBlocks
|-supereffective|p1a: FightForBlocks
|-damage|p1a: FightForBlocks|1/100 brn
|
|t:|1776152756
|switch|p2a: Washer|Rotom-Wash, shiny|57/100|[from] U-turn
|-damage|p2a: Washer|44/100|[from] Stealth Rock
|move|p1a: FightForBlocks|Ruination|p2a: Washer
|-damage|p2a: Washer|23/100
|
|-heal|p2a: Washer|29/100|[from] item: Leftovers
|-heal|p1a: FightForBlocks|8/100 brn|[from] item: Leftovers
|-damage|p1a: FightForBlocks|1/100 brn|[from] brn
|upkeep
|turn|5
|
|t:|1776152764
|move|p2a: Washer|Hydro Pump|p1a: FightForBlocks
|-supereffective|p1a: FightForBlocks
|-damage|p1a: FightForBlocks|0 fnt
|faint|p1a: FightForBlocks
|
|-heal|p2a: Washer|34/100|[from] item: Leftovers
|upkeep
|
|t:|1776152770
|switch|p1a: MindBody&Soul|Zamazenta|100/100
|-ability|p1a: MindBody&Soul|Dauntless Shield|boost
|-boost|p1a: MindBody&Soul|def|1
|turn|6
|
|t:|1776152777
|switch|p2a: Sonic|Iron Valiant, shiny|100/100
|-damage|p2a: Sonic|94/100|[from] Stealth Rock
|-enditem|p2a: Sonic|Booster Energy
|-activate|p2a: Sonic|ability: Quark Drive|[fromitem]
|-start|p2a: Sonic|quarkdrivespe
|move|p1a: MindBody&Soul|Body Press|p2a: Sonic
|-resisted|p2a: Sonic
|-damage|p2a: Sonic|58/100
|
|upkeep
|turn|7
|
|t:|1776152782
|switch|p1a: PossessedSoul|Pecharunt|100/100
|move|p2a: Sonic|Moonblast|p1a: PossessedSoul
|-resisted|p1a: PossessedSoul
|-damage|p1a: PossessedSoul|77/100
|
|upkeep
|turn|8
|
|t:|1776152791
|-end|p2a: Sonic|Quark Drive|[silent]
|switch|p2a: Gojira|Tyranitar, M|100/100
|-damage|p2a: Gojira|88/100|[from] Stealth Rock
|-weather|Sandstorm|[from] ability: Sand Stream|[of] p2a: Gojira
|switch|p1a: EyeOnMe|Corviknight, M|100/100
|-ability|p1a: EyeOnMe|Pressure
|
|-weather|Sandstorm|[upkeep]
|upkeep
|turn|9
|
|t:|1776152797
|move|p2a: Gojira|Knock Off|p1a: EyeOnMe
|-damage|p1a: EyeOnMe|49/100
|-damage|p2a: Gojira|72/100|[from] item: Rocky Helmet|[of] p1a: EyeOnMe
|-enditem|p1a: EyeOnMe|Rocky Helmet|[from] move: Knock Off|[of] p2a: Gojira
|move|p1a: EyeOnMe|U-turn|p2a: Gojira
|-supereffective|p2a: Gojira
|-damage|p2a: Gojira|43/100
|
|t:|1776152799
|switch|p1a: MindBody&Soul|Zamazenta|100/100|[from] U-turn
|
|-weather|Sandstorm|[upkeep]
|-damage|p1a: MindBody&Soul|94/100|[from] Sandstorm
|upkeep
|turn|10
|
|t:|1776152809
|switch|p2a: Terrone|Landorus-Therian, M, shiny|88/100
|-damage|p2a: Terrone|76/100|[from] Stealth Rock
|-ability|p2a: Terrone|Intimidate|boost
|-unboost|p1a: MindBody&Soul|atk|1
|move|p1a: MindBody&Soul|Body Press|p2a: Terrone
|-resisted|p2a: Terrone
|-damage|p2a: Terrone|53/100
|
|-weather|Sandstorm|[upkeep]
|-damage|p1a: MindBody&Soul|88/100|[from] Sandstorm
|upkeep
|turn|11
|
|t:|1776152816
|move|p2a: Terrone|U-turn|p1a: MindBody&Soul
|-resisted|p1a: MindBody&Soul
|-damage|p1a: MindBody&Soul|78/100
|
|t:|1776152818
|switch|p2a: Sonic|Iron Valiant, shiny|58/100|[from] U-turn
|-damage|p2a: Sonic|52/100|[from] Stealth Rock
|move|p1a: MindBody&Soul|Body Press|p2a: Sonic
|-resisted|p2a: Sonic
|-damage|p2a: Sonic|28/100
|
|-weather|Sandstorm|[upkeep]
|-damage|p1a: MindBody&Soul|72/100|[from] Sandstorm
|-damage|p2a: Sonic|22/100|[from] Sandstorm
|upkeep
|turn|12
|
|t:|1776152824
|switch|p1a: EyeOnMe|Corviknight, M|49/100
|-ability|p1a: EyeOnMe|Pressure
|move|p2a: Sonic|Moonblast|p1a: EyeOnMe
|-resisted|p1a: EyeOnMe
|-damage|p1a: EyeOnMe|27/100
|
|-weather|none
|upkeep
|turn|13
|
|t:|1776152828
|move|p2a: Sonic|Moonblast|p1a: EyeOnMe
|-resisted|p1a: EyeOnMe
|-damage|p1a: EyeOnMe|6/100
|-unboost|p1a: EyeOnMe|spa|1
|move|p1a: EyeOnMe|Roost|p1a: EyeOnMe
|-heal|p1a: EyeOnMe|56/100
|-singleturn|p1a: EyeOnMe|move: Roost
|
|upkeep
|turn|14
|
|t:|1776152836
|move|p2a: Sonic|Encore|p1a: EyeOnMe
|-start|p1a: EyeOnMe|Encore
|move|p1a: EyeOnMe|Roost|p1a: EyeOnMe
|-heal|p1a: EyeOnMe|100/100
|-singleturn|p1a: EyeOnMe|move: Roost
|
|upkeep
|turn|15
|
|t:|1776152839
|-end|p2a: Sonic|Quark Drive|[silent]
|switch|p2a: Terrone|Landorus-Therian, M, shiny|53/100
|-damage|p2a: Terrone|41/100|[from] Stealth Rock
|-ability|p2a: Terrone|Intimidate|boost
|-unboost|p1a: EyeOnMe|atk|1
|switch|p1a: PossessedSoul|Pecharunt|77/100
|
|upkeep
|turn|16
|
|t:|1776152843
|switch|p1a: EyeOnMe|Corviknight, M|100/100
|-ability|p1a: EyeOnMe|Pressure
|move|p2a: Terrone|Earthquake|p1a: EyeOnMe
|-immune|p1a: EyeOnMe
|
|upkeep
|turn|17
|
|t:|1776152849
|switch|p2a: Washer|Rotom-Wash, shiny|34/100
|-damage|p2a: Washer|22/100|[from] Stealth Rock
|move|p1a: EyeOnMe|Brave Bird|p2a: Washer
|-resisted|p2a: Washer
|-damage|p2a: Washer|6/100
|-damage|p1a: EyeOnMe|96/100|[from] Recoil
|
|-heal|p2a: Washer|12/100|[from] item: Leftovers
|upkeep
|turn|18
|
|t:|1776152857
|switch|p1a: DemonSaidToDie|Primarina, F, shiny|100/100
|move|p2a: Washer|Pain Split|p1a: DemonSaidToDie
|-sethp|p1a: DemonSaidToDie|55/100|[from] move: Pain Split|[silent]
|-sethp|p2a: Washer|67/100|[from] move: Pain Split
|
|-heal|p2a: Washer|72/100|[from] item: Leftovers
|-heal|p1a: DemonSaidToDie|61/100|[from] item: Leftovers
|upkeep
|turn|19
|
|t:|1776152863
|move|p1a: DemonSaidToDie|Protect|p1a: DemonSaidToDie
|-singleturn|p1a: DemonSaidToDie|Protect
|move|p2a: Washer|Volt Switch|p1a: DemonSaidToDie
|-activate|p1a: DemonSaidToDie|move: Protect
|
|-heal|p2a: Washer|78/100|[from] item: Leftovers
|-heal|p1a: DemonSaidToDie|68/100|[from] item: Leftovers
|upkeep
|turn|20
|
|t:|1776152883
|move|p2a: Washer|Will-O-Wisp|p1a: DemonSaidToDie
|-status|p1a: DemonSaidToDie|brn
|move|p1a: DemonSaidToDie|Moonblast|p2a: Washer
|-damage|p2a: Washer|34/100
|-unboost|p2a: Washer|spa|1
|
|-heal|p2a: Washer|40/100|[from] item: Leftovers
|-heal|p1a: DemonSaidToDie|74/100 brn|[from] item: Leftovers
|-damage|p1a: DemonSaidToDie|68/100 brn|[from] brn
|upkeep
|turn|21
|
|t:|1776152890
|move|p1a: DemonSaidToDie|Protect|p1a: DemonSaidToDie
|-singleturn|p1a: DemonSaidToDie|Protect
|move|p2a: Washer|Pain Split|p1a: DemonSaidToDie
|-activate|p1a: DemonSaidToDie|move: Protect
|
|-heal|p2a: Washer|46/100|[from] item: Leftovers
|-heal|p1a: DemonSaidToDie|74/100 brn|[from] item: Leftovers
|-damage|p1a: DemonSaidToDie|68/100 brn|[from] brn
|upkeep
|turn|22
|
|t:|1776152896
|switch|p1a: PossessedSoul|Pecharunt|77/100
|move|p2a: Washer|Pain Split|p1a: PossessedSoul
|-sethp|p1a: PossessedSoul|58/100|[from] move: Pain Split|[silent]
|-sethp|p2a: Washer|68/100|[from] move: Pain Split
|
|-heal|p2a: Washer|74/100|[from] item: Leftovers
|upkeep
|turn|23
|
|t:|1776152902
|move|p1a: PossessedSoul|Malignant Chain|p2a: Washer
|-damage|p2a: Washer|39/100
|move|p2a: Washer|Will-O-Wisp|p1a: PossessedSoul
|-status|p1a: PossessedSoul|brn
|
|-heal|p2a: Washer|45/100|[from] item: Leftovers
|-damage|p1a: PossessedSoul|52/100 brn|[from] brn
|upkeep
|turn|24
|
|t:|1776152911
|move|p1a: PossessedSoul|Recover|p1a: PossessedSoul
|-heal|p1a: PossessedSoul|100/100 brn
|move|p2a: Washer|Pain Split|p1a: PossessedSoul
|-sethp|p1a: PossessedSoul|69/100 brn|[from] move: Pain Split|[silent]
|-sethp|p2a: Washer|82/100|[from] move: Pain Split
|
|-heal|p2a: Washer|88/100|[from] item: Leftovers
|-damage|p1a: PossessedSoul|63/100 brn|[from] brn
|upkeep
|turn|25
|
|t:|1776152917
|move|p1a: PossessedSoul|Nasty Plot|p1a: PossessedSoul
|-boost|p1a: PossessedSoul|spa|2
|move|p2a: Washer|Volt Switch|p1a: PossessedSoul
|-damage|p1a: PossessedSoul|46/100 brn
|
|t:|1776152921
|switch|p2a: Gojira|Tyranitar, M|43/100|[from] Volt Switch
|-damage|p2a: Gojira|31/100|[from] Stealth Rock
|-weather|Sandstorm|[from] ability: Sand Stream|[of] p2a: Gojira
|
|-weather|Sandstorm|[upkeep]
|-damage|p1a: PossessedSoul|40/100 brn|[from] Sandstorm
|-damage|p1a: PossessedSoul|34/100 brn|[from] brn
|upkeep
|turn|26
|
|t:|1776152927
|switch|p1a: EyeOnMe|Corviknight, M|96/100
|-ability|p1a: EyeOnMe|Pressure
|move|p2a: Gojira|Knock Off|p1a: EyeOnMe
|-damage|p1a: EyeOnMe|60/100
|
|-weather|Sandstorm|[upkeep]
|upkeep
|turn|27
|
|t:|1776152938
|move|p2a: Gojira|Knock Off|p1a: EyeOnMe
|-damage|p1a: EyeOnMe|28/100
|move|p1a: EyeOnMe|Roost|p1a: EyeOnMe
|-heal|p1a: EyeOnMe|78/100
|-singleturn|p1a: EyeOnMe|move: Roost
|
|-weather|Sandstorm|[upkeep]
|upkeep
|turn|28
|
|t:|1776152949
|move|p2a: Gojira|Knock Off|p1a: EyeOnMe
|-damage|p1a: EyeOnMe|45/100
|move|p1a: EyeOnMe|U-turn|p2a: Gojira
|-supereffective|p2a: Gojira
|-damage|p2a: Gojira|2/100
|
|t:|1776152953
|switch|p1a: MindBody&Soul|Zamazenta|72/100|[from] U-turn
|
|-weather|Sandstorm|[upkeep]
|-damage|p1a: MindBody&Soul|66/100|[from] Sandstorm
|upkeep
|turn|29
|
|t:|1776152957
|switch|p2a: Sonic|Iron Valiant, shiny|22/100
|-damage|p2a: Sonic|15/100|[from] Stealth Rock
|move|p1a: MindBody&Soul|Body Press|p2a: Sonic
|-resisted|p2a: Sonic
|-damage|p2a: Sonic|0 fnt
|faint|p2a: Sonic
|-end|p2a: Sonic|Quark Drive|[silent]
|
|-weather|none
|upkeep
|
|t:|1776152970
|switch|p2a: Washer|Rotom-Wash, shiny|88/100
|-damage|p2a: Washer|75/100|[from] Stealth Rock
|turn|30
|
|t:|1776152976
|switch|p1a: DemonSaidToDie|Primarina, F, shiny|68/100 brn
|move|p2a: Washer|Volt Switch|p1a: DemonSaidToDie
|-supereffective|p1a: DemonSaidToDie
|-damage|p1a: DemonSaidToDie|29/100 brn
|
|t:|1776152987
|switch|p2a: Driller|Excadrill, M|100/100|[from] Volt Switch
|-damage|p2a: Driller|97/100|[from] Stealth Rock
|
|-heal|p1a: DemonSaidToDie|35/100 brn|[from] item: Leftovers
|-damage|p1a: DemonSaidToDie|29/100 brn|[from] brn
|upkeep
|turn|31
|
|t:|1776152998
|switch|p1a: MindBody&Soul|Zamazenta|66/100
|move|p2a: Driller|Rapid Spin|p1a: MindBody&Soul
|-damage|p1a: MindBody&Soul|50/100
|-boost|p2a: Driller|spe|1
|-sideend|p2: jeantower|Stealth Rock|[from] move: Rapid Spin|[of] p2a: Driller
|-damage|p2a: Driller|87/100|[from] item: Life Orb
|
|upkeep
|turn|32
|
|t:|1776153003
|switch|p2a: Gojira|Tyranitar, M|2/100
|-weather|Sandstorm|[from] ability: Sand Stream|[of] p2a: Gojira
|move|p1a: MindBody&Soul|Body Press|p2a: Gojira
|-supereffective|p2a: Gojira
|-damage|p2a: Gojira|0 fnt
|faint|p2a: Gojira
|
|-weather|Sandstorm|[upkeep]
|-damage|p1a: MindBody&Soul|44/100|[from] Sandstorm
|upkeep
|
|t:|1776153023
|switch|p2a: Washer|Rotom-Wash, shiny|75/100
|turn|33
|
|t:|1776153027
|switch|p1a: DemonSaidToDie|Primarina, F, shiny|29/100 brn
|move|p2a: Washer|Will-O-Wisp|p1a: DemonSaidToDie
|-fail|p1a: DemonSaidToDie|brn
|
|-weather|Sandstorm|[upkeep]
|-damage|p2a: Washer|69/100|[from] Sandstorm
|-damage|p1a: DemonSaidToDie|23/100 brn|[from] Sandstorm
|-heal|p2a: Washer|75/100|[from] item: Leftovers
|-heal|p1a: DemonSaidToDie|29/100 brn|[from] item: Leftovers
|-damage|p1a: DemonSaidToDie|23/100 brn|[from] brn
|upkeep
|turn|34
|
|t:|1776153037
|move|p2a: Washer|Volt Switch|p1a: DemonSaidToDie
|-supereffective|p1a: DemonSaidToDie
|-damage|p1a: DemonSaidToDie|0 fnt
|faint|p1a: DemonSaidToDie
|
|t:|1776153040
|switch|p2a: Terrone|Landorus-Therian, M, shiny|41/100|[from] Volt Switch
|
|-weather|Sandstorm|[upkeep]
|upkeep
|
|t:|1776153049
|switch|p1a: EyeOnMe|Corviknight, M|45/100
|-ability|p1a: EyeOnMe|Pressure
|turn|35
|
|t:|1776153054
|-terastallize|p2a: Terrone|Fire
|move|p2a: Terrone|Tera Blast|p1a: EyeOnMe|[anim] Tera Blast Fire
|-supereffective|p1a: EyeOnMe
|-damage|p1a: EyeOnMe|0 fnt
|faint|p1a: EyeOnMe
|
|-weather|Sandstorm|[upkeep]
|-damage|p2a: Terrone|35/100|[from] Sandstorm
|upkeep
|
|t:|1776153058
|switch|p1a: MindBody&Soul|Zamazenta|44/100
|turn|36
|
|t:|1776153064
|move|p2a: Terrone|Tera Blast|p1a: MindBody&Soul|[anim] Tera Blast Fire
|-damage|p1a: MindBody&Soul|14/100
|move|p1a: MindBody&Soul|Iron Defense|p1a: MindBody&Soul
|-boost|p1a: MindBody&Soul|def|2
|
|-weather|none
|upkeep
|turn|37
|
|t:|1776153070
|move|p2a: Terrone|Tera Blast|p1a: MindBody&Soul|[anim] Tera Blast Fire
|-damage|p1a: MindBody&Soul|0 fnt
|faint|p1a: MindBody&Soul
|
|upkeep
|
|t:|1776153072
|switch|p1a: NineMilliDragon|Dragonite, F|100/100
|turn|38
|
|t:|1776153082
|switch|p2a: Washer|Rotom-Wash, shiny|75/100
|move|p1a: NineMilliDragon|Dragon Dance|p1a: NineMilliDragon
|-boost|p1a: NineMilliDragon|atk|1
|-boost|p1a: NineMilliDragon|spe|1
|
|-heal|p2a: Washer|81/100|[from] item: Leftovers
|upkeep
|turn|39
|
|t:|1776153085
|-terastallize|p1a: NineMilliDragon|Fire
|move|p1a: NineMilliDragon|Dragon Dance|p1a: NineMilliDragon
|-boost|p1a: NineMilliDragon|atk|1
|-boost|p1a: NineMilliDragon|spe|1
|move|p2a: Washer|Will-O-Wisp|p1a: NineMilliDragon|[miss]
|-miss|p2a: Washer|p1a: NineMilliDragon
|
|-heal|p2a: Washer|87/100|[from] item: Leftovers
|upkeep
|turn|40
|
|t:|1776153091
|move|p1a: NineMilliDragon|Encore|p2a: Washer
|-start|p2a: Washer|Encore
|move|p2a: Washer|Will-O-Wisp|p1a: NineMilliDragon
|-immune|p1a: NineMilliDragon
|
|-heal|p2a: Washer|93/100|[from] item: Leftovers
|upkeep
|turn|41
|
|t:|1776153094
|switch|p2a: Terrone|Landorus-Therian, M, shiny, tera:Fire|35/100
|-ability|p2a: Terrone|Intimidate|boost
|-unboost|p1a: NineMilliDragon|atk|1
|move|p1a: NineMilliDragon|Dragon Dance|p1a: NineMilliDragon
|-boost|p1a: NineMilliDragon|atk|1
|-boost|p1a: NineMilliDragon|spe|1
|
|upkeep
|turn|42
|
|t:|1776153099
|move|p1a: NineMilliDragon|Dragon Claw|p2a: Terrone
|-damage|p2a: Terrone|0 fnt
|faint|p2a: Terrone
|
|upkeep
|
|t:|1776153102
|switch|p2a: Washer|Rotom-Wash, shiny|93/100
|turn|43
|
|t:|1776153106
|move|p1a: NineMilliDragon|Dragon Claw|p2a: Washer
|-damage|p2a: Washer|27/100
|move|p2a: Washer|Hydro Pump|p1a: NineMilliDragon
|-supereffective|p1a: NineMilliDragon
|-damage|p1a: NineMilliDragon|58/100
|
|-heal|p2a: Washer|33/100|[from] item: Leftovers
|upkeep
|turn|44
|
|t:|1776153109
|move|p1a: NineMilliDragon|Dragon Claw|p2a: Washer
|-damage|p2a: Washer|0 fnt
|faint|p2a: Washer
|
|upkeep
|
|t:|1776153112
|switch|p2a: Driller|Excadrill, M|87/100
|turn|45
|
|t:|1776153114
|move|p1a: NineMilliDragon|Fire Punch|p2a: Driller
|-supereffective|p2a: Driller
|-damage|p2a: Driller|0 fnt
|faint|p2a: Driller
|
|upkeep
|
|t:|1776153116
|switch|p2a: Gambler|Kingambit, M, shiny|100/100
|-activate|p2a: Gambler|ability: Supreme Overlord
|-start|p2a: Gambler|fallen5|[silent]
|turn|46
|
|t:|1776153121
|move|p1a: NineMilliDragon|Fire Punch|p2a: Gambler
|-supereffective|p2a: Gambler
|-damage|p2a: Gambler|0 fnt
|faint|p2a: Gambler
|-end|p2a: Gambler|fallen5|[silent]
|
|win|ebizi
|raw|ebizi's rating: 1410 &rarr; <strong>1427</strong><br />(+17 for winning)
|raw|jeantower's rating: 1358 &rarr; <strong>1341</strong><br />(-17 for losing)
|l|☆jeantower
|player|p2|
