|html|<div class="broadcast-blue"><strong>[Gen 9] OU is currently suspecting Tera Blast! For information on how to participate check out the <a href="https://www.smogon.com/tools/suspects/view/200">suspect thread</a>.</strong></div>
|j|☆mtssssss
|j|☆joedo
|t:|1776075699
|gametype|singles
|player|p1|mtssssss|101|1061
|player|p2|joedo|170|1084
|gen|9
|tier|[Gen 9] OU
|rated|
|rule|HP Percentage Mod: HP is shown in percentages
|rule|Endless Battle Clause: Forcing endless battles is banned
|rule|Species Clause: Limit one of each Pokémon
|rule|OHKO Clause: OHKO moves are banned
|rule|Evasion Items Clause: Evasion items are banned
|rule|Evasion Moves Clause: Evasion moves are banned
|rule|Evasion Abilities Clause: Evasion abilities are banned
|rule|Sleep Moves Clause: Sleep-inducing moves are banned
|clearpoke
|poke|p1|Furret, M|
|poke|p1|Glimmora, M|
|poke|p1|Zamazenta-*|
|poke|p1|Scizor, F|
|poke|p1|Iron Valiant|
|poke|p1|Dragonite, F|
|poke|p2|Toxapex, M|
|poke|p2|Ambipom, M|
|poke|p2|Chandelure, F|
|poke|p2|Garchomp, F|
|poke|p2|Scizor, M|
|poke|p2|Dragapult, M|
|teampreview
|
|t:|1776075716
|teamsize|p1|6
|teamsize|p2|6
|start
|switch|p1a: Glimmora|Glimmora, M|100/100
|switch|p2a: Ambipom|Ambipom, M|100/100
|turn|1
|
|t:|1776075738
|switch|p2a: Scizor|Scizor, M|100/100
|move|p1a: Glimmora|Stealth Rock|p2a: Scizor
|-sidestart|p2: joedo|move: Stealth Rock
|
|upkeep
|turn|2
|
|t:|1776075760
|move|p2a: Scizor|Bullet Punch|p1a: Glimmora
|-supereffective|p1a: Glimmora
|-damage|p1a: Glimmora|3/100
|-activate|p1a: Glimmora|ability: Toxic Debris
|-sidestart|p2: joedo|move: Toxic Spikes
|-enditem|p1a: Glimmora|Red Card|[of] p2a: Scizor
|drag|p2a: Toxapex|Toxapex, M|100/100
|-damage|p2a: Toxapex|88/100|[from] Stealth Rock
|-sideend|p2: joedo|move: Toxic Spikes|[of] p2a: Toxapex
|move|p1a: Glimmora|Earth Power|p2a: Toxapex
|-supereffective|p2a: Toxapex
|-damage|p2a: Toxapex|55/100
|
|-heal|p2a: Toxapex|61/100|[from] item: Leftovers
|upkeep
|turn|3
|
|t:|1776075777
|switch|p1a: Iron Valiant|Iron Valiant|100/100
|-enditem|p1a: Iron Valiant|Booster Energy
|-activate|p1a: Iron Valiant|ability: Quark Drive|[fromitem]
|-start|p1a: Iron Valiant|quarkdrivespe
|move|p2a: Toxapex|Surf|p1a: Iron Valiant
|-damage|p1a: Iron Valiant|66/100
|
|-heal|p2a: Toxapex|68/100|[from] item: Leftovers
|upkeep
|turn|4
|
|t:|1776075786
|move|p1a: Iron Valiant|Close Combat|p2a: Toxapex
|-resisted|p2a: Toxapex
|-damage|p2a: Toxapex|49/100
|-unboost|p1a: Iron Valiant|def|1
|-unboost|p1a: Iron Valiant|spd|1
|move|p2a: Toxapex|Toxic|p1a: Iron Valiant
|-status|p1a: Iron Valiant|tox
|
|-heal|p2a: Toxapex|55/100|[from] item: Leftovers
|-damage|p1a: Iron Valiant|60/100 tox|[from] psn
|upkeep
|turn|5
|
|t:|1776075800
|move|p1a: Iron Valiant|Knock Off|p2a: Toxapex
|-damage|p2a: Toxapex|33/100
|-enditem|p2a: Toxapex|Leftovers|[from] move: Knock Off|[of] p1a: Iron Valiant
|move|p2a: Toxapex|Recover|p2a: Toxapex
|-heal|p2a: Toxapex|83/100
|
|-damage|p1a: Iron Valiant|47/100 tox|[from] psn
|upkeep
|turn|6
|
|t:|1776075808
|move|p1a: Iron Valiant|Knock Off|p2a: Toxapex
|-damage|p2a: Toxapex|70/100
|move|p2a: Toxapex|Surf|p1a: Iron Valiant
|-damage|p1a: Iron Valiant|0 fnt
|faint|p1a: Iron Valiant
|-end|p1a: Iron Valiant|Quark Drive|[silent]
|
|upkeep
|
|t:|1776075816
|switch|p1a: Furret|Furret, M|100/100
|turn|7
|
|t:|1776075824
|move|p1a: Furret|Tidy Up|p1a: Furret
|-sideend|p2: joedo|Stealth Rock
|-activate|p1a: Furret|move: Tidy Up
|-boost|p1a: Furret|atk|1
|-boost|p1a: Furret|spe|1
|move|p2a: Toxapex|Toxic|p1a: Furret
|-status|p1a: Furret|tox
|
|-damage|p1a: Furret|94/100 tox|[from] psn
|upkeep
|turn|8
|
|t:|1776075832
|move|p1a: Furret|Last Resort|p2a: Toxapex
|-damage|p2a: Toxapex|0 fnt
|faint|p2a: Toxapex
|-damage|p1a: Furret|84/100 tox|[from] item: Life Orb
|
|-damage|p1a: Furret|72/100 tox|[from] psn
|upkeep
|
|t:|1776075840
|switch|p2a: Ambipom|Ambipom, M|100/100
|turn|9
|
|t:|1776075843
|move|p2a: Ambipom|Fake Out|p1a: Furret
|-damage|p1a: Furret|17/100 tox
|-damage|p2a: Ambipom|91/100|[from] item: Life Orb
|cant|p1a: Furret|flinch
|
|-damage|p1a: Furret|0 fnt|[from] psn
|faint|p1a: Furret
|upkeep
|
|t:|1776075853
|switch|p1a: Glimmora|Glimmora, M|3/100
|turn|10
|
|t:|1776075861
|move|p2a: Ambipom|Triple Axel|p1a: Glimmora
|-damage|p1a: Glimmora|0 fnt
|-activate|p1a: Glimmora|ability: Toxic Debris
|-sidestart|p2: joedo|move: Toxic Spikes
|faint|p1a: Glimmora
|-hitcount|p1: Glimmora|1
|-damage|p2a: Ambipom|81/100|[from] item: Life Orb
|
|upkeep
|
|t:|1776075873
|switch|p1a: Dragonite|Dragonite, F|100/100
|turn|11
|
|t:|1776075878
|move|p2a: Ambipom|Triple Axel|p1a: Dragonite
|-supereffective|p1a: Dragonite
|-damage|p1a: Dragonite|74/100
|-supereffective|p1a: Dragonite
|-damage|p1a: Dragonite|0 fnt
|faint|p1a: Dragonite
|-hitcount|p1: Dragonite|2
|-damage|p2a: Ambipom|71/100|[from] item: Life Orb
|
|upkeep
|
|t:|1776075886
|switch|p1a: Scizor|Scizor, F|100/100
|turn|12
|
|t:|1776075895
|move|p2a: Ambipom|U-turn|p1a: Scizor
|-resisted|p1a: Scizor
|-damage|p1a: Scizor|85/100
|-damage|p2a: Ambipom|61/100|[from] item: Life Orb
|
|t:|1776075901
|switch|p2a: Chandelure|Chandelure, F|100/100|[from] U-turn
|-status|p2a: Chandelure|psn
|move|p1a: Scizor|Close Combat|p2a: Chandelure
|-immune|p2a: Chandelure
|
|-damage|p2a: Chandelure|88/100 psn|[from] psn
|upkeep
|turn|13
|
|t:|1776075911
|move|p2a: Chandelure|Flamethrower|p1a: Scizor
|-supereffective|p1a: Scizor
|-damage|p1a: Scizor|0 fnt
|faint|p1a: Scizor
|
|-damage|p2a: Chandelure|76/100 psn|[from] psn
|upkeep
|
|t:|1776075917
|switch|p1a: Zamazenta|Zamazenta|100/100
|-ability|p1a: Zamazenta|Dauntless Shield|boost
|-boost|p1a: Zamazenta|def|1
|turn|14
|
|t:|1776075931
|switch|p2a: Scizor|Scizor, M|100/100
|move|p1a: Zamazenta|Crunch|p2a: Scizor
|-damage|p2a: Scizor|74/100
|
|upkeep
|turn|15
|
|t:|1776075942
|move|p1a: Zamazenta|Stone Edge|p2a: Scizor
|-damage|p2a: Scizor|44/100
|move|p2a: Scizor|Defog|p1a: Zamazenta
|-fail|p1a: Zamazenta|unboost|[from] item: Clear Amulet|[of] p1a: Zamazenta
|-sideend|p2: joedo|Toxic Spikes|[from] move: Defog|[of] p2a: Scizor
|
|upkeep
|turn|16
|
|t:|1776075957
|-terastallize|p1a: Zamazenta|Fire
|move|p2a: Scizor|Bullet Punch|p1a: Zamazenta
|-resisted|p1a: Zamazenta
|-damage|p1a: Zamazenta|85/100
|-damage|p2a: Scizor|34/100|[from] item: Life Orb
|move|p1a: Zamazenta|Stone Edge|p2a: Scizor
|-damage|p2a: Scizor|3/100
|
|upkeep
|turn|17
|
|t:|1776075970
|move|p1a: Zamazenta|Crunch|p2a: Scizor
|-damage|p2a: Scizor|0 fnt
|faint|p2a: Scizor
|
|upkeep
|
|t:|1776075979
|switch|p2a: Ambipom|Ambipom, M|61/100
|turn|18
|
|t:|1776075992
|move|p2a: Ambipom|Fake Out|p1a: Zamazenta
|-damage|p1a: Zamazenta|60/100
|-damage|p2a: Ambipom|51/100|[from] item: Life Orb
|cant|p1a: Zamazenta|flinch
|
|upkeep
|turn|19
|
|t:|1776076001
|switch|p2a: Garchomp|Garchomp, F|100/100
|move|p1a: Zamazenta|Close Combat|p2a: Garchomp
|-damage|p2a: Garchomp|51/100
|-unboost|p1a: Zamazenta|def|1
|-unboost|p1a: Zamazenta|spd|1
|-damage|p1a: Zamazenta|48/100|[from] ability: Rough Skin|[of] p2a: Garchomp
|-damage|p1a: Zamazenta|31/100|[from] item: Rocky Helmet|[of] p2a: Garchomp
|
|upkeep
|turn|20
|
|t:|1776076013
|move|p1a: Zamazenta|Ice Fang|p2a: Garchomp
|-supereffective|p2a: Garchomp
|-damage|p2a: Garchomp|0 fnt
|-damage|p1a: Zamazenta|19/100|[from] ability: Rough Skin|[of] p2a: Garchomp
|-damage|p1a: Zamazenta|2/100|[from] item: Rocky Helmet|[of] p2a: Garchomp
|faint|p2a: Garchomp
|
|upkeep
|
|t:|1776076023
|switch|p2a: Ambipom|Ambipom, M|51/100
|turn|21
|-message|mtssssss forfeited.
|
|win|joedo
|raw|mtssssss's rating: 1061 &rarr; <strong>1043</strong><br />(-18 for losing)
|raw|joedo's rating: 1084 &rarr; <strong>1110</strong><br />(+26 for winning)
|l|☆mtssssss
|player|p1|
|l|☆joedo
|player|p2|
