|html|<div class="broadcast-blue"><strong>[Gen 9] OU is currently suspecting Tera Blast! For information on how to participate check out the <a href="https://www.smogon.com/tools/suspects/view/200">suspect thread</a>.</strong></div>
|j|☆Sepublic
|j|☆gooseemon3
|t:|1776086417
|gametype|singles
|player|p1|Sepublic|2|1172
|player|p2|gooseemon3|clown|1178
|gen|9
|tier|[Gen 9] OU
|rated|
|rule|HP Percentage Mod: HP is shown in percentages
|rule|Endless Battle Clause: Forcing endless battles is banned
|rule|Species Clause: Limit one of each Pokémon
|rule|OHKO Clause: OHKO moves are banned
|rule|Evasion Items Clause: Evasion items are banned
|rule|Evasion Moves Clause: Evasion moves are banned
|rule|Evasion Abilities Clause: Evasion abilities are banned
|rule|Sleep Moves Clause: Sleep-inducing moves are banned
|clearpoke
|poke|p1|Regidrago|
|poke|p1|Gholdengo|
|poke|p1|Slowking-Galar, F|
|poke|p1|Gliscor, F|
|poke|p1|Maushold-Four|
|poke|p1|Quaquaval, M|
|poke|p2|Ribombee, F|
|poke|p2|Ceruledge, M|
|poke|p2|Enamorus, F|
|poke|p2|Scrafty, M|
|poke|p2|Darkrai|
|poke|p2|Iron Treads|
|teampreview
|
|t:|1776086461
|teamsize|p1|6
|teamsize|p2|6
|start
|switch|p1a: Slowking|Slowking-Galar, F|100/100
|switch|p2a: Iron Treads|Iron Treads|100/100
|-enditem|p2a: Iron Treads|Booster Energy
|-activate|p2a: Iron Treads|ability: Quark Drive|[fromitem]
|-start|p2a: Iron Treads|quarkdriveatk
|turn|1
|
|t:|1776086467
|switch|p1a: Gliscor|Gliscor, F|100/100
|move|p2a: Iron Treads|Earthquake|p1a: Gliscor
|-immune|p1a: Gliscor
|
|-status|p1a: Gliscor|tox|[from] item: Toxic Orb
|upkeep
|turn|2
|inactive|Battle timer is ON: inactive players will automatically lose when time's up. (requested by Sepublic)
|
|t:|1776086479
|-terastallize|p2a: Iron Treads|Ground
|move|p1a: Gliscor|Protect|p1a: Gliscor
|-singleturn|p1a: Gliscor|Protect
|move|p2a: Iron Treads|Ice Spinner|p1a: Gliscor
|-activate|p1a: Gliscor|move: Protect
|
|upkeep
|turn|3
|
|t:|1776086486
|switch|p1a: Quaquaval|Quaquaval, M|100/100
|move|p2a: Iron Treads|Ice Spinner|p1a: Quaquaval
|-resisted|p1a: Quaquaval
|-damage|p1a: Quaquaval|78/100
|
|upkeep
|turn|4
|
|t:|1776086493
|move|p2a: Iron Treads|Earthquake|p1a: Quaquaval
|-damage|p1a: Quaquaval|0 fnt
|faint|p1a: Quaquaval
|
|upkeep
|
|t:|1776086514
|switch|p1a: Regidrago|Regidrago|100/100
|turn|5
|
|t:|1776086519
|move|p1a: Regidrago|Dragon Energy|p2a: Iron Treads
|-damage|p2a: Iron Treads|0 fnt
|faint|p2a: Iron Treads
|-end|p2a: Iron Treads|Quark Drive|[silent]
|
|upkeep
|
|t:|1776086522
|switch|p2a: Ribombee|Ribombee, F|100/100
|turn|6
|
|t:|1776086531
|switch|p1a: Gholdengo|Gholdengo|100/100
|move|p2a: Ribombee|Sticky Web|p1a: Gholdengo
|-sidestart|p1: Sepublic|move: Sticky Web
|
|upkeep
|turn|7
|
|t:|1776086543
|switch|p2a: Ceruledge|Ceruledge, M|100/100
|move|p1a: Gholdengo|Make It Rain|p2a: Ceruledge
|-resisted|p2a: Ceruledge
|-damage|p2a: Ceruledge|53/100
|-unboost|p1a: Gholdengo|spa|1
|
|upkeep
|turn|8
|
|t:|1776086548
|switch|p1a: Gliscor|Gliscor, F|100/100 tox
|move|p2a: Ceruledge|Flame Charge|p1a: Gliscor
|-damage|p1a: Gliscor|83/100 tox
|-boost|p2a: Ceruledge|spe|1
|
|-heal|p1a: Gliscor|95/100 tox|[from] ability: Poison Heal
|upkeep
|turn|9
|
|t:|1776086556
|move|p2a: Ceruledge|Bitter Blade|p1a: Gliscor
|-damage|p1a: Gliscor|64/100 tox
|-heal|p2a: Ceruledge|72/100|[from] drain|[of] p1a: Gliscor
|move|p1a: Gliscor|Knock Off|p2a: Ceruledge
|-supereffective|p2a: Ceruledge
|-damage|p2a: Ceruledge|9/100
|-enditem|p2a: Ceruledge|Shuca Berry|[from] move: Knock Off|[of] p1a: Gliscor
|
|-heal|p1a: Gliscor|77/100 tox|[from] ability: Poison Heal
|upkeep
|turn|10
|
|t:|1776086573
|switch|p2a: Darkrai|Darkrai|100/100
|move|p1a: Gliscor|Knock Off|p2a: Darkrai
|-resisted|p2a: Darkrai
|-damage|p2a: Darkrai|86/100
|-enditem|p2a: Darkrai|Focus Sash|[from] move: Knock Off|[of] p1a: Gliscor
|
|-heal|p1a: Gliscor|89/100 tox|[from] ability: Poison Heal
|upkeep
|turn|11
|
|t:|1776086581
|move|p2a: Darkrai|Ice Beam|p1a: Gliscor
|-supereffective|p1a: Gliscor
|-damage|p1a: Gliscor|0 fnt
|faint|p1a: Gliscor
|
|upkeep
|
|t:|1776086585
|switch|p1a: Maushold|Maushold-Four|100/100
|-activate|p1a: Maushold|move: Sticky Web
|-unboost|p1a: Maushold|spe|1
|turn|12
|
|t:|1776086593
|move|p2a: Darkrai|Dark Pulse|p1a: Maushold
|-damage|p1a: Maushold|37/100
|move|p1a: Maushold|Tidy Up|p1a: Maushold
|-sideend|p1: Sepublic|Sticky Web
|-activate|p1a: Maushold|move: Tidy Up
|-boost|p1a: Maushold|atk|1
|-boost|p1a: Maushold|spe|1
|
|upkeep
|turn|13
|inactive|Sepublic has 120 seconds left.
|
|t:|1776086623
|-terastallize|p1a: Maushold|Dark
|move|p2a: Darkrai|Ice Beam|p1a: Maushold
|-damage|p1a: Maushold|0 fnt
|faint|p1a: Maushold
|
|upkeep
|inactive|Sepublic has 120 seconds left.
|
|t:|1776086637
|switch|p1a: Slowking|Slowking-Galar, F|100/100
|turn|14
|
|t:|1776086641
|move|p2a: Darkrai|Dark Pulse|p1a: Slowking
|-supereffective|p1a: Slowking
|-damage|p1a: Slowking|54/100
|move|p1a: Slowking|Thunder Wave|p2a: Darkrai
|-status|p2a: Darkrai|par
|
|upkeep
|turn|15
|
|t:|1776086649
|move|p2a: Darkrai|Dark Pulse|p1a: Slowking
|-supereffective|p1a: Slowking
|-damage|p1a: Slowking|6/100
|-prepare|p1a: Slowking|Chilly Reception|[premajor]
|move|p1a: Slowking|Chilly Reception|p1a: Slowking
|-weather|Snowscape
|
|t:|1776086654
|switch|p1a: Gholdengo|Gholdengo|100/100|[from] Chilly Reception
|
|-weather|Snowscape|[upkeep]
|upkeep
|turn|16
|
|t:|1776086659
|move|p1a: Gholdengo|Make It Rain|p2a: Darkrai
|-crit|p2a: Darkrai
|-damage|p2a: Darkrai|0 fnt
|-unboost|p1a: Gholdengo|spa|1
|faint|p2a: Darkrai
|
|-weather|Snowscape|[upkeep]
|upkeep
|
|t:|1776086661
|switch|p2a: Ceruledge|Ceruledge, M|9/100
|turn|17
|
|t:|1776086666
|switch|p1a: Slowking|Slowking-Galar, F|39/100
|move|p2a: Ceruledge|Bitter Blade|p1a: Slowking
|-damage|p1a: Slowking|0 fnt
|-heal|p2a: Ceruledge|35/100|[from] drain|[of] p1a: Slowking
|faint|p1a: Slowking
|
|-weather|Snowscape|[upkeep]
|upkeep
|
|t:|1776086668
|switch|p1a: Regidrago|Regidrago|100/100
|turn|18
|
|t:|1776086675
|switch|p2a: Ribombee|Ribombee, F|100/100
|move|p1a: Regidrago|Ancient Power|p2a: Ribombee
|-supereffective|p2a: Ribombee
|-damage|p2a: Ribombee|39/100
|
|-weather|Snowscape|[upkeep]
|upkeep
|turn|19
|
|t:|1776086680
|move|p1a: Regidrago|Ancient Power|p2a: Ribombee
|-supereffective|p2a: Ribombee
|-damage|p2a: Ribombee|0 fnt
|faint|p2a: Ribombee
|
|-weather|none
|upkeep
|
|t:|1776086684
|switch|p2a: Enamorus|Enamorus, F|100/100
|turn|20
|
|t:|1776086688
|switch|p1a: Gholdengo|Gholdengo|100/100
|move|p2a: Enamorus|Moonblast|p1a: Gholdengo
|-resisted|p1a: Gholdengo
|-damage|p1a: Gholdengo|72/100
|
|upkeep
|turn|21
|
|t:|1776086693
|move|p2a: Enamorus|Earth Power|p1a: Gholdengo
|-supereffective|p1a: Gholdengo
|-damage|p1a: Gholdengo|3/100
|move|p1a: Gholdengo|Make It Rain|p2a: Enamorus
|-supereffective|p2a: Enamorus
|-damage|p2a: Enamorus|0 fnt
|-unboost|p1a: Gholdengo|spa|1
|faint|p2a: Enamorus
|
|upkeep
|
|t:|1776086699
|switch|p2a: Ceruledge|Ceruledge, M|35/100
|turn|22
|
|t:|1776086703
|move|p2a: Ceruledge|Flame Charge|p1a: Gholdengo
|-supereffective|p1a: Gholdengo
|-damage|p1a: Gholdengo|0 fnt
|-boost|p2a: Ceruledge|spe|1
|faint|p1a: Gholdengo
|
|upkeep
|
|t:|1776086706
|switch|p1a: Regidrago|Regidrago|100/100
|turn|23
|
|t:|1776086709
|move|p2a: Ceruledge|Shadow Sneak|p1a: Regidrago
|-damage|p1a: Regidrago|77/100
|move|p1a: Regidrago|Dragon Energy|p2a: Ceruledge
|-damage|p2a: Ceruledge|0 fnt
|faint|p2a: Ceruledge
|
|upkeep
|
|t:|1776086712
|switch|p2a: Scrafty|Scrafty, M|100/100
|turn|24
|
|t:|1776086717
|move|p1a: Regidrago|Dragon Energy|p2a: Scrafty
|-damage|p2a: Scrafty|19/100
|move|p2a: Scrafty|Drain Punch|p1a: Regidrago
|-damage|p1a: Regidrago|42/100
|-heal|p2a: Scrafty|53/100|[from] drain|[of] p1a: Regidrago
|
|-heal|p2a: Scrafty|59/100|[from] item: Leftovers
|upkeep
|turn|25
|
|t:|1776086722
|move|p1a: Regidrago|Dragon Energy|p2a: Scrafty
|-damage|p2a: Scrafty|11/100
|move|p2a: Scrafty|Drain Punch|p1a: Regidrago
|-damage|p1a: Regidrago|7/100
|-heal|p2a: Scrafty|46/100|[from] drain|[of] p1a: Regidrago
|
|-heal|p2a: Scrafty|52/100|[from] item: Leftovers
|upkeep
|turn|26
|
|t:|1776086726
|move|p1a: Regidrago|Dragon Energy|p2a: Scrafty
|-damage|p2a: Scrafty|46/100
|move|p2a: Scrafty|Drain Punch|p1a: Regidrago
|-damage|p1a: Regidrago|0 fnt
|-heal|p2a: Scrafty|52/100|[from] drain|[of] p1a: Regidrago
|faint|p1a: Regidrago
|
|win|gooseemon3
|raw|Sepublic's rating: 1172 &rarr; <strong>1147</strong><br />(-25 for losing)
|raw|gooseemon3's rating: 1178 &rarr; <strong>1203</strong><br />(+25 for winning)
|l|☆Sepublic
|player|p1|
|l|☆gooseemon3
|player|p2|
