|html|<div class="broadcast-blue"><strong>[Gen 9] OU is currently suspecting Tera Blast! For information on how to participate check out the <a href="https://www.smogon.com/tools/suspects/view/200">suspect thread</a>.</strong></div>
|j|☆Pharyl
|j|☆andjelicpwnsu
|t:|1776131721
|gametype|singles
|player|p1|Pharyl|silver|1180
|player|p2|andjelicpwnsu|wallace|1155
|gen|9
|tier|[Gen 9] OU
|rated|
|rule|HP Percentage Mod: HP is shown in percentages
|rule|Endless Battle Clause: Forcing endless battles is banned
|rule|Species Clause: Limit one of each Pokémon
|rule|OHKO Clause: OHKO moves are banned
|rule|Evasion Items Clause: Evasion items are banned
|rule|Evasion Moves Clause: Evasion moves are banned
|rule|Evasion Abilities Clause: Evasion abilities are banned
|rule|Sleep Moves Clause: Sleep-inducing moves are banned
|clearpoke
|poke|p1|Deoxys-Speed|
|poke|p1|Sandy Shocks|
|poke|p1|Tyranitar, M|
|poke|p1|Kingambit, F|
|poke|p1|Gholdengo|
|poke|p1|Iron Valiant|
|poke|p2|Corviknight, F|
|poke|p2|Blissey, F|
|poke|p2|Zapdos|
|poke|p2|Meowscarada, M|
|poke|p2|Primarina, M|
|poke|p2|Blaziken, F|
|teampreview
|inactive|Battle timer is ON: inactive players will automatically lose when time's up. (requested by Pharyl)
|
|t:|1776131728
|teamsize|p1|6
|teamsize|p2|6
|start
|switch|p1a: Deoxys|Deoxys-Speed|100/100
|switch|p2a: Primarina|Primarina, M|100/100
|-ability|p1a: Deoxys|Pressure
|turn|1
|
|t:|1776131731
|move|p1a: Deoxys|Taunt|p2a: Primarina
|-start|p2a: Primarina|move: Taunt
|move|p2a: Primarina|Moonblast|p1a: Deoxys
|-damage|p1a: Deoxys|16/100
|
|upkeep
|turn|2
|
|t:|1776131746
|switch|p1a: Gholdengo|Gholdengo|100/100
|-item|p1a: Gholdengo|Air Balloon
|move|p2a: Primarina|Moonblast|p1a: Gholdengo
|-resisted|p1a: Gholdengo
|-damage|p1a: Gholdengo|76/100
|-enditem|p1a: Gholdengo|Air Balloon
|
|upkeep
|turn|3
|
|t:|1776131753
|move|p1a: Gholdengo|Nasty Plot|p1a: Gholdengo
|-boost|p1a: Gholdengo|spa|2
|move|p2a: Primarina|Hyper Voice|p1a: Gholdengo
|-damage|p1a: Gholdengo|24/100
|
|-end|p2a: Primarina|move: Taunt
|upkeep
|turn|4
|
|t:|1776131757
|switch|p2a: Blissey|Blissey, F, shiny|100/100
|move|p1a: Gholdengo|Make It Rain|p2a: Blissey
|-damage|p2a: Blissey|48/100
|-unboost|p1a: Gholdengo|spa|1
|
|upkeep
|turn|5
|
|t:|1776131763
|move|p1a: Gholdengo|Make It Rain|p2a: Blissey
|-damage|p2a: Blissey|10/100
|-unboost|p1a: Gholdengo|spa|1
|move|p2a: Blissey|Shadow Ball|p1a: Gholdengo
|-supereffective|p1a: Gholdengo
|-damage|p1a: Gholdengo|0 fnt
|faint|p1a: Gholdengo
|
|upkeep
|c|☆Pharyl|tf
|
|t:|1776131771
|switch|p1a: Sandy Shocks|Sandy Shocks|100/100
|turn|6
|
|t:|1776131779
|move|p1a: Sandy Shocks|Volt Switch|p2a: Blissey
|-damage|p2a: Blissey|0 fnt
|faint|p2a: Blissey
|
|t:|1776131784
|-end|p1a: Sandy Shocks|Protosynthesis|[silent]
|switch|p1a: Deoxys|Deoxys-Speed|16/100|[from] Volt Switch
|-ability|p1a: Deoxys|Pressure
|
|upkeep
|
|t:|1776131793
|switch|p2a: Meowscarada|Meowscarada, M|100/100
|turn|7
|
|t:|1776131796
|move|p2a: Meowscarada|Sucker Punch|p1a: Deoxys
|-start|p2a: Meowscarada|typechange|Dark|[from] ability: Protean
|-supereffective|p1a: Deoxys
|-damage|p1a: Deoxys|0 fnt
|faint|p1a: Deoxys
|
|upkeep
|
|t:|1776131802
|switch|p1a: Iron Valiant|Iron Valiant|100/100
|-enditem|p1a: Iron Valiant|Booster Energy
|-activate|p1a: Iron Valiant|ability: Quark Drive|[fromitem]
|-start|p1a: Iron Valiant|quarkdrivespe
|turn|8
|
|t:|1776131806
|switch|p2a: Zapdos|Zapdos|100/100
|move|p1a: Iron Valiant|Moonblast|p2a: Zapdos
|-damage|p2a: Zapdos|74/100
|
|upkeep
|turn|9
|
|t:|1776131813
|move|p1a: Iron Valiant|Moonblast|p2a: Zapdos
|-damage|p2a: Zapdos|47/100
|move|p2a: Zapdos|Hurricane|p1a: Iron Valiant
|-supereffective|p1a: Iron Valiant
|-damage|p1a: Iron Valiant|0 fnt
|faint|p1a: Iron Valiant
|-end|p1a: Iron Valiant|Quark Drive|[silent]
|
|upkeep
|
|t:|1776131818
|switch|p1a: Tyranitar|Tyranitar, M|100/100
|-weather|Sandstorm|[from] ability: Sand Stream|[of] p1a: Tyranitar
|turn|10
|
|t:|1776131822
|move|p2a: Zapdos|Volt Switch|p1a: Tyranitar
|-damage|p1a: Tyranitar|82/100
|
|t:|1776131826
|switch|p2a: Corviknight|Corviknight, F|100/100|[from] Volt Switch
|-ability|p2a: Corviknight|Pressure
|move|p1a: Tyranitar|Stone Edge|p2a: Corviknight
|-crit|p2a: Corviknight
|-damage|p2a: Corviknight|0 fnt
|faint|p2a: Corviknight
|
|-weather|Sandstorm|[upkeep]
|upkeep
|
|t:|1776131835
|switch|p2a: Blaziken|Blaziken, F, shiny|100/100
|turn|11
|
|t:|1776131839
|-terastallize|p1a: Tyranitar|Flying
|move|p2a: Blaziken|Close Combat|p1a: Tyranitar
|-resisted|p1a: Tyranitar
|-damage|p1a: Tyranitar|56/100
|-unboost|p2a: Blaziken|def|1
|-unboost|p2a: Blaziken|spd|1
|move|p1a: Tyranitar|Stone Edge|p2a: Blaziken|[miss]
|-miss|p1a: Tyranitar|p2a: Blaziken
|
|-weather|Sandstorm|[upkeep]
|-damage|p2a: Blaziken|95/100|[from] Sandstorm
|-damage|p1a: Tyranitar|50/100|[from] Sandstorm
|-ability|p2a: Blaziken|Speed Boost|boost
|-boost|p2a: Blaziken|spe|1
|upkeep
|turn|12
|c|☆Pharyl|piece of shit
|
|t:|1776131851
|switch|p1a: Sandy Shocks|Sandy Shocks|100/100
|move|p2a: Blaziken|Stone Edge|p1a: Sandy Shocks
|-resisted|p1a: Sandy Shocks
|-damage|p1a: Sandy Shocks|82/100
|
|-weather|Sandstorm|[upkeep]
|-damage|p2a: Blaziken|89/100|[from] Sandstorm
|-ability|p2a: Blaziken|Speed Boost|boost
|-boost|p2a: Blaziken|spe|1
|upkeep
|turn|13
|c|☆Pharyl|omg
|
|t:|1776131862
|-terastallize|p2a: Blaziken|Flying
|move|p2a: Blaziken|Swords Dance|p2a: Blaziken
|-boost|p2a: Blaziken|atk|2
|move|p1a: Sandy Shocks|Earth Power|p2a: Blaziken
|-immune|p2a: Blaziken
|
|-weather|Sandstorm|[upkeep]
|-damage|p2a: Blaziken|83/100|[from] Sandstorm
|-ability|p2a: Blaziken|Speed Boost|boost
|-boost|p2a: Blaziken|spe|1
|upkeep
|turn|14
|-message|Pharyl forfeited.
|
|win|andjelicpwnsu
