|html|<div class="broadcast-blue"><strong>[Gen 9] OU is currently suspecting Tera Blast! For information on how to participate check out the <a href="https://www.smogon.com/tools/suspects/view/200">suspect thread</a>.</strong></div>
|j|☆SenshiNoir
|j|☆Gaki737
|t:|1776111560
|gametype|singles
|player|p1|SenshiNoir|101|1114
|player|p2|Gaki737|red|1068
|gen|9
|tier|[Gen 9] OU
|rated|
|rule|HP Percentage Mod: HP is shown in percentages
|rule|Endless Battle Clause: Forcing endless battles is banned
|rule|Species Clause: Limit one of each Pokémon
|rule|OHKO Clause: OHKO moves are banned
|rule|Evasion Items Clause: Evasion items are banned
|rule|Evasion Moves Clause: Evasion moves are banned
|rule|Evasion Abilities Clause: Evasion abilities are banned
|rule|Sleep Moves Clause: Sleep-inducing moves are banned
|clearpoke
|poke|p1|Manaphy|
|poke|p1|Ninetales-Alola, F|
|poke|p1|Cinderace, F|
|poke|p1|Corviknight, F|
|poke|p1|Munkidori, M|
|poke|p1|Rillaboom, M|
|poke|p2|Pikachu, M|
|poke|p2|Infernape, F|
|poke|p2|Gliscor, M|
|poke|p2|Gengar, F|
|poke|p2|Clefairy, M|
|poke|p2|Sceptile, F|
|teampreview
|j| ohko_smeargle
|
|t:|1776111567
|teamsize|p1|6
|teamsize|p2|6
|start
|switch|p1a: Ninetales|Ninetales-Alola, F, shiny|100/100
|switch|p2a: Gengar|Gengar, F|100/100
|-weather|Snowscape|[from] ability: Snow Warning|[of] p1a: Ninetales
|-item|p2a: Gengar|Air Balloon
|turn|1
|
|t:|1776111587
|move|p1a: Ninetales|Aurora Veil|p1a: Ninetales
|-sidestart|p1: SenshiNoir|move: Aurora Veil
|move|p2a: Gengar|Sludge Bomb|p1a: Ninetales
|-supereffective|p1a: Ninetales
|-damage|p1a: Ninetales|48/100
|
|-weather|Snowscape|[upkeep]
|upkeep
|turn|2
|
|t:|1776111599
|switch|p1a: Munkidori|Munkidori, M|100/100
|move|p2a: Gengar|Sludge Bomb|p1a: Munkidori
|-resisted|p1a: Munkidori
|-crit|p1a: Munkidori
|-damage|p1a: Munkidori|56/100
|
|-weather|Snowscape|[upkeep]
|upkeep
|turn|3
|
|t:|1776111619
|move|p2a: Gengar|Dazzling Gleam|p1a: Munkidori
|-resisted|p1a: Munkidori
|-damage|p1a: Munkidori|48/100
|move|p1a: Munkidori|Psychic|p2a: Gengar
|-supereffective|p2a: Gengar
|-damage|p2a: Gengar|0 fnt
|-enditem|p2a: Gengar|Air Balloon
|faint|p2a: Gengar
|-damage|p1a: Munkidori|38/100|[from] item: Life Orb
|
|-weather|Snowscape|[upkeep]
|upkeep
|
|t:|1776111647
|switch|p2a: Gliscor|Gliscor, M|100/100
|turn|4
|
|t:|1776111678
|move|p1a: Munkidori|Psychic|p2a: Gliscor
|-damage|p2a: Gliscor|7/100
|-damage|p1a: Munkidori|29/100|[from] item: Life Orb
|move|p2a: Gliscor|Earthquake|p1a: Munkidori
|-supereffective|p1a: Munkidori
|-damage|p1a: Munkidori|0 fnt
|faint|p1a: Munkidori
|
|-weather|Snowscape|[upkeep]
|-status|p2a: Gliscor|tox|[from] item: Toxic Orb
|upkeep
|inactive|Battle timer is ON: inactive players will automatically lose when time's up. (requested by Gaki737)
|
|t:|1776111721
|switch|p1a: Ninetales|Ninetales-Alola, F, shiny|48/100
|turn|5
|
|t:|1776111733
|move|p1a: Ninetales|Aurora Veil||[still]
|-fail|p1a: Ninetales
|move|p2a: Gliscor|Stealth Rock|p1a: Ninetales
|-sidestart|p1: SenshiNoir|move: Stealth Rock
|
|-weather|none
|-heal|p2a: Gliscor|19/100 tox|[from] ability: Poison Heal
|upkeep
|turn|6
|
|t:|1776111753
|switch|p2a: Infernape|Infernape, F|100/100
|move|p1a: Ninetales|Freeze-Dry|p2a: Infernape
|-resisted|p2a: Infernape
|-damage|p2a: Infernape|85/100
|
|upkeep
|turn|7
|
|t:|1776111766
|switch|p1a: Manaphy|Manaphy, shiny|100/100
|-damage|p1a: Manaphy|88/100|[from] Stealth Rock
|-terastallize|p2a: Infernape|Fire
|move|p2a: Infernape|Bulk Up|p2a: Infernape
|-boost|p2a: Infernape|atk|1
|-boost|p2a: Infernape|def|1
|
|-heal|p1a: Manaphy|94/100|[from] item: Leftovers
|upkeep
|turn|8
|
|t:|1776111784
|move|p1a: Manaphy|Surf|p2a: Infernape
|-supereffective|p2a: Infernape
|-damage|p2a: Infernape|0 fnt
|faint|p2a: Infernape
|
|-heal|p1a: Manaphy|100/100|[from] item: Leftovers
|-sideend|p1: SenshiNoir|move: Aurora Veil
|upkeep
|
|t:|1776111794
|switch|p2a: Clefairy|Clefairy, M|100/100
|turn|9
|
|t:|1776111805
|move|p1a: Manaphy|Tail Glow|p1a: Manaphy
|-boost|p1a: Manaphy|spa|3
|move|p2a: Clefairy|Charge Beam|p1a: Manaphy
|-supereffective|p1a: Manaphy
|-damage|p1a: Manaphy|85/100
|
|-heal|p1a: Manaphy|91/100|[from] item: Leftovers
|upkeep
|turn|10
|
|t:|1776111814
|move|p1a: Manaphy|Surf|p2a: Clefairy
|-damage|p2a: Clefairy|25/100
|move|p2a: Clefairy|Charge Beam|p1a: Manaphy
|-supereffective|p1a: Manaphy
|-damage|p1a: Manaphy|76/100
|-boost|p2a: Clefairy|spa|1
|
|-heal|p1a: Manaphy|82/100|[from] item: Leftovers
|upkeep
|turn|11
|
|t:|1776111823
|move|p1a: Manaphy|Surf|p2a: Clefairy
|-damage|p2a: Clefairy|0 fnt
|faint|p2a: Clefairy
|
|-heal|p1a: Manaphy|88/100|[from] item: Leftovers
|upkeep
|
|t:|1776111830
|switch|p2a: Sceptile|Sceptile, F|100/100
|turn|12
|
|t:|1776111848
|move|p2a: Sceptile|Dragon Dance|p2a: Sceptile
|-boost|p2a: Sceptile|atk|1
|-boost|p2a: Sceptile|spe|1
|move|p1a: Manaphy|Blizzard|p2a: Sceptile
|-supereffective|p2a: Sceptile
|-damage|p2a: Sceptile|0 fnt
|faint|p2a: Sceptile
|
|-heal|p1a: Manaphy|94/100|[from] item: Leftovers
|upkeep
|
|t:|1776111859
|switch|p2a: Gliscor|Gliscor, M|19/100 tox
|turn|13
|
|t:|1776111866
|move|p1a: Manaphy|Psychic|p2a: Gliscor
|-damage|p2a: Gliscor|0 fnt
|faint|p2a: Gliscor
|
|-heal|p1a: Manaphy|99/100|[from] item: Leftovers
|upkeep
|
|t:|1776111872
|switch|p2a: Pikachu|Pikachu, M|100/100
|turn|14
|
|t:|1776111885
|move|p1a: Manaphy|Psychic|p2a: Pikachu
|-damage|p2a: Pikachu|0 fnt
|faint|p2a: Pikachu
|
|win|SenshiNoir
|raw|SenshiNoir's rating: 1114 &rarr; <strong>1136</strong><br />(+22 for winning)
|raw|Gaki737's rating: 1068 &rarr; <strong>1050</strong><br />(-18 for losing)
|l| ohko_smeargle
|l|☆Gaki737
|player|p2|
|l|☆SenshiNoir
|player|p1|
