|html|<div class="broadcast-blue"><strong>[Gen 9] OU is currently suspecting Tera Blast! For information on how to participate check out the <a href="https://www.smogon.com/tools/suspects/view/200">suspect thread</a>.</strong></div>
|j|☆tokiwakano
|j|☆V0ldy
|t:|1776131076
|gametype|singles
|player|p1|tokiwakano|acetrainerf|1712
|player|p2|V0ldy|102|1738
|gen|9
|tier|[Gen 9] OU
|rated|
|rule|HP Percentage Mod: HP is shown in percentages
|rule|Endless Battle Clause: Forcing endless battles is banned
|rule|Species Clause: Limit one of each Pokémon
|rule|OHKO Clause: OHKO moves are banned
|rule|Evasion Items Clause: Evasion items are banned
|rule|Evasion Moves Clause: Evasion moves are banned
|rule|Evasion Abilities Clause: Evasion abilities are banned
|rule|Sleep Moves Clause: Sleep-inducing moves are banned
|clearpoke
|poke|p1|Kyurem|
|poke|p1|Cinderace, M|
|poke|p1|Tornadus-Therian, M|
|poke|p1|Hatterene, F|
|poke|p1|Great Tusk|
|poke|p1|Kingambit, F|
|poke|p2|Indeedee, M|
|poke|p2|Hawlucha, M|
|poke|p2|Gallade, M|
|poke|p2|Armarouge, F|
|poke|p2|Polteageist-Antique|
|poke|p2|Excadrill, F|
|teampreview
|inactive|Battle timer is ON: inactive players will automatically lose when time's up. (requested by tokiwakano)
|j| MonkeyMilks
|
|t:|1776131082
|teamsize|p1|6
|teamsize|p2|6
|start
|switch|p1a: Cinderace|Cinderace, M|100/100
|switch|p2a: Excadrill|Excadrill, F|100/100
|-ability|p2a: Excadrill|Mold Breaker
|turn|1
|l| MonkeyMilks
|
|t:|1776131085
|move|p1a: Cinderace|Will-O-Wisp|p2a: Excadrill
|-status|p2a: Excadrill|brn
|move|p2a: Excadrill|Earthquake|p1a: Cinderace
|-supereffective|p1a: Cinderace
|-damage|p1a: Cinderace|15/100
|
|-damage|p2a: Excadrill|94/100 brn|[from] brn
|upkeep
|turn|2
|
|t:|1776131090
|move|p1a: Cinderace|Pyro Ball|p2a: Excadrill
|-supereffective|p2a: Excadrill
|-damage|p2a: Excadrill|0 fnt
|faint|p2a: Excadrill
|
|upkeep
|
|t:|1776131092
|switch|p2a: Indeedee|Indeedee, M|100/100
|-fieldstart|move: Psychic Terrain|[from] ability: Psychic Surge|[of] p2a: Indeedee
|turn|3
|
|t:|1776131094
|switch|p2a: Armarouge|Armarouge, F|100/100
|move|p1a: Cinderace|U-turn|p2a: Armarouge
|-start|p1a: Cinderace|typechange|Bug|[from] ability: Libero
|-damage|p2a: Armarouge|62/100
|-ability|p2a: Armarouge|Weak Armor|boost
|-unboost|p2a: Armarouge|def|1
|-boost|p2a: Armarouge|spe|2
|
|t:|1776131099
|switch|p1a: Tornadus|Tornadus-Therian, M|100/100|[from] U-turn
|
|upkeep
|turn|4
|
|t:|1776131103
|move|p2a: Armarouge|Endure|p2a: Armarouge
|-singleturn|p2a: Armarouge|move: Endure
|move|p1a: Tornadus|Bleakwind Storm|p2a: Armarouge
|-damage|p2a: Armarouge|13/100
|-unboost|p2a: Armarouge|spe|1
|
|upkeep
|turn|5
|j| volbeatluvr
|
|t:|1776131107
|move|p2a: Armarouge|Expanding Force|p1a: Tornadus
|-damage|p1a: Tornadus|42/100
|move|p1a: Tornadus|Knock Off|p2a: Armarouge
|-supereffective|p2a: Armarouge
|-damage|p2a: Armarouge|0 fnt
|-enditem|p2a: Armarouge|Weakness Policy|[from] move: Knock Off|[of] p1a: Tornadus
|faint|p2a: Armarouge
|
|upkeep
|
|t:|1776131113
|switch|p2a: Polteageist|Polteageist-Antique|100/100
|turn|6
|
|t:|1776131124
|move|p1a: Tornadus|Bleakwind Storm|p2a: Polteageist
|-damage|p2a: Polteageist|56/100
|-unboost|p2a: Polteageist|spe|1
|move|p2a: Polteageist|Shell Smash|p2a: Polteageist
|-unboost|p2a: Polteageist|def|1
|-unboost|p2a: Polteageist|spd|1
|-boost|p2a: Polteageist|atk|2
|-boost|p2a: Polteageist|spa|2
|-boost|p2a: Polteageist|spe|2
|
|upkeep
|turn|7
|
|t:|1776131128
|switch|p1a: Cinderace|Cinderace, M|15/100
|move|p2a: Polteageist|Shadow Ball|p1a: Cinderace
|-damage|p1a: Cinderace|0 fnt
|faint|p1a: Cinderace
|
|upkeep
|
|t:|1776131130
|switch|p1a: Tornadus|Tornadus-Therian, M|76/100
|turn|8
|
|t:|1776131133
|move|p1a: Tornadus|Knock Off|p2a: Polteageist
|-supereffective|p2a: Polteageist
|-damage|p2a: Polteageist|0 fnt
|-enditem|p2a: Polteageist|Focus Sash|[from] move: Knock Off|[of] p1a: Tornadus
|faint|p2a: Polteageist
|
|upkeep
|
|t:|1776131137
|switch|p2a: Gallade|Gallade, M|100/100
|turn|9
|
|t:|1776131142
|move|p1a: Tornadus|Bleakwind Storm|p2a: Gallade
|-supereffective|p2a: Gallade
|-damage|p2a: Gallade|24/100
|-unboost|p2a: Gallade|spe|1
|move|p2a: Gallade|Agility|p2a: Gallade
|-boost|p2a: Gallade|spe|2
|
|upkeep
|turn|10
|
|t:|1776131150
|move|p2a: Gallade|Sacred Sword|p1a: Tornadus
|-resisted|p1a: Tornadus
|-damage|p1a: Tornadus|31/100
|move|p1a: Tornadus|Heat Wave|p2a: Gallade
|-damage|p2a: Gallade|0 fnt
|faint|p2a: Gallade
|
|-fieldend|move: Psychic Terrain
|upkeep
|
|t:|1776131153
|switch|p2a: Indeedee|Indeedee, M|100/100
|-fieldstart|move: Psychic Terrain|[from] ability: Psychic Surge|[of] p2a: Indeedee
|turn|11
|
|t:|1776131157
|move|p1a: Tornadus|U-turn|p2a: Indeedee
|-supereffective|p2a: Indeedee
|-damage|p2a: Indeedee|43/100
|
|t:|1776131160
|switch|p1a: Kingambit|Kingambit, F|100/100|[from] U-turn
|-activate|p1a: Kingambit|ability: Supreme Overlord
|-start|p1a: Kingambit|fallen1|[silent]
|move|p2a: Indeedee|Expanding Force|p1a: Kingambit
|-immune|p1a: Kingambit
|
|upkeep
|turn|12
|
|t:|1776131165
|-end|p1a: Kingambit|fallen1|[silent]
|switch|p1a: Tornadus|Tornadus-Therian, M|64/100
|move|p2a: Indeedee|Dazzling Gleam|p1a: Tornadus
|-damage|p1a: Tornadus|47/100
|
|upkeep
|turn|13
|
|t:|1776131172
|switch|p1a: Kingambit|Kingambit, F|100/100
|-activate|p1a: Kingambit|ability: Supreme Overlord
|-start|p1a: Kingambit|fallen1|[silent]
|move|p2a: Indeedee|Healing Wish|p2a: Indeedee
|faint|p2a: Indeedee
|
|upkeep
|
|t:|1776131174
|switch|p2a: Hawlucha|Hawlucha, M|100/100
|-enditem|p2a: Hawlucha|Psychic Seed
|-boost|p2a: Hawlucha|spd|1|[from] item: Psychic Seed
|turn|14
|
|t:|1776131177
|-terastallize|p1a: Kingambit|Fairy
|move|p2a: Hawlucha|Swords Dance|p2a: Hawlucha
|-boost|p2a: Hawlucha|atk|2
|move|p1a: Kingambit|Tera Blast|p2a: Hawlucha|[anim] Tera Blast Fairy
|-supereffective|p2a: Hawlucha
|-damage|p2a: Hawlucha|0 fnt
|faint|p2a: Hawlucha
|
|win|tokiwakano
|raw|tokiwakano's rating: 1712 &rarr; <strong>1733</strong><br />(+21 for winning)
|raw|V0ldy's rating: 1738 &rarr; <strong>1717</strong><br />(-21 for losing)
|l|☆V0ldy
|player|p2|
