|html|<div class="broadcast-blue"><strong>[Gen 9] OU is currently suspecting Tera Blast! For information on how to participate check out the <a href="https://www.smogon.com/tools/suspects/view/200">suspect thread</a>.</strong></div>
|j|☆la5495
|j|☆iusebadmons1994
|t:|1776071545
|gametype|singles
|player|p1|la5495|ghetsis|1263
|player|p2|iusebadmons1994|170|1292
|gen|9
|tier|[Gen 9] OU
|rated|
|rule|HP Percentage Mod: HP is shown in percentages
|rule|Endless Battle Clause: Forcing endless battles is banned
|rule|Species Clause: Limit one of each Pokémon
|rule|OHKO Clause: OHKO moves are banned
|rule|Evasion Items Clause: Evasion items are banned
|rule|Evasion Moves Clause: Evasion moves are banned
|rule|Evasion Abilities Clause: Evasion abilities are banned
|rule|Sleep Moves Clause: Sleep-inducing moves are banned
|clearpoke
|poke|p1|Empoleon, F|
|poke|p1|Serperior, M|
|poke|p1|Kingambit, F|
|poke|p1|Cinderace, M|
|poke|p1|Ribombee, M|
|poke|p1|Dragapult, M|
|poke|p2|Zarude|
|poke|p2|Arcanine-Hisui, F|
|poke|p2|Slowking, F|
|poke|p2|Skeledirge, F|
|poke|p2|Skarmory, F|
|poke|p2|Tentacruel, M|
|teampreview
|inactive|Battle timer is ON: inactive players will automatically lose when time's up. (requested by iusebadmons1994)
|inactive|la5495 also wants the timer to be on.
|
|t:|1776071555
|teamsize|p1|6
|teamsize|p2|6
|start
|switch|p1a: Ribombee|Ribombee, M|100/100
|switch|p2a: Zarude|Zarude|100/100
|turn|1
|
|t:|1776071567
|move|p2a: Zarude|U-turn|p1a: Ribombee
|-resisted|p1a: Ribombee
|-damage|p1a: Ribombee|80/100
|
|t:|1776071579
|switch|p2a: Slowking|Slowking, F|100/100|[from] U-turn
|move|p1a: Ribombee|Sticky Web|p2a: Slowking
|-sidestart|p2: iusebadmons1994|move: Sticky Web
|
|upkeep
|turn|2
|
|t:|1776071587
|move|p1a: Ribombee|Stun Spore|p2a: Slowking|[miss]
|-miss|p1a: Ribombee|p2a: Slowking
|move|p2a: Slowking|Flamethrower|p1a: Ribombee
|-supereffective|p1a: Ribombee
|-damage|p1a: Ribombee|9/100
|
|upkeep
|turn|3
|
|t:|1776071600
|move|p1a: Ribombee|Stun Spore|p2a: Slowking
|-status|p2a: Slowking|par
|move|p2a: Slowking|Flamethrower|p1a: Ribombee
|-supereffective|p1a: Ribombee
|-damage|p1a: Ribombee|0 fnt
|faint|p1a: Ribombee
|
|upkeep
|
|t:|1776071605
|switch|p1a: Cinderace|Cinderace, M|100/100
|turn|4
|
|t:|1776071621
|switch|p2a: Skarmory|Skarmory, F|100/100
|move|p1a: Cinderace|Court Change|p1a: Cinderace
|-start|p1a: Cinderace|typechange|Normal|[from] ability: Libero
|-swapsideconditions
|-activate|p1a: Cinderace|move: Court Change
|
|upkeep
|turn|5
|
|t:|1776071638
|move|p1a: Cinderace|Pyro Ball|p2a: Skarmory|[miss]
|-miss|p1a: Cinderace|p2a: Skarmory
|move|p2a: Skarmory|Stealth Rock|p1a: Cinderace
|-sidestart|p1: la5495|move: Stealth Rock
|
|upkeep
|turn|6
|
|t:|1776071651
|move|p1a: Cinderace|U-turn|p2a: Skarmory
|-resisted|p2a: Skarmory
|-damage|p2a: Skarmory|98/100
|-damage|p1a: Cinderace|84/100|[from] item: Rocky Helmet|[of] p2a: Skarmory
|
|t:|1776071654
|switch|p1a: Dragapult|Dragapult, M|100/100|[from] U-turn
|-activate|p1a: Dragapult|move: Sticky Web
|-fail|p1a: Dragapult|unboost|[from] ability: Clear Body|[of] p1a: Dragapult
|-damage|p1a: Dragapult|88/100|[from] Stealth Rock
|move|p2a: Skarmory|Spikes|p1a: Dragapult
|-sidestart|p1: la5495|Spikes
|
|upkeep
|turn|7
|
|t:|1776071667
|switch|p2a: Tentacruel|Tentacruel, M|100/100
|move|p1a: Dragapult|Reflect|p1a: Dragapult
|-sidestart|p1: la5495|Reflect
|
|upkeep
|turn|8
|
|t:|1776071673
|move|p1a: Dragapult|Light Screen|p1a: Dragapult
|-sidestart|p1: la5495|move: Light Screen
|move|p2a: Tentacruel|Knock Off|p1a: Dragapult
|-supereffective|p1a: Dragapult
|-damage|p1a: Dragapult|69/100
|-enditem|p1a: Dragapult|Light Clay|[from] move: Knock Off|[of] p2a: Tentacruel
|
|upkeep
|turn|9
|inactive|iusebadmons1994 has 120 seconds left.
|
|t:|1776071714
|move|p1a: Dragapult|Will-O-Wisp|p2a: Tentacruel
|-status|p2a: Tentacruel|brn
|move|p2a: Tentacruel|Toxic|p1a: Dragapult
|-status|p1a: Dragapult|tox
|
|-damage|p1a: Dragapult|63/100 tox|[from] psn
|-damage|p2a: Tentacruel|94/100 brn|[from] brn
|upkeep
|turn|10
|inactive|iusebadmons1994 has 90 seconds left.
|
|t:|1776071747
|switch|p2a: Skarmory|Skarmory, F|98/100
|move|p1a: Dragapult|Curse|p2a: Skarmory
|-start|p2a: Skarmory|Curse|[of] p1a: Dragapult
|-damage|p1a: Dragapult|13/100 tox
|
|-damage|p1a: Dragapult|1/100 tox|[from] psn
|-damage|p2a: Skarmory|73/100|[from] Curse
|upkeep
|turn|11
|inactive|iusebadmons1994 has 90 seconds left.
|
|t:|1776071765
|move|p1a: Dragapult|Will-O-Wisp|p2a: Skarmory
|-status|p2a: Skarmory|brn
|move|p2a: Skarmory|Whirlwind|p1a: Dragapult
|drag|p1a: Kingambit|Kingambit, F|100/100
|-activate|p1a: Kingambit|move: Sticky Web
|-unboost|p1a: Kingambit|spe|1
|-ability|p1a: Kingambit|Defiant|boost
|-boost|p1a: Kingambit|atk|2
|-damage|p1a: Kingambit|94/100|[from] Stealth Rock
|-damage|p1a: Kingambit|82/100|[from] Spikes
|
|-damage|p2a: Skarmory|67/100 brn|[from] brn
|-damage|p2a: Skarmory|42/100 brn|[from] Curse
|upkeep
|turn|12
|inactive|iusebadmons1994 has 90 seconds left.
|
|t:|1776071797
|move|p2a: Skarmory|Spikes|p1a: Kingambit
|-sidestart|p1: la5495|Spikes
|move|p1a: Kingambit|Swords Dance|p1a: Kingambit
|-boost|p1a: Kingambit|atk|2
|
|-damage|p2a: Skarmory|36/100 brn|[from] brn
|-damage|p2a: Skarmory|11/100 brn|[from] Curse
|upkeep
|turn|13
|
|t:|1776071809
|move|p1a: Kingambit|Kowtow Cleave|p2a: Skarmory
|-damage|p2a: Skarmory|0 fnt
|-damage|p1a: Kingambit|65/100|[from] item: Rocky Helmet|[of] p2a: Skarmory
|faint|p2a: Skarmory
|
|upkeep
|inactive|iusebadmons1994 has 60 seconds left.
|
|t:|1776071819
|switch|p2a: Zarude|Zarude|100/100
|turn|14
|
|t:|1776071839
|move|p2a: Zarude|Close Combat|p1a: Kingambit
|-supereffective|p1a: Kingambit
|-damage|p1a: Kingambit|5/100
|-unboost|p2a: Zarude|def|1
|-unboost|p2a: Zarude|spd|1
|move|p1a: Kingambit|Kowtow Cleave|p2a: Zarude
|-resisted|p2a: Zarude
|-damage|p2a: Zarude|0 fnt
|faint|p2a: Zarude
|
|-sideend|p1: la5495|Reflect
|upkeep
|inactive|iusebadmons1994 has 60 seconds left.
|
|t:|1776071855
|switch|p2a: Arcanine|Arcanine-Hisui, F|100/100
|turn|15
|
|t:|1776071859
|move|p2a: Arcanine|Extreme Speed|p1a: Kingambit
|-resisted|p1a: Kingambit
|-damage|p1a: Kingambit|0 fnt
|faint|p1a: Kingambit
|
|-sideend|p1: la5495|move: Light Screen
|upkeep
|
|t:|1776071867
|switch|p1a: Empoleon|Empoleon, F|100/100
|-activate|p1a: Empoleon|move: Sticky Web
|-unboost|p1a: Empoleon|spe|1
|-ability|p1a: Empoleon|Competitive|boost
|-boost|p1a: Empoleon|spa|2
|-damage|p1a: Empoleon|94/100|[from] Stealth Rock
|-damage|p1a: Empoleon|78/100|[from] Spikes
|turn|16
|
|t:|1776071894
|switch|p2a: Slowking|Slowking, F|100/100 par
|-terastallize|p1a: Empoleon|Fairy
|move|p1a: Empoleon|Surf|p2a: Slowking
|-resisted|p2a: Slowking
|-damage|p2a: Slowking|82/100 par
|
|upkeep
|turn|17
|
|t:|1776071906
|switch|p1a: Serperior|Serperior, M|100/100
|-activate|p1a: Serperior|move: Sticky Web
|-boost|p1a: Serperior|spe|1
|-damage|p1a: Serperior|88/100|[from] Stealth Rock
|-damage|p1a: Serperior|72/100|[from] Spikes
|-prepare|p2a: Slowking|Chilly Reception|[premajor]
|move|p2a: Slowking|Chilly Reception|p2a: Slowking
|-weather|Snowscape
|
|t:|1776071919
|switch|p2a: Tentacruel|Tentacruel, M|94/100 brn|[from] Chilly Reception
|
|-weather|Snowscape|[upkeep]
|-heal|p1a: Serperior|78/100|[from] item: Leftovers
|-damage|p2a: Tentacruel|88/100 brn|[from] brn
|upkeep
|turn|18
|
|t:|1776071930
|move|p1a: Serperior|Substitute|p1a: Serperior
|-start|p1a: Serperior|Substitute
|-damage|p1a: Serperior|53/100
|move|p2a: Tentacruel|Toxic||[still]
|-fail|p2a: Tentacruel
|
|-weather|Snowscape|[upkeep]
|-heal|p1a: Serperior|59/100|[from] item: Leftovers
|-damage|p2a: Tentacruel|82/100 brn|[from] brn
|upkeep
|turn|19
|
|t:|1776071945
|switch|p2a: Skeledirge|Skeledirge, F|100/100
|move|p1a: Serperior|Leaf Storm|p2a: Skeledirge
|-resisted|p2a: Skeledirge
|-damage|p2a: Skeledirge|76/100
|-boost|p1a: Serperior|spa|2
|
|-weather|Snowscape|[upkeep]
|-heal|p1a: Serperior|65/100|[from] item: Leftovers
|upkeep
|turn|20
|
|t:|1776071961
|move|p1a: Serperior|Glare|p2a: Skeledirge
|-status|p2a: Skeledirge|par
|move|p2a: Skeledirge|Torch Song|p1a: Serperior
|-supereffective|p1a: Serperior
|-damage|p1a: Serperior|0 fnt
|-boost|p2a: Skeledirge|spa|1
|faint|p1a: Serperior
|
|-weather|Snowscape|[upkeep]
|upkeep
|
|t:|1776071971
|switch|p1a: Empoleon|Empoleon, F, tera:Fairy|78/100
|-activate|p1a: Empoleon|move: Sticky Web
|-unboost|p1a: Empoleon|spe|1
|-ability|p1a: Empoleon|Competitive|boost
|-boost|p1a: Empoleon|spa|2
|-damage|p1a: Empoleon|65/100|[from] Stealth Rock
|-damage|p1a: Empoleon|49/100|[from] Spikes
|turn|21
|inactive|iusebadmons1994 has 60 seconds left.
|
|t:|1776072007
|switch|p2a: Slowking|Slowking, F|100/100 par
|move|p1a: Empoleon|Surf|p2a: Slowking
|-resisted|p2a: Slowking
|-damage|p2a: Slowking|81/100 par
|
|-weather|none
|upkeep
|turn|22
|
|t:|1776072022
|move|p1a: Empoleon|Surf|p2a: Slowking
|-resisted|p2a: Slowking
|-damage|p2a: Slowking|62/100 par
|-prepare|p2a: Slowking|Chilly Reception|[premajor]
|cant|p2a: Slowking|par
|
|upkeep
|turn|23
|
|t:|1776072032
|switch|p1a: Dragapult|Dragapult, M|1/100 tox
|-activate|p1a: Dragapult|move: Sticky Web
|-fail|p1a: Dragapult|unboost|[from] ability: Clear Body|[of] p1a: Dragapult
|-damage|p1a: Dragapult|0 fnt|[from] Stealth Rock
|faint|p1a: Dragapult
|-prepare|p2a: Slowking|Chilly Reception|[premajor]
|move|p2a: Slowking|Chilly Reception|p2a: Slowking
|-weather|Snowscape
|
|t:|1776072057
|switch|p2a: Arcanine|Arcanine-Hisui, F|100/100|[from] Chilly Reception
|
|-weather|Snowscape|[upkeep]
|upkeep
|
|t:|1776072060
|switch|p1a: Cinderace|Cinderace, M|84/100
|turn|24
|
|t:|1776072074
|move|p1a: Cinderace|Court Change|p1a: Cinderace
|-start|p1a: Cinderace|typechange|Normal|[from] ability: Libero
|-swapsideconditions
|-activate|p1a: Cinderace|move: Court Change
|move|p2a: Arcanine|Head Smash|p1a: Cinderace
|-damage|p1a: Cinderace|0 fnt
|faint|p1a: Cinderace
|
|-weather|Snowscape|[upkeep]
|upkeep
|
|t:|1776072080
|switch|p1a: Empoleon|Empoleon, F, tera:Fairy|49/100
|turn|25
|
|t:|1776072093
|move|p2a: Arcanine|Head Smash|p1a: Empoleon
|-damage|p1a: Empoleon|0 fnt
|faint|p1a: Empoleon
|
|win|iusebadmons1994
|raw|la5495's rating: 1263 &rarr; <strong>1240</strong><br />(-23 for losing)
|raw|iusebadmons1994's rating: 1292 &rarr; <strong>1315</strong><br />(+23 for winning)
|l|☆la5495
|player|p1|
|l|☆iusebadmons1994
|player|p2|
|j|☆iusebadmons1994
|player|p2|iusebadmons1994|170|
|l|☆iusebadmons1994
|player|p2|
