|html|<div class="broadcast-blue"><strong>[Gen 9] OU is currently suspecting Tera Blast! For information on how to participate check out the <a href="https://www.smogon.com/tools/suspects/view/200">suspect thread</a>.</strong></div>
|j|☆Dinorex007
|j|☆3idk
|t:|1776270447
|gametype|singles
|player|p1|Dinorex007|nate|1442
|player|p2|3idk|cynthia-masters|1421
|gen|9
|tier|[Gen 9] OU
|rated|
|rule|HP Percentage Mod: HP is shown in percentages
|rule|Endless Battle Clause: Forcing endless battles is banned
|rule|Species Clause: Limit one of each Pokémon
|rule|OHKO Clause: OHKO moves are banned
|rule|Evasion Items Clause: Evasion items are banned
|rule|Evasion Moves Clause: Evasion moves are banned
|rule|Evasion Abilities Clause: Evasion abilities are banned
|rule|Sleep Moves Clause: Sleep-inducing moves are banned
|clearpoke
|poke|p1|Regidrago|
|poke|p1|Darkrai|
|poke|p1|Ogerpon, F|
|poke|p1|Primarina, M|
|poke|p1|Ceruledge, M|
|poke|p1|Hitmontop, M|
|poke|p2|Tyranitar, F|
|poke|p2|Hydrapple, F|
|poke|p2|Enamorus, F|
|poke|p2|Garganacl, M|
|poke|p2|Excadrill, F|
|poke|p2|Alomomola, M|
|teampreview
|inactive|Battle timer is ON: inactive players will automatically lose when time's up. (requested by 3idk)
|inactive|Dinorex007 also wants the timer to be on.
|
|t:|1776270452
|teamsize|p1|6
|teamsize|p2|6
|start
|switch|p1a: Hitmontop|Hitmontop, M|100/100
|switch|p2a: Tyranitar|Tyranitar, F|100/100
|-weather|Sandstorm|[from] ability: Sand Stream|[of] p2a: Tyranitar
|turn|1
|
|t:|1776270460
|switch|p2a: Alomomola|Alomomola, M|100/100
|move|p1a: Hitmontop|Rapid Spin|p2a: Alomomola
|-damage|p2a: Alomomola|85/100
|-boost|p1a: Hitmontop|spe|1
|
|-weather|Sandstorm|[upkeep]
|-damage|p1a: Hitmontop|94/100|[from] Sandstorm
|-damage|p2a: Alomomola|79/100|[from] Sandstorm
|upkeep
|turn|2
|
|t:|1776270469
|move|p1a: Hitmontop|Rapid Spin|p2a: Alomomola
|-damage|p2a: Alomomola|63/100
|-boost|p1a: Hitmontop|spe|1
|move|p2a: Alomomola|Flip Turn|p1a: Hitmontop
|-damage|p1a: Hitmontop|71/100
|
|t:|1776270479
|switch|p2a: Excadrill|Excadrill, F|100/100|[from] Flip Turn
|
|-weather|Sandstorm|[upkeep]
|-damage|p1a: Hitmontop|65/100|[from] Sandstorm
|upkeep
|turn|3
|
|t:|1776270491
|move|p2a: Excadrill|Earthquake|p1a: Hitmontop
|-damage|p1a: Hitmontop|0 fnt
|faint|p1a: Hitmontop
|
|-weather|Sandstorm|[upkeep]
|upkeep
|
|t:|1776270497
|switch|p1a: Primarina|Primarina, M|100/100
|turn|4
|
|t:|1776270505
|switch|p2a: Alomomola|Alomomola, M|96/100
|move|p1a: Primarina|Hyper Voice|p2a: Alomomola
|-resisted|p2a: Alomomola
|-damage|p2a: Alomomola|85/100
|
|-weather|Sandstorm|[upkeep]
|-damage|p1a: Primarina|94/100|[from] Sandstorm
|-damage|p2a: Alomomola|79/100|[from] Sandstorm
|-heal|p1a: Primarina|100/100|[from] item: Leftovers
|upkeep
|turn|5
|
|t:|1776270516
|-terastallize|p1a: Primarina|Steel
|move|p1a: Primarina|Substitute|p1a: Primarina
|-start|p1a: Primarina|Substitute
|-damage|p1a: Primarina|75/100
|move|p2a: Alomomola|Body Slam|p1a: Primarina
|-resisted|p1a: Primarina
|-activate|p1a: Primarina|move: Substitute|[damage]
|
|-weather|none
|-heal|p1a: Primarina|82/100|[from] item: Leftovers
|upkeep
|turn|6
|
|t:|1776270526
|move|p1a: Primarina|Calm Mind|p1a: Primarina
|-boost|p1a: Primarina|spa|1
|-boost|p1a: Primarina|spd|1
|move|p2a: Alomomola|Flip Turn|p1a: Primarina
|-activate|p1a: Primarina|move: Substitute|[damage]
|
|t:|1776270530
|switch|p2a: Tyranitar|Tyranitar, F|100/100|[from] Flip Turn
|-weather|Sandstorm|[from] ability: Sand Stream|[of] p2a: Tyranitar
|
|-weather|Sandstorm|[upkeep]
|-heal|p1a: Primarina|88/100|[from] item: Leftovers
|upkeep
|turn|7
|
|t:|1776270537
|move|p2a: Tyranitar|Knock Off|p1a: Primarina
|-end|p1a: Primarina|Substitute
|move|p1a: Primarina|Calm Mind|p1a: Primarina
|-boost|p1a: Primarina|spa|1
|-boost|p1a: Primarina|spd|1
|
|-weather|Sandstorm|[upkeep]
|-heal|p1a: Primarina|94/100|[from] item: Leftovers
|upkeep
|turn|8
|
|t:|1776270545
|move|p2a: Tyranitar|Knock Off|p1a: Primarina
|-damage|p1a: Primarina|19/100
|-enditem|p1a: Primarina|Leftovers|[from] move: Knock Off|[of] p2a: Tyranitar
|move|p1a: Primarina|Substitute|p1a: Primarina
|-fail|p1a: Primarina|move: Substitute|[weak]
|
|-weather|Sandstorm|[upkeep]
|upkeep
|turn|9
|
|t:|1776270553
|move|p2a: Tyranitar|Knock Off|p1a: Primarina
|-damage|p1a: Primarina|0 fnt
|faint|p1a: Primarina
|
|-weather|Sandstorm|[upkeep]
|upkeep
|
|t:|1776270560
|switch|p1a: Ogerpon|Ogerpon, F|100/100
|turn|10
|inactive|Dinorex007 has 120 seconds left.
|
|t:|1776270592
|switch|p2a: Hydrapple|Hydrapple, F|100/100
|move|p1a: Ogerpon|Ivy Cudgel|p2a: Hydrapple
|-resisted|p2a: Hydrapple
|-damage|p2a: Hydrapple|91/100
|
|-weather|none
|upkeep
|turn|11
|
|t:|1776270612
|switch|p1a: Darkrai|Darkrai|100/100
|move|p2a: Hydrapple|Fickle Beam|p1a: Darkrai
|-damage|p1a: Darkrai|54/100
|
|upkeep
|turn|12
|
|t:|1776270618
|switch|p2a: Tyranitar|Tyranitar, F|100/100
|-weather|Sandstorm|[from] ability: Sand Stream|[of] p2a: Tyranitar
|move|p1a: Darkrai|Ice Beam|p2a: Tyranitar
|-damage|p2a: Tyranitar|79/100
|
|-weather|Sandstorm|[upkeep]
|-damage|p1a: Darkrai|48/100|[from] Sandstorm
|upkeep
|turn|13
|
|t:|1776270628
|switch|p2a: Alomomola|Alomomola, M|100/100
|move|p1a: Darkrai|Ice Beam|p2a: Alomomola
|-resisted|p2a: Alomomola
|-damage|p2a: Alomomola|93/100
|-status|p2a: Alomomola|frz
|
|-weather|Sandstorm|[upkeep]
|-damage|p1a: Darkrai|42/100|[from] Sandstorm
|-damage|p2a: Alomomola|86/100 frz|[from] Sandstorm
|upkeep
|turn|14
|
|t:|1776270638
|move|p1a: Darkrai|Nasty Plot|p1a: Darkrai
|-boost|p1a: Darkrai|spa|2
|cant|p2a: Alomomola|frz
|
|-weather|Sandstorm|[upkeep]
|-damage|p1a: Darkrai|36/100|[from] Sandstorm
|-damage|p2a: Alomomola|80/100 frz|[from] Sandstorm
|upkeep
|turn|15
|
|t:|1776270647
|move|p1a: Darkrai|Nasty Plot|p1a: Darkrai
|-boost|p1a: Darkrai|spa|2
|-curestatus|p2a: Alomomola|frz|[from] move: Scald
|move|p2a: Alomomola|Scald|p1a: Darkrai
|-damage|p1a: Darkrai|20/100
|-status|p1a: Darkrai|brn
|
|-weather|Sandstorm|[upkeep]
|-damage|p1a: Darkrai|14/100 brn|[from] Sandstorm
|-damage|p2a: Alomomola|74/100|[from] Sandstorm
|-damage|p1a: Darkrai|8/100 brn|[from] brn
|upkeep
|turn|16
|
|t:|1776270658
|move|p1a: Darkrai|Dark Pulse|p2a: Alomomola
|-damage|p2a: Alomomola|5/100
|move|p2a: Alomomola|Flip Turn|p1a: Darkrai
|-damage|p1a: Darkrai|0 fnt
|faint|p1a: Darkrai
|
|t:|1776270664
|switch|p2a: Enamorus|Enamorus, F|100/100|[from] Flip Turn
|
|-weather|none
|upkeep
|
|t:|1776270674
|switch|p1a: Ceruledge|Ceruledge, M|100/100
|turn|17
|
|t:|1776270679
|move|p2a: Enamorus|Earth Power|p1a: Ceruledge
|-supereffective|p1a: Ceruledge
|-damage|p1a: Ceruledge|17/100
|move|p1a: Ceruledge|Swords Dance|p1a: Ceruledge
|-boost|p1a: Ceruledge|atk|2
|
|upkeep
|turn|18
|
|t:|1776270686
|move|p1a: Ceruledge|Shadow Sneak|p2a: Enamorus
|-damage|p2a: Enamorus|36/100
|move|p2a: Enamorus|Earth Power|p1a: Ceruledge
|-supereffective|p1a: Ceruledge
|-damage|p1a: Ceruledge|0 fnt
|faint|p1a: Ceruledge
|
|upkeep
|
|t:|1776270693
|switch|p1a: Ogerpon|Ogerpon, F|100/100
|turn|19
|
|t:|1776270697
|switch|p2a: Hydrapple|Hydrapple, F|100/100
|move|p1a: Ogerpon|Ivy Cudgel|p2a: Hydrapple
|-resisted|p2a: Hydrapple
|-damage|p2a: Hydrapple|89/100
|
|upkeep
|turn|20
|-message|Dinorex007 forfeited.
|
|win|3idk
|raw|Dinorex007's rating: 1442 &rarr; <strong>1421</strong><br />(-21 for losing)
|raw|3idk's rating: 1421 &rarr; <strong>1442</strong><br />(+21 for winning)
|l|☆Dinorex007
|player|p1|
