|html|<div class="broadcast-blue"><strong>[Gen 9] OU is currently suspecting Tera Blast! For information on how to participate check out the <a href="https://www.smogon.com/tools/suspects/view/200">suspect thread</a>.</strong></div>
|j|☆ANGEL ENGINE
|j|☆Mandarine061
|t:|1776348572
|gametype|singles
|player|p1|ANGEL ENGINE|101|1407
|player|p2|Mandarine061|rosa|1346
|gen|9
|tier|[Gen 9] OU
|rated|
|rule|HP Percentage Mod: HP is shown in percentages
|rule|Endless Battle Clause: Forcing endless battles is banned
|rule|Species Clause: Limit one of each Pokémon
|rule|OHKO Clause: OHKO moves are banned
|rule|Evasion Items Clause: Evasion items are banned
|rule|Evasion Moves Clause: Evasion moves are banned
|rule|Evasion Abilities Clause: Evasion abilities are banned
|rule|Sleep Moves Clause: Sleep-inducing moves are banned
|clearpoke
|poke|p1|Raging Bolt|
|poke|p1|Walking Wake|
|poke|p1|Iron Boulder|
|poke|p1|Great Tusk|
|poke|p1|Torkoal, M|
|poke|p1|Ceruledge, M|
|poke|p2|Kyurem|
|poke|p2|Gliscor, M|
|poke|p2|Slowking-Galar, M|
|poke|p2|Ogerpon-Wellspring, F|
|poke|p2|Iron Valiant|
|poke|p2|Heatran, F|
|teampreview
|inactive|Battle timer is ON: inactive players will automatically lose when time's up. (requested by ANGEL ENGINE)
|
|t:|1776348579
|teamsize|p1|6
|teamsize|p2|6
|start
|switch|p1a: COVEREDINMONEY|Torkoal, M, shiny|100/100
|switch|p2a: Slowking|Slowking-Galar, M|100/100
|-weather|SunnyDay|[from] ability: Drought|[of] p1a: COVEREDINMONEY
|turn|1
|
|t:|1776348583
|move|p1a: COVEREDINMONEY|Stealth Rock|p2a: Slowking
|-sidestart|p2: Mandarine061|move: Stealth Rock
|-prepare|p2a: Slowking|Chilly Reception|[premajor]
|move|p2a: Slowking|Chilly Reception|p2a: Slowking
|-weather|Snowscape
|
|t:|1776348589
|switch|p2a: Ogerpon|Ogerpon-Wellspring, F|100/100|[from] Chilly Reception
|-damage|p2a: Ogerpon|88/100|[from] Stealth Rock
|
|-weather|Snowscape|[upkeep]
|upkeep
|turn|2
|
|t:|1776348597
|switch|p1a: HAZARDDUTYPAY!|Walking Wake|100/100
|move|p2a: Ogerpon|Horn Leech|p1a: HAZARDDUTYPAY!
|-damage|p1a: HAZARDDUTYPAY!|50/100
|-heal|p2a: Ogerpon|100/100|[from] drain|[of] p1a: HAZARDDUTYPAY!
|
|-weather|Snowscape|[upkeep]
|upkeep
|turn|3
|
|t:|1776348605
|move|p2a: Ogerpon|Horn Leech|p1a: HAZARDDUTYPAY!
|-damage|p1a: HAZARDDUTYPAY!|6/100
|move|p1a: HAZARDDUTYPAY!|Draco Meteor|p2a: Ogerpon
|-damage|p2a: Ogerpon|22/100
|-unboost|p1a: HAZARDDUTYPAY!|spa|2
|
|-weather|Snowscape|[upkeep]
|upkeep
|turn|4
|
|t:|1776348611
|-end|p1a: HAZARDDUTYPAY!|Protosynthesis|[silent]
|switch|p1a: COVEREDINMONEY|Torkoal, M, shiny|100/100
|-weather|SunnyDay|[from] ability: Drought|[of] p1a: COVEREDINMONEY
|move|p2a: Ogerpon|Horn Leech|p1a: COVEREDINMONEY
|-resisted|p1a: COVEREDINMONEY
|-damage|p1a: COVEREDINMONEY|86/100
|-heal|p2a: Ogerpon|30/100|[from] drain|[of] p1a: COVEREDINMONEY
|
|-weather|SunnyDay|[upkeep]
|upkeep
|turn|5
|
|t:|1776348621
|switch|p2a: Slowking|Slowking-Galar, M|100/100
|move|p1a: COVEREDINMONEY|Overheat|p2a: Slowking
|-damage|p2a: Slowking|66/100
|-unboost|p1a: COVEREDINMONEY|spa|2
|
|-weather|SunnyDay|[upkeep]
|upkeep
|turn|6
|
|t:|1776348631
|move|p1a: COVEREDINMONEY|Will-O-Wisp|p2a: Slowking
|-status|p2a: Slowking|brn
|-prepare|p2a: Slowking|Chilly Reception|[premajor]
|move|p2a: Slowking|Chilly Reception|p2a: Slowking
|-weather|Snowscape
|
|t:|1776348638
|switch|p2a: Ogerpon|Ogerpon-Wellspring, F|30/100|[from] Chilly Reception
|-damage|p2a: Ogerpon|18/100|[from] Stealth Rock
|
|-weather|Snowscape|[upkeep]
|upkeep
|turn|7
|
|t:|1776348656
|switch|p1a: HAZARDDUTYPAY!|Walking Wake|6/100
|move|p2a: Ogerpon|Ivy Cudgel|p1a: HAZARDDUTYPAY!|[anim] Ivy Cudgel Water
|-resisted|p1a: HAZARDDUTYPAY!
|-damage|p1a: HAZARDDUTYPAY!|0 fnt
|faint|p1a: HAZARDDUTYPAY!
|-end|p1a: HAZARDDUTYPAY!|Protosynthesis|[silent]
|
|-weather|Snowscape|[upkeep]
|upkeep
|
|t:|1776348659
|switch|p1a: 1539 N. CALVERT|Raging Bolt|100/100
|turn|8
|
|t:|1776348664
|switch|p2a: Gliscor|Gliscor, M|100/100
|-damage|p2a: Gliscor|88/100|[from] Stealth Rock
|move|p1a: 1539 N. CALVERT|Thunderclap||[still]
|-fail|p1a: 1539 N. CALVERT
|
|-weather|Snowscape|[upkeep]
|-status|p2a: Gliscor|tox|[from] item: Toxic Orb
|upkeep
|turn|9
|
|t:|1776348670
|move|p2a: Gliscor|Toxic|p1a: 1539 N. CALVERT
|-status|p1a: 1539 N. CALVERT|tox
|move|p1a: 1539 N. CALVERT|Calm Mind|p1a: 1539 N. CALVERT
|-boost|p1a: 1539 N. CALVERT|spa|1
|-boost|p1a: 1539 N. CALVERT|spd|1
|
|-weather|Snowscape|[upkeep]
|-heal|p2a: Gliscor|100/100 tox|[from] ability: Poison Heal
|-damage|p1a: 1539 N. CALVERT|94/100 tox|[from] psn
|upkeep
|turn|10
|
|t:|1776348684
|move|p2a: Gliscor|Spikes|p1a: 1539 N. CALVERT
|-sidestart|p1: ANGEL ENGINE|Spikes
|move|p1a: 1539 N. CALVERT|Thunderbolt|p2a: Gliscor
|-immune|p2a: Gliscor
|
|-weather|none
|-damage|p1a: 1539 N. CALVERT|82/100 tox|[from] psn
|upkeep
|turn|11
|
|t:|1776348690
|move|p2a: Gliscor|Spikes|p1a: 1539 N. CALVERT
|-sidestart|p1: ANGEL ENGINE|Spikes
|move|p1a: 1539 N. CALVERT|Dragon Pulse|p2a: Gliscor
|-damage|p2a: Gliscor|10/100 tox
|
|-heal|p2a: Gliscor|23/100 tox|[from] ability: Poison Heal
|-damage|p1a: 1539 N. CALVERT|63/100 tox|[from] psn
|upkeep
|turn|12
|
|t:|1776348697
|move|p2a: Gliscor|Protect|p2a: Gliscor
|-singleturn|p2a: Gliscor|Protect
|move|p1a: 1539 N. CALVERT|Dragon Pulse|p2a: Gliscor
|-activate|p2a: Gliscor|move: Protect
|
|-heal|p2a: Gliscor|35/100 tox|[from] ability: Poison Heal
|-damage|p1a: 1539 N. CALVERT|39/100 tox|[from] psn
|upkeep
|-enditem|p1a: 1539 N. CALVERT|Sitrus Berry|[eat]
|-heal|p1a: 1539 N. CALVERT|64/100 tox|[from] item: Sitrus Berry
|turn|13
|
|t:|1776348700
|switch|p2a: Heatran|Heatran, F|100/100
|move|p1a: 1539 N. CALVERT|Dragon Pulse|p2a: Heatran
|-resisted|p2a: Heatran
|-damage|p2a: Heatran|76/100
|
|-damage|p1a: 1539 N. CALVERT|33/100 tox|[from] psn
|upkeep
|turn|14
|
|t:|1776348703
|switch|p2a: Gliscor|Gliscor, M|35/100 tox
|-damage|p2a: Gliscor|23/100 tox|[from] Stealth Rock
|move|p1a: 1539 N. CALVERT|Thunderbolt|p2a: Gliscor
|-immune|p2a: Gliscor
|
|-heal|p2a: Gliscor|35/100 tox|[from] ability: Poison Heal
|-damage|p1a: 1539 N. CALVERT|0 fnt|[from] psn
|faint|p1a: 1539 N. CALVERT
|-end|p1a: 1539 N. CALVERT|Protosynthesis|[silent]
|upkeep
|
|t:|1776348712
|switch|p1a: COVEREDINMONEY|Torkoal, M, shiny|86/100
|-damage|p1a: COVEREDINMONEY|69/100|[from] Spikes
|-weather|SunnyDay|[from] ability: Drought|[of] p1a: COVEREDINMONEY
|turn|15
|
|t:|1776348722
|move|p2a: Gliscor|Protect|p2a: Gliscor
|-singleturn|p2a: Gliscor|Protect
|move|p1a: COVEREDINMONEY|Overheat|p2a: Gliscor
|-activate|p2a: Gliscor|move: Protect
|
|-weather|SunnyDay|[upkeep]
|-heal|p2a: Gliscor|48/100 tox|[from] ability: Poison Heal
|upkeep
|turn|16
|
|t:|1776348727
|switch|p2a: Slowking|Slowking-Galar, M|99/100 brn
|move|p1a: COVEREDINMONEY|Overheat|p2a: Slowking
|-damage|p2a: Slowking|64/100 brn
|-unboost|p1a: COVEREDINMONEY|spa|2
|
|-weather|SunnyDay|[upkeep]
|-damage|p2a: Slowking|58/100 brn|[from] brn
|upkeep
|turn|17
|
|t:|1776348737
|switch|p1a: stardust dreaming~|Ceruledge, M|100/100
|-item|p1a: stardust dreaming~|Air Balloon
|-prepare|p2a: Slowking|Chilly Reception|[premajor]
|move|p2a: Slowking|Chilly Reception|p2a: Slowking
|-weather|Snowscape
|
|t:|1776348757
|switch|p2a: Gliscor|Gliscor, M|48/100 tox|[from] Chilly Reception
|-damage|p2a: Gliscor|35/100 tox|[from] Stealth Rock
|
|-weather|Snowscape|[upkeep]
|-heal|p2a: Gliscor|48/100 tox|[from] ability: Poison Heal
|upkeep
|turn|18
|
|t:|1776348761
|move|p1a: stardust dreaming~|Poltergeist|p2a: Gliscor
|-activate|p2a: Gliscor|move: Poltergeist|Toxic Orb
|-damage|p2a: Gliscor|13/100 tox
|move|p2a: Gliscor|Toxic|p1a: stardust dreaming~
|-status|p1a: stardust dreaming~|tox
|
|-weather|Snowscape|[upkeep]
|-damage|p1a: stardust dreaming~|94/100 tox|[from] psn
|-heal|p2a: Gliscor|26/100 tox|[from] ability: Poison Heal
|upkeep
|turn|19
|
|t:|1776348767
|move|p2a: Gliscor|Protect|p2a: Gliscor
|-singleturn|p2a: Gliscor|Protect
|move|p1a: stardust dreaming~|Poltergeist|p2a: Gliscor
|-activate|p2a: Gliscor|move: Protect
|
|-weather|Snowscape|[upkeep]
|-damage|p1a: stardust dreaming~|82/100 tox|[from] psn
|-heal|p2a: Gliscor|38/100 tox|[from] ability: Poison Heal
|upkeep
|turn|20
|
|t:|1776348770
|switch|p2a: Heatran|Heatran, F|76/100
|move|p1a: stardust dreaming~|Poltergeist|p2a: Heatran
|-activate|p2a: Heatran|move: Poltergeist|Heavy-Duty Boots
|-damage|p2a: Heatran|22/100
|
|-weather|Snowscape|[upkeep]
|-damage|p1a: stardust dreaming~|63/100 tox|[from] psn
|upkeep
|turn|21
|
|t:|1776348775
|move|p1a: stardust dreaming~|Poltergeist|p2a: Heatran
|-activate|p2a: Heatran|move: Poltergeist|Heavy-Duty Boots
|-damage|p2a: Heatran|0 fnt
|faint|p2a: Heatran
|
|-weather|none
|-damage|p1a: stardust dreaming~|39/100 tox|[from] psn
|upkeep
|
|t:|1776348788
|switch|p2a: Kyurem|Kyurem|100/100
|-damage|p2a: Kyurem|76/100|[from] Stealth Rock
|-ability|p2a: Kyurem|Pressure
|turn|22
|
|t:|1776348793
|move|p2a: Kyurem|Ice Beam|p1a: stardust dreaming~
|-resisted|p1a: stardust dreaming~
|-damage|p1a: stardust dreaming~|0 fnt
|-enditem|p1a: stardust dreaming~|Air Balloon
|faint|p1a: stardust dreaming~
|
|upkeep
|
|t:|1776348797
|switch|p1a: COVEREDINMONEY|Torkoal, M, shiny|69/100
|-damage|p1a: COVEREDINMONEY|52/100|[from] Spikes
|-weather|SunnyDay|[from] ability: Drought|[of] p1a: COVEREDINMONEY
|turn|23
|
|t:|1776348801
|switch|p1a: DONTRELYONOTHERMEN|Great Tusk, shiny|100/100
|-damage|p1a: DONTRELYONOTHERMEN|84/100|[from] Spikes
|-activate|p1a: DONTRELYONOTHERMEN|ability: Protosynthesis
|-start|p1a: DONTRELYONOTHERMEN|protosynthesisatk
|move|p2a: Kyurem|Ice Beam|p1a: DONTRELYONOTHERMEN
|-supereffective|p1a: DONTRELYONOTHERMEN
|-damage|p1a: DONTRELYONOTHERMEN|0 fnt
|faint|p1a: DONTRELYONOTHERMEN
|-end|p1a: DONTRELYONOTHERMEN|Protosynthesis|[silent]
|
|-weather|SunnyDay|[upkeep]
|upkeep
|
|t:|1776348809
|switch|p1a: SCARINGTHEHOES|Iron Boulder|100/100
|-damage|p1a: SCARINGTHEHOES|84/100|[from] Spikes
|-enditem|p1a: SCARINGTHEHOES|Booster Energy
|-activate|p1a: SCARINGTHEHOES|ability: Quark Drive|[fromitem]
|-start|p1a: SCARINGTHEHOES|quarkdrivespe
|turn|24
|
|t:|1776348812
|move|p1a: SCARINGTHEHOES|Swords Dance|p1a: SCARINGTHEHOES
|-boost|p1a: SCARINGTHEHOES|atk|2
|move|p2a: Kyurem|Ice Beam|p1a: SCARINGTHEHOES
|-damage|p1a: SCARINGTHEHOES|15/100
|
|-weather|SunnyDay|[upkeep]
|upkeep
|turn|25
|
|t:|1776348818
|move|p1a: SCARINGTHEHOES|Mighty Cleave|p2a: Kyurem
|-supereffective|p2a: Kyurem
|-damage|p2a: Kyurem|0 fnt
|faint|p2a: Kyurem
|
|-weather|SunnyDay|[upkeep]
|upkeep
|
|t:|1776348848
|switch|p2a: Slowking|Slowking-Galar, M|92/100 brn
|turn|26
|
|t:|1776348852
|move|p1a: SCARINGTHEHOES|Mighty Cleave|p2a: Slowking
|-crit|p2a: Slowking
|-damage|p2a: Slowking|0 fnt
|faint|p2a: Slowking
|
|-weather|SunnyDay|[upkeep]
|upkeep
|
|t:|1776348863
|switch|p2a: Iron Valiant|Iron Valiant|100/100
|-damage|p2a: Iron Valiant|94/100|[from] Stealth Rock
|-enditem|p2a: Iron Valiant|Booster Energy
|-activate|p2a: Iron Valiant|ability: Quark Drive|[fromitem]
|-start|p2a: Iron Valiant|quarkdrivespe
|turn|27
|
|t:|1776348869
|-terastallize|p2a: Iron Valiant|Steel
|move|p1a: SCARINGTHEHOES|Zen Headbutt|p2a: Iron Valiant
|-resisted|p2a: Iron Valiant
|-damage|p2a: Iron Valiant|44/100
|cant|p2a: Iron Valiant|flinch
|
|-weather|SunnyDay|[upkeep]
|upkeep
|turn|28
|
|t:|1776348876
|move|p1a: SCARINGTHEHOES|Earthquake|p2a: Iron Valiant
|-supereffective|p2a: Iron Valiant
|-damage|p2a: Iron Valiant|0 fnt
|faint|p2a: Iron Valiant
|-end|p2a: Iron Valiant|Quark Drive|[silent]
|
|-weather|SunnyDay|[upkeep]
|upkeep
|
|t:|1776348893
|switch|p2a: Gliscor|Gliscor, M|38/100 tox
|-damage|p2a: Gliscor|26/100 tox|[from] Stealth Rock
|turn|29
|
|t:|1776348897
|move|p2a: Gliscor|Protect|p2a: Gliscor
|-singleturn|p2a: Gliscor|Protect
|move|p1a: SCARINGTHEHOES|Mighty Cleave|p2a: Gliscor
|-damage|p2a: Gliscor|0 fnt
|faint|p2a: Gliscor
|
|-weather|SunnyDay|[upkeep]
|upkeep
|c|☆Mandarine061|gg
|-message|Mandarine061 forfeited.
|
|win|ANGEL ENGINE
|raw|ANGEL ENGINE's rating: 1407 &rarr; <strong>1424</strong><br />(+17 for winning)
|raw|Mandarine061's rating: 1346 &rarr; <strong>1329</strong><br />(-17 for losing)
