|html|<div class="broadcast-blue"><strong>[Gen 9] OU is currently suspecting Tera Blast! For information on how to participate check out the <a href="https://www.smogon.com/tools/suspects/view/200">suspect thread</a>.</strong></div>
|j|☆lesta1234
|j|☆trainerdonato
|t:|1776191133
|gametype|singles
|player|p1|lesta1234|ghetsis|1111
|player|p2|trainerdonato|clair|1140
|gen|9
|tier|[Gen 9] OU
|rated|
|rule|HP Percentage Mod: HP is shown in percentages
|rule|Endless Battle Clause: Forcing endless battles is banned
|rule|Species Clause: Limit one of each Pokémon
|rule|OHKO Clause: OHKO moves are banned
|rule|Evasion Items Clause: Evasion items are banned
|rule|Evasion Moves Clause: Evasion moves are banned
|rule|Evasion Abilities Clause: Evasion abilities are banned
|rule|Sleep Moves Clause: Sleep-inducing moves are banned
|clearpoke
|poke|p1|Clefable, F|
|poke|p1|Dondozo, M|
|poke|p1|Blissey, F|
|poke|p1|Clodsire, F|
|poke|p1|Corviknight, M|
|poke|p1|Gliscor, F|
|poke|p2|Gliscor, M|
|poke|p2|Meowscarada, M|
|poke|p2|Garganacl, M|
|poke|p2|Ogerpon-Wellspring, F|
|poke|p2|Kingambit, F|
|poke|p2|Weezing-Galar, F|
|teampreview
|inactive|Battle timer is ON: inactive players will automatically lose when time's up. (requested by lesta1234)
|
|t:|1776191147
|teamsize|p1|6
|teamsize|p2|6
|start
|switch|p1a: Clefable|Clefable, F|100/100
|switch|p2a: salt goodman|Garganacl, M|100/100
|turn|1
|
|t:|1776191158
|move|p1a: Clefable|Knock Off|p2a: salt goodman
|-damage|p2a: salt goodman|90/100
|-enditem|p2a: salt goodman|Leftovers|[from] move: Knock Off|[of] p1a: Clefable
|move|p2a: salt goodman|Salt Cure|p1a: Clefable
|-damage|p1a: Clefable|91/100
|-start|p1a: Clefable|Salt Cure
|
|-heal|p1a: Clefable|97/100|[from] item: Leftovers
|upkeep
|turn|2
|
|t:|1776191181
|switch|p1a: Gliscor|Gliscor, F|100/100
|move|p2a: salt goodman|Stealth Rock|p1a: Gliscor
|-sidestart|p1: lesta1234|move: Stealth Rock
|
|-status|p1a: Gliscor|tox|[from] item: Toxic Orb
|upkeep
|turn|3
|
|t:|1776191192
|move|p1a: Gliscor|Earthquake|p2a: salt goodman
|-supereffective|p2a: salt goodman
|-damage|p2a: salt goodman|42/100
|move|p2a: salt goodman|Salt Cure|p1a: Gliscor
|-damage|p1a: Gliscor|93/100 tox
|-start|p1a: Gliscor|Salt Cure
|
|-heal|p1a: Gliscor|100/100 tox|[from] ability: Poison Heal
|-damage|p1a: Gliscor|88/100 tox|[from] Salt Cure
|upkeep
|turn|4
|
|t:|1776191211
|switch|p1a: Corviknight|Corviknight, M|100/100
|-damage|p1a: Corviknight|88/100|[from] Stealth Rock
|-ability|p1a: Corviknight|Pressure
|-terastallize|p2a: salt goodman|Fairy
|move|p2a: salt goodman|Avalanche|p1a: Corviknight
|-damage|p1a: Corviknight|80/100
|-damage|p2a: salt goodman|25/100|[from] item: Rocky Helmet|[of] p1a: Corviknight
|
|upkeep
|turn|5
|inactive|lesta1234 has 120 seconds left.
|
|t:|1776191231
|switch|p2a: trollface png|Gliscor, M|100/100
|move|p1a: Corviknight|Brave Bird|p2a: trollface png
|-damage|p2a: trollface png|73/100
|-damage|p1a: Corviknight|72/100|[from] Recoil
|
|-status|p2a: trollface png|tox|[from] item: Toxic Orb
|upkeep
|turn|6
|inactive|lesta1234 has 120 seconds left.
|
|t:|1776191245
|switch|p1a: Gliscor|Gliscor, F|88/100 tox
|-damage|p1a: Gliscor|75/100 tox|[from] Stealth Rock
|move|p2a: trollface png|Knock Off|p1a: Gliscor
|-damage|p1a: Gliscor|62/100 tox
|-enditem|p1a: Gliscor|Toxic Orb|[from] move: Knock Off|[of] p2a: trollface png
|
|-heal|p1a: Gliscor|74/100 tox|[from] ability: Poison Heal
|-heal|p2a: trollface png|86/100 tox|[from] ability: Poison Heal
|upkeep
|turn|7
|inactive|lesta1234 has 120 seconds left.
|
|t:|1776191267
|move|p1a: Gliscor|Protect|p1a: Gliscor
|-singleturn|p1a: Gliscor|Protect
|move|p2a: trollface png|Knock Off|p1a: Gliscor
|-activate|p1a: Gliscor|move: Protect
|
|-heal|p2a: trollface png|98/100 tox|[from] ability: Poison Heal
|-heal|p1a: Gliscor|87/100 tox|[from] ability: Poison Heal
|upkeep
|turn|8
|
|t:|1776191283
|switch|p1a: Dondozo|Dondozo, M|100/100
|move|p2a: trollface png|U-turn|p1a: Dondozo
|-damage|p1a: Dondozo|94/100
|
|t:|1776191290
|switch|p2a: water thing|Ogerpon-Wellspring, F|100/100|[from] U-turn
|
|upkeep
|turn|9
|inactive|lesta1234 has 90 seconds left.
|
|t:|1776191325
|switch|p1a: Corviknight|Corviknight, M|72/100
|-damage|p1a: Corviknight|59/100|[from] Stealth Rock
|-ability|p1a: Corviknight|Pressure
|move|p2a: water thing|Horn Leech|p1a: Corviknight
|-resisted|p1a: Corviknight
|-damage|p1a: Corviknight|53/100
|-damage|p2a: water thing|84/100|[from] item: Rocky Helmet|[of] p1a: Corviknight
|
|upkeep
|turn|10
|inactive|lesta1234 has 90 seconds left.
|
|t:|1776191340
|switch|p2a: trollface png|Gliscor, M|98/100 tox
|move|p1a: Corviknight|Roost|p1a: Corviknight
|-heal|p1a: Corviknight|100/100
|-singleturn|p1a: Corviknight|move: Roost
|
|-heal|p2a: trollface png|100/100 tox|[from] ability: Poison Heal
|upkeep
|turn|11
|
|t:|1776191355
|move|p2a: trollface png|Knock Off|p1a: Corviknight
|-damage|p1a: Corviknight|88/100
|-damage|p2a: trollface png|84/100 tox|[from] item: Rocky Helmet|[of] p1a: Corviknight
|-enditem|p1a: Corviknight|Rocky Helmet|[from] move: Knock Off|[of] p2a: trollface png
|move|p1a: Corviknight|Iron Defense|p1a: Corviknight
|-boost|p1a: Corviknight|def|2
|
|-heal|p2a: trollface png|96/100 tox|[from] ability: Poison Heal
|upkeep
|turn|12
|
|t:|1776191376
|move|p2a: trollface png|Knock Off|p1a: Corviknight
|-damage|p1a: Corviknight|84/100
|move|p1a: Corviknight|Brave Bird|p2a: trollface png
|-damage|p2a: trollface png|67/100 tox
|-damage|p1a: Corviknight|75/100|[from] Recoil
|
|-heal|p2a: trollface png|80/100 tox|[from] ability: Poison Heal
|upkeep
|turn|13
|
|t:|1776191406
|move|p2a: trollface png|Knock Off|p1a: Corviknight
|-damage|p1a: Corviknight|71/100
|move|p1a: Corviknight|Iron Defense|p1a: Corviknight
|-boost|p1a: Corviknight|def|2
|
|-heal|p2a: trollface png|92/100 tox|[from] ability: Poison Heal
|upkeep
|turn|14
|
|t:|1776191412
|move|p2a: trollface png|Knock Off|p1a: Corviknight
|-damage|p1a: Corviknight|68/100
|move|p1a: Corviknight|Iron Defense|p1a: Corviknight
|-boost|p1a: Corviknight|def|2
|
|-heal|p2a: trollface png|100/100 tox|[from] ability: Poison Heal
|upkeep
|turn|15
|
|t:|1776191419
|move|p2a: trollface png|Knock Off|p1a: Corviknight
|-damage|p1a: Corviknight|65/100
|move|p1a: Corviknight|Roost|p1a: Corviknight
|-heal|p1a: Corviknight|100/100
|-singleturn|p1a: Corviknight|move: Roost
|
|upkeep
|turn|16
|
|t:|1776191425
|move|p2a: trollface png|Knock Off|p1a: Corviknight
|-damage|p1a: Corviknight|98/100
|move|p1a: Corviknight|Body Press|p2a: trollface png
|-resisted|p2a: trollface png
|-damage|p2a: trollface png|63/100 tox
|
|-heal|p2a: trollface png|75/100 tox|[from] ability: Poison Heal
|upkeep
|turn|17
|
|t:|1776191433
|switch|p2a: fancy poison|Weezing-Galar, F|100/100
|-ability|p2a: fancy poison|Neutralizing Gas
|move|p1a: Corviknight|Body Press|p2a: fancy poison
|-resisted|p2a: fancy poison
|-damage|p2a: fancy poison|85/100
|
|upkeep
|turn|18
|inactive|lesta1234 has 90 seconds left.
|
|t:|1776191470
|switch|p1a: Blissey|Blissey, F|100/100
|move|p2a: fancy poison|Will-O-Wisp|p1a: Blissey
|-status|p1a: Blissey|brn
|
|-damage|p1a: Blissey|94/100 brn|[from] brn
|upkeep
|turn|19
|
|t:|1776191490
|switch|p1a: Gliscor|Gliscor, F|87/100 tox
|-damage|p1a: Gliscor|74/100 tox|[from] Stealth Rock
|move|p2a: fancy poison|Toxic Spikes|p1a: Gliscor
|-sidestart|p1: lesta1234|move: Toxic Spikes
|
|-damage|p1a: Gliscor|68/100 tox|[from] psn
|upkeep
|turn|20
|inactive|lesta1234 has 60 seconds left.
|
|t:|1776191528
|switch|p1a: Dondozo|Dondozo, M|94/100
|-end|p2a: fancy poison|ability: Neutralizing Gas
|switch|p2a: trollface png|Gliscor, M|75/100 tox
|
|-heal|p2a: trollface png|88/100 tox|[from] ability: Poison Heal
|upkeep
|turn|21
|
|t:|1776191540
|switch|p2a: water thing|Ogerpon-Wellspring, F|84/100
|move|p1a: Dondozo|Waterfall|p2a: water thing
|-heal|p2a: water thing|100/100|[from] ability: Water Absorb|[of] p1a: Dondozo
|
|upkeep
|turn|22
|
|t:|1776191563
|switch|p1a: Corviknight|Corviknight, M|98/100
|-damage|p1a: Corviknight|85/100|[from] Stealth Rock
|-ability|p1a: Corviknight|Pressure
|move|p2a: water thing|Zen Headbutt|p1a: Corviknight
|-resisted|p1a: Corviknight
|-damage|p1a: Corviknight|77/100
|
|upkeep
|turn|23
|inactive|lesta1234 has 30 seconds left.
|
|t:|1776191579
|switch|p2a: fancy poison|Weezing-Galar, F|85/100
|-ability|p2a: fancy poison|Neutralizing Gas
|move|p1a: Corviknight|Brave Bird|p2a: fancy poison
|-damage|p2a: fancy poison|60/100
|-damage|p1a: Corviknight|70/100|[from] Recoil
|
|upkeep
|turn|24
|inactive|lesta1234 has 30 seconds left.
|
|t:|1776191593
|switch|p1a: Gliscor|Gliscor, F|68/100 tox
|-damage|p1a: Gliscor|55/100 tox|[from] Stealth Rock
|move|p2a: fancy poison|Will-O-Wisp||[still]
|-fail|p2a: fancy poison
|
|-damage|p1a: Gliscor|49/100 tox|[from] psn
|upkeep
|turn|25
|inactive|lesta1234 has 30 seconds left.
|
|t:|1776191608
|move|p1a: Gliscor|Earthquake|p2a: fancy poison
|-supereffective|p2a: fancy poison
|-damage|p2a: fancy poison|18/100
|move|p2a: fancy poison|Will-O-Wisp||[still]
|-fail|p2a: fancy poison
|
|-damage|p1a: Gliscor|37/100 tox|[from] psn
|upkeep
|turn|26
|inactive|lesta1234 has 30 seconds left.
|
|t:|1776191618
|-end|p2a: fancy poison|ability: Neutralizing Gas
|switch|p2a: trollface png|Gliscor, M|88/100 tox
|move|p1a: Gliscor|Earthquake|p2a: trollface png
|-immune|p2a: trollface png
|
|-heal|p1a: Gliscor|49/100 tox|[from] ability: Poison Heal
|-heal|p2a: trollface png|99/100 tox|[from] ability: Poison Heal
|upkeep
|turn|27
|
|t:|1776191627
|move|p1a: Gliscor|Protect|p1a: Gliscor
|-singleturn|p1a: Gliscor|Protect
|move|p2a: trollface png|Knock Off|p1a: Gliscor
|-activate|p1a: Gliscor|move: Protect
|
|-heal|p1a: Gliscor|62/100 tox|[from] ability: Poison Heal
|-heal|p2a: trollface png|100/100 tox|[from] ability: Poison Heal
|upkeep
|turn|28
|
|t:|1776191643
|switch|p1a: Dondozo|Dondozo, M|94/100
|move|p2a: trollface png|Knock Off|p1a: Dondozo
|-damage|p1a: Dondozo|84/100
|-enditem|p1a: Dondozo|Heavy-Duty Boots|[from] move: Knock Off|[of] p2a: trollface png
|
|upkeep
|turn|29
|inactive|lesta1234 has 30 seconds left.
|
|t:|1776191664
|switch|p2a: water thing|Ogerpon-Wellspring, F|100/100
|move|p1a: Dondozo|Waterfall|p2a: water thing
|-immune|p2a: water thing|[from] ability: Water Absorb
|
|upkeep
|turn|30
|inactive|lesta1234 has 30 seconds left.
|
|t:|1776191670
|move|p2a: water thing|Horn Leech|p1a: Dondozo
|-supereffective|p1a: Dondozo
|-damage|p1a: Dondozo|46/100
|move|p1a: Dondozo|Curse|p1a: Dondozo
|-unboost|p1a: Dondozo|spe|1
|-boost|p1a: Dondozo|atk|1
|-boost|p1a: Dondozo|def|1
|
|upkeep
|turn|31
|
|t:|1776191680
|-terastallize|p1a: Dondozo|Fighting
|move|p2a: water thing|Horn Leech|p1a: Dondozo
|-damage|p1a: Dondozo|32/100
|move|p1a: Dondozo|Rest|p1a: Dondozo
|-status|p1a: Dondozo|slp|[from] move: Rest
|-heal|p1a: Dondozo|100/100 slp|[silent]
|
|upkeep
|turn|32
|
|t:|1776191687
|move|p2a: water thing|Zen Headbutt|p1a: Dondozo
|-supereffective|p1a: Dondozo
|-damage|p1a: Dondozo|81/100 slp
|cant|p1a: Dondozo|slp
|move|p1a: Dondozo|Sleep Talk|p1a: Dondozo
|move|p1a: Dondozo|Rest||[from] move: Sleep Talk|[still]
|-fail|p1a: Dondozo
|
|upkeep
|turn|33
|
|t:|1776191694
|move|p2a: water thing|Zen Headbutt|p1a: Dondozo
|-supereffective|p1a: Dondozo
|-damage|p1a: Dondozo|63/100 slp
|cant|p1a: Dondozo|slp
|cant|p1a: Dondozo|flinch
|
|upkeep
|turn|34
|
|t:|1776191702
|switch|p2a: trollface png|Gliscor, M|100/100 tox
|-curestatus|p1a: Dondozo|slp|[msg]
|move|p1a: Dondozo|Sleep Talk||[still]
|-fail|p1a: Dondozo
|
|upkeep
|turn|35
|
|t:|1776191711
|switch|p2a: water thing|Ogerpon-Wellspring, F|100/100
|move|p1a: Dondozo|Curse|p1a: Dondozo
|-unboost|p1a: Dondozo|spe|1
|-boost|p1a: Dondozo|atk|1
|-boost|p1a: Dondozo|def|1
|
|upkeep
|turn|36
|
|t:|1776191719
|move|p2a: water thing|Zen Headbutt|p1a: Dondozo
|-supereffective|p1a: Dondozo
|-damage|p1a: Dondozo|49/100
|cant|p1a: Dondozo|flinch
|
|upkeep
|turn|37
|
|t:|1776191724
|move|p2a: water thing|Zen Headbutt|p1a: Dondozo
|-supereffective|p1a: Dondozo
|-damage|p1a: Dondozo|35/100
|move|p1a: Dondozo|Curse|p1a: Dondozo
|-unboost|p1a: Dondozo|spe|1
|-boost|p1a: Dondozo|atk|1
|-boost|p1a: Dondozo|def|1
|
|upkeep
|turn|38
|
|t:|1776191731
|move|p2a: water thing|Zen Headbutt|p1a: Dondozo
|-supereffective|p1a: Dondozo
|-damage|p1a: Dondozo|23/100
|cant|p1a: Dondozo|flinch
|
|upkeep
|turn|39
|
|t:|1776191735
|move|p2a: water thing|Zen Headbutt|p1a: Dondozo
|-supereffective|p1a: Dondozo
|-damage|p1a: Dondozo|12/100
|move|p1a: Dondozo|Rest|p1a: Dondozo
|-status|p1a: Dondozo|slp|[from] move: Rest
|-heal|p1a: Dondozo|100/100 slp|[silent]
|
|upkeep
|turn|40
|
|t:|1776191742
|move|p2a: water thing|Zen Headbutt|p1a: Dondozo
|-supereffective|p1a: Dondozo
|-damage|p1a: Dondozo|88/100 slp
|cant|p1a: Dondozo|slp
|move|p1a: Dondozo|Sleep Talk|p1a: Dondozo
|move|p1a: Dondozo|Waterfall|p2a: water thing|[from] move: Sleep Talk
|-immune|p2a: water thing|[from] ability: Water Absorb
|
|upkeep
|turn|41
|
|t:|1776191755
|move|p2a: water thing|Ivy Cudgel|p1a: Dondozo|[anim] Ivy Cudgel Water
|-damage|p1a: Dondozo|78/100 slp
|cant|p1a: Dondozo|slp
|move|p1a: Dondozo|Sleep Talk|p1a: Dondozo
|move|p1a: Dondozo|Waterfall|p2a: water thing|[from] move: Sleep Talk
|-immune|p2a: water thing|[from] ability: Water Absorb
|
|upkeep
|turn|42
|inactive|lesta1234 has 120 seconds left.
|
|t:|1776191765
|move|p2a: water thing|Ivy Cudgel|p1a: Dondozo|[anim] Ivy Cudgel Water
|-damage|p1a: Dondozo|68/100 slp
|-curestatus|p1a: Dondozo|slp|[msg]
|move|p1a: Dondozo|Curse|p1a: Dondozo
|-unboost|p1a: Dondozo|spe|1
|-boost|p1a: Dondozo|atk|1
|-boost|p1a: Dondozo|def|1
|
|upkeep
|turn|43
|
|t:|1776191774
|move|p2a: water thing|Ivy Cudgel|p1a: Dondozo|[anim] Ivy Cudgel Water
|-crit|p1a: Dondozo
|-damage|p1a: Dondozo|31/100
|move|p1a: Dondozo|Curse|p1a: Dondozo
|-unboost|p1a: Dondozo|spe|1
|-boost|p1a: Dondozo|atk|1
|-boost|p1a: Dondozo|def|1
|
|upkeep
|turn|44
|
|t:|1776191781
|move|p2a: water thing|Zen Headbutt|p1a: Dondozo
|-supereffective|p1a: Dondozo
|-damage|p1a: Dondozo|23/100
|move|p1a: Dondozo|Rest|p1a: Dondozo
|-status|p1a: Dondozo|slp|[from] move: Rest
|-heal|p1a: Dondozo|100/100 slp|[silent]
|
|upkeep
|turn|45
|
|t:|1776191789
|move|p2a: water thing|Horn Leech|p1a: Dondozo
|-damage|p1a: Dondozo|94/100 slp
|cant|p1a: Dondozo|slp
|move|p1a: Dondozo|Sleep Talk|p1a: Dondozo
|move|p1a: Dondozo|Curse|p1a: Dondozo|[from] move: Sleep Talk
|-unboost|p1a: Dondozo|spe|1
|-boost|p1a: Dondozo|atk|1
|-boost|p1a: Dondozo|def|1
|
|upkeep
|turn|46
|
|t:|1776191800
|move|p2a: water thing|Horn Leech|p1a: Dondozo
|-damage|p1a: Dondozo|89/100 slp
|cant|p1a: Dondozo|slp
|move|p1a: Dondozo|Sleep Talk|p1a: Dondozo
|move|p1a: Dondozo|Waterfall|p2a: water thing|[from] move: Sleep Talk
|-immune|p2a: water thing|[from] ability: Water Absorb
|
|upkeep
|turn|47
|
|t:|1776191820
|move|p2a: water thing|Ivy Cudgel|p1a: Dondozo|[anim] Ivy Cudgel Water
|-damage|p1a: Dondozo|83/100 slp
|-curestatus|p1a: Dondozo|slp|[msg]
|move|p1a: Dondozo|Curse|p1a: Dondozo
|
|upkeep
|turn|48
|
|t:|1776191832
|move|p2a: water thing|Zen Headbutt|p1a: Dondozo
|-supereffective|p1a: Dondozo
|-crit|p1a: Dondozo
|-damage|p1a: Dondozo|38/100
|cant|p1a: Dondozo|flinch
|
|upkeep
|turn|49
|
|t:|1776191837
|move|p2a: water thing|Zen Headbutt|p1a: Dondozo
|-supereffective|p1a: Dondozo
|-damage|p1a: Dondozo|31/100
|move|p1a: Dondozo|Rest|p1a: Dondozo
|-status|p1a: Dondozo|slp|[from] move: Rest
|-heal|p1a: Dondozo|100/100 slp|[silent]
|
|upkeep
|turn|50
|
|t:|1776191847
|switch|p2a: fancy poison|Weezing-Galar, F|18/100
|-ability|p2a: fancy poison|Neutralizing Gas
|cant|p1a: Dondozo|slp
|move|p1a: Dondozo|Sleep Talk|p1a: Dondozo
|move|p1a: Dondozo|Rest||[from] move: Sleep Talk|[still]
|-fail|p1a: Dondozo
|
|upkeep
|turn|51
|
|t:|1776191858
|move|p2a: fancy poison|Strange Steam|p1a: Dondozo
|-supereffective|p1a: Dondozo
|-damage|p1a: Dondozo|53/100 slp
|cant|p1a: Dondozo|slp
|move|p1a: Dondozo|Sleep Talk|p1a: Dondozo
|move|p1a: Dondozo|Waterfall|p2a: fancy poison|[from] move: Sleep Talk
|-damage|p2a: fancy poison|0 fnt
|faint|p2a: fancy poison
|-end|p2a: fancy poison|ability: Neutralizing Gas
|
|upkeep
|
|t:|1776191869
|switch|p2a: salt goodman|Garganacl, M, tera:Fairy|25/100
|turn|52
|
|t:|1776191879
|move|p2a: salt goodman|Salt Cure|p1a: Dondozo
|-resisted|p1a: Dondozo
|-damage|p1a: Dondozo|52/100 slp
|-start|p1a: Dondozo|Salt Cure
|-curestatus|p1a: Dondozo|slp|[msg]
|move|p1a: Dondozo|Waterfall|p2a: salt goodman
|-damage|p2a: salt goodman|0 fnt
|faint|p2a: salt goodman
|
|-damage|p1a: Dondozo|40/100|[from] Salt Cure
|upkeep
|
|t:|1776191890
|switch|p2a: water thing|Ogerpon-Wellspring, F|100/100
|turn|53
|
|t:|1776191900
|move|p2a: water thing|Zen Headbutt|p1a: Dondozo|[miss]
|-miss|p2a: water thing|p1a: Dondozo
|move|p1a: Dondozo|Rest|p1a: Dondozo
|-status|p1a: Dondozo|slp|[from] move: Rest
|-heal|p1a: Dondozo|100/100 slp|[silent]
|
|-damage|p1a: Dondozo|88/100 slp|[from] Salt Cure
|upkeep
|turn|54
|
|t:|1776191910
|switch|p1a: Corviknight|Corviknight, M|70/100
|-damage|p1a: Corviknight|57/100|[from] Stealth Rock
|-ability|p1a: Corviknight|Pressure
|move|p2a: water thing|Zen Headbutt|p1a: Corviknight
|-resisted|p1a: Corviknight
|-damage|p1a: Corviknight|48/100
|
|upkeep
|turn|55
|
|t:|1776191920
|switch|p2a: trollface png|Gliscor, M|100/100 tox
|move|p1a: Corviknight|Roost|p1a: Corviknight
|-heal|p1a: Corviknight|98/100
|-singleturn|p1a: Corviknight|move: Roost
|
|upkeep
|turn|56
|
|t:|1776191949
|move|p2a: trollface png|Knock Off|p1a: Corviknight
|-damage|p1a: Corviknight|89/100
|move|p1a: Corviknight|Iron Defense|p1a: Corviknight
|-boost|p1a: Corviknight|def|2
|
|upkeep
|turn|57
|
|t:|1776191958
|move|p2a: trollface png|Knock Off|p1a: Corviknight
|-damage|p1a: Corviknight|84/100
|move|p1a: Corviknight|Iron Defense|p1a: Corviknight
|-boost|p1a: Corviknight|def|2
|
|upkeep
|turn|58
|
|t:|1776191964
|move|p2a: trollface png|Knock Off|p1a: Corviknight
|-damage|p1a: Corviknight|81/100
|move|p1a: Corviknight|Iron Defense|p1a: Corviknight
|-boost|p1a: Corviknight|def|2
|
|upkeep
|turn|59
|-message|trainerdonato forfeited.
|
|win|lesta1234
|raw|lesta1234's rating: 1111 &rarr; <strong>1138</strong><br />(+27 for winning)
|raw|trainerdonato's rating: 1140 &rarr; <strong>1113</strong><br />(-27 for losing)
|l|☆trainerdonato
|player|p2|
|j| eeowjfewiojwfioew
|j| Shucklepilled
|l| Shucklepilled
|j| invmenot
|l| eeowjfewiojwfioew
