|html|<div class="broadcast-blue"><strong>[Gen 9] OU is currently suspecting Tera Blast! For information on how to participate check out the <a href="https://www.smogon.com/tools/suspects/view/200">suspect thread</a>.</strong></div>
|j|☆Orepharus
|j|☆Racim_397
|t:|1776194234
|gametype|singles
|player|p1|Orepharus|266|1185
|player|p2|Racim_397|drayden|1136
|gen|9
|tier|[Gen 9] OU
|rated|
|rule|HP Percentage Mod: HP is shown in percentages
|rule|Endless Battle Clause: Forcing endless battles is banned
|rule|Species Clause: Limit one of each Pokémon
|rule|OHKO Clause: OHKO moves are banned
|rule|Evasion Items Clause: Evasion items are banned
|rule|Evasion Moves Clause: Evasion moves are banned
|rule|Evasion Abilities Clause: Evasion abilities are banned
|rule|Sleep Moves Clause: Sleep-inducing moves are banned
|clearpoke
|poke|p1|Primarina, M|
|poke|p1|Kingambit, M|
|poke|p1|Rillaboom, M|
|poke|p1|Garchomp, F|
|poke|p1|Moltres|
|poke|p1|Raging Bolt|
|poke|p2|Iron Crown|
|poke|p2|Deoxys-Speed|
|poke|p2|Armarouge, M|
|poke|p2|Ogerpon, F|
|poke|p2|Samurott-Hisui, M|
|poke|p2|Iron Valiant|
|teampreview
|inactive|Battle timer is ON: inactive players will automatically lose when time's up. (requested by Racim_397)
|c|☆Racim_397|gl
|
|t:|1776194244
|teamsize|p1|6
|teamsize|p2|6
|start
|switch|p1a: Garchomp|Garchomp, F|100/100
|switch|p2a: Deoxys-Sahur|Deoxys-Speed|100/100
|-ability|p2a: Deoxys-Sahur|Pressure
|turn|1
|
|t:|1776194252
|move|p2a: Deoxys-Sahur|Psychic Terrain|p2a: Deoxys-Sahur
|-fieldstart|move: Psychic Terrain
|move|p1a: Garchomp|Earthquake|p2a: Deoxys-Sahur
|-damage|p2a: Deoxys-Sahur|27/100
|
|upkeep
|turn|2
|
|t:|1776194261
|switch|p1a: Kingambit|Kingambit, M|100/100
|move|p2a: Deoxys-Sahur|Stealth Rock|p1a: Kingambit
|-sidestart|p1: Orepharus|move: Stealth Rock
|
|upkeep
|turn|3
|
|t:|1776194269
|-end|p1a: Kingambit|fallenundefined|[silent]
|switch|p1a: Moltres|Moltres|100/100
|move|p2a: Deoxys-Sahur|Taunt|p1a: Moltres
|-start|p1a: Moltres|move: Taunt
|
|upkeep
|turn|4
|
|t:|1776194276
|move|p2a: Deoxys-Sahur|Expanding Force|p1a: Moltres
|-damage|p1a: Moltres|22/100
|move|p1a: Moltres|U-turn|p2a: Deoxys-Sahur
|-supereffective|p2a: Deoxys-Sahur
|-damage|p2a: Deoxys-Sahur|0 fnt
|faint|p2a: Deoxys-Sahur
|
|t:|1776194288
|switch|p1a: Rillaboom|Rillaboom, M, shiny|100/100|[from] U-turn
|-fieldstart|move: Grassy Terrain|[from] ability: Grassy Surge|[of] p1a: Rillaboom
|
|upkeep
|
|t:|1776194301
|switch|p2a: Tungerpon|Ogerpon, F|100/100
|turn|5
|
|t:|1776194325
|move|p2a: Tungerpon|U-turn|p1a: Rillaboom
|-supereffective|p1a: Rillaboom
|-damage|p1a: Rillaboom|21/100
|
|t:|1776194335
|switch|p2a: Armatung|Armarouge, M, shiny|100/100|[from] U-turn
|move|p1a: Rillaboom|U-turn|p2a: Armatung
|-damage|p2a: Armatung|73/100
|-ability|p2a: Armatung|Weak Armor|boost
|-unboost|p2a: Armatung|def|1
|-boost|p2a: Armatung|spe|2
|
|t:|1776194345
|switch|p1a: Primarina|Primarina, M|100/100|[from] U-turn
|-damage|p1a: Primarina|88/100|[from] Stealth Rock
|
|-heal|p2a: Armatung|79/100|[from] Grassy Terrain
|-heal|p1a: Primarina|94/100|[from] Grassy Terrain
|-heal|p1a: Primarina|99/100|[from] item: Leftovers
|upkeep
|turn|6
|
|t:|1776194352
|move|p2a: Armatung|Endure|p2a: Armatung
|-singleturn|p2a: Armatung|move: Endure
|move|p1a: Primarina|Psychic Noise|p2a: Armatung
|-supereffective|p2a: Armatung
|-activate|p2a: Armatung|move: Endure
|-damage|p2a: Armatung|1/100
|-start|p2a: Armatung|move: Heal Block
|-enditem|p2a: Armatung|Weakness Policy
|-boost|p2a: Armatung|atk|2|[from] item: Weakness Policy
|-boost|p2a: Armatung|spa|2|[from] item: Weakness Policy
|
|-heal|p1a: Primarina|100/100|[from] Grassy Terrain
|upkeep
|turn|7
|
|t:|1776194366
|move|p2a: Armatung|Expanding Force|p1a: Primarina
|-damage|p1a: Primarina|28/100
|move|p1a: Primarina|Draining Kiss|p2a: Armatung
|-resisted|p2a: Armatung
|-damage|p2a: Armatung|0 fnt
|-heal|p1a: Primarina|28/100|[from] drain|[of] p2a: Armatung
|faint|p2a: Armatung
|
|-heal|p1a: Primarina|34/100|[from] Grassy Terrain
|-heal|p1a: Primarina|40/100|[from] item: Leftovers
|upkeep
|
|t:|1776194377
|switch|p2a: Tungerpon|Ogerpon, F|100/100
|turn|8
|
|t:|1776194398
|switch|p1a: Raging Bolt|Raging Bolt|100/100
|-damage|p1a: Raging Bolt|88/100|[from] Stealth Rock
|-enditem|p1a: Raging Bolt|Booster Energy
|-activate|p1a: Raging Bolt|ability: Protosynthesis|[fromitem]
|-start|p1a: Raging Bolt|protosynthesisspa
|move|p2a: Tungerpon|Rock Tomb|p1a: Raging Bolt
|-damage|p1a: Raging Bolt|65/100
|-unboost|p1a: Raging Bolt|spe|1
|
|-heal|p1a: Raging Bolt|71/100|[from] Grassy Terrain
|-fieldend|move: Grassy Terrain
|upkeep
|turn|9
|
|t:|1776194411
|move|p2a: Tungerpon|Rock Tomb|p1a: Raging Bolt
|-damage|p1a: Raging Bolt|49/100
|-unboost|p1a: Raging Bolt|spe|1
|move|p1a: Raging Bolt|Calm Mind|p1a: Raging Bolt
|-boost|p1a: Raging Bolt|spa|1
|-boost|p1a: Raging Bolt|spd|1
|
|upkeep
|turn|10
|
|t:|1776194419
|move|p2a: Tungerpon|Rock Tomb|p1a: Raging Bolt
|-damage|p1a: Raging Bolt|25/100
|-unboost|p1a: Raging Bolt|spe|1
|move|p1a: Raging Bolt|Draco Meteor|p2a: Tungerpon
|-damage|p2a: Tungerpon|0 fnt
|-unboost|p1a: Raging Bolt|spa|2
|faint|p2a: Tungerpon
|
|upkeep
|
|t:|1776194430
|switch|p2a: Sahurott-Hisui|Samurott-Hisui, M, shiny|100/100
|turn|11
|
|t:|1776194434
|move|p1a: Raging Bolt|Thunderclap|p2a: Sahurott-Hisui
|-supereffective|p2a: Sahurott-Hisui
|-crit|p2a: Sahurott-Hisui
|-damage|p2a: Sahurott-Hisui|0 fnt
|faint|p2a: Sahurott-Hisui
|
|upkeep
|
|t:|1776194440
|switch|p2a: Tung Crown|Iron Crown|100/100
|-enditem|p2a: Tung Crown|Booster Energy
|-activate|p2a: Tung Crown|ability: Quark Drive|[fromitem]
|-start|p2a: Tung Crown|quarkdrivespa
|turn|12
|
|t:|1776194450
|move|p2a: Tung Crown|Expanding Force|p1a: Raging Bolt
|-damage|p1a: Raging Bolt|0 fnt
|faint|p1a: Raging Bolt
|-end|p1a: Raging Bolt|Protosynthesis|[silent]
|
|upkeep
|
|t:|1776194455
|switch|p1a: Kingambit|Kingambit, M|100/100
|-damage|p1a: Kingambit|94/100|[from] Stealth Rock
|-activate|p1a: Kingambit|ability: Supreme Overlord
|-start|p1a: Kingambit|fallen1|[silent]
|turn|13
|
|t:|1776194462
|-terastallize|p2a: Tung Crown|Fighting
|move|p1a: Kingambit|Sucker Punch|p2a: Tung Crown
|-resisted|p2a: Tung Crown
|-damage|p2a: Tung Crown|72/100
|move|p2a: Tung Crown|Focus Blast|p1a: Kingambit
|-supereffective|p1a: Kingambit
|-damage|p1a: Kingambit|0 fnt
|faint|p1a: Kingambit
|-end|p1a: Kingambit|fallen1|[silent]
|
|upkeep
|
|t:|1776194477
|switch|p1a: Garchomp|Garchomp, F|100/100
|-damage|p1a: Garchomp|94/100|[from] Stealth Rock
|turn|14
|
|t:|1776194484
|move|p1a: Garchomp|Earthquake|p2a: Tung Crown
|-damage|p2a: Tung Crown|13/100
|move|p2a: Tung Crown|Tachyon Cutter|p1a: Garchomp
|-damage|p1a: Garchomp|56/100
|-damage|p1a: Garchomp|20/100
|-hitcount|p1a: Garchomp|2
|
|upkeep
|turn|15
|
|t:|1776194495
|move|p1a: Garchomp|Scale Shot|p2a: Tung Crown
|-damage|p2a: Tung Crown|0 fnt
|faint|p2a: Tung Crown
|-end|p2a: Tung Crown|Quark Drive|[silent]
|-hitcount|p2: Tung Crown|1
|-unboost|p1a: Garchomp|def|1
|-boost|p1a: Garchomp|spe|1
|
|upkeep
|
|t:|1776194501
|switch|p2a: Iron Tung|Iron Valiant, shiny|100/100
|-enditem|p2a: Iron Tung|Booster Energy
|-activate|p2a: Iron Tung|ability: Quark Drive|[fromitem]
|-start|p2a: Iron Tung|quarkdrivespe
|turn|16
|
|t:|1776194506
|move|p2a: Iron Tung|Calm Mind|p2a: Iron Tung
|-boost|p2a: Iron Tung|spa|1
|-boost|p2a: Iron Tung|spd|1
|move|p1a: Garchomp|Earthquake|p2a: Iron Tung
|-damage|p2a: Iron Tung|37/100
|
|upkeep
|turn|17
|
|t:|1776194514
|move|p2a: Iron Tung|Moonblast|p1a: Garchomp
|-supereffective|p1a: Garchomp
|-damage|p1a: Garchomp|0 fnt
|faint|p1a: Garchomp
|
|upkeep
|
|t:|1776194518
|switch|p1a: Rillaboom|Rillaboom, M, shiny|21/100
|-fieldstart|move: Grassy Terrain|[from] ability: Grassy Surge|[of] p1a: Rillaboom
|turn|18
|
|t:|1776194522
|move|p1a: Rillaboom|Grassy Glide|p2a: Iron Tung
|-crit|p2a: Iron Tung
|-damage|p2a: Iron Tung|0 fnt
|faint|p2a: Iron Tung
|-end|p2a: Iron Tung|Quark Drive|[silent]
|
|win|Orepharus
|raw|Orepharus's rating: 1185 &rarr; <strong>1206</strong><br />(+21 for winning)
|raw|Racim_397's rating: 1136 &rarr; <strong>1115</strong><br />(-21 for losing)
|c|☆Orepharus|Gg
|c|☆Racim_397|gg
|l|☆Racim_397
|player|p2|
