|html|<div class="broadcast-blue"><strong>[Gen 9] OU is currently suspecting Tera Blast! For information on how to participate check out the <a href="https://www.smogon.com/tools/suspects/view/200">suspect thread</a>.</strong></div>
|j|☆ZaneCrescentb
|j|☆Kingkarl131
|t:|1776119906
|gametype|singles
|player|p1|ZaneCrescentb|vessa|1131
|player|p2|Kingkarl131|1|1082
|gen|9
|tier|[Gen 9] OU
|rated|
|rule|HP Percentage Mod: HP is shown in percentages
|rule|Endless Battle Clause: Forcing endless battles is banned
|rule|Species Clause: Limit one of each Pokémon
|rule|OHKO Clause: OHKO moves are banned
|rule|Evasion Items Clause: Evasion items are banned
|rule|Evasion Moves Clause: Evasion moves are banned
|rule|Evasion Abilities Clause: Evasion abilities are banned
|rule|Sleep Moves Clause: Sleep-inducing moves are banned
|clearpoke
|poke|p1|Pawmot, F|
|poke|p1|Alomomola, F|
|poke|p1|Grimmsnarl, M|
|poke|p1|Glimmora, F|
|poke|p1|Iron Valiant|
|poke|p1|Goodra, F|
|poke|p2|Overqwil, M|
|poke|p2|Pelipper, M|
|poke|p2|Hatterene, F|
|poke|p2|Quaquaval, M|
|poke|p2|Ursaluna, M|
|poke|p2|Thundurus-Therian, M|
|teampreview
|c|☆ZaneCrescentb|Gl hf.
|c|☆ZaneCrescentb|LEt's GO!
|
|t:|1776119912
|teamsize|p1|6
|teamsize|p2|6
|start
|switch|p1a: Florablo|Glimmora, F|100/100
|switch|p2a: Hatterene|Hatterene, F, shiny|100/100
|turn|1
|
|t:|1776119922
|switch|p1a: Boodra|Goodra, F|100/100
|move|p2a: Hatterene|Psychic Noise|p1a: Boodra
|-damage|p1a: Boodra|89/100
|-start|p1a: Boodra|move: Heal Block
|
|upkeep
|turn|2
|
|t:|1776119931
|move|p1a: Boodra|Acid Spray|p2a: Hatterene
|-supereffective|p2a: Hatterene
|-damage|p2a: Hatterene|78/100
|-unboost|p2a: Hatterene|spd|2
|move|p2a: Hatterene|Draining Kiss|p1a: Boodra
|-supereffective|p1a: Boodra
|-damage|p1a: Boodra|73/100
|-heal|p2a: Hatterene|92/100|[from] drain|[of] p1a: Boodra
|
|-heal|p2a: Hatterene|98/100|[from] item: Leftovers
|-end|p1a: Boodra|move: Heal Block
|upkeep
|turn|3
|
|t:|1776119951
|switch|p2a: Quaquaval|Quaquaval, M, shiny|100/100
|move|p1a: Boodra|Acid Spray|p2a: Quaquaval
|-damage|p2a: Quaquaval|91/100
|-unboost|p2a: Quaquaval|spd|2
|
|upkeep
|turn|4
|
|t:|1776119962
|switch|p1a: MoMolto|Alomomola, F|100/100
|move|p2a: Quaquaval|Triple Axel|p1a: MoMolto
|-resisted|p1a: MoMolto
|-damage|p1a: MoMolto|98/100
|-resisted|p1a: MoMolto
|-damage|p1a: MoMolto|93/100
|-resisted|p1a: MoMolto
|-damage|p1a: MoMolto|86/100
|-hitcount|p1a: MoMolto|3
|
|-heal|p1a: MoMolto|92/100|[from] item: Leftovers
|upkeep
|turn|5
|
|t:|1776119975
|move|p2a: Quaquaval|Knock Off|p1a: MoMolto
|-damage|p1a: MoMolto|70/100
|-enditem|p1a: MoMolto|Leftovers|[from] move: Knock Off|[of] p2a: Quaquaval
|move|p1a: MoMolto|Flip Turn|p2a: Quaquaval
|-resisted|p2a: Quaquaval
|-damage|p2a: Quaquaval|80/100
|
|t:|1776119978
|switch|p1a: Grimm...|Grimmsnarl, M|100/100|[from] Flip Turn
|
|upkeep
|turn|6
|
|t:|1776119998
|-terastallize|p2a: Quaquaval|Steel
|move|p1a: Grimm...|Reflect|p1a: Grimm...
|-sidestart|p1: ZaneCrescentb|Reflect
|move|p2a: Quaquaval|Aqua Step|p1a: Grimm...
|-damage|p1a: Grimm...|77/100
|-boost|p2a: Quaquaval|spe|1
|
|upkeep
|turn|7
|
|t:|1776120007
|move|p2a: Quaquaval|Knock Off|p1a: Grimm...
|-resisted|p1a: Grimm...
|-damage|p1a: Grimm...|72/100
|-enditem|p1a: Grimm...|Light Clay|[from] move: Knock Off|[of] p2a: Quaquaval
|move|p1a: Grimm...|False Surrender|p2a: Quaquaval
|-damage|p2a: Quaquaval|29/100
|
|upkeep
|turn|8
|
|t:|1776120014
|move|p2a: Quaquaval|Aqua Step|p1a: Grimm...
|-damage|p1a: Grimm...|52/100
|-boost|p2a: Quaquaval|spe|1
|move|p1a: Grimm...|False Surrender|p2a: Quaquaval
|-damage|p2a: Quaquaval|0 fnt
|faint|p2a: Quaquaval
|
|upkeep
|
|t:|1776120030
|switch|p2a: Pelipper|Pelipper, M, shiny|100/100
|-weather|RainDance|[from] ability: Drizzle|[of] p2a: Pelipper
|turn|9
|
|t:|1776120038
|move|p1a: Grimm...|Spirit Break|p2a: Pelipper
|-damage|p2a: Pelipper|74/100
|-unboost|p2a: Pelipper|spa|1
|move|p2a: Pelipper|Hurricane|p1a: Grimm...
|-damage|p1a: Grimm...|29/100
|-start|p1a: Grimm...|confusion
|
|-weather|RainDance|[upkeep]
|upkeep
|turn|10
|
|t:|1776120050
|-activate|p1a: Grimm...|confusion
|-damage|p1a: Grimm...|13/100|[from] confusion
|move|p2a: Pelipper|U-turn|p1a: Grimm...
|-damage|p1a: Grimm...|8/100
|
|t:|1776120055
|switch|p2a: Overqwil|Overqwil, M, shiny|100/100|[from] U-turn
|
|-weather|RainDance|[upkeep]
|upkeep
|turn|11
|
|t:|1776120113
|switch|p1a: MoMolto|Alomomola, F|100/100
|move|p2a: Overqwil|Crunch|p1a: MoMolto
|-damage|p1a: MoMolto|83/100
|-damage|p2a: Overqwil|91/100|[from] item: Life Orb
|
|-weather|RainDance|[upkeep]
|upkeep
|turn|12
|
|t:|1776120122
|move|p2a: Overqwil|Barb Barrage|p1a: MoMolto
|-damage|p1a: MoMolto|70/100
|-damage|p2a: Overqwil|81/100|[from] item: Life Orb
|move|p1a: MoMolto|Scald|p2a: Overqwil
|-crit|p2a: Overqwil
|-damage|p2a: Overqwil|34/100
|
|-weather|RainDance|[upkeep]
|upkeep
|turn|13
|c|☆ZaneCrescentb|Holy.
|
|t:|1776120160
|move|p2a: Overqwil|Barb Barrage|p1a: MoMolto
|-damage|p1a: MoMolto|55/100
|-status|p1a: MoMolto|psn
|-damage|p2a: Overqwil|24/100|[from] item: Life Orb
|move|p1a: MoMolto|Scald|p2a: Overqwil
|-crit|p2a: Overqwil
|-damage|p2a: Overqwil|0 fnt
|faint|p2a: Overqwil
|
|-weather|RainDance|[upkeep]
|-damage|p1a: MoMolto|42/100 psn|[from] psn
|-sideend|p1: ZaneCrescentb|Reflect
|upkeep
|l|☆Kingkarl131
|player|p2|
|c|☆ZaneCrescentb|2 CIRTS?
|c|☆ZaneCrescentb|Oh my gosh.
|inactive|Battle timer is ON: inactive players will automatically lose when time's up. (requested by ZaneCrescentb)
|c|☆ZaneCrescentb|Timer...
|c|☆ZaneCrescentb|Le-Sigh...
|inactive|Kingkarl131 has 30 seconds to reconnect!
|inactive|Kingkarl131 has 20 seconds to reconnect!
|inactive|Kingkarl131 has 15 seconds to reconnect!
|inactive|Kingkarl131 has 10 seconds to reconnect!
|inactive|Kingkarl131 has 5 seconds to reconnect!
|-message|Kingkarl131 lost due to inactivity.
|
|win|ZaneCrescentb
|raw|ZaneCrescentb's rating: 1131 &rarr; <strong>1152</strong><br />(+21 for winning)
|raw|Kingkarl131's rating: 1082 &rarr; <strong>1063</strong><br />(-19 for losing)
|c|☆ZaneCrescentb|Gg.
