|html|<div class="broadcast-blue"><strong>[Gen 9] OU is currently suspecting Tera Blast! For information on how to participate check out the <a href="https://www.smogon.com/tools/suspects/view/200">suspect thread</a>.</strong></div>
|j|☆achoosirs
|j|☆Nelm120
|t:|1776050405
|gametype|singles
|player|p1|achoosirs|wallace|1199
|player|p2|Nelm120|101|1258
|gen|9
|tier|[Gen 9] OU
|rated|
|rule|HP Percentage Mod: HP is shown in percentages
|rule|Endless Battle Clause: Forcing endless battles is banned
|rule|Species Clause: Limit one of each Pokémon
|rule|OHKO Clause: OHKO moves are banned
|rule|Evasion Items Clause: Evasion items are banned
|rule|Evasion Moves Clause: Evasion moves are banned
|rule|Evasion Abilities Clause: Evasion abilities are banned
|rule|Sleep Moves Clause: Sleep-inducing moves are banned
|clearpoke
|poke|p1|Meowscarada, F|
|poke|p1|Rotom-Wash|
|poke|p1|Goodra-Hisui, F|
|poke|p1|Zapdos-Galar|
|poke|p1|Fezandipiti, M|
|poke|p1|Houndoom, M|
|poke|p2|Great Tusk|
|poke|p2|Walking Wake|
|poke|p2|Kingambit, F|
|poke|p2|Venusaur, F|
|poke|p2|Raging Bolt|
|poke|p2|Ninetales, M|
|teampreview
|inactive|Battle timer is ON: inactive players will automatically lose when time's up. (requested by achoosirs)
|
|t:|1776050415
|teamsize|p1|6
|teamsize|p2|6
|start
|switch|p1a: Meowscarada|Meowscarada, F, shiny|100/100
|switch|p2a: Ninetales|Ninetales, M|100/100
|-weather|SunnyDay|[from] ability: Drought|[of] p2a: Ninetales
|turn|1
|
|t:|1776050440
|move|p1a: Meowscarada|Trick|p2a: Ninetales
|-start|p1a: Meowscarada|typechange|Psychic|[from] ability: Protean
|-activate|p1a: Meowscarada|move: Trick|[of] p2a: Ninetales
|-item|p2a: Ninetales|Choice Scarf|[from] move: Trick
|-item|p1a: Meowscarada|Heat Rock|[from] move: Trick
|move|p2a: Ninetales|Weather Ball|p1a: Meowscarada
|-crit|p1a: Meowscarada
|-damage|p1a: Meowscarada|2/100
|
|-weather|SunnyDay|[upkeep]
|upkeep
|turn|2
|inactive|achoosirs has 120 seconds left.
|
|t:|1776050491
|switch|p1a: Houndoom|Houndoom, M, shiny|100/100
|move|p2a: Ninetales|Weather Ball|p1a: Houndoom
|-start|p1a: Houndoom|ability: Flash Fire
|
|-weather|SunnyDay|[upkeep]
|upkeep
|turn|3
|
|t:|1776050502
|switch|p2a: Walking Wake|Walking Wake|100/100
|-activate|p2a: Walking Wake|ability: Protosynthesis
|-start|p2a: Walking Wake|protosynthesisspe
|move|p1a: Houndoom|Nasty Plot|p1a: Houndoom
|-boost|p1a: Houndoom|spa|2
|
|-weather|SunnyDay|[upkeep]
|upkeep
|turn|4
|
|t:|1776050511
|-terastallize|p1a: Houndoom|Grass
|move|p2a: Walking Wake|Hydro Steam|p1a: Houndoom
|-resisted|p1a: Houndoom
|-damage|p1a: Houndoom|51/100
|move|p1a: Houndoom|Solar Beam||[still]
|-prepare|p1a: Houndoom|Solar Beam
|-anim|p1a: Houndoom|Solar Beam|p2a: Walking Wake
|-damage|p2a: Walking Wake|0 fnt
|faint|p2a: Walking Wake
|-end|p2a: Walking Wake|Protosynthesis|[silent]
|
|-weather|SunnyDay|[upkeep]
|upkeep
|
|t:|1776050524
|switch|p2a: Venusaur|Venusaur, F|100/100
|turn|5
|inactive|achoosirs has 120 seconds left.
|
|t:|1776050542
|-end|p1a: Houndoom|ability: Flash Fire|[silent]
|switch|p1a: Goodra|Goodra-Hisui, F|100/100
|move|p2a: Venusaur|Sludge Bomb|p1a: Goodra
|-immune|p1a: Goodra
|
|-weather|SunnyDay|[upkeep]
|upkeep
|turn|6
|
|t:|1776050555
|move|p2a: Venusaur|Weather Ball|p1a: Goodra
|-damage|p1a: Goodra|63/100
|-damage|p2a: Venusaur|91/100|[from] item: Life Orb
|move|p1a: Goodra|Flamethrower|p2a: Venusaur
|-supereffective|p2a: Venusaur
|-damage|p2a: Venusaur|0 fnt
|faint|p2a: Venusaur
|
|-weather|SunnyDay|[upkeep]
|upkeep
|
|t:|1776050568
|switch|p2a: Great Tusk|Great Tusk|100/100
|-activate|p2a: Great Tusk|ability: Protosynthesis
|-start|p2a: Great Tusk|protosynthesisatk
|turn|7
|
|t:|1776050573
|switch|p1a: Rotom|Rotom-Wash, shiny|100/100
|move|p2a: Great Tusk|Headlong Rush|p1a: Rotom
|-immune|p1a: Rotom|[from] ability: Levitate
|
|-weather|SunnyDay|[upkeep]
|upkeep
|turn|8
|
|t:|1776050591
|move|p2a: Great Tusk|Close Combat|p1a: Rotom
|-damage|p1a: Rotom|15/100
|-unboost|p2a: Great Tusk|def|1
|-unboost|p2a: Great Tusk|spd|1
|move|p1a: Rotom|Will-O-Wisp|p2a: Great Tusk
|-status|p2a: Great Tusk|brn
|
|-weather|none
|-end|p2a: Great Tusk|Protosynthesis
|-heal|p1a: Rotom|21/100|[from] item: Leftovers
|-damage|p2a: Great Tusk|94/100 brn|[from] brn
|upkeep
|turn|9
|
|t:|1776050604
|move|p2a: Great Tusk|Close Combat|p1a: Rotom
|-damage|p1a: Rotom|0 fnt
|-unboost|p2a: Great Tusk|def|1
|-unboost|p2a: Great Tusk|spd|1
|faint|p1a: Rotom
|
|-damage|p2a: Great Tusk|88/100 brn|[from] brn
|upkeep
|
|t:|1776050616
|switch|p1a: Meowscarada|Meowscarada, F, shiny|2/100
|turn|10
|
|t:|1776050628
|move|p1a: Meowscarada|Flower Trick|p2a: Great Tusk
|-start|p1a: Meowscarada|typechange|Grass|[from] ability: Protean
|-supereffective|p2a: Great Tusk
|-crit|p2a: Great Tusk
|-damage|p2a: Great Tusk|0 fnt
|faint|p2a: Great Tusk
|-end|p2a: Great Tusk|Protosynthesis|[silent]
|
|upkeep
|
|t:|1776050638
|switch|p2a: Raging Bolt|Raging Bolt|100/100
|-item|p2a: Raging Bolt|Air Balloon
|turn|11
|
|t:|1776050647
|move|p2a: Raging Bolt|Thunderclap||[still]
|-fail|p2a: Raging Bolt
|move|p1a: Meowscarada|Trick|p2a: Raging Bolt
|-activate|p1a: Meowscarada|move: Trick|[of] p2a: Raging Bolt
|-item|p2a: Raging Bolt|Heat Rock|[from] move: Trick
|-item|p1a: Meowscarada|Air Balloon
|-item|p1a: Meowscarada|Air Balloon|[from] move: Trick
|
|upkeep
|turn|12
|
|t:|1776050655
|move|p2a: Raging Bolt|Thunderclap|p1a: Meowscarada
|-resisted|p1a: Meowscarada
|-damage|p1a: Meowscarada|0 fnt
|-enditem|p1a: Meowscarada|Air Balloon
|faint|p1a: Meowscarada
|
|upkeep
|
|t:|1776050661
|switch|p1a: Fezandipiti|Fezandipiti, M|100/100
|turn|13
|
|t:|1776050688
|move|p1a: Fezandipiti|Calm Mind|p1a: Fezandipiti
|-boost|p1a: Fezandipiti|spa|1
|-boost|p1a: Fezandipiti|spd|1
|move|p2a: Raging Bolt|Thunderbolt|p1a: Fezandipiti
|-damage|p1a: Fezandipiti|67/100
|
|upkeep
|turn|14
|
|t:|1776050698
|-end|p2a: Raging Bolt|Protosynthesis|[silent]
|switch|p2a: Kingambit|Kingambit, F|100/100
|-activate|p2a: Kingambit|ability: Supreme Overlord
|-start|p2a: Kingambit|fallen3|[silent]
|-item|p2a: Kingambit|Air Balloon
|move|p1a: Fezandipiti|Moonblast|p2a: Kingambit
|-damage|p2a: Kingambit|48/100
|-enditem|p2a: Kingambit|Air Balloon
|
|upkeep
|turn|15
|
|t:|1776050710
|move|p1a: Fezandipiti|Moonblast|p2a: Kingambit
|-damage|p2a: Kingambit|0 fnt
|faint|p2a: Kingambit
|-end|p2a: Kingambit|fallen3|[silent]
|
|upkeep
|-message|Nelm120 forfeited.
|
|win|achoosirs
|raw|achoosirs's rating: 1199 &rarr; <strong>1228</strong><br />(+29 for winning)
|raw|Nelm120's rating: 1258 &rarr; <strong>1229</strong><br />(-29 for losing)
|l|☆Nelm120
|player|p2|
|l|☆achoosirs
|player|p1|
