|html|<div class="broadcast-blue"><strong>[Gen 9] OU is currently suspecting Tera Blast! For information on how to participate check out the <a href="https://www.smogon.com/tools/suspects/view/200">suspect thread</a>.</strong></div>
|j|☆pkmn_goopert
|j|☆AmygdalanResponse
|t:|1776054489
|gametype|singles
|player|p1|pkmn_goopert|2|1528
|player|p2|AmygdalanResponse|marshal|1561
|gen|9
|tier|[Gen 9] OU
|rated|
|rule|HP Percentage Mod: HP is shown in percentages
|rule|Endless Battle Clause: Forcing endless battles is banned
|rule|Species Clause: Limit one of each Pokémon
|rule|OHKO Clause: OHKO moves are banned
|rule|Evasion Items Clause: Evasion items are banned
|rule|Evasion Moves Clause: Evasion moves are banned
|rule|Evasion Abilities Clause: Evasion abilities are banned
|rule|Sleep Moves Clause: Sleep-inducing moves are banned
|clearpoke
|poke|p1|Ninetales-Alola, M|
|poke|p1|Polteageist|
|poke|p1|Great Tusk|
|poke|p1|Manaphy|
|poke|p1|Dragonite, M|
|poke|p1|Kingambit, M|
|poke|p2|Indeedee, M|
|poke|p2|Iron Boulder|
|poke|p2|Deoxys-Speed|
|poke|p2|Iron Valiant|
|poke|p2|Glimmora, F|
|poke|p2|Dragapult, F|
|teampreview
|inactive|Battle timer is ON: inactive players will automatically lose when time's up. (requested by pkmn_goopert)
|c|☆AmygdalanResponse|gl hf
|c|☆pkmn_goopert|u2 bud
|inactive|AmygdalanResponse has 120 seconds left.
|
|t:|1776054522
|teamsize|p1|6
|teamsize|p2|6
|start
|switch|p1a: Polteageist|Polteageist|100/100
|switch|p2a: Glimmora|Glimmora, F|100/100
|turn|1
|
|t:|1776054530
|move|p2a: Glimmora|Earth Power|p1a: Polteageist
|-damage|p1a: Polteageist|71/100
|move|p1a: Polteageist|Shell Smash|p1a: Polteageist
|-unboost|p1a: Polteageist|def|1
|-unboost|p1a: Polteageist|spd|1
|-boost|p1a: Polteageist|atk|2
|-boost|p1a: Polteageist|spa|2
|-boost|p1a: Polteageist|spe|2
|-enditem|p1a: Polteageist|White Herb
|-clearnegativeboost|p1a: Polteageist|[silent]
|
|upkeep
|turn|2
|
|t:|1776054543
|move|p1a: Polteageist|Giga Drain|p2a: Glimmora
|-damage|p2a: Glimmora|33/100
|-heal|p1a: Polteageist|100/100|[from] drain|[of] p2a: Glimmora
|move|p2a: Glimmora|Power Gem|p1a: Polteageist
|-damage|p1a: Polteageist|59/100
|
|upkeep
|turn|3
|
|t:|1776054550
|move|p1a: Polteageist|Giga Drain|p2a: Glimmora
|-damage|p2a: Glimmora|0 fnt
|-heal|p1a: Polteageist|75/100|[from] drain|[of] p2a: Glimmora
|faint|p2a: Glimmora
|
|upkeep
|j| samurajen
|
|t:|1776054553
|switch|p2a: Dragapult|Dragapult, F|100/100
|turn|4
|
|t:|1776054559
|move|p2a: Dragapult|Sucker Punch|p1a: Polteageist
|-supereffective|p1a: Polteageist
|-damage|p1a: Polteageist|0 fnt
|faint|p1a: Polteageist
|
|upkeep
|
|t:|1776054564
|switch|p1a: Ninetales|Ninetales-Alola, M|100/100
|-weather|Snowscape|[from] ability: Snow Warning|[of] p1a: Ninetales
|turn|5
|
|t:|1776054582
|switch|p2a: Indeedee|Indeedee, M|100/100
|-fieldstart|move: Psychic Terrain|[from] ability: Psychic Surge|[of] p2a: Indeedee
|move|p1a: Ninetales|Aurora Veil|p1a: Ninetales
|-sidestart|p1: pkmn_goopert|move: Aurora Veil
|
|-weather|Snowscape|[upkeep]
|upkeep
|turn|6
|
|t:|1776054601
|move|p1a: Ninetales|Moonblast|p2a: Indeedee
|-damage|p2a: Indeedee|51/100
|move|p2a: Indeedee|Expanding Force|p1a: Ninetales
|-damage|p1a: Ninetales|58/100
|
|-weather|Snowscape|[upkeep]
|upkeep
|turn|7
|
|t:|1776054608
|switch|p1a: Kingambit|Kingambit, M|100/100
|-activate|p1a: Kingambit|ability: Supreme Overlord
|-start|p1a: Kingambit|fallen1|[silent]
|switch|p2a: Deoxys|Deoxys-Speed|100/100
|-ability|p2a: Deoxys|Pressure
|
|-weather|Snowscape|[upkeep]
|upkeep
|turn|8
|
|t:|1776054619
|switch|p2a: Iron Boulder|Iron Boulder|100/100
|-enditem|p2a: Iron Boulder|Booster Energy
|-activate|p2a: Iron Boulder|ability: Quark Drive|[fromitem]
|-start|p2a: Iron Boulder|quarkdrivespe
|move|p1a: Kingambit|Kowtow Cleave|p2a: Iron Boulder
|-supereffective|p2a: Iron Boulder
|-damage|p2a: Iron Boulder|0 fnt
|faint|p2a: Iron Boulder
|-end|p2a: Iron Boulder|Quark Drive|[silent]
|
|-weather|Snowscape|[upkeep]
|upkeep
|inactive|AmygdalanResponse has 120 seconds left.
|c|☆AmygdalanResponse|gg, shouldn't have expected the SD
|-message|AmygdalanResponse forfeited.
|
|win|pkmn_goopert
|raw|pkmn_goopert's rating: 1528 &rarr; <strong>1550</strong><br />(+22 for winning)
|raw|AmygdalanResponse's rating: 1561 &rarr; <strong>1539</strong><br />(-22 for losing)
|c|☆pkmn_goopert|gg
|l|☆AmygdalanResponse
|player|p2|
|l|☆pkmn_goopert
|player|p1|
