|html|<div class="broadcast-blue"><strong>[Gen 9] OU is currently suspecting Tera Blast! For information on how to participate check out the <a href="https://www.smogon.com/tools/suspects/view/200">suspect thread</a>.</strong></div>
|j|☆thebacchusbraviary
|j|☆FlintAndSteelType
|t:|1776036295
|gametype|singles
|player|p1|thebacchusbraviary|winona|1297
|player|p2|FlintAndSteelType|2|1304
|gen|9
|tier|[Gen 9] OU
|rated|
|rule|HP Percentage Mod: HP is shown in percentages
|rule|Endless Battle Clause: Forcing endless battles is banned
|rule|Species Clause: Limit one of each Pokémon
|rule|OHKO Clause: OHKO moves are banned
|rule|Evasion Items Clause: Evasion items are banned
|rule|Evasion Moves Clause: Evasion moves are banned
|rule|Evasion Abilities Clause: Evasion abilities are banned
|rule|Sleep Moves Clause: Sleep-inducing moves are banned
|clearpoke
|poke|p1|Talonflame, F|
|poke|p1|Latios, M|
|poke|p1|Magnezone|
|poke|p1|Regice|
|poke|p1|Tauros-Paldea-Aqua, M|
|poke|p1|Tyranitar, M|
|poke|p2|Dondozo, M|
|poke|p2|Blissey, F|
|poke|p2|Corviknight, F|
|poke|p2|Weezing-Galar, M|
|poke|p2|Gliscor, F|
|poke|p2|Toxapex, M|
|teampreview
|inactive|Battle timer is ON: inactive players will automatically lose when time's up. (requested by thebacchusbraviary)
|j| ohko_smeargle
|
|t:|1776036317
|teamsize|p1|6
|teamsize|p2|6
|start
|switch|p1a: Tauros|Tauros-Paldea-Aqua, M|100/100
|switch|p2a: Dondozo|Dondozo, M|100/100
|-ability|p1a: Tauros|Intimidate|boost
|-unboost|p2a: Dondozo|atk|1
|turn|1
|
|t:|1776036333
|switch|p2a: Weezing|Weezing-Galar, M|100/100
|-ability|p2a: Weezing|Neutralizing Gas
|move|p1a: Tauros|Close Combat|p2a: Weezing
|-resisted|p2a: Weezing
|-damage|p2a: Weezing|87/100
|-unboost|p1a: Tauros|def|1
|-unboost|p1a: Tauros|spd|1
|
|upkeep
|turn|2
|
|t:|1776036348
|switch|p1a: Tyranitar|Tyranitar, M|100/100
|move|p2a: Weezing|Will-O-Wisp|p1a: Tyranitar|[miss]
|-miss|p2a: Weezing|p1a: Tyranitar
|
|upkeep
|turn|3
|
|t:|1776036358
|-end|p2a: Weezing|ability: Neutralizing Gas
|-weather|Sandstorm|[from] ability: Sand Stream|[of] p1a: Tyranitar
|switch|p2a: Dondozo|Dondozo, M|100/100
|move|p1a: Tyranitar|Earthquake|p2a: Dondozo
|-damage|p2a: Dondozo|84/100
|
|-weather|Sandstorm|[upkeep]
|-damage|p2a: Dondozo|78/100|[from] Sandstorm
|-heal|p2a: Dondozo|84/100|[from] item: Leftovers
|upkeep
|turn|4
|
|t:|1776036374
|move|p1a: Tyranitar|Knock Off|p2a: Dondozo
|-damage|p2a: Dondozo|57/100
|-enditem|p2a: Dondozo|Leftovers|[from] move: Knock Off|[of] p1a: Tyranitar
|move|p2a: Dondozo|Wave Crash|p1a: Tyranitar
|-supereffective|p1a: Tyranitar
|-damage|p1a: Tyranitar|34/100
|-damage|p2a: Dondozo|40/100|[from] Recoil
|
|-weather|Sandstorm|[upkeep]
|-damage|p2a: Dondozo|34/100|[from] Sandstorm
|-heal|p1a: Tyranitar|40/100|[from] item: Leftovers
|upkeep
|turn|5
|
|t:|1776036385
|switch|p1a: Magnezone|Magnezone|100/100
|move|p2a: Dondozo|Rest|p2a: Dondozo
|-status|p2a: Dondozo|slp|[from] move: Rest
|-heal|p2a: Dondozo|100/100 slp|[silent]
|
|-weather|Sandstorm|[upkeep]
|-damage|p2a: Dondozo|94/100 slp|[from] Sandstorm
|upkeep
|turn|6
|
|t:|1776036396
|switch|p2a: Gliscor|Gliscor, F|100/100
|move|p1a: Magnezone|Tera Blast|p2a: Gliscor
|-damage|p2a: Gliscor|59/100
|
|-weather|Sandstorm|[upkeep]
|-status|p2a: Gliscor|tox|[from] item: Toxic Orb
|upkeep
|turn|7
|
|t:|1776036409
|-terastallize|p1a: Magnezone|Water
|move|p2a: Gliscor|Earthquake|p1a: Magnezone
|-damage|p1a: Magnezone|64/100
|move|p1a: Magnezone|Tera Blast|p2a: Gliscor|[anim] Tera Blast Water
|-supereffective|p2a: Gliscor
|-damage|p2a: Gliscor|0 fnt
|faint|p2a: Gliscor
|
|-weather|none
|upkeep
|
|t:|1776036423
|switch|p2a: Blissey|Blissey, F|100/100
|turn|8
|
|t:|1776036431
|switch|p1a: Tyranitar|Tyranitar, M|40/100
|-weather|Sandstorm|[from] ability: Sand Stream|[of] p1a: Tyranitar
|move|p2a: Blissey|Stealth Rock|p1a: Tyranitar
|-sidestart|p1: thebacchusbraviary|move: Stealth Rock
|
|-weather|Sandstorm|[upkeep]
|-damage|p2a: Blissey|94/100|[from] Sandstorm
|-heal|p2a: Blissey|100/100|[from] item: Leftovers
|-heal|p1a: Tyranitar|46/100|[from] item: Leftovers
|upkeep
|turn|9
|
|t:|1776036449
|switch|p2a: Corviknight|Corviknight, F|100/100
|-ability|p2a: Corviknight|Pressure
|move|p1a: Tyranitar|Knock Off|p2a: Corviknight
|-damage|p2a: Corviknight|61/100
|-enditem|p2a: Corviknight|Leftovers|[from] move: Knock Off|[of] p1a: Tyranitar
|
|-weather|Sandstorm|[upkeep]
|-heal|p1a: Tyranitar|52/100|[from] item: Leftovers
|upkeep
|turn|10
|
|t:|1776036460
|switch|p1a: Talonflame|Talonflame, F|100/100
|move|p2a: Corviknight|Body Press|p1a: Talonflame
|-resisted|p1a: Talonflame
|-damage|p1a: Talonflame|84/100
|
|-weather|Sandstorm|[upkeep]
|-damage|p1a: Talonflame|78/100|[from] Sandstorm
|upkeep
|turn|11
|inactive|FlintAndSteelType has 120 seconds left.
|
|t:|1776036475
|switch|p2a: Dondozo|Dondozo, M|94/100 slp
|move|p1a: Talonflame|Flare Blitz|p2a: Dondozo
|-resisted|p2a: Dondozo
|-damage|p2a: Dondozo|83/100 slp
|-damage|p1a: Talonflame|72/100|[from] Recoil
|
|-weather|Sandstorm|[upkeep]
|-damage|p1a: Talonflame|65/100|[from] Sandstorm
|-damage|p2a: Dondozo|77/100 slp|[from] Sandstorm
|upkeep
|turn|12
|inactive|FlintAndSteelType has 120 seconds left.
|
|t:|1776036486
|move|p1a: Talonflame|Defog|p2a: Dondozo
|-unboost|p2a: Dondozo|evasion|1
|-sideend|p1: thebacchusbraviary|Stealth Rock|[from] move: Defog|[of] p1a: Talonflame
|cant|p2a: Dondozo|slp
|move|p2a: Dondozo|Sleep Talk|p2a: Dondozo
|move|p2a: Dondozo|Avalanche|p1a: Talonflame|[from] move: Sleep Talk
|-damage|p1a: Talonflame|44/100
|
|-weather|none
|upkeep
|turn|13
|inactive|FlintAndSteelType has 120 seconds left.
|
|t:|1776036497
|switch|p1a: Magnezone|Magnezone, tera:Water|64/100
|cant|p2a: Dondozo|slp
|
|upkeep
|turn|14
|inactive|FlintAndSteelType has 120 seconds left.
|
|t:|1776036508
|switch|p2a: Blissey|Blissey, F|100/100
|move|p1a: Magnezone|Volt Switch|p2a: Blissey
|-damage|p2a: Blissey|82/100
|
|t:|1776036510
|switch|p1a: Tauros|Tauros-Paldea-Aqua, M|100/100|[from] Volt Switch
|-ability|p1a: Tauros|Intimidate|boost
|-unboost|p2a: Blissey|atk|1
|
|-heal|p2a: Blissey|89/100|[from] item: Leftovers
|upkeep
|turn|15
|
|t:|1776036521
|switch|p2a: Weezing|Weezing-Galar, M|87/100
|-ability|p2a: Weezing|Neutralizing Gas
|move|p1a: Tauros|Close Combat|p2a: Weezing
|-resisted|p2a: Weezing
|-damage|p2a: Weezing|73/100
|-unboost|p1a: Tauros|def|1
|-unboost|p1a: Tauros|spd|1
|
|upkeep
|turn|16
|
|t:|1776036532
|switch|p1a: Latios|Latios, M|100/100
|move|p2a: Weezing|Toxic Spikes|p1a: Latios
|-sidestart|p1: thebacchusbraviary|move: Toxic Spikes
|
|upkeep
|turn|17
|
|t:|1776036541
|-end|p2a: Weezing|ability: Neutralizing Gas
|switch|p2a: Blissey|Blissey, F|89/100
|move|p1a: Latios|Luster Purge|p2a: Blissey
|-damage|p2a: Blissey|70/100
|
|-heal|p2a: Blissey|76/100|[from] item: Leftovers
|upkeep
|turn|18
|
|t:|1776036551
|switch|p1a: Talonflame|Talonflame, F|44/100
|move|p2a: Blissey|Stealth Rock|p1a: Talonflame
|-sidestart|p1: thebacchusbraviary|move: Stealth Rock
|
|-heal|p2a: Blissey|82/100|[from] item: Leftovers
|upkeep
|turn|19
|
|t:|1776036559
|move|p1a: Talonflame|Defog|p2a: Blissey
|-unboost|p2a: Blissey|evasion|1
|-sideend|p1: thebacchusbraviary|Toxic Spikes|[from] move: Defog|[of] p1a: Talonflame
|-sideend|p1: thebacchusbraviary|Stealth Rock|[from] move: Defog|[of] p1a: Talonflame
|move|p2a: Blissey|Seismic Toss|p1a: Talonflame
|-damage|p1a: Talonflame|10/100
|-status|p2a: Blissey|brn|[from] ability: Flame Body|[of] p1a: Talonflame
|
|-heal|p2a: Blissey|88/100 brn|[from] item: Leftovers
|-damage|p2a: Blissey|82/100 brn|[from] brn
|upkeep
|turn|20
|
|t:|1776036572
|-curestatus|p2a: Blissey|brn|[from] ability: Natural Cure
|switch|p2a: Toxapex|Toxapex, M|100/100
|move|p1a: Talonflame|U-turn|p2a: Toxapex
|-resisted|p2a: Toxapex
|-damage|p2a: Toxapex|94/100
|
|t:|1776036575
|switch|p1a: Magnezone|Magnezone, tera:Water|64/100|[from] U-turn
|
|-heal|p2a: Toxapex|99/100|[from] item: Leftovers
|upkeep
|turn|21
|
|t:|1776036588
|switch|p2a: Blissey|Blissey, F|82/100
|move|p1a: Magnezone|Thunderbolt|p2a: Blissey
|-damage|p2a: Blissey|59/100
|
|-heal|p2a: Blissey|65/100|[from] item: Leftovers
|upkeep
|turn|22
|
|t:|1776036600
|switch|p1a: Tauros|Tauros-Paldea-Aqua, M|100/100
|-ability|p1a: Tauros|Intimidate|boost
|-unboost|p2a: Blissey|atk|1
|move|p2a: Blissey|Soft-Boiled|p2a: Blissey
|-heal|p2a: Blissey|100/100
|
|upkeep
|turn|23
|
|t:|1776036608
|switch|p2a: Weezing|Weezing-Galar, M|73/100
|-ability|p2a: Weezing|Neutralizing Gas
|move|p1a: Tauros|Earthquake|p2a: Weezing
|-supereffective|p2a: Weezing
|-damage|p2a: Weezing|13/100
|
|upkeep
|turn|24
|
|t:|1776036616
|switch|p1a: Talonflame|Talonflame, F|10/100
|move|p2a: Weezing|Will-O-Wisp|p1a: Talonflame
|-immune|p1a: Talonflame
|
|upkeep
|turn|25
|
|t:|1776036625
|move|p1a: Talonflame|Flare Blitz|p2a: Weezing
|-damage|p2a: Weezing|0 fnt
|faint|p2a: Weezing
|-end|p2a: Weezing|ability: Neutralizing Gas
|-damage|p1a: Talonflame|6/100|[from] Recoil
|
|upkeep
|
|t:|1776036637
|switch|p2a: Toxapex|Toxapex, M|100/100
|turn|26
|
|t:|1776036640
|move|p1a: Talonflame|U-turn|p2a: Toxapex
|-resisted|p2a: Toxapex
|-damage|p2a: Toxapex|94/100
|
|t:|1776036644
|switch|p1a: Latios|Latios, M|100/100|[from] U-turn
|move|p2a: Toxapex|Toxic|p1a: Latios
|-status|p1a: Latios|tox
|
|-heal|p2a: Toxapex|99/100|[from] item: Leftovers
|-damage|p1a: Latios|95/100 tox|[from] psn
|upkeep
|turn|27
|
|t:|1776036655
|move|p1a: Latios|Luster Purge|p2a: Toxapex
|-supereffective|p2a: Toxapex
|-damage|p2a: Toxapex|29/100
|-unboost|p2a: Toxapex|spd|1
|move|p2a: Toxapex|Lunge|p1a: Latios
|-supereffective|p1a: Latios
|-damage|p1a: Latios|66/100 tox
|-unboost|p1a: Latios|atk|1
|
|-heal|p2a: Toxapex|35/100|[from] item: Leftovers
|-damage|p1a: Latios|54/100 tox|[from] psn
|upkeep
|turn|28
|
|t:|1776036666
|switch|p1a: Tauros|Tauros-Paldea-Aqua, M|100/100
|-ability|p1a: Tauros|Intimidate|boost
|-unboost|p2a: Toxapex|atk|1
|switch|p2a: Blissey|Blissey, F|100/100
|
|upkeep
|turn|29
|
|t:|1776036675
|switch|p2a: Corviknight|Corviknight, F|61/100
|-ability|p2a: Corviknight|Pressure
|move|p1a: Tauros|Close Combat|p2a: Corviknight
|-damage|p2a: Corviknight|4/100
|-unboost|p1a: Tauros|def|1
|-unboost|p1a: Tauros|spd|1
|
|upkeep
|turn|30
|
|t:|1776036685
|move|p1a: Tauros|Close Combat|p2a: Corviknight
|-damage|p2a: Corviknight|0 fnt
|-unboost|p1a: Tauros|def|1
|-unboost|p1a: Tauros|spd|1
|faint|p2a: Corviknight
|
|upkeep
|
|t:|1776036692
|switch|p2a: Dondozo|Dondozo, M|77/100 slp
|turn|31
|
|t:|1776036696
|switch|p1a: Magnezone|Magnezone, tera:Water|64/100
|-curestatus|p2a: Dondozo|slp|[msg]
|move|p2a: Dondozo|Wave Crash|p1a: Magnezone
|-resisted|p1a: Magnezone
|-damage|p1a: Magnezone|41/100
|-damage|p2a: Dondozo|73/100|[from] Recoil
|
|upkeep
|turn|32
|
|t:|1776036705
|switch|p2a: Blissey|Blissey, F|100/100
|move|p1a: Magnezone|Thunderbolt|p2a: Blissey
|-crit|p2a: Blissey
|-damage|p2a: Blissey|67/100
|
|-heal|p2a: Blissey|73/100|[from] item: Leftovers
|upkeep
|turn|33
|
|t:|1776036716
|switch|p1a: Tyranitar|Tyranitar, M|52/100
|-weather|Sandstorm|[from] ability: Sand Stream|[of] p1a: Tyranitar
|move|p2a: Blissey|Seismic Toss|p1a: Tyranitar
|-damage|p1a: Tyranitar|27/100
|
|-weather|Sandstorm|[upkeep]
|-damage|p2a: Blissey|67/100|[from] Sandstorm
|-heal|p2a: Blissey|73/100|[from] item: Leftovers
|-heal|p1a: Tyranitar|34/100|[from] item: Leftovers
|upkeep
|turn|34
|
|t:|1776036729
|switch|p2a: Toxapex|Toxapex, M|69/100
|move|p1a: Tyranitar|Knock Off|p2a: Toxapex
|-damage|p2a: Toxapex|28/100
|-enditem|p2a: Toxapex|Leftovers|[from] move: Knock Off|[of] p1a: Tyranitar
|
|-weather|Sandstorm|[upkeep]
|-damage|p2a: Toxapex|22/100|[from] Sandstorm
|-heal|p1a: Tyranitar|40/100|[from] item: Leftovers
|upkeep
|turn|35
|-message|FlintAndSteelType forfeited.
|
|win|thebacchusbraviary
|raw|thebacchusbraviary's rating: 1297 &rarr; <strong>1323</strong><br />(+26 for winning)
|raw|FlintAndSteelType's rating: 1304 &rarr; <strong>1284</strong><br />(-20 for losing)
|l|☆FlintAndSteelType
|player|p2|
|l| ohko_smeargle
|l|☆thebacchusbraviary
|player|p1|
