|html|<div class="broadcast-blue"><strong>[Gen 9] OU is currently suspecting Tera Blast! For information on how to participate check out the <a href="https://www.smogon.com/tools/suspects/view/200">suspect thread</a>.</strong></div>
|j|☆magistermilitum420
|j|☆Broskii19
|t:|1776271955
|gametype|singles
|player|p1|magistermilitum420|blue|1298
|player|p2|Broskii19|101|1313
|gen|9
|tier|[Gen 9] OU
|rated|
|rule|HP Percentage Mod: HP is shown in percentages
|rule|Endless Battle Clause: Forcing endless battles is banned
|rule|Species Clause: Limit one of each Pokémon
|rule|OHKO Clause: OHKO moves are banned
|rule|Evasion Items Clause: Evasion items are banned
|rule|Evasion Moves Clause: Evasion moves are banned
|rule|Evasion Abilities Clause: Evasion abilities are banned
|rule|Sleep Moves Clause: Sleep-inducing moves are banned
|clearpoke
|poke|p1|Meowscarada, F|
|poke|p1|Great Tusk|
|poke|p1|Alomomola, F|
|poke|p1|Slowking-Galar, M|
|poke|p1|Iron Valiant|
|poke|p1|Heatran, F|
|poke|p2|Pelipper, M|
|poke|p2|Iron Treads|
|poke|p2|Barraskewda, M|
|poke|p2|Kingdra, M|
|poke|p2|Iron Valiant|
|poke|p2|Goodra-Hisui, M|
|teampreview
|
|t:|1776271983
|teamsize|p1|6
|teamsize|p2|6
|start
|switch|p1a: Mithridates|Slowking-Galar, M|100/100
|switch|p2a: Pelipper|Pelipper, M|100/100
|-weather|RainDance|[from] ability: Drizzle|[of] p2a: Pelipper
|turn|1
|
|t:|1776271998
|move|p2a: Pelipper|U-turn|p1a: Mithridates
|-damage|p1a: Mithridates|92/100
|inactive|Battle timer is ON: inactive players will automatically lose when time's up. (requested by Broskii19)
|
|t:|1776272000
|switch|p2a: Goodra|Goodra-Hisui, M|100/100|[from] U-turn
|move|p1a: Mithridates|Psychic Noise|p2a: Goodra
|-resisted|p2a: Goodra
|-damage|p2a: Goodra|95/100
|-start|p2a: Goodra|move: Heal Block
|
|-weather|RainDance|[upkeep]
|upkeep
|turn|2
|
|t:|1776272010
|switch|p1a: Barca|Great Tusk|100/100
|move|p2a: Goodra|Earthquake|p1a: Barca
|-damage|p1a: Barca|88/100
|
|-weather|RainDance|[upkeep]
|-heal|p1a: Barca|94/100|[from] item: Leftovers
|-end|p2a: Goodra|move: Heal Block
|upkeep
|turn|3
|
|t:|1776272019
|switch|p2a: Iron Valiant|Iron Valiant|100/100
|-enditem|p2a: Iron Valiant|Booster Energy
|-activate|p2a: Iron Valiant|ability: Quark Drive|[fromitem]
|-start|p2a: Iron Valiant|quarkdrivespe
|move|p1a: Barca|Knock Off|p2a: Iron Valiant
|-resisted|p2a: Iron Valiant
|-damage|p2a: Iron Valiant|93/100
|
|-weather|RainDance|[upkeep]
|-heal|p1a: Barca|100/100|[from] item: Leftovers
|upkeep
|turn|4
|
|t:|1776272030
|-end|p1a: Barca|Protosynthesis|[silent]
|switch|p1a: Mithridates|Slowking-Galar, M|100/100
|move|p2a: Iron Valiant|Moonblast|p1a: Mithridates
|-resisted|p1a: Mithridates
|-damage|p1a: Mithridates|91/100
|
|-weather|RainDance|[upkeep]
|upkeep
|turn|5
|
|t:|1776272041
|move|p2a: Iron Valiant|Knock Off|p1a: Mithridates
|-supereffective|p1a: Mithridates
|-damage|p1a: Mithridates|19/100
|-enditem|p1a: Mithridates|Assault Vest|[from] move: Knock Off|[of] p2a: Iron Valiant
|move|p1a: Mithridates|Future Sight|p2a: Iron Valiant
|-start|p1a: Mithridates|move: Future Sight
|
|-weather|RainDance|[upkeep]
|upkeep
|turn|6
|
|t:|1776272061
|switch|p1a: Barca|Great Tusk|100/100
|move|p2a: Iron Valiant|Knock Off|p1a: Barca
|-resisted|p1a: Barca
|-damage|p1a: Barca|93/100
|-enditem|p1a: Barca|Leftovers|[from] move: Knock Off|[of] p2a: Iron Valiant
|
|-weather|RainDance|[upkeep]
|upkeep
|turn|7
|
|t:|1776272074
|-terastallize|p1a: Barca|Steel
|move|p2a: Iron Valiant|Moonblast|p1a: Barca
|-resisted|p1a: Barca
|-damage|p1a: Barca|66/100
|move|p1a: Barca|Stealth Rock|p2a: Iron Valiant
|-sidestart|p2: Broskii19|move: Stealth Rock
|
|-weather|RainDance|[upkeep]
|-end|p2a: Iron Valiant|move: Future Sight
|-supereffective|p2a: Iron Valiant
|-damage|p2a: Iron Valiant|0 fnt
|faint|p2a: Iron Valiant
|-end|p2a: Iron Valiant|Quark Drive|[silent]
|upkeep
|inactive|Broskii19 has 120 seconds left.
|inactive|Broskii19 has 90 seconds left.
|
|t:|1776272145
|switch|p2a: Kingdra|Kingdra, M|100/100
|-damage|p2a: Kingdra|88/100|[from] Stealth Rock
|turn|8
|
|t:|1776272163
|-end|p1a: Barca|Protosynthesis|[silent]
|switch|p1a: Charybdis|Alomomola, F, shiny|100/100
|move|p2a: Kingdra|Weather Ball|p1a: Charybdis
|-resisted|p1a: Charybdis
|-damage|p1a: Charybdis|41/100
|
|-weather|none
|upkeep
|turn|9
|inactive|Broskii19 has 90 seconds left.
|
|t:|1776272197
|switch|p2a: Pelipper|Pelipper, M|100/100
|-damage|p2a: Pelipper|75/100|[from] Stealth Rock
|-weather|RainDance|[from] ability: Drizzle|[of] p2a: Pelipper
|move|p1a: Charybdis|Scald|p2a: Pelipper
|-resisted|p2a: Pelipper
|-damage|p2a: Pelipper|62/100
|-status|p2a: Pelipper|brn
|
|-weather|RainDance|[upkeep]
|-damage|p2a: Pelipper|55/100 brn|[from] brn
|upkeep
|turn|10
|
|t:|1776272209
|switch|p1a: Mithridates|Slowking-Galar, M|52/100
|move|p2a: Pelipper|U-turn|p1a: Mithridates
|-damage|p1a: Mithridates|48/100
|
|t:|1776272211
|switch|p2a: Barraskewda|Barraskewda, M|100/100|[from] U-turn
|-damage|p2a: Barraskewda|88/100|[from] Stealth Rock
|
|-weather|RainDance|[upkeep]
|upkeep
|turn|11
|
|t:|1776272220
|switch|p1a: Charybdis|Alomomola, F, shiny|74/100
|move|p2a: Barraskewda|Flip Turn|p1a: Charybdis
|-resisted|p1a: Charybdis
|-damage|p1a: Charybdis|54/100
|-damage|p2a: Barraskewda|72/100|[from] item: Rocky Helmet|[of] p1a: Charybdis
|
|t:|1776272226
|switch|p2a: Goodra|Goodra-Hisui, M|95/100|[from] Flip Turn
|-damage|p2a: Goodra|89/100|[from] Stealth Rock
|
|-weather|RainDance|[upkeep]
|upkeep
|turn|12
|
|t:|1776272235
|move|p2a: Goodra|Acid Spray|p1a: Charybdis
|-damage|p1a: Charybdis|43/100
|-unboost|p1a: Charybdis|spd|2
|move|p1a: Charybdis|Scald|p2a: Goodra
|-resisted|p2a: Goodra
|-damage|p2a: Goodra|85/100
|
|-weather|RainDance|[upkeep]
|upkeep
|turn|13
|
|t:|1776272248
|move|p2a: Goodra|Acid Spray|p1a: Charybdis
|-damage|p1a: Charybdis|19/100
|-unboost|p1a: Charybdis|spd|2
|move|p1a: Charybdis|Flip Turn|p2a: Goodra
|-resisted|p2a: Goodra
|-damage|p2a: Goodra|73/100
|
|t:|1776272255
|switch|p1a: Barca|Great Tusk, tera:Steel|66/100|[from] Flip Turn
|
|-weather|RainDance|[upkeep]
|upkeep
|turn|14
|
|t:|1776272282
|-end|p1a: Barca|Protosynthesis|[silent]
|switch|p1a: Mahad|Meowscarada, F, shiny|100/100
|switch|p2a: Pelipper|Pelipper, M|55/100 brn
|-damage|p2a: Pelipper|30/100 brn|[from] Stealth Rock
|
|-weather|RainDance|[upkeep]
|-damage|p2a: Pelipper|24/100 brn|[from] brn
|upkeep
|turn|15
|
|t:|1776272291
|move|p1a: Mahad|Knock Off|p2a: Pelipper
|-start|p1a: Mahad|typechange|Dark|[from] ability: Protean
|-damage|p2a: Pelipper|0 fnt
|-enditem|p2a: Pelipper|Damp Rock|[from] move: Knock Off|[of] p1a: Mahad
|faint|p2a: Pelipper
|
|-weather|RainDance|[upkeep]
|upkeep
|
|t:|1776272297
|switch|p2a: Barraskewda|Barraskewda, M|72/100
|-damage|p2a: Barraskewda|60/100|[from] Stealth Rock
|turn|16
|inactive|Broskii19 has 120 seconds left.
|
|t:|1776272304
|switch|p1a: Charybdis|Alomomola, F, shiny|52/100
|move|p2a: Barraskewda|Liquidation|p1a: Charybdis
|-resisted|p1a: Charybdis
|-damage|p1a: Charybdis|25/100
|-damage|p2a: Barraskewda|43/100|[from] item: Rocky Helmet|[of] p1a: Charybdis
|
|-weather|none
|upkeep
|turn|17
|
|t:|1776272314
|move|p2a: Barraskewda|Liquidation|p1a: Charybdis
|-resisted|p1a: Charybdis
|-crit|p1a: Charybdis
|-damage|p1a: Charybdis|0 fnt
|-damage|p2a: Barraskewda|27/100|[from] item: Rocky Helmet|[of] p1a: Charybdis
|faint|p1a: Charybdis
|
|upkeep
|
|t:|1776272322
|switch|p1a: Mahad|Meowscarada, F, shiny|100/100
|turn|18
|
|t:|1776272329
|move|p1a: Mahad|Knock Off|p2a: Barraskewda
|-start|p1a: Mahad|typechange|Dark|[from] ability: Protean
|-damage|p2a: Barraskewda|0 fnt
|-enditem|p2a: Barraskewda|Choice Band|[from] move: Knock Off|[of] p1a: Mahad
|faint|p2a: Barraskewda
|
|upkeep
|
|t:|1776272332
|switch|p2a: Kingdra|Kingdra, M|88/100
|-damage|p2a: Kingdra|76/100|[from] Stealth Rock
|turn|19
|
|t:|1776272343
|switch|p1a: Mithridates|Slowking-Galar, M|81/100
|move|p2a: Kingdra|Hurricane|p1a: Mithridates
|-damage|p1a: Mithridates|45/100
|
|upkeep
|turn|20
|
|t:|1776272351
|move|p2a: Kingdra|Hurricane|p1a: Mithridates|[miss]
|-miss|p2a: Kingdra|p1a: Mithridates
|move|p1a: Mithridates|Future Sight|p2a: Kingdra
|-start|p1a: Mithridates|move: Future Sight
|
|upkeep
|turn|21
|
|t:|1776272357
|move|p2a: Kingdra|Hurricane|p1a: Mithridates|[miss]
|-miss|p2a: Kingdra|p1a: Mithridates
|move|p1a: Mithridates|Psychic Noise|p2a: Kingdra
|-damage|p2a: Kingdra|34/100
|-start|p2a: Kingdra|move: Heal Block
|
|upkeep
|turn|22
|
|t:|1776272364
|move|p2a: Kingdra|Hurricane|p1a: Mithridates
|-damage|p1a: Mithridates|9/100
|move|p1a: Mithridates|Psychic Noise|p2a: Kingdra
|-damage|p2a: Kingdra|0 fnt
|faint|p2a: Kingdra
|
|-hint|Future Sight did not hit because the target is fainted.
|upkeep
|
|t:|1776272369
|switch|p2a: Iron Treads|Iron Treads|100/100
|-damage|p2a: Iron Treads|97/100|[from] Stealth Rock
|-enditem|p2a: Iron Treads|Booster Energy
|-activate|p2a: Iron Treads|ability: Quark Drive|[fromitem]
|-start|p2a: Iron Treads|quarkdrivespe
|turn|23
|
|t:|1776272382
|switch|p1a: Barca|Great Tusk, tera:Steel|66/100
|move|p2a: Iron Treads|Rapid Spin|p1a: Barca
|-resisted|p1a: Barca
|-damage|p1a: Barca|63/100
|-boost|p2a: Iron Treads|spe|1
|-sideend|p2: Broskii19|Stealth Rock|[from] move: Rapid Spin|[of] p2a: Iron Treads
|
|upkeep
|turn|24
|
|t:|1776272390
|move|p2a: Iron Treads|Earthquake|p1a: Barca
|-supereffective|p1a: Barca
|-damage|p1a: Barca|29/100
|move|p1a: Barca|Knock Off|p2a: Iron Treads
|-damage|p2a: Iron Treads|83/100
|
|upkeep
|turn|25
|
|t:|1776272403
|-end|p1a: Barca|Protosynthesis|[silent]
|switch|p1a: Mahad|Meowscarada, F, shiny|100/100
|move|p2a: Iron Treads|Earthquake|p1a: Mahad
|-resisted|p1a: Mahad
|-damage|p1a: Mahad|72/100
|
|upkeep
|turn|26
|
|t:|1776272416
|move|p2a: Iron Treads|Earthquake|p1a: Mahad
|-resisted|p1a: Mahad
|-damage|p1a: Mahad|43/100
|move|p1a: Mahad|Flower Trick|p2a: Iron Treads
|-start|p1a: Mahad|typechange|Grass|[from] ability: Protean
|-crit|p2a: Iron Treads
|-damage|p2a: Iron Treads|48/100
|
|upkeep
|turn|27
|
|t:|1776272427
|move|p2a: Iron Treads|Steel Beam|p1a: Mahad
|-damage|p1a: Mahad|0 fnt
|-damage|p2a: Iron Treads|0 fnt|[from] steelbeam
|faint|p2a: Iron Treads
|-end|p2a: Iron Treads|Quark Drive|[silent]
|faint|p1a: Mahad
|
|upkeep
|
|t:|1776272440
|switch|p1a: Pallas|Iron Valiant, shiny|100/100
|switch|p2a: Goodra|Goodra-Hisui, M|73/100
|-enditem|p1a: Pallas|Booster Energy
|-activate|p1a: Pallas|ability: Quark Drive|[fromitem]
|-start|p1a: Pallas|quarkdrivespe
|turn|28
|
|t:|1776272446
|move|p1a: Pallas|Knock Off|p2a: Goodra
|-damage|p2a: Goodra|49/100
|-enditem|p2a: Goodra|Assault Vest|[from] move: Knock Off|[of] p1a: Pallas
|move|p2a: Goodra|Heavy Slam|p1a: Pallas
|-supereffective|p1a: Pallas
|-damage|p1a: Pallas|0 fnt
|faint|p1a: Pallas
|-end|p1a: Pallas|Quark Drive|[silent]
|
|upkeep
|
|t:|1776272454
|switch|p1a: Vulcanus|Heatran, F, shiny|100/100
|turn|29
|
|t:|1776272459
|move|p1a: Vulcanus|Overheat|p2a: Goodra
|-damage|p2a: Goodra|0 fnt
|-unboost|p1a: Vulcanus|spa|2
|faint|p2a: Goodra
|
|win|magistermilitum420
|raw|magistermilitum420's rating: 1298 &rarr; <strong>1324</strong><br />(+26 for winning)
|raw|Broskii19's rating: 1313 &rarr; <strong>1292</strong><br />(-21 for losing)
