|html|<div class="broadcast-blue"><strong>[Gen 9] OU is currently suspecting Volcarona! For information on how to participate check out the <a href="https://www.smogon.com/tools/suspects/view/208">suspect thread</a>.</strong></div>
|j|☆S7unn3R
|j|☆HisuianSkarmory
|t:|1778511752
|gametype|singles
|player|p1|S7unn3R|cliff|1079
|player|p2|HisuianSkarmory|volo|1091
|gen|9
|tier|[Gen 9] OU
|rated|
|rule|HP Percentage Mod: HP is shown in percentages
|rule|Endless Battle Clause: Forcing endless battles is banned
|rule|Species Clause: Limit one of each Pokémon
|rule|OHKO Clause: OHKO moves are banned
|rule|Evasion Items Clause: Evasion items are banned
|rule|Evasion Moves Clause: Evasion moves are banned
|rule|Evasion Abilities Clause: Evasion abilities are banned
|rule|Sleep Moves Clause: Sleep-inducing moves are banned
|clearpoke
|poke|p1|Floatzel, M|
|poke|p1|Volcarona, M|
|poke|p1|Kingambit, M|
|poke|p1|Pelipper, M|
|poke|p1|Iron Treads|
|poke|p1|Raging Bolt|
|poke|p2|Gholdengo|
|poke|p2|Barraskewda, F|
|poke|p2|Walking Wake|
|poke|p2|Ogerpon-Wellspring, F|
|poke|p2|Iron Treads|
|poke|p2|Pelipper, F|
|teampreview
|inactive|Battle timer is ON: inactive players will automatically lose when time's up. (requested by HisuianSkarmory)
|
|t:|1778511770
|teamsize|p1|6
|teamsize|p2|6
|start
|switch|p1a: Raging Bolt|Raging Bolt|100/100
|switch|p2a: Gholdengo|Gholdengo, shiny|100/100
|turn|1
|
|t:|1778511780
|move|p2a: Gholdengo|Trick|p1a: Raging Bolt
|-activate|p2a: Gholdengo|move: Trick|[of] p1a: Raging Bolt
|-item|p1a: Raging Bolt|Choice Scarf|[from] move: Trick
|-item|p2a: Gholdengo|Assault Vest|[from] move: Trick
|move|p1a: Raging Bolt|Thunder|p2a: Gholdengo
|-damage|p2a: Gholdengo|51/100
|-status|p2a: Gholdengo|par
|
|upkeep
|turn|2
|inactive|S7unn3R has 120 seconds left.
|
|t:|1778511812
|-end|p1a: Raging Bolt|Protosynthesis|[silent]
|switch|p1a: Iron Treads|Iron Treads, shiny|100/100
|-enditem|p1a: Iron Treads|Booster Energy
|-activate|p1a: Iron Treads|ability: Quark Drive|[fromitem]
|-start|p1a: Iron Treads|quarkdrivespe
|move|p2a: Gholdengo|Shadow Ball|p1a: Iron Treads
|-damage|p1a: Iron Treads|34/100
|
|upkeep
|turn|3
|c|☆HisuianSkarmory|i love u hitting the 70 percent move and getting a 30 percent para chance
|
|t:|1778511821
|move|p1a: Iron Treads|Stealth Rock|p2a: Gholdengo
|-sidestart|p2: HisuianSkarmory|move: Stealth Rock
|move|p2a: Gholdengo|Shadow Ball|p1a: Iron Treads
|-damage|p1a: Iron Treads|0 fnt
|faint|p1a: Iron Treads
|-end|p1a: Iron Treads|Quark Drive|[silent]
|
|upkeep
|
|t:|1778511829
|switch|p1a: Volcarona|Volcarona, M, shiny|100/100
|turn|4
|
|t:|1778511843
|switch|p2a: Walking Wake|Walking Wake|100/100
|-damage|p2a: Walking Wake|88/100|[from] Stealth Rock
|move|p1a: Volcarona|Quiver Dance|p1a: Volcarona
|-boost|p1a: Volcarona|spa|1
|-boost|p1a: Volcarona|spd|1
|-boost|p1a: Volcarona|spe|1
|
|upkeep
|turn|5
|
|t:|1778511854
|-terastallize|p1a: Volcarona|Grass
|move|p1a: Volcarona|Giga Drain|p2a: Walking Wake
|-damage|p2a: Walking Wake|7/100
|move|p2a: Walking Wake|Hydro Steam|p1a: Volcarona
|-resisted|p1a: Volcarona
|-damage|p1a: Volcarona|83/100
|-damage|p2a: Walking Wake|0 fnt|[from] item: Life Orb
|faint|p2a: Walking Wake
|-end|p2a: Walking Wake|Protosynthesis|[silent]
|
|upkeep
|
|t:|1778511865
|switch|p2a: Iron Treads|Iron Treads|100/100
|-damage|p2a: Iron Treads|97/100|[from] Stealth Rock
|-enditem|p2a: Iron Treads|Booster Energy
|-activate|p2a: Iron Treads|ability: Quark Drive|[fromitem]
|-start|p2a: Iron Treads|quarkdrivespe
|turn|6
|
|t:|1778511879
|move|p2a: Iron Treads|Iron Head|p1a: Volcarona
|-damage|p1a: Volcarona|29/100
|-status|p2a: Iron Treads|brn|[from] ability: Flame Body|[of] p1a: Volcarona
|move|p1a: Volcarona|Fiery Dance|p2a: Iron Treads
|-supereffective|p2a: Iron Treads
|-damage|p2a: Iron Treads|0 fnt
|faint|p2a: Iron Treads
|-end|p2a: Iron Treads|Quark Drive|[silent]
|
|upkeep
|c|☆HisuianSkarmory|im done
|-message|HisuianSkarmory forfeited.
|
|win|S7unn3R
|raw|S7unn3R's rating: 1079 &rarr; <strong>1108</strong><br />(+29 for winning)
|raw|HisuianSkarmory's rating: 1091 &rarr; <strong>1067</strong><br />(-24 for losing)
|l|☆HisuianSkarmory
|player|p2|
