|html|<div class="broadcast-blue"><strong>[Gen 9] OU is currently suspecting Volcarona! For information on how to participate check out the <a href="https://www.smogon.com/tools/suspects/view/208">suspect thread</a>.</strong></div>
|j|☆suparsayajin
|j|☆zamrod0303
|t:|1778504850
|gametype|singles
|player|p1|suparsayajin|101|1415
|player|p2|zamrod0303|swimmerf|1396
|gen|9
|tier|[Gen 9] OU
|rated|
|rule|HP Percentage Mod: HP is shown in percentages
|rule|Endless Battle Clause: Forcing endless battles is banned
|rule|Species Clause: Limit one of each Pokémon
|rule|OHKO Clause: OHKO moves are banned
|rule|Evasion Items Clause: Evasion items are banned
|rule|Evasion Moves Clause: Evasion moves are banned
|rule|Evasion Abilities Clause: Evasion abilities are banned
|rule|Sleep Moves Clause: Sleep-inducing moves are banned
|clearpoke
|poke|p1|Excadrill, F|
|poke|p1|Tyranitar, F|
|poke|p1|Glimmora, M|
|poke|p1|Sudowoodo, L1, F|
|poke|p1|Comfey, M|
|poke|p1|Mimikyu, F|
|poke|p2|Darkrai|
|poke|p2|Heatran, M|
|poke|p2|Ogerpon-Wellspring, F|
|poke|p2|Dragapult, M|
|poke|p2|Great Tusk|
|poke|p2|Dragonite, M|
|teampreview
|inactive|Battle timer is ON: inactive players will automatically lose when time's up. (requested by suparsayajin)
|
|t:|1778504865
|teamsize|p1|6
|teamsize|p2|6
|start
|switch|p1a: Sudowoodo|Sudowoodo, L1, F|100/100
|switch|p2a: Ogerpon|Ogerpon-Wellspring, F|100/100
|turn|1
|
|t:|1778504883
|move|p2a: Ogerpon|U-turn|p1a: Sudowoodo
|-ability|p1a: Sudowoodo|Sturdy
|-damage|p1a: Sudowoodo|9/100
|
|t:|1778504887
|switch|p2a: Dragapult|Dragapult, M|100/100|[from] U-turn
|move|p1a: Sudowoodo|Endeavor|p2a: Dragapult
|-immune|p2a: Dragapult
|
|upkeep
|turn|2
|
|t:|1778504895
|switch|p1a: Tyranitar|Tyranitar, F|100/100
|-weather|Sandstorm|[from] ability: Sand Stream|[of] p1a: Tyranitar
|move|p2a: Dragapult|Hex|p1a: Tyranitar
|-resisted|p1a: Tyranitar
|-damage|p1a: Tyranitar|95/100
|
|-weather|Sandstorm|[upkeep]
|-damage|p2a: Dragapult|95/100|[from] Sandstorm
|upkeep
|turn|3
|
|t:|1778504902
|switch|p2a: Great Tusk|Great Tusk|100/100
|move|p1a: Tyranitar|Knock Off|p2a: Great Tusk
|-resisted|p2a: Great Tusk
|-damage|p2a: Great Tusk|84/100
|-enditem|p2a: Great Tusk|Heavy-Duty Boots|[from] move: Knock Off|[of] p1a: Tyranitar
|
|-weather|Sandstorm|[upkeep]
|upkeep
|turn|4
|
|t:|1778504910
|switch|p1a: Glimmora|Glimmora, M|100/100
|-item|p1a: Glimmora|Air Balloon
|move|p2a: Great Tusk|Knock Off|p1a: Glimmora
|-damage|p1a: Glimmora|57/100
|-activate|p1a: Glimmora|ability: Toxic Debris
|-sidestart|p2: zamrod0303|move: Toxic Spikes
|-enditem|p1a: Glimmora|Air Balloon
|
|-weather|Sandstorm|[upkeep]
|upkeep
|turn|5
|
|t:|1778504926
|move|p2a: Great Tusk|Rapid Spin|p1a: Glimmora
|-resisted|p1a: Glimmora
|-damage|p1a: Glimmora|48/100
|-boost|p2a: Great Tusk|spe|1
|-activate|p1a: Glimmora|ability: Toxic Debris
|-sidestart|p2: zamrod0303|move: Toxic Spikes
|-sideend|p2: zamrod0303|Toxic Spikes|[from] move: Rapid Spin|[of] p2a: Great Tusk
|move|p1a: Glimmora|Energy Ball|p2a: Great Tusk
|-supereffective|p2a: Great Tusk
|-damage|p2a: Great Tusk|0 fnt
|faint|p2a: Great Tusk
|-end|p2a: Great Tusk|Protosynthesis|[silent]
|
|-weather|Sandstorm|[upkeep]
|upkeep
|inactive|zamrod0303 has 120 seconds left.
|
|t:|1778504953
|switch|p2a: Ogerpon|Ogerpon-Wellspring, F|100/100
|turn|6
|
|t:|1778504957
|move|p2a: Ogerpon|Ivy Cudgel|p1a: Glimmora|[anim] Ivy Cudgel Water
|-supereffective|p1a: Glimmora
|-damage|p1a: Glimmora|0 fnt
|-activate|p1a: Glimmora|ability: Toxic Debris
|-sidestart|p2: zamrod0303|move: Toxic Spikes
|faint|p1a: Glimmora
|
|-weather|Sandstorm|[upkeep]
|-damage|p2a: Ogerpon|95/100|[from] Sandstorm
|upkeep
|
|t:|1778504967
|switch|p1a: Mimikyu|Mimikyu, F|100/100
|turn|7
|inactive|zamrod0303 has 120 seconds left.
|
|t:|1778505015
|move|p2a: Ogerpon|U-turn|p1a: Mimikyu
|-activate|p1a: Mimikyu|ability: Disguise
|-damage|p1a: Mimikyu|100/100
|detailschange|p1a: Mimikyu|Mimikyu-Busted, F
|-damage|p1a: Mimikyu|88/100|[from] pokemon: Mimikyu-Busted
|-enditem|p1a: Mimikyu|Red Card|[of] p2a: Ogerpon
|drag|p2a: Darkrai|Darkrai|100/100
|-status|p2a: Darkrai|psn
|move|p1a: Mimikyu|Swords Dance|p1a: Mimikyu
|-boost|p1a: Mimikyu|atk|2
|
|-weather|Sandstorm|[upkeep]
|-damage|p2a: Darkrai|94/100 psn|[from] Sandstorm
|-damage|p1a: Mimikyu|82/100|[from] Sandstorm
|-heal|p2a: Darkrai|100/100 psn|[from] item: Leftovers
|-damage|p2a: Darkrai|88/100 psn|[from] psn
|upkeep
|turn|8
|inactive|zamrod0303 has 90 seconds left.
|inactive|zamrod0303 has 60 seconds left.
|
|t:|1778505060
|-terastallize|p2a: Darkrai|Poison
|move|p2a: Darkrai|Substitute|p2a: Darkrai
|-start|p2a: Darkrai|Substitute
|-damage|p2a: Darkrai|63/100 psn
|move|p1a: Mimikyu|Play Rough|p2a: Darkrai
|-resisted|p2a: Darkrai
|-end|p2a: Darkrai|Substitute
|
|-weather|Sandstorm|[upkeep]
|-damage|p2a: Darkrai|57/100 psn|[from] Sandstorm
|-damage|p1a: Mimikyu|76/100|[from] Sandstorm
|-heal|p2a: Darkrai|63/100 psn|[from] item: Leftovers
|-damage|p2a: Darkrai|51/100 psn|[from] psn
|upkeep
|turn|9
|-message|zamrod0303 forfeited.
|
|win|suparsayajin
|raw|suparsayajin's rating: 1415 &rarr; <strong>1434</strong><br />(+19 for winning)
|raw|zamrod0303's rating: 1396 &rarr; <strong>1377</strong><br />(-19 for losing)
|l|☆zamrod0303
|player|p2|
|l|☆suparsayajin
|player|p1|
