|html|<div class="broadcast-blue"><strong>[Gen 9] OU is currently suspecting Tera Blast! For information on how to participate check out the <a href="https://www.smogon.com/tools/suspects/view/200">suspect thread</a>.</strong></div>
|j|☆dyebberwacky
|j|‽Berry_Bns
|t:|1776067510
|gametype|singles
|player|p1|dyebberwacky|hiker-gen4|1190
|player|p2|Berry_Bns|benga|1147
|gen|9
|tier|[Gen 9] OU
|rated|
|rule|HP Percentage Mod: HP is shown in percentages
|rule|Endless Battle Clause: Forcing endless battles is banned
|rule|Species Clause: Limit one of each Pokémon
|rule|OHKO Clause: OHKO moves are banned
|rule|Evasion Items Clause: Evasion items are banned
|rule|Evasion Moves Clause: Evasion moves are banned
|rule|Evasion Abilities Clause: Evasion abilities are banned
|rule|Sleep Moves Clause: Sleep-inducing moves are banned
|clearpoke
|poke|p1|Dragonite, F|
|poke|p1|Sinistcha|
|poke|p1|Zapdos-Galar|
|poke|p1|Ting-Lu|
|poke|p1|Landorus-Therian, M|
|poke|p1|Orthworm, M|
|poke|p2|Ogerpon-Wellspring, F|
|poke|p2|Cinderace, M|
|poke|p2|Dragapult, M|
|poke|p2|Raging Bolt|
|poke|p2|Iron Treads|
|poke|p2|Landorus-Therian, M|
|teampreview
|inactive|Battle timer is ON: inactive players will automatically lose when time's up. (requested by dyebberwacky)
|inactive|Berry_Bns has 120 seconds left.
|
|t:|1776067561
|teamsize|p1|6
|teamsize|p2|6
|start
|switch|p1a: Pacificst|Ting-Lu|100/100
|switch|p2a: Ogerpon|Ogerpon-Wellspring, F|100/100
|-ability|p1a: Pacificst|Vessel of Ruin
|turn|1
|
|t:|1776067583
|-terastallize|p2a: Ogerpon|Water
|detailschange|p2a: Ogerpon|Ogerpon-Wellspring-Tera, F, tera:Water
|-ability|p2a: Ogerpon|Embody Aspect (Wellspring)|boost
|-boost|p2a: Ogerpon|spd|1
|move|p2a: Ogerpon|Ivy Cudgel|p1a: Pacificst|[anim] Ivy Cudgel Water
|-supereffective|p1a: Pacificst
|-damage|p1a: Pacificst|23/100
|move|p1a: Pacificst|Stealth Rock|p2a: Ogerpon
|-sidestart|p2: Berry_Bns|move: Stealth Rock
|
|-heal|p1a: Pacificst|29/100|[from] item: Leftovers
|upkeep
|turn|2
|
|t:|1776067603
|switch|p1a: Green Pot ;)|Sinistcha|100/100
|move|p2a: Ogerpon|U-turn|p1a: Green Pot ;)
|-damage|p1a: Green Pot ;)|75/100
|inactive|Berry_Bns has 120 seconds left.
|
|t:|1776067621
|switch|p2a: Cinderace|Cinderace, M|100/100|[from] U-turn
|
|-heal|p1a: Green Pot ;)|81/100|[from] item: Leftovers
|upkeep
|turn|3
|
|t:|1776067633
|switch|p1a: Forest Gunk|Zapdos-Galar|100/100
|move|p2a: Cinderace|Pyro Ball|p1a: Forest Gunk
|-damage|p1a: Forest Gunk|40/100
|
|upkeep
|turn|4
|
|t:|1776067644
|move|p2a: Cinderace|U-turn|p1a: Forest Gunk
|-resisted|p1a: Forest Gunk
|-damage|p1a: Forest Gunk|35/100
|
|t:|1776067646
|switch|p2a: Landorus|Landorus-Therian, M|100/100|[from] U-turn
|-damage|p2a: Landorus|88/100|[from] Stealth Rock
|-ability|p2a: Landorus|Intimidate|boost
|-unboost|p1a: Forest Gunk|atk|1
|-ability|p1a: Forest Gunk|Defiant|boost
|-boost|p1a: Forest Gunk|atk|2
|move|p1a: Forest Gunk|Close Combat|p2a: Landorus
|-resisted|p2a: Landorus
|-damage|p2a: Landorus|63/100
|-unboost|p1a: Forest Gunk|def|1
|-unboost|p1a: Forest Gunk|spd|1
|-damage|p1a: Forest Gunk|18/100|[from] item: Rocky Helmet|[of] p2a: Landorus
|
|upkeep
|turn|5
|
|t:|1776067660
|move|p1a: Forest Gunk|Knock Off|p2a: Landorus
|-damage|p2a: Landorus|34/100
|-damage|p1a: Forest Gunk|1/100|[from] item: Rocky Helmet|[of] p2a: Landorus
|-enditem|p2a: Landorus|Rocky Helmet|[from] move: Knock Off|[of] p1a: Forest Gunk
|move|p2a: Landorus|Stealth Rock|p1a: Forest Gunk
|-sidestart|p1: dyebberwacky|move: Stealth Rock
|
|upkeep
|turn|6
|
|t:|1776067668
|move|p1a: Forest Gunk|Close Combat|p2a: Landorus
|-resisted|p2a: Landorus
|-damage|p2a: Landorus|9/100
|-unboost|p1a: Forest Gunk|def|1
|-unboost|p1a: Forest Gunk|spd|1
|move|p2a: Landorus|U-turn|p1a: Forest Gunk
|-resisted|p1a: Forest Gunk
|-damage|p1a: Forest Gunk|0 fnt
|faint|p1a: Forest Gunk
|
|t:|1776067684
|switch|p2a: Iron Treads|Iron Treads|100/100|[from] U-turn
|-damage|p2a: Iron Treads|97/100|[from] Stealth Rock
|
|-heal|p2a: Iron Treads|100/100|[from] item: Leftovers
|upkeep
|
|t:|1776067687
|switch|p1a: Vibrating|Orthworm, M|100/100
|-damage|p1a: Vibrating|94/100|[from] Stealth Rock
|-item|p1a: Vibrating|Air Balloon
|turn|7
|
|t:|1776067693
|move|p2a: Iron Treads|Rapid Spin|p1a: Vibrating
|-resisted|p1a: Vibrating
|-damage|p1a: Vibrating|90/100
|-boost|p2a: Iron Treads|spe|1
|-enditem|p1a: Vibrating|Air Balloon
|-sideend|p2: Berry_Bns|Stealth Rock|[from] move: Rapid Spin|[of] p2a: Iron Treads
|move|p1a: Vibrating|Iron Defense|p1a: Vibrating
|-boost|p1a: Vibrating|def|2
|
|upkeep
|turn|8
|
|t:|1776067708
|move|p2a: Iron Treads|Volt Switch|p1a: Vibrating
|-damage|p1a: Vibrating|76/100
|
|t:|1776067711
|-end|p2a: Iron Treads|Quark Drive|[silent]
|switch|p2a: Dragapult|Dragapult, M|100/100|[from] Volt Switch
|move|p1a: Vibrating|Iron Defense|p1a: Vibrating
|-boost|p1a: Vibrating|def|2
|
|upkeep
|turn|9
|
|t:|1776067718
|move|p2a: Dragapult|Flamethrower|p1a: Vibrating
|-supereffective|p1a: Vibrating
|-damage|p1a: Vibrating|0 fnt
|faint|p1a: Vibrating
|
|upkeep
|
|t:|1776067725
|switch|p1a: We all hate gim|Landorus-Therian, M|100/100
|-damage|p1a: We all hate gim|88/100|[from] Stealth Rock
|-ability|p1a: We all hate gim|Intimidate|boost
|-unboost|p2a: Dragapult|atk|1
|turn|10
|inactive|Berry_Bns has 120 seconds left.
|
|t:|1776067769
|switch|p2a: Landorus|Landorus-Therian, M|9/100
|-ability|p2a: Landorus|Intimidate|boost
|-unboost|p1a: We all hate gim|atk|1
|move|p1a: We all hate gim|Earthquake|p2a: Landorus
|-immune|p2a: Landorus
|
|upkeep
|turn|11
|
|t:|1776067781
|move|p2a: Landorus|Taunt|p1a: We all hate gim
|-start|p1a: We all hate gim|move: Taunt
|move|p1a: We all hate gim|Hammer Arm|p2a: Landorus|[miss]
|-miss|p1a: We all hate gim|p2a: Landorus
|
|upkeep
|turn|12
|
|t:|1776067795
|move|p2a: Landorus|U-turn|p1a: We all hate gim
|-resisted|p1a: We all hate gim
|-damage|p1a: We all hate gim|80/100
|
|t:|1776067802
|switch|p2a: Ogerpon|Ogerpon-Wellspring-Tera, F, tera:Water|100/100|[from] U-turn
|-ability|p2a: Ogerpon|Embody Aspect (Wellspring)|boost
|-boost|p2a: Ogerpon|spd|1
|move|p1a: We all hate gim|Hammer Arm|p2a: Ogerpon
|-damage|p2a: Ogerpon|73/100
|-unboost|p1a: We all hate gim|spe|1
|
|upkeep
|turn|13
|
|t:|1776067816
|move|p2a: Ogerpon|Ivy Cudgel|p1a: We all hate gim|[anim] Ivy Cudgel Water
|-supereffective|p1a: We all hate gim
|-damage|p1a: We all hate gim|0 fnt
|faint|p1a: We all hate gim
|
|upkeep
|
|t:|1776067819
|switch|p1a: Green Pot ;)|Sinistcha|81/100
|-damage|p1a: Green Pot ;)|68/100|[from] Stealth Rock
|turn|14
|
|t:|1776067827
|move|p2a: Ogerpon|U-turn|p1a: Green Pot ;)
|-damage|p1a: Green Pot ;)|42/100
|
|t:|1776067833
|switch|p2a: Landorus|Landorus-Therian, M|9/100|[from] U-turn
|-ability|p2a: Landorus|Intimidate|boost
|-unboost|p1a: Green Pot ;)|atk|1
|move|p1a: Green Pot ;)|Matcha Gotcha|p2a: Landorus
|-damage|p2a: Landorus|0 fnt
|-heal|p1a: Green Pot ;)|46/100|[from] drain|[of] p2a: Landorus
|faint|p2a: Landorus
|
|-heal|p1a: Green Pot ;)|52/100|[from] item: Leftovers
|upkeep
|inactive|Berry_Bns has 120 seconds left.
|
|t:|1776067844
|switch|p2a: Cinderace|Cinderace, M|100/100
|turn|15
|
|t:|1776067852
|move|p2a: Cinderace|Pyro Ball|p1a: Green Pot ;)
|-supereffective|p1a: Green Pot ;)
|-damage|p1a: Green Pot ;)|0 fnt
|faint|p1a: Green Pot ;)
|
|upkeep
|
|t:|1776067854
|switch|p1a: Dragooning|Dragonite, F|100/100
|turn|16
|inactive|Berry_Bns has 120 seconds left.
|
|t:|1776067880
|move|p2a: Cinderace|Will-O-Wisp|p1a: Dragooning|[miss]
|-miss|p2a: Cinderace|p1a: Dragooning
|move|p1a: Dragooning|Dragon Dance|p1a: Dragooning
|-boost|p1a: Dragooning|atk|1
|-boost|p1a: Dragooning|spe|1
|
|upkeep
|turn|17
|
|t:|1776067888
|move|p1a: Dragooning|Dragon Dance|p1a: Dragooning
|-boost|p1a: Dragooning|atk|1
|-boost|p1a: Dragooning|spe|1
|move|p2a: Cinderace|Will-O-Wisp|p1a: Dragooning
|-status|p1a: Dragooning|brn
|
|-damage|p1a: Dragooning|94/100 brn|[from] brn
|upkeep
|turn|18
|inactive|Berry_Bns has 120 seconds left.
|
|t:|1776067913
|-terastallize|p1a: Dragooning|Normal
|move|p1a: Dragooning|Extreme Speed|p2a: Cinderace
|-damage|p2a: Cinderace|36/100
|move|p2a: Cinderace|U-turn|p1a: Dragooning
|-damage|p1a: Dragooning|68/100 brn
|
|t:|1776067922
|switch|p2a: Iron Treads|Iron Treads|100/100|[from] U-turn
|
|-damage|p1a: Dragooning|62/100 brn|[from] brn
|upkeep
|turn|19
|inactive|Berry_Bns has 120 seconds left.
|
|t:|1776067930
|move|p1a: Dragooning|Earthquake|p2a: Iron Treads
|-supereffective|p2a: Iron Treads
|-damage|p2a: Iron Treads|39/100
|move|p2a: Iron Treads|Earthquake|p1a: Dragooning
|-damage|p1a: Dragooning|22/100 brn
|
|-heal|p2a: Iron Treads|45/100|[from] item: Leftovers
|-damage|p1a: Dragooning|16/100 brn|[from] brn
|upkeep
|turn|20
|
|t:|1776067935
|move|p1a: Dragooning|Earthquake|p2a: Iron Treads
|-supereffective|p2a: Iron Treads
|-damage|p2a: Iron Treads|0 fnt
|faint|p2a: Iron Treads
|-end|p2a: Iron Treads|Quark Drive|[silent]
|
|-damage|p1a: Dragooning|9/100 brn|[from] brn
|upkeep
|inactive|Berry_Bns has 120 seconds left.
|
|t:|1776067946
|switch|p2a: Dragapult|Dragapult, M|100/100
|turn|21
|inactive|Berry_Bns has 120 seconds left.
|
|t:|1776067956
|move|p1a: Dragooning|Ice Spinner|p2a: Dragapult
|-supereffective|p2a: Dragapult
|-damage|p2a: Dragapult|22/100
|move|p2a: Dragapult|U-turn|p1a: Dragooning
|-damage|p1a: Dragooning|0 fnt
|faint|p1a: Dragooning
|inactive|Berry_Bns has 120 seconds left.
|-message|dyebberwacky forfeited.
|
|win|Berry_Bns
|raw|dyebberwacky's rating: 1190 &rarr; <strong>1162</strong><br />(-28 for losing)
|raw|Berry_Bns's rating: 1147 &rarr; <strong>1175</strong><br />(+28 for winning)
|l|☆dyebberwacky
|player|p1|
