|html|<div class="broadcast-blue"><strong>[Gen 9] OU is currently suspecting Tera Blast! For information on how to participate check out the <a href="https://www.smogon.com/tools/suspects/view/200">suspect thread</a>.</strong></div>
|j|☆Charles Kirkius
|j|☆outlblast Emily
|t:|1776313248
|gametype|singles
|player|p1|Charles Kirkius|rocketgruntf|1562
|player|p2|outlblast Emily|swimmerf-gen6|1493
|gen|9
|tier|[Gen 9] OU
|rated|
|rule|HP Percentage Mod: HP is shown in percentages
|rule|Endless Battle Clause: Forcing endless battles is banned
|rule|Species Clause: Limit one of each Pokémon
|rule|OHKO Clause: OHKO moves are banned
|rule|Evasion Items Clause: Evasion items are banned
|rule|Evasion Moves Clause: Evasion moves are banned
|rule|Evasion Abilities Clause: Evasion abilities are banned
|rule|Sleep Moves Clause: Sleep-inducing moves are banned
|clearpoke
|poke|p1|Cinderace, F|
|poke|p1|Okidogi, M|
|poke|p1|Landorus-Therian, M|
|poke|p1|Zamazenta-*|
|poke|p1|Goodra-Hisui, F|
|poke|p1|Latios, M|
|poke|p2|Kingambit, M|
|poke|p2|Ursaluna, M|
|poke|p2|Dragapult, M|
|poke|p2|Manaphy|
|poke|p2|Glimmora, F|
|poke|p2|Zamazenta-*|
|teampreview
|inactive|Battle timer is ON: inactive players will automatically lose when time's up. (requested by outlblast Emily)
|j| skiing in sudan
|j| mo gueye
|
|t:|1776313279
|teamsize|p1|6
|teamsize|p2|6
|start
|switch|p1a: Goodra|Goodra-Hisui, F, shiny|100/100
|switch|p2a: Zamazenta|Zamazenta|100/100
|-ability|p2a: Zamazenta|Dauntless Shield|boost
|-boost|p2a: Zamazenta|def|1
|turn|1
|
|t:|1776313294
|switch|p1a: Landorus|Landorus-Therian, M|100/100
|-ability|p1a: Landorus|Intimidate|boost
|-unboost|p2a: Zamazenta|atk|1
|move|p2a: Zamazenta|Close Combat|p1a: Landorus
|-resisted|p1a: Landorus
|-damage|p1a: Landorus|76/100
|-unboost|p2a: Zamazenta|def|1
|-unboost|p2a: Zamazenta|spd|1
|
|upkeep
|turn|2
|
|t:|1776313301
|move|p1a: Landorus|Earthquake|p2a: Zamazenta
|-damage|p2a: Zamazenta|46/100
|move|p2a: Zamazenta|Ice Fang|p1a: Landorus
|-supereffective|p1a: Landorus
|-damage|p1a: Landorus|14/100
|
|upkeep
|turn|3
|
|t:|1776313319
|move|p1a: Landorus|Earthquake|p2a: Zamazenta
|-damage|p2a: Zamazenta|0 fnt
|faint|p2a: Zamazenta
|
|upkeep
|
|t:|1776313325
|switch|p2a: Ursaluna|Ursaluna, M|100/100
|turn|4
|
|t:|1776313333
|move|p1a: Landorus|Earthquake|p2a: Ursaluna
|-damage|p2a: Ursaluna|49/100
|move|p2a: Ursaluna|Trailblaze|p1a: Landorus
|-crit|p1a: Landorus
|-damage|p1a: Landorus|0 fnt
|-boost|p2a: Ursaluna|spe|1
|faint|p1a: Landorus
|
|-status|p2a: Ursaluna|brn|[from] item: Flame Orb
|upkeep
|
|t:|1776313345
|switch|p1a: Goodra|Goodra-Hisui, F, shiny|100/100
|turn|5
|
|t:|1776313349
|-terastallize|p1a: Goodra|Ghost
|move|p2a: Ursaluna|Headlong Rush|p1a: Goodra
|-damage|p1a: Goodra|5/100
|-unboost|p2a: Ursaluna|def|1
|-unboost|p2a: Ursaluna|spd|1
|move|p1a: Goodra|Draco Meteor|p2a: Ursaluna
|-damage|p2a: Ursaluna|0 fnt
|-unboost|p1a: Goodra|spa|2
|faint|p2a: Ursaluna
|
|upkeep
|c|☆outlblast Emily|????????????????????????
|
|t:|1776313360
|switch|p2a: Manaphy|Manaphy|100/100
|turn|6
|
|t:|1776313370
|switch|p1a: Latios|Latios, M, shiny|100/100
|move|p2a: Manaphy|Substitute|p2a: Manaphy
|-start|p2a: Manaphy|Substitute
|-damage|p2a: Manaphy|76/100
|
|-heal|p2a: Manaphy|82/100|[from] item: Leftovers
|upkeep
|turn|7
|
|t:|1776313376
|-terastallize|p2a: Manaphy|Fairy
|move|p1a: Latios|Future Sight|p2a: Manaphy
|-start|p1a: Latios|move: Future Sight
|move|p2a: Manaphy|Tail Glow|p2a: Manaphy
|-boost|p2a: Manaphy|spa|3
|
|-heal|p2a: Manaphy|88/100|[from] item: Leftovers
|upkeep
|turn|8
|
|t:|1776313391
|move|p1a: Latios|Psychic Noise|p2a: Manaphy
|-damage|p2a: Manaphy|42/100
|-start|p2a: Manaphy|move: Heal Block
|move|p2a: Manaphy|Alluring Voice|p1a: Latios
|-supereffective|p1a: Latios
|-damage|p1a: Latios|0 fnt
|faint|p1a: Latios
|
|upkeep
|c|☆Charles Kirkius|idk i expeceted facade
|c|☆outlblast Emily|I'm sure you did
|
|t:|1776313413
|switch|p1a: Cinderace|Cinderace, F, shiny|100/100
|turn|9
|
|t:|1776313424
|move|p1a: Cinderace|Pyro Ball|p2a: Manaphy
|-end|p2a: Manaphy|Substitute
|move|p2a: Manaphy|Hydro Pump|p1a: Cinderace|[miss]
|-miss|p2a: Manaphy|p1a: Cinderace
|
|-end|p2a: Manaphy|move: Future Sight
|-damage|p2a: Manaphy|0 fnt
|faint|p2a: Manaphy
|upkeep
|
|t:|1776313431
|switch|p2a: Glimmora|Glimmora, F|100/100
|turn|10
|
|t:|1776313440
|move|p1a: Cinderace|U-turn|p2a: Glimmora
|-start|p1a: Cinderace|typechange|Bug|[from] ability: Libero
|-resisted|p2a: Glimmora
|-damage|p2a: Glimmora|86/100
|-activate|p2a: Glimmora|ability: Toxic Debris
|-sidestart|p1: Charles Kirkius|move: Toxic Spikes
|-enditem|p2a: Glimmora|Red Card|[of] p1a: Cinderace
|drag|p1a: Okidogi|Okidogi, M|100/100
|-sideend|p1: Charles Kirkius|move: Toxic Spikes|[of] p1a: Okidogi
|move|p2a: Glimmora|Earth Power|p1a: Okidogi
|-supereffective|p1a: Okidogi
|-damage|p1a: Okidogi|49/100
|
|-heal|p1a: Okidogi|55/100|[from] item: Leftovers
|upkeep
|turn|11
|
|t:|1776313456
|move|p2a: Glimmora|Earth Power|p1a: Okidogi
|-supereffective|p1a: Okidogi
|-damage|p1a: Okidogi|2/100
|move|p1a: Okidogi|Drain Punch|p2a: Glimmora
|-crit|p2a: Glimmora
|-damage|p2a: Glimmora|42/100
|-heal|p1a: Okidogi|24/100|[from] drain|[of] p2a: Glimmora
|-activate|p2a: Glimmora|ability: Toxic Debris
|-sidestart|p1: Charles Kirkius|move: Toxic Spikes
|
|-heal|p1a: Okidogi|30/100|[from] item: Leftovers
|upkeep
|turn|12
|
|t:|1776313467
|switch|p1a: Goodra|Goodra-Hisui, F, shiny, tera:Ghost|5/100
|-status|p1a: Goodra|psn
|move|p2a: Glimmora|Earth Power|p1a: Goodra
|-damage|p1a: Goodra|0 fnt
|faint|p1a: Goodra
|
|upkeep
|
|t:|1776313487
|switch|p1a: Cinderace|Cinderace, F, shiny|100/100
|turn|13
|
|t:|1776313499
|move|p1a: Cinderace|Court Change|p1a: Cinderace
|-start|p1a: Cinderace|typechange|Normal|[from] ability: Libero
|-swapsideconditions
|-activate|p1a: Cinderace|move: Court Change
|move|p2a: Glimmora|Earth Power|p1a: Cinderace
|-damage|p1a: Cinderace|62/100
|
|upkeep
|turn|14
|
|t:|1776313505
|move|p1a: Cinderace|Sucker Punch|p2a: Glimmora
|-damage|p2a: Glimmora|23/100
|-activate|p2a: Glimmora|ability: Toxic Debris
|-sidestart|p1: Charles Kirkius|move: Toxic Spikes
|move|p2a: Glimmora|Earth Power|p1a: Cinderace
|-damage|p1a: Cinderace|26/100
|
|upkeep
|turn|15
|
|t:|1776313518
|switch|p1a: Okidogi|Okidogi, M|30/100
|-sideend|p1: Charles Kirkius|move: Toxic Spikes|[of] p1a: Okidogi
|move|p2a: Glimmora|Earth Power|p1a: Okidogi
|-supereffective|p1a: Okidogi
|-damage|p1a: Okidogi|0 fnt
|faint|p1a: Okidogi
|
|upkeep
|
|t:|1776313522
|switch|p1a: Cinderace|Cinderace, F, shiny|26/100
|turn|16
|
|t:|1776313531
|move|p1a: Cinderace|Pyro Ball|p2a: Glimmora
|-resisted|p2a: Glimmora
|-crit|p2a: Glimmora
|-damage|p2a: Glimmora|0 fnt
|-activate|p2a: Glimmora|ability: Toxic Debris
|-sidestart|p1: Charles Kirkius|move: Toxic Spikes
|faint|p2a: Glimmora
|
|upkeep
|
|t:|1776313536
|switch|p2a: Dragapult|Dragapult, M|100/100
|-status|p2a: Dragapult|psn
|turn|17
|
|t:|1776313546
|switch|p2a: Kingambit|Kingambit, M|100/100
|-activate|p2a: Kingambit|ability: Supreme Overlord
|-start|p2a: Kingambit|fallen4|[silent]
|move|p1a: Cinderace|Pyro Ball|p2a: Kingambit
|-supereffective|p2a: Kingambit
|-damage|p2a: Kingambit|17/100
|-status|p2a: Kingambit|brn
|
|-heal|p2a: Kingambit|23/100 brn|[from] item: Leftovers
|-damage|p2a: Kingambit|17/100 brn|[from] brn
|upkeep
|turn|18
|
|t:|1776313560
|switch|p1a: Zamazenta|Zamazenta, shiny|100/100
|-status|p1a: Zamazenta|psn
|-ability|p1a: Zamazenta|Dauntless Shield|boost
|-boost|p1a: Zamazenta|def|1
|move|p2a: Kingambit|Sucker Punch||[still]
|-fail|p2a: Kingambit
|
|-heal|p2a: Kingambit|23/100 brn|[from] item: Leftovers
|-damage|p1a: Zamazenta|88/100 psn|[from] psn
|-damage|p2a: Kingambit|17/100 brn|[from] brn
|upkeep
|turn|19
|
|t:|1776313565
|move|p2a: Kingambit|Sucker Punch||[still]
|-fail|p2a: Kingambit
|move|p1a: Zamazenta|Substitute|p1a: Zamazenta
|-start|p1a: Zamazenta|Substitute
|-damage|p1a: Zamazenta|63/100 psn
|
|-heal|p1a: Zamazenta|69/100 psn|[from] item: Leftovers
|-heal|p2a: Kingambit|23/100 brn|[from] item: Leftovers
|-damage|p1a: Zamazenta|57/100 psn|[from] psn
|-damage|p2a: Kingambit|17/100 brn|[from] brn
|upkeep
|turn|20
|
|t:|1776313570
|move|p1a: Zamazenta|Iron Defense|p1a: Zamazenta
|-boost|p1a: Zamazenta|def|2
|move|p2a: Kingambit|Swords Dance|p2a: Kingambit
|-boost|p2a: Kingambit|atk|2
|
|-heal|p1a: Zamazenta|63/100 psn|[from] item: Leftovers
|-heal|p2a: Kingambit|23/100 brn|[from] item: Leftovers
|-damage|p1a: Zamazenta|51/100 psn|[from] psn
|-damage|p2a: Kingambit|17/100 brn|[from] brn
|upkeep
|turn|21
|
|t:|1776313577
|move|p1a: Zamazenta|Body Press|p2a: Kingambit
|-supereffective|p2a: Kingambit
|-damage|p2a: Kingambit|0 fnt
|faint|p2a: Kingambit
|-end|p2a: Kingambit|fallen4|[silent]
|
|-heal|p1a: Zamazenta|57/100 psn|[from] item: Leftovers
|-damage|p1a: Zamazenta|45/100 psn|[from] psn
|upkeep
|-message|outlblast Emily forfeited.
|
|win|Charles Kirkius
|raw|Charles Kirkius's rating: 1562 &rarr; <strong>1578</strong><br />(+16 for winning)
|raw|outlblast Emily's rating: 1493 &rarr; <strong>1477</strong><br />(-16 for losing)
|l|☆outlblast Emily
|player|p2|
|l|☆Charles Kirkius
|player|p1|
|l| mo gueye
|j| Monkey D MinMin
|l| Monkey D MinMin
|j|☆outlblast Emily
|player|p2|outlblast Emily|swimmerf-gen6|
|l|☆outlblast Emily
|player|p2|
|j|☆outlblast Emily
|player|p2|outlblast Emily|swimmerf-gen6|
|j| Monkey D MinMin
|l| Monkey D MinMin
|l|☆outlblast Emily
|player|p2|
