|html|<div class="broadcast-blue"><strong>[Gen 9] OU is currently suspecting Tera Blast! For information on how to participate check out the <a href="https://www.smogon.com/tools/suspects/view/200">suspect thread</a>.</strong></div>
|j|☆John Mahmoud
|j|☆Bomi0
|t:|1776273305
|gametype|singles
|player|p1|John Mahmoud|169|1338
|player|p2|Bomi0|101|1386
|gen|9
|tier|[Gen 9] OU
|rated|
|rule|HP Percentage Mod: HP is shown in percentages
|rule|Endless Battle Clause: Forcing endless battles is banned
|rule|Species Clause: Limit one of each Pokémon
|rule|OHKO Clause: OHKO moves are banned
|rule|Evasion Items Clause: Evasion items are banned
|rule|Evasion Moves Clause: Evasion moves are banned
|rule|Evasion Abilities Clause: Evasion abilities are banned
|rule|Sleep Moves Clause: Sleep-inducing moves are banned
|clearpoke
|poke|p1|Talonflame, M|
|poke|p1|Pelipper, M|
|poke|p1|Barraskewda, F|
|poke|p1|Ogerpon-Wellspring, F|
|poke|p1|Zapdos|
|poke|p1|Samurott-Hisui, M|
|poke|p2|Mimikyu, F|
|poke|p2|Cresselia, F|
|poke|p2|Ursaluna, F|
|poke|p2|Hatterene, F|
|poke|p2|Iron Hands|
|poke|p2|Azumarill, F|
|teampreview
|inactive|Battle timer is ON: inactive players will automatically lose when time's up. (requested by Bomi0)
|
|t:|1776273312
|teamsize|p1|6
|teamsize|p2|6
|start
|switch|p1a: Big Mouth|Pelipper, M|100/100
|switch|p2a: Psytterene|Hatterene, F, shiny|100/100
|-weather|RainDance|[from] ability: Drizzle|[of] p1a: Big Mouth
|turn|1
|
|t:|1776273327
|move|p1a: Big Mouth|Weather Ball|p2a: Psytterene
|-damage|p2a: Psytterene|55/100
|move|p2a: Psytterene|Trick Room|p2a: Psytterene
|-fieldstart|move: Trick Room|[of] p2a: Psytterene
|
|-weather|RainDance|[upkeep]
|upkeep
|turn|2
|
|t:|1776273336
|move|p2a: Psytterene|Misty Explosion|p1a: Big Mouth
|-damage|p1a: Big Mouth|30/100
|faint|p2a: Psytterene
|move|p1a: Big Mouth|U-turn|p2: Psytterene|[notarget]
|-fail|p1a: Big Mouth
|
|-weather|RainDance|[upkeep]
|upkeep
|
|t:|1776273339
|switch|p2a: Psyluna|Ursaluna, F, shiny|100/100
|turn|3
|
|t:|1776273347
|move|p2a: Psyluna|Protect|p2a: Psyluna
|-singleturn|p2a: Psyluna|Protect
|move|p1a: Big Mouth|Weather Ball|p2a: Psyluna
|-activate|p2a: Psyluna|move: Protect
|
|-weather|RainDance|[upkeep]
|-status|p2a: Psyluna|brn|[from] item: Flame Orb
|upkeep
|turn|4
|
|t:|1776273357
|move|p2a: Psyluna|Facade|p1a: Big Mouth
|-damage|p1a: Big Mouth|0 fnt
|faint|p1a: Big Mouth
|
|-weather|RainDance|[upkeep]
|-damage|p2a: Psyluna|94/100 brn|[from] brn
|upkeep
|
|t:|1776273364
|switch|p1a: Shogunyan|Samurott-Hisui, M, shiny|100/100
|turn|5
|
|t:|1776273381
|move|p2a: Psyluna|Facade|p1a: Shogunyan
|-enditem|p1a: Shogunyan|Focus Sash
|-damage|p1a: Shogunyan|1/100
|move|p1a: Shogunyan|Aqua Cutter|p2a: Psyluna
|-supereffective|p2a: Psyluna
|-crit|p2a: Psyluna
|-damage|p2a: Psyluna|0 fnt
|faint|p2a: Psyluna
|
|-weather|RainDance|[upkeep]
|-fieldend|move: Trick Room
|upkeep
|
|t:|1776273391
|switch|p2a: Psymikyu|Mimikyu, F, shiny|100/100
|turn|6
|
|t:|1776273396
|move|p2a: Psymikyu|Shadow Sneak|p1a: Shogunyan
|-resisted|p1a: Shogunyan
|-damage|p1a: Shogunyan|0 fnt
|faint|p1a: Shogunyan
|-damage|p2a: Psymikyu|91/100|[from] item: Life Orb
|
|-weather|RainDance|[upkeep]
|upkeep
|
|t:|1776273409
|switch|p1a: Glass Cannon|Barraskewda, F, shiny|100/100
|turn|7
|
|t:|1776273416
|move|p1a: Glass Cannon|Liquidation|p2a: Psymikyu
|-activate|p2a: Psymikyu|ability: Disguise
|-damage|p2a: Psymikyu|91/100
|-unboost|p2a: Psymikyu|def|1
|detailschange|p2a: Psymikyu|Mimikyu-Busted, F, shiny
|-damage|p2a: Psymikyu|78/100|[from] pokemon: Mimikyu-Busted
|move|p2a: Psymikyu|Trick Room|p2a: Psymikyu
|-fieldstart|move: Trick Room|[of] p2a: Psymikyu
|
|-weather|RainDance|[upkeep]
|upkeep
|turn|8
|
|t:|1776273426
|move|p2a: Psymikyu|Destiny Bond|p2a: Psymikyu
|-singlemove|p2a: Psymikyu|Destiny Bond
|move|p1a: Glass Cannon|Liquidation|p2a: Psymikyu
|-damage|p2a: Psymikyu|0 fnt
|faint|p2a: Psymikyu
|-activate|p2a: Psymikyu|move: Destiny Bond
|faint|p1a: Glass Cannon
|
|-weather|none
|upkeep
|
|t:|1776273436
|switch|p2a: Psy Hands|Iron Hands, shiny|100/100
|switch|p1a: Stone Mask|Ogerpon-Wellspring, F|100/100
|-enditem|p2a: Psy Hands|Booster Energy
|-activate|p2a: Psy Hands|ability: Quark Drive|[fromitem]
|-start|p2a: Psy Hands|quarkdriveatk
|turn|9
|
|t:|1776273449
|move|p2a: Psy Hands|Drain Punch|p1a: Stone Mask
|-damage|p1a: Stone Mask|26/100
|move|p1a: Stone Mask|Play Rough|p2a: Psy Hands
|-supereffective|p2a: Psy Hands
|-damage|p2a: Psy Hands|58/100
|
|upkeep
|turn|10
|
|t:|1776273462
|switch|p1a: Mjolnir|Zapdos|100/100
|move|p2a: Psy Hands|Drain Punch|p1a: Mjolnir
|-resisted|p1a: Mjolnir
|-damage|p1a: Mjolnir|69/100
|-heal|p2a: Psy Hands|70/100|[from] drain|[of] p1a: Mjolnir
|
|upkeep
|turn|11
|
|t:|1776273473
|move|p2a: Psy Hands|Ice Punch|p1a: Mjolnir
|-supereffective|p1a: Mjolnir
|-damage|p1a: Mjolnir|0 fnt
|faint|p1a: Mjolnir
|
|-fieldend|move: Trick Room
|upkeep
|
|t:|1776273480
|switch|p1a: Nerf Gun|Talonflame, M, shiny|100/100
|turn|12
|
|t:|1776273483
|-end|p2a: Psy Hands|Quark Drive|[silent]
|switch|p2a: Psyrelia|Cresselia, F, shiny|100/100
|move|p1a: Nerf Gun|Hurricane|p2a: Psyrelia|[miss]
|-miss|p1a: Nerf Gun|p2a: Psyrelia
|
|upkeep
|turn|13
|
|t:|1776273492
|move|p1a: Nerf Gun|U-turn|p2a: Psyrelia
|-supereffective|p2a: Psyrelia
|-damage|p2a: Psyrelia|87/100
|
|t:|1776273495
|switch|p1a: Stone Mask|Ogerpon-Wellspring, F|26/100|[from] U-turn
|move|p2a: Psyrelia|Trick Room|p2a: Psyrelia
|-fieldstart|move: Trick Room|[of] p2a: Psyrelia
|
|upkeep
|turn|14
|
|t:|1776273504
|move|p2a: Psyrelia|Psychic|p1a: Stone Mask
|-damage|p1a: Stone Mask|0 fnt
|faint|p1a: Stone Mask
|
|upkeep
|
|t:|1776273509
|switch|p1a: Nerf Gun|Talonflame, M, shiny|100/100
|turn|15
|
|t:|1776273517
|-terastallize|p1a: Nerf Gun|Flying
|move|p1a: Nerf Gun|Hurricane|p2a: Psyrelia
|-damage|p2a: Psyrelia|50/100
|move|p2a: Psyrelia|Lunar Dance|p2a: Psyrelia
|faint|p2a: Psyrelia
|
|upkeep
|
|t:|1776273518
|switch|p2a: Psy Hands|Iron Hands, shiny|70/100
|-heal|p2a: Psy Hands|100/100|[from] move: Lunar Dance
|turn|16
|
|t:|1776273531
|move|p2a: Psy Hands|Thunder Punch|p1a: Nerf Gun
|-supereffective|p1a: Nerf Gun
|-damage|p1a: Nerf Gun|0 fnt
|faint|p1a: Nerf Gun
|
|win|Bomi0
|raw|John Mahmoud's rating: 1338 &rarr; <strong>1321</strong><br />(-17 for losing)
|raw|Bomi0's rating: 1386 &rarr; <strong>1403</strong><br />(+17 for winning)
