|html|<div class="broadcast-blue"><strong>[Gen 9] OU is currently suspecting Tera Blast! For information on how to participate check out the <a href="https://www.smogon.com/tools/suspects/view/200">suspect thread</a>.</strong></div>
|j|☆12erfg
|j|☆todoroki0944
|t:|1776151543
|gametype|singles
|player|p1|12erfg|giovanni|1104
|player|p2|todoroki0944|169|1000
|gen|9
|tier|[Gen 9] OU
|rated|
|rule|HP Percentage Mod: HP is shown in percentages
|rule|Endless Battle Clause: Forcing endless battles is banned
|rule|Species Clause: Limit one of each Pokémon
|rule|OHKO Clause: OHKO moves are banned
|rule|Evasion Items Clause: Evasion items are banned
|rule|Evasion Moves Clause: Evasion moves are banned
|rule|Evasion Abilities Clause: Evasion abilities are banned
|rule|Sleep Moves Clause: Sleep-inducing moves are banned
|clearpoke
|poke|p1|Kingambit, F|
|poke|p1|Cinderace, F|
|poke|p1|Landorus-Therian, M|
|poke|p1|Iron Valiant|
|poke|p1|Kyurem|
|poke|p1|Slowking-Galar, M|
|poke|p2|Incineroar, F|
|poke|p2|Glimmora, M|
|poke|p2|Gholdengo|
|poke|p2|Great Tusk|
|poke|p2|Iron Valiant|
|poke|p2|Amoonguss, M|
|teampreview
|inactive|Battle timer is ON: inactive players will automatically lose when time's up. (requested by 12erfg)
|
|t:|1776151555
|teamsize|p1|6
|teamsize|p2|6
|start
|switch|p1a: Landorus|Landorus-Therian, M, shiny|100/100
|switch|p2a: Glimmora|Glimmora, M|100/100
|-ability|p1a: Landorus|Intimidate|boost
|-unboost|p2a: Glimmora|atk|1
|turn|1
|
|t:|1776151564
|move|p1a: Landorus|Taunt|p2a: Glimmora
|-start|p2a: Glimmora|move: Taunt
|cant|p2a: Glimmora|move: Taunt|Stealth Rock
|
|upkeep
|turn|2
|
|t:|1776151570
|move|p1a: Landorus|Earthquake|p2a: Glimmora
|-supereffective|p2a: Glimmora
|-enditem|p2a: Glimmora|Focus Sash
|-damage|p2a: Glimmora|1/100
|-activate|p2a: Glimmora|ability: Toxic Debris
|-sidestart|p1: 12erfg|move: Toxic Spikes
|move|p2a: Glimmora|Mortal Spin|p1a: Landorus
|-resisted|p1a: Landorus
|-damage|p1a: Landorus|99/100
|-status|p1a: Landorus|psn
|-damage|p2a: Glimmora|0 fnt|[from] item: Rocky Helmet|[of] p1a: Landorus
|faint|p2a: Glimmora
|
|-damage|p1a: Landorus|86/100 psn|[from] psn
|upkeep
|
|t:|1776151598
|switch|p2a: Great Tusk|Great Tusk|100/100
|turn|3
|
|t:|1776151609
|move|p1a: Landorus|U-turn|p2a: Great Tusk
|-resisted|p2a: Great Tusk
|-crit|p2a: Great Tusk
|-damage|p2a: Great Tusk|92/100
|
|t:|1776151612
|switch|p1a: Slowking|Slowking-Galar, M, shiny|100/100|[from] U-turn
|-sideend|p1: 12erfg|move: Toxic Spikes|[of] p1a: Slowking
|move|p2a: Great Tusk|Knock Off|p1a: Slowking
|-supereffective|p1a: Slowking
|-damage|p1a: Slowking|38/100
|-enditem|p1a: Slowking|Heavy-Duty Boots|[from] move: Knock Off|[of] p2a: Great Tusk
|
|-heal|p2a: Great Tusk|99/100|[from] item: Leftovers
|upkeep
|turn|4
|
|t:|1776151626
|switch|p1a: Landorus|Landorus-Therian, M, shiny|86/100 psn
|-ability|p1a: Landorus|Intimidate|boost
|-unboost|p2a: Great Tusk|atk|1
|move|p2a: Great Tusk|Knock Off|p1a: Landorus
|-damage|p1a: Landorus|68/100 psn
|-damage|p2a: Great Tusk|82/100|[from] item: Rocky Helmet|[of] p1a: Landorus
|-enditem|p1a: Landorus|Rocky Helmet|[from] move: Knock Off|[of] p2a: Great Tusk
|
|-heal|p2a: Great Tusk|88/100|[from] item: Leftovers
|-damage|p1a: Landorus|56/100 psn|[from] psn
|upkeep
|turn|5
|
|t:|1776151651
|move|p1a: Landorus|Earthquake|p2a: Great Tusk
|-damage|p2a: Great Tusk|68/100
|move|p2a: Great Tusk|Rapid Spin|p1a: Landorus
|-damage|p1a: Landorus|47/100 psn
|-boost|p2a: Great Tusk|spe|1
|
|-heal|p2a: Great Tusk|74/100|[from] item: Leftovers
|-damage|p1a: Landorus|34/100 psn|[from] psn
|upkeep
|turn|6
|
|t:|1776151661
|move|p2a: Great Tusk|Rapid Spin|p1a: Landorus
|-crit|p1a: Landorus
|-damage|p1a: Landorus|14/100 psn
|-boost|p2a: Great Tusk|spe|1
|move|p1a: Landorus|Earthquake|p2a: Great Tusk
|-damage|p2a: Great Tusk|51/100
|
|-heal|p2a: Great Tusk|58/100|[from] item: Leftovers
|-damage|p1a: Landorus|2/100 psn|[from] psn
|upkeep
|turn|7
|
|t:|1776151672
|move|p2a: Great Tusk|Rapid Spin|p1a: Landorus
|-damage|p1a: Landorus|0 fnt
|-boost|p2a: Great Tusk|spe|1
|faint|p1a: Landorus
|
|-heal|p2a: Great Tusk|64/100|[from] item: Leftovers
|upkeep
|inactive|12erfg has 120 seconds left.
|
|t:|1776151709
|switch|p1a: Cinderace|Cinderace, F, shiny|100/100
|turn|8
|
|t:|1776151716
|-terastallize|p1a: Cinderace|Bug
|move|p2a: Great Tusk|Earthquake|p1a: Cinderace
|-resisted|p1a: Cinderace
|-damage|p1a: Cinderace|82/100
|move|p1a: Cinderace|Will-O-Wisp|p2a: Great Tusk|[miss]
|-miss|p1a: Cinderace|p2a: Great Tusk
|
|-heal|p2a: Great Tusk|70/100|[from] item: Leftovers
|upkeep
|turn|9
|
|t:|1776151731
|move|p2a: Great Tusk|Knock Off|p1a: Cinderace
|-crit|p1a: Cinderace
|-damage|p1a: Cinderace|33/100
|-enditem|p1a: Cinderace|Heavy-Duty Boots|[from] move: Knock Off|[of] p2a: Great Tusk
|move|p1a: Cinderace|Will-O-Wisp|p2a: Great Tusk
|-status|p2a: Great Tusk|brn
|
|-heal|p2a: Great Tusk|76/100 brn|[from] item: Leftovers
|-damage|p2a: Great Tusk|70/100 brn|[from] brn
|upkeep
|turn|10
|
|t:|1776151743
|move|p2a: Great Tusk|Knock Off|p1a: Cinderace
|-damage|p1a: Cinderace|26/100
|move|p1a: Cinderace|Pyro Ball|p2a: Great Tusk
|-crit|p2a: Great Tusk
|-damage|p2a: Great Tusk|20/100 brn
|
|-heal|p2a: Great Tusk|26/100 brn|[from] item: Leftovers
|-damage|p2a: Great Tusk|20/100 brn|[from] brn
|upkeep
|turn|11
|inactive|todoroki0944 has 120 seconds left.
|
|t:|1776151768
|move|p2a: Great Tusk|Close Combat|p1a: Cinderace
|-resisted|p1a: Cinderace
|-damage|p1a: Cinderace|16/100
|-unboost|p2a: Great Tusk|def|1
|-unboost|p2a: Great Tusk|spd|1
|move|p1a: Cinderace|Pyro Ball|p2a: Great Tusk
|-damage|p2a: Great Tusk|0 fnt
|faint|p2a: Great Tusk
|-end|p2a: Great Tusk|Protosynthesis|[silent]
|
|upkeep
|inactive|todoroki0944 has 120 seconds left.
|
|t:|1776151784
|switch|p2a: Iron Valiant|Iron Valiant|100/100
|-enditem|p2a: Iron Valiant|Booster Energy
|-activate|p2a: Iron Valiant|ability: Quark Drive|[fromitem]
|-start|p2a: Iron Valiant|quarkdrivespe
|turn|12
|
|t:|1776151791
|switch|p1a: Slowking|Slowking-Galar, M, shiny|71/100
|move|p2a: Iron Valiant|Psyshock|p1a: Slowking
|-damage|p1a: Slowking|44/100
|
|upkeep
|turn|13
|inactive|todoroki0944 has 120 seconds left.
|
|t:|1776151810
|move|p2a: Iron Valiant|Close Combat|p1a: Slowking
|-resisted|p1a: Slowking
|-damage|p1a: Slowking|32/100
|-unboost|p2a: Iron Valiant|def|1
|-unboost|p2a: Iron Valiant|spd|1
|move|p1a: Slowking|Thunder Wave|p2a: Iron Valiant
|-status|p2a: Iron Valiant|par
|
|upkeep
|turn|14
|
|t:|1776151819
|cant|p2a: Iron Valiant|par
|move|p1a: Slowking|Sludge Bomb|p2a: Iron Valiant
|-supereffective|p2a: Iron Valiant
|-damage|p2a: Iron Valiant|0 fnt
|faint|p2a: Iron Valiant
|-end|p2a: Iron Valiant|Quark Drive|[silent]
|
|upkeep
|
|t:|1776151828
|switch|p2a: Gholdengo|Gholdengo|100/100
|turn|15
|inactive|todoroki0944 has 120 seconds left.
|
|t:|1776151851
|switch|p1a: Kingambit|Kingambit, F|100/100
|-activate|p1a: Kingambit|ability: Supreme Overlord
|-start|p1a: Kingambit|fallen1|[silent]
|move|p2a: Gholdengo|Shadow Ball|p1a: Kingambit
|-resisted|p1a: Kingambit
|-damage|p1a: Kingambit|78/100
|
|-heal|p1a: Kingambit|84/100|[from] item: Leftovers
|upkeep
|turn|16
|inactive|todoroki0944 has 120 seconds left.
|
|t:|1776151862
|switch|p2a: Incineroar|Incineroar, F|100/100
|-ability|p2a: Incineroar|Intimidate|boost
|-unboost|p1a: Kingambit|atk|1
|move|p1a: Kingambit|Sucker Punch||[still]
|-fail|p1a: Kingambit
|
|-heal|p1a: Kingambit|90/100|[from] item: Leftovers
|upkeep
|turn|17
|inactive|todoroki0944 has 120 seconds left.
|
|t:|1776151884
|-end|p1a: Kingambit|fallen1|[silent]
|switch|p1a: Kyurem|Kyurem, shiny|100/100
|-ability|p1a: Kyurem|Pressure
|move|p2a: Incineroar|Flare Blitz|p1a: Kyurem
|-damage|p1a: Kyurem|55/100
|-damage|p2a: Incineroar|85/100|[from] Recoil
|
|-heal|p1a: Kyurem|61/100|[from] item: Leftovers
|upkeep
|turn|18
|
|t:|1776151897
|move|p1a: Kyurem|Earth Power|p2a: Incineroar
|-supereffective|p2a: Incineroar
|-damage|p2a: Incineroar|43/100
|move|p2a: Incineroar|Flare Blitz|p1a: Kyurem
|-damage|p1a: Kyurem|21/100
|-damage|p2a: Incineroar|30/100|[from] Recoil
|
|-heal|p1a: Kyurem|28/100|[from] item: Leftovers
|upkeep
|turn|19
|
|t:|1776151909
|move|p2a: Incineroar|Fake Out||[still]
|-hint|Fake Out only works on your first turn out.
|-fail|p2a: Incineroar
|move|p1a: Kyurem|Earth Power|p2a: Incineroar
|-supereffective|p2a: Incineroar
|-damage|p2a: Incineroar|0 fnt
|faint|p2a: Incineroar
|
|-heal|p1a: Kyurem|34/100|[from] item: Leftovers
|upkeep
|
|t:|1776151919
|switch|p2a: Gholdengo|Gholdengo|100/100
|turn|20
|
|t:|1776151926
|move|p2a: Gholdengo|Make It Rain|p1a: Kyurem
|-supereffective|p1a: Kyurem
|-damage|p1a: Kyurem|0 fnt
|-unboost|p2a: Gholdengo|spa|1
|faint|p1a: Kyurem
|
|upkeep
|
|t:|1776151939
|switch|p1a: Kingambit|Kingambit, F|90/100
|-activate|p1a: Kingambit|ability: Supreme Overlord
|-start|p1a: Kingambit|fallen2|[silent]
|turn|21
|inactive|todoroki0944 has 120 seconds left.
|
|t:|1776151956
|-terastallize|p2a: Gholdengo|Steel
|move|p2a: Gholdengo|Make It Rain|p1a: Kingambit
|-resisted|p1a: Kingambit
|-damage|p1a: Kingambit|59/100
|-unboost|p2a: Gholdengo|spa|1
|move|p1a: Kingambit|Swords Dance|p1a: Kingambit
|-boost|p1a: Kingambit|atk|2
|
|-heal|p1a: Kingambit|66/100|[from] item: Leftovers
|upkeep
|turn|22
|inactive|todoroki0944 has 120 seconds left.
|
|t:|1776151968
|move|p2a: Gholdengo|Make It Rain|p1a: Kingambit
|-resisted|p1a: Kingambit
|-damage|p1a: Kingambit|44/100
|-unboost|p2a: Gholdengo|spa|1
|move|p1a: Kingambit|Kowtow Cleave|p2a: Gholdengo
|-damage|p2a: Gholdengo|0 fnt
|faint|p2a: Gholdengo
|
|-heal|p1a: Kingambit|50/100|[from] item: Leftovers
|upkeep
|inactive|todoroki0944 has 120 seconds left.
|
|t:|1776151979
|switch|p2a: Amoonguss|Amoonguss, M|100/100
|turn|23
|inactive|todoroki0944 has 120 seconds left.
|
|t:|1776151986
|move|p1a: Kingambit|Kowtow Cleave|p2a: Amoonguss
|-crit|p2a: Amoonguss
|-damage|p2a: Amoonguss|0 fnt
|-damage|p1a: Kingambit|33/100|[from] item: Rocky Helmet|[of] p2a: Amoonguss
|faint|p2a: Amoonguss
|
|win|12erfg
|raw|12erfg's rating: 1104 &rarr; <strong>1122</strong><br />(+18 for winning)
|raw|todoroki0944's rating: 1000 &rarr; <strong>1000</strong><br />(+0 for losing)
