|html|<div class="broadcast-blue"><strong>[Gen 9] OU is currently suspecting Tera Blast! For information on how to participate check out the <a href="https://www.smogon.com/tools/suspects/view/200">suspect thread</a>.</strong></div>
|j|☆Nhars
|j|☆djuniorplays
|t:|1776034718
|gametype|singles
|player|p1|Nhars|swimmerf-gen4|1122
|player|p2|djuniorplays|bruno|1119
|gen|9
|tier|[Gen 9] OU
|rated|
|rule|HP Percentage Mod: HP is shown in percentages
|rule|Endless Battle Clause: Forcing endless battles is banned
|rule|Species Clause: Limit one of each Pokémon
|rule|OHKO Clause: OHKO moves are banned
|rule|Evasion Items Clause: Evasion items are banned
|rule|Evasion Moves Clause: Evasion moves are banned
|rule|Evasion Abilities Clause: Evasion abilities are banned
|rule|Sleep Moves Clause: Sleep-inducing moves are banned
|clearpoke
|poke|p1|Meloetta|
|poke|p1|Araquanid, F|
|poke|p1|Gholdengo|
|poke|p1|Kingambit, F|
|poke|p1|Dragonite, M|
|poke|p1|Iron Valiant|
|poke|p2|Pelipper, M|
|poke|p2|Greninja-*, M|
|poke|p2|Barraskewda, F|
|poke|p2|Dondozo, F|
|poke|p2|Politoed, F|
|poke|p2|Gliscor, F|
|teampreview
|inactive|Battle timer is ON: inactive players will automatically lose when time's up. (requested by djuniorplays)
|
|t:|1776034729
|teamsize|p1|6
|teamsize|p2|6
|start
|switch|p1a: Araquanid|Araquanid, F, shiny|100/100
|switch|p2a: Pelipper|Pelipper, M|100/100
|-weather|RainDance|[from] ability: Drizzle|[of] p2a: Pelipper
|turn|1
|
|t:|1776034737
|move|p2a: Pelipper|Hurricane|p1a: Araquanid
|-supereffective|p1a: Araquanid
|-damage|p1a: Araquanid|16/100
|move|p1a: Araquanid|Sticky Web|p2a: Pelipper
|-sidestart|p2: djuniorplays|move: Sticky Web
|
|-weather|RainDance|[upkeep]
|upkeep
|turn|2
|
|t:|1776034750
|switch|p1a: Dragonite|Dragonite, M|100/100
|move|p2a: Pelipper|Hurricane|p1a: Dragonite
|-damage|p1a: Dragonite|75/100
|-start|p1a: Dragonite|confusion
|
|-weather|RainDance|[upkeep]
|upkeep
|turn|3
|
|t:|1776034771
|switch|p1a: Kingambit|Kingambit, F|100/100
|move|p2a: Pelipper|Ice Beam|p1a: Kingambit
|-resisted|p1a: Kingambit
|-damage|p1a: Kingambit|85/100
|
|-weather|RainDance|[upkeep]
|upkeep
|turn|4
|
|t:|1776034779
|switch|p2a: Barraskewda|Barraskewda, F|100/100
|-activate|p2a: Barraskewda|move: Sticky Web
|-unboost|p2a: Barraskewda|spe|1
|move|p1a: Kingambit|Swords Dance|p1a: Kingambit
|-boost|p1a: Kingambit|atk|2
|
|-weather|RainDance|[upkeep]
|upkeep
|turn|5
|
|t:|1776034790
|move|p1a: Kingambit|Sucker Punch|p2a: Barraskewda
|-damage|p2a: Barraskewda|0 fnt
|faint|p2a: Barraskewda
|
|-weather|RainDance|[upkeep]
|upkeep
|
|t:|1776034794
|switch|p2a: Gliscor|Gliscor, F|100/100
|turn|6
|
|t:|1776034803
|-end|p1a: Kingambit|fallenundefined|[silent]
|switch|p1a: Dragonite|Dragonite, M|75/100
|move|p2a: Gliscor|Earthquake|p1a: Dragonite
|-immune|p1a: Dragonite
|
|-weather|RainDance|[upkeep]
|-status|p2a: Gliscor|tox|[from] item: Toxic Orb
|upkeep
|turn|7
|
|t:|1776034815
|switch|p1a: Meloetta|Meloetta|100/100
|move|p2a: Gliscor|Toxic|p1a: Meloetta|[miss]
|-miss|p2a: Gliscor|p1a: Meloetta
|
|-weather|RainDance|[upkeep]
|upkeep
|turn|8
|-message|djuniorplays forfeited.
|
|win|Nhars
|raw|Nhars's rating: 1122 &rarr; <strong>1147</strong><br />(+25 for winning)
|raw|djuniorplays's rating: 1119 &rarr; <strong>1094</strong><br />(-25 for losing)
|l|☆djuniorplays
|player|p2|
|l|☆Nhars
|player|p1|
