|html|<div class="broadcast-blue"><strong>[Gen 9] OU is currently suspecting Tera Blast! For information on how to participate check out the <a href="https://www.smogon.com/tools/suspects/view/200">suspect thread</a>.</strong></div>
|j|☆40ldorf
|j|☆SeasonedToxapexual
|t:|1776107032
|gametype|singles
|player|p1|40ldorf|102|1124
|player|p2|SeasonedToxapexual|clerk-boss|1137
|gen|9
|tier|[Gen 9] OU
|rated|
|rule|HP Percentage Mod: HP is shown in percentages
|rule|Endless Battle Clause: Forcing endless battles is banned
|rule|Species Clause: Limit one of each Pokémon
|rule|OHKO Clause: OHKO moves are banned
|rule|Evasion Items Clause: Evasion items are banned
|rule|Evasion Moves Clause: Evasion moves are banned
|rule|Evasion Abilities Clause: Evasion abilities are banned
|rule|Sleep Moves Clause: Sleep-inducing moves are banned
|clearpoke
|poke|p1|Alomomola, M|
|poke|p1|Toxapex, M|
|poke|p1|Arcanine-Hisui, M|
|poke|p1|Kyurem|
|poke|p1|Meowscarada, M|
|poke|p1|Dragapult, F|
|poke|p2|Iron Valiant|
|poke|p2|Great Tusk|
|poke|p2|Dragonite, F|
|poke|p2|Deoxys-Speed|
|poke|p2|Glimmora, M|
|poke|p2|Kingambit, M|
|teampreview
|inactive|Battle timer is ON: inactive players will automatically lose when time's up. (requested by SeasonedToxapexual)
|j| Toniow17
|
|t:|1776107058
|teamsize|p1|6
|teamsize|p2|6
|start
|switch|p1a: Kyurem|Kyurem|100/100
|switch|p2a: Glimmora|Glimmora, M|100/100
|-ability|p1a: Kyurem|Pressure
|turn|1
|
|t:|1776107081
|switch|p2a: Deoxys|Deoxys-Speed|100/100
|-ability|p2a: Deoxys|Pressure
|move|p1a: Kyurem|Earth Power|p2a: Deoxys
|-damage|p2a: Deoxys|62/100
|
|upkeep
|turn|2
|
|t:|1776107095
|move|p2a: Deoxys|Light Screen|p2a: Deoxys
|-sidestart|p2: SeasonedToxapexual|move: Light Screen
|move|p1a: Kyurem|Draco Meteor|p2a: Deoxys
|-damage|p2a: Deoxys|22/100
|-unboost|p1a: Kyurem|spa|2
|
|upkeep
|turn|3
|
|t:|1776107105
|switch|p2a: Iron Valiant|Iron Valiant|100/100
|-enditem|p2a: Iron Valiant|Booster Energy
|-activate|p2a: Iron Valiant|ability: Quark Drive|[fromitem]
|-start|p2a: Iron Valiant|quarkdrivespe
|move|p1a: Kyurem|Draco Meteor|p2a: Iron Valiant
|-immune|p2a: Iron Valiant
|
|upkeep
|turn|4
|
|t:|1776107115
|switch|p1a: Toxapex|Toxapex, M|100/100
|move|p2a: Iron Valiant|Knock Off|p1a: Toxapex
|-damage|p1a: Toxapex|83/100
|-enditem|p1a: Toxapex|Black Sludge|[from] move: Knock Off|[of] p2a: Iron Valiant
|
|upkeep
|turn|5
|
|t:|1776107122
|-end|p2a: Iron Valiant|Quark Drive|[silent]
|switch|p2a: Glimmora|Glimmora, M|100/100
|move|p1a: Toxapex|Baneful Bunker||[still]
|-fail|p1a: Toxapex
|
|upkeep
|turn|6
|
|t:|1776107129
|switch|p1a: Kyurem|Kyurem|100/100
|-ability|p1a: Kyurem|Pressure
|move|p2a: Glimmora|Stealth Rock|p1a: Kyurem
|-sidestart|p1: 40ldorf|move: Stealth Rock
|
|upkeep
|turn|7
|
|t:|1776107136
|move|p1a: Kyurem|Freeze-Dry|p2a: Glimmora
|-damage|p2a: Glimmora|77/100
|move|p2a: Glimmora|Meteor Beam||[still]
|-prepare|p2a: Glimmora|Meteor Beam
|-boost|p2a: Glimmora|spa|1
|-enditem|p2a: Glimmora|Power Herb
|-anim|p2a: Glimmora|Meteor Beam|p1a: Kyurem
|-supereffective|p1a: Kyurem
|-damage|p1a: Kyurem|0 fnt
|faint|p1a: Kyurem
|
|upkeep
|-message|40ldorf forfeited.
|
|win|SeasonedToxapexual
|raw|40ldorf's rating: 1124 &rarr; <strong>1100</strong><br />(-24 for losing)
|raw|SeasonedToxapexual's rating: 1137 &rarr; <strong>1161</strong><br />(+24 for winning)
|l|☆40ldorf
|player|p1|
