|html|<div class="broadcast-blue"><strong>[Gen 9] OU is currently suspecting Tera Blast! For information on how to participate check out the <a href="https://www.smogon.com/tools/suspects/view/200">suspect thread</a>.</strong></div>
|j|☆MoQingYanYu
|j|☆DcBaker
|t:|1776137956
|gametype|singles
|player|p1|MoQingYanYu|170|1279
|player|p2|DcBaker|pokemonrangerf|1308
|gen|9
|tier|[Gen 9] OU
|rated|
|rule|HP Percentage Mod: HP is shown in percentages
|rule|Endless Battle Clause: Forcing endless battles is banned
|rule|Species Clause: Limit one of each Pokémon
|rule|OHKO Clause: OHKO moves are banned
|rule|Evasion Items Clause: Evasion items are banned
|rule|Evasion Moves Clause: Evasion moves are banned
|rule|Evasion Abilities Clause: Evasion abilities are banned
|rule|Sleep Moves Clause: Sleep-inducing moves are banned
|clearpoke
|poke|p1|Dragapult, M|
|poke|p1|Ninetales, F|
|poke|p1|Ogerpon-Wellspring, F|
|poke|p1|Corviknight, F|
|poke|p1|Raging Bolt|
|poke|p1|Walking Wake|
|poke|p2|Deoxys-Speed|
|poke|p2|Ceruledge, M|
|poke|p2|Zamazenta-*|
|poke|p2|Ogerpon-Wellspring, F|
|poke|p2|Glimmora, M|
|poke|p2|Moltres-Galar|
|teampreview
|j| ohko_smeargle
|inactive|Battle timer is ON: inactive players will automatically lose when time's up. (requested by DcBaker)
|
|t:|1776137975
|teamsize|p1|6
|teamsize|p2|6
|start
|switch|p1a: Walking Wake|Walking Wake|100/100
|switch|p2a: gimmie|Glimmora, M|100/100
|turn|1
|
|t:|1776137986
|switch|p2a: 1/151|Ogerpon-Wellspring, F|100/100
|move|p1a: Walking Wake|Flip Turn|p2a: 1/151
|-immune|p2a: 1/151|[from] ability: Water Absorb
|
|upkeep
|turn|2
|
|t:|1776137994
|-end|p1a: Walking Wake|Protosynthesis|[silent]
|switch|p1a: Ogerpon|Ogerpon-Wellspring, F|100/100
|move|p2a: 1/151|Play Rough|p1a: Ogerpon
|-damage|p1a: Ogerpon|47/100
|
|upkeep
|turn|3
|
|t:|1776138003
|move|p1a: Ogerpon|Horn Leech|p2a: 1/151
|-damage|p2a: 1/151|44/100
|-heal|p1a: Ogerpon|76/100|[from] drain|[of] p2a: 1/151
|move|p2a: 1/151|Horn Leech|p1a: Ogerpon
|-damage|p1a: Ogerpon|17/100
|-heal|p2a: 1/151|74/100|[from] drain|[of] p1a: Ogerpon
|
|upkeep
|turn|4
|
|t:|1776138011
|move|p1a: Ogerpon|U-turn|p2a: 1/151
|-supereffective|p2a: 1/151
|-damage|p2a: 1/151|7/100
|
|t:|1776138014
|switch|p1a: Corviknight|Corviknight, F|100/100|[from] U-turn
|-ability|p1a: Corviknight|Pressure
|move|p2a: 1/151|Horn Leech|p1a: Corviknight
|-resisted|p1a: Corviknight
|-damage|p1a: Corviknight|94/100
|-heal|p2a: 1/151|11/100|[from] drain|[of] p1a: Corviknight
|-damage|p2a: 1/151|0 fnt|[from] item: Rocky Helmet|[of] p1a: Corviknight
|faint|p2a: 1/151
|
|upkeep
|
|t:|1776138019
|switch|p2a: gimmie|Glimmora, M|100/100
|turn|5
|
|t:|1776138031
|move|p2a: gimmie|Meteor Beam||[still]
|-prepare|p2a: gimmie|Meteor Beam
|-boost|p2a: gimmie|spa|1
|-enditem|p2a: gimmie|Power Herb
|-anim|p2a: gimmie|Meteor Beam|p1a: Corviknight|[miss]
|-miss|p2a: gimmie|p1a: Corviknight
|move|p1a: Corviknight|Body Press|p2a: gimmie
|-damage|p2a: gimmie|69/100
|-activate|p2a: gimmie|ability: Toxic Debris
|-sidestart|p1: MoQingYanYu|move: Toxic Spikes
|
|upkeep
|turn|6
|
|t:|1776138043
|move|p2a: gimmie|Meteor Beam||[still]
|-prepare|p2a: gimmie|Meteor Beam
|-boost|p2a: gimmie|spa|1
|move|p1a: Corviknight|Defog|p2a: gimmie
|-unboost|p2a: gimmie|evasion|1
|-sideend|p1: MoQingYanYu|Toxic Spikes|[from] move: Defog|[of] p1a: Corviknight
|
|upkeep
|turn|7
|
|t:|1776138050
|move|p2a: gimmie|Meteor Beam|p1a: Corviknight|[from] lockedmove
|-damage|p1a: Corviknight|0 fnt
|faint|p1a: Corviknight
|
|upkeep
|
|t:|1776138057
|switch|p1a: Walking Wake|Walking Wake|100/100
|turn|8
|
|t:|1776138061
|move|p1a: Walking Wake|Hydro Steam|p2a: gimmie
|-supereffective|p2a: gimmie
|-damage|p2a: gimmie|0 fnt
|faint|p2a: gimmie
|
|upkeep
|
|t:|1776138072
|switch|p2a: mo|Moltres-Galar|100/100
|turn|9
|
|t:|1776138077
|-end|p1a: Walking Wake|Protosynthesis|[silent]
|switch|p1a: Ninetales|Ninetales, F|100/100
|-weather|SunnyDay|[from] ability: Drought|[of] p1a: Ninetales
|move|p2a: mo|Agility|p2a: mo
|-boost|p2a: mo|spe|2
|
|-weather|SunnyDay|[upkeep]
|upkeep
|turn|10
|
|t:|1776138083
|move|p2a: mo|Nasty Plot|p2a: mo
|-boost|p2a: mo|spa|2
|move|p1a: Ninetales|Encore|p2a: mo
|-start|p2a: mo|Encore
|
|-weather|SunnyDay|[upkeep]
|upkeep
|turn|11
|
|t:|1776138088
|move|p2a: mo|Nasty Plot|p2a: mo
|-boost|p2a: mo|spa|2
|move|p1a: Ninetales|Weather Ball|p2a: mo
|-crit|p2a: mo
|-damage|p2a: mo|25/100
|-ability|p2a: mo|Berserk|boost
|-boost|p2a: mo|spa|1
|-enditem|p2a: mo|Sitrus Berry|[eat]
|-heal|p2a: mo|50/100|[from] item: Sitrus Berry
|
|-weather|SunnyDay|[upkeep]
|upkeep
|turn|12
|
|t:|1776138101
|switch|p2a: ZAHM|Zamazenta|100/100
|-ability|p2a: ZAHM|Dauntless Shield|boost
|-boost|p2a: ZAHM|def|1
|move|p1a: Ninetales|Weather Ball|p2a: ZAHM
|-crit|p2a: ZAHM
|-damage|p2a: ZAHM|17/100
|
|-weather|SunnyDay|[upkeep]
|-heal|p2a: ZAHM|23/100|[from] item: Leftovers
|upkeep
|turn|13
|
|t:|1776138108
|move|p2a: ZAHM|Body Press|p1a: Ninetales
|-damage|p1a: Ninetales|10/100
|move|p1a: Ninetales|Weather Ball|p2a: ZAHM
|-damage|p2a: ZAHM|0 fnt
|faint|p2a: ZAHM
|
|-weather|SunnyDay|[upkeep]
|upkeep
|
|t:|1776138113
|switch|p2a: mo|Moltres-Galar|50/100
|turn|14
|
|t:|1776138116
|move|p1a: Ninetales|Weather Ball|p2a: mo
|-damage|p2a: mo|1/100
|move|p2a: mo|Tera Blast|p1a: Ninetales
|-damage|p1a: Ninetales|0 fnt
|faint|p1a: Ninetales
|
|-weather|SunnyDay|[upkeep]
|upkeep
|
|t:|1776138123
|switch|p1a: Walking Wake|Walking Wake|100/100
|-activate|p1a: Walking Wake|ability: Protosynthesis
|-start|p1a: Walking Wake|protosynthesisspa
|turn|15
|
|t:|1776138129
|move|p1a: Walking Wake|Hydro Steam|p2a: mo
|-damage|p2a: mo|0 fnt
|faint|p2a: mo
|
|-weather|SunnyDay|[upkeep]
|upkeep
|
|t:|1776138133
|switch|p2a: DEO|Deoxys-Speed|100/100
|-ability|p2a: DEO|Pressure
|turn|16
|
|t:|1776138140
|move|p1a: Walking Wake|Hydro Steam|p2a: DEO
|-damage|p2a: DEO|11/100
|move|p2a: DEO|Light Screen|p2a: DEO
|-sidestart|p2: DcBaker|move: Light Screen
|
|-weather|none
|-end|p1a: Walking Wake|Protosynthesis
|upkeep
|turn|17
|
|t:|1776138145
|move|p1a: Walking Wake|Hydro Steam|p2a: DEO
|-damage|p2a: DEO|0 fnt
|faint|p2a: DEO
|
|upkeep
|
|t:|1776138148
|switch|p2a: Sara|Ceruledge, M|100/100
|turn|18
|
|t:|1776138152
|-terastallize|p2a: Sara|Ghost
|move|p1a: Walking Wake|Hydro Steam|p2a: Sara
|-damage|p2a: Sara|78/100
|move|p2a: Sara|Poltergeist|p1a: Walking Wake|[miss]
|-miss|p2a: Sara|p1a: Walking Wake
|
|upkeep
|turn|19
|
|t:|1776138162
|-end|p1a: Walking Wake|Protosynthesis|[silent]
|switch|p1a: Raging Bolt|Raging Bolt|100/100
|-item|p1a: Raging Bolt|Air Balloon
|move|p2a: Sara|Poltergeist|p1a: Raging Bolt
|-activate|p1a: Raging Bolt|move: Poltergeist|Air Balloon
|-damage|p1a: Raging Bolt|8/100
|-enditem|p1a: Raging Bolt|Air Balloon
|-damage|p2a: Sara|68/100|[from] item: Life Orb
|
|upkeep
|turn|20
|
|t:|1776138173
|move|p1a: Raging Bolt|Thunderclap|p2a: Sara
|-damage|p2a: Sara|46/100
|move|p2a: Sara|Bitter Blade|p1a: Raging Bolt
|-resisted|p1a: Raging Bolt
|-damage|p1a: Raging Bolt|0 fnt
|-heal|p2a: Sara|51/100|[from] drain|[of] p1a: Raging Bolt
|faint|p1a: Raging Bolt
|-end|p1a: Raging Bolt|Protosynthesis|[silent]
|-damage|p2a: Sara|42/100|[from] item: Life Orb
|
|upkeep
|
|t:|1776138182
|switch|p1a: Ogerpon|Ogerpon-Wellspring, F|17/100
|turn|21
|
|t:|1776138189
|move|p2a: Sara|Shadow Sneak|p1a: Ogerpon
|-damage|p1a: Ogerpon|0 fnt
|faint|p1a: Ogerpon
|-damage|p2a: Sara|32/100|[from] item: Life Orb
|
|upkeep
|
|t:|1776138197
|switch|p1a: Dragapult|Dragapult, M|100/100
|turn|22
|
|t:|1776138201
|-terastallize|p1a: Dragapult|Dragon
|move|p2a: Sara|Shadow Sneak|p1a: Dragapult
|-damage|p1a: Dragapult|50/100
|-damage|p2a: Sara|22/100|[from] item: Life Orb
|move|p1a: Dragapult|Dragon Darts|p2a: Sara
|-damage|p2a: Sara|0 fnt
|faint|p2a: Sara
|
|win|MoQingYanYu
|raw|MoQingYanYu's rating: 1279 &rarr; <strong>1306</strong><br />(+27 for winning)
|raw|DcBaker's rating: 1308 &rarr; <strong>1286</strong><br />(-22 for losing)
