|html|<div class="broadcast-blue"><strong>[Gen 9] OU is currently suspecting Tera Blast! For information on how to participate check out the <a href="https://www.smogon.com/tools/suspects/view/200">suspect thread</a>.</strong></div>
|j|☆walkem21
|j|☆Gym Leader Hugs
|t:|1776187153
|gametype|singles
|player|p1|walkem21|roughneck|1294
|player|p2|Gym Leader Hugs|266|1314
|gen|9
|tier|[Gen 9] OU
|rated|
|rule|HP Percentage Mod: HP is shown in percentages
|rule|Endless Battle Clause: Forcing endless battles is banned
|rule|Species Clause: Limit one of each Pokémon
|rule|OHKO Clause: OHKO moves are banned
|rule|Evasion Items Clause: Evasion items are banned
|rule|Evasion Moves Clause: Evasion moves are banned
|rule|Evasion Abilities Clause: Evasion abilities are banned
|rule|Sleep Moves Clause: Sleep-inducing moves are banned
|clearpoke
|poke|p1|Bronzong|
|poke|p1|Corviknight, F|
|poke|p1|Rhyperior, M|
|poke|p1|Gholdengo|
|poke|p1|Tyranitar, F|
|poke|p1|Garchomp, M|
|poke|p2|Torkoal, F|
|poke|p2|Walking Wake|
|poke|p2|Slither Wing|
|poke|p2|Hatterene, F|
|poke|p2|Iron Moth|
|poke|p2|Landorus-Therian, M|
|teampreview
|inactive|Battle timer is ON: inactive players will automatically lose when time's up. (requested by Gym Leader Hugs)
|inactive|walkem21 also wants the timer to be on.
|j| dlc gaming lol
|c|☆Gym Leader Hugs|your team is awesome
|l| dlc gaming lol
|
|t:|1776187179
|teamsize|p1|6
|teamsize|p2|6
|start
|switch|p1a: ROOKK|Rhyperior, M|100/100
|switch|p2a: Torkoal|Torkoal, F|100/100
|-weather|SunnyDay|[from] ability: Drought|[of] p2a: Torkoal
|turn|1
|c|☆Gym Leader Hugs|gl hf
|
|t:|1776187195
|switch|p2a: Landorus|Landorus-Therian, M|100/100
|-ability|p2a: Landorus|Intimidate|boost
|-unboost|p1a: ROOKK|atk|1
|move|p1a: ROOKK|Earthquake|p2a: Landorus
|-immune|p2a: Landorus
|
|-weather|SunnyDay|[upkeep]
|upkeep
|turn|2
|
|t:|1776187210
|move|p2a: Landorus|Earthquake|p1a: ROOKK
|-supereffective|p1a: ROOKK
|-crit|p1a: ROOKK
|-damage|p1a: ROOKK|17/100
|move|p1a: ROOKK|Avalanche|p2a: Landorus
|-supereffective|p2a: Landorus
|-damage|p2a: Landorus|0 fnt
|-damage|p1a: ROOKK|0 fnt|[from] item: Rocky Helmet|[of] p2a: Landorus
|faint|p2a: Landorus
|faint|p1a: ROOKK
|
|-weather|SunnyDay|[upkeep]
|upkeep
|
|t:|1776187223
|switch|p2a: Iron Moth|Iron Moth|100/100
|switch|p1a: QUENN|Tyranitar, F|100/100
|-weather|Sandstorm|[from] ability: Sand Stream|[of] p1a: QUENN
|turn|3
|
|t:|1776187231
|-end|p2a: Iron Moth|Quark Drive|[silent]
|switch|p2a: Torkoal|Torkoal, F|100/100
|-weather|SunnyDay|[from] ability: Drought|[of] p2a: Torkoal
|move|p1a: QUENN|Knock Off|p2a: Torkoal
|-damage|p2a: Torkoal|43/100
|-enditem|p2a: Torkoal|Heat Rock|[from] move: Knock Off|[of] p1a: QUENN
|-damage|p1a: QUENN|91/100|[from] item: Life Orb
|
|-weather|SunnyDay|[upkeep]
|upkeep
|turn|4
|
|t:|1776187242
|switch|p2a: Walking Wake|Walking Wake|100/100
|-activate|p2a: Walking Wake|ability: Protosynthesis
|-start|p2a: Walking Wake|protosynthesisspa
|move|p1a: QUENN|Earthquake|p2a: Walking Wake
|-damage|p2a: Walking Wake|46/100
|-damage|p1a: QUENN|81/100|[from] item: Life Orb
|
|-weather|SunnyDay|[upkeep]
|upkeep
|turn|5
|
|t:|1776187253
|switch|p1a: BSHOPP|Bronzong, shiny|100/100
|-terastallize|p2a: Walking Wake|Water
|move|p2a: Walking Wake|Hydro Steam|p1a: BSHOPP
|-damage|p1a: BSHOPP|0 fnt
|faint|p1a: BSHOPP
|
|-weather|SunnyDay|[upkeep]
|upkeep
|
|t:|1776187276
|switch|p1a: KNGHTT|Gholdengo|100/100
|turn|6
|
|t:|1776187292
|-end|p2a: Walking Wake|Protosynthesis|[silent]
|switch|p2a: Slither Wing|Slither Wing, shiny|100/100
|-activate|p2a: Slither Wing|ability: Protosynthesis
|-start|p2a: Slither Wing|protosynthesisatk
|move|p1a: KNGHTT|Shadow Ball|p2a: Slither Wing
|-damage|p2a: Slither Wing|52/100
|
|-weather|SunnyDay|[upkeep]
|upkeep
|turn|7
|c|☆walkem21|same dude
|inactive|walkem21 has 120 seconds left.
|c|☆walkem21|we weather team gotta lock-in together
|c|☆Gym Leader Hugs|Indeed
|
|t:|1776187328
|-terastallize|p1a: KNGHTT|Fairy
|move|p1a: KNGHTT|Shadow Ball|p2a: Slither Wing
|-damage|p2a: Slither Wing|6/100
|move|p2a: Slither Wing|Flare Blitz|p1a: KNGHTT
|-damage|p1a: KNGHTT|12/100
|-status|p1a: KNGHTT|brn
|-damage|p2a: Slither Wing|0 fnt|[from] Recoil
|faint|p2a: Slither Wing
|-end|p2a: Slither Wing|Protosynthesis|[silent]
|
|-weather|SunnyDay|[upkeep]
|-damage|p1a: KNGHTT|6/100 brn|[from] brn
|upkeep
|c|☆Gym Leader Hugs|huge burn
|
|t:|1776187348
|switch|p2a: Iron Moth|Iron Moth|100/100
|turn|8
|c|☆walkem21|rough luck
|
|t:|1776187355
|move|p1a: KNGHTT|Shadow Ball|p2a: Iron Moth
|-damage|p2a: Iron Moth|55/100
|move|p2a: Iron Moth|Dazzling Gleam|p1a: KNGHTT
|-crit|p1a: KNGHTT
|-damage|p1a: KNGHTT|0 fnt
|faint|p1a: KNGHTT
|
|-weather|SunnyDay|[upkeep]
|upkeep
|
|t:|1776187368
|switch|p1a: DUKEE|Garchomp, M|100/100
|turn|9
|
|t:|1776187375
|move|p1a: DUKEE|Earthquake|p2a: Iron Moth
|-supereffective|p2a: Iron Moth
|-damage|p2a: Iron Moth|0 fnt
|faint|p2a: Iron Moth
|-end|p2a: Iron Moth|Quark Drive|[silent]
|
|-weather|SunnyDay|[upkeep]
|upkeep
|c|☆Gym Leader Hugs|scarf on chomp too
|c|☆Gym Leader Hugs|dang
|inactive|Gym Leader Hugs has 120 seconds left.
|c|☆walkem21|gotta make do ig
|
|t:|1776187410
|switch|p2a: Hatterene|Hatterene, F|100/100
|turn|10
|inactive|walkem21 has 120 seconds left.
|c|☆walkem21|can’t play like double games uk
|
|t:|1776187432
|switch|p1a: HORSEE|Corviknight, F|100/100
|move|p2a: Hatterene|Draining Kiss|p1a: HORSEE
|-resisted|p1a: HORSEE
|-damage|p1a: HORSEE|90/100
|
|-weather|none
|-heal|p1a: HORSEE|96/100|[from] item: Leftovers
|upkeep
|turn|11
|inactive|walkem21 has 120 seconds left.
|
|t:|1776187442
|move|p1a: HORSEE|Brave Bird|p2a: Hatterene
|-damage|p2a: Hatterene|71/100
|-damage|p1a: HORSEE|88/100|[from] Recoil
|-enditem|p2a: Hatterene|Eject Button
|
|t:|1776187447
|switch|p2a: Torkoal|Torkoal, F|43/100
|-weather|SunnyDay|[from] ability: Drought|[of] p2a: Torkoal
|
|-weather|SunnyDay|[upkeep]
|-heal|p1a: HORSEE|95/100|[from] item: Leftovers
|upkeep
|turn|12
|
|t:|1776187455
|switch|p1a: QUENN|Tyranitar, F|81/100
|-weather|Sandstorm|[from] ability: Sand Stream|[of] p1a: QUENN
|move|p2a: Torkoal|Will-O-Wisp|p1a: QUENN
|-status|p1a: QUENN|brn
|
|-weather|Sandstorm|[upkeep]
|-damage|p2a: Torkoal|37/100|[from] Sandstorm
|-damage|p1a: QUENN|74/100 brn|[from] brn
|upkeep
|turn|13
|c|☆walkem21|sheez
|
|t:|1776187467
|switch|p2a: Hatterene|Hatterene, F|71/100
|move|p1a: QUENN|Earthquake|p2a: Hatterene
|-damage|p2a: Hatterene|49/100
|-damage|p1a: QUENN|65/100 brn|[from] item: Life Orb
|
|-weather|Sandstorm|[upkeep]
|-damage|p2a: Hatterene|43/100|[from] Sandstorm
|-damage|p1a: QUENN|58/100 brn|[from] brn
|upkeep
|turn|14
|
|t:|1776187478
|move|p1a: QUENN|Knock Off|p2a: Hatterene
|-damage|p2a: Hatterene|24/100
|-damage|p1a: QUENN|48/100 brn|[from] item: Life Orb
|move|p2a: Hatterene|Draining Kiss|p1a: QUENN
|-supereffective|p1a: QUENN
|-damage|p1a: QUENN|19/100 brn
|-heal|p2a: Hatterene|50/100|[from] drain|[of] p1a: QUENN
|
|-weather|Sandstorm|[upkeep]
|-damage|p2a: Hatterene|44/100|[from] Sandstorm
|-damage|p1a: QUENN|13/100 brn|[from] brn
|upkeep
|turn|15
|
|t:|1776187491
|switch|p1a: HORSEE|Corviknight, F|95/100
|move|p2a: Hatterene|Draining Kiss|p1a: HORSEE
|-resisted|p1a: HORSEE
|-damage|p1a: HORSEE|84/100
|-heal|p2a: Hatterene|54/100|[from] drain|[of] p1a: HORSEE
|
|-weather|Sandstorm|[upkeep]
|-damage|p2a: Hatterene|48/100|[from] Sandstorm
|-heal|p1a: HORSEE|90/100|[from] item: Leftovers
|upkeep
|turn|16
|
|t:|1776187502
|move|p1a: HORSEE|Iron Defense|p1a: HORSEE
|-boost|p1a: HORSEE|def|2
|move|p2a: Hatterene|Pain Split|p1a: HORSEE
|-sethp|p1a: HORSEE|64/100|[from] move: Pain Split|[silent]
|-sethp|p2a: Hatterene|81/100|[from] move: Pain Split
|
|-weather|none
|-heal|p1a: HORSEE|70/100|[from] item: Leftovers
|upkeep
|turn|17
|
|t:|1776187511
|move|p1a: HORSEE|Iron Defense|p1a: HORSEE
|-boost|p1a: HORSEE|def|2
|move|p2a: Hatterene|Nuzzle|p1a: HORSEE
|-supereffective|p1a: HORSEE
|-damage|p1a: HORSEE|68/100
|-status|p1a: HORSEE|par
|
|-heal|p1a: HORSEE|74/100 par|[from] item: Leftovers
|upkeep
|turn|18
|
|t:|1776187520
|move|p2a: Hatterene|Psychic Noise|p1a: HORSEE
|-resisted|p1a: HORSEE
|-damage|p1a: HORSEE|57/100 par
|-start|p1a: HORSEE|move: Heal Block
|move|p1a: HORSEE|Iron Defense|p1a: HORSEE
|-boost|p1a: HORSEE|def|2
|
|upkeep
|turn|19
|
|t:|1776187531
|move|p2a: Hatterene|Psychic Noise|p1a: HORSEE
|-resisted|p1a: HORSEE
|-damage|p1a: HORSEE|41/100 par
|move|p1a: HORSEE|Body Press|p2a: Hatterene
|-resisted|p2a: Hatterene
|-damage|p2a: Hatterene|58/100
|
|-end|p1a: HORSEE|move: Heal Block
|upkeep
|turn|20
|
|t:|1776187541
|move|p2a: Hatterene|Psychic Noise|p1a: HORSEE
|-resisted|p1a: HORSEE
|-damage|p1a: HORSEE|23/100 par
|-start|p1a: HORSEE|move: Heal Block
|move|p1a: HORSEE|Body Press|p2a: Hatterene
|-resisted|p2a: Hatterene
|-damage|p2a: Hatterene|37/100
|
|upkeep
|turn|21
|
|t:|1776187550
|move|p2a: Hatterene|Psychic Noise|p1a: HORSEE
|-resisted|p1a: HORSEE
|-damage|p1a: HORSEE|7/100 par
|move|p1a: HORSEE|Body Press|p2a: Hatterene
|-resisted|p2a: Hatterene
|-crit|p2a: Hatterene
|-damage|p2a: Hatterene|6/100
|
|-end|p1a: HORSEE|move: Heal Block
|upkeep
|turn|22
|c|☆Gym Leader Hugs|seriously no para
|c|☆Gym Leader Hugs|alright
|
|t:|1776187562
|move|p2a: Hatterene|Psychic Noise|p1a: HORSEE
|-resisted|p1a: HORSEE
|-damage|p1a: HORSEE|0 fnt
|faint|p1a: HORSEE
|
|upkeep
|
|t:|1776187578
|switch|p1a: QUENN|Tyranitar, F|13/100 brn
|-weather|Sandstorm|[from] ability: Sand Stream|[of] p1a: QUENN
|turn|23
|
|t:|1776187592
|switch|p2a: Torkoal|Torkoal, F|37/100
|-weather|SunnyDay|[from] ability: Drought|[of] p2a: Torkoal
|move|p1a: QUENN|Knock Off|p2a: Torkoal
|-damage|p2a: Torkoal|19/100
|-damage|p1a: QUENN|3/100 brn|[from] item: Life Orb
|
|-weather|SunnyDay|[upkeep]
|-damage|p1a: QUENN|0 fnt|[from] brn
|faint|p1a: QUENN
|upkeep
|
|t:|1776187605
|switch|p1a: DUKEE|Garchomp, M|100/100
|turn|24
|
|t:|1776187614
|move|p1a: DUKEE|Earthquake|p2a: Torkoal
|-supereffective|p2a: Torkoal
|-damage|p2a: Torkoal|0 fnt
|faint|p2a: Torkoal
|
|-weather|SunnyDay|[upkeep]
|upkeep
|c|☆walkem21|gg
|c|☆Gym Leader Hugs|gg
|
|t:|1776187627
|switch|p2a: Hatterene|Hatterene, F|6/100
|turn|25
|
|t:|1776187630
|move|p1a: DUKEE|Earthquake|p2a: Hatterene
|-crit|p2a: Hatterene
|-damage|p2a: Hatterene|0 fnt
|faint|p2a: Hatterene
|
|-weather|SunnyDay|[upkeep]
|upkeep
|
|t:|1776187635
|switch|p2a: Walking Wake|Walking Wake, tera:Water|46/100
|-activate|p2a: Walking Wake|ability: Protosynthesis
|-start|p2a: Walking Wake|protosynthesisspa
|turn|26
|c|☆Gym Leader Hugs|i think technically this is a roll
|c|☆Gym Leader Hugs|we shall see
|c|☆walkem21|lol same
|
|t:|1776187654
|move|p1a: DUKEE|Earthquake|p2a: Walking Wake
|-damage|p2a: Walking Wake|0 fnt
|faint|p2a: Walking Wake
|-end|p2a: Walking Wake|Protosynthesis|[silent]
|
|win|walkem21
|raw|walkem21's rating: 1294 &rarr; <strong>1320</strong><br />(+26 for winning)
|raw|Gym Leader Hugs's rating: 1314 &rarr; <strong>1293</strong><br />(-21 for losing)
