|html|<div class="broadcast-blue"><strong>[Gen 9] OU is currently suspecting Tera Blast! For information on how to participate check out the <a href="https://www.smogon.com/tools/suspects/view/200">suspect thread</a>.</strong></div>
|j|☆tora41414
|j|☆BradsterBX
|t:|1776102731
|gametype|singles
|player|p1|tora41414|psychic|1087
|player|p2|BradsterBX|hoopster|1090
|gen|9
|tier|[Gen 9] OU
|rated|
|rule|HP Percentage Mod: HP is shown in percentages
|rule|Endless Battle Clause: Forcing endless battles is banned
|rule|Species Clause: Limit one of each Pokémon
|rule|OHKO Clause: OHKO moves are banned
|rule|Evasion Items Clause: Evasion items are banned
|rule|Evasion Moves Clause: Evasion moves are banned
|rule|Evasion Abilities Clause: Evasion abilities are banned
|rule|Sleep Moves Clause: Sleep-inducing moves are banned
|clearpoke
|poke|p1|Bronzong|
|poke|p1|Hatterene, F|
|poke|p1|Gallade, M|
|poke|p1|Ceruledge, F|
|poke|p1|Meowstic, M|
|poke|p1|Indeedee, M|
|poke|p2|Glimmora, M|
|poke|p2|Ting-Lu|
|poke|p2|Primarina, M|
|poke|p2|Gholdengo|
|poke|p2|Infernape, M|
|poke|p2|Leafeon, M|
|teampreview
|inactive|Battle timer is ON: inactive players will automatically lose when time's up. (requested by BradsterBX)
|
|t:|1776102750
|teamsize|p1|6
|teamsize|p2|6
|start
|switch|p1a: Indeedee|Indeedee, M|100/100
|switch|p2a: Glimmora|Glimmora, M|100/100
|-fieldstart|move: Psychic Terrain|[from] ability: Psychic Surge|[of] p1a: Indeedee
|turn|1
|
|t:|1776102758
|move|p1a: Indeedee|Expanding Force|p2a: Glimmora
|-supereffective|p2a: Glimmora
|-enditem|p2a: Glimmora|Focus Sash
|-damage|p2a: Glimmora|1/100
|move|p2a: Glimmora|Stealth Rock|p1a: Indeedee
|-sidestart|p1: tora41414|move: Stealth Rock
|
|upkeep
|turn|2
|
|t:|1776102770
|move|p1a: Indeedee|Energy Ball|p2a: Glimmora
|-damage|p2a: Glimmora|0 fnt
|faint|p2a: Glimmora
|
|upkeep
|
|t:|1776102779
|switch|p2a: Ting-Lu|Ting-Lu|100/100
|-ability|p2a: Ting-Lu|Vessel of Ruin
|turn|3
|
|t:|1776102788
|switch|p1a: Ceruledge|Ceruledge, F|100/100
|-damage|p1a: Ceruledge|76/100|[from] Stealth Rock
|move|p2a: Ting-Lu|Throat Chop|p1a: Ceruledge
|-supereffective|p1a: Ceruledge
|-crit|p1a: Ceruledge
|-damage|p1a: Ceruledge|0 fnt
|faint|p1a: Ceruledge
|
|upkeep
|
|t:|1776102803
|switch|p1a: Gallade|Gallade, M|100/100
|-damage|p1a: Gallade|94/100|[from] Stealth Rock
|turn|4
|
|t:|1776102816
|move|p1a: Gallade|Agility|p1a: Gallade
|-boost|p1a: Gallade|spe|2
|move|p2a: Ting-Lu|Throat Chop|p1a: Gallade
|-damage|p1a: Gallade|29/100
|-start|p1a: Gallade|Throat Chop|[silent]
|
|upkeep
|turn|5
|
|t:|1776102822
|move|p1a: Gallade|Sacred Sword|p2a: Ting-Lu
|-supereffective|p2a: Ting-Lu
|-damage|p2a: Ting-Lu|21/100
|move|p2a: Ting-Lu|Throat Chop|p1a: Gallade
|-damage|p1a: Gallade|0 fnt
|faint|p1a: Gallade
|
|-heal|p2a: Ting-Lu|27/100|[from] item: Leftovers
|upkeep
|
|t:|1776102827
|switch|p1a: Hatterene|Hatterene, F|100/100
|-damage|p1a: Hatterene|88/100|[from] Stealth Rock
|turn|6
|
|t:|1776102841
|move|p2a: Ting-Lu|Throat Chop|p1a: Hatterene
|-damage|p1a: Hatterene|39/100
|-start|p1a: Hatterene|Throat Chop|[silent]
|move|p1a: Hatterene|Draining Kiss|p2a: Ting-Lu
|-supereffective|p2a: Ting-Lu
|-damage|p2a: Ting-Lu|0 fnt
|-heal|p1a: Hatterene|71/100|[from] drain|[of] p2a: Ting-Lu
|faint|p2a: Ting-Lu
|
|-heal|p1a: Hatterene|77/100|[from] item: Leftovers
|upkeep
|
|t:|1776102853
|switch|p2a: Gholdengo|Gholdengo|100/100
|turn|7
|
|t:|1776102864
|switch|p1a: Bronzong|Bronzong|100/100
|-damage|p1a: Bronzong|94/100|[from] Stealth Rock
|move|p2a: Gholdengo|Make It Rain|p1a: Bronzong
|-resisted|p1a: Bronzong
|-damage|p1a: Bronzong|72/100
|-unboost|p2a: Gholdengo|spa|1
|
|-heal|p1a: Bronzong|78/100|[from] item: Leftovers
|upkeep
|turn|8
|
|t:|1776102874
|move|p2a: Gholdengo|Shadow Ball|p1a: Bronzong
|-supereffective|p1a: Bronzong
|-damage|p1a: Bronzong|39/100
|move|p1a: Bronzong|Stealth Rock|p2a: Gholdengo
|-sidestart|p2: BradsterBX|move: Stealth Rock
|
|-heal|p1a: Bronzong|45/100|[from] item: Leftovers
|-fieldend|move: Psychic Terrain
|upkeep
|turn|9
|
|t:|1776102881
|switch|p1a: Indeedee|Indeedee, M|100/100
|-damage|p1a: Indeedee|88/100|[from] Stealth Rock
|-fieldstart|move: Psychic Terrain|[from] ability: Psychic Surge|[of] p1a: Indeedee
|move|p2a: Gholdengo|Shadow Ball|p1a: Indeedee
|-immune|p1a: Indeedee
|
|upkeep
|turn|10
|
|t:|1776102901
|switch|p2a: Leafeon|Leafeon, M|100/100
|-damage|p2a: Leafeon|88/100|[from] Stealth Rock
|move|p1a: Indeedee|Expanding Force|p2a: Leafeon
|-damage|p2a: Leafeon|0 fnt
|faint|p2a: Leafeon
|
|upkeep
|
|t:|1776102908
|switch|p2a: Gholdengo|Gholdengo|100/100
|-damage|p2a: Gholdengo|94/100|[from] Stealth Rock
|turn|11
|
|t:|1776102913
|switch|p1a: Bronzong|Bronzong|45/100
|-damage|p1a: Bronzong|39/100|[from] Stealth Rock
|move|p2a: Gholdengo|Psychic|p1a: Bronzong
|-resisted|p1a: Bronzong
|-damage|p1a: Bronzong|33/100
|
|-heal|p2a: Gholdengo|100/100|[from] item: Leftovers
|-heal|p1a: Bronzong|39/100|[from] item: Leftovers
|upkeep
|turn|12
|
|t:|1776102921
|move|p2a: Gholdengo|Shadow Ball|p1a: Bronzong
|-supereffective|p1a: Bronzong
|-damage|p1a: Bronzong|0 fnt
|faint|p1a: Bronzong
|
|upkeep
|
|t:|1776102925
|switch|p1a: Meowstic|Meowstic, M|100/100
|-damage|p1a: Meowstic|88/100|[from] Stealth Rock
|turn|13
|
|t:|1776102931
|move|p1a: Meowstic|Light Screen|p1a: Meowstic
|-sidestart|p1: tora41414|move: Light Screen
|move|p2a: Gholdengo|Shadow Ball|p1a: Meowstic
|-supereffective|p1a: Meowstic
|-damage|p1a: Meowstic|53/100
|-unboost|p1a: Meowstic|spd|1
|
|upkeep
|turn|14
|
|t:|1776102938
|move|p2a: Gholdengo|Shadow Ball|p1a: Meowstic
|-supereffective|p1a: Meowstic
|-damage|p1a: Meowstic|0 fnt
|faint|p1a: Meowstic
|
|upkeep
|
|t:|1776102941
|switch|p1a: Indeedee|Indeedee, M|88/100
|-damage|p1a: Indeedee|76/100|[from] Stealth Rock
|turn|15
|
|t:|1776102948
|move|p1a: Indeedee|Expanding Force|p2a: Gholdengo
|-resisted|p2a: Gholdengo
|-damage|p2a: Gholdengo|60/100
|move|p2a: Gholdengo|Thunderbolt|p1a: Indeedee
|-damage|p1a: Indeedee|53/100
|
|-heal|p2a: Gholdengo|67/100|[from] item: Leftovers
|upkeep
|turn|16
|
|t:|1776102954
|move|p1a: Indeedee|Expanding Force|p2a: Gholdengo
|-resisted|p2a: Gholdengo
|-damage|p2a: Gholdengo|27/100
|move|p2a: Gholdengo|Thunderbolt|p1a: Indeedee
|-damage|p1a: Indeedee|31/100
|
|-heal|p2a: Gholdengo|33/100|[from] item: Leftovers
|-fieldend|move: Psychic Terrain
|upkeep
|turn|17
|
|t:|1776102982
|switch|p1a: Hatterene|Hatterene, F|77/100
|-damage|p1a: Hatterene|65/100|[from] Stealth Rock
|-terastallize|p2a: Gholdengo|Steel
|move|p2a: Gholdengo|Thunderbolt|p1a: Hatterene
|-damage|p1a: Hatterene|49/100
|-status|p1a: Hatterene|par
|
|-heal|p2a: Gholdengo|39/100|[from] item: Leftovers
|-heal|p1a: Hatterene|55/100 par|[from] item: Leftovers
|upkeep
|turn|18
|
|t:|1776102993
|-terastallize|p1a: Hatterene|Psychic
|move|p2a: Gholdengo|Make It Rain|p1a: Hatterene
|-damage|p1a: Hatterene|10/100 par
|-unboost|p2a: Gholdengo|spa|1
|cant|p1a: Hatterene|par
|
|-heal|p2a: Gholdengo|45/100|[from] item: Leftovers
|-heal|p1a: Hatterene|16/100 par|[from] item: Leftovers
|upkeep
|turn|19
|c|☆BradsterBX|gg
|
|t:|1776103002
|move|p2a: Gholdengo|Make It Rain|p1a: Hatterene
|-damage|p1a: Hatterene|0 fnt
|-unboost|p2a: Gholdengo|spa|1
|faint|p1a: Hatterene
|
|-heal|p2a: Gholdengo|51/100|[from] item: Leftovers
|upkeep
|
|t:|1776103005
|switch|p1a: Indeedee|Indeedee, M|31/100
|-damage|p1a: Indeedee|19/100|[from] Stealth Rock
|-fieldstart|move: Psychic Terrain|[from] ability: Psychic Surge|[of] p1a: Indeedee
|turn|20
|c|☆tora41414|gg!
|
|t:|1776103013
|move|p1a: Indeedee|Expanding Force|p2a: Gholdengo
|-resisted|p2a: Gholdengo
|-damage|p2a: Gholdengo|13/100
|move|p2a: Gholdengo|Thunderbolt|p1a: Indeedee
|-damage|p1a: Indeedee|8/100
|
|-heal|p2a: Gholdengo|19/100|[from] item: Leftovers
|-sideend|p1: tora41414|move: Light Screen
|upkeep
|turn|21
|
|t:|1776103021
|move|p1a: Indeedee|Expanding Force|p2a: Gholdengo
|-resisted|p2a: Gholdengo
|-damage|p2a: Gholdengo|0 fnt
|faint|p2a: Gholdengo
|
|upkeep
|
|t:|1776103025
|switch|p2a: Infernape|Infernape, M|100/100
|-damage|p2a: Infernape|88/100|[from] Stealth Rock
|turn|22
|
|t:|1776103028
|move|p2a: Infernape|Fake Out|p1a: Indeedee
|-activate|p1a: Indeedee|move: Psychic Terrain
|move|p1a: Indeedee|Expanding Force|p2a: Infernape
|-supereffective|p2a: Infernape
|-damage|p2a: Infernape|0 fnt
|faint|p2a: Infernape
|
|upkeep
|c|☆BradsterBX|nahhhhhh whaaaaaa
|
|t:|1776103037
|switch|p2a: Primarina|Primarina, M|100/100
|-damage|p2a: Primarina|88/100|[from] Stealth Rock
|turn|23
|c|☆tora41414|dont worry primarina is tanky
|
|t:|1776103043
|move|p2a: Primarina|Aqua Jet|p1a: Indeedee
|-activate|p1a: Indeedee|move: Psychic Terrain
|move|p1a: Indeedee|Expanding Force|p2a: Primarina
|-damage|p2a: Primarina|35/100
|
|upkeep
|turn|24
|c|☆BradsterBX|brah
|c|☆BradsterBX|gg you got this
|c|☆tora41414|psychic terrain...no priority moves...
|c|☆BradsterBX|i forgot
|c|☆tora41414|sorry
|c|☆tora41414|gg!
|c|☆BradsterBX|i actually sold
|
|t:|1776103066
|move|p1a: Indeedee|Expanding Force|p2a: Primarina
|-damage|p2a: Primarina|0 fnt
|faint|p2a: Primarina
|
|win|tora41414
|raw|tora41414's rating: 1087 &rarr; <strong>1114</strong><br />(+27 for winning)
|raw|BradsterBX's rating: 1090 &rarr; <strong>1066</strong><br />(-24 for losing)
|c|☆tora41414|it was a good battle!
|c|☆BradsterBX|agreed
|c|☆BradsterBX|adios!
|c|☆tora41414|byebyeee
|l|☆BradsterBX
|player|p2|
