|html|<div class="broadcast-blue"><strong>[Gen 9] OU is currently suspecting Tera Blast! For information on how to participate check out the <a href="https://www.smogon.com/tools/suspects/view/200">suspect thread</a>.</strong></div>
|j|☆whisperingcloth
|j|☆arturohdez
|t:|1776057961
|gametype|singles
|player|p1|whisperingcloth|266|1625
|player|p2|arturohdez|lucas|1572
|gen|9
|tier|[Gen 9] OU
|rated|
|rule|HP Percentage Mod: HP is shown in percentages
|rule|Endless Battle Clause: Forcing endless battles is banned
|rule|Species Clause: Limit one of each Pokémon
|rule|OHKO Clause: OHKO moves are banned
|rule|Evasion Items Clause: Evasion items are banned
|rule|Evasion Moves Clause: Evasion moves are banned
|rule|Evasion Abilities Clause: Evasion abilities are banned
|rule|Sleep Moves Clause: Sleep-inducing moves are banned
|clearpoke
|poke|p1|Kingambit, F|
|poke|p1|Hatterene, F|
|poke|p1|Kyurem|
|poke|p1|Corviknight, F|
|poke|p1|Ting-Lu|
|poke|p1|Iron Moth|
|poke|p2|Garganacl, M|
|poke|p2|Great Tusk|
|poke|p2|Dragapult, M|
|poke|p2|Zapdos|
|poke|p2|Samurott-Hisui, M|
|poke|p2|Iron Crown|
|teampreview
|inactive|Battle timer is ON: inactive players will automatically lose when time's up. (requested by whisperingcloth)
|
|t:|1776057976
|teamsize|p1|6
|teamsize|p2|6
|start
|switch|p1a: Corviknight|Corviknight, F|100/100
|switch|p2a: Samurott|Samurott-Hisui, M, shiny|100/100
|-ability|p1a: Corviknight|Pressure
|turn|1
|
|t:|1776057980
|switch|p2a: Zapdos|Zapdos, shiny|100/100
|move|p1a: Corviknight|Brave Bird|p2a: Zapdos
|-resisted|p2a: Zapdos
|-damage|p2a: Zapdos|87/100
|-damage|p1a: Corviknight|96/100|[from] Recoil
|
|upkeep
|turn|2
|
|t:|1776057988
|switch|p2a: Samurott|Samurott-Hisui, M, shiny|100/100
|switch|p1a: Kyurem|Kyurem|100/100
|-ability|p1a: Kyurem|Pressure
|
|upkeep
|turn|3
|
|t:|1776057994
|move|p1a: Kyurem|Freeze-Dry|p2a: Samurott
|-supereffective|p2a: Samurott
|-damage|p2a: Samurott|49/100
|-status|p2a: Samurott|frz
|cant|p2a: Samurott|frz
|
|upkeep
|turn|4
|
|t:|1776058000
|switch|p2a: Iron Crown|Iron Crown|100/100
|move|p1a: Kyurem|Freeze-Dry|p2a: Iron Crown
|-resisted|p2a: Iron Crown
|-damage|p2a: Iron Crown|88/100
|
|upkeep
|turn|5
|
|t:|1776058007
|-end|p2a: Iron Crown|Quark Drive|[silent]
|switch|p2a: Garganacl|Garganacl, M, shiny|100/100
|switch|p1a: Ting-Lu|Ting-Lu|100/100
|-ability|p1a: Ting-Lu|Vessel of Ruin
|
|upkeep
|turn|6
|
|t:|1776058014
|switch|p1a: Hatterene|Hatterene, F|100/100
|move|p2a: Garganacl|Salt Cure|p1a: Hatterene
|-damage|p1a: Hatterene|88/100
|-start|p1a: Hatterene|Salt Cure
|
|-heal|p1a: Hatterene|94/100|[from] item: Leftovers
|-damage|p1a: Hatterene|82/100|[from] Salt Cure
|upkeep
|turn|7
|
|t:|1776058020
|switch|p1a: Ting-Lu|Ting-Lu|100/100
|-ability|p1a: Ting-Lu|Vessel of Ruin
|switch|p2a: Zapdos|Zapdos, shiny|87/100
|
|upkeep
|turn|8
|
|t:|1776058023
|move|p2a: Zapdos|Hurricane|p1a: Ting-Lu
|-damage|p1a: Ting-Lu|81/100
|move|p1a: Ting-Lu|Ruination|p2a: Zapdos
|-damage|p2a: Zapdos|44/100
|
|-heal|p1a: Ting-Lu|87/100|[from] item: Leftovers
|upkeep
|turn|9
|
|t:|1776058028
|switch|p2a: Garganacl|Garganacl, M, shiny|100/100
|switch|p1a: Kyurem|Kyurem|100/100
|-ability|p1a: Kyurem|Pressure
|
|upkeep
|turn|10
|
|t:|1776058033
|move|p1a: Kyurem|Earth Power|p2a: Garganacl
|-supereffective|p2a: Garganacl
|-damage|p2a: Garganacl|57/100
|move|p2a: Garganacl|Salt Cure|p1a: Kyurem
|-supereffective|p1a: Kyurem
|-damage|p1a: Kyurem|78/100
|-start|p1a: Kyurem|Salt Cure
|
|-heal|p2a: Garganacl|64/100|[from] item: Leftovers
|-damage|p1a: Kyurem|65/100|[from] Salt Cure
|upkeep
|turn|11
|
|t:|1776058039
|switch|p1a: Hatterene|Hatterene, F|82/100
|move|p2a: Garganacl|Salt Cure|p1a: Hatterene
|-damage|p1a: Hatterene|71/100
|-start|p1a: Hatterene|Salt Cure
|
|-heal|p1a: Hatterene|77/100|[from] item: Leftovers
|-heal|p2a: Garganacl|70/100|[from] item: Leftovers
|-damage|p1a: Hatterene|64/100|[from] Salt Cure
|upkeep
|turn|12
|
|t:|1776058044
|move|p1a: Hatterene|Calm Mind|p1a: Hatterene
|-boost|p1a: Hatterene|spa|1
|-boost|p1a: Hatterene|spd|1
|move|p2a: Garganacl|Salt Cure|p1a: Hatterene
|-damage|p1a: Hatterene|53/100
|
|-heal|p1a: Hatterene|59/100|[from] item: Leftovers
|-heal|p2a: Garganacl|76/100|[from] item: Leftovers
|-damage|p1a: Hatterene|47/100|[from] Salt Cure
|upkeep
|turn|13
|
|t:|1776058046
|switch|p2a: Iron Crown|Iron Crown|88/100
|move|p1a: Hatterene|Draining Kiss|p2a: Iron Crown
|-resisted|p2a: Iron Crown
|-damage|p2a: Iron Crown|77/100
|-heal|p1a: Hatterene|56/100|[from] drain|[of] p2a: Iron Crown
|
|-heal|p1a: Hatterene|62/100|[from] item: Leftovers
|-damage|p1a: Hatterene|49/100|[from] Salt Cure
|upkeep
|turn|14
|
|t:|1776058052
|-end|p2a: Iron Crown|Quark Drive|[silent]
|switch|p2a: Garganacl|Garganacl, M, shiny|76/100
|-terastallize|p1a: Hatterene|Water
|move|p1a: Hatterene|Mystical Fire|p2a: Garganacl
|-resisted|p2a: Garganacl
|-damage|p2a: Garganacl|64/100
|-unboost|p2a: Garganacl|spa|1
|
|-heal|p1a: Hatterene|55/100|[from] item: Leftovers
|-heal|p2a: Garganacl|70/100|[from] item: Leftovers
|-damage|p1a: Hatterene|30/100|[from] Salt Cure
|upkeep
|turn|15
|
|t:|1776058064
|move|p2a: Garganacl|Protect|p2a: Garganacl
|-singleturn|p2a: Garganacl|Protect
|move|p1a: Hatterene|Draining Kiss|p2a: Garganacl
|-activate|p2a: Garganacl|move: Protect
|
|-heal|p1a: Hatterene|36/100|[from] item: Leftovers
|-heal|p2a: Garganacl|76/100|[from] item: Leftovers
|-damage|p1a: Hatterene|12/100|[from] Salt Cure
|upkeep
|turn|16
|
|t:|1776058073
|switch|p2a: Iron Crown|Iron Crown|77/100
|move|p1a: Hatterene|Draining Kiss|p2a: Iron Crown
|-resisted|p2a: Iron Crown
|-damage|p2a: Iron Crown|66/100
|-heal|p1a: Hatterene|20/100|[from] drain|[of] p2a: Iron Crown
|
|-heal|p1a: Hatterene|26/100|[from] item: Leftovers
|-damage|p1a: Hatterene|1/100|[from] Salt Cure
|upkeep
|turn|17
|
|t:|1776058078
|move|p2a: Iron Crown|Volt Switch|p1a: Hatterene
|-supereffective|p1a: Hatterene
|-damage|p1a: Hatterene|0 fnt
|faint|p1a: Hatterene
|
|t:|1776058087
|-end|p2a: Iron Crown|Quark Drive|[silent]
|switch|p2a: Garganacl|Garganacl, M, shiny|76/100|[from] Volt Switch
|
|-heal|p2a: Garganacl|83/100|[from] item: Leftovers
|upkeep
|
|t:|1776058089
|switch|p1a: Kyurem|Kyurem|65/100
|-ability|p1a: Kyurem|Pressure
|turn|18
|
|t:|1776058094
|move|p1a: Kyurem|Earth Power|p2a: Garganacl
|-supereffective|p2a: Garganacl
|-damage|p2a: Garganacl|32/100
|move|p2a: Garganacl|Salt Cure|p1a: Kyurem
|-supereffective|p1a: Kyurem
|-damage|p1a: Kyurem|42/100
|-start|p1a: Kyurem|Salt Cure
|
|-heal|p2a: Garganacl|38/100|[from] item: Leftovers
|-damage|p1a: Kyurem|30/100|[from] Salt Cure
|upkeep
|turn|19
|
|t:|1776058097
|switch|p1a: Kingambit|Kingambit, F|100/100
|-activate|p1a: Kingambit|ability: Supreme Overlord
|-start|p1a: Kingambit|fallen1|[silent]
|move|p2a: Garganacl|Protect||[still]
|-fail|p2a: Garganacl
|
|-heal|p2a: Garganacl|45/100|[from] item: Leftovers
|upkeep
|turn|20
|
|t:|1776058102
|move|p1a: Kingambit|Iron Head|p2a: Garganacl
|-supereffective|p2a: Garganacl
|-damage|p2a: Garganacl|0 fnt
|faint|p2a: Garganacl
|
|upkeep
|
|t:|1776058108
|switch|p2a: Great Tusk|Great Tusk|100/100
|turn|21
|
|t:|1776058113
|-end|p2a: Great Tusk|Protosynthesis|[silent]
|switch|p2a: Zapdos|Zapdos, shiny|44/100
|-end|p1a: Kingambit|fallen1|[silent]
|switch|p1a: Corviknight|Corviknight, F|96/100
|-ability|p1a: Corviknight|Pressure
|
|upkeep
|turn|22
|
|t:|1776058117
|switch|p1a: Ting-Lu|Ting-Lu|87/100
|-ability|p1a: Ting-Lu|Vessel of Ruin
|move|p2a: Zapdos|Roost|p2a: Zapdos
|-heal|p2a: Zapdos|94/100
|-singleturn|p2a: Zapdos|move: Roost
|
|-heal|p1a: Ting-Lu|94/100|[from] item: Leftovers
|upkeep
|turn|23
|
|t:|1776058123
|move|p2a: Zapdos|Hurricane|p1a: Ting-Lu
|-damage|p1a: Ting-Lu|73/100
|move|p1a: Ting-Lu|Stealth Rock|p2a: Zapdos
|-sidestart|p2: arturohdez|move: Stealth Rock
|
|-heal|p1a: Ting-Lu|79/100|[from] item: Leftovers
|upkeep
|turn|24
|
|t:|1776058127
|move|p2a: Zapdos|Hurricane|p1a: Ting-Lu
|-damage|p1a: Ting-Lu|60/100
|move|p1a: Ting-Lu|Ruination|p2a: Zapdos
|-damage|p2a: Zapdos|47/100
|
|-heal|p1a: Ting-Lu|67/100|[from] item: Leftovers
|upkeep
|turn|25
|
|t:|1776058133
|switch|p1a: Kyurem|Kyurem|30/100
|-ability|p1a: Kyurem|Pressure
|move|p2a: Zapdos|Hurricane|p1a: Kyurem
|-damage|p1a: Kyurem|3/100
|
|upkeep
|turn|26
|
|t:|1776058140
|switch|p2a: Samurott|Samurott-Hisui, M, shiny|49/100 frz
|-damage|p2a: Samurott|37/100 frz|[from] Stealth Rock
|move|p1a: Kyurem|Ice Beam|p2a: Samurott
|-resisted|p2a: Samurott
|-damage|p2a: Samurott|19/100 frz
|
|upkeep
|turn|27
|
|t:|1776058147
|move|p1a: Kyurem|Ice Beam|p2a: Samurott
|-resisted|p2a: Samurott
|-damage|p2a: Samurott|2/100 frz
|cant|p2a: Samurott|frz
|
|upkeep
|turn|28
|
|t:|1776058153
|-curestatus|p2a: Samurott|frz|[msg]
|move|p2a: Samurott|Sucker Punch|p1a: Kyurem
|-damage|p1a: Kyurem|0 fnt
|faint|p1a: Kyurem
|
|upkeep
|
|t:|1776058163
|switch|p1a: Iron Moth|Iron Moth|100/100
|-enditem|p1a: Iron Moth|Booster Energy
|-activate|p1a: Iron Moth|ability: Quark Drive|[fromitem]
|-start|p1a: Iron Moth|quarkdrivespe
|turn|29
|
|t:|1776058168
|move|p1a: Iron Moth|Fiery Dance|p2a: Samurott
|-resisted|p2a: Samurott
|-damage|p2a: Samurott|0 fnt
|-boost|p1a: Iron Moth|spa|1
|faint|p2a: Samurott
|
|upkeep
|
|t:|1776058173
|switch|p2a: Dragapult|Dragapult, M, shiny|100/100
|turn|30
|
|t:|1776058184
|move|p1a: Iron Moth|Sludge Wave|p2a: Dragapult
|-resisted|p2a: Dragapult
|-damage|p2a: Dragapult|55/100
|move|p2a: Dragapult|Draco Meteor|p1a: Iron Moth
|-damage|p1a: Iron Moth|38/100
|-unboost|p2a: Dragapult|spa|2
|
|upkeep
|turn|31
|inactive|arturohdez has 120 seconds left.
|
|t:|1776058234
|-end|p1a: Iron Moth|Quark Drive|[silent]
|switch|p1a: Ting-Lu|Ting-Lu|67/100
|-ability|p1a: Ting-Lu|Vessel of Ruin
|switch|p2a: Zapdos|Zapdos, shiny|47/100
|
|-heal|p1a: Ting-Lu|73/100|[from] item: Leftovers
|upkeep
|turn|32
|
|t:|1776058244
|move|p2a: Zapdos|Roost|p2a: Zapdos
|-heal|p2a: Zapdos|97/100
|-singleturn|p2a: Zapdos|move: Roost
|move|p1a: Ting-Lu|Earthquake|p2a: Zapdos
|-supereffective|p2a: Zapdos
|-damage|p2a: Zapdos|46/100
|
|-heal|p1a: Ting-Lu|79/100|[from] item: Leftovers
|upkeep
|turn|33
|
|t:|1776058253
|switch|p2a: Great Tusk|Great Tusk|100/100
|move|p1a: Ting-Lu|Ruination|p2a: Great Tusk
|-damage|p2a: Great Tusk|51/100
|
|-heal|p1a: Ting-Lu|85/100|[from] item: Leftovers
|upkeep
|turn|34
|
|t:|1776058262
|switch|p1a: Corviknight|Corviknight, F|96/100
|-ability|p1a: Corviknight|Pressure
|move|p2a: Great Tusk|Rapid Spin|p1a: Corviknight
|-resisted|p1a: Corviknight
|-damage|p1a: Corviknight|91/100
|-boost|p2a: Great Tusk|spe|1
|-damage|p2a: Great Tusk|34/100|[from] item: Rocky Helmet|[of] p1a: Corviknight
|-sideend|p2: arturohdez|Stealth Rock|[from] move: Rapid Spin|[of] p2a: Great Tusk
|
|upkeep
|turn|35
|inactive|arturohdez has 120 seconds left.
|
|t:|1776058269
|-end|p2a: Great Tusk|Protosynthesis|[silent]
|switch|p2a: Zapdos|Zapdos, shiny|46/100
|move|p1a: Corviknight|Brave Bird|p2a: Zapdos
|-resisted|p2a: Zapdos
|-damage|p2a: Zapdos|32/100
|-status|p1a: Corviknight|par|[from] ability: Static|[of] p2a: Zapdos
|-damage|p1a: Corviknight|86/100 par|[from] Recoil
|
|upkeep
|turn|36
|
|t:|1776058276
|switch|p1a: Ting-Lu|Ting-Lu|85/100
|-ability|p1a: Ting-Lu|Vessel of Ruin
|move|p2a: Zapdos|Roost|p2a: Zapdos
|-heal|p2a: Zapdos|82/100
|-singleturn|p2a: Zapdos|move: Roost
|
|-heal|p1a: Ting-Lu|92/100|[from] item: Leftovers
|upkeep
|turn|37
|
|t:|1776058283
|move|p2a: Zapdos|Hurricane|p1a: Ting-Lu
|-damage|p1a: Ting-Lu|74/100
|move|p1a: Ting-Lu|Stealth Rock|p2a: Zapdos
|-sidestart|p2: arturohdez|move: Stealth Rock
|
|-heal|p1a: Ting-Lu|80/100|[from] item: Leftovers
|upkeep
|turn|38
|
|t:|1776058288
|move|p2a: Zapdos|Hurricane|p1a: Ting-Lu
|-damage|p1a: Ting-Lu|60/100
|move|p1a: Ting-Lu|Ruination|p2a: Zapdos
|-damage|p2a: Zapdos|41/100
|
|-heal|p1a: Ting-Lu|66/100|[from] item: Leftovers
|upkeep
|turn|39
|
|t:|1776058293
|move|p2a: Zapdos|Hurricane|p1a: Ting-Lu
|-damage|p1a: Ting-Lu|48/100
|move|p1a: Ting-Lu|Earthquake|p2a: Zapdos
|-immune|p2a: Zapdos
|
|-heal|p1a: Ting-Lu|54/100|[from] item: Leftovers
|upkeep
|turn|40
|
|t:|1776058297
|move|p2a: Zapdos|Hurricane|p1a: Ting-Lu|[miss]
|-miss|p2a: Zapdos|p1a: Ting-Lu
|move|p1a: Ting-Lu|Ruination|p2a: Zapdos
|-damage|p2a: Zapdos|21/100
|
|-heal|p1a: Ting-Lu|60/100|[from] item: Leftovers
|upkeep
|turn|41
|
|t:|1776058306
|move|p2a: Zapdos|Hurricane|p1a: Ting-Lu|[miss]
|-miss|p2a: Zapdos|p1a: Ting-Lu
|move|p1a: Ting-Lu|Whirlwind|p2a: Zapdos
|drag|p2a: Great Tusk|Great Tusk|34/100
|
|-heal|p1a: Ting-Lu|66/100|[from] item: Leftovers
|upkeep
|turn|42
|
|t:|1776058314
|-end|p2a: Great Tusk|Protosynthesis|[silent]
|switch|p2a: Dragapult|Dragapult, M, shiny|55/100
|switch|p1a: Corviknight|Corviknight, F|86/100 par
|-ability|p1a: Corviknight|Pressure
|
|upkeep
|turn|43
|
|t:|1776058319
|move|p2a: Dragapult|Hex|p1a: Corviknight
|-crit|p1a: Corviknight
|-damage|p1a: Corviknight|9/100 par
|move|p1a: Corviknight|Brave Bird|p2a: Dragapult
|-damage|p2a: Dragapult|7/100
|-damage|p1a: Corviknight|0 fnt|[from] Recoil
|faint|p1a: Corviknight
|
|upkeep
|
|t:|1776058325
|switch|p1a: Ting-Lu|Ting-Lu|66/100
|-ability|p1a: Ting-Lu|Vessel of Ruin
|turn|44
|
|t:|1776058330
|move|p2a: Dragapult|Will-O-Wisp|p1a: Ting-Lu
|-status|p1a: Ting-Lu|brn
|move|p1a: Ting-Lu|Earthquake|p2a: Dragapult
|-damage|p2a: Dragapult|0 fnt
|faint|p2a: Dragapult
|
|-heal|p1a: Ting-Lu|72/100 brn|[from] item: Leftovers
|-damage|p1a: Ting-Lu|66/100 brn|[from] brn
|upkeep
|
|t:|1776058339
|switch|p2a: Zapdos|Zapdos, shiny|21/100
|turn|45
|
|t:|1776058344
|move|p2a: Zapdos|Roost|p2a: Zapdos
|-heal|p2a: Zapdos|71/100
|-singleturn|p2a: Zapdos|move: Roost
|move|p1a: Ting-Lu|Ruination|p2a: Zapdos
|-damage|p2a: Zapdos|36/100
|
|-heal|p1a: Ting-Lu|72/100 brn|[from] item: Leftovers
|-damage|p1a: Ting-Lu|66/100 brn|[from] brn
|upkeep
|turn|46
|
|t:|1776058354
|move|p2a: Zapdos|Roost|p2a: Zapdos
|-heal|p2a: Zapdos|86/100
|-singleturn|p2a: Zapdos|move: Roost
|move|p1a: Ting-Lu|Ruination|p2a: Zapdos
|-damage|p2a: Zapdos|43/100
|
|-heal|p1a: Ting-Lu|72/100 brn|[from] item: Leftovers
|-damage|p1a: Ting-Lu|66/100 brn|[from] brn
|upkeep
|turn|47
|inactive|whisperingcloth has 120 seconds left.
|
|t:|1776058390
|switch|p2a: Great Tusk|Great Tusk|34/100
|move|p1a: Ting-Lu|Ruination|p2a: Great Tusk
|-damage|p2a: Great Tusk|17/100
|
|-heal|p1a: Ting-Lu|72/100 brn|[from] item: Leftovers
|-damage|p1a: Ting-Lu|66/100 brn|[from] brn
|upkeep
|turn|48
|
|t:|1776058397
|move|p2a: Great Tusk|Rapid Spin|p1a: Ting-Lu
|-damage|p1a: Ting-Lu|57/100 brn
|-boost|p2a: Great Tusk|spe|1
|-sideend|p2: arturohdez|Stealth Rock|[from] move: Rapid Spin|[of] p2a: Great Tusk
|move|p1a: Ting-Lu|Earthquake|p2a: Great Tusk
|-damage|p2a: Great Tusk|5/100
|
|-heal|p1a: Ting-Lu|63/100 brn|[from] item: Leftovers
|-damage|p1a: Ting-Lu|57/100 brn|[from] brn
|upkeep
|turn|49
|
|t:|1776058403
|move|p2a: Great Tusk|Close Combat|p1a: Ting-Lu
|-supereffective|p1a: Ting-Lu
|-damage|p1a: Ting-Lu|0 fnt
|-unboost|p2a: Great Tusk|def|1
|-unboost|p2a: Great Tusk|spd|1
|faint|p1a: Ting-Lu
|
|upkeep
|
|t:|1776058405
|switch|p1a: Kingambit|Kingambit, F|100/100
|-activate|p1a: Kingambit|ability: Supreme Overlord
|-start|p1a: Kingambit|fallen4|[silent]
|turn|50
|
|t:|1776058408
|-end|p2a: Great Tusk|Protosynthesis|[silent]
|switch|p2a: Zapdos|Zapdos, shiny|43/100
|move|p1a: Kingambit|Sucker Punch||[still]
|-fail|p1a: Kingambit
|
|upkeep
|turn|51
|
|t:|1776058412
|move|p2a: Zapdos|Roost|p2a: Zapdos
|-heal|p2a: Zapdos|93/100
|-singleturn|p2a: Zapdos|move: Roost
|move|p1a: Kingambit|Swords Dance|p1a: Kingambit
|-boost|p1a: Kingambit|atk|2
|
|upkeep
|turn|52
|
|t:|1776058418
|move|p2a: Zapdos|Thunder Wave|p1a: Kingambit
|-status|p1a: Kingambit|par
|move|p1a: Kingambit|Kowtow Cleave|p2a: Zapdos
|-damage|p2a: Zapdos|0 fnt
|faint|p2a: Zapdos
|
|upkeep
|
|t:|1776058425
|switch|p2a: Great Tusk|Great Tusk|5/100
|turn|53
|
|t:|1776058429
|move|p1a: Kingambit|Sucker Punch|p2a: Great Tusk
|-resisted|p2a: Great Tusk
|-damage|p2a: Great Tusk|0 fnt
|faint|p2a: Great Tusk
|-end|p2a: Great Tusk|Protosynthesis|[silent]
|
|upkeep
|
|t:|1776058432
|switch|p2a: Iron Crown|Iron Crown|66/100
|turn|54
|
|t:|1776058434
|-terastallize|p2a: Iron Crown|Dragon
|move|p2a: Iron Crown|Focus Blast|p1a: Kingambit|[miss]
|-miss|p2a: Iron Crown|p1a: Kingambit
|cant|p1a: Kingambit|par
|
|upkeep
|turn|55
|
|t:|1776058440
|move|p1a: Kingambit|Sucker Punch|p2a: Iron Crown
|-damage|p2a: Iron Crown|0 fnt
|faint|p2a: Iron Crown
|-end|p2a: Iron Crown|Quark Drive|[silent]
|
|win|whisperingcloth
|raw|whisperingcloth's rating: 1625 &rarr; <strong>1642</strong><br />(+17 for winning)
|raw|arturohdez's rating: 1572 &rarr; <strong>1555</strong><br />(-17 for losing)
|l|☆whisperingcloth
|player|p1|
|l|☆arturohdez
|player|p2|
