|html|<div class="broadcast-blue"><strong>[Gen 9] OU is currently suspecting Tera Blast! For information on how to participate check out the <a href="https://www.smogon.com/tools/suspects/view/200">suspect thread</a>.</strong></div>
|j|☆stanislavjoe84
|j|☆Wiizard_64
|t:|1776285285
|gametype|singles
|player|p1|stanislavjoe84|veteranf|1184
|player|p2|Wiizard_64|wallace|1163
|gen|9
|tier|[Gen 9] OU
|rated|
|rule|HP Percentage Mod: HP is shown in percentages
|rule|Endless Battle Clause: Forcing endless battles is banned
|rule|Species Clause: Limit one of each Pokémon
|rule|OHKO Clause: OHKO moves are banned
|rule|Evasion Items Clause: Evasion items are banned
|rule|Evasion Moves Clause: Evasion moves are banned
|rule|Evasion Abilities Clause: Evasion abilities are banned
|rule|Sleep Moves Clause: Sleep-inducing moves are banned
|clearpoke
|poke|p1|Meowscarada, M|
|poke|p1|Great Tusk|
|poke|p1|Tyranitar, F|
|poke|p1|Zapdos|
|poke|p1|Iron Moth|
|poke|p1|Iron Valiant|
|poke|p2|Scizor, F|
|poke|p2|Raging Bolt|
|poke|p2|Great Tusk|
|poke|p2|Gliscor, F|
|poke|p2|Gholdengo|
|poke|p2|Ogerpon-Wellspring, F|
|teampreview
|
|t:|1776285308
|teamsize|p1|6
|teamsize|p2|6
|start
|switch|p1a: Tsingtao|Meowscarada, M|100/100
|switch|p2a: Ogerpon|Ogerpon-Wellspring, F|100/100
|turn|1
|
|t:|1776285319
|switch|p2a: Gholdengo|Gholdengo|100/100
|move|p1a: Tsingtao|U-turn|p2a: Gholdengo
|-start|p1a: Tsingtao|typechange|Bug|[from] ability: Protean
|-resisted|p2a: Gholdengo
|-damage|p2a: Gholdengo|95/100
|
|t:|1776285340
|switch|p1a: ChairmanMao|Iron Moth, shiny|100/100|[from] U-turn
|-enditem|p1a: ChairmanMao|Booster Energy
|-activate|p1a: ChairmanMao|ability: Quark Drive|[fromitem]
|-start|p1a: ChairmanMao|quarkdrivespe
|
|-heal|p2a: Gholdengo|100/100|[from] item: Leftovers
|upkeep
|turn|2
|
|t:|1776285350
|-terastallize|p2a: Gholdengo|Water
|move|p1a: ChairmanMao|Fiery Dance|p2a: Gholdengo
|-resisted|p2a: Gholdengo
|-damage|p2a: Gholdengo|82/100
|-boost|p1a: ChairmanMao|spa|1
|move|p2a: Gholdengo|Thunder Wave|p1a: ChairmanMao
|-status|p1a: ChairmanMao|par
|
|-heal|p2a: Gholdengo|88/100|[from] item: Leftovers
|upkeep
|turn|3
|
|t:|1776285361
|-terastallize|p1a: ChairmanMao|Grass
|move|p1a: ChairmanMao|Energy Ball|p2a: Gholdengo
|-supereffective|p2a: Gholdengo
|-damage|p2a: Gholdengo|0 fnt
|faint|p2a: Gholdengo
|
|upkeep
|
|t:|1776285374
|switch|p2a: Ogerpon|Ogerpon-Wellspring, F|100/100
|turn|4
|
|t:|1776285388
|move|p2a: Ogerpon|U-turn|p1a: ChairmanMao
|-supereffective|p1a: ChairmanMao
|-damage|p1a: ChairmanMao|23/100 par
|
|t:|1776285396
|switch|p2a: Gliscor|Gliscor, F|100/100|[from] U-turn
|move|p1a: ChairmanMao|Sludge Wave|p2a: Gliscor
|-resisted|p2a: Gliscor
|-damage|p2a: Gliscor|67/100
|
|-status|p2a: Gliscor|tox|[from] item: Toxic Orb
|upkeep
|turn|5
|
|t:|1776285408
|-end|p1a: ChairmanMao|Quark Drive|[silent]
|switch|p1a: BallsMahoney|Tyranitar, F|100/100
|-weather|Sandstorm|[from] ability: Sand Stream|[of] p1a: BallsMahoney
|move|p2a: Gliscor|Protect||[still]
|-fail|p2a: Gliscor
|
|-weather|Sandstorm|[upkeep]
|-heal|p2a: Gliscor|79/100 tox|[from] ability: Poison Heal
|upkeep
|turn|6
|
|t:|1776285417
|switch|p2a: Great Tusk|Great Tusk|100/100
|move|p1a: BallsMahoney|Ice Punch|p2a: Great Tusk
|-supereffective|p2a: Great Tusk
|-damage|p2a: Great Tusk|70/100
|
|-weather|Sandstorm|[upkeep]
|upkeep
|turn|7
|
|t:|1776285426
|move|p2a: Great Tusk|Stealth Rock|p1a: BallsMahoney
|-sidestart|p1: stanislavjoe84|move: Stealth Rock
|move|p1a: BallsMahoney|Knock Off|p2a: Great Tusk
|-resisted|p2a: Great Tusk
|-damage|p2a: Great Tusk|55/100
|-enditem|p2a: Great Tusk|Heavy-Duty Boots|[from] move: Knock Off|[of] p1a: BallsMahoney
|
|-weather|Sandstorm|[upkeep]
|upkeep
|turn|8
|
|t:|1776285435
|move|p2a: Great Tusk|Knock Off|p1a: BallsMahoney
|-resisted|p1a: BallsMahoney
|-damage|p1a: BallsMahoney|87/100
|-enditem|p1a: BallsMahoney|Assault Vest|[from] move: Knock Off|[of] p2a: Great Tusk
|move|p1a: BallsMahoney|Dragon Tail|p2a: Great Tusk
|-damage|p2a: Great Tusk|42/100
|-end|p2a: Great Tusk|Protosynthesis|[silent]
|drag|p2a: Raging Bolt|Raging Bolt|100/100
|
|-weather|Sandstorm|[upkeep]
|-damage|p2a: Raging Bolt|94/100|[from] Sandstorm
|upkeep
|turn|9
|
|t:|1776285451
|-end|p2a: Raging Bolt|Protosynthesis|[silent]
|switch|p2a: Scizor|Scizor, F|100/100
|switch|p1a: Gabagool|Great Tusk|100/100
|-damage|p1a: Gabagool|98/100|[from] Stealth Rock
|
|-weather|none
|-heal|p1a: Gabagool|100/100|[from] item: Leftovers
|upkeep
|turn|10
|
|t:|1776285460
|move|p1a: Gabagool|Rapid Spin|p2a: Scizor
|-resisted|p2a: Scizor
|-damage|p2a: Scizor|93/100
|-boost|p1a: Gabagool|spe|1
|-sideend|p1: stanislavjoe84|Stealth Rock|[from] move: Rapid Spin|[of] p1a: Gabagool
|move|p2a: Scizor|U-turn|p1a: Gabagool
|-resisted|p1a: Gabagool
|-damage|p1a: Gabagool|86/100
|
|t:|1776285471
|switch|p2a: Ogerpon|Ogerpon-Wellspring, F|100/100|[from] U-turn
|
|-heal|p1a: Gabagool|92/100|[from] item: Leftovers
|upkeep
|turn|11
|
|t:|1776285479
|-end|p1a: Gabagool|Protosynthesis|[silent]
|switch|p1a: Tsingtao|Meowscarada, M|100/100
|move|p2a: Ogerpon|Ivy Cudgel|p1a: Tsingtao|[anim] Ivy Cudgel Water
|-resisted|p1a: Tsingtao
|-damage|p1a: Tsingtao|50/100
|
|upkeep
|turn|12
|
|t:|1776285490
|switch|p2a: Raging Bolt|Raging Bolt|94/100
|move|p1a: Tsingtao|Flower Trick|p2a: Raging Bolt
|-start|p1a: Tsingtao|typechange|Grass|[from] ability: Protean
|-resisted|p2a: Raging Bolt
|-crit|p2a: Raging Bolt
|-damage|p2a: Raging Bolt|73/100
|
|upkeep
|turn|13
|
|t:|1776285501
|switch|p1a: ZipperMan|Zapdos, shiny|100/100
|move|p2a: Raging Bolt|Dragon Pulse|p1a: ZipperMan
|-damage|p1a: ZipperMan|57/100
|
|upkeep
|turn|14
|c|☆Wiizard_64|hold up
|c|☆stanislavjoe84|yea
|c|☆Wiizard_64|is that zapdos name a fucking jojos reference?
|c|☆stanislavjoe84|yeah lol
|c|☆Wiizard_64|my man
|c|☆Wiizard_64|fuck netflix byw
|c|☆Wiizard_64|*btw
|c|☆stanislavjoe84|my friend was watching part 5 and i was inspired lmao
|c|☆Wiizard_64|he made the team?
|c|☆stanislavjoe84|bro i don't wanna wait until octobeeeeeer
|c|☆Wiizard_64|honestly im fine with waiting if its good
|c|☆stanislavjoe84|nope i was on ds with him
|c|☆stanislavjoe84|yeah but man why did they realese the first ep noww
|c|☆Wiizard_64|genuenly, i have no fucking clue
|c|☆Wiizard_64|my best guess is that they wanted to drop it as kinda like a teaser
|c|☆Wiizard_64|and build hype for the full release
|c|☆stanislavjoe84|yeah i think it's probably that
|c|☆stanislavjoe84|or they are just stupid lol
|c|☆Wiizard_64|and it backfired because 1) thats stupid and 2) they didnt communicate anything
|c|☆Wiizard_64|i mean this is netflix though
|c|☆Wiizard_64|stupid is kind of their whole deal
|c|☆Wiizard_64|at least these past couple of years
|
|t:|1776285783
|move|p1a: ZipperMan|Roost|p1a: ZipperMan
|-heal|p1a: ZipperMan|100/100
|-singleturn|p1a: ZipperMan|move: Roost
|move|p2a: Raging Bolt|Dragon Pulse|p1a: ZipperMan
|-damage|p1a: ZipperMan|57/100
|
|upkeep
|turn|15
|c|☆stanislavjoe84|it's actually crazy that they managed to kill jojo friday
|c|☆stanislavjoe84|the release of stone ocean was a mess
|c|☆Wiizard_64|at least the show is still good
|c|☆Wiizard_64|but full honesty here
|c|☆Wiizard_64|i did not watch stone ocean
|c|☆Wiizard_64|i read the manga 2 years earlier and just couldnt bother with the batches
|c|☆stanislavjoe84|i've read it years ago too lol
|c|☆stanislavjoe84|i just waited the full release and then binged it
|c|☆stanislavjoe84|it's a shame bcuz i really don't like to binge series
|c|☆Wiizard_64|steel ball run lowkey helped me out emotionally when life got rough so they better not fuck it up
|c|☆Wiizard_64|if they need more time to cook, let them have it
|c|☆Wiizard_64|11/10 manga holy
|c|☆stanislavjoe84|trully a masterpiece
|c|☆stanislavjoe84|the ending really broke me as a child lol
|c|☆stanislavjoe84|but damn what a beautifull story
|c|☆stanislavjoe84|ringo is probably my favorite side villain
|
|t:|1776286050
|move|p1a: ZipperMan|Hurricane|p2a: Raging Bolt|[miss]
|-miss|p1a: ZipperMan|p2a: Raging Bolt
|move|p2a: Raging Bolt|Volt Switch|p1a: ZipperMan
|-damage|p1a: ZipperMan|23/100
|c|☆Wiizard_64|i remember i did a ultra sun nuzlocke one time and i had a forretress with rapid spin and called it gyro lol
|c|☆Wiizard_64|i won by using self destruct to get me out of ultra necrozma too
|c|☆Wiizard_64|TRUE RINGO IS THE GOAT
|
|t:|1776286139
|-end|p2a: Raging Bolt|Protosynthesis|[silent]
|switch|p2a: Gliscor|Gliscor, F|79/100 tox|[from] Volt Switch
|
|-heal|p2a: Gliscor|92/100 tox|[from] ability: Poison Heal
|upkeep
|turn|16
|c|☆stanislavjoe84|yooo that's actually funny lmao
|c|☆stanislavjoe84|arigato gyro
|c|☆Wiizard_64|the whole turning the watch by SHOOTING the little spinny thing was the most aura anyone in the show ever had
|c|☆Wiizard_64|i dont know what its called in english lmao
|c|☆Wiizard_64|arigato gyro indeed
|c|☆stanislavjoe84|reaaaal he had so much auraa
|c|☆Wiizard_64|also funny valentine is somehow even more relevant in terms of political commentary then when he releaased which is genius from araki and kinda sad for the rest of us
|c|☆stanislavjoe84|don't worry me too im not english lmao
|c|☆Wiizard_64|where u from man?
|c|☆stanislavjoe84|from italy
|c|☆stanislavjoe84|hbu?
|c|☆Wiizard_64|oh come on no way
|c|☆Wiizard_64|the gyro fan is from italy
|c|☆Wiizard_64|brazil btw
|c|☆stanislavjoe84|naaaaaaaaaah
|c|☆stanislavjoe84|yeah gyro is our national treasure
|c|☆Wiizard_64|i thought that was pasta
|c|☆stanislavjoe84|we have a couple of those lmao
|c|☆Wiizard_64|but im actually part italian too so i cant make too much fun of you
|c|☆Wiizard_64|since im on the subject
|c|☆Wiizard_64|WHY THE FUCK DO YOU GUYS MAKE IT SO HARD TO RENOVATE DOCUMENTS
|c|☆stanislavjoe84|crazy coincidence lol
|c|☆stanislavjoe84|bro
|c|☆stanislavjoe84|i swear to god
|c|☆stanislavjoe84|im about to become the una bomber 2.0
|c|☆stanislavjoe84|everything is a burocratic mess here
|c|☆Wiizard_64|it took me an entire year and half just to SHCEDULE an apointment to renovate my identity
|c|☆Wiizard_64|i can tell its a burocratic mess, I HAD TO GO TROUGH THAT SHIT
|c|☆Wiizard_64|and the apointment was 7 months later
|n|!Wiizard_64|wiizard64
|c|☆stanislavjoe84|i'm still waiting the call to START the procedure of changing my personal doctor
|c|☆stanislavjoe84|since like october
|c|☆stanislavjoe84|and if i try to call them about it they get mad
|
|t:|1776286721
|move|p1a: ZipperMan|Roost|p1a: ZipperMan
|-heal|p1a: ZipperMan|73/100
|-singleturn|p1a: ZipperMan|move: Roost
|move|p2a: Gliscor|Swords Dance|p2a: Gliscor
|-boost|p2a: Gliscor|atk|2
|
|-heal|p2a: Gliscor|100/100 tox|[from] ability: Poison Heal
|upkeep
|turn|17
|
|t:|1776286839
|move|p1a: ZipperMan|Hurricane|p2a: Gliscor|[miss]
|-miss|p1a: ZipperMan|p2a: Gliscor
|move|p2a: Gliscor|Facade|p1a: ZipperMan
|-crit|p1a: ZipperMan
|-damage|p1a: ZipperMan|0 fnt
|faint|p1a: ZipperMan
|
|upkeep
|
|t:|1776286880
|switch|p1a: BallsMahoney|Tyranitar, F|87/100
|-weather|Sandstorm|[from] ability: Sand Stream|[of] p1a: BallsMahoney
|turn|18
|
|t:|1776286933
|move|p2a: Gliscor|Earthquake|p1a: BallsMahoney
|-supereffective|p1a: BallsMahoney
|-damage|p1a: BallsMahoney|0 fnt
|faint|p1a: BallsMahoney
|
|-weather|Sandstorm|[upkeep]
|upkeep
|n|☆Wiizard_64|wiizard64
|
|t:|1776286968
|switch|p1a: Tsingtao|Meowscarada, M|50/100
|turn|19
|c|☆Wiizard_64|mute is gone yay
|
|t:|1776286994
|move|p1a: Tsingtao|Play Rough|p2a: Gliscor
|-start|p1a: Tsingtao|typechange|Fairy|[from] ability: Protean
|-damage|p2a: Gliscor|70/100 tox
|move|p2a: Gliscor|Facade|p1a: Tsingtao
|-damage|p1a: Tsingtao|0 fnt
|faint|p1a: Tsingtao
|
|-weather|Sandstorm|[upkeep]
|-heal|p2a: Gliscor|83/100 tox|[from] ability: Poison Heal
|upkeep
|c|☆Wiizard_64|wait
|c|☆Wiizard_64|why do u not have triple axel
|c|☆stanislavjoe84|bcuz im silly like that
|
|t:|1776287059
|switch|p1a: JackoffAll|Iron Valiant, shiny|100/100
|turn|20
|c|☆stanislavjoe84|honestly im just going with the flow lol
|c|☆Wiizard_64|fair
|
|t:|1776287114
|move|p1a: JackoffAll|Moonblast|p2a: Gliscor
|-damage|p2a: Gliscor|23/100 tox
|move|p2a: Gliscor|Facade|p1a: JackoffAll
|-damage|p1a: JackoffAll|16/100
|
|-weather|Sandstorm|[upkeep]
|-damage|p1a: JackoffAll|10/100|[from] Sandstorm
|-heal|p2a: Gliscor|36/100 tox|[from] ability: Poison Heal
|upkeep
|turn|21
|
|t:|1776287124
|move|p2a: Gliscor|Protect|p2a: Gliscor
|-singleturn|p2a: Gliscor|Protect
|move|p1a: JackoffAll|Moonblast|p2a: Gliscor
|-activate|p2a: Gliscor|move: Protect
|
|-weather|Sandstorm|[upkeep]
|-damage|p1a: JackoffAll|4/100|[from] Sandstorm
|-heal|p2a: Gliscor|48/100 tox|[from] ability: Poison Heal
|upkeep
|turn|22
|
|t:|1776287137
|move|p1a: JackoffAll|Moonblast|p2a: Gliscor
|-damage|p2a: Gliscor|0 fnt
|faint|p2a: Gliscor
|
|-weather|none
|upkeep
|
|t:|1776287143
|switch|p2a: Scizor|Scizor, F|93/100
|turn|23
|
|t:|1776287177
|move|p2a: Scizor|Bullet Punch|p1a: JackoffAll
|-supereffective|p1a: JackoffAll
|-damage|p1a: JackoffAll|0 fnt
|faint|p1a: JackoffAll
|-end|p1a: JackoffAll|Quark Drive|[silent]
|
|upkeep
|
|t:|1776287182
|switch|p1a: ChairmanMao|Iron Moth, shiny, tera:Grass|23/100 par
|turn|24
|
|t:|1776287223
|move|p2a: Scizor|Bullet Punch|p1a: ChairmanMao
|-damage|p1a: ChairmanMao|0 fnt
|faint|p1a: ChairmanMao
|-end|p1a: ChairmanMao|Quark Drive|[silent]
|
|upkeep
|
|t:|1776287230
|switch|p1a: Gabagool|Great Tusk|92/100
|turn|25
|
|t:|1776287249
|move|p2a: Scizor|Bullet Punch|p1a: Gabagool
|-damage|p1a: Gabagool|69/100
|move|p1a: Gabagool|Earthquake|p2a: Scizor
|-damage|p2a: Scizor|44/100
|
|-heal|p1a: Gabagool|76/100|[from] item: Leftovers
|upkeep
|turn|26
|
|t:|1776287256
|move|p2a: Scizor|Bullet Punch|p1a: Gabagool
|-damage|p1a: Gabagool|50/100
|move|p1a: Gabagool|Earthquake|p2a: Scizor
|-damage|p2a: Scizor|0 fnt
|faint|p2a: Scizor
|
|-heal|p1a: Gabagool|56/100|[from] item: Leftovers
|upkeep
|
|t:|1776287263
|switch|p2a: Ogerpon|Ogerpon-Wellspring, F|100/100
|turn|27
|
|t:|1776287271
|move|p2a: Ogerpon|Ivy Cudgel|p1a: Gabagool|[anim] Ivy Cudgel Water
|-supereffective|p1a: Gabagool
|-damage|p1a: Gabagool|0 fnt
|faint|p1a: Gabagool
|-end|p1a: Gabagool|Protosynthesis|[silent]
|
|win|Wiizard_64
