|html|<div class="broadcast-blue"><strong>[Gen 9] OU is currently suspecting Tera Blast! For information on how to participate check out the <a href="https://www.smogon.com/tools/suspects/view/200">suspect thread</a>.</strong></div>
|j|☆Hunter_of_Keys
|j|☆Billythekid95
|t:|1776076700
|gametype|singles
|player|p1|Hunter_of_Keys|veteran|1576
|player|p2|Billythekid95|1|1528
|gen|9
|tier|[Gen 9] OU
|rated|
|rule|HP Percentage Mod: HP is shown in percentages
|rule|Endless Battle Clause: Forcing endless battles is banned
|rule|Species Clause: Limit one of each Pokémon
|rule|OHKO Clause: OHKO moves are banned
|rule|Evasion Items Clause: Evasion items are banned
|rule|Evasion Moves Clause: Evasion moves are banned
|rule|Evasion Abilities Clause: Evasion abilities are banned
|rule|Sleep Moves Clause: Sleep-inducing moves are banned
|clearpoke
|poke|p1|Gallade, M|
|poke|p1|Armarouge, F|
|poke|p1|Indeedee, M|
|poke|p1|Cresselia, F|
|poke|p1|Rabsca, F|
|poke|p1|Espeon, M|
|poke|p2|Walking Wake|
|poke|p2|Ribombee, F|
|poke|p2|Gholdengo|
|poke|p2|Torkoal, F|
|poke|p2|Ogerpon, F|
|poke|p2|Great Tusk|
|teampreview
|inactive|Battle timer is ON: inactive players will automatically lose when time's up. (requested by Hunter_of_Keys)
|inactive|Billythekid95 has 120 seconds left.
|
|t:|1776076751
|teamsize|p1|6
|teamsize|p2|6
|start
|switch|p1a: Indeedee|Indeedee, M|100/100
|switch|p2a: Ribombee|Ribombee, F|100/100
|-fieldstart|move: Psychic Terrain|[from] ability: Psychic Surge|[of] p1a: Indeedee
|turn|1
|
|t:|1776076756
|switch|p1a: Espeon|Espeon, M|100/100
|move|p2a: Ribombee|Moonblast|p1a: Espeon
|-damage|p1a: Espeon|54/100
|-unboost|p1a: Espeon|spa|1
|
|upkeep
|turn|2
|
|t:|1776076764
|move|p2a: Ribombee|Skill Swap|p1a: Espeon
|-block|p1a: Espeon|item: Ability Shield
|move|p1a: Espeon|Thunder Wave|p2a: Ribombee
|-status|p2a: Ribombee|par
|
|upkeep
|turn|3
|
|t:|1776076772
|move|p1a: Espeon|Psychic Noise|p2a: Ribombee
|-damage|p2a: Ribombee|52/100 par
|move|p2a: Ribombee|Moonblast|p1a: Espeon
|-damage|p1a: Espeon|13/100
|
|upkeep
|turn|4
|
|t:|1776076779
|move|p1a: Espeon|Psychic Noise|p2a: Ribombee
|-damage|p2a: Ribombee|4/100 par
|cant|p2a: Ribombee|par
|
|upkeep
|turn|5
|
|t:|1776076784
|move|p1a: Espeon|Psychic Noise|p2a: Ribombee
|-damage|p2a: Ribombee|0 fnt
|faint|p2a: Ribombee
|
|upkeep
|
|t:|1776076794
|switch|p2a: Gholdengo|Gholdengo|100/100
|turn|6
|
|t:|1776076797
|move|p2a: Gholdengo|Make It Rain|p1a: Espeon
|-damage|p1a: Espeon|0 fnt
|-unboost|p2a: Gholdengo|spa|1
|faint|p1a: Espeon
|
|upkeep
|
|t:|1776076808
|switch|p1a: Armarouge|Armarouge, F|100/100
|turn|7
|
|t:|1776076812
|switch|p2a: Torkoal|Torkoal, F|100/100
|-weather|SunnyDay|[from] ability: Drought|[of] p2a: Torkoal
|move|p1a: Armarouge|Expanding Force|p2a: Torkoal
|-crit|p2a: Torkoal
|-damage|p2a: Torkoal|0 fnt
|faint|p2a: Torkoal
|
|-weather|SunnyDay|[upkeep]
|upkeep
|
|t:|1776076822
|switch|p2a: Walking Wake|Walking Wake|100/100
|-activate|p2a: Walking Wake|ability: Protosynthesis
|-start|p2a: Walking Wake|protosynthesisspa
|turn|8
|
|t:|1776076830
|move|p2a: Walking Wake|Hydro Steam|p1a: Armarouge
|-supereffective|p1a: Armarouge
|-damage|p1a: Armarouge|0 fnt
|faint|p1a: Armarouge
|
|-weather|SunnyDay|[upkeep]
|-fieldend|move: Psychic Terrain
|upkeep
|
|t:|1776076834
|switch|p1a: Cresselia|Cresselia, F|100/100
|turn|9
|
|t:|1776076838
|-terastallize|p2a: Walking Wake|Water
|move|p2a: Walking Wake|Hydro Steam|p1a: Cresselia
|-damage|p1a: Cresselia|7/100
|move|p1a: Cresselia|Thunderbolt|p2a: Walking Wake
|-supereffective|p2a: Walking Wake
|-damage|p2a: Walking Wake|60/100
|
|-weather|SunnyDay|[upkeep]
|upkeep
|turn|10
|
|t:|1776076846
|move|p2a: Walking Wake|Hydro Steam|p1a: Cresselia
|-damage|p1a: Cresselia|0 fnt
|faint|p1a: Cresselia
|
|-weather|SunnyDay|[upkeep]
|upkeep
|
|t:|1776076866
|switch|p1a: Rabsca|Rabsca, F|100/100
|turn|11
|
|t:|1776076872
|-terastallize|p1a: Rabsca|Water
|move|p2a: Walking Wake|Hydro Steam|p1a: Rabsca
|-resisted|p1a: Rabsca
|-damage|p1a: Rabsca|22/100
|move|p1a: Rabsca|Speed Swap|p2a: Walking Wake
|-activate|p1a: Rabsca|move: Speed Swap|[of] p2a: Walking Wake
|
|-weather|SunnyDay|[upkeep]
|upkeep
|turn|12
|
|t:|1776076882
|move|p1a: Rabsca|Revival Blessing|p1a: Rabsca
|-enditem|p1a: Rabsca|Leppa Berry|[eat]
|-activate|p1a: Rabsca|item: Leppa Berry|Revival Blessing|[consumed]
|
|t:|1776076884
|-heal|p1: Armarouge|50/100|[from] move: Revival Blessing
|move|p2a: Walking Wake|Hydro Steam|p1a: Rabsca
|-resisted|p1a: Rabsca
|-damage|p1a: Rabsca|0 fnt
|faint|p1a: Rabsca
|
|-weather|SunnyDay|[upkeep]
|upkeep
|
|t:|1776076887
|switch|p1a: Indeedee|Indeedee, M|100/100
|-fieldstart|move: Psychic Terrain|[from] ability: Psychic Surge|[of] p1a: Indeedee
|turn|13
|
|t:|1776076895
|move|p1a: Indeedee|Expanding Force|p2a: Walking Wake
|-damage|p2a: Walking Wake|0 fnt
|faint|p2a: Walking Wake
|-end|p2a: Walking Wake|Protosynthesis|[silent]
|
|-weather|SunnyDay|[upkeep]
|upkeep
|
|t:|1776076901
|switch|p2a: Ogerpon|Ogerpon, F|100/100
|turn|14
|
|t:|1776076908
|move|p2a: Ogerpon|U-turn|p1a: Indeedee
|-supereffective|p1a: Indeedee
|-damage|p1a: Indeedee|0 fnt
|faint|p1a: Indeedee
|
|t:|1776076915
|switch|p2a: Gholdengo|Gholdengo|100/100|[from] U-turn
|
|-weather|none
|upkeep
|
|t:|1776076920
|switch|p1a: Gallade|Gallade, M|100/100
|turn|15
|
|t:|1776076922
|move|p2a: Gholdengo|Shadow Ball|p1a: Gallade
|-supereffective|p1a: Gallade
|-damage|p1a: Gallade|13/100
|move|p1a: Gallade|Night Slash|p2a: Gholdengo
|-supereffective|p2a: Gholdengo
|-damage|p2a: Gholdengo|24/100
|
|upkeep
|turn|16
|
|t:|1776076929
|move|p2a: Gholdengo|Shadow Ball|p1a: Gallade
|-supereffective|p1a: Gallade
|-damage|p1a: Gallade|0 fnt
|faint|p1a: Gallade
|
|upkeep
|
|t:|1776076931
|switch|p1a: Armarouge|Armarouge, F|50/100
|turn|17
|
|t:|1776076935
|move|p2a: Gholdengo|Shadow Ball|p1a: Armarouge
|-supereffective|p1a: Armarouge
|-damage|p1a: Armarouge|0 fnt
|faint|p1a: Armarouge
|
|win|Billythekid95
|raw|Hunter_of_Keys's rating: 1576 &rarr; <strong>1553</strong><br />(-23 for losing)
|raw|Billythekid95's rating: 1528 &rarr; <strong>1551</strong><br />(+23 for winning)
|l|☆Hunter_of_Keys
|player|p1|
|l|☆Billythekid95
|player|p2|
