|html|<div class="broadcast-blue"><strong>[Gen 9] OU is currently suspecting Tera Blast! For information on how to participate check out the <a href="https://www.smogon.com/tools/suspects/view/200">suspect thread</a>.</strong></div>
|j|☆SusCy
|j|☆Exiowf
|t:|1776042152
|gametype|singles
|player|p1|SusCy|dawn|1358
|player|p2|Exiowf|169|1478
|gen|9
|tier|[Gen 9] OU
|rated|
|rule|HP Percentage Mod: HP is shown in percentages
|rule|Endless Battle Clause: Forcing endless battles is banned
|rule|Species Clause: Limit one of each Pokémon
|rule|OHKO Clause: OHKO moves are banned
|rule|Evasion Items Clause: Evasion items are banned
|rule|Evasion Moves Clause: Evasion moves are banned
|rule|Evasion Abilities Clause: Evasion abilities are banned
|rule|Sleep Moves Clause: Sleep-inducing moves are banned
|clearpoke
|poke|p1|Torkoal, F|
|poke|p1|Walking Wake|
|poke|p1|Jumpluff, F|
|poke|p1|Ninetales, F|
|poke|p1|Great Tusk|
|poke|p1|Lilligant-Hisui, F|
|poke|p2|Raging Bolt|
|poke|p2|Iron Treads|
|poke|p2|Moltres|
|poke|p2|Samurott-Hisui, F|
|poke|p2|Gliscor, F|
|poke|p2|Clefable, F|
|teampreview
|
|t:|1776042157
|teamsize|p1|6
|teamsize|p2|6
|start
|switch|p1a: Ninetales|Ninetales, F|100/100
|switch|p2a: Samurott|Samurott-Hisui, F, shiny|100/100
|-weather|SunnyDay|[from] ability: Drought|[of] p1a: Ninetales
|turn|1
|
|t:|1776042165
|move|p2a: Samurott|Flip Turn|p1a: Ninetales
|-supereffective|p1a: Ninetales
|-damage|p1a: Ninetales|73/100
|inactive|Battle timer is ON: inactive players will automatically lose when time's up. (requested by SusCy)
|
|t:|1776042193
|switch|p2a: Moltres|Moltres|100/100|[from] Flip Turn
|move|p1a: Ninetales|Will-O-Wisp|p2a: Moltres
|-immune|p2a: Moltres
|
|-weather|SunnyDay|[upkeep]
|upkeep
|turn|2
|
|t:|1776042212
|switch|p1a: Walking Wake|Walking Wake|100/100
|-activate|p1a: Walking Wake|ability: Protosynthesis
|-start|p1a: Walking Wake|protosynthesisspe
|move|p2a: Moltres|U-turn|p1a: Walking Wake
|-damage|p1a: Walking Wake|85/100
|
|t:|1776042223
|switch|p2a: Clefable|Clefable, F|100/100|[from] U-turn
|
|-weather|SunnyDay|[upkeep]
|upkeep
|turn|3
|
|t:|1776042230
|move|p1a: Walking Wake|Hydro Steam|p2a: Clefable
|-damage|p2a: Clefable|20/100
|move|p2a: Clefable|Moonblast|p1a: Walking Wake
|-supereffective|p1a: Walking Wake
|-damage|p1a: Walking Wake|0 fnt
|faint|p1a: Walking Wake
|-end|p1a: Walking Wake|Protosynthesis|[silent]
|
|-weather|SunnyDay|[upkeep]
|-heal|p2a: Clefable|26/100|[from] item: Leftovers
|upkeep
|
|t:|1776042240
|switch|p1a: Jumpluff|Jumpluff, F|100/100
|turn|4
|
|t:|1776042245
|move|p1a: Jumpluff|Leech Seed|p2a: Clefable
|-start|p2a: Clefable|move: Leech Seed
|move|p2a: Clefable|Moonlight|p2a: Clefable
|-heal|p2a: Clefable|93/100
|
|-weather|SunnyDay|[upkeep]
|-heal|p2a: Clefable|99/100|[from] item: Leftovers
|upkeep
|turn|5
|
|t:|1776042252
|move|p1a: Jumpluff|Acrobatics|p2a: Clefable
|-damage|p2a: Clefable|77/100
|move|p2a: Clefable|Encore|p1a: Jumpluff
|-start|p1a: Jumpluff|Encore
|
|-weather|SunnyDay|[upkeep]
|-heal|p2a: Clefable|83/100|[from] item: Leftovers
|upkeep
|turn|6
|
|t:|1776042259
|switch|p2a: Raging Bolt|Raging Bolt|100/100
|-activate|p2a: Raging Bolt|ability: Protosynthesis
|-start|p2a: Raging Bolt|protosynthesisspa
|move|p1a: Jumpluff|Acrobatics|p2a: Raging Bolt
|-resisted|p2a: Raging Bolt
|-crit|p2a: Raging Bolt
|-damage|p2a: Raging Bolt|85/100
|
|-weather|SunnyDay|[upkeep]
|-heal|p2a: Raging Bolt|91/100|[from] item: Leftovers
|upkeep
|turn|7
|
|t:|1776042266
|switch|p1a: Great Tusk|Great Tusk|100/100
|-activate|p1a: Great Tusk|ability: Protosynthesis
|-start|p1a: Great Tusk|protosynthesisspe
|move|p2a: Raging Bolt|Dragon Pulse|p1a: Great Tusk
|-damage|p1a: Great Tusk|10/100
|
|-weather|SunnyDay|[upkeep]
|-heal|p2a: Raging Bolt|98/100|[from] item: Leftovers
|upkeep
|turn|8
|
|t:|1776042275
|-end|p2a: Raging Bolt|Protosynthesis|[silent]
|switch|p2a: Samurott|Samurott-Hisui, F, shiny|100/100
|move|p1a: Great Tusk|Ice Spinner|p2a: Samurott
|-resisted|p2a: Samurott
|-crit|p2a: Samurott
|-damage|p2a: Samurott|81/100
|
|-weather|none
|-end|p1a: Great Tusk|Protosynthesis
|upkeep
|turn|9
|
|t:|1776042284
|-end|p1a: Great Tusk|Protosynthesis|[silent]
|switch|p1a: Ninetales|Ninetales, F|73/100
|-weather|SunnyDay|[from] ability: Drought|[of] p1a: Ninetales
|move|p2a: Samurott|Flip Turn|p1a: Ninetales
|-supereffective|p1a: Ninetales
|-damage|p1a: Ninetales|43/100
|
|t:|1776042289
|switch|p2a: Gliscor|Gliscor, F|100/100|[from] Flip Turn
|
|-weather|SunnyDay|[upkeep]
|-status|p2a: Gliscor|tox|[from] item: Toxic Orb
|upkeep
|turn|10
|
|t:|1776042297
|move|p1a: Ninetales|Weather Ball|p2a: Gliscor
|-damage|p2a: Gliscor|45/100 tox
|move|p2a: Gliscor|Earthquake|p1a: Ninetales
|-supereffective|p1a: Ninetales
|-damage|p1a: Ninetales|0 fnt
|faint|p1a: Ninetales
|
|-weather|SunnyDay|[upkeep]
|-heal|p2a: Gliscor|58/100 tox|[from] ability: Poison Heal
|upkeep
|
|t:|1776042303
|switch|p1a: Jumpluff|Jumpluff, F|100/100
|turn|11
|
|t:|1776042308
|switch|p2a: Moltres|Moltres|100/100
|move|p1a: Jumpluff|Strength Sap|p2a: Moltres
|-unboost|p2a: Moltres|atk|1
|
|-weather|SunnyDay|[upkeep]
|upkeep
|turn|12
|
|t:|1776042313
|move|p1a: Jumpluff|Protect|p1a: Jumpluff
|-singleturn|p1a: Jumpluff|Protect
|move|p2a: Moltres|Flamethrower|p1a: Jumpluff
|-activate|p1a: Jumpluff|move: Protect
|
|-weather|SunnyDay|[upkeep]
|upkeep
|turn|13
|
|t:|1776042318
|move|p1a: Jumpluff|Leech Seed|p2a: Moltres
|-start|p2a: Moltres|move: Leech Seed
|move|p2a: Moltres|Flamethrower|p1a: Jumpluff
|-supereffective|p1a: Jumpluff
|-damage|p1a: Jumpluff|0 fnt
|faint|p1a: Jumpluff
|
|-weather|SunnyDay|[upkeep]
|upkeep
|
|t:|1776042325
|switch|p1a: Torkoal|Torkoal, F|100/100
|turn|14
|
|t:|1776042327
|move|p2a: Moltres|U-turn|p1a: Torkoal
|-resisted|p1a: Torkoal
|-damage|p1a: Torkoal|97/100
|
|t:|1776042329
|switch|p2a: Raging Bolt|Raging Bolt|98/100|[from] U-turn
|-activate|p2a: Raging Bolt|ability: Protosynthesis
|-start|p2a: Raging Bolt|protosynthesisspa
|move|p1a: Torkoal|Stealth Rock|p2a: Raging Bolt
|-sidestart|p2: Exiowf|move: Stealth Rock
|
|-weather|SunnyDay|[upkeep]
|-heal|p2a: Raging Bolt|100/100|[from] item: Leftovers
|-heal|p1a: Torkoal|100/100|[from] item: Leftovers
|upkeep
|turn|15
|
|t:|1776042338
|move|p2a: Raging Bolt|Dragon Pulse|p1a: Torkoal
|-damage|p1a: Torkoal|26/100
|move|p1a: Torkoal|Eruption|p2a: Raging Bolt
|-resisted|p2a: Raging Bolt
|-damage|p2a: Raging Bolt|93/100
|
|-weather|SunnyDay|[upkeep]
|-heal|p2a: Raging Bolt|99/100|[from] item: Leftovers
|-heal|p1a: Torkoal|33/100|[from] item: Leftovers
|upkeep
|turn|16
|
|t:|1776042348
|move|p2a: Raging Bolt|Calm Mind|p2a: Raging Bolt
|-boost|p2a: Raging Bolt|spa|1
|-boost|p2a: Raging Bolt|spd|1
|move|p1a: Torkoal|Solar Beam||[still]
|-prepare|p1a: Torkoal|Solar Beam
|-anim|p1a: Torkoal|Solar Beam|p2a: Raging Bolt
|-resisted|p2a: Raging Bolt
|-damage|p2a: Raging Bolt|92/100
|
|-weather|none
|-end|p2a: Raging Bolt|Protosynthesis
|-heal|p2a: Raging Bolt|98/100|[from] item: Leftovers
|-heal|p1a: Torkoal|39/100|[from] item: Leftovers
|upkeep
|turn|17
|
|t:|1776042352
|switch|p1a: Great Tusk|Great Tusk|10/100
|move|p2a: Raging Bolt|Calm Mind|p2a: Raging Bolt
|-boost|p2a: Raging Bolt|spa|1
|-boost|p2a: Raging Bolt|spd|1
|
|-heal|p2a: Raging Bolt|100/100|[from] item: Leftovers
|upkeep
|turn|18
|
|t:|1776042354
|-terastallize|p2a: Raging Bolt|Fairy
|move|p1a: Great Tusk|Ice Spinner|p2a: Raging Bolt
|-damage|p2a: Raging Bolt|80/100
|move|p2a: Raging Bolt|Dragon Pulse|p1a: Great Tusk
|-damage|p1a: Great Tusk|0 fnt
|faint|p1a: Great Tusk
|-end|p1a: Great Tusk|Protosynthesis|[silent]
|
|-heal|p2a: Raging Bolt|86/100|[from] item: Leftovers
|upkeep
|
|t:|1776042359
|switch|p1a: Torkoal|Torkoal, F|39/100
|-weather|SunnyDay|[from] ability: Drought|[of] p1a: Torkoal
|-activate|p2a: Raging Bolt|ability: Protosynthesis
|-start|p2a: Raging Bolt|protosynthesisspa
|turn|19
|
|t:|1776042363
|move|p2a: Raging Bolt|Thunderbolt|p1a: Torkoal
|-damage|p1a: Torkoal|0 fnt
|faint|p1a: Torkoal
|
|-weather|SunnyDay|[upkeep]
|-heal|p2a: Raging Bolt|92/100|[from] item: Leftovers
|upkeep
|
|t:|1776042366
|switch|p1a: Lilligant|Lilligant-Hisui, F|100/100
|turn|20
|
|t:|1776042372
|move|p1a: Lilligant|Solar Blade||[still]
|-prepare|p1a: Lilligant|Solar Blade
|-anim|p1a: Lilligant|Solar Blade|p2a: Raging Bolt
|-damage|p2a: Raging Bolt|19/100
|-damage|p1a: Lilligant|91/100|[from] item: Life Orb
|move|p2a: Raging Bolt|Thunderbolt|p1a: Lilligant
|-resisted|p1a: Lilligant
|-crit|p1a: Lilligant
|-damage|p1a: Lilligant|0 fnt
|faint|p1a: Lilligant
|
|win|Exiowf
|raw|SusCy's rating: 1358 &rarr; <strong>1345</strong><br />(-13 for losing)
|raw|Exiowf's rating: 1478 &rarr; <strong>1491</strong><br />(+13 for winning)
|l|☆SusCy
|player|p1|
|l|☆Exiowf
|player|p2|
