|html|<div class="broadcast-blue"><strong>[Gen 9] OU is currently suspecting Tera Blast! For information on how to participate check out the <a href="https://www.smogon.com/tools/suspects/view/200">suspect thread</a>.</strong></div>
|j|☆kopv18
|j|☆mlgbd
|t:|1776295082
|gametype|singles
|player|p1|kopv18|bugcatcher-gen4dp|1484
|player|p2|mlgbd|n|1509
|gen|9
|tier|[Gen 9] OU
|rated|
|rule|HP Percentage Mod: HP is shown in percentages
|rule|Endless Battle Clause: Forcing endless battles is banned
|rule|Species Clause: Limit one of each Pokémon
|rule|OHKO Clause: OHKO moves are banned
|rule|Evasion Items Clause: Evasion items are banned
|rule|Evasion Moves Clause: Evasion moves are banned
|rule|Evasion Abilities Clause: Evasion abilities are banned
|rule|Sleep Moves Clause: Sleep-inducing moves are banned
|clearpoke
|poke|p1|Tyranitar, F|
|poke|p1|Chimecho, F|
|poke|p1|Excadrill, F|
|poke|p1|Kyurem|
|poke|p1|Zamazenta-*|
|poke|p1|Heatran, F|
|poke|p2|Ninetales, F|
|poke|p2|Scovillain, M|
|poke|p2|Walking Wake|
|poke|p2|Great Tusk|
|poke|p2|Raging Bolt|
|poke|p2|Hatterene, F|
|teampreview
|inactive|Battle timer is ON: inactive players will automatically lose when time's up. (requested by mlgbd)
|
|t:|1776295093
|teamsize|p1|6
|teamsize|p2|6
|start
|switch|p1a: Tyranitar|Tyranitar, F|100/100
|switch|p2a: 牙圣|Great Tusk|100/100
|-weather|Sandstorm|[from] ability: Sand Stream|[of] p1a: Tyranitar
|turn|1
|
|t:|1776295101
|switch|p1a: Chimecho|Chimecho, F|100/100
|move|p2a: 牙圣|Close Combat|p1a: Chimecho
|-resisted|p1a: Chimecho
|-damage|p1a: Chimecho|76/100
|-unboost|p2a: 牙圣|def|1
|-unboost|p2a: 牙圣|spd|1
|-damage|p2a: 牙圣|84/100|[from] item: Rocky Helmet|[of] p1a: Chimecho
|
|-weather|Sandstorm|[upkeep]
|-damage|p1a: Chimecho|70/100|[from] Sandstorm
|upkeep
|turn|2
|
|t:|1776295106
|-end|p2a: 牙圣|Protosynthesis|[silent]
|switch|p2a: 狐狐|Ninetales, F|100/100
|-weather|SunnyDay|[from] ability: Drought|[of] p2a: 狐狐
|move|p1a: Chimecho|Future Sight|p2a: 狐狐
|-start|p1a: Chimecho|move: Future Sight
|
|-weather|SunnyDay|[upkeep]
|upkeep
|turn|3
|
|t:|1776295111
|switch|p1a: Tyranitar|Tyranitar, F|100/100
|-weather|Sandstorm|[from] ability: Sand Stream|[of] p1a: Tyranitar
|move|p2a: 狐狐|Will-O-Wisp|p1a: Tyranitar
|-status|p1a: Tyranitar|brn
|
|-weather|Sandstorm|[upkeep]
|-damage|p2a: 狐狐|94/100|[from] Sandstorm
|-damage|p1a: Tyranitar|94/100 brn|[from] brn
|upkeep
|turn|4
|
|t:|1776295121
|switch|p2a: 老婆|Hatterene, F|100/100
|move|p1a: Tyranitar|Stone Edge|p2a: 老婆|[miss]
|-miss|p1a: Tyranitar|p2a: 老婆
|
|-weather|Sandstorm|[upkeep]
|-damage|p2a: 老婆|95/100|[from] Sandstorm
|-end|p2a: 老婆|move: Future Sight
|-resisted|p2a: 老婆
|-damage|p2a: 老婆|72/100
|-damage|p1a: Tyranitar|88/100 brn|[from] brn
|upkeep
|turn|5
|
|t:|1776295135
|switch|p1a: Heatran|Heatran, F|100/100
|move|p2a: 老婆|Draining Kiss|p1a: Heatran
|-resisted|p1a: Heatran
|-crit|p1a: Heatran
|-damage|p1a: Heatran|93/100
|-heal|p2a: 老婆|78/100|[from] drain|[of] p1a: Heatran
|
|-weather|Sandstorm|[upkeep]
|-damage|p2a: 老婆|72/100|[from] Sandstorm
|-heal|p1a: Heatran|99/100|[from] item: Leftovers
|upkeep
|turn|6
|
|t:|1776295142
|move|p1a: Heatran|Magma Storm|p2a: 老婆
|-damage|p2a: 老婆|18/100
|-activate|p2a: 老婆|move: Magma Storm|[of] p1a: Heatran
|-enditem|p2a: 老婆|Eject Button
|
|t:|1776295150
|switch|p2a: 牙圣|Great Tusk|84/100
|
|-weather|Sandstorm|[upkeep]
|-heal|p1a: Heatran|100/100|[from] item: Leftovers
|upkeep
|turn|7
|
|t:|1776295160
|switch|p1a: Chimecho|Chimecho, F|70/100
|move|p2a: 牙圣|Close Combat|p1a: Chimecho
|-resisted|p1a: Chimecho
|-damage|p1a: Chimecho|44/100
|-unboost|p2a: 牙圣|def|1
|-unboost|p2a: 牙圣|spd|1
|-damage|p2a: 牙圣|67/100|[from] item: Rocky Helmet|[of] p1a: Chimecho
|
|-weather|none
|upkeep
|turn|8
|
|t:|1776295168
|move|p2a: 牙圣|Close Combat|p1a: Chimecho
|-resisted|p1a: Chimecho
|-damage|p1a: Chimecho|19/100
|-unboost|p2a: 牙圣|def|1
|-unboost|p2a: 牙圣|spd|1
|-damage|p2a: 牙圣|50/100|[from] item: Rocky Helmet|[of] p1a: Chimecho
|move|p1a: Chimecho|Recover|p1a: Chimecho
|-heal|p1a: Chimecho|69/100
|
|upkeep
|turn|9
|
|t:|1776295178
|-end|p2a: 牙圣|Protosynthesis|[silent]
|switch|p2a: 狐狐|Ninetales, F|94/100
|-weather|SunnyDay|[from] ability: Drought|[of] p2a: 狐狐
|move|p1a: Chimecho|Recover|p1a: Chimecho
|-heal|p1a: Chimecho|100/100
|
|-weather|SunnyDay|[upkeep]
|upkeep
|turn|10
|
|t:|1776295196
|switch|p2a: 波荡水|Walking Wake|100/100
|-activate|p2a: 波荡水|ability: Protosynthesis
|-start|p2a: 波荡水|protosynthesisspe
|move|p1a: Chimecho|Future Sight|p2a: 波荡水
|-start|p1a: Chimecho|move: Future Sight
|
|-weather|SunnyDay|[upkeep]
|upkeep
|turn|11
|
|t:|1776295211
|switch|p1a: Heatran|Heatran, F|100/100
|move|p2a: 波荡水|Hydro Steam|p1a: Heatran
|-supereffective|p1a: Heatran
|-damage|p1a: Heatran|0 fnt
|faint|p1a: Heatran
|-damage|p2a: 波荡水|91/100|[from] item: Life Orb
|
|-weather|SunnyDay|[upkeep]
|upkeep
|
|t:|1776295226
|switch|p1a: Zamazenta|Zamazenta|100/100
|-ability|p1a: Zamazenta|Dauntless Shield|boost
|-boost|p1a: Zamazenta|def|1
|turn|12
|
|t:|1776295238
|move|p2a: 波荡水|Hydro Steam|p1a: Zamazenta
|-damage|p1a: Zamazenta|37/100
|-damage|p2a: 波荡水|81/100|[from] item: Life Orb
|move|p1a: Zamazenta|Body Press|p2a: 波荡水
|-damage|p2a: 波荡水|22/100
|
|-weather|SunnyDay|[upkeep]
|-end|p2a: 波荡水|move: Future Sight
|-damage|p2a: 波荡水|0 fnt
|faint|p2a: 波荡水
|-end|p2a: 波荡水|Protosynthesis|[silent]
|-heal|p1a: Zamazenta|43/100|[from] item: Leftovers
|upkeep
|
|t:|1776295246
|switch|p2a: 多拉贡|Scovillain, M|100/100
|turn|13
|
|t:|1776295256
|switch|p1a: Kyurem|Kyurem|100/100
|-ability|p1a: Kyurem|Pressure
|move|p2a: 多拉贡|Flamethrower|p1a: Kyurem
|-damage|p1a: Kyurem|68/100
|
|-weather|SunnyDay|[upkeep]
|upkeep
|turn|14
|
|t:|1776295267
|move|p2a: 多拉贡|Growth|p2a: 多拉贡
|-boost|p2a: 多拉贡|atk|2
|-boost|p2a: 多拉贡|spa|2
|move|p1a: Kyurem|Draco Meteor|p2a: 多拉贡
|-enditem|p2a: 多拉贡|Focus Sash
|-damage|p2a: 多拉贡|1/100
|-unboost|p1a: Kyurem|spa|2
|
|-weather|SunnyDay|[upkeep]
|upkeep
|turn|15
|
|t:|1776295274
|switch|p1a: Tyranitar|Tyranitar, F|88/100 brn
|-weather|Sandstorm|[from] ability: Sand Stream|[of] p1a: Tyranitar
|move|p2a: 多拉贡|Flamethrower|p1a: Tyranitar
|-resisted|p1a: Tyranitar
|-damage|p1a: Tyranitar|60/100 brn
|
|-weather|Sandstorm|[upkeep]
|-damage|p2a: 多拉贡|0 fnt|[from] Sandstorm
|faint|p2a: 多拉贡
|-damage|p1a: Tyranitar|54/100 brn|[from] brn
|upkeep
|
|t:|1776295278
|switch|p2a: 狐狐|Ninetales, F|94/100
|-weather|SunnyDay|[from] ability: Drought|[of] p2a: 狐狐
|turn|16
|
|t:|1776295285
|switch|p2a: 梦泪|Raging Bolt|100/100
|-activate|p2a: 梦泪|ability: Protosynthesis
|-start|p2a: 梦泪|protosynthesisspa
|move|p1a: Tyranitar|Stone Edge|p2a: 梦泪
|-damage|p2a: 梦泪|64/100
|
|-weather|SunnyDay|[upkeep]
|-damage|p1a: Tyranitar|48/100 brn|[from] brn
|upkeep
|turn|17
|
|t:|1776295293
|switch|p1a: Zamazenta|Zamazenta|43/100
|move|p2a: 梦泪|Weather Ball|p1a: Zamazenta
|-damage|p1a: Zamazenta|0 fnt
|faint|p1a: Zamazenta
|
|-weather|SunnyDay|[upkeep]
|upkeep
|
|t:|1776295296
|switch|p1a: Kyurem|Kyurem|68/100
|-ability|p1a: Kyurem|Pressure
|turn|18
|
|t:|1776295302
|-end|p2a: 梦泪|Protosynthesis|[silent]
|switch|p2a: 老婆|Hatterene, F|18/100
|move|p1a: Kyurem|Ice Beam|p2a: 老婆
|-damage|p2a: 老婆|0 fnt
|faint|p2a: 老婆
|
|-weather|SunnyDay|[upkeep]
|upkeep
|
|t:|1776295314
|switch|p2a: 狐狐|Ninetales, F|94/100
|turn|19
|
|t:|1776295324
|switch|p1a: Tyranitar|Tyranitar, F|48/100 brn
|-weather|Sandstorm|[from] ability: Sand Stream|[of] p1a: Tyranitar
|move|p2a: 狐狐|Overheat|p1a: Tyranitar|[miss]
|-miss|p2a: 狐狐|p1a: Tyranitar
|
|-weather|Sandstorm|[upkeep]
|-damage|p2a: 狐狐|88/100|[from] Sandstorm
|-damage|p1a: Tyranitar|42/100 brn|[from] brn
|upkeep
|turn|20
|
|t:|1776295331
|switch|p2a: 牙圣|Great Tusk|50/100
|switch|p1a: Chimecho|Chimecho, F|100/100
|
|-weather|Sandstorm|[upkeep]
|-damage|p1a: Chimecho|94/100|[from] Sandstorm
|upkeep
|turn|21
|
|t:|1776295339
|-end|p2a: 牙圣|Protosynthesis|[silent]
|switch|p2a: 狐狐|Ninetales, F|88/100
|-weather|SunnyDay|[from] ability: Drought|[of] p2a: 狐狐
|move|p1a: Chimecho|Future Sight|p2a: 狐狐
|-start|p1a: Chimecho|move: Future Sight
|
|-weather|SunnyDay|[upkeep]
|upkeep
|turn|22
|
|t:|1776295343
|move|p2a: 狐狐|Encore|p1a: Chimecho
|-start|p1a: Chimecho|Encore
|move|p1a: Chimecho|Future Sight||[still]
|-fail|p1a: Chimecho
|
|-weather|SunnyDay|[upkeep]
|upkeep
|turn|23
|
|t:|1776295353
|switch|p2a: 梦泪|Raging Bolt|64/100
|-activate|p2a: 梦泪|ability: Protosynthesis
|-start|p2a: 梦泪|protosynthesisspa
|switch|p1a: Kyurem|Kyurem|68/100
|-ability|p1a: Kyurem|Pressure
|
|-weather|SunnyDay|[upkeep]
|-end|p2a: 梦泪|move: Future Sight
|-damage|p2a: 梦泪|43/100
|upkeep
|turn|24
|
|t:|1776295357
|-terastallize|p2a: 梦泪|Fairy
|move|p1a: Kyurem|Earth Power|p2a: 梦泪
|-damage|p2a: 梦泪|23/100
|move|p2a: 梦泪|Draco Meteor|p1a: Kyurem
|-supereffective|p1a: Kyurem
|-damage|p1a: Kyurem|0 fnt
|-unboost|p2a: 梦泪|spa|2
|faint|p1a: Kyurem
|
|-weather|SunnyDay|[upkeep]
|upkeep
|
|t:|1776295365
|switch|p1a: Chimecho|Chimecho, F|94/100
|turn|25
|
|t:|1776295373
|-end|p2a: 梦泪|Protosynthesis|[silent]
|switch|p2a: 牙圣|Great Tusk|50/100
|-activate|p2a: 牙圣|ability: Protosynthesis
|-start|p2a: 牙圣|protosynthesisatk
|move|p1a: Chimecho|Future Sight|p2a: 牙圣
|-start|p1a: Chimecho|move: Future Sight
|
|-weather|SunnyDay|[upkeep]
|upkeep
|turn|26
|
|t:|1776295381
|move|p2a: 牙圣|Close Combat|p1a: Chimecho
|-resisted|p1a: Chimecho
|-damage|p1a: Chimecho|61/100
|-unboost|p2a: 牙圣|def|1
|-unboost|p2a: 牙圣|spd|1
|-damage|p2a: 牙圣|34/100|[from] item: Rocky Helmet|[of] p1a: Chimecho
|move|p1a: Chimecho|Heal Bell|p1a: Chimecho
|-activate|p1a: Chimecho|move: Heal Bell
|-curestatus|p1: Tyranitar|brn|[msg]
|
|-weather|SunnyDay|[upkeep]
|upkeep
|turn|27
|
|t:|1776295386
|move|p2a: 牙圣|Close Combat|p1a: Chimecho
|-resisted|p1a: Chimecho
|-damage|p1a: Chimecho|26/100
|-unboost|p2a: 牙圣|def|1
|-unboost|p2a: 牙圣|spd|1
|-damage|p2a: 牙圣|17/100|[from] item: Rocky Helmet|[of] p1a: Chimecho
|move|p1a: Chimecho|Icy Wind|p2a: 牙圣
|-supereffective|p2a: 牙圣
|-damage|p2a: 牙圣|0 fnt
|faint|p2a: 牙圣
|-end|p2a: 牙圣|Protosynthesis|[silent]
|
|-weather|SunnyDay|[upkeep]
|-hint|Future Sight did not hit because the target is fainted.
|upkeep
|
|t:|1776295391
|switch|p2a: 梦泪|Raging Bolt, tera:Fairy|23/100
|-activate|p2a: 梦泪|ability: Protosynthesis
|-start|p2a: 梦泪|protosynthesisspa
|turn|28
|
|t:|1776295394
|move|p2a: 梦泪|Thunderbolt|p1a: Chimecho
|-damage|p1a: Chimecho|0 fnt
|faint|p1a: Chimecho
|
|-weather|none
|-end|p2a: 梦泪|Protosynthesis
|upkeep
|
|t:|1776295398
|switch|p1a: Excadrill|Excadrill, F|100/100
|turn|29
|
|t:|1776295402
|-end|p2a: 梦泪|Protosynthesis|[silent]
|switch|p2a: 狐狐|Ninetales, F|88/100
|-weather|SunnyDay|[from] ability: Drought|[of] p2a: 狐狐
|move|p1a: Excadrill|Rapid Spin|p2a: 狐狐
|-damage|p2a: 狐狐|59/100
|-boost|p1a: Excadrill|spe|1
|
|-weather|SunnyDay|[upkeep]
|upkeep
|turn|30
|
|t:|1776295409
|move|p1a: Excadrill|Earthquake|p2a: 狐狐
|-supereffective|p2a: 狐狐
|-damage|p2a: 狐狐|0 fnt
|faint|p2a: 狐狐
|
|-weather|SunnyDay|[upkeep]
|upkeep
|-message|mlgbd forfeited.
|
|win|kopv18
|raw|kopv18's rating: 1484 &rarr; <strong>1505</strong><br />(+21 for winning)
|raw|mlgbd's rating: 1509 &rarr; <strong>1488</strong><br />(-21 for losing)
|l|☆mlgbd
|player|p2|
