|html|<div class="broadcast-blue"><strong>[Gen 9] OU is currently suspecting Volcarona! For information on how to participate check out the <a href="https://www.smogon.com/tools/suspects/view/208">suspect thread</a>.</strong></div>
|j|☆Pedro_Gil_2502
|j|☆soulsil
|t:|1778508477
|gametype|singles
|player|p1|Pedro_Gil_2502|pokemonranger-gen4|1309
|player|p2|soulsil|lucas-gen4pt|1299
|gen|9
|tier|[Gen 9] OU
|rated|
|rule|HP Percentage Mod: HP is shown in percentages
|rule|Endless Battle Clause: Forcing endless battles is banned
|rule|Species Clause: Limit one of each Pokémon
|rule|OHKO Clause: OHKO moves are banned
|rule|Evasion Items Clause: Evasion items are banned
|rule|Evasion Moves Clause: Evasion moves are banned
|rule|Evasion Abilities Clause: Evasion abilities are banned
|rule|Sleep Moves Clause: Sleep-inducing moves are banned
|clearpoke
|poke|p1|Glimmora, F|
|poke|p1|Gholdengo|
|poke|p1|Kingambit, F|
|poke|p1|Rillaboom, M|
|poke|p1|Volcarona, M|
|poke|p1|Great Tusk|
|poke|p2|Deoxys-Speed|
|poke|p2|Garchomp, M|
|poke|p2|Arcanine, M|
|poke|p2|Suicune|
|poke|p2|Weavile, M|
|poke|p2|Great Tusk|
|teampreview
|inactive|Battle timer is ON: inactive players will automatically lose when time's up. (requested by Pedro_Gil_2502)
|
|t:|1778508488
|teamsize|p1|6
|teamsize|p2|6
|start
|switch|p1a: Glimmora|Glimmora, F|100/100
|switch|p2a: Arcanine|Arcanine, M|100/100
|-ability|p2a: Arcanine|Intimidate|boost
|-unboost|p1a: Glimmora|atk|1
|turn|1
|
|t:|1778508496
|move|p1a: Glimmora|Stealth Rock|p2a: Arcanine
|-sidestart|p2: soulsil|move: Stealth Rock
|move|p2a: Arcanine|Flare Blitz|p1a: Glimmora
|-resisted|p1a: Glimmora
|-damage|p1a: Glimmora|43/100
|-activate|p1a: Glimmora|ability: Toxic Debris
|-sidestart|p2: soulsil|move: Toxic Spikes
|-damage|p2a: Arcanine|85/100|[from] Recoil
|
|upkeep
|turn|2
|
|t:|1778508505
|move|p1a: Glimmora|Earth Power|p2a: Arcanine
|-supereffective|p2a: Arcanine
|-damage|p2a: Arcanine|17/100
|move|p2a: Arcanine|Flare Blitz|p1a: Glimmora
|-resisted|p1a: Glimmora
|-damage|p1a: Glimmora|0 fnt
|-activate|p1a: Glimmora|ability: Toxic Debris
|-sidestart|p2: soulsil|move: Toxic Spikes
|faint|p1a: Glimmora
|-damage|p2a: Arcanine|5/100|[from] Recoil
|
|upkeep
|
|t:|1778508516
|switch|p1a: Great Tusk|Great Tusk|100/100
|turn|3
|
|t:|1778508520
|move|p1a: Great Tusk|Rapid Spin|p2a: Arcanine
|-damage|p2a: Arcanine|0 fnt
|-boost|p1a: Great Tusk|spe|1
|faint|p2a: Arcanine
|
|upkeep
|
|t:|1778508527
|switch|p2a: Great Tusk|Great Tusk|100/100
|-damage|p2a: Great Tusk|98/100|[from] Stealth Rock
|-status|p2a: Great Tusk|tox
|-enditem|p2a: Great Tusk|Booster Energy
|-activate|p2a: Great Tusk|ability: Protosynthesis|[fromitem]
|-start|p2a: Great Tusk|protosynthesisatk
|turn|4
|
|t:|1778508543
|move|p1a: Great Tusk|Headlong Rush|p2a: Great Tusk
|-damage|p2a: Great Tusk|52/100 tox
|-unboost|p1a: Great Tusk|def|1
|-unboost|p1a: Great Tusk|spd|1
|move|p2a: Great Tusk|Ice Spinner|p1a: Great Tusk
|-supereffective|p1a: Great Tusk
|-damage|p1a: Great Tusk|17/100
|
|-damage|p2a: Great Tusk|46/100 tox|[from] psn
|upkeep
|turn|5
|
|t:|1778508556
|-end|p1a: Great Tusk|Protosynthesis|[silent]
|switch|p1a: Rillaboom|Rillaboom, M|100/100
|-fieldstart|move: Grassy Terrain|[from] ability: Grassy Surge|[of] p1a: Rillaboom
|move|p2a: Great Tusk|Ice Spinner|p1a: Rillaboom
|-supereffective|p1a: Rillaboom
|-damage|p1a: Rillaboom|14/100
|-fieldend|move: Grassy Terrain
|
|-heal|p1a: Rillaboom|20/100|[from] item: Leftovers
|-damage|p2a: Great Tusk|34/100 tox|[from] psn
|upkeep
|turn|6
|c|☆Pedro_Gil_2502|Oh right
|c|☆Pedro_Gil_2502|Lol i need to remember whats moves do
|
|t:|1778508579
|switch|p1a: Great Tusk|Great Tusk|17/100
|move|p2a: Great Tusk|Ice Spinner|p1a: Great Tusk
|-supereffective|p1a: Great Tusk
|-damage|p1a: Great Tusk|0 fnt
|faint|p1a: Great Tusk
|-end|p1a: Great Tusk|Protosynthesis|[silent]
|
|-damage|p2a: Great Tusk|15/100 tox|[from] psn
|upkeep
|
|t:|1778508582
|switch|p1a: Gholdengo|Gholdengo|100/100
|turn|7
|
|t:|1778508591
|move|p1a: Gholdengo|Shadow Ball|p2a: Great Tusk
|-damage|p2a: Great Tusk|0 fnt
|faint|p2a: Great Tusk
|-end|p2a: Great Tusk|Protosynthesis|[silent]
|
|upkeep
|
|t:|1778508598
|switch|p2a: Garchomp|Garchomp, M|100/100
|-damage|p2a: Garchomp|94/100|[from] Stealth Rock
|-status|p2a: Garchomp|tox
|turn|8
|
|t:|1778508603
|switch|p1a: Rillaboom|Rillaboom, M|20/100
|-fieldstart|move: Grassy Terrain|[from] ability: Grassy Surge|[of] p1a: Rillaboom
|-terastallize|p2a: Garchomp|Ground
|move|p2a: Garchomp|Earthquake|p1a: Rillaboom
|-resisted|p1a: Rillaboom
|-damage|p1a: Rillaboom|0 fnt
|faint|p1a: Rillaboom
|
|-heal|p2a: Garchomp|100/100 tox|[from] Grassy Terrain
|-damage|p2a: Garchomp|94/100 tox|[from] psn
|upkeep
|
|t:|1778508607
|switch|p1a: Volcarona|Volcarona, M|100/100
|turn|9
|
|t:|1778508620
|-terastallize|p1a: Volcarona|Grass
|move|p2a: Garchomp|Earthquake|p1a: Volcarona
|-resisted|p1a: Volcarona
|-damage|p1a: Volcarona|79/100
|move|p1a: Volcarona|Giga Drain|p2a: Garchomp
|-supereffective|p2a: Garchomp
|-damage|p2a: Garchomp|0 fnt
|-heal|p1a: Volcarona|100/100|[from] drain|[of] p2a: Garchomp
|faint|p2a: Garchomp
|
|upkeep
|
|t:|1778508631
|switch|p2a: Weavile|Weavile, M|100/100
|-damage|p2a: Weavile|76/100|[from] Stealth Rock
|-status|p2a: Weavile|tox
|turn|10
|
|t:|1778508636
|move|p2a: Weavile|Ice Spinner|p1a: Volcarona
|-supereffective|p1a: Volcarona
|-damage|p1a: Volcarona|18/100
|-fieldend|move: Grassy Terrain
|move|p1a: Volcarona|Quiver Dance|p1a: Volcarona
|-boost|p1a: Volcarona|spa|1
|-boost|p1a: Volcarona|spd|1
|-boost|p1a: Volcarona|spe|1
|
|-heal|p1a: Volcarona|24/100|[from] item: Leftovers
|-damage|p2a: Weavile|70/100 tox|[from] psn
|upkeep
|turn|11
|
|t:|1778508647
|move|p2a: Weavile|Ice Shard|p1a: Volcarona
|-supereffective|p1a: Volcarona
|-damage|p1a: Volcarona|0 fnt
|faint|p1a: Volcarona
|
|-damage|p2a: Weavile|58/100 tox|[from] psn
|upkeep
|
|t:|1778508653
|switch|p1a: Gholdengo|Gholdengo|100/100
|turn|12
|
|t:|1778508656
|move|p1a: Gholdengo|Make It Rain|p2a: Weavile
|-supereffective|p2a: Weavile
|-damage|p2a: Weavile|0 fnt
|-unboost|p1a: Gholdengo|spa|1
|faint|p2a: Weavile
|
|upkeep
|
|t:|1778508670
|switch|p2a: Suicune|Suicune|100/100
|-damage|p2a: Suicune|88/100|[from] Stealth Rock
|-status|p2a: Suicune|tox
|turn|13
|
|t:|1778508675
|switch|p1a: Kingambit|Kingambit, F|100/100
|-activate|p1a: Kingambit|ability: Supreme Overlord
|-start|p1a: Kingambit|fallen4|[silent]
|move|p2a: Suicune|Scald|p1a: Kingambit
|-damage|p1a: Kingambit|75/100
|-status|p1a: Kingambit|brn
|
|-heal|p2a: Suicune|94/100 tox|[from] item: Leftovers
|-damage|p2a: Suicune|88/100 tox|[from] psn
|-damage|p1a: Kingambit|69/100 brn|[from] brn
|upkeep
|turn|14
|
|t:|1778508688
|move|p2a: Suicune|Scald|p1a: Kingambit
|-damage|p1a: Kingambit|43/100 brn
|move|p1a: Kingambit|Kowtow Cleave|p2a: Suicune
|-damage|p2a: Suicune|67/100 tox
|
|-heal|p2a: Suicune|73/100 tox|[from] item: Leftovers
|-damage|p2a: Suicune|61/100 tox|[from] psn
|-damage|p1a: Kingambit|37/100 brn|[from] brn
|upkeep
|turn|15
|
|t:|1778508699
|move|p2a: Suicune|Scald|p1a: Kingambit
|-damage|p1a: Kingambit|13/100 brn
|move|p1a: Kingambit|Swords Dance|p1a: Kingambit
|-boost|p1a: Kingambit|atk|2
|
|-heal|p2a: Suicune|67/100 tox|[from] item: Leftovers
|-damage|p2a: Suicune|48/100 tox|[from] psn
|-damage|p1a: Kingambit|7/100 brn|[from] brn
|upkeep
|turn|16
|
|t:|1778508709
|move|p2a: Suicune|Scald|p1a: Kingambit
|-damage|p1a: Kingambit|0 fnt
|faint|p1a: Kingambit
|-end|p1a: Kingambit|fallen4|[silent]
|
|-heal|p2a: Suicune|54/100 tox|[from] item: Leftovers
|-damage|p2a: Suicune|30/100 tox|[from] psn
|upkeep
|
|t:|1778508711
|switch|p1a: Gholdengo|Gholdengo|100/100
|turn|17
|
|t:|1778508719
|move|p1a: Gholdengo|Shadow Ball|p2a: Suicune
|-damage|p2a: Suicune|0 fnt
|faint|p2a: Suicune
|
|upkeep
|l|☆soulsil
|inactive|soulsil disconnected and has a minute to reconnect!
|player|p2|
|j|☆soulsil
|inactive|soulsil reconnected and has 120 seconds left.
|player|p2|soulsil|lucas-gen4pt|
|l|☆soulsil
|inactive|soulsil disconnected and has a minute to reconnect!
|player|p2|
|inactive|soulsil has 30 seconds to reconnect!
|inactive|soulsil has 20 seconds to reconnect!
|inactive|soulsil has 15 seconds to reconnect!
|inactive|soulsil has 10 seconds to reconnect!
|j|☆soulsil
|inactive|soulsil reconnected and has 60 seconds left.
|player|p2|soulsil|lucas-gen4pt|
|l|☆soulsil
|inactive|soulsil disconnected and has a minute to reconnect!
|player|p2|
|inactive|soulsil has 30 seconds to reconnect!
|c|☆Pedro_Gil_2502|Go on
|inactive|soulsil has 20 seconds to reconnect!
|inactive|soulsil has 15 seconds to reconnect!
|inactive|soulsil has 10 seconds to reconnect!
|inactive|soulsil has 5 seconds to reconnect!
|-message|soulsil lost due to inactivity.
|
|win|Pedro_Gil_2502
|raw|Pedro_Gil_2502's rating: 1309 &rarr; <strong>1328</strong><br />(+19 for winning)
|raw|soulsil's rating: 1299 &rarr; <strong>1275</strong><br />(-24 for losing)
