|html|<div class="broadcast-blue"><strong>[Gen 9] OU is currently suspecting Tera Blast! For information on how to participate check out the <a href="https://www.smogon.com/tools/suspects/view/200">suspect thread</a>.</strong></div>
|j|‽GODKUD
|j|☆TheRegisAreCool
|t:|1776175789
|gametype|singles
|player|p1|GODKUD|ghetsis-gen5bw|1189
|player|p2|TheRegisAreCool|fisherman-gen4|1188
|gen|9
|tier|[Gen 9] OU
|rated|
|rule|HP Percentage Mod: HP is shown in percentages
|rule|Endless Battle Clause: Forcing endless battles is banned
|rule|Species Clause: Limit one of each Pokémon
|rule|OHKO Clause: OHKO moves are banned
|rule|Evasion Items Clause: Evasion items are banned
|rule|Evasion Moves Clause: Evasion moves are banned
|rule|Evasion Abilities Clause: Evasion abilities are banned
|rule|Sleep Moves Clause: Sleep-inducing moves are banned
|clearpoke
|poke|p1|Feraligatr, M|
|poke|p1|Conkeldurr, M|
|poke|p1|Haxorus, F|
|poke|p1|Deoxys-Speed|
|poke|p1|Tornadus-Therian, M|
|poke|p1|Rampardos, M|
|poke|p2|Conkeldurr, M|
|poke|p2|Iron Moth|
|poke|p2|Glimmora, F|
|poke|p2|Kommo-o, F|
|poke|p2|Samurott-Hisui, M|
|poke|p2|Donphan, F|
|teampreview
|inactive|Battle timer is ON: inactive players will automatically lose when time's up. (requested by GODKUD)
|
|t:|1776175811
|teamsize|p1|6
|teamsize|p2|6
|start
|switch|p1a: Deoxys|Deoxys-Speed|100/100
|switch|p2a: Samurott|Samurott-Hisui, M|100/100
|-ability|p1a: Deoxys|Pressure
|turn|1
|
|t:|1776175831
|move|p1a: Deoxys|Reflect|p1a: Deoxys
|-sidestart|p1: GODKUD|Reflect
|move|p2a: Samurott|Ceaseless Edge|p1a: Deoxys
|-supereffective|p1a: Deoxys
|-damage|p1a: Deoxys|39/100
|-sidestart|p1: GODKUD|Spikes
|
|upkeep
|turn|2
|
|t:|1776175844
|move|p1a: Deoxys|Stealth Rock|p2a: Samurott
|-sidestart|p2: TheRegisAreCool|move: Stealth Rock
|move|p2a: Samurott|Ceaseless Edge|p1a: Deoxys
|-supereffective|p1a: Deoxys
|-damage|p1a: Deoxys|0 fnt
|-sidestart|p1: GODKUD|Spikes
|faint|p1a: Deoxys
|
|upkeep
|
|t:|1776175851
|switch|p1a: Feraligatr|Feraligatr, M|100/100
|-damage|p1a: Feraligatr|84/100|[from] Spikes
|turn|3
|inactive|TheRegisAreCool has 120 seconds left.
|
|t:|1776175908
|move|p1a: Feraligatr|Dragon Dance|p1a: Feraligatr
|-boost|p1a: Feraligatr|atk|1
|-boost|p1a: Feraligatr|spe|1
|move|p2a: Samurott|Ceaseless Edge|p1a: Feraligatr
|-damage|p1a: Feraligatr|58/100
|-sidestart|p1: GODKUD|Spikes
|
|upkeep
|turn|4
|
|t:|1776175921
|move|p1a: Feraligatr|Liquidation|p2a: Samurott
|-resisted|p2a: Samurott
|-damage|p2a: Samurott|36/100
|move|p2a: Samurott|Ceaseless Edge|p1a: Feraligatr
|-damage|p1a: Feraligatr|33/100
|
|upkeep
|turn|5
|
|t:|1776175928
|move|p2a: Samurott|Sucker Punch|p1a: Feraligatr
|-damage|p1a: Feraligatr|13/100
|move|p1a: Feraligatr|Liquidation|p2a: Samurott
|-resisted|p2a: Samurott
|-damage|p2a: Samurott|0 fnt
|faint|p2a: Samurott
|
|upkeep
|
|t:|1776175934
|switch|p2a: Conkeldurr|Conkeldurr, M|100/100
|-damage|p2a: Conkeldurr|94/100|[from] Stealth Rock
|turn|6
|
|t:|1776175937
|move|p2a: Conkeldurr|Mach Punch|p1a: Feraligatr
|-damage|p1a: Feraligatr|0 fnt
|faint|p1a: Feraligatr
|
|-status|p2a: Conkeldurr|brn|[from] item: Flame Orb
|upkeep
|
|t:|1776175943
|switch|p1a: Tornadus|Tornadus-Therian, M|100/100
|turn|7
|
|t:|1776175949
|move|p1a: Tornadus|Bleakwind Storm|p2a: Conkeldurr
|-supereffective|p2a: Conkeldurr
|-damage|p2a: Conkeldurr|0 fnt
|faint|p2a: Conkeldurr
|-damage|p1a: Tornadus|91/100|[from] item: Life Orb
|
|upkeep
|
|t:|1776175959
|switch|p2a: Donphan|Donphan, F|100/100
|turn|8
|
|t:|1776175974
|move|p1a: Tornadus|Grass Knot|p2a: Donphan
|-supereffective|p2a: Donphan
|-ability|p2a: Donphan|Sturdy
|-damage|p2a: Donphan|1/100
|-damage|p1a: Tornadus|81/100|[from] item: Life Orb
|move|p2a: Donphan|Rapid Spin|p1a: Tornadus
|-damage|p1a: Tornadus|68/100
|-boost|p2a: Donphan|spe|1
|-sideend|p2: TheRegisAreCool|Stealth Rock|[from] move: Rapid Spin|[of] p2a: Donphan
|
|-sideend|p1: GODKUD|Reflect
|upkeep
|turn|9
|
|t:|1776175979
|move|p2a: Donphan|Ice Shard|p1a: Tornadus
|-supereffective|p1a: Tornadus
|-damage|p1a: Tornadus|26/100
|move|p1a: Tornadus|Bleakwind Storm|p2a: Donphan
|-damage|p2a: Donphan|0 fnt
|faint|p2a: Donphan
|-damage|p1a: Tornadus|16/100|[from] item: Life Orb
|
|upkeep
|
|t:|1776175990
|switch|p2a: Iron Moth|Iron Moth|100/100
|-enditem|p2a: Iron Moth|Booster Energy
|-activate|p2a: Iron Moth|ability: Quark Drive|[fromitem]
|-start|p2a: Iron Moth|quarkdrivespe
|turn|10
|
|t:|1776175996
|switch|p1a: Rampardos|Rampardos, M|100/100
|-damage|p1a: Rampardos|76/100|[from] Spikes
|-ability|p1a: Rampardos|Mold Breaker
|move|p2a: Iron Moth|Fiery Dance|p1a: Rampardos
|-resisted|p1a: Rampardos
|-damage|p1a: Rampardos|41/100
|
|upkeep
|turn|11
|
|t:|1776176005
|move|p2a: Iron Moth|Energy Ball|p1a: Rampardos
|-supereffective|p1a: Rampardos
|-damage|p1a: Rampardos|0 fnt
|faint|p1a: Rampardos
|
|upkeep
|
|t:|1776176013
|switch|p1a: Haxorus|Haxorus, F|100/100
|-damage|p1a: Haxorus|76/100|[from] Spikes
|-ability|p1a: Haxorus|Mold Breaker
|turn|12
|
|t:|1776176019
|-terastallize|p2a: Iron Moth|Flying
|-terastallize|p1a: Haxorus|Poison
|move|p2a: Iron Moth|Sludge Wave|p1a: Haxorus
|-resisted|p1a: Haxorus
|-damage|p1a: Haxorus|36/100
|move|p1a: Haxorus|Scale Shot|p2a: Iron Moth
|-damage|p2a: Iron Moth|80/100
|-damage|p2a: Iron Moth|60/100
|-damage|p2a: Iron Moth|39/100
|-damage|p2a: Iron Moth|20/100
|-damage|p2a: Iron Moth|0 fnt
|faint|p2a: Iron Moth
|-end|p2a: Iron Moth|Quark Drive|[silent]
|-hitcount|p2: Iron Moth|5
|-unboost|p1a: Haxorus|def|1
|-boost|p1a: Haxorus|spe|1
|
|upkeep
|
|t:|1776176033
|switch|p2a: Glimmora|Glimmora, F|100/100
|turn|13
|
|t:|1776176037
|move|p1a: Haxorus|Scale Shot|p2a: Glimmora
|-damage|p2a: Glimmora|84/100
|-activate|p2a: Glimmora|ability: Toxic Debris
|-sidestart|p1: GODKUD|move: Toxic Spikes
|-damage|p2a: Glimmora|67/100
|-activate|p2a: Glimmora|ability: Toxic Debris
|-sidestart|p1: GODKUD|move: Toxic Spikes
|-damage|p2a: Glimmora|49/100
|-damage|p2a: Glimmora|31/100
|-damage|p2a: Glimmora|14/100
|-hitcount|p2a: Glimmora|5
|-unboost|p1a: Haxorus|def|1
|-boost|p1a: Haxorus|spe|1
|move|p2a: Glimmora|Earth Power|p1a: Haxorus
|-supereffective|p1a: Haxorus
|-damage|p1a: Haxorus|0 fnt
|faint|p1a: Haxorus
|
|upkeep
|
|t:|1776176056
|switch|p1a: Tornadus|Tornadus-Therian, M|49/100
|turn|14
|
|t:|1776176074
|move|p1a: Tornadus|Grass Knot|p2a: Glimmora
|-damage|p2a: Glimmora|0 fnt
|faint|p2a: Glimmora
|-damage|p1a: Tornadus|39/100|[from] item: Life Orb
|
|upkeep
|
|t:|1776176076
|switch|p2a: Kommo-o|Kommo-o, F|100/100
|turn|15
|
|t:|1776176081
|move|p1a: Tornadus|Bleakwind Storm|p2a: Kommo-o|[miss]
|-miss|p1a: Tornadus|p2a: Kommo-o
|move|p2a: Kommo-o|Boomburst|p1a: Tornadus
|-damage|p1a: Tornadus|0 fnt
|faint|p1a: Tornadus
|
|upkeep
|
|t:|1776176084
|switch|p1a: Conkeldurr|Conkeldurr, M|100/100
|-damage|p1a: Conkeldurr|76/100|[from] Spikes
|-status|p1a: Conkeldurr|tox
|turn|16
|
|t:|1776176090
|move|p2a: Kommo-o|Clanging Scales|p1a: Conkeldurr
|-damage|p1a: Conkeldurr|7/100 tox
|-unboost|p2a: Kommo-o|def|1
|move|p1a: Conkeldurr|Drain Punch|p2a: Kommo-o
|-damage|p2a: Kommo-o|11/100
|-heal|p1a: Conkeldurr|50/100 tox|[from] drain|[of] p2a: Kommo-o
|
|-heal|p2a: Kommo-o|17/100|[from] item: Leftovers
|-damage|p1a: Conkeldurr|44/100 tox|[from] psn
|upkeep
|turn|17
|
|t:|1776176098
|move|p1a: Conkeldurr|Mach Punch|p2a: Kommo-o
|-damage|p2a: Kommo-o|0 fnt
|faint|p2a: Kommo-o
|
|win|GODKUD
|raw|GODKUD's rating: 1189 &rarr; <strong>1214</strong><br />(+25 for winning)
|raw|TheRegisAreCool's rating: 1188 &rarr; <strong>1163</strong><br />(-25 for losing)
