|html|<div class="broadcast-blue"><strong>[Gen 9] OU is currently suspecting Tera Blast! For information on how to participate check out the <a href="https://www.smogon.com/tools/suspects/view/200">suspect thread</a>.</strong></div>
|j|☆Zynaxxx
|j|☆gekketed
|t:|1776073921
|gametype|singles
|player|p1|Zynaxxx|pokekid|1097
|player|p2|gekketed|dragontamer|1077
|gen|9
|tier|[Gen 9] OU
|rated|
|rule|HP Percentage Mod: HP is shown in percentages
|rule|Endless Battle Clause: Forcing endless battles is banned
|rule|Species Clause: Limit one of each Pokémon
|rule|OHKO Clause: OHKO moves are banned
|rule|Evasion Items Clause: Evasion items are banned
|rule|Evasion Moves Clause: Evasion moves are banned
|rule|Evasion Abilities Clause: Evasion abilities are banned
|rule|Sleep Moves Clause: Sleep-inducing moves are banned
|clearpoke
|poke|p1|Rillaboom, F|
|poke|p1|Ogerpon-Wellspring, F|
|poke|p1|Glimmora, M|
|poke|p1|Hatterene, F|
|poke|p1|Great Tusk|
|poke|p1|Heatran, F|
|poke|p2|Hawlucha, F|
|poke|p2|Starly, L50, F|
|poke|p2|Smeargle, L50, M|
|poke|p2|Sceptile, L50, M|
|poke|p2|Whimsicott, F|
|poke|p2|Clodsire, F|
|teampreview
|inactive|Battle timer is ON: inactive players will automatically lose when time's up. (requested by gekketed)
|
|t:|1776073936
|teamsize|p1|6
|teamsize|p2|6
|start
|switch|p1a: Rillaboom|Rillaboom, F|100/100
|switch|p2a: Hawlucha|Hawlucha, F, shiny|100/100
|-fieldstart|move: Grassy Terrain|[from] ability: Grassy Surge|[of] p1a: Rillaboom
|turn|1
|
|t:|1776073959
|switch|p1a: Hatterene|Hatterene, F|100/100
|move|p2a: Hawlucha|Swords Dance|p2a: Hawlucha
|-boost|p2a: Hawlucha|atk|2
|
|upkeep
|turn|2
|
|t:|1776073973
|-terastallize|p2a: Hawlucha|Flying
|move|p2a: Hawlucha|Brave Bird|p1a: Hatterene
|-damage|p1a: Hatterene|0 fnt
|faint|p1a: Hatterene
|-damage|p2a: Hawlucha|65/100|[from] Recoil
|
|upkeep
|
|t:|1776073978
|switch|p1a: Glimmora|Glimmora, M|100/100
|turn|3
|
|t:|1776073990
|move|p2a: Hawlucha|Close Combat|p1a: Glimmora
|-enditem|p1a: Glimmora|Focus Sash
|-damage|p1a: Glimmora|1/100
|-unboost|p2a: Hawlucha|def|1
|-unboost|p2a: Hawlucha|spd|1
|-activate|p1a: Glimmora|ability: Toxic Debris
|-sidestart|p2: gekketed|move: Toxic Spikes
|-enditem|p2a: Hawlucha|White Herb
|-clearnegativeboost|p2a: Hawlucha|[silent]
|move|p1a: Glimmora|Power Gem|p2a: Hawlucha
|-supereffective|p2a: Hawlucha
|-damage|p2a: Hawlucha|0 fnt
|faint|p2a: Hawlucha
|
|-heal|p1a: Glimmora|7/100|[from] Grassy Terrain
|upkeep
|
|t:|1776074004
|switch|p2a: Clodsire|Clodsire, F|100/100
|-sideend|p2: gekketed|move: Toxic Spikes|[of] p2a: Clodsire
|turn|4
|
|t:|1776074013
|move|p1a: Glimmora|Earth Power|p2a: Clodsire
|-supereffective|p2a: Clodsire
|-damage|p2a: Clodsire|55/100
|-unboost|p2a: Clodsire|spd|1
|move|p2a: Clodsire|Earthquake|p1a: Glimmora
|-supereffective|p1a: Glimmora
|-damage|p1a: Glimmora|0 fnt
|-activate|p1a: Glimmora|ability: Toxic Debris
|-sidestart|p2: gekketed|move: Toxic Spikes
|faint|p1a: Glimmora
|
|-heal|p2a: Clodsire|61/100|[from] Grassy Terrain
|upkeep
|
|t:|1776074023
|switch|p1a: Ogerpon|Ogerpon-Wellspring, F|100/100
|turn|5
|
|t:|1776074033
|switch|p2a: Starly|Starly, L50, F, shiny|100/100
|move|p1a: Ogerpon|Ivy Cudgel|p2a: Starly|[anim] Ivy Cudgel Water
|-enditem|p2a: Starly|Focus Sash
|-damage|p2a: Starly|1/100
|
|-fieldend|move: Grassy Terrain
|upkeep
|turn|6
|
|t:|1776074049
|move|p2a: Starly|Protect|p2a: Starly
|-singleturn|p2a: Starly|Protect
|move|p1a: Ogerpon|U-turn|p2a: Starly
|-activate|p2a: Starly|move: Protect
|
|upkeep
|turn|7
|
|t:|1776074063
|move|p2a: Starly|Quick Attack|p1a: Ogerpon
|-damage|p1a: Ogerpon|96/100
|move|p1a: Ogerpon|U-turn|p2a: Starly
|-resisted|p2a: Starly
|-damage|p2a: Starly|0 fnt
|faint|p2a: Starly
|
|t:|1776074071
|switch|p1a: Great Tusk|Great Tusk|100/100|[from] U-turn
|
|upkeep
|
|t:|1776074077
|switch|p2a: Clodsire|Clodsire, F|61/100
|-sideend|p2: gekketed|move: Toxic Spikes|[of] p2a: Clodsire
|turn|8
|
|t:|1776074081
|move|p1a: Great Tusk|Headlong Rush|p2a: Clodsire
|-supereffective|p2a: Clodsire
|-damage|p2a: Clodsire|0 fnt
|-unboost|p1a: Great Tusk|def|1
|-unboost|p1a: Great Tusk|spd|1
|-damage|p1a: Great Tusk|84/100|[from] item: Rocky Helmet|[of] p2a: Clodsire
|faint|p2a: Clodsire
|
|upkeep
|
|t:|1776074090
|switch|p2a: Whimsicott|Whimsicott, F|100/100
|turn|9
|
|t:|1776074094
|move|p2a: Whimsicott|Leech Seed|p1a: Great Tusk|[miss]
|-miss|p2a: Whimsicott|p1a: Great Tusk
|move|p1a: Great Tusk|Ice Spinner|p2a: Whimsicott
|-supereffective|p2a: Whimsicott
|-damage|p2a: Whimsicott|56/100
|
|-heal|p2a: Whimsicott|62/100|[from] item: Leftovers
|upkeep
|turn|10
|
|t:|1776074101
|move|p2a: Whimsicott|Leech Seed|p1a: Great Tusk
|-start|p1a: Great Tusk|move: Leech Seed
|move|p1a: Great Tusk|Ice Spinner|p2a: Whimsicott
|-supereffective|p2a: Whimsicott
|-damage|p2a: Whimsicott|14/100
|
|-heal|p2a: Whimsicott|20/100|[from] item: Leftovers
|-damage|p1a: Great Tusk|72/100|[from] Leech Seed|[of] p2a: Whimsicott
|-heal|p2a: Whimsicott|34/100|[silent]
|upkeep
|turn|11
|
|t:|1776074109
|-end|p1a: Great Tusk|Protosynthesis|[silent]
|switch|p1a: Heatran|Heatran, F|100/100
|move|p2a: Whimsicott|Protect||[still]
|-fail|p2a: Whimsicott
|
|-heal|p2a: Whimsicott|40/100|[from] item: Leftovers
|upkeep
|turn|12
|
|t:|1776074129
|switch|p2a: Smeargle|Smeargle, L50, M|100/100
|move|p1a: Heatran|Magma Storm|p2a: Smeargle
|-enditem|p2a: Smeargle|Focus Sash
|-damage|p2a: Smeargle|1/100
|-activate|p2a: Smeargle|move: Magma Storm|[of] p1a: Heatran
|
|-damage|p2a: Smeargle|0 fnt|[from] move: Magma Storm|[partiallytrapped]
|faint|p2a: Smeargle
|upkeep
|
|t:|1776074139
|switch|p2a: Sceptile|Sceptile, L50, M, shiny|100/100
|turn|13
|
|t:|1776074142
|move|p1a: Heatran|Magma Storm|p2a: Sceptile|[miss]
|-miss|p1a: Heatran|p2a: Sceptile
|move|p2a: Sceptile|Endeavor|p1a: Heatran
|-damage|p1a: Heatran|45/100
|
|-heal|p1a: Heatran|52/100|[from] item: Leftovers
|upkeep
|turn|14
|
|t:|1776074152
|move|p1a: Heatran|Magma Storm|p2a: Sceptile|[miss]
|-miss|p1a: Heatran|p2a: Sceptile
|move|p2a: Sceptile|Endeavor|p1a: Heatran
|-damage|p1a: Heatran|45/100
|
|-heal|p1a: Heatran|52/100|[from] item: Leftovers
|upkeep
|turn|15
|c|☆gekketed|lol
|
|t:|1776074160
|move|p2a: Sceptile|Protect|p2a: Sceptile
|-singleturn|p2a: Sceptile|Protect
|move|p1a: Heatran|Magma Storm|p2a: Sceptile
|-activate|p2a: Sceptile|move: Protect
|
|-heal|p1a: Heatran|58/100|[from] item: Leftovers
|upkeep
|turn|16
|c|☆Zynaxxx|lol
|
|t:|1776074172
|move|p1a: Heatran|Magma Storm|p2a: Sceptile
|-supereffective|p2a: Sceptile
|-enditem|p2a: Sceptile|Focus Sash
|-damage|p2a: Sceptile|1/100
|-activate|p2a: Sceptile|move: Magma Storm|[of] p1a: Heatran
|move|p2a: Sceptile|Leech Seed|p1a: Heatran
|-start|p1a: Heatran|move: Leech Seed
|
|-heal|p1a: Heatran|64/100|[from] item: Leftovers
|-damage|p1a: Heatran|52/100|[from] Leech Seed|[of] p2a: Sceptile
|-heal|p2a: Sceptile|29/100|[silent]
|-damage|p2a: Sceptile|16/100|[from] move: Magma Storm|[partiallytrapped]
|upkeep
|turn|17
|
|t:|1776074182
|move|p2a: Sceptile|Protect|p2a: Sceptile
|-singleturn|p2a: Sceptile|Protect
|move|p1a: Heatran|Magma Storm|p2a: Sceptile
|-activate|p2a: Sceptile|move: Protect
|
|-heal|p1a: Heatran|58/100|[from] item: Leftovers
|-damage|p1a: Heatran|45/100|[from] Leech Seed|[of] p2a: Sceptile
|-heal|p2a: Sceptile|44/100|[silent]
|-damage|p2a: Sceptile|32/100|[from] move: Magma Storm|[partiallytrapped]
|upkeep
|turn|18
|
|t:|1776074195
|move|p2a: Sceptile|Protect||[still]
|-fail|p2a: Sceptile
|move|p1a: Heatran|Magma Storm|p2a: Sceptile|[miss]
|-miss|p1a: Heatran|p2a: Sceptile
|
|-heal|p1a: Heatran|52/100|[from] item: Leftovers
|-damage|p1a: Heatran|39/100|[from] Leech Seed|[of] p2a: Sceptile
|-heal|p2a: Sceptile|59/100|[silent]
|-damage|p2a: Sceptile|47/100|[from] move: Magma Storm|[partiallytrapped]
|upkeep
|turn|19
|c|☆gekketed|lol
|
|t:|1776074204
|move|p2a: Sceptile|Protect|p2a: Sceptile
|-singleturn|p2a: Sceptile|Protect
|move|p1a: Heatran|Magma Storm|p2a: Sceptile
|-activate|p2a: Sceptile|move: Protect
|
|-heal|p1a: Heatran|45/100|[from] item: Leftovers
|-damage|p1a: Heatran|33/100|[from] Leech Seed|[of] p2a: Sceptile
|-heal|p2a: Sceptile|74/100|[silent]
|-damage|p2a: Sceptile|62/100|[from] move: Magma Storm|[partiallytrapped]
|upkeep
|turn|20
|
|t:|1776074215
|move|p2a: Sceptile|Protect||[still]
|-fail|p2a: Sceptile
|move|p1a: Heatran|Will-O-Wisp|p2a: Sceptile
|-status|p2a: Sceptile|brn
|
|-heal|p1a: Heatran|39/100|[from] item: Leftovers
|-damage|p1a: Heatran|27/100|[from] Leech Seed|[of] p2a: Sceptile
|-heal|p2a: Sceptile|89/100 brn|[silent]
|-damage|p2a: Sceptile|83/100 brn|[from] brn
|-end|p2a: Sceptile|Magma Storm|[partiallytrapped]
|upkeep
|turn|21
|
|t:|1776074225
|switch|p1a: Rillaboom|Rillaboom, F|100/100
|-fieldstart|move: Grassy Terrain|[from] ability: Grassy Surge|[of] p1a: Rillaboom
|move|p2a: Sceptile|Protect||[still]
|-fail|p2a: Sceptile
|
|-heal|p2a: Sceptile|89/100 brn|[from] Grassy Terrain
|-damage|p2a: Sceptile|83/100 brn|[from] brn
|upkeep
|turn|22
|
|t:|1776074235
|move|p1a: Rillaboom|Grassy Glide|p2a: Sceptile
|-resisted|p2a: Sceptile
|-damage|p2a: Sceptile|0 fnt
|faint|p2a: Sceptile
|-damage|p1a: Rillaboom|91/100|[from] item: Life Orb
|
|-heal|p1a: Rillaboom|97/100|[from] Grassy Terrain
|upkeep
|l|☆Zynaxxx
|inactive|Zynaxxx disconnected and has a minute to reconnect!
|player|p1|
|
|t:|1776074243
|switch|p2a: Whimsicott|Whimsicott, F|40/100
|turn|23
|j|☆Zynaxxx
|inactive|Zynaxxx reconnected and has 140 seconds left.
|player|p1|Zynaxxx|pokekid|
|
|t:|1776074266
|move|p2a: Whimsicott|Protect|p2a: Whimsicott
|-singleturn|p2a: Whimsicott|Protect
|move|p1a: Rillaboom|Grassy Glide|p2a: Whimsicott
|-activate|p2a: Whimsicott|move: Protect
|
|-heal|p1a: Rillaboom|100/100|[from] Grassy Terrain
|-heal|p2a: Whimsicott|47/100|[from] Grassy Terrain
|-heal|p2a: Whimsicott|53/100|[from] item: Leftovers
|upkeep
|turn|24
|
|t:|1776074275
|move|p1a: Rillaboom|Grassy Glide|p2a: Whimsicott
|-resisted|p2a: Whimsicott
|-damage|p2a: Whimsicott|31/100
|-damage|p1a: Rillaboom|91/100|[from] item: Life Orb
|move|p2a: Whimsicott|Substitute|p2a: Whimsicott
|-start|p2a: Whimsicott|Substitute
|-damage|p2a: Whimsicott|7/100
|
|-heal|p1a: Rillaboom|97/100|[from] Grassy Terrain
|-heal|p2a: Whimsicott|13/100|[from] Grassy Terrain
|-heal|p2a: Whimsicott|19/100|[from] item: Leftovers
|upkeep
|turn|25
|
|t:|1776074285
|move|p2a: Whimsicott|Protect|p2a: Whimsicott
|-singleturn|p2a: Whimsicott|Protect
|move|p1a: Rillaboom|Grassy Glide|p2a: Whimsicott
|-activate|p2a: Whimsicott|move: Protect
|
|-heal|p1a: Rillaboom|100/100|[from] Grassy Terrain
|-heal|p2a: Whimsicott|25/100|[from] Grassy Terrain
|-heal|p2a: Whimsicott|31/100|[from] item: Leftovers
|-fieldend|move: Grassy Terrain
|upkeep
|turn|26
|
|t:|1776074295
|move|p2a: Whimsicott|Encore|p1a: Rillaboom
|-start|p1a: Rillaboom|Encore
|move|p1a: Rillaboom|Grassy Glide|p2a: Whimsicott
|-resisted|p2a: Whimsicott
|-activate|p2a: Whimsicott|move: Substitute|[damage]
|-damage|p1a: Rillaboom|91/100|[from] item: Life Orb
|
|-heal|p2a: Whimsicott|38/100|[from] item: Leftovers
|upkeep
|turn|27
|
|t:|1776074309
|switch|p1a: Great Tusk|Great Tusk|72/100
|move|p2a: Whimsicott|Protect||[still]
|-fail|p2a: Whimsicott
|
|-heal|p2a: Whimsicott|44/100|[from] item: Leftovers
|upkeep
|turn|28
|
|t:|1776074315
|-terastallize|p1a: Great Tusk|Steel
|move|p2a: Whimsicott|Leech Seed|p1a: Great Tusk
|-start|p1a: Great Tusk|move: Leech Seed
|move|p1a: Great Tusk|Ice Spinner|p2a: Whimsicott
|-supereffective|p2a: Whimsicott
|-end|p2a: Whimsicott|Substitute
|
|-heal|p2a: Whimsicott|50/100|[from] item: Leftovers
|-damage|p1a: Great Tusk|59/100|[from] Leech Seed|[of] p2a: Whimsicott
|-heal|p2a: Whimsicott|64/100|[silent]
|upkeep
|turn|29
|
|t:|1776074325
|move|p2a: Whimsicott|Substitute|p2a: Whimsicott
|-start|p2a: Whimsicott|Substitute
|-damage|p2a: Whimsicott|40/100
|move|p1a: Great Tusk|Ice Spinner|p2a: Whimsicott
|-supereffective|p2a: Whimsicott
|-end|p2a: Whimsicott|Substitute
|
|-heal|p2a: Whimsicott|46/100|[from] item: Leftovers
|-damage|p1a: Great Tusk|47/100|[from] Leech Seed|[of] p2a: Whimsicott
|-heal|p2a: Whimsicott|60/100|[silent]
|upkeep
|turn|30
|
|t:|1776074333
|move|p2a: Whimsicott|Protect|p2a: Whimsicott
|-singleturn|p2a: Whimsicott|Protect
|move|p1a: Great Tusk|Ice Spinner|p2a: Whimsicott
|-activate|p2a: Whimsicott|move: Protect
|
|-heal|p2a: Whimsicott|66/100|[from] item: Leftovers
|-damage|p1a: Great Tusk|34/100|[from] Leech Seed|[of] p2a: Whimsicott
|-heal|p2a: Whimsicott|80/100|[silent]
|upkeep
|turn|31
|
|t:|1776074345
|move|p2a: Whimsicott|Substitute|p2a: Whimsicott
|-start|p2a: Whimsicott|Substitute
|-damage|p2a: Whimsicott|56/100
|move|p1a: Great Tusk|Ice Spinner|p2a: Whimsicott
|-supereffective|p2a: Whimsicott
|-end|p2a: Whimsicott|Substitute
|
|-heal|p2a: Whimsicott|62/100|[from] item: Leftovers
|-damage|p1a: Great Tusk|22/100|[from] Leech Seed|[of] p2a: Whimsicott
|-heal|p2a: Whimsicott|76/100|[silent]
|upkeep
|turn|32
|
|t:|1776074355
|move|p2a: Whimsicott|Protect|p2a: Whimsicott
|-singleturn|p2a: Whimsicott|Protect
|move|p1a: Great Tusk|Ice Spinner|p2a: Whimsicott
|-activate|p2a: Whimsicott|move: Protect
|
|-heal|p2a: Whimsicott|82/100|[from] item: Leftovers
|-damage|p1a: Great Tusk|10/100|[from] Leech Seed|[of] p2a: Whimsicott
|-heal|p2a: Whimsicott|96/100|[silent]
|upkeep
|turn|33
|c|☆gekketed|lol
|
|t:|1776074363
|move|p2a: Whimsicott|Substitute|p2a: Whimsicott
|-start|p2a: Whimsicott|Substitute
|-damage|p2a: Whimsicott|72/100
|move|p1a: Great Tusk|Ice Spinner|p2a: Whimsicott
|-supereffective|p2a: Whimsicott
|-end|p2a: Whimsicott|Substitute
|
|-heal|p2a: Whimsicott|78/100|[from] item: Leftovers
|-damage|p1a: Great Tusk|0 fnt|[from] Leech Seed|[of] p2a: Whimsicott
|-heal|p2a: Whimsicott|88/100|[silent]
|faint|p1a: Great Tusk
|-end|p1a: Great Tusk|Protosynthesis|[silent]
|upkeep
|
|t:|1776074374
|switch|p1a: Ogerpon|Ogerpon-Wellspring, F|96/100
|turn|34
|
|t:|1776074379
|move|p2a: Whimsicott|Leech Seed|p1a: Ogerpon
|-immune|p1a: Ogerpon
|move|p1a: Ogerpon|Knock Off|p2a: Whimsicott
|-resisted|p2a: Whimsicott
|-damage|p2a: Whimsicott|71/100
|-enditem|p2a: Whimsicott|Leftovers|[from] move: Knock Off|[of] p1a: Ogerpon
|
|upkeep
|turn|35
|c|☆gekketed|I have no attacking moves broski xD
|
|t:|1776074389
|move|p2a: Whimsicott|Encore|p1a: Ogerpon
|-start|p1a: Ogerpon|Encore
|move|p1a: Ogerpon|Knock Off|p2a: Whimsicott
|-resisted|p2a: Whimsicott
|-damage|p2a: Whimsicott|60/100
|
|upkeep
|turn|36
|
|t:|1776074396
|move|p2a: Whimsicott|Leech Seed|p1a: Ogerpon
|-immune|p1a: Ogerpon
|move|p1a: Ogerpon|Knock Off|p2a: Whimsicott
|-resisted|p2a: Whimsicott
|-damage|p2a: Whimsicott|49/100
|
|upkeep
|turn|37
|
|t:|1776074402
|move|p2a: Whimsicott|Protect|p2a: Whimsicott
|-singleturn|p2a: Whimsicott|Protect
|move|p1a: Ogerpon|Knock Off|p2a: Whimsicott
|-activate|p2a: Whimsicott|move: Protect
|
|-end|p1a: Ogerpon|Encore
|upkeep
|turn|38
|c|☆gekketed|lol
|
|t:|1776074413
|move|p2a: Whimsicott|Substitute|p2a: Whimsicott
|-start|p2a: Whimsicott|Substitute
|-damage|p2a: Whimsicott|24/100
|move|p1a: Ogerpon|Ivy Cudgel|p2a: Whimsicott|[anim] Ivy Cudgel Water
|-resisted|p2a: Whimsicott
|-end|p2a: Whimsicott|Substitute
|
|upkeep
|turn|39
|c|☆gekketed|good gal
|
|t:|1776074422
|move|p2a: Whimsicott|Encore|p1a: Ogerpon
|-start|p1a: Ogerpon|Encore
|move|p1a: Ogerpon|Ivy Cudgel|p2a: Whimsicott|[anim] Ivy Cudgel Water
|-resisted|p2a: Whimsicott
|-damage|p2a: Whimsicott|0 fnt
|faint|p2a: Whimsicott
|
|win|Zynaxxx
|raw|Zynaxxx's rating: 1097 &rarr; <strong>1121</strong><br />(+24 for winning)
|raw|gekketed's rating: 1077 &rarr; <strong>1057</strong><br />(-20 for losing)
|l|☆gekketed
|player|p2|
|l|☆Zynaxxx
|player|p1|
