|html|<div class="broadcast-blue"><strong>[Gen 9] OU is currently suspecting Tera Blast! For information on how to participate check out the <a href="https://www.smogon.com/tools/suspects/view/200">suspect thread</a>.</strong></div>
|j|☆pressacanadagoose
|j|☆Jean-Terablast
|t:|1776251431
|gametype|singles
|player|p1|pressacanadagoose|swimmerf|1675
|player|p2|Jean-Terablast|blaine|1621
|gen|9
|tier|[Gen 9] OU
|rated|
|rule|HP Percentage Mod: HP is shown in percentages
|rule|Endless Battle Clause: Forcing endless battles is banned
|rule|Species Clause: Limit one of each Pokémon
|rule|OHKO Clause: OHKO moves are banned
|rule|Evasion Items Clause: Evasion items are banned
|rule|Evasion Moves Clause: Evasion moves are banned
|rule|Evasion Abilities Clause: Evasion abilities are banned
|rule|Sleep Moves Clause: Sleep-inducing moves are banned
|clearpoke
|poke|p1|Deoxys-Speed|
|poke|p1|Great Tusk|
|poke|p1|Dragonite, M|
|poke|p1|Iron Valiant|
|poke|p1|Kingambit, F|
|poke|p1|Glimmora, F|
|poke|p2|Hatterene, F|
|poke|p2|Farigiraf, F|
|poke|p2|Mimikyu, F|
|poke|p2|Ursaluna, M|
|poke|p2|Slither Wing|
|poke|p2|Torkoal, F|
|teampreview
|
|t:|1776251442
|teamsize|p1|6
|teamsize|p2|6
|start
|switch|p1a: Glimmora|Glimmora, F|100/100
|switch|p2a: Chapi Chapo|Hatterene, F|100/100
|turn|1
|
|t:|1776251448
|-terastallize|p2a: Chapi Chapo|Steel
|move|p1a: Glimmora|Meteor Beam||[still]
|-prepare|p1a: Glimmora|Meteor Beam
|-boost|p1a: Glimmora|spa|1
|-enditem|p1a: Glimmora|Power Herb
|-anim|p1a: Glimmora|Meteor Beam|p2a: Chapi Chapo|[miss]
|-miss|p1a: Glimmora|p2a: Chapi Chapo
|move|p2a: Chapi Chapo|Psychic|p1a: Glimmora
|-supereffective|p1a: Glimmora
|-damage|p1a: Glimmora|0 fnt
|faint|p1a: Glimmora
|
|upkeep
|inactive|Battle timer is ON: inactive players will automatically lose when time's up. (requested by Jean-Terablast)
|
|t:|1776251478
|switch|p1a: Great Tusk|Great Tusk|100/100
|-enditem|p1a: Great Tusk|Booster Energy
|-activate|p1a: Great Tusk|ability: Protosynthesis|[fromitem]
|-start|p1a: Great Tusk|protosynthesisspe
|turn|2
|j| TDTNHT
|
|t:|1776251484
|move|p1a: Great Tusk|Headlong Rush|p2a: Chapi Chapo
|-supereffective|p2a: Chapi Chapo
|-enditem|p2a: Chapi Chapo|Focus Sash
|-damage|p2a: Chapi Chapo|1/100
|-unboost|p1a: Great Tusk|def|1
|-unboost|p1a: Great Tusk|spd|1
|move|p2a: Chapi Chapo|Trick Room|p2a: Chapi Chapo
|-fieldstart|move: Trick Room|[of] p2a: Chapi Chapo
|
|upkeep
|turn|3
|
|t:|1776251492
|move|p2a: Chapi Chapo|Misty Explosion|p1a: Great Tusk
|-supereffective|p1a: Great Tusk
|-damage|p1a: Great Tusk|0 fnt
|faint|p2a: Chapi Chapo
|faint|p1a: Great Tusk
|-end|p1a: Great Tusk|Protosynthesis|[silent]
|
|upkeep
|
|t:|1776251497
|switch|p2a: Grosse Mite|Slither Wing|100/100
|switch|p1a: Deoxys|Deoxys-Speed|100/100
|-ability|p1a: Deoxys|Pressure
|turn|4
|
|t:|1776251504
|switch|p1a: Iron Valiant|Iron Valiant|100/100
|-enditem|p1a: Iron Valiant|Booster Energy
|-activate|p1a: Iron Valiant|ability: Quark Drive|[fromitem]
|-start|p1a: Iron Valiant|quarkdrivespe
|move|p2a: Grosse Mite|U-turn|p1a: Iron Valiant
|-resisted|p1a: Iron Valiant
|-damage|p1a: Iron Valiant|81/100
|
|t:|1776251512
|-end|p2a: Grosse Mite|Protosynthesis|[silent]
|switch|p2a: Petit Ours Brun|Ursaluna, M|100/100|[from] U-turn
|
|-status|p2a: Petit Ours Brun|brn|[from] item: Flame Orb
|upkeep
|turn|5
|j| Ctannn
|
|t:|1776251517
|-end|p1a: Iron Valiant|Quark Drive|[silent]
|switch|p1a: Kingambit|Kingambit, F|100/100
|-activate|p1a: Kingambit|ability: Supreme Overlord
|-start|p1a: Kingambit|fallen2|[silent]
|move|p2a: Petit Ours Brun|Earthquake|p1a: Kingambit
|-supereffective|p1a: Kingambit
|-damage|p1a: Kingambit|0 fnt
|faint|p1a: Kingambit
|-end|p1a: Kingambit|fallen2|[silent]
|
|-damage|p2a: Petit Ours Brun|94/100 brn|[from] brn
|upkeep
|
|t:|1776251521
|switch|p1a: Iron Valiant|Iron Valiant|81/100
|turn|6
|
|t:|1776251527
|move|p2a: Petit Ours Brun|Facade|p1a: Iron Valiant
|-damage|p1a: Iron Valiant|0 fnt
|faint|p1a: Iron Valiant
|-end|p1a: Iron Valiant|Quark Drive|[silent]
|
|-damage|p2a: Petit Ours Brun|88/100 brn|[from] brn
|-fieldend|move: Trick Room
|upkeep
|
|t:|1776251530
|switch|p1a: Deoxys|Deoxys-Speed|100/100
|-ability|p1a: Deoxys|Pressure
|turn|7
|
|t:|1776251536
|move|p1a: Deoxys|Reflect|p1a: Deoxys
|-sidestart|p1: pressacanadagoose|Reflect
|move|p2a: Petit Ours Brun|Facade|p1a: Deoxys
|-damage|p1a: Deoxys|19/100
|
|-damage|p2a: Petit Ours Brun|82/100 brn|[from] brn
|upkeep
|turn|8
|
|t:|1776251542
|switch|p2a: Mimie Mathy|Mimikyu, F|100/100
|move|p1a: Deoxys|Light Screen|p1a: Deoxys
|-sidestart|p1: pressacanadagoose|move: Light Screen
|
|upkeep
|turn|9
|
|t:|1776251546
|move|p2a: Mimie Mathy|Shadow Sneak|p1a: Deoxys
|-supereffective|p1a: Deoxys
|-damage|p1a: Deoxys|0 fnt
|faint|p1a: Deoxys
|-damage|p2a: Mimie Mathy|91/100|[from] item: Life Orb
|
|upkeep
|
|t:|1776251548
|switch|p1a: Dragonite|Dragonite, M|100/100
|turn|10
|
|t:|1776251553
|move|p1a: Dragonite|Substitute|p1a: Dragonite
|-start|p1a: Dragonite|Substitute
|-damage|p1a: Dragonite|76/100
|move|p2a: Mimie Mathy|Curse|p1a: Dragonite
|-start|p1a: Dragonite|Curse|[of] p2a: Mimie Mathy
|-damage|p2a: Mimie Mathy|41/100
|
|-heal|p1a: Dragonite|82/100|[from] item: Leftovers
|-damage|p1a: Dragonite|57/100|[from] Curse
|upkeep
|turn|11
|
|t:|1776251562
|switch|p2a: Sophie|Farigiraf, F|100/100
|move|p1a: Dragonite|Earthquake|p2a: Sophie
|-damage|p2a: Sophie|64/100
|
|-heal|p1a: Dragonite|63/100|[from] item: Leftovers
|-damage|p1a: Dragonite|39/100|[from] Curse
|upkeep
|turn|12
|
|t:|1776251571
|move|p1a: Dragonite|Dragon Dance|p1a: Dragonite
|-boost|p1a: Dragonite|atk|1
|-boost|p1a: Dragonite|spe|1
|move|p2a: Sophie|Nasty Plot|p2a: Sophie
|-boost|p2a: Sophie|spa|2
|
|-heal|p1a: Dragonite|45/100|[from] item: Leftovers
|-damage|p1a: Dragonite|20/100|[from] Curse
|upkeep
|turn|13
|
|t:|1776251580
|-terastallize|p1a: Dragonite|Flying
|move|p1a: Dragonite|Tera Blast|p2a: Sophie|[anim] Tera Blast Flying
|-damage|p2a: Sophie|0 fnt
|faint|p2a: Sophie
|
|-heal|p1a: Dragonite|26/100|[from] item: Leftovers
|-damage|p1a: Dragonite|1/100|[from] Curse
|upkeep
|
|t:|1776251589
|switch|p2a: Mimie Mathy|Mimikyu, F|41/100
|turn|14
|
|t:|1776251591
|move|p1a: Dragonite|Earthquake|p2a: Mimie Mathy
|-activate|p2a: Mimie Mathy|ability: Disguise
|-damage|p2a: Mimie Mathy|41/100
|detailschange|p2a: Mimie Mathy|Mimikyu-Busted, F
|-damage|p2a: Mimie Mathy|28/100|[from] pokemon: Mimikyu-Busted
|move|p2a: Mimie Mathy|Trick Room|p2a: Mimie Mathy
|-fieldstart|move: Trick Room|[of] p2a: Mimie Mathy
|
|-heal|p1a: Dragonite|8/100|[from] item: Leftovers
|-damage|p1a: Dragonite|0 fnt|[from] Curse
|faint|p1a: Dragonite
|
|win|Jean-Terablast
|raw|pressacanadagoose's rating: 1675 &rarr; <strong>1652</strong><br />(-23 for losing)
|raw|Jean-Terablast's rating: 1621 &rarr; <strong>1644</strong><br />(+23 for winning)
|l|☆pressacanadagoose
|player|p1|
|l| TDTNHT
|l|☆Jean-Terablast
|player|p2|
