|html|<div class="broadcast-blue"><strong>[Gen 9] OU is currently suspecting Tera Blast! For information on how to participate check out the <a href="https://www.smogon.com/tools/suspects/view/200">suspect thread</a>.</strong></div>
|j|☆UZIL
|j|☆Cynartz
|t:|1776068825
|gametype|singles
|player|p1|UZIL|2|
|player|p2|Cynartz|266|
|gen|9
|tier|[Gen 9] OU
|rule|HP Percentage Mod: HP is shown in percentages
|rule|Endless Battle Clause: Forcing endless battles is banned
|rule|Species Clause: Limit one of each Pokémon
|rule|OHKO Clause: OHKO moves are banned
|rule|Evasion Items Clause: Evasion items are banned
|rule|Evasion Moves Clause: Evasion moves are banned
|rule|Evasion Abilities Clause: Evasion abilities are banned
|rule|Sleep Moves Clause: Sleep-inducing moves are banned
|clearpoke
|poke|p1|Ceruledge, M|
|poke|p1|Gliscor, M|
|poke|p1|Gholdengo|
|poke|p1|Cinderace, M|
|poke|p1|Zapdos|
|poke|p1|Heatran, M|
|poke|p2|Grimmsnarl, M|
|poke|p2|Gyarados, F|
|poke|p2|Iron Moth|
|poke|p2|Kyurem|
|poke|p2|Hatterene, F|
|poke|p2|Kingambit, F|
|teampreview
|
|t:|1776068847
|teamsize|p1|6
|teamsize|p2|6
|start
|switch|p1a: Zapdos|Zapdos|100/100
|switch|p2a: Kingambit|Kingambit, F|100/100
|turn|1
|
|t:|1776068858
|move|p2a: Kingambit|Sucker Punch||[still]
|-fail|p2a: Kingambit
|move|p1a: Zapdos|Tailwind|p1a: Zapdos
|-sidestart|p1: UZIL|move: Tailwind
|
|upkeep
|turn|2
|
|t:|1776068867
|move|p2a: Kingambit|Sucker Punch|p1a: Zapdos
|-damage|p1a: Zapdos|41/100
|move|p1a: Zapdos|Heat Wave|p2a: Kingambit
|-supereffective|p2a: Kingambit
|-damage|p2a: Kingambit|8/100
|-damage|p1a: Zapdos|31/100|[from] item: Life Orb
|
|upkeep
|turn|3
|
|t:|1776068875
|move|p1a: Zapdos|Roost|p1a: Zapdos
|-heal|p1a: Zapdos|81/100
|-singleturn|p1a: Zapdos|move: Roost
|move|p2a: Kingambit|Kowtow Cleave|p1a: Zapdos
|-damage|p1a: Zapdos|5/100
|-status|p2a: Kingambit|par|[from] ability: Static|[of] p1a: Zapdos
|
|upkeep
|turn|4
|
|t:|1776068894
|move|p1a: Zapdos|Roost|p1a: Zapdos
|-heal|p1a: Zapdos|55/100
|-singleturn|p1a: Zapdos|move: Roost
|cant|p2a: Kingambit|par
|
|-sideend|p1: UZIL|move: Tailwind
|upkeep
|turn|5
|
|t:|1776068912
|move|p2a: Kingambit|Sucker Punch||[still]
|-fail|p2a: Kingambit
|move|p1a: Zapdos|Tailwind|p1a: Zapdos
|-sidestart|p1: UZIL|move: Tailwind
|
|upkeep
|turn|6
|
|t:|1776068929
|switch|p1a: Heatran|Heatran, M|100/100
|cant|p2a: Kingambit|par
|
|upkeep
|turn|7
|
|t:|1776068936
|-end|p2a: Kingambit|fallenundefined|[silent]
|switch|p2a: Hatterene|Hatterene, F|100/100
|-item|p2a: Hatterene|Air Balloon
|move|p1a: Heatran|Stealth Rock|p2a: Hatterene
|move|p2a: Hatterene|Stealth Rock|p1a: Heatran|[from] ability: Magic Bounce
|-sidestart|p1: UZIL|move: Stealth Rock
|
|upkeep
|turn|8
|
|t:|1776068954
|move|p1a: Heatran|Flash Cannon|p2a: Hatterene
|-supereffective|p2a: Hatterene
|-damage|p2a: Hatterene|0 fnt
|-enditem|p2a: Hatterene|Air Balloon
|faint|p2a: Hatterene
|
|-sideend|p1: UZIL|move: Tailwind
|upkeep
|
|t:|1776068960
|switch|p2a: Gyarados|Gyarados, F|100/100
|turn|9
|
|t:|1776068970
|switch|p1a: Zapdos|Zapdos|55/100
|-damage|p1a: Zapdos|30/100|[from] Stealth Rock
|move|p2a: Gyarados|Dragon Dance|p2a: Gyarados
|-boost|p2a: Gyarados|atk|1
|-boost|p2a: Gyarados|spe|1
|
|upkeep
|turn|10
|
|t:|1776068986
|move|p1a: Zapdos|Thunderbolt|p2a: Gyarados
|-supereffective|p2a: Gyarados
|-damage|p2a: Gyarados|0 fnt
|faint|p2a: Gyarados
|-damage|p1a: Zapdos|20/100|[from] item: Life Orb
|
|upkeep
|
|t:|1776068996
|switch|p2a: Kingambit|Kingambit, F|8/100 par
|-activate|p2a: Kingambit|ability: Supreme Overlord
|-start|p2a: Kingambit|fallen2|[silent]
|turn|11
|
|t:|1776069020
|move|p2a: Kingambit|Sucker Punch||[still]
|-fail|p2a: Kingambit
|move|p1a: Zapdos|Roost|p1a: Zapdos
|-heal|p1a: Zapdos|70/100
|-singleturn|p1a: Zapdos|move: Roost
|
|upkeep
|turn|12
|
|t:|1776069060
|move|p1a: Zapdos|Tailwind|p1a: Zapdos
|-sidestart|p1: UZIL|move: Tailwind
|move|p2a: Kingambit|Kowtow Cleave|p1a: Zapdos
|-damage|p1a: Zapdos|0 fnt
|faint|p1a: Zapdos
|
|upkeep
|
|t:|1776069071
|switch|p1a: Heatran|Heatran, M|100/100
|-damage|p1a: Heatran|88/100|[from] Stealth Rock
|turn|13
|
|t:|1776069078
|move|p2a: Kingambit|Sucker Punch|p1a: Heatran
|-damage|p1a: Heatran|41/100
|move|p1a: Heatran|Flash Cannon|p2a: Kingambit
|-resisted|p2a: Kingambit
|-damage|p2a: Kingambit|0 fnt
|faint|p2a: Kingambit
|-end|p2a: Kingambit|fallen2|[silent]
|
|-heal|p1a: Heatran|48/100|[from] item: Leftovers
|upkeep
|
|t:|1776069088
|switch|p2a: Iron Moth|Iron Moth|100/100
|-enditem|p2a: Iron Moth|Booster Energy
|-activate|p2a: Iron Moth|ability: Quark Drive|[fromitem]
|-start|p2a: Iron Moth|quarkdrivespe
|turn|14
|
|t:|1776069099
|switch|p1a: Gliscor|Gliscor, M|100/100
|-damage|p1a: Gliscor|88/100|[from] Stealth Rock
|move|p2a: Iron Moth|Fiery Dance|p1a: Gliscor
|-crit|p1a: Gliscor
|-damage|p1a: Gliscor|20/100
|-boost|p2a: Iron Moth|spa|1
|
|-status|p1a: Gliscor|tox|[from] item: Toxic Orb
|upkeep
|turn|15
|
|t:|1776069115
|move|p1a: Gliscor|Protect|p1a: Gliscor
|-singleturn|p1a: Gliscor|Protect
|move|p2a: Iron Moth|Fiery Dance|p1a: Gliscor
|-activate|p1a: Gliscor|move: Protect
|
|-heal|p1a: Gliscor|33/100 tox|[from] ability: Poison Heal
|-sideend|p1: UZIL|move: Tailwind
|upkeep
|turn|16
|
|t:|1776069127
|move|p2a: Iron Moth|Fiery Dance|p1a: Gliscor
|-crit|p1a: Gliscor
|-damage|p1a: Gliscor|0 fnt
|faint|p1a: Gliscor
|
|upkeep
|
|t:|1776069143
|switch|p1a: Ceruledge|Ceruledge, M|100/100
|-damage|p1a: Ceruledge|76/100|[from] Stealth Rock
|turn|17
|
|t:|1776069158
|move|p2a: Iron Moth|Sludge Wave|p1a: Ceruledge
|-resisted|p1a: Ceruledge
|-damage|p1a: Ceruledge|41/100
|move|p1a: Ceruledge|Bulk Up|p1a: Ceruledge
|-boost|p1a: Ceruledge|atk|1
|-boost|p1a: Ceruledge|def|1
|
|upkeep
|turn|18
|
|t:|1776069167
|move|p2a: Iron Moth|Sludge Wave|p1a: Ceruledge
|-resisted|p1a: Ceruledge
|-damage|p1a: Ceruledge|4/100
|move|p1a: Ceruledge|Poltergeist||[still]
|-fail|p1a: Ceruledge
|
|upkeep
|turn|19
|
|t:|1776069178
|move|p2a: Iron Moth|Sludge Wave|p1a: Ceruledge
|-resisted|p1a: Ceruledge
|-damage|p1a: Ceruledge|0 fnt
|faint|p1a: Ceruledge
|
|upkeep
|
|t:|1776069198
|switch|p1a: Gholdengo|Gholdengo|100/100
|-damage|p1a: Gholdengo|94/100|[from] Stealth Rock
|turn|20
|
|t:|1776069206
|move|p2a: Iron Moth|Fiery Dance|p1a: Gholdengo
|-supereffective|p1a: Gholdengo
|-damage|p1a: Gholdengo|0 fnt
|faint|p1a: Gholdengo
|
|upkeep
|
|t:|1776069211
|switch|p1a: Cinderace|Cinderace, M|100/100
|-damage|p1a: Cinderace|76/100|[from] Stealth Rock
|turn|21
|
|t:|1776069219
|move|p2a: Iron Moth|Sludge Wave|p1a: Cinderace
|-damage|p1a: Cinderace|0 fnt
|faint|p1a: Cinderace
|
|upkeep
|
|t:|1776069223
|switch|p1a: Heatran|Heatran, M|48/100
|-damage|p1a: Heatran|35/100|[from] Stealth Rock
|turn|22
|
|t:|1776069228
|move|p2a: Iron Moth|Fiery Dance|p1a: Heatran
|-start|p1a: Heatran|ability: Flash Fire
|move|p1a: Heatran|Flash Cannon|p2a: Iron Moth
|-resisted|p2a: Iron Moth
|-damage|p2a: Iron Moth|76/100
|
|-heal|p1a: Heatran|41/100|[from] item: Leftovers
|upkeep
|turn|23
|
|t:|1776069247
|move|p2a: Iron Moth|Dazzling Gleam|p1a: Heatran
|-resisted|p1a: Heatran
|-damage|p1a: Heatran|33/100
|move|p1a: Heatran|Fire Blast|p2a: Iron Moth
|-resisted|p2a: Iron Moth
|-damage|p2a: Iron Moth|26/100
|
|-heal|p1a: Heatran|39/100|[from] item: Leftovers
|upkeep
|turn|24
|
|t:|1776069257
|move|p2a: Iron Moth|Substitute|p2a: Iron Moth
|-start|p2a: Iron Moth|Substitute
|-damage|p2a: Iron Moth|1/100
|move|p1a: Heatran|Fire Blast|p2a: Iron Moth
|-resisted|p2a: Iron Moth
|-end|p2a: Iron Moth|Substitute
|
|-heal|p1a: Heatran|46/100|[from] item: Leftovers
|upkeep
|turn|25
|
|t:|1776069265
|-end|p2a: Iron Moth|Quark Drive|[silent]
|switch|p2a: Kyurem|Kyurem|100/100
|-ability|p2a: Kyurem|Pressure
|move|p1a: Heatran|Flash Cannon|p2a: Kyurem
|-supereffective|p2a: Kyurem
|-damage|p2a: Kyurem|8/100
|
|-heal|p1a: Heatran|52/100|[from] item: Leftovers
|upkeep
|turn|26
|
|t:|1776069276
|move|p2a: Kyurem|Earth Power|p1a: Heatran
|-supereffective|p1a: Heatran
|-damage|p1a: Heatran|0 fnt
|faint|p1a: Heatran
|
|win|Cynartz
