|html|<div class="broadcast-blue"><strong>[Gen 9] OU is currently suspecting Tera Blast! For information on how to participate check out the <a href="https://www.smogon.com/tools/suspects/view/200">suspect thread</a>.</strong></div>
|j|☆a jellyfish
|j|☆KingKaido65
|t:|1776031931
|gametype|singles
|player|p1|a jellyfish|bianca|1821
|player|p2|KingKaido65|dragontamer-gen6|1772
|gen|9
|tier|[Gen 9] OU
|rated|
|rule|HP Percentage Mod: HP is shown in percentages
|rule|Endless Battle Clause: Forcing endless battles is banned
|rule|Species Clause: Limit one of each Pokémon
|rule|OHKO Clause: OHKO moves are banned
|rule|Evasion Items Clause: Evasion items are banned
|rule|Evasion Moves Clause: Evasion moves are banned
|rule|Evasion Abilities Clause: Evasion abilities are banned
|rule|Sleep Moves Clause: Sleep-inducing moves are banned
|clearpoke
|poke|p1|Tyranitar, F|
|poke|p1|Landorus-Therian, M|
|poke|p1|Muk-Alola, M|
|poke|p1|Ogerpon-Wellspring, F|
|poke|p1|Hatterene, F|
|poke|p1|Dragapult, M|
|poke|p2|Primarina, F|
|poke|p2|Dragapult, F|
|poke|p2|Garganacl, M|
|poke|p2|Kingambit, F|
|poke|p2|Zapdos|
|poke|p2|Iron Treads|
|teampreview
|inactive|Battle timer is ON: inactive players will automatically lose when time's up. (requested by KingKaido65)
|inactive|a jellyfish also wants the timer to be on.
|
|t:|1776031939
|teamsize|p1|6
|teamsize|p2|6
|start
|switch|p1a: Tyranitar|Tyranitar, F, shiny|100/100
|switch|p2a: Gundari Ryuseigun|Dragapult, F|100/100
|-weather|Sandstorm|[from] ability: Sand Stream|[of] p1a: Tyranitar
|turn|1
|
|t:|1776031946
|switch|p1a: Landorus|Landorus-Therian, M|100/100
|-ability|p1a: Landorus|Intimidate|boost
|-fail|p2a: Gundari Ryuseigun|unboost|[from] ability: Clear Body|[of] p2a: Gundari Ryuseigun
|move|p2a: Gundari Ryuseigun|U-turn|p1a: Landorus
|-resisted|p1a: Landorus
|-damage|p1a: Landorus|82/100
|-damage|p2a: Gundari Ryuseigun|84/100|[from] item: Rocky Helmet|[of] p1a: Landorus
|
|t:|1776031950
|switch|p2a: Laughing Drunk|Zapdos|100/100|[from] U-turn
|
|-weather|Sandstorm|[upkeep]
|-damage|p2a: Laughing Drunk|94/100|[from] Sandstorm
|upkeep
|turn|2
|
|t:|1776031964
|switch|p1a: Tyranitar|Tyranitar, F, shiny|100/100
|move|p2a: Laughing Drunk|Hurricane|p1a: Tyranitar|[miss]
|-miss|p2a: Laughing Drunk|p1a: Tyranitar
|
|-weather|Sandstorm|[upkeep]
|-damage|p2a: Laughing Drunk|88/100|[from] Sandstorm
|upkeep
|turn|3
|
|t:|1776031979
|move|p2a: Laughing Drunk|Volt Switch|p1a: Tyranitar
|-damage|p1a: Tyranitar|79/100
|inactive|KingKaido65 has 120 seconds left.
|
|t:|1776032011
|switch|p2a: Flirty Drunk|Primarina, F|100/100|[from] Volt Switch
|move|p1a: Tyranitar|Low Kick|p2a: Flirty Drunk
|-resisted|p2a: Flirty Drunk
|-damage|p2a: Flirty Drunk|86/100
|
|-weather|Sandstorm|[upkeep]
|-damage|p2a: Flirty Drunk|79/100|[from] Sandstorm
|-heal|p2a: Flirty Drunk|86/100|[from] item: Leftovers
|upkeep
|turn|4
|
|t:|1776032017
|switch|p1a: muk punch|Muk-Alola, M, shiny|100/100
|switch|p2a: Gundari Ryuseigun|Dragapult, F|84/100
|
|-weather|Sandstorm|[upkeep]
|-damage|p2a: Gundari Ryuseigun|78/100|[from] Sandstorm
|-damage|p1a: muk punch|94/100|[from] Sandstorm
|upkeep
|turn|5
|
|t:|1776032025
|move|p2a: Gundari Ryuseigun|U-turn|p1a: muk punch
|-damage|p1a: muk punch|57/100
|inactive|KingKaido65 has 120 seconds left.
|
|t:|1776032045
|switch|p2a: Raging Drunk|Iron Treads|100/100|[from] U-turn
|move|p1a: muk punch|Knock Off|p2a: Raging Drunk
|-damage|p2a: Raging Drunk|67/100
|-enditem|p2a: Raging Drunk|Leftovers|[from] move: Knock Off|[of] p1a: muk punch
|
|-weather|none
|upkeep
|turn|6
|
|t:|1776032052
|switch|p1a: Hatterene|Hatterene, F, shiny|100/100
|move|p2a: Raging Drunk|Stealth Rock|p1a: Hatterene
|move|p1a: Hatterene|Stealth Rock|p2a: Raging Drunk|[from] ability: Magic Bounce
|-sidestart|p2: KingKaido65|move: Stealth Rock
|
|upkeep
|turn|7
|
|t:|1776032055
|switch|p1a: Dragapult|Dragapult, M|100/100
|move|p2a: Raging Drunk|Stealth Rock|p1a: Dragapult
|-sidestart|p1: a jellyfish|move: Stealth Rock
|
|upkeep
|turn|8
|
|t:|1776032061
|move|p1a: Dragapult|U-turn|p2a: Raging Drunk
|-resisted|p2a: Raging Drunk
|-damage|p2a: Raging Drunk|57/100
|
|t:|1776032062
|switch|p1a: Ogerpon|Ogerpon-Wellspring, F|100/100|[from] U-turn
|-damage|p1a: Ogerpon|88/100|[from] Stealth Rock
|move|p2a: Raging Drunk|Knock Off|p1a: Ogerpon
|-damage|p1a: Ogerpon|70/100
|
|upkeep
|turn|9
|
|t:|1776032078
|-end|p2a: Raging Drunk|Quark Drive|[silent]
|switch|p2a: Laughing Drunk|Zapdos|88/100
|move|p1a: Ogerpon|Ivy Cudgel|p2a: Laughing Drunk|[anim] Ivy Cudgel Water
|-crit|p2a: Laughing Drunk
|-damage|p2a: Laughing Drunk|23/100
|
|upkeep
|turn|10
|
|t:|1776032093
|move|p1a: Ogerpon|Ivy Cudgel|p2a: Laughing Drunk|[anim] Ivy Cudgel Water
|-damage|p2a: Laughing Drunk|0 fnt
|faint|p2a: Laughing Drunk
|
|upkeep
|
|t:|1776032095
|switch|p2a: Gundari Ryuseigun|Dragapult, F|78/100
|-damage|p2a: Gundari Ryuseigun|66/100|[from] Stealth Rock
|turn|11
|
|t:|1776032123
|-terastallize|p2a: Gundari Ryuseigun|Ghost
|-terastallize|p1a: Ogerpon|Water
|detailschange|p1a: Ogerpon|Ogerpon-Wellspring-Tera, F, tera:Water
|-ability|p1a: Ogerpon|Embody Aspect (Wellspring)|boost
|-boost|p1a: Ogerpon|spd|1
|move|p2a: Gundari Ryuseigun|Tera Blast|p1a: Ogerpon|[anim] Tera Blast Ghost
|-damage|p1a: Ogerpon|0 fnt
|faint|p1a: Ogerpon
|detailschange|p1: Ogerpon|Ogerpon-Wellspring, F|[silent]
|
|upkeep
|inactive|a jellyfish has 120 seconds left.
|
|t:|1776032136
|switch|p1a: muk punch|Muk-Alola, M, shiny|57/100
|-damage|p1a: muk punch|45/100|[from] Stealth Rock
|turn|12
|
|t:|1776032148
|switch|p2a: Raging Drunk|Iron Treads|57/100
|-damage|p2a: Raging Drunk|54/100|[from] Stealth Rock
|move|p1a: muk punch|Knock Off|p2a: Raging Drunk
|-damage|p2a: Raging Drunk|34/100
|
|upkeep
|turn|13
|
|t:|1776032164
|switch|p1a: Dragapult|Dragapult, M|100/100
|move|p2a: Raging Drunk|Earth Power|p1a: Dragapult
|-damage|p1a: Dragapult|44/100
|
|upkeep
|turn|14
|
|t:|1776032178
|move|p1a: Dragapult|Hex|p2a: Raging Drunk
|-damage|p2a: Raging Drunk|4/100
|move|p2a: Raging Drunk|Earth Power|p1a: Dragapult
|-damage|p1a: Dragapult|0 fnt
|faint|p1a: Dragapult
|
|upkeep
|inactive|a jellyfish has 120 seconds left.
|
|t:|1776032188
|switch|p1a: Landorus|Landorus-Therian, M|82/100
|-damage|p1a: Landorus|70/100|[from] Stealth Rock
|-ability|p1a: Landorus|Intimidate|boost
|-unboost|p2a: Raging Drunk|atk|1
|turn|15
|
|t:|1776032200
|move|p1a: Landorus|Earth Power|p2a: Raging Drunk
|-supereffective|p2a: Raging Drunk
|-damage|p2a: Raging Drunk|0 fnt
|faint|p2a: Raging Drunk
|-end|p2a: Raging Drunk|Quark Drive|[silent]
|
|upkeep
|
|t:|1776032209
|switch|p2a: Flirty Drunk|Primarina, F|86/100
|-damage|p2a: Flirty Drunk|73/100|[from] Stealth Rock
|turn|16
|
|t:|1776032213
|move|p1a: Landorus|U-turn|p2a: Flirty Drunk
|-resisted|p2a: Flirty Drunk
|-damage|p2a: Flirty Drunk|65/100
|
|t:|1776032214
|switch|p1a: muk punch|Muk-Alola, M, shiny|45/100|[from] U-turn
|-damage|p1a: muk punch|33/100|[from] Stealth Rock
|move|p2a: Flirty Drunk|Psychic Noise|p1a: muk punch
|-damage|p1a: muk punch|20/100
|-start|p1a: muk punch|move: Heal Block
|
|-heal|p2a: Flirty Drunk|71/100|[from] item: Leftovers
|upkeep
|turn|17
|
|t:|1776032231
|switch|p2a: Warai JOGO|Garganacl, M|100/100
|-damage|p2a: Warai JOGO|88/100|[from] Stealth Rock
|move|p1a: muk punch|Poison Fang|p2a: Warai JOGO
|-resisted|p2a: Warai JOGO
|-damage|p2a: Warai JOGO|81/100
|
|-heal|p2a: Warai JOGO|87/100|[from] item: Leftovers
|-end|p1a: muk punch|move: Heal Block
|upkeep
|turn|18
|
|t:|1776032236
|switch|p1a: Hatterene|Hatterene, F, shiny|100/100
|-damage|p1a: Hatterene|88/100|[from] Stealth Rock
|switch|p2a: Gundari Ryuseigun|Dragapult, F, tera:Ghost|66/100
|-damage|p2a: Gundari Ryuseigun|53/100|[from] Stealth Rock
|
|-heal|p1a: Hatterene|94/100|[from] item: Leftovers
|upkeep
|turn|19
|
|t:|1776032245
|switch|p1a: muk punch|Muk-Alola, M, shiny|20/100
|-damage|p1a: muk punch|7/100|[from] Stealth Rock
|move|p2a: Gundari Ryuseigun|U-turn|p1a: muk punch
|-damage|p1a: muk punch|0 fnt
|faint|p1a: muk punch
|
|t:|1776032250
|switch|p2a: Flirty Drunk|Primarina, F|71/100|[from] U-turn
|-damage|p2a: Flirty Drunk|59/100|[from] Stealth Rock
|
|-heal|p2a: Flirty Drunk|65/100|[from] item: Leftovers
|upkeep
|
|t:|1776032253
|switch|p1a: Tyranitar|Tyranitar, F, shiny|79/100
|-damage|p1a: Tyranitar|67/100|[from] Stealth Rock
|-weather|Sandstorm|[from] ability: Sand Stream|[of] p1a: Tyranitar
|turn|20
|
|t:|1776032259
|move|p1a: Tyranitar|Stone Edge|p2a: Flirty Drunk|[miss]
|-miss|p1a: Tyranitar|p2a: Flirty Drunk
|move|p2a: Flirty Drunk|Draining Kiss|p1a: Tyranitar
|-supereffective|p1a: Tyranitar
|-crit|p1a: Tyranitar
|-damage|p1a: Tyranitar|22/100
|-heal|p2a: Flirty Drunk|97/100|[from] drain|[of] p1a: Tyranitar
|
|-weather|Sandstorm|[upkeep]
|-damage|p2a: Flirty Drunk|91/100|[from] Sandstorm
|-heal|p2a: Flirty Drunk|97/100|[from] item: Leftovers
|upkeep
|turn|21
|
|t:|1776032261
|move|p1a: Tyranitar|Stone Edge|p2a: Flirty Drunk
|-crit|p2a: Flirty Drunk
|-damage|p2a: Flirty Drunk|0 fnt
|faint|p2a: Flirty Drunk
|
|-weather|Sandstorm|[upkeep]
|upkeep
|
|t:|1776032264
|switch|p2a: Gundari Ryuseigun|Dragapult, F, tera:Ghost|53/100
|-damage|p2a: Gundari Ryuseigun|41/100|[from] Stealth Rock
|turn|22
|-message|a jellyfish forfeited.
|
|win|KingKaido65
|raw|a jellyfish's rating: 1821 &rarr; <strong>1797</strong><br />(-24 for losing)
|raw|KingKaido65's rating: 1757 &rarr; <strong>1781</strong><br />(+24 for winning)
|l|☆a jellyfish
|player|p1|
|l|☆KingKaido65
|player|p2|
|j|☆KingKaido65
|player|p2|KingKaido65|dragontamer-gen6|
|l|☆KingKaido65
|player|p2|
