|html|<div class="broadcast-blue"><strong>[Gen 9] OU is currently suspecting Volcarona! For information on how to participate check out the <a href="https://www.smogon.com/tools/suspects/view/208">suspect thread</a>.</strong></div>
|j|☆jabirappleby
|j|☆baakrisht
|t:|1778503344
|gametype|singles
|player|p1|jabirappleby|cyrus|1170
|player|p2|baakrisht|169|1213
|gen|9
|tier|[Gen 9] OU
|rated|
|rule|HP Percentage Mod: HP is shown in percentages
|rule|Endless Battle Clause: Forcing endless battles is banned
|rule|Species Clause: Limit one of each Pokémon
|rule|OHKO Clause: OHKO moves are banned
|rule|Evasion Items Clause: Evasion items are banned
|rule|Evasion Moves Clause: Evasion moves are banned
|rule|Evasion Abilities Clause: Evasion abilities are banned
|rule|Sleep Moves Clause: Sleep-inducing moves are banned
|clearpoke
|poke|p1|Hawlucha, F|
|poke|p1|Samurott-Hisui, F|
|poke|p1|Rillaboom, F|
|poke|p1|Gholdengo|
|poke|p1|Kyurem|
|poke|p1|Landorus-Therian, M|
|poke|p2|Espeon, F|
|poke|p2|Goodra, F|
|poke|p2|Weezing-Galar, F|
|poke|p2|Orthworm, F|
|poke|p2|Suicune|
|poke|p2|Munkidori, M|
|teampreview
|
|t:|1778503359
|teamsize|p1|6
|teamsize|p2|6
|start
|switch|p1a: Gholdengo|Gholdengo|100/100
|switch|p2a: दील दो 💖|Orthworm, F|100/100
|turn|1
|
|t:|1778503368
|switch|p2a: बिलाई मौसी|Espeon, F|100/100
|move|p1a: Gholdengo|Shadow Ball|p2a: बिलाई मौसी
|-supereffective|p2a: बिलाई मौसी
|-damage|p2a: बिलाई मौसी|37/100
|
|upkeep
|turn|2
|
|t:|1778503380
|move|p1a: Gholdengo|Shadow Ball|p2a: बिलाई मौसी
|-supereffective|p2a: बिलाई मौसी
|-damage|p2a: बिलाई मौसी|0 fnt
|faint|p2a: बिलाई मौसी
|
|upkeep
|
|t:|1778503383
|switch|p2a: Munkidori|Munkidori, M|100/100
|turn|3
|
|t:|1778503391
|move|p1a: Gholdengo|Shadow Ball|p2a: Munkidori
|-supereffective|p2a: Munkidori
|-crit|p2a: Munkidori
|-damage|p2a: Munkidori|13/100
|move|p2a: Munkidori|Shadow Ball|p1a: Gholdengo
|-supereffective|p1a: Gholdengo
|-damage|p1a: Gholdengo|45/100
|-unboost|p1a: Gholdengo|spd|1
|
|-heal|p2a: Munkidori|19/100|[from] item: Black Sludge
|upkeep
|turn|4
|
|t:|1778503394
|-terastallize|p2a: Munkidori|Normal
|move|p1a: Gholdengo|Shadow Ball|p2a: Munkidori
|-immune|p2a: Munkidori
|move|p2a: Munkidori|Shadow Ball|p1a: Gholdengo
|-supereffective|p1a: Gholdengo
|-damage|p1a: Gholdengo|0 fnt
|faint|p1a: Gholdengo
|
|-damage|p2a: Munkidori|7/100|[from] item: Black Sludge
|upkeep
|
|t:|1778503399
|switch|p1a: Rillaboom|Rillaboom, F|100/100
|-fieldstart|move: Grassy Terrain|[from] ability: Grassy Surge|[of] p1a: Rillaboom
|turn|5
|
|t:|1778503402
|move|p1a: Rillaboom|Grassy Glide|p2a: Munkidori
|-damage|p2a: Munkidori|0 fnt
|faint|p2a: Munkidori
|
|upkeep
|
|t:|1778503406
|switch|p2a: लाठ साहब|Weezing-Galar, F|100/100
|turn|6
|
|t:|1778503420
|switch|p1a: Landorus|Landorus-Therian, M|100/100
|-ability|p1a: Landorus|Intimidate|boost
|-unboost|p2a: लाठ साहब|atk|1
|move|p2a: लाठ साहब|Toxic Spikes|p1a: Landorus
|-sidestart|p1: jabirappleby|move: Toxic Spikes
|
|upkeep
|turn|7
|
|t:|1778503426
|switch|p2a: दील दो 💖|Orthworm, F|100/100
|move|p1a: Landorus|Earth Power|p2a: दील दो 💖
|-immune|p2a: दील दो 💖|[from] ability: Earth Eater
|
|upkeep
|turn|8
|
|t:|1778503430
|move|p1a: Landorus|Stealth Rock|p2a: दील दो 💖
|-sidestart|p2: baakrisht|move: Stealth Rock
|move|p2a: दील दो 💖|Iron Defense|p2a: दील दो 💖
|-boost|p2a: दील दो 💖|def|2
|
|upkeep
|turn|9
|
|t:|1778503434
|move|p1a: Landorus|Taunt|p2a: दील दो 💖
|-start|p2a: दील दो 💖|move: Taunt
|cant|p2a: दील दो 💖|move: Taunt|Iron Defense
|
|-fieldend|move: Grassy Terrain
|upkeep
|turn|10
|
|t:|1778503445
|switch|p1a: Rillaboom|Rillaboom, F|100/100
|-status|p1a: Rillaboom|psn
|-enditem|p1a: Rillaboom|Lum Berry|[eat]
|-curestatus|p1a: Rillaboom|psn|[msg]
|-fieldstart|move: Grassy Terrain|[from] ability: Grassy Surge|[of] p1a: Rillaboom
|move|p2a: दील दो 💖|Body Press|p1a: Rillaboom
|-damage|p1a: Rillaboom|28/100
|
|-heal|p1a: Rillaboom|34/100|[from] Grassy Terrain
|upkeep
|turn|11
|
|t:|1778503450
|move|p1a: Rillaboom|Knock Off|p2a: दील दो 💖
|-damage|p2a: दील दो 💖|90/100
|-enditem|p2a: दील दो 💖|Leftovers|[from] move: Knock Off|[of] p1a: Rillaboom
|move|p2a: दील दो 💖|Body Press|p1a: Rillaboom
|-damage|p1a: Rillaboom|0 fnt
|faint|p1a: Rillaboom
|
|-heal|p2a: दील दो 💖|96/100|[from] Grassy Terrain
|-end|p2a: दील दो 💖|move: Taunt
|upkeep
|
|t:|1778503455
|switch|p1a: Hawlucha|Hawlucha, F|100/100
|-enditem|p1a: Hawlucha|Grassy Seed
|-boost|p1a: Hawlucha|def|1|[from] item: Grassy Seed
|turn|12
|
|t:|1778503459
|move|p1a: Hawlucha|Swords Dance|p1a: Hawlucha
|-boost|p1a: Hawlucha|atk|2
|move|p2a: दील दो 💖|Iron Defense|p2a: दील दो 💖
|-boost|p2a: दील दो 💖|def|2
|
|-heal|p2a: दील दो 💖|100/100|[from] Grassy Terrain
|upkeep
|turn|13
|
|t:|1778503463
|move|p1a: Hawlucha|Low Kick|p2a: दील दो 💖
|-supereffective|p2a: दील दो 💖
|-damage|p2a: दील दो 💖|59/100
|move|p2a: दील दो 💖|Iron Defense|p2a: दील दो 💖
|-boost|p2a: दील दो 💖|def|2
|
|-heal|p2a: दील दो 💖|65/100|[from] Grassy Terrain
|upkeep
|turn|14
|
|t:|1778503466
|move|p1a: Hawlucha|Low Kick|p2a: दील दो 💖
|-supereffective|p2a: दील दो 💖
|-damage|p2a: दील दो 💖|33/100
|move|p2a: दील दो 💖|Body Press|p1a: Hawlucha
|-resisted|p1a: Hawlucha
|-damage|p1a: Hawlucha|43/100
|
|-heal|p2a: दील दो 💖|39/100|[from] Grassy Terrain
|-fieldend|move: Grassy Terrain
|upkeep
|turn|15
|
|t:|1778503468
|move|p1a: Hawlucha|Low Kick|p2a: दील दो 💖
|-supereffective|p2a: दील दो 💖
|-damage|p2a: दील दो 💖|10/100
|move|p2a: दील दो 💖|Body Press|p1a: Hawlucha
|-resisted|p1a: Hawlucha
|-damage|p1a: Hawlucha|0 fnt
|faint|p1a: Hawlucha
|
|upkeep
|
|t:|1778503472
|switch|p1a: Landorus|Landorus-Therian, M|100/100
|-ability|p1a: Landorus|Intimidate|boost
|-unboost|p2a: दील दो 💖|atk|1
|turn|16
|
|t:|1778503477
|move|p1a: Landorus|U-turn|p2a: दील दो 💖
|-resisted|p2a: दील दो 💖
|-damage|p2a: दील दो 💖|9/100
|
|t:|1778503481
|switch|p1a: Samurott|Samurott-Hisui, F|100/100|[from] U-turn
|-status|p1a: Samurott|psn
|move|p2a: दील दो 💖|Body Press|p1a: Samurott
|-supereffective|p1a: Samurott
|-damage|p1a: Samurott|0 fnt
|faint|p1a: Samurott
|
|upkeep
|-message|jabirappleby forfeited.
|
|win|baakrisht
|raw|jabirappleby's rating: 1170 &rarr; <strong>1148</strong><br />(-22 for losing)
|raw|baakrisht's rating: 1213 &rarr; <strong>1235</strong><br />(+22 for winning)
|l|☆jabirappleby
|player|p1|
|l|☆baakrisht
|player|p2|
