|html|<div class="broadcast-blue"><strong>[Gen 9] OU is currently suspecting Tera Blast! For information on how to participate check out the <a href="https://www.smogon.com/tools/suspects/view/200">suspect thread</a>.</strong></div>
|j|☆gen8arc
|j|☆Dr. Drake6782
|t:|1776101598
|gametype|singles
|player|p1|gen8arc|iono-masters|1656
|player|p2|Dr. Drake6782|hilbert-masters|1635
|gen|9
|tier|[Gen 9] OU
|rated|
|rule|HP Percentage Mod: HP is shown in percentages
|rule|Endless Battle Clause: Forcing endless battles is banned
|rule|Species Clause: Limit one of each Pokémon
|rule|OHKO Clause: OHKO moves are banned
|rule|Evasion Items Clause: Evasion items are banned
|rule|Evasion Moves Clause: Evasion moves are banned
|rule|Evasion Abilities Clause: Evasion abilities are banned
|rule|Sleep Moves Clause: Sleep-inducing moves are banned
|clearpoke
|poke|p1|Tinkaton, F|
|poke|p1|Ogerpon, F|
|poke|p1|Great Tusk|
|poke|p1|Pecharunt|
|poke|p1|Alomomola, M|
|poke|p1|Hydreigon, M|
|poke|p2|Slowking-Galar, F|
|poke|p2|Ting-Lu|
|poke|p2|Hydrapple, M|
|poke|p2|Corviknight, F|
|poke|p2|Cinderace, M|
|poke|p2|Dondozo, F|
|teampreview
|inactive|Battle timer is ON: inactive players will automatically lose when time's up. (requested by Dr. Drake6782)
|inactive|gen8arc also wants the timer to be on.
|
|t:|1776101624
|teamsize|p1|6
|teamsize|p2|6
|start
|switch|p1a: Pisces|Alomomola, M, shiny|100/100
|switch|p2a: Hydrapple|Hydrapple, M, shiny|100/100
|turn|1
|
|t:|1776101626
|move|p2a: Hydrapple|Nasty Plot|p2a: Hydrapple
|-boost|p2a: Hydrapple|spa|2
|move|p1a: Pisces|Flip Turn|p2a: Hydrapple
|-resisted|p2a: Hydrapple
|-damage|p2a: Hydrapple|98/100
|
|t:|1776101629
|switch|p1a: Smile.exe|Tinkaton, F, shiny|100/100|[from] Flip Turn
|-item|p1a: Smile.exe|Air Balloon
|
|-heal|p2a: Hydrapple|100/100|[from] item: Leftovers
|upkeep
|turn|2
|
|t:|1776101640
|switch|p2a: Cinderace|Cinderace, M|100/100
|move|p1a: Smile.exe|Encore||[still]
|-fail|p1a: Smile.exe
|
|upkeep
|turn|3
|
|t:|1776101644
|switch|p1a: Overseer|Pecharunt|100/100
|move|p2a: Cinderace|Pyro Ball|p1a: Overseer|[miss]
|-miss|p2a: Cinderace|p1a: Overseer
|
|upkeep
|turn|4
|
|t:|1776101663
|move|p2a: Cinderace|U-turn|p1a: Overseer
|-resisted|p1a: Overseer
|-damage|p1a: Overseer|98/100
|-damage|p2a: Cinderace|84/100|[from] item: Rocky Helmet|[of] p1a: Overseer
|
|t:|1776101674
|switch|p2a: Ting-Lu|Ting-Lu|100/100|[from] U-turn
|-ability|p2a: Ting-Lu|Vessel of Ruin
|move|p1a: Overseer|Parting Shot|p2a: Ting-Lu
|-unboost|p2a: Ting-Lu|atk|1
|-unboost|p2a: Ting-Lu|spa|1
|c|☆gen8arc|hello hello juliet
|
|t:|1776101685
|switch|p1a: Anonymous|Ogerpon, F|100/100|[from] Parting Shot
|
|upkeep
|turn|5
|
|t:|1776101708
|switch|p2a: Corviknight|Corviknight, F|100/100
|-ability|p2a: Corviknight|Pressure
|move|p1a: Anonymous|U-turn|p2a: Corviknight
|-resisted|p2a: Corviknight
|-damage|p2a: Corviknight|95/100
|-damage|p1a: Anonymous|84/100|[from] item: Rocky Helmet|[of] p2a: Corviknight
|
|t:|1776101713
|switch|p1a: Hybrid|Hydreigon, M, shiny|100/100|[from] U-turn
|
|upkeep
|turn|6
|
|t:|1776101727
|switch|p2a: Ting-Lu|Ting-Lu|100/100
|-ability|p2a: Ting-Lu|Vessel of Ruin
|move|p1a: Hybrid|Draco Meteor|p2a: Ting-Lu
|-damage|p2a: Ting-Lu|59/100
|-unboost|p1a: Hybrid|spa|2
|
|-heal|p2a: Ting-Lu|65/100|[from] item: Leftovers
|upkeep
|turn|7
|
|t:|1776101730
|switch|p1a: Pisces|Alomomola, M, shiny|100/100
|move|p2a: Ting-Lu|Payback|p1a: Pisces
|-damage|p1a: Pisces|86/100
|
|-heal|p2a: Ting-Lu|72/100|[from] item: Leftovers
|upkeep
|turn|8
|
|t:|1776101735
|switch|p2a: Hydrapple|Hydrapple, M, shiny|100/100
|move|p1a: Pisces|Flip Turn|p2a: Hydrapple
|-resisted|p2a: Hydrapple
|-damage|p2a: Hydrapple|98/100
|
|t:|1776101741
|switch|p1a: Hybrid|Hydreigon, M, shiny|100/100|[from] Flip Turn
|
|-heal|p2a: Hydrapple|100/100|[from] item: Leftovers
|upkeep
|turn|9
|inactive|Dr. Drake6782 has 120 seconds left.
|
|t:|1776101781
|switch|p1a: Smile.exe|Tinkaton, F, shiny|100/100
|-item|p1a: Smile.exe|Air Balloon
|-terastallize|p2a: Hydrapple|Poison
|move|p2a: Hydrapple|Fickle Beam|p1a: Smile.exe
|-immune|p1a: Smile.exe
|
|upkeep
|turn|10
|
|t:|1776101786
|switch|p2a: Cinderace|Cinderace, M|84/100
|move|p1a: Smile.exe|Stealth Rock|p2a: Cinderace
|-sidestart|p2: Dr. Drake6782|move: Stealth Rock
|
|upkeep
|turn|11
|
|t:|1776101791
|move|p2a: Cinderace|Court Change|p2a: Cinderace
|-swapsideconditions
|-activate|p2a: Cinderace|move: Court Change
|move|p1a: Smile.exe|Gigaton Hammer|p2a: Cinderace
|-resisted|p2a: Cinderace
|-damage|p2a: Cinderace|50/100
|
|upkeep
|turn|12
|
|t:|1776101794
|switch|p1a: Overseer|Pecharunt|98/100
|-damage|p1a: Overseer|86/100|[from] Stealth Rock
|move|p2a: Cinderace|Pyro Ball|p1a: Overseer
|-damage|p1a: Overseer|63/100
|
|upkeep
|turn|13
|
|t:|1776101796
|move|p2a: Cinderace|U-turn|p1a: Overseer
|-resisted|p1a: Overseer
|-damage|p1a: Overseer|61/100
|-damage|p2a: Cinderace|34/100|[from] item: Rocky Helmet|[of] p1a: Overseer
|
|t:|1776101798
|switch|p2a: Slowking|Slowking-Galar, F, shiny|100/100|[from] U-turn
|move|p1a: Overseer|Parting Shot|p2a: Slowking
|-unboost|p2a: Slowking|atk|1
|-unboost|p2a: Slowking|spa|1
|
|t:|1776101802
|switch|p1a: Behemoth|Great Tusk, shiny|100/100|[from] Parting Shot
|
|upkeep
|turn|14
|inactive|Dr. Drake6782 has 120 seconds left.
|
|t:|1776101847
|switch|p2a: Corviknight|Corviknight, F|95/100
|-ability|p2a: Corviknight|Pressure
|move|p1a: Behemoth|Rapid Spin|p2a: Corviknight
|-resisted|p2a: Corviknight
|-damage|p2a: Corviknight|90/100
|-boost|p1a: Behemoth|spe|1
|-damage|p1a: Behemoth|84/100|[from] item: Rocky Helmet|[of] p2a: Corviknight
|-sideend|p1: gen8arc|Stealth Rock|[from] move: Rapid Spin|[of] p1a: Behemoth
|
|upkeep
|turn|15
|
|t:|1776101852
|-end|p1a: Behemoth|Protosynthesis|[silent]
|switch|p1a: Overseer|Pecharunt|61/100
|move|p2a: Corviknight|Iron Defense|p2a: Corviknight
|-boost|p2a: Corviknight|def|2
|
|upkeep
|turn|16
|
|t:|1776101858
|switch|p2a: Hydrapple|Hydrapple, M, shiny, tera:Poison|100/100
|move|p1a: Overseer|Recover|p1a: Overseer
|-heal|p1a: Overseer|100/100
|
|upkeep
|turn|17
|
|t:|1776101861
|move|p1a: Overseer|Parting Shot|p2a: Hydrapple
|-unboost|p2a: Hydrapple|atk|1
|-unboost|p2a: Hydrapple|spa|1
|
|t:|1776101863
|switch|p1a: Smile.exe|Tinkaton, F, shiny|100/100|[from] Parting Shot
|-item|p1a: Smile.exe|Air Balloon
|move|p2a: Hydrapple|Nasty Plot|p2a: Hydrapple
|-boost|p2a: Hydrapple|spa|2
|
|upkeep
|turn|18
|-message|Dr. Drake6782 forfeited.
|
|win|gen8arc
|raw|gen8arc's rating: 1656 &rarr; <strong>1675</strong><br />(+19 for winning)
|raw|Dr. Drake6782's rating: 1635 &rarr; <strong>1616</strong><br />(-19 for losing)
|l|☆Dr. Drake6782
|player|p2|
|l|☆gen8arc
|player|p1|
