|html|<div class="broadcast-blue"><strong>[Gen 9] OU is currently suspecting Tera Blast! For information on how to participate check out the <a href="https://www.smogon.com/tools/suspects/view/200">suspect thread</a>.</strong></div>
|j|☆dovehoney
|j|☆zahtoo
|t:|1776089428
|gametype|singles
|player|p1|dovehoney|preschooler|1357
|player|p2|zahtoo|red|1342
|gen|9
|tier|[Gen 9] OU
|rated|
|rule|HP Percentage Mod: HP is shown in percentages
|rule|Endless Battle Clause: Forcing endless battles is banned
|rule|Species Clause: Limit one of each Pokémon
|rule|OHKO Clause: OHKO moves are banned
|rule|Evasion Items Clause: Evasion items are banned
|rule|Evasion Moves Clause: Evasion moves are banned
|rule|Evasion Abilities Clause: Evasion abilities are banned
|rule|Sleep Moves Clause: Sleep-inducing moves are banned
|clearpoke
|poke|p1|Weezing-Galar, M|
|poke|p1|Goodra, F|
|poke|p1|Gyarados, F|
|poke|p1|Heatran, M|
|poke|p1|Slowking, M|
|poke|p1|Iron Valiant|
|poke|p2|Regice|
|poke|p2|Hoopa-Unbound|
|poke|p2|Slither Wing|
|poke|p2|Dragapult, F|
|poke|p2|Iron Valiant|
|poke|p2|Great Tusk|
|teampreview
|inactive|Battle timer is ON: inactive players will automatically lose when time's up. (requested by zahtoo)
|inactive|dovehoney also wants the timer to be on.
|
|t:|1776089442
|teamsize|p1|6
|teamsize|p2|6
|start
|switch|p1a: Slowking|Slowking, M|100/100
|switch|p2a: Fraudpult|Dragapult, F|100/100
|turn|1
|
|t:|1776089449
|switch|p1a: Weezing|Weezing-Galar, M|100/100
|move|p2a: Fraudpult|Shadow Ball|p1a: Weezing
|-damage|p1a: Weezing|35/100
|
|upkeep
|turn|2
|
|t:|1776089455
|switch|p1a: Goodra|Goodra, F|100/100
|move|p2a: Fraudpult|Shadow Ball|p1a: Goodra
|-damage|p1a: Goodra|77/100
|
|upkeep
|turn|3
|
|t:|1776089461
|switch|p2a: Y2K|Regice|100/100
|move|p1a: Goodra|Ice Beam|p2a: Y2K
|-resisted|p2a: Y2K
|-damage|p2a: Y2K|91/100
|
|upkeep
|turn|4
|
|t:|1776089466
|switch|p1a: Iron Valiant|Iron Valiant|100/100
|move|p2a: Y2K|Blizzard|p1a: Iron Valiant
|-damage|p1a: Iron Valiant|14/100
|
|upkeep
|turn|5
|
|t:|1776089489
|switch|p2a: Fraudpult|Dragapult, F|100/100
|move|p1a: Iron Valiant|Spirit Break|p2a: Fraudpult
|-supereffective|p2a: Fraudpult
|-damage|p2a: Fraudpult|0 fnt
|faint|p2a: Fraudpult
|
|upkeep
|
|t:|1776089496
|switch|p2a: MOTHMAN|Slither Wing|100/100
|turn|6
|
|t:|1776089504
|-end|p1a: Iron Valiant|Quark Drive|[silent]
|switch|p1a: Weezing|Weezing-Galar, M|35/100
|move|p2a: MOTHMAN|First Impression|p1a: Weezing
|-resisted|p1a: Weezing
|-damage|p1a: Weezing|28/100
|-damage|p2a: MOTHMAN|84/100|[from] item: Rocky Helmet|[of] p1a: Weezing
|
|upkeep
|turn|7
|
|t:|1776089512
|move|p2a: MOTHMAN|U-turn|p1a: Weezing
|-resisted|p1a: Weezing
|-damage|p1a: Weezing|23/100
|-damage|p2a: MOTHMAN|67/100|[from] item: Rocky Helmet|[of] p1a: Weezing
|
|t:|1776089518
|-end|p2a: MOTHMAN|Protosynthesis|[silent]
|switch|p2a: Y2K|Regice|91/100|[from] U-turn
|move|p1a: Weezing|Will-O-Wisp|p2a: Y2K
|-status|p2a: Y2K|brn
|
|-damage|p2a: Y2K|85/100 brn|[from] brn
|upkeep
|turn|8
|
|t:|1776089531
|move|p2a: Y2K|Blizzard|p1a: Weezing
|-damage|p1a: Weezing|0 fnt
|faint|p1a: Weezing
|
|-damage|p2a: Y2K|79/100 brn|[from] brn
|upkeep
|
|t:|1776089535
|switch|p1a: Iron Valiant|Iron Valiant|14/100
|turn|9
|
|t:|1776089540
|switch|p2a: Tusk Act IV|Great Tusk|100/100
|move|p1a: Iron Valiant|Close Combat|p2a: Tusk Act IV
|-damage|p2a: Tusk Act IV|66/100
|-unboost|p1a: Iron Valiant|def|1
|-unboost|p1a: Iron Valiant|spd|1
|-damage|p1a: Iron Valiant|0 fnt|[from] item: Rocky Helmet|[of] p2a: Tusk Act IV
|faint|p1a: Iron Valiant
|-end|p1a: Iron Valiant|Quark Drive|[silent]
|
|upkeep
|
|t:|1776089559
|switch|p1a: Slowking|Slowking, M|100/100
|turn|10
|
|t:|1776089565
|-end|p2a: Tusk Act IV|Protosynthesis|[silent]
|switch|p2a: OPM BABI|Hoopa-Unbound|100/100
|move|p1a: Slowking|Hydro Pump|p2a: OPM BABI
|-damage|p2a: OPM BABI|27/100
|
|upkeep
|turn|11
|
|t:|1776089573
|switch|p1a: Heatran|Heatran, M|100/100
|move|p2a: OPM BABI|Hyperspace Fury|p1a: Heatran
|-damage|p1a: Heatran|0 fnt
|-unboost|p2a: OPM BABI|def|1
|faint|p1a: Heatran
|
|upkeep
|
|t:|1776089582
|switch|p1a: Gyarados|Gyarados, F|100/100
|turn|12
|
|t:|1776089585
|move|p1a: Gyarados|Dragon Dance|p1a: Gyarados
|-boost|p1a: Gyarados|atk|1
|-boost|p1a: Gyarados|spe|1
|move|p2a: OPM BABI|Hyperspace Fury|p1a: Gyarados
|-damage|p1a: Gyarados|0 fnt
|-unboost|p2a: OPM BABI|def|1
|faint|p1a: Gyarados
|
|upkeep
|-message|dovehoney forfeited.
|
|win|zahtoo
|raw|dovehoney's rating: 1357 &rarr; <strong>1336</strong><br />(-21 for losing)
|raw|zahtoo's rating: 1342 &rarr; <strong>1363</strong><br />(+21 for winning)
|l|☆dovehoney
|player|p1|
|l|☆zahtoo
|player|p2|
