|html|<div class="broadcast-blue"><strong>[Gen 9] OU is currently suspecting Tera Blast! For information on how to participate check out the <a href="https://www.smogon.com/tools/suspects/view/200">suspect thread</a>.</strong></div>
|j|☆Theeyouwish
|j|‽Jonthan Ringo
|t:|1776087056
|gametype|singles
|player|p1|Theeyouwish|101|1253
|player|p2|Jonthan Ringo|lucas|1303
|gen|9
|tier|[Gen 9] OU
|rated|
|rule|HP Percentage Mod: HP is shown in percentages
|rule|Endless Battle Clause: Forcing endless battles is banned
|rule|Species Clause: Limit one of each Pokémon
|rule|OHKO Clause: OHKO moves are banned
|rule|Evasion Items Clause: Evasion items are banned
|rule|Evasion Moves Clause: Evasion moves are banned
|rule|Evasion Abilities Clause: Evasion abilities are banned
|rule|Sleep Moves Clause: Sleep-inducing moves are banned
|clearpoke
|poke|p1|Tyranitar, M|
|poke|p1|Gholdengo|
|poke|p1|Zamazenta-*|
|poke|p1|Rillaboom, M|
|poke|p1|Garchomp, M|
|poke|p1|Zapdos|
|poke|p2|Tyranitar, F|
|poke|p2|Sandslash, M|
|poke|p2|Arcanine-Hisui, F|
|poke|p2|Excadrill, M|
|poke|p2|Ogerpon-Wellspring, F|
|poke|p2|Iron Valiant|
|teampreview
|inactive|Battle timer is ON: inactive players will automatically lose when time's up. (requested by Jonthan Ringo)
|j| ohko_smeargle
|inactive|Jonthan Ringo has 120 seconds left.
|
|t:|1776087101
|teamsize|p1|6
|teamsize|p2|6
|start
|switch|p1a: Garchomp|Garchomp, M|100/100
|switch|p2a: Ogerpon|Ogerpon-Wellspring, F|100/100
|turn|1
|
|t:|1776087107
|move|p2a: Ogerpon|Taunt|p1a: Garchomp
|-start|p1a: Garchomp|move: Taunt
|cant|p1a: Garchomp|move: Taunt|Stealth Rock
|
|upkeep
|turn|2
|
|t:|1776087110
|move|p2a: Ogerpon|Ivy Cudgel|p1a: Garchomp|[anim] Ivy Cudgel Water
|-damage|p1a: Garchomp|65/100
|move|p1a: Garchomp|Dragon Tail|p2a: Ogerpon
|-damage|p2a: Ogerpon|68/100
|drag|p2a: Iron Valiant|Iron Valiant|100/100
|-enditem|p2a: Iron Valiant|Booster Energy
|-activate|p2a: Iron Valiant|ability: Quark Drive|[fromitem]
|-start|p2a: Iron Valiant|quarkdrivespe
|
|upkeep
|turn|3
|
|t:|1776087119
|move|p2a: Iron Valiant|Moonblast|p1a: Garchomp
|-supereffective|p1a: Garchomp
|-damage|p1a: Garchomp|0 fnt
|faint|p1a: Garchomp
|
|upkeep
|
|t:|1776087126
|switch|p1a: Zapdos|Zapdos|100/100
|turn|4
|
|t:|1776087129
|move|p2a: Iron Valiant|Moonblast|p1a: Zapdos
|-damage|p1a: Zapdos|51/100
|-unboost|p1a: Zapdos|spa|1
|move|p1a: Zapdos|Hurricane|p2a: Iron Valiant
|-supereffective|p2a: Iron Valiant
|-damage|p2a: Iron Valiant|0 fnt
|faint|p2a: Iron Valiant
|-end|p2a: Iron Valiant|Quark Drive|[silent]
|
|upkeep
|
|t:|1776087138
|switch|p2a: Arcanine|Arcanine-Hisui, F|100/100
|turn|5
|
|t:|1776087151
|move|p1a: Zapdos|Volt Switch|p2a: Arcanine
|-damage|p2a: Arcanine|74/100
|
|t:|1776087156
|switch|p1a: Tyranitar|Tyranitar, M|100/100|[from] Volt Switch
|-weather|Sandstorm|[from] ability: Sand Stream|[of] p1a: Tyranitar
|move|p2a: Arcanine|Flame Charge|p1a: Tyranitar
|-resisted|p1a: Tyranitar
|-damage|p1a: Tyranitar|89/100
|-boost|p2a: Arcanine|spe|1
|
|-weather|Sandstorm|[upkeep]
|upkeep
|turn|6
|
|t:|1776087172
|switch|p2a: Tyranitar|Tyranitar, F|100/100
|move|p1a: Tyranitar|Stone Edge|p2a: Tyranitar
|-damage|p2a: Tyranitar|65/100
|
|-weather|Sandstorm|[upkeep]
|upkeep
|turn|7
|
|t:|1776087175
|move|p1a: Tyranitar|Low Kick|p2a: Tyranitar
|-supereffective|p2a: Tyranitar
|-damage|p2a: Tyranitar|0 fnt
|faint|p2a: Tyranitar
|
|-weather|Sandstorm|[upkeep]
|upkeep
|
|t:|1776087179
|switch|p2a: Excadrill|Excadrill, M|100/100
|-item|p2a: Excadrill|Air Balloon
|turn|8
|
|t:|1776087187
|move|p2a: Excadrill|Swords Dance|p2a: Excadrill
|-boost|p2a: Excadrill|atk|2
|move|p1a: Tyranitar|Knock Off|p2a: Excadrill
|-damage|p2a: Excadrill|27/100
|-enditem|p2a: Excadrill|Air Balloon
|
|-weather|Sandstorm|[upkeep]
|upkeep
|turn|9
|
|t:|1776087192
|move|p2a: Excadrill|Iron Head|p1a: Tyranitar
|-supereffective|p1a: Tyranitar
|-damage|p1a: Tyranitar|0 fnt
|faint|p1a: Tyranitar
|
|-weather|none
|upkeep
|
|t:|1776087198
|switch|p1a: Rillaboom|Rillaboom, M|100/100
|-fieldstart|move: Grassy Terrain|[from] ability: Grassy Surge|[of] p1a: Rillaboom
|turn|10
|
|t:|1776087206
|move|p1a: Rillaboom|Grassy Glide|p2a: Excadrill
|-damage|p2a: Excadrill|0 fnt
|faint|p2a: Excadrill
|
|upkeep
|
|t:|1776087211
|switch|p2a: Arcanine|Arcanine-Hisui, F|74/100
|turn|11
|
|t:|1776087223
|switch|p1a: Zamazenta|Zamazenta|100/100
|-ability|p1a: Zamazenta|Dauntless Shield|boost
|-boost|p1a: Zamazenta|def|1
|move|p2a: Arcanine|Head Smash|p1a: Zamazenta
|-resisted|p1a: Zamazenta
|-damage|p1a: Zamazenta|79/100
|
|-heal|p1a: Zamazenta|85/100|[from] Grassy Terrain
|-heal|p2a: Arcanine|80/100|[from] Grassy Terrain
|upkeep
|turn|12
|
|t:|1776087237
|switch|p2a: Sandslash|Sandslash, M, shiny|100/100
|move|p1a: Zamazenta|Close Combat|p2a: Sandslash
|-damage|p2a: Sandslash|33/100
|-unboost|p1a: Zamazenta|def|1
|-unboost|p1a: Zamazenta|spd|1
|
|-heal|p1a: Zamazenta|91/100|[from] Grassy Terrain
|-heal|p2a: Sandslash|39/100|[from] Grassy Terrain
|upkeep
|turn|13
|
|t:|1776087242
|-terastallize|p2a: Sandslash|Poison
|move|p1a: Zamazenta|Close Combat|p2a: Sandslash
|-resisted|p2a: Sandslash
|-damage|p2a: Sandslash|7/100
|-unboost|p1a: Zamazenta|def|1
|-unboost|p1a: Zamazenta|spd|1
|move|p2a: Sandslash|Poison Jab|p1a: Zamazenta
|-damage|p1a: Zamazenta|39/100
|
|-heal|p1a: Zamazenta|45/100|[from] Grassy Terrain
|-heal|p2a: Sandslash|13/100|[from] Grassy Terrain
|upkeep
|turn|14
|
|t:|1776087252
|move|p1a: Zamazenta|Crunch|p2a: Sandslash
|-damage|p2a: Sandslash|0 fnt
|faint|p2a: Sandslash
|
|-heal|p1a: Zamazenta|52/100|[from] Grassy Terrain
|-fieldend|move: Grassy Terrain
|upkeep
|
|t:|1776087256
|switch|p2a: Ogerpon|Ogerpon-Wellspring, F|68/100
|turn|15
|
|t:|1776087262
|switch|p1a: Rillaboom|Rillaboom, M|100/100
|-fieldstart|move: Grassy Terrain|[from] ability: Grassy Surge|[of] p1a: Rillaboom
|move|p2a: Ogerpon|Ivy Cudgel|p1a: Rillaboom|[anim] Ivy Cudgel Water
|-resisted|p1a: Rillaboom
|-damage|p1a: Rillaboom|65/100
|
|-heal|p2a: Ogerpon|74/100|[from] Grassy Terrain
|-heal|p1a: Rillaboom|72/100|[from] Grassy Terrain
|upkeep
|turn|16
|
|t:|1776087270
|move|p2a: Ogerpon|U-turn|p1a: Rillaboom
|-supereffective|p1a: Rillaboom
|-damage|p1a: Rillaboom|8/100
|
|t:|1776087272
|switch|p2a: Arcanine|Arcanine-Hisui, F|80/100|[from] U-turn
|move|p1a: Rillaboom|U-turn|p2a: Arcanine
|-resisted|p2a: Arcanine
|-damage|p2a: Arcanine|64/100
|
|t:|1776087279
|switch|p1a: Zamazenta|Zamazenta|52/100|[from] U-turn
|
|-heal|p1a: Zamazenta|58/100|[from] Grassy Terrain
|-heal|p2a: Arcanine|70/100|[from] Grassy Terrain
|upkeep
|turn|17
|
|t:|1776087286
|move|p2a: Arcanine|Extreme Speed|p1a: Zamazenta
|-damage|p1a: Zamazenta|33/100
|move|p1a: Zamazenta|Close Combat|p2a: Arcanine
|-supereffective|p2a: Arcanine
|-damage|p2a: Arcanine|0 fnt
|-unboost|p1a: Zamazenta|def|1
|-unboost|p1a: Zamazenta|spd|1
|faint|p2a: Arcanine
|
|-heal|p1a: Zamazenta|40/100|[from] Grassy Terrain
|upkeep
|
|t:|1776087291
|switch|p2a: Ogerpon|Ogerpon-Wellspring, F|74/100
|turn|18
|
|t:|1776087295
|move|p1a: Zamazenta|Heavy Slam|p2a: Ogerpon
|-resisted|p2a: Ogerpon
|-damage|p2a: Ogerpon|46/100
|move|p2a: Ogerpon|Ivy Cudgel|p1a: Zamazenta|[anim] Ivy Cudgel Water
|-damage|p1a: Zamazenta|0 fnt
|faint|p1a: Zamazenta
|
|-heal|p2a: Ogerpon|52/100|[from] Grassy Terrain
|upkeep
|
|t:|1776087298
|switch|p1a: Zapdos|Zapdos|51/100
|turn|19
|
|t:|1776087314
|move|p2a: Ogerpon|Ivy Cudgel|p1a: Zapdos|[anim] Ivy Cudgel Water
|-damage|p1a: Zapdos|0 fnt
|faint|p1a: Zapdos
|
|-heal|p2a: Ogerpon|58/100|[from] Grassy Terrain
|-fieldend|move: Grassy Terrain
|upkeep
|
|t:|1776087317
|switch|p1a: Rillaboom|Rillaboom, M|8/100
|-fieldstart|move: Grassy Terrain|[from] ability: Grassy Surge|[of] p1a: Rillaboom
|turn|20
|
|t:|1776087320
|move|p1a: Rillaboom|Grassy Glide|p2a: Ogerpon
|-damage|p2a: Ogerpon|8/100
|move|p2a: Ogerpon|U-turn|p1a: Rillaboom
|-supereffective|p1a: Rillaboom
|-damage|p1a: Rillaboom|0 fnt
|faint|p1a: Rillaboom
|
|-heal|p2a: Ogerpon|14/100|[from] Grassy Terrain
|upkeep
|
|t:|1776087323
|switch|p1a: Gholdengo|Gholdengo|100/100
|-item|p1a: Gholdengo|Air Balloon
|turn|21
|
|t:|1776087328
|move|p2a: Ogerpon|Ivy Cudgel|p1a: Gholdengo|[anim] Ivy Cudgel Water
|-damage|p1a: Gholdengo|62/100
|-enditem|p1a: Gholdengo|Air Balloon
|move|p1a: Gholdengo|Make It Rain|p2a: Ogerpon
|-resisted|p2a: Ogerpon
|-damage|p2a: Ogerpon|0 fnt
|-unboost|p1a: Gholdengo|spa|1
|faint|p2a: Ogerpon
|
|win|Theeyouwish
|raw|Theeyouwish's rating: 1253 &rarr; <strong>1282</strong><br />(+29 for winning)
|raw|Jonthan Ringo's rating: 1303 &rarr; <strong>1280</strong><br />(-23 for losing)
|l| ohko_smeargle
|l|‽Jonthan Ringo
|player|p2|
|l|☆Theeyouwish
|player|p1|
