|html|<div class="broadcast-blue"><strong>[Gen 9] OU is currently suspecting Tera Blast! For information on how to participate check out the <a href="https://www.smogon.com/tools/suspects/view/200">suspect thread</a>.</strong></div>
|j|☆gogginsaad
|j|☆M3XG3N54 real
|t:|1776042721
|gametype|singles
|player|p1|gogginsaad|266|1333
|player|p2|M3XG3N54 real|102|1323
|gen|9
|tier|[Gen 9] OU
|rated|
|rule|HP Percentage Mod: HP is shown in percentages
|rule|Endless Battle Clause: Forcing endless battles is banned
|rule|Species Clause: Limit one of each Pokémon
|rule|OHKO Clause: OHKO moves are banned
|rule|Evasion Items Clause: Evasion items are banned
|rule|Evasion Moves Clause: Evasion moves are banned
|rule|Evasion Abilities Clause: Evasion abilities are banned
|rule|Sleep Moves Clause: Sleep-inducing moves are banned
|clearpoke
|poke|p1|Kingambit, M|
|poke|p1|Keldeo-Resolute|
|poke|p1|Cinderace, F|
|poke|p1|Grimmsnarl, M|
|poke|p1|Rillaboom, M|
|poke|p1|Metagross|
|poke|p2|Hatterene, F|
|poke|p2|Uxie|
|poke|p2|Ursaluna, F|
|poke|p2|Torkoal, M|
|poke|p2|Kingambit, F|
|poke|p2|Dragapult, M|
|teampreview
|inactive|Battle timer is ON: inactive players will automatically lose when time's up. (requested by M3XG3N54 real)
|inactive|gogginsaad also wants the timer to be on.
|
|t:|1776042730
|teamsize|p1|6
|teamsize|p2|6
|start
|switch|p1a: Keldeo|Keldeo-Resolute|100/100
|switch|p2a: Uxie|Uxie|100/100
|turn|1
|
|t:|1776042735
|move|p1a: Keldeo|Hydro Pump|p2a: Uxie|[miss]
|-miss|p1a: Keldeo|p2a: Uxie
|move|p2a: Uxie|Trick Room|p2a: Uxie
|-fieldstart|move: Trick Room|[of] p2a: Uxie
|
|upkeep
|turn|2
|
|t:|1776042741
|switch|p1a: Grimmsnarl|Grimmsnarl, M, shiny|100/100
|move|p2a: Uxie|Stealth Rock|p1a: Grimmsnarl
|-sidestart|p1: gogginsaad|move: Stealth Rock
|
|upkeep
|turn|3
|
|t:|1776042745
|switch|p2a: Torkoal|Torkoal, M|100/100
|-weather|SunnyDay|[from] ability: Drought|[of] p2a: Torkoal
|move|p1a: Grimmsnarl|Reflect|p1a: Grimmsnarl
|-sidestart|p1: gogginsaad|Reflect
|
|-weather|SunnyDay|[upkeep]
|upkeep
|turn|4
|
|t:|1776042747
|move|p1a: Grimmsnarl|Light Screen|p1a: Grimmsnarl
|-sidestart|p1: gogginsaad|move: Light Screen
|move|p2a: Torkoal|Eruption|p1a: Grimmsnarl
|-damage|p1a: Grimmsnarl|43/100
|
|-weather|SunnyDay|[upkeep]
|upkeep
|turn|5
|
|t:|1776042750
|move|p1a: Grimmsnarl|Parting Shot|p2a: Torkoal
|-unboost|p2a: Torkoal|atk|1
|-unboost|p2a: Torkoal|spa|1
|
|t:|1776042753
|switch|p1a: Metagross|Metagross, shiny|100/100|[from] Parting Shot
|-damage|p1a: Metagross|95/100|[from] Stealth Rock
|move|p2a: Torkoal|Eruption|p1a: Metagross
|-supereffective|p1a: Metagross
|-damage|p1a: Metagross|0 fnt
|faint|p1a: Metagross
|
|-weather|SunnyDay|[upkeep]
|-fieldend|move: Trick Room
|upkeep
|
|t:|1776042762
|switch|p1a: Keldeo|Keldeo-Resolute|100/100
|turn|6
|
|t:|1776042765
|switch|p2a: Uxie|Uxie|100/100
|move|p1a: Keldeo|Calm Mind|p1a: Keldeo
|-boost|p1a: Keldeo|spa|1
|-boost|p1a: Keldeo|spd|1
|
|-weather|SunnyDay|[upkeep]
|upkeep
|turn|7
|
|t:|1776042769
|move|p1a: Keldeo|Hydro Pump|p2a: Uxie|[miss]
|-miss|p1a: Keldeo|p2a: Uxie
|move|p2a: Uxie|Encore|p1a: Keldeo
|-start|p1a: Keldeo|Encore
|
|-weather|none
|upkeep
|turn|8
|
|t:|1776042772
|move|p1a: Keldeo|Hydro Pump|p2a: Uxie
|-damage|p2a: Uxie|52/100
|move|p2a: Uxie|Trick Room|p2a: Uxie
|-fieldstart|move: Trick Room|[of] p2a: Uxie
|
|upkeep
|turn|9
|
|t:|1776042775
|move|p2a: Uxie|Memento|p1a: Keldeo
|-unboost|p1a: Keldeo|atk|2
|-unboost|p1a: Keldeo|spa|2
|faint|p2a: Uxie
|move|p1a: Keldeo|Hydro Pump|p2: Uxie|[notarget]
|-fail|p1a: Keldeo
|
|upkeep
|
|t:|1776042780
|switch|p2a: Ursaluna|Ursaluna, F|100/100
|turn|10
|
|t:|1776042785
|move|p2a: Ursaluna|Swords Dance|p2a: Ursaluna
|-boost|p2a: Ursaluna|atk|2
|move|p1a: Keldeo|Hydro Pump|p2a: Ursaluna
|-supereffective|p2a: Ursaluna
|-damage|p2a: Ursaluna|29/100
|
|-end|p1a: Keldeo|Encore
|-sideend|p1: gogginsaad|Reflect
|-status|p2a: Ursaluna|brn|[from] item: Flame Orb
|upkeep
|turn|11
|
|t:|1776042793
|switch|p1a: Grimmsnarl|Grimmsnarl, M, shiny|43/100
|-damage|p1a: Grimmsnarl|30/100|[from] Stealth Rock
|move|p2a: Ursaluna|Facade|p1a: Grimmsnarl
|-damage|p1a: Grimmsnarl|0 fnt
|faint|p1a: Grimmsnarl
|
|-damage|p2a: Ursaluna|23/100 brn|[from] brn
|-sideend|p1: gogginsaad|move: Light Screen
|upkeep
|
|t:|1776042801
|switch|p1a: Cinderace|Cinderace, F, shiny|100/100
|turn|12
|
|t:|1776042803
|move|p1a: Cinderace|Sucker Punch|p2a: Ursaluna
|-start|p1a: Cinderace|typechange|Dark|[from] ability: Libero
|-damage|p2a: Ursaluna|0 fnt
|faint|p2a: Ursaluna
|
|-fieldend|move: Trick Room
|upkeep
|
|t:|1776042805
|switch|p2a: Hatterene|Hatterene, F|100/100
|turn|13
|
|t:|1776042811
|move|p1a: Cinderace|Pyro Ball|p2a: Hatterene
|-damage|p2a: Hatterene|72/100
|move|p2a: Hatterene|Trick Room|p2a: Hatterene
|-fieldstart|move: Trick Room|[of] p2a: Hatterene
|
|upkeep
|turn|14
|
|t:|1776042816
|switch|p2a: Torkoal|Torkoal, M|100/100
|-weather|SunnyDay|[from] ability: Drought|[of] p2a: Torkoal
|move|p1a: Cinderace|U-turn|p2a: Torkoal
|-resisted|p2a: Torkoal
|-damage|p2a: Torkoal|92/100
|
|t:|1776042823
|switch|p1a: Keldeo|Keldeo-Resolute|100/100|[from] U-turn
|
|-weather|SunnyDay|[upkeep]
|upkeep
|turn|15
|
|t:|1776042827
|move|p2a: Torkoal|Solar Beam||[still]
|-prepare|p2a: Torkoal|Solar Beam
|-anim|p2a: Torkoal|Solar Beam|p1a: Keldeo
|-supereffective|p1a: Keldeo
|-damage|p1a: Keldeo|0 fnt
|faint|p1a: Keldeo
|
|-weather|SunnyDay|[upkeep]
|upkeep
|
|t:|1776042835
|switch|p1a: Cinderace|Cinderace, F, shiny|100/100
|turn|16
|inactive|M3XG3N54 real has 120 seconds left.
|
|t:|1776042894
|switch|p2a: Dragapult|Dragapult, M|100/100
|move|p1a: Cinderace|Court Change|p1a: Cinderace
|-start|p1a: Cinderace|typechange|Normal|[from] ability: Libero
|-swapsideconditions
|-activate|p1a: Cinderace|move: Court Change
|
|-weather|SunnyDay|[upkeep]
|upkeep
|turn|17
|inactive|M3XG3N54 real has 90 seconds left.
|inactive|M3XG3N54 real has 60 seconds left.
|
|t:|1776042952
|move|p1a: Cinderace|Sucker Punch||[still]
|-fail|p1a: Cinderace
|move|p2a: Dragapult|Will-O-Wisp|p1a: Cinderace
|-status|p1a: Cinderace|brn
|
|-weather|SunnyDay|[upkeep]
|-damage|p1a: Cinderace|95/100 brn|[from] brn
|-fieldend|move: Trick Room
|upkeep
|turn|18
|
|t:|1776042955
|move|p1a: Cinderace|Sucker Punch|p2a: Dragapult
|-supereffective|p2a: Dragapult
|-damage|p2a: Dragapult|72/100
|move|p2a: Dragapult|U-turn|p1a: Cinderace
|-damage|p1a: Cinderace|68/100 brn
|
|t:|1776042957
|switch|p2a: Hatterene|Hatterene, F|72/100|[from] U-turn
|-damage|p2a: Hatterene|59/100|[from] Stealth Rock
|
|-weather|none
|-damage|p1a: Cinderace|62/100 brn|[from] brn
|upkeep
|turn|19
|
|t:|1776042962
|move|p1a: Cinderace|U-turn|p2a: Hatterene
|-damage|p2a: Hatterene|51/100
|
|t:|1776042966
|switch|p1a: Rillaboom|Rillaboom, M, shiny|100/100|[from] U-turn
|-fieldstart|move: Grassy Terrain|[from] ability: Grassy Surge|[of] p1a: Rillaboom
|move|p2a: Hatterene|Trick Room|p2a: Hatterene
|-fieldstart|move: Trick Room|[of] p2a: Hatterene
|
|-heal|p2a: Hatterene|57/100|[from] Grassy Terrain
|upkeep
|turn|20
|
|t:|1776042972
|switch|p2a: Torkoal|Torkoal, M|92/100
|-damage|p2a: Torkoal|67/100|[from] Stealth Rock
|-weather|SunnyDay|[from] ability: Drought|[of] p2a: Torkoal
|move|p1a: Rillaboom|Wood Hammer|p2a: Torkoal
|-resisted|p2a: Torkoal
|-damage|p2a: Torkoal|23/100
|-damage|p1a: Rillaboom|86/100|[from] Recoil
|
|-weather|SunnyDay|[upkeep]
|-heal|p2a: Torkoal|29/100|[from] Grassy Terrain
|-heal|p1a: Rillaboom|92/100|[from] Grassy Terrain
|upkeep
|turn|21
|
|t:|1776042982
|switch|p1a: Cinderace|Cinderace, F, shiny|62/100 brn
|move|p2a: Torkoal|Flamethrower|p1a: Cinderace
|-resisted|p1a: Cinderace
|-damage|p1a: Cinderace|5/100 brn
|
|-weather|SunnyDay|[upkeep]
|-heal|p2a: Torkoal|35/100|[from] Grassy Terrain
|-heal|p1a: Cinderace|11/100 brn|[from] Grassy Terrain
|-damage|p1a: Cinderace|5/100 brn|[from] brn
|upkeep
|turn|22
|
|t:|1776042990
|switch|p2a: Dragapult|Dragapult, M|72/100
|-damage|p2a: Dragapult|60/100|[from] Stealth Rock
|move|p1a: Cinderace|Sucker Punch||[still]
|-fail|p1a: Cinderace
|
|-weather|SunnyDay|[upkeep]
|-heal|p1a: Cinderace|11/100 brn|[from] Grassy Terrain
|-heal|p2a: Dragapult|66/100|[from] Grassy Terrain
|-heal|p2a: Dragapult|72/100|[from] item: Leftovers
|-damage|p1a: Cinderace|5/100 brn|[from] brn
|upkeep
|turn|23
|
|t:|1776042998
|move|p1a: Cinderace|Pyro Ball|p2a: Dragapult
|-resisted|p2a: Dragapult
|-damage|p2a: Dragapult|40/100
|move|p2a: Dragapult|U-turn|p1a: Cinderace
|-resisted|p1a: Cinderace
|-damage|p1a: Cinderace|0 fnt
|faint|p1a: Cinderace
|
|t:|1776043005
|switch|p2a: Torkoal|Torkoal, M|35/100|[from] U-turn
|-damage|p2a: Torkoal|10/100|[from] Stealth Rock
|
|-weather|SunnyDay|[upkeep]
|-heal|p2a: Torkoal|16/100|[from] Grassy Terrain
|-fieldend|move: Trick Room
|-fieldend|move: Grassy Terrain
|upkeep
|
|t:|1776043012
|switch|p1a: Kingambit|Kingambit, M, shiny|100/100
|-activate|p1a: Kingambit|ability: Supreme Overlord
|-start|p1a: Kingambit|fallen4|[silent]
|turn|24
|
|t:|1776043015
|-terastallize|p1a: Kingambit|Ghost
|move|p1a: Kingambit|Swords Dance|p1a: Kingambit
|-boost|p1a: Kingambit|atk|2
|move|p2a: Torkoal|Flamethrower|p1a: Kingambit
|-damage|p1a: Kingambit|17/100
|
|-weather|none
|-heal|p1a: Kingambit|24/100|[from] item: Leftovers
|upkeep
|turn|25
|inactive|M3XG3N54 real has 120 seconds left.
|
|t:|1776043053
|move|p1a: Kingambit|Sucker Punch|p2a: Torkoal
|-damage|p2a: Torkoal|0 fnt
|faint|p2a: Torkoal
|
|-heal|p1a: Kingambit|30/100|[from] item: Leftovers
|upkeep
|
|t:|1776043055
|switch|p2a: Kingambit|Kingambit, F|100/100
|-damage|p2a: Kingambit|94/100|[from] Stealth Rock
|-activate|p2a: Kingambit|ability: Supreme Overlord
|-start|p2a: Kingambit|fallen3|[silent]
|turn|26
|
|t:|1776043065
|move|p2a: Kingambit|Sucker Punch|p1a: Kingambit
|-supereffective|p1a: Kingambit
|-damage|p1a: Kingambit|0 fnt
|faint|p1a: Kingambit
|-end|p1a: Kingambit|fallen4|[silent]
|
|upkeep
|
|t:|1776043068
|switch|p1a: Rillaboom|Rillaboom, M, shiny|92/100
|-fieldstart|move: Grassy Terrain|[from] ability: Grassy Surge|[of] p1a: Rillaboom
|turn|27
|
|t:|1776043073
|-terastallize|p2a: Kingambit|Fighting
|move|p1a: Rillaboom|Wood Hammer|p2a: Kingambit
|-damage|p2a: Kingambit|16/100
|-damage|p1a: Rillaboom|61/100|[from] Recoil
|move|p2a: Kingambit|Low Kick|p1a: Rillaboom
|-damage|p1a: Rillaboom|0 fnt
|faint|p1a: Rillaboom
|
|win|M3XG3N54 real
|raw|gogginsaad's rating: 1333 &rarr; <strong>1312</strong><br />(-21 for losing)
|raw|M3XG3N54 real's rating: 1323 &rarr; <strong>1344</strong><br />(+21 for winning)
|l|☆M3XG3N54 real
|player|p2|
|l|☆gogginsaad
|player|p1|
