|html|<div class="broadcast-blue"><strong>[Gen 9] OU is currently suspecting Tera Blast! For information on how to participate check out the <a href="https://www.smogon.com/tools/suspects/view/200">suspect thread</a>.</strong></div>
|j|☆Unatopipo
|j|☆fee3h
|t:|1776247256
|gametype|singles
|player|p1|Unatopipo|aaron|1383
|player|p2|fee3h|266|1397
|gen|9
|tier|[Gen 9] OU
|rated|
|rule|HP Percentage Mod: HP is shown in percentages
|rule|Endless Battle Clause: Forcing endless battles is banned
|rule|Species Clause: Limit one of each Pokémon
|rule|OHKO Clause: OHKO moves are banned
|rule|Evasion Items Clause: Evasion items are banned
|rule|Evasion Moves Clause: Evasion moves are banned
|rule|Evasion Abilities Clause: Evasion abilities are banned
|rule|Sleep Moves Clause: Sleep-inducing moves are banned
|clearpoke
|poke|p1|Dragapult, F|
|poke|p1|Iron Moth|
|poke|p1|Ogerpon-Wellspring, F|
|poke|p1|Tyranitar, M|
|poke|p1|Great Tusk|
|poke|p1|Hatterene, F|
|poke|p2|Deoxys-Speed|
|poke|p2|Glimmora, F|
|poke|p2|Dragonite, F|
|poke|p2|Ceruledge, F|
|poke|p2|Zamazenta-*|
|poke|p2|Darkrai|
|teampreview
|inactive|Battle timer is ON: inactive players will automatically lose when time's up. (requested by Unatopipo)
|inactive|fee3h has 120 seconds left.
|
|t:|1776247288
|teamsize|p1|6
|teamsize|p2|6
|start
|switch|p1a: Dragapult|Dragapult, F|100/100
|switch|p2a: Darkrai|Darkrai|100/100
|turn|1
|
|t:|1776247294
|move|p1a: Dragapult|U-turn|p2a: Darkrai
|-supereffective|p2a: Darkrai
|-damage|p2a: Darkrai|43/100
|
|t:|1776247302
|switch|p1a: Tyranitar|Tyranitar, M|100/100|[from] U-turn
|-weather|Sandstorm|[from] ability: Sand Stream|[of] p1a: Tyranitar
|move|p2a: Darkrai|Will-O-Wisp|p1a: Tyranitar
|-status|p1a: Tyranitar|brn
|
|-weather|Sandstorm|[upkeep]
|-damage|p2a: Darkrai|37/100|[from] Sandstorm
|-heal|p2a: Darkrai|43/100|[from] item: Leftovers
|-damage|p1a: Tyranitar|94/100 brn|[from] brn
|upkeep
|turn|2
|
|t:|1776247328
|switch|p2a: Zamazenta|Zamazenta|100/100
|-ability|p2a: Zamazenta|Dauntless Shield|boost
|-boost|p2a: Zamazenta|def|1
|move|p1a: Tyranitar|Thunder Wave|p2a: Zamazenta
|-status|p2a: Zamazenta|par
|
|-weather|Sandstorm|[upkeep]
|-damage|p2a: Zamazenta|94/100 par|[from] Sandstorm
|-heal|p2a: Zamazenta|100/100 par|[from] item: Leftovers
|-heal|p1a: Tyranitar|100/100 brn|[from] item: Leftovers
|-damage|p1a: Tyranitar|94/100 brn|[from] brn
|upkeep
|turn|3
|
|t:|1776247339
|switch|p2a: Deoxys|Deoxys-Speed|100/100
|-ability|p2a: Deoxys|Pressure
|switch|p1a: Hatterene|Hatterene, F|100/100
|
|-weather|Sandstorm|[upkeep]
|-damage|p2a: Deoxys|95/100|[from] Sandstorm
|-damage|p1a: Hatterene|95/100|[from] Sandstorm
|upkeep
|turn|4
|
|t:|1776247343
|move|p2a: Deoxys|Reflect|p2a: Deoxys
|-sidestart|p2: fee3h|Reflect
|move|p1a: Hatterene|Nuzzle|p2a: Deoxys
|-damage|p2a: Deoxys|93/100
|-status|p2a: Deoxys|par
|
|-weather|Sandstorm|[upkeep]
|-damage|p2a: Deoxys|87/100 par|[from] Sandstorm
|-damage|p1a: Hatterene|89/100|[from] Sandstorm
|upkeep
|turn|5
|
|t:|1776247356
|cant|p2a: Deoxys|par
|move|p1a: Hatterene|Draining Kiss|p2a: Deoxys
|-damage|p2a: Deoxys|61/100 par
|-heal|p1a: Hatterene|100/100|[from] drain|[of] p2a: Deoxys
|
|-weather|none
|upkeep
|turn|6
|
|t:|1776247367
|switch|p1a: Ogerpon|Ogerpon-Wellspring, F|100/100
|move|p2a: Deoxys|Light Screen|p2a: Deoxys
|-sidestart|p2: fee3h|move: Light Screen
|
|upkeep
|turn|7
|
|t:|1776247372
|switch|p2a: Dragonite|Dragonite, F|100/100
|move|p1a: Ogerpon|Trailblaze|p2a: Dragonite
|-resisted|p2a: Dragonite
|-damage|p2a: Dragonite|99/100
|-boost|p1a: Ogerpon|spe|1
|
|upkeep
|turn|8
|
|t:|1776247382
|move|p1a: Ogerpon|Swords Dance|p1a: Ogerpon
|-boost|p1a: Ogerpon|atk|2
|move|p2a: Dragonite|Dragon Dance|p2a: Dragonite
|-boost|p2a: Dragonite|atk|1
|-boost|p2a: Dragonite|spe|1
|
|upkeep
|turn|9
|
|t:|1776247391
|move|p1a: Ogerpon|Play Rough|p2a: Dragonite|[miss]
|-miss|p1a: Ogerpon|p2a: Dragonite
|move|p2a: Dragonite|Dragon Dance|p2a: Dragonite
|-boost|p2a: Dragonite|atk|1
|-boost|p2a: Dragonite|spe|1
|
|upkeep
|turn|10
|
|t:|1776247394
|move|p2a: Dragonite|Roost|p2a: Dragonite
|-heal|p2a: Dragonite|100/100
|-singleturn|p2a: Dragonite|move: Roost
|move|p1a: Ogerpon|Play Rough|p2a: Dragonite
|-supereffective|p2a: Dragonite
|-damage|p2a: Dragonite|65/100
|-enditem|p2a: Dragonite|Weakness Policy
|-boost|p2a: Dragonite|atk|2|[from] item: Weakness Policy
|-boost|p2a: Dragonite|spa|2|[from] item: Weakness Policy
|
|upkeep
|turn|11
|
|t:|1776247416
|switch|p1a: Hatterene|Hatterene, F|100/100
|move|p2a: Dragonite|Roost|p2a: Dragonite
|-heal|p2a: Dragonite|100/100
|-singleturn|p2a: Dragonite|move: Roost
|
|-sideend|p2: fee3h|Reflect
|upkeep
|turn|12
|
|t:|1776247424
|-terastallize|p2a: Dragonite|Electric
|-terastallize|p1a: Hatterene|Water
|move|p2a: Dragonite|Tera Blast|p1a: Hatterene|[anim] Tera Blast Electric
|-supereffective|p1a: Hatterene
|-damage|p1a: Hatterene|0 fnt
|faint|p1a: Hatterene
|
|upkeep
|-message|Unatopipo forfeited.
|
|win|fee3h
|raw|Unatopipo's rating: 1383 &rarr; <strong>1364</strong><br />(-19 for losing)
|raw|fee3h's rating: 1397 &rarr; <strong>1416</strong><br />(+19 for winning)
|l|☆Unatopipo
|player|p1|
