|html|<div class="broadcast-blue"><strong>[Gen 9] OU is currently suspecting Tera Blast! For information on how to participate check out the <a href="https://www.smogon.com/tools/suspects/view/200">suspect thread</a>.</strong></div>
|j|☆PrettyMildRamen
|j|☆CHESTEEER
|t:|1776296486
|gametype|singles
|player|p1|PrettyMildRamen|102|1046
|player|p2|CHESTEEER|erika|1095
|gen|9
|tier|[Gen 9] OU
|rated|
|rule|HP Percentage Mod: HP is shown in percentages
|rule|Endless Battle Clause: Forcing endless battles is banned
|rule|Species Clause: Limit one of each Pokémon
|rule|OHKO Clause: OHKO moves are banned
|rule|Evasion Items Clause: Evasion items are banned
|rule|Evasion Moves Clause: Evasion moves are banned
|rule|Evasion Abilities Clause: Evasion abilities are banned
|rule|Sleep Moves Clause: Sleep-inducing moves are banned
|clearpoke
|poke|p1|Florges, F|
|poke|p1|Rillaboom, M|
|poke|p1|Deoxys-Speed|
|poke|p1|Grimmsnarl, M|
|poke|p1|Lucario, F|
|poke|p1|Pecharunt|
|poke|p2|Raging Bolt|
|poke|p2|Sylveon, F|
|poke|p2|Jirachi|
|poke|p2|Toxapex, F|
|poke|p2|Meowscarada, F|
|poke|p2|Metagross|
|teampreview
|inactive|Battle timer is ON: inactive players will automatically lose when time's up. (requested by PrettyMildRamen)
|c|☆CHESTEEER|Heya
|inactive|PrettyMildRamen has 120 seconds left.
|
|t:|1776296522
|teamsize|p1|6
|teamsize|p2|6
|start
|switch|p1a: Lucario|Lucario, F|100/100
|switch|p2a: Blasfêmea|Jirachi, shiny|100/100
|turn|1
|
|t:|1776296543
|switch|p2a: Queen|Sylveon, F, shiny|100/100
|move|p1a: Lucario|Swords Dance|p1a: Lucario
|-boost|p1a: Lucario|atk|2
|
|upkeep
|turn|2
|
|t:|1776296560
|move|p1a: Lucario|Meteor Mash|p2a: Queen|[miss]
|-miss|p1a: Lucario|p2a: Queen
|move|p2a: Queen|Tera Blast|p1a: Lucario
|-damage|p1a: Lucario|26/100
|
|upkeep
|turn|3
|
|t:|1776296577
|switch|p1a: Pecharunt|Pecharunt|100/100
|move|p2a: Queen|Double-Edge|p1a: Pecharunt
|-resisted|p1a: Pecharunt
|-damage|p1a: Pecharunt|93/100
|-damage|p2a: Queen|98/100|[from] Recoil
|
|-heal|p2a: Queen|100/100|[from] item: Leftovers
|upkeep
|turn|4
|
|t:|1776296592
|move|p1a: Pecharunt|Malignant Chain|p2a: Queen
|-supereffective|p2a: Queen
|-damage|p2a: Queen|62/100
|-status|p2a: Queen|tox
|-start|p2a: Queen|confusion|[from] ability: Poison Puppeteer|[of] p1a: Pecharunt
|-activate|p2a: Queen|confusion
|-damage|p2a: Queen|55/100 tox|[from] confusion
|
|-heal|p2a: Queen|61/100 tox|[from] item: Leftovers
|-damage|p2a: Queen|55/100 tox|[from] psn
|upkeep
|turn|5
|
|t:|1776296600
|move|p1a: Pecharunt|Parting Shot|p2a: Queen
|-unboost|p2a: Queen|atk|1
|-unboost|p2a: Queen|spa|1
|
|t:|1776296606
|switch|p1a: Deoxys|Deoxys-Speed|100/100|[from] Parting Shot
|-ability|p1a: Deoxys|Pressure
|-end|p2a: Queen|confusion
|move|p2a: Queen|Psyshock|p1a: Deoxys
|-resisted|p1a: Deoxys
|-damage|p1a: Deoxys|91/100
|-enditem|p1a: Deoxys|Red Card|[of] p2a: Queen
|drag|p2a: Raging Bolt|Raging Bolt|100/100
|
|upkeep
|turn|6
|
|t:|1776296617
|move|p1a: Deoxys|Spikes|p2a: Raging Bolt
|-sidestart|p2: CHESTEEER|Spikes
|move|p2a: Raging Bolt|Volt Switch|p1a: Deoxys
|-damage|p1a: Deoxys|42/100
|
|t:|1776296625
|-end|p2a: Raging Bolt|Protosynthesis|[silent]
|switch|p2a: Toxapex|Toxapex, F|100/100|[from] Volt Switch
|-damage|p2a: Toxapex|88/100|[from] Spikes
|
|-heal|p2a: Toxapex|94/100|[from] item: Black Sludge
|upkeep
|turn|7
|
|t:|1776296642
|move|p1a: Deoxys|Taunt|p2a: Toxapex
|-start|p2a: Toxapex|move: Taunt
|cant|p2a: Toxapex|move: Taunt|Toxic
|
|-heal|p2a: Toxapex|100/100|[from] item: Black Sludge
|upkeep
|turn|8
|
|t:|1776296650
|move|p1a: Deoxys|Spikes|p2a: Toxapex
|-sidestart|p2: CHESTEEER|Spikes
|move|p2a: Toxapex|Gunk Shot|p1a: Deoxys
|-damage|p1a: Deoxys|7/100
|
|upkeep
|turn|9
|
|t:|1776296658
|move|p1a: Deoxys|Spikes|p2a: Toxapex
|-sidestart|p2: CHESTEEER|Spikes
|move|p2a: Toxapex|Gunk Shot|p1a: Deoxys
|-damage|p1a: Deoxys|0 fnt
|faint|p1a: Deoxys
|
|-end|p2a: Toxapex|move: Taunt
|upkeep
|
|t:|1776296672
|switch|p1a: Rillaboom|Rillaboom, M|100/100
|-fieldstart|move: Grassy Terrain|[from] ability: Grassy Surge|[of] p1a: Rillaboom
|turn|10
|
|t:|1776296689
|switch|p2a: Lesbian Cat|Meowscarada, F|100/100
|move|p1a: Rillaboom|High Horsepower|p2a: Lesbian Cat
|-resisted|p2a: Lesbian Cat
|-damage|p2a: Lesbian Cat|74/100
|
|-heal|p2a: Lesbian Cat|80/100|[from] Grassy Terrain
|upkeep
|turn|11
|
|t:|1776296703
|switch|p1a: Lucario|Lucario, F|26/100
|move|p2a: Lesbian Cat|U-turn|p1a: Lucario
|-start|p2a: Lesbian Cat|typechange|Bug|[from] ability: Protean
|-resisted|p1a: Lucario
|-damage|p1a: Lucario|12/100
|
|t:|1776296715
|switch|p2a: Blasfêmea|Jirachi, shiny|100/100|[from] U-turn
|-damage|p2a: Blasfêmea|76/100|[from] Spikes
|
|-heal|p1a: Lucario|18/100|[from] Grassy Terrain
|-heal|p2a: Blasfêmea|82/100|[from] Grassy Terrain
|-heal|p2a: Blasfêmea|88/100|[from] item: Leftovers
|upkeep
|turn|12
|
|t:|1776296721
|move|p1a: Lucario|Drain Punch|p2a: Blasfêmea
|-damage|p2a: Blasfêmea|41/100
|-heal|p1a: Lucario|47/100|[from] drain|[of] p2a: Blasfêmea
|-damage|p1a: Lucario|37/100|[from] item: Life Orb
|move|p2a: Blasfêmea|Iron Head|p1a: Lucario
|-resisted|p1a: Lucario
|-damage|p1a: Lucario|5/100
|
|-heal|p1a: Lucario|12/100|[from] Grassy Terrain
|-heal|p2a: Blasfêmea|47/100|[from] Grassy Terrain
|-heal|p2a: Blasfêmea|53/100|[from] item: Leftovers
|upkeep
|turn|13
|
|t:|1776296736
|move|p1a: Lucario|Drain Punch|p2a: Blasfêmea
|-damage|p2a: Blasfêmea|10/100
|-heal|p1a: Lucario|38/100|[from] drain|[of] p2a: Blasfêmea
|-damage|p1a: Lucario|28/100|[from] item: Life Orb
|move|p2a: Blasfêmea|Body Slam|p1a: Lucario
|-resisted|p1a: Lucario
|-damage|p1a: Lucario|6/100
|-status|p1a: Lucario|par
|
|-heal|p2a: Blasfêmea|17/100|[from] Grassy Terrain
|-heal|p2a: Blasfêmea|23/100|[from] item: Leftovers
|-heal|p1a: Lucario|12/100 par|[from] Grassy Terrain
|upkeep
|turn|14
|
|t:|1776296752
|switch|p2a: Lesbian Cat|Meowscarada, F|80/100
|cant|p1a: Lucario|par
|
|-heal|p2a: Lesbian Cat|86/100|[from] Grassy Terrain
|-heal|p1a: Lucario|18/100 par|[from] Grassy Terrain
|upkeep
|turn|15
|
|t:|1776296760
|move|p1a: Lucario|Extreme Speed|p2a: Lesbian Cat
|-damage|p2a: Lesbian Cat|32/100
|-damage|p1a: Lucario|8/100 par|[from] item: Life Orb
|move|p2a: Lesbian Cat|Play Rough|p1a: Lucario
|-start|p2a: Lesbian Cat|typechange|Fairy|[from] ability: Protean
|-damage|p1a: Lucario|0 fnt
|faint|p1a: Lucario
|
|-heal|p2a: Lesbian Cat|38/100|[from] Grassy Terrain
|upkeep
|
|t:|1776296766
|switch|p1a: Grimmsnarl|Grimmsnarl, M|100/100
|turn|16
|
|t:|1776296776
|move|p1a: Grimmsnarl|Reflect|p1a: Grimmsnarl
|-sidestart|p1: PrettyMildRamen|Reflect
|move|p2a: Lesbian Cat|Play Rough|p1a: Grimmsnarl
|-supereffective|p1a: Grimmsnarl
|-damage|p1a: Grimmsnarl|46/100
|
|-heal|p2a: Lesbian Cat|45/100|[from] Grassy Terrain
|-heal|p1a: Grimmsnarl|52/100|[from] Grassy Terrain
|upkeep
|turn|17
|
|t:|1776296784
|move|p1a: Grimmsnarl|Parting Shot|p2a: Lesbian Cat
|-unboost|p2a: Lesbian Cat|atk|1
|-unboost|p2a: Lesbian Cat|spa|1
|
|t:|1776296786
|switch|p1a: Florges|Florges, F|100/100|[from] Parting Shot
|-enditem|p1a: Florges|Grassy Seed
|-boost|p1a: Florges|def|1|[from] item: Grassy Seed
|move|p2a: Lesbian Cat|Play Rough|p1a: Florges
|-damage|p1a: Florges|91/100
|
|-heal|p2a: Lesbian Cat|51/100|[from] Grassy Terrain
|-heal|p1a: Florges|97/100|[from] Grassy Terrain
|-fieldend|move: Grassy Terrain
|upkeep
|turn|18
|
|t:|1776296792
|move|p2a: Lesbian Cat|U-turn|p1a: Florges
|-resisted|p1a: Florges
|-damage|p1a: Florges|95/100
|
|t:|1776296800
|switch|p2a: Queen|Sylveon, F, shiny|55/100 tox|[from] U-turn
|-damage|p2a: Queen|30/100 tox|[from] Spikes
|move|p1a: Florges|Calm Mind|p1a: Florges
|-boost|p1a: Florges|spa|1
|-boost|p1a: Florges|spd|1
|
|-heal|p2a: Queen|36/100 tox|[from] item: Leftovers
|-damage|p2a: Queen|30/100 tox|[from] psn
|upkeep
|turn|19
|
|t:|1776296811
|-terastallize|p2a: Queen|Fairy
|move|p1a: Florges|Calm Mind|p1a: Florges
|-boost|p1a: Florges|spa|1
|-boost|p1a: Florges|spd|1
|move|p2a: Queen|Double-Edge|p1a: Florges
|-damage|p1a: Florges|83/100
|-damage|p2a: Queen|26/100 tox|[from] Recoil
|
|-heal|p2a: Queen|32/100 tox|[from] item: Leftovers
|-damage|p2a: Queen|20/100 tox|[from] psn
|upkeep
|turn|20
|
|t:|1776296824
|move|p1a: Florges|Draining Kiss|p2a: Queen
|-damage|p2a: Queen|0 fnt
|-heal|p1a: Florges|99/100|[from] drain|[of] p2a: Queen
|faint|p2a: Queen
|
|upkeep
|
|t:|1776296832
|switch|p2a: Metagross|Metagross|100/100
|-damage|p2a: Metagross|75/100|[from] Spikes
|turn|21
|
|t:|1776296840
|-terastallize|p1a: Florges|Fire
|move|p1a: Florges|Tera Blast|p2a: Metagross|[anim] Tera Blast Fire
|-supereffective|p2a: Metagross
|-damage|p2a: Metagross|0 fnt
|faint|p2a: Metagross
|
|upkeep
|c|☆CHESTEEER|Oh
|
|t:|1776296853
|switch|p2a: Raging Bolt|Raging Bolt|100/100
|-damage|p2a: Raging Bolt|76/100|[from] Spikes
|turn|22
|c|☆PrettyMildRamen|Oh?
|c|☆CHESTEEER|I am surprised
|inactive|CHESTEEER has 120 seconds left.
|c|☆CHESTEEER|Fire type tera in a Fairy pokemon
|
|t:|1776296891
|move|p1a: Florges|Draining Kiss|p2a: Raging Bolt
|-supereffective|p2a: Raging Bolt
|-damage|p2a: Raging Bolt|15/100
|-heal|p1a: Florges|100/100|[from] drain|[of] p2a: Raging Bolt
|move|p2a: Raging Bolt|Volt Switch|p1a: Florges
|-damage|p1a: Florges|86/100
|
|t:|1776296899
|-end|p2a: Raging Bolt|Protosynthesis|[silent]
|switch|p2a: Toxapex|Toxapex, F|100/100|[from] Volt Switch
|-damage|p2a: Toxapex|75/100|[from] Spikes
|
|-heal|p2a: Toxapex|82/100|[from] item: Black Sludge
|upkeep
|turn|23
|inactive|CHESTEEER has 120 seconds left.
|
|t:|1776296917
|move|p1a: Florges|Stored Power|p2a: Toxapex
|-supereffective|p2a: Toxapex
|-damage|p2a: Toxapex|0 fnt
|faint|p2a: Toxapex
|
|-sideend|p1: PrettyMildRamen|Reflect
|upkeep
|
|t:|1776296924
|switch|p2a: Blasfêmea|Jirachi, shiny|23/100
|-damage|p2a: Blasfêmea|0 fnt|[from] Spikes
|faint|p2a: Blasfêmea
|
|t:|1776296926
|switch|p2a: Lesbian Cat|Meowscarada, F|51/100
|turn|24
|
|t:|1776296934
|move|p2a: Lesbian Cat|Grassy Terrain|p2a: Lesbian Cat
|-start|p2a: Lesbian Cat|typechange|Grass|[from] ability: Protean
|-fieldstart|move: Grassy Terrain
|move|p1a: Florges|Draining Kiss|p2a: Lesbian Cat
|-damage|p2a: Lesbian Cat|0 fnt
|-heal|p1a: Florges|100/100|[from] drain|[of] p2a: Lesbian Cat
|faint|p2a: Lesbian Cat
|
|upkeep
|
|t:|1776296943
|switch|p2a: Raging Bolt|Raging Bolt|15/100
|-damage|p2a: Raging Bolt|0 fnt|[from] Spikes
|faint|p2a: Raging Bolt
|-end|p2a: Raging Bolt|Protosynthesis|[silent]
|
|win|PrettyMildRamen
|raw|PrettyMildRamen's rating: 1046 &rarr; <strong>1084</strong><br />(+38 for winning)
|raw|CHESTEEER's rating: 1095 &rarr; <strong>1067</strong><br />(-28 for losing)
|c|☆CHESTEEER|lol
|c|☆CHESTEEER|gg
|c|☆PrettyMildRamen|gg
