|html|<div class="broadcast-blue"><strong>[Gen 9] OU is currently suspecting Tera Blast! For information on how to participate check out the <a href="https://www.smogon.com/tools/suspects/view/200">suspect thread</a>.</strong></div>
|j|☆zahtoo
|j|☆Kouneko
|t:|1776089968
|gametype|singles
|player|p1|zahtoo|red|1340
|player|p2|Kouneko|parasollady|1347
|gen|9
|tier|[Gen 9] OU
|rated|
|rule|HP Percentage Mod: HP is shown in percentages
|rule|Endless Battle Clause: Forcing endless battles is banned
|rule|Species Clause: Limit one of each Pokémon
|rule|OHKO Clause: OHKO moves are banned
|rule|Evasion Items Clause: Evasion items are banned
|rule|Evasion Moves Clause: Evasion moves are banned
|rule|Evasion Abilities Clause: Evasion abilities are banned
|rule|Sleep Moves Clause: Sleep-inducing moves are banned
|clearpoke
|poke|p1|Regice|
|poke|p1|Hoopa-Unbound|
|poke|p1|Slither Wing|
|poke|p1|Dragapult, F|
|poke|p1|Iron Valiant|
|poke|p1|Great Tusk|
|poke|p2|Ting-Lu|
|poke|p2|Keldeo-Resolute|
|poke|p2|Moltres|
|poke|p2|Heatran, M|
|poke|p2|Forretress, M|
|poke|p2|Hydrapple, F|
|teampreview
|inactive|Battle timer is ON: inactive players will automatically lose when time's up. (requested by zahtoo)
|
|t:|1776089984
|teamsize|p1|6
|teamsize|p2|6
|start
|switch|p1a: Fraudpult|Dragapult, F|100/100
|switch|p2a: Moltres|Moltres|100/100
|turn|1
|
|t:|1776089987
|move|p1a: Fraudpult|Draco Meteor|p2a: Moltres
|-damage|p2a: Moltres|11/100
|-unboost|p1a: Fraudpult|spa|2
|move|p2a: Moltres|Will-O-Wisp|p1a: Fraudpult
|-status|p1a: Fraudpult|brn
|
|-damage|p1a: Fraudpult|95/100 brn|[from] brn
|upkeep
|turn|2
|
|t:|1776089992
|switch|p2a: Ting-Lu|Ting-Lu|100/100
|-ability|p2a: Ting-Lu|Vessel of Ruin
|move|p1a: Fraudpult|Draco Meteor|p2a: Ting-Lu
|-damage|p2a: Ting-Lu|76/100
|-unboost|p1a: Fraudpult|spa|2
|
|-damage|p1a: Fraudpult|89/100 brn|[from] brn
|upkeep
|turn|3
|
|t:|1776089995
|switch|p1a: Y2K|Regice|100/100
|move|p2a: Ting-Lu|Earthquake|p1a: Y2K
|-damage|p1a: Y2K|29/100
|
|upkeep
|turn|4
|
|t:|1776090003
|switch|p2a: Heatran|Heatran, M|100/100
|move|p1a: Y2K|Ice Spinner|p2a: Heatran
|-resisted|p2a: Heatran
|-damage|p2a: Heatran|92/100
|
|-heal|p2a: Heatran|98/100|[from] item: Leftovers
|upkeep
|turn|5
|
|t:|1776090012
|switch|p1a: Tusk Act IV|Great Tusk|100/100
|move|p2a: Heatran|Lava Plume|p1a: Tusk Act IV
|-damage|p1a: Tusk Act IV|48/100
|
|-heal|p2a: Heatran|100/100|[from] item: Leftovers
|upkeep
|turn|6
|
|t:|1776090022
|move|p1a: Tusk Act IV|Close Combat|p2a: Heatran
|-supereffective|p2a: Heatran
|-damage|p2a: Heatran|9/100
|-unboost|p1a: Tusk Act IV|def|1
|-unboost|p1a: Tusk Act IV|spd|1
|move|p2a: Heatran|Lava Plume|p1a: Tusk Act IV
|-damage|p1a: Tusk Act IV|0 fnt
|faint|p1a: Tusk Act IV
|-end|p1a: Tusk Act IV|Protosynthesis|[silent]
|
|-heal|p2a: Heatran|15/100|[from] item: Leftovers
|upkeep
|c|☆zahtoo|r u dumb?
|
|t:|1776090037
|switch|p1a: Fraudpult|Dragapult, F|89/100 brn
|turn|7
|
|t:|1776090041
|switch|p2a: Forretress|Forretress, M|100/100
|move|p1a: Fraudpult|Shadow Ball|p2a: Forretress
|-damage|p2a: Forretress|24/100
|-unboost|p2a: Forretress|spd|1
|
|-heal|p2a: Forretress|30/100|[from] item: Leftovers
|-damage|p1a: Fraudpult|83/100 brn|[from] brn
|upkeep
|turn|8
|
|t:|1776090044
|switch|p2a: Ting-Lu|Ting-Lu|76/100
|-ability|p2a: Ting-Lu|Vessel of Ruin
|move|p1a: Fraudpult|Shadow Ball|p2a: Ting-Lu
|-resisted|p2a: Ting-Lu
|-damage|p2a: Ting-Lu|60/100
|
|-damage|p1a: Fraudpult|77/100 brn|[from] brn
|upkeep
|turn|9
|
|t:|1776090048
|switch|p1a: Valorant|Iron Valiant|100/100
|-enditem|p1a: Valorant|Booster Energy
|-activate|p1a: Valorant|ability: Quark Drive|[fromitem]
|-start|p1a: Valorant|quarkdrivespe
|move|p2a: Ting-Lu|Earthquake|p1a: Valorant
|-crit|p1a: Valorant
|-damage|p1a: Valorant|0 fnt
|faint|p1a: Valorant
|-end|p1a: Valorant|Quark Drive|[silent]
|
|upkeep
|
|t:|1776090053
|switch|p1a: OPM BABI|Hoopa-Unbound|100/100
|turn|10
|
|t:|1776090056
|switch|p2a: Moltres|Moltres|11/100
|move|p1a: OPM BABI|Drain Punch|p2a: Moltres
|-resisted|p2a: Moltres
|-damage|p2a: Moltres|0 fnt
|-status|p1a: OPM BABI|brn|[from] ability: Flame Body|[of] p2a: Moltres
|faint|p2a: Moltres
|
|-damage|p1a: OPM BABI|95/100 brn|[from] brn
|upkeep
|-message|zahtoo forfeited.
|
|win|Kouneko
|raw|zahtoo's rating: 1340 &rarr; <strong>1320</strong><br />(-20 for losing)
|raw|Kouneko's rating: 1347 &rarr; <strong>1367</strong><br />(+20 for winning)
|l|☆zahtoo
|player|p1|
|l|☆Kouneko
|player|p2|
