|html|<div class="broadcast-blue"><strong>[Gen 9] OU is currently suspecting Volcarona! For information on how to participate check out the <a href="https://www.smogon.com/tools/suspects/view/208">suspect thread</a>.</strong></div>
|j|☆pigperfect9831
|j|☆deesnut
|t:|1778512067
|gametype|singles
|player|p1|pigperfect9831|workerice|1617
|player|p2|deesnut|li|1730
|gen|9
|tier|[Gen 9] OU
|rated|
|rule|HP Percentage Mod: HP is shown in percentages
|rule|Endless Battle Clause: Forcing endless battles is banned
|rule|Species Clause: Limit one of each Pokémon
|rule|OHKO Clause: OHKO moves are banned
|rule|Evasion Items Clause: Evasion items are banned
|rule|Evasion Moves Clause: Evasion moves are banned
|rule|Evasion Abilities Clause: Evasion abilities are banned
|rule|Sleep Moves Clause: Sleep-inducing moves are banned
|clearpoke
|poke|p1|Kyurem|
|poke|p1|Moltres|
|poke|p1|Sandslash-Alola, F|
|poke|p1|Slowking-Galar, F|
|poke|p1|Ting-Lu|
|poke|p1|Zamazenta-*|
|poke|p2|Weavile, F|
|poke|p2|Hoopa-Unbound|
|poke|p2|Iron Hands|
|poke|p2|Iron Valiant|
|poke|p2|Kingambit, M|
|poke|p2|Landorus-Therian, M|
|teampreview
|inactive|Battle timer is ON: inactive players will automatically lose when time's up. (requested by deesnut)
|j| Gardevoir to 1800s
|
|t:|1778512085
|teamsize|p1|6
|teamsize|p2|6
|start
|switch|p1a: Snoddy Batcher|Kyurem|100/100
|switch|p2a: quadrilateral mind|Weavile, F|100/100
|-ability|p2a: quadrilateral mind|Pressure
|-ability|p1a: Snoddy Batcher|Pressure
|turn|1
|
|t:|1778512089
|switch|p1a: Boyd Flamefeather|Moltres|100/100
|move|p2a: quadrilateral mind|Swords Dance|p2a: quadrilateral mind
|-boost|p2a: quadrilateral mind|atk|2
|
|upkeep
|turn|2
|
|t:|1778512094
|-terastallize|p2a: quadrilateral mind|Dark
|move|p2a: quadrilateral mind|Beat Up|p1a: Boyd Flamefeather
|-damage|p1a: Boyd Flamefeather|84/100
|-damage|p1a: Boyd Flamefeather|63/100
|-damage|p1a: Boyd Flamefeather|45/100
|-damage|p1a: Boyd Flamefeather|29/100
|-damage|p1a: Boyd Flamefeather|11/100
|-damage|p1a: Boyd Flamefeather|0 fnt
|faint|p1a: Boyd Flamefeather
|-hitcount|p1: Boyd Flamefeather|6
|
|upkeep
|
|t:|1778512117
|switch|p1a: Cuck Zoris|Zamazenta|100/100
|-ability|p1a: Cuck Zoris|Dauntless Shield|boost
|-boost|p1a: Cuck Zoris|def|1
|turn|3
|
|t:|1778512124
|move|p1a: Cuck Zoris|Close Combat|p2a: quadrilateral mind
|-supereffective|p2a: quadrilateral mind
|-enditem|p2a: quadrilateral mind|Focus Sash
|-damage|p2a: quadrilateral mind|1/100
|-unboost|p1a: Cuck Zoris|def|1
|-unboost|p1a: Cuck Zoris|spd|1
|move|p2a: quadrilateral mind|Triple Axel|p1a: Cuck Zoris
|-damage|p1a: Cuck Zoris|84/100
|-damage|p1a: Cuck Zoris|49/100
|-damage|p1a: Cuck Zoris|0 fnt
|faint|p1a: Cuck Zoris
|-hitcount|p1: Cuck Zoris|3
|
|upkeep
|
|t:|1778512129
|switch|p1a: Deer God|Ting-Lu|100/100
|-ability|p1a: Deer God|Vessel of Ruin
|turn|4
|
|t:|1778512138
|-terastallize|p1a: Deer God|Water
|move|p2a: quadrilateral mind|Triple Axel|p1a: Deer God|[miss]
|-miss|p2a: quadrilateral mind|p1a: Deer God
|move|p1a: Deer God|Earthquake|p2a: quadrilateral mind
|-damage|p2a: quadrilateral mind|0 fnt
|faint|p2a: quadrilateral mind
|
|upkeep
|
|t:|1778512146
|switch|p2a: stretch my legs|Iron Hands|100/100
|turn|5
|
|t:|1778512157
|move|p2a: stretch my legs|Swords Dance|p2a: stretch my legs
|-boost|p2a: stretch my legs|atk|2
|move|p1a: Deer God|Earthquake|p2a: stretch my legs
|-supereffective|p2a: stretch my legs
|-damage|p2a: stretch my legs|47/100
|
|upkeep
|turn|6
|inactive|pigperfect9831 has 120 seconds left.
|
|t:|1778512196
|switch|p1a: Snoddy Batcher|Kyurem|100/100
|-ability|p1a: Snoddy Batcher|Pressure
|move|p2a: stretch my legs|Drain Punch|p1a: Snoddy Batcher
|-supereffective|p1a: Snoddy Batcher
|-damage|p1a: Snoddy Batcher|0 fnt
|-heal|p2a: stretch my legs|90/100|[from] drain|[of] p1a: Snoddy Batcher
|faint|p1a: Snoddy Batcher
|
|upkeep
|
|t:|1778512203
|switch|p1a: Intellectual Eric|Slowking-Galar, F|100/100
|turn|7
|inactive|pigperfect9831 has 120 seconds left.
|
|t:|1778512219
|move|p2a: stretch my legs|Supercell Slam|p1a: Intellectual Eric
|-damage|p1a: Intellectual Eric|0 fnt
|faint|p1a: Intellectual Eric
|
|upkeep
|
|t:|1778512224
|switch|p1a: Runs & Goses|Sandslash-Alola, F|100/100
|turn|8
|
|t:|1778512232
|move|p1a: Runs & Goses|Triple Axel|p2a: stretch my legs
|-damage|p2a: stretch my legs|83/100
|-damage|p2a: stretch my legs|69/100
|-hitcount|p2a: stretch my legs|2
|move|p2a: stretch my legs|Drain Punch|p1a: Runs & Goses
|-supereffective|p1a: Runs & Goses
|-damage|p1a: Runs & Goses|0 fnt
|-heal|p2a: stretch my legs|100/100|[from] drain|[of] p1a: Runs & Goses
|faint|p1a: Runs & Goses
|
|upkeep
|
|t:|1778512240
|switch|p1a: Deer God|Ting-Lu, tera:Water|100/100
|-ability|p1a: Deer God|Vessel of Ruin
|turn|9
|
|t:|1778512245
|move|p2a: stretch my legs|Supercell Slam|p1a: Deer God|[miss]
|-miss|p2a: stretch my legs|p1a: Deer God
|-damage|p2a: stretch my legs|50/100|[from] supercellslam
|move|p1a: Deer God|Earthquake|p2a: stretch my legs
|-supereffective|p2a: stretch my legs
|-damage|p2a: stretch my legs|0 fnt
|faint|p2a: stretch my legs
|-end|p2a: stretch my legs|Quark Drive|[silent]
|
|upkeep
|
|t:|1778512250
|switch|p2a: back of tha whip|Hoopa-Unbound|100/100
|turn|10
|
|t:|1778512253
|move|p2a: back of tha whip|Knock Off|p1a: Deer God
|-damage|p1a: Deer God|66/100
|-enditem|p1a: Deer God|Leftovers|[from] move: Knock Off|[of] p2a: back of tha whip
|move|p1a: Deer God|Earthquake|p2a: back of tha whip
|-damage|p2a: back of tha whip|46/100
|
|upkeep
|turn|11
|
|t:|1778512259
|move|p2a: back of tha whip|Destiny Bond|p2a: back of tha whip
|-singlemove|p2a: back of tha whip|Destiny Bond
|move|p1a: Deer God|Earthquake|p2a: back of tha whip
|-damage|p2a: back of tha whip|0 fnt
|faint|p2a: back of tha whip
|-activate|p2a: back of tha whip|move: Destiny Bond
|faint|p1a: Deer God
|
|win|deesnut
|raw|pigperfect9831's rating: 1617 &rarr; <strong>1603</strong><br />(-14 for losing)
|raw|deesnut's rating: 1730 &rarr; <strong>1744</strong><br />(+14 for winning)
|l|☆pigperfect9831
|player|p1|
|c|☆deesnut|gg
|l|☆deesnut
|player|p2|
|l| Gardevoir to 1800s
