|html|<div class="broadcast-blue"><strong>[Gen 9] OU is currently suspecting Tera Blast! For information on how to participate check out the <a href="https://www.smogon.com/tools/suspects/view/200">suspect thread</a>.</strong></div>
|j|☆patonii
|j|☆teambuildinggenius
|t:|1776290989
|gametype|singles
|player|p1|patonii|blackbelt-gen4|1388
|player|p2|teambuildinggenius|pokekid|1408
|gen|9
|tier|[Gen 9] OU
|rated|
|rule|HP Percentage Mod: HP is shown in percentages
|rule|Endless Battle Clause: Forcing endless battles is banned
|rule|Species Clause: Limit one of each Pokémon
|rule|OHKO Clause: OHKO moves are banned
|rule|Evasion Items Clause: Evasion items are banned
|rule|Evasion Moves Clause: Evasion moves are banned
|rule|Evasion Abilities Clause: Evasion abilities are banned
|rule|Sleep Moves Clause: Sleep-inducing moves are banned
|clearpoke
|poke|p1|Garchomp, M|
|poke|p1|Volcanion|
|poke|p1|Pelipper, M|
|poke|p1|Overqwil, M|
|poke|p1|Iron Treads|
|poke|p1|Iron Valiant|
|poke|p2|Eiscue, F|
|poke|p2|Iron Valiant|
|poke|p2|Slowking-Galar, F|
|poke|p2|Samurott-Hisui, F|
|poke|p2|Dragonite, F|
|poke|p2|Great Tusk|
|teampreview
|inactive|Battle timer is ON: inactive players will automatically lose when time's up. (requested by teambuildinggenius)
|
|t:|1776291031
|teamsize|p1|6
|teamsize|p2|6
|start
|switch|p1a: Garchomp|Garchomp, M|100/100
|switch|p2a: Eiscue|Eiscue, F|100/100
|turn|1
|
|t:|1776291039
|move|p2a: Eiscue|Freeze-Dry|p1a: Garchomp
|-supereffective|p1a: Garchomp
|-damage|p1a: Garchomp|0 fnt
|faint|p1a: Garchomp
|
|upkeep
|
|t:|1776291045
|switch|p1a: Volcanion|Volcanion|100/100
|turn|2
|
|t:|1776291049
|switch|p2a: Slowking|Slowking-Galar, F|100/100
|move|p1a: Volcanion|Steam Eruption|p2a: Slowking
|-damage|p2a: Slowking|49/100
|
|-heal|p2a: Slowking|55/100|[from] item: Black Sludge
|upkeep
|turn|3
|
|t:|1776291054
|-terastallize|p1a: Volcanion|Water
|move|p1a: Volcanion|Steam Eruption|p2a: Slowking
|-damage|p2a: Slowking|0 fnt
|faint|p2a: Slowking
|
|upkeep
|
|t:|1776291062
|switch|p2a: Samurott|Samurott-Hisui, F|100/100
|turn|4
|
|t:|1776291067
|move|p2a: Samurott|Ceaseless Edge|p1a: Volcanion
|-damage|p1a: Volcanion|56/100
|-sidestart|p1: patonii|Spikes
|move|p1a: Volcanion|Steam Eruption|p2a: Samurott
|-resisted|p2a: Samurott
|-damage|p2a: Samurott|10/100
|
|upkeep
|turn|5
|
|t:|1776291082
|move|p2a: Samurott|Ceaseless Edge|p1a: Volcanion
|-damage|p1a: Volcanion|10/100
|-sidestart|p1: patonii|Spikes
|move|p1a: Volcanion|Steam Eruption|p2a: Samurott
|-resisted|p2a: Samurott
|-damage|p2a: Samurott|0 fnt
|faint|p2a: Samurott
|
|upkeep
|
|t:|1776291088
|switch|p2a: Great Tusk|Great Tusk|100/100
|turn|6
|
|t:|1776291091
|switch|p1a: Pelipper|Pelipper, M, shiny|100/100
|-weather|RainDance|[from] ability: Drizzle|[of] p1a: Pelipper
|move|p2a: Great Tusk|Rapid Spin|p1a: Pelipper
|-damage|p1a: Pelipper|75/100
|-boost|p2a: Great Tusk|spe|1
|
|-weather|RainDance|[upkeep]
|upkeep
|turn|7
|
|t:|1776291106
|move|p2a: Great Tusk|Head Smash|p1a: Pelipper
|-supereffective|p1a: Pelipper
|-damage|p1a: Pelipper|0 fnt
|faint|p1a: Pelipper
|-damage|p2a: Great Tusk|74/100|[from] Recoil
|
|-weather|RainDance|[upkeep]
|upkeep
|
|t:|1776291113
|switch|p1a: Iron Treads|Iron Treads|100/100
|-damage|p1a: Iron Treads|84/100|[from] Spikes
|-enditem|p1a: Iron Treads|Booster Energy
|-activate|p1a: Iron Treads|ability: Quark Drive|[fromitem]
|-start|p1a: Iron Treads|quarkdrivespe
|turn|8
|
|t:|1776291123
|move|p1a: Iron Treads|Rapid Spin|p2a: Great Tusk
|-damage|p2a: Great Tusk|66/100
|-boost|p1a: Iron Treads|spe|1
|-sideend|p1: patonii|Spikes|[from] move: Rapid Spin|[of] p1a: Iron Treads
|move|p2a: Great Tusk|Headlong Rush|p1a: Iron Treads
|-supereffective|p1a: Iron Treads
|-damage|p1a: Iron Treads|0 fnt
|-unboost|p2a: Great Tusk|def|1
|-unboost|p2a: Great Tusk|spd|1
|faint|p1a: Iron Treads
|-end|p1a: Iron Treads|Quark Drive|[silent]
|
|-weather|RainDance|[upkeep]
|upkeep
|
|t:|1776291129
|switch|p1a: Overqwil|Overqwil, M, shiny|100/100
|turn|9
|
|t:|1776291139
|move|p1a: Overqwil|Liquidation|p2a: Great Tusk
|-supereffective|p2a: Great Tusk
|-damage|p2a: Great Tusk|0 fnt
|faint|p2a: Great Tusk
|-end|p2a: Great Tusk|Protosynthesis|[silent]
|-damage|p1a: Overqwil|91/100|[from] item: Life Orb
|
|-weather|RainDance|[upkeep]
|upkeep
|
|t:|1776291142
|switch|p2a: Eiscue|Eiscue, F|100/100
|turn|10
|
|t:|1776291150
|move|p1a: Overqwil|Gunk Shot|p2a: Eiscue|[miss]
|-miss|p1a: Overqwil|p2a: Eiscue
|move|p2a: Eiscue|Freeze-Dry|p1a: Overqwil
|-damage|p1a: Overqwil|38/100
|
|-weather|RainDance|[upkeep]
|upkeep
|turn|11
|
|t:|1776291152
|move|p1a: Overqwil|Gunk Shot|p2a: Eiscue
|-activate|p2a: Eiscue|ability: Ice Face
|-damage|p2a: Eiscue|100/100
|-status|p2a: Eiscue|psn
|detailschange|p2a: Eiscue|Eiscue-Noice, F
|-damage|p1a: Overqwil|28/100|[from] item: Life Orb
|move|p2a: Eiscue|Freeze-Dry|p1a: Overqwil
|-damage|p1a: Overqwil|0 fnt
|faint|p1a: Overqwil
|
|-weather|RainDance|[upkeep]
|-damage|p2a: Eiscue|88/100 psn|[from] psn
|upkeep
|
|t:|1776291160
|switch|p1a: Volcanion|Volcanion, tera:Water|10/100
|turn|12
|
|t:|1776291162
|move|p2a: Eiscue|Freeze-Dry|p1a: Volcanion
|-supereffective|p1a: Volcanion
|-damage|p1a: Volcanion|0 fnt
|faint|p1a: Volcanion
|
|-weather|RainDance|[upkeep]
|-damage|p2a: Eiscue|76/100 psn|[from] psn
|upkeep
|
|t:|1776291164
|switch|p1a: Iron Valiant|Iron Valiant, shiny|100/100
|turn|13
|
|t:|1776291171
|move|p2a: Eiscue|Freeze-Dry|p1a: Iron Valiant
|-damage|p1a: Iron Valiant|35/100
|move|p1a: Iron Valiant|Moonblast|p2a: Eiscue
|-damage|p2a: Eiscue|0 fnt
|faint|p2a: Eiscue
|
|-weather|none
|upkeep
|
|t:|1776291174
|switch|p2a: Dragonite|Dragonite, F|100/100
|turn|14
|
|t:|1776291176
|move|p2a: Dragonite|Extreme Speed|p1a: Iron Valiant
|-damage|p1a: Iron Valiant|0 fnt
|faint|p1a: Iron Valiant
|-end|p1a: Iron Valiant|Quark Drive|[silent]
|
|win|teambuildinggenius
|raw|patonii's rating: 1388 &rarr; <strong>1369</strong><br />(-19 for losing)
|raw|teambuildinggenius's rating: 1408 &rarr; <strong>1427</strong><br />(+19 for winning)
|l|☆patonii
|player|p1|
|c|☆teambuildinggenius|gg
