|html|<div class="broadcast-blue"><strong>[Gen 9] OU is currently suspecting Tera Blast! For information on how to participate check out the <a href="https://www.smogon.com/tools/suspects/view/200">suspect thread</a>.</strong></div>
|j|☆Soul24125
|j|☆Leadertbest
|t:|1776191734
|gametype|singles
|player|p1|Soul24125|dawn-gen4pt|1158
|player|p2|Leadertbest|blue|1236
|gen|9
|tier|[Gen 9] OU
|rated|
|rule|HP Percentage Mod: HP is shown in percentages
|rule|Endless Battle Clause: Forcing endless battles is banned
|rule|Species Clause: Limit one of each Pokémon
|rule|OHKO Clause: OHKO moves are banned
|rule|Evasion Items Clause: Evasion items are banned
|rule|Evasion Moves Clause: Evasion moves are banned
|rule|Evasion Abilities Clause: Evasion abilities are banned
|rule|Sleep Moves Clause: Sleep-inducing moves are banned
|clearpoke
|poke|p1|Enamorus, F|
|poke|p1|Gliscor, F|
|poke|p1|Darkrai|
|poke|p1|Great Tusk|
|poke|p1|Samurott-Hisui, M|
|poke|p1|Raging Bolt|
|poke|p2|Ceruledge, M|
|poke|p2|Corviknight, M|
|poke|p2|Vikavolt, M|
|poke|p2|Samurott-Hisui, M|
|poke|p2|Kommo-o, M|
|poke|p2|Ninetales-Alola, F|
|teampreview
|
|t:|1776191749
|teamsize|p1|6
|teamsize|p2|6
|start
|switch|p1a: Samurott|Samurott-Hisui, M|100/100
|switch|p2a: Elaine|Ninetales-Alola, F, shiny|100/100
|-weather|Snowscape|[from] ability: Snow Warning|[of] p2a: Elaine
|turn|1
|
|t:|1776191760
|move|p2a: Elaine|Moonblast|p1a: Samurott
|-supereffective|p1a: Samurott
|-damage|p1a: Samurott|0 fnt
|faint|p1a: Samurott
|
|-weather|Snowscape|[upkeep]
|upkeep
|
|t:|1776191778
|switch|p1a: Enamorus|Enamorus, F|100/100
|turn|2
|
|t:|1776191788
|move|p1a: Enamorus|Mystical Fire|p2a: Elaine
|-supereffective|p2a: Elaine
|-damage|p2a: Elaine|36/100
|move|p2a: Elaine|Blizzard|p1a: Enamorus
|-supereffective|p1a: Enamorus
|-damage|p1a: Enamorus|0 fnt
|faint|p1a: Enamorus
|
|-weather|Snowscape|[upkeep]
|upkeep
|
|t:|1776191808
|switch|p1a: Raging Bolt|Raging Bolt|100/100
|-enditem|p1a: Raging Bolt|Booster Energy
|-activate|p1a: Raging Bolt|ability: Protosynthesis|[fromitem]
|-start|p1a: Raging Bolt|protosynthesisspa
|turn|3
|
|t:|1776191820
|move|p1a: Raging Bolt|Thunderclap|p2a: Elaine
|-damage|p2a: Elaine|0 fnt
|faint|p2a: Elaine
|
|-weather|Snowscape|[upkeep]
|upkeep
|
|t:|1776191831
|switch|p2a: Tristan|Vikavolt, M, shiny|100/100
|turn|4
|
|t:|1776191838
|move|p1a: Raging Bolt|Dragon Pulse|p2a: Tristan
|-damage|p2a: Tristan|26/100
|move|p2a: Tristan|Sticky Web|p1a: Raging Bolt
|-sidestart|p1: Soul24125|move: Sticky Web
|
|-weather|Snowscape|[upkeep]
|upkeep
|turn|5
|
|t:|1776191850
|move|p1a: Raging Bolt|Dragon Pulse|p2a: Tristan
|-damage|p2a: Tristan|0 fnt
|faint|p2a: Tristan
|
|-weather|none
|upkeep
|
|t:|1776191862
|switch|p2a: Lancelot|Ceruledge, M, shiny|100/100
|turn|6
|
|t:|1776191870
|move|p2a: Lancelot|Dragon Claw|p1a: Raging Bolt
|-supereffective|p1a: Raging Bolt
|-damage|p1a: Raging Bolt|50/100
|move|p1a: Raging Bolt|Calm Mind|p1a: Raging Bolt
|-boost|p1a: Raging Bolt|spa|1
|-boost|p1a: Raging Bolt|spd|1
|
|upkeep
|turn|7
|
|t:|1776191884
|-terastallize|p1a: Raging Bolt|Electric
|move|p2a: Lancelot|Dragon Claw|p1a: Raging Bolt
|-damage|p1a: Raging Bolt|22/100
|move|p1a: Raging Bolt|Dragon Pulse|p2a: Lancelot
|-damage|p2a: Lancelot|23/100
|
|upkeep
|turn|8
|
|t:|1776191893
|move|p1a: Raging Bolt|Thunderclap|p2a: Lancelot
|-damage|p2a: Lancelot|0 fnt
|faint|p2a: Lancelot
|
|upkeep
|
|t:|1776191906
|switch|p2a: Gareth|Kommo-o, M, shiny|100/100
|turn|9
|
|t:|1776191913
|move|p1a: Raging Bolt|Dragon Pulse|p2a: Gareth
|-supereffective|p2a: Gareth
|-damage|p2a: Gareth|0 fnt
|faint|p2a: Gareth
|
|upkeep
|
|t:|1776191919
|switch|p2a: Galahad|Corviknight, M, shiny|100/100
|turn|10
|
|t:|1776191924
|move|p1a: Raging Bolt|Thunderclap|p2a: Galahad
|-supereffective|p2a: Galahad
|-damage|p2a: Galahad|0 fnt
|faint|p2a: Galahad
|
|upkeep
|
|t:|1776191928
|switch|p2a: Gawain|Samurott-Hisui, M, shiny|100/100
|turn|11
|
|t:|1776191934
|move|p1a: Raging Bolt|Thunderclap|p2a: Gawain
|-supereffective|p2a: Gawain
|-damage|p2a: Gawain|0 fnt
|faint|p2a: Gawain
|
|win|Soul24125
|raw|Soul24125's rating: 1158 &rarr; <strong>1189</strong><br />(+31 for winning)
|raw|Leadertbest's rating: 1236 &rarr; <strong>1205</strong><br />(-31 for losing)
