|html|<div class="broadcast-blue"><strong>[Gen 9] OU is currently suspecting Volcarona! For information on how to participate check out the <a href="https://www.smogon.com/tools/suspects/view/208">suspect thread</a>.</strong></div>
|j|☆phap'a
|j|☆thrub
|t:|1778513911
|gametype|singles
|player|p1|phap'a|dawn|1142
|player|p2|thrub|roughneck|1089
|gen|9
|tier|[Gen 9] OU
|rated|
|rule|HP Percentage Mod: HP is shown in percentages
|rule|Endless Battle Clause: Forcing endless battles is banned
|rule|Species Clause: Limit one of each Pokémon
|rule|OHKO Clause: OHKO moves are banned
|rule|Evasion Items Clause: Evasion items are banned
|rule|Evasion Moves Clause: Evasion moves are banned
|rule|Evasion Abilities Clause: Evasion abilities are banned
|rule|Sleep Moves Clause: Sleep-inducing moves are banned
|clearpoke
|poke|p1|Lycanroc, M|
|poke|p1|Great Tusk|
|poke|p1|Ceruledge, F|
|poke|p1|Tyranitar, F|
|poke|p1|Lokix, F|
|poke|p1|Zapdos|
|poke|p2|Toedscruel, F|
|poke|p2|Samurott-Hisui, M|
|poke|p2|Pecharunt|
|poke|p2|Smeargle, F|
|poke|p2|Hatterene, F|
|poke|p2|Raging Bolt|
|teampreview
|inactive|Battle timer is ON: inactive players will automatically lose when time's up. (requested by thrub)
|c|☆phap'a|GLHF
|c|☆thrub|<3
|
|t:|1778513946
|teamsize|p1|6
|teamsize|p2|6
|start
|switch|p1a: Zapdos|Zapdos, shiny|100/100
|switch|p2a: Smeargle|Smeargle, F|100/100
|turn|1
|
|t:|1778513955
|move|p1a: Zapdos|Detect|p1a: Zapdos
|-singleturn|p1a: Zapdos|Protect
|move|p2a: Smeargle|Cosmic Power|p2a: Smeargle
|-boost|p2a: Smeargle|def|1
|-boost|p2a: Smeargle|spd|1
|
|upkeep
|turn|2
|
|t:|1778513966
|switch|p1a: Ceruledge|Ceruledge, F|100/100
|move|p2a: Smeargle|Cosmic Power|p2a: Smeargle
|-boost|p2a: Smeargle|def|1
|-boost|p2a: Smeargle|spd|1
|
|upkeep
|turn|3
|
|t:|1778513990
|switch|p2a: Samurott|Samurott-Hisui, M|100/100
|move|p1a: Ceruledge|Curse|p2a: Samurott
|-start|p2a: Samurott|Curse|[of] p1a: Ceruledge
|-damage|p1a: Ceruledge|51/100
|
|-damage|p2a: Samurott|76/100|[from] Curse
|upkeep
|turn|4
|
|t:|1778513998
|switch|p1a: Zapdos|Zapdos, shiny|100/100
|move|p2a: Samurott|Swords Dance|p2a: Samurott
|-boost|p2a: Samurott|atk|2
|
|-heal|p2a: Samurott|82/100|[from] item: Leftovers
|-damage|p2a: Samurott|57/100|[from] Curse
|upkeep
|turn|5
|
|t:|1778514006
|switch|p2a: Toedscruel|Toedscruel, F|100/100
|move|p1a: Zapdos|Thunderbolt|p2a: Toedscruel
|-immune|p2a: Toedscruel
|
|upkeep
|turn|6
|
|t:|1778514016
|move|p1a: Zapdos|Detect|p1a: Zapdos
|-singleturn|p1a: Zapdos|Protect
|move|p2a: Toedscruel|Rapid Spin|p1a: Zapdos
|-activate|p1a: Zapdos|move: Protect
|
|upkeep
|turn|7
|
|t:|1778514029
|switch|p1a: Tyranitar|Tyranitar, F|100/100
|-weather|Sandstorm|[from] ability: Sand Stream|[of] p1a: Tyranitar
|switch|p2a: Raging Bolt|Raging Bolt|100/100
|-enditem|p2a: Raging Bolt|Booster Energy
|-activate|p2a: Raging Bolt|ability: Protosynthesis|[fromitem]
|-start|p2a: Raging Bolt|protosynthesisspa
|
|-weather|Sandstorm|[upkeep]
|-damage|p2a: Raging Bolt|94/100|[from] Sandstorm
|upkeep
|turn|8
|
|t:|1778514039
|move|p2a: Raging Bolt|Calm Mind|p2a: Raging Bolt
|-boost|p2a: Raging Bolt|spa|1
|-boost|p2a: Raging Bolt|spd|1
|move|p1a: Tyranitar|Knock Off|p2a: Raging Bolt
|-damage|p2a: Raging Bolt|66/100
|
|-weather|Sandstorm|[upkeep]
|-damage|p2a: Raging Bolt|60/100|[from] Sandstorm
|upkeep
|turn|9
|
|t:|1778514050
|switch|p1a: Great Tusk|Great Tusk|100/100
|-enditem|p1a: Great Tusk|Booster Energy
|-activate|p1a: Great Tusk|ability: Protosynthesis|[fromitem]
|-start|p1a: Great Tusk|protosynthesisatk
|move|p2a: Raging Bolt|Thunderbolt|p1a: Great Tusk
|-immune|p1a: Great Tusk
|
|-weather|Sandstorm|[upkeep]
|-damage|p2a: Raging Bolt|54/100|[from] Sandstorm
|upkeep
|turn|10
|
|t:|1778514062
|-terastallize|p2a: Raging Bolt|Fairy
|move|p1a: Great Tusk|Headlong Rush|p2a: Raging Bolt
|-damage|p2a: Raging Bolt|0 fnt
|-unboost|p1a: Great Tusk|def|1
|-unboost|p1a: Great Tusk|spd|1
|faint|p2a: Raging Bolt
|-end|p2a: Raging Bolt|Protosynthesis|[silent]
|
|-weather|Sandstorm|[upkeep]
|upkeep
|
|t:|1778514073
|switch|p2a: Samurott|Samurott-Hisui, M|57/100
|turn|11
|c|☆phap'a|one misclick to close combat and it would've been over
|
|t:|1778514084
|-end|p1a: Great Tusk|Protosynthesis|[silent]
|switch|p1a: Zapdos|Zapdos, shiny|100/100
|move|p2a: Samurott|Aqua Cutter|p1a: Zapdos
|-damage|p1a: Zapdos|59/100
|
|-weather|Sandstorm|[upkeep]
|-damage|p1a: Zapdos|53/100|[from] Sandstorm
|-damage|p2a: Samurott|51/100|[from] Sandstorm
|-heal|p2a: Samurott|57/100|[from] item: Leftovers
|upkeep
|turn|12
|
|t:|1778514113
|move|p1a: Zapdos|Thunderbolt|p2a: Samurott
|-supereffective|p2a: Samurott
|-damage|p2a: Samurott|0 fnt
|faint|p2a: Samurott
|
|-weather|Sandstorm|[upkeep]
|-damage|p1a: Zapdos|47/100|[from] Sandstorm
|upkeep
|
|t:|1778514122
|switch|p2a: Hatterene|Hatterene, F|100/100
|turn|13
|
|t:|1778514127
|move|p1a: Zapdos|Weather Ball|p2a: Hatterene
|-damage|p2a: Hatterene|62/100
|move|p2a: Hatterene|Calm Mind|p2a: Hatterene
|-boost|p2a: Hatterene|spa|1
|-boost|p2a: Hatterene|spd|1
|
|-weather|Sandstorm|[upkeep]
|-damage|p1a: Zapdos|41/100|[from] Sandstorm
|-damage|p2a: Hatterene|56/100|[from] Sandstorm
|upkeep
|turn|14
|
|t:|1778514137
|move|p1a: Zapdos|Thunderbolt|p2a: Hatterene
|-damage|p2a: Hatterene|22/100
|move|p2a: Hatterene|Draining Kiss|p1a: Zapdos
|-damage|p1a: Zapdos|0 fnt
|-heal|p2a: Hatterene|53/100|[from] drain|[of] p1a: Zapdos
|-status|p2a: Hatterene|par|[from] ability: Static|[of] p1a: Zapdos
|faint|p1a: Zapdos
|
|-weather|none
|upkeep
|
|t:|1778514147
|switch|p1a: Ceruledge|Ceruledge, F|51/100
|turn|15
|
|t:|1778514166
|switch|p2a: Toedscruel|Toedscruel, F|100/100
|move|p1a: Ceruledge|Poltergeist|p2a: Toedscruel
|-activate|p2a: Toedscruel|move: Poltergeist|Heavy-Duty Boots
|-damage|p2a: Toedscruel|6/100
|
|upkeep
|turn|16
|
|t:|1778514180
|move|p2a: Toedscruel|Earth Power|p1a: Ceruledge
|-supereffective|p1a: Ceruledge
|-damage|p1a: Ceruledge|0 fnt
|faint|p1a: Ceruledge
|
|upkeep
|
|t:|1778514184
|switch|p1a: Tyranitar|Tyranitar, F|100/100
|-weather|Sandstorm|[from] ability: Sand Stream|[of] p1a: Tyranitar
|turn|17
|
|t:|1778514188
|move|p1a: Tyranitar|Knock Off|p2a: Toedscruel
|-damage|p2a: Toedscruel|0 fnt
|-enditem|p2a: Toedscruel|Heavy-Duty Boots|[from] move: Knock Off|[of] p1a: Tyranitar
|faint|p2a: Toedscruel
|
|-weather|Sandstorm|[upkeep]
|upkeep
|
|t:|1778514191
|switch|p2a: Hatterene|Hatterene, F|53/100 par
|turn|18
|
|t:|1778514196
|move|p1a: Tyranitar|Knock Off|p2a: Hatterene
|-damage|p2a: Hatterene|2/100 par
|-enditem|p2a: Hatterene|Heavy-Duty Boots|[from] move: Knock Off|[of] p1a: Tyranitar
|cant|p2a: Hatterene|par
|
|-weather|Sandstorm|[upkeep]
|-damage|p2a: Hatterene|0 fnt|[from] Sandstorm
|faint|p2a: Hatterene
|upkeep
|
|t:|1778514202
|switch|p2a: Smeargle|Smeargle, F|100/100
|turn|19
|c|☆phap'a|this is luck on another level
|c|☆phap'a|Lycanroc paid the RNG to rig this match
|
|t:|1778514229
|move|p2a: Smeargle|Cosmic Power|p2a: Smeargle
|-boost|p2a: Smeargle|def|1
|-boost|p2a: Smeargle|spd|1
|move|p1a: Tyranitar|Stealth Rock|p2a: Smeargle
|-sidestart|p2: thrub|move: Stealth Rock
|
|-weather|Sandstorm|[upkeep]
|-damage|p2a: Smeargle|94/100|[from] Sandstorm
|-heal|p2a: Smeargle|100/100|[from] item: Leftovers
|upkeep
|turn|20
|c|☆thrub|devastating paralyze
|
|t:|1778514243
|switch|p1a: Great Tusk|Great Tusk|100/100
|move|p2a: Smeargle|Cosmic Power|p2a: Smeargle
|-boost|p2a: Smeargle|def|1
|-boost|p2a: Smeargle|spd|1
|
|-weather|Sandstorm|[upkeep]
|-damage|p2a: Smeargle|94/100|[from] Sandstorm
|-heal|p2a: Smeargle|100/100|[from] item: Leftovers
|upkeep
|turn|21
|
|t:|1778514254
|move|p1a: Great Tusk|Close Combat|p2a: Smeargle
|-supereffective|p2a: Smeargle
|-damage|p2a: Smeargle|0 fnt
|-unboost|p1a: Great Tusk|def|1
|-unboost|p1a: Great Tusk|spd|1
|faint|p2a: Smeargle
|
|-weather|Sandstorm|[upkeep]
|upkeep
|
|t:|1778514257
|switch|p2a: Pecharunt|Pecharunt|100/100
|turn|22
|l|☆thrub
|inactive|thrub disconnected and has a minute to reconnect!
|player|p2|
|c|☆phap'a|respect
|c|☆phap'a|Lycanroc fight rigging crazy
|inactive|phap'a has 120 seconds left.
|inactive|thrub has 30 seconds to reconnect!
|c|☆phap'a|and bro just sat at the back doing nothing
|inactive|thrub has 20 seconds to reconnect!
|inactive|thrub has 15 seconds to reconnect!
|inactive|thrub has 10 seconds to reconnect!
|inactive|phap'a has 90 seconds left.
|inactive|thrub has 5 seconds to reconnect!
|c|☆phap'a|Lycanroc: "If i cannot physically be Ou, then I'll financially be."
|-message|thrub lost due to inactivity.
|
|win|phap'a
|raw|phap&apos;a's rating: 1142 &rarr; <strong>1163</strong><br />(+21 for winning)
|raw|thrub's rating: 1089 &rarr; <strong>1069</strong><br />(-20 for losing)
