|html|<div class="broadcast-blue"><strong>[Gen 9] OU is currently suspecting Tera Blast! For information on how to participate check out the <a href="https://www.smogon.com/tools/suspects/view/200">suspect thread</a>.</strong></div>
|j|☆user795680
|j|☆hiawww
|t:|1776271097
|gametype|singles
|player|p1|user795680|lucas|1050
|player|p2|hiawww|169|1000
|gen|9
|tier|[Gen 9] OU
|rated|
|rule|HP Percentage Mod: HP is shown in percentages
|rule|Endless Battle Clause: Forcing endless battles is banned
|rule|Species Clause: Limit one of each Pokémon
|rule|OHKO Clause: OHKO moves are banned
|rule|Evasion Items Clause: Evasion items are banned
|rule|Evasion Moves Clause: Evasion moves are banned
|rule|Evasion Abilities Clause: Evasion abilities are banned
|rule|Sleep Moves Clause: Sleep-inducing moves are banned
|clearpoke
|poke|p1|Dragapult, M|
|poke|p1|Iron Valiant|
|poke|p1|Samurott-Hisui, F|
|poke|p1|Iron Treads|
|poke|p1|Kommo-o, M|
|poke|p1|Serperior, M|
|poke|p2|Raging Bolt|
|poke|p2|Zamazenta-*|
|poke|p2|Iron Treads|
|poke|p2|Overqwil, M|
|poke|p2|Greninja-*, M|
|poke|p2|Pelipper, M|
|teampreview
|
|t:|1776271113
|teamsize|p1|6
|teamsize|p2|6
|start
|switch|p1a: Dragapult|Dragapult, M|100/100
|switch|p2a: Pelipper|Pelipper, M|100/100
|-weather|RainDance|[from] ability: Drizzle|[of] p2a: Pelipper
|turn|1
|
|t:|1776271124
|move|p1a: Dragapult|Draco Meteor|p2a: Pelipper
|-damage|p2a: Pelipper|27/100
|-unboost|p1a: Dragapult|spa|2
|move|p2a: Pelipper|U-turn|p1a: Dragapult
|-resisted|p1a: Dragapult
|-damage|p1a: Dragapult|95/100
|-start|p2a: Pelipper|Disable|U-turn|[from] ability: Cursed Body|[of] p1a: Dragapult
|
|t:|1776271139
|switch|p2a: Greninja|Greninja, M|100/100|[from] U-turn
|
|-weather|RainDance|[upkeep]
|upkeep
|turn|2
|
|t:|1776271156
|-terastallize|p2a: Greninja|Water
|move|p1a: Dragapult|Dragon Darts|p2a: Greninja
|-damage|p2a: Greninja|59/100
|-anim|p1a: Dragapult|Dragon Darts|p2a: Greninja
|-damage|p2a: Greninja|21/100
|move|p2a: Greninja|Dark Pulse|p1a: Dragapult
|-supereffective|p1a: Dragapult
|-damage|p1a: Dragapult|0 fnt
|-start|p2a: Greninja|Disable|Dark Pulse|[from] ability: Cursed Body|[of] p1a: Dragapult
|faint|p1a: Dragapult
|-ability|p2a: Greninja|Battle Bond|boost
|-boost|p2a: Greninja|atk|1
|-boost|p2a: Greninja|spa|1
|-boost|p2a: Greninja|spe|1
|-activate|p2a: Greninja|ability: Battle Bond
|-damage|p2a: Greninja|11/100|[from] item: Life Orb
|
|-weather|RainDance|[upkeep]
|upkeep
|
|t:|1776271172
|switch|p1a: Serperior|Serperior, M|100/100
|turn|3
|
|t:|1776271182
|move|p2a: Greninja|Surf|p1a: Serperior
|-resisted|p1a: Serperior
|-damage|p1a: Serperior|2/100
|-damage|p2a: Greninja|2/100|[from] item: Life Orb
|move|p1a: Serperior|Leaf Storm|p2a: Greninja
|-supereffective|p2a: Greninja
|-damage|p2a: Greninja|0 fnt
|-boost|p1a: Serperior|spa|2
|faint|p2a: Greninja
|
|-weather|RainDance|[upkeep]
|-heal|p1a: Serperior|8/100|[from] item: Leftovers
|upkeep
|
|t:|1776271187
|switch|p2a: Overqwil|Overqwil, M|100/100
|turn|4
|
|t:|1776271203
|move|p2a: Overqwil|Liquidation|p1a: Serperior
|-resisted|p1a: Serperior
|-damage|p1a: Serperior|0 fnt
|faint|p1a: Serperior
|-damage|p2a: Overqwil|91/100|[from] item: Life Orb
|
|-weather|RainDance|[upkeep]
|upkeep
|
|t:|1776271215
|switch|p1a: Iron Treads|Iron Treads|100/100
|-enditem|p1a: Iron Treads|Booster Energy
|-activate|p1a: Iron Treads|ability: Quark Drive|[fromitem]
|-start|p1a: Iron Treads|quarkdriveatk
|turn|5
|
|t:|1776271224
|move|p2a: Overqwil|Swords Dance|p2a: Overqwil
|-boost|p2a: Overqwil|atk|2
|move|p1a: Iron Treads|Earthquake|p2a: Overqwil
|-supereffective|p2a: Overqwil
|-damage|p2a: Overqwil|0 fnt
|faint|p2a: Overqwil
|
|-weather|RainDance|[upkeep]
|upkeep
|
|t:|1776271234
|switch|p2a: Zamazenta|Zamazenta|100/100
|-ability|p2a: Zamazenta|Dauntless Shield|boost
|-boost|p2a: Zamazenta|def|1
|turn|6
|
|t:|1776271245
|-end|p1a: Iron Treads|Quark Drive|[silent]
|switch|p1a: Iron Valiant|Iron Valiant|100/100
|-enditem|p1a: Iron Valiant|Booster Energy
|-activate|p1a: Iron Valiant|ability: Quark Drive|[fromitem]
|-start|p1a: Iron Valiant|quarkdrivespe
|move|p2a: Zamazenta|Reflect|p2a: Zamazenta
|-sidestart|p2: hiawww|Reflect
|
|-weather|RainDance|[upkeep]
|upkeep
|turn|7
|
|t:|1776271255
|move|p1a: Iron Valiant|Moonblast|p2a: Zamazenta
|-supereffective|p2a: Zamazenta
|-damage|p2a: Zamazenta|25/100
|-unboost|p2a: Zamazenta|spa|1
|move|p2a: Zamazenta|Light Screen|p2a: Zamazenta
|-sidestart|p2: hiawww|move: Light Screen
|
|-weather|RainDance|[upkeep]
|upkeep
|turn|8
|
|t:|1776271276
|move|p1a: Iron Valiant|Moonblast|p2a: Zamazenta
|-supereffective|p2a: Zamazenta
|-damage|p2a: Zamazenta|0 fnt
|faint|p2a: Zamazenta
|
|-weather|none
|upkeep
|
|t:|1776271281
|switch|p2a: Iron Treads|Iron Treads|100/100
|-enditem|p2a: Iron Treads|Booster Energy
|-activate|p2a: Iron Treads|ability: Quark Drive|[fromitem]
|-start|p2a: Iron Treads|quarkdrivespe
|turn|9
|
|t:|1776271290
|move|p2a: Iron Treads|Steel Beam|p1a: Iron Valiant
|-supereffective|p1a: Iron Valiant
|-damage|p1a: Iron Valiant|0 fnt
|-damage|p2a: Iron Treads|50/100|[from] steelbeam
|faint|p1a: Iron Valiant
|-end|p1a: Iron Valiant|Quark Drive|[silent]
|
|upkeep
|
|t:|1776271296
|switch|p1a: Kommo-o|Kommo-o, M|100/100
|turn|10
|
|t:|1776271307
|move|p2a: Iron Treads|Earth Power|p1a: Kommo-o
|-damage|p1a: Kommo-o|73/100
|move|p1a: Kommo-o|Clangorous Soul|p1a: Kommo-o
|-boost|p1a: Kommo-o|atk|1
|-boost|p1a: Kommo-o|def|1
|-boost|p1a: Kommo-o|spa|1
|-boost|p1a: Kommo-o|spd|1
|-boost|p1a: Kommo-o|spe|1
|-damage|p1a: Kommo-o|40/100
|
|-heal|p1a: Kommo-o|46/100|[from] item: Leftovers
|upkeep
|turn|11
|
|t:|1776271322
|move|p2a: Iron Treads|Steel Beam|p1a: Kommo-o
|-damage|p1a: Kommo-o|16/100
|-damage|p2a: Iron Treads|0 fnt|[from] steelbeam
|faint|p2a: Iron Treads
|-end|p2a: Iron Treads|Quark Drive|[silent]
|move|p1a: Kommo-o|Drain Punch|p2: Iron Treads|[notarget]
|-fail|p1a: Kommo-o
|
|-heal|p1a: Kommo-o|22/100|[from] item: Leftovers
|upkeep
|
|t:|1776271332
|switch|p2a: Raging Bolt|Raging Bolt|100/100
|-enditem|p2a: Raging Bolt|Booster Energy
|-activate|p2a: Raging Bolt|ability: Protosynthesis|[fromitem]
|-start|p2a: Raging Bolt|protosynthesisspa
|turn|12
|
|t:|1776271341
|-terastallize|p1a: Kommo-o|Normal
|move|p2a: Raging Bolt|Thunderclap|p1a: Kommo-o
|-damage|p1a: Kommo-o|0 fnt
|faint|p1a: Kommo-o
|
|upkeep
|
|t:|1776271347
|switch|p1a: Iron Treads|Iron Treads|100/100
|turn|13
|
|t:|1776271358
|-end|p2a: Raging Bolt|Protosynthesis|[silent]
|switch|p2a: Pelipper|Pelipper, M|27/100
|-weather|RainDance|[from] ability: Drizzle|[of] p2a: Pelipper
|move|p1a: Iron Treads|Earthquake|p2a: Pelipper
|-immune|p2a: Pelipper
|
|-weather|RainDance|[upkeep]
|-sideend|p2: hiawww|Reflect
|upkeep
|turn|14
|
|t:|1776271369
|move|p1a: Iron Treads|Thunder Fang|p2a: Pelipper
|-supereffective|p2a: Pelipper
|-damage|p2a: Pelipper|0 fnt
|faint|p2a: Pelipper
|
|-weather|RainDance|[upkeep]
|-sideend|p2: hiawww|move: Light Screen
|upkeep
|
|t:|1776271371
|switch|p2a: Raging Bolt|Raging Bolt|100/100
|turn|15
|
|t:|1776271379
|move|p1a: Iron Treads|Earthquake|p2a: Raging Bolt
|-supereffective|p2a: Raging Bolt
|-damage|p2a: Raging Bolt|28/100
|move|p2a: Raging Bolt|Calm Mind|p2a: Raging Bolt
|-boost|p2a: Raging Bolt|spa|1
|-boost|p2a: Raging Bolt|spd|1
|
|-weather|RainDance|[upkeep]
|upkeep
|turn|16
|-message|hiawww forfeited.
|
|win|user795680
|raw|user795680's rating: 1050 &rarr; <strong>1082</strong><br />(+32 for winning)
|raw|hiawww's rating: 1042 &rarr; <strong>1026</strong><br />(-16 for losing)
|l|☆hiawww
|player|p2|
