|html|<div class="broadcast-blue"><strong>[Gen 9] OU is currently suspecting Tera Blast! For information on how to participate check out the <a href="https://www.smogon.com/tools/suspects/view/200">suspect thread</a>.</strong></div>
|j|‽alexandria jugulis
|j|☆OP Earthquakes
|t:|1776162065
|gametype|singles
|player|p1|alexandria jugulis|2|1498
|player|p2|OP Earthquakes|giovanni-masters|1672
|gen|9
|tier|[Gen 9] OU
|rated|
|rule|HP Percentage Mod: HP is shown in percentages
|rule|Endless Battle Clause: Forcing endless battles is banned
|rule|Species Clause: Limit one of each Pokémon
|rule|OHKO Clause: OHKO moves are banned
|rule|Evasion Items Clause: Evasion items are banned
|rule|Evasion Moves Clause: Evasion moves are banned
|rule|Evasion Abilities Clause: Evasion abilities are banned
|rule|Sleep Moves Clause: Sleep-inducing moves are banned
|clearpoke
|poke|p1|Cresselia, F|
|poke|p1|Glastrier|
|poke|p1|Ursaluna, M|
|poke|p1|Slowking-Galar, M|
|poke|p1|Kingambit, F|
|poke|p1|Hatterene, F|
|poke|p2|Excadrill, F|
|poke|p2|Tyranitar, M|
|poke|p2|Kyurem|
|poke|p2|Hawlucha, M|
|poke|p2|Pawmot, F|
|poke|p2|Grimmsnarl, M|
|teampreview
|inactive|Battle timer is ON: inactive players will automatically lose when time's up. (requested by OP Earthquakes)
|
|t:|1776162084
|teamsize|p1|6
|teamsize|p2|6
|start
|switch|p1a: Ursaluna|Ursaluna, M|100/100
|switch|p2a: Grimmsnarl|Grimmsnarl, M|100/100
|turn|1
|
|t:|1776162096
|move|p2a: Grimmsnarl|Reflect|p2a: Grimmsnarl
|-sidestart|p2: OP Earthquakes|Reflect
|move|p1a: Ursaluna|Headlong Rush|p2a: Grimmsnarl
|-damage|p2a: Grimmsnarl|52/100
|-unboost|p1a: Ursaluna|def|1
|-unboost|p1a: Ursaluna|spd|1
|
|-status|p1a: Ursaluna|brn|[from] item: Flame Orb
|upkeep
|turn|2
|
|t:|1776162107
|move|p2a: Grimmsnarl|Drain Punch|p1a: Ursaluna
|-supereffective|p1a: Ursaluna
|-damage|p1a: Ursaluna|43/100 brn
|-heal|p2a: Grimmsnarl|92/100|[from] drain|[of] p1a: Ursaluna
|move|p1a: Ursaluna|Facade|p2a: Grimmsnarl
|-damage|p2a: Grimmsnarl|8/100
|
|-damage|p1a: Ursaluna|37/100 brn|[from] brn
|upkeep
|turn|3
|
|t:|1776162124
|switch|p2a: OP|Excadrill, F|100/100
|switch|p1a: Hatterene|Hatterene, F|100/100
|
|upkeep
|turn|4
|
|t:|1776162135
|switch|p1a: Cresselia|Cresselia, F|100/100
|move|p2a: OP|Iron Head|p1a: Cresselia
|-damage|p1a: Cresselia|66/100
|
|upkeep
|turn|5
|
|t:|1776162141
|move|p2a: OP|Iron Head|p1a: Cresselia
|-damage|p1a: Cresselia|31/100
|cant|p1a: Cresselia|flinch
|
|upkeep
|turn|6
|
|t:|1776162149
|move|p2a: OP|Iron Head|p1a: Cresselia
|-damage|p1a: Cresselia|0 fnt
|faint|p1a: Cresselia
|
|upkeep
|
|t:|1776162163
|switch|p1a: Hatterene|Hatterene, F|100/100
|turn|7
|c|☆OP Earthquakes|Theres an item called
|c|☆OP Earthquakes|!dt covert cloak
|c|☆OP Earthquakes|/raw <ul class="utilichart"><li class="result"><span class="col itemiconcol"><psicon item="covertcloak"></span> <span class="col namecol"><a href="https://dex.pokemonshowdown.com/items/covertcloak">Covert Cloak</a></span> <span class="col itemdesccol">Holder is not affected by the secondary effect of another Pokemon's attack.</span> </li><li style="clear:both"></li></ul>
|c|☆OP Earthquakes|/raw <font size="1"><font color="#686868">Gen:</font> 9&nbsp;|&ThickSpace;<font color="#686868">Fling Base Power:</font> 30</font>

|c|☆OP Earthquakes|js
|
|t:|1776162191
|move|p2a: OP|Iron Head|p1a: Hatterene
|-supereffective|p1a: Hatterene
|-enditem|p1a: Hatterene|Focus Sash
|-damage|p1a: Hatterene|1/100
|move|p1a: Hatterene|Trick Room|p1a: Hatterene
|-fieldstart|move: Trick Room|[of] p1a: Hatterene
|
|upkeep
|turn|8
|
|t:|1776162199
|switch|p2a: The sandstorm|Tyranitar, M, shiny|100/100
|-weather|Sandstorm|[from] ability: Sand Stream|[of] p2a: The sandstorm
|move|p1a: Hatterene|Healing Wish|p1a: Hatterene
|faint|p1a: Hatterene
|
|-weather|Sandstorm|[upkeep]
|-sideend|p2: OP Earthquakes|Reflect
|upkeep
|
|t:|1776162220
|switch|p1a: Kingambit|Kingambit, F|100/100
|-activate|p1a: Kingambit|ability: Supreme Overlord
|-start|p1a: Kingambit|fallen2|[silent]
|turn|9
|
|t:|1776162230
|-terastallize|p2a: The sandstorm|Ghost
|move|p1a: Kingambit|Iron Head|p2a: The sandstorm
|-damage|p2a: The sandstorm|60/100
|cant|p2a: The sandstorm|flinch
|
|-weather|Sandstorm|[upkeep]
|-damage|p2a: The sandstorm|53/100|[from] Sandstorm
|upkeep
|turn|10
|
|t:|1776162241
|switch|p2a: Itachi|Hawlucha, M, shiny|100/100
|-ability|p2a: Itachi|Mold Breaker
|move|p1a: Kingambit|Iron Head|p2a: Itachi
|-damage|p2a: Itachi|22/100
|-enditem|p2a: Itachi|Red Card|[of] p1a: Kingambit
|-end|p1a: Kingambit|fallen2|[silent]
|drag|p1a: Glastrier|Glastrier|100/100
|
|-weather|Sandstorm|[upkeep]
|-damage|p1a: Glastrier|94/100|[from] Sandstorm
|-damage|p2a: Itachi|16/100|[from] Sandstorm
|upkeep
|turn|11
|
|t:|1776162266
|switch|p2a: Grimmsnarl|Grimmsnarl, M|8/100
|move|p1a: Glastrier|Icicle Crash|p2a: Grimmsnarl
|-damage|p2a: Grimmsnarl|0 fnt
|faint|p2a: Grimmsnarl
|-ability|p1a: Glastrier|Chilling Neigh|boost
|-boost|p1a: Glastrier|atk|1
|
|-weather|Sandstorm|[upkeep]
|-damage|p1a: Glastrier|88/100|[from] Sandstorm
|-fieldend|move: Trick Room
|upkeep
|
|t:|1776162277
|switch|p2a: OP|Excadrill, F|100/100
|turn|12
|
|t:|1776162284
|-terastallize|p1a: Glastrier|Electric
|move|p2a: OP|Iron Head|p1a: Glastrier
|-resisted|p1a: Glastrier
|-damage|p1a: Glastrier|63/100
|move|p1a: Glastrier|Close Combat|p2a: OP
|-supereffective|p2a: OP
|-damage|p2a: OP|0 fnt
|-unboost|p1a: Glastrier|def|1
|-unboost|p1a: Glastrier|spd|1
|faint|p2a: OP
|-ability|p1a: Glastrier|Chilling Neigh|boost
|-boost|p1a: Glastrier|atk|1
|
|-weather|Sandstorm|[upkeep]
|-damage|p1a: Glastrier|57/100|[from] Sandstorm
|upkeep
|
|t:|1776162295
|switch|p2a: Porunga|Pawmot, F|100/100
|turn|13
|
|t:|1776162304
|move|p2a: Porunga|Revival Blessing|p2a: Porunga
|-enditem|p2a: Porunga|Leppa Berry|[eat]
|-activate|p2a: Porunga|item: Leppa Berry|Revival Blessing|[consumed]
|
|t:|1776162307
|-heal|p2: OP|50/100|[from] move: Revival Blessing
|move|p1a: Glastrier|Icicle Crash|p2a: Porunga
|-damage|p2a: Porunga|0 fnt
|faint|p2a: Porunga
|-ability|p1a: Glastrier|Chilling Neigh|boost
|-boost|p1a: Glastrier|atk|1
|
|-weather|Sandstorm|[upkeep]
|-damage|p1a: Glastrier|51/100|[from] Sandstorm
|upkeep
|
|t:|1776162308
|switch|p2a: OP|Excadrill, F|50/100
|turn|14
|
|t:|1776162329
|move|p2a: OP|Earthquake|p1a: Glastrier
|-supereffective|p1a: Glastrier
|-damage|p1a: Glastrier|0 fnt
|faint|p1a: Glastrier
|
|-weather|Sandstorm|[upkeep]
|upkeep
|
|t:|1776162333
|switch|p1a: Ursaluna|Ursaluna, M|37/100 brn
|-heal|p1a: Ursaluna|100/100|[from] move: Healing Wish
|turn|15
|
|t:|1776162343
|switch|p2a: The sandstorm|Tyranitar, M, shiny, tera:Ghost|53/100
|move|p1a: Ursaluna|Fire Punch|p2a: The sandstorm
|-damage|p2a: The sandstorm|34/100
|
|-weather|none
|-status|p1a: Ursaluna|brn|[from] item: Flame Orb
|upkeep
|turn|16
|
|t:|1776162362
|move|p1a: Ursaluna|Crunch|p2a: The sandstorm
|-supereffective|p2a: The sandstorm
|-damage|p2a: The sandstorm|0 fnt
|faint|p2a: The sandstorm
|
|-damage|p1a: Ursaluna|94/100 brn|[from] brn
|upkeep
|
|t:|1776162370
|switch|p2a: Itachi|Hawlucha, M, shiny|16/100
|-ability|p2a: Itachi|Mold Breaker
|turn|17
|
|t:|1776162374
|switch|p1a: Slowking|Slowking-Galar, M|100/100
|move|p2a: Itachi|Brave Bird|p1a: Slowking
|-damage|p1a: Slowking|55/100
|-damage|p2a: Itachi|0 fnt|[from] Recoil
|faint|p2a: Itachi
|
|upkeep
|
|t:|1776162377
|switch|p2a: OP|Excadrill, F|50/100
|turn|18
|
|t:|1776162384
|move|p2a: OP|Earthquake|p1a: Slowking
|-supereffective|p1a: Slowking
|-damage|p1a: Slowking|0 fnt
|faint|p1a: Slowking
|
|upkeep
|
|t:|1776162397
|switch|p1a: Ursaluna|Ursaluna, M|94/100 brn
|turn|19
|
|t:|1776162402
|move|p2a: OP|Earthquake|p1a: Ursaluna
|-damage|p1a: Ursaluna|31/100 brn
|move|p1a: Ursaluna|Facade|p2a: OP
|-resisted|p2a: OP
|-damage|p2a: OP|0 fnt
|faint|p2a: OP
|
|-damage|p1a: Ursaluna|25/100 brn|[from] brn
|upkeep
|
|t:|1776162408
|switch|p2a: Frieza|Kyurem, shiny|100/100
|-ability|p2a: Frieza|Pressure
|turn|20
|
|t:|1776162419
|move|p2a: Frieza|Freeze-Dry|p1a: Ursaluna
|-supereffective|p1a: Ursaluna
|-damage|p1a: Ursaluna|0 fnt
|faint|p1a: Ursaluna
|
|upkeep
|
|t:|1776162423
|switch|p1a: Kingambit|Kingambit, F|100/100
|-activate|p1a: Kingambit|ability: Supreme Overlord
|-start|p1a: Kingambit|fallen5|[silent]
|turn|21
|
|t:|1776162428
|move|p2a: Frieza|Earth Power|p1a: Kingambit
|-supereffective|p1a: Kingambit
|-damage|p1a: Kingambit|20/100
|move|p1a: Kingambit|Iron Head|p2a: Frieza
|-supereffective|p2a: Frieza
|-damage|p2a: Frieza|0 fnt
|faint|p2a: Frieza
|
|win|alexandria jugulis
|raw|alexandria jugulis's rating: 1498 &rarr; <strong>1527</strong><br />(+29 for winning)
|raw|OP Earthquakes's rating: 1672 &rarr; <strong>1643</strong><br />(-29 for losing)
