|html|<div class="broadcast-blue"><strong>[Gen 9] OU is currently suspecting Tera Blast! For information on how to participate check out the <a href="https://www.smogon.com/tools/suspects/view/200">suspect thread</a>.</strong></div>
|j|☆YZujie
|j|☆ajsjsj272
|t:|1776259465
|gametype|singles
|player|p1|YZujie|169|1008
|player|p2|ajsjsj272|gambler|1000
|gen|9
|tier|[Gen 9] OU
|rated|
|rule|HP Percentage Mod: HP is shown in percentages
|rule|Endless Battle Clause: Forcing endless battles is banned
|rule|Species Clause: Limit one of each Pokémon
|rule|OHKO Clause: OHKO moves are banned
|rule|Evasion Items Clause: Evasion items are banned
|rule|Evasion Moves Clause: Evasion moves are banned
|rule|Evasion Abilities Clause: Evasion abilities are banned
|rule|Sleep Moves Clause: Sleep-inducing moves are banned
|clearpoke
|poke|p1|Ogerpon-Wellspring, F|
|poke|p1|Garchomp, F|
|poke|p1|Ting-Lu|
|poke|p1|Rillaboom, M|
|poke|p1|Glimmora, F|
|poke|p1|Blissey, F|
|poke|p2|Torkoal, M|
|poke|p2|Leafeon, F|
|poke|p2|Pelipper, M|
|poke|p2|Poliwrath, F|
|poke|p2|Grimmsnarl, M|
|poke|p2|Jirachi|
|teampreview
|inactive|Battle timer is ON: inactive players will automatically lose when time's up. (requested by YZujie)
|
|t:|1776259491
|teamsize|p1|6
|teamsize|p2|6
|start
|switch|p1a: Garchomp|Garchomp, F|100/100
|switch|p2a: Torkoal|Torkoal, M|100/100
|-weather|SunnyDay|[from] ability: Drought|[of] p2a: Torkoal
|turn|1
|
|t:|1776259502
|-terastallize|p2a: Torkoal|Fighting
|move|p1a: Garchomp|Stealth Rock|p2a: Torkoal
|-sidestart|p2: ajsjsj272|move: Stealth Rock
|move|p2a: Torkoal|Iron Defense|p2a: Torkoal
|-boost|p2a: Torkoal|def|2
|
|-weather|SunnyDay|[upkeep]
|upkeep
|turn|2
|
|t:|1776259515
|switch|p1a: Ting-Lu|Ting-Lu|100/100
|-ability|p1a: Ting-Lu|Vessel of Ruin
|move|p2a: Torkoal|Iron Defense|p2a: Torkoal
|-boost|p2a: Torkoal|def|2
|
|-weather|SunnyDay|[upkeep]
|upkeep
|turn|3
|
|t:|1776259526
|move|p2a: Torkoal|Iron Defense|p2a: Torkoal
|-boost|p2a: Torkoal|def|2
|move|p1a: Ting-Lu|Whirlwind|p2a: Torkoal
|drag|p2a: Pelipper|Pelipper, M|100/100
|-damage|p2a: Pelipper|76/100|[from] Stealth Rock
|-weather|RainDance|[from] ability: Drizzle|[of] p2a: Pelipper
|
|-weather|RainDance|[upkeep]
|upkeep
|turn|4
|
|t:|1776259546
|switch|p1a: Blissey|Blissey, F|100/100
|move|p2a: Pelipper|Weather Ball|p1a: Blissey
|-damage|p1a: Blissey|79/100
|
|-weather|RainDance|[upkeep]
|upkeep
|turn|5
|
|t:|1776259560
|move|p2a: Pelipper|Tailwind|p2a: Pelipper
|-sidestart|p2: ajsjsj272|move: Tailwind
|move|p1a: Blissey|Soft-Boiled|p1a: Blissey
|-heal|p1a: Blissey|100/100
|
|-weather|RainDance|[upkeep]
|upkeep
|turn|6
|
|t:|1776259584
|switch|p2a: Torkoal|Torkoal, M, tera:Fighting|100/100
|-damage|p2a: Torkoal|94/100|[from] Stealth Rock
|-weather|SunnyDay|[from] ability: Drought|[of] p2a: Torkoal
|move|p1a: Blissey|Last Resort||[still]
|-fail|p1a: Blissey
|
|-weather|SunnyDay|[upkeep]
|-heal|p2a: Torkoal|100/100|[from] item: Leftovers
|upkeep
|turn|7
|inactive|YZujie has 120 seconds left.
|
|t:|1776259613
|move|p2a: Torkoal|Iron Defense|p2a: Torkoal
|-boost|p2a: Torkoal|def|2
|move|p1a: Blissey|Thunder Wave|p2a: Torkoal
|-status|p2a: Torkoal|par
|
|-weather|SunnyDay|[upkeep]
|upkeep
|turn|8
|inactive|YZujie has 120 seconds left.
|
|t:|1776259631
|switch|p1a: Ting-Lu|Ting-Lu|100/100
|-ability|p1a: Ting-Lu|Vessel of Ruin
|cant|p2a: Torkoal|par
|
|-weather|SunnyDay|[upkeep]
|-sideend|p2: ajsjsj272|move: Tailwind
|upkeep
|turn|9
|inactive|YZujie has 120 seconds left.
|
|t:|1776259641
|move|p1a: Ting-Lu|Ruination|p2a: Torkoal
|-damage|p2a: Torkoal|51/100 par
|move|p2a: Torkoal|Body Press|p1a: Ting-Lu
|-supereffective|p1a: Ting-Lu
|-damage|p1a: Ting-Lu|25/100
|
|-weather|SunnyDay|[upkeep]
|-heal|p1a: Ting-Lu|32/100|[from] item: Leftovers
|-heal|p2a: Torkoal|57/100 par|[from] item: Leftovers
|upkeep
|turn|10
|inactive|YZujie has 120 seconds left.
|
|t:|1776259651
|move|p2a: Torkoal|Body Press|p1a: Ting-Lu
|-supereffective|p1a: Ting-Lu
|-damage|p1a: Ting-Lu|0 fnt
|faint|p1a: Ting-Lu
|
|-weather|none
|-heal|p2a: Torkoal|63/100 par|[from] item: Leftovers
|upkeep
|
|t:|1776259660
|switch|p1a: Garchomp|Garchomp, F|100/100
|turn|11
|
|t:|1776259665
|move|p1a: Garchomp|Scale Shot|p2a: Torkoal
|-damage|p2a: Torkoal|57/100 par
|-damage|p2a: Torkoal|52/100 par
|-damage|p2a: Torkoal|46/100 par
|-damage|p2a: Torkoal|41/100 par
|-hitcount|p2a: Torkoal|4
|-unboost|p1a: Garchomp|def|1
|-boost|p1a: Garchomp|spe|1
|move|p2a: Torkoal|Body Press|p1a: Garchomp
|-damage|p1a: Garchomp|0 fnt
|-damage|p2a: Torkoal|28/100 par|[from] ability: Rough Skin|[of] p1a: Garchomp
|faint|p1a: Garchomp
|
|-heal|p2a: Torkoal|34/100 par|[from] item: Leftovers
|upkeep
|inactive|YZujie has 120 seconds left.
|
|t:|1776259679
|switch|p1a: Ogerpon|Ogerpon-Wellspring, F|100/100
|turn|12
|
|t:|1776259686
|-terastallize|p1a: Ogerpon|Water
|detailschange|p1a: Ogerpon|Ogerpon-Wellspring-Tera, F, tera:Water
|-ability|p1a: Ogerpon|Embody Aspect (Wellspring)|boost
|-boost|p1a: Ogerpon|spd|1
|move|p1a: Ogerpon|Ivy Cudgel|p2a: Torkoal|[anim] Ivy Cudgel Water
|-damage|p2a: Torkoal|2/100 par
|move|p2a: Torkoal|Body Press|p1a: Ogerpon
|-damage|p1a: Ogerpon|0 fnt
|faint|p1a: Ogerpon
|detailschange|p1: Ogerpon|Ogerpon-Wellspring, F|[silent]
|
|-heal|p2a: Torkoal|8/100 par|[from] item: Leftovers
|upkeep
|-message|YZujie forfeited.
|
|win|ajsjsj272
|raw|YZujie's rating: 1008 &rarr; <strong>1000</strong><br />(-8 for losing)
|raw|ajsjsj272's rating: 1000 &rarr; <strong>1041</strong><br />(+41 for winning)
|l|☆YZujie
|player|p1|
