|html|<div class="broadcast-blue"><strong>[Gen 9] OU is currently suspecting Tera Blast! For information on how to participate check out the <a href="https://www.smogon.com/tools/suspects/view/200">suspect thread</a>.</strong></div>
|j|☆fraaaxn
|j|☆Versato
|t:|1776054328
|gametype|singles
|player|p1|fraaaxn|unknownf|1609
|player|p2|Versato|lucas|1524
|gen|9
|tier|[Gen 9] OU
|rated|
|rule|HP Percentage Mod: HP is shown in percentages
|rule|Endless Battle Clause: Forcing endless battles is banned
|rule|Species Clause: Limit one of each Pokémon
|rule|OHKO Clause: OHKO moves are banned
|rule|Evasion Items Clause: Evasion items are banned
|rule|Evasion Moves Clause: Evasion moves are banned
|rule|Evasion Abilities Clause: Evasion abilities are banned
|rule|Sleep Moves Clause: Sleep-inducing moves are banned
|clearpoke
|poke|p1|Gholdengo|
|poke|p1|Ribombee, F|
|poke|p1|Zamazenta-*|
|poke|p1|Iron Treads|
|poke|p1|Dragonite, F|
|poke|p1|Iron Valiant|
|poke|p2|Hoopa-Unbound|
|poke|p2|Landorus-Therian, M|
|poke|p2|Dragonite, F|
|poke|p2|Scizor, M|
|poke|p2|Weavile, F|
|poke|p2|Okidogi, M|
|teampreview
|inactive|Battle timer is ON: inactive players will automatically lose when time's up. (requested by fraaaxn)
|
|t:|1776054337
|teamsize|p1|6
|teamsize|p2|6
|start
|switch|p1a: Ribombee|Ribombee, F|100/100
|switch|p2a: Weavile|Weavile, F|100/100
|-ability|p2a: Weavile|Pressure
|turn|1
|j| peneplain
|inactive|fraaaxn has 120 seconds left.
|
|t:|1776054377
|switch|p1a: Iron Valiant|Iron Valiant|100/100
|-enditem|p1a: Iron Valiant|Booster Energy
|-activate|p1a: Iron Valiant|ability: Quark Drive|[fromitem]
|-start|p1a: Iron Valiant|quarkdrivespe
|-terastallize|p2a: Weavile|Dark
|move|p2a: Weavile|Beat Up|p1a: Iron Valiant
|-resisted|p1a: Iron Valiant
|-damage|p1a: Iron Valiant|95/100
|-resisted|p1a: Iron Valiant
|-damage|p1a: Iron Valiant|89/100
|-resisted|p1a: Iron Valiant
|-damage|p1a: Iron Valiant|84/100
|-resisted|p1a: Iron Valiant
|-damage|p1a: Iron Valiant|77/100
|-resisted|p1a: Iron Valiant
|-damage|p1a: Iron Valiant|71/100
|-resisted|p1a: Iron Valiant
|-damage|p1a: Iron Valiant|65/100
|-hitcount|p1a: Iron Valiant|6
|
|upkeep
|turn|2
|inactive|fraaaxn has 120 seconds left.
|
|t:|1776054397
|switch|p2a: Landorus|Landorus-Therian, M|100/100
|-ability|p2a: Landorus|Intimidate|boost
|-unboost|p1a: Iron Valiant|atk|1
|move|p1a: Iron Valiant|Moonblast|p2a: Landorus
|-damage|p2a: Landorus|48/100
|
|upkeep
|turn|3
|
|t:|1776054407
|switch|p2a: Scizor|Scizor, M|100/100
|move|p1a: Iron Valiant|Moonblast|p2a: Scizor
|-resisted|p2a: Scizor
|-damage|p2a: Scizor|67/100
|-unboost|p2a: Scizor|spa|1
|
|upkeep
|turn|4
|
|t:|1776054418
|move|p1a: Iron Valiant|Moonblast|p2a: Scizor
|-resisted|p2a: Scizor
|-damage|p2a: Scizor|36/100
|move|p2a: Scizor|Dual Wingbeat|p1a: Iron Valiant
|-supereffective|p1a: Iron Valiant
|-damage|p1a: Iron Valiant|0 fnt
|faint|p1a: Iron Valiant
|-end|p1a: Iron Valiant|Quark Drive|[silent]
|-hitcount|p1: Iron Valiant|1
|
|upkeep
|
|t:|1776054424
|switch|p1a: Ribombee|Ribombee, F|100/100
|turn|5
|
|t:|1776054435
|switch|p2a: Weavile|Weavile, F, tera:Dark|100/100
|-ability|p2a: Weavile|Pressure
|move|p1a: Ribombee|Sticky Web|p2a: Weavile
|-sidestart|p2: Versato|move: Sticky Web
|
|upkeep
|turn|6
|
|t:|1776054464
|move|p2a: Weavile|Beat Up|p1a: Ribombee
|-resisted|p1a: Ribombee
|-damage|p1a: Ribombee|83/100
|-resisted|p1a: Ribombee
|-damage|p1a: Ribombee|65/100
|-resisted|p1a: Ribombee
|-damage|p1a: Ribombee|46/100
|-resisted|p1a: Ribombee
|-damage|p1a: Ribombee|27/100
|-resisted|p1a: Ribombee
|-crit|p1a: Ribombee
|-damage|p1a: Ribombee|0 fnt
|faint|p1a: Ribombee
|-hitcount|p1: Ribombee|5
|
|upkeep
|inactive|fraaaxn has 120 seconds left.
|l| peneplain
|
|t:|1776054494
|switch|p1a: Zamazenta|Zamazenta|100/100
|-ability|p1a: Zamazenta|Dauntless Shield|boost
|-boost|p1a: Zamazenta|def|1
|turn|7
|
|t:|1776054499
|switch|p2a: Landorus|Landorus-Therian, M|48/100
|-ability|p2a: Landorus|Intimidate|boost
|-unboost|p1a: Zamazenta|atk|1
|move|p1a: Zamazenta|Close Combat|p2a: Landorus
|-resisted|p2a: Landorus
|-damage|p2a: Landorus|19/100
|-unboost|p1a: Zamazenta|def|1
|-unboost|p1a: Zamazenta|spd|1
|-damage|p1a: Zamazenta|84/100|[from] item: Rocky Helmet|[of] p2a: Landorus
|-damage|p1a: Zamazenta|74/100|[from] item: Life Orb
|
|upkeep
|turn|8
|
|t:|1776054510
|switch|p2a: Okidogi|Okidogi, M|100/100
|-activate|p2a: Okidogi|move: Sticky Web
|-unboost|p2a: Okidogi|spe|1
|move|p1a: Zamazenta|Crunch|p2a: Okidogi
|-resisted|p2a: Okidogi
|-damage|p2a: Okidogi|92/100
|-damage|p1a: Zamazenta|64/100|[from] item: Life Orb
|
|-heal|p2a: Okidogi|98/100|[from] item: Leftovers
|upkeep
|turn|9
|
|t:|1776054526
|switch|p1a: Iron Treads|Iron Treads|100/100
|-enditem|p1a: Iron Treads|Booster Energy
|-activate|p1a: Iron Treads|ability: Quark Drive|[fromitem]
|-start|p1a: Iron Treads|quarkdriveatk
|switch|p2a: Landorus|Landorus-Therian, M|19/100
|-ability|p2a: Landorus|Intimidate|boost
|-unboost|p1a: Iron Treads|atk|1
|
|upkeep
|turn|10
|
|t:|1776054536
|move|p1a: Iron Treads|Ice Spinner|p2a: Landorus
|-supereffective|p2a: Landorus
|-damage|p2a: Landorus|0 fnt
|-damage|p1a: Iron Treads|84/100|[from] item: Rocky Helmet|[of] p2a: Landorus
|faint|p2a: Landorus
|
|upkeep
|
|t:|1776054542
|switch|p2a: Weavile|Weavile, F, tera:Dark|100/100
|-activate|p2a: Weavile|move: Sticky Web
|-unboost|p2a: Weavile|spe|1
|-ability|p2a: Weavile|Pressure
|turn|11
|
|t:|1776054556
|-end|p1a: Iron Treads|Quark Drive|[silent]
|switch|p1a: Zamazenta|Zamazenta|64/100
|move|p2a: Weavile|Ice Shard|p1a: Zamazenta
|-damage|p1a: Zamazenta|35/100
|
|upkeep
|turn|12
|
|t:|1776054563
|move|p2a: Weavile|Ice Shard|p1a: Zamazenta
|-damage|p1a: Zamazenta|4/100
|move|p1a: Zamazenta|Heavy Slam|p2a: Weavile
|-damage|p2a: Weavile|2/100
|-damage|p1a: Zamazenta|0 fnt|[from] item: Life Orb
|faint|p1a: Zamazenta
|
|upkeep
|
|t:|1776054572
|switch|p1a: Dragonite|Dragonite, F|100/100
|turn|13
|
|t:|1776054575
|move|p1a: Dragonite|Extreme Speed|p2a: Weavile
|-damage|p2a: Weavile|0 fnt
|faint|p2a: Weavile
|
|upkeep
|
|t:|1776054579
|switch|p2a: Okidogi|Okidogi, M|98/100
|-activate|p2a: Okidogi|move: Sticky Web
|-unboost|p2a: Okidogi|spe|1
|turn|14
|j| samurajen
|
|t:|1776054587
|switch|p1a: Iron Treads|Iron Treads|84/100
|move|p2a: Okidogi|Ice Punch|p1a: Iron Treads
|-damage|p1a: Iron Treads|63/100
|
|-heal|p2a: Okidogi|100/100|[from] item: Leftovers
|upkeep
|turn|15
|
|t:|1776054595
|move|p1a: Iron Treads|Earthquake|p2a: Okidogi
|-supereffective|p2a: Okidogi
|-damage|p2a: Okidogi|34/100
|move|p2a: Okidogi|Drain Punch|p1a: Iron Treads
|-supereffective|p1a: Iron Treads
|-damage|p1a: Iron Treads|1/100
|-heal|p2a: Okidogi|61/100|[from] drain|[of] p1a: Iron Treads
|
|-heal|p2a: Okidogi|67/100|[from] item: Leftovers
|upkeep
|turn|16
|
|t:|1776054604
|switch|p2a: Dragonite|Dragonite, F|100/100
|move|p1a: Iron Treads|Ice Spinner|p2a: Dragonite
|-supereffective|p2a: Dragonite
|-damage|p2a: Dragonite|37/100
|
|upkeep
|turn|17
|
|t:|1776054618
|-terastallize|p1a: Iron Treads|Ghost
|move|p2a: Dragonite|Extreme Speed|p1a: Iron Treads
|-immune|p1a: Iron Treads
|move|p1a: Iron Treads|Ice Spinner|p2a: Dragonite
|-supereffective|p2a: Dragonite
|-damage|p2a: Dragonite|0 fnt
|faint|p2a: Dragonite
|
|upkeep
|
|t:|1776054627
|switch|p2a: Scizor|Scizor, M|36/100
|-activate|p2a: Scizor|move: Sticky Web
|-unboost|p2a: Scizor|spe|1
|turn|18
|
|t:|1776054631
|-end|p1a: Iron Treads|Quark Drive|[silent]
|switch|p1a: Gholdengo|Gholdengo|100/100
|-item|p1a: Gholdengo|Air Balloon
|move|p2a: Scizor|Knock Off|p1a: Gholdengo
|-supereffective|p1a: Gholdengo
|-damage|p1a: Gholdengo|0 fnt
|-enditem|p1a: Gholdengo|Air Balloon
|faint|p1a: Gholdengo
|
|upkeep
|
|t:|1776054634
|switch|p1a: Dragonite|Dragonite, F|100/100
|turn|19
|
|t:|1776054645
|move|p1a: Dragonite|Earthquake|p2a: Scizor
|-damage|p2a: Scizor|0 fnt
|faint|p2a: Scizor
|
|upkeep
|
|t:|1776054648
|switch|p2a: Hoopa|Hoopa-Unbound|100/100
|-activate|p2a: Hoopa|move: Sticky Web
|-unboost|p2a: Hoopa|spe|1
|turn|20
|
|t:|1776054657
|move|p1a: Dragonite|Dragon Dance|p1a: Dragonite
|-boost|p1a: Dragonite|atk|1
|-boost|p1a: Dragonite|spe|1
|move|p2a: Hoopa|Thunderbolt|p1a: Dragonite
|-damage|p1a: Dragonite|77/100
|
|upkeep
|turn|21
|
|t:|1776054664
|move|p1a: Dragonite|Earthquake|p2a: Hoopa
|-damage|p2a: Hoopa|7/100
|move|p2a: Hoopa|Dark Pulse|p1a: Dragonite
|-damage|p1a: Dragonite|16/100
|
|upkeep
|turn|22
|-message|Versato forfeited.
|
|win|fraaaxn
|raw|fraaaxn's rating: 1609 &rarr; <strong>1624</strong><br />(+15 for winning)
|raw|Versato's rating: 1524 &rarr; <strong>1509</strong><br />(-15 for losing)
|l|☆Versato
|player|p2|
