|html|<div class="broadcast-blue"><strong>[Gen 9] OU is currently suspecting Volcarona! For information on how to participate check out the <a href="https://www.smogon.com/tools/suspects/view/208">suspect thread</a>.</strong></div>
|j|☆cargo90210
|j|☆Nerbitplayz
|t:|1778497547
|gametype|singles
|player|p1|cargo90210|swimmer-gen4|1092
|player|p2|Nerbitplayz|170|1111
|gen|9
|tier|[Gen 9] OU
|rated|
|rule|HP Percentage Mod: HP is shown in percentages
|rule|Endless Battle Clause: Forcing endless battles is banned
|rule|Species Clause: Limit one of each Pokémon
|rule|OHKO Clause: OHKO moves are banned
|rule|Evasion Items Clause: Evasion items are banned
|rule|Evasion Moves Clause: Evasion moves are banned
|rule|Evasion Abilities Clause: Evasion abilities are banned
|rule|Sleep Moves Clause: Sleep-inducing moves are banned
|clearpoke
|poke|p1|Dragonite, M|
|poke|p1|Drifblim, F|
|poke|p1|Cinderace, F|
|poke|p1|Meowscarada, F|
|poke|p1|Keldeo-Resolute|
|poke|p1|Kingambit, M|
|poke|p2|Dragonite, F|
|poke|p2|Gholdengo|
|poke|p2|Regidrago|
|poke|p2|Scizor, F|
|poke|p2|Ting-Lu|
|poke|p2|Weezing-Galar, F|
|teampreview
|inactive|Battle timer is ON: inactive players will automatically lose when time's up. (requested by Nerbitplayz)
|
|t:|1778497555
|teamsize|p1|6
|teamsize|p2|6
|start
|switch|p1a: Cant flip|Dragonite, M|100/100
|switch|p2a: Scizor|Scizor, F|100/100
|turn|1
|
|t:|1778497561
|move|p2a: Scizor|Bullet Punch|p1a: Cant flip
|-damage|p1a: Cant flip|82/100
|move|p1a: Cant flip|Dragon Dance|p1a: Cant flip
|-boost|p1a: Cant flip|atk|1
|-boost|p1a: Cant flip|spe|1
|
|upkeep
|turn|2
|
|t:|1778497567
|move|p2a: Scizor|Bullet Punch|p1a: Cant flip
|-damage|p1a: Cant flip|48/100
|move|p1a: Cant flip|Dragon Dance|p1a: Cant flip
|-boost|p1a: Cant flip|atk|1
|-boost|p1a: Cant flip|spe|1
|
|upkeep
|turn|3
|
|t:|1778497572
|move|p2a: Scizor|Bullet Punch|p1a: Cant flip
|-damage|p1a: Cant flip|13/100
|move|p1a: Cant flip|Roost|p1a: Cant flip
|-heal|p1a: Cant flip|63/100
|-singleturn|p1a: Cant flip|move: Roost
|
|upkeep
|turn|4
|
|t:|1778497578
|move|p2a: Scizor|Bullet Punch|p1a: Cant flip
|-damage|p1a: Cant flip|31/100
|move|p1a: Cant flip|Roost|p1a: Cant flip
|-heal|p1a: Cant flip|81/100
|-singleturn|p1a: Cant flip|move: Roost
|
|upkeep
|turn|5
|
|t:|1778497589
|-terastallize|p1a: Cant flip|Normal
|-terastallize|p2a: Scizor|Steel
|move|p1a: Cant flip|Extreme Speed|p2a: Scizor
|-resisted|p2a: Scizor
|-damage|p2a: Scizor|62/100
|move|p2a: Scizor|Bullet Punch|p1a: Cant flip
|-damage|p1a: Cant flip|38/100
|
|upkeep
|turn|6
|
|t:|1778497607
|move|p1a: Cant flip|Extreme Speed|p2a: Scizor
|-resisted|p2a: Scizor
|-damage|p2a: Scizor|22/100
|move|p2a: Scizor|Bullet Punch|p1a: Cant flip
|-damage|p1a: Cant flip|0 fnt
|faint|p1a: Cant flip
|
|upkeep
|
|t:|1778497614
|switch|p1a: Stupid Flipper|Keldeo-Resolute|100/100
|turn|7
|
|t:|1778497620
|switch|p2a: Regidrago|Regidrago|100/100
|move|p1a: Stupid Flipper|Vacuum Wave|p2a: Regidrago
|-damage|p2a: Regidrago|78/100
|
|upkeep
|turn|8
|
|t:|1778497626
|switch|p1a: Flips lips|Drifblim, F|100/100
|move|p2a: Regidrago|Draco Meteor|p1a: Flips lips
|-damage|p1a: Flips lips|0 fnt
|-unboost|p2a: Regidrago|spa|2
|faint|p1a: Flips lips
|
|upkeep
|
|t:|1778497636
|switch|p1a: Flip flapper|Meowscarada, F|100/100
|turn|9
|
|t:|1778497642
|switch|p2a: Weezing|Weezing-Galar, F|100/100
|-ability|p2a: Weezing|Neutralizing Gas
|move|p1a: Flip flapper|Triple Axel|p2a: Weezing
|-damage|p2a: Weezing|94/100
|-damage|p2a: Weezing|82/100
|-damage|p2a: Weezing|64/100
|-hitcount|p2a: Weezing|3
|
|upkeep
|turn|10
|
|t:|1778497654
|switch|p1a: Stupid Flipper|Keldeo-Resolute|100/100
|move|p2a: Weezing|Will-O-Wisp|p1a: Stupid Flipper
|-status|p1a: Stupid Flipper|brn
|
|-damage|p1a: Stupid Flipper|94/100 brn|[from] brn
|upkeep
|turn|11
|
|t:|1778497666
|-end|p2a: Weezing|ability: Neutralizing Gas
|switch|p2a: Dragonite|Dragonite, F|100/100
|move|p1a: Stupid Flipper|Surf|p2a: Dragonite
|-resisted|p2a: Dragonite
|-damage|p2a: Dragonite|88/100
|
|-damage|p1a: Stupid Flipper|88/100 brn|[from] brn
|upkeep
|turn|12
|
|t:|1778497674
|move|p1a: Stupid Flipper|Surf|p2a: Dragonite
|-resisted|p2a: Dragonite
|-damage|p2a: Dragonite|66/100
|move|p2a: Dragonite|Dragon Dance|p2a: Dragonite
|-boost|p2a: Dragonite|atk|1
|-boost|p2a: Dragonite|spe|1
|
|-damage|p1a: Stupid Flipper|82/100 brn|[from] brn
|upkeep
|turn|13
|
|t:|1778497691
|switch|p1a: Flip flapper|Meowscarada, F|100/100
|move|p2a: Dragonite|Dragon Dance|p2a: Dragonite
|-boost|p2a: Dragonite|atk|1
|-boost|p2a: Dragonite|spe|1
|
|upkeep
|turn|14
|
|t:|1778497697
|move|p2a: Dragonite|Extreme Speed|p1a: Flip flapper
|-damage|p1a: Flip flapper|4/100
|move|p1a: Flip flapper|Triple Axel|p2a: Dragonite
|-start|p1a: Flip flapper|typechange|Ice|[from] ability: Protean
|-supereffective|p2a: Dragonite
|-damage|p2a: Dragonite|11/100
|-supereffective|p2a: Dragonite
|-damage|p2a: Dragonite|0 fnt
|faint|p2a: Dragonite
|-hitcount|p2: Dragonite|2
|
|upkeep
|
|t:|1778497702
|switch|p2a: Scizor|Scizor, F, tera:Steel|22/100
|turn|15
|
|t:|1778497713
|switch|p1a: Stupid Flipper|Keldeo-Resolute|82/100 brn
|move|p2a: Scizor|Bullet Punch|p1a: Stupid Flipper
|-resisted|p1a: Stupid Flipper
|-damage|p1a: Stupid Flipper|39/100 brn
|
|-damage|p1a: Stupid Flipper|33/100 brn|[from] brn
|upkeep
|turn|16
|
|t:|1778497724
|move|p1a: Stupid Flipper|Vacuum Wave|p2a: Scizor
|-supereffective|p2a: Scizor
|-damage|p2a: Scizor|0 fnt
|faint|p2a: Scizor
|
|-damage|p1a: Stupid Flipper|27/100 brn|[from] brn
|upkeep
|
|t:|1778497732
|switch|p2a: Regidrago|Regidrago|78/100
|turn|17
|
|t:|1778497736
|move|p1a: Stupid Flipper|Vacuum Wave|p2a: Regidrago
|-damage|p2a: Regidrago|55/100
|move|p2a: Regidrago|Draco Meteor|p1a: Stupid Flipper
|-crit|p1a: Stupid Flipper
|-damage|p1a: Stupid Flipper|0 fnt
|-unboost|p2a: Regidrago|spa|2
|faint|p1a: Stupid Flipper
|
|upkeep
|
|t:|1778497744
|switch|p1a: Flip flapper|Meowscarada, F|4/100
|turn|18
|
|t:|1778497748
|move|p2a: Regidrago|Draco Meteor|p1a: Flip flapper
|-damage|p1a: Flip flapper|0 fnt
|-unboost|p2a: Regidrago|spa|2
|faint|p1a: Flip flapper
|
|upkeep
|
|t:|1778497757
|switch|p1a: Flippin overrated|Cinderace, F, shiny|100/100
|turn|19
|
|t:|1778497765
|switch|p2a: Ting-Lu|Ting-Lu|100/100
|-ability|p2a: Ting-Lu|Vessel of Ruin
|move|p1a: Flippin overrated|U-turn|p2a: Ting-Lu
|-start|p1a: Flippin overrated|typechange|Bug|[from] ability: Libero
|-supereffective|p2a: Ting-Lu
|-damage|p2a: Ting-Lu|67/100
|
|t:|1778497772
|switch|p1a: King Flipper|Kingambit, M|100/100|[from] U-turn
|-activate|p1a: King Flipper|ability: Supreme Overlord
|-start|p1a: King Flipper|fallen4|[silent]
|
|-heal|p2a: Ting-Lu|73/100|[from] item: Leftovers
|upkeep
|turn|20
|-activate|p1a: King Flipper|item: Quick Claw
|
|t:|1778497778
|move|p1a: King Flipper|Brick Break|p2a: Ting-Lu
|-supereffective|p2a: Ting-Lu
|-damage|p2a: Ting-Lu|29/100
|move|p2a: Ting-Lu|Earthquake|p1a: King Flipper
|-supereffective|p1a: King Flipper
|-damage|p1a: King Flipper|50/100
|
|-heal|p2a: Ting-Lu|35/100|[from] item: Leftovers
|upkeep
|turn|21
|
|t:|1778497787
|move|p1a: King Flipper|Brick Break|p2a: Ting-Lu
|-supereffective|p2a: Ting-Lu
|-damage|p2a: Ting-Lu|0 fnt
|faint|p2a: Ting-Lu
|
|upkeep
|
|t:|1778497794
|switch|p2a: Regidrago|Regidrago|55/100
|turn|22
|
|t:|1778497796
|move|p1a: King Flipper|Sucker Punch|p2a: Regidrago
|-damage|p2a: Regidrago|0 fnt
|faint|p2a: Regidrago
|
|upkeep
|-message|Nerbitplayz forfeited.
|
|win|cargo90210
|raw|cargo90210's rating: 1092 &rarr; <strong>1120</strong><br />(+28 for winning)
|raw|Nerbitplayz's rating: 1111 &rarr; <strong>1085</strong><br />(-26 for losing)
|l|☆Nerbitplayz
|player|p2|
|l|☆cargo90210
|player|p1|
