|html|<div class="broadcast-blue"><strong>[Gen 9] OU is currently suspecting Tera Blast! For information on how to participate check out the <a href="https://www.smogon.com/tools/suspects/view/200">suspect thread</a>.</strong></div>
|j|☆emanjuelworld
|j|☆gryan4
|t:|1776252701
|gametype|singles
|player|p1|emanjuelworld|101|1108
|player|p2|gryan4|doctor|1145
|gen|9
|tier|[Gen 9] OU
|rated|
|rule|HP Percentage Mod: HP is shown in percentages
|rule|Endless Battle Clause: Forcing endless battles is banned
|rule|Species Clause: Limit one of each Pokémon
|rule|OHKO Clause: OHKO moves are banned
|rule|Evasion Items Clause: Evasion items are banned
|rule|Evasion Moves Clause: Evasion moves are banned
|rule|Evasion Abilities Clause: Evasion abilities are banned
|rule|Sleep Moves Clause: Sleep-inducing moves are banned
|clearpoke
|poke|p1|Great Tusk|
|poke|p1|Gholdengo|
|poke|p1|Dragapult, M|
|poke|p1|Kingambit, M|
|poke|p1|Ogerpon-Wellspring, F|
|poke|p1|Iron Valiant|
|poke|p2|Tyranitar, M|
|poke|p2|Pecharunt|
|poke|p2|Froslass, F|
|poke|p2|Cinderace, M|
|poke|p2|Garganacl, F|
|poke|p2|Mimikyu, F|
|teampreview
|inactive|Battle timer is ON: inactive players will automatically lose when time's up. (requested by gryan4)
|
|t:|1776252708
|teamsize|p1|6
|teamsize|p2|6
|start
|switch|p1a: Great Tusk|Great Tusk|100/100
|switch|p2a: Froslass|Froslass, F|100/100
|turn|1
|
|t:|1776252721
|move|p2a: Froslass|Spikes|p1a: Great Tusk
|-sidestart|p1: emanjuelworld|Spikes
|move|p1a: Great Tusk|Knock Off|p2a: Froslass
|-supereffective|p2a: Froslass
|-damage|p2a: Froslass|6/100
|-start|p1a: Great Tusk|Disable|Knock Off|[from] ability: Cursed Body|[of] p2a: Froslass
|-enditem|p2a: Froslass|Focus Sash|[from] move: Knock Off|[of] p1a: Great Tusk
|
|upkeep
|turn|2
|
|t:|1776252731
|move|p2a: Froslass|Ice Beam|p1a: Great Tusk
|-supereffective|p1a: Great Tusk
|-damage|p1a: Great Tusk|5/100
|move|p1a: Great Tusk|Rapid Spin|p2a: Froslass
|-immune|p2a: Froslass
|
|-heal|p1a: Great Tusk|11/100|[from] item: Leftovers
|upkeep
|turn|3
|
|t:|1776252743
|move|p2a: Froslass|Ice Beam|p1a: Great Tusk
|-supereffective|p1a: Great Tusk
|-damage|p1a: Great Tusk|0 fnt
|faint|p1a: Great Tusk
|-end|p1a: Great Tusk|Protosynthesis|[silent]
|
|upkeep
|
|t:|1776252758
|switch|p1a: Gholdengo|Gholdengo|100/100
|-item|p1a: Gholdengo|Air Balloon
|turn|4
|
|t:|1776252782
|move|p2a: Froslass|Spikes|p1a: Gholdengo
|-sidestart|p1: emanjuelworld|Spikes
|move|p1a: Gholdengo|Nasty Plot|p1a: Gholdengo
|-boost|p1a: Gholdengo|spa|2
|
|upkeep
|turn|5
|
|t:|1776252791
|move|p2a: Froslass|Spikes|p1a: Gholdengo
|-sidestart|p1: emanjuelworld|Spikes
|move|p1a: Gholdengo|Shadow Ball|p2a: Froslass
|-supereffective|p2a: Froslass
|-damage|p2a: Froslass|0 fnt
|faint|p2a: Froslass
|
|upkeep
|
|t:|1776252793
|switch|p2a: Cinderace|Cinderace, M, shiny|100/100
|turn|6
|
|t:|1776252803
|move|p2a: Cinderace|Pyro Ball|p1a: Gholdengo|[miss]
|-miss|p2a: Cinderace|p1a: Gholdengo
|move|p1a: Gholdengo|Shadow Ball|p2a: Cinderace
|-damage|p2a: Cinderace|0 fnt
|faint|p2a: Cinderace
|
|upkeep
|
|t:|1776252807
|switch|p2a: Mimikyu|Mimikyu, F, shiny|100/100
|turn|7
|
|t:|1776252816
|move|p2a: Mimikyu|Swords Dance|p2a: Mimikyu
|-boost|p2a: Mimikyu|atk|2
|move|p1a: Gholdengo|Shadow Ball|p2a: Mimikyu
|-activate|p2a: Mimikyu|ability: Disguise
|-damage|p2a: Mimikyu|100/100
|detailschange|p2a: Mimikyu|Mimikyu-Busted, F, shiny
|-damage|p2a: Mimikyu|88/100|[from] pokemon: Mimikyu-Busted
|
|upkeep
|turn|8
|
|t:|1776252828
|move|p2a: Mimikyu|Shadow Sneak|p1a: Gholdengo
|-supereffective|p1a: Gholdengo
|-damage|p1a: Gholdengo|9/100
|-enditem|p1a: Gholdengo|Air Balloon
|-damage|p2a: Mimikyu|78/100|[from] item: Life Orb
|move|p1a: Gholdengo|Shadow Ball|p2a: Mimikyu
|-supereffective|p2a: Mimikyu
|-damage|p2a: Mimikyu|0 fnt
|faint|p2a: Mimikyu
|
|upkeep
|
|t:|1776252835
|switch|p2a: Pecharunt|Pecharunt|100/100
|turn|9
|
|t:|1776252843
|move|p1a: Gholdengo|Shadow Ball|p2a: Pecharunt
|-supereffective|p2a: Pecharunt
|-damage|p2a: Pecharunt|0 fnt
|faint|p2a: Pecharunt
|
|upkeep
|
|t:|1776252845
|switch|p2a: Garganacl|Garganacl, F, shiny|100/100
|turn|10
|
|t:|1776252855
|move|p1a: Gholdengo|Make It Rain|p2a: Garganacl
|-supereffective|p2a: Garganacl
|-damage|p2a: Garganacl|0 fnt
|-unboost|p1a: Gholdengo|spa|1
|faint|p2a: Garganacl
|
|upkeep
|
|t:|1776252857
|switch|p2a: Tyranitar|Tyranitar, M|100/100
|-weather|Sandstorm|[from] ability: Sand Stream|[of] p2a: Tyranitar
|turn|11
|
|t:|1776252868
|move|p1a: Gholdengo|Make It Rain|p2a: Tyranitar
|-supereffective|p2a: Tyranitar
|-damage|p2a: Tyranitar|0 fnt
|-unboost|p1a: Gholdengo|spa|1
|faint|p2a: Tyranitar
|
|win|emanjuelworld
|raw|emanjuelworld's rating: 1108 &rarr; <strong>1136</strong><br />(+28 for winning)
|raw|gryan4's rating: 1145 &rarr; <strong>1117</strong><br />(-28 for losing)
|l|☆gryan4
|player|p2|
