|html|<div class="broadcast-blue"><strong>[Gen 9] OU is currently suspecting Tera Blast! For information on how to participate check out the <a href="https://www.smogon.com/tools/suspects/view/200">suspect thread</a>.</strong></div>
|j|☆Coldman1991
|j|☆TwenteaSeven
|t:|1776090203
|gametype|singles
|player|p1|Coldman1991|101|1371
|player|p2|TwenteaSeven|n|1316
|gen|9
|tier|[Gen 9] OU
|rated|
|rule|HP Percentage Mod: HP is shown in percentages
|rule|Endless Battle Clause: Forcing endless battles is banned
|rule|Species Clause: Limit one of each Pokémon
|rule|OHKO Clause: OHKO moves are banned
|rule|Evasion Items Clause: Evasion items are banned
|rule|Evasion Moves Clause: Evasion moves are banned
|rule|Evasion Abilities Clause: Evasion abilities are banned
|rule|Sleep Moves Clause: Sleep-inducing moves are banned
|clearpoke
|poke|p1|Sinistcha-Masterpiece|
|poke|p1|Enamorus, F|
|poke|p1|Zamazenta-*|
|poke|p1|Glastrier|
|poke|p1|Dragonite, M|
|poke|p1|Polteageist-Antique|
|poke|p2|Zapdos|
|poke|p2|Jirachi|
|poke|p2|Slowking-Galar, M|
|poke|p2|Serperior, M|
|poke|p2|Arcanine-Hisui, M|
|poke|p2|Iron Treads|
|teampreview
|inactive|Battle timer is ON: inactive players will automatically lose when time's up. (requested by Coldman1991)
|
|t:|1776090208
|teamsize|p1|6
|teamsize|p2|6
|start
|switch|p1a: Polteageist|Polteageist-Antique|100/100
|switch|p2a: Jirachi|Jirachi|100/100
|turn|1
|
|t:|1776090220
|move|p2a: Jirachi|Trick|p1a: Polteageist
|-activate|p2a: Jirachi|move: Trick|[of] p1a: Polteageist
|-item|p1a: Polteageist|Choice Scarf|[from] move: Trick
|-item|p2a: Jirachi|Focus Sash|[from] move: Trick
|move|p1a: Polteageist|Shell Smash|p1a: Polteageist
|-unboost|p1a: Polteageist|def|1
|-unboost|p1a: Polteageist|spd|1
|-boost|p1a: Polteageist|atk|2
|-boost|p1a: Polteageist|spa|2
|-boost|p1a: Polteageist|spe|2
|
|upkeep
|turn|2
|
|t:|1776090234
|switch|p1a: Sinistcha|Sinistcha-Masterpiece|100/100
|move|p2a: Jirachi|Iron Head|p1a: Sinistcha
|-damage|p1a: Sinistcha|66/100
|
|upkeep
|turn|3
|
|t:|1776090243
|move|p2a: Jirachi|Ice Punch|p1a: Sinistcha
|-supereffective|p1a: Sinistcha
|-damage|p1a: Sinistcha|29/100
|-status|p1a: Sinistcha|frz
|cant|p1a: Sinistcha|frz
|
|upkeep
|turn|4
|
|t:|1776090250
|move|p2a: Jirachi|Ice Punch|p1a: Sinistcha
|-supereffective|p1a: Sinistcha
|-damage|p1a: Sinistcha|0 fnt
|faint|p1a: Sinistcha
|
|upkeep
|
|t:|1776090258
|switch|p1a: Zamazenta|Zamazenta|100/100
|-ability|p1a: Zamazenta|Dauntless Shield|boost
|-boost|p1a: Zamazenta|def|1
|turn|5
|
|t:|1776090266
|move|p2a: Jirachi|Iron Head|p1a: Zamazenta
|-damage|p1a: Zamazenta|84/100
|cant|p1a: Zamazenta|flinch
|
|-heal|p1a: Zamazenta|90/100|[from] item: Leftovers
|upkeep
|turn|6
|
|t:|1776090274
|move|p2a: Jirachi|U-turn|p1a: Zamazenta
|-resisted|p1a: Zamazenta
|-damage|p1a: Zamazenta|85/100
|
|t:|1776090278
|switch|p2a: Zapdos|Zapdos|100/100|[from] U-turn
|move|p1a: Zamazenta|Iron Defense|p1a: Zamazenta
|-boost|p1a: Zamazenta|def|2
|
|-heal|p1a: Zamazenta|91/100|[from] item: Leftovers
|upkeep
|turn|7
|
|t:|1776090287
|switch|p1a: Polteageist|Polteageist-Antique|100/100
|move|p2a: Zapdos|Thunder Wave|p1a: Polteageist|[miss]
|-miss|p2a: Zapdos|p1a: Polteageist
|
|upkeep
|turn|8
|
|t:|1776090294
|move|p1a: Polteageist|Shadow Ball|p2a: Zapdos
|-crit|p2a: Zapdos
|-damage|p2a: Zapdos|35/100
|-unboost|p2a: Zapdos|spd|1
|move|p2a: Zapdos|Volt Switch|p1a: Polteageist
|-damage|p1a: Polteageist|67/100
|
|t:|1776090322
|switch|p2a: Serperior|Serperior, M|100/100|[from] Volt Switch
|
|upkeep
|turn|9
|
|t:|1776090328
|move|p1a: Polteageist|Shadow Ball|p2a: Serperior
|-damage|p2a: Serperior|51/100
|move|p2a: Serperior|Glare|p1a: Polteageist
|-status|p1a: Polteageist|par
|
|-heal|p2a: Serperior|57/100|[from] item: Leftovers
|upkeep
|turn|10
|
|t:|1776090338
|move|p2a: Serperior|Leaf Storm|p1a: Polteageist
|-damage|p1a: Polteageist|24/100 par
|-boost|p2a: Serperior|spa|2
|move|p1a: Polteageist|Shadow Ball|p2a: Serperior
|-damage|p2a: Serperior|6/100
|-boost|p2a: Serperior|spd|1
|
|-heal|p2a: Serperior|12/100|[from] item: Leftovers
|upkeep
|turn|11
|
|t:|1776090349
|move|p2a: Serperior|Protect|p2a: Serperior
|-singleturn|p2a: Serperior|Protect
|move|p1a: Polteageist|Shadow Ball|p2a: Serperior
|-activate|p2a: Serperior|move: Protect
|
|-heal|p2a: Serperior|19/100|[from] item: Leftovers
|upkeep
|turn|12
|
|t:|1776090358
|move|p2a: Serperior|Leaf Storm|p1a: Polteageist
|-damage|p1a: Polteageist|0 fnt
|-boost|p2a: Serperior|spa|2
|faint|p1a: Polteageist
|
|-heal|p2a: Serperior|25/100|[from] item: Leftovers
|upkeep
|
|t:|1776090366
|switch|p1a: Dragonite|Dragonite, M|100/100
|turn|13
|
|t:|1776090370
|move|p2a: Serperior|Protect|p2a: Serperior
|-singleturn|p2a: Serperior|Protect
|move|p1a: Dragonite|Extreme Speed|p2a: Serperior
|-activate|p2a: Serperior|move: Protect
|
|-heal|p2a: Serperior|31/100|[from] item: Leftovers
|upkeep
|turn|14
|
|t:|1776090380
|switch|p2a: Iron Treads|Iron Treads|100/100
|move|p1a: Dragonite|Ice Spinner|p2a: Iron Treads
|-damage|p2a: Iron Treads|73/100
|
|-heal|p2a: Iron Treads|79/100|[from] item: Leftovers
|upkeep
|turn|15
|
|t:|1776090388
|move|p2a: Iron Treads|Knock Off|p1a: Dragonite
|-damage|p1a: Dragonite|85/100
|-enditem|p1a: Dragonite|Weakness Policy|[from] move: Knock Off|[of] p2a: Iron Treads
|move|p1a: Dragonite|Dragon Dance|p1a: Dragonite
|-boost|p1a: Dragonite|atk|1
|-boost|p1a: Dragonite|spe|1
|
|-heal|p2a: Iron Treads|86/100|[from] item: Leftovers
|upkeep
|turn|16
|
|t:|1776090404
|-end|p2a: Iron Treads|Quark Drive|[silent]
|switch|p2a: Slowking|Slowking-Galar, M|100/100
|move|p1a: Dragonite|Earthquake|p2a: Slowking
|-supereffective|p2a: Slowking
|-damage|p2a: Slowking|0 fnt
|faint|p2a: Slowking
|
|upkeep
|
|t:|1776090408
|switch|p2a: Zapdos|Zapdos|35/100
|turn|17
|
|t:|1776090414
|-terastallize|p2a: Zapdos|Steel
|move|p1a: Dragonite|Ice Spinner|p2a: Zapdos
|-resisted|p2a: Zapdos
|-damage|p2a: Zapdos|18/100
|move|p2a: Zapdos|Thunder Wave|p1a: Dragonite
|-status|p1a: Dragonite|par
|
|upkeep
|turn|18
|
|t:|1776090424
|move|p2a: Zapdos|Roost|p2a: Zapdos
|-heal|p2a: Zapdos|68/100
|move|p1a: Dragonite|Earthquake|p2a: Zapdos
|-supereffective|p2a: Zapdos
|-damage|p2a: Zapdos|0 fnt
|faint|p2a: Zapdos
|
|upkeep
|
|t:|1776090428
|switch|p2a: Arcanine|Arcanine-Hisui, M|100/100
|turn|19
|
|t:|1776090436
|move|p2a: Arcanine|Head Smash|p1a: Dragonite
|-supereffective|p1a: Dragonite
|-damage|p1a: Dragonite|0 fnt
|faint|p1a: Dragonite
|-damage|p2a: Arcanine|55/100|[from] Recoil
|
|upkeep
|
|t:|1776090444
|switch|p1a: Zamazenta|Zamazenta|91/100
|turn|20
|l|☆Coldman1991
|inactive|Coldman1991 disconnected and has a minute to reconnect!
|player|p1|
|
|t:|1776090455
|switch|p2a: Serperior|Serperior, M|31/100
|move|p1a: Zamazenta|Substitute|p1a: Zamazenta
|-start|p1a: Zamazenta|Substitute
|-damage|p1a: Zamazenta|66/100
|
|-heal|p2a: Serperior|37/100|[from] item: Leftovers
|-heal|p1a: Zamazenta|72/100|[from] item: Leftovers
|upkeep
|turn|21
|inactive|Coldman1991 has 30 seconds to reconnect!
|inactive|Coldman1991 has 20 seconds to reconnect!
|inactive|Coldman1991 has 15 seconds to reconnect!
|inactive|Coldman1991 has 10 seconds to reconnect!
|inactive|Coldman1991 has 5 seconds to reconnect!
|-message|Coldman1991 lost due to inactivity.
|
|win|TwenteaSeven
|raw|Coldman1991's rating: 1371 &rarr; <strong>1348</strong><br />(-23 for losing)
|raw|TwenteaSeven's rating: 1316 &rarr; <strong>1339</strong><br />(+23 for winning)
|l|☆TwenteaSeven
|player|p2|
