|html|<div class="broadcast-blue"><strong>[Gen 9] OU is currently suspecting Tera Blast! For information on how to participate check out the <a href="https://www.smogon.com/tools/suspects/view/200">suspect thread</a>.</strong></div>
|j|☆AmygdalanResponse
|j|☆ghostoftheranch
|t:|1776227431
|gametype|singles
|player|p1|AmygdalanResponse|marshal|1454
|player|p2|ghostoftheranch|medium|1471
|gen|9
|tier|[Gen 9] OU
|rated|
|rule|HP Percentage Mod: HP is shown in percentages
|rule|Endless Battle Clause: Forcing endless battles is banned
|rule|Species Clause: Limit one of each Pokémon
|rule|OHKO Clause: OHKO moves are banned
|rule|Evasion Items Clause: Evasion items are banned
|rule|Evasion Moves Clause: Evasion moves are banned
|rule|Evasion Abilities Clause: Evasion abilities are banned
|rule|Sleep Moves Clause: Sleep-inducing moves are banned
|clearpoke
|poke|p1|Indeedee, M|
|poke|p1|Iron Boulder|
|poke|p1|Deoxys-Speed|
|poke|p1|Iron Valiant|
|poke|p1|Glimmora, M|
|poke|p1|Dragapult, M|
|poke|p2|Hoopa-Unbound|
|poke|p2|Salamence, F|
|poke|p2|Hatterene, F|
|poke|p2|Zamazenta-*|
|poke|p2|Iron Moth|
|poke|p2|Iron Treads|
|teampreview
|c|☆AmygdalanResponse|gl hf
|c|☆ghostoftheranch|u2
|
|t:|1776227450
|teamsize|p1|6
|teamsize|p2|6
|start
|switch|p1a: Glimmora|Glimmora, M|100/100
|switch|p2a: Iron Treads|Iron Treads|100/100
|turn|1
|inactive|Battle timer is ON: inactive players will automatically lose when time's up. (requested by ghostoftheranch)
|
|t:|1776227459
|move|p2a: Iron Treads|Stealth Rock|p1a: Glimmora
|-sidestart|p1: AmygdalanResponse|move: Stealth Rock
|move|p1a: Glimmora|Earth Power|p2a: Iron Treads
|-supereffective|p2a: Iron Treads
|-damage|p2a: Iron Treads|25/100
|
|-heal|p2a: Iron Treads|31/100|[from] item: Leftovers
|upkeep
|turn|2
|
|t:|1776227471
|move|p2a: Iron Treads|Earthquake|p1a: Glimmora
|-supereffective|p1a: Glimmora
|-enditem|p1a: Glimmora|Focus Sash
|-damage|p1a: Glimmora|1/100
|-activate|p1a: Glimmora|ability: Toxic Debris
|-sidestart|p2: ghostoftheranch|move: Toxic Spikes
|move|p1a: Glimmora|Earth Power|p2a: Iron Treads
|-supereffective|p2a: Iron Treads
|-damage|p2a: Iron Treads|0 fnt
|faint|p2a: Iron Treads
|-end|p2a: Iron Treads|Quark Drive|[silent]
|
|upkeep
|
|t:|1776227485
|switch|p2a: Iron Moth|Iron Moth|100/100
|-sideend|p2: ghostoftheranch|move: Toxic Spikes|[of] p2a: Iron Moth
|-enditem|p2a: Iron Moth|Booster Energy
|-activate|p2a: Iron Moth|ability: Quark Drive|[fromitem]
|-start|p2a: Iron Moth|quarkdrivespe
|turn|3
|
|t:|1776227499
|move|p2a: Iron Moth|Fiery Dance|p1a: Glimmora
|-resisted|p1a: Glimmora
|-damage|p1a: Glimmora|0 fnt
|-boost|p2a: Iron Moth|spa|1
|faint|p1a: Glimmora
|
|upkeep
|
|t:|1776227501
|switch|p1a: Indeedee|Indeedee, M|100/100
|-damage|p1a: Indeedee|88/100|[from] Stealth Rock
|-fieldstart|move: Psychic Terrain|[from] ability: Psychic Surge|[of] p1a: Indeedee
|turn|4
|inactive|ghostoftheranch has 120 seconds left.
|
|t:|1776227531
|-end|p2a: Iron Moth|Quark Drive|[silent]
|switch|p2a: Hoopa|Hoopa-Unbound|100/100
|move|p1a: Indeedee|Expanding Force|p2a: Hoopa
|-immune|p2a: Hoopa
|
|upkeep
|turn|5
|
|t:|1776227541
|move|p1a: Indeedee|Dazzling Gleam|p2a: Hoopa
|-supereffective|p2a: Hoopa
|-damage|p2a: Hoopa|76/100
|move|p2a: Hoopa|Knock Off|p1a: Indeedee
|-supereffective|p1a: Indeedee
|-damage|p1a: Indeedee|0 fnt
|-enditem|p1a: Indeedee|Terrain Extender|[from] move: Knock Off|[of] p2a: Hoopa
|faint|p1a: Indeedee
|
|upkeep
|
|t:|1776227546
|switch|p1a: Iron Valiant|Iron Valiant|100/100
|-damage|p1a: Iron Valiant|94/100|[from] Stealth Rock
|-enditem|p1a: Iron Valiant|Booster Energy
|-activate|p1a: Iron Valiant|ability: Quark Drive|[fromitem]
|-start|p1a: Iron Valiant|quarkdrivespe
|turn|6
|
|t:|1776227558
|move|p1a: Iron Valiant|Encore|p2a: Hoopa
|-start|p2a: Hoopa|Encore
|move|p2a: Hoopa|Knock Off|p1a: Iron Valiant
|-resisted|p1a: Iron Valiant
|-damage|p1a: Iron Valiant|83/100
|
|upkeep
|turn|7
|
|t:|1776227566
|switch|p2a: Iron Moth|Iron Moth|100/100
|move|p1a: Iron Valiant|Calm Mind|p1a: Iron Valiant
|-boost|p1a: Iron Valiant|spa|1
|-boost|p1a: Iron Valiant|spd|1
|
|upkeep
|turn|8
|
|t:|1776227572
|move|p1a: Iron Valiant|Psyshock|p2a: Iron Moth
|-supereffective|p2a: Iron Moth
|-damage|p2a: Iron Moth|0 fnt
|faint|p2a: Iron Moth
|-end|p2a: Iron Moth|Quark Drive|[silent]
|
|upkeep
|
|t:|1776227592
|switch|p2a: Hatterene|Hatterene, F|100/100
|turn|9
|
|t:|1776227598
|move|p1a: Iron Valiant|Moonblast|p2a: Hatterene
|-damage|p2a: Hatterene|27/100
|-unboost|p2a: Hatterene|spa|1
|move|p2a: Hatterene|Draining Kiss|p1a: Iron Valiant
|-supereffective|p1a: Iron Valiant
|-damage|p1a: Iron Valiant|48/100
|-heal|p2a: Hatterene|52/100|[from] drain|[of] p1a: Iron Valiant
|
|upkeep
|turn|10
|
|t:|1776227613
|move|p1a: Iron Valiant|Moonblast|p2a: Hatterene
|-damage|p2a: Hatterene|0 fnt
|faint|p2a: Hatterene
|
|upkeep
|inactive|ghostoftheranch has 120 seconds left.
|
|t:|1776227632
|switch|p2a: Hoopa|Hoopa-Unbound|76/100
|turn|11
|
|t:|1776227640
|-terastallize|p2a: Hoopa|Fairy
|move|p1a: Iron Valiant|Moonblast|p2a: Hoopa
|-damage|p2a: Hoopa|43/100
|move|p2a: Hoopa|Psychic Noise|p1a: Iron Valiant
|-supereffective|p1a: Iron Valiant
|-damage|p1a: Iron Valiant|0 fnt
|faint|p1a: Iron Valiant
|-end|p1a: Iron Valiant|Quark Drive|[silent]
|
|-fieldend|move: Psychic Terrain
|upkeep
|
|t:|1776227657
|switch|p1a: Iron Boulder|Iron Boulder|100/100
|-damage|p1a: Iron Boulder|88/100|[from] Stealth Rock
|-enditem|p1a: Iron Boulder|Booster Energy
|-activate|p1a: Iron Boulder|ability: Quark Drive|[fromitem]
|-start|p1a: Iron Boulder|quarkdrivespe
|turn|12
|
|t:|1776227670
|switch|p2a: Salamence|Salamence, F|100/100
|-ability|p2a: Salamence|Intimidate|boost
|-unboost|p1a: Iron Boulder|atk|1
|-terastallize|p1a: Iron Boulder|Ground
|move|p1a: Iron Boulder|Swords Dance|p1a: Iron Boulder
|-boost|p1a: Iron Boulder|atk|2
|
|upkeep
|turn|13
|
|t:|1776227673
|move|p1a: Iron Boulder|Mighty Cleave|p2a: Salamence
|-supereffective|p2a: Salamence
|-damage|p2a: Salamence|0 fnt
|faint|p2a: Salamence
|
|upkeep
|
|t:|1776227679
|switch|p2a: Zamazenta|Zamazenta|100/100
|-ability|p2a: Zamazenta|Dauntless Shield|boost
|-boost|p2a: Zamazenta|def|1
|turn|14
|
|t:|1776227684
|move|p1a: Iron Boulder|Zen Headbutt|p2a: Zamazenta
|-supereffective|p2a: Zamazenta
|-damage|p2a: Zamazenta|27/100
|move|p2a: Zamazenta|Ice Fang|p1a: Iron Boulder
|-supereffective|p1a: Iron Boulder
|-damage|p1a: Iron Boulder|24/100
|
|upkeep
|turn|15
|
|t:|1776227692
|move|p1a: Iron Boulder|Earthquake|p2a: Zamazenta
|-damage|p2a: Zamazenta|0 fnt
|faint|p2a: Zamazenta
|
|upkeep
|
|t:|1776227703
|switch|p2a: Hoopa|Hoopa-Unbound, tera:Fairy|43/100
|turn|16
|
|t:|1776227706
|move|p1a: Iron Boulder|Earthquake|p2a: Hoopa
|-damage|p2a: Hoopa|0 fnt
|faint|p2a: Hoopa
|
|win|AmygdalanResponse
|raw|AmygdalanResponse's rating: 1454 &rarr; <strong>1475</strong><br />(+21 for winning)
|raw|ghostoftheranch's rating: 1471 &rarr; <strong>1450</strong><br />(-21 for losing)
|l|☆ghostoftheranch
|player|p2|
