|html|<div class="broadcast-blue"><strong>[Gen 9] OU is currently suspecting Tera Blast! For information on how to participate check out the <a href="https://www.smogon.com/tools/suspects/view/200">suspect thread</a>.</strong></div>
|j|☆Santino655
|j|☆rock 199228
|t:|1776215034
|gametype|singles
|player|p1|Santino655|gambler|1101
|player|p2|rock 199228|morty-masters|1143
|gen|9
|tier|[Gen 9] OU
|rated|
|rule|HP Percentage Mod: HP is shown in percentages
|rule|Endless Battle Clause: Forcing endless battles is banned
|rule|Species Clause: Limit one of each Pokémon
|rule|OHKO Clause: OHKO moves are banned
|rule|Evasion Items Clause: Evasion items are banned
|rule|Evasion Moves Clause: Evasion moves are banned
|rule|Evasion Abilities Clause: Evasion abilities are banned
|rule|Sleep Moves Clause: Sleep-inducing moves are banned
|clearpoke
|poke|p1|Regidrago|
|poke|p1|Dondozo, M|
|poke|p1|Porygon-Z|
|poke|p1|Corviknight, M|
|poke|p1|Clefable, F|
|poke|p1|Great Tusk|
|poke|p2|Moltres-Galar|
|poke|p2|Gholdengo|
|poke|p2|Samurott-Hisui, F|
|poke|p2|Smeargle, F|
|poke|p2|Zamazenta-*|
|poke|p2|Deoxys-Speed|
|teampreview
|inactive|Battle timer is ON: inactive players will automatically lose when time's up. (requested by rock 199228)
|j| ohko_smeargle
|
|t:|1776215047
|teamsize|p1|6
|teamsize|p2|6
|start
|switch|p1a: Regidrago|Regidrago|100/100
|switch|p2a: Gholdengo|Gholdengo|100/100
|turn|1
|
|t:|1776215055
|move|p2a: Gholdengo|Make It Rain|p1a: Regidrago
|-damage|p1a: Regidrago|36/100
|-unboost|p2a: Gholdengo|spa|1
|move|p1a: Regidrago|Earth Power|p2a: Gholdengo
|-supereffective|p2a: Gholdengo
|-damage|p2a: Gholdengo|40/100
|
|upkeep
|turn|2
|
|t:|1776215069
|move|p2a: Gholdengo|Make It Rain|p1a: Regidrago
|-damage|p1a: Regidrago|0 fnt
|-unboost|p2a: Gholdengo|spa|1
|faint|p1a: Regidrago
|
|upkeep
|
|t:|1776215085
|switch|p1a: Porygon-Z|Porygon-Z|100/100
|turn|3
|
|t:|1776215091
|switch|p2a: Deoxys|Deoxys-Speed|100/100
|-ability|p2a: Deoxys|Pressure
|move|p1a: Porygon-Z|Thunderbolt|p2a: Deoxys
|-damage|p2a: Deoxys|39/100
|-status|p2a: Deoxys|par
|
|upkeep
|turn|4
|
|t:|1776215100
|move|p1a: Porygon-Z|Thunderbolt|p2a: Deoxys
|-damage|p2a: Deoxys|0 fnt
|faint|p2a: Deoxys
|
|upkeep
|
|t:|1776215102
|switch|p2a: Zamazenta|Zamazenta|100/100
|-ability|p2a: Zamazenta|Dauntless Shield|boost
|-boost|p2a: Zamazenta|def|1
|turn|5
|
|t:|1776215109
|switch|p1a: Corviknight|Corviknight, M|100/100
|move|p2a: Zamazenta|Body Press|p1a: Corviknight
|-damage|p1a: Corviknight|61/100
|-damage|p2a: Zamazenta|84/100|[from] item: Rocky Helmet|[of] p1a: Corviknight
|
|-heal|p2a: Zamazenta|90/100|[from] item: Leftovers
|upkeep
|turn|6
|
|t:|1776215125
|move|p2a: Zamazenta|Iron Defense|p2a: Zamazenta
|-boost|p2a: Zamazenta|def|2
|move|p1a: Corviknight|Drill Peck|p2a: Zamazenta
|-supereffective|p2a: Zamazenta
|-crit|p2a: Zamazenta
|-damage|p2a: Zamazenta|16/100
|
|-heal|p2a: Zamazenta|22/100|[from] item: Leftovers
|upkeep
|turn|7
|
|t:|1776215136
|move|p2a: Zamazenta|Body Press|p1a: Corviknight
|-damage|p1a: Corviknight|0 fnt
|-damage|p2a: Zamazenta|5/100|[from] item: Rocky Helmet|[of] p1a: Corviknight
|faint|p1a: Corviknight
|
|-heal|p2a: Zamazenta|11/100|[from] item: Leftovers
|upkeep
|
|t:|1776215153
|switch|p1a: Clefable|Clefable, F|100/100
|turn|8
|
|t:|1776215158
|move|p2a: Zamazenta|Heavy Slam|p1a: Clefable
|-supereffective|p1a: Clefable
|-damage|p1a: Clefable|23/100
|move|p1a: Clefable|Chilling Water|p2a: Zamazenta
|-damage|p2a: Zamazenta|0 fnt
|faint|p2a: Zamazenta
|
|upkeep
|
|t:|1776215162
|switch|p2a: Samurott|Samurott-Hisui, F|100/100
|turn|9
|
|t:|1776215177
|move|p2a: Samurott|Razor Shell|p1a: Clefable
|-damage|p1a: Clefable|0 fnt
|faint|p1a: Clefable
|
|upkeep
|
|t:|1776215185
|switch|p1a: Porygon-Z|Porygon-Z|100/100
|turn|10
|
|t:|1776215188
|move|p1a: Porygon-Z|Thunderbolt|p2a: Samurott
|-supereffective|p2a: Samurott
|-enditem|p2a: Samurott|Focus Sash
|-damage|p2a: Samurott|1/100
|move|p2a: Samurott|Razor Shell|p1a: Porygon-Z|[miss]
|-miss|p2a: Samurott|p1a: Porygon-Z
|
|upkeep
|turn|11
|
|t:|1776215197
|move|p1a: Porygon-Z|Thunderbolt|p2a: Samurott
|-supereffective|p2a: Samurott
|-damage|p2a: Samurott|0 fnt
|faint|p2a: Samurott
|
|upkeep
|
|t:|1776215198
|switch|p2a: Gholdengo|Gholdengo|40/100
|turn|12
|
|t:|1776215205
|-terastallize|p2a: Gholdengo|Steel
|move|p2a: Gholdengo|Make It Rain|p1a: Porygon-Z
|-damage|p1a: Porygon-Z|0 fnt
|-unboost|p2a: Gholdengo|spa|1
|faint|p1a: Porygon-Z
|
|upkeep
|
|t:|1776215216
|switch|p1a: Dondozo|Dondozo, M|100/100
|turn|13
|
|t:|1776215219
|switch|p2a: Moltres|Moltres-Galar|100/100
|move|p1a: Dondozo|Wave Crash|p2a: Moltres
|-damage|p2a: Moltres|56/100
|-damage|p1a: Dondozo|91/100|[from] Recoil
|
|-heal|p1a: Dondozo|97/100|[from] item: Leftovers
|upkeep
|turn|14
|
|t:|1776215231
|move|p2a: Moltres|Hurricane|p1a: Dondozo|[miss]
|-miss|p2a: Moltres|p1a: Dondozo
|move|p1a: Dondozo|Curse|p1a: Dondozo
|-unboost|p1a: Dondozo|spe|1
|-boost|p1a: Dondozo|atk|1
|-boost|p1a: Dondozo|def|1
|
|-heal|p1a: Dondozo|100/100|[from] item: Leftovers
|upkeep
|turn|15
|
|t:|1776215241
|-terastallize|p1a: Dondozo|Water
|move|p2a: Moltres|Hurricane|p1a: Dondozo
|-damage|p1a: Dondozo|51/100
|move|p1a: Dondozo|Wave Crash|p2a: Moltres
|-damage|p2a: Moltres|0 fnt
|faint|p2a: Moltres
|-damage|p1a: Dondozo|40/100|[from] Recoil
|
|-heal|p1a: Dondozo|46/100|[from] item: Leftovers
|upkeep
|
|t:|1776215244
|switch|p2a: Gholdengo|Gholdengo, tera:Steel|40/100
|turn|16
|
|t:|1776215259
|move|p2a: Gholdengo|Shadow Ball|p1a: Dondozo
|-damage|p1a: Dondozo|4/100
|move|p1a: Dondozo|Rest|p1a: Dondozo
|-status|p1a: Dondozo|slp|[from] move: Rest
|-heal|p1a: Dondozo|100/100 slp|[silent]
|
|upkeep
|turn|17
|
|t:|1776215267
|move|p2a: Gholdengo|Shadow Ball|p1a: Dondozo
|-damage|p1a: Dondozo|59/100 slp
|cant|p1a: Dondozo|slp
|move|p1a: Dondozo|Sleep Talk|p1a: Dondozo
|move|p1a: Dondozo|Rest||[from] move: Sleep Talk|[still]
|-fail|p1a: Dondozo
|
|-heal|p1a: Dondozo|65/100 slp|[from] item: Leftovers
|upkeep
|turn|18
|
|t:|1776215280
|move|p2a: Gholdengo|Shadow Ball|p1a: Dondozo
|-damage|p1a: Dondozo|22/100 slp
|cant|p1a: Dondozo|slp
|move|p1a: Dondozo|Sleep Talk|p1a: Dondozo
|move|p1a: Dondozo|Rest||[from] move: Sleep Talk|[still]
|-fail|p1a: Dondozo
|
|-heal|p1a: Dondozo|28/100 slp|[from] item: Leftovers
|upkeep
|turn|19
|
|t:|1776215301
|move|p2a: Gholdengo|Shadow Ball|p1a: Dondozo
|-damage|p1a: Dondozo|0 fnt
|faint|p1a: Dondozo
|
|upkeep
|
|t:|1776215307
|switch|p1a: Great Tusk|Great Tusk|100/100
|turn|20
|
|t:|1776215313
|move|p2a: Gholdengo|Shadow Ball|p1a: Great Tusk
|-damage|p1a: Great Tusk|36/100
|move|p1a: Great Tusk|Headlong Rush|p2a: Gholdengo
|-supereffective|p2a: Gholdengo
|-damage|p2a: Gholdengo|0 fnt
|-unboost|p1a: Great Tusk|def|1
|-unboost|p1a: Great Tusk|spd|1
|faint|p2a: Gholdengo
|
|upkeep
|
|t:|1776215322
|switch|p2a: Smeargle|Smeargle, F|100/100
|turn|21
|
|t:|1776215326
|move|p1a: Great Tusk|Close Combat|p2a: Smeargle
|-supereffective|p2a: Smeargle
|-damage|p2a: Smeargle|0 fnt
|-unboost|p1a: Great Tusk|def|1
|-unboost|p1a: Great Tusk|spd|1
|faint|p2a: Smeargle
|
|win|Santino655
|raw|Santino655's rating: 1101 &rarr; <strong>1131</strong><br />(+30 for winning)
|raw|rock 199228's rating: 1166 &rarr; <strong>1136</strong><br />(-30 for losing)
|l| ohko_smeargle
|l|☆rock 199228
|player|p2|
