|html|<div class="broadcast-blue"><strong>[Gen 9] OU is currently suspecting Tera Blast! For information on how to participate check out the <a href="https://www.smogon.com/tools/suspects/view/200">suspect thread</a>.</strong></div>
|j|☆foamserver
|j|☆Kyrantox
|t:|1776338349
|gametype|singles
|player|p1|foamserver|hilbert|1192
|player|p2|Kyrantox|brycenman|1247
|gen|9
|tier|[Gen 9] OU
|rated|
|rule|HP Percentage Mod: HP is shown in percentages
|rule|Endless Battle Clause: Forcing endless battles is banned
|rule|Species Clause: Limit one of each Pokémon
|rule|OHKO Clause: OHKO moves are banned
|rule|Evasion Items Clause: Evasion items are banned
|rule|Evasion Moves Clause: Evasion moves are banned
|rule|Evasion Abilities Clause: Evasion abilities are banned
|rule|Sleep Moves Clause: Sleep-inducing moves are banned
|clearpoke
|poke|p1|Alomomola, M|
|poke|p1|Ceruledge, M|
|poke|p1|Sudowoodo, L1, F|
|poke|p1|Torkoal, F|
|poke|p1|Scovillain, F|
|poke|p1|Quilladin, M|
|poke|p2|Deoxys-Speed|
|poke|p2|Gholdengo|
|poke|p2|Iron Treads|
|poke|p2|Dragonite, M|
|poke|p2|Iron Moth|
|poke|p2|Samurott-Hisui, M|
|teampreview
|
|t:|1776338361
|teamsize|p1|6
|teamsize|p2|6
|start
|switch|p1a: 固拉多|Torkoal, F|100/100
|switch|p2a: Lost in the Night|Samurott-Hisui, M|100/100
|-weather|SunnyDay|[from] ability: Drought|[of] p1a: 固拉多
|turn|1
|
|t:|1776338369
|move|p2a: Lost in the Night|Razor Shell|p1a: 固拉多
|-supereffective|p1a: 固拉多
|-damage|p1a: 固拉多|60/100
|move|p1a: 固拉多|Solar Beam||[still]
|-prepare|p1a: 固拉多|Solar Beam
|-anim|p1a: 固拉多|Solar Beam|p2a: Lost in the Night
|-supereffective|p2a: Lost in the Night
|-enditem|p2a: Lost in the Night|Focus Sash
|-damage|p2a: Lost in the Night|1/100
|
|-weather|SunnyDay|[upkeep]
|upkeep
|turn|2
|
|t:|1776338384
|switch|p1a: 粉色翻车鱼|Alomomola, M|100/100
|move|p2a: Lost in the Night|Ceaseless Edge|p1a: 粉色翻车鱼
|-damage|p1a: 粉色翻车鱼|73/100
|-damage|p2a: Lost in the Night|0 fnt|[from] item: Rocky Helmet|[of] p1a: 粉色翻车鱼
|faint|p2a: Lost in the Night
|
|-weather|SunnyDay|[upkeep]
|upkeep
|
|t:|1776338413
|switch|p2a: Speed speed boy|Deoxys-Speed|100/100
|-ability|p2a: Speed speed boy|Pressure
|turn|3
|
|t:|1776338424
|move|p1a: 粉色翻车鱼|Protect|p1a: 粉色翻车鱼
|-singleturn|p1a: 粉色翻车鱼|Protect
|move|p2a: Speed speed boy|Knock Off|p1a: 粉色翻车鱼
|-activate|p1a: 粉色翻车鱼|move: Protect
|
|-weather|SunnyDay|[upkeep]
|upkeep
|turn|4
|
|t:|1776338433
|move|p2a: Speed speed boy|Knock Off|p1a: 粉色翻车鱼
|-damage|p1a: 粉色翻车鱼|56/100
|-damage|p2a: Speed speed boy|84/100|[from] item: Rocky Helmet|[of] p1a: 粉色翻车鱼
|-enditem|p1a: 粉色翻车鱼|Rocky Helmet|[from] move: Knock Off|[of] p2a: Speed speed boy
|-damage|p2a: Speed speed boy|74/100|[from] item: Life Orb
|move|p1a: 粉色翻车鱼|Flip Turn|p2a: Speed speed boy
|-damage|p2a: Speed speed boy|60/100
|inactive|Battle timer is ON: inactive players will automatically lose when time's up. (requested by Kyrantox)
|
|t:|1776338465
|switch|p1a: 喜欢伊布|Quilladin, M|100/100|[from] Flip Turn
|
|-weather|SunnyDay|[upkeep]
|upkeep
|turn|5
|
|t:|1776338473
|move|p2a: Speed speed boy|Ice Beam|p1a: 喜欢伊布
|-supereffective|p1a: 喜欢伊布
|-damage|p1a: 喜欢伊布|38/100
|-damage|p2a: Speed speed boy|50/100|[from] item: Life Orb
|move|p1a: 喜欢伊布|Leech Seed|p2a: Speed speed boy
|-start|p2a: Speed speed boy|move: Leech Seed
|
|-weather|SunnyDay|[upkeep]
|-damage|p2a: Speed speed boy|38/100|[from] Leech Seed|[of] p1a: 喜欢伊布
|-heal|p1a: 喜欢伊布|50/100|[silent]
|upkeep
|turn|6
|
|t:|1776338482
|switch|p1a: 赛富豪-破产版|Sudowoodo, L1, F|100/100
|move|p2a: Speed speed boy|Ice Beam|p1a: 赛富豪-破产版
|-ability|p1a: 赛富豪-破产版|Sturdy
|-damage|p1a: 赛富豪-破产版|9/100
|-damage|p2a: Speed speed boy|28/100|[from] item: Life Orb
|
|-weather|SunnyDay|[upkeep]
|-damage|p2a: Speed speed boy|15/100|[from] Leech Seed|[of] p1a: 赛富豪-破产版
|-heal|p1a: 赛富豪-破产版|100/100|[silent]
|upkeep
|turn|7
|inactive|Kyrantox has 120 seconds left.
|
|t:|1776338518
|switch|p2a: Night of Fire|Iron Moth|100/100
|-enditem|p2a: Night of Fire|Booster Energy
|-activate|p2a: Night of Fire|ability: Quark Drive|[fromitem]
|-start|p2a: Night of Fire|quarkdrivespe
|move|p1a: 赛富豪-破产版|Endeavor|p2a: Night of Fire
|-damage|p2a: Night of Fire|4/100
|
|-weather|SunnyDay|[upkeep]
|upkeep
|turn|8
|inactive|Kyrantox has 120 seconds left.
|
|t:|1776338530
|switch|p1a: 1/2奥米加兽|Ceruledge, M|100/100
|move|p2a: Night of Fire|Sludge Wave|p1a: 1/2奥米加兽
|-resisted|p1a: 1/2奥米加兽
|-damage|p1a: 1/2奥米加兽|73/100
|
|-weather|none
|upkeep
|turn|9
|inactive|Kyrantox has 120 seconds left.
|
|t:|1776338546
|-end|p2a: Night of Fire|Quark Drive|[silent]
|switch|p2a: Déjà vu|Iron Treads|100/100
|-enditem|p2a: Déjà vu|Booster Energy
|-activate|p2a: Déjà vu|ability: Quark Drive|[fromitem]
|-start|p2a: Déjà vu|quarkdrivespe
|move|p1a: 1/2奥米加兽|Shadow Sneak|p2a: Déjà vu
|-damage|p2a: Déjà vu|85/100
|
|upkeep
|turn|10
|
|t:|1776338564
|switch|p1a: 粉色翻车鱼|Alomomola, M|90/100
|move|p2a: Déjà vu|Stealth Rock|p1a: 粉色翻车鱼
|-sidestart|p1: foamserver|move: Stealth Rock
|
|upkeep
|turn|11
|inactive|Kyrantox has 120 seconds left.
|
|t:|1776338572
|-end|p2a: Déjà vu|Quark Drive|[silent]
|switch|p2a: Golden Age|Gholdengo|100/100
|-item|p2a: Golden Age|Air Balloon
|move|p1a: 粉色翻车鱼|Flip Turn|p2a: Golden Age
|-damage|p2a: Golden Age|89/100
|-enditem|p2a: Golden Age|Air Balloon
|
|t:|1776338579
|switch|p1a: 固拉多|Torkoal, F|60/100|[from] Flip Turn
|-damage|p1a: 固拉多|35/100|[from] Stealth Rock
|-weather|SunnyDay|[from] ability: Drought|[of] p1a: 固拉多
|
|-weather|SunnyDay|[upkeep]
|upkeep
|turn|12
|
|t:|1776338588
|move|p2a: Golden Age|Shadow Ball|p1a: 固拉多
|-damage|p1a: 固拉多|0 fnt
|faint|p1a: 固拉多
|
|-weather|SunnyDay|[upkeep]
|upkeep
|
|t:|1776338596
|switch|p1a: 1/2奥米加兽|Ceruledge, M|73/100
|-damage|p1a: 1/2奥米加兽|48/100|[from] Stealth Rock
|turn|13
|
|t:|1776338612
|-terastallize|p1a: 1/2奥米加兽|Fire
|move|p1a: 1/2奥米加兽|Bitter Blade|p2a: Golden Age
|-supereffective|p2a: Golden Age
|-damage|p2a: Golden Age|0 fnt
|-heal|p1a: 1/2奥米加兽|100/100|[from] drain|[of] p2a: Golden Age
|faint|p2a: Golden Age
|
|-weather|SunnyDay|[upkeep]
|upkeep
|
|t:|1776338629
|switch|p2a: Déjà vu|Iron Treads|85/100
|turn|14
|
|t:|1776338636
|move|p2a: Déjà vu|Earthquake|p1a: 1/2奥米加兽
|-supereffective|p1a: 1/2奥米加兽
|-enditem|p1a: 1/2奥米加兽|Focus Sash
|-damage|p1a: 1/2奥米加兽|1/100
|move|p1a: 1/2奥米加兽|Bitter Blade|p2a: Déjà vu
|-supereffective|p2a: Déjà vu
|-damage|p2a: Déjà vu|0 fnt
|-heal|p1a: 1/2奥米加兽|57/100|[from] drain|[of] p2a: Déjà vu
|faint|p2a: Déjà vu
|-end|p2a: Déjà vu|Quark Drive|[silent]
|
|-weather|SunnyDay|[upkeep]
|upkeep
|inactive|Kyrantox has 120 seconds left.
|
|t:|1776338668
|switch|p2a: Night of Fire|Iron Moth|4/100
|turn|15
|
|t:|1776338674
|move|p1a: 1/2奥米加兽|Shadow Sneak|p2a: Night of Fire
|-damage|p2a: Night of Fire|0 fnt
|faint|p2a: Night of Fire
|-end|p2a: Night of Fire|Quark Drive|[silent]
|
|-weather|SunnyDay|[upkeep]
|upkeep
|
|t:|1776338682
|switch|p2a: Gas Gas Gas|Dragonite, M|100/100
|turn|16
|inactive|Kyrantox has 120 seconds left.
|
|t:|1776338689
|move|p1a: 1/2奥米加兽|Poltergeist|p2a: Gas Gas Gas
|-activate|p2a: Gas Gas Gas|move: Poltergeist|Heavy-Duty Boots
|-damage|p2a: Gas Gas Gas|69/100
|move|p2a: Gas Gas Gas|Dragon Dance|p2a: Gas Gas Gas
|-boost|p2a: Gas Gas Gas|atk|1
|-boost|p2a: Gas Gas Gas|spe|1
|
|-weather|SunnyDay|[upkeep]
|upkeep
|turn|17
|
|t:|1776338700
|move|p1a: 1/2奥米加兽|Shadow Sneak|p2a: Gas Gas Gas
|-damage|p2a: Gas Gas Gas|45/100
|move|p2a: Gas Gas Gas|Earthquake|p1a: 1/2奥米加兽
|-supereffective|p1a: 1/2奥米加兽
|-damage|p1a: 1/2奥米加兽|0 fnt
|faint|p1a: 1/2奥米加兽
|
|-weather|SunnyDay|[upkeep]
|upkeep
|
|t:|1776338710
|switch|p1a: 粉色翻车鱼|Alomomola, M|100/100
|-damage|p1a: 粉色翻车鱼|88/100|[from] Stealth Rock
|turn|18
|
|t:|1776338715
|move|p2a: Gas Gas Gas|Earthquake|p1a: 粉色翻车鱼
|-damage|p1a: 粉色翻车鱼|59/100
|move|p1a: 粉色翻车鱼|Wish|p1a: 粉色翻车鱼
|
|-weather|none
|upkeep
|turn|19
|
|t:|1776338728
|move|p2a: Gas Gas Gas|Earthquake|p1a: 粉色翻车鱼
|-damage|p1a: 粉色翻车鱼|30/100
|move|p1a: 粉色翻车鱼|Flip Turn|p2a: Gas Gas Gas
|-resisted|p2a: Gas Gas Gas
|-damage|p2a: Gas Gas Gas|35/100
|
|t:|1776338735
|switch|p1a: 赛富豪-破产版|Sudowoodo, L1, F|100/100|[from] Flip Turn
|-damage|p1a: 赛富豪-破产版|92/100|[from] Stealth Rock
|
|-heal|p1a: 赛富豪-破产版|100/100|[from] move: Wish|[wisher] 粉色翻车鱼
|upkeep
|turn|20
|
|t:|1776338743
|switch|p2a: Speed speed boy|Deoxys-Speed|15/100
|-ability|p2a: Speed speed boy|Pressure
|move|p1a: 赛富豪-破产版|Endeavor|p2a: Speed speed boy
|-damage|p2a: Speed speed boy|5/100
|
|upkeep
|turn|21
|
|t:|1776338764
|move|p2a: Speed speed boy|Superpower|p1a: 赛富豪-破产版
|-supereffective|p1a: 赛富豪-破产版
|-ability|p1a: 赛富豪-破产版|Sturdy
|-damage|p1a: 赛富豪-破产版|9/100
|-unboost|p2a: Speed speed boy|atk|1
|-unboost|p2a: Speed speed boy|def|1
|-damage|p2a: Speed speed boy|0 fnt|[from] item: Life Orb
|faint|p2a: Speed speed boy
|move|p1a: 赛富豪-破产版|Foul Play|p2: Speed speed boy|[notarget]
|-fail|p1a: 赛富豪-破产版
|
|upkeep
|
|t:|1776338774
|switch|p2a: Gas Gas Gas|Dragonite, M|35/100
|turn|22
|
|t:|1776338782
|move|p2a: Gas Gas Gas|Dragon Dance|p2a: Gas Gas Gas
|-boost|p2a: Gas Gas Gas|atk|1
|-boost|p2a: Gas Gas Gas|spe|1
|move|p1a: 赛富豪-破产版|Endeavor|p2a: Gas Gas Gas
|-damage|p2a: Gas Gas Gas|1/100
|-heal|p1a: 赛富豪-破产版|100/100|[from] item: Shell Bell|[of] p2a: Gas Gas Gas
|
|upkeep
|turn|23
|-message|Kyrantox forfeited.
|
|win|foamserver
|raw|foamserver's rating: 1192 &rarr; <strong>1221</strong><br />(+29 for winning)
|raw|Kyrantox's rating: 1247 &rarr; <strong>1218</strong><br />(-29 for losing)
|l|☆Kyrantox
|player|p2|
