|html|<div class="broadcast-blue"><strong>[Gen 9] OU is currently suspecting Tera Blast! For information on how to participate check out the <a href="https://www.smogon.com/tools/suspects/view/200">suspect thread</a>.</strong></div>
|j|☆NaokiS2✧˖°.
|j|☆barbaricchild68
|t:|1776098216
|gametype|singles
|player|p1|NaokiS2✧˖°.|dana|1243
|player|p2|barbaricchild68|petrel|1165
|gen|9
|tier|[Gen 9] OU
|rated|
|rule|HP Percentage Mod: HP is shown in percentages
|rule|Endless Battle Clause: Forcing endless battles is banned
|rule|Species Clause: Limit one of each Pokémon
|rule|OHKO Clause: OHKO moves are banned
|rule|Evasion Items Clause: Evasion items are banned
|rule|Evasion Moves Clause: Evasion moves are banned
|rule|Evasion Abilities Clause: Evasion abilities are banned
|rule|Sleep Moves Clause: Sleep-inducing moves are banned
|clearpoke
|poke|p1|Zamazenta-*|
|poke|p1|Ting-Lu|
|poke|p1|Weezing-Galar, F|
|poke|p1|Kyurem|
|poke|p1|Samurott-Hisui, F|
|poke|p1|Landorus-Therian, M|
|poke|p2|Kyurem|
|poke|p2|Cinderace, F|
|poke|p2|Tornadus-Therian, M|
|poke|p2|Hatterene, F|
|poke|p2|Great Tusk|
|poke|p2|Kingambit, F|
|teampreview
|inactive|Battle timer is ON: inactive players will automatically lose when time's up. (requested by barbaricchild68)
|
|t:|1776098233
|teamsize|p1|6
|teamsize|p2|6
|start
|switch|p1a: Samurott|Samurott-Hisui, F|100/100
|switch|p2a: Hatterene|Hatterene, F|100/100
|turn|1
|
|t:|1776098248
|move|p1a: Samurott|Flip Turn|p2a: Hatterene
|-damage|p2a: Hatterene|79/100
|
|t:|1776098252
|switch|p1a: Landorus|Landorus-Therian, M|100/100|[from] Flip Turn
|-ability|p1a: Landorus|Intimidate|boost
|-unboost|p2a: Hatterene|atk|1
|move|p2a: Hatterene|Nuzzle|p1a: Landorus
|-immune|p1a: Landorus
|
|-heal|p2a: Hatterene|85/100|[from] item: Leftovers
|upkeep
|turn|2
|
|t:|1776098269
|move|p1a: Landorus|U-turn|p2a: Hatterene
|-damage|p2a: Hatterene|67/100
|
|t:|1776098274
|switch|p1a: Ting-Lu|Ting-Lu|100/100|[from] U-turn
|-ability|p1a: Ting-Lu|Vessel of Ruin
|move|p2a: Hatterene|Pain Split|p1a: Ting-Lu
|-sethp|p1a: Ting-Lu|71/100|[from] move: Pain Split|[silent]
|-sethp|p2a: Hatterene|100/100|[from] move: Pain Split
|
|-heal|p1a: Ting-Lu|77/100|[from] item: Leftovers
|upkeep
|turn|3
|
|t:|1776098282
|move|p1a: Ting-Lu|Earthquake|p2a: Hatterene
|-damage|p2a: Hatterene|71/100
|move|p2a: Hatterene|Draining Kiss|p1a: Ting-Lu
|-supereffective|p1a: Ting-Lu
|-damage|p1a: Ting-Lu|57/100
|-heal|p2a: Hatterene|95/100|[from] drain|[of] p1a: Ting-Lu
|
|-heal|p1a: Ting-Lu|64/100|[from] item: Leftovers
|-heal|p2a: Hatterene|100/100|[from] item: Leftovers
|upkeep
|turn|4
|
|t:|1776098291
|move|p1a: Ting-Lu|Earthquake|p2a: Hatterene
|-damage|p2a: Hatterene|66/100
|move|p2a: Hatterene|Draining Kiss|p1a: Ting-Lu
|-supereffective|p1a: Ting-Lu
|-damage|p1a: Ting-Lu|43/100
|-heal|p2a: Hatterene|92/100|[from] drain|[of] p1a: Ting-Lu
|
|-heal|p1a: Ting-Lu|49/100|[from] item: Leftovers
|-heal|p2a: Hatterene|98/100|[from] item: Leftovers
|upkeep
|turn|5
|
|t:|1776098303
|move|p1a: Ting-Lu|Earthquake|p2a: Hatterene
|-damage|p2a: Hatterene|68/100
|move|p2a: Hatterene|Draining Kiss|p1a: Ting-Lu
|-supereffective|p1a: Ting-Lu
|-damage|p1a: Ting-Lu|29/100
|-heal|p2a: Hatterene|92/100|[from] drain|[of] p1a: Ting-Lu
|
|-heal|p1a: Ting-Lu|35/100|[from] item: Leftovers
|-heal|p2a: Hatterene|98/100|[from] item: Leftovers
|upkeep
|turn|6
|
|t:|1776098313
|move|p1a: Ting-Lu|Rest|p1a: Ting-Lu
|-status|p1a: Ting-Lu|slp|[from] move: Rest
|-heal|p1a: Ting-Lu|100/100 slp|[silent]
|move|p2a: Hatterene|Draining Kiss|p1a: Ting-Lu
|-supereffective|p1a: Ting-Lu
|-damage|p1a: Ting-Lu|83/100 slp
|-heal|p2a: Hatterene|100/100|[from] drain|[of] p1a: Ting-Lu
|
|-heal|p1a: Ting-Lu|89/100 slp|[from] item: Leftovers
|upkeep
|turn|7
|
|t:|1776098327
|switch|p2a: Great Tusk|Great Tusk|100/100
|cant|p1a: Ting-Lu|slp
|move|p1a: Ting-Lu|Sleep Talk|p1a: Ting-Lu
|move|p1a: Ting-Lu|Earthquake|p2a: Great Tusk|[from] move: Sleep Talk
|-damage|p2a: Great Tusk|77/100
|
|-heal|p1a: Ting-Lu|95/100 slp|[from] item: Leftovers
|upkeep
|turn|8
|
|t:|1776098341
|switch|p1a: Landorus|Landorus-Therian, M|100/100
|-ability|p1a: Landorus|Intimidate|boost
|-unboost|p2a: Great Tusk|atk|1
|move|p2a: Great Tusk|Ice Spinner|p1a: Landorus
|-supereffective|p1a: Landorus
|-damage|p1a: Landorus|44/100
|-damage|p2a: Great Tusk|61/100|[from] item: Rocky Helmet|[of] p1a: Landorus
|
|upkeep
|turn|9
|
|t:|1776098354
|-end|p2a: Great Tusk|Protosynthesis|[silent]
|switch|p2a: Tornadus|Tornadus-Therian, M|100/100
|move|p1a: Landorus|U-turn|p2a: Tornadus
|-resisted|p2a: Tornadus
|-damage|p2a: Tornadus|89/100
|
|t:|1776098363
|switch|p1a: Samurott|Samurott-Hisui, F|100/100|[from] U-turn
|
|upkeep
|turn|10
|l|☆NaokiS2✧˖°.
|inactive|NaokiS2✧˖°. disconnected and has a minute to reconnect!
|player|p1|
|j|☆NaokiS2✧˖°.
|inactive|NaokiS2✧˖°. reconnected and has 120 seconds left.
|player|p1|NaokiS2✧˖°.|dana|
|
|t:|1776098402
|move|p1a: Samurott|Ceaseless Edge|p2a: Tornadus
|-damage|p2a: Tornadus|31/100
|-sidestart|p2: barbaricchild68|Spikes
|move|p2a: Tornadus|U-turn|p1a: Samurott
|-supereffective|p1a: Samurott
|-damage|p1a: Samurott|64/100
|
|t:|1776098414
|switch|p2a: Great Tusk|Great Tusk|61/100|[from] U-turn
|-damage|p2a: Great Tusk|48/100|[from] Spikes
|
|upkeep
|turn|11
|
|t:|1776098422
|switch|p1a: Landorus|Landorus-Therian, M|44/100
|-ability|p1a: Landorus|Intimidate|boost
|-unboost|p2a: Great Tusk|atk|1
|move|p2a: Great Tusk|Rapid Spin|p1a: Landorus
|-damage|p1a: Landorus|34/100
|-boost|p2a: Great Tusk|spe|1
|-damage|p2a: Great Tusk|32/100|[from] item: Rocky Helmet|[of] p1a: Landorus
|-sideend|p2: barbaricchild68|Spikes|[from] move: Rapid Spin|[of] p2a: Great Tusk
|
|upkeep
|turn|12
|
|t:|1776098431
|switch|p1a: Kyurem|Kyurem|100/100
|-ability|p1a: Kyurem|Pressure
|move|p2a: Great Tusk|Ice Spinner|p1a: Kyurem
|-damage|p1a: Kyurem|84/100
|
|upkeep
|turn|13
|
|t:|1776098439
|move|p2a: Great Tusk|Stealth Rock|p1a: Kyurem
|-sidestart|p1: NaokiS2✧˖°.|move: Stealth Rock
|move|p1a: Kyurem|Icicle Spear|p2a: Great Tusk
|-supereffective|p2a: Great Tusk
|-damage|p2a: Great Tusk|12/100
|-supereffective|p2a: Great Tusk
|-damage|p2a: Great Tusk|0 fnt
|faint|p2a: Great Tusk
|-end|p2a: Great Tusk|Protosynthesis|[silent]
|-hitcount|p2: Great Tusk|2
|
|upkeep
|
|t:|1776098449
|switch|p2a: Cinderace|Cinderace, F|100/100
|turn|14
|
|t:|1776098455
|move|p2a: Cinderace|Pyro Ball|p1a: Kyurem
|-damage|p1a: Kyurem|23/100
|move|p1a: Kyurem|Earth Power|p2a: Cinderace
|-supereffective|p2a: Cinderace
|-damage|p2a: Cinderace|25/100
|
|upkeep
|turn|15
|
|t:|1776098462
|switch|p1a: Weezing|Weezing-Galar, F|100/100
|-ability|p1a: Weezing|Neutralizing Gas
|move|p2a: Cinderace|Pyro Ball|p1a: Weezing
|-damage|p1a: Weezing|59/100
|
|upkeep
|turn|16
|
|t:|1776098474
|move|p2a: Cinderace|U-turn|p1a: Weezing
|-resisted|p1a: Weezing
|-damage|p1a: Weezing|56/100
|
|t:|1776098487
|switch|p2a: Kyurem|Kyurem|100/100|[from] U-turn
|move|p1a: Weezing|Defog|p2a: Kyurem
|-unboost|p2a: Kyurem|evasion|1
|-sideend|p1: NaokiS2✧˖°.|Stealth Rock|[from] move: Defog|[of] p1a: Weezing
|
|upkeep
|turn|17
|
|t:|1776098498
|move|p2a: Kyurem|Freeze-Dry|p1a: Weezing
|-damage|p1a: Weezing|0 fnt
|faint|p1a: Weezing
|-end|p1a: Weezing|ability: Neutralizing Gas
|-ability|p2a: Kyurem|Pressure
|
|upkeep
|
|t:|1776098504
|switch|p1a: Zamazenta|Zamazenta|100/100
|-ability|p1a: Zamazenta|Dauntless Shield|boost
|-boost|p1a: Zamazenta|def|1
|turn|18
|
|t:|1776098512
|switch|p2a: Hatterene|Hatterene, F|100/100
|move|p1a: Zamazenta|Crunch|p2a: Hatterene
|-damage|p2a: Hatterene|82/100
|
|-heal|p2a: Hatterene|88/100|[from] item: Leftovers
|upkeep
|turn|19
|
|t:|1776098520
|switch|p1a: Landorus|Landorus-Therian, M|34/100
|-ability|p1a: Landorus|Intimidate|boost
|-unboost|p2a: Hatterene|atk|1
|move|p2a: Hatterene|Nuzzle|p1a: Landorus
|-immune|p1a: Landorus
|
|-heal|p2a: Hatterene|94/100|[from] item: Leftovers
|upkeep
|turn|20
|
|t:|1776098534
|switch|p2a: Tornadus|Tornadus-Therian, M|64/100
|move|p1a: Landorus|Earth Power|p2a: Tornadus
|-immune|p2a: Tornadus
|
|upkeep
|turn|21
|
|t:|1776098547
|move|p2a: Tornadus|Knock Off|p1a: Landorus
|-damage|p1a: Landorus|13/100
|-damage|p2a: Tornadus|48/100|[from] item: Rocky Helmet|[of] p1a: Landorus
|-enditem|p1a: Landorus|Rocky Helmet|[from] move: Knock Off|[of] p2a: Tornadus
|move|p1a: Landorus|Earth Power|p2a: Tornadus
|-immune|p2a: Tornadus
|
|upkeep
|turn|22
|
|t:|1776098559
|switch|p1a: Ting-Lu|Ting-Lu|95/100 slp
|-ability|p1a: Ting-Lu|Vessel of Ruin
|move|p2a: Tornadus|Bleakwind Storm|p1a: Ting-Lu
|-damage|p1a: Ting-Lu|79/100 slp
|
|-heal|p1a: Ting-Lu|85/100 slp|[from] item: Leftovers
|upkeep
|turn|23
|
|t:|1776098573
|move|p2a: Tornadus|U-turn|p1a: Ting-Lu
|-supereffective|p1a: Ting-Lu
|-damage|p1a: Ting-Lu|68/100 slp
|
|t:|1776098576
|switch|p2a: Hatterene|Hatterene, F|94/100|[from] U-turn
|cant|p1a: Ting-Lu|slp
|move|p1a: Ting-Lu|Sleep Talk|p1a: Ting-Lu
|move|p1a: Ting-Lu|Rest||[from] move: Sleep Talk|[still]
|-fail|p1a: Ting-Lu
|
|-heal|p1a: Ting-Lu|74/100 slp|[from] item: Leftovers
|-heal|p2a: Hatterene|99/100|[from] item: Leftovers
|upkeep
|turn|24
|
|t:|1776098587
|-terastallize|p1a: Ting-Lu|Water
|-curestatus|p1a: Ting-Lu|slp|[msg]
|move|p1a: Ting-Lu|Earthquake|p2a: Hatterene
|-damage|p2a: Hatterene|67/100
|move|p2a: Hatterene|Draining Kiss|p1a: Ting-Lu
|-damage|p1a: Ting-Lu|64/100
|-heal|p2a: Hatterene|79/100|[from] drain|[of] p1a: Ting-Lu
|
|-heal|p1a: Ting-Lu|70/100|[from] item: Leftovers
|-heal|p2a: Hatterene|85/100|[from] item: Leftovers
|upkeep
|turn|25
|
|t:|1776098596
|move|p1a: Ting-Lu|Payback|p2a: Hatterene
|-damage|p2a: Hatterene|69/100
|move|p2a: Hatterene|Nuzzle|p1a: Ting-Lu
|-supereffective|p1a: Ting-Lu
|-damage|p1a: Ting-Lu|66/100
|-status|p1a: Ting-Lu|par
|
|-heal|p2a: Hatterene|75/100|[from] item: Leftovers
|-heal|p1a: Ting-Lu|72/100 par|[from] item: Leftovers
|upkeep
|turn|26
|
|t:|1776098604
|move|p2a: Hatterene|Psychic Noise|p1a: Ting-Lu
|-damage|p1a: Ting-Lu|58/100 par
|-start|p1a: Ting-Lu|move: Heal Block
|move|p1a: Ting-Lu|Payback|p2a: Hatterene
|-damage|p2a: Hatterene|42/100
|
|-heal|p2a: Hatterene|48/100|[from] item: Leftovers
|upkeep
|turn|27
|
|t:|1776098616
|move|p2a: Hatterene|Pain Split|p1a: Ting-Lu
|-sethp|p1a: Ting-Lu|44/100 par|[from] move: Pain Split|[silent]
|-sethp|p2a: Hatterene|71/100|[from] move: Pain Split
|move|p1a: Ting-Lu|Payback|p2a: Hatterene
|-damage|p2a: Hatterene|38/100
|
|-heal|p2a: Hatterene|44/100|[from] item: Leftovers
|-end|p1a: Ting-Lu|move: Heal Block
|upkeep
|turn|28
|
|t:|1776098624
|move|p2a: Hatterene|Draining Kiss|p1a: Ting-Lu
|-damage|p1a: Ting-Lu|34/100 par
|-heal|p2a: Hatterene|56/100|[from] drain|[of] p1a: Ting-Lu
|move|p1a: Ting-Lu|Payback|p2a: Hatterene
|-damage|p2a: Hatterene|22/100
|
|-heal|p2a: Hatterene|28/100|[from] item: Leftovers
|-heal|p1a: Ting-Lu|40/100 par|[from] item: Leftovers
|upkeep
|turn|29
|
|t:|1776098636
|move|p2a: Hatterene|Pain Split|p1a: Ting-Lu
|-sethp|p1a: Ting-Lu|29/100 par|[from] move: Pain Split|[silent]
|-sethp|p2a: Hatterene|46/100|[from] move: Pain Split
|cant|p1a: Ting-Lu|par
|
|-heal|p2a: Hatterene|52/100|[from] item: Leftovers
|-heal|p1a: Ting-Lu|35/100 par|[from] item: Leftovers
|upkeep
|turn|30
|
|t:|1776098643
|move|p2a: Hatterene|Psychic Noise|p1a: Ting-Lu
|-damage|p1a: Ting-Lu|22/100 par
|-start|p1a: Ting-Lu|move: Heal Block
|move|p1a: Ting-Lu|Payback|p2a: Hatterene
|-damage|p2a: Hatterene|20/100
|
|-heal|p2a: Hatterene|26/100|[from] item: Leftovers
|upkeep
|turn|31
|
|t:|1776098655
|switch|p2a: Kyurem|Kyurem|100/100
|-ability|p2a: Kyurem|Pressure
|cant|p1a: Ting-Lu|par
|
|-end|p1a: Ting-Lu|move: Heal Block
|upkeep
|turn|32
|
|t:|1776098665
|switch|p1a: Zamazenta|Zamazenta|100/100
|move|p2a: Kyurem|Freeze-Dry|p1a: Zamazenta
|-damage|p1a: Zamazenta|55/100
|
|-heal|p1a: Zamazenta|62/100|[from] item: Leftovers
|upkeep
|turn|33
|
|t:|1776098680
|switch|p2a: Kingambit|Kingambit, F|100/100
|-activate|p2a: Kingambit|ability: Supreme Overlord
|-start|p2a: Kingambit|fallen1|[silent]
|move|p1a: Zamazenta|Crunch|p2a: Kingambit
|-resisted|p2a: Kingambit
|-damage|p2a: Kingambit|93/100
|
|-heal|p1a: Zamazenta|68/100|[from] item: Leftovers
|-heal|p2a: Kingambit|99/100|[from] item: Leftovers
|upkeep
|turn|34
|
|t:|1776098692
|move|p1a: Zamazenta|Iron Defense|p1a: Zamazenta
|-boost|p1a: Zamazenta|def|2
|move|p2a: Kingambit|Iron Head|p1a: Zamazenta
|-damage|p1a: Zamazenta|47/100
|
|-heal|p1a: Zamazenta|54/100|[from] item: Leftovers
|-heal|p2a: Kingambit|100/100|[from] item: Leftovers
|upkeep
|turn|35
|
|t:|1776098710
|-end|p2a: Kingambit|fallen1|[silent]
|switch|p2a: Tornadus|Tornadus-Therian, M|81/100
|move|p1a: Zamazenta|Crunch|p2a: Tornadus
|-damage|p2a: Tornadus|54/100
|
|-heal|p1a: Zamazenta|60/100|[from] item: Leftovers
|upkeep
|turn|36
|
|t:|1776098718
|move|p1a: Zamazenta|Crunch|p2a: Tornadus
|-damage|p2a: Tornadus|27/100
|move|p2a: Tornadus|Bleakwind Storm|p1a: Zamazenta
|-supereffective|p1a: Zamazenta
|-damage|p1a: Zamazenta|6/100
|-unboost|p1a: Zamazenta|spe|1
|
|-heal|p1a: Zamazenta|12/100|[from] item: Leftovers
|upkeep
|turn|37
|-message|NaokiS2✧˖°. forfeited.
|
|win|barbaricchild68
|raw|NaokiS2✧˖°.'s rating: 1243 &rarr; <strong>1212</strong><br />(-31 for losing)
|raw|barbaricchild68's rating: 1165 &rarr; <strong>1196</strong><br />(+31 for winning)
|l|☆NaokiS2✧˖°.
|player|p1|
