|html|<div class="broadcast-blue"><strong>[Gen 9] OU is currently suspecting Tera Blast! For information on how to participate check out the <a href="https://www.smogon.com/tools/suspects/view/200">suspect thread</a>.</strong></div>
|j|‽culchiedoll
|j|☆magistermilitum420
|t:|1776031815
|gametype|singles
|player|p1|culchiedoll|elesa|1184
|player|p2|magistermilitum420|blue|1124
|gen|9
|tier|[Gen 9] OU
|rated|
|rule|HP Percentage Mod: HP is shown in percentages
|rule|Endless Battle Clause: Forcing endless battles is banned
|rule|Species Clause: Limit one of each Pokémon
|rule|OHKO Clause: OHKO moves are banned
|rule|Evasion Items Clause: Evasion items are banned
|rule|Evasion Moves Clause: Evasion moves are banned
|rule|Evasion Abilities Clause: Evasion abilities are banned
|rule|Sleep Moves Clause: Sleep-inducing moves are banned
|clearpoke
|poke|p1|Clodsire, M|
|poke|p1|Dondozo, F|
|poke|p1|Alomomola, F|
|poke|p1|Talonflame, M|
|poke|p1|Toxapex, M|
|poke|p1|Blissey, F|
|poke|p2|Meowscarada, M|
|poke|p2|Great Tusk|
|poke|p2|Alomomola, F|
|poke|p2|Slowking-Galar, F|
|poke|p2|Dragonite, F|
|poke|p2|Heatran, M|
|teampreview
|
|t:|1776031824
|teamsize|p1|6
|teamsize|p2|6
|start
|switch|p1a: Toxapex|Toxapex, M|100/100
|switch|p2a: Mahad|Meowscarada, M, shiny|100/100
|turn|1
|
|t:|1776031836
|switch|p2a: Mithridates|Slowking-Galar, F|100/100
|move|p1a: Toxapex|Toxic|p2a: Mithridates
|-immune|p2a: Mithridates
|
|upkeep
|turn|2
|
|t:|1776031843
|move|p1a: Toxapex|Infestation|p2a: Mithridates
|-damage|p2a: Mithridates|99/100
|-activate|p2a: Mithridates|move: Infestation|[of] p1a: Toxapex
|move|p2a: Mithridates|Future Sight|p1a: Toxapex
|-start|p2a: Mithridates|move: Future Sight
|
|-damage|p2a: Mithridates|87/100|[from] move: Infestation|[partiallytrapped]
|upkeep
|turn|3
|
|t:|1776031866
|switch|p1a: Blissey|Blissey, F|100/100
|move|p2a: Mithridates|Psychic Noise|p1a: Blissey
|-damage|p1a: Blissey|90/100
|-start|p1a: Blissey|move: Heal Block
|
|-end|p2a: Mithridates|Infestation|[partiallytrapped]|[silent]
|upkeep
|turn|4
|
|t:|1776031879
|switch|p2a: Barca|Great Tusk|100/100
|move|p1a: Blissey|Shadow Ball|p2a: Barca
|-damage|p2a: Barca|78/100
|
|-end|p1a: Blissey|move: Future Sight
|-damage|p1a: Blissey|74/100
|-end|p1a: Blissey|move: Heal Block
|upkeep
|turn|5
|
|t:|1776031897
|move|p2a: Barca|Stealth Rock|p1a: Blissey
|-sidestart|p1: culchiedoll|move: Stealth Rock
|move|p1a: Blissey|Shadow Ball|p2a: Barca
|-damage|p2a: Barca|56/100
|
|upkeep
|turn|6
|
|t:|1776031903
|move|p2a: Barca|Close Combat|p1a: Blissey
|-supereffective|p1a: Blissey
|-damage|p1a: Blissey|0 fnt
|-unboost|p2a: Barca|def|1
|-unboost|p2a: Barca|spd|1
|faint|p1a: Blissey
|
|upkeep
|
|t:|1776031938
|switch|p1a: Dondozo|Dondozo, F|100/100
|turn|7
|
|t:|1776031950
|-end|p2a: Barca|Protosynthesis|[silent]
|switch|p2a: Charybdis|Alomomola, F, shiny|100/100
|move|p1a: Dondozo|Liquidation|p2a: Charybdis
|-resisted|p2a: Charybdis
|-damage|p2a: Charybdis|92/100
|
|upkeep
|turn|8
|
|t:|1776031963
|switch|p1a: Toxapex|Toxapex, M|100/100
|move|p2a: Charybdis|Scald|p1a: Toxapex
|-resisted|p1a: Toxapex
|-damage|p1a: Toxapex|95/100
|
|upkeep
|turn|9
|
|t:|1776031973
|switch|p2a: Mithridates|Slowking-Galar, F|100/100
|move|p1a: Toxapex|Infestation|p2a: Mithridates
|-damage|p2a: Mithridates|99/100
|-activate|p2a: Mithridates|move: Infestation|[of] p1a: Toxapex
|
|-damage|p2a: Mithridates|87/100|[from] move: Infestation|[partiallytrapped]
|upkeep
|turn|10
|
|t:|1776031996
|switch|p1a: Alomomola|Alomomola, F|100/100
|move|p2a: Mithridates|Future Sight|p1a: Alomomola
|-start|p2a: Mithridates|move: Future Sight
|
|-end|p2a: Mithridates|Infestation|[partiallytrapped]|[silent]
|upkeep
|turn|11
|
|t:|1776032007
|move|p1a: Alomomola|Chilling Water|p2a: Mithridates
|-damage|p2a: Mithridates|82/100
|-unboost|p2a: Mithridates|atk|1
|move|p2a: Mithridates|Psychic Noise|p1a: Alomomola
|-damage|p1a: Alomomola|59/100
|-start|p1a: Alomomola|move: Heal Block
|
|upkeep
|turn|12
|
|t:|1776032030
|move|p1a: Alomomola|Protect|p1a: Alomomola
|-singleturn|p1a: Alomomola|Protect
|move|p2a: Mithridates|Psychic Noise|p1a: Alomomola
|-activate|p1a: Alomomola|move: Protect
|
|-end|p1a: Alomomola|move: Future Sight
|-damage|p1a: Alomomola|0 fnt
|faint|p1a: Alomomola
|upkeep
|
|t:|1776032046
|switch|p1a: Talonflame|Talonflame, M|100/100
|turn|13
|
|t:|1776032061
|switch|p2a: Charybdis|Alomomola, F, shiny|100/100
|move|p1a: Talonflame|Defog|p2a: Charybdis
|-unboost|p2a: Charybdis|evasion|1
|-sideend|p1: culchiedoll|Stealth Rock|[from] move: Defog|[of] p1a: Talonflame
|
|upkeep
|turn|14
|
|t:|1776032070
|switch|p1a: Toxapex|Toxapex, M|100/100
|move|p2a: Charybdis|Scald|p1a: Toxapex
|-resisted|p1a: Toxapex
|-damage|p1a: Toxapex|95/100
|-status|p1a: Toxapex|brn
|
|-damage|p1a: Toxapex|89/100 brn|[from] brn
|upkeep
|turn|15
|
|t:|1776032080
|switch|p2a: Mithridates|Slowking-Galar, F|100/100
|move|p1a: Toxapex|Infestation|p2a: Mithridates
|-crit|p2a: Mithridates
|-damage|p2a: Mithridates|98/100
|-activate|p2a: Mithridates|move: Infestation|[of] p1a: Toxapex
|
|-damage|p1a: Toxapex|83/100 brn|[from] brn
|-damage|p2a: Mithridates|86/100|[from] move: Infestation|[partiallytrapped]
|upkeep
|turn|16
|
|t:|1776032092
|move|p1a: Toxapex|Infestation|p2a: Mithridates
|-damage|p2a: Mithridates|84/100
|move|p2a: Mithridates|Future Sight|p1a: Toxapex
|-start|p2a: Mithridates|move: Future Sight
|
|-damage|p1a: Toxapex|76/100 brn|[from] brn
|-damage|p2a: Mithridates|72/100|[from] move: Infestation|[partiallytrapped]
|upkeep
|turn|17
|
|t:|1776032121
|switch|p1a: Talonflame|Talonflame, M|100/100
|move|p2a: Mithridates|Psychic Noise|p1a: Talonflame
|-damage|p1a: Talonflame|54/100
|-start|p1a: Talonflame|move: Heal Block
|
|-end|p2a: Mithridates|Infestation|[partiallytrapped]|[silent]
|upkeep
|turn|18
|
|t:|1776032135
|switch|p2a: Charybdis|Alomomola, F, shiny|100/100
|move|p1a: Talonflame|Flamethrower|p2a: Charybdis
|-resisted|p2a: Charybdis
|-damage|p2a: Charybdis|86/100
|
|-end|p1a: Talonflame|move: Future Sight
|-damage|p1a: Talonflame|0 fnt
|faint|p1a: Talonflame
|upkeep
|
|t:|1776032156
|switch|p1a: Clodsire|Clodsire, M|100/100
|turn|19
|
|t:|1776032162
|switch|p2a: Mithridates|Slowking-Galar, F|100/100
|-terastallize|p1a: Clodsire|Psychic
|move|p1a: Clodsire|Toxic|p2a: Mithridates
|-immune|p2a: Mithridates
|
|upkeep
|turn|20
|
|t:|1776032183
|move|p2a: Mithridates|Surf|p1a: Clodsire
|-damage|p1a: Clodsire|85/100
|move|p1a: Clodsire|Earthquake|p2a: Mithridates
|-supereffective|p2a: Mithridates
|-damage|p2a: Mithridates|47/100
|
|upkeep
|turn|21
|
|t:|1776032193
|switch|p2a: Charybdis|Alomomola, F, shiny|100/100
|move|p1a: Clodsire|Earthquake|p2a: Charybdis
|-damage|p2a: Charybdis|85/100
|
|upkeep
|turn|22
|
|t:|1776032205
|move|p2a: Charybdis|Scald|p1a: Clodsire
|-damage|p1a: Clodsire|77/100
|move|p1a: Clodsire|Toxic|p2a: Charybdis
|-status|p2a: Charybdis|tox
|
|-damage|p2a: Charybdis|79/100 tox|[from] psn
|upkeep
|turn|23
|
|t:|1776032228
|switch|p1a: Toxapex|Toxapex, M|100/100 brn
|move|p2a: Charybdis|Scald|p1a: Toxapex
|-resisted|p1a: Toxapex
|-damage|p1a: Toxapex|95/100 brn
|
|-damage|p2a: Charybdis|67/100 tox|[from] psn
|-damage|p1a: Toxapex|88/100 brn|[from] brn
|upkeep
|turn|24
|
|t:|1776032242
|move|p2a: Charybdis|Flip Turn|p1a: Toxapex
|-resisted|p1a: Toxapex
|-damage|p1a: Toxapex|83/100 brn
|
|t:|1776032245
|switch|p2a: Mithridates|Slowking-Galar, F|80/100|[from] Flip Turn
|move|p1a: Toxapex|Infestation|p2a: Mithridates
|-damage|p2a: Mithridates|78/100
|-activate|p2a: Mithridates|move: Infestation|[of] p1a: Toxapex
|
|-damage|p1a: Toxapex|77/100 brn|[from] brn
|-damage|p2a: Mithridates|66/100|[from] move: Infestation|[partiallytrapped]
|upkeep
|turn|25
|
|t:|1776032259
|switch|p1a: Clodsire|Clodsire, M, tera:Psychic|77/100
|move|p2a: Mithridates|Future Sight|p1a: Clodsire
|-start|p2a: Mithridates|move: Future Sight
|
|-end|p2a: Mithridates|Infestation|[partiallytrapped]|[silent]
|upkeep
|turn|26
|
|t:|1776032269
|switch|p2a: Mahad|Meowscarada, M, shiny|100/100
|move|p1a: Clodsire|Earthquake|p2a: Mahad
|-resisted|p2a: Mahad
|-damage|p2a: Mahad|78/100
|
|upkeep
|turn|27
|
|t:|1776032284
|move|p2a: Mahad|Knock Off|p1a: Clodsire
|-start|p2a: Mahad|typechange|Dark|[from] ability: Protean
|-supereffective|p1a: Clodsire
|-damage|p1a: Clodsire|0 fnt
|-enditem|p1a: Clodsire|Heavy-Duty Boots|[from] move: Knock Off|[of] p2a: Mahad
|faint|p1a: Clodsire
|
|-hint|Future Sight did not hit because the target is fainted.
|upkeep
|
|t:|1776032294
|switch|p1a: Toxapex|Toxapex, M|100/100 brn
|turn|28
|
|t:|1776032301
|switch|p2a: Mithridates|Slowking-Galar, F|99/100
|move|p1a: Toxapex|Infestation|p2a: Mithridates
|-damage|p2a: Mithridates|98/100
|-activate|p2a: Mithridates|move: Infestation|[of] p1a: Toxapex
|
|-damage|p1a: Toxapex|94/100 brn|[from] brn
|-damage|p2a: Mithridates|85/100|[from] move: Infestation|[partiallytrapped]
|upkeep
|turn|29
|
|t:|1776032315
|move|p1a: Toxapex|Recover|p1a: Toxapex
|-heal|p1a: Toxapex|100/100 brn
|move|p2a: Mithridates|Future Sight|p1a: Toxapex
|-start|p2a: Mithridates|move: Future Sight
|
|-damage|p1a: Toxapex|94/100 brn|[from] brn
|-damage|p2a: Mithridates|73/100|[from] move: Infestation|[partiallytrapped]
|upkeep
|turn|30
|-message|culchiedoll forfeited.
|
|win|magistermilitum420
|raw|culchiedoll's rating: 1184 &rarr; <strong>1155</strong><br />(-29 for losing)
|raw|magistermilitum420's rating: 1124 &rarr; <strong>1153</strong><br />(+29 for winning)
|l|‽culchiedoll
|player|p1|
