|html|<div class="broadcast-blue"><strong>[Gen 9] OU is currently suspecting Tera Blast! For information on how to participate check out the <a href="https://www.smogon.com/tools/suspects/view/200">suspect thread</a>.</strong></div>
|j|☆GreninjaMyFav
|j|☆cheatoh
|t:|1776093366
|gametype|singles
|player|p1|GreninjaMyFav|101|1566
|player|p2|cheatoh|170|1548
|gen|9
|tier|[Gen 9] OU
|rated|
|rule|HP Percentage Mod: HP is shown in percentages
|rule|Endless Battle Clause: Forcing endless battles is banned
|rule|Species Clause: Limit one of each Pokémon
|rule|OHKO Clause: OHKO moves are banned
|rule|Evasion Items Clause: Evasion items are banned
|rule|Evasion Moves Clause: Evasion moves are banned
|rule|Evasion Abilities Clause: Evasion abilities are banned
|rule|Sleep Moves Clause: Sleep-inducing moves are banned
|clearpoke
|poke|p1|Gliscor, F|
|poke|p1|Ting-Lu|
|poke|p1|Walking Wake|
|poke|p1|Gholdengo|
|poke|p1|Empoleon, F|
|poke|p1|Dragonite, F|
|poke|p2|Tyranitar, M|
|poke|p2|Excadrill, M|
|poke|p2|Iron Valiant|
|poke|p2|Zapdos|
|poke|p2|Ogerpon, F|
|poke|p2|Toxapex, M|
|teampreview
|
|t:|1776093372
|teamsize|p1|6
|teamsize|p2|6
|start
|switch|p1a: Ting-Lu|Ting-Lu|100/100
|switch|p2a: Zapdos|Zapdos, shiny|100/100
|-ability|p1a: Ting-Lu|Vessel of Ruin
|turn|1
|
|t:|1776093376
|switch|p2a: Ogerpon|Ogerpon, F|100/100
|move|p1a: Ting-Lu|Stealth Rock|p2a: Ogerpon
|-sidestart|p2: cheatoh|move: Stealth Rock
|
|upkeep
|turn|2
|
|t:|1776093381
|switch|p1a: Dragonite|Dragonite, F|100/100
|move|p2a: Ogerpon|Knock Off|p1a: Dragonite
|-damage|p1a: Dragonite|80/100
|-enditem|p1a: Dragonite|Heavy-Duty Boots|[from] move: Knock Off|[of] p2a: Ogerpon
|
|upkeep
|turn|3
|
|t:|1776093391
|switch|p2a: Zapdos|Zapdos, shiny|100/100
|switch|p1a: Gliscor|Gliscor, F|100/100
|
|-status|p1a: Gliscor|tox|[from] item: Toxic Orb
|upkeep
|turn|4
|
|t:|1776093394
|-terastallize|p2a: Zapdos|Ice
|move|p2a: Zapdos|Tera Blast|p1a: Gliscor|[anim] Tera Blast Ice
|-supereffective|p1a: Gliscor
|-damage|p1a: Gliscor|0 fnt
|faint|p1a: Gliscor
|
|upkeep
|
|t:|1776093400
|switch|p1a: Gholdengo|Gholdengo|100/100
|turn|5
|
|t:|1776093404
|switch|p2a: Toxapex|Toxapex, M, shiny|100/100
|-damage|p2a: Toxapex|88/100|[from] Stealth Rock
|move|p1a: Gholdengo|Nasty Plot|p1a: Gholdengo
|-boost|p1a: Gholdengo|spa|2
|
|upkeep
|turn|6
|
|t:|1776093408
|move|p1a: Gholdengo|Thunderbolt|p2a: Toxapex
|-supereffective|p2a: Toxapex
|-damage|p2a: Toxapex|16/100
|-enditem|p2a: Toxapex|Eject Button
|
|t:|1776093416
|switch|p2a: Ogerpon|Ogerpon, F|100/100
|-damage|p2a: Ogerpon|88/100|[from] Stealth Rock
|
|upkeep
|turn|7
|
|t:|1776093420
|switch|p1a: Dragonite|Dragonite, F|80/100
|move|p2a: Ogerpon|Knock Off|p1a: Dragonite
|-damage|p1a: Dragonite|50/100
|
|upkeep
|turn|8
|
|t:|1776093424
|switch|p2a: Zapdos|Zapdos, shiny, tera:Ice|100/100
|move|p1a: Dragonite|Roost|p1a: Dragonite
|-heal|p1a: Dragonite|99/100
|-singleturn|p1a: Dragonite|move: Roost
|
|upkeep
|turn|9
|
|t:|1776093429
|switch|p1a: Gholdengo|Gholdengo|100/100
|move|p2a: Zapdos|Tera Blast|p1a: Gholdengo|[anim] Tera Blast Ice
|-resisted|p1a: Gholdengo
|-damage|p1a: Gholdengo|82/100
|
|upkeep
|turn|10
|
|t:|1776093432
|move|p2a: Zapdos|Volt Switch|p1a: Gholdengo
|-damage|p1a: Gholdengo|47/100
|
|t:|1776093436
|switch|p2a: Excadrill|Excadrill, M, shiny|100/100|[from] Volt Switch
|-damage|p2a: Excadrill|97/100|[from] Stealth Rock
|move|p1a: Gholdengo|Make It Rain|p2a: Excadrill
|-resisted|p2a: Excadrill
|-damage|p2a: Excadrill|54/100
|-unboost|p1a: Gholdengo|spa|1
|
|-heal|p2a: Excadrill|60/100|[from] item: Leftovers
|upkeep
|turn|11
|
|t:|1776093443
|switch|p1a: Dragonite|Dragonite, F|99/100
|move|p2a: Excadrill|Earthquake|p1a: Dragonite
|-immune|p1a: Dragonite
|
|-heal|p2a: Excadrill|66/100|[from] item: Leftovers
|upkeep
|turn|12
|
|t:|1776093445
|move|p2a: Excadrill|Rapid Spin|p1a: Dragonite
|-damage|p1a: Dragonite|82/100
|-boost|p2a: Excadrill|spe|1
|-sideend|p2: cheatoh|Stealth Rock|[from] move: Rapid Spin|[of] p2a: Excadrill
|move|p1a: Dragonite|Dragon Dance|p1a: Dragonite
|-boost|p1a: Dragonite|atk|1
|-boost|p1a: Dragonite|spe|1
|
|-heal|p2a: Excadrill|72/100|[from] item: Leftovers
|upkeep
|turn|13
|
|t:|1776093448
|move|p2a: Excadrill|Rock Slide|p1a: Dragonite
|-supereffective|p1a: Dragonite
|-damage|p1a: Dragonite|27/100
|move|p1a: Dragonite|Dragon Dance|p1a: Dragonite
|-boost|p1a: Dragonite|atk|1
|-boost|p1a: Dragonite|spe|1
|
|-heal|p2a: Excadrill|78/100|[from] item: Leftovers
|upkeep
|turn|14
|
|t:|1776093456
|switch|p2a: Tyranitar|Tyranitar, M, shiny|100/100
|-weather|Sandstorm|[from] ability: Sand Stream|[of] p2a: Tyranitar
|-terastallize|p1a: Dragonite|Normal
|move|p1a: Dragonite|Roost|p1a: Dragonite
|-heal|p1a: Dragonite|77/100
|
|-weather|Sandstorm|[upkeep]
|-damage|p1a: Dragonite|70/100|[from] Sandstorm
|upkeep
|turn|15
|
|t:|1776093467
|move|p1a: Dragonite|Earthquake|p2a: Tyranitar
|-supereffective|p2a: Tyranitar
|-damage|p2a: Tyranitar|0 fnt
|faint|p2a: Tyranitar
|
|-weather|Sandstorm|[upkeep]
|-damage|p1a: Dragonite|64/100|[from] Sandstorm
|upkeep
|
|t:|1776093478
|switch|p2a: Excadrill|Excadrill, M, shiny|78/100
|turn|16
|
|t:|1776093481
|switch|p1a: Ting-Lu|Ting-Lu|100/100
|-ability|p1a: Ting-Lu|Vessel of Ruin
|move|p2a: Excadrill|Earthquake|p1a: Ting-Lu
|-damage|p1a: Ting-Lu|71/100
|
|-weather|Sandstorm|[upkeep]
|-heal|p2a: Excadrill|84/100|[from] item: Leftovers
|-heal|p1a: Ting-Lu|77/100|[from] item: Leftovers
|upkeep
|turn|17
|
|t:|1776093491
|move|p2a: Excadrill|Substitute|p2a: Excadrill
|-start|p2a: Excadrill|Substitute
|-damage|p2a: Excadrill|59/100
|move|p1a: Ting-Lu|Stealth Rock|p2a: Excadrill
|-sidestart|p2: cheatoh|move: Stealth Rock
|
|-weather|Sandstorm|[upkeep]
|-heal|p2a: Excadrill|65/100|[from] item: Leftovers
|-heal|p1a: Ting-Lu|83/100|[from] item: Leftovers
|upkeep
|turn|18
|
|t:|1776093493
|move|p2a: Excadrill|Rapid Spin|p1a: Ting-Lu
|-damage|p1a: Ting-Lu|73/100
|-boost|p2a: Excadrill|spe|1
|-sideend|p2: cheatoh|Stealth Rock|[from] move: Rapid Spin|[of] p2a: Excadrill
|move|p1a: Ting-Lu|Whirlwind|p2a: Excadrill
|drag|p2a: Zapdos|Zapdos, shiny, tera:Ice|100/100
|
|-weather|Sandstorm|[upkeep]
|-damage|p2a: Zapdos|94/100|[from] Sandstorm
|-heal|p1a: Ting-Lu|79/100|[from] item: Leftovers
|upkeep
|turn|19
|
|t:|1776093497
|move|p2a: Zapdos|Tera Blast|p1a: Ting-Lu|[anim] Tera Blast Ice
|-supereffective|p1a: Ting-Lu
|-damage|p1a: Ting-Lu|47/100
|move|p1a: Ting-Lu|Stealth Rock|p2a: Zapdos
|-sidestart|p2: cheatoh|move: Stealth Rock
|
|-weather|Sandstorm|[upkeep]
|-damage|p2a: Zapdos|88/100|[from] Sandstorm
|-heal|p1a: Ting-Lu|53/100|[from] item: Leftovers
|upkeep
|turn|20
|
|t:|1776093502
|switch|p1a: Empoleon|Empoleon, F|100/100
|move|p2a: Zapdos|Tera Blast|p1a: Empoleon|[anim] Tera Blast Ice
|-resisted|p1a: Empoleon
|-crit|p1a: Empoleon
|-damage|p1a: Empoleon|90/100
|
|-weather|Sandstorm|[upkeep]
|-damage|p2a: Zapdos|82/100|[from] Sandstorm
|upkeep
|turn|21
|
|t:|1776093511
|move|p2a: Zapdos|Volt Switch|p1a: Empoleon
|-supereffective|p1a: Empoleon
|-damage|p1a: Empoleon|39/100
|
|t:|1776093514
|switch|p2a: Excadrill|Excadrill, M, shiny|65/100|[from] Volt Switch
|-damage|p2a: Excadrill|62/100|[from] Stealth Rock
|move|p1a: Empoleon|Roost|p1a: Empoleon
|-heal|p1a: Empoleon|89/100
|-singleturn|p1a: Empoleon|move: Roost
|
|-weather|none
|-heal|p2a: Excadrill|68/100|[from] item: Leftovers
|upkeep
|turn|22
|
|t:|1776093518
|switch|p1a: Walking Wake|Walking Wake|100/100
|move|p2a: Excadrill|Rapid Spin|p1a: Walking Wake
|-damage|p1a: Walking Wake|79/100
|-boost|p2a: Excadrill|spe|1
|-sideend|p2: cheatoh|Stealth Rock|[from] move: Rapid Spin|[of] p2a: Excadrill
|
|-heal|p2a: Excadrill|74/100|[from] item: Leftovers
|upkeep
|turn|23
|
|t:|1776093526
|move|p2a: Excadrill|Earthquake|p1a: Walking Wake
|-damage|p1a: Walking Wake|10/100
|move|p1a: Walking Wake|Flip Turn|p2a: Excadrill
|-supereffective|p2a: Excadrill
|-damage|p2a: Excadrill|28/100
|
|t:|1776093529
|-end|p1a: Walking Wake|Protosynthesis|[silent]
|switch|p1a: Dragonite|Dragonite, F, tera:Normal|64/100|[from] Flip Turn
|
|-heal|p2a: Excadrill|34/100|[from] item: Leftovers
|upkeep
|turn|24
|
|t:|1776093533
|move|p2a: Excadrill|Earthquake|p1a: Dragonite
|-damage|p1a: Dragonite|8/100
|move|p1a: Dragonite|Roost|p1a: Dragonite
|-heal|p1a: Dragonite|58/100
|
|-heal|p2a: Excadrill|40/100|[from] item: Leftovers
|upkeep
|turn|25
|
|t:|1776093539
|move|p1a: Dragonite|Extreme Speed|p2a: Excadrill
|-resisted|p2a: Excadrill
|-damage|p2a: Excadrill|4/100
|move|p2a: Excadrill|Substitute|p2a: Excadrill
|-fail|p2a: Excadrill|move: Substitute|[weak]
|
|-heal|p2a: Excadrill|10/100|[from] item: Leftovers
|upkeep
|turn|26
|
|t:|1776093542
|move|p1a: Dragonite|Extreme Speed|p2a: Excadrill
|-resisted|p2a: Excadrill
|-damage|p2a: Excadrill|0 fnt
|faint|p2a: Excadrill
|
|upkeep
|
|t:|1776093545
|switch|p2a: Ogerpon|Ogerpon, F|88/100
|turn|27
|
|t:|1776093548
|switch|p1a: Walking Wake|Walking Wake|10/100
|move|p2a: Ogerpon|Ivy Cudgel|p1a: Walking Wake
|-crit|p1a: Walking Wake
|-damage|p1a: Walking Wake|0 fnt
|faint|p1a: Walking Wake
|-end|p1a: Walking Wake|Protosynthesis|[silent]
|
|upkeep
|
|t:|1776093552
|switch|p1a: Gholdengo|Gholdengo|47/100
|turn|28
|
|t:|1776093560
|switch|p2a: Toxapex|Toxapex, M, shiny|49/100
|move|p1a: Gholdengo|Recover|p1a: Gholdengo
|-heal|p1a: Gholdengo|97/100
|
|upkeep
|turn|29
|
|t:|1776093562
|move|p1a: Gholdengo|Nasty Plot|p1a: Gholdengo
|-boost|p1a: Gholdengo|spa|2
|move|p2a: Toxapex|Recover|p2a: Toxapex
|-heal|p2a: Toxapex|99/100
|
|upkeep
|turn|30
|
|t:|1776093565
|move|p1a: Gholdengo|Thunderbolt|p2a: Toxapex
|-supereffective|p2a: Toxapex
|-damage|p2a: Toxapex|19/100
|move|p2a: Toxapex|Haze|p2a: Toxapex
|-clearallboost
|
|upkeep
|turn|31
|
|t:|1776093570
|move|p1a: Gholdengo|Make It Rain|p2a: Toxapex
|-resisted|p2a: Toxapex
|-damage|p2a: Toxapex|0 fnt
|-unboost|p1a: Gholdengo|spa|1
|faint|p2a: Toxapex
|
|upkeep
|
|t:|1776093579
|switch|p2a: Ogerpon|Ogerpon, F|88/100
|turn|32
|
|t:|1776093586
|switch|p1a: Ting-Lu|Ting-Lu|53/100
|-ability|p1a: Ting-Lu|Vessel of Ruin
|move|p2a: Ogerpon|U-turn|p1a: Ting-Lu
|-supereffective|p1a: Ting-Lu
|-damage|p1a: Ting-Lu|16/100
|
|t:|1776093593
|switch|p2a: Zapdos|Zapdos, shiny, tera:Ice|82/100|[from] U-turn
|
|-heal|p1a: Ting-Lu|22/100|[from] item: Leftovers
|upkeep
|turn|33
|
|t:|1776093595
|move|p2a: Zapdos|Tera Blast|p1a: Ting-Lu|[anim] Tera Blast Ice
|-supereffective|p1a: Ting-Lu
|-damage|p1a: Ting-Lu|0 fnt
|faint|p1a: Ting-Lu
|
|upkeep
|
|t:|1776093598
|switch|p1a: Dragonite|Dragonite, F, tera:Normal|58/100
|turn|34
|
|t:|1776093604
|move|p2a: Zapdos|Volt Switch|p1a: Dragonite
|-damage|p1a: Dragonite|26/100
|
|t:|1776093608
|switch|p2a: Iron Valiant|Iron Valiant, shiny|100/100|[from] Volt Switch
|move|p1a: Dragonite|Dragon Dance|p1a: Dragonite
|-boost|p1a: Dragonite|atk|1
|-boost|p1a: Dragonite|spe|1
|
|upkeep
|turn|35
|
|t:|1776093611
|move|p1a: Dragonite|Extreme Speed|p2a: Iron Valiant
|-damage|p2a: Iron Valiant|18/100
|move|p2a: Iron Valiant|Vacuum Wave|p1a: Dragonite
|-supereffective|p1a: Dragonite
|-damage|p1a: Dragonite|0 fnt
|faint|p1a: Dragonite
|
|upkeep
|
|t:|1776093614
|switch|p1a: Gholdengo|Gholdengo|97/100
|turn|36
|
|t:|1776093617
|-end|p2a: Iron Valiant|Quark Drive|[silent]
|switch|p2a: Zapdos|Zapdos, shiny, tera:Ice|82/100
|move|p1a: Gholdengo|Nasty Plot|p1a: Gholdengo
|-boost|p1a: Gholdengo|spa|2
|
|upkeep
|turn|37
|
|t:|1776093621
|move|p2a: Zapdos|Heat Wave|p1a: Gholdengo
|-supereffective|p1a: Gholdengo
|-damage|p1a: Gholdengo|33/100
|move|p1a: Gholdengo|Make It Rain|p2a: Zapdos
|-supereffective|p2a: Zapdos
|-damage|p2a: Zapdos|0 fnt
|-unboost|p1a: Gholdengo|spa|1
|faint|p2a: Zapdos
|
|upkeep
|
|t:|1776093625
|switch|p2a: Ogerpon|Ogerpon, F|88/100
|turn|38
|
|t:|1776093628
|switch|p1a: Empoleon|Empoleon, F|89/100
|move|p2a: Ogerpon|Knock Off|p1a: Empoleon
|-damage|p1a: Empoleon|42/100
|-enditem|p1a: Empoleon|Heavy-Duty Boots|[from] move: Knock Off|[of] p2a: Ogerpon
|
|upkeep
|turn|39
|
|t:|1776093633
|switch|p2a: Iron Valiant|Iron Valiant, shiny|18/100
|move|p1a: Empoleon|Roost|p1a: Empoleon
|-heal|p1a: Empoleon|92/100
|-singleturn|p1a: Empoleon|move: Roost
|
|upkeep
|turn|40
|
|t:|1776093637
|switch|p1a: Gholdengo|Gholdengo|33/100
|move|p2a: Iron Valiant|Thunderbolt|p1a: Gholdengo
|-damage|p1a: Gholdengo|0 fnt
|faint|p1a: Gholdengo
|
|upkeep
|-message|GreninjaMyFav forfeited.
|
|win|cheatoh
|raw|GreninjaMyFav's rating: 1566 &rarr; <strong>1545</strong><br />(-21 for losing)
|raw|cheatoh's rating: 1548 &rarr; <strong>1569</strong><br />(+21 for winning)
|l|☆GreninjaMyFav
|player|p1|
|l|☆cheatoh
|player|p2|
