|html|<div class="broadcast-blue"><strong>[Gen 9] OU is currently suspecting Tera Blast! For information on how to participate check out the <a href="https://www.smogon.com/tools/suspects/view/200">suspect thread</a>.</strong></div>
|j|☆Video Games Master
|j|☆1a2w3d
|t:|1776193790
|gametype|singles
|player|p1|Video Games Master|ltsurge|1261
|player|p2|1a2w3d|giovanni|1268
|gen|9
|tier|[Gen 9] OU
|rated|
|rule|HP Percentage Mod: HP is shown in percentages
|rule|Endless Battle Clause: Forcing endless battles is banned
|rule|Species Clause: Limit one of each Pokémon
|rule|OHKO Clause: OHKO moves are banned
|rule|Evasion Items Clause: Evasion items are banned
|rule|Evasion Moves Clause: Evasion moves are banned
|rule|Evasion Abilities Clause: Evasion abilities are banned
|rule|Sleep Moves Clause: Sleep-inducing moves are banned
|clearpoke
|poke|p1|Pelipper, M|
|poke|p1|Zapdos|
|poke|p1|Ogerpon, F|
|poke|p1|Walking Wake|
|poke|p1|Magnezone|
|poke|p1|Barraskewda, F|
|poke|p2|Kingambit, F|
|poke|p2|Cinderace, F|
|poke|p2|Landorus-Therian, M|
|poke|p2|Iron Valiant|
|poke|p2|Kyurem|
|poke|p2|Slowking-Galar, M|
|teampreview
|inactive|Battle timer is ON: inactive players will automatically lose when time's up. (requested by 1a2w3d)
|
|t:|1776193797
|teamsize|p1|6
|teamsize|p2|6
|start
|switch|p1a: Barraskewda|Barraskewda, F|100/100
|switch|p2a: Kyurem|Kyurem, shiny|100/100
|-ability|p2a: Kyurem|Pressure
|turn|1
|c|☆Video Games Master|!calc
|c| Video Games Master|/raw <div class="infobox">Pok&eacute;mon Showdown! damage calculator. (Courtesy of Honko, Austin, dhelmise, &amp; jetou)<br />- <a href="https://calc.pokemonshowdown.com/index.html?gen=9">Damage Calculator</a></div>
|
|t:|1776193820
|move|p1a: Barraskewda|Flip Turn|p2a: Kyurem
|-resisted|p2a: Kyurem
|-damage|p2a: Kyurem|77/100
|
|t:|1776193839
|switch|p1a: Magnezone|Magnezone|100/100|[from] Flip Turn
|-item|p1a: Magnezone|Air Balloon
|move|p2a: Kyurem|Freeze-Dry|p1a: Magnezone
|-resisted|p1a: Magnezone
|-damage|p1a: Magnezone|80/100
|-enditem|p1a: Magnezone|Air Balloon
|
|-heal|p2a: Kyurem|83/100|[from] item: Leftovers
|upkeep
|turn|2
|
|t:|1776193851
|switch|p2a: Landorus|Landorus-Therian, M, shiny|100/100
|-ability|p2a: Landorus|Intimidate|boost
|-unboost|p1a: Magnezone|atk|1
|move|p1a: Magnezone|Magnet Rise|p1a: Magnezone
|-start|p1a: Magnezone|Magnet Rise
|
|upkeep
|turn|3
|
|t:|1776193863
|move|p2a: Landorus|Stealth Rock|p1a: Magnezone
|-sidestart|p1: Video Games Master|move: Stealth Rock
|move|p1a: Magnezone|Flash Cannon|p2a: Landorus
|-damage|p2a: Landorus|45/100
|
|upkeep
|turn|4
|
|t:|1776193877
|move|p2a: Landorus|U-turn|p1a: Magnezone
|-resisted|p1a: Magnezone
|-damage|p1a: Magnezone|71/100
|
|t:|1776193880
|switch|p2a: Cinderace|Cinderace, F, shiny|100/100|[from] U-turn
|move|p1a: Magnezone|Flash Cannon|p2a: Cinderace
|-resisted|p2a: Cinderace
|-crit|p2a: Cinderace
|-damage|p2a: Cinderace|57/100
|
|upkeep
|turn|5
|
|t:|1776193887
|switch|p1a: Walking Wake|Walking Wake|100/100
|-damage|p1a: Walking Wake|88/100|[from] Stealth Rock
|move|p2a: Cinderace|Pyro Ball|p1a: Walking Wake
|-resisted|p1a: Walking Wake
|-damage|p1a: Walking Wake|76/100
|-status|p1a: Walking Wake|brn
|
|-damage|p1a: Walking Wake|70/100 brn|[from] brn
|upkeep
|turn|6
|
|t:|1776193897
|move|p2a: Cinderace|U-turn|p1a: Walking Wake
|-damage|p1a: Walking Wake|50/100 brn
|
|t:|1776193902
|switch|p2a: Slowking|Slowking-Galar, M, shiny|100/100|[from] U-turn
|move|p1a: Walking Wake|Hydro Steam|p2a: Slowking
|-damage|p2a: Slowking|66/100
|
|-damage|p1a: Walking Wake|44/100 brn|[from] brn
|upkeep
|turn|7
|
|t:|1776193913
|-end|p1a: Walking Wake|Protosynthesis|[silent]
|switch|p1a: Pelipper|Pelipper, M|100/100
|-damage|p1a: Pelipper|76/100|[from] Stealth Rock
|-weather|RainDance|[from] ability: Drizzle|[of] p1a: Pelipper
|move|p2a: Slowking|Sludge Bomb|p1a: Pelipper
|-damage|p1a: Pelipper|28/100
|
|-weather|RainDance|[upkeep]
|upkeep
|turn|8
|
|t:|1776193924
|switch|p1a: Magnezone|Magnezone|71/100
|-damage|p1a: Magnezone|65/100|[from] Stealth Rock
|-prepare|p2a: Slowking|Chilly Reception|[premajor]
|move|p2a: Slowking|Chilly Reception|p2a: Slowking
|-weather|Snowscape
|
|t:|1776193930
|switch|p2a: Landorus|Landorus-Therian, M, shiny|45/100|[from] Chilly Reception
|-ability|p2a: Landorus|Intimidate|boost
|-unboost|p1a: Magnezone|atk|1
|
|-weather|Snowscape|[upkeep]
|upkeep
|turn|9
|
|t:|1776193935
|move|p2a: Landorus|U-turn|p1a: Magnezone
|-resisted|p1a: Magnezone
|-damage|p1a: Magnezone|55/100
|
|t:|1776193939
|switch|p2a: Slowking|Slowking-Galar, M, shiny|99/100|[from] U-turn
|move|p1a: Magnezone|Flash Cannon|p2a: Slowking
|-damage|p2a: Slowking|73/100
|
|-weather|Snowscape|[upkeep]
|upkeep
|turn|10
|
|t:|1776193947
|move|p1a: Magnezone|Volt Switch|p2a: Slowking
|-damage|p2a: Slowking|51/100
|
|t:|1776193951
|switch|p1a: Barraskewda|Barraskewda, F|100/100|[from] Volt Switch
|-damage|p1a: Barraskewda|88/100|[from] Stealth Rock
|-prepare|p2a: Slowking|Chilly Reception|[premajor]
|move|p2a: Slowking|Chilly Reception|p2a: Slowking
|
|t:|1776193964
|switch|p2a: Iron Valiant|Iron Valiant|100/100|[from] Chilly Reception
|-enditem|p2a: Iron Valiant|Booster Energy
|-activate|p2a: Iron Valiant|ability: Quark Drive|[fromitem]
|-start|p2a: Iron Valiant|quarkdrivespe
|
|-weather|Snowscape|[upkeep]
|upkeep
|turn|11
|
|t:|1776193980
|switch|p1a: Pelipper|Pelipper, M|28/100
|-damage|p1a: Pelipper|3/100|[from] Stealth Rock
|-weather|RainDance|[from] ability: Drizzle|[of] p1a: Pelipper
|move|p2a: Iron Valiant|Moonblast|p1a: Pelipper
|-damage|p1a: Pelipper|0 fnt
|faint|p1a: Pelipper
|
|-weather|RainDance|[upkeep]
|upkeep
|
|t:|1776193989
|switch|p1a: Zapdos|Zapdos|100/100
|turn|12
|
|t:|1776194003
|move|p2a: Iron Valiant|Moonblast|p1a: Zapdos
|-damage|p1a: Zapdos|50/100
|-unboost|p1a: Zapdos|spa|1
|move|p1a: Zapdos|Hurricane|p2a: Iron Valiant
|-supereffective|p2a: Iron Valiant
|-damage|p2a: Iron Valiant|0 fnt
|faint|p2a: Iron Valiant
|-end|p2a: Iron Valiant|Quark Drive|[silent]
|
|-weather|RainDance|[upkeep]
|upkeep
|
|t:|1776194009
|switch|p2a: Kyurem|Kyurem, shiny|83/100
|-ability|p2a: Kyurem|Pressure
|turn|13
|
|t:|1776194014
|switch|p1a: Magnezone|Magnezone|55/100
|-damage|p1a: Magnezone|49/100|[from] Stealth Rock
|move|p2a: Kyurem|Substitute|p2a: Kyurem
|-start|p2a: Kyurem|Substitute
|-damage|p2a: Kyurem|58/100
|
|-weather|RainDance|[upkeep]
|-heal|p2a: Kyurem|64/100|[from] item: Leftovers
|upkeep
|turn|14
|
|t:|1776194022
|move|p2a: Kyurem|Earth Power|p1a: Magnezone
|-supereffective|p1a: Magnezone
|-damage|p1a: Magnezone|0 fnt
|faint|p1a: Magnezone
|
|-weather|RainDance|[upkeep]
|-heal|p2a: Kyurem|71/100|[from] item: Leftovers
|upkeep
|
|t:|1776194037
|switch|p1a: Walking Wake|Walking Wake|44/100 brn
|-damage|p1a: Walking Wake|31/100 brn|[from] Stealth Rock
|turn|15
|
|t:|1776194042
|move|p1a: Walking Wake|Hydro Steam|p2a: Kyurem
|-resisted|p2a: Kyurem
|-end|p2a: Kyurem|Substitute
|move|p2a: Kyurem|Freeze-Dry|p1a: Walking Wake
|-supereffective|p1a: Walking Wake
|-damage|p1a: Walking Wake|0 fnt
|faint|p1a: Walking Wake
|-end|p1a: Walking Wake|Protosynthesis|[silent]
|
|-weather|RainDance|[upkeep]
|-heal|p2a: Kyurem|77/100|[from] item: Leftovers
|upkeep
|
|t:|1776194052
|switch|p1a: Barraskewda|Barraskewda, F|88/100
|-damage|p1a: Barraskewda|76/100|[from] Stealth Rock
|turn|16
|
|t:|1776194064
|switch|p2a: Landorus|Landorus-Therian, M, shiny|45/100
|-ability|p2a: Landorus|Intimidate|boost
|-unboost|p1a: Barraskewda|atk|1
|move|p1a: Barraskewda|Close Combat|p2a: Landorus
|-resisted|p2a: Landorus
|-damage|p2a: Landorus|26/100
|-unboost|p1a: Barraskewda|def|1
|-unboost|p1a: Barraskewda|spd|1
|-damage|p1a: Barraskewda|60/100|[from] item: Rocky Helmet|[of] p2a: Landorus
|
|-weather|RainDance|[upkeep]
|upkeep
|turn|17
|-message|Video Games Master forfeited.
|
|win|1a2w3d
|raw|Video Games Master's rating: 1261 &rarr; <strong>1237</strong><br />(-24 for losing)
|raw|1a2w3d's rating: 1268 &rarr; <strong>1292</strong><br />(+24 for winning)
|l|☆Video Games Master
|player|p1|
