|html|<div class="broadcast-blue"><strong>[Gen 9] OU is currently suspecting Tera Blast! For information on how to participate check out the <a href="https://www.smogon.com/tools/suspects/view/200">suspect thread</a>.</strong></div>
|j|☆Dhoom Again
|j|☆leontief47
|t:|1776105645
|gametype|singles
|player|p1|Dhoom Again|argenta|1608
|player|p2|leontief47|clerk|1712
|gen|9
|tier|[Gen 9] OU
|rated|
|rule|HP Percentage Mod: HP is shown in percentages
|rule|Endless Battle Clause: Forcing endless battles is banned
|rule|Species Clause: Limit one of each Pokémon
|rule|OHKO Clause: OHKO moves are banned
|rule|Evasion Items Clause: Evasion items are banned
|rule|Evasion Moves Clause: Evasion moves are banned
|rule|Evasion Abilities Clause: Evasion abilities are banned
|rule|Sleep Moves Clause: Sleep-inducing moves are banned
|clearpoke
|poke|p1|Grimmsnarl, M|
|poke|p1|Gholdengo|
|poke|p1|Garchomp, F|
|poke|p1|Primarina, F|
|poke|p1|Ogerpon, F|
|poke|p1|Heatran, F|
|poke|p2|Rillaboom, F|
|poke|p2|Raging Bolt|
|poke|p2|Hawlucha, F|
|poke|p2|Zamazenta-*|
|poke|p2|Ogerpon-Cornerstone, F|
|poke|p2|Iron Treads|
|teampreview
|
|t:|1776105674
|teamsize|p1|6
|teamsize|p2|6
|start
|switch|p1a: Ouch|Garchomp, F|100/100
|switch|p2a: Iron Treads|Iron Treads|100/100
|-enditem|p2a: Iron Treads|Booster Energy
|-activate|p2a: Iron Treads|ability: Quark Drive|[fromitem]
|-start|p2a: Iron Treads|quarkdrivespe
|turn|1
|inactive|Battle timer is ON: inactive players will automatically lose when time's up. (requested by leontief47)
|
|t:|1776105683
|move|p2a: Iron Treads|Stealth Rock|p1a: Ouch
|-sidestart|p1: Dhoom Again|move: Stealth Rock
|move|p1a: Ouch|Stealth Rock|p2a: Iron Treads
|-sidestart|p2: leontief47|move: Stealth Rock
|
|upkeep
|turn|2
|
|t:|1776105687
|move|p2a: Iron Treads|Rapid Spin|p1a: Ouch
|-damage|p1a: Ouch|94/100
|-boost|p2a: Iron Treads|spe|1
|-damage|p2a: Iron Treads|88/100|[from] ability: Rough Skin|[of] p1a: Ouch
|-damage|p2a: Iron Treads|72/100|[from] item: Rocky Helmet|[of] p1a: Ouch
|-sideend|p2: leontief47|Stealth Rock|[from] move: Rapid Spin|[of] p2a: Iron Treads
|move|p1a: Ouch|Earthquake|p2a: Iron Treads
|-supereffective|p2a: Iron Treads
|-crit|p2a: Iron Treads
|-damage|p2a: Iron Treads|0 fnt
|faint|p2a: Iron Treads
|-end|p2a: Iron Treads|Quark Drive|[silent]
|
|upkeep
|
|t:|1776105690
|switch|p2a: Zamazenta|Zamazenta|100/100
|-ability|p2a: Zamazenta|Dauntless Shield|boost
|-boost|p2a: Zamazenta|def|1
|turn|3
|
|t:|1776105692
|move|p2a: Zamazenta|Ice Fang|p1a: Ouch
|-supereffective|p1a: Ouch
|-damage|p1a: Ouch|29/100
|-status|p1a: Ouch|frz
|-damage|p2a: Zamazenta|88/100|[from] ability: Rough Skin|[of] p1a: Ouch
|-damage|p2a: Zamazenta|72/100|[from] item: Rocky Helmet|[of] p1a: Ouch
|-damage|p2a: Zamazenta|62/100|[from] item: Life Orb
|cant|p1a: Ouch|frz
|
|upkeep
|turn|4
|c|☆leontief47|my b
|
|t:|1776105700
|move|p2a: Zamazenta|Ice Fang|p1a: Ouch
|-supereffective|p1a: Ouch
|-damage|p1a: Ouch|0 fnt
|-damage|p2a: Zamazenta|49/100|[from] ability: Rough Skin|[of] p1a: Ouch
|-damage|p2a: Zamazenta|33/100|[from] item: Rocky Helmet|[of] p1a: Ouch
|faint|p1a: Ouch
|-damage|p2a: Zamazenta|23/100|[from] item: Life Orb
|
|upkeep
|
|t:|1776105706
|switch|p1a: Cielo|Gholdengo|100/100
|-damage|p1a: Cielo|94/100|[from] Stealth Rock
|turn|5
|
|t:|1776105709
|move|p2a: Zamazenta|Crunch|p1a: Cielo
|-supereffective|p1a: Cielo
|-damage|p1a: Cielo|18/100
|-unboost|p1a: Cielo|def|1
|-damage|p2a: Zamazenta|13/100|[from] item: Life Orb
|move|p1a: Cielo|Shadow Ball|p2a: Zamazenta
|-damage|p2a: Zamazenta|0 fnt
|faint|p2a: Zamazenta
|
|upkeep
|
|t:|1776105712
|switch|p2a: Rillaboom|Rillaboom, F|100/100
|-fieldstart|move: Grassy Terrain|[from] ability: Grassy Surge|[of] p2a: Rillaboom
|turn|6
|
|t:|1776105714
|move|p2a: Rillaboom|Grassy Glide|p1a: Cielo
|-resisted|p1a: Cielo
|-damage|p1a: Cielo|0 fnt
|faint|p1a: Cielo
|
|upkeep
|
|t:|1776105725
|switch|p1a: The Brother Grimm|Grimmsnarl, M|100/100
|-damage|p1a: The Brother Grimm|88/100|[from] Stealth Rock
|turn|7
|
|t:|1776105728
|move|p1a: The Brother Grimm|Reflect|p1a: The Brother Grimm
|-sidestart|p1: Dhoom Again|Reflect
|move|p2a: Rillaboom|Wood Hammer|p1a: The Brother Grimm
|-damage|p1a: The Brother Grimm|32/100
|-damage|p2a: Rillaboom|82/100|[from] Recoil
|
|-heal|p2a: Rillaboom|89/100|[from] Grassy Terrain
|-heal|p1a: The Brother Grimm|38/100|[from] Grassy Terrain
|upkeep
|turn|8
|
|t:|1776105734
|move|p1a: The Brother Grimm|Parting Shot|p2a: Rillaboom
|-unboost|p2a: Rillaboom|atk|1
|-unboost|p2a: Rillaboom|spa|1
|
|t:|1776105743
|switch|p1a: MF Doom|Heatran, F|100/100|[from] Parting Shot
|-damage|p1a: MF Doom|88/100|[from] Stealth Rock
|move|p2a: Rillaboom|Wood Hammer|p1a: MF Doom
|-resisted|p1a: MF Doom
|-damage|p1a: MF Doom|82/100
|-damage|p2a: Rillaboom|87/100|[from] Recoil
|
|-heal|p2a: Rillaboom|93/100|[from] Grassy Terrain
|-heal|p1a: MF Doom|88/100|[from] Grassy Terrain
|-heal|p1a: MF Doom|94/100|[from] item: Leftovers
|upkeep
|turn|9
|
|t:|1776105748
|move|p2a: Rillaboom|U-turn|p1a: MF Doom
|-resisted|p1a: MF Doom
|-damage|p1a: MF Doom|92/100
|
|t:|1776105754
|switch|p2a: Raging Bolt|Raging Bolt|100/100|[from] U-turn
|-enditem|p2a: Raging Bolt|Grassy Seed
|-boost|p2a: Raging Bolt|def|1|[from] item: Grassy Seed
|move|p1a: MF Doom|Will-O-Wisp|p2a: Raging Bolt
|-status|p2a: Raging Bolt|brn
|
|-heal|p1a: MF Doom|99/100|[from] Grassy Terrain
|-heal|p1a: MF Doom|100/100|[from] item: Leftovers
|-damage|p2a: Raging Bolt|94/100 brn|[from] brn
|upkeep
|turn|10
|
|t:|1776105764
|move|p2a: Raging Bolt|Calm Mind|p2a: Raging Bolt
|-boost|p2a: Raging Bolt|spa|1
|-boost|p2a: Raging Bolt|spd|1
|move|p1a: MF Doom|Iron Defense|p1a: MF Doom
|-boost|p1a: MF Doom|def|2
|
|-heal|p2a: Raging Bolt|100/100 brn|[from] Grassy Terrain
|-damage|p2a: Raging Bolt|94/100 brn|[from] brn
|upkeep
|turn|11
|
|t:|1776105767
|move|p2a: Raging Bolt|Thunderbolt|p1a: MF Doom
|-damage|p1a: MF Doom|59/100
|move|p1a: MF Doom|Iron Defense|p1a: MF Doom
|-boost|p1a: MF Doom|def|2
|
|-heal|p2a: Raging Bolt|100/100 brn|[from] Grassy Terrain
|-heal|p1a: MF Doom|65/100|[from] Grassy Terrain
|-heal|p1a: MF Doom|71/100|[from] item: Leftovers
|-damage|p2a: Raging Bolt|94/100 brn|[from] brn
|upkeep
|turn|12
|
|t:|1776105770
|move|p2a: Raging Bolt|Thunderbolt|p1a: MF Doom
|-damage|p1a: MF Doom|24/100
|move|p1a: MF Doom|Body Press|p2a: Raging Bolt
|-damage|p2a: Raging Bolt|63/100 brn
|
|-heal|p2a: Raging Bolt|69/100 brn|[from] Grassy Terrain
|-heal|p1a: MF Doom|30/100|[from] Grassy Terrain
|-heal|p1a: MF Doom|36/100|[from] item: Leftovers
|-damage|p2a: Raging Bolt|63/100 brn|[from] brn
|upkeep
|turn|13
|
|t:|1776105776
|move|p2a: Raging Bolt|Thunderbolt|p1a: MF Doom
|-damage|p1a: MF Doom|0 fnt
|faint|p1a: MF Doom
|
|-heal|p2a: Raging Bolt|69/100 brn|[from] Grassy Terrain
|-damage|p2a: Raging Bolt|63/100 brn|[from] brn
|-fieldend|move: Grassy Terrain
|upkeep
|
|t:|1776105779
|switch|p1a: The Brother Grimm|Grimmsnarl, M|38/100
|-damage|p1a: The Brother Grimm|26/100|[from] Stealth Rock
|turn|14
|
|t:|1776105781
|move|p1a: The Brother Grimm|Light Screen|p1a: The Brother Grimm
|-sidestart|p1: Dhoom Again|move: Light Screen
|move|p2a: Raging Bolt|Thunderbolt|p1a: The Brother Grimm
|-damage|p1a: The Brother Grimm|0 fnt
|faint|p1a: The Brother Grimm
|
|-damage|p2a: Raging Bolt|56/100 brn|[from] brn
|-sideend|p1: Dhoom Again|Reflect
|upkeep
|
|t:|1776105784
|switch|p1a: Sound the Alarm|Primarina, F|100/100
|-damage|p1a: Sound the Alarm|88/100|[from] Stealth Rock
|turn|15
|
|t:|1776105787
|-terastallize|p1a: Sound the Alarm|Steel
|move|p2a: Raging Bolt|Thunderbolt|p1a: Sound the Alarm
|-damage|p1a: Sound the Alarm|59/100
|-status|p1a: Sound the Alarm|par
|move|p1a: Sound the Alarm|Substitute|p1a: Sound the Alarm
|-start|p1a: Sound the Alarm|Substitute
|-damage|p1a: Sound the Alarm|34/100 par
|
|-heal|p1a: Sound the Alarm|40/100 par|[from] item: Leftovers
|-damage|p2a: Raging Bolt|50/100 brn|[from] brn
|upkeep
|turn|16
|
|t:|1776105790
|move|p2a: Raging Bolt|Thunderbolt|p1a: Sound the Alarm
|-end|p1a: Sound the Alarm|Substitute
|move|p1a: Sound the Alarm|Draining Kiss|p2a: Raging Bolt
|-supereffective|p2a: Raging Bolt
|-damage|p2a: Raging Bolt|25/100 brn
|-heal|p1a: Sound the Alarm|64/100 par|[from] drain|[of] p2a: Raging Bolt
|
|-heal|p1a: Sound the Alarm|70/100 par|[from] item: Leftovers
|-damage|p2a: Raging Bolt|19/100 brn|[from] brn
|upkeep
|turn|17
|
|t:|1776105793
|move|p2a: Raging Bolt|Thunderbolt|p1a: Sound the Alarm
|-damage|p1a: Sound the Alarm|39/100 par
|cant|p1a: Sound the Alarm|par
|
|-heal|p1a: Sound the Alarm|45/100 par|[from] item: Leftovers
|-damage|p2a: Raging Bolt|13/100 brn|[from] brn
|upkeep
|turn|18
|-message|Dhoom Again forfeited.
|
|win|leontief47
|raw|Dhoom Again's rating: 1608 &rarr; <strong>1594</strong><br />(-14 for losing)
|raw|leontief47's rating: 1712 &rarr; <strong>1726</strong><br />(+14 for winning)
|l|☆Dhoom Again
|player|p1|
|c|☆leontief47|my b again
|l|☆leontief47
|player|p2|
