|html|<div class="broadcast-blue"><strong>[Gen 9] OU is currently suspecting Tera Blast! For information on how to participate check out the <a href="https://www.smogon.com/tools/suspects/view/200">suspect thread</a>.</strong></div>
|j|☆killsillks
|j|☆DJAwesome72
|t:|1776212094
|gametype|singles
|player|p1|killsillks|n|1241
|player|p2|DJAwesome72|hoopster|1310
|gen|9
|tier|[Gen 9] OU
|rated|
|rule|HP Percentage Mod: HP is shown in percentages
|rule|Endless Battle Clause: Forcing endless battles is banned
|rule|Species Clause: Limit one of each Pokémon
|rule|OHKO Clause: OHKO moves are banned
|rule|Evasion Items Clause: Evasion items are banned
|rule|Evasion Moves Clause: Evasion moves are banned
|rule|Evasion Abilities Clause: Evasion abilities are banned
|rule|Sleep Moves Clause: Sleep-inducing moves are banned
|clearpoke
|poke|p1|Gliscor, F|
|poke|p1|Ogerpon-Wellspring, F|
|poke|p1|Dragapult, F|
|poke|p1|Iron Crown|
|poke|p1|Ting-Lu|
|poke|p1|Kingambit, M|
|poke|p2|Hoopa-Unbound|
|poke|p2|Heatran, M|
|poke|p2|Weezing-Galar, M|
|poke|p2|Alomomola, F|
|poke|p2|Blissey, F|
|poke|p2|Zapdos|
|teampreview
|j| ohko_smeargle
|inactive|Battle timer is ON: inactive players will automatically lose when time's up. (requested by DJAwesome72)
|
|t:|1776212108
|teamsize|p1|6
|teamsize|p2|6
|start
|switch|p1a: menace|Gliscor, F|100/100
|switch|p2a: Sukuna|Hoopa-Unbound|100/100
|turn|1
|
|t:|1776212117
|move|p1a: menace|Protect|p1a: menace
|-singleturn|p1a: menace|Protect
|move|p2a: Sukuna|Hyperspace Fury|p1a: menace
|-activate|p1a: menace|move: Hyperspace Fury|[broken]
|-damage|p1a: menace|24/100
|-unboost|p2a: Sukuna|def|1
|
|-status|p1a: menace|tox|[from] item: Toxic Orb
|upkeep
|turn|2
|
|t:|1776212144
|switch|p2a: Zapdos|Zapdos|100/100
|switch|p1a: Ogerpon|Ogerpon-Wellspring, F|100/100
|
|upkeep
|turn|3
|inactive|killsillks has 120 seconds left.
|
|t:|1776212166
|switch|p1a: Kingambit|Kingambit, M|100/100
|-item|p1a: Kingambit|Air Balloon
|move|p2a: Zapdos|Hurricane|p1a: Kingambit
|-resisted|p1a: Kingambit
|-damage|p1a: Kingambit|66/100
|-start|p1a: Kingambit|confusion
|-enditem|p1a: Kingambit|Air Balloon
|
|upkeep
|turn|4
|
|t:|1776212176
|switch|p2a: Jogo|Heatran, M|100/100
|-activate|p1a: Kingambit|confusion
|move|p1a: Kingambit|Swords Dance|p1a: Kingambit
|-boost|p1a: Kingambit|atk|2
|
|upkeep
|turn|5
|
|t:|1776212187
|-terastallize|p1a: Kingambit|Dark
|-end|p1a: Kingambit|confusion
|move|p1a: Kingambit|Sucker Punch||[still]
|-fail|p1a: Kingambit
|move|p2a: Jogo|Will-O-Wisp|p1a: Kingambit
|-status|p1a: Kingambit|brn
|
|-damage|p1a: Kingambit|60/100 brn|[from] brn
|upkeep
|turn|6
|inactive|killsillks has 120 seconds left.
|
|t:|1776212206
|move|p1a: Kingambit|Low Kick|p2a: Jogo
|-supereffective|p2a: Jogo
|-damage|p2a: Jogo|47/100
|-damage|p1a: Kingambit|44/100 brn|[from] item: Rocky Helmet|[of] p2a: Jogo
|move|p2a: Jogo|Magma Storm|p1a: Kingambit
|-damage|p1a: Kingambit|0 fnt
|faint|p1a: Kingambit
|-end|p1a: Kingambit|fallenundefined|[silent]
|
|upkeep
|inactive|killsillks has 120 seconds left.
|
|t:|1776212220
|switch|p1a: Ogerpon|Ogerpon-Wellspring, F|100/100
|turn|7
|
|t:|1776212225
|switch|p2a: Zapdos|Zapdos|100/100
|move|p1a: Ogerpon|Ivy Cudgel|p2a: Zapdos|[anim] Ivy Cudgel Water
|-damage|p2a: Zapdos|41/100
|
|upkeep
|turn|8
|
|t:|1776212233
|switch|p2a: Momo|Alomomola, F|100/100
|move|p1a: Ogerpon|Ivy Cudgel|p2a: Momo|[anim] Ivy Cudgel Water
|-resisted|p2a: Momo
|-damage|p2a: Momo|79/100
|
|upkeep
|turn|9
|
|t:|1776212247
|switch|p1a: Iron Crown|Iron Crown|100/100
|-enditem|p1a: Iron Crown|Booster Energy
|-activate|p1a: Iron Crown|ability: Quark Drive|[fromitem]
|-start|p1a: Iron Crown|quarkdrivespe
|move|p2a: Momo|Alluring Voice|p1a: Iron Crown
|-resisted|p1a: Iron Crown
|-damage|p1a: Iron Crown|96/100
|
|upkeep
|turn|10
|
|t:|1776212256
|switch|p2a: Blissey|Blissey, F|100/100
|move|p1a: Iron Crown|Calm Mind|p1a: Iron Crown
|-boost|p1a: Iron Crown|spa|1
|-boost|p1a: Iron Crown|spd|1
|
|upkeep
|turn|11
|
|t:|1776212264
|move|p1a: Iron Crown|Calm Mind|p1a: Iron Crown
|-boost|p1a: Iron Crown|spa|1
|-boost|p1a: Iron Crown|spd|1
|move|p2a: Blissey|Thunder Wave|p1a: Iron Crown
|-status|p1a: Iron Crown|par
|
|upkeep
|turn|12
|
|t:|1776212271
|cant|p1a: Iron Crown|par
|move|p2a: Blissey|Seismic Toss|p1a: Iron Crown
|-damage|p1a: Iron Crown|67/100 par
|
|upkeep
|turn|13
|
|t:|1776212277
|move|p1a: Iron Crown|Focus Blast|p2a: Blissey|[miss]
|-miss|p1a: Iron Crown|p2a: Blissey
|move|p2a: Blissey|Seismic Toss|p1a: Iron Crown
|-damage|p1a: Iron Crown|37/100 par
|
|upkeep
|turn|14
|
|t:|1776212284
|move|p1a: Iron Crown|Focus Blast|p2a: Blissey
|-supereffective|p2a: Blissey
|-damage|p2a: Blissey|58/100
|move|p2a: Blissey|Seismic Toss|p1a: Iron Crown
|-damage|p1a: Iron Crown|8/100 par
|
|upkeep
|turn|15
|
|t:|1776212294
|-end|p1a: Iron Crown|Quark Drive|[silent]
|switch|p1a: Ogerpon|Ogerpon-Wellspring, F|100/100
|move|p2a: Blissey|Soft-Boiled|p2a: Blissey
|-heal|p2a: Blissey|100/100
|
|upkeep
|turn|16
|
|t:|1776212302
|switch|p2a: Momo|Alomomola, F|100/100
|move|p1a: Ogerpon|Taunt|p2a: Momo
|-start|p2a: Momo|move: Taunt
|
|upkeep
|turn|17
|
|t:|1776212308
|move|p1a: Ogerpon|Knock Off|p2a: Momo
|-damage|p2a: Momo|74/100
|-enditem|p2a: Momo|Heavy-Duty Boots|[from] move: Knock Off|[of] p1a: Ogerpon
|move|p2a: Momo|Alluring Voice|p1a: Ogerpon
|-damage|p1a: Ogerpon|90/100
|
|upkeep
|turn|18
|
|t:|1776212320
|switch|p2a: Toji|Weezing-Galar, M|100/100
|-ability|p2a: Toji|Neutralizing Gas
|move|p1a: Ogerpon|Ivy Cudgel|p2a: Toji|[anim] Ivy Cudgel Water
|-damage|p2a: Toji|62/100
|
|upkeep
|turn|19
|
|t:|1776212329
|move|p1a: Ogerpon|Taunt|p2a: Toji
|-start|p2a: Toji|move: Taunt
|cant|p2a: Toji|move: Taunt|Will-O-Wisp
|
|upkeep
|turn|20
|
|t:|1776212335
|-end|p2a: Toji|ability: Neutralizing Gas
|switch|p2a: Momo|Alomomola, F|100/100
|move|p1a: Ogerpon|Ivy Cudgel|p2a: Momo|[anim] Ivy Cudgel Water
|-resisted|p2a: Momo
|-damage|p2a: Momo|77/100
|
|upkeep
|turn|21
|c|☆killsillks|i fw the jjk names
|
|t:|1776212363
|move|p2a: Momo|Protect|p2a: Momo
|-singleturn|p2a: Momo|Protect
|move|p1a: Ogerpon|Knock Off|p2a: Momo
|-activate|p2a: Momo|move: Protect
|
|upkeep
|turn|22
|
|t:|1776212374
|move|p1a: Ogerpon|Knock Off|p2a: Momo
|-damage|p2a: Momo|58/100
|move|p2a: Momo|Alluring Voice|p1a: Ogerpon
|-damage|p1a: Ogerpon|79/100
|
|upkeep
|turn|23
|
|t:|1776212381
|switch|p1a: 27|Dragapult, F|100/100
|move|p2a: Momo|Protect||[still]
|-fail|p2a: Momo
|
|upkeep
|turn|24
|
|t:|1776212388
|move|p1a: 27|Will-O-Wisp|p2a: Momo
|-status|p2a: Momo|brn
|move|p2a: Momo|Flip Turn|p1a: 27
|-resisted|p1a: 27
|-damage|p1a: 27|95/100
|
|t:|1776212395
|switch|p2a: Blissey|Blissey, F|100/100|[from] Flip Turn
|
|upkeep
|turn|25
|
|t:|1776212400
|move|p1a: 27|Will-O-Wisp|p2a: Blissey
|-status|p2a: Blissey|brn
|move|p2a: Blissey|Thunder Wave|p1a: 27
|-status|p1a: 27|par
|
|-damage|p2a: Blissey|94/100 brn|[from] brn
|upkeep
|turn|26
|
|t:|1776212411
|-curestatus|p2a: Blissey|brn|[from] ability: Natural Cure
|switch|p2a: Momo|Alomomola, F|91/100 brn
|cant|p1a: 27|par
|
|-damage|p2a: Momo|85/100 brn|[from] brn
|upkeep
|turn|27
|
|t:|1776212420
|cant|p1a: 27|par
|move|p2a: Momo|Alluring Voice|p1a: 27
|-supereffective|p1a: 27
|-damage|p1a: 27|66/100 par
|
|-damage|p2a: Momo|79/100 brn|[from] brn
|upkeep
|turn|28
|
|t:|1776212427
|cant|p1a: 27|par
|move|p2a: Momo|Alluring Voice|p1a: 27
|-supereffective|p1a: 27
|-damage|p1a: 27|39/100 par
|
|-damage|p2a: Momo|73/100 brn|[from] brn
|upkeep
|turn|29
|
|t:|1776212436
|move|p2a: Momo|Protect|p2a: Momo
|-singleturn|p2a: Momo|Protect
|move|p1a: 27|Hex|p2a: Momo
|-activate|p2a: Momo|move: Protect
|
|-damage|p2a: Momo|67/100 brn|[from] brn
|upkeep
|turn|30
|
|t:|1776212444
|switch|p2a: Blissey|Blissey, F|94/100
|move|p1a: 27|Hex|p2a: Blissey
|-immune|p2a: Blissey
|
|upkeep
|turn|31
|
|t:|1776212453
|switch|p1a: Ogerpon|Ogerpon-Wellspring, F|79/100
|switch|p2a: Momo|Alomomola, F|99/100 brn
|
|-damage|p2a: Momo|94/100 brn|[from] brn
|upkeep
|turn|32
|
|t:|1776212462
|switch|p1a: 27|Dragapult, F|39/100 par
|move|p2a: Momo|Protect||[still]
|-fail|p2a: Momo
|
|-damage|p2a: Momo|88/100 brn|[from] brn
|upkeep
|turn|33
|
|t:|1776212470
|switch|p2a: Blissey|Blissey, F|94/100
|move|p1a: 27|Hex|p2a: Blissey
|-immune|p2a: Blissey
|
|upkeep
|turn|34
|
|t:|1776212480
|move|p1a: 27|Dragon Darts|p2a: Blissey
|-damage|p2a: Blissey|73/100
|-anim|p1a: 27|Dragon Darts|p2a: Blissey
|-damage|p2a: Blissey|53/100
|move|p2a: Blissey|Thunder Wave|p1a: 27
|-fail|p1a: 27|par
|
|upkeep
|turn|35
|
|t:|1776212489
|switch|p2a: Toji|Weezing-Galar, M|62/100
|-ability|p2a: Toji|Neutralizing Gas
|move|p1a: 27|Dragon Darts|p2a: Toji
|-immune|p2a: Toji
|
|upkeep
|turn|36
|
|t:|1776212497
|move|p1a: 27|Will-O-Wisp|p2a: Toji
|-status|p2a: Toji|brn
|move|p2a: Toji|Strange Steam|p1a: 27
|-supereffective|p1a: 27
|-damage|p1a: 27|0 fnt
|faint|p1a: 27
|
|-damage|p2a: Toji|56/100 brn|[from] brn
|upkeep
|
|t:|1776212510
|switch|p1a: Iron Crown|Iron Crown|8/100 par
|turn|37
|
|t:|1776212529
|-end|p2a: Toji|ability: Neutralizing Gas
|switch|p2a: Blissey|Blissey, F|53/100
|move|p1a: Iron Crown|Tachyon Cutter|p2a: Blissey
|-damage|p2a: Blissey|46/100
|-damage|p2a: Blissey|39/100
|-hitcount|p2a: Blissey|2
|
|upkeep
|turn|38
|
|t:|1776212538
|-end|p1a: Iron Crown|Quark Drive|[silent]
|switch|p1a: Ogerpon|Ogerpon-Wellspring, F|79/100
|move|p2a: Blissey|Soft-Boiled|p2a: Blissey
|-heal|p2a: Blissey|89/100
|
|upkeep
|turn|39
|
|t:|1776212544
|switch|p2a: Momo|Alomomola, F|100/100 brn
|move|p1a: Ogerpon|Taunt|p2a: Momo
|-start|p2a: Momo|move: Taunt
|
|-damage|p2a: Momo|94/100 brn|[from] brn
|upkeep
|turn|40
|
|t:|1776212557
|move|p1a: Ogerpon|U-turn|p2a: Momo
|-damage|p2a: Momo|74/100 brn
|
|t:|1776212560
|switch|p1a: menace|Gliscor, F|24/100 tox|[from] U-turn
|move|p2a: Momo|Alluring Voice|p1a: menace
|-damage|p1a: menace|16/100 tox
|
|-heal|p1a: menace|29/100 tox|[from] ability: Poison Heal
|-damage|p2a: Momo|68/100 brn|[from] brn
|upkeep
|turn|41
|
|t:|1776212570
|move|p1a: menace|Protect|p1a: menace
|-singleturn|p1a: menace|Protect
|move|p2a: Momo|Flip Turn|p1a: menace
|-activate|p1a: menace|move: Protect
|
|-heal|p1a: menace|41/100 tox|[from] ability: Poison Heal
|-damage|p2a: Momo|62/100 brn|[from] brn
|-end|p2a: Momo|move: Taunt
|upkeep
|turn|42
|
|t:|1776212582
|move|p1a: menace|Toxic Spikes|p2a: Momo
|-sidestart|p2: DJAwesome72|move: Toxic Spikes
|move|p2a: Momo|Flip Turn|p1a: menace
|-supereffective|p1a: menace
|-crit|p1a: menace
|-damage|p1a: menace|20/100 tox
|
|t:|1776212590
|switch|p2a: Toji|Weezing-Galar, M|56/100 brn|[from] Flip Turn
|-ability|p2a: Toji|Neutralizing Gas
|-sideend|p2: DJAwesome72|move: Toxic Spikes|[of] p2a: Toji
|
|-damage|p1a: menace|1/100 tox|[from] psn
|-damage|p2a: Toji|50/100 brn|[from] brn
|upkeep
|turn|43
|
|t:|1776212601
|switch|p1a: Iron Crown|Iron Crown|8/100 par
|move|p2a: Toji|Will-O-Wisp|p1a: Iron Crown|[miss]
|-miss|p2a: Toji|p1a: Iron Crown
|
|-damage|p2a: Toji|44/100 brn|[from] brn
|upkeep
|turn|44
|
|t:|1776212609
|-end|p2a: Toji|ability: Neutralizing Gas
|switch|p2a: Blissey|Blissey, F|89/100
|move|p1a: Iron Crown|Psychic|p2a: Blissey
|-damage|p2a: Blissey|77/100
|
|upkeep
|turn|45
|
|t:|1776212617
|move|p1a: Iron Crown|Focus Blast|p2a: Blissey
|-supereffective|p2a: Blissey
|-damage|p2a: Blissey|54/100
|move|p2a: Blissey|Seismic Toss|p1a: Iron Crown
|-damage|p1a: Iron Crown|0 fnt
|faint|p1a: Iron Crown
|-end|p1a: Iron Crown|Quark Drive|[silent]
|
|upkeep
|
|t:|1776212625
|switch|p1a: Ting-Lu|Ting-Lu|100/100
|-ability|p1a: Ting-Lu|Vessel of Ruin
|turn|46
|
|t:|1776212632
|move|p1a: Ting-Lu|Stealth Rock|p2a: Blissey
|-sidestart|p2: DJAwesome72|move: Stealth Rock
|move|p2a: Blissey|Soft-Boiled|p2a: Blissey
|-heal|p2a: Blissey|100/100
|
|upkeep
|turn|47
|
|t:|1776212638
|move|p1a: Ting-Lu|Heavy Slam|p2a: Blissey
|-damage|p2a: Blissey|68/100
|move|p2a: Blissey|Seismic Toss|p1a: Ting-Lu
|-damage|p1a: Ting-Lu|79/100
|-damage|p2a: Blissey|52/100|[from] item: Rocky Helmet|[of] p1a: Ting-Lu
|
|upkeep
|turn|48
|
|t:|1776212647
|move|p1a: Ting-Lu|Heavy Slam|p2a: Blissey
|-damage|p2a: Blissey|22/100
|move|p2a: Blissey|Soft-Boiled|p2a: Blissey
|-heal|p2a: Blissey|72/100
|
|upkeep
|turn|49
|
|t:|1776212653
|move|p1a: Ting-Lu|Taunt|p2a: Blissey
|-start|p2a: Blissey|move: Taunt
|cant|p2a: Blissey|move: Taunt|Soft-Boiled
|
|upkeep
|turn|50
|inactive|DJAwesome72 has 120 seconds left.
|l|☆DJAwesome72
|inactive|DJAwesome72 disconnected and has a minute to reconnect!
|player|p2|
|j|☆DJAwesome72
|inactive|DJAwesome72 reconnected and has 110 seconds left.
|player|p2|DJAwesome72|hoopster|
|
|t:|1776212704
|switch|p2a: Sukuna|Hoopa-Unbound|100/100
|-damage|p2a: Sukuna|88/100|[from] Stealth Rock
|move|p1a: Ting-Lu|Heavy Slam|p2a: Sukuna
|-damage|p2a: Sukuna|71/100
|
|upkeep
|turn|51
|
|t:|1776212713
|switch|p1a: Ogerpon|Ogerpon-Wellspring, F|79/100
|move|p2a: Sukuna|Drain Punch|p1a: Ogerpon
|-damage|p1a: Ogerpon|19/100
|-heal|p2a: Sukuna|100/100|[from] drain|[of] p1a: Ogerpon
|
|upkeep
|turn|52
|
|t:|1776212724
|switch|p2a: Jogo|Heatran, M|47/100
|-damage|p2a: Jogo|34/100|[from] Stealth Rock
|move|p1a: Ogerpon|U-turn|p2a: Jogo
|-resisted|p2a: Jogo
|-damage|p2a: Jogo|30/100
|-damage|p1a: Ogerpon|2/100|[from] item: Rocky Helmet|[of] p2a: Jogo
|
|t:|1776212732
|switch|p1a: menace|Gliscor, F|1/100 tox|[from] U-turn
|
|-heal|p1a: menace|13/100 tox|[from] ability: Poison Heal
|upkeep
|turn|53
|
|t:|1776212743
|switch|p2a: Momo|Alomomola, F|95/100 brn
|-damage|p2a: Momo|83/100 brn|[from] Stealth Rock
|move|p1a: menace|Protect||[still]
|-fail|p1a: menace
|
|-heal|p1a: menace|26/100 tox|[from] ability: Poison Heal
|-damage|p2a: Momo|77/100 brn|[from] brn
|upkeep
|turn|54
|inactive|DJAwesome72 has 120 seconds left.
|
|t:|1776212760
|move|p1a: menace|Protect|p1a: menace
|-singleturn|p1a: menace|Protect
|move|p2a: Momo|Wish|p2a: Momo
|
|-heal|p1a: menace|38/100 tox|[from] ability: Poison Heal
|-damage|p2a: Momo|70/100 brn|[from] brn
|upkeep
|turn|55
|inactive|DJAwesome72 has 120 seconds left.
|
|t:|1776212769
|move|p1a: menace|Toxic Spikes|p2a: Momo
|-sidestart|p2: DJAwesome72|move: Toxic Spikes
|move|p2a: Momo|Flip Turn|p1a: menace
|-supereffective|p1a: menace
|-damage|p1a: menace|25/100 tox
|inactive|DJAwesome72 has 120 seconds left.
|
|t:|1776212774
|switch|p2a: Toji|Weezing-Galar, M|44/100 brn|[from] Flip Turn
|-ability|p2a: Toji|Neutralizing Gas
|-sideend|p2: DJAwesome72|move: Toxic Spikes|[of] p2a: Toji
|
|-heal|p2a: Toji|100/100 brn|[from] move: Wish|[wisher] Momo
|-damage|p1a: menace|0 fnt|[from] psn
|faint|p1a: menace
|-damage|p2a: Toji|95/100 brn|[from] brn
|upkeep
|
|t:|1776212792
|switch|p1a: Ting-Lu|Ting-Lu|79/100
|turn|56
|
|t:|1776212797
|move|p1a: Ting-Lu|Taunt|p2a: Toji
|-start|p2a: Toji|move: Taunt
|cant|p2a: Toji|move: Taunt|Toxic
|
|-damage|p2a: Toji|89/100 brn|[from] brn
|upkeep
|turn|57
|inactive|killsillks has 120 seconds left.
|j| shady523
|
|t:|1776212833
|-end|p2a: Toji|ability: Neutralizing Gas
|-ability|p1a: Ting-Lu|Vessel of Ruin
|switch|p2a: Sukuna|Hoopa-Unbound|100/100
|-damage|p2a: Sukuna|88/100|[from] Stealth Rock
|move|p1a: Ting-Lu|Heavy Slam|p2a: Sukuna
|-damage|p2a: Sukuna|72/100
|
|upkeep
|turn|58
|c|☆DJAwesome72|Gg
|inactive|killsillks has 120 seconds left.
|
|t:|1776212843
|switch|p1a: Ogerpon|Ogerpon-Wellspring, F|2/100
|move|p2a: Sukuna|Drain Punch|p1a: Ogerpon
|-damage|p1a: Ogerpon|0 fnt
|-heal|p2a: Sukuna|73/100|[from] drain|[of] p1a: Ogerpon
|faint|p1a: Ogerpon
|
|upkeep
|
|t:|1776212847
|switch|p1a: Ting-Lu|Ting-Lu|79/100
|-ability|p1a: Ting-Lu|Vessel of Ruin
|turn|59
|
|t:|1776212855
|move|p2a: Sukuna|Drain Punch|p1a: Ting-Lu
|-supereffective|p1a: Ting-Lu
|-damage|p1a: Ting-Lu|12/100
|-heal|p2a: Sukuna|100/100|[from] drain|[of] p1a: Ting-Lu
|-damage|p2a: Sukuna|84/100|[from] item: Rocky Helmet|[of] p1a: Ting-Lu
|move|p1a: Ting-Lu|Ruination|p2a: Sukuna
|-damage|p2a: Sukuna|42/100
|
|upkeep
|turn|60
|c| shady523|Dude
|-message|killsillks forfeited.
|
|win|DJAwesome72
|raw|killsillks's rating: 1241 &rarr; <strong>1221</strong><br />(-20 for losing)
|raw|DJAwesome72's rating: 1310 &rarr; <strong>1326</strong><br />(+16 for winning)
|l|☆killsillks
|player|p1|
|c| shady523|U sick
|l| ohko_smeargle
