|html|<div class="broadcast-blue"><strong>[Gen 9] OU is currently suspecting Tera Blast! For information on how to participate check out the <a href="https://www.smogon.com/tools/suspects/view/200">suspect thread</a>.</strong></div>
|j|☆Chelicerae
|j|☆dovehoney
|t:|1776089705
|gametype|singles
|player|p1|Chelicerae|170|1402
|player|p2|dovehoney|preschooler|1336
|gen|9
|tier|[Gen 9] OU
|rated|
|rule|HP Percentage Mod: HP is shown in percentages
|rule|Endless Battle Clause: Forcing endless battles is banned
|rule|Species Clause: Limit one of each Pokémon
|rule|OHKO Clause: OHKO moves are banned
|rule|Evasion Items Clause: Evasion items are banned
|rule|Evasion Moves Clause: Evasion moves are banned
|rule|Evasion Abilities Clause: Evasion abilities are banned
|rule|Sleep Moves Clause: Sleep-inducing moves are banned
|clearpoke
|poke|p1|Gholdengo|
|poke|p1|Raging Bolt|
|poke|p1|Skarmory, M|
|poke|p1|Iron Valiant|
|poke|p1|Rillaboom, F|
|poke|p1|Great Tusk|
|poke|p2|Weezing-Galar, F|
|poke|p2|Goodra, M|
|poke|p2|Gyarados, M|
|poke|p2|Heatran, F|
|poke|p2|Garganacl, M|
|poke|p2|Iron Valiant|
|teampreview
|inactive|Battle timer is ON: inactive players will automatically lose when time's up. (requested by dovehoney)
|
|t:|1776089722
|teamsize|p1|6
|teamsize|p2|6
|start
|switch|p1a: Skarmory|Skarmory, M|100/100
|switch|p2a: Garganacl|Garganacl, M|100/100
|turn|1
|
|t:|1776089741
|switch|p1a: Rillaboom|Rillaboom, F|100/100
|-fieldstart|move: Grassy Terrain|[from] ability: Grassy Surge|[of] p1a: Rillaboom
|move|p2a: Garganacl|Salt Cure|p1a: Rillaboom
|-damage|p1a: Rillaboom|85/100
|-start|p1a: Rillaboom|Salt Cure
|
|-heal|p1a: Rillaboom|91/100|[from] Grassy Terrain
|-damage|p1a: Rillaboom|79/100|[from] Salt Cure
|upkeep
|turn|2
|inactive|Chelicerae has 120 seconds left.
|
|t:|1776089790
|switch|p2a: Weezing|Weezing-Galar, F|100/100
|move|p1a: Rillaboom|Wood Hammer|p2a: Weezing
|-resisted|p2a: Weezing
|-damage|p2a: Weezing|65/100
|-damage|p1a: Rillaboom|62/100|[from] item: Rocky Helmet|[of] p2a: Weezing
|-damage|p1a: Rillaboom|51/100|[from] Recoil
|-damage|p1a: Rillaboom|41/100|[from] item: Life Orb
|
|-heal|p1a: Rillaboom|47/100|[from] Grassy Terrain
|-damage|p1a: Rillaboom|35/100|[from] Salt Cure
|upkeep
|turn|3
|
|t:|1776089800
|switch|p1a: Gholdengo|Gholdengo|100/100
|move|p2a: Weezing|Will-O-Wisp|p1a: Gholdengo
|-immune|p1a: Gholdengo|[from] ability: Good as Gold
|
|upkeep
|turn|4
|
|t:|1776089809
|switch|p2a: Heatran|Heatran, F|100/100
|move|p1a: Gholdengo|Trick|p2a: Heatran
|-activate|p1a: Gholdengo|move: Trick|[of] p2a: Heatran
|-item|p2a: Heatran|Choice Scarf|[from] move: Trick
|-item|p1a: Gholdengo|Choice Scarf|[from] move: Trick
|
|upkeep
|turn|5
|
|t:|1776089823
|move|p1a: Gholdengo|Focus Blast|p2a: Heatran
|-supereffective|p2a: Heatran
|-damage|p2a: Heatran|16/100
|move|p2a: Heatran|Overheat|p1a: Gholdengo
|-supereffective|p1a: Gholdengo
|-damage|p1a: Gholdengo|0 fnt
|-unboost|p2a: Heatran|spa|2
|faint|p1a: Gholdengo
|
|-heal|p2a: Heatran|22/100|[from] Grassy Terrain
|-fieldend|move: Grassy Terrain
|upkeep
|
|t:|1776089834
|switch|p1a: Raging Bolt|Raging Bolt|100/100
|-enditem|p1a: Raging Bolt|Booster Energy
|-activate|p1a: Raging Bolt|ability: Protosynthesis|[fromitem]
|-start|p1a: Raging Bolt|protosynthesisspa
|turn|6
|
|t:|1776089840
|switch|p2a: Goodra|Goodra, M|100/100
|move|p1a: Raging Bolt|Calm Mind|p1a: Raging Bolt
|-boost|p1a: Raging Bolt|spa|1
|-boost|p1a: Raging Bolt|spd|1
|
|upkeep
|turn|7
|inactive|Chelicerae has 120 seconds left.
|
|t:|1776089858
|-terastallize|p1a: Raging Bolt|Ghost
|move|p1a: Raging Bolt|Calm Mind|p1a: Raging Bolt
|-boost|p1a: Raging Bolt|spa|1
|-boost|p1a: Raging Bolt|spd|1
|move|p2a: Goodra|Ice Beam|p1a: Raging Bolt
|-damage|p1a: Raging Bolt|85/100
|
|upkeep
|turn|8
|
|t:|1776089862
|switch|p2a: Garganacl|Garganacl, M|100/100
|move|p1a: Raging Bolt|Draco Meteor|p2a: Garganacl
|-damage|p2a: Garganacl|0 fnt
|-unboost|p1a: Raging Bolt|spa|2
|faint|p2a: Garganacl
|
|upkeep
|
|t:|1776089870
|switch|p2a: Iron Valiant|Iron Valiant|100/100
|turn|9
|
|t:|1776089878
|-end|p1a: Raging Bolt|Protosynthesis|[silent]
|switch|p1a: Skarmory|Skarmory, M|100/100
|move|p2a: Iron Valiant|Spirit Break|p1a: Skarmory
|-resisted|p1a: Skarmory
|-damage|p1a: Skarmory|86/100
|-unboost|p1a: Skarmory|spa|1
|-damage|p2a: Iron Valiant|84/100|[from] item: Rocky Helmet|[of] p1a: Skarmory
|
|upkeep
|turn|10
|
|t:|1776089885
|-end|p2a: Iron Valiant|Quark Drive|[silent]
|switch|p2a: Weezing|Weezing-Galar, F|65/100
|move|p1a: Skarmory|Spikes|p2a: Weezing
|-sidestart|p2: dovehoney|Spikes
|
|upkeep
|turn|11
|
|t:|1776089892
|move|p1a: Skarmory|Spikes|p2a: Weezing
|-sidestart|p2: dovehoney|Spikes
|move|p2a: Weezing|Defog|p1a: Skarmory
|-unboost|p1a: Skarmory|evasion|1
|-sideend|p2: dovehoney|Spikes|[from] move: Defog|[of] p2a: Weezing
|
|upkeep
|turn|12
|
|t:|1776089900
|switch|p1a: Great Tusk|Great Tusk|100/100
|-enditem|p1a: Great Tusk|Booster Energy
|-activate|p1a: Great Tusk|ability: Protosynthesis|[fromitem]
|-start|p1a: Great Tusk|protosynthesisspe
|move|p2a: Weezing|Will-O-Wisp|p1a: Great Tusk
|-status|p1a: Great Tusk|brn
|
|-damage|p1a: Great Tusk|94/100 brn|[from] brn
|upkeep
|turn|13
|inactive|Chelicerae has 120 seconds left.
|
|t:|1776089937
|-end|p1a: Great Tusk|Protosynthesis|[silent]
|switch|p1a: Raging Bolt|Raging Bolt, tera:Ghost|85/100
|move|p2a: Weezing|Strange Steam|p1a: Raging Bolt
|-damage|p1a: Raging Bolt|61/100
|
|upkeep
|turn|14
|
|t:|1776089950
|switch|p2a: Goodra|Goodra, M|100/100
|move|p1a: Raging Bolt|Thunderbolt|p2a: Goodra
|-resisted|p2a: Goodra
|-damage|p2a: Goodra|90/100
|
|upkeep
|turn|15
|
|t:|1776089959
|move|p1a: Raging Bolt|Draco Meteor|p2a: Goodra
|-supereffective|p2a: Goodra
|-damage|p2a: Goodra|19/100
|-unboost|p1a: Raging Bolt|spa|2
|move|p2a: Goodra|Ice Beam|p1a: Raging Bolt
|-damage|p1a: Raging Bolt|32/100
|
|upkeep
|turn|16
|
|t:|1776089966
|-end|p1a: Raging Bolt|Protosynthesis|[silent]
|switch|p1a: Skarmory|Skarmory, M|86/100
|move|p2a: Goodra|Ice Beam|p1a: Skarmory
|-damage|p1a: Skarmory|46/100
|
|upkeep
|turn|17
|
|t:|1776089973
|move|p1a: Skarmory|Body Press|p2a: Goodra
|-damage|p2a: Goodra|0 fnt
|faint|p2a: Goodra
|
|upkeep
|
|t:|1776089980
|switch|p2a: Gyarados|Gyarados, M|100/100
|turn|18
|
|t:|1776089993
|move|p2a: Gyarados|Dragon Dance|p2a: Gyarados
|-boost|p2a: Gyarados|atk|1
|-boost|p2a: Gyarados|spe|1
|move|p1a: Skarmory|Iron Defense|p1a: Skarmory
|-boost|p1a: Skarmory|def|2
|
|upkeep
|turn|19
|
|t:|1776090007
|move|p2a: Gyarados|Waterfall|p1a: Skarmory
|-damage|p1a: Skarmory|27/100
|-damage|p2a: Gyarados|84/100|[from] item: Rocky Helmet|[of] p1a: Skarmory
|move|p1a: Skarmory|Roost|p1a: Skarmory
|-heal|p1a: Skarmory|77/100
|-singleturn|p1a: Skarmory|move: Roost
|
|-heal|p2a: Gyarados|90/100|[from] item: Leftovers
|upkeep
|turn|20
|
|t:|1776090014
|switch|p2a: Heatran|Heatran, F|22/100
|move|p1a: Skarmory|Iron Defense|p1a: Skarmory
|-boost|p1a: Skarmory|def|2
|
|upkeep
|turn|21
|
|t:|1776090022
|switch|p1a: Great Tusk|Great Tusk|94/100 brn
|move|p2a: Heatran|Overheat|p1a: Great Tusk|[miss]
|-miss|p2a: Heatran|p1a: Great Tusk
|
|-damage|p1a: Great Tusk|88/100 brn|[from] brn
|upkeep
|turn|22
|
|t:|1776090026
|switch|p2a: Weezing|Weezing-Galar, F|65/100
|move|p1a: Great Tusk|Headlong Rush|p2a: Weezing
|-immune|p2a: Weezing|[from] ability: Levitate
|
|-damage|p1a: Great Tusk|82/100 brn|[from] brn
|upkeep
|turn|23
|
|t:|1776090033
|move|p1a: Great Tusk|Bulk Up|p1a: Great Tusk
|-boost|p1a: Great Tusk|atk|1
|-boost|p1a: Great Tusk|def|1
|move|p2a: Weezing|Strange Steam|p1a: Great Tusk
|-supereffective|p1a: Great Tusk
|-damage|p1a: Great Tusk|9/100 brn
|
|-damage|p1a: Great Tusk|3/100 brn|[from] brn
|upkeep
|turn|24
|
|t:|1776090041
|move|p1a: Great Tusk|Ice Spinner|p2a: Weezing
|-damage|p2a: Weezing|54/100
|-damage|p1a: Great Tusk|0 fnt|[from] item: Rocky Helmet|[of] p2a: Weezing
|faint|p1a: Great Tusk
|-end|p1a: Great Tusk|Protosynthesis|[silent]
|move|p2a: Weezing|Strange Steam|p1: Great Tusk|[notarget]
|-fail|p2a: Weezing
|
|upkeep
|
|t:|1776090046
|switch|p1a: Rillaboom|Rillaboom, F|35/100
|-fieldstart|move: Grassy Terrain|[from] ability: Grassy Surge|[of] p1a: Rillaboom
|turn|25
|
|t:|1776090050
|move|p1a: Rillaboom|Knock Off|p2a: Weezing
|-resisted|p2a: Weezing
|-damage|p2a: Weezing|40/100
|-damage|p1a: Rillaboom|18/100|[from] item: Rocky Helmet|[of] p2a: Weezing
|-enditem|p2a: Weezing|Rocky Helmet|[from] move: Knock Off|[of] p1a: Rillaboom
|-damage|p1a: Rillaboom|8/100|[from] item: Life Orb
|move|p2a: Weezing|Strange Steam|p1a: Rillaboom
|-damage|p1a: Rillaboom|0 fnt
|faint|p1a: Rillaboom
|
|upkeep
|
|t:|1776090053
|switch|p1a: Raging Bolt|Raging Bolt, tera:Ghost|32/100
|turn|26
|
|t:|1776090063
|move|p1a: Raging Bolt|Thunderbolt|p2a: Weezing
|-damage|p2a: Weezing|0 fnt
|faint|p2a: Weezing
|
|-heal|p1a: Raging Bolt|39/100|[from] Grassy Terrain
|upkeep
|
|t:|1776090070
|switch|p2a: Gyarados|Gyarados, M|90/100
|turn|27
|
|t:|1776090074
|-end|p1a: Raging Bolt|Protosynthesis|[silent]
|switch|p1a: Skarmory|Skarmory, M|77/100
|-terastallize|p2a: Gyarados|Ground
|move|p2a: Gyarados|Dragon Dance|p2a: Gyarados
|-boost|p2a: Gyarados|atk|1
|-boost|p2a: Gyarados|spe|1
|
|-heal|p2a: Gyarados|96/100|[from] Grassy Terrain
|-heal|p2a: Gyarados|100/100|[from] item: Leftovers
|upkeep
|turn|28
|
|t:|1776090082
|move|p2a: Gyarados|Waterfall|p1a: Skarmory
|-damage|p1a: Skarmory|37/100
|-damage|p2a: Gyarados|84/100|[from] item: Rocky Helmet|[of] p1a: Skarmory
|cant|p1a: Skarmory|flinch
|
|-heal|p2a: Gyarados|90/100|[from] Grassy Terrain
|-heal|p2a: Gyarados|96/100|[from] item: Leftovers
|upkeep
|turn|29
|
|t:|1776090096
|move|p2a: Gyarados|Waterfall|p1a: Skarmory
|-damage|p1a: Skarmory|0 fnt
|-damage|p2a: Gyarados|79/100|[from] item: Rocky Helmet|[of] p1a: Skarmory
|faint|p1a: Skarmory
|-ability|p2a: Gyarados|Moxie|boost
|-boost|p2a: Gyarados|atk|1
|
|-heal|p2a: Gyarados|85/100|[from] Grassy Terrain
|-heal|p2a: Gyarados|91/100|[from] item: Leftovers
|-fieldend|move: Grassy Terrain
|upkeep
|
|t:|1776090104
|switch|p1a: Iron Valiant|Iron Valiant|100/100
|-enditem|p1a: Iron Valiant|Booster Energy
|-activate|p1a: Iron Valiant|ability: Quark Drive|[fromitem]
|-start|p1a: Iron Valiant|quarkdrivespe
|turn|30
|
|t:|1776090112
|move|p1a: Iron Valiant|Knock Off|p2a: Gyarados
|-damage|p2a: Gyarados|46/100
|-enditem|p2a: Gyarados|Leftovers|[from] move: Knock Off|[of] p1a: Iron Valiant
|move|p2a: Gyarados|Earthquake|p1a: Iron Valiant
|-damage|p1a: Iron Valiant|0 fnt
|faint|p1a: Iron Valiant
|-end|p1a: Iron Valiant|Quark Drive|[silent]
|-ability|p2a: Gyarados|Moxie|boost
|-boost|p2a: Gyarados|atk|1
|
|upkeep
|-message|Chelicerae forfeited.
|
|win|dovehoney
|raw|Chelicerae's rating: 1402 &rarr; <strong>1378</strong><br />(-24 for losing)
|raw|dovehoney's rating: 1336 &rarr; <strong>1360</strong><br />(+24 for winning)
|l|☆Chelicerae
|player|p1|
|l|☆dovehoney
|player|p2|
