|html|<div class="broadcast-blue"><strong>[Gen 9] OU is currently suspecting Tera Blast! For information on how to participate check out the <a href="https://www.smogon.com/tools/suspects/view/200">suspect thread</a>.</strong></div>
|j|☆oldplayerretired
|j|☆kauez
|t:|1776262630
|gametype|singles
|player|p1|oldplayerretired|veteranf|
|player|p2|kauez|gentleman-gen4|
|gen|9
|tier|[Gen 9] OU
|rule|HP Percentage Mod: HP is shown in percentages
|rule|Endless Battle Clause: Forcing endless battles is banned
|rule|Species Clause: Limit one of each Pokémon
|rule|OHKO Clause: OHKO moves are banned
|rule|Evasion Items Clause: Evasion items are banned
|rule|Evasion Moves Clause: Evasion moves are banned
|rule|Evasion Abilities Clause: Evasion abilities are banned
|rule|Sleep Moves Clause: Sleep-inducing moves are banned
|clearpoke
|poke|p1|Gholdengo|
|poke|p1|Great Tusk|
|poke|p1|Dondozo, F|
|poke|p1|Ting-Lu|
|poke|p1|Raging Bolt|
|poke|p1|Ogerpon, F|
|poke|p2|Cinderace, M|
|poke|p2|Corviknight, M|
|poke|p2|Iron Moth|
|poke|p2|Slowking-Galar, F|
|poke|p2|Kyurem|
|poke|p2|Scizor, M|
|teampreview
|inactive|Battle timer is ON: inactive players will automatically lose when time's up. (requested by kauez)
|
|t:|1776262640
|teamsize|p1|6
|teamsize|p2|6
|start
|switch|p1a: Raging Bolt|Raging Bolt|100/100
|switch|p2a: Scizor|Scizor, M|100/100
|turn|1
|
|t:|1776262646
|move|p1a: Raging Bolt|Volt Switch|p2a: Scizor
|-damage|p2a: Scizor|24/100
|
|t:|1776262649
|-end|p1a: Raging Bolt|Protosynthesis|[silent]
|switch|p1a: Dondozo|Dondozo, F|100/100|[from] Volt Switch
|move|p2a: Scizor|Knock Off|p1a: Dondozo
|-damage|p1a: Dondozo|74/100
|-damage|p2a: Scizor|8/100|[from] item: Rocky Helmet|[of] p1a: Dondozo
|-enditem|p1a: Dondozo|Rocky Helmet|[from] move: Knock Off|[of] p2a: Scizor
|
|upkeep
|turn|2
|
|t:|1776262661
|switch|p1a: Raging Bolt|Raging Bolt|100/100
|move|p2a: Scizor|Knock Off|p1a: Raging Bolt
|-damage|p1a: Raging Bolt|56/100
|-enditem|p1a: Raging Bolt|Choice Specs|[from] move: Knock Off|[of] p2a: Scizor
|
|upkeep
|turn|3
|
|t:|1776262667
|move|p1a: Raging Bolt|Volt Switch|p2a: Scizor
|-crit|p2a: Scizor
|-damage|p2a: Scizor|0 fnt
|faint|p2a: Scizor
|
|t:|1776262681
|-end|p1a: Raging Bolt|Protosynthesis|[silent]
|switch|p1a: Ting-Lu|Ting-Lu|100/100|[from] Volt Switch
|-ability|p1a: Ting-Lu|Vessel of Ruin
|
|upkeep
|
|t:|1776262688
|switch|p2a: Iron Moth|Iron Moth|100/100
|-enditem|p2a: Iron Moth|Booster Energy
|-activate|p2a: Iron Moth|ability: Quark Drive|[fromitem]
|-start|p2a: Iron Moth|quarkdrivespa
|turn|4
|
|t:|1776262694
|move|p2a: Iron Moth|Agility|p2a: Iron Moth
|-boost|p2a: Iron Moth|spe|2
|move|p1a: Ting-Lu|Earthquake|p2a: Iron Moth
|-supereffective|p2a: Iron Moth
|-damage|p2a: Iron Moth|0 fnt
|faint|p2a: Iron Moth
|-end|p2a: Iron Moth|Quark Drive|[silent]
|
|upkeep
|
|t:|1776262704
|switch|p2a: Corviknight|Corviknight, M, shiny|100/100
|-ability|p2a: Corviknight|Pressure
|turn|5
|
|t:|1776262708
|switch|p1a: Raging Bolt|Raging Bolt|56/100
|move|p2a: Corviknight|U-turn|p1a: Raging Bolt
|-damage|p1a: Raging Bolt|44/100
|
|t:|1776262714
|switch|p2a: Cinderace|Cinderace, M, shiny|100/100|[from] U-turn
|
|upkeep
|turn|6
|
|t:|1776262717
|move|p2a: Cinderace|Pyro Ball|p1a: Raging Bolt
|-resisted|p1a: Raging Bolt
|-damage|p1a: Raging Bolt|20/100
|move|p1a: Raging Bolt|Volt Switch|p2a: Cinderace
|-damage|p2a: Cinderace|38/100
|
|t:|1776262725
|-end|p1a: Raging Bolt|Protosynthesis|[silent]
|switch|p1a: Great Tusk|Great Tusk, shiny|100/100|[from] Volt Switch
|
|upkeep
|turn|7
|
|t:|1776262730
|move|p2a: Cinderace|U-turn|p1a: Great Tusk
|-start|p2a: Cinderace|typechange|Bug|[from] ability: Libero
|-resisted|p1a: Great Tusk
|-damage|p1a: Great Tusk|92/100
|
|t:|1776262732
|switch|p2a: Corviknight|Corviknight, M, shiny|100/100|[from] U-turn
|-ability|p2a: Corviknight|Pressure
|move|p1a: Great Tusk|Stealth Rock|p2a: Corviknight
|-sidestart|p2: kauez|move: Stealth Rock
|
|-heal|p1a: Great Tusk|98/100|[from] item: Leftovers
|upkeep
|turn|8
|
|t:|1776262736
|-end|p1a: Great Tusk|Protosynthesis|[silent]
|switch|p1a: Raging Bolt|Raging Bolt|20/100
|move|p2a: Corviknight|Brave Bird|p1a: Raging Bolt
|-resisted|p1a: Raging Bolt
|-damage|p1a: Raging Bolt|5/100
|-damage|p2a: Corviknight|95/100|[from] Recoil
|
|upkeep
|turn|9
|j| WinnerKross
|
|t:|1776262748
|move|p1a: Raging Bolt|Volt Switch|p2a: Corviknight
|-supereffective|p2a: Corviknight
|-damage|p2a: Corviknight|17/100
|
|t:|1776262753
|-end|p1a: Raging Bolt|Protosynthesis|[silent]
|switch|p1a: Gholdengo|Gholdengo|100/100|[from] Volt Switch
|move|p2a: Corviknight|Body Press|p1a: Gholdengo
|-immune|p1a: Gholdengo
|
|upkeep
|turn|10
|
|t:|1776262769
|move|p1a: Gholdengo|Thunder Wave|p2a: Corviknight
|-status|p2a: Corviknight|par
|cant|p2a: Corviknight|par
|
|upkeep
|turn|11
|
|t:|1776262776
|move|p1a: Gholdengo|Hex|p2a: Corviknight
|-damage|p2a: Corviknight|0 fnt
|faint|p2a: Corviknight
|
|upkeep
|
|t:|1776262779
|switch|p2a: Cinderace|Cinderace, M, shiny|38/100
|turn|12
|
|t:|1776262784
|switch|p1a: Dondozo|Dondozo, F|74/100
|move|p2a: Cinderace|Pyro Ball|p1a: Dondozo
|-resisted|p1a: Dondozo
|-damage|p1a: Dondozo|61/100
|
|upkeep
|turn|13
|
|t:|1776262791
|switch|p1a: Great Tusk|Great Tusk, shiny|98/100
|move|p2a: Cinderace|U-turn|p1a: Great Tusk
|-start|p2a: Cinderace|typechange|Bug|[from] ability: Libero
|-resisted|p1a: Great Tusk
|-damage|p1a: Great Tusk|90/100
|
|t:|1776262797
|switch|p2a: Kyurem|Kyurem, shiny|100/100|[from] U-turn
|-damage|p2a: Kyurem|76/100|[from] Stealth Rock
|-ability|p2a: Kyurem|Pressure
|
|-heal|p1a: Great Tusk|96/100|[from] item: Leftovers
|upkeep
|turn|14
|
|t:|1776262802
|-end|p1a: Great Tusk|Protosynthesis|[silent]
|switch|p1a: Gholdengo|Gholdengo|100/100
|move|p2a: Kyurem|Ice Beam|p1a: Gholdengo
|-resisted|p1a: Gholdengo
|-damage|p1a: Gholdengo|76/100
|
|-heal|p1a: Gholdengo|82/100|[from] item: Leftovers
|upkeep
|turn|15
|
|t:|1776262806
|switch|p2a: Cinderace|Cinderace, M, shiny|38/100
|move|p1a: Gholdengo|Thunder Wave|p2a: Cinderace
|-status|p2a: Cinderace|par
|
|-heal|p1a: Gholdengo|88/100|[from] item: Leftovers
|upkeep
|turn|16
|
|t:|1776262809
|move|p1a: Gholdengo|Hex|p2a: Cinderace
|-damage|p2a: Cinderace|0 fnt
|faint|p2a: Cinderace
|
|-heal|p1a: Gholdengo|94/100|[from] item: Leftovers
|upkeep
|
|t:|1776262815
|switch|p2a: Kyurem|Kyurem, shiny|76/100
|-damage|p2a: Kyurem|51/100|[from] Stealth Rock
|-ability|p2a: Kyurem|Pressure
|turn|17
|
|t:|1776262820
|move|p2a: Kyurem|Earth Power|p1a: Gholdengo
|-supereffective|p1a: Gholdengo
|-damage|p1a: Gholdengo|32/100
|move|p1a: Gholdengo|Thunder Wave|p2a: Kyurem
|-status|p2a: Kyurem|par
|
|-heal|p1a: Gholdengo|38/100|[from] item: Leftovers
|upkeep
|turn|18
|
|t:|1776262831
|switch|p1a: Ting-Lu|Ting-Lu|100/100
|-ability|p1a: Ting-Lu|Vessel of Ruin
|move|p2a: Kyurem|Earth Power|p1a: Ting-Lu
|-damage|p1a: Ting-Lu|74/100
|
|upkeep
|turn|19
|
|t:|1776262837
|move|p2a: Kyurem|Earth Power|p1a: Ting-Lu
|-damage|p1a: Ting-Lu|47/100
|move|p1a: Ting-Lu|Earthquake|p2a: Kyurem
|-damage|p2a: Kyurem|0 fnt
|faint|p2a: Kyurem
|
|upkeep
|
|t:|1776262839
|switch|p2a: Slowking|Slowking-Galar, F, shiny|100/100
|-damage|p2a: Slowking|88/100|[from] Stealth Rock
|turn|20
|
|t:|1776262843
|move|p1a: Ting-Lu|Earthquake|p2a: Slowking
|-supereffective|p2a: Slowking
|-damage|p2a: Slowking|0 fnt
|faint|p2a: Slowking
|
|win|oldplayerretired
