|html|<div class="broadcast-blue"><strong>[Gen 9] OU is currently suspecting Volcarona! For information on how to participate check out the <a href="https://www.smogon.com/tools/suspects/view/208">suspect thread</a>.</strong></div>
|j|☆GeniusGamingLegend
|j|☆suparsayajin
|t:|1778504677
|gametype|singles
|player|p1|GeniusGamingLegend|harlequin|1464
|player|p2|suparsayajin|101|1433
|gen|9
|tier|[Gen 9] OU
|rated|
|rule|HP Percentage Mod: HP is shown in percentages
|rule|Endless Battle Clause: Forcing endless battles is banned
|rule|Species Clause: Limit one of each Pokémon
|rule|OHKO Clause: OHKO moves are banned
|rule|Evasion Items Clause: Evasion items are banned
|rule|Evasion Moves Clause: Evasion moves are banned
|rule|Evasion Abilities Clause: Evasion abilities are banned
|rule|Sleep Moves Clause: Sleep-inducing moves are banned
|clearpoke
|poke|p1|Gliscor, M|
|poke|p1|Gholdengo|
|poke|p1|Dragonite, F|
|poke|p1|Ting-Lu|
|poke|p1|Darkrai|
|poke|p1|Zamazenta-*|
|poke|p2|Excadrill, M|
|poke|p2|Tyranitar, M|
|poke|p2|Glimmora, F|
|poke|p2|Sudowoodo, L1, F|
|poke|p2|Comfey, F|
|poke|p2|Mimikyu, F|
|teampreview
|inactive|Battle timer is ON: inactive players will automatically lose when time's up. (requested by suparsayajin)
|inactive|GeniusGamingLegend also wants the timer to be on.
|inactive|GeniusGamingLegend has 120 seconds left.
|
|t:|1778504709
|teamsize|p1|6
|teamsize|p2|6
|start
|switch|p1a: Gliscor|Gliscor, M|100/100
|switch|p2a: Sudowoodo|Sudowoodo, L1, F|100/100
|turn|1
|
|t:|1778504714
|switch|p2a: Glimmora|Glimmora, F|100/100
|-item|p2a: Glimmora|Air Balloon
|move|p1a: Gliscor|Toxic|p2a: Glimmora
|-immune|p2a: Glimmora
|
|-status|p1a: Gliscor|tox|[from] item: Toxic Orb
|upkeep
|turn|2
|
|t:|1778504730
|move|p2a: Glimmora|Spikes|p1a: Gliscor
|-sidestart|p1: GeniusGamingLegend|Spikes
|move|p1a: Gliscor|Spikes|p2a: Glimmora
|-sidestart|p2: suparsayajin|Spikes
|
|upkeep
|turn|3
|
|t:|1778504737
|switch|p1a: Gholdengo|Gholdengo|100/100
|-damage|p1a: Gholdengo|88/100|[from] Spikes
|move|p2a: Glimmora|Spikes|p1a: Gholdengo
|-sidestart|p1: GeniusGamingLegend|Spikes
|
|upkeep
|turn|4
|
|t:|1778504743
|switch|p2a: Tyranitar|Tyranitar, M|100/100
|-damage|p2a: Tyranitar|88/100|[from] Spikes
|-weather|Sandstorm|[from] ability: Sand Stream|[of] p2a: Tyranitar
|move|p1a: Gholdengo|Make It Rain|p2a: Tyranitar
|-supereffective|p2a: Tyranitar
|-damage|p2a: Tyranitar|27/100
|-unboost|p1a: Gholdengo|spa|1
|
|-weather|Sandstorm|[upkeep]
|upkeep
|turn|5
|
|t:|1778504747
|switch|p1a: Ting-Lu|Ting-Lu|100/100
|-damage|p1a: Ting-Lu|84/100|[from] Spikes
|-ability|p1a: Ting-Lu|Vessel of Ruin
|switch|p2a: Excadrill|Excadrill, M|100/100
|-item|p2a: Excadrill|Air Balloon
|
|-weather|Sandstorm|[upkeep]
|-heal|p1a: Ting-Lu|90/100|[from] item: Leftovers
|upkeep
|turn|6
|
|t:|1778504752
|move|p2a: Excadrill|Swords Dance|p2a: Excadrill
|-boost|p2a: Excadrill|atk|2
|move|p1a: Ting-Lu|Ruination|p2a: Excadrill
|-damage|p2a: Excadrill|50/100
|-enditem|p2a: Excadrill|Air Balloon
|
|-weather|Sandstorm|[upkeep]
|-heal|p1a: Ting-Lu|96/100|[from] item: Leftovers
|upkeep
|turn|7
|
|t:|1778504755
|move|p2a: Excadrill|Earthquake|p1a: Ting-Lu
|-damage|p1a: Ting-Lu|28/100
|move|p1a: Ting-Lu|Earthquake|p2a: Excadrill
|-supereffective|p2a: Excadrill
|-damage|p2a: Excadrill|0 fnt
|faint|p2a: Excadrill
|
|-weather|Sandstorm|[upkeep]
|-heal|p1a: Ting-Lu|34/100|[from] item: Leftovers
|upkeep
|
|t:|1778504758
|switch|p2a: Glimmora|Glimmora, F|100/100
|-item|p2a: Glimmora|Air Balloon
|turn|8
|
|t:|1778504764
|move|p2a: Glimmora|Mortal Spin|p1a: Ting-Lu
|-resisted|p1a: Ting-Lu
|-damage|p1a: Ting-Lu|32/100
|-status|p1a: Ting-Lu|psn
|-sideend|p2: suparsayajin|Spikes|[from] move: Mortal Spin|[of] p2a: Glimmora
|move|p1a: Ting-Lu|Ruination|p2a: Glimmora
|-damage|p2a: Glimmora|50/100
|-enditem|p2a: Glimmora|Air Balloon
|
|-weather|Sandstorm|[upkeep]
|-heal|p1a: Ting-Lu|38/100 psn|[from] item: Leftovers
|-damage|p1a: Ting-Lu|26/100 psn|[from] psn
|upkeep
|turn|9
|
|t:|1778504769
|move|p2a: Glimmora|Energy Ball|p1a: Ting-Lu
|-supereffective|p1a: Ting-Lu
|-damage|p1a: Ting-Lu|2/100 psn
|move|p1a: Ting-Lu|Stealth Rock|p2a: Glimmora
|-sidestart|p2: suparsayajin|move: Stealth Rock
|
|-weather|Sandstorm|[upkeep]
|-heal|p1a: Ting-Lu|8/100 psn|[from] item: Leftovers
|-damage|p1a: Ting-Lu|0 fnt|[from] psn
|faint|p1a: Ting-Lu
|upkeep
|
|t:|1778504772
|switch|p1a: Gholdengo|Gholdengo|88/100
|-damage|p1a: Gholdengo|72/100|[from] Spikes
|turn|10
|
|t:|1778504778
|switch|p2a: Tyranitar|Tyranitar, M|27/100
|-damage|p2a: Tyranitar|14/100|[from] Stealth Rock
|move|p1a: Gholdengo|Make It Rain|p2a: Tyranitar
|-supereffective|p2a: Tyranitar
|-damage|p2a: Tyranitar|0 fnt
|-unboost|p1a: Gholdengo|spa|1
|faint|p2a: Tyranitar
|
|-weather|Sandstorm|[upkeep]
|upkeep
|
|t:|1778504785
|switch|p2a: Mimikyu|Mimikyu, F|100/100
|-damage|p2a: Mimikyu|88/100|[from] Stealth Rock
|turn|11
|
|t:|1778504788
|switch|p1a: Gliscor|Gliscor, M|100/100 tox
|move|p2a: Mimikyu|Swords Dance|p2a: Mimikyu
|-boost|p2a: Mimikyu|atk|2
|
|-weather|none
|upkeep
|turn|12
|
|t:|1778504792
|move|p2a: Mimikyu|Swords Dance|p2a: Mimikyu
|-boost|p2a: Mimikyu|atk|2
|move|p1a: Gliscor|Toxic|p2a: Mimikyu
|-status|p2a: Mimikyu|tox
|
|-damage|p2a: Mimikyu|82/100 tox|[from] psn
|upkeep
|turn|13
|
|t:|1778504796
|move|p2a: Mimikyu|Play Rough|p1a: Gliscor
|-damage|p1a: Gliscor|31/100 tox
|move|p1a: Gliscor|Earthquake|p2a: Mimikyu
|-activate|p2a: Mimikyu|ability: Disguise
|-damage|p2a: Mimikyu|82/100 tox
|detailschange|p2a: Mimikyu|Mimikyu-Busted, F
|-damage|p2a: Mimikyu|70/100 tox|[from] pokemon: Mimikyu-Busted
|-enditem|p2a: Mimikyu|Red Card|[of] p1a: Gliscor
|drag|p1a: Darkrai|Darkrai|100/100
|
|-damage|p2a: Mimikyu|58/100 tox|[from] psn
|upkeep
|turn|14
|
|t:|1778504803
|move|p1a: Darkrai|Dark Pulse|p2a: Mimikyu
|-damage|p2a: Mimikyu|5/100 tox
|cant|p2a: Mimikyu|flinch
|
|-damage|p2a: Mimikyu|0 fnt|[from] psn
|faint|p2a: Mimikyu
|upkeep
|
|t:|1778504811
|switch|p2a: Comfey|Comfey, F|100/100
|-damage|p2a: Comfey|88/100|[from] Stealth Rock
|turn|15
|
|t:|1778504816
|switch|p1a: Gholdengo|Gholdengo|72/100
|-damage|p1a: Gholdengo|55/100|[from] Spikes
|switch|p2a: Glimmora|Glimmora, F|50/100
|-damage|p2a: Glimmora|38/100|[from] Stealth Rock
|
|upkeep
|turn|16
|
|t:|1778504818
|move|p1a: Gholdengo|Make It Rain|p2a: Glimmora
|-supereffective|p2a: Glimmora
|-damage|p2a: Glimmora|0 fnt
|-unboost|p1a: Gholdengo|spa|1
|faint|p2a: Glimmora
|
|upkeep
|
|t:|1778504821
|switch|p2a: Comfey|Comfey, F|88/100
|-damage|p2a: Comfey|76/100|[from] Stealth Rock
|turn|17
|
|t:|1778504827
|switch|p1a: Gliscor|Gliscor, M|31/100 tox
|-terastallize|p2a: Comfey|Poison
|move|p2a: Comfey|Calm Mind|p2a: Comfey
|-boost|p2a: Comfey|spa|1
|-boost|p2a: Comfey|spd|1
|
|-heal|p2a: Comfey|82/100|[from] item: Leftovers
|-heal|p1a: Gliscor|44/100 tox|[from] ability: Poison Heal
|upkeep
|turn|18
|
|t:|1778504833
|move|p2a: Comfey|Leech Seed|p1a: Gliscor
|-start|p1a: Gliscor|move: Leech Seed
|move|p1a: Gliscor|Earthquake|p2a: Comfey
|-supereffective|p2a: Comfey
|-damage|p2a: Comfey|0 fnt
|faint|p2a: Comfey
|
|-heal|p1a: Gliscor|56/100 tox|[from] ability: Poison Heal
|upkeep
|
|t:|1778504837
|switch|p2a: Sudowoodo|Sudowoodo, L1, F|100/100
|-damage|p2a: Sudowoodo|92/100|[from] Stealth Rock
|turn|19
|
|t:|1778504841
|switch|p1a: Gholdengo|Gholdengo|55/100
|-damage|p1a: Gholdengo|39/100|[from] Spikes
|move|p2a: Sudowoodo|Endeavor|p1a: Gholdengo
|-immune|p1a: Gholdengo
|
|upkeep
|turn|20
|-message|suparsayajin forfeited.
|
|win|GeniusGamingLegend
|raw|GeniusGamingLegend's rating: 1464 &rarr; <strong>1482</strong><br />(+18 for winning)
|raw|suparsayajin's rating: 1433 &rarr; <strong>1415</strong><br />(-18 for losing)
|l|☆suparsayajin
|player|p2|
|l|☆GeniusGamingLegend
|player|p1|
