|html|<div class="broadcast-blue"><strong>[Gen 9] OU is currently suspecting Tera Blast! For information on how to participate check out the <a href="https://www.smogon.com/tools/suspects/view/200">suspect thread</a>.</strong></div>
|j|☆brogre35
|j|☆sumofsquares
|t:|1776195896
|gametype|singles
|player|p1|brogre35|swimmer-gen4dp|1529
|player|p2|sumofsquares|steven|1558
|gen|9
|tier|[Gen 9] OU
|rated|
|rule|HP Percentage Mod: HP is shown in percentages
|rule|Endless Battle Clause: Forcing endless battles is banned
|rule|Species Clause: Limit one of each Pokémon
|rule|OHKO Clause: OHKO moves are banned
|rule|Evasion Items Clause: Evasion items are banned
|rule|Evasion Moves Clause: Evasion moves are banned
|rule|Evasion Abilities Clause: Evasion abilities are banned
|rule|Sleep Moves Clause: Sleep-inducing moves are banned
|clearpoke
|poke|p1|Ninetales-Alola, M|
|poke|p1|Kyurem|
|poke|p1|Ursaluna, M|
|poke|p1|Farigiraf, M|
|poke|p1|Hatterene, F|
|poke|p1|Cresselia, F|
|poke|p2|Garchomp, M|
|poke|p2|Iron Crown|
|poke|p2|Great Tusk|
|poke|p2|Indeedee, M|
|poke|p2|Armarouge, F|
|poke|p2|Iron Valiant|
|teampreview
|inactive|Battle timer is ON: inactive players will automatically lose when time's up. (requested by brogre35)
|j| ohko_smeargle
|
|t:|1776195914
|teamsize|p1|6
|teamsize|p2|6
|start
|switch|p1a: Pink Triangle|Hatterene, F|100/100
|switch|p2a: Iron Crown|Iron Crown|100/100
|turn|1
|
|t:|1776195928
|switch|p1a: Butterfly|Cresselia, F|100/100
|move|p2a: Iron Crown|Tachyon Cutter|p1a: Butterfly
|-crit|p1a: Butterfly
|-damage|p1a: Butterfly|78/100
|-damage|p1a: Butterfly|62/100
|-hitcount|p1a: Butterfly|2
|
|upkeep
|turn|2
|
|t:|1776195932
|move|p2a: Iron Crown|Tachyon Cutter|p1a: Butterfly
|-damage|p1a: Butterfly|47/100
|-damage|p1a: Butterfly|31/100
|-hitcount|p1a: Butterfly|2
|move|p1a: Butterfly|Trick Room|p1a: Butterfly
|-fieldstart|move: Trick Room|[of] p1a: Butterfly
|
|upkeep
|turn|3
|
|t:|1776195936
|move|p1a: Butterfly|Lunar Dance|p1a: Butterfly
|faint|p1a: Butterfly
|move|p2a: Iron Crown|Tachyon Cutter|p1: Butterfly|[notarget]
|-fail|p2a: Iron Crown
|
|upkeep
|
|t:|1776195939
|switch|p1a: El Scorcho|Ursaluna, M|100/100
|turn|4
|
|t:|1776195946
|-end|p2a: Iron Crown|Quark Drive|[silent]
|switch|p2a: Garchomp|Garchomp, M|100/100
|move|p1a: El Scorcho|Headlong Rush|p2a: Garchomp
|-damage|p2a: Garchomp|34/100
|-unboost|p1a: El Scorcho|def|1
|-unboost|p1a: El Scorcho|spd|1
|-damage|p1a: El Scorcho|88/100|[from] ability: Rough Skin|[of] p2a: Garchomp
|-damage|p1a: El Scorcho|72/100|[from] item: Rocky Helmet|[of] p2a: Garchomp
|
|-status|p1a: El Scorcho|brn|[from] item: Flame Orb
|upkeep
|turn|5
|j| Monkey D MinMin
|
|t:|1776195966
|-terastallize|p1a: El Scorcho|Normal
|move|p1a: El Scorcho|Facade|p2a: Garchomp
|-damage|p2a: Garchomp|0 fnt
|-damage|p1a: El Scorcho|59/100 brn|[from] ability: Rough Skin|[of] p2a: Garchomp
|-damage|p1a: El Scorcho|43/100 brn|[from] item: Rocky Helmet|[of] p2a: Garchomp
|faint|p2a: Garchomp
|
|-damage|p1a: El Scorcho|37/100 brn|[from] brn
|upkeep
|
|t:|1776195970
|switch|p2a: Great Tusk|Great Tusk|100/100
|turn|6
|
|t:|1776195980
|-terastallize|p2a: Great Tusk|Ghost
|move|p1a: El Scorcho|Headlong Rush|p2a: Great Tusk
|-damage|p2a: Great Tusk|22/100
|-unboost|p1a: El Scorcho|def|1
|-unboost|p1a: El Scorcho|spd|1
|move|p2a: Great Tusk|Bulk Up|p2a: Great Tusk
|-boost|p2a: Great Tusk|atk|1
|-boost|p2a: Great Tusk|def|1
|
|-heal|p2a: Great Tusk|28/100|[from] item: Leftovers
|-damage|p1a: El Scorcho|31/100 brn|[from] brn
|-fieldend|move: Trick Room
|upkeep
|turn|7
|
|t:|1776195988
|switch|p1a: Pink Triangle|Hatterene, F|100/100
|move|p2a: Great Tusk|Rapid Spin|p1a: Pink Triangle
|-damage|p1a: Pink Triangle|71/100
|-boost|p2a: Great Tusk|spe|1
|
|-heal|p2a: Great Tusk|34/100|[from] item: Leftovers
|upkeep
|turn|8
|
|t:|1776195993
|move|p2a: Great Tusk|Headlong Rush|p1a: Pink Triangle
|-damage|p1a: Pink Triangle|0 fnt
|-unboost|p2a: Great Tusk|def|1
|-unboost|p2a: Great Tusk|spd|1
|faint|p1a: Pink Triangle
|
|-heal|p2a: Great Tusk|40/100|[from] item: Leftovers
|upkeep
|
|t:|1776195999
|switch|p1a: Across The Sea|Farigiraf, M|100/100
|turn|9
|l| Monkey D MinMin
|
|t:|1776196003
|move|p2a: Great Tusk|Headlong Rush|p1a: Across The Sea
|-damage|p1a: Across The Sea|3/100
|-unboost|p2a: Great Tusk|def|1
|-unboost|p2a: Great Tusk|spd|1
|move|p1a: Across The Sea|Trick Room|p1a: Across The Sea
|-fieldstart|move: Trick Room|[of] p1a: Across The Sea
|
|-heal|p1a: Across The Sea|10/100|[from] item: Leftovers
|-heal|p2a: Great Tusk|47/100|[from] item: Leftovers
|upkeep
|turn|10
|
|t:|1776196012
|-end|p2a: Great Tusk|Protosynthesis|[silent]
|switch|p2a: Indeedee|Indeedee, M|100/100
|-fieldstart|move: Psychic Terrain|[from] ability: Psychic Surge|[of] p2a: Indeedee
|move|p1a: Across The Sea|Shadow Ball|p2a: Indeedee
|-immune|p2a: Indeedee
|
|-heal|p1a: Across The Sea|16/100|[from] item: Leftovers
|upkeep
|turn|11
|
|t:|1776196022
|move|p1a: Across The Sea|Tera Blast|p2a: Indeedee
|-damage|p2a: Indeedee|40/100
|move|p2a: Indeedee|Encore|p1a: Across The Sea
|-start|p1a: Across The Sea|Encore
|
|-heal|p1a: Across The Sea|22/100|[from] item: Leftovers
|upkeep
|turn|12
|
|t:|1776196026
|switch|p2a: Iron Crown|Iron Crown|100/100
|move|p1a: Across The Sea|Tera Blast|p2a: Iron Crown
|-resisted|p2a: Iron Crown
|-damage|p2a: Iron Crown|80/100
|
|-heal|p1a: Across The Sea|28/100|[from] item: Leftovers
|upkeep
|turn|13
|
|t:|1776196032
|move|p1a: Across The Sea|Tera Blast|p2a: Iron Crown
|-resisted|p2a: Iron Crown
|-damage|p2a: Iron Crown|61/100
|move|p2a: Iron Crown|Volt Switch|p1a: Across The Sea
|-damage|p1a: Across The Sea|3/100
|
|t:|1776196043
|-end|p2a: Iron Crown|Quark Drive|[silent]
|switch|p2a: Armarouge|Armarouge, F|100/100|[from] Volt Switch
|
|-heal|p1a: Across The Sea|9/100|[from] item: Leftovers
|-fieldend|move: Trick Room
|upkeep
|turn|14
|
|t:|1776196048
|move|p2a: Armarouge|Expanding Force|p1a: Across The Sea
|-resisted|p1a: Across The Sea
|-damage|p1a: Across The Sea|0 fnt
|faint|p1a: Across The Sea
|
|upkeep
|
|t:|1776196053
|switch|p1a: The Good Life|Ninetales-Alola, M|100/100
|-weather|Snowscape|[from] ability: Snow Warning|[of] p1a: The Good Life
|turn|15
|
|t:|1776196059
|move|p1a: The Good Life|Aurora Veil|p1a: The Good Life
|-sidestart|p1: brogre35|move: Aurora Veil
|move|p2a: Armarouge|Meteor Beam||[still]
|-prepare|p2a: Armarouge|Meteor Beam
|-boost|p2a: Armarouge|spa|1
|-enditem|p2a: Armarouge|Power Herb
|-anim|p2a: Armarouge|Meteor Beam|p1a: The Good Life
|-supereffective|p1a: The Good Life
|-damage|p1a: The Good Life|46/100
|
|-weather|Snowscape|[upkeep]
|upkeep
|turn|16
|
|t:|1776196066
|move|p1a: The Good Life|Encore|p2a: Armarouge
|-start|p2a: Armarouge|Encore
|move|p2a: Armarouge|Meteor Beam||[still]
|-prepare|p2a: Armarouge|Meteor Beam
|-boost|p2a: Armarouge|spa|1
|
|-weather|Snowscape|[upkeep]
|upkeep
|turn|17
|
|t:|1776196069
|move|p1a: The Good Life|Freeze-Dry|p2a: Armarouge
|-resisted|p2a: Armarouge
|-damage|p2a: Armarouge|88/100
|move|p2a: Armarouge|Meteor Beam|p1a: The Good Life|[from] lockedmove
|-supereffective|p1a: The Good Life
|-damage|p1a: The Good Life|0 fnt
|faint|p1a: The Good Life
|
|-weather|Snowscape|[upkeep]
|-fieldend|move: Psychic Terrain
|upkeep
|
|t:|1776196071
|switch|p1a: El Scorcho|Ursaluna, M, tera:Normal|31/100 brn
|-heal|p1a: El Scorcho|100/100|[from] move: Lunar Dance
|turn|18
|
|t:|1776196080
|switch|p2a: Indeedee|Indeedee, M|40/100
|-fieldstart|move: Psychic Terrain|[from] ability: Psychic Surge|[of] p2a: Indeedee
|move|p1a: El Scorcho|Headlong Rush|p2a: Indeedee
|-crit|p2a: Indeedee
|-damage|p2a: Indeedee|0 fnt
|-unboost|p1a: El Scorcho|def|1
|-unboost|p1a: El Scorcho|spd|1
|faint|p2a: Indeedee
|
|-weather|Snowscape|[upkeep]
|-status|p1a: El Scorcho|brn|[from] item: Flame Orb
|upkeep
|
|t:|1776196091
|switch|p2a: Armarouge|Armarouge, F|88/100
|turn|19
|
|t:|1776196103
|move|p2a: Armarouge|Endure|p2a: Armarouge
|-singleturn|p2a: Armarouge|move: Endure
|move|p1a: El Scorcho|Headlong Rush|p2a: Armarouge
|-supereffective|p2a: Armarouge
|-activate|p2a: Armarouge|move: Endure
|-damage|p2a: Armarouge|1/100
|-unboost|p1a: El Scorcho|def|1
|-unboost|p1a: El Scorcho|spd|1
|-ability|p2a: Armarouge|Weak Armor|boost
|-unboost|p2a: Armarouge|def|1
|-boost|p2a: Armarouge|spe|2
|
|-weather|none
|-damage|p1a: El Scorcho|94/100 brn|[from] brn
|upkeep
|turn|20
|
|t:|1776196117
|move|p2a: Armarouge|Expanding Force|p1a: El Scorcho
|-damage|p1a: El Scorcho|26/100 brn
|move|p1a: El Scorcho|Fire Punch|p2a: Armarouge
|-resisted|p2a: Armarouge
|-damage|p2a: Armarouge|0 fnt
|faint|p2a: Armarouge
|
|-damage|p1a: El Scorcho|20/100 brn|[from] brn
|upkeep
|
|t:|1776196127
|switch|p2a: Iron Crown|Iron Crown|61/100
|turn|21
|
|t:|1776196139
|move|p2a: Iron Crown|Tachyon Cutter|p1a: El Scorcho
|-damage|p1a: El Scorcho|0 fnt
|faint|p1a: El Scorcho
|-hitcount|p1: El Scorcho|1
|
|upkeep
|
|t:|1776196141
|switch|p1a: Getchoo|Kyurem|100/100
|-ability|p1a: Getchoo|Pressure
|turn|22
|
|t:|1776196144
|move|p2a: Iron Crown|Tachyon Cutter|p1a: Getchoo
|-supereffective|p1a: Getchoo
|-damage|p1a: Getchoo|78/100
|-supereffective|p1a: Getchoo
|-damage|p1a: Getchoo|56/100
|-hitcount|p1a: Getchoo|2
|move|p1a: Getchoo|Dragon Dance|p1a: Getchoo
|-boost|p1a: Getchoo|atk|1
|-boost|p1a: Getchoo|spe|1
|
|-sideend|p1: brogre35|move: Aurora Veil
|upkeep
|turn|23
|
|t:|1776196149
|move|p2a: Iron Crown|Tachyon Cutter|p1a: Getchoo
|-supereffective|p1a: Getchoo
|-damage|p1a: Getchoo|9/100
|-supereffective|p1a: Getchoo
|-damage|p1a: Getchoo|0 fnt
|faint|p1a: Getchoo
|-hitcount|p1: Getchoo|2
|
|win|sumofsquares
|raw|brogre35's rating: 1529 &rarr; <strong>1511</strong><br />(-18 for losing)
|raw|sumofsquares's rating: 1558 &rarr; <strong>1576</strong><br />(+18 for winning)
|l| ohko_smeargle
|l|☆brogre35
|player|p1|
