|html|<div class="broadcast-blue"><strong>[Gen 9] OU is currently suspecting Tera Blast! For information on how to participate check out the <a href="https://www.smogon.com/tools/suspects/view/200">suspect thread</a>.</strong></div>
|j|☆treeshhhh
|j|☆CactuSpinoso
|t:|1776164206
|gametype|singles
|player|p1|treeshhhh|1|1442
|player|p2|CactuSpinoso|266|1380
|gen|9
|tier|[Gen 9] OU
|rated|
|rule|HP Percentage Mod: HP is shown in percentages
|rule|Endless Battle Clause: Forcing endless battles is banned
|rule|Species Clause: Limit one of each Pokémon
|rule|OHKO Clause: OHKO moves are banned
|rule|Evasion Items Clause: Evasion items are banned
|rule|Evasion Moves Clause: Evasion moves are banned
|rule|Evasion Abilities Clause: Evasion abilities are banned
|rule|Sleep Moves Clause: Sleep-inducing moves are banned
|clearpoke
|poke|p1|Slowking-Galar, F|
|poke|p1|Tornadus-Therian, M|
|poke|p1|Cinderace, F|
|poke|p1|Lokix, F|
|poke|p1|Hydrapple, M|
|poke|p1|Great Tusk|
|poke|p2|Ceruledge, M|
|poke|p2|Ninetales-Alola, M|
|poke|p2|Heatran, F|
|poke|p2|Rillaboom, M|
|poke|p2|Corviknight, M|
|poke|p2|Raging Bolt|
|teampreview
|inactive|Battle timer is ON: inactive players will automatically lose when time's up. (requested by CactuSpinoso)
|
|t:|1776164219
|teamsize|p1|6
|teamsize|p2|6
|start
|switch|p1a: Tornadus|Tornadus-Therian, M|100/100
|switch|p2a: P. Diddy|Heatran, F|100/100
|turn|1
|
|t:|1776164225
|move|p1a: Tornadus|Knock Off|p2a: P. Diddy
|-damage|p2a: P. Diddy|82/100
|-enditem|p2a: P. Diddy|Wide Lens|[from] move: Knock Off|[of] p1a: Tornadus
|move|p2a: P. Diddy|Stealth Rock|p1a: Tornadus
|-sidestart|p1: treeshhhh|move: Stealth Rock
|
|upkeep
|turn|2
|
|t:|1776164230
|move|p1a: Tornadus|U-turn|p2a: P. Diddy
|-resisted|p2a: P. Diddy
|-damage|p2a: P. Diddy|78/100
|
|t:|1776164239
|switch|p1a: Cinderace|Cinderace, F|100/100|[from] U-turn
|move|p2a: P. Diddy|Magma Storm|p1a: Cinderace
|-resisted|p1a: Cinderace
|-damage|p1a: Cinderace|67/100
|-activate|p1a: Cinderace|move: Magma Storm|[of] p2a: P. Diddy
|
|-damage|p1a: Cinderace|54/100|[from] move: Magma Storm|[partiallytrapped]
|upkeep
|turn|3
|
|t:|1776164243
|move|p1a: Cinderace|U-turn|p2a: P. Diddy
|-resisted|p2a: P. Diddy
|-damage|p2a: P. Diddy|74/100
|
|t:|1776164247
|switch|p1a: Slowking|Slowking-Galar, F|100/100|[from] U-turn
|-damage|p1a: Slowking|88/100|[from] Stealth Rock
|move|p2a: P. Diddy|Earth Power|p1a: Slowking
|-supereffective|p1a: Slowking
|-damage|p1a: Slowking|39/100
|
|upkeep
|turn|4
|
|t:|1776164251
|switch|p1a: Tornadus|Tornadus-Therian, M|100/100
|-damage|p1a: Tornadus|76/100|[from] Stealth Rock
|move|p2a: P. Diddy|Magma Storm|p1a: Tornadus
|-damage|p1a: Tornadus|47/100
|-activate|p1a: Tornadus|move: Magma Storm|[of] p2a: P. Diddy
|
|-damage|p1a: Tornadus|35/100|[from] move: Magma Storm|[partiallytrapped]
|upkeep
|turn|5
|
|t:|1776164255
|move|p1a: Tornadus|U-turn|p2a: P. Diddy
|-resisted|p2a: P. Diddy
|-damage|p2a: P. Diddy|70/100
|
|t:|1776164260
|switch|p1a: Great Tusk|Great Tusk|100/100|[from] U-turn
|-damage|p1a: Great Tusk|97/100|[from] Stealth Rock
|move|p2a: P. Diddy|Flash Cannon|p1a: Great Tusk
|-damage|p1a: Great Tusk|41/100
|
|upkeep
|turn|6
|
|t:|1776164268
|move|p1a: Great Tusk|Earthquake|p2a: P. Diddy
|-supereffective|p2a: P. Diddy
|-damage|p2a: P. Diddy|0 fnt
|faint|p2a: P. Diddy
|
|upkeep
|
|t:|1776164271
|switch|p2a: Ishowspeed|Rillaboom, M|100/100
|-fieldstart|move: Grassy Terrain|[from] ability: Grassy Surge|[of] p2a: Ishowspeed
|turn|7
|
|t:|1776164275
|-end|p1a: Great Tusk|Protosynthesis|[silent]
|switch|p1a: Hydrapple|Hydrapple, M|100/100
|-damage|p1a: Hydrapple|88/100|[from] Stealth Rock
|move|p2a: Ishowspeed|Grassy Glide|p1a: Hydrapple
|-resisted|p1a: Hydrapple
|-damage|p1a: Hydrapple|76/100
|
|-heal|p1a: Hydrapple|82/100|[from] Grassy Terrain
|upkeep
|turn|8
|
|t:|1776164280
|switch|p2a: Black hawk|Corviknight, M|100/100
|move|p1a: Hydrapple|Fickle Beam|p2a: Black hawk
|-resisted|p2a: Black hawk
|-damage|p2a: Black hawk|76/100
|-damage|p1a: Hydrapple|72/100|[from] item: Life Orb
|
|-heal|p2a: Black hawk|82/100|[from] item: Leftovers
|-heal|p1a: Hydrapple|78/100|[from] Grassy Terrain
|upkeep
|turn|9
|
|t:|1776164310
|move|p2a: Black hawk|Bulk Up|p2a: Black hawk
|-boost|p2a: Black hawk|atk|1
|-boost|p2a: Black hawk|def|1
|move|p1a: Hydrapple|Nasty Plot|p1a: Hydrapple
|-boost|p1a: Hydrapple|spa|2
|
|-heal|p2a: Black hawk|88/100|[from] item: Leftovers
|-heal|p1a: Hydrapple|84/100|[from] Grassy Terrain
|upkeep
|turn|10
|
|t:|1776164317
|move|p2a: Black hawk|Brave Bird|p1a: Hydrapple
|-supereffective|p1a: Hydrapple
|-damage|p1a: Hydrapple|0 fnt
|faint|p1a: Hydrapple
|-damage|p2a: Black hawk|62/100|[from] Recoil
|
|-heal|p2a: Black hawk|68/100|[from] item: Leftovers
|upkeep
|
|t:|1776164326
|switch|p1a: Cinderace|Cinderace, F|54/100
|turn|11
|
|t:|1776164330
|move|p1a: Cinderace|Will-O-Wisp|p2a: Black hawk
|-status|p2a: Black hawk|brn
|move|p2a: Black hawk|Brave Bird|p1a: Cinderace
|-damage|p1a: Cinderace|11/100
|-damage|p2a: Black hawk|55/100 brn|[from] Recoil
|
|-heal|p1a: Cinderace|17/100|[from] Grassy Terrain
|-heal|p2a: Black hawk|62/100 brn|[from] item: Leftovers
|-damage|p2a: Black hawk|55/100 brn|[from] brn
|-fieldend|move: Grassy Terrain
|upkeep
|turn|12
|
|t:|1776164339
|move|p1a: Cinderace|Court Change|p1a: Cinderace
|-swapsideconditions
|-activate|p1a: Cinderace|move: Court Change
|move|p2a: Black hawk|Brave Bird|p1a: Cinderace
|-damage|p1a: Cinderace|0 fnt
|faint|p1a: Cinderace
|-damage|p2a: Black hawk|51/100 brn|[from] Recoil
|
|-heal|p2a: Black hawk|57/100 brn|[from] item: Leftovers
|-damage|p2a: Black hawk|51/100 brn|[from] brn
|upkeep
|
|t:|1776164347
|switch|p1a: Tornadus|Tornadus-Therian, M|68/100
|turn|13
|
|t:|1776164351
|move|p1a: Tornadus|Heat Wave|p2a: Black hawk
|-supereffective|p2a: Black hawk
|-damage|p2a: Black hawk|14/100 brn
|move|p2a: Black hawk|Defog|p1a: Tornadus
|-unboost|p1a: Tornadus|evasion|1
|-sideend|p2: CactuSpinoso|Stealth Rock|[from] move: Defog|[of] p2a: Black hawk
|
|-heal|p2a: Black hawk|20/100 brn|[from] item: Leftovers
|-damage|p2a: Black hawk|14/100 brn|[from] brn
|upkeep
|turn|14
|
|t:|1776164359
|move|p1a: Tornadus|Heat Wave|p2a: Black hawk
|-supereffective|p2a: Black hawk
|-damage|p2a: Black hawk|0 fnt
|faint|p2a: Black hawk
|
|upkeep
|
|t:|1776164365
|switch|p2a: Snowbunny|Ninetales-Alola, M|100/100
|-weather|Snowscape|[from] ability: Snow Warning|[of] p2a: Snowbunny
|turn|15
|
|t:|1776164372
|move|p2a: Snowbunny|Aurora Veil|p2a: Snowbunny
|-sidestart|p2: CactuSpinoso|move: Aurora Veil
|move|p1a: Tornadus|Knock Off|p2a: Snowbunny
|-resisted|p2a: Snowbunny
|-damage|p2a: Snowbunny|96/100
|-enditem|p2a: Snowbunny|Light Clay|[from] move: Knock Off|[of] p1a: Tornadus
|
|-weather|Snowscape|[upkeep]
|upkeep
|turn|16
|
|t:|1776164382
|move|p2a: Snowbunny|Freeze-Dry|p1a: Tornadus
|-supereffective|p1a: Tornadus
|-damage|p1a: Tornadus|39/100
|-status|p1a: Tornadus|frz
|-curestatus|p1a: Tornadus|frz|[msg]
|move|p1a: Tornadus|U-turn|p2a: Snowbunny
|-resisted|p2a: Snowbunny
|-damage|p2a: Snowbunny|93/100
|
|t:|1776164385
|switch|p1a: Slowking|Slowking-Galar, F|73/100|[from] U-turn
|
|-weather|Snowscape|[upkeep]
|upkeep
|turn|17
|
|t:|1776164392
|switch|p2a: Chrecks beater|Raging Bolt|100/100
|-enditem|p2a: Chrecks beater|Booster Energy
|-activate|p2a: Chrecks beater|ability: Protosynthesis|[fromitem]
|-start|p2a: Chrecks beater|protosynthesisspa
|move|p1a: Slowking|Toxic|p2a: Chrecks beater
|-status|p2a: Chrecks beater|tox
|
|-weather|Snowscape|[upkeep]
|-damage|p2a: Chrecks beater|94/100 tox|[from] psn
|upkeep
|turn|18
|
|t:|1776164399
|move|p2a: Chrecks beater|Calm Mind|p2a: Chrecks beater
|-boost|p2a: Chrecks beater|spa|1
|-boost|p2a: Chrecks beater|spd|1
|-prepare|p1a: Slowking|Chilly Reception|[premajor]
|move|p1a: Slowking|Chilly Reception|p1a: Slowking
|
|t:|1776164402
|switch|p1a: Great Tusk|Great Tusk|41/100|[from] Chilly Reception
|
|-weather|Snowscape|[upkeep]
|-damage|p2a: Chrecks beater|82/100 tox|[from] psn
|upkeep
|turn|19
|
|t:|1776164407
|-terastallize|p2a: Chrecks beater|Flying
|move|p1a: Great Tusk|Earthquake|p2a: Chrecks beater
|-immune|p2a: Chrecks beater
|move|p2a: Chrecks beater|Dragon Pulse|p1a: Great Tusk
|-damage|p1a: Great Tusk|0 fnt
|faint|p1a: Great Tusk
|-end|p1a: Great Tusk|Protosynthesis|[silent]
|
|-weather|none
|-damage|p2a: Chrecks beater|64/100 tox|[from] psn
|upkeep
|
|t:|1776164413
|switch|p1a: Tornadus|Tornadus-Therian, M|73/100
|turn|20
|
|t:|1776164420
|switch|p1a: Slowking|Slowking-Galar, F|100/100
|move|p2a: Chrecks beater|Thunderclap||[still]
|-fail|p2a: Chrecks beater
|
|-damage|p2a: Chrecks beater|39/100 tox|[from] psn
|upkeep
|turn|21
|
|t:|1776164428
|move|p2a: Chrecks beater|Thunderbolt|p1a: Slowking
|-damage|p1a: Slowking|23/100
|move|p1a: Slowking|Sludge Bomb|p2a: Chrecks beater
|-damage|p2a: Chrecks beater|29/100 tox
|
|-damage|p2a: Chrecks beater|0 fnt|[from] psn
|faint|p2a: Chrecks beater
|-end|p2a: Chrecks beater|Protosynthesis|[silent]
|upkeep
|
|t:|1776164432
|switch|p2a: Literally me|Ceruledge, M|100/100
|turn|22
|
|t:|1776164437
|move|p2a: Literally me|Bitter Blade|p1a: Slowking
|-damage|p1a: Slowking|0 fnt
|faint|p1a: Slowking
|-damage|p2a: Literally me|91/100|[from] item: Life Orb
|
|-sideend|p2: CactuSpinoso|move: Aurora Veil
|upkeep
|
|t:|1776164441
|switch|p1a: Lokix|Lokix, F|100/100
|turn|23
|
|t:|1776164446
|switch|p2a: Ishowspeed|Rillaboom, M|100/100
|-fieldstart|move: Grassy Terrain|[from] ability: Grassy Surge|[of] p2a: Ishowspeed
|move|p1a: Lokix|Knock Off|p2a: Ishowspeed
|-damage|p2a: Ishowspeed|25/100
|-enditem|p2a: Ishowspeed|Choice Band|[from] move: Knock Off|[of] p1a: Lokix
|
|-heal|p2a: Ishowspeed|32/100|[from] Grassy Terrain
|upkeep
|turn|24
|
|t:|1776164459
|move|p1a: Lokix|Knock Off|p2a: Ishowspeed
|-damage|p2a: Ishowspeed|0 fnt
|faint|p2a: Ishowspeed
|
|upkeep
|
|t:|1776164461
|switch|p2a: Snowbunny|Ninetales-Alola, M|93/100
|-weather|Snowscape|[from] ability: Snow Warning|[of] p2a: Snowbunny
|turn|25
|
|t:|1776164468
|switch|p1a: Tornadus|Tornadus-Therian, M|100/100
|move|p2a: Snowbunny|Aurora Veil|p2a: Snowbunny
|-sidestart|p2: CactuSpinoso|move: Aurora Veil
|
|-weather|Snowscape|[upkeep]
|-heal|p2a: Snowbunny|99/100|[from] Grassy Terrain
|upkeep
|turn|26
|
|t:|1776164478
|move|p2a: Snowbunny|Freeze-Dry|p1a: Tornadus
|-supereffective|p1a: Tornadus
|-damage|p1a: Tornadus|75/100
|move|p1a: Tornadus|Bleakwind Storm|p2a: Snowbunny
|-damage|p2a: Snowbunny|77/100
|
|-weather|Snowscape|[upkeep]
|-heal|p2a: Snowbunny|83/100|[from] Grassy Terrain
|upkeep
|turn|27
|
|t:|1776164505
|move|p2a: Snowbunny|Moonblast|p1a: Tornadus
|-damage|p1a: Tornadus|58/100
|move|p1a: Tornadus|Heat Wave|p2a: Snowbunny
|-supereffective|p2a: Snowbunny
|-damage|p2a: Snowbunny|57/100
|
|-weather|Snowscape|[upkeep]
|-heal|p2a: Snowbunny|63/100|[from] Grassy Terrain
|-fieldend|move: Grassy Terrain
|upkeep
|turn|28
|
|t:|1776164510
|switch|p2a: Literally me|Ceruledge, M|91/100
|move|p1a: Tornadus|Heat Wave|p2a: Literally me
|-start|p2a: Literally me|ability: Flash Fire
|
|-weather|Snowscape|[upkeep]
|upkeep
|turn|29
|
|t:|1776164514
|move|p1a: Tornadus|Bleakwind Storm|p2a: Literally me
|-crit|p2a: Literally me
|-damage|p2a: Literally me|47/100
|move|p2a: Literally me|Swords Dance|p2a: Literally me
|-boost|p2a: Literally me|atk|2
|
|-weather|none
|-sideend|p2: CactuSpinoso|move: Aurora Veil
|upkeep
|turn|30
|
|t:|1776164526
|move|p1a: Tornadus|Knock Off|p2a: Literally me
|-supereffective|p2a: Literally me
|-crit|p2a: Literally me
|-damage|p2a: Literally me|0 fnt
|-enditem|p2a: Literally me|Life Orb|[from] move: Knock Off|[of] p1a: Tornadus
|faint|p2a: Literally me
|
|upkeep
|
|t:|1776164530
|switch|p2a: Snowbunny|Ninetales-Alola, M|63/100
|-weather|Snowscape|[from] ability: Snow Warning|[of] p2a: Snowbunny
|turn|31
|
|t:|1776164535
|-terastallize|p1a: Tornadus|Ice
|move|p2a: Snowbunny|Aurora Veil|p2a: Snowbunny
|-sidestart|p2: CactuSpinoso|move: Aurora Veil
|move|p1a: Tornadus|Heat Wave|p2a: Snowbunny
|-supereffective|p2a: Snowbunny
|-damage|p2a: Snowbunny|34/100
|
|-weather|Snowscape|[upkeep]
|upkeep
|turn|32
|
|t:|1776164546
|move|p2a: Snowbunny|Moonblast|p1a: Tornadus
|-damage|p1a: Tornadus|40/100
|move|p1a: Tornadus|Heat Wave|p2a: Snowbunny
|-supereffective|p2a: Snowbunny
|-damage|p2a: Snowbunny|8/100
|
|-weather|Snowscape|[upkeep]
|upkeep
|turn|33
|-message|CactuSpinoso forfeited.
|
|win|treeshhhh
|raw|treeshhhh's rating: 1442 &rarr; <strong>1458</strong><br />(+16 for winning)
|raw|CactuSpinoso's rating: 1380 &rarr; <strong>1364</strong><br />(-16 for losing)
|l|☆CactuSpinoso
|player|p2|
