|html|<div class="broadcast-blue"><strong>[Gen 9] OU is currently suspecting Tera Blast! For information on how to participate check out the <a href="https://www.smogon.com/tools/suspects/view/200">suspect thread</a>.</strong></div>
|j|‽XOman_acc
|j|☆Ulkragg
|t:|1776224163
|gametype|singles
|player|p1|XOman_acc|brock|1034
|player|p2|Ulkragg|gambler|1073
|gen|9
|tier|[Gen 9] OU
|rated|
|rule|HP Percentage Mod: HP is shown in percentages
|rule|Endless Battle Clause: Forcing endless battles is banned
|rule|Species Clause: Limit one of each Pokémon
|rule|OHKO Clause: OHKO moves are banned
|rule|Evasion Items Clause: Evasion items are banned
|rule|Evasion Moves Clause: Evasion moves are banned
|rule|Evasion Abilities Clause: Evasion abilities are banned
|rule|Sleep Moves Clause: Sleep-inducing moves are banned
|clearpoke
|poke|p1|Landorus-Therian, M|
|poke|p1|Samurott-Hisui, M|
|poke|p1|Gholdengo|
|poke|p1|Great Tusk|
|poke|p1|Iron Valiant|
|poke|p1|Kingambit, M|
|poke|p2|Umbreon, F|
|poke|p2|Gliscor, M|
|poke|p2|Gengar, M|
|poke|p2|Garchomp, F|
|poke|p2|Rillaboom, M|
|poke|p2|Incineroar, F|
|teampreview
|
|t:|1776224169
|teamsize|p1|6
|teamsize|p2|6
|start
|switch|p1a: Landorus|Landorus-Therian, M|100/100
|switch|p2a: Gliscor|Gliscor, M|100/100
|-ability|p1a: Landorus|Intimidate|boost
|-unboost|p2a: Gliscor|atk|1
|turn|1
|
|t:|1776224180
|move|p2a: Gliscor|Stealth Rock|p1a: Landorus
|-sidestart|p1: XOman_acc|move: Stealth Rock
|move|p1a: Landorus|Stealth Rock|p2a: Gliscor
|-sidestart|p2: Ulkragg|move: Stealth Rock
|
|-status|p2a: Gliscor|tox|[from] item: Toxic Orb
|upkeep
|turn|2
|
|t:|1776224190
|move|p2a: Gliscor|Toxic|p1a: Landorus|[miss]
|-miss|p2a: Gliscor|p1a: Landorus
|move|p1a: Landorus|Stone Edge|p2a: Gliscor
|-damage|p2a: Gliscor|70/100 tox
|
|-heal|p2a: Gliscor|82/100 tox|[from] ability: Poison Heal
|upkeep
|turn|3
|
|t:|1776224198
|move|p2a: Gliscor|Toxic|p1a: Landorus
|-status|p1a: Landorus|tox
|move|p1a: Landorus|U-turn|p2a: Gliscor
|-resisted|p2a: Gliscor
|-damage|p2a: Gliscor|72/100 tox
|
|t:|1776224209
|switch|p1a: Samurott|Samurott-Hisui, M|100/100|[from] U-turn
|-damage|p1a: Samurott|88/100|[from] Stealth Rock
|
|-heal|p2a: Gliscor|84/100 tox|[from] ability: Poison Heal
|upkeep
|turn|4
|
|t:|1776224229
|move|p2a: Gliscor|Knock Off|p1a: Samurott
|-resisted|p1a: Samurott
|-damage|p1a: Samurott|76/100
|-enditem|p1a: Samurott|Focus Sash|[from] move: Knock Off|[of] p2a: Gliscor
|move|p1a: Samurott|Ceaseless Edge|p2a: Gliscor
|-damage|p2a: Gliscor|39/100 tox
|-sidestart|p2: Ulkragg|Spikes
|
|-heal|p2a: Gliscor|51/100 tox|[from] ability: Poison Heal
|upkeep
|turn|5
|
|t:|1776224243
|move|p2a: Gliscor|Toxic|p1a: Samurott
|-status|p1a: Samurott|tox
|move|p1a: Samurott|Swords Dance|p1a: Samurott
|-boost|p1a: Samurott|atk|2
|
|-heal|p2a: Gliscor|63/100 tox|[from] ability: Poison Heal
|-damage|p1a: Samurott|69/100 tox|[from] psn
|upkeep
|turn|6
|
|t:|1776224261
|switch|p2a: Incineroar|Incineroar, F|100/100
|-ability|p2a: Incineroar|Intimidate|boost
|-unboost|p1a: Samurott|atk|1
|move|p1a: Samurott|Knock Off|p2a: Incineroar
|-resisted|p2a: Incineroar
|-damage|p2a: Incineroar|74/100
|-enditem|p2a: Incineroar|Heavy-Duty Boots|[from] move: Knock Off|[of] p1a: Samurott
|
|-damage|p1a: Samurott|57/100 tox|[from] psn
|upkeep
|turn|7
|
|t:|1776224273
|move|p2a: Incineroar|Fake Out|p1a: Samurott
|-damage|p1a: Samurott|45/100 tox
|cant|p1a: Samurott|flinch
|
|-damage|p1a: Samurott|26/100 tox|[from] psn
|upkeep
|turn|8
|
|t:|1776224305
|switch|p1a: Landorus|Landorus-Therian, M|100/100 tox
|-damage|p1a: Landorus|88/100 tox|[from] Stealth Rock
|-ability|p1a: Landorus|Intimidate|boost
|-unboost|p2a: Incineroar|atk|1
|switch|p2a: Gliscor|Gliscor, M|63/100 tox
|-damage|p2a: Gliscor|51/100 tox|[from] Stealth Rock
|
|-heal|p2a: Gliscor|63/100 tox|[from] ability: Poison Heal
|-damage|p1a: Landorus|82/100 tox|[from] psn
|upkeep
|turn|9
|
|t:|1776224320
|move|p2a: Gliscor|Knock Off|p1a: Landorus
|-damage|p1a: Landorus|65/100 tox
|-damage|p2a: Gliscor|47/100 tox|[from] item: Rocky Helmet|[of] p1a: Landorus
|-enditem|p1a: Landorus|Rocky Helmet|[from] move: Knock Off|[of] p2a: Gliscor
|move|p1a: Landorus|Stone Edge|p2a: Gliscor
|-damage|p2a: Gliscor|14/100 tox
|
|-heal|p2a: Gliscor|26/100 tox|[from] ability: Poison Heal
|-damage|p1a: Landorus|53/100 tox|[from] psn
|upkeep
|turn|10
|
|t:|1776224345
|switch|p2a: Rillaboom|Rillaboom, M|100/100
|-damage|p2a: Rillaboom|88/100|[from] Stealth Rock
|-damage|p2a: Rillaboom|76/100|[from] Spikes
|-fieldstart|move: Grassy Terrain|[from] ability: Grassy Surge|[of] p2a: Rillaboom
|move|p1a: Landorus|U-turn|p2a: Rillaboom
|-supereffective|p2a: Rillaboom
|-damage|p2a: Rillaboom|23/100
|
|t:|1776224356
|switch|p1a: Gholdengo|Gholdengo|100/100|[from] U-turn
|-damage|p1a: Gholdengo|94/100|[from] Stealth Rock
|
|-heal|p1a: Gholdengo|100/100|[from] Grassy Terrain
|-heal|p2a: Rillaboom|29/100|[from] Grassy Terrain
|upkeep
|turn|11
|
|t:|1776224373
|move|p2a: Rillaboom|Grassy Glide|p1a: Gholdengo
|-resisted|p1a: Gholdengo
|-damage|p1a: Gholdengo|78/100
|move|p1a: Gholdengo|Make It Rain|p2a: Rillaboom
|-damage|p2a: Rillaboom|0 fnt
|-unboost|p1a: Gholdengo|spa|1
|faint|p2a: Rillaboom
|
|-heal|p1a: Gholdengo|84/100|[from] Grassy Terrain
|upkeep
|
|t:|1776224392
|switch|p2a: Gengar|Gengar, M|100/100
|-damage|p2a: Gengar|88/100|[from] Stealth Rock
|-damage|p2a: Gengar|76/100|[from] Spikes
|turn|12
|
|t:|1776224402
|switch|p1a: Great Tusk|Great Tusk|100/100
|-damage|p1a: Great Tusk|98/100|[from] Stealth Rock
|move|p2a: Gengar|Shadow Ball|p1a: Great Tusk
|-damage|p1a: Great Tusk|42/100
|
|-heal|p2a: Gengar|82/100|[from] Grassy Terrain
|-heal|p1a: Great Tusk|48/100|[from] Grassy Terrain
|upkeep
|turn|13
|
|t:|1776224412
|move|p2a: Gengar|Shadow Ball|p1a: Great Tusk
|-damage|p1a: Great Tusk|0 fnt
|faint|p1a: Great Tusk
|-end|p1a: Great Tusk|Protosynthesis|[silent]
|
|-heal|p2a: Gengar|88/100|[from] Grassy Terrain
|upkeep
|
|t:|1776224422
|switch|p1a: Landorus|Landorus-Therian, M|53/100 tox
|-damage|p1a: Landorus|40/100 tox|[from] Stealth Rock
|-ability|p1a: Landorus|Intimidate|boost
|-unboost|p2a: Gengar|atk|1
|turn|14
|
|t:|1776224429
|-terastallize|p2a: Gengar|Ghost
|move|p2a: Gengar|Shadow Ball|p1a: Landorus
|-damage|p1a: Landorus|0 fnt
|faint|p1a: Landorus
|
|-heal|p2a: Gengar|94/100|[from] Grassy Terrain
|-fieldend|move: Grassy Terrain
|upkeep
|
|t:|1776224435
|switch|p1a: Gholdengo|Gholdengo|84/100
|-damage|p1a: Gholdengo|78/100|[from] Stealth Rock
|turn|15
|
|t:|1776224443
|move|p2a: Gengar|Shadow Ball|p1a: Gholdengo
|-supereffective|p1a: Gholdengo
|-damage|p1a: Gholdengo|0 fnt
|faint|p1a: Gholdengo
|
|upkeep
|
|t:|1776224450
|switch|p1a: Iron Valiant|Iron Valiant|100/100
|-damage|p1a: Iron Valiant|94/100|[from] Stealth Rock
|-enditem|p1a: Iron Valiant|Booster Energy
|-activate|p1a: Iron Valiant|ability: Quark Drive|[fromitem]
|-start|p1a: Iron Valiant|quarkdrivespe
|turn|16
|
|t:|1776224458
|move|p1a: Iron Valiant|Moonblast|p2a: Gengar
|-damage|p2a: Gengar|12/100
|move|p2a: Gengar|Shadow Ball|p1a: Iron Valiant
|-crit|p1a: Iron Valiant
|-damage|p1a: Iron Valiant|0 fnt
|faint|p1a: Iron Valiant
|-end|p1a: Iron Valiant|Quark Drive|[silent]
|
|upkeep
|
|t:|1776224463
|switch|p1a: Kingambit|Kingambit, M|100/100
|-damage|p1a: Kingambit|94/100|[from] Stealth Rock
|-activate|p1a: Kingambit|ability: Supreme Overlord
|-start|p1a: Kingambit|fallen4|[silent]
|turn|17
|
|t:|1776224477
|switch|p2a: Gliscor|Gliscor, M|26/100 tox
|-damage|p2a: Gliscor|14/100 tox|[from] Stealth Rock
|move|p1a: Kingambit|Swords Dance|p1a: Kingambit
|-boost|p1a: Kingambit|atk|2
|
|-heal|p2a: Gliscor|26/100 tox|[from] ability: Poison Heal
|upkeep
|turn|18
|
|t:|1776224495
|move|p1a: Kingambit|Sucker Punch|p2a: Gliscor
|-damage|p2a: Gliscor|0 fnt
|faint|p2a: Gliscor
|
|upkeep
|
|t:|1776224505
|switch|p2a: Umbreon|Umbreon, F, shiny|100/100
|-damage|p2a: Umbreon|88/100|[from] Stealth Rock
|-damage|p2a: Umbreon|76/100|[from] Spikes
|turn|19
|
|t:|1776224512
|move|p2a: Umbreon|Foul Play|p1a: Kingambit
|-resisted|p1a: Kingambit
|-damage|p1a: Kingambit|44/100
|move|p1a: Kingambit|Kowtow Cleave|p2a: Umbreon
|-resisted|p2a: Umbreon
|-damage|p2a: Umbreon|10/100
|
|-heal|p2a: Umbreon|16/100|[from] item: Leftovers
|upkeep
|turn|20
|
|t:|1776224522
|move|p1a: Kingambit|Sucker Punch|p2a: Umbreon
|-resisted|p2a: Umbreon
|-damage|p2a: Umbreon|0 fnt
|faint|p2a: Umbreon
|
|upkeep
|
|t:|1776224529
|switch|p2a: Incineroar|Incineroar, F|74/100
|-damage|p2a: Incineroar|49/100|[from] Stealth Rock
|-damage|p2a: Incineroar|37/100|[from] Spikes
|-ability|p2a: Incineroar|Intimidate|boost
|-unboost|p1a: Kingambit|atk|1
|turn|21
|
|t:|1776224542
|move|p2a: Incineroar|Fake Out|p1a: Kingambit
|-resisted|p1a: Kingambit
|-damage|p1a: Kingambit|40/100
|cant|p1a: Kingambit|flinch
|
|upkeep
|turn|22
|
|t:|1776224549
|-end|p1a: Kingambit|fallen4|[silent]
|switch|p1a: Samurott|Samurott-Hisui, M|26/100 tox
|-damage|p1a: Samurott|14/100 tox|[from] Stealth Rock
|move|p2a: Incineroar|Flare Blitz|p1a: Samurott
|-resisted|p1a: Samurott
|-damage|p1a: Samurott|0 fnt
|faint|p1a: Samurott
|-damage|p2a: Incineroar|33/100|[from] Recoil
|
|upkeep
|
|t:|1776224552
|switch|p1a: Kingambit|Kingambit, M|40/100
|-damage|p1a: Kingambit|34/100|[from] Stealth Rock
|-activate|p1a: Kingambit|ability: Supreme Overlord
|-start|p1a: Kingambit|fallen5|[silent]
|turn|23
|
|t:|1776224563
|move|p1a: Kingambit|Kowtow Cleave|p2a: Incineroar
|-resisted|p2a: Incineroar
|-damage|p2a: Incineroar|0 fnt
|faint|p2a: Incineroar
|
|upkeep
|
|t:|1776224571
|switch|p2a: Garchomp|Garchomp, F, shiny|100/100
|-damage|p2a: Garchomp|94/100|[from] Stealth Rock
|-damage|p2a: Garchomp|82/100|[from] Spikes
|turn|24
|
|t:|1776224584
|-terastallize|p1a: Kingambit|Flying
|move|p2a: Garchomp|Earthquake|p1a: Kingambit
|-immune|p1a: Kingambit
|move|p1a: Kingambit|Iron Head|p2a: Garchomp
|-damage|p2a: Garchomp|8/100
|-damage|p1a: Kingambit|22/100|[from] ability: Rough Skin|[of] p2a: Garchomp
|
|upkeep
|turn|25
|
|t:|1776224598
|move|p1a: Kingambit|Sucker Punch|p2a: Garchomp
|-damage|p2a: Garchomp|0 fnt
|-damage|p1a: Kingambit|9/100|[from] ability: Rough Skin|[of] p2a: Garchomp
|faint|p2a: Garchomp
|
|upkeep
|
|t:|1776224604
|switch|p2a: Gengar|Gengar, M, tera:Ghost|12/100
|-damage|p2a: Gengar|0 fnt|[from] Stealth Rock
|faint|p2a: Gengar
|
|win|XOman_acc
|raw|XOman_acc's rating: 1034 &rarr; <strong>1073</strong><br />(+39 for winning)
|raw|Ulkragg's rating: 1073 &rarr; <strong>1050</strong><br />(-23 for losing)
|l|☆Ulkragg
|player|p2|
