|html|<div class="broadcast-blue"><strong>[Gen 9] OU is currently suspecting Tera Blast! For information on how to participate check out the <a href="https://www.smogon.com/tools/suspects/view/200">suspect thread</a>.</strong></div>
|j|☆Mikifp
|j|☆BlackPearl_Kona
|t:|1776072199
|gametype|singles
|player|p1|Mikifp|riley|1438
|player|p2|BlackPearl_Kona|170|1455
|gen|9
|tier|[Gen 9] OU
|rated|
|rule|HP Percentage Mod: HP is shown in percentages
|rule|Endless Battle Clause: Forcing endless battles is banned
|rule|Species Clause: Limit one of each Pokémon
|rule|OHKO Clause: OHKO moves are banned
|rule|Evasion Items Clause: Evasion items are banned
|rule|Evasion Moves Clause: Evasion moves are banned
|rule|Evasion Abilities Clause: Evasion abilities are banned
|rule|Sleep Moves Clause: Sleep-inducing moves are banned
|clearpoke
|poke|p1|Gliscor, F|
|poke|p1|Kingambit, M|
|poke|p1|Iron Valiant|
|poke|p1|Slowking-Galar, M|
|poke|p1|Kyurem|
|poke|p1|Talonflame, M|
|poke|p2|Slither Wing|
|poke|p2|Ninetales, F|
|poke|p2|Walking Wake|
|poke|p2|Iron Moth|
|poke|p2|Hatterene, F|
|poke|p2|Blaziken, F|
|teampreview
|
|t:|1776072206
|teamsize|p1|6
|teamsize|p2|6
|start
|switch|p1a: Pontiff Sulyvahn|Slowking-Galar, M|100/100
|switch|p2a: Beru|Slither Wing, shiny|100/100
|turn|1
|
|t:|1776072213
|switch|p1a: Queelag|Talonflame, M|100/100
|move|p2a: Beru|Earthquake|p1a: Queelag
|-immune|p1a: Queelag
|
|upkeep
|turn|2
|inactive|Battle timer is ON: inactive players will automatically lose when time's up. (requested by Mikifp)
|
|t:|1776072219
|-end|p2a: Beru|Protosynthesis|[silent]
|switch|p2a: Aruarian|Ninetales, F, shiny|100/100
|-weather|SunnyDay|[from] ability: Drought|[of] p2a: Aruarian
|move|p1a: Queelag|U-turn|p2a: Aruarian
|-resisted|p2a: Aruarian
|-damage|p2a: Aruarian|93/100
|
|t:|1776072222
|switch|p1a: Pontiff Sulyvahn|Slowking-Galar, M|100/100|[from] U-turn
|
|-weather|SunnyDay|[upkeep]
|upkeep
|turn|3
|
|t:|1776072230
|move|p2a: Aruarian|Will-O-Wisp|p1a: Pontiff Sulyvahn|[miss]
|-miss|p2a: Aruarian|p1a: Pontiff Sulyvahn
|-prepare|p1a: Pontiff Sulyvahn|Chilly Reception|[premajor]
|move|p1a: Pontiff Sulyvahn|Chilly Reception|p1a: Pontiff Sulyvahn
|-weather|Snowscape
|
|t:|1776072249
|switch|p1a: Demon Prince|Gliscor, F|100/100|[from] Chilly Reception
|
|-weather|Snowscape|[upkeep]
|-status|p1a: Demon Prince|tox|[from] item: Toxic Orb
|upkeep
|turn|4
|
|t:|1776072255
|switch|p2a: Covet&Lust|Hatterene, F, shiny|100/100
|move|p1a: Demon Prince|Knock Off|p2a: Covet&Lust
|-damage|p2a: Covet&Lust|81/100
|-enditem|p2a: Covet&Lust|Eject Button|[from] move: Knock Off|[of] p1a: Demon Prince
|
|-weather|Snowscape|[upkeep]
|upkeep
|turn|5
|
|t:|1776072268
|move|p1a: Demon Prince|Earthquake|p2a: Covet&Lust
|-damage|p2a: Covet&Lust|55/100
|move|p2a: Covet&Lust|Psychic Noise|p1a: Demon Prince
|-damage|p1a: Demon Prince|58/100 tox
|-start|p1a: Demon Prince|move: Heal Block
|
|-weather|Snowscape|[upkeep]
|upkeep
|turn|6
|
|t:|1776072277
|switch|p1a: Pontiff Sulyvahn|Slowking-Galar, M|100/100
|move|p2a: Covet&Lust|Draining Kiss|p1a: Pontiff Sulyvahn
|-resisted|p1a: Pontiff Sulyvahn
|-damage|p1a: Pontiff Sulyvahn|94/100
|-heal|p2a: Covet&Lust|61/100|[from] drain|[of] p1a: Pontiff Sulyvahn
|
|-weather|Snowscape|[upkeep]
|-heal|p1a: Pontiff Sulyvahn|99/100|[from] item: Leftovers
|upkeep
|turn|7
|
|t:|1776072284
|move|p2a: Covet&Lust|Nuzzle|p1a: Pontiff Sulyvahn
|-damage|p1a: Pontiff Sulyvahn|96/100
|-status|p1a: Pontiff Sulyvahn|par
|move|p1a: Pontiff Sulyvahn|Future Sight|p2a: Covet&Lust
|-start|p1a: Pontiff Sulyvahn|move: Future Sight
|
|-weather|none
|-heal|p1a: Pontiff Sulyvahn|100/100 par|[from] item: Leftovers
|upkeep
|turn|8
|
|t:|1776072297
|move|p2a: Covet&Lust|Psychic Noise|p1a: Pontiff Sulyvahn
|-damage|p1a: Pontiff Sulyvahn|80/100 par
|-start|p1a: Pontiff Sulyvahn|move: Heal Block
|move|p1a: Pontiff Sulyvahn|Sludge Bomb|p2a: Covet&Lust
|-supereffective|p2a: Covet&Lust
|-damage|p2a: Covet&Lust|0 fnt
|faint|p2a: Covet&Lust
|
|upkeep
|
|t:|1776072305
|switch|p2a: Aruarian|Ninetales, F, shiny|93/100
|-weather|SunnyDay|[from] ability: Drought|[of] p2a: Aruarian
|turn|9
|
|t:|1776072311
|move|p2a: Aruarian|Encore|p1a: Pontiff Sulyvahn
|-start|p1a: Pontiff Sulyvahn|Encore
|move|p1a: Pontiff Sulyvahn|Sludge Bomb|p2a: Aruarian
|-damage|p2a: Aruarian|62/100
|-status|p2a: Aruarian|psn
|
|-weather|SunnyDay|[upkeep]
|-end|p2a: Aruarian|move: Future Sight
|-damage|p2a: Aruarian|21/100 psn
|-damage|p2a: Aruarian|9/100 psn|[from] psn
|-end|p1a: Pontiff Sulyvahn|move: Heal Block
|upkeep
|turn|10
|
|t:|1776072331
|switch|p2a: Beru|Slither Wing, shiny|100/100
|-activate|p2a: Beru|ability: Protosynthesis
|-start|p2a: Beru|protosynthesisatk
|switch|p1a: Demon Prince|Gliscor, F|58/100 tox
|
|-weather|SunnyDay|[upkeep]
|-heal|p1a: Demon Prince|71/100 tox|[from] ability: Poison Heal
|upkeep
|turn|11
|
|t:|1776072343
|move|p2a: Beru|U-turn|p1a: Demon Prince
|-resisted|p1a: Demon Prince
|-crit|p1a: Demon Prince
|-damage|p1a: Demon Prince|34/100 tox
|
|t:|1776072349
|-end|p2a: Beru|Protosynthesis|[silent]
|switch|p2a: Aruarian|Ninetales, F, shiny|9/100 psn|[from] U-turn
|move|p1a: Demon Prince|Toxic||[still]
|-fail|p1a: Demon Prince
|
|-weather|SunnyDay|[upkeep]
|-damage|p2a: Aruarian|0 fnt|[from] psn
|faint|p2a: Aruarian
|-heal|p1a: Demon Prince|47/100 tox|[from] ability: Poison Heal
|upkeep
|
|t:|1776072358
|switch|p2a: Sizzlin' Hot Wings|Blaziken, F, shiny|100/100
|-item|p2a: Sizzlin' Hot Wings|Air Balloon
|turn|12
|
|t:|1776072365
|-terastallize|p1a: Demon Prince|Water
|move|p2a: Sizzlin' Hot Wings|Swords Dance|p2a: Sizzlin' Hot Wings
|-boost|p2a: Sizzlin' Hot Wings|atk|2
|move|p1a: Demon Prince|Earthquake|p2a: Sizzlin' Hot Wings
|-immune|p2a: Sizzlin' Hot Wings
|
|-weather|SunnyDay|[upkeep]
|-heal|p1a: Demon Prince|59/100 tox|[from] ability: Poison Heal
|-ability|p2a: Sizzlin' Hot Wings|Speed Boost|boost
|-boost|p2a: Sizzlin' Hot Wings|spe|1
|upkeep
|turn|13
|
|t:|1776072375
|move|p2a: Sizzlin' Hot Wings|Close Combat|p1a: Demon Prince
|-damage|p1a: Demon Prince|0 fnt
|-unboost|p2a: Sizzlin' Hot Wings|def|1
|-unboost|p2a: Sizzlin' Hot Wings|spd|1
|faint|p1a: Demon Prince
|
|-weather|SunnyDay|[upkeep]
|-ability|p2a: Sizzlin' Hot Wings|Speed Boost|boost
|-boost|p2a: Sizzlin' Hot Wings|spe|1
|upkeep
|c|☆Mikifp|Oh man fk me
|
|t:|1776072387
|switch|p1a: Queelag|Talonflame, M|100/100
|turn|14
|
|t:|1776072390
|move|p2a: Sizzlin' Hot Wings|Protect|p2a: Sizzlin' Hot Wings
|-singleturn|p2a: Sizzlin' Hot Wings|Protect
|move|p1a: Queelag|Flamethrower|p2a: Sizzlin' Hot Wings
|-activate|p2a: Sizzlin' Hot Wings|move: Protect
|
|-weather|SunnyDay|[upkeep]
|-ability|p2a: Sizzlin' Hot Wings|Speed Boost|boost
|-boost|p2a: Sizzlin' Hot Wings|spe|1
|upkeep
|turn|15
|
|t:|1776072404
|switch|p2a: Renewal|Walking Wake|100/100
|-activate|p2a: Renewal|ability: Protosynthesis
|-start|p2a: Renewal|protosynthesisspe
|move|p1a: Queelag|Flamethrower|p2a: Renewal
|-resisted|p2a: Renewal
|-damage|p2a: Renewal|90/100
|
|-weather|SunnyDay|[upkeep]
|upkeep
|turn|16
|
|t:|1776072412
|switch|p1a: Pontiff Sulyvahn|Slowking-Galar, M|100/100 par
|move|p2a: Renewal|Flip Turn|p1a: Pontiff Sulyvahn
|-damage|p1a: Pontiff Sulyvahn|91/100 par
|
|t:|1776072419
|-end|p2a: Renewal|Protosynthesis|[silent]
|switch|p2a: Beru|Slither Wing, shiny|100/100|[from] Flip Turn
|-activate|p2a: Beru|ability: Protosynthesis
|-start|p2a: Beru|protosynthesisatk
|
|-weather|none
|-end|p2a: Beru|Protosynthesis
|-heal|p1a: Pontiff Sulyvahn|97/100 par|[from] item: Leftovers
|upkeep
|turn|17
|
|t:|1776072429
|switch|p1a: Queelag|Talonflame, M|100/100
|move|p2a: Beru|U-turn|p1a: Queelag
|-resisted|p1a: Queelag
|-damage|p1a: Queelag|86/100
|-status|p2a: Beru|brn|[from] ability: Flame Body|[of] p1a: Queelag
|
|t:|1776072435
|-end|p2a: Beru|Protosynthesis|[silent]
|switch|p2a: Renewal|Walking Wake|90/100|[from] U-turn
|
|upkeep
|turn|18
|
|t:|1776072439
|move|p2a: Renewal|Flip Turn|p1a: Queelag
|-supereffective|p1a: Queelag
|-damage|p1a: Queelag|51/100
|-status|p2a: Renewal|brn|[from] ability: Flame Body|[of] p1a: Queelag
|
|t:|1776072443
|-end|p2a: Renewal|Protosynthesis|[silent]
|switch|p2a: Beru|Slither Wing, shiny|100/100 brn|[from] Flip Turn
|move|p1a: Queelag|U-turn|p2a: Beru
|-resisted|p2a: Beru
|-damage|p2a: Beru|92/100 brn
|
|t:|1776072456
|switch|p1a: Pontiff Sulyvahn|Slowking-Galar, M|100/100 par|[from] U-turn
|
|-damage|p2a: Beru|86/100 brn|[from] brn
|upkeep
|turn|19
|
|t:|1776072461
|move|p2a: Beru|Earthquake|p1a: Pontiff Sulyvahn
|-supereffective|p1a: Pontiff Sulyvahn
|-damage|p1a: Pontiff Sulyvahn|43/100 par
|cant|p1a: Pontiff Sulyvahn|par
|
|-heal|p1a: Pontiff Sulyvahn|49/100 par|[from] item: Leftovers
|-damage|p2a: Beru|80/100 brn|[from] brn
|upkeep
|turn|20
|
|t:|1776072474
|-end|p2a: Beru|Protosynthesis|[silent]
|switch|p2a: Sizzlin' Hot Wings|Blaziken, F, shiny|100/100
|-item|p2a: Sizzlin' Hot Wings|Air Balloon
|move|p1a: Pontiff Sulyvahn|Future Sight|p2a: Sizzlin' Hot Wings
|-start|p1a: Pontiff Sulyvahn|move: Future Sight
|
|-heal|p1a: Pontiff Sulyvahn|55/100 par|[from] item: Leftovers
|upkeep
|turn|21
|
|t:|1776072481
|switch|p1a: Queelag|Talonflame, M|51/100
|move|p2a: Sizzlin' Hot Wings|Flare Blitz|p1a: Queelag
|-resisted|p1a: Queelag
|-damage|p1a: Queelag|24/100
|-damage|p2a: Sizzlin' Hot Wings|90/100|[from] Recoil
|
|-ability|p2a: Sizzlin' Hot Wings|Speed Boost|boost
|-boost|p2a: Sizzlin' Hot Wings|spe|1
|upkeep
|turn|22
|
|t:|1776072490
|switch|p2a: Beru|Slither Wing, shiny|80/100 brn
|move|p1a: Queelag|Roost|p1a: Queelag
|-heal|p1a: Queelag|74/100
|-singleturn|p1a: Queelag|move: Roost
|
|-end|p2a: Beru|move: Future Sight
|-supereffective|p2a: Beru
|-damage|p2a: Beru|0 fnt
|faint|p2a: Beru
|-end|p2a: Beru|Protosynthesis|[silent]
|upkeep
|
|t:|1776072499
|switch|p2a: Renewal|Walking Wake|90/100 brn
|turn|23
|
|t:|1776072503
|switch|p1a: Pontiff Sulyvahn|Slowking-Galar, M|88/100 par
|move|p2a: Renewal|Flip Turn|p1a: Pontiff Sulyvahn
|-damage|p1a: Pontiff Sulyvahn|78/100 par
|
|t:|1776072509
|-end|p2a: Renewal|Protosynthesis|[silent]
|switch|p2a: Sizzlin' Hot Wings|Blaziken, F, shiny|90/100|[from] Flip Turn
|-item|p2a: Sizzlin' Hot Wings|Air Balloon
|
|-heal|p1a: Pontiff Sulyvahn|84/100 par|[from] item: Leftovers
|upkeep
|turn|24
|
|t:|1776072515
|move|p2a: Sizzlin' Hot Wings|Swords Dance|p2a: Sizzlin' Hot Wings
|-boost|p2a: Sizzlin' Hot Wings|atk|2
|move|p1a: Pontiff Sulyvahn|Future Sight|p2a: Sizzlin' Hot Wings
|-start|p1a: Pontiff Sulyvahn|move: Future Sight
|
|-heal|p1a: Pontiff Sulyvahn|90/100 par|[from] item: Leftovers
|-ability|p2a: Sizzlin' Hot Wings|Speed Boost|boost
|-boost|p2a: Sizzlin' Hot Wings|spe|1
|upkeep
|turn|25
|
|t:|1776072522
|switch|p1a: Queelag|Talonflame, M|74/100
|move|p2a: Sizzlin' Hot Wings|Flare Blitz|p1a: Queelag
|-resisted|p1a: Queelag
|-damage|p1a: Queelag|17/100
|-damage|p2a: Sizzlin' Hot Wings|67/100|[from] Recoil
|
|-ability|p2a: Sizzlin' Hot Wings|Speed Boost|boost
|-boost|p2a: Sizzlin' Hot Wings|spe|1
|upkeep
|turn|26
|
|t:|1776072530
|move|p2a: Sizzlin' Hot Wings|Flare Blitz|p1a: Queelag
|-resisted|p1a: Queelag
|-damage|p1a: Queelag|0 fnt
|faint|p1a: Queelag
|-damage|p2a: Sizzlin' Hot Wings|61/100|[from] Recoil
|
|-end|p2a: Sizzlin' Hot Wings|move: Future Sight
|-supereffective|p2a: Sizzlin' Hot Wings
|-damage|p2a: Sizzlin' Hot Wings|0 fnt
|-enditem|p2a: Sizzlin' Hot Wings|Air Balloon
|faint|p2a: Sizzlin' Hot Wings
|upkeep
|
|t:|1776072548
|switch|p1a: Pontiff Sulyvahn|Slowking-Galar, M|100/100 par
|switch|p2a: Renewal|Walking Wake|90/100 brn
|turn|27
|-message|BlackPearl_Kona forfeited.
|
|win|Mikifp
|raw|Mikifp's rating: 1438 &rarr; <strong>1459</strong><br />(+21 for winning)
|raw|BlackPearl_Kona's rating: 1455 &rarr; <strong>1434</strong><br />(-21 for losing)
|l|☆BlackPearl_Kona
|player|p2|
|l|☆Mikifp
|player|p1|
