|html|<div class="broadcast-blue"><strong>[Gen 9] OU is currently suspecting Tera Blast! For information on how to participate check out the <a href="https://www.smogon.com/tools/suspects/view/200">suspect thread</a>.</strong></div>
|j|☆PickaxeDevil
|j|☆Dreilek
|t:|1776102183
|gametype|singles
|player|p1|PickaxeDevil|101|1341
|player|p2|Dreilek|benga|1379
|gen|9
|tier|[Gen 9] OU
|rated|
|rule|HP Percentage Mod: HP is shown in percentages
|rule|Endless Battle Clause: Forcing endless battles is banned
|rule|Species Clause: Limit one of each Pokémon
|rule|OHKO Clause: OHKO moves are banned
|rule|Evasion Items Clause: Evasion items are banned
|rule|Evasion Moves Clause: Evasion moves are banned
|rule|Evasion Abilities Clause: Evasion abilities are banned
|rule|Sleep Moves Clause: Sleep-inducing moves are banned
|clearpoke
|poke|p1|Pelipper, M|
|poke|p1|Kingdra, F|
|poke|p1|Great Tusk|
|poke|p1|Raging Bolt|
|poke|p1|Gholdengo|
|poke|p1|Ogerpon-Wellspring, F|
|poke|p2|Torkoal, F|
|poke|p2|Great Tusk|
|poke|p2|Walking Wake|
|poke|p2|Raging Bolt|
|poke|p2|Fezandipiti, M|
|poke|p2|Cryogonal|
|teampreview
|
|t:|1776102193
|teamsize|p1|6
|teamsize|p2|6
|start
|switch|p1a: Ogerpon|Ogerpon-Wellspring, F|100/100
|switch|p2a: Cryogonal|Cryogonal|100/100
|turn|1
|
|t:|1776102199
|switch|p1a: Gholdengo|Gholdengo|100/100
|move|p2a: Cryogonal|Freeze-Dry|p1a: Gholdengo
|-resisted|p1a: Gholdengo
|-damage|p1a: Gholdengo|80/100
|
|upkeep
|turn|2
|
|t:|1776102211
|switch|p2a: Walking Wake|Walking Wake|100/100
|move|p1a: Gholdengo|Shadow Ball|p2a: Walking Wake
|-damage|p2a: Walking Wake|53/100
|
|upkeep
|turn|3
|
|t:|1776102223
|switch|p1a: Ogerpon|Ogerpon-Wellspring, F|100/100
|move|p2a: Walking Wake|Draco Meteor|p1a: Ogerpon
|-damage|p1a: Ogerpon|0 fnt
|-unboost|p2a: Walking Wake|spa|2
|faint|p1a: Ogerpon
|
|upkeep
|
|t:|1776102226
|switch|p1a: Pelipper|Pelipper, M|100/100
|-weather|RainDance|[from] ability: Drizzle|[of] p1a: Pelipper
|turn|4
|
|t:|1776102231
|-end|p2a: Walking Wake|Protosynthesis|[silent]
|switch|p2a: Cryogonal|Cryogonal|100/100
|move|p1a: Pelipper|U-turn|p2a: Cryogonal
|-damage|p2a: Cryogonal|85/100
|
|t:|1776102235
|switch|p1a: Kingdra|Kingdra, F|100/100|[from] U-turn
|
|-weather|RainDance|[upkeep]
|upkeep
|turn|5
|
|t:|1776102244
|switch|p2a: Fezandipiti|Fezandipiti, M|100/100
|-terastallize|p1a: Kingdra|Water
|move|p1a: Kingdra|Weather Ball|p2a: Fezandipiti
|-damage|p2a: Fezandipiti|0 fnt
|faint|p2a: Fezandipiti
|-damage|p1a: Kingdra|91/100|[from] item: Life Orb
|
|-weather|RainDance|[upkeep]
|upkeep
|
|t:|1776102246
|switch|p2a: Torkoal|Torkoal, F, shiny|100/100
|-weather|SunnyDay|[from] ability: Drought|[of] p2a: Torkoal
|turn|6
|
|t:|1776102252
|switch|p2a: Raging Bolt|Raging Bolt|100/100
|-activate|p2a: Raging Bolt|ability: Protosynthesis
|-start|p2a: Raging Bolt|protosynthesisspa
|move|p1a: Kingdra|Flip Turn|p2a: Raging Bolt
|-resisted|p2a: Raging Bolt
|-damage|p2a: Raging Bolt|93/100
|-damage|p1a: Kingdra|81/100|[from] item: Life Orb
|
|t:|1776102254
|switch|p1a: Pelipper|Pelipper, M|100/100|[from] Flip Turn
|-weather|RainDance|[from] ability: Drizzle|[of] p1a: Pelipper
|-end|p2a: Raging Bolt|Protosynthesis
|
|-weather|RainDance|[upkeep]
|-heal|p2a: Raging Bolt|99/100|[from] item: Leftovers
|upkeep
|turn|7
|
|t:|1776102263
|switch|p1a: Gholdengo|Gholdengo|80/100
|move|p2a: Raging Bolt|Calm Mind|p2a: Raging Bolt
|-boost|p2a: Raging Bolt|spa|1
|-boost|p2a: Raging Bolt|spd|1
|
|-weather|RainDance|[upkeep]
|-heal|p2a: Raging Bolt|100/100|[from] item: Leftovers
|upkeep
|turn|8
|
|t:|1776102276
|move|p1a: Gholdengo|Shadow Ball|p2a: Raging Bolt
|-damage|p2a: Raging Bolt|72/100
|move|p2a: Raging Bolt|Thunderbolt|p1a: Gholdengo
|-damage|p1a: Gholdengo|0 fnt
|faint|p1a: Gholdengo
|
|-weather|RainDance|[upkeep]
|-heal|p2a: Raging Bolt|78/100|[from] item: Leftovers
|upkeep
|
|t:|1776102283
|switch|p1a: Kingdra|Kingdra, F, tera:Water|81/100
|turn|9
|
|t:|1776102295
|move|p2a: Raging Bolt|Thunderclap|p1a: Kingdra
|-supereffective|p1a: Kingdra
|-damage|p1a: Kingdra|0 fnt
|faint|p1a: Kingdra
|
|-weather|RainDance|[upkeep]
|-heal|p2a: Raging Bolt|84/100|[from] item: Leftovers
|upkeep
|
|t:|1776102297
|switch|p1a: Great Tusk|Great Tusk|100/100
|-enditem|p1a: Great Tusk|Booster Energy
|-activate|p1a: Great Tusk|ability: Protosynthesis|[fromitem]
|-start|p1a: Great Tusk|protosynthesisatk
|turn|10
|
|t:|1776102305
|-terastallize|p2a: Raging Bolt|Fairy
|move|p1a: Great Tusk|Rapid Spin|p2a: Raging Bolt
|-damage|p2a: Raging Bolt|63/100
|-boost|p1a: Great Tusk|spe|1
|move|p2a: Raging Bolt|Dragon Pulse|p1a: Great Tusk
|-damage|p1a: Great Tusk|0 fnt
|faint|p1a: Great Tusk
|-end|p1a: Great Tusk|Protosynthesis|[silent]
|
|-weather|RainDance|[upkeep]
|-heal|p2a: Raging Bolt|69/100|[from] item: Leftovers
|upkeep
|
|t:|1776102309
|switch|p1a: Raging Bolt|Raging Bolt|100/100
|turn|11
|
|t:|1776102313
|move|p2a: Raging Bolt|Dragon Pulse|p1a: Raging Bolt
|-supereffective|p1a: Raging Bolt
|-crit|p1a: Raging Bolt
|-damage|p1a: Raging Bolt|0 fnt
|faint|p1a: Raging Bolt
|-end|p1a: Raging Bolt|Protosynthesis|[silent]
|
|-weather|RainDance|[upkeep]
|-heal|p2a: Raging Bolt|75/100|[from] item: Leftovers
|upkeep
|
|t:|1776102316
|switch|p1a: Pelipper|Pelipper, M|100/100
|turn|12
|
|t:|1776102319
|move|p2a: Raging Bolt|Thunderbolt|p1a: Pelipper
|-supereffective|p1a: Pelipper
|-crit|p1a: Pelipper
|-damage|p1a: Pelipper|0 fnt
|faint|p1a: Pelipper
|
|win|Dreilek
|raw|PickaxeDevil's rating: 1341 &rarr; <strong>1323</strong><br />(-18 for losing)
|raw|Dreilek's rating: 1379 &rarr; <strong>1397</strong><br />(+18 for winning)
|c|☆PickaxeDevil|gg
|l|☆PickaxeDevil
|player|p1|
|l|☆Dreilek
|player|p2|
