|html|<div class="broadcast-blue"><strong>[Gen 9] OU is currently suspecting Tera Blast! For information on how to participate check out the <a href="https://www.smogon.com/tools/suspects/view/200">suspect thread</a>.</strong></div>
|j|☆Kaltaris83
|j|☆phreshoatmeal
|t:|1776091948
|gametype|singles
|player|p1|Kaltaris83|psychic|1561
|player|p2|phreshoatmeal|265|1555
|gen|9
|tier|[Gen 9] OU
|rated|
|rule|HP Percentage Mod: HP is shown in percentages
|rule|Endless Battle Clause: Forcing endless battles is banned
|rule|Species Clause: Limit one of each Pokémon
|rule|OHKO Clause: OHKO moves are banned
|rule|Evasion Items Clause: Evasion items are banned
|rule|Evasion Moves Clause: Evasion moves are banned
|rule|Evasion Abilities Clause: Evasion abilities are banned
|rule|Sleep Moves Clause: Sleep-inducing moves are banned
|clearpoke
|poke|p1|Heatran, F|
|poke|p1|Deoxys-Speed|
|poke|p1|Weezing-Galar, F|
|poke|p1|Lokix, F|
|poke|p1|Skarmory, F|
|poke|p1|Greninja-*, M|
|poke|p2|Rotom-Heat|
|poke|p2|Kingambit, F|
|poke|p2|Dragapult, F|
|poke|p2|Conkeldurr, M|
|poke|p2|Hatterene, F|
|poke|p2|Ogerpon-Wellspring, F|
|teampreview
|inactive|Battle timer is ON: inactive players will automatically lose when time's up. (requested by Kaltaris83)
|
|t:|1776091969
|teamsize|p1|6
|teamsize|p2|6
|start
|switch|p1a: Deoxys|Deoxys-Speed, shiny|100/100
|switch|p2a: Hatterene|Hatterene, F|100/100
|-ability|p1a: Deoxys|Pressure
|turn|1
|
|t:|1776091975
|move|p1a: Deoxys|Trick|p2a: Hatterene
|-activate|p1a: Deoxys|move: Trick|[of] p2a: Hatterene
|-item|p2a: Hatterene|Choice Specs|[from] move: Trick
|-item|p1a: Deoxys|Leftovers|[from] move: Trick
|move|p2a: Hatterene|Nuzzle|p1a: Deoxys
|-damage|p1a: Deoxys|94/100
|-status|p1a: Deoxys|par
|
|-heal|p1a: Deoxys|100/100 par|[from] item: Leftovers
|upkeep
|turn|2
|
|t:|1776092001
|move|p1a: Deoxys|Ice Beam|p2a: Hatterene
|-damage|p2a: Hatterene|73/100
|move|p2a: Hatterene|Nuzzle|p1a: Deoxys
|-damage|p1a: Deoxys|94/100 par
|
|-heal|p1a: Deoxys|100/100 par|[from] item: Leftovers
|upkeep
|turn|3
|
|t:|1776092012
|switch|p2a: Kingambit|Kingambit, F|100/100
|cant|p1a: Deoxys|par
|
|upkeep
|turn|4
|
|t:|1776092025
|switch|p1a: Skarmory|Skarmory, F, shiny|100/100
|move|p2a: Kingambit|Sucker Punch||[still]
|-fail|p2a: Kingambit
|
|upkeep
|turn|5
|
|t:|1776092035
|-end|p2a: Kingambit|fallenundefined|[silent]
|switch|p2a: Hatterene|Hatterene, F|73/100
|move|p1a: Skarmory|Body Press|p2a: Hatterene
|-resisted|p2a: Hatterene
|-damage|p2a: Hatterene|67/100
|
|upkeep
|turn|6
|
|t:|1776092046
|switch|p1a: Heatran|Heatran, F, shiny|100/100
|move|p2a: Hatterene|Draining Kiss|p1a: Heatran
|-resisted|p1a: Heatran
|-damage|p1a: Heatran|92/100
|-heal|p2a: Hatterene|73/100|[from] drain|[of] p1a: Heatran
|
|upkeep
|turn|7
|
|t:|1776092060
|switch|p2a: Rotom|Rotom-Heat|100/100
|move|p1a: Heatran|Magma Storm|p2a: Rotom
|-resisted|p2a: Rotom
|-damage|p2a: Rotom|69/100
|-activate|p2a: Rotom|move: Magma Storm|[of] p1a: Heatran
|
|-damage|p2a: Rotom|57/100|[from] move: Magma Storm|[partiallytrapped]
|upkeep
|turn|8
|
|t:|1776092068
|move|p1a: Heatran|Fire Blast|p2a: Rotom|[miss]
|-miss|p1a: Heatran|p2a: Rotom
|-enditem|p1a: Heatran|Blunder Policy
|-boost|p1a: Heatran|spe|2
|move|p2a: Rotom|Pain Split|p1a: Heatran
|-sethp|p1a: Heatran|71/100|[from] move: Pain Split|[silent]
|-sethp|p2a: Rotom|79/100|[from] move: Pain Split
|
|-damage|p2a: Rotom|67/100|[from] move: Magma Storm|[partiallytrapped]
|upkeep
|turn|9
|
|t:|1776092097
|move|p1a: Heatran|Fire Blast|p2a: Rotom
|-resisted|p2a: Rotom
|-damage|p2a: Rotom|33/100
|move|p2a: Rotom|Thunderbolt|p1a: Heatran
|-damage|p1a: Heatran|30/100
|-status|p1a: Heatran|par
|
|-damage|p2a: Rotom|20/100|[from] move: Magma Storm|[partiallytrapped]
|upkeep
|turn|10
|
|t:|1776092106
|cant|p1a: Heatran|par
|move|p2a: Rotom|Thunderbolt|p1a: Heatran
|-damage|p1a: Heatran|0 fnt
|faint|p1a: Heatran
|
|-end|p2a: Rotom|Magma Storm|[partiallytrapped]|[silent]
|upkeep
|
|t:|1776092107
|switch|p1a: Greninja|Greninja, M|100/100
|turn|11
|
|t:|1776092119
|switch|p2a: Conkeldurr|Conkeldurr, M|100/100
|move|p1a: Greninja|Dark Pulse|p2a: Conkeldurr
|-resisted|p2a: Conkeldurr
|-damage|p2a: Conkeldurr|81/100
|
|upkeep
|turn|12
|
|t:|1776092135
|switch|p1a: Weezing|Weezing-Galar, F|100/100
|-ability|p1a: Weezing|Neutralizing Gas
|switch|p2a: Rotom|Rotom-Heat|20/100
|
|upkeep
|turn|13
|
|t:|1776092137
|move|p2a: Rotom|Pain Split|p1a: Weezing
|-sethp|p1a: Weezing|61/100|[from] move: Pain Split|[silent]
|-sethp|p2a: Rotom|57/100|[from] move: Pain Split
|move|p1a: Weezing|Strange Steam|p2a: Rotom|[miss]
|-miss|p1a: Weezing|p2a: Rotom
|
|-heal|p1a: Weezing|67/100|[from] item: Leftovers
|upkeep
|turn|14
|
|t:|1776092145
|move|p2a: Rotom|Thunderbolt|p1a: Weezing
|-damage|p1a: Weezing|16/100
|move|p1a: Weezing|Pain Split|p2a: Rotom
|-sethp|p2a: Rotom|36/100|[from] move: Pain Split|[silent]
|-sethp|p1a: Weezing|39/100|[from] move: Pain Split
|
|-heal|p1a: Weezing|45/100|[from] item: Leftovers
|upkeep
|turn|15
|
|t:|1776092154
|move|p2a: Rotom|Thunderbolt|p1a: Weezing
|-damage|p1a: Weezing|0 fnt
|faint|p1a: Weezing
|-end|p1a: Weezing|ability: Neutralizing Gas
|
|upkeep
|
|t:|1776092155
|switch|p1a: Greninja|Greninja, M|100/100
|turn|16
|
|t:|1776092164
|switch|p2a: Ogerpon|Ogerpon-Wellspring, F|100/100
|move|p1a: Greninja|Surf|p2a: Ogerpon
|-immune|p2a: Ogerpon|[from] ability: Water Absorb
|
|upkeep
|turn|17
|
|t:|1776092172
|move|p1a: Greninja|Dark Pulse|p2a: Ogerpon
|-damage|p2a: Ogerpon|61/100
|move|p2a: Ogerpon|U-turn|p1a: Greninja
|-supereffective|p1a: Greninja
|-damage|p1a: Greninja|16/100
|
|t:|1776092179
|switch|p2a: Conkeldurr|Conkeldurr, M|81/100|[from] U-turn
|
|upkeep
|turn|18
|
|t:|1776092181
|switch|p1a: Skarmory|Skarmory, F, shiny|100/100
|move|p2a: Conkeldurr|Mach Punch|p1a: Skarmory
|-damage|p1a: Skarmory|80/100
|
|-heal|p1a: Skarmory|86/100|[from] item: Leftovers
|upkeep
|turn|19
|
|t:|1776092186
|move|p1a: Skarmory|Body Press|p2a: Conkeldurr
|-damage|p2a: Conkeldurr|47/100
|move|p2a: Conkeldurr|Knock Off|p1a: Skarmory
|-damage|p1a: Skarmory|64/100
|-enditem|p1a: Skarmory|Leftovers|[from] move: Knock Off|[of] p2a: Conkeldurr
|
|upkeep
|turn|20
|
|t:|1776092190
|move|p1a: Skarmory|Body Press|p2a: Conkeldurr
|-damage|p2a: Conkeldurr|12/100
|move|p2a: Conkeldurr|Drain Punch|p1a: Skarmory
|-damage|p1a: Skarmory|29/100
|-heal|p2a: Conkeldurr|29/100|[from] drain|[of] p1a: Skarmory
|
|upkeep
|turn|21
|
|t:|1776092202
|switch|p2a: Dragapult|Dragapult, F|100/100
|move|p1a: Skarmory|Iron Defense|p1a: Skarmory
|-boost|p1a: Skarmory|def|2
|
|upkeep
|turn|22
|
|t:|1776092207
|move|p2a: Dragapult|Flamethrower|p1a: Skarmory
|-supereffective|p1a: Skarmory
|-damage|p1a: Skarmory|0 fnt
|faint|p1a: Skarmory
|
|upkeep
|
|t:|1776092209
|switch|p1a: Deoxys|Deoxys-Speed, shiny|100/100 par
|-ability|p1a: Deoxys|Pressure
|turn|23
|
|t:|1776092216
|switch|p2a: Hatterene|Hatterene, F|73/100
|cant|p1a: Deoxys|par
|
|upkeep
|turn|24
|
|t:|1776092222
|move|p1a: Deoxys|Nasty Plot|p1a: Deoxys
|-boost|p1a: Deoxys|spa|2
|move|p2a: Hatterene|Draining Kiss|p1a: Deoxys
|-damage|p1a: Deoxys|52/100 par
|-heal|p2a: Hatterene|100/100|[from] drain|[of] p1a: Deoxys
|
|-heal|p1a: Deoxys|58/100 par|[from] item: Leftovers
|upkeep
|turn|25
|
|t:|1776092226
|move|p1a: Deoxys|Ice Beam|p2a: Hatterene
|-damage|p2a: Hatterene|52/100
|move|p2a: Hatterene|Draining Kiss|p1a: Deoxys
|-damage|p1a: Deoxys|10/100 par
|-heal|p2a: Hatterene|79/100|[from] drain|[of] p1a: Deoxys
|
|-heal|p1a: Deoxys|17/100 par|[from] item: Leftovers
|upkeep
|turn|26
|
|t:|1776092231
|move|p1a: Deoxys|Ice Beam|p2a: Hatterene
|-damage|p2a: Hatterene|26/100
|move|p2a: Hatterene|Draining Kiss|p1a: Deoxys
|-damage|p1a: Deoxys|0 fnt
|-heal|p2a: Hatterene|35/100|[from] drain|[of] p1a: Deoxys
|faint|p1a: Deoxys
|
|upkeep
|
|t:|1776092233
|switch|p1a: Greninja|Greninja, M|16/100
|turn|27
|
|t:|1776092238
|move|p1a: Greninja|Sludge Wave|p2a: Hatterene
|-supereffective|p2a: Hatterene
|-damage|p2a: Hatterene|0 fnt
|faint|p2a: Hatterene
|-ability|p1a: Greninja|Battle Bond|boost
|-boost|p1a: Greninja|atk|1
|-boost|p1a: Greninja|spa|1
|-boost|p1a: Greninja|spe|1
|-activate|p1a: Greninja|ability: Battle Bond
|
|upkeep
|
|t:|1776092246
|switch|p2a: Kingambit|Kingambit, F|100/100
|-activate|p2a: Kingambit|ability: Supreme Overlord
|-start|p2a: Kingambit|fallen1|[silent]
|turn|28
|
|t:|1776092248
|move|p1a: Greninja|Water Shuriken|p2a: Kingambit
|-damage|p2a: Kingambit|90/100
|-damage|p2a: Kingambit|81/100
|-damage|p2a: Kingambit|71/100
|-damage|p2a: Kingambit|62/100
|-hitcount|p2a: Kingambit|4
|move|p2a: Kingambit|Sucker Punch||[still]
|-fail|p2a: Kingambit
|
|-heal|p2a: Kingambit|68/100|[from] item: Leftovers
|upkeep
|turn|29
|
|t:|1776092251
|move|p1a: Greninja|Water Shuriken|p2a: Kingambit
|-damage|p2a: Kingambit|58/100
|-damage|p2a: Kingambit|48/100
|-damage|p2a: Kingambit|38/100
|-damage|p2a: Kingambit|28/100
|-hitcount|p2a: Kingambit|4
|move|p2a: Kingambit|Sucker Punch||[still]
|-fail|p2a: Kingambit
|
|-heal|p2a: Kingambit|35/100|[from] item: Leftovers
|upkeep
|turn|30
|
|t:|1776092255
|move|p1a: Greninja|Water Shuriken|p2a: Kingambit
|-damage|p2a: Kingambit|25/100
|-damage|p2a: Kingambit|16/100
|-damage|p2a: Kingambit|7/100
|-damage|p2a: Kingambit|0 fnt
|faint|p2a: Kingambit
|-end|p2a: Kingambit|fallen1|[silent]
|-hitcount|p2: Kingambit|4
|
|upkeep
|
|t:|1776092270
|switch|p2a: Ogerpon|Ogerpon-Wellspring, F|61/100
|turn|31
|
|t:|1776092277
|-terastallize|p2a: Ogerpon|Water
|detailschange|p2a: Ogerpon|Ogerpon-Wellspring-Tera, F, tera:Water
|-ability|p2a: Ogerpon|Embody Aspect (Wellspring)|boost
|-boost|p2a: Ogerpon|spd|1
|move|p1a: Greninja|Sludge Wave|p2a: Ogerpon
|-damage|p2a: Ogerpon|29/100
|-status|p2a: Ogerpon|psn
|move|p2a: Ogerpon|U-turn|p1a: Greninja
|-supereffective|p1a: Greninja
|-damage|p1a: Greninja|0 fnt
|faint|p1a: Greninja
|
|t:|1776092288
|switch|p2a: Conkeldurr|Conkeldurr, M|29/100|[from] U-turn
|
|upkeep
|
|t:|1776092289
|switch|p1a: Lokix|Lokix, F|100/100
|turn|32
|
|t:|1776092304
|move|p1a: Lokix|First Impression|p2a: Conkeldurr
|-resisted|p2a: Conkeldurr
|-damage|p2a: Conkeldurr|0 fnt
|faint|p2a: Conkeldurr
|-damage|p1a: Lokix|91/100|[from] item: Life Orb
|
|upkeep
|
|t:|1776092310
|switch|p2a: Ogerpon|Ogerpon-Wellspring-Tera, F, tera:Water|29/100 psn
|-ability|p2a: Ogerpon|Embody Aspect (Wellspring)|boost
|-boost|p2a: Ogerpon|spd|1
|turn|33
|
|t:|1776092312
|move|p1a: Lokix|Sucker Punch||[still]
|-fail|p1a: Lokix
|move|p2a: Ogerpon|Encore|p1a: Lokix
|-start|p1a: Lokix|Encore
|
|-damage|p2a: Ogerpon|17/100 psn|[from] psn
|upkeep
|turn|34
|
|t:|1776092325
|switch|p2a: Rotom|Rotom-Heat|36/100
|move|p1a: Lokix|Sucker Punch||[still]
|-fail|p1a: Lokix
|
|upkeep
|turn|35
|
|t:|1776092336
|move|p1a: Lokix|Sucker Punch||[still]
|-fail|p1a: Lokix
|move|p2a: Rotom|Pain Split|p1a: Lokix
|-sethp|p1a: Lokix|64/100|[from] move: Pain Split|[silent]
|-sethp|p2a: Rotom|62/100|[from] move: Pain Split
|
|upkeep
|turn|36
|
|t:|1776092341
|switch|p2a: Ogerpon|Ogerpon-Wellspring-Tera, F, tera:Water|17/100 psn
|-ability|p2a: Ogerpon|Embody Aspect (Wellspring)|boost
|-boost|p2a: Ogerpon|spd|1
|move|p1a: Lokix|Sucker Punch||[still]
|-fail|p1a: Lokix
|
|-damage|p2a: Ogerpon|4/100 psn|[from] psn
|-end|p1a: Lokix|Encore
|upkeep
|turn|37
|
|t:|1776092347
|move|p2a: Ogerpon|Encore|p1a: Lokix
|-start|p1a: Lokix|Encore
|move|p1a: Lokix|Sucker Punch||[still]
|-fail|p1a: Lokix
|
|-damage|p2a: Ogerpon|0 fnt|[from] psn
|faint|p2a: Ogerpon
|detailschange|p2: Ogerpon|Ogerpon-Wellspring, F|[silent]
|upkeep
|
|t:|1776092356
|switch|p2a: Rotom|Rotom-Heat|62/100
|turn|38
|
|t:|1776092363
|move|p1a: Lokix|Sucker Punch|p2a: Rotom
|-damage|p2a: Rotom|15/100
|-damage|p1a: Lokix|54/100|[from] item: Life Orb
|move|p2a: Rotom|Thunderbolt|p1a: Lokix
|-damage|p1a: Lokix|0 fnt
|faint|p1a: Lokix
|
|win|phreshoatmeal
|raw|Kaltaris83's rating: 1577 &rarr; <strong>1556</strong><br />(-21 for losing)
|raw|phreshoatmeal's rating: 1555 &rarr; <strong>1576</strong><br />(+21 for winning)
|l|☆phreshoatmeal
|player|p2|
|l|☆Kaltaris83
|player|p1|
