|html|<div class="broadcast-blue"><strong>[Gen 9] OU is currently suspecting Volcarona! For information on how to participate check out the <a href="https://www.smogon.com/tools/suspects/view/208">suspect thread</a>.</strong></div>
|j|‽Craffy47
|j|☆haylfiresut
|t:|1778503310
|gametype|singles
|player|p1|Craffy47|265|1334
|player|p2|haylfiresut|101|1307
|gen|9
|tier|[Gen 9] OU
|rated|
|rule|HP Percentage Mod: HP is shown in percentages
|rule|Endless Battle Clause: Forcing endless battles is banned
|rule|Species Clause: Limit one of each Pokémon
|rule|OHKO Clause: OHKO moves are banned
|rule|Evasion Items Clause: Evasion items are banned
|rule|Evasion Moves Clause: Evasion moves are banned
|rule|Evasion Abilities Clause: Evasion abilities are banned
|rule|Sleep Moves Clause: Sleep-inducing moves are banned
|clearpoke
|poke|p1|Zoroark-Hisui, M|
|poke|p1|Ditto|
|poke|p1|Dragapult, F|
|poke|p1|Rotom-Wash|
|poke|p1|Great Tusk|
|poke|p1|Cinderace, M|
|poke|p2|Primarina, F|
|poke|p2|Dragonite, F|
|poke|p2|Ting-Lu|
|poke|p2|Pecharunt|
|poke|p2|Zamazenta-*|
|poke|p2|Corviknight, F|
|teampreview
|
|t:|1778503359
|teamsize|p1|6
|teamsize|p2|6
|start
|switch|p1a: Cinderace|Cinderace, M|100/100
|switch|p2a: Pecharunt|Pecharunt|100/100
|turn|1
|inactive|Battle timer is ON: inactive players will automatically lose when time's up. (requested by Craffy47)
|
|t:|1778503366
|move|p1a: Cinderace|U-turn|p2a: Pecharunt
|-resisted|p2a: Pecharunt
|-damage|p2a: Pecharunt|97/100
|
|t:|1778503370
|switch|p1a: Dragapult|Dragapult, F|100/100|[from] U-turn
|move|p2a: Pecharunt|Malignant Chain|p1a: Dragapult
|-resisted|p1a: Dragapult
|-damage|p1a: Dragapult|77/100
|-status|p1a: Dragapult|tox
|-start|p1a: Dragapult|confusion|[from] ability: Poison Puppeteer|[of] p2a: Pecharunt
|
|-damage|p1a: Dragapult|71/100 tox|[from] psn
|upkeep
|turn|2
|
|t:|1778503382
|switch|p2a: Ting-Lu|Ting-Lu|100/100
|-ability|p2a: Ting-Lu|Vessel of Ruin
|-activate|p1a: Dragapult|confusion
|-damage|p1a: Dragapult|58/100 tox|[from] confusion
|
|-damage|p1a: Dragapult|46/100 tox|[from] psn
|upkeep
|turn|3
|
|t:|1778503390
|switch|p1a: Cinderace|Cinderace, M|100/100
|move|p2a: Ting-Lu|Stealth Rock|p1a: Cinderace
|-sidestart|p1: Craffy47|move: Stealth Rock
|
|upkeep
|turn|4
|
|t:|1778503400
|move|p1a: Cinderace|Court Change|p1a: Cinderace
|-swapsideconditions
|-activate|p1a: Cinderace|move: Court Change
|move|p2a: Ting-Lu|Earthquake|p1a: Cinderace
|-supereffective|p1a: Cinderace
|-damage|p1a: Cinderace|9/100
|
|upkeep
|turn|5
|
|t:|1778503409
|switch|p1a: Great Tusk|Great Tusk|100/100
|-enditem|p1a: Great Tusk|Booster Energy
|-activate|p1a: Great Tusk|ability: Protosynthesis|[fromitem]
|-start|p1a: Great Tusk|protosynthesisatk
|move|p2a: Ting-Lu|Stealth Rock|p1a: Great Tusk
|-sidestart|p1: Craffy47|move: Stealth Rock
|
|upkeep
|turn|6
|
|t:|1778503417
|switch|p2a: Corviknight|Corviknight, F|100/100
|-damage|p2a: Corviknight|88/100|[from] Stealth Rock
|-ability|p2a: Corviknight|Pressure
|move|p1a: Great Tusk|Rapid Spin|p2a: Corviknight
|-resisted|p2a: Corviknight
|-damage|p2a: Corviknight|83/100
|-boost|p1a: Great Tusk|spe|1
|-damage|p1a: Great Tusk|84/100|[from] item: Rocky Helmet|[of] p2a: Corviknight
|-sideend|p1: Craffy47|Stealth Rock|[from] move: Rapid Spin|[of] p1a: Great Tusk
|
|upkeep
|turn|7
|
|t:|1778503433
|move|p1a: Great Tusk|Close Combat|p2a: Corviknight
|-damage|p2a: Corviknight|42/100
|-unboost|p1a: Great Tusk|def|1
|-unboost|p1a: Great Tusk|spd|1
|-damage|p1a: Great Tusk|67/100|[from] item: Rocky Helmet|[of] p2a: Corviknight
|move|p2a: Corviknight|Brave Bird|p1a: Great Tusk
|-supereffective|p1a: Great Tusk
|-damage|p1a: Great Tusk|0 fnt
|faint|p1a: Great Tusk
|-end|p1a: Great Tusk|Protosynthesis|[silent]
|-damage|p2a: Corviknight|19/100|[from] Recoil
|
|upkeep
|
|t:|1778503444
|switch|p1a: Cinderace|Cinderace, M|9/100
|turn|8
|
|t:|1778503450
|switch|p2a: Pecharunt|Pecharunt|97/100
|move|p1a: Cinderace|Pyro Ball|p2a: Pecharunt
|-damage|p2a: Pecharunt|49/100
|
|upkeep
|turn|9
|
|t:|1778503459
|move|p1a: Cinderace|U-turn|p2a: Pecharunt
|-resisted|p2a: Pecharunt
|-damage|p2a: Pecharunt|46/100
|
|t:|1778503466
|switch|p1a: Rotom|Rotom-Wash|100/100|[from] U-turn
|move|p2a: Pecharunt|Recover|p2a: Pecharunt
|-heal|p2a: Pecharunt|96/100
|
|upkeep
|turn|10
|
|t:|1778503472
|move|p1a: Rotom|Shadow Ball|p2a: Pecharunt
|-supereffective|p2a: Pecharunt
|-damage|p2a: Pecharunt|14/100
|move|p2a: Pecharunt|Malignant Chain|p1a: Rotom
|-resisted|p1a: Rotom
|-damage|p1a: Rotom|68/100
|replace|p1a: Zoroark|Zoroark-Hisui, M
|-end|p1a: Zoroark|Illusion
|
|upkeep
|turn|11
|
|t:|1778503481
|switch|p2a: Ting-Lu|Ting-Lu|100/100
|-damage|p2a: Ting-Lu|94/100|[from] Stealth Rock
|-ability|p2a: Ting-Lu|Vessel of Ruin
|move|p1a: Zoroark|Shadow Ball|p2a: Ting-Lu
|-resisted|p2a: Ting-Lu
|-damage|p2a: Ting-Lu|85/100
|
|-heal|p2a: Ting-Lu|91/100|[from] item: Leftovers
|upkeep
|turn|12
|
|t:|1778503492
|switch|p1a: Ditto|Ditto|100/100
|-transform|p1a: Ditto|p2a: Ting-Lu|[from] ability: Imposter
|-ability|p1a: Ditto|Vessel of Ruin
|move|p2a: Ting-Lu|Stealth Rock|p1a: Ditto
|-sidestart|p1: Craffy47|move: Stealth Rock
|
|-heal|p2a: Ting-Lu|97/100|[from] item: Leftovers
|upkeep
|turn|13
|
|t:|1778503504
|move|p1a: Ditto|Earthquake|p2a: Ting-Lu
|-damage|p2a: Ting-Lu|76/100
|move|p2a: Ting-Lu|Ruination|p1a: Ditto
|-damage|p1a: Ditto|50/100
|
|-heal|p2a: Ting-Lu|82/100|[from] item: Leftovers
|upkeep
|turn|14
|
|t:|1778503513
|switch|p1a: Dragapult|Dragapult, F|46/100 tox
|-damage|p1a: Dragapult|34/100 tox|[from] Stealth Rock
|move|p2a: Ting-Lu|Ruination|p1a: Dragapult|[miss]
|-miss|p2a: Ting-Lu|p1a: Dragapult
|
|-heal|p2a: Ting-Lu|88/100|[from] item: Leftovers
|-damage|p1a: Dragapult|28/100 tox|[from] psn
|upkeep
|turn|15
|
|t:|1778503523
|switch|p2a: Corviknight|Corviknight, F|19/100
|-damage|p2a: Corviknight|6/100|[from] Stealth Rock
|-ability|p2a: Corviknight|Pressure
|move|p1a: Dragapult|U-turn|p2a: Corviknight
|-resisted|p2a: Corviknight
|-damage|p2a: Corviknight|4/100
|-damage|p1a: Dragapult|12/100 tox|[from] item: Rocky Helmet|[of] p2a: Corviknight
|
|t:|1778503535
|switch|p1a: Cinderace|Cinderace, M|9/100|[from] U-turn
|
|upkeep
|turn|16
|
|t:|1778503541
|move|p1a: Cinderace|Pyro Ball|p2a: Corviknight
|-supereffective|p2a: Corviknight
|-damage|p2a: Corviknight|0 fnt
|faint|p2a: Corviknight
|
|upkeep
|
|t:|1778503545
|switch|p2a: Primarina|Primarina, F|100/100
|-damage|p2a: Primarina|88/100|[from] Stealth Rock
|turn|17
|
|t:|1778503551
|move|p1a: Cinderace|U-turn|p2a: Primarina
|-resisted|p2a: Primarina
|-damage|p2a: Primarina|80/100
|
|t:|1778503559
|switch|p1a: Rotom|Rotom-Wash|100/100|[from] U-turn
|-damage|p1a: Rotom|88/100|[from] Stealth Rock
|move|p2a: Primarina|Moonblast|p1a: Rotom
|-damage|p1a: Rotom|57/100
|
|-heal|p1a: Rotom|63/100|[from] item: Leftovers
|-heal|p2a: Primarina|86/100|[from] item: Leftovers
|upkeep
|turn|18
|
|t:|1778503581
|switch|p2a: Zamazenta|Zamazenta|100/100
|-damage|p2a: Zamazenta|94/100|[from] Stealth Rock
|-ability|p2a: Zamazenta|Dauntless Shield|boost
|-boost|p2a: Zamazenta|def|1
|move|p1a: Rotom|Thunder Wave|p2a: Zamazenta
|-status|p2a: Zamazenta|par
|
|-heal|p1a: Rotom|70/100|[from] item: Leftovers
|upkeep
|turn|19
|
|t:|1778503590
|move|p1a: Rotom|Pain Split|p2a: Zamazenta
|-sethp|p2a: Zamazenta|78/100 par|[from] move: Pain Split|[silent]
|-sethp|p1a: Rotom|88/100|[from] move: Pain Split
|move|p2a: Zamazenta|Iron Defense|p2a: Zamazenta
|-boost|p2a: Zamazenta|def|2
|
|-heal|p1a: Rotom|94/100|[from] item: Leftovers
|upkeep
|turn|20
|
|t:|1778503598
|move|p1a: Rotom|Volt Switch|p2a: Zamazenta
|-damage|p2a: Zamazenta|53/100 par
|
|t:|1778503602
|switch|p1a: Dragapult|Dragapult, F|12/100 tox|[from] Volt Switch
|-damage|p1a: Dragapult|0 fnt|[from] Stealth Rock
|faint|p1a: Dragapult
|move|p2a: Zamazenta|Rest|p2a: Zamazenta
|-status|p2a: Zamazenta|slp|[from] move: Rest
|-heal|p2a: Zamazenta|100/100 slp|[silent]
|-enditem|p2a: Zamazenta|Chesto Berry|[eat]
|-curestatus|p2a: Zamazenta|slp|[msg]
|
|upkeep
|
|t:|1778503612
|switch|p1a: Rotom|Rotom-Wash|94/100
|-damage|p1a: Rotom|82/100|[from] Stealth Rock
|turn|21
|
|t:|1778503616
|move|p2a: Zamazenta|Body Press|p1a: Rotom
|-damage|p1a: Rotom|0 fnt
|faint|p1a: Rotom
|
|upkeep
|
|t:|1778503620
|switch|p1a: Cinderace|Cinderace, M|68/100
|-damage|p1a: Cinderace|56/100|[from] Stealth Rock
|turn|22
|
|t:|1778503624
|move|p1a: Cinderace|U-turn|p2a: Zamazenta
|-resisted|p2a: Zamazenta
|-damage|p2a: Zamazenta|98/100
|
|t:|1778503628
|switch|p1a: Ditto|Ditto|50/100|[from] U-turn
|-damage|p1a: Ditto|38/100|[from] Stealth Rock
|-transform|p1a: Ditto|p2a: Zamazenta|[from] ability: Imposter
|-ability|p1a: Ditto|Dauntless Shield|boost
|-boost|p1a: Ditto|def|1
|move|p2a: Zamazenta|Body Press|p1a: Ditto
|-damage|p1a: Ditto|11/100
|
|upkeep
|turn|23
|
|t:|1778503640
|move|p1a: Ditto|Rest|p1a: Ditto
|-status|p1a: Ditto|slp|[from] move: Rest
|-heal|p1a: Ditto|100/100 slp|[silent]
|move|p2a: Zamazenta|Body Press|p1a: Ditto
|-damage|p1a: Ditto|72/100 slp
|
|upkeep
|turn|24
|
|t:|1778503647
|switch|p1a: Cinderace|Cinderace, M|56/100
|-damage|p1a: Cinderace|44/100|[from] Stealth Rock
|move|p2a: Zamazenta|Iron Defense|p2a: Zamazenta
|-boost|p2a: Zamazenta|def|2
|
|upkeep
|turn|25
|
|t:|1778503657
|move|p1a: Cinderace|Trick|p2a: Zamazenta
|-activate|p1a: Cinderace|move: Trick|[of] p2a: Zamazenta
|-item|p2a: Zamazenta|Choice Scarf|[from] move: Trick
|-enditem|p1a: Cinderace|Choice Scarf|[silent]|[from] move: Trick
|move|p2a: Zamazenta|Crunch|p1a: Cinderace
|-supereffective|p1a: Cinderace
|-damage|p1a: Cinderace|0 fnt
|replace|p1a: Zoroark|Zoroark-Hisui, M
|-end|p1a: Zoroark|Illusion
|faint|p1a: Zoroark
|
|upkeep
|
|t:|1778503665
|switch|p1a: Ditto|Ditto|72/100 slp
|-damage|p1a: Ditto|60/100 slp|[from] Stealth Rock
|-transform|p1a: Ditto|p2a: Zamazenta|[from] ability: Imposter
|turn|26
|
|t:|1778503674
|switch|p2a: Primarina|Primarina, F|86/100
|-damage|p2a: Primarina|74/100|[from] Stealth Rock
|cant|p1a: Ditto|slp
|
|-heal|p2a: Primarina|80/100|[from] item: Leftovers
|upkeep
|turn|27
|
|t:|1778503681
|cant|p1a: Ditto|slp
|move|p2a: Primarina|Moonblast|p1a: Ditto
|-supereffective|p1a: Ditto
|-damage|p1a: Ditto|0 fnt
|faint|p1a: Ditto
|
|-heal|p2a: Primarina|86/100|[from] item: Leftovers
|upkeep
|
|t:|1778503688
|switch|p1a: Cinderace|Cinderace, M|9/100
|turn|28
|
|t:|1778503691
|move|p1a: Cinderace|Pyro Ball|p2a: Primarina
|-resisted|p2a: Primarina
|-damage|p2a: Primarina|56/100
|move|p2a: Primarina|Moonblast|p1a: Cinderace
|-resisted|p1a: Cinderace
|-crit|p1a: Cinderace
|-damage|p1a: Cinderace|0 fnt
|faint|p1a: Cinderace
|
|win|haylfiresut
|raw|Craffy47's rating: 1334 &rarr; <strong>1312</strong><br />(-22 for losing)
|raw|haylfiresut's rating: 1307 &rarr; <strong>1329</strong><br />(+22 for winning)
|l|‽Craffy47
|player|p1|
|l|☆haylfiresut
|player|p2|
