|html|<div class="broadcast-blue"><strong>[Gen 9] OU is currently suspecting Volcarona! For information on how to participate check out the <a href="https://www.smogon.com/tools/suspects/view/208">suspect thread</a>.</strong></div>
|j|☆Thony212
|j|‽oxlerd11
|t:|1778511145
|gametype|singles
|player|p1|Thony212|lucas|1060
|player|p2|oxlerd11|drayden|1096
|gen|9
|tier|[Gen 9] OU
|rated|
|rule|HP Percentage Mod: HP is shown in percentages
|rule|Endless Battle Clause: Forcing endless battles is banned
|rule|Species Clause: Limit one of each Pokémon
|rule|OHKO Clause: OHKO moves are banned
|rule|Evasion Items Clause: Evasion items are banned
|rule|Evasion Moves Clause: Evasion moves are banned
|rule|Evasion Abilities Clause: Evasion abilities are banned
|rule|Sleep Moves Clause: Sleep-inducing moves are banned
|clearpoke
|poke|p1|Pawmot, F|
|poke|p1|Reuniclus, F|
|poke|p1|Shiftry, F|
|poke|p1|Empoleon, F|
|poke|p1|Clodsire, F|
|poke|p1|Talonflame, M|
|poke|p2|Kyurem|
|poke|p2|Slowking-Galar, F|
|poke|p2|Great Tusk|
|poke|p2|Corviknight, F|
|poke|p2|Ogerpon-Wellspring, F|
|poke|p2|Ceruledge, F|
|teampreview
|
|t:|1778511163
|teamsize|p1|6
|teamsize|p2|6
|start
|switch|p1a: Reuniclus|Reuniclus, F|100/100
|switch|p2a: Great Tusk|Great Tusk|100/100
|turn|1
|
|t:|1778511178
|-end|p2a: Great Tusk|Protosynthesis|[silent]
|switch|p2a: Corviknight|Corviknight, F|100/100
|-ability|p2a: Corviknight|Pressure
|move|p1a: Reuniclus|Psychic|p2a: Corviknight
|-resisted|p2a: Corviknight
|-damage|p2a: Corviknight|83/100
|
|upkeep
|turn|2
|
|t:|1778511210
|switch|p1a: Empoleon|Empoleon, F|100/100
|move|p2a: Corviknight|U-turn|p1a: Empoleon
|-resisted|p1a: Empoleon
|-damage|p1a: Empoleon|92/100
|
|t:|1778511221
|switch|p2a: Ogerpon|Ogerpon-Wellspring, F|100/100|[from] U-turn
|
|upkeep
|turn|3
|
|t:|1778511231
|move|p2a: Ogerpon|Knock Off|p1a: Empoleon
|-damage|p1a: Empoleon|46/100
|-enditem|p1a: Empoleon|Expert Belt|[from] move: Knock Off|[of] p2a: Ogerpon
|move|p1a: Empoleon|Air Slash|p2a: Ogerpon
|-supereffective|p2a: Ogerpon
|-damage|p2a: Ogerpon|48/100
|
|upkeep
|turn|4
|
|t:|1778511251
|switch|p2a: Corviknight|Corviknight, F|83/100
|-ability|p2a: Corviknight|Pressure
|switch|p1a: Talonflame|Talonflame, M|100/100
|
|upkeep
|turn|5
|
|t:|1778511291
|switch|p2a: Slowking|Slowking-Galar, F|100/100
|move|p1a: Talonflame|Hurricane|p2a: Slowking
|-crit|p2a: Slowking
|-damage|p2a: Slowking|73/100
|-start|p2a: Slowking|confusion
|
|-heal|p2a: Slowking|79/100|[from] item: Leftovers
|upkeep
|turn|6
|
|t:|1778511305
|move|p1a: Talonflame|Hurricane|p2a: Slowking
|-damage|p2a: Slowking|60/100
|-activate|p2a: Slowking|confusion
|move|p2a: Slowking|Sludge Bomb|p1a: Talonflame
|-damage|p1a: Talonflame|47/100
|-status|p1a: Talonflame|psn
|
|-heal|p2a: Slowking|66/100|[from] item: Leftovers
|-damage|p1a: Talonflame|35/100 psn|[from] psn
|upkeep
|turn|7
|
|t:|1778511316
|switch|p1a: Shiftry|Shiftry, F|100/100
|-prepare|p2a: Slowking|Chilly Reception|[premajor]
|-activate|p2a: Slowking|confusion
|move|p2a: Slowking|Chilly Reception|p2a: Slowking
|-weather|Snowscape
|
|t:|1778511323
|switch|p2a: Kyurem|Kyurem|100/100|[from] Chilly Reception
|-ability|p2a: Kyurem|Pressure
|
|-weather|Snowscape|[upkeep]
|upkeep
|turn|8
|
|t:|1778511335
|move|p1a: Shiftry|Fake Out|p2a: Kyurem
|-damage|p2a: Kyurem|94/100
|cant|p2a: Kyurem|flinch
|
|-weather|Snowscape|[upkeep]
|upkeep
|turn|9
|
|t:|1778511355
|move|p2a: Kyurem|Blizzard|p1a: Shiftry
|-supereffective|p1a: Shiftry
|-damage|p1a: Shiftry|0 fnt
|faint|p1a: Shiftry
|
|-weather|Snowscape|[upkeep]
|upkeep
|
|t:|1778511368
|switch|p1a: Pawmot|Pawmot, F|100/100
|turn|10
|
|t:|1778511379
|switch|p2a: Great Tusk|Great Tusk|100/100
|move|p1a: Pawmot|Close Combat|p2a: Great Tusk
|-damage|p2a: Great Tusk|60/100
|-unboost|p1a: Pawmot|def|1
|-unboost|p1a: Pawmot|spd|1
|-damage|p1a: Pawmot|84/100|[from] item: Rocky Helmet|[of] p2a: Great Tusk
|
|-weather|Snowscape|[upkeep]
|upkeep
|turn|11
|
|t:|1778511393
|move|p2a: Great Tusk|Stealth Rock|p1a: Pawmot
|-sidestart|p1: Thony212|move: Stealth Rock
|move|p1a: Pawmot|Close Combat|p2a: Great Tusk
|-damage|p2a: Great Tusk|17/100
|-unboost|p1a: Pawmot|def|1
|-unboost|p1a: Pawmot|spd|1
|-damage|p1a: Pawmot|68/100|[from] item: Rocky Helmet|[of] p2a: Great Tusk
|
|-weather|none
|upkeep
|turn|12
|
|t:|1778511405
|-end|p2a: Great Tusk|Protosynthesis|[silent]
|switch|p2a: Ceruledge|Ceruledge, F|100/100
|switch|p1a: Talonflame|Talonflame, M|35/100 psn
|-damage|p1a: Talonflame|0 fnt|[from] Stealth Rock
|faint|p1a: Talonflame
|
|upkeep
|
|t:|1778511422
|switch|p1a: Reuniclus|Reuniclus, F|100/100
|-damage|p1a: Reuniclus|88/100|[from] Stealth Rock
|turn|13
|
|t:|1778511431
|move|p2a: Ceruledge|Shadow Sneak|p1a: Reuniclus
|-supereffective|p1a: Reuniclus
|-damage|p1a: Reuniclus|33/100
|move|p1a: Reuniclus|Psychic|p2a: Ceruledge
|-damage|p2a: Ceruledge|54/100
|
|-heal|p1a: Reuniclus|39/100|[from] item: Leftovers
|upkeep
|turn|14
|
|t:|1778511445
|switch|p1a: Clodsire|Clodsire, F|100/100
|-damage|p1a: Clodsire|94/100|[from] Stealth Rock
|move|p2a: Ceruledge|Shadow Sneak|p1a: Clodsire
|-damage|p1a: Clodsire|63/100
|-damage|p2a: Ceruledge|37/100|[from] item: Rocky Helmet|[of] p1a: Clodsire
|
|upkeep
|turn|15
|
|t:|1778511468
|switch|p2a: Corviknight|Corviknight, F|83/100
|-ability|p2a: Corviknight|Pressure
|move|p1a: Clodsire|Recover|p1a: Clodsire
|-heal|p1a: Clodsire|100/100
|
|upkeep
|turn|16
|
|t:|1778511482
|switch|p1a: Pawmot|Pawmot, F|68/100
|-damage|p1a: Pawmot|62/100|[from] Stealth Rock
|move|p2a: Corviknight|Body Press|p1a: Pawmot
|-damage|p1a: Pawmot|20/100
|
|upkeep
|turn|17
|
|t:|1778511500
|switch|p2a: Great Tusk|Great Tusk|17/100
|move|p1a: Pawmot|Fire Punch|p2a: Great Tusk
|-damage|p2a: Great Tusk|0 fnt
|-damage|p1a: Pawmot|4/100|[from] item: Rocky Helmet|[of] p2a: Great Tusk
|faint|p2a: Great Tusk
|-end|p2a: Great Tusk|Protosynthesis|[silent]
|
|upkeep
|
|t:|1778511510
|switch|p2a: Ceruledge|Ceruledge, F|37/100
|turn|18
|
|t:|1778511523
|move|p2a: Ceruledge|Shadow Sneak|p1a: Pawmot
|-damage|p1a: Pawmot|0 fnt
|faint|p1a: Pawmot
|
|upkeep
|
|t:|1778511534
|switch|p1a: Clodsire|Clodsire, F|100/100
|-damage|p1a: Clodsire|94/100|[from] Stealth Rock
|turn|19
|
|t:|1778511548
|switch|p2a: Corviknight|Corviknight, F|83/100
|-ability|p2a: Corviknight|Pressure
|move|p1a: Clodsire|Toxic Spikes|p2a: Corviknight
|-sidestart|p2: oxlerd11|move: Toxic Spikes
|
|upkeep
|turn|20
|
|t:|1778511560
|switch|p1a: Empoleon|Empoleon, F|46/100
|-damage|p1a: Empoleon|40/100|[from] Stealth Rock
|move|p2a: Corviknight|Body Press|p1a: Empoleon
|-supereffective|p1a: Empoleon
|-damage|p1a: Empoleon|0 fnt
|faint|p1a: Empoleon
|
|upkeep
|
|t:|1778511569
|switch|p1a: Reuniclus|Reuniclus, F|72/100
|-damage|p1a: Reuniclus|60/100|[from] Stealth Rock
|turn|21
|
|t:|1778511577
|move|p2a: Corviknight|U-turn|p1a: Reuniclus
|-supereffective|p1a: Reuniclus
|-damage|p1a: Reuniclus|33/100
|
|t:|1778511580
|switch|p2a: Slowking|Slowking-Galar, F|99/100|[from] U-turn
|-sideend|p2: oxlerd11|move: Toxic Spikes|[of] p2a: Slowking
|move|p1a: Reuniclus|Drain Punch|p2a: Slowking
|-resisted|p2a: Slowking
|-damage|p2a: Slowking|97/100
|-heal|p1a: Reuniclus|34/100|[from] drain|[of] p2a: Slowking
|
|-heal|p1a: Reuniclus|40/100|[from] item: Leftovers
|-heal|p2a: Slowking|100/100|[from] item: Leftovers
|upkeep
|turn|22
|
|t:|1778511606
|move|p1a: Reuniclus|Psychic|p2a: Slowking
|-damage|p2a: Slowking|78/100
|-prepare|p2a: Slowking|Chilly Reception|[premajor]
|move|p2a: Slowking|Chilly Reception|p2a: Slowking
|-weather|Snowscape
|
|t:|1778511612
|switch|p2a: Kyurem|Kyurem|94/100|[from] Chilly Reception
|-ability|p2a: Kyurem|Pressure
|
|-weather|Snowscape|[upkeep]
|-heal|p1a: Reuniclus|46/100|[from] item: Leftovers
|upkeep
|turn|23
|
|t:|1778511624
|move|p2a: Kyurem|Blizzard|p1a: Reuniclus
|-damage|p1a: Reuniclus|0 fnt
|faint|p1a: Reuniclus
|
|-weather|Snowscape|[upkeep]
|upkeep
|
|t:|1778511630
|switch|p1a: Clodsire|Clodsire, F|94/100
|-damage|p1a: Clodsire|88/100|[from] Stealth Rock
|turn|24
|
|t:|1778511637
|-terastallize|p2a: Kyurem|Ice
|move|p2a: Kyurem|Blizzard|p1a: Clodsire
|-supereffective|p1a: Clodsire
|-damage|p1a: Clodsire|0 fnt
|faint|p1a: Clodsire
|
|win|oxlerd11
|raw|Thony212's rating: 1060 &rarr; <strong>1043</strong><br />(-17 for losing)
|raw|oxlerd11's rating: 1096 &rarr; <strong>1119</strong><br />(+23 for winning)
|l|☆Thony212
|player|p1|
|l|‽oxlerd11
|player|p2|
