|html|<div class="broadcast-blue"><strong>[Gen 9] OU is currently suspecting Volcarona! For information on how to participate check out the <a href="https://www.smogon.com/tools/suspects/view/208">suspect thread</a>.</strong></div>
|j|☆Curious kitkat
|j|☆pro12121261
|t:|1778502511
|gametype|singles
|player|p1|Curious kitkat|iris-gen5bw2|1116
|player|p2|pro12121261|lucas|1133
|gen|9
|tier|[Gen 9] OU
|rated|
|rule|HP Percentage Mod: HP is shown in percentages
|rule|Endless Battle Clause: Forcing endless battles is banned
|rule|Species Clause: Limit one of each Pokémon
|rule|OHKO Clause: OHKO moves are banned
|rule|Evasion Items Clause: Evasion items are banned
|rule|Evasion Moves Clause: Evasion moves are banned
|rule|Evasion Abilities Clause: Evasion abilities are banned
|rule|Sleep Moves Clause: Sleep-inducing moves are banned
|clearpoke
|poke|p1|Ogerpon-Wellspring, F|
|poke|p1|Glimmora, F|
|poke|p1|Gliscor, M|
|poke|p1|Primarina, F|
|poke|p1|Dragapult, M|
|poke|p1|Moltres|
|poke|p2|Kyurem|
|poke|p2|Blaziken, M|
|poke|p2|Azumarill, F|
|poke|p2|Metagross|
|poke|p2|Quaquaval, M|
|poke|p2|Diglett, L1, M|
|teampreview
|inactive|Battle timer is ON: inactive players will automatically lose when time's up. (requested by Curious kitkat)
|
|t:|1778502520
|teamsize|p1|6
|teamsize|p2|6
|start
|switch|p1a: Glimmora|Glimmora, F|100/100
|switch|p2a: Diglett|Diglett, L1, M|100/100
|turn|1
|
|t:|1778502526
|move|p1a: Glimmora|Toxic|p2a: Diglett
|-status|p2a: Diglett|tox
|move|p2a: Diglett|Memento|p1a: Glimmora
|-unboost|p1a: Glimmora|atk|2
|-unboost|p1a: Glimmora|spa|2
|faint|p2a: Diglett
|
|upkeep
|
|t:|1778502533
|switch|p2a: Metagross|Metagross|100/100
|turn|2
|
|t:|1778502537
|move|p1a: Glimmora|Toxic|p2a: Metagross
|-status|p2a: Metagross|tox
|move|p2a: Metagross|Meteor Mash|p1a: Glimmora
|-supereffective|p1a: Glimmora
|-enditem|p1a: Glimmora|Focus Sash
|-damage|p1a: Glimmora|1/100
|-boost|p2a: Metagross|atk|1
|
|-damage|p2a: Metagross|94/100 tox|[from] psn
|upkeep
|turn|3
|
|t:|1778502547
|move|p1a: Glimmora|Spiky Shield|p1a: Glimmora
|-singleturn|p1a: Glimmora|move: Protect
|move|p2a: Metagross|Bullet Punch|p1a: Glimmora
|-activate|p1a: Glimmora|move: Protect
|-damage|p2a: Metagross|82/100 tox|[from] Spiky Shield|[of] p1a: Glimmora
|
|-damage|p2a: Metagross|70/100 tox|[from] psn
|upkeep
|turn|4
|
|t:|1778502555
|move|p2a: Metagross|Bullet Punch|p1a: Glimmora
|-supereffective|p1a: Glimmora
|-damage|p1a: Glimmora|0 fnt
|faint|p1a: Glimmora
|
|-damage|p2a: Metagross|52/100 tox|[from] psn
|upkeep
|
|t:|1778502562
|switch|p1a: Moltres|Moltres|100/100
|turn|5
|
|t:|1778502566
|move|p2a: Metagross|Bullet Punch|p1a: Moltres
|-resisted|p1a: Moltres
|-damage|p1a: Moltres|82/100
|move|p1a: Moltres|Flamethrower|p2a: Metagross
|-supereffective|p2a: Metagross
|-crit|p2a: Metagross
|-damage|p2a: Metagross|0 fnt
|faint|p2a: Metagross
|
|upkeep
|
|t:|1778502575
|switch|p2a: Quaquaval|Quaquaval, M|100/100
|turn|6
|
|t:|1778502580
|switch|p1a: Ogerpon|Ogerpon-Wellspring, F|100/100
|move|p2a: Quaquaval|Aqua Step|p1a: Ogerpon
|-immune|p1a: Ogerpon|[from] ability: Water Absorb
|
|upkeep
|turn|7
|
|t:|1778502587
|move|p1a: Ogerpon|Encore|p2a: Quaquaval
|-start|p2a: Quaquaval|Encore
|move|p2a: Quaquaval|Aqua Step|p1a: Ogerpon
|-immune|p1a: Ogerpon|[from] ability: Water Absorb
|
|upkeep
|turn|8
|
|t:|1778502597
|switch|p2a: Azumarill|Azumarill, F|100/100
|move|p1a: Ogerpon|Swords Dance|p1a: Ogerpon
|-boost|p1a: Ogerpon|atk|2
|
|upkeep
|turn|9
|
|t:|1778502605
|move|p1a: Ogerpon|Horn Leech|p2a: Azumarill
|-supereffective|p2a: Azumarill
|-damage|p2a: Azumarill|0 fnt
|faint|p2a: Azumarill
|
|upkeep
|
|t:|1778502609
|switch|p2a: Kyurem|Kyurem|100/100
|-ability|p2a: Kyurem|Pressure
|turn|10
|
|t:|1778502617
|move|p1a: Ogerpon|Ivy Cudgel|p2a: Kyurem|[anim] Ivy Cudgel Water
|-resisted|p2a: Kyurem
|-damage|p2a: Kyurem|49/100
|move|p2a: Kyurem|Dragon Dance|p2a: Kyurem
|-boost|p2a: Kyurem|atk|1
|-boost|p2a: Kyurem|spe|1
|
|upkeep
|turn|11
|
|t:|1778502627
|switch|p1a: Moltres|Moltres|82/100
|move|p2a: Kyurem|Icicle Spear|p1a: Moltres
|-damage|p1a: Moltres|61/100
|-damage|p1a: Moltres|40/100
|-damage|p1a: Moltres|17/100
|-damage|p1a: Moltres|0 fnt
|faint|p1a: Moltres
|-hitcount|p1: Moltres|4
|
|upkeep
|
|t:|1778502638
|switch|p1a: Dragapult|Dragapult, M|100/100
|turn|12
|
|t:|1778502644
|-terastallize|p1a: Dragapult|Fairy
|move|p2a: Kyurem|Icicle Spear|p1a: Dragapult
|-damage|p1a: Dragapult|68/100
|-damage|p1a: Dragapult|38/100
|-damage|p1a: Dragapult|6/100
|-start|p2a: Kyurem|Disable|Icicle Spear|[from] ability: Cursed Body|[of] p1a: Dragapult
|-damage|p1a: Dragapult|0 fnt
|faint|p1a: Dragapult
|-hitcount|p1: Dragapult|4
|
|upkeep
|
|t:|1778502654
|switch|p1a: Primarina|Primarina, F|100/100
|turn|13
|
|t:|1778502657
|move|p2a: Kyurem|Rock Slide|p1a: Primarina
|-damage|p1a: Primarina|68/100
|move|p1a: Primarina|Draining Kiss|p2a: Kyurem
|-supereffective|p2a: Kyurem
|-damage|p2a: Kyurem|11/100
|-heal|p1a: Primarina|98/100|[from] drain|[of] p2a: Kyurem
|
|-heal|p1a: Primarina|100/100|[from] item: Leftovers
|upkeep
|turn|14
|
|t:|1778502666
|move|p2a: Kyurem|Rock Slide|p1a: Primarina
|-damage|p1a: Primarina|62/100
|move|p1a: Primarina|Draining Kiss|p2a: Kyurem
|-supereffective|p2a: Kyurem
|-damage|p2a: Kyurem|0 fnt
|-heal|p1a: Primarina|71/100|[from] drain|[of] p2a: Kyurem
|faint|p2a: Kyurem
|
|-heal|p1a: Primarina|77/100|[from] item: Leftovers
|upkeep
|
|t:|1778502678
|switch|p2a: Blaziken|Blaziken, M|100/100
|turn|15
|
|t:|1778502682
|move|p2a: Blaziken|Earthquake|p1a: Primarina
|-damage|p1a: Primarina|49/100
|move|p1a: Primarina|Liquidation|p2a: Blaziken
|-supereffective|p2a: Blaziken
|-damage|p2a: Blaziken|28/100
|
|-heal|p2a: Blaziken|34/100|[from] item: Leftovers
|-heal|p1a: Primarina|55/100|[from] item: Leftovers
|-ability|p2a: Blaziken|Speed Boost|boost
|-boost|p2a: Blaziken|spe|1
|upkeep
|turn|16
|
|t:|1778502691
|move|p2a: Blaziken|Earthquake|p1a: Primarina
|-damage|p1a: Primarina|27/100
|move|p1a: Primarina|Liquidation|p2a: Blaziken
|-supereffective|p2a: Blaziken
|-damage|p2a: Blaziken|0 fnt
|faint|p2a: Blaziken
|
|-heal|p1a: Primarina|33/100|[from] item: Leftovers
|upkeep
|
|t:|1778502699
|switch|p2a: Quaquaval|Quaquaval, M|100/100
|turn|17
|
|t:|1778502704
|move|p2a: Quaquaval|Rapid Spin|p1a: Primarina
|-damage|p1a: Primarina|19/100
|-boost|p2a: Quaquaval|spe|1
|move|p1a: Primarina|Draining Kiss|p2a: Quaquaval
|-supereffective|p2a: Quaquaval
|-damage|p2a: Quaquaval|52/100
|-heal|p1a: Primarina|56/100|[from] drain|[of] p2a: Quaquaval
|
|-heal|p1a: Primarina|62/100|[from] item: Leftovers
|upkeep
|turn|18
|-message|pro12121261 forfeited.
|
|win|Curious kitkat
|raw|Curious kitkat's rating: 1116 &rarr; <strong>1142</strong><br />(+26 for winning)
|raw|pro12121261's rating: 1133 &rarr; <strong>1107</strong><br />(-26 for losing)
|l|☆Curious kitkat
|player|p1|
|l|☆pro12121261
|player|p2|
