|html|<div class="broadcast-blue"><strong>[Gen 9] OU is currently suspecting Tera Blast! For information on how to participate check out the <a href="https://www.smogon.com/tools/suspects/view/200">suspect thread</a>.</strong></div>
|j|☆Unatopipo
|j|☆vzn.exe
|t:|1776072884
|gametype|singles
|player|p1|Unatopipo|aaron|1222
|player|p2|vzn.exe|lusamine-nihilego|1226
|gen|9
|tier|[Gen 9] OU
|rated|
|rule|HP Percentage Mod: HP is shown in percentages
|rule|Endless Battle Clause: Forcing endless battles is banned
|rule|Species Clause: Limit one of each Pokémon
|rule|OHKO Clause: OHKO moves are banned
|rule|Evasion Items Clause: Evasion items are banned
|rule|Evasion Moves Clause: Evasion moves are banned
|rule|Evasion Abilities Clause: Evasion abilities are banned
|rule|Sleep Moves Clause: Sleep-inducing moves are banned
|clearpoke
|poke|p1|Dragapult, F|
|poke|p1|Iron Moth|
|poke|p1|Ogerpon-Wellspring, F|
|poke|p1|Tyranitar, M|
|poke|p1|Great Tusk|
|poke|p1|Corviknight, M|
|poke|p2|Primarina, M|
|poke|p2|Great Tusk|
|poke|p2|Enamorus, F|
|poke|p2|Slowking-Galar, M|
|poke|p2|Ogerpon, F|
|poke|p2|Kingambit, M|
|teampreview
|inactive|Battle timer is ON: inactive players will automatically lose when time's up. (requested by Unatopipo)
|
|t:|1776072902
|teamsize|p1|6
|teamsize|p2|6
|start
|switch|p1a: Dragapult|Dragapult, F|100/100
|switch|p2a: Anonymous|Ogerpon, F|100/100
|turn|1
|inactive|vzn.exe also wants the timer to be on.
|
|t:|1776072919
|switch|p2a: Celestine|Primarina, M, shiny|100/100
|move|p1a: Dragapult|U-turn|p2a: Celestine
|-resisted|p2a: Celestine
|-damage|p2a: Celestine|84/100
|
|t:|1776072930
|switch|p1a: Tyranitar|Tyranitar, M|100/100|[from] U-turn
|-weather|Sandstorm|[from] ability: Sand Stream|[of] p1a: Tyranitar
|
|-weather|Sandstorm|[upkeep]
|-damage|p2a: Celestine|78/100|[from] Sandstorm
|-heal|p2a: Celestine|84/100|[from] item: Leftovers
|upkeep
|turn|2
|
|t:|1776072947
|move|p2a: Celestine|Moonblast|p1a: Tyranitar
|-supereffective|p1a: Tyranitar
|-damage|p1a: Tyranitar|58/100
|move|p1a: Tyranitar|Thunder Wave|p2a: Celestine
|-status|p2a: Celestine|par
|
|-weather|Sandstorm|[upkeep]
|-damage|p2a: Celestine|78/100 par|[from] Sandstorm
|-heal|p1a: Tyranitar|65/100|[from] item: Leftovers
|-heal|p2a: Celestine|84/100 par|[from] item: Leftovers
|upkeep
|turn|3
|
|t:|1776072971
|switch|p2a: Behemoth|Great Tusk, shiny|100/100
|move|p1a: Tyranitar|Stealth Rock|p2a: Behemoth
|-sidestart|p2: vzn.exe|move: Stealth Rock
|
|-weather|Sandstorm|[upkeep]
|-heal|p1a: Tyranitar|71/100|[from] item: Leftovers
|upkeep
|turn|4
|
|t:|1776072988
|switch|p1a: Corviknight|Corviknight, M|100/100
|-ability|p1a: Corviknight|Pressure
|move|p2a: Behemoth|Rapid Spin|p1a: Corviknight
|-resisted|p1a: Corviknight
|-damage|p1a: Corviknight|95/100
|-boost|p2a: Behemoth|spe|1
|-damage|p2a: Behemoth|84/100|[from] item: Rocky Helmet|[of] p1a: Corviknight
|-sideend|p2: vzn.exe|Stealth Rock|[from] move: Rapid Spin|[of] p2a: Behemoth
|
|-weather|Sandstorm|[upkeep]
|upkeep
|turn|5
|inactive|vzn.exe has 120 seconds left.
|
|t:|1776073007
|move|p2a: Behemoth|Stealth Rock|p1a: Corviknight
|-sidestart|p1: Unatopipo|move: Stealth Rock
|move|p1a: Corviknight|Brave Bird|p2a: Behemoth
|-supereffective|p2a: Behemoth
|-damage|p2a: Behemoth|32/100
|-damage|p1a: Corviknight|79/100|[from] item: Rocky Helmet|[of] p2a: Behemoth
|-damage|p1a: Corviknight|63/100|[from] Recoil
|
|-weather|none
|upkeep
|turn|6
|inactive|vzn.exe has 120 seconds left.
|
|t:|1776073025
|-end|p2a: Behemoth|Protosynthesis|[silent]
|switch|p2a: Gin|Enamorus, F, shiny|100/100
|move|p1a: Corviknight|Brave Bird|p2a: Gin
|-damage|p2a: Gin|39/100
|-damage|p1a: Corviknight|48/100|[from] Recoil
|
|upkeep
|turn|7
|inactive|vzn.exe has 120 seconds left.
|
|t:|1776073042
|switch|p1a: Tyranitar|Tyranitar, M|71/100
|-damage|p1a: Tyranitar|58/100|[from] Stealth Rock
|-weather|Sandstorm|[from] ability: Sand Stream|[of] p1a: Tyranitar
|move|p2a: Gin|Mystical Fire|p1a: Tyranitar
|-resisted|p1a: Tyranitar
|-damage|p1a: Tyranitar|52/100
|-unboost|p1a: Tyranitar|spa|1
|
|-weather|Sandstorm|[upkeep]
|-damage|p2a: Gin|33/100|[from] Sandstorm
|-heal|p1a: Tyranitar|58/100|[from] item: Leftovers
|upkeep
|turn|8
|
|t:|1776073059
|switch|p2a: Behemoth|Great Tusk, shiny|32/100
|move|p1a: Tyranitar|Knock Off|p2a: Behemoth
|-resisted|p2a: Behemoth
|-damage|p2a: Behemoth|18/100
|-damage|p1a: Tyranitar|42/100|[from] item: Rocky Helmet|[of] p2a: Behemoth
|-enditem|p2a: Behemoth|Rocky Helmet|[from] move: Knock Off|[of] p1a: Tyranitar
|
|-weather|Sandstorm|[upkeep]
|-heal|p1a: Tyranitar|48/100|[from] item: Leftovers
|upkeep
|turn|9
|
|t:|1776073075
|-end|p2a: Behemoth|Protosynthesis|[silent]
|switch|p2a: Gin|Enamorus, F, shiny|33/100
|move|p1a: Tyranitar|Ice Beam|p2a: Gin
|-supereffective|p2a: Gin
|-damage|p2a: Gin|0 fnt
|faint|p2a: Gin
|
|-weather|Sandstorm|[upkeep]
|-heal|p1a: Tyranitar|54/100|[from] item: Leftovers
|upkeep
|
|t:|1776073084
|switch|p2a: Anonymous|Ogerpon, F|100/100
|turn|10
|
|t:|1776073093
|switch|p1a: Corviknight|Corviknight, M|48/100
|-damage|p1a: Corviknight|36/100|[from] Stealth Rock
|-ability|p1a: Corviknight|Pressure
|move|p2a: Anonymous|Knock Off|p1a: Corviknight
|-damage|p1a: Corviknight|7/100
|-damage|p2a: Anonymous|84/100|[from] item: Rocky Helmet|[of] p1a: Corviknight
|-enditem|p1a: Corviknight|Rocky Helmet|[from] move: Knock Off|[of] p2a: Anonymous
|
|-weather|Sandstorm|[upkeep]
|-damage|p2a: Anonymous|78/100|[from] Sandstorm
|upkeep
|turn|11
|inactive|vzn.exe has 120 seconds left.
|
|t:|1776073110
|switch|p2a: Celestine|Primarina, M, shiny|84/100 par
|move|p1a: Corviknight|Brave Bird|p2a: Celestine
|-damage|p2a: Celestine|31/100 par
|-damage|p1a: Corviknight|0 fnt|[from] Recoil
|faint|p1a: Corviknight
|
|-weather|none
|-heal|p2a: Celestine|37/100 par|[from] item: Leftovers
|upkeep
|
|t:|1776073135
|switch|p1a: Tyranitar|Tyranitar, M|54/100
|-damage|p1a: Tyranitar|42/100|[from] Stealth Rock
|-weather|Sandstorm|[from] ability: Sand Stream|[of] p1a: Tyranitar
|turn|12
|inactive|vzn.exe has 120 seconds left.
|
|t:|1776073144
|move|p1a: Tyranitar|Knock Off|p2a: Celestine
|-resisted|p2a: Celestine
|-damage|p2a: Celestine|8/100 par
|-enditem|p2a: Celestine|Leftovers|[from] move: Knock Off|[of] p1a: Tyranitar
|move|p2a: Celestine|Moonblast|p1a: Tyranitar
|-supereffective|p1a: Tyranitar
|-damage|p1a: Tyranitar|0 fnt
|faint|p1a: Tyranitar
|
|-weather|Sandstorm|[upkeep]
|-damage|p2a: Celestine|2/100 par|[from] Sandstorm
|upkeep
|inactive|Unatopipo has 120 seconds left.
|
|t:|1776073161
|switch|p1a: Dragapult|Dragapult, F|100/100
|turn|13
|inactive|vzn.exe has 120 seconds left.
|
|t:|1776073178
|move|p1a: Dragapult|U-turn|p2a: Celestine
|-resisted|p2a: Celestine
|-damage|p2a: Celestine|0 fnt
|faint|p2a: Celestine
|
|t:|1776073190
|switch|p1a: Great Tusk|Great Tusk|100/100|[from] U-turn
|-damage|p1a: Great Tusk|98/100|[from] Stealth Rock
|
|-weather|Sandstorm|[upkeep]
|-heal|p1a: Great Tusk|100/100|[from] item: Leftovers
|upkeep
|inactive|vzn.exe has 120 seconds left.
|
|t:|1776073206
|switch|p2a: Anonymous|Ogerpon, F|78/100
|turn|14
|inactive|vzn.exe has 120 seconds left.
|
|t:|1776073223
|move|p2a: Anonymous|Ivy Cudgel|p1a: Great Tusk
|-supereffective|p1a: Great Tusk
|-damage|p1a: Great Tusk|0 fnt
|faint|p1a: Great Tusk
|-end|p1a: Great Tusk|Protosynthesis|[silent]
|
|-weather|Sandstorm|[upkeep]
|-damage|p2a: Anonymous|72/100|[from] Sandstorm
|upkeep
|
|t:|1776073229
|switch|p1a: Iron Moth|Iron Moth, shiny|100/100
|-damage|p1a: Iron Moth|76/100|[from] Stealth Rock
|-enditem|p1a: Iron Moth|Booster Energy
|-activate|p1a: Iron Moth|ability: Quark Drive|[fromitem]
|-start|p1a: Iron Moth|quarkdrivespe
|turn|15
|inactive|vzn.exe has 120 seconds left.
|
|t:|1776073246
|switch|p2a: Mantra|Slowking-Galar, M, shiny|100/100
|move|p1a: Iron Moth|Fiery Dance|p2a: Mantra
|-damage|p2a: Mantra|77/100
|
|-weather|Sandstorm|[upkeep]
|-damage|p1a: Iron Moth|70/100|[from] Sandstorm
|-damage|p2a: Mantra|71/100|[from] Sandstorm
|upkeep
|turn|16
|
|t:|1776073265
|-terastallize|p1a: Iron Moth|Ground
|move|p1a: Iron Moth|Substitute|p1a: Iron Moth
|-start|p1a: Iron Moth|Substitute
|-damage|p1a: Iron Moth|45/100
|move|p2a: Mantra|Psychic Noise|p1a: Iron Moth
|-damage|p1a: Iron Moth|19/100
|-start|p1a: Iron Moth|move: Heal Block
|
|-weather|none
|upkeep
|turn|17
|
|t:|1776073282
|move|p1a: Iron Moth|Tera Blast|p2a: Mantra|[anim] Tera Blast Ground
|-supereffective|p2a: Mantra
|-damage|p2a: Mantra|27/100
|move|p2a: Mantra|Psychic Noise|p1a: Iron Moth
|-damage|p1a: Iron Moth|0 fnt
|faint|p1a: Iron Moth
|-end|p1a: Iron Moth|Quark Drive|[silent]
|
|upkeep
|
|t:|1776073294
|switch|p1a: Dragapult|Dragapult, F|100/100
|turn|18
|
|t:|1776073310
|switch|p2a: Overgod|Kingambit, M, shiny|100/100
|-activate|p2a: Overgod|ability: Supreme Overlord
|-start|p2a: Overgod|fallen2|[silent]
|move|p1a: Dragapult|Dragon Darts|p2a: Overgod
|-resisted|p2a: Overgod
|-damage|p2a: Overgod|92/100
|-anim|p1a: Dragapult|Dragon Darts|p2a: Overgod
|-resisted|p2a: Overgod
|-damage|p2a: Overgod|83/100
|
|-heal|p2a: Overgod|89/100|[from] item: Leftovers
|upkeep
|turn|19
|
|t:|1776073327
|move|p1a: Dragapult|Will-O-Wisp|p2a: Overgod|[miss]
|-miss|p1a: Dragapult|p2a: Overgod
|move|p2a: Overgod|Kowtow Cleave|p1a: Dragapult
|-supereffective|p1a: Dragapult
|-damage|p1a: Dragapult|0 fnt
|faint|p1a: Dragapult
|
|-heal|p2a: Overgod|95/100|[from] item: Leftovers
|upkeep
|
|t:|1776073333
|switch|p1a: Ogerpon|Ogerpon-Wellspring, F|100/100
|-damage|p1a: Ogerpon|88/100|[from] Stealth Rock
|turn|20
|
|t:|1776073344
|move|p1a: Ogerpon|Swords Dance|p1a: Ogerpon
|-boost|p1a: Ogerpon|atk|2
|move|p2a: Overgod|Kowtow Cleave|p1a: Ogerpon
|-damage|p1a: Ogerpon|14/100
|
|-heal|p2a: Overgod|100/100|[from] item: Leftovers
|upkeep
|turn|21
|inactive|Unatopipo has 120 seconds left.
|
|t:|1776073391
|move|p1a: Ogerpon|Swords Dance|p1a: Ogerpon
|-boost|p1a: Ogerpon|atk|2
|move|p2a: Overgod|Kowtow Cleave|p1a: Ogerpon
|-crit|p1a: Ogerpon
|-damage|p1a: Ogerpon|0 fnt
|faint|p1a: Ogerpon
|
|win|vzn.exe
|raw|Unatopipo's rating: 1222 &rarr; <strong>1197</strong><br />(-25 for losing)
|raw|vzn.exe's rating: 1226 &rarr; <strong>1251</strong><br />(+25 for winning)
