|html|<div class="broadcast-blue"><strong>[Gen 9] OU is currently suspecting Tera Blast! For information on how to participate check out the <a href="https://www.smogon.com/tools/suspects/view/200">suspect thread</a>.</strong></div>
|j|☆UCB0
|j|☆Praise mee
|t:|1776085470
|gametype|singles
|player|p1|UCB0|n|1299
|player|p2|Praise mee|dawn|1360
|gen|9
|tier|[Gen 9] OU
|rated|
|rule|HP Percentage Mod: HP is shown in percentages
|rule|Endless Battle Clause: Forcing endless battles is banned
|rule|Species Clause: Limit one of each Pokémon
|rule|OHKO Clause: OHKO moves are banned
|rule|Evasion Items Clause: Evasion items are banned
|rule|Evasion Moves Clause: Evasion moves are banned
|rule|Evasion Abilities Clause: Evasion abilities are banned
|rule|Sleep Moves Clause: Sleep-inducing moves are banned
|clearpoke
|poke|p1|Excadrill, M|
|poke|p1|Abomasnow, M|
|poke|p1|Clodsire, M|
|poke|p1|Iron Moth|
|poke|p1|Skarmory, M|
|poke|p1|Morpeko, F|
|poke|p2|Araquanid, M|
|poke|p2|Gholdengo|
|poke|p2|Iron Valiant|
|poke|p2|Iron Moth|
|poke|p2|Raging Bolt|
|poke|p2|Dragonite, M|
|teampreview
|inactive|Battle timer is ON: inactive players will automatically lose when time's up. (requested by Praise mee)
|
|t:|1776085485
|teamsize|p1|6
|teamsize|p2|6
|start
|switch|p1a: Josuke J|Morpeko, F, shiny|100/100
|switch|p2a: Araquanid|Araquanid, M|100/100
|turn|1
|
|t:|1776085491
|move|p1a: Josuke J|Fake Out|p2a: Araquanid
|-damage|p2a: Araquanid|90/100
|cant|p2a: Araquanid|flinch
|
|-formechange|p1a: Josuke J|Morpeko-Hangry||[from] ability: Hunger Switch
|upkeep
|turn|2
|
|t:|1776085495
|move|p1a: Josuke J|Aura Wheel|p2a: Araquanid
|-damage|p2a: Araquanid|47/100
|-boost|p1a: Josuke J|spe|1
|move|p2a: Araquanid|Sticky Web|p1a: Josuke J
|-sidestart|p1: UCB0|move: Sticky Web
|
|-formechange|p1a: Josuke J|Morpeko||[from] ability: Hunger Switch
|upkeep
|turn|3
|
|t:|1776085503
|move|p1a: Josuke J|Aura Wheel|p2a: Araquanid
|-supereffective|p2a: Araquanid
|-crit|p2a: Araquanid
|-damage|p2a: Araquanid|0 fnt
|-boost|p1a: Josuke J|spe|1
|faint|p2a: Araquanid
|
|-formechange|p1a: Josuke J|Morpeko-Hangry||[from] ability: Hunger Switch
|upkeep
|
|t:|1776085513
|switch|p2a: Dragonite|Dragonite, M|100/100
|turn|4
|
|t:|1776085516
|-terastallize|p2a: Dragonite|Ghost
|move|p1a: Josuke J|Rapid Spin|p2a: Dragonite
|-immune|p2a: Dragonite
|move|p2a: Dragonite|Dragon Dance|p2a: Dragonite
|-boost|p2a: Dragonite|atk|1
|-boost|p2a: Dragonite|spe|1
|
|-formechange|p1a: Josuke J|Morpeko||[from] ability: Hunger Switch
|upkeep
|turn|5
|
|t:|1776085524
|move|p1a: Josuke J|Aura Wheel|p2a: Dragonite
|-damage|p2a: Dragonite|74/100
|-boost|p1a: Josuke J|spe|1
|move|p2a: Dragonite|Dragon Dance|p2a: Dragonite
|-boost|p2a: Dragonite|atk|1
|-boost|p2a: Dragonite|spe|1
|
|-formechange|p1a: Josuke J|Morpeko-Hangry||[from] ability: Hunger Switch
|upkeep
|turn|6
|
|t:|1776085531
|move|p1a: Josuke J|Aura Wheel|p2a: Dragonite
|-supereffective|p2a: Dragonite
|-crit|p2a: Dragonite
|-damage|p2a: Dragonite|0 fnt
|-boost|p1a: Josuke J|spe|1
|faint|p2a: Dragonite
|
|-formechange|p1a: Josuke J|Morpeko||[from] ability: Hunger Switch
|upkeep
|c|☆Praise mee|oh
|c|☆UCB0|gg
|
|t:|1776085538
|switch|p2a: Iron Valiant|Iron Valiant|100/100
|-enditem|p2a: Iron Valiant|Booster Energy
|-activate|p2a: Iron Valiant|ability: Quark Drive|[fromitem]
|-start|p2a: Iron Valiant|quarkdrivespa
|turn|7
|
|t:|1776085543
|move|p1a: Josuke J|Aura Wheel|p2a: Iron Valiant
|-damage|p2a: Iron Valiant|39/100
|-boost|p1a: Josuke J|spe|1
|move|p2a: Iron Valiant|Calm Mind|p2a: Iron Valiant
|-boost|p2a: Iron Valiant|spa|1
|-boost|p2a: Iron Valiant|spd|1
|
|-formechange|p1a: Josuke J|Morpeko-Hangry||[from] ability: Hunger Switch
|upkeep
|turn|8
|
|t:|1776085559
|move|p2a: Iron Valiant|Vacuum Wave|p1a: Josuke J
|-supereffective|p1a: Josuke J
|-damage|p1a: Josuke J|0 fnt
|faint|p1a: Josuke J
|
|upkeep
|
|t:|1776085564
|switch|p1a: High priestes|Clodsire, M|100/100
|-activate|p1a: High priestes|move: Sticky Web
|-unboost|p1a: High priestes|spe|1
|turn|9
|
|t:|1776085569
|move|p2a: Iron Valiant|Shadow Ball|p1a: High priestes
|-damage|p1a: High priestes|80/100
|move|p1a: High priestes|Earthquake|p2a: Iron Valiant
|-damage|p2a: Iron Valiant|1/100
|
|upkeep
|turn|10
|
|t:|1776085579
|-end|p2a: Iron Valiant|Quark Drive|[silent]
|switch|p2a: Gholdengo|Gholdengo|100/100
|-item|p2a: Gholdengo|Air Balloon
|move|p1a: High priestes|Earthquake|p2a: Gholdengo
|-immune|p2a: Gholdengo
|
|upkeep
|turn|11
|
|t:|1776085585
|move|p2a: Gholdengo|Nasty Plot|p2a: Gholdengo
|-boost|p2a: Gholdengo|spa|2
|move|p1a: High priestes|Rock Tomb|p2a: Gholdengo
|-resisted|p2a: Gholdengo
|-damage|p2a: Gholdengo|95/100
|-unboost|p2a: Gholdengo|spe|1
|-enditem|p2a: Gholdengo|Air Balloon
|
|upkeep
|turn|12
|
|t:|1776085604
|move|p2a: Gholdengo|Psyshock|p1a: High priestes
|-supereffective|p1a: High priestes
|-damage|p1a: High priestes|0 fnt
|faint|p1a: High priestes
|
|upkeep
|
|t:|1776085608
|switch|p1a: Star platinum|Excadrill, M|100/100
|-activate|p1a: Star platinum|move: Sticky Web
|-unboost|p1a: Star platinum|spe|1
|-ability|p1a: Star platinum|Mold Breaker
|turn|13
|
|t:|1776085613
|move|p1a: Star platinum|Earthquake|p2a: Gholdengo
|-supereffective|p2a: Gholdengo
|-damage|p2a: Gholdengo|0 fnt
|faint|p2a: Gholdengo
|
|upkeep
|
|t:|1776085615
|switch|p2a: Iron Valiant|Iron Valiant|1/100
|turn|14
|
|t:|1776085619
|move|p2a: Iron Valiant|Vacuum Wave|p1a: Star platinum
|-supereffective|p1a: Star platinum
|-damage|p1a: Star platinum|40/100
|move|p1a: Star platinum|Earthquake|p2a: Iron Valiant
|-damage|p2a: Iron Valiant|0 fnt
|faint|p2a: Iron Valiant
|-end|p2a: Iron Valiant|Quark Drive|[silent]
|
|upkeep
|
|t:|1776085624
|switch|p2a: Iron Moth|Iron Moth|100/100
|-enditem|p2a: Iron Moth|Booster Energy
|-activate|p2a: Iron Moth|ability: Quark Drive|[fromitem]
|-start|p2a: Iron Moth|quarkdrivespa
|turn|15
|
|t:|1776085631
|move|p2a: Iron Moth|Fiery Dance|p1a: Star platinum
|-supereffective|p1a: Star platinum
|-damage|p1a: Star platinum|0 fnt
|faint|p1a: Star platinum
|
|upkeep
|
|t:|1776085634
|switch|p1a: Flare magician|Iron Moth, shiny|100/100
|-activate|p1a: Flare magician|move: Sticky Web
|-unboost|p1a: Flare magician|spe|1
|-enditem|p1a: Flare magician|Booster Energy
|-activate|p1a: Flare magician|ability: Quark Drive|[fromitem]
|-start|p1a: Flare magician|quarkdrivespa
|turn|16
|
|t:|1776085646
|-terastallize|p1a: Flare magician|Ground
|move|p2a: Iron Moth|Fiery Dance|p1a: Flare magician
|-damage|p1a: Flare magician|50/100
|-boost|p2a: Iron Moth|spa|1
|move|p1a: Flare magician|Tera Blast|p2a: Iron Moth|[anim] Tera Blast Ground
|-supereffective|p2a: Iron Moth
|-damage|p2a: Iron Moth|0 fnt
|faint|p2a: Iron Moth
|-end|p2a: Iron Moth|Quark Drive|[silent]
|
|upkeep
|
|t:|1776085649
|switch|p2a: Raging Bolt|Raging Bolt|100/100
|-enditem|p2a: Raging Bolt|Booster Energy
|-activate|p2a: Raging Bolt|ability: Protosynthesis|[fromitem]
|-start|p2a: Raging Bolt|protosynthesisspa
|turn|17
|
|t:|1776085671
|move|p1a: Flare magician|Tera Blast|p2a: Raging Bolt|[anim] Tera Blast Ground
|-supereffective|p2a: Raging Bolt
|-damage|p2a: Raging Bolt|20/100
|move|p2a: Raging Bolt|Dragon Pulse|p1a: Flare magician
|-damage|p1a: Flare magician|0 fnt
|faint|p1a: Flare magician
|-end|p1a: Flare magician|Quark Drive|[silent]
|
|upkeep
|
|t:|1776085676
|switch|p1a: Joseph J|Abomasnow, M, shiny|100/100
|-activate|p1a: Joseph J|move: Sticky Web
|-unboost|p1a: Joseph J|spe|1
|-weather|Snowscape|[from] ability: Snow Warning|[of] p1a: Joseph J
|turn|18
|
|t:|1776085693
|move|p2a: Raging Bolt|Dragon Pulse|p1a: Joseph J
|-damage|p1a: Joseph J|23/100
|move|p1a: Joseph J|Icicle Spear|p2a: Raging Bolt
|-supereffective|p2a: Raging Bolt
|-damage|p2a: Raging Bolt|2/100
|-supereffective|p2a: Raging Bolt
|-crit|p2a: Raging Bolt
|-damage|p2a: Raging Bolt|0 fnt
|faint|p2a: Raging Bolt
|-end|p2a: Raging Bolt|Protosynthesis|[silent]
|-hitcount|p2: Raging Bolt|2
|
|win|UCB0
|raw|UCB0's rating: 1299 &rarr; <strong>1328</strong><br />(+29 for winning)
|raw|Praise mee's rating: 1360 &rarr; <strong>1337</strong><br />(-23 for losing)
|l|☆Praise mee
|player|p2|
