|html|<div class="broadcast-blue"><strong>[Gen 9] OU is currently suspecting Tera Blast! For information on how to participate check out the <a href="https://www.smogon.com/tools/suspects/view/200">suspect thread</a>.</strong></div>
|j|☆MiddleOU
|j|☆wzx787878
|t:|1776242564
|gametype|singles
|player|p1|MiddleOU|101|1057
|player|p2|wzx787878|hilbert|1056
|gen|9
|tier|[Gen 9] OU
|rated|
|rule|HP Percentage Mod: HP is shown in percentages
|rule|Endless Battle Clause: Forcing endless battles is banned
|rule|Species Clause: Limit one of each Pokémon
|rule|OHKO Clause: OHKO moves are banned
|rule|Evasion Items Clause: Evasion items are banned
|rule|Evasion Moves Clause: Evasion moves are banned
|rule|Evasion Abilities Clause: Evasion abilities are banned
|rule|Sleep Moves Clause: Sleep-inducing moves are banned
|clearpoke
|poke|p1|Slowking-Galar, F|
|poke|p1|Hydrapple, M|
|poke|p1|Toxapex, M|
|poke|p1|Alomomola, F|
|poke|p1|Rotom-Heat|
|poke|p1|Great Tusk|
|poke|p2|Pelipper, M|
|poke|p2|Primarina, F|
|poke|p2|Barraskewda, M|
|poke|p2|Zapdos|
|poke|p2|Iron Treads|
|poke|p2|Corviknight, M|
|teampreview
|inactive|Battle timer is ON: inactive players will automatically lose when time's up. (requested by wzx787878)
|
|t:|1776242587
|teamsize|p1|6
|teamsize|p2|6
|start
|switch|p1a: Aladdin|Slowking-Galar, F, shiny|100/100
|switch|p2a: Pelipper|Pelipper, M, shiny|100/100
|-weather|RainDance|[from] ability: Drizzle|[of] p2a: Pelipper
|-item|p1a: Aladdin|Air Balloon
|turn|1
|c|☆MiddleOU|Glhf
|c|☆MiddleOU|Rain team hm
|
|t:|1776242600
|move|p2a: Pelipper|U-turn|p1a: Aladdin
|-damage|p1a: Aladdin|92/100
|-enditem|p1a: Aladdin|Air Balloon
|
|t:|1776242611
|switch|p2a: Corviknight|Corviknight, M, shiny|100/100|[from] U-turn
|-ability|p2a: Corviknight|Pressure
|move|p1a: Aladdin|Toxic Spikes|p2a: Corviknight
|-sidestart|p2: wzx787878|move: Toxic Spikes
|
|-weather|RainDance|[upkeep]
|upkeep
|turn|2
|
|t:|1776242624
|switch|p1a: Manny|Great Tusk|100/100
|move|p2a: Corviknight|Iron Defense|p2a: Corviknight
|-boost|p2a: Corviknight|def|2
|
|-weather|RainDance|[upkeep]
|upkeep
|turn|3
|
|t:|1776242635
|move|p2a: Corviknight|Iron Defense|p2a: Corviknight
|-boost|p2a: Corviknight|def|2
|move|p1a: Manny|Roar|p2a: Corviknight
|drag|p2a: Barraskewda|Barraskewda, M, shiny|100/100
|-status|p2a: Barraskewda|psn
|
|-weather|RainDance|[upkeep]
|-damage|p2a: Barraskewda|88/100 psn|[from] psn
|upkeep
|turn|4
|
|t:|1776242649
|-terastallize|p1a: Manny|Water
|move|p2a: Barraskewda|Liquidation|p1a: Manny
|-resisted|p1a: Manny
|-damage|p1a: Manny|77/100
|move|p1a: Manny|Stealth Rock|p2a: Barraskewda
|-sidestart|p2: wzx787878|move: Stealth Rock
|
|-weather|RainDance|[upkeep]
|-heal|p1a: Manny|83/100|[from] item: Leftovers
|-damage|p2a: Barraskewda|76/100 psn|[from] psn
|upkeep
|turn|5
|
|t:|1776242664
|switch|p2a: Corviknight|Corviknight, M, shiny|100/100
|-damage|p2a: Corviknight|88/100|[from] Stealth Rock
|-ability|p2a: Corviknight|Pressure
|move|p1a: Manny|Roar|p2a: Corviknight
|drag|p2a: Primarina|Primarina, F|100/100
|-status|p2a: Primarina|psn
|-damage|p2a: Primarina|88/100 psn|[from] Stealth Rock
|
|-weather|RainDance|[upkeep]
|-heal|p1a: Manny|89/100|[from] item: Leftovers
|-damage|p2a: Primarina|76/100 psn|[from] psn
|upkeep
|turn|6
|
|t:|1776242679
|move|p2a: Primarina|Energy Ball|p1a: Manny
|-supereffective|p1a: Manny
|-damage|p1a: Manny|6/100
|move|p1a: Manny|Roar|p2a: Primarina
|drag|p2a: Iron Treads|Iron Treads, shiny|100/100
|-damage|p2a: Iron Treads|97/100|[from] Stealth Rock
|-enditem|p2a: Iron Treads|Booster Energy
|-activate|p2a: Iron Treads|ability: Quark Drive|[fromitem]
|-start|p2a: Iron Treads|quarkdrivespe
|
|-weather|RainDance|[upkeep]
|-heal|p1a: Manny|12/100|[from] item: Leftovers
|upkeep
|turn|7
|
|t:|1776242704
|-end|p1a: Manny|Protosynthesis|[silent]
|switch|p1a: Zuko|Rotom-Heat|100/100
|move|p2a: Iron Treads|Rapid Spin|p1a: Zuko
|-damage|p1a: Zuko|89/100
|-boost|p2a: Iron Treads|spe|1
|-sideend|p2: wzx787878|Toxic Spikes|[from] move: Rapid Spin|[of] p2a: Iron Treads
|-sideend|p2: wzx787878|Stealth Rock|[from] move: Rapid Spin|[of] p2a: Iron Treads
|
|-weather|RainDance|[upkeep]
|-heal|p1a: Zuko|95/100|[from] item: Leftovers
|upkeep
|turn|8
|
|t:|1776242721
|-terastallize|p2a: Iron Treads|Water
|move|p2a: Iron Treads|Earthquake|p1a: Zuko
|-immune|p1a: Zuko|[from] ability: Levitate
|move|p1a: Zuko|Will-O-Wisp|p2a: Iron Treads
|-status|p2a: Iron Treads|brn
|
|-weather|none
|-heal|p1a: Zuko|100/100|[from] item: Leftovers
|-damage|p2a: Iron Treads|91/100 brn|[from] brn
|upkeep
|turn|9
|l|☆wzx787878
|inactive|wzx787878 disconnected and has a minute to reconnect!
|player|p2|
|
|t:|1776242734
|move|p2a: Iron Treads|Ice Spinner|p1a: Zuko
|-resisted|p1a: Zuko
|-damage|p1a: Zuko|96/100
|move|p1a: Zuko|Will-O-Wisp|p2a: Iron Treads
|-fail|p2a: Iron Treads|brn
|
|-heal|p1a: Zuko|100/100|[from] item: Leftovers
|-damage|p2a: Iron Treads|85/100 brn|[from] brn
|upkeep
|turn|10
|inactive|wzx787878 has 30 seconds to reconnect!
|inactive|wzx787878 has 20 seconds to reconnect!
|c|☆MiddleOU|Ez
|inactive|wzx787878 has 15 seconds to reconnect!
|inactive|wzx787878 has 10 seconds to reconnect!
|inactive|wzx787878 has 5 seconds to reconnect!
|-message|wzx787878 lost due to inactivity.
|
|win|MiddleOU
|raw|MiddleOU's rating: 1057 &rarr; <strong>1088</strong><br />(+31 for winning)
|raw|wzx787878's rating: 1056 &rarr; <strong>1038</strong><br />(-18 for losing)
