|html|<div class="broadcast-blue"><strong>[Gen 9] OU is currently suspecting Tera Blast! For information on how to participate check out the <a href="https://www.smogon.com/tools/suspects/view/200">suspect thread</a>.</strong></div>
|j|☆FaC404
|j|‽RadiantSol
|t:|1776059017
|gametype|singles
|player|p1|FaC404|2|1129
|player|p2|RadiantSol|flint|1159
|gen|9
|tier|[Gen 9] OU
|rated|
|rule|HP Percentage Mod: HP is shown in percentages
|rule|Endless Battle Clause: Forcing endless battles is banned
|rule|Species Clause: Limit one of each Pokémon
|rule|OHKO Clause: OHKO moves are banned
|rule|Evasion Items Clause: Evasion items are banned
|rule|Evasion Moves Clause: Evasion moves are banned
|rule|Evasion Abilities Clause: Evasion abilities are banned
|rule|Sleep Moves Clause: Sleep-inducing moves are banned
|clearpoke
|poke|p1|Pelipper, M|
|poke|p1|Blastoise, M|
|poke|p1|Raging Bolt|
|poke|p1|Barraskewda, M|
|poke|p1|Kingambit, F|
|poke|p1|Great Tusk|
|poke|p2|Espeon, F|
|poke|p2|Ninetales, F|
|poke|p2|Leafeon, F|
|poke|p2|Corviknight, F|
|poke|p2|Quagsire, F|
|poke|p2|Blissey, F|
|teampreview
|inactive|Battle timer is ON: inactive players will automatically lose when time's up. (requested by FaC404)
|
|t:|1776059041
|teamsize|p1|6
|teamsize|p2|6
|start
|switch|p1a: Great Tusk|Great Tusk|100/100
|switch|p2a: Ninetales|Ninetales, F, shiny|100/100
|-weather|SunnyDay|[from] ability: Drought|[of] p2a: Ninetales
|-activate|p1a: Great Tusk|ability: Protosynthesis
|-start|p1a: Great Tusk|protosynthesisatk
|turn|1
|
|t:|1776059052
|switch|p2a: Corviknight|Corviknight, F|100/100
|-ability|p2a: Corviknight|Pressure
|move|p1a: Great Tusk|Headlong Rush|p2a: Corviknight
|-immune|p2a: Corviknight
|
|-weather|SunnyDay|[upkeep]
|upkeep
|turn|2
|
|t:|1776059061
|move|p1a: Great Tusk|Stealth Rock|p2a: Corviknight
|-sidestart|p2: RadiantSol|move: Stealth Rock
|move|p2a: Corviknight|Body Press|p1a: Great Tusk
|-damage|p1a: Great Tusk|84/100
|
|-weather|SunnyDay|[upkeep]
|upkeep
|turn|3
|
|t:|1776059066
|move|p1a: Great Tusk|Ice Spinner|p2a: Corviknight
|-damage|p2a: Corviknight|71/100
|-damage|p1a: Great Tusk|67/100|[from] item: Rocky Helmet|[of] p2a: Corviknight
|move|p2a: Corviknight|Defog|p1a: Great Tusk
|-unboost|p1a: Great Tusk|evasion|1
|-sideend|p2: RadiantSol|Stealth Rock|[from] move: Defog|[of] p2a: Corviknight
|
|-weather|SunnyDay|[upkeep]
|upkeep
|turn|4
|
|t:|1776059071
|move|p1a: Great Tusk|Ice Spinner|p2a: Corviknight
|-damage|p2a: Corviknight|42/100
|-damage|p1a: Great Tusk|51/100|[from] item: Rocky Helmet|[of] p2a: Corviknight
|move|p2a: Corviknight|Roost|p2a: Corviknight
|-heal|p2a: Corviknight|92/100
|-singleturn|p2a: Corviknight|move: Roost
|
|-weather|SunnyDay|[upkeep]
|upkeep
|turn|5
|
|t:|1776059077
|-end|p1a: Great Tusk|Protosynthesis|[silent]
|switch|p1a: Pelipper|Pelipper, M|100/100
|-weather|RainDance|[from] ability: Drizzle|[of] p1a: Pelipper
|move|p2a: Corviknight|Body Press|p1a: Pelipper
|-resisted|p1a: Pelipper
|-damage|p1a: Pelipper|91/100
|
|-weather|RainDance|[upkeep]
|upkeep
|turn|6
|
|t:|1776059083
|switch|p2a: Ninetales|Ninetales, F, shiny|100/100
|-weather|SunnyDay|[from] ability: Drought|[of] p2a: Ninetales
|move|p1a: Pelipper|Knock Off|p2a: Ninetales
|-damage|p2a: Ninetales|80/100
|-enditem|p2a: Ninetales|Heat Rock|[from] move: Knock Off|[of] p1a: Pelipper
|
|-weather|SunnyDay|[upkeep]
|upkeep
|turn|7
|
|t:|1776059092
|switch|p1a: Great Tusk|Great Tusk|51/100
|-activate|p1a: Great Tusk|ability: Protosynthesis
|-start|p1a: Great Tusk|protosynthesisatk
|move|p2a: Ninetales|Overheat|p1a: Great Tusk
|-crit|p1a: Great Tusk
|-damage|p1a: Great Tusk|0 fnt
|-unboost|p2a: Ninetales|spa|2
|faint|p1a: Great Tusk
|-end|p1a: Great Tusk|Protosynthesis|[silent]
|
|-weather|SunnyDay|[upkeep]
|upkeep
|
|t:|1776059098
|switch|p1a: Pelipper|Pelipper, M|91/100
|-weather|RainDance|[from] ability: Drizzle|[of] p1a: Pelipper
|turn|8
|
|t:|1776059104
|switch|p2a: Blissey|Blissey, F|100/100
|move|p1a: Pelipper|Hurricane|p2a: Blissey
|-damage|p2a: Blissey|90/100
|-start|p2a: Blissey|confusion
|
|-weather|RainDance|[upkeep]
|upkeep
|turn|9
|
|t:|1776059111
|-activate|p2a: Blissey|confusion
|-damage|p2a: Blissey|88/100|[from] confusion
|move|p1a: Pelipper|U-turn|p2a: Blissey
|-damage|p2a: Blissey|70/100
|
|t:|1776059117
|switch|p1a: Kingambit|Kingambit, F|100/100|[from] U-turn
|-activate|p1a: Kingambit|ability: Supreme Overlord
|-start|p1a: Kingambit|fallen1|[silent]
|-item|p1a: Kingambit|Air Balloon
|
|-weather|RainDance|[upkeep]
|upkeep
|turn|10
|
|t:|1776059123
|switch|p2a: Corviknight|Corviknight, F|92/100
|-ability|p2a: Corviknight|Pressure
|move|p1a: Kingambit|Low Kick|p2a: Corviknight
|-damage|p2a: Corviknight|63/100
|-damage|p1a: Kingambit|84/100|[from] item: Rocky Helmet|[of] p2a: Corviknight
|
|-weather|RainDance|[upkeep]
|upkeep
|turn|11
|
|t:|1776059132
|-end|p1a: Kingambit|fallen1|[silent]
|switch|p1a: Raging Bolt|Raging Bolt|100/100
|move|p2a: Corviknight|Body Press|p1a: Raging Bolt
|-damage|p1a: Raging Bolt|79/100
|
|-weather|RainDance|[upkeep]
|-heal|p1a: Raging Bolt|85/100|[from] item: Leftovers
|upkeep
|turn|12
|
|t:|1776059138
|switch|p2a: Blissey|Blissey, F|70/100
|move|p1a: Raging Bolt|Thunder|p2a: Blissey
|-damage|p2a: Blissey|53/100
|-status|p2a: Blissey|par
|
|-weather|RainDance|[upkeep]
|-heal|p1a: Raging Bolt|91/100|[from] item: Leftovers
|upkeep
|turn|13
|
|t:|1776059146
|move|p1a: Raging Bolt|Calm Mind|p1a: Raging Bolt
|-boost|p1a: Raging Bolt|spa|1
|-boost|p1a: Raging Bolt|spd|1
|move|p2a: Blissey|Ice Beam|p1a: Raging Bolt
|-supereffective|p1a: Raging Bolt
|-damage|p1a: Raging Bolt|71/100
|
|-weather|RainDance|[upkeep]
|-heal|p1a: Raging Bolt|77/100|[from] item: Leftovers
|upkeep
|turn|14
|
|t:|1776059150
|move|p1a: Raging Bolt|Calm Mind|p1a: Raging Bolt
|-boost|p1a: Raging Bolt|spa|1
|-boost|p1a: Raging Bolt|spd|1
|cant|p2a: Blissey|par
|
|-weather|RainDance|[upkeep]
|-heal|p1a: Raging Bolt|83/100|[from] item: Leftovers
|upkeep
|turn|15
|
|t:|1776059153
|move|p1a: Raging Bolt|Thunder|p2a: Blissey
|-damage|p2a: Blissey|14/100 par
|cant|p2a: Blissey|par
|
|-weather|none
|-heal|p1a: Raging Bolt|89/100|[from] item: Leftovers
|upkeep
|turn|16
|
|t:|1776059172
|move|p1a: Raging Bolt|Dragon Pulse|p2a: Blissey
|-damage|p2a: Blissey|0 fnt
|faint|p2a: Blissey
|
|-heal|p1a: Raging Bolt|95/100|[from] item: Leftovers
|upkeep
|
|t:|1776059175
|switch|p2a: Leafeon|Leafeon, F|100/100
|turn|17
|
|t:|1776059185
|-terastallize|p2a: Leafeon|Ground
|move|p2a: Leafeon|Tera Blast|p1a: Raging Bolt|[anim] Tera Blast Ground
|-supereffective|p1a: Raging Bolt
|-damage|p1a: Raging Bolt|3/100
|-damage|p2a: Leafeon|91/100|[from] item: Life Orb
|move|p1a: Raging Bolt|Dragon Pulse|p2a: Leafeon
|-damage|p2a: Leafeon|0 fnt
|faint|p2a: Leafeon
|
|-heal|p1a: Raging Bolt|9/100|[from] item: Leftovers
|upkeep
|
|t:|1776059191
|switch|p2a: Espeon|Espeon, F, shiny|100/100
|turn|18
|
|t:|1776059198
|-end|p1a: Raging Bolt|Protosynthesis|[silent]
|switch|p1a: Pelipper|Pelipper, M|91/100
|-weather|RainDance|[from] ability: Drizzle|[of] p1a: Pelipper
|move|p2a: Espeon|Substitute|p2a: Espeon
|-start|p2a: Espeon|Substitute
|-damage|p2a: Espeon|75/100
|
|-weather|RainDance|[upkeep]
|-heal|p2a: Espeon|82/100|[from] item: Leftovers
|upkeep
|turn|19
|
|t:|1776059209
|switch|p1a: Barraskewda|Barraskewda, M|100/100
|move|p2a: Espeon|Psyshock|p1a: Barraskewda
|-damage|p1a: Barraskewda|18/100
|
|-weather|RainDance|[upkeep]
|-heal|p2a: Espeon|88/100|[from] item: Leftovers
|upkeep
|turn|20
|
|t:|1776059218
|move|p1a: Barraskewda|Waterfall|p2a: Espeon
|-end|p2a: Espeon|Substitute
|move|p2a: Espeon|Psyshock|p1a: Barraskewda
|-crit|p1a: Barraskewda
|-damage|p1a: Barraskewda|0 fnt
|faint|p1a: Barraskewda
|
|-weather|RainDance|[upkeep]
|-heal|p2a: Espeon|94/100|[from] item: Leftovers
|upkeep
|
|t:|1776059224
|switch|p1a: Blastoise|Blastoise, M|100/100
|turn|21
|
|t:|1776059229
|move|p2a: Espeon|Substitute|p2a: Espeon
|-start|p2a: Espeon|Substitute
|-damage|p2a: Espeon|69/100
|move|p1a: Blastoise|Shell Smash|p1a: Blastoise
|-unboost|p1a: Blastoise|def|1
|-unboost|p1a: Blastoise|spd|1
|-boost|p1a: Blastoise|atk|2
|-boost|p1a: Blastoise|spa|2
|-boost|p1a: Blastoise|spe|2
|-enditem|p1a: Blastoise|White Herb
|-clearnegativeboost|p1a: Blastoise|[silent]
|
|-weather|RainDance|[upkeep]
|-heal|p2a: Espeon|75/100|[from] item: Leftovers
|upkeep
|turn|22
|
|t:|1776059236
|move|p1a: Blastoise|Surf|p2a: Espeon
|-end|p2a: Espeon|Substitute
|move|p2a: Espeon|Psyshock|p1a: Blastoise
|-damage|p1a: Blastoise|55/100
|
|-weather|RainDance|[upkeep]
|-heal|p1a: Blastoise|61/100|[from] ability: Rain Dish
|-heal|p2a: Espeon|82/100|[from] item: Leftovers
|upkeep
|turn|23
|inactive|RadiantSol has 120 seconds left.
|
|t:|1776059271
|switch|p2a: Ninetales|Ninetales, F, shiny|80/100
|-weather|SunnyDay|[from] ability: Drought|[of] p2a: Ninetales
|move|p1a: Blastoise|Surf|p2a: Ninetales
|-supereffective|p2a: Ninetales
|-damage|p2a: Ninetales|0 fnt
|faint|p2a: Ninetales
|
|-weather|SunnyDay|[upkeep]
|upkeep
|
|t:|1776059297
|switch|p2a: Espeon|Espeon, F, shiny|82/100
|turn|24
|
|t:|1776059302
|move|p1a: Blastoise|Surf|p2a: Espeon
|-damage|p2a: Espeon|34/100
|move|p2a: Espeon|Calm Mind|p2a: Espeon
|-boost|p2a: Espeon|spa|1
|-boost|p2a: Espeon|spd|1
|
|-weather|SunnyDay|[upkeep]
|-heal|p2a: Espeon|40/100|[from] item: Leftovers
|upkeep
|turn|25
|
|t:|1776059309
|move|p1a: Blastoise|Surf|p2a: Espeon
|-damage|p2a: Espeon|5/100
|move|p2a: Espeon|Psyshock|p1a: Blastoise
|-damage|p1a: Blastoise|0 fnt
|faint|p1a: Blastoise
|
|-weather|SunnyDay|[upkeep]
|-heal|p2a: Espeon|11/100|[from] item: Leftovers
|upkeep
|
|t:|1776059315
|switch|p1a: Raging Bolt|Raging Bolt|9/100
|-activate|p1a: Raging Bolt|ability: Protosynthesis
|-start|p1a: Raging Bolt|protosynthesisspa
|turn|26
|inactive|RadiantSol has 120 seconds left.
|
|t:|1776059326
|move|p1a: Raging Bolt|Thunderclap||[still]
|-fail|p1a: Raging Bolt
|move|p2a: Espeon|Substitute|p2a: Espeon
|-fail|p2a: Espeon|move: Substitute|[weak]
|
|-weather|SunnyDay|[upkeep]
|-heal|p2a: Espeon|17/100|[from] item: Leftovers
|-heal|p1a: Raging Bolt|15/100|[from] item: Leftovers
|upkeep
|turn|27
|inactive|RadiantSol has 120 seconds left.
|
|t:|1776059337
|switch|p2a: Quagsire|Quagsire, F|100/100
|move|p1a: Raging Bolt|Thunderclap||[still]
|-fail|p1a: Raging Bolt
|
|-weather|none
|-end|p1a: Raging Bolt|Protosynthesis
|-heal|p1a: Raging Bolt|21/100|[from] item: Leftovers
|upkeep
|turn|28
|inactive|RadiantSol has 120 seconds left.
|
|t:|1776059351
|-end|p1a: Raging Bolt|Protosynthesis|[silent]
|switch|p1a: Pelipper|Pelipper, M|91/100
|-weather|RainDance|[from] ability: Drizzle|[of] p1a: Pelipper
|move|p2a: Quagsire|Toxic|p1a: Pelipper
|-status|p1a: Pelipper|tox
|
|-weather|RainDance|[upkeep]
|-damage|p1a: Pelipper|85/100 tox|[from] psn
|upkeep
|turn|29
|inactive|RadiantSol has 120 seconds left.
|
|t:|1776059365
|switch|p2a: Corviknight|Corviknight, F|63/100
|-ability|p2a: Corviknight|Pressure
|move|p1a: Pelipper|Knock Off|p2a: Corviknight
|-damage|p2a: Corviknight|54/100
|-damage|p1a: Pelipper|68/100 tox|[from] item: Rocky Helmet|[of] p2a: Corviknight
|-enditem|p2a: Corviknight|Rocky Helmet|[from] move: Knock Off|[of] p1a: Pelipper
|
|-weather|RainDance|[upkeep]
|-damage|p1a: Pelipper|56/100 tox|[from] psn
|upkeep
|turn|30
|inactive|RadiantSol has 120 seconds left.
|
|t:|1776059375
|move|p2a: Corviknight|Roost|p2a: Corviknight
|-heal|p2a: Corviknight|100/100
|-singleturn|p2a: Corviknight|move: Roost
|move|p1a: Pelipper|U-turn|p2a: Corviknight
|-resisted|p2a: Corviknight
|-damage|p2a: Corviknight|97/100
|
|t:|1776059383
|switch|p1a: Raging Bolt|Raging Bolt|21/100|[from] U-turn
|
|-weather|RainDance|[upkeep]
|-heal|p1a: Raging Bolt|28/100|[from] item: Leftovers
|upkeep
|turn|31
|
|t:|1776059397
|switch|p2a: Espeon|Espeon, F, shiny|17/100
|move|p1a: Raging Bolt|Thunder|p2a: Espeon
|-damage|p2a: Espeon|0 fnt
|faint|p2a: Espeon
|
|-weather|RainDance|[upkeep]
|-heal|p1a: Raging Bolt|34/100|[from] item: Leftovers
|upkeep
|
|t:|1776059402
|switch|p2a: Quagsire|Quagsire, F|100/100
|turn|32
|
|t:|1776059407
|move|p1a: Raging Bolt|Thunder|p2a: Quagsire
|-immune|p2a: Quagsire
|move|p2a: Quagsire|Stealth Rock|p1a: Raging Bolt
|-sidestart|p1: FaC404|move: Stealth Rock
|
|-weather|RainDance|[upkeep]
|-heal|p1a: Raging Bolt|40/100|[from] item: Leftovers
|upkeep
|turn|33
|
|t:|1776059415
|move|p1a: Raging Bolt|Calm Mind|p1a: Raging Bolt
|-boost|p1a: Raging Bolt|spa|1
|-boost|p1a: Raging Bolt|spd|1
|move|p2a: Quagsire|Toxic|p1a: Raging Bolt
|-status|p1a: Raging Bolt|tox
|
|-weather|RainDance|[upkeep]
|-heal|p1a: Raging Bolt|46/100 tox|[from] item: Leftovers
|-damage|p1a: Raging Bolt|40/100 tox|[from] psn
|upkeep
|turn|34
|
|t:|1776059421
|move|p1a: Raging Bolt|Dragon Pulse|p2a: Quagsire
|-damage|p2a: Quagsire|41/100
|-enditem|p2a: Quagsire|Sitrus Berry|[eat]
|-heal|p2a: Quagsire|66/100|[from] item: Sitrus Berry
|move|p2a: Quagsire|Recover|p2a: Quagsire
|-heal|p2a: Quagsire|100/100
|
|-weather|RainDance|[upkeep]
|-heal|p1a: Raging Bolt|46/100 tox|[from] item: Leftovers
|-damage|p1a: Raging Bolt|34/100 tox|[from] psn
|upkeep
|turn|35
|
|t:|1776059433
|move|p1a: Raging Bolt|Calm Mind|p1a: Raging Bolt
|-boost|p1a: Raging Bolt|spa|1
|-boost|p1a: Raging Bolt|spd|1
|move|p2a: Quagsire|Recover||[still]
|-fail|p2a: Quagsire|heal
|
|-weather|none
|-heal|p1a: Raging Bolt|40/100 tox|[from] item: Leftovers
|-damage|p1a: Raging Bolt|21/100 tox|[from] psn
|upkeep
|turn|36
|
|t:|1776059435
|move|p1a: Raging Bolt|Dragon Pulse|p2a: Quagsire
|-damage|p2a: Quagsire|40/100
|move|p2a: Quagsire|Recover|p2a: Quagsire
|-heal|p2a: Quagsire|90/100
|
|-heal|p1a: Raging Bolt|28/100 tox|[from] item: Leftovers
|-damage|p1a: Raging Bolt|3/100 tox|[from] psn
|upkeep
|turn|37
|
|t:|1776059439
|move|p1a: Raging Bolt|Dragon Pulse|p2a: Quagsire
|-damage|p2a: Quagsire|29/100
|move|p2a: Quagsire|Recover|p2a: Quagsire
|-heal|p2a: Quagsire|79/100
|
|-heal|p1a: Raging Bolt|9/100 tox|[from] item: Leftovers
|-damage|p1a: Raging Bolt|0 fnt|[from] psn
|faint|p1a: Raging Bolt
|-end|p1a: Raging Bolt|Protosynthesis|[silent]
|upkeep
|
|t:|1776059449
|switch|p1a: Pelipper|Pelipper, M|56/100 tox
|-damage|p1a: Pelipper|31/100 tox|[from] Stealth Rock
|-weather|RainDance|[from] ability: Drizzle|[of] p1a: Pelipper
|turn|38
|
|t:|1776059455
|switch|p2a: Corviknight|Corviknight, F|97/100
|-ability|p2a: Corviknight|Pressure
|move|p1a: Pelipper|Knock Off|p2a: Corviknight
|-damage|p2a: Corviknight|90/100
|
|-weather|RainDance|[upkeep]
|-damage|p1a: Pelipper|25/100 tox|[from] psn
|upkeep
|turn|39
|
|t:|1776059463
|move|p2a: Corviknight|Taunt|p1a: Pelipper
|-start|p1a: Pelipper|move: Taunt
|move|p1a: Pelipper|U-turn|p2a: Corviknight
|-resisted|p2a: Corviknight
|-damage|p2a: Corviknight|88/100
|
|t:|1776059468
|switch|p1a: Kingambit|Kingambit, F|84/100|[from] U-turn
|-damage|p1a: Kingambit|78/100|[from] Stealth Rock
|-activate|p1a: Kingambit|ability: Supreme Overlord
|-start|p1a: Kingambit|fallen4|[silent]
|-item|p1a: Kingambit|Air Balloon
|
|-weather|RainDance|[upkeep]
|upkeep
|turn|40
|
|t:|1776059476
|move|p1a: Kingambit|Sucker Punch||[still]
|-fail|p1a: Kingambit
|move|p2a: Corviknight|Taunt|p1a: Kingambit
|-start|p1a: Kingambit|move: Taunt
|
|-weather|RainDance|[upkeep]
|upkeep
|turn|41
|
|t:|1776059479
|move|p2a: Corviknight|Body Press|p1a: Kingambit
|-supereffective|p1a: Kingambit
|-damage|p1a: Kingambit|11/100
|-enditem|p1a: Kingambit|Air Balloon
|move|p1a: Kingambit|Iron Head|p2a: Corviknight
|-resisted|p2a: Corviknight
|-damage|p2a: Corviknight|64/100
|
|-weather|RainDance|[upkeep]
|upkeep
|turn|42
|-message|FaC404 forfeited.
|
|win|RadiantSol
|raw|FaC404's rating: 1129 &rarr; <strong>1106</strong><br />(-23 for losing)
|raw|RadiantSol's rating: 1159 &rarr; <strong>1182</strong><br />(+23 for winning)
|l|☆FaC404
|player|p1|
|l|‽RadiantSol
|player|p2|
