|html|<div class="broadcast-blue"><strong>[Gen 9] OU is currently suspecting Tera Blast! For information on how to participate check out the <a href="https://www.smogon.com/tools/suspects/view/200">suspect thread</a>.</strong></div>
|j|☆gwennedee
|j|☆ascended tusk 69
|t:|1776152811
|gametype|singles
|player|p1|gwennedee|salvatore|1553
|player|p2|ascended tusk 69|biker|1560
|gen|9
|tier|[Gen 9] OU
|rated|
|rule|HP Percentage Mod: HP is shown in percentages
|rule|Endless Battle Clause: Forcing endless battles is banned
|rule|Species Clause: Limit one of each Pokémon
|rule|OHKO Clause: OHKO moves are banned
|rule|Evasion Items Clause: Evasion items are banned
|rule|Evasion Moves Clause: Evasion moves are banned
|rule|Evasion Abilities Clause: Evasion abilities are banned
|rule|Sleep Moves Clause: Sleep-inducing moves are banned
|clearpoke
|poke|p1|Iron Valiant|
|poke|p1|Great Tusk|
|poke|p1|Dragonite, F|
|poke|p1|Deoxys-Speed|
|poke|p1|Glimmora, M|
|poke|p1|Kingambit, M|
|poke|p2|Ninetales-Alola, M|
|poke|p2|Serperior, M|
|poke|p2|Iron Valiant|
|poke|p2|Kingambit, M|
|poke|p2|Latias, F|
|poke|p2|Gliscor, F|
|teampreview
|
|t:|1776152875
|teamsize|p1|6
|teamsize|p2|6
|start
|switch|p1a: Deoxys|Deoxys-Speed|100/100
|switch|p2a: Ak Qoyun|Iron Valiant|100/100
|-ability|p1a: Deoxys|Pressure
|-enditem|p2a: Ak Qoyun|Booster Energy
|-activate|p2a: Ak Qoyun|ability: Quark Drive|[fromitem]
|-start|p2a: Ak Qoyun|quarkdrivespe
|turn|1
|j| jantelov1
|inactive|Battle timer is ON: inactive players will automatically lose when time's up. (requested by ascended tusk 69)
|
|t:|1776152884
|move|p2a: Ak Qoyun|Knock Off|p1a: Deoxys
|-supereffective|p1a: Deoxys
|-crit|p1a: Deoxys
|-damage|p1a: Deoxys|0 fnt
|-enditem|p1a: Deoxys|Light Clay|[from] move: Knock Off|[of] p2a: Ak Qoyun
|faint|p1a: Deoxys
|
|upkeep
|
|t:|1776152912
|switch|p1a: Glimmora|Glimmora, M|100/100
|turn|2
|
|t:|1776152935
|move|p2a: Ak Qoyun|Metronome|p2a: Ak Qoyun
|move|p2a: Ak Qoyun|Sacred Sword|p1a: Glimmora|[from] move: Metronome
|-damage|p1a: Glimmora|41/100
|-activate|p1a: Glimmora|ability: Toxic Debris
|-sidestart|p2: ascended tusk 69|move: Toxic Spikes
|move|p1a: Glimmora|Meteor Beam||[still]
|-prepare|p1a: Glimmora|Meteor Beam
|-boost|p1a: Glimmora|spa|1
|-enditem|p1a: Glimmora|Power Herb
|-anim|p1a: Glimmora|Meteor Beam|p2a: Ak Qoyun
|-resisted|p2a: Ak Qoyun
|-damage|p2a: Ak Qoyun|11/100
|
|upkeep
|turn|3
|
|t:|1776152948
|move|p2a: Ak Qoyun|Close Combat|p1a: Glimmora
|-damage|p1a: Glimmora|0 fnt
|-unboost|p2a: Ak Qoyun|def|1
|-unboost|p2a: Ak Qoyun|spd|1
|-activate|p1a: Glimmora|ability: Toxic Debris
|-sidestart|p2: ascended tusk 69|move: Toxic Spikes
|faint|p1a: Glimmora
|
|upkeep
|j| playoofs
|
|t:|1776152967
|switch|p1a: Kingambit|Kingambit, M|100/100
|-activate|p1a: Kingambit|ability: Supreme Overlord
|-start|p1a: Kingambit|fallen2|[silent]
|turn|4
|
|t:|1776152991
|move|p1a: Kingambit|Sucker Punch||[still]
|-fail|p1a: Kingambit
|move|p2a: Ak Qoyun|Metronome|p2a: Ak Qoyun
|move|p2a: Ak Qoyun|Baton Pass|p2a: Ak Qoyun|[from] move: Metronome
|c|☆ascended tusk 69|wtd
|c|☆ascended tusk 69|wtf
|c|☆ascended tusk 69|lmfao
|c| jantelov1|lmao
|inactive|ascended tusk 69 has 120 seconds left.
|c|☆gwennedee|lottery
|
|t:|1776153006
|-end|p2a: Ak Qoyun|Quark Drive|[silent]
|switch|p2a: 68tales|Ninetales-Alola, M|100/100|[from] Baton Pass
|-status|p2a: 68tales|tox
|-weather|Snowscape|[from] ability: Snow Warning|[of] p2a: 68tales
|
|-weather|Snowscape|[upkeep]
|-damage|p2a: 68tales|94/100 tox|[from] psn
|upkeep
|turn|5
|
|t:|1776153018
|move|p2a: 68tales|Aurora Veil|p2a: 68tales
|-sidestart|p2: ascended tusk 69|move: Aurora Veil
|move|p1a: Kingambit|Iron Head|p2a: 68tales
|-supereffective|p2a: 68tales
|-damage|p2a: 68tales|0 fnt
|faint|p2a: 68tales
|
|-weather|Snowscape|[upkeep]
|upkeep
|
|t:|1776153025
|switch|p2a: Himiko|Gliscor, F|100/100
|turn|6
|j| Kyurem
|j| 151htyrneh
|inactive|gwennedee has 120 seconds left.
|j| SDK04
|inactive|gwennedee has 90 seconds left.
|
|t:|1776153105
|-end|p1a: Kingambit|fallen2|[silent]
|switch|p1a: Great Tusk|Great Tusk|100/100
|-enditem|p1a: Great Tusk|Booster Energy
|-activate|p1a: Great Tusk|ability: Protosynthesis|[fromitem]
|-start|p1a: Great Tusk|protosynthesisspe
|move|p2a: Himiko|Agility|p2a: Himiko
|-boost|p2a: Himiko|spe|2
|
|-weather|Snowscape|[upkeep]
|-status|p2a: Himiko|tox|[from] item: Toxic Orb
|upkeep
|turn|7
|
|t:|1776153124
|move|p2a: Himiko|Swords Dance|p2a: Himiko
|-boost|p2a: Himiko|atk|2
|move|p1a: Great Tusk|Taunt|p2a: Himiko
|-start|p2a: Himiko|move: Taunt
|
|-weather|Snowscape|[upkeep]
|upkeep
|turn|8
|
|t:|1776153129
|move|p2a: Himiko|Dual Wingbeat|p1a: Great Tusk
|-supereffective|p1a: Great Tusk
|-damage|p1a: Great Tusk|53/100
|-supereffective|p1a: Great Tusk
|-damage|p1a: Great Tusk|6/100
|-hitcount|p1a: Great Tusk|2
|move|p1a: Great Tusk|Bulk Up|p1a: Great Tusk
|-boost|p1a: Great Tusk|atk|1
|-boost|p1a: Great Tusk|def|1
|
|-weather|none
|upkeep
|turn|9
|
|t:|1776153134
|move|p2a: Himiko|Earthquake|p1a: Great Tusk
|-damage|p1a: Great Tusk|0 fnt
|faint|p1a: Great Tusk
|-end|p1a: Great Tusk|Protosynthesis|[silent]
|
|upkeep
|
|t:|1776153145
|switch|p1a: Dragonite|Dragonite, F|100/100
|turn|10
|inactive|gwennedee has 60 seconds left.
|
|t:|1776153182
|move|p2a: Himiko|Dual Wingbeat|p1a: Dragonite
|-damage|p1a: Dragonite|79/100
|-damage|p1a: Dragonite|41/100
|-hitcount|p1a: Dragonite|2
|move|p1a: Dragonite|Dragon Dance|p1a: Dragonite
|-boost|p1a: Dragonite|atk|1
|-boost|p1a: Dragonite|spe|1
|
|-heal|p1a: Dragonite|47/100|[from] item: Leftovers
|-end|p2a: Himiko|move: Taunt
|upkeep
|turn|11
|
|t:|1776153191
|-terastallize|p1a: Dragonite|Flying
|move|p2a: Himiko|Dual Wingbeat|p1a: Dragonite
|-damage|p1a: Dragonite|7/100
|-damage|p1a: Dragonite|0 fnt
|faint|p1a: Dragonite
|-hitcount|p1: Dragonite|2
|
|upkeep
|-message|gwennedee forfeited.
|
|win|ascended tusk 69
|raw|gwennedee's rating: 1553 &rarr; <strong>1533</strong><br />(-20 for losing)
|raw|ascended tusk 69's rating: 1560 &rarr; <strong>1580</strong><br />(+20 for winning)
|l|☆gwennedee
|player|p1|
|l| playoofs
|l|☆ascended tusk 69
|player|p2|
|j| bonczy
|l| jantelov1
