|html|<div class="broadcast-blue"><strong>[Gen 9] OU is currently suspecting Tera Blast! For information on how to participate check out the <a href="https://www.smogon.com/tools/suspects/view/200">suspect thread</a>.</strong></div>
|j|☆Asa Nocturne
|j|☆sigmawolfwood
|t:|1776041408
|gametype|singles
|player|p1|Asa Nocturne|n|1093
|player|p2|sigmawolfwood|battlegirl|1100
|gen|9
|tier|[Gen 9] OU
|rated|
|rule|HP Percentage Mod: HP is shown in percentages
|rule|Endless Battle Clause: Forcing endless battles is banned
|rule|Species Clause: Limit one of each Pokémon
|rule|OHKO Clause: OHKO moves are banned
|rule|Evasion Items Clause: Evasion items are banned
|rule|Evasion Moves Clause: Evasion moves are banned
|rule|Evasion Abilities Clause: Evasion abilities are banned
|rule|Sleep Moves Clause: Sleep-inducing moves are banned
|clearpoke
|poke|p1|Zoroark-Hisui, M|
|poke|p1|Darkrai|
|poke|p1|Garchomp, M|
|poke|p1|Ceruledge, M|
|poke|p1|Galvantula, F|
|poke|p1|Necrozma|
|poke|p2|Garchomp, M|
|poke|p2|Rotom-Mow|
|poke|p2|Quaquaval, M|
|poke|p2|Zoroark-Hisui, F|
|poke|p2|Mew|
|teampreview
|j| sc1erotized
|
|t:|1776041441
|teamsize|p1|6
|teamsize|p2|5
|start
|switch|p1a: Necrozma|Necrozma|100/100
|switch|p2a: Mew|Mew, shiny|100/100
|turn|1
|
|t:|1776041447
|move|p1a: Necrozma|Shadow Ball|p2a: Mew
|-supereffective|p2a: Mew
|-damage|p2a: Mew|49/100
|move|p2a: Mew|Imprison|p2a: Mew
|-start|p2a: Mew|move: Imprison
|
|-heal|p2a: Mew|55/100|[from] item: Leftovers
|upkeep
|turn|2
|
|t:|1776041455
|move|p1a: Necrozma|Shadow Ball|p2a: Mew
|-supereffective|p2a: Mew
|-damage|p2a: Mew|7/100
|-unboost|p2a: Mew|spd|1
|move|p2a: Mew|Transform||[still]
|-fail|p2a: Mew
|
|-heal|p2a: Mew|13/100|[from] item: Leftovers
|upkeep
|turn|3
|l| sc1erotized
|
|t:|1776041466
|move|p1a: Necrozma|Shadow Ball|p2a: Mew
|-supereffective|p2a: Mew
|-damage|p2a: Mew|0 fnt
|faint|p2a: Mew
|
|upkeep
|
|t:|1776041471
|switch|p2a: Rotom|Rotom-Mow|100/100
|turn|4
|inactive|Battle timer is ON: inactive players will automatically lose when time's up. (requested by Asa Nocturne)
|
|t:|1776041480
|move|p2a: Rotom|Leaf Storm|p1a: Necrozma
|-damage|p1a: Necrozma|0 fnt
|-unboost|p2a: Rotom|spa|2
|replace|p1a: Zoroark|Zoroark-Hisui, M
|-end|p1a: Zoroark|Illusion
|faint|p1a: Zoroark
|
|upkeep
|
|t:|1776041484
|switch|p1a: Garchomp|Garchomp, M|100/100
|turn|5
|
|t:|1776041489
|switch|p2a: Garchomp|Garchomp, M|100/100
|move|p1a: Garchomp|Fire Fang|p2a: Garchomp
|-resisted|p2a: Garchomp
|-damage|p2a: Garchomp|92/100
|-damage|p1a: Garchomp|88/100|[from] ability: Rough Skin|[of] p2a: Garchomp
|-damage|p1a: Garchomp|72/100|[from] item: Rocky Helmet|[of] p2a: Garchomp
|
|upkeep
|turn|6
|
|t:|1776041499
|-terastallize|p1a: Garchomp|Fire
|move|p1a: Garchomp|Scale Shot|p2a: Garchomp|[miss]
|-miss|p1a: Garchomp|p2a: Garchomp
|move|p2a: Garchomp|Dragon Tail|p1a: Garchomp
|-damage|p1a: Garchomp|41/100
|-damage|p2a: Garchomp|79/100|[from] ability: Rough Skin|[of] p1a: Garchomp
|drag|p1a: Ceruledge|Ceruledge, M|100/100
|
|upkeep
|turn|7
|
|t:|1776041508
|move|p1a: Ceruledge|Poltergeist|p2a: Garchomp
|-activate|p2a: Garchomp|move: Poltergeist|Rocky Helmet
|-damage|p2a: Garchomp|23/100
|-damage|p1a: Ceruledge|91/100|[from] item: Life Orb
|move|p2a: Garchomp|Earthquake|p1a: Ceruledge
|-supereffective|p1a: Ceruledge
|-damage|p1a: Ceruledge|0 fnt
|faint|p1a: Ceruledge
|
|upkeep
|
|t:|1776041517
|switch|p1a: Darkrai|Darkrai|100/100
|turn|8
|
|t:|1776041522
|switch|p2a: Quaquaval|Quaquaval, M|100/100
|move|p1a: Darkrai|Ice Beam|p2a: Quaquaval
|-resisted|p2a: Quaquaval
|-damage|p2a: Quaquaval|85/100
|
|upkeep
|turn|9
|
|t:|1776041530
|move|p1a: Darkrai|Sludge Bomb|p2a: Quaquaval
|-damage|p2a: Quaquaval|54/100
|move|p2a: Quaquaval|Close Combat|p1a: Darkrai
|-supereffective|p1a: Darkrai
|-damage|p1a: Darkrai|0 fnt
|-unboost|p2a: Quaquaval|def|1
|-unboost|p2a: Quaquaval|spd|1
|faint|p1a: Darkrai
|-ability|p2a: Quaquaval|Moxie|boost
|-boost|p2a: Quaquaval|atk|1
|
|upkeep
|
|t:|1776041539
|switch|p1a: Galvantula|Galvantula, F|100/100
|turn|10
|
|t:|1776041544
|move|p1a: Galvantula|Thunder|p2a: Quaquaval
|-supereffective|p2a: Quaquaval
|-damage|p2a: Quaquaval|0 fnt
|faint|p2a: Quaquaval
|
|upkeep
|
|t:|1776041550
|switch|p2a: Garchomp|Garchomp, M|100/100
|turn|11
|
|t:|1776041555
|move|p2a: Garchomp|Nasty Plot|p2a: Garchomp
|-boost|p2a: Garchomp|spa|2
|move|p1a: Galvantula|Bug Buzz|p2a: Garchomp
|-resisted|p2a: Garchomp
|-damage|p2a: Garchomp|63/100
|replace|p2a: Zoroark|Zoroark-Hisui, F
|-end|p2a: Zoroark|Illusion
|
|upkeep
|turn|12
|
|t:|1776041565
|-terastallize|p2a: Zoroark|Normal
|move|p2a: Zoroark|Hyper Voice|p1a: Galvantula
|-damage|p1a: Galvantula|0 fnt
|faint|p1a: Galvantula
|
|upkeep
|
|t:|1776041571
|switch|p1a: Necrozma|Necrozma|100/100
|turn|13
|
|t:|1776041574
|move|p2a: Zoroark|Shadow Ball|p1a: Necrozma
|-supereffective|p1a: Necrozma
|-damage|p1a: Necrozma|0 fnt
|faint|p1a: Necrozma
|
|upkeep
|
|t:|1776041577
|switch|p1a: Garchomp|Garchomp, M, tera:Fire|41/100
|turn|14
|
|t:|1776041580
|move|p2a: Zoroark|Shadow Ball|p1a: Garchomp
|-damage|p1a: Garchomp|0 fnt
|faint|p1a: Garchomp
|
|win|sigmawolfwood
|raw|Asa Nocturne's rating: 1093 &rarr; <strong>1070</strong><br />(-23 for losing)
|raw|sigmawolfwood's rating: 1100 &rarr; <strong>1124</strong><br />(+24 for winning)
|l|☆Asa Nocturne
|player|p1|
|l|☆sigmawolfwood
|player|p2|
