|html|<div class="broadcast-blue"><strong>[Gen 9] OU is currently suspecting Tera Blast! For information on how to participate check out the <a href="https://www.smogon.com/tools/suspects/view/200">suspect thread</a>.</strong></div>
|j|☆leontief47
|j|☆qizrad
|t:|1776202194
|gametype|singles
|player|p1|leontief47|clerk|1730
|player|p2|qizrad|sage|1763
|gen|9
|tier|[Gen 9] OU
|rated|
|rule|HP Percentage Mod: HP is shown in percentages
|rule|Endless Battle Clause: Forcing endless battles is banned
|rule|Species Clause: Limit one of each Pokémon
|rule|OHKO Clause: OHKO moves are banned
|rule|Evasion Items Clause: Evasion items are banned
|rule|Evasion Moves Clause: Evasion moves are banned
|rule|Evasion Abilities Clause: Evasion abilities are banned
|rule|Sleep Moves Clause: Sleep-inducing moves are banned
|clearpoke
|poke|p1|Rillaboom, F|
|poke|p1|Raging Bolt|
|poke|p1|Hawlucha, F|
|poke|p1|Zamazenta-*|
|poke|p1|Ogerpon-Cornerstone, F|
|poke|p1|Iron Treads|
|poke|p2|Araquanid, F|
|poke|p2|Ceruledge, M|
|poke|p2|Enamorus, F|
|poke|p2|Iron Treads|
|poke|p2|Kingambit, M|
|poke|p2|Pecharunt|
|teampreview
|inactive|Battle timer is ON: inactive players will automatically lose when time's up. (requested by qizrad)
|
|t:|1776202202
|teamsize|p1|6
|teamsize|p2|6
|start
|switch|p1a: Iron Treads|Iron Treads|100/100
|switch|p2a: Promise|Iron Treads|100/100
|-enditem|p1a: Iron Treads|Booster Energy
|-activate|p1a: Iron Treads|ability: Quark Drive|[fromitem]
|-start|p1a: Iron Treads|quarkdrivespe
|-enditem|p2a: Promise|Booster Energy
|-activate|p2a: Promise|ability: Quark Drive|[fromitem]
|-start|p2a: Promise|quarkdrivespe
|turn|1
|
|t:|1776202224
|move|p2a: Promise|Stealth Rock|p1a: Iron Treads
|-sidestart|p1: leontief47|move: Stealth Rock
|move|p1a: Iron Treads|Earth Power|p2a: Promise
|-supereffective|p2a: Promise
|-damage|p2a: Promise|3/100
|
|upkeep
|turn|2
|
|t:|1776202234
|-end|p2a: Promise|Quark Drive|[silent]
|switch|p2a: Bewitched|Pecharunt|100/100
|-item|p2a: Bewitched|Air Balloon
|move|p1a: Iron Treads|Rapid Spin|p2a: Bewitched
|-immune|p2a: Bewitched
|
|upkeep
|turn|3
|
|t:|1776202242
|move|p1a: Iron Treads|Stealth Rock|p2a: Bewitched
|-sidestart|p2: qizrad|move: Stealth Rock
|move|p2a: Bewitched|Shadow Ball|p1a: Iron Treads
|-damage|p1a: Iron Treads|58/100
|
|upkeep
|turn|4
|
|t:|1776202248
|move|p1a: Iron Treads|Steel Beam|p2a: Bewitched
|-damage|p2a: Bewitched|42/100
|-enditem|p2a: Bewitched|Air Balloon
|-damage|p1a: Iron Treads|8/100|[from] steelbeam
|move|p2a: Bewitched|Shadow Ball|p1a: Iron Treads
|-damage|p1a: Iron Treads|0 fnt
|faint|p1a: Iron Treads
|-end|p1a: Iron Treads|Quark Drive|[silent]
|
|upkeep
|
|t:|1776202251
|switch|p1a: Zamazenta|Zamazenta|100/100
|-damage|p1a: Zamazenta|94/100|[from] Stealth Rock
|-ability|p1a: Zamazenta|Dauntless Shield|boost
|-boost|p1a: Zamazenta|def|1
|turn|5
|
|t:|1776202256
|-terastallize|p1a: Zamazenta|Dark
|move|p1a: Zamazenta|Crunch|p2a: Bewitched
|-supereffective|p2a: Bewitched
|-damage|p2a: Bewitched|0 fnt
|faint|p2a: Bewitched
|-damage|p1a: Zamazenta|84/100|[from] item: Life Orb
|
|upkeep
|
|t:|1776202262
|switch|p2a: Misty|Araquanid, F|100/100
|-damage|p2a: Misty|75/100|[from] Stealth Rock
|turn|6
|
|t:|1776202270
|switch|p1a: Rillaboom|Rillaboom, F|100/100
|-damage|p1a: Rillaboom|88/100|[from] Stealth Rock
|-fieldstart|move: Grassy Terrain|[from] ability: Grassy Surge|[of] p1a: Rillaboom
|move|p2a: Misty|Surf|p1a: Rillaboom
|-resisted|p1a: Rillaboom
|-damage|p1a: Rillaboom|58/100
|
|-heal|p1a: Rillaboom|64/100|[from] Grassy Terrain
|-heal|p2a: Misty|82/100|[from] Grassy Terrain
|upkeep
|turn|7
|
|t:|1776202284
|switch|p2a: Promise|Iron Treads|3/100
|-damage|p2a: Promise|0 fnt|[from] Stealth Rock
|faint|p2a: Promise
|-end|p2a: Promise|Quark Drive|[silent]
|move|p1a: Rillaboom|Wood Hammer|p2: Promise|[notarget]
|-fail|p1a: Rillaboom
|
|-heal|p1a: Rillaboom|71/100|[from] Grassy Terrain
|upkeep
|
|t:|1776202306
|switch|p2a: Goddess|Enamorus, F|100/100
|-damage|p2a: Goddess|76/100|[from] Stealth Rock
|turn|8
|
|t:|1776202314
|move|p2a: Goddess|Moonblast|p1a: Rillaboom
|-damage|p1a: Rillaboom|0 fnt
|faint|p1a: Rillaboom
|
|upkeep
|
|t:|1776202319
|switch|p1a: Ogerpon|Ogerpon-Cornerstone, F|100/100
|-damage|p1a: Ogerpon|88/100|[from] Stealth Rock
|turn|9
|
|t:|1776202332
|switch|p2a: Trouble|Kingambit, M|100/100
|-damage|p2a: Trouble|94/100|[from] Stealth Rock
|-activate|p2a: Trouble|ability: Supreme Overlord
|-start|p2a: Trouble|fallen2|[silent]
|move|p1a: Ogerpon|Ivy Cudgel|p2a: Trouble|[anim] Ivy Cudgel Rock
|-resisted|p2a: Trouble
|-damage|p2a: Trouble|71/100
|
|-heal|p1a: Ogerpon|94/100|[from] Grassy Terrain
|-heal|p2a: Trouble|77/100|[from] Grassy Terrain
|upkeep
|turn|10
|inactive|qizrad has 120 seconds left.
|
|t:|1776202359
|-terastallize|p2a: Trouble|Dark
|move|p2a: Trouble|Sucker Punch|p1a: Ogerpon
|-damage|p1a: Ogerpon|0 fnt
|faint|p1a: Ogerpon
|
|-heal|p2a: Trouble|83/100|[from] Grassy Terrain
|upkeep
|
|t:|1776202363
|switch|p1a: Hawlucha|Hawlucha, F|100/100
|-damage|p1a: Hawlucha|88/100|[from] Stealth Rock
|-enditem|p1a: Hawlucha|Grassy Seed
|-boost|p1a: Hawlucha|def|1|[from] item: Grassy Seed
|turn|11
|
|t:|1776202371
|-end|p2a: Trouble|fallen2|[silent]
|switch|p2a: Nocturne|Ceruledge, M|100/100
|-damage|p2a: Nocturne|76/100|[from] Stealth Rock
|move|p1a: Hawlucha|Encore||[still]
|-fail|p1a: Hawlucha
|
|-heal|p2a: Nocturne|82/100|[from] Grassy Terrain
|upkeep
|turn|12
|
|t:|1776202385
|move|p1a: Hawlucha|Swords Dance|p1a: Hawlucha
|-boost|p1a: Hawlucha|atk|2
|move|p2a: Nocturne|Bitter Blade|p1a: Hawlucha
|-damage|p1a: Hawlucha|31/100
|-heal|p2a: Nocturne|100/100|[from] drain|[of] p1a: Hawlucha
|-damage|p2a: Nocturne|91/100|[from] item: Life Orb
|
|-heal|p2a: Nocturne|97/100|[from] Grassy Terrain
|upkeep
|turn|13
|
|t:|1776202397
|move|p1a: Hawlucha|Acrobatics|p2a: Nocturne
|-crit|p2a: Nocturne
|-damage|p2a: Nocturne|0 fnt
|faint|p2a: Nocturne
|
|-fieldend|move: Grassy Terrain
|upkeep
|
|t:|1776202400
|switch|p2a: Trouble|Kingambit, M, tera:Dark|83/100
|-damage|p2a: Trouble|71/100|[from] Stealth Rock
|-activate|p2a: Trouble|ability: Supreme Overlord
|-start|p2a: Trouble|fallen3|[silent]
|turn|14
|
|t:|1776202404
|move|p2a: Trouble|Sucker Punch||[still]
|-fail|p2a: Trouble
|move|p1a: Hawlucha|Swords Dance|p1a: Hawlucha
|-boost|p1a: Hawlucha|atk|2
|
|upkeep
|turn|15
|
|t:|1776202408
|move|p2a: Trouble|Sucker Punch||[still]
|-fail|p2a: Trouble
|move|p1a: Hawlucha|Encore|p2a: Trouble
|-start|p2a: Trouble|Encore
|
|upkeep
|turn|16
|
|t:|1776202410
|move|p2a: Trouble|Sucker Punch||[still]
|-fail|p2a: Trouble
|move|p1a: Hawlucha|Swords Dance|p1a: Hawlucha
|-boost|p1a: Hawlucha|atk|2
|
|upkeep
|turn|17
|
|t:|1776202419
|-end|p2a: Trouble|fallen3|[silent]
|switch|p2a: Misty|Araquanid, F|82/100
|-damage|p2a: Misty|57/100|[from] Stealth Rock
|move|p1a: Hawlucha|Swords Dance|p1a: Hawlucha
|-boost|p1a: Hawlucha|atk|0
|
|upkeep
|turn|18
|
|t:|1776202424
|move|p2a: Misty|Endure|p2a: Misty
|-singleturn|p2a: Misty|move: Endure
|move|p1a: Hawlucha|Acrobatics|p2a: Misty
|-supereffective|p2a: Misty
|-crit|p2a: Misty
|-activate|p2a: Misty|move: Endure
|-damage|p2a: Misty|1/100
|
|upkeep
|turn|19
|-enditem|p2a: Misty|Custap Berry|[eat]
|-activate|p2a: Misty|item: Custap Berry|[consumed]
|
|t:|1776202434
|move|p2a: Misty|Surf|p1a: Hawlucha
|-damage|p1a: Hawlucha|0 fnt
|faint|p1a: Hawlucha
|
|upkeep
|
|t:|1776202438
|switch|p1a: Zamazenta|Zamazenta, tera:Dark|84/100
|-damage|p1a: Zamazenta|72/100|[from] Stealth Rock
|turn|20
|
|t:|1776202444
|move|p1a: Zamazenta|Crunch|p2a: Misty
|-damage|p2a: Misty|0 fnt
|faint|p2a: Misty
|-damage|p1a: Zamazenta|62/100|[from] item: Life Orb
|
|upkeep
|
|t:|1776202456
|switch|p2a: Goddess|Enamorus, F|76/100
|-damage|p2a: Goddess|51/100|[from] Stealth Rock
|turn|21
|
|t:|1776202462
|move|p1a: Zamazenta|Heavy Slam|p2a: Goddess
|-supereffective|p2a: Goddess
|-damage|p2a: Goddess|0 fnt
|faint|p2a: Goddess
|-damage|p1a: Zamazenta|52/100|[from] item: Life Orb
|
|upkeep
|
|t:|1776202465
|switch|p2a: Trouble|Kingambit, M, tera:Dark|71/100
|-damage|p2a: Trouble|58/100|[from] Stealth Rock
|-activate|p2a: Trouble|ability: Supreme Overlord
|-start|p2a: Trouble|fallen5|[silent]
|turn|22
|
|t:|1776202477
|move|p1a: Zamazenta|Close Combat|p2a: Trouble
|-supereffective|p2a: Trouble
|-damage|p2a: Trouble|0 fnt
|-unboost|p1a: Zamazenta|def|1
|-unboost|p1a: Zamazenta|spd|1
|faint|p2a: Trouble
|-end|p2a: Trouble|fallen5|[silent]
|-damage|p1a: Zamazenta|43/100|[from] item: Life Orb
|
|win|leontief47
|raw|leontief47's rating: 1730 &rarr; <strong>1752</strong><br />(+22 for winning)
|raw|qizrad's rating: 1763 &rarr; <strong>1741</strong><br />(-22 for losing)
|c|☆qizrad|gg
|c|☆leontief47|gg
