|html|<div class="broadcast-blue"><strong>[Gen 9] OU is currently suspecting Tera Blast! For information on how to participate check out the <a href="https://www.smogon.com/tools/suspects/view/200">suspect thread</a>.</strong></div>
|j|‽true sun of sw
|j|☆Rotom is my mom
|t:|1776091893
|gametype|singles
|player|p1|true sun of sw|birdkeeper-gen4dp|1530
|player|p2|Rotom is my mom|acetrainer-gen2|1579
|gen|9
|tier|[Gen 9] OU
|rated|
|rule|HP Percentage Mod: HP is shown in percentages
|rule|Endless Battle Clause: Forcing endless battles is banned
|rule|Species Clause: Limit one of each Pokémon
|rule|OHKO Clause: OHKO moves are banned
|rule|Evasion Items Clause: Evasion items are banned
|rule|Evasion Moves Clause: Evasion moves are banned
|rule|Evasion Abilities Clause: Evasion abilities are banned
|rule|Sleep Moves Clause: Sleep-inducing moves are banned
|clearpoke
|poke|p1|Raging Bolt|
|poke|p1|Gholdengo|
|poke|p1|Great Tusk|
|poke|p1|Araquanid, M|
|poke|p1|Iron Moth|
|poke|p1|Kingambit, F|
|poke|p2|Ting-Lu|
|poke|p2|Darkrai|
|poke|p2|Dragonite, F|
|poke|p2|Pecharunt|
|poke|p2|Gholdengo|
|poke|p2|Iron Valiant|
|teampreview
|inactive|Battle timer is ON: inactive players will automatically lose when time's up. (requested by Rotom is my mom)
|
|t:|1776091899
|teamsize|p1|6
|teamsize|p2|6
|start
|switch|p1a: Araquanid|Araquanid, M|100/100
|switch|p2a: Ting-Lu|Ting-Lu|100/100
|-ability|p2a: Ting-Lu|Vessel of Ruin
|turn|1
|
|t:|1776091904
|move|p2a: Ting-Lu|Stealth Rock|p1a: Araquanid
|-sidestart|p1: true sun of sw|move: Stealth Rock
|move|p1a: Araquanid|Sticky Web|p2a: Ting-Lu
|-sidestart|p2: Rotom is my mom|move: Sticky Web
|
|upkeep
|turn|2
|
|t:|1776091906
|move|p2a: Ting-Lu|Ruination|p1a: Araquanid
|-damage|p1a: Araquanid|51/100
|move|p1a: Araquanid|Liquidation|p2a: Ting-Lu
|-supereffective|p2a: Ting-Lu
|-damage|p2a: Ting-Lu|35/100
|
|-heal|p2a: Ting-Lu|41/100|[from] item: Leftovers
|upkeep
|turn|3
|
|t:|1776091912
|move|p2a: Ting-Lu|Spikes|p1a: Araquanid
|-sidestart|p1: true sun of sw|Spikes
|move|p1a: Araquanid|Liquidation|p2a: Ting-Lu
|-supereffective|p2a: Ting-Lu
|-damage|p2a: Ting-Lu|0 fnt
|faint|p2a: Ting-Lu
|
|upkeep
|
|t:|1776091923
|switch|p2a: Pecharunt|Pecharunt|100/100
|-activate|p2a: Pecharunt|move: Sticky Web
|-unboost|p2a: Pecharunt|spe|1
|turn|4
|
|t:|1776091931
|move|p2a: Pecharunt|Parting Shot|p1a: Araquanid
|-unboost|p1a: Araquanid|atk|1
|-unboost|p1a: Araquanid|spa|1
|
|t:|1776091937
|switch|p2a: Gholdengo|Gholdengo|100/100|[from] Parting Shot
|-activate|p2a: Gholdengo|move: Sticky Web
|-unboost|p2a: Gholdengo|spe|1
|move|p1a: Araquanid|Liquidation|p2a: Gholdengo
|-damage|p2a: Gholdengo|53/100
|
|upkeep
|turn|5
|
|t:|1776091945
|switch|p2a: Pecharunt|Pecharunt|100/100
|-activate|p2a: Pecharunt|move: Sticky Web
|-unboost|p2a: Pecharunt|spe|1
|move|p1a: Araquanid|Liquidation|p2a: Pecharunt
|-damage|p2a: Pecharunt|80/100
|-damage|p1a: Araquanid|34/100|[from] item: Rocky Helmet|[of] p2a: Pecharunt
|
|upkeep
|turn|6
|
|t:|1776091953
|move|p2a: Pecharunt|Malignant Chain|p1a: Araquanid
|-damage|p1a: Araquanid|9/100
|move|p1a: Araquanid|Liquidation|p2a: Pecharunt
|-damage|p2a: Pecharunt|61/100
|-unboost|p2a: Pecharunt|def|1
|-damage|p1a: Araquanid|0 fnt|[from] item: Rocky Helmet|[of] p2a: Pecharunt
|faint|p1a: Araquanid
|
|upkeep
|
|t:|1776091961
|switch|p1a: Gholdengo|Gholdengo|100/100
|-damage|p1a: Gholdengo|94/100|[from] Stealth Rock
|-item|p1a: Gholdengo|Air Balloon
|turn|7
|
|t:|1776091967
|move|p1a: Gholdengo|Shadow Ball|p2a: Pecharunt
|-supereffective|p2a: Pecharunt
|-damage|p2a: Pecharunt|0 fnt
|faint|p2a: Pecharunt
|
|upkeep
|
|t:|1776091970
|switch|p2a: Darkrai|Darkrai|100/100
|turn|8
|
|t:|1776091974
|-terastallize|p1a: Gholdengo|Fairy
|move|p2a: Darkrai|Dark Pulse|p1a: Gholdengo
|-resisted|p1a: Gholdengo
|-damage|p1a: Gholdengo|67/100
|-enditem|p1a: Gholdengo|Air Balloon
|move|p1a: Gholdengo|Dazzling Gleam|p2a: Darkrai
|-supereffective|p2a: Darkrai
|-damage|p2a: Darkrai|0 fnt
|faint|p2a: Darkrai
|
|upkeep
|
|t:|1776091979
|switch|p2a: Dragonite|Dragonite, F|100/100
|turn|9
|
|t:|1776091983
|move|p2a: Dragonite|Dragon Dance|p2a: Dragonite
|-boost|p2a: Dragonite|atk|1
|-boost|p2a: Dragonite|spe|1
|move|p1a: Gholdengo|Dazzling Gleam|p2a: Dragonite
|-supereffective|p2a: Dragonite
|-damage|p2a: Dragonite|48/100
|
|upkeep
|turn|10
|
|t:|1776091986
|-terastallize|p2a: Dragonite|Flying
|move|p2a: Dragonite|Tera Blast|p1a: Gholdengo|[anim] Tera Blast Flying
|-damage|p1a: Gholdengo|0 fnt
|faint|p1a: Gholdengo
|
|upkeep
|
|t:|1776091997
|switch|p1a: Raging Bolt|Raging Bolt|100/100
|-damage|p1a: Raging Bolt|88/100|[from] Stealth Rock
|-damage|p1a: Raging Bolt|76/100|[from] Spikes
|-enditem|p1a: Raging Bolt|Booster Energy
|-activate|p1a: Raging Bolt|ability: Protosynthesis|[fromitem]
|-start|p1a: Raging Bolt|protosynthesisspa
|turn|11
|
|t:|1776092000
|move|p2a: Dragonite|Extreme Speed|p1a: Raging Bolt
|-damage|p1a: Raging Bolt|39/100
|move|p1a: Raging Bolt|Thunderclap||[still]
|-fail|p1a: Raging Bolt
|
|upkeep
|turn|12
|
|t:|1776092005
|move|p2a: Dragonite|Earthquake|p1a: Raging Bolt
|-supereffective|p1a: Raging Bolt
|-damage|p1a: Raging Bolt|0 fnt
|faint|p1a: Raging Bolt
|-end|p1a: Raging Bolt|Protosynthesis|[silent]
|
|upkeep
|
|t:|1776092008
|switch|p1a: Kingambit|Kingambit, F|100/100
|-damage|p1a: Kingambit|94/100|[from] Stealth Rock
|-damage|p1a: Kingambit|82/100|[from] Spikes
|-activate|p1a: Kingambit|ability: Supreme Overlord
|-start|p1a: Kingambit|fallen3|[silent]
|turn|13
|
|t:|1776092016
|move|p2a: Dragonite|Earthquake|p1a: Kingambit
|-supereffective|p1a: Kingambit
|-damage|p1a: Kingambit|0 fnt
|faint|p1a: Kingambit
|-end|p1a: Kingambit|fallen3|[silent]
|
|upkeep
|-message|true sun of sw forfeited.
|
|win|Rotom is my mom
|raw|true sun of sw's rating: 1530 &rarr; <strong>1513</strong><br />(-17 for losing)
|raw|Rotom is my mom's rating: 1579 &rarr; <strong>1596</strong><br />(+17 for winning)
|l|‽true sun of sw
|player|p1|
|l|☆Rotom is my mom
|player|p2|
