|html|<div class="broadcast-blue"><strong>[Gen 9] OU is currently suspecting Volcarona! For information on how to participate check out the <a href="https://www.smogon.com/tools/suspects/view/208">suspect thread</a>.</strong></div>
|j|☆zatrox11
|j|☆archisman6
|t:|1778516508
|gametype|singles
|player|p1|zatrox11|265|1234
|player|p2|archisman6|265|1186
|gen|9
|tier|[Gen 9] OU
|rated|
|rule|HP Percentage Mod: HP is shown in percentages
|rule|Endless Battle Clause: Forcing endless battles is banned
|rule|Species Clause: Limit one of each Pokémon
|rule|OHKO Clause: OHKO moves are banned
|rule|Evasion Items Clause: Evasion items are banned
|rule|Evasion Moves Clause: Evasion moves are banned
|rule|Evasion Abilities Clause: Evasion abilities are banned
|rule|Sleep Moves Clause: Sleep-inducing moves are banned
|clearpoke
|poke|p1|Corviknight, F|
|poke|p1|Volcanion|
|poke|p1|Dragapult, M|
|poke|p1|Excadrill, F|
|poke|p1|Tyranitar, M|
|poke|p1|Comfey, M|
|poke|p2|Cramorant, M|
|poke|p2|Gallade, M|
|poke|p2|Kingambit, F|
|poke|p2|Iron Moth|
|poke|p2|Enamorus, F|
|poke|p2|Ogerpon-Cornerstone, F|
|teampreview
|inactive|Battle timer is ON: inactive players will automatically lose when time's up. (requested by archisman6)
|
|t:|1778516522
|teamsize|p1|6
|teamsize|p2|6
|start
|switch|p1a: Dragapult|Dragapult, M|100/100
|switch|p2a: Cramorant|Cramorant, M, shiny|100/100
|turn|1
|
|t:|1778516532
|move|p1a: Dragapult|Draco Meteor|p2a: Cramorant
|-enditem|p2a: Cramorant|Focus Sash
|-damage|p2a: Cramorant|1/100
|-unboost|p1a: Dragapult|spa|2
|move|p2a: Cramorant|Hurricane|p1a: Dragapult|[miss]
|-miss|p2a: Cramorant|p1a: Dragapult
|
|upkeep
|turn|2
|
|t:|1778516545
|move|p1a: Dragapult|Draco Meteor|p2a: Cramorant
|-damage|p2a: Cramorant|0 fnt
|-unboost|p1a: Dragapult|spa|2
|faint|p2a: Cramorant
|
|upkeep
|
|t:|1778516555
|switch|p2a: Enamorus|Enamorus, F|100/100
|turn|3
|
|t:|1778516561
|switch|p1a: Corviknight|Corviknight, F|100/100
|-ability|p1a: Corviknight|Pressure
|move|p2a: Enamorus|Moonblast|p1a: Corviknight
|-resisted|p1a: Corviknight
|-damage|p1a: Corviknight|74/100
|
|upkeep
|turn|4
|
|t:|1778516569
|switch|p1a: Tyranitar|Tyranitar, M|100/100
|-weather|Sandstorm|[from] ability: Sand Stream|[of] p1a: Tyranitar
|move|p2a: Enamorus|Superpower|p1a: Tyranitar
|-supereffective|p1a: Tyranitar
|-damage|p1a: Tyranitar|10/100
|-boost|p2a: Enamorus|atk|1
|-boost|p2a: Enamorus|def|1
|
|-weather|Sandstorm|[upkeep]
|-damage|p2a: Enamorus|94/100|[from] Sandstorm
|upkeep
|turn|5
|
|t:|1778516580
|switch|p1a: Comfey|Comfey, M|100/100
|move|p2a: Enamorus|Superpower|p1a: Comfey
|-resisted|p1a: Comfey
|-damage|p1a: Comfey|72/100
|-boost|p2a: Enamorus|atk|1
|-boost|p2a: Enamorus|def|1
|
|-weather|Sandstorm|[upkeep]
|-damage|p2a: Enamorus|88/100|[from] Sandstorm
|-damage|p1a: Comfey|66/100|[from] Sandstorm
|upkeep
|turn|6
|
|t:|1778516593
|move|p1a: Comfey|Draining Kiss|p2a: Enamorus
|-damage|p2a: Enamorus|46/100
|-heal|p1a: Comfey|96/100|[from] drain|[of] p2a: Enamorus
|-damage|p1a: Comfey|86/100|[from] item: Life Orb
|move|p2a: Enamorus|Moonblast|p1a: Comfey
|-damage|p1a: Comfey|33/100
|-unboost|p1a: Comfey|spa|1
|
|-weather|Sandstorm|[upkeep]
|-damage|p2a: Enamorus|40/100|[from] Sandstorm
|-damage|p1a: Comfey|26/100|[from] Sandstorm
|upkeep
|turn|7
|
|t:|1778516607
|move|p1a: Comfey|Draining Kiss|p2a: Enamorus
|-damage|p2a: Enamorus|11/100
|-heal|p1a: Comfey|47/100|[from] drain|[of] p2a: Enamorus
|-damage|p1a: Comfey|37/100|[from] item: Life Orb
|move|p2a: Enamorus|Superpower|p1a: Comfey
|-resisted|p1a: Comfey
|-damage|p1a: Comfey|1/100
|-boost|p2a: Enamorus|atk|1
|-boost|p2a: Enamorus|def|1
|
|-weather|Sandstorm|[upkeep]
|-damage|p2a: Enamorus|5/100|[from] Sandstorm
|-damage|p1a: Comfey|0 fnt|[from] Sandstorm
|faint|p1a: Comfey
|upkeep
|
|t:|1778516613
|switch|p1a: Excadrill|Excadrill, F|100/100
|-item|p1a: Excadrill|Air Balloon
|turn|8
|
|t:|1778516628
|move|p1a: Excadrill|Rapid Spin|p2a: Enamorus
|-damage|p2a: Enamorus|0 fnt
|-boost|p1a: Excadrill|spe|1
|faint|p2a: Enamorus
|
|-weather|Sandstorm|[upkeep]
|upkeep
|
|t:|1778516635
|switch|p2a: Gallade|Gallade, M, shiny|100/100
|turn|9
|
|t:|1778516642
|switch|p1a: Corviknight|Corviknight, F|74/100
|-ability|p1a: Corviknight|Pressure
|move|p2a: Gallade|Sacred Sword|p1a: Corviknight
|-damage|p1a: Corviknight|34/100
|-damage|p2a: Gallade|84/100|[from] item: Rocky Helmet|[of] p1a: Corviknight
|
|-weather|Sandstorm|[upkeep]
|-damage|p2a: Gallade|78/100|[from] Sandstorm
|upkeep
|turn|10
|
|t:|1778516663
|switch|p1a: Dragapult|Dragapult, M|100/100
|-terastallize|p2a: Gallade|Ghost
|move|p2a: Gallade|Swords Dance|p2a: Gallade
|-boost|p2a: Gallade|atk|2
|
|-weather|Sandstorm|[upkeep]
|-damage|p1a: Dragapult|95/100|[from] Sandstorm
|-damage|p2a: Gallade|72/100|[from] Sandstorm
|upkeep
|turn|11
|
|t:|1778516672
|move|p2a: Gallade|Shadow Sneak|p1a: Dragapult
|-supereffective|p1a: Dragapult
|-damage|p1a: Dragapult|0 fnt
|faint|p1a: Dragapult
|
|-weather|none
|upkeep
|
|t:|1778516684
|switch|p1a: Tyranitar|Tyranitar, M|10/100
|-weather|Sandstorm|[from] ability: Sand Stream|[of] p1a: Tyranitar
|turn|12
|
|t:|1778516691
|move|p2a: Gallade|Shadow Sneak|p1a: Tyranitar
|-resisted|p1a: Tyranitar
|-damage|p1a: Tyranitar|0 fnt
|faint|p1a: Tyranitar
|
|-weather|Sandstorm|[upkeep]
|-damage|p2a: Gallade|65/100|[from] Sandstorm
|upkeep
|
|t:|1778516698
|switch|p1a: Excadrill|Excadrill, F|100/100
|-item|p1a: Excadrill|Air Balloon
|turn|13
|
|t:|1778516711
|move|p2a: Gallade|Shadow Sneak|p1a: Excadrill
|-damage|p1a: Excadrill|45/100
|-enditem|p1a: Excadrill|Air Balloon
|move|p1a: Excadrill|Earthquake|p2a: Gallade
|-damage|p2a: Gallade|0 fnt
|faint|p2a: Gallade
|
|-weather|Sandstorm|[upkeep]
|upkeep
|
|t:|1778516730
|switch|p2a: Kingambit|Kingambit, F, shiny|100/100
|-activate|p2a: Kingambit|ability: Supreme Overlord
|-start|p2a: Kingambit|fallen3|[silent]
|turn|14
|
|t:|1778516736
|switch|p1a: Volcanion|Volcanion|100/100
|move|p2a: Kingambit|Sucker Punch||[still]
|-fail|p2a: Kingambit
|
|-weather|Sandstorm|[upkeep]
|-damage|p1a: Volcanion|95/100|[from] Sandstorm
|upkeep
|turn|15
|
|t:|1778516743
|-end|p2a: Kingambit|fallen3|[silent]
|switch|p2a: Iron Moth|Iron Moth, shiny|100/100
|-enditem|p2a: Iron Moth|Booster Energy
|-activate|p2a: Iron Moth|ability: Quark Drive|[fromitem]
|-start|p2a: Iron Moth|quarkdrivespe
|move|p1a: Volcanion|Steam Eruption|p2a: Iron Moth
|-supereffective|p2a: Iron Moth
|-damage|p2a: Iron Moth|0 fnt
|faint|p2a: Iron Moth
|-end|p2a: Iron Moth|Quark Drive|[silent]
|
|-weather|Sandstorm|[upkeep]
|-damage|p1a: Volcanion|89/100|[from] Sandstorm
|upkeep
|
|t:|1778516753
|switch|p2a: Ogerpon|Ogerpon-Cornerstone, F|100/100
|turn|16
|
|t:|1778516765
|switch|p1a: Excadrill|Excadrill, F|45/100
|move|p2a: Ogerpon|Swords Dance|p2a: Ogerpon
|-boost|p2a: Ogerpon|atk|2
|
|-weather|Sandstorm|[upkeep]
|upkeep
|turn|17
|
|t:|1778516773
|move|p1a: Excadrill|Earthquake|p2a: Ogerpon
|-damage|p2a: Ogerpon|21/100
|move|p2a: Ogerpon|Trailblaze|p1a: Excadrill
|-crit|p1a: Excadrill
|-damage|p1a: Excadrill|0 fnt
|-boost|p2a: Ogerpon|spe|1
|faint|p1a: Excadrill
|
|-weather|Sandstorm|[upkeep]
|upkeep
|
|t:|1778516777
|switch|p1a: Corviknight|Corviknight, F|34/100
|-ability|p1a: Corviknight|Pressure
|turn|18
|
|t:|1778516788
|move|p2a: Ogerpon|Ivy Cudgel|p1a: Corviknight|[anim] Ivy Cudgel Rock
|-crit|p1a: Corviknight
|-damage|p1a: Corviknight|0 fnt
|faint|p1a: Corviknight
|
|-weather|Sandstorm|[upkeep]
|upkeep
|inactive|zatrox11 has 120 seconds left.
|
|t:|1778516819
|switch|p1a: Volcanion|Volcanion|89/100
|turn|19
|
|t:|1778516832
|move|p2a: Ogerpon|Ivy Cudgel|p1a: Volcanion|[anim] Ivy Cudgel Rock
|-supereffective|p1a: Volcanion
|-crit|p1a: Volcanion
|-damage|p1a: Volcanion|0 fnt
|faint|p1a: Volcanion
|
|win|archisman6
|raw|zatrox11's rating: 1234 &rarr; <strong>1206</strong><br />(-28 for losing)
|raw|archisman6's rating: 1186 &rarr; <strong>1214</strong><br />(+28 for winning)
|l|☆zatrox11
|player|p1|
|c|☆archisman6|gg
|l|☆archisman6
|player|p2|
