|html|<div class="broadcast-blue"><strong>[Gen 9] OU is currently suspecting Tera Blast! For information on how to participate check out the <a href="https://www.smogon.com/tools/suspects/view/200">suspect thread</a>.</strong></div>
|j|☆lyzandro
|j|☆Doomingo
|t:|1776098053
|gametype|singles
|player|p1|lyzandro|hilbert|1411
|player|p2|Doomingo|266|1368
|gen|9
|tier|[Gen 9] OU
|rated|
|rule|HP Percentage Mod: HP is shown in percentages
|rule|Endless Battle Clause: Forcing endless battles is banned
|rule|Species Clause: Limit one of each Pokémon
|rule|OHKO Clause: OHKO moves are banned
|rule|Evasion Items Clause: Evasion items are banned
|rule|Evasion Moves Clause: Evasion moves are banned
|rule|Evasion Abilities Clause: Evasion abilities are banned
|rule|Sleep Moves Clause: Sleep-inducing moves are banned
|clearpoke
|poke|p1|Suicune|
|poke|p1|Kyurem|
|poke|p1|Corviknight, F|
|poke|p1|Blissey, F|
|poke|p1|Dondozo, F|
|poke|p1|Gliscor, F|
|poke|p2|Komala, M|
|poke|p2|Houndoom, M|
|poke|p2|Hawlucha, M|
|poke|p2|Magnezone|
|poke|p2|Palossand, F|
|poke|p2|Slowking, F|
|teampreview
|inactive|Battle timer is ON: inactive players will automatically lose when time's up. (requested by Doomingo)
|
|t:|1776098099
|teamsize|p1|6
|teamsize|p2|6
|start
|switch|p1a: Gliscor|Gliscor, F|100/100
|switch|p2a: Hippope|Slowking, F|100/100
|turn|1
|
|t:|1776098112
|switch|p1a: Blissey|Blissey, F|100/100
|move|p2a: Hippope|Scald|p1a: Blissey
|-damage|p1a: Blissey|84/100
|
|upkeep
|turn|2
|
|t:|1776098129
|move|p1a: Blissey|Stealth Rock|p2a: Hippope
|-sidestart|p2: Doomingo|move: Stealth Rock
|move|p2a: Hippope|Scald|p1a: Blissey
|-damage|p1a: Blissey|68/100
|
|upkeep
|turn|3
|
|t:|1776098135
|move|p1a: Blissey|Seismic Toss|p2a: Hippope
|-damage|p2a: Hippope|75/100
|move|p2a: Hippope|Scald|p1a: Blissey
|-damage|p1a: Blissey|53/100
|
|upkeep
|turn|4
|
|t:|1776098140
|move|p1a: Blissey|Soft-Boiled|p1a: Blissey
|-heal|p1a: Blissey|100/100
|move|p2a: Hippope|Scald|p1a: Blissey
|-damage|p1a: Blissey|84/100
|-status|p1a: Blissey|brn
|
|-damage|p1a: Blissey|78/100 brn|[from] brn
|upkeep
|turn|5
|
|t:|1776098158
|-curestatus|p1a: Blissey|brn|[from] ability: Natural Cure
|switch|p1a: Kyurem|Kyurem|100/100
|-ability|p1a: Kyurem|Pressure
|move|p2a: Hippope|Scald|p1a: Kyurem
|-resisted|p1a: Kyurem
|-damage|p1a: Kyurem|79/100
|
|-heal|p1a: Kyurem|85/100|[from] item: Leftovers
|upkeep
|turn|6
|
|t:|1776098179
|switch|p2a: Narcolepsy|Komala, M|100/100
|-damage|p2a: Narcolepsy|88/100|[from] Stealth Rock
|-ability|p2a: Narcolepsy|Comatose
|move|p1a: Kyurem|Substitute|p1a: Kyurem
|-start|p1a: Kyurem|Substitute
|-damage|p1a: Kyurem|60/100
|
|-heal|p1a: Kyurem|66/100|[from] item: Leftovers
|upkeep
|turn|7
|
|t:|1776098189
|move|p1a: Kyurem|Freeze-Dry|p2a: Narcolepsy
|-damage|p2a: Narcolepsy|68/100
|move|p2a: Narcolepsy|Rapid Spin|p1a: Kyurem
|-activate|p1a: Kyurem|move: Substitute|[damage]
|-sideend|p2: Doomingo|Stealth Rock|[from] move: Rapid Spin|[of] p2a: Narcolepsy
|-boost|p2a: Narcolepsy|spe|1
|
|-heal|p1a: Kyurem|73/100|[from] item: Leftovers
|upkeep
|turn|8
|
|t:|1776098209
|-terastallize|p1a: Kyurem|Ghost
|move|p1a: Kyurem|Freeze-Dry|p2a: Narcolepsy
|-damage|p2a: Narcolepsy|46/100
|move|p2a: Narcolepsy|Rapid Spin|p1a: Kyurem
|-immune|p1a: Kyurem
|
|-heal|p1a: Kyurem|79/100|[from] item: Leftovers
|upkeep
|turn|9
|inactive|lyzandro has 120 seconds left.
|inactive|Doomingo has 120 seconds left.
|
|t:|1776098256
|move|p1a: Kyurem|Freeze-Dry|p2a: Narcolepsy
|-damage|p2a: Narcolepsy|26/100
|move|p2a: Narcolepsy|Rapid Spin|p1a: Kyurem
|-immune|p1a: Kyurem
|
|-heal|p1a: Kyurem|85/100|[from] item: Leftovers
|upkeep
|turn|10
|
|t:|1776098264
|move|p1a: Kyurem|Freeze-Dry|p2a: Narcolepsy
|-damage|p2a: Narcolepsy|5/100
|move|p2a: Narcolepsy|Earthquake|p1a: Kyurem
|-end|p1a: Kyurem|Substitute
|
|-heal|p1a: Kyurem|91/100|[from] item: Leftovers
|upkeep
|turn|11
|
|t:|1776098276
|move|p2a: Narcolepsy|Sucker Punch|p1a: Kyurem
|-supereffective|p1a: Kyurem
|-damage|p1a: Kyurem|54/100
|move|p1a: Kyurem|Freeze-Dry|p2a: Narcolepsy
|-damage|p2a: Narcolepsy|0 fnt
|faint|p2a: Narcolepsy
|
|-heal|p1a: Kyurem|60/100|[from] item: Leftovers
|upkeep
|
|t:|1776098287
|switch|p2a: Frank|Palossand, F|100/100
|turn|12
|
|t:|1776098296
|move|p1a: Kyurem|Protect|p1a: Kyurem
|-singleturn|p1a: Kyurem|Protect
|move|p2a: Frank|Shadow Ball|p1a: Kyurem
|-activate|p1a: Kyurem|move: Protect
|
|-heal|p1a: Kyurem|66/100|[from] item: Leftovers
|upkeep
|turn|13
|
|t:|1776098308
|switch|p1a: Blissey|Blissey, F|78/100
|move|p2a: Frank|Scorching Sands|p1a: Blissey
|-damage|p1a: Blissey|71/100
|
|upkeep
|turn|14
|
|t:|1776098318
|switch|p2a: Maromeo|Hawlucha, M|100/100
|-ability|p2a: Maromeo|Mold Breaker
|move|p1a: Blissey|Stealth Rock|p2a: Maromeo
|-sidestart|p2: Doomingo|move: Stealth Rock
|
|upkeep
|turn|15
|
|t:|1776098331
|switch|p1a: Gliscor|Gliscor, F|100/100
|move|p2a: Maromeo|Defog|p1a: Gliscor
|-unboost|p1a: Gliscor|evasion|1
|-sideend|p2: Doomingo|Stealth Rock|[from] move: Defog|[of] p2a: Maromeo
|
|-status|p1a: Gliscor|tox|[from] item: Toxic Orb
|upkeep
|turn|16
|
|t:|1776098345
|switch|p2a: Hippope|Slowking, F|100/100
|move|p1a: Gliscor|Toxic|p2a: Hippope
|-status|p2a: Hippope|tox
|
|-damage|p2a: Hippope|94/100 tox|[from] psn
|upkeep
|turn|17
|
|t:|1776098364
|switch|p1a: Suicune|Suicune|100/100
|-ability|p1a: Suicune|Pressure
|move|p2a: Hippope|Future Sight|p1a: Suicune
|-start|p2a: Hippope|move: Future Sight
|
|-damage|p2a: Hippope|82/100 tox|[from] psn
|upkeep
|turn|18
|
|t:|1776098382
|switch|p1a: Blissey|Blissey, F|71/100
|switch|p2a: Frank|Palossand, F|100/100
|
|upkeep
|turn|19
|
|t:|1776098390
|switch|p2a: Maromeo|Hawlucha, M|100/100
|-ability|p2a: Maromeo|Mold Breaker
|move|p1a: Blissey|Stealth Rock|p2a: Maromeo
|-sidestart|p2: Doomingo|move: Stealth Rock
|
|-end|p1a: Blissey|move: Future Sight
|-damage|p1a: Blissey|53/100
|upkeep
|turn|20
|inactive|lyzandro has 120 seconds left.
|
|t:|1776098420
|switch|p1a: Gliscor|Gliscor, F|100/100 tox
|move|p2a: Maromeo|Defog|p1a: Gliscor
|-unboost|p1a: Gliscor|evasion|1
|-sideend|p2: Doomingo|Stealth Rock|[from] move: Defog|[of] p2a: Maromeo
|
|upkeep
|turn|21
|
|t:|1776098427
|switch|p2a: Hippope|Slowking, F|100/100 tox
|move|p1a: Gliscor|Knock Off|p2a: Hippope
|-supereffective|p2a: Hippope
|-damage|p2a: Hippope|52/100 tox
|-enditem|p2a: Hippope|Choice Specs|[from] move: Knock Off|[of] p1a: Gliscor
|
|-damage|p2a: Hippope|46/100 tox|[from] psn
|upkeep
|turn|22
|inactive|lyzandro has 120 seconds left.
|
|t:|1776098444
|move|p1a: Gliscor|Protect|p1a: Gliscor
|-singleturn|p1a: Gliscor|Protect
|move|p2a: Hippope|Ice Beam|p1a: Gliscor
|-activate|p1a: Gliscor|move: Protect
|
|-damage|p2a: Hippope|34/100 tox|[from] psn
|upkeep
|turn|23
|inactive|lyzandro has 120 seconds left.
|
|t:|1776098461
|switch|p1a: Blissey|Blissey, F|53/100
|move|p2a: Hippope|Future Sight|p1a: Blissey
|-start|p2a: Hippope|move: Future Sight
|
|-damage|p2a: Hippope|16/100 tox|[from] psn
|upkeep
|turn|24
|inactive|lyzandro has 120 seconds left.
|
|t:|1776098467
|switch|p2a: Maromeo|Hawlucha, M|100/100
|-ability|p2a: Maromeo|Mold Breaker
|move|p1a: Blissey|Soft-Boiled|p1a: Blissey
|-heal|p1a: Blissey|100/100
|
|upkeep
|turn|25
|
|t:|1776098475
|switch|p1a: Gliscor|Gliscor, F|100/100 tox
|move|p2a: Maromeo|U-turn|p1a: Gliscor
|-resisted|p1a: Gliscor
|-damage|p1a: Gliscor|95/100 tox
|
|t:|1776098479
|switch|p2a: Hippope|Slowking, F|49/100 tox|[from] U-turn
|
|-end|p1a: Gliscor|move: Future Sight
|-damage|p1a: Gliscor|28/100 tox
|-heal|p1a: Gliscor|41/100 tox|[from] ability: Poison Heal
|-damage|p2a: Hippope|43/100 tox|[from] psn
|upkeep
|turn|26
|
|t:|1776098492
|move|p1a: Gliscor|Protect|p1a: Gliscor
|-singleturn|p1a: Gliscor|Protect
|move|p2a: Hippope|Future Sight|p1a: Gliscor
|-start|p2a: Hippope|move: Future Sight
|
|-heal|p1a: Gliscor|53/100 tox|[from] ability: Poison Heal
|-damage|p2a: Hippope|31/100 tox|[from] psn
|upkeep
|turn|27
|
|t:|1776098503
|switch|p1a: Blissey|Blissey, F|100/100
|move|p2a: Hippope|Scald|p1a: Blissey
|-damage|p1a: Blissey|89/100
|
|-damage|p2a: Hippope|12/100 tox|[from] psn
|upkeep
|turn|28
|
|t:|1776098521
|switch|p2a: Maromeo|Hawlucha, M|100/100
|-ability|p2a: Maromeo|Mold Breaker
|move|p1a: Blissey|Stealth Rock|p2a: Maromeo
|-sidestart|p2: Doomingo|move: Stealth Rock
|
|-end|p1a: Blissey|move: Future Sight
|-damage|p1a: Blissey|71/100
|upkeep
|turn|29
|
|t:|1776098531
|switch|p1a: Gliscor|Gliscor, F|53/100 tox
|move|p2a: Maromeo|Close Combat|p1a: Gliscor
|-resisted|p1a: Gliscor
|-damage|p1a: Gliscor|38/100 tox
|-unboost|p2a: Maromeo|def|1
|-unboost|p2a: Maromeo|spd|1
|
|-heal|p1a: Gliscor|50/100 tox|[from] ability: Poison Heal
|upkeep
|turn|30
|
|t:|1776098543
|move|p2a: Maromeo|Close Combat|p1a: Gliscor
|-resisted|p1a: Gliscor
|-damage|p1a: Gliscor|36/100 tox
|-unboost|p2a: Maromeo|def|1
|-unboost|p2a: Maromeo|spd|1
|move|p1a: Gliscor|Knock Off|p2a: Maromeo
|-resisted|p2a: Maromeo
|-damage|p2a: Maromeo|69/100
|-enditem|p2a: Maromeo|Choice Scarf|[from] move: Knock Off|[of] p1a: Gliscor
|
|-heal|p1a: Gliscor|49/100 tox|[from] ability: Poison Heal
|upkeep
|turn|31
|inactive|lyzandro has 120 seconds left.
|
|t:|1776098583
|move|p2a: Maromeo|U-turn|p1a: Gliscor
|-resisted|p1a: Gliscor
|-damage|p1a: Gliscor|42/100 tox
|
|t:|1776098586
|switch|p2a: Hippope|Slowking, F|46/100 tox|[from] U-turn
|-damage|p2a: Hippope|33/100 tox|[from] Stealth Rock
|move|p1a: Gliscor|Toxic|p2a: Hippope
|-fail|p2a: Hippope|tox
|
|-heal|p1a: Gliscor|55/100 tox|[from] ability: Poison Heal
|-damage|p2a: Hippope|27/100 tox|[from] psn
|upkeep
|turn|32
|inactive|lyzandro has 120 seconds left.
|
|t:|1776098593
|move|p1a: Gliscor|Knock Off|p2a: Hippope
|-supereffective|p2a: Hippope
|-damage|p2a: Hippope|0 fnt
|faint|p2a: Hippope
|
|-heal|p1a: Gliscor|67/100 tox|[from] ability: Poison Heal
|upkeep
|
|t:|1776098601
|switch|p2a: Maromeo|Hawlucha, M|69/100
|-damage|p2a: Maromeo|56/100|[from] Stealth Rock
|-ability|p2a: Maromeo|Mold Breaker
|turn|33
|inactive|lyzandro has 120 seconds left.
|
|t:|1776098617
|move|p2a: Maromeo|Defog|p1a: Gliscor
|-unboost|p1a: Gliscor|evasion|1
|-sideend|p2: Doomingo|Stealth Rock|[from] move: Defog|[of] p2a: Maromeo
|move|p1a: Gliscor|Toxic|p2a: Maromeo
|-status|p2a: Maromeo|tox
|
|-damage|p2a: Maromeo|50/100 tox|[from] psn
|-heal|p1a: Gliscor|80/100 tox|[from] ability: Poison Heal
|upkeep
|turn|34
|
|t:|1776098623
|switch|p2a: Soul Gorger|Houndoom, M|100/100
|move|p1a: Gliscor|Knock Off|p2a: Soul Gorger
|-resisted|p2a: Soul Gorger
|-damage|p2a: Soul Gorger|77/100
|-enditem|p2a: Soul Gorger|Focus Sash|[from] move: Knock Off|[of] p1a: Gliscor
|
|-heal|p1a: Gliscor|92/100 tox|[from] ability: Poison Heal
|upkeep
|turn|35
|
|t:|1776098637
|switch|p1a: Blissey|Blissey, F|71/100
|move|p2a: Soul Gorger|Flamethrower|p1a: Blissey
|-damage|p1a: Blissey|63/100
|
|upkeep
|turn|36
|
|t:|1776098650
|switch|p2a: Maromeo|Hawlucha, M|50/100 tox
|-ability|p2a: Maromeo|Mold Breaker
|move|p1a: Blissey|Seismic Toss|p2a: Maromeo
|-damage|p2a: Maromeo|16/100 tox
|
|-damage|p2a: Maromeo|10/100 tox|[from] psn
|upkeep
|turn|37
|
|t:|1776098660
|switch|p1a: Gliscor|Gliscor, F|92/100 tox
|move|p2a: Maromeo|U-turn|p1a: Gliscor
|-resisted|p1a: Gliscor
|-damage|p1a: Gliscor|87/100 tox
|
|t:|1776098665
|switch|p2a: Soul Gorger|Houndoom, M|77/100|[from] U-turn
|
|-heal|p1a: Gliscor|99/100 tox|[from] ability: Poison Heal
|upkeep
|turn|38
|
|t:|1776098678
|switch|p1a: Blissey|Blissey, F|63/100
|move|p2a: Soul Gorger|Flamethrower|p1a: Blissey
|-damage|p1a: Blissey|53/100
|
|upkeep
|turn|39
|
|t:|1776098685
|switch|p2a: Vaporizer|Magnezone|100/100
|move|p1a: Blissey|Soft-Boiled|p1a: Blissey
|-heal|p1a: Blissey|100/100
|
|upkeep
|turn|40
|inactive|lyzandro has 120 seconds left.
|
|t:|1776098715
|move|p2a: Vaporizer|Flash Cannon|p1a: Blissey
|-damage|p1a: Blissey|88/100
|move|p1a: Blissey|Stealth Rock|p2a: Vaporizer
|-sidestart|p2: Doomingo|move: Stealth Rock
|
|upkeep
|turn|41
|
|t:|1776098721
|move|p2a: Vaporizer|Flash Cannon|p1a: Blissey
|-damage|p1a: Blissey|76/100
|move|p1a: Blissey|Seismic Toss|p2a: Vaporizer
|-damage|p2a: Vaporizer|65/100
|
|upkeep
|turn|42
|
|t:|1776098730
|move|p2a: Vaporizer|Flash Cannon|p1a: Blissey
|-damage|p1a: Blissey|65/100
|-unboost|p1a: Blissey|spd|1
|move|p1a: Blissey|Seismic Toss|p2a: Vaporizer
|-damage|p2a: Vaporizer|29/100
|
|upkeep
|turn|43
|
|t:|1776098734
|move|p2a: Vaporizer|Body Press|p1a: Blissey
|-supereffective|p1a: Blissey
|-damage|p1a: Blissey|0 fnt
|faint|p1a: Blissey
|
|upkeep
|
|t:|1776098760
|switch|p1a: Kyurem|Kyurem, tera:Ghost|66/100
|-ability|p1a: Kyurem|Pressure
|turn|44
|
|t:|1776098769
|move|p1a: Kyurem|Earth Power|p2a: Vaporizer
|-supereffective|p2a: Vaporizer
|-crit|p2a: Vaporizer
|-damage|p2a: Vaporizer|0 fnt
|faint|p2a: Vaporizer
|
|-heal|p1a: Kyurem|72/100|[from] item: Leftovers
|upkeep
|
|t:|1776098772
|switch|p2a: Maromeo|Hawlucha, M|10/100 tox
|-damage|p2a: Maromeo|0 fnt|[from] Stealth Rock
|faint|p2a: Maromeo
|
|t:|1776098779
|switch|p2a: Frank|Palossand, F|100/100
|-damage|p2a: Frank|94/100|[from] Stealth Rock
|turn|45
|
|t:|1776098794
|switch|p1a: Corviknight|Corviknight, F|100/100
|-ability|p1a: Corviknight|Pressure
|move|p2a: Frank|Amnesia|p2a: Frank
|-boost|p2a: Frank|spd|2
|
|upkeep
|turn|46
|
|t:|1776098819
|move|p1a: Corviknight|Iron Defense|p1a: Corviknight
|-boost|p1a: Corviknight|def|2
|move|p2a: Frank|Shadow Ball|p1a: Corviknight
|-damage|p1a: Corviknight|72/100
|
|upkeep
|turn|47
|inactive|lyzandro has 120 seconds left.
|inactive|lyzandro has 90 seconds left.
|
|t:|1776098871
|move|p1a: Corviknight|Roost|p1a: Corviknight
|-heal|p1a: Corviknight|100/100
|-singleturn|p1a: Corviknight|move: Roost
|move|p2a: Frank|Shadow Ball|p1a: Corviknight
|-damage|p1a: Corviknight|70/100
|
|upkeep
|turn|48
|inactive|lyzandro has 90 seconds left.
|
|t:|1776098877
|switch|p1a: Kyurem|Kyurem, tera:Ghost|72/100
|-ability|p1a: Kyurem|Pressure
|move|p2a: Frank|Shadow Ball|p1a: Kyurem
|-supereffective|p1a: Kyurem
|-damage|p1a: Kyurem|24/100
|-unboost|p1a: Kyurem|spd|1
|
|-heal|p1a: Kyurem|30/100|[from] item: Leftovers
|upkeep
|turn|49
|
|t:|1776098887
|move|p1a: Kyurem|Freeze-Dry|p2a: Frank
|-supereffective|p2a: Frank
|-damage|p2a: Frank|68/100
|-enditem|p2a: Frank|Weakness Policy
|-boost|p2a: Frank|atk|2|[from] item: Weakness Policy
|-boost|p2a: Frank|spa|2|[from] item: Weakness Policy
|move|p2a: Frank|Amnesia|p2a: Frank
|-boost|p2a: Frank|spd|2
|
|-heal|p1a: Kyurem|36/100|[from] item: Leftovers
|upkeep
|turn|50
|
|t:|1776098900
|move|p1a: Kyurem|Freeze-Dry|p2a: Frank
|-supereffective|p2a: Frank
|-damage|p2a: Frank|50/100
|move|p2a: Frank|Shadow Ball|p1a: Kyurem
|-supereffective|p1a: Kyurem
|-damage|p1a: Kyurem|0 fnt
|faint|p1a: Kyurem
|
|upkeep
|
|t:|1776098905
|switch|p1a: Gliscor|Gliscor, F|99/100 tox
|turn|51
|
|t:|1776098915
|move|p1a: Gliscor|Knock Off|p2a: Frank
|-supereffective|p2a: Frank
|-damage|p2a: Frank|27/100
|move|p2a: Frank|Shadow Ball|p1a: Gliscor
|-damage|p1a: Gliscor|25/100 tox
|-unboost|p1a: Gliscor|spd|1
|
|-heal|p1a: Gliscor|38/100 tox|[from] ability: Poison Heal
|upkeep
|turn|52
|
|t:|1776098926
|move|p1a: Gliscor|Toxic|p2a: Frank|[miss]
|-miss|p1a: Gliscor|p2a: Frank
|move|p2a: Frank|Shore Up|p2a: Frank
|-heal|p2a: Frank|77/100
|
|-heal|p1a: Gliscor|50/100 tox|[from] ability: Poison Heal
|upkeep
|turn|53
|
|t:|1776098943
|move|p1a: Gliscor|Toxic|p2a: Frank
|-status|p2a: Frank|tox
|move|p2a: Frank|Shadow Ball|p1a: Gliscor
|-damage|p1a: Gliscor|0 fnt
|faint|p1a: Gliscor
|
|-damage|p2a: Frank|71/100 tox|[from] psn
|upkeep
|
|t:|1776098948
|switch|p1a: Corviknight|Corviknight, F|70/100
|-ability|p1a: Corviknight|Pressure
|turn|54
|
|t:|1776098953
|move|p1a: Corviknight|Roost|p1a: Corviknight
|-heal|p1a: Corviknight|100/100
|-singleturn|p1a: Corviknight|move: Roost
|move|p2a: Frank|Shadow Ball|p1a: Corviknight
|-damage|p1a: Corviknight|41/100
|
|-damage|p2a: Frank|59/100 tox|[from] psn
|upkeep
|turn|55
|
|t:|1776098961
|move|p1a: Corviknight|Roost|p1a: Corviknight
|-heal|p1a: Corviknight|91/100
|-singleturn|p1a: Corviknight|move: Roost
|move|p2a: Frank|Scorching Sands|p1a: Corviknight
|-supereffective|p1a: Corviknight
|-damage|p1a: Corviknight|0 fnt
|faint|p1a: Corviknight
|
|-damage|p2a: Frank|40/100 tox|[from] psn
|upkeep
|
|t:|1776098975
|switch|p1a: dozo|Dondozo, F|100/100
|turn|56
|
|t:|1776098994
|-terastallize|p2a: Frank|Dragon
|move|p2a: Frank|Shore Up|p2a: Frank
|-heal|p2a: Frank|90/100 tox
|move|p1a: dozo|Rest|p1a: dozo
|-fail|p1a: dozo|heal
|
|-damage|p2a: Frank|65/100 tox|[from] psn
|upkeep
|turn|57
|inactive|lyzandro has 90 seconds left.
|
|t:|1776099015
|switch|p2a: Soul Gorger|Houndoom, M|77/100
|-damage|p2a: Soul Gorger|53/100|[from] Stealth Rock
|move|p1a: dozo|Body Press|p2a: Soul Gorger
|-supereffective|p2a: Soul Gorger
|-damage|p2a: Soul Gorger|0 fnt
|faint|p2a: Soul Gorger
|
|upkeep
|
|t:|1776099021
|switch|p2a: Frank|Palossand, F, tera:Dragon|65/100 tox
|-damage|p2a: Frank|53/100 tox|[from] Stealth Rock
|turn|58
|
|t:|1776099025
|move|p2a: Frank|Shadow Ball|p1a: dozo
|-damage|p1a: dozo|74/100
|move|p1a: dozo|Curse|p1a: dozo
|-unboost|p1a: dozo|spe|1
|-boost|p1a: dozo|atk|1
|-boost|p1a: dozo|def|1
|
|-damage|p2a: Frank|47/100 tox|[from] psn
|upkeep
|turn|59
|
|t:|1776099031
|move|p2a: Frank|Shadow Ball|p1a: dozo
|-damage|p1a: dozo|47/100
|move|p1a: dozo|Body Press|p2a: Frank
|-damage|p2a: Frank|9/100 tox
|
|-damage|p2a: Frank|0 fnt|[from] psn
|faint|p2a: Frank
|
|win|lyzandro
|raw|lyzandro's rating: 1411 &rarr; <strong>1429</strong><br />(+18 for winning)
|raw|Doomingo's rating: 1368 &rarr; <strong>1350</strong><br />(-18 for losing)
|c|☆Doomingo|gg
|l|☆Doomingo
|player|p2|
|c|☆lyzandro|gg
|l|☆lyzandro
|player|p1|
