|html|<div class="broadcast-blue"><strong>[Gen 9] OU is currently suspecting Volcarona! For information on how to participate check out the <a href="https://www.smogon.com/tools/suspects/view/208">suspect thread</a>.</strong></div>
|j|☆volcmyfolk
|j|☆Hero Bomb
|t:|1778512408
|gametype|singles
|player|p1|volcmyfolk|dawn|1148
|player|p2|Hero Bomb|ltsurge|1105
|gen|9
|tier|[Gen 9] OU
|rated|
|rule|HP Percentage Mod: HP is shown in percentages
|rule|Endless Battle Clause: Forcing endless battles is banned
|rule|Species Clause: Limit one of each Pokémon
|rule|OHKO Clause: OHKO moves are banned
|rule|Evasion Items Clause: Evasion items are banned
|rule|Evasion Moves Clause: Evasion moves are banned
|rule|Evasion Abilities Clause: Evasion abilities are banned
|rule|Sleep Moves Clause: Sleep-inducing moves are banned
|clearpoke
|poke|p1|Araquanid, M|
|poke|p1|Feraligatr, F|
|poke|p1|Gholdengo|
|poke|p1|Dragonite, M|
|poke|p1|Hoopa-Unbound|
|poke|p1|Great Tusk|
|poke|p2|Lycanroc-Dusk, F|
|poke|p2|Gholdengo|
|poke|p2|Meowscarada, F|
|poke|p2|Kingambit, F|
|poke|p2|Enamorus, F|
|poke|p2|Great Tusk|
|teampreview
|inactive|Battle timer is ON: inactive players will automatically lose when time's up. (requested by Hero Bomb)
|
|t:|1778512424
|teamsize|p1|6
|teamsize|p2|6
|start
|switch|p1a: Araquanid|Araquanid, M|100/100
|switch|p2a: Meowscarada|Meowscarada, F|100/100
|turn|1
|
|t:|1778512432
|move|p2a: Meowscarada|Spikes|p1a: Araquanid
|-sidestart|p1: volcmyfolk|Spikes
|move|p1a: Araquanid|Sticky Web|p2a: Meowscarada
|-sidestart|p2: Hero Bomb|move: Sticky Web
|
|upkeep
|turn|2
|inactive|volcmyfolk has 120 seconds left.
|
|t:|1778512470
|switch|p2a: Lycanroc|Lycanroc-Dusk, F|100/100
|-activate|p2a: Lycanroc|move: Sticky Web
|-unboost|p2a: Lycanroc|spe|1
|move|p1a: Araquanid|Surf|p2a: Lycanroc
|-supereffective|p2a: Lycanroc
|-damage|p2a: Lycanroc|0 fnt
|faint|p2a: Lycanroc
|
|upkeep
|
|t:|1778512483
|switch|p2a: Gholdengo|Gholdengo|100/100
|-activate|p2a: Gholdengo|move: Sticky Web
|-unboost|p2a: Gholdengo|spe|1
|turn|3
|
|t:|1778512489
|move|p2a: Gholdengo|Trick|p1a: Araquanid
|-activate|p2a: Gholdengo|move: Trick|[of] p1a: Araquanid
|-item|p1a: Araquanid|Choice Scarf|[from] move: Trick
|-item|p2a: Gholdengo|Custap Berry|[from] move: Trick
|move|p1a: Araquanid|Surf|p2a: Gholdengo
|-damage|p2a: Gholdengo|34/100
|
|upkeep
|turn|4
|
|t:|1778512500
|move|p2a: Gholdengo|Make It Rain|p1a: Araquanid
|-resisted|p1a: Araquanid
|-damage|p1a: Araquanid|74/100
|-unboost|p2a: Gholdengo|spa|1
|move|p1a: Araquanid|Surf|p2a: Gholdengo
|-damage|p2a: Gholdengo|0 fnt
|faint|p2a: Gholdengo
|
|upkeep
|
|t:|1778512506
|switch|p2a: Enamorus|Enamorus, F|100/100
|turn|5
|
|t:|1778512509
|move|p2a: Enamorus|Calm Mind|p2a: Enamorus
|-boost|p2a: Enamorus|spa|1
|-boost|p2a: Enamorus|spd|1
|move|p1a: Araquanid|Surf|p2a: Enamorus
|-damage|p2a: Enamorus|51/100
|
|upkeep
|turn|6
|
|t:|1778512514
|move|p2a: Enamorus|Calm Mind|p2a: Enamorus
|-boost|p2a: Enamorus|spa|1
|-boost|p2a: Enamorus|spd|1
|move|p1a: Araquanid|Surf|p2a: Enamorus
|-damage|p2a: Enamorus|11/100
|
|upkeep
|turn|7
|
|t:|1778512518
|move|p2a: Enamorus|Moonblast|p1a: Araquanid
|-damage|p1a: Araquanid|0 fnt
|faint|p1a: Araquanid
|
|upkeep
|
|t:|1778512524
|switch|p1a: Dragonite|Dragonite, M|100/100
|turn|8
|
|t:|1778512530
|move|p1a: Dragonite|Extreme Speed|p2a: Enamorus
|-damage|p2a: Enamorus|0 fnt
|faint|p2a: Enamorus
|
|upkeep
|
|t:|1778512536
|switch|p2a: Great Tusk|Great Tusk|100/100
|-activate|p2a: Great Tusk|move: Sticky Web
|-unboost|p2a: Great Tusk|spe|1
|turn|9
|
|t:|1778512543
|switch|p1a: Gholdengo|Gholdengo|100/100
|-item|p1a: Gholdengo|Air Balloon
|move|p2a: Great Tusk|Rapid Spin|p1a: Gholdengo
|-immune|p1a: Gholdengo
|
|upkeep
|turn|10
|
|t:|1778512551
|move|p1a: Gholdengo|Nasty Plot|p1a: Gholdengo
|-boost|p1a: Gholdengo|spa|2
|move|p2a: Great Tusk|Ice Spinner|p1a: Gholdengo
|-resisted|p1a: Gholdengo
|-crit|p1a: Gholdengo
|-damage|p1a: Gholdengo|81/100
|-enditem|p1a: Gholdengo|Air Balloon
|
|upkeep
|turn|11
|
|t:|1778512555
|move|p1a: Gholdengo|Make It Rain|p2a: Great Tusk
|-damage|p2a: Great Tusk|0 fnt
|-unboost|p1a: Gholdengo|spa|1
|faint|p2a: Great Tusk
|-end|p2a: Great Tusk|Protosynthesis|[silent]
|
|upkeep
|
|t:|1778512559
|switch|p2a: Kingambit|Kingambit, F|100/100
|-activate|p2a: Kingambit|move: Sticky Web
|-unboost|p2a: Kingambit|spe|1
|-activate|p2a: Kingambit|ability: Supreme Overlord
|-start|p2a: Kingambit|fallen4|[silent]
|turn|12
|
|t:|1778512566
|move|p1a: Gholdengo|Nasty Plot|p1a: Gholdengo
|-boost|p1a: Gholdengo|spa|2
|move|p2a: Kingambit|Swords Dance|p2a: Kingambit
|-boost|p2a: Kingambit|atk|2
|
|upkeep
|turn|13
|
|t:|1778512575
|move|p2a: Kingambit|Sucker Punch|p1a: Gholdengo
|-supereffective|p1a: Gholdengo
|-damage|p1a: Gholdengo|0 fnt
|faint|p1a: Gholdengo
|
|upkeep
|
|t:|1778512589
|switch|p1a: Hoopa|Hoopa-Unbound|100/100
|turn|14
|
|t:|1778512594
|move|p2a: Kingambit|Sucker Punch|p1a: Hoopa
|-damage|p1a: Hoopa|0 fnt
|faint|p1a: Hoopa
|
|upkeep
|
|t:|1778512597
|switch|p1a: Great Tusk|Great Tusk|100/100
|turn|15
|
|t:|1778512605
|-terastallize|p2a: Kingambit|Fairy
|move|p1a: Great Tusk|Headlong Rush|p2a: Kingambit
|-damage|p2a: Kingambit|46/100
|-unboost|p1a: Great Tusk|def|1
|-unboost|p1a: Great Tusk|spd|1
|move|p2a: Kingambit|Low Kick|p1a: Great Tusk
|-damage|p1a: Great Tusk|0 fnt
|faint|p1a: Great Tusk
|-end|p1a: Great Tusk|Protosynthesis|[silent]
|
|upkeep
|
|t:|1778512611
|switch|p1a: Feraligatr|Feraligatr, F|100/100
|-damage|p1a: Feraligatr|88/100|[from] Spikes
|turn|16
|
|t:|1778512615
|move|p2a: Kingambit|Sucker Punch||[still]
|-fail|p2a: Kingambit
|move|p1a: Feraligatr|Swords Dance|p1a: Feraligatr
|-boost|p1a: Feraligatr|atk|2
|
|upkeep
|turn|17
|
|t:|1778512620
|move|p1a: Feraligatr|Swords Dance|p1a: Feraligatr
|-boost|p1a: Feraligatr|atk|2
|move|p2a: Kingambit|Kowtow Cleave|p1a: Feraligatr
|-damage|p1a: Feraligatr|0 fnt
|faint|p1a: Feraligatr
|
|upkeep
|
|t:|1778512624
|switch|p1a: Dragonite|Dragonite, M|100/100
|turn|18
|
|t:|1778512635
|move|p1a: Dragonite|Dragon Dance|p1a: Dragonite
|-boost|p1a: Dragonite|atk|1
|-boost|p1a: Dragonite|spe|1
|move|p2a: Kingambit|Kowtow Cleave|p1a: Dragonite
|-damage|p1a: Dragonite|31/100
|
|-heal|p1a: Dragonite|37/100|[from] item: Leftovers
|upkeep
|turn|19
|
|t:|1778512639
|-terastallize|p1a: Dragonite|Normal
|move|p1a: Dragonite|Extreme Speed|p2a: Kingambit
|-damage|p2a: Kingambit|0 fnt
|faint|p2a: Kingambit
|-end|p2a: Kingambit|fallen4|[silent]
|
|-heal|p1a: Dragonite|43/100|[from] item: Leftovers
|upkeep
|
|t:|1778512643
|switch|p2a: Meowscarada|Meowscarada, F|100/100
|-activate|p2a: Meowscarada|move: Sticky Web
|-unboost|p2a: Meowscarada|spe|1
|turn|20
|
|t:|1778512648
|move|p1a: Dragonite|Extreme Speed|p2a: Meowscarada
|-damage|p2a: Meowscarada|2/100
|move|p2a: Meowscarada|Flower Trick|p1a: Dragonite
|-crit|p1a: Dragonite
|-damage|p1a: Dragonite|0 fnt
|faint|p1a: Dragonite
|
|win|Hero Bomb
|raw|volcmyfolk's rating: 1148 &rarr; <strong>1120</strong><br />(-28 for losing)
|raw|Hero Bomb's rating: 1105 &rarr; <strong>1133</strong><br />(+28 for winning)
|c|☆volcmyfolk|gg
|c|☆Hero Bomb|ggs
