|html|<div class="broadcast-blue"><strong>[Gen 9] OU is currently suspecting Volcarona! For information on how to participate check out the <a href="https://www.smogon.com/tools/suspects/view/208">suspect thread</a>.</strong></div>
|badge|p1|bronze|gen9ou|100-9
|uhtml|medal-msg|<div class="broadcast-blue">Curious what those medals under the avatar are? PS now has Ladder Seasons! For more information, check out the <a href="https://www.smogon.com/forums/threads/3740067/">thread on Smogon.</a></div>
|j|☆isaac_gam3r
|j|☆Auburn Hills
|t:|1778506842
|gametype|singles
|player|p1|isaac_gam3r|acetrainer-gen4dp|1797
|player|p2|Auburn Hills|alder|1843
|gen|9
|tier|[Gen 9] OU
|rated|
|rule|HP Percentage Mod: HP is shown in percentages
|rule|Endless Battle Clause: Forcing endless battles is banned
|rule|Species Clause: Limit one of each Pokémon
|rule|OHKO Clause: OHKO moves are banned
|rule|Evasion Items Clause: Evasion items are banned
|rule|Evasion Moves Clause: Evasion moves are banned
|rule|Evasion Abilities Clause: Evasion abilities are banned
|rule|Sleep Moves Clause: Sleep-inducing moves are banned
|clearpoke
|poke|p1|Primarina, F|
|poke|p1|Raging Bolt|
|poke|p1|Heatran, M|
|poke|p1|Weezing-Galar, M|
|poke|p1|Garchomp, M|
|poke|p1|Weavile, M|
|poke|p2|Iron Moth|
|poke|p2|Umbreon, M|
|poke|p2|Garchomp, M|
|poke|p2|Glimmora, M|
|poke|p2|Gholdengo|
|poke|p2|Dragonite, M|
|teampreview
|inactive|Battle timer is ON: inactive players will automatically lose when time's up. (requested by isaac_gam3r)
|
|t:|1778506852
|teamsize|p1|6
|teamsize|p2|6
|start
|switch|p1a: Primarina|Primarina, F, shiny|100/100
|switch|p2a: Julia Jacklin|Glimmora, M|100/100
|turn|1
|
|t:|1778506866
|move|p2a: Julia Jacklin|Sludge Wave|p1a: Primarina
|-supereffective|p1a: Primarina
|-damage|p1a: Primarina|16/100
|move|p1a: Primarina|Sparkling Aria|p2a: Julia Jacklin
|-supereffective|p2a: Julia Jacklin
|-enditem|p2a: Julia Jacklin|Focus Sash
|-damage|p2a: Julia Jacklin|1/100
|
|-heal|p1a: Primarina|22/100|[from] item: Leftovers
|upkeep
|turn|2
|
|t:|1778506870
|move|p2a: Julia Jacklin|Earth Power|p1a: Primarina
|-damage|p1a: Primarina|0 fnt
|faint|p1a: Primarina
|
|upkeep
|
|t:|1778506874
|switch|p1a: Raging Bolt|Raging Bolt|100/100
|turn|3
|j| arturohdez
|
|t:|1778506875
|move|p1a: Raging Bolt|Thunderclap|p2a: Julia Jacklin
|-damage|p2a: Julia Jacklin|0 fnt
|faint|p2a: Julia Jacklin
|
|upkeep
|
|t:|1778506879
|switch|p2a: Rat Tally|Garchomp, M|100/100
|turn|4
|
|t:|1778506883
|-end|p1a: Raging Bolt|Protosynthesis|[silent]
|switch|p1a: Weezing|Weezing-Galar, M, shiny|100/100
|move|p2a: Rat Tally|Earthquake|p1a: Weezing
|-immune|p1a: Weezing|[from] ability: Levitate
|
|upkeep
|turn|5
|
|t:|1778506886
|switch|p2a: Smino|Gholdengo|100/100
|move|p1a: Weezing|Strange Steam|p2a: Smino
|-resisted|p2a: Smino
|-damage|p2a: Smino|86/100
|
|upkeep
|turn|6
|
|t:|1778506888
|switch|p1a: Weavile|Weavile, M|100/100
|-ability|p1a: Weavile|Pressure
|move|p2a: Smino|Trick|p1a: Weavile
|-activate|p2a: Smino|move: Trick|[of] p1a: Weavile
|-item|p1a: Weavile|Choice Scarf|[from] move: Trick
|-item|p2a: Smino|Focus Sash|[from] move: Trick
|
|upkeep
|turn|7
|
|t:|1778506893
|switch|p2a: Alvvays|Umbreon, M|100/100
|move|p1a: Weavile|Knock Off|p2a: Alvvays
|-resisted|p2a: Alvvays
|-damage|p2a: Alvvays|81/100
|-enditem|p2a: Alvvays|Leftovers|[from] move: Knock Off|[of] p1a: Weavile
|
|upkeep
|turn|8
|
|t:|1778506896
|switch|p1a: Weezing|Weezing-Galar, M, shiny|100/100
|switch|p2a: Rat Tally|Garchomp, M|100/100
|
|upkeep
|turn|9
|
|t:|1778506898
|switch|p2a: Smino|Gholdengo|86/100
|switch|p1a: Weavile|Weavile, M|100/100
|-ability|p1a: Weavile|Pressure
|
|upkeep
|turn|10
|j| flamewing_phoenix
|
|t:|1778506901
|move|p1a: Weavile|Triple Axel|p2a: Smino
|-resisted|p2a: Smino
|-damage|p2a: Smino|81/100
|-resisted|p2a: Smino
|-damage|p2a: Smino|69/100
|-resisted|p2a: Smino
|-damage|p2a: Smino|53/100
|-hitcount|p2a: Smino|3
|move|p2a: Smino|Make It Rain|p1a: Weavile
|-supereffective|p1a: Weavile
|-damage|p1a: Weavile|0 fnt
|-unboost|p2a: Smino|spa|1
|faint|p1a: Weavile
|
|upkeep
|
|t:|1778506905
|switch|p1a: Raging Bolt|Raging Bolt|100/100
|turn|11
|
|t:|1778506910
|move|p2a: Smino|Trick|p1a: Raging Bolt
|-activate|p2a: Smino|move: Trick|[of] p1a: Raging Bolt
|-item|p1a: Raging Bolt|Focus Sash|[from] move: Trick
|-item|p2a: Smino|Leftovers|[from] move: Trick
|move|p1a: Raging Bolt|Calm Mind|p1a: Raging Bolt
|-boost|p1a: Raging Bolt|spa|1
|-boost|p1a: Raging Bolt|spd|1
|
|-heal|p2a: Smino|59/100|[from] item: Leftovers
|upkeep
|turn|12
|
|t:|1778506913
|move|p2a: Smino|Shadow Ball|p1a: Raging Bolt
|-damage|p1a: Raging Bolt|86/100
|move|p1a: Raging Bolt|Calm Mind|p1a: Raging Bolt
|-boost|p1a: Raging Bolt|spa|1
|-boost|p1a: Raging Bolt|spd|1
|
|-heal|p2a: Smino|65/100|[from] item: Leftovers
|upkeep
|turn|13
|
|t:|1778506916
|move|p2a: Smino|Shadow Ball|p1a: Raging Bolt
|-damage|p1a: Raging Bolt|75/100
|move|p1a: Raging Bolt|Thunderbolt|p2a: Smino
|-damage|p2a: Smino|0 fnt
|faint|p2a: Smino
|
|upkeep
|j| mad pantser
|
|t:|1778506919
|switch|p2a: Rat Tally|Garchomp, M|100/100
|turn|14
|
|t:|1778506921
|-terastallize|p1a: Raging Bolt|Fairy
|move|p2a: Rat Tally|Earthquake|p1a: Raging Bolt
|-damage|p1a: Raging Bolt|30/100
|move|p1a: Raging Bolt|Dragon Pulse|p2a: Rat Tally
|-supereffective|p2a: Rat Tally
|-damage|p2a: Rat Tally|0 fnt
|faint|p2a: Rat Tally
|
|upkeep
|
|t:|1778506924
|switch|p2a: Elucid|Dragonite, M|100/100
|turn|15
|
|t:|1778506927
|move|p2a: Elucid|Earthquake|p1a: Raging Bolt
|-damage|p1a: Raging Bolt|0 fnt
|faint|p1a: Raging Bolt
|-end|p1a: Raging Bolt|Protosynthesis|[silent]
|
|upkeep
|
|t:|1778506928
|switch|p1a: Weezing|Weezing-Galar, M, shiny|100/100
|turn|16
|
|t:|1778506930
|switch|p2a: Carly Rae|Iron Moth|100/100
|-enditem|p2a: Carly Rae|Booster Energy
|-activate|p2a: Carly Rae|ability: Quark Drive|[fromitem]
|-start|p2a: Carly Rae|quarkdrivespe
|move|p1a: Weezing|Strange Steam|p2a: Carly Rae
|-resisted|p2a: Carly Rae
|-damage|p2a: Carly Rae|94/100
|-start|p2a: Carly Rae|confusion
|
|upkeep
|turn|17
|
|t:|1778506932
|-end|p2a: Carly Rae|Quark Drive|[silent]
|switch|p2a: Elucid|Dragonite, M|100/100
|switch|p1a: Heatran|Heatran, M|100/100
|
|upkeep
|turn|18
|
|t:|1778506935
|switch|p1a: Weezing|Weezing-Galar, M, shiny|100/100
|move|p2a: Elucid|Ice Spinner|p1a: Weezing
|-damage|p1a: Weezing|80/100
|
|-heal|p1a: Weezing|86/100|[from] item: Black Sludge
|upkeep
|turn|19
|
|t:|1778506937
|switch|p2a: Carly Rae|Iron Moth|94/100
|move|p1a: Weezing|Will-O-Wisp|p2a: Carly Rae
|-immune|p2a: Carly Rae
|
|-heal|p1a: Weezing|92/100|[from] item: Black Sludge
|upkeep
|turn|20
|
|t:|1778506940
|switch|p1a: Heatran|Heatran, M|100/100
|move|p2a: Carly Rae|Discharge|p1a: Heatran
|-damage|p1a: Heatran|86/100
|
|upkeep
|turn|21
|
|t:|1778506943
|-end|p2a: Carly Rae|Quark Drive|[silent]
|switch|p2a: Elucid|Dragonite, M|100/100
|move|p1a: Heatran|Lava Plume|p2a: Elucid
|-resisted|p2a: Elucid
|-damage|p2a: Elucid|90/100
|
|upkeep
|turn|22
|
|t:|1778506947
|switch|p2a: Carly Rae|Iron Moth|94/100
|switch|p1a: Weezing|Weezing-Galar, M, shiny|92/100
|
|-heal|p1a: Weezing|98/100|[from] item: Black Sludge
|upkeep
|turn|23
|
|t:|1778506950
|switch|p1a: Heatran|Heatran, M|86/100
|move|p2a: Carly Rae|Discharge|p1a: Heatran
|-damage|p1a: Heatran|70/100
|
|upkeep
|turn|24
|
|t:|1778506952
|-end|p2a: Carly Rae|Quark Drive|[silent]
|switch|p2a: Elucid|Dragonite, M|90/100
|move|p1a: Heatran|Lava Plume|p2a: Elucid
|-resisted|p2a: Elucid
|-damage|p2a: Elucid|68/100
|
|upkeep
|turn|25
|
|t:|1778506955
|switch|p1a: Weezing|Weezing-Galar, M, shiny|98/100
|move|p2a: Elucid|Ice Spinner|p1a: Weezing
|-damage|p1a: Weezing|76/100
|
|-heal|p1a: Weezing|82/100|[from] item: Black Sludge
|upkeep
|turn|26
|
|t:|1778506959
|switch|p2a: Carly Rae|Iron Moth|94/100
|switch|p1a: Heatran|Heatran, M|70/100
|
|upkeep
|turn|27
|
|t:|1778506961
|-end|p2a: Carly Rae|Quark Drive|[silent]
|switch|p2a: Elucid|Dragonite, M|68/100
|move|p1a: Heatran|Power Gem|p2a: Elucid
|-supereffective|p2a: Elucid
|-damage|p2a: Elucid|4/100
|
|upkeep
|turn|28
|
|t:|1778506964
|switch|p2a: Carly Rae|Iron Moth|94/100
|switch|p1a: Weezing|Weezing-Galar, M, shiny|82/100
|
|-heal|p1a: Weezing|88/100|[from] item: Black Sludge
|upkeep
|turn|29
|
|t:|1778506966
|switch|p1a: Heatran|Heatran, M|70/100
|move|p2a: Carly Rae|Fiery Dance|p1a: Heatran
|-start|p1a: Heatran|ability: Flash Fire
|
|upkeep
|turn|30
|
|t:|1778506969
|-end|p2a: Carly Rae|Quark Drive|[silent]
|switch|p2a: Alvvays|Umbreon, M|81/100
|move|p1a: Heatran|Lava Plume|p2a: Alvvays
|-damage|p2a: Alvvays|48/100
|-status|p2a: Alvvays|brn
|
|-damage|p2a: Alvvays|41/100 brn|[from] brn
|upkeep
|turn|31
|
|t:|1778506976
|move|p1a: Heatran|Lava Plume|p2a: Alvvays
|-damage|p2a: Alvvays|10/100 brn
|move|p2a: Alvvays|Thunder Wave|p1a: Heatran
|-status|p1a: Heatran|par
|
|-damage|p2a: Alvvays|4/100 brn|[from] brn
|upkeep
|turn|32
|
|t:|1778506978
|move|p2a: Alvvays|Wish|p2a: Alvvays
|cant|p1a: Heatran|par
|
|-damage|p2a: Alvvays|0 fnt|[from] brn
|faint|p2a: Alvvays
|upkeep
|
|t:|1778506981
|switch|p2a: Elucid|Dragonite, M|4/100
|turn|33
|
|t:|1778506986
|-end|p1a: Heatran|ability: Flash Fire|[silent]
|switch|p1a: Weezing|Weezing-Galar, M, shiny|88/100
|move|p2a: Elucid|Earthquake|p1a: Weezing
|-immune|p1a: Weezing|[from] ability: Levitate
|
|-heal|p2a: Elucid|65/100|[from] move: Wish|[wisher] Alvvays
|-heal|p1a: Weezing|94/100|[from] item: Black Sludge
|upkeep
|turn|34
|
|t:|1778506991
|switch|p2a: Carly Rae|Iron Moth|94/100
|switch|p1a: Garchomp|Garchomp, M|100/100
|
|upkeep
|turn|35
|
|t:|1778506994
|-terastallize|p2a: Carly Rae|Fairy
|move|p1a: Garchomp|Rock Slide|p2a: Carly Rae
|-damage|p2a: Carly Rae|60/100
|move|p2a: Carly Rae|Dazzling Gleam|p1a: Garchomp
|-supereffective|p1a: Garchomp
|-damage|p1a: Garchomp|0 fnt
|faint|p1a: Garchomp
|
|upkeep
|j| Exostentialism
|
|t:|1778506997
|switch|p1a: Heatran|Heatran, M|70/100 par
|turn|36
|
|t:|1778507002
|-end|p2a: Carly Rae|Quark Drive|[silent]
|switch|p2a: Elucid|Dragonite, M|65/100
|move|p1a: Heatran|Power Gem|p2a: Elucid
|-supereffective|p2a: Elucid
|-damage|p2a: Elucid|9/100
|
|upkeep
|turn|37
|
|t:|1778507008
|switch|p2a: Carly Rae|Iron Moth, tera:Fairy|60/100
|switch|p1a: Weezing|Weezing-Galar, M, shiny|94/100
|
|-heal|p1a: Weezing|99/100|[from] item: Black Sludge
|upkeep
|turn|38
|
|t:|1778507010
|switch|p1a: Heatran|Heatran, M|70/100 par
|move|p2a: Carly Rae|Discharge|p1a: Heatran
|-damage|p1a: Heatran|53/100 par
|
|upkeep
|turn|39
|
|t:|1778507013
|move|p2a: Carly Rae|Discharge|p1a: Heatran
|-damage|p1a: Heatran|37/100 par
|cant|p1a: Heatran|par
|
|upkeep
|turn|40
|
|t:|1778507015
|move|p2a: Carly Rae|Discharge|p1a: Heatran
|-damage|p1a: Heatran|22/100 par
|cant|p1a: Heatran|par
|
|upkeep
|turn|41
|
|t:|1778507018
|move|p2a: Carly Rae|Discharge|p1a: Heatran
|-damage|p1a: Heatran|5/100 par
|cant|p1a: Heatran|par
|
|upkeep
|turn|42
|c|☆isaac_gam3r|..
|c|☆isaac_gam3r|Tiene mucha suerte
|
|t:|1778507035
|move|p2a: Carly Rae|Discharge|p1a: Heatran
|-damage|p1a: Heatran|0 fnt
|faint|p1a: Heatran
|
|upkeep
|
|t:|1778507036
|switch|p1a: Weezing|Weezing-Galar, M, shiny|99/100
|turn|43
|
|t:|1778507041
|move|p2a: Carly Rae|Fiery Dance|p1a: Weezing
|-damage|p1a: Weezing|48/100
|-boost|p2a: Carly Rae|spa|1
|move|p1a: Weezing|Strange Steam|p2a: Carly Rae
|-damage|p2a: Carly Rae|30/100
|
|-heal|p1a: Weezing|54/100|[from] item: Black Sludge
|upkeep
|turn|44
|
|t:|1778507044
|move|p2a: Carly Rae|Fiery Dance|p1a: Weezing
|-damage|p1a: Weezing|0 fnt
|faint|p1a: Weezing
|
|win|Auburn Hills
|raw|isaac_gam3r's rating: 1797 &rarr; <strong>1780</strong><br />(-17 for losing)
|raw|Auburn Hills's rating: 1843 &rarr; <strong>1860</strong><br />(+17 for winning)
|l|☆Auburn Hills
|player|p2|
|l|☆isaac_gam3r
|player|p1|
|j|☆isaac_gam3r
|player|p1|isaac_gam3r|acetrainer-gen4dp|
|l| Exostentialism
|l|☆isaac_gam3r
|player|p1|
|l| flamewing_phoenix
|l| mad pantser
