|html|<div class="broadcast-blue"><strong>[Gen 9] OU is currently suspecting Tera Blast! For information on how to participate check out the <a href="https://www.smogon.com/tools/suspects/view/200">suspect thread</a>.</strong></div>
|j|‽gdog6969
|j|☆Oddsin
|t:|1776059462
|gametype|singles
|player|p1|gdog6969|101|1235
|player|p2|Oddsin|gambler|1217
|gen|9
|tier|[Gen 9] OU
|rated|
|rule|HP Percentage Mod: HP is shown in percentages
|rule|Endless Battle Clause: Forcing endless battles is banned
|rule|Species Clause: Limit one of each Pokémon
|rule|OHKO Clause: OHKO moves are banned
|rule|Evasion Items Clause: Evasion items are banned
|rule|Evasion Moves Clause: Evasion moves are banned
|rule|Evasion Abilities Clause: Evasion abilities are banned
|rule|Sleep Moves Clause: Sleep-inducing moves are banned
|clearpoke
|poke|p1|Smeargle, F|
|poke|p1|Cinderace, M|
|poke|p1|Serperior, M|
|poke|p1|Ogerpon, F|
|poke|p1|Rillaboom, F|
|poke|p1|Kingambit, M|
|poke|p2|Scizor, M|
|poke|p2|Meowscarada, M|
|poke|p2|Salamence, F|
|poke|p2|Blastoise, F|
|poke|p2|Porygon2|
|poke|p2|Cinderace, F|
|teampreview
|
|t:|1776059471
|teamsize|p1|6
|teamsize|p2|6
|start
|switch|p1a: Smeargle|Smeargle, F|100/100
|switch|p2a: Meowscarada|Meowscarada, M|100/100
|turn|1
|inactive|Battle timer is ON: inactive players will automatically lose when time's up. (requested by Oddsin)
|
|t:|1776059478
|move|p1a: Smeargle|Burning Bulwark|p1a: Smeargle
|-singleturn|p1a: Smeargle|move: Protect
|move|p2a: Meowscarada|Brick Break|p1a: Smeargle
|-start|p2a: Meowscarada|typechange|Fighting|[from] ability: Protean
|-activate|p1a: Smeargle|move: Protect
|-status|p2a: Meowscarada|brn
|
|-damage|p2a: Meowscarada|94/100 brn|[from] brn
|upkeep
|turn|2
|
|t:|1776059494
|switch|p2a: Salamence|Salamence, F|100/100
|-ability|p2a: Salamence|Intimidate|boost
|-fail|p1a: Smeargle|unboost|Attack|[from] ability: Own Tempo|[of] p1a: Smeargle
|move|p1a: Smeargle|Sticky Web|p2a: Salamence
|-sidestart|p2: Oddsin|move: Sticky Web
|
|upkeep
|turn|3
|
|t:|1776059502
|move|p1a: Smeargle|Nuzzle|p2a: Salamence
|-crit|p2a: Salamence
|-damage|p2a: Salamence|98/100
|-status|p2a: Salamence|par
|cant|p2a: Salamence|par
|
|upkeep
|turn|4
|
|t:|1776059507
|move|p1a: Smeargle|Sticky Web||[still]
|-fail|p1a: Smeargle
|move|p2a: Salamence|Tailwind|p2a: Salamence
|-sidestart|p2: Oddsin|move: Tailwind
|
|upkeep
|turn|5
|
|t:|1776059512
|move|p1a: Smeargle|Court Change|p1a: Smeargle
|-swapsideconditions
|-activate|p1a: Smeargle|move: Court Change
|cant|p2a: Salamence|par
|
|upkeep
|turn|6
|
|t:|1776059516
|move|p1a: Smeargle|Sticky Web|p2a: Salamence
|-sidestart|p2: Oddsin|move: Sticky Web
|move|p2a: Salamence|Draco Meteor|p1a: Smeargle
|-enditem|p1a: Smeargle|Focus Sash
|-damage|p1a: Smeargle|1/100
|-unboost|p2a: Salamence|spa|2
|-enditem|p2a: Salamence|Eject Pack
|
|t:|1776059525
|switch|p2a: Scizor|Scizor, M|100/100
|-activate|p2a: Scizor|move: Sticky Web
|-unboost|p2a: Scizor|spe|1
|
|upkeep
|turn|7
|
|t:|1776059532
|switch|p1a: Kingambit|Kingambit, M|100/100
|-activate|p1a: Kingambit|move: Sticky Web
|-unboost|p1a: Kingambit|spe|1
|-ability|p1a: Kingambit|Defiant|boost
|-boost|p1a: Kingambit|atk|2
|move|p2a: Scizor|Swords Dance|p2a: Scizor
|-boost|p2a: Scizor|atk|2
|
|-sideend|p1: gdog6969|move: Tailwind
|upkeep
|turn|8
|
|t:|1776059540
|move|p1a: Kingambit|Sucker Punch|p2a: Scizor
|-damage|p2a: Scizor|13/100
|move|p2a: Scizor|Close Combat|p1a: Kingambit
|-supereffective|p1a: Kingambit
|-damage|p1a: Kingambit|0 fnt
|-unboost|p2a: Scizor|def|1
|-unboost|p2a: Scizor|spd|1
|faint|p1a: Kingambit
|
|upkeep
|
|t:|1776059548
|switch|p1a: Serperior|Serperior, M|100/100
|-activate|p1a: Serperior|move: Sticky Web
|-boost|p1a: Serperior|spe|1
|turn|9
|
|t:|1776059556
|-terastallize|p1a: Serperior|Fire
|move|p2a: Scizor|Bullet Punch|p1a: Serperior
|-resisted|p1a: Serperior
|-damage|p1a: Serperior|61/100
|move|p1a: Serperior|Leaf Storm|p2a: Scizor
|-resisted|p2a: Scizor
|-damage|p2a: Scizor|0 fnt
|-boost|p1a: Serperior|spa|2
|faint|p2a: Scizor
|
|-heal|p1a: Serperior|67/100|[from] item: Leftovers
|upkeep
|
|t:|1776059567
|switch|p2a: Salamence|Salamence, F|98/100 par
|-ability|p2a: Salamence|Intimidate|boost
|-boost|p1a: Serperior|atk|1
|turn|10
|
|t:|1776059578
|move|p1a: Serperior|Substitute|p1a: Serperior
|-start|p1a: Serperior|Substitute
|-damage|p1a: Serperior|42/100
|move|p2a: Salamence|Hydro Pump|p1a: Serperior|[miss]
|-miss|p2a: Salamence|p1a: Serperior
|
|-heal|p1a: Serperior|49/100|[from] item: Leftovers
|upkeep
|turn|11
|
|t:|1776059584
|move|p1a: Serperior|Leaf Storm|p2a: Salamence
|-resisted|p2a: Salamence
|-damage|p2a: Salamence|70/100 par
|-boost|p1a: Serperior|spa|2
|move|p2a: Salamence|Hydro Pump|p1a: Serperior
|-supereffective|p1a: Serperior
|-end|p1a: Serperior|Substitute
|
|-heal|p1a: Serperior|55/100|[from] item: Leftovers
|upkeep
|turn|12
|inactive|gdog6969 has 120 seconds left.
|
|t:|1776059617
|move|p1a: Serperior|Substitute|p1a: Serperior
|-start|p1a: Serperior|Substitute
|-damage|p1a: Serperior|30/100
|move|p2a: Salamence|Hydro Pump|p1a: Serperior|[miss]
|-miss|p2a: Salamence|p1a: Serperior
|
|-heal|p1a: Serperior|36/100|[from] item: Leftovers
|upkeep
|turn|13
|
|t:|1776059625
|move|p1a: Serperior|Leaf Storm|p2a: Salamence
|-resisted|p2a: Salamence
|-damage|p2a: Salamence|28/100 par
|-boost|p1a: Serperior|spa|2
|move|p2a: Salamence|Hydro Pump|p1a: Serperior
|-supereffective|p1a: Serperior
|-end|p1a: Serperior|Substitute
|
|-heal|p1a: Serperior|42/100|[from] item: Leftovers
|upkeep
|turn|14
|
|t:|1776059634
|move|p1a: Serperior|Tera Blast|p2a: Salamence|[anim] Tera Blast Fire
|-resisted|p2a: Salamence
|-damage|p2a: Salamence|0 fnt
|faint|p2a: Salamence
|
|-heal|p1a: Serperior|49/100|[from] item: Leftovers
|upkeep
|
|t:|1776059642
|switch|p2a: Cinderace|Cinderace, F|100/100
|turn|15
|
|t:|1776059652
|move|p1a: Serperior|Substitute|p1a: Serperior
|-start|p1a: Serperior|Substitute
|-damage|p1a: Serperior|24/100
|move|p2a: Cinderace|High Jump Kick|p1a: Serperior
|-start|p2a: Cinderace|typechange|Fighting|[from] ability: Libero
|-end|p1a: Serperior|Substitute
|
|-heal|p1a: Serperior|30/100|[from] item: Leftovers
|upkeep
|turn|16
|
|t:|1776059661
|move|p1a: Serperior|Tera Blast|p2a: Cinderace|[anim] Tera Blast Fire
|-damage|p2a: Cinderace|0 fnt
|faint|p2a: Cinderace
|
|-heal|p1a: Serperior|36/100|[from] item: Leftovers
|upkeep
|
|t:|1776059669
|switch|p2a: Porygon2|Porygon2, shiny|100/100
|-activate|p2a: Porygon2|move: Sticky Web
|-unboost|p2a: Porygon2|spe|1
|turn|17
|
|t:|1776059675
|move|p1a: Serperior|Tera Blast|p2a: Porygon2|[anim] Tera Blast Fire
|-damage|p2a: Porygon2|20/100
|move|p2a: Porygon2|Charge Beam|p1a: Serperior
|-damage|p1a: Serperior|11/100
|-boost|p2a: Porygon2|spa|1
|
|-heal|p1a: Serperior|17/100|[from] item: Leftovers
|upkeep
|turn|18
|
|t:|1776059682
|move|p1a: Serperior|Tera Blast|p2a: Porygon2|[anim] Tera Blast Fire
|-damage|p2a: Porygon2|0 fnt
|faint|p2a: Porygon2
|
|-heal|p1a: Serperior|24/100|[from] item: Leftovers
|upkeep
|-message|Oddsin forfeited.
|
|win|gdog6969
|raw|gdog6969's rating: 1235 &rarr; <strong>1259</strong><br />(+24 for winning)
|raw|Oddsin's rating: 1217 &rarr; <strong>1193</strong><br />(-24 for losing)
|l|☆Oddsin
|player|p2|
|l|‽gdog6969
|player|p1|
