|html|<div class="broadcast-blue"><strong>[Gen 9] OU is currently suspecting Tera Blast! For information on how to participate check out the <a href="https://www.smogon.com/tools/suspects/view/200">suspect thread</a>.</strong></div>
|j|☆senator_kanto
|j|☆panzershock
|t:|1776097907
|gametype|singles
|player|p1|senator_kanto|acetrainer-gen4|1051
|player|p2|panzershock|266|1071
|gen|9
|tier|[Gen 9] OU
|rated|
|rule|HP Percentage Mod: HP is shown in percentages
|rule|Endless Battle Clause: Forcing endless battles is banned
|rule|Species Clause: Limit one of each Pokémon
|rule|OHKO Clause: OHKO moves are banned
|rule|Evasion Items Clause: Evasion items are banned
|rule|Evasion Moves Clause: Evasion moves are banned
|rule|Evasion Abilities Clause: Evasion abilities are banned
|rule|Sleep Moves Clause: Sleep-inducing moves are banned
|clearpoke
|poke|p1|Clefable, F|
|poke|p1|Ribombee, F|
|poke|p1|Mimikyu, M|
|poke|p1|Alcremie-Matcha-Cream, F|
|poke|p1|Scream Tail|
|poke|p1|Grimmsnarl, M|
|poke|p2|Houndoom, M|
|poke|p2|Wo-Chien|
|poke|p2|Gardevoir, M|
|poke|p2|Hitmontop, M|
|poke|p2|Manaphy|
|poke|p2|Venusaur, F|
|teampreview
|inactive|Battle timer is ON: inactive players will automatically lose when time's up. (requested by senator_kanto)
|inactive|panzershock has 120 seconds left.
|
|t:|1776097953
|teamsize|p1|6
|teamsize|p2|6
|start
|switch|p1a: Grimmsnarl|Grimmsnarl, M|100/100
|switch|p2a: Hitmontop|Hitmontop, M|100/100
|turn|1
|
|t:|1776097972
|move|p1a: Grimmsnarl|Fake Out|p2a: Hitmontop
|-damage|p2a: Hitmontop|87/100
|cant|p2a: Hitmontop|flinch
|
|upkeep
|turn|2
|
|t:|1776097977
|move|p1a: Grimmsnarl|Reflect|p1a: Grimmsnarl
|-sidestart|p1: senator_kanto|Reflect
|move|p2a: Hitmontop|Triple Axel|p1a: Grimmsnarl|[miss]
|-miss|p2a: Hitmontop|p1a: Grimmsnarl
|
|upkeep
|turn|3
|
|t:|1776097985
|switch|p2a: Venusaur|Venusaur, F|100/100
|move|p1a: Grimmsnarl|Light Screen|p1a: Grimmsnarl
|-sidestart|p1: senator_kanto|move: Light Screen
|
|upkeep
|turn|4
|
|t:|1776097989
|move|p1a: Grimmsnarl|Taunt|p2a: Venusaur
|-start|p2a: Venusaur|move: Taunt
|move|p2a: Venusaur|Knock Off|p1a: Grimmsnarl
|-resisted|p1a: Grimmsnarl
|-damage|p1a: Grimmsnarl|98/100
|-enditem|p1a: Grimmsnarl|Leftovers|[from] move: Knock Off|[of] p2a: Venusaur
|
|upkeep
|turn|5
|
|t:|1776097999
|switch|p1a: Alcremie|Alcremie-Matcha-Cream, F|100/100
|move|p2a: Venusaur|Knock Off|p1a: Alcremie
|-resisted|p1a: Alcremie
|-damage|p1a: Alcremie|96/100
|-enditem|p1a: Alcremie|Leftovers|[from] move: Knock Off|[of] p2a: Venusaur
|
|upkeep
|turn|6
|
|t:|1776098005
|move|p2a: Venusaur|Sludge Bomb|p1a: Alcremie
|-supereffective|p1a: Alcremie
|-damage|p1a: Alcremie|68/100
|-status|p1a: Alcremie|psn
|move|p1a: Alcremie|Substitute|p1a: Alcremie
|-start|p1a: Alcremie|Substitute
|-damage|p1a: Alcremie|43/100 psn
|
|-damage|p1a: Alcremie|31/100 psn|[from] psn
|-end|p2a: Venusaur|move: Taunt
|-sideend|p1: senator_kanto|Reflect
|upkeep
|turn|7
|
|t:|1776098020
|move|p2a: Venusaur|Sludge Bomb|p1a: Alcremie
|-supereffective|p1a: Alcremie
|-end|p1a: Alcremie|Substitute
|move|p1a: Alcremie|Calm Mind|p1a: Alcremie
|-boost|p1a: Alcremie|spa|1
|-boost|p1a: Alcremie|spd|1
|
|-damage|p1a: Alcremie|18/100 psn|[from] psn
|-sideend|p1: senator_kanto|move: Light Screen
|upkeep
|turn|8
|
|t:|1776098034
|move|p2a: Venusaur|Sludge Bomb|p1a: Alcremie
|-supereffective|p1a: Alcremie
|-damage|p1a: Alcremie|0 fnt
|faint|p1a: Alcremie
|
|upkeep
|
|t:|1776098045
|switch|p1a: Scream Tail|Scream Tail|100/100
|-enditem|p1a: Scream Tail|Booster Energy
|-activate|p1a: Scream Tail|ability: Protosynthesis|[fromitem]
|-start|p1a: Scream Tail|protosynthesisspe
|turn|9
|
|t:|1776098055
|-terastallize|p1a: Scream Tail|Dark
|move|p1a: Scream Tail|Bulk Up|p1a: Scream Tail
|-boost|p1a: Scream Tail|atk|1
|-boost|p1a: Scream Tail|def|1
|move|p2a: Venusaur|Leech Seed|p1a: Scream Tail
|-start|p1a: Scream Tail|move: Leech Seed
|
|-damage|p1a: Scream Tail|88/100|[from] Leech Seed|[of] p2a: Venusaur
|upkeep
|turn|10
|
|t:|1776098063
|move|p1a: Scream Tail|Bulk Up|p1a: Scream Tail
|-boost|p1a: Scream Tail|atk|1
|-boost|p1a: Scream Tail|def|1
|move|p2a: Venusaur|Giga Drain|p1a: Scream Tail
|-damage|p1a: Scream Tail|65/100
|
|-damage|p1a: Scream Tail|53/100|[from] Leech Seed|[of] p2a: Venusaur
|upkeep
|turn|11
|
|t:|1776098071
|switch|p2a: Wo-Chien|Wo-Chien|100/100
|-ability|p2a: Wo-Chien|Tablets of Ruin
|move|p1a: Scream Tail|Zen Headbutt|p2a: Wo-Chien
|-immune|p2a: Wo-Chien
|
|-damage|p1a: Scream Tail|40/100|[from] Leech Seed|[of] p2a: Wo-Chien
|upkeep
|turn|12
|
|t:|1776098086
|move|p1a: Scream Tail|Play Rough|p2a: Wo-Chien|[miss]
|-miss|p1a: Scream Tail|p2a: Wo-Chien
|move|p2a: Wo-Chien|Giga Drain|p1a: Scream Tail
|-damage|p1a: Scream Tail|15/100
|
|-damage|p1a: Scream Tail|3/100|[from] Leech Seed|[of] p2a: Wo-Chien
|upkeep
|turn|13
|
|t:|1776098098
|switch|p2a: Venusaur|Venusaur, F|100/100
|move|p1a: Scream Tail|Play Rough|p2a: Venusaur
|-resisted|p2a: Venusaur
|-damage|p2a: Venusaur|56/100
|
|-damage|p1a: Scream Tail|0 fnt|[from] Leech Seed|[of] p2a: Venusaur
|-heal|p2a: Venusaur|60/100|[silent]
|faint|p1a: Scream Tail
|-end|p1a: Scream Tail|Protosynthesis|[silent]
|upkeep
|
|t:|1776098109
|switch|p1a: Mimikyu|Mimikyu, M|100/100
|turn|14
|
|t:|1776098115
|move|p2a: Venusaur|Sludge Bomb|p1a: Mimikyu
|-activate|p1a: Mimikyu|ability: Disguise
|-damage|p1a: Mimikyu|100/100
|-status|p1a: Mimikyu|psn
|detailschange|p1a: Mimikyu|Mimikyu-Busted, M
|-damage|p1a: Mimikyu|88/100 psn|[from] pokemon: Mimikyu-Busted
|move|p1a: Mimikyu|Swords Dance|p1a: Mimikyu
|-boost|p1a: Mimikyu|atk|2
|
|-damage|p1a: Mimikyu|76/100 psn|[from] psn
|upkeep
|turn|15
|
|t:|1776098128
|move|p2a: Venusaur|Giga Drain|p1a: Mimikyu
|-damage|p1a: Mimikyu|34/100 psn
|-heal|p2a: Venusaur|83/100|[from] drain|[of] p1a: Mimikyu
|move|p1a: Mimikyu|Shadow Claw|p2a: Venusaur
|-crit|p2a: Venusaur
|-damage|p2a: Venusaur|0 fnt
|faint|p2a: Venusaur
|
|-damage|p1a: Mimikyu|22/100 psn|[from] psn
|upkeep
|
|t:|1776098145
|switch|p2a: Houndoom|Houndoom, M|100/100
|turn|16
|
|t:|1776098166
|move|p2a: Houndoom|Flame Charge|p1a: Mimikyu
|-damage|p1a: Mimikyu|3/100 psn
|-boost|p2a: Houndoom|spe|1
|-damage|p2a: Houndoom|84/100|[from] item: Rocky Helmet|[of] p1a: Mimikyu
|move|p1a: Mimikyu|Drain Punch|p2a: Houndoom
|-supereffective|p2a: Houndoom
|-damage|p2a: Houndoom|0 fnt
|-heal|p1a: Mimikyu|62/100 psn|[from] drain|[of] p2a: Houndoom
|faint|p2a: Houndoom
|
|-damage|p1a: Mimikyu|50/100 psn|[from] psn
|upkeep
|
|t:|1776098180
|switch|p2a: Wo-Chien|Wo-Chien|100/100
|-ability|p2a: Wo-Chien|Tablets of Ruin
|turn|17
|
|t:|1776098187
|-terastallize|p2a: Wo-Chien|Poison
|move|p1a: Mimikyu|Play Rough|p2a: Wo-Chien
|-resisted|p2a: Wo-Chien
|-damage|p2a: Wo-Chien|73/100
|move|p2a: Wo-Chien|Giga Drain|p1a: Mimikyu
|-damage|p1a: Mimikyu|4/100 psn
|-heal|p2a: Wo-Chien|97/100|[from] drain|[of] p1a: Mimikyu
|
|-damage|p1a: Mimikyu|0 fnt|[from] psn
|faint|p1a: Mimikyu
|upkeep
|
|t:|1776098202
|switch|p1a: Ribombee|Ribombee, F, shiny|100/100
|turn|18
|
|t:|1776098209
|move|p1a: Ribombee|Light Screen|p1a: Ribombee
|-sidestart|p1: senator_kanto|move: Light Screen
|move|p2a: Wo-Chien|Leech Seed|p1a: Ribombee
|-start|p1a: Ribombee|move: Leech Seed
|
|-damage|p1a: Ribombee|88/100|[from] Leech Seed|[of] p2a: Wo-Chien
|-heal|p2a: Wo-Chien|100/100|[silent]
|upkeep
|turn|19
|
|t:|1776098214
|move|p1a: Ribombee|Reflect|p1a: Ribombee
|-sidestart|p1: senator_kanto|Reflect
|move|p2a: Wo-Chien|Knock Off|p1a: Ribombee
|-resisted|p1a: Ribombee
|-damage|p1a: Ribombee|76/100
|-enditem|p1a: Ribombee|Light Clay|[from] move: Knock Off|[of] p2a: Wo-Chien
|
|-damage|p1a: Ribombee|64/100|[from] Leech Seed|[of] p2a: Wo-Chien
|upkeep
|turn|20
|
|t:|1776098228
|switch|p2a: Gardevoir|Gardevoir, M|100/100
|-ability|p2a: Gardevoir|Honey Gather|Trace|[from] ability: Trace|[of] p1a: Ribombee
|move|p1a: Ribombee|Stun Spore|p2a: Gardevoir
|-status|p2a: Gardevoir|par
|
|-damage|p1a: Ribombee|51/100|[from] Leech Seed|[of] p2a: Gardevoir
|upkeep
|turn|21
|
|t:|1776098244
|switch|p1a: Clefable|Clefable, F|100/100
|switch|p2a: Manaphy|Manaphy|100/100
|
|upkeep
|turn|22
|
|t:|1776098257
|move|p2a: Manaphy|Knock Off|p1a: Clefable
|-resisted|p1a: Clefable
|-damage|p1a: Clefable|95/100
|-enditem|p1a: Clefable|Life Orb|[from] move: Knock Off|[of] p2a: Manaphy
|move|p1a: Clefable|Calm Mind|p1a: Clefable
|-boost|p1a: Clefable|spa|1
|-boost|p1a: Clefable|spd|1
|
|upkeep
|turn|23
|
|t:|1776098270
|move|p2a: Manaphy|Scald|p1a: Clefable
|-damage|p1a: Clefable|84/100
|-status|p1a: Clefable|brn
|move|p1a: Clefable|Hyper Voice|p2a: Manaphy
|-damage|p2a: Manaphy|68/100
|
|-heal|p2a: Manaphy|75/100|[from] item: Leftovers
|upkeep
|turn|24
|
|t:|1776098288
|move|p2a: Manaphy|Take Heart|p2a: Manaphy
|-boost|p2a: Manaphy|spa|1
|-boost|p2a: Manaphy|spd|1
|move|p1a: Clefable|Calm Mind|p1a: Clefable
|-boost|p1a: Clefable|spa|1
|-boost|p1a: Clefable|spd|1
|
|-heal|p2a: Manaphy|81/100|[from] item: Leftovers
|upkeep
|turn|25
|
|t:|1776098296
|move|p2a: Manaphy|Aqua Ring|p2a: Manaphy
|-start|p2a: Manaphy|Aqua Ring
|move|p1a: Clefable|Alluring Voice|p2a: Manaphy
|-damage|p2a: Manaphy|39/100
|
|-heal|p2a: Manaphy|45/100|[from] item: Leftovers
|-heal|p2a: Manaphy|51/100|[from] Aqua Ring
|-sideend|p1: senator_kanto|move: Light Screen
|upkeep
|turn|26
|
|t:|1776098310
|move|p2a: Manaphy|Scald|p1a: Clefable
|-damage|p1a: Clefable|59/100 brn
|move|p1a: Clefable|Alluring Voice|p2a: Manaphy
|-damage|p2a: Manaphy|10/100
|
|-heal|p2a: Manaphy|16/100|[from] item: Leftovers
|-heal|p2a: Manaphy|22/100|[from] Aqua Ring
|-sideend|p1: senator_kanto|Reflect
|upkeep
|turn|27
|
|t:|1776098325
|move|p2a: Manaphy|Scald|p1a: Clefable
|-crit|p1a: Clefable
|-damage|p1a: Clefable|0 fnt
|faint|p1a: Clefable
|
|-heal|p2a: Manaphy|28/100|[from] item: Leftovers
|-heal|p2a: Manaphy|34/100|[from] Aqua Ring
|upkeep
|-message|senator_kanto forfeited.
|
|win|panzershock
|raw|senator_kanto's rating: 1051 &rarr; <strong>1034</strong><br />(-17 for losing)
|raw|panzershock's rating: 1071 &rarr; <strong>1099</strong><br />(+28 for winning)
|l|☆senator_kanto
|player|p1|
|l|☆panzershock
|player|p2|
