|html|<div class="broadcast-blue"><strong>[Gen 9] OU is currently suspecting Tera Blast! For information on how to participate check out the <a href="https://www.smogon.com/tools/suspects/view/200">suspect thread</a>.</strong></div>
|j|☆Juan_Pablo(ar)
|j|‽flyatnight1234
|t:|1776093966
|gametype|singles
|player|p1|Juan_Pablo(ar)|grimsley-gen7|1388
|player|p2|flyatnight1234|1|1408
|gen|9
|tier|[Gen 9] OU
|rated|
|rule|HP Percentage Mod: HP is shown in percentages
|rule|Endless Battle Clause: Forcing endless battles is banned
|rule|Species Clause: Limit one of each Pokémon
|rule|OHKO Clause: OHKO moves are banned
|rule|Evasion Items Clause: Evasion items are banned
|rule|Evasion Moves Clause: Evasion moves are banned
|rule|Evasion Abilities Clause: Evasion abilities are banned
|rule|Sleep Moves Clause: Sleep-inducing moves are banned
|clearpoke
|poke|p1|Slowking-Galar, M|
|poke|p1|Mandibuzz, F|
|poke|p1|Quagsire, M|
|poke|p1|Alomomola, F|
|poke|p1|Serperior, F|
|poke|p1|Zamazenta-*|
|poke|p2|Garchomp, F|
|poke|p2|Cloyster, M|
|poke|p2|Ninetales-Alola, M|
|poke|p2|Magnezone|
|poke|p2|Kyurem|
|poke|p2|Mew|
|teampreview
|
|t:|1776094059
|teamsize|p1|6
|teamsize|p2|6
|start
|switch|p1a: King Quag|Quagsire, M|100/100
|switch|p2a: Garchomp|Garchomp, F|100/100
|turn|1
|
|t:|1776094068
|move|p2a: Garchomp|Outrage|p1a: King Quag
|-damage|p1a: King Quag|31/100
|move|p1a: King Quag|Stealth Rock|p2a: Garchomp
|-sidestart|p2: flyatnight1234|move: Stealth Rock
|
|-heal|p1a: King Quag|37/100|[from] item: Leftovers
|upkeep
|turn|2
|
|t:|1776094075
|switch|p1a: Alomomola|Alomomola, F|100/100
|move|p2a: Garchomp|Outrage|p1a: Alomomola|[from] lockedmove
|-damage|p1a: Alomomola|49/100
|-damage|p2a: Garchomp|84/100|[from] item: Rocky Helmet|[of] p1a: Alomomola
|-start|p2a: Garchomp|confusion|[fatigue]
|
|upkeep
|turn|3
|
|t:|1776094084
|-activate|p2a: Garchomp|confusion
|move|p2a: Garchomp|Outrage|p1a: Alomomola
|-damage|p1a: Alomomola|0 fnt
|-damage|p2a: Garchomp|67/100|[from] item: Rocky Helmet|[of] p1a: Alomomola
|faint|p1a: Alomomola
|
|upkeep
|c|☆Juan_Pablo(ar)|damn, chill
|
|t:|1776094099
|switch|p1a: Zamazenta|Zamazenta|100/100
|-ability|p1a: Zamazenta|Dauntless Shield|boost
|-boost|p1a: Zamazenta|def|1
|turn|4
|
|t:|1776094103
|move|p1a: Zamazenta|Iron Defense|p1a: Zamazenta
|-boost|p1a: Zamazenta|def|2
|-activate|p2a: Garchomp|confusion
|move|p2a: Garchomp|Outrage|p1a: Zamazenta|[from] lockedmove
|-damage|p1a: Zamazenta|68/100
|
|-heal|p1a: Zamazenta|74/100|[from] item: Leftovers
|upkeep
|turn|5
|
|t:|1776094127
|switch|p2a: Ninetales|Ninetales-Alola, M|100/100
|-damage|p2a: Ninetales|76/100|[from] Stealth Rock
|-weather|Snowscape|[from] ability: Snow Warning|[of] p2a: Ninetales
|move|p1a: Zamazenta|Iron Defense|p1a: Zamazenta
|-boost|p1a: Zamazenta|def|2
|
|-weather|Snowscape|[upkeep]
|-heal|p1a: Zamazenta|80/100|[from] item: Leftovers
|upkeep
|turn|6
|
|t:|1776094140
|move|p1a: Zamazenta|Heavy Slam|p2a: Ninetales
|-supereffective|p2a: Ninetales
|-damage|p2a: Ninetales|0 fnt
|faint|p2a: Ninetales
|
|-weather|Snowscape|[upkeep]
|-heal|p1a: Zamazenta|86/100|[from] item: Leftovers
|upkeep
|inactive|Battle timer is ON: inactive players will automatically lose when time's up. (requested by Juan_Pablo(ar))
|
|t:|1776094206
|switch|p2a: Magnezone|Magnezone|100/100
|-damage|p2a: Magnezone|94/100|[from] Stealth Rock
|turn|7
|
|t:|1776094215
|-terastallize|p2a: Magnezone|Grass
|move|p1a: Zamazenta|Body Press|p2a: Magnezone
|-damage|p2a: Magnezone|4/100
|move|p2a: Magnezone|Thunder Wave|p1a: Zamazenta
|-status|p1a: Zamazenta|par
|
|-weather|Snowscape|[upkeep]
|-heal|p1a: Zamazenta|92/100 par|[from] item: Leftovers
|-heal|p2a: Magnezone|10/100|[from] item: Leftovers
|upkeep
|turn|8
|
|t:|1776094228
|move|p1a: Zamazenta|Body Press|p2a: Magnezone
|-damage|p2a: Magnezone|0 fnt
|faint|p2a: Magnezone
|
|-weather|Snowscape|[upkeep]
|-heal|p1a: Zamazenta|98/100 par|[from] item: Leftovers
|upkeep
|
|t:|1776094235
|switch|p2a: Kyurem|Kyurem|100/100
|-ability|p2a: Kyurem|Pressure
|turn|9
|
|t:|1776094242
|move|p2a: Kyurem|Blizzard|p1a: Zamazenta
|-damage|p1a: Zamazenta|45/100 par
|move|p1a: Zamazenta|Body Press|p2a: Kyurem
|-supereffective|p2a: Kyurem
|-damage|p2a: Kyurem|0 fnt
|faint|p2a: Kyurem
|
|-weather|none
|-heal|p1a: Zamazenta|51/100 par|[from] item: Leftovers
|upkeep
|
|t:|1776094251
|switch|p2a: Mew|Mew|100/100
|-damage|p2a: Mew|88/100|[from] Stealth Rock
|turn|10
|
|t:|1776094260
|-terastallize|p1a: Zamazenta|Steel
|move|p2a: Mew|Calm Mind|p2a: Mew
|-boost|p2a: Mew|spa|1
|-boost|p2a: Mew|spd|1
|move|p1a: Zamazenta|Body Press|p2a: Mew
|-resisted|p2a: Mew
|-damage|p2a: Mew|40/100
|
|-heal|p2a: Mew|46/100|[from] item: Leftovers
|-heal|p1a: Zamazenta|57/100 par|[from] item: Leftovers
|upkeep
|turn|11
|
|t:|1776094272
|move|p2a: Mew|Flamethrower|p1a: Zamazenta
|-supereffective|p1a: Zamazenta
|-damage|p1a: Zamazenta|0 fnt
|faint|p1a: Zamazenta
|
|-heal|p2a: Mew|52/100|[from] item: Leftovers
|upkeep
|
|t:|1776094282
|switch|p1a: Mandibuzz|Mandibuzz, F|100/100
|turn|12
|inactive|flyatnight1234 has 120 seconds left.
|
|t:|1776094313
|move|p2a: Mew|Calm Mind|p2a: Mew
|-boost|p2a: Mew|spa|1
|-boost|p2a: Mew|spd|1
|move|p1a: Mandibuzz|Knock Off|p2a: Mew
|-supereffective|p2a: Mew
|-damage|p2a: Mew|12/100
|-enditem|p2a: Mew|Leftovers|[from] move: Knock Off|[of] p1a: Mandibuzz
|
|upkeep
|turn|13
|
|t:|1776094321
|move|p2a: Mew|Flamethrower|p1a: Mandibuzz
|-damage|p1a: Mandibuzz|66/100
|move|p1a: Mandibuzz|U-turn|p2a: Mew
|-supereffective|p2a: Mew
|-damage|p2a: Mew|0 fnt
|faint|p2a: Mew
|
|t:|1776094340
|switch|p1a: Serperior|Serperior, F, shiny|100/100|[from] U-turn
|
|upkeep
|
|t:|1776094347
|switch|p2a: Garchomp|Garchomp, F|67/100
|-damage|p2a: Garchomp|61/100|[from] Stealth Rock
|turn|14
|
|t:|1776094357
|move|p1a: Serperior|Leaf Storm|p2a: Garchomp
|-damage|p2a: Garchomp|18/100
|-boost|p1a: Serperior|spa|2
|move|p2a: Garchomp|Outrage|p1a: Serperior
|-damage|p1a: Serperior|0 fnt
|faint|p1a: Serperior
|
|upkeep
|
|t:|1776094371
|switch|p1a: Slowking|Slowking-Galar, M|100/100
|turn|15
|
|t:|1776094375
|move|p2a: Garchomp|Outrage|p1a: Slowking|[from] lockedmove
|-damage|p1a: Slowking|0 fnt
|faint|p1a: Slowking
|
|upkeep
|
|t:|1776094380
|switch|p1a: Mandibuzz|Mandibuzz, F|66/100
|turn|16
|
|t:|1776094385
|move|p2a: Garchomp|Outrage|p1a: Mandibuzz|[from] lockedmove
|-damage|p1a: Mandibuzz|0 fnt
|faint|p1a: Mandibuzz
|-start|p2a: Garchomp|confusion|[fatigue]
|
|upkeep
|
|t:|1776094391
|switch|p1a: King Quag|Quagsire, M|37/100
|turn|17
|
|t:|1776094398
|-activate|p2a: Garchomp|confusion
|-damage|p2a: Garchomp|5/100|[from] confusion
|move|p1a: King Quag|Recover|p1a: King Quag
|-heal|p1a: King Quag|87/100
|
|-heal|p1a: King Quag|93/100|[from] item: Leftovers
|upkeep
|turn|18
|
|t:|1776094405
|-end|p2a: Garchomp|confusion
|move|p2a: Garchomp|Outrage|p1a: King Quag
|-damage|p1a: King Quag|22/100
|move|p1a: King Quag|Curse|p1a: King Quag
|-unboost|p1a: King Quag|spe|1
|-boost|p1a: King Quag|atk|1
|-boost|p1a: King Quag|def|1
|
|-heal|p1a: King Quag|28/100|[from] item: Leftovers
|upkeep
|turn|19
|
|t:|1776094415
|move|p2a: Garchomp|Outrage|p1a: King Quag|[from] lockedmove
|-damage|p1a: King Quag|0 fnt
|faint|p1a: King Quag
|-start|p2a: Garchomp|confusion|[fatigue]
|
|win|flyatnight1234
|raw|Juan_Pablo(ar)'s rating: 1388 &rarr; <strong>1369</strong><br />(-19 for losing)
|raw|flyatnight1234's rating: 1408 &rarr; <strong>1427</strong><br />(+19 for winning)
|l|☆Juan_Pablo(ar)
|player|p1|
