|html|<div class="broadcast-blue"><strong>[Gen 9] OU is currently suspecting Tera Blast! For information on how to participate check out the <a href="https://www.smogon.com/tools/suspects/view/200">suspect thread</a>.</strong></div>
|j|☆MASTEROFALLCREATE
|j|☆adjudicate
|t:|1776073159
|gametype|singles
|player|p1|MASTEROFALLCREATE|pokefan-gen4|1146
|player|p2|adjudicate|linebacker|1103
|gen|9
|tier|[Gen 9] OU
|rated|
|rule|HP Percentage Mod: HP is shown in percentages
|rule|Endless Battle Clause: Forcing endless battles is banned
|rule|Species Clause: Limit one of each Pokémon
|rule|OHKO Clause: OHKO moves are banned
|rule|Evasion Items Clause: Evasion items are banned
|rule|Evasion Moves Clause: Evasion moves are banned
|rule|Evasion Abilities Clause: Evasion abilities are banned
|rule|Sleep Moves Clause: Sleep-inducing moves are banned
|clearpoke
|poke|p1|Rillaboom, M|
|poke|p1|Ambipom, M|
|poke|p1|Carbink|
|poke|p1|Bronzong|
|poke|p1|Eelektross, M|
|poke|p1|Tentacruel, F|
|poke|p2|Cinderace, F|
|poke|p2|Torkoal, M|
|poke|p2|Great Tusk|
|poke|p2|Walking Wake|
|poke|p2|Hatterene, F|
|poke|p2|Ting-Lu|
|teampreview
|inactive|Battle timer is ON: inactive players will automatically lose when time's up. (requested by adjudicate)
|
|t:|1776073183
|teamsize|p1|6
|teamsize|p2|6
|start
|switch|p1a: Carbink|Carbink|100/100
|switch|p2a: Cinderace|Cinderace, F|100/100
|turn|1
|
|t:|1776073192
|move|p2a: Cinderace|Iron Head|p1a: Carbink
|-start|p2a: Cinderace|typechange|Steel|[from] ability: Libero
|-supereffective|p1a: Carbink
|-damage|p1a: Carbink|12/100
|-damage|p2a: Cinderace|84/100|[from] item: Rocky Helmet|[of] p1a: Carbink
|move|p1a: Carbink|Body Press|p2a: Cinderace
|-supereffective|p2a: Cinderace
|-damage|p2a: Cinderace|0 fnt
|faint|p2a: Cinderace
|
|upkeep
|
|t:|1776073222
|switch|p2a: Hatterene|Hatterene, F|100/100
|turn|2
|
|t:|1776073231
|move|p1a: Carbink|Rest|p1a: Carbink
|-status|p1a: Carbink|slp|[from] move: Rest
|-heal|p1a: Carbink|100/100 slp|[silent]
|move|p2a: Hatterene|Psychic Noise|p1a: Carbink
|-damage|p1a: Carbink|71/100 slp
|-start|p1a: Carbink|move: Heal Block
|
|upkeep
|turn|3
|
|t:|1776073241
|cant|p1a: Carbink|slp
|move|p1a: Carbink|Sleep Talk|p1a: Carbink
|move|p1a: Carbink|Spikes|p2a: Hatterene|[from] move: Sleep Talk
|move|p2a: Hatterene|Spikes|p1a: Carbink|[from] ability: Magic Bounce
|-sidestart|p1: MASTEROFALLCREATE|Spikes
|move|p2a: Hatterene|Mystical Fire|p1a: Carbink
|-resisted|p1a: Carbink
|-damage|p1a: Carbink|63/100 slp
|-unboost|p1a: Carbink|spa|1
|
|-end|p1a: Carbink|move: Heal Block
|upkeep
|turn|4
|
|t:|1776073252
|switch|p1a: Tentacruel|Tentacruel, F|100/100
|-damage|p1a: Tentacruel|88/100|[from] Spikes
|move|p2a: Hatterene|Psychic Noise|p1a: Tentacruel
|-supereffective|p1a: Tentacruel
|-damage|p1a: Tentacruel|33/100
|-start|p1a: Tentacruel|move: Heal Block
|
|upkeep
|turn|5
|
|t:|1776073256
|move|p1a: Tentacruel|Rapid Spin|p2a: Hatterene
|-damage|p2a: Hatterene|95/100
|-boost|p1a: Tentacruel|spe|1
|-sideend|p1: MASTEROFALLCREATE|Spikes|[from] move: Rapid Spin|[of] p1a: Tentacruel
|move|p2a: Hatterene|Psychic Noise|p1a: Tentacruel
|-supereffective|p1a: Tentacruel
|-damage|p1a: Tentacruel|0 fnt
|faint|p1a: Tentacruel
|
|upkeep
|
|t:|1776073263
|switch|p1a: Ambipom|Ambipom, M|100/100
|turn|6
|
|t:|1776073267
|switch|p2a: Torkoal|Torkoal, M|100/100
|-weather|SunnyDay|[from] ability: Drought|[of] p2a: Torkoal
|move|p1a: Ambipom|Fake Out|p2a: Torkoal
|-damage|p2a: Torkoal|74/100
|-damage|p1a: Ambipom|91/100|[from] item: Life Orb
|
|-weather|SunnyDay|[upkeep]
|upkeep
|turn|7
|
|t:|1776073274
|switch|p1a: Carbink|Carbink|63/100 slp
|move|p2a: Torkoal|Stealth Rock|p1a: Carbink
|-sidestart|p1: MASTEROFALLCREATE|move: Stealth Rock
|
|-weather|SunnyDay|[upkeep]
|upkeep
|turn|8
|
|t:|1776073280
|switch|p2a: Hatterene|Hatterene, F|95/100
|cant|p1a: Carbink|slp
|move|p1a: Carbink|Sleep Talk|p1a: Carbink
|move|p1a: Carbink|Rest||[from] move: Sleep Talk|[still]
|-fail|p1a: Carbink
|
|-weather|SunnyDay|[upkeep]
|upkeep
|turn|9
|
|t:|1776073292
|switch|p1a: Bronzong|Bronzong|100/100
|-damage|p1a: Bronzong|94/100|[from] Stealth Rock
|move|p2a: Hatterene|Mystical Fire|p1a: Bronzong
|-supereffective|p1a: Bronzong
|-damage|p1a: Bronzong|64/100
|-unboost|p1a: Bronzong|spa|1
|
|-weather|SunnyDay|[upkeep]
|-heal|p1a: Bronzong|70/100|[from] item: Leftovers
|upkeep
|turn|10
|
|t:|1776073298
|switch|p2a: Walking Wake|Walking Wake|100/100
|-activate|p2a: Walking Wake|ability: Protosynthesis
|-start|p2a: Walking Wake|protosynthesisspa
|move|p1a: Bronzong|Calm Mind|p1a: Bronzong
|-boost|p1a: Bronzong|spa|1
|-boost|p1a: Bronzong|spd|1
|
|-weather|SunnyDay|[upkeep]
|-heal|p1a: Bronzong|76/100|[from] item: Leftovers
|upkeep
|turn|11
|
|t:|1776073301
|move|p2a: Walking Wake|Hydro Steam|p1a: Bronzong
|-damage|p1a: Bronzong|0 fnt
|faint|p1a: Bronzong
|
|-weather|SunnyDay|[upkeep]
|upkeep
|
|t:|1776073313
|switch|p1a: Ambipom|Ambipom, M|91/100
|-damage|p1a: Ambipom|78/100|[from] Stealth Rock
|turn|12
|
|t:|1776073320
|-end|p2a: Walking Wake|Protosynthesis|[silent]
|switch|p2a: Great Tusk|Great Tusk|100/100
|-activate|p2a: Great Tusk|ability: Protosynthesis
|-start|p2a: Great Tusk|protosynthesisatk
|move|p1a: Ambipom|Fake Out|p2a: Great Tusk
|-damage|p2a: Great Tusk|77/100
|-damage|p1a: Ambipom|68/100|[from] item: Life Orb
|
|-weather|SunnyDay|[upkeep]
|upkeep
|turn|13
|
|t:|1776073324
|move|p2a: Great Tusk|Close Combat|p1a: Ambipom
|-supereffective|p1a: Ambipom
|-damage|p1a: Ambipom|0 fnt
|-unboost|p2a: Great Tusk|def|1
|-unboost|p2a: Great Tusk|spd|1
|faint|p1a: Ambipom
|
|-weather|none
|-end|p2a: Great Tusk|Protosynthesis
|upkeep
|
|t:|1776073329
|switch|p1a: Rillaboom|Rillaboom, M|100/100
|-damage|p1a: Rillaboom|88/100|[from] Stealth Rock
|-fieldstart|move: Grassy Terrain|[from] ability: Grassy Surge|[of] p1a: Rillaboom
|turn|14
|
|t:|1776073339
|-end|p2a: Great Tusk|Protosynthesis|[silent]
|switch|p2a: Torkoal|Torkoal, M|74/100
|-weather|SunnyDay|[from] ability: Drought|[of] p2a: Torkoal
|move|p1a: Rillaboom|Grassy Glide|p2a: Torkoal
|-resisted|p2a: Torkoal
|-damage|p2a: Torkoal|55/100
|
|-weather|SunnyDay|[upkeep]
|-heal|p1a: Rillaboom|94/100|[from] Grassy Terrain
|-heal|p2a: Torkoal|61/100|[from] Grassy Terrain
|upkeep
|turn|15
|
|t:|1776073344
|switch|p1a: Carbink|Carbink|63/100 slp
|-damage|p1a: Carbink|51/100 slp|[from] Stealth Rock
|move|p2a: Torkoal|Flamethrower|p1a: Carbink
|-resisted|p1a: Carbink
|-damage|p1a: Carbink|36/100 slp
|
|-weather|SunnyDay|[upkeep]
|-heal|p1a: Carbink|42/100 slp|[from] Grassy Terrain
|-heal|p2a: Torkoal|67/100|[from] Grassy Terrain
|upkeep
|turn|16
|
|t:|1776073348
|switch|p2a: Hatterene|Hatterene, F|95/100
|-curestatus|p1a: Carbink|slp|[msg]
|move|p1a: Carbink|Body Press|p2a: Hatterene
|-resisted|p2a: Hatterene
|-damage|p2a: Hatterene|88/100
|
|-weather|SunnyDay|[upkeep]
|-heal|p1a: Carbink|48/100|[from] Grassy Terrain
|-heal|p2a: Hatterene|94/100|[from] Grassy Terrain
|upkeep
|turn|17
|
|t:|1776073356
|move|p1a: Carbink|Rest|p1a: Carbink
|-status|p1a: Carbink|slp|[from] move: Rest
|-heal|p1a: Carbink|100/100 slp|[silent]
|move|p2a: Hatterene|Psychic Noise|p1a: Carbink
|-damage|p1a: Carbink|72/100 slp
|-start|p1a: Carbink|move: Heal Block
|
|-weather|SunnyDay|[upkeep]
|-heal|p2a: Hatterene|99/100|[from] Grassy Terrain
|upkeep
|turn|18
|
|t:|1776073360
|switch|p1a: Eelektross|Eelektross, M|100/100
|-damage|p1a: Eelektross|88/100|[from] Stealth Rock
|move|p2a: Hatterene|Mystical Fire|p1a: Eelektross
|-damage|p1a: Eelektross|64/100
|-unboost|p1a: Eelektross|spa|1
|
|-weather|SunnyDay|[upkeep]
|-heal|p2a: Hatterene|100/100|[from] Grassy Terrain
|-fieldend|move: Grassy Terrain
|upkeep
|turn|19
|
|t:|1776073366
|switch|p2a: Ting-Lu|Ting-Lu|100/100
|-ability|p2a: Ting-Lu|Vessel of Ruin
|move|p1a: Eelektross|Flamethrower|p2a: Ting-Lu
|-damage|p2a: Ting-Lu|88/100
|-enditem|p2a: Ting-Lu|Red Card|[of] p1a: Eelektross
|drag|p1a: Rillaboom|Rillaboom, M|94/100
|-damage|p1a: Rillaboom|82/100|[from] Stealth Rock
|-fieldstart|move: Grassy Terrain|[from] ability: Grassy Surge|[of] p1a: Rillaboom
|
|-weather|SunnyDay|[upkeep]
|-heal|p1a: Rillaboom|88/100|[from] Grassy Terrain
|-heal|p2a: Ting-Lu|94/100|[from] Grassy Terrain
|upkeep
|turn|20
|
|t:|1776073383
|switch|p2a: Torkoal|Torkoal, M|67/100
|move|p1a: Rillaboom|Grassy Glide|p2a: Torkoal
|-resisted|p2a: Torkoal
|-damage|p2a: Torkoal|47/100
|
|-weather|SunnyDay|[upkeep]
|-heal|p1a: Rillaboom|94/100|[from] Grassy Terrain
|-heal|p2a: Torkoal|53/100|[from] Grassy Terrain
|upkeep
|turn|21
|
|t:|1776073389
|switch|p1a: Carbink|Carbink|72/100 slp
|-damage|p1a: Carbink|60/100 slp|[from] Stealth Rock
|move|p2a: Torkoal|Earth Power|p1a: Carbink
|-supereffective|p1a: Carbink
|-damage|p1a: Carbink|31/100 slp
|-unboost|p1a: Carbink|spd|1
|
|-weather|none
|-heal|p1a: Carbink|36/100 slp|[from] Grassy Terrain
|-heal|p2a: Torkoal|59/100|[from] Grassy Terrain
|upkeep
|turn|22
|
|t:|1776073398
|switch|p1a: Eelektross|Eelektross, M|64/100
|-damage|p1a: Eelektross|52/100|[from] Stealth Rock
|move|p2a: Torkoal|Earth Power|p1a: Eelektross
|-immune|p1a: Eelektross|[from] ability: Levitate
|
|-heal|p2a: Torkoal|65/100|[from] Grassy Terrain
|upkeep
|turn|23
|
|t:|1776073408
|switch|p2a: Ting-Lu|Ting-Lu|94/100
|-ability|p2a: Ting-Lu|Vessel of Ruin
|move|p1a: Eelektross|Discharge|p2a: Ting-Lu
|-immune|p2a: Ting-Lu
|
|-heal|p2a: Ting-Lu|100/100|[from] Grassy Terrain
|-fieldend|move: Grassy Terrain
|upkeep
|turn|24
|
|t:|1776073421
|move|p1a: Eelektross|Giga Drain|p2a: Ting-Lu
|-supereffective|p2a: Ting-Lu
|-damage|p2a: Ting-Lu|78/100
|-heal|p1a: Eelektross|71/100|[from] drain|[of] p2a: Ting-Lu
|move|p2a: Ting-Lu|Earthquake|p1a: Eelektross
|-immune|p1a: Eelektross|[from] ability: Levitate
|
|upkeep
|turn|25
|
|t:|1776073427
|switch|p1a: Rillaboom|Rillaboom, M|94/100
|-damage|p1a: Rillaboom|82/100|[from] Stealth Rock
|-fieldstart|move: Grassy Terrain|[from] ability: Grassy Surge|[of] p1a: Rillaboom
|move|p2a: Ting-Lu|Spikes|p1a: Rillaboom
|-sidestart|p1: MASTEROFALLCREATE|Spikes
|
|-heal|p1a: Rillaboom|88/100|[from] Grassy Terrain
|-heal|p2a: Ting-Lu|84/100|[from] Grassy Terrain
|upkeep
|turn|26
|
|t:|1776073436
|move|p1a: Rillaboom|High Horsepower|p2a: Ting-Lu
|-damage|p2a: Ting-Lu|64/100
|move|p2a: Ting-Lu|Ruination|p1a: Rillaboom
|-damage|p1a: Rillaboom|44/100
|
|-heal|p1a: Rillaboom|51/100|[from] Grassy Terrain
|-heal|p2a: Ting-Lu|70/100|[from] Grassy Terrain
|upkeep
|turn|27
|
|t:|1776073442
|switch|p1a: Eelektross|Eelektross, M|71/100
|-damage|p1a: Eelektross|58/100|[from] Stealth Rock
|move|p2a: Ting-Lu|Whirlwind|p1a: Eelektross
|drag|p1a: Carbink|Carbink|36/100 slp
|-damage|p1a: Carbink|24/100 slp|[from] Stealth Rock
|-damage|p1a: Carbink|12/100 slp|[from] Spikes
|
|-heal|p1a: Carbink|18/100 slp|[from] Grassy Terrain
|-heal|p2a: Ting-Lu|76/100|[from] Grassy Terrain
|upkeep
|turn|28
|
|t:|1776073449
|cant|p1a: Carbink|slp
|move|p1a: Carbink|Sleep Talk|p1a: Carbink
|move|p1a: Carbink|Spikes|p2a: Ting-Lu|[from] move: Sleep Talk
|-sidestart|p2: adjudicate|Spikes
|move|p2a: Ting-Lu|Earthquake|p1a: Carbink
|-supereffective|p1a: Carbink
|-damage|p1a: Carbink|0 fnt
|faint|p1a: Carbink
|
|-heal|p2a: Ting-Lu|83/100|[from] Grassy Terrain
|upkeep
|
|t:|1776073461
|switch|p1a: Eelektross|Eelektross, M|58/100
|-damage|p1a: Eelektross|46/100|[from] Stealth Rock
|turn|29
|
|t:|1776073468
|switch|p2a: Hatterene|Hatterene, F|100/100
|-damage|p2a: Hatterene|88/100|[from] Spikes
|move|p1a: Eelektross|Giga Drain|p2a: Hatterene
|-damage|p2a: Hatterene|77/100
|-heal|p1a: Eelektross|52/100|[from] drain|[of] p2a: Hatterene
|
|-heal|p2a: Hatterene|83/100|[from] Grassy Terrain
|-fieldend|move: Grassy Terrain
|upkeep
|turn|30
|
|t:|1776073474
|move|p1a: Eelektross|Discharge|p2a: Hatterene
|-damage|p2a: Hatterene|63/100
|move|p2a: Hatterene|Mystical Fire|p1a: Eelektross
|-damage|p1a: Eelektross|36/100
|-unboost|p1a: Eelektross|spa|1
|
|upkeep
|turn|31
|
|t:|1776073482
|move|p1a: Eelektross|Discharge|p2a: Hatterene
|-damage|p2a: Hatterene|51/100
|move|p2a: Hatterene|Mystical Fire|p1a: Eelektross
|-damage|p1a: Eelektross|21/100
|-unboost|p1a: Eelektross|spa|1
|
|upkeep
|turn|32
|
|t:|1776073485
|move|p1a: Eelektross|Discharge|p2a: Hatterene
|-damage|p2a: Hatterene|39/100
|-status|p2a: Hatterene|par
|move|p2a: Hatterene|Mystical Fire|p1a: Eelektross
|-damage|p1a: Eelektross|5/100
|-unboost|p1a: Eelektross|spa|1
|
|upkeep
|turn|33
|
|t:|1776073489
|move|p1a: Eelektross|Giga Drain|p2a: Hatterene
|-damage|p2a: Hatterene|35/100 par
|-heal|p1a: Eelektross|8/100|[from] drain|[of] p2a: Hatterene
|move|p2a: Hatterene|Mystical Fire|p1a: Eelektross
|-damage|p1a: Eelektross|0 fnt
|faint|p1a: Eelektross
|
|upkeep
|
|t:|1776073491
|switch|p1a: Rillaboom|Rillaboom, M|51/100
|-damage|p1a: Rillaboom|38/100|[from] Stealth Rock
|-damage|p1a: Rillaboom|26/100|[from] Spikes
|-fieldstart|move: Grassy Terrain|[from] ability: Grassy Surge|[of] p1a: Rillaboom
|turn|34
|
|t:|1776073494
|-terastallize|p1a: Rillaboom|Grass
|move|p1a: Rillaboom|Grassy Glide|p2a: Hatterene
|-damage|p2a: Hatterene|0 fnt
|faint|p2a: Hatterene
|
|-heal|p1a: Rillaboom|32/100|[from] Grassy Terrain
|upkeep
|
|t:|1776073500
|switch|p2a: Walking Wake|Walking Wake|100/100
|-damage|p2a: Walking Wake|88/100|[from] Spikes
|turn|35
|
|t:|1776073504
|move|p1a: Rillaboom|Grassy Glide|p2a: Walking Wake
|-damage|p2a: Walking Wake|6/100
|move|p2a: Walking Wake|Hydro Steam|p1a: Rillaboom
|-resisted|p1a: Rillaboom
|-damage|p1a: Rillaboom|0 fnt
|faint|p1a: Rillaboom
|
|win|adjudicate
|raw|MASTEROFALLCREATE's rating: 1146 &rarr; <strong>1118</strong><br />(-28 for losing)
|raw|adjudicate's rating: 1103 &rarr; <strong>1131</strong><br />(+28 for winning)
|l|☆MASTEROFALLCREATE
|player|p1|
|l|☆adjudicate
|player|p2|
