|html|<div class="broadcast-blue"><strong>[Gen 9] OU is currently suspecting Tera Blast! For information on how to participate check out the <a href="https://www.smogon.com/tools/suspects/view/200">suspect thread</a>.</strong></div>
|j|☆Azukares
|j|☆Everybody5cream
|t:|1776044220
|gametype|singles
|player|p1|Azukares|neroli|1044
|player|p2|Everybody5cream|101|1096
|gen|9
|tier|[Gen 9] OU
|rated|
|rule|HP Percentage Mod: HP is shown in percentages
|rule|Endless Battle Clause: Forcing endless battles is banned
|rule|Species Clause: Limit one of each Pokémon
|rule|OHKO Clause: OHKO moves are banned
|rule|Evasion Items Clause: Evasion items are banned
|rule|Evasion Moves Clause: Evasion moves are banned
|rule|Evasion Abilities Clause: Evasion abilities are banned
|rule|Sleep Moves Clause: Sleep-inducing moves are banned
|clearpoke
|poke|p1|Gardevoir, F|
|poke|p1|Vaporeon, F|
|poke|p1|Tsareena, F|
|poke|p1|Meloetta|
|poke|p1|Cinderace, F|
|poke|p1|Enamorus, F|
|poke|p2|Tyranitar, M|
|poke|p2|Excadrill, M|
|poke|p2|Tornadus-Therian, M|
|poke|p2|Tinkaton, F|
|poke|p2|Sinistcha|
|poke|p2|Toxapex, M|
|teampreview
|inactive|Battle timer is ON: inactive players will automatically lose when time's up. (requested by Azukares)
|inactive|Azukares has 120 seconds left.
|
|t:|1776044268
|teamsize|p1|6
|teamsize|p2|6
|start
|switch|p1a: Vaporeon|Vaporeon, F|100/100
|switch|p2a: Tinkaton|Tinkaton, F, shiny|100/100
|-item|p2a: Tinkaton|Air Balloon
|turn|1
|
|t:|1776044273
|move|p2a: Tinkaton|Stealth Rock|p1a: Vaporeon
|-sidestart|p1: Azukares|move: Stealth Rock
|move|p1a: Vaporeon|Wish|p1a: Vaporeon
|
|upkeep
|turn|2
|
|t:|1776044281
|move|p2a: Tinkaton|Encore|p1a: Vaporeon
|-start|p1a: Vaporeon|Encore
|move|p1a: Vaporeon|Wish||[still]
|-fail|p1a: Vaporeon
|
|upkeep
|turn|3
|
|t:|1776044290
|switch|p2a: Toxapex|Toxapex, M, shiny|100/100
|switch|p1a: Tsareena|Tsareena, F|100/100
|
|upkeep
|turn|4
|
|t:|1776044301
|move|p1a: Tsareena|Knock Off|p2a: Toxapex
|-damage|p2a: Toxapex|77/100
|-enditem|p2a: Toxapex|Eject Button|[from] move: Knock Off|[of] p1a: Tsareena
|move|p2a: Toxapex|Toxic|p1a: Tsareena
|-status|p1a: Tsareena|tox
|
|-damage|p1a: Tsareena|95/100 tox|[from] psn
|upkeep
|turn|5
|
|t:|1776044307
|move|p1a: Tsareena|Rapid Spin|p2a: Toxapex
|-damage|p2a: Toxapex|64/100
|-boost|p1a: Tsareena|spe|1
|-sideend|p1: Azukares|Stealth Rock|[from] move: Rapid Spin|[of] p1a: Tsareena
|move|p2a: Toxapex|Toxic Spikes|p1a: Tsareena
|-sidestart|p1: Azukares|move: Toxic Spikes
|
|-damage|p1a: Tsareena|83/100 tox|[from] psn
|upkeep
|turn|6
|
|t:|1776044314
|move|p1a: Tsareena|Knock Off|p2a: Toxapex
|-damage|p2a: Toxapex|47/100
|move|p2a: Toxapex|Toxic Spikes|p1a: Tsareena
|-sidestart|p1: Azukares|move: Toxic Spikes
|
|-damage|p1a: Tsareena|65/100 tox|[from] psn
|upkeep
|turn|7
|
|t:|1776044318
|switch|p2a: Sinistcha|Sinistcha, shiny|100/100
|move|p1a: Tsareena|Rapid Spin|p2a: Sinistcha
|-immune|p2a: Sinistcha
|
|-damage|p1a: Tsareena|41/100 tox|[from] psn
|upkeep
|turn|8
|
|t:|1776044323
|move|p1a: Tsareena|Knock Off|p2a: Sinistcha
|-supereffective|p2a: Sinistcha
|-damage|p2a: Sinistcha|54/100
|-enditem|p2a: Sinistcha|Leftovers|[from] move: Knock Off|[of] p1a: Tsareena
|move|p2a: Sinistcha|Strength Sap|p1a: Tsareena
|-unboost|p1a: Tsareena|atk|1
|-heal|p2a: Sinistcha|100/100
|
|-damage|p1a: Tsareena|11/100 tox|[from] psn
|upkeep
|turn|9
|
|t:|1776044332
|move|p1a: Tsareena|Rapid Spin|p2a: Sinistcha
|-immune|p2a: Sinistcha
|move|p2a: Sinistcha|Calm Mind|p2a: Sinistcha
|-boost|p2a: Sinistcha|spa|1
|-boost|p2a: Sinistcha|spd|1
|
|-damage|p1a: Tsareena|0 fnt|[from] psn
|faint|p1a: Tsareena
|upkeep
|
|t:|1776044336
|switch|p1a: Cinderace|Cinderace, F|100/100
|turn|10
|
|t:|1776044343
|switch|p2a: Toxapex|Toxapex, M, shiny|80/100
|move|p1a: Cinderace|Pyro Ball|p2a: Toxapex
|-resisted|p2a: Toxapex
|-damage|p2a: Toxapex|58/100
|
|upkeep
|turn|11
|
|t:|1776044349
|move|p1a: Cinderace|Court Change|p1a: Cinderace
|-start|p1a: Cinderace|typechange|Normal|[from] ability: Libero
|-swapsideconditions
|-activate|p1a: Cinderace|move: Court Change
|move|p2a: Toxapex|Toxic|p1a: Cinderace
|-status|p1a: Cinderace|tox
|
|-damage|p1a: Cinderace|95/100 tox|[from] psn
|upkeep
|turn|12
|
|t:|1776044356
|switch|p1a: Gardevoir|Gardevoir, F, shiny|100/100
|-ability|p1a: Gardevoir|Regenerator|Trace|[from] ability: Trace|[of] p2a: Toxapex
|move|p2a: Toxapex|Recover|p2a: Toxapex
|-heal|p2a: Toxapex|100/100
|
|upkeep
|turn|13
|
|t:|1776044375
|switch|p2a: Tornadus|Tornadus-Therian, M, shiny|100/100
|move|p1a: Gardevoir|Moonblast|p2a: Tornadus
|-damage|p2a: Tornadus|30/100
|
|upkeep
|turn|14
|
|t:|1776044392
|switch|p1a: Enamorus|Enamorus, F|100/100
|switch|p2a: Tinkaton|Tinkaton, F, shiny|100/100
|-item|p2a: Tinkaton|Air Balloon
|
|upkeep
|turn|15
|
|t:|1776044400
|switch|p1a: Vaporeon|Vaporeon, F|100/100
|move|p2a: Tinkaton|Gigaton Hammer|p1a: Vaporeon
|-resisted|p1a: Vaporeon
|-damage|p1a: Vaporeon|66/100
|
|-heal|p1a: Vaporeon|72/100|[from] item: Leftovers
|upkeep
|turn|16
|
|t:|1776044412
|move|p2a: Tinkaton|Stealth Rock|p1a: Vaporeon
|-sidestart|p1: Azukares|move: Stealth Rock
|move|p1a: Vaporeon|Scald|p2a: Tinkaton
|-damage|p2a: Tinkaton|67/100
|-enditem|p2a: Tinkaton|Air Balloon
|
|-heal|p1a: Vaporeon|78/100|[from] item: Leftovers
|upkeep
|turn|17
|
|t:|1776044428
|switch|p2a: Toxapex|Toxapex, M, shiny|100/100
|-sideend|p2: Everybody5cream|move: Toxic Spikes|[of] p2a: Toxapex
|move|p1a: Vaporeon|Wish|p1a: Vaporeon
|
|-heal|p1a: Vaporeon|84/100|[from] item: Leftovers
|upkeep
|turn|18
|
|t:|1776044433
|switch|p1a: Cinderace|Cinderace, F|95/100 tox
|move|p2a: Toxapex|Toxic|p1a: Cinderace
|-fail|p1a: Cinderace|tox
|
|-heal|p1a: Cinderace|100/100 tox|[from] move: Wish|[wisher] Vaporeon
|-damage|p1a: Cinderace|95/100 tox|[from] psn
|upkeep
|turn|19
|
|t:|1776044439
|move|p1a: Cinderace|Court Change|p1a: Cinderace
|-start|p1a: Cinderace|typechange|Normal|[from] ability: Libero
|-swapsideconditions
|-activate|p1a: Cinderace|move: Court Change
|move|p2a: Toxapex|Recover||[still]
|-fail|p2a: Toxapex|heal
|
|-damage|p1a: Cinderace|83/100 tox|[from] psn
|upkeep
|turn|20
|
|t:|1776044445
|move|p1a: Cinderace|U-turn|p2a: Toxapex
|-resisted|p2a: Toxapex
|-damage|p2a: Toxapex|93/100
|
|t:|1776044447
|switch|p1a: Gardevoir|Gardevoir, F, shiny|100/100|[from] U-turn
|-ability|p1a: Gardevoir|Regenerator|Trace|[from] ability: Trace|[of] p2a: Toxapex
|move|p2a: Toxapex|Haze|p2a: Toxapex
|-clearallboost
|
|upkeep
|turn|21
|
|t:|1776044454
|move|p1a: Gardevoir|Psychic|p2a: Toxapex
|-supereffective|p2a: Toxapex
|-crit|p2a: Toxapex
|-damage|p2a: Toxapex|0 fnt
|faint|p2a: Toxapex
|
|upkeep
|
|t:|1776044462
|switch|p2a: Excadrill|Excadrill, M, shiny|100/100
|-damage|p2a: Excadrill|97/100|[from] Stealth Rock
|turn|22
|
|t:|1776044467
|switch|p1a: Vaporeon|Vaporeon, F|84/100
|move|p2a: Excadrill|Substitute|p2a: Excadrill
|-start|p2a: Excadrill|Substitute
|-damage|p2a: Excadrill|73/100
|
|-heal|p2a: Excadrill|79/100|[from] item: Leftovers
|-heal|p1a: Vaporeon|91/100|[from] item: Leftovers
|upkeep
|turn|23
|
|t:|1776044471
|move|p2a: Excadrill|Rapid Spin|p1a: Vaporeon
|-damage|p1a: Vaporeon|68/100
|-boost|p2a: Excadrill|spe|1
|-sideend|p2: Everybody5cream|Stealth Rock|[from] move: Rapid Spin|[of] p2a: Excadrill
|move|p1a: Vaporeon|Scald|p2a: Excadrill
|-supereffective|p2a: Excadrill
|-crit|p2a: Excadrill
|-end|p2a: Excadrill|Substitute
|
|-heal|p2a: Excadrill|85/100|[from] item: Leftovers
|-heal|p1a: Vaporeon|74/100|[from] item: Leftovers
|upkeep
|turn|24
|
|t:|1776044482
|switch|p2a: Sinistcha|Sinistcha, shiny|100/100
|move|p1a: Vaporeon|Scald|p2a: Sinistcha
|-resisted|p2a: Sinistcha
|-damage|p2a: Sinistcha|81/100
|
|-heal|p1a: Vaporeon|80/100|[from] item: Leftovers
|upkeep
|turn|25
|
|t:|1776044498
|move|p2a: Sinistcha|Shadow Ball|p1a: Vaporeon
|-damage|p1a: Vaporeon|60/100
|move|p1a: Vaporeon|Wish|p1a: Vaporeon
|
|-heal|p1a: Vaporeon|66/100|[from] item: Leftovers
|upkeep
|turn|26
|
|t:|1776044502
|move|p2a: Sinistcha|Shadow Ball|p1a: Vaporeon
|-damage|p1a: Vaporeon|47/100
|move|p1a: Vaporeon|Ice Beam|p2a: Sinistcha
|-supereffective|p2a: Sinistcha
|-damage|p2a: Sinistcha|24/100
|
|-heal|p1a: Vaporeon|97/100|[from] move: Wish|[wisher] Vaporeon
|-heal|p1a: Vaporeon|100/100|[from] item: Leftovers
|upkeep
|turn|27
|
|t:|1776044514
|move|p2a: Sinistcha|Strength Sap|p1a: Vaporeon
|-unboost|p1a: Vaporeon|atk|1
|-heal|p2a: Sinistcha|59/100
|move|p1a: Vaporeon|Scald|p2a: Sinistcha
|-resisted|p2a: Sinistcha
|-damage|p2a: Sinistcha|39/100
|
|upkeep
|turn|28
|
|t:|1776044535
|switch|p2a: Tinkaton|Tinkaton, F, shiny|67/100
|move|p1a: Vaporeon|Scald|p2a: Tinkaton
|-damage|p2a: Tinkaton|33/100
|-status|p2a: Tinkaton|brn
|
|-damage|p2a: Tinkaton|27/100 brn|[from] brn
|upkeep
|turn|29
|inactive|Everybody5cream has 120 seconds left.
|
|t:|1776044565
|move|p2a: Tinkaton|Stealth Rock|p1a: Vaporeon
|-sidestart|p1: Azukares|move: Stealth Rock
|move|p1a: Vaporeon|Wish|p1a: Vaporeon
|
|-damage|p2a: Tinkaton|20/100 brn|[from] brn
|upkeep
|turn|30
|
|t:|1776044571
|switch|p1a: Cinderace|Cinderace, F|83/100 tox
|move|p2a: Tinkaton|Encore||[still]
|-fail|p2a: Tinkaton
|
|-heal|p1a: Cinderace|100/100 tox|[from] move: Wish|[wisher] Vaporeon
|-damage|p1a: Cinderace|95/100 tox|[from] psn
|-damage|p2a: Tinkaton|14/100 brn|[from] brn
|upkeep
|turn|31
|inactive|Everybody5cream has 120 seconds left.
|
|t:|1776044605
|move|p1a: Cinderace|Pyro Ball|p2a: Tinkaton
|-supereffective|p2a: Tinkaton
|-damage|p2a: Tinkaton|0 fnt
|faint|p2a: Tinkaton
|
|-damage|p1a: Cinderace|83/100 tox|[from] psn
|upkeep
|
|t:|1776044610
|switch|p2a: Tyranitar|Tyranitar, M, shiny|100/100
|-weather|Sandstorm|[from] ability: Sand Stream|[of] p2a: Tyranitar
|turn|32
|
|t:|1776044621
|move|p1a: Cinderace|Court Change|p1a: Cinderace
|-start|p1a: Cinderace|typechange|Normal|[from] ability: Libero
|-swapsideconditions
|-activate|p1a: Cinderace|move: Court Change
|move|p2a: Tyranitar|Knock Off|p1a: Cinderace
|-damage|p1a: Cinderace|0 fnt
|-enditem|p1a: Cinderace|Heavy-Duty Boots|[from] move: Knock Off|[of] p2a: Tyranitar
|faint|p1a: Cinderace
|
|-weather|Sandstorm|[upkeep]
|upkeep
|
|t:|1776044629
|switch|p1a: Meloetta|Meloetta, shiny|100/100
|turn|33
|inactive|Everybody5cream has 120 seconds left.
|
|t:|1776044650
|move|p1a: Meloetta|Close Combat|p2a: Tyranitar
|-supereffective|p2a: Tyranitar
|-damage|p2a: Tyranitar|0 fnt
|-unboost|p1a: Meloetta|def|1
|-unboost|p1a: Meloetta|spd|1
|faint|p2a: Tyranitar
|-damage|p1a: Meloetta|91/100|[from] item: Life Orb
|
|-weather|Sandstorm|[upkeep]
|-damage|p1a: Meloetta|84/100|[from] Sandstorm
|upkeep
|
|t:|1776044653
|switch|p2a: Excadrill|Excadrill, M, shiny|85/100
|-damage|p2a: Excadrill|82/100|[from] Stealth Rock
|turn|34
|
|t:|1776044656
|-terastallize|p2a: Excadrill|Ground
|move|p2a: Excadrill|Earthquake|p1a: Meloetta
|-damage|p1a: Meloetta|0 fnt
|faint|p1a: Meloetta
|
|-weather|Sandstorm|[upkeep]
|-heal|p2a: Excadrill|88/100|[from] item: Leftovers
|upkeep
|
|t:|1776044671
|switch|p1a: Vaporeon|Vaporeon, F|100/100
|turn|35
|
|t:|1776044682
|move|p2a: Excadrill|Substitute|p2a: Excadrill
|-start|p2a: Excadrill|Substitute
|-damage|p2a: Excadrill|63/100
|move|p1a: Vaporeon|Scald|p2a: Excadrill
|-supereffective|p2a: Excadrill
|-end|p2a: Excadrill|Substitute
|
|-weather|Sandstorm|[upkeep]
|-damage|p1a: Vaporeon|94/100|[from] Sandstorm
|-heal|p2a: Excadrill|69/100|[from] item: Leftovers
|-heal|p1a: Vaporeon|100/100|[from] item: Leftovers
|upkeep
|turn|36
|
|t:|1776044695
|move|p2a: Excadrill|Earthquake|p1a: Vaporeon
|-crit|p1a: Vaporeon
|-damage|p1a: Vaporeon|0 fnt
|faint|p1a: Vaporeon
|
|-weather|none
|-heal|p2a: Excadrill|75/100|[from] item: Leftovers
|upkeep
|
|t:|1776044719
|switch|p1a: Gardevoir|Gardevoir, F, shiny|100/100
|-ability|p1a: Gardevoir|Sand Rush|Trace|[from] ability: Trace|[of] p2a: Excadrill
|turn|37
|
|t:|1776044735
|move|p1a: Gardevoir|Moonblast|p2a: Excadrill
|-damage|p2a: Excadrill|3/100
|-unboost|p2a: Excadrill|spa|1
|move|p2a: Excadrill|Earthquake|p1a: Gardevoir
|-damage|p1a: Gardevoir|0 fnt
|faint|p1a: Gardevoir
|
|-heal|p2a: Excadrill|9/100|[from] item: Leftovers
|upkeep
|
|t:|1776044738
|switch|p1a: Enamorus|Enamorus, F|100/100
|turn|38
|
|t:|1776044747
|-terastallize|p1a: Enamorus|Stellar
|move|p1a: Enamorus|Tera Blast|p2a: Excadrill|[anim] Tera Blast Stellar
|-supereffective|p2a: Excadrill
|-damage|p2a: Excadrill|0 fnt
|-boost|p1a: Enamorus|atk|1
|-boost|p1a: Enamorus|spa|1
|faint|p2a: Excadrill
|
|upkeep
|
|t:|1776044752
|switch|p2a: Tornadus|Tornadus-Therian, M, shiny|63/100
|-damage|p2a: Tornadus|39/100|[from] Stealth Rock
|turn|39
|
|t:|1776044756
|move|p1a: Enamorus|Tera Blast|p2a: Tornadus|[anim] Tera Blast Stellar
|-damage|p2a: Tornadus|0 fnt
|-boost|p1a: Enamorus|atk|1
|-boost|p1a: Enamorus|spa|1
|faint|p2a: Tornadus
|
|upkeep
|
|t:|1776044758
|switch|p2a: Sinistcha|Sinistcha, shiny|39/100
|-damage|p2a: Sinistcha|26/100|[from] Stealth Rock
|turn|40
|-message|Everybody5cream forfeited.
|
|win|Azukares
|raw|Azukares's rating: 1025 &rarr; <strong>1071</strong><br />(+46 for winning)
|raw|Everybody5cream's rating: 1119 &rarr; <strong>1087</strong><br />(-32 for losing)
|l|☆Everybody5cream
|player|p2|
