|html|<div class="broadcast-blue"><strong>[Gen 9] OU is currently suspecting Tera Blast! For information on how to participate check out the <a href="https://www.smogon.com/tools/suspects/view/200">suspect thread</a>.</strong></div>
|j|☆Koko497
|j|☆Apex Vanquisher
|t:|1776084181
|gametype|singles
|player|p1|Koko497|ghetsis-gen5bw|
|player|p2|Apex Vanquisher|red|
|gen|9
|tier|[Gen 9] OU
|rule|HP Percentage Mod: HP is shown in percentages
|rule|Endless Battle Clause: Forcing endless battles is banned
|rule|Species Clause: Limit one of each Pokémon
|rule|OHKO Clause: OHKO moves are banned
|rule|Evasion Items Clause: Evasion items are banned
|rule|Evasion Moves Clause: Evasion moves are banned
|rule|Evasion Abilities Clause: Evasion abilities are banned
|rule|Sleep Moves Clause: Sleep-inducing moves are banned
|clearpoke
|poke|p1|Iron Valiant|
|poke|p1|Slowking-Galar, F|
|poke|p1|Corviknight, M|
|poke|p1|Ogerpon-Wellspring, F|
|poke|p1|Heatran, M|
|poke|p1|Dragapult, F|
|poke|p2|Dragonite, F|
|poke|p2|Hatterene, F|
|poke|p2|Great Tusk|
|poke|p2|Ceruledge, M|
|poke|p2|Ting-Lu|
|poke|p2|Kyurem|
|teampreview
|inactive|Battle timer is ON: inactive players will automatically lose when time's up. (requested by Apex Vanquisher)
|
|t:|1776084206
|teamsize|p1|6
|teamsize|p2|6
|start
|switch|p1a: Heatran|Heatran, M|100/100
|switch|p2a: Dragonite|Dragonite, F|100/100
|-item|p1a: Heatran|Air Balloon
|turn|1
|
|t:|1776084215
|move|p2a: Dragonite|Tera Blast|p1a: Heatran
|-resisted|p1a: Heatran
|-damage|p1a: Heatran|96/100
|-enditem|p1a: Heatran|Air Balloon
|move|p1a: Heatran|Stealth Rock|p2a: Dragonite
|-sidestart|p2: Apex Vanquisher|move: Stealth Rock
|
|upkeep
|turn|2
|
|t:|1776084225
|move|p2a: Dragonite|Dragon Dance|p2a: Dragonite
|-boost|p2a: Dragonite|atk|1
|-boost|p2a: Dragonite|spe|1
|move|p1a: Heatran|Taunt|p2a: Dragonite
|-start|p2a: Dragonite|move: Taunt
|
|upkeep
|turn|3
|
|t:|1776084240
|switch|p1a: Slowking|Slowking-Galar, F|100/100
|move|p2a: Dragonite|Earthquake|p1a: Slowking
|-supereffective|p1a: Slowking
|-damage|p1a: Slowking|0 fnt
|faint|p1a: Slowking
|
|upkeep
|
|t:|1776084249
|switch|p1a: Ogerpon|Ogerpon-Wellspring, F|100/100
|turn|4
|c|☆Apex Vanquisher|嘻嘻
|c|☆Koko497|我的妈
|
|t:|1776084269
|move|p2a: Dragonite|Tera Blast|p1a: Ogerpon
|-damage|p1a: Ogerpon|81/100
|move|p1a: Ogerpon|Swords Dance|p1a: Ogerpon
|-boost|p1a: Ogerpon|atk|2
|
|upkeep
|turn|5
|
|t:|1776084294
|switch|p2a: Hatterene|Hatterene, F|100/100
|-damage|p2a: Hatterene|88/100|[from] Stealth Rock
|move|p1a: Ogerpon|Play Rough|p2a: Hatterene
|-damage|p2a: Hatterene|13/100
|
|upkeep
|turn|6
|
|t:|1776084304
|move|p1a: Ogerpon|Ivy Cudgel|p2a: Hatterene|[anim] Ivy Cudgel Water
|-damage|p2a: Hatterene|0 fnt
|faint|p2a: Hatterene
|
|upkeep
|inactive|Apex Vanquisher has 270 seconds left.
|
|t:|1776084322
|switch|p2a: Kyurem|Kyurem|100/100
|-damage|p2a: Kyurem|76/100|[from] Stealth Rock
|-ability|p2a: Kyurem|Pressure
|turn|7
|c|☆Koko497|多谢
|
|t:|1776084330
|-terastallize|p2a: Kyurem|Ground
|move|p1a: Ogerpon|Play Rough|p2a: Kyurem
|-damage|p2a: Kyurem|8/100
|move|p2a: Kyurem|Freeze-Dry|p1a: Ogerpon
|-supereffective|p1a: Ogerpon
|-damage|p1a: Ogerpon|0 fnt
|faint|p1a: Ogerpon
|
|upkeep
|c|☆Apex Vanquisher|多谢
|
|t:|1776084351
|switch|p1a: Dragapult|Dragapult, F|100/100
|turn|8
|c|☆Apex Vanquisher|必竞得卖一只
|
|t:|1776084363
|move|p1a: Dragapult|Shadow Ball|p2a: Kyurem
|-damage|p2a: Kyurem|0 fnt
|faint|p2a: Kyurem
|-damage|p1a: Dragapult|91/100|[from] item: Life Orb
|
|upkeep
|
|t:|1776084370
|switch|p2a: Great Tusk|Great Tusk|100/100
|-damage|p2a: Great Tusk|98/100|[from] Stealth Rock
|turn|9
|
|t:|1776084379
|move|p1a: Dragapult|Draco Meteor|p2a: Great Tusk
|-damage|p2a: Great Tusk|8/100
|-unboost|p1a: Dragapult|spa|2
|-damage|p1a: Dragapult|81/100|[from] item: Life Orb
|move|p2a: Great Tusk|Ice Spinner|p1a: Dragapult
|-supereffective|p1a: Dragapult
|-damage|p1a: Dragapult|17/100
|
|-heal|p2a: Great Tusk|14/100|[from] item: Leftovers
|upkeep
|turn|10
|
|t:|1776084392
|-end|p2a: Great Tusk|Protosynthesis|[silent]
|switch|p2a: Ting-Lu|Ting-Lu|100/100
|-damage|p2a: Ting-Lu|94/100|[from] Stealth Rock
|-ability|p2a: Ting-Lu|Vessel of Ruin
|move|p1a: Dragapult|Shadow Ball|p2a: Ting-Lu
|-resisted|p2a: Ting-Lu
|-damage|p2a: Ting-Lu|89/100
|-damage|p1a: Dragapult|7/100|[from] item: Life Orb
|
|-heal|p2a: Ting-Lu|95/100|[from] item: Leftovers
|upkeep
|turn|11
|
|t:|1776084406
|switch|p1a: Corviknight|Corviknight, M|100/100
|-ability|p1a: Corviknight|Pressure
|move|p2a: Ting-Lu|Whirlwind|p1a: Corviknight
|drag|p1a: Heatran|Heatran, M|96/100
|
|-heal|p2a: Ting-Lu|100/100|[from] item: Leftovers
|upkeep
|turn|12
|
|t:|1776084419
|-terastallize|p1a: Heatran|Grass
|move|p1a: Heatran|Magma Storm|p2a: Ting-Lu
|-damage|p2a: Ting-Lu|81/100
|-activate|p2a: Ting-Lu|move: Magma Storm|[of] p1a: Heatran
|move|p2a: Ting-Lu|Earthquake|p1a: Heatran
|-resisted|p1a: Heatran
|-damage|p1a: Heatran|80/100
|
|-heal|p2a: Ting-Lu|87/100|[from] item: Leftovers
|-damage|p2a: Ting-Lu|75/100|[from] move: Magma Storm|[partiallytrapped]
|upkeep
|turn|13
|
|t:|1776084440
|move|p1a: Heatran|Taunt|p2a: Ting-Lu
|-start|p2a: Ting-Lu|move: Taunt
|cant|p2a: Ting-Lu|move: Taunt|Stealth Rock
|
|-heal|p2a: Ting-Lu|81/100|[from] item: Leftovers
|-damage|p2a: Ting-Lu|69/100|[from] move: Magma Storm|[partiallytrapped]
|upkeep
|turn|14
|
|t:|1776084451
|move|p1a: Heatran|Magma Storm|p2a: Ting-Lu
|-damage|p2a: Ting-Lu|49/100
|move|p2a: Ting-Lu|Ruination|p1a: Heatran
|-damage|p1a: Heatran|40/100
|
|-heal|p2a: Ting-Lu|55/100|[from] item: Leftovers
|-damage|p2a: Ting-Lu|42/100|[from] move: Magma Storm|[partiallytrapped]
|upkeep
|turn|15
|
|t:|1776084462
|move|p1a: Heatran|Magma Storm|p2a: Ting-Lu|[miss]
|-miss|p1a: Heatran|p2a: Ting-Lu
|move|p2a: Ting-Lu|Ruination|p1a: Heatran
|-damage|p1a: Heatran|20/100
|
|-heal|p2a: Ting-Lu|49/100|[from] item: Leftovers
|-damage|p2a: Ting-Lu|36/100|[from] move: Magma Storm|[partiallytrapped]
|-end|p2a: Ting-Lu|move: Taunt
|upkeep
|turn|16
|c|☆Apex Vanquisher|哈哈哈
|
|t:|1776084474
|move|p1a: Heatran|Taunt|p2a: Ting-Lu
|-start|p2a: Ting-Lu|move: Taunt
|move|p2a: Ting-Lu|Earthquake|p1a: Heatran
|-resisted|p1a: Heatran
|-damage|p1a: Heatran|5/100
|
|-heal|p2a: Ting-Lu|42/100|[from] item: Leftovers
|-damage|p2a: Ting-Lu|30/100|[from] move: Magma Storm|[partiallytrapped]
|upkeep
|turn|17
|
|t:|1776084485
|move|p1a: Heatran|Magma Storm|p2a: Ting-Lu
|-crit|p2a: Ting-Lu
|-damage|p2a: Ting-Lu|1/100
|move|p2a: Ting-Lu|Earthquake|p1a: Heatran
|-resisted|p1a: Heatran
|-damage|p1a: Heatran|0 fnt
|faint|p1a: Heatran
|
|-heal|p2a: Ting-Lu|7/100|[from] item: Leftovers
|-end|p2a: Ting-Lu|Magma Storm|[partiallytrapped]
|upkeep
|c|☆Apex Vanquisher|？
|
|t:|1776084497
|switch|p1a: Dragapult|Dragapult, F|7/100
|turn|18
|c|☆Apex Vanquisher|CT+挺
|c|☆Apex Vanquisher|算了
|
|t:|1776084504
|move|p1a: Dragapult|Shadow Ball|p2a: Ting-Lu
|-resisted|p2a: Ting-Lu
|-damage|p2a: Ting-Lu|0 fnt
|faint|p2a: Ting-Lu
|-damage|p1a: Dragapult|0 fnt|[from] item: Life Orb
|faint|p1a: Dragapult
|
|upkeep
|
|t:|1776084520
|switch|p1a: Iron Valiant|Iron Valiant|100/100
|switch|p2a: Great Tusk|Great Tusk|14/100
|-damage|p2a: Great Tusk|11/100|[from] Stealth Rock
|-enditem|p1a: Iron Valiant|Booster Energy
|-activate|p1a: Iron Valiant|ability: Quark Drive|[fromitem]
|-start|p1a: Iron Valiant|quarkdrivespe
|turn|19
|
|t:|1776084531
|move|p1a: Iron Valiant|Moonblast|p2a: Great Tusk
|-supereffective|p2a: Great Tusk
|-damage|p2a: Great Tusk|0 fnt
|faint|p2a: Great Tusk
|-end|p2a: Great Tusk|Protosynthesis|[silent]
|
|upkeep
|l|☆Apex Vanquisher
|inactive|Apex Vanquisher disconnected and has 300 seconds to reconnect!
|player|p2|
|j|☆Apex Vanquisher
|inactive|Apex Vanquisher reconnected and has 275 seconds left.
|player|p2|Apex Vanquisher|red|
|inactive|Apex Vanquisher has 270 seconds left.
|
|t:|1776084567
|switch|p2a: Ceruledge|Ceruledge, M|100/100
|-damage|p2a: Ceruledge|76/100|[from] Stealth Rock
|turn|20
|inactive|Apex Vanquisher has 270 seconds left.
|
|t:|1776084581
|move|p1a: Iron Valiant|Knock Off|p2a: Ceruledge
|-supereffective|p2a: Ceruledge
|-damage|p2a: Ceruledge|3/100
|-ability|p2a: Ceruledge|Weak Armor|boost
|-unboost|p2a: Ceruledge|def|1
|-boost|p2a: Ceruledge|spe|2
|-enditem|p2a: Ceruledge|Focus Sash|[from] move: Knock Off|[of] p1a: Iron Valiant
|move|p2a: Ceruledge|Bitter Blade|p1a: Iron Valiant
|-damage|p1a: Iron Valiant|41/100
|-heal|p2a: Ceruledge|32/100|[from] drain|[of] p1a: Iron Valiant
|
|upkeep
|turn|21
|inactive|Apex Vanquisher has 270 seconds left.
|
|t:|1776084595
|move|p2a: Ceruledge|Bitter Blade|p1a: Iron Valiant
|-damage|p1a: Iron Valiant|0 fnt
|-heal|p2a: Ceruledge|53/100|[from] drain|[of] p1a: Iron Valiant
|faint|p1a: Iron Valiant
|-end|p1a: Iron Valiant|Quark Drive|[silent]
|
|upkeep
|c|☆Apex Vanquisher|！
|c|☆Apex Vanquisher|哈哈哈
|c|☆Koko497|没招了
|l|☆Apex Vanquisher
|inactive|Apex Vanquisher disconnected and has 280 seconds to reconnect!
|player|p2|
|-message|Koko497 forfeited.
|
|win|Apex Vanquisher
|j|☆Apex Vanquisher
|player|p2|Apex Vanquisher|red|
|c|☆Apex Vanquisher|谢谢
