|html|<div class="broadcast-blue"><strong>[Gen 9] OU is currently suspecting Tera Blast! For information on how to participate check out the <a href="https://www.smogon.com/tools/suspects/view/200">suspect thread</a>.</strong></div>
|j|☆whyisitristarting
|j|☆sondaryu
|t:|1776176751
|gametype|singles
|player|p1|whyisitristarting|102|1287
|player|p2|sondaryu|red|1239
|gen|9
|tier|[Gen 9] OU
|rated|
|rule|HP Percentage Mod: HP is shown in percentages
|rule|Endless Battle Clause: Forcing endless battles is banned
|rule|Species Clause: Limit one of each Pokémon
|rule|OHKO Clause: OHKO moves are banned
|rule|Evasion Items Clause: Evasion items are banned
|rule|Evasion Moves Clause: Evasion moves are banned
|rule|Evasion Abilities Clause: Evasion abilities are banned
|rule|Sleep Moves Clause: Sleep-inducing moves are banned
|clearpoke
|poke|p1|Great Tusk|
|poke|p1|Walking Wake|
|poke|p1|Kingambit, M|
|poke|p1|Venusaur, M|
|poke|p1|Ninetales, M|
|poke|p1|Raging Bolt|
|poke|p2|Heatran, F|
|poke|p2|Rillaboom, F|
|poke|p2|Alomomola, F|
|poke|p2|Great Tusk|
|poke|p2|Salamence, F|
|poke|p2|Hatterene, F|
|teampreview
|
|t:|1776176811
|teamsize|p1|6
|teamsize|p2|6
|start
|switch|p1a: Walking Wake|Walking Wake|100/100
|switch|p2a: Great Tusk|Great Tusk|100/100
|turn|1
|
|t:|1776176821
|-end|p2a: Great Tusk|Protosynthesis|[silent]
|switch|p2a: Alomomola|Alomomola, F|100/100
|move|p1a: Walking Wake|Hydro Steam|p2a: Alomomola
|-resisted|p2a: Alomomola
|-damage|p2a: Alomomola|62/100
|
|upkeep
|turn|2
|
|t:|1776176829
|move|p2a: Alomomola|Protect|p2a: Alomomola
|-singleturn|p2a: Alomomola|Protect
|move|p1a: Walking Wake|Hydro Steam|p2a: Alomomola
|-activate|p2a: Alomomola|move: Protect
|
|upkeep
|turn|3
|
|t:|1776176833
|move|p1a: Walking Wake|Hydro Steam|p2a: Alomomola
|-resisted|p2a: Alomomola
|-damage|p2a: Alomomola|27/100
|move|p2a: Alomomola|Wish|p2a: Alomomola
|
|upkeep
|turn|4
|inactive|Battle timer is ON: inactive players will automatically lose when time's up. (requested by whyisitristarting)
|inactive|sondaryu has 120 seconds left.
|
|t:|1776176902
|-end|p1a: Walking Wake|Protosynthesis|[silent]
|switch|p1a: Ninetales|Ninetales, M|100/100
|-weather|SunnyDay|[from] ability: Drought|[of] p1a: Ninetales
|switch|p2a: Rillaboom|Rillaboom, F|100/100
|-fieldstart|move: Grassy Terrain|[from] ability: Grassy Surge|[of] p2a: Rillaboom
|
|-weather|SunnyDay|[upkeep]
|upkeep
|turn|5
|
|t:|1776176913
|switch|p2a: Heatran|Heatran, F|100/100
|move|p1a: Ninetales|Will-O-Wisp|p2a: Heatran
|-start|p2a: Heatran|ability: Flash Fire
|
|-weather|SunnyDay|[upkeep]
|upkeep
|turn|6
|
|t:|1776176940
|switch|p1a: Great Tusk|Great Tusk|100/100
|-activate|p1a: Great Tusk|ability: Protosynthesis
|-start|p1a: Great Tusk|protosynthesisatk
|move|p2a: Heatran|Earth Power|p1a: Great Tusk
|-damage|p1a: Great Tusk|64/100
|
|-weather|SunnyDay|[upkeep]
|-heal|p1a: Great Tusk|71/100|[from] Grassy Terrain
|upkeep
|turn|7
|
|t:|1776176953
|-terastallize|p2a: Heatran|Grass
|move|p1a: Great Tusk|Stealth Rock|p2a: Heatran
|-sidestart|p2: sondaryu|move: Stealth Rock
|move|p2a: Heatran|Magma Storm|p1a: Great Tusk
|-damage|p1a: Great Tusk|0 fnt
|faint|p1a: Great Tusk
|-end|p1a: Great Tusk|Protosynthesis|[silent]
|
|-weather|SunnyDay|[upkeep]
|upkeep
|
|t:|1776176973
|switch|p1a: Walking Wake|Walking Wake|100/100
|-activate|p1a: Walking Wake|ability: Protosynthesis
|-start|p1a: Walking Wake|protosynthesisspe
|turn|8
|
|t:|1776176996
|move|p1a: Walking Wake|Flip Turn|p2a: Heatran
|-resisted|p2a: Heatran
|-damage|p2a: Heatran|97/100
|
|t:|1776177001
|-end|p1a: Walking Wake|Protosynthesis|[silent]
|switch|p1a: Venusaur|Venusaur, M|100/100|[from] Flip Turn
|move|p2a: Heatran|Stealth Rock|p1a: Venusaur
|-sidestart|p1: whyisitristarting|move: Stealth Rock
|
|-weather|SunnyDay|[upkeep]
|-heal|p2a: Heatran|100/100|[from] Grassy Terrain
|-fieldend|move: Grassy Terrain
|upkeep
|turn|9
|
|t:|1776177008
|switch|p1a: Walking Wake|Walking Wake|100/100
|-damage|p1a: Walking Wake|88/100|[from] Stealth Rock
|-activate|p1a: Walking Wake|ability: Protosynthesis
|-start|p1a: Walking Wake|protosynthesisspe
|move|p2a: Heatran|Magma Storm|p1a: Walking Wake
|-resisted|p1a: Walking Wake
|-damage|p1a: Walking Wake|61/100
|-activate|p1a: Walking Wake|move: Magma Storm|[of] p2a: Heatran
|
|-weather|SunnyDay|[upkeep]
|-damage|p1a: Walking Wake|48/100|[from] move: Magma Storm|[partiallytrapped]
|upkeep
|turn|10
|n|!whyisitristarting|whyisitristarting
|
|t:|1776177030
|move|p1a: Walking Wake|Draco Meteor|p2a: Heatran
|-damage|p2a: Heatran|38/100
|-unboost|p1a: Walking Wake|spa|2
|move|p2a: Heatran|Earth Power|p1a: Walking Wake
|-damage|p1a: Walking Wake|18/100
|
|-weather|SunnyDay|[upkeep]
|-heal|p2a: Heatran|45/100|[from] item: Leftovers
|-damage|p1a: Walking Wake|5/100|[from] move: Magma Storm|[partiallytrapped]
|upkeep
|turn|11
|-message|whyisitristarting forfeited.
|
|win|sondaryu
