|html|<div class="broadcast-blue"><strong>[Gen 9] OU is currently suspecting Tera Blast! For information on how to participate check out the <a href="https://www.smogon.com/tools/suspects/view/200">suspect thread</a>.</strong></div>
|j|☆Sergi20002000
|j|☆digigigig
|t:|1776351736
|gametype|singles
|player|p1|Sergi20002000|265|1000
|player|p2|digigigig|blackbelt-gen4dp|1005
|gen|9
|tier|[Gen 9] OU
|rated|
|rule|HP Percentage Mod: HP is shown in percentages
|rule|Endless Battle Clause: Forcing endless battles is banned
|rule|Species Clause: Limit one of each Pokémon
|rule|OHKO Clause: OHKO moves are banned
|rule|Evasion Items Clause: Evasion items are banned
|rule|Evasion Moves Clause: Evasion moves are banned
|rule|Evasion Abilities Clause: Evasion abilities are banned
|rule|Sleep Moves Clause: Sleep-inducing moves are banned
|clearpoke
|poke|p1|Lanturn, F|
|poke|p1|Excadrill, F|
|poke|p1|Arcanine, F|
|poke|p2|Garchomp, F|
|poke|p2|Scizor, M|
|poke|p2|Hippowdon, F|
|poke|p2|Forretress, F|
|poke|p2|Clefable, F|
|poke|p2|Rotom-Wash|
|teampreview
|
|t:|1776351743
|teamsize|p1|3
|teamsize|p2|6
|start
|switch|p1a: Judas|Excadrill, F|100/100
|switch|p2a: Hippowdon|Hippowdon, F|100/100
|-weather|Sandstorm|[from] ability: Sand Stream|[of] p2a: Hippowdon
|turn|1
|
|t:|1776351754
|move|p1a: Judas|Iron Head|p2a: Hippowdon
|-damage|p2a: Hippowdon|58/100
|-damage|p1a: Judas|91/100|[from] item: Life Orb
|move|p2a: Hippowdon|Stealth Rock|p1a: Judas
|-sidestart|p1: Sergi20002000|move: Stealth Rock
|
|-weather|Sandstorm|[upkeep]
|-heal|p2a: Hippowdon|64/100|[from] item: Leftovers
|upkeep
|turn|2
|
|t:|1776351766
|switch|p2a: Forretress|Forretress, F|100/100
|move|p1a: Judas|Protect||[still]
|-fail|p1a: Judas
|
|-weather|Sandstorm|[upkeep]
|upkeep
|turn|3
|
|t:|1776351774
|move|p1a: Judas|Iron Head|p2a: Forretress
|-resisted|p2a: Forretress
|-damage|p2a: Forretress|80/100
|-damage|p1a: Judas|81/100|[from] item: Life Orb
|cant|p2a: Forretress|flinch
|
|-weather|Sandstorm|[upkeep]
|upkeep
|turn|4
|
|t:|1776351785
|move|p1a: Judas|Earthquake|p2a: Forretress
|-damage|p2a: Forretress|28/100
|-damage|p1a: Judas|71/100|[from] item: Life Orb
|move|p2a: Forretress|Spikes|p1a: Judas
|-sidestart|p1: Sergi20002000|Spikes
|
|-weather|Sandstorm|[upkeep]
|upkeep
|turn|5
|
|t:|1776351797
|switch|p2a: Clefable|Clefable, F|100/100
|move|p1a: Judas|Protect||[still]
|-fail|p1a: Judas
|
|-weather|none
|upkeep
|turn|6
|
|t:|1776351812
|move|p1a: Judas|Iron Head|p2a: Clefable
|-supereffective|p2a: Clefable
|-damage|p2a: Clefable|11/100
|-damage|p1a: Judas|61/100|[from] item: Life Orb
|move|p2a: Clefable|Calm Mind|p2a: Clefable
|-boost|p2a: Clefable|spa|1
|-boost|p2a: Clefable|spd|1
|
|-heal|p2a: Clefable|18/100|[from] item: Leftovers
|upkeep
|turn|7
|
|t:|1776351828
|move|p1a: Judas|Earthquake|p2a: Clefable
|-damage|p2a: Clefable|0 fnt
|faint|p2a: Clefable
|-damage|p1a: Judas|51/100|[from] item: Life Orb
|
|upkeep
|
|t:|1776351836
|switch|p2a: Scizor|Scizor, M|100/100
|turn|8
|-message|digigigig forfeited.
|
|win|Sergi20002000
|raw|Sergi20002000's rating: 1000 &rarr; <strong>1041</strong><br />(+41 for winning)
|raw|digigigig's rating: 1005 &rarr; <strong>1000</strong><br />(-5 for losing)
|l|☆digigigig
|player|p2|
