|html|<div class="broadcast-blue"><strong>[Gen 9] OU is currently suspecting Tera Blast! For information on how to participate check out the <a href="https://www.smogon.com/tools/suspects/view/200">suspect thread</a>.</strong></div>
|j|☆benz_2302
|j|☆vzn.exe
|t:|1776098912
|gametype|singles
|player|p1|benz_2302|blue|1525
|player|p2|vzn.exe|lusamine-nihilego|1508
|gen|9
|tier|[Gen 9] OU
|rated|
|rule|HP Percentage Mod: HP is shown in percentages
|rule|Endless Battle Clause: Forcing endless battles is banned
|rule|Species Clause: Limit one of each Pokémon
|rule|OHKO Clause: OHKO moves are banned
|rule|Evasion Items Clause: Evasion items are banned
|rule|Evasion Moves Clause: Evasion moves are banned
|rule|Evasion Abilities Clause: Evasion abilities are banned
|rule|Sleep Moves Clause: Sleep-inducing moves are banned
|clearpoke
|poke|p1|Pelipper, F|
|poke|p1|Raging Bolt|
|poke|p1|Overqwil, F|
|poke|p1|Barraskewda, F|
|poke|p1|Iron Treads|
|poke|p1|Kingambit, M|
|poke|p2|Hydrapple, M|
|poke|p2|Tyranitar, F|
|poke|p2|Moltres|
|poke|p2|Zamazenta-*|
|poke|p2|Slowking-Galar, M|
|poke|p2|Excadrill, F|
|teampreview
|inactive|Battle timer is ON: inactive players will automatically lose when time's up. (requested by benz_2302)
|inactive|vzn.exe also wants the timer to be on.
|inactive|benz_2302 has 120 seconds left.
|
|t:|1776098958
|teamsize|p1|6
|teamsize|p2|6
|start
|switch|p1a: Iron Treads|Iron Treads|100/100
|switch|p2a: Tyranitar|Tyranitar, F|100/100
|-weather|Sandstorm|[from] ability: Sand Stream|[of] p2a: Tyranitar
|-enditem|p1a: Iron Treads|Booster Energy
|-activate|p1a: Iron Treads|ability: Quark Drive|[fromitem]
|-start|p1a: Iron Treads|quarkdrivespe
|turn|1
|
|t:|1776098975
|switch|p2a: Zamazenta|Zamazenta|100/100
|-ability|p2a: Zamazenta|Dauntless Shield|boost
|-boost|p2a: Zamazenta|def|1
|move|p1a: Iron Treads|Stealth Rock|p2a: Zamazenta
|-sidestart|p2: vzn.exe|move: Stealth Rock
|
|-weather|Sandstorm|[upkeep]
|-damage|p2a: Zamazenta|94/100|[from] Sandstorm
|-heal|p2a: Zamazenta|100/100|[from] item: Leftovers
|upkeep
|turn|2
|
|t:|1776098992
|-end|p1a: Iron Treads|Quark Drive|[silent]
|switch|p1a: weather report|Pelipper, F|100/100
|-weather|RainDance|[from] ability: Drizzle|[of] p1a: weather report
|move|p2a: Zamazenta|Body Press|p1a: weather report
|-resisted|p1a: weather report
|-damage|p1a: weather report|78/100
|
|-weather|RainDance|[upkeep]
|upkeep
|turn|3
|
|t:|1776099010
|switch|p2a: Tyranitar|Tyranitar, F|100/100
|-damage|p2a: Tyranitar|88/100|[from] Stealth Rock
|-weather|Sandstorm|[from] ability: Sand Stream|[of] p2a: Tyranitar
|move|p1a: weather report|Hurricane|p2a: Tyranitar|[miss]
|-miss|p1a: weather report|p2a: Tyranitar
|
|-weather|Sandstorm|[upkeep]
|-damage|p1a: weather report|71/100|[from] Sandstorm
|upkeep
|turn|4
|inactive|vzn.exe has 120 seconds left.
|
|t:|1776099027
|-terastallize|p1a: weather report|Ground
|move|p2a: Tyranitar|Stealth Rock|p1a: weather report
|-sidestart|p1: benz_2302|move: Stealth Rock
|move|p1a: weather report|U-turn|p2a: Tyranitar
|-supereffective|p2a: Tyranitar
|-damage|p2a: Tyranitar|74/100
|
|t:|1776099033
|switch|p1a: Barraskewda|Barraskewda, F|100/100|[from] U-turn
|-damage|p1a: Barraskewda|88/100|[from] Stealth Rock
|
|-weather|Sandstorm|[upkeep]
|-damage|p1a: Barraskewda|82/100|[from] Sandstorm
|upkeep
|turn|5
|inactive|vzn.exe has 120 seconds left.
|
|t:|1776099050
|switch|p2a: Hydrapple|Hydrapple, M|100/100
|move|p1a: Barraskewda|Flip Turn|p2a: Hydrapple
|-resisted|p2a: Hydrapple
|-crit|p2a: Hydrapple
|-damage|p2a: Hydrapple|88/100
|
|t:|1776099054
|switch|p1a: weather report|Pelipper, F, tera:Ground|71/100|[from] Flip Turn
|-damage|p1a: weather report|65/100|[from] Stealth Rock
|-weather|RainDance|[from] ability: Drizzle|[of] p1a: weather report
|
|-weather|RainDance|[upkeep]
|upkeep
|turn|6
|inactive|vzn.exe has 120 seconds left.
|
|t:|1776099071
|move|p2a: Hydrapple|Giga Drain|p1a: weather report
|-supereffective|p1a: weather report
|-damage|p1a: weather report|0 fnt
|-heal|p2a: Hydrapple|100/100|[from] drain|[of] p1a: weather report
|faint|p1a: weather report
|
|-weather|RainDance|[upkeep]
|upkeep
|
|t:|1776099075
|switch|p1a: Iron Treads|Iron Treads|100/100
|-damage|p1a: Iron Treads|97/100|[from] Stealth Rock
|turn|7
|inactive|vzn.exe has 120 seconds left.
|
|t:|1776099092
|move|p1a: Iron Treads|Rapid Spin|p2a: Hydrapple
|-damage|p2a: Hydrapple|93/100
|-boost|p1a: Iron Treads|spe|1
|-sideend|p1: benz_2302|Stealth Rock|[from] move: Rapid Spin|[of] p1a: Iron Treads
|move|p2a: Hydrapple|Earth Power|p1a: Iron Treads
|-supereffective|p1a: Iron Treads
|-damage|p1a: Iron Treads|20/100
|
|-weather|RainDance|[upkeep]
|upkeep
|turn|8
|inactive|vzn.exe has 120 seconds left.
|
|t:|1776099109
|move|p1a: Iron Treads|Steel Beam|p2a: Hydrapple
|-damage|p2a: Hydrapple|42/100
|-damage|p1a: Iron Treads|0 fnt|[from] steelbeam
|faint|p1a: Iron Treads
|-end|p1a: Iron Treads|Quark Drive|[silent]
|move|p2a: Hydrapple|Fickle Beam|p1: Iron Treads|[notarget]
|-fail|p2a: Hydrapple
|
|-weather|RainDance|[upkeep]
|upkeep
|
|t:|1776099116
|switch|p1a: Overqwil|Overqwil, F|100/100
|turn|9
|inactive|vzn.exe has 120 seconds left.
|
|t:|1776099134
|switch|p2a: Zamazenta|Zamazenta|100/100
|-damage|p2a: Zamazenta|94/100|[from] Stealth Rock
|move|p1a: Overqwil|Liquidation|p2a: Zamazenta
|-damage|p2a: Zamazenta|52/100
|-damage|p1a: Overqwil|91/100|[from] item: Life Orb
|
|-weather|RainDance|[upkeep]
|-heal|p2a: Zamazenta|58/100|[from] item: Leftovers
|upkeep
|turn|10
|inactive|vzn.exe has 120 seconds left.
|
|t:|1776099152
|switch|p2a: Tyranitar|Tyranitar, F|74/100
|-damage|p2a: Tyranitar|62/100|[from] Stealth Rock
|-weather|Sandstorm|[from] ability: Sand Stream|[of] p2a: Tyranitar
|move|p1a: Overqwil|Gunk Shot|p2a: Tyranitar|[miss]
|-miss|p1a: Overqwil|p2a: Tyranitar
|
|-weather|Sandstorm|[upkeep]
|-damage|p1a: Overqwil|85/100|[from] Sandstorm
|upkeep
|turn|11
|
|t:|1776099169
|switch|p2a: Zamazenta|Zamazenta|58/100
|-damage|p2a: Zamazenta|52/100|[from] Stealth Rock
|move|p1a: Overqwil|Liquidation|p2a: Zamazenta
|-damage|p2a: Zamazenta|22/100
|-damage|p1a: Overqwil|75/100|[from] item: Life Orb
|
|-weather|Sandstorm|[upkeep]
|-damage|p2a: Zamazenta|16/100|[from] Sandstorm
|-damage|p1a: Overqwil|69/100|[from] Sandstorm
|-heal|p2a: Zamazenta|22/100|[from] item: Leftovers
|upkeep
|turn|12
|
|t:|1776099186
|move|p2a: Zamazenta|Body Press|p1a: Overqwil
|-damage|p1a: Overqwil|27/100
|move|p1a: Overqwil|Liquidation|p2a: Zamazenta
|-damage|p2a: Zamazenta|0 fnt
|faint|p2a: Zamazenta
|-damage|p1a: Overqwil|17/100|[from] item: Life Orb
|
|-weather|Sandstorm|[upkeep]
|-damage|p1a: Overqwil|11/100|[from] Sandstorm
|upkeep
|inactive|vzn.exe has 90 seconds left.
|
|t:|1776099203
|switch|p2a: Excadrill|Excadrill, F|100/100
|-damage|p2a: Excadrill|97/100|[from] Stealth Rock
|-item|p2a: Excadrill|Air Balloon
|turn|13
|inactive|vzn.exe has 90 seconds left.
|
|t:|1776099219
|move|p2a: Excadrill|Rapid Spin|p1a: Overqwil
|-damage|p1a: Overqwil|0 fnt
|-boost|p2a: Excadrill|spe|1
|-sideend|p2: vzn.exe|Stealth Rock|[from] move: Rapid Spin|[of] p2a: Excadrill
|faint|p1a: Overqwil
|
|-weather|Sandstorm|[upkeep]
|upkeep
|
|t:|1776099224
|switch|p1a: Kingambit|Kingambit, M|100/100
|-activate|p1a: Kingambit|ability: Supreme Overlord
|-start|p1a: Kingambit|fallen3|[silent]
|turn|14
|inactive|vzn.exe has 90 seconds left.
|
|t:|1776099241
|switch|p2a: Moltres|Moltres|100/100
|move|p1a: Kingambit|Sucker Punch||[still]
|-fail|p1a: Kingambit
|
|-weather|Sandstorm|[upkeep]
|-damage|p2a: Moltres|94/100|[from] Sandstorm
|upkeep
|turn|15
|inactive|vzn.exe has 90 seconds left.
|
|t:|1776099258
|move|p2a: Moltres|Flamethrower|p1a: Kingambit
|-supereffective|p1a: Kingambit
|-damage|p1a: Kingambit|25/100
|move|p1a: Kingambit|Kowtow Cleave|p2a: Moltres
|-damage|p2a: Moltres|47/100
|
|-weather|Sandstorm|[upkeep]
|-damage|p2a: Moltres|41/100|[from] Sandstorm
|-heal|p1a: Kingambit|31/100|[from] item: Leftovers
|upkeep
|turn|16
|
|t:|1776099277
|move|p2a: Moltres|Roost|p2a: Moltres
|-heal|p2a: Moltres|91/100
|-singleturn|p2a: Moltres|move: Roost
|move|p1a: Kingambit|Kowtow Cleave|p2a: Moltres
|-damage|p2a: Moltres|47/100
|-status|p1a: Kingambit|brn|[from] ability: Flame Body|[of] p2a: Moltres
|
|-weather|Sandstorm|[upkeep]
|-damage|p2a: Moltres|41/100|[from] Sandstorm
|-heal|p1a: Kingambit|38/100 brn|[from] item: Leftovers
|-damage|p1a: Kingambit|31/100 brn|[from] brn
|upkeep
|turn|17
|
|t:|1776099294
|-end|p1a: Kingambit|fallen3|[silent]
|switch|p1a: Raging Bolt|Raging Bolt|100/100
|-enditem|p1a: Raging Bolt|Booster Energy
|-activate|p1a: Raging Bolt|ability: Protosynthesis|[fromitem]
|-start|p1a: Raging Bolt|protosynthesisspa
|move|p2a: Moltres|Roost|p2a: Moltres
|-heal|p2a: Moltres|91/100
|-singleturn|p2a: Moltres|move: Roost
|
|-weather|none
|upkeep
|turn|18
|
|t:|1776099311
|-end|p1a: Raging Bolt|Protosynthesis|[silent]
|switch|p1a: Kingambit|Kingambit, M|31/100 brn
|-activate|p1a: Kingambit|ability: Supreme Overlord
|-start|p1a: Kingambit|fallen3|[silent]
|switch|p2a: Excadrill|Excadrill, F|97/100
|-item|p2a: Excadrill|Air Balloon
|
|-heal|p1a: Kingambit|38/100 brn|[from] item: Leftovers
|-damage|p1a: Kingambit|31/100 brn|[from] brn
|upkeep
|turn|19
|inactive|vzn.exe has 60 seconds left.
|
|t:|1776099328
|move|p1a: Kingambit|Sucker Punch|p2a: Excadrill
|-damage|p2a: Excadrill|57/100
|-enditem|p2a: Excadrill|Air Balloon
|move|p2a: Excadrill|Earthquake|p1a: Kingambit
|-supereffective|p1a: Kingambit
|-damage|p1a: Kingambit|0 fnt
|faint|p1a: Kingambit
|-end|p1a: Kingambit|fallen3|[silent]
|
|upkeep
|
|t:|1776099332
|switch|p1a: Barraskewda|Barraskewda, F|82/100
|turn|20
|inactive|vzn.exe has 60 seconds left.
|
|t:|1776099349
|switch|p2a: Hydrapple|Hydrapple, M|76/100
|move|p1a: Barraskewda|Flip Turn|p2a: Hydrapple
|-resisted|p2a: Hydrapple
|-damage|p2a: Hydrapple|69/100
|
|t:|1776099372
|switch|p1a: Raging Bolt|Raging Bolt|100/100|[from] Flip Turn
|
|upkeep
|turn|21
|inactive|vzn.exe has 60 seconds left.
|
|t:|1776099389
|switch|p2a: Excadrill|Excadrill, F|57/100
|move|p1a: Raging Bolt|Draco Meteor|p2a: Excadrill
|-resisted|p2a: Excadrill
|-damage|p2a: Excadrill|9/100
|-unboost|p1a: Raging Bolt|spa|2
|
|upkeep
|turn|22
|inactive|vzn.exe has 60 seconds left.
|
|t:|1776099405
|move|p2a: Excadrill|Earthquake|p1a: Raging Bolt
|-supereffective|p1a: Raging Bolt
|-damage|p1a: Raging Bolt|7/100
|move|p1a: Raging Bolt|Draco Meteor|p2a: Excadrill
|-resisted|p2a: Excadrill
|-damage|p2a: Excadrill|0 fnt
|-unboost|p1a: Raging Bolt|spa|2
|faint|p2a: Excadrill
|
|upkeep
|
|t:|1776099421
|switch|p2a: Hydrapple|Hydrapple, M|100/100
|turn|23
|
|t:|1776099429
|move|p1a: Raging Bolt|Draco Meteor|p2a: Hydrapple
|-supereffective|p2a: Hydrapple
|-damage|p2a: Hydrapple|49/100
|-unboost|p1a: Raging Bolt|spa|2
|move|p2a: Hydrapple|Giga Drain|p1a: Raging Bolt
|-resisted|p1a: Raging Bolt
|-damage|p1a: Raging Bolt|0 fnt
|-heal|p2a: Hydrapple|52/100|[from] drain|[of] p1a: Raging Bolt
|faint|p1a: Raging Bolt
|-end|p1a: Raging Bolt|Protosynthesis|[silent]
|
|upkeep
|
|t:|1776099435
|switch|p1a: Barraskewda|Barraskewda, F|82/100
|turn|24
|
|t:|1776099441
|move|p1a: Barraskewda|Liquidation|p2a: Hydrapple
|-resisted|p2a: Hydrapple
|-damage|p2a: Hydrapple|41/100
|move|p2a: Hydrapple|Giga Drain|p1a: Barraskewda
|-supereffective|p1a: Barraskewda
|-damage|p1a: Barraskewda|0 fnt
|-heal|p2a: Hydrapple|68/100|[from] drain|[of] p1a: Barraskewda
|faint|p1a: Barraskewda
|
|win|vzn.exe
|raw|benz_2302's rating: 1525 &rarr; <strong>1504</strong><br />(-21 for losing)
|raw|vzn.exe's rating: 1508 &rarr; <strong>1529</strong><br />(+21 for winning)
