|html|<div class="broadcast-blue"><strong>[Gen 9] OU is currently suspecting Tera Blast! For information on how to participate check out the <a href="https://www.smogon.com/tools/suspects/view/200">suspect thread</a>.</strong></div>
|j|☆alienstovall
|j|☆scarfchompirl
|t:|1776273253
|gametype|singles
|player|p1|alienstovall|170|1234
|player|p2|scarfchompirl|bede|1278
|gen|9
|tier|[Gen 9] OU
|rated|
|rule|HP Percentage Mod: HP is shown in percentages
|rule|Endless Battle Clause: Forcing endless battles is banned
|rule|Species Clause: Limit one of each Pokémon
|rule|OHKO Clause: OHKO moves are banned
|rule|Evasion Items Clause: Evasion items are banned
|rule|Evasion Moves Clause: Evasion moves are banned
|rule|Evasion Abilities Clause: Evasion abilities are banned
|rule|Sleep Moves Clause: Sleep-inducing moves are banned
|clearpoke
|poke|p1|Zamazenta-*|
|poke|p1|Blaziken, M|
|poke|p1|Azumarill, M|
|poke|p1|Serperior, M|
|poke|p1|Dragapult, F|
|poke|p1|Zapdos|
|poke|p2|Quagsire, F|
|poke|p2|Blissey, F|
|poke|p2|Toxapex, M|
|poke|p2|Weezing-Galar, M|
|poke|p2|Gliscor, M|
|poke|p2|Corviknight, M|
|teampreview
|inactive|Battle timer is ON: inactive players will automatically lose when time's up. (requested by scarfchompirl)
|
|t:|1776273284
|teamsize|p1|6
|teamsize|p2|6
|start
|switch|p1a: Serperior|Serperior, M|100/100
|switch|p2a: Quagsire|Quagsire, F|100/100
|turn|1
|
|t:|1776273292
|switch|p2a: Blissey|Blissey, F|100/100
|move|p1a: Serperior|Substitute|p1a: Serperior
|-start|p1a: Serperior|Substitute
|-damage|p1a: Serperior|76/100
|
|upkeep
|turn|2
|
|t:|1776273297
|move|p1a: Serperior|Leaf Storm|p2a: Blissey
|-damage|p2a: Blissey|85/100
|-boost|p1a: Serperior|spa|2
|move|p2a: Blissey|Calm Mind|p2a: Blissey
|-boost|p2a: Blissey|spa|1
|-boost|p2a: Blissey|spd|1
|
|-heal|p2a: Blissey|91/100|[from] item: Leftovers
|upkeep
|turn|3
|
|t:|1776273301
|move|p1a: Serperior|Leaf Storm|p2a: Blissey
|-damage|p2a: Blissey|66/100
|-boost|p1a: Serperior|spa|2
|move|p2a: Blissey|Calm Mind|p2a: Blissey
|-boost|p2a: Blissey|spa|1
|-boost|p2a: Blissey|spd|1
|
|-heal|p2a: Blissey|72/100|[from] item: Leftovers
|upkeep
|turn|4
|
|t:|1776273306
|move|p1a: Serperior|Leaf Storm|p2a: Blissey
|-damage|p2a: Blissey|41/100
|-boost|p1a: Serperior|spa|2
|move|p2a: Blissey|Calm Mind|p2a: Blissey
|-boost|p2a: Blissey|spa|1
|-boost|p2a: Blissey|spd|1
|
|-heal|p2a: Blissey|47/100|[from] item: Leftovers
|upkeep
|turn|5
|
|t:|1776273311
|move|p1a: Serperior|Leaf Storm|p2a: Blissey
|-damage|p2a: Blissey|11/100
|move|p2a: Blissey|Soft-Boiled|p2a: Blissey
|-heal|p2a: Blissey|61/100
|
|-heal|p2a: Blissey|67/100|[from] item: Leftovers
|upkeep
|turn|6
|
|t:|1776273320
|move|p1a: Serperior|Glare|p2a: Blissey
|-status|p2a: Blissey|par
|cant|p2a: Blissey|par
|
|-heal|p2a: Blissey|73/100 par|[from] item: Leftovers
|upkeep
|turn|7
|
|t:|1776273324
|move|p1a: Serperior|Leaf Storm|p2a: Blissey
|-damage|p2a: Blissey|52/100 par
|move|p2a: Blissey|Shadow Ball|p1a: Serperior
|-end|p1a: Serperior|Substitute
|
|-heal|p2a: Blissey|58/100 par|[from] item: Leftovers
|upkeep
|turn|8
|
|t:|1776273330
|-terastallize|p1a: Serperior|Fire
|move|p1a: Serperior|Tera Blast|p2a: Blissey|[anim] Tera Blast Fire
|-damage|p2a: Blissey|45/100 par
|cant|p2a: Blissey|par
|
|-heal|p2a: Blissey|51/100 par|[from] item: Leftovers
|upkeep
|turn|9
|
|t:|1776273344
|switch|p1a: Blaziken|Blaziken, M|100/100
|move|p2a: Blissey|Soft-Boiled|p2a: Blissey
|-heal|p2a: Blissey|100/100 par
|
|upkeep
|turn|10
|
|t:|1776273350
|-curestatus|p2a: Blissey|par|[from] ability: Natural Cure
|switch|p2a: Quagsire|Quagsire, F|100/100
|move|p1a: Blaziken|Swords Dance|p1a: Blaziken
|-boost|p1a: Blaziken|atk|2
|
|-ability|p1a: Blaziken|Speed Boost|boost
|-boost|p1a: Blaziken|spe|1
|upkeep
|turn|11
|
|t:|1776273362
|move|p1a: Blaziken|Swords Dance|p1a: Blaziken
|-boost|p1a: Blaziken|atk|2
|move|p2a: Quagsire|Toxic|p1a: Blaziken
|-status|p1a: Blaziken|tox
|
|-damage|p1a: Blaziken|95/100 tox|[from] psn
|-ability|p1a: Blaziken|Speed Boost|boost
|-boost|p1a: Blaziken|spe|1
|upkeep
|turn|12
|
|t:|1776273367
|move|p1a: Blaziken|Earthquake|p2a: Quagsire
|-damage|p2a: Quagsire|76/100
|move|p2a: Quagsire|Spikes|p1a: Blaziken
|-sidestart|p1: alienstovall|Spikes
|
|-heal|p2a: Quagsire|82/100|[from] item: Leftovers
|-damage|p1a: Blaziken|83/100 tox|[from] psn
|-ability|p1a: Blaziken|Speed Boost|boost
|-boost|p1a: Blaziken|spe|1
|upkeep
|turn|13
|
|t:|1776273375
|switch|p1a: Serperior|Serperior, M, tera:Fire|76/100
|-damage|p1a: Serperior|63/100|[from] Spikes
|move|p2a: Quagsire|Spikes|p1a: Serperior
|-sidestart|p1: alienstovall|Spikes
|
|-heal|p2a: Quagsire|88/100|[from] item: Leftovers
|upkeep
|turn|14
|
|t:|1776273384
|switch|p1a: Zamazenta|Zamazenta|100/100
|-damage|p1a: Zamazenta|84/100|[from] Spikes
|-ability|p1a: Zamazenta|Dauntless Shield|boost
|-boost|p1a: Zamazenta|def|1
|switch|p2a: Blissey|Blissey, F|100/100
|
|upkeep
|turn|15
|
|t:|1776273410
|switch|p2a: Corviknight|Corviknight, M|100/100
|-ability|p2a: Corviknight|Pressure
|move|p1a: Zamazenta|Iron Head|p2a: Corviknight
|-resisted|p2a: Corviknight
|-damage|p2a: Corviknight|85/100
|-damage|p1a: Zamazenta|67/100|[from] item: Rocky Helmet|[of] p2a: Corviknight
|
|upkeep
|turn|16
|
|t:|1776273417
|switch|p1a: Dragapult|Dragapult, F|100/100
|-damage|p1a: Dragapult|84/100|[from] Spikes
|move|p2a: Corviknight|Iron Defense|p2a: Corviknight
|-boost|p2a: Corviknight|def|2
|
|upkeep
|turn|17
|
|t:|1776273421
|switch|p2a: Blissey|Blissey, F|100/100
|move|p1a: Dragapult|Thunderbolt|p2a: Blissey
|-damage|p2a: Blissey|88/100
|-status|p2a: Blissey|par
|
|-heal|p2a: Blissey|94/100 par|[from] item: Leftovers
|upkeep
|turn|18
|
|t:|1776273428
|switch|p1a: Azumarill|Azumarill, M|100/100
|-damage|p1a: Azumarill|84/100|[from] Spikes
|move|p2a: Blissey|Stealth Rock|p1a: Azumarill
|-sidestart|p1: alienstovall|move: Stealth Rock
|
|-heal|p2a: Blissey|99/100 par|[from] item: Leftovers
|upkeep
|turn|19
|
|t:|1776273439
|-curestatus|p2a: Blissey|par|[from] ability: Natural Cure
|switch|p2a: Toxapex|Toxapex, M|100/100
|move|p1a: Azumarill|Belly Drum|p1a: Azumarill
|-damage|p1a: Azumarill|34/100
|-setboost|p1a: Azumarill|atk|6|[from] move: Belly Drum
|-enditem|p1a: Azumarill|Sitrus Berry|[eat]
|-heal|p1a: Azumarill|59/100|[from] item: Sitrus Berry
|
|upkeep
|turn|20
|
|t:|1776273448
|move|p2a: Toxapex|Baneful Bunker|p2a: Toxapex
|-singleturn|p2a: Toxapex|move: Protect
|move|p1a: Azumarill|Knock Off|p2a: Toxapex
|-activate|p2a: Toxapex|move: Protect
|-status|p1a: Azumarill|psn
|
|-damage|p1a: Azumarill|47/100 psn|[from] psn
|upkeep
|turn|21
|
|t:|1776273452
|move|p1a: Azumarill|Knock Off|p2a: Toxapex
|-damage|p2a: Toxapex|0 fnt
|-enditem|p2a: Toxapex|Leftovers|[from] move: Knock Off|[of] p1a: Azumarill
|faint|p2a: Toxapex
|
|-damage|p1a: Azumarill|34/100 psn|[from] psn
|upkeep
|
|t:|1776273454
|switch|p2a: Quagsire|Quagsire, F|88/100
|turn|22
|
|t:|1776273461
|move|p1a: Azumarill|Play Rough|p2a: Quagsire
|-damage|p2a: Quagsire|48/100
|move|p2a: Quagsire|Spikes|p1a: Azumarill
|-sidestart|p1: alienstovall|Spikes
|
|-heal|p2a: Quagsire|54/100|[from] item: Leftovers
|-damage|p1a: Azumarill|22/100 psn|[from] psn
|upkeep
|turn|23
|
|t:|1776273467
|move|p1a: Azumarill|Knock Off|p2a: Quagsire
|-damage|p2a: Quagsire|28/100
|-enditem|p2a: Quagsire|Leftovers|[from] move: Knock Off|[of] p1a: Azumarill
|move|p2a: Quagsire|Recover|p2a: Quagsire
|-heal|p2a: Quagsire|78/100
|
|-damage|p1a: Azumarill|9/100 psn|[from] psn
|upkeep
|turn|24
|
|t:|1776273473
|move|p1a: Azumarill|Play Rough|p2a: Quagsire
|-damage|p2a: Quagsire|41/100
|move|p2a: Quagsire|Recover|p2a: Quagsire
|-heal|p2a: Quagsire|91/100
|
|-damage|p1a: Azumarill|0 fnt|[from] psn
|faint|p1a: Azumarill
|upkeep
|
|t:|1776273477
|switch|p1a: Serperior|Serperior, M, tera:Fire|63/100
|-damage|p1a: Serperior|39/100|[from] Spikes
|-damage|p1a: Serperior|14/100|[from] Stealth Rock
|turn|25
|
|t:|1776273481
|switch|p2a: Blissey|Blissey, F|99/100
|move|p1a: Serperior|Leaf Storm|p2a: Blissey
|-damage|p2a: Blissey|84/100
|-boost|p1a: Serperior|spa|2
|
|-heal|p2a: Blissey|90/100|[from] item: Leftovers
|upkeep
|turn|26
|
|t:|1776273485
|move|p1a: Serperior|Leaf Storm|p2a: Blissey
|-damage|p2a: Blissey|56/100
|-boost|p1a: Serperior|spa|2
|move|p2a: Blissey|Shadow Ball|p1a: Serperior
|-damage|p1a: Serperior|0 fnt
|faint|p1a: Serperior
|
|-heal|p2a: Blissey|63/100|[from] item: Leftovers
|upkeep
|
|t:|1776273499
|switch|p1a: Blaziken|Blaziken, M|83/100 tox
|-damage|p1a: Blaziken|58/100 tox|[from] Spikes
|-damage|p1a: Blaziken|45/100 tox|[from] Stealth Rock
|turn|27
|
|t:|1776273512
|switch|p2a: Quagsire|Quagsire, F|91/100
|move|p1a: Blaziken|Earthquake|p2a: Quagsire
|-damage|p2a: Quagsire|65/100
|
|-damage|p1a: Blaziken|39/100 tox|[from] psn
|-ability|p1a: Blaziken|Speed Boost|boost
|-boost|p1a: Blaziken|spe|1
|upkeep
|turn|28
|
|t:|1776273516
|move|p1a: Blaziken|Earthquake|p2a: Quagsire
|-damage|p2a: Quagsire|41/100
|move|p2a: Quagsire|Recover|p2a: Quagsire
|-heal|p2a: Quagsire|91/100
|
|-damage|p1a: Blaziken|27/100 tox|[from] psn
|-ability|p1a: Blaziken|Speed Boost|boost
|-boost|p1a: Blaziken|spe|1
|upkeep
|turn|29
|
|t:|1776273520
|switch|p1a: Dragapult|Dragapult, F|84/100
|-damage|p1a: Dragapult|59/100|[from] Spikes
|-damage|p1a: Dragapult|47/100|[from] Stealth Rock
|move|p2a: Quagsire|Recover|p2a: Quagsire
|-heal|p2a: Quagsire|100/100
|
|upkeep
|turn|30
|
|t:|1776273525
|move|p1a: Dragapult|Draco Meteor|p2a: Quagsire
|-damage|p2a: Quagsire|0 fnt
|-unboost|p1a: Dragapult|spa|2
|faint|p2a: Quagsire
|
|upkeep
|
|t:|1776273531
|switch|p2a: Gliscor|Gliscor, M|100/100
|turn|31
|
|t:|1776273540
|switch|p1a: Zamazenta|Zamazenta|67/100
|-damage|p1a: Zamazenta|42/100|[from] Spikes
|-damage|p1a: Zamazenta|36/100|[from] Stealth Rock
|move|p2a: Gliscor|Swords Dance|p2a: Gliscor
|-boost|p2a: Gliscor|atk|2
|
|-status|p2a: Gliscor|tox|[from] item: Toxic Orb
|upkeep
|turn|32
|
|t:|1776273551
|move|p1a: Zamazenta|Iron Head|p2a: Gliscor
|-damage|p2a: Gliscor|68/100 tox
|move|p2a: Gliscor|Knock Off|p1a: Zamazenta
|-resisted|p1a: Zamazenta
|-damage|p1a: Zamazenta|16/100
|-enditem|p1a: Zamazenta|Choice Band|[from] move: Knock Off|[of] p2a: Gliscor
|
|-heal|p2a: Gliscor|80/100 tox|[from] ability: Poison Heal
|upkeep
|turn|33
|
|t:|1776273556
|move|p2a: Gliscor|Protect|p2a: Gliscor
|-singleturn|p2a: Gliscor|Protect
|move|p1a: Zamazenta|Iron Head|p2a: Gliscor
|-activate|p2a: Gliscor|move: Protect
|
|-heal|p2a: Gliscor|93/100 tox|[from] ability: Poison Heal
|upkeep
|turn|34
|
|t:|1776273559
|move|p1a: Zamazenta|Iron Head|p2a: Gliscor
|-damage|p2a: Gliscor|69/100 tox
|move|p2a: Gliscor|Swords Dance|p2a: Gliscor
|-boost|p2a: Gliscor|atk|2
|
|-heal|p2a: Gliscor|82/100 tox|[from] ability: Poison Heal
|upkeep
|turn|35
|
|t:|1776273563
|move|p2a: Gliscor|Protect|p2a: Gliscor
|-singleturn|p2a: Gliscor|Protect
|move|p1a: Zamazenta|Iron Head|p2a: Gliscor
|-activate|p2a: Gliscor|move: Protect
|
|-heal|p2a: Gliscor|94/100 tox|[from] ability: Poison Heal
|upkeep
|turn|36
|
|t:|1776273567
|move|p1a: Zamazenta|Iron Head|p2a: Gliscor
|-damage|p2a: Gliscor|71/100 tox
|move|p2a: Gliscor|Swords Dance|p2a: Gliscor
|-boost|p2a: Gliscor|atk|2
|
|-heal|p2a: Gliscor|83/100 tox|[from] ability: Poison Heal
|upkeep
|turn|37
|
|t:|1776273571
|move|p2a: Gliscor|Protect|p2a: Gliscor
|-singleturn|p2a: Gliscor|Protect
|move|p1a: Zamazenta|Iron Head|p2a: Gliscor
|-activate|p2a: Gliscor|move: Protect
|
|-heal|p2a: Gliscor|96/100 tox|[from] ability: Poison Heal
|upkeep
|turn|38
|
|t:|1776273574
|move|p1a: Zamazenta|Iron Head|p2a: Gliscor
|-damage|p2a: Gliscor|74/100 tox
|move|p2a: Gliscor|Knock Off|p1a: Zamazenta
|-resisted|p1a: Zamazenta
|-damage|p1a: Zamazenta|0 fnt
|faint|p1a: Zamazenta
|
|-heal|p2a: Gliscor|87/100 tox|[from] ability: Poison Heal
|upkeep
|
|t:|1776273583
|switch|p1a: Dragapult|Dragapult, F|47/100
|-damage|p1a: Dragapult|22/100|[from] Spikes
|-damage|p1a: Dragapult|10/100|[from] Stealth Rock
|turn|39
|
|t:|1776273591
|move|p2a: Gliscor|Protect|p2a: Gliscor
|-singleturn|p2a: Gliscor|Protect
|move|p1a: Dragapult|Surf|p2a: Gliscor
|-activate|p2a: Gliscor|move: Protect
|
|-heal|p2a: Gliscor|99/100 tox|[from] ability: Poison Heal
|upkeep
|turn|40
|
|t:|1776273597
|-terastallize|p2a: Gliscor|Normal
|move|p1a: Dragapult|Surf|p2a: Gliscor
|-damage|p2a: Gliscor|50/100 tox
|move|p2a: Gliscor|Knock Off|p1a: Dragapult
|-supereffective|p1a: Dragapult
|-damage|p1a: Dragapult|0 fnt
|-enditem|p1a: Dragapult|Choice Specs|[from] move: Knock Off|[of] p2a: Gliscor
|faint|p1a: Dragapult
|
|-heal|p2a: Gliscor|63/100 tox|[from] ability: Poison Heal
|upkeep
|
|t:|1776273604
|switch|p1a: Zapdos|Zapdos|100/100
|-damage|p1a: Zapdos|76/100|[from] Stealth Rock
|turn|41
|
|t:|1776273614
|move|p1a: Zapdos|Thunderbolt|p2a: Gliscor
|-damage|p2a: Gliscor|11/100 tox
|move|p2a: Gliscor|Facade|p1a: Zapdos
|-damage|p1a: Zapdos|0 fnt
|faint|p1a: Zapdos
|
|-heal|p2a: Gliscor|24/100 tox|[from] ability: Poison Heal
|upkeep
|
|t:|1776273619
|switch|p1a: Blaziken|Blaziken, M|27/100 tox
|-damage|p1a: Blaziken|2/100 tox|[from] Spikes
|-damage|p1a: Blaziken|0 fnt|[from] Stealth Rock
|faint|p1a: Blaziken
|
|win|scarfchompirl
|raw|alienstovall's rating: 1234 &rarr; <strong>1212</strong><br />(-22 for losing)
|raw|scarfchompirl's rating: 1278 &rarr; <strong>1300</strong><br />(+22 for winning)
|c|☆scarfchompirl|Gg
|l|☆alienstovall
|player|p1|
