|html|<div class="broadcast-blue"><strong>[Gen 9] OU is currently suspecting Tera Blast! For information on how to participate check out the <a href="https://www.smogon.com/tools/suspects/view/200">suspect thread</a>.</strong></div>
|j|☆gurneybob
|j|☆elementalbalance
|t:|1776240631
|gametype|singles
|player|p1|gurneybob|102|1102
|player|p2|elementalbalance|ghetsis|1117
|gen|9
|tier|[Gen 9] OU
|rated|
|rule|HP Percentage Mod: HP is shown in percentages
|rule|Endless Battle Clause: Forcing endless battles is banned
|rule|Species Clause: Limit one of each Pokémon
|rule|OHKO Clause: OHKO moves are banned
|rule|Evasion Items Clause: Evasion items are banned
|rule|Evasion Moves Clause: Evasion moves are banned
|rule|Evasion Abilities Clause: Evasion abilities are banned
|rule|Sleep Moves Clause: Sleep-inducing moves are banned
|clearpoke
|poke|p1|Dragonite, F|
|poke|p1|Samurott-Hisui, F|
|poke|p1|Clefable, M|
|poke|p1|Gliscor, F|
|poke|p1|Gholdengo|
|poke|p1|Zamazenta-*|
|poke|p2|Darkrai|
|poke|p2|Cinderace, M|
|poke|p2|Kingambit, F|
|poke|p2|Iron Valiant|
|poke|p2|Umbreon, M|
|poke|p2|Milotic, F|
|teampreview
|
|t:|1776240647
|teamsize|p1|6
|teamsize|p2|6
|start
|switch|p1a: Clefable|Clefable, M|100/100
|switch|p2a: Umbreon|Umbreon, M|100/100
|turn|1
|
|t:|1776240657
|switch|p2a: Milotic|Milotic, F|100/100
|move|p1a: Clefable|Moonblast|p2a: Milotic
|-damage|p2a: Milotic|82/100
|
|-heal|p2a: Milotic|88/100|[from] item: Leftovers
|upkeep
|turn|2
|
|t:|1776240667
|move|p2a: Milotic|Whirlpool|p1a: Clefable
|-damage|p1a: Clefable|88/100
|-activate|p1a: Clefable|move: Whirlpool|[of] p2a: Milotic
|move|p1a: Clefable|Knock Off|p2a: Milotic
|-damage|p2a: Milotic|73/100
|-enditem|p2a: Milotic|Leftovers|[from] move: Knock Off|[of] p1a: Clefable
|
|upkeep
|turn|3
|
|t:|1776240676
|move|p2a: Milotic|Attract|p1a: Clefable
|-start|p1a: Clefable|Attract
|-activate|p1a: Clefable|move: Attract|[of] p2a: Milotic
|cant|p1a: Clefable|Attract
|
|upkeep
|turn|4
|
|t:|1776240681
|move|p2a: Milotic|Confuse Ray|p1a: Clefable
|-start|p1a: Clefable|confusion
|-activate|p1a: Clefable|confusion
|-damage|p1a: Clefable|83/100|[from] confusion
|
|upkeep
|turn|5
|
|t:|1776240690
|move|p2a: Milotic|Recover|p2a: Milotic
|-heal|p2a: Milotic|100/100
|-activate|p1a: Clefable|confusion
|-activate|p1a: Clefable|move: Attract|[of] p2a: Milotic
|move|p1a: Clefable|Stealth Rock|p2a: Milotic
|-sidestart|p2: elementalbalance|move: Stealth Rock
|
|upkeep
|turn|6
|
|t:|1776240701
|move|p2a: Milotic|Whirlpool|p1a: Clefable|[miss]
|-miss|p2a: Milotic|p1a: Clefable
|-end|p1a: Clefable|confusion
|-activate|p1a: Clefable|move: Attract|[of] p2a: Milotic
|cant|p1a: Clefable|Attract
|
|upkeep
|turn|7
|
|t:|1776240709
|move|p2a: Milotic|Whirlpool|p1a: Clefable
|-damage|p1a: Clefable|72/100
|-activate|p1a: Clefable|move: Attract|[of] p2a: Milotic
|cant|p1a: Clefable|Attract
|
|-end|p1a: Clefable|Whirlpool|[partiallytrapped]
|upkeep
|turn|8
|
|t:|1776240716
|move|p2a: Milotic|Whirlpool|p1a: Clefable|[miss]
|-miss|p2a: Milotic|p1a: Clefable
|-activate|p1a: Clefable|move: Attract|[of] p2a: Milotic
|cant|p1a: Clefable|Attract
|
|upkeep
|turn|9
|inactive|Battle timer is ON: inactive players will automatically lose when time's up. (requested by elementalbalance)
|
|t:|1776240752
|switch|p1a: Gholdengo|Gholdengo|100/100
|move|p2a: Milotic|Whirlpool|p1a: Gholdengo
|-damage|p1a: Gholdengo|89/100
|-activate|p1a: Gholdengo|move: Whirlpool|[of] p2a: Milotic
|
|-damage|p1a: Gholdengo|77/100|[from] move: Whirlpool|[partiallytrapped]
|upkeep
|turn|10
|
|t:|1776240759
|move|p1a: Gholdengo|Trick|p2a: Milotic
|-activate|p1a: Gholdengo|move: Trick|[of] p2a: Milotic
|-item|p2a: Milotic|Choice Scarf|[from] move: Trick
|-enditem|p1a: Gholdengo|Choice Scarf|[silent]|[from] move: Trick
|move|p2a: Milotic|Confuse Ray|p1a: Gholdengo
|-immune|p1a: Gholdengo|[from] ability: Good as Gold
|
|-damage|p1a: Gholdengo|65/100|[from] move: Whirlpool|[partiallytrapped]
|upkeep
|turn|11
|
|t:|1776240775
|move|p2a: Milotic|Confuse Ray|p1a: Gholdengo
|-immune|p1a: Gholdengo|[from] ability: Good as Gold
|move|p1a: Gholdengo|Recover|p1a: Gholdengo
|-heal|p1a: Gholdengo|100/100
|
|-damage|p1a: Gholdengo|88/100|[from] move: Whirlpool|[partiallytrapped]
|upkeep
|turn|12
|
|t:|1776240786
|move|p2a: Milotic|Confuse Ray|p1a: Gholdengo
|-immune|p1a: Gholdengo|[from] ability: Good as Gold
|move|p1a: Gholdengo|Shadow Ball|p2a: Milotic
|-damage|p2a: Milotic|83/100
|
|-damage|p1a: Gholdengo|76/100|[from] move: Whirlpool|[partiallytrapped]
|upkeep
|turn|13
|
|t:|1776240797
|switch|p2a: Umbreon|Umbreon, M|100/100
|-damage|p2a: Umbreon|88/100|[from] Stealth Rock
|move|p1a: Gholdengo|Shadow Ball|p2a: Umbreon
|-resisted|p2a: Umbreon
|-damage|p2a: Umbreon|80/100
|
|-heal|p2a: Umbreon|86/100|[from] item: Leftovers
|-end|p1a: Gholdengo|Whirlpool|[partiallytrapped]|[silent]
|upkeep
|turn|14
|
|t:|1776240807
|switch|p1a: Clefable|Clefable, M|72/100
|move|p2a: Umbreon|Foul Play|p1a: Clefable
|-resisted|p1a: Clefable
|-damage|p1a: Clefable|64/100
|-damage|p2a: Umbreon|69/100|[from] item: Rocky Helmet|[of] p1a: Clefable
|
|-heal|p2a: Umbreon|75/100|[from] item: Leftovers
|upkeep
|turn|15
|
|t:|1776240820
|switch|p2a: Milotic|Milotic, F|83/100
|-damage|p2a: Milotic|71/100|[from] Stealth Rock
|move|p1a: Clefable|Moonblast|p2a: Milotic
|-damage|p2a: Milotic|55/100
|-unboost|p2a: Milotic|spa|1
|
|upkeep
|turn|16
|
|t:|1776240829
|move|p2a: Milotic|Whirlpool|p1a: Clefable
|-damage|p1a: Clefable|57/100
|-activate|p1a: Clefable|move: Whirlpool|[of] p2a: Milotic
|move|p1a: Clefable|Moonlight|p1a: Clefable
|-heal|p1a: Clefable|100/100
|
|upkeep
|turn|17
|
|t:|1776240849
|move|p2a: Milotic|Whirlpool|p1a: Clefable
|-damage|p1a: Clefable|92/100
|move|p1a: Clefable|Moonblast|p2a: Milotic
|-damage|p2a: Milotic|39/100
|-unboost|p2a: Milotic|spa|1
|
|upkeep
|turn|18
|
|t:|1776240856
|move|p2a: Milotic|Whirlpool|p1a: Clefable|[miss]
|-miss|p2a: Milotic|p1a: Clefable
|move|p1a: Clefable|Moonblast|p2a: Milotic
|-damage|p2a: Milotic|22/100
|
|upkeep
|turn|19
|
|t:|1776240870
|move|p2a: Milotic|Whirlpool|p1a: Clefable
|-damage|p1a: Clefable|87/100
|move|p1a: Clefable|Moonblast|p2a: Milotic
|-damage|p2a: Milotic|4/100
|
|upkeep
|turn|20
|
|t:|1776240878
|move|p2a: Milotic|Whirlpool|p1a: Clefable
|-damage|p1a: Clefable|81/100
|move|p1a: Clefable|Moonblast|p2a: Milotic
|-damage|p2a: Milotic|0 fnt
|faint|p2a: Milotic
|
|-end|p1a: Clefable|Whirlpool|[partiallytrapped]
|upkeep
|
|t:|1776240882
|switch|p2a: Kingambit|Kingambit, F|100/100
|-damage|p2a: Kingambit|94/100|[from] Stealth Rock
|-activate|p2a: Kingambit|ability: Supreme Overlord
|-start|p2a: Kingambit|fallen1|[silent]
|turn|21
|
|t:|1776240902
|switch|p1a: Zamazenta|Zamazenta|100/100
|-ability|p1a: Zamazenta|Dauntless Shield|boost
|-boost|p1a: Zamazenta|def|1
|move|p2a: Kingambit|Kowtow Cleave|p1a: Zamazenta
|-resisted|p1a: Zamazenta
|-damage|p1a: Zamazenta|84/100
|
|-heal|p1a: Zamazenta|90/100|[from] item: Leftovers
|-heal|p2a: Kingambit|100/100|[from] item: Leftovers
|upkeep
|turn|22
|
|t:|1776240922
|-end|p2a: Kingambit|fallen1|[silent]
|switch|p2a: Iron Valiant|Iron Valiant|100/100
|-damage|p2a: Iron Valiant|94/100|[from] Stealth Rock
|-enditem|p2a: Iron Valiant|Booster Energy
|-activate|p2a: Iron Valiant|ability: Quark Drive|[fromitem]
|-start|p2a: Iron Valiant|quarkdrivespe
|move|p1a: Zamazenta|Iron Defense|p1a: Zamazenta
|-boost|p1a: Zamazenta|def|2
|
|-heal|p1a: Zamazenta|96/100|[from] item: Leftovers
|upkeep
|turn|23
|
|t:|1776240941
|move|p2a: Iron Valiant|Moonblast|p1a: Zamazenta
|-supereffective|p1a: Zamazenta
|-damage|p1a: Zamazenta|4/100
|move|p1a: Zamazenta|Roar|p2a: Iron Valiant
|-end|p2a: Iron Valiant|Quark Drive|[silent]
|drag|p2a: Darkrai|Darkrai|100/100
|-damage|p2a: Darkrai|88/100|[from] Stealth Rock
|
|-heal|p1a: Zamazenta|10/100|[from] item: Leftovers
|upkeep
|turn|24
|
|t:|1776240957
|-terastallize|p2a: Darkrai|Poison
|move|p1a: Zamazenta|Body Press|p2a: Darkrai
|-resisted|p2a: Darkrai
|-damage|p2a: Darkrai|30/100
|move|p2a: Darkrai|Sludge Bomb|p1a: Zamazenta
|-damage|p1a: Zamazenta|0 fnt
|faint|p1a: Zamazenta
|-damage|p2a: Darkrai|20/100|[from] item: Life Orb
|
|upkeep
|inactive|gurneybob has 120 seconds left.
|
|t:|1776240969
|switch|p1a: Gholdengo|Gholdengo|76/100
|turn|25
|inactive|gurneybob has 120 seconds left.
|
|t:|1776240980
|move|p2a: Darkrai|Dark Pulse|p1a: Gholdengo
|-supereffective|p1a: Gholdengo
|-damage|p1a: Gholdengo|0 fnt
|faint|p1a: Gholdengo
|-damage|p2a: Darkrai|10/100|[from] item: Life Orb
|
|upkeep
|inactive|gurneybob has 120 seconds left.
|
|t:|1776240993
|switch|p1a: Dragonite|Dragonite, F|100/100
|turn|26
|
|t:|1776240997
|move|p2a: Darkrai|Ice Beam|p1a: Dragonite
|-supereffective|p1a: Dragonite
|-damage|p1a: Dragonite|25/100
|-damage|p2a: Darkrai|0 fnt|[from] item: Life Orb
|faint|p2a: Darkrai
|move|p1a: Dragonite|Earthquake|p2: Darkrai|[notarget]
|-fail|p1a: Dragonite
|
|upkeep
|
|t:|1776241011
|switch|p2a: Cinderace|Cinderace, M|100/100
|turn|27
|inactive|gurneybob has 120 seconds left.
|
|t:|1776241034
|switch|p1a: Gliscor|Gliscor, F|100/100
|move|p2a: Cinderace|Sucker Punch||[still]
|-fail|p2a: Cinderace
|
|-status|p1a: Gliscor|tox|[from] item: Toxic Orb
|upkeep
|turn|28
|inactive|gurneybob has 120 seconds left.
|
|t:|1776241050
|move|p1a: Gliscor|Protect|p1a: Gliscor
|-singleturn|p1a: Gliscor|Protect
|move|p2a: Cinderace|U-turn|p1a: Gliscor
|-start|p2a: Cinderace|typechange|Bug|[from] ability: Libero
|-activate|p1a: Gliscor|move: Protect
|
|upkeep
|turn|29
|
|t:|1776241057
|move|p2a: Cinderace|U-turn|p1a: Gliscor
|-resisted|p1a: Gliscor
|-damage|p1a: Gliscor|87/100 tox
|
|t:|1776241060
|switch|p2a: Umbreon|Umbreon, M|75/100|[from] U-turn
|-damage|p2a: Umbreon|63/100|[from] Stealth Rock
|move|p1a: Gliscor|Knock Off|p2a: Umbreon
|-resisted|p2a: Umbreon
|-damage|p2a: Umbreon|55/100
|-enditem|p2a: Umbreon|Leftovers|[from] move: Knock Off|[of] p1a: Gliscor
|
|-heal|p1a: Gliscor|99/100 tox|[from] ability: Poison Heal
|upkeep
|turn|30
|
|t:|1776241076
|move|p1a: Gliscor|Protect|p1a: Gliscor
|-singleturn|p1a: Gliscor|Protect
|move|p2a: Umbreon|Wish|p2a: Umbreon
|
|-heal|p1a: Gliscor|100/100 tox|[from] ability: Poison Heal
|upkeep
|turn|31
|
|t:|1776241105
|switch|p2a: Iron Valiant|Iron Valiant|94/100
|-damage|p2a: Iron Valiant|88/100|[from] Stealth Rock
|move|p1a: Gliscor|Swords Dance|p1a: Gliscor
|-boost|p1a: Gliscor|atk|2
|
|-heal|p2a: Iron Valiant|100/100|[from] move: Wish|[wisher] Umbreon
|upkeep
|turn|32
|
|t:|1776241125
|move|p1a: Gliscor|Protect|p1a: Gliscor
|-singleturn|p1a: Gliscor|Protect
|move|p2a: Iron Valiant|Calm Mind|p2a: Iron Valiant
|-boost|p2a: Iron Valiant|spa|1
|-boost|p2a: Iron Valiant|spd|1
|
|upkeep
|turn|33
|
|t:|1776241132
|-terastallize|p1a: Gliscor|Normal
|move|p2a: Iron Valiant|Moonblast|p1a: Gliscor
|-damage|p1a: Gliscor|36/100 tox
|move|p1a: Gliscor|Facade|p2a: Iron Valiant
|-damage|p2a: Iron Valiant|0 fnt
|faint|p2a: Iron Valiant
|-end|p2a: Iron Valiant|Quark Drive|[silent]
|
|-heal|p1a: Gliscor|48/100 tox|[from] ability: Poison Heal
|upkeep
|inactive|elementalbalance has 120 seconds left.
|inactive|elementalbalance has 90 seconds left.
|inactive|elementalbalance has 60 seconds left.
|
|t:|1776241217
|switch|p2a: Cinderace|Cinderace, M|100/100
|turn|34
|
|t:|1776241230
|move|p2a: Cinderace|Pyro Ball|p1a: Gliscor
|-damage|p1a: Gliscor|0 fnt
|faint|p1a: Gliscor
|
|upkeep
|
|t:|1776241235
|switch|p1a: Samurott|Samurott-Hisui, F, shiny|100/100
|turn|35
|
|t:|1776241246
|move|p2a: Cinderace|U-turn|p1a: Samurott
|-start|p2a: Cinderace|typechange|Bug|[from] ability: Libero
|-supereffective|p1a: Samurott
|-damage|p1a: Samurott|24/100
|
|t:|1776241250
|switch|p2a: Umbreon|Umbreon, M|55/100|[from] U-turn
|-damage|p2a: Umbreon|42/100|[from] Stealth Rock
|move|p1a: Samurott|Razor Shell|p2a: Umbreon
|-damage|p2a: Umbreon|0 fnt
|faint|p2a: Umbreon
|
|upkeep
|
|t:|1776241262
|switch|p2a: Cinderace|Cinderace, M|100/100
|turn|36
|
|t:|1776241272
|switch|p1a: Dragonite|Dragonite, F|25/100
|move|p2a: Cinderace|U-turn|p1a: Dragonite
|-start|p2a: Cinderace|typechange|Bug|[from] ability: Libero
|-resisted|p1a: Dragonite
|-damage|p1a: Dragonite|8/100
|
|t:|1776241276
|switch|p2a: Kingambit|Kingambit, F|100/100|[from] U-turn
|-damage|p2a: Kingambit|94/100|[from] Stealth Rock
|-activate|p2a: Kingambit|ability: Supreme Overlord
|-start|p2a: Kingambit|fallen4|[silent]
|
|-heal|p2a: Kingambit|100/100|[from] item: Leftovers
|upkeep
|turn|37
|
|t:|1776241289
|move|p2a: Kingambit|Sucker Punch||[still]
|-fail|p2a: Kingambit
|move|p1a: Dragonite|Roost|p1a: Dragonite
|-heal|p1a: Dragonite|58/100
|-singleturn|p1a: Dragonite|move: Roost
|
|upkeep
|turn|38
|
|t:|1776241298
|move|p1a: Dragonite|Roost|p1a: Dragonite
|-heal|p1a: Dragonite|100/100
|-singleturn|p1a: Dragonite|move: Roost
|move|p2a: Kingambit|Kowtow Cleave|p1a: Dragonite
|-damage|p1a: Dragonite|63/100
|
|upkeep
|turn|39
|
|t:|1776241309
|move|p1a: Dragonite|Earthquake|p2a: Kingambit
|-supereffective|p2a: Kingambit
|-damage|p2a: Kingambit|32/100
|move|p2a: Kingambit|Kowtow Cleave|p1a: Dragonite
|-damage|p1a: Dragonite|0 fnt
|faint|p1a: Dragonite
|
|-heal|p2a: Kingambit|39/100|[from] item: Leftovers
|upkeep
|
|t:|1776241326
|switch|p1a: Samurott|Samurott-Hisui, F, shiny|24/100
|turn|40
|
|t:|1776241339
|move|p1a: Samurott|Sucker Punch|p2a: Kingambit
|-resisted|p2a: Kingambit
|-damage|p2a: Kingambit|25/100
|move|p2a: Kingambit|Sucker Punch||[still]
|-fail|p2a: Kingambit
|
|-heal|p2a: Kingambit|31/100|[from] item: Leftovers
|upkeep
|turn|41
|
|t:|1776241348
|move|p1a: Samurott|Razor Shell|p2a: Kingambit|[miss]
|-miss|p1a: Samurott|p2a: Kingambit
|move|p2a: Kingambit|Kowtow Cleave|p1a: Samurott
|-resisted|p1a: Samurott
|-damage|p1a: Samurott|0 fnt
|faint|p1a: Samurott
|
|-heal|p2a: Kingambit|37/100|[from] item: Leftovers
|upkeep
|
|t:|1776241357
|switch|p1a: Clefable|Clefable, M|81/100
|turn|42
|
|t:|1776241362
|move|p2a: Kingambit|Iron Head|p1a: Clefable
|-supereffective|p1a: Clefable
|-damage|p1a: Clefable|0 fnt
|-damage|p2a: Kingambit|21/100|[from] item: Rocky Helmet|[of] p1a: Clefable
|faint|p1a: Clefable
|
|win|elementalbalance
|raw|gurneybob's rating: 1102 &rarr; <strong>1078</strong><br />(-24 for losing)
|raw|elementalbalance's rating: 1117 &rarr; <strong>1141</strong><br />(+24 for winning)
