|html|<div class="broadcast-blue"><strong>[Gen 9] OU is currently suspecting Tera Blast! For information on how to participate check out the <a href="https://www.smogon.com/tools/suspects/view/200">suspect thread</a>.</strong></div>
|j|☆Rolosparkler
|j|☆excelio21
|t:|1776256937
|gametype|singles
|player|p1|Rolosparkler|ghetsis|1450
|player|p2|excelio21|riley|1493
|gen|9
|tier|[Gen 9] OU
|rated|
|rule|HP Percentage Mod: HP is shown in percentages
|rule|Endless Battle Clause: Forcing endless battles is banned
|rule|Species Clause: Limit one of each Pokémon
|rule|OHKO Clause: OHKO moves are banned
|rule|Evasion Items Clause: Evasion items are banned
|rule|Evasion Moves Clause: Evasion moves are banned
|rule|Evasion Abilities Clause: Evasion abilities are banned
|rule|Sleep Moves Clause: Sleep-inducing moves are banned
|clearpoke
|poke|p1|Garchomp, F|
|poke|p1|Gholdengo|
|poke|p1|Great Tusk|
|poke|p1|Kingambit, M|
|poke|p1|Dragapult, M|
|poke|p1|Iron Valiant|
|poke|p2|Tyranitar, F|
|poke|p2|Excadrill, F|
|poke|p2|Rillaboom, M|
|poke|p2|Volcanion|
|poke|p2|Pelipper, M|
|poke|p2|Garchomp, M|
|teampreview
|inactive|Battle timer is ON: inactive players will automatically lose when time's up. (requested by excelio21)
|
|t:|1776256962
|teamsize|p1|6
|teamsize|p2|6
|start
|switch|p1a: Dragapult|Dragapult, M|100/100
|switch|p2a: Volcanion|Volcanion|100/100
|turn|1
|
|t:|1776256973
|move|p1a: Dragapult|Draco Meteor|p2a: Volcanion
|-damage|p2a: Volcanion|14/100
|-unboost|p1a: Dragapult|spa|2
|move|p2a: Volcanion|Steam Eruption|p1a: Dragapult
|-resisted|p1a: Dragapult
|-crit|p1a: Dragapult
|-damage|p1a: Dragapult|0 fnt
|faint|p1a: Dragapult
|
|upkeep
|inactive|Rolosparkler has 120 seconds left.
|inactive|Rolosparkler has 90 seconds left.
|
|t:|1776257049
|switch|p1a: Iron Valiant|Iron Valiant|100/100
|-enditem|p1a: Iron Valiant|Booster Energy
|-activate|p1a: Iron Valiant|ability: Quark Drive|[fromitem]
|-start|p1a: Iron Valiant|quarkdrivespe
|turn|2
|
|t:|1776257068
|move|p1a: Iron Valiant|Moonblast|p2a: Volcanion
|-resisted|p2a: Volcanion
|-damage|p2a: Volcanion|0 fnt
|faint|p2a: Volcanion
|
|upkeep
|
|t:|1776257076
|switch|p2a: Tyranitar|Tyranitar, F|100/100
|-weather|Sandstorm|[from] ability: Sand Stream|[of] p2a: Tyranitar
|turn|3
|
|t:|1776257084
|move|p1a: Iron Valiant|Close Combat|p2a: Tyranitar
|-supereffective|p2a: Tyranitar
|-damage|p2a: Tyranitar|0 fnt
|-unboost|p1a: Iron Valiant|def|1
|-unboost|p1a: Iron Valiant|spd|1
|faint|p2a: Tyranitar
|
|-weather|Sandstorm|[upkeep]
|-damage|p1a: Iron Valiant|94/100|[from] Sandstorm
|upkeep
|
|t:|1776257093
|switch|p2a: Excadrill|Excadrill, F|100/100
|turn|4
|
|t:|1776257101
|-end|p1a: Iron Valiant|Quark Drive|[silent]
|switch|p1a: Great Tusk|Great Tusk|100/100
|move|p2a: Excadrill|Earthquake|p1a: Great Tusk
|-damage|p1a: Great Tusk|65/100
|-damage|p2a: Excadrill|91/100|[from] item: Life Orb
|
|-weather|Sandstorm|[upkeep]
|-heal|p1a: Great Tusk|71/100|[from] item: Leftovers
|upkeep
|turn|5
|
|t:|1776257113
|switch|p2a: Pelipper|Pelipper, M|100/100
|-weather|RainDance|[from] ability: Drizzle|[of] p2a: Pelipper
|move|p1a: Great Tusk|Knock Off|p2a: Pelipper
|-damage|p2a: Pelipper|70/100
|-enditem|p2a: Pelipper|Damp Rock|[from] move: Knock Off|[of] p1a: Great Tusk
|
|-weather|RainDance|[upkeep]
|-heal|p1a: Great Tusk|77/100|[from] item: Leftovers
|upkeep
|turn|6
|
|t:|1776257125
|-end|p1a: Great Tusk|Protosynthesis|[silent]
|switch|p1a: Gholdengo|Gholdengo|100/100
|move|p2a: Pelipper|Surf|p1a: Gholdengo
|-damage|p1a: Gholdengo|31/100
|
|-weather|RainDance|[upkeep]
|upkeep
|turn|7
|inactive|Rolosparkler has 90 seconds left.
|
|t:|1776257159
|move|p1a: Gholdengo|Shadow Ball|p2a: Pelipper
|-damage|p2a: Pelipper|12/100
|move|p2a: Pelipper|Surf|p1a: Gholdengo
|-damage|p1a: Gholdengo|0 fnt
|faint|p1a: Gholdengo
|
|-weather|RainDance|[upkeep]
|upkeep
|inactive|Rolosparkler has 60 seconds left.
|
|t:|1776257182
|switch|p1a: Kingambit|Kingambit, M|100/100
|-activate|p1a: Kingambit|ability: Supreme Overlord
|-start|p1a: Kingambit|fallen2|[silent]
|turn|8
|inactive|Rolosparkler has 60 seconds left.
|
|t:|1776257195
|move|p2a: Pelipper|Surf|p1a: Kingambit
|-crit|p1a: Kingambit
|-damage|p1a: Kingambit|15/100
|move|p1a: Kingambit|Kowtow Cleave|p2a: Pelipper
|-damage|p2a: Pelipper|0 fnt
|faint|p2a: Pelipper
|
|-weather|RainDance|[upkeep]
|upkeep
|
|t:|1776257206
|switch|p2a: Excadrill|Excadrill, F|91/100
|turn|9
|inactive|Rolosparkler has 60 seconds left.
|
|t:|1776257238
|move|p2a: Excadrill|Earthquake|p1a: Kingambit
|-supereffective|p1a: Kingambit
|-damage|p1a: Kingambit|0 fnt
|faint|p1a: Kingambit
|-end|p1a: Kingambit|fallen2|[silent]
|-damage|p2a: Excadrill|81/100|[from] item: Life Orb
|
|-weather|RainDance|[upkeep]
|upkeep
|inactive|Rolosparkler has 30 seconds left.
|inactive|Rolosparkler has 20 seconds left.
|
|t:|1776257270
|switch|p1a: Iron Valiant|Iron Valiant|94/100
|turn|10
|inactive|Rolosparkler has 30 seconds left this turn.
|inactive|excelio21 has 120 seconds left.
|
|t:|1776257309
|-terastallize|p2a: Excadrill|Ground
|move|p1a: Iron Valiant|Close Combat|p2a: Excadrill
|-damage|p2a: Excadrill|6/100
|-unboost|p1a: Iron Valiant|def|1
|-unboost|p1a: Iron Valiant|spd|1
|move|p2a: Excadrill|Earthquake|p1a: Iron Valiant
|-damage|p1a: Iron Valiant|0 fnt
|faint|p1a: Iron Valiant
|-end|p1a: Iron Valiant|Quark Drive|[silent]
|-damage|p2a: Excadrill|0 fnt|[from] item: Life Orb
|faint|p2a: Excadrill
|
|-weather|RainDance|[upkeep]
|upkeep
|inactive|Rolosparkler has 30 seconds left this turn.
|inactive|Rolosparkler has 20 seconds left.
|inactive|Rolosparkler has 15 seconds left.
|
|t:|1776257332
|switch|p1a: Garchomp|Garchomp, F|100/100
|switch|p2a: Rillaboom|Rillaboom, M|100/100
|-fieldstart|move: Grassy Terrain|[from] ability: Grassy Surge|[of] p2a: Rillaboom
|turn|11
|inactive|Rolosparkler has 25 seconds left this turn.
|inactive|Rolosparkler has 20 seconds left.
|inactive|Rolosparkler has 15 seconds left.
|inactive|Rolosparkler has 10 seconds left.
|
|t:|1776257349
|move|p2a: Rillaboom|Wood Hammer|p1a: Garchomp
|-damage|p1a: Garchomp|45/100
|-damage|p2a: Rillaboom|88/100|[from] ability: Rough Skin|[of] p1a: Garchomp
|-damage|p2a: Rillaboom|72/100|[from] item: Rocky Helmet|[of] p1a: Garchomp
|-damage|p2a: Rillaboom|49/100|[from] Recoil
|move|p1a: Garchomp|Dragon Tail|p2a: Rillaboom
|-damage|p2a: Rillaboom|21/100
|drag|p2a: Garchomp|Garchomp, M|100/100
|
|-weather|RainDance|[upkeep]
|-heal|p1a: Garchomp|51/100|[from] Grassy Terrain
|upkeep
|turn|12
|inactive|Rolosparkler has 20 seconds left this turn.
|inactive|Rolosparkler has 15 seconds left.
|inactive|Rolosparkler has 10 seconds left.
|inactive|Rolosparkler has 5 seconds left.
|
|t:|1776257367
|move|p2a: Garchomp|Scale Shot|p1a: Garchomp
|-supereffective|p1a: Garchomp
|-damage|p1a: Garchomp|22/100
|-supereffective|p1a: Garchomp
|-damage|p1a: Garchomp|0 fnt
|faint|p1a: Garchomp
|-hitcount|p1: Garchomp|2
|-unboost|p2a: Garchomp|def|1
|-boost|p2a: Garchomp|spe|1
|
|-weather|none
|upkeep
|inactive|Rolosparkler has 10 seconds left this turn.
|inactive|Rolosparkler has 5 seconds left.
|-message|Rolosparkler lost due to inactivity.
|
|win|excelio21
|raw|Rolosparkler's rating: 1450 &rarr; <strong>1432</strong><br />(-18 for losing)
|raw|excelio21's rating: 1493 &rarr; <strong>1511</strong><br />(+18 for winning)
