|html|<div class="broadcast-blue"><strong>[Gen 9] OU is currently suspecting Tera Blast! For information on how to participate check out the <a href="https://www.smogon.com/tools/suspects/view/200">suspect thread</a>.</strong></div>
|j|☆LLCDoubleOG
|j|☆onizuka93
|t:|1776211061
|gametype|singles
|player|p1|LLCDoubleOG|dancer|1323
|player|p2|onizuka93|benga|1300
|gen|9
|tier|[Gen 9] OU
|rated|
|rule|HP Percentage Mod: HP is shown in percentages
|rule|Endless Battle Clause: Forcing endless battles is banned
|rule|Species Clause: Limit one of each Pokémon
|rule|OHKO Clause: OHKO moves are banned
|rule|Evasion Items Clause: Evasion items are banned
|rule|Evasion Moves Clause: Evasion moves are banned
|rule|Evasion Abilities Clause: Evasion abilities are banned
|rule|Sleep Moves Clause: Sleep-inducing moves are banned
|clearpoke
|poke|p1|Cinderace, F|
|poke|p1|Meowscarada, M|
|poke|p1|Alomomola, F|
|poke|p1|Garganacl, F|
|poke|p1|Dragapult, M|
|poke|p1|Weezing-Galar, F|
|poke|p2|Rotom-Wash|
|poke|p2|Kingambit, F|
|poke|p2|Glimmora, M|
|poke|p2|Dragapult, F|
|poke|p2|Skeledirge, F|
|poke|p2|Great Tusk|
|teampreview
|inactive|Battle timer is ON: inactive players will automatically lose when time's up. (requested by LLCDoubleOG)
|
|t:|1776211079
|teamsize|p1|6
|teamsize|p2|6
|start
|switch|p1a: Garganacl|Garganacl, F|100/100
|switch|p2a: Rotom|Rotom-Wash|100/100
|turn|1
|
|t:|1776211097
|move|p1a: Garganacl|Protect|p1a: Garganacl
|-singleturn|p1a: Garganacl|Protect
|move|p2a: Rotom|Hydro Pump|p1a: Garganacl
|-activate|p1a: Garganacl|move: Protect
|
|upkeep
|turn|2
|
|t:|1776211103
|switch|p1a: Meowscarada|Meowscarada, M|100/100
|move|p2a: Rotom|Hydro Pump|p1a: Meowscarada
|-resisted|p1a: Meowscarada
|-damage|p1a: Meowscarada|59/100
|
|upkeep
|turn|3
|
|t:|1776211118
|switch|p1a: Garganacl|Garganacl, F|100/100
|switch|p2a: Kingambit|Kingambit, F, shiny|100/100
|
|upkeep
|turn|4
|
|t:|1776211125
|move|p2a: Kingambit|Iron Head|p1a: Garganacl
|-supereffective|p1a: Garganacl
|-damage|p1a: Garganacl|48/100
|move|p1a: Garganacl|Salt Cure|p2a: Kingambit
|-resisted|p2a: Kingambit
|-damage|p2a: Kingambit|95/100
|-start|p2a: Kingambit|Salt Cure
|
|-heal|p2a: Kingambit|100/100|[from] item: Leftovers
|-heal|p1a: Garganacl|54/100|[from] item: Leftovers
|-damage|p2a: Kingambit|75/100|[from] Salt Cure
|upkeep
|turn|5
|
|t:|1776211135
|move|p1a: Garganacl|Protect|p1a: Garganacl
|-singleturn|p1a: Garganacl|Protect
|move|p2a: Kingambit|Iron Head|p1a: Garganacl
|-activate|p1a: Garganacl|move: Protect
|
|-heal|p2a: Kingambit|82/100|[from] item: Leftovers
|-heal|p1a: Garganacl|60/100|[from] item: Leftovers
|-damage|p2a: Kingambit|57/100|[from] Salt Cure
|upkeep
|turn|6
|
|t:|1776211146
|-end|p2a: Kingambit|fallenundefined|[silent]
|switch|p2a: Great Tusk|Great Tusk, shiny|100/100
|move|p1a: Garganacl|Stealth Rock|p2a: Great Tusk
|-sidestart|p2: onizuka93|move: Stealth Rock
|
|-heal|p1a: Garganacl|67/100|[from] item: Leftovers
|upkeep
|turn|7
|
|t:|1776211154
|switch|p1a: Dragapult|Dragapult, M|100/100
|-item|p1a: Dragapult|Air Balloon
|move|p2a: Great Tusk|Headlong Rush|p1a: Dragapult
|-immune|p1a: Dragapult
|
|upkeep
|turn|8
|
|t:|1776211161
|move|p1a: Dragapult|Will-O-Wisp|p2a: Great Tusk
|-status|p2a: Great Tusk|brn
|move|p2a: Great Tusk|Ice Spinner|p1a: Dragapult
|-supereffective|p1a: Dragapult
|-damage|p1a: Dragapult|71/100
|-enditem|p1a: Dragapult|Air Balloon
|
|-damage|p2a: Great Tusk|94/100 brn|[from] brn
|upkeep
|turn|9
|
|t:|1776211170
|move|p1a: Dragapult|Hex|p2a: Great Tusk
|-damage|p2a: Great Tusk|22/100 brn
|move|p2a: Great Tusk|Ice Spinner|p1a: Dragapult
|-supereffective|p1a: Dragapult
|-damage|p1a: Dragapult|39/100
|
|-heal|p2a: Great Tusk|28/100 brn|[from] item: Leftovers
|-damage|p2a: Great Tusk|22/100 brn|[from] brn
|upkeep
|turn|10
|
|t:|1776211180
|move|p1a: Dragapult|Hex|p2a: Great Tusk
|-damage|p2a: Great Tusk|0 fnt
|faint|p2a: Great Tusk
|-end|p2a: Great Tusk|Protosynthesis|[silent]
|
|upkeep
|
|t:|1776211186
|switch|p2a: Glimmora|Glimmora, M, shiny|100/100
|-damage|p2a: Glimmora|88/100|[from] Stealth Rock
|turn|11
|
|t:|1776211192
|move|p1a: Dragapult|Draco Meteor|p2a: Glimmora
|-damage|p2a: Glimmora|17/100
|-unboost|p1a: Dragapult|spa|2
|move|p2a: Glimmora|Mortal Spin|p1a: Dragapult
|-resisted|p1a: Dragapult
|-damage|p1a: Dragapult|35/100
|-status|p1a: Dragapult|psn
|-sideend|p2: onizuka93|Stealth Rock|[from] move: Mortal Spin|[of] p2a: Glimmora
|
|-damage|p1a: Dragapult|23/100 psn|[from] psn
|upkeep
|turn|12
|inactive|onizuka93 has 120 seconds left.
|
|t:|1776211231
|move|p1a: Dragapult|Will-O-Wisp|p2a: Glimmora
|-status|p2a: Glimmora|brn
|move|p2a: Glimmora|Sludge Wave|p1a: Dragapult
|-resisted|p1a: Dragapult
|-crit|p1a: Dragapult
|-damage|p1a: Dragapult|0 fnt
|-start|p2a: Glimmora|Disable|Sludge Wave|[from] ability: Cursed Body|[of] p1a: Dragapult
|faint|p1a: Dragapult
|
|-damage|p2a: Glimmora|11/100 brn|[from] brn
|upkeep
|
|t:|1776211236
|switch|p1a: Weezing|Weezing-Galar, F|100/100
|turn|13
|inactive|onizuka93 has 120 seconds left.
|
|t:|1776211246
|move|p2a: Glimmora|Toxic Spikes|p1a: Weezing
|-sidestart|p1: LLCDoubleOG|move: Toxic Spikes
|move|p1a: Weezing|Strange Steam|p2a: Glimmora
|-resisted|p2a: Glimmora
|-damage|p2a: Glimmora|0 fnt
|faint|p2a: Glimmora
|
|upkeep
|inactive|onizuka93 has 120 seconds left.
|
|t:|1776211255
|switch|p2a: Rotom|Rotom-Wash|100/100
|turn|14
|
|t:|1776211259
|move|p2a: Rotom|Volt Switch|p1a: Weezing
|-damage|p1a: Weezing|66/100
|
|t:|1776211267
|switch|p2a: Skeledirge|Skeledirge, F, shiny|100/100|[from] Volt Switch
|move|p1a: Weezing|Defog|p2a: Skeledirge
|-unboost|p2a: Skeledirge|evasion|1
|-sideend|p1: LLCDoubleOG|Toxic Spikes|[from] move: Defog|[of] p1a: Weezing
|
|-heal|p1a: Weezing|72/100|[from] item: Black Sludge
|upkeep
|turn|15
|
|t:|1776211277
|switch|p1a: Alomomola|Alomomola, F|100/100
|-terastallize|p2a: Skeledirge|Fairy
|move|p2a: Skeledirge|Torch Song|p1a: Alomomola
|-resisted|p1a: Alomomola
|-damage|p1a: Alomomola|89/100
|-boost|p2a: Skeledirge|spa|1
|
|upkeep
|turn|16
|
|t:|1776211285
|move|p2a: Skeledirge|Torch Song|p1a: Alomomola
|-resisted|p1a: Alomomola
|-damage|p1a: Alomomola|74/100
|-boost|p2a: Skeledirge|spa|1
|move|p1a: Alomomola|Mirror Coat|p2a: Skeledirge
|-damage|p2a: Skeledirge|61/100
|
|upkeep
|turn|17
|
|t:|1776211292
|move|p2a: Skeledirge|Shadow Ball|p1a: Alomomola
|-crit|p1a: Alomomola
|-damage|p1a: Alomomola|14/100
|move|p1a: Alomomola|Flip Turn|p2a: Skeledirge
|-damage|p2a: Skeledirge|52/100
|
|t:|1776211298
|switch|p1a: Cinderace|Cinderace, F|100/100|[from] Flip Turn
|
|upkeep
|turn|18
|
|t:|1776211302
|move|p1a: Cinderace|Pyro Ball|p2a: Skeledirge
|-damage|p2a: Skeledirge|1/100
|move|p2a: Skeledirge|Slack Off|p2a: Skeledirge
|-heal|p2a: Skeledirge|51/100
|
|upkeep
|turn|19
|
|t:|1776211312
|switch|p2a: Rotom|Rotom-Wash|100/100
|move|p1a: Cinderace|Pyro Ball|p2a: Rotom
|-resisted|p2a: Rotom
|-damage|p2a: Rotom|46/100
|
|upkeep
|turn|20
|
|t:|1776211322
|move|p2a: Rotom|Volt Switch|p1a: Cinderace
|-damage|p1a: Cinderace|58/100
|
|t:|1776211328
|switch|p2a: Skeledirge|Skeledirge, F, shiny, tera:Fairy|51/100|[from] Volt Switch
|move|p1a: Cinderace|Pyro Ball|p2a: Skeledirge
|-damage|p2a: Skeledirge|0 fnt
|faint|p2a: Skeledirge
|
|upkeep
|
|t:|1776211334
|switch|p2a: Rotom|Rotom-Wash|46/100
|turn|21
|
|t:|1776211337
|move|p2a: Rotom|Hydro Pump|p1a: Cinderace
|-supereffective|p1a: Cinderace
|-damage|p1a: Cinderace|0 fnt
|faint|p1a: Cinderace
|
|upkeep
|
|t:|1776211340
|switch|p1a: Meowscarada|Meowscarada, M|59/100
|turn|22
|
|t:|1776211351
|switch|p2a: Kingambit|Kingambit, F, shiny|57/100
|-activate|p2a: Kingambit|ability: Supreme Overlord
|-start|p2a: Kingambit|fallen3|[silent]
|move|p1a: Meowscarada|U-turn|p2a: Kingambit
|-start|p1a: Meowscarada|typechange|Bug|[from] ability: Protean
|-damage|p2a: Kingambit|35/100
|
|t:|1776211357
|switch|p1a: Alomomola|Alomomola, F|47/100|[from] U-turn
|
|-heal|p2a: Kingambit|41/100|[from] item: Leftovers
|upkeep
|turn|23
|
|t:|1776211364
|move|p2a: Kingambit|Sucker Punch|p1a: Alomomola
|-crit|p1a: Alomomola
|-damage|p1a: Alomomola|0 fnt
|faint|p1a: Alomomola
|
|-heal|p2a: Kingambit|47/100|[from] item: Leftovers
|upkeep
|
|t:|1776211366
|switch|p1a: Garganacl|Garganacl, F|67/100
|turn|24
|
|t:|1776211374
|-terastallize|p1a: Garganacl|Ghost
|move|p2a: Kingambit|Iron Head|p1a: Garganacl
|-damage|p1a: Garganacl|34/100
|move|p1a: Garganacl|Salt Cure|p2a: Kingambit
|-resisted|p2a: Kingambit
|-damage|p2a: Kingambit|42/100
|-start|p2a: Kingambit|Salt Cure
|
|-heal|p2a: Kingambit|48/100|[from] item: Leftovers
|-heal|p1a: Garganacl|40/100|[from] item: Leftovers
|-damage|p2a: Kingambit|23/100|[from] Salt Cure
|upkeep
|turn|25
|
|t:|1776211388
|-end|p2a: Kingambit|fallen3|[silent]
|switch|p2a: Dragapult|Dragapult, F, shiny|100/100
|move|p1a: Garganacl|Stealth Rock|p2a: Dragapult
|-sidestart|p2: onizuka93|move: Stealth Rock
|
|-heal|p1a: Garganacl|46/100|[from] item: Leftovers
|upkeep
|turn|26
|
|t:|1776211396
|move|p2a: Dragapult|Shadow Ball|p1a: Garganacl
|-supereffective|p1a: Garganacl
|-damage|p1a: Garganacl|0 fnt
|faint|p1a: Garganacl
|
|upkeep
|
|t:|1776211398
|switch|p1a: Weezing|Weezing-Galar, F|72/100
|turn|27
|
|t:|1776211403
|move|p2a: Dragapult|Shadow Ball|p1a: Weezing
|-damage|p1a: Weezing|17/100
|-unboost|p1a: Weezing|spd|1
|move|p1a: Weezing|Strange Steam|p2a: Dragapult
|-supereffective|p2a: Dragapult
|-damage|p2a: Dragapult|17/100
|
|-heal|p1a: Weezing|23/100|[from] item: Black Sludge
|upkeep
|turn|28
|
|t:|1776211412
|move|p2a: Dragapult|Shadow Ball|p1a: Weezing
|-damage|p1a: Weezing|0 fnt
|faint|p1a: Weezing
|
|upkeep
|
|t:|1776211414
|switch|p1a: Meowscarada|Meowscarada, M|59/100
|turn|29
|
|t:|1776211422
|move|p1a: Meowscarada|Knock Off|p2a: Dragapult
|-start|p1a: Meowscarada|typechange|Dark|[from] ability: Protean
|-supereffective|p2a: Dragapult
|-damage|p2a: Dragapult|0 fnt
|-enditem|p2a: Dragapult|Choice Specs|[from] move: Knock Off|[of] p1a: Meowscarada
|faint|p2a: Dragapult
|
|upkeep
|
|t:|1776211430
|switch|p2a: Rotom|Rotom-Wash|46/100
|-damage|p2a: Rotom|33/100|[from] Stealth Rock
|turn|30
|
|t:|1776211435
|move|p1a: Meowscarada|Knock Off|p2a: Rotom
|-damage|p2a: Rotom|0 fnt
|-enditem|p2a: Rotom|Choice Scarf|[from] move: Knock Off|[of] p1a: Meowscarada
|faint|p2a: Rotom
|
|upkeep
|
|t:|1776211440
|switch|p2a: Kingambit|Kingambit, F, shiny|23/100
|-damage|p2a: Kingambit|17/100|[from] Stealth Rock
|-activate|p2a: Kingambit|ability: Supreme Overlord
|-start|p2a: Kingambit|fallen5|[silent]
|turn|31
|
|t:|1776211446
|move|p1a: Meowscarada|Knock Off|p2a: Kingambit
|-resisted|p2a: Kingambit
|-crit|p2a: Kingambit
|-damage|p2a: Kingambit|0 fnt
|-enditem|p2a: Kingambit|Leftovers|[from] move: Knock Off|[of] p1a: Meowscarada
|faint|p2a: Kingambit
|-end|p2a: Kingambit|fallen5|[silent]
|
|win|LLCDoubleOG
|raw|LLCDoubleOG's rating: 1323 &rarr; <strong>1342</strong><br />(+19 for winning)
|raw|onizuka93's rating: 1300 &rarr; <strong>1277</strong><br />(-23 for losing)
|l|☆onizuka93
|player|p2|
