|html|<div class="broadcast-blue"><strong>[Gen 9] OU is currently suspecting Tera Blast! For information on how to participate check out the <a href="https://www.smogon.com/tools/suspects/view/200">suspect thread</a>.</strong></div>
|j|☆ThePinsirGuy
|j|☆TOXICccccccccccccc
|t:|1776296603
|gametype|singles
|player|p1|ThePinsirGuy|169|1300
|player|p2|TOXICccccccccccccc|preschooler|1295
|gen|9
|tier|[Gen 9] OU
|rated|
|rule|HP Percentage Mod: HP is shown in percentages
|rule|Endless Battle Clause: Forcing endless battles is banned
|rule|Species Clause: Limit one of each Pokémon
|rule|OHKO Clause: OHKO moves are banned
|rule|Evasion Items Clause: Evasion items are banned
|rule|Evasion Moves Clause: Evasion moves are banned
|rule|Evasion Abilities Clause: Evasion abilities are banned
|rule|Sleep Moves Clause: Sleep-inducing moves are banned
|clearpoke
|poke|p1|Maushold|
|poke|p1|Dragapult, F|
|poke|p1|Metagross|
|poke|p1|Azumarill, F|
|poke|p1|Moltres|
|poke|p1|Ogerpon, F|
|poke|p2|Hatterene, F|
|poke|p2|Slowking-Galar, M|
|poke|p2|Araquanid, M|
|poke|p2|Kingambit, M|
|poke|p2|Deoxys-Defense|
|poke|p2|Hoopa-Unbound|
|teampreview
|inactive|Battle timer is ON: inactive players will automatically lose when time's up. (requested by TOXICccccccccccccc)
|
|t:|1776296614
|teamsize|p1|6
|teamsize|p2|6
|start
|switch|p1a: Metagross|Metagross|100/100
|switch|p2a: Deoxys|Deoxys-Defense|100/100
|-ability|p2a: Deoxys|Pressure
|turn|1
|
|t:|1776296617
|move|p1a: Metagross|Knock Off|p2a: Deoxys
|-supereffective|p2a: Deoxys
|-damage|p2a: Deoxys|58/100
|-enditem|p2a: Deoxys|Sitrus Berry|[from] move: Knock Off|[of] p1a: Metagross
|move|p2a: Deoxys|Trick Room|p2a: Deoxys
|-fieldstart|move: Trick Room|[of] p2a: Deoxys
|
|upkeep
|turn|2
|
|t:|1776296625
|move|p1a: Metagross|Heavy Slam|p2a: Deoxys
|-damage|p2a: Deoxys|19/100
|move|p2a: Deoxys|Teleport|p2a: Deoxys
|
|t:|1776296628
|switch|p2a: Araquanid|Araquanid, M|100/100|[from] Teleport
|
|upkeep
|turn|3
|
|t:|1776296634
|-terastallize|p2a: Araquanid|Water
|move|p2a: Araquanid|Liquidation|p1a: Metagross
|-damage|p1a: Metagross|5/100
|move|p1a: Metagross|Psychic Fangs|p2a: Araquanid
|-damage|p2a: Araquanid|46/100
|
|-heal|p1a: Metagross|11/100|[from] item: Leftovers
|upkeep
|turn|4
|
|t:|1776296642
|move|p2a: Araquanid|Liquidation|p1a: Metagross
|-damage|p1a: Metagross|0 fnt
|faint|p1a: Metagross
|
|upkeep
|
|t:|1776296645
|switch|p1a: Ogerpon|Ogerpon, F|100/100
|turn|5
|
|t:|1776296652
|move|p2a: Araquanid|Liquidation|p1a: Ogerpon
|-resisted|p1a: Ogerpon
|-damage|p1a: Ogerpon|10/100
|move|p1a: Ogerpon|Swords Dance|p1a: Ogerpon
|-boost|p1a: Ogerpon|atk|2
|
|-fieldend|move: Trick Room
|upkeep
|turn|6
|
|t:|1776296658
|switch|p2a: Deoxys|Deoxys-Defense|19/100
|-ability|p2a: Deoxys|Pressure
|move|p1a: Ogerpon|Ivy Cudgel|p2a: Deoxys
|-damage|p2a: Deoxys|0 fnt
|faint|p2a: Deoxys
|
|upkeep
|
|t:|1776296660
|switch|p2a: Hatterene|Hatterene, F, shiny|100/100
|turn|7
|
|t:|1776296664
|move|p1a: Ogerpon|Ivy Cudgel|p2a: Hatterene
|-enditem|p2a: Hatterene|Focus Sash
|-damage|p2a: Hatterene|1/100
|move|p2a: Hatterene|Trick Room|p2a: Hatterene
|-fieldstart|move: Trick Room|[of] p2a: Hatterene
|
|upkeep
|turn|8
|
|t:|1776296669
|move|p2a: Hatterene|Healing Wish|p2a: Hatterene
|faint|p2a: Hatterene
|move|p1a: Ogerpon|Encore|p2: Hatterene|[notarget]
|-fail|p1a: Ogerpon
|
|upkeep
|
|t:|1776296671
|switch|p2a: Araquanid|Araquanid, M, tera:Water|46/100
|-heal|p2a: Araquanid|100/100|[from] move: Healing Wish
|turn|9
|
|t:|1776296674
|move|p2a: Araquanid|Liquidation|p1a: Ogerpon
|-resisted|p1a: Ogerpon
|-damage|p1a: Ogerpon|0 fnt
|faint|p1a: Ogerpon
|
|upkeep
|
|t:|1776296683
|switch|p1a: Dragapult|Dragapult, F|100/100
|turn|10
|
|t:|1776296695
|move|p2a: Araquanid|Liquidation|p1a: Dragapult
|-resisted|p1a: Dragapult
|-damage|p1a: Dragapult|17/100
|move|p1a: Dragapult|Draco Meteor|p2a: Araquanid
|-damage|p2a: Araquanid|30/100
|-unboost|p1a: Dragapult|spa|2
|
|upkeep
|turn|11
|
|t:|1776296698
|move|p2a: Araquanid|Liquidation|p1a: Dragapult
|-resisted|p1a: Dragapult
|-damage|p1a: Dragapult|0 fnt
|faint|p1a: Dragapult
|
|-fieldend|move: Trick Room
|upkeep
|
|t:|1776296713
|switch|p1a: Azumarill|Azumarill, F|100/100
|turn|12
|
|t:|1776296721
|move|p1a: Azumarill|Belly Drum|p1a: Azumarill
|-damage|p1a: Azumarill|50/100
|-setboost|p1a: Azumarill|atk|6|[from] move: Belly Drum
|-enditem|p1a: Azumarill|Sitrus Berry|[eat]
|-heal|p1a: Azumarill|75/100|[from] item: Sitrus Berry
|move|p2a: Araquanid|Liquidation|p1a: Azumarill
|-resisted|p1a: Azumarill
|-damage|p1a: Azumarill|6/100
|
|upkeep
|turn|13
|
|t:|1776296736
|switch|p2a: Hoopa|Hoopa-Unbound|100/100
|move|p1a: Azumarill|Aqua Jet|p2a: Hoopa
|-damage|p2a: Hoopa|0 fnt
|faint|p2a: Hoopa
|
|upkeep
|
|t:|1776296738
|switch|p2a: Kingambit|Kingambit, M|100/100
|-activate|p2a: Kingambit|ability: Supreme Overlord
|-start|p2a: Kingambit|fallen3|[silent]
|turn|14
|
|t:|1776296745
|move|p1a: Azumarill|Aqua Jet|p2a: Kingambit
|-damage|p2a: Kingambit|29/100
|move|p2a: Kingambit|Kowtow Cleave|p1a: Azumarill
|-resisted|p1a: Azumarill
|-damage|p1a: Azumarill|0 fnt
|faint|p1a: Azumarill
|
|upkeep
|
|t:|1776296760
|switch|p1a: Maushold|Maushold|100/100
|turn|15
|
|t:|1776296764
|move|p1a: Maushold|Tidy Up|p1a: Maushold
|-boost|p1a: Maushold|atk|1
|-boost|p1a: Maushold|spe|1
|move|p2a: Kingambit|Kowtow Cleave|p1a: Maushold
|-damage|p1a: Maushold|0 fnt
|faint|p1a: Maushold
|
|upkeep
|
|t:|1776296766
|switch|p1a: Moltres|Moltres|100/100
|turn|16
|
|t:|1776296776
|-end|p2a: Kingambit|fallen3|[silent]
|switch|p2a: Slowking|Slowking-Galar, M|100/100
|move|p1a: Moltres|Scorching Sands|p2a: Slowking
|-supereffective|p2a: Slowking
|-damage|p2a: Slowking|40/100
|-enditem|p2a: Slowking|Sitrus Berry|[eat]
|-heal|p2a: Slowking|65/100|[from] item: Sitrus Berry
|
|upkeep
|turn|17
|
|t:|1776296779
|move|p1a: Moltres|Scorching Sands|p2a: Slowking
|-supereffective|p2a: Slowking
|-damage|p2a: Slowking|8/100
|-status|p2a: Slowking|brn
|move|p2a: Slowking|Trick Room|p2a: Slowking
|-fieldstart|move: Trick Room|[of] p2a: Slowking
|
|-damage|p2a: Slowking|2/100 brn|[from] brn
|upkeep
|turn|18
|
|t:|1776296781
|move|p2a: Slowking|Future Sight|p1a: Moltres
|-start|p2a: Slowking|move: Future Sight
|move|p1a: Moltres|Scorching Sands|p2a: Slowking
|-supereffective|p2a: Slowking
|-damage|p2a: Slowking|0 fnt
|faint|p2a: Slowking
|
|upkeep
|
|t:|1776296783
|switch|p2a: Kingambit|Kingambit, M|29/100
|-activate|p2a: Kingambit|ability: Supreme Overlord
|-start|p2a: Kingambit|fallen4|[silent]
|turn|19
|c|☆ThePinsirGuy|gg
|
|t:|1776296786
|move|p2a: Kingambit|Kowtow Cleave|p1a: Moltres
|-damage|p1a: Moltres|0 fnt
|faint|p1a: Moltres
|
|win|TOXICccccccccccccc
|raw|ThePinsirGuy's rating: 1300 &rarr; <strong>1275</strong><br />(-25 for losing)
|raw|TOXICccccccccccccc's rating: 1295 &rarr; <strong>1320</strong><br />(+25 for winning)
|l|☆ThePinsirGuy
|player|p1|
