|html|<div class="broadcast-blue"><strong>[Gen 9] OU is currently suspecting Tera Blast! For information on how to participate check out the <a href="https://www.smogon.com/tools/suspects/view/200">suspect thread</a>.</strong></div>
|j|☆Xistence16
|j|☆Type zero Nirvash
|t:|1776036222
|gametype|singles
|player|p1|Xistence16|hilbert-wonderlauncher|1192
|player|p2|Type zero Nirvash|riley|1198
|gen|9
|tier|[Gen 9] OU
|rated|
|rule|HP Percentage Mod: HP is shown in percentages
|rule|Endless Battle Clause: Forcing endless battles is banned
|rule|Species Clause: Limit one of each Pokémon
|rule|OHKO Clause: OHKO moves are banned
|rule|Evasion Items Clause: Evasion items are banned
|rule|Evasion Moves Clause: Evasion moves are banned
|rule|Evasion Abilities Clause: Evasion abilities are banned
|rule|Sleep Moves Clause: Sleep-inducing moves are banned
|clearpoke
|poke|p1|Iron Valiant|
|poke|p1|Great Tusk|
|poke|p1|Dragonite, M|
|poke|p1|Deoxys-Speed|
|poke|p1|Glimmora, F|
|poke|p1|Kingambit, F|
|poke|p2|Jirachi|
|poke|p2|Lucario, M|
|poke|p2|Suicune|
|poke|p2|Goodra, F|
|poke|p2|Blaziken, M|
|poke|p2|Sylveon, F|
|teampreview
|
|t:|1776036231
|teamsize|p1|6
|teamsize|p2|6
|start
|switch|p1a: Glimmora|Glimmora, F|100/100
|switch|p2a: Eureka|Suicune, shiny|100/100
|-ability|p2a: Eureka|Pressure
|turn|1
|inactive|Battle timer is ON: inactive players will automatically lose when time's up. (requested by Xistence16)
|
|t:|1776036249
|switch|p1a: Dragonite|Dragonite, M|100/100
|move|p2a: Eureka|Scald|p1a: Dragonite
|-resisted|p1a: Dragonite
|-damage|p1a: Dragonite|94/100
|-status|p1a: Dragonite|brn
|
|-heal|p1a: Dragonite|100/100 brn|[from] item: Leftovers
|-damage|p1a: Dragonite|94/100 brn|[from] brn
|upkeep
|turn|2
|
|t:|1776036260
|move|p1a: Dragonite|Dragon Dance|p1a: Dragonite
|-boost|p1a: Dragonite|atk|1
|-boost|p1a: Dragonite|spe|1
|move|p2a: Eureka|Calm Mind|p2a: Eureka
|-boost|p2a: Eureka|spa|1
|-boost|p2a: Eureka|spd|1
|
|-heal|p1a: Dragonite|100/100 brn|[from] item: Leftovers
|-damage|p1a: Dragonite|94/100 brn|[from] brn
|upkeep
|turn|3
|
|t:|1776036279
|move|p1a: Dragonite|Dragon Dance|p1a: Dragonite
|-boost|p1a: Dragonite|atk|1
|-boost|p1a: Dragonite|spe|1
|move|p2a: Eureka|Calm Mind|p2a: Eureka
|-boost|p2a: Eureka|spa|1
|-boost|p2a: Eureka|spd|1
|
|-heal|p1a: Dragonite|100/100 brn|[from] item: Leftovers
|-damage|p1a: Dragonite|94/100 brn|[from] brn
|upkeep
|turn|4
|
|t:|1776036289
|-terastallize|p1a: Dragonite|Flying
|move|p1a: Dragonite|Tera Blast|p2a: Eureka|[anim] Tera Blast Flying
|-crit|p2a: Eureka
|-damage|p2a: Eureka|50/100
|move|p2a: Eureka|Scald|p1a: Dragonite
|-damage|p1a: Dragonite|38/100 brn
|
|-heal|p1a: Dragonite|44/100 brn|[from] item: Leftovers
|-heal|p2a: Eureka|56/100|[from] item: Leftovers
|-damage|p1a: Dragonite|38/100 brn|[from] brn
|upkeep
|turn|5
|
|t:|1776036302
|move|p1a: Dragonite|Tera Blast|p2a: Eureka|[anim] Tera Blast Flying
|-damage|p2a: Eureka|24/100
|move|p2a: Eureka|Scald|p1a: Dragonite
|-damage|p1a: Dragonite|0 fnt
|faint|p1a: Dragonite
|
|-heal|p2a: Eureka|30/100|[from] item: Leftovers
|upkeep
|
|t:|1776036314
|switch|p1a: Iron Valiant|Iron Valiant|100/100
|-enditem|p1a: Iron Valiant|Booster Energy
|-activate|p1a: Iron Valiant|ability: Quark Drive|[fromitem]
|-start|p1a: Iron Valiant|quarkdrivespe
|turn|6
|
|t:|1776036325
|-terastallize|p2a: Eureka|Ground
|move|p1a: Iron Valiant|Knock Off|p2a: Eureka
|-damage|p2a: Eureka|11/100
|-enditem|p2a: Eureka|Leftovers|[from] move: Knock Off|[of] p1a: Iron Valiant
|move|p2a: Eureka|Rest|p2a: Eureka
|-status|p2a: Eureka|slp|[from] move: Rest
|-heal|p2a: Eureka|100/100 slp|[silent]
|
|upkeep
|turn|7
|
|t:|1776036337
|move|p1a: Iron Valiant|Taunt|p2a: Eureka
|-start|p2a: Eureka|move: Taunt
|cant|p2a: Eureka|slp
|cant|p2a: Eureka|move: Taunt|Sleep Talk
|
|upkeep
|turn|8
|
|t:|1776036346
|switch|p2a: The END|Jirachi, shiny|100/100
|move|p1a: Iron Valiant|Close Combat|p2a: The END
|-damage|p2a: The END|42/100
|-unboost|p1a: Iron Valiant|def|1
|-unboost|p1a: Iron Valiant|spd|1
|
|upkeep
|turn|9
|
|t:|1776036355
|switch|p2a: Babe|Sylveon, F, shiny|100/100
|move|p1a: Iron Valiant|Close Combat|p2a: Babe
|-resisted|p2a: Babe
|-damage|p2a: Babe|66/100
|-unboost|p1a: Iron Valiant|def|1
|-unboost|p1a: Iron Valiant|spd|1
|
|upkeep
|turn|10
|
|t:|1776036365
|-end|p1a: Iron Valiant|Quark Drive|[silent]
|switch|p1a: Glimmora|Glimmora, F|100/100
|move|p2a: Babe|Psyshock|p1a: Glimmora
|-supereffective|p1a: Glimmora
|-damage|p1a: Glimmora|0 fnt
|faint|p1a: Glimmora
|
|upkeep
|
|t:|1776036380
|switch|p1a: Deoxys|Deoxys-Speed|100/100
|-ability|p1a: Deoxys|Pressure
|turn|11
|
|t:|1776036386
|move|p1a: Deoxys|Psycho Boost|p2a: Babe
|-damage|p2a: Babe|28/100
|-unboost|p1a: Deoxys|spa|2
|move|p2a: Babe|Psyshock|p1a: Deoxys
|-resisted|p1a: Deoxys
|-damage|p1a: Deoxys|74/100
|
|upkeep
|turn|12
|
|t:|1776036394
|switch|p2a: The END|Jirachi, shiny|42/100
|move|p1a: Deoxys|Psycho Boost|p2a: The END
|-resisted|p2a: The END
|-damage|p2a: The END|35/100
|-unboost|p1a: Deoxys|spa|2
|
|upkeep
|turn|13
|
|t:|1776036405
|move|p1a: Deoxys|Light Screen|p1a: Deoxys
|-sidestart|p1: Xistence16|move: Light Screen
|move|p2a: The END|Zen Headbutt|p1a: Deoxys
|-resisted|p1a: Deoxys
|-damage|p1a: Deoxys|50/100
|
|upkeep
|turn|14
|
|t:|1776036412
|switch|p2a: Tammy|Goodra, F|100/100
|move|p1a: Deoxys|Taunt|p2a: Tammy
|-start|p2a: Tammy|move: Taunt
|
|upkeep
|turn|15
|
|t:|1776036419
|move|p1a: Deoxys|Reflect|p1a: Deoxys
|-sidestart|p1: Xistence16|Reflect
|move|p2a: Tammy|Fire Blast|p1a: Deoxys
|-damage|p1a: Deoxys|28/100
|
|upkeep
|turn|16
|
|t:|1776036430
|switch|p1a: Great Tusk|Great Tusk|100/100
|-enditem|p1a: Great Tusk|Booster Energy
|-activate|p1a: Great Tusk|ability: Protosynthesis|[fromitem]
|-start|p1a: Great Tusk|protosynthesisspe
|switch|p2a: The END|Jirachi, shiny|35/100
|
|upkeep
|turn|17
|
|t:|1776036440
|move|p1a: Great Tusk|Headlong Rush|p2a: The END
|-supereffective|p2a: The END
|-damage|p2a: The END|0 fnt
|-unboost|p1a: Great Tusk|def|1
|-unboost|p1a: Great Tusk|spd|1
|faint|p2a: The END
|
|upkeep
|
|t:|1776036449
|switch|p2a: Eureka|Suicune, shiny, tera:Ground|100/100 slp
|-ability|p2a: Eureka|Pressure
|turn|18
|
|t:|1776036455
|move|p1a: Great Tusk|Bulk Up|p1a: Great Tusk
|-boost|p1a: Great Tusk|atk|1
|-boost|p1a: Great Tusk|def|1
|cant|p2a: Eureka|slp
|move|p2a: Eureka|Sleep Talk|p2a: Eureka
|move|p2a: Eureka|Scald|p1a: Great Tusk|[from] move: Sleep Talk
|-supereffective|p1a: Great Tusk
|-damage|p1a: Great Tusk|47/100
|-status|p1a: Great Tusk|brn
|
|-damage|p1a: Great Tusk|41/100 brn|[from] brn
|upkeep
|turn|19
|c|☆Xistence16|Bruh
|
|t:|1776036472
|move|p1a: Great Tusk|Headlong Rush|p2a: Eureka
|-damage|p2a: Eureka|77/100 slp
|-unboost|p1a: Great Tusk|def|1
|-unboost|p1a: Great Tusk|spd|1
|-curestatus|p2a: Eureka|slp|[msg]
|move|p2a: Eureka|Scald|p1a: Great Tusk
|-supereffective|p1a: Great Tusk
|-damage|p1a: Great Tusk|0 fnt
|faint|p1a: Great Tusk
|-end|p1a: Great Tusk|Protosynthesis|[silent]
|
|upkeep
|
|t:|1776036485
|switch|p1a: Deoxys|Deoxys-Speed|28/100
|-ability|p1a: Deoxys|Pressure
|turn|20
|
|t:|1776036490
|move|p1a: Deoxys|Psycho Boost|p2a: Eureka
|-damage|p2a: Eureka|39/100
|-unboost|p1a: Deoxys|spa|2
|move|p2a: Eureka|Scald|p1a: Deoxys
|-damage|p1a: Deoxys|12/100
|
|-sideend|p1: Xistence16|move: Light Screen
|upkeep
|turn|21
|
|t:|1776036501
|move|p1a: Deoxys|Light Screen|p1a: Deoxys
|-sidestart|p1: Xistence16|move: Light Screen
|move|p2a: Eureka|Rest|p2a: Eureka
|-status|p2a: Eureka|slp|[from] move: Rest
|-heal|p2a: Eureka|100/100 slp|[silent]
|
|upkeep
|turn|22
|
|t:|1776036508
|move|p1a: Deoxys|Taunt|p2a: Eureka
|-start|p2a: Eureka|move: Taunt
|cant|p2a: Eureka|slp
|cant|p2a: Eureka|move: Taunt|Sleep Talk
|
|-sideend|p1: Xistence16|Reflect
|upkeep
|turn|23
|
|t:|1776036516
|switch|p2a: Babe|Sylveon, F, shiny|28/100
|move|p1a: Deoxys|Reflect|p1a: Deoxys
|-sidestart|p1: Xistence16|Reflect
|
|upkeep
|turn|24
|
|t:|1776036525
|move|p1a: Deoxys|Psycho Boost|p2a: Babe
|-damage|p2a: Babe|12/100
|-unboost|p1a: Deoxys|spa|2
|move|p2a: Babe|Hyper Voice|p1a: Deoxys
|-damage|p1a: Deoxys|0 fnt
|faint|p1a: Deoxys
|
|upkeep
|
|t:|1776036536
|switch|p1a: Iron Valiant|Iron Valiant|100/100
|turn|25
|
|t:|1776036541
|move|p1a: Iron Valiant|Moonblast|p2a: Babe
|-damage|p2a: Babe|0 fnt
|faint|p2a: Babe
|
|upkeep
|c|☆Xistence16|Gg
|
|t:|1776036552
|switch|p2a: Eureka|Suicune, shiny, tera:Ground|100/100 slp
|-ability|p2a: Eureka|Pressure
|turn|26
|
|t:|1776036559
|move|p1a: Iron Valiant|Taunt|p2a: Eureka
|-start|p2a: Eureka|move: Taunt
|cant|p2a: Eureka|slp
|cant|p2a: Eureka|move: Taunt|Sleep Talk
|
|upkeep
|turn|27
|
|t:|1776036566
|move|p1a: Iron Valiant|Close Combat|p2a: Eureka
|-damage|p2a: Eureka|69/100 slp
|-unboost|p1a: Iron Valiant|def|1
|-unboost|p1a: Iron Valiant|spd|1
|-curestatus|p2a: Eureka|slp|[msg]
|move|p2a: Eureka|Scald|p1a: Iron Valiant
|-damage|p1a: Iron Valiant|62/100
|
|upkeep
|turn|28
|
|t:|1776036580
|move|p1a: Iron Valiant|Moonblast|p2a: Eureka
|-crit|p2a: Eureka
|-damage|p2a: Eureka|20/100
|-unboost|p2a: Eureka|spa|1
|move|p2a: Eureka|Scald|p1a: Iron Valiant
|-damage|p1a: Iron Valiant|36/100
|
|-end|p2a: Eureka|move: Taunt
|-sideend|p1: Xistence16|move: Light Screen
|upkeep
|turn|29
|
|t:|1776036592
|move|p1a: Iron Valiant|Moonblast|p2a: Eureka
|-damage|p2a: Eureka|0 fnt
|faint|p2a: Eureka
|
|upkeep
|
|t:|1776036595
|switch|p2a: Type Zero|Lucario, M|100/100
|turn|30
|
|t:|1776036601
|move|p2a: Type Zero|Bullet Punch|p1a: Iron Valiant
|-supereffective|p1a: Iron Valiant
|-damage|p1a: Iron Valiant|0 fnt
|faint|p1a: Iron Valiant
|-end|p1a: Iron Valiant|Quark Drive|[silent]
|
|-sideend|p1: Xistence16|Reflect
|upkeep
|
|t:|1776036608
|switch|p1a: Kingambit|Kingambit, F|100/100
|-activate|p1a: Kingambit|ability: Supreme Overlord
|-start|p1a: Kingambit|fallen5|[silent]
|turn|31
|
|t:|1776036614
|switch|p2a: The chongler|Blaziken, M, shiny|100/100
|move|p1a: Kingambit|Low Kick|p2a: The chongler
|-damage|p2a: The chongler|44/100
|
|upkeep
|turn|32
|
|t:|1776036625
|move|p1a: Kingambit|Low Kick|p2a: The chongler
|-damage|p2a: The chongler|0 fnt
|faint|p2a: The chongler
|
|upkeep
|
|t:|1776036628
|switch|p2a: Tammy|Goodra, F|100/100
|turn|33
|
|t:|1776036633
|move|p1a: Kingambit|Swords Dance|p1a: Kingambit
|-boost|p1a: Kingambit|atk|2
|move|p2a: Tammy|Fire Blast|p1a: Kingambit
|-supereffective|p1a: Kingambit
|-damage|p1a: Kingambit|10/100
|
|upkeep
|turn|34
|
|t:|1776036641
|move|p1a: Kingambit|Sucker Punch|p2a: Tammy
|-damage|p2a: Tammy|0 fnt
|faint|p2a: Tammy
|
|upkeep
|
|t:|1776036644
|switch|p2a: Type Zero|Lucario, M|100/100
|turn|35
|c|☆Xistence16|Gg you win
|
|t:|1776036654
|move|p2a: Type Zero|Extreme Speed|p1a: Kingambit
|-resisted|p1a: Kingambit
|-damage|p1a: Kingambit|0 fnt
|faint|p1a: Kingambit
|-end|p1a: Kingambit|fallen5|[silent]
|
|win|Type zero Nirvash
|raw|Xistence16's rating: 1192 &rarr; <strong>1167</strong><br />(-25 for losing)
|raw|Type zero Nirvash's rating: 1198 &rarr; <strong>1223</strong><br />(+25 for winning)
|c|☆Type zero Nirvash|Gg
|l|☆Xistence16
|player|p1|
|l|☆Type zero Nirvash
|player|p2|
