|html|<div class="broadcast-blue"><strong>[Gen 9] OU is currently suspecting Tera Blast! For information on how to participate check out the <a href="https://www.smogon.com/tools/suspects/view/200">suspect thread</a>.</strong></div>
|j|☆kjojon
|j|☆zewensenpai
|t:|1776055224
|gametype|singles
|player|p1|kjojon|brock|1092
|player|p2|zewensenpai|pokemonrangerf|1142
|gen|9
|tier|[Gen 9] OU
|rated|
|rule|HP Percentage Mod: HP is shown in percentages
|rule|Endless Battle Clause: Forcing endless battles is banned
|rule|Species Clause: Limit one of each Pokémon
|rule|OHKO Clause: OHKO moves are banned
|rule|Evasion Items Clause: Evasion items are banned
|rule|Evasion Moves Clause: Evasion moves are banned
|rule|Evasion Abilities Clause: Evasion abilities are banned
|rule|Sleep Moves Clause: Sleep-inducing moves are banned
|clearpoke
|poke|p1|Gardevoir, F|
|poke|p1|Lurantis, F|
|poke|p1|Duraludon, M|
|poke|p1|Hitmontop, M|
|poke|p1|Necrozma|
|poke|p1|Porygon-Z|
|poke|p2|Mew|
|poke|p2|Great Tusk|
|poke|p2|Kingambit, M|
|poke|p2|Dragapult, F|
|poke|p2|Iron Valiant|
|poke|p2|Rotom-Wash|
|teampreview
|
|t:|1776055233
|teamsize|p1|6
|teamsize|p2|6
|start
|switch|p1a: PoyPee|Porygon-Z, shiny|100/100
|switch|p2a: Mew|Mew|100/100
|turn|1
|
|t:|1776055241
|move|p2a: Mew|Taunt|p1a: PoyPee
|-start|p1a: PoyPee|move: Taunt
|move|p1a: PoyPee|Tri Attack|p2a: Mew
|-damage|p2a: Mew|51/100
|-status|p2a: Mew|par
|-activate|p2a: Mew|ability: Synchronize
|-status|p1a: PoyPee|par
|
|upkeep
|turn|2
|
|t:|1776055253
|move|p2a: Mew|Spikes|p1a: PoyPee
|-sidestart|p1: kjojon|Spikes
|move|p1a: PoyPee|Tri Attack|p2a: Mew
|-crit|p2a: Mew
|-damage|p2a: Mew|0 fnt
|faint|p2a: Mew
|
|upkeep
|
|t:|1776055266
|switch|p2a: Great Tusk|Great Tusk|100/100
|turn|3
|
|t:|1776055274
|move|p2a: Great Tusk|Headlong Rush|p1a: PoyPee
|-damage|p1a: PoyPee|37/100 par
|-unboost|p2a: Great Tusk|def|1
|-unboost|p2a: Great Tusk|spd|1
|move|p1a: PoyPee|Ice Beam|p2a: Great Tusk
|-supereffective|p2a: Great Tusk
|-damage|p2a: Great Tusk|0 fnt
|faint|p2a: Great Tusk
|-end|p2a: Great Tusk|Protosynthesis|[silent]
|
|-end|p1a: PoyPee|move: Taunt
|upkeep
|
|t:|1776055287
|switch|p2a: Iron Valiant|Iron Valiant|100/100
|turn|4
|c|☆kjojon|PoyPee power
|
|t:|1776055298
|move|p2a: Iron Valiant|Thunderbolt|p1a: PoyPee
|-damage|p1a: PoyPee|0 fnt
|faint|p1a: PoyPee
|-damage|p2a: Iron Valiant|91/100|[from] item: Life Orb
|
|upkeep
|
|t:|1776055309
|switch|p1a: Libra|Lurantis, F, shiny|100/100
|-damage|p1a: Libra|88/100|[from] Spikes
|turn|5
|
|t:|1776055323
|-end|p2a: Iron Valiant|Quark Drive|[silent]
|switch|p2a: Dragapult|Dragapult, F|100/100
|move|p1a: Libra|Leaf Storm|p2a: Dragapult
|-resisted|p2a: Dragapult
|-damage|p2a: Dragapult|73/100
|-boost|p1a: Libra|spa|2
|
|upkeep
|turn|6
|
|t:|1776055332
|move|p2a: Dragapult|Flamethrower|p1a: Libra
|-supereffective|p1a: Libra
|-damage|p1a: Libra|31/100
|move|p1a: Libra|Night Slash|p2a: Dragapult
|-supereffective|p2a: Dragapult
|-damage|p2a: Dragapult|24/100
|
|upkeep
|turn|7
|
|t:|1776055341
|move|p2a: Dragapult|Flamethrower|p1a: Libra
|-supereffective|p1a: Libra
|-damage|p1a: Libra|0 fnt
|faint|p1a: Libra
|
|upkeep
|
|t:|1776055349
|switch|p1a: Xodium|Gardevoir, F, shiny|100/100
|-damage|p1a: Xodium|88/100|[from] Spikes
|-ability|p1a: Xodium|Infiltrator|Trace|[from] ability: Trace|[of] p2a: Dragapult
|turn|8
|
|t:|1776055361
|switch|p2a: Rotom|Rotom-Wash|100/100
|move|p1a: Xodium|Moonblast|p2a: Rotom
|-damage|p2a: Rotom|52/100
|
|-heal|p2a: Rotom|58/100|[from] item: Leftovers
|upkeep
|turn|9
|
|t:|1776055375
|switch|p1a: Babylon|Duraludon, M, shiny|100/100
|-damage|p1a: Babylon|88/100|[from] Spikes
|move|p2a: Rotom|Hydro Pump|p1a: Babylon
|-resisted|p1a: Babylon
|-damage|p1a: Babylon|66/100
|
|-heal|p2a: Rotom|65/100|[from] item: Leftovers
|upkeep
|turn|10
|
|t:|1776055389
|switch|p2a: Iron Valiant|Iron Valiant|91/100
|move|p1a: Babylon|Focus Energy|p1a: Babylon
|-start|p1a: Babylon|move: Focus Energy
|
|upkeep
|turn|11
|
|t:|1776055401
|move|p2a: Iron Valiant|Moonblast|p1a: Babylon
|-damage|p1a: Babylon|0 fnt
|faint|p1a: Babylon
|-damage|p2a: Iron Valiant|81/100|[from] item: Life Orb
|
|upkeep
|
|t:|1776055412
|switch|p1a: Xodium|Gardevoir, F, shiny|88/100
|-damage|p1a: Xodium|76/100|[from] Spikes
|turn|12
|
|t:|1776055422
|-end|p2a: Iron Valiant|Quark Drive|[silent]
|switch|p2a: Rotom|Rotom-Wash|65/100
|-ability|p1a: Xodium|Levitate|Trace|[from] ability: Trace|[of] p2a: Rotom
|move|p1a: Xodium|Moonblast|p2a: Rotom
|-damage|p2a: Rotom|11/100
|-unboost|p2a: Rotom|spa|1
|
|-heal|p2a: Rotom|18/100|[from] item: Leftovers
|upkeep
|turn|13
|
|t:|1776055432
|move|p1a: Xodium|Moonblast|p2a: Rotom
|-damage|p2a: Rotom|0 fnt
|faint|p2a: Rotom
|
|upkeep
|
|t:|1776055436
|switch|p2a: Kingambit|Kingambit, M|100/100
|-activate|p2a: Kingambit|ability: Supreme Overlord
|-start|p2a: Kingambit|fallen3|[silent]
|turn|14
|
|t:|1776055444
|move|p1a: Xodium|Moonblast|p2a: Kingambit
|-damage|p2a: Kingambit|41/100
|move|p2a: Kingambit|Iron Head|p1a: Xodium
|-supereffective|p1a: Xodium
|-damage|p1a: Xodium|0 fnt
|faint|p1a: Xodium
|
|upkeep
|
|t:|1776055457
|switch|p1a: R-Pyrite|Necrozma, shiny|100/100
|-damage|p1a: R-Pyrite|88/100|[from] Spikes
|turn|15
|
|t:|1776055462
|move|p2a: Kingambit|Sucker Punch||[still]
|-fail|p2a: Kingambit
|move|p1a: R-Pyrite|Dragon Dance|p1a: R-Pyrite
|-boost|p1a: R-Pyrite|atk|1
|-boost|p1a: R-Pyrite|spe|1
|
|upkeep
|turn|16
|
|t:|1776055472
|-terastallize|p1a: R-Pyrite|Normal
|move|p2a: Kingambit|Sucker Punch||[still]
|-fail|p2a: Kingambit
|move|p1a: R-Pyrite|Dragon Dance|p1a: R-Pyrite
|-boost|p1a: R-Pyrite|atk|1
|-boost|p1a: R-Pyrite|spe|1
|
|upkeep
|turn|17
|
|t:|1776055482
|-end|p2a: Kingambit|fallen3|[silent]
|switch|p2a: Dragapult|Dragapult, F|24/100
|move|p1a: R-Pyrite|Brick Break|p2a: Dragapult
|-immune|p2a: Dragapult
|
|upkeep
|turn|18
|
|t:|1776055492
|move|p1a: R-Pyrite|Photon Geyser|p2a: Dragapult
|-damage|p2a: Dragapult|0 fnt
|faint|p2a: Dragapult
|
|upkeep
|
|t:|1776055498
|switch|p2a: Iron Valiant|Iron Valiant|81/100
|turn|19
|
|t:|1776055501
|move|p1a: R-Pyrite|Photon Geyser|p2a: Iron Valiant
|-supereffective|p2a: Iron Valiant
|-damage|p2a: Iron Valiant|0 fnt
|faint|p2a: Iron Valiant
|-end|p2a: Iron Valiant|Quark Drive|[silent]
|
|upkeep
|c|☆kjojon|gg's
|
|t:|1776055508
|switch|p2a: Kingambit|Kingambit, M|41/100
|-activate|p2a: Kingambit|ability: Supreme Overlord
|-start|p2a: Kingambit|fallen5|[silent]
|turn|20
|
|t:|1776055512
|move|p2a: Kingambit|Sucker Punch|p1a: R-Pyrite
|-crit|p1a: R-Pyrite
|-damage|p1a: R-Pyrite|0 fnt
|faint|p1a: R-Pyrite
|
|upkeep
|
|t:|1776055514
|switch|p1a: Garfiel|Hitmontop, M|100/100
|-damage|p1a: Garfiel|88/100|[from] Spikes
|turn|21
|
|t:|1776055520
|move|p2a: Kingambit|Sucker Punch|p1a: Garfiel
|-resisted|p1a: Garfiel
|-damage|p1a: Garfiel|42/100
|move|p1a: Garfiel|Mach Punch|p2a: Kingambit
|-supereffective|p2a: Kingambit
|-damage|p2a: Kingambit|0 fnt
|faint|p2a: Kingambit
|-end|p2a: Kingambit|fallen5|[silent]
|
|win|kjojon
|raw|kjojon's rating: 1092 &rarr; <strong>1122</strong><br />(+30 for winning)
|raw|zewensenpai's rating: 1142 &rarr; <strong>1113</strong><br />(-29 for losing)
|l|☆zewensenpai
|player|p2|
|l|☆kjojon
|player|p1|
