|html|<div class="broadcast-blue"><strong>[Gen 9] OU is currently suspecting Tera Blast! For information on how to participate check out the <a href="https://www.smogon.com/tools/suspects/view/200">suspect thread</a>.</strong></div>
|j|☆Pikachu3D2
|j|☆Adoumi_
|t:|1776351220
|gametype|singles
|player|p1|Pikachu3D2|volo|1331
|player|p2|Adoumi_|hiker-gen4|1267
|gen|9
|tier|[Gen 9] OU
|rated|
|rule|HP Percentage Mod: HP is shown in percentages
|rule|Endless Battle Clause: Forcing endless battles is banned
|rule|Species Clause: Limit one of each Pokémon
|rule|OHKO Clause: OHKO moves are banned
|rule|Evasion Items Clause: Evasion items are banned
|rule|Evasion Moves Clause: Evasion moves are banned
|rule|Evasion Abilities Clause: Evasion abilities are banned
|rule|Sleep Moves Clause: Sleep-inducing moves are banned
|clearpoke
|poke|p1|Scrafty, M|
|poke|p1|Lucario, M|
|poke|p1|Ceruledge, M|
|poke|p1|Typhlosion-Hisui, M|
|poke|p1|Stonjourner, M|
|poke|p1|Toxtricity-Low-Key, M|
|poke|p2|Quaquaval, F|
|poke|p2|Weezing-Galar, F|
|poke|p2|Deoxys-Speed|
|poke|p2|Mamoswine, F|
|poke|p2|Dragonite, F|
|poke|p2|Quagsire, F|
|teampreview
|inactive|Battle timer is ON: inactive players will automatically lose when time's up. (requested by Adoumi_)
|c|☆Pikachu3D2|this is a team i made of my friedns fav mons
|c|☆Pikachu3D2|glhf
|
|t:|1776351246
|teamsize|p1|6
|teamsize|p2|6
|start
|switch|p1a: Stonjourner|Stonjourner, M, shiny|100/100
|switch|p2a: Deoxys|Deoxys-Speed|100/100
|-ability|p2a: Deoxys|Pressure
|turn|1
|
|t:|1776351257
|move|p2a: Deoxys|Psycho Boost|p1a: Stonjourner
|-enditem|p1a: Stonjourner|Focus Sash
|-damage|p1a: Stonjourner|1/100
|-unboost|p2a: Deoxys|spa|2
|-damage|p2a: Deoxys|91/100|[from] item: Life Orb
|move|p1a: Stonjourner|Rock Polish|p1a: Stonjourner
|-boost|p1a: Stonjourner|spe|2
|
|upkeep
|turn|2
|inactive|Adoumi_ has 120 seconds left.
|
|t:|1776351314
|switch|p2a: Weezing|Weezing-Galar, F|100/100
|move|p1a: Stonjourner|Heavy Slam|p2a: Weezing
|-supereffective|p2a: Weezing
|-damage|p2a: Weezing|42/100
|-damage|p1a: Stonjourner|0 fnt|[from] item: Rocky Helmet|[of] p2a: Weezing
|faint|p1a: Stonjourner
|
|upkeep
|
|t:|1776351338
|switch|p1a: Typhlosion|Typhlosion-Hisui, M|100/100
|-item|p2a: Weezing|Rocky Helmet|[from] ability: Frisk|[of] p1a: Typhlosion
|turn|3
|inactive|Adoumi_ has 90 seconds left.
|
|t:|1776351360
|move|p1a: Typhlosion|Eruption|p2a: Weezing
|-damage|p2a: Weezing|0 fnt
|faint|p2a: Weezing
|
|upkeep
|inactive|Adoumi_ has 90 seconds left.
|
|t:|1776351370
|switch|p2a: Quaquaval|Quaquaval, F|100/100
|turn|4
|inactive|Adoumi_ has 90 seconds left.
|
|t:|1776351376
|switch|p1a: Ceruledge|Ceruledge, M|100/100
|move|p2a: Quaquaval|Aqua Step|p1a: Ceruledge
|-supereffective|p1a: Ceruledge
|-damage|p1a: Ceruledge|18/100
|-boost|p2a: Quaquaval|spe|1
|-ability|p1a: Ceruledge|Weak Armor|boost
|-unboost|p1a: Ceruledge|def|1
|-boost|p1a: Ceruledge|spe|2
|-enditem|p1a: Ceruledge|White Herb
|-clearnegativeboost|p1a: Ceruledge|[silent]
|
|upkeep
|turn|5
|inactive|Adoumi_ has 90 seconds left.
|
|t:|1776351391
|move|p1a: Ceruledge|Psycho Cut|p2a: Quaquaval
|-supereffective|p2a: Quaquaval
|-crit|p2a: Quaquaval
|-damage|p2a: Quaquaval|25/100
|move|p2a: Quaquaval|Aqua Step|p1a: Ceruledge
|-supereffective|p1a: Ceruledge
|-damage|p1a: Ceruledge|0 fnt
|-boost|p2a: Quaquaval|spe|1
|faint|p1a: Ceruledge
|-ability|p2a: Quaquaval|Moxie|boost
|-boost|p2a: Quaquaval|atk|1
|
|-heal|p2a: Quaquaval|31/100|[from] item: Leftovers
|upkeep
|c|☆Pikachu3D2|nooo
|
|t:|1776351405
|switch|p1a: Lucario|Lucario, M|100/100
|turn|6
|
|t:|1776351414
|-terastallize|p1a: Lucario|Normal
|move|p1a: Lucario|Extreme Speed|p2a: Quaquaval
|-damage|p2a: Quaquaval|0 fnt
|faint|p2a: Quaquaval
|-damage|p1a: Lucario|91/100|[from] item: Life Orb
|
|upkeep
|
|t:|1776351423
|switch|p2a: Deoxys|Deoxys-Speed|91/100
|-ability|p2a: Deoxys|Pressure
|turn|7
|
|t:|1776351430
|move|p1a: Lucario|Extreme Speed|p2a: Deoxys
|-damage|p2a: Deoxys|13/100
|-damage|p1a: Lucario|81/100|[from] item: Life Orb
|move|p2a: Deoxys|Superpower|p1a: Lucario
|-supereffective|p1a: Lucario
|-damage|p1a: Lucario|0 fnt
|-unboost|p2a: Deoxys|atk|1
|-unboost|p2a: Deoxys|def|1
|faint|p1a: Lucario
|-damage|p2a: Deoxys|4/100|[from] item: Life Orb
|
|upkeep
|
|t:|1776351442
|switch|p1a: Boss Man|Scrafty, M|100/100
|turn|8
|
|t:|1776351452
|move|p2a: Deoxys|Taunt|p1a: Boss Man
|-start|p1a: Boss Man|move: Taunt
|cant|p1a: Boss Man|move: Taunt|Dragon Dance
|
|upkeep
|turn|9
|inactive|Adoumi_ has 120 seconds left.
|
|t:|1776351459
|move|p2a: Deoxys|Superpower|p1a: Boss Man
|-supereffective|p1a: Boss Man
|-damage|p1a: Boss Man|55/100
|-unboost|p2a: Deoxys|atk|1
|-unboost|p2a: Deoxys|def|1
|-damage|p2a: Deoxys|0 fnt|[from] item: Life Orb
|faint|p2a: Deoxys
|move|p1a: Boss Man|Knock Off|p2: Deoxys|[notarget]
|-fail|p1a: Boss Man
|
|-heal|p1a: Boss Man|61/100|[from] item: Leftovers
|upkeep
|c|☆Pikachu3D2|lol
|inactive|Adoumi_ has 120 seconds left.
|c|☆Pikachu3D2|nooo
|
|t:|1776351471
|switch|p2a: Mamoswine|Mamoswine, F|100/100
|turn|10
|inactive|Adoumi_ has 120 seconds left.
|
|t:|1776351480
|move|p1a: Boss Man|High Jump Kick|p2a: Mamoswine
|-supereffective|p2a: Mamoswine
|-damage|p2a: Mamoswine|35/100
|-damage|p1a: Boss Man|45/100|[from] item: Rocky Helmet|[of] p2a: Mamoswine
|move|p2a: Mamoswine|Stealth Rock|p1a: Boss Man
|-sidestart|p1: Pikachu3D2|move: Stealth Rock
|
|-heal|p1a: Boss Man|51/100|[from] item: Leftovers
|-end|p1a: Boss Man|move: Taunt
|upkeep
|turn|11
|inactive|Adoumi_ has 120 seconds left.
|
|t:|1776351497
|move|p2a: Mamoswine|Ice Shard|p1a: Boss Man
|-damage|p1a: Boss Man|32/100
|move|p1a: Boss Man|Dragon Dance|p1a: Boss Man
|-boost|p1a: Boss Man|atk|1
|-boost|p1a: Boss Man|spe|1
|
|-heal|p1a: Boss Man|38/100|[from] item: Leftovers
|upkeep
|turn|12
|inactive|Adoumi_ has 120 seconds left.
|
|t:|1776351508
|move|p2a: Mamoswine|Ice Shard|p1a: Boss Man
|-damage|p1a: Boss Man|19/100
|move|p1a: Boss Man|Iron Head|p2a: Mamoswine
|-supereffective|p2a: Mamoswine
|-damage|p2a: Mamoswine|0 fnt
|-damage|p1a: Boss Man|2/100|[from] item: Rocky Helmet|[of] p2a: Mamoswine
|faint|p2a: Mamoswine
|-ability|p1a: Boss Man|Moxie|boost
|-boost|p1a: Boss Man|atk|1
|
|-heal|p1a: Boss Man|8/100|[from] item: Leftovers
|upkeep
|inactive|Adoumi_ has 120 seconds left.
|
|t:|1776351520
|switch|p2a: Quagsire|Quagsire, F|100/100
|turn|13
|inactive|Adoumi_ has 120 seconds left.
|
|t:|1776351544
|move|p1a: Boss Man|High Jump Kick|p2a: Quagsire
|-damage|p2a: Quagsire|59/100
|move|p2a: Quagsire|Surf|p1a: Boss Man
|-damage|p1a: Boss Man|0 fnt
|faint|p1a: Boss Man
|
|-heal|p2a: Quagsire|65/100|[from] item: Leftovers
|upkeep
|
|t:|1776351561
|switch|p1a: Typhlosion|Typhlosion-Hisui, M|100/100
|-damage|p1a: Typhlosion|75/100|[from] Stealth Rock
|-item|p2a: Quagsire|Leftovers|[from] ability: Frisk|[of] p1a: Typhlosion
|turn|14
|inactive|Adoumi_ has 120 seconds left.
|
|t:|1776351579
|move|p1a: Typhlosion|Shadow Ball|p2a: Quagsire
|-damage|p2a: Quagsire|35/100
|move|p2a: Quagsire|Surf|p1a: Typhlosion
|-supereffective|p1a: Typhlosion
|-damage|p1a: Typhlosion|17/100
|
|-heal|p2a: Quagsire|41/100|[from] item: Leftovers
|upkeep
|turn|15
|
|t:|1776351587
|move|p1a: Typhlosion|Shadow Ball|p2a: Quagsire
|-damage|p2a: Quagsire|11/100
|move|p2a: Quagsire|Recover|p2a: Quagsire
|-heal|p2a: Quagsire|61/100
|
|-heal|p2a: Quagsire|67/100|[from] item: Leftovers
|upkeep
|turn|16
|inactive|Adoumi_ has 120 seconds left.
|
|t:|1776351597
|move|p1a: Typhlosion|Shadow Ball|p2a: Quagsire
|-damage|p2a: Quagsire|35/100
|move|p2a: Quagsire|Surf|p1a: Typhlosion
|-supereffective|p1a: Typhlosion
|-damage|p1a: Typhlosion|0 fnt
|faint|p1a: Typhlosion
|
|-heal|p2a: Quagsire|41/100|[from] item: Leftovers
|upkeep
|c|☆Pikachu3D2|i lost lol
|c|☆Pikachu3D2|gg
|
|t:|1776351605
|switch|p1a: Boom Chicka Boom|Toxtricity-Low-Key, M|100/100
|-damage|p1a: Boom Chicka Boom|88/100|[from] Stealth Rock
|turn|17
|inactive|Adoumi_ has 120 seconds left.
|
|t:|1776351625
|move|p1a: Boom Chicka Boom|Boomburst|p2a: Quagsire
|-damage|p2a: Quagsire|0 fnt
|faint|p2a: Quagsire
|-enditem|p1a: Boom Chicka Boom|Throat Spray
|-boost|p1a: Boom Chicka Boom|spa|1|[from] item: Throat Spray
|
|upkeep
|inactive|Adoumi_ has 120 seconds left.
|
|t:|1776351631
|switch|p2a: Dragonite|Dragonite, F|100/100
|turn|18
|inactive|Adoumi_ has 120 seconds left.
|
|t:|1776351660
|move|p1a: Boom Chicka Boom|Thunder Wave|p2a: Dragonite
|-status|p2a: Dragonite|par
|move|p2a: Dragonite|Earthquake|p1a: Boom Chicka Boom
|-supereffective|p1a: Boom Chicka Boom
|-damage|p1a: Boom Chicka Boom|0 fnt
|faint|p1a: Boom Chicka Boom
|
|win|Adoumi_
|raw|Pikachu3D2's rating: 1331 &rarr; <strong>1307</strong><br />(-24 for losing)
|raw|Adoumi_'s rating: 1267 &rarr; <strong>1297</strong><br />(+30 for winning)
|l|☆Pikachu3D2
|player|p1|
