|html|<div class="broadcast-blue"><strong>[Gen 9] OU is currently suspecting Tera Blast! For information on how to participate check out the <a href="https://www.smogon.com/tools/suspects/view/200">suspect thread</a>.</strong></div>
|j|☆HigherThanRotom-F
|j|☆Luceo
|t:|1776056662
|gametype|singles
|player|p1|HigherThanRotom-F|zinnia|1644
|player|p2|Luceo|cynthia-masters4|1581
|gen|9
|tier|[Gen 9] OU
|rated|
|rule|HP Percentage Mod: HP is shown in percentages
|rule|Endless Battle Clause: Forcing endless battles is banned
|rule|Species Clause: Limit one of each Pokémon
|rule|OHKO Clause: OHKO moves are banned
|rule|Evasion Items Clause: Evasion items are banned
|rule|Evasion Moves Clause: Evasion moves are banned
|rule|Evasion Abilities Clause: Evasion abilities are banned
|rule|Sleep Moves Clause: Sleep-inducing moves are banned
|clearpoke
|poke|p1|Enamorus, F|
|poke|p1|Kyurem|
|poke|p1|Landorus-Therian, M|
|poke|p1|Kingambit, F|
|poke|p1|Ogerpon-Wellspring, F|
|poke|p1|Glimmora, F|
|poke|p2|Deoxys-Speed|
|poke|p2|Ogerpon-Wellspring, F|
|poke|p2|Iron Moth|
|poke|p2|Gholdengo|
|poke|p2|Great Tusk|
|poke|p2|Dragonite, F|
|teampreview
|inactive|Battle timer is ON: inactive players will automatically lose when time's up. (requested by Luceo)
|inactive|Luceo has 120 seconds left.
|
|t:|1776056696
|teamsize|p1|6
|teamsize|p2|6
|start
|switch|p1a: Landorus|Landorus-Therian, M|100/100
|switch|p2a: Deoxys|Deoxys-Speed|100/100
|-ability|p2a: Deoxys|Pressure
|-ability|p1a: Landorus|Intimidate|boost
|-unboost|p2a: Deoxys|atk|1
|turn|1
|
|t:|1776056702
|move|p2a: Deoxys|Ice Beam|p1a: Landorus
|-supereffective|p1a: Landorus
|-damage|p1a: Landorus|0 fnt
|faint|p1a: Landorus
|
|upkeep
|
|t:|1776056708
|switch|p1a: Glimmora|Glimmora, F|100/100
|turn|2
|
|t:|1776056713
|switch|p1a: Kingambit|Kingambit, F|100/100
|-activate|p1a: Kingambit|ability: Supreme Overlord
|-start|p1a: Kingambit|fallen1|[silent]
|-item|p1a: Kingambit|Air Balloon
|move|p2a: Deoxys|Psychic|p1a: Kingambit
|-immune|p1a: Kingambit
|
|upkeep
|turn|3
|
|t:|1776056717
|-end|p1a: Kingambit|fallen1|[silent]
|switch|p1a: Enamorus|Enamorus, F|100/100
|move|p2a: Deoxys|Taunt|p1a: Enamorus
|-start|p1a: Enamorus|move: Taunt
|
|upkeep
|turn|4
|
|t:|1776056721
|move|p2a: Deoxys|Ice Beam|p1a: Enamorus
|-supereffective|p1a: Enamorus
|-damage|p1a: Enamorus|21/100
|move|p1a: Enamorus|Moonblast|p2a: Deoxys
|-damage|p2a: Deoxys|28/100
|-unboost|p2a: Deoxys|spa|1
|
|upkeep
|turn|5
|
|t:|1776056731
|switch|p1a: Glimmora|Glimmora, F|100/100
|move|p2a: Deoxys|Ice Beam|p1a: Glimmora
|-damage|p1a: Glimmora|81/100
|-enditem|p1a: Glimmora|Red Card|[of] p2a: Deoxys
|drag|p2a: Gholdengo|Gholdengo|100/100
|
|upkeep
|turn|6
|
|t:|1776056737
|move|p2a: Gholdengo|Make It Rain|p1a: Glimmora
|-supereffective|p1a: Glimmora
|-damage|p1a: Glimmora|0 fnt
|-unboost|p2a: Gholdengo|spa|1
|faint|p1a: Glimmora
|
|upkeep
|
|t:|1776056741
|switch|p1a: Ogerpon|Ogerpon-Wellspring, F|100/100
|turn|7
|c|☆Luceo|Dudes an idiot lol
|
|t:|1776056751
|switch|p2a: Ogerpon|Ogerpon-Wellspring, F|100/100
|move|p1a: Ogerpon|Knock Off|p2a: Ogerpon
|-damage|p2a: Ogerpon|65/100
|
|upkeep
|turn|8
|
|t:|1776056757
|move|p2a: Ogerpon|Encore|p1a: Ogerpon
|-start|p1a: Ogerpon|Encore
|move|p1a: Ogerpon|Knock Off|p2a: Ogerpon
|-damage|p2a: Ogerpon|29/100
|
|upkeep
|turn|9
|
|t:|1776056763
|move|p1a: Ogerpon|Knock Off|p2a: Ogerpon
|-damage|p2a: Ogerpon|0 fnt
|faint|p2a: Ogerpon
|
|upkeep
|
|t:|1776056770
|switch|p2a: Iron Moth|Iron Moth|100/100
|-enditem|p2a: Iron Moth|Booster Energy
|-activate|p2a: Iron Moth|ability: Quark Drive|[fromitem]
|-start|p2a: Iron Moth|quarkdrivespe
|turn|10
|
|t:|1776056781
|switch|p1a: Enamorus|Enamorus, F|21/100
|move|p2a: Iron Moth|Fiery Dance|p1a: Enamorus
|-damage|p1a: Enamorus|0 fnt
|-boost|p2a: Iron Moth|spa|1
|faint|p1a: Enamorus
|
|upkeep
|
|t:|1776056789
|switch|p1a: Kyurem|Kyurem|100/100
|-ability|p1a: Kyurem|Pressure
|turn|11
|
|t:|1776056809
|-terastallize|p2a: Iron Moth|Grass
|move|p2a: Iron Moth|Fiery Dance|p1a: Kyurem
|-damage|p1a: Kyurem|39/100
|move|p1a: Kyurem|Ice Beam|p2a: Iron Moth
|-supereffective|p2a: Iron Moth
|-damage|p2a: Iron Moth|6/100
|
|upkeep
|turn|12
|
|t:|1776056815
|move|p2a: Iron Moth|Sludge Wave|p1a: Kyurem
|-damage|p1a: Kyurem|0 fnt
|faint|p1a: Kyurem
|
|upkeep
|
|t:|1776056817
|switch|p1a: Kingambit|Kingambit, F|100/100
|-activate|p1a: Kingambit|ability: Supreme Overlord
|-start|p1a: Kingambit|fallen4|[silent]
|-item|p1a: Kingambit|Air Balloon
|turn|13
|
|t:|1776056821
|move|p1a: Kingambit|Sucker Punch||[still]
|-fail|p1a: Kingambit
|move|p2a: Iron Moth|Toxic Spikes|p1a: Kingambit
|-sidestart|p1: HigherThanRotom-F|move: Toxic Spikes
|
|upkeep
|turn|14
|
|t:|1776056827
|move|p1a: Kingambit|Sucker Punch|p2a: Iron Moth
|-damage|p2a: Iron Moth|0 fnt
|faint|p2a: Iron Moth
|-end|p2a: Iron Moth|Quark Drive|[silent]
|
|upkeep
|
|t:|1776056838
|switch|p2a: Great Tusk|Great Tusk|100/100
|-enditem|p2a: Great Tusk|Booster Energy
|-activate|p2a: Great Tusk|ability: Protosynthesis|[fromitem]
|-start|p2a: Great Tusk|protosynthesisatk
|turn|15
|
|t:|1776056840
|-end|p1a: Kingambit|fallen4|[silent]
|switch|p1a: Ogerpon|Ogerpon-Wellspring, F|100/100
|-status|p1a: Ogerpon|psn
|move|p2a: Great Tusk|Temper Flare|p1a: Ogerpon
|-damage|p1a: Ogerpon|53/100 psn
|
|-damage|p1a: Ogerpon|41/100 psn|[from] psn
|upkeep
|turn|16
|
|t:|1776056845
|-end|p2a: Great Tusk|Protosynthesis|[silent]
|switch|p2a: Deoxys|Deoxys-Speed|28/100
|-ability|p2a: Deoxys|Pressure
|move|p1a: Ogerpon|Ivy Cudgel|p2a: Deoxys|[anim] Ivy Cudgel Water
|-damage|p2a: Deoxys|0 fnt
|faint|p2a: Deoxys
|
|-damage|p1a: Ogerpon|28/100 psn|[from] psn
|upkeep
|
|t:|1776056853
|switch|p2a: Dragonite|Dragonite, F|100/100
|turn|17
|
|t:|1776056859
|move|p1a: Ogerpon|Ivy Cudgel|p2a: Dragonite|[anim] Ivy Cudgel Water
|-resisted|p2a: Dragonite
|-crit|p2a: Dragonite
|-damage|p2a: Dragonite|74/100
|move|p2a: Dragonite|Fire Punch|p1a: Ogerpon
|-damage|p1a: Ogerpon|0 fnt
|faint|p1a: Ogerpon
|
|upkeep
|
|t:|1776056862
|switch|p1a: Kingambit|Kingambit, F|100/100
|-activate|p1a: Kingambit|ability: Supreme Overlord
|-start|p1a: Kingambit|fallen5|[silent]
|-item|p1a: Kingambit|Air Balloon
|turn|18
|
|t:|1776056864
|-terastallize|p1a: Kingambit|Ghost
|move|p2a: Dragonite|Fire Punch|p1a: Kingambit
|-damage|p1a: Kingambit|66/100
|-enditem|p1a: Kingambit|Air Balloon
|move|p1a: Kingambit|Swords Dance|p1a: Kingambit
|-boost|p1a: Kingambit|atk|2
|
|upkeep
|turn|19
|
|t:|1776056868
|move|p1a: Kingambit|Sucker Punch|p2a: Dragonite
|-crit|p2a: Dragonite
|-damage|p2a: Dragonite|0 fnt
|faint|p2a: Dragonite
|
|upkeep
|
|t:|1776056869
|switch|p2a: Gholdengo|Gholdengo|100/100
|turn|20
|
|t:|1776056875
|move|p2a: Gholdengo|Trick|p1a: Kingambit
|-activate|p2a: Gholdengo|move: Trick|[of] p1a: Kingambit
|-item|p1a: Kingambit|Choice Scarf|[from] move: Trick
|-enditem|p2a: Gholdengo|Choice Scarf|[silent]|[from] move: Trick
|move|p1a: Kingambit|Iron Head|p2a: Gholdengo
|-resisted|p2a: Gholdengo
|-damage|p2a: Gholdengo|24/100
|
|upkeep
|turn|21
|
|t:|1776056880
|move|p1a: Kingambit|Iron Head|p2a: Gholdengo
|-resisted|p2a: Gholdengo
|-damage|p2a: Gholdengo|0 fnt
|faint|p2a: Gholdengo
|
|upkeep
|
|t:|1776056883
|switch|p2a: Great Tusk|Great Tusk|100/100
|turn|22
|
|t:|1776056899
|move|p1a: Kingambit|Iron Head|p2a: Great Tusk
|-damage|p2a: Great Tusk|2/100
|move|p2a: Great Tusk|Ice Spinner|p1a: Kingambit
|-damage|p1a: Kingambit|40/100
|
|upkeep
|turn|23
|
|t:|1776056901
|move|p1a: Kingambit|Iron Head|p2a: Great Tusk
|-damage|p2a: Great Tusk|0 fnt
|faint|p2a: Great Tusk
|-end|p2a: Great Tusk|Protosynthesis|[silent]
|
|win|HigherThanRotom-F
|raw|HigherThanRotom-F's rating: 1644 &rarr; <strong>1660</strong><br />(+16 for winning)
|raw|Luceo's rating: 1581 &rarr; <strong>1565</strong><br />(-16 for losing)
|c|☆HigherThanRotom-F|?
|c|☆Luceo|How fuckign fast are u
|c|☆Luceo|tf
|c|☆HigherThanRotom-F|whos an idiiot?
|c|☆HigherThanRotom-F|im a little confused
|c|☆Luceo|U
|c|☆Luceo|lucky fuck
|c|☆HigherThanRotom-F|oh ok
|l|☆Luceo
|player|p2|
|c|☆HigherThanRotom-F|what turn
|l|☆HigherThanRotom-F
|player|p1|
