|html|<div class="broadcast-blue"><strong>[Gen 9] OU is currently suspecting Tera Blast! For information on how to participate check out the <a href="https://www.smogon.com/tools/suspects/view/200">suspect thread</a>.</strong></div>
|j|☆erennotyaeger
|j|☆clickdontthink
|t:|1776101088
|gametype|singles
|player|p1|erennotyaeger|102|1703
|player|p2|clickdontthink|bruno-gen2|1783
|gen|9
|tier|[Gen 9] OU
|rated|
|rule|HP Percentage Mod: HP is shown in percentages
|rule|Endless Battle Clause: Forcing endless battles is banned
|rule|Species Clause: Limit one of each Pokémon
|rule|OHKO Clause: OHKO moves are banned
|rule|Evasion Items Clause: Evasion items are banned
|rule|Evasion Moves Clause: Evasion moves are banned
|rule|Evasion Abilities Clause: Evasion abilities are banned
|rule|Sleep Moves Clause: Sleep-inducing moves are banned
|clearpoke
|poke|p1|Dragapult, F|
|poke|p1|Alomomola, F|
|poke|p1|Ting-Lu|
|poke|p1|Kyurem|
|poke|p1|Weezing-Galar, F|
|poke|p1|Corviknight, F|
|poke|p2|Weavile, F|
|poke|p2|Volcanion|
|poke|p2|Great Tusk|
|poke|p2|Hatterene, F|
|poke|p2|Gholdengo|
|poke|p2|Dragonite, F|
|teampreview
|inactive|Battle timer is ON: inactive players will automatically lose when time's up. (requested by erennotyaeger)
|
|t:|1776101133
|teamsize|p1|6
|teamsize|p2|6
|start
|switch|p1a: Corviknight|Corviknight, F|100/100
|switch|p2a: Weavile|Weavile, F|100/100
|-ability|p1a: Corviknight|Pressure
|turn|1
|
|t:|1776101144
|switch|p2a: Hatterene|Hatterene, F|100/100
|move|p1a: Corviknight|U-turn|p2a: Hatterene
|-damage|p2a: Hatterene|89/100
|-damage|p1a: Corviknight|84/100|[from] item: Rocky Helmet|[of] p2a: Hatterene
|
|t:|1776101162
|switch|p1a: Moody Blues|Dragapult, F|100/100|[from] U-turn
|
|upkeep
|turn|2
|
|t:|1776101177
|switch|p2a: Weavile|Weavile, F|100/100
|-terastallize|p1a: Moody Blues|Ghost
|move|p1a: Moody Blues|Tera Blast|p2a: Weavile|[anim] Tera Blast Ghost
|-resisted|p2a: Weavile
|-damage|p2a: Weavile|34/100
|
|upkeep
|turn|3
|
|t:|1776101205
|move|p2a: Weavile|Ice Shard|p1a: Moody Blues
|-damage|p1a: Moody Blues|60/100
|move|p1a: Moody Blues|Tera Blast|p2a: Weavile|[anim] Tera Blast Ghost
|-resisted|p2a: Weavile
|-damage|p2a: Weavile|0 fnt
|faint|p2a: Weavile
|
|upkeep
|
|t:|1776101212
|switch|p2a: Volcanion|Volcanion|100/100
|turn|4
|
|t:|1776101226
|switch|p1a: Tiffany BlueStones|Kyurem, shiny|100/100
|-ability|p1a: Tiffany BlueStones|Pressure
|move|p2a: Volcanion|Will-O-Wisp|p1a: Tiffany BlueStones|[miss]
|-miss|p2a: Volcanion|p1a: Tiffany BlueStones
|
|upkeep
|turn|5
|
|t:|1776101239
|switch|p2a: Gholdengo|Gholdengo|100/100
|move|p1a: Tiffany BlueStones|Substitute|p1a: Tiffany BlueStones
|-start|p1a: Tiffany BlueStones|Substitute
|-damage|p1a: Tiffany BlueStones|76/100
|
|-heal|p1a: Tiffany BlueStones|82/100|[from] item: Leftovers
|upkeep
|turn|6
|inactive|clickdontthink has 120 seconds left.
|
|t:|1776101254
|move|p2a: Gholdengo|Make It Rain|p1a: Tiffany BlueStones
|-supereffective|p1a: Tiffany BlueStones
|-end|p1a: Tiffany BlueStones|Substitute
|-unboost|p2a: Gholdengo|spa|1
|move|p1a: Tiffany BlueStones|Earth Power|p2a: Gholdengo
|-supereffective|p2a: Gholdengo
|-damage|p2a: Gholdengo|23/100
|
|-heal|p1a: Tiffany BlueStones|88/100|[from] item: Leftovers
|upkeep
|turn|7
|
|t:|1776101268
|switch|p2a: Hatterene|Hatterene, F|89/100
|switch|p1a: Alysa-Lu|Ting-Lu|100/100
|-ability|p1a: Alysa-Lu|Vessel of Ruin
|
|upkeep
|turn|8
|
|t:|1776101276
|move|p1a: Alysa-Lu|Earthquake|p2a: Hatterene
|-damage|p2a: Hatterene|56/100
|move|p2a: Hatterene|Draining Kiss|p1a: Alysa-Lu
|-supereffective|p1a: Alysa-Lu
|-damage|p1a: Alysa-Lu|81/100
|-heal|p2a: Hatterene|79/100|[from] drain|[of] p1a: Alysa-Lu
|
|-heal|p1a: Alysa-Lu|88/100|[from] item: Leftovers
|upkeep
|turn|9
|
|t:|1776101295
|switch|p1a: Weezing|Weezing-Galar, F|100/100
|-ability|p1a: Weezing|Neutralizing Gas
|switch|p2a: Great Tusk|Great Tusk|100/100
|
|upkeep
|turn|10
|
|t:|1776101301
|-end|p2a: Great Tusk|Protosynthesis|[silent]
|switch|p2a: Gholdengo|Gholdengo|23/100
|-end|p1a: Weezing|ability: Neutralizing Gas
|switch|p1a: Fogbound Lake|Alomomola, F|100/100
|
|upkeep
|turn|11
|
|t:|1776101307
|switch|p2a: Volcanion|Volcanion|100/100
|move|p1a: Fogbound Lake|Protect||[still]
|-fail|p1a: Fogbound Lake
|
|upkeep
|turn|12
|
|t:|1776101317
|switch|p1a: Tiffany BlueStones|Kyurem, shiny|88/100
|-ability|p1a: Tiffany BlueStones|Pressure
|move|p2a: Volcanion|Steam Eruption|p1a: Tiffany BlueStones
|-resisted|p1a: Tiffany BlueStones
|-damage|p1a: Tiffany BlueStones|59/100
|-status|p1a: Tiffany BlueStones|brn
|
|-heal|p1a: Tiffany BlueStones|65/100 brn|[from] item: Leftovers
|-damage|p1a: Tiffany BlueStones|59/100 brn|[from] brn
|upkeep
|turn|13
|
|t:|1776101334
|move|p1a: Tiffany BlueStones|Substitute|p1a: Tiffany BlueStones
|-start|p1a: Tiffany BlueStones|Substitute
|-damage|p1a: Tiffany BlueStones|34/100 brn
|move|p2a: Volcanion|Flamethrower|p1a: Tiffany BlueStones
|-end|p1a: Tiffany BlueStones|Substitute
|
|-heal|p1a: Tiffany BlueStones|40/100 brn|[from] item: Leftovers
|-damage|p1a: Tiffany BlueStones|34/100 brn|[from] brn
|upkeep
|turn|14
|
|t:|1776101337
|move|p1a: Tiffany BlueStones|Earth Power|p2a: Volcanion
|-supereffective|p2a: Volcanion
|-enditem|p2a: Volcanion|Shuca Berry|[eat]
|-enditem|p2a: Volcanion|Shuca Berry|[weaken]
|-damage|p2a: Volcanion|66/100
|move|p2a: Volcanion|Flamethrower|p1a: Tiffany BlueStones
|-crit|p1a: Tiffany BlueStones
|-damage|p1a: Tiffany BlueStones|0 fnt
|faint|p1a: Tiffany BlueStones
|
|upkeep
|
|t:|1776101346
|switch|p1a: Moody Blues|Dragapult, F, tera:Ghost|60/100
|turn|15
|
|t:|1776101365
|move|p1a: Moody Blues|Tera Blast|p2a: Volcanion|[anim] Tera Blast Ghost
|-damage|p2a: Volcanion|0 fnt
|faint|p2a: Volcanion
|
|upkeep
|
|t:|1776101374
|switch|p2a: Gholdengo|Gholdengo|23/100
|turn|16
|
|t:|1776101380
|switch|p1a: Corviknight|Corviknight, F|84/100
|-ability|p1a: Corviknight|Pressure
|move|p2a: Gholdengo|Trick|p1a: Corviknight
|-activate|p2a: Gholdengo|move: Trick|[of] p1a: Corviknight
|-item|p1a: Corviknight|Choice Scarf|[from] move: Trick
|-item|p2a: Gholdengo|Leftovers|[from] move: Trick
|
|-heal|p2a: Gholdengo|29/100|[from] item: Leftovers
|upkeep
|turn|17
|
|t:|1776101391
|move|p2a: Gholdengo|Focus Blast|p1a: Corviknight
|-damage|p1a: Corviknight|54/100
|move|p1a: Corviknight|U-turn|p2a: Gholdengo
|-resisted|p2a: Gholdengo
|-damage|p2a: Gholdengo|25/100
|
|t:|1776101398
|switch|p1a: Moody Blues|Dragapult, F, tera:Ghost|60/100|[from] U-turn
|
|-heal|p2a: Gholdengo|31/100|[from] item: Leftovers
|upkeep
|turn|18
|inactive|clickdontthink has 120 seconds left.
|
|t:|1776101438
|switch|p2a: Hatterene|Hatterene, F|79/100
|move|p1a: Moody Blues|Tera Blast|p2a: Hatterene|[anim] Tera Blast Ghost
|-supereffective|p2a: Hatterene
|-damage|p2a: Hatterene|0 fnt
|faint|p2a: Hatterene
|
|upkeep
|
|t:|1776101441
|switch|p2a: Great Tusk|Great Tusk|100/100
|turn|19
|inactive|clickdontthink has 120 seconds left.
|
|t:|1776101449
|switch|p1a: Fogbound Lake|Alomomola, F|100/100
|-end|p2a: Great Tusk|Protosynthesis|[silent]
|switch|p2a: Gholdengo|Gholdengo|31/100
|
|-heal|p2a: Gholdengo|37/100|[from] item: Leftovers
|upkeep
|turn|20
|
|t:|1776101453
|move|p2a: Gholdengo|Shadow Ball|p1a: Fogbound Lake
|-damage|p1a: Fogbound Lake|54/100
|move|p1a: Fogbound Lake|Flip Turn|p2a: Gholdengo
|-damage|p2a: Gholdengo|17/100
|
|t:|1776101455
|switch|p1a: Moody Blues|Dragapult, F, tera:Ghost|60/100|[from] Flip Turn
|
|-heal|p2a: Gholdengo|23/100|[from] item: Leftovers
|upkeep
|turn|21
|
|t:|1776101461
|move|p1a: Moody Blues|Tera Blast|p2a: Gholdengo|[anim] Tera Blast Ghost
|-supereffective|p2a: Gholdengo
|-damage|p2a: Gholdengo|0 fnt
|faint|p2a: Gholdengo
|
|upkeep
|
|t:|1776101462
|switch|p2a: Dragonite|Dragonite, F|100/100
|turn|22
|
|t:|1776101466
|switch|p1a: Weezing|Weezing-Galar, F|100/100
|-ability|p1a: Weezing|Neutralizing Gas
|move|p2a: Dragonite|Dragon Dance|p2a: Dragonite
|-boost|p2a: Dragonite|atk|1
|-boost|p2a: Dragonite|spe|1
|
|upkeep
|turn|23
|
|t:|1776101473
|-terastallize|p2a: Dragonite|Ground
|move|p2a: Dragonite|Earthquake|p1a: Weezing
|-supereffective|p1a: Weezing
|-damage|p1a: Weezing|0 fnt
|faint|p1a: Weezing
|-end|p1a: Weezing|ability: Neutralizing Gas
|
|upkeep
|
|t:|1776101486
|switch|p1a: Fogbound Lake|Alomomola, F|88/100
|turn|24
|
|t:|1776101492
|move|p2a: Dragonite|Dragon Dance|p2a: Dragonite
|-boost|p2a: Dragonite|atk|1
|-boost|p2a: Dragonite|spe|1
|move|p1a: Fogbound Lake|Tickle|p2a: Dragonite
|-unboost|p2a: Dragonite|atk|1
|-unboost|p2a: Dragonite|def|1
|
|upkeep
|turn|25
|
|t:|1776101505
|move|p2a: Dragonite|Earthquake|p1a: Fogbound Lake
|-damage|p1a: Fogbound Lake|45/100
|move|p1a: Fogbound Lake|Tickle|p2a: Dragonite
|-unboost|p2a: Dragonite|atk|1
|-unboost|p2a: Dragonite|def|1
|
|upkeep
|turn|26
|
|t:|1776101516
|move|p2a: Dragonite|Encore|p1a: Fogbound Lake
|-start|p1a: Fogbound Lake|Encore
|move|p1a: Fogbound Lake|Tickle|p2a: Dragonite
|-unboost|p2a: Dragonite|atk|1
|-unboost|p2a: Dragonite|def|1
|
|upkeep
|turn|27
|
|t:|1776101520
|move|p2a: Dragonite|Dragon Dance|p2a: Dragonite
|-boost|p2a: Dragonite|atk|1
|-boost|p2a: Dragonite|spe|1
|move|p1a: Fogbound Lake|Tickle|p2a: Dragonite
|-unboost|p2a: Dragonite|atk|1
|-unboost|p2a: Dragonite|def|1
|
|upkeep
|turn|28
|
|t:|1776101523
|move|p2a: Dragonite|Earthquake|p1a: Fogbound Lake
|-damage|p1a: Fogbound Lake|26/100
|move|p1a: Fogbound Lake|Tickle|p2a: Dragonite
|-unboost|p2a: Dragonite|atk|1
|-unboost|p2a: Dragonite|def|1
|
|-end|p1a: Fogbound Lake|Encore
|upkeep
|turn|29
|
|t:|1776101529
|move|p2a: Dragonite|Encore|p1a: Fogbound Lake
|-start|p1a: Fogbound Lake|Encore
|move|p1a: Fogbound Lake|Tickle|p2a: Dragonite
|-unboost|p2a: Dragonite|atk|1
|-unboost|p2a: Dragonite|def|1
|
|upkeep
|turn|30
|
|t:|1776101540
|move|p2a: Dragonite|Dragon Dance|p2a: Dragonite
|-boost|p2a: Dragonite|atk|1
|-boost|p2a: Dragonite|spe|1
|move|p1a: Fogbound Lake|Tickle|p2a: Dragonite
|-unboost|p2a: Dragonite|atk|1
|-unboost|p2a: Dragonite|def|0
|
|upkeep
|turn|31
|
|t:|1776101545
|move|p2a: Dragonite|Earthquake|p1a: Fogbound Lake
|-damage|p1a: Fogbound Lake|13/100
|move|p1a: Fogbound Lake|Tickle|p2a: Dragonite
|-unboost|p2a: Dragonite|atk|1
|-unboost|p2a: Dragonite|def|0
|
|-end|p1a: Fogbound Lake|Encore
|upkeep
|turn|32
|
|t:|1776101559
|switch|p2a: Great Tusk|Great Tusk|100/100
|move|p1a: Fogbound Lake|Tickle|p2a: Great Tusk
|-unboost|p2a: Great Tusk|atk|1
|-unboost|p2a: Great Tusk|def|1
|
|upkeep
|turn|33
|
|t:|1776101568
|switch|p1a: Corviknight|Corviknight, F|54/100
|-ability|p1a: Corviknight|Pressure
|move|p2a: Great Tusk|Close Combat|p1a: Corviknight
|-damage|p1a: Corviknight|24/100
|-unboost|p2a: Great Tusk|def|1
|-unboost|p2a: Great Tusk|spd|1
|
|upkeep
|turn|34
|
|t:|1776101572
|move|p2a: Great Tusk|Close Combat|p1a: Corviknight
|-damage|p1a: Corviknight|0 fnt
|-unboost|p2a: Great Tusk|def|1
|-unboost|p2a: Great Tusk|spd|1
|faint|p1a: Corviknight
|
|upkeep
|
|t:|1776101581
|switch|p1a: Moody Blues|Dragapult, F, tera:Ghost|60/100
|turn|35
|
|t:|1776101587
|move|p1a: Moody Blues|Dragon Darts|p2a: Great Tusk
|-damage|p2a: Great Tusk|29/100
|-anim|p1a: Moody Blues|Dragon Darts|p2a: Great Tusk
|-damage|p2a: Great Tusk|0 fnt
|faint|p2a: Great Tusk
|-end|p2a: Great Tusk|Protosynthesis|[silent]
|
|upkeep
|
|t:|1776101595
|switch|p2a: Dragonite|Dragonite, F, tera:Ground|100/100
|turn|36
|
|t:|1776101599
|move|p1a: Moody Blues|Dragon Darts|p2a: Dragonite
|-damage|p2a: Dragonite|81/100
|-anim|p1a: Moody Blues|Dragon Darts|p2a: Dragonite
|-damage|p2a: Dragonite|43/100
|move|p2a: Dragonite|Dragon Dance|p2a: Dragonite
|-boost|p2a: Dragonite|atk|1
|-boost|p2a: Dragonite|spe|1
|
|-heal|p2a: Dragonite|49/100|[from] item: Leftovers
|upkeep
|turn|37
|
|t:|1776101620
|switch|p1a: Alysa-Lu|Ting-Lu|88/100
|-ability|p1a: Alysa-Lu|Vessel of Ruin
|move|p2a: Dragonite|Earthquake|p1a: Alysa-Lu
|-damage|p1a: Alysa-Lu|44/100
|
|-heal|p2a: Dragonite|55/100|[from] item: Leftovers
|-heal|p1a: Alysa-Lu|50/100|[from] item: Leftovers
|upkeep
|turn|38
|
|t:|1776101630
|move|p2a: Dragonite|Dragon Dance|p2a: Dragonite
|-boost|p2a: Dragonite|atk|1
|-boost|p2a: Dragonite|spe|1
|move|p1a: Alysa-Lu|Earthquake|p2a: Dragonite
|-damage|p2a: Dragonite|13/100
|
|-heal|p2a: Dragonite|19/100|[from] item: Leftovers
|-heal|p1a: Alysa-Lu|56/100|[from] item: Leftovers
|upkeep
|turn|39
|inactive|erennotyaeger has 120 seconds left.
|inactive|clickdontthink has 120 seconds left.
|inactive|erennotyaeger has 90 seconds left.
|inactive|clickdontthink has 90 seconds left.
|inactive|clickdontthink has 60 seconds left.
|
|t:|1776101730
|move|p2a: Dragonite|Ice Spinner|p1a: Alysa-Lu
|-supereffective|p1a: Alysa-Lu
|-damage|p1a: Alysa-Lu|0 fnt
|faint|p1a: Alysa-Lu
|
|-heal|p2a: Dragonite|26/100|[from] item: Leftovers
|upkeep
|
|t:|1776101739
|switch|p1a: Fogbound Lake|Alomomola, F|47/100
|turn|40
|
|t:|1776101750
|switch|p1a: Moody Blues|Dragapult, F, tera:Ghost|60/100
|move|p2a: Dragonite|Dragon Dance|p2a: Dragonite
|-boost|p2a: Dragonite|atk|1
|-boost|p2a: Dragonite|spe|1
|
|-heal|p2a: Dragonite|32/100|[from] item: Leftovers
|upkeep
|turn|41
|
|t:|1776101753
|move|p2a: Dragonite|Earthquake|p1a: Moody Blues
|-damage|p1a: Moody Blues|0 fnt
|faint|p1a: Moody Blues
|
|-heal|p2a: Dragonite|38/100|[from] item: Leftovers
|upkeep
|
|t:|1776101755
|switch|p1a: Fogbound Lake|Alomomola, F|80/100
|turn|42
|inactive|erennotyaeger has 90 seconds left.
|
|t:|1776101761
|move|p2a: Dragonite|Earthquake|p1a: Fogbound Lake
|-damage|p1a: Fogbound Lake|8/100
|move|p1a: Fogbound Lake|Flip Turn|p2a: Dragonite
|-supereffective|p2a: Dragonite
|-damage|p2a: Dragonite|2/100
|
|-heal|p2a: Dragonite|8/100|[from] item: Leftovers
|upkeep
|turn|43
|
|t:|1776101765
|move|p2a: Dragonite|Earthquake|p1a: Fogbound Lake
|-damage|p1a: Fogbound Lake|0 fnt
|faint|p1a: Fogbound Lake
|
|win|clickdontthink
|raw|erennotyaeger's rating: 1703 &rarr; <strong>1688</strong><br />(-15 for losing)
|raw|clickdontthink's rating: 1783 &rarr; <strong>1798</strong><br />(+15 for winning)
|c|☆erennotyaeger|gg
|c|☆clickdontthink|gg
|l|☆erennotyaeger
|player|p1|
