|html|<div class="broadcast-blue"><strong>[Gen 9] OU is currently suspecting Tera Blast! For information on how to participate check out the <a href="https://www.smogon.com/tools/suspects/view/200">suspect thread</a>.</strong></div>
|j|☆vernost72
|j|☆Benedict Juarez
|t:|1776043259
|gametype|singles
|player|p1|vernost72|hoopster|1484
|player|p2|Benedict Juarez|medium|1442
|gen|9
|tier|[Gen 9] OU
|rated|
|rule|HP Percentage Mod: HP is shown in percentages
|rule|Endless Battle Clause: Forcing endless battles is banned
|rule|Species Clause: Limit one of each Pokémon
|rule|OHKO Clause: OHKO moves are banned
|rule|Evasion Items Clause: Evasion items are banned
|rule|Evasion Moves Clause: Evasion moves are banned
|rule|Evasion Abilities Clause: Evasion abilities are banned
|rule|Sleep Moves Clause: Sleep-inducing moves are banned
|clearpoke
|poke|p1|Ursaluna, F|
|poke|p1|Ninetales-Alola, M|
|poke|p1|Iron Crown|
|poke|p1|Alomomola, M|
|poke|p1|Kyurem|
|poke|p1|Talonflame, M|
|poke|p2|Zamazenta-*|
|poke|p2|Rillaboom, F|
|poke|p2|Raging Bolt|
|poke|p2|Slowking-Galar, M|
|poke|p2|Great Tusk|
|poke|p2|Rotom-Wash|
|teampreview
|inactive|Battle timer is ON: inactive players will automatically lose when time's up. (requested by vernost72)
|
|t:|1776043285
|teamsize|p1|6
|teamsize|p2|6
|start
|switch|p1a: MVP|Ninetales-Alola, M|100/100
|switch|p2a: Great Tusk|Great Tusk|100/100
|-weather|Snowscape|[from] ability: Snow Warning|[of] p1a: MVP
|turn|1
|
|t:|1776043293
|move|p1a: MVP|Moonblast|p2a: Great Tusk
|-supereffective|p2a: Great Tusk
|-damage|p2a: Great Tusk|10/100
|-unboost|p2a: Great Tusk|spa|1
|move|p2a: Great Tusk|Knock Off|p1a: MVP
|-resisted|p1a: MVP
|-damage|p1a: MVP|87/100
|-enditem|p1a: MVP|Light Clay|[from] move: Knock Off|[of] p2a: Great Tusk
|
|-weather|Snowscape|[upkeep]
|upkeep
|turn|2
|
|t:|1776043298
|-end|p2a: Great Tusk|Protosynthesis|[silent]
|switch|p2a: Slowking|Slowking-Galar, M|100/100
|move|p1a: MVP|Moonblast|p2a: Slowking
|-resisted|p2a: Slowking
|-damage|p2a: Slowking|91/100
|
|-weather|Snowscape|[upkeep]
|upkeep
|turn|3
|
|t:|1776043304
|switch|p1a: Benito|Ursaluna, F|100/100
|move|p2a: Slowking|Sludge Bomb|p1a: Benito
|-resisted|p1a: Benito
|-damage|p1a: Benito|87/100
|
|-weather|Snowscape|[upkeep]
|-status|p1a: Benito|brn|[from] item: Flame Orb
|upkeep
|turn|4
|
|t:|1776043308
|switch|p2a: Zamazenta|Zamazenta|100/100
|-ability|p2a: Zamazenta|Dauntless Shield|boost
|-boost|p2a: Zamazenta|def|1
|move|p1a: Benito|Facade|p2a: Zamazenta
|-damage|p2a: Zamazenta|51/100
|
|-weather|Snowscape|[upkeep]
|-heal|p2a: Zamazenta|57/100|[from] item: Leftovers
|-damage|p1a: Benito|81/100 brn|[from] brn
|upkeep
|turn|5
|
|t:|1776043319
|-terastallize|p1a: Benito|Ghost
|move|p2a: Zamazenta|Body Press|p1a: Benito
|-immune|p1a: Benito
|move|p1a: Benito|Facade|p2a: Zamazenta
|-damage|p2a: Zamazenta|11/100
|
|-weather|none
|-heal|p2a: Zamazenta|17/100|[from] item: Leftovers
|-damage|p1a: Benito|75/100 brn|[from] brn
|upkeep
|turn|6
|
|t:|1776043324
|move|p2a: Zamazenta|Crunch|p1a: Benito
|-supereffective|p1a: Benito
|-damage|p1a: Benito|44/100 brn
|move|p1a: Benito|Facade|p2a: Zamazenta
|-damage|p2a: Zamazenta|0 fnt
|faint|p2a: Zamazenta
|
|-damage|p1a: Benito|38/100 brn|[from] brn
|upkeep
|
|t:|1776043336
|switch|p2a: Rillaboom|Rillaboom, F|100/100
|-fieldstart|move: Grassy Terrain|[from] ability: Grassy Surge|[of] p2a: Rillaboom
|turn|7
|
|t:|1776043338
|switch|p1a: Mini moltres|Talonflame, M|100/100
|move|p2a: Rillaboom|Knock Off|p1a: Mini moltres
|-damage|p1a: Mini moltres|32/100
|-enditem|p1a: Mini moltres|Heavy-Duty Boots|[from] move: Knock Off|[of] p2a: Rillaboom
|
|upkeep
|turn|8
|
|t:|1776043343
|switch|p2a: Rotom|Rotom-Wash|100/100
|move|p1a: Mini moltres|Roost|p1a: Mini moltres
|-heal|p1a: Mini moltres|82/100
|-singleturn|p1a: Mini moltres|move: Roost
|
|-heal|p1a: Mini moltres|89/100|[from] Grassy Terrain
|upkeep
|turn|9
|
|t:|1776043345
|switch|p1a: MVP|Ninetales-Alola, M|87/100
|-weather|Snowscape|[from] ability: Snow Warning|[of] p1a: MVP
|move|p2a: Rotom|Volt Switch|p1a: MVP
|-damage|p1a: MVP|54/100
|
|t:|1776043351
|switch|p2a: Slowking|Slowking-Galar, M|100/100|[from] Volt Switch
|
|-weather|Snowscape|[upkeep]
|-heal|p1a: MVP|60/100|[from] Grassy Terrain
|upkeep
|turn|10
|
|t:|1776043354
|switch|p1a: Benito|Ursaluna, F, tera:Ghost|38/100 brn
|move|p2a: Slowking|Sludge Bomb|p1a: Benito
|-resisted|p1a: Benito
|-damage|p1a: Benito|23/100 brn
|
|-weather|Snowscape|[upkeep]
|-heal|p1a: Benito|29/100 brn|[from] Grassy Terrain
|-damage|p1a: Benito|23/100 brn|[from] brn
|upkeep
|turn|11
|
|t:|1776043358
|switch|p2a: Rotom|Rotom-Wash|100/100
|move|p1a: Benito|Facade|p2a: Rotom
|-damage|p2a: Rotom|20/100
|
|-weather|Snowscape|[upkeep]
|-heal|p2a: Rotom|26/100|[from] item: Leftovers
|-heal|p1a: Benito|29/100 brn|[from] Grassy Terrain
|-damage|p1a: Benito|23/100 brn|[from] brn
|-fieldend|move: Grassy Terrain
|upkeep
|turn|12
|
|t:|1776043361
|switch|p1a: MVP|Ninetales-Alola, M|60/100
|move|p2a: Rotom|Volt Switch|p1a: MVP
|-damage|p1a: MVP|32/100
|
|t:|1776043363
|switch|p2a: Rillaboom|Rillaboom, F|100/100|[from] Volt Switch
|-fieldstart|move: Grassy Terrain|[from] ability: Grassy Surge|[of] p2a: Rillaboom
|
|-weather|Snowscape|[upkeep]
|-heal|p1a: MVP|37/100|[from] Grassy Terrain
|upkeep
|turn|13
|
|t:|1776043366
|switch|p1a: Mini moltres|Talonflame, M|89/100
|move|p2a: Rillaboom|Grassy Glide|p1a: Mini moltres
|-resisted|p1a: Mini moltres
|-damage|p1a: Mini moltres|70/100
|
|-weather|none
|upkeep
|turn|14
|
|t:|1776043370
|switch|p2a: Rotom|Rotom-Wash|26/100
|move|p1a: Mini moltres|Flare Blitz|p2a: Rotom
|-resisted|p2a: Rotom
|-damage|p2a: Rotom|13/100
|-damage|p1a: Mini moltres|66/100|[from] Recoil
|
|-heal|p2a: Rotom|20/100|[from] item: Leftovers
|upkeep
|turn|15
|
|t:|1776043373
|switch|p1a: Benito|Ursaluna, F, tera:Ghost|23/100 brn
|move|p2a: Rotom|Pain Split|p1a: Benito
|-sethp|p1a: Benito|18/100 brn|[from] move: Pain Split|[silent]
|-sethp|p2a: Rotom|26/100|[from] move: Pain Split
|
|-heal|p2a: Rotom|32/100|[from] item: Leftovers
|-heal|p1a: Benito|25/100 brn|[from] Grassy Terrain
|-damage|p1a: Benito|18/100 brn|[from] brn
|upkeep
|turn|16
|
|t:|1776043377
|switch|p1a: MVP|Ninetales-Alola, M|37/100
|-weather|Snowscape|[from] ability: Snow Warning|[of] p1a: MVP
|move|p2a: Rotom|Volt Switch|p1a: MVP
|-damage|p1a: MVP|7/100
|
|t:|1776043382
|switch|p2a: Raging Bolt|Raging Bolt|100/100|[from] Volt Switch
|-enditem|p2a: Raging Bolt|Booster Energy
|-activate|p2a: Raging Bolt|ability: Protosynthesis|[fromitem]
|-start|p2a: Raging Bolt|protosynthesisspa
|
|-weather|Snowscape|[upkeep]
|-heal|p1a: MVP|13/100|[from] Grassy Terrain
|-fieldend|move: Grassy Terrain
|upkeep
|turn|17
|
|t:|1776043385
|move|p2a: Raging Bolt|Thunderclap||[still]
|-fail|p2a: Raging Bolt
|move|p1a: MVP|Aurora Veil|p1a: MVP
|-sidestart|p1: vernost72|move: Aurora Veil
|
|-weather|Snowscape|[upkeep]
|upkeep
|turn|18
|-message|Benedict Juarez forfeited.
|
|win|vernost72
|raw|vernost72's rating: 1484 &rarr; <strong>1502</strong><br />(+18 for winning)
|raw|Benedict Juarez's rating: 1442 &rarr; <strong>1424</strong><br />(-18 for losing)
|l|☆Benedict Juarez
|player|p2|
|l|☆vernost72
|player|p1|
