|html|<div class="broadcast-blue"><strong>[Gen 9] OU is currently suspecting Tera Blast! For information on how to participate check out the <a href="https://www.smogon.com/tools/suspects/view/200">suspect thread</a>.</strong></div>
|j|☆in spring
|j|☆6er4ld
|t:|1776225579
|gametype|singles
|player|p1|in spring|elesa|1206
|player|p2|6er4ld|102|1170
|gen|9
|tier|[Gen 9] OU
|rated|
|rule|HP Percentage Mod: HP is shown in percentages
|rule|Endless Battle Clause: Forcing endless battles is banned
|rule|Species Clause: Limit one of each Pokémon
|rule|OHKO Clause: OHKO moves are banned
|rule|Evasion Items Clause: Evasion items are banned
|rule|Evasion Moves Clause: Evasion moves are banned
|rule|Evasion Abilities Clause: Evasion abilities are banned
|rule|Sleep Moves Clause: Sleep-inducing moves are banned
|clearpoke
|poke|p1|Suicune|
|poke|p1|Cinderace, M|
|poke|p1|Hatterene, F|
|poke|p1|Tornadus-Therian, M|
|poke|p1|Iron Treads|
|poke|p1|Zamazenta-*|
|poke|p2|Clodsire, F|
|poke|p2|Blissey, F|
|poke|p2|Serperior, M|
|poke|p2|Espeon, F|
|poke|p2|Corviknight, F|
|poke|p2|Blaziken, M|
|teampreview
|j| ohko_smeargle
|
|t:|1776225587
|teamsize|p1|6
|teamsize|p2|6
|start
|switch|p1a: Iron Treads|Iron Treads|100/100
|switch|p2a: Blissey|Blissey, F|100/100
|turn|1
|
|t:|1776225594
|switch|p2a: Espeon|Espeon, F|100/100
|move|p1a: Iron Treads|Stealth Rock|p2a: Espeon
|move|p2a: Espeon|Stealth Rock|p1a: Iron Treads|[from] ability: Magic Bounce
|-sidestart|p1: in spring|move: Stealth Rock
|
|upkeep
|turn|2
|
|t:|1776225600
|switch|p2a: Clodsire|Clodsire, F|100/100
|move|p1a: Iron Treads|Rapid Spin|p2a: Clodsire
|-damage|p2a: Clodsire|84/100
|-boost|p1a: Iron Treads|spe|1
|-sideend|p1: in spring|Stealth Rock|[from] move: Rapid Spin|[of] p1a: Iron Treads
|
|-heal|p2a: Clodsire|91/100|[from] item: Leftovers
|upkeep
|turn|3
|
|t:|1776225609
|switch|p2a: Corviknight|Corviknight, F|100/100
|-ability|p2a: Corviknight|Pressure
|move|p1a: Iron Treads|Stealth Rock|p2a: Corviknight
|-sidestart|p2: 6er4ld|move: Stealth Rock
|
|upkeep
|turn|4
|
|t:|1776225615
|-end|p1a: Iron Treads|Quark Drive|[silent]
|switch|p1a: Suicune|Suicune|100/100
|-ability|p1a: Suicune|Pressure
|move|p2a: Corviknight|Defog|p1a: Suicune
|-unboost|p1a: Suicune|evasion|1
|-sideend|p2: 6er4ld|Stealth Rock|[from] move: Defog|[of] p2a: Corviknight
|
|upkeep
|turn|5
|
|t:|1776225626
|switch|p2a: Clodsire|Clodsire, F|91/100
|move|p1a: Suicune|Calm Mind|p1a: Suicune
|-boost|p1a: Suicune|spa|1
|-boost|p1a: Suicune|spd|1
|
|-heal|p2a: Clodsire|97/100|[from] item: Leftovers
|upkeep
|turn|6
|
|t:|1776225647
|switch|p1a: Iron Treads|Iron Treads|100/100
|-terastallize|p2a: Clodsire|Ghost
|move|p2a: Clodsire|Curse|p1a: Iron Treads
|-start|p1a: Iron Treads|Curse|[of] p2a: Clodsire
|-damage|p2a: Clodsire|47/100
|
|-heal|p2a: Clodsire|53/100|[from] item: Leftovers
|-damage|p1a: Iron Treads|76/100|[from] Curse
|upkeep
|turn|7
|
|t:|1776225663
|switch|p2a: Espeon|Espeon, F|100/100
|move|p1a: Iron Treads|Knock Off|p2a: Espeon
|-supereffective|p2a: Espeon
|-damage|p2a: Espeon|0 fnt
|-enditem|p2a: Espeon|Choice Specs|[from] move: Knock Off|[of] p1a: Iron Treads
|faint|p2a: Espeon
|
|-heal|p1a: Iron Treads|82/100|[from] item: Leftovers
|-damage|p1a: Iron Treads|57/100|[from] Curse
|upkeep
|
|t:|1776225673
|switch|p2a: Serperior|Serperior, M|100/100
|turn|8
|
|t:|1776225683
|move|p2a: Serperior|Leaf Storm|p1a: Iron Treads
|-damage|p1a: Iron Treads|0 fnt
|-boost|p2a: Serperior|spa|2
|faint|p1a: Iron Treads
|-end|p1a: Iron Treads|Quark Drive|[silent]
|
|upkeep
|
|t:|1776225694
|switch|p1a: Cinderace|Cinderace, M|100/100
|turn|9
|
|t:|1776225705
|move|p1a: Cinderace|Pyro Ball|p2a: Serperior
|-supereffective|p2a: Serperior
|-damage|p2a: Serperior|0 fnt
|faint|p2a: Serperior
|
|upkeep
|
|t:|1776225710
|switch|p2a: Clodsire|Clodsire, F, tera:Ghost|53/100
|turn|10
|
|t:|1776225717
|move|p1a: Cinderace|Pyro Ball|p2a: Clodsire
|-damage|p2a: Clodsire|0 fnt
|faint|p2a: Clodsire
|
|upkeep
|
|t:|1776225721
|switch|p2a: Blissey|Blissey, F|100/100
|turn|11
|c|☆in spring|!dt  blissy
'blissy' has no exact match. Approximate match:
|c|☆in spring|/raw <div class="message"><ul class="utilichart"><li class="result"><span class="col numcol">RU</span> <span class="col iconcol"><psicon pokemon="blissey"/></span> <span class="col pokemonnamecol" style="white-space:nowrap"><a href="https://dex.pokemonshowdown.com/pokemon/blissey" target="_blank">Blissey</a></span> <span class="col typecol"><img src="https://play.pokemonshowdown.com/sprites/types/Normal.png" alt="Normal" height="14" width="32"></span> <span style="float:left;min-height:26px"><span class="col twoabilitycol">Natural Cure<br />Serene Grace</span><span class="col abilitycol"><em>Healer</em></span></span><span style="float:left;min-height:26px"><span class="col statcol"><em>HP</em><br />255</span> <span class="col statcol"><em>Atk</em><br />10</span> <span class="col statcol"><em>Def</em><br />10</span> <span class="col statcol"><em>SpA</em><br />75</span> <span class="col statcol"><em>SpD</em><br />135</span> <span class="col statcol"><em>Spe</em><br />55</span> <span class="col bstcol"><em>BST<br />540</em></span> </span></li><li style="clear:both"></li></ul></div>
|c|☆in spring|/raw <font size="1"><font color="#686868">Dex#:</font> 242&nbsp;|&ThickSpace;<font color="#686868">Gen:</font> 2&nbsp;|&ThickSpace;<font color="#686868">Height:</font> 1.5 m&nbsp;|&ThickSpace;<font color="#686868">Weight:</font> 46.8 kg <em>(60 BP)</em>&nbsp;|&ThickSpace;<font color="#686868">Dex Colour:</font> Pink&nbsp;|&ThickSpace;<font color="#686868">Egg Group(s):</font> Fairy&nbsp;|&ThickSpace;<font color="#686868">Pre-Evolution:</font> Chansey&nbsp;|&ThickSpace;<font color="#686868">Does Not Evolve</font></font>

|
|t:|1776225739
|move|p1a: Cinderace|Pyro Ball|p2a: Blissey
|-crit|p2a: Blissey
|-damage|p2a: Blissey|0 fnt
|faint|p2a: Blissey
|
|upkeep
|
|t:|1776225743
|switch|p2a: Blaziken|Blaziken, M|100/100
|turn|12
|
|t:|1776225748
|switch|p1a: Zamazenta|Zamazenta|100/100
|-ability|p1a: Zamazenta|Dauntless Shield|boost
|-boost|p1a: Zamazenta|def|1
|move|p2a: Blaziken|Bulk Up|p2a: Blaziken
|-boost|p2a: Blaziken|atk|1
|-boost|p2a: Blaziken|def|1
|
|-ability|p2a: Blaziken|Speed Boost|boost
|-boost|p2a: Blaziken|spe|1
|upkeep
|turn|13
|
|t:|1776225758
|move|p1a: Zamazenta|Iron Defense|p1a: Zamazenta
|-boost|p1a: Zamazenta|def|2
|move|p2a: Blaziken|Bulk Up|p2a: Blaziken
|-boost|p2a: Blaziken|atk|1
|-boost|p2a: Blaziken|def|1
|
|-ability|p2a: Blaziken|Speed Boost|boost
|-boost|p2a: Blaziken|spe|1
|upkeep
|turn|14
|
|t:|1776225765
|move|p2a: Blaziken|Blaze Kick|p1a: Zamazenta
|-damage|p1a: Zamazenta|76/100
|move|p1a: Zamazenta|Iron Defense|p1a: Zamazenta
|-boost|p1a: Zamazenta|def|2
|
|-heal|p1a: Zamazenta|82/100|[from] item: Leftovers
|-ability|p2a: Blaziken|Speed Boost|boost
|-boost|p2a: Blaziken|spe|1
|upkeep
|turn|15
|
|t:|1776225773
|move|p2a: Blaziken|Blaze Kick|p1a: Zamazenta
|-damage|p1a: Zamazenta|63/100
|move|p1a: Zamazenta|Body Press|p2a: Blaziken
|-damage|p2a: Blaziken|9/100
|
|-heal|p1a: Zamazenta|69/100|[from] item: Leftovers
|-ability|p2a: Blaziken|Speed Boost|boost
|-boost|p2a: Blaziken|spe|1
|upkeep
|turn|16
|
|t:|1776225781
|move|p2a: Blaziken|Blaze Kick|p1a: Zamazenta
|-damage|p1a: Zamazenta|52/100
|move|p1a: Zamazenta|Body Press|p2a: Blaziken
|-damage|p2a: Blaziken|0 fnt
|faint|p2a: Blaziken
|
|-heal|p1a: Zamazenta|58/100|[from] item: Leftovers
|upkeep
|-message|6er4ld forfeited.
|
|win|in spring
|raw|in spring's rating: 1206 &rarr; <strong>1228</strong><br />(+22 for winning)
|raw|6er4ld's rating: 1170 &rarr; <strong>1148</strong><br />(-22 for losing)
|l|☆6er4ld
|player|p2|
|l| ohko_smeargle
