|html|<div class="broadcast-blue"><strong>[Gen 9] OU is currently suspecting Tera Blast! For information on how to participate check out the <a href="https://www.smogon.com/tools/suspects/view/200">suspect thread</a>.</strong></div>
|j|☆Aeybees
|j|☆CAPLT26EQ noob
|t:|1776076143
|gametype|singles
|player|p1|Aeybees|scientist|1490
|player|p2|CAPLT26EQ noob|266|1473
|gen|9
|tier|[Gen 9] OU
|rated|
|rule|HP Percentage Mod: HP is shown in percentages
|rule|Endless Battle Clause: Forcing endless battles is banned
|rule|Species Clause: Limit one of each Pokémon
|rule|OHKO Clause: OHKO moves are banned
|rule|Evasion Items Clause: Evasion items are banned
|rule|Evasion Moves Clause: Evasion moves are banned
|rule|Evasion Abilities Clause: Evasion abilities are banned
|rule|Sleep Moves Clause: Sleep-inducing moves are banned
|clearpoke
|poke|p1|Dragonite, M|
|poke|p1|Zamazenta-*|
|poke|p1|Gholdengo|
|poke|p1|Deoxys-Speed|
|poke|p1|Great Tusk|
|poke|p1|Glimmora, M|
|poke|p2|Rillaboom, F|
|poke|p2|Zamazenta-*|
|poke|p2|Gholdengo|
|poke|p2|Ting-Lu|
|poke|p2|Ogerpon-Wellspring, F|
|poke|p2|Latias, F|
|teampreview
|inactive|Battle timer is ON: inactive players will automatically lose when time's up. (requested by Aeybees)
|
|t:|1776076148
|teamsize|p1|6
|teamsize|p2|6
|start
|switch|p1a: Deoxys|Deoxys-Speed|100/100
|switch|p2a: Ting-Lu|Ting-Lu|100/100
|-ability|p1a: Deoxys|Pressure
|-ability|p2a: Ting-Lu|Vessel of Ruin
|turn|1
|c|☆CAPLT26EQ noob|ngl
|
|t:|1776076155
|move|p1a: Deoxys|Taunt|p2a: Ting-Lu
|-start|p2a: Ting-Lu|move: Taunt
|move|p2a: Ting-Lu|Ruination|p1a: Deoxys|[miss]
|-miss|p2a: Ting-Lu|p1a: Deoxys
|
|upkeep
|turn|2
|c|☆CAPLT26EQ noob|u win this game 99% of the time
|
|t:|1776076164
|move|p1a: Deoxys|Stealth Rock|p2a: Ting-Lu
|-sidestart|p2: CAPLT26EQ noob|move: Stealth Rock
|move|p2a: Ting-Lu|Ruination|p1a: Deoxys
|-damage|p1a: Deoxys|51/100
|-enditem|p1a: Deoxys|Red Card|[of] p2a: Ting-Lu
|drag|p2a: Ogerpon|Ogerpon-Wellspring, F|100/100
|-damage|p2a: Ogerpon|88/100|[from] Stealth Rock
|
|upkeep
|turn|3
|
|t:|1776076178
|move|p1a: Deoxys|Taunt|p2a: Ogerpon
|-start|p2a: Ogerpon|move: Taunt
|move|p2a: Ogerpon|Ivy Cudgel|p1a: Deoxys|[anim] Ivy Cudgel Water
|-damage|p1a: Deoxys|0 fnt
|faint|p1a: Deoxys
|
|upkeep
|
|t:|1776076199
|switch|p1a: Zamazenta|Zamazenta|100/100
|-ability|p1a: Zamazenta|Dauntless Shield|boost
|-boost|p1a: Zamazenta|def|1
|turn|4
|
|t:|1776076207
|switch|p2a: Rillaboom|Rillaboom, F|100/100
|-damage|p2a: Rillaboom|88/100|[from] Stealth Rock
|-fieldstart|move: Grassy Terrain|[from] ability: Grassy Surge|[of] p2a: Rillaboom
|move|p1a: Zamazenta|Crunch|p2a: Rillaboom
|-damage|p2a: Rillaboom|65/100
|
|-heal|p2a: Rillaboom|71/100|[from] Grassy Terrain
|upkeep
|turn|5
|
|t:|1776076216
|move|p1a: Zamazenta|Iron Defense|p1a: Zamazenta
|-boost|p1a: Zamazenta|def|2
|move|p2a: Rillaboom|U-turn|p1a: Zamazenta
|-resisted|p1a: Zamazenta
|-damage|p1a: Zamazenta|96/100
|
|t:|1776076224
|switch|p2a: Gholdengo|Gholdengo|100/100|[from] U-turn
|-damage|p2a: Gholdengo|94/100|[from] Stealth Rock
|-enditem|p2a: Gholdengo|Grassy Seed
|-boost|p2a: Gholdengo|def|1|[from] item: Grassy Seed
|
|-heal|p1a: Zamazenta|100/100|[from] Grassy Terrain
|-heal|p2a: Gholdengo|100/100|[from] Grassy Terrain
|upkeep
|turn|6
|
|t:|1776076243
|move|p2a: Gholdengo|Nasty Plot|p2a: Gholdengo
|-boost|p2a: Gholdengo|spa|2
|move|p1a: Zamazenta|Roar|p2a: Gholdengo
|-immune|p2a: Gholdengo|[from] ability: Good as Gold
|
|upkeep
|turn|7
|c|☆CAPLT26EQ noob|budy
|c|☆Aeybees|oops
|
|t:|1776076261
|move|p1a: Zamazenta|Crunch|p2a: Gholdengo
|-supereffective|p2a: Gholdengo
|-damage|p2a: Gholdengo|64/100
|move|p2a: Gholdengo|Shadow Ball|p1a: Zamazenta
|-crit|p1a: Zamazenta
|-damage|p1a: Zamazenta|0 fnt
|faint|p1a: Zamazenta
|
|-heal|p2a: Gholdengo|70/100|[from] Grassy Terrain
|upkeep
|c|☆CAPLT26EQ noob|sry crit
|
|t:|1776076273
|switch|p1a: Dragonite|Dragonite, M|100/100
|turn|8
|
|t:|1776076280
|move|p1a: Dragonite|Earthquake|p2a: Gholdengo
|-supereffective|p2a: Gholdengo
|-damage|p2a: Gholdengo|44/100
|move|p2a: Gholdengo|Shadow Ball|p1a: Dragonite
|-damage|p1a: Dragonite|54/100
|
|-heal|p2a: Gholdengo|50/100|[from] Grassy Terrain
|upkeep
|turn|9
|
|t:|1776076295
|move|p1a: Dragonite|Roost|p1a: Dragonite
|-heal|p1a: Dragonite|100/100
|-singleturn|p1a: Dragonite|move: Roost
|move|p2a: Gholdengo|Make It Rain|p1a: Dragonite
|-damage|p1a: Dragonite|26/100
|-unboost|p2a: Gholdengo|spa|1
|
|-heal|p1a: Dragonite|32/100|[from] Grassy Terrain
|-heal|p2a: Gholdengo|57/100|[from] Grassy Terrain
|upkeep
|turn|10
|
|t:|1776076308
|switch|p1a: Gholdengo|Gholdengo|100/100
|move|p2a: Gholdengo|Make It Rain|p1a: Gholdengo
|-resisted|p1a: Gholdengo
|-damage|p1a: Gholdengo|44/100
|-unboost|p2a: Gholdengo|spa|1
|
|-heal|p1a: Gholdengo|50/100|[from] Grassy Terrain
|-heal|p2a: Gholdengo|63/100|[from] Grassy Terrain
|upkeep
|turn|11
|
|t:|1776076320
|switch|p2a: Ting-Lu|Ting-Lu|100/100
|-damage|p2a: Ting-Lu|94/100|[from] Stealth Rock
|-ability|p2a: Ting-Lu|Vessel of Ruin
|move|p1a: Gholdengo|Shadow Ball|p2a: Ting-Lu
|-resisted|p2a: Ting-Lu
|-damage|p2a: Ting-Lu|85/100
|-enditem|p2a: Ting-Lu|Red Card|[of] p1a: Gholdengo
|drag|p1a: Dragonite|Dragonite, M|32/100
|
|-heal|p2a: Ting-Lu|92/100|[from] Grassy Terrain
|-fieldend|move: Grassy Terrain
|upkeep
|turn|12
|
|t:|1776076331
|move|p1a: Dragonite|Roost|p1a: Dragonite
|-heal|p1a: Dragonite|82/100
|-singleturn|p1a: Dragonite|move: Roost
|move|p2a: Ting-Lu|Whirlwind|p1a: Dragonite
|drag|p1a: Great Tusk|Great Tusk|100/100
|-enditem|p1a: Great Tusk|Booster Energy
|-activate|p1a: Great Tusk|ability: Protosynthesis|[fromitem]
|-start|p1a: Great Tusk|protosynthesisatk
|
|upkeep
|turn|13
|
|t:|1776076345
|move|p1a: Great Tusk|Ice Spinner|p2a: Ting-Lu
|-supereffective|p2a: Ting-Lu
|-damage|p2a: Ting-Lu|46/100
|move|p2a: Ting-Lu|Ruination|p1a: Great Tusk|[miss]
|-miss|p2a: Ting-Lu|p1a: Great Tusk
|
|upkeep
|turn|14
|
|t:|1776076353
|move|p1a: Great Tusk|Ice Spinner|p2a: Ting-Lu
|-supereffective|p2a: Ting-Lu
|-damage|p2a: Ting-Lu|6/100
|move|p2a: Ting-Lu|Ruination|p1a: Great Tusk
|-damage|p1a: Great Tusk|50/100
|
|upkeep
|turn|15
|
|t:|1776076359
|move|p1a: Great Tusk|Rapid Spin|p2a: Ting-Lu
|-damage|p2a: Ting-Lu|0 fnt
|-boost|p1a: Great Tusk|spe|1
|faint|p2a: Ting-Lu
|
|upkeep
|
|t:|1776076363
|switch|p2a: Rillaboom|Rillaboom, F|71/100
|-damage|p2a: Rillaboom|59/100|[from] Stealth Rock
|-fieldstart|move: Grassy Terrain|[from] ability: Grassy Surge|[of] p2a: Rillaboom
|turn|16
|inactive|Aeybees has 120 seconds left.
|
|t:|1776076413
|switch|p2a: Gholdengo|Gholdengo|63/100
|-damage|p2a: Gholdengo|57/100|[from] Stealth Rock
|-terastallize|p1a: Great Tusk|Ghost
|move|p1a: Great Tusk|Bulk Up|p1a: Great Tusk
|-boost|p1a: Great Tusk|atk|1
|-boost|p1a: Great Tusk|def|1
|
|-heal|p1a: Great Tusk|57/100|[from] Grassy Terrain
|-heal|p2a: Gholdengo|63/100|[from] Grassy Terrain
|upkeep
|turn|17
|
|t:|1776076427
|move|p1a: Great Tusk|Headlong Rush|p2a: Gholdengo
|-supereffective|p2a: Gholdengo
|-damage|p2a: Gholdengo|0 fnt
|-unboost|p1a: Great Tusk|def|1
|-unboost|p1a: Great Tusk|spd|1
|faint|p2a: Gholdengo
|
|-heal|p1a: Great Tusk|63/100|[from] Grassy Terrain
|upkeep
|
|t:|1776076437
|switch|p2a: Latias|Latias, F|100/100
|-damage|p2a: Latias|88/100|[from] Stealth Rock
|-enditem|p2a: Latias|Grassy Seed
|-boost|p2a: Latias|def|1|[from] item: Grassy Seed
|turn|18
|
|t:|1776076462
|-end|p1a: Great Tusk|Protosynthesis|[silent]
|switch|p1a: Glimmora|Glimmora, M|100/100
|-terastallize|p2a: Latias|Poison
|move|p2a: Latias|Calm Mind|p2a: Latias
|-boost|p2a: Latias|spa|1
|-boost|p2a: Latias|spd|1
|
|upkeep
|turn|19
|
|t:|1776076473
|move|p2a: Latias|Calm Mind|p2a: Latias
|-boost|p2a: Latias|spa|1
|-boost|p2a: Latias|spd|1
|move|p1a: Glimmora|Meteor Beam||[still]
|-prepare|p1a: Glimmora|Meteor Beam
|-boost|p1a: Glimmora|spa|1
|-enditem|p1a: Glimmora|Power Herb
|-anim|p1a: Glimmora|Meteor Beam|p2a: Latias
|-damage|p2a: Latias|54/100
|
|upkeep
|turn|20
|inactive|Aeybees has 90 seconds left.
|inactive|Aeybees has 60 seconds left.
|inactive|Aeybees has 30 seconds left.
|
|t:|1776076556
|move|p2a: Latias|Recover|p2a: Latias
|-heal|p2a: Latias|100/100
|move|p1a: Glimmora|Power Gem|p2a: Latias
|-damage|p2a: Latias|79/100
|
|upkeep
|turn|21
|inactive|Aeybees has 30 seconds left.
|
|t:|1776076562
|switch|p1a: Dragonite|Dragonite, M|82/100
|move|p2a: Latias|Stored Power|p1a: Dragonite
|-damage|p1a: Dragonite|0 fnt
|faint|p1a: Dragonite
|
|upkeep
|inactive|Aeybees has 30 seconds left.
|c|☆Aeybees|gg
|c|☆CAPLT26EQ noob|gg
|-message|Aeybees forfeited.
|
|win|CAPLT26EQ noob
|raw|Aeybees's rating: 1490 &rarr; <strong>1469</strong><br />(-21 for losing)
|raw|CAPLT26EQ noob's rating: 1473 &rarr; <strong>1494</strong><br />(+21 for winning)
|l|☆Aeybees
|player|p1|
|c|☆CAPLT26EQ noob|u had to dump tspike w/ glimm early i think
