|html|<div class="broadcast-blue"><strong>[Gen 9] OU is currently suspecting Tera Blast! For information on how to participate check out the <a href="https://www.smogon.com/tools/suspects/view/200">suspect thread</a>.</strong></div>
|j|☆PB TUCAZ
|j|☆EarlySasha
|t:|1776044198
|gametype|singles
|player|p1|PB TUCAZ|backpacker|1178
|player|p2|EarlySasha|unknown|1196
|gen|9
|tier|[Gen 9] OU
|rated|
|rule|HP Percentage Mod: HP is shown in percentages
|rule|Endless Battle Clause: Forcing endless battles is banned
|rule|Species Clause: Limit one of each Pokémon
|rule|OHKO Clause: OHKO moves are banned
|rule|Evasion Items Clause: Evasion items are banned
|rule|Evasion Moves Clause: Evasion moves are banned
|rule|Evasion Abilities Clause: Evasion abilities are banned
|rule|Sleep Moves Clause: Sleep-inducing moves are banned
|clearpoke
|poke|p1|Zarude-Dada|
|poke|p1|Glimmora, M|
|poke|p1|Magneton|
|poke|p1|Moltres|
|poke|p1|Primarina, M|
|poke|p1|Garchomp, M|
|poke|p2|Great Tusk|
|poke|p2|Zapdos|
|poke|p2|Slowking-Galar, M|
|poke|p2|Dragapult, M|
|poke|p2|Ogerpon-Wellspring, F|
|poke|p2|Kingambit, M|
|teampreview
|
|t:|1776044204
|teamsize|p1|6
|teamsize|p2|6
|start
|switch|p1a: Zarude|Zarude-Dada|100/100
|switch|p2a: Great Tusk|Great Tusk|100/100
|turn|1
|inactive|Battle timer is ON: inactive players will automatically lose when time's up. (requested by EarlySasha)
|
|t:|1776044220
|-end|p2a: Great Tusk|Protosynthesis|[silent]
|switch|p2a: Slowking|Slowking-Galar, M|100/100
|move|p1a: Zarude|Power Whip|p2a: Slowking|[miss]
|-miss|p1a: Zarude|p2a: Slowking
|
|upkeep
|turn|2
|
|t:|1776044235
|switch|p1a: Primarina|Primarina, M|100/100
|move|p2a: Slowking|Sludge Bomb|p1a: Primarina
|-supereffective|p1a: Primarina
|-damage|p1a: Primarina|30/100
|
|upkeep
|turn|3
|
|t:|1776044248
|move|p1a: Primarina|Flip Turn|p2a: Slowking
|-damage|p2a: Slowking|86/100
|
|t:|1776044252
|switch|p1a: Magneton|Magneton|100/100|[from] Flip Turn
|move|p2a: Slowking|Sludge Bomb|p1a: Magneton
|-immune|p1a: Magneton
|
|upkeep
|turn|4
|
|t:|1776044261
|move|p1a: Magneton|Flash Cannon|p2a: Slowking
|-damage|p2a: Slowking|63/100
|move|p2a: Slowking|Flamethrower|p1a: Magneton
|-supereffective|p1a: Magneton
|-crit|p1a: Magneton
|-damage|p1a: Magneton|0 fnt
|faint|p1a: Magneton
|
|upkeep
|
|t:|1776044269
|switch|p1a: Glimmora|Glimmora, M|100/100
|turn|5
|
|t:|1776044276
|move|p1a: Glimmora|Power Gem|p2a: Slowking
|-damage|p2a: Slowking|42/100
|move|p2a: Slowking|Surf|p1a: Glimmora
|-supereffective|p1a: Glimmora
|-damage|p1a: Glimmora|6/100
|
|upkeep
|turn|6
|-enditem|p1a: Glimmora|Custap Berry|[eat]
|-activate|p1a: Glimmora|item: Custap Berry|[consumed]
|
|t:|1776044288
|move|p1a: Glimmora|Power Gem|p2a: Slowking
|-damage|p2a: Slowking|18/100
|move|p2a: Slowking|Sludge Bomb|p1a: Glimmora
|-resisted|p1a: Glimmora
|-damage|p1a: Glimmora|0 fnt
|faint|p1a: Glimmora
|
|upkeep
|
|t:|1776044298
|switch|p1a: Zarude|Zarude-Dada|100/100
|turn|7
|
|t:|1776044308
|switch|p2a: Zapdos|Zapdos|100/100
|move|p1a: Zarude|Knock Off|p2a: Zapdos
|-damage|p2a: Zapdos|49/100
|-status|p1a: Zarude|par|[from] ability: Static|[of] p2a: Zapdos
|-enditem|p2a: Zapdos|Heavy-Duty Boots|[from] move: Knock Off|[of] p1a: Zarude
|
|upkeep
|turn|8
|
|t:|1776044323
|move|p2a: Zapdos|U-turn|p1a: Zarude
|-supereffective|p1a: Zarude
|-crit|p1a: Zarude
|-damage|p1a: Zarude|37/100 par
|
|t:|1776044330
|switch|p2a: Slowking|Slowking-Galar, M|51/100|[from] U-turn
|cant|p1a: Zarude|par
|
|upkeep
|turn|9
|
|t:|1776044336
|move|p1a: Zarude|Knock Off|p2a: Slowking
|-supereffective|p2a: Slowking
|-damage|p2a: Slowking|0 fnt
|-enditem|p2a: Slowking|Assault Vest|[from] move: Knock Off|[of] p1a: Zarude
|faint|p2a: Slowking
|
|upkeep
|
|t:|1776044342
|switch|p2a: Dragapult|Dragapult, M|100/100
|turn|10
|
|t:|1776044349
|-terastallize|p1a: Zarude|Fighting
|move|p2a: Dragapult|U-turn|p1a: Zarude
|-resisted|p1a: Zarude
|-damage|p1a: Zarude|29/100 par
|
|t:|1776044354
|switch|p2a: Great Tusk|Great Tusk|100/100|[from] U-turn
|move|p1a: Zarude|Knock Off|p2a: Great Tusk
|-resisted|p2a: Great Tusk
|-damage|p2a: Great Tusk|80/100
|-enditem|p2a: Great Tusk|Leftovers|[from] move: Knock Off|[of] p1a: Zarude
|
|upkeep
|turn|11
|
|t:|1776044364
|switch|p1a: Moltres|Moltres|100/100
|move|p2a: Great Tusk|Stealth Rock|p1a: Moltres
|-sidestart|p1: PB TUCAZ|move: Stealth Rock
|
|upkeep
|turn|12
|
|t:|1776044371
|move|p1a: Moltres|Overheat|p2a: Great Tusk
|-damage|p2a: Great Tusk|0 fnt
|-unboost|p1a: Moltres|spa|2
|faint|p2a: Great Tusk
|-end|p2a: Great Tusk|Protosynthesis|[silent]
|
|upkeep
|
|t:|1776044378
|switch|p2a: Ogerpon|Ogerpon-Wellspring, F|100/100
|turn|13
|
|t:|1776044387
|move|p2a: Ogerpon|Ivy Cudgel|p1a: Moltres|[anim] Ivy Cudgel Water
|-supereffective|p1a: Moltres
|-damage|p1a: Moltres|0 fnt
|faint|p1a: Moltres
|
|upkeep
|
|t:|1776044393
|switch|p1a: Garchomp|Garchomp, M|100/100
|-damage|p1a: Garchomp|94/100|[from] Stealth Rock
|turn|14
|
|t:|1776044402
|switch|p2a: Zapdos|Zapdos|49/100
|move|p1a: Garchomp|Scale Shot|p2a: Zapdos
|-damage|p2a: Zapdos|39/100
|-damage|p2a: Zapdos|28/100
|-damage|p2a: Zapdos|18/100
|-damage|p2a: Zapdos|9/100
|-damage|p2a: Zapdos|0 fnt
|faint|p2a: Zapdos
|-hitcount|p2: Zapdos|5
|-unboost|p1a: Garchomp|def|1
|-boost|p1a: Garchomp|spe|1
|
|upkeep
|
|t:|1776044416
|switch|p2a: Dragapult|Dragapult, M|100/100
|turn|15
|
|t:|1776044422
|move|p1a: Garchomp|Earthquake|p2a: Dragapult
|-damage|p2a: Dragapult|24/100
|move|p2a: Dragapult|Draco Meteor|p1a: Garchomp
|-supereffective|p1a: Garchomp
|-crit|p1a: Garchomp
|-damage|p1a: Garchomp|0 fnt
|-unboost|p2a: Dragapult|spa|2
|faint|p1a: Garchomp
|
|upkeep
|
|t:|1776044432
|switch|p1a: Primarina|Primarina, M|30/100
|-damage|p1a: Primarina|17/100|[from] Stealth Rock
|turn|16
|
|t:|1776044439
|switch|p2a: Ogerpon|Ogerpon-Wellspring, F|100/100
|move|p1a: Primarina|Draining Kiss|p2a: Ogerpon
|-damage|p2a: Ogerpon|70/100
|-heal|p1a: Primarina|36/100|[from] drain|[of] p2a: Ogerpon
|
|upkeep
|turn|17
|
|t:|1776044450
|move|p2a: Ogerpon|Horn Leech|p1a: Primarina
|-supereffective|p1a: Primarina
|-damage|p1a: Primarina|0 fnt
|-heal|p2a: Ogerpon|92/100|[from] drain|[of] p1a: Primarina
|-damage|p2a: Ogerpon|75/100|[from] item: Rocky Helmet|[of] p1a: Primarina
|faint|p1a: Primarina
|
|upkeep
|
|t:|1776044458
|switch|p1a: Zarude|Zarude-Dada, tera:Fighting|29/100 par
|-damage|p1a: Zarude|23/100 par|[from] Stealth Rock
|turn|18
|
|t:|1776044464
|move|p2a: Ogerpon|Horn Leech|p1a: Zarude
|-damage|p1a: Zarude|0 fnt
|-heal|p2a: Ogerpon|89/100|[from] drain|[of] p1a: Zarude
|faint|p1a: Zarude
|
|win|EarlySasha
|raw|PB TUCAZ's rating: 1178 &rarr; <strong>1154</strong><br />(-24 for losing)
|raw|EarlySasha's rating: 1196 &rarr; <strong>1220</strong><br />(+24 for winning)
|l|☆PB TUCAZ
|player|p1|
|l|☆EarlySasha
|player|p2|
