|html|<div class="broadcast-blue"><strong>[Gen 9] OU is currently suspecting Tera Blast! For information on how to participate check out the <a href="https://www.smogon.com/tools/suspects/view/200">suspect thread</a>.</strong></div>
|j|☆Khvaradona
|j|☆Tilon
|t:|1776070126
|gametype|singles
|player|p1|Khvaradona|102|1119
|player|p2|Tilon|2|1165
|gen|9
|tier|[Gen 9] OU
|rated|
|rule|HP Percentage Mod: HP is shown in percentages
|rule|Endless Battle Clause: Forcing endless battles is banned
|rule|Species Clause: Limit one of each Pokémon
|rule|OHKO Clause: OHKO moves are banned
|rule|Evasion Items Clause: Evasion items are banned
|rule|Evasion Moves Clause: Evasion moves are banned
|rule|Evasion Abilities Clause: Evasion abilities are banned
|rule|Sleep Moves Clause: Sleep-inducing moves are banned
|clearpoke
|poke|p1|Hatterene, F|
|poke|p1|Iron Hands|
|poke|p1|Slowking-Galar, F|
|poke|p1|Ursaluna, M|
|poke|p1|Dragonite, F|
|poke|p1|Porygon2|
|poke|p2|Pincurchin, M|
|poke|p2|Iron Moth|
|poke|p2|Iron Crown|
|poke|p2|Flygon, M|
|poke|p2|Iron Treads|
|poke|p2|Corviknight, M|
|teampreview
|inactive|Battle timer is ON: inactive players will automatically lose when time's up. (requested by Tilon)
|
|t:|1776070140
|teamsize|p1|6
|teamsize|p2|6
|start
|switch|p1a: Hatterene|Hatterene, F, shiny|100/100
|switch|p2a: Pincurchin|Pincurchin, M|100/100
|-fieldstart|move: Electric Terrain|[from] ability: Electric Surge|[of] p2a: Pincurchin
|turn|1
|
|t:|1776070150
|move|p2a: Pincurchin|Zing Zap|p1a: Hatterene
|-damage|p1a: Hatterene|64/100
|move|p1a: Hatterene|Trick Room|p1a: Hatterene
|-fieldstart|move: Trick Room|[of] p1a: Hatterene
|
|upkeep
|turn|2
|
|t:|1776070161
|switch|p1a: Iron Hands|Iron Hands|100/100
|-activate|p1a: Iron Hands|ability: Quark Drive
|-start|p1a: Iron Hands|quarkdriveatk
|move|p2a: Pincurchin|Zing Zap|p1a: Iron Hands
|-resisted|p1a: Iron Hands
|-damage|p1a: Iron Hands|89/100
|
|upkeep
|turn|3
|
|t:|1776070172
|move|p2a: Pincurchin|Scald|p1a: Iron Hands
|-damage|p1a: Iron Hands|80/100
|-status|p1a: Iron Hands|brn
|move|p1a: Iron Hands|Earthquake|p2a: Pincurchin
|-supereffective|p2a: Pincurchin
|-damage|p2a: Pincurchin|59/100
|
|-damage|p1a: Iron Hands|74/100 brn|[from] brn
|upkeep
|turn|4
|j| hitconfirmer
|
|t:|1776070183
|switch|p2a: Flygon|Flygon, M|100/100
|move|p1a: Iron Hands|Earthquake|p2a: Flygon
|-immune|p2a: Flygon|[from] ability: Levitate
|
|-damage|p1a: Iron Hands|68/100 brn|[from] brn
|upkeep
|turn|5
|l| hitconfirmer
|
|t:|1776070188
|move|p1a: Iron Hands|Ice Punch|p2a: Flygon
|-supereffective|p2a: Flygon
|-damage|p2a: Flygon|0 fnt
|faint|p2a: Flygon
|
|-damage|p1a: Iron Hands|62/100 brn|[from] brn
|-fieldend|move: Trick Room
|upkeep
|
|t:|1776070195
|switch|p2a: Iron Treads|Iron Treads|100/100
|-activate|p2a: Iron Treads|ability: Quark Drive
|-start|p2a: Iron Treads|quarkdrivespe
|turn|6
|
|t:|1776070203
|move|p2a: Iron Treads|Earthquake|p1a: Iron Hands
|-supereffective|p1a: Iron Hands
|-damage|p1a: Iron Hands|0 fnt
|faint|p1a: Iron Hands
|-end|p1a: Iron Hands|Quark Drive|[silent]
|
|upkeep
|
|t:|1776070210
|switch|p1a: Hatterene|Hatterene, F, shiny|64/100
|turn|7
|
|t:|1776070214
|move|p2a: Iron Treads|Iron Head|p1a: Hatterene
|-supereffective|p1a: Hatterene
|-damage|p1a: Hatterene|0 fnt
|faint|p1a: Hatterene
|
|upkeep
|
|t:|1776070219
|switch|p1a: Porygon2|Porygon2|100/100
|turn|8
|
|t:|1776070226
|move|p2a: Iron Treads|Knock Off|p1a: Porygon2
|-crit|p1a: Porygon2
|-damage|p1a: Porygon2|69/100
|-enditem|p1a: Porygon2|Eviolite|[from] move: Knock Off|[of] p2a: Iron Treads
|move|p1a: Porygon2|Ice Beam|p2a: Iron Treads
|-damage|p2a: Iron Treads|62/100
|
|-fieldend|move: Electric Terrain
|-end|p2a: Iron Treads|Quark Drive
|upkeep
|turn|9
|
|t:|1776070237
|move|p2a: Iron Treads|Iron Head|p1a: Porygon2
|-damage|p1a: Porygon2|29/100
|move|p1a: Porygon2|Recover|p1a: Porygon2
|-heal|p1a: Porygon2|79/100
|
|upkeep
|turn|10
|
|t:|1776070251
|switch|p1a: Ursaluna|Ursaluna, M|100/100
|move|p2a: Iron Treads|Iron Head|p1a: Ursaluna
|-crit|p1a: Ursaluna
|-damage|p1a: Ursaluna|58/100
|
|-status|p1a: Ursaluna|brn|[from] item: Flame Orb
|upkeep
|turn|11
|
|t:|1776070262
|-end|p2a: Iron Treads|Quark Drive|[silent]
|switch|p2a: Corviknight|Corviknight, M|100/100
|move|p1a: Ursaluna|Headlong Rush|p2a: Corviknight
|-immune|p2a: Corviknight
|
|-damage|p1a: Ursaluna|52/100 brn|[from] brn
|upkeep
|turn|12
|
|t:|1776070270
|move|p2a: Corviknight|Roost||[still]
|-fail|p2a: Corviknight|heal
|move|p1a: Ursaluna|Facade|p2a: Corviknight
|-resisted|p2a: Corviknight
|-crit|p2a: Corviknight
|-damage|p2a: Corviknight|43/100
|-damage|p1a: Ursaluna|36/100 brn|[from] item: Rocky Helmet|[of] p2a: Corviknight
|
|-damage|p1a: Ursaluna|29/100 brn|[from] brn
|upkeep
|turn|13
|
|t:|1776070279
|move|p2a: Corviknight|Brave Bird|p1a: Ursaluna
|-damage|p1a: Ursaluna|3/100 brn
|-damage|p2a: Corviknight|33/100|[from] Recoil
|move|p1a: Ursaluna|Facade|p2a: Corviknight
|-resisted|p2a: Corviknight
|-damage|p2a: Corviknight|0 fnt
|-damage|p1a: Ursaluna|0 fnt|[from] item: Rocky Helmet|[of] p2a: Corviknight
|faint|p2a: Corviknight
|faint|p1a: Ursaluna
|
|upkeep
|
|t:|1776070292
|switch|p2a: Pincurchin|Pincurchin, M|59/100
|switch|p1a: Slowking|Slowking-Galar, F, shiny|100/100
|-fieldstart|move: Electric Terrain|[from] ability: Electric Surge|[of] p2a: Pincurchin
|turn|14
|
|t:|1776070304
|move|p1a: Slowking|Eerie Spell|p2a: Pincurchin
|-damage|p2a: Pincurchin|0 fnt
|faint|p2a: Pincurchin
|-damage|p1a: Slowking|91/100|[from] item: Life Orb
|
|upkeep
|
|t:|1776070317
|switch|p2a: Iron Treads|Iron Treads|62/100
|-activate|p2a: Iron Treads|ability: Quark Drive
|-start|p2a: Iron Treads|quarkdrivespe
|turn|15
|
|t:|1776070325
|switch|p1a: Dragonite|Dragonite, F|100/100
|move|p2a: Iron Treads|Knock Off|p1a: Dragonite
|-damage|p1a: Dragonite|66/100
|-enditem|p1a: Dragonite|Choice Band|[from] move: Knock Off|[of] p2a: Iron Treads
|
|upkeep
|turn|16
|l|☆Khvaradona
|inactive|Khvaradona disconnected and has a minute to reconnect!
|player|p1|
|j|☆Khvaradona
|inactive|Khvaradona reconnected and has 130 seconds left.
|player|p1|Khvaradona|102|
|
|t:|1776070353
|move|p2a: Iron Treads|Iron Head|p1a: Dragonite
|-damage|p1a: Dragonite|23/100
|move|p1a: Dragonite|Stomping Tantrum|p2a: Iron Treads
|-supereffective|p2a: Iron Treads
|-damage|p2a: Iron Treads|9/100
|
|upkeep
|turn|17
|
|t:|1776070360
|move|p1a: Dragonite|Extreme Speed|p2a: Iron Treads
|-resisted|p2a: Iron Treads
|-damage|p2a: Iron Treads|0 fnt
|faint|p2a: Iron Treads
|-end|p2a: Iron Treads|Quark Drive|[silent]
|
|upkeep
|
|t:|1776070365
|switch|p2a: Iron Moth|Iron Moth|100/100
|-activate|p2a: Iron Moth|ability: Quark Drive
|-start|p2a: Iron Moth|quarkdrivespa
|turn|18
|
|t:|1776070370
|move|p2a: Iron Moth|Discharge|p1a: Dragonite
|-damage|p1a: Dragonite|0 fnt
|faint|p1a: Dragonite
|
|upkeep
|
|t:|1776070382
|switch|p1a: Slowking|Slowking-Galar, F, shiny|100/100
|turn|19
|
|t:|1776070386
|-terastallize|p2a: Iron Moth|Fire
|move|p2a: Iron Moth|Fiery Dance|p1a: Slowking
|-damage|p1a: Slowking|36/100
|move|p1a: Slowking|Sludge Wave|p2a: Iron Moth
|-damage|p2a: Iron Moth|35/100
|-damage|p1a: Slowking|26/100|[from] item: Life Orb
|
|upkeep
|turn|20
|
|t:|1776070396
|move|p2a: Iron Moth|Fiery Dance|p1a: Slowking
|-damage|p1a: Slowking|0 fnt
|faint|p1a: Slowking
|
|upkeep
|
|t:|1776070399
|switch|p1a: Porygon2|Porygon2|79/100
|turn|21
|
|t:|1776070403
|move|p2a: Iron Moth|Fiery Dance|p1a: Porygon2
|-damage|p1a: Porygon2|9/100
|move|p1a: Porygon2|Thunderbolt|p2a: Iron Moth
|-damage|p2a: Iron Moth|0 fnt
|faint|p2a: Iron Moth
|-end|p2a: Iron Moth|Quark Drive|[silent]
|
|-fieldend|move: Electric Terrain
|upkeep
|
|t:|1776070408
|switch|p2a: Iron Crown|Iron Crown|100/100
|turn|22
|
|t:|1776070410
|move|p2a: Iron Crown|Tachyon Cutter|p1a: Porygon2
|-damage|p1a: Porygon2|0 fnt
|faint|p1a: Porygon2
|-hitcount|p1: Porygon2|1
|
|win|Tilon
|raw|Khvaradona's rating: 1119 &rarr; <strong>1097</strong><br />(-22 for losing)
|raw|Tilon's rating: 1165 &rarr; <strong>1187</strong><br />(+22 for winning)
|l|☆Khvaradona
|player|p1|
|l|☆Tilon
|player|p2|
