|html|<div class="broadcast-blue"><strong>[Gen 9] OU is currently suspecting Tera Blast! For information on how to participate check out the <a href="https://www.smogon.com/tools/suspects/view/200">suspect thread</a>.</strong></div>
|j|☆icylikedecember
|j|☆RBLT sentinel
|t:|1776069589
|gametype|singles
|player|p1|icylikedecember|skierf|1607
|player|p2|RBLT sentinel|steven|1639
|gen|9
|tier|[Gen 9] OU
|rated|
|rule|HP Percentage Mod: HP is shown in percentages
|rule|Endless Battle Clause: Forcing endless battles is banned
|rule|Species Clause: Limit one of each Pokémon
|rule|OHKO Clause: OHKO moves are banned
|rule|Evasion Items Clause: Evasion items are banned
|rule|Evasion Moves Clause: Evasion moves are banned
|rule|Evasion Abilities Clause: Evasion abilities are banned
|rule|Sleep Moves Clause: Sleep-inducing moves are banned
|clearpoke
|poke|p1|Landorus-Therian, M|
|poke|p1|Corviknight, F|
|poke|p1|Slowking-Galar, M|
|poke|p1|Crawdaunt, M|
|poke|p1|Darkrai|
|poke|p1|Gholdengo|
|poke|p2|Corviknight, M|
|poke|p2|Raging Bolt|
|poke|p2|Serperior, F|
|poke|p2|Kingambit, M|
|poke|p2|Glimmora, F|
|poke|p2|Hoopa-Unbound|
|teampreview
|inactive|Battle timer is ON: inactive players will automatically lose when time's up. (requested by icylikedecember)
|
|t:|1776069599
|teamsize|p1|6
|teamsize|p2|6
|start
|switch|p1a: Slowking|Slowking-Galar, M, shiny|100/100
|switch|p2a: Glimmora|Glimmora, F|100/100
|turn|1
|j| shauryagarchamp
|
|t:|1776069605
|move|p2a: Glimmora|Stealth Rock|p1a: Slowking
|-sidestart|p1: icylikedecember|move: Stealth Rock
|move|p1a: Slowking|Psyshock|p2a: Glimmora
|-supereffective|p2a: Glimmora
|-damage|p2a: Glimmora|11/100
|
|upkeep
|turn|2
|
|t:|1776069609
|move|p2a: Glimmora|Earth Power|p1a: Slowking
|-supereffective|p1a: Slowking
|-damage|p1a: Slowking|67/100
|move|p1a: Slowking|Sludge Bomb|p2a: Glimmora
|-resisted|p2a: Glimmora
|-damage|p2a: Glimmora|0 fnt
|faint|p2a: Glimmora
|
|upkeep
|
|t:|1776069614
|switch|p2a: Hoopa|Hoopa-Unbound|100/100
|turn|3
|
|t:|1776069617
|switch|p1a: Landorus|Landorus-Therian, M|100/100
|-damage|p1a: Landorus|88/100|[from] Stealth Rock
|-ability|p1a: Landorus|Intimidate|boost
|-unboost|p2a: Hoopa|atk|1
|move|p2a: Hoopa|Hyperspace Fury|p1a: Landorus
|-damage|p1a: Landorus|28/100
|-unboost|p2a: Hoopa|def|1
|
|upkeep
|turn|4
|
|t:|1776069625
|switch|p2a: Corviknight|Corviknight, M|100/100
|move|p1a: Landorus|U-turn|p2a: Corviknight
|-resisted|p2a: Corviknight
|-damage|p2a: Corviknight|97/100
|-damage|p1a: Landorus|11/100|[from] item: Rocky Helmet|[of] p2a: Corviknight
|
|t:|1776069628
|switch|p1a: Corviknight|Corviknight, F, shiny|100/100|[from] U-turn
|-damage|p1a: Corviknight|88/100|[from] Stealth Rock
|-ability|p1a: Corviknight|Pressure
|
|-heal|p1a: Corviknight|94/100|[from] item: Leftovers
|upkeep
|turn|5
|
|t:|1776069640
|switch|p2a: Raging Bolt|Raging Bolt|100/100
|-enditem|p2a: Raging Bolt|Booster Energy
|-activate|p2a: Raging Bolt|ability: Protosynthesis|[fromitem]
|-start|p2a: Raging Bolt|protosynthesisspa
|move|p1a: Corviknight|Defog|p2a: Raging Bolt
|-unboost|p2a: Raging Bolt|evasion|1
|-sideend|p1: icylikedecember|Stealth Rock|[from] move: Defog|[of] p1a: Corviknight
|
|-heal|p1a: Corviknight|99/100|[from] item: Leftovers
|upkeep
|turn|6
|
|t:|1776069648
|switch|p1a: Gholdengo|Gholdengo|100/100
|move|p2a: Raging Bolt|Dragon Pulse|p1a: Gholdengo
|-resisted|p1a: Gholdengo
|-damage|p1a: Gholdengo|65/100
|
|upkeep
|turn|7
|
|t:|1776069653
|move|p1a: Gholdengo|Trick|p2a: Raging Bolt
|-activate|p1a: Gholdengo|move: Trick|[of] p2a: Raging Bolt
|-item|p2a: Raging Bolt|Choice Scarf|[from] move: Trick
|-enditem|p1a: Gholdengo|Choice Scarf|[silent]|[from] move: Trick
|move|p2a: Raging Bolt|Thunderbolt|p1a: Gholdengo
|-damage|p1a: Gholdengo|0 fnt
|faint|p1a: Gholdengo
|
|upkeep
|l| shauryagarchamp
|
|t:|1776069658
|switch|p1a: Landorus|Landorus-Therian, M|11/100
|-ability|p1a: Landorus|Intimidate|boost
|-unboost|p2a: Raging Bolt|atk|1
|turn|8
|
|t:|1776069663
|-end|p2a: Raging Bolt|Protosynthesis|[silent]
|switch|p2a: Corviknight|Corviknight, M|97/100
|switch|p1a: Slowking|Slowking-Galar, M, shiny|99/100
|
|upkeep
|turn|9
|
|t:|1776069670
|switch|p2a: Hoopa|Hoopa-Unbound|100/100
|move|p1a: Slowking|Flamethrower|p2a: Hoopa
|-damage|p2a: Hoopa|77/100
|
|upkeep
|turn|10
|
|t:|1776069676
|switch|p1a: Landorus|Landorus-Therian, M|11/100
|-ability|p1a: Landorus|Intimidate|boost
|-unboost|p2a: Hoopa|atk|1
|move|p2a: Hoopa|Hyperspace Fury|p1a: Landorus
|-damage|p1a: Landorus|0 fnt
|-unboost|p2a: Hoopa|def|1
|faint|p1a: Landorus
|
|upkeep
|
|t:|1776069684
|switch|p1a: Crawdaunt|Crawdaunt, M|100/100
|turn|11
|
|t:|1776069692
|switch|p2a: Corviknight|Corviknight, M|97/100
|move|p1a: Crawdaunt|Crabhammer|p2a: Corviknight
|-damage|p2a: Corviknight|35/100
|-damage|p1a: Crawdaunt|84/100|[from] item: Rocky Helmet|[of] p2a: Corviknight
|
|upkeep
|turn|12
|
|t:|1776069699
|move|p1a: Crawdaunt|Crabhammer|p2a: Corviknight
|-damage|p2a: Corviknight|0 fnt
|-damage|p1a: Crawdaunt|68/100|[from] item: Rocky Helmet|[of] p2a: Corviknight
|faint|p2a: Corviknight
|
|upkeep
|
|t:|1776069703
|switch|p2a: Serperior|Serperior, F|100/100
|turn|13
|
|t:|1776069705
|switch|p1a: Slowking|Slowking-Galar, M, shiny|100/100
|move|p2a: Serperior|Glare|p1a: Slowking
|-status|p1a: Slowking|par
|
|upkeep
|turn|14
|
|t:|1776069710
|move|p2a: Serperior|Substitute|p2a: Serperior
|-start|p2a: Serperior|Substitute
|-damage|p2a: Serperior|76/100
|move|p1a: Slowking|Sludge Bomb|p2a: Serperior
|-supereffective|p2a: Serperior
|-crit|p2a: Serperior
|-end|p2a: Serperior|Substitute
|
|-heal|p2a: Serperior|82/100|[from] item: Leftovers
|upkeep
|turn|15
|
|t:|1776069721
|move|p2a: Serperior|Substitute|p2a: Serperior
|-start|p2a: Serperior|Substitute
|-damage|p2a: Serperior|57/100
|move|p1a: Slowking|Flamethrower|p2a: Serperior
|-supereffective|p2a: Serperior
|-end|p2a: Serperior|Substitute
|
|-heal|p2a: Serperior|63/100|[from] item: Leftovers
|upkeep
|turn|16
|
|t:|1776069727
|move|p2a: Serperior|Leaf Storm|p1a: Slowking
|-resisted|p1a: Slowking
|-damage|p1a: Slowking|89/100 par
|-boost|p2a: Serperior|spa|2
|move|p1a: Slowking|Sludge Bomb|p2a: Serperior
|-supereffective|p2a: Serperior
|-crit|p2a: Serperior
|-damage|p2a: Serperior|0 fnt
|faint|p2a: Serperior
|
|upkeep
|
|t:|1776069735
|switch|p2a: Hoopa|Hoopa-Unbound|77/100
|turn|17
|
|t:|1776069742
|switch|p1a: Corviknight|Corviknight, F, shiny|99/100
|-ability|p1a: Corviknight|Pressure
|move|p2a: Hoopa|Hyperspace Fury|p1a: Corviknight
|-damage|p1a: Corviknight|36/100
|-unboost|p2a: Hoopa|def|1
|
|-heal|p1a: Corviknight|42/100|[from] item: Leftovers
|upkeep
|turn|18
|
|t:|1776069749
|move|p2a: Hoopa|Hyperspace Fury|p1a: Corviknight
|-damage|p1a: Corviknight|0 fnt
|-unboost|p2a: Hoopa|def|1
|faint|p1a: Corviknight
|
|upkeep
|
|t:|1776069754
|switch|p1a: Crawdaunt|Crawdaunt, M|68/100
|turn|19
|
|t:|1776069759
|switch|p2a: Raging Bolt|Raging Bolt|100/100
|move|p1a: Crawdaunt|Knock Off|p2a: Raging Bolt
|-damage|p2a: Raging Bolt|8/100
|-enditem|p2a: Raging Bolt|Choice Scarf|[from] move: Knock Off|[of] p1a: Crawdaunt
|
|upkeep
|turn|20
|
|t:|1776069765
|switch|p1a: Slowking|Slowking-Galar, M, shiny|100/100 par
|move|p2a: Raging Bolt|Thunderclap||[still]
|-fail|p2a: Raging Bolt
|
|upkeep
|turn|21
|
|t:|1776069768
|move|p2a: Raging Bolt|Thunderbolt|p1a: Slowking
|-damage|p1a: Slowking|75/100 par
|cant|p1a: Slowking|par
|
|upkeep
|turn|22
|
|t:|1776069772
|move|p2a: Raging Bolt|Thunderbolt|p1a: Slowking
|-damage|p1a: Slowking|52/100 par
|cant|p1a: Slowking|par
|
|upkeep
|turn|23
|
|t:|1776069775
|move|p2a: Raging Bolt|Calm Mind|p2a: Raging Bolt
|-boost|p2a: Raging Bolt|spa|1
|-boost|p2a: Raging Bolt|spd|1
|cant|p1a: Slowking|par
|
|upkeep
|turn|24
|
|t:|1776069777
|move|p2a: Raging Bolt|Thunderbolt|p1a: Slowking
|-damage|p1a: Slowking|12/100 par
|move|p1a: Slowking|Psyshock|p2a: Raging Bolt
|-damage|p2a: Raging Bolt|0 fnt
|faint|p2a: Raging Bolt
|-end|p2a: Raging Bolt|Protosynthesis|[silent]
|
|upkeep
|
|t:|1776069781
|switch|p2a: Hoopa|Hoopa-Unbound|77/100
|turn|25
|
|t:|1776069786
|move|p2a: Hoopa|Drain Punch|p1a: Slowking
|-resisted|p1a: Slowking
|-damage|p1a: Slowking|0 fnt
|-heal|p2a: Hoopa|85/100|[from] drain|[of] p1a: Slowking
|faint|p1a: Slowking
|
|upkeep
|
|t:|1776069804
|switch|p1a: Crawdaunt|Crawdaunt, M|68/100
|turn|26
|
|t:|1776069807
|move|p2a: Hoopa|Drain Punch|p1a: Crawdaunt
|-supereffective|p1a: Crawdaunt
|-damage|p1a: Crawdaunt|0 fnt
|-heal|p2a: Hoopa|100/100|[from] drain|[of] p1a: Crawdaunt
|faint|p1a: Crawdaunt
|
|upkeep
|
|t:|1776069811
|switch|p1a: Darkrai|Darkrai|100/100
|turn|27
|
|t:|1776069815
|-terastallize|p1a: Darkrai|Poison
|move|p1a: Darkrai|Dark Pulse|p2a: Hoopa
|-damage|p2a: Hoopa|63/100
|move|p2a: Hoopa|Drain Punch|p1a: Darkrai
|-resisted|p1a: Darkrai
|-damage|p1a: Darkrai|68/100
|-heal|p2a: Hoopa|79/100|[from] drain|[of] p1a: Darkrai
|
|upkeep
|turn|28
|
|t:|1776069821
|move|p1a: Darkrai|Dark Pulse|p2a: Hoopa
|-damage|p2a: Hoopa|37/100
|move|p2a: Hoopa|Drain Punch|p1a: Darkrai
|-resisted|p1a: Darkrai
|-damage|p1a: Darkrai|33/100
|-heal|p2a: Hoopa|53/100|[from] drain|[of] p1a: Darkrai
|
|upkeep
|turn|29
|-message|icylikedecember forfeited.
|
|win|RBLT sentinel
|raw|icylikedecember's rating: 1607 &rarr; <strong>1589</strong><br />(-18 for losing)
|raw|RBLT sentinel's rating: 1639 &rarr; <strong>1657</strong><br />(+18 for winning)
|l|☆icylikedecember
|player|p1|
|l|☆RBLT sentinel
|player|p2|
