|html|<div class="broadcast-blue"><strong>[Gen 9] OU is currently suspecting Tera Blast! For information on how to participate check out the <a href="https://www.smogon.com/tools/suspects/view/200">suspect thread</a>.</strong></div>
|j|☆UCB0
|j|☆TB Supernova 6
|t:|1776084954
|gametype|singles
|player|p1|UCB0|n|1291
|player|p2|TB Supernova 6|leaf-masters|1290
|gen|9
|tier|[Gen 9] OU
|rated|
|rule|HP Percentage Mod: HP is shown in percentages
|rule|Endless Battle Clause: Forcing endless battles is banned
|rule|Species Clause: Limit one of each Pokémon
|rule|OHKO Clause: OHKO moves are banned
|rule|Evasion Items Clause: Evasion items are banned
|rule|Evasion Moves Clause: Evasion moves are banned
|rule|Evasion Abilities Clause: Evasion abilities are banned
|rule|Sleep Moves Clause: Sleep-inducing moves are banned
|clearpoke
|poke|p1|Excadrill, M|
|poke|p1|Abomasnow, M|
|poke|p1|Clodsire, M|
|poke|p1|Iron Moth|
|poke|p1|Skarmory, M|
|poke|p1|Morpeko, F|
|poke|p2|Iron Moth|
|poke|p2|Gliscor, F|
|poke|p2|Hatterene, F|
|poke|p2|Ogerpon-Wellspring, F|
|poke|p2|Raging Bolt|
|poke|p2|Zamazenta-*|
|teampreview
|
|t:|1776084966
|teamsize|p1|6
|teamsize|p2|6
|start
|switch|p1a: Jonathan J|Abomasnow, M, shiny|100/100
|switch|p2a: Zamazenta|Zamazenta|100/100
|-ability|p2a: Zamazenta|Dauntless Shield|boost
|-boost|p2a: Zamazenta|def|1
|-weather|Snowscape|[from] ability: Snow Warning|[of] p1a: Jonathan J
|turn|1
|
|t:|1776084989
|switch|p1a: Silver chariot|Skarmory, M|100/100
|move|p2a: Zamazenta|Close Combat|p1a: Silver chariot
|-damage|p1a: Silver chariot|71/100
|-unboost|p2a: Zamazenta|def|1
|-unboost|p2a: Zamazenta|spd|1
|-damage|p2a: Zamazenta|84/100|[from] item: Rocky Helmet|[of] p1a: Silver chariot
|
|-weather|Snowscape|[upkeep]
|upkeep
|turn|2
|inactive|Battle timer is ON: inactive players will automatically lose when time's up. (requested by TB Supernova 6)
|
|t:|1776084995
|switch|p2a: Hatterene|Hatterene, F|100/100
|move|p1a: Silver chariot|Stealth Rock|p2a: Hatterene
|move|p2a: Hatterene|Stealth Rock|p1a: Silver chariot|[from] ability: Magic Bounce
|-sidestart|p1: UCB0|move: Stealth Rock
|
|-weather|Snowscape|[upkeep]
|upkeep
|turn|3
|
|t:|1776085006
|switch|p1a: High priestes|Clodsire, M|100/100
|-damage|p1a: High priestes|94/100|[from] Stealth Rock
|switch|p2a: Gliscor|Gliscor, F|100/100
|
|-weather|Snowscape|[upkeep]
|-status|p2a: Gliscor|tox|[from] item: Toxic Orb
|upkeep
|turn|4
|
|t:|1776085019
|switch|p1a: Jonathan J|Abomasnow, M, shiny|100/100
|-damage|p1a: Jonathan J|76/100|[from] Stealth Rock
|move|p2a: Gliscor|Swords Dance|p2a: Gliscor
|-boost|p2a: Gliscor|atk|2
|
|-weather|Snowscape|[upkeep]
|upkeep
|turn|5
|
|t:|1776085031
|-terastallize|p2a: Gliscor|Normal
|move|p2a: Gliscor|Facade|p1a: Jonathan J
|-damage|p1a: Jonathan J|0 fnt
|faint|p1a: Jonathan J
|
|-weather|none
|upkeep
|
|t:|1776085035
|switch|p1a: Silver chariot|Skarmory, M|71/100
|-damage|p1a: Silver chariot|59/100|[from] Stealth Rock
|turn|6
|
|t:|1776085039
|move|p2a: Gliscor|Facade|p1a: Silver chariot
|-resisted|p1a: Silver chariot
|-crit|p1a: Silver chariot
|-damage|p1a: Silver chariot|4/100
|-damage|p2a: Gliscor|84/100 tox|[from] item: Rocky Helmet|[of] p1a: Silver chariot
|move|p1a: Silver chariot|Body Press|p2a: Gliscor
|-supereffective|p2a: Gliscor
|-damage|p2a: Gliscor|29/100 tox
|
|-heal|p2a: Gliscor|41/100 tox|[from] ability: Poison Heal
|upkeep
|turn|7
|
|t:|1776085047
|move|p2a: Gliscor|Facade|p1a: Silver chariot
|-resisted|p1a: Silver chariot
|-damage|p1a: Silver chariot|0 fnt
|-damage|p2a: Gliscor|25/100 tox|[from] item: Rocky Helmet|[of] p1a: Silver chariot
|faint|p1a: Silver chariot
|
|-heal|p2a: Gliscor|37/100 tox|[from] ability: Poison Heal
|upkeep
|
|t:|1776085053
|switch|p1a: Star platinum|Excadrill, M|100/100
|-damage|p1a: Star platinum|97/100|[from] Stealth Rock
|-ability|p1a: Star platinum|Mold Breaker
|turn|8
|
|t:|1776085059
|move|p1a: Star platinum|Earthquake|p2a: Gliscor
|-damage|p2a: Gliscor|0 fnt
|faint|p2a: Gliscor
|
|upkeep
|
|t:|1776085061
|switch|p2a: Ogerpon|Ogerpon-Wellspring, F|100/100
|turn|9
|
|t:|1776085066
|switch|p1a: High priestes|Clodsire, M|94/100
|-damage|p1a: High priestes|88/100|[from] Stealth Rock
|move|p2a: Ogerpon|Ivy Cudgel|p1a: High priestes|[anim] Ivy Cudgel Water
|-heal|p1a: High priestes|100/100|[from] ability: Water Absorb|[of] p2a: Ogerpon
|
|upkeep
|turn|10
|
|t:|1776085077
|switch|p2a: Hatterene|Hatterene, F|100/100
|move|p1a: High priestes|Gunk Shot|p2a: Hatterene
|-supereffective|p2a: Hatterene
|-damage|p2a: Hatterene|51/100
|-status|p2a: Hatterene|psn
|
|-heal|p2a: Hatterene|57/100 psn|[from] item: Leftovers
|-damage|p2a: Hatterene|44/100 psn|[from] psn
|upkeep
|turn|11
|
|t:|1776085084
|switch|p2a: Zamazenta|Zamazenta|84/100
|move|p1a: High priestes|Gunk Shot|p2a: Zamazenta
|-damage|p2a: Zamazenta|55/100
|
|upkeep
|turn|12
|
|t:|1776085090
|move|p2a: Zamazenta|Reflect|p2a: Zamazenta
|-sidestart|p2: TB Supernova 6|Reflect
|move|p1a: High priestes|Gunk Shot|p2a: Zamazenta
|-damage|p2a: Zamazenta|42/100
|-status|p2a: Zamazenta|psn
|
|-damage|p2a: Zamazenta|30/100 psn|[from] psn
|upkeep
|turn|13
|
|t:|1776085100
|move|p2a: Zamazenta|Ice Fang|p1a: High priestes
|-supereffective|p1a: High priestes
|-damage|p1a: High priestes|63/100
|move|p1a: High priestes|Earthquake|p2a: Zamazenta
|-damage|p2a: Zamazenta|18/100 psn
|
|-damage|p2a: Zamazenta|6/100 psn|[from] psn
|upkeep
|turn|14
|
|t:|1776085110
|move|p2a: Zamazenta|Ice Fang|p1a: High priestes
|-supereffective|p1a: High priestes
|-damage|p1a: High priestes|20/100
|move|p1a: High priestes|Earthquake|p2a: Zamazenta
|-damage|p2a: Zamazenta|0 fnt
|faint|p2a: Zamazenta
|
|upkeep
|
|t:|1776085113
|switch|p2a: Ogerpon|Ogerpon-Wellspring, F|100/100
|turn|15
|
|t:|1776085126
|move|p2a: Ogerpon|Trailblaze|p1a: High priestes
|-damage|p1a: High priestes|0 fnt
|-boost|p2a: Ogerpon|spe|1
|faint|p1a: High priestes
|
|upkeep
|
|t:|1776085129
|switch|p1a: Flare magician|Iron Moth, shiny|100/100
|-damage|p1a: Flare magician|76/100|[from] Stealth Rock
|-enditem|p1a: Flare magician|Booster Energy
|-activate|p1a: Flare magician|ability: Quark Drive|[fromitem]
|-start|p1a: Flare magician|quarkdrivespe
|turn|16
|
|t:|1776085134
|move|p1a: Flare magician|Sludge Wave|p2a: Ogerpon
|-supereffective|p2a: Ogerpon
|-damage|p2a: Ogerpon|0 fnt
|faint|p2a: Ogerpon
|
|upkeep
|
|t:|1776085145
|switch|p2a: Raging Bolt|Raging Bolt|100/100
|-enditem|p2a: Raging Bolt|Booster Energy
|-activate|p2a: Raging Bolt|ability: Protosynthesis|[fromitem]
|-start|p2a: Raging Bolt|protosynthesisspa
|turn|17
|
|t:|1776085149
|-terastallize|p1a: Flare magician|Ground
|move|p1a: Flare magician|Tera Blast|p2a: Raging Bolt|[anim] Tera Blast Ground
|-supereffective|p2a: Raging Bolt
|-crit|p2a: Raging Bolt
|-damage|p2a: Raging Bolt|0 fnt
|faint|p2a: Raging Bolt
|-end|p2a: Raging Bolt|Protosynthesis|[silent]
|
|upkeep
|
|t:|1776085157
|switch|p2a: Iron Moth|Iron Moth|100/100
|-enditem|p2a: Iron Moth|Booster Energy
|-activate|p2a: Iron Moth|ability: Quark Drive|[fromitem]
|-start|p2a: Iron Moth|quarkdrivespe
|turn|18
|
|t:|1776085164
|move|p1a: Flare magician|Tera Blast|p2a: Iron Moth|[anim] Tera Blast Ground
|-supereffective|p2a: Iron Moth
|-damage|p2a: Iron Moth|0 fnt
|faint|p2a: Iron Moth
|-end|p2a: Iron Moth|Quark Drive|[silent]
|
|upkeep
|-message|TB Supernova 6 forfeited.
|
|win|UCB0
|raw|UCB0's rating: 1291 &rarr; <strong>1316</strong><br />(+25 for winning)
|raw|TB Supernova 6's rating: 1290 &rarr; <strong>1265</strong><br />(-25 for losing)
|l|☆TB Supernova 6
|player|p2|
|l|☆UCB0
|player|p1|
