|html|<div class="broadcast-blue"><strong>[Gen 9] OU is currently suspecting Tera Blast! For information on how to participate check out the <a href="https://www.smogon.com/tools/suspects/view/200">suspect thread</a>.</strong></div>
|j|☆6er4ld
|j|☆ubelsarmpits
|t:|1776344118
|gametype|singles
|player|p1|6er4ld|169|1052
|player|p2|ubelsarmpits|flannery|1093
|gen|9
|tier|[Gen 9] OU
|rated|
|rule|HP Percentage Mod: HP is shown in percentages
|rule|Endless Battle Clause: Forcing endless battles is banned
|rule|Species Clause: Limit one of each Pokémon
|rule|OHKO Clause: OHKO moves are banned
|rule|Evasion Items Clause: Evasion items are banned
|rule|Evasion Moves Clause: Evasion moves are banned
|rule|Evasion Abilities Clause: Evasion abilities are banned
|rule|Sleep Moves Clause: Sleep-inducing moves are banned
|clearpoke
|poke|p1|Cramorant, F|
|poke|p1|Pelipper, F|
|poke|p1|Alomomola, M|
|poke|p1|Corviknight, F|
|poke|p1|Blissey, F|
|poke|p1|Azumarill, M|
|poke|p2|Torkoal, M|
|poke|p2|Lilligant-Hisui, F|
|poke|p2|Rotom-Wash|
|poke|p2|Dragapult, M|
|poke|p2|Walking Wake|
|poke|p2|Great Tusk|
|teampreview
|
|t:|1776344124
|teamsize|p1|6
|teamsize|p2|6
|start
|switch|p1a: Cramorant|Cramorant, F|100/100
|switch|p2a: Torkoal|Torkoal, M|100/100
|-weather|SunnyDay|[from] ability: Drought|[of] p2a: Torkoal
|turn|1
|
|t:|1776344138
|switch|p2a: Dragapult|Dragapult, M|100/100
|move|p1a: Cramorant|Surf|p2a: Dragapult
|-formechange|p1a: Cramorant|Cramorant-Gulping|
|-resisted|p2a: Dragapult
|-damage|p2a: Dragapult|88/100
|
|-weather|SunnyDay|[upkeep]
|upkeep
|turn|2
|
|t:|1776344160
|move|p2a: Dragapult|Shadow Ball|p1a: Cramorant
|-damage|p1a: Cramorant|38/100
|-damage|p2a: Dragapult|63/100|[from] ability: Gulp Missile|[of] p1a: Cramorant
|-unboost|p2a: Dragapult|def|1
|-formechange|p1a: Cramorant|Cramorant|
|-damage|p2a: Dragapult|53/100|[from] item: Life Orb
|move|p1a: Cramorant|Agility|p1a: Cramorant
|-boost|p1a: Cramorant|spe|2
|
|-weather|SunnyDay|[upkeep]
|upkeep
|turn|3
|
|t:|1776344174
|switch|p2a: Rotom|Rotom-Wash|100/100
|move|p1a: Cramorant|Endure||[still]
|-fail|p1a: Cramorant
|
|-weather|SunnyDay|[upkeep]
|upkeep
|turn|4
|inactive|Battle timer is ON: inactive players will automatically lose when time's up. (requested by ubelsarmpits)
|
|t:|1776344186
|move|p1a: Cramorant|Endure|p1a: Cramorant
|-singleturn|p1a: Cramorant|move: Endure
|move|p2a: Rotom|Volt Switch|p1a: Cramorant
|-supereffective|p1a: Cramorant
|-activate|p1a: Cramorant|move: Endure
|-damage|p1a: Cramorant|1/100
|-enditem|p1a: Cramorant|Weakness Policy
|-boost|p1a: Cramorant|atk|2|[from] item: Weakness Policy
|-boost|p1a: Cramorant|spa|2|[from] item: Weakness Policy
|
|t:|1776344188
|switch|p2a: Lilligant|Lilligant-Hisui, F|100/100|[from] Volt Switch
|
|-weather|SunnyDay|[upkeep]
|upkeep
|turn|5
|
|t:|1776344202
|move|p2a: Lilligant|Solar Blade||[still]
|-prepare|p2a: Lilligant|Solar Blade
|-anim|p2a: Lilligant|Solar Blade|p1a: Cramorant
|-damage|p1a: Cramorant|0 fnt
|faint|p1a: Cramorant
|-damage|p2a: Lilligant|91/100|[from] item: Life Orb
|
|-weather|SunnyDay|[upkeep]
|upkeep
|
|t:|1776344210
|switch|p1a: Pelipper|Pelipper, F|100/100
|-weather|RainDance|[from] ability: Drizzle|[of] p1a: Pelipper
|turn|6
|
|t:|1776344223
|switch|p2a: Rotom|Rotom-Wash|100/100
|move|p1a: Pelipper|Hurricane|p2a: Rotom
|-resisted|p2a: Rotom
|-damage|p2a: Rotom|82/100
|
|-weather|RainDance|[upkeep]
|upkeep
|turn|7
|
|t:|1776344232
|switch|p1a: Blissey|Blissey, F|100/100
|move|p2a: Rotom|Volt Switch|p1a: Blissey
|-damage|p1a: Blissey|89/100
|
|t:|1776344236
|switch|p2a: Torkoal|Torkoal, M|100/100|[from] Volt Switch
|-weather|SunnyDay|[from] ability: Drought|[of] p2a: Torkoal
|
|-weather|SunnyDay|[upkeep]
|-heal|p1a: Blissey|95/100|[from] item: Leftovers
|upkeep
|turn|8
|inactive|6er4ld has 120 seconds left.
|inactive|6er4ld has 90 seconds left.
|c|☆ubelsarmpits|uh
|
|t:|1776344321
|switch|p2a: Great Tusk|Great Tusk|100/100
|-activate|p2a: Great Tusk|ability: Protosynthesis
|-start|p2a: Great Tusk|protosynthesisdef
|move|p1a: Blissey|Body Slam|p2a: Great Tusk
|-damage|p2a: Great Tusk|98/100
|-status|p2a: Great Tusk|par
|
|-weather|SunnyDay|[upkeep]
|-heal|p1a: Blissey|100/100|[from] item: Leftovers
|upkeep
|turn|9
|
|t:|1776344333
|switch|p1a: Pelipper|Pelipper, F|100/100
|-weather|RainDance|[from] ability: Drizzle|[of] p1a: Pelipper
|-end|p2a: Great Tusk|Protosynthesis
|move|p2a: Great Tusk|Knock Off|p1a: Pelipper
|-damage|p1a: Pelipper|78/100
|-enditem|p1a: Pelipper|Damp Rock|[from] move: Knock Off|[of] p2a: Great Tusk
|
|-weather|RainDance|[upkeep]
|upkeep
|turn|10
|
|t:|1776344349
|-end|p2a: Great Tusk|Protosynthesis|[silent]
|switch|p2a: Rotom|Rotom-Wash|82/100
|move|p1a: Pelipper|Weather Ball|p2a: Rotom
|-resisted|p2a: Rotom
|-damage|p2a: Rotom|57/100
|
|-weather|RainDance|[upkeep]
|upkeep
|turn|11
|
|t:|1776344359
|switch|p1a: Blissey|Blissey, F|100/100
|move|p2a: Rotom|Volt Switch|p1a: Blissey
|-damage|p1a: Blissey|87/100
|
|t:|1776344366
|switch|p2a: Great Tusk|Great Tusk|98/100 par|[from] Volt Switch
|
|-weather|RainDance|[upkeep]
|-heal|p1a: Blissey|93/100|[from] item: Leftovers
|upkeep
|turn|12
|
|t:|1776344372
|switch|p1a: Azumarill|Azumarill, M|100/100
|move|p2a: Great Tusk|Knock Off|p1a: Azumarill
|-resisted|p1a: Azumarill
|-damage|p1a: Azumarill|86/100
|-enditem|p1a: Azumarill|Leftovers|[from] move: Knock Off|[of] p2a: Great Tusk
|
|-weather|RainDance|[upkeep]
|upkeep
|turn|13
|
|t:|1776344386
|-end|p2a: Great Tusk|Protosynthesis|[silent]
|switch|p2a: Torkoal|Torkoal, M|100/100
|-weather|SunnyDay|[from] ability: Drought|[of] p2a: Torkoal
|move|p1a: Azumarill|Belly Drum|p1a: Azumarill
|-damage|p1a: Azumarill|36/100
|-setboost|p1a: Azumarill|atk|6|[from] move: Belly Drum
|
|-weather|SunnyDay|[upkeep]
|upkeep
|turn|14
|inactive|6er4ld has 90 seconds left.
|
|t:|1776344396
|switch|p2a: Rotom|Rotom-Wash|57/100
|move|p1a: Azumarill|Aqua Jet|p2a: Rotom
|-resisted|p2a: Rotom
|-damage|p2a: Rotom|30/100
|
|-weather|SunnyDay|[upkeep]
|upkeep
|turn|15
|
|t:|1776344405
|move|p1a: Azumarill|Aqua Jet|p2a: Rotom
|-resisted|p2a: Rotom
|-crit|p2a: Rotom
|-damage|p2a: Rotom|0 fnt
|faint|p2a: Rotom
|
|-weather|SunnyDay|[upkeep]
|upkeep
|
|t:|1776344407
|switch|p2a: Lilligant|Lilligant-Hisui, F|91/100
|turn|16
|
|t:|1776344416
|move|p1a: Azumarill|Aqua Jet|p2a: Lilligant
|-resisted|p2a: Lilligant
|-damage|p2a: Lilligant|52/100
|move|p2a: Lilligant|Solar Blade||[still]
|-prepare|p2a: Lilligant|Solar Blade
|-anim|p2a: Lilligant|Solar Blade|p1a: Azumarill
|-supereffective|p1a: Azumarill
|-damage|p1a: Azumarill|0 fnt
|faint|p1a: Azumarill
|-damage|p2a: Lilligant|42/100|[from] item: Life Orb
|
|-weather|SunnyDay|[upkeep]
|upkeep
|
|t:|1776344427
|switch|p1a: Pelipper|Pelipper, F|78/100
|-weather|RainDance|[from] ability: Drizzle|[of] p1a: Pelipper
|turn|17
|
|t:|1776344433
|switch|p2a: Dragapult|Dragapult, M|53/100
|move|p1a: Pelipper|Weather Ball|p2a: Dragapult
|-resisted|p2a: Dragapult
|-damage|p2a: Dragapult|19/100
|
|-weather|RainDance|[upkeep]
|upkeep
|turn|18
|
|t:|1776344442
|switch|p1a: Blissey|Blissey, F|93/100
|move|p2a: Dragapult|Draco Meteor|p1a: Blissey
|-damage|p1a: Blissey|65/100
|-unboost|p2a: Dragapult|spa|2
|-damage|p2a: Dragapult|10/100|[from] item: Life Orb
|
|-weather|RainDance|[upkeep]
|-heal|p1a: Blissey|71/100|[from] item: Leftovers
|upkeep
|turn|19
|inactive|6er4ld has 120 seconds left.
|
|t:|1776344452
|switch|p2a: Great Tusk|Great Tusk|98/100 par
|move|p1a: Blissey|Ice Beam|p2a: Great Tusk
|-supereffective|p2a: Great Tusk
|-damage|p2a: Great Tusk|55/100 par
|
|-weather|RainDance|[upkeep]
|-heal|p1a: Blissey|77/100|[from] item: Leftovers
|upkeep
|turn|20
|
|t:|1776344460
|move|p1a: Blissey|Ice Beam|p2a: Great Tusk
|-supereffective|p2a: Great Tusk
|-damage|p2a: Great Tusk|10/100 par
|move|p2a: Great Tusk|Brick Break|p1a: Blissey
|-supereffective|p1a: Blissey
|-damage|p1a: Blissey|22/100
|
|-weather|RainDance|[upkeep]
|-heal|p1a: Blissey|28/100|[from] item: Leftovers
|upkeep
|turn|21
|
|t:|1776344474
|-end|p2a: Great Tusk|Protosynthesis|[silent]
|switch|p2a: Torkoal|Torkoal, M|100/100
|-weather|SunnyDay|[from] ability: Drought|[of] p2a: Torkoal
|move|p1a: Blissey|Ice Beam|p2a: Torkoal
|-resisted|p2a: Torkoal
|-damage|p2a: Torkoal|90/100
|
|-weather|SunnyDay|[upkeep]
|-heal|p1a: Blissey|34/100|[from] item: Leftovers
|upkeep
|turn|22
|
|t:|1776344483
|move|p1a: Blissey|Soft-Boiled|p1a: Blissey
|-heal|p1a: Blissey|84/100
|move|p2a: Torkoal|Stealth Rock|p1a: Blissey
|-sidestart|p1: 6er4ld|move: Stealth Rock
|
|-weather|SunnyDay|[upkeep]
|-heal|p1a: Blissey|90/100|[from] item: Leftovers
|upkeep
|turn|23
|
|t:|1776344490
|switch|p1a: Corviknight|Corviknight, F|100/100
|-damage|p1a: Corviknight|88/100|[from] Stealth Rock
|-ability|p1a: Corviknight|Pressure
|move|p2a: Torkoal|Rapid Spin|p1a: Corviknight
|-resisted|p1a: Corviknight
|-damage|p1a: Corviknight|86/100
|-boost|p2a: Torkoal|spe|1
|-damage|p2a: Torkoal|74/100|[from] item: Rocky Helmet|[of] p1a: Corviknight
|
|-weather|SunnyDay|[upkeep]
|upkeep
|turn|24
|
|t:|1776344504
|move|p1a: Corviknight|Defog|p2a: Torkoal
|-unboost|p2a: Torkoal|evasion|1
|-sideend|p1: 6er4ld|Stealth Rock|[from] move: Defog|[of] p1a: Corviknight
|move|p2a: Torkoal|Lava Plume|p1a: Corviknight
|-supereffective|p1a: Corviknight
|-damage|p1a: Corviknight|4/100
|
|-weather|SunnyDay|[upkeep]
|upkeep
|turn|25
|
|t:|1776344520
|-terastallize|p1a: Corviknight|Flying
|move|p1a: Corviknight|Roost|p1a: Corviknight
|-heal|p1a: Corviknight|54/100
|-hint|If a Terastallized Pokemon uses Roost, it remains Flying-type.
|move|p2a: Torkoal|Lava Plume|p1a: Corviknight
|-damage|p1a: Corviknight|18/100
|
|-weather|SunnyDay|[upkeep]
|upkeep
|turn|26
|
|t:|1776344531
|move|p1a: Corviknight|Roost|p1a: Corviknight
|-heal|p1a: Corviknight|68/100
|-hint|If a Terastallized Pokemon uses Roost, it remains Flying-type.
|move|p2a: Torkoal|Lava Plume|p1a: Corviknight
|-damage|p1a: Corviknight|28/100
|
|-weather|SunnyDay|[upkeep]
|upkeep
|turn|27
|n|!ubelsarmpits|ubelsarmpits
|
|t:|1776344548
|switch|p2a: Dragapult|Dragapult, M|10/100
|move|p1a: Corviknight|Roost|p1a: Corviknight
|-heal|p1a: Corviknight|78/100
|-hint|If a Terastallized Pokemon uses Roost, it remains Flying-type.
|
|-weather|SunnyDay|[upkeep]
|upkeep
|turn|28
|
|t:|1776344558
|switch|p1a: Blissey|Blissey, F|90/100
|move|p2a: Dragapult|Draco Meteor|p1a: Blissey
|-damage|p1a: Blissey|64/100
|-unboost|p2a: Dragapult|spa|2
|-damage|p2a: Dragapult|0 fnt|[from] item: Life Orb
|faint|p2a: Dragapult
|
|-weather|none
|-heal|p1a: Blissey|70/100|[from] item: Leftovers
|upkeep
|
|t:|1776344563
|switch|p2a: Torkoal|Torkoal, M|74/100
|-weather|SunnyDay|[from] ability: Drought|[of] p2a: Torkoal
|turn|29
|
|t:|1776344573
|switch|p1a: Pelipper|Pelipper, F|78/100
|-weather|RainDance|[from] ability: Drizzle|[of] p1a: Pelipper
|switch|p2a: Lilligant|Lilligant-Hisui, F|42/100
|
|-weather|RainDance|[upkeep]
|upkeep
|turn|30
|
|t:|1776344582
|switch|p2a: Torkoal|Torkoal, M|74/100
|-weather|SunnyDay|[from] ability: Drought|[of] p2a: Torkoal
|move|p1a: Pelipper|Hurricane|p2a: Torkoal
|-damage|p2a: Torkoal|24/100
|
|-weather|SunnyDay|[upkeep]
|upkeep
|turn|31
|
|t:|1776344594
|switch|p2a: Great Tusk|Great Tusk|10/100 par
|-activate|p2a: Great Tusk|ability: Protosynthesis
|-start|p2a: Great Tusk|protosynthesisdef
|move|p1a: Pelipper|Weather Ball|p2a: Great Tusk
|-damage|p2a: Great Tusk|0 fnt
|faint|p2a: Great Tusk
|-end|p2a: Great Tusk|Protosynthesis|[silent]
|
|-weather|SunnyDay|[upkeep]
|upkeep
|
|t:|1776344598
|switch|p2a: Lilligant|Lilligant-Hisui, F|42/100
|turn|32
|
|t:|1776344606
|switch|p1a: Corviknight|Corviknight, F, tera:Flying|78/100
|-ability|p1a: Corviknight|Pressure
|move|p2a: Lilligant|Solar Blade||[still]
|-prepare|p2a: Lilligant|Solar Blade
|-anim|p2a: Lilligant|Solar Blade|p1a: Corviknight
|-resisted|p1a: Corviknight
|-damage|p1a: Corviknight|54/100
|-damage|p2a: Lilligant|26/100|[from] item: Rocky Helmet|[of] p1a: Corviknight
|-damage|p2a: Lilligant|16/100|[from] item: Life Orb
|
|-weather|SunnyDay|[upkeep]
|upkeep
|turn|33
|
|t:|1776344617
|move|p2a: Lilligant|Triple Axel|p1a: Corviknight
|-supereffective|p1a: Corviknight
|-damage|p1a: Corviknight|43/100
|-damage|p2a: Lilligant|0 fnt|[from] item: Rocky Helmet|[of] p1a: Corviknight
|faint|p2a: Lilligant
|-hitcount|p1a: Corviknight|1
|move|p1a: Corviknight|Roost|p1a: Corviknight
|-heal|p1a: Corviknight|93/100
|-hint|If a Terastallized Pokemon uses Roost, it remains Flying-type.
|
|-weather|SunnyDay|[upkeep]
|upkeep
|
|t:|1776344623
|switch|p2a: Walking Wake|Walking Wake|100/100
|-activate|p2a: Walking Wake|ability: Protosynthesis
|-start|p2a: Walking Wake|protosynthesisspa
|turn|34
|
|t:|1776344638
|switch|p1a: Pelipper|Pelipper, F|78/100
|-weather|RainDance|[from] ability: Drizzle|[of] p1a: Pelipper
|-end|p2a: Walking Wake|Protosynthesis
|move|p2a: Walking Wake|Hydro Steam|p1a: Pelipper
|-resisted|p1a: Pelipper
|-damage|p1a: Pelipper|20/100
|-damage|p2a: Walking Wake|91/100|[from] item: Life Orb
|
|-weather|RainDance|[upkeep]
|upkeep
|turn|35
|
|t:|1776344649
|switch|p1a: Alomomola|Alomomola, M|100/100
|move|p2a: Walking Wake|Flip Turn|p1a: Alomomola
|-resisted|p1a: Alomomola
|-crit|p1a: Alomomola
|-damage|p1a: Alomomola|87/100
|-damage|p2a: Walking Wake|81/100|[from] item: Life Orb
|
|t:|1776344651
|-end|p2a: Walking Wake|Protosynthesis|[silent]
|switch|p2a: Torkoal|Torkoal, M|24/100|[from] Flip Turn
|-weather|SunnyDay|[from] ability: Drought|[of] p2a: Torkoal
|
|-weather|SunnyDay|[upkeep]
|-heal|p1a: Alomomola|93/100|[from] item: Leftovers
|upkeep
|turn|36
|
|t:|1776344661
|switch|p2a: Walking Wake|Walking Wake|81/100
|-activate|p2a: Walking Wake|ability: Protosynthesis
|-start|p2a: Walking Wake|protosynthesisspa
|move|p1a: Alomomola|Wish|p1a: Alomomola
|
|-weather|SunnyDay|[upkeep]
|-heal|p1a: Alomomola|99/100|[from] item: Leftovers
|upkeep
|turn|37
|
|t:|1776344670
|move|p2a: Walking Wake|Draco Meteor|p1a: Alomomola
|-damage|p1a: Alomomola|0 fnt
|-unboost|p2a: Walking Wake|spa|2
|faint|p1a: Alomomola
|-damage|p2a: Walking Wake|71/100|[from] item: Life Orb
|
|-weather|SunnyDay|[upkeep]
|upkeep
|
|t:|1776344680
|switch|p1a: Corviknight|Corviknight, F, tera:Flying|93/100
|-ability|p1a: Corviknight|Pressure
|turn|38
|
|t:|1776344687
|move|p2a: Walking Wake|Hydro Steam|p1a: Corviknight
|-damage|p1a: Corviknight|42/100
|-damage|p2a: Walking Wake|62/100|[from] item: Life Orb
|move|p1a: Corviknight|Body Press|p2a: Walking Wake
|-damage|p2a: Walking Wake|35/100
|
|-weather|SunnyDay|[upkeep]
|upkeep
|turn|39
|
|t:|1776344697
|switch|p1a: Blissey|Blissey, F|70/100
|move|p2a: Walking Wake|Hydro Steam|p1a: Blissey
|-damage|p1a: Blissey|51/100
|-damage|p2a: Walking Wake|25/100|[from] item: Life Orb
|
|-weather|SunnyDay|[upkeep]
|-heal|p1a: Blissey|57/100|[from] item: Leftovers
|upkeep
|turn|40
|
|t:|1776344708
|-terastallize|p2a: Walking Wake|Water
|move|p2a: Walking Wake|Hydro Steam|p1a: Blissey
|-damage|p1a: Blissey|32/100
|-damage|p2a: Walking Wake|15/100|[from] item: Life Orb
|move|p1a: Blissey|Soft-Boiled|p1a: Blissey
|-heal|p1a: Blissey|82/100
|
|-weather|SunnyDay|[upkeep]
|-heal|p1a: Blissey|88/100|[from] item: Leftovers
|upkeep
|turn|41
|-message|ubelsarmpits forfeited.
|
|win|6er4ld
