|html|<div class="broadcast-blue"><strong>[Gen 9] OU is currently suspecting Tera Blast! For information on how to participate check out the <a href="https://www.smogon.com/tools/suspects/view/200">suspect thread</a>.</strong></div>
|j|☆grimI0I
|j|‽drakeero
|t:|1776206102
|gametype|singles
|player|p1|grimI0I|steven|1322
|player|p2|drakeero|1|1310
|gen|9
|tier|[Gen 9] OU
|rated|
|rule|HP Percentage Mod: HP is shown in percentages
|rule|Endless Battle Clause: Forcing endless battles is banned
|rule|Species Clause: Limit one of each Pokémon
|rule|OHKO Clause: OHKO moves are banned
|rule|Evasion Items Clause: Evasion items are banned
|rule|Evasion Moves Clause: Evasion moves are banned
|rule|Evasion Abilities Clause: Evasion abilities are banned
|rule|Sleep Moves Clause: Sleep-inducing moves are banned
|clearpoke
|poke|p1|Dragonite, F|
|poke|p1|Pecharunt|
|poke|p1|Darkrai|
|poke|p1|Gholdengo|
|poke|p1|Ogerpon-Wellspring, F|
|poke|p1|Deoxys-Speed|
|poke|p2|Jirachi|
|poke|p2|Slowking-Galar, M|
|poke|p2|Ninetales-Alola, F|
|poke|p2|Dondozo, F|
|poke|p2|Conkeldurr, M|
|poke|p2|Darkrai|
|teampreview
|inactive|Battle timer is ON: inactive players will automatically lose when time's up. (requested by grimI0I)
|
|t:|1776206107
|teamsize|p1|6
|teamsize|p2|6
|start
|switch|p1a: Deoxys|Deoxys-Speed|100/100
|switch|p2a: Jirachi|Jirachi|100/100
|-ability|p1a: Deoxys|Pressure
|turn|1
|
|t:|1776206115
|move|p1a: Deoxys|Stealth Rock|p2a: Jirachi
|-sidestart|p2: drakeero|move: Stealth Rock
|move|p2a: Jirachi|U-turn|p1a: Deoxys
|-supereffective|p1a: Deoxys
|-damage|p1a: Deoxys|52/100
|
|t:|1776206126
|switch|p2a: Ninetales|Ninetales-Alola, F|100/100|[from] U-turn
|-damage|p2a: Ninetales|76/100|[from] Stealth Rock
|-weather|Snowscape|[from] ability: Snow Warning|[of] p2a: Ninetales
|
|-weather|Snowscape|[upkeep]
|upkeep
|turn|2
|
|t:|1776206138
|move|p1a: Deoxys|Psycho Boost|p2a: Ninetales
|-damage|p2a: Ninetales|21/100
|-unboost|p1a: Deoxys|spa|2
|move|p2a: Ninetales|Aurora Veil|p2a: Ninetales
|-sidestart|p2: drakeero|move: Aurora Veil
|
|-weather|Snowscape|[upkeep]
|upkeep
|turn|3
|
|t:|1776206152
|switch|p2a: Jirachi|Jirachi|100/100
|-damage|p2a: Jirachi|94/100|[from] Stealth Rock
|move|p1a: Deoxys|Knock Off|p2a: Jirachi
|-supereffective|p2a: Jirachi
|-damage|p2a: Jirachi|71/100
|-enditem|p2a: Jirachi|Choice Scarf|[from] move: Knock Off|[of] p1a: Deoxys
|
|-weather|Snowscape|[upkeep]
|upkeep
|turn|4
|
|t:|1776206162
|move|p1a: Deoxys|Knock Off|p2a: Jirachi
|-supereffective|p2a: Jirachi
|-damage|p2a: Jirachi|54/100
|move|p2a: Jirachi|Doom Desire|p1a: Deoxys
|-start|p2a: Jirachi|Doom Desire
|
|-weather|Snowscape|[upkeep]
|upkeep
|turn|5
|
|t:|1776206173
|move|p1a: Deoxys|Knock Off|p2a: Jirachi
|-supereffective|p2a: Jirachi
|-damage|p2a: Jirachi|39/100
|move|p2a: Jirachi|U-turn|p1a: Deoxys
|-supereffective|p1a: Deoxys
|-damage|p1a: Deoxys|2/100
|
|t:|1776206178
|switch|p2a: Conkeldurr|Conkeldurr, M|100/100|[from] U-turn
|-damage|p2a: Conkeldurr|94/100|[from] Stealth Rock
|
|-weather|none
|-status|p2a: Conkeldurr|brn|[from] item: Flame Orb
|upkeep
|turn|6
|
|t:|1776206187
|move|p2a: Conkeldurr|Mach Punch|p1a: Deoxys
|-resisted|p1a: Deoxys
|-damage|p1a: Deoxys|0 fnt
|faint|p1a: Deoxys
|
|-hint|Doom Desire did not hit because the target is fainted.
|-damage|p2a: Conkeldurr|88/100 brn|[from] brn
|upkeep
|
|t:|1776206194
|switch|p1a: Pecharunt|Pecharunt|100/100
|turn|7
|
|t:|1776206198
|move|p1a: Pecharunt|Nasty Plot|p1a: Pecharunt
|-boost|p1a: Pecharunt|spa|2
|move|p2a: Conkeldurr|Defog|p1a: Pecharunt
|-unboost|p1a: Pecharunt|evasion|1
|-sideend|p2: drakeero|Stealth Rock|[from] move: Defog|[of] p2a: Conkeldurr
|
|-damage|p2a: Conkeldurr|82/100 brn|[from] brn
|upkeep
|turn|8
|
|t:|1776206207
|move|p1a: Pecharunt|Nasty Plot|p1a: Pecharunt
|-boost|p1a: Pecharunt|spa|2
|move|p2a: Conkeldurr|Knock Off|p1a: Pecharunt
|-supereffective|p1a: Pecharunt
|-damage|p1a: Pecharunt|28/100
|-enditem|p1a: Pecharunt|Black Sludge|[from] move: Knock Off|[of] p2a: Conkeldurr
|
|-damage|p2a: Conkeldurr|76/100 brn|[from] brn
|upkeep
|turn|9
|
|t:|1776206227
|move|p1a: Pecharunt|Malignant Chain|p2a: Conkeldurr
|-damage|p2a: Conkeldurr|4/100 brn
|move|p2a: Conkeldurr|Knock Off|p1a: Pecharunt
|-supereffective|p1a: Pecharunt
|-damage|p1a: Pecharunt|0 fnt
|faint|p1a: Pecharunt
|
|-damage|p2a: Conkeldurr|0 fnt|[from] brn
|faint|p2a: Conkeldurr
|-sideend|p2: drakeero|move: Aurora Veil
|upkeep
|inactive|drakeero has 120 seconds left.
|
|t:|1776206242
|switch|p1a: Dragonite|Dragonite, F|100/100
|switch|p2a: Slowking|Slowking-Galar, M|100/100
|turn|10
|
|t:|1776206249
|move|p1a: Dragonite|Dragon Dance|p1a: Dragonite
|-boost|p1a: Dragonite|atk|1
|-boost|p1a: Dragonite|spe|1
|move|p2a: Slowking|Future Sight|p1a: Dragonite
|-start|p2a: Slowking|move: Future Sight
|
|upkeep
|turn|11
|
|t:|1776206254
|switch|p2a: Dondozo|Dondozo, F|100/100
|move|p1a: Dragonite|Dragon Dance|p1a: Dragonite
|-boost|p1a: Dragonite|atk|1
|-boost|p1a: Dragonite|spe|1
|
|upkeep
|turn|12
|
|t:|1776206261
|move|p1a: Dragonite|Dragon Claw|p2a: Dondozo
|-damage|p2a: Dondozo|78/100
|move|p2a: Dondozo|Curse|p2a: Dondozo
|-unboost|p2a: Dondozo|spe|1
|-boost|p2a: Dondozo|atk|1
|-boost|p2a: Dondozo|def|1
|
|-end|p1a: Dragonite|move: Future Sight
|-damage|p1a: Dragonite|70/100
|-heal|p2a: Dondozo|84/100|[from] item: Leftovers
|upkeep
|turn|13
|l|‽drakeero
|inactive|drakeero disconnected and has a minute to reconnect!
|player|p2|
|j|‽drakeero
|inactive|drakeero reconnected and has 130 seconds left.
|player|p2|drakeero|1|
|n|‽drakeero|drakeero
|
|t:|1776206284
|switch|p1a: Darkrai|Darkrai|100/100
|move|p2a: Dondozo|Curse|p2a: Dondozo
|-unboost|p2a: Dondozo|spe|1
|-boost|p2a: Dondozo|atk|1
|-boost|p2a: Dondozo|def|1
|
|-heal|p2a: Dondozo|91/100|[from] item: Leftovers
|upkeep
|turn|14
|
|t:|1776206294
|move|p1a: Darkrai|Dark Pulse|p2a: Dondozo
|-damage|p2a: Dondozo|28/100
|-damage|p1a: Darkrai|91/100|[from] item: Life Orb
|move|p2a: Dondozo|Wave Crash|p1a: Darkrai
|-damage|p1a: Darkrai|0 fnt
|faint|p1a: Darkrai
|-damage|p2a: Dondozo|10/100|[from] Recoil
|
|-heal|p2a: Dondozo|16/100|[from] item: Leftovers
|upkeep
|
|t:|1776206301
|switch|p1a: Gholdengo|Gholdengo|100/100
|-item|p1a: Gholdengo|Air Balloon
|turn|15
|
|t:|1776206311
|switch|p2a: Darkrai|Darkrai|100/100
|move|p1a: Gholdengo|Shadow Ball|p2a: Darkrai
|-resisted|p2a: Darkrai
|-damage|p2a: Darkrai|69/100
|
|upkeep
|turn|16
|
|t:|1776206319
|switch|p1a: Dragonite|Dragonite, F|70/100
|move|p2a: Darkrai|Dark Pulse|p1a: Dragonite
|-damage|p1a: Dragonite|8/100
|-damage|p2a: Darkrai|59/100|[from] item: Life Orb
|
|upkeep
|turn|17
|
|t:|1776206331
|move|p1a: Dragonite|Extreme Speed|p2a: Darkrai
|-damage|p2a: Darkrai|19/100
|move|p2a: Darkrai|Dark Pulse|p1a: Dragonite
|-damage|p1a: Dragonite|0 fnt
|faint|p1a: Dragonite
|-damage|p2a: Darkrai|9/100|[from] item: Life Orb
|
|upkeep
|
|t:|1776206337
|switch|p1a: Ogerpon|Ogerpon-Wellspring, F|100/100
|turn|18
|
|t:|1776206345
|-terastallize|p1a: Ogerpon|Water
|detailschange|p1a: Ogerpon|Ogerpon-Wellspring-Tera, F, tera:Water
|-ability|p1a: Ogerpon|Embody Aspect (Wellspring)|boost
|-boost|p1a: Ogerpon|spd|1
|move|p2a: Darkrai|Will-O-Wisp|p1a: Ogerpon
|-status|p1a: Ogerpon|brn
|move|p1a: Ogerpon|Swords Dance|p1a: Ogerpon
|-boost|p1a: Ogerpon|atk|2
|
|-damage|p1a: Ogerpon|95/100 brn|[from] brn
|upkeep
|turn|19
|
|t:|1776206357
|move|p2a: Darkrai|Dark Pulse|p1a: Ogerpon
|-damage|p1a: Ogerpon|50/100 brn
|-damage|p2a: Darkrai|0 fnt|[from] item: Life Orb
|faint|p2a: Darkrai
|move|p1a: Ogerpon|Swords Dance|p1a: Ogerpon
|-boost|p1a: Ogerpon|atk|2
|
|-damage|p1a: Ogerpon|44/100 brn|[from] brn
|upkeep
|
|t:|1776206368
|switch|p2a: Dondozo|Dondozo, F|16/100
|turn|20
|
|t:|1776206371
|move|p2a: Dondozo|Protect|p2a: Dondozo
|-singleturn|p2a: Dondozo|Protect
|move|p1a: Ogerpon|Horn Leech|p2a: Dondozo
|-activate|p2a: Dondozo|move: Protect
|
|-heal|p2a: Dondozo|23/100|[from] item: Leftovers
|-damage|p1a: Ogerpon|38/100 brn|[from] brn
|upkeep
|turn|21
|
|t:|1776206381
|-terastallize|p2a: Dondozo|Grass
|move|p1a: Ogerpon|Horn Leech|p2a: Dondozo
|-resisted|p2a: Dondozo
|-damage|p2a: Dondozo|17/100
|-heal|p1a: Ogerpon|43/100 brn|[from] drain|[of] p2a: Dondozo
|move|p2a: Dondozo|Double-Edge|p1a: Ogerpon
|-damage|p1a: Ogerpon|0 fnt
|faint|p1a: Ogerpon
|detailschange|p1: Ogerpon|Ogerpon-Wellspring, F|[silent]
|-damage|p2a: Dondozo|8/100|[from] Recoil
|
|-heal|p2a: Dondozo|15/100|[from] item: Leftovers
|upkeep
|
|t:|1776206390
|switch|p1a: Gholdengo|Gholdengo|100/100
|-item|p1a: Gholdengo|Air Balloon
|turn|22
|
|t:|1776206401
|move|p1a: Gholdengo|Shadow Ball|p2a: Dondozo
|-damage|p2a: Dondozo|0 fnt
|faint|p2a: Dondozo
|
|upkeep
|
|t:|1776206411
|switch|p2a: Jirachi|Jirachi|39/100
|turn|23
|
|t:|1776206415
|move|p2a: Jirachi|Healing Wish|p2a: Jirachi
|faint|p2a: Jirachi
|move|p1a: Gholdengo|Shadow Ball|p2: Jirachi|[notarget]
|-fail|p1a: Gholdengo
|
|upkeep
|
|t:|1776206419
|switch|p2a: Ninetales|Ninetales-Alola, F|21/100
|-heal|p2a: Ninetales|100/100|[from] move: Healing Wish
|-weather|Snowscape|[from] ability: Snow Warning|[of] p2a: Ninetales
|turn|24
|
|t:|1776206425
|move|p2a: Ninetales|Aurora Veil|p2a: Ninetales
|-sidestart|p2: drakeero|move: Aurora Veil
|move|p1a: Gholdengo|Nasty Plot|p1a: Gholdengo
|-boost|p1a: Gholdengo|spa|2
|
|-weather|Snowscape|[upkeep]
|upkeep
|turn|25
|
|t:|1776206435
|move|p2a: Ninetales|Moonblast|p1a: Gholdengo
|-resisted|p1a: Gholdengo
|-damage|p1a: Gholdengo|85/100
|-enditem|p1a: Gholdengo|Air Balloon
|move|p1a: Gholdengo|Make It Rain|p2a: Ninetales
|-supereffective|p2a: Ninetales
|-damage|p2a: Ninetales|0 fnt
|-unboost|p1a: Gholdengo|spa|1
|faint|p2a: Ninetales
|
|-weather|Snowscape|[upkeep]
|upkeep
|
|t:|1776206447
|switch|p2a: Slowking|Slowking-Galar, M|100/100
|turn|26
|
|t:|1776206454
|move|p1a: Gholdengo|Nasty Plot|p1a: Gholdengo
|-boost|p1a: Gholdengo|spa|2
|move|p2a: Slowking|Future Sight|p1a: Gholdengo
|-start|p2a: Slowking|move: Future Sight
|
|-weather|Snowscape|[upkeep]
|upkeep
|turn|27
|
|t:|1776206461
|move|p1a: Gholdengo|Shadow Ball|p2a: Slowking
|-supereffective|p2a: Slowking
|-damage|p2a: Slowking|15/100
|-unboost|p2a: Slowking|spd|1
|-prepare|p2a: Slowking|Chilly Reception|[premajor]
|move|p2a: Slowking|Chilly Reception||[still]
|-fail|p2a: Slowking
|
|-weather|Snowscape|[upkeep]
|-heal|p2a: Slowking|21/100|[from] item: Leftovers
|upkeep
|turn|28
|
|t:|1776206471
|move|p1a: Gholdengo|Shadow Ball|p2a: Slowking
|-supereffective|p2a: Slowking
|-damage|p2a: Slowking|0 fnt
|faint|p2a: Slowking
|
|win|grimI0I
|raw|grimI0I's rating: 1322 &rarr; <strong>1341</strong><br />(+19 for winning)
|raw|drakeero's rating: 1310 &rarr; <strong>1291</strong><br />(-19 for losing)
