|html|<div class="broadcast-blue"><strong>[Gen 9] OU is currently suspecting Tera Blast! For information on how to participate check out the <a href="https://www.smogon.com/tools/suspects/view/200">suspect thread</a>.</strong></div>
|j|☆songgea
|j|☆Silvist
|t:|1776035029
|gametype|singles
|player|p1|songgea|aromalady|1783
|player|p2|Silvist|hilbert|1793
|gen|9
|tier|[Gen 9] OU
|rated|
|rule|HP Percentage Mod: HP is shown in percentages
|rule|Endless Battle Clause: Forcing endless battles is banned
|rule|Species Clause: Limit one of each Pokémon
|rule|OHKO Clause: OHKO moves are banned
|rule|Evasion Items Clause: Evasion items are banned
|rule|Evasion Moves Clause: Evasion moves are banned
|rule|Evasion Abilities Clause: Evasion abilities are banned
|rule|Sleep Moves Clause: Sleep-inducing moves are banned
|clearpoke
|poke|p1|Glimmora, F|
|poke|p1|Ting-Lu|
|poke|p1|Zamazenta-*|
|poke|p1|Goodra-Hisui, F|
|poke|p1|Ogerpon-Wellspring, F|
|poke|p1|Enamorus, F|
|poke|p2|Araquanid, M|
|poke|p2|Dragonite, M|
|poke|p2|Kyurem|
|poke|p2|Raging Bolt|
|poke|p2|Gholdengo|
|poke|p2|Kingambit, F|
|teampreview
|
|t:|1776035047
|teamsize|p1|6
|teamsize|p2|6
|start
|switch|p1a: Glimmora|Glimmora, F|100/100
|switch|p2a: Kyurem|Kyurem|100/100
|-ability|p2a: Kyurem|Pressure
|turn|1
|j| dsgss
|
|t:|1776035066
|switch|p1a: Goodra|Goodra-Hisui, F|100/100
|move|p2a: Kyurem|Earth Power|p1a: Goodra
|-supereffective|p1a: Goodra
|-damage|p1a: Goodra|60/100
|
|upkeep
|turn|2
|
|t:|1776035077
|switch|p2a: Araquanid|Araquanid, M|100/100
|move|p1a: Goodra|Dragon Tail|p2a: Araquanid
|-damage|p2a: Araquanid|72/100
|drag|p2a: Kyurem|Kyurem|100/100
|-ability|p2a: Kyurem|Pressure
|
|upkeep
|turn|3
|
|t:|1776035086
|move|p2a: Kyurem|Earth Power|p1a: Goodra
|-supereffective|p1a: Goodra
|-damage|p1a: Goodra|16/100
|move|p1a: Goodra|Dragon Tail|p2a: Kyurem
|-supereffective|p2a: Kyurem
|-damage|p2a: Kyurem|47/100
|drag|p2a: Raging Bolt|Raging Bolt|100/100
|-enditem|p2a: Raging Bolt|Booster Energy
|-activate|p2a: Raging Bolt|ability: Protosynthesis|[fromitem]
|-start|p2a: Raging Bolt|protosynthesisspa
|
|upkeep
|turn|4
|
|t:|1776035098
|switch|p1a: Ting-Lu|Ting-Lu|100/100
|-ability|p1a: Ting-Lu|Vessel of Ruin
|move|p2a: Raging Bolt|Dragon Pulse|p1a: Ting-Lu
|-damage|p1a: Ting-Lu|73/100
|
|upkeep
|turn|5
|
|t:|1776035106
|-end|p2a: Raging Bolt|Protosynthesis|[silent]
|switch|p2a: Araquanid|Araquanid, M|72/100
|move|p1a: Ting-Lu|Stealth Rock|p2a: Araquanid
|-sidestart|p2: Silvist|move: Stealth Rock
|
|upkeep
|turn|6
|
|t:|1776035113
|switch|p1a: Glimmora|Glimmora, F|100/100
|move|p2a: Araquanid|Sticky Web|p1a: Glimmora
|-sidestart|p1: songgea|move: Sticky Web
|
|upkeep
|turn|7
|
|t:|1776035119
|move|p1a: Glimmora|Meteor Beam||[still]
|-prepare|p1a: Glimmora|Meteor Beam
|-boost|p1a: Glimmora|spa|1
|-enditem|p1a: Glimmora|Power Herb
|-anim|p1a: Glimmora|Meteor Beam|p2a: Araquanid
|-supereffective|p2a: Araquanid
|-damage|p2a: Araquanid|0 fnt
|faint|p2a: Araquanid
|
|upkeep
|
|t:|1776035142
|switch|p2a: Gholdengo|Gholdengo|100/100
|-damage|p2a: Gholdengo|94/100|[from] Stealth Rock
|-item|p2a: Gholdengo|Air Balloon
|turn|8
|
|t:|1776035158
|switch|p1a: Ting-Lu|Ting-Lu|73/100
|-activate|p1a: Ting-Lu|move: Sticky Web
|-unboost|p1a: Ting-Lu|spe|1
|-ability|p1a: Ting-Lu|Vessel of Ruin
|move|p2a: Gholdengo|Make It Rain|p1a: Ting-Lu
|-damage|p1a: Ting-Lu|43/100
|-unboost|p2a: Gholdengo|spa|1
|
|upkeep
|turn|9
|
|t:|1776035192
|switch|p2a: Kyurem|Kyurem|47/100
|-damage|p2a: Kyurem|22/100|[from] Stealth Rock
|-ability|p2a: Kyurem|Pressure
|move|p1a: Ting-Lu|Ruination|p2a: Kyurem
|-damage|p2a: Kyurem|11/100
|
|upkeep
|turn|10
|
|t:|1776035208
|move|p2a: Kyurem|Ice Beam|p1a: Ting-Lu
|-supereffective|p1a: Ting-Lu
|-damage|p1a: Ting-Lu|0 fnt
|faint|p1a: Ting-Lu
|
|upkeep
|
|t:|1776035215
|switch|p1a: Enamorus|Enamorus, F|100/100
|turn|11
|
|t:|1776035219
|-terastallize|p1a: Enamorus|Stellar
|move|p1a: Enamorus|Tera Blast|p2a: Kyurem|[anim] Tera Blast Stellar
|-damage|p2a: Kyurem|0 fnt
|-boost|p1a: Enamorus|atk|1
|-boost|p1a: Enamorus|spa|1
|faint|p2a: Kyurem
|
|upkeep
|inactive|Battle timer is ON: inactive players will automatically lose when time's up. (requested by songgea)
|
|t:|1776035289
|switch|p2a: Raging Bolt|Raging Bolt|100/100
|-damage|p2a: Raging Bolt|88/100|[from] Stealth Rock
|turn|12
|
|t:|1776035299
|switch|p1a: Glimmora|Glimmora, F|100/100
|-activate|p1a: Glimmora|move: Sticky Web
|-unboost|p1a: Glimmora|spe|1
|move|p2a: Raging Bolt|Thunderbolt|p1a: Glimmora
|-damage|p1a: Glimmora|35/100
|-status|p1a: Glimmora|par
|
|upkeep
|turn|13
|
|t:|1776035321
|move|p2a: Raging Bolt|Thunderbolt|p1a: Glimmora
|-damage|p1a: Glimmora|0 fnt
|faint|p1a: Glimmora
|
|upkeep
|
|t:|1776035327
|switch|p1a: Enamorus|Enamorus, F, tera:Stellar|100/100
|turn|14
|
|t:|1776035332
|move|p2a: Raging Bolt|Thunderclap||[still]
|-fail|p2a: Raging Bolt
|move|p1a: Enamorus|Healing Wish|p1a: Enamorus
|faint|p1a: Enamorus
|
|upkeep
|
|t:|1776035338
|switch|p1a: Goodra|Goodra-Hisui, F|16/100
|-heal|p1a: Goodra|100/100|[from] move: Healing Wish
|-activate|p1a: Goodra|move: Sticky Web
|-unboost|p1a: Goodra|spe|1
|turn|15
|
|t:|1776035355
|-end|p2a: Raging Bolt|Protosynthesis|[silent]
|switch|p2a: Gholdengo|Gholdengo|94/100
|-damage|p2a: Gholdengo|88/100|[from] Stealth Rock
|-item|p2a: Gholdengo|Air Balloon
|move|p1a: Goodra|Dragon Tail|p2a: Gholdengo
|-resisted|p2a: Gholdengo
|-damage|p2a: Gholdengo|73/100
|-enditem|p2a: Gholdengo|Air Balloon
|drag|p2a: Dragonite|Dragonite, M|100/100
|-damage|p2a: Dragonite|75/100|[from] Stealth Rock
|
|upkeep
|turn|16
|
|t:|1776035370
|move|p2a: Dragonite|Scale Shot|p1a: Goodra
|-damage|p1a: Goodra|88/100
|-damage|p1a: Goodra|74/100
|-damage|p1a: Goodra|60/100
|-damage|p1a: Goodra|47/100
|-hitcount|p1a: Goodra|4
|-unboost|p2a: Dragonite|def|1
|-boost|p2a: Dragonite|spe|1
|move|p1a: Goodra|Dragon Tail|p2a: Dragonite
|-supereffective|p2a: Dragonite
|-damage|p2a: Dragonite|0 fnt
|faint|p2a: Dragonite
|
|upkeep
|inactive|Silvist has 120 seconds left.
|
|t:|1776035417
|switch|p2a: Kingambit|Kingambit, F|100/100
|-damage|p2a: Kingambit|94/100|[from] Stealth Rock
|-activate|p2a: Kingambit|ability: Supreme Overlord
|-start|p2a: Kingambit|fallen3|[silent]
|turn|17
|
|t:|1776035423
|switch|p1a: Zamazenta|Zamazenta|100/100
|-activate|p1a: Zamazenta|move: Sticky Web
|-unboost|p1a: Zamazenta|spe|1
|-ability|p1a: Zamazenta|Dauntless Shield|boost
|-boost|p1a: Zamazenta|def|1
|move|p2a: Kingambit|Iron Head|p1a: Zamazenta
|-damage|p1a: Zamazenta|73/100
|
|-heal|p1a: Zamazenta|79/100|[from] item: Leftovers
|upkeep
|turn|18
|
|t:|1776035436
|move|p1a: Zamazenta|Body Press|p2a: Kingambit
|-supereffective|p2a: Kingambit
|-damage|p2a: Kingambit|0 fnt
|faint|p2a: Kingambit
|-end|p2a: Kingambit|fallen3|[silent]
|
|-heal|p1a: Zamazenta|85/100|[from] item: Leftovers
|upkeep
|
|t:|1776035445
|switch|p2a: Raging Bolt|Raging Bolt|88/100
|-damage|p2a: Raging Bolt|76/100|[from] Stealth Rock
|turn|19
|
|t:|1776035452
|move|p1a: Zamazenta|Body Press|p2a: Raging Bolt
|-damage|p2a: Raging Bolt|26/100
|move|p2a: Raging Bolt|Thunderbolt|p1a: Zamazenta
|-damage|p1a: Zamazenta|37/100
|
|-heal|p1a: Zamazenta|43/100|[from] item: Leftovers
|upkeep
|turn|20
|
|t:|1776035461
|-terastallize|p2a: Raging Bolt|Fairy
|move|p1a: Zamazenta|Body Press|p2a: Raging Bolt
|-resisted|p2a: Raging Bolt
|-damage|p2a: Raging Bolt|0 fnt
|faint|p2a: Raging Bolt
|-end|p2a: Raging Bolt|Protosynthesis|[silent]
|
|-heal|p1a: Zamazenta|49/100|[from] item: Leftovers
|upkeep
|
|t:|1776035469
|switch|p2a: Gholdengo|Gholdengo|73/100
|-damage|p2a: Gholdengo|67/100|[from] Stealth Rock
|turn|21
|
|t:|1776035475
|move|p2a: Gholdengo|Make It Rain|p1a: Zamazenta
|-damage|p1a: Zamazenta|0 fnt
|-unboost|p2a: Gholdengo|spa|1
|faint|p1a: Zamazenta
|
|upkeep
|
|t:|1776035486
|switch|p1a: Goodra|Goodra-Hisui, F|47/100
|-activate|p1a: Goodra|move: Sticky Web
|-unboost|p1a: Goodra|spe|1
|turn|22
|
|t:|1776035491
|move|p2a: Gholdengo|Nasty Plot|p2a: Gholdengo
|-boost|p2a: Gholdengo|spa|2
|move|p1a: Goodra|Earthquake|p2a: Gholdengo
|-supereffective|p2a: Gholdengo
|-damage|p2a: Gholdengo|0 fnt
|faint|p2a: Gholdengo
|
|win|songgea
|raw|songgea's rating: 1783 &rarr; <strong>1804</strong><br />(+21 for winning)
|raw|Silvist's rating: 1793 &rarr; <strong>1772</strong><br />(-21 for losing)
|l|☆Silvist
|player|p2|
|l| dsgss
|l|☆songgea
|player|p1|
