|html|<div class="broadcast-blue"><strong>[Gen 9] OU is currently suspecting Tera Blast! For information on how to participate check out the <a href="https://www.smogon.com/tools/suspects/view/200">suspect thread</a>.</strong></div>
|j|☆magistermilitum420
|j|☆icetray28
|t:|1776190470
|gametype|singles
|player|p1|magistermilitum420|blue|1321
|player|p2|icetray28|265|1287
|gen|9
|tier|[Gen 9] OU
|rated|
|rule|HP Percentage Mod: HP is shown in percentages
|rule|Endless Battle Clause: Forcing endless battles is banned
|rule|Species Clause: Limit one of each Pokémon
|rule|OHKO Clause: OHKO moves are banned
|rule|Evasion Items Clause: Evasion items are banned
|rule|Evasion Moves Clause: Evasion moves are banned
|rule|Evasion Abilities Clause: Evasion abilities are banned
|rule|Sleep Moves Clause: Sleep-inducing moves are banned
|clearpoke
|poke|p1|Meowscarada, M|
|poke|p1|Great Tusk|
|poke|p1|Alomomola, M|
|poke|p1|Slowking-Galar, F|
|poke|p1|Iron Valiant|
|poke|p1|Heatran, F|
|poke|p2|Primarina, F|
|poke|p2|Garchomp, M|
|poke|p2|Iron Valiant|
|poke|p2|Iron Hands|
|poke|p2|Great Tusk|
|poke|p2|Toxapex, F|
|teampreview
|inactive|Battle timer is ON: inactive players will automatically lose when time's up. (requested by icetray28)
|inactive|magistermilitum420 has 120 seconds left.
|
|t:|1776190501
|teamsize|p1|6
|teamsize|p2|6
|start
|switch|p1a: Mahad|Meowscarada, M, shiny|100/100
|switch|p2a: Iron Hands|Iron Hands|100/100
|turn|1
|
|t:|1776190508
|move|p1a: Mahad|U-turn|p2a: Iron Hands
|-start|p1a: Mahad|typechange|Bug|[from] ability: Protean
|-resisted|p2a: Iron Hands
|-damage|p2a: Iron Hands|90/100
|
|t:|1776190513
|switch|p1a: Barca|Great Tusk|100/100|[from] U-turn
|move|p2a: Iron Hands|Drain Punch|p1a: Barca
|-damage|p1a: Barca|78/100
|-heal|p2a: Iron Hands|99/100|[from] drain|[of] p1a: Barca
|
|-heal|p1a: Barca|84/100|[from] item: Leftovers
|upkeep
|turn|2
|
|t:|1776190535
|move|p1a: Barca|Knock Off|p2a: Iron Hands
|-resisted|p2a: Iron Hands
|-damage|p2a: Iron Hands|90/100
|-enditem|p2a: Iron Hands|Assault Vest|[from] move: Knock Off|[of] p1a: Barca
|move|p2a: Iron Hands|Ice Punch|p1a: Barca
|-supereffective|p1a: Barca
|-damage|p1a: Barca|55/100
|
|-heal|p1a: Barca|61/100|[from] item: Leftovers
|upkeep
|turn|3
|
|t:|1776190549
|-end|p1a: Barca|Protosynthesis|[silent]
|switch|p1a: Charybdis|Alomomola, M, shiny|100/100
|move|p2a: Iron Hands|Ice Punch|p1a: Charybdis
|-resisted|p1a: Charybdis
|-damage|p1a: Charybdis|93/100
|-damage|p2a: Iron Hands|74/100|[from] item: Rocky Helmet|[of] p1a: Charybdis
|
|upkeep
|turn|4
|
|t:|1776190561
|move|p2a: Iron Hands|Supercell Slam|p1a: Charybdis
|-supereffective|p1a: Charybdis
|-damage|p1a: Charybdis|25/100
|-damage|p2a: Iron Hands|57/100|[from] item: Rocky Helmet|[of] p1a: Charybdis
|move|p1a: Charybdis|Scald|p2a: Iron Hands
|-damage|p2a: Iron Hands|45/100
|
|upkeep
|turn|5
|
|t:|1776190582
|-end|p2a: Iron Hands|Quark Drive|[silent]
|switch|p2a: Great Tusk|Great Tusk|100/100
|move|p1a: Charybdis|Protect||[still]
|-fail|p1a: Charybdis
|
|upkeep
|turn|6
|
|t:|1776190599
|move|p2a: Great Tusk|Stealth Rock|p1a: Charybdis
|-sidestart|p1: magistermilitum420|move: Stealth Rock
|move|p1a: Charybdis|Wish|p1a: Charybdis
|
|upkeep
|turn|7
|
|t:|1776190622
|-end|p2a: Great Tusk|Protosynthesis|[silent]
|switch|p2a: Iron Hands|Iron Hands|45/100
|switch|p1a: Barca|Great Tusk|61/100
|-damage|p1a: Barca|58/100|[from] Stealth Rock
|
|-heal|p1a: Barca|100/100|[from] move: Wish|[wisher] Charybdis
|upkeep
|turn|8
|
|t:|1776190647
|move|p2a: Iron Hands|Fake Out|p1a: Barca
|-damage|p1a: Barca|93/100
|cant|p1a: Barca|flinch
|
|-heal|p1a: Barca|99/100|[from] item: Leftovers
|upkeep
|turn|9
|
|t:|1776190656
|-end|p2a: Iron Hands|Quark Drive|[silent]
|switch|p2a: Great Tusk|Great Tusk|100/100
|move|p1a: Barca|Rapid Spin|p2a: Great Tusk
|-damage|p2a: Great Tusk|91/100
|-boost|p1a: Barca|spe|1
|-damage|p1a: Barca|83/100|[from] item: Rocky Helmet|[of] p2a: Great Tusk
|-sideend|p1: magistermilitum420|Stealth Rock|[from] move: Rapid Spin|[of] p1a: Barca
|
|-heal|p1a: Barca|89/100|[from] item: Leftovers
|upkeep
|turn|10
|
|t:|1776190668
|move|p1a: Barca|Earthquake|p2a: Great Tusk
|-damage|p2a: Great Tusk|60/100
|move|p2a: Great Tusk|Earthquake|p1a: Barca
|-crit|p1a: Barca
|-damage|p1a: Barca|58/100
|
|-heal|p1a: Barca|64/100|[from] item: Leftovers
|upkeep
|turn|11
|
|t:|1776190675
|move|p1a: Barca|Earthquake|p2a: Great Tusk
|-damage|p2a: Great Tusk|31/100
|move|p2a: Great Tusk|Stealth Rock|p1a: Barca
|-sidestart|p1: magistermilitum420|move: Stealth Rock
|
|-heal|p1a: Barca|70/100|[from] item: Leftovers
|upkeep
|turn|12
|
|t:|1776190688
|-end|p2a: Great Tusk|Protosynthesis|[silent]
|switch|p2a: Iron Hands|Iron Hands|45/100
|move|p1a: Barca|Earthquake|p2a: Iron Hands
|-supereffective|p2a: Iron Hands
|-damage|p2a: Iron Hands|0 fnt
|faint|p2a: Iron Hands
|-end|p2a: Iron Hands|Quark Drive|[silent]
|
|-heal|p1a: Barca|77/100|[from] item: Leftovers
|upkeep
|
|t:|1776190691
|switch|p2a: Iron Valiant|Iron Valiant|100/100
|-enditem|p2a: Iron Valiant|Booster Energy
|-activate|p2a: Iron Valiant|ability: Quark Drive|[fromitem]
|-start|p2a: Iron Valiant|quarkdrivespe
|turn|13
|
|t:|1776190708
|-terastallize|p1a: Barca|Steel
|move|p2a: Iron Valiant|Moonblast|p1a: Barca
|-resisted|p1a: Barca
|-damage|p1a: Barca|45/100
|-unboost|p1a: Barca|spa|1
|move|p1a: Barca|Stealth Rock|p2a: Iron Valiant
|-sidestart|p2: icetray28|move: Stealth Rock
|
|-heal|p1a: Barca|51/100|[from] item: Leftovers
|upkeep
|turn|14
|
|t:|1776190729
|-end|p1a: Barca|Protosynthesis|[silent]
|switch|p1a: Charybdis|Alomomola, M, shiny|59/100
|-damage|p1a: Charybdis|46/100|[from] Stealth Rock
|move|p2a: Iron Valiant|Shadow Ball|p1a: Charybdis
|-damage|p1a: Charybdis|12/100
|
|upkeep
|turn|15
|
|t:|1776190741
|switch|p1a: Mithridates|Slowking-Galar, F|100/100
|-damage|p1a: Mithridates|88/100|[from] Stealth Rock
|move|p2a: Iron Valiant|Moonblast|p1a: Mithridates
|-resisted|p1a: Mithridates
|-damage|p1a: Mithridates|77/100
|-unboost|p1a: Mithridates|spa|1
|
|upkeep
|turn|16
|
|t:|1776190762
|move|p2a: Iron Valiant|Shadow Ball|p1a: Mithridates
|-supereffective|p1a: Mithridates
|-damage|p1a: Mithridates|53/100
|-unboost|p1a: Mithridates|spd|1
|move|p1a: Mithridates|Future Sight|p2a: Iron Valiant
|-start|p1a: Mithridates|move: Future Sight
|
|upkeep
|turn|17
|inactive|icetray28 has 120 seconds left.
|
|t:|1776190803
|move|p2a: Iron Valiant|Psyshock|p1a: Mithridates
|-damage|p1a: Mithridates|26/100
|move|p1a: Mithridates|Sludge Bomb|p2a: Iron Valiant
|-supereffective|p2a: Iron Valiant
|-damage|p2a: Iron Valiant|0 fnt
|faint|p2a: Iron Valiant
|-end|p2a: Iron Valiant|Quark Drive|[silent]
|
|upkeep
|
|t:|1776190819
|switch|p2a: Great Tusk|Great Tusk|31/100
|-damage|p2a: Great Tusk|28/100|[from] Stealth Rock
|turn|18
|
|t:|1776190831
|switch|p1a: Charybdis|Alomomola, M, shiny|46/100
|-damage|p1a: Charybdis|33/100|[from] Stealth Rock
|move|p2a: Great Tusk|Rapid Spin|p1a: Charybdis
|-damage|p1a: Charybdis|25/100
|-boost|p2a: Great Tusk|spe|1
|-damage|p2a: Great Tusk|11/100|[from] item: Rocky Helmet|[of] p1a: Charybdis
|-sideend|p2: icetray28|Stealth Rock|[from] move: Rapid Spin|[of] p2a: Great Tusk
|
|-end|p2a: Great Tusk|move: Future Sight
|-supereffective|p2a: Great Tusk
|-damage|p2a: Great Tusk|0 fnt
|faint|p2a: Great Tusk
|-end|p2a: Great Tusk|Protosynthesis|[silent]
|upkeep
|inactive|icetray28 has 90 seconds left.
|
|t:|1776190868
|switch|p2a: Garchomp|Garchomp, M|100/100
|turn|19
|
|t:|1776190877
|move|p1a: Charybdis|Protect|p1a: Charybdis
|-singleturn|p1a: Charybdis|Protect
|move|p2a: Garchomp|Scale Shot|p1a: Charybdis
|-activate|p1a: Charybdis|move: Protect
|
|upkeep
|turn|20
|
|t:|1776190895
|switch|p1a: Pallas|Iron Valiant, shiny|100/100
|-damage|p1a: Pallas|94/100|[from] Stealth Rock
|-enditem|p1a: Pallas|Booster Energy
|-activate|p1a: Pallas|ability: Quark Drive|[fromitem]
|-start|p1a: Pallas|quarkdrivespe
|move|p2a: Garchomp|Swords Dance|p2a: Garchomp
|-boost|p2a: Garchomp|atk|2
|
|upkeep
|turn|21
|
|t:|1776190905
|move|p1a: Pallas|Encore|p2a: Garchomp
|-start|p2a: Garchomp|Encore
|move|p2a: Garchomp|Swords Dance|p2a: Garchomp
|-boost|p2a: Garchomp|atk|2
|
|upkeep
|turn|22
|
|t:|1776190918
|switch|p2a: Toxapex|Toxapex, F|100/100
|move|p1a: Pallas|Knock Off|p2a: Toxapex
|-damage|p2a: Toxapex|83/100
|-enditem|p2a: Toxapex|Black Sludge|[from] move: Knock Off|[of] p1a: Pallas
|
|upkeep
|turn|23
|inactive|icetray28 has 120 seconds left.
|
|t:|1776190938
|-end|p1a: Pallas|Quark Drive|[silent]
|switch|p1a: Vulcanus|Heatran, F, shiny|100/100
|-damage|p1a: Vulcanus|88/100|[from] Stealth Rock
|move|p2a: Toxapex|Chilling Water|p1a: Vulcanus
|-supereffective|p1a: Vulcanus
|-damage|p1a: Vulcanus|66/100
|-unboost|p1a: Vulcanus|atk|1
|
|upkeep
|turn|24
|inactive|icetray28 has 120 seconds left.
|
|t:|1776190949
|move|p1a: Vulcanus|Flash Cannon|p2a: Toxapex
|-resisted|p2a: Toxapex
|-damage|p2a: Toxapex|57/100
|move|p2a: Toxapex|Chilling Water|p1a: Vulcanus
|-supereffective|p1a: Vulcanus
|-damage|p1a: Vulcanus|44/100
|-unboost|p1a: Vulcanus|atk|1
|
|upkeep
|turn|25
|inactive|icetray28 has 120 seconds left.
|
|t:|1776190962
|switch|p1a: Mahad|Meowscarada, M, shiny|100/100
|-damage|p1a: Mahad|88/100|[from] Stealth Rock
|move|p2a: Toxapex|Recover|p2a: Toxapex
|-heal|p2a: Toxapex|100/100
|
|upkeep
|turn|26
|inactive|icetray28 has 120 seconds left.
|
|t:|1776190990
|move|p1a: Mahad|U-turn|p2a: Toxapex
|-start|p1a: Mahad|typechange|Bug|[from] ability: Protean
|-resisted|p2a: Toxapex
|-damage|p2a: Toxapex|91/100
|
|t:|1776190997
|switch|p1a: Mithridates|Slowking-Galar, F|59/100|[from] U-turn
|-damage|p1a: Mithridates|47/100|[from] Stealth Rock
|move|p2a: Toxapex|Toxic|p1a: Mithridates
|-immune|p1a: Mithridates
|
|upkeep
|turn|27
|
|t:|1776191005
|switch|p2a: Primarina|Primarina, F|100/100
|move|p1a: Mithridates|Future Sight|p2a: Primarina
|-start|p1a: Mithridates|move: Future Sight
|
|upkeep
|turn|28
|inactive|icetray28 has 120 seconds left.
|
|t:|1776191032
|move|p2a: Primarina|Hyper Voice|p1a: Mithridates
|-damage|p1a: Mithridates|22/100
|move|p1a: Mithridates|Sludge Bomb|p2a: Primarina
|-supereffective|p2a: Primarina
|-damage|p2a: Primarina|53/100
|
|upkeep
|turn|29
|inactive|icetray28 has 120 seconds left.
|inactive|magistermilitum420 has 120 seconds left.
|
|t:|1776191050
|switch|p2a: Garchomp|Garchomp, M|100/100
|move|p1a: Mithridates|Sludge Bomb|p2a: Garchomp
|-resisted|p2a: Garchomp
|-damage|p2a: Garchomp|77/100
|
|-end|p2a: Garchomp|move: Future Sight
|-damage|p2a: Garchomp|20/100
|upkeep
|turn|30
|inactive|magistermilitum420 has 120 seconds left.
|
|t:|1776191066
|switch|p1a: Charybdis|Alomomola, M, shiny|59/100
|-damage|p1a: Charybdis|46/100|[from] Stealth Rock
|move|p2a: Garchomp|Earthquake|p1a: Charybdis
|-damage|p1a: Charybdis|20/100
|
|upkeep
|turn|31
|inactive|magistermilitum420 has 120 seconds left.
|inactive|icetray28 has 120 seconds left.
|
|t:|1776191087
|move|p2a: Garchomp|Swords Dance|p2a: Garchomp
|-boost|p2a: Garchomp|atk|2
|move|p1a: Charybdis|Scald|p2a: Garchomp
|-damage|p2a: Garchomp|4/100
|
|upkeep
|turn|32
|
|t:|1776191098
|switch|p1a: Pallas|Iron Valiant, shiny|94/100
|-damage|p1a: Pallas|88/100|[from] Stealth Rock
|move|p2a: Garchomp|Scale Shot|p1a: Pallas
|-immune|p1a: Pallas
|
|upkeep
|turn|33
|
|t:|1776191117
|move|p1a: Pallas|Knock Off|p2a: Garchomp
|-damage|p2a: Garchomp|0 fnt
|-damage|p1a: Pallas|76/100|[from] ability: Rough Skin|[of] p2a: Garchomp
|-enditem|p2a: Garchomp|Roseli Berry|[from] move: Knock Off|[of] p1a: Pallas
|faint|p2a: Garchomp
|
|upkeep
|
|t:|1776191127
|switch|p2a: Toxapex|Toxapex, F|100/100
|turn|34
|
|t:|1776191138
|-end|p1a: Pallas|Quark Drive|[silent]
|switch|p1a: Mithridates|Slowking-Galar, F|56/100
|-damage|p1a: Mithridates|43/100|[from] Stealth Rock
|switch|p2a: Primarina|Primarina, F|53/100
|
|upkeep
|turn|35
|
|t:|1776191151
|-terastallize|p2a: Primarina|Poison
|move|p2a: Primarina|Hyper Voice|p1a: Mithridates
|-damage|p1a: Mithridates|17/100
|move|p1a: Mithridates|Sludge Bomb|p2a: Primarina
|-resisted|p2a: Primarina
|-damage|p2a: Primarina|41/100
|
|upkeep
|turn|36
|
|t:|1776191162
|switch|p1a: Vulcanus|Heatran, F, shiny|44/100
|-damage|p1a: Vulcanus|31/100|[from] Stealth Rock
|move|p2a: Primarina|Moonblast|p1a: Vulcanus
|-resisted|p1a: Vulcanus
|-damage|p1a: Vulcanus|18/100
|
|upkeep
|turn|37
|
|t:|1776191173
|move|p1a: Vulcanus|Earth Power|p2a: Primarina
|-supereffective|p2a: Primarina
|-damage|p2a: Primarina|0 fnt
|faint|p2a: Primarina
|
|upkeep
|
|t:|1776191178
|switch|p2a: Toxapex|Toxapex, F|100/100
|turn|38
|
|t:|1776191181
|move|p1a: Vulcanus|Earth Power|p2a: Toxapex
|-supereffective|p2a: Toxapex
|-damage|p2a: Toxapex|22/100
|move|p2a: Toxapex|Chilling Water|p1a: Vulcanus
|-supereffective|p1a: Vulcanus
|-damage|p1a: Vulcanus|0 fnt
|faint|p1a: Vulcanus
|
|upkeep
|
|t:|1776191188
|switch|p1a: Barca|Great Tusk, tera:Steel|51/100
|-damage|p1a: Barca|45/100|[from] Stealth Rock
|turn|39
|
|t:|1776191193
|move|p1a: Barca|Earthquake|p2a: Toxapex
|-supereffective|p2a: Toxapex
|-damage|p2a: Toxapex|0 fnt
|faint|p2a: Toxapex
|
|win|magistermilitum420
|raw|magistermilitum420's rating: 1321 &rarr; <strong>1338</strong><br />(+17 for winning)
|raw|icetray28's rating: 1265 &rarr; <strong>1244</strong><br />(-21 for losing)
|l|☆icetray28
|player|p2|
