|html|<div class="broadcast-blue"><strong>[Gen 9] OU is currently suspecting Tera Blast! For information on how to participate check out the <a href="https://www.smogon.com/tools/suspects/view/200">suspect thread</a>.</strong></div>
|j|☆pkmn_goopert
|j|☆nytorget
|t:|1776054681
|gametype|singles
|player|p1|pkmn_goopert|2|1550
|player|p2|nytorget|gentleman-gen1rb|1640
|gen|9
|tier|[Gen 9] OU
|rated|
|rule|HP Percentage Mod: HP is shown in percentages
|rule|Endless Battle Clause: Forcing endless battles is banned
|rule|Species Clause: Limit one of each Pokémon
|rule|OHKO Clause: OHKO moves are banned
|rule|Evasion Items Clause: Evasion items are banned
|rule|Evasion Moves Clause: Evasion moves are banned
|rule|Evasion Abilities Clause: Evasion abilities are banned
|rule|Sleep Moves Clause: Sleep-inducing moves are banned
|clearpoke
|poke|p1|Ninetales-Alola, F|
|poke|p1|Polteageist|
|poke|p1|Great Tusk|
|poke|p1|Manaphy|
|poke|p1|Dragonite, M|
|poke|p1|Kingambit, M|
|poke|p2|Weavile, M|
|poke|p2|Volcanion|
|poke|p2|Great Tusk|
|poke|p2|Hatterene, F|
|poke|p2|Gholdengo|
|poke|p2|Dragonite, M|
|teampreview
|j| ohko_smeargle
|inactive|Battle timer is ON: inactive players will automatically lose when time's up. (requested by pkmn_goopert)
|
|t:|1776054699
|teamsize|p1|6
|teamsize|p2|6
|start
|switch|p1a: Manaphy|Manaphy|100/100
|switch|p2a: Gholdengo|Gholdengo|100/100
|turn|1
|j| samurajen
|
|t:|1776054709
|move|p2a: Gholdengo|Trick|p1a: Manaphy
|-activate|p2a: Gholdengo|move: Trick|[of] p1a: Manaphy
|-item|p1a: Manaphy|Choice Scarf|[from] move: Trick
|-item|p2a: Gholdengo|Leftovers|[from] move: Trick
|move|p1a: Manaphy|Take Heart|p1a: Manaphy
|-boost|p1a: Manaphy|spa|1
|-boost|p1a: Manaphy|spd|1
|
|upkeep
|turn|2
|
|t:|1776054722
|switch|p1a: Kingambit|Kingambit, M|100/100
|switch|p2a: Weavile|Weavile, M|100/100
|
|upkeep
|turn|3
|
|t:|1776054732
|move|p2a: Weavile|Low Kick|p1a: Kingambit
|-supereffective|p1a: Kingambit
|-damage|p1a: Kingambit|0 fnt
|faint|p1a: Kingambit
|-end|p1a: Kingambit|fallenundefined|[silent]
|
|upkeep
|
|t:|1776054737
|switch|p1a: Ninetales|Ninetales-Alola, F|100/100
|-weather|Snowscape|[from] ability: Snow Warning|[of] p1a: Ninetales
|turn|4
|
|t:|1776054746
|switch|p2a: Gholdengo|Gholdengo|100/100
|move|p1a: Ninetales|Aurora Veil|p1a: Ninetales
|-sidestart|p1: pkmn_goopert|move: Aurora Veil
|
|-weather|Snowscape|[upkeep]
|upkeep
|turn|5
|
|t:|1776054758
|switch|p1a: Great Tusk|Great Tusk|100/100
|-enditem|p1a: Great Tusk|Booster Energy
|-activate|p1a: Great Tusk|ability: Protosynthesis|[fromitem]
|-start|p1a: Great Tusk|protosynthesisspe
|move|p2a: Gholdengo|Shadow Ball|p1a: Great Tusk
|-damage|p1a: Great Tusk|72/100
|-unboost|p1a: Great Tusk|spd|1
|
|-weather|Snowscape|[upkeep]
|upkeep
|turn|6
|
|t:|1776054777
|switch|p2a: Hatterene|Hatterene, F|100/100
|move|p1a: Great Tusk|Knock Off|p2a: Hatterene
|-damage|p2a: Hatterene|75/100
|-damage|p1a: Great Tusk|56/100|[from] item: Rocky Helmet|[of] p2a: Hatterene
|-enditem|p2a: Hatterene|Rocky Helmet|[from] move: Knock Off|[of] p1a: Great Tusk
|
|-weather|Snowscape|[upkeep]
|upkeep
|turn|7
|
|t:|1776054798
|-end|p1a: Great Tusk|Protosynthesis|[silent]
|switch|p1a: Ninetales|Ninetales-Alola, F|100/100
|move|p2a: Hatterene|Psychic Noise|p1a: Ninetales
|-damage|p1a: Ninetales|80/100
|-start|p1a: Ninetales|move: Heal Block
|
|-weather|Snowscape|[upkeep]
|upkeep
|turn|8
|
|t:|1776054825
|move|p1a: Ninetales|Nasty Plot|p1a: Ninetales
|-boost|p1a: Ninetales|spa|2
|move|p2a: Hatterene|Nuzzle|p1a: Ninetales
|-damage|p1a: Ninetales|78/100
|-status|p1a: Ninetales|par
|
|-weather|none
|-end|p1a: Ninetales|move: Heal Block
|upkeep
|turn|9
|
|t:|1776054836
|move|p1a: Ninetales|Moonblast|p2a: Hatterene
|-damage|p2a: Hatterene|0 fnt
|faint|p2a: Hatterene
|
|upkeep
|
|t:|1776054839
|switch|p2a: Gholdengo|Gholdengo|100/100
|turn|10
|
|t:|1776054848
|switch|p1a: Manaphy|Manaphy|100/100
|move|p2a: Gholdengo|Shadow Ball|p1a: Manaphy
|-damage|p1a: Manaphy|82/100
|
|upkeep
|turn|11
|
|t:|1776054855
|switch|p2a: Volcanion|Volcanion|100/100
|move|p1a: Manaphy|Scald|p2a: Volcanion
|-immune|p2a: Volcanion|[from] ability: Water Absorb
|
|-sideend|p1: pkmn_goopert|move: Aurora Veil
|upkeep
|turn|12
|
|t:|1776054870
|switch|p1a: Ninetales|Ninetales-Alola, F|78/100 par
|-weather|Snowscape|[from] ability: Snow Warning|[of] p1a: Ninetales
|move|p2a: Volcanion|Flamethrower|p1a: Ninetales
|-supereffective|p1a: Ninetales
|-damage|p1a: Ninetales|0 fnt
|faint|p1a: Ninetales
|
|-weather|Snowscape|[upkeep]
|upkeep
|inactive|pkmn_goopert has 120 seconds left.
|
|t:|1776054895
|switch|p1a: Dragonite|Dragonite, M, shiny|100/100
|turn|13
|inactive|pkmn_goopert has 120 seconds left.
|
|t:|1776054915
|move|p2a: Volcanion|Will-O-Wisp|p1a: Dragonite
|-status|p1a: Dragonite|brn
|move|p1a: Dragonite|Earthquake|p2a: Volcanion
|-supereffective|p2a: Volcanion
|-enditem|p2a: Volcanion|Shuca Berry|[eat]
|-enditem|p2a: Volcanion|Shuca Berry|[weaken]
|-damage|p2a: Volcanion|85/100
|
|-weather|Snowscape|[upkeep]
|-damage|p1a: Dragonite|94/100 brn|[from] brn
|upkeep
|turn|14
|inactive|pkmn_goopert has 120 seconds left.
|
|t:|1776054927
|switch|p2a: Weavile|Weavile, M|100/100
|move|p1a: Dragonite|Dragon Dance|p1a: Dragonite
|-boost|p1a: Dragonite|atk|1
|-boost|p1a: Dragonite|spe|1
|
|-weather|Snowscape|[upkeep]
|-damage|p1a: Dragonite|88/100 brn|[from] brn
|upkeep
|turn|15
|inactive|pkmn_goopert has 120 seconds left.
|
|t:|1776054950
|-terastallize|p1a: Dragonite|Fairy
|move|p2a: Weavile|Triple Axel|p1a: Dragonite
|-damage|p1a: Dragonite|75/100 brn
|-damage|p1a: Dragonite|46/100 brn
|-damage|p1a: Dragonite|6/100 brn
|-hitcount|p1a: Dragonite|3
|move|p1a: Dragonite|Tera Blast|p2a: Weavile|[anim] Tera Blast Fairy
|-supereffective|p2a: Weavile
|-damage|p2a: Weavile|20/100
|
|-weather|Snowscape|[upkeep]
|-damage|p1a: Dragonite|0 fnt|[from] brn
|faint|p1a: Dragonite
|upkeep
|c|☆nytorget|gg
|
|t:|1776054972
|switch|p1a: Great Tusk|Great Tusk|56/100
|turn|16
|
|t:|1776054977
|move|p2a: Weavile|Triple Axel|p1a: Great Tusk|[miss]
|-miss|p2a: Weavile|p1a: Great Tusk
|move|p1a: Great Tusk|Headlong Rush|p2a: Weavile
|-damage|p2a: Weavile|0 fnt
|-unboost|p1a: Great Tusk|def|1
|-unboost|p1a: Great Tusk|spd|1
|faint|p2a: Weavile
|
|-weather|none
|upkeep
|
|t:|1776054987
|switch|p2a: Great Tusk|Great Tusk|100/100
|turn|17
|
|t:|1776054992
|move|p1a: Great Tusk|Knock Off|p2a: Great Tusk
|-resisted|p2a: Great Tusk
|-damage|p2a: Great Tusk|90/100
|-enditem|p2a: Great Tusk|Assault Vest|[from] move: Knock Off|[of] p1a: Great Tusk
|move|p2a: Great Tusk|Headlong Rush|p1a: Great Tusk
|-damage|p1a: Great Tusk|0 fnt
|-unboost|p2a: Great Tusk|def|1
|-unboost|p2a: Great Tusk|spd|1
|faint|p1a: Great Tusk
|-end|p1a: Great Tusk|Protosynthesis|[silent]
|
|upkeep
|inactive|pkmn_goopert has 120 seconds left.
|
|t:|1776055002
|switch|p1a: Polteageist|Polteageist|100/100
|turn|18
|
|t:|1776055013
|move|p2a: Great Tusk|Headlong Rush|p1a: Polteageist
|-damage|p1a: Polteageist|21/100
|-unboost|p2a: Great Tusk|def|1
|-unboost|p2a: Great Tusk|spd|1
|-ability|p1a: Polteageist|Weak Armor|boost
|-unboost|p1a: Polteageist|def|1
|-boost|p1a: Polteageist|spe|2
|-enditem|p1a: Polteageist|White Herb
|-clearnegativeboost|p1a: Polteageist|[silent]
|move|p1a: Polteageist|Shadow Ball|p2a: Great Tusk
|-damage|p2a: Great Tusk|0 fnt
|faint|p2a: Great Tusk
|-end|p2a: Great Tusk|Protosynthesis|[silent]
|
|upkeep
|
|t:|1776055018
|switch|p2a: Dragonite|Dragonite, M|100/100
|turn|19
|
|t:|1776055031
|move|p1a: Polteageist|Shadow Ball|p2a: Dragonite
|-damage|p2a: Dragonite|78/100
|move|p2a: Dragonite|Earthquake|p1a: Polteageist
|-damage|p1a: Polteageist|0 fnt
|faint|p1a: Polteageist
|
|-heal|p2a: Dragonite|84/100|[from] item: Leftovers
|upkeep
|
|t:|1776055039
|switch|p1a: Manaphy|Manaphy|82/100
|turn|20
|c|☆pkmn_goopert|gg
|
|t:|1776055048
|move|p1a: Manaphy|Stored Power|p2a: Dragonite
|-damage|p2a: Dragonite|79/100
|move|p2a: Dragonite|Dragon Dance|p2a: Dragonite
|-boost|p2a: Dragonite|atk|1
|-boost|p2a: Dragonite|spe|1
|
|-heal|p2a: Dragonite|86/100|[from] item: Leftovers
|upkeep
|turn|21
|c|☆pkmn_goopert|wp
|c|☆nytorget|thx u2
|-message|pkmn_goopert forfeited.
|
|win|nytorget
|raw|pkmn_goopert's rating: 1550 &rarr; <strong>1535</strong><br />(-15 for losing)
|raw|nytorget's rating: 1640 &rarr; <strong>1655</strong><br />(+15 for winning)
|l|☆pkmn_goopert
|player|p1|
|l| ohko_smeargle
|c|☆nytorget|du är svensk va
|c|☆nytorget|samurajen
|l|☆nytorget
|player|p2|
|c| samurajen|ne ne thats just the name of the person who mentored me in some games
|l| samurajen
