|html|<div class="broadcast-blue"><strong>[Gen 9] OU is currently suspecting Tera Blast! For information on how to participate check out the <a href="https://www.smogon.com/tools/suspects/view/200">suspect thread</a>.</strong></div>
|j|☆altyWIN
|j|☆fuckdhelmis000
|t:|1776275534
|gametype|singles
|player|p1|altyWIN|ltsurge|1062
|player|p2|fuckdhelmis000|dawn|1000
|gen|9
|tier|[Gen 9] OU
|rated|
|rule|HP Percentage Mod: HP is shown in percentages
|rule|Endless Battle Clause: Forcing endless battles is banned
|rule|Species Clause: Limit one of each Pokémon
|rule|OHKO Clause: OHKO moves are banned
|rule|Evasion Items Clause: Evasion items are banned
|rule|Evasion Moves Clause: Evasion moves are banned
|rule|Evasion Abilities Clause: Evasion abilities are banned
|rule|Sleep Moves Clause: Sleep-inducing moves are banned
|clearpoke
|poke|p1|Typhlosion, M|
|poke|p1|Jolteon, F|
|poke|p1|Skarmory, F|
|poke|p1|Iron Valiant|
|poke|p1|Grimmsnarl, M|
|poke|p1|Scizor, M|
|poke|p2|Ceruledge, F|
|poke|p2|Indeedee, M|
|poke|p2|Hatterene, F|
|poke|p2|Great Tusk|
|poke|p2|Dragonite, M|
|poke|p2|Deoxys-Speed|
|teampreview
|inactive|Battle timer is ON: inactive players will automatically lose when time's up. (requested by fuckdhelmis000)
|
|t:|1776275539
|teamsize|p1|6
|teamsize|p2|6
|start
|switch|p1a: Grimmsnarl|Grimmsnarl, M|100/100
|switch|p2a: Indeedee|Indeedee, M|100/100
|-fieldstart|move: Psychic Terrain|[from] ability: Psychic Surge|[of] p2a: Indeedee
|turn|1
|
|t:|1776275545
|move|p1a: Grimmsnarl|Light Screen|p1a: Grimmsnarl
|-sidestart|p1: altyWIN|move: Light Screen
|move|p2a: Indeedee|Encore|p1a: Grimmsnarl
|-start|p1a: Grimmsnarl|Encore
|
|upkeep
|turn|2
|
|t:|1776275571
|switch|p2a: Ceruledge|Ceruledge, F|100/100
|switch|p1a: Scizor|Scizor, M|100/100
|
|upkeep
|turn|3
|
|t:|1776275584
|move|p2a: Ceruledge|Swords Dance|p2a: Ceruledge
|-boost|p2a: Ceruledge|atk|2
|move|p1a: Scizor|U-turn|p2a: Ceruledge
|-resisted|p2a: Ceruledge
|-damage|p2a: Ceruledge|85/100
|-ability|p2a: Ceruledge|Weak Armor|boost
|-unboost|p2a: Ceruledge|def|1
|-boost|p2a: Ceruledge|spe|2
|inactive|altyWIN has 120 seconds left.
|
|t:|1776275601
|switch|p1a: Iron Valiant|Iron Valiant|100/100|[from] U-turn
|-enditem|p1a: Iron Valiant|Booster Energy
|-activate|p1a: Iron Valiant|ability: Quark Drive|[fromitem]
|-start|p1a: Iron Valiant|quarkdrivespe
|
|upkeep
|turn|4
|inactive|altyWIN has 120 seconds left.
|
|t:|1776275608
|move|p2a: Ceruledge|Bitter Blade|p1a: Iron Valiant
|-damage|p1a: Iron Valiant|0 fnt
|-heal|p2a: Ceruledge|100/100|[from] drain|[of] p1a: Iron Valiant
|faint|p1a: Iron Valiant
|-end|p1a: Iron Valiant|Quark Drive|[silent]
|
|upkeep
|inactive|altyWIN has 120 seconds left.
|
|t:|1776275616
|switch|p1a: Jolteon|Jolteon, F|100/100
|turn|5
|
|t:|1776275627
|move|p2a: Ceruledge|Bitter Blade|p1a: Jolteon
|-damage|p1a: Jolteon|0 fnt
|faint|p1a: Jolteon
|
|upkeep
|
|t:|1776275630
|switch|p1a: Skarmory|Skarmory, F|100/100
|turn|6
|
|t:|1776275658
|move|p2a: Ceruledge|Bitter Blade|p1a: Skarmory
|-supereffective|p1a: Skarmory
|-damage|p1a: Skarmory|0 fnt
|faint|p1a: Skarmory
|
|upkeep
|
|t:|1776275666
|switch|p1a: Typhlosion|Typhlosion, M|100/100
|turn|7
|
|t:|1776275670
|move|p2a: Ceruledge|Poltergeist|p1a: Typhlosion
|-activate|p1a: Typhlosion|move: Poltergeist|Choice Scarf
|-damage|p1a: Typhlosion|0 fnt
|faint|p1a: Typhlosion
|
|upkeep
|
|t:|1776275673
|switch|p1a: Grimmsnarl|Grimmsnarl, M|100/100
|turn|8
|
|t:|1776275676
|-terastallize|p2a: Ceruledge|Fairy
|move|p2a: Ceruledge|Tera Blast|p1a: Grimmsnarl|[anim] Tera Blast Fairy
|-supereffective|p1a: Grimmsnarl
|-damage|p1a: Grimmsnarl|0 fnt
|faint|p1a: Grimmsnarl
|
|-sideend|p1: altyWIN|move: Light Screen
|-fieldend|move: Psychic Terrain
|upkeep
|
|t:|1776275679
|switch|p1a: Scizor|Scizor, M|100/100
|turn|9
|
|t:|1776275681
|move|p2a: Ceruledge|Bitter Blade|p1a: Scizor
|-supereffective|p1a: Scizor
|-damage|p1a: Scizor|0 fnt
|faint|p1a: Scizor
|
|win|fuckdhelmis000
|raw|altyWIN's rating: 1062 &rarr; <strong>1039</strong><br />(-23 for losing)
|raw|fuckdhelmis000's rating: 1000 &rarr; <strong>1047</strong><br />(+47 for winning)
|l|☆altyWIN
|player|p1|
