|html|<div class="broadcast-blue"><strong>[Gen 9] OU is currently suspecting Tera Blast! For information on how to participate check out the <a href="https://www.smogon.com/tools/suspects/view/200">suspect thread</a>.</strong></div>
|j|☆thecrowqueen
|j|☆EMVV
|t:|1776058715
|gametype|singles
|player|p1|thecrowqueen|rocketgruntf|1065
|player|p2|EMVV|gambler|1099
|gen|9
|tier|[Gen 9] OU
|rated|
|rule|HP Percentage Mod: HP is shown in percentages
|rule|Endless Battle Clause: Forcing endless battles is banned
|rule|Species Clause: Limit one of each Pokémon
|rule|OHKO Clause: OHKO moves are banned
|rule|Evasion Items Clause: Evasion items are banned
|rule|Evasion Moves Clause: Evasion moves are banned
|rule|Evasion Abilities Clause: Evasion abilities are banned
|rule|Sleep Moves Clause: Sleep-inducing moves are banned
|clearpoke
|poke|p1|Dragonite, F|
|poke|p1|Samurott-Hisui, M|
|poke|p1|Clefable, F|
|poke|p1|Gliscor, M|
|poke|p1|Gholdengo|
|poke|p1|Zamazenta-*|
|poke|p2|Chesnaught, F|
|poke|p2|Gliscor, F|
|poke|p2|Primarina, M|
|poke|p2|Corviknight, M|
|poke|p2|Goodra, F|
|poke|p2|Houndoom, F|
|teampreview
|inactive|Battle timer is ON: inactive players will automatically lose when time's up. (requested by EMVV)
|
|t:|1776058720
|teamsize|p1|6
|teamsize|p2|6
|start
|switch|p1a: Clefable|Clefable, F|100/100
|switch|p2a: Gliscor|Gliscor, F|100/100
|turn|1
|
|t:|1776058726
|move|p2a: Gliscor|Protect|p2a: Gliscor
|-singleturn|p2a: Gliscor|Protect
|move|p1a: Clefable|Stealth Rock|p2a: Gliscor
|-sidestart|p2: EMVV|move: Stealth Rock
|
|-status|p2a: Gliscor|tox|[from] item: Toxic Orb
|upkeep
|turn|2
|
|t:|1776058732
|move|p2a: Gliscor|Stealth Rock|p1a: Clefable
|-sidestart|p1: thecrowqueen|move: Stealth Rock
|move|p1a: Clefable|Knock Off|p2a: Gliscor
|-damage|p2a: Gliscor|87/100 tox
|-enditem|p2a: Gliscor|Toxic Orb|[from] move: Knock Off|[of] p1a: Clefable
|
|-heal|p2a: Gliscor|99/100 tox|[from] ability: Poison Heal
|upkeep
|turn|3
|
|t:|1776058740
|switch|p2a: Corviknight|Corviknight, M|100/100
|-damage|p2a: Corviknight|88/100|[from] Stealth Rock
|move|p1a: Clefable|Moonblast|p2a: Corviknight
|-resisted|p2a: Corviknight
|-damage|p2a: Corviknight|71/100
|
|-heal|p2a: Corviknight|78/100|[from] item: Leftovers
|upkeep
|turn|4
|
|t:|1776058757
|switch|p1a: Samurott|Samurott-Hisui, M|100/100
|-damage|p1a: Samurott|88/100|[from] Stealth Rock
|move|p2a: Corviknight|Defog|p1a: Samurott
|-unboost|p1a: Samurott|evasion|1
|-sideend|p1: thecrowqueen|Stealth Rock|[from] move: Defog|[of] p2a: Corviknight
|-sideend|p2: EMVV|Stealth Rock|[from] move: Defog|[of] p2a: Corviknight
|
|-heal|p2a: Corviknight|84/100|[from] item: Leftovers
|upkeep
|turn|5
|
|t:|1776058767
|move|p1a: Samurott|Knock Off|p2a: Corviknight
|-damage|p2a: Corviknight|58/100
|-enditem|p2a: Corviknight|Leftovers|[from] move: Knock Off|[of] p1a: Samurott
|move|p2a: Corviknight|U-turn|p1a: Samurott
|-supereffective|p1a: Samurott
|-damage|p1a: Samurott|58/100
|
|t:|1776058770
|switch|p2a: Chesnaught|Chesnaught, F|100/100|[from] U-turn
|
|upkeep
|turn|6
|
|t:|1776058779
|switch|p1a: Gholdengo|Gholdengo|100/100
|move|p2a: Chesnaught|Body Press|p1a: Gholdengo
|-immune|p1a: Gholdengo
|
|upkeep
|turn|7
|
|t:|1776058786
|switch|p2a: Gliscor|Gliscor, F|99/100 tox
|move|p1a: Gholdengo|Trick|p2a: Gliscor
|-activate|p1a: Gholdengo|move: Trick|[of] p2a: Gliscor
|-item|p2a: Gliscor|Choice Scarf|[from] move: Trick
|-enditem|p1a: Gholdengo|Choice Scarf|[silent]|[from] move: Trick
|
|-heal|p2a: Gliscor|100/100 tox|[from] ability: Poison Heal
|upkeep
|turn|8
|
|t:|1776058799
|move|p2a: Gliscor|Earthquake|p1a: Gholdengo
|-supereffective|p1a: Gholdengo
|-damage|p1a: Gholdengo|1/100
|move|p1a: Gholdengo|Shadow Ball|p2a: Gliscor
|-damage|p2a: Gliscor|40/100 tox
|
|-heal|p2a: Gliscor|53/100 tox|[from] ability: Poison Heal
|upkeep
|turn|9
|
|t:|1776058810
|switch|p1a: Gliscor|Gliscor, M|100/100
|move|p2a: Gliscor|Earthquake|p1a: Gliscor
|-immune|p1a: Gliscor
|
|-heal|p2a: Gliscor|65/100 tox|[from] ability: Poison Heal
|-status|p1a: Gliscor|tox|[from] item: Toxic Orb
|upkeep
|turn|10
|
|t:|1776058821
|switch|p2a: Corviknight|Corviknight, M|58/100
|move|p1a: Gliscor|Swords Dance|p1a: Gliscor
|-boost|p1a: Gliscor|atk|2
|
|upkeep
|turn|11
|
|t:|1776058834
|move|p1a: Gliscor|Protect|p1a: Gliscor
|-singleturn|p1a: Gliscor|Protect
|move|p2a: Corviknight|Brave Bird|p1a: Gliscor
|-activate|p1a: Gliscor|move: Protect
|
|upkeep
|turn|12
|
|t:|1776058843
|switch|p1a: Zamazenta|Zamazenta|100/100
|-ability|p1a: Zamazenta|Dauntless Shield|boost
|-boost|p1a: Zamazenta|def|1
|move|p2a: Corviknight|U-turn|p1a: Zamazenta
|-resisted|p1a: Zamazenta
|-damage|p1a: Zamazenta|97/100
|
|t:|1776058854
|switch|p2a: Primarina|Primarina, M|100/100|[from] U-turn
|
|-heal|p1a: Zamazenta|100/100|[from] item: Leftovers
|upkeep
|turn|13
|
|t:|1776058861
|move|p2a: Primarina|Hyper Voice|p1a: Zamazenta
|-damage|p1a: Zamazenta|49/100
|move|p1a: Zamazenta|Roar|p2a: Primarina
|drag|p2a: Corviknight|Corviknight, M|58/100
|
|-heal|p1a: Zamazenta|56/100|[from] item: Leftovers
|upkeep
|turn|14
|
|t:|1776058872
|move|p1a: Zamazenta|Iron Defense|p1a: Zamazenta
|-boost|p1a: Zamazenta|def|2
|move|p2a: Corviknight|Brave Bird|p1a: Zamazenta
|-supereffective|p1a: Zamazenta
|-damage|p1a: Zamazenta|30/100
|-damage|p2a: Corviknight|51/100|[from] Recoil
|
|-heal|p1a: Zamazenta|36/100|[from] item: Leftovers
|upkeep
|turn|15
|
|t:|1776058882
|move|p1a: Zamazenta|Body Press|p2a: Corviknight
|-crit|p2a: Corviknight
|-damage|p2a: Corviknight|0 fnt
|faint|p2a: Corviknight
|
|-heal|p1a: Zamazenta|42/100|[from] item: Leftovers
|upkeep
|
|t:|1776058885
|switch|p2a: Primarina|Primarina, M|100/100
|turn|16
|
|t:|1776058889
|switch|p1a: Clefable|Clefable, F|100/100
|move|p2a: Primarina|Moonblast|p1a: Clefable
|-damage|p1a: Clefable|48/100
|
|upkeep
|turn|17
|
|t:|1776058899
|move|p2a: Primarina|Hyper Voice|p1a: Clefable
|-damage|p1a: Clefable|3/100
|move|p1a: Clefable|Moonlight|p1a: Clefable
|-heal|p1a: Clefable|53/100
|
|upkeep
|turn|18
|
|t:|1776058904
|move|p1a: Clefable|Knock Off|p2a: Primarina
|-resisted|p2a: Primarina
|-damage|p2a: Primarina|91/100
|-enditem|p2a: Primarina|Leftovers|[from] move: Knock Off|[of] p1a: Clefable
|move|p2a: Primarina|Hyper Voice|p1a: Clefable
|-damage|p1a: Clefable|5/100
|
|upkeep
|turn|19
|
|t:|1776058911
|move|p1a: Clefable|Moonlight|p1a: Clefable
|-heal|p1a: Clefable|55/100
|move|p2a: Primarina|Hyper Voice|p1a: Clefable
|-damage|p1a: Clefable|7/100
|
|upkeep
|turn|20
|
|t:|1776058927
|switch|p1a: Gliscor|Gliscor, M|100/100 tox
|move|p2a: Primarina|Hyper Voice|p1a: Gliscor
|-supereffective|p1a: Gliscor
|-damage|p1a: Gliscor|15/100 tox
|
|-heal|p1a: Gliscor|27/100 tox|[from] ability: Poison Heal
|upkeep
|turn|21
|
|t:|1776058937
|-terastallize|p1a: Gliscor|Normal
|move|p1a: Gliscor|Facade|p2a: Primarina
|-damage|p2a: Primarina|35/100
|move|p2a: Primarina|Hyper Voice|p1a: Gliscor
|-damage|p1a: Gliscor|0 fnt
|faint|p1a: Gliscor
|
|upkeep
|
|t:|1776058945
|switch|p1a: Gholdengo|Gholdengo|1/100
|turn|22
|
|t:|1776058954
|-terastallize|p2a: Primarina|Fire
|move|p1a: Gholdengo|Recover|p1a: Gholdengo
|-heal|p1a: Gholdengo|52/100
|move|p2a: Primarina|Tera Blast|p1a: Gholdengo|[anim] Tera Blast Fire
|-supereffective|p1a: Gholdengo
|-damage|p1a: Gholdengo|0 fnt
|faint|p1a: Gholdengo
|
|upkeep
|
|t:|1776058962
|switch|p1a: Samurott|Samurott-Hisui, M|58/100
|turn|23
|
|t:|1776058969
|switch|p2a: Chesnaught|Chesnaught, F|100/100
|move|p1a: Samurott|Razor Shell|p2a: Chesnaught
|-resisted|p2a: Chesnaught
|-damage|p2a: Chesnaught|83/100
|
|-heal|p2a: Chesnaught|89/100|[from] item: Leftovers
|upkeep
|turn|24
|
|t:|1776058983
|switch|p1a: Zamazenta|Zamazenta|42/100
|move|p2a: Chesnaught|Body Press|p1a: Zamazenta
|-damage|p1a: Zamazenta|13/100
|
|-heal|p1a: Zamazenta|19/100|[from] item: Leftovers
|-heal|p2a: Chesnaught|95/100|[from] item: Leftovers
|upkeep
|turn|25
|
|t:|1776058992
|move|p2a: Chesnaught|Iron Defense|p2a: Chesnaught
|-boost|p2a: Chesnaught|def|2
|move|p1a: Zamazenta|Roar|p2a: Chesnaught
|drag|p2a: Houndoom|Houndoom, F|100/100
|
|-heal|p1a: Zamazenta|25/100|[from] item: Leftovers
|upkeep
|turn|26
|
|t:|1776059006
|switch|p2a: Primarina|Primarina, M, tera:Fire|35/100
|move|p1a: Zamazenta|Body Press|p2a: Primarina
|-crit|p2a: Primarina
|-damage|p2a: Primarina|0 fnt
|faint|p2a: Primarina
|
|-heal|p1a: Zamazenta|32/100|[from] item: Leftovers
|upkeep
|
|t:|1776059009
|switch|p2a: Chesnaught|Chesnaught, F|95/100
|turn|27
|
|t:|1776059037
|move|p2a: Chesnaught|Body Press|p1a: Zamazenta
|-crit|p1a: Zamazenta
|-damage|p1a: Zamazenta|0 fnt
|faint|p1a: Zamazenta
|
|-heal|p2a: Chesnaught|100/100|[from] item: Leftovers
|upkeep
|
|t:|1776059044
|switch|p1a: Clefable|Clefable, F|7/100
|turn|28
|
|t:|1776059051
|move|p2a: Chesnaught|Seed Bomb|p1a: Clefable
|-damage|p1a: Clefable|0 fnt
|faint|p1a: Clefable
|
|upkeep
|
|t:|1776059056
|switch|p1a: Dragonite|Dragonite, F|100/100
|turn|29
|
|t:|1776059061
|switch|p2a: Gliscor|Gliscor, F|65/100 tox
|move|p1a: Dragonite|Dragon Dance|p1a: Dragonite
|-boost|p1a: Dragonite|atk|1
|-boost|p1a: Dragonite|spe|1
|
|-heal|p2a: Gliscor|77/100 tox|[from] ability: Poison Heal
|upkeep
|turn|30
|
|t:|1776059069
|move|p1a: Dragonite|Extreme Speed|p2a: Gliscor
|-damage|p2a: Gliscor|30/100 tox
|move|p2a: Gliscor|Knock Off|p1a: Dragonite
|-damage|p1a: Dragonite|88/100
|-enditem|p1a: Dragonite|Heavy-Duty Boots|[from] move: Knock Off|[of] p2a: Gliscor
|
|-heal|p2a: Gliscor|42/100 tox|[from] ability: Poison Heal
|upkeep
|turn|31
|
|t:|1776059078
|move|p1a: Dragonite|Extreme Speed|p2a: Gliscor
|-damage|p2a: Gliscor|0 fnt
|faint|p2a: Gliscor
|
|upkeep
|
|t:|1776059083
|switch|p2a: Goodra|Goodra, F|100/100
|turn|32
|
|t:|1776059087
|move|p1a: Dragonite|Earthquake|p2a: Goodra
|-damage|p2a: Goodra|29/100
|move|p2a: Goodra|Ice Beam|p1a: Dragonite
|-supereffective|p1a: Dragonite
|-damage|p1a: Dragonite|0 fnt
|faint|p1a: Dragonite
|
|upkeep
|
|t:|1776059093
|switch|p1a: Samurott|Samurott-Hisui, M|58/100
|turn|33
|
|t:|1776059097
|move|p1a: Samurott|Ceaseless Edge|p2a: Goodra|[miss]
|-miss|p1a: Samurott|p2a: Goodra
|move|p2a: Goodra|Dragon Pulse|p1a: Samurott
|-damage|p1a: Samurott|32/100
|
|upkeep
|turn|34
|-message|thecrowqueen forfeited.
|
|win|EMVV
|raw|thecrowqueen's rating: 1065 &rarr; <strong>1047</strong><br />(-18 for losing)
|raw|EMVV's rating: 1099 &rarr; <strong>1122</strong><br />(+23 for winning)
|l|☆thecrowqueen
|player|p1|
|l|☆EMVV
|player|p2|
|j|☆EMVV
|player|p2|EMVV|gambler|
|l|☆EMVV
|player|p2|
