|html|<div class="broadcast-blue"><strong>[Gen 9] OU is currently suspecting Tera Blast! For information on how to participate check out the <a href="https://www.smogon.com/tools/suspects/view/200">suspect thread</a>.</strong></div>
|j|☆luketheidiot
|j|☆sharkybrookie
|t:|1776049041
|gametype|singles
|player|p1|luketheidiot|iris-gen5bw2|1160
|player|p2|sharkybrookie|janitor|1144
|gen|9
|tier|[Gen 9] OU
|rated|
|rule|HP Percentage Mod: HP is shown in percentages
|rule|Endless Battle Clause: Forcing endless battles is banned
|rule|Species Clause: Limit one of each Pokémon
|rule|OHKO Clause: OHKO moves are banned
|rule|Evasion Items Clause: Evasion items are banned
|rule|Evasion Moves Clause: Evasion moves are banned
|rule|Evasion Abilities Clause: Evasion abilities are banned
|rule|Sleep Moves Clause: Sleep-inducing moves are banned
|clearpoke
|poke|p1|Oshawott, F|
|poke|p1|Dewott, F|
|poke|p1|Crocalor, M|
|poke|p1|Pikachu-Alola, M|
|poke|p1|Thwackey, M|
|poke|p1|Marshtomp, F|
|poke|p2|Cinderace, M|
|poke|p2|Torkoal, M|
|poke|p2|Mandibuzz, F|
|poke|p2|Great Tusk|
|poke|p2|Kommo-o, F|
|poke|p2|Tornadus-Therian, M|
|teampreview
|inactive|Battle timer is ON: inactive players will automatically lose when time's up. (requested by luketheidiot)
|
|t:|1776049061
|teamsize|p1|6
|teamsize|p2|6
|start
|switch|p1a: Solider Wott|Oshawott, F|100/100
|switch|p2a: Torkoal|Torkoal, M|100/100
|-weather|SunnyDay|[from] ability: Drought|[of] p2a: Torkoal
|turn|1
|c|☆sharkybrookie|i have a feeling you have a trick up your sleeve
|
|t:|1776049074
|switch|p2a: Mandibuzz|Mandibuzz, F|100/100
|move|p1a: Solider Wott|Swords Dance|p1a: Solider Wott
|-boost|p1a: Solider Wott|atk|2
|
|-weather|SunnyDay|[upkeep]
|upkeep
|turn|2
|
|t:|1776049079
|move|p2a: Mandibuzz|Foul Play|p1a: Solider Wott
|-damage|p1a: Solider Wott|0 fnt
|faint|p1a: Solider Wott
|
|-weather|SunnyDay|[upkeep]
|upkeep
|
|t:|1776049088
|switch|p1a: Why not?|Pikachu-Alola, M|100/100
|turn|3
|
|t:|1776049094
|move|p1a: Why not?|Fake Out|p2a: Mandibuzz
|-damage|p2a: Mandibuzz|94/100
|-damage|p1a: Why not?|84/100|[from] item: Rocky Helmet|[of] p2a: Mandibuzz
|cant|p2a: Mandibuzz|flinch
|
|-weather|SunnyDay|[upkeep]
|upkeep
|turn|4
|
|t:|1776049098
|move|p1a: Why not?|Thunderbolt|p2a: Mandibuzz
|-supereffective|p2a: Mandibuzz
|-damage|p2a: Mandibuzz|2/100
|move|p2a: Mandibuzz|Toxic|p1a: Why not?
|-status|p1a: Why not?|tox
|
|-weather|SunnyDay|[upkeep]
|-damage|p1a: Why not?|78/100 tox|[from] psn
|upkeep
|turn|5
|
|t:|1776049104
|switch|p2a: Great Tusk|Great Tusk|100/100
|-activate|p2a: Great Tusk|ability: Protosynthesis
|-start|p2a: Great Tusk|protosynthesisatk
|move|p1a: Why not?|Surf|p2a: Great Tusk
|-supereffective|p2a: Great Tusk
|-damage|p2a: Great Tusk|49/100
|
|-weather|SunnyDay|[upkeep]
|-damage|p1a: Why not?|66/100 tox|[from] psn
|upkeep
|turn|6
|
|t:|1776049114
|-terastallize|p2a: Great Tusk|Ground
|move|p2a: Great Tusk|Headlong Rush|p1a: Why not?
|-supereffective|p1a: Why not?
|-damage|p1a: Why not?|0 fnt
|-unboost|p2a: Great Tusk|def|1
|-unboost|p2a: Great Tusk|spd|1
|faint|p1a: Why not?
|
|-weather|SunnyDay|[upkeep]
|upkeep
|
|t:|1776049119
|switch|p1a: Solider Wott 2|Dewott, F|100/100
|turn|7
|
|t:|1776049123
|move|p1a: Solider Wott 2|Aqua Jet|p2a: Great Tusk
|-supereffective|p2a: Great Tusk
|-damage|p2a: Great Tusk|31/100
|move|p2a: Great Tusk|Headlong Rush|p1a: Solider Wott 2
|-damage|p1a: Solider Wott 2|0 fnt
|-unboost|p2a: Great Tusk|def|1
|-unboost|p2a: Great Tusk|spd|1
|faint|p1a: Solider Wott 2
|
|-weather|SunnyDay|[upkeep]
|upkeep
|
|t:|1776049126
|switch|p1a: Marshtomp|Marshtomp, F|100/100
|turn|8
|
|t:|1776049129
|move|p2a: Great Tusk|Headlong Rush|p1a: Marshtomp
|-enditem|p1a: Marshtomp|Focus Sash
|-damage|p1a: Marshtomp|1/100
|-unboost|p2a: Great Tusk|def|1
|-unboost|p2a: Great Tusk|spd|1
|move|p1a: Marshtomp|Counter|p2a: Great Tusk
|-damage|p2a: Great Tusk|0 fnt
|faint|p2a: Great Tusk
|-end|p2a: Great Tusk|Protosynthesis|[silent]
|
|-weather|none
|upkeep
|
|t:|1776049138
|switch|p2a: Cinderace|Cinderace, M|100/100
|turn|9
|
|t:|1776049143
|move|p2a: Cinderace|Sucker Punch|p1a: Marshtomp
|-start|p2a: Cinderace|typechange|Dark|[from] ability: Libero
|-damage|p1a: Marshtomp|0 fnt
|faint|p1a: Marshtomp
|
|upkeep
|
|t:|1776049147
|switch|p1a: Crocodiy|Crocalor, M|100/100
|turn|10
|
|t:|1776049157
|switch|p2a: Tornadus|Tornadus-Therian, M|100/100
|move|p1a: Crocodiy|Will-O-Wisp|p2a: Tornadus
|-status|p2a: Tornadus|brn
|
|-damage|p2a: Tornadus|94/100 brn|[from] brn
|upkeep
|turn|11
|
|t:|1776049163
|move|p2a: Tornadus|Bleakwind Storm|p1a: Crocodiy|[miss]
|-miss|p2a: Tornadus|p1a: Crocodiy
|move|p1a: Crocodiy|Hyper Voice|p2a: Tornadus
|-damage|p2a: Tornadus|64/100 brn
|
|-damage|p2a: Tornadus|58/100 brn|[from] brn
|upkeep
|turn|12
|
|t:|1776049171
|move|p2a: Tornadus|Bleakwind Storm|p1a: Crocodiy
|-damage|p1a: Crocodiy|38/100
|move|p1a: Crocodiy|Flamethrower|p2a: Tornadus
|-damage|p2a: Tornadus|10/100 brn
|
|-damage|p2a: Tornadus|4/100 brn|[from] brn
|upkeep
|turn|13
|
|t:|1776049174
|move|p2a: Tornadus|Bleakwind Storm|p1a: Crocodiy|[miss]
|-miss|p2a: Tornadus|p1a: Crocodiy
|move|p1a: Crocodiy|Slack Off|p1a: Crocodiy
|-heal|p1a: Crocodiy|88/100
|
|-damage|p2a: Tornadus|0 fnt|[from] brn
|faint|p2a: Tornadus
|upkeep
|
|t:|1776049179
|switch|p2a: Cinderace|Cinderace, M|100/100
|turn|14
|
|t:|1776049183
|move|p2a: Cinderace|Sucker Punch|p1a: Crocodiy
|-start|p2a: Cinderace|typechange|Dark|[from] ability: Libero
|-damage|p1a: Crocodiy|49/100
|move|p1a: Crocodiy|Hyper Voice|p2a: Cinderace
|-damage|p2a: Cinderace|60/100
|
|upkeep
|turn|15
|
|t:|1776049191
|move|p2a: Cinderace|Sucker Punch||[still]
|-fail|p2a: Cinderace
|move|p1a: Crocodiy|Will-O-Wisp|p2a: Cinderace
|-status|p2a: Cinderace|brn
|
|-damage|p2a: Cinderace|54/100 brn|[from] brn
|upkeep
|turn|16
|
|t:|1776049196
|move|p2a: Cinderace|High Jump Kick|p1a: Crocodiy
|-damage|p1a: Crocodiy|25/100
|move|p1a: Crocodiy|Slack Off|p1a: Crocodiy
|-heal|p1a: Crocodiy|75/100
|
|-damage|p2a: Cinderace|48/100 brn|[from] brn
|upkeep
|turn|17
|
|t:|1776049202
|switch|p2a: Kommo-o|Kommo-o, F|100/100
|move|p1a: Crocodiy|Hyper Voice|p2a: Kommo-o
|-immune|p2a: Kommo-o|[from] ability: Soundproof
|
|upkeep
|turn|18
|
|t:|1776049208
|move|p2a: Kommo-o|Clangorous Soul|p2a: Kommo-o
|-boost|p2a: Kommo-o|atk|1
|-boost|p2a: Kommo-o|def|1
|-boost|p2a: Kommo-o|spa|1
|-boost|p2a: Kommo-o|spd|1
|-boost|p2a: Kommo-o|spe|1
|-damage|p2a: Kommo-o|68/100
|-enditem|p2a: Kommo-o|Throat Spray
|-boost|p2a: Kommo-o|spa|1|[from] item: Throat Spray
|move|p1a: Crocodiy|Will-O-Wisp|p2a: Kommo-o|[miss]
|-miss|p1a: Crocodiy|p2a: Kommo-o
|
|upkeep
|turn|19
|
|t:|1776049217
|move|p2a: Kommo-o|Clanging Scales|p1a: Crocodiy
|-damage|p1a: Crocodiy|11/100
|-unboost|p2a: Kommo-o|def|1
|move|p1a: Crocodiy|Flamethrower|p2a: Kommo-o
|-resisted|p2a: Kommo-o
|-damage|p2a: Kommo-o|49/100
|
|upkeep
|turn|20
|
|t:|1776049221
|move|p2a: Kommo-o|Vacuum Wave|p1a: Crocodiy
|-damage|p1a: Crocodiy|0 fnt
|faint|p1a: Crocodiy
|
|upkeep
|
|t:|1776049222
|switch|p1a: Da drummer|Thwackey, M|100/100
|-fieldstart|move: Grassy Terrain|[from] ability: Grassy Surge|[of] p1a: Da drummer
|turn|21
|
|t:|1776049233
|move|p2a: Kommo-o|Clanging Scales|p1a: Da drummer
|-enditem|p1a: Da drummer|Focus Sash
|-damage|p1a: Da drummer|1/100
|-unboost|p2a: Kommo-o|def|1
|move|p1a: Da drummer|Swords Dance|p1a: Da drummer
|-boost|p1a: Da drummer|atk|2
|
|-heal|p2a: Kommo-o|55/100|[from] Grassy Terrain
|-heal|p1a: Da drummer|7/100|[from] Grassy Terrain
|upkeep
|turn|22
|
|t:|1776049238
|-terastallize|p1a: Da drummer|Grass
|move|p2a: Kommo-o|Vacuum Wave|p1a: Da drummer
|-damage|p1a: Da drummer|0 fnt
|faint|p1a: Da drummer
|
|win|sharkybrookie
|raw|luketheidiot's rating: 1160 &rarr; <strong>1134</strong><br />(-26 for losing)
|raw|sharkybrookie's rating: 1144 &rarr; <strong>1170</strong><br />(+26 for winning)
|l|☆luketheidiot
|player|p1|
|l|☆sharkybrookie
|player|p2|
