|html|<div class="broadcast-blue"><strong>[Gen 9] OU is currently suspecting Tera Blast! For information on how to participate check out the <a href="https://www.smogon.com/tools/suspects/view/200">suspect thread</a>.</strong></div>
|j|☆DIGIWAYNE123
|j|☆Docter_Peng99
|t:|1776350959
|gametype|singles
|player|p1|DIGIWAYNE123|swimmerf-gen4|1365
|player|p2|Docter_Peng99|corbeau|1418
|gen|9
|tier|[Gen 9] OU
|rated|
|rule|HP Percentage Mod: HP is shown in percentages
|rule|Endless Battle Clause: Forcing endless battles is banned
|rule|Species Clause: Limit one of each Pokémon
|rule|OHKO Clause: OHKO moves are banned
|rule|Evasion Items Clause: Evasion items are banned
|rule|Evasion Moves Clause: Evasion moves are banned
|rule|Evasion Abilities Clause: Evasion abilities are banned
|rule|Sleep Moves Clause: Sleep-inducing moves are banned
|clearpoke
|poke|p1|Tyranitar, M|
|poke|p1|Excadrill, M|
|poke|p1|Lycanroc, M|
|poke|p1|Scizor, M|
|poke|p1|Cyclizar, M|
|poke|p1|Volcanion|
|poke|p2|Landorus-Therian, M|
|poke|p2|Great Tusk|
|poke|p2|Dragapult, M|
|poke|p2|Zamazenta-*|
|poke|p2|Primarina, F|
|poke|p2|Kingambit, M|
|teampreview
|inactive|Battle timer is ON: inactive players will automatically lose when time's up. (requested by DIGIWAYNE123)
|
|t:|1776350973
|teamsize|p1|6
|teamsize|p2|6
|start
|switch|p1a: Tyranitar|Tyranitar, M|100/100
|switch|p2a: Inari|Landorus-Therian, M|100/100
|-ability|p2a: Inari|Intimidate|boost
|-unboost|p1a: Tyranitar|atk|1
|-weather|Sandstorm|[from] ability: Sand Stream|[of] p1a: Tyranitar
|turn|1
|
|t:|1776350992
|move|p2a: Inari|Stealth Rock|p1a: Tyranitar
|-sidestart|p1: DIGIWAYNE123|move: Stealth Rock
|move|p1a: Tyranitar|Dragon Dance|p1a: Tyranitar
|-boost|p1a: Tyranitar|atk|1
|-boost|p1a: Tyranitar|spe|1
|
|-weather|Sandstorm|[upkeep]
|upkeep
|turn|2
|
|t:|1776351000
|-terastallize|p1a: Tyranitar|Dark
|move|p1a: Tyranitar|Dragon Dance|p1a: Tyranitar
|-boost|p1a: Tyranitar|atk|1
|-boost|p1a: Tyranitar|spe|1
|move|p2a: Inari|Earthquake|p1a: Tyranitar
|-damage|p1a: Tyranitar|55/100
|
|-weather|Sandstorm|[upkeep]
|-damage|p1a: Tyranitar|49/100|[from] Sandstorm
|upkeep
|turn|3
|
|t:|1776351007
|move|p1a: Tyranitar|Knock Off|p2a: Inari
|-damage|p2a: Inari|0 fnt
|-damage|p1a: Tyranitar|32/100|[from] item: Rocky Helmet|[of] p2a: Inari
|-enditem|p2a: Inari|Rocky Helmet|[from] move: Knock Off|[of] p1a: Tyranitar
|faint|p2a: Inari
|
|-weather|Sandstorm|[upkeep]
|-damage|p1a: Tyranitar|26/100|[from] Sandstorm
|upkeep
|
|t:|1776351013
|switch|p2a: Ancient Elephant|Great Tusk|100/100
|turn|4
|
|t:|1776351028
|move|p1a: Tyranitar|Knock Off|p2a: Ancient Elephant
|-resisted|p2a: Ancient Elephant
|-damage|p2a: Ancient Elephant|61/100
|-enditem|p2a: Ancient Elephant|Heavy-Duty Boots|[from] move: Knock Off|[of] p1a: Tyranitar
|move|p2a: Ancient Elephant|Headlong Rush|p1a: Tyranitar
|-damage|p1a: Tyranitar|0 fnt
|-unboost|p2a: Ancient Elephant|def|1
|-unboost|p2a: Ancient Elephant|spd|1
|faint|p1a: Tyranitar
|
|-weather|Sandstorm|[upkeep]
|upkeep
|
|t:|1776351034
|switch|p1a: Cyclizar|Cyclizar, M|100/100
|turn|5
|
|t:|1776351037
|-end|p2a: Ancient Elephant|Protosynthesis|[silent]
|switch|p2a: Child Ammo|Dragapult, M|100/100
|move|p1a: Cyclizar|Draco Meteor|p2a: Child Ammo
|-supereffective|p2a: Child Ammo
|-damage|p2a: Child Ammo|0 fnt
|-unboost|p1a: Cyclizar|spa|2
|faint|p2a: Child Ammo
|
|-weather|Sandstorm|[upkeep]
|-damage|p1a: Cyclizar|94/100|[from] Sandstorm
|upkeep
|
|t:|1776351044
|switch|p2a: Shirahoshi|Primarina, F|100/100
|turn|6
|
|t:|1776351049
|move|p1a: Cyclizar|Rapid Spin|p2a: Shirahoshi
|-damage|p2a: Shirahoshi|79/100
|-boost|p1a: Cyclizar|spe|1
|-sideend|p1: DIGIWAYNE123|Stealth Rock|[from] move: Rapid Spin|[of] p1a: Cyclizar
|move|p2a: Shirahoshi|Moonblast|p1a: Cyclizar
|-supereffective|p1a: Cyclizar
|-damage|p1a: Cyclizar|0 fnt
|faint|p1a: Cyclizar
|
|-weather|Sandstorm|[upkeep]
|-damage|p2a: Shirahoshi|72/100|[from] Sandstorm
|upkeep
|
|t:|1776351055
|switch|p1a: Volcanion|Volcanion|100/100
|turn|7
|
|t:|1776351059
|switch|p2a: Ancient Elephant|Great Tusk|61/100
|move|p1a: Volcanion|Steam Eruption|p2a: Ancient Elephant
|-supereffective|p2a: Ancient Elephant
|-damage|p2a: Ancient Elephant|0 fnt
|faint|p2a: Ancient Elephant
|-end|p2a: Ancient Elephant|Protosynthesis|[silent]
|
|-weather|Sandstorm|[upkeep]
|-damage|p1a: Volcanion|94/100|[from] Sandstorm
|upkeep
|
|t:|1776351061
|switch|p2a: Shirahoshi|Primarina, F|72/100
|turn|8
|
|t:|1776351065
|move|p1a: Volcanion|Fire Spin|p2a: Shirahoshi
|-resisted|p2a: Shirahoshi
|-damage|p2a: Shirahoshi|67/100
|-activate|p2a: Shirahoshi|move: Fire Spin|[of] p1a: Volcanion
|move|p2a: Shirahoshi|Psychic Noise|p1a: Volcanion
|-damage|p1a: Volcanion|72/100
|-start|p1a: Volcanion|move: Heal Block
|
|-weather|none
|-damage|p2a: Shirahoshi|54/100|[from] move: Fire Spin|[partiallytrapped]
|upkeep
|turn|9
|
|t:|1776351070
|move|p1a: Volcanion|Earth Power|p2a: Shirahoshi
|-damage|p2a: Shirahoshi|33/100
|move|p2a: Shirahoshi|Moonblast|p1a: Volcanion
|-resisted|p1a: Volcanion
|-damage|p1a: Volcanion|51/100
|
|-damage|p2a: Shirahoshi|21/100|[from] move: Fire Spin|[partiallytrapped]
|-end|p1a: Volcanion|move: Heal Block
|upkeep
|turn|10
|
|t:|1776351077
|move|p1a: Volcanion|Earth Power|p2a: Shirahoshi
|-damage|p2a: Shirahoshi|0 fnt
|faint|p2a: Shirahoshi
|
|upkeep
|
|t:|1776351080
|switch|p2a: WhoLetTheDogsOut|Zamazenta|100/100
|-ability|p2a: WhoLetTheDogsOut|Dauntless Shield|boost
|-boost|p2a: WhoLetTheDogsOut|def|1
|turn|11
|
|t:|1776351085
|move|p2a: WhoLetTheDogsOut|Body Press|p1a: Volcanion
|-damage|p1a: Volcanion|5/100
|move|p1a: Volcanion|Steam Eruption|p2a: WhoLetTheDogsOut
|-crit|p2a: WhoLetTheDogsOut
|-damage|p2a: WhoLetTheDogsOut|25/100
|
|upkeep
|turn|12
|
|t:|1776351091
|move|p2a: WhoLetTheDogsOut|Crunch|p1a: Volcanion
|-crit|p1a: Volcanion
|-damage|p1a: Volcanion|0 fnt
|faint|p1a: Volcanion
|
|upkeep
|
|t:|1776351096
|switch|p1a: Scizor|Scizor, M|100/100
|turn|13
|
|t:|1776351098
|move|p2a: WhoLetTheDogsOut|Body Press|p1a: Scizor
|-damage|p1a: Scizor|52/100
|move|p1a: Scizor|Swords Dance|p1a: Scizor
|-boost|p1a: Scizor|atk|2
|
|-heal|p1a: Scizor|58/100|[from] item: Leftovers
|upkeep
|turn|14
|
|t:|1776351104
|move|p1a: Scizor|Bullet Punch|p2a: WhoLetTheDogsOut
|-damage|p2a: WhoLetTheDogsOut|0 fnt
|faint|p2a: WhoLetTheDogsOut
|
|-heal|p1a: Scizor|64/100|[from] item: Leftovers
|upkeep
|
|t:|1776351105
|switch|p2a: Checkmate|Kingambit, M, shiny|100/100
|-activate|p2a: Checkmate|ability: Supreme Overlord
|-start|p2a: Checkmate|fallen5|[silent]
|turn|15
|
|t:|1776351108
|-terastallize|p2a: Checkmate|Ghost
|move|p2a: Checkmate|Swords Dance|p2a: Checkmate
|-boost|p2a: Checkmate|atk|2
|move|p1a: Scizor|Close Combat|p2a: Checkmate
|-immune|p2a: Checkmate
|
|-heal|p1a: Scizor|70/100|[from] item: Leftovers
|upkeep
|turn|16
|
|t:|1776351112
|move|p2a: Checkmate|Sucker Punch|p1a: Scizor
|-damage|p1a: Scizor|0 fnt
|faint|p1a: Scizor
|
|upkeep
|
|t:|1776351117
|switch|p1a: Excadrill|Excadrill, M|100/100
|turn|17
|
|t:|1776351121
|move|p1a: Excadrill|Swords Dance|p1a: Excadrill
|-boost|p1a: Excadrill|atk|2
|move|p2a: Checkmate|Kowtow Cleave|p1a: Excadrill
|-enditem|p1a: Excadrill|Focus Sash
|-damage|p1a: Excadrill|1/100
|
|upkeep
|turn|18
|
|t:|1776351124
|move|p2a: Checkmate|Sucker Punch||[still]
|-fail|p2a: Checkmate
|move|p1a: Excadrill|Swords Dance|p1a: Excadrill
|-boost|p1a: Excadrill|atk|2
|
|upkeep
|turn|19
|
|t:|1776351126
|move|p2a: Checkmate|Sucker Punch||[still]
|-fail|p2a: Checkmate
|move|p1a: Excadrill|Swords Dance|p1a: Excadrill
|-boost|p1a: Excadrill|atk|2
|
|upkeep
|turn|20
|
|t:|1776351128
|move|p2a: Checkmate|Sucker Punch||[still]
|-fail|p2a: Checkmate
|move|p1a: Excadrill|Swords Dance|p1a: Excadrill
|-boost|p1a: Excadrill|atk|0
|
|upkeep
|turn|21
|
|t:|1776351132
|move|p2a: Checkmate|Sucker Punch||[still]
|-fail|p2a: Checkmate
|move|p1a: Excadrill|Swords Dance|p1a: Excadrill
|-boost|p1a: Excadrill|atk|0
|
|upkeep
|turn|22
|
|t:|1776351133
|move|p2a: Checkmate|Sucker Punch||[still]
|-fail|p2a: Checkmate
|move|p1a: Excadrill|Swords Dance|p1a: Excadrill
|-boost|p1a: Excadrill|atk|0
|
|upkeep
|turn|23
|
|t:|1776351139
|move|p2a: Checkmate|Sucker Punch||[still]
|-fail|p2a: Checkmate
|move|p1a: Excadrill|Swords Dance|p1a: Excadrill
|-boost|p1a: Excadrill|atk|0
|
|upkeep
|turn|24
|
|t:|1776351144
|move|p2a: Checkmate|Sucker Punch||[still]
|-fail|p2a: Checkmate
|move|p1a: Excadrill|Swords Dance|p1a: Excadrill
|-boost|p1a: Excadrill|atk|0
|
|upkeep
|turn|25
|
|t:|1776351146
|move|p1a: Excadrill|Earthquake|p2a: Checkmate
|-damage|p2a: Checkmate|0 fnt
|faint|p2a: Checkmate
|-end|p2a: Checkmate|fallen5|[silent]
|
|win|DIGIWAYNE123
|raw|DIGIWAYNE123's rating: 1365 &rarr; <strong>1388</strong><br />(+23 for winning)
|raw|Docter_Peng99's rating: 1418 &rarr; <strong>1395</strong><br />(-23 for losing)
|l|☆Docter_Peng99
|player|p2|
