|html|<div class="broadcast-blue"><strong>[Gen 9] OU is currently suspecting Volcarona! For information on how to participate check out the <a href="https://www.smogon.com/tools/suspects/view/208">suspect thread</a>.</strong></div>
|j|☆brievenbuspoeper
|j|☆Dr Gaster PHD
|t:|1778497796
|gametype|singles
|player|p1|brievenbuspoeper|chuck|1581
|player|p2|Dr Gaster PHD|ghetsis|1585
|gen|9
|tier|[Gen 9] OU
|rated|
|rule|HP Percentage Mod: HP is shown in percentages
|rule|Endless Battle Clause: Forcing endless battles is banned
|rule|Species Clause: Limit one of each Pokémon
|rule|OHKO Clause: OHKO moves are banned
|rule|Evasion Items Clause: Evasion items are banned
|rule|Evasion Moves Clause: Evasion moves are banned
|rule|Evasion Abilities Clause: Evasion abilities are banned
|rule|Sleep Moves Clause: Sleep-inducing moves are banned
|clearpoke
|poke|p1|Indeedee, M|
|poke|p1|Hoopa-Unbound|
|poke|p1|Ceruledge, M|
|poke|p1|Polteageist-Antique|
|poke|p1|Cinderace, F|
|poke|p1|Iron Valiant|
|poke|p2|Moltres-Galar|
|poke|p2|Gholdengo|
|poke|p2|Samurott-Hisui, F|
|poke|p2|Smeargle, F|
|poke|p2|Zamazenta-*|
|poke|p2|Deoxys-Speed|
|teampreview
|inactive|Battle timer is ON: inactive players will automatically lose when time's up. (requested by brievenbuspoeper)
|
|t:|1778497812
|teamsize|p1|6
|teamsize|p2|6
|start
|switch|p1a: Cinderace|Cinderace, F|100/100
|switch|p2a: Deoxys|Deoxys-Speed|100/100
|-ability|p2a: Deoxys|Pressure
|turn|1
|
|t:|1778497817
|move|p1a: Cinderace|U-turn|p2a: Deoxys
|-start|p1a: Cinderace|typechange|Bug|[from] ability: Libero
|-supereffective|p2a: Deoxys
|-damage|p2a: Deoxys|13/100
|
|t:|1778497823
|switch|p1a: Hoopa|Hoopa-Unbound|100/100|[from] U-turn
|move|p2a: Deoxys|Reflect|p2a: Deoxys
|-sidestart|p2: Dr Gaster PHD|Reflect
|
|upkeep
|turn|2
|
|t:|1778497826
|switch|p1a: Cinderace|Cinderace, F|100/100
|move|p2a: Deoxys|Light Screen|p2a: Deoxys
|-sidestart|p2: Dr Gaster PHD|move: Light Screen
|
|upkeep
|turn|3
|
|t:|1778497838
|move|p1a: Cinderace|U-turn|p2a: Deoxys
|-start|p1a: Cinderace|typechange|Bug|[from] ability: Libero
|-supereffective|p2a: Deoxys
|-damage|p2a: Deoxys|0 fnt
|faint|p2a: Deoxys
|
|t:|1778497844
|switch|p1a: Indeedee|Indeedee, M|100/100|[from] U-turn
|-fieldstart|move: Psychic Terrain|[from] ability: Psychic Surge|[of] p1a: Indeedee
|
|upkeep
|
|t:|1778497847
|switch|p2a: Samurott|Samurott-Hisui, F|100/100
|turn|4
|j| pirouo
|
|t:|1778497854
|switch|p1a: Cinderace|Cinderace, F|100/100
|move|p2a: Samurott|Ceaseless Edge|p1a: Cinderace
|-damage|p1a: Cinderace|32/100
|-sidestart|p1: brievenbuspoeper|Spikes
|
|upkeep
|turn|5
|j| Puyu paz
|
|t:|1778497860
|move|p1a: Cinderace|Court Change|p1a: Cinderace
|-start|p1a: Cinderace|typechange|Normal|[from] ability: Libero
|-swapsideconditions
|-activate|p1a: Cinderace|move: Court Change
|move|p2a: Samurott|Ceaseless Edge|p1a: Cinderace
|-damage|p1a: Cinderace|3/100
|-sidestart|p1: brievenbuspoeper|Spikes
|
|upkeep
|turn|6
|
|t:|1778497863
|switch|p1a: Iron Valiant|Iron Valiant|100/100
|-damage|p1a: Iron Valiant|88/100|[from] Spikes
|-enditem|p1a: Iron Valiant|Booster Energy
|-activate|p1a: Iron Valiant|ability: Quark Drive|[fromitem]
|-start|p1a: Iron Valiant|quarkdrivespe
|move|p2a: Samurott|Ceaseless Edge|p1a: Iron Valiant
|-resisted|p1a: Iron Valiant
|-damage|p1a: Iron Valiant|81/100
|-sidestart|p1: brievenbuspoeper|Spikes
|
|upkeep
|turn|7
|
|t:|1778497874
|move|p1a: Iron Valiant|Shadow Ball|p2a: Samurott
|-resisted|p2a: Samurott
|-damage|p2a: Samurott|82/100
|move|p2a: Samurott|Encore|p1a: Iron Valiant
|-start|p1a: Iron Valiant|Encore
|
|upkeep
|turn|8
|
|t:|1778497880
|-end|p1a: Iron Valiant|Quark Drive|[silent]
|switch|p1a: Cinderace|Cinderace, F|3/100
|-damage|p1a: Cinderace|0 fnt|[from] Spikes
|faint|p1a: Cinderace
|move|p2a: Samurott|Razor Shell|p1: Cinderace|[notarget]
|-fail|p2a: Samurott
|
|-sideend|p1: brievenbuspoeper|Reflect
|upkeep
|
|t:|1778497886
|switch|p1a: Iron Valiant|Iron Valiant|81/100
|-damage|p1a: Iron Valiant|65/100|[from] Spikes
|turn|9
|
|t:|1778497891
|switch|p2a: Gholdengo|Gholdengo|100/100
|-damage|p2a: Gholdengo|88/100|[from] Spikes
|move|p1a: Iron Valiant|Shadow Ball|p2a: Gholdengo
|-supereffective|p2a: Gholdengo
|-damage|p2a: Gholdengo|25/100
|
|-sideend|p1: brievenbuspoeper|move: Light Screen
|upkeep
|turn|10
|
|t:|1778497899
|-end|p1a: Iron Valiant|Quark Drive|[silent]
|switch|p1a: Ceruledge|Ceruledge, M|100/100
|-damage|p1a: Ceruledge|84/100|[from] Spikes
|move|p2a: Gholdengo|Make It Rain|p1a: Ceruledge
|-resisted|p1a: Ceruledge
|-damage|p1a: Ceruledge|47/100
|-unboost|p2a: Gholdengo|spa|1
|
|-fieldend|move: Psychic Terrain
|upkeep
|turn|11
|
|t:|1778497904
|switch|p2a: Samurott|Samurott-Hisui, F|82/100
|-damage|p2a: Samurott|70/100|[from] Spikes
|move|p1a: Ceruledge|Bitter Blade|p2a: Samurott
|-resisted|p2a: Samurott
|-damage|p2a: Samurott|39/100
|-heal|p1a: Ceruledge|63/100|[from] drain|[of] p2a: Samurott
|
|upkeep
|turn|12
|
|t:|1778497914
|switch|p1a: Iron Valiant|Iron Valiant|65/100
|-damage|p1a: Iron Valiant|48/100|[from] Spikes
|move|p2a: Samurott|Ceaseless Edge|p1a: Iron Valiant
|-resisted|p1a: Iron Valiant
|-damage|p1a: Iron Valiant|33/100
|-sidestart|p1: brievenbuspoeper|Spikes
|
|upkeep
|turn|13
|
|t:|1778497924
|move|p1a: Iron Valiant|Moonblast|p2a: Samurott
|-supereffective|p2a: Samurott
|-damage|p2a: Samurott|0 fnt
|faint|p2a: Samurott
|
|upkeep
|
|t:|1778497931
|switch|p2a: Gholdengo|Gholdengo|25/100
|-damage|p2a: Gholdengo|13/100|[from] Spikes
|turn|14
|
|t:|1778497937
|-end|p1a: Iron Valiant|Quark Drive|[silent]
|switch|p1a: Indeedee|Indeedee, M|100/100
|-damage|p1a: Indeedee|76/100|[from] Spikes
|-fieldstart|move: Psychic Terrain|[from] ability: Psychic Surge|[of] p1a: Indeedee
|move|p2a: Gholdengo|Shadow Ball|p1a: Indeedee
|-immune|p1a: Indeedee
|
|upkeep
|turn|15
|
|t:|1778497943
|switch|p2a: Moltres|Moltres-Galar|100/100
|-terastallize|p1a: Indeedee|Fairy
|move|p1a: Indeedee|Dazzling Gleam|p2a: Moltres
|-supereffective|p2a: Moltres
|-damage|p2a: Moltres|36/100
|-ability|p2a: Moltres|Berserk|boost
|-boost|p2a: Moltres|spa|1
|-enditem|p2a: Moltres|Sitrus Berry|[eat]
|-heal|p2a: Moltres|61/100|[from] item: Sitrus Berry
|
|upkeep
|turn|16
|
|t:|1778497970
|-terastallize|p2a: Moltres|Ghost
|move|p1a: Indeedee|Dazzling Gleam|p2a: Moltres
|-damage|p2a: Moltres|29/100
|-ability|p2a: Moltres|Berserk|boost
|-boost|p2a: Moltres|spa|1
|move|p2a: Moltres|Agility|p2a: Moltres
|-boost|p2a: Moltres|spe|2
|
|upkeep
|turn|17
|
|t:|1778497975
|move|p2a: Moltres|Hurricane|p1a: Indeedee|[miss]
|-miss|p2a: Moltres|p1a: Indeedee
|move|p1a: Indeedee|Encore|p2a: Moltres
|-start|p2a: Moltres|Encore
|
|upkeep
|turn|18
|
|t:|1778497978
|move|p2a: Moltres|Hurricane|p1a: Indeedee|[miss]
|-miss|p2a: Moltres|p1a: Indeedee
|move|p1a: Indeedee|Expanding Force|p2a: Moltres
|-damage|p2a: Moltres|0 fnt
|faint|p2a: Moltres
|
|upkeep
|
|t:|1778497981
|switch|p2a: Gholdengo|Gholdengo|13/100
|-damage|p2a: Gholdengo|0 fnt|[from] Spikes
|faint|p2a: Gholdengo
|
|t:|1778497985
|switch|p2a: Picasso|Smeargle, F|100/100
|-damage|p2a: Picasso|88/100|[from] Spikes
|turn|19
|
|t:|1778497992
|move|p1a: Indeedee|Expanding Force|p2a: Picasso
|-damage|p2a: Picasso|0 fnt
|faint|p2a: Picasso
|
|upkeep
|
|t:|1778497994
|switch|p2a: Zamazenta|Zamazenta|100/100
|-damage|p2a: Zamazenta|88/100|[from] Spikes
|-ability|p2a: Zamazenta|Dauntless Shield|boost
|-boost|p2a: Zamazenta|def|1
|turn|20
|
|t:|1778497997
|move|p2a: Zamazenta|Heavy Slam|p1a: Indeedee
|-supereffective|p1a: Indeedee
|-damage|p1a: Indeedee|0 fnt
|faint|p1a: Indeedee
|
|-heal|p2a: Zamazenta|94/100|[from] item: Leftovers
|upkeep
|
|t:|1778498002
|switch|p1a: Hoopa|Hoopa-Unbound|100/100
|-damage|p1a: Hoopa|76/100|[from] Spikes
|turn|21
|
|t:|1778498006
|move|p1a: Hoopa|Expanding Force|p2a: Zamazenta
|-supereffective|p2a: Zamazenta
|-damage|p2a: Zamazenta|0 fnt
|faint|p2a: Zamazenta
|
|win|brievenbuspoeper
|raw|brievenbuspoeper's rating: 1581 &rarr; <strong>1601</strong><br />(+20 for winning)
|raw|Dr Gaster PHD's rating: 1585 &rarr; <strong>1565</strong><br />(-20 for losing)
|l|☆Dr Gaster PHD
|player|p2|
|l|☆brievenbuspoeper
|player|p1|
