|html|<div class="broadcast-blue"><strong>[Gen 9] OU is currently suspecting Tera Blast! For information on how to participate check out the <a href="https://www.smogon.com/tools/suspects/view/200">suspect thread</a>.</strong></div>
|j|☆TrainerGly
|j|☆Kira167
|t:|1776098171
|gametype|singles
|player|p1|TrainerGly|2|1184
|player|p2|Kira167|266|1181
|gen|9
|tier|[Gen 9] OU
|rated|
|rule|HP Percentage Mod: HP is shown in percentages
|rule|Endless Battle Clause: Forcing endless battles is banned
|rule|Species Clause: Limit one of each Pokémon
|rule|OHKO Clause: OHKO moves are banned
|rule|Evasion Items Clause: Evasion items are banned
|rule|Evasion Moves Clause: Evasion moves are banned
|rule|Evasion Abilities Clause: Evasion abilities are banned
|rule|Sleep Moves Clause: Sleep-inducing moves are banned
|clearpoke
|poke|p1|Typhlosion, F|
|poke|p1|Torkoal, F|
|poke|p1|Garchomp, M|
|poke|p1|Kingambit, F|
|poke|p1|Shiftry, F|
|poke|p1|Corviknight, F|
|poke|p2|Gliscor, M|
|poke|p2|Gholdengo|
|poke|p2|Toxapex, M|
|poke|p2|Kyurem|
|poke|p2|Kingambit, M|
|poke|p2|Great Tusk|
|teampreview
|j| ohko_smeargle
|inactive|Battle timer is ON: inactive players will automatically lose when time's up. (requested by Kira167)
|
|t:|1776098248
|teamsize|p1|6
|teamsize|p2|6
|start
|switch|p1a: Torkoal|Torkoal, F|100/100
|switch|p2a: Andhakasur|Gliscor, M|100/100
|-weather|SunnyDay|[from] ability: Drought|[of] p1a: Torkoal
|turn|1
|
|t:|1776098269
|-terastallize|p2a: Andhakasur|Water
|move|p2a: Andhakasur|Substitute|p2a: Andhakasur
|-start|p2a: Andhakasur|Substitute
|-damage|p2a: Andhakasur|75/100
|move|p1a: Torkoal|Will-O-Wisp||[still]
|-fail|p1a: Torkoal
|
|-weather|SunnyDay|[upkeep]
|-status|p2a: Andhakasur|tox|[from] item: Toxic Orb
|upkeep
|turn|2
|
|t:|1776098278
|move|p2a: Andhakasur|Earthquake|p1a: Torkoal
|-supereffective|p1a: Torkoal
|-damage|p1a: Torkoal|62/100
|move|p1a: Torkoal|Stealth Rock|p2a: Andhakasur
|-sidestart|p2: Kira167|move: Stealth Rock
|
|-weather|SunnyDay|[upkeep]
|-heal|p2a: Andhakasur|88/100 tox|[from] ability: Poison Heal
|upkeep
|turn|3
|
|t:|1776098289
|switch|p1a: Corviknight|Corviknight, F|100/100
|-ability|p1a: Corviknight|Pressure
|move|p2a: Andhakasur|Earthquake|p1a: Corviknight
|-immune|p1a: Corviknight
|
|-weather|SunnyDay|[upkeep]
|-heal|p2a: Andhakasur|100/100 tox|[from] ability: Poison Heal
|upkeep
|turn|4
|
|t:|1776098304
|switch|p2a: Rahu|Gholdengo, shiny|100/100
|-damage|p2a: Rahu|94/100|[from] Stealth Rock
|move|p1a: Corviknight|Body Press|p2a: Rahu
|-immune|p2a: Rahu
|
|-weather|SunnyDay|[upkeep]
|-heal|p2a: Rahu|100/100|[from] item: Leftovers
|upkeep
|turn|5
|
|t:|1776098314
|move|p2a: Rahu|Nasty Plot|p2a: Rahu
|-boost|p2a: Rahu|spa|2
|move|p1a: Corviknight|U-turn|p2a: Rahu
|-resisted|p2a: Rahu
|-damage|p2a: Rahu|98/100
|
|t:|1776098322
|switch|p1a: Typhlosion|Typhlosion, F|100/100|[from] U-turn
|
|-weather|SunnyDay|[upkeep]
|-heal|p2a: Rahu|100/100|[from] item: Leftovers
|upkeep
|turn|6
|
|t:|1776098330
|switch|p2a: Toxapex|Toxapex, M|100/100
|-damage|p2a: Toxapex|88/100|[from] Stealth Rock
|move|p1a: Typhlosion|Eruption|p2a: Toxapex
|-resisted|p2a: Toxapex
|-damage|p2a: Toxapex|48/100
|
|-weather|SunnyDay|[upkeep]
|-heal|p2a: Toxapex|54/100|[from] item: Black Sludge
|upkeep
|turn|7
|
|t:|1776098340
|-terastallize|p1a: Typhlosion|Fire
|move|p1a: Typhlosion|Eruption|p2a: Toxapex
|-resisted|p2a: Toxapex
|-damage|p2a: Toxapex|0 fnt
|faint|p2a: Toxapex
|
|-weather|SunnyDay|[upkeep]
|upkeep
|
|t:|1776098350
|switch|p2a: Airavat|Great Tusk|100/100
|-activate|p2a: Airavat|ability: Protosynthesis
|-start|p2a: Airavat|protosynthesisdef
|turn|8
|
|t:|1776098358
|move|p1a: Typhlosion|Eruption|p2a: Airavat
|-damage|p2a: Airavat|0 fnt
|faint|p2a: Airavat
|-end|p2a: Airavat|Protosynthesis|[silent]
|
|-weather|none
|upkeep
|
|t:|1776098366
|switch|p2a: Andhakasur|Gliscor, M, tera:Water|100/100 tox
|-damage|p2a: Andhakasur|88/100 tox|[from] Stealth Rock
|turn|9
|inactive|TrainerGly has 120 seconds left.
|
|t:|1776098415
|switch|p1a: Corviknight|Corviknight, F|100/100
|-ability|p1a: Corviknight|Pressure
|move|p2a: Andhakasur|Protect||[still]
|-fail|p2a: Andhakasur
|
|-heal|p2a: Andhakasur|100/100 tox|[from] ability: Poison Heal
|upkeep
|turn|10
|
|t:|1776098425
|switch|p2a: Rahu|Gholdengo, shiny|100/100
|-damage|p2a: Rahu|94/100|[from] Stealth Rock
|move|p1a: Corviknight|Body Press|p2a: Rahu
|-immune|p2a: Rahu
|
|-heal|p2a: Rahu|100/100|[from] item: Leftovers
|upkeep
|turn|11
|
|t:|1776098440
|move|p2a: Rahu|Shadow Ball|p1a: Corviknight
|-damage|p1a: Corviknight|67/100
|move|p1a: Corviknight|U-turn|p2a: Rahu
|-resisted|p2a: Rahu
|-damage|p2a: Rahu|98/100
|
|t:|1776098445
|switch|p1a: Typhlosion|Typhlosion, F, tera:Fire|100/100|[from] U-turn
|
|-heal|p2a: Rahu|100/100|[from] item: Leftovers
|upkeep
|turn|12
|
|t:|1776098456
|switch|p2a: Andhakasur|Gliscor, M, tera:Water|100/100 tox
|-damage|p2a: Andhakasur|88/100 tox|[from] Stealth Rock
|move|p1a: Typhlosion|Eruption|p2a: Andhakasur
|-resisted|p2a: Andhakasur
|-damage|p2a: Andhakasur|35/100 tox
|
|-heal|p2a: Andhakasur|47/100 tox|[from] ability: Poison Heal
|upkeep
|turn|13
|
|t:|1776098468
|switch|p1a: Torkoal|Torkoal, F|62/100
|-weather|SunnyDay|[from] ability: Drought|[of] p1a: Torkoal
|move|p2a: Andhakasur|Substitute|p2a: Andhakasur
|-start|p2a: Andhakasur|Substitute
|-damage|p2a: Andhakasur|22/100 tox
|
|-weather|SunnyDay|[upkeep]
|-heal|p2a: Andhakasur|35/100 tox|[from] ability: Poison Heal
|upkeep
|turn|14
|
|t:|1776098478
|switch|p1a: Corviknight|Corviknight, F|67/100
|-ability|p1a: Corviknight|Pressure
|move|p2a: Andhakasur|Earthquake|p1a: Corviknight
|-immune|p1a: Corviknight
|
|-weather|SunnyDay|[upkeep]
|-heal|p1a: Corviknight|73/100|[from] item: Leftovers
|-heal|p2a: Andhakasur|47/100 tox|[from] ability: Poison Heal
|upkeep
|turn|15
|
|t:|1776098488
|move|p2a: Andhakasur|Protect|p2a: Andhakasur
|-singleturn|p2a: Andhakasur|Protect
|move|p1a: Corviknight|Body Press|p2a: Andhakasur
|-activate|p2a: Andhakasur|move: Protect
|
|-weather|SunnyDay|[upkeep]
|-heal|p1a: Corviknight|80/100|[from] item: Leftovers
|-heal|p2a: Andhakasur|60/100 tox|[from] ability: Poison Heal
|upkeep
|turn|16
|
|t:|1776098516
|move|p2a: Andhakasur|Toxic|p1a: Corviknight
|-immune|p1a: Corviknight
|move|p1a: Corviknight|Body Press|p2a: Andhakasur
|-activate|p2a: Andhakasur|move: Substitute|[damage]
|
|-weather|SunnyDay|[upkeep]
|-heal|p1a: Corviknight|86/100|[from] item: Leftovers
|-heal|p2a: Andhakasur|72/100 tox|[from] ability: Poison Heal
|upkeep
|turn|17
|
|t:|1776098525
|move|p2a: Andhakasur|Protect|p2a: Andhakasur
|-singleturn|p2a: Andhakasur|Protect
|move|p1a: Corviknight|Body Press|p2a: Andhakasur
|-activate|p2a: Andhakasur|move: Protect
|
|-weather|SunnyDay|[upkeep]
|-heal|p1a: Corviknight|92/100|[from] item: Leftovers
|-heal|p2a: Andhakasur|85/100 tox|[from] ability: Poison Heal
|upkeep
|turn|18
|
|t:|1776098535
|move|p2a: Andhakasur|Substitute|p2a: Andhakasur
|-fail|p2a: Andhakasur|move: Substitute
|move|p1a: Corviknight|Body Press|p2a: Andhakasur
|-end|p2a: Andhakasur|Substitute
|
|-weather|SunnyDay|[upkeep]
|-heal|p1a: Corviknight|98/100|[from] item: Leftovers
|-heal|p2a: Andhakasur|97/100 tox|[from] ability: Poison Heal
|upkeep
|turn|19
|
|t:|1776098544
|move|p2a: Andhakasur|Substitute|p2a: Andhakasur
|-start|p2a: Andhakasur|Substitute
|-damage|p2a: Andhakasur|72/100 tox
|move|p1a: Corviknight|U-turn|p2a: Andhakasur
|-activate|p2a: Andhakasur|move: Substitute|[damage]
|
|t:|1776098550
|switch|p1a: Shiftry|Shiftry, F|100/100|[from] U-turn
|
|-weather|SunnyDay|[upkeep]
|-heal|p2a: Andhakasur|85/100 tox|[from] ability: Poison Heal
|upkeep
|turn|20
|
|t:|1776098560
|move|p2a: Andhakasur|Protect|p2a: Andhakasur
|-singleturn|p2a: Andhakasur|Protect
|move|p1a: Shiftry|Solar Blade||[still]
|-prepare|p1a: Shiftry|Solar Blade
|-anim|p1a: Shiftry|Solar Blade|p2a: Andhakasur
|-activate|p2a: Andhakasur|move: Protect
|
|-weather|none
|-heal|p2a: Andhakasur|97/100 tox|[from] ability: Poison Heal
|upkeep
|turn|21
|
|t:|1776098574
|switch|p1a: Corviknight|Corviknight, F|98/100
|-ability|p1a: Corviknight|Pressure
|move|p2a: Andhakasur|Toxic|p1a: Corviknight
|-immune|p1a: Corviknight
|
|-heal|p1a: Corviknight|100/100|[from] item: Leftovers
|-heal|p2a: Andhakasur|100/100 tox|[from] ability: Poison Heal
|upkeep
|turn|22
|
|t:|1776098587
|switch|p2a: Rahu|Gholdengo, shiny|100/100
|-damage|p2a: Rahu|94/100|[from] Stealth Rock
|move|p1a: Corviknight|U-turn|p2a: Rahu
|-resisted|p2a: Rahu
|-damage|p2a: Rahu|92/100
|
|t:|1776098595
|switch|p1a: Torkoal|Torkoal, F|62/100|[from] U-turn
|-weather|SunnyDay|[from] ability: Drought|[of] p1a: Torkoal
|
|-weather|SunnyDay|[upkeep]
|-heal|p2a: Rahu|98/100|[from] item: Leftovers
|upkeep
|turn|23
|
|t:|1776098610
|switch|p2a: Kyurem|Kyurem, shiny|100/100
|-damage|p2a: Kyurem|76/100|[from] Stealth Rock
|-ability|p2a: Kyurem|Pressure
|move|p1a: Torkoal|Overheat|p2a: Kyurem
|-damage|p2a: Kyurem|20/100
|-unboost|p1a: Torkoal|spa|2
|
|-weather|SunnyDay|[upkeep]
|-heal|p2a: Kyurem|26/100|[from] item: Leftovers
|upkeep
|turn|24
|
|t:|1776098624
|switch|p1a: Corviknight|Corviknight, F|100/100
|-ability|p1a: Corviknight|Pressure
|move|p2a: Kyurem|Substitute|p2a: Kyurem
|-start|p2a: Kyurem|Substitute
|-damage|p2a: Kyurem|1/100
|
|-weather|SunnyDay|[upkeep]
|-heal|p2a: Kyurem|7/100|[from] item: Leftovers
|upkeep
|turn|25
|
|t:|1776098635
|move|p2a: Kyurem|Freeze-Dry|p1a: Corviknight
|-damage|p1a: Corviknight|67/100
|move|p1a: Corviknight|Body Press|p2a: Kyurem
|-supereffective|p2a: Kyurem
|-end|p2a: Kyurem|Substitute
|
|-weather|SunnyDay|[upkeep]
|-heal|p2a: Kyurem|14/100|[from] item: Leftovers
|-heal|p1a: Corviknight|74/100|[from] item: Leftovers
|upkeep
|turn|26
|
|t:|1776098645
|switch|p2a: Rahu|Gholdengo, shiny|98/100
|-damage|p2a: Rahu|92/100|[from] Stealth Rock
|move|p1a: Corviknight|Body Press|p2a: Rahu
|-immune|p2a: Rahu
|
|-weather|SunnyDay|[upkeep]
|-heal|p2a: Rahu|98/100|[from] item: Leftovers
|-heal|p1a: Corviknight|80/100|[from] item: Leftovers
|upkeep
|turn|27
|
|t:|1776098656
|move|p2a: Rahu|Shadow Ball|p1a: Corviknight
|-damage|p1a: Corviknight|42/100
|move|p1a: Corviknight|U-turn|p2a: Rahu
|-resisted|p2a: Rahu
|-damage|p2a: Rahu|96/100
|
|t:|1776098661
|switch|p1a: Shiftry|Shiftry, F|100/100|[from] U-turn
|
|-weather|SunnyDay|[upkeep]
|-heal|p2a: Rahu|100/100|[from] item: Leftovers
|upkeep
|turn|28
|
|t:|1776098686
|switch|p2a: kans mama|Kingambit, M, shiny|100/100
|-damage|p2a: kans mama|94/100|[from] Stealth Rock
|-activate|p2a: kans mama|ability: Supreme Overlord
|-start|p2a: kans mama|fallen2|[silent]
|move|p1a: Shiftry|Knock Off|p2a: kans mama
|-resisted|p2a: kans mama
|-damage|p2a: kans mama|70/100
|-enditem|p2a: kans mama|Black Glasses|[from] move: Knock Off|[of] p1a: Shiftry
|-damage|p1a: Shiftry|91/100|[from] item: Life Orb
|
|-weather|SunnyDay|[upkeep]
|upkeep
|turn|29
|
|t:|1776098701
|switch|p1a: Kingambit|Kingambit, F|100/100
|move|p2a: kans mama|Iron Head|p1a: Kingambit
|-resisted|p1a: Kingambit
|-damage|p1a: Kingambit|79/100
|
|-weather|none
|upkeep
|turn|30
|
|t:|1776098709
|move|p2a: kans mama|Swords Dance|p2a: kans mama
|-boost|p2a: kans mama|atk|2
|move|p1a: Kingambit|Low Kick|p2a: kans mama
|-supereffective|p2a: kans mama
|-damage|p2a: kans mama|0 fnt
|faint|p2a: kans mama
|-end|p2a: kans mama|fallen2|[silent]
|
|upkeep
|
|t:|1776098716
|switch|p2a: Andhakasur|Gliscor, M, tera:Water|100/100 tox
|-damage|p2a: Andhakasur|88/100 tox|[from] Stealth Rock
|turn|31
|
|t:|1776098723
|-end|p1a: Kingambit|fallenundefined|[silent]
|switch|p1a: Corviknight|Corviknight, F|42/100
|-ability|p1a: Corviknight|Pressure
|move|p2a: Andhakasur|Substitute|p2a: Andhakasur
|-start|p2a: Andhakasur|Substitute
|-damage|p2a: Andhakasur|63/100 tox
|
|-heal|p1a: Corviknight|48/100|[from] item: Leftovers
|-heal|p2a: Andhakasur|75/100 tox|[from] ability: Poison Heal
|upkeep
|turn|32
|
|t:|1776098740
|move|p2a: Andhakasur|Protect|p2a: Andhakasur
|-singleturn|p2a: Andhakasur|Protect
|move|p1a: Corviknight|U-turn|p2a: Andhakasur
|-activate|p2a: Andhakasur|move: Protect
|
|-heal|p1a: Corviknight|54/100|[from] item: Leftovers
|-heal|p2a: Andhakasur|88/100 tox|[from] ability: Poison Heal
|upkeep
|turn|33
|
|t:|1776098752
|move|p2a: Andhakasur|Substitute|p2a: Andhakasur
|-fail|p2a: Andhakasur|move: Substitute
|move|p1a: Corviknight|Roost|p1a: Corviknight
|-heal|p1a: Corviknight|100/100
|-singleturn|p1a: Corviknight|move: Roost
|
|-heal|p2a: Andhakasur|100/100 tox|[from] ability: Poison Heal
|upkeep
|turn|34
|
|t:|1776098760
|switch|p2a: Rahu|Gholdengo, shiny|100/100
|-damage|p2a: Rahu|94/100|[from] Stealth Rock
|move|p1a: Corviknight|U-turn|p2a: Rahu
|-resisted|p2a: Rahu
|-damage|p2a: Rahu|92/100
|
|t:|1776098766
|switch|p1a: Typhlosion|Typhlosion, F, tera:Fire|100/100|[from] U-turn
|
|-heal|p2a: Rahu|98/100|[from] item: Leftovers
|upkeep
|turn|35
|
|t:|1776098774
|switch|p2a: Andhakasur|Gliscor, M, tera:Water|100/100 tox
|-damage|p2a: Andhakasur|88/100 tox|[from] Stealth Rock
|move|p1a: Typhlosion|Eruption|p2a: Andhakasur
|-resisted|p2a: Andhakasur
|-damage|p2a: Andhakasur|28/100 tox
|
|-heal|p2a: Andhakasur|41/100 tox|[from] ability: Poison Heal
|upkeep
|turn|36
|
|t:|1776098784
|move|p1a: Typhlosion|Eruption|p2a: Andhakasur
|-resisted|p2a: Andhakasur
|-damage|p2a: Andhakasur|0 fnt
|faint|p2a: Andhakasur
|
|upkeep
|
|t:|1776098791
|switch|p2a: Kyurem|Kyurem, shiny|14/100
|-damage|p2a: Kyurem|0 fnt|[from] Stealth Rock
|faint|p2a: Kyurem
|
|t:|1776098795
|switch|p2a: Rahu|Gholdengo, shiny|98/100
|-damage|p2a: Rahu|92/100|[from] Stealth Rock
|turn|37
|
|t:|1776098803
|move|p1a: Typhlosion|Eruption|p2a: Rahu
|-supereffective|p2a: Rahu
|-damage|p2a: Rahu|0 fnt
|faint|p2a: Rahu
|
|win|TrainerGly
|raw|TrainerGly's rating: 1184 &rarr; <strong>1209</strong><br />(+25 for winning)
|raw|Kira167's rating: 1181 &rarr; <strong>1156</strong><br />(-25 for losing)
|l| ohko_smeargle
|l|☆TrainerGly
|player|p1|
|l|☆Kira167
|player|p2|
