|html|<div class="broadcast-blue"><strong>[Gen 9] OU is currently suspecting Tera Blast! For information on how to participate check out the <a href="https://www.smogon.com/tools/suspects/view/200">suspect thread</a>.</strong></div>
|j|‽RadiantSol
|j|☆N-Bromosuccinimide
|t:|1776064133
|gametype|singles
|player|p1|RadiantSol|flint|1191
|player|p2|N-Bromosuccinimide|102|1174
|gen|9
|tier|[Gen 9] OU
|rated|
|rule|HP Percentage Mod: HP is shown in percentages
|rule|Endless Battle Clause: Forcing endless battles is banned
|rule|Species Clause: Limit one of each Pokémon
|rule|OHKO Clause: OHKO moves are banned
|rule|Evasion Items Clause: Evasion items are banned
|rule|Evasion Moves Clause: Evasion moves are banned
|rule|Evasion Abilities Clause: Evasion abilities are banned
|rule|Sleep Moves Clause: Sleep-inducing moves are banned
|clearpoke
|poke|p1|Espeon, F|
|poke|p1|Ninetales, F|
|poke|p1|Leafeon, F|
|poke|p1|Corviknight, F|
|poke|p1|Quagsire, F|
|poke|p1|Blissey, F|
|poke|p2|Garchomp, F|
|poke|p2|Iron Valiant|
|poke|p2|Raging Bolt|
|poke|p2|Ogerpon-Wellspring, F|
|poke|p2|Corviknight, F|
|poke|p2|Cinderace, F|
|teampreview
|
|t:|1776064163
|teamsize|p1|6
|teamsize|p2|6
|start
|switch|p1a: Espeon|Espeon, F, shiny|100/100
|switch|p2a: Ogerpon|Ogerpon-Wellspring, F|100/100
|turn|1
|
|t:|1776064170
|switch|p1a: Corviknight|Corviknight, F|100/100
|-ability|p1a: Corviknight|Pressure
|move|p2a: Ogerpon|Trailblaze|p1a: Corviknight
|-resisted|p1a: Corviknight
|-damage|p1a: Corviknight|95/100
|-boost|p2a: Ogerpon|spe|1
|-damage|p2a: Ogerpon|84/100|[from] item: Rocky Helmet|[of] p1a: Corviknight
|
|upkeep
|turn|2
|
|t:|1776064180
|switch|p2a: Garchomp|Garchomp, F|100/100
|move|p1a: Corviknight|Body Press|p2a: Garchomp
|-damage|p2a: Garchomp|85/100
|-damage|p1a: Corviknight|83/100|[from] ability: Rough Skin|[of] p2a: Garchomp
|-damage|p1a: Corviknight|66/100|[from] item: Rocky Helmet|[of] p2a: Garchomp
|
|upkeep
|turn|3
|
|t:|1776064189
|move|p2a: Garchomp|Stealth Rock|p1a: Corviknight
|-sidestart|p1: RadiantSol|move: Stealth Rock
|move|p1a: Corviknight|Roost|p1a: Corviknight
|-heal|p1a: Corviknight|100/100
|-singleturn|p1a: Corviknight|move: Roost
|
|upkeep
|turn|4
|
|t:|1776064199
|move|p1a: Corviknight|Defog|p2a: Garchomp
|-unboost|p2a: Garchomp|evasion|1
|-sideend|p1: RadiantSol|Stealth Rock|[from] move: Defog|[of] p1a: Corviknight
|move|p2a: Garchomp|Dragon Tail|p1a: Corviknight
|-resisted|p1a: Corviknight
|-damage|p1a: Corviknight|91/100
|-damage|p2a: Garchomp|69/100|[from] item: Rocky Helmet|[of] p1a: Corviknight
|drag|p1a: Ninetales|Ninetales, F, shiny|100/100
|-weather|SunnyDay|[from] ability: Drought|[of] p1a: Ninetales
|
|-weather|SunnyDay|[upkeep]
|upkeep
|turn|5
|
|t:|1776064215
|switch|p1a: Corviknight|Corviknight, F|91/100
|-ability|p1a: Corviknight|Pressure
|switch|p2a: Raging Bolt|Raging Bolt|100/100
|-activate|p2a: Raging Bolt|ability: Protosynthesis
|-start|p2a: Raging Bolt|protosynthesisspa
|
|-weather|SunnyDay|[upkeep]
|upkeep
|turn|6
|
|t:|1776064245
|switch|p1a: Blissey|Blissey, F|100/100
|move|p2a: Raging Bolt|Thunderclap||[still]
|-fail|p2a: Raging Bolt
|
|-weather|SunnyDay|[upkeep]
|upkeep
|turn|7
|
|t:|1776064257
|-end|p2a: Raging Bolt|Protosynthesis|[silent]
|switch|p2a: Ogerpon|Ogerpon-Wellspring, F|84/100
|move|p1a: Blissey|Seismic Toss|p2a: Ogerpon
|-damage|p2a: Ogerpon|51/100
|
|-weather|SunnyDay|[upkeep]
|upkeep
|turn|8
|
|t:|1776064267
|switch|p1a: Corviknight|Corviknight, F|91/100
|-ability|p1a: Corviknight|Pressure
|move|p2a: Ogerpon|Swords Dance|p2a: Ogerpon
|-boost|p2a: Ogerpon|atk|2
|
|-weather|SunnyDay|[upkeep]
|upkeep
|turn|9
|
|t:|1776064281
|-terastallize|p2a: Ogerpon|Water
|detailschange|p2a: Ogerpon|Ogerpon-Wellspring-Tera, F, tera:Water
|-ability|p2a: Ogerpon|Embody Aspect (Wellspring)|boost
|-boost|p2a: Ogerpon|spd|1
|move|p2a: Ogerpon|Trailblaze|p1a: Corviknight
|-resisted|p1a: Corviknight
|-damage|p1a: Corviknight|80/100
|-boost|p2a: Ogerpon|spe|1
|-damage|p2a: Ogerpon|34/100|[from] item: Rocky Helmet|[of] p1a: Corviknight
|move|p1a: Corviknight|Body Press|p2a: Ogerpon
|-damage|p2a: Ogerpon|4/100
|
|-weather|SunnyDay|[upkeep]
|upkeep
|turn|10
|
|t:|1776064291
|move|p2a: Ogerpon|Ivy Cudgel|p1a: Corviknight|[anim] Ivy Cudgel Water
|-damage|p1a: Corviknight|16/100
|move|p1a: Corviknight|Body Press|p2a: Ogerpon
|-damage|p2a: Ogerpon|0 fnt
|faint|p2a: Ogerpon
|detailschange|p2: Ogerpon|Ogerpon-Wellspring, F|[silent]
|
|-weather|SunnyDay|[upkeep]
|upkeep
|
|t:|1776064307
|switch|p2a: Cinderace|Cinderace, F|100/100
|turn|11
|
|t:|1776064311
|switch|p1a: Quagsire|Quagsire, F|100/100
|move|p2a: Cinderace|Pyro Ball|p1a: Quagsire
|-resisted|p1a: Quagsire
|-damage|p1a: Quagsire|66/100
|
|-weather|none
|upkeep
|turn|12
|
|t:|1776064320
|switch|p2a: Corviknight|Corviknight, F|100/100
|-ability|p2a: Corviknight|Pressure
|move|p1a: Quagsire|Liquidation|p2a: Corviknight
|-damage|p2a: Corviknight|85/100
|-unboost|p2a: Corviknight|def|1
|-damage|p1a: Quagsire|50/100|[from] item: Rocky Helmet|[of] p2a: Corviknight
|-enditem|p1a: Quagsire|Sitrus Berry|[eat]
|-heal|p1a: Quagsire|75/100|[from] item: Sitrus Berry
|
|upkeep
|turn|13
|
|t:|1776064329
|move|p2a: Corviknight|U-turn|p1a: Quagsire
|-damage|p1a: Quagsire|64/100
|
|t:|1776064335
|switch|p2a: Garchomp|Garchomp, F|69/100|[from] U-turn
|move|p1a: Quagsire|Liquidation|p2a: Garchomp
|-damage|p2a: Garchomp|52/100
|-unboost|p2a: Garchomp|def|1
|-damage|p1a: Quagsire|52/100|[from] ability: Rough Skin|[of] p2a: Garchomp
|-damage|p1a: Quagsire|35/100|[from] item: Rocky Helmet|[of] p2a: Garchomp
|
|upkeep
|turn|14
|
|t:|1776064345
|move|p2a: Garchomp|Stealth Rock|p1a: Quagsire
|-sidestart|p1: RadiantSol|move: Stealth Rock
|move|p1a: Quagsire|Recover|p1a: Quagsire
|-heal|p1a: Quagsire|85/100
|
|upkeep
|turn|15
|
|t:|1776064355
|switch|p2a: Corviknight|Corviknight, F|85/100
|-ability|p2a: Corviknight|Pressure
|move|p1a: Quagsire|Toxic|p2a: Corviknight
|-immune|p2a: Corviknight
|
|upkeep
|turn|16
|
|t:|1776064366
|move|p2a: Corviknight|Body Press|p1a: Quagsire
|-damage|p1a: Quagsire|63/100
|move|p1a: Quagsire|Stealth Rock|p2a: Corviknight
|-sidestart|p2: N-Bromosuccinimide|move: Stealth Rock
|
|upkeep
|turn|17
|
|t:|1776064378
|move|p2a: Corviknight|Body Press|p1a: Quagsire
|-damage|p1a: Quagsire|43/100
|move|p1a: Quagsire|Recover|p1a: Quagsire
|-heal|p1a: Quagsire|93/100
|
|upkeep
|turn|18
|
|t:|1776064389
|move|p2a: Corviknight|Brave Bird|p1a: Quagsire
|-damage|p1a: Quagsire|66/100
|-damage|p2a: Corviknight|76/100|[from] Recoil
|move|p1a: Quagsire|Liquidation|p2a: Corviknight
|-damage|p2a: Corviknight|62/100
|-damage|p1a: Quagsire|49/100|[from] item: Rocky Helmet|[of] p2a: Corviknight
|
|upkeep
|turn|19
|
|t:|1776064396
|move|p2a: Corviknight|Roost|p2a: Corviknight
|-heal|p2a: Corviknight|100/100
|-singleturn|p2a: Corviknight|move: Roost
|move|p1a: Quagsire|Recover|p1a: Quagsire
|-heal|p1a: Quagsire|99/100
|
|upkeep
|turn|20
|
|t:|1776064413
|move|p2a: Corviknight|Brave Bird|p1a: Quagsire
|-damage|p1a: Quagsire|73/100
|-damage|p2a: Corviknight|92/100|[from] Recoil
|move|p1a: Quagsire|Liquidation|p2a: Corviknight
|-damage|p2a: Corviknight|76/100
|-damage|p1a: Quagsire|56/100|[from] item: Rocky Helmet|[of] p2a: Corviknight
|
|upkeep
|turn|21
|
|t:|1776064420
|move|p2a: Corviknight|Brave Bird|p1a: Quagsire
|-damage|p1a: Quagsire|26/100
|-damage|p2a: Corviknight|66/100|[from] Recoil
|move|p1a: Quagsire|Recover|p1a: Quagsire
|-heal|p1a: Quagsire|76/100
|
|upkeep
|turn|22
|
|t:|1776064435
|switch|p1a: Corviknight|Corviknight, F|16/100
|-damage|p1a: Corviknight|4/100|[from] Stealth Rock
|-ability|p1a: Corviknight|Pressure
|move|p2a: Corviknight|Body Press|p1a: Corviknight
|-damage|p1a: Corviknight|0 fnt
|-damage|p2a: Corviknight|49/100|[from] item: Rocky Helmet|[of] p1a: Corviknight
|faint|p1a: Corviknight
|
|upkeep
|
|t:|1776064443
|switch|p1a: Ninetales|Ninetales, F, shiny|100/100
|-damage|p1a: Ninetales|76/100|[from] Stealth Rock
|-weather|SunnyDay|[from] ability: Drought|[of] p1a: Ninetales
|turn|23
|inactive|Battle timer is ON: inactive players will automatically lose when time's up. (requested by RadiantSol)
|
|t:|1776064468
|switch|p2a: Garchomp|Garchomp, F|52/100
|-damage|p2a: Garchomp|46/100|[from] Stealth Rock
|move|p1a: Ninetales|Overheat|p2a: Garchomp
|-resisted|p2a: Garchomp
|-damage|p2a: Garchomp|10/100
|-unboost|p1a: Ninetales|spa|2
|
|-weather|SunnyDay|[upkeep]
|upkeep
|turn|24
|
|t:|1776064477
|switch|p1a: Quagsire|Quagsire, F|76/100
|-damage|p1a: Quagsire|70/100|[from] Stealth Rock
|move|p2a: Garchomp|Endure||[still]
|-fail|p2a: Garchomp
|
|-weather|SunnyDay|[upkeep]
|upkeep
|turn|25
|
|t:|1776064490
|move|p1a: Quagsire|Toxic|p2a: Garchomp
|-status|p2a: Garchomp|tox
|move|p2a: Garchomp|Dragon Tail|p1a: Quagsire
|-damage|p1a: Quagsire|50/100
|drag|p1a: Espeon|Espeon, F, shiny|100/100
|-damage|p1a: Espeon|88/100|[from] Stealth Rock
|
|-weather|SunnyDay|[upkeep]
|-heal|p1a: Espeon|94/100|[from] item: Leftovers
|-damage|p2a: Garchomp|3/100 tox|[from] psn
|upkeep
|turn|26
|
|t:|1776064498
|move|p1a: Espeon|Psyshock|p2a: Garchomp
|-damage|p2a: Garchomp|0 fnt
|faint|p2a: Garchomp
|
|-weather|SunnyDay|[upkeep]
|-heal|p1a: Espeon|100/100|[from] item: Leftovers
|upkeep
|
|t:|1776064509
|switch|p2a: Raging Bolt|Raging Bolt|100/100
|-damage|p2a: Raging Bolt|88/100|[from] Stealth Rock
|-activate|p2a: Raging Bolt|ability: Protosynthesis
|-start|p2a: Raging Bolt|protosynthesisspa
|turn|27
|
|t:|1776064528
|move|p1a: Espeon|Substitute|p1a: Espeon
|-start|p1a: Espeon|Substitute
|-damage|p1a: Espeon|75/100
|move|p2a: Raging Bolt|Thunderbolt|p1a: Espeon
|-crit|p1a: Espeon
|-end|p1a: Espeon|Substitute
|
|-weather|SunnyDay|[upkeep]
|-heal|p1a: Espeon|82/100|[from] item: Leftovers
|-heal|p2a: Raging Bolt|94/100|[from] item: Leftovers
|upkeep
|turn|28
|
|t:|1776064537
|switch|p1a: Blissey|Blissey, F|100/100
|move|p2a: Raging Bolt|Thunderbolt|p1a: Blissey
|-damage|p1a: Blissey|83/100
|-status|p1a: Blissey|par
|
|-weather|SunnyDay|[upkeep]
|-heal|p2a: Raging Bolt|100/100|[from] item: Leftovers
|upkeep
|turn|29
|
|t:|1776064544
|-end|p2a: Raging Bolt|Protosynthesis|[silent]
|switch|p2a: Corviknight|Corviknight, F|49/100
|-damage|p2a: Corviknight|37/100|[from] Stealth Rock
|-ability|p2a: Corviknight|Pressure
|move|p1a: Blissey|Seismic Toss|p2a: Corviknight
|-damage|p2a: Corviknight|12/100
|-damage|p1a: Blissey|66/100 par|[from] item: Rocky Helmet|[of] p2a: Corviknight
|
|-weather|SunnyDay|[upkeep]
|upkeep
|turn|30
|
|t:|1776064551
|move|p2a: Corviknight|Roost|p2a: Corviknight
|-heal|p2a: Corviknight|62/100
|-singleturn|p2a: Corviknight|move: Roost
|move|p1a: Blissey|Flamethrower|p2a: Corviknight
|-supereffective|p2a: Corviknight
|-crit|p2a: Corviknight
|-damage|p2a: Corviknight|0 fnt
|faint|p2a: Corviknight
|
|-weather|none
|upkeep
|
|t:|1776064577
|switch|p2a: Cinderace|Cinderace, F|100/100
|turn|31
|c|☆N-Bromosuccinimide|damn
|
|t:|1776064591
|-curestatus|p1a: Blissey|par|[from] ability: Natural Cure
|switch|p1a: Quagsire|Quagsire, F|50/100
|-damage|p1a: Quagsire|44/100|[from] Stealth Rock
|move|p2a: Cinderace|U-turn|p1a: Quagsire
|-start|p2a: Cinderace|typechange|Bug|[from] ability: Libero
|-damage|p1a: Quagsire|18/100
|inactive|N-Bromosuccinimide has 120 seconds left.
|
|t:|1776064614
|switch|p2a: Iron Valiant|Iron Valiant|100/100|[from] U-turn
|-damage|p2a: Iron Valiant|94/100|[from] Stealth Rock
|-enditem|p2a: Iron Valiant|Booster Energy
|-activate|p2a: Iron Valiant|ability: Quark Drive|[fromitem]
|-start|p2a: Iron Valiant|quarkdrivespa
|
|upkeep
|turn|32
|inactive|RadiantSol has 120 seconds left.
|
|t:|1776064646
|switch|p1a: Blissey|Blissey, F|66/100
|move|p2a: Iron Valiant|Moonblast|p1a: Blissey
|-crit|p1a: Blissey
|-damage|p1a: Blissey|39/100
|-unboost|p1a: Blissey|spa|1
|
|upkeep
|turn|33
|
|t:|1776064652
|move|p2a: Iron Valiant|Psyshock|p1a: Blissey
|-damage|p1a: Blissey|0 fnt
|faint|p1a: Blissey
|
|upkeep
|
|t:|1776064657
|switch|p1a: Ninetales|Ninetales, F, shiny|76/100
|-damage|p1a: Ninetales|51/100|[from] Stealth Rock
|-weather|SunnyDay|[from] ability: Drought|[of] p1a: Ninetales
|turn|34
|
|t:|1776064664
|move|p2a: Iron Valiant|Psyshock|p1a: Ninetales
|-damage|p1a: Ninetales|0 fnt
|faint|p1a: Ninetales
|
|-weather|SunnyDay|[upkeep]
|upkeep
|inactive|RadiantSol has 120 seconds left.
|inactive|RadiantSol has 90 seconds left.
|
|t:|1776064732
|switch|p1a: Leafeon|Leafeon, F|100/100
|-damage|p1a: Leafeon|88/100|[from] Stealth Rock
|turn|35
|
|t:|1776064745
|move|p1a: Leafeon|Solar Blade||[still]
|-prepare|p1a: Leafeon|Solar Blade
|-anim|p1a: Leafeon|Solar Blade|p2a: Iron Valiant
|-damage|p2a: Iron Valiant|0 fnt
|faint|p2a: Iron Valiant
|-end|p2a: Iron Valiant|Quark Drive|[silent]
|-damage|p1a: Leafeon|78/100|[from] item: Life Orb
|
|-weather|SunnyDay|[upkeep]
|upkeep
|
|t:|1776064750
|switch|p2a: Cinderace|Cinderace, F|100/100
|turn|36
|
|t:|1776064754
|-terastallize|p1a: Leafeon|Ground
|move|p1a: Leafeon|Tera Blast|p2a: Cinderace|[anim] Tera Blast Ground
|-supereffective|p2a: Cinderace
|-damage|p2a: Cinderace|0 fnt
|faint|p2a: Cinderace
|-damage|p1a: Leafeon|68/100|[from] item: Life Orb
|
|-weather|SunnyDay|[upkeep]
|upkeep
|
|t:|1776064758
|switch|p2a: Raging Bolt|Raging Bolt|100/100
|-damage|p2a: Raging Bolt|88/100|[from] Stealth Rock
|-activate|p2a: Raging Bolt|ability: Protosynthesis
|-start|p2a: Raging Bolt|protosynthesisspa
|turn|37
|
|t:|1776064764
|move|p1a: Leafeon|Tera Blast|p2a: Raging Bolt|[anim] Tera Blast Ground
|-supereffective|p2a: Raging Bolt
|-damage|p2a: Raging Bolt|3/100
|-damage|p1a: Leafeon|58/100|[from] item: Life Orb
|move|p2a: Raging Bolt|Dragon Pulse|p1a: Leafeon
|-damage|p1a: Leafeon|0 fnt
|faint|p1a: Leafeon
|
|-weather|SunnyDay|[upkeep]
|-heal|p2a: Raging Bolt|9/100|[from] item: Leftovers
|upkeep
|
|t:|1776064768
|switch|p1a: Espeon|Espeon, F, shiny|82/100
|-damage|p1a: Espeon|69/100|[from] Stealth Rock
|turn|38
|
|t:|1776064776
|move|p2a: Raging Bolt|Thunderclap||[still]
|-fail|p2a: Raging Bolt
|move|p1a: Espeon|Substitute|p1a: Espeon
|-start|p1a: Espeon|Substitute
|-damage|p1a: Espeon|44/100
|
|-weather|SunnyDay|[upkeep]
|-heal|p1a: Espeon|50/100|[from] item: Leftovers
|-heal|p2a: Raging Bolt|15/100|[from] item: Leftovers
|upkeep
|turn|39
|
|t:|1776064795
|move|p2a: Raging Bolt|Thunderclap|p1a: Espeon
|-end|p1a: Espeon|Substitute
|move|p1a: Espeon|Psyshock|p2a: Raging Bolt
|-damage|p2a: Raging Bolt|0 fnt
|faint|p2a: Raging Bolt
|-end|p2a: Raging Bolt|Protosynthesis|[silent]
|
|win|RadiantSol
|raw|RadiantSol's rating: 1191 &rarr; <strong>1215</strong><br />(+24 for winning)
|raw|N-Bromosuccinimide's rating: 1174 &rarr; <strong>1150</strong><br />(-24 for losing)
|l|‽RadiantSol
|player|p1|
