|html|<div class="broadcast-blue"><strong>[Gen 9] OU is currently suspecting Tera Blast! For information on how to participate check out the <a href="https://www.smogon.com/tools/suspects/view/200">suspect thread</a>.</strong></div>
|j|☆gustaquert
|j|☆j0johny
|t:|1776127395
|gametype|singles
|player|p1|gustaquert|ghetsis|1076
|player|p2|j0johny|guitarist|1109
|gen|9
|tier|[Gen 9] OU
|rated|
|rule|HP Percentage Mod: HP is shown in percentages
|rule|Endless Battle Clause: Forcing endless battles is banned
|rule|Species Clause: Limit one of each Pokémon
|rule|OHKO Clause: OHKO moves are banned
|rule|Evasion Items Clause: Evasion items are banned
|rule|Evasion Moves Clause: Evasion moves are banned
|rule|Evasion Abilities Clause: Evasion abilities are banned
|rule|Sleep Moves Clause: Sleep-inducing moves are banned
|clearpoke
|poke|p1|Raging Bolt|
|poke|p1|Maushold-Four|
|poke|p1|Ceruledge, F|
|poke|p1|Gliscor, M|
|poke|p1|Darkrai|
|poke|p1|Great Tusk|
|poke|p2|Samurott-Hisui, M|
|poke|p2|Ribombee, F|
|poke|p2|Ceruledge, M|
|poke|p2|Excadrill, F|
|poke|p2|Meowscarada, F|
|poke|p2|Toxtricity, M|
|teampreview
|inactive|Battle timer is ON: inactive players will automatically lose when time's up. (requested by j0johny)
|
|t:|1776127424
|teamsize|p1|6
|teamsize|p2|6
|start
|switch|p1a: Gliscor|Gliscor, M, shiny|100/100
|switch|p2a: Ribombee|Ribombee, F, shiny|100/100
|turn|1
|
|t:|1776127430
|move|p2a: Ribombee|Sticky Web|p1a: Gliscor
|-sidestart|p1: gustaquert|move: Sticky Web
|move|p1a: Gliscor|Toxic Spikes|p2a: Ribombee
|-sidestart|p2: j0johny|move: Toxic Spikes
|
|-status|p1a: Gliscor|tox|[from] item: Toxic Orb
|upkeep
|turn|2
|
|t:|1776127440
|move|p2a: Ribombee|Quiver Dance|p2a: Ribombee
|-boost|p2a: Ribombee|spa|1
|-boost|p2a: Ribombee|spd|1
|-boost|p2a: Ribombee|spe|1
|move|p1a: Gliscor|Toxic Spikes|p2a: Ribombee
|-sidestart|p2: j0johny|move: Toxic Spikes
|
|upkeep
|turn|3
|
|t:|1776127448
|move|p2a: Ribombee|Quiver Dance|p2a: Ribombee
|-boost|p2a: Ribombee|spa|1
|-boost|p2a: Ribombee|spd|1
|-boost|p2a: Ribombee|spe|1
|move|p1a: Gliscor|Knock Off|p2a: Ribombee
|-resisted|p2a: Ribombee
|-damage|p2a: Ribombee|76/100
|-enditem|p2a: Ribombee|Focus Sash|[from] move: Knock Off|[of] p1a: Gliscor
|
|upkeep
|turn|4
|
|t:|1776127457
|move|p2a: Ribombee|Moonblast|p1a: Gliscor
|-damage|p1a: Gliscor|0 fnt
|faint|p1a: Gliscor
|
|upkeep
|
|t:|1776127463
|switch|p1a: Ceruledge|Ceruledge, F|100/100
|-activate|p1a: Ceruledge|move: Sticky Web
|-unboost|p1a: Ceruledge|spe|1
|turn|5
|
|t:|1776127468
|move|p2a: Ribombee|Moonblast|p1a: Ceruledge
|-resisted|p1a: Ceruledge
|-damage|p1a: Ceruledge|56/100
|-unboost|p1a: Ceruledge|spa|1
|move|p1a: Ceruledge|Swords Dance|p1a: Ceruledge
|-boost|p1a: Ceruledge|atk|2
|
|upkeep
|turn|6
|
|t:|1776127480
|move|p2a: Ribombee|Moonblast|p1a: Ceruledge
|-resisted|p1a: Ceruledge
|-crit|p1a: Ceruledge
|-damage|p1a: Ceruledge|0 fnt
|faint|p1a: Ceruledge
|
|upkeep
|
|t:|1776127496
|switch|p1a: Darkrai|Darkrai, shiny|100/100
|turn|7
|
|t:|1776127502
|-terastallize|p1a: Darkrai|Fairy
|move|p2a: Ribombee|Moonblast|p1a: Darkrai
|-damage|p1a: Darkrai|0 fnt
|faint|p1a: Darkrai
|
|upkeep
|-message|gustaquert forfeited.
|
|win|j0johny
|raw|gustaquert's rating: 1076 &rarr; <strong>1057</strong><br />(-19 for losing)
|raw|j0johny's rating: 1109 &rarr; <strong>1132</strong><br />(+23 for winning)
|l|☆gustaquert
|player|p1|
