|html|<div class="broadcast-blue"><strong>[Gen 9] OU is currently suspecting Tera Blast! For information on how to participate check out the <a href="https://www.smogon.com/tools/suspects/view/200">suspect thread</a>.</strong></div>
|j|☆Bug_catcher565
|j|☆ashkechemchampion
|t:|1776107252
|gametype|singles
|player|p1|Bug_catcher565|bugsy|1149
|player|p2|ashkechemchampion|169|1134
|gen|9
|tier|[Gen 9] OU
|rated|
|rule|HP Percentage Mod: HP is shown in percentages
|rule|Endless Battle Clause: Forcing endless battles is banned
|rule|Species Clause: Limit one of each Pokémon
|rule|OHKO Clause: OHKO moves are banned
|rule|Evasion Items Clause: Evasion items are banned
|rule|Evasion Moves Clause: Evasion moves are banned
|rule|Evasion Abilities Clause: Evasion abilities are banned
|rule|Sleep Moves Clause: Sleep-inducing moves are banned
|clearpoke
|poke|p1|Torkoal, M|
|poke|p1|Walking Wake|
|poke|p1|Hatterene, F|
|poke|p1|Charizard, M|
|poke|p1|Great Tusk|
|poke|p1|Vileplume, M|
|poke|p2|Minccino, F|
|poke|p2|Scyther, M|
|poke|p2|Pelipper, F|
|poke|p2|Clodsire, F|
|poke|p2|Lampent, M|
|poke|p2|Weezing-Galar, M|
|teampreview
|inactive|Battle timer is ON: inactive players will automatically lose when time's up. (requested by ashkechemchampion)
|inactive|Bug_catcher565 also wants the timer to be on.
|
|t:|1776107262
|teamsize|p1|6
|teamsize|p2|6
|start
|switch|p1a: Torkoal|Torkoal, M|100/100
|switch|p2a: Lampent|Lampent, M|100/100
|-weather|SunnyDay|[from] ability: Drought|[of] p1a: Torkoal
|turn|1
|c|☆Bug_catcher565|What is this tema
|c|☆Bug_catcher565|team
|
|t:|1776107292
|switch|p2a: Pelipper|Pelipper, F|100/100
|-weather|RainDance|[from] ability: Drizzle|[of] p2a: Pelipper
|switch|p1a: Walking Wake|Walking Wake|100/100
|
|-weather|RainDance|[upkeep]
|upkeep
|turn|2
|
|t:|1776107302
|move|p1a: Walking Wake|Draco Meteor|p2a: Pelipper
|-damage|p2a: Pelipper|0 fnt
|-unboost|p1a: Walking Wake|spa|2
|faint|p2a: Pelipper
|
|-weather|RainDance|[upkeep]
|upkeep
|
|t:|1776107306
|switch|p2a: Scyther|Scyther, M|100/100
|turn|3
|
|t:|1776107312
|-end|p1a: Walking Wake|Protosynthesis|[silent]
|switch|p1a: Torkoal|Torkoal, M|100/100
|-weather|SunnyDay|[from] ability: Drought|[of] p1a: Torkoal
|move|p2a: Scyther|Swords Dance|p2a: Scyther
|-boost|p2a: Scyther|atk|2
|
|-weather|SunnyDay|[upkeep]
|upkeep
|turn|4
|
|t:|1776107322
|move|p2a: Scyther|Dual Wingbeat|p1a: Torkoal
|-damage|p1a: Torkoal|63/100
|-damage|p1a: Torkoal|24/100
|-hitcount|p1a: Torkoal|2
|move|p1a: Torkoal|Overheat|p2a: Scyther|[miss]
|-miss|p1a: Torkoal|p2a: Scyther
|
|-weather|SunnyDay|[upkeep]
|upkeep
|turn|5
|
|t:|1776107336
|move|p2a: Scyther|Dual Wingbeat|p1a: Torkoal
|-damage|p1a: Torkoal|0 fnt
|faint|p1a: Torkoal
|-hitcount|p1: Torkoal|1
|
|-weather|SunnyDay|[upkeep]
|upkeep
|
|t:|1776107345
|switch|p1a: Charizard|Charizard, M|100/100
|turn|6
|
|t:|1776107363
|move|p1a: Charizard|Weather Ball|p2a: Scyther
|-supereffective|p2a: Scyther
|-damage|p2a: Scyther|0 fnt
|faint|p2a: Scyther
|
|-weather|SunnyDay|[upkeep]
|-damage|p1a: Charizard|88/100|[from] ability: Solar Power|[of] p1a: Charizard
|upkeep
|
|t:|1776107371
|switch|p2a: Lampent|Lampent, M|100/100
|turn|7
|
|t:|1776107375
|switch|p1a: Walking Wake|Walking Wake|100/100
|-activate|p1a: Walking Wake|ability: Protosynthesis
|-start|p1a: Walking Wake|protosynthesisspe
|move|p2a: Lampent|Shadow Ball|p1a: Walking Wake
|-damage|p1a: Walking Wake|56/100
|
|-weather|SunnyDay|[upkeep]
|upkeep
|turn|8
|
|t:|1776107388
|-terastallize|p1a: Walking Wake|Water
|move|p1a: Walking Wake|Hydro Steam|p2a: Lampent
|-supereffective|p2a: Lampent
|-damage|p2a: Lampent|0 fnt
|faint|p2a: Lampent
|
|-weather|SunnyDay|[upkeep]
|upkeep
|
|t:|1776107392
|switch|p2a: Clodsire|Clodsire, F|100/100
|turn|9
|
|t:|1776107401
|-end|p1a: Walking Wake|Protosynthesis|[silent]
|switch|p1a: Great Tusk|Great Tusk|100/100
|-activate|p1a: Great Tusk|ability: Protosynthesis
|-start|p1a: Great Tusk|protosynthesisatk
|move|p2a: Clodsire|Toxic|p1a: Great Tusk
|-status|p1a: Great Tusk|tox
|
|-weather|SunnyDay|[upkeep]
|-damage|p1a: Great Tusk|94/100 tox|[from] psn
|upkeep
|turn|10
|
|t:|1776107411
|move|p1a: Great Tusk|Headlong Rush|p2a: Clodsire
|-supereffective|p2a: Clodsire
|-damage|p2a: Clodsire|0 fnt
|-unboost|p1a: Great Tusk|def|1
|-unboost|p1a: Great Tusk|spd|1
|faint|p2a: Clodsire
|
|-weather|none
|-end|p1a: Great Tusk|Protosynthesis
|-damage|p1a: Great Tusk|82/100 tox|[from] psn
|upkeep
|
|t:|1776107421
|switch|p2a: Minccino|Minccino, F|100/100
|turn|11
|
|t:|1776107437
|move|p1a: Great Tusk|Headlong Rush|p2a: Minccino
|-damage|p2a: Minccino|0 fnt
|-unboost|p1a: Great Tusk|def|1
|-unboost|p1a: Great Tusk|spd|1
|faint|p2a: Minccino
|
|-damage|p1a: Great Tusk|63/100 tox|[from] psn
|upkeep
|
|t:|1776107441
|switch|p2a: Weezing|Weezing-Galar, M|100/100
|-ability|p2a: Weezing|Neutralizing Gas
|turn|12
|
|t:|1776107450
|move|p1a: Great Tusk|Headlong Rush|p2a: Weezing
|-supereffective|p2a: Weezing
|-damage|p2a: Weezing|23/100
|-unboost|p1a: Great Tusk|def|1
|-unboost|p1a: Great Tusk|spd|1
|move|p2a: Weezing|Strange Steam|p1a: Great Tusk
|-supereffective|p1a: Great Tusk
|-damage|p1a: Great Tusk|0 fnt
|faint|p1a: Great Tusk
|-end|p1a: Great Tusk|Protosynthesis|[silent]
|
|-heal|p2a: Weezing|29/100|[from] item: Leftovers
|upkeep
|
|t:|1776107464
|switch|p1a: Vileplume|Vileplume, M|100/100
|turn|13
|
|t:|1776107472
|move|p1a: Vileplume|Sludge Bomb|p2a: Weezing
|-damage|p2a: Weezing|0 fnt
|faint|p2a: Weezing
|-end|p2a: Weezing|ability: Neutralizing Gas
|-damage|p1a: Vileplume|91/100|[from] item: Life Orb
|
|win|Bug_catcher565
|raw|Bug_catcher565's rating: 1149 &rarr; <strong>1173</strong><br />(+24 for winning)
|raw|ashkechemchampion's rating: 1134 &rarr; <strong>1110</strong><br />(-24 for losing)
|l|☆ashkechemchampion
|player|p2|
|l|☆Bug_catcher565
|player|p1|
