|html|<div class="broadcast-blue"><strong>[Gen 9] OU is currently suspecting Tera Blast! For information on how to participate check out the <a href="https://www.smogon.com/tools/suspects/view/200">suspect thread</a>.</strong></div>
|j|☆MugiwaraNoFrieren
|j|☆icylikedecember
|t:|1776051175
|gametype|singles
|player|p1|MugiwaraNoFrieren|170|1624
|player|p2|icylikedecember|skierf|1668
|gen|9
|tier|[Gen 9] OU
|rated|
|rule|HP Percentage Mod: HP is shown in percentages
|rule|Endless Battle Clause: Forcing endless battles is banned
|rule|Species Clause: Limit one of each Pokémon
|rule|OHKO Clause: OHKO moves are banned
|rule|Evasion Items Clause: Evasion items are banned
|rule|Evasion Moves Clause: Evasion moves are banned
|rule|Evasion Abilities Clause: Evasion abilities are banned
|rule|Sleep Moves Clause: Sleep-inducing moves are banned
|clearpoke
|poke|p1|Cinderace, F|
|poke|p1|Landorus-Therian, M|
|poke|p1|Gholdengo|
|poke|p1|Clefable, M|
|poke|p1|Mimikyu, F|
|poke|p1|Toxapex, M|
|poke|p2|Landorus-Therian, M|
|poke|p2|Corviknight, F|
|poke|p2|Slowking-Galar, F|
|poke|p2|Crawdaunt, F|
|poke|p2|Darkrai|
|poke|p2|Gholdengo|
|teampreview
|inactive|Battle timer is ON: inactive players will automatically lose when time's up. (requested by MugiwaraNoFrieren)
|
|t:|1776051205
|teamsize|p1|6
|teamsize|p2|6
|start
|switch|p1a: Toxapex|Toxapex, M|100/100
|switch|p2a: Landorus|Landorus-Therian, M|100/100
|-ability|p2a: Landorus|Intimidate|boost
|-unboost|p1a: Toxapex|atk|1
|turn|1
|
|t:|1776051212
|switch|p1a: Landorus|Landorus-Therian, M|100/100
|-ability|p1a: Landorus|Intimidate|boost
|-unboost|p2a: Landorus|atk|1
|move|p2a: Landorus|Earthquake|p1a: Landorus
|-immune|p1a: Landorus
|
|upkeep
|turn|2
|
|t:|1776051221
|move|p2a: Landorus|U-turn|p1a: Landorus
|-resisted|p1a: Landorus
|-damage|p1a: Landorus|93/100
|
|t:|1776051227
|switch|p2a: Darkrai|Darkrai|100/100|[from] U-turn
|move|p1a: Landorus|Stealth Rock|p2a: Darkrai
|-sidestart|p2: icylikedecember|move: Stealth Rock
|
|-heal|p1a: Landorus|99/100|[from] item: Leftovers
|upkeep
|turn|3
|
|t:|1776051234
|switch|p2a: Crawdaunt|Crawdaunt, F|100/100
|-damage|p2a: Crawdaunt|88/100|[from] Stealth Rock
|switch|p1a: Toxapex|Toxapex, M|100/100
|
|upkeep
|turn|4
|j| Shucklepilled
|
|t:|1776051241
|move|p2a: Crawdaunt|Knock Off|p1a: Toxapex
|-damage|p1a: Toxapex|12/100
|-enditem|p1a: Toxapex|Leftovers|[from] move: Knock Off|[of] p2a: Crawdaunt
|move|p1a: Toxapex|Toxic|p2a: Crawdaunt
|-status|p2a: Crawdaunt|tox
|
|-damage|p2a: Crawdaunt|82/100 tox|[from] psn
|upkeep
|turn|5
|
|t:|1776051249
|move|p1a: Toxapex|Baneful Bunker|p1a: Toxapex
|-singleturn|p1a: Toxapex|move: Protect
|move|p2a: Crawdaunt|Knock Off|p1a: Toxapex
|-activate|p1a: Toxapex|move: Protect
|
|-damage|p2a: Crawdaunt|70/100 tox|[from] psn
|upkeep
|turn|6
|
|t:|1776051269
|move|p1a: Toxapex|Baneful Bunker||[still]
|-fail|p1a: Toxapex
|move|p2a: Crawdaunt|Knock Off|p1a: Toxapex
|-damage|p1a: Toxapex|0 fnt
|faint|p1a: Toxapex
|
|-damage|p2a: Crawdaunt|52/100 tox|[from] psn
|upkeep
|
|t:|1776051280
|switch|p1a: Landorus|Landorus-Therian, M|99/100
|-ability|p1a: Landorus|Intimidate|boost
|-unboost|p2a: Crawdaunt|atk|1
|turn|7
|
|t:|1776051285
|switch|p2a: Landorus|Landorus-Therian, M|100/100
|-damage|p2a: Landorus|88/100|[from] Stealth Rock
|-ability|p2a: Landorus|Intimidate|boost
|-unboost|p1a: Landorus|atk|1
|move|p1a: Landorus|U-turn|p2a: Landorus
|-resisted|p2a: Landorus
|-damage|p2a: Landorus|81/100
|-damage|p1a: Landorus|83/100|[from] item: Rocky Helmet|[of] p2a: Landorus
|
|t:|1776051294
|switch|p1a: Clefable|Clefable, M|100/100|[from] U-turn
|
|upkeep
|turn|8
|
|t:|1776051297
|move|p2a: Landorus|U-turn|p1a: Clefable
|-resisted|p1a: Clefable
|-damage|p1a: Clefable|87/100
|
|t:|1776051300
|switch|p2a: Slowking|Slowking-Galar, F, shiny|100/100|[from] U-turn
|-damage|p2a: Slowking|88/100|[from] Stealth Rock
|move|p1a: Clefable|Ice Beam|p2a: Slowking
|-damage|p2a: Slowking|71/100
|
|upkeep
|turn|9
|
|t:|1776051310
|switch|p1a: Landorus|Landorus-Therian, M|83/100
|-ability|p1a: Landorus|Intimidate|boost
|-unboost|p2a: Slowking|atk|1
|move|p2a: Slowking|Flamethrower|p1a: Landorus
|-damage|p1a: Landorus|55/100
|
|-heal|p1a: Landorus|61/100|[from] item: Leftovers
|upkeep
|turn|10
|
|t:|1776051322
|switch|p1a: Clefable|Clefable, M|87/100
|switch|p2a: Landorus|Landorus-Therian, M|81/100
|-damage|p2a: Landorus|69/100|[from] Stealth Rock
|-ability|p2a: Landorus|Intimidate|boost
|-unboost|p1a: Clefable|atk|1
|
|upkeep
|turn|11
|
|t:|1776051333
|switch|p1a: Landorus|Landorus-Therian, M|61/100
|-ability|p1a: Landorus|Intimidate|boost
|-unboost|p2a: Landorus|atk|1
|move|p2a: Landorus|U-turn|p1a: Landorus
|-resisted|p1a: Landorus
|-damage|p1a: Landorus|54/100
|
|t:|1776051335
|switch|p2a: Darkrai|Darkrai|100/100|[from] U-turn
|-damage|p2a: Darkrai|88/100|[from] Stealth Rock
|
|-heal|p1a: Landorus|60/100|[from] item: Leftovers
|upkeep
|turn|12
|
|t:|1776051345
|move|p2a: Darkrai|Ice Beam|p1a: Landorus
|-supereffective|p1a: Landorus
|-damage|p1a: Landorus|0 fnt
|faint|p1a: Landorus
|
|upkeep
|
|t:|1776051353
|switch|p1a: Cinderace|Cinderace, F|100/100
|turn|13
|
|t:|1776051356
|switch|p2a: Landorus|Landorus-Therian, M|69/100
|-damage|p2a: Landorus|56/100|[from] Stealth Rock
|-ability|p2a: Landorus|Intimidate|boost
|-unboost|p1a: Cinderace|atk|1
|move|p1a: Cinderace|Pyro Ball|p2a: Landorus
|-damage|p2a: Landorus|21/100
|
|upkeep
|turn|14
|
|t:|1776051364
|move|p1a: Cinderace|Pyro Ball|p2a: Landorus
|-damage|p2a: Landorus|0 fnt
|faint|p2a: Landorus
|
|upkeep
|
|t:|1776051371
|switch|p2a: Crawdaunt|Crawdaunt, F|52/100 tox
|-damage|p2a: Crawdaunt|40/100 tox|[from] Stealth Rock
|turn|15
|
|t:|1776051379
|move|p1a: Cinderace|Sucker Punch|p2a: Crawdaunt
|-start|p1a: Cinderace|typechange|Dark|[from] ability: Libero
|-resisted|p2a: Crawdaunt
|-damage|p2a: Crawdaunt|24/100 tox
|move|p2a: Crawdaunt|Aqua Jet|p1a: Cinderace
|-damage|p1a: Cinderace|41/100
|
|-damage|p2a: Crawdaunt|18/100 tox|[from] psn
|upkeep
|turn|16
|
|t:|1776051390
|move|p1a: Cinderace|Sucker Punch|p2a: Crawdaunt
|-resisted|p2a: Crawdaunt
|-damage|p2a: Crawdaunt|2/100 tox
|move|p2a: Crawdaunt|Aqua Jet|p1a: Cinderace
|-damage|p1a: Cinderace|0 fnt
|faint|p1a: Cinderace
|
|-damage|p2a: Crawdaunt|0 fnt|[from] psn
|faint|p2a: Crawdaunt
|upkeep
|
|t:|1776051404
|switch|p1a: Gholdengo|Gholdengo|100/100
|switch|p2a: Corviknight|Corviknight, F, shiny|100/100
|-damage|p2a: Corviknight|88/100|[from] Stealth Rock
|-ability|p2a: Corviknight|Pressure
|turn|17
|
|t:|1776051419
|move|p1a: Gholdengo|Shadow Ball|p2a: Corviknight
|-crit|p2a: Corviknight
|-damage|p2a: Corviknight|28/100
|-unboost|p2a: Corviknight|spd|1
|move|p2a: Corviknight|U-turn|p1a: Gholdengo
|-resisted|p1a: Gholdengo
|-damage|p1a: Gholdengo|96/100
|
|t:|1776051426
|switch|p2a: Darkrai|Darkrai|88/100|[from] U-turn
|-damage|p2a: Darkrai|76/100|[from] Stealth Rock
|
|upkeep
|turn|18
|
|t:|1776051431
|switch|p1a: Clefable|Clefable, M|87/100
|move|p2a: Darkrai|Sludge Bomb|p1a: Clefable
|-supereffective|p1a: Clefable
|-damage|p1a: Clefable|19/100
|
|upkeep
|turn|19
|
|t:|1776051437
|move|p2a: Darkrai|Dark Pulse|p1a: Clefable
|-resisted|p1a: Clefable
|-damage|p1a: Clefable|0 fnt
|faint|p1a: Clefable
|
|upkeep
|
|t:|1776051442
|switch|p1a: Gholdengo|Gholdengo|96/100
|turn|20
|
|t:|1776051451
|switch|p2a: Corviknight|Corviknight, F, shiny|28/100
|-damage|p2a: Corviknight|16/100|[from] Stealth Rock
|-ability|p2a: Corviknight|Pressure
|move|p1a: Gholdengo|Shadow Ball|p2a: Corviknight
|-damage|p2a: Corviknight|0 fnt
|faint|p2a: Corviknight
|
|upkeep
|
|t:|1776051457
|switch|p2a: Darkrai|Darkrai|76/100
|-damage|p2a: Darkrai|63/100|[from] Stealth Rock
|turn|21
|
|t:|1776051463
|switch|p1a: Mimikyu|Mimikyu, F|100/100
|move|p2a: Darkrai|Dark Pulse|p1a: Mimikyu
|-activate|p1a: Mimikyu|ability: Disguise
|-damage|p1a: Mimikyu|100/100
|detailschange|p1a: Mimikyu|Mimikyu-Busted, F
|-damage|p1a: Mimikyu|88/100|[from] pokemon: Mimikyu-Busted
|
|upkeep
|turn|22
|
|t:|1776051471
|move|p2a: Darkrai|Dark Pulse|p1a: Mimikyu
|-damage|p1a: Mimikyu|33/100
|move|p1a: Mimikyu|Play Rough|p2a: Darkrai|[miss]
|-miss|p1a: Mimikyu|p2a: Darkrai
|
|upkeep
|turn|23
|
|t:|1776051477
|move|p1a: Mimikyu|Shadow Sneak|p2a: Darkrai
|-resisted|p2a: Darkrai
|-damage|p2a: Darkrai|49/100
|-damage|p1a: Mimikyu|23/100|[from] item: Life Orb
|move|p2a: Darkrai|Dark Pulse|p1a: Mimikyu
|-damage|p1a: Mimikyu|0 fnt
|faint|p1a: Mimikyu
|
|upkeep
|
|t:|1776051484
|switch|p1a: Gholdengo|Gholdengo|96/100
|turn|24
|
|t:|1776051490
|move|p1a: Gholdengo|Trick|p2a: Darkrai
|-activate|p1a: Gholdengo|move: Trick|[of] p2a: Darkrai
|-item|p2a: Darkrai|Choice Scarf|[from] move: Trick
|-item|p1a: Gholdengo|Expert Belt|[from] move: Trick
|move|p2a: Darkrai|Dark Pulse|p1a: Gholdengo
|-supereffective|p1a: Gholdengo
|-damage|p1a: Gholdengo|0 fnt
|faint|p1a: Gholdengo
|
|win|icylikedecember
|raw|MugiwaraNoFrieren's rating: 1624 &rarr; <strong>1607</strong><br />(-17 for losing)
|raw|icylikedecember's rating: 1668 &rarr; <strong>1685</strong><br />(+17 for winning)
|l|☆MugiwaraNoFrieren
|player|p1|
|l|☆icylikedecember
|player|p2|
