|html|<div class="broadcast-blue"><strong>[Gen 9] OU is currently suspecting Tera Blast! For information on how to participate check out the <a href="https://www.smogon.com/tools/suspects/view/200">suspect thread</a>.</strong></div>
|j|☆jhfsjdhfksjdhf
|j|☆mathismathin
|t:|1776121992
|gametype|singles
|player|p1|jhfsjdhfksjdhf|2|1583
|player|p2|mathismathin|bugsy-masters|1682
|gen|9
|tier|[Gen 9] OU
|rated|
|rule|HP Percentage Mod: HP is shown in percentages
|rule|Endless Battle Clause: Forcing endless battles is banned
|rule|Species Clause: Limit one of each Pokémon
|rule|OHKO Clause: OHKO moves are banned
|rule|Evasion Items Clause: Evasion items are banned
|rule|Evasion Moves Clause: Evasion moves are banned
|rule|Evasion Abilities Clause: Evasion abilities are banned
|rule|Sleep Moves Clause: Sleep-inducing moves are banned
|clearpoke
|poke|p1|Ribombee, M|
|poke|p1|Gholdengo|
|poke|p1|Pecharunt|
|poke|p1|Dragonite, M|
|poke|p1|Landorus-Therian, M|
|poke|p1|Ogerpon-Wellspring, F|
|poke|p2|Garchomp, M|
|poke|p2|Tinkaton, F|
|poke|p2|Hydrapple, M|
|poke|p2|Maushold-Four|
|poke|p2|Moltres|
|poke|p2|Okidogi, M|
|teampreview
|
|t:|1776122007
|teamsize|p1|6
|teamsize|p2|6
|start
|switch|p1a: Ribombee|Ribombee, M|100/100
|switch|p2a: Maushold|Maushold-Four|100/100
|turn|1
|
|t:|1776122049
|move|p1a: Ribombee|Stun Spore|p2a: Maushold|[miss]
|-miss|p1a: Ribombee|p2a: Maushold
|move|p2a: Maushold|Population Bomb|p1a: Ribombee
|-damage|p1a: Ribombee|84/100
|-damage|p1a: Ribombee|66/100
|-damage|p1a: Ribombee|48/100
|-damage|p1a: Ribombee|31/100
|-damage|p1a: Ribombee|14/100
|-damage|p1a: Ribombee|0 fnt
|faint|p1a: Ribombee
|-hitcount|p1: Ribombee|6
|
|upkeep
|
|t:|1776122079
|switch|p1a: Landorus|Landorus-Therian, M|100/100
|-ability|p1a: Landorus|Intimidate|boost
|-unboost|p2a: Maushold|atk|1
|turn|2
|
|t:|1776122086
|switch|p2a: Hydrapple|Hydrapple, M|100/100
|move|p1a: Landorus|Stealth Rock|p2a: Hydrapple
|-sidestart|p2: mathismathin|move: Stealth Rock
|
|upkeep
|turn|3
|
|t:|1776122092
|switch|p1a: Pecharunt|Pecharunt|100/100
|-item|p1a: Pecharunt|Air Balloon
|move|p2a: Hydrapple|Fickle Beam|p1a: Pecharunt
|-damage|p1a: Pecharunt|38/100
|-enditem|p1a: Pecharunt|Air Balloon
|-damage|p2a: Hydrapple|91/100|[from] item: Life Orb
|
|upkeep
|turn|4
|
|t:|1776122095
|switch|p2a: Tinkaton|Tinkaton, F|100/100
|-damage|p2a: Tinkaton|94/100|[from] Stealth Rock
|-ability|p2a: Tinkaton|Mold Breaker
|move|p1a: Pecharunt|Shadow Ball|p2a: Tinkaton
|-damage|p2a: Tinkaton|70/100
|
|-heal|p2a: Tinkaton|76/100|[from] item: Leftovers
|upkeep
|turn|5
|
|t:|1776122099
|move|p1a: Pecharunt|Shadow Ball|p2a: Tinkaton
|-damage|p2a: Tinkaton|55/100
|-unboost|p2a: Tinkaton|spd|1
|move|p2a: Tinkaton|Stealth Rock|p1a: Pecharunt
|-sidestart|p1: jhfsjdhfksjdhf|move: Stealth Rock
|
|-heal|p2a: Tinkaton|61/100|[from] item: Leftovers
|upkeep
|turn|6
|
|t:|1776122106
|move|p1a: Pecharunt|Shadow Ball|p2a: Tinkaton
|-damage|p2a: Tinkaton|28/100
|move|p2a: Tinkaton|Gigaton Hammer|p1a: Pecharunt
|-damage|p1a: Pecharunt|7/100
|
|-heal|p2a: Tinkaton|34/100|[from] item: Leftovers
|upkeep
|turn|7
|
|t:|1776122111
|move|p1a: Pecharunt|Shadow Ball|p2a: Tinkaton
|-damage|p2a: Tinkaton|2/100
|move|p2a: Tinkaton|Knock Off|p1a: Pecharunt
|-supereffective|p1a: Pecharunt
|-damage|p1a: Pecharunt|0 fnt
|faint|p1a: Pecharunt
|
|-heal|p2a: Tinkaton|9/100|[from] item: Leftovers
|upkeep
|
|t:|1776122122
|switch|p1a: Ogerpon|Ogerpon-Wellspring, F|100/100
|-damage|p1a: Ogerpon|88/100|[from] Stealth Rock
|turn|8
|
|t:|1776122127
|move|p1a: Ogerpon|Ivy Cudgel|p2a: Tinkaton|[anim] Ivy Cudgel Water
|-damage|p2a: Tinkaton|0 fnt
|faint|p2a: Tinkaton
|
|upkeep
|
|t:|1776122133
|switch|p2a: Garchomp|Garchomp, M|100/100
|-damage|p2a: Garchomp|94/100|[from] Stealth Rock
|turn|9
|
|t:|1776122151
|move|p1a: Ogerpon|Ivy Cudgel|p2a: Garchomp|[anim] Ivy Cudgel Water
|-damage|p2a: Garchomp|33/100
|move|p2a: Garchomp|Scale Shot|p1a: Ogerpon
|-damage|p1a: Ogerpon|65/100
|-damage|p1a: Ogerpon|39/100
|-damage|p1a: Ogerpon|15/100
|-hitcount|p1a: Ogerpon|3
|-unboost|p2a: Garchomp|def|1
|-boost|p2a: Garchomp|spe|1
|-damage|p2a: Garchomp|23/100|[from] item: Life Orb
|
|upkeep
|turn|10
|
|t:|1776122159
|move|p2a: Garchomp|Scale Shot|p1a: Ogerpon
|-damage|p1a: Ogerpon|0 fnt
|faint|p1a: Ogerpon
|-hitcount|p1: Ogerpon|1
|-unboost|p2a: Garchomp|def|1
|-boost|p2a: Garchomp|spe|1
|-damage|p2a: Garchomp|13/100|[from] item: Life Orb
|
|upkeep
|
|t:|1776122172
|switch|p1a: Dragonite|Dragonite, M|100/100
|turn|11
|
|t:|1776122227
|move|p1a: Dragonite|Extreme Speed|p2a: Garchomp
|-damage|p2a: Garchomp|0 fnt
|-damage|p1a: Dragonite|88/100|[from] ability: Rough Skin|[of] p2a: Garchomp
|faint|p2a: Garchomp
|
|upkeep
|
|t:|1776122231
|switch|p2a: Okidogi|Okidogi, M|100/100
|-damage|p2a: Okidogi|94/100|[from] Stealth Rock
|turn|12
|
|t:|1776122241
|move|p2a: Okidogi|Ice Punch|p1a: Dragonite
|-supereffective|p1a: Dragonite
|-damage|p1a: Dragonite|5/100
|move|p1a: Dragonite|Earthquake|p2a: Okidogi
|-supereffective|p2a: Okidogi
|-damage|p2a: Okidogi|35/100
|
|-heal|p2a: Okidogi|42/100|[from] item: Leftovers
|upkeep
|turn|13
|
|t:|1776122251
|move|p1a: Dragonite|Extreme Speed|p2a: Okidogi
|-damage|p2a: Okidogi|19/100
|move|p2a: Okidogi|Drain Punch|p1a: Dragonite
|-resisted|p1a: Dragonite
|-damage|p1a: Dragonite|0 fnt
|-heal|p2a: Okidogi|21/100|[from] drain|[of] p1a: Dragonite
|faint|p1a: Dragonite
|
|-heal|p2a: Okidogi|27/100|[from] item: Leftovers
|upkeep
|
|t:|1776122264
|switch|p1a: Landorus|Landorus-Therian, M|100/100
|-damage|p1a: Landorus|88/100|[from] Stealth Rock
|-ability|p1a: Landorus|Intimidate|boost
|-ability|p2a: Okidogi|Guard Dog|boost
|-boost|p2a: Okidogi|atk|1
|turn|14
|
|t:|1776122303
|move|p1a: Landorus|Earthquake|p2a: Okidogi
|-supereffective|p2a: Okidogi
|-crit|p2a: Okidogi
|-damage|p2a: Okidogi|0 fnt
|faint|p2a: Okidogi
|
|-heal|p1a: Landorus|94/100|[from] item: Leftovers
|upkeep
|
|t:|1776122307
|switch|p2a: Hydrapple|Hydrapple, M|100/100
|-damage|p2a: Hydrapple|88/100|[from] Stealth Rock
|turn|15
|
|t:|1776122318
|switch|p1a: Gholdengo|Gholdengo|100/100
|-damage|p1a: Gholdengo|94/100|[from] Stealth Rock
|move|p2a: Hydrapple|Fickle Beam|p1a: Gholdengo
|-resisted|p1a: Gholdengo
|-damage|p1a: Gholdengo|62/100
|-damage|p2a: Hydrapple|78/100|[from] item: Life Orb
|
|upkeep
|turn|16
|
|t:|1776122331
|-terastallize|p1a: Gholdengo|Fairy
|move|p1a: Gholdengo|Dazzling Gleam|p2a: Hydrapple
|-supereffective|p2a: Hydrapple
|-damage|p2a: Hydrapple|0 fnt
|faint|p2a: Hydrapple
|
|upkeep
|
|t:|1776122334
|switch|p2a: Maushold|Maushold-Four|100/100
|-damage|p2a: Maushold|88/100|[from] Stealth Rock
|turn|17
|
|t:|1776122343
|move|p2a: Maushold|Population Bomb|p1a: Gholdengo
|-damage|p1a: Gholdengo|51/100
|-damage|p1a: Gholdengo|39/100
|-damage|p1a: Gholdengo|25/100
|-damage|p1a: Gholdengo|12/100
|-damage|p1a: Gholdengo|0 fnt
|faint|p1a: Gholdengo
|-hitcount|p1: Gholdengo|5
|
|upkeep
|
|t:|1776122349
|switch|p1a: Landorus|Landorus-Therian, M|94/100
|-damage|p1a: Landorus|82/100|[from] Stealth Rock
|-ability|p1a: Landorus|Intimidate|boost
|-unboost|p2a: Maushold|atk|1
|turn|18
|
|t:|1776122359
|switch|p2a: Moltres|Moltres|100/100
|move|p1a: Landorus|Earthquake|p2a: Moltres
|-immune|p2a: Moltres
|
|-heal|p1a: Landorus|88/100|[from] item: Leftovers
|upkeep
|turn|19
|
|t:|1776122363
|-terastallize|p2a: Moltres|Grass
|move|p1a: Landorus|Stone Edge|p2a: Moltres
|-damage|p2a: Moltres|63/100
|move|p2a: Moltres|Fire Blast|p1a: Landorus
|-damage|p1a: Landorus|16/100
|-status|p1a: Landorus|brn
|
|-heal|p1a: Landorus|22/100 brn|[from] item: Leftovers
|-damage|p1a: Landorus|16/100 brn|[from] brn
|upkeep
|turn|20
|-message|jhfsjdhfksjdhf forfeited.
|
|win|mathismathin
|raw|jhfsjdhfksjdhf's rating: 1583 &rarr; <strong>1568</strong><br />(-15 for losing)
|raw|mathismathin's rating: 1663 &rarr; <strong>1678</strong><br />(+15 for winning)
|l|☆jhfsjdhfksjdhf
|player|p1|
