|html|<div class="broadcast-blue"><strong>[Gen 9] OU is currently suspecting Tera Blast! For information on how to participate check out the <a href="https://www.smogon.com/tools/suspects/view/200">suspect thread</a>.</strong></div>
|j|☆digiwayne003
|j|☆Kis Vegallomas
|t:|1776067316
|gametype|singles
|player|p1|digiwayne003|beauty|1472
|player|p2|Kis Vegallomas|101|1409
|gen|9
|tier|[Gen 9] OU
|rated|
|rule|HP Percentage Mod: HP is shown in percentages
|rule|Endless Battle Clause: Forcing endless battles is banned
|rule|Species Clause: Limit one of each Pokémon
|rule|OHKO Clause: OHKO moves are banned
|rule|Evasion Items Clause: Evasion items are banned
|rule|Evasion Moves Clause: Evasion moves are banned
|rule|Evasion Abilities Clause: Evasion abilities are banned
|rule|Sleep Moves Clause: Sleep-inducing moves are banned
|clearpoke
|poke|p1|Scovillain, F|
|poke|p1|Ninetales, F|
|poke|p1|Raging Bolt|
|poke|p1|Walking Wake|
|poke|p1|Hatterene, F|
|poke|p1|Great Tusk|
|poke|p2|Arboliva, M|
|poke|p2|Chesnaught, F|
|poke|p2|Primarina, F|
|poke|p2|Arcanine-Hisui, M|
|poke|p2|Grimmsnarl, M|
|poke|p2|Pecharunt|
|teampreview
|j| ohko_smeargle
|inactive|Battle timer is ON: inactive players will automatically lose when time's up. (requested by digiwayne003)
|
|t:|1776067338
|teamsize|p1|6
|teamsize|p2|6
|start
|switch|p1a: Ninetales|Ninetales, F|100/100
|switch|p2a: Grimmsnarl|Grimmsnarl, M|100/100
|-weather|SunnyDay|[from] ability: Drought|[of] p1a: Ninetales
|turn|1
|
|t:|1776067349
|move|p2a: Grimmsnarl|Parting Shot|p1a: Ninetales
|-unboost|p1a: Ninetales|atk|1
|-unboost|p1a: Ninetales|spa|1
|
|t:|1776067350
|switch|p2a: Arcanine|Arcanine-Hisui, M|100/100|[from] Parting Shot
|move|p1a: Ninetales|Encore||[still]
|-fail|p1a: Ninetales
|
|-weather|SunnyDay|[upkeep]
|upkeep
|turn|2
|
|t:|1776067355
|switch|p1a: Hatterene|Hatterene, F|100/100
|move|p2a: Arcanine|Flare Blitz|p1a: Hatterene
|-damage|p1a: Hatterene|0 fnt
|faint|p1a: Hatterene
|
|-weather|SunnyDay|[upkeep]
|upkeep
|
|t:|1776067361
|switch|p1a: Walking Wake|Walking Wake|100/100
|-activate|p1a: Walking Wake|ability: Protosynthesis
|-start|p1a: Walking Wake|protosynthesisspe
|turn|3
|
|t:|1776067366
|switch|p2a: Arboliva|Arboliva, M|100/100
|move|p1a: Walking Wake|Flamethrower|p2a: Arboliva
|-supereffective|p2a: Arboliva
|-damage|p2a: Arboliva|28/100
|-fieldstart|move: Grassy Terrain|[from] ability: Seed Sower|[of] p2a: Arboliva
|-damage|p1a: Walking Wake|91/100|[from] item: Life Orb
|
|-weather|SunnyDay|[upkeep]
|-heal|p1a: Walking Wake|97/100|[from] Grassy Terrain
|-heal|p2a: Arboliva|34/100|[from] Grassy Terrain
|upkeep
|turn|4
|
|t:|1776067376
|-end|p1a: Walking Wake|Protosynthesis|[silent]
|switch|p1a: Scovillain|Scovillain, F|100/100
|switch|p2a: Primarina|Primarina, F|100/100
|
|-weather|SunnyDay|[upkeep]
|upkeep
|turn|5
|
|t:|1776067388
|switch|p2a: Arcanine|Arcanine-Hisui, M|100/100
|move|p1a: Scovillain|Growth|p1a: Scovillain
|-boost|p1a: Scovillain|atk|2
|-boost|p1a: Scovillain|spa|2
|
|-weather|SunnyDay|[upkeep]
|upkeep
|turn|6
|
|t:|1776067397
|switch|p1a: Great Tusk|Great Tusk|100/100
|-activate|p1a: Great Tusk|ability: Protosynthesis
|-start|p1a: Great Tusk|protosynthesisatk
|-terastallize|p2a: Arcanine|Fire
|move|p2a: Arcanine|Flare Blitz|p1a: Great Tusk
|-damage|p1a: Great Tusk|0 fnt
|faint|p1a: Great Tusk
|-end|p1a: Great Tusk|Protosynthesis|[silent]
|
|-weather|SunnyDay|[upkeep]
|upkeep
|
|t:|1776067400
|switch|p1a: Walking Wake|Walking Wake|97/100
|-activate|p1a: Walking Wake|ability: Protosynthesis
|-start|p1a: Walking Wake|protosynthesisspe
|turn|7
|
|t:|1776067404
|switch|p2a: Arboliva|Arboliva, M|34/100
|move|p1a: Walking Wake|Hydro Steam|p2a: Arboliva
|-resisted|p2a: Arboliva
|-damage|p2a: Arboliva|9/100
|-damage|p1a: Walking Wake|87/100|[from] item: Life Orb
|
|-weather|SunnyDay|[upkeep]
|-heal|p1a: Walking Wake|93/100|[from] Grassy Terrain
|-heal|p2a: Arboliva|15/100|[from] Grassy Terrain
|upkeep
|turn|8
|
|t:|1776067415
|move|p1a: Walking Wake|Hydro Steam|p2a: Arboliva
|-resisted|p2a: Arboliva
|-damage|p2a: Arboliva|0 fnt
|faint|p2a: Arboliva
|-damage|p1a: Walking Wake|83/100|[from] item: Life Orb
|
|-weather|none
|-end|p1a: Walking Wake|Protosynthesis
|-heal|p1a: Walking Wake|89/100|[from] Grassy Terrain
|upkeep
|
|t:|1776067425
|switch|p2a: Primarina|Primarina, F|100/100
|turn|9
|
|t:|1776067432
|-end|p1a: Walking Wake|Protosynthesis|[silent]
|switch|p1a: Ninetales|Ninetales, F|100/100
|-weather|SunnyDay|[from] ability: Drought|[of] p1a: Ninetales
|move|p2a: Primarina|Flip Turn|p1a: Ninetales
|-supereffective|p1a: Ninetales
|-damage|p1a: Ninetales|84/100
|
|t:|1776067436
|switch|p2a: Arcanine|Arcanine-Hisui, M, tera:Fire|100/100|[from] Flip Turn
|
|-weather|SunnyDay|[upkeep]
|-heal|p1a: Ninetales|90/100|[from] Grassy Terrain
|upkeep
|turn|10
|
|t:|1776067444
|switch|p1a: Raging Bolt|Raging Bolt|100/100
|-activate|p1a: Raging Bolt|ability: Protosynthesis
|-start|p1a: Raging Bolt|protosynthesisspa
|move|p2a: Arcanine|Head Smash|p1a: Raging Bolt
|-damage|p1a: Raging Bolt|0 fnt
|faint|p1a: Raging Bolt
|-end|p1a: Raging Bolt|Protosynthesis|[silent]
|
|-weather|SunnyDay|[upkeep]
|-fieldend|move: Grassy Terrain
|upkeep
|
|t:|1776067456
|switch|p1a: Walking Wake|Walking Wake|89/100
|-activate|p1a: Walking Wake|ability: Protosynthesis
|-start|p1a: Walking Wake|protosynthesisspe
|turn|11
|
|t:|1776067478
|switch|p2a: Primarina|Primarina, F|100/100
|-terastallize|p1a: Walking Wake|Water
|move|p1a: Walking Wake|Hydro Steam|p2a: Primarina
|-resisted|p2a: Primarina
|-damage|p2a: Primarina|59/100
|-damage|p1a: Walking Wake|79/100|[from] item: Life Orb
|
|-weather|SunnyDay|[upkeep]
|upkeep
|turn|12
|
|t:|1776067485
|move|p1a: Walking Wake|Hydro Steam|p2a: Primarina
|-resisted|p2a: Primarina
|-damage|p2a: Primarina|15/100
|-damage|p1a: Walking Wake|69/100|[from] item: Life Orb
|move|p2a: Primarina|Moonblast|p1a: Walking Wake
|-damage|p1a: Walking Wake|0 fnt
|faint|p1a: Walking Wake
|-end|p1a: Walking Wake|Protosynthesis|[silent]
|
|-weather|SunnyDay|[upkeep]
|upkeep
|
|t:|1776067490
|switch|p1a: Scovillain|Scovillain, F|100/100
|turn|13
|-message|digiwayne003 forfeited.
|
|win|Kis Vegallomas
|raw|digiwayne003's rating: 1472 &rarr; <strong>1448</strong><br />(-24 for losing)
|raw|Kis Vegallomas's rating: 1409 &rarr; <strong>1433</strong><br />(+24 for winning)
|l|☆digiwayne003
|player|p1|
|l| ohko_smeargle
|l|☆Kis Vegallomas
|player|p2|
