|html|<div class="broadcast-blue"><strong>[Gen 9] OU is currently suspecting Tera Blast! For information on how to participate check out the <a href="https://www.smogon.com/tools/suspects/view/200">suspect thread</a>.</strong></div>
|j|☆elizabethscoffin69
|j|☆2905shadow
|t:|1776046162
|gametype|singles
|player|p1|elizabethscoffin69|2|1067
|player|p2|2905shadow|170|1081
|gen|9
|tier|[Gen 9] OU
|rated|
|rule|HP Percentage Mod: HP is shown in percentages
|rule|Endless Battle Clause: Forcing endless battles is banned
|rule|Species Clause: Limit one of each Pokémon
|rule|OHKO Clause: OHKO moves are banned
|rule|Evasion Items Clause: Evasion items are banned
|rule|Evasion Moves Clause: Evasion moves are banned
|rule|Evasion Abilities Clause: Evasion abilities are banned
|rule|Sleep Moves Clause: Sleep-inducing moves are banned
|clearpoke
|poke|p1|Chansey, F|
|poke|p1|Weavile, M|
|poke|p1|Dragapult, M|
|poke|p1|Excadrill, F|
|poke|p1|Iron Moth|
|poke|p1|Lilligant-Hisui, F|
|poke|p2|Torkoal, M|
|poke|p2|Delphox, M|
|poke|p2|Lilligant-Hisui, F|
|poke|p2|Klefki, M|
|poke|p2|Mesprit|
|poke|p2|Jumpluff, M|
|teampreview
|
|t:|1776046173
|teamsize|p1|6
|teamsize|p2|6
|start
|switch|p1a: Eva 00|Dragapult, M, shiny|100/100
|switch|p2a: Klefki|Klefki, M|100/100
|turn|1
|inactive|Battle timer is ON: inactive players will automatically lose when time's up. (requested by 2905shadow)
|
|t:|1776046181
|switch|p1a: Asuka|Iron Moth, shiny|100/100
|move|p2a: Klefki|Thunder Wave|p1a: Asuka
|-status|p1a: Asuka|par
|
|upkeep
|turn|2
|
|t:|1776046190
|switch|p2a: Mesprit|Mesprit|100/100
|move|p1a: Asuka|Fire Blast|p2a: Mesprit
|-damage|p2a: Mesprit|58/100
|
|-heal|p2a: Mesprit|64/100|[from] item: Leftovers
|upkeep
|turn|3
|
|t:|1776046200
|-end|p1a: Asuka|Quark Drive|[silent]
|switch|p1a: Misato|Weavile, M, shiny|100/100
|-ability|p1a: Misato|Pressure
|move|p2a: Mesprit|Stealth Rock|p1a: Misato
|-sidestart|p1: elizabethscoffin69|move: Stealth Rock
|
|-heal|p2a: Mesprit|70/100|[from] item: Leftovers
|upkeep
|turn|4
|
|t:|1776046207
|switch|p2a: Klefki|Klefki, M|100/100
|move|p1a: Misato|Fake Tears|p2a: Klefki
|-unboost|p2a: Klefki|spd|2
|
|upkeep
|turn|5
|
|t:|1776046217
|switch|p1a: Asuka|Iron Moth, shiny|100/100 par
|-damage|p1a: Asuka|76/100 par|[from] Stealth Rock
|move|p2a: Klefki|Dazzling Gleam|p1a: Asuka
|-resisted|p1a: Asuka
|-damage|p1a: Asuka|72/100 par
|
|upkeep
|turn|6
|
|t:|1776046226
|switch|p2a: Mesprit|Mesprit|70/100
|move|p1a: Asuka|Discharge|p2a: Mesprit
|-damage|p2a: Mesprit|50/100
|
|-heal|p2a: Mesprit|56/100|[from] item: Leftovers
|upkeep
|turn|7
|
|t:|1776046233
|move|p2a: Mesprit|Knock Off|p1a: Asuka
|-damage|p1a: Asuka|43/100 par
|-enditem|p1a: Asuka|Assault Vest|[from] move: Knock Off|[of] p2a: Mesprit
|cant|p1a: Asuka|par
|
|-heal|p2a: Mesprit|62/100|[from] item: Leftovers
|upkeep
|turn|8
|
|t:|1776046240
|move|p2a: Mesprit|Psychic|p1a: Asuka
|-supereffective|p1a: Asuka
|-damage|p1a: Asuka|0 fnt
|faint|p1a: Asuka
|-end|p1a: Asuka|Quark Drive|[silent]
|
|-heal|p2a: Mesprit|68/100|[from] item: Leftovers
|upkeep
|
|t:|1776046251
|switch|p1a: Misato|Weavile, M, shiny|100/100
|-damage|p1a: Misato|75/100|[from] Stealth Rock
|-ability|p1a: Misato|Pressure
|turn|9
|
|t:|1776046259
|switch|p2a: Klefki|Klefki, M|100/100
|-terastallize|p1a: Misato|Ice
|move|p1a: Misato|Triple Axel|p2a: Klefki
|-resisted|p2a: Klefki
|-damage|p2a: Klefki|93/100
|-resisted|p2a: Klefki
|-damage|p2a: Klefki|78/100
|-resisted|p2a: Klefki
|-damage|p2a: Klefki|57/100
|-hitcount|p2a: Klefki|3
|
|upkeep
|turn|10
|
|t:|1776046274
|move|p2a: Klefki|Thunder Wave|p1a: Misato
|-status|p1a: Misato|par
|move|p1a: Misato|Triple Axel|p2a: Klefki
|-resisted|p2a: Klefki
|-damage|p2a: Klefki|50/100
|-resisted|p2a: Klefki
|-damage|p2a: Klefki|37/100
|-resisted|p2a: Klefki
|-damage|p2a: Klefki|17/100
|-hitcount|p2a: Klefki|3
|
|upkeep
|turn|11
|
|t:|1776046294
|switch|p1a: Shinji|Excadrill, F, shiny|100/100
|-damage|p1a: Shinji|97/100|[from] Stealth Rock
|move|p2a: Klefki|Spikes|p1a: Shinji
|-sidestart|p1: elizabethscoffin69|Spikes
|
|upkeep
|turn|12
|
|t:|1776046304
|switch|p2a: Jumpluff|Jumpluff, M|100/100
|move|p1a: Shinji|Earthquake|p2a: Jumpluff
|-immune|p2a: Jumpluff
|
|upkeep
|turn|13
|
|t:|1776046314
|move|p2a: Jumpluff|Swords Dance|p2a: Jumpluff
|-boost|p2a: Jumpluff|atk|2
|move|p1a: Shinji|Curse|p1a: Shinji
|-unboost|p1a: Shinji|spe|1
|-boost|p1a: Shinji|atk|1
|-boost|p1a: Shinji|def|1
|
|upkeep
|turn|14
|
|t:|1776046323
|switch|p1a: Eva 00|Dragapult, M, shiny|100/100
|-damage|p1a: Eva 00|88/100|[from] Stealth Rock
|-damage|p1a: Eva 00|76/100|[from] Spikes
|move|p2a: Jumpluff|Seed Bomb|p1a: Eva 00
|-resisted|p1a: Eva 00
|-damage|p1a: Eva 00|39/100
|
|upkeep
|turn|15
|
|t:|1776046331
|move|p1a: Eva 00|Acrobatics|p2a: Jumpluff
|-supereffective|p2a: Jumpluff
|-damage|p2a: Jumpluff|0 fnt
|faint|p2a: Jumpluff
|
|upkeep
|
|t:|1776046338
|switch|p2a: Klefki|Klefki, M|17/100
|turn|16
|
|t:|1776046342
|move|p2a: Klefki|Thunder Wave|p1a: Eva 00
|-status|p1a: Eva 00|par
|cant|p1a: Eva 00|par
|
|upkeep
|turn|17
|
|t:|1776046350
|move|p2a: Klefki|Dazzling Gleam|p1a: Eva 00
|-supereffective|p1a: Eva 00
|-damage|p1a: Eva 00|0 fnt
|faint|p1a: Eva 00
|
|upkeep
|
|t:|1776046353
|switch|p1a: Ritsuko|Chansey, F, shiny|100/100
|-damage|p1a: Ritsuko|88/100|[from] Stealth Rock
|-damage|p1a: Ritsuko|76/100|[from] Spikes
|turn|18
|
|t:|1776046359
|move|p2a: Klefki|Spikes|p1a: Ritsuko
|-sidestart|p1: elizabethscoffin69|Spikes
|move|p1a: Ritsuko|Calm Mind|p1a: Ritsuko
|-boost|p1a: Ritsuko|spa|1
|-boost|p1a: Ritsuko|spd|1
|
|upkeep
|turn|19
|
|t:|1776046365
|move|p2a: Klefki|Spikes|p1a: Ritsuko
|-sidestart|p1: elizabethscoffin69|Spikes
|move|p1a: Ritsuko|Metronome|p1a: Ritsuko
|move|p1a: Ritsuko|Rock Polish|p1a: Ritsuko|[from] move: Metronome
|-boost|p1a: Ritsuko|spe|2
|
|upkeep
|turn|20
|
|t:|1776046372
|move|p2a: Klefki|Thunder Wave|p1a: Ritsuko|[miss]
|-miss|p2a: Klefki|p1a: Ritsuko
|move|p1a: Ritsuko|Hyper Beam|p2a: Klefki
|-resisted|p2a: Klefki
|-damage|p2a: Klefki|0 fnt
|-mustrecharge|p1a: Ritsuko
|faint|p2a: Klefki
|
|upkeep
|
|t:|1776046382
|switch|p2a: Lilligant|Lilligant-Hisui, F|100/100
|turn|21
|
|t:|1776046395
|cant|p1a: Ritsuko|recharge
|move|p2a: Lilligant|Close Combat|p1a: Ritsuko
|-supereffective|p1a: Ritsuko
|-damage|p1a: Ritsuko|0 fnt
|-unboost|p2a: Lilligant|def|1
|-unboost|p2a: Lilligant|spd|1
|faint|p1a: Ritsuko
|-damage|p2a: Lilligant|91/100|[from] item: Life Orb
|
|upkeep
|
|t:|1776046398
|switch|p1a: Rei|Lilligant-Hisui, F, shiny|100/100
|-damage|p1a: Rei|94/100|[from] Stealth Rock
|-damage|p1a: Rei|69/100|[from] Spikes
|turn|22
|
|t:|1776046412
|switch|p2a: Mesprit|Mesprit|68/100
|move|p1a: Rei|Axe Kick|p2a: Mesprit
|-resisted|p2a: Mesprit
|-damage|p2a: Mesprit|44/100
|
|-heal|p1a: Rei|76/100|[from] item: Leftovers
|-heal|p2a: Mesprit|50/100|[from] item: Leftovers
|upkeep
|turn|23
|
|t:|1776046420
|move|p1a: Rei|Solar Blade||[still]
|-prepare|p1a: Rei|Solar Blade
|move|p2a: Mesprit|Psychic|p1a: Rei
|-supereffective|p1a: Rei
|-damage|p1a: Rei|0 fnt
|faint|p1a: Rei
|
|-heal|p2a: Mesprit|56/100|[from] item: Leftovers
|upkeep
|
|t:|1776046424
|switch|p1a: Shinji|Excadrill, F, shiny|97/100
|-damage|p1a: Shinji|94/100|[from] Stealth Rock
|-damage|p1a: Shinji|69/100|[from] Spikes
|turn|24
|
|t:|1776046444
|move|p1a: Shinji|Drill Run|p2a: Mesprit
|-immune|p2a: Mesprit|[from] ability: Levitate
|move|p2a: Mesprit|Knock Off|p1a: Shinji
|-damage|p1a: Shinji|50/100
|
|-heal|p2a: Mesprit|62/100|[from] item: Leftovers
|upkeep
|turn|25
|
|t:|1776046463
|move|p1a: Shinji|Iron Head|p2a: Mesprit
|-damage|p2a: Mesprit|23/100
|cant|p2a: Mesprit|flinch
|
|-heal|p2a: Mesprit|29/100|[from] item: Leftovers
|upkeep
|turn|26
|
|t:|1776046469
|move|p1a: Shinji|Iron Head|p2a: Mesprit
|-damage|p2a: Mesprit|0 fnt
|faint|p2a: Mesprit
|
|upkeep
|
|t:|1776046472
|switch|p2a: Torkoal|Torkoal, M, shiny|100/100
|-weather|SunnyDay|[from] ability: Drought|[of] p2a: Torkoal
|turn|27
|
|t:|1776046481
|move|p1a: Shinji|Earthquake|p2a: Torkoal
|-supereffective|p2a: Torkoal
|-damage|p2a: Torkoal|11/100
|move|p2a: Torkoal|Shell Smash|p2a: Torkoal
|-unboost|p2a: Torkoal|def|1
|-unboost|p2a: Torkoal|spd|1
|-boost|p2a: Torkoal|atk|2
|-boost|p2a: Torkoal|spa|2
|-boost|p2a: Torkoal|spe|2
|-enditem|p2a: Torkoal|Eject Pack
|
|t:|1776046491
|switch|p2a: Delphox|Delphox, M|100/100
|
|-weather|SunnyDay|[upkeep]
|upkeep
|turn|28
|
|t:|1776046511
|move|p2a: Delphox|Copycat|p2a: Delphox
|move|p2a: Delphox|Shell Smash|p2a: Delphox|[from] move: Copycat
|-unboost|p2a: Delphox|def|1
|-unboost|p2a: Delphox|spd|1
|-boost|p2a: Delphox|atk|2
|-boost|p2a: Delphox|spa|2
|-boost|p2a: Delphox|spe|2
|-enditem|p2a: Delphox|White Herb
|-clearnegativeboost|p2a: Delphox|[silent]
|move|p1a: Shinji|Earthquake|p2a: Delphox
|-supereffective|p2a: Delphox
|-damage|p2a: Delphox|0 fnt
|faint|p2a: Delphox
|
|-weather|SunnyDay|[upkeep]
|upkeep
|
|t:|1776046522
|switch|p2a: Lilligant|Lilligant-Hisui, F|91/100
|turn|29
|
|t:|1776046528
|switch|p1a: Misato|Weavile, M, shiny, tera:Ice|75/100 par
|-damage|p1a: Misato|50/100 par|[from] Stealth Rock
|-damage|p1a: Misato|25/100 par|[from] Spikes
|-ability|p1a: Misato|Pressure
|move|p2a: Lilligant|Solar Blade||[still]
|-prepare|p2a: Lilligant|Solar Blade
|-anim|p2a: Lilligant|Solar Blade|p1a: Misato
|-damage|p1a: Misato|0 fnt
|faint|p1a: Misato
|-damage|p2a: Lilligant|81/100|[from] item: Life Orb
|
|-weather|SunnyDay|[upkeep]
|upkeep
|
|t:|1776046541
|switch|p1a: Shinji|Excadrill, F, shiny|50/100
|-damage|p1a: Shinji|47/100|[from] Stealth Rock
|-damage|p1a: Shinji|22/100|[from] Spikes
|turn|30
|
|t:|1776046548
|move|p2a: Lilligant|Solar Blade||[still]
|-prepare|p2a: Lilligant|Solar Blade
|-anim|p2a: Lilligant|Solar Blade|p1a: Shinji
|-damage|p1a: Shinji|0 fnt
|faint|p1a: Shinji
|-damage|p2a: Lilligant|71/100|[from] item: Life Orb
|
|win|2905shadow
|raw|elizabethscoffin69's rating: 1067 &rarr; <strong>1048</strong><br />(-19 for losing)
|raw|2905shadow's rating: 1081 &rarr; <strong>1108</strong><br />(+27 for winning)
|l|☆elizabethscoffin69
|player|p1|
|l|☆2905shadow
|player|p2|
