|html|<div class="broadcast-blue"><strong>[Gen 9] OU is currently suspecting Tera Blast! For information on how to participate check out the <a href="https://www.smogon.com/tools/suspects/view/200">suspect thread</a>.</strong></div>
|j|☆qqmatic
|j|☆TMK7771
|t:|1776091011
|gametype|singles
|player|p1|qqmatic|cyrus|1225
|player|p2|TMK7771|unknown|1260
|gen|9
|tier|[Gen 9] OU
|rated|
|rule|HP Percentage Mod: HP is shown in percentages
|rule|Endless Battle Clause: Forcing endless battles is banned
|rule|Species Clause: Limit one of each Pokémon
|rule|OHKO Clause: OHKO moves are banned
|rule|Evasion Items Clause: Evasion items are banned
|rule|Evasion Moves Clause: Evasion moves are banned
|rule|Evasion Abilities Clause: Evasion abilities are banned
|rule|Sleep Moves Clause: Sleep-inducing moves are banned
|clearpoke
|poke|p1|Hydrapple, F|
|poke|p1|Lycanroc-Dusk, M|
|poke|p1|Kingambit, F|
|poke|p1|Slither Wing|
|poke|p1|Iron Crown|
|poke|p1|Heatran, M|
|poke|p2|Hatterene, F|
|poke|p2|Kyurem|
|poke|p2|Ursaluna, M|
|poke|p2|Heatran, M|
|poke|p2|Quaquaval, F|
|poke|p2|Meowscarada, F|
|teampreview
|inactive|Battle timer is ON: inactive players will automatically lose when time's up. (requested by qqmatic)
|
|t:|1776091021
|teamsize|p1|6
|teamsize|p2|6
|start
|switch|p1a: Iron Crown|Iron Crown|100/100
|switch|p2a: Hatterene|Hatterene, F, shiny|100/100
|turn|1
|
|t:|1776091038
|-terastallize|p2a: Hatterene|Fire
|move|p1a: Iron Crown|Calm Mind|p1a: Iron Crown
|-boost|p1a: Iron Crown|spa|1
|-boost|p1a: Iron Crown|spd|1
|move|p2a: Hatterene|Mystical Fire|p1a: Iron Crown
|-supereffective|p1a: Iron Crown
|-damage|p1a: Iron Crown|62/100
|-unboost|p1a: Iron Crown|spa|1
|-enditem|p1a: Iron Crown|Weakness Policy
|-boost|p1a: Iron Crown|atk|2|[from] item: Weakness Policy
|-boost|p1a: Iron Crown|spa|2|[from] item: Weakness Policy
|
|upkeep
|turn|2
|
|t:|1776091052
|move|p1a: Iron Crown|Stored Power|p2a: Hatterene
|-damage|p2a: Hatterene|0 fnt
|faint|p2a: Hatterene
|
|upkeep
|
|t:|1776091059
|switch|p2a: Heatran|Heatran, M|100/100
|turn|3
|
|t:|1776091065
|move|p1a: Iron Crown|Stored Power|p2a: Heatran
|-resisted|p2a: Heatran
|-damage|p2a: Heatran|61/100
|move|p2a: Heatran|Magma Storm|p1a: Iron Crown|[miss]
|-miss|p2a: Heatran|p1a: Iron Crown
|
|upkeep
|turn|4
|
|t:|1776091074
|move|p1a: Iron Crown|Stored Power|p2a: Heatran
|-resisted|p2a: Heatran
|-damage|p2a: Heatran|23/100
|move|p2a: Heatran|Magma Storm|p1a: Iron Crown
|-supereffective|p1a: Iron Crown
|-damage|p1a: Iron Crown|17/100
|-activate|p1a: Iron Crown|move: Magma Storm|[of] p2a: Heatran
|
|-damage|p1a: Iron Crown|5/100|[from] move: Magma Storm|[partiallytrapped]
|upkeep
|turn|5
|
|t:|1776091087
|move|p1a: Iron Crown|Tachyon Cutter|p2a: Heatran
|-resisted|p2a: Heatran
|-damage|p2a: Heatran|14/100
|-resisted|p2a: Heatran
|-damage|p2a: Heatran|6/100
|-hitcount|p2a: Heatran|2
|move|p2a: Heatran|Magma Storm|p1a: Iron Crown
|-supereffective|p1a: Iron Crown
|-damage|p1a: Iron Crown|0 fnt
|faint|p1a: Iron Crown
|-end|p1a: Iron Crown|Quark Drive|[silent]
|
|upkeep
|
|t:|1776091099
|switch|p1a: Lycanroc|Lycanroc-Dusk, M|100/100
|turn|6
|
|t:|1776091109
|move|p1a: Lycanroc|Accelerock|p2a: Heatran
|-damage|p2a: Heatran|0 fnt
|faint|p2a: Heatran
|-damage|p1a: Lycanroc|91/100|[from] item: Life Orb
|
|upkeep
|
|t:|1776091115
|switch|p2a: Meowscarada|Meowscarada, F|100/100
|turn|7
|
|t:|1776091123
|switch|p1a: wurm|Slither Wing|100/100
|move|p2a: Meowscarada|Flower Trick|p1a: wurm
|-start|p2a: Meowscarada|typechange|Grass|[from] ability: Protean
|-resisted|p1a: wurm
|-crit|p1a: wurm
|-damage|p1a: wurm|75/100
|
|upkeep
|turn|8
|
|t:|1776091144
|switch|p2a: Quaquaval|Quaquaval, F|100/100
|move|p1a: wurm|U-turn|p2a: Quaquaval
|-resisted|p2a: Quaquaval
|-damage|p2a: Quaquaval|58/100
|
|t:|1776091160
|-end|p1a: wurm|Protosynthesis|[silent]
|switch|p1a: drap|Hydrapple, F|100/100|[from] U-turn
|
|upkeep
|turn|9
|
|t:|1776091179
|switch|p2a: Kyurem|Kyurem|100/100
|-ability|p2a: Kyurem|Pressure
|-terastallize|p1a: drap|Poison
|move|p1a: drap|Nasty Plot|p1a: drap
|-boost|p1a: drap|spa|2
|
|upkeep
|turn|10
|
|t:|1776091189
|move|p2a: Kyurem|Earth Power|p1a: drap
|-supereffective|p1a: drap
|-damage|p1a: drap|15/100
|move|p1a: drap|Fickle Beam|p2a: Kyurem
|-supereffective|p2a: Kyurem
|-damage|p2a: Kyurem|0 fnt
|faint|p2a: Kyurem
|
|-heal|p1a: drap|22/100|[from] item: Leftovers
|upkeep
|
|t:|1776091198
|switch|p2a: Ursaluna|Ursaluna, M|100/100
|turn|11
|j| uno and dos
|
|t:|1776091207
|move|p2a: Ursaluna|Earthquake|p1a: drap
|-supereffective|p1a: drap
|-damage|p1a: drap|0 fnt
|faint|p1a: drap
|
|-status|p2a: Ursaluna|brn|[from] item: Flame Orb
|upkeep
|c| uno and dos|I'm late as usual it appears
|c|☆qqmatic|nah this just a normal ladder match gang
|inactive|qqmatic has 120 seconds left.
|c|☆qqmatic|also ello
|c| uno and dos|hi
|
|t:|1776091241
|switch|p1a: wurm|Slither Wing|75/100
|turn|12
|
|t:|1776091251
|move|p1a: wurm|U-turn|p2a: Ursaluna
|-damage|p2a: Ursaluna|56/100 brn
|
|t:|1776091254
|-end|p1a: wurm|Protosynthesis|[silent]
|switch|p1a: Lycanroc|Lycanroc-Dusk, M|91/100|[from] U-turn
|move|p2a: Ursaluna|Fire Punch|p1a: Lycanroc
|-resisted|p1a: Lycanroc
|-damage|p1a: Lycanroc|58/100
|
|-damage|p2a: Ursaluna|50/100 brn|[from] brn
|upkeep
|turn|13
|c| uno and dos|also I'm ALWAYS late whenever I spectate any match
|c|☆qqmatic|loool
|c|☆qqmatic|ah
|
|t:|1776091268
|move|p1a: Lycanroc|Sucker Punch|p2a: Ursaluna
|-damage|p2a: Ursaluna|19/100 brn
|-damage|p1a: Lycanroc|48/100|[from] item: Life Orb
|move|p2a: Ursaluna|Earthquake|p1a: Lycanroc
|-supereffective|p1a: Lycanroc
|-damage|p1a: Lycanroc|0 fnt
|faint|p1a: Lycanroc
|
|-damage|p2a: Ursaluna|13/100 brn|[from] brn
|upkeep
|
|t:|1776091273
|switch|p1a: wurm|Slither Wing|75/100
|turn|14
|
|t:|1776091282
|move|p1a: wurm|U-turn|p2a: Ursaluna
|-damage|p2a: Ursaluna|0 fnt
|faint|p2a: Ursaluna
|
|t:|1776091284
|-end|p1a: wurm|Protosynthesis|[silent]
|switch|p1a: Kingambit|Kingambit, F|100/100|[from] U-turn
|-activate|p1a: Kingambit|ability: Supreme Overlord
|-start|p1a: Kingambit|fallen3|[silent]
|
|upkeep
|
|t:|1776091294
|switch|p2a: Quaquaval|Quaquaval, F|58/100
|turn|15
|
|t:|1776091299
|move|p1a: Kingambit|Sucker Punch|p2a: Quaquaval
|-resisted|p2a: Quaquaval
|-damage|p2a: Quaquaval|19/100
|move|p2a: Quaquaval|Close Combat|p1a: Kingambit
|-supereffective|p1a: Kingambit
|-damage|p1a: Kingambit|0 fnt
|-unboost|p2a: Quaquaval|def|1
|-unboost|p2a: Quaquaval|spd|1
|faint|p1a: Kingambit
|-end|p1a: Kingambit|fallen3|[silent]
|-ability|p2a: Quaquaval|Moxie|boost
|-boost|p2a: Quaquaval|atk|1
|-damage|p2a: Quaquaval|9/100|[from] item: Life Orb
|
|upkeep
|
|t:|1776091302
|switch|p1a: wurm|Slither Wing|75/100
|turn|16
|c|☆qqmatic|gg
|
|t:|1776091328
|move|p1a: wurm|First Impression|p2a: Quaquaval
|-resisted|p2a: Quaquaval
|-damage|p2a: Quaquaval|0 fnt
|faint|p2a: Quaquaval
|
|upkeep
|
|t:|1776091337
|switch|p2a: Meowscarada|Meowscarada, F|100/100
|turn|17
|
|t:|1776091347
|-end|p1a: wurm|Protosynthesis|[silent]
|switch|p1a: Heatran|Heatran, M|100/100
|move|p2a: Meowscarada|Knock Off|p1a: Heatran
|-start|p2a: Meowscarada|typechange|Dark|[from] ability: Protean
|-damage|p1a: Heatran|55/100
|-enditem|p1a: Heatran|Choice Scarf|[from] move: Knock Off|[of] p2a: Meowscarada
|
|upkeep
|turn|18
|
|t:|1776091356
|move|p2a: Meowscarada|Knock Off|p1a: Heatran
|-damage|p1a: Heatran|25/100
|move|p1a: Heatran|Overheat|p2a: Meowscarada
|-damage|p2a: Meowscarada|0 fnt
|-unboost|p1a: Heatran|spa|2
|faint|p2a: Meowscarada
|
|win|qqmatic
|raw|qqmatic's rating: 1225 &rarr; <strong>1253</strong><br />(+28 for winning)
|raw|TMK7771's rating: 1260 &rarr; <strong>1232</strong><br />(-28 for losing)
|l| uno and dos
|l|☆TMK7771
|player|p2|
