|html|<div class="broadcast-blue"><strong>[Gen 9] OU is currently suspecting Tera Blast! For information on how to participate check out the <a href="https://www.smogon.com/tools/suspects/view/200">suspect thread</a>.</strong></div>
|j|☆vzn.exe
|j|☆blu-97_v
|t:|1776086949
|gametype|singles
|player|p1|vzn.exe|lusamine-nihilego|1491
|player|p2|blu-97_v|hiker-gen4|1565
|gen|9
|tier|[Gen 9] OU
|rated|
|rule|HP Percentage Mod: HP is shown in percentages
|rule|Endless Battle Clause: Forcing endless battles is banned
|rule|Species Clause: Limit one of each Pokémon
|rule|OHKO Clause: OHKO moves are banned
|rule|Evasion Items Clause: Evasion items are banned
|rule|Evasion Moves Clause: Evasion moves are banned
|rule|Evasion Abilities Clause: Evasion abilities are banned
|rule|Sleep Moves Clause: Sleep-inducing moves are banned
|clearpoke
|poke|p1|Hydrapple, M|
|poke|p1|Tyranitar, F|
|poke|p1|Moltres|
|poke|p1|Zamazenta-*|
|poke|p1|Slowking-Galar, M|
|poke|p1|Excadrill, F|
|poke|p2|Darkrai|
|poke|p2|Slowking-Galar, M|
|poke|p2|Great Tusk|
|poke|p2|Moltres|
|poke|p2|Dragonite, F|
|poke|p2|Corviknight, F|
|teampreview
|inactive|Battle timer is ON: inactive players will automatically lose when time's up. (requested by blu-97_v)
|
|t:|1776086968
|teamsize|p1|6
|teamsize|p2|6
|start
|switch|p1a: Slowking|Slowking-Galar, M|100/100
|switch|p2a: Great Tusk|Great Tusk|100/100
|turn|1
|inactive|vzn.exe also wants the timer to be on.
|
|t:|1776086985
|move|p2a: Great Tusk|Knock Off|p1a: Slowking
|-supereffective|p1a: Slowking
|-damage|p1a: Slowking|49/100
|-enditem|p1a: Slowking|Assault Vest|[from] move: Knock Off|[of] p2a: Great Tusk
|move|p1a: Slowking|Ice Beam|p2a: Great Tusk
|-supereffective|p2a: Great Tusk
|-damage|p2a: Great Tusk|40/100
|
|-heal|p2a: Great Tusk|46/100|[from] item: Leftovers
|upkeep
|turn|2
|
|t:|1776087003
|switch|p1a: Moltres|Moltres|100/100
|move|p2a: Great Tusk|Headlong Rush|p1a: Moltres
|-immune|p1a: Moltres
|
|-heal|p2a: Great Tusk|52/100|[from] item: Leftovers
|upkeep
|turn|3
|
|t:|1776087021
|-end|p2a: Great Tusk|Protosynthesis|[silent]
|switch|p2a: Slowking|Slowking-Galar, M|100/100
|move|p1a: Moltres|Flamethrower|p2a: Slowking
|-damage|p2a: Slowking|77/100
|
|upkeep
|turn|4
|inactive|vzn.exe has 120 seconds left.
|
|t:|1776087039
|move|p1a: Moltres|U-turn|p2a: Slowking
|-damage|p2a: Slowking|62/100
|inactive|vzn.exe has 120 seconds left.
|
|t:|1776087056
|switch|p1a: Slowking|Slowking-Galar, M|82/100|[from] U-turn
|-prepare|p2a: Slowking|Chilly Reception|[premajor]
|move|p2a: Slowking|Chilly Reception|p2a: Slowking
|-weather|Snowscape
|
|t:|1776087062
|switch|p2a: Great Tusk|Great Tusk|52/100|[from] Chilly Reception
|
|-weather|Snowscape|[upkeep]
|-heal|p2a: Great Tusk|58/100|[from] item: Leftovers
|upkeep
|turn|5
|inactive|vzn.exe has 120 seconds left.
|
|t:|1776087080
|switch|p1a: Moltres|Moltres|100/100
|move|p2a: Great Tusk|Headlong Rush|p1a: Moltres
|-immune|p1a: Moltres
|
|-weather|Snowscape|[upkeep]
|-heal|p2a: Great Tusk|65/100|[from] item: Leftovers
|upkeep
|turn|6
|
|t:|1776087097
|move|p2a: Great Tusk|Stealth Rock|p1a: Moltres
|-sidestart|p1: vzn.exe|move: Stealth Rock
|move|p1a: Moltres|Flamethrower|p2a: Great Tusk
|-damage|p2a: Great Tusk|15/100
|
|-weather|Snowscape|[upkeep]
|-heal|p2a: Great Tusk|21/100|[from] item: Leftovers
|upkeep
|turn|7
|
|t:|1776087106
|-end|p2a: Great Tusk|Protosynthesis|[silent]
|switch|p2a: Slowking|Slowking-Galar, M|95/100
|move|p1a: Moltres|Flamethrower|p2a: Slowking
|-damage|p2a: Slowking|75/100
|
|-weather|Snowscape|[upkeep]
|upkeep
|turn|8
|
|t:|1776087123
|move|p1a: Moltres|Flamethrower|p2a: Slowking
|-damage|p2a: Slowking|52/100
|-status|p2a: Slowking|brn
|-prepare|p2a: Slowking|Chilly Reception|[premajor]
|move|p2a: Slowking|Chilly Reception|p2a: Slowking
|
|t:|1776087126
|switch|p2a: Great Tusk|Great Tusk|21/100|[from] Chilly Reception
|
|-weather|none
|-heal|p2a: Great Tusk|27/100|[from] item: Leftovers
|upkeep
|turn|9
|
|t:|1776087135
|-end|p2a: Great Tusk|Protosynthesis|[silent]
|switch|p2a: Slowking|Slowking-Galar, M|85/100 brn
|move|p1a: Moltres|Flamethrower|p2a: Slowking
|-damage|p2a: Slowking|64/100 brn
|
|-damage|p2a: Slowking|58/100 brn|[from] brn
|upkeep
|turn|10
|inactive|vzn.exe has 120 seconds left.
|
|t:|1776087153
|move|p1a: Moltres|Flamethrower|p2a: Slowking
|-damage|p2a: Slowking|35/100 brn
|move|p2a: Slowking|Future Sight|p1a: Moltres
|-start|p2a: Slowking|move: Future Sight
|
|-damage|p2a: Slowking|28/100 brn|[from] brn
|upkeep
|turn|11
|
|t:|1776087170
|switch|p2a: Moltres|Moltres|100/100
|move|p1a: Moltres|Flamethrower|p2a: Moltres
|-resisted|p2a: Moltres
|-damage|p2a: Moltres|82/100
|
|upkeep
|turn|12
|
|t:|1776087188
|move|p1a: Moltres|Flamethrower|p2a: Moltres
|-resisted|p2a: Moltres
|-damage|p2a: Moltres|62/100
|move|p2a: Moltres|Roar|p1a: Moltres
|drag|p1a: Slowking|Slowking-Galar, M|100/100
|-damage|p1a: Slowking|88/100|[from] Stealth Rock
|
|-end|p1a: Slowking|move: Future Sight
|-damage|p1a: Slowking|53/100
|upkeep
|turn|13
|
|t:|1776087205
|move|p2a: Moltres|Roost|p2a: Moltres
|-heal|p2a: Moltres|100/100
|-singleturn|p2a: Moltres|move: Roost
|move|p1a: Slowking|Sludge Bomb|p2a: Moltres
|-damage|p2a: Moltres|66/100
|
|upkeep
|turn|14
|inactive|vzn.exe has 90 seconds left.
|
|t:|1776087223
|move|p2a: Moltres|U-turn|p1a: Slowking
|-damage|p1a: Slowking|41/100
|
|t:|1776087225
|switch|p2a: Slowking|Slowking-Galar, M|62/100 brn|[from] U-turn
|move|p1a: Slowking|Sludge Bomb|p2a: Slowking
|-resisted|p2a: Slowking
|-damage|p2a: Slowking|51/100 brn
|
|-damage|p2a: Slowking|45/100 brn|[from] brn
|upkeep
|turn|15
|inactive|vzn.exe has 90 seconds left.
|
|t:|1776087242
|move|p1a: Slowking|Psyshock|p2a: Slowking
|-damage|p2a: Slowking|12/100 brn
|-prepare|p2a: Slowking|Chilly Reception|[premajor]
|move|p2a: Slowking|Chilly Reception|p2a: Slowking
|-weather|Snowscape
|
|t:|1776087248
|switch|p2a: Darkrai|Darkrai|100/100|[from] Chilly Reception
|
|-weather|Snowscape|[upkeep]
|upkeep
|turn|16
|inactive|vzn.exe has 90 seconds left.
|
|t:|1776087265
|switch|p1a: Tyranitar|Tyranitar, F|100/100
|-damage|p1a: Tyranitar|88/100|[from] Stealth Rock
|-weather|Sandstorm|[from] ability: Sand Stream|[of] p1a: Tyranitar
|move|p2a: Darkrai|Will-O-Wisp|p1a: Tyranitar|[miss]
|-miss|p2a: Darkrai|p1a: Tyranitar
|
|-weather|Sandstorm|[upkeep]
|-damage|p2a: Darkrai|94/100|[from] Sandstorm
|upkeep
|turn|17
|inactive|vzn.exe has 90 seconds left.
|
|t:|1776087282
|move|p2a: Darkrai|Will-O-Wisp|p1a: Tyranitar|[miss]
|-miss|p2a: Darkrai|p1a: Tyranitar
|move|p1a: Tyranitar|Ice Beam|p2a: Darkrai
|-damage|p2a: Darkrai|67/100
|
|-weather|Sandstorm|[upkeep]
|-damage|p2a: Darkrai|61/100|[from] Sandstorm
|upkeep
|turn|18
|inactive|vzn.exe has 90 seconds left.
|c|☆blu-97_v|2 in a row ofc
|
|t:|1776087300
|move|p2a: Darkrai|Will-O-Wisp|p1a: Tyranitar
|-status|p1a: Tyranitar|brn
|move|p1a: Tyranitar|Ice Beam|p2a: Darkrai
|-damage|p2a: Darkrai|33/100
|
|-weather|Sandstorm|[upkeep]
|-damage|p2a: Darkrai|27/100|[from] Sandstorm
|-damage|p1a: Tyranitar|82/100 brn|[from] brn
|upkeep
|turn|19
|
|t:|1776087317
|switch|p2a: Corviknight|Corviknight, F|100/100
|-ability|p2a: Corviknight|Pressure
|move|p1a: Tyranitar|Stealth Rock|p2a: Corviknight
|-sidestart|p2: blu-97_v|move: Stealth Rock
|
|-weather|Sandstorm|[upkeep]
|-damage|p1a: Tyranitar|76/100 brn|[from] brn
|upkeep
|turn|20
|
|t:|1776087334
|switch|p2a: Slowking|Slowking-Galar, M|45/100 brn
|switch|p1a: Moltres|Moltres|100/100
|
|-weather|Sandstorm|[upkeep]
|-damage|p1a: Moltres|94/100|[from] Sandstorm
|-damage|p2a: Slowking|39/100 brn|[from] Sandstorm
|-damage|p2a: Slowking|33/100 brn|[from] brn
|upkeep
|turn|21
|
|t:|1776087351
|switch|p2a: Moltres|Moltres|66/100
|move|p1a: Moltres|U-turn|p2a: Moltres
|-resisted|p2a: Moltres
|-damage|p2a: Moltres|64/100
|
|t:|1776087360
|switch|p1a: Hydrapple|Hydrapple, M|100/100|[from] U-turn
|
|-weather|Sandstorm|[upkeep]
|-damage|p2a: Moltres|58/100|[from] Sandstorm
|-damage|p1a: Hydrapple|94/100|[from] Sandstorm
|upkeep
|turn|22
|
|t:|1776087369
|move|p2a: Moltres|U-turn|p1a: Hydrapple
|-supereffective|p1a: Hydrapple
|-damage|p1a: Hydrapple|78/100
|
|t:|1776087374
|switch|p2a: Slowking|Slowking-Galar, M|66/100 brn|[from] U-turn
|move|p1a: Hydrapple|Fickle Beam|p2a: Slowking
|-damage|p2a: Slowking|47/100 brn
|
|-weather|Sandstorm|[upkeep]
|-damage|p1a: Hydrapple|71/100|[from] Sandstorm
|-damage|p2a: Slowking|41/100 brn|[from] Sandstorm
|-damage|p2a: Slowking|35/100 brn|[from] brn
|upkeep
|turn|23
|
|t:|1776087391
|switch|p1a: Slowking|Slowking-Galar, M|75/100
|-damage|p1a: Slowking|62/100|[from] Stealth Rock
|move|p2a: Slowking|Sludge Bomb|p1a: Slowking
|-resisted|p1a: Slowking
|-crit|p1a: Slowking
|-damage|p1a: Slowking|44/100
|
|-weather|none
|-damage|p2a: Slowking|28/100 brn|[from] brn
|upkeep
|turn|24
|
|t:|1776087402
|switch|p2a: Corviknight|Corviknight, F|100/100
|-damage|p2a: Corviknight|88/100|[from] Stealth Rock
|-ability|p2a: Corviknight|Pressure
|move|p1a: Slowking|Sludge Bomb|p2a: Corviknight
|-immune|p2a: Corviknight
|
|-heal|p2a: Corviknight|94/100|[from] item: Leftovers
|upkeep
|turn|25
|
|t:|1776087419
|switch|p1a: Moltres|Moltres|94/100
|move|p2a: Corviknight|Drill Peck|p1a: Moltres
|-crit|p1a: Moltres
|-damage|p1a: Moltres|70/100
|
|-heal|p2a: Corviknight|99/100|[from] item: Leftovers
|upkeep
|turn|26
|
|t:|1776087437
|switch|p2a: Moltres|Moltres|58/100
|move|p1a: Moltres|U-turn|p2a: Moltres
|-resisted|p2a: Moltres
|-damage|p2a: Moltres|55/100
|
|t:|1776087446
|switch|p1a: Hydrapple|Hydrapple, M|100/100|[from] U-turn
|
|upkeep
|turn|27
|
|t:|1776087458
|move|p2a: Moltres|Roost|p2a: Moltres
|-heal|p2a: Moltres|100/100
|-singleturn|p2a: Moltres|move: Roost
|move|p1a: Hydrapple|Fickle Beam|p2a: Moltres
|-damage|p2a: Moltres|63/100
|
|upkeep
|turn|28
|
|t:|1776087467
|move|p2a: Moltres|U-turn|p1a: Hydrapple
|-supereffective|p1a: Hydrapple
|-damage|p1a: Hydrapple|82/100
|
|t:|1776087470
|switch|p2a: Corviknight|Corviknight, F|99/100|[from] U-turn
|-damage|p2a: Corviknight|88/100|[from] Stealth Rock
|-ability|p2a: Corviknight|Pressure
|move|p1a: Hydrapple|Fickle Beam|p2a: Corviknight
|-resisted|p2a: Corviknight
|-damage|p2a: Corviknight|71/100
|
|-heal|p2a: Corviknight|77/100|[from] item: Leftovers
|upkeep
|turn|29
|
|t:|1776087487
|switch|p2a: Slowking|Slowking-Galar, M|62/100 brn
|switch|p1a: Moltres|Moltres|70/100
|
|-damage|p2a: Slowking|56/100 brn|[from] brn
|upkeep
|turn|30
|
|t:|1776087496
|move|p1a: Moltres|U-turn|p2a: Slowking
|-damage|p2a: Slowking|42/100 brn
|
|t:|1776087505
|switch|p1a: Slowking|Slowking-Galar, M|77/100|[from] U-turn
|-damage|p1a: Slowking|65/100|[from] Stealth Rock
|-prepare|p2a: Slowking|Chilly Reception|[premajor]
|move|p2a: Slowking|Chilly Reception|p2a: Slowking
|-weather|Snowscape
|
|t:|1776087508
|switch|p2a: Great Tusk|Great Tusk|27/100|[from] Chilly Reception
|-damage|p2a: Great Tusk|24/100|[from] Stealth Rock
|
|-weather|Snowscape|[upkeep]
|-heal|p2a: Great Tusk|30/100|[from] item: Leftovers
|upkeep
|turn|31
|inactive|vzn.exe has 90 seconds left.
|
|t:|1776087517
|switch|p1a: Moltres|Moltres|70/100
|move|p2a: Great Tusk|Headlong Rush|p1a: Moltres
|-immune|p1a: Moltres
|
|-weather|Snowscape|[upkeep]
|-heal|p2a: Great Tusk|37/100|[from] item: Leftovers
|upkeep
|turn|32
|
|t:|1776087526
|-end|p2a: Great Tusk|Protosynthesis|[silent]
|switch|p2a: Moltres|Moltres|63/100
|move|p1a: Moltres|Roost|p1a: Moltres
|-heal|p1a: Moltres|100/100
|-singleturn|p1a: Moltres|move: Roost
|
|-weather|Snowscape|[upkeep]
|upkeep
|turn|33
|
|t:|1776087535
|move|p1a: Moltres|U-turn|p2a: Moltres
|-resisted|p2a: Moltres
|-damage|p2a: Moltres|60/100
|
|t:|1776087544
|switch|p1a: Slowking|Slowking-Galar, M|98/100|[from] U-turn
|-damage|p1a: Slowking|85/100|[from] Stealth Rock
|move|p2a: Moltres|Roost|p2a: Moltres
|-heal|p2a: Moltres|100/100
|-singleturn|p2a: Moltres|move: Roost
|
|-weather|Snowscape|[upkeep]
|upkeep
|turn|34
|
|t:|1776087558
|move|p2a: Moltres|U-turn|p1a: Slowking
|-damage|p1a: Slowking|75/100
|
|t:|1776087559
|switch|p2a: Slowking|Slowking-Galar, M|75/100 brn|[from] U-turn
|move|p1a: Slowking|Sludge Bomb|p2a: Slowking
|-resisted|p2a: Slowking
|-damage|p2a: Slowking|66/100 brn
|
|-weather|none
|-damage|p2a: Slowking|60/100 brn|[from] brn
|upkeep
|turn|35
|
|t:|1776087569
|move|p1a: Slowking|Psyshock|p2a: Slowking
|-damage|p2a: Slowking|30/100 brn
|-prepare|p2a: Slowking|Chilly Reception|[premajor]
|move|p2a: Slowking|Chilly Reception|p2a: Slowking
|-weather|Snowscape
|
|t:|1776087572
|switch|p2a: Darkrai|Darkrai|27/100|[from] Chilly Reception
|
|-weather|Snowscape|[upkeep]
|upkeep
|turn|36
|inactive|vzn.exe has 120 seconds left.
|
|t:|1776087589
|switch|p2a: Slowking|Slowking-Galar, M|63/100 brn
|switch|p1a: Zamazenta|Zamazenta|100/100
|-damage|p1a: Zamazenta|94/100|[from] Stealth Rock
|-ability|p1a: Zamazenta|Dauntless Shield|boost
|-boost|p1a: Zamazenta|def|1
|
|-weather|Snowscape|[upkeep]
|-heal|p1a: Zamazenta|100/100|[from] item: Leftovers
|-damage|p2a: Slowking|57/100 brn|[from] brn
|upkeep
|turn|37
|inactive|vzn.exe has 120 seconds left.
|
|t:|1776087598
|move|p2a: Slowking|Psychic Noise|p1a: Zamazenta
|-supereffective|p1a: Zamazenta
|-damage|p1a: Zamazenta|50/100
|-start|p1a: Zamazenta|move: Heal Block
|move|p1a: Zamazenta|Roar|p2a: Slowking
|drag|p2a: Dragonite|Dragonite, F|100/100
|
|-weather|Snowscape|[upkeep]
|upkeep
|turn|38
|inactive|vzn.exe has 120 seconds left.
|
|t:|1776087616
|switch|p2a: Moltres|Moltres|100/100
|move|p1a: Zamazenta|Iron Defense|p1a: Zamazenta
|-boost|p1a: Zamazenta|def|2
|
|-weather|Snowscape|[upkeep]
|-end|p1a: Zamazenta|move: Heal Block
|upkeep
|turn|39
|inactive|vzn.exe has 120 seconds left.
|
|t:|1776087625
|switch|p1a: Moltres|Moltres|100/100
|move|p2a: Moltres|Roar|p1a: Moltres
|drag|p1a: Slowking|Slowking-Galar, M|100/100
|-damage|p1a: Slowking|88/100|[from] Stealth Rock
|
|-weather|none
|upkeep
|turn|40
|
|t:|1776087634
|move|p2a: Moltres|U-turn|p1a: Slowking
|-damage|p1a: Slowking|76/100
|
|t:|1776087635
|switch|p2a: Slowking|Slowking-Galar, M|90/100 brn|[from] U-turn
|move|p1a: Slowking|Flamethrower|p2a: Slowking
|-damage|p2a: Slowking|77/100 brn
|
|-damage|p2a: Slowking|71/100 brn|[from] brn
|upkeep
|turn|41
|
|t:|1776087645
|move|p1a: Slowking|Psyshock|p2a: Slowking
|-damage|p2a: Slowking|41/100 brn
|move|p2a: Slowking|Future Sight|p1a: Slowking
|-start|p2a: Slowking|move: Future Sight
|
|-damage|p2a: Slowking|35/100 brn|[from] brn
|upkeep
|turn|42
|
|t:|1776087654
|move|p1a: Slowking|Psyshock|p2a: Slowking
|-damage|p2a: Slowking|2/100 brn
|-prepare|p2a: Slowking|Chilly Reception|[premajor]
|move|p2a: Slowking|Chilly Reception|p2a: Slowking
|-weather|Snowscape
|
|t:|1776087659
|switch|p2a: Great Tusk|Great Tusk|37/100|[from] Chilly Reception
|-damage|p2a: Great Tusk|34/100|[from] Stealth Rock
|
|-weather|Snowscape|[upkeep]
|-heal|p2a: Great Tusk|40/100|[from] item: Leftovers
|upkeep
|turn|43
|
|t:|1776087668
|switch|p1a: Hydrapple|Hydrapple, M|100/100
|move|p2a: Great Tusk|Headlong Rush|p1a: Hydrapple
|-resisted|p1a: Hydrapple
|-damage|p1a: Hydrapple|82/100
|-unboost|p2a: Great Tusk|def|1
|-unboost|p2a: Great Tusk|spd|1
|
|-weather|Snowscape|[upkeep]
|-end|p1a: Hydrapple|move: Future Sight
|-damage|p1a: Hydrapple|37/100
|-heal|p2a: Great Tusk|46/100|[from] item: Leftovers
|upkeep
|turn|44
|
|t:|1776087686
|-end|p2a: Great Tusk|Protosynthesis|[silent]
|switch|p2a: Moltres|Moltres|100/100
|move|p1a: Hydrapple|Fickle Beam|p2a: Moltres
|-damage|p2a: Moltres|68/100
|
|-weather|Snowscape|[upkeep]
|upkeep
|turn|45
|
|t:|1776087695
|switch|p1a: Tyranitar|Tyranitar, F|76/100 brn
|-damage|p1a: Tyranitar|63/100 brn|[from] Stealth Rock
|-weather|Sandstorm|[from] ability: Sand Stream|[of] p1a: Tyranitar
|move|p2a: Moltres|U-turn|p1a: Tyranitar
|-supereffective|p1a: Tyranitar
|-damage|p1a: Tyranitar|40/100 brn
|
|t:|1776087700
|switch|p2a: Great Tusk|Great Tusk|46/100|[from] U-turn
|-damage|p2a: Great Tusk|43/100|[from] Stealth Rock
|
|-weather|Sandstorm|[upkeep]
|-heal|p2a: Great Tusk|49/100|[from] item: Leftovers
|-damage|p1a: Tyranitar|34/100 brn|[from] brn
|upkeep
|turn|46
|
|t:|1776087712
|switch|p1a: Hydrapple|Hydrapple, M|70/100
|move|p2a: Great Tusk|Headlong Rush|p1a: Hydrapple
|-resisted|p1a: Hydrapple
|-damage|p1a: Hydrapple|53/100
|-unboost|p2a: Great Tusk|def|1
|-unboost|p2a: Great Tusk|spd|1
|
|-weather|Sandstorm|[upkeep]
|-damage|p1a: Hydrapple|47/100|[from] Sandstorm
|-heal|p2a: Great Tusk|56/100|[from] item: Leftovers
|upkeep
|turn|47
|
|t:|1776087721
|-end|p2a: Great Tusk|Protosynthesis|[silent]
|switch|p2a: Moltres|Moltres|68/100
|switch|p1a: Slowking|Slowking-Galar, M|100/100
|-damage|p1a: Slowking|88/100|[from] Stealth Rock
|
|-weather|Sandstorm|[upkeep]
|-damage|p2a: Moltres|62/100|[from] Sandstorm
|-damage|p1a: Slowking|82/100|[from] Sandstorm
|upkeep
|turn|48
|
|t:|1776087730
|move|p2a: Moltres|Roost|p2a: Moltres
|-heal|p2a: Moltres|100/100
|-singleturn|p2a: Moltres|move: Roost
|move|p1a: Slowking|Sludge Bomb|p2a: Moltres
|-damage|p2a: Moltres|65/100
|
|-weather|Sandstorm|[upkeep]
|-damage|p2a: Moltres|59/100|[from] Sandstorm
|-damage|p1a: Slowking|76/100|[from] Sandstorm
|upkeep
|turn|49
|
|t:|1776087739
|move|p2a: Moltres|U-turn|p1a: Slowking
|-damage|p1a: Slowking|65/100
|
|t:|1776087746
|switch|p2a: Corviknight|Corviknight, F|77/100|[from] U-turn
|-damage|p2a: Corviknight|65/100|[from] Stealth Rock
|-ability|p2a: Corviknight|Pressure
|move|p1a: Slowking|Sludge Bomb|p2a: Corviknight
|-immune|p2a: Corviknight
|
|-weather|Sandstorm|[upkeep]
|-damage|p1a: Slowking|59/100|[from] Sandstorm
|-heal|p2a: Corviknight|71/100|[from] item: Leftovers
|upkeep
|turn|50
|
|t:|1776087763
|switch|p2a: Moltres|Moltres|59/100
|switch|p1a: Moltres|Moltres|100/100
|
|-weather|Sandstorm|[upkeep]
|-damage|p2a: Moltres|53/100|[from] Sandstorm
|-damage|p1a: Moltres|94/100|[from] Sandstorm
|upkeep
|turn|51
|
|t:|1776087772
|move|p2a: Moltres|Roost|p2a: Moltres
|-heal|p2a: Moltres|100/100
|-singleturn|p2a: Moltres|move: Roost
|move|p1a: Moltres|U-turn|p2a: Moltres
|-resisted|p2a: Moltres
|-damage|p2a: Moltres|95/100
|
|t:|1776087781
|switch|p1a: Slowking|Slowking-Galar, M|92/100|[from] U-turn
|-damage|p1a: Slowking|80/100|[from] Stealth Rock
|
|-weather|Sandstorm|[upkeep]
|-damage|p2a: Moltres|89/100|[from] Sandstorm
|-damage|p1a: Slowking|74/100|[from] Sandstorm
|upkeep
|turn|52
|
|t:|1776087791
|move|p2a: Moltres|Flamethrower|p1a: Slowking
|-damage|p1a: Slowking|44/100
|move|p1a: Slowking|Sludge Bomb|p2a: Moltres
|-damage|p2a: Moltres|53/100
|-status|p2a: Moltres|psn
|
|-weather|none
|-damage|p2a: Moltres|41/100 psn|[from] psn
|upkeep
|turn|53
|
|t:|1776087801
|move|p2a: Moltres|Roost|p2a: Moltres
|-heal|p2a: Moltres|91/100 psn
|-singleturn|p2a: Moltres|move: Roost
|move|p1a: Slowking|Sludge Bomb|p2a: Moltres
|-damage|p2a: Moltres|55/100 psn
|
|-damage|p2a: Moltres|43/100 psn|[from] psn
|upkeep
|turn|54
|
|t:|1776087810
|move|p2a: Moltres|U-turn|p1a: Slowking
|-damage|p1a: Slowking|33/100
|
|t:|1776087814
|switch|p2a: Great Tusk|Great Tusk|56/100|[from] U-turn
|-damage|p2a: Great Tusk|53/100|[from] Stealth Rock
|move|p1a: Slowking|Sludge Bomb|p2a: Great Tusk
|-resisted|p2a: Great Tusk
|-crit|p2a: Great Tusk
|-damage|p2a: Great Tusk|18/100
|
|-heal|p2a: Great Tusk|24/100|[from] item: Leftovers
|upkeep
|turn|55
|
|t:|1776087823
|switch|p1a: Zamazenta|Zamazenta|50/100
|-damage|p1a: Zamazenta|44/100|[from] Stealth Rock
|move|p2a: Great Tusk|Knock Off|p1a: Zamazenta
|-resisted|p1a: Zamazenta
|-damage|p1a: Zamazenta|32/100
|-enditem|p1a: Zamazenta|Leftovers|[from] move: Knock Off|[of] p2a: Great Tusk
|
|-heal|p2a: Great Tusk|30/100|[from] item: Leftovers
|upkeep
|turn|56
|
|t:|1776087842
|move|p1a: Zamazenta|Iron Defense|p1a: Zamazenta
|-boost|p1a: Zamazenta|def|2
|move|p2a: Great Tusk|Rapid Spin|p1a: Zamazenta
|-damage|p1a: Zamazenta|25/100
|-boost|p2a: Great Tusk|spe|1
|-sideend|p2: blu-97_v|Stealth Rock|[from] move: Rapid Spin|[of] p2a: Great Tusk
|
|-heal|p2a: Great Tusk|37/100|[from] item: Leftovers
|upkeep
|turn|57
|
|t:|1776087851
|-terastallize|p2a: Great Tusk|Ghost
|move|p1a: Zamazenta|Body Press|p2a: Great Tusk
|-immune|p2a: Great Tusk
|move|p2a: Great Tusk|Rapid Spin|p1a: Zamazenta
|-damage|p1a: Zamazenta|19/100
|-boost|p2a: Great Tusk|spe|1
|
|-heal|p2a: Great Tusk|43/100|[from] item: Leftovers
|upkeep
|turn|58
|
|t:|1776087861
|switch|p1a: Hydrapple|Hydrapple, M|80/100
|move|p2a: Great Tusk|Headlong Rush|p1a: Hydrapple
|-resisted|p1a: Hydrapple
|-damage|p1a: Hydrapple|62/100
|-unboost|p2a: Great Tusk|def|1
|-unboost|p2a: Great Tusk|spd|1
|
|-heal|p2a: Great Tusk|49/100|[from] item: Leftovers
|upkeep
|turn|59
|
|t:|1776087870
|-end|p2a: Great Tusk|Protosynthesis|[silent]
|switch|p2a: Corviknight|Corviknight, F|71/100
|-ability|p2a: Corviknight|Pressure
|move|p1a: Hydrapple|Fickle Beam|p2a: Corviknight
|-resisted|p2a: Corviknight
|-damage|p2a: Corviknight|53/100
|
|-heal|p2a: Corviknight|59/100|[from] item: Leftovers
|upkeep
|turn|60
|
|t:|1776087887
|switch|p1a: Moltres|Moltres|94/100
|move|p2a: Corviknight|Roost|p2a: Corviknight
|-heal|p2a: Corviknight|100/100
|-singleturn|p2a: Corviknight|move: Roost
|
|upkeep
|turn|61
|
|t:|1776087904
|switch|p2a: Moltres|Moltres|43/100 psn
|move|p1a: Moltres|Flamethrower|p2a: Moltres
|-resisted|p2a: Moltres
|-crit|p2a: Moltres
|-damage|p2a: Moltres|14/100 psn
|
|-damage|p2a: Moltres|2/100 psn|[from] psn
|upkeep
|turn|62
|
|t:|1776087913
|move|p2a: Moltres|Roost|p2a: Moltres
|-heal|p2a: Moltres|52/100 psn
|-singleturn|p2a: Moltres|move: Roost
|move|p1a: Moltres|U-turn|p2a: Moltres
|-resisted|p2a: Moltres
|-damage|p2a: Moltres|47/100 psn
|
|t:|1776087922
|switch|p1a: Slowking|Slowking-Galar, M|67/100|[from] U-turn
|-damage|p1a: Slowking|54/100|[from] Stealth Rock
|
|-damage|p2a: Moltres|35/100 psn|[from] psn
|upkeep
|turn|63
|
|t:|1776087931
|move|p2a: Moltres|U-turn|p1a: Slowking
|-damage|p1a: Slowking|44/100
|
|t:|1776087937
|switch|p2a: Great Tusk|Great Tusk, tera:Ghost|49/100|[from] U-turn
|move|p1a: Slowking|Sludge Bomb|p2a: Great Tusk
|-resisted|p2a: Great Tusk
|-damage|p2a: Great Tusk|27/100
|
|-heal|p2a: Great Tusk|33/100|[from] item: Leftovers
|upkeep
|turn|64
|
|t:|1776087946
|switch|p1a: Moltres|Moltres|94/100
|move|p2a: Great Tusk|Knock Off|p1a: Moltres
|-crit|p1a: Moltres
|-damage|p1a: Moltres|61/100
|-enditem|p1a: Moltres|Heavy-Duty Boots|[from] move: Knock Off|[of] p2a: Great Tusk
|
|-heal|p2a: Great Tusk|39/100|[from] item: Leftovers
|upkeep
|turn|65
|
|t:|1776087955
|-end|p2a: Great Tusk|Protosynthesis|[silent]
|switch|p2a: Moltres|Moltres|35/100 psn
|move|p1a: Moltres|Flamethrower|p2a: Moltres
|-resisted|p2a: Moltres
|-damage|p2a: Moltres|14/100 psn
|
|-damage|p2a: Moltres|2/100 psn|[from] psn
|upkeep
|turn|66
|
|t:|1776087964
|move|p2a: Moltres|Roost|p2a: Moltres
|-heal|p2a: Moltres|52/100 psn
|-singleturn|p2a: Moltres|move: Roost
|move|p1a: Moltres|Flamethrower|p2a: Moltres
|-resisted|p2a: Moltres
|-damage|p2a: Moltres|34/100 psn
|
|-damage|p2a: Moltres|22/100 psn|[from] psn
|upkeep
|turn|67
|
|t:|1776087973
|move|p1a: Moltres|Roost|p1a: Moltres
|-heal|p1a: Moltres|100/100
|-singleturn|p1a: Moltres|move: Roost
|move|p2a: Moltres|Roar|p1a: Moltres
|drag|p1a: Excadrill|Excadrill, F|100/100
|-damage|p1a: Excadrill|97/100|[from] Stealth Rock
|-item|p1a: Excadrill|Air Balloon
|
|-damage|p2a: Moltres|10/100 psn|[from] psn
|upkeep
|turn|68
|
|t:|1776087982
|move|p1a: Excadrill|Rapid Spin|p2a: Moltres
|-damage|p2a: Moltres|0 fnt
|-boost|p1a: Excadrill|spe|1
|-sideend|p1: vzn.exe|Stealth Rock|[from] move: Rapid Spin|[of] p1a: Excadrill
|faint|p2a: Moltres
|
|upkeep
|
|t:|1776087988
|switch|p2a: Dragonite|Dragonite, F|100/100
|turn|69
|
|t:|1776088004
|move|p2a: Dragonite|Extreme Speed|p1a: Excadrill
|-resisted|p1a: Excadrill
|-damage|p1a: Excadrill|74/100
|-enditem|p1a: Excadrill|Air Balloon
|move|p1a: Excadrill|Iron Head|p2a: Dragonite
|-damage|p2a: Dragonite|79/100
|
|upkeep
|turn|70
|
|t:|1776088023
|move|p1a: Excadrill|Iron Head|p2a: Dragonite
|-damage|p2a: Dragonite|31/100
|move|p2a: Dragonite|Earthquake|p1a: Excadrill
|-supereffective|p1a: Excadrill
|-damage|p1a: Excadrill|0 fnt
|faint|p1a: Excadrill
|
|upkeep
|inactive|vzn.exe has 120 seconds left.
|
|t:|1776088040
|switch|p1a: Slowking|Slowking-Galar, M|77/100
|turn|71
|inactive|vzn.exe has 120 seconds left.
|
|t:|1776088057
|switch|p1a: Moltres|Moltres|100/100
|move|p2a: Dragonite|Earthquake|p1a: Moltres
|-immune|p1a: Moltres
|
|upkeep
|turn|72
|inactive|vzn.exe has 120 seconds left.
|
|t:|1776088074
|move|p2a: Dragonite|Roost|p2a: Dragonite
|-heal|p2a: Dragonite|81/100
|-singleturn|p2a: Dragonite|move: Roost
|move|p1a: Moltres|Flamethrower|p2a: Dragonite
|-resisted|p2a: Dragonite
|-damage|p2a: Dragonite|63/100
|
|upkeep
|turn|73
|
|t:|1776088084
|move|p2a: Dragonite|Dragon Dance|p2a: Dragonite
|-boost|p2a: Dragonite|atk|1
|-boost|p2a: Dragonite|spe|1
|move|p1a: Moltres|U-turn|p2a: Dragonite
|-resisted|p2a: Dragonite
|-damage|p2a: Dragonite|55/100
|
|t:|1776088093
|switch|p1a: Slowking|Slowking-Galar, M|100/100|[from] U-turn
|
|upkeep
|turn|74
|inactive|vzn.exe has 120 seconds left.
|
|t:|1776088101
|move|p2a: Dragonite|Earthquake|p1a: Slowking
|-supereffective|p1a: Slowking
|-damage|p1a: Slowking|17/100
|move|p1a: Slowking|Ice Beam|p2a: Dragonite
|-supereffective|p2a: Dragonite
|-damage|p2a: Dragonite|0 fnt
|faint|p2a: Dragonite
|
|upkeep
|
|t:|1776088124
|switch|p2a: Great Tusk|Great Tusk, tera:Ghost|39/100
|turn|75
|
|t:|1776088133
|switch|p1a: Moltres|Moltres|100/100
|move|p2a: Great Tusk|Stealth Rock|p1a: Moltres
|-sidestart|p1: vzn.exe|move: Stealth Rock
|
|-heal|p2a: Great Tusk|46/100|[from] item: Leftovers
|upkeep
|turn|76
|j| ohko_smeargle
|
|t:|1776088159
|move|p2a: Great Tusk|Knock Off|p1a: Moltres
|-damage|p1a: Moltres|85/100
|move|p1a: Moltres|Flamethrower|p2a: Great Tusk
|-damage|p2a: Great Tusk|0 fnt
|faint|p2a: Great Tusk
|-end|p2a: Great Tusk|Protosynthesis|[silent]
|
|upkeep
|
|t:|1776088162
|switch|p2a: Slowking|Slowking-Galar, M|35/100 brn
|turn|77
|
|t:|1776088171
|move|p1a: Moltres|Flamethrower|p2a: Slowking
|-damage|p2a: Slowking|12/100 brn
|move|p2a: Slowking|Psychic Noise|p1a: Moltres
|-damage|p1a: Moltres|55/100
|-start|p1a: Moltres|move: Heal Block
|
|-damage|p2a: Slowking|6/100 brn|[from] brn
|upkeep
|turn|78
|inactive|blu-97_v has 120 seconds left.
|
|t:|1776088204
|move|p1a: Moltres|Flamethrower|p2a: Slowking
|-damage|p2a: Slowking|0 fnt
|faint|p2a: Slowking
|
|-end|p1a: Moltres|move: Heal Block
|upkeep
|
|t:|1776088207
|switch|p2a: Darkrai|Darkrai|27/100
|turn|79
|
|t:|1776088223
|move|p2a: Darkrai|Dark Pulse|p1a: Moltres
|-damage|p1a: Moltres|13/100
|cant|p1a: Moltres|flinch
|
|upkeep
|turn|80
|
|t:|1776088240
|move|p2a: Darkrai|Dark Pulse|p1a: Moltres
|-damage|p1a: Moltres|0 fnt
|faint|p1a: Moltres
|
|upkeep
|inactive|vzn.exe has 120 seconds left.
|
|t:|1776088257
|switch|p1a: Zamazenta|Zamazenta|19/100
|-damage|p1a: Zamazenta|13/100|[from] Stealth Rock
|turn|81
|inactive|vzn.exe has 120 seconds left.
|
|t:|1776088274
|switch|p2a: Corviknight|Corviknight, F|100/100
|-ability|p2a: Corviknight|Pressure
|move|p1a: Zamazenta|Body Press|p2a: Corviknight
|-damage|p2a: Corviknight|76/100
|
|-heal|p2a: Corviknight|82/100|[from] item: Leftovers
|upkeep
|turn|82
|inactive|vzn.exe has 120 seconds left.
|
|t:|1776088292
|move|p1a: Zamazenta|Body Press|p2a: Corviknight
|-damage|p2a: Corviknight|60/100
|move|p2a: Corviknight|Drill Peck|p1a: Zamazenta
|-supereffective|p1a: Zamazenta
|-damage|p1a: Zamazenta|0 fnt
|faint|p1a: Zamazenta
|
|-heal|p2a: Corviknight|66/100|[from] item: Leftovers
|upkeep
|
|t:|1776088310
|switch|p1a: Slowking|Slowking-Galar, M|50/100
|-damage|p1a: Slowking|37/100|[from] Stealth Rock
|turn|83
|
|t:|1776088327
|move|p2a: Corviknight|Drill Peck|p1a: Slowking
|-damage|p1a: Slowking|18/100
|move|p1a: Slowking|Flamethrower|p2a: Corviknight
|-supereffective|p2a: Corviknight
|-damage|p2a: Corviknight|18/100
|
|-heal|p2a: Corviknight|24/100|[from] item: Leftovers
|upkeep
|turn|84
|inactive|vzn.exe has 90 seconds left.
|
|t:|1776088345
|move|p2a: Corviknight|Drill Peck|p1a: Slowking
|-crit|p1a: Slowking
|-damage|p1a: Slowking|0 fnt
|faint|p1a: Slowking
|
|-heal|p2a: Corviknight|30/100|[from] item: Leftovers
|upkeep
|inactive|vzn.exe has 90 seconds left.
|
|t:|1776088362
|switch|p1a: Hydrapple|Hydrapple, M|95/100
|turn|85
|
|t:|1776088379
|move|p2a: Corviknight|Roost|p2a: Corviknight
|-heal|p2a: Corviknight|80/100
|-singleturn|p2a: Corviknight|move: Roost
|move|p1a: Hydrapple|Nasty Plot|p1a: Hydrapple
|-boost|p1a: Hydrapple|spa|2
|
|-heal|p2a: Corviknight|86/100|[from] item: Leftovers
|upkeep
|turn|86
|
|t:|1776088395
|move|p2a: Corviknight|Drill Peck|p1a: Hydrapple
|-supereffective|p1a: Hydrapple
|-damage|p1a: Hydrapple|67/100
|move|p1a: Hydrapple|Fickle Beam|p2a: Corviknight
|-resisted|p2a: Corviknight
|-damage|p2a: Corviknight|50/100
|
|-heal|p2a: Corviknight|56/100|[from] item: Leftovers
|upkeep
|turn|87
|
|t:|1776088412
|move|p2a: Corviknight|Drill Peck|p1a: Hydrapple
|-supereffective|p1a: Hydrapple
|-damage|p1a: Hydrapple|39/100
|move|p1a: Hydrapple|Giga Drain|p2a: Corviknight
|-resisted|p2a: Corviknight
|-damage|p2a: Corviknight|40/100
|-heal|p1a: Hydrapple|46/100|[from] drain|[of] p2a: Corviknight
|
|-heal|p2a: Corviknight|46/100|[from] item: Leftovers
|upkeep
|turn|88
|inactive|vzn.exe has 60 seconds left.
|
|t:|1776088428
|move|p2a: Corviknight|Drill Peck|p1a: Hydrapple
|-supereffective|p1a: Hydrapple
|-damage|p1a: Hydrapple|18/100
|move|p1a: Hydrapple|Giga Drain|p2a: Corviknight
|-resisted|p2a: Corviknight
|-damage|p2a: Corviknight|32/100
|-heal|p1a: Hydrapple|25/100|[from] drain|[of] p2a: Corviknight
|
|-heal|p2a: Corviknight|38/100|[from] item: Leftovers
|upkeep
|turn|89
|inactive|vzn.exe has 60 seconds left.
|
|t:|1776088445
|switch|p1a: Tyranitar|Tyranitar, F|34/100 brn
|-damage|p1a: Tyranitar|21/100 brn|[from] Stealth Rock
|-weather|Sandstorm|[from] ability: Sand Stream|[of] p1a: Tyranitar
|move|p2a: Corviknight|Drill Peck|p1a: Tyranitar
|-resisted|p1a: Tyranitar
|-damage|p1a: Tyranitar|12/100 brn
|
|-weather|Sandstorm|[upkeep]
|-heal|p2a: Corviknight|44/100|[from] item: Leftovers
|-damage|p1a: Tyranitar|6/100 brn|[from] brn
|upkeep
|turn|90
|inactive|vzn.exe has 60 seconds left.
|
|t:|1776088461
|move|p2a: Corviknight|Roost|p2a: Corviknight
|-heal|p2a: Corviknight|94/100
|-singleturn|p2a: Corviknight|move: Roost
|move|p1a: Tyranitar|Ice Beam|p2a: Corviknight
|-resisted|p2a: Corviknight
|-damage|p2a: Corviknight|84/100
|
|-weather|Sandstorm|[upkeep]
|-heal|p2a: Corviknight|90/100|[from] item: Leftovers
|-damage|p1a: Tyranitar|0 fnt|[from] brn
|faint|p1a: Tyranitar
|upkeep
|
|t:|1776088476
|switch|p1a: Hydrapple|Hydrapple, M|59/100
|turn|91
|
|t:|1776088483
|move|p2a: Corviknight|Drill Peck|p1a: Hydrapple
|-supereffective|p1a: Hydrapple
|-damage|p1a: Hydrapple|29/100
|move|p1a: Hydrapple|Giga Drain|p2a: Corviknight
|-resisted|p2a: Corviknight
|-damage|p2a: Corviknight|83/100
|-heal|p1a: Hydrapple|32/100|[from] drain|[of] p2a: Corviknight
|
|-weather|Sandstorm|[upkeep]
|-damage|p1a: Hydrapple|26/100|[from] Sandstorm
|-heal|p2a: Corviknight|89/100|[from] item: Leftovers
|upkeep
|turn|92
|
|t:|1776088488
|move|p2a: Corviknight|Drill Peck|p1a: Hydrapple
|-supereffective|p1a: Hydrapple
|-damage|p1a: Hydrapple|0 fnt
|faint|p1a: Hydrapple
|
|win|blu-97_v
|raw|vzn.exe's rating: 1491 &rarr; <strong>1475</strong><br />(-16 for losing)
|raw|blu-97_v's rating: 1565 &rarr; <strong>1581</strong><br />(+16 for winning)
