|html|<div class="broadcast-blue"><strong>[Gen 9] OU is currently suspecting Tera Blast! For information on how to participate check out the <a href="https://www.smogon.com/tools/suspects/view/200">suspect thread</a>.</strong></div>
|j|☆AvocadoDeity
|j|☆whoa now
|t:|1776033130
|gametype|singles
|player|p1|AvocadoDeity|red|1223
|player|p2|whoa now|shadowtriad|1258
|gen|9
|tier|[Gen 9] OU
|rated|
|rule|HP Percentage Mod: HP is shown in percentages
|rule|Endless Battle Clause: Forcing endless battles is banned
|rule|Species Clause: Limit one of each Pokémon
|rule|OHKO Clause: OHKO moves are banned
|rule|Evasion Items Clause: Evasion items are banned
|rule|Evasion Moves Clause: Evasion moves are banned
|rule|Evasion Abilities Clause: Evasion abilities are banned
|rule|Sleep Moves Clause: Sleep-inducing moves are banned
|clearpoke
|poke|p1|Slowking-Galar, F|
|poke|p1|Tornadus-Therian, M|
|poke|p1|Cinderace, M|
|poke|p1|Lokix, M|
|poke|p1|Hydrapple, M|
|poke|p1|Great Tusk|
|poke|p2|Dragapult, F|
|poke|p2|Ogerpon-Wellspring, F|
|poke|p2|Hatterene, F|
|poke|p2|Iron Valiant|
|poke|p2|Corviknight, M|
|poke|p2|Great Tusk|
|teampreview
|j| ohko_smeargle
|inactive|Battle timer is ON: inactive players will automatically lose when time's up. (requested by whoa now)
|inactive|AvocadoDeity has 120 seconds left.
|
|t:|1776033179
|teamsize|p1|6
|teamsize|p2|6
|start
|switch|p1a: Tornadus|Tornadus-Therian, M|100/100
|switch|p2a: Dragapult|Dragapult, F, shiny|100/100
|turn|1
|
|t:|1776033189
|move|p2a: Dragapult|Dragon Darts|p1a: Tornadus
|-damage|p1a: Tornadus|57/100
|-anim|p2a: Dragapult|Dragon Darts|p1a: Tornadus
|-damage|p1a: Tornadus|19/100
|move|p1a: Tornadus|Knock Off|p2a: Dragapult
|-supereffective|p2a: Dragapult
|-damage|p2a: Dragapult|41/100
|-enditem|p2a: Dragapult|Choice Band|[from] move: Knock Off|[of] p1a: Tornadus
|
|upkeep
|turn|2
|
|t:|1776033201
|switch|p1a: Slowking|Slowking-Galar, F|100/100
|move|p2a: Dragapult|Dragon Darts|p1a: Slowking
|-damage|p1a: Slowking|82/100
|-anim|p2a: Dragapult|Dragon Darts|p1a: Slowking
|-damage|p1a: Slowking|63/100
|
|upkeep
|turn|3
|
|t:|1776033219
|move|p2a: Dragapult|U-turn|p1a: Slowking
|-damage|p1a: Slowking|47/100
|
|t:|1776033222
|switch|p2a: Great Tusk|Great Tusk|100/100|[from] U-turn
|-prepare|p1a: Slowking|Chilly Reception|[premajor]
|move|p1a: Slowking|Chilly Reception|p1a: Slowking
|-weather|Snowscape
|
|t:|1776033228
|switch|p1a: Great Tusk|Great Tusk|100/100|[from] Chilly Reception
|
|-weather|Snowscape|[upkeep]
|upkeep
|turn|4
|
|t:|1776033237
|move|p1a: Great Tusk|Ice Spinner|p2a: Great Tusk
|-supereffective|p2a: Great Tusk
|-damage|p2a: Great Tusk|70/100
|move|p2a: Great Tusk|Ice Spinner|p1a: Great Tusk
|-supereffective|p1a: Great Tusk
|-damage|p1a: Great Tusk|71/100
|-damage|p2a: Great Tusk|53/100|[from] item: Rocky Helmet|[of] p1a: Great Tusk
|
|-weather|Snowscape|[upkeep]
|upkeep
|turn|5
|
|t:|1776033250
|-end|p2a: Great Tusk|Protosynthesis|[silent]
|switch|p2a: Corviknight|Corviknight, M|100/100
|-ability|p2a: Corviknight|Pressure
|move|p1a: Great Tusk|Ice Spinner|p2a: Corviknight
|-damage|p2a: Corviknight|82/100
|-damage|p1a: Great Tusk|54/100|[from] item: Rocky Helmet|[of] p2a: Corviknight
|
|-weather|Snowscape|[upkeep]
|upkeep
|turn|6
|
|t:|1776033273
|switch|p2a: Great Tusk|Great Tusk|53/100
|move|p1a: Great Tusk|Stealth Rock|p2a: Great Tusk
|-sidestart|p2: whoa now|move: Stealth Rock
|
|-weather|Snowscape|[upkeep]
|upkeep
|turn|7
|
|t:|1776033280
|move|p1a: Great Tusk|Ice Spinner|p2a: Great Tusk
|-supereffective|p2a: Great Tusk
|-damage|p2a: Great Tusk|27/100
|move|p2a: Great Tusk|Rapid Spin|p1a: Great Tusk
|-damage|p1a: Great Tusk|46/100
|-boost|p2a: Great Tusk|spe|1
|-damage|p2a: Great Tusk|10/100|[from] item: Rocky Helmet|[of] p1a: Great Tusk
|-sideend|p2: whoa now|Stealth Rock|[from] move: Rapid Spin|[of] p2a: Great Tusk
|
|-weather|none
|upkeep
|turn|8
|
|t:|1776033292
|move|p2a: Great Tusk|Headlong Rush|p1a: Great Tusk
|-damage|p1a: Great Tusk|12/100
|-unboost|p2a: Great Tusk|def|1
|-unboost|p2a: Great Tusk|spd|1
|-damage|p2a: Great Tusk|0 fnt|[from] item: Rocky Helmet|[of] p1a: Great Tusk
|faint|p2a: Great Tusk
|-end|p2a: Great Tusk|Protosynthesis|[silent]
|move|p1a: Great Tusk|Rapid Spin|p2: Great Tusk|[notarget]
|-fail|p1a: Great Tusk
|
|upkeep
|
|t:|1776033300
|switch|p2a: Ogerpon|Ogerpon-Wellspring, F|100/100
|turn|9
|
|t:|1776033311
|-end|p1a: Great Tusk|Protosynthesis|[silent]
|switch|p1a: Slowking|Slowking-Galar, F|80/100
|move|p2a: Ogerpon|Ivy Cudgel|p1a: Slowking|[anim] Ivy Cudgel Water
|-damage|p1a: Slowking|35/100
|
|upkeep
|turn|10
|
|t:|1776033332
|switch|p1a: Hydrapple|Hydrapple, M|100/100
|move|p2a: Ogerpon|Knock Off|p1a: Hydrapple
|-damage|p1a: Hydrapple|67/100
|-enditem|p1a: Hydrapple|Life Orb|[from] move: Knock Off|[of] p2a: Ogerpon
|
|upkeep
|turn|11
|
|t:|1776033341
|move|p2a: Ogerpon|U-turn|p1a: Hydrapple
|-supereffective|p1a: Hydrapple
|-damage|p1a: Hydrapple|19/100
|
|t:|1776033344
|switch|p2a: Hatterene|Hatterene, F, shiny|100/100|[from] U-turn
|move|p1a: Hydrapple|Leaf Storm|p2a: Hatterene
|-damage|p2a: Hatterene|26/100
|-unboost|p1a: Hydrapple|spa|2
|
|upkeep
|turn|12
|
|t:|1776033357
|move|p1a: Hydrapple|Leaf Storm|p2a: Hatterene
|-damage|p2a: Hatterene|0 fnt
|-unboost|p1a: Hydrapple|spa|2
|faint|p2a: Hatterene
|
|upkeep
|
|t:|1776033360
|switch|p2a: Ogerpon|Ogerpon-Wellspring, F|100/100
|turn|13
|
|t:|1776033387
|move|p2a: Ogerpon|U-turn|p1a: Hydrapple
|-supereffective|p1a: Hydrapple
|-damage|p1a: Hydrapple|0 fnt
|faint|p1a: Hydrapple
|
|t:|1776033393
|switch|p2a: Dragapult|Dragapult, F, shiny|41/100|[from] U-turn
|
|upkeep
|
|t:|1776033396
|switch|p1a: Lokix|Lokix, M|100/100
|turn|14
|
|t:|1776033413
|switch|p2a: Corviknight|Corviknight, M|82/100
|-ability|p2a: Corviknight|Pressure
|move|p1a: Lokix|First Impression|p2a: Corviknight
|-resisted|p2a: Corviknight
|-damage|p2a: Corviknight|57/100
|-damage|p1a: Lokix|84/100|[from] item: Rocky Helmet|[of] p2a: Corviknight
|
|upkeep
|turn|15
|
|t:|1776033425
|switch|p1a: Cinderace|Cinderace, M|100/100
|move|p2a: Corviknight|Roost|p2a: Corviknight
|-heal|p2a: Corviknight|100/100
|-singleturn|p2a: Corviknight|move: Roost
|
|upkeep
|turn|16
|inactive|AvocadoDeity has 120 seconds left.
|
|t:|1776033457
|switch|p2a: Dragapult|Dragapult, F, shiny|41/100
|move|p1a: Cinderace|Will-O-Wisp|p2a: Dragapult
|-status|p2a: Dragapult|brn
|
|-damage|p2a: Dragapult|35/100 brn|[from] brn
|upkeep
|turn|17
|inactive|AvocadoDeity has 120 seconds left.
|
|t:|1776033472
|switch|p1a: Slowking|Slowking-Galar, F|68/100
|move|p2a: Dragapult|Dragon Darts|p1a: Slowking
|-damage|p1a: Slowking|59/100
|-anim|p2a: Dragapult|Dragon Darts|p1a: Slowking
|-damage|p1a: Slowking|50/100
|
|-damage|p2a: Dragapult|29/100 brn|[from] brn
|upkeep
|turn|18
|
|t:|1776033480
|move|p2a: Dragapult|Dragon Darts|p1a: Slowking
|-damage|p1a: Slowking|41/100
|-anim|p2a: Dragapult|Dragon Darts|p1a: Slowking
|-damage|p1a: Slowking|32/100
|-prepare|p1a: Slowking|Chilly Reception|[premajor]
|move|p1a: Slowking|Chilly Reception|p1a: Slowking
|-weather|Snowscape
|
|t:|1776033483
|switch|p1a: Lokix|Lokix, M|84/100|[from] Chilly Reception
|
|-weather|Snowscape|[upkeep]
|-damage|p2a: Dragapult|23/100 brn|[from] brn
|upkeep
|turn|19
|
|t:|1776033490
|switch|p1a: Slowking|Slowking-Galar, F|65/100
|move|p2a: Dragapult|Sucker Punch||[still]
|-fail|p2a: Dragapult
|
|-weather|Snowscape|[upkeep]
|-damage|p2a: Dragapult|17/100 brn|[from] brn
|upkeep
|turn|20
|
|t:|1776033498
|switch|p2a: Ogerpon|Ogerpon-Wellspring, F|100/100
|-prepare|p1a: Slowking|Chilly Reception|[premajor]
|move|p1a: Slowking|Chilly Reception|p1a: Slowking
|
|t:|1776033503
|switch|p1a: Lokix|Lokix, M|84/100|[from] Chilly Reception
|
|-weather|Snowscape|[upkeep]
|upkeep
|turn|21
|
|t:|1776033508
|switch|p2a: Corviknight|Corviknight, M|100/100
|-ability|p2a: Corviknight|Pressure
|-terastallize|p1a: Lokix|Bug
|move|p1a: Lokix|First Impression|p2a: Corviknight
|-resisted|p2a: Corviknight
|-damage|p2a: Corviknight|63/100
|-damage|p1a: Lokix|67/100|[from] item: Rocky Helmet|[of] p2a: Corviknight
|
|-weather|Snowscape|[upkeep]
|upkeep
|turn|22
|
|t:|1776033522
|switch|p1a: Slowking|Slowking-Galar, F|99/100
|switch|p2a: Dragapult|Dragapult, F, shiny|17/100 brn
|
|-weather|none
|-damage|p2a: Dragapult|11/100 brn|[from] brn
|upkeep
|turn|23
|
|t:|1776033534
|move|p2a: Dragapult|U-turn|p1a: Slowking
|-damage|p1a: Slowking|90/100
|
|t:|1776033537
|switch|p2a: Corviknight|Corviknight, M|63/100|[from] U-turn
|-ability|p2a: Corviknight|Pressure
|move|p1a: Slowking|Sludge Bomb|p2a: Corviknight
|-immune|p2a: Corviknight
|
|upkeep
|turn|24
|
|t:|1776033546
|move|p2a: Corviknight|Iron Defense|p2a: Corviknight
|-boost|p2a: Corviknight|def|2
|-prepare|p1a: Slowking|Chilly Reception|[premajor]
|move|p1a: Slowking|Chilly Reception|p1a: Slowking
|-weather|Snowscape
|
|t:|1776033556
|switch|p1a: Cinderace|Cinderace, M|100/100|[from] Chilly Reception
|
|-weather|Snowscape|[upkeep]
|upkeep
|turn|25
|
|t:|1776033566
|-terastallize|p2a: Corviknight|Flying
|move|p1a: Cinderace|Pyro Ball|p2a: Corviknight
|-damage|p2a: Corviknight|42/100
|move|p2a: Corviknight|Roost|p2a: Corviknight
|-heal|p2a: Corviknight|92/100
|-hint|If a Terastallized Pokemon uses Roost, it remains Flying-type.
|
|-weather|Snowscape|[upkeep]
|upkeep
|turn|26
|inactive|AvocadoDeity has 120 seconds left.
|
|t:|1776033607
|move|p1a: Cinderace|U-turn|p2a: Corviknight
|-resisted|p2a: Corviknight
|-damage|p2a: Corviknight|88/100
|-damage|p1a: Cinderace|84/100|[from] item: Rocky Helmet|[of] p2a: Corviknight
|
|t:|1776033612
|switch|p1a: Slowking|Slowking-Galar, F|100/100|[from] U-turn
|move|p2a: Corviknight|Iron Defense|p2a: Corviknight
|-boost|p2a: Corviknight|def|2
|
|-weather|Snowscape|[upkeep]
|upkeep
|turn|27
|
|t:|1776033616
|move|p2a: Corviknight|Iron Defense|p2a: Corviknight
|-boost|p2a: Corviknight|def|2
|move|p1a: Slowking|Toxic|p2a: Corviknight
|-status|p2a: Corviknight|tox
|
|-weather|Snowscape|[upkeep]
|-damage|p2a: Corviknight|82/100 tox|[from] psn
|upkeep
|turn|28
|inactive|AvocadoDeity has 120 seconds left.
|inactive|AvocadoDeity has 90 seconds left.
|
|t:|1776033664
|move|p2a: Corviknight|Body Press|p1a: Slowking
|-resisted|p1a: Slowking
|-damage|p1a: Slowking|87/100
|move|p1a: Slowking|Psychic Noise|p2a: Corviknight
|-damage|p2a: Corviknight|64/100 tox
|-start|p2a: Corviknight|move: Heal Block
|
|-weather|none
|-damage|p2a: Corviknight|52/100 tox|[from] psn
|upkeep
|turn|29
|inactive|AvocadoDeity has 90 seconds left.
|
|t:|1776033671
|switch|p2a: Ogerpon|Ogerpon-Wellspring, F|100/100
|move|p1a: Slowking|Sludge Bomb|p2a: Ogerpon
|-supereffective|p2a: Ogerpon
|-damage|p2a: Ogerpon|23/100
|-status|p2a: Ogerpon|psn
|
|-damage|p2a: Ogerpon|10/100 psn|[from] psn
|upkeep
|turn|30
|
|t:|1776033677
|move|p2a: Ogerpon|Knock Off|p1a: Slowking
|-supereffective|p1a: Slowking
|-enditem|p1a: Slowking|Colbur Berry|[eat]
|-enditem|p1a: Slowking|Colbur Berry|[weaken]
|-damage|p1a: Slowking|59/100
|-prepare|p1a: Slowking|Chilly Reception|[premajor]
|move|p1a: Slowking|Chilly Reception|p1a: Slowking
|-weather|Snowscape
|
|t:|1776033685
|switch|p1a: Cinderace|Cinderace, M|84/100|[from] Chilly Reception
|
|-weather|Snowscape|[upkeep]
|-damage|p2a: Ogerpon|0 fnt|[from] psn
|faint|p2a: Ogerpon
|upkeep
|
|t:|1776033688
|switch|p2a: Iron Valiant|Iron Valiant, shiny|100/100
|-enditem|p2a: Iron Valiant|Booster Energy
|-activate|p2a: Iron Valiant|ability: Quark Drive|[fromitem]
|-start|p2a: Iron Valiant|quarkdrivespe
|turn|31
|
|t:|1776033694
|move|p2a: Iron Valiant|Thunderbolt|p1a: Cinderace
|-damage|p1a: Cinderace|47/100
|move|p1a: Cinderace|Pyro Ball|p2a: Iron Valiant
|-damage|p2a: Iron Valiant|33/100
|
|-weather|Snowscape|[upkeep]
|upkeep
|turn|32
|
|t:|1776033702
|move|p2a: Iron Valiant|Thunderbolt|p1a: Cinderace
|-damage|p1a: Cinderace|10/100
|-status|p1a: Cinderace|par
|cant|p1a: Cinderace|par
|
|-weather|Snowscape|[upkeep]
|upkeep
|turn|33
|
|t:|1776033707
|move|p2a: Iron Valiant|Moonblast|p1a: Cinderace
|-resisted|p1a: Cinderace
|-damage|p1a: Cinderace|0 fnt
|faint|p1a: Cinderace
|
|-weather|Snowscape|[upkeep]
|upkeep
|
|t:|1776033713
|switch|p1a: Lokix|Lokix, M, tera:Bug|67/100
|turn|34
|
|t:|1776033717
|move|p1a: Lokix|First Impression|p2a: Iron Valiant
|-resisted|p2a: Iron Valiant
|-damage|p2a: Iron Valiant|0 fnt
|faint|p2a: Iron Valiant
|-end|p2a: Iron Valiant|Quark Drive|[silent]
|
|-weather|none
|upkeep
|-message|whoa now forfeited.
|
|win|AvocadoDeity
|raw|AvocadoDeity's rating: 1223 &rarr; <strong>1251</strong><br />(+28 for winning)
|raw|whoa now's rating: 1258 &rarr; <strong>1230</strong><br />(-28 for losing)
|l|☆whoa now
|player|p2|
|l| ohko_smeargle
|l|☆AvocadoDeity
|player|p1|
|j|☆AvocadoDeity
|player|p1|AvocadoDeity|red|
|l|☆AvocadoDeity
|player|p1|
|j|☆AvocadoDeity
|player|p1|AvocadoDeity|red|
