|html|<div class="broadcast-blue"><strong>[Gen 9] OU is currently suspecting Tera Blast! For information on how to participate check out the <a href="https://www.smogon.com/tools/suspects/view/200">suspect thread</a>.</strong></div>
|j|☆KirinL13
|j|☆forsakenlog
|t:|1776310641
|gametype|singles
|player|p1|KirinL13|steven|1181
|player|p2|forsakenlog|170|1220
|gen|9
|tier|[Gen 9] OU
|rated|
|rule|HP Percentage Mod: HP is shown in percentages
|rule|Endless Battle Clause: Forcing endless battles is banned
|rule|Species Clause: Limit one of each Pokémon
|rule|OHKO Clause: OHKO moves are banned
|rule|Evasion Items Clause: Evasion items are banned
|rule|Evasion Moves Clause: Evasion moves are banned
|rule|Evasion Abilities Clause: Evasion abilities are banned
|rule|Sleep Moves Clause: Sleep-inducing moves are banned
|clearpoke
|poke|p1|Meowscarada, M|
|poke|p1|Garganacl, M|
|poke|p1|Iron Valiant|
|poke|p1|Gholdengo|
|poke|p1|Gliscor, M|
|poke|p1|Raging Bolt|
|poke|p2|Gliscor, F|
|poke|p2|Kingambit, M|
|poke|p2|Corviknight, F|
|poke|p2|Gholdengo|
|poke|p2|Slowking-Galar, M|
|poke|p2|Kilowattrel, F|
|teampreview
|inactive|Battle timer is ON: inactive players will automatically lose when time's up. (requested by forsakenlog)
|
|t:|1776310662
|teamsize|p1|6
|teamsize|p2|6
|start
|switch|p1a: Gliscor|Gliscor, M|100/100
|switch|p2a: Kilowattrel|Kilowattrel, F|100/100
|turn|1
|
|t:|1776310672
|move|p2a: Kilowattrel|Hurricane|p1a: Gliscor
|-damage|p1a: Gliscor|10/100
|-damage|p2a: Kilowattrel|91/100|[from] item: Life Orb
|move|p1a: Gliscor|Stealth Rock|p2a: Kilowattrel
|-sidestart|p2: forsakenlog|move: Stealth Rock
|
|-status|p1a: Gliscor|tox|[from] item: Toxic Orb
|upkeep
|turn|2
|
|t:|1776310689
|switch|p1a: Garganacl|Garganacl, M|100/100
|move|p2a: Kilowattrel|Volt Switch|p1a: Garganacl
|-crit|p1a: Garganacl
|-damage|p1a: Garganacl|57/100
|-damage|p2a: Kilowattrel|81/100|[from] item: Life Orb
|
|t:|1776310705
|switch|p2a: Corviknight|Corviknight, F|100/100|[from] Volt Switch
|-damage|p2a: Corviknight|88/100|[from] Stealth Rock
|-ability|p2a: Corviknight|Pressure
|
|-heal|p1a: Garganacl|63/100|[from] item: Leftovers
|upkeep
|turn|3
|
|t:|1776310726
|switch|p1a: Gholdengo|Gholdengo|100/100
|-item|p1a: Gholdengo|Air Balloon
|move|p2a: Corviknight|Defog|p1a: Gholdengo
|-immune|p1a: Gholdengo|[from] ability: Good as Gold
|
|upkeep
|turn|4
|
|t:|1776310736
|move|p1a: Gholdengo|Nasty Plot|p1a: Gholdengo
|-boost|p1a: Gholdengo|spa|2
|move|p2a: Corviknight|U-turn|p1a: Gholdengo
|-resisted|p1a: Gholdengo
|-damage|p1a: Gholdengo|96/100
|-enditem|p1a: Gholdengo|Air Balloon
|
|t:|1776310750
|switch|p2a: Kilowattrel|Kilowattrel, F|81/100|[from] U-turn
|-damage|p2a: Kilowattrel|56/100|[from] Stealth Rock
|
|upkeep
|turn|5
|
|t:|1776310759
|move|p2a: Kilowattrel|Volt Switch|p1a: Gholdengo
|-damage|p1a: Gholdengo|51/100
|-damage|p2a: Kilowattrel|46/100|[from] item: Life Orb
|
|t:|1776310764
|switch|p2a: Slowking|Slowking-Galar, M|100/100|[from] Volt Switch
|move|p1a: Gholdengo|Shadow Ball|p2a: Slowking
|-supereffective|p2a: Slowking
|-damage|p2a: Slowking|0 fnt
|faint|p2a: Slowking
|
|upkeep
|
|t:|1776310767
|switch|p2a: Gholdengo|Gholdengo|100/100
|-damage|p2a: Gholdengo|94/100|[from] Stealth Rock
|-item|p2a: Gholdengo|Air Balloon
|turn|6
|inactive|KirinL13 has 120 seconds left.
|
|t:|1776310800
|switch|p1a: Iron Valiant|Iron Valiant, shiny|100/100
|move|p2a: Gholdengo|Shadow Ball|p1a: Iron Valiant
|-damage|p1a: Iron Valiant|25/100
|
|upkeep
|turn|7
|inactive|KirinL13 has 120 seconds left.
|
|t:|1776310816
|switch|p2a: Corviknight|Corviknight, F|88/100
|-damage|p2a: Corviknight|75/100|[from] Stealth Rock
|-ability|p2a: Corviknight|Pressure
|move|p1a: Iron Valiant|Moonblast|p2a: Corviknight
|-resisted|p2a: Corviknight
|-damage|p2a: Corviknight|43/100
|
|upkeep
|turn|8
|
|t:|1776310823
|-end|p1a: Iron Valiant|Quark Drive|[silent]
|switch|p1a: Gholdengo|Gholdengo|51/100
|move|p2a: Corviknight|Roost|p2a: Corviknight
|-heal|p2a: Corviknight|93/100
|-singleturn|p2a: Corviknight|move: Roost
|
|upkeep
|turn|9
|
|t:|1776310829
|move|p1a: Gholdengo|Nasty Plot|p1a: Gholdengo
|-boost|p1a: Gholdengo|spa|2
|move|p2a: Corviknight|U-turn|p1a: Gholdengo
|-resisted|p1a: Gholdengo
|-damage|p1a: Gholdengo|47/100
|
|t:|1776310837
|switch|p2a: Kilowattrel|Kilowattrel, F|46/100|[from] U-turn
|-damage|p2a: Kilowattrel|21/100|[from] Stealth Rock
|
|upkeep
|turn|10
|
|t:|1776310843
|switch|p1a: Gliscor|Gliscor, M|10/100 tox
|move|p2a: Kilowattrel|Discharge|p1a: Gliscor
|-immune|p1a: Gliscor
|
|-heal|p1a: Gliscor|22/100 tox|[from] ability: Poison Heal
|upkeep
|turn|11
|
|t:|1776310857
|-terastallize|p2a: Kilowattrel|Ice
|move|p2a: Kilowattrel|Tera Blast|p1a: Gliscor|[anim] Tera Blast Ice
|-supereffective|p1a: Gliscor
|-damage|p1a: Gliscor|0 fnt
|faint|p1a: Gliscor
|-damage|p2a: Kilowattrel|11/100|[from] item: Life Orb
|
|upkeep
|inactive|KirinL13 has 120 seconds left.
|
|t:|1776310911
|switch|p1a: Gholdengo|Gholdengo|47/100
|turn|12
|
|t:|1776310930
|move|p2a: Kilowattrel|Discharge|p1a: Gholdengo
|-damage|p1a: Gholdengo|0 fnt
|faint|p1a: Gholdengo
|-damage|p2a: Kilowattrel|1/100|[from] item: Life Orb
|
|upkeep
|
|t:|1776310937
|switch|p1a: Raging Bolt|Raging Bolt|100/100
|-enditem|p1a: Raging Bolt|Booster Energy
|-activate|p1a: Raging Bolt|ability: Protosynthesis|[fromitem]
|-start|p1a: Raging Bolt|protosynthesisspa
|turn|13
|
|t:|1776310947
|move|p2a: Kilowattrel|Tera Blast|p1a: Raging Bolt|[anim] Tera Blast Ice
|-supereffective|p1a: Raging Bolt
|-damage|p1a: Raging Bolt|19/100
|-damage|p2a: Kilowattrel|0 fnt|[from] item: Life Orb
|faint|p2a: Kilowattrel
|move|p1a: Raging Bolt|Dragon Pulse|p2: Kilowattrel|[notarget]
|-fail|p1a: Raging Bolt
|
|upkeep
|
|t:|1776310956
|switch|p2a: Corviknight|Corviknight, F|93/100
|-damage|p2a: Corviknight|81/100|[from] Stealth Rock
|-ability|p2a: Corviknight|Pressure
|turn|14
|
|t:|1776310960
|move|p1a: Raging Bolt|Thunderbolt|p2a: Corviknight
|-supereffective|p2a: Corviknight
|-damage|p2a: Corviknight|0 fnt
|faint|p2a: Corviknight
|
|upkeep
|
|t:|1776310967
|switch|p2a: Gholdengo|Gholdengo|94/100
|-damage|p2a: Gholdengo|88/100|[from] Stealth Rock
|-item|p2a: Gholdengo|Air Balloon
|turn|15
|
|t:|1776310973
|move|p1a: Raging Bolt|Thunderclap|p2a: Gholdengo
|-damage|p2a: Gholdengo|27/100
|-enditem|p2a: Gholdengo|Air Balloon
|move|p2a: Gholdengo|Shadow Ball|p1a: Raging Bolt
|-damage|p1a: Raging Bolt|0 fnt
|faint|p1a: Raging Bolt
|-end|p1a: Raging Bolt|Protosynthesis|[silent]
|
|upkeep
|
|t:|1776310987
|switch|p1a: Meowscarada|Meowscarada, M, shiny|100/100
|turn|16
|
|t:|1776310995
|move|p1a: Meowscarada|Knock Off|p2a: Gholdengo
|-start|p1a: Meowscarada|typechange|Dark|[from] ability: Protean
|-supereffective|p2a: Gholdengo
|-damage|p2a: Gholdengo|0 fnt
|faint|p2a: Gholdengo
|-damage|p1a: Meowscarada|91/100|[from] item: Life Orb
|
|upkeep
|
|t:|1776310997
|switch|p2a: Gliscor|Gliscor, F|100/100
|-damage|p2a: Gliscor|88/100|[from] Stealth Rock
|turn|17
|
|t:|1776311012
|move|p2a: Gliscor|Protect|p2a: Gliscor
|-singleturn|p2a: Gliscor|Protect
|move|p1a: Meowscarada|Knock Off|p2a: Gliscor
|-activate|p2a: Gliscor|move: Protect
|
|-status|p2a: Gliscor|tox|[from] item: Toxic Orb
|upkeep
|turn|18
|
|t:|1776311016
|move|p1a: Meowscarada|Knock Off|p2a: Gliscor
|-damage|p2a: Gliscor|54/100 tox
|-enditem|p2a: Gliscor|Toxic Orb|[from] move: Knock Off|[of] p1a: Meowscarada
|-damage|p1a: Meowscarada|81/100|[from] item: Life Orb
|move|p2a: Gliscor|Stealth Rock|p1a: Meowscarada
|-sidestart|p1: KirinL13|move: Stealth Rock
|
|-heal|p2a: Gliscor|67/100 tox|[from] ability: Poison Heal
|upkeep
|turn|19
|
|t:|1776311034
|move|p1a: Meowscarada|Triple Axel|p2a: Gliscor
|-supereffective|p2a: Gliscor
|-damage|p2a: Gliscor|46/100 tox
|-supereffective|p2a: Gliscor
|-damage|p2a: Gliscor|9/100 tox
|-supereffective|p2a: Gliscor
|-damage|p2a: Gliscor|0 fnt
|faint|p2a: Gliscor
|-hitcount|p2: Gliscor|3
|-damage|p1a: Meowscarada|71/100|[from] item: Life Orb
|
|upkeep
|
|t:|1776311037
|switch|p2a: Kingambit|Kingambit, M|100/100
|-damage|p2a: Kingambit|94/100|[from] Stealth Rock
|-activate|p2a: Kingambit|ability: Supreme Overlord
|-start|p2a: Kingambit|fallen5|[silent]
|turn|20
|
|t:|1776311048
|move|p1a: Meowscarada|Flower Trick|p2a: Kingambit
|-resisted|p2a: Kingambit
|-crit|p2a: Kingambit
|-damage|p2a: Kingambit|78/100
|-damage|p1a: Meowscarada|61/100|[from] item: Life Orb
|move|p2a: Kingambit|Low Kick|p1a: Meowscarada
|-supereffective|p1a: Meowscarada
|-damage|p1a: Meowscarada|0 fnt
|faint|p1a: Meowscarada
|
|upkeep
|
|t:|1776311063
|switch|p1a: Garganacl|Garganacl, M|63/100
|-damage|p1a: Garganacl|51/100|[from] Stealth Rock
|turn|21
|
|t:|1776311077
|move|p2a: Kingambit|Iron Head|p1a: Garganacl
|-supereffective|p1a: Garganacl
|-damage|p1a: Garganacl|0 fnt
|faint|p1a: Garganacl
|
|upkeep
|
|t:|1776311080
|switch|p1a: Iron Valiant|Iron Valiant, shiny|25/100
|-damage|p1a: Iron Valiant|18/100|[from] Stealth Rock
|turn|22
|
|t:|1776311092
|move|p2a: Kingambit|Sucker Punch|p1a: Iron Valiant
|-resisted|p1a: Iron Valiant
|-damage|p1a: Iron Valiant|0 fnt
|faint|p1a: Iron Valiant
|-end|p1a: Iron Valiant|Quark Drive|[silent]
|
|win|forsakenlog
|raw|KirinL13's rating: 1181 &rarr; <strong>1159</strong><br />(-22 for losing)
|raw|forsakenlog's rating: 1220 &rarr; <strong>1242</strong><br />(+22 for winning)
