|html|<div class="broadcast-blue"><strong>[Gen 9] OU is currently suspecting Volcarona! For information on how to participate check out the <a href="https://www.smogon.com/tools/suspects/view/208">suspect thread</a>.</strong></div>
|j|☆sack800
|j|☆karmasiren
|t:|1778496936
|gametype|singles
|player|p1|sack800|burglar|1395
|player|p2|karmasiren|skyla|1389
|gen|9
|tier|[Gen 9] OU
|rated|
|rule|HP Percentage Mod: HP is shown in percentages
|rule|Endless Battle Clause: Forcing endless battles is banned
|rule|Species Clause: Limit one of each Pokémon
|rule|OHKO Clause: OHKO moves are banned
|rule|Evasion Items Clause: Evasion items are banned
|rule|Evasion Moves Clause: Evasion moves are banned
|rule|Evasion Abilities Clause: Evasion abilities are banned
|rule|Sleep Moves Clause: Sleep-inducing moves are banned
|clearpoke
|poke|p1|Raging Bolt|
|poke|p1|Ribombee, M|
|poke|p1|Gholdengo|
|poke|p1|Great Tusk|
|poke|p1|Ogerpon-Cornerstone, F|
|poke|p1|Ceruledge, M|
|poke|p2|Staraptor, F|
|poke|p2|Alomomola, F|
|poke|p2|Clodsire, F|
|poke|p2|Corviknight, F|
|poke|p2|Gliscor, F|
|poke|p2|Goodra-Hisui, F|
|teampreview
|inactive|Battle timer is ON: inactive players will automatically lose when time's up. (requested by karmasiren)
|
|t:|1778496944
|teamsize|p1|6
|teamsize|p2|6
|start
|switch|p1a: Ribombee|Ribombee, M, shiny|100/100
|switch|p2a: Staraptor|Staraptor, F|100/100
|turn|1
|
|t:|1778496948
|move|p1a: Ribombee|Stun Spore|p2a: Staraptor
|-status|p2a: Staraptor|par
|move|p2a: Staraptor|Brave Bird|p1a: Ribombee
|-supereffective|p1a: Ribombee
|-enditem|p1a: Ribombee|Focus Sash
|-damage|p1a: Ribombee|1/100
|-damage|p2a: Staraptor|73/100 par|[from] Recoil
|
|upkeep
|turn|2
|
|t:|1778496972
|switch|p1a: Raging Bolt|Raging Bolt|100/100
|-enditem|p1a: Raging Bolt|Booster Energy
|-activate|p1a: Raging Bolt|ability: Protosynthesis|[fromitem]
|-start|p1a: Raging Bolt|protosynthesisspa
|switch|p2a: Gliscor|Gliscor, F|100/100
|
|-status|p2a: Gliscor|tox|[from] item: Toxic Orb
|upkeep
|turn|3
|
|t:|1778496976
|move|p1a: Raging Bolt|Dragon Pulse|p2a: Gliscor
|-damage|p2a: Gliscor|28/100 tox
|move|p2a: Gliscor|Toxic|p1a: Raging Bolt
|-status|p1a: Raging Bolt|tox
|
|-damage|p1a: Raging Bolt|94/100 tox|[from] psn
|-heal|p2a: Gliscor|40/100 tox|[from] ability: Poison Heal
|upkeep
|turn|4
|
|t:|1778496981
|move|p1a: Raging Bolt|Calm Mind|p1a: Raging Bolt
|-boost|p1a: Raging Bolt|spa|1
|-boost|p1a: Raging Bolt|spd|1
|move|p2a: Gliscor|Spikes|p1a: Raging Bolt
|-sidestart|p1: sack800|Spikes
|
|-damage|p1a: Raging Bolt|82/100 tox|[from] psn
|-heal|p2a: Gliscor|52/100 tox|[from] ability: Poison Heal
|upkeep
|turn|5
|
|t:|1778496985
|move|p2a: Gliscor|Protect|p2a: Gliscor
|-singleturn|p2a: Gliscor|Protect
|move|p1a: Raging Bolt|Dragon Pulse|p2a: Gliscor
|-activate|p2a: Gliscor|move: Protect
|
|-damage|p1a: Raging Bolt|64/100 tox|[from] psn
|-heal|p2a: Gliscor|65/100 tox|[from] ability: Poison Heal
|upkeep
|turn|6
|
|t:|1778496990
|switch|p2a: Clodsire|Clodsire, F|100/100
|move|p1a: Raging Bolt|Dragon Pulse|p2a: Clodsire
|-damage|p2a: Clodsire|66/100
|
|-damage|p1a: Raging Bolt|39/100 tox|[from] psn
|upkeep
|turn|7
|
|t:|1778497000
|move|p1a: Raging Bolt|Dragon Pulse|p2a: Clodsire
|-damage|p2a: Clodsire|29/100
|move|p2a: Clodsire|Toxic|p1a: Raging Bolt
|-fail|p1a: Raging Bolt|tox
|
|-damage|p1a: Raging Bolt|8/100 tox|[from] psn
|upkeep
|turn|8
|
|t:|1778497007
|move|p1a: Raging Bolt|Dragon Pulse|p2a: Clodsire
|-damage|p2a: Clodsire|0 fnt
|faint|p2a: Clodsire
|
|-damage|p1a: Raging Bolt|0 fnt|[from] psn
|faint|p1a: Raging Bolt
|-end|p1a: Raging Bolt|Protosynthesis|[silent]
|upkeep
|
|t:|1778497013
|switch|p1a: Great Tusk|Great Tusk, shiny|100/100
|switch|p2a: Alomomola|Alomomola, F|100/100
|-damage|p1a: Great Tusk|88/100|[from] Spikes
|-enditem|p1a: Great Tusk|Booster Energy
|-activate|p1a: Great Tusk|ability: Protosynthesis|[fromitem]
|-start|p1a: Great Tusk|protosynthesisatk
|turn|9
|
|t:|1778497016
|move|p1a: Great Tusk|Rapid Spin|p2a: Alomomola
|-damage|p2a: Alomomola|89/100
|-boost|p1a: Great Tusk|spe|1
|-sideend|p1: sack800|Spikes|[from] move: Rapid Spin|[of] p1a: Great Tusk
|move|p2a: Alomomola|Scald|p1a: Great Tusk
|-supereffective|p1a: Great Tusk
|-damage|p1a: Great Tusk|54/100
|
|upkeep
|turn|10
|
|t:|1778497019
|move|p1a: Great Tusk|Close Combat|p2a: Alomomola
|-damage|p2a: Alomomola|48/100
|-unboost|p1a: Great Tusk|def|1
|-unboost|p1a: Great Tusk|spd|1
|move|p2a: Alomomola|Wish|p2a: Alomomola
|
|upkeep
|turn|11
|
|t:|1778497025
|move|p1a: Great Tusk|Close Combat|p2a: Alomomola
|-damage|p2a: Alomomola|3/100
|-unboost|p1a: Great Tusk|def|1
|-unboost|p1a: Great Tusk|spd|1
|move|p2a: Alomomola|Flip Turn|p1a: Great Tusk
|-supereffective|p1a: Great Tusk
|-damage|p1a: Great Tusk|5/100
|
|t:|1778497030
|switch|p2a: Gliscor|Gliscor, F|65/100 tox|[from] Flip Turn
|
|-heal|p2a: Gliscor|100/100 tox|[from] move: Wish|[wisher] Alomomola
|upkeep
|turn|12
|
|t:|1778497035
|switch|p2a: Alomomola|Alomomola, F|36/100
|move|p1a: Great Tusk|Ice Spinner|p2a: Alomomola
|-resisted|p2a: Alomomola
|-damage|p2a: Alomomola|26/100
|
|upkeep
|turn|13
|
|t:|1778497039
|switch|p2a: Corviknight|Corviknight, F|100/100
|-ability|p2a: Corviknight|Pressure
|move|p1a: Great Tusk|Close Combat|p2a: Corviknight
|-damage|p2a: Corviknight|46/100
|-unboost|p1a: Great Tusk|def|1
|-unboost|p1a: Great Tusk|spd|1
|-damage|p1a: Great Tusk|0 fnt|[from] item: Rocky Helmet|[of] p2a: Corviknight
|faint|p1a: Great Tusk
|-end|p1a: Great Tusk|Protosynthesis|[silent]
|
|upkeep
|
|t:|1778497048
|switch|p1a: Ceruledge|Ceruledge, M, shiny|100/100
|turn|14
|
|t:|1778497057
|switch|p2a: Gliscor|Gliscor, F|100/100 tox
|move|p1a: Ceruledge|Swords Dance|p1a: Ceruledge
|-boost|p1a: Ceruledge|atk|2
|
|upkeep
|turn|15
|
|t:|1778497065
|move|p1a: Ceruledge|Swords Dance|p1a: Ceruledge
|-boost|p1a: Ceruledge|atk|2
|move|p2a: Gliscor|Toxic|p1a: Ceruledge
|-status|p1a: Ceruledge|tox
|
|-damage|p1a: Ceruledge|94/100 tox|[from] psn
|upkeep
|turn|16
|
|t:|1778497073
|move|p1a: Ceruledge|Swords Dance|p1a: Ceruledge
|-boost|p1a: Ceruledge|atk|2
|move|p2a: Gliscor|Knock Off|p1a: Ceruledge
|-supereffective|p1a: Ceruledge
|-damage|p1a: Ceruledge|38/100 tox
|-ability|p1a: Ceruledge|Weak Armor|boost
|-unboost|p1a: Ceruledge|def|1
|-boost|p1a: Ceruledge|spe|2
|-enditem|p1a: Ceruledge|Focus Sash|[from] move: Knock Off|[of] p2a: Gliscor
|
|-damage|p1a: Ceruledge|26/100 tox|[from] psn
|upkeep
|turn|17
|
|t:|1778497077
|move|p2a: Gliscor|Protect|p2a: Gliscor
|-singleturn|p2a: Gliscor|Protect
|move|p1a: Ceruledge|Bitter Blade|p2a: Gliscor
|-activate|p2a: Gliscor|move: Protect
|
|-damage|p1a: Ceruledge|7/100 tox|[from] psn
|upkeep
|turn|18
|
|t:|1778497080
|switch|p2a: Corviknight|Corviknight, F|46/100
|-ability|p2a: Corviknight|Pressure
|move|p1a: Ceruledge|Poltergeist|p2a: Corviknight
|-activate|p2a: Corviknight|move: Poltergeist|Rocky Helmet
|-damage|p2a: Corviknight|0 fnt
|faint|p2a: Corviknight
|
|-damage|p1a: Ceruledge|0 fnt|[from] psn
|faint|p1a: Ceruledge
|upkeep
|
|t:|1778497089
|switch|p1a: Ribombee|Ribombee, M, shiny|1/100
|switch|p2a: Gliscor|Gliscor, F|100/100 tox
|turn|19
|
|t:|1778497113
|move|p1a: Ribombee|Skill Swap|p2a: Gliscor
|-activate|p1a: Ribombee|Skill Swap|Poison Heal|Shield Dust|[of] p2a: Gliscor
|move|p2a: Gliscor|Spikes|p1a: Ribombee
|-sidestart|p1: sack800|Spikes
|
|-damage|p2a: Gliscor|94/100 tox|[from] psn
|upkeep
|turn|20
|
|t:|1778497119
|switch|p2a: Shnarl|Goodra-Hisui, F|100/100
|move|p1a: Ribombee|Moonblast|p2a: Shnarl
|-damage|p2a: Shnarl|86/100
|
|upkeep
|turn|21
|
|t:|1778497123
|move|p1a: Ribombee|Stun Spore|p2a: Shnarl
|-ability|p2a: Shnarl|Sap Sipper|boost
|-boost|p2a: Shnarl|atk|1
|move|p2a: Shnarl|Knock Off|p1a: Ribombee
|-resisted|p1a: Ribombee
|-damage|p1a: Ribombee|0 fnt
|faint|p1a: Ribombee
|
|upkeep
|
|t:|1778497127
|switch|p1a: Gholdengo|Gholdengo, shiny|100/100
|-item|p1a: Gholdengo|Air Balloon
|turn|22
|
|t:|1778497130
|move|p1a: Gholdengo|Nasty Plot|p1a: Gholdengo
|-boost|p1a: Gholdengo|spa|2
|move|p2a: Shnarl|Knock Off|p1a: Gholdengo
|-supereffective|p1a: Gholdengo
|-damage|p1a: Gholdengo|18/100
|-enditem|p1a: Gholdengo|Air Balloon
|
|upkeep
|turn|23
|
|t:|1778497137
|move|p1a: Gholdengo|Shadow Ball|p2a: Shnarl
|-damage|p2a: Shnarl|54/100
|move|p2a: Shnarl|Knock Off|p1a: Gholdengo
|-supereffective|p1a: Gholdengo
|-damage|p1a: Gholdengo|0 fnt
|faint|p1a: Gholdengo
|
|upkeep
|
|t:|1778497139
|switch|p1a: Ogerpon|Ogerpon-Cornerstone, F|100/100
|-damage|p1a: Ogerpon|88/100|[from] Spikes
|turn|24
|
|t:|1778497143
|move|p1a: Ogerpon|Low Kick|p2a: Shnarl
|-supereffective|p2a: Shnarl
|-damage|p2a: Shnarl|0 fnt
|faint|p2a: Shnarl
|
|upkeep
|
|t:|1778497148
|switch|p2a: Gliscor|Gliscor, F|94/100 tox
|turn|25
|
|t:|1778497152
|-terastallize|p1a: Ogerpon|Rock
|detailschange|p1a: Ogerpon|Ogerpon-Cornerstone-Tera, F, tera:Rock
|-ability|p1a: Ogerpon|Embody Aspect (Cornerstone)|boost
|-boost|p1a: Ogerpon|def|1
|move|p1a: Ogerpon|Ivy Cudgel|p2a: Gliscor|[anim] Ivy Cudgel Rock
|-damage|p2a: Gliscor|46/100 tox
|move|p2a: Gliscor|Toxic|p1a: Ogerpon
|-status|p1a: Ogerpon|tox
|
|-damage|p1a: Ogerpon|82/100 tox|[from] psn
|-heal|p2a: Gliscor|59/100 tox|[from] ability: Poison Heal
|upkeep
|turn|26
|
|t:|1778497162
|move|p1a: Ogerpon|Ivy Cudgel|p2a: Gliscor|[anim] Ivy Cudgel Rock
|-damage|p2a: Gliscor|6/100 tox
|move|p2a: Gliscor|Knock Off|p1a: Ogerpon
|-damage|p1a: Ogerpon|69/100 tox
|
|-damage|p1a: Ogerpon|57/100 tox|[from] psn
|-heal|p2a: Gliscor|19/100 tox|[from] ability: Poison Heal
|upkeep
|turn|27
|
|t:|1778497172
|move|p2a: Gliscor|Protect|p2a: Gliscor
|-singleturn|p2a: Gliscor|Protect
|move|p1a: Ogerpon|Ivy Cudgel|p2a: Gliscor|[anim] Ivy Cudgel Rock
|-activate|p2a: Gliscor|move: Protect
|
|-damage|p1a: Ogerpon|39/100 tox|[from] psn
|-heal|p2a: Gliscor|31/100 tox|[from] ability: Poison Heal
|upkeep
|turn|28
|
|t:|1778497178
|switch|p2a: Alomomola|Alomomola, F|59/100
|move|p1a: Ogerpon|Ivy Cudgel|p2a: Alomomola|[anim] Ivy Cudgel Rock
|-damage|p2a: Alomomola|13/100
|
|-damage|p1a: Ogerpon|15/100 tox|[from] psn
|upkeep
|turn|29
|
|t:|1778497181
|move|p1a: Ogerpon|Ivy Cudgel|p2a: Alomomola|[anim] Ivy Cudgel Rock
|-damage|p2a: Alomomola|0 fnt
|faint|p2a: Alomomola
|
|-damage|p1a: Ogerpon|0 fnt|[from] psn
|faint|p1a: Ogerpon
|detailschange|p1: Ogerpon|Ogerpon-Cornerstone, F|[silent]
|
|win|karmasiren
|raw|sack800's rating: 1395 &rarr; <strong>1375</strong><br />(-20 for losing)
|raw|karmasiren's rating: 1389 &rarr; <strong>1409</strong><br />(+20 for winning)
|l|☆karmasiren
|player|p2|
|l|☆sack800
|player|p1|
