|html|<div class="broadcast-blue"><strong>[Gen 9] OU is currently suspecting Tera Blast! For information on how to participate check out the <a href="https://www.smogon.com/tools/suspects/view/200">suspect thread</a>.</strong></div>
|j|☆FireSide_01
|j|☆z3r0cool
|t:|1776210520
|gametype|singles
|player|p1|FireSide_01|janine|1591
|player|p2|z3r0cool|lorelei-gen1|1548
|gen|9
|tier|[Gen 9] OU
|rated|
|rule|HP Percentage Mod: HP is shown in percentages
|rule|Endless Battle Clause: Forcing endless battles is banned
|rule|Species Clause: Limit one of each Pokémon
|rule|OHKO Clause: OHKO moves are banned
|rule|Evasion Items Clause: Evasion items are banned
|rule|Evasion Moves Clause: Evasion moves are banned
|rule|Evasion Abilities Clause: Evasion abilities are banned
|rule|Sleep Moves Clause: Sleep-inducing moves are banned
|clearpoke
|poke|p1|Ninetales, F|
|poke|p1|Walking Wake|
|poke|p1|Typhlosion-Hisui, M|
|poke|p1|Great Tusk|
|poke|p1|Rillaboom, M|
|poke|p1|Raging Bolt|
|poke|p2|Darkrai|
|poke|p2|Garchomp, F|
|poke|p2|Ogerpon-Wellspring, F|
|poke|p2|Moltres|
|poke|p2|Pecharunt|
|poke|p2|Great Tusk|
|teampreview
|inactive|Battle timer is ON: inactive players will automatically lose when time's up. (requested by z3r0cool)
|
|t:|1776210547
|teamsize|p1|6
|teamsize|p2|6
|start
|switch|p1a: Typhlosion|Typhlosion-Hisui, M|100/100
|switch|p2a: Garchomp|Garchomp, F, shiny|100/100
|turn|1
|
|t:|1776210557
|switch|p1a: Great Tusk|Great Tusk|100/100
|move|p2a: Garchomp|Stealth Rock|p1a: Great Tusk
|-sidestart|p1: FireSide_01|move: Stealth Rock
|
|upkeep
|turn|2
|
|t:|1776210569
|switch|p2a: Pecharunt|Pecharunt|100/100
|move|p1a: Great Tusk|Stealth Rock|p2a: Pecharunt
|-sidestart|p2: z3r0cool|move: Stealth Rock
|
|upkeep
|turn|3
|
|t:|1776210591
|move|p1a: Great Tusk|Headlong Rush|p2a: Pecharunt
|-supereffective|p2a: Pecharunt
|-damage|p2a: Pecharunt|49/100
|-unboost|p1a: Great Tusk|def|1
|-unboost|p1a: Great Tusk|spd|1
|move|p2a: Pecharunt|Parting Shot|p1a: Great Tusk
|-unboost|p1a: Great Tusk|atk|1
|-unboost|p1a: Great Tusk|spa|1
|
|t:|1776210620
|switch|p2a: Ogerpon|Ogerpon-Wellspring, F|100/100|[from] Parting Shot
|-damage|p2a: Ogerpon|88/100|[from] Stealth Rock
|
|upkeep
|turn|4
|
|t:|1776210634
|-end|p1a: Great Tusk|Protosynthesis|[silent]
|switch|p1a: Rillaboom|Rillaboom, M|100/100
|-damage|p1a: Rillaboom|88/100|[from] Stealth Rock
|-fieldstart|move: Grassy Terrain|[from] ability: Grassy Surge|[of] p1a: Rillaboom
|move|p2a: Ogerpon|Knock Off|p1a: Rillaboom
|-damage|p1a: Rillaboom|48/100
|-enditem|p1a: Rillaboom|Choice Band|[from] move: Knock Off|[of] p2a: Ogerpon
|
|-heal|p2a: Ogerpon|94/100|[from] Grassy Terrain
|-heal|p1a: Rillaboom|54/100|[from] Grassy Terrain
|upkeep
|turn|5
|
|t:|1776210644
|move|p2a: Ogerpon|U-turn|p1a: Rillaboom
|-supereffective|p1a: Rillaboom
|-crit|p1a: Rillaboom
|-damage|p1a: Rillaboom|0 fnt
|faint|p1a: Rillaboom
|
|t:|1776210654
|switch|p2a: Garchomp|Garchomp, F, shiny|100/100|[from] U-turn
|-damage|p2a: Garchomp|94/100|[from] Stealth Rock
|
|-heal|p2a: Garchomp|100/100|[from] Grassy Terrain
|upkeep
|
|t:|1776210675
|switch|p1a: Walking Wake|Walking Wake|100/100
|-damage|p1a: Walking Wake|88/100|[from] Stealth Rock
|turn|6
|inactive|z3r0cool has 120 seconds left.
|
|t:|1776210701
|switch|p2a: Pecharunt|Pecharunt|49/100
|move|p1a: Walking Wake|Draco Meteor|p2a: Pecharunt
|-damage|p2a: Pecharunt|0 fnt
|-unboost|p1a: Walking Wake|spa|2
|faint|p2a: Pecharunt
|
|-heal|p1a: Walking Wake|94/100|[from] Grassy Terrain
|upkeep
|
|t:|1776210712
|switch|p2a: Ogerpon|Ogerpon-Wellspring, F|94/100
|-damage|p2a: Ogerpon|82/100|[from] Stealth Rock
|turn|7
|
|t:|1776210719
|-end|p1a: Walking Wake|Protosynthesis|[silent]
|switch|p1a: Ninetales|Ninetales, F|100/100
|-damage|p1a: Ninetales|76/100|[from] Stealth Rock
|-weather|SunnyDay|[from] ability: Drought|[of] p1a: Ninetales
|move|p2a: Ogerpon|Power Whip|p1a: Ninetales
|-resisted|p1a: Ninetales
|-damage|p1a: Ninetales|21/100
|
|-weather|SunnyDay|[upkeep]
|-heal|p2a: Ogerpon|88/100|[from] Grassy Terrain
|-heal|p1a: Ninetales|27/100|[from] Grassy Terrain
|upkeep
|turn|8
|inactive|z3r0cool has 120 seconds left.
|
|t:|1776210735
|switch|p1a: Raging Bolt|Raging Bolt|100/100
|-damage|p1a: Raging Bolt|88/100|[from] Stealth Rock
|-activate|p1a: Raging Bolt|ability: Protosynthesis
|-start|p1a: Raging Bolt|protosynthesisspa
|move|p2a: Ogerpon|Knock Off|p1a: Raging Bolt
|-damage|p1a: Raging Bolt|52/100
|-enditem|p1a: Raging Bolt|Assault Vest|[from] move: Knock Off|[of] p2a: Ogerpon
|
|-weather|SunnyDay|[upkeep]
|-heal|p2a: Ogerpon|94/100|[from] Grassy Terrain
|-heal|p1a: Raging Bolt|58/100|[from] Grassy Terrain
|-fieldend|move: Grassy Terrain
|upkeep
|turn|9
|
|t:|1776210753
|move|p2a: Ogerpon|U-turn|p1a: Raging Bolt
|-damage|p1a: Raging Bolt|31/100
|
|t:|1776210768
|switch|p2a: Moltres|Moltres|100/100|[from] U-turn
|move|p1a: Raging Bolt|Weather Ball|p2a: Moltres
|-resisted|p2a: Moltres
|-damage|p2a: Moltres|71/100
|
|-weather|SunnyDay|[upkeep]
|upkeep
|turn|10
|inactive|z3r0cool has 90 seconds left.
|
|t:|1776210788
|move|p1a: Raging Bolt|Dragon Pulse|p2a: Moltres
|-damage|p2a: Moltres|23/100
|move|p2a: Moltres|Flamethrower|p1a: Raging Bolt
|-resisted|p1a: Raging Bolt
|-damage|p1a: Raging Bolt|5/100
|
|-weather|SunnyDay|[upkeep]
|upkeep
|turn|11
|
|t:|1776210796
|move|p1a: Raging Bolt|Weather Ball|p2a: Moltres
|-resisted|p2a: Moltres
|-damage|p2a: Moltres|0 fnt
|faint|p2a: Moltres
|
|-weather|SunnyDay|[upkeep]
|upkeep
|inactive|z3r0cool has 90 seconds left.
|
|t:|1776210818
|switch|p2a: Garchomp|Garchomp, F, shiny|100/100
|-damage|p2a: Garchomp|94/100|[from] Stealth Rock
|turn|12
|
|t:|1776210823
|move|p2a: Garchomp|Earthquake|p1a: Raging Bolt
|-supereffective|p1a: Raging Bolt
|-damage|p1a: Raging Bolt|0 fnt
|faint|p1a: Raging Bolt
|-end|p1a: Raging Bolt|Protosynthesis|[silent]
|
|-weather|SunnyDay|[upkeep]
|upkeep
|
|t:|1776210828
|switch|p1a: Great Tusk|Great Tusk|100/100
|-activate|p1a: Great Tusk|ability: Protosynthesis
|-start|p1a: Great Tusk|protosynthesisspe
|turn|13
|inactive|z3r0cool has 90 seconds left.
|
|t:|1776210847
|-terastallize|p2a: Garchomp|Ghost
|move|p1a: Great Tusk|Ice Spinner|p2a: Garchomp
|-damage|p2a: Garchomp|79/100
|-damage|p1a: Great Tusk|88/100|[from] ability: Rough Skin|[of] p2a: Garchomp
|-damage|p1a: Great Tusk|71/100|[from] item: Rocky Helmet|[of] p2a: Garchomp
|move|p2a: Garchomp|Dragon Tail|p1a: Great Tusk
|-damage|p1a: Great Tusk|57/100
|-end|p1a: Great Tusk|Protosynthesis|[silent]
|drag|p1a: Walking Wake|Walking Wake|94/100
|-damage|p1a: Walking Wake|82/100|[from] Stealth Rock
|-activate|p1a: Walking Wake|ability: Protosynthesis
|-start|p1a: Walking Wake|protosynthesisspa
|
|-weather|SunnyDay|[upkeep]
|upkeep
|turn|14
|inactive|z3r0cool has 90 seconds left.
|
|t:|1776210875
|move|p1a: Walking Wake|Flamethrower|p2a: Garchomp
|-damage|p2a: Garchomp|0 fnt
|faint|p2a: Garchomp
|
|-weather|none
|-end|p1a: Walking Wake|Protosynthesis
|upkeep
|inactive|z3r0cool has 60 seconds left.
|
|t:|1776210908
|switch|p2a: Darkrai|Darkrai|100/100
|-damage|p2a: Darkrai|88/100|[from] Stealth Rock
|turn|15
|
|t:|1776210928
|-end|p1a: Walking Wake|Protosynthesis|[silent]
|switch|p1a: Ninetales|Ninetales, F|27/100
|-damage|p1a: Ninetales|2/100|[from] Stealth Rock
|-weather|SunnyDay|[from] ability: Drought|[of] p1a: Ninetales
|move|p2a: Darkrai|Nasty Plot|p2a: Darkrai
|-boost|p2a: Darkrai|spa|2
|
|-weather|SunnyDay|[upkeep]
|-heal|p2a: Darkrai|94/100|[from] item: Leftovers
|upkeep
|turn|16
|inactive|z3r0cool has 60 seconds left.
|
|t:|1776210939
|move|p2a: Darkrai|Dark Pulse|p1a: Ninetales
|-damage|p1a: Ninetales|0 fnt
|faint|p1a: Ninetales
|
|-weather|SunnyDay|[upkeep]
|-heal|p2a: Darkrai|100/100|[from] item: Leftovers
|upkeep
|inactive|FireSide_01 has 120 seconds left.
|
|t:|1776210964
|switch|p1a: Typhlosion|Typhlosion-Hisui, M|100/100
|-damage|p1a: Typhlosion|75/100|[from] Stealth Rock
|turn|17
|inactive|FireSide_01 has 120 seconds left.
|
|t:|1776210975
|move|p1a: Typhlosion|Eruption|p2a: Darkrai
|-damage|p2a: Darkrai|9/100
|move|p2a: Darkrai|Dark Pulse|p1a: Typhlosion
|-supereffective|p1a: Typhlosion
|-damage|p1a: Typhlosion|0 fnt
|faint|p1a: Typhlosion
|
|-weather|SunnyDay|[upkeep]
|-heal|p2a: Darkrai|15/100|[from] item: Leftovers
|upkeep
|inactive|FireSide_01 has 120 seconds left.
|
|t:|1776210983
|switch|p1a: Great Tusk|Great Tusk|57/100
|-activate|p1a: Great Tusk|ability: Protosynthesis
|-start|p1a: Great Tusk|protosynthesisspe
|turn|18
|
|t:|1776210998
|move|p1a: Great Tusk|Rapid Spin|p2a: Darkrai
|-damage|p2a: Darkrai|0 fnt
|-boost|p1a: Great Tusk|spe|1
|-sideend|p1: FireSide_01|Stealth Rock|[from] move: Rapid Spin|[of] p1a: Great Tusk
|faint|p2a: Darkrai
|
|-weather|SunnyDay|[upkeep]
|upkeep
|inactive|z3r0cool has 60 seconds left.
|
|t:|1776211017
|switch|p2a: Great Tusk|Great Tusk, shiny|100/100
|-damage|p2a: Great Tusk|98/100|[from] Stealth Rock
|-activate|p2a: Great Tusk|ability: Protosynthesis
|-start|p2a: Great Tusk|protosynthesisatk
|turn|19
|inactive|z3r0cool has 60 seconds left.
|
|t:|1776211039
|move|p1a: Great Tusk|Ice Spinner|p2a: Great Tusk
|-supereffective|p2a: Great Tusk
|-damage|p2a: Great Tusk|63/100
|move|p2a: Great Tusk|Rapid Spin|p1a: Great Tusk
|-damage|p1a: Great Tusk|44/100
|-boost|p2a: Great Tusk|spe|1
|-sideend|p2: z3r0cool|Stealth Rock|[from] move: Rapid Spin|[of] p2a: Great Tusk
|
|-weather|SunnyDay|[upkeep]
|upkeep
|turn|20
|inactive|z3r0cool has 60 seconds left.
|inactive|FireSide_01 has 120 seconds left.
|
|t:|1776211057
|-terastallize|p1a: Great Tusk|Steel
|move|p1a: Great Tusk|Ice Spinner|p2a: Great Tusk
|-supereffective|p2a: Great Tusk
|-damage|p2a: Great Tusk|31/100
|move|p2a: Great Tusk|Headlong Rush|p1a: Great Tusk
|-supereffective|p1a: Great Tusk
|-damage|p1a: Great Tusk|0 fnt
|-unboost|p2a: Great Tusk|def|1
|-unboost|p2a: Great Tusk|spd|1
|faint|p1a: Great Tusk
|-end|p1a: Great Tusk|Protosynthesis|[silent]
|
|-weather|SunnyDay|[upkeep]
|upkeep
|
|t:|1776211061
|switch|p1a: Walking Wake|Walking Wake|82/100
|-activate|p1a: Walking Wake|ability: Protosynthesis
|-start|p1a: Walking Wake|protosynthesisspa
|turn|21
|inactive|z3r0cool has 60 seconds left.
|
|t:|1776211072
|move|p2a: Great Tusk|Headlong Rush|p1a: Walking Wake
|-damage|p1a: Walking Wake|5/100
|-unboost|p2a: Great Tusk|def|1
|-unboost|p2a: Great Tusk|spd|1
|move|p1a: Walking Wake|Flamethrower|p2a: Great Tusk
|-damage|p2a: Great Tusk|0 fnt
|faint|p2a: Great Tusk
|-end|p2a: Great Tusk|Protosynthesis|[silent]
|
|-weather|SunnyDay|[upkeep]
|upkeep
|inactive|z3r0cool has 60 seconds left.
|c|☆z3r0cool|gg
|
|t:|1776211085
|switch|p2a: Ogerpon|Ogerpon-Wellspring, F|94/100
|turn|22
|c|☆FireSide_01|gg
|
|t:|1776211090
|move|p2a: Ogerpon|Ivy Cudgel|p1a: Walking Wake|[anim] Ivy Cudgel Water
|-resisted|p1a: Walking Wake
|-damage|p1a: Walking Wake|0 fnt
|faint|p1a: Walking Wake
|-end|p1a: Walking Wake|Protosynthesis|[silent]
|
|win|z3r0cool
|raw|FireSide_01's rating: 1591 &rarr; <strong>1569</strong><br />(-22 for losing)
|raw|z3r0cool's rating: 1548 &rarr; <strong>1570</strong><br />(+22 for winning)
|c|☆FireSide_01|i could've won if i went tera fire
|c|☆z3r0cool|typhlosion was crazy
|c|☆FireSide_01|i wasn't expecting it to not ohko
|c|☆z3r0cool|yeah tera fire wouldve been nice
|c|☆FireSide_01|that was my bad though
|c|☆z3r0cool|i didnt realize it was scarf
|c|☆z3r0cool|isnt it usually specs
|c|☆FireSide_01|it's always scarf
|c|☆z3r0cool|oh
|c|☆FireSide_01|well
|c|☆FireSide_01|idk
|c|☆FireSide_01|i would never run specs
|c|☆FireSide_01|eruption is already really strong and it's too slow
