|html|<div class="broadcast-blue"><strong>[Gen 9] OU is currently suspecting Tera Blast! For information on how to participate check out the <a href="https://www.smogon.com/tools/suspects/view/200">suspect thread</a>.</strong></div>
|j|☆zycnolove
|j|☆TheRegisAreCool
|t:|1776217962
|gametype|singles
|player|p1|zycnolove|cynthia|1196
|player|p2|TheRegisAreCool|fisherman-gen4|1218
|gen|9
|tier|[Gen 9] OU
|rated|
|rule|HP Percentage Mod: HP is shown in percentages
|rule|Endless Battle Clause: Forcing endless battles is banned
|rule|Species Clause: Limit one of each Pokémon
|rule|OHKO Clause: OHKO moves are banned
|rule|Evasion Items Clause: Evasion items are banned
|rule|Evasion Moves Clause: Evasion moves are banned
|rule|Evasion Abilities Clause: Evasion abilities are banned
|rule|Sleep Moves Clause: Sleep-inducing moves are banned
|clearpoke
|poke|p1|Barraskewda, F|
|poke|p1|Pelipper, M|
|poke|p1|Clodsire, M|
|poke|p1|Ceruledge, M|
|poke|p1|Corviknight, M|
|poke|p1|Bellibolt, F|
|poke|p2|Conkeldurr, F|
|poke|p2|Iron Moth|
|poke|p2|Glimmora, M|
|poke|p2|Kommo-o, F|
|poke|p2|Samurott-Hisui, M|
|poke|p2|Donphan, F|
|teampreview
|inactive|Battle timer is ON: inactive players will automatically lose when time's up. (requested by zycnolove)
|
|t:|1776217972
|teamsize|p1|6
|teamsize|p2|6
|start
|switch|p1a: Pelipper|Pelipper, M|100/100
|switch|p2a: Samurott|Samurott-Hisui, M|100/100
|-weather|RainDance|[from] ability: Drizzle|[of] p1a: Pelipper
|turn|1
|
|t:|1776217976
|move|p2a: Samurott|Ceaseless Edge|p1a: Pelipper
|-damage|p1a: Pelipper|62/100
|-sidestart|p1: zycnolove|Spikes
|move|p1a: Pelipper|Roost|p1a: Pelipper
|-heal|p1a: Pelipper|100/100
|-singleturn|p1a: Pelipper|move: Roost
|
|-weather|RainDance|[upkeep]
|upkeep
|turn|2
|
|t:|1776217980
|move|p2a: Samurott|Ceaseless Edge|p1a: Pelipper|[miss]
|-miss|p2a: Samurott|p1a: Pelipper
|move|p1a: Pelipper|Hurricane|p2a: Samurott
|-damage|p2a: Samurott|73/100
|
|-weather|RainDance|[upkeep]
|upkeep
|turn|3
|
|t:|1776217984
|switch|p1a: Corviknight|Corviknight, M|100/100
|move|p2a: Samurott|Ceaseless Edge|p1a: Corviknight
|-damage|p1a: Corviknight|69/100
|-damage|p2a: Samurott|57/100|[from] item: Rocky Helmet|[of] p1a: Corviknight
|-sidestart|p1: zycnolove|Spikes
|
|-weather|RainDance|[upkeep]
|upkeep
|turn|4
|
|t:|1776217988
|move|p2a: Samurott|Sacred Sword|p1a: Corviknight
|-damage|p1a: Corviknight|44/100
|-damage|p2a: Samurott|40/100|[from] item: Rocky Helmet|[of] p1a: Corviknight
|move|p1a: Corviknight|Defog|p2a: Samurott
|-unboost|p2a: Samurott|evasion|1
|-sideend|p1: zycnolove|Spikes|[from] move: Defog|[of] p1a: Corviknight
|
|-weather|RainDance|[upkeep]
|upkeep
|turn|5
|
|t:|1776217992
|move|p2a: Samurott|Ceaseless Edge|p1a: Corviknight
|-damage|p1a: Corviknight|17/100
|-damage|p2a: Samurott|24/100|[from] item: Rocky Helmet|[of] p1a: Corviknight
|-sidestart|p1: zycnolove|Spikes
|move|p1a: Corviknight|Roost|p1a: Corviknight
|-heal|p1a: Corviknight|67/100
|-singleturn|p1a: Corviknight|move: Roost
|
|-weather|RainDance|[upkeep]
|upkeep
|turn|6
|
|t:|1776217997
|move|p2a: Samurott|Ceaseless Edge|p1a: Corviknight
|-damage|p1a: Corviknight|39/100
|-damage|p2a: Samurott|7/100|[from] item: Rocky Helmet|[of] p1a: Corviknight
|-sidestart|p1: zycnolove|Spikes
|move|p1a: Corviknight|U-turn|p2a: Samurott
|-supereffective|p2a: Samurott
|-damage|p2a: Samurott|0 fnt
|faint|p2a: Samurott
|
|t:|1776218002
|switch|p1a: Bellibolt|Bellibolt, F|100/100|[from] U-turn
|-damage|p1a: Bellibolt|84/100|[from] Spikes
|
|-weather|RainDance|[upkeep]
|-heal|p1a: Bellibolt|90/100|[from] item: Leftovers
|upkeep
|
|t:|1776218009
|switch|p2a: Donphan|Donphan, F|100/100
|turn|7
|
|t:|1776218014
|-terastallize|p1a: Bellibolt|Ground
|move|p2a: Donphan|Earthquake|p1a: Bellibolt
|-damage|p1a: Bellibolt|41/100
|-start|p1a: Bellibolt|Charge|Earthquake|[from] ability: Electromorphosis
|move|p1a: Bellibolt|Weather Ball|p2a: Donphan
|-supereffective|p2a: Donphan
|-ability|p2a: Donphan|Sturdy
|-damage|p2a: Donphan|1/100
|
|-weather|RainDance|[upkeep]
|-heal|p1a: Bellibolt|48/100|[from] item: Leftovers
|upkeep
|turn|8
|
|t:|1776218021
|switch|p1a: Corviknight|Corviknight, M|39/100
|move|p2a: Donphan|Earthquake|p1a: Corviknight
|-immune|p1a: Corviknight
|
|-weather|none
|upkeep
|turn|9
|
|t:|1776218028
|move|p2a: Donphan|Knock Off|p1a: Corviknight
|-damage|p1a: Corviknight|20/100
|-damage|p2a: Donphan|0 fnt|[from] item: Rocky Helmet|[of] p1a: Corviknight
|faint|p2a: Donphan
|move|p1a: Corviknight|Roost|p1a: Corviknight
|-heal|p1a: Corviknight|70/100
|-singleturn|p1a: Corviknight|move: Roost
|
|upkeep
|
|t:|1776218034
|switch|p2a: Iron Moth|Iron Moth|100/100
|-enditem|p2a: Iron Moth|Booster Energy
|-activate|p2a: Iron Moth|ability: Quark Drive|[fromitem]
|-start|p2a: Iron Moth|quarkdrivespe
|turn|10
|
|t:|1776218037
|switch|p1a: Clodsire|Clodsire, M|100/100
|-damage|p1a: Clodsire|84/100|[from] Spikes
|move|p2a: Iron Moth|Fiery Dance|p1a: Clodsire
|-damage|p1a: Clodsire|61/100
|
|-heal|p1a: Clodsire|68/100|[from] item: Leftovers
|upkeep
|turn|11
|
|t:|1776218044
|-terastallize|p2a: Iron Moth|Flying
|move|p2a: Iron Moth|Energy Ball|p1a: Clodsire
|-damage|p1a: Clodsire|52/100
|-unboost|p1a: Clodsire|spd|1
|move|p1a: Clodsire|Earthquake|p2a: Iron Moth
|-immune|p2a: Iron Moth
|
|-heal|p1a: Clodsire|58/100|[from] item: Leftovers
|upkeep
|turn|12
|
|t:|1776218051
|move|p2a: Iron Moth|Fiery Dance|p1a: Clodsire
|-damage|p1a: Clodsire|24/100
|-boost|p2a: Iron Moth|spa|1
|move|p1a: Clodsire|Recover|p1a: Clodsire
|-heal|p1a: Clodsire|74/100
|
|-heal|p1a: Clodsire|81/100|[from] item: Leftovers
|upkeep
|turn|13
|
|t:|1776218057
|move|p2a: Iron Moth|Fiery Dance|p1a: Clodsire
|-damage|p1a: Clodsire|48/100
|move|p1a: Clodsire|Toxic|p2a: Iron Moth
|-status|p2a: Iron Moth|tox
|
|-heal|p1a: Clodsire|55/100|[from] item: Leftovers
|-damage|p2a: Iron Moth|95/100 tox|[from] psn
|upkeep
|turn|14
|
|t:|1776218061
|move|p2a: Iron Moth|Fiery Dance|p1a: Clodsire
|-damage|p1a: Clodsire|25/100
|move|p1a: Clodsire|Recover|p1a: Clodsire
|-heal|p1a: Clodsire|75/100
|
|-heal|p1a: Clodsire|81/100|[from] item: Leftovers
|-damage|p2a: Iron Moth|83/100 tox|[from] psn
|upkeep
|turn|15
|
|t:|1776218066
|move|p2a: Iron Moth|Fiery Dance|p1a: Clodsire
|-damage|p1a: Clodsire|47/100
|-boost|p2a: Iron Moth|spa|1
|move|p1a: Clodsire|Spikes|p2a: Iron Moth
|-sidestart|p2: TheRegisAreCool|Spikes
|
|-heal|p1a: Clodsire|53/100|[from] item: Leftovers
|-damage|p2a: Iron Moth|65/100 tox|[from] psn
|upkeep
|turn|16
|
|t:|1776218068
|move|p2a: Iron Moth|Fiery Dance|p1a: Clodsire
|-damage|p1a: Clodsire|22/100
|-boost|p2a: Iron Moth|spa|1
|move|p1a: Clodsire|Recover|p1a: Clodsire
|-heal|p1a: Clodsire|72/100
|
|-heal|p1a: Clodsire|79/100|[from] item: Leftovers
|-damage|p2a: Iron Moth|41/100 tox|[from] psn
|upkeep
|turn|17
|
|t:|1776218073
|move|p2a: Iron Moth|Fiery Dance|p1a: Clodsire
|-damage|p1a: Clodsire|49/100
|-boost|p2a: Iron Moth|spa|1
|move|p1a: Clodsire|Spikes|p2a: Iron Moth
|-sidestart|p2: TheRegisAreCool|Spikes
|
|-heal|p1a: Clodsire|55/100|[from] item: Leftovers
|-damage|p2a: Iron Moth|11/100 tox|[from] psn
|upkeep
|turn|18
|
|t:|1776218076
|move|p2a: Iron Moth|Fiery Dance|p1a: Clodsire
|-damage|p1a: Clodsire|24/100
|move|p1a: Clodsire|Recover|p1a: Clodsire
|-heal|p1a: Clodsire|74/100
|
|-heal|p1a: Clodsire|80/100|[from] item: Leftovers
|-damage|p2a: Iron Moth|0 fnt|[from] psn
|faint|p2a: Iron Moth
|-end|p2a: Iron Moth|Quark Drive|[silent]
|upkeep
|
|t:|1776218081
|switch|p2a: Glimmora|Glimmora, M|100/100
|-damage|p2a: Glimmora|84/100|[from] Spikes
|turn|19
|
|t:|1776218089
|move|p2a: Glimmora|Earth Power|p1a: Clodsire
|-supereffective|p1a: Clodsire
|-damage|p1a: Clodsire|27/100
|move|p1a: Clodsire|Earthquake|p2a: Glimmora
|-supereffective|p2a: Glimmora
|-damage|p2a: Glimmora|0 fnt
|-activate|p2a: Glimmora|ability: Toxic Debris
|-sidestart|p1: zycnolove|move: Toxic Spikes
|faint|p2a: Glimmora
|
|-heal|p1a: Clodsire|34/100|[from] item: Leftovers
|upkeep
|
|t:|1776218096
|switch|p2a: Kommo-o|Kommo-o, F|100/100
|-damage|p2a: Kommo-o|84/100|[from] Spikes
|turn|20
|
|t:|1776218103
|move|p2a: Kommo-o|Boomburst|p1a: Clodsire
|-damage|p1a: Clodsire|0 fnt
|faint|p1a: Clodsire
|
|-heal|p2a: Kommo-o|90/100|[from] item: Leftovers
|upkeep
|
|t:|1776218107
|switch|p1a: Corviknight|Corviknight, M|70/100
|turn|21
|
|t:|1776218111
|move|p2a: Kommo-o|Clangorous Soul|p2a: Kommo-o
|-boost|p2a: Kommo-o|atk|1
|-boost|p2a: Kommo-o|def|1
|-boost|p2a: Kommo-o|spa|1
|-boost|p2a: Kommo-o|spd|1
|-boost|p2a: Kommo-o|spe|1
|-damage|p2a: Kommo-o|57/100
|move|p1a: Corviknight|Defog|p2a: Kommo-o
|-unboost|p2a: Kommo-o|evasion|1
|-sideend|p2: TheRegisAreCool|Spikes|[from] move: Defog|[of] p1a: Corviknight
|-sideend|p1: zycnolove|Spikes|[from] move: Defog|[of] p1a: Corviknight
|-sideend|p1: zycnolove|Toxic Spikes|[from] move: Defog|[of] p1a: Corviknight
|
|-heal|p2a: Kommo-o|63/100|[from] item: Leftovers
|upkeep
|turn|22
|
|t:|1776218121
|move|p2a: Kommo-o|Aura Sphere|p1a: Corviknight
|-damage|p1a: Corviknight|19/100
|move|p1a: Corviknight|Brave Bird|p2a: Kommo-o
|-supereffective|p2a: Kommo-o
|-damage|p2a: Kommo-o|23/100
|-damage|p1a: Corviknight|8/100|[from] Recoil
|
|-heal|p2a: Kommo-o|29/100|[from] item: Leftovers
|upkeep
|turn|23
|
|t:|1776218127
|move|p2a: Kommo-o|Aura Sphere|p1a: Corviknight
|-damage|p1a: Corviknight|0 fnt
|faint|p1a: Corviknight
|
|-heal|p2a: Kommo-o|35/100|[from] item: Leftovers
|upkeep
|
|t:|1776218131
|switch|p1a: Ceruledge|Ceruledge, M|100/100
|turn|24
|
|t:|1776218135
|move|p2a: Kommo-o|Clanging Scales|p1a: Ceruledge
|-damage|p1a: Ceruledge|9/100
|-unboost|p2a: Kommo-o|def|1
|move|p1a: Ceruledge|Poltergeist|p2a: Kommo-o
|-activate|p2a: Kommo-o|move: Poltergeist|Leftovers
|-damage|p2a: Kommo-o|0 fnt
|faint|p2a: Kommo-o
|
|upkeep
|
|t:|1776218140
|switch|p2a: Conkeldurr|Conkeldurr, F|100/100
|turn|25
|
|t:|1776218143
|move|p1a: Ceruledge|Poltergeist|p2a: Conkeldurr
|-activate|p2a: Conkeldurr|move: Poltergeist|Flame Orb
|-damage|p2a: Conkeldurr|52/100
|move|p2a: Conkeldurr|Knock Off|p1a: Ceruledge
|-supereffective|p1a: Ceruledge
|-damage|p1a: Ceruledge|0 fnt
|-enditem|p1a: Ceruledge|Focus Sash|[from] move: Knock Off|[of] p2a: Conkeldurr
|faint|p1a: Ceruledge
|
|-status|p2a: Conkeldurr|brn|[from] item: Flame Orb
|upkeep
|
|t:|1776218147
|switch|p1a: Pelipper|Pelipper, M|100/100
|-weather|RainDance|[from] ability: Drizzle|[of] p1a: Pelipper
|turn|26
|
|t:|1776218151
|move|p2a: Conkeldurr|Facade|p1a: Pelipper
|-damage|p1a: Pelipper|36/100
|move|p1a: Pelipper|Weather Ball|p2a: Conkeldurr
|-damage|p2a: Conkeldurr|0 fnt
|faint|p2a: Conkeldurr
|
|win|zycnolove
|raw|zycnolove's rating: 1196 &rarr; <strong>1223</strong><br />(+27 for winning)
|raw|TheRegisAreCool's rating: 1218 &rarr; <strong>1191</strong><br />(-27 for losing)
