|html|<div class="broadcast-blue"><strong>[Gen 9] OU is currently suspecting Tera Blast! For information on how to participate check out the <a href="https://www.smogon.com/tools/suspects/view/200">suspect thread</a>.</strong></div>
|j|☆ridleyfr
|j|☆hawker_mk5
|t:|1776099731
|gametype|singles
|player|p1|ridleyfr|dawn|1565
|player|p2|hawker_mk5|volkner|1598
|gen|9
|tier|[Gen 9] OU
|rated|
|rule|HP Percentage Mod: HP is shown in percentages
|rule|Endless Battle Clause: Forcing endless battles is banned
|rule|Species Clause: Limit one of each Pokémon
|rule|OHKO Clause: OHKO moves are banned
|rule|Evasion Items Clause: Evasion items are banned
|rule|Evasion Moves Clause: Evasion moves are banned
|rule|Evasion Abilities Clause: Evasion abilities are banned
|rule|Sleep Moves Clause: Sleep-inducing moves are banned
|clearpoke
|poke|p1|Gliscor, F|
|poke|p1|Heatran, F|
|poke|p1|Sinistcha|
|poke|p1|Corviknight, M|
|poke|p1|Tentacruel, F|
|poke|p1|Darkrai|
|poke|p2|Scizor, M|
|poke|p2|Great Tusk|
|poke|p2|Primarina, F|
|poke|p2|Kyurem|
|poke|p2|Zapdos|
|poke|p2|Gengar, M|
|teampreview
|inactive|Battle timer is ON: inactive players will automatically lose when time's up. (requested by ridleyfr)
|inactive|hawker_mk5 has 120 seconds left.
|
|t:|1776099764
|teamsize|p1|6
|teamsize|p2|6
|start
|switch|p1a: Hephaepstein|Heatran, F|100/100
|switch|p2a: Great Tusk|Great Tusk|100/100
|turn|1
|
|t:|1776099769
|switch|p1a: Charlie Kirsch|Sinistcha|100/100
|move|p2a: Great Tusk|Stealth Rock|p1a: Charlie Kirsch
|-sidestart|p1: ridleyfr|move: Stealth Rock
|
|upkeep
|turn|2
|
|t:|1776099780
|-end|p2a: Great Tusk|Protosynthesis|[silent]
|switch|p2a: Zapdos|Zapdos|100/100
|move|p1a: Charlie Kirsch|Shadow Ball|p2a: Zapdos
|-damage|p2a: Zapdos|67/100
|
|upkeep
|turn|3
|
|t:|1776099786
|switch|p1a: Hephaepstein|Heatran, F|100/100
|-damage|p1a: Hephaepstein|88/100|[from] Stealth Rock
|move|p2a: Zapdos|Hurricane|p1a: Hephaepstein
|-resisted|p1a: Hephaepstein
|-damage|p1a: Hephaepstein|68/100
|
|-heal|p1a: Hephaepstein|74/100|[from] item: Leftovers
|upkeep
|turn|4
|
|t:|1776099794
|move|p2a: Zapdos|Discharge|p1a: Hephaepstein
|-damage|p1a: Hephaepstein|43/100
|-status|p1a: Hephaepstein|par
|move|p1a: Hephaepstein|Will-O-Wisp|p2a: Zapdos
|-status|p2a: Zapdos|brn
|
|-heal|p1a: Hephaepstein|49/100 par|[from] item: Leftovers
|-damage|p2a: Zapdos|61/100 brn|[from] brn
|upkeep
|turn|5
|
|t:|1776099806
|move|p2a: Zapdos|Discharge|p1a: Hephaepstein
|-damage|p1a: Hephaepstein|19/100 par
|move|p1a: Hephaepstein|Stealth Rock|p2a: Zapdos
|-sidestart|p2: hawker_mk5|move: Stealth Rock
|
|-heal|p1a: Hephaepstein|25/100 par|[from] item: Leftovers
|-damage|p2a: Zapdos|55/100 brn|[from] brn
|upkeep
|turn|6
|
|t:|1776099813
|move|p2a: Zapdos|Roost|p2a: Zapdos
|-heal|p2a: Zapdos|100/100 brn
|-singleturn|p2a: Zapdos|move: Roost
|move|p1a: Hephaepstein|Magma Storm|p2a: Zapdos
|-damage|p2a: Zapdos|56/100 brn
|-activate|p2a: Zapdos|move: Magma Storm|[of] p1a: Hephaepstein
|
|-heal|p1a: Hephaepstein|32/100 par|[from] item: Leftovers
|-damage|p2a: Zapdos|50/100 brn|[from] brn
|-damage|p2a: Zapdos|38/100 brn|[from] move: Magma Storm|[partiallytrapped]
|upkeep
|turn|7
|
|t:|1776099817
|move|p2a: Zapdos|Discharge|p1a: Hephaepstein
|-damage|p1a: Hephaepstein|1/100 par
|cant|p1a: Hephaepstein|par
|
|-heal|p1a: Hephaepstein|7/100 par|[from] item: Leftovers
|-damage|p2a: Zapdos|32/100 brn|[from] brn
|-damage|p2a: Zapdos|20/100 brn|[from] move: Magma Storm|[partiallytrapped]
|upkeep
|turn|8
|
|t:|1776099821
|move|p2a: Zapdos|Volt Switch|p1a: Hephaepstein
|-damage|p1a: Hephaepstein|0 fnt
|faint|p1a: Hephaepstein
|
|t:|1776099828
|switch|p2a: Gengar|Gengar, M|100/100|[from] Volt Switch
|-damage|p2a: Gengar|88/100|[from] Stealth Rock
|
|upkeep
|
|t:|1776099835
|switch|p1a: DreamNotFound|Darkrai|100/100
|-damage|p1a: DreamNotFound|88/100|[from] Stealth Rock
|turn|9
|
|t:|1776099843
|switch|p2a: Primarina|Primarina, F|100/100
|-damage|p2a: Primarina|88/100|[from] Stealth Rock
|move|p1a: DreamNotFound|Knock Off|p2a: Primarina
|-resisted|p2a: Primarina
|-damage|p2a: Primarina|64/100
|-enditem|p2a: Primarina|Assault Vest|[from] move: Knock Off|[of] p1a: DreamNotFound
|
|upkeep
|turn|10
|
|t:|1776099851
|switch|p1a: The Squiddler|Tentacruel, F, shiny|100/100
|move|p2a: Primarina|Moonblast|p1a: The Squiddler
|-resisted|p1a: The Squiddler
|-damage|p1a: The Squiddler|77/100
|
|upkeep
|turn|11
|
|t:|1776099857
|move|p1a: The Squiddler|Sludge Bomb|p2a: Primarina
|-supereffective|p2a: Primarina
|-damage|p2a: Primarina|3/100
|move|p2a: Primarina|Psychic Noise|p1a: The Squiddler
|-supereffective|p1a: The Squiddler
|-damage|p1a: The Squiddler|22/100
|-start|p1a: The Squiddler|move: Heal Block
|
|upkeep
|turn|12
|
|t:|1776099863
|move|p1a: The Squiddler|Rapid Spin|p2a: Primarina
|-damage|p2a: Primarina|0 fnt
|-boost|p1a: The Squiddler|spe|1
|-sideend|p1: ridleyfr|Stealth Rock|[from] move: Rapid Spin|[of] p1a: The Squiddler
|faint|p2a: Primarina
|
|-end|p1a: The Squiddler|move: Heal Block
|upkeep
|
|t:|1776099871
|switch|p2a: Gengar|Gengar, M|88/100
|-damage|p2a: Gengar|76/100|[from] Stealth Rock
|turn|13
|
|t:|1776099878
|move|p2a: Gengar|Shadow Ball|p1a: The Squiddler
|-damage|p1a: The Squiddler|0 fnt
|faint|p1a: The Squiddler
|
|upkeep
|
|t:|1776099888
|switch|p1a: Gliskibidi|Gliscor, F|100/100
|turn|14
|
|t:|1776099893
|switch|p2a: Kyurem|Kyurem|100/100
|-damage|p2a: Kyurem|76/100|[from] Stealth Rock
|-ability|p2a: Kyurem|Pressure
|move|p1a: Gliskibidi|Spikes|p2a: Kyurem
|-sidestart|p2: hawker_mk5|Spikes
|
|-status|p1a: Gliskibidi|tox|[from] item: Toxic Orb
|upkeep
|turn|15
|
|t:|1776099902
|switch|p1a: MEGA KNIGHT|Corviknight, M|100/100
|-ability|p1a: MEGA KNIGHT|Pressure
|move|p2a: Kyurem|Dragon Dance|p2a: Kyurem
|-boost|p2a: Kyurem|atk|1
|-boost|p2a: Kyurem|spe|1
|
|upkeep
|turn|16
|
|t:|1776099908
|-terastallize|p2a: Kyurem|Fire
|move|p2a: Kyurem|Tera Blast|p1a: MEGA KNIGHT|[anim] Tera Blast Fire
|-supereffective|p1a: MEGA KNIGHT
|-damage|p1a: MEGA KNIGHT|15/100
|move|p1a: MEGA KNIGHT|Iron Defense|p1a: MEGA KNIGHT
|-boost|p1a: MEGA KNIGHT|def|2
|
|upkeep
|turn|17
|
|t:|1776099916
|move|p2a: Kyurem|Icicle Spear|p1a: MEGA KNIGHT
|-damage|p1a: MEGA KNIGHT|9/100
|-damage|p1a: MEGA KNIGHT|2/100
|-damage|p1a: MEGA KNIGHT|0 fnt
|faint|p1a: MEGA KNIGHT
|-hitcount|p1: MEGA KNIGHT|3
|
|upkeep
|
|t:|1776099929
|switch|p1a: Charlie Kirsch|Sinistcha|100/100
|turn|18
|
|t:|1776099937
|-terastallize|p1a: Charlie Kirsch|Fairy
|move|p2a: Kyurem|Icicle Spear|p1a: Charlie Kirsch
|-crit|p1a: Charlie Kirsch
|-damage|p1a: Charlie Kirsch|79/100
|-damage|p1a: Charlie Kirsch|61/100
|-damage|p1a: Charlie Kirsch|44/100
|-damage|p1a: Charlie Kirsch|26/100
|-hitcount|p1a: Charlie Kirsch|4
|move|p1a: Charlie Kirsch|Strength Sap|p2a: Kyurem
|-unboost|p2a: Kyurem|atk|1
|-heal|p1a: Charlie Kirsch|100/100
|
|upkeep
|turn|19
|
|t:|1776099949
|switch|p2a: Zapdos|Zapdos|20/100 brn
|move|p1a: Charlie Kirsch|Shadow Ball|p2a: Zapdos
|-damage|p2a: Zapdos|0 fnt
|faint|p2a: Zapdos
|
|upkeep
|
|t:|1776099966
|switch|p2a: Scizor|Scizor, M|100/100
|-damage|p2a: Scizor|88/100|[from] Stealth Rock
|-damage|p2a: Scizor|76/100|[from] Spikes
|turn|20
|
|t:|1776099971
|switch|p1a: Gliskibidi|Gliscor, F|100/100 tox
|move|p2a: Scizor|U-turn|p1a: Gliskibidi
|-resisted|p1a: Gliskibidi
|-damage|p1a: Gliskibidi|75/100 tox
|
|t:|1776099975
|switch|p2a: Great Tusk|Great Tusk|100/100|[from] U-turn
|-damage|p2a: Great Tusk|98/100|[from] Stealth Rock
|-damage|p2a: Great Tusk|85/100|[from] Spikes
|
|-heal|p2a: Great Tusk|91/100|[from] item: Leftovers
|-heal|p1a: Gliskibidi|87/100 tox|[from] ability: Poison Heal
|upkeep
|turn|21
|
|t:|1776099979
|move|p2a: Great Tusk|Rapid Spin|p1a: Gliskibidi
|-damage|p1a: Gliskibidi|73/100 tox
|-boost|p2a: Great Tusk|spe|1
|-sideend|p2: hawker_mk5|Spikes|[from] move: Rapid Spin|[of] p2a: Great Tusk
|-sideend|p2: hawker_mk5|Stealth Rock|[from] move: Rapid Spin|[of] p2a: Great Tusk
|move|p1a: Gliskibidi|Knock Off|p2a: Great Tusk
|-resisted|p2a: Great Tusk
|-damage|p2a: Great Tusk|84/100
|-enditem|p2a: Great Tusk|Leftovers|[from] move: Knock Off|[of] p1a: Gliskibidi
|
|-heal|p1a: Gliskibidi|85/100 tox|[from] ability: Poison Heal
|upkeep
|turn|22
|
|t:|1776099991
|move|p2a: Great Tusk|Stealth Rock|p1a: Gliskibidi
|-sidestart|p1: ridleyfr|move: Stealth Rock
|move|p1a: Gliskibidi|Spikes|p2a: Great Tusk
|-sidestart|p2: hawker_mk5|Spikes
|
|-heal|p1a: Gliskibidi|98/100 tox|[from] ability: Poison Heal
|upkeep
|turn|23
|
|t:|1776099996
|switch|p1a: Charlie Kirsch|Sinistcha, tera:Fairy|100/100
|move|p2a: Great Tusk|Rapid Spin|p1a: Charlie Kirsch
|-damage|p1a: Charlie Kirsch|88/100
|-boost|p2a: Great Tusk|spe|1
|-sideend|p2: hawker_mk5|Spikes|[from] move: Rapid Spin|[of] p2a: Great Tusk
|
|upkeep
|turn|24
|
|t:|1776100006
|-end|p2a: Great Tusk|Protosynthesis|[silent]
|switch|p2a: Scizor|Scizor, M|76/100
|move|p1a: Charlie Kirsch|Matcha Gotcha|p2a: Scizor
|-resisted|p2a: Scizor
|-damage|p2a: Scizor|66/100
|-heal|p1a: Charlie Kirsch|93/100|[from] drain|[of] p2a: Scizor
|
|upkeep
|turn|25
|
|t:|1776100015
|move|p1a: Charlie Kirsch|Strength Sap|p2a: Scizor
|-unboost|p2a: Scizor|atk|1
|-heal|p1a: Charlie Kirsch|100/100
|move|p2a: Scizor|U-turn|p1a: Charlie Kirsch
|-resisted|p1a: Charlie Kirsch
|-damage|p1a: Charlie Kirsch|86/100
|
|t:|1776100020
|switch|p2a: Gengar|Gengar, M|76/100|[from] U-turn
|
|upkeep
|turn|26
|
|t:|1776100024
|switch|p1a: Gliskibidi|Gliscor, F|98/100 tox
|-damage|p1a: Gliskibidi|85/100 tox|[from] Stealth Rock
|move|p2a: Gengar|Trick|p1a: Gliskibidi
|-activate|p2a: Gengar|move: Trick|[of] p1a: Gliskibidi
|-item|p1a: Gliskibidi|Choice Scarf|[from] move: Trick
|-item|p2a: Gengar|Toxic Orb|[from] move: Trick
|
|-heal|p1a: Gliskibidi|98/100 tox|[from] ability: Poison Heal
|upkeep
|turn|27
|
|t:|1776100033
|move|p1a: Gliskibidi|Earthquake|p2a: Gengar
|-supereffective|p2a: Gengar
|-damage|p2a: Gengar|0 fnt
|faint|p2a: Gengar
|
|-heal|p1a: Gliskibidi|100/100 tox|[from] ability: Poison Heal
|upkeep
|
|t:|1776100040
|switch|p2a: Kyurem|Kyurem, tera:Fire|76/100
|-ability|p2a: Kyurem|Pressure
|turn|28
|
|t:|1776100043
|move|p1a: Gliskibidi|Earthquake|p2a: Kyurem
|-supereffective|p2a: Kyurem
|-damage|p2a: Kyurem|2/100
|move|p2a: Kyurem|Icicle Spear|p1a: Gliskibidi
|-supereffective|p1a: Gliskibidi
|-damage|p1a: Gliskibidi|56/100 tox
|-supereffective|p1a: Gliskibidi
|-damage|p1a: Gliskibidi|11/100 tox
|-supereffective|p1a: Gliskibidi
|-damage|p1a: Gliskibidi|0 fnt
|faint|p1a: Gliskibidi
|-hitcount|p1: Gliskibidi|3
|
|upkeep
|
|t:|1776100050
|switch|p1a: Charlie Kirsch|Sinistcha, tera:Fairy|86/100
|turn|29
|
|t:|1776100058
|move|p2a: Kyurem|Dragon Dance|p2a: Kyurem
|-boost|p2a: Kyurem|atk|1
|-boost|p2a: Kyurem|spe|1
|move|p1a: Charlie Kirsch|Strength Sap|p2a: Kyurem
|-unboost|p2a: Kyurem|atk|1
|-heal|p1a: Charlie Kirsch|100/100
|
|upkeep
|turn|30
|
|t:|1776100062
|move|p2a: Kyurem|Dragon Dance|p2a: Kyurem
|-boost|p2a: Kyurem|atk|1
|-boost|p2a: Kyurem|spe|1
|move|p1a: Charlie Kirsch|Shadow Ball|p2a: Kyurem
|-damage|p2a: Kyurem|0 fnt
|faint|p2a: Kyurem
|
|upkeep
|
|t:|1776100065
|switch|p2a: Scizor|Scizor, M|66/100
|turn|31
|
|t:|1776100068
|move|p2a: Scizor|Bullet Punch|p1a: Charlie Kirsch
|-supereffective|p1a: Charlie Kirsch
|-damage|p1a: Charlie Kirsch|31/100
|move|p1a: Charlie Kirsch|Shadow Ball|p2a: Scizor
|-damage|p2a: Scizor|28/100
|
|upkeep
|turn|32
|
|t:|1776100072
|move|p2a: Scizor|Bullet Punch|p1a: Charlie Kirsch
|-supereffective|p1a: Charlie Kirsch
|-damage|p1a: Charlie Kirsch|0 fnt
|faint|p1a: Charlie Kirsch
|
|upkeep
|
|t:|1776100074
|switch|p1a: DreamNotFound|Darkrai|88/100
|-damage|p1a: DreamNotFound|76/100|[from] Stealth Rock
|turn|33
|
|t:|1776100079
|move|p1a: DreamNotFound|Sucker Punch|p2a: Scizor
|-damage|p2a: Scizor|1/100
|move|p2a: Scizor|Bullet Punch|p1a: DreamNotFound
|-damage|p1a: DreamNotFound|10/100
|
|upkeep
|turn|34
|
|t:|1776100087
|switch|p2a: Great Tusk|Great Tusk|84/100
|move|p1a: DreamNotFound|Sucker Punch||[still]
|-fail|p1a: DreamNotFound
|
|upkeep
|turn|35
|
|t:|1776100094
|move|p1a: DreamNotFound|Ice Beam|p2a: Great Tusk
|-supereffective|p2a: Great Tusk
|-damage|p2a: Great Tusk|0 fnt
|faint|p2a: Great Tusk
|-end|p2a: Great Tusk|Protosynthesis|[silent]
|
|upkeep
|
|t:|1776100098
|switch|p2a: Scizor|Scizor, M|1/100
|turn|36
|
|t:|1776100101
|move|p1a: DreamNotFound|Sucker Punch|p2a: Scizor
|-damage|p2a: Scizor|0 fnt
|faint|p2a: Scizor
|
|win|ridleyfr
|raw|ridleyfr's rating: 1565 &rarr; <strong>1587</strong><br />(+22 for winning)
|raw|hawker_mk5's rating: 1598 &rarr; <strong>1576</strong><br />(-22 for losing)
|l|☆hawker_mk5
|player|p2|
