|html|<div class="broadcast-blue"><strong>[Gen 9] OU is currently suspecting Tera Blast! For information on how to participate check out the <a href="https://www.smogon.com/tools/suspects/view/200">suspect thread</a>.</strong></div>
|j|☆chatotP
|j|☆CHESTEEER
|t:|1776297167
|gametype|singles
|player|p1|chatotP|bugcatcher-gen4dp|1041
|player|p2|CHESTEEER|erika|1067
|gen|9
|tier|[Gen 9] OU
|rated|
|rule|HP Percentage Mod: HP is shown in percentages
|rule|Endless Battle Clause: Forcing endless battles is banned
|rule|Species Clause: Limit one of each Pokémon
|rule|OHKO Clause: OHKO moves are banned
|rule|Evasion Items Clause: Evasion items are banned
|rule|Evasion Moves Clause: Evasion moves are banned
|rule|Evasion Abilities Clause: Evasion abilities are banned
|rule|Sleep Moves Clause: Sleep-inducing moves are banned
|clearpoke
|poke|p1|Charizard, F|
|poke|p1|Pikachu, F|
|poke|p1|Venusaur, M|
|poke|p1|Blastoise, M|
|poke|p1|Gengar, M|
|poke|p1|Dragonite, M|
|poke|p2|Raging Bolt|
|poke|p2|Sylveon, F|
|poke|p2|Jirachi|
|poke|p2|Toxapex, F|
|poke|p2|Meowscarada, F|
|poke|p2|Metagross|
|teampreview
|c|☆CHESTEEER|Oh
|c|☆CHESTEEER|another Kanto team
|
|t:|1776297194
|teamsize|p1|6
|teamsize|p2|6
|start
|switch|p1a: Blastoise|Blastoise, M|100/100
|switch|p2a: Queen|Sylveon, F, shiny|100/100
|turn|1
|c|☆chatotP|its from chat gpt
|c|☆CHESTEEER|lol
|c|☆CHESTEEER|hahahahaha
|
|t:|1776297219
|move|p1a: Blastoise|Surf|p2a: Queen
|-damage|p2a: Queen|83/100
|move|p2a: Queen|Psyshock|p1a: Blastoise
|-damage|p1a: Blastoise|83/100
|
|-heal|p1a: Blastoise|89/100|[from] item: Leftovers
|-heal|p2a: Queen|89/100|[from] item: Leftovers
|upkeep
|turn|2
|
|t:|1776297247
|switch|p1a: Gengar|Gengar, M|100/100
|move|p2a: Queen|Moonblast|p1a: Gengar
|-resisted|p1a: Gengar
|-damage|p1a: Gengar|66/100
|
|-heal|p2a: Queen|95/100|[from] item: Leftovers
|upkeep
|turn|3
|
|t:|1776297278
|move|p1a: Gengar|Sludge Bomb|p2a: Queen
|-supereffective|p2a: Queen
|-damage|p2a: Queen|33/100
|move|p2a: Queen|Psyshock|p1a: Gengar
|-supereffective|p1a: Gengar
|-damage|p1a: Gengar|0 fnt
|faint|p1a: Gengar
|
|-heal|p2a: Queen|39/100|[from] item: Leftovers
|upkeep
|
|t:|1776297305
|switch|p1a: Charizard|Charizard, F|100/100
|turn|4
|
|t:|1776297313
|move|p1a: Charizard|Flamethrower|p2a: Queen
|-damage|p2a: Queen|13/100
|move|p2a: Queen|Psyshock|p1a: Charizard
|-damage|p1a: Charizard|63/100
|
|-heal|p2a: Queen|19/100|[from] item: Leftovers
|upkeep
|turn|5
|c|☆CHESTEEER|What a terrible creature
|
|t:|1776297359
|move|p1a: Charizard|Flamethrower|p2a: Queen
|-damage|p2a: Queen|0 fnt
|faint|p2a: Queen
|
|upkeep
|
|t:|1776297366
|switch|p2a: Toxapex|Toxapex, F|100/100
|turn|6
|
|t:|1776297387
|switch|p1a: Pikachu|Pikachu, F|100/100
|move|p2a: Toxapex|Gunk Shot|p1a: Pikachu
|-damage|p1a: Pikachu|0 fnt
|faint|p1a: Pikachu
|
|upkeep
|c|☆CHESTEEER|Darn
|
|t:|1776297450
|switch|p1a: Blastoise|Blastoise, M|89/100
|turn|7
|
|t:|1776297459
|move|p1a: Blastoise|Surf|p2a: Toxapex
|-resisted|p2a: Toxapex
|-damage|p2a: Toxapex|89/100
|move|p2a: Toxapex|Toxic|p1a: Blastoise
|-status|p1a: Blastoise|tox
|
|-heal|p1a: Blastoise|95/100 tox|[from] item: Leftovers
|-heal|p2a: Toxapex|95/100|[from] item: Black Sludge
|-damage|p1a: Blastoise|89/100 tox|[from] psn
|upkeep
|turn|8
|c|☆chatotP|chat gpt isnt too good fot team building
|
|t:|1776297508
|switch|p1a: Charizard|Charizard, F|63/100
|switch|p2a: Raging Bolt|Raging Bolt|100/100
|
|upkeep
|turn|9
|
|t:|1776297535
|switch|p1a: Dragonite|Dragonite, M|100/100
|move|p2a: Raging Bolt|Volt Switch|p1a: Dragonite
|-damage|p1a: Dragonite|79/100
|
|t:|1776297544
|-end|p2a: Raging Bolt|Protosynthesis|[silent]
|switch|p2a: Blasfêmea|Jirachi, shiny|100/100|[from] Volt Switch
|
|upkeep
|turn|10
|
|t:|1776297565
|-terastallize|p2a: Blasfêmea|Fire
|move|p2a: Blasfêmea|Iron Head|p1a: Dragonite
|-damage|p1a: Dragonite|35/100
|cant|p1a: Dragonite|flinch
|
|upkeep
|turn|11
|c|☆CHESTEEER|Chat isnt so good at all, he is dumb to making teams
|
|t:|1776297620
|switch|p1a: Charizard|Charizard, F|63/100
|move|p2a: Blasfêmea|Iron Head|p1a: Charizard
|-resisted|p1a: Charizard
|-damage|p1a: Charizard|35/100
|
|upkeep
|turn|12
|c|☆chatotP|i agree
|
|t:|1776297657
|move|p1a: Charizard|Flamethrower|p2a: Blasfêmea
|-resisted|p2a: Blasfêmea
|-damage|p2a: Blasfêmea|79/100
|move|p2a: Blasfêmea|Double-Edge|p1a: Charizard
|-damage|p1a: Charizard|0 fnt
|faint|p1a: Charizard
|-damage|p2a: Blasfêmea|70/100|[from] Recoil
|
|-heal|p2a: Blasfêmea|76/100|[from] item: Leftovers
|upkeep
|c|☆chatotP|in fact chat gpt is telling me the moves i use
|c|☆CHESTEEER|LOOOOL
|
|t:|1776297710
|switch|p1a: Blastoise|Blastoise, M|89/100 tox
|turn|13
|
|t:|1776297716
|move|p2a: Blasfêmea|Double-Edge|p1a: Blastoise
|-damage|p1a: Blastoise|62/100 tox
|-damage|p2a: Blasfêmea|66/100|[from] Recoil
|move|p1a: Blastoise|Surf|p2a: Blasfêmea
|-supereffective|p2a: Blasfêmea
|-damage|p2a: Blasfêmea|8/100
|
|-heal|p2a: Blasfêmea|15/100|[from] item: Leftovers
|-heal|p1a: Blastoise|68/100 tox|[from] item: Leftovers
|-damage|p1a: Blastoise|62/100 tox|[from] psn
|upkeep
|turn|14
|c|☆CHESTEEER|Comproved that humans are better then machines
|c|☆CHESTEEER|in showdown
|
|t:|1776297736
|switch|p2a: Lesbian Cat|Meowscarada, F|100/100
|move|p1a: Blastoise|Surf|p2a: Lesbian Cat
|-resisted|p2a: Lesbian Cat
|-damage|p2a: Lesbian Cat|79/100
|
|-heal|p1a: Blastoise|68/100 tox|[from] item: Leftovers
|-damage|p1a: Blastoise|56/100 tox|[from] psn
|upkeep
|turn|15
|
|t:|1776297748
|move|p2a: Lesbian Cat|Grassy Terrain|p2a: Lesbian Cat
|-start|p2a: Lesbian Cat|typechange|Grass|[from] ability: Protean
|-fieldstart|move: Grassy Terrain
|move|p1a: Blastoise|Ice Beam|p2a: Lesbian Cat
|-supereffective|p2a: Lesbian Cat
|-damage|p2a: Lesbian Cat|26/100
|
|-heal|p2a: Lesbian Cat|33/100|[from] Grassy Terrain
|-heal|p1a: Blastoise|62/100 tox|[from] Grassy Terrain
|-heal|p1a: Blastoise|68/100 tox|[from] item: Leftovers
|-damage|p1a: Blastoise|50/100 tox|[from] psn
|upkeep
|turn|16
|
|t:|1776297762
|move|p2a: Lesbian Cat|Flower Trick|p1a: Blastoise
|-supereffective|p1a: Blastoise
|-crit|p1a: Blastoise
|-damage|p1a: Blastoise|0 fnt
|faint|p1a: Blastoise
|
|-heal|p2a: Lesbian Cat|39/100|[from] Grassy Terrain
|upkeep
|
|t:|1776297772
|switch|p1a: Dragonite|Dragonite, M|35/100
|turn|17
|
|t:|1776297797
|move|p2a: Lesbian Cat|Play Rough|p1a: Dragonite
|-supereffective|p1a: Dragonite
|-damage|p1a: Dragonite|0 fnt
|faint|p1a: Dragonite
|
|-heal|p2a: Lesbian Cat|45/100|[from] Grassy Terrain
|upkeep
|
|t:|1776297805
|switch|p1a: Venusaur|Venusaur, M|100/100
|turn|18
|c|☆CHESTEEER|Holly sh*t
|c|☆CHESTEEER|Meowscarada is a good pokémon
|
|t:|1776297830
|move|p2a: Lesbian Cat|U-turn|p1a: Venusaur
|-damage|p1a: Venusaur|72/100
|
|t:|1776297835
|switch|p2a: Metagross|Metagross|100/100|[from] U-turn
|move|p1a: Venusaur|Sludge Bomb|p2a: Metagross
|-immune|p2a: Metagross
|
|-heal|p1a: Venusaur|78/100|[from] Grassy Terrain
|-heal|p1a: Venusaur|84/100|[from] item: Black Sludge
|upkeep
|turn|19
|c|☆chatotP|i agree in that too
|
|t:|1776297849
|-terastallize|p1a: Venusaur|Grass
|move|p1a: Venusaur|Earth Power|p2a: Metagross
|-supereffective|p2a: Metagross
|-damage|p2a: Metagross|42/100
|move|p2a: Metagross|Flash Cannon|p1a: Venusaur
|-damage|p1a: Venusaur|62/100
|
|-heal|p1a: Venusaur|68/100|[from] Grassy Terrain
|-damage|p1a: Venusaur|55/100|[from] item: Black Sludge
|-heal|p2a: Metagross|48/100|[from] Grassy Terrain
|-fieldend|move: Grassy Terrain
|upkeep
|turn|20
|
|t:|1776297865
|move|p1a: Venusaur|Earth Power|p2a: Metagross
|-supereffective|p2a: Metagross
|-damage|p2a: Metagross|0 fnt
|faint|p2a: Metagross
|
|-damage|p1a: Venusaur|43/100|[from] item: Black Sludge
|upkeep
|c|☆CHESTEEER|Gonna substitute that Metagross
|
|t:|1776297884
|switch|p2a: Toxapex|Toxapex, F|100/100
|turn|21
|
|t:|1776297890
|move|p1a: Venusaur|Earth Power|p2a: Toxapex
|-supereffective|p2a: Toxapex
|-damage|p2a: Toxapex|54/100
|move|p2a: Toxapex|Gunk Shot|p1a: Venusaur
|-supereffective|p1a: Venusaur
|-damage|p1a: Venusaur|0 fnt
|faint|p1a: Venusaur
|
|win|CHESTEEER
|raw|chatotP's rating: 1041 &rarr; <strong>1026</strong><br />(-15 for losing)
|raw|CHESTEEER's rating: 1067 &rarr; <strong>1095</strong><br />(+28 for winning)
|c|☆CHESTEEER|gg
|c|☆chatotP|well nice chat but bye bye
|c|☆CHESTEEER|good lucky next time on showdown
|c|☆CHESTEEER|do your own team whitout AI
