|html|<div class="broadcast-blue"><strong>[Gen 9] OU is currently suspecting Tera Blast! For information on how to participate check out the <a href="https://www.smogon.com/tools/suspects/view/200">suspect thread</a>.</strong></div>
|j|‽Rehheeh
|j|☆Kouneko
|t:|1776078202
|gametype|singles
|player|p1|Rehheeh|palmer|1330
|player|p2|Kouneko|parasollady|1266
|gen|9
|tier|[Gen 9] OU
|rated|
|rule|HP Percentage Mod: HP is shown in percentages
|rule|Endless Battle Clause: Forcing endless battles is banned
|rule|Species Clause: Limit one of each Pokémon
|rule|OHKO Clause: OHKO moves are banned
|rule|Evasion Items Clause: Evasion items are banned
|rule|Evasion Moves Clause: Evasion moves are banned
|rule|Evasion Abilities Clause: Evasion abilities are banned
|rule|Sleep Moves Clause: Sleep-inducing moves are banned
|clearpoke
|poke|p1|Samurott-Hisui, M|
|poke|p1|Zapdos|
|poke|p1|Iron Treads|
|poke|p1|Ceruledge, M|
|poke|p1|Gholdengo|
|poke|p1|Kingambit, M|
|poke|p2|Ting-Lu|
|poke|p2|Keldeo-Resolute|
|poke|p2|Moltres|
|poke|p2|Heatran, F|
|poke|p2|Forretress, M|
|poke|p2|Primarina, M|
|teampreview
|inactive|Battle timer is ON: inactive players will automatically lose when time's up. (requested by Rehheeh)
|
|t:|1776078215
|teamsize|p1|6
|teamsize|p2|6
|start
|switch|p1a: Samurott|Samurott-Hisui, M|100/100
|switch|p2a: Keldeo|Keldeo-Resolute|100/100
|turn|1
|
|t:|1776078219
|switch|p1a: Zapdos|Zapdos|100/100
|move|p2a: Keldeo|Surf|p1a: Zapdos
|-damage|p1a: Zapdos|58/100
|
|upkeep
|turn|2
|
|t:|1776078225
|switch|p2a: Ting-Lu|Ting-Lu|100/100
|-ability|p2a: Ting-Lu|Vessel of Ruin
|move|p1a: Zapdos|Thunder Wave|p2a: Ting-Lu
|-immune|p2a: Ting-Lu
|
|upkeep
|turn|3
|
|t:|1776078240
|switch|p1a: Kingambit|Kingambit, M|100/100
|move|p2a: Ting-Lu|Earthquake|p1a: Kingambit
|-supereffective|p1a: Kingambit
|-damage|p1a: Kingambit|0 fnt
|faint|p1a: Kingambit
|-end|p1a: Kingambit|fallenundefined|[silent]
|
|upkeep
|
|t:|1776078247
|switch|p1a: Samurott|Samurott-Hisui, M|100/100
|turn|4
|
|t:|1776078251
|switch|p2a: Moltres|Moltres|100/100
|move|p1a: Samurott|Razor Shell|p2a: Moltres
|-supereffective|p2a: Moltres
|-damage|p2a: Moltres|38/100
|-unboost|p2a: Moltres|def|1
|
|upkeep
|turn|5
|
|t:|1776078257
|switch|p2a: Keldeo|Keldeo-Resolute|100/100
|move|p1a: Samurott|Razor Shell|p2a: Keldeo
|-resisted|p2a: Keldeo
|-damage|p2a: Keldeo|74/100
|
|upkeep
|turn|6
|
|t:|1776078285
|move|p2a: Keldeo|Secret Sword|p1a: Samurott
|-supereffective|p1a: Samurott
|-damage|p1a: Samurott|0 fnt
|faint|p1a: Samurott
|
|upkeep
|
|t:|1776078289
|switch|p1a: Zapdos|Zapdos|58/100
|turn|7
|
|t:|1776078296
|switch|p2a: Heatran|Heatran, F|100/100
|move|p1a: Zapdos|Hurricane|p2a: Heatran
|-resisted|p2a: Heatran
|-damage|p2a: Heatran|87/100
|
|-heal|p2a: Heatran|93/100|[from] item: Leftovers
|upkeep
|turn|8
|
|t:|1776078300
|move|p1a: Zapdos|Volt Switch|p2a: Heatran
|-damage|p2a: Heatran|73/100
|
|t:|1776078304
|switch|p1a: Ceruledge|Ceruledge, M|100/100|[from] Volt Switch
|move|p2a: Heatran|Stealth Rock|p1a: Ceruledge
|-sidestart|p1: Rehheeh|move: Stealth Rock
|
|-heal|p2a: Heatran|80/100|[from] item: Leftovers
|upkeep
|turn|9
|
|t:|1776078312
|switch|p2a: Keldeo|Keldeo-Resolute|74/100
|move|p1a: Ceruledge|Swords Dance|p1a: Ceruledge
|-boost|p1a: Ceruledge|atk|2
|
|upkeep
|turn|10
|
|t:|1776078325
|-terastallize|p1a: Ceruledge|Fairy
|move|p1a: Ceruledge|Shadow Sneak|p2a: Keldeo
|-damage|p2a: Keldeo|20/100
|move|p2a: Keldeo|Surf|p1a: Ceruledge
|-damage|p1a: Ceruledge|50/100
|
|upkeep
|turn|11
|
|t:|1776078333
|switch|p2a: Heatran|Heatran, F|80/100
|move|p1a: Ceruledge|Shadow Sneak|p2a: Heatran
|-damage|p2a: Heatran|44/100
|
|-heal|p2a: Heatran|50/100|[from] item: Leftovers
|upkeep
|turn|12
|
|t:|1776078340
|move|p1a: Ceruledge|Poltergeist|p2a: Heatran
|-activate|p2a: Heatran|move: Poltergeist|Leftovers
|-damage|p2a: Heatran|0 fnt
|faint|p2a: Heatran
|
|upkeep
|
|t:|1776078351
|switch|p2a: Ting-Lu|Ting-Lu|100/100
|-ability|p2a: Ting-Lu|Vessel of Ruin
|turn|13
|
|t:|1776078354
|move|p1a: Ceruledge|Bitter Blade|p2a: Ting-Lu
|-damage|p2a: Ting-Lu|47/100
|-heal|p1a: Ceruledge|92/100|[from] drain|[of] p2a: Ting-Lu
|move|p2a: Ting-Lu|Earthquake|p1a: Ceruledge
|-damage|p1a: Ceruledge|0 fnt
|faint|p1a: Ceruledge
|
|upkeep
|
|t:|1776078369
|switch|p1a: Gholdengo|Gholdengo|100/100
|-damage|p1a: Gholdengo|94/100|[from] Stealth Rock
|-item|p1a: Gholdengo|Air Balloon
|turn|14
|
|t:|1776078382
|switch|p2a: Forretress|Forretress, M|100/100
|move|p1a: Gholdengo|Focus Blast|p2a: Forretress
|-damage|p2a: Forretress|52/100
|
|-heal|p2a: Forretress|58/100|[from] item: Leftovers
|upkeep
|turn|15
|
|t:|1776078386
|move|p1a: Gholdengo|Thunder Wave|p2a: Forretress
|-status|p2a: Forretress|par
|move|p2a: Forretress|Volt Switch|p1a: Gholdengo
|-damage|p1a: Gholdengo|84/100
|-enditem|p1a: Gholdengo|Air Balloon
|
|t:|1776078395
|switch|p2a: Primarina|Primarina, M|100/100|[from] Volt Switch
|
|upkeep
|turn|16
|
|t:|1776078403
|move|p1a: Gholdengo|Thunder Wave|p2a: Primarina|[miss]
|-miss|p1a: Gholdengo|p2a: Primarina
|move|p2a: Primarina|Hydro Pump|p1a: Gholdengo|[miss]
|-miss|p2a: Primarina|p1a: Gholdengo
|
|upkeep
|turn|17
|inactive|Kouneko has 120 seconds left.
|inactive|Kouneko has 90 seconds left.
|
|t:|1776078490
|move|p1a: Gholdengo|Thunder Wave|p2a: Primarina
|-status|p2a: Primarina|par
|move|p2a: Primarina|Hydro Pump|p1a: Gholdengo|[miss]
|-miss|p2a: Primarina|p1a: Gholdengo
|
|upkeep
|turn|18
|
|t:|1776078500
|move|p1a: Gholdengo|Hex|p2a: Primarina
|-damage|p2a: Primarina|50/100 par
|move|p2a: Primarina|Hydro Pump|p1a: Gholdengo|[miss]
|-miss|p2a: Primarina|p1a: Gholdengo
|
|-heal|p2a: Primarina|56/100 par|[from] item: Leftovers
|upkeep
|turn|19
|
|t:|1776078507
|switch|p2a: Ting-Lu|Ting-Lu|47/100
|-ability|p2a: Ting-Lu|Vessel of Ruin
|move|p1a: Gholdengo|Hex|p2a: Ting-Lu
|-resisted|p2a: Ting-Lu
|-damage|p2a: Ting-Lu|39/100
|
|upkeep
|turn|20
|
|t:|1776078516
|move|p1a: Gholdengo|Focus Blast|p2a: Ting-Lu
|-supereffective|p2a: Ting-Lu
|-damage|p2a: Ting-Lu|0 fnt
|faint|p2a: Ting-Lu
|
|upkeep
|
|t:|1776078520
|switch|p2a: Primarina|Primarina, M|56/100 par
|turn|21
|
|t:|1776078522
|move|p1a: Gholdengo|Hex|p2a: Primarina
|-damage|p2a: Primarina|9/100 par
|cant|p2a: Primarina|par
|
|-heal|p2a: Primarina|15/100 par|[from] item: Leftovers
|upkeep
|turn|22
|
|t:|1776078524
|move|p1a: Gholdengo|Hex|p2a: Primarina
|-damage|p2a: Primarina|0 fnt
|faint|p2a: Primarina
|
|upkeep
|
|t:|1776078527
|switch|p2a: Moltres|Moltres|38/100
|turn|23
|
|t:|1776078537
|move|p1a: Gholdengo|Thunder Wave|p2a: Moltres
|-status|p2a: Moltres|par
|move|p2a: Moltres|Flamethrower|p1a: Gholdengo
|-supereffective|p1a: Gholdengo
|-damage|p1a: Gholdengo|13/100
|
|upkeep
|turn|24
|inactive|Kouneko has 120 seconds left.
|
|t:|1776078554
|move|p1a: Gholdengo|Recover|p1a: Gholdengo
|-heal|p1a: Gholdengo|63/100
|move|p2a: Moltres|Roost|p2a: Moltres
|-heal|p2a: Moltres|88/100 par
|-singleturn|p2a: Moltres|move: Roost
|
|upkeep
|turn|25
|inactive|Kouneko has 120 seconds left.
|
|t:|1776078564
|move|p1a: Gholdengo|Recover|p1a: Gholdengo
|-heal|p1a: Gholdengo|100/100
|move|p2a: Moltres|Flamethrower|p1a: Gholdengo
|-supereffective|p1a: Gholdengo
|-damage|p1a: Gholdengo|30/100
|
|upkeep
|turn|26
|
|t:|1776078566
|move|p1a: Gholdengo|Recover|p1a: Gholdengo
|-heal|p1a: Gholdengo|80/100
|move|p2a: Moltres|Flamethrower|p1a: Gholdengo
|-supereffective|p1a: Gholdengo
|-damage|p1a: Gholdengo|7/100
|
|upkeep
|turn|27
|
|t:|1776078576
|move|p1a: Gholdengo|Recover|p1a: Gholdengo
|-heal|p1a: Gholdengo|57/100
|move|p2a: Moltres|Flamethrower|p1a: Gholdengo
|-supereffective|p1a: Gholdengo
|-damage|p1a: Gholdengo|0 fnt
|faint|p1a: Gholdengo
|
|upkeep
|
|t:|1776078579
|switch|p1a: Zapdos|Zapdos|58/100
|turn|28
|
|t:|1776078589
|switch|p2a: Forretress|Forretress, M|58/100 par
|move|p1a: Zapdos|Roost|p1a: Zapdos
|-heal|p1a: Zapdos|100/100
|-singleturn|p1a: Zapdos|move: Roost
|
|-heal|p2a: Forretress|65/100 par|[from] item: Leftovers
|upkeep
|turn|29
|
|t:|1776078595
|move|p1a: Zapdos|Hurricane|p2a: Forretress
|-damage|p2a: Forretress|0 fnt
|faint|p2a: Forretress
|
|upkeep
|
|t:|1776078597
|switch|p2a: Keldeo|Keldeo-Resolute|20/100
|turn|30
|-message|Kouneko forfeited.
|
|win|Rehheeh
|raw|Rehheeh's rating: 1330 &rarr; <strong>1346</strong><br />(+16 for winning)
|raw|Kouneko's rating: 1266 &rarr; <strong>1246</strong><br />(-20 for losing)
|l|☆Kouneko
|player|p2|
|l|‽Rehheeh
|player|p1|
