|html|<div class="broadcast-blue"><strong>[Gen 9] OU is currently suspecting Tera Blast! For information on how to participate check out the <a href="https://www.smogon.com/tools/suspects/view/200">suspect thread</a>.</strong></div>
|j|☆TroubleFindsMe
|j|☆1200s chud
|t:|1776043986
|gametype|singles
|player|p1|TroubleFindsMe|rika|1633
|player|p2|1200s chud|drayton|1620
|gen|9
|tier|[Gen 9] OU
|rated|
|rule|HP Percentage Mod: HP is shown in percentages
|rule|Endless Battle Clause: Forcing endless battles is banned
|rule|Species Clause: Limit one of each Pokémon
|rule|OHKO Clause: OHKO moves are banned
|rule|Evasion Items Clause: Evasion items are banned
|rule|Evasion Moves Clause: Evasion moves are banned
|rule|Evasion Abilities Clause: Evasion abilities are banned
|rule|Sleep Moves Clause: Sleep-inducing moves are banned
|clearpoke
|poke|p1|Cloyster, F|
|poke|p1|Iron Valiant|
|poke|p1|Moltres|
|poke|p1|Dragonite, F|
|poke|p1|Zamazenta-*|
|poke|p1|Ogerpon-Cornerstone, F|
|poke|p2|Araquanid, F|
|poke|p2|Gholdengo|
|poke|p2|Rillaboom, M|
|poke|p2|Zamazenta-*|
|poke|p2|Glimmora, F|
|poke|p2|Heatran, F|
|teampreview
|inactive|Battle timer is ON: inactive players will automatically lose when time's up. (requested by 1200s chud)
|
|t:|1776043994
|teamsize|p1|6
|teamsize|p2|6
|start
|switch|p1a: o_o|Cloyster, F|100/100
|switch|p2a: Glimmora|Glimmora, F|100/100
|turn|1
|
|t:|1776044001
|move|p2a: Glimmora|Power Gem|p1a: o_o
|-supereffective|p1a: o_o
|-enditem|p1a: o_o|Focus Sash
|-damage|p1a: o_o|1/100
|move|p1a: o_o|Shell Smash|p1a: o_o
|-unboost|p1a: o_o|def|1
|-unboost|p1a: o_o|spd|1
|-boost|p1a: o_o|atk|2
|-boost|p1a: o_o|spa|2
|-boost|p1a: o_o|spe|2
|
|upkeep
|turn|2
|inactive|1200s chud has 120 seconds left.
|
|t:|1776044042
|switch|p2a: Heatran|Heatran, F|100/100
|move|p1a: o_o|Icicle Spear|p2a: Heatran
|-resisted|p2a: Heatran
|-damage|p2a: Heatran|96/100
|-resisted|p2a: Heatran
|-damage|p2a: Heatran|91/100
|-resisted|p2a: Heatran
|-damage|p2a: Heatran|86/100
|-resisted|p2a: Heatran
|-damage|p2a: Heatran|82/100
|-resisted|p2a: Heatran
|-crit|p2a: Heatran
|-damage|p2a: Heatran|74/100
|-hitcount|p2a: Heatran|5
|
|-heal|p2a: Heatran|80/100|[from] item: Leftovers
|upkeep
|turn|3
|
|t:|1776044047
|switch|p2a: Rillaboom|Rillaboom, M|100/100
|-fieldstart|move: Grassy Terrain|[from] ability: Grassy Surge|[of] p2a: Rillaboom
|move|p1a: o_o|Rock Blast|p2a: Rillaboom
|-damage|p2a: Rillaboom|85/100
|-damage|p2a: Rillaboom|71/100
|-damage|p2a: Rillaboom|55/100
|-damage|p2a: Rillaboom|42/100
|-damage|p2a: Rillaboom|29/100
|-hitcount|p2a: Rillaboom|5
|
|-heal|p1a: o_o|7/100|[from] Grassy Terrain
|-heal|p2a: Rillaboom|35/100|[from] Grassy Terrain
|upkeep
|turn|4
|
|t:|1776044051
|move|p2a: Rillaboom|Grassy Glide|p1a: o_o
|-supereffective|p1a: o_o
|-damage|p1a: o_o|0 fnt
|faint|p1a: o_o
|
|-heal|p2a: Rillaboom|41/100|[from] Grassy Terrain
|upkeep
|
|t:|1776044053
|switch|p1a: AHHHH IM ON FIRE|Moltres|100/100
|turn|5
|
|t:|1776044059
|move|p1a: AHHHH IM ON FIRE|U-turn|p2a: Rillaboom
|-supereffective|p2a: Rillaboom
|-damage|p2a: Rillaboom|16/100
|
|t:|1776044064
|switch|p1a: BarneyFromDinosaur|Dragonite, F|100/100|[from] U-turn
|move|p2a: Rillaboom|U-turn|p1a: BarneyFromDinosaur
|-resisted|p1a: BarneyFromDinosaur
|-damage|p1a: BarneyFromDinosaur|96/100
|j| tickle me girble
|l| tickle me girble
|
|t:|1776044084
|switch|p2a: Glimmora|Glimmora, F|100/100|[from] U-turn
|
|upkeep
|turn|6
|
|t:|1776044091
|move|p2a: Glimmora|Stealth Rock|p1a: BarneyFromDinosaur
|-sidestart|p1: TroubleFindsMe|move: Stealth Rock
|move|p1a: BarneyFromDinosaur|Dragon Dance|p1a: BarneyFromDinosaur
|-boost|p1a: BarneyFromDinosaur|atk|1
|-boost|p1a: BarneyFromDinosaur|spe|1
|
|upkeep
|turn|7
|
|t:|1776044099
|-terastallize|p1a: BarneyFromDinosaur|Normal
|move|p1a: BarneyFromDinosaur|Dragon Dance|p1a: BarneyFromDinosaur
|-boost|p1a: BarneyFromDinosaur|atk|1
|-boost|p1a: BarneyFromDinosaur|spe|1
|move|p2a: Glimmora|Power Gem|p1a: BarneyFromDinosaur
|-damage|p1a: BarneyFromDinosaur|48/100
|
|-heal|p1a: BarneyFromDinosaur|54/100|[from] Grassy Terrain
|upkeep
|turn|8
|
|t:|1776044102
|move|p1a: BarneyFromDinosaur|Earthquake|p2a: Glimmora
|-supereffective|p2a: Glimmora
|-damage|p2a: Glimmora|0 fnt
|-activate|p2a: Glimmora|ability: Toxic Debris
|-sidestart|p1: TroubleFindsMe|move: Toxic Spikes
|faint|p2a: Glimmora
|
|-heal|p1a: BarneyFromDinosaur|60/100|[from] Grassy Terrain
|upkeep
|
|t:|1776044105
|switch|p2a: Zamazenta|Zamazenta|100/100
|-ability|p2a: Zamazenta|Dauntless Shield|boost
|-boost|p2a: Zamazenta|def|1
|turn|9
|
|t:|1776044108
|move|p1a: BarneyFromDinosaur|Extreme Speed|p2a: Zamazenta
|-damage|p2a: Zamazenta|57/100
|move|p2a: Zamazenta|Body Press|p1a: BarneyFromDinosaur
|-supereffective|p1a: BarneyFromDinosaur
|-damage|p1a: BarneyFromDinosaur|0 fnt
|faint|p1a: BarneyFromDinosaur
|
|-heal|p2a: Zamazenta|63/100|[from] Grassy Terrain
|upkeep
|
|t:|1776044111
|switch|p1a: AHHHH IM ON FIRE|Moltres|100/100
|turn|10
|
|t:|1776044122
|switch|p2a: Heatran|Heatran, F|80/100
|move|p1a: AHHHH IM ON FIRE|Hurricane|p2a: Heatran
|-resisted|p2a: Heatran
|-damage|p2a: Heatran|64/100
|-start|p2a: Heatran|confusion
|
|-heal|p2a: Heatran|70/100|[from] Grassy Terrain
|-heal|p2a: Heatran|76/100|[from] item: Leftovers
|-fieldend|move: Grassy Terrain
|upkeep
|turn|11
|
|t:|1776044131
|move|p1a: AHHHH IM ON FIRE|Scorching Sands|p2a: Heatran
|-supereffective|p2a: Heatran
|-damage|p2a: Heatran|18/100
|-activate|p2a: Heatran|confusion
|move|p2a: Heatran|Magma Storm|p1a: AHHHH IM ON FIRE
|-resisted|p1a: AHHHH IM ON FIRE
|-damage|p1a: AHHHH IM ON FIRE|74/100
|-activate|p1a: AHHHH IM ON FIRE|move: Magma Storm|[of] p2a: Heatran
|
|-heal|p2a: Heatran|24/100|[from] item: Leftovers
|-damage|p1a: AHHHH IM ON FIRE|62/100|[from] move: Magma Storm|[partiallytrapped]
|upkeep
|turn|12
|
|t:|1776044141
|-activate|p2a: Heatran|confusion
|-damage|p2a: Heatran|19/100|[from] confusion
|move|p1a: AHHHH IM ON FIRE|Scorching Sands|p2a: Heatran
|-supereffective|p2a: Heatran
|-damage|p2a: Heatran|0 fnt
|faint|p2a: Heatran
|
|-end|p1a: AHHHH IM ON FIRE|Magma Storm|[partiallytrapped]|[silent]
|upkeep
|
|t:|1776044146
|switch|p2a: Araquanid|Araquanid, F|100/100
|turn|13
|
|t:|1776044149
|move|p1a: AHHHH IM ON FIRE|Hurricane|p2a: Araquanid
|-supereffective|p2a: Araquanid
|-crit|p2a: Araquanid
|-damage|p2a: Araquanid|0 fnt
|faint|p2a: Araquanid
|
|upkeep
|
|t:|1776044155
|switch|p2a: Rillaboom|Rillaboom, M|16/100
|-fieldstart|move: Grassy Terrain|[from] ability: Grassy Surge|[of] p2a: Rillaboom
|turn|14
|
|t:|1776044158
|move|p1a: AHHHH IM ON FIRE|Flamethrower|p2a: Rillaboom
|-supereffective|p2a: Rillaboom
|-damage|p2a: Rillaboom|0 fnt
|faint|p2a: Rillaboom
|
|upkeep
|
|t:|1776044160
|switch|p2a: Zamazenta|Zamazenta|63/100
|turn|15
|
|t:|1776044166
|-terastallize|p2a: Zamazenta|Electric
|move|p2a: Zamazenta|Iron Defense|p2a: Zamazenta
|-boost|p2a: Zamazenta|def|2
|move|p1a: AHHHH IM ON FIRE|Hurricane|p2a: Zamazenta
|-resisted|p2a: Zamazenta
|-damage|p2a: Zamazenta|39/100
|-start|p2a: Zamazenta|confusion
|
|-heal|p2a: Zamazenta|45/100|[from] Grassy Terrain
|upkeep
|turn|16
|
|t:|1776044173
|-activate|p2a: Zamazenta|confusion
|move|p2a: Zamazenta|Iron Defense|p2a: Zamazenta
|-boost|p2a: Zamazenta|def|2
|move|p1a: AHHHH IM ON FIRE|Scorching Sands|p2a: Zamazenta
|-supereffective|p2a: Zamazenta
|-damage|p2a: Zamazenta|3/100
|-status|p2a: Zamazenta|brn
|
|-heal|p2a: Zamazenta|9/100 brn|[from] Grassy Terrain
|-damage|p2a: Zamazenta|3/100 brn|[from] brn
|upkeep
|turn|17
|
|t:|1776044179
|-activate|p2a: Zamazenta|confusion
|-damage|p2a: Zamazenta|0 fnt|[from] confusion
|faint|p2a: Zamazenta
|move|p1a: AHHHH IM ON FIRE|Scorching Sands|p2: Zamazenta|[notarget]
|-fail|p1a: AHHHH IM ON FIRE
|
|upkeep
|-message|1200s chud forfeited.
|
|win|TroubleFindsMe
|raw|TroubleFindsMe's rating: 1633 &rarr; <strong>1652</strong><br />(+19 for winning)
|raw|1200s chud's rating: 1608 &rarr; <strong>1589</strong><br />(-19 for losing)
|l|☆1200s chud
|player|p2|
|l|☆TroubleFindsMe
|player|p1|
