|html|<div class="broadcast-blue"><strong>[Gen 9] OU is currently suspecting Tera Blast! For information on how to participate check out the <a href="https://www.smogon.com/tools/suspects/view/200">suspect thread</a>.</strong></div>
|j|☆blowntopia
|j|‽browoo42
|t:|1776096694
|gametype|singles
|player|p1|blowntopia|265|1583
|player|p2|browoo42|102|1590
|gen|9
|tier|[Gen 9] OU
|rated|
|rule|HP Percentage Mod: HP is shown in percentages
|rule|Endless Battle Clause: Forcing endless battles is banned
|rule|Species Clause: Limit one of each Pokémon
|rule|OHKO Clause: OHKO moves are banned
|rule|Evasion Items Clause: Evasion items are banned
|rule|Evasion Moves Clause: Evasion moves are banned
|rule|Evasion Abilities Clause: Evasion abilities are banned
|rule|Sleep Moves Clause: Sleep-inducing moves are banned
|clearpoke
|poke|p1|Pelipper, F|
|poke|p1|Manaphy|
|poke|p1|Bruxish, M|
|poke|p1|Overqwil, F|
|poke|p1|Iron Treads|
|poke|p1|Raging Bolt|
|poke|p2|Jirachi|
|poke|p2|Dragonite, M|
|poke|p2|Crawdaunt, M|
|poke|p2|Mew|
|poke|p2|Corviknight, F|
|poke|p2|Dragapult, F|
|teampreview
|inactive|Battle timer is ON: inactive players will automatically lose when time's up. (requested by browoo42)
|
|t:|1776096717
|teamsize|p1|6
|teamsize|p2|6
|start
|switch|p1a: Pelipper|Pelipper, F|100/100
|switch|p2a: Mew|Mew|100/100
|-weather|RainDance|[from] ability: Drizzle|[of] p1a: Pelipper
|turn|1
|
|t:|1776096724
|move|p2a: Mew|Volt Switch|p1a: Pelipper
|-supereffective|p1a: Pelipper
|-damage|p1a: Pelipper|0 fnt
|faint|p1a: Pelipper
|-damage|p2a: Mew|91/100|[from] item: Life Orb
|
|t:|1776096752
|switch|p2a: Crawdaunt|Crawdaunt, M|100/100|[from] Volt Switch
|
|-weather|RainDance|[upkeep]
|upkeep
|
|t:|1776096758
|switch|p1a: Raging Bolt|Raging Bolt|100/100
|-enditem|p1a: Raging Bolt|Booster Energy
|-activate|p1a: Raging Bolt|ability: Protosynthesis|[fromitem]
|-start|p1a: Raging Bolt|protosynthesisspa
|turn|2
|
|t:|1776096767
|switch|p2a: Jirachi|Jirachi|100/100
|move|p1a: Raging Bolt|Thunderbolt|p2a: Jirachi
|-damage|p2a: Jirachi|29/100
|
|-weather|RainDance|[upkeep]
|upkeep
|turn|3
|
|t:|1776096775
|move|p1a: Raging Bolt|Thunderclap|p2a: Jirachi
|-damage|p2a: Jirachi|0 fnt
|faint|p2a: Jirachi
|
|-weather|RainDance|[upkeep]
|upkeep
|
|t:|1776096780
|switch|p2a: Mew|Mew|91/100
|turn|4
|
|t:|1776096785
|-terastallize|p2a: Mew|Ground
|move|p2a: Mew|Earth Power|p1a: Raging Bolt
|-supereffective|p1a: Raging Bolt
|-damage|p1a: Raging Bolt|10/100
|-damage|p2a: Mew|81/100|[from] item: Life Orb
|move|p1a: Raging Bolt|Weather Ball|p2a: Mew
|-supereffective|p2a: Mew
|-damage|p2a: Mew|0 fnt
|faint|p2a: Mew
|
|-weather|RainDance|[upkeep]
|upkeep
|
|t:|1776096797
|switch|p2a: Dragonite|Dragonite, M|100/100
|turn|5
|
|t:|1776096816
|move|p2a: Dragonite|Extreme Speed|p1a: Raging Bolt
|-damage|p1a: Raging Bolt|0 fnt
|faint|p1a: Raging Bolt
|-end|p1a: Raging Bolt|Protosynthesis|[silent]
|
|-weather|RainDance|[upkeep]
|upkeep
|
|t:|1776096824
|switch|p1a: Manaphy|Manaphy|100/100
|turn|6
|
|t:|1776096835
|move|p2a: Dragonite|Extreme Speed|p1a: Manaphy
|-damage|p1a: Manaphy|52/100
|move|p1a: Manaphy|Ice Beam|p2a: Dragonite
|-supereffective|p2a: Dragonite
|-damage|p2a: Dragonite|44/100
|
|-weather|RainDance|[upkeep]
|upkeep
|turn|7
|
|t:|1776096845
|move|p2a: Dragonite|Extreme Speed|p1a: Manaphy
|-damage|p1a: Manaphy|9/100
|move|p1a: Manaphy|Ice Beam|p2a: Dragonite
|-supereffective|p2a: Dragonite
|-damage|p2a: Dragonite|0 fnt
|faint|p2a: Dragonite
|
|-weather|RainDance|[upkeep]
|upkeep
|
|t:|1776096854
|switch|p2a: Dragapult|Dragapult, F|100/100
|turn|8
|
|t:|1776096857
|move|p2a: Dragapult|U-turn|p1a: Manaphy
|-damage|p1a: Manaphy|0 fnt
|faint|p1a: Manaphy
|
|t:|1776096866
|switch|p2a: Crawdaunt|Crawdaunt, M|100/100|[from] U-turn
|
|-weather|none
|upkeep
|
|t:|1776096873
|switch|p1a: Iron Treads|Iron Treads|100/100
|-enditem|p1a: Iron Treads|Booster Energy
|-activate|p1a: Iron Treads|ability: Quark Drive|[fromitem]
|-start|p1a: Iron Treads|quarkdrivespe
|turn|9
|
|t:|1776096882
|-terastallize|p1a: Iron Treads|Ghost
|move|p1a: Iron Treads|Earthquake|p2a: Crawdaunt
|-damage|p2a: Crawdaunt|47/100
|move|p2a: Crawdaunt|Crabhammer|p1a: Iron Treads
|-damage|p1a: Iron Treads|47/100
|
|upkeep
|turn|10
|
|t:|1776096896
|switch|p2a: Corviknight|Corviknight, F|100/100
|move|p1a: Iron Treads|Knock Off|p2a: Corviknight
|-damage|p2a: Corviknight|85/100
|-damage|p1a: Iron Treads|31/100|[from] item: Rocky Helmet|[of] p2a: Corviknight
|-enditem|p2a: Corviknight|Rocky Helmet|[from] move: Knock Off|[of] p1a: Iron Treads
|
|upkeep
|turn|11
|
|t:|1776096904
|move|p1a: Iron Treads|Stealth Rock|p2a: Corviknight
|-sidestart|p2: browoo42|move: Stealth Rock
|move|p2a: Corviknight|U-turn|p1a: Iron Treads
|-resisted|p1a: Iron Treads
|-damage|p1a: Iron Treads|25/100
|
|t:|1776096910
|switch|p2a: Dragapult|Dragapult, F|100/100|[from] U-turn
|-damage|p2a: Dragapult|88/100|[from] Stealth Rock
|
|upkeep
|turn|12
|inactive|blowntopia has 120 seconds left.
|
|t:|1776096963
|move|p2a: Dragapult|Shadow Ball|p1a: Iron Treads
|-supereffective|p1a: Iron Treads
|-damage|p1a: Iron Treads|0 fnt
|faint|p1a: Iron Treads
|-end|p1a: Iron Treads|Quark Drive|[silent]
|
|upkeep
|l|‽browoo42
|inactive|browoo42 disconnected and has a minute to reconnect!
|player|p2|
|inactive|blowntopia has 90 seconds left.
|j|‽browoo42
|inactive|browoo42 reconnected.
|player|p2|browoo42|102|
|n|‽browoo42|browoo42
|n|‽browoo42|browoo42
|n|‽browoo42|browoo42
|n|‽browoo42|browoo42
|n|‽browoo42|browoo42
|
|t:|1776096984
|switch|p1a: Overqwil|Overqwil, F|100/100
|turn|13
|
|t:|1776097005
|switch|p2a: Corviknight|Corviknight, F|85/100
|-damage|p2a: Corviknight|73/100|[from] Stealth Rock
|move|p1a: Overqwil|Swords Dance|p1a: Overqwil
|-boost|p1a: Overqwil|atk|2
|
|upkeep
|turn|14
|
|t:|1776097016
|move|p1a: Overqwil|Crunch|p2a: Corviknight
|-damage|p2a: Corviknight|12/100
|-damage|p1a: Overqwil|91/100|[from] item: Life Orb
|move|p2a: Corviknight|Body Press|p1a: Overqwil
|-crit|p1a: Overqwil
|-damage|p1a: Overqwil|44/100
|
|upkeep
|turn|15
|
|t:|1776097029
|move|p1a: Overqwil|Crunch|p2a: Corviknight
|-damage|p2a: Corviknight|0 fnt
|faint|p2a: Corviknight
|-damage|p1a: Overqwil|34/100|[from] item: Life Orb
|
|upkeep
|
|t:|1776097044
|switch|p2a: Crawdaunt|Crawdaunt, M|47/100
|-damage|p2a: Crawdaunt|35/100|[from] Stealth Rock
|turn|16
|
|t:|1776097049
|switch|p1a: Bruxish|Bruxish, M|100/100
|move|p2a: Crawdaunt|Aqua Jet||[still]
|cant|p1a: Bruxish|ability: Dazzling|Aqua Jet|[of] p2a: Crawdaunt
|
|upkeep
|turn|17
|
|t:|1776097057
|move|p1a: Bruxish|Wave Crash|p2a: Crawdaunt
|-resisted|p2a: Crawdaunt
|-damage|p2a: Crawdaunt|0 fnt
|faint|p2a: Crawdaunt
|-damage|p1a: Bruxish|90/100|[from] Recoil
|
|upkeep
|
|t:|1776097063
|switch|p2a: Dragapult|Dragapult, F|88/100
|-damage|p2a: Dragapult|76/100|[from] Stealth Rock
|turn|18
|
|t:|1776097068
|move|p2a: Dragapult|Shadow Ball|p1a: Bruxish
|-supereffective|p1a: Bruxish
|-damage|p1a: Bruxish|0 fnt
|faint|p1a: Bruxish
|
|upkeep
|
|t:|1776097070
|switch|p1a: Overqwil|Overqwil, F|34/100
|turn|19
|
|t:|1776097076
|move|p2a: Dragapult|Shadow Ball|p1a: Overqwil
|-resisted|p1a: Overqwil
|-damage|p1a: Overqwil|6/100
|-unboost|p1a: Overqwil|spd|1
|move|p1a: Overqwil|Crunch|p2a: Dragapult
|-supereffective|p2a: Dragapult
|-damage|p2a: Dragapult|0 fnt
|faint|p2a: Dragapult
|-damage|p1a: Overqwil|0 fnt|[from] item: Life Orb
|faint|p1a: Overqwil
|
|win|blowntopia
|raw|blowntopia's rating: 1583 &rarr; <strong>1603</strong><br />(+20 for winning)
|raw|browoo42's rating: 1590 &rarr; <strong>1570</strong><br />(-20 for losing)
|l|‽browoo42
|player|p2|
|l|☆blowntopia
|player|p1|
