|html|<div class="broadcast-blue"><strong>[Gen 9] OU is currently suspecting Tera Blast! For information on how to participate check out the <a href="https://www.smogon.com/tools/suspects/view/200">suspect thread</a>.</strong></div>
|j|☆ToyaBear
|j|☆H2vs
|t:|1776054309
|gametype|singles
|player|p1|ToyaBear|red|1089
|player|p2|H2vs|crasherwake|1114
|gen|9
|tier|[Gen 9] OU
|rated|
|rule|HP Percentage Mod: HP is shown in percentages
|rule|Endless Battle Clause: Forcing endless battles is banned
|rule|Species Clause: Limit one of each Pokémon
|rule|OHKO Clause: OHKO moves are banned
|rule|Evasion Items Clause: Evasion items are banned
|rule|Evasion Moves Clause: Evasion moves are banned
|rule|Evasion Abilities Clause: Evasion abilities are banned
|rule|Sleep Moves Clause: Sleep-inducing moves are banned
|clearpoke
|poke|p1|Dragonite, M|
|poke|p1|Blaziken, M|
|poke|p1|Gliscor, M|
|poke|p1|Iron Treads|
|poke|p1|Rotom-Wash|
|poke|p1|Gengar, F|
|poke|p2|Blissey, F|
|poke|p2|Toxapex, M|
|poke|p2|Gliscor, M|
|poke|p2|Clodsire, F|
|poke|p2|Dondozo, M|
|poke|p2|Bisharp, F|
|teampreview
|inactive|Battle timer is ON: inactive players will automatically lose when time's up. (requested by ToyaBear)
|
|t:|1776054315
|teamsize|p1|6
|teamsize|p2|6
|start
|switch|p1a: Gliscor|Gliscor, M|100/100
|switch|p2a: Clodsire|Clodsire, F|100/100
|turn|1
|
|t:|1776054333
|move|p1a: Gliscor|Knock Off|p2a: Clodsire
|-damage|p2a: Clodsire|73/100
|-enditem|p2a: Clodsire|Heavy-Duty Boots|[from] move: Knock Off|[of] p1a: Gliscor
|move|p2a: Clodsire|Stealth Rock|p1a: Gliscor
|-sidestart|p1: ToyaBear|move: Stealth Rock
|
|-status|p1a: Gliscor|tox|[from] item: Toxic Orb
|upkeep
|turn|2
|
|t:|1776054349
|switch|p2a: Toxapex|Toxapex, M|100/100
|move|p1a: Gliscor|Earthquake|p2a: Toxapex
|-supereffective|p2a: Toxapex
|-damage|p2a: Toxapex|45/100
|
|upkeep
|turn|3
|
|t:|1776054361
|switch|p2a: Gliscor|Gliscor, M|100/100
|move|p1a: Gliscor|Earthquake|p2a: Gliscor
|-immune|p2a: Gliscor
|
|-status|p2a: Gliscor|tox|[from] item: Toxic Orb
|upkeep
|turn|4
|
|t:|1776054372
|move|p2a: Gliscor|Protect|p2a: Gliscor
|-singleturn|p2a: Gliscor|Protect
|move|p1a: Gliscor|U-turn|p2a: Gliscor
|-activate|p2a: Gliscor|move: Protect
|
|upkeep
|turn|5
|
|t:|1776054390
|switch|p2a: Dondozo|Dondozo, M|100/100
|move|p1a: Gliscor|U-turn|p2a: Dondozo
|-damage|p2a: Dondozo|92/100
|
|t:|1776054399
|switch|p1a: Rotom|Rotom-Wash|100/100|[from] U-turn
|-damage|p1a: Rotom|88/100|[from] Stealth Rock
|
|-heal|p1a: Rotom|94/100|[from] item: Leftovers
|-heal|p2a: Dondozo|98/100|[from] item: Leftovers
|upkeep
|turn|6
|
|t:|1776054408
|switch|p2a: Gliscor|Gliscor, M|100/100 tox
|move|p1a: Rotom|Will-O-Wisp||[still]
|-fail|p1a: Rotom
|
|-heal|p1a: Rotom|100/100|[from] item: Leftovers
|upkeep
|turn|7
|
|t:|1776054415
|move|p2a: Gliscor|Toxic|p1a: Rotom
|-status|p1a: Rotom|tox
|move|p1a: Rotom|Hydro Pump|p2a: Gliscor
|-supereffective|p2a: Gliscor
|-damage|p2a: Gliscor|37/100 tox
|
|-heal|p2a: Gliscor|49/100 tox|[from] ability: Poison Heal
|-damage|p1a: Rotom|94/100 tox|[from] psn
|upkeep
|turn|8
|
|t:|1776054423
|move|p2a: Gliscor|Protect|p2a: Gliscor
|-singleturn|p2a: Gliscor|Protect
|move|p1a: Rotom|Hydro Pump|p2a: Gliscor
|-activate|p2a: Gliscor|move: Protect
|
|-heal|p1a: Rotom|100/100 tox|[from] item: Leftovers
|-heal|p2a: Gliscor|62/100 tox|[from] ability: Poison Heal
|-damage|p1a: Rotom|88/100 tox|[from] psn
|upkeep
|turn|9
|
|t:|1776054432
|switch|p2a: Dondozo|Dondozo, M|98/100
|move|p1a: Rotom|Hydro Pump|p2a: Dondozo
|-resisted|p2a: Dondozo
|-damage|p2a: Dondozo|81/100
|
|-heal|p1a: Rotom|94/100 tox|[from] item: Leftovers
|-heal|p2a: Dondozo|87/100|[from] item: Leftovers
|-damage|p1a: Rotom|75/100 tox|[from] psn
|upkeep
|turn|10
|
|t:|1776054442
|move|p1a: Rotom|Volt Switch|p2a: Dondozo
|-supereffective|p2a: Dondozo
|-damage|p2a: Dondozo|36/100
|
|t:|1776054446
|switch|p1a: Gengar|Gengar, F|100/100|[from] Volt Switch
|move|p2a: Dondozo|Curse|p2a: Dondozo
|-unboost|p2a: Dondozo|spe|1
|-boost|p2a: Dondozo|atk|1
|-boost|p2a: Dondozo|def|1
|
|-heal|p2a: Dondozo|42/100|[from] item: Leftovers
|upkeep
|turn|11
|
|t:|1776054455
|move|p1a: Gengar|Energy Ball|p2a: Dondozo
|-supereffective|p2a: Dondozo
|-damage|p2a: Dondozo|0 fnt
|faint|p2a: Dondozo
|
|upkeep
|
|t:|1776054461
|switch|p2a: Blissey|Blissey, F|100/100
|turn|12
|
|t:|1776054468
|move|p1a: Gengar|Nasty Plot|p1a: Gengar
|-boost|p1a: Gengar|spa|2
|move|p2a: Blissey|Calm Mind|p2a: Blissey
|-boost|p2a: Blissey|spa|1
|-boost|p2a: Blissey|spd|1
|
|upkeep
|turn|13
|
|t:|1776054474
|move|p1a: Gengar|Sludge Bomb|p2a: Blissey
|-damage|p2a: Blissey|78/100
|move|p2a: Blissey|Calm Mind|p2a: Blissey
|-boost|p2a: Blissey|spa|1
|-boost|p2a: Blissey|spd|1
|
|-heal|p2a: Blissey|84/100|[from] item: Leftovers
|upkeep
|turn|14
|
|t:|1776054486
|move|p1a: Gengar|Sludge Bomb|p2a: Blissey
|-crit|p2a: Blissey
|-damage|p2a: Blissey|36/100
|move|p2a: Blissey|Calm Mind|p2a: Blissey
|-boost|p2a: Blissey|spa|1
|-boost|p2a: Blissey|spd|1
|
|-heal|p2a: Blissey|42/100|[from] item: Leftovers
|upkeep
|turn|15
|
|t:|1776054494
|move|p1a: Gengar|Sludge Bomb|p2a: Blissey
|-damage|p2a: Blissey|30/100
|-status|p2a: Blissey|psn
|move|p2a: Blissey|Soft-Boiled|p2a: Blissey
|-heal|p2a: Blissey|80/100 psn
|
|-heal|p2a: Blissey|86/100 psn|[from] item: Leftovers
|-damage|p2a: Blissey|73/100 psn|[from] psn
|upkeep
|turn|16
|
|t:|1776054511
|-curestatus|p2a: Blissey|psn|[from] ability: Natural Cure
|switch|p2a: Toxapex|Toxapex, M|78/100
|move|p1a: Gengar|Energy Ball|p2a: Toxapex
|-damage|p2a: Toxapex|23/100
|
|upkeep
|turn|17
|-message|H2vs forfeited.
|
|win|ToyaBear
|raw|ToyaBear's rating: 1089 &rarr; <strong>1118</strong><br />(+29 for winning)
|raw|H2vs's rating: 1114 &rarr; <strong>1087</strong><br />(-27 for losing)
|l|☆H2vs
|player|p2|
|l|☆ToyaBear
|player|p1|
