|html|<div class="broadcast-blue"><strong>[Gen 9] OU is currently suspecting Tera Blast! For information on how to participate check out the <a href="https://www.smogon.com/tools/suspects/view/200">suspect thread</a>.</strong></div>
|j|☆tloombender
|j|☆NoIdeas4Names
|t:|1776143275
|gametype|singles
|player|p1|tloombender|clair|1240
|player|p2|NoIdeas4Names|266|1293
|gen|9
|tier|[Gen 9] OU
|rated|
|rule|HP Percentage Mod: HP is shown in percentages
|rule|Endless Battle Clause: Forcing endless battles is banned
|rule|Species Clause: Limit one of each Pokémon
|rule|OHKO Clause: OHKO moves are banned
|rule|Evasion Items Clause: Evasion items are banned
|rule|Evasion Moves Clause: Evasion moves are banned
|rule|Evasion Abilities Clause: Evasion abilities are banned
|rule|Sleep Moves Clause: Sleep-inducing moves are banned
|clearpoke
|poke|p1|Tinkaton, F|
|poke|p1|Gengar, M|
|poke|p1|Slowking, M|
|poke|p1|Great Tusk|
|poke|p1|Iron Valiant|
|poke|p1|Dragonite, M|
|poke|p2|Ursaluna, M|
|poke|p2|Rillaboom, M|
|poke|p2|Hawlucha, F|
|poke|p2|Zamazenta-*|
|poke|p2|Hatterene, F|
|poke|p2|Gholdengo|
|teampreview
|inactive|Battle timer is ON: inactive players will automatically lose when time's up. (requested by tloombender)
|j| ohko_smeargle
|inactive|NoIdeas4Names has 120 seconds left.
|
|t:|1776143332
|teamsize|p1|6
|teamsize|p2|6
|start
|switch|p1a: Tinkaton|Tinkaton, F|100/100
|switch|p2a: Hatterene|Hatterene, F|100/100
|-item|p1a: Tinkaton|Air Balloon
|turn|1
|
|t:|1776143350
|switch|p2a: Gholdengo|Gholdengo|100/100
|-item|p2a: Gholdengo|Air Balloon
|move|p1a: Tinkaton|Knock Off|p2a: Gholdengo
|-supereffective|p2a: Gholdengo
|-damage|p2a: Gholdengo|64/100
|-enditem|p2a: Gholdengo|Air Balloon
|
|upkeep
|turn|2
|
|t:|1776143372
|switch|p1a: Great Tusk|Great Tusk|100/100
|move|p2a: Gholdengo|Nasty Plot|p2a: Gholdengo
|-boost|p2a: Gholdengo|spa|2
|
|upkeep
|turn|3
|
|t:|1776143385
|-terastallize|p2a: Gholdengo|Fairy
|-terastallize|p1a: Great Tusk|Steel
|move|p2a: Gholdengo|Shadow Ball|p1a: Great Tusk
|-crit|p1a: Great Tusk
|-damage|p1a: Great Tusk|0 fnt
|faint|p1a: Great Tusk
|-end|p1a: Great Tusk|Protosynthesis|[silent]
|
|upkeep
|
|t:|1776143396
|switch|p1a: Tinkaton|Tinkaton, F|100/100
|-item|p1a: Tinkaton|Air Balloon
|turn|4
|
|t:|1776143407
|switch|p2a: Zamazenta|Zamazenta|100/100
|-ability|p2a: Zamazenta|Dauntless Shield|boost
|-boost|p2a: Zamazenta|def|1
|move|p1a: Tinkaton|Gigaton Hammer|p2a: Zamazenta
|-damage|p2a: Zamazenta|80/100
|
|-heal|p2a: Zamazenta|86/100|[from] item: Leftovers
|upkeep
|turn|5
|
|t:|1776143418
|move|p2a: Zamazenta|Iron Defense|p2a: Zamazenta
|-boost|p2a: Zamazenta|def|2
|move|p1a: Tinkaton|Thunder Wave|p2a: Zamazenta
|-status|p2a: Zamazenta|par
|
|-heal|p2a: Zamazenta|92/100 par|[from] item: Leftovers
|upkeep
|turn|6
|
|t:|1776143426
|move|p1a: Tinkaton|Stealth Rock|p2a: Zamazenta
|-sidestart|p2: NoIdeas4Names|move: Stealth Rock
|move|p2a: Zamazenta|Body Press|p1a: Tinkaton
|-damage|p1a: Tinkaton|37/100
|-enditem|p1a: Tinkaton|Air Balloon
|-enditem|p2a: Zamazenta|Leftovers|[silent]|[from] ability: Pickpocket|[of] p2a: Zamazenta
|-item|p1a: Tinkaton|Leftovers|[from] ability: Pickpocket|[of] p2a: Zamazenta
|
|-heal|p1a: Tinkaton|43/100|[from] item: Leftovers
|upkeep
|turn|7
|
|t:|1776143437
|switch|p1a: Gengar|Gengar, M|100/100
|move|p2a: Zamazenta|Crunch|p1a: Gengar
|-supereffective|p1a: Gengar
|-damage|p1a: Gengar|22/100
|
|upkeep
|turn|8
|
|t:|1776143444
|move|p1a: Gengar|Destiny Bond|p1a: Gengar
|-singlemove|p1a: Gengar|Destiny Bond
|move|p2a: Zamazenta|Heavy Slam|p1a: Gengar
|-damage|p1a: Gengar|0 fnt
|faint|p1a: Gengar
|-activate|p1a: Gengar|move: Destiny Bond
|faint|p2a: Zamazenta
|
|upkeep
|
|t:|1776143456
|switch|p2a: Gholdengo|Gholdengo, tera:Fairy|64/100
|switch|p1a: Tinkaton|Tinkaton, F|43/100
|-damage|p2a: Gholdengo|51/100|[from] Stealth Rock
|turn|9
|
|t:|1776143463
|move|p2a: Gholdengo|Make It Rain|p1a: Tinkaton
|-damage|p1a: Tinkaton|0 fnt
|-unboost|p2a: Gholdengo|spa|1
|faint|p1a: Tinkaton
|
|upkeep
|
|t:|1776143473
|switch|p1a: Iron Valiant|Iron Valiant|100/100
|-enditem|p1a: Iron Valiant|Booster Energy
|-activate|p1a: Iron Valiant|ability: Quark Drive|[fromitem]
|-start|p1a: Iron Valiant|quarkdrivespe
|turn|10
|
|t:|1776143484
|move|p1a: Iron Valiant|Moonblast|p2a: Gholdengo
|-damage|p2a: Gholdengo|0 fnt
|faint|p2a: Gholdengo
|
|upkeep
|
|t:|1776143493
|switch|p2a: Rillaboom|Rillaboom, M|100/100
|-damage|p2a: Rillaboom|88/100|[from] Stealth Rock
|-fieldstart|move: Grassy Terrain|[from] ability: Grassy Surge|[of] p2a: Rillaboom
|turn|11
|
|t:|1776143507
|move|p1a: Iron Valiant|Moonblast|p2a: Rillaboom
|-damage|p2a: Rillaboom|21/100
|move|p2a: Rillaboom|U-turn|p1a: Iron Valiant
|-resisted|p1a: Iron Valiant
|-damage|p1a: Iron Valiant|87/100
|
|t:|1776143512
|switch|p2a: Hatterene|Hatterene, F|100/100|[from] U-turn
|-damage|p2a: Hatterene|88/100|[from] Stealth Rock
|-enditem|p2a: Hatterene|Grassy Seed
|-boost|p2a: Hatterene|def|1|[from] item: Grassy Seed
|
|-heal|p1a: Iron Valiant|93/100|[from] Grassy Terrain
|-heal|p2a: Hatterene|94/100|[from] Grassy Terrain
|upkeep
|turn|12
|
|t:|1776143523
|move|p1a: Iron Valiant|Moonblast|p2a: Hatterene
|-damage|p2a: Hatterene|49/100
|move|p2a: Hatterene|Draining Kiss|p1a: Iron Valiant
|-supereffective|p1a: Iron Valiant
|-damage|p1a: Iron Valiant|12/100
|-heal|p2a: Hatterene|100/100|[from] drain|[of] p1a: Iron Valiant
|
|-heal|p1a: Iron Valiant|18/100|[from] Grassy Terrain
|upkeep
|turn|13
|
|t:|1776143534
|-end|p1a: Iron Valiant|Quark Drive|[silent]
|switch|p1a: Slowking|Slowking, M|100/100
|move|p2a: Hatterene|Draining Kiss|p1a: Slowking
|-damage|p1a: Slowking|86/100
|
|-heal|p1a: Slowking|92/100|[from] Grassy Terrain
|upkeep
|turn|14
|
|t:|1776143544
|move|p2a: Hatterene|Calm Mind|p2a: Hatterene
|-boost|p2a: Hatterene|spa|1
|-boost|p2a: Hatterene|spd|1
|move|p1a: Slowking|Future Sight|p2a: Hatterene
|-start|p1a: Slowking|move: Future Sight
|
|-heal|p1a: Slowking|98/100|[from] Grassy Terrain
|upkeep
|turn|15
|
|t:|1776143552
|move|p2a: Hatterene|Calm Mind|p2a: Hatterene
|-boost|p2a: Hatterene|spa|1
|-boost|p2a: Hatterene|spd|1
|move|p1a: Slowking|Scald|p2a: Hatterene
|-damage|p2a: Hatterene|86/100
|-status|p2a: Hatterene|brn
|
|-heal|p2a: Hatterene|92/100 brn|[from] Grassy Terrain
|-heal|p1a: Slowking|100/100|[from] Grassy Terrain
|-damage|p2a: Hatterene|86/100 brn|[from] brn
|-fieldend|move: Grassy Terrain
|upkeep
|turn|16
|
|t:|1776143565
|move|p2a: Hatterene|Mystical Fire|p1a: Slowking
|-resisted|p1a: Slowking
|-damage|p1a: Slowking|85/100
|-unboost|p1a: Slowking|spa|1
|move|p1a: Slowking|Scald|p2a: Hatterene
|-damage|p2a: Hatterene|77/100 brn
|
|-end|p2a: Hatterene|move: Future Sight
|-resisted|p2a: Hatterene
|-damage|p2a: Hatterene|70/100 brn
|-damage|p2a: Hatterene|64/100 brn|[from] brn
|upkeep
|turn|17
|
|t:|1776143578
|move|p2a: Hatterene|Draining Kiss|p1a: Slowking
|-damage|p1a: Slowking|59/100
|-heal|p2a: Hatterene|89/100 brn|[from] drain|[of] p1a: Slowking
|-prepare|p1a: Slowking|Chilly Reception|[premajor]
|move|p1a: Slowking|Chilly Reception|p1a: Slowking
|-weather|Snowscape
|
|t:|1776143585
|switch|p1a: Dragonite|Dragonite, M|100/100|[from] Chilly Reception
|
|-weather|Snowscape|[upkeep]
|-damage|p2a: Hatterene|83/100 brn|[from] brn
|upkeep
|turn|18
|
|t:|1776143608
|move|p1a: Dragonite|Earthquake|p2a: Hatterene
|-damage|p2a: Hatterene|50/100 brn
|move|p2a: Hatterene|Psychic Noise|p1a: Dragonite
|-damage|p1a: Dragonite|63/100
|-start|p1a: Dragonite|move: Heal Block
|
|-weather|Snowscape|[upkeep]
|-damage|p2a: Hatterene|44/100 brn|[from] brn
|upkeep
|turn|19
|
|t:|1776143619
|move|p1a: Dragonite|Earthquake|p2a: Hatterene
|-damage|p2a: Hatterene|10/100 brn
|move|p2a: Hatterene|Draining Kiss|p1a: Dragonite
|-supereffective|p1a: Dragonite
|-damage|p1a: Dragonite|0 fnt
|-heal|p2a: Hatterene|57/100 brn|[from] drain|[of] p1a: Dragonite
|faint|p1a: Dragonite
|
|-weather|Snowscape|[upkeep]
|-damage|p2a: Hatterene|51/100 brn|[from] brn
|upkeep
|-message|tloombender forfeited.
|
|win|NoIdeas4Names
|raw|tloombender's rating: 1240 &rarr; <strong>1219</strong><br />(-21 for losing)
|raw|NoIdeas4Names's rating: 1293 &rarr; <strong>1314</strong><br />(+21 for winning)
|l|☆tloombender
|player|p1|
|l| ohko_smeargle
