|html|<div class="broadcast-blue"><strong>[Gen 9] OU is currently suspecting Tera Blast! For information on how to participate check out the <a href="https://www.smogon.com/tools/suspects/view/200">suspect thread</a>.</strong></div>
|j|☆vartholomeus
|j|☆HacRoNix
|t:|1776079047
|gametype|singles
|player|p1|vartholomeus|ruinmaniac|1501
|player|p2|HacRoNix|170|1522
|gen|9
|tier|[Gen 9] OU
|rated|
|rule|HP Percentage Mod: HP is shown in percentages
|rule|Endless Battle Clause: Forcing endless battles is banned
|rule|Species Clause: Limit one of each Pokémon
|rule|OHKO Clause: OHKO moves are banned
|rule|Evasion Items Clause: Evasion items are banned
|rule|Evasion Moves Clause: Evasion moves are banned
|rule|Evasion Abilities Clause: Evasion abilities are banned
|rule|Sleep Moves Clause: Sleep-inducing moves are banned
|clearpoke
|poke|p1|Rillaboom, M|
|poke|p1|Iron Hands|
|poke|p1|Gholdengo|
|poke|p1|Greninja-*, M|
|poke|p1|Landorus-Therian, M|
|poke|p1|Arcanine-Hisui, M|
|poke|p2|Landorus-Therian, M|
|poke|p2|Great Tusk|
|poke|p2|Ogerpon-Wellspring, F|
|poke|p2|Kingambit, F|
|poke|p2|Slowking-Galar, F|
|poke|p2|Walking Wake|
|teampreview
|inactive|Battle timer is ON: inactive players will automatically lose when time's up. (requested by vartholomeus)
|j| Too Many Caps
|inactive|HacRoNix has 120 seconds left.
|
|t:|1776079083
|teamsize|p1|6
|teamsize|p2|6
|start
|switch|p1a: Gregg|Greninja, M|100/100
|switch|p2a: Ogerpon|Ogerpon-Wellspring, F|100/100
|turn|1
|
|t:|1776079091
|-terastallize|p1a: Gregg|Poison
|move|p1a: Gregg|Sludge Wave|p2a: Ogerpon
|-supereffective|p2a: Ogerpon
|-damage|p2a: Ogerpon|0 fnt
|faint|p2a: Ogerpon
|-ability|p1a: Gregg|Battle Bond|boost
|-boost|p1a: Gregg|atk|1
|-boost|p1a: Gregg|spa|1
|-boost|p1a: Gregg|spe|1
|-activate|p1a: Gregg|ability: Battle Bond
|-damage|p1a: Gregg|91/100|[from] item: Life Orb
|
|upkeep
|
|t:|1776079096
|switch|p2a: Landorus|Landorus-Therian, M|100/100
|-ability|p2a: Landorus|Intimidate|boost
|-unboost|p1a: Gregg|atk|1
|turn|2
|
|t:|1776079111
|move|p1a: Gregg|Ice Beam|p2a: Landorus
|-supereffective|p2a: Landorus
|-damage|p2a: Landorus|0 fnt
|faint|p2a: Landorus
|-damage|p1a: Gregg|81/100|[from] item: Life Orb
|
|upkeep
|
|t:|1776079113
|switch|p2a: Slowking|Slowking-Galar, F|100/100
|turn|3
|
|t:|1776079115
|move|p1a: Gregg|Dark Pulse|p2a: Slowking
|-supereffective|p2a: Slowking
|-damage|p2a: Slowking|30/100
|-damage|p1a: Gregg|71/100|[from] item: Life Orb
|cant|p2a: Slowking|flinch
|
|upkeep
|turn|4
|
|t:|1776079124
|move|p1a: Gregg|Dark Pulse|p2a: Slowking
|-supereffective|p2a: Slowking
|-damage|p2a: Slowking|0 fnt
|faint|p2a: Slowking
|-damage|p1a: Gregg|61/100|[from] item: Life Orb
|
|upkeep
|
|t:|1776079129
|switch|p2a: Walking Wake|Walking Wake|100/100
|turn|5
|
|t:|1776079132
|move|p1a: Gregg|Sludge Wave|p2a: Walking Wake
|-damage|p2a: Walking Wake|10/100
|-damage|p1a: Gregg|51/100|[from] item: Life Orb
|move|p2a: Walking Wake|Draco Meteor|p1a: Gregg
|-damage|p1a: Gregg|0 fnt
|-unboost|p2a: Walking Wake|spa|2
|faint|p1a: Gregg
|
|upkeep
|
|t:|1776079139
|switch|p1a: Fyr|Arcanine-Hisui, M|100/100
|turn|6
|
|t:|1776079144
|move|p1a: Fyr|Extreme Speed|p2a: Walking Wake
|-crit|p2a: Walking Wake
|-damage|p2a: Walking Wake|0 fnt
|faint|p2a: Walking Wake
|-end|p2a: Walking Wake|Protosynthesis|[silent]
|
|upkeep
|
|t:|1776079145
|switch|p2a: Great Tusk|Great Tusk|100/100
|turn|7
|
|t:|1776079149
|switch|p1a: Lilo|Landorus-Therian, M|100/100
|-ability|p1a: Lilo|Intimidate|boost
|-unboost|p2a: Great Tusk|atk|1
|move|p2a: Great Tusk|Rapid Spin|p1a: Lilo
|-damage|p1a: Lilo|88/100
|-boost|p2a: Great Tusk|spe|1
|
|upkeep
|turn|8
|
|t:|1776079152
|move|p1a: Lilo|Grass Knot|p2a: Great Tusk
|-supereffective|p2a: Great Tusk
|-damage|p2a: Great Tusk|0 fnt
|-damage|p1a: Lilo|72/100|[from] item: Rocky Helmet|[of] p2a: Great Tusk
|faint|p2a: Great Tusk
|-end|p2a: Great Tusk|Protosynthesis|[silent]
|
|upkeep
|
|t:|1776079155
|switch|p2a: Kingambit|Kingambit, F|100/100
|-activate|p2a: Kingambit|ability: Supreme Overlord
|-start|p2a: Kingambit|fallen5|[silent]
|turn|9
|
|t:|1776079160
|switch|p1a: Tarso|Rillaboom, M|100/100
|-fieldstart|move: Grassy Terrain|[from] ability: Grassy Surge|[of] p1a: Tarso
|-terastallize|p2a: Kingambit|Dark
|move|p2a: Kingambit|Swords Dance|p2a: Kingambit
|-boost|p2a: Kingambit|atk|2
|
|upkeep
|turn|10
|
|t:|1776079167
|move|p1a: Tarso|Low Kick|p2a: Kingambit
|-supereffective|p2a: Kingambit
|-damage|p2a: Kingambit|50/100
|move|p2a: Kingambit|Kowtow Cleave|p1a: Tarso
|-damage|p1a: Tarso|0 fnt
|faint|p1a: Tarso
|
|-heal|p2a: Kingambit|57/100|[from] Grassy Terrain
|-heal|p2a: Kingambit|63/100|[from] item: Leftovers
|upkeep
|
|t:|1776079173
|switch|p1a: Kesso|Gholdengo|100/100
|turn|11
|
|t:|1776079179
|move|p1a: Kesso|Trick|p2a: Kingambit
|-activate|p1a: Kesso|move: Trick|[of] p2a: Kingambit
|-item|p2a: Kingambit|Choice Scarf|[from] move: Trick
|-item|p1a: Kesso|Leftovers|[from] move: Trick
|move|p2a: Kingambit|Kowtow Cleave|p1a: Kesso
|-supereffective|p1a: Kesso
|-damage|p1a: Kesso|0 fnt
|faint|p1a: Kesso
|
|-heal|p2a: Kingambit|69/100|[from] Grassy Terrain
|upkeep
|
|t:|1776079186
|switch|p1a: Ehonda|Iron Hands|100/100
|-enditem|p1a: Ehonda|Booster Energy
|-activate|p1a: Ehonda|ability: Quark Drive|[fromitem]
|-start|p1a: Ehonda|quarkdriveatk
|turn|12
|
|t:|1776079200
|move|p2a: Kingambit|Kowtow Cleave|p1a: Ehonda
|-resisted|p1a: Ehonda
|-damage|p1a: Ehonda|31/100
|move|p1a: Ehonda|Drain Punch|p2a: Kingambit
|-supereffective|p2a: Kingambit
|-damage|p2a: Kingambit|0 fnt
|-heal|p1a: Ehonda|62/100|[from] drain|[of] p2a: Kingambit
|faint|p2a: Kingambit
|-end|p2a: Kingambit|fallen5|[silent]
|
|win|vartholomeus
|raw|vartholomeus's rating: 1501 &rarr; <strong>1522</strong><br />(+21 for winning)
|raw|HacRoNix's rating: 1522 &rarr; <strong>1501</strong><br />(-21 for losing)
|l|☆HacRoNix
|player|p2|
|c|☆vartholomeus|Gg.
|l|☆vartholomeus
|player|p1|
