|html|<div class="broadcast-blue"><strong>[Gen 9] OU is currently suspecting Tera Blast! For information on how to participate check out the <a href="https://www.smogon.com/tools/suspects/view/200">suspect thread</a>.</strong></div>
|j|☆hem07
|j|☆A Voice Behind Me
|t:|1776156565
|gametype|singles
|player|p1|hem07|dawn|1379
|player|p2|A Voice Behind Me|clair|1386
|gen|9
|tier|[Gen 9] OU
|rated|
|rule|HP Percentage Mod: HP is shown in percentages
|rule|Endless Battle Clause: Forcing endless battles is banned
|rule|Species Clause: Limit one of each Pokémon
|rule|OHKO Clause: OHKO moves are banned
|rule|Evasion Items Clause: Evasion items are banned
|rule|Evasion Moves Clause: Evasion moves are banned
|rule|Evasion Abilities Clause: Evasion abilities are banned
|rule|Sleep Moves Clause: Sleep-inducing moves are banned
|clearpoke
|poke|p1|Deoxys-Speed|
|poke|p1|Ceruledge, M|
|poke|p1|Zamazenta-*|
|poke|p1|Ogerpon-Wellspring, F|
|poke|p1|Glimmora, F|
|poke|p1|Moltres-Galar|
|poke|p2|Ninetales-Alola, F|
|poke|p2|Dragapult, F|
|poke|p2|Darkrai|
|poke|p2|Iron Moth|
|poke|p2|Great Tusk|
|poke|p2|Gholdengo|
|teampreview
|inactive|Battle timer is ON: inactive players will automatically lose when time's up. (requested by hem07)
|inactive|A Voice Behind Me has 120 seconds left.
|
|t:|1776156608
|teamsize|p1|6
|teamsize|p2|6
|start
|switch|p1a: Ceruledge|Ceruledge, M|100/100
|switch|p2a: Darkrai|Darkrai, shiny|100/100
|turn|1
|
|t:|1776156619
|switch|p1a: Deoxys|Deoxys-Speed|100/100
|-ability|p1a: Deoxys|Pressure
|move|p2a: Darkrai|Nasty Plot|p2a: Darkrai
|-boost|p2a: Darkrai|spa|2
|
|upkeep
|turn|2
|
|t:|1776156624
|move|p1a: Deoxys|Light Screen|p1a: Deoxys
|-sidestart|p1: hem07|move: Light Screen
|move|p2a: Darkrai|Dark Pulse|p1a: Deoxys
|-supereffective|p1a: Deoxys
|-damage|p1a: Deoxys|0 fnt
|faint|p1a: Deoxys
|
|upkeep
|
|t:|1776156629
|switch|p1a: Moltres|Moltres-Galar|100/100
|turn|3
|
|t:|1776156633
|move|p2a: Darkrai|Sludge Bomb|p1a: Moltres
|-damage|p1a: Moltres|71/100
|-status|p1a: Moltres|psn
|move|p1a: Moltres|Agility|p1a: Moltres
|-boost|p1a: Moltres|spe|2
|
|-damage|p1a: Moltres|59/100 psn|[from] psn
|upkeep
|turn|4
|
|t:|1776156640
|move|p1a: Moltres|Nasty Plot|p1a: Moltres
|-boost|p1a: Moltres|spa|2
|move|p2a: Darkrai|Sludge Bomb|p1a: Moltres
|-damage|p1a: Moltres|30/100 psn
|-ability|p1a: Moltres|Berserk|boost
|-boost|p1a: Moltres|spa|1
|-enditem|p1a: Moltres|Sitrus Berry|[eat]
|-heal|p1a: Moltres|55/100 psn|[from] item: Sitrus Berry
|
|-damage|p1a: Moltres|43/100 psn|[from] psn
|upkeep
|turn|5
|
|t:|1776156648
|-terastallize|p1a: Moltres|Fairy
|-terastallize|p2a: Darkrai|Poison
|move|p1a: Moltres|Tera Blast|p2a: Darkrai|[anim] Tera Blast Fairy
|-resisted|p2a: Darkrai
|-damage|p2a: Darkrai|35/100
|move|p2a: Darkrai|Sludge Bomb|p1a: Moltres
|-supereffective|p1a: Moltres
|-damage|p1a: Moltres|0 fnt
|faint|p1a: Moltres
|
|upkeep
|
|t:|1776156656
|switch|p1a: Glimmora|Glimmora, F|100/100
|turn|6
|
|t:|1776156659
|move|p2a: Darkrai|Dark Pulse|p1a: Glimmora
|-crit|p1a: Glimmora
|-damage|p1a: Glimmora|0 fnt
|faint|p1a: Glimmora
|
|upkeep
|
|t:|1776156664
|switch|p1a: Ceruledge|Ceruledge, M|100/100
|turn|7
|
|t:|1776156666
|move|p2a: Darkrai|Dark Pulse|p1a: Ceruledge
|-supereffective|p1a: Ceruledge
|-damage|p1a: Ceruledge|15/100
|move|p1a: Ceruledge|Swords Dance|p1a: Ceruledge
|-boost|p1a: Ceruledge|atk|2
|
|upkeep
|turn|8
|
|t:|1776156673
|move|p1a: Ceruledge|Shadow Sneak|p2a: Darkrai
|-damage|p2a: Darkrai|0 fnt
|faint|p2a: Darkrai
|-damage|p1a: Ceruledge|5/100|[from] item: Life Orb
|
|upkeep
|
|t:|1776156687
|switch|p2a: Ninetales|Ninetales-Alola, F, shiny|100/100
|-weather|Snowscape|[from] ability: Snow Warning|[of] p2a: Ninetales
|turn|9
|
|t:|1776156690
|move|p2a: Ninetales|Aurora Veil|p2a: Ninetales
|-sidestart|p2: A Voice Behind Me|move: Aurora Veil
|move|p1a: Ceruledge|Bitter Blade|p2a: Ninetales
|-supereffective|p2a: Ninetales
|-damage|p2a: Ninetales|2/100
|-heal|p1a: Ceruledge|59/100|[from] drain|[of] p2a: Ninetales
|-damage|p1a: Ceruledge|49/100|[from] item: Life Orb
|
|-weather|Snowscape|[upkeep]
|-sideend|p1: hem07|move: Light Screen
|upkeep
|turn|10
|
|t:|1776156695
|move|p1a: Ceruledge|Shadow Sneak|p2a: Ninetales
|-damage|p2a: Ninetales|0 fnt
|faint|p2a: Ninetales
|-damage|p1a: Ceruledge|40/100|[from] item: Life Orb
|
|-weather|Snowscape|[upkeep]
|upkeep
|
|t:|1776156703
|switch|p2a: Dragapult|Dragapult, F, shiny|100/100
|turn|11
|
|t:|1776156708
|move|p1a: Ceruledge|Shadow Sneak|p2a: Dragapult
|-supereffective|p2a: Dragapult
|-crit|p2a: Dragapult
|-damage|p2a: Dragapult|0 fnt
|faint|p2a: Dragapult
|-damage|p1a: Ceruledge|30/100|[from] item: Life Orb
|
|-weather|Snowscape|[upkeep]
|upkeep
|
|t:|1776156715
|switch|p2a: Iron Moth|Iron Moth, shiny|100/100
|-enditem|p2a: Iron Moth|Booster Energy
|-activate|p2a: Iron Moth|ability: Quark Drive|[fromitem]
|-start|p2a: Iron Moth|quarkdrivespa
|turn|12
|
|t:|1776156718
|move|p1a: Ceruledge|Shadow Sneak|p2a: Iron Moth
|-damage|p2a: Iron Moth|52/100
|-damage|p1a: Ceruledge|20/100|[from] item: Life Orb
|move|p2a: Iron Moth|Fiery Dance|p1a: Ceruledge
|-resisted|p1a: Ceruledge
|-damage|p1a: Ceruledge|0 fnt
|-boost|p2a: Iron Moth|spa|1
|faint|p1a: Ceruledge
|
|-weather|Snowscape|[upkeep]
|upkeep
|
|t:|1776156724
|switch|p1a: Ogerpon|Ogerpon-Wellspring, F|100/100
|turn|13
|
|t:|1776156727
|move|p2a: Iron Moth|Sludge Wave|p1a: Ogerpon
|-supereffective|p1a: Ogerpon
|-damage|p1a: Ogerpon|0 fnt
|faint|p1a: Ogerpon
|
|-weather|none
|upkeep
|
|t:|1776156731
|switch|p1a: Zamazenta|Zamazenta|100/100
|-ability|p1a: Zamazenta|Dauntless Shield|boost
|-boost|p1a: Zamazenta|def|1
|turn|14
|
|t:|1776156737
|move|p1a: Zamazenta|Crunch|p2a: Iron Moth
|-damage|p2a: Iron Moth|31/100
|-unboost|p2a: Iron Moth|def|1
|move|p2a: Iron Moth|Sludge Wave|p1a: Zamazenta
|-damage|p1a: Zamazenta|7/100
|
|-heal|p1a: Zamazenta|13/100|[from] item: Leftovers
|upkeep
|turn|15
|
|t:|1776156744
|move|p1a: Zamazenta|Crunch|p2a: Iron Moth
|-damage|p2a: Iron Moth|3/100
|move|p2a: Iron Moth|Fiery Dance|p1a: Zamazenta
|-damage|p1a: Zamazenta|0 fnt
|-boost|p2a: Iron Moth|spa|1
|faint|p1a: Zamazenta
|
|win|A Voice Behind Me
|raw|hem07's rating: 1379 &rarr; <strong>1359</strong><br />(-20 for losing)
|raw|A Voice Behind Me's rating: 1386 &rarr; <strong>1406</strong><br />(+20 for winning)
|l|☆hem07
|player|p1|
