|html|<div class="broadcast-blue"><strong>[Gen 9] OU is currently suspecting Volcarona! For information on how to participate check out the <a href="https://www.smogon.com/tools/suspects/view/208">suspect thread</a>.</strong></div>
|j|☆FoxyUnicorns
|j|☆roysti
|t:|1778497096
|gametype|singles
|player|p1|FoxyUnicorns|bellelba|1219
|player|p2|roysti|266|1178
|gen|9
|tier|[Gen 9] OU
|rated|
|rule|HP Percentage Mod: HP is shown in percentages
|rule|Endless Battle Clause: Forcing endless battles is banned
|rule|Species Clause: Limit one of each Pokémon
|rule|OHKO Clause: OHKO moves are banned
|rule|Evasion Items Clause: Evasion items are banned
|rule|Evasion Moves Clause: Evasion moves are banned
|rule|Evasion Abilities Clause: Evasion abilities are banned
|rule|Sleep Moves Clause: Sleep-inducing moves are banned
|clearpoke
|poke|p1|Primarina, F|
|poke|p1|Ceruledge, M|
|poke|p1|Iron Crown|
|poke|p1|Sandy Shocks|
|poke|p1|Landorus-Therian, M|
|poke|p1|Dragonite, F|
|poke|p2|Pelipper, M|
|poke|p2|Toxapex, F|
|poke|p2|Araquanid, F|
|poke|p2|Iron Treads|
|poke|p2|Volcarona, F|
|poke|p2|Ogerpon-Wellspring, F|
|teampreview
|inactive|Battle timer is ON: inactive players will automatically lose when time's up. (requested by FoxyUnicorns)
|
|t:|1778497130
|teamsize|p1|6
|teamsize|p2|6
|start
|switch|p1a: Sandy Shocks|Sandy Shocks, shiny|100/100
|switch|p2a: Volcarona|Volcarona, F|100/100
|turn|1
|
|t:|1778497156
|move|p2a: Volcarona|Quiver Dance|p2a: Volcarona
|-boost|p2a: Volcarona|spa|1
|-boost|p2a: Volcarona|spd|1
|-boost|p2a: Volcarona|spe|1
|move|p1a: Sandy Shocks|Stealth Rock|p2a: Volcarona
|-sidestart|p2: roysti|move: Stealth Rock
|
|upkeep
|turn|2
|
|t:|1778497169
|move|p2a: Volcarona|Fiery Dance|p1a: Sandy Shocks
|-damage|p1a: Sandy Shocks|37/100
|-boost|p2a: Volcarona|spa|1
|move|p1a: Sandy Shocks|Thunderbolt|p2a: Volcarona
|-damage|p2a: Volcarona|54/100
|-damage|p1a: Sandy Shocks|27/100|[from] item: Life Orb
|
|upkeep
|turn|3
|
|t:|1778497181
|move|p2a: Volcarona|Bug Buzz|p1a: Sandy Shocks
|-damage|p1a: Sandy Shocks|0 fnt
|faint|p1a: Sandy Shocks
|-end|p1a: Sandy Shocks|Protosynthesis|[silent]
|
|upkeep
|
|t:|1778497190
|switch|p1a: Primarina|Primarina, F, shiny|100/100
|turn|4
|
|t:|1778497198
|move|p2a: Volcarona|Giga Drain|p1a: Primarina
|-supereffective|p1a: Primarina
|-damage|p1a: Primarina|25/100
|-heal|p2a: Volcarona|98/100|[from] drain|[of] p1a: Primarina
|move|p1a: Primarina|Hyper Voice|p2a: Volcarona
|-supereffective|p2a: Volcarona
|-damage|p2a: Volcarona|24/100
|-enditem|p1a: Primarina|Throat Spray
|-boost|p1a: Primarina|spa|1|[from] item: Throat Spray
|
|upkeep
|turn|5
|
|t:|1778497212
|move|p2a: Volcarona|Giga Drain|p1a: Primarina
|-supereffective|p1a: Primarina
|-damage|p1a: Primarina|0 fnt
|-heal|p2a: Volcarona|39/100|[from] drain|[of] p1a: Primarina
|faint|p1a: Primarina
|
|upkeep
|
|t:|1778497220
|switch|p1a: Ceruledge|Ceruledge, M, shiny|100/100
|turn|6
|
|t:|1778497234
|move|p2a: Volcarona|Fiery Dance|p1a: Ceruledge
|-resisted|p1a: Ceruledge
|-damage|p1a: Ceruledge|62/100
|-boost|p2a: Volcarona|spa|1
|move|p1a: Ceruledge|Swords Dance|p1a: Ceruledge
|-boost|p1a: Ceruledge|atk|2
|
|upkeep
|turn|7
|
|t:|1778497246
|move|p2a: Volcarona|Fiery Dance|p1a: Ceruledge
|-resisted|p1a: Ceruledge
|-damage|p1a: Ceruledge|11/100
|-boost|p2a: Volcarona|spa|1
|move|p1a: Ceruledge|Bitter Blade|p2a: Volcarona
|-damage|p2a: Volcarona|0 fnt
|-heal|p1a: Ceruledge|32/100|[from] drain|[of] p2a: Volcarona
|faint|p2a: Volcarona
|
|upkeep
|
|t:|1778497262
|switch|p2a: Iron Treads|Iron Treads|100/100
|-damage|p2a: Iron Treads|97/100|[from] Stealth Rock
|-enditem|p2a: Iron Treads|Booster Energy
|-activate|p2a: Iron Treads|ability: Quark Drive|[fromitem]
|-start|p2a: Iron Treads|quarkdriveatk
|turn|8
|
|t:|1778497270
|move|p1a: Ceruledge|Shadow Sneak|p2a: Iron Treads
|-damage|p2a: Iron Treads|58/100
|move|p2a: Iron Treads|Knock Off|p1a: Ceruledge
|-supereffective|p1a: Ceruledge
|-damage|p1a: Ceruledge|0 fnt
|-enditem|p1a: Ceruledge|Focus Sash|[from] move: Knock Off|[of] p2a: Iron Treads
|faint|p1a: Ceruledge
|
|upkeep
|
|t:|1778497279
|switch|p1a: Landorus|Landorus-Therian, M, shiny|100/100
|-ability|p1a: Landorus|Intimidate|boost
|-unboost|p2a: Iron Treads|atk|1
|turn|9
|
|t:|1778497284
|move|p2a: Iron Treads|Rapid Spin|p1a: Landorus
|-damage|p1a: Landorus|83/100
|-boost|p2a: Iron Treads|spe|1
|-sideend|p2: roysti|Stealth Rock|[from] move: Rapid Spin|[of] p2a: Iron Treads
|move|p1a: Landorus|Earthquake|p2a: Iron Treads
|-supereffective|p2a: Iron Treads
|-damage|p2a: Iron Treads|0 fnt
|faint|p2a: Iron Treads
|-end|p2a: Iron Treads|Quark Drive|[silent]
|
|upkeep
|
|t:|1778497293
|switch|p2a: Pelipper|Pelipper, M|100/100
|-weather|RainDance|[from] ability: Drizzle|[of] p2a: Pelipper
|turn|10
|
|t:|1778497300
|switch|p1a: Iron Crown|Iron Crown|100/100
|-enditem|p1a: Iron Crown|Booster Energy
|-activate|p1a: Iron Crown|ability: Quark Drive|[fromitem]
|-start|p1a: Iron Crown|quarkdrivespa
|move|p2a: Pelipper|Weather Ball|p1a: Iron Crown
|-damage|p1a: Iron Crown|37/100
|
|-weather|RainDance|[upkeep]
|upkeep
|turn|11
|
|t:|1778497312
|move|p1a: Iron Crown|Air Slash|p2a: Pelipper
|-damage|p2a: Pelipper|35/100
|move|p2a: Pelipper|Weather Ball|p1a: Iron Crown
|-damage|p1a: Iron Crown|0 fnt
|faint|p1a: Iron Crown
|-end|p1a: Iron Crown|Quark Drive|[silent]
|
|-weather|RainDance|[upkeep]
|upkeep
|
|t:|1778497315
|switch|p1a: Dragonite|Dragonite, F, shiny|100/100
|turn|12
|
|t:|1778497321
|move|p1a: Dragonite|Dragon Dance|p1a: Dragonite
|-boost|p1a: Dragonite|atk|1
|-boost|p1a: Dragonite|spe|1
|move|p2a: Pelipper|Ice Beam|p1a: Dragonite
|-supereffective|p1a: Dragonite
|-damage|p1a: Dragonite|47/100
|
|-weather|RainDance|[upkeep]
|upkeep
|turn|13
|
|t:|1778497329
|move|p1a: Dragonite|Extreme Speed|p2a: Pelipper
|-damage|p2a: Pelipper|0 fnt
|faint|p2a: Pelipper
|
|-weather|RainDance|[upkeep]
|upkeep
|
|t:|1778497335
|switch|p2a: Toxapex|Toxapex, F|100/100
|turn|14
|
|t:|1778497339
|move|p1a: Dragonite|Earthquake|p2a: Toxapex
|-supereffective|p2a: Toxapex
|-damage|p2a: Toxapex|19/100
|move|p2a: Toxapex|Haze|p2a: Toxapex
|-clearallboost
|
|-weather|RainDance|[upkeep]
|-heal|p2a: Toxapex|25/100|[from] item: Leftovers
|upkeep
|turn|15
|
|t:|1778497347
|move|p2a: Toxapex|Baneful Bunker|p2a: Toxapex
|-singleturn|p2a: Toxapex|move: Protect
|move|p1a: Dragonite|Dragon Dance|p1a: Dragonite
|-boost|p1a: Dragonite|atk|1
|-boost|p1a: Dragonite|spe|1
|
|-weather|RainDance|[upkeep]
|-heal|p2a: Toxapex|31/100|[from] item: Leftovers
|upkeep
|turn|16
|
|t:|1778497357
|move|p1a: Dragonite|Dragon Claw|p2a: Toxapex
|-crit|p2a: Toxapex
|-damage|p2a: Toxapex|0 fnt
|faint|p2a: Toxapex
|
|-weather|RainDance|[upkeep]
|upkeep
|
|t:|1778497370
|switch|p2a: Ogerpon|Ogerpon-Wellspring, F|100/100
|turn|17
|
|t:|1778497393
|-terastallize|p2a: Ogerpon|Water
|detailschange|p2a: Ogerpon|Ogerpon-Wellspring-Tera, F, tera:Water
|-ability|p2a: Ogerpon|Embody Aspect (Wellspring)|boost
|-boost|p2a: Ogerpon|spd|1
|move|p1a: Dragonite|Dragon Claw|p2a: Ogerpon
|-damage|p2a: Ogerpon|8/100
|move|p2a: Ogerpon|Ivy Cudgel|p1a: Dragonite|[anim] Ivy Cudgel Water
|-resisted|p1a: Dragonite
|-damage|p1a: Dragonite|0 fnt
|faint|p1a: Dragonite
|
|-weather|none
|upkeep
|
|t:|1778497402
|switch|p1a: Landorus|Landorus-Therian, M, shiny|83/100
|-ability|p1a: Landorus|Intimidate|boost
|-unboost|p2a: Ogerpon|atk|1
|turn|18
|
|t:|1778497410
|-terastallize|p1a: Landorus|Fairy
|move|p2a: Ogerpon|Ivy Cudgel|p1a: Landorus|[anim] Ivy Cudgel Water
|-crit|p1a: Landorus
|-damage|p1a: Landorus|0 fnt
|faint|p1a: Landorus
|
|win|roysti
|raw|FoxyUnicorns's rating: 1219 &rarr; <strong>1191</strong><br />(-28 for losing)
|raw|roysti's rating: 1178 &rarr; <strong>1206</strong><br />(+28 for winning)
|l|☆roysti
|player|p2|
|l|☆FoxyUnicorns
|player|p1|
