|html|<div class="broadcast-blue"><strong>[Gen 9] OU is currently suspecting Tera Blast! For information on how to participate check out the <a href="https://www.smogon.com/tools/suspects/view/200">suspect thread</a>.</strong></div>
|j|‽flagfrog
|j|☆Mac My Cheese
|t:|1776312482
|gametype|singles
|player|p1|flagfrog|1|1423
|player|p2|Mac My Cheese|burgh|1446
|gen|9
|tier|[Gen 9] OU
|rated|
|rule|HP Percentage Mod: HP is shown in percentages
|rule|Endless Battle Clause: Forcing endless battles is banned
|rule|Species Clause: Limit one of each Pokémon
|rule|OHKO Clause: OHKO moves are banned
|rule|Evasion Items Clause: Evasion items are banned
|rule|Evasion Moves Clause: Evasion moves are banned
|rule|Evasion Abilities Clause: Evasion abilities are banned
|rule|Sleep Moves Clause: Sleep-inducing moves are banned
|clearpoke
|poke|p1|Slowking-Galar, M|
|poke|p1|Kyurem|
|poke|p1|Samurott-Hisui, F|
|poke|p1|Zapdos-Galar|
|poke|p1|Gliscor, F|
|poke|p1|Dragapult, M|
|poke|p2|Ceruledge, F|
|poke|p2|Zamazenta-*|
|poke|p2|Ogerpon-Wellspring, F|
|poke|p2|Glimmora, M|
|poke|p2|Moltres-Galar|
|poke|p2|Hydrapple, M|
|teampreview
|
|t:|1776312497
|teamsize|p1|6
|teamsize|p2|6
|start
|switch|p1a: Gliscor|Gliscor, F|100/100
|switch|p2a: allergies|Hydrapple, M, shiny|100/100
|turn|1
|
|t:|1776312514
|switch|p1a: Slowking|Slowking-Galar, M|100/100
|move|p2a: allergies|Nasty Plot|p2a: allergies
|-boost|p2a: allergies|spa|2
|
|upkeep
|turn|2
|
|t:|1776312523
|move|p2a: allergies|Fickle Beam|p1a: Slowking
|-damage|p1a: Slowking|53/100
|-prepare|p1a: Slowking|Chilly Reception|[premajor]
|move|p1a: Slowking|Chilly Reception|p1a: Slowking
|-weather|Snowscape
|
|t:|1776312529
|switch|p1a: Kyurem|Kyurem|100/100|[from] Chilly Reception
|-ability|p1a: Kyurem|Pressure
|
|-weather|Snowscape|[upkeep]
|upkeep
|turn|3
|
|t:|1776312539
|switch|p2a: Ceruledge|Ceruledge, F|100/100
|move|p1a: Kyurem|Earth Power|p2a: Ceruledge
|-supereffective|p2a: Ceruledge
|-damage|p2a: Ceruledge|35/100
|
|-weather|Snowscape|[upkeep]
|upkeep
|turn|4
|
|t:|1776312548
|move|p2a: Ceruledge|Shadow Sneak|p1a: Kyurem
|-damage|p1a: Kyurem|82/100
|-damage|p2a: Ceruledge|26/100|[from] item: Life Orb
|move|p1a: Kyurem|Earth Power|p2a: Ceruledge
|-supereffective|p2a: Ceruledge
|-damage|p2a: Ceruledge|0 fnt
|faint|p2a: Ceruledge
|
|-weather|Snowscape|[upkeep]
|upkeep
|
|t:|1776312567
|switch|p2a: Zamazenta|Zamazenta, shiny|100/100
|-ability|p2a: Zamazenta|Dauntless Shield|boost
|-boost|p2a: Zamazenta|def|1
|turn|5
|
|t:|1776312573
|switch|p1a: Slowking|Slowking-Galar, M|86/100
|move|p2a: Zamazenta|Body Press|p1a: Slowking
|-resisted|p1a: Slowking
|-damage|p1a: Slowking|71/100
|
|-weather|Snowscape|[upkeep]
|upkeep
|turn|6
|
|t:|1776312583
|move|p2a: Zamazenta|Crunch|p1a: Slowking
|-supereffective|p1a: Slowking
|-damage|p1a: Slowking|29/100
|move|p1a: Slowking|Future Sight|p2a: Zamazenta
|-start|p1a: Slowking|move: Future Sight
|
|-weather|none
|upkeep
|turn|7
|
|t:|1776312589
|switch|p1a: Zapdos|Zapdos-Galar|100/100
|move|p2a: Zamazenta|Crunch|p1a: Zapdos
|-resisted|p1a: Zapdos
|-damage|p1a: Zapdos|87/100
|
|upkeep
|turn|8
|
|t:|1776312600
|switch|p2a: Moltres|Moltres-Galar|100/100
|move|p1a: Zapdos|Brave Bird|p2a: Moltres
|-damage|p2a: Moltres|34/100
|-damage|p1a: Zapdos|65/100|[from] Recoil
|-ability|p2a: Moltres|Berserk|boost
|-boost|p2a: Moltres|spa|1
|-enditem|p2a: Moltres|Sitrus Berry|[eat]
|-heal|p2a: Moltres|59/100|[from] item: Sitrus Berry
|
|-end|p2a: Moltres|move: Future Sight
|-immune|p2a: Moltres
|upkeep
|turn|9
|
|t:|1776312612
|move|p1a: Zapdos|Brave Bird|p2a: Moltres
|-crit|p2a: Moltres
|-damage|p2a: Moltres|0 fnt
|faint|p2a: Moltres
|-damage|p1a: Zapdos|46/100|[from] Recoil
|
|upkeep
|
|t:|1776312616
|switch|p2a: Glimmora|Glimmora, M|100/100
|turn|10
|
|t:|1776312622
|switch|p1a: Gliscor|Gliscor, F|100/100
|move|p2a: Glimmora|Meteor Beam||[still]
|-prepare|p2a: Glimmora|Meteor Beam
|-boost|p2a: Glimmora|spa|1
|-enditem|p2a: Glimmora|Power Herb
|-anim|p2a: Glimmora|Meteor Beam|p1a: Gliscor
|-damage|p1a: Gliscor|0 fnt
|faint|p1a: Gliscor
|
|upkeep
|inactive|Battle timer is ON: inactive players will automatically lose when time's up. (requested by flagfrog)
|
|t:|1776312636
|switch|p1a: Samurott|Samurott-Hisui, F|100/100
|turn|11
|
|t:|1776312652
|move|p2a: Glimmora|Earth Power|p1a: Samurott
|-damage|p1a: Samurott|39/100
|move|p1a: Samurott|Razor Shell|p2a: Glimmora
|-supereffective|p2a: Glimmora
|-damage|p2a: Glimmora|0 fnt
|-activate|p2a: Glimmora|ability: Toxic Debris
|-sidestart|p1: flagfrog|move: Toxic Spikes
|faint|p2a: Glimmora
|
|upkeep
|
|t:|1776312663
|switch|p2a: Ogerpon|Ogerpon-Wellspring, F|100/100
|turn|12
|
|t:|1776312671
|move|p2a: Ogerpon|Play Rough|p1a: Samurott
|-supereffective|p1a: Samurott
|-damage|p1a: Samurott|0 fnt
|faint|p1a: Samurott
|
|upkeep
|
|t:|1776312673
|switch|p1a: Zapdos|Zapdos-Galar|46/100
|turn|13
|
|t:|1776312685
|-terastallize|p2a: Ogerpon|Water
|detailschange|p2a: Ogerpon|Ogerpon-Wellspring-Tera, F, tera:Water
|-ability|p2a: Ogerpon|Embody Aspect (Wellspring)|boost
|-boost|p2a: Ogerpon|spd|1
|move|p1a: Zapdos|Brave Bird|p2a: Ogerpon
|-damage|p2a: Ogerpon|14/100
|-damage|p1a: Zapdos|19/100|[from] Recoil
|move|p2a: Ogerpon|Play Rough|p1a: Zapdos
|-supereffective|p1a: Zapdos
|-damage|p1a: Zapdos|0 fnt
|faint|p1a: Zapdos
|
|upkeep
|
|t:|1776312692
|switch|p1a: Dragapult|Dragapult, M|100/100
|turn|14
|
|t:|1776312700
|move|p2a: Ogerpon|Spiky Shield|p2a: Ogerpon
|-singleturn|p2a: Ogerpon|move: Protect
|move|p1a: Dragapult|Dragon Darts|p2a: Ogerpon
|-activate|p2a: Ogerpon|move: Protect
|
|upkeep
|turn|15
|
|t:|1776312709
|move|p1a: Dragapult|Dragon Darts|p2a: Ogerpon
|-damage|p2a: Ogerpon|0 fnt
|faint|p2a: Ogerpon
|detailschange|p2: Ogerpon|Ogerpon-Wellspring, F|[silent]
|
|upkeep
|
|t:|1776312713
|switch|p2a: Zamazenta|Zamazenta, shiny|100/100
|turn|16
|
|t:|1776312718
|move|p1a: Dragapult|Will-O-Wisp|p2a: Zamazenta
|-status|p2a: Zamazenta|brn
|move|p2a: Zamazenta|Crunch|p1a: Dragapult
|-supereffective|p1a: Dragapult
|-damage|p1a: Dragapult|70/100
|
|-damage|p2a: Zamazenta|94/100 brn|[from] brn
|upkeep
|turn|17
|
|t:|1776312726
|move|p1a: Dragapult|U-turn|p2a: Zamazenta
|-resisted|p2a: Zamazenta
|-damage|p2a: Zamazenta|87/100 brn
|
|t:|1776312728
|switch|p1a: Slowking|Slowking-Galar, M|63/100|[from] U-turn
|-sideend|p1: flagfrog|move: Toxic Spikes|[of] p1a: Slowking
|move|p2a: Zamazenta|Crunch|p1a: Slowking
|-supereffective|p1a: Slowking
|-damage|p1a: Slowking|40/100
|-unboost|p1a: Slowking|def|1
|
|-heal|p2a: Zamazenta|93/100 brn|[from] item: Leftovers
|-damage|p2a: Zamazenta|87/100 brn|[from] brn
|upkeep
|turn|18
|
|t:|1776312737
|move|p2a: Zamazenta|Crunch|p1a: Slowking
|-supereffective|p1a: Slowking
|-crit|p1a: Slowking
|-damage|p1a: Slowking|0 fnt
|faint|p1a: Slowking
|
|-heal|p2a: Zamazenta|93/100 brn|[from] item: Leftovers
|-damage|p2a: Zamazenta|87/100 brn|[from] brn
|upkeep
|
|t:|1776312741
|switch|p1a: Kyurem|Kyurem|82/100
|-ability|p1a: Kyurem|Pressure
|turn|19
|
|t:|1776312748
|move|p2a: Zamazenta|Body Press|p1a: Kyurem
|-supereffective|p1a: Kyurem
|-damage|p1a: Kyurem|49/100
|move|p1a: Kyurem|Freeze-Dry|p2a: Zamazenta
|-crit|p2a: Zamazenta
|-damage|p2a: Zamazenta|33/100 brn
|
|-heal|p2a: Zamazenta|40/100 brn|[from] item: Leftovers
|-damage|p2a: Zamazenta|33/100 brn|[from] brn
|upkeep
|turn|20
|
|t:|1776312754
|switch|p1a: Dragapult|Dragapult, M|70/100
|move|p2a: Zamazenta|Body Press|p1a: Dragapult
|-immune|p1a: Dragapult
|
|-heal|p2a: Zamazenta|40/100 brn|[from] item: Leftovers
|-damage|p2a: Zamazenta|33/100 brn|[from] brn
|upkeep
|turn|21
|
|t:|1776312759
|move|p1a: Dragapult|Hex|p2a: Zamazenta
|-damage|p2a: Zamazenta|0 fnt
|faint|p2a: Zamazenta
|
|upkeep
|
|t:|1776312762
|switch|p2a: allergies|Hydrapple, M, shiny|100/100
|turn|22
|
|t:|1776312767
|move|p1a: Dragapult|Dragon Darts|p2a: allergies
|-supereffective|p2a: allergies
|-damage|p2a: allergies|66/100
|-anim|p1a: Dragapult|Dragon Darts|p2a: allergies
|-supereffective|p2a: allergies
|-damage|p2a: allergies|31/100
|-enditem|p2a: allergies|Sitrus Berry|[eat]
|-heal|p2a: allergies|56/100|[from] item: Sitrus Berry
|move|p2a: allergies|Fickle Beam|p1a: Dragapult
|-supereffective|p1a: Dragapult
|-damage|p1a: Dragapult|0 fnt
|faint|p1a: Dragapult
|
|upkeep
|
|t:|1776312769
|switch|p1a: Kyurem|Kyurem|49/100
|-ability|p1a: Kyurem|Pressure
|turn|23
|
|t:|1776312777
|-terastallize|p1a: Kyurem|Ice
|move|p1a: Kyurem|Freeze-Dry|p2a: allergies
|-supereffective|p2a: allergies
|-damage|p2a: allergies|0 fnt
|faint|p2a: allergies
|
|win|flagfrog
|raw|flagfrog's rating: 1423 &rarr; <strong>1444</strong><br />(+21 for winning)
|raw|Mac My Cheese's rating: 1446 &rarr; <strong>1425</strong><br />(-21 for losing)
|l|☆Mac My Cheese
|player|p2|
