|html|<div class="broadcast-blue"><strong>[Gen 9] OU is currently suspecting Tera Blast! For information on how to participate check out the <a href="https://www.smogon.com/tools/suspects/view/200">suspect thread</a>.</strong></div>
|j|☆WDK186
|j|☆Lyrick
|t:|1776053752
|gametype|singles
|player|p1|WDK186|giovanni|1097
|player|p2|Lyrick|101|1113
|gen|9
|tier|[Gen 9] OU
|rated|
|rule|HP Percentage Mod: HP is shown in percentages
|rule|Endless Battle Clause: Forcing endless battles is banned
|rule|Species Clause: Limit one of each Pokémon
|rule|OHKO Clause: OHKO moves are banned
|rule|Evasion Items Clause: Evasion items are banned
|rule|Evasion Moves Clause: Evasion moves are banned
|rule|Evasion Abilities Clause: Evasion abilities are banned
|rule|Sleep Moves Clause: Sleep-inducing moves are banned
|clearpoke
|poke|p1|Pelipper, M|
|poke|p1|Basculegion, M|
|poke|p1|Kingdra, M|
|poke|p1|Rillaboom, F|
|poke|p1|Scizor, M|
|poke|p1|Blastoise, M|
|poke|p2|Zoroark-Hisui, M|
|poke|p2|Misdreavus, M|
|poke|p2|Sableye, M|
|poke|p2|Tinkaton, F|
|poke|p2|Hatterene, F|
|poke|p2|Swadloon, F|
|teampreview
|
|t:|1776053761
|teamsize|p1|6
|teamsize|p2|6
|start
|switch|p1a: Pelipper|Pelipper, M|100/100
|switch|p2a: Swadloon|Swadloon, F|100/100
|-weather|RainDance|[from] ability: Drizzle|[of] p1a: Pelipper
|turn|1
|inactive|Battle timer is ON: inactive players will automatically lose when time's up. (requested by Lyrick)
|
|t:|1776053770
|move|p1a: Pelipper|U-turn|p2a: Swadloon
|-supereffective|p2a: Swadloon
|-damage|p2a: Swadloon|90/100
|
|t:|1776053782
|switch|p1a: Scizor|Scizor, M|100/100|[from] U-turn
|move|p2a: Swadloon|Sticky Web|p1a: Scizor
|-sidestart|p1: WDK186|move: Sticky Web
|
|-weather|RainDance|[upkeep]
|upkeep
|turn|2
|
|t:|1776053792
|move|p1a: Scizor|Air Slash|p2a: Swadloon
|-supereffective|p2a: Swadloon
|-damage|p2a: Swadloon|55/100
|move|p2a: Swadloon|Worry Seed|p1a: Scizor
|-ability|p1a: Scizor|Insomnia|Technician|[from] move: Worry Seed
|
|-weather|RainDance|[upkeep]
|upkeep
|turn|3
|
|t:|1776053802
|move|p1a: Scizor|Air Slash|p2a: Swadloon
|-supereffective|p2a: Swadloon
|-crit|p2a: Swadloon
|-damage|p2a: Swadloon|0 fnt
|faint|p2a: Swadloon
|
|-weather|RainDance|[upkeep]
|upkeep
|
|t:|1776053828
|switch|p2a: Sableye|Sableye, M|100/100
|turn|4
|
|t:|1776053833
|move|p2a: Sableye|Reflect|p2a: Sableye
|-sidestart|p2: Lyrick|Reflect
|move|p1a: Scizor|Close Combat|p2a: Sableye
|-immune|p2a: Sableye
|
|-weather|RainDance|[upkeep]
|upkeep
|turn|5
|
|t:|1776053841
|move|p1a: Scizor|Bullet Punch|p2a: Sableye
|-damage|p2a: Sableye|87/100
|-enditem|p2a: Sableye|Eject Button
|
|t:|1776053845
|switch|p2a: Misdreavus|Misdreavus, M|100/100
|
|-weather|RainDance|[upkeep]
|upkeep
|turn|6
|
|t:|1776053852
|move|p2a: Misdreavus|Nasty Plot|p2a: Misdreavus
|-boost|p2a: Misdreavus|spa|2
|move|p1a: Scizor|Air Slash|p2a: Misdreavus
|-damage|p2a: Misdreavus|79/100
|replace|p2a: Zoroark|Zoroark-Hisui, M, shiny
|-end|p2a: Zoroark|Illusion
|
|-weather|RainDance|[upkeep]
|upkeep
|turn|7
|
|t:|1776053862
|move|p2a: Zoroark|Bitter Malice|p1a: Scizor
|-damage|p1a: Scizor|0 fnt
|faint|p1a: Scizor
|-damage|p2a: Zoroark|69/100|[from] item: Life Orb
|
|-weather|RainDance|[upkeep]
|upkeep
|
|t:|1776053871
|switch|p1a: Basculegion|Basculegion, M|100/100
|-activate|p1a: Basculegion|move: Sticky Web
|-unboost|p1a: Basculegion|spe|1
|turn|8
|
|t:|1776053881
|-terastallize|p1a: Basculegion|Dark
|move|p2a: Zoroark|Bitter Malice|p1a: Basculegion
|-resisted|p1a: Basculegion
|-damage|p1a: Basculegion|41/100
|-unboost|p1a: Basculegion|atk|1
|-damage|p2a: Zoroark|59/100|[from] item: Life Orb
|move|p1a: Basculegion|Liquidation|p2a: Zoroark
|-damage|p2a: Zoroark|0 fnt
|faint|p2a: Zoroark
|-damage|p1a: Basculegion|31/100|[from] item: Life Orb
|
|-weather|none
|-sideend|p2: Lyrick|Reflect
|upkeep
|
|t:|1776053896
|switch|p2a: Sableye|Sableye, M|87/100
|turn|9
|
|t:|1776053900
|move|p2a: Sableye|Reflect|p2a: Sableye
|-sidestart|p2: Lyrick|Reflect
|move|p1a: Basculegion|Phantom Force||[still]
|-prepare|p1a: Basculegion|Phantom Force
|
|upkeep
|turn|10
|
|t:|1776053904
|move|p2a: Sableye|Light Screen|p2a: Sableye
|-sidestart|p2: Lyrick|move: Light Screen
|move|p1a: Basculegion|Phantom Force|p2a: Sableye|[from] lockedmove
|-damage|p2a: Sableye|62/100
|-damage|p1a: Basculegion|21/100|[from] item: Life Orb
|
|upkeep
|turn|11
|
|t:|1776053912
|move|p2a: Sableye|Skill Swap|p1a: Basculegion
|-hint|Since gen 7, Dark is immune to Prankster moves.
|-immune|p1a: Basculegion
|move|p1a: Basculegion|Liquidation|p2a: Sableye
|-damage|p2a: Sableye|36/100
|-damage|p1a: Basculegion|11/100|[from] item: Life Orb
|
|upkeep
|turn|12
|
|t:|1776053921
|switch|p2a: Tinkaton|Tinkaton, F|100/100
|-ability|p2a: Tinkaton|Mold Breaker
|move|p1a: Basculegion|Phantom Force||[still]
|-prepare|p1a: Basculegion|Phantom Force
|
|upkeep
|turn|13
|
|t:|1776053929
|move|p2a: Tinkaton|Swords Dance|p2a: Tinkaton
|-boost|p2a: Tinkaton|atk|2
|move|p1a: Basculegion|Phantom Force|p2a: Tinkaton|[from] lockedmove
|-damage|p2a: Tinkaton|72/100
|-damage|p1a: Basculegion|1/100|[from] item: Life Orb
|
|-sideend|p2: Lyrick|Reflect
|upkeep
|turn|14
|
|t:|1776053940
|move|p2a: Tinkaton|Play Rough|p1a: Basculegion
|-supereffective|p1a: Basculegion
|-damage|p1a: Basculegion|0 fnt
|faint|p1a: Basculegion
|-damage|p2a: Tinkaton|62/100|[from] item: Life Orb
|
|-sideend|p2: Lyrick|move: Light Screen
|upkeep
|
|t:|1776053948
|switch|p1a: Pelipper|Pelipper, M|100/100
|-weather|RainDance|[from] ability: Drizzle|[of] p1a: Pelipper
|turn|15
|
|t:|1776053956
|-terastallize|p2a: Tinkaton|Electric
|move|p2a: Tinkaton|Tera Blast|p1a: Pelipper|[anim] Tera Blast Electric
|-supereffective|p1a: Pelipper
|-damage|p1a: Pelipper|0 fnt
|faint|p1a: Pelipper
|-damage|p2a: Tinkaton|52/100|[from] item: Life Orb
|
|-weather|RainDance|[upkeep]
|upkeep
|
|t:|1776053965
|switch|p1a: Rillaboom|Rillaboom, F|100/100
|-activate|p1a: Rillaboom|move: Sticky Web
|-unboost|p1a: Rillaboom|spe|1
|-fieldstart|move: Grassy Terrain|[from] ability: Grassy Surge|[of] p1a: Rillaboom
|turn|16
|
|t:|1776053981
|move|p2a: Tinkaton|Gigaton Hammer|p1a: Rillaboom
|-damage|p1a: Rillaboom|0 fnt
|faint|p1a: Rillaboom
|-damage|p2a: Tinkaton|42/100|[from] item: Life Orb
|
|-weather|RainDance|[upkeep]
|-heal|p2a: Tinkaton|48/100|[from] Grassy Terrain
|upkeep
|
|t:|1776053989
|switch|p1a: Blastoise|Blastoise, M|100/100
|-activate|p1a: Blastoise|move: Sticky Web
|-unboost|p1a: Blastoise|spe|1
|-enditem|p1a: Blastoise|White Herb
|-clearnegativeboost|p1a: Blastoise|[silent]
|turn|17
|
|t:|1776054003
|move|p2a: Tinkaton|Tera Blast|p1a: Blastoise|[anim] Tera Blast Electric
|-supereffective|p1a: Blastoise
|-damage|p1a: Blastoise|0 fnt
|faint|p1a: Blastoise
|-damage|p2a: Tinkaton|38/100|[from] item: Life Orb
|
|-weather|RainDance|[upkeep]
|-heal|p2a: Tinkaton|44/100|[from] Grassy Terrain
|upkeep
|
|t:|1776054011
|switch|p1a: Kingdra|Kingdra, M|100/100
|-activate|p1a: Kingdra|move: Sticky Web
|-unboost|p1a: Kingdra|spe|1
|turn|18
|
|t:|1776054016
|move|p1a: Kingdra|Scald|p2a: Tinkaton
|-damage|p2a: Tinkaton|0 fnt
|faint|p2a: Tinkaton
|
|-weather|RainDance|[upkeep]
|upkeep
|
|t:|1776054024
|switch|p2a: Sableye|Sableye, M|36/100
|turn|19
|
|t:|1776054028
|move|p2a: Sableye|Light Screen|p2a: Sableye
|-sidestart|p2: Lyrick|move: Light Screen
|move|p1a: Kingdra|Scald|p2a: Sableye
|-damage|p2a: Sableye|0 fnt
|faint|p2a: Sableye
|
|-weather|RainDance|[upkeep]
|upkeep
|
|t:|1776054033
|switch|p2a: Misdreavus|Misdreavus, M|100/100
|turn|20
|
|t:|1776054038
|move|p1a: Kingdra|Scald|p2a: Misdreavus
|-damage|p2a: Misdreavus|76/100
|move|p2a: Misdreavus|Perish Song|p2a: Misdreavus
|-start|p1a: Kingdra|perish3|[silent]
|-start|p2a: Misdreavus|perish3|[silent]
|-fieldactivate|move: Perish Song
|
|-weather|RainDance|[upkeep]
|-start|p1a: Kingdra|perish3
|-start|p2a: Misdreavus|perish3
|-fieldend|move: Grassy Terrain
|upkeep
|turn|21
|
|t:|1776054048
|move|p2a: Misdreavus|Protect|p2a: Misdreavus
|-singleturn|p2a: Misdreavus|Protect
|move|p1a: Kingdra|Scald|p2a: Misdreavus
|-activate|p2a: Misdreavus|move: Protect
|
|-weather|RainDance|[upkeep]
|-start|p1a: Kingdra|perish2
|-start|p2a: Misdreavus|perish2
|upkeep
|turn|22
|
|t:|1776054058
|move|p1a: Kingdra|Scald|p2a: Misdreavus
|-damage|p2a: Misdreavus|52/100
|-status|p2a: Misdreavus|brn
|move|p2a: Misdreavus|Destiny Bond|p2a: Misdreavus
|-singlemove|p2a: Misdreavus|Destiny Bond
|
|-weather|none
|-damage|p2a: Misdreavus|46/100 brn|[from] brn
|-start|p1a: Kingdra|perish1
|-start|p2a: Misdreavus|perish1
|upkeep
|turn|23
|
|t:|1776054069
|move|p2a: Misdreavus|Protect|p2a: Misdreavus
|-singleturn|p2a: Misdreavus|Protect
|move|p1a: Kingdra|Scald|p2a: Misdreavus
|-activate|p2a: Misdreavus|move: Protect
|
|-damage|p2a: Misdreavus|39/100 brn|[from] brn
|-start|p2a: Misdreavus|perish0
|-start|p1a: Kingdra|perish0
|-sideend|p2: Lyrick|move: Light Screen
|faint|p2a: Misdreavus
|faint|p1a: Kingdra
|
|win|Lyrick
|raw|WDK186's rating: 1097 &rarr; <strong>1074</strong><br />(-23 for losing)
|raw|Lyrick's rating: 1113 &rarr; <strong>1137</strong><br />(+24 for winning)
|l|☆Lyrick
|player|p2|
