|html|<div class="broadcast-blue"><strong>[Gen 9] OU is currently suspecting Tera Blast! For information on how to participate check out the <a href="https://www.smogon.com/tools/suspects/view/200">suspect thread</a>.</strong></div>
|j|☆Blastoise_Choice
|j|☆swiggler
|t:|1776092446
|gametype|singles
|player|p1|Blastoise_Choice|benga|1700
|player|p2|swiggler|bugcatcher-gen4dp|1677
|gen|9
|tier|[Gen 9] OU
|rated|
|rule|HP Percentage Mod: HP is shown in percentages
|rule|Endless Battle Clause: Forcing endless battles is banned
|rule|Species Clause: Limit one of each Pokémon
|rule|OHKO Clause: OHKO moves are banned
|rule|Evasion Items Clause: Evasion items are banned
|rule|Evasion Moves Clause: Evasion moves are banned
|rule|Evasion Abilities Clause: Evasion abilities are banned
|rule|Sleep Moves Clause: Sleep-inducing moves are banned
|clearpoke
|poke|p1|Hydrapple, M|
|poke|p1|Tyranitar, F|
|poke|p1|Moltres|
|poke|p1|Zamazenta-*|
|poke|p1|Slowking-Galar, M|
|poke|p1|Excadrill, F|
|poke|p2|Ninetales, M|
|poke|p2|Cresselia, F|
|poke|p2|Raging Bolt|
|poke|p2|Iron Moth|
|poke|p2|Great Tusk|
|poke|p2|Walking Wake|
|teampreview
|inactive|Battle timer is ON: inactive players will automatically lose when time's up. (requested by swiggler)
|
|t:|1776092455
|teamsize|p1|6
|teamsize|p2|6
|start
|switch|p1a: Zamazenta|Zamazenta|100/100
|switch|p2a: Great Tusk|Great Tusk|100/100
|-ability|p1a: Zamazenta|Dauntless Shield|boost
|-boost|p1a: Zamazenta|def|1
|turn|1
|c|☆Blastoise_Choice|hf
|inactive|Blastoise_Choice also wants the timer to be on.
|
|t:|1776092461
|move|p1a: Zamazenta|Body Press|p2a: Great Tusk
|-damage|p2a: Great Tusk|63/100
|-damage|p1a: Zamazenta|84/100|[from] item: Rocky Helmet|[of] p2a: Great Tusk
|move|p2a: Great Tusk|Stealth Rock|p1a: Zamazenta
|-sidestart|p1: Blastoise_Choice|move: Stealth Rock
|
|-heal|p1a: Zamazenta|90/100|[from] item: Leftovers
|upkeep
|turn|2
|
|t:|1776092468
|-end|p2a: Great Tusk|Protosynthesis|[silent]
|switch|p2a: Cresselia|Cresselia, F|100/100
|move|p1a: Zamazenta|Body Press|p2a: Cresselia
|-resisted|p2a: Cresselia
|-damage|p2a: Cresselia|84/100
|-enditem|p2a: Cresselia|Eject Button
|
|t:|1776092471
|switch|p2a: Ninetales|Ninetales, M|100/100
|-weather|SunnyDay|[from] ability: Drought|[of] p2a: Ninetales
|
|-weather|SunnyDay|[upkeep]
|-heal|p1a: Zamazenta|96/100|[from] item: Leftovers
|upkeep
|turn|3
|
|t:|1776092478
|move|p1a: Zamazenta|Body Press|p2a: Ninetales
|-damage|p2a: Ninetales|31/100
|move|p2a: Ninetales|Will-O-Wisp|p1a: Zamazenta
|-status|p1a: Zamazenta|brn
|
|-weather|SunnyDay|[upkeep]
|-heal|p1a: Zamazenta|100/100 brn|[from] item: Leftovers
|-damage|p1a: Zamazenta|94/100 brn|[from] brn
|upkeep
|turn|4
|
|t:|1776092488
|switch|p1a: Tyranitar|Tyranitar, F|100/100
|-damage|p1a: Tyranitar|88/100|[from] Stealth Rock
|-weather|Sandstorm|[from] ability: Sand Stream|[of] p1a: Tyranitar
|switch|p2a: Walking Wake|Walking Wake|100/100
|
|-weather|Sandstorm|[upkeep]
|-damage|p2a: Walking Wake|94/100|[from] Sandstorm
|upkeep
|turn|5
|
|t:|1776092499
|-end|p2a: Walking Wake|Protosynthesis|[silent]
|switch|p2a: Great Tusk|Great Tusk|63/100
|move|p1a: Tyranitar|Stealth Rock|p2a: Great Tusk
|-sidestart|p2: swiggler|move: Stealth Rock
|
|-weather|Sandstorm|[upkeep]
|upkeep
|turn|6
|
|t:|1776092505
|move|p2a: Great Tusk|Rapid Spin|p1a: Tyranitar
|-resisted|p1a: Tyranitar
|-damage|p1a: Tyranitar|82/100
|-boost|p2a: Great Tusk|spe|1
|-sideend|p2: swiggler|Stealth Rock|[from] move: Rapid Spin|[of] p2a: Great Tusk
|move|p1a: Tyranitar|Ice Beam|p2a: Great Tusk
|-supereffective|p2a: Great Tusk
|-damage|p2a: Great Tusk|14/100
|
|-weather|Sandstorm|[upkeep]
|upkeep
|turn|7
|
|t:|1776092512
|switch|p1a: Excadrill|Excadrill, F|100/100
|-damage|p1a: Excadrill|97/100|[from] Stealth Rock
|-item|p1a: Excadrill|Air Balloon
|move|p2a: Great Tusk|Headlong Rush|p1a: Excadrill
|-immune|p1a: Excadrill
|
|-weather|Sandstorm|[upkeep]
|upkeep
|turn|8
|
|t:|1776092518
|move|p1a: Excadrill|Rapid Spin|p2a: Great Tusk
|-damage|p2a: Great Tusk|2/100
|-boost|p1a: Excadrill|spe|1
|-damage|p1a: Excadrill|81/100|[from] item: Rocky Helmet|[of] p2a: Great Tusk
|-sideend|p1: Blastoise_Choice|Stealth Rock|[from] move: Rapid Spin|[of] p1a: Excadrill
|move|p2a: Great Tusk|Rapid Spin|p1a: Excadrill
|-resisted|p1a: Excadrill
|-damage|p1a: Excadrill|71/100
|-boost|p2a: Great Tusk|spe|1
|-enditem|p1a: Excadrill|Air Balloon
|
|-weather|Sandstorm|[upkeep]
|upkeep
|turn|9
|
|t:|1776092524
|move|p1a: Excadrill|Earthquake|p2a: Great Tusk
|-damage|p2a: Great Tusk|0 fnt
|faint|p2a: Great Tusk
|-end|p2a: Great Tusk|Protosynthesis|[silent]
|
|-weather|Sandstorm|[upkeep]
|upkeep
|
|t:|1776092531
|switch|p2a: Cresselia|Cresselia, F|84/100
|turn|10
|
|t:|1776092537
|switch|p2a: Ninetales|Ninetales, M|31/100
|-weather|SunnyDay|[from] ability: Drought|[of] p2a: Ninetales
|move|p1a: Excadrill|Swords Dance|p1a: Excadrill
|-boost|p1a: Excadrill|atk|2
|
|-weather|SunnyDay|[upkeep]
|upkeep
|turn|11
|
|t:|1776092559
|switch|p2a: Walking Wake|Walking Wake|94/100
|-activate|p2a: Walking Wake|ability: Protosynthesis
|-start|p2a: Walking Wake|protosynthesisspa
|move|p1a: Excadrill|Rapid Spin|p2a: Walking Wake
|-damage|p2a: Walking Wake|53/100
|-boost|p1a: Excadrill|spe|1
|
|-weather|SunnyDay|[upkeep]
|upkeep
|turn|12
|
|t:|1776092566
|move|p1a: Excadrill|Earthquake|p2a: Walking Wake
|-damage|p2a: Walking Wake|0 fnt
|faint|p2a: Walking Wake
|-end|p2a: Walking Wake|Protosynthesis|[silent]
|
|-weather|SunnyDay|[upkeep]
|upkeep
|-message|swiggler forfeited.
|
|win|Blastoise_Choice
|raw|Blastoise_Choice's rating: 1700 &rarr; <strong>1719</strong><br />(+19 for winning)
|raw|swiggler's rating: 1677 &rarr; <strong>1658</strong><br />(-19 for losing)
|c|☆Blastoise_Choice|gg
|l|☆swiggler
|player|p2|
|l|☆Blastoise_Choice
|player|p1|
