|html|<div class="broadcast-blue"><strong>[Gen 9] OU is currently suspecting Tera Blast! For information on how to participate check out the <a href="https://www.smogon.com/tools/suspects/view/200">suspect thread</a>.</strong></div>
|j|☆sauce12344
|j|☆Marvin gaye y
|t:|1776043972
|gametype|singles
|player|p1|sauce12344|265|1203
|player|p2|Marvin gaye y|265|1264
|gen|9
|tier|[Gen 9] OU
|rated|
|rule|HP Percentage Mod: HP is shown in percentages
|rule|Endless Battle Clause: Forcing endless battles is banned
|rule|Species Clause: Limit one of each Pokémon
|rule|OHKO Clause: OHKO moves are banned
|rule|Evasion Items Clause: Evasion items are banned
|rule|Evasion Moves Clause: Evasion moves are banned
|rule|Evasion Abilities Clause: Evasion abilities are banned
|rule|Sleep Moves Clause: Sleep-inducing moves are banned
|clearpoke
|poke|p1|Rillaboom, F|
|poke|p1|Ceruledge, F|
|poke|p1|Glimmora, M|
|poke|p1|Walking Wake|
|poke|p1|Corviknight, M|
|poke|p1|Zapdos|
|poke|p2|Glimmora, M|
|poke|p2|Keldeo-Resolute|
|poke|p2|Iron Boulder|
|poke|p2|Garganacl, F|
|poke|p2|Dragapult, F|
|poke|p2|Incineroar, M|
|teampreview
|inactive|Battle timer is ON: inactive players will automatically lose when time's up. (requested by sauce12344)
|
|t:|1776043982
|teamsize|p1|6
|teamsize|p2|6
|start
|switch|p1a: Walking Wake|Walking Wake|100/100
|switch|p2a: Incineroar|Incineroar, M|100/100
|-ability|p2a: Incineroar|Intimidate|boost
|-unboost|p1a: Walking Wake|atk|1
|turn|1
|
|t:|1776043990
|move|p1a: Walking Wake|Hydro Steam|p2a: Incineroar
|-supereffective|p2a: Incineroar
|-damage|p2a: Incineroar|35/100
|move|p2a: Incineroar|Parting Shot|p1a: Walking Wake
|-unboost|p1a: Walking Wake|atk|1
|-unboost|p1a: Walking Wake|spa|1
|
|t:|1776043997
|switch|p2a: Dragapult|Dragapult, F|100/100|[from] Parting Shot
|
|upkeep
|turn|2
|
|t:|1776044004
|-end|p1a: Walking Wake|Protosynthesis|[silent]
|switch|p1a: Rillaboom|Rillaboom, F|100/100
|-fieldstart|move: Grassy Terrain|[from] ability: Grassy Surge|[of] p1a: Rillaboom
|-enditem|p1a: Rillaboom|Grassy Seed
|-boost|p1a: Rillaboom|def|1|[from] item: Grassy Seed
|move|p2a: Dragapult|Draco Meteor|p1a: Rillaboom
|-damage|p1a: Rillaboom|0 fnt
|-unboost|p2a: Dragapult|spa|2
|faint|p1a: Rillaboom
|
|upkeep
|
|t:|1776044020
|switch|p1a: Glimmora|Glimmora, M|100/100
|-item|p1a: Glimmora|Air Balloon
|turn|3
|
|t:|1776044030
|switch|p2a: Keldeo|Keldeo-Resolute|100/100
|move|p1a: Glimmora|Mortal Spin|p2a: Keldeo
|-damage|p2a: Keldeo|93/100
|-status|p2a: Keldeo|psn
|
|-heal|p2a: Keldeo|99/100 psn|[from] Grassy Terrain
|-damage|p2a: Keldeo|87/100 psn|[from] psn
|upkeep
|turn|4
|
|t:|1776044049
|move|p1a: Glimmora|Spiky Shield|p1a: Glimmora
|-singleturn|p1a: Glimmora|move: Protect
|move|p2a: Keldeo|Hydro Pump|p1a: Glimmora
|-activate|p1a: Glimmora|move: Protect
|
|-heal|p2a: Keldeo|93/100 psn|[from] Grassy Terrain
|-damage|p2a: Keldeo|80/100 psn|[from] psn
|upkeep
|turn|5
|
|t:|1776044059
|switch|p1a: Walking Wake|Walking Wake|100/100
|move|p2a: Keldeo|Hydro Pump|p1a: Walking Wake|[miss]
|-miss|p2a: Keldeo|p1a: Walking Wake
|
|-heal|p2a: Keldeo|87/100 psn|[from] Grassy Terrain
|-damage|p2a: Keldeo|74/100 psn|[from] psn
|upkeep
|turn|6
|
|t:|1776044070
|move|p1a: Walking Wake|Draco Meteor|p2a: Keldeo|[miss]
|-miss|p1a: Walking Wake|p2a: Keldeo
|move|p2a: Keldeo|Secret Sword|p1a: Walking Wake
|-damage|p1a: Walking Wake|47/100
|
|-heal|p1a: Walking Wake|54/100|[from] Grassy Terrain
|-heal|p2a: Keldeo|80/100 psn|[from] Grassy Terrain
|-damage|p2a: Keldeo|68/100 psn|[from] psn
|-fieldend|move: Grassy Terrain
|upkeep
|turn|7
|
|t:|1776044081
|move|p1a: Walking Wake|Draco Meteor|p2a: Keldeo
|-damage|p2a: Keldeo|1/100 psn
|-unboost|p1a: Walking Wake|spa|2
|move|p2a: Keldeo|Secret Sword|p1a: Walking Wake
|-damage|p1a: Walking Wake|3/100
|
|-damage|p2a: Keldeo|0 fnt|[from] psn
|faint|p2a: Keldeo
|upkeep
|
|t:|1776044092
|switch|p2a: Incineroar|Incineroar, M|35/100
|-ability|p2a: Incineroar|Intimidate|boost
|-unboost|p1a: Walking Wake|atk|1
|turn|8
|
|t:|1776044100
|-end|p1a: Walking Wake|Protosynthesis|[silent]
|switch|p1a: Glimmora|Glimmora, M|100/100
|-item|p1a: Glimmora|Air Balloon
|move|p2a: Incineroar|Fake Out|p1a: Glimmora
|-resisted|p1a: Glimmora
|-damage|p1a: Glimmora|96/100
|-activate|p1a: Glimmora|ability: Toxic Debris
|-sidestart|p2: Marvin gaye y|move: Toxic Spikes
|-enditem|p1a: Glimmora|Air Balloon
|
|upkeep
|turn|9
|
|t:|1776044114
|move|p1a: Glimmora|Stealth Rock|p2a: Incineroar
|-sidestart|p2: Marvin gaye y|move: Stealth Rock
|move|p2a: Incineroar|Parting Shot|p1a: Glimmora
|-unboost|p1a: Glimmora|atk|1
|-unboost|p1a: Glimmora|spa|1
|
|t:|1776044120
|switch|p2a: Glimmora|Glimmora, M|100/100|[from] Parting Shot
|-damage|p2a: Glimmora|88/100|[from] Stealth Rock
|-item|p2a: Glimmora|Air Balloon
|
|upkeep
|turn|10
|
|t:|1776044140
|switch|p1a: Walking Wake|Walking Wake|3/100
|move|p2a: Glimmora|Earth Power|p1a: Walking Wake
|-damage|p1a: Walking Wake|0 fnt
|faint|p1a: Walking Wake
|-end|p1a: Walking Wake|Protosynthesis|[silent]
|
|upkeep
|
|t:|1776044154
|switch|p1a: Corviknight|Corviknight, M|100/100
|-ability|p1a: Corviknight|Pressure
|turn|11
|
|t:|1776044176
|switch|p2a: Dragapult|Dragapult, F|100/100
|-status|p2a: Dragapult|psn
|-damage|p2a: Dragapult|88/100 psn|[from] Stealth Rock
|move|p1a: Corviknight|Iron Head|p2a: Dragapult
|-damage|p2a: Dragapult|60/100 psn
|
|-damage|p2a: Dragapult|48/100 psn|[from] psn
|upkeep
|turn|12
|
|t:|1776044202
|switch|p1a: Zapdos|Zapdos|100/100
|move|p2a: Dragapult|Fire Blast|p1a: Zapdos
|-damage|p1a: Zapdos|61/100
|
|-damage|p2a: Dragapult|36/100 psn|[from] psn
|upkeep
|turn|13
|
|t:|1776044211
|move|p1a: Zapdos|Volt Switch|p2a: Dragapult
|-resisted|p2a: Dragapult
|-damage|p2a: Dragapult|14/100 psn
|
|t:|1776044215
|switch|p1a: Glimmora|Glimmora, M|96/100|[from] Volt Switch
|move|p2a: Dragapult|Fire Blast|p1a: Glimmora
|-resisted|p1a: Glimmora
|-damage|p1a: Glimmora|67/100
|-status|p1a: Glimmora|brn
|
|-damage|p2a: Dragapult|2/100 psn|[from] psn
|-damage|p1a: Glimmora|61/100 brn|[from] brn
|upkeep
|turn|14
|
|t:|1776044228
|move|p2a: Dragapult|Fire Blast|p1a: Glimmora|[miss]
|-miss|p2a: Dragapult|p1a: Glimmora
|move|p1a: Glimmora|Spikes|p2a: Dragapult
|-sidestart|p2: Marvin gaye y|Spikes
|
|-damage|p2a: Dragapult|0 fnt|[from] psn
|faint|p2a: Dragapult
|-damage|p1a: Glimmora|55/100 brn|[from] brn
|upkeep
|
|t:|1776044239
|switch|p2a: Garganacl|Garganacl, F|100/100
|-damage|p2a: Garganacl|88/100|[from] Stealth Rock
|-damage|p2a: Garganacl|76/100|[from] Spikes
|turn|15
|
|t:|1776044246
|switch|p1a: Corviknight|Corviknight, M|100/100
|-ability|p1a: Corviknight|Pressure
|move|p2a: Garganacl|Iron Defense|p2a: Garganacl
|-boost|p2a: Garganacl|def|2
|
|-heal|p2a: Garganacl|82/100|[from] item: Leftovers
|upkeep
|turn|16
|
|t:|1776044255
|move|p1a: Corviknight|Iron Defense|p1a: Corviknight
|-boost|p1a: Corviknight|def|2
|move|p2a: Garganacl|Iron Defense|p2a: Garganacl
|-boost|p2a: Garganacl|def|2
|
|-heal|p2a: Garganacl|88/100|[from] item: Leftovers
|upkeep
|turn|17
|
|t:|1776044263
|move|p1a: Corviknight|Body Press|p2a: Garganacl
|-supereffective|p2a: Garganacl
|-crit|p2a: Garganacl
|-damage|p2a: Garganacl|17/100
|move|p2a: Garganacl|Iron Defense|p2a: Garganacl
|-boost|p2a: Garganacl|def|2
|
|-heal|p2a: Garganacl|24/100|[from] item: Leftovers
|upkeep
|turn|18
|
|t:|1776044275
|-terastallize|p2a: Garganacl|Ghost
|move|p1a: Corviknight|Body Press|p2a: Garganacl
|-immune|p2a: Garganacl
|move|p2a: Garganacl|Recover|p2a: Garganacl
|-heal|p2a: Garganacl|74/100
|
|-heal|p2a: Garganacl|80/100|[from] item: Leftovers
|upkeep
|turn|19
|
|t:|1776044293
|move|p1a: Corviknight|Iron Defense|p1a: Corviknight
|-boost|p1a: Corviknight|def|2
|move|p2a: Garganacl|Salt Cure|p1a: Corviknight
|-damage|p1a: Corviknight|96/100
|-start|p1a: Corviknight|Salt Cure
|
|-heal|p1a: Corviknight|100/100|[from] item: Leftovers
|-heal|p2a: Garganacl|86/100|[from] item: Leftovers
|-damage|p1a: Corviknight|75/100|[from] Salt Cure
|upkeep
|turn|20
|
|t:|1776044303
|switch|p1a: Zapdos|Zapdos|61/100
|move|p2a: Garganacl|Body Press|p1a: Zapdos
|-resisted|p1a: Zapdos
|-damage|p1a: Zapdos|0 fnt
|faint|p1a: Zapdos
|
|-heal|p2a: Garganacl|92/100|[from] item: Leftovers
|upkeep
|
|t:|1776044311
|switch|p1a: Ceruledge|Ceruledge, F|100/100
|turn|21
|
|t:|1776044322
|move|p1a: Ceruledge|Swords Dance|p1a: Ceruledge
|-boost|p1a: Ceruledge|atk|2
|move|p2a: Garganacl|Salt Cure|p1a: Ceruledge
|-supereffective|p1a: Ceruledge
|-damage|p1a: Ceruledge|54/100
|-start|p1a: Ceruledge|Salt Cure
|
|-heal|p2a: Garganacl|98/100|[from] item: Leftovers
|-damage|p1a: Ceruledge|42/100|[from] Salt Cure
|upkeep
|turn|22
|
|t:|1776044333
|move|p1a: Ceruledge|Shadow Sneak|p2a: Garganacl
|-supereffective|p2a: Garganacl
|-damage|p2a: Garganacl|91/100
|move|p2a: Garganacl|Salt Cure|p1a: Ceruledge
|-supereffective|p1a: Ceruledge
|-damage|p1a: Ceruledge|0 fnt
|faint|p1a: Ceruledge
|
|-heal|p2a: Garganacl|97/100|[from] item: Leftovers
|upkeep
|-message|sauce12344 forfeited.
|
|win|Marvin gaye y
|raw|sauce12344's rating: 1203 &rarr; <strong>1181</strong><br />(-22 for losing)
|raw|Marvin gaye y's rating: 1238 &rarr; <strong>1260</strong><br />(+22 for winning)
|l|☆sauce12344
|player|p1|
