|html|<div class="broadcast-blue"><strong>[Gen 9] OU is currently suspecting Tera Blast! For information on how to participate check out the <a href="https://www.smogon.com/tools/suspects/view/200">suspect thread</a>.</strong></div>
|j|☆Daycloud 2
|j|☆Tornade mentale
|t:|1776107603
|gametype|singles
|player|p1|Daycloud 2|265|1132
|player|p2|Tornade mentale|supernerd|1086
|gen|9
|tier|[Gen 9] OU
|rated|
|rule|HP Percentage Mod: HP is shown in percentages
|rule|Endless Battle Clause: Forcing endless battles is banned
|rule|Species Clause: Limit one of each Pokémon
|rule|OHKO Clause: OHKO moves are banned
|rule|Evasion Items Clause: Evasion items are banned
|rule|Evasion Moves Clause: Evasion moves are banned
|rule|Evasion Abilities Clause: Evasion abilities are banned
|rule|Sleep Moves Clause: Sleep-inducing moves are banned
|clearpoke
|poke|p1|Ribombee, M|
|poke|p1|Glimmora, F|
|poke|p1|Heatran, F|
|poke|p1|Darkrai|
|poke|p1|Dragapult, F|
|poke|p1|Kommo-o, F|
|poke|p2|Drifblim, F|
|poke|p2|Amoonguss, M|
|poke|p2|Alcremie-Salted-Cream, F|
|poke|p2|Dedenne, M|
|poke|p2|Pecharunt|
|poke|p2|Probopass, M|
|teampreview
|
|t:|1776107632
|teamsize|p1|6
|teamsize|p2|6
|start
|switch|p1a: Ribombee|Ribombee, M|100/100
|switch|p2a: Anti-sphinx|Probopass, M|100/100
|turn|1
|
|t:|1776107640
|move|p1a: Ribombee|Sticky Web|p2a: Anti-sphinx
|-sidestart|p2: Tornade mentale|move: Sticky Web
|move|p2a: Anti-sphinx|Sandstorm|p2a: Anti-sphinx
|-weather|Sandstorm
|
|-weather|Sandstorm|[upkeep]
|-damage|p1a: Ribombee|94/100|[from] Sandstorm
|upkeep
|turn|2
|
|t:|1776107650
|move|p1a: Ribombee|Quiver Dance|p1a: Ribombee
|-boost|p1a: Ribombee|spa|1
|-boost|p1a: Ribombee|spd|1
|-boost|p1a: Ribombee|spe|1
|move|p2a: Anti-sphinx|Flash Cannon|p1a: Ribombee
|-supereffective|p1a: Ribombee
|-damage|p1a: Ribombee|5/100
|
|-weather|Sandstorm|[upkeep]
|-damage|p1a: Ribombee|0 fnt|[from] Sandstorm
|faint|p1a: Ribombee
|upkeep
|
|t:|1776107664
|switch|p1a: Glimmora|Glimmora, F|100/100
|turn|3
|
|t:|1776107670
|move|p1a: Glimmora|Stealth Rock|p2a: Anti-sphinx
|-sidestart|p2: Tornade mentale|move: Stealth Rock
|move|p2a: Anti-sphinx|Flash Cannon|p1a: Glimmora
|-supereffective|p1a: Glimmora
|-damage|p1a: Glimmora|26/100
|
|-weather|Sandstorm|[upkeep]
|upkeep
|turn|4
|
|t:|1776107682
|move|p1a: Glimmora|Earth Power|p2a: Anti-sphinx
|-supereffective|p2a: Anti-sphinx
|-damage|p2a: Anti-sphinx|41/100
|-unboost|p2a: Anti-sphinx|spd|1
|move|p2a: Anti-sphinx|Flash Cannon|p1a: Glimmora
|-supereffective|p1a: Glimmora
|-damage|p1a: Glimmora|0 fnt
|faint|p1a: Glimmora
|
|-weather|Sandstorm|[upkeep]
|upkeep
|
|t:|1776107696
|switch|p1a: Kommo-o|Kommo-o, F|100/100
|turn|5
|
|t:|1776107704
|move|p1a: Kommo-o|Dragon Dance|p1a: Kommo-o
|-boost|p1a: Kommo-o|atk|1
|-boost|p1a: Kommo-o|spe|1
|move|p2a: Anti-sphinx|Dazzling Gleam|p1a: Kommo-o
|-supereffective|p1a: Kommo-o
|-damage|p1a: Kommo-o|7/100
|
|-weather|Sandstorm|[upkeep]
|upkeep
|turn|6
|
|t:|1776107716
|move|p1a: Kommo-o|Drain Punch|p2a: Anti-sphinx
|-supereffective|p2a: Anti-sphinx
|-damage|p2a: Anti-sphinx|0 fnt
|-heal|p1a: Kommo-o|29/100|[from] drain|[of] p2a: Anti-sphinx
|faint|p2a: Anti-sphinx
|
|-weather|Sandstorm|[upkeep]
|upkeep
|
|t:|1776107727
|switch|p2a: Clémentine|Dedenne, M|100/100
|-damage|p2a: Clémentine|88/100|[from] Stealth Rock
|-item|p2a: Clémentine|Air Balloon
|turn|7
|
|t:|1776107742
|move|p1a: Kommo-o|Drain Punch|p2a: Clémentine
|-resisted|p2a: Clémentine
|-damage|p2a: Clémentine|23/100
|-heal|p1a: Kommo-o|59/100|[from] drain|[of] p2a: Clémentine
|-enditem|p2a: Clémentine|Air Balloon
|move|p2a: Clémentine|Dazzling Gleam|p1a: Kommo-o
|-supereffective|p1a: Kommo-o
|-damage|p1a: Kommo-o|0 fnt
|faint|p1a: Kommo-o
|
|-weather|Sandstorm|[upkeep]
|-damage|p2a: Clémentine|17/100|[from] Sandstorm
|upkeep
|
|t:|1776107751
|switch|p1a: Heatran|Heatran, F|100/100
|turn|8
|
|t:|1776107762
|move|p2a: Clémentine|Nuzzle|p1a: Heatran
|-damage|p1a: Heatran|96/100
|-status|p1a: Heatran|par
|move|p1a: Heatran|Flash Cannon|p2a: Clémentine
|-damage|p2a: Clémentine|0 fnt
|faint|p2a: Clémentine
|
|-weather|none
|upkeep
|
|t:|1776107777
|switch|p2a: Goût du sol|Pecharunt|100/100
|-activate|p2a: Goût du sol|move: Sticky Web
|-unboost|p2a: Goût du sol|spe|1
|-damage|p2a: Goût du sol|88/100|[from] Stealth Rock
|turn|9
|
|t:|1776107786
|move|p2a: Goût du sol|Protect|p2a: Goût du sol
|-singleturn|p2a: Goût du sol|Protect
|cant|p1a: Heatran|par
|
|-heal|p2a: Goût du sol|94/100|[from] item: Leftovers
|upkeep
|turn|10
|
|t:|1776107796
|move|p2a: Goût du sol|Hex|p1a: Heatran
|-damage|p1a: Heatran|80/100 par
|cant|p1a: Heatran|par
|
|-heal|p2a: Goût du sol|99/100|[from] item: Leftovers
|upkeep
|turn|11
|
|t:|1776107808
|move|p2a: Goût du sol|Hex|p1a: Heatran
|-damage|p1a: Heatran|64/100 par
|move|p1a: Heatran|Ancient Power|p2a: Goût du sol
|-damage|p2a: Goût du sol|83/100
|
|-heal|p2a: Goût du sol|89/100|[from] item: Leftovers
|upkeep
|turn|12
|
|t:|1776107818
|move|p2a: Goût du sol|Hex|p1a: Heatran
|-damage|p1a: Heatran|47/100 par
|move|p1a: Heatran|Earthquake|p2a: Goût du sol
|-supereffective|p2a: Goût du sol
|-damage|p2a: Goût du sol|68/100
|
|-heal|p2a: Goût du sol|74/100|[from] item: Leftovers
|upkeep
|turn|13
|
|t:|1776107830
|move|p2a: Goût du sol|Hex|p1a: Heatran
|-damage|p1a: Heatran|31/100 par
|move|p1a: Heatran|Flamethrower|p2a: Goût du sol
|-damage|p2a: Goût du sol|34/100
|
|-heal|p2a: Goût du sol|40/100|[from] item: Leftovers
|upkeep
|turn|14
|
|t:|1776107841
|move|p2a: Goût du sol|Protect|p2a: Goût du sol
|-singleturn|p2a: Goût du sol|Protect
|move|p1a: Heatran|Flamethrower|p2a: Goût du sol
|-activate|p2a: Goût du sol|move: Protect
|
|-heal|p2a: Goût du sol|46/100|[from] item: Leftovers
|upkeep
|turn|15
|
|t:|1776107852
|move|p2a: Goût du sol|Hex|p1a: Heatran
|-damage|p1a: Heatran|16/100 par
|cant|p1a: Heatran|par
|
|-heal|p2a: Goût du sol|52/100|[from] item: Leftovers
|upkeep
|turn|16
|
|t:|1776107862
|move|p2a: Goût du sol|Hex|p1a: Heatran
|-damage|p1a: Heatran|0 fnt
|faint|p1a: Heatran
|
|-heal|p2a: Goût du sol|58/100|[from] item: Leftovers
|upkeep
|
|t:|1776107871
|switch|p1a: Darkrai|Darkrai|100/100
|turn|17
|
|t:|1776107878
|move|p1a: Darkrai|Psychic|p2a: Goût du sol
|-supereffective|p2a: Goût du sol
|-crit|p2a: Goût du sol
|-damage|p2a: Goût du sol|0 fnt
|faint|p2a: Goût du sol
|
|upkeep
|
|t:|1776107886
|switch|p2a: Charlotte|Alcremie-Salted-Cream, F|100/100
|-activate|p2a: Charlotte|move: Sticky Web
|-unboost|p2a: Charlotte|spe|1
|-damage|p2a: Charlotte|88/100|[from] Stealth Rock
|turn|18
|
|t:|1776107896
|switch|p1a: Dragapult|Dragapult, F|100/100
|move|p2a: Charlotte|Dazzling Gleam|p1a: Dragapult
|-supereffective|p1a: Dragapult
|-damage|p1a: Dragapult|0 fnt
|faint|p1a: Dragapult
|
|upkeep
|
|t:|1776107903
|switch|p1a: Darkrai|Darkrai|100/100
|turn|19
|
|t:|1776107921
|-terastallize|p1a: Darkrai|Ghost
|move|p1a: Darkrai|Psychic|p2a: Charlotte
|-damage|p2a: Charlotte|60/100
|move|p2a: Charlotte|Dazzling Gleam|p1a: Darkrai
|-damage|p1a: Darkrai|41/100
|
|upkeep
|turn|20
|
|t:|1776107933
|move|p1a: Darkrai|Psychic|p2a: Charlotte
|-crit|p2a: Charlotte
|-damage|p2a: Charlotte|17/100
|move|p2a: Charlotte|Dazzling Gleam|p1a: Darkrai
|-damage|p1a: Darkrai|0 fnt
|faint|p1a: Darkrai
|
|win|Tornade mentale
|raw|Daycloud 2's rating: 1132 &rarr; <strong>1104</strong><br />(-28 for losing)
|raw|Tornade mentale's rating: 1086 &rarr; <strong>1117</strong><br />(+31 for winning)
|l|☆Daycloud 2
|player|p1|
|l|☆Tornade mentale
|player|p2|
