|html|<div class="broadcast-blue"><strong>[Gen 9] OU is currently suspecting Tera Blast! For information on how to participate check out the <a href="https://www.smogon.com/tools/suspects/view/200">suspect thread</a>.</strong></div>
|j|☆MeAndTheBorthers
|j|☆dedic
|t:|1776204217
|gametype|singles
|player|p1|MeAndTheBorthers|iris-gen5bw2|1431
|player|p2|dedic|ash|1510
|gen|9
|tier|[Gen 9] OU
|rated|
|rule|HP Percentage Mod: HP is shown in percentages
|rule|Endless Battle Clause: Forcing endless battles is banned
|rule|Species Clause: Limit one of each Pokémon
|rule|OHKO Clause: OHKO moves are banned
|rule|Evasion Items Clause: Evasion items are banned
|rule|Evasion Moves Clause: Evasion moves are banned
|rule|Evasion Abilities Clause: Evasion abilities are banned
|rule|Sleep Moves Clause: Sleep-inducing moves are banned
|clearpoke
|poke|p1|Dondozo, F|
|poke|p1|Slowking-Galar, F|
|poke|p1|Zapdos|
|poke|p1|Gholdengo|
|poke|p1|Iron Treads|
|poke|p1|Meowscarada, F|
|poke|p2|Glimmora, M|
|poke|p2|Gholdengo|
|poke|p2|Dragonite, M|
|poke|p2|Iron Valiant|
|poke|p2|Raging Bolt|
|poke|p2|Ogerpon-Wellspring, F|
|teampreview
|inactive|Battle timer is ON: inactive players will automatically lose when time's up. (requested by dedic)
|
|t:|1776204234
|teamsize|p1|6
|teamsize|p2|6
|start
|switch|p1a: Brain blast|Slowking-Galar, F|100/100
|switch|p2a: Ogerpon|Ogerpon-Wellspring, F|100/100
|turn|1
|
|t:|1776204250
|switch|p2a: Glimmora|Glimmora, M|100/100
|move|p1a: Brain blast|Sludge Bomb|p2a: Glimmora
|-resisted|p2a: Glimmora
|-damage|p2a: Glimmora|89/100
|-enditem|p2a: Glimmora|Red Card|[of] p1a: Brain blast
|drag|p1a: Critty Cat|Meowscarada, F|100/100
|
|upkeep
|turn|2
|
|t:|1776204257
|move|p1a: Critty Cat|U-turn|p2a: Glimmora
|-start|p1a: Critty Cat|typechange|Bug|[from] ability: Protean
|-resisted|p2a: Glimmora
|-damage|p2a: Glimmora|73/100
|-activate|p2a: Glimmora|ability: Toxic Debris
|-sidestart|p1: MeAndTheBorthers|move: Toxic Spikes
|
|t:|1776204265
|switch|p1a: Brain blast|Slowking-Galar, F|100/100|[from] U-turn
|-sideend|p1: MeAndTheBorthers|move: Toxic Spikes|[of] p1a: Brain blast
|move|p2a: Glimmora|Stealth Rock|p1a: Brain blast
|-sidestart|p1: MeAndTheBorthers|move: Stealth Rock
|
|upkeep
|turn|3
|
|t:|1776204274
|move|p2a: Glimmora|Spikes|p1a: Brain blast
|-sidestart|p1: MeAndTheBorthers|Spikes
|move|p1a: Brain blast|Psychic Noise|p2a: Glimmora
|-supereffective|p2a: Glimmora
|-damage|p2a: Glimmora|0 fnt
|faint|p2a: Glimmora
|
|upkeep
|
|t:|1776204283
|switch|p2a: Gholdengo|Gholdengo|100/100
|turn|4
|
|t:|1776204301
|move|p2a: Gholdengo|Shadow Ball|p1a: Brain blast
|-supereffective|p1a: Brain blast
|-damage|p1a: Brain blast|47/100
|-prepare|p1a: Brain blast|Chilly Reception|[premajor]
|move|p1a: Brain blast|Chilly Reception|p1a: Brain blast
|-weather|Snowscape
|inactive|MeAndTheBorthers has 120 seconds left.
|
|t:|1776204324
|switch|p1a: Critty Cat|Meowscarada, F|100/100|[from] Chilly Reception
|-damage|p1a: Critty Cat|88/100|[from] Stealth Rock
|-damage|p1a: Critty Cat|76/100|[from] Spikes
|
|-weather|Snowscape|[upkeep]
|upkeep
|turn|5
|
|t:|1776204336
|switch|p2a: Iron Valiant|Iron Valiant|100/100
|-enditem|p2a: Iron Valiant|Booster Energy
|-activate|p2a: Iron Valiant|ability: Quark Drive|[fromitem]
|-start|p2a: Iron Valiant|quarkdrivespe
|move|p1a: Critty Cat|Knock Off|p2a: Iron Valiant
|-start|p1a: Critty Cat|typechange|Dark|[from] ability: Protean
|-resisted|p2a: Iron Valiant
|-damage|p2a: Iron Valiant|92/100
|
|-weather|Snowscape|[upkeep]
|upkeep
|turn|6
|inactive|MeAndTheBorthers has 120 seconds left.
|
|t:|1776204353
|switch|p1a: The Fish|Dondozo, F|100/100
|-damage|p1a: The Fish|88/100|[from] Stealth Rock
|-damage|p1a: The Fish|75/100|[from] Spikes
|move|p2a: Iron Valiant|Swords Dance|p2a: Iron Valiant
|-boost|p2a: Iron Valiant|atk|2
|
|-weather|Snowscape|[upkeep]
|-heal|p1a: The Fish|82/100|[from] item: Leftovers
|upkeep
|turn|7
|
|t:|1776204361
|switch|p1a: Bin Chicken|Zapdos|100/100
|move|p2a: Iron Valiant|Knock Off|p1a: Bin Chicken
|-damage|p1a: Bin Chicken|56/100
|-enditem|p1a: Bin Chicken|Heavy-Duty Boots|[from] move: Knock Off|[of] p2a: Iron Valiant
|
|-weather|Snowscape|[upkeep]
|upkeep
|turn|8
|
|t:|1776204367
|move|p2a: Iron Valiant|Swords Dance|p2a: Iron Valiant
|-boost|p2a: Iron Valiant|atk|2
|move|p1a: Bin Chicken|Roost|p1a: Bin Chicken
|-heal|p1a: Bin Chicken|100/100
|-singleturn|p1a: Bin Chicken|move: Roost
|
|-weather|none
|upkeep
|turn|9
|
|t:|1776204371
|move|p2a: Iron Valiant|Encore|p1a: Bin Chicken
|-start|p1a: Bin Chicken|Encore
|move|p1a: Bin Chicken|Roost||[still]
|-fail|p1a: Bin Chicken|heal
|
|upkeep
|turn|10
|
|t:|1776204377
|move|p2a: Iron Valiant|Swords Dance|p2a: Iron Valiant
|-boost|p2a: Iron Valiant|atk|2
|move|p1a: Bin Chicken|Roost||[still]
|-fail|p1a: Bin Chicken|heal
|
|upkeep
|turn|11
|
|t:|1776204383
|move|p2a: Iron Valiant|Close Combat|p1a: Bin Chicken
|-resisted|p1a: Bin Chicken
|-damage|p1a: Bin Chicken|7/100
|-unboost|p2a: Iron Valiant|def|1
|-unboost|p2a: Iron Valiant|spd|1
|move|p1a: Bin Chicken|Roost|p1a: Bin Chicken
|-heal|p1a: Bin Chicken|57/100
|-singleturn|p1a: Bin Chicken|move: Roost
|
|-end|p1a: Bin Chicken|Encore
|upkeep
|turn|12
|
|t:|1776204391
|move|p2a: Iron Valiant|Close Combat|p1a: Bin Chicken
|-resisted|p1a: Bin Chicken
|-damage|p1a: Bin Chicken|0 fnt
|-unboost|p2a: Iron Valiant|def|1
|-unboost|p2a: Iron Valiant|spd|1
|faint|p1a: Bin Chicken
|
|upkeep
|
|t:|1776204395
|switch|p1a: The Fish|Dondozo, F|82/100
|-damage|p1a: The Fish|69/100|[from] Stealth Rock
|-damage|p1a: The Fish|57/100|[from] Spikes
|turn|13
|
|t:|1776204401
|move|p2a: Iron Valiant|Knock Off|p1a: The Fish
|-damage|p1a: The Fish|41/100
|-enditem|p1a: The Fish|Leftovers|[from] move: Knock Off|[of] p2a: Iron Valiant
|move|p1a: The Fish|Rest|p1a: The Fish
|-status|p1a: The Fish|slp|[from] move: Rest
|-heal|p1a: The Fish|100/100 slp|[silent]
|
|upkeep
|turn|14
|
|t:|1776204407
|move|p2a: Iron Valiant|Encore|p1a: The Fish
|-start|p1a: The Fish|Encore
|cant|p1a: The Fish|slp
|
|upkeep
|turn|15
|
|t:|1776204411
|-end|p2a: Iron Valiant|Quark Drive|[silent]
|switch|p2a: Ogerpon|Ogerpon-Wellspring, F|100/100
|cant|p1a: The Fish|slp
|
|upkeep
|turn|16
|
|t:|1776204421
|switch|p1a: Critty Cat|Meowscarada, F|76/100
|-damage|p1a: Critty Cat|64/100|[from] Stealth Rock
|-damage|p1a: Critty Cat|51/100|[from] Spikes
|move|p2a: Ogerpon|Swords Dance|p2a: Ogerpon
|-boost|p2a: Ogerpon|atk|2
|
|upkeep
|turn|17
|
|t:|1776204433
|switch|p2a: Raging Bolt|Raging Bolt|100/100
|-enditem|p2a: Raging Bolt|Booster Energy
|-activate|p2a: Raging Bolt|ability: Protosynthesis|[fromitem]
|-start|p2a: Raging Bolt|protosynthesisspa
|move|p1a: Critty Cat|U-turn|p2a: Raging Bolt
|-start|p1a: Critty Cat|typechange|Bug|[from] ability: Protean
|-damage|p2a: Raging Bolt|71/100
|
|t:|1776204436
|switch|p1a: The Beer Cooler|Iron Treads|100/100|[from] U-turn
|-damage|p1a: The Beer Cooler|97/100|[from] Stealth Rock
|-damage|p1a: The Beer Cooler|85/100|[from] Spikes
|-enditem|p1a: The Beer Cooler|Booster Energy
|-activate|p1a: The Beer Cooler|ability: Quark Drive|[fromitem]
|-start|p1a: The Beer Cooler|quarkdrivespe
|
|upkeep
|turn|18
|
|t:|1776204459
|-end|p2a: Raging Bolt|Protosynthesis|[silent]
|switch|p2a: Gholdengo|Gholdengo|100/100
|move|p1a: The Beer Cooler|Earthquake|p2a: Gholdengo
|-supereffective|p2a: Gholdengo
|-damage|p2a: Gholdengo|0 fnt
|faint|p2a: Gholdengo
|
|upkeep
|inactive|dedic has 120 seconds left.
|
|t:|1776204481
|switch|p2a: Iron Valiant|Iron Valiant|92/100
|turn|19
|
|t:|1776204489
|move|p1a: The Beer Cooler|Rapid Spin|p2a: Iron Valiant
|-damage|p2a: Iron Valiant|70/100
|-boost|p1a: The Beer Cooler|spe|1
|-sideend|p1: MeAndTheBorthers|Spikes|[from] move: Rapid Spin|[of] p1a: The Beer Cooler
|-sideend|p1: MeAndTheBorthers|Stealth Rock|[from] move: Rapid Spin|[of] p1a: The Beer Cooler
|move|p2a: Iron Valiant|Close Combat|p1a: The Beer Cooler
|-supereffective|p1a: The Beer Cooler
|-damage|p1a: The Beer Cooler|0 fnt
|-unboost|p2a: Iron Valiant|def|1
|-unboost|p2a: Iron Valiant|spd|1
|faint|p1a: The Beer Cooler
|-end|p1a: The Beer Cooler|Quark Drive|[silent]
|
|upkeep
|
|t:|1776204503
|switch|p1a: Critty Cat|Meowscarada, F|51/100
|turn|20
|
|t:|1776204510
|move|p1a: Critty Cat|Flower Trick|p2a: Iron Valiant
|-start|p1a: Critty Cat|typechange|Grass|[from] ability: Protean
|-crit|p2a: Iron Valiant
|-damage|p2a: Iron Valiant|0 fnt
|faint|p2a: Iron Valiant
|-end|p2a: Iron Valiant|Quark Drive|[silent]
|
|upkeep
|
|t:|1776204516
|switch|p2a: Raging Bolt|Raging Bolt|71/100
|turn|21
|
|t:|1776204525
|move|p1a: Critty Cat|Triple Axel|p2a: Raging Bolt
|-supereffective|p2a: Raging Bolt
|-crit|p2a: Raging Bolt
|-damage|p2a: Raging Bolt|54/100
|-supereffective|p2a: Raging Bolt
|-damage|p2a: Raging Bolt|31/100
|-supereffective|p2a: Raging Bolt
|-damage|p2a: Raging Bolt|0 fnt
|faint|p2a: Raging Bolt
|-end|p2a: Raging Bolt|Protosynthesis|[silent]
|-hitcount|p2: Raging Bolt|3
|
|upkeep
|
|t:|1776204532
|switch|p2a: Dragonite|Dragonite, M|100/100
|turn|22
|
|t:|1776204543
|switch|p1a: Dick Dale|Gholdengo|100/100
|-terastallize|p2a: Dragonite|Normal
|move|p2a: Dragonite|Extreme Speed|p1a: Dick Dale
|-immune|p1a: Dick Dale
|
|upkeep
|turn|23
|
|t:|1776204549
|move|p1a: Dick Dale|Focus Blast|p2a: Dragonite|[miss]
|-miss|p1a: Dick Dale|p2a: Dragonite
|move|p2a: Dragonite|Earthquake|p1a: Dick Dale
|-supereffective|p1a: Dick Dale
|-damage|p1a: Dick Dale|17/100
|
|upkeep
|turn|24
|
|t:|1776204553
|move|p1a: Dick Dale|Focus Blast|p2a: Dragonite|[miss]
|-miss|p1a: Dick Dale|p2a: Dragonite
|move|p2a: Dragonite|Earthquake|p1a: Dick Dale
|-supereffective|p1a: Dick Dale
|-damage|p1a: Dick Dale|0 fnt
|faint|p1a: Dick Dale
|
|upkeep
|
|t:|1776204560
|switch|p1a: The Fish|Dondozo, F|100/100 slp
|turn|25
|
|t:|1776204566
|switch|p2a: Ogerpon|Ogerpon-Wellspring, F|100/100
|-curestatus|p1a: The Fish|slp|[msg]
|move|p1a: The Fish|Sleep Talk||[still]
|-fail|p1a: The Fish
|
|upkeep
|turn|26
|
|t:|1776204574
|switch|p1a: Brain blast|Slowking-Galar, F|80/100
|move|p2a: Ogerpon|Power Whip|p1a: Brain blast
|-resisted|p1a: Brain blast
|-damage|p1a: Brain blast|42/100
|
|-heal|p1a: Brain blast|48/100|[from] item: Black Sludge
|upkeep
|turn|27
|
|t:|1776204577
|move|p2a: Ogerpon|Ivy Cudgel|p1a: Brain blast|[anim] Ivy Cudgel Water
|-damage|p1a: Brain blast|0 fnt
|faint|p1a: Brain blast
|
|upkeep
|
|t:|1776204581
|switch|p1a: Critty Cat|Meowscarada, F|51/100
|turn|28
|
|t:|1776204599
|move|p1a: Critty Cat|U-turn|p2a: Ogerpon
|-start|p1a: Critty Cat|typechange|Bug|[from] ability: Protean
|-supereffective|p2a: Ogerpon
|-damage|p2a: Ogerpon|22/100
|
|t:|1776204604
|switch|p1a: The Fish|Dondozo, F|100/100|[from] U-turn
|move|p2a: Ogerpon|Power Whip|p1a: The Fish|[miss]
|-miss|p2a: Ogerpon|p1a: The Fish
|
|upkeep
|turn|29
|
|t:|1776204621
|switch|p1a: Critty Cat|Meowscarada, F|51/100
|move|p2a: Ogerpon|Power Whip|p1a: Critty Cat
|-resisted|p1a: Critty Cat
|-damage|p1a: Critty Cat|0 fnt
|faint|p1a: Critty Cat
|
|upkeep
|
|t:|1776204623
|switch|p1a: The Fish|Dondozo, F|100/100
|turn|30
|
|t:|1776204626
|move|p2a: Ogerpon|Power Whip|p1a: The Fish
|-supereffective|p1a: The Fish
|-damage|p1a: The Fish|35/100
|move|p1a: The Fish|Curse|p1a: The Fish
|-unboost|p1a: The Fish|spe|1
|-boost|p1a: The Fish|atk|1
|-boost|p1a: The Fish|def|1
|
|upkeep
|turn|31
|
|t:|1776204632
|-terastallize|p1a: The Fish|Grass
|move|p2a: Ogerpon|Power Whip|p1a: The Fish
|-resisted|p1a: The Fish
|-damage|p1a: The Fish|25/100
|move|p1a: The Fish|Rest|p1a: The Fish
|-status|p1a: The Fish|slp|[from] move: Rest
|-heal|p1a: The Fish|100/100 slp|[silent]
|
|upkeep
|turn|32
|
|t:|1776204641
|move|p2a: Ogerpon|Swords Dance|p2a: Ogerpon
|-boost|p2a: Ogerpon|atk|2
|cant|p1a: The Fish|slp
|move|p1a: The Fish|Sleep Talk|p1a: The Fish
|move|p1a: The Fish|Waterfall|p2a: Ogerpon|[from] move: Sleep Talk
|-heal|p2a: Ogerpon|47/100|[from] ability: Water Absorb|[of] p1a: The Fish
|
|upkeep
|turn|33
|
|t:|1776204644
|move|p2a: Ogerpon|Swords Dance|p2a: Ogerpon
|-boost|p2a: Ogerpon|atk|2
|cant|p1a: The Fish|slp
|move|p1a: The Fish|Sleep Talk|p1a: The Fish
|move|p1a: The Fish|Waterfall|p2a: Ogerpon|[from] move: Sleep Talk
|-heal|p2a: Ogerpon|72/100|[from] ability: Water Absorb|[of] p1a: The Fish
|
|upkeep
|turn|34
|
|t:|1776204647
|move|p2a: Ogerpon|Swords Dance|p2a: Ogerpon
|-boost|p2a: Ogerpon|atk|2
|-curestatus|p1a: The Fish|slp|[msg]
|move|p1a: The Fish|Sleep Talk||[still]
|-fail|p1a: The Fish
|
|upkeep
|turn|35
|
|t:|1776204651
|move|p2a: Ogerpon|Play Rough|p1a: The Fish
|-damage|p1a: The Fish|89/100
|move|p1a: The Fish|Curse|p1a: The Fish
|-unboost|p1a: The Fish|spe|1
|-boost|p1a: The Fish|atk|1
|-boost|p1a: The Fish|def|1
|
|upkeep
|turn|36
|
|t:|1776204655
|move|p2a: Ogerpon|Play Rough|p1a: The Fish
|-damage|p1a: The Fish|82/100
|move|p1a: The Fish|Curse|p1a: The Fish
|-unboost|p1a: The Fish|spe|1
|-boost|p1a: The Fish|atk|1
|-boost|p1a: The Fish|def|1
|
|upkeep
|turn|37
|
|t:|1776204665
|move|p2a: Ogerpon|Play Rough|p1a: The Fish
|-damage|p1a: The Fish|76/100
|move|p1a: The Fish|Curse|p1a: The Fish
|-unboost|p1a: The Fish|spe|1
|-boost|p1a: The Fish|atk|1
|-boost|p1a: The Fish|def|1
|
|upkeep
|turn|38
|
|t:|1776204669
|move|p2a: Ogerpon|Play Rough|p1a: The Fish
|-damage|p1a: The Fish|70/100
|move|p1a: The Fish|Waterfall|p2a: Ogerpon
|-heal|p2a: Ogerpon|97/100|[from] ability: Water Absorb|[of] p1a: The Fish
|
|upkeep
|turn|39
|
|t:|1776204678
|move|p2a: Ogerpon|Play Rough|p1a: The Fish
|-damage|p1a: The Fish|65/100
|-unboost|p1a: The Fish|atk|1
|move|p1a: The Fish|Waterfall|p2a: Ogerpon
|-heal|p2a: Ogerpon|100/100|[from] ability: Water Absorb|[of] p1a: The Fish
|
|upkeep
|turn|40
|
|t:|1776204687
|move|p2a: Ogerpon|Swords Dance|p2a: Ogerpon
|-boost|p2a: Ogerpon|atk|0
|move|p1a: The Fish|Rest|p1a: The Fish
|-status|p1a: The Fish|slp|[from] move: Rest
|-heal|p1a: The Fish|100/100 slp|[silent]
|
|upkeep
|turn|41
|
|t:|1776204691
|move|p2a: Ogerpon|Ivy Cudgel|p1a: The Fish|[anim] Ivy Cudgel Water
|-resisted|p1a: The Fish
|-damage|p1a: The Fish|96/100 slp
|cant|p1a: The Fish|slp
|move|p1a: The Fish|Sleep Talk|p1a: The Fish
|move|p1a: The Fish|Waterfall|p2a: Ogerpon|[from] move: Sleep Talk
|-immune|p2a: Ogerpon|[from] ability: Water Absorb
|
|upkeep
|turn|42
|
|t:|1776204694
|move|p2a: Ogerpon|Ivy Cudgel|p1a: The Fish|[anim] Ivy Cudgel Water
|-resisted|p1a: The Fish
|-damage|p1a: The Fish|91/100 slp
|cant|p1a: The Fish|slp
|move|p1a: The Fish|Sleep Talk|p1a: The Fish
|move|p1a: The Fish|Waterfall|p2a: Ogerpon|[from] move: Sleep Talk
|-immune|p2a: Ogerpon|[from] ability: Water Absorb
|
|upkeep
|turn|43
|
|t:|1776204697
|move|p2a: Ogerpon|Ivy Cudgel|p1a: The Fish|[anim] Ivy Cudgel Water
|-resisted|p1a: The Fish
|-damage|p1a: The Fish|86/100 slp
|-curestatus|p1a: The Fish|slp|[msg]
|move|p1a: The Fish|Curse|p1a: The Fish
|-unboost|p1a: The Fish|spe|1
|-boost|p1a: The Fish|atk|1
|-boost|p1a: The Fish|def|1
|
|upkeep
|turn|44
|
|t:|1776204700
|move|p2a: Ogerpon|Ivy Cudgel|p1a: The Fish|[anim] Ivy Cudgel Water
|-resisted|p1a: The Fish
|-damage|p1a: The Fish|82/100
|move|p1a: The Fish|Curse|p1a: The Fish
|-unboost|p1a: The Fish|spe|1
|-boost|p1a: The Fish|atk|1
|-boost|p1a: The Fish|def|1
|
|upkeep
|turn|45
|
|t:|1776204705
|move|p2a: Ogerpon|Ivy Cudgel|p1a: The Fish|[anim] Ivy Cudgel Water
|-resisted|p1a: The Fish
|-damage|p1a: The Fish|79/100
|move|p1a: The Fish|Waterfall|p2a: Ogerpon
|-immune|p2a: Ogerpon|[from] ability: Water Absorb
|
|upkeep
|turn|46
|
|t:|1776204707
|move|p2a: Ogerpon|Ivy Cudgel|p1a: The Fish|[anim] Ivy Cudgel Water
|-resisted|p1a: The Fish
|-damage|p1a: The Fish|75/100
|move|p1a: The Fish|Waterfall|p2a: Ogerpon
|-immune|p2a: Ogerpon|[from] ability: Water Absorb
|
|upkeep
|turn|47
|
|t:|1776204709
|move|p2a: Ogerpon|Ivy Cudgel|p1a: The Fish|[anim] Ivy Cudgel Water
|-resisted|p1a: The Fish
|-damage|p1a: The Fish|72/100
|move|p1a: The Fish|Waterfall|p2a: Ogerpon
|-immune|p2a: Ogerpon|[from] ability: Water Absorb
|
|upkeep
|turn|48
|
|t:|1776204712
|move|p2a: Ogerpon|Ivy Cudgel|p1a: The Fish|[anim] Ivy Cudgel Water
|-resisted|p1a: The Fish
|-damage|p1a: The Fish|69/100
|move|p1a: The Fish|Waterfall|p2a: Ogerpon
|-immune|p2a: Ogerpon|[from] ability: Water Absorb
|
|upkeep
|turn|49
|
|t:|1776204714
|move|p2a: Ogerpon|Ivy Cudgel|p1a: The Fish|[anim] Ivy Cudgel Water
|-resisted|p1a: The Fish
|-damage|p1a: The Fish|66/100
|move|p1a: The Fish|Waterfall|p2a: Ogerpon
|-immune|p2a: Ogerpon|[from] ability: Water Absorb
|
|upkeep
|turn|50
|
|t:|1776204719
|move|p2a: Ogerpon|Ivy Cudgel|p1a: The Fish|[anim] Ivy Cudgel Water
|-resisted|p1a: The Fish
|-damage|p1a: The Fish|63/100
|move|p1a: The Fish|Curse|p1a: The Fish
|-boost|p1a: The Fish|atk|1
|
|upkeep
|turn|51
|
|t:|1776204724
|move|p2a: Ogerpon|Ivy Cudgel|p1a: The Fish|[anim] Ivy Cudgel Water
|-resisted|p1a: The Fish
|-damage|p1a: The Fish|60/100
|move|p1a: The Fish|Waterfall|p2a: Ogerpon
|-immune|p2a: Ogerpon|[from] ability: Water Absorb
|
|upkeep
|turn|52
|
|t:|1776204727
|move|p2a: Ogerpon|Ivy Cudgel|p1a: The Fish|[anim] Ivy Cudgel Water
|-resisted|p1a: The Fish
|-damage|p1a: The Fish|57/100
|move|p1a: The Fish|Rest|p1a: The Fish
|-status|p1a: The Fish|slp|[from] move: Rest
|-heal|p1a: The Fish|100/100 slp|[silent]
|
|upkeep
|turn|53
|
|t:|1776204733
|move|p2a: Ogerpon|Power Whip|p1a: The Fish|[miss]
|-miss|p2a: Ogerpon|p1a: The Fish
|cant|p1a: The Fish|slp
|move|p1a: The Fish|Sleep Talk|p1a: The Fish
|move|p1a: The Fish|Curse|p1a: The Fish|[from] move: Sleep Talk
|
|upkeep
|turn|54
|
|t:|1776204741
|move|p2a: Ogerpon|Swords Dance|p2a: Ogerpon
|-boost|p2a: Ogerpon|atk|0
|cant|p1a: The Fish|slp
|move|p1a: The Fish|Sleep Talk|p1a: The Fish
|move|p1a: The Fish|Waterfall|p2a: Ogerpon|[from] move: Sleep Talk
|-immune|p2a: Ogerpon|[from] ability: Water Absorb
|
|upkeep
|turn|55
|
|t:|1776204744
|move|p2a: Ogerpon|Swords Dance|p2a: Ogerpon
|-boost|p2a: Ogerpon|atk|0
|-curestatus|p1a: The Fish|slp|[msg]
|move|p1a: The Fish|Waterfall|p2a: Ogerpon
|-immune|p2a: Ogerpon|[from] ability: Water Absorb
|
|upkeep
|turn|56
|
|t:|1776204748
|move|p2a: Ogerpon|Swords Dance|p2a: Ogerpon
|-boost|p2a: Ogerpon|atk|0
|move|p1a: The Fish|Waterfall|p2a: Ogerpon
|-immune|p2a: Ogerpon|[from] ability: Water Absorb
|
|upkeep
|turn|57
|
|t:|1776204752
|move|p2a: Ogerpon|Swords Dance|p2a: Ogerpon
|-boost|p2a: Ogerpon|atk|0
|move|p1a: The Fish|Waterfall|p2a: Ogerpon
|-immune|p2a: Ogerpon|[from] ability: Water Absorb
|
|upkeep
|turn|58
|
|t:|1776204756
|move|p2a: Ogerpon|Power Whip|p1a: The Fish
|-resisted|p1a: The Fish
|-damage|p1a: The Fish|97/100
|move|p1a: The Fish|Waterfall|p2a: Ogerpon
|-immune|p2a: Ogerpon|[from] ability: Water Absorb
|
|upkeep
|turn|59
|
|t:|1776204761
|move|p2a: Ogerpon|Swords Dance|p2a: Ogerpon
|-boost|p2a: Ogerpon|atk|0
|move|p1a: The Fish|Waterfall|p2a: Ogerpon
|-immune|p2a: Ogerpon|[from] ability: Water Absorb
|
|upkeep
|turn|60
|
|t:|1776204764
|move|p2a: Ogerpon|Swords Dance|p2a: Ogerpon
|-boost|p2a: Ogerpon|atk|0
|move|p1a: The Fish|Waterfall|p2a: Ogerpon
|-immune|p2a: Ogerpon|[from] ability: Water Absorb
|
|upkeep
|turn|61
|
|t:|1776204766
|move|p2a: Ogerpon|Swords Dance|p2a: Ogerpon
|-boost|p2a: Ogerpon|atk|0
|move|p1a: The Fish|Waterfall|p2a: Ogerpon
|-immune|p2a: Ogerpon|[from] ability: Water Absorb
|
|upkeep
|turn|62
|
|t:|1776204769
|move|p2a: Ogerpon|Swords Dance|p2a: Ogerpon
|-boost|p2a: Ogerpon|atk|0
|move|p1a: The Fish|Curse|p1a: The Fish
|
|upkeep
|turn|63
|
|t:|1776204771
|move|p2a: Ogerpon|Swords Dance|p2a: Ogerpon
|-boost|p2a: Ogerpon|atk|0
|move|p1a: The Fish|Curse|p1a: The Fish
|
|upkeep
|turn|64
|
|t:|1776204774
|move|p2a: Ogerpon|Swords Dance|p2a: Ogerpon
|-boost|p2a: Ogerpon|atk|0
|move|p1a: The Fish|Waterfall|p2a: Ogerpon
|-immune|p2a: Ogerpon|[from] ability: Water Absorb
|
|upkeep
|turn|65
|
|t:|1776204779
|move|p2a: Ogerpon|Swords Dance|p2a: Ogerpon
|-boost|p2a: Ogerpon|atk|0
|move|p1a: The Fish|Waterfall|p2a: Ogerpon
|-immune|p2a: Ogerpon|[from] ability: Water Absorb
|
|upkeep
|turn|66
|
|t:|1776204785
|move|p2a: Ogerpon|Swords Dance|p2a: Ogerpon
|-boost|p2a: Ogerpon|atk|0
|move|p1a: The Fish|Rest|p1a: The Fish
|-status|p1a: The Fish|slp|[from] move: Rest
|-heal|p1a: The Fish|100/100 slp|[silent]
|
|upkeep
|turn|67
|
|t:|1776204791
|move|p2a: Ogerpon|Swords Dance|p2a: Ogerpon
|-boost|p2a: Ogerpon|atk|0
|cant|p1a: The Fish|slp
|move|p1a: The Fish|Sleep Talk|p1a: The Fish
|move|p1a: The Fish|Waterfall|p2a: Ogerpon|[from] move: Sleep Talk
|-immune|p2a: Ogerpon|[from] ability: Water Absorb
|
|upkeep
|turn|68
|
|t:|1776204793
|move|p2a: Ogerpon|Swords Dance|p2a: Ogerpon
|-boost|p2a: Ogerpon|atk|0
|cant|p1a: The Fish|slp
|move|p1a: The Fish|Sleep Talk|p1a: The Fish
|move|p1a: The Fish|Waterfall|p2a: Ogerpon|[from] move: Sleep Talk
|-immune|p2a: Ogerpon|[from] ability: Water Absorb
|
|upkeep
|turn|69
|
|t:|1776204798
|move|p2a: Ogerpon|Swords Dance|p2a: Ogerpon
|-boost|p2a: Ogerpon|atk|0
|-curestatus|p1a: The Fish|slp|[msg]
|move|p1a: The Fish|Curse|p1a: The Fish
|
|upkeep
|turn|70
|
|t:|1776204803
|move|p2a: Ogerpon|Swords Dance|p2a: Ogerpon
|-boost|p2a: Ogerpon|atk|0
|move|p1a: The Fish|Waterfall|p2a: Ogerpon
|-immune|p2a: Ogerpon|[from] ability: Water Absorb
|
|upkeep
|turn|71
|
|t:|1776204805
|move|p2a: Ogerpon|Swords Dance|p2a: Ogerpon
|-boost|p2a: Ogerpon|atk|0
|move|p1a: The Fish|Waterfall|p2a: Ogerpon
|-immune|p2a: Ogerpon|[from] ability: Water Absorb
|
|upkeep
|turn|72
|
|t:|1776204807
|move|p2a: Ogerpon|Swords Dance|p2a: Ogerpon
|-boost|p2a: Ogerpon|atk|0
|move|p1a: The Fish|Waterfall|p2a: Ogerpon
|-immune|p2a: Ogerpon|[from] ability: Water Absorb
|
|upkeep
|turn|73
|
|t:|1776204809
|move|p2a: Ogerpon|Swords Dance|p2a: Ogerpon
|-boost|p2a: Ogerpon|atk|0
|move|p1a: The Fish|Waterfall|p2a: Ogerpon
|-immune|p2a: Ogerpon|[from] ability: Water Absorb
|
|upkeep
|turn|74
|
|t:|1776204816
|move|p2a: Ogerpon|Swords Dance|p2a: Ogerpon
|-boost|p2a: Ogerpon|atk|0
|move|p1a: The Fish|Waterfall|p2a: Ogerpon
|-immune|p2a: Ogerpon|[from] ability: Water Absorb
|
|upkeep
|turn|75
|
|t:|1776204825
|move|p2a: Ogerpon|Swords Dance|p2a: Ogerpon
|-boost|p2a: Ogerpon|atk|0
|move|p1a: The Fish|Waterfall|p2a: Ogerpon
|-immune|p2a: Ogerpon|[from] ability: Water Absorb
|
|upkeep
|turn|76
|
|t:|1776204828
|move|p2a: Ogerpon|Swords Dance|p2a: Ogerpon
|-boost|p2a: Ogerpon|atk|0
|move|p1a: The Fish|Waterfall|p2a: Ogerpon
|-immune|p2a: Ogerpon|[from] ability: Water Absorb
|
|upkeep
|turn|77
|
|t:|1776204834
|move|p2a: Ogerpon|Swords Dance|p2a: Ogerpon
|-boost|p2a: Ogerpon|atk|0
|move|p1a: The Fish|Curse|p1a: The Fish
|
|upkeep
|turn|78
|
|t:|1776204837
|move|p2a: Ogerpon|Swords Dance|p2a: Ogerpon
|-boost|p2a: Ogerpon|atk|0
|move|p1a: The Fish|Curse|p1a: The Fish
|
|upkeep
|turn|79
|
|t:|1776204842
|move|p2a: Ogerpon|Swords Dance|p2a: Ogerpon
|-boost|p2a: Ogerpon|atk|0
|move|p1a: The Fish|Curse|p1a: The Fish
|
|upkeep
|turn|80
|
|t:|1776204844
|move|p2a: Ogerpon|Swords Dance|p2a: Ogerpon
|-boost|p2a: Ogerpon|atk|0
|move|p1a: The Fish|Curse|p1a: The Fish
|
|upkeep
|turn|81
|
|t:|1776204846
|move|p2a: Ogerpon|Swords Dance|p2a: Ogerpon
|-boost|p2a: Ogerpon|atk|0
|move|p1a: The Fish|Curse|p1a: The Fish
|
|upkeep
|turn|82
|
|t:|1776204852
|move|p2a: Ogerpon|Ivy Cudgel|p1a: The Fish|[anim] Ivy Cudgel Water
|-resisted|p1a: The Fish
|-damage|p1a: The Fish|98/100
|move|p1a: The Fish|Rest|p1a: The Fish
|-status|p1a: The Fish|slp|[from] move: Rest
|-heal|p1a: The Fish|100/100 slp|[silent]
|
|upkeep
|turn|83
|
|t:|1776204855
|move|p2a: Ogerpon|Ivy Cudgel|p1a: The Fish|[anim] Ivy Cudgel Water
|-resisted|p1a: The Fish
|-damage|p1a: The Fish|97/100 slp
|cant|p1a: The Fish|slp
|move|p1a: The Fish|Sleep Talk|p1a: The Fish
|move|p1a: The Fish|Waterfall|p2a: Ogerpon|[from] move: Sleep Talk
|-immune|p2a: Ogerpon|[from] ability: Water Absorb
|
|upkeep
|turn|84
|
|t:|1776204858
|move|p2a: Ogerpon|Ivy Cudgel|p1a: The Fish|[anim] Ivy Cudgel Water
|-resisted|p1a: The Fish
|-damage|p1a: The Fish|93/100 slp
|cant|p1a: The Fish|slp
|move|p1a: The Fish|Sleep Talk|p1a: The Fish
|move|p1a: The Fish|Curse|p1a: The Fish|[from] move: Sleep Talk
|
|upkeep
|turn|85
|
|t:|1776204862
|move|p2a: Ogerpon|Power Whip|p1a: The Fish|[miss]
|-miss|p2a: Ogerpon|p1a: The Fish
|-curestatus|p1a: The Fish|slp|[msg]
|move|p1a: The Fish|Rest|p1a: The Fish
|-status|p1a: The Fish|slp|[from] move: Rest
|-heal|p1a: The Fish|100/100 slp|[silent]
|
|upkeep
|turn|86
|
|t:|1776204864
|move|p2a: Ogerpon|Power Whip|p1a: The Fish
|-resisted|p1a: The Fish
|-damage|p1a: The Fish|96/100 slp
|cant|p1a: The Fish|slp
|move|p1a: The Fish|Sleep Talk|p1a: The Fish
|move|p1a: The Fish|Waterfall|p2a: Ogerpon|[from] move: Sleep Talk
|-immune|p2a: Ogerpon|[from] ability: Water Absorb
|
|upkeep
|turn|87
|
|t:|1776204867
|move|p2a: Ogerpon|Power Whip|p1a: The Fish
|-resisted|p1a: The Fish
|-damage|p1a: The Fish|93/100 slp
|cant|p1a: The Fish|slp
|move|p1a: The Fish|Sleep Talk|p1a: The Fish
|move|p1a: The Fish|Curse|p1a: The Fish|[from] move: Sleep Talk
|
|upkeep
|turn|88
|
|t:|1776204871
|move|p2a: Ogerpon|Power Whip|p1a: The Fish
|-resisted|p1a: The Fish
|-damage|p1a: The Fish|89/100 slp
|-curestatus|p1a: The Fish|slp|[msg]
|move|p1a: The Fish|Rest|p1a: The Fish
|-status|p1a: The Fish|slp|[from] move: Rest
|-heal|p1a: The Fish|100/100 slp|[silent]
|
|upkeep
|turn|89
|
|t:|1776204876
|move|p2a: Ogerpon|Power Whip|p1a: The Fish
|-resisted|p1a: The Fish
|-damage|p1a: The Fish|97/100 slp
|cant|p1a: The Fish|slp
|move|p1a: The Fish|Sleep Talk|p1a: The Fish
|move|p1a: The Fish|Curse|p1a: The Fish|[from] move: Sleep Talk
|
|upkeep
|turn|90
|
|t:|1776204879
|move|p2a: Ogerpon|Power Whip|p1a: The Fish
|-resisted|p1a: The Fish
|-damage|p1a: The Fish|93/100 slp
|cant|p1a: The Fish|slp
|move|p1a: The Fish|Sleep Talk|p1a: The Fish
|move|p1a: The Fish|Waterfall|p2a: Ogerpon|[from] move: Sleep Talk
|-immune|p2a: Ogerpon|[from] ability: Water Absorb
|
|upkeep
|turn|91
|
|t:|1776204887
|move|p2a: Ogerpon|Power Whip|p1a: The Fish
|-resisted|p1a: The Fish
|-damage|p1a: The Fish|89/100 slp
|-curestatus|p1a: The Fish|slp|[msg]
|move|p1a: The Fish|Curse|p1a: The Fish
|
|upkeep
|turn|92
|
|t:|1776204890
|move|p2a: Ogerpon|Power Whip|p1a: The Fish
|-resisted|p1a: The Fish
|-damage|p1a: The Fish|85/100
|-activate|p1a: The Fish|move: Struggle
|move|p1a: The Fish|Struggle|p2a: Ogerpon
|-damage|p2a: Ogerpon|46/100
|-damage|p1a: The Fish|60/100|[from] recoil
|
|upkeep
|turn|93
|
|t:|1776204893
|move|p2a: Ogerpon|Power Whip|p1a: The Fish|[miss]
|-miss|p2a: Ogerpon|p1a: The Fish
|-activate|p1a: The Fish|move: Struggle
|move|p1a: The Fish|Struggle|p2a: Ogerpon
|-damage|p2a: Ogerpon|0 fnt
|faint|p2a: Ogerpon
|-damage|p1a: The Fish|35/100|[from] recoil
|
|upkeep
|
|t:|1776204895
|switch|p2a: Dragonite|Dragonite, M, tera:Normal|100/100
|turn|94
|
|t:|1776204899
|move|p2a: Dragonite|Ice Spinner|p1a: The Fish
|-supereffective|p1a: The Fish
|-damage|p1a: The Fish|28/100
|-activate|p1a: The Fish|move: Struggle
|move|p1a: The Fish|Struggle|p2a: Dragonite
|-damage|p2a: Dragonite|76/100
|-damage|p1a: The Fish|3/100|[from] recoil
|
|upkeep
|turn|95
|
|t:|1776204905
|move|p2a: Dragonite|Ice Spinner|p1a: The Fish
|-supereffective|p1a: The Fish
|-damage|p1a: The Fish|0 fnt
|faint|p1a: The Fish
|
|win|dedic
|raw|MeAndTheBorthers's rating: 1431 &rarr; <strong>1415</strong><br />(-16 for losing)
|raw|dedic's rating: 1510 &rarr; <strong>1526</strong><br />(+16 for winning)
