|html|<div class="broadcast-blue"><strong>[Gen 9] OU is currently suspecting Tera Blast! For information on how to participate check out the <a href="https://www.smogon.com/tools/suspects/view/200">suspect thread</a>.</strong></div>
|j|☆beeboobaa
|j|☆thesauce208
|t:|1776035971
|gametype|singles
|player|p1|beeboobaa|265|1308
|player|p2|thesauce208|drayden|1297
|gen|9
|tier|[Gen 9] OU
|rated|
|rule|HP Percentage Mod: HP is shown in percentages
|rule|Endless Battle Clause: Forcing endless battles is banned
|rule|Species Clause: Limit one of each Pokémon
|rule|OHKO Clause: OHKO moves are banned
|rule|Evasion Items Clause: Evasion items are banned
|rule|Evasion Moves Clause: Evasion moves are banned
|rule|Evasion Abilities Clause: Evasion abilities are banned
|rule|Sleep Moves Clause: Sleep-inducing moves are banned
|clearpoke
|poke|p1|Clefable, F|
|poke|p1|Slowbro, F|
|poke|p1|Gengar, F|
|poke|p1|Chansey, F|
|poke|p1|Ditto|
|poke|p1|Dragonite, M|
|poke|p2|Kyurem|
|poke|p2|Great Tusk|
|poke|p2|Raging Bolt|
|poke|p2|Iron Valiant|
|poke|p2|Gholdengo|
|poke|p2|Deoxys-Speed|
|teampreview
|inactive|Battle timer is ON: inactive players will automatically lose when time's up. (requested by beeboobaa)
|
|t:|1776035976
|teamsize|p1|6
|teamsize|p2|6
|start
|switch|p1a: Ditto|Ditto|100/100
|switch|p2a: Deoxys|Deoxys-Speed|100/100
|-ability|p2a: Deoxys|Pressure
|-transform|p1a: Ditto|p2a: Deoxys|[from] ability: Imposter
|-ability|p1a: Ditto|Pressure
|turn|1
|
|t:|1776036002
|switch|p2a: Gholdengo|Gholdengo|100/100
|move|p1a: Ditto|Stealth Rock|p2a: Gholdengo
|-sidestart|p2: thesauce208|move: Stealth Rock
|
|upkeep
|turn|2
|
|t:|1776036007
|switch|p1a: Chansey|Chansey, F|100/100
|move|p2a: Gholdengo|Nasty Plot|p2a: Gholdengo
|-boost|p2a: Gholdengo|spa|2
|
|upkeep
|turn|3
|
|t:|1776036011
|move|p2a: Gholdengo|Focus Blast|p1a: Chansey
|-supereffective|p1a: Chansey
|-damage|p1a: Chansey|53/100
|move|p1a: Chansey|Calm Mind|p1a: Chansey
|-boost|p1a: Chansey|spa|1
|-boost|p1a: Chansey|spd|1
|
|upkeep
|turn|4
|
|t:|1776036022
|move|p2a: Gholdengo|Nasty Plot|p2a: Gholdengo
|-boost|p2a: Gholdengo|spa|2
|move|p1a: Chansey|Soft-Boiled|p1a: Chansey
|-heal|p1a: Chansey|100/100
|
|upkeep
|turn|5
|
|t:|1776036029
|move|p2a: Gholdengo|Focus Blast|p1a: Chansey
|-supereffective|p1a: Chansey
|-damage|p1a: Chansey|54/100
|move|p1a: Chansey|Calm Mind|p1a: Chansey
|-boost|p1a: Chansey|spa|1
|-boost|p1a: Chansey|spd|1
|
|upkeep
|turn|6
|
|t:|1776036033
|move|p2a: Gholdengo|Nasty Plot|p2a: Gholdengo
|-boost|p2a: Gholdengo|spa|2
|move|p1a: Chansey|Soft-Boiled|p1a: Chansey
|-heal|p1a: Chansey|100/100
|
|upkeep
|turn|7
|
|t:|1776036036
|move|p2a: Gholdengo|Focus Blast|p1a: Chansey
|-supereffective|p1a: Chansey
|-damage|p1a: Chansey|54/100
|move|p1a: Chansey|Shadow Ball|p2a: Gholdengo
|-supereffective|p2a: Gholdengo
|-damage|p2a: Gholdengo|58/100
|
|upkeep
|turn|8
|
|t:|1776036044
|move|p2a: Gholdengo|Focus Blast|p1a: Chansey
|-supereffective|p1a: Chansey
|-damage|p1a: Chansey|4/100
|move|p1a: Chansey|Shadow Ball|p2a: Gholdengo
|-supereffective|p2a: Gholdengo
|-damage|p2a: Gholdengo|15/100
|-unboost|p2a: Gholdengo|spd|1
|
|upkeep
|turn|9
|
|t:|1776036053
|move|p2a: Gholdengo|Make It Rain|p1a: Chansey
|-damage|p1a: Chansey|0 fnt
|-unboost|p2a: Gholdengo|spa|1
|faint|p1a: Chansey
|
|upkeep
|
|t:|1776036056
|switch|p1a: Ditto|Ditto|100/100
|-transform|p1a: Ditto|p2a: Gholdengo|[from] ability: Imposter
|turn|10
|
|t:|1776036073
|move|p1a: Ditto|Shadow Ball|p2a: Gholdengo
|-supereffective|p2a: Gholdengo
|-damage|p2a: Gholdengo|0 fnt
|faint|p2a: Gholdengo
|
|upkeep
|inactive|thesauce208 has 120 seconds left.
|
|t:|1776036101
|switch|p2a: Raging Bolt|Raging Bolt|100/100
|-damage|p2a: Raging Bolt|88/100|[from] Stealth Rock
|turn|11
|
|t:|1776036110
|move|p2a: Raging Bolt|Thunderclap|p1a: Ditto
|-damage|p1a: Ditto|36/100
|move|p1a: Ditto|Shadow Ball|p2a: Raging Bolt
|-damage|p2a: Raging Bolt|0 fnt
|faint|p2a: Raging Bolt
|-end|p2a: Raging Bolt|Protosynthesis|[silent]
|
|upkeep
|inactive|thesauce208 has 120 seconds left.
|
|t:|1776036132
|switch|p2a: Great Tusk|Great Tusk|100/100
|-damage|p2a: Great Tusk|97/100|[from] Stealth Rock
|-enditem|p2a: Great Tusk|Booster Energy
|-activate|p2a: Great Tusk|ability: Protosynthesis|[fromitem]
|-start|p2a: Great Tusk|protosynthesisspe
|turn|12
|inactive|thesauce208 has 120 seconds left.
|
|t:|1776036139
|move|p2a: Great Tusk|Knock Off|p1a: Ditto
|-supereffective|p1a: Ditto
|-damage|p1a: Ditto|0 fnt
|-enditem|p1a: Ditto|Choice Scarf|[from] move: Knock Off|[of] p2a: Great Tusk
|faint|p1a: Ditto
|
|upkeep
|
|t:|1776036147
|switch|p1a: Clefable|Clefable, F|100/100
|turn|13
|
|t:|1776036158
|-end|p2a: Great Tusk|Protosynthesis|[silent]
|switch|p2a: Deoxys|Deoxys-Speed|100/100
|-damage|p2a: Deoxys|88/100|[from] Stealth Rock
|-ability|p2a: Deoxys|Pressure
|move|p1a: Clefable|Moonblast|p2a: Deoxys
|-damage|p2a: Deoxys|35/100
|
|upkeep
|turn|14
|
|t:|1776036169
|move|p2a: Deoxys|Skill Swap|p1a: Clefable
|-activate|p2a: Deoxys|Skill Swap|Magic Guard|Pressure|[of] p1a: Clefable
|-ability|p1a: Clefable|Pressure
|move|p1a: Clefable|Moonlight|p1a: Clefable
|-fail|p1a: Clefable|heal
|
|upkeep
|turn|15
|
|t:|1776036179
|move|p2a: Deoxys|Stealth Rock|p1a: Clefable
|-sidestart|p1: beeboobaa|move: Stealth Rock
|move|p1a: Clefable|Moonblast|p2a: Deoxys
|-damage|p2a: Deoxys|0 fnt
|faint|p2a: Deoxys
|
|upkeep
|
|t:|1776036190
|switch|p2a: Kyurem|Kyurem, shiny|100/100
|-damage|p2a: Kyurem|76/100|[from] Stealth Rock
|-ability|p2a: Kyurem|Pressure
|turn|16
|
|t:|1776036194
|-terastallize|p2a: Kyurem|Ground
|move|p2a: Kyurem|Dragon Dance|p2a: Kyurem
|-boost|p2a: Kyurem|atk|1
|-boost|p2a: Kyurem|spe|1
|move|p1a: Clefable|Moonblast|p2a: Kyurem
|-damage|p2a: Kyurem|48/100
|-unboost|p2a: Kyurem|spa|1
|
|upkeep
|turn|17
|
|t:|1776036210
|move|p2a: Kyurem|Dragon Dance|p2a: Kyurem
|-boost|p2a: Kyurem|atk|1
|-boost|p2a: Kyurem|spe|1
|move|p1a: Clefable|Moonblast|p2a: Kyurem
|-damage|p2a: Kyurem|17/100
|
|upkeep
|turn|18
|
|t:|1776036215
|move|p2a: Kyurem|Icicle Spear|p1a: Clefable
|-damage|p1a: Clefable|81/100
|-damage|p1a: Clefable|61/100
|-damage|p1a: Clefable|41/100
|-damage|p1a: Clefable|22/100
|-crit|p1a: Clefable
|-damage|p1a: Clefable|0 fnt
|faint|p1a: Clefable
|-hitcount|p1: Clefable|5
|
|upkeep
|
|t:|1776036240
|switch|p1a: Slowbro|Slowbro, F|100/100
|-damage|p1a: Slowbro|88/100|[from] Stealth Rock
|turn|19
|inactive|beeboobaa has 120 seconds left.
|
|t:|1776036262
|move|p2a: Kyurem|Scale Shot|p1a: Slowbro
|-damage|p1a: Slowbro|73/100
|-damage|p1a: Slowbro|56/100
|-damage|p1a: Slowbro|42/100
|-damage|p1a: Slowbro|26/100
|-hitcount|p1a: Slowbro|4
|-unboost|p2a: Kyurem|def|1
|-boost|p2a: Kyurem|spe|1
|move|p1a: Slowbro|Body Press|p2a: Kyurem
|-damage|p2a: Kyurem|0 fnt
|faint|p2a: Kyurem
|
|upkeep
|
|t:|1776036282
|switch|p2a: Great Tusk|Great Tusk|97/100
|-damage|p2a: Great Tusk|94/100|[from] Stealth Rock
|turn|20
|
|t:|1776036292
|move|p2a: Great Tusk|Knock Off|p1a: Slowbro
|-supereffective|p1a: Slowbro
|-damage|p1a: Slowbro|0 fnt
|-damage|p2a: Great Tusk|78/100|[from] item: Rocky Helmet|[of] p1a: Slowbro
|-enditem|p1a: Slowbro|Rocky Helmet|[from] move: Knock Off|[of] p2a: Great Tusk
|faint|p1a: Slowbro
|
|upkeep
|inactive|beeboobaa has 120 seconds left.
|
|t:|1776036312
|switch|p1a: Gengar|Gengar, F, shiny|100/100
|-damage|p1a: Gengar|88/100|[from] Stealth Rock
|turn|21
|
|t:|1776036321
|move|p1a: Gengar|Shadow Ball|p2a: Great Tusk
|-damage|p2a: Great Tusk|16/100
|move|p2a: Great Tusk|Headlong Rush|p1a: Gengar
|-supereffective|p1a: Gengar
|-damage|p1a: Gengar|0 fnt
|-unboost|p2a: Great Tusk|def|1
|-unboost|p2a: Great Tusk|spd|1
|faint|p1a: Gengar
|
|upkeep
|
|t:|1776036325
|switch|p1a: Dragonite|Dragonite, M|100/100
|turn|22
|inactive|beeboobaa has 120 seconds left.
|
|t:|1776036342
|move|p2a: Great Tusk|Ice Spinner|p1a: Dragonite
|-supereffective|p1a: Dragonite
|-damage|p1a: Dragonite|56/100
|move|p1a: Dragonite|Dragon Dance|p1a: Dragonite
|-boost|p1a: Dragonite|atk|1
|-boost|p1a: Dragonite|spe|1
|
|upkeep
|turn|23
|inactive|beeboobaa has 120 seconds left.
|
|t:|1776036350
|-terastallize|p1a: Dragonite|Steel
|move|p1a: Dragonite|Dragon Dance|p1a: Dragonite
|-boost|p1a: Dragonite|atk|1
|-boost|p1a: Dragonite|spe|1
|move|p2a: Great Tusk|Ice Spinner|p1a: Dragonite
|-resisted|p1a: Dragonite
|-damage|p1a: Dragonite|45/100
|
|upkeep
|turn|24
|
|t:|1776036359
|move|p1a: Dragonite|Ice Spinner|p2a: Great Tusk
|-supereffective|p2a: Great Tusk
|-damage|p2a: Great Tusk|0 fnt
|faint|p2a: Great Tusk
|-end|p2a: Great Tusk|Protosynthesis|[silent]
|
|upkeep
|
|t:|1776036362
|switch|p2a: Iron Valiant|Iron Valiant|100/100
|-damage|p2a: Iron Valiant|94/100|[from] Stealth Rock
|-enditem|p2a: Iron Valiant|Booster Energy
|-activate|p2a: Iron Valiant|ability: Quark Drive|[fromitem]
|-start|p2a: Iron Valiant|quarkdrivespe
|turn|25
|
|t:|1776036367
|move|p2a: Iron Valiant|Close Combat|p1a: Dragonite
|-supereffective|p1a: Dragonite
|-damage|p1a: Dragonite|0 fnt
|-unboost|p2a: Iron Valiant|def|1
|-unboost|p2a: Iron Valiant|spd|1
|faint|p1a: Dragonite
|
|win|thesauce208
|raw|beeboobaa's rating: 1308 &rarr; <strong>1287</strong><br />(-21 for losing)
|raw|thesauce208's rating: 1297 &rarr; <strong>1323</strong><br />(+26 for winning)
|l|☆beeboobaa
|player|p1|
|l|☆thesauce208
|player|p2|
