|html|<div class="broadcast-blue"><strong>[Gen 9] OU is currently suspecting Tera Blast! For information on how to participate check out the <a href="https://www.smogon.com/tools/suspects/view/200">suspect thread</a>.</strong></div>
|j|☆NojaKalm
|j|☆papapanini
|t:|1776115456
|gametype|singles
|player|p1|NojaKalm|169|1546
|player|p2|papapanini|266|1544
|gen|9
|tier|[Gen 9] OU
|rated|
|rule|HP Percentage Mod: HP is shown in percentages
|rule|Endless Battle Clause: Forcing endless battles is banned
|rule|Species Clause: Limit one of each Pokémon
|rule|OHKO Clause: OHKO moves are banned
|rule|Evasion Items Clause: Evasion items are banned
|rule|Evasion Moves Clause: Evasion moves are banned
|rule|Evasion Abilities Clause: Evasion abilities are banned
|rule|Sleep Moves Clause: Sleep-inducing moves are banned
|clearpoke
|poke|p1|Comfey, M|
|poke|p1|Whimsicott, M|
|poke|p1|Iron Moth|
|poke|p1|Walking Wake|
|poke|p1|Great Tusk|
|poke|p1|Ninetales, M|
|poke|p2|Tinkaton, F|
|poke|p2|Ogerpon, F|
|poke|p2|Great Tusk|
|poke|p2|Pecharunt|
|poke|p2|Alomomola, M|
|poke|p2|Hydreigon, M|
|teampreview
|inactive|Battle timer is ON: inactive players will automatically lose when time's up. (requested by NojaKalm)
|inactive|papapanini also wants the timer to be on.
|
|t:|1776115484
|teamsize|p1|6
|teamsize|p2|6
|start
|switch|p1a: Ninetales|Ninetales, M|100/100
|switch|p2a: Tinkaton|Tinkaton, F, shiny|100/100
|-weather|SunnyDay|[from] ability: Drought|[of] p1a: Ninetales
|-item|p2a: Tinkaton|Air Balloon
|turn|1
|
|t:|1776115493
|switch|p2a: Alomomola|Alomomola, M, shiny|100/100
|move|p1a: Ninetales|Will-O-Wisp|p2a: Alomomola
|-status|p2a: Alomomola|brn
|
|-weather|SunnyDay|[upkeep]
|-damage|p2a: Alomomola|94/100 brn|[from] brn
|upkeep
|turn|2
|
|t:|1776115498
|switch|p1a: Whimsicott|Whimsicott, M|100/100
|move|p2a: Alomomola|Flip Turn|p1a: Whimsicott
|-resisted|p1a: Whimsicott
|-crit|p1a: Whimsicott
|-damage|p1a: Whimsicott|97/100
|
|t:|1776115509
|switch|p2a: Pecharunt|Pecharunt|100/100|[from] Flip Turn
|
|-weather|SunnyDay|[upkeep]
|upkeep
|turn|3
|inactive|NojaKalm has 120 seconds left.
|
|t:|1776115544
|switch|p1a: Iron Moth|Iron Moth|100/100
|-enditem|p1a: Iron Moth|Booster Energy
|-activate|p1a: Iron Moth|ability: Quark Drive|[fromitem]
|-start|p1a: Iron Moth|quarkdrivespa
|move|p2a: Pecharunt|Malignant Chain|p1a: Iron Moth
|-resisted|p1a: Iron Moth
|-damage|p1a: Iron Moth|86/100
|
|-weather|SunnyDay|[upkeep]
|upkeep
|turn|4
|
|t:|1776115548
|move|p1a: Iron Moth|Fiery Dance|p2a: Pecharunt
|-damage|p2a: Pecharunt|21/100
|move|p2a: Pecharunt|Parting Shot|p1a: Iron Moth
|-unboost|p1a: Iron Moth|atk|1
|-unboost|p1a: Iron Moth|spa|1
|
|t:|1776115552
|switch|p2a: Alomomola|Alomomola, M, shiny|100/100 brn|[from] Parting Shot
|
|-weather|SunnyDay|[upkeep]
|-damage|p2a: Alomomola|94/100 brn|[from] brn
|upkeep
|turn|5
|
|t:|1776115558
|move|p2a: Alomomola|Aqua Jet|p1a: Iron Moth
|-supereffective|p1a: Iron Moth
|-damage|p1a: Iron Moth|75/100
|move|p1a: Iron Moth|Solar Beam||[still]
|-prepare|p1a: Iron Moth|Solar Beam
|-anim|p1a: Iron Moth|Solar Beam|p2a: Alomomola
|-supereffective|p2a: Alomomola
|-damage|p2a: Alomomola|54/100 brn
|
|-weather|SunnyDay|[upkeep]
|-damage|p2a: Alomomola|48/100 brn|[from] brn
|upkeep
|turn|6
|
|t:|1776115563
|move|p1a: Iron Moth|Solar Beam||[still]
|-prepare|p1a: Iron Moth|Solar Beam
|-anim|p1a: Iron Moth|Solar Beam|p2a: Alomomola
|-supereffective|p2a: Alomomola
|-damage|p2a: Alomomola|8/100 brn
|move|p2a: Alomomola|Mirror Coat|p1a: Iron Moth
|-damage|p1a: Iron Moth|0 fnt
|faint|p1a: Iron Moth
|-end|p1a: Iron Moth|Quark Drive|[silent]
|
|-weather|SunnyDay|[upkeep]
|-damage|p2a: Alomomola|2/100 brn|[from] brn
|upkeep
|
|t:|1776115570
|switch|p1a: Whimsicott|Whimsicott, M|97/100
|turn|7
|
|t:|1776115573
|switch|p2a: Pecharunt|Pecharunt|21/100
|move|p1a: Whimsicott|Growth|p1a: Whimsicott
|-boost|p1a: Whimsicott|atk|2
|-boost|p1a: Whimsicott|spa|2
|
|-weather|SunnyDay|[upkeep]
|upkeep
|turn|8
|
|t:|1776115577
|move|p1a: Whimsicott|Shadow Ball|p2a: Pecharunt
|-supereffective|p2a: Pecharunt
|-damage|p2a: Pecharunt|0 fnt
|faint|p2a: Pecharunt
|-damage|p1a: Whimsicott|87/100|[from] item: Life Orb
|
|-weather|none
|upkeep
|
|t:|1776115584
|switch|p2a: Hydreigon|Hydreigon, M, shiny|100/100
|turn|9
|inactive|NojaKalm has 120 seconds left.
|
|t:|1776115625
|switch|p1a: Ninetales|Ninetales, M|100/100
|-weather|SunnyDay|[from] ability: Drought|[of] p1a: Ninetales
|-terastallize|p2a: Hydreigon|Steel
|move|p2a: Hydreigon|Flash Cannon|p1a: Ninetales
|-resisted|p1a: Ninetales
|-damage|p1a: Ninetales|82/100
|
|-weather|SunnyDay|[upkeep]
|upkeep
|turn|10
|
|t:|1776115633
|switch|p2a: Alomomola|Alomomola, M, shiny|35/100 brn
|switch|p1a: Whimsicott|Whimsicott, M|87/100
|
|-weather|SunnyDay|[upkeep]
|-damage|p2a: Alomomola|29/100 brn|[from] brn
|upkeep
|turn|11
|
|t:|1776115644
|switch|p2a: Hydreigon|Hydreigon, M, shiny, tera:Steel|100/100
|move|p1a: Whimsicott|Growth|p1a: Whimsicott
|-boost|p1a: Whimsicott|atk|2
|-boost|p1a: Whimsicott|spa|2
|
|-weather|SunnyDay|[upkeep]
|upkeep
|turn|12
|
|t:|1776115658
|-terastallize|p1a: Whimsicott|Ghost
|move|p1a: Whimsicott|Shadow Ball|p2a: Hydreigon
|-damage|p2a: Hydreigon|5/100
|-damage|p1a: Whimsicott|78/100|[from] item: Life Orb
|move|p2a: Hydreigon|Flash Cannon|p1a: Whimsicott
|-damage|p1a: Whimsicott|23/100
|
|-weather|SunnyDay|[upkeep]
|upkeep
|turn|13
|inactive|papapanini has 120 seconds left.
|
|t:|1776115699
|move|p1a: Whimsicott|Giga Drain|p2a: Hydreigon
|-resisted|p2a: Hydreigon
|-damage|p2a: Hydreigon|0 fnt
|-heal|p1a: Whimsicott|26/100|[from] drain|[of] p2a: Hydreigon
|faint|p2a: Hydreigon
|-damage|p1a: Whimsicott|16/100|[from] item: Life Orb
|
|-weather|SunnyDay|[upkeep]
|upkeep
|
|t:|1776115701
|switch|p2a: Tinkaton|Tinkaton, F, shiny|100/100
|-item|p2a: Tinkaton|Air Balloon
|turn|14
|inactive|papapanini has 120 seconds left.
|inactive|NojaKalm has 120 seconds left.
|
|t:|1776115752
|move|p1a: Whimsicott|Shadow Ball|p2a: Tinkaton
|-damage|p2a: Tinkaton|17/100
|-enditem|p2a: Tinkaton|Air Balloon
|-damage|p1a: Whimsicott|6/100|[from] item: Life Orb
|move|p2a: Tinkaton|Gigaton Hammer|p1a: Whimsicott
|-damage|p1a: Whimsicott|0 fnt
|faint|p1a: Whimsicott
|
|-weather|SunnyDay|[upkeep]
|upkeep
|
|t:|1776115758
|switch|p1a: Walking Wake|Walking Wake|100/100
|-activate|p1a: Walking Wake|ability: Protosynthesis
|-start|p1a: Walking Wake|protosynthesisspe
|turn|15
|inactive|papapanini has 120 seconds left.
|
|t:|1776115767
|move|p1a: Walking Wake|Hydro Steam|p2a: Tinkaton
|-damage|p2a: Tinkaton|0 fnt
|faint|p2a: Tinkaton
|
|-weather|SunnyDay|[upkeep]
|upkeep
|
|t:|1776115770
|switch|p2a: Alomomola|Alomomola, M, shiny|62/100 brn
|turn|16
|
|t:|1776115779
|move|p1a: Walking Wake|Flip Turn|p2a: Alomomola
|-resisted|p2a: Alomomola
|-damage|p2a: Alomomola|59/100 brn
|
|t:|1776115782
|-end|p1a: Walking Wake|Protosynthesis|[silent]
|switch|p1a: Great Tusk|Great Tusk|100/100|[from] Flip Turn
|-activate|p1a: Great Tusk|ability: Protosynthesis
|-start|p1a: Great Tusk|protosynthesisspe
|move|p2a: Alomomola|Mirror Coat||[still]
|-fail|p2a: Alomomola
|
|-weather|none
|-end|p1a: Great Tusk|Protosynthesis
|-damage|p2a: Alomomola|53/100 brn|[from] brn
|upkeep
|turn|17
|
|t:|1776115790
|switch|p2a: Great Tusk|Great Tusk, shiny|100/100
|move|p1a: Great Tusk|Stealth Rock|p2a: Great Tusk
|-sidestart|p2: papapanini|move: Stealth Rock
|
|upkeep
|turn|18
|
|t:|1776115815
|move|p2a: Great Tusk|Headlong Rush|p1a: Great Tusk
|-damage|p1a: Great Tusk|64/100
|-unboost|p2a: Great Tusk|def|1
|-unboost|p2a: Great Tusk|spd|1
|-damage|p2a: Great Tusk|84/100|[from] item: Rocky Helmet|[of] p1a: Great Tusk
|move|p1a: Great Tusk|Ice Spinner|p2a: Great Tusk
|-supereffective|p2a: Great Tusk
|-damage|p2a: Great Tusk|35/100
|
|upkeep
|turn|19
|
|t:|1776115832
|-end|p2a: Great Tusk|Protosynthesis|[silent]
|switch|p2a: Alomomola|Alomomola, M, shiny|86/100 brn
|-damage|p2a: Alomomola|73/100 brn|[from] Stealth Rock
|move|p1a: Great Tusk|Ice Spinner|p2a: Alomomola
|-resisted|p2a: Alomomola
|-damage|p2a: Alomomola|65/100 brn
|
|-damage|p2a: Alomomola|59/100 brn|[from] brn
|upkeep
|turn|20
|
|t:|1776115841
|move|p1a: Great Tusk|Rapid Spin|p2a: Alomomola
|-damage|p2a: Alomomola|47/100 brn
|-boost|p1a: Great Tusk|spe|1
|move|p2a: Alomomola|Flip Turn|p1a: Great Tusk
|-supereffective|p1a: Great Tusk
|-damage|p1a: Great Tusk|53/100
|-damage|p2a: Alomomola|30/100 brn|[from] item: Rocky Helmet|[of] p1a: Great Tusk
|
|t:|1776115848
|switch|p2a: Ogerpon|Ogerpon, F|100/100|[from] Flip Turn
|-damage|p2a: Ogerpon|88/100|[from] Stealth Rock
|
|upkeep
|turn|21
|
|t:|1776115853
|move|p1a: Great Tusk|Ice Spinner|p2a: Ogerpon
|-supereffective|p2a: Ogerpon
|-damage|p2a: Ogerpon|22/100
|move|p2a: Ogerpon|Ivy Cudgel|p1a: Great Tusk
|-supereffective|p1a: Great Tusk
|-damage|p1a: Great Tusk|0 fnt
|faint|p1a: Great Tusk
|-end|p1a: Great Tusk|Protosynthesis|[silent]
|
|upkeep
|
|t:|1776115860
|switch|p1a: Ninetales|Ninetales, M|82/100
|-weather|SunnyDay|[from] ability: Drought|[of] p1a: Ninetales
|turn|22
|
|t:|1776115868
|switch|p2a: Great Tusk|Great Tusk, shiny|35/100
|-activate|p2a: Great Tusk|ability: Protosynthesis
|-start|p2a: Great Tusk|protosynthesisatk
|move|p1a: Ninetales|Weather Ball|p2a: Great Tusk
|-damage|p2a: Great Tusk|0 fnt
|faint|p2a: Great Tusk
|-end|p2a: Great Tusk|Protosynthesis|[silent]
|
|-weather|SunnyDay|[upkeep]
|upkeep
|
|t:|1776115871
|switch|p2a: Alomomola|Alomomola, M, shiny|64/100 brn
|-damage|p2a: Alomomola|51/100 brn|[from] Stealth Rock
|turn|23
|
|t:|1776115884
|switch|p1a: Comfey|Comfey, M|100/100
|move|p2a: Alomomola|Flip Turn|p1a: Comfey
|-damage|p1a: Comfey|96/100
|
|t:|1776115889
|switch|p2a: Ogerpon|Ogerpon, F|22/100|[from] Flip Turn
|-damage|p2a: Ogerpon|9/100|[from] Stealth Rock
|
|-weather|SunnyDay|[upkeep]
|upkeep
|turn|24
|
|t:|1776115897
|move|p1a: Comfey|Draining Kiss|p2a: Ogerpon
|-damage|p2a: Ogerpon|0 fnt
|-heal|p1a: Comfey|100/100|[from] drain|[of] p2a: Ogerpon
|faint|p2a: Ogerpon
|-damage|p1a: Comfey|91/100|[from] item: Life Orb
|
|-weather|SunnyDay|[upkeep]
|upkeep
|-message|papapanini forfeited.
|
|win|NojaKalm
|raw|NojaKalm's rating: 1546 &rarr; <strong>1566</strong><br />(+20 for winning)
|raw|papapanini's rating: 1544 &rarr; <strong>1524</strong><br />(-20 for losing)
|l|☆papapanini
|player|p2|
|l|☆NojaKalm
|player|p1|
