|html|<div class="broadcast-blue"><strong>[Gen 9] OU is currently suspecting Tera Blast! For information on how to participate check out the <a href="https://www.smogon.com/tools/suspects/view/200">suspect thread</a>.</strong></div>
|j|☆leezee-yy
|j|☆joaogotty
|t:|1776178799
|gametype|singles
|player|p1|leezee-yy|steven|1426
|player|p2|joaogotty|cynthia-masters4|1488
|gen|9
|tier|[Gen 9] OU
|rated|
|rule|HP Percentage Mod: HP is shown in percentages
|rule|Endless Battle Clause: Forcing endless battles is banned
|rule|Species Clause: Limit one of each Pokémon
|rule|OHKO Clause: OHKO moves are banned
|rule|Evasion Items Clause: Evasion items are banned
|rule|Evasion Moves Clause: Evasion moves are banned
|rule|Evasion Abilities Clause: Evasion abilities are banned
|rule|Sleep Moves Clause: Sleep-inducing moves are banned
|clearpoke
|poke|p1|Zapdos|
|poke|p1|Metagross|
|poke|p1|Conkeldurr, F|
|poke|p1|Meowscarada, F|
|poke|p1|Gengar, M|
|poke|p1|Landorus-Therian, M|
|poke|p2|Dondozo, F|
|poke|p2|Blissey, F|
|poke|p2|Corviknight, F|
|poke|p2|Weezing-Galar, F|
|poke|p2|Gliscor, M|
|poke|p2|Toxapex, F|
|teampreview
|inactive|Battle timer is ON: inactive players will automatically lose when time's up. (requested by leezee-yy)
|
|t:|1776178815
|teamsize|p1|6
|teamsize|p2|6
|start
|switch|p1a: Metagross|Metagross|100/100
|switch|p2a: Toxapex|Toxapex, F|100/100
|turn|1
|
|t:|1776178822
|switch|p2a: Corviknight|Corviknight, F|100/100
|-ability|p2a: Corviknight|Pressure
|move|p1a: Metagross|Knock Off|p2a: Corviknight
|-damage|p2a: Corviknight|78/100
|-enditem|p2a: Corviknight|Leftovers|[from] move: Knock Off|[of] p1a: Metagross
|
|upkeep
|turn|2
|
|t:|1776178829
|move|p1a: Metagross|Knock Off|p2a: Corviknight
|-crit|p2a: Corviknight
|-damage|p2a: Corviknight|55/100
|move|p2a: Corviknight|Iron Defense|p2a: Corviknight
|-boost|p2a: Corviknight|def|2
|
|upkeep
|turn|3
|
|t:|1776178833
|switch|p1a: Zapdos|Zapdos|100/100
|move|p2a: Corviknight|Roost|p2a: Corviknight
|-heal|p2a: Corviknight|100/100
|-singleturn|p2a: Corviknight|move: Roost
|
|upkeep
|turn|4
|
|t:|1776178837
|switch|p2a: Blissey|Blissey, F|100/100
|move|p1a: Zapdos|U-turn|p2a: Blissey
|-damage|p2a: Blissey|86/100
|
|t:|1776178840
|switch|p1a: Metagross|Metagross|100/100|[from] U-turn
|
|-heal|p2a: Blissey|92/100|[from] item: Leftovers
|upkeep
|turn|5
|
|t:|1776178842
|switch|p2a: Corviknight|Corviknight, F|100/100
|-ability|p2a: Corviknight|Pressure
|move|p1a: Metagross|Knock Off|p2a: Corviknight
|-damage|p2a: Corviknight|86/100
|
|upkeep
|turn|6
|
|t:|1776178848
|switch|p1a: Zapdos|Zapdos|100/100
|move|p2a: Corviknight|Iron Defense|p2a: Corviknight
|-boost|p2a: Corviknight|def|2
|
|upkeep
|turn|7
|
|t:|1776178850
|switch|p2a: Blissey|Blissey, F|92/100
|move|p1a: Zapdos|U-turn|p2a: Blissey
|-damage|p2a: Blissey|77/100
|
|t:|1776178853
|switch|p1a: Meowscarada|Meowscarada, F|100/100|[from] U-turn
|
|-heal|p2a: Blissey|83/100|[from] item: Leftovers
|upkeep
|turn|8
|
|t:|1776178857
|switch|p2a: Corviknight|Corviknight, F|86/100
|-ability|p2a: Corviknight|Pressure
|move|p1a: Meowscarada|U-turn|p2a: Corviknight
|-start|p1a: Meowscarada|typechange|Bug|[from] ability: Protean
|-resisted|p2a: Corviknight
|-damage|p2a: Corviknight|79/100
|
|t:|1776178860
|switch|p1a: Zapdos|Zapdos|100/100|[from] U-turn
|
|upkeep
|turn|9
|
|t:|1776178866
|switch|p2a: Gliscor|Gliscor, M|100/100
|move|p1a: Zapdos|U-turn|p2a: Gliscor
|-resisted|p2a: Gliscor
|-damage|p2a: Gliscor|95/100
|
|t:|1776178868
|switch|p1a: Conkeldurr|Conkeldurr, F|100/100|[from] U-turn
|
|-status|p2a: Gliscor|tox|[from] item: Toxic Orb
|upkeep
|turn|10
|
|t:|1776178876
|switch|p2a: Weezing|Weezing-Galar, F|100/100
|-ability|p2a: Weezing|Neutralizing Gas
|move|p1a: Conkeldurr|Ice Punch|p2a: Weezing
|-damage|p2a: Weezing|80/100
|
|upkeep
|turn|11
|
|t:|1776178881
|switch|p1a: Zapdos|Zapdos|100/100
|move|p2a: Weezing|Toxic Spikes|p1a: Zapdos
|-sidestart|p1: leezee-yy|move: Toxic Spikes
|
|upkeep
|turn|12
|
|t:|1776178885
|move|p1a: Zapdos|U-turn|p2a: Weezing
|-resisted|p2a: Weezing
|-damage|p2a: Weezing|78/100
|
|t:|1776178887
|switch|p1a: Gengar|Gengar, M|100/100|[from] U-turn
|-sideend|p1: leezee-yy|move: Toxic Spikes|[of] p1a: Gengar
|move|p2a: Weezing|Will-O-Wisp|p1a: Gengar
|-status|p1a: Gengar|brn
|
|-damage|p1a: Gengar|94/100 brn|[from] brn
|upkeep
|turn|13
|
|t:|1776178894
|switch|p1a: Metagross|Metagross|100/100
|move|p2a: Weezing|Toxic Spikes|p1a: Metagross
|-sidestart|p1: leezee-yy|move: Toxic Spikes
|
|upkeep
|turn|14
|
|t:|1776178899
|-end|p2a: Weezing|ability: Neutralizing Gas
|switch|p2a: Gliscor|Gliscor, M|95/100 tox
|move|p1a: Metagross|Psychic Fangs|p2a: Gliscor
|-damage|p2a: Gliscor|56/100 tox
|
|-heal|p2a: Gliscor|69/100 tox|[from] ability: Poison Heal
|upkeep
|turn|15
|
|t:|1776178907
|move|p2a: Gliscor|Knock Off|p1a: Metagross
|-supereffective|p1a: Metagross
|-damage|p1a: Metagross|69/100
|-enditem|p1a: Metagross|Leftovers|[from] move: Knock Off|[of] p2a: Gliscor
|move|p1a: Metagross|Ice Punch|p2a: Gliscor
|-supereffective|p2a: Gliscor
|-damage|p2a: Gliscor|0 fnt
|faint|p2a: Gliscor
|
|upkeep
|
|t:|1776178916
|switch|p2a: Corviknight|Corviknight, F|79/100
|-ability|p2a: Corviknight|Pressure
|turn|16
|
|t:|1776178921
|switch|p1a: Gengar|Gengar, M|94/100 brn
|-sideend|p1: leezee-yy|move: Toxic Spikes|[of] p1a: Gengar
|switch|p2a: Toxapex|Toxapex, F|100/100
|
|-damage|p1a: Gengar|88/100 brn|[from] brn
|upkeep
|turn|17
|
|t:|1776178926
|move|p1a: Gengar|Shadow Ball|p2a: Toxapex
|-crit|p2a: Toxapex
|-damage|p2a: Toxapex|57/100
|move|p2a: Toxapex|Poison Jab|p1a: Gengar
|-resisted|p1a: Gengar
|-damage|p1a: Gengar|80/100 brn
|
|-heal|p2a: Toxapex|63/100|[from] item: Leftovers
|-damage|p1a: Gengar|74/100 brn|[from] brn
|upkeep
|turn|18
|
|t:|1776178933
|move|p1a: Gengar|Shadow Ball|p2a: Toxapex
|-damage|p2a: Toxapex|36/100
|move|p2a: Toxapex|Toxic||[still]
|-fail|p2a: Toxapex
|
|-heal|p2a: Toxapex|42/100|[from] item: Leftovers
|-damage|p1a: Gengar|68/100 brn|[from] brn
|upkeep
|turn|19
|
|t:|1776178938
|move|p1a: Gengar|Shadow Ball|p2a: Toxapex
|-damage|p2a: Toxapex|14/100
|move|p2a: Toxapex|Recover|p2a: Toxapex
|-heal|p2a: Toxapex|64/100
|
|-heal|p2a: Toxapex|70/100|[from] item: Leftovers
|-damage|p1a: Gengar|62/100 brn|[from] brn
|upkeep
|turn|20
|
|t:|1776178942
|switch|p2a: Blissey|Blissey, F|83/100
|move|p1a: Gengar|Encore||[still]
|-fail|p1a: Gengar
|
|-heal|p2a: Blissey|89/100|[from] item: Leftovers
|-damage|p1a: Gengar|56/100 brn|[from] brn
|upkeep
|turn|21
|
|t:|1776178947
|switch|p1a: Conkeldurr|Conkeldurr, F|100/100
|move|p2a: Blissey|Stealth Rock|p1a: Conkeldurr
|-sidestart|p1: leezee-yy|move: Stealth Rock
|
|-heal|p2a: Blissey|95/100|[from] item: Leftovers
|upkeep
|turn|22
|
|t:|1776178952
|switch|p2a: Weezing|Weezing-Galar, F|78/100
|-ability|p2a: Weezing|Neutralizing Gas
|move|p1a: Conkeldurr|Defog|p2a: Weezing
|-unboost|p2a: Weezing|evasion|1
|-sideend|p1: leezee-yy|Stealth Rock|[from] move: Defog|[of] p1a: Conkeldurr
|
|upkeep
|turn|23
|
|t:|1776178957
|switch|p1a: Zapdos|Zapdos|100/100
|move|p2a: Weezing|Will-O-Wisp|p1a: Zapdos
|-status|p1a: Zapdos|brn
|
|-damage|p1a: Zapdos|94/100 brn|[from] brn
|upkeep
|turn|24
|
|t:|1776178964
|move|p1a: Zapdos|U-turn|p2a: Weezing
|-resisted|p2a: Weezing
|-damage|p2a: Weezing|77/100
|
|t:|1776178967
|switch|p1a: Gengar|Gengar, M|56/100 brn|[from] U-turn
|move|p2a: Weezing|Toxic Spikes|p1a: Gengar
|-sidestart|p1: leezee-yy|move: Toxic Spikes
|
|-damage|p1a: Gengar|50/100 brn|[from] brn
|upkeep
|turn|25
|
|t:|1776178971
|switch|p1a: Metagross|Metagross|69/100
|-end|p2a: Weezing|ability: Neutralizing Gas
|switch|p2a: Blissey|Blissey, F|95/100
|
|-heal|p2a: Blissey|100/100|[from] item: Leftovers
|upkeep
|turn|26
|
|t:|1776178975
|switch|p2a: Corviknight|Corviknight, F|79/100
|-ability|p2a: Corviknight|Pressure
|move|p1a: Metagross|Knock Off|p2a: Corviknight
|-damage|p2a: Corviknight|65/100
|
|upkeep
|turn|27
|
|t:|1776178979
|switch|p1a: Gengar|Gengar, M|50/100 brn
|-sideend|p1: leezee-yy|move: Toxic Spikes|[of] p1a: Gengar
|switch|p2a: Blissey|Blissey, F|100/100
|
|-damage|p1a: Gengar|43/100 brn|[from] brn
|upkeep
|turn|28
|
|t:|1776178986
|switch|p1a: Conkeldurr|Conkeldurr, F|100/100
|move|p2a: Blissey|Stealth Rock|p1a: Conkeldurr
|-sidestart|p1: leezee-yy|move: Stealth Rock
|
|upkeep
|turn|29
|
|t:|1776178999
|switch|p2a: Toxapex|Toxapex, F|100/100
|move|p1a: Conkeldurr|Defog|p2a: Toxapex
|-unboost|p2a: Toxapex|evasion|1
|-sideend|p1: leezee-yy|Stealth Rock|[from] move: Defog|[of] p1a: Conkeldurr
|
|upkeep
|turn|30
|
|t:|1776179005
|switch|p1a: Zapdos|Zapdos|94/100 brn
|switch|p2a: Corviknight|Corviknight, F|65/100
|-ability|p2a: Corviknight|Pressure
|
|-damage|p1a: Zapdos|88/100 brn|[from] brn
|upkeep
|turn|31
|
|t:|1776179010
|switch|p2a: Blissey|Blissey, F|100/100
|move|p1a: Zapdos|U-turn|p2a: Blissey
|-damage|p2a: Blissey|93/100
|
|t:|1776179014
|switch|p1a: Metagross|Metagross|69/100|[from] U-turn
|
|-heal|p2a: Blissey|99/100|[from] item: Leftovers
|upkeep
|turn|32
|
|t:|1776179020
|switch|p2a: Corviknight|Corviknight, F|65/100
|-ability|p2a: Corviknight|Pressure
|move|p1a: Metagross|Knock Off|p2a: Corviknight
|-damage|p2a: Corviknight|48/100
|
|upkeep
|turn|33
|
|t:|1776179026
|move|p1a: Metagross|Knock Off|p2a: Corviknight
|-damage|p2a: Corviknight|34/100
|move|p2a: Corviknight|Roost|p2a: Corviknight
|-heal|p2a: Corviknight|84/100
|-singleturn|p2a: Corviknight|move: Roost
|
|upkeep
|turn|34
|
|t:|1776179036
|switch|p1a: Zapdos|Zapdos|88/100 brn
|move|p2a: Corviknight|Iron Defense|p2a: Corviknight
|-boost|p2a: Corviknight|def|2
|
|-damage|p1a: Zapdos|82/100 brn|[from] brn
|upkeep
|turn|35
|
|t:|1776179039
|move|p1a: Zapdos|U-turn|p2a: Corviknight
|-resisted|p2a: Corviknight
|-damage|p2a: Corviknight|83/100
|
|t:|1776179042
|switch|p1a: Gengar|Gengar, M|43/100 brn|[from] U-turn
|move|p2a: Corviknight|Body Press|p1a: Gengar
|-immune|p1a: Gengar
|
|-damage|p1a: Gengar|37/100 brn|[from] brn
|upkeep
|turn|36
|
|t:|1776179050
|switch|p1a: Metagross|Metagross|69/100
|switch|p2a: Blissey|Blissey, F|99/100
|
|-heal|p2a: Blissey|100/100|[from] item: Leftovers
|upkeep
|turn|37
|
|t:|1776179055
|switch|p2a: Corviknight|Corviknight, F|83/100
|-ability|p2a: Corviknight|Pressure
|move|p1a: Metagross|Knock Off|p2a: Corviknight
|-damage|p2a: Corviknight|68/100
|
|upkeep
|turn|38
|
|t:|1776179063
|move|p1a: Metagross|Ice Punch|p2a: Corviknight
|-damage|p2a: Corviknight|49/100
|move|p2a: Corviknight|Roost|p2a: Corviknight
|-heal|p2a: Corviknight|99/100
|-singleturn|p2a: Corviknight|move: Roost
|
|upkeep
|turn|39
|
|t:|1776179073
|move|p1a: Metagross|Ice Punch|p2a: Corviknight
|-damage|p2a: Corviknight|83/100
|move|p2a: Corviknight|Iron Defense|p2a: Corviknight
|-boost|p2a: Corviknight|def|2
|
|upkeep
|turn|40
|
|t:|1776179079
|switch|p1a: Zapdos|Zapdos|82/100 brn
|move|p2a: Corviknight|Body Press|p1a: Zapdos
|-resisted|p1a: Zapdos
|-damage|p1a: Zapdos|62/100 brn
|-damage|p2a: Corviknight|66/100|[from] item: Rocky Helmet|[of] p1a: Zapdos
|
|-damage|p1a: Zapdos|55/100 brn|[from] brn
|upkeep
|turn|41
|
|t:|1776179089
|switch|p2a: Blissey|Blissey, F|100/100
|move|p1a: Zapdos|Discharge|p2a: Blissey
|-damage|p2a: Blissey|90/100
|
|-heal|p2a: Blissey|97/100|[from] item: Leftovers
|-damage|p1a: Zapdos|49/100 brn|[from] brn
|upkeep
|turn|42
|
|t:|1776179092
|move|p1a: Zapdos|U-turn|p2a: Blissey
|-damage|p2a: Blissey|89/100
|
|t:|1776179094
|switch|p1a: Conkeldurr|Conkeldurr, F|100/100|[from] U-turn
|move|p2a: Blissey|Seismic Toss|p1a: Conkeldurr
|-damage|p1a: Conkeldurr|76/100
|
|-heal|p2a: Blissey|95/100|[from] item: Leftovers
|-heal|p1a: Conkeldurr|82/100|[from] item: Leftovers
|upkeep
|turn|43
|
|t:|1776179102
|switch|p2a: Corviknight|Corviknight, F|66/100
|-ability|p2a: Corviknight|Pressure
|switch|p1a: Metagross|Metagross|69/100
|
|upkeep
|turn|44
|
|t:|1776179105
|switch|p1a: Zapdos|Zapdos|49/100 brn
|move|p2a: Corviknight|Iron Defense|p2a: Corviknight
|-boost|p2a: Corviknight|def|2
|
|-damage|p1a: Zapdos|43/100 brn|[from] brn
|upkeep
|turn|45
|
|t:|1776179108
|switch|p2a: Blissey|Blissey, F|95/100
|move|p1a: Zapdos|Roost|p1a: Zapdos
|-heal|p1a: Zapdos|93/100 brn
|-singleturn|p1a: Zapdos|move: Roost
|
|-heal|p2a: Blissey|100/100|[from] item: Leftovers
|-damage|p1a: Zapdos|87/100 brn|[from] brn
|upkeep
|turn|46
|
|t:|1776179113
|switch|p1a: Conkeldurr|Conkeldurr, F|82/100
|move|p2a: Blissey|Seismic Toss|p1a: Conkeldurr
|-damage|p1a: Conkeldurr|58/100
|
|-heal|p1a: Conkeldurr|64/100|[from] item: Leftovers
|upkeep
|turn|47
|
|t:|1776179118
|move|p2a: Blissey|Stealth Rock|p1a: Conkeldurr
|-sidestart|p1: leezee-yy|move: Stealth Rock
|move|p1a: Conkeldurr|Fire Punch|p2a: Blissey
|-damage|p2a: Blissey|64/100
|
|-heal|p2a: Blissey|70/100|[from] item: Leftovers
|-heal|p1a: Conkeldurr|70/100|[from] item: Leftovers
|upkeep
|turn|48
|
|t:|1776179124
|move|p2a: Blissey|Soft-Boiled|p2a: Blissey
|-heal|p2a: Blissey|100/100
|move|p1a: Conkeldurr|Defog|p2a: Blissey
|-unboost|p2a: Blissey|evasion|1
|-sideend|p1: leezee-yy|Stealth Rock|[from] move: Defog|[of] p1a: Conkeldurr
|
|-heal|p1a: Conkeldurr|76/100|[from] item: Leftovers
|upkeep
|turn|49
|
|t:|1776179133
|switch|p2a: Toxapex|Toxapex, F|100/100
|move|p1a: Conkeldurr|Fire Punch|p2a: Toxapex
|-resisted|p2a: Toxapex
|-damage|p2a: Toxapex|87/100
|
|-heal|p1a: Conkeldurr|82/100|[from] item: Leftovers
|-heal|p2a: Toxapex|93/100|[from] item: Leftovers
|upkeep
|turn|50
|
|t:|1776179137
|switch|p1a: Zapdos|Zapdos|87/100 brn
|move|p2a: Toxapex|Poison Jab|p1a: Zapdos
|-damage|p1a: Zapdos|75/100 brn
|-damage|p2a: Toxapex|76/100|[from] item: Rocky Helmet|[of] p1a: Zapdos
|
|-heal|p2a: Toxapex|83/100|[from] item: Leftovers
|-damage|p1a: Zapdos|69/100 brn|[from] brn
|upkeep
|turn|51
|
|t:|1776179142
|switch|p2a: Blissey|Blissey, F|100/100
|move|p1a: Zapdos|U-turn|p2a: Blissey
|-damage|p2a: Blissey|93/100
|
|t:|1776179146
|switch|p1a: Meowscarada|Meowscarada, F|100/100|[from] U-turn
|
|-heal|p2a: Blissey|99/100|[from] item: Leftovers
|upkeep
|turn|52
|
|t:|1776179154
|switch|p2a: Corviknight|Corviknight, F|66/100
|-ability|p2a: Corviknight|Pressure
|move|p1a: Meowscarada|Knock Off|p2a: Corviknight
|-start|p1a: Meowscarada|typechange|Dark|[from] ability: Protean
|-damage|p2a: Corviknight|39/100
|
|upkeep
|turn|53
|
|t:|1776179164
|switch|p1a: Zapdos|Zapdos|69/100 brn
|move|p2a: Corviknight|Roost|p2a: Corviknight
|-heal|p2a: Corviknight|89/100
|-singleturn|p2a: Corviknight|move: Roost
|
|-damage|p1a: Zapdos|63/100 brn|[from] brn
|upkeep
|turn|54
|
|t:|1776179177
|switch|p2a: Weezing|Weezing-Galar, F|77/100
|-ability|p2a: Weezing|Neutralizing Gas
|move|p1a: Zapdos|U-turn|p2a: Weezing
|-resisted|p2a: Weezing
|-damage|p2a: Weezing|75/100
|
|t:|1776179183
|switch|p1a: Gengar|Gengar, M|37/100 brn|[from] U-turn
|
|-damage|p1a: Gengar|31/100 brn|[from] brn
|upkeep
|turn|55
|inactive|joaogotty has 120 seconds left.
|
|t:|1776179213
|switch|p1a: Metagross|Metagross|69/100
|move|p2a: Weezing|Toxic Spikes|p1a: Metagross
|-sidestart|p1: leezee-yy|move: Toxic Spikes
|
|upkeep
|turn|56
|
|t:|1776179220
|-end|p2a: Weezing|ability: Neutralizing Gas
|switch|p2a: Corviknight|Corviknight, F|89/100
|-ability|p2a: Corviknight|Pressure
|move|p1a: Metagross|Psychic Fangs|p2a: Corviknight
|-resisted|p2a: Corviknight
|-damage|p2a: Corviknight|74/100
|
|upkeep
|turn|57
|
|t:|1776179225
|switch|p1a: Gengar|Gengar, M|31/100 brn
|-sideend|p1: leezee-yy|move: Toxic Spikes|[of] p1a: Gengar
|move|p2a: Corviknight|Iron Defense|p2a: Corviknight
|-boost|p2a: Corviknight|def|2
|
|-damage|p1a: Gengar|25/100 brn|[from] brn
|upkeep
|turn|58
|
|t:|1776179230
|switch|p1a: Zapdos|Zapdos|63/100 brn
|move|p2a: Corviknight|Iron Defense|p2a: Corviknight
|-boost|p2a: Corviknight|def|2
|
|-damage|p1a: Zapdos|57/100 brn|[from] brn
|upkeep
|turn|59
|
|t:|1776179241
|switch|p2a: Blissey|Blissey, F|99/100
|move|p1a: Zapdos|U-turn|p2a: Blissey
|-damage|p2a: Blissey|92/100
|
|t:|1776179244
|switch|p1a: Meowscarada|Meowscarada, F|100/100|[from] U-turn
|
|-heal|p2a: Blissey|99/100|[from] item: Leftovers
|upkeep
|turn|60
|
|t:|1776179256
|switch|p2a: Corviknight|Corviknight, F|74/100
|-ability|p2a: Corviknight|Pressure
|move|p1a: Meowscarada|Triple Axel|p2a: Corviknight
|-start|p1a: Meowscarada|typechange|Ice|[from] ability: Protean
|-damage|p2a: Corviknight|64/100
|-damage|p2a: Corviknight|49/100
|-damage|p2a: Corviknight|23/100
|-hitcount|p2a: Corviknight|3
|
|upkeep
|turn|61
|
|t:|1776179266
|move|p1a: Meowscarada|Triple Axel|p2a: Corviknight
|-damage|p2a: Corviknight|15/100
|-damage|p2a: Corviknight|0 fnt
|faint|p2a: Corviknight
|-hitcount|p2: Corviknight|2
|
|upkeep
|
|t:|1776179275
|switch|p2a: Weezing|Weezing-Galar, F|75/100
|-ability|p2a: Weezing|Neutralizing Gas
|turn|62
|
|t:|1776179281
|switch|p1a: Zapdos|Zapdos|57/100 brn
|-end|p2a: Weezing|ability: Neutralizing Gas
|switch|p2a: Blissey|Blissey, F|99/100
|
|-heal|p2a: Blissey|100/100|[from] item: Leftovers
|-damage|p1a: Zapdos|50/100 brn|[from] brn
|upkeep
|turn|63
|
|t:|1776179285
|move|p1a: Zapdos|Roost|p1a: Zapdos
|-heal|p1a: Zapdos|100/100 brn
|-singleturn|p1a: Zapdos|move: Roost
|move|p2a: Blissey|Seismic Toss|p1a: Zapdos
|-damage|p1a: Zapdos|74/100 brn
|-damage|p2a: Blissey|84/100|[from] item: Rocky Helmet|[of] p1a: Zapdos
|
|-heal|p2a: Blissey|90/100|[from] item: Leftovers
|-damage|p1a: Zapdos|68/100 brn|[from] brn
|upkeep
|turn|64
|
|t:|1776179290
|move|p1a: Zapdos|U-turn|p2a: Blissey
|-damage|p2a: Blissey|82/100
|
|t:|1776179292
|switch|p1a: Conkeldurr|Conkeldurr, F|82/100|[from] U-turn
|move|p2a: Blissey|Stealth Rock|p1a: Conkeldurr
|-sidestart|p1: leezee-yy|move: Stealth Rock
|
|-heal|p2a: Blissey|88/100|[from] item: Leftovers
|-heal|p1a: Conkeldurr|88/100|[from] item: Leftovers
|upkeep
|turn|65
|
|t:|1776179296
|move|p2a: Blissey|Seismic Toss|p1a: Conkeldurr
|-damage|p1a: Conkeldurr|64/100
|move|p1a: Conkeldurr|Defog|p2a: Blissey
|-unboost|p2a: Blissey|evasion|1
|-sideend|p1: leezee-yy|Stealth Rock|[from] move: Defog|[of] p1a: Conkeldurr
|
|-heal|p2a: Blissey|94/100|[from] item: Leftovers
|-heal|p1a: Conkeldurr|70/100|[from] item: Leftovers
|upkeep
|turn|66
|
|t:|1776179300
|switch|p2a: Toxapex|Toxapex, F|100/100
|switch|p1a: Metagross|Metagross|69/100
|
|upkeep
|turn|67
|
|t:|1776179305
|switch|p2a: Dondozo|Dondozo, F|100/100
|move|p1a: Metagross|Knock Off|p2a: Dondozo
|-damage|p2a: Dondozo|83/100
|-enditem|p2a: Dondozo|Leftovers|[from] move: Knock Off|[of] p1a: Metagross
|
|upkeep
|turn|68
|
|t:|1776179312
|switch|p1a: Landorus|Landorus-Therian, M|100/100
|-ability|p1a: Landorus|Intimidate|boost
|-unboost|p2a: Dondozo|atk|1
|move|p2a: Dondozo|Avalanche|p1a: Landorus
|-supereffective|p1a: Landorus
|-damage|p1a: Landorus|55/100
|
|upkeep
|turn|69
|
|t:|1776179322
|switch|p1a: Zapdos|Zapdos|68/100 brn
|move|p2a: Dondozo|Avalanche|p1a: Zapdos
|-supereffective|p1a: Zapdos
|-damage|p1a: Zapdos|55/100 brn
|-damage|p2a: Dondozo|66/100|[from] item: Rocky Helmet|[of] p1a: Zapdos
|-status|p2a: Dondozo|par|[from] ability: Static|[of] p1a: Zapdos
|
|-damage|p1a: Zapdos|49/100 brn|[from] brn
|upkeep
|turn|70
|
|t:|1776179338
|move|p1a: Zapdos|Roost|p1a: Zapdos
|-heal|p1a: Zapdos|99/100 brn
|-singleturn|p1a: Zapdos|move: Roost
|move|p2a: Dondozo|Rest|p2a: Dondozo
|-status|p2a: Dondozo|slp|[from] move: Rest
|-heal|p2a: Dondozo|100/100 slp|[silent]
|
|-damage|p1a: Zapdos|93/100 brn|[from] brn
|upkeep
|turn|71
|
|t:|1776179346
|move|p1a: Zapdos|Discharge|p2a: Dondozo
|-supereffective|p2a: Dondozo
|-damage|p2a: Dondozo|34/100 slp
|cant|p2a: Dondozo|slp
|move|p2a: Dondozo|Sleep Talk|p2a: Dondozo
|move|p2a: Dondozo|Rest||[from] move: Sleep Talk|[still]
|-fail|p2a: Dondozo
|
|-damage|p1a: Zapdos|87/100 brn|[from] brn
|upkeep
|turn|72
|
|t:|1776179356
|-terastallize|p2a: Dondozo|Dragon
|move|p1a: Zapdos|U-turn|p2a: Dondozo
|-damage|p2a: Dondozo|31/100 slp
|
|t:|1776179363
|switch|p1a: Gengar|Gengar, M|25/100 brn|[from] U-turn
|cant|p2a: Dondozo|slp
|move|p2a: Dondozo|Sleep Talk|p2a: Dondozo
|move|p2a: Dondozo|Rest||[from] move: Sleep Talk|[still]
|-fail|p2a: Dondozo
|
|-damage|p1a: Gengar|19/100 brn|[from] brn
|upkeep
|turn|73
|
|t:|1776179366
|move|p1a: Gengar|Focus Blast|p2a: Dondozo
|-damage|p2a: Dondozo|0 fnt
|faint|p2a: Dondozo
|
|-damage|p1a: Gengar|13/100 brn|[from] brn
|upkeep
|
|t:|1776179372
|switch|p2a: Blissey|Blissey, F|94/100
|turn|74
|
|t:|1776179376
|move|p1a: Gengar|Focus Blast|p2a: Blissey|[miss]
|-miss|p1a: Gengar|p2a: Blissey
|move|p2a: Blissey|Stealth Rock|p1a: Gengar
|-sidestart|p1: leezee-yy|move: Stealth Rock
|
|-heal|p2a: Blissey|100/100|[from] item: Leftovers
|-damage|p1a: Gengar|7/100 brn|[from] brn
|upkeep
|turn|75
|
|t:|1776179383
|switch|p2a: Weezing|Weezing-Galar, F|75/100
|-ability|p2a: Weezing|Neutralizing Gas
|move|p1a: Gengar|Focus Blast|p2a: Weezing
|-resisted|p2a: Weezing
|-damage|p2a: Weezing|61/100
|
|-damage|p1a: Gengar|0 fnt|[from] brn
|faint|p1a: Gengar
|upkeep
|
|t:|1776179385
|switch|p1a: Conkeldurr|Conkeldurr, F|70/100
|-damage|p1a: Conkeldurr|64/100|[from] Stealth Rock
|turn|76
|
|t:|1776179392
|move|p2a: Weezing|Will-O-Wisp|p1a: Conkeldurr
|-status|p1a: Conkeldurr|brn
|move|p1a: Conkeldurr|Defog|p2a: Weezing
|-unboost|p2a: Weezing|evasion|1
|-sideend|p1: leezee-yy|Stealth Rock|[from] move: Defog|[of] p1a: Conkeldurr
|
|-heal|p1a: Conkeldurr|70/100 brn|[from] item: Leftovers
|-damage|p1a: Conkeldurr|64/100 brn|[from] brn
|upkeep
|turn|77
|
|t:|1776179399
|switch|p1a: Zapdos|Zapdos|87/100 brn
|move|p2a: Weezing|Toxic Spikes|p1a: Zapdos
|-sidestart|p1: leezee-yy|move: Toxic Spikes
|
|-damage|p1a: Zapdos|81/100 brn|[from] brn
|upkeep
|turn|78
|
|t:|1776179405
|move|p1a: Zapdos|U-turn|p2a: Weezing
|-resisted|p2a: Weezing
|-damage|p2a: Weezing|60/100
|
|t:|1776179407
|switch|p1a: Landorus|Landorus-Therian, M|55/100|[from] U-turn
|move|p2a: Weezing|Toxic Spikes|p1a: Landorus
|-sidestart|p1: leezee-yy|move: Toxic Spikes
|
|upkeep
|turn|79
|
|t:|1776179413
|move|p1a: Landorus|Earthquake|p2a: Weezing
|-supereffective|p2a: Weezing
|-damage|p2a: Weezing|0 fnt
|faint|p2a: Weezing
|-end|p2a: Weezing|ability: Neutralizing Gas
|
|upkeep
|
|t:|1776179417
|switch|p2a: Blissey|Blissey, F|100/100
|turn|80
|
|t:|1776179420
|move|p1a: Landorus|Earthquake|p2a: Blissey
|-damage|p2a: Blissey|39/100
|move|p2a: Blissey|Calm Mind|p2a: Blissey
|-boost|p2a: Blissey|spa|1
|-boost|p2a: Blissey|spd|1
|
|-heal|p2a: Blissey|45/100|[from] item: Leftovers
|upkeep
|turn|81
|
|t:|1776179422
|move|p1a: Landorus|Earthquake|p2a: Blissey
|-damage|p2a: Blissey|0 fnt
|faint|p2a: Blissey
|
|upkeep
|
|t:|1776179424
|switch|p2a: Toxapex|Toxapex, F|100/100
|turn|82
|
|t:|1776179426
|move|p1a: Landorus|Earthquake|p2a: Toxapex
|-supereffective|p2a: Toxapex
|-damage|p2a: Toxapex|8/100
|move|p2a: Toxapex|Toxic|p1a: Landorus
|-status|p1a: Landorus|tox
|
|-heal|p2a: Toxapex|14/100|[from] item: Leftovers
|-damage|p1a: Landorus|49/100 tox|[from] psn
|upkeep
|turn|83
|
|t:|1776179429
|move|p1a: Landorus|Earthquake|p2a: Toxapex
|-supereffective|p2a: Toxapex
|-damage|p2a: Toxapex|0 fnt
|faint|p2a: Toxapex
|
|win|leezee-yy
|raw|leezee-yy's rating: 1426 &rarr; <strong>1450</strong><br />(+24 for winning)
|raw|joaogotty's rating: 1488 &rarr; <strong>1464</strong><br />(-24 for losing)
|l|☆joaogotty
|player|p2|
|c|☆leezee-yy|gg
