|j|☆fatgamerpro
|j|☆ArmedWarPotato
|inactive|Battle timer is ON: inactive players will automatically lose when time's up.
|t:|1776181924
|gametype|singles
|player|p1|fatgamerpro|ruinmaniac|
|player|p2|ArmedWarPotato|shauntal|
|gen|9
|tier|[Gen 9] OU
|rated|Tournament battle
|rule|HP Percentage Mod: HP is shown in percentages
|rule|Endless Battle Clause: Forcing endless battles is banned
|rule|Species Clause: Limit one of each Pokémon
|rule|OHKO Clause: OHKO moves are banned
|rule|Evasion Items Clause: Evasion items are banned
|rule|Evasion Moves Clause: Evasion moves are banned
|rule|Evasion Abilities Clause: Evasion abilities are banned
|rule|Sleep Moves Clause: Sleep-inducing moves are banned
|raw|<div class="infobox"><details class="readmore" open><summary><strong>1 custom rule:</strong></summary> -wobbuffet</details></div>
|clearpoke
|poke|p1|Persian-Alola, F|
|poke|p1|Buizel, M|
|poke|p1|Hattrem, F|
|poke|p1|Magnemite|
|poke|p2|Masquerain, M|
|poke|p2|Piplup, M|
|poke|p2|Dusclops, F|
|poke|p2|Fletchinder, F|
|teampreview
|inactive|fatgamerpro also wants the timer to be on.
|j|*Lady Monita 
|j| sjjjjjjj
|
|t:|1776181945
|teamsize|p1|4
|teamsize|p2|4
|start
|switch|p1a: Persian|Persian-Alola, F|100/100
|switch|p2a: Masquerain|Masquerain, M|100/100
|-ability|p2a: Masquerain|Intimidate|boost
|-unboost|p1a: Persian|atk|1
|turn|1
|c| sjjjjjjj|mask u rain
|
|t:|1776181969
|-terastallize|p1a: Persian|Poison
|move|p1a: Persian|Nasty Plot|p1a: Persian
|-boost|p1a: Persian|spa|2
|move|p2a: Masquerain|Quiver Dance|p2a: Masquerain
|-boost|p2a: Masquerain|spa|1
|-boost|p2a: Masquerain|spd|1
|-boost|p2a: Masquerain|spe|1
|
|upkeep
|turn|2
|
|t:|1776181977
|move|p2a: Masquerain|Quiver Dance|p2a: Masquerain
|-boost|p2a: Masquerain|spa|1
|-boost|p2a: Masquerain|spd|1
|-boost|p2a: Masquerain|spe|1
|move|p1a: Persian|Thunderbolt|p2a: Masquerain
|-supereffective|p2a: Masquerain
|-damage|p2a: Masquerain|36/100
|
|upkeep
|turn|3
|
|t:|1776181980
|move|p2a: Masquerain|Air Slash|p1a: Persian
|-enditem|p1a: Persian|Focus Sash
|-damage|p1a: Persian|1/100
|move|p1a: Persian|Thunderbolt|p2a: Masquerain
|-supereffective|p2a: Masquerain
|-damage|p2a: Masquerain|0 fnt
|faint|p2a: Masquerain
|
|upkeep
|
|t:|1776181984
|switch|p2a: Dusclops|Dusclops, F|100/100
|-ability|p2a: Dusclops|Pressure
|turn|4
|
|t:|1776181986
|move|p2a: Dusclops|Shadow Sneak|p1a: Persian
|-damage|p1a: Persian|0 fnt
|faint|p1a: Persian
|
|upkeep
|j| Emdimd
|
|t:|1776181993
|switch|p1a: Magnemite|Magnemite|100/100
|turn|5
|
|t:|1776181997
|move|p1a: Magnemite|Thunderbolt|p2a: Dusclops
|-damage|p2a: Dusclops|73/100
|move|p2a: Dusclops|Will-O-Wisp|p1a: Magnemite
|-status|p1a: Magnemite|brn
|
|-damage|p1a: Magnemite|94/100 brn|[from] brn
|upkeep
|turn|6
|j| Gentai_Kiajo
|
|t:|1776182004
|move|p1a: Magnemite|Thunderbolt|p2a: Dusclops
|-damage|p2a: Dusclops|44/100
|move|p2a: Dusclops|Night Shade|p1a: Magnemite
|-damage|p1a: Magnemite|42/100 brn
|
|-damage|p1a: Magnemite|36/100 brn|[from] brn
|upkeep
|turn|7
|
|t:|1776182017
|move|p1a: Magnemite|Thunderbolt|p2a: Dusclops
|-crit|p2a: Dusclops
|-damage|p2a: Dusclops|0 fnt
|faint|p2a: Dusclops
|
|-damage|p1a: Magnemite|30/100 brn|[from] brn
|upkeep
|
|t:|1776182028
|switch|p2a: Fletchinder|Fletchinder, F|100/100
|turn|8
|
|t:|1776182037
|switch|p1a: Hattrem|Hattrem, F|100/100
|move|p2a: Fletchinder|Flare Blitz|p1a: Hattrem
|-damage|p1a: Hattrem|69/100
|-damage|p2a: Fletchinder|90/100|[from] Recoil
|
|upkeep
|turn|9
|
|t:|1776182048
|move|p2a: Fletchinder|U-turn|p1a: Hattrem
|-supereffective|p1a: Hattrem
|-damage|p1a: Hattrem|44/100
|
|t:|1776182052
|switch|p2a: Piplup|Piplup, M|100/100|[from] U-turn
|move|p1a: Hattrem|Reflect|p1a: Hattrem
|-sidestart|p1: fatgamerpro|Reflect
|
|upkeep
|turn|10
|
|t:|1776182057
|move|p1a: Hattrem|Light Screen|p1a: Hattrem
|-sidestart|p1: fatgamerpro|move: Light Screen
|move|p2a: Piplup|Surf|p1a: Hattrem
|-damage|p1a: Hattrem|29/100
|
|upkeep
|turn|11
|
|t:|1776182062
|move|p1a: Hattrem|Nuzzle|p2a: Piplup
|-supereffective|p2a: Piplup
|-damage|p2a: Piplup|95/100
|-status|p2a: Piplup|par
|move|p2a: Piplup|Surf|p1a: Hattrem
|-damage|p1a: Hattrem|13/100
|
|upkeep
|turn|12
|
|t:|1776182069
|move|p1a: Hattrem|Healing Wish|p1a: Hattrem
|faint|p1a: Hattrem
|move|p2a: Piplup|Surf|p1: Hattrem|[notarget]
|-fail|p2a: Piplup
|
|upkeep
|
|t:|1776182074
|switch|p1a: Buizel|Buizel, M, shiny|100/100
|turn|13
|
|t:|1776182082
|move|p1a: Buizel|Bulk Up|p1a: Buizel
|-boost|p1a: Buizel|atk|1
|-boost|p1a: Buizel|def|1
|move|p2a: Piplup|Grass Knot|p1a: Buizel
|-supereffective|p1a: Buizel
|-damage|p1a: Buizel|66/100
|
|-sideend|p1: fatgamerpro|Reflect
|upkeep
|turn|14
|
|t:|1776182089
|move|p1a: Buizel|Liquidation|p2a: Piplup
|-resisted|p2a: Piplup
|-damage|p2a: Piplup|69/100 par
|-unboost|p2a: Piplup|def|1
|-ability|p2a: Piplup|Competitive|boost
|-boost|p2a: Piplup|spa|2
|cant|p2a: Piplup|par
|
|-sideend|p1: fatgamerpro|move: Light Screen
|upkeep
|turn|15
|
|t:|1776182098
|move|p1a: Buizel|Flip Turn|p2a: Piplup
|-resisted|p2a: Piplup
|-damage|p2a: Piplup|42/100 par
|
|t:|1776182102
|switch|p1a: Magnemite|Magnemite|30/100 brn|[from] Flip Turn
|-heal|p1a: Magnemite|100/100|[from] move: Healing Wish
|cant|p2a: Piplup|par
|
|upkeep
|turn|16
|
|t:|1776182110
|move|p1a: Magnemite|Thunderbolt|p2a: Piplup
|-supereffective|p2a: Piplup
|-damage|p2a: Piplup|0 fnt
|faint|p2a: Piplup
|
|upkeep
|
|t:|1776182112
|switch|p2a: Fletchinder|Fletchinder, F|90/100
|turn|17
|c| Gentai_Kiajo|big para'
|
|t:|1776182119
|move|p2a: Fletchinder|Brave Bird|p1a: Magnemite
|-resisted|p1a: Magnemite
|-damage|p1a: Magnemite|72/100
|-damage|p2a: Fletchinder|85/100|[from] Recoil
|move|p1a: Magnemite|Thunderbolt|p2a: Fletchinder
|-supereffective|p2a: Fletchinder
|-damage|p2a: Fletchinder|0 fnt
|faint|p2a: Fletchinder
|
|win|fatgamerpro
|n|☆fatgamerpro|fatgamerpro
|n|☆ArmedWarPotato|armedwarpotato
|n|*Lady Monita |ladymonita
|n| sjjjjjjj|sjjjjjjj
|n| Emdimd|emdimd
|n| Gentai_Kiajo|gentaikiajo
