|html|<div class="broadcast-blue"><strong>[Gen 9] OU is currently suspecting Tera Blast! For information on how to participate check out the <a href="https://www.smogon.com/tools/suspects/view/200">suspect thread</a>.</strong></div>
|j|☆SaiyanSage
|j|☆magistermilitum420
|t:|1776036842
|gametype|singles
|player|p1|SaiyanSage|hoopster|1159
|player|p2|magistermilitum420|blue|1174
|gen|9
|tier|[Gen 9] OU
|rated|
|rule|HP Percentage Mod: HP is shown in percentages
|rule|Endless Battle Clause: Forcing endless battles is banned
|rule|Species Clause: Limit one of each Pokémon
|rule|OHKO Clause: OHKO moves are banned
|rule|Evasion Items Clause: Evasion items are banned
|rule|Evasion Moves Clause: Evasion moves are banned
|rule|Evasion Abilities Clause: Evasion abilities are banned
|rule|Sleep Moves Clause: Sleep-inducing moves are banned
|clearpoke
|poke|p1|Latias, F|
|poke|p1|Kingambit, M|
|poke|p1|Darkrai|
|poke|p1|Iron Hands|
|poke|p1|Grafaiai, F|
|poke|p1|Landorus-Therian, M|
|poke|p2|Meowscarada, M|
|poke|p2|Great Tusk|
|poke|p2|Alomomola, M|
|poke|p2|Slowking-Galar, F|
|poke|p2|Dragonite, M|
|poke|p2|Heatran, F|
|teampreview
|
|t:|1776036859
|teamsize|p1|6
|teamsize|p2|6
|start
|switch|p1a: Landorus|Landorus-Therian, M|100/100
|switch|p2a: Mahad|Meowscarada, M, shiny|100/100
|-ability|p1a: Landorus|Intimidate|boost
|-unboost|p2a: Mahad|atk|1
|turn|1
|
|t:|1776036870
|move|p2a: Mahad|Triple Axel|p1a: Landorus
|-start|p2a: Mahad|typechange|Ice|[from] ability: Protean
|-supereffective|p1a: Landorus
|-crit|p1a: Landorus
|-damage|p1a: Landorus|28/100
|-supereffective|p1a: Landorus
|-damage|p1a: Landorus|0 fnt
|faint|p1a: Landorus
|-hitcount|p1: Landorus|2
|
|upkeep
|
|t:|1776036874
|switch|p1a: Iron Hands|Iron Hands|100/100
|turn|2
|inactive|Battle timer is ON: inactive players will automatically lose when time's up. (requested by SaiyanSage)
|
|t:|1776036884
|switch|p2a: Mithridates|Slowking-Galar, F|100/100
|-end|p1a: Iron Hands|Quark Drive|[silent]
|switch|p1a: GG|Latias, F, shiny|100/100
|
|upkeep
|turn|3
|
|t:|1776036902
|move|p1a: GG|Agility|p1a: GG
|-boost|p1a: GG|spe|2
|move|p2a: Mithridates|Sludge Bomb|p1a: GG
|-damage|p1a: GG|68/100
|
|upkeep
|turn|4
|
|t:|1776036912
|-terastallize|p1a: GG|Steel
|move|p1a: GG|Agility|p1a: GG
|-boost|p1a: GG|spe|2
|move|p2a: Mithridates|Future Sight|p1a: GG
|-start|p2a: Mithridates|move: Future Sight
|
|upkeep
|turn|5
|
|t:|1776036924
|move|p1a: GG|Calm Mind|p1a: GG
|-boost|p1a: GG|spa|1
|-boost|p1a: GG|spd|1
|move|p2a: Mithridates|Psychic Noise|p1a: GG
|-resisted|p1a: GG
|-damage|p1a: GG|59/100
|-start|p1a: GG|move: Heal Block
|
|upkeep
|turn|6
|
|t:|1776036939
|switch|p2a: Vulcanus|Heatran, F, shiny|100/100
|move|p1a: GG|Calm Mind|p1a: GG
|-boost|p1a: GG|spa|1
|-boost|p1a: GG|spd|1
|
|-end|p1a: GG|move: Future Sight
|-resisted|p1a: GG
|-damage|p1a: GG|47/100
|-end|p1a: GG|move: Heal Block
|upkeep
|turn|7
|
|t:|1776036949
|move|p1a: GG|Calm Mind|p1a: GG
|-boost|p1a: GG|spa|1
|-boost|p1a: GG|spd|1
|move|p2a: Vulcanus|Overheat|p1a: GG
|-supereffective|p1a: GG
|-damage|p1a: GG|0 fnt
|-unboost|p2a: Vulcanus|spa|2
|faint|p1a: GG
|
|upkeep
|-message|SaiyanSage forfeited.
|
|win|magistermilitum420
|raw|SaiyanSage's rating: 1159 &rarr; <strong>1135</strong><br />(-24 for losing)
|raw|magistermilitum420's rating: 1174 &rarr; <strong>1198</strong><br />(+24 for winning)
