|html|<div class="broadcast-blue"><strong>[Gen 9] OU is currently suspecting Tera Blast! For information on how to participate check out the <a href="https://www.smogon.com/tools/suspects/view/200">suspect thread</a>.</strong></div>
|j|☆majornotmayor
|j|☆sharkerthantheteal
|t:|1776116675
|gametype|singles
|player|p1|majornotmayor|roxie|1063
|player|p2|sharkerthantheteal|cynthia-gen4|1094
|gen|9
|tier|[Gen 9] OU
|rated|
|rule|HP Percentage Mod: HP is shown in percentages
|rule|Endless Battle Clause: Forcing endless battles is banned
|rule|Species Clause: Limit one of each Pokémon
|rule|OHKO Clause: OHKO moves are banned
|rule|Evasion Items Clause: Evasion items are banned
|rule|Evasion Moves Clause: Evasion moves are banned
|rule|Evasion Abilities Clause: Evasion abilities are banned
|rule|Sleep Moves Clause: Sleep-inducing moves are banned
|clearpoke
|poke|p1|Great Tusk|
|poke|p1|Walking Wake|
|poke|p1|Kingambit, M|
|poke|p1|Venusaur, M|
|poke|p1|Ninetales, F|
|poke|p1|Raging Bolt|
|poke|p2|Hatterene, F|
|poke|p2|Diancie|
|poke|p2|Ursaluna, M|
|poke|p2|Iron Hands|
|poke|p2|Azumarill, M|
|poke|p2|Armarouge, M|
|teampreview
|j| GruesomeLovelies
|
|t:|1776116683
|teamsize|p1|6
|teamsize|p2|6
|start
|switch|p1a: naruto boi???|Ninetales, F|100/100
|switch|p2a: Hatterene|Hatterene, F|100/100
|-weather|SunnyDay|[from] ability: Drought|[of] p1a: naruto boi???
|turn|1
|
|t:|1776116697
|switch|p2a: Armarouge|Armarouge, M|100/100
|move|p1a: naruto boi???|Weather Ball|p2a: Armarouge
|-start|p2a: Armarouge|ability: Flash Fire
|
|-weather|SunnyDay|[upkeep]
|upkeep
|turn|2
|
|t:|1776116716
|switch|p1a: dragon boi|Walking Wake|100/100
|-activate|p1a: dragon boi|ability: Protosynthesis
|-start|p1a: dragon boi|protosynthesisspe
|move|p2a: Armarouge|Trick Room|p2a: Armarouge
|-fieldstart|move: Trick Room|[of] p2a: Armarouge
|
|-weather|SunnyDay|[upkeep]
|upkeep
|turn|3
|
|t:|1776116740
|-terastallize|p2a: Armarouge|Psychic
|move|p2a: Armarouge|Expanding Force|p1a: dragon boi
|-damage|p1a: dragon boi|27/100
|move|p1a: dragon boi|Hydro Steam|p2a: Armarouge
|-damage|p2a: Armarouge|32/100
|
|-weather|SunnyDay|[upkeep]
|upkeep
|turn|4
|
|t:|1776116760
|-end|p1a: dragon boi|Protosynthesis|[silent]
|switch|p1a: kojiro boi|Kingambit, M|100/100
|-item|p1a: kojiro boi|Air Balloon
|move|p2a: Armarouge|Expanding Force|p1a: kojiro boi
|-immune|p1a: kojiro boi
|
|-weather|SunnyDay|[upkeep]
|upkeep
|turn|5
|
|t:|1776116772
|move|p2a: Armarouge|Armor Cannon|p1a: kojiro boi
|-supereffective|p1a: kojiro boi
|-damage|p1a: kojiro boi|0 fnt
|-unboost|p2a: Armarouge|def|1
|-unboost|p2a: Armarouge|spd|1
|-enditem|p1a: kojiro boi|Air Balloon
|faint|p1a: kojiro boi
|-end|p1a: kojiro boi|fallenundefined|[silent]
|
|-weather|SunnyDay|[upkeep]
|upkeep
|
|t:|1776116787
|switch|p1a: plant boi|Venusaur, M|100/100
|turn|6
|
|t:|1776116792
|move|p2a: Armarouge|Expanding Force|p1a: plant boi
|-supereffective|p1a: plant boi
|-damage|p1a: plant boi|0 fnt
|faint|p1a: plant boi
|
|-weather|SunnyDay|[upkeep]
|-fieldend|move: Trick Room
|upkeep
|
|t:|1776116798
|switch|p1a: big boi|Great Tusk|100/100
|-activate|p1a: big boi|ability: Protosynthesis
|-start|p1a: big boi|protosynthesisatk
|turn|7
|
|t:|1776116806
|move|p1a: big boi|Ice Spinner|p2a: Armarouge
|-damage|p2a: Armarouge|0 fnt
|faint|p2a: Armarouge
|
|-weather|SunnyDay|[upkeep]
|upkeep
|
|t:|1776116811
|switch|p2a: Hatterene|Hatterene, F|100/100
|turn|8
|
|t:|1776116830
|-end|p1a: big boi|Protosynthesis|[silent]
|switch|p1a: naruto boi???|Ninetales, F|100/100
|move|p2a: Hatterene|Trick Room|p2a: Hatterene
|-fieldstart|move: Trick Room|[of] p2a: Hatterene
|
|-weather|none
|upkeep
|turn|9
|
|t:|1776116854
|switch|p2a: Azumarill|Azumarill, M|100/100
|-terastallize|p1a: naruto boi???|Ghost
|move|p1a: naruto boi???|Will-O-Wisp|p2a: Azumarill
|-status|p2a: Azumarill|brn
|
|-damage|p2a: Azumarill|94/100 brn|[from] brn
|upkeep
|turn|10
|
|t:|1776116896
|move|p2a: Azumarill|Belly Drum|p2a: Azumarill
|-damage|p2a: Azumarill|44/100 brn
|-setboost|p2a: Azumarill|atk|6|[from] move: Belly Drum
|move|p1a: naruto boi???|Weather Ball|p2a: Azumarill
|-damage|p2a: Azumarill|35/100 brn
|
|-damage|p2a: Azumarill|29/100 brn|[from] brn
|upkeep
|turn|11
|
|t:|1776116909
|move|p2a: Azumarill|Liquidation|p1a: naruto boi???
|-damage|p1a: naruto boi???|0 fnt
|faint|p1a: naruto boi???
|
|-damage|p2a: Azumarill|23/100 brn|[from] brn
|upkeep
|
|t:|1776116918
|switch|p1a: giraffe boi 😴|Raging Bolt|100/100
|-item|p1a: giraffe boi 😴|Air Balloon
|turn|12
|
|t:|1776116925
|move|p2a: Azumarill|Aqua Jet|p1a: giraffe boi 😴
|-resisted|p1a: giraffe boi 😴
|-damage|p1a: giraffe boi 😴|73/100
|-enditem|p1a: giraffe boi 😴|Air Balloon
|move|p1a: giraffe boi 😴|Thunderclap||[still]
|-fail|p1a: giraffe boi 😴
|
|-damage|p2a: Azumarill|16/100 brn|[from] brn
|-fieldend|move: Trick Room
|upkeep
|turn|13
|
|t:|1776116936
|move|p2a: Azumarill|Aqua Jet|p1a: giraffe boi 😴
|-resisted|p1a: giraffe boi 😴
|-damage|p1a: giraffe boi 😴|43/100
|move|p1a: giraffe boi 😴|Thunderbolt|p2a: Azumarill
|-supereffective|p2a: Azumarill
|-damage|p2a: Azumarill|0 fnt
|faint|p2a: Azumarill
|
|upkeep
|
|t:|1776116947
|switch|p2a: Hatterene|Hatterene, F|100/100
|turn|14
|
|t:|1776116963
|-end|p1a: giraffe boi 😴|Protosynthesis|[silent]
|switch|p1a: big boi|Great Tusk|100/100
|move|p2a: Hatterene|Trick Room|p2a: Hatterene
|-fieldstart|move: Trick Room|[of] p2a: Hatterene
|
|upkeep
|turn|15
|
|t:|1776116978
|move|p2a: Hatterene|Calm Mind|p2a: Hatterene
|-boost|p2a: Hatterene|spa|1
|-boost|p2a: Hatterene|spd|1
|move|p1a: big boi|Ice Spinner|p2a: Hatterene
|-damage|p2a: Hatterene|66/100
|
|upkeep
|turn|16
|
|t:|1776116985
|move|p2a: Hatterene|Draining Kiss|p1a: big boi
|-supereffective|p1a: big boi
|-damage|p1a: big boi|20/100
|-heal|p2a: Hatterene|100/100|[from] drain|[of] p1a: big boi
|move|p1a: big boi|Headlong Rush|p2a: Hatterene
|-damage|p2a: Hatterene|35/100
|-unboost|p1a: big boi|def|1
|-unboost|p1a: big boi|spd|1
|
|upkeep
|turn|17
|
|t:|1776117000
|move|p2a: Hatterene|Draining Kiss|p1a: big boi
|-supereffective|p1a: big boi
|-damage|p1a: big boi|0 fnt
|-heal|p2a: Hatterene|55/100|[from] drain|[of] p1a: big boi
|faint|p1a: big boi
|-end|p1a: big boi|Protosynthesis|[silent]
|
|upkeep
|
|t:|1776117002
|switch|p1a: giraffe boi 😴|Raging Bolt|43/100
|turn|18
|
|t:|1776117007
|move|p2a: Hatterene|Healing Wish|p2a: Hatterene
|faint|p2a: Hatterene
|move|p1a: giraffe boi 😴|Thunderbolt|p2: Hatterene|[notarget]
|-fail|p1a: giraffe boi 😴
|
|-fieldend|move: Trick Room
|upkeep
|
|t:|1776117012
|switch|p2a: Ursaluna|Ursaluna, M|100/100
|turn|19
|
|t:|1776117020
|move|p1a: giraffe boi 😴|Dragon Pulse|p2a: Ursaluna
|-damage|p2a: Ursaluna|58/100
|move|p2a: Ursaluna|Earthquake|p1a: giraffe boi 😴
|-supereffective|p1a: giraffe boi 😴
|-damage|p1a: giraffe boi 😴|0 fnt
|faint|p1a: giraffe boi 😴
|-end|p1a: giraffe boi 😴|Protosynthesis|[silent]
|
|-status|p2a: Ursaluna|brn|[from] item: Flame Orb
|upkeep
|
|t:|1776117023
|switch|p1a: dragon boi|Walking Wake|27/100
|turn|20
|
|t:|1776117031
|move|p1a: dragon boi|Hydro Steam|p2a: Ursaluna
|-supereffective|p2a: Ursaluna
|-crit|p2a: Ursaluna
|-damage|p2a: Ursaluna|0 fnt
|faint|p2a: Ursaluna
|
|upkeep
|
|t:|1776117037
|switch|p2a: Iron Hands|Iron Hands|100/100
|turn|21
|c|☆sharkerthantheteal|gg
|
|t:|1776117066
|move|p2a: Iron Hands|Fake Out|p1a: dragon boi
|-damage|p1a: dragon boi|10/100
|cant|p1a: dragon boi|flinch
|
|upkeep
|turn|22
|
|t:|1776117074
|move|p1a: dragon boi|Draco Meteor|p2a: Iron Hands
|-damage|p2a: Iron Hands|64/100
|-unboost|p1a: dragon boi|spa|2
|move|p2a: Iron Hands|Ice Punch|p1a: dragon boi
|-damage|p1a: dragon boi|0 fnt
|faint|p1a: dragon boi
|-end|p1a: dragon boi|Protosynthesis|[silent]
|
|win|sharkerthantheteal
|raw|majornotmayor's rating: 1063 &rarr; <strong>1045</strong><br />(-18 for losing)
|raw|sharkerthantheteal's rating: 1094 &rarr; <strong>1118</strong><br />(+24 for winning)
|c|☆majornotmayor|Gg
