|html|<div class="broadcast-blue"><strong>[Gen 9] OU is currently suspecting Tera Blast! For information on how to participate check out the <a href="https://www.smogon.com/tools/suspects/view/200">suspect thread</a>.</strong></div>
|j|☆blooaxolotl
|j|☆LiamUtp
|t:|1776352096
|gametype|singles
|player|p1|blooaxolotl|gambler|
|player|p2|LiamUtp|lucas|
|gen|9
|tier|[Gen 9] OU
|rule|HP Percentage Mod: HP is shown in percentages
|rule|Endless Battle Clause: Forcing endless battles is banned
|rule|Species Clause: Limit one of each Pokémon
|rule|OHKO Clause: OHKO moves are banned
|rule|Evasion Items Clause: Evasion items are banned
|rule|Evasion Moves Clause: Evasion moves are banned
|rule|Evasion Abilities Clause: Evasion abilities are banned
|rule|Sleep Moves Clause: Sleep-inducing moves are banned
|clearpoke
|poke|p1|Dragalge, M|
|poke|p1|Articuno-Galar|
|poke|p1|Blastoise, F|
|poke|p1|Garchomp, M|
|poke|p1|Ceruledge, M|
|poke|p1|Exeggutor-Alola, M|
|poke|p2|Keldeo-Resolute|
|poke|p2|Eelektross, M|
|poke|p2|Slowbro-Galar, M|
|poke|p2|Yanmega, F|
|poke|p2|Houndoom, F|
|poke|p2|Glimmora, F|
|teampreview
|
|t:|1776352103
|teamsize|p1|6
|teamsize|p2|6
|start
|switch|p1a: Ceruledge|Ceruledge, M|100/100
|switch|p2a: Glimmora|Glimmora, F|100/100
|turn|1
|
|t:|1776352116
|switch|p1a: Garchomp|Garchomp, M|100/100
|move|p2a: Glimmora|Toxic|p1a: Garchomp
|-status|p1a: Garchomp|tox
|
|-damage|p1a: Garchomp|94/100 tox|[from] psn
|upkeep
|turn|2
|
|t:|1776352123
|switch|p2a: Yanmega|Yanmega, F|100/100
|move|p1a: Garchomp|Earthquake|p2a: Yanmega
|-immune|p2a: Yanmega
|
|-damage|p1a: Garchomp|82/100 tox|[from] psn
|upkeep
|turn|3
|
|t:|1776352130
|-terastallize|p1a: Garchomp|Ghost
|move|p2a: Yanmega|Detect|p2a: Yanmega
|-singleturn|p2a: Yanmega|Protect
|move|p1a: Garchomp|Swords Dance|p1a: Garchomp
|-boost|p1a: Garchomp|atk|2
|
|-damage|p1a: Garchomp|64/100 tox|[from] psn
|-ability|p2a: Yanmega|Speed Boost|boost
|-boost|p2a: Yanmega|spe|1
|upkeep
|turn|4
|
|t:|1776352142
|move|p2a: Yanmega|Air Slash|p1a: Garchomp
|-damage|p1a: Garchomp|21/100 tox
|move|p1a: Garchomp|Scale Shot|p2a: Yanmega
|-crit|p2a: Yanmega
|-damage|p2a: Yanmega|50/100
|-damage|p2a: Yanmega|19/100
|-crit|p2a: Yanmega
|-damage|p2a: Yanmega|0 fnt
|faint|p2a: Yanmega
|-hitcount|p2: Yanmega|3
|-unboost|p1a: Garchomp|def|1
|-boost|p1a: Garchomp|spe|1
|
|-damage|p1a: Garchomp|0 fnt|[from] psn
|faint|p1a: Garchomp
|upkeep
|
|t:|1776352157
|switch|p1a: Ceruledge|Ceruledge, M|100/100
|switch|p2a: Glimmora|Glimmora, F|100/100
|turn|5
|
|t:|1776352161
|move|p1a: Ceruledge|Shadow Claw|p2a: Glimmora
|-damage|p2a: Glimmora|70/100
|move|p2a: Glimmora|Toxic|p1a: Ceruledge
|-status|p1a: Ceruledge|tox
|
|-heal|p2a: Glimmora|76/100|[from] item: Leftovers
|-damage|p1a: Ceruledge|94/100 tox|[from] psn
|upkeep
|turn|6
|
|t:|1776352170
|move|p1a: Ceruledge|Bitter Blade|p2a: Glimmora
|-resisted|p2a: Glimmora
|-crit|p2a: Glimmora
|-damage|p2a: Glimmora|46/100
|-heal|p1a: Ceruledge|100/100 tox|[from] drain|[of] p2a: Glimmora
|move|p2a: Glimmora|Power Gem|p1a: Ceruledge
|-supereffective|p1a: Ceruledge
|-crit|p1a: Ceruledge
|-enditem|p1a: Ceruledge|Focus Sash
|-damage|p1a: Ceruledge|1/100 tox
|
|-heal|p2a: Glimmora|52/100|[from] item: Leftovers
|-damage|p1a: Ceruledge|0 fnt|[from] psn
|faint|p1a: Ceruledge
|upkeep
|
|t:|1776352176
|switch|p1a: Exeggutor|Exeggutor-Alola, M|100/100
|turn|7
|
|t:|1776352184
|move|p2a: Glimmora|Substitute|p2a: Glimmora
|-start|p2a: Glimmora|Substitute
|-damage|p2a: Glimmora|27/100
|move|p1a: Exeggutor|Giga Drain|p2a: Glimmora
|-end|p2a: Glimmora|Substitute
|
|-heal|p2a: Glimmora|33/100|[from] item: Leftovers
|upkeep
|turn|8
|
|t:|1776352191
|move|p2a: Glimmora|Toxic|p1a: Exeggutor
|-status|p1a: Exeggutor|tox
|move|p1a: Exeggutor|Giga Drain|p2a: Glimmora
|-damage|p2a: Glimmora|0 fnt
|faint|p2a: Glimmora
|
|-damage|p1a: Exeggutor|94/100 tox|[from] psn
|upkeep
|
|t:|1776352198
|switch|p2a: Slowbro|Slowbro-Galar, M|100/100
|turn|9
|-activate|p2a: Slowbro|ability: Quick Draw
|
|t:|1776352201
|move|p2a: Slowbro|Shell Side Arm|p1a: Exeggutor|[anim] Shell Side Arm Special
|-supereffective|p1a: Exeggutor
|-damage|p1a: Exeggutor|0 fnt
|-hint|Special Shell Side Arm
|faint|p1a: Exeggutor
|
|upkeep
|
|t:|1776352206
|switch|p1a: Dragalge|Dragalge, M|100/100
|turn|10
|-activate|p2a: Slowbro|ability: Quick Draw
|
|t:|1776352209
|move|p2a: Slowbro|Psychic|p1a: Dragalge
|-supereffective|p1a: Dragalge
|-damage|p1a: Dragalge|28/100
|move|p1a: Dragalge|Draco Meteor|p2a: Slowbro
|-damage|p2a: Slowbro|8/100
|-unboost|p1a: Dragalge|spa|2
|
|-heal|p1a: Dragalge|34/100|[from] item: Black Sludge
|upkeep
|turn|11
|
|t:|1776352219
|move|p1a: Dragalge|Protect|p1a: Dragalge
|-singleturn|p1a: Dragalge|Protect
|move|p2a: Slowbro|Psychic|p1a: Dragalge
|-activate|p1a: Dragalge|move: Protect
|
|-heal|p1a: Dragalge|40/100|[from] item: Black Sludge
|upkeep
|turn|12
|-activate|p2a: Slowbro|item: Quick Claw
|
|t:|1776352225
|move|p2a: Slowbro|Psychic|p1a: Dragalge
|-supereffective|p1a: Dragalge
|-damage|p1a: Dragalge|0 fnt
|faint|p1a: Dragalge
|
|upkeep
|
|t:|1776352229
|switch|p1a: Blastoise|Blastoise, F|100/100
|turn|13
|-activate|p2a: Slowbro|ability: Quick Draw
|
|t:|1776352236
|move|p2a: Slowbro|Shell Side Arm|p1a: Blastoise|[anim] Shell Side Arm Special
|-damage|p1a: Blastoise|56/100
|-hint|Special Shell Side Arm
|move|p1a: Blastoise|Surf|p2a: Slowbro
|-damage|p2a: Slowbro|0 fnt
|faint|p2a: Slowbro
|-heal|p1a: Blastoise|57/100|[from] item: Shell Bell|[of] p2: Slowbro
|
|upkeep
|
|t:|1776352246
|switch|p2a: Eelektross|Eelektross, M|100/100
|turn|14
|
|t:|1776352252
|move|p1a: Blastoise|Shell Smash|p1a: Blastoise
|-unboost|p1a: Blastoise|def|1
|-unboost|p1a: Blastoise|spd|1
|-boost|p1a: Blastoise|atk|2
|-boost|p1a: Blastoise|spa|2
|-boost|p1a: Blastoise|spe|2
|move|p2a: Eelektross|Volt Switch|p1a: Blastoise
|-supereffective|p1a: Blastoise
|-damage|p1a: Blastoise|0 fnt
|faint|p1a: Blastoise
|
|t:|1776352262
|switch|p2a: Keldeo|Keldeo-Resolute|100/100|[from] Volt Switch
|
|upkeep
|
|t:|1776352268
|switch|p1a: Articuno|Articuno-Galar|100/100
|turn|15
|
|t:|1776352274
|-terastallize|p2a: Keldeo|Ghost
|move|p2a: Keldeo|Tera Blast|p1a: Articuno|[anim] Tera Blast Ghost
|-supereffective|p1a: Articuno
|-damage|p1a: Articuno|17/100
|-enditem|p1a: Articuno|Weakness Policy
|-boost|p1a: Articuno|atk|2|[from] item: Weakness Policy
|-boost|p1a: Articuno|spa|2|[from] item: Weakness Policy
|move|p1a: Articuno|Brave Bird|p2a: Keldeo
|-damage|p2a: Keldeo|28/100
|-damage|p1a: Articuno|0 fnt|[from] Recoil
|faint|p1a: Articuno
|
|win|LiamUtp
