|html|<div class="broadcast-blue"><strong>[Gen 9] OU is currently suspecting Tera Blast! For information on how to participate check out the <a href="https://www.smogon.com/tools/suspects/view/200">suspect thread</a>.</strong></div>
|j|☆enmin
|j|☆MeLikeTrains05
|t:|1776322548
|gametype|singles
|player|p1|enmin|266|1334
|player|p2|MeLikeTrains05|pilot|1266
|gen|9
|tier|[Gen 9] OU
|rated|
|rule|HP Percentage Mod: HP is shown in percentages
|rule|Endless Battle Clause: Forcing endless battles is banned
|rule|Species Clause: Limit one of each Pokémon
|rule|OHKO Clause: OHKO moves are banned
|rule|Evasion Items Clause: Evasion items are banned
|rule|Evasion Moves Clause: Evasion moves are banned
|rule|Evasion Abilities Clause: Evasion abilities are banned
|rule|Sleep Moves Clause: Sleep-inducing moves are banned
|clearpoke
|poke|p1|Garchomp, M|
|poke|p1|Iron Moth|
|poke|p1|Hoopa-Unbound|
|poke|p1|Rotom-Wash|
|poke|p1|Corviknight, F|
|poke|p1|Clodsire, F|
|poke|p2|Glimmora, F|
|poke|p2|Grimmsnarl, M|
|poke|p2|Garganacl, F|
|poke|p2|Kingambit, M|
|poke|p2|Dragapult, F|
|poke|p2|Great Tusk|
|teampreview
|inactive|Battle timer is ON: inactive players will automatically lose when time's up. (requested by enmin)
|
|t:|1776322562
|teamsize|p1|6
|teamsize|p2|6
|start
|switch|p1a: Clodsire|Clodsire, F|100/100
|switch|p2a: Glimmora|Glimmora, F|100/100
|turn|1
|
|t:|1776322569
|move|p2a: Glimmora|Stealth Rock|p1a: Clodsire
|-sidestart|p1: enmin|move: Stealth Rock
|move|p1a: Clodsire|Earthquake|p2a: Glimmora
|-supereffective|p2a: Glimmora
|-enditem|p2a: Glimmora|Focus Sash
|-damage|p2a: Glimmora|1/100
|-activate|p2a: Glimmora|ability: Toxic Debris
|-sidestart|p1: enmin|move: Toxic Spikes
|
|upkeep
|turn|2
|
|t:|1776322582
|move|p2a: Glimmora|Earth Power|p1a: Clodsire
|-supereffective|p1a: Clodsire
|-damage|p1a: Clodsire|65/100
|move|p1a: Clodsire|Earthquake|p2a: Glimmora
|-supereffective|p2a: Glimmora
|-damage|p2a: Glimmora|0 fnt
|-activate|p2a: Glimmora|ability: Toxic Debris
|-sidestart|p1: enmin|move: Toxic Spikes
|faint|p2a: Glimmora
|
|-heal|p1a: Clodsire|71/100|[from] item: Leftovers
|upkeep
|
|t:|1776322600
|switch|p2a: Great Tusk|Great Tusk|100/100
|-enditem|p2a: Great Tusk|Booster Energy
|-activate|p2a: Great Tusk|ability: Protosynthesis|[fromitem]
|-start|p2a: Great Tusk|protosynthesisatk
|turn|3
|
|t:|1776322608
|move|p2a: Great Tusk|Headlong Rush|p1a: Clodsire
|-supereffective|p1a: Clodsire
|-damage|p1a: Clodsire|0 fnt
|-unboost|p2a: Great Tusk|def|1
|-unboost|p2a: Great Tusk|spd|1
|faint|p1a: Clodsire
|
|upkeep
|
|t:|1776322610
|switch|p1a: Corviknight|Corviknight, F|100/100
|-damage|p1a: Corviknight|88/100|[from] Stealth Rock
|-ability|p1a: Corviknight|Pressure
|turn|4
|
|t:|1776322620
|move|p2a: Great Tusk|Close Combat|p1a: Corviknight
|-damage|p1a: Corviknight|42/100
|-unboost|p2a: Great Tusk|def|1
|-unboost|p2a: Great Tusk|spd|1
|move|p1a: Corviknight|Defog|p2a: Great Tusk
|-unboost|p2a: Great Tusk|evasion|1
|-sideend|p1: enmin|Toxic Spikes|[from] move: Defog|[of] p1a: Corviknight
|-sideend|p1: enmin|Stealth Rock|[from] move: Defog|[of] p1a: Corviknight
|
|-heal|p1a: Corviknight|48/100|[from] item: Leftovers
|upkeep
|turn|5
|
|t:|1776322630
|move|p2a: Great Tusk|Close Combat|p1a: Corviknight
|-damage|p1a: Corviknight|0 fnt
|-unboost|p2a: Great Tusk|def|1
|-unboost|p2a: Great Tusk|spd|1
|faint|p1a: Corviknight
|
|upkeep
|
|t:|1776322634
|switch|p1a: Iron Moth|Iron Moth|100/100
|turn|6
|
|t:|1776322645
|-end|p2a: Great Tusk|Protosynthesis|[silent]
|switch|p2a: Garganacl|Garganacl, F|100/100
|move|p1a: Iron Moth|Psychic|p2a: Garganacl
|-damage|p2a: Garganacl|65/100
|
|-heal|p2a: Garganacl|72/100|[from] item: Leftovers
|upkeep
|turn|7
|
|t:|1776322653
|-end|p1a: Iron Moth|Quark Drive|[silent]
|switch|p1a: Garchomp|Garchomp, M|100/100
|move|p2a: Garganacl|Salt Cure|p1a: Garchomp
|-resisted|p1a: Garchomp
|-damage|p1a: Garchomp|94/100
|-start|p1a: Garchomp|Salt Cure
|
|-heal|p2a: Garganacl|78/100|[from] item: Leftovers
|-damage|p1a: Garchomp|81/100|[from] Salt Cure
|upkeep
|turn|8
|
|t:|1776322667
|move|p1a: Garchomp|Swords Dance|p1a: Garchomp
|-boost|p1a: Garchomp|atk|2
|move|p2a: Garganacl|Recover|p2a: Garganacl
|-heal|p2a: Garganacl|100/100
|
|-damage|p1a: Garchomp|69/100|[from] Salt Cure
|upkeep
|turn|9
|
|t:|1776322671
|move|p1a: Garchomp|Swords Dance|p1a: Garchomp
|-boost|p1a: Garchomp|atk|2
|move|p2a: Garganacl|Iron Defense|p2a: Garganacl
|-boost|p2a: Garganacl|def|2
|
|-damage|p1a: Garchomp|57/100|[from] Salt Cure
|upkeep
|turn|10
|
|t:|1776322674
|move|p1a: Garchomp|Earthquake|p2a: Garganacl
|-supereffective|p2a: Garganacl
|-damage|p2a: Garganacl|0 fnt
|faint|p2a: Garganacl
|
|-damage|p1a: Garchomp|44/100|[from] Salt Cure
|upkeep
|
|t:|1776322685
|switch|p2a: Dragapult|Dragapult, F, shiny|100/100
|turn|11
|
|t:|1776322693
|switch|p1a: Rotom|Rotom-Wash|100/100
|move|p2a: Dragapult|Dragon Darts|p1a: Rotom
|-damage|p1a: Rotom|82/100
|-anim|p2a: Dragapult|Dragon Darts|p1a: Rotom
|-damage|p1a: Rotom|63/100
|
|-heal|p1a: Rotom|69/100|[from] item: Leftovers
|upkeep
|turn|12
|
|t:|1776322705
|move|p2a: Dragapult|Substitute|p2a: Dragapult
|-start|p2a: Dragapult|Substitute
|-damage|p2a: Dragapult|76/100
|move|p1a: Rotom|Will-O-Wisp||[still]
|-fail|p1a: Rotom
|
|-heal|p2a: Dragapult|82/100|[from] item: Leftovers
|-heal|p1a: Rotom|75/100|[from] item: Leftovers
|upkeep
|turn|13
|
|t:|1776322711
|move|p2a: Dragapult|Dragon Dance|p2a: Dragapult
|-boost|p2a: Dragapult|atk|1
|-boost|p2a: Dragapult|spe|1
|move|p1a: Rotom|Volt Switch|p2a: Dragapult
|-resisted|p2a: Dragapult
|-activate|p2a: Dragapult|move: Substitute|[damage]
|
|t:|1776322713
|switch|p1a: Hoopa|Hoopa-Unbound|100/100|[from] Volt Switch
|
|-heal|p2a: Dragapult|88/100|[from] item: Leftovers
|upkeep
|turn|14
|
|t:|1776322721
|move|p2a: Dragapult|Dragon Dance|p2a: Dragapult
|-boost|p2a: Dragapult|atk|1
|-boost|p2a: Dragapult|spe|1
|move|p1a: Hoopa|Hyperspace Fury|p2a: Dragapult
|-supereffective|p2a: Dragapult
|-damage|p2a: Dragapult|0 fnt
|-unboost|p1a: Hoopa|def|1
|faint|p2a: Dragapult
|
|upkeep
|c|☆MeLikeTrains05|i forgor
|
|t:|1776322740
|switch|p2a: Kingambit|Kingambit, M, shiny|100/100
|-activate|p2a: Kingambit|ability: Supreme Overlord
|-start|p2a: Kingambit|fallen3|[silent]
|turn|15
|
|t:|1776322750
|switch|p1a: Rotom|Rotom-Wash|75/100
|move|p2a: Kingambit|Swords Dance|p2a: Kingambit
|-boost|p2a: Kingambit|atk|2
|
|-heal|p1a: Rotom|82/100|[from] item: Leftovers
|upkeep
|turn|16
|
|t:|1776322761
|move|p1a: Rotom|Will-O-Wisp|p2a: Kingambit|[miss]
|-miss|p1a: Rotom|p2a: Kingambit
|move|p2a: Kingambit|Kowtow Cleave|p1a: Rotom
|-damage|p1a: Rotom|0 fnt
|faint|p1a: Rotom
|
|upkeep
|
|t:|1776322766
|switch|p1a: Hoopa|Hoopa-Unbound|100/100
|turn|17
|
|t:|1776322773
|move|p2a: Kingambit|Sucker Punch||[still]
|-fail|p2a: Kingambit
|move|p1a: Hoopa|Trick|p2a: Kingambit
|-activate|p1a: Hoopa|move: Trick|[of] p2a: Kingambit
|-item|p2a: Kingambit|Choice Scarf|[from] move: Trick
|-item|p1a: Hoopa|Heavy-Duty Boots|[from] move: Trick
|
|upkeep
|turn|18
|
|t:|1776322779
|-terastallize|p1a: Hoopa|Dark
|move|p2a: Kingambit|Sucker Punch|p1a: Hoopa
|-resisted|p1a: Hoopa
|-damage|p1a: Hoopa|1/100
|move|p1a: Hoopa|Drain Punch|p2a: Kingambit
|-supereffective|p2a: Kingambit
|-damage|p2a: Kingambit|1/100
|-heal|p1a: Hoopa|63/100|[from] drain|[of] p2a: Kingambit
|
|upkeep
|turn|19
|
|t:|1776322785
|switch|p1a: Garchomp|Garchomp, M|44/100
|move|p2a: Kingambit|Sucker Punch||[still]
|-fail|p2a: Kingambit
|
|upkeep
|turn|20
|
|t:|1776322791
|-end|p2a: Kingambit|fallen3|[silent]
|switch|p2a: Grimmsnarl|Grimmsnarl, M|100/100
|move|p1a: Garchomp|Swords Dance|p1a: Garchomp
|-boost|p1a: Garchomp|atk|2
|
|upkeep
|turn|21
|
|t:|1776322794
|move|p2a: Grimmsnarl|Taunt|p1a: Garchomp
|-start|p1a: Garchomp|move: Taunt
|move|p1a: Garchomp|Earthquake|p2a: Grimmsnarl
|-damage|p2a: Grimmsnarl|0 fnt
|faint|p2a: Grimmsnarl
|
|upkeep
|
|t:|1776322800
|switch|p2a: Kingambit|Kingambit, M, shiny|1/100
|-activate|p2a: Kingambit|ability: Supreme Overlord
|-start|p2a: Kingambit|fallen4|[silent]
|turn|22
|
|t:|1776322806
|move|p2a: Kingambit|Sucker Punch|p1a: Garchomp
|-damage|p1a: Garchomp|0 fnt
|-damage|p2a: Kingambit|0 fnt|[from] ability: Rough Skin|[of] p1a: Garchomp
|faint|p1a: Garchomp
|faint|p2a: Kingambit
|-end|p2a: Kingambit|fallen4|[silent]
|
|upkeep
|
|t:|1776322810
|switch|p1a: Iron Moth|Iron Moth|100/100
|switch|p2a: Great Tusk|Great Tusk|100/100
|turn|23
|
|t:|1776322821
|move|p1a: Iron Moth|Flamethrower|p2a: Great Tusk
|-damage|p2a: Great Tusk|0 fnt
|faint|p2a: Great Tusk
|-end|p2a: Great Tusk|Protosynthesis|[silent]
|
|win|enmin
|raw|enmin's rating: 1334 &rarr; <strong>1350</strong><br />(+16 for winning)
|raw|MeLikeTrains05's rating: 1266 &rarr; <strong>1246</strong><br />(-20 for losing)
|l|☆MeLikeTrains05
|player|p2|
