|html|<div class="broadcast-blue"><strong>[Gen 9] OU is currently suspecting Tera Blast! For information on how to participate check out the <a href="https://www.smogon.com/tools/suspects/view/200">suspect thread</a>.</strong></div>
|j|☆Parade11
|j|‽Pir4t3ur
|t:|1776073407
|gametype|singles
|player|p1|Parade11|101|1084
|player|p2|Pir4t3ur|169|1062
|gen|9
|tier|[Gen 9] OU
|rated|
|rule|HP Percentage Mod: HP is shown in percentages
|rule|Endless Battle Clause: Forcing endless battles is banned
|rule|Species Clause: Limit one of each Pokémon
|rule|OHKO Clause: OHKO moves are banned
|rule|Evasion Items Clause: Evasion items are banned
|rule|Evasion Moves Clause: Evasion moves are banned
|rule|Evasion Abilities Clause: Evasion abilities are banned
|rule|Sleep Moves Clause: Sleep-inducing moves are banned
|clearpoke
|poke|p1|Dragonite, M|
|poke|p1|Kingambit, M|
|poke|p1|Iron Valiant|
|poke|p1|Rillaboom, M|
|poke|p1|Gholdengo|
|poke|p1|Landorus-Therian, M|
|poke|p2|Drednaw, F|
|poke|p2|Pelipper, M|
|poke|p2|Indeedee, M|
|poke|p2|Hatterene, F|
|poke|p2|Barraskewda, F|
|poke|p2|Samurott-Hisui, F|
|teampreview
|
|t:|1776073414
|teamsize|p1|6
|teamsize|p2|6
|start
|switch|p1a: Rillaboom|Rillaboom, M|100/100
|switch|p2a: Pelipper|Pelipper, M|100/100
|-fieldstart|move: Grassy Terrain|[from] ability: Grassy Surge|[of] p1a: Rillaboom
|-weather|RainDance|[from] ability: Drizzle|[of] p2a: Pelipper
|turn|1
|
|t:|1776073433
|move|p1a: Rillaboom|Fake Out|p2a: Pelipper
|-damage|p2a: Pelipper|90/100
|cant|p2a: Pelipper|flinch
|
|-weather|RainDance|[upkeep]
|upkeep
|turn|2
|
|t:|1776073462
|switch|p1a: Dragonite|Dragonite, M|100/100
|move|p2a: Pelipper|Hurricane|p1a: Dragonite
|-damage|p1a: Dragonite|71/100
|-start|p1a: Dragonite|confusion
|
|-weather|RainDance|[upkeep]
|upkeep
|turn|3
|
|t:|1776073485
|switch|p1a: Kingambit|Kingambit, M|100/100
|move|p2a: Pelipper|U-turn|p1a: Kingambit
|-damage|p1a: Kingambit|95/100
|
|t:|1776073503
|switch|p2a: Hatterene|Hatterene, F|100/100|[from] U-turn
|
|-weather|RainDance|[upkeep]
|-heal|p1a: Kingambit|100/100|[from] Grassy Terrain
|upkeep
|turn|4
|
|t:|1776073516
|-terastallize|p1a: Kingambit|Flying
|move|p1a: Kingambit|Iron Head|p2a: Hatterene
|-supereffective|p2a: Hatterene
|-damage|p2a: Hatterene|23/100
|move|p2a: Hatterene|Draining Kiss|p1a: Kingambit
|-damage|p1a: Kingambit|86/100
|-heal|p2a: Hatterene|37/100|[from] drain|[of] p1a: Kingambit
|
|-weather|RainDance|[upkeep]
|-heal|p2a: Hatterene|43/100|[from] Grassy Terrain
|-heal|p2a: Hatterene|49/100|[from] item: Leftovers
|upkeep
|turn|5
|
|t:|1776073548
|switch|p2a: Drednaw|Drednaw, F|100/100
|move|p1a: Kingambit|Iron Head|p2a: Drednaw
|-damage|p2a: Drednaw|47/100
|
|-weather|RainDance|[upkeep]
|-heal|p2a: Drednaw|53/100|[from] Grassy Terrain
|-fieldend|move: Grassy Terrain
|upkeep
|turn|6
|
|t:|1776073561
|move|p1a: Kingambit|Sucker Punch|p2a: Drednaw
|-damage|p2a: Drednaw|7/100
|move|p2a: Drednaw|Stone Edge|p1a: Kingambit
|-supereffective|p1a: Kingambit
|-damage|p1a: Kingambit|17/100
|
|-weather|RainDance|[upkeep]
|upkeep
|turn|7
|
|t:|1776073576
|switch|p2a: Samurott|Samurott-Hisui, F|100/100
|move|p1a: Kingambit|Sucker Punch||[still]
|-fail|p1a: Kingambit
|
|-weather|RainDance|[upkeep]
|upkeep
|turn|8
|
|t:|1776073595
|switch|p1a: Rillaboom|Rillaboom, M|100/100
|-fieldstart|move: Grassy Terrain|[from] ability: Grassy Surge|[of] p1a: Rillaboom
|move|p2a: Samurott|Aqua Jet|p1a: Rillaboom
|-resisted|p1a: Rillaboom
|-damage|p1a: Rillaboom|87/100
|
|-weather|none
|-heal|p1a: Rillaboom|93/100|[from] Grassy Terrain
|upkeep
|turn|9
|
|t:|1776073621
|-terastallize|p2a: Samurott|Ghost
|move|p1a: Rillaboom|Fake Out|p2a: Samurott
|-immune|p2a: Samurott
|move|p2a: Samurott|Knock Off|p1a: Rillaboom
|-damage|p1a: Rillaboom|55/100
|-enditem|p1a: Rillaboom|Heavy-Duty Boots|[from] move: Knock Off|[of] p2a: Samurott
|
|-heal|p1a: Rillaboom|62/100|[from] Grassy Terrain
|upkeep
|turn|10
|
|t:|1776073658
|switch|p1a: Iron Valiant|Iron Valiant|100/100
|-enditem|p1a: Iron Valiant|Booster Energy
|-activate|p1a: Iron Valiant|ability: Quark Drive|[fromitem]
|-start|p1a: Iron Valiant|quarkdrivespe
|move|p2a: Samurott|Ceaseless Edge|p1a: Iron Valiant
|-resisted|p1a: Iron Valiant
|-damage|p1a: Iron Valiant|87/100
|-sidestart|p1: Parade11|Spikes
|
|-heal|p1a: Iron Valiant|93/100|[from] Grassy Terrain
|upkeep
|turn|11
|
|t:|1776073697
|switch|p2a: Pelipper|Pelipper, M|90/100
|-weather|RainDance|[from] ability: Drizzle|[of] p2a: Pelipper
|move|p1a: Iron Valiant|Moonblast|p2a: Pelipper
|-damage|p2a: Pelipper|25/100
|
|-weather|RainDance|[upkeep]
|-heal|p1a: Iron Valiant|99/100|[from] Grassy Terrain
|upkeep
|turn|12
|
|t:|1776073706
|move|p1a: Iron Valiant|Moonblast|p2a: Pelipper
|-damage|p2a: Pelipper|0 fnt
|faint|p2a: Pelipper
|
|-weather|RainDance|[upkeep]
|-heal|p1a: Iron Valiant|100/100|[from] Grassy Terrain
|-fieldend|move: Grassy Terrain
|upkeep
|
|t:|1776073768
|switch|p2a: Indeedee|Indeedee, M|100/100
|-fieldstart|move: Psychic Terrain|[from] ability: Psychic Surge|[of] p2a: Indeedee
|turn|13
|
|t:|1776073790
|move|p1a: Iron Valiant|Moonblast|p2a: Indeedee
|-damage|p2a: Indeedee|36/100
|move|p2a: Indeedee|Expanding Force|p1a: Iron Valiant
|-supereffective|p1a: Iron Valiant
|-damage|p1a: Iron Valiant|0 fnt
|faint|p1a: Iron Valiant
|-end|p1a: Iron Valiant|Quark Drive|[silent]
|
|-weather|RainDance|[upkeep]
|upkeep
|
|t:|1776073804
|switch|p1a: Dragonite|Dragonite, M|71/100
|turn|14
|
|t:|1776073817
|move|p2a: Indeedee|Dazzling Gleam|p1a: Dragonite
|-supereffective|p1a: Dragonite
|-damage|p1a: Dragonite|27/100
|move|p1a: Dragonite|Earthquake|p2a: Indeedee
|-damage|p2a: Indeedee|0 fnt
|faint|p2a: Indeedee
|
|-weather|RainDance|[upkeep]
|upkeep
|
|t:|1776073835
|switch|p2a: Barraskewda|Barraskewda, F|100/100
|turn|15
|
|t:|1776073848
|switch|p1a: Rillaboom|Rillaboom, M|62/100
|-damage|p1a: Rillaboom|49/100|[from] Spikes
|-fieldstart|move: Grassy Terrain|[from] ability: Grassy Surge|[of] p1a: Rillaboom
|move|p2a: Barraskewda|Liquidation|p1a: Rillaboom
|-resisted|p1a: Rillaboom
|-damage|p1a: Rillaboom|2/100
|
|-weather|RainDance|[upkeep]
|-heal|p1a: Rillaboom|9/100|[from] Grassy Terrain
|upkeep
|turn|16
|
|t:|1776073864
|move|p1a: Rillaboom|Grassy Glide|p2a: Barraskewda
|-supereffective|p2a: Barraskewda
|-damage|p2a: Barraskewda|0 fnt
|faint|p2a: Barraskewda
|
|-weather|RainDance|[upkeep]
|-heal|p1a: Rillaboom|15/100|[from] Grassy Terrain
|upkeep
|
|t:|1776073874
|switch|p2a: Samurott|Samurott-Hisui, F, tera:Ghost|100/100
|turn|17
|-message|Pir4t3ur forfeited.
|
|win|Parade11
|raw|Parade11's rating: 1084 &rarr; <strong>1110</strong><br />(+26 for winning)
|raw|Pir4t3ur's rating: 1062 &rarr; <strong>1044</strong><br />(-18 for losing)
|l|‽Pir4t3ur
|player|p2|
|l|☆Parade11
|player|p1|
