|html|<div class="broadcast-blue"><strong>[Gen 9] OU is currently suspecting Volcarona! For information on how to participate check out the <a href="https://www.smogon.com/tools/suspects/view/208">suspect thread</a>.</strong></div>
|j|‽advaithramanan12
|j|‽Weeniewarrior12377
|t:|1778505898
|gametype|singles
|player|p1|advaithramanan12|265|1142
|player|p2|Weeniewarrior12377|wallace|1133
|gen|9
|tier|[Gen 9] OU
|rated|
|rule|HP Percentage Mod: HP is shown in percentages
|rule|Endless Battle Clause: Forcing endless battles is banned
|rule|Species Clause: Limit one of each Pokémon
|rule|OHKO Clause: OHKO moves are banned
|rule|Evasion Items Clause: Evasion items are banned
|rule|Evasion Moves Clause: Evasion moves are banned
|rule|Evasion Abilities Clause: Evasion abilities are banned
|rule|Sleep Moves Clause: Sleep-inducing moves are banned
|clearpoke
|poke|p1|Dragapult, M|
|poke|p1|Kingambit, F|
|poke|p1|Serperior, F|
|poke|p1|Bastiodon, M|
|poke|p1|Blastoise, F|
|poke|p1|Landorus-Therian, M|
|poke|p2|Azumarill, F|
|poke|p2|Zamazenta-*|
|poke|p2|Porygon-Z|
|poke|p2|Dragapult, F|
|poke|p2|Gliscor, F|
|poke|p2|Toxapex, M|
|teampreview
|
|t:|1778505940
|teamsize|p1|6
|teamsize|p2|6
|start
|switch|p1a: Serperior|Serperior, F|100/100
|switch|p2a: Toxapex|Toxapex, M, shiny|100/100
|turn|1
|
|t:|1778505960
|switch|p1a: Bastiodon|Bastiodon, M|100/100
|move|p2a: Toxapex|Toxic|p1a: Bastiodon
|-immune|p1a: Bastiodon
|
|upkeep
|turn|2
|
|t:|1778505967
|move|p2a: Toxapex|Toxic Spikes|p1a: Bastiodon
|-sidestart|p1: advaithramanan12|move: Toxic Spikes
|move|p1a: Bastiodon|Iron Defense|p1a: Bastiodon
|-boost|p1a: Bastiodon|def|2
|
|upkeep
|turn|3
|
|t:|1778505973
|switch|p2a: Zamazenta|Zamazenta|100/100
|-ability|p2a: Zamazenta|Dauntless Shield|boost
|-boost|p2a: Zamazenta|def|1
|move|p1a: Bastiodon|Iron Defense|p1a: Bastiodon
|-boost|p1a: Bastiodon|def|2
|
|upkeep
|turn|4
|
|t:|1778505985
|-terastallize|p1a: Bastiodon|Flying
|move|p2a: Zamazenta|Close Combat|p1a: Bastiodon
|-resisted|p1a: Bastiodon
|-damage|p1a: Bastiodon|93/100
|-unboost|p2a: Zamazenta|def|1
|-unboost|p2a: Zamazenta|spd|1
|move|p1a: Bastiodon|Body Press|p2a: Zamazenta
|-damage|p2a: Zamazenta|0 fnt
|faint|p2a: Zamazenta
|
|-heal|p1a: Bastiodon|99/100|[from] item: Leftovers
|upkeep
|
|t:|1778506001
|switch|p2a: Porygon-Z|Porygon-Z, shiny|100/100
|turn|5
|
|t:|1778506005
|move|p2a: Porygon-Z|Thunderbolt|p1a: Bastiodon
|-supereffective|p1a: Bastiodon
|-damage|p1a: Bastiodon|46/100
|-status|p1a: Bastiodon|par
|cant|p1a: Bastiodon|par
|
|-heal|p1a: Bastiodon|52/100 par|[from] item: Leftovers
|upkeep
|turn|6
|
|t:|1778506015
|move|p1a: Bastiodon|Protect|p1a: Bastiodon
|-singleturn|p1a: Bastiodon|Protect
|move|p2a: Porygon-Z|Thunderbolt|p1a: Bastiodon
|-activate|p1a: Bastiodon|move: Protect
|
|-heal|p1a: Bastiodon|59/100 par|[from] item: Leftovers
|upkeep
|turn|7
|
|t:|1778506023
|move|p2a: Porygon-Z|Thunderbolt|p1a: Bastiodon
|-supereffective|p1a: Bastiodon
|-damage|p1a: Bastiodon|1/100 par
|move|p1a: Bastiodon|Body Press|p2a: Porygon-Z
|-supereffective|p2a: Porygon-Z
|-damage|p2a: Porygon-Z|0 fnt
|faint|p2a: Porygon-Z
|
|-heal|p1a: Bastiodon|7/100 par|[from] item: Leftovers
|upkeep
|
|t:|1778506035
|switch|p2a: Azumarill|Azumarill, F|100/100
|turn|8
|
|t:|1778506040
|cant|p1a: Bastiodon|par
|move|p2a: Azumarill|Aqua Jet|p1a: Bastiodon
|-damage|p1a: Bastiodon|1/100 par
|
|-heal|p1a: Bastiodon|7/100 par|[from] item: Leftovers
|upkeep
|turn|9
|
|t:|1778506050
|move|p1a: Bastiodon|Protect|p1a: Bastiodon
|-singleturn|p1a: Bastiodon|Protect
|move|p2a: Azumarill|Aqua Jet|p1a: Bastiodon
|-activate|p1a: Bastiodon|move: Protect
|
|-heal|p1a: Bastiodon|13/100 par|[from] item: Leftovers
|upkeep
|turn|10
|
|t:|1778506066
|move|p2a: Azumarill|Play Rough|p1a: Bastiodon|[miss]
|-miss|p2a: Azumarill|p1a: Bastiodon
|move|p1a: Bastiodon|Body Press|p2a: Azumarill
|-resisted|p2a: Azumarill
|-damage|p2a: Azumarill|53/100
|
|-heal|p1a: Bastiodon|20/100 par|[from] item: Leftovers
|upkeep
|turn|11
|
|t:|1778506077
|move|p1a: Bastiodon|Protect|p1a: Bastiodon
|-singleturn|p1a: Bastiodon|Protect
|move|p2a: Azumarill|Play Rough|p1a: Bastiodon
|-activate|p1a: Bastiodon|move: Protect
|
|-heal|p1a: Bastiodon|26/100 par|[from] item: Leftovers
|upkeep
|turn|12
|
|t:|1778506085
|move|p2a: Azumarill|Play Rough|p1a: Bastiodon
|-damage|p1a: Bastiodon|11/100 par
|-unboost|p1a: Bastiodon|atk|1
|cant|p1a: Bastiodon|par
|
|-heal|p1a: Bastiodon|17/100 par|[from] item: Leftovers
|upkeep
|turn|13
|
|t:|1778506098
|-terastallize|p2a: Azumarill|Water
|cant|p1a: Bastiodon|par
|move|p2a: Azumarill|Aqua Jet|p1a: Bastiodon
|-damage|p1a: Bastiodon|7/100 par
|
|-heal|p1a: Bastiodon|13/100 par|[from] item: Leftovers
|upkeep
|turn|14
|
|t:|1778506107
|move|p1a: Bastiodon|Protect|p1a: Bastiodon
|-singleturn|p1a: Bastiodon|Protect
|move|p2a: Azumarill|Aqua Jet|p1a: Bastiodon
|-activate|p1a: Bastiodon|move: Protect
|
|-heal|p1a: Bastiodon|19/100 par|[from] item: Leftovers
|upkeep
|turn|15
|
|t:|1778506116
|move|p2a: Azumarill|Aqua Jet|p1a: Bastiodon
|-damage|p1a: Bastiodon|10/100 par
|move|p1a: Bastiodon|Iron Defense|p1a: Bastiodon
|-boost|p1a: Bastiodon|def|2
|
|-heal|p1a: Bastiodon|16/100 par|[from] item: Leftovers
|upkeep
|turn|16
|
|t:|1778506124
|move|p1a: Bastiodon|Protect|p1a: Bastiodon
|-singleturn|p1a: Bastiodon|Protect
|move|p2a: Azumarill|Belly Drum|p2a: Azumarill
|-damage|p2a: Azumarill|3/100
|-setboost|p2a: Azumarill|atk|6|[from] move: Belly Drum
|-enditem|p2a: Azumarill|Sitrus Berry|[eat]
|-heal|p2a: Azumarill|28/100|[from] item: Sitrus Berry
|
|-heal|p1a: Bastiodon|22/100 par|[from] item: Leftovers
|upkeep
|turn|17
|
|t:|1778506135
|move|p2a: Azumarill|Aqua Jet|p1a: Bastiodon
|-damage|p1a: Bastiodon|0 fnt
|faint|p1a: Bastiodon
|
|upkeep
|
|t:|1778506138
|switch|p1a: Kingambit|Kingambit, F|100/100
|-activate|p1a: Kingambit|ability: Supreme Overlord
|-start|p1a: Kingambit|fallen1|[silent]
|turn|18
|
|t:|1778506145
|move|p2a: Azumarill|Aqua Jet|p1a: Kingambit
|-damage|p1a: Kingambit|2/100
|move|p1a: Kingambit|Sucker Punch||[still]
|-fail|p1a: Kingambit
|
|upkeep
|turn|19
|
|t:|1778506160
|move|p2a: Azumarill|Aqua Jet|p1a: Kingambit
|-damage|p1a: Kingambit|0 fnt
|faint|p1a: Kingambit
|-end|p1a: Kingambit|fallen1|[silent]
|
|upkeep
|
|t:|1778506162
|switch|p1a: Serperior|Serperior, F|100/100
|-status|p1a: Serperior|psn
|turn|20
|
|t:|1778506168
|move|p2a: Azumarill|Aqua Jet|p1a: Serperior
|-resisted|p1a: Serperior
|-damage|p1a: Serperior|22/100 psn
|move|p1a: Serperior|Leaf Storm|p2a: Azumarill
|-supereffective|p2a: Azumarill
|-damage|p2a: Azumarill|0 fnt
|-boost|p1a: Serperior|spa|2
|faint|p2a: Azumarill
|-damage|p1a: Serperior|12/100 psn|[from] item: Life Orb
|
|-damage|p1a: Serperior|0 fnt|[from] psn
|faint|p1a: Serperior
|upkeep
|
|t:|1778506190
|switch|p1a: Blastoise|Blastoise, F|100/100
|switch|p2a: Dragapult|Dragapult, F|100/100
|-status|p1a: Blastoise|psn
|turn|21
|
|t:|1778506201
|move|p2a: Dragapult|Hex|p1a: Blastoise
|-damage|p1a: Blastoise|52/100 psn
|move|p1a: Blastoise|Shell Smash|p1a: Blastoise
|-unboost|p1a: Blastoise|def|1
|-unboost|p1a: Blastoise|spd|1
|-boost|p1a: Blastoise|atk|2
|-boost|p1a: Blastoise|spa|2
|-boost|p1a: Blastoise|spe|2
|-enditem|p1a: Blastoise|White Herb
|-clearnegativeboost|p1a: Blastoise|[silent]
|
|-damage|p1a: Blastoise|40/100 psn|[from] psn
|upkeep
|turn|22
|
|t:|1778506213
|move|p1a: Blastoise|Ice Beam|p2a: Dragapult
|-supereffective|p2a: Dragapult
|-damage|p2a: Dragapult|0 fnt
|faint|p2a: Dragapult
|
|-damage|p1a: Blastoise|28/100 psn|[from] psn
|upkeep
|
|t:|1778506221
|switch|p2a: Toxapex|Toxapex, M, shiny|100/100
|turn|23
|
|t:|1778506235
|move|p2a: Toxapex|Baneful Bunker|p2a: Toxapex
|-singleturn|p2a: Toxapex|move: Protect
|move|p1a: Blastoise|Hydro Pump|p2a: Toxapex
|-activate|p2a: Toxapex|move: Protect
|
|-damage|p1a: Blastoise|15/100 psn|[from] psn
|upkeep
|turn|24
|
|t:|1778506245
|move|p1a: Blastoise|Hydro Pump|p2a: Toxapex
|-resisted|p2a: Toxapex
|-damage|p2a: Toxapex|52/100
|move|p2a: Toxapex|Recover|p2a: Toxapex
|-heal|p2a: Toxapex|100/100
|
|-damage|p1a: Blastoise|3/100 psn|[from] psn
|upkeep
|turn|25
|
|t:|1778506254
|move|p2a: Toxapex|Baneful Bunker|p2a: Toxapex
|-singleturn|p2a: Toxapex|move: Protect
|move|p1a: Blastoise|Rapid Spin|p2a: Toxapex
|-activate|p2a: Toxapex|move: Protect
|
|-damage|p1a: Blastoise|0 fnt|[from] psn
|faint|p1a: Blastoise
|upkeep
|
|t:|1778506261
|switch|p1a: Dragapult|Dragapult, M|100/100
|-status|p1a: Dragapult|psn
|turn|26
|
|t:|1778506270
|move|p1a: Dragapult|Psychic Fangs|p2a: Toxapex
|-supereffective|p2a: Toxapex
|-damage|p2a: Toxapex|43/100
|-damage|p1a: Dragapult|84/100 psn|[from] item: Rocky Helmet|[of] p2a: Toxapex
|move|p2a: Toxapex|Recover|p2a: Toxapex
|-heal|p2a: Toxapex|93/100
|
|-damage|p1a: Dragapult|72/100 psn|[from] psn
|upkeep
|turn|27
|
|t:|1778506280
|move|p2a: Toxapex|Baneful Bunker|p2a: Toxapex
|-singleturn|p2a: Toxapex|move: Protect
|move|p1a: Dragapult|Psychic Fangs|p2a: Toxapex
|-activate|p2a: Toxapex|move: Protect
|
|-damage|p1a: Dragapult|59/100 psn|[from] psn
|upkeep
|turn|28
|
|t:|1778506288
|move|p1a: Dragapult|Psychic Fangs|p2a: Toxapex
|-supereffective|p2a: Toxapex
|-damage|p2a: Toxapex|34/100
|-damage|p1a: Dragapult|43/100 psn|[from] item: Rocky Helmet|[of] p2a: Toxapex
|move|p2a: Toxapex|Recover|p2a: Toxapex
|-heal|p2a: Toxapex|85/100
|
|-damage|p1a: Dragapult|30/100 psn|[from] psn
|upkeep
|turn|29
|
|t:|1778506298
|move|p2a: Toxapex|Baneful Bunker|p2a: Toxapex
|-singleturn|p2a: Toxapex|move: Protect
|move|p1a: Dragapult|Psychic Fangs|p2a: Toxapex
|-activate|p2a: Toxapex|move: Protect
|
|-damage|p1a: Dragapult|18/100 psn|[from] psn
|upkeep
|turn|30
|
|t:|1778506306
|move|p1a: Dragapult|Psychic Fangs|p2a: Toxapex
|-supereffective|p2a: Toxapex
|-damage|p2a: Toxapex|19/100
|-damage|p1a: Dragapult|1/100 psn|[from] item: Rocky Helmet|[of] p2a: Toxapex
|move|p2a: Toxapex|Recover|p2a: Toxapex
|-heal|p2a: Toxapex|69/100
|
|-damage|p1a: Dragapult|0 fnt|[from] psn
|faint|p1a: Dragapult
|upkeep
|
|t:|1778506313
|switch|p1a: Landorus|Landorus-Therian, M|100/100
|-ability|p1a: Landorus|Intimidate|boost
|-unboost|p2a: Toxapex|atk|1
|turn|31
|
|t:|1778506320
|move|p1a: Landorus|Earthquake|p2a: Toxapex
|-supereffective|p2a: Toxapex
|-damage|p2a: Toxapex|0 fnt
|faint|p2a: Toxapex
|-damage|p1a: Landorus|91/100|[from] item: Life Orb
|
|upkeep
|
|t:|1778506326
|switch|p2a: Gliscor|Gliscor, F|100/100
|turn|32
|
|t:|1778506334
|move|p2a: Gliscor|Protect|p2a: Gliscor
|-singleturn|p2a: Gliscor|Protect
|move|p1a: Landorus|Swords Dance|p1a: Landorus
|-boost|p1a: Landorus|atk|2
|
|-status|p2a: Gliscor|tox|[from] item: Toxic Orb
|upkeep
|turn|33
|
|t:|1778506343
|move|p2a: Gliscor|Facade|p1a: Landorus
|-damage|p1a: Landorus|43/100
|move|p1a: Landorus|Stone Edge|p2a: Gliscor
|-damage|p2a: Gliscor|20/100 tox
|-damage|p1a: Landorus|33/100|[from] item: Life Orb
|
|-heal|p2a: Gliscor|32/100 tox|[from] ability: Poison Heal
|upkeep
|turn|34
|
|t:|1778506353
|move|p2a: Gliscor|Facade|p1a: Landorus
|-damage|p1a: Landorus|0 fnt
|faint|p1a: Landorus
|
|win|Weeniewarrior12377
|raw|advaithramanan12's rating: 1142 &rarr; <strong>1116</strong><br />(-26 for losing)
|raw|Weeniewarrior12377's rating: 1133 &rarr; <strong>1159</strong><br />(+26 for winning)
|l|‽advaithramanan12
|player|p1|
|l|‽Weeniewarrior12377
|player|p2|
