|html|<div class="broadcast-blue"><strong>[Gen 9] OU is currently suspecting Volcarona! For information on how to participate check out the <a href="https://www.smogon.com/tools/suspects/view/208">suspect thread</a>.</strong></div>
|j|☆gabboh
|j|☆Shuu0908
|t:|1778505016
|gametype|singles
|player|p1|gabboh|170|1411
|player|p2|Shuu0908|n|1439
|gen|9
|tier|[Gen 9] OU
|rated|
|rule|HP Percentage Mod: HP is shown in percentages
|rule|Endless Battle Clause: Forcing endless battles is banned
|rule|Species Clause: Limit one of each Pokémon
|rule|OHKO Clause: OHKO moves are banned
|rule|Evasion Items Clause: Evasion items are banned
|rule|Evasion Moves Clause: Evasion moves are banned
|rule|Evasion Abilities Clause: Evasion abilities are banned
|rule|Sleep Moves Clause: Sleep-inducing moves are banned
|clearpoke
|poke|p1|Samurott-Hisui, F|
|poke|p1|Iron Valiant|
|poke|p1|Pecharunt|
|poke|p1|Darkrai|
|poke|p1|Reuniclus, M|
|poke|p1|Kingambit, F|
|poke|p2|Venusaur, M|
|poke|p2|Kingambit, M|
|poke|p2|Landorus-Therian, M|
|poke|p2|Regieleki|
|poke|p2|Ninetales, M|
|poke|p2|Walking Wake|
|teampreview
|inactive|Battle timer is ON: inactive players will automatically lose when time's up. (requested by Shuu0908)
|
|t:|1778505024
|teamsize|p1|6
|teamsize|p2|6
|start
|switch|p1a: Samurott|Samurott-Hisui, F|100/100
|switch|p2a: Mozilla|Ninetales, M, shiny|100/100
|-weather|SunnyDay|[from] ability: Drought|[of] p2a: Mozilla
|turn|1
|
|t:|1778505034
|move|p2a: Mozilla|Will-O-Wisp|p1a: Samurott
|-status|p1a: Samurott|brn
|move|p1a: Samurott|Ceaseless Edge|p2a: Mozilla
|-damage|p2a: Mozilla|66/100
|-sidestart|p2: Shuu0908|Spikes
|
|-weather|SunnyDay|[upkeep]
|-damage|p1a: Samurott|94/100 brn|[from] brn
|upkeep
|turn|2
|
|t:|1778505044
|switch|p2a: Whiplash|Regieleki, shiny|100/100
|move|p1a: Samurott|Ceaseless Edge|p2a: Whiplash
|-damage|p2a: Whiplash|55/100
|-sidestart|p2: Shuu0908|Spikes
|
|-weather|SunnyDay|[upkeep]
|-damage|p1a: Samurott|88/100 brn|[from] brn
|upkeep
|turn|3
|
|t:|1778505055
|move|p2a: Whiplash|Rapid Spin|p1a: Samurott
|-damage|p1a: Samurott|76/100 brn
|-boost|p2a: Whiplash|spe|1
|-sideend|p2: Shuu0908|Spikes|[from] move: Rapid Spin|[of] p2a: Whiplash
|move|p1a: Samurott|Ceaseless Edge|p2a: Whiplash
|-damage|p2a: Whiplash|12/100
|-sidestart|p2: Shuu0908|Spikes
|
|-weather|SunnyDay|[upkeep]
|-damage|p1a: Samurott|69/100 brn|[from] brn
|upkeep
|turn|4
|
|t:|1778505064
|move|p1a: Samurott|Aqua Jet|p2a: Whiplash
|-damage|p2a: Whiplash|3/100
|move|p2a: Whiplash|Electro Ball|p1a: Samurott
|-supereffective|p1a: Samurott
|-damage|p1a: Samurott|0 fnt
|faint|p1a: Samurott
|
|-weather|SunnyDay|[upkeep]
|upkeep
|
|t:|1778505076
|switch|p1a: Darkrai|Darkrai|100/100
|turn|5
|
|t:|1778505080
|move|p1a: Darkrai|Sucker Punch|p2a: Whiplash
|-damage|p2a: Whiplash|0 fnt
|faint|p2a: Whiplash
|
|-weather|SunnyDay|[upkeep]
|upkeep
|
|t:|1778505088
|switch|p2a: Hell's Angel|Walking Wake|100/100
|-damage|p2a: Hell's Angel|88/100|[from] Spikes
|-activate|p2a: Hell's Angel|ability: Protosynthesis
|-start|p2a: Hell's Angel|protosynthesisspe
|turn|6
|
|t:|1778505096
|move|p2a: Hell's Angel|Hydro Steam|p1a: Darkrai
|-damage|p1a: Darkrai|0 fnt
|faint|p1a: Darkrai
|-damage|p2a: Hell's Angel|78/100|[from] item: Life Orb
|
|-weather|SunnyDay|[upkeep]
|upkeep
|
|t:|1778505112
|switch|p1a: Reuniclus|Reuniclus, M, shiny|100/100
|turn|7
|
|t:|1778505118
|move|p2a: Hell's Angel|Hydro Steam|p1a: Reuniclus
|-damage|p1a: Reuniclus|31/100
|-damage|p2a: Hell's Angel|69/100|[from] item: Life Orb
|move|p1a: Reuniclus|Trick Room|p1a: Reuniclus
|-fieldstart|move: Trick Room|[of] p1a: Reuniclus
|
|-weather|SunnyDay|[upkeep]
|upkeep
|turn|8
|
|t:|1778505131
|-end|p2a: Hell's Angel|Protosynthesis|[silent]
|switch|p2a: Overgod|Kingambit, M, shiny|100/100
|-activate|p2a: Overgod|ability: Supreme Overlord
|-start|p2a: Overgod|fallen1|[silent]
|-item|p2a: Overgod|Air Balloon
|move|p1a: Reuniclus|Psychic Noise|p2a: Overgod
|-immune|p2a: Overgod
|
|-weather|none
|upkeep
|turn|9
|
|t:|1778505140
|move|p2a: Overgod|Sucker Punch||[still]
|-fail|p2a: Overgod
|move|p1a: Reuniclus|Recover|p1a: Reuniclus
|-heal|p1a: Reuniclus|81/100
|
|upkeep
|turn|10
|
|t:|1778505146
|move|p2a: Overgod|Sucker Punch|p1a: Reuniclus
|-supereffective|p1a: Reuniclus
|-damage|p1a: Reuniclus|0 fnt
|faint|p1a: Reuniclus
|
|upkeep
|
|t:|1778505151
|switch|p1a: Kingambit|Kingambit, F|100/100
|-activate|p1a: Kingambit|ability: Supreme Overlord
|-start|p1a: Kingambit|fallen3|[silent]
|turn|11
|
|t:|1778505158
|-terastallize|p2a: Overgod|Fighting
|move|p1a: Kingambit|Low Kick|p2a: Overgod
|-damage|p2a: Overgod|58/100
|-enditem|p2a: Overgod|Air Balloon
|move|p2a: Overgod|Low Kick|p1a: Kingambit
|-supereffective|p1a: Kingambit
|-damage|p1a: Kingambit|0 fnt
|faint|p1a: Kingambit
|-end|p1a: Kingambit|fallen3|[silent]
|
|-fieldend|move: Trick Room
|upkeep
|
|t:|1778505167
|switch|p1a: Iron Valiant|Iron Valiant|100/100
|-enditem|p1a: Iron Valiant|Booster Energy
|-activate|p1a: Iron Valiant|ability: Quark Drive|[fromitem]
|-start|p1a: Iron Valiant|quarkdrivespa
|turn|12
|
|t:|1778505174
|move|p1a: Iron Valiant|Moonblast|p2a: Overgod
|-supereffective|p2a: Overgod
|-damage|p2a: Overgod|0 fnt
|faint|p2a: Overgod
|-end|p2a: Overgod|fallen1|[silent]
|
|upkeep
|
|t:|1778505177
|switch|p2a: Mozilla|Ninetales, M, shiny|66/100
|-damage|p2a: Mozilla|53/100|[from] Spikes
|-weather|SunnyDay|[from] ability: Drought|[of] p2a: Mozilla
|turn|13
|
|t:|1778505184
|move|p2a: Mozilla|Overheat|p1a: Iron Valiant
|-damage|p1a: Iron Valiant|0 fnt
|-unboost|p2a: Mozilla|spa|2
|faint|p1a: Iron Valiant
|-end|p1a: Iron Valiant|Quark Drive|[silent]
|
|-weather|SunnyDay|[upkeep]
|upkeep
|-message|gabboh forfeited.
|
|win|Shuu0908
|raw|gabboh's rating: 1411 &rarr; <strong>1393</strong><br />(-18 for losing)
|raw|Shuu0908's rating: 1439 &rarr; <strong>1457</strong><br />(+18 for winning)
|l|☆gabboh
|player|p1|
|l|☆Shuu0908
|player|p2|
