|html|<div class="broadcast-blue"><strong>[Gen 9] OU is currently suspecting Tera Blast! For information on how to participate check out the <a href="https://www.smogon.com/tools/suspects/view/200">suspect thread</a>.</strong></div>
|j|‽RadiantSol
|j|☆paparote
|t:|1776075654
|gametype|singles
|player|p1|RadiantSol|flint|1161
|player|p2|paparote|hilbert|1127
|gen|9
|tier|[Gen 9] OU
|rated|
|rule|HP Percentage Mod: HP is shown in percentages
|rule|Endless Battle Clause: Forcing endless battles is banned
|rule|Species Clause: Limit one of each Pokémon
|rule|OHKO Clause: OHKO moves are banned
|rule|Evasion Items Clause: Evasion items are banned
|rule|Evasion Moves Clause: Evasion moves are banned
|rule|Evasion Abilities Clause: Evasion abilities are banned
|rule|Sleep Moves Clause: Sleep-inducing moves are banned
|clearpoke
|poke|p1|Espeon, F|
|poke|p1|Ninetales, F|
|poke|p1|Leafeon, F|
|poke|p1|Sableye, F|
|poke|p1|Quagsire, F|
|poke|p1|Corviknight, F|
|poke|p2|Great Tusk|
|poke|p2|Walking Wake|
|poke|p2|Kingambit, F|
|poke|p2|Venusaur, F|
|poke|p2|Ninetales, M|
|poke|p2|Raging Bolt|
|teampreview
|
|t:|1776075665
|teamsize|p1|6
|teamsize|p2|6
|start
|switch|p1a: Sableye|Sableye, F|100/100
|switch|p2a: Venusaur|Venusaur, F|100/100
|turn|1
|
|t:|1776075679
|move|p1a: Sableye|Fake Out|p2a: Venusaur
|-damage|p2a: Venusaur|90/100
|cant|p2a: Venusaur|flinch
|
|upkeep
|turn|2
|
|t:|1776075695
|switch|p1a: Corviknight|Corviknight, F|100/100
|-ability|p1a: Corviknight|Pressure
|move|p2a: Venusaur|Growth|p2a: Venusaur
|-boost|p2a: Venusaur|atk|1
|-boost|p2a: Venusaur|spa|1
|
|upkeep
|turn|3
|
|t:|1776075715
|switch|p2a: Kingambit|Kingambit, F|100/100
|-item|p2a: Kingambit|Air Balloon
|move|p1a: Corviknight|Taunt|p2a: Kingambit
|-start|p2a: Kingambit|move: Taunt
|
|upkeep
|turn|4
|
|t:|1776075727
|move|p1a: Corviknight|Iron Head|p2a: Kingambit
|-resisted|p2a: Kingambit
|-damage|p2a: Kingambit|90/100
|-enditem|p2a: Kingambit|Air Balloon
|cant|p2a: Kingambit|flinch
|
|upkeep
|turn|5
|
|t:|1776075733
|move|p1a: Corviknight|Iron Head|p2a: Kingambit
|-resisted|p2a: Kingambit
|-damage|p2a: Kingambit|81/100
|move|p2a: Kingambit|Kowtow Cleave|p1a: Corviknight
|-damage|p1a: Corviknight|67/100
|-damage|p2a: Kingambit|64/100|[from] item: Rocky Helmet|[of] p1a: Corviknight
|
|-end|p2a: Kingambit|move: Taunt
|upkeep
|turn|6
|
|t:|1776075747
|move|p2a: Kingambit|Sucker Punch||[still]
|-fail|p2a: Kingambit
|move|p1a: Corviknight|Taunt|p2a: Kingambit
|-start|p2a: Kingambit|move: Taunt
|
|upkeep
|turn|7
|
|t:|1776075754
|move|p2a: Kingambit|Sucker Punch||[still]
|-fail|p2a: Kingambit
|move|p1a: Corviknight|Roost|p1a: Corviknight
|-heal|p1a: Corviknight|100/100
|-singleturn|p1a: Corviknight|move: Roost
|
|upkeep
|turn|8
|
|t:|1776075764
|-end|p2a: Kingambit|fallenundefined|[silent]
|switch|p2a: Ninetales|Ninetales, M|100/100
|-weather|SunnyDay|[from] ability: Drought|[of] p2a: Ninetales
|move|p1a: Corviknight|Iron Head|p2a: Ninetales
|-resisted|p2a: Ninetales
|-damage|p2a: Ninetales|85/100
|
|-weather|SunnyDay|[upkeep]
|upkeep
|turn|9
|
|t:|1776075777
|switch|p1a: Sableye|Sableye, F|100/100
|move|p2a: Ninetales|Will-O-Wisp|p1a: Sableye
|-status|p1a: Sableye|brn
|
|-weather|SunnyDay|[upkeep]
|-damage|p1a: Sableye|94/100 brn|[from] brn
|upkeep
|turn|10
|
|t:|1776075789
|move|p1a: Sableye|Fake Out|p2a: Ninetales
|-damage|p2a: Ninetales|81/100
|cant|p2a: Ninetales|flinch
|
|-weather|SunnyDay|[upkeep]
|-damage|p1a: Sableye|88/100 brn|[from] brn
|upkeep
|turn|11
|
|t:|1776075799
|move|p1a: Sableye|Recover|p1a: Sableye
|-heal|p1a: Sableye|100/100 brn
|move|p2a: Ninetales|Weather Ball|p1a: Sableye
|-damage|p1a: Sableye|44/100 brn
|
|-weather|SunnyDay|[upkeep]
|-damage|p1a: Sableye|38/100 brn|[from] brn
|upkeep
|turn|12
|
|t:|1776075811
|move|p1a: Sableye|Recover|p1a: Sableye
|-heal|p1a: Sableye|88/100 brn
|move|p2a: Ninetales|Weather Ball|p1a: Sableye
|-damage|p1a: Sableye|30/100 brn
|
|-weather|SunnyDay|[upkeep]
|-damage|p1a: Sableye|23/100 brn|[from] brn
|upkeep
|turn|13
|
|t:|1776075825
|switch|p2a: Venusaur|Venusaur, F|90/100
|move|p1a: Sableye|Recover|p1a: Sableye
|-heal|p1a: Sableye|74/100 brn
|
|-weather|SunnyDay|[upkeep]
|-damage|p1a: Sableye|67/100 brn|[from] brn
|upkeep
|turn|14
|
|t:|1776075834
|move|p1a: Sableye|Taunt|p2a: Venusaur
|-start|p2a: Venusaur|move: Taunt
|cant|p2a: Venusaur|move: Taunt|Growth
|
|-weather|SunnyDay|[upkeep]
|-damage|p1a: Sableye|61/100 brn|[from] brn
|upkeep
|turn|15
|
|t:|1776075849
|switch|p1a: Espeon|Espeon, F, shiny|100/100
|move|p2a: Venusaur|Giga Drain|p1a: Espeon
|-damage|p1a: Espeon|44/100
|-heal|p2a: Venusaur|100/100|[from] drain|[of] p1a: Espeon
|-damage|p2a: Venusaur|91/100|[from] item: Life Orb
|
|-weather|none
|-heal|p1a: Espeon|50/100|[from] item: Leftovers
|upkeep
|turn|16
|
|t:|1776075864
|switch|p2a: Ninetales|Ninetales, M|81/100
|-weather|SunnyDay|[from] ability: Drought|[of] p2a: Ninetales
|move|p1a: Espeon|Calm Mind|p1a: Espeon
|-boost|p1a: Espeon|spa|1
|-boost|p1a: Espeon|spd|1
|
|-weather|SunnyDay|[upkeep]
|-heal|p1a: Espeon|56/100|[from] item: Leftovers
|upkeep
|turn|17
|
|t:|1776075888
|move|p1a: Espeon|Calm Mind|p1a: Espeon
|-boost|p1a: Espeon|spa|1
|-boost|p1a: Espeon|spd|1
|move|p2a: Ninetales|Weather Ball|p1a: Espeon
|-damage|p1a: Espeon|25/100
|
|-weather|SunnyDay|[upkeep]
|-heal|p1a: Espeon|31/100|[from] item: Leftovers
|upkeep
|turn|18
|
|t:|1776075905
|move|p1a: Espeon|Psyshock|p2a: Ninetales
|-crit|p2a: Ninetales
|-damage|p2a: Ninetales|0 fnt
|faint|p2a: Ninetales
|
|-weather|SunnyDay|[upkeep]
|-heal|p1a: Espeon|37/100|[from] item: Leftovers
|upkeep
|
|t:|1776075914
|switch|p2a: Kingambit|Kingambit, F|64/100
|-activate|p2a: Kingambit|ability: Supreme Overlord
|-start|p2a: Kingambit|fallen1|[silent]
|turn|19
|
|t:|1776075930
|move|p2a: Kingambit|Sucker Punch||[still]
|-fail|p2a: Kingambit
|move|p1a: Espeon|Substitute|p1a: Espeon
|-start|p1a: Espeon|Substitute
|-damage|p1a: Espeon|12/100
|
|-weather|SunnyDay|[upkeep]
|-heal|p1a: Espeon|18/100|[from] item: Leftovers
|upkeep
|turn|20
|
|t:|1776075937
|-terastallize|p1a: Espeon|Fighting
|move|p1a: Espeon|Tera Blast|p2a: Kingambit|[anim] Tera Blast Fighting
|-supereffective|p2a: Kingambit
|-damage|p2a: Kingambit|0 fnt
|faint|p2a: Kingambit
|-end|p2a: Kingambit|fallen1|[silent]
|
|-weather|SunnyDay|[upkeep]
|-heal|p1a: Espeon|24/100|[from] item: Leftovers
|upkeep
|
|t:|1776075950
|switch|p2a: Venusaur|Venusaur, F|91/100
|turn|21
|
|t:|1776075957
|move|p2a: Venusaur|Giga Drain|p1a: Espeon
|-end|p1a: Espeon|Substitute
|-heal|p2a: Venusaur|100/100|[from] drain|[of] p1a: Espeon
|-damage|p2a: Venusaur|91/100|[from] item: Life Orb
|move|p1a: Espeon|Psyshock|p2a: Venusaur
|-supereffective|p2a: Venusaur
|-damage|p2a: Venusaur|0 fnt
|faint|p2a: Venusaur
|
|-weather|SunnyDay|[upkeep]
|-heal|p1a: Espeon|30/100|[from] item: Leftovers
|upkeep
|
|t:|1776075972
|switch|p2a: Raging Bolt|Raging Bolt|100/100
|-item|p2a: Raging Bolt|Air Balloon
|-activate|p2a: Raging Bolt|ability: Protosynthesis
|-start|p2a: Raging Bolt|protosynthesisspa
|turn|22
|
|t:|1776075980
|move|p2a: Raging Bolt|Thunderclap||[still]
|-fail|p2a: Raging Bolt
|move|p1a: Espeon|Substitute|p1a: Espeon
|-start|p1a: Espeon|Substitute
|-damage|p1a: Espeon|5/100
|
|-weather|SunnyDay|[upkeep]
|-heal|p1a: Espeon|11/100|[from] item: Leftovers
|upkeep
|turn|23
|
|t:|1776075989
|move|p2a: Raging Bolt|Thunderclap|p1a: Espeon
|-end|p1a: Espeon|Substitute
|move|p1a: Espeon|Psyshock|p2a: Raging Bolt
|-damage|p2a: Raging Bolt|23/100
|-enditem|p2a: Raging Bolt|Air Balloon
|
|-weather|none
|-end|p2a: Raging Bolt|Protosynthesis
|-heal|p1a: Espeon|17/100|[from] item: Leftovers
|upkeep
|turn|24
|
|t:|1776076004
|move|p2a: Raging Bolt|Thunderclap||[still]
|-fail|p2a: Raging Bolt
|move|p1a: Espeon|Calm Mind|p1a: Espeon
|-boost|p1a: Espeon|spa|1
|-boost|p1a: Espeon|spd|1
|
|-heal|p1a: Espeon|23/100|[from] item: Leftovers
|upkeep
|turn|25
|
|t:|1776076011
|move|p2a: Raging Bolt|Thunderclap|p1a: Espeon
|-damage|p1a: Espeon|0 fnt
|faint|p1a: Espeon
|
|upkeep
|
|t:|1776076026
|switch|p1a: Leafeon|Leafeon, F|100/100
|turn|26
|-message|paparote forfeited.
|
|win|RadiantSol
|raw|RadiantSol's rating: 1161 &rarr; <strong>1184</strong><br />(+23 for winning)
|raw|paparote's rating: 1127 &rarr; <strong>1104</strong><br />(-23 for losing)
|l|☆paparote
|player|p2|
|l|‽RadiantSol
|player|p1|
