|html|<div class="broadcast-blue"><strong>[Gen 9] OU is currently suspecting Volcarona! For information on how to participate check out the <a href="https://www.smogon.com/tools/suspects/view/208">suspect thread</a>.</strong></div>
|j|☆hydreig0nnnn
|j|☆Cachorras
|t:|1778509461
|gametype|singles
|player|p1|hydreig0nnnn|265|1212
|player|p2|Cachorras|burglar|1251
|gen|9
|tier|[Gen 9] OU
|rated|
|rule|HP Percentage Mod: HP is shown in percentages
|rule|Endless Battle Clause: Forcing endless battles is banned
|rule|Species Clause: Limit one of each Pokémon
|rule|OHKO Clause: OHKO moves are banned
|rule|Evasion Items Clause: Evasion items are banned
|rule|Evasion Moves Clause: Evasion moves are banned
|rule|Evasion Abilities Clause: Evasion abilities are banned
|rule|Sleep Moves Clause: Sleep-inducing moves are banned
|clearpoke
|poke|p1|Jirachi|
|poke|p1|Dragapult, F|
|poke|p1|Bellibolt, M|
|poke|p1|Gliscor, M|
|poke|p1|Serperior, F|
|poke|p1|Blissey, F|
|poke|p2|Clodsire, M|
|poke|p2|Meowscarada, M|
|poke|p2|Corviknight, F|
|poke|p2|Great Tusk|
|poke|p2|Heatran, M|
|poke|p2|Gholdengo|
|teampreview
|inactive|Battle timer is ON: inactive players will automatically lose when time's up. (requested by hydreig0nnnn)
|
|t:|1778509475
|teamsize|p1|6
|teamsize|p2|6
|start
|switch|p1a: Gliscor|Gliscor, M|100/100
|switch|p2a: Heatran|Heatran, M|100/100
|-item|p2a: Heatran|Air Balloon
|turn|1
|
|t:|1778509481
|move|p1a: Gliscor|Protect|p1a: Gliscor
|-singleturn|p1a: Gliscor|Protect
|move|p2a: Heatran|Stealth Rock|p1a: Gliscor
|-sidestart|p1: hydreig0nnnn|move: Stealth Rock
|
|-status|p1a: Gliscor|tox|[from] item: Toxic Orb
|upkeep
|turn|2
|
|t:|1778509494
|switch|p2a: Great Tusk|Great Tusk|100/100
|-enditem|p2a: Great Tusk|Booster Energy
|-activate|p2a: Great Tusk|ability: Protosynthesis|[fromitem]
|-start|p2a: Great Tusk|protosynthesisatk
|move|p1a: Gliscor|U-turn|p2a: Great Tusk
|-resisted|p2a: Great Tusk
|-damage|p2a: Great Tusk|95/100
|
|t:|1778509506
|switch|p1a: Serperior|Serperior, F|100/100|[from] U-turn
|-damage|p1a: Serperior|88/100|[from] Stealth Rock
|
|-heal|p1a: Serperior|94/100|[from] item: Leftovers
|upkeep
|turn|3
|
|t:|1778509516
|move|p1a: Serperior|Leaf Storm|p2a: Great Tusk
|-supereffective|p2a: Great Tusk
|-crit|p2a: Great Tusk
|-damage|p2a: Great Tusk|0 fnt
|-boost|p1a: Serperior|spa|2
|faint|p2a: Great Tusk
|-end|p2a: Great Tusk|Protosynthesis|[silent]
|
|-heal|p1a: Serperior|100/100|[from] item: Leftovers
|upkeep
|
|t:|1778509524
|switch|p2a: Heatran|Heatran, M|100/100
|-item|p2a: Heatran|Air Balloon
|turn|4
|
|t:|1778509534
|switch|p1a: Blissey|Blissey, F|100/100
|move|p2a: Heatran|Lava Plume|p1a: Blissey
|-damage|p1a: Blissey|91/100
|
|upkeep
|turn|5
|
|t:|1778509541
|switch|p2a: Meowscarada|Meowscarada, M, shiny|100/100
|move|p1a: Blissey|Seismic Toss|p2a: Meowscarada
|-damage|p2a: Meowscarada|66/100
|
|upkeep
|turn|6
|
|t:|1778509549
|switch|p1a: Bellibolt|Bellibolt, M|100/100
|move|p2a: Meowscarada|Knock Off|p1a: Bellibolt
|-start|p2a: Meowscarada|typechange|Dark|[from] ability: Protean
|-damage|p1a: Bellibolt|57/100
|-enditem|p1a: Bellibolt|Heavy-Duty Boots|[from] move: Knock Off|[of] p2a: Meowscarada
|
|upkeep
|turn|7
|
|t:|1778509558
|move|p2a: Meowscarada|Knock Off|p1a: Bellibolt
|-damage|p1a: Bellibolt|26/100
|move|p1a: Bellibolt|Slack Off|p1a: Bellibolt
|-heal|p1a: Bellibolt|76/100
|
|upkeep
|turn|8
|
|t:|1778509566
|move|p2a: Meowscarada|Knock Off|p1a: Bellibolt
|-damage|p1a: Bellibolt|43/100
|move|p1a: Bellibolt|Thunder Wave|p2a: Meowscarada|[miss]
|-miss|p1a: Bellibolt|p2a: Meowscarada
|
|upkeep
|turn|9
|
|t:|1778509571
|switch|p2a: Clodsire|Clodsire, M, shiny|100/100
|move|p1a: Bellibolt|Slack Off|p1a: Bellibolt
|-heal|p1a: Bellibolt|93/100
|
|upkeep
|turn|10
|
|t:|1778509586
|switch|p1a: Gliscor|Gliscor, M|100/100 tox
|-damage|p1a: Gliscor|88/100 tox|[from] Stealth Rock
|move|p2a: Clodsire|Spikes|p1a: Gliscor
|-sidestart|p1: hydreig0nnnn|Spikes
|
|-heal|p1a: Gliscor|100/100 tox|[from] ability: Poison Heal
|upkeep
|turn|11
|
|t:|1778509597
|switch|p2a: Corviknight|Corviknight, F, shiny|100/100
|move|p1a: Gliscor|Earthquake|p2a: Corviknight
|-immune|p2a: Corviknight
|
|upkeep
|turn|12
|
|t:|1778509603
|move|p2a: Corviknight|Iron Defense|p2a: Corviknight
|-boost|p2a: Corviknight|def|2
|move|p1a: Gliscor|Knock Off|p2a: Corviknight
|-damage|p2a: Corviknight|93/100
|-damage|p1a: Gliscor|84/100 tox|[from] item: Rocky Helmet|[of] p2a: Corviknight
|-enditem|p2a: Corviknight|Rocky Helmet|[from] move: Knock Off|[of] p1a: Gliscor
|
|-heal|p1a: Gliscor|96/100 tox|[from] ability: Poison Heal
|upkeep
|turn|13
|
|t:|1778509613
|move|p2a: Corviknight|Iron Defense|p2a: Corviknight
|-boost|p2a: Corviknight|def|2
|move|p1a: Gliscor|U-turn|p2a: Corviknight
|-resisted|p2a: Corviknight
|-damage|p2a: Corviknight|92/100
|
|t:|1778509620
|switch|p1a: Dragapult|Dragapult, F|100/100|[from] U-turn
|
|upkeep
|turn|14
|
|t:|1778509623
|move|p1a: Dragapult|Thunder Wave|p2a: Corviknight
|-status|p2a: Corviknight|par
|cant|p2a: Corviknight|par
|
|upkeep
|turn|15
|
|t:|1778509628
|move|p1a: Dragapult|Substitute|p1a: Dragapult
|-start|p1a: Dragapult|Substitute
|-damage|p1a: Dragapult|76/100
|move|p2a: Corviknight|Heavy Slam|p1a: Dragapult
|-activate|p1a: Dragapult|move: Substitute|[damage]
|
|upkeep
|turn|16
|
|t:|1778509644
|move|p1a: Dragapult|Hex|p2a: Corviknight
|-damage|p2a: Corviknight|39/100 par
|move|p2a: Corviknight|Heavy Slam|p1a: Dragapult
|-end|p1a: Dragapult|Substitute
|
|upkeep
|turn|17
|
|t:|1778509652
|move|p1a: Dragapult|Substitute|p1a: Dragapult
|-start|p1a: Dragapult|Substitute
|-damage|p1a: Dragapult|51/100
|cant|p2a: Corviknight|par
|
|upkeep
|turn|18
|
|t:|1778509677
|move|p1a: Dragapult|Hex|p2a: Corviknight
|-damage|p2a: Corviknight|0 fnt
|faint|p2a: Corviknight
|
|upkeep
|
|t:|1778509685
|switch|p2a: Heatran|Heatran, M|100/100
|-item|p2a: Heatran|Air Balloon
|turn|19
|
|t:|1778509690
|move|p1a: Dragapult|Thunder Wave|p2a: Heatran
|-status|p2a: Heatran|par
|move|p2a: Heatran|Scorching Sands|p1a: Dragapult
|-end|p1a: Dragapult|Substitute
|
|upkeep
|turn|20
|
|t:|1778509705
|switch|p1a: Blissey|Blissey, F|91/100
|switch|p2a: Clodsire|Clodsire, M, shiny|100/100
|
|upkeep
|turn|21
|
|t:|1778509718
|switch|p1a: Gliscor|Gliscor, M|96/100 tox
|-damage|p1a: Gliscor|84/100 tox|[from] Stealth Rock
|move|p2a: Clodsire|Earthquake|p1a: Gliscor
|-immune|p1a: Gliscor
|
|-heal|p1a: Gliscor|96/100 tox|[from] ability: Poison Heal
|upkeep
|turn|22
|
|t:|1778509726
|move|p1a: Gliscor|Knock Off|p2a: Clodsire
|-damage|p2a: Clodsire|78/100
|-enditem|p2a: Clodsire|Leftovers|[from] move: Knock Off|[of] p1a: Gliscor
|move|p2a: Clodsire|Spikes|p1a: Gliscor
|-sidestart|p1: hydreig0nnnn|Spikes
|
|-heal|p1a: Gliscor|100/100 tox|[from] ability: Poison Heal
|upkeep
|turn|23
|
|t:|1778509734
|move|p1a: Gliscor|Knock Off|p2a: Clodsire
|-damage|p2a: Clodsire|63/100
|move|p2a: Clodsire|Spikes|p1a: Gliscor
|-sidestart|p1: hydreig0nnnn|Spikes
|
|upkeep
|turn|24
|
|t:|1778509739
|move|p1a: Gliscor|Knock Off|p2a: Clodsire
|-damage|p2a: Clodsire|48/100
|move|p2a: Clodsire|Recover|p2a: Clodsire
|-heal|p2a: Clodsire|98/100
|
|upkeep
|turn|25
|
|t:|1778509745
|switch|p2a: Heatran|Heatran, M|100/100 par
|-item|p2a: Heatran|Air Balloon
|move|p1a: Gliscor|Knock Off|p2a: Heatran
|-damage|p2a: Heatran|83/100 par
|-enditem|p2a: Heatran|Air Balloon
|
|upkeep
|turn|26
|
|t:|1778509759
|move|p1a: Gliscor|Earthquake|p2a: Heatran
|-supereffective|p2a: Heatran
|-damage|p2a: Heatran|0 fnt
|faint|p2a: Heatran
|
|upkeep
|
|t:|1778509764
|switch|p2a: Gholdengo|Gholdengo|100/100
|-item|p2a: Gholdengo|Air Balloon
|turn|27
|
|t:|1778509773
|-terastallize|p2a: Gholdengo|Flying
|move|p2a: Gholdengo|Nasty Plot|p2a: Gholdengo
|-boost|p2a: Gholdengo|spa|2
|move|p1a: Gliscor|U-turn|p2a: Gholdengo
|-resisted|p2a: Gholdengo
|-damage|p2a: Gholdengo|91/100
|-enditem|p2a: Gholdengo|Air Balloon
|
|t:|1778509778
|switch|p1a: Blissey|Blissey, F|91/100|[from] U-turn
|
|upkeep
|turn|28
|
|t:|1778509784
|move|p2a: Gholdengo|Nasty Plot|p2a: Gholdengo
|-boost|p2a: Gholdengo|spa|2
|move|p1a: Blissey|Calm Mind|p1a: Blissey
|-boost|p1a: Blissey|spa|1
|-boost|p1a: Blissey|spd|1
|
|upkeep
|turn|29
|
|t:|1778509792
|move|p2a: Gholdengo|Nasty Plot|p2a: Gholdengo
|-boost|p2a: Gholdengo|spa|2
|move|p1a: Blissey|Calm Mind|p1a: Blissey
|-boost|p1a: Blissey|spa|1
|-boost|p1a: Blissey|spd|1
|
|upkeep
|turn|30
|
|t:|1778509800
|move|p2a: Gholdengo|Make It Rain|p1a: Blissey
|-damage|p1a: Blissey|53/100
|-unboost|p2a: Gholdengo|spa|1
|move|p1a: Blissey|Calm Mind|p1a: Blissey
|-boost|p1a: Blissey|spa|1
|-boost|p1a: Blissey|spd|1
|
|upkeep
|turn|31
|
|t:|1778509808
|switch|p2a: Meowscarada|Meowscarada, M, shiny|66/100
|move|p1a: Blissey|Flamethrower|p2a: Meowscarada
|-supereffective|p2a: Meowscarada
|-damage|p2a: Meowscarada|0 fnt
|faint|p2a: Meowscarada
|
|upkeep
|
|t:|1778509816
|switch|p2a: Clodsire|Clodsire, M, shiny|98/100
|turn|32
|
|t:|1778509821
|move|p1a: Blissey|Soft-Boiled|p1a: Blissey
|-heal|p1a: Blissey|100/100
|move|p2a: Clodsire|Earthquake|p1a: Blissey
|-damage|p1a: Blissey|71/100
|
|upkeep
|turn|33
|
|t:|1778509829
|move|p1a: Blissey|Flamethrower|p2a: Clodsire
|-damage|p2a: Clodsire|76/100
|move|p2a: Clodsire|Toxic|p1a: Blissey
|-status|p1a: Blissey|tox
|
|-damage|p1a: Blissey|64/100 tox|[from] psn
|upkeep
|turn|34
|
|t:|1778509838
|move|p1a: Blissey|Soft-Boiled|p1a: Blissey
|-heal|p1a: Blissey|100/100 tox
|move|p2a: Clodsire|Recover|p2a: Clodsire
|-heal|p2a: Clodsire|100/100
|
|-damage|p1a: Blissey|88/100 tox|[from] psn
|upkeep
|turn|35
|
|t:|1778509844
|-curestatus|p1a: Blissey|tox|[from] ability: Natural Cure|[silent]
|switch|p1a: Gliscor|Gliscor, M|100/100 tox
|-damage|p1a: Gliscor|88/100 tox|[from] Stealth Rock
|move|p2a: Clodsire|Earthquake|p1a: Gliscor
|-immune|p1a: Gliscor
|
|-heal|p1a: Gliscor|100/100 tox|[from] ability: Poison Heal
|upkeep
|turn|36
|
|t:|1778509855
|switch|p2a: Gholdengo|Gholdengo, tera:Flying|91/100
|move|p1a: Gliscor|U-turn|p2a: Gholdengo
|-resisted|p2a: Gholdengo
|-damage|p2a: Gholdengo|83/100
|
|t:|1778509863
|switch|p1a: Jirachi|Jirachi|100/100|[from] U-turn
|
|upkeep
|turn|37
|
|t:|1778509867
|move|p1a: Jirachi|Body Slam|p2a: Gholdengo
|-damage|p2a: Gholdengo|59/100
|-status|p2a: Gholdengo|par
|move|p2a: Gholdengo|Shadow Ball|p1a: Jirachi
|-supereffective|p1a: Jirachi
|-damage|p1a: Jirachi|31/100
|
|upkeep
|turn|38
|
|t:|1778509874
|switch|p2a: Clodsire|Clodsire, M, shiny|100/100
|move|p1a: Jirachi|Iron Head|p2a: Clodsire
|-damage|p2a: Clodsire|69/100
|
|upkeep
|turn|39
|
|t:|1778509884
|move|p1a: Jirachi|Body Slam|p2a: Clodsire
|-damage|p2a: Clodsire|48/100
|-status|p2a: Clodsire|par
|cant|p2a: Clodsire|par
|
|upkeep
|turn|40
|-message|Cachorras forfeited.
|
|win|hydreig0nnnn
|raw|hydreig0nnnn's rating: 1212 &rarr; <strong>1240</strong><br />(+28 for winning)
|raw|Cachorras's rating: 1251 &rarr; <strong>1223</strong><br />(-28 for losing)
|l|☆Cachorras
|player|p2|
|l|☆hydreig0nnnn
|player|p1|
