|html|<div class="broadcast-blue"><strong>[Gen 9] OU is currently suspecting Tera Blast! For information on how to participate check out the <a href="https://www.smogon.com/tools/suspects/view/200">suspect thread</a>.</strong></div>
|j|☆grotn2
|j|☆selicom
|t:|1776328640
|gametype|singles
|player|p1|grotn2|smasher|1428
|player|p2|selicom|psychicf-gen4|1387
|gen|9
|tier|[Gen 9] OU
|rated|
|rule|HP Percentage Mod: HP is shown in percentages
|rule|Endless Battle Clause: Forcing endless battles is banned
|rule|Species Clause: Limit one of each Pokémon
|rule|OHKO Clause: OHKO moves are banned
|rule|Evasion Items Clause: Evasion items are banned
|rule|Evasion Moves Clause: Evasion moves are banned
|rule|Evasion Abilities Clause: Evasion abilities are banned
|rule|Sleep Moves Clause: Sleep-inducing moves are banned
|clearpoke
|poke|p1|Hydrapple, M|
|poke|p1|Tyranitar, F|
|poke|p1|Moltres|
|poke|p1|Zamazenta-*|
|poke|p1|Slowking-Galar, M|
|poke|p1|Excadrill, F|
|poke|p2|Dragonite, M|
|poke|p2|Deoxys-Speed|
|poke|p2|Zamazenta-*|
|poke|p2|Gholdengo|
|poke|p2|Landorus-Therian, M|
|poke|p2|Darkrai|
|teampreview
|inactive|Battle timer is ON: inactive players will automatically lose when time's up. (requested by selicom)
|inactive|grotn2 also wants the timer to be on.
|inactive|grotn2 has 120 seconds left.
|
|t:|1776328681
|teamsize|p1|6
|teamsize|p2|6
|start
|switch|p1a: Slowking|Slowking-Galar, M|100/100
|switch|p2a: Deoxys|Deoxys-Speed|100/100
|-ability|p2a: Deoxys|Pressure
|turn|1
|
|t:|1776328688
|move|p2a: Deoxys|Spikes|p1a: Slowking
|-sidestart|p1: grotn2|Spikes
|move|p1a: Slowking|Sludge Bomb|p2a: Deoxys
|-damage|p2a: Deoxys|56/100
|
|upkeep
|turn|2
|
|t:|1776328691
|move|p2a: Deoxys|Spikes|p1a: Slowking
|-sidestart|p1: grotn2|Spikes
|move|p1a: Slowking|Sludge Bomb|p2a: Deoxys
|-damage|p2a: Deoxys|15/100
|
|upkeep
|turn|3
|
|t:|1776328693
|move|p2a: Deoxys|Spikes|p1a: Slowking
|-sidestart|p1: grotn2|Spikes
|move|p1a: Slowking|Sludge Bomb|p2a: Deoxys
|-crit|p2a: Deoxys
|-damage|p2a: Deoxys|0 fnt
|faint|p2a: Deoxys
|
|upkeep
|
|t:|1776328704
|switch|p2a: Landorus|Landorus-Therian, M|100/100
|-ability|p2a: Landorus|Intimidate|boost
|-unboost|p1a: Slowking|atk|1
|turn|4
|
|t:|1776328714
|move|p2a: Landorus|Earthquake|p1a: Slowking
|-supereffective|p1a: Slowking
|-damage|p1a: Slowking|20/100
|move|p1a: Slowking|Ice Beam|p2a: Landorus
|-supereffective|p2a: Landorus
|-damage|p2a: Landorus|0 fnt
|faint|p2a: Landorus
|
|upkeep
|
|t:|1776328719
|switch|p2a: Gholdengo|Gholdengo|100/100
|-item|p2a: Gholdengo|Air Balloon
|turn|5
|
|t:|1776328726
|move|p2a: Gholdengo|Shadow Ball|p1a: Slowking
|-supereffective|p1a: Slowking
|-damage|p1a: Slowking|0 fnt
|faint|p1a: Slowking
|
|upkeep
|
|t:|1776328728
|switch|p1a: Tyranitar|Tyranitar, F|100/100
|-damage|p1a: Tyranitar|76/100|[from] Spikes
|-weather|Sandstorm|[from] ability: Sand Stream|[of] p1a: Tyranitar
|turn|6
|
|t:|1776328733
|move|p2a: Gholdengo|Make It Rain|p1a: Tyranitar
|-supereffective|p1a: Tyranitar
|-crit|p1a: Tyranitar
|-damage|p1a: Tyranitar|0 fnt
|-unboost|p2a: Gholdengo|spa|1
|faint|p1a: Tyranitar
|
|-weather|Sandstorm|[upkeep]
|upkeep
|
|t:|1776328757
|switch|p1a: Moltres|Moltres|100/100
|turn|7
|
|t:|1776328781
|move|p2a: Gholdengo|Nasty Plot|p2a: Gholdengo
|-boost|p2a: Gholdengo|spa|2
|move|p1a: Moltres|U-turn|p2a: Gholdengo
|-resisted|p2a: Gholdengo
|-damage|p2a: Gholdengo|96/100
|-enditem|p2a: Gholdengo|Air Balloon
|
|t:|1776328783
|switch|p1a: Excadrill|Excadrill, F|100/100|[from] U-turn
|-item|p1a: Excadrill|Air Balloon
|
|-weather|Sandstorm|[upkeep]
|upkeep
|turn|8
|
|t:|1776328806
|-terastallize|p2a: Gholdengo|Fairy
|move|p1a: Excadrill|Iron Head|p2a: Gholdengo
|-supereffective|p2a: Gholdengo
|-damage|p2a: Gholdengo|4/100
|cant|p2a: Gholdengo|flinch
|
|-weather|Sandstorm|[upkeep]
|-damage|p2a: Gholdengo|0 fnt|[from] Sandstorm
|faint|p2a: Gholdengo
|upkeep
|inactive|selicom has 120 seconds left.
|
|t:|1776328818
|switch|p2a: Zamazenta|Zamazenta|100/100
|-ability|p2a: Zamazenta|Dauntless Shield|boost
|-boost|p2a: Zamazenta|def|1
|turn|9
|
|t:|1776328827
|switch|p1a: Moltres|Moltres|100/100
|move|p2a: Zamazenta|Body Press|p1a: Moltres
|-resisted|p1a: Moltres
|-damage|p1a: Moltres|84/100
|
|-weather|Sandstorm|[upkeep]
|-damage|p2a: Zamazenta|94/100|[from] Sandstorm
|-damage|p1a: Moltres|78/100|[from] Sandstorm
|-heal|p2a: Zamazenta|100/100|[from] item: Leftovers
|upkeep
|turn|10
|
|t:|1776328838
|move|p2a: Zamazenta|Iron Defense|p2a: Zamazenta
|-boost|p2a: Zamazenta|def|2
|move|p1a: Moltres|U-turn|p2a: Zamazenta
|-resisted|p2a: Zamazenta
|-damage|p2a: Zamazenta|98/100
|
|t:|1776328842
|switch|p1a: Hydrapple|Hydrapple, M|100/100|[from] U-turn
|
|-weather|Sandstorm|[upkeep]
|-damage|p2a: Zamazenta|92/100|[from] Sandstorm
|-damage|p1a: Hydrapple|94/100|[from] Sandstorm
|-heal|p2a: Zamazenta|98/100|[from] item: Leftovers
|upkeep
|turn|11
|
|t:|1776328849
|switch|p1a: Moltres|Moltres|78/100
|move|p2a: Zamazenta|Substitute|p2a: Zamazenta
|-start|p2a: Zamazenta|Substitute
|-damage|p2a: Zamazenta|73/100
|
|-weather|Sandstorm|[upkeep]
|-damage|p2a: Zamazenta|67/100|[from] Sandstorm
|-damage|p1a: Moltres|72/100|[from] Sandstorm
|-heal|p2a: Zamazenta|73/100|[from] item: Leftovers
|upkeep
|turn|12
|
|t:|1776328851
|move|p2a: Zamazenta|Iron Defense|p2a: Zamazenta
|-boost|p2a: Zamazenta|def|2
|move|p1a: Moltres|Roar|p2a: Zamazenta
|drag|p2a: Dragonite|Dragonite, M|100/100
|
|-weather|Sandstorm|[upkeep]
|-damage|p2a: Dragonite|94/100|[from] Sandstorm
|-damage|p1a: Moltres|66/100|[from] Sandstorm
|upkeep
|turn|13
|
|t:|1776328865
|move|p2a: Dragonite|Extreme Speed|p1a: Moltres
|-damage|p1a: Moltres|45/100
|-status|p2a: Dragonite|brn|[from] ability: Flame Body|[of] p1a: Moltres
|move|p1a: Moltres|Flamethrower|p2a: Dragonite
|-resisted|p2a: Dragonite
|-damage|p2a: Dragonite|74/100 brn
|
|-weather|none
|-damage|p2a: Dragonite|68/100 brn|[from] brn
|upkeep
|turn|14
|
|t:|1776328876
|move|p2a: Dragonite|Extreme Speed|p1a: Moltres
|-damage|p1a: Moltres|35/100
|move|p1a: Moltres|Roost|p1a: Moltres
|-heal|p1a: Moltres|86/100
|-singleturn|p1a: Moltres|move: Roost
|
|-damage|p2a: Dragonite|61/100 brn|[from] brn
|upkeep
|turn|15
|
|t:|1776328881
|switch|p2a: Darkrai|Darkrai|100/100
|move|p1a: Moltres|Flamethrower|p2a: Darkrai
|-damage|p2a: Darkrai|48/100
|
|-heal|p2a: Darkrai|54/100|[from] item: Leftovers
|upkeep
|turn|16
|
|t:|1776328893
|switch|p1a: Excadrill|Excadrill, F|100/100
|-item|p1a: Excadrill|Air Balloon
|move|p2a: Darkrai|Dark Pulse|p1a: Excadrill
|-damage|p1a: Excadrill|42/100
|-enditem|p1a: Excadrill|Air Balloon
|
|-heal|p2a: Darkrai|60/100|[from] item: Leftovers
|upkeep
|turn|17
|
|t:|1776328902
|move|p2a: Darkrai|Dark Pulse|p1a: Excadrill
|-damage|p1a: Excadrill|0 fnt
|faint|p1a: Excadrill
|
|-heal|p2a: Darkrai|66/100|[from] item: Leftovers
|upkeep
|
|t:|1776328905
|switch|p1a: Zamazenta|Zamazenta|100/100
|-damage|p1a: Zamazenta|76/100|[from] Spikes
|-ability|p1a: Zamazenta|Dauntless Shield|boost
|-boost|p1a: Zamazenta|def|1
|turn|18
|
|t:|1776328912
|move|p1a: Zamazenta|Body Press|p2a: Darkrai
|-supereffective|p2a: Darkrai
|-damage|p2a: Darkrai|0 fnt
|faint|p2a: Darkrai
|
|-heal|p1a: Zamazenta|82/100|[from] item: Leftovers
|upkeep
|
|t:|1776328916
|switch|p2a: Zamazenta|Zamazenta|73/100
|turn|19
|
|t:|1776328922
|move|p1a: Zamazenta|Iron Defense|p1a: Zamazenta
|-boost|p1a: Zamazenta|def|2
|move|p2a: Zamazenta|Iron Defense|p2a: Zamazenta
|-boost|p2a: Zamazenta|def|2
|
|-heal|p1a: Zamazenta|88/100|[from] item: Leftovers
|-heal|p2a: Zamazenta|80/100|[from] item: Leftovers
|upkeep
|turn|20
|
|t:|1776328925
|move|p2a: Zamazenta|Iron Defense|p2a: Zamazenta
|-boost|p2a: Zamazenta|def|2
|move|p1a: Zamazenta|Roar|p2a: Zamazenta
|drag|p2a: Dragonite|Dragonite, M|61/100 brn
|
|-heal|p1a: Zamazenta|94/100|[from] item: Leftovers
|-damage|p2a: Dragonite|55/100 brn|[from] brn
|upkeep
|turn|21
|
|t:|1776328931
|move|p1a: Zamazenta|Iron Defense|p1a: Zamazenta
|-boost|p1a: Zamazenta|def|2
|move|p2a: Dragonite|Ice Spinner|p1a: Zamazenta
|-crit|p1a: Zamazenta
|-damage|p1a: Zamazenta|77/100
|
|-heal|p1a: Zamazenta|83/100|[from] item: Leftovers
|-damage|p2a: Dragonite|49/100 brn|[from] brn
|upkeep
|turn|22
|
|t:|1776328933
|move|p1a: Zamazenta|Iron Defense|p1a: Zamazenta
|-boost|p1a: Zamazenta|def|1
|move|p2a: Dragonite|Ice Spinner|p1a: Zamazenta
|-damage|p1a: Zamazenta|80/100
|
|-heal|p1a: Zamazenta|87/100|[from] item: Leftovers
|-damage|p2a: Dragonite|43/100 brn|[from] brn
|upkeep
|turn|23
|
|t:|1776328935
|move|p1a: Zamazenta|Body Press|p2a: Dragonite
|-resisted|p2a: Dragonite
|-damage|p2a: Dragonite|0 fnt
|faint|p2a: Dragonite
|
|-heal|p1a: Zamazenta|93/100|[from] item: Leftovers
|upkeep
|
|t:|1776328937
|switch|p2a: Zamazenta|Zamazenta|80/100
|turn|24
|
|t:|1776328941
|move|p1a: Zamazenta|Body Press|p2a: Zamazenta
|-damage|p2a: Zamazenta|0 fnt
|faint|p2a: Zamazenta
|
|win|grotn2
|raw|grotn2's rating: 1428 &rarr; <strong>1446</strong><br />(+18 for winning)
|raw|selicom's rating: 1387 &rarr; <strong>1369</strong><br />(-18 for losing)
|c|☆grotn2|Gg
|l|☆selicom
|player|p2|
|l|☆grotn2
|player|p1|
|j|☆grotn2
|player|p1|grotn2|smasher|
