|html|<div class="broadcast-blue"><strong>[Gen 9] OU is currently suspecting Tera Blast! For information on how to participate check out the <a href="https://www.smogon.com/tools/suspects/view/200">suspect thread</a>.</strong></div>
|j|☆koreanbreakfast
|j|☆vanllesco
|t:|1776040041
|gametype|singles
|player|p1|koreanbreakfast|wallace|1332
|player|p2|vanllesco|hilbert|1329
|gen|9
|tier|[Gen 9] OU
|rated|
|rule|HP Percentage Mod: HP is shown in percentages
|rule|Endless Battle Clause: Forcing endless battles is banned
|rule|Species Clause: Limit one of each Pokémon
|rule|OHKO Clause: OHKO moves are banned
|rule|Evasion Items Clause: Evasion items are banned
|rule|Evasion Moves Clause: Evasion moves are banned
|rule|Evasion Abilities Clause: Evasion abilities are banned
|rule|Sleep Moves Clause: Sleep-inducing moves are banned
|clearpoke
|poke|p1|Primarina, M|
|poke|p1|Great Tusk|
|poke|p1|Kingambit, M|
|poke|p1|Slowking-Galar, M|
|poke|p1|Ogerpon, F|
|poke|p1|Enamorus, F|
|poke|p2|Samurott-Hisui, M|
|poke|p2|Corviknight, M|
|poke|p2|Hatterene, F|
|poke|p2|Umbreon, F|
|poke|p2|Toxtricity-Low-Key, M|
|poke|p2|Garchomp, M|
|teampreview
|inactive|Battle timer is ON: inactive players will automatically lose when time's up. (requested by vanllesco)
|
|t:|1776040058
|teamsize|p1|6
|teamsize|p2|6
|start
|switch|p1a: Ogerpon|Ogerpon, F|100/100
|switch|p2a: My name is mud|Toxtricity-Low-Key, M|100/100
|turn|1
|
|t:|1776040065
|move|p2a: My name is mud|Sludge Wave|p1a: Ogerpon
|-supereffective|p1a: Ogerpon
|-damage|p1a: Ogerpon|0 fnt
|faint|p1a: Ogerpon
|
|upkeep
|
|t:|1776040070
|switch|p1a: Kingambit|Kingambit, M, shiny|100/100
|-activate|p1a: Kingambit|ability: Supreme Overlord
|-start|p1a: Kingambit|fallen1|[silent]
|turn|2
|
|t:|1776040084
|switch|p2a: Morin|Umbreon, F, shiny|100/100
|-end|p1a: Kingambit|fallen1|[silent]
|switch|p1a: Primarina|Primarina, M, shiny|100/100
|
|upkeep
|turn|3
|
|t:|1776040087
|move|p1a: Primarina|Whirlpool|p2a: Morin
|-damage|p2a: Morin|89/100
|-activate|p2a: Morin|move: Whirlpool|[of] p1a: Primarina
|move|p2a: Morin|Thunder Wave|p1a: Primarina
|-status|p1a: Primarina|par
|
|-heal|p2a: Morin|95/100|[from] item: Leftovers
|-damage|p2a: Morin|82/100|[from] move: Whirlpool|[partiallytrapped]
|upkeep
|turn|4
|
|t:|1776040096
|move|p2a: Morin|Wish|p2a: Morin
|cant|p1a: Primarina|par
|
|-heal|p2a: Morin|89/100|[from] item: Leftovers
|-damage|p2a: Morin|76/100|[from] move: Whirlpool|[partiallytrapped]
|upkeep
|turn|5
|
|t:|1776040099
|move|p2a: Morin|Foul Play|p1a: Primarina
|-resisted|p1a: Primarina
|-damage|p1a: Primarina|88/100 par
|move|p1a: Primarina|Psychic Noise|p2a: Morin
|-damage|p2a: Morin|49/100
|-start|p2a: Morin|move: Heal Block
|
|-heal|p1a: Primarina|94/100 par|[from] item: Leftovers
|-damage|p2a: Morin|36/100|[from] move: Whirlpool|[partiallytrapped]
|upkeep
|turn|6
|
|t:|1776040115
|move|p2a: Morin|Protect|p2a: Morin
|-singleturn|p2a: Morin|Protect
|move|p1a: Primarina|Moonblast|p2a: Morin
|-activate|p2a: Morin|move: Protect
|
|-heal|p1a: Primarina|99/100 par|[from] item: Leftovers
|-damage|p2a: Morin|24/100|[from] move: Whirlpool|[partiallytrapped]
|-end|p2a: Morin|move: Heal Block
|upkeep
|turn|7
|
|t:|1776040124
|move|p2a: Morin|Protect|p2a: Morin
|-singleturn|p2a: Morin|Protect
|move|p1a: Primarina|Psychic Noise|p2a: Morin
|-activate|p2a: Morin|move: Protect
|
|-heal|p2a: Morin|30/100|[from] item: Leftovers
|-heal|p1a: Primarina|100/100 par|[from] item: Leftovers
|-damage|p2a: Morin|18/100|[from] move: Whirlpool|[partiallytrapped]
|upkeep
|turn|8
|
|t:|1776040137
|move|p2a: Morin|Wish|p2a: Morin
|cant|p1a: Primarina|par
|
|-heal|p2a: Morin|24/100|[from] item: Leftovers
|-end|p2a: Morin|Whirlpool|[partiallytrapped]
|upkeep
|turn|9
|
|t:|1776040143
|move|p2a: Morin|Protect|p2a: Morin
|-singleturn|p2a: Morin|Protect
|move|p1a: Primarina|Psychic Noise|p2a: Morin
|-activate|p2a: Morin|move: Protect
|
|-heal|p2a: Morin|74/100|[from] move: Wish|[wisher] Morin
|-heal|p2a: Morin|80/100|[from] item: Leftovers
|upkeep
|turn|10
|
|t:|1776040151
|switch|p2a: Doe Deer|Hatterene, F|100/100
|move|p1a: Primarina|Psychic Noise|p2a: Doe Deer
|-damage|p2a: Doe Deer|57/100
|
|upkeep
|turn|11
|
|t:|1776040156
|move|p1a: Primarina|Moonblast|p2a: Doe Deer
|-damage|p2a: Doe Deer|6/100
|move|p2a: Doe Deer|Giga Drain|p1a: Primarina
|-supereffective|p1a: Primarina
|-damage|p1a: Primarina|57/100 par
|-heal|p2a: Doe Deer|26/100|[from] drain|[of] p1a: Primarina
|
|-heal|p1a: Primarina|63/100 par|[from] item: Leftovers
|upkeep
|turn|12
|
|t:|1776040160
|move|p1a: Primarina|Psychic Noise|p2a: Doe Deer
|-damage|p2a: Doe Deer|0 fnt
|faint|p2a: Doe Deer
|
|-heal|p1a: Primarina|69/100 par|[from] item: Leftovers
|upkeep
|
|t:|1776040164
|switch|p2a: My name is mud|Toxtricity-Low-Key, M|100/100
|turn|13
|
|t:|1776040167
|switch|p1a: Kingambit|Kingambit, M, shiny|100/100
|-activate|p1a: Kingambit|ability: Supreme Overlord
|-start|p1a: Kingambit|fallen1|[silent]
|move|p2a: My name is mud|Overdrive|p1a: Kingambit
|-damage|p1a: Kingambit|51/100
|
|-heal|p1a: Kingambit|58/100|[from] item: Leftovers
|upkeep
|turn|14
|
|t:|1776040170
|switch|p2a: BIRD|Corviknight, M|100/100
|move|p1a: Kingambit|Kowtow Cleave|p2a: BIRD
|-damage|p2a: BIRD|66/100
|-damage|p1a: Kingambit|41/100|[from] item: Rocky Helmet|[of] p2a: BIRD
|
|-heal|p1a: Kingambit|47/100|[from] item: Leftovers
|upkeep
|turn|15
|
|t:|1776040181
|-end|p1a: Kingambit|fallen1|[silent]
|switch|p1a: Enamorus|Enamorus, F, shiny|100/100
|move|p2a: BIRD|U-turn|p1a: Enamorus
|-resisted|p1a: Enamorus
|-damage|p1a: Enamorus|95/100
|
|t:|1776040184
|switch|p2a: Zachill|Garchomp, M|100/100|[from] U-turn
|
|upkeep
|turn|16
|
|t:|1776040186
|-terastallize|p2a: Zachill|Steel
|move|p1a: Enamorus|Moonblast|p2a: Zachill
|-resisted|p2a: Zachill
|-damage|p2a: Zachill|70/100
|-unboost|p2a: Zachill|spa|1
|move|p2a: Zachill|Iron Head|p1a: Enamorus
|-supereffective|p1a: Enamorus
|-damage|p1a: Enamorus|0 fnt
|faint|p1a: Enamorus
|
|upkeep
|
|t:|1776040190
|switch|p1a: Great Tusk|Great Tusk, shiny|100/100
|turn|17
|
|t:|1776040194
|switch|p2a: BIRD|Corviknight, M|66/100
|move|p1a: Great Tusk|Stealth Rock|p2a: BIRD
|-sidestart|p2: vanllesco|move: Stealth Rock
|
|upkeep
|turn|18
|
|t:|1776040202
|-end|p1a: Great Tusk|Protosynthesis|[silent]
|switch|p1a: Primarina|Primarina, M, shiny|69/100 par
|move|p2a: BIRD|Brave Bird|p1a: Primarina
|-damage|p1a: Primarina|15/100 par
|-damage|p2a: BIRD|52/100|[from] Recoil
|
|-heal|p1a: Primarina|21/100 par|[from] item: Leftovers
|upkeep
|turn|19
|
|t:|1776040211
|switch|p1a: Slowking|Slowking-Galar, M, shiny|100/100
|move|p2a: BIRD|Brave Bird|p1a: Slowking
|-damage|p1a: Slowking|74/100
|-damage|p2a: BIRD|42/100|[from] Recoil
|
|upkeep
|turn|20
|
|t:|1776040213
|move|p2a: BIRD|Roost|p2a: BIRD
|-heal|p2a: BIRD|92/100
|-singleturn|p2a: BIRD|move: Roost
|move|p1a: Slowking|Flamethrower|p2a: BIRD
|-supereffective|p2a: BIRD
|-crit|p2a: BIRD
|-damage|p2a: BIRD|26/100
|
|upkeep
|turn|21
|
|t:|1776040221
|switch|p2a: Morin|Umbreon, F, shiny|80/100
|-damage|p2a: Morin|67/100|[from] Stealth Rock
|move|p1a: Slowking|Flamethrower|p2a: Morin
|-damage|p2a: Morin|53/100
|
|-heal|p2a: Morin|59/100|[from] item: Leftovers
|upkeep
|turn|22
|
|t:|1776040225
|switch|p1a: Kingambit|Kingambit, M, shiny|47/100
|-activate|p1a: Kingambit|ability: Supreme Overlord
|-start|p1a: Kingambit|fallen2|[silent]
|move|p2a: Morin|Foul Play|p1a: Kingambit
|-resisted|p1a: Kingambit
|-crit|p1a: Kingambit
|-damage|p1a: Kingambit|16/100
|
|-heal|p2a: Morin|65/100|[from] item: Leftovers
|-heal|p1a: Kingambit|22/100|[from] item: Leftovers
|upkeep
|turn|23
|
|t:|1776040230
|-end|p1a: Kingambit|fallen2|[silent]
|switch|p1a: Great Tusk|Great Tusk, shiny|100/100
|move|p2a: Morin|Foul Play|p1a: Great Tusk
|-resisted|p1a: Great Tusk
|-damage|p1a: Great Tusk|83/100
|-damage|p2a: Morin|48/100|[from] item: Rocky Helmet|[of] p1a: Great Tusk
|
|-heal|p2a: Morin|54/100|[from] item: Leftovers
|upkeep
|turn|24
|
|t:|1776040240
|move|p1a: Great Tusk|Headlong Rush|p2a: Morin
|-damage|p2a: Morin|16/100
|-unboost|p1a: Great Tusk|def|1
|-unboost|p1a: Great Tusk|spd|1
|move|p2a: Morin|Wish|p2a: Morin
|
|-heal|p2a: Morin|22/100|[from] item: Leftovers
|upkeep
|turn|25
|
|t:|1776040243
|-end|p1a: Great Tusk|Protosynthesis|[silent]
|switch|p1a: Primarina|Primarina, M, shiny|21/100 par
|move|p2a: Morin|Protect||[still]
|-fail|p2a: Morin
|
|-heal|p2a: Morin|72/100|[from] move: Wish|[wisher] Morin
|-heal|p2a: Morin|78/100|[from] item: Leftovers
|-heal|p1a: Primarina|27/100 par|[from] item: Leftovers
|upkeep
|turn|26
|
|t:|1776040251
|switch|p2a: My name is mud|Toxtricity-Low-Key, M|100/100
|-damage|p2a: My name is mud|88/100|[from] Stealth Rock
|move|p1a: Primarina|Whirlpool|p2a: My name is mud|[miss]
|-miss|p1a: Primarina|p2a: My name is mud
|
|-heal|p1a: Primarina|33/100 par|[from] item: Leftovers
|upkeep
|turn|27
|
|t:|1776040259
|switch|p1a: Great Tusk|Great Tusk, shiny|83/100
|move|p2a: My name is mud|Boomburst|p1a: Great Tusk
|-damage|p1a: Great Tusk|0 fnt
|faint|p1a: Great Tusk
|-end|p1a: Great Tusk|Protosynthesis|[silent]
|
|upkeep
|
|t:|1776040263
|switch|p1a: Slowking|Slowking-Galar, M, shiny|100/100
|turn|28
|
|t:|1776040267
|switch|p2a: MC Ride|Samurott-Hisui, M|100/100
|-damage|p2a: MC Ride|88/100|[from] Stealth Rock
|move|p1a: Slowking|Psychic Noise|p2a: MC Ride
|-immune|p2a: MC Ride
|
|-heal|p2a: MC Ride|94/100|[from] item: Leftovers
|upkeep
|turn|29
|
|t:|1776040269
|move|p2a: MC Ride|Ceaseless Edge|p1a: Slowking
|-supereffective|p1a: Slowking
|-damage|p1a: Slowking|40/100
|-sidestart|p1: koreanbreakfast|Spikes
|move|p1a: Slowking|Sludge Bomb|p2a: MC Ride
|-damage|p2a: MC Ride|42/100
|
|-heal|p2a: MC Ride|48/100|[from] item: Leftovers
|upkeep
|turn|30
|
|t:|1776040274
|switch|p1a: Kingambit|Kingambit, M, shiny|22/100
|-damage|p1a: Kingambit|10/100|[from] Spikes
|-activate|p1a: Kingambit|ability: Supreme Overlord
|-start|p1a: Kingambit|fallen3|[silent]
|move|p2a: MC Ride|Ceaseless Edge|p1a: Kingambit
|-resisted|p1a: Kingambit
|-damage|p1a: Kingambit|0 fnt
|-sidestart|p1: koreanbreakfast|Spikes
|faint|p1a: Kingambit
|-end|p1a: Kingambit|fallen3|[silent]
|
|-heal|p2a: MC Ride|54/100|[from] item: Leftovers
|upkeep
|-message|koreanbreakfast forfeited.
|
|win|vanllesco
|raw|koreanbreakfast's rating: 1332 &rarr; <strong>1312</strong><br />(-20 for losing)
|raw|vanllesco's rating: 1329 &rarr; <strong>1349</strong><br />(+20 for winning)
