|html|<div class="broadcast-blue"><strong>[Gen 9] OU is currently suspecting Tera Blast! For information on how to participate check out the <a href="https://www.smogon.com/tools/suspects/view/200">suspect thread</a>.</strong></div>
|j|☆icylikedecember
|j|☆cafecr
|t:|1776056708
|gametype|singles
|player|p1|icylikedecember|skierf|1601
|player|p2|cafecr|169|1513
|gen|9
|tier|[Gen 9] OU
|rated|
|rule|HP Percentage Mod: HP is shown in percentages
|rule|Endless Battle Clause: Forcing endless battles is banned
|rule|Species Clause: Limit one of each Pokémon
|rule|OHKO Clause: OHKO moves are banned
|rule|Evasion Items Clause: Evasion items are banned
|rule|Evasion Moves Clause: Evasion moves are banned
|rule|Evasion Abilities Clause: Evasion abilities are banned
|rule|Sleep Moves Clause: Sleep-inducing moves are banned
|clearpoke
|poke|p1|Garchomp, F|
|poke|p1|Gholdengo|
|poke|p1|Dragapult, M|
|poke|p1|Hatterene, F|
|poke|p1|Iron Treads|
|poke|p1|Cinderace, M|
|poke|p2|Torkoal, F|
|poke|p2|Venusaur, M|
|poke|p2|Walking Wake|
|poke|p2|Hatterene, F|
|poke|p2|Great Tusk|
|poke|p2|Ceruledge, M|
|teampreview
|inactive|Battle timer is ON: inactive players will automatically lose when time's up. (requested by cafecr)
|
|t:|1776056719
|teamsize|p1|6
|teamsize|p2|6
|start
|switch|p1a: Garchomp|Garchomp, F|100/100
|switch|p2a: Torkoal|Torkoal, F|100/100
|-weather|SunnyDay|[from] ability: Drought|[of] p2a: Torkoal
|turn|1
|
|t:|1776056721
|switch|p2a: Hatterene|Hatterene, F, shiny|100/100
|move|p1a: Garchomp|Earthquake|p2a: Hatterene
|-damage|p2a: Hatterene|61/100
|-enditem|p2a: Hatterene|Eject Button
|
|t:|1776056727
|switch|p2a: Ceruledge|Ceruledge, M|100/100
|
|-weather|SunnyDay|[upkeep]
|upkeep
|turn|2
|
|t:|1776056730
|move|p2a: Ceruledge|Swords Dance|p2a: Ceruledge
|-boost|p2a: Ceruledge|atk|2
|move|p1a: Garchomp|Dragon Tail|p2a: Ceruledge
|-damage|p2a: Ceruledge|66/100
|-ability|p2a: Ceruledge|Weak Armor|boost
|-unboost|p2a: Ceruledge|def|1
|-boost|p2a: Ceruledge|spe|2
|drag|p2a: Venusaur|Venusaur, M|100/100
|
|-weather|SunnyDay|[upkeep]
|upkeep
|turn|3
|
|t:|1776056742
|switch|p2a: Hatterene|Hatterene, F, shiny|61/100
|move|p1a: Garchomp|Dragon Tail|p2a: Hatterene
|-immune|p2a: Hatterene
|
|-weather|SunnyDay|[upkeep]
|upkeep
|turn|4
|
|t:|1776056748
|switch|p1a: Hatterene|Hatterene, F|100/100
|move|p2a: Hatterene|Draining Kiss|p1a: Hatterene
|-damage|p1a: Hatterene|85/100
|-heal|p2a: Hatterene|72/100|[from] drain|[of] p1a: Hatterene
|
|-weather|SunnyDay|[upkeep]
|upkeep
|turn|5
|
|t:|1776056754
|move|p1a: Hatterene|Nuzzle|p2a: Hatterene
|-damage|p2a: Hatterene|69/100
|-status|p2a: Hatterene|par
|cant|p2a: Hatterene|par
|
|-weather|SunnyDay|[upkeep]
|upkeep
|turn|6
|c|☆cafecr|sob
|
|t:|1776056773
|move|p1a: Hatterene|Draining Kiss|p2a: Hatterene
|-damage|p2a: Hatterene|43/100 par
|-heal|p1a: Hatterene|100/100|[from] drain|[of] p2a: Hatterene
|move|p2a: Hatterene|Nuzzle|p1a: Hatterene
|-damage|p1a: Hatterene|96/100
|-status|p1a: Hatterene|par
|
|-weather|SunnyDay|[upkeep]
|upkeep
|turn|7
|
|t:|1776056779
|move|p1a: Hatterene|Draining Kiss|p2a: Hatterene
|-damage|p2a: Hatterene|16/100 par
|-heal|p1a: Hatterene|100/100 par|[from] drain|[of] p2a: Hatterene
|cant|p2a: Hatterene|par
|
|-weather|SunnyDay|[upkeep]
|upkeep
|turn|8
|
|t:|1776056784
|move|p1a: Hatterene|Draining Kiss|p2a: Hatterene
|-damage|p2a: Hatterene|0 fnt
|faint|p2a: Hatterene
|
|-weather|none
|upkeep
|
|t:|1776056792
|switch|p2a: Venusaur|Venusaur, M|100/100
|turn|9
|
|t:|1776056795
|move|p2a: Venusaur|Sludge Bomb|p1a: Hatterene
|-supereffective|p1a: Hatterene
|-crit|p1a: Hatterene
|-damage|p1a: Hatterene|0 fnt
|faint|p1a: Hatterene
|-damage|p2a: Venusaur|91/100|[from] item: Life Orb
|
|upkeep
|
|t:|1776056807
|switch|p1a: Garchomp|Garchomp, F|100/100
|turn|10
|
|t:|1776056809
|switch|p2a: Torkoal|Torkoal, F|100/100
|-weather|SunnyDay|[from] ability: Drought|[of] p2a: Torkoal
|move|p1a: Garchomp|Stealth Rock|p2a: Torkoal
|-sidestart|p2: cafecr|move: Stealth Rock
|
|-weather|SunnyDay|[upkeep]
|upkeep
|turn|11
|
|t:|1776056818
|-terastallize|p1a: Garchomp|Ghost
|move|p1a: Garchomp|Spikes|p2a: Torkoal
|-sidestart|p2: cafecr|Spikes
|move|p2a: Torkoal|Flamethrower|p1a: Garchomp
|-damage|p1a: Garchomp|43/100
|
|-weather|SunnyDay|[upkeep]
|upkeep
|turn|12
|
|t:|1776056829
|move|p1a: Garchomp|Earthquake|p2a: Torkoal
|-supereffective|p2a: Torkoal
|-damage|p2a: Torkoal|26/100
|move|p2a: Torkoal|Flamethrower|p1a: Garchomp
|-damage|p1a: Garchomp|0 fnt
|faint|p1a: Garchomp
|
|-weather|SunnyDay|[upkeep]
|upkeep
|
|t:|1776056837
|switch|p1a: Dragapult|Dragapult, M|100/100
|turn|13
|
|t:|1776056843
|switch|p2a: Ceruledge|Ceruledge, M|66/100
|-damage|p2a: Ceruledge|41/100|[from] Stealth Rock
|-damage|p2a: Ceruledge|29/100|[from] Spikes
|move|p1a: Dragapult|Shadow Ball|p2a: Ceruledge
|-supereffective|p2a: Ceruledge
|-damage|p2a: Ceruledge|0 fnt
|faint|p2a: Ceruledge
|-damage|p1a: Dragapult|91/100|[from] item: Life Orb
|
|-weather|SunnyDay|[upkeep]
|upkeep
|
|t:|1776056862
|switch|p2a: Venusaur|Venusaur, M|91/100
|-damage|p2a: Venusaur|78/100|[from] Stealth Rock
|-damage|p2a: Venusaur|66/100|[from] Spikes
|turn|14
|
|t:|1776056874
|-terastallize|p2a: Venusaur|Ground
|move|p2a: Venusaur|Earth Power|p1a: Dragapult
|-damage|p1a: Dragapult|12/100
|-damage|p2a: Venusaur|56/100|[from] item: Life Orb
|move|p1a: Dragapult|Fire Blast|p2a: Venusaur
|-damage|p2a: Venusaur|0 fnt
|faint|p2a: Venusaur
|-damage|p1a: Dragapult|2/100|[from] item: Life Orb
|
|-weather|SunnyDay|[upkeep]
|upkeep
|
|t:|1776056882
|switch|p2a: Don|Great Tusk, shiny|100/100
|-activate|p2a: Don|ability: Protosynthesis
|-start|p2a: Don|protosynthesisatk
|turn|15
|
|t:|1776056888
|move|p1a: Dragapult|Draco Meteor|p2a: Don
|-damage|p2a: Don|0 fnt
|-unboost|p1a: Dragapult|spa|2
|faint|p2a: Don
|-end|p2a: Don|Protosynthesis|[silent]
|-damage|p1a: Dragapult|0 fnt|[from] item: Life Orb
|faint|p1a: Dragapult
|
|-weather|SunnyDay|[upkeep]
|upkeep
|
|t:|1776056903
|switch|p1a: Cinderace|Cinderace, M|100/100
|switch|p2a: Walking Wake|Walking Wake|100/100
|-damage|p2a: Walking Wake|88/100|[from] Stealth Rock
|-damage|p2a: Walking Wake|76/100|[from] Spikes
|-activate|p2a: Walking Wake|ability: Protosynthesis
|-start|p2a: Walking Wake|protosynthesisspa
|turn|16
|
|t:|1776056908
|move|p1a: Cinderace|Sucker Punch|p2a: Walking Wake
|-start|p1a: Cinderace|typechange|Dark|[from] ability: Libero
|-damage|p2a: Walking Wake|40/100
|move|p2a: Walking Wake|Hydro Steam|p1a: Cinderace
|-damage|p1a: Cinderace|0 fnt
|faint|p1a: Cinderace
|
|-weather|SunnyDay|[upkeep]
|upkeep
|
|t:|1776056916
|switch|p1a: Iron Treads|Iron Treads|100/100
|-item|p1a: Iron Treads|Air Balloon
|turn|17
|
|t:|1776056921
|move|p1a: Iron Treads|Earthquake|p2a: Walking Wake
|-damage|p2a: Walking Wake|0 fnt
|faint|p2a: Walking Wake
|-end|p2a: Walking Wake|Protosynthesis|[silent]
|
|-weather|none
|upkeep
|
|t:|1776056923
|switch|p2a: Torkoal|Torkoal, F|26/100
|-damage|p2a: Torkoal|1/100|[from] Stealth Rock
|-damage|p2a: Torkoal|0 fnt|[from] Spikes
|faint|p2a: Torkoal
|
|win|icylikedecember
|raw|icylikedecember's rating: 1601 &rarr; <strong>1616</strong><br />(+15 for winning)
|raw|cafecr's rating: 1513 &rarr; <strong>1498</strong><br />(-15 for losing)
|l|☆icylikedecember
|player|p1|
|l|☆cafecr
|player|p2|
