|html|<div class="broadcast-blue"><strong>[Gen 9] OU is currently suspecting Tera Blast! For information on how to participate check out the <a href="https://www.smogon.com/tools/suspects/view/200">suspect thread</a>.</strong></div>
|j|☆scizorsaopaulino
|j|☆Chinatownz
|t:|1776093982
|gametype|singles
|player|p1|scizorsaopaulino|roxie|1215
|player|p2|Chinatownz|266|1198
|gen|9
|tier|[Gen 9] OU
|rated|
|rule|HP Percentage Mod: HP is shown in percentages
|rule|Endless Battle Clause: Forcing endless battles is banned
|rule|Species Clause: Limit one of each Pokémon
|rule|OHKO Clause: OHKO moves are banned
|rule|Evasion Items Clause: Evasion items are banned
|rule|Evasion Moves Clause: Evasion moves are banned
|rule|Evasion Abilities Clause: Evasion abilities are banned
|rule|Sleep Moves Clause: Sleep-inducing moves are banned
|clearpoke
|poke|p1|Scizor, F|
|poke|p1|Ting-Lu|
|poke|p1|Lokix, M|
|poke|p1|Keldeo-Resolute|
|poke|p1|Corviknight, F|
|poke|p1|Sinistcha|
|poke|p2|Poliwrath, M|
|poke|p2|Pelipper, M|
|poke|p2|Mienshao, M|
|poke|p2|Blissey, F|
|poke|p2|Garchomp, M|
|poke|p2|Gholdengo|
|teampreview
|inactive|Battle timer is ON: inactive players will automatically lose when time's up. (requested by Chinatownz)
|
|t:|1776094014
|teamsize|p1|6
|teamsize|p2|6
|start
|switch|p1a: Scizor|Scizor, F|100/100
|switch|p2a: Garchomp|Garchomp, M|100/100
|turn|1
|
|t:|1776094019
|move|p2a: Garchomp|Stealth Rock|p1a: Scizor
|-sidestart|p1: scizorsaopaulino|move: Stealth Rock
|move|p1a: Scizor|Knock Off|p2a: Garchomp
|-damage|p2a: Garchomp|69/100
|-damage|p1a: Scizor|88/100|[from] ability: Rough Skin|[of] p2a: Garchomp
|-enditem|p2a: Garchomp|Leftovers|[from] move: Knock Off|[of] p1a: Scizor
|
|upkeep
|turn|2
|
|t:|1776094026
|switch|p1a: Corviknight|Corviknight, F|100/100
|-damage|p1a: Corviknight|88/100|[from] Stealth Rock
|-ability|p1a: Corviknight|Pressure
|move|p2a: Garchomp|Spikes|p1a: Corviknight
|-sidestart|p1: scizorsaopaulino|Spikes
|
|upkeep
|turn|3
|
|t:|1776094040
|switch|p2a: Pelipper|Pelipper, M|100/100
|-weather|RainDance|[from] ability: Drizzle|[of] p2a: Pelipper
|move|p1a: Corviknight|Defog|p2a: Pelipper
|-unboost|p2a: Pelipper|evasion|1
|-sideend|p1: scizorsaopaulino|Spikes|[from] move: Defog|[of] p1a: Corviknight
|-sideend|p1: scizorsaopaulino|Stealth Rock|[from] move: Defog|[of] p1a: Corviknight
|
|-weather|RainDance|[upkeep]
|upkeep
|turn|4
|
|t:|1776094047
|move|p1a: Corviknight|Brave Bird|p2a: Pelipper
|-damage|p2a: Pelipper|72/100
|-damage|p1a: Corviknight|80/100|[from] Recoil
|move|p2a: Pelipper|U-turn|p1a: Corviknight
|-resisted|p1a: Corviknight
|-damage|p1a: Corviknight|79/100
|-damage|p2a: Pelipper|55/100|[from] item: Rocky Helmet|[of] p1a: Corviknight
|
|t:|1776094050
|switch|p2a: Poliwrath|Poliwrath, M|100/100|[from] U-turn
|
|-weather|RainDance|[upkeep]
|upkeep
|turn|5
|
|t:|1776094056
|-terastallize|p2a: Poliwrath|Fire
|move|p2a: Poliwrath|Belly Drum|p2a: Poliwrath
|-damage|p2a: Poliwrath|50/100
|-setboost|p2a: Poliwrath|atk|6|[from] move: Belly Drum
|-enditem|p2a: Poliwrath|Sitrus Berry|[eat]
|-heal|p2a: Poliwrath|75/100|[from] item: Sitrus Berry
|move|p1a: Corviknight|Brave Bird|p2a: Poliwrath
|-damage|p2a: Poliwrath|32/100
|-damage|p1a: Corviknight|67/100|[from] Recoil
|
|-weather|RainDance|[upkeep]
|upkeep
|turn|6
|
|t:|1776094067
|move|p2a: Poliwrath|Drain Punch|p1a: Corviknight
|-damage|p1a: Corviknight|0 fnt
|-heal|p2a: Poliwrath|73/100|[from] drain|[of] p1a: Corviknight
|-damage|p2a: Poliwrath|57/100|[from] item: Rocky Helmet|[of] p1a: Corviknight
|faint|p1a: Corviknight
|
|-weather|RainDance|[upkeep]
|upkeep
|
|t:|1776094090
|switch|p1a: Ting-Lu|Ting-Lu|100/100
|-ability|p1a: Ting-Lu|Vessel of Ruin
|turn|7
|
|t:|1776094102
|switch|p1a: Sinistcha|Sinistcha|100/100
|move|p2a: Poliwrath|Drain Punch|p1a: Sinistcha
|-immune|p1a: Sinistcha
|
|-weather|RainDance|[upkeep]
|upkeep
|turn|8
|inactive|scizorsaopaulino has 120 seconds left.
|
|t:|1776094118
|move|p2a: Poliwrath|Ice Punch|p1a: Sinistcha
|-supereffective|p1a: Sinistcha
|-damage|p1a: Sinistcha|0 fnt
|faint|p1a: Sinistcha
|
|-weather|RainDance|[upkeep]
|upkeep
|
|t:|1776094122
|switch|p1a: Lokix|Lokix, M|100/100
|turn|9
|
|t:|1776094127
|-terastallize|p1a: Lokix|Bug
|move|p1a: Lokix|First Impression|p2a: Poliwrath
|-resisted|p2a: Poliwrath
|-damage|p2a: Poliwrath|0 fnt
|faint|p2a: Poliwrath
|
|-weather|RainDance|[upkeep]
|upkeep
|
|t:|1776094133
|switch|p2a: Mienshao|Mienshao, M|100/100
|turn|10
|
|t:|1776094137
|switch|p1a: Scizor|Scizor, F|88/100
|move|p2a: Mienshao|Fake Out|p1a: Scizor
|-resisted|p1a: Scizor
|-damage|p1a: Scizor|79/100
|-damage|p2a: Mienshao|91/100|[from] item: Life Orb
|
|-weather|none
|upkeep
|turn|11
|
|t:|1776094143
|move|p2a: Mienshao|Close Combat|p1a: Scizor
|-damage|p1a: Scizor|0 fnt
|-unboost|p2a: Mienshao|def|1
|-unboost|p2a: Mienshao|spd|1
|faint|p1a: Scizor
|-damage|p2a: Mienshao|81/100|[from] item: Life Orb
|
|upkeep
|
|t:|1776094150
|switch|p1a: Keldeo|Keldeo-Resolute|100/100
|turn|12
|
|t:|1776094158
|switch|p2a: Pelipper|Pelipper, M|55/100
|-weather|RainDance|[from] ability: Drizzle|[of] p2a: Pelipper
|move|p1a: Keldeo|Surf|p2a: Pelipper
|-resisted|p2a: Pelipper
|-damage|p2a: Pelipper|0 fnt
|faint|p2a: Pelipper
|
|-weather|RainDance|[upkeep]
|upkeep
|
|t:|1776094162
|switch|p2a: Blissey|Blissey, F|100/100
|turn|13
|
|t:|1776094167
|move|p1a: Keldeo|Surf|p2a: Blissey
|-damage|p2a: Blissey|70/100
|move|p2a: Blissey|Stealth Rock|p1a: Keldeo
|-sidestart|p1: scizorsaopaulino|move: Stealth Rock
|
|-weather|RainDance|[upkeep]
|-heal|p2a: Blissey|76/100|[from] item: Leftovers
|upkeep
|turn|14
|
|t:|1776094172
|switch|p1a: Ting-Lu|Ting-Lu|100/100
|-damage|p1a: Ting-Lu|94/100|[from] Stealth Rock
|-ability|p1a: Ting-Lu|Vessel of Ruin
|move|p2a: Blissey|Thunder Wave|p1a: Ting-Lu
|-immune|p1a: Ting-Lu
|
|-weather|RainDance|[upkeep]
|-heal|p2a: Blissey|82/100|[from] item: Leftovers
|-heal|p1a: Ting-Lu|100/100|[from] item: Leftovers
|upkeep
|turn|15
|
|t:|1776094178
|switch|p2a: Mienshao|Mienshao, M|100/100
|move|p1a: Ting-Lu|Stealth Rock|p2a: Mienshao
|-sidestart|p2: Chinatownz|move: Stealth Rock
|
|-weather|RainDance|[upkeep]
|upkeep
|turn|16
|
|t:|1776094183
|move|p2a: Mienshao|Fake Out|p1a: Ting-Lu
|-damage|p1a: Ting-Lu|92/100
|-damage|p2a: Mienshao|91/100|[from] item: Life Orb
|cant|p1a: Ting-Lu|flinch
|
|-weather|RainDance|[upkeep]
|-heal|p1a: Ting-Lu|98/100|[from] item: Leftovers
|upkeep
|turn|17
|
|t:|1776094187
|move|p2a: Mienshao|Close Combat|p1a: Ting-Lu
|-supereffective|p1a: Ting-Lu
|-damage|p1a: Ting-Lu|19/100
|-unboost|p2a: Mienshao|def|1
|-unboost|p2a: Mienshao|spd|1
|-damage|p2a: Mienshao|81/100|[from] item: Life Orb
|move|p1a: Ting-Lu|Earthquake|p2a: Mienshao
|-damage|p2a: Mienshao|0 fnt
|faint|p2a: Mienshao
|
|-weather|RainDance|[upkeep]
|-heal|p1a: Ting-Lu|25/100|[from] item: Leftovers
|upkeep
|
|t:|1776094197
|switch|p2a: Garchomp|Garchomp, M|69/100
|-damage|p2a: Garchomp|63/100|[from] Stealth Rock
|turn|18
|
|t:|1776094204
|move|p2a: Garchomp|Spikes|p1a: Ting-Lu
|-sidestart|p1: scizorsaopaulino|Spikes
|move|p1a: Ting-Lu|Earthquake|p2a: Garchomp
|-damage|p2a: Garchomp|40/100
|
|-weather|RainDance|[upkeep]
|-heal|p1a: Ting-Lu|32/100|[from] item: Leftovers
|upkeep
|turn|19
|
|t:|1776094208
|move|p2a: Garchomp|Spikes|p1a: Ting-Lu
|-sidestart|p1: scizorsaopaulino|Spikes
|move|p1a: Ting-Lu|Earthquake|p2a: Garchomp
|-damage|p2a: Garchomp|17/100
|
|-weather|none
|-heal|p1a: Ting-Lu|38/100|[from] item: Leftovers
|upkeep
|turn|20
|
|t:|1776094213
|move|p2a: Garchomp|Earthquake|p1a: Ting-Lu
|-damage|p1a: Ting-Lu|16/100
|move|p1a: Ting-Lu|Whirlwind|p2a: Garchomp
|drag|p2a: Gholdengo|Gholdengo|100/100
|-damage|p2a: Gholdengo|94/100|[from] Stealth Rock
|
|-heal|p1a: Ting-Lu|22/100|[from] item: Leftovers
|upkeep
|turn|21
|
|t:|1776094221
|move|p2a: Gholdengo|Dazzling Gleam|p1a: Ting-Lu
|-supereffective|p1a: Ting-Lu
|-damage|p1a: Ting-Lu|0 fnt
|faint|p1a: Ting-Lu
|
|upkeep
|
|t:|1776094223
|switch|p1a: Lokix|Lokix, M, tera:Bug|100/100
|-damage|p1a: Lokix|76/100|[from] Stealth Rock
|-damage|p1a: Lokix|59/100|[from] Spikes
|turn|22
|
|t:|1776094234
|move|p2a: Gholdengo|Dazzling Gleam|p1a: Lokix
|-damage|p1a: Lokix|3/100
|move|p1a: Lokix|Knock Off|p2a: Gholdengo
|-supereffective|p2a: Gholdengo
|-damage|p2a: Gholdengo|0 fnt
|-enditem|p2a: Gholdengo|Choice Scarf|[from] move: Knock Off|[of] p1a: Lokix
|faint|p2a: Gholdengo
|
|upkeep
|
|t:|1776094241
|switch|p2a: Garchomp|Garchomp, M|17/100
|-damage|p2a: Garchomp|11/100|[from] Stealth Rock
|turn|23
|
|t:|1776094249
|move|p1a: Lokix|Knock Off|p2a: Garchomp
|-damage|p2a: Garchomp|0 fnt
|-damage|p1a: Lokix|0 fnt|[from] ability: Rough Skin|[of] p2a: Garchomp
|faint|p2a: Garchomp
|faint|p1a: Lokix
|
|upkeep
|
|t:|1776094251
|switch|p1a: Keldeo|Keldeo-Resolute|100/100
|switch|p2a: Blissey|Blissey, F|82/100
|-damage|p1a: Keldeo|94/100|[from] Stealth Rock
|-damage|p1a: Keldeo|78/100|[from] Spikes
|-damage|p2a: Blissey|70/100|[from] Stealth Rock
|turn|24
|
|t:|1776094253
|move|p1a: Keldeo|Secret Sword|p2a: Blissey
|-supereffective|p2a: Blissey
|-damage|p2a: Blissey|0 fnt
|faint|p2a: Blissey
|
|win|scizorsaopaulino
|raw|scizorsaopaulino's rating: 1215 &rarr; <strong>1239</strong><br />(+24 for winning)
|raw|Chinatownz's rating: 1198 &rarr; <strong>1174</strong><br />(-24 for losing)
|l|☆scizorsaopaulino
|player|p1|
|l|☆Chinatownz
|player|p2|
