|html|<div class="broadcast-blue"><strong>[Gen 9] OU is currently suspecting Tera Blast! For information on how to participate check out the <a href="https://www.smogon.com/tools/suspects/view/200">suspect thread</a>.</strong></div>
|j|☆gunaitebr
|j|☆Hajustin0723
|t:|1776078844
|gametype|singles
|player|p1|gunaitebr|266|1164
|player|p2|Hajustin0723|lyra|1175
|gen|9
|tier|[Gen 9] OU
|rated|
|rule|HP Percentage Mod: HP is shown in percentages
|rule|Endless Battle Clause: Forcing endless battles is banned
|rule|Species Clause: Limit one of each Pokémon
|rule|OHKO Clause: OHKO moves are banned
|rule|Evasion Items Clause: Evasion items are banned
|rule|Evasion Moves Clause: Evasion moves are banned
|rule|Evasion Abilities Clause: Evasion abilities are banned
|rule|Sleep Moves Clause: Sleep-inducing moves are banned
|clearpoke
|poke|p1|Iron Jugulis|
|poke|p1|Zapdos-Galar|
|poke|p1|Gastrodon, F|
|poke|p1|Arcanine-Hisui, M|
|poke|p1|Porygon2|
|poke|p1|Porygon-Z|
|poke|p2|Darkrai|
|poke|p2|Kingambit, F|
|poke|p2|Samurott-Hisui, M|
|poke|p2|Ting-Lu|
|poke|p2|Tyranitar, M|
|poke|p2|Moltres-Galar|
|teampreview
|inactive|Battle timer is ON: inactive players will automatically lose when time's up. (requested by Hajustin0723)
|
|t:|1776078855
|teamsize|p1|6
|teamsize|p2|6
|start
|switch|p1a: Zapdos|Zapdos-Galar, shiny|100/100
|switch|p2a: Ting-Lu|Ting-Lu, shiny|100/100
|-ability|p2a: Ting-Lu|Vessel of Ruin
|turn|1
|
|t:|1776078864
|move|p1a: Zapdos|Substitute|p1a: Zapdos
|-start|p1a: Zapdos|Substitute
|-damage|p1a: Zapdos|76/100
|move|p2a: Ting-Lu|Stealth Rock|p1a: Zapdos
|-sidestart|p1: gunaitebr|move: Stealth Rock
|
|-heal|p1a: Zapdos|82/100|[from] item: Leftovers
|upkeep
|turn|2
|
|t:|1776078873
|move|p1a: Zapdos|Bulk Up|p1a: Zapdos
|-boost|p1a: Zapdos|atk|1
|-boost|p1a: Zapdos|def|1
|move|p2a: Ting-Lu|Whirlwind|p1a: Zapdos
|drag|p1a: Porygon-Z|Porygon-Z|100/100
|-damage|p1a: Porygon-Z|88/100|[from] Stealth Rock
|-ability|p1a: Porygon-Z|Download|boost
|-boost|p1a: Porygon-Z|spa|1
|
|-heal|p1a: Porygon-Z|94/100|[from] item: Leftovers
|upkeep
|turn|3
|
|t:|1776078888
|move|p1a: Porygon-Z|Ice Beam|p2a: Ting-Lu
|-supereffective|p2a: Ting-Lu
|-damage|p2a: Ting-Lu|62/100
|move|p2a: Ting-Lu|Ruination|p1a: Porygon-Z
|-damage|p1a: Porygon-Z|47/100
|
|-heal|p1a: Porygon-Z|54/100|[from] item: Leftovers
|-heal|p2a: Ting-Lu|68/100|[from] item: Leftovers
|upkeep
|turn|4
|
|t:|1776078900
|move|p1a: Porygon-Z|Protect|p1a: Porygon-Z
|-singleturn|p1a: Porygon-Z|Protect
|move|p2a: Ting-Lu|Whirlwind|p1a: Porygon-Z
|drag|p1a: Zapdos|Zapdos-Galar, shiny|82/100
|-damage|p1a: Zapdos|69/100|[from] Stealth Rock
|
|-heal|p1a: Zapdos|76/100|[from] item: Leftovers
|-heal|p2a: Ting-Lu|74/100|[from] item: Leftovers
|upkeep
|turn|5
|
|t:|1776078911
|move|p1a: Zapdos|Thunderous Kick|p2a: Ting-Lu
|-supereffective|p2a: Ting-Lu
|-damage|p2a: Ting-Lu|28/100
|-unboost|p2a: Ting-Lu|def|1
|move|p2a: Ting-Lu|Whirlwind|p1a: Zapdos
|drag|p1a: Arcanine|Arcanine-Hisui, M|100/100
|-damage|p1a: Arcanine|76/100|[from] Stealth Rock
|
|-heal|p2a: Ting-Lu|34/100|[from] item: Leftovers
|upkeep
|turn|6
|
|t:|1776078927
|-terastallize|p2a: Ting-Lu|Water
|move|p1a: Arcanine|Scorching Sands|p2a: Ting-Lu
|-damage|p2a: Ting-Lu|27/100
|-status|p2a: Ting-Lu|brn
|move|p2a: Ting-Lu|Earthquake|p1a: Arcanine
|-supereffective|p1a: Arcanine
|-damage|p1a: Arcanine|0 fnt
|faint|p1a: Arcanine
|
|-heal|p2a: Ting-Lu|33/100 brn|[from] item: Leftovers
|-damage|p2a: Ting-Lu|27/100 brn|[from] brn
|upkeep
|
|t:|1776078942
|switch|p1a: Porygon-Z|Porygon-Z|54/100
|-damage|p1a: Porygon-Z|41/100|[from] Stealth Rock
|-ability|p1a: Porygon-Z|Download|boost
|-boost|p1a: Porygon-Z|atk|1
|turn|7
|
|t:|1776078948
|move|p1a: Porygon-Z|Discharge|p2a: Ting-Lu
|-supereffective|p2a: Ting-Lu
|-damage|p2a: Ting-Lu|3/100 brn
|move|p2a: Ting-Lu|Whirlwind|p1a: Porygon-Z
|drag|p1a: Gastrodon|Gastrodon, F, shiny|100/100
|-damage|p1a: Gastrodon|94/100|[from] Stealth Rock
|
|-heal|p2a: Ting-Lu|9/100 brn|[from] item: Leftovers
|-heal|p1a: Gastrodon|100/100|[from] item: Leftovers
|-damage|p2a: Ting-Lu|3/100 brn|[from] brn
|upkeep
|turn|8
|
|t:|1776078965
|move|p2a: Ting-Lu|Ruination|p1a: Gastrodon
|-damage|p1a: Gastrodon|50/100
|move|p1a: Gastrodon|Ancient Power|p2a: Ting-Lu
|-damage|p2a: Ting-Lu|0 fnt
|faint|p2a: Ting-Lu
|
|-heal|p1a: Gastrodon|57/100|[from] item: Leftovers
|upkeep
|
|t:|1776078981
|switch|p2a: Darkrai|Darkrai, shiny|100/100
|turn|9
|
|t:|1776078986
|move|p2a: Darkrai|Dark Pulse|p1a: Gastrodon
|-damage|p1a: Gastrodon|14/100
|move|p1a: Gastrodon|Ancient Power|p2a: Darkrai
|-damage|p2a: Darkrai|84/100
|
|-heal|p1a: Gastrodon|20/100|[from] item: Leftovers
|upkeep
|turn|10
|
|t:|1776078994
|move|p2a: Darkrai|Dark Pulse|p1a: Gastrodon
|-damage|p1a: Gastrodon|0 fnt
|faint|p1a: Gastrodon
|
|upkeep
|
|t:|1776079001
|switch|p1a: Zapdos|Zapdos-Galar, shiny|76/100
|-damage|p1a: Zapdos|63/100|[from] Stealth Rock
|turn|11
|
|t:|1776079009
|switch|p2a: Moltres|Moltres-Galar, shiny|100/100
|move|p1a: Zapdos|Thunderous Kick|p2a: Moltres
|-damage|p2a: Moltres|46/100
|-unboost|p2a: Moltres|def|1
|-ability|p2a: Moltres|Berserk|boost
|-boost|p2a: Moltres|spa|1
|-enditem|p2a: Moltres|Sitrus Berry|[eat]
|-heal|p2a: Moltres|71/100|[from] item: Sitrus Berry
|
|-heal|p1a: Zapdos|69/100|[from] item: Leftovers
|upkeep
|turn|12
|
|t:|1776079024
|move|p1a: Zapdos|Substitute|p1a: Zapdos
|-start|p1a: Zapdos|Substitute
|-damage|p1a: Zapdos|44/100
|move|p2a: Moltres|Hurricane|p1a: Zapdos
|-supereffective|p1a: Zapdos
|-end|p1a: Zapdos|Substitute
|
|-heal|p1a: Zapdos|51/100|[from] item: Leftovers
|upkeep
|turn|13
|
|t:|1776079034
|move|p1a: Zapdos|Thunderous Kick|p2a: Moltres
|-damage|p2a: Moltres|0 fnt
|faint|p2a: Moltres
|
|-heal|p1a: Zapdos|57/100|[from] item: Leftovers
|upkeep
|
|t:|1776079037
|switch|p2a: Darkrai|Darkrai, shiny|84/100
|turn|14
|
|t:|1776079045
|move|p2a: Darkrai|Ice Beam|p1a: Zapdos
|-supereffective|p1a: Zapdos
|-damage|p1a: Zapdos|0 fnt
|faint|p1a: Zapdos
|
|upkeep
|
|t:|1776079053
|switch|p1a: Porygon-Z|Porygon-Z|41/100
|-damage|p1a: Porygon-Z|29/100|[from] Stealth Rock
|-ability|p1a: Porygon-Z|Download|boost
|-boost|p1a: Porygon-Z|atk|1
|turn|15
|
|t:|1776079059
|move|p1a: Porygon-Z|Protect|p1a: Porygon-Z
|-singleturn|p1a: Porygon-Z|Protect
|move|p2a: Darkrai|Ice Beam|p1a: Porygon-Z
|-activate|p1a: Porygon-Z|move: Protect
|
|-heal|p1a: Porygon-Z|35/100|[from] item: Leftovers
|upkeep
|turn|16
|
|t:|1776079072
|move|p2a: Darkrai|Ice Beam|p1a: Porygon-Z
|-damage|p1a: Porygon-Z|0 fnt
|faint|p1a: Porygon-Z
|
|upkeep
|
|t:|1776079078
|switch|p1a: Porygon2|Porygon2, shiny|100/100
|-damage|p1a: Porygon2|88/100|[from] Stealth Rock
|-ability|p1a: Porygon2|Download|boost
|-boost|p1a: Porygon2|atk|1
|turn|17
|
|t:|1776079092
|switch|p2a: Samurott|Samurott-Hisui, M, shiny|100/100
|move|p1a: Porygon2|Substitute|p1a: Porygon2
|-start|p1a: Porygon2|Substitute
|-damage|p1a: Porygon2|63/100
|
|upkeep
|turn|18
|
|t:|1776079102
|move|p2a: Samurott|Ceaseless Edge|p1a: Porygon2|[miss]
|-miss|p2a: Samurott|p1a: Porygon2
|move|p1a: Porygon2|Tri Attack|p2a: Samurott
|-damage|p2a: Samurott|80/100
|
|upkeep
|turn|19
|
|t:|1776079116
|move|p2a: Samurott|Ceaseless Edge|p1a: Porygon2
|-end|p1a: Porygon2|Substitute
|-sidestart|p1: gunaitebr|Spikes
|move|p1a: Porygon2|Tri Attack|p2a: Samurott
|-damage|p2a: Samurott|59/100
|
|upkeep
|turn|20
|
|t:|1776079125
|move|p2a: Samurott|Ceaseless Edge|p1a: Porygon2
|-damage|p1a: Porygon2|34/100
|-sidestart|p1: gunaitebr|Spikes
|move|p1a: Porygon2|Tri Attack|p2a: Samurott
|-damage|p2a: Samurott|38/100
|
|upkeep
|turn|21
|
|t:|1776079133
|move|p2a: Samurott|Ceaseless Edge|p1a: Porygon2
|-damage|p1a: Porygon2|5/100
|-sidestart|p1: gunaitebr|Spikes
|move|p1a: Porygon2|Recover|p1a: Porygon2
|-heal|p1a: Porygon2|55/100
|
|upkeep
|turn|22
|
|t:|1776079143
|move|p2a: Samurott|Ceaseless Edge|p1a: Porygon2
|-damage|p1a: Porygon2|26/100
|move|p1a: Porygon2|Recover|p1a: Porygon2
|-heal|p1a: Porygon2|76/100
|
|upkeep
|turn|23
|
|t:|1776079150
|move|p2a: Samurott|Knock Off|p1a: Porygon2
|-damage|p1a: Porygon2|47/100
|-enditem|p1a: Porygon2|Eviolite|[from] move: Knock Off|[of] p2a: Samurott
|move|p1a: Porygon2|Tri Attack|p2a: Samurott
|-damage|p2a: Samurott|16/100
|-status|p2a: Samurott|par
|
|upkeep
|turn|24
|
|t:|1776079159
|move|p2a: Samurott|Sucker Punch||[still]
|-fail|p2a: Samurott
|move|p1a: Porygon2|Recover|p1a: Porygon2
|-heal|p1a: Porygon2|97/100
|
|upkeep
|turn|25
|
|t:|1776079178
|move|p1a: Porygon2|Substitute|p1a: Porygon2
|-start|p1a: Porygon2|Substitute
|-damage|p1a: Porygon2|72/100
|move|p2a: Samurott|Knock Off|p1a: Porygon2
|-end|p1a: Porygon2|Substitute
|
|upkeep
|turn|26
|
|t:|1776079185
|move|p1a: Porygon2|Tri Attack|p2a: Samurott
|-damage|p2a: Samurott|0 fnt
|faint|p2a: Samurott
|
|upkeep
|
|t:|1776079198
|switch|p2a: Tyranitar|Tyranitar, M, shiny|100/100
|-weather|Sandstorm|[from] ability: Sand Stream|[of] p2a: Tyranitar
|turn|27
|
|t:|1776079206
|move|p2a: Tyranitar|Low Kick|p1a: Porygon2
|-supereffective|p1a: Porygon2
|-damage|p1a: Porygon2|0 fnt
|faint|p1a: Porygon2
|
|-weather|Sandstorm|[upkeep]
|upkeep
|
|t:|1776079212
|switch|p1a: Iron Jugulis|Iron Jugulis|100/100
|-damage|p1a: Iron Jugulis|76/100|[from] Stealth Rock
|-enditem|p1a: Iron Jugulis|Booster Energy
|-activate|p1a: Iron Jugulis|ability: Quark Drive|[fromitem]
|-start|p1a: Iron Jugulis|quarkdrivespe
|turn|28
|
|t:|1776079222
|switch|p2a: Kingambit|Kingambit, F, shiny|100/100
|-activate|p2a: Kingambit|ability: Supreme Overlord
|-start|p2a: Kingambit|fallen3|[silent]
|move|p1a: Iron Jugulis|Earth Power|p2a: Kingambit
|-supereffective|p2a: Kingambit
|-damage|p2a: Kingambit|30/100
|
|-weather|Sandstorm|[upkeep]
|-damage|p1a: Iron Jugulis|69/100|[from] Sandstorm
|-heal|p2a: Kingambit|36/100|[from] item: Leftovers
|upkeep
|turn|29
|
|t:|1776079235
|move|p2a: Kingambit|Sucker Punch|p1a: Iron Jugulis
|-resisted|p1a: Iron Jugulis
|-damage|p1a: Iron Jugulis|40/100
|move|p1a: Iron Jugulis|Earth Power|p2a: Kingambit
|-supereffective|p2a: Kingambit
|-damage|p2a: Kingambit|0 fnt
|faint|p2a: Kingambit
|-end|p2a: Kingambit|fallen3|[silent]
|
|-weather|Sandstorm|[upkeep]
|-damage|p1a: Iron Jugulis|34/100|[from] Sandstorm
|upkeep
|
|t:|1776079241
|switch|p2a: Tyranitar|Tyranitar, M, shiny|100/100
|turn|30
|
|t:|1776079253
|-terastallize|p1a: Iron Jugulis|Fairy
|move|p1a: Iron Jugulis|Earth Power|p2a: Tyranitar
|-supereffective|p2a: Tyranitar
|-damage|p2a: Tyranitar|63/100
|move|p2a: Tyranitar|Ice Punch|p1a: Iron Jugulis
|-damage|p1a: Iron Jugulis|0 fnt
|faint|p1a: Iron Jugulis
|-end|p1a: Iron Jugulis|Quark Drive|[silent]
|
|win|Hajustin0723
|raw|gunaitebr's rating: 1164 &rarr; <strong>1140</strong><br />(-24 for losing)
|raw|Hajustin0723's rating: 1175 &rarr; <strong>1199</strong><br />(+24 for winning)
|l|☆Hajustin0723
|player|p2|
|l|☆gunaitebr
|player|p1|
