|html|<div class="broadcast-blue"><strong>[Gen 9] OU is currently suspecting Tera Blast! For information on how to participate check out the <a href="https://www.smogon.com/tools/suspects/view/200">suspect thread</a>.</strong></div>
|j|☆Alpha1Tango88888
|j|☆cwilky55
|t:|1776058273
|gametype|singles
|player|p1|Alpha1Tango88888|fisherman-gen4|1069
|player|p2|cwilky55|1|1140
|gen|9
|tier|[Gen 9] OU
|rated|
|rule|HP Percentage Mod: HP is shown in percentages
|rule|Endless Battle Clause: Forcing endless battles is banned
|rule|Species Clause: Limit one of each Pokémon
|rule|OHKO Clause: OHKO moves are banned
|rule|Evasion Items Clause: Evasion items are banned
|rule|Evasion Moves Clause: Evasion moves are banned
|rule|Evasion Abilities Clause: Evasion abilities are banned
|rule|Sleep Moves Clause: Sleep-inducing moves are banned
|clearpoke
|poke|p1|Great Tusk|
|poke|p1|Polteageist|
|poke|p1|Minior|
|poke|p1|Tornadus-Therian, M|
|poke|p1|Dragonite, M|
|poke|p1|Cresselia, F|
|poke|p2|Chandelure, M|
|poke|p2|Grimmsnarl, M|
|poke|p2|Sandy Shocks|
|poke|p2|Reuniclus, M|
|poke|p2|Goodra, M|
|poke|p2|Glimmora, F|
|teampreview
|
|t:|1776058292
|teamsize|p1|6
|teamsize|p2|6
|start
|switch|p1a: Minior|Minior|100/100
|switch|p2a: Glimmora|Glimmora, F|100/100
|-formechange|p1a: Minior|Minior-Meteor||[from] ability: Shields Down
|turn|1
|
|t:|1776058306
|move|p2a: Glimmora|Stealth Rock|p1a: Minior
|-sidestart|p1: Alpha1Tango88888|move: Stealth Rock
|move|p1a: Minior|Shell Smash|p1a: Minior
|-unboost|p1a: Minior|def|1
|-unboost|p1a: Minior|spd|1
|-boost|p1a: Minior|atk|2
|-boost|p1a: Minior|spa|2
|-boost|p1a: Minior|spe|2
|
|upkeep
|turn|2
|
|t:|1776058322
|move|p1a: Minior|Earthquake|p2a: Glimmora
|-supereffective|p2a: Glimmora
|-enditem|p2a: Glimmora|Focus Sash
|-damage|p2a: Glimmora|1/100
|-activate|p2a: Glimmora|ability: Toxic Debris
|-sidestart|p1: Alpha1Tango88888|move: Toxic Spikes
|move|p2a: Glimmora|Power Gem|p1a: Minior
|-supereffective|p1a: Minior
|-enditem|p1a: Minior|Focus Sash
|-damage|p1a: Minior|1/100
|
|-formechange|p1a: Minior|Minior||[from] ability: Shields Down
|upkeep
|turn|3
|
|t:|1776058338
|move|p2a: Glimmora|Spiky Shield|p2a: Glimmora
|-singleturn|p2a: Glimmora|move: Protect
|move|p1a: Minior|Earthquake|p2a: Glimmora
|-activate|p2a: Glimmora|move: Protect
|
|upkeep
|turn|4
|
|t:|1776058361
|move|p1a: Minior|Earthquake|p2a: Glimmora
|-supereffective|p2a: Glimmora
|-damage|p2a: Glimmora|0 fnt
|-activate|p2a: Glimmora|ability: Toxic Debris
|-sidestart|p1: Alpha1Tango88888|move: Toxic Spikes
|faint|p2a: Glimmora
|
|upkeep
|
|t:|1776058380
|switch|p2a: Reuniclus|Reuniclus, M|100/100
|turn|5
|
|t:|1776058393
|move|p1a: Minior|Explosion|p2a: Reuniclus
|-damage|p2a: Reuniclus|5/100
|faint|p1a: Minior
|move|p2a: Reuniclus|Psychic|p1: Minior|[notarget]
|-fail|p2a: Reuniclus
|
|upkeep
|
|t:|1776058403
|switch|p1a: Great Tusk|Great Tusk|100/100
|turn|6
|
|t:|1776058415
|switch|p2a: Chandelure|Chandelure, M|100/100
|move|p1a: Great Tusk|Rapid Spin|p2a: Chandelure
|-immune|p2a: Chandelure
|
|upkeep
|turn|7
|
|t:|1776058442
|move|p1a: Great Tusk|Headlong Rush|p2a: Chandelure
|-supereffective|p2a: Chandelure
|-damage|p2a: Chandelure|0 fnt
|-unboost|p1a: Great Tusk|def|1
|-unboost|p1a: Great Tusk|spd|1
|faint|p2a: Chandelure
|
|upkeep
|
|t:|1776058471
|switch|p2a: Grimmsnarl|Grimmsnarl, M|100/100
|turn|8
|
|t:|1776058488
|move|p1a: Great Tusk|Rapid Spin|p2a: Grimmsnarl
|-damage|p2a: Grimmsnarl|82/100
|-boost|p1a: Great Tusk|spe|1
|-sideend|p1: Alpha1Tango88888|Toxic Spikes|[from] move: Rapid Spin|[of] p1a: Great Tusk
|-sideend|p1: Alpha1Tango88888|Stealth Rock|[from] move: Rapid Spin|[of] p1a: Great Tusk
|move|p2a: Grimmsnarl|Play Rough|p1a: Great Tusk
|-supereffective|p1a: Great Tusk
|-damage|p1a: Great Tusk|18/100
|
|-heal|p2a: Grimmsnarl|88/100|[from] item: Leftovers
|upkeep
|turn|9
|
|t:|1776058507
|move|p2a: Grimmsnarl|Reflect|p2a: Grimmsnarl
|-sidestart|p2: cwilky55|Reflect
|move|p1a: Great Tusk|Head Smash|p2a: Grimmsnarl
|-damage|p2a: Grimmsnarl|62/100
|-damage|p1a: Great Tusk|4/100|[from] Recoil
|
|-heal|p2a: Grimmsnarl|68/100|[from] item: Leftovers
|upkeep
|turn|10
|
|t:|1776058525
|move|p2a: Grimmsnarl|Light Screen|p2a: Grimmsnarl
|-sidestart|p2: cwilky55|move: Light Screen
|move|p1a: Great Tusk|Headlong Rush|p2a: Grimmsnarl
|-damage|p2a: Grimmsnarl|35/100
|-unboost|p1a: Great Tusk|def|1
|-unboost|p1a: Great Tusk|spd|1
|
|-heal|p2a: Grimmsnarl|41/100|[from] item: Leftovers
|upkeep
|turn|11
|
|t:|1776058537
|move|p1a: Great Tusk|Headlong Rush|p2a: Grimmsnarl
|-damage|p2a: Grimmsnarl|7/100
|-unboost|p1a: Great Tusk|def|1
|-unboost|p1a: Great Tusk|spd|1
|move|p2a: Grimmsnarl|Play Rough|p1a: Great Tusk
|-supereffective|p1a: Great Tusk
|-damage|p1a: Great Tusk|0 fnt
|faint|p1a: Great Tusk
|-end|p1a: Great Tusk|Protosynthesis|[silent]
|
|-heal|p2a: Grimmsnarl|13/100|[from] item: Leftovers
|upkeep
|
|t:|1776058565
|switch|p1a: Tornadus|Tornadus-Therian, M|100/100
|turn|12
|
|t:|1776058572
|move|p2a: Grimmsnarl|Sucker Punch||[still]
|-fail|p2a: Grimmsnarl
|move|p1a: Tornadus|Tailwind|p1a: Tornadus
|-sidestart|p1: Alpha1Tango88888|move: Tailwind
|
|-heal|p2a: Grimmsnarl|19/100|[from] item: Leftovers
|upkeep
|turn|13
|-message|cwilky55 forfeited.
|
|win|Alpha1Tango88888
|raw|Alpha1Tango88888's rating: 1069 &rarr; <strong>1105</strong><br />(+36 for winning)
|raw|cwilky55's rating: 1140 &rarr; <strong>1110</strong><br />(-30 for losing)
|l|☆cwilky55
|player|p2|
|l|☆Alpha1Tango88888
|player|p1|
