|html|<div class="broadcast-blue"><strong>[Gen 9] OU is currently suspecting Volcarona! For information on how to participate check out the <a href="https://www.smogon.com/tools/suspects/view/208">suspect thread</a>.</strong></div>
|j|☆jkreyes1
|j|‽Jonthan Ringo
|t:|1778509742
|gametype|singles
|player|p1|jkreyes1|volkner|1495
|player|p2|Jonthan Ringo|lucas|1459
|gen|9
|tier|[Gen 9] OU
|rated|
|rule|HP Percentage Mod: HP is shown in percentages
|rule|Endless Battle Clause: Forcing endless battles is banned
|rule|Species Clause: Limit one of each Pokémon
|rule|OHKO Clause: OHKO moves are banned
|rule|Evasion Items Clause: Evasion items are banned
|rule|Evasion Moves Clause: Evasion moves are banned
|rule|Evasion Abilities Clause: Evasion abilities are banned
|rule|Sleep Moves Clause: Sleep-inducing moves are banned
|clearpoke
|poke|p1|Gastrodon-East, M|
|poke|p1|Hippowdon, F|
|poke|p1|Landorus-Therian, M|
|poke|p1|Tyranitar, M|
|poke|p1|Zapdos|
|poke|p1|Excadrill, M|
|poke|p2|Garchomp, F|
|poke|p2|Gholdengo|
|poke|p2|Greninja-*, M|
|poke|p2|Great Tusk|
|poke|p2|Latios, M|
|poke|p2|Scizor, M|
|teampreview
|inactive|Battle timer is ON: inactive players will automatically lose when time's up. (requested by Jonthan Ringo)
|
|t:|1778509751
|teamsize|p1|6
|teamsize|p2|6
|start
|switch|p1a: Landorus|Landorus-Therian, M, shiny|100/100
|switch|p2a: Garchomp|Garchomp, F|100/100
|-ability|p1a: Landorus|Intimidate|boost
|-unboost|p2a: Garchomp|atk|1
|turn|1
|
|t:|1778509753
|move|p1a: Landorus|Earthquake|p2a: Garchomp
|-damage|p2a: Garchomp|49/100
|move|p2a: Garchomp|Stealth Rock|p1a: Landorus
|-sidestart|p1: jkreyes1|move: Stealth Rock
|
|upkeep
|turn|2
|
|t:|1778509758
|move|p1a: Landorus|Earthquake|p2a: Garchomp
|-damage|p2a: Garchomp|0 fnt
|faint|p2a: Garchomp
|
|upkeep
|
|t:|1778509762
|switch|p2a: Greninja|Greninja, M|100/100
|turn|3
|
|t:|1778509768
|switch|p1a: Gastrodon|Gastrodon-East, M, shiny|100/100
|-damage|p1a: Gastrodon|94/100|[from] Stealth Rock
|move|p2a: Greninja|Dark Pulse|p1a: Gastrodon
|-damage|p1a: Gastrodon|67/100
|
|-heal|p1a: Gastrodon|73/100|[from] item: Leftovers
|upkeep
|turn|4
|
|t:|1778509775
|move|p2a: Greninja|Grass Knot|p1a: Gastrodon
|-supereffective|p1a: Gastrodon
|-damage|p1a: Gastrodon|23/100
|move|p1a: Gastrodon|Recover|p1a: Gastrodon
|-heal|p1a: Gastrodon|73/100
|
|-heal|p1a: Gastrodon|79/100|[from] item: Leftovers
|upkeep
|turn|5
|
|t:|1778509780
|switch|p1a: Tyranitar|Tyranitar, M, shiny|100/100
|-damage|p1a: Tyranitar|88/100|[from] Stealth Rock
|-weather|Sandstorm|[from] ability: Sand Stream|[of] p1a: Tyranitar
|move|p2a: Greninja|Grass Knot|p1a: Tyranitar
|-supereffective|p1a: Tyranitar
|-crit|p1a: Tyranitar
|-damage|p1a: Tyranitar|28/100
|
|-weather|Sandstorm|[upkeep]
|-damage|p2a: Greninja|95/100|[from] Sandstorm
|upkeep
|turn|6
|
|t:|1778509787
|move|p2a: Greninja|Grass Knot|p1a: Tyranitar
|-supereffective|p1a: Tyranitar
|-damage|p1a: Tyranitar|0 fnt
|faint|p1a: Tyranitar
|-ability|p2a: Greninja|Battle Bond|boost
|-boost|p2a: Greninja|atk|1
|-boost|p2a: Greninja|spa|1
|-boost|p2a: Greninja|spe|1
|-activate|p2a: Greninja|ability: Battle Bond
|
|-weather|Sandstorm|[upkeep]
|-damage|p2a: Greninja|89/100|[from] Sandstorm
|upkeep
|
|t:|1778509806
|switch|p1a: Excadrill|Excadrill, M, shiny|100/100
|-damage|p1a: Excadrill|97/100|[from] Stealth Rock
|turn|7
|
|t:|1778509808
|-terastallize|p2a: Greninja|Water
|move|p2a: Greninja|Water Shuriken|p1a: Excadrill
|-supereffective|p1a: Excadrill
|-damage|p1a: Excadrill|62/100
|-supereffective|p1a: Excadrill
|-damage|p1a: Excadrill|25/100
|-supereffective|p1a: Excadrill
|-damage|p1a: Excadrill|0 fnt
|faint|p1a: Excadrill
|-hitcount|p1: Excadrill|3
|
|-weather|Sandstorm|[upkeep]
|-damage|p2a: Greninja|83/100|[from] Sandstorm
|upkeep
|
|t:|1778509814
|switch|p1a: Zapdos|Zapdos, shiny|100/100
|-damage|p1a: Zapdos|76/100|[from] Stealth Rock
|turn|8
|
|t:|1778509817
|move|p2a: Greninja|Ice Beam|p1a: Zapdos
|-supereffective|p1a: Zapdos
|-damage|p1a: Zapdos|2/100
|move|p1a: Zapdos|Volt Switch|p2a: Greninja
|-supereffective|p2a: Greninja
|-damage|p2a: Greninja|0 fnt
|faint|p2a: Greninja
|
|t:|1778509822
|switch|p1a: Landorus|Landorus-Therian, M, shiny|100/100|[from] Volt Switch
|-damage|p1a: Landorus|88/100|[from] Stealth Rock
|
|-weather|Sandstorm|[upkeep]
|upkeep
|
|t:|1778509827
|switch|p2a: Latios|Latios, M, shiny|100/100
|turn|9
|
|t:|1778509839
|move|p1a: Landorus|U-turn|p2a: Latios
|-supereffective|p2a: Latios
|-damage|p2a: Latios|25/100
|
|t:|1778509843
|switch|p1a: Zapdos|Zapdos, shiny|2/100|[from] U-turn
|-damage|p1a: Zapdos|0 fnt|[from] Stealth Rock
|faint|p1a: Zapdos
|move|p2a: Latios|Draco Meteor|p1: Zapdos|[notarget]
|-fail|p2a: Latios
|
|-weather|Sandstorm|[upkeep]
|-damage|p2a: Latios|19/100|[from] Sandstorm
|upkeep
|
|t:|1778509847
|switch|p1a: Landorus|Landorus-Therian, M, shiny|88/100
|-damage|p1a: Landorus|75/100|[from] Stealth Rock
|-ability|p1a: Landorus|Intimidate|boost
|-unboost|p2a: Latios|atk|1
|turn|10
|
|t:|1778509853
|switch|p2a: Scizor|Scizor, M|100/100
|move|p1a: Landorus|U-turn|p2a: Scizor
|-resisted|p2a: Scizor
|-damage|p2a: Scizor|87/100
|inactive|jkreyes1 has 120 seconds left.
|
|t:|1778509895
|switch|p1a: Hippowdon|Hippowdon, F, shiny|100/100|[from] U-turn
|-damage|p1a: Hippowdon|94/100|[from] Stealth Rock
|
|-weather|Sandstorm|[upkeep]
|upkeep
|turn|11
|
|t:|1778509899
|move|p2a: Scizor|Swords Dance|p2a: Scizor
|-boost|p2a: Scizor|atk|2
|move|p1a: Hippowdon|Stealth Rock|p2a: Scizor
|-sidestart|p2: Jonthan Ringo|move: Stealth Rock
|
|-weather|Sandstorm|[upkeep]
|upkeep
|turn|12
|
|t:|1778509911
|move|p2a: Scizor|Knock Off|p1a: Hippowdon
|-damage|p1a: Hippowdon|58/100
|-damage|p2a: Scizor|70/100|[from] item: Rocky Helmet|[of] p1a: Hippowdon
|-enditem|p1a: Hippowdon|Rocky Helmet|[from] move: Knock Off|[of] p2a: Scizor
|move|p1a: Hippowdon|Earthquake|p2a: Scizor
|-damage|p2a: Scizor|31/100
|
|-weather|none
|upkeep
|turn|13
|
|t:|1778509919
|move|p2a: Scizor|Bullet Punch|p1a: Hippowdon
|-crit|p1a: Hippowdon
|-damage|p1a: Hippowdon|7/100
|move|p1a: Hippowdon|Earthquake|p2a: Scizor
|-damage|p2a: Scizor|0 fnt
|faint|p2a: Scizor
|
|upkeep
|
|t:|1778509922
|switch|p2a: Great Tusk|Great Tusk|100/100
|-damage|p2a: Great Tusk|98/100|[from] Stealth Rock
|-enditem|p2a: Great Tusk|Booster Energy
|-activate|p2a: Great Tusk|ability: Protosynthesis|[fromitem]
|-start|p2a: Great Tusk|protosynthesisspe
|turn|14
|
|t:|1778509927
|move|p2a: Great Tusk|Rapid Spin|p1a: Hippowdon
|-crit|p1a: Hippowdon
|-damage|p1a: Hippowdon|0 fnt
|-boost|p2a: Great Tusk|spe|1
|-sideend|p2: Jonthan Ringo|Stealth Rock|[from] move: Rapid Spin|[of] p2a: Great Tusk
|faint|p1a: Hippowdon
|
|upkeep
|
|t:|1778509930
|switch|p1a: Gastrodon|Gastrodon-East, M, shiny|79/100
|-damage|p1a: Gastrodon|73/100|[from] Stealth Rock
|turn|15
|
|t:|1778509943
|-end|p2a: Great Tusk|Protosynthesis|[silent]
|switch|p2a: Gholdengo|Gholdengo|100/100
|-item|p2a: Gholdengo|Air Balloon
|move|p1a: Gastrodon|Ice Beam|p2a: Gholdengo
|-resisted|p2a: Gholdengo
|-damage|p2a: Gholdengo|89/100
|-enditem|p2a: Gholdengo|Air Balloon
|
|-heal|p1a: Gastrodon|79/100|[from] item: Leftovers
|upkeep
|turn|16
|
|t:|1778509956
|move|p2a: Gholdengo|Shadow Ball|p1a: Gastrodon
|-damage|p1a: Gastrodon|41/100
|move|p1a: Gastrodon|Earth Power|p2a: Gholdengo
|-supereffective|p2a: Gholdengo
|-damage|p2a: Gholdengo|13/100
|
|-heal|p1a: Gastrodon|47/100|[from] item: Leftovers
|upkeep
|turn|17
|
|t:|1778509962
|move|p2a: Gholdengo|Make It Rain|p1a: Gastrodon
|-resisted|p1a: Gastrodon
|-damage|p1a: Gastrodon|23/100
|-unboost|p2a: Gholdengo|spa|1
|move|p1a: Gastrodon|Recover|p1a: Gastrodon
|-heal|p1a: Gastrodon|73/100
|
|-heal|p1a: Gastrodon|79/100|[from] item: Leftovers
|upkeep
|turn|18
|
|t:|1778509968
|switch|p2a: Latios|Latios, M, shiny|19/100
|move|p1a: Gastrodon|Spikes|p2a: Latios
|-sidestart|p2: Jonthan Ringo|Spikes
|
|-heal|p1a: Gastrodon|85/100|[from] item: Leftovers
|upkeep
|turn|19
|
|t:|1778509970
|move|p2a: Latios|Psychic Noise|p1a: Gastrodon
|-damage|p1a: Gastrodon|47/100
|-start|p1a: Gastrodon|move: Heal Block
|-damage|p2a: Latios|9/100|[from] item: Life Orb
|cant|p1a: Gastrodon|move: Heal Block|Recover
|
|upkeep
|turn|20
|
|t:|1778509978
|switch|p1a: Landorus|Landorus-Therian, M, shiny|75/100
|-damage|p1a: Landorus|63/100|[from] Stealth Rock
|-ability|p1a: Landorus|Intimidate|boost
|-unboost|p2a: Latios|atk|1
|move|p2a: Latios|Draco Meteor|p1a: Landorus|[miss]
|-miss|p2a: Latios|p1a: Landorus
|
|upkeep
|turn|21
|
|t:|1778509986
|switch|p2a: Gholdengo|Gholdengo|13/100
|-damage|p2a: Gholdengo|1/100|[from] Spikes
|move|p1a: Landorus|U-turn|p2a: Gholdengo
|-resisted|p2a: Gholdengo
|-damage|p2a: Gholdengo|0 fnt
|faint|p2a: Gholdengo
|
|t:|1778509990
|switch|p1a: Gastrodon|Gastrodon-East, M, shiny|47/100|[from] U-turn
|-damage|p1a: Gastrodon|41/100|[from] Stealth Rock
|
|-heal|p1a: Gastrodon|47/100|[from] item: Leftovers
|upkeep
|
|t:|1778509996
|switch|p2a: Latios|Latios, M, shiny|9/100
|turn|22
|
|t:|1778510001
|switch|p1a: Landorus|Landorus-Therian, M, shiny|63/100
|-damage|p1a: Landorus|50/100|[from] Stealth Rock
|-ability|p1a: Landorus|Intimidate|boost
|-unboost|p2a: Latios|atk|1
|move|p2a: Latios|Recover|p2a: Latios
|-heal|p2a: Latios|59/100
|
|upkeep
|turn|23
|
|t:|1778510017
|switch|p2a: Great Tusk|Great Tusk|98/100
|-damage|p2a: Great Tusk|85/100|[from] Spikes
|move|p1a: Landorus|U-turn|p2a: Great Tusk
|-resisted|p2a: Great Tusk
|-damage|p2a: Great Tusk|76/100
|
|t:|1778510021
|switch|p1a: Gastrodon|Gastrodon-East, M, shiny|47/100|[from] U-turn
|-damage|p1a: Gastrodon|41/100|[from] Stealth Rock
|
|-heal|p1a: Gastrodon|47/100|[from] item: Leftovers
|upkeep
|turn|24
|
|t:|1778510024
|move|p2a: Great Tusk|Rapid Spin|p1a: Gastrodon
|-damage|p1a: Gastrodon|34/100
|-boost|p2a: Great Tusk|spe|1
|-sideend|p2: Jonthan Ringo|Spikes|[from] move: Rapid Spin|[of] p2a: Great Tusk
|move|p1a: Gastrodon|Recover|p1a: Gastrodon
|-heal|p1a: Gastrodon|84/100
|
|-heal|p1a: Gastrodon|90/100|[from] item: Leftovers
|upkeep
|turn|25
|
|t:|1778510029
|move|p2a: Great Tusk|Knock Off|p1a: Gastrodon
|-damage|p1a: Gastrodon|62/100
|-enditem|p1a: Gastrodon|Leftovers|[from] move: Knock Off|[of] p2a: Great Tusk
|move|p1a: Gastrodon|Ice Beam|p2a: Great Tusk
|-supereffective|p2a: Great Tusk
|-damage|p2a: Great Tusk|26/100
|
|upkeep
|turn|26
|
|t:|1778510038
|-end|p2a: Great Tusk|Protosynthesis|[silent]
|switch|p2a: Latios|Latios, M, shiny|59/100
|move|p1a: Gastrodon|Recover|p1a: Gastrodon
|-heal|p1a: Gastrodon|100/100
|
|upkeep
|turn|27
|
|t:|1778510043
|move|p2a: Latios|Draco Meteor|p1a: Gastrodon|[miss]
|-miss|p2a: Latios|p1a: Gastrodon
|move|p1a: Gastrodon|Ice Beam|p2a: Latios
|-supereffective|p2a: Latios
|-damage|p2a: Latios|20/100
|
|upkeep
|turn|28
|
|t:|1778510047
|move|p2a: Latios|Recover|p2a: Latios
|-heal|p2a: Latios|70/100
|move|p1a: Gastrodon|Ice Beam|p2a: Latios
|-supereffective|p2a: Latios
|-damage|p2a: Latios|30/100
|
|upkeep
|turn|29
|
|t:|1778510049
|move|p2a: Latios|Recover|p2a: Latios
|-heal|p2a: Latios|80/100
|move|p1a: Gastrodon|Ice Beam|p2a: Latios
|-supereffective|p2a: Latios
|-damage|p2a: Latios|38/100
|
|upkeep
|turn|30
|
|t:|1778510053
|move|p2a: Latios|Recover|p2a: Latios
|-heal|p2a: Latios|88/100
|move|p1a: Gastrodon|Ice Beam|p2a: Latios
|-supereffective|p2a: Latios
|-damage|p2a: Latios|43/100
|
|upkeep
|turn|31
|
|t:|1778510062
|move|p2a: Latios|Recover|p2a: Latios
|-heal|p2a: Latios|93/100
|move|p1a: Gastrodon|Ice Beam|p2a: Latios
|-supereffective|p2a: Latios
|-damage|p2a: Latios|49/100
|
|upkeep
|turn|32
|
|t:|1778510068
|move|p2a: Latios|Draco Meteor|p1a: Gastrodon
|-damage|p1a: Gastrodon|34/100
|-unboost|p2a: Latios|spa|2
|-damage|p2a: Latios|39/100|[from] item: Life Orb
|move|p1a: Gastrodon|Ice Beam|p2a: Latios
|-supereffective|p2a: Latios
|-damage|p2a: Latios|0 fnt
|faint|p2a: Latios
|
|upkeep
|
|t:|1778510071
|switch|p2a: Great Tusk|Great Tusk|26/100
|turn|33
|
|t:|1778510074
|move|p2a: Great Tusk|Headlong Rush|p1a: Gastrodon
|-damage|p1a: Gastrodon|0 fnt
|-unboost|p2a: Great Tusk|def|1
|-unboost|p2a: Great Tusk|spd|1
|faint|p1a: Gastrodon
|
|upkeep
|
|t:|1778510078
|switch|p1a: Landorus|Landorus-Therian, M, shiny|50/100
|-damage|p1a: Landorus|38/100|[from] Stealth Rock
|-ability|p1a: Landorus|Intimidate|boost
|-unboost|p2a: Great Tusk|atk|1
|turn|34
|
|t:|1778510081
|move|p1a: Landorus|Earthquake|p2a: Great Tusk
|-crit|p2a: Great Tusk
|-damage|p2a: Great Tusk|0 fnt
|faint|p2a: Great Tusk
|-end|p2a: Great Tusk|Protosynthesis|[silent]
|
|win|jkreyes1
|raw|jkreyes1's rating: 1471 &rarr; <strong>1490</strong><br />(+19 for winning)
|raw|Jonthan Ringo's rating: 1459 &rarr; <strong>1440</strong><br />(-19 for losing)
|l|‽Jonthan Ringo
|player|p2|
|l|☆jkreyes1
|player|p1|
