|html|<div class="broadcast-blue"><strong>[Gen 9] OU is currently suspecting Tera Blast! For information on how to participate check out the <a href="https://www.smogon.com/tools/suspects/view/200">suspect thread</a>.</strong></div>
|j|☆Elsquidwardo
|j|☆Princessjosie1001!
|t:|1776118349
|gametype|singles
|player|p1|Elsquidwardo|plasmagrunt|1623
|player|p2|Princessjosie1001!|nurse|1551
|gen|9
|tier|[Gen 9] OU
|rated|
|rule|HP Percentage Mod: HP is shown in percentages
|rule|Endless Battle Clause: Forcing endless battles is banned
|rule|Species Clause: Limit one of each Pokémon
|rule|OHKO Clause: OHKO moves are banned
|rule|Evasion Items Clause: Evasion items are banned
|rule|Evasion Moves Clause: Evasion moves are banned
|rule|Evasion Abilities Clause: Evasion abilities are banned
|rule|Sleep Moves Clause: Sleep-inducing moves are banned
|clearpoke
|poke|p1|Zamazenta-*|
|poke|p1|Weezing-Galar, F|
|poke|p1|Garganacl, F|
|poke|p1|Raging Bolt|
|poke|p1|Rillaboom, M|
|poke|p1|Kingambit, F|
|poke|p2|Polteageist|
|poke|p2|Cloyster, F|
|poke|p2|Salazzle, F|
|poke|p2|Espeon, M|
|poke|p2|Jirachi|
|poke|p2|Dragonite, M|
|teampreview
|j| ohko_smeargle
|
|t:|1776118361
|teamsize|p1|6
|teamsize|p2|6
|start
|switch|p1a: Rillaboom|Rillaboom, M|100/100
|switch|p2a: Jirachi|Jirachi|100/100
|-fieldstart|move: Grassy Terrain|[from] ability: Grassy Surge|[of] p1a: Rillaboom
|turn|1
|
|t:|1776118367
|move|p2a: Jirachi|Iron Head|p1a: Rillaboom
|-damage|p1a: Rillaboom|60/100
|cant|p1a: Rillaboom|flinch
|
|-heal|p1a: Rillaboom|66/100|[from] Grassy Terrain
|upkeep
|turn|2
|
|t:|1776118374
|move|p2a: Jirachi|Iron Head|p1a: Rillaboom
|-damage|p1a: Rillaboom|27/100
|move|p1a: Rillaboom|Knock Off|p2a: Jirachi
|-supereffective|p2a: Jirachi
|-damage|p2a: Jirachi|0 fnt
|-enditem|p2a: Jirachi|Choice Scarf|[from] move: Knock Off|[of] p1a: Rillaboom
|faint|p2a: Jirachi
|
|-heal|p1a: Rillaboom|33/100|[from] Grassy Terrain
|upkeep
|
|t:|1776118385
|switch|p2a: No hazard allowed|Espeon, M|100/100
|turn|3
|
|t:|1776118392
|switch|p1a: Kingambit|Kingambit, F|100/100
|move|p2a: No hazard allowed|Psychic|p1a: Kingambit
|-immune|p1a: Kingambit
|
|upkeep
|turn|4
|
|t:|1776118398
|switch|p2a: Salazzle|Salazzle, F|100/100
|-end|p1a: Kingambit|fallenundefined|[silent]
|switch|p1a: Garganacl|Garganacl, F|100/100
|
|upkeep
|turn|5
|
|t:|1776118403
|switch|p2a: No hazard allowed|Espeon, M|100/100
|move|p1a: Garganacl|Salt Cure|p2a: No hazard allowed
|-damage|p2a: No hazard allowed|72/100
|-start|p2a: No hazard allowed|Salt Cure
|
|-heal|p2a: No hazard allowed|78/100|[from] Grassy Terrain
|-damage|p2a: No hazard allowed|66/100|[from] Salt Cure
|-fieldend|move: Grassy Terrain
|upkeep
|turn|6
|
|t:|1776118412
|move|p1a: Garganacl|Protect|p1a: Garganacl
|-singleturn|p1a: Garganacl|Protect
|move|p2a: No hazard allowed|Trick|p1a: Garganacl
|-activate|p1a: Garganacl|move: Protect
|
|-damage|p2a: No hazard allowed|54/100|[from] Salt Cure
|upkeep
|turn|7
|
|t:|1776118420
|switch|p1a: Rillaboom|Rillaboom, M|33/100
|-fieldstart|move: Grassy Terrain|[from] ability: Grassy Surge|[of] p1a: Rillaboom
|move|p2a: No hazard allowed|Trick|p1a: Rillaboom
|-activate|p2a: No hazard allowed|move: Trick|[of] p1a: Rillaboom
|-item|p1a: Rillaboom|Choice Scarf|[from] move: Trick
|-item|p2a: No hazard allowed|Choice Band|[from] move: Trick
|
|-heal|p1a: Rillaboom|39/100|[from] Grassy Terrain
|-heal|p2a: No hazard allowed|60/100|[from] Grassy Terrain
|-damage|p2a: No hazard allowed|48/100|[from] Salt Cure
|upkeep
|turn|8
|
|t:|1776118430
|move|p1a: Rillaboom|U-turn|p2a: No hazard allowed
|-supereffective|p2a: No hazard allowed
|-damage|p2a: No hazard allowed|0 fnt
|faint|p2a: No hazard allowed
|
|t:|1776118435
|switch|p1a: Garganacl|Garganacl, F|100/100|[from] U-turn
|
|upkeep
|
|t:|1776118441
|switch|p2a: Dragonite|Dragonite, M|100/100
|turn|9
|
|t:|1776118447
|move|p2a: Dragonite|Dragon Dance|p2a: Dragonite
|-boost|p2a: Dragonite|atk|1
|-boost|p2a: Dragonite|spe|1
|move|p1a: Garganacl|Salt Cure|p2a: Dragonite
|-supereffective|p2a: Dragonite
|-damage|p2a: Dragonite|84/100
|-start|p2a: Dragonite|Salt Cure
|-enditem|p2a: Dragonite|Weakness Policy
|-boost|p2a: Dragonite|atk|2|[from] item: Weakness Policy
|-boost|p2a: Dragonite|spa|2|[from] item: Weakness Policy
|
|-damage|p2a: Dragonite|71/100|[from] Salt Cure
|upkeep
|turn|10
|
|t:|1776118456
|move|p2a: Dragonite|Earthquake|p1a: Garganacl
|-supereffective|p1a: Garganacl
|-damage|p1a: Garganacl|30/100
|move|p1a: Garganacl|Stealth Rock|p2a: Dragonite
|-sidestart|p2: Princessjosie1001!|move: Stealth Rock
|
|-heal|p1a: Garganacl|36/100|[from] Grassy Terrain
|-heal|p1a: Garganacl|43/100|[from] item: Leftovers
|-damage|p2a: Dragonite|59/100|[from] Salt Cure
|upkeep
|turn|11
|
|t:|1776118466
|move|p1a: Garganacl|Protect|p1a: Garganacl
|-singleturn|p1a: Garganacl|Protect
|move|p2a: Dragonite|Dragon Dance|p2a: Dragonite
|-boost|p2a: Dragonite|atk|1
|-boost|p2a: Dragonite|spe|1
|
|-heal|p1a: Garganacl|49/100|[from] Grassy Terrain
|-heal|p1a: Garganacl|55/100|[from] item: Leftovers
|-damage|p2a: Dragonite|47/100|[from] Salt Cure
|-fieldend|move: Grassy Terrain
|upkeep
|turn|12
|
|t:|1776118475
|switch|p1a: Weezing|Weezing-Galar, F|100/100
|move|p2a: Dragonite|Earthquake|p1a: Weezing
|-immune|p1a: Weezing|[from] ability: Levitate
|
|-damage|p2a: Dragonite|34/100|[from] Salt Cure
|upkeep
|turn|13
|
|t:|1776118483
|move|p2a: Dragonite|Extreme Speed|p1a: Weezing
|-damage|p1a: Weezing|41/100
|-damage|p2a: Dragonite|18/100|[from] item: Rocky Helmet|[of] p1a: Weezing
|move|p1a: Weezing|Strange Steam|p2a: Dragonite
|-supereffective|p2a: Dragonite
|-damage|p2a: Dragonite|0 fnt
|faint|p2a: Dragonite
|
|upkeep
|
|t:|1776118501
|switch|p2a: Polteageist|Polteageist|100/100
|-damage|p2a: Polteageist|88/100|[from] Stealth Rock
|turn|14
|
|t:|1776118508
|switch|p1a: Rillaboom|Rillaboom, M|39/100
|-fieldstart|move: Grassy Terrain|[from] ability: Grassy Surge|[of] p1a: Rillaboom
|move|p2a: Polteageist|Shell Smash|p2a: Polteageist
|-unboost|p2a: Polteageist|def|1
|-unboost|p2a: Polteageist|spd|1
|-boost|p2a: Polteageist|atk|2
|-boost|p2a: Polteageist|spa|2
|-boost|p2a: Polteageist|spe|2
|
|-heal|p2a: Polteageist|94/100|[from] Grassy Terrain
|-heal|p1a: Rillaboom|45/100|[from] Grassy Terrain
|upkeep
|turn|15
|
|t:|1776118518
|move|p1a: Rillaboom|Grassy Glide|p2a: Polteageist
|-damage|p2a: Polteageist|0 fnt
|faint|p2a: Polteageist
|
|-heal|p1a: Rillaboom|51/100|[from] Grassy Terrain
|upkeep
|
|t:|1776118525
|switch|p2a: Cloyster|Cloyster, F|100/100
|-damage|p2a: Cloyster|76/100|[from] Stealth Rock
|turn|16
|
|t:|1776118530
|-terastallize|p2a: Cloyster|Ice
|move|p1a: Rillaboom|Grassy Glide|p2a: Cloyster
|-damage|p2a: Cloyster|44/100
|move|p2a: Cloyster|Shell Smash|p2a: Cloyster
|-unboost|p2a: Cloyster|def|1
|-unboost|p2a: Cloyster|spd|1
|-boost|p2a: Cloyster|atk|2
|-boost|p2a: Cloyster|spa|2
|-boost|p2a: Cloyster|spe|2
|
|-heal|p2a: Cloyster|50/100|[from] Grassy Terrain
|-heal|p1a: Rillaboom|57/100|[from] Grassy Terrain
|upkeep
|turn|17
|
|t:|1776118542
|move|p2a: Cloyster|Ice Shard|p1a: Rillaboom
|-supereffective|p1a: Rillaboom
|-damage|p1a: Rillaboom|0 fnt
|faint|p1a: Rillaboom
|
|-heal|p2a: Cloyster|57/100|[from] Grassy Terrain
|upkeep
|
|t:|1776118547
|switch|p1a: Zamazenta|Zamazenta|100/100
|-ability|p1a: Zamazenta|Dauntless Shield|boost
|-boost|p1a: Zamazenta|def|1
|turn|18
|
|t:|1776118551
|move|p2a: Cloyster|Icicle Spear|p1a: Zamazenta
|-damage|p1a: Zamazenta|83/100
|-damage|p1a: Zamazenta|67/100
|-damage|p1a: Zamazenta|49/100
|-damage|p1a: Zamazenta|32/100
|-damage|p1a: Zamazenta|15/100
|-hitcount|p1a: Zamazenta|5
|move|p1a: Zamazenta|Body Press|p2a: Cloyster
|-supereffective|p2a: Cloyster
|-damage|p2a: Cloyster|0 fnt
|faint|p2a: Cloyster
|
|-heal|p1a: Zamazenta|21/100|[from] Grassy Terrain
|-heal|p1a: Zamazenta|27/100|[from] item: Leftovers
|-fieldend|move: Grassy Terrain
|upkeep
|-message|Princessjosie1001! forfeited.
|
|win|Elsquidwardo
|raw|Elsquidwardo's rating: 1623 &rarr; <strong>1639</strong><br />(+16 for winning)
|raw|Princessjosie1001!'s rating: 1551 &rarr; <strong>1535</strong><br />(-16 for losing)
|l|☆Princessjosie1001!
|player|p2|
|l| ohko_smeargle
|l|☆Elsquidwardo
|player|p1|
