|html|<div class="broadcast-blue"><strong>[Gen 9] OU is currently suspecting Tera Blast! For information on how to participate check out the <a href="https://www.smogon.com/tools/suspects/view/200">suspect thread</a>.</strong></div>
|j|☆niersighted
|j|☆dragonyuk
|t:|1776107584
|gametype|singles
|player|p1|niersighted|iris-gen5bw2|1329
|player|p2|dragonyuk|1|1431
|gen|9
|tier|[Gen 9] OU
|rated|
|rule|HP Percentage Mod: HP is shown in percentages
|rule|Endless Battle Clause: Forcing endless battles is banned
|rule|Species Clause: Limit one of each Pokémon
|rule|OHKO Clause: OHKO moves are banned
|rule|Evasion Items Clause: Evasion items are banned
|rule|Evasion Moves Clause: Evasion moves are banned
|rule|Evasion Abilities Clause: Evasion abilities are banned
|rule|Sleep Moves Clause: Sleep-inducing moves are banned
|clearpoke
|poke|p1|Dragonite, F|
|poke|p1|Weezing-Galar, F|
|poke|p1|Gliscor, F|
|poke|p1|Hoopa-Unbound|
|poke|p1|Iron Treads|
|poke|p1|Gholdengo|
|poke|p2|Magneton|
|poke|p2|Psyduck, M|
|poke|p2|Toxapex, M|
|poke|p2|Zoroark-Hisui, M|
|poke|p2|Maushold|
|poke|p2|Hitmontop, M|
|teampreview
|inactive|Battle timer is ON: inactive players will automatically lose when time's up. (requested by dragonyuk)
|
|t:|1776107619
|teamsize|p1|6
|teamsize|p2|6
|start
|switch|p1a: Gliscor|Gliscor, F|100/100
|switch|p2a: Actually useless|Hitmontop, M|100/100
|turn|1
|
|t:|1776107625
|switch|p1a: Weezing|Weezing-Galar, F|100/100
|-ability|p1a: Weezing|Neutralizing Gas
|move|p2a: Actually useless|Triple Axel|p1a: Weezing
|-damage|p1a: Weezing|97/100
|-damage|p1a: Weezing|89/100
|-damage|p1a: Weezing|77/100
|-hitcount|p1a: Weezing|3
|
|upkeep
|turn|2
|
|t:|1776107635
|switch|p2a: DA WALL|Toxapex, M|100/100
|move|p1a: Weezing|Will-O-Wisp|p2a: DA WALL
|-status|p2a: DA WALL|brn
|
|-damage|p2a: DA WALL|94/100 brn|[from] brn
|upkeep
|turn|3
|c|☆dragonyuk|norway
|
|t:|1776107652
|-end|p1a: Weezing|ability: Neutralizing Gas
|switch|p1a: Gholdengo|Gholdengo|100/100
|-item|p1a: Gholdengo|Air Balloon
|move|p2a: DA WALL|Gunk Shot|p1a: Gholdengo
|-immune|p1a: Gholdengo
|
|-damage|p2a: DA WALL|88/100 brn|[from] brn
|upkeep
|turn|4
|
|t:|1776107658
|switch|p2a: Family|Maushold|100/100
|move|p1a: Gholdengo|Nasty Plot|p1a: Gholdengo
|-boost|p1a: Gholdengo|spa|2
|
|upkeep
|turn|5
|
|t:|1776107663
|move|p2a: Family|Shadow Ball|p1a: Gholdengo
|-supereffective|p1a: Gholdengo
|-damage|p1a: Gholdengo|0 fnt
|-enditem|p1a: Gholdengo|Air Balloon
|faint|p1a: Gholdengo
|
|upkeep
|
|t:|1776107677
|switch|p1a: Gliscor|Gliscor, F|100/100
|turn|6
|
|t:|1776107685
|move|p2a: Family|Shadow Ball|p1a: Gliscor
|-damage|p1a: Gliscor|51/100
|-unboost|p1a: Gliscor|spd|1
|move|p1a: Gliscor|Spikes|p2a: Family
|-sidestart|p2: dragonyuk|Spikes
|
|-status|p1a: Gliscor|tox|[from] item: Toxic Orb
|upkeep
|turn|7
|
|t:|1776107693
|switch|p1a: Hoopa|Hoopa-Unbound|100/100
|move|p2a: Family|Shadow Ball|p1a: Hoopa
|-damage|p1a: Hoopa|71/100
|
|upkeep
|turn|8
|
|t:|1776107697
|switch|p2a: DA WALL|Toxapex, M|100/100 brn
|-damage|p2a: DA WALL|88/100 brn|[from] Spikes
|move|p1a: Hoopa|Drain Punch|p2a: DA WALL
|-resisted|p2a: DA WALL
|-damage|p2a: DA WALL|77/100 brn
|-heal|p1a: Hoopa|75/100|[from] drain|[of] p2a: DA WALL
|
|-damage|p2a: DA WALL|71/100 brn|[from] brn
|upkeep
|turn|9
|
|t:|1776107702
|move|p1a: Hoopa|Psychic Noise|p2a: DA WALL
|-supereffective|p2a: DA WALL
|-damage|p2a: DA WALL|0 fnt
|faint|p2a: DA WALL
|
|upkeep
|
|t:|1776107720
|switch|p2a: Family|Maushold|100/100
|-damage|p2a: Family|88/100|[from] Spikes
|turn|10
|
|t:|1776107731
|switch|p1a: Gliscor|Gliscor, F|51/100 tox
|move|p2a: Family|Population Bomb|p1a: Gliscor
|-damage|p1a: Gliscor|43/100 tox
|-damage|p1a: Gliscor|34/100 tox
|-damage|p1a: Gliscor|25/100 tox
|-damage|p1a: Gliscor|17/100 tox
|-damage|p1a: Gliscor|8/100 tox
|-damage|p1a: Gliscor|0 fnt
|faint|p1a: Gliscor
|-hitcount|p1: Gliscor|6
|
|upkeep
|
|t:|1776107747
|switch|p1a: Iron Treads|Iron Treads|100/100
|turn|11
|
|t:|1776107754
|move|p2a: Family|Tidy Up|p2a: Family
|-sideend|p2: dragonyuk|Spikes
|-activate|p2a: Family|move: Tidy Up
|-boost|p2a: Family|atk|1
|-boost|p2a: Family|spe|1
|move|p1a: Iron Treads|Stealth Rock|p2a: Family
|-sidestart|p2: dragonyuk|move: Stealth Rock
|
|upkeep
|turn|12
|
|t:|1776107766
|move|p2a: Family|Tidy Up|p2a: Family
|-sideend|p2: dragonyuk|Stealth Rock
|-activate|p2a: Family|move: Tidy Up
|-boost|p2a: Family|atk|1
|-boost|p2a: Family|spe|1
|move|p1a: Iron Treads|Knock Off|p2a: Family
|-damage|p2a: Family|44/100
|-enditem|p2a: Family|Wide Lens|[from] move: Knock Off|[of] p1a: Iron Treads
|
|upkeep
|turn|13
|
|t:|1776107772
|move|p2a: Family|Low Kick|p1a: Iron Treads
|-supereffective|p1a: Iron Treads
|-damage|p1a: Iron Treads|0 fnt
|faint|p1a: Iron Treads
|-end|p1a: Iron Treads|Quark Drive|[silent]
|
|upkeep
|
|t:|1776107779
|switch|p1a: Weezing|Weezing-Galar, F|77/100
|-ability|p1a: Weezing|Neutralizing Gas
|turn|14
|
|t:|1776107785
|move|p2a: Family|Population Bomb|p1a: Weezing
|-damage|p1a: Weezing|66/100
|-hitcount|p1a: Weezing|1
|move|p1a: Weezing|Sludge Bomb|p2a: Family
|-damage|p2a: Family|6/100
|
|upkeep
|turn|15
|
|t:|1776107790
|move|p2a: Family|Population Bomb|p1a: Weezing
|-damage|p1a: Weezing|57/100
|-damage|p1a: Weezing|47/100
|-damage|p1a: Weezing|36/100
|-damage|p1a: Weezing|26/100
|-hitcount|p1a: Weezing|4
|move|p1a: Weezing|Sludge Bomb|p2a: Family
|-damage|p2a: Family|0 fnt
|faint|p2a: Family
|
|upkeep
|
|t:|1776107802
|switch|p2a: DA GOAT|Magneton, shiny|100/100
|turn|16
|
|t:|1776107807
|move|p2a: DA GOAT|Volt Switch|p1a: Weezing
|-damage|p1a: Weezing|0 fnt
|faint|p1a: Weezing
|-end|p1a: Weezing|ability: Neutralizing Gas
|
|t:|1776107810
|switch|p2a: FEAR ME|Psyduck, M|100/100|[from] Volt Switch
|-ability|p2a: FEAR ME|Cloud Nine
|
|upkeep
|
|t:|1776107816
|switch|p1a: Dragonite|Dragonite, F|100/100
|turn|17
|
|t:|1776107824
|move|p2a: FEAR ME|Knock Off|p1a: Dragonite
|-damage|p1a: Dragonite|94/100
|-enditem|p1a: Dragonite|Heavy-Duty Boots|[from] move: Knock Off|[of] p2a: FEAR ME
|move|p1a: Dragonite|Dragon Tail|p2a: FEAR ME
|-damage|p2a: FEAR ME|21/100
|drag|p2a: DA GOAT|Magneton, shiny|100/100
|
|upkeep
|turn|18
|
|t:|1776107836
|move|p2a: DA GOAT|Shadow Ball|p1a: Dragonite
|-damage|p1a: Dragonite|40/100
|-unboost|p1a: Dragonite|spd|1
|move|p1a: Dragonite|Earthquake|p2a: DA GOAT
|-damage|p2a: DA GOAT|27/100
|replace|p2a: Bark bark|Zoroark-Hisui, M
|-end|p2a: Bark bark|Illusion
|
|upkeep
|turn|19
|
|t:|1776107857
|-terastallize|p1a: Dragonite|Normal
|move|p2a: Bark bark|Shadow Ball|p1a: Dragonite
|-immune|p1a: Dragonite
|move|p1a: Dragonite|Earthquake|p2a: Bark bark
|-damage|p2a: Bark bark|0 fnt
|faint|p2a: Bark bark
|
|upkeep
|
|t:|1776107861
|switch|p2a: Actually useless|Hitmontop, M|100/100
|turn|20
|
|t:|1776107865
|switch|p1a: Hoopa|Hoopa-Unbound|75/100
|move|p2a: Actually useless|Mach Punch|p1a: Hoopa
|-damage|p1a: Hoopa|43/100
|
|upkeep
|turn|21
|
|t:|1776107874
|-terastallize|p2a: Actually useless|Steel
|move|p2a: Actually useless|Triple Axel|p1a: Hoopa
|-damage|p1a: Hoopa|33/100
|-hitcount|p1a: Hoopa|1
|move|p1a: Hoopa|Psychic Noise|p2a: Actually useless
|-resisted|p2a: Actually useless
|-damage|p2a: Actually useless|74/100
|-start|p2a: Actually useless|move: Heal Block
|
|upkeep
|turn|22
|
|t:|1776107884
|move|p2a: Actually useless|Earthquake|p1a: Hoopa
|-damage|p1a: Hoopa|0 fnt
|faint|p1a: Hoopa
|
|-end|p2a: Actually useless|move: Heal Block
|upkeep
|
|t:|1776107887
|switch|p1a: Dragonite|Dragonite, F, tera:Normal|40/100
|turn|23
|
|t:|1776107891
|move|p2a: Actually useless|Mach Punch|p1a: Dragonite
|-supereffective|p1a: Dragonite
|-damage|p1a: Dragonite|0 fnt
|faint|p1a: Dragonite
|
|win|dragonyuk
|raw|niersighted's rating: 1329 &rarr; <strong>1315</strong><br />(-14 for losing)
|raw|dragonyuk's rating: 1431 &rarr; <strong>1445</strong><br />(+14 for winning)
|l|☆dragonyuk
|player|p2|
|l|☆niersighted
|player|p1|
