|html|<div class="broadcast-blue"><strong>[Gen 9] OU is currently suspecting Tera Blast! For information on how to participate check out the <a href="https://www.smogon.com/tools/suspects/view/200">suspect thread</a>.</strong></div>
|badge|p2|bronze|gen9ou|100-9
|uhtml|medal-msg|<div class="broadcast-blue">Curious what those medals under the avatar are? PS now has Ladder Seasons! For more information, check out the <a href="https://www.smogon.com/forums/threads/3740067/">thread on Smogon.</a></div>
|j|☆Blastoise_Choice
|j|☆flan727
|t:|1776084736
|gametype|singles
|player|p1|Blastoise_Choice|benga|1693
|player|p2|flan727|miku-ghost|1884
|gen|9
|tier|[Gen 9] OU
|rated|
|rule|HP Percentage Mod: HP is shown in percentages
|rule|Endless Battle Clause: Forcing endless battles is banned
|rule|Species Clause: Limit one of each Pokémon
|rule|OHKO Clause: OHKO moves are banned
|rule|Evasion Items Clause: Evasion items are banned
|rule|Evasion Moves Clause: Evasion moves are banned
|rule|Evasion Abilities Clause: Evasion abilities are banned
|rule|Sleep Moves Clause: Sleep-inducing moves are banned
|clearpoke
|poke|p1|Hydrapple, M|
|poke|p1|Tyranitar, F|
|poke|p1|Moltres|
|poke|p1|Zamazenta-*|
|poke|p1|Slowking-Galar, F|
|poke|p1|Excadrill, F|
|poke|p2|Raging Bolt|
|poke|p2|Great Tusk|
|poke|p2|Gholdengo|
|poke|p2|Ting-Lu|
|poke|p2|Dragonite, M|
|poke|p2|Iron Moth|
|teampreview
|c|☆flan727|hf
|c|☆Blastoise_Choice|hf
|inactive|Battle timer is ON: inactive players will automatically lose when time's up. (requested by Blastoise_Choice)
|
|t:|1776084748
|teamsize|p1|6
|teamsize|p2|6
|start
|switch|p1a: Zamazenta|Zamazenta|100/100
|switch|p2a: Bergentruck|Ting-Lu|100/100
|-ability|p1a: Zamazenta|Dauntless Shield|boost
|-boost|p1a: Zamazenta|def|1
|-ability|p2a: Bergentruck|Vessel of Ruin
|turn|1
|
|t:|1776084755
|move|p1a: Zamazenta|Crunch|p2a: Bergentruck
|-resisted|p2a: Bergentruck
|-damage|p2a: Bergentruck|95/100
|move|p2a: Bergentruck|Stealth Rock|p1a: Zamazenta
|-sidestart|p1: Blastoise_Choice|move: Stealth Rock
|
|upkeep
|turn|2
|
|t:|1776084762
|move|p1a: Zamazenta|Crunch|p2a: Bergentruck
|-resisted|p2a: Bergentruck
|-damage|p2a: Bergentruck|89/100
|move|p2a: Bergentruck|Ruination|p1a: Zamazenta|[miss]
|-miss|p2a: Bergentruck|p1a: Zamazenta
|
|upkeep
|turn|3
|
|t:|1776084769
|move|p1a: Zamazenta|Body Press|p2a: Bergentruck
|-supereffective|p2a: Bergentruck
|-damage|p2a: Bergentruck|31/100
|-enditem|p2a: Bergentruck|Weakness Policy
|-boost|p2a: Bergentruck|atk|2|[from] item: Weakness Policy
|-boost|p2a: Bergentruck|spa|2|[from] item: Weakness Policy
|move|p2a: Bergentruck|Ruination|p1a: Zamazenta
|-damage|p1a: Zamazenta|51/100
|
|-heal|p1a: Zamazenta|57/100|[from] item: Leftovers
|upkeep
|turn|4
|
|t:|1776084777
|switch|p2a: Djengo Unrained|Gholdengo|100/100
|-item|p2a: Djengo Unrained|Air Balloon
|move|p1a: Zamazenta|Body Press|p2a: Djengo Unrained
|-immune|p2a: Djengo Unrained
|
|-heal|p1a: Zamazenta|63/100|[from] item: Leftovers
|upkeep
|turn|5
|
|t:|1776084783
|move|p1a: Zamazenta|Crunch|p2a: Djengo Unrained
|-supereffective|p2a: Djengo Unrained
|-damage|p2a: Djengo Unrained|55/100
|-enditem|p2a: Djengo Unrained|Air Balloon
|move|p2a: Djengo Unrained|Shadow Ball|p1a: Zamazenta
|-damage|p1a: Zamazenta|19/100
|
|-heal|p1a: Zamazenta|25/100|[from] item: Leftovers
|upkeep
|turn|6
|j| amimec
|
|t:|1776084791
|move|p1a: Zamazenta|Crunch|p2a: Djengo Unrained
|-supereffective|p2a: Djengo Unrained
|-damage|p2a: Djengo Unrained|10/100
|move|p2a: Djengo Unrained|Shadow Ball|p1a: Zamazenta
|-crit|p1a: Zamazenta
|-damage|p1a: Zamazenta|0 fnt
|faint|p1a: Zamazenta
|
|upkeep
|
|t:|1776084798
|switch|p1a: Excadrill|Excadrill, F|100/100
|-damage|p1a: Excadrill|97/100|[from] Stealth Rock
|-item|p1a: Excadrill|Air Balloon
|turn|7
|
|t:|1776084804
|switch|p2a: Nah I'd spin|Great Tusk|100/100
|-enditem|p2a: Nah I'd spin|Booster Energy
|-activate|p2a: Nah I'd spin|ability: Protosynthesis|[fromitem]
|-start|p2a: Nah I'd spin|protosynthesisspe
|move|p1a: Excadrill|Iron Head|p2a: Nah I'd spin
|-damage|p2a: Nah I'd spin|76/100
|
|upkeep
|turn|8
|
|t:|1776084811
|move|p2a: Nah I'd spin|Bulk Up|p2a: Nah I'd spin
|-boost|p2a: Nah I'd spin|atk|1
|-boost|p2a: Nah I'd spin|def|1
|move|p1a: Excadrill|Rapid Spin|p2a: Nah I'd spin
|-damage|p2a: Nah I'd spin|69/100
|-boost|p1a: Excadrill|spe|1
|-sideend|p1: Blastoise_Choice|Stealth Rock|[from] move: Rapid Spin|[of] p1a: Excadrill
|
|upkeep
|turn|9
|
|t:|1776084818
|switch|p1a: Hydrapple|Hydrapple, M|100/100
|move|p2a: Nah I'd spin|Bulk Up|p2a: Nah I'd spin
|-boost|p2a: Nah I'd spin|atk|1
|-boost|p2a: Nah I'd spin|def|1
|
|upkeep
|turn|10
|
|t:|1776084824
|switch|p1a: Moltres|Moltres|100/100
|move|p2a: Nah I'd spin|Stone Edge|p1a: Moltres
|-supereffective|p1a: Moltres
|-damage|p1a: Moltres|0 fnt
|faint|p1a: Moltres
|
|upkeep
|
|t:|1776084831
|switch|p1a: Hydrapple|Hydrapple, M|100/100
|turn|11
|
|t:|1776084838
|-end|p2a: Nah I'd spin|Protosynthesis|[silent]
|switch|p2a: Tuca Donca|Iron Moth|100/100
|-enditem|p2a: Tuca Donca|Booster Energy
|-activate|p2a: Tuca Donca|ability: Quark Drive|[fromitem]
|-start|p2a: Tuca Donca|quarkdrivespe
|move|p1a: Hydrapple|Fickle Beam|p2a: Tuca Donca
|-damage|p2a: Tuca Donca|65/100
|
|upkeep
|turn|12
|
|t:|1776084844
|switch|p1a: Tyranitar|Tyranitar, F|100/100
|-weather|Sandstorm|[from] ability: Sand Stream|[of] p1a: Tyranitar
|move|p2a: Tuca Donca|Dazzling Gleam|p1a: Tyranitar
|-supereffective|p1a: Tyranitar
|-damage|p1a: Tyranitar|79/100
|
|-weather|Sandstorm|[upkeep]
|-damage|p2a: Tuca Donca|59/100|[from] Sandstorm
|upkeep
|turn|13
|
|t:|1776084851
|move|p2a: Tuca Donca|Dazzling Gleam|p1a: Tyranitar
|-supereffective|p1a: Tyranitar
|-crit|p1a: Tyranitar
|-damage|p1a: Tyranitar|46/100
|move|p1a: Tyranitar|Stealth Rock|p2a: Tuca Donca
|-sidestart|p2: flan727|move: Stealth Rock
|
|-weather|Sandstorm|[upkeep]
|-damage|p2a: Tuca Donca|53/100|[from] Sandstorm
|upkeep
|turn|14
|
|t:|1776084858
|move|p2a: Tuca Donca|Dazzling Gleam|p1a: Tyranitar
|-supereffective|p1a: Tyranitar
|-damage|p1a: Tyranitar|22/100
|move|p1a: Tyranitar|Knock Off|p2a: Tuca Donca
|-damage|p2a: Tuca Donca|10/100
|
|-weather|Sandstorm|[upkeep]
|-damage|p2a: Tuca Donca|4/100|[from] Sandstorm
|upkeep
|turn|15
|
|t:|1776084866
|move|p2a: Tuca Donca|Dazzling Gleam|p1a: Tyranitar
|-supereffective|p1a: Tyranitar
|-damage|p1a: Tyranitar|0 fnt
|faint|p1a: Tyranitar
|
|-weather|Sandstorm|[upkeep]
|-damage|p2a: Tuca Donca|0 fnt|[from] Sandstorm
|faint|p2a: Tuca Donca
|-end|p2a: Tuca Donca|Quark Drive|[silent]
|upkeep
|
|t:|1776084876
|switch|p2a: Nah I'd spin|Great Tusk|69/100
|switch|p1a: Excadrill|Excadrill, F|97/100
|-item|p1a: Excadrill|Air Balloon
|-damage|p2a: Nah I'd spin|66/100|[from] Stealth Rock
|turn|16
|
|t:|1776084882
|move|p1a: Excadrill|Swords Dance|p1a: Excadrill
|-boost|p1a: Excadrill|atk|2
|move|p2a: Nah I'd spin|Stone Edge|p1a: Excadrill
|-resisted|p1a: Excadrill
|-damage|p1a: Excadrill|87/100
|-enditem|p1a: Excadrill|Air Balloon
|
|-weather|Sandstorm|[upkeep]
|upkeep
|turn|17
|
|t:|1776084894
|-end|p2a: Nah I'd spin|Protosynthesis|[silent]
|switch|p2a: Bergentruck|Ting-Lu|31/100
|-damage|p2a: Bergentruck|25/100|[from] Stealth Rock
|-ability|p2a: Bergentruck|Vessel of Ruin
|move|p1a: Excadrill|Earthquake|p2a: Bergentruck
|-damage|p2a: Bergentruck|0 fnt
|faint|p2a: Bergentruck
|
|-weather|Sandstorm|[upkeep]
|upkeep
|
|t:|1776084896
|switch|p2a: Saber|Dragonite, M|100/100
|turn|18
|
|t:|1776084902
|move|p1a: Excadrill|Iron Head|p2a: Saber
|-crit|p2a: Saber
|-damage|p2a: Saber|35/100
|move|p2a: Saber|Earthquake|p1a: Excadrill
|-supereffective|p1a: Excadrill
|-damage|p1a: Excadrill|0 fnt
|faint|p1a: Excadrill
|
|-weather|Sandstorm|[upkeep]
|-damage|p2a: Saber|29/100|[from] Sandstorm
|upkeep
|
|t:|1776084910
|switch|p1a: Slowking|Slowking-Galar, F|100/100
|turn|19
|
|t:|1776084916
|-terastallize|p1a: Slowking|Grass
|move|p2a: Saber|Earthquake|p1a: Slowking
|-resisted|p1a: Slowking
|-damage|p1a: Slowking|88/100
|move|p1a: Slowking|Psyshock|p2a: Saber
|-damage|p2a: Saber|0 fnt
|faint|p2a: Saber
|
|-weather|none
|upkeep
|
|t:|1776084923
|switch|p2a: Djengo Unrained|Gholdengo|10/100
|-damage|p2a: Djengo Unrained|4/100|[from] Stealth Rock
|turn|20
|
|t:|1776084929
|switch|p1a: Hydrapple|Hydrapple, M|100/100
|move|p2a: Djengo Unrained|Recover|p2a: Djengo Unrained
|-heal|p2a: Djengo Unrained|55/100
|
|upkeep
|turn|21
|
|t:|1776084938
|switch|p2a: Nah I'd spin|Great Tusk|66/100
|-damage|p2a: Nah I'd spin|63/100|[from] Stealth Rock
|move|p1a: Hydrapple|Earth Power|p2a: Nah I'd spin
|-damage|p2a: Nah I'd spin|29/100
|
|upkeep
|turn|22
|
|t:|1776084945
|move|p2a: Nah I'd spin|Taunt|p1a: Hydrapple
|-start|p1a: Hydrapple|move: Taunt
|cant|p1a: Hydrapple|move: Taunt|Nasty Plot
|
|upkeep
|turn|23
|
|t:|1776084948
|switch|p1a: Slowking|Slowking-Galar, F, tera:Grass|100/100
|move|p2a: Nah I'd spin|Stone Edge|p1a: Slowking|[miss]
|-miss|p2a: Nah I'd spin|p1a: Slowking
|
|upkeep
|turn|24
|
|t:|1776084952
|switch|p1a: Hydrapple|Hydrapple, M|100/100
|move|p2a: Nah I'd spin|Stone Edge|p1a: Hydrapple
|-damage|p1a: Hydrapple|84/100
|
|upkeep
|turn|25
|
|t:|1776084956
|move|p2a: Nah I'd spin|Taunt|p1a: Hydrapple
|-start|p1a: Hydrapple|move: Taunt
|move|p1a: Hydrapple|Earth Power|p2a: Nah I'd spin
|-damage|p2a: Nah I'd spin|0 fnt
|faint|p2a: Nah I'd spin
|-end|p2a: Nah I'd spin|Protosynthesis|[silent]
|
|upkeep
|
|t:|1776084957
|switch|p2a: Angry Nut|Raging Bolt|100/100
|-damage|p2a: Angry Nut|88/100|[from] Stealth Rock
|-enditem|p2a: Angry Nut|Booster Energy
|-activate|p2a: Angry Nut|ability: Protosynthesis|[fromitem]
|-start|p2a: Angry Nut|protosynthesisspa
|turn|26
|
|t:|1776084968
|move|p2a: Angry Nut|Dragon Pulse|p1a: Hydrapple
|-supereffective|p1a: Hydrapple
|-damage|p1a: Hydrapple|0 fnt
|faint|p1a: Hydrapple
|
|upkeep
|
|t:|1776084975
|switch|p1a: Slowking|Slowking-Galar, F, tera:Grass|100/100
|turn|27
|
|t:|1776084981
|move|p2a: Angry Nut|Dragon Pulse|p1a: Slowking
|-damage|p1a: Slowking|66/100
|move|p1a: Slowking|Ice Beam|p2a: Angry Nut
|-supereffective|p2a: Angry Nut
|-damage|p2a: Angry Nut|43/100
|
|upkeep
|turn|28
|
|t:|1776084988
|move|p2a: Angry Nut|Dragon Pulse|p1a: Slowking
|-damage|p1a: Slowking|30/100
|move|p1a: Slowking|Sludge Bomb|p2a: Angry Nut
|-crit|p2a: Angry Nut
|-damage|p2a: Angry Nut|0 fnt
|faint|p2a: Angry Nut
|-end|p2a: Angry Nut|Protosynthesis|[silent]
|
|upkeep
|
|t:|1776084990
|switch|p2a: Djengo Unrained|Gholdengo|55/100
|-damage|p2a: Djengo Unrained|49/100|[from] Stealth Rock
|turn|29
|
|t:|1776084996
|-terastallize|p2a: Djengo Unrained|Steel
|move|p2a: Djengo Unrained|Make It Rain|p1a: Slowking
|-crit|p1a: Slowking
|-damage|p1a: Slowking|0 fnt
|-unboost|p2a: Djengo Unrained|spa|1
|faint|p1a: Slowking
|
|win|flan727
|raw|Blastoise_Choice's rating: 1693 &rarr; <strong>1683</strong><br />(-10 for losing)
|raw|flan727's rating: 1884 &rarr; <strong>1894</strong><br />(+10 for winning)
|c|☆Blastoise_Choice|gg
