|html|<div class="broadcast-blue"><strong>[Gen 9] OU is currently suspecting Tera Blast! For information on how to participate check out the <a href="https://www.smogon.com/tools/suspects/view/200">suspect thread</a>.</strong></div>
|j|☆Raygyun
|j|☆Arkhalion
|t:|1776278676
|gametype|singles
|player|p1|Raygyun|102|1196
|player|p2|Arkhalion|steven|1220
|gen|9
|tier|[Gen 9] OU
|rated|
|rule|HP Percentage Mod: HP is shown in percentages
|rule|Endless Battle Clause: Forcing endless battles is banned
|rule|Species Clause: Limit one of each Pokémon
|rule|OHKO Clause: OHKO moves are banned
|rule|Evasion Items Clause: Evasion items are banned
|rule|Evasion Moves Clause: Evasion moves are banned
|rule|Evasion Abilities Clause: Evasion abilities are banned
|rule|Sleep Moves Clause: Sleep-inducing moves are banned
|clearpoke
|poke|p1|Clefable, F|
|poke|p1|Dragonite, F|
|poke|p1|Skarmory, F|
|poke|p1|Gliscor, F|
|poke|p1|Blissey, F|
|poke|p1|Pecharunt|
|poke|p2|Glimmora, F|
|poke|p2|Kyurem|
|poke|p2|Samurott-Hisui, M|
|poke|p2|Iron Moth|
|poke|p2|Kingambit, F|
|poke|p2|Dragonite, M|
|teampreview
|inactive|Battle timer is ON: inactive players will automatically lose when time's up. (requested by Arkhalion)
|inactive|Raygyun also wants the timer to be on.
|
|t:|1776278683
|teamsize|p1|6
|teamsize|p2|6
|start
|switch|p1a: Gliscor|Gliscor, F|100/100
|switch|p2a: Glimmora|Glimmora, F|100/100
|turn|1
|
|t:|1776278703
|move|p2a: Glimmora|Stealth Rock|p1a: Gliscor
|-sidestart|p1: Raygyun|move: Stealth Rock
|move|p1a: Gliscor|Knock Off|p2a: Glimmora
|-damage|p2a: Glimmora|77/100
|-activate|p2a: Glimmora|ability: Toxic Debris
|-sidestart|p1: Raygyun|move: Toxic Spikes
|-enditem|p2a: Glimmora|Focus Sash|[from] move: Knock Off|[of] p1a: Gliscor
|
|-status|p1a: Gliscor|tox|[from] item: Toxic Orb
|upkeep
|turn|2
|
|t:|1776278706
|move|p2a: Glimmora|Power Gem|p1a: Gliscor
|-damage|p1a: Gliscor|64/100 tox
|move|p1a: Gliscor|Spikes|p2a: Glimmora
|-sidestart|p2: Arkhalion|Spikes
|
|-heal|p1a: Gliscor|77/100 tox|[from] ability: Poison Heal
|upkeep
|turn|3
|
|t:|1776278708
|move|p2a: Glimmora|Power Gem|p1a: Gliscor
|-damage|p1a: Gliscor|39/100 tox
|move|p1a: Gliscor|Knock Off|p2a: Glimmora
|-damage|p2a: Glimmora|59/100
|-activate|p2a: Glimmora|ability: Toxic Debris
|-sidestart|p1: Raygyun|move: Toxic Spikes
|
|-heal|p1a: Gliscor|52/100 tox|[from] ability: Poison Heal
|upkeep
|turn|4
|
|t:|1776278712
|move|p1a: Gliscor|Protect|p1a: Gliscor
|-singleturn|p1a: Gliscor|Protect
|move|p2a: Glimmora|Power Gem|p1a: Gliscor
|-activate|p1a: Gliscor|move: Protect
|
|-heal|p1a: Gliscor|64/100 tox|[from] ability: Poison Heal
|upkeep
|turn|5
|
|t:|1776278719
|switch|p1a: Blissey|Blissey, F|100/100
|move|p2a: Glimmora|Power Gem|p1a: Blissey
|-damage|p1a: Blissey|88/100
|
|upkeep
|turn|6
|
|t:|1776278724
|move|p2a: Glimmora|Mortal Spin|p1a: Blissey
|-damage|p1a: Blissey|83/100
|-status|p1a: Blissey|psn
|-sideend|p2: Arkhalion|Spikes|[from] move: Mortal Spin|[of] p2a: Glimmora
|move|p1a: Blissey|Seismic Toss|p2a: Glimmora
|-damage|p2a: Glimmora|27/100
|
|-damage|p1a: Blissey|70/100 psn|[from] psn
|upkeep
|turn|7
|
|t:|1776278731
|move|p2a: Glimmora|Power Gem|p1a: Blissey
|-damage|p1a: Blissey|58/100 psn
|move|p1a: Blissey|Soft-Boiled|p1a: Blissey
|-heal|p1a: Blissey|100/100 psn
|
|-damage|p1a: Blissey|88/100 psn|[from] psn
|upkeep
|turn|8
|
|t:|1776278743
|move|p2a: Glimmora|Power Gem|p1a: Blissey
|-damage|p1a: Blissey|75/100 psn
|move|p1a: Blissey|Seismic Toss|p2a: Glimmora
|-damage|p2a: Glimmora|0 fnt
|faint|p2a: Glimmora
|
|-damage|p1a: Blissey|62/100 psn|[from] psn
|upkeep
|
|t:|1776278753
|switch|p2a: Samurott|Samurott-Hisui, M|100/100
|turn|9
|l|☆Raygyun
|inactive|Raygyun disconnected and has a minute to reconnect!
|player|p1|
|j|☆Raygyun
|inactive|Raygyun reconnected and has 140 seconds left.
|player|p1|Raygyun|102|
|
|t:|1776278771
|-curestatus|p1a: Blissey|psn|[from] ability: Natural Cure
|switch|p1a: Clefable|Clefable, F|100/100
|-status|p1a: Clefable|tox
|move|p2a: Samurott|Ceaseless Edge|p1a: Clefable
|-resisted|p1a: Clefable
|-damage|p1a: Clefable|85/100 tox
|-sidestart|p1: Raygyun|Spikes
|
|-heal|p1a: Clefable|91/100 tox|[from] item: Leftovers
|upkeep
|turn|10
|
|t:|1776278781
|move|p2a: Samurott|Knock Off|p1a: Clefable
|-resisted|p1a: Clefable
|-damage|p1a: Clefable|75/100 tox
|-enditem|p1a: Clefable|Leftovers|[from] move: Knock Off|[of] p2a: Samurott
|move|p1a: Clefable|Moonblast|p2a: Samurott
|-supereffective|p2a: Samurott
|-damage|p2a: Samurott|1/100
|
|upkeep
|turn|11
|
|t:|1776278788
|move|p2a: Samurott|Ceaseless Edge|p1a: Clefable
|-resisted|p1a: Clefable
|-damage|p1a: Clefable|57/100 tox
|-sidestart|p1: Raygyun|Spikes
|move|p1a: Clefable|Knock Off|p2a: Samurott
|-resisted|p2a: Samurott
|-damage|p2a: Samurott|0 fnt
|-enditem|p2a: Samurott|Heavy-Duty Boots|[from] move: Knock Off|[of] p1a: Clefable
|faint|p2a: Samurott
|
|upkeep
|
|t:|1776278799
|switch|p2a: Iron Moth|Iron Moth|100/100
|-enditem|p2a: Iron Moth|Booster Energy
|-activate|p2a: Iron Moth|ability: Quark Drive|[fromitem]
|-start|p2a: Iron Moth|quarkdrivespe
|turn|12
|
|t:|1776278809
|switch|p1a: Dragonite|Dragonite, F|100/100
|move|p2a: Iron Moth|Sludge Wave|p1a: Dragonite
|-damage|p1a: Dragonite|77/100
|
|upkeep
|turn|13
|
|t:|1776278817
|move|p2a: Iron Moth|Dazzling Gleam|p1a: Dragonite
|-supereffective|p1a: Dragonite
|-damage|p1a: Dragonite|29/100
|move|p1a: Dragonite|Dragon Tail|p2a: Iron Moth|[miss]
|-miss|p1a: Dragonite|p2a: Iron Moth
|
|upkeep
|turn|14
|
|t:|1776278821
|switch|p1a: Blissey|Blissey, F|62/100
|move|p2a: Iron Moth|Dazzling Gleam|p1a: Blissey
|-crit|p1a: Blissey
|-damage|p1a: Blissey|49/100
|
|upkeep
|turn|15
|
|t:|1776278823
|move|p2a: Iron Moth|Sludge Wave|p1a: Blissey
|-damage|p1a: Blissey|35/100
|move|p1a: Blissey|Soft-Boiled|p1a: Blissey
|-heal|p1a: Blissey|85/100
|
|upkeep
|turn|16
|
|t:|1776278828
|move|p2a: Iron Moth|Fiery Dance|p1a: Blissey
|-damage|p1a: Blissey|72/100
|-boost|p2a: Iron Moth|spa|1
|move|p1a: Blissey|Seismic Toss|p2a: Iron Moth
|-damage|p2a: Iron Moth|67/100
|
|upkeep
|turn|17
|
|t:|1776278832
|move|p2a: Iron Moth|Sludge Wave|p1a: Blissey
|-damage|p1a: Blissey|48/100
|move|p1a: Blissey|Calm Mind|p1a: Blissey
|-boost|p1a: Blissey|spa|1
|-boost|p1a: Blissey|spd|1
|
|upkeep
|turn|18
|
|t:|1776278835
|move|p2a: Iron Moth|Sludge Wave|p1a: Blissey
|-damage|p1a: Blissey|34/100
|move|p1a: Blissey|Soft-Boiled|p1a: Blissey
|-heal|p1a: Blissey|84/100
|
|upkeep
|turn|19
|
|t:|1776278839
|move|p2a: Iron Moth|Sludge Wave|p1a: Blissey
|-damage|p1a: Blissey|69/100
|move|p1a: Blissey|Seismic Toss|p2a: Iron Moth
|-damage|p2a: Iron Moth|34/100
|
|upkeep
|turn|20
|
|t:|1776278840
|move|p2a: Iron Moth|Fiery Dance|p1a: Blissey
|-damage|p1a: Blissey|56/100
|-boost|p2a: Iron Moth|spa|1
|move|p1a: Blissey|Soft-Boiled|p1a: Blissey
|-heal|p1a: Blissey|100/100
|
|upkeep
|turn|21
|
|t:|1776278843
|move|p2a: Iron Moth|Sludge Wave|p1a: Blissey
|-damage|p1a: Blissey|81/100
|move|p1a: Blissey|Seismic Toss|p2a: Iron Moth
|-damage|p2a: Iron Moth|1/100
|
|upkeep
|turn|22
|
|t:|1776278852
|move|p2a: Iron Moth|Sludge Wave|p1a: Blissey
|-damage|p1a: Blissey|60/100
|move|p1a: Blissey|Seismic Toss|p2a: Iron Moth
|-damage|p2a: Iron Moth|0 fnt
|faint|p2a: Iron Moth
|-end|p2a: Iron Moth|Quark Drive|[silent]
|
|upkeep
|
|t:|1776278861
|switch|p2a: Kyurem|Kyurem|100/100
|-ability|p2a: Kyurem|Pressure
|turn|23
|
|t:|1776278868
|move|p2a: Kyurem|Draco Meteor|p1a: Blissey
|-damage|p1a: Blissey|46/100
|-unboost|p2a: Kyurem|spa|2
|move|p1a: Blissey|Seismic Toss|p2a: Kyurem
|-damage|p2a: Kyurem|75/100
|
|upkeep
|turn|24
|
|t:|1776278876
|switch|p2a: Dragonite|Dragonite, M|100/100
|move|p1a: Blissey|Soft-Boiled|p1a: Blissey
|-heal|p1a: Blissey|96/100
|
|upkeep
|turn|25
|
|t:|1776278891
|switch|p1a: Pecharunt|Pecharunt|100/100
|-sideend|p1: Raygyun|move: Toxic Spikes|[of] p1a: Pecharunt
|move|p2a: Dragonite|Dragon Tail|p1a: Pecharunt
|-damage|p1a: Pecharunt|82/100
|drag|p1a: Skarmory|Skarmory, F|100/100
|-damage|p1a: Skarmory|88/100|[from] Stealth Rock
|
|upkeep
|turn|26
|
|t:|1776278895
|move|p1a: Skarmory|Stealth Rock|p2a: Dragonite
|-sidestart|p2: Arkhalion|move: Stealth Rock
|move|p2a: Dragonite|Dragon Tail|p1a: Skarmory
|-resisted|p1a: Skarmory
|-damage|p1a: Skarmory|77/100
|-damage|p2a: Dragonite|84/100|[from] item: Rocky Helmet|[of] p1a: Skarmory
|drag|p1a: Gliscor|Gliscor, F|64/100 tox
|-damage|p1a: Gliscor|52/100 tox|[from] Stealth Rock
|
|-heal|p1a: Gliscor|64/100 tox|[from] ability: Poison Heal
|upkeep
|turn|27
|
|t:|1776278902
|-terastallize|p2a: Dragonite|Normal
|move|p2a: Dragonite|Extreme Speed|p1a: Gliscor
|-damage|p1a: Gliscor|27/100 tox
|move|p1a: Gliscor|Toxic|p2a: Dragonite
|-status|p2a: Dragonite|tox
|
|-heal|p1a: Gliscor|39/100 tox|[from] ability: Poison Heal
|-damage|p2a: Dragonite|78/100 tox|[from] psn
|upkeep
|turn|28
|
|t:|1776278909
|move|p1a: Gliscor|Protect|p1a: Gliscor
|-singleturn|p1a: Gliscor|Protect
|move|p2a: Dragonite|Extreme Speed|p1a: Gliscor
|-activate|p1a: Gliscor|move: Protect
|
|-heal|p1a: Gliscor|52/100 tox|[from] ability: Poison Heal
|-damage|p2a: Dragonite|65/100 tox|[from] psn
|upkeep
|turn|29
|
|t:|1776278912
|move|p2a: Dragonite|Extreme Speed|p1a: Gliscor
|-damage|p1a: Gliscor|12/100 tox
|move|p1a: Gliscor|Spikes|p2a: Dragonite
|-sidestart|p2: Arkhalion|Spikes
|
|-heal|p1a: Gliscor|25/100 tox|[from] ability: Poison Heal
|-damage|p2a: Dragonite|47/100 tox|[from] psn
|upkeep
|turn|30
|
|t:|1776278916
|move|p1a: Gliscor|Protect|p1a: Gliscor
|-singleturn|p1a: Gliscor|Protect
|move|p2a: Dragonite|Roost|p2a: Dragonite
|-heal|p2a: Dragonite|97/100 tox
|
|-heal|p1a: Gliscor|37/100 tox|[from] ability: Poison Heal
|-damage|p2a: Dragonite|72/100 tox|[from] psn
|upkeep
|turn|31
|
|t:|1776278919
|switch|p1a: Skarmory|Skarmory, F|77/100
|-damage|p1a: Skarmory|65/100|[from] Stealth Rock
|move|p2a: Dragonite|Extreme Speed|p1a: Skarmory
|-resisted|p1a: Skarmory
|-damage|p1a: Skarmory|49/100
|-damage|p2a: Dragonite|55/100 tox|[from] item: Rocky Helmet|[of] p1a: Skarmory
|
|-damage|p2a: Dragonite|24/100 tox|[from] psn
|upkeep
|turn|32
|
|t:|1776278925
|move|p2a: Dragonite|Extreme Speed|p1a: Skarmory
|-resisted|p1a: Skarmory
|-damage|p1a: Skarmory|36/100
|-damage|p2a: Dragonite|7/100 tox|[from] item: Rocky Helmet|[of] p1a: Skarmory
|move|p1a: Skarmory|Roost|p1a: Skarmory
|-heal|p1a: Skarmory|86/100
|-singleturn|p1a: Skarmory|move: Roost
|
|-damage|p2a: Dragonite|0 fnt|[from] psn
|faint|p2a: Dragonite
|upkeep
|
|t:|1776278927
|switch|p2a: Kyurem|Kyurem|75/100
|-ability|p2a: Kyurem|Pressure
|turn|33
|
|t:|1776278936
|switch|p1a: Gliscor|Gliscor, F|37/100 tox
|-damage|p1a: Gliscor|25/100 tox|[from] Stealth Rock
|move|p2a: Kyurem|Ice Beam|p1a: Gliscor
|-supereffective|p1a: Gliscor
|-damage|p1a: Gliscor|0 fnt
|faint|p1a: Gliscor
|
|upkeep
|
|t:|1776278943
|switch|p1a: Blissey|Blissey, F|96/100
|turn|34
|
|t:|1776278951
|move|p2a: Kyurem|Ice Beam|p1a: Blissey
|-damage|p1a: Blissey|81/100
|move|p1a: Blissey|Seismic Toss|p2a: Kyurem
|-damage|p2a: Kyurem|49/100
|
|upkeep
|turn|35
|
|t:|1776278958
|move|p2a: Kyurem|Ice Beam|p1a: Blissey
|-damage|p1a: Blissey|66/100
|move|p1a: Blissey|Seismic Toss|p2a: Kyurem
|-damage|p2a: Kyurem|24/100
|
|upkeep
|turn|36
|
|t:|1776278973
|move|p2a: Kyurem|Ice Beam|p1a: Blissey
|-damage|p1a: Blissey|53/100
|-status|p1a: Blissey|frz
|-curestatus|p1a: Blissey|frz|[msg]
|move|p1a: Blissey|Calm Mind|p1a: Blissey
|-boost|p1a: Blissey|spa|1
|-boost|p1a: Blissey|spd|1
|
|upkeep
|turn|37
|
|t:|1776278975
|move|p2a: Kyurem|Ice Beam|p1a: Blissey
|-damage|p1a: Blissey|43/100
|move|p1a: Blissey|Soft-Boiled|p1a: Blissey
|-heal|p1a: Blissey|93/100
|
|upkeep
|turn|38
|
|t:|1776278977
|move|p2a: Kyurem|Ice Beam|p1a: Blissey
|-damage|p1a: Blissey|83/100
|move|p1a: Blissey|Seismic Toss|p2a: Kyurem
|-damage|p2a: Kyurem|0 fnt
|faint|p2a: Kyurem
|
|upkeep
|
|t:|1776278980
|switch|p2a: Kingambit|Kingambit, F|100/100
|-damage|p2a: Kingambit|94/100|[from] Stealth Rock
|-damage|p2a: Kingambit|82/100|[from] Spikes
|-activate|p2a: Kingambit|ability: Supreme Overlord
|-start|p2a: Kingambit|fallen5|[silent]
|turn|39
|
|t:|1776278984
|move|p2a: Kingambit|Swords Dance|p2a: Kingambit
|-boost|p2a: Kingambit|atk|2
|move|p1a: Blissey|Flamethrower|p2a: Kingambit
|-supereffective|p2a: Kingambit
|-damage|p2a: Kingambit|26/100
|
|-heal|p2a: Kingambit|32/100|[from] item: Leftovers
|upkeep
|turn|40
|
|t:|1776278986
|move|p2a: Kingambit|Sucker Punch|p1a: Blissey
|-damage|p1a: Blissey|0 fnt
|faint|p1a: Blissey
|
|-heal|p2a: Kingambit|38/100|[from] item: Leftovers
|upkeep
|
|t:|1776278989
|switch|p1a: Skarmory|Skarmory, F|86/100
|-damage|p1a: Skarmory|74/100|[from] Stealth Rock
|turn|41
|
|t:|1776278991
|move|p2a: Kingambit|Sucker Punch|p1a: Skarmory
|-damage|p1a: Skarmory|0 fnt
|-damage|p2a: Kingambit|22/100|[from] item: Rocky Helmet|[of] p1a: Skarmory
|faint|p1a: Skarmory
|
|-heal|p2a: Kingambit|28/100|[from] item: Leftovers
|upkeep
|
|t:|1776279002
|switch|p1a: Pecharunt|Pecharunt|82/100
|turn|42
|
|t:|1776279008
|move|p2a: Kingambit|Sucker Punch||[still]
|-fail|p2a: Kingambit
|move|p1a: Pecharunt|Parting Shot|p2a: Kingambit
|-unboost|p2a: Kingambit|atk|1
|-unboost|p2a: Kingambit|spa|1
|
|t:|1776279012
|switch|p1a: Dragonite|Dragonite, F|29/100|[from] Parting Shot
|
|-heal|p2a: Kingambit|34/100|[from] item: Leftovers
|upkeep
|turn|43
|
|t:|1776279013
|move|p2a: Kingambit|Sucker Punch||[still]
|-fail|p2a: Kingambit
|move|p1a: Dragonite|Roost|p1a: Dragonite
|-heal|p1a: Dragonite|80/100
|-singleturn|p1a: Dragonite|move: Roost
|
|-heal|p2a: Kingambit|40/100|[from] item: Leftovers
|upkeep
|turn|44
|
|t:|1776279017
|move|p2a: Kingambit|Sucker Punch|p1a: Dragonite
|-damage|p1a: Dragonite|0 fnt
|faint|p1a: Dragonite
|
|-heal|p2a: Kingambit|46/100|[from] item: Leftovers
|upkeep
|-message|Raygyun forfeited.
|
|win|Arkhalion
|raw|Raygyun's rating: 1196 &rarr; <strong>1173</strong><br />(-23 for losing)
|raw|Arkhalion's rating: 1220 &rarr; <strong>1243</strong><br />(+23 for winning)
|l|☆Raygyun
|player|p1|
