|html|<div class="broadcast-blue"><strong>[Gen 9] OU is currently suspecting Tera Blast! For information on how to participate check out the <a href="https://www.smogon.com/tools/suspects/view/200">suspect thread</a>.</strong></div>
|j|☆Rey2007
|j|‽Kidyourefree
|t:|1776221960
|gametype|singles
|player|p1|Rey2007|hoopster|1098
|player|p2|Kidyourefree|169|1076
|gen|9
|tier|[Gen 9] OU
|rated|
|rule|HP Percentage Mod: HP is shown in percentages
|rule|Endless Battle Clause: Forcing endless battles is banned
|rule|Species Clause: Limit one of each Pokémon
|rule|OHKO Clause: OHKO moves are banned
|rule|Evasion Items Clause: Evasion items are banned
|rule|Evasion Moves Clause: Evasion moves are banned
|rule|Evasion Abilities Clause: Evasion abilities are banned
|rule|Sleep Moves Clause: Sleep-inducing moves are banned
|clearpoke
|poke|p1|Iron Valiant|
|poke|p1|Rotom-Wash|
|poke|p1|Cinderace, F|
|poke|p1|Weezing-Galar, M|
|poke|p1|Iron Treads|
|poke|p1|Serperior, M|
|poke|p2|Glimmora, M|
|poke|p2|Quaquaval, M|
|poke|p2|Necrozma|
|poke|p2|Great Tusk|
|poke|p2|Skeledirge, F|
|poke|p2|Moltres-Galar|
|teampreview
|j| SitrisNerd
|
|t:|1776221991
|teamsize|p1|6
|teamsize|p2|6
|start
|switch|p1a: Iron Treads|Iron Treads|100/100
|switch|p2a: Glimmora|Glimmora, M|100/100
|-enditem|p1a: Iron Treads|Booster Energy
|-activate|p1a: Iron Treads|ability: Quark Drive|[fromitem]
|-start|p1a: Iron Treads|quarkdrivespe
|turn|1
|
|t:|1776222001
|move|p1a: Iron Treads|Earthquake|p2a: Glimmora
|-supereffective|p2a: Glimmora
|-enditem|p2a: Glimmora|Focus Sash
|-damage|p2a: Glimmora|1/100
|-activate|p2a: Glimmora|ability: Toxic Debris
|-sidestart|p1: Rey2007|move: Toxic Spikes
|move|p2a: Glimmora|Toxic Spikes|p1a: Iron Treads
|-sidestart|p1: Rey2007|move: Toxic Spikes
|
|upkeep
|turn|2
|
|t:|1776222014
|move|p1a: Iron Treads|Earthquake|p2a: Glimmora
|-supereffective|p2a: Glimmora
|-damage|p2a: Glimmora|0 fnt
|faint|p2a: Glimmora
|
|upkeep
|
|t:|1776222023
|switch|p2a: Quaquaval|Quaquaval, M|100/100
|turn|3
|
|t:|1776222035
|-end|p1a: Iron Treads|Quark Drive|[silent]
|switch|p1a: Weezing|Weezing-Galar, M|100/100
|-ability|p1a: Weezing|Neutralizing Gas
|-sideend|p1: Rey2007|move: Toxic Spikes|[of] p1a: Weezing
|move|p2a: Quaquaval|Aqua Step|p1a: Weezing
|-damage|p1a: Weezing|69/100
|-boost|p2a: Quaquaval|spe|1
|
|upkeep
|turn|4
|inactive|Battle timer is ON: inactive players will automatically lose when time's up. (requested by Rey2007)
|inactive|Kidyourefree has 120 seconds left.
|
|t:|1776222117
|-terastallize|p2a: Quaquaval|Steel
|move|p2a: Quaquaval|Aqua Step|p1a: Weezing
|-damage|p1a: Weezing|36/100
|-boost|p2a: Quaquaval|spe|1
|move|p1a: Weezing|Will-O-Wisp|p2a: Quaquaval
|-status|p2a: Quaquaval|brn
|
|-damage|p2a: Quaquaval|94/100 brn|[from] brn
|upkeep
|turn|5
|
|t:|1776222130
|move|p2a: Quaquaval|Aqua Step|p1a: Weezing
|-damage|p1a: Weezing|20/100
|-boost|p2a: Quaquaval|spe|1
|move|p1a: Weezing|Pain Split|p2a: Quaquaval
|-sethp|p2a: Quaquaval|58/100 brn|[from] move: Pain Split|[silent]
|-sethp|p1a: Weezing|54/100|[from] move: Pain Split
|
|-heal|p2a: Quaquaval|64/100 brn|[from] item: Leftovers
|-damage|p2a: Quaquaval|58/100 brn|[from] brn
|upkeep
|turn|6
|
|t:|1776222144
|move|p2a: Quaquaval|Aqua Step|p1a: Weezing
|-damage|p1a: Weezing|38/100
|-boost|p2a: Quaquaval|spe|1
|move|p1a: Weezing|Sludge Bomb|p2a: Quaquaval
|-immune|p2a: Quaquaval
|
|-heal|p2a: Quaquaval|64/100 brn|[from] item: Leftovers
|-damage|p2a: Quaquaval|58/100 brn|[from] brn
|upkeep
|turn|7
|
|t:|1776222155
|move|p2a: Quaquaval|Aqua Step|p1a: Weezing
|-damage|p1a: Weezing|23/100
|-boost|p2a: Quaquaval|spe|1
|move|p1a: Weezing|Pain Split|p2a: Quaquaval
|-sethp|p2a: Quaquaval|41/100 brn|[from] move: Pain Split|[silent]
|-sethp|p1a: Weezing|39/100|[from] move: Pain Split
|
|-heal|p2a: Quaquaval|47/100 brn|[from] item: Leftovers
|-damage|p2a: Quaquaval|41/100 brn|[from] brn
|upkeep
|turn|8
|
|t:|1776222168
|move|p2a: Quaquaval|Aqua Step|p1a: Weezing
|-damage|p1a: Weezing|23/100
|-boost|p2a: Quaquaval|spe|1
|move|p1a: Weezing|Flamethrower|p2a: Quaquaval
|-supereffective|p2a: Quaquaval
|-damage|p2a: Quaquaval|0 fnt
|faint|p2a: Quaquaval
|
|upkeep
|
|t:|1776222180
|switch|p2a: Necrozma|Necrozma, shiny|100/100
|turn|9
|
|t:|1776222193
|move|p2a: Necrozma|Dragon Dance|p2a: Necrozma
|-boost|p2a: Necrozma|atk|1
|-boost|p2a: Necrozma|spe|1
|move|p1a: Weezing|Will-O-Wisp|p2a: Necrozma
|-status|p2a: Necrozma|brn
|
|-damage|p2a: Necrozma|94/100 brn|[from] brn
|upkeep
|turn|10
|
|t:|1776222205
|move|p2a: Necrozma|Photon Geyser|p1a: Weezing
|-supereffective|p1a: Weezing
|-damage|p1a: Weezing|0 fnt
|faint|p1a: Weezing
|-end|p1a: Weezing|ability: Neutralizing Gas
|-damage|p2a: Necrozma|84/100 brn|[from] item: Life Orb
|
|-damage|p2a: Necrozma|78/100 brn|[from] brn
|upkeep
|
|t:|1776222220
|switch|p1a: Cinderace|Cinderace, F|100/100
|turn|11
|
|t:|1776222228
|move|p2a: Necrozma|Earthquake|p1a: Cinderace
|-supereffective|p1a: Cinderace
|-damage|p1a: Cinderace|15/100
|-damage|p2a: Necrozma|68/100 brn|[from] item: Life Orb
|move|p1a: Cinderace|U-turn|p2a: Necrozma
|-start|p1a: Cinderace|typechange|Bug|[from] ability: Libero
|-supereffective|p2a: Necrozma
|-damage|p2a: Necrozma|12/100 brn
|
|t:|1776222240
|switch|p1a: Iron Treads|Iron Treads|100/100|[from] U-turn
|
|-damage|p2a: Necrozma|6/100 brn|[from] brn
|upkeep
|turn|12
|
|t:|1776222247
|-end|p1a: Iron Treads|Quark Drive|[silent]
|switch|p1a: Rotom|Rotom-Wash|100/100
|move|p2a: Necrozma|Earthquake|p1a: Rotom
|-immune|p1a: Rotom|[from] ability: Levitate
|
|-damage|p2a: Necrozma|0 fnt|[from] brn
|faint|p2a: Necrozma
|upkeep
|
|t:|1776222272
|switch|p2a: Moltres|Moltres-Galar|100/100
|turn|13
|
|t:|1776222281
|move|p2a: Moltres|Fiery Wrath|p1a: Rotom
|-damage|p1a: Rotom|65/100
|cant|p1a: Rotom|flinch
|
|-heal|p1a: Rotom|71/100|[from] item: Leftovers
|upkeep
|turn|14
|
|t:|1776222291
|move|p2a: Moltres|Nasty Plot|p2a: Moltres
|-boost|p2a: Moltres|spa|2
|move|p1a: Rotom|Volt Switch|p2a: Moltres
|-supereffective|p2a: Moltres
|-damage|p2a: Moltres|55/100
|
|t:|1776222315
|switch|p1a: Cinderace|Cinderace, F|15/100|[from] Volt Switch
|
|upkeep
|turn|15
|
|t:|1776222328
|move|p1a: Cinderace|Pyro Ball|p2a: Moltres
|-damage|p2a: Moltres|0 fnt
|faint|p2a: Moltres
|
|upkeep
|
|t:|1776222336
|switch|p2a: Skeledirge|Skeledirge, F|100/100
|turn|16
|
|t:|1776222345
|move|p1a: Cinderace|Zen Headbutt|p2a: Skeledirge
|-start|p1a: Cinderace|typechange|Psychic|[from] ability: Libero
|-damage|p2a: Skeledirge|67/100
|move|p2a: Skeledirge|Torch Song|p1a: Cinderace
|-damage|p1a: Cinderace|0 fnt
|-boost|p2a: Skeledirge|spa|1
|faint|p1a: Cinderace
|
|-heal|p2a: Skeledirge|73/100|[from] item: Leftovers
|upkeep
|
|t:|1776222358
|switch|p1a: Iron Treads|Iron Treads|100/100
|turn|17
|
|t:|1776222381
|switch|p2a: Great Tusk|Great Tusk|100/100
|-enditem|p2a: Great Tusk|Booster Energy
|-activate|p2a: Great Tusk|ability: Protosynthesis|[fromitem]
|-start|p2a: Great Tusk|protosynthesisspe
|move|p1a: Iron Treads|Earthquake|p2a: Great Tusk
|-damage|p2a: Great Tusk|69/100
|
|upkeep
|turn|18
|inactive|Kidyourefree has 120 seconds left.
|inactive|Kidyourefree has 90 seconds left.
|
|t:|1776222433
|-end|p1a: Iron Treads|Quark Drive|[silent]
|switch|p1a: Rotom|Rotom-Wash|71/100
|move|p2a: Great Tusk|Bulk Up|p2a: Great Tusk
|-boost|p2a: Great Tusk|atk|1
|-boost|p2a: Great Tusk|def|1
|
|-heal|p1a: Rotom|77/100|[from] item: Leftovers
|upkeep
|turn|19
|inactive|Kidyourefree has 90 seconds left.
|
|t:|1776222447
|move|p2a: Great Tusk|Ice Spinner|p1a: Rotom
|-resisted|p1a: Rotom
|-damage|p1a: Rotom|60/100
|move|p1a: Rotom|Hydro Pump|p2a: Great Tusk|[miss]
|-miss|p1a: Rotom|p2a: Great Tusk
|
|-heal|p1a: Rotom|66/100|[from] item: Leftovers
|upkeep
|turn|20
|inactive|Kidyourefree has 90 seconds left.
|
|t:|1776222462
|move|p2a: Great Tusk|Ice Spinner|p1a: Rotom
|-resisted|p1a: Rotom
|-damage|p1a: Rotom|48/100
|move|p1a: Rotom|Hydro Pump|p2a: Great Tusk|[miss]
|-miss|p1a: Rotom|p2a: Great Tusk
|
|-heal|p1a: Rotom|54/100|[from] item: Leftovers
|upkeep
|turn|21
|inactive|Kidyourefree has 90 seconds left.
|
|t:|1776222470
|move|p2a: Great Tusk|Ice Spinner|p1a: Rotom
|-resisted|p1a: Rotom
|-damage|p1a: Rotom|36/100
|move|p1a: Rotom|Hydro Pump|p2a: Great Tusk
|-supereffective|p2a: Great Tusk
|-damage|p2a: Great Tusk|0 fnt
|faint|p2a: Great Tusk
|-end|p2a: Great Tusk|Protosynthesis|[silent]
|
|-heal|p1a: Rotom|42/100|[from] item: Leftovers
|upkeep
|inactive|Kidyourefree has 90 seconds left.
|
|t:|1776222480
|switch|p2a: Skeledirge|Skeledirge, F|73/100
|turn|22
|
|t:|1776222483
|move|p1a: Rotom|Hydro Pump|p2a: Skeledirge
|-supereffective|p2a: Skeledirge
|-damage|p2a: Skeledirge|0 fnt
|faint|p2a: Skeledirge
|
|win|Rey2007
|raw|Rey2007's rating: 1098 &rarr; <strong>1122</strong><br />(+24 for winning)
|raw|Kidyourefree's rating: 1076 &rarr; <strong>1056</strong><br />(-20 for losing)
