|html|<div class="broadcast-blue"><strong>[Gen 9] OU is currently suspecting Tera Blast! For information on how to participate check out the <a href="https://www.smogon.com/tools/suspects/view/200">suspect thread</a>.</strong></div>
|j|☆Mymovemisseddude
|j|☆jK70j7ZP8eAlzSMQ
|t:|1776264255
|gametype|singles
|player|p1|Mymovemisseddude|266|1000
|player|p2|jK70j7ZP8eAlzSMQ|266|1000
|gen|9
|tier|[Gen 9] OU
|rated|
|rule|HP Percentage Mod: HP is shown in percentages
|rule|Endless Battle Clause: Forcing endless battles is banned
|rule|Species Clause: Limit one of each Pokémon
|rule|OHKO Clause: OHKO moves are banned
|rule|Evasion Items Clause: Evasion items are banned
|rule|Evasion Moves Clause: Evasion moves are banned
|rule|Evasion Abilities Clause: Evasion abilities are banned
|rule|Sleep Moves Clause: Sleep-inducing moves are banned
|clearpoke
|poke|p1|Rhydon, F|
|poke|p1|Hatterene, F|
|poke|p1|Indeedee, M|
|poke|p1|Umbreon, M|
|poke|p1|Vulpix, F|
|poke|p1|Sinistcha-Masterpiece|
|poke|p2|Iron Moth|
|poke|p2|Gliscor, M|
|poke|p2|Hatterene, F|
|poke|p2|Ogerpon-Wellspring, F|
|poke|p2|Raging Bolt|
|poke|p2|Zamazenta-*|
|teampreview
|inactive|Battle timer is ON: inactive players will automatically lose when time's up. (requested by jK70j7ZP8eAlzSMQ)
|
|t:|1776264272
|teamsize|p1|6
|teamsize|p2|6
|start
|switch|p1a: Hatterene|Hatterene, F|100/100
|switch|p2a: Zamazenta|Zamazenta|100/100
|-ability|p2a: Zamazenta|Dauntless Shield|boost
|-boost|p2a: Zamazenta|def|1
|turn|1
|
|t:|1776264281
|move|p2a: Zamazenta|Light Screen|p2a: Zamazenta
|-sidestart|p2: jK70j7ZP8eAlzSMQ|move: Light Screen
|move|p1a: Hatterene|Trick Room|p1a: Hatterene
|-fieldstart|move: Trick Room|[of] p1a: Hatterene
|
|upkeep
|turn|2
|
|t:|1776264285
|move|p1a: Hatterene|Dazzling Gleam|p2a: Zamazenta
|-supereffective|p2a: Zamazenta
|-damage|p2a: Zamazenta|64/100
|move|p2a: Zamazenta|Reflect|p2a: Zamazenta
|-sidestart|p2: jK70j7ZP8eAlzSMQ|Reflect
|
|upkeep
|turn|3
|
|t:|1776264291
|switch|p2a: Iron Moth|Iron Moth|100/100
|-enditem|p2a: Iron Moth|Booster Energy
|-activate|p2a: Iron Moth|ability: Quark Drive|[fromitem]
|-start|p2a: Iron Moth|quarkdrivespe
|move|p1a: Hatterene|Thunder Wave|p2a: Iron Moth
|-status|p2a: Iron Moth|par
|
|upkeep
|turn|4
|inactive|Mymovemisseddude has 120 seconds left.
|
|t:|1776264323
|switch|p1a: Indeedee|Indeedee, M|100/100
|-fieldstart|move: Psychic Terrain|[from] ability: Psychic Surge|[of] p1a: Indeedee
|cant|p2a: Iron Moth|par
|
|upkeep
|turn|5
|
|t:|1776264330
|move|p1a: Indeedee|Calm Mind|p1a: Indeedee
|-boost|p1a: Indeedee|spa|1
|-boost|p1a: Indeedee|spd|1
|cant|p2a: Iron Moth|par
|
|-fieldend|move: Trick Room
|upkeep
|turn|6
|
|t:|1776264337
|move|p1a: Indeedee|Calm Mind|p1a: Indeedee
|-boost|p1a: Indeedee|spa|1
|-boost|p1a: Indeedee|spd|1
|move|p2a: Iron Moth|Whirlwind|p1a: Indeedee
|drag|p1a: Umbreon|Umbreon, M, shiny|100/100
|
|upkeep
|turn|7
|
|t:|1776264346
|switch|p1a: Indeedee|Indeedee, M|100/100
|move|p2a: Iron Moth|Toxic Spikes|p1a: Indeedee
|-sidestart|p1: Mymovemisseddude|move: Toxic Spikes
|
|upkeep
|turn|8
|
|t:|1776264360
|move|p2a: Iron Moth|Sludge Wave|p1a: Indeedee
|-damage|p1a: Indeedee|51/100
|move|p1a: Indeedee|Expanding Force|p2a: Iron Moth
|-supereffective|p2a: Iron Moth
|-damage|p2a: Iron Moth|13/100 par
|-damage|p1a: Indeedee|41/100|[from] item: Life Orb
|
|-sideend|p2: jK70j7ZP8eAlzSMQ|move: Light Screen
|-fieldend|move: Psychic Terrain
|upkeep
|turn|9
|
|t:|1776264375
|move|p2a: Iron Moth|Sludge Wave|p1a: Indeedee
|-damage|p1a: Indeedee|0 fnt
|faint|p1a: Indeedee
|
|-sideend|p2: jK70j7ZP8eAlzSMQ|Reflect
|upkeep
|
|t:|1776264396
|switch|p1a: Sinistcha|Sinistcha-Masterpiece|100/100
|-status|p1a: Sinistcha|psn
|turn|10
|
|t:|1776264400
|cant|p2a: Iron Moth|par
|move|p1a: Sinistcha|Trick Room|p1a: Sinistcha
|-fieldstart|move: Trick Room|[of] p1a: Sinistcha
|
|-damage|p1a: Sinistcha|88/100 psn|[from] psn
|upkeep
|turn|11
|
|t:|1776264407
|move|p1a: Sinistcha|Matcha Gotcha|p2a: Iron Moth
|-resisted|p2a: Iron Moth
|-damage|p2a: Iron Moth|3/100 par
|-heal|p1a: Sinistcha|95/100 psn|[from] drain|[of] p2a: Iron Moth
|cant|p2a: Iron Moth|par
|
|-damage|p1a: Sinistcha|83/100 psn|[from] psn
|upkeep
|turn|12
|
|t:|1776264411
|move|p1a: Sinistcha|Matcha Gotcha|p2a: Iron Moth
|-resisted|p2a: Iron Moth
|-damage|p2a: Iron Moth|0 fnt
|-heal|p1a: Sinistcha|84/100 psn|[from] drain|[of] p2a: Iron Moth
|faint|p2a: Iron Moth
|-end|p2a: Iron Moth|Quark Drive|[silent]
|
|-damage|p1a: Sinistcha|72/100 psn|[from] psn
|upkeep
|
|t:|1776264416
|switch|p2a: Zamazenta|Zamazenta|64/100
|turn|13
|
|t:|1776264426
|move|p1a: Sinistcha|Strength Sap|p2a: Zamazenta
|-unboost|p2a: Zamazenta|atk|1
|-heal|p1a: Sinistcha|100/100 psn
|move|p2a: Zamazenta|Light Screen|p2a: Zamazenta
|-sidestart|p2: jK70j7ZP8eAlzSMQ|move: Light Screen
|
|-damage|p1a: Sinistcha|88/100 psn|[from] psn
|upkeep
|turn|14
|
|t:|1776264431
|move|p1a: Sinistcha|Calm Mind|p1a: Sinistcha
|-boost|p1a: Sinistcha|spa|1
|-boost|p1a: Sinistcha|spd|1
|move|p2a: Zamazenta|Reflect|p2a: Zamazenta
|-sidestart|p2: jK70j7ZP8eAlzSMQ|Reflect
|
|-damage|p1a: Sinistcha|76/100 psn|[from] psn
|-fieldend|move: Trick Room
|upkeep
|turn|15
|
|t:|1776264441
|switch|p2a: Gliscor|Gliscor, M|100/100
|move|p1a: Sinistcha|Calm Mind|p1a: Sinistcha
|-boost|p1a: Sinistcha|spa|1
|-boost|p1a: Sinistcha|spd|1
|
|-damage|p1a: Sinistcha|64/100 psn|[from] psn
|-status|p2a: Gliscor|tox|[from] item: Toxic Orb
|upkeep
|turn|16
|
|t:|1776264448
|move|p2a: Gliscor|Swords Dance|p2a: Gliscor
|-boost|p2a: Gliscor|atk|2
|move|p1a: Sinistcha|Strength Sap|p2a: Gliscor
|-unboost|p2a: Gliscor|atk|1
|-heal|p1a: Sinistcha|100/100 psn
|
|-damage|p1a: Sinistcha|88/100 psn|[from] psn
|upkeep
|turn|17
|
|t:|1776264450
|move|p2a: Gliscor|Swords Dance|p2a: Gliscor
|-boost|p2a: Gliscor|atk|2
|move|p1a: Sinistcha|Matcha Gotcha|p2a: Gliscor
|-damage|p2a: Gliscor|45/100 tox
|-heal|p1a: Sinistcha|100/100 psn|[from] drain|[of] p2a: Gliscor
|
|-heal|p2a: Gliscor|57/100 tox|[from] ability: Poison Heal
|-damage|p1a: Sinistcha|88/100 psn|[from] psn
|upkeep
|turn|18
|
|t:|1776264461
|move|p2a: Gliscor|Earthquake|p1a: Sinistcha
|-resisted|p1a: Sinistcha
|-damage|p1a: Sinistcha|38/100 psn
|move|p1a: Sinistcha|Matcha Gotcha|p2a: Gliscor
|-damage|p2a: Gliscor|2/100 tox
|-heal|p1a: Sinistcha|76/100 psn|[from] drain|[of] p2a: Gliscor
|
|-heal|p2a: Gliscor|14/100 tox|[from] ability: Poison Heal
|-damage|p1a: Sinistcha|63/100 psn|[from] psn
|upkeep
|turn|19
|
|t:|1776264468
|move|p2a: Gliscor|Earthquake|p1a: Sinistcha
|-resisted|p1a: Sinistcha
|-damage|p1a: Sinistcha|16/100 psn
|move|p1a: Sinistcha|Matcha Gotcha|p2a: Gliscor
|-damage|p2a: Gliscor|0 fnt
|-heal|p1a: Sinistcha|26/100 psn|[from] drain|[of] p2a: Gliscor
|faint|p2a: Gliscor
|
|-damage|p1a: Sinistcha|13/100 psn|[from] psn
|upkeep
|
|t:|1776264483
|switch|p2a: Ogerpon|Ogerpon-Wellspring, F|100/100
|turn|20
|
|t:|1776264491
|move|p2a: Ogerpon|Trailblaze|p1a: Sinistcha
|-resisted|p1a: Sinistcha
|-damage|p1a: Sinistcha|0 fnt
|-boost|p2a: Ogerpon|spe|1
|faint|p1a: Sinistcha
|
|-sideend|p2: jK70j7ZP8eAlzSMQ|move: Light Screen
|upkeep
|
|t:|1776264498
|switch|p1a: Rhydon|Rhydon, F|100/100
|-status|p1a: Rhydon|psn
|turn|21
|
|t:|1776264507
|-terastallize|p1a: Rhydon|Electric
|move|p2a: Ogerpon|Ivy Cudgel|p1a: Rhydon|[anim] Ivy Cudgel Water
|-damage|p1a: Rhydon|70/100 psn
|move|p1a: Rhydon|Supercell Slam|p2a: Ogerpon
|-damage|p2a: Ogerpon|64/100
|
|-damage|p1a: Rhydon|58/100 psn|[from] psn
|-sideend|p2: jK70j7ZP8eAlzSMQ|Reflect
|upkeep
|turn|22
|
|t:|1776264517
|move|p2a: Ogerpon|Swords Dance|p2a: Ogerpon
|-boost|p2a: Ogerpon|atk|2
|move|p1a: Rhydon|Megahorn|p2a: Ogerpon
|-supereffective|p2a: Ogerpon
|-damage|p2a: Ogerpon|0 fnt
|faint|p2a: Ogerpon
|
|-damage|p1a: Rhydon|45/100 psn|[from] psn
|upkeep
|
|t:|1776264530
|switch|p2a: Zamazenta|Zamazenta|64/100
|turn|23
|
|t:|1776264547
|move|p2a: Zamazenta|Reflect|p2a: Zamazenta
|-sidestart|p2: jK70j7ZP8eAlzSMQ|Reflect
|move|p1a: Rhydon|Supercell Slam|p2a: Zamazenta
|-damage|p2a: Zamazenta|40/100
|
|-damage|p1a: Rhydon|33/100 psn|[from] psn
|upkeep
|turn|24
|
|t:|1776264562
|move|p2a: Zamazenta|Light Screen|p2a: Zamazenta
|-sidestart|p2: jK70j7ZP8eAlzSMQ|move: Light Screen
|move|p1a: Rhydon|Supercell Slam|p2a: Zamazenta
|-damage|p2a: Zamazenta|16/100
|
|-damage|p1a: Rhydon|20/100 psn|[from] psn
|upkeep
|turn|25
|
|t:|1776264567
|switch|p2a: Raging Bolt|Raging Bolt|100/100
|-enditem|p2a: Raging Bolt|Booster Energy
|-activate|p2a: Raging Bolt|ability: Protosynthesis|[fromitem]
|-start|p2a: Raging Bolt|protosynthesisspa
|move|p1a: Rhydon|Supercell Slam|p2a: Raging Bolt
|-resisted|p2a: Raging Bolt
|-damage|p2a: Raging Bolt|94/100
|
|-damage|p1a: Rhydon|8/100 psn|[from] psn
|upkeep
|turn|26
|
|t:|1776264576
|move|p2a: Raging Bolt|Calm Mind|p2a: Raging Bolt
|-boost|p2a: Raging Bolt|spa|1
|-boost|p2a: Raging Bolt|spd|1
|move|p1a: Rhydon|Megahorn|p2a: Raging Bolt
|-damage|p2a: Raging Bolt|73/100
|
|-damage|p1a: Rhydon|0 fnt|[from] psn
|faint|p1a: Rhydon
|upkeep
|
|t:|1776264581
|switch|p1a: Umbreon|Umbreon, M, shiny|100/100
|-status|p1a: Umbreon|psn
|turn|27
|
|t:|1776264585
|move|p2a: Raging Bolt|Thunderbolt|p1a: Umbreon
|-damage|p1a: Umbreon|35/100 psn
|move|p1a: Umbreon|Toxic|p2a: Raging Bolt
|-status|p2a: Raging Bolt|tox
|
|-heal|p1a: Umbreon|41/100 psn|[from] item: Leftovers
|-damage|p2a: Raging Bolt|67/100 tox|[from] psn
|-damage|p1a: Umbreon|28/100 psn|[from] psn
|upkeep
|turn|28
|
|t:|1776264590
|move|p1a: Umbreon|Protect|p1a: Umbreon
|-singleturn|p1a: Umbreon|Protect
|move|p2a: Raging Bolt|Thunderbolt|p1a: Umbreon
|-activate|p1a: Umbreon|move: Protect
|
|-heal|p1a: Umbreon|35/100 psn|[from] item: Leftovers
|-damage|p2a: Raging Bolt|55/100 tox|[from] psn
|-damage|p1a: Umbreon|22/100 psn|[from] psn
|upkeep
|turn|29
|
|t:|1776264600
|switch|p1a: Vulpix|Vulpix, F|100/100
|-status|p1a: Vulpix|psn
|-weather|SunnyDay|[from] ability: Drought|[of] p1a: Vulpix
|move|p2a: Raging Bolt|Thunderbolt|p1a: Vulpix
|-enditem|p1a: Vulpix|Focus Sash
|-damage|p1a: Vulpix|1/100 psn
|
|-weather|SunnyDay|[upkeep]
|-damage|p2a: Raging Bolt|36/100 tox|[from] psn
|-damage|p1a: Vulpix|0 fnt|[from] psn
|faint|p1a: Vulpix
|upkeep
|
|t:|1776264611
|switch|p1a: Umbreon|Umbreon, M, shiny|22/100 psn
|turn|30
|
|t:|1776264615
|move|p1a: Umbreon|Protect|p1a: Umbreon
|-singleturn|p1a: Umbreon|Protect
|move|p2a: Raging Bolt|Thunderbolt|p1a: Umbreon
|-activate|p1a: Umbreon|move: Protect
|
|-weather|SunnyDay|[upkeep]
|-heal|p1a: Umbreon|28/100 psn|[from] item: Leftovers
|-damage|p2a: Raging Bolt|12/100 tox|[from] psn
|-damage|p1a: Umbreon|16/100 psn|[from] psn
|-sideend|p2: jK70j7ZP8eAlzSMQ|Reflect
|upkeep
|turn|31
|inactive|Mymovemisseddude has 120 seconds left.
|l|☆Mymovemisseddude
|inactive|Mymovemisseddude disconnected and has a minute to reconnect!
|player|p1|
|inactive|Mymovemisseddude has 30 seconds to reconnect!
|inactive|Mymovemisseddude has 20 seconds to reconnect!
|inactive|Mymovemisseddude has 15 seconds to reconnect!
|inactive|Mymovemisseddude has 10 seconds to reconnect!
|inactive|Mymovemisseddude has 5 seconds to reconnect!
|-message|Mymovemisseddude lost due to inactivity.
|
|win|jK70j7ZP8eAlzSMQ
|raw|Mymovemisseddude's rating: 1000 &rarr; <strong>1000</strong><br />(+0 for losing)
|raw|jK70j7ZP8eAlzSMQ's rating: 1000 &rarr; <strong>1040</strong><br />(+40 for winning)
