|html|<div class="broadcast-blue"><strong>[Gen 9] OU is currently suspecting Tera Blast! For information on how to participate check out the <a href="https://www.smogon.com/tools/suspects/view/200">suspect thread</a>.</strong></div>
|j|☆Blastoise_Choice
|j|☆law's fun yummy
|t:|1776059997
|gametype|singles
|player|p1|Blastoise_Choice|benga|1600
|player|p2|law's fun yummy|170|1686
|gen|9
|tier|[Gen 9] OU
|rated|
|rule|HP Percentage Mod: HP is shown in percentages
|rule|Endless Battle Clause: Forcing endless battles is banned
|rule|Species Clause: Limit one of each Pokémon
|rule|OHKO Clause: OHKO moves are banned
|rule|Evasion Items Clause: Evasion items are banned
|rule|Evasion Moves Clause: Evasion moves are banned
|rule|Evasion Abilities Clause: Evasion abilities are banned
|rule|Sleep Moves Clause: Sleep-inducing moves are banned
|clearpoke
|poke|p1|Hydrapple, M|
|poke|p1|Tyranitar, F|
|poke|p1|Moltres|
|poke|p1|Zamazenta-*|
|poke|p1|Slowking-Galar, M|
|poke|p1|Excadrill, F|
|poke|p2|Zamazenta-*|
|poke|p2|Alomomola, F|
|poke|p2|Cresselia, F|
|poke|p2|Clodsire, M|
|poke|p2|Zapdos-Galar|
|poke|p2|Bronzong|
|teampreview
|inactive|Battle timer is ON: inactive players will automatically lose when time's up. (requested by law's fun yummy)
|c|☆Blastoise_Choice|hf
|inactive|Blastoise_Choice also wants the timer to be on.
|
|t:|1776060025
|teamsize|p1|6
|teamsize|p2|6
|start
|switch|p1a: Hydrapple|Hydrapple, M|100/100
|switch|p2a: Zamazenta|Zamazenta|100/100
|-ability|p2a: Zamazenta|Dauntless Shield|boost
|-boost|p2a: Zamazenta|def|1
|turn|1
|
|t:|1776060035
|switch|p2a: Clodsire|Clodsire, M|100/100
|move|p1a: Hydrapple|Fickle Beam|p2a: Clodsire
|-damage|p2a: Clodsire|80/100
|
|-heal|p2a: Clodsire|86/100|[from] item: Black Sludge
|upkeep
|turn|2
|
|t:|1776060042
|switch|p1a: Excadrill|Excadrill, F|100/100
|-item|p1a: Excadrill|Air Balloon
|move|p2a: Clodsire|Spikes|p1a: Excadrill
|-sidestart|p1: Blastoise_Choice|Spikes
|
|-heal|p2a: Clodsire|92/100|[from] item: Black Sludge
|upkeep
|turn|3
|
|t:|1776060048
|switch|p2a: Alomomola|Alomomola, F|100/100
|move|p1a: Excadrill|Rapid Spin|p2a: Alomomola
|-damage|p2a: Alomomola|90/100
|-boost|p1a: Excadrill|spe|1
|-damage|p1a: Excadrill|84/100|[from] item: Rocky Helmet|[of] p2a: Alomomola
|-sideend|p1: Blastoise_Choice|Spikes|[from] move: Rapid Spin|[of] p1a: Excadrill
|
|upkeep
|turn|4
|
|t:|1776060056
|switch|p1a: Hydrapple|Hydrapple, M|100/100
|move|p2a: Alomomola|Flip Turn|p1a: Hydrapple
|-resisted|p1a: Hydrapple
|-damage|p1a: Hydrapple|98/100
|
|t:|1776060065
|switch|p2a: Clodsire|Clodsire, M|92/100|[from] Flip Turn
|
|-heal|p2a: Clodsire|98/100|[from] item: Black Sludge
|upkeep
|turn|5
|
|t:|1776060071
|switch|p1a: Slowking|Slowking-Galar, M|100/100
|move|p2a: Clodsire|Spikes|p1a: Slowking
|-sidestart|p1: Blastoise_Choice|Spikes
|
|-heal|p2a: Clodsire|100/100|[from] item: Black Sludge
|upkeep
|turn|6
|
|t:|1776060078
|switch|p2a: Bronzong|Bronzong|100/100
|move|p1a: Slowking|Psyshock|p2a: Bronzong
|-resisted|p2a: Bronzong
|-damage|p2a: Bronzong|95/100
|
|-heal|p2a: Bronzong|100/100|[from] item: Leftovers
|upkeep
|turn|7
|
|t:|1776060087
|switch|p2a: Zamazenta|Zamazenta|100/100
|move|p1a: Slowking|Flamethrower|p2a: Zamazenta
|-damage|p2a: Zamazenta|78/100
|
|upkeep
|turn|8
|
|t:|1776060094
|move|p2a: Zamazenta|Crunch|p1a: Slowking
|-supereffective|p1a: Slowking
|-damage|p1a: Slowking|36/100
|move|p1a: Slowking|Flamethrower|p2a: Zamazenta
|-damage|p2a: Zamazenta|56/100
|
|upkeep
|turn|9
|
|t:|1776060101
|switch|p2a: Alomomola|Alomomola, F|100/100
|switch|p1a: Hydrapple|Hydrapple, M|100/100
|
|upkeep
|turn|10
|
|t:|1776060108
|switch|p2a: Clodsire|Clodsire, M|100/100
|move|p1a: Hydrapple|Nasty Plot|p1a: Hydrapple
|-boost|p1a: Hydrapple|spa|2
|
|upkeep
|turn|11
|
|t:|1776060116
|move|p1a: Hydrapple|Fickle Beam|p2a: Clodsire
|-damage|p2a: Clodsire|60/100
|move|p2a: Clodsire|Toxic|p1a: Hydrapple
|-status|p1a: Hydrapple|tox
|
|-heal|p2a: Clodsire|66/100|[from] item: Black Sludge
|-damage|p1a: Hydrapple|94/100 tox|[from] psn
|upkeep
|turn|12
|
|t:|1776060123
|move|p1a: Hydrapple|Fickle Beam|p2a: Clodsire
|-damage|p2a: Clodsire|27/100
|move|p2a: Clodsire|Recover|p2a: Clodsire
|-heal|p2a: Clodsire|77/100
|
|-heal|p2a: Clodsire|83/100|[from] item: Black Sludge
|-damage|p1a: Hydrapple|82/100 tox|[from] psn
|upkeep
|turn|13
|
|t:|1776060146
|switch|p1a: Zamazenta|Zamazenta|100/100
|-damage|p1a: Zamazenta|88/100|[from] Spikes
|-ability|p1a: Zamazenta|Dauntless Shield|boost
|-boost|p1a: Zamazenta|def|1
|switch|p2a: Zamazenta|Zamazenta|56/100
|
|-heal|p1a: Zamazenta|94/100|[from] item: Leftovers
|upkeep
|turn|14
|
|t:|1776060153
|switch|p2a: Alomomola|Alomomola, F|100/100
|move|p1a: Zamazenta|Iron Defense|p1a: Zamazenta
|-boost|p1a: Zamazenta|def|2
|
|-heal|p1a: Zamazenta|100/100|[from] item: Leftovers
|upkeep
|turn|15
|
|t:|1776060160
|move|p1a: Zamazenta|Body Press|p2a: Alomomola
|-damage|p2a: Alomomola|49/100
|-damage|p1a: Zamazenta|84/100|[from] item: Rocky Helmet|[of] p2a: Alomomola
|move|p2a: Alomomola|Wish|p2a: Alomomola
|
|-heal|p1a: Zamazenta|90/100|[from] item: Leftovers
|upkeep
|turn|16
|
|t:|1776060178
|switch|p2a: Cresselia|Cresselia, F|100/100
|move|p1a: Zamazenta|Iron Defense|p1a: Zamazenta
|-boost|p1a: Zamazenta|def|2
|
|-heal|p1a: Zamazenta|96/100|[from] item: Leftovers
|upkeep
|turn|17
|
|t:|1776060187
|move|p1a: Zamazenta|Crunch|p2a: Cresselia
|-supereffective|p2a: Cresselia
|-damage|p2a: Cresselia|79/100
|move|p2a: Cresselia|Calm Mind|p2a: Cresselia
|-boost|p2a: Cresselia|spa|1
|-boost|p2a: Cresselia|spd|1
|
|-heal|p1a: Zamazenta|100/100|[from] item: Leftovers
|-heal|p2a: Cresselia|85/100|[from] item: Leftovers
|upkeep
|turn|18
|
|t:|1776060194
|move|p2a: Cresselia|Calm Mind|p2a: Cresselia
|-boost|p2a: Cresselia|spa|1
|-boost|p2a: Cresselia|spd|1
|move|p1a: Zamazenta|Roar|p2a: Cresselia
|drag|p2a: Zapdos|Zapdos-Galar|100/100
|
|upkeep
|turn|19
|
|t:|1776060201
|move|p2a: Zapdos|Knock Off|p1a: Zamazenta
|-resisted|p1a: Zamazenta
|-damage|p1a: Zamazenta|96/100
|-enditem|p1a: Zamazenta|Leftovers|[from] move: Knock Off|[of] p2a: Zapdos
|move|p1a: Zamazenta|Body Press|p2a: Zapdos
|-resisted|p2a: Zapdos
|-damage|p2a: Zapdos|27/100
|
|upkeep
|turn|20
|
|t:|1776060209
|switch|p2a: Alomomola|Alomomola, F|82/100
|move|p1a: Zamazenta|Roar|p2a: Alomomola
|drag|p2a: Clodsire|Clodsire, M|83/100
|
|-heal|p2a: Clodsire|89/100|[from] item: Black Sludge
|upkeep
|turn|21
|
|t:|1776060215
|move|p1a: Zamazenta|Body Press|p2a: Clodsire
|-resisted|p2a: Clodsire
|-damage|p2a: Clodsire|21/100
|move|p2a: Clodsire|Toxic|p1a: Zamazenta
|-status|p1a: Zamazenta|tox
|
|-heal|p2a: Clodsire|27/100|[from] item: Black Sludge
|-damage|p1a: Zamazenta|90/100 tox|[from] psn
|upkeep
|turn|22
|
|t:|1776060221
|switch|p2a: Alomomola|Alomomola, F|100/100
|move|p1a: Zamazenta|Body Press|p2a: Alomomola
|-damage|p2a: Alomomola|35/100
|-damage|p1a: Zamazenta|74/100 tox|[from] item: Rocky Helmet|[of] p2a: Alomomola
|
|-damage|p1a: Zamazenta|61/100 tox|[from] psn
|upkeep
|turn|23
|
|t:|1776060231
|move|p1a: Zamazenta|Body Press|p2a: Alomomola
|-damage|p2a: Alomomola|0 fnt
|-damage|p1a: Zamazenta|45/100 tox|[from] item: Rocky Helmet|[of] p2a: Alomomola
|faint|p2a: Alomomola
|
|-damage|p1a: Zamazenta|26/100 tox|[from] psn
|upkeep
|
|t:|1776060241
|switch|p2a: Bronzong|Bronzong|100/100
|turn|24
|
|t:|1776060247
|move|p1a: Zamazenta|Body Press|p2a: Bronzong
|-damage|p2a: Bronzong|17/100
|move|p2a: Bronzong|Stealth Rock|p1a: Zamazenta
|-sidestart|p1: Blastoise_Choice|move: Stealth Rock
|
|-heal|p2a: Bronzong|23/100|[from] item: Leftovers
|-damage|p1a: Zamazenta|2/100 tox|[from] psn
|upkeep
|turn|25
|
|t:|1776060257
|move|p1a: Zamazenta|Body Press|p2a: Bronzong
|-damage|p2a: Bronzong|0 fnt
|faint|p2a: Bronzong
|
|-damage|p1a: Zamazenta|0 fnt|[from] psn
|faint|p1a: Zamazenta
|upkeep
|
|t:|1776060265
|switch|p1a: Hydrapple|Hydrapple, M|100/100 tox
|switch|p2a: Zamazenta|Zamazenta|56/100
|turn|26
|
|t:|1776060272
|switch|p2a: Clodsire|Clodsire, M|27/100
|move|p1a: Hydrapple|Fickle Beam|p2a: Clodsire
|-damage|p2a: Clodsire|9/100
|
|-heal|p2a: Clodsire|15/100|[from] item: Black Sludge
|-damage|p1a: Hydrapple|94/100 tox|[from] psn
|upkeep
|turn|27
|
|t:|1776060276
|move|p1a: Hydrapple|Fickle Beam|p2a: Clodsire|[anim] Fickle Beam All Out
|-activate|p1a: Hydrapple|move: Fickle Beam
|-damage|p2a: Clodsire|0 fnt
|faint|p2a: Clodsire
|
|-damage|p1a: Hydrapple|82/100 tox|[from] psn
|upkeep
|
|t:|1776060278
|switch|p2a: Zapdos|Zapdos-Galar|27/100
|turn|28
|
|t:|1776060285
|switch|p1a: Moltres|Moltres|100/100
|move|p2a: Zapdos|Brave Bird|p1a: Moltres
|-damage|p1a: Moltres|58/100
|-status|p2a: Zapdos|brn|[from] ability: Flame Body|[of] p1a: Moltres
|-damage|p2a: Zapdos|10/100 brn|[from] Recoil
|
|-damage|p2a: Zapdos|4/100 brn|[from] brn
|upkeep
|turn|29
|
|t:|1776060291
|move|p2a: Zapdos|Brave Bird|p1a: Moltres
|-damage|p1a: Moltres|37/100
|-damage|p2a: Zapdos|0 fnt|[from] Recoil
|faint|p2a: Zapdos
|move|p1a: Moltres|Roost|p1a: Moltres
|-heal|p1a: Moltres|87/100
|-singleturn|p1a: Moltres|move: Roost
|
|upkeep
|
|t:|1776060295
|switch|p2a: Zamazenta|Zamazenta|56/100
|turn|30
|
|t:|1776060301
|move|p2a: Zamazenta|Stone Edge|p1a: Moltres
|-supereffective|p1a: Moltres
|-damage|p1a: Moltres|0 fnt
|faint|p1a: Moltres
|
|upkeep
|
|t:|1776060307
|switch|p1a: Excadrill|Excadrill, F|84/100
|-damage|p1a: Excadrill|81/100|[from] Stealth Rock
|-item|p1a: Excadrill|Air Balloon
|turn|31
|
|t:|1776060314
|switch|p2a: Cresselia|Cresselia, F|85/100
|move|p1a: Excadrill|Swords Dance|p1a: Excadrill
|-boost|p1a: Excadrill|atk|2
|
|-heal|p2a: Cresselia|91/100|[from] item: Leftovers
|upkeep
|turn|32
|
|t:|1776060330
|move|p1a: Excadrill|Rapid Spin|p2a: Cresselia
|-damage|p2a: Cresselia|74/100
|-boost|p1a: Excadrill|spe|1
|-sideend|p1: Blastoise_Choice|Spikes|[from] move: Rapid Spin|[of] p1a: Excadrill
|-sideend|p1: Blastoise_Choice|Stealth Rock|[from] move: Rapid Spin|[of] p1a: Excadrill
|move|p2a: Cresselia|Calm Mind|p2a: Cresselia
|-boost|p2a: Cresselia|spa|1
|-boost|p2a: Cresselia|spd|1
|
|-heal|p2a: Cresselia|80/100|[from] item: Leftovers
|upkeep
|turn|33
|
|t:|1776060337
|move|p1a: Excadrill|Iron Head|p2a: Cresselia
|-damage|p2a: Cresselia|32/100
|move|p2a: Cresselia|Calm Mind|p2a: Cresselia
|-boost|p2a: Cresselia|spa|1
|-boost|p2a: Cresselia|spd|1
|
|-heal|p2a: Cresselia|38/100|[from] item: Leftovers
|upkeep
|turn|34
|
|t:|1776060343
|move|p1a: Excadrill|Iron Head|p2a: Cresselia
|-damage|p2a: Cresselia|0 fnt
|faint|p2a: Cresselia
|
|upkeep
|-message|law's fun yummy forfeited.
|
|win|Blastoise_Choice
|raw|Blastoise_Choice's rating: 1600 &rarr; <strong>1625</strong><br />(+25 for winning)
|raw|law&apos;s fun yummy's rating: 1686 &rarr; <strong>1661</strong><br />(-25 for losing)
|c|☆Blastoise_Choice|gg
|l|☆law's fun yummy
|player|p2|
