|html|<div class="broadcast-blue"><strong>[Gen 9] OU is currently suspecting Volcarona! For information on how to participate check out the <a href="https://www.smogon.com/tools/suspects/view/208">suspect thread</a>.</strong></div>
|j|☆wafflesj2
|j|☆Aragon121_
|t:|1778510700
|gametype|singles
|player|p1|wafflesj2|rainbowrocketgruntf|1116
|player|p2|Aragon121_|101|1168
|gen|9
|tier|[Gen 9] OU
|rated|
|rule|HP Percentage Mod: HP is shown in percentages
|rule|Endless Battle Clause: Forcing endless battles is banned
|rule|Species Clause: Limit one of each Pokémon
|rule|OHKO Clause: OHKO moves are banned
|rule|Evasion Items Clause: Evasion items are banned
|rule|Evasion Moves Clause: Evasion moves are banned
|rule|Evasion Abilities Clause: Evasion abilities are banned
|rule|Sleep Moves Clause: Sleep-inducing moves are banned
|clearpoke
|poke|p1|Samurott-Hisui, F|
|poke|p1|Fezandipiti, M|
|poke|p1|Corviknight, M|
|poke|p1|Iron Valiant|
|poke|p1|Sandy Shocks|
|poke|p1|Moltres-Galar|
|poke|p2|Alomomola, M|
|poke|p2|Gholdengo|
|poke|p2|Blissey, F|
|poke|p2|Dondozo, F|
|poke|p2|Gliscor, M|
|poke|p2|Clodsire, F|
|teampreview
|
|t:|1778510723
|teamsize|p1|6
|teamsize|p2|6
|start
|switch|p1a: Samurott|Samurott-Hisui, F|100/100
|switch|p2a: Gliscor|Gliscor, M|100/100
|turn|1
|
|t:|1778510727
|move|p2a: Gliscor|Protect|p2a: Gliscor
|-singleturn|p2a: Gliscor|Protect
|move|p1a: Samurott|Taunt|p2a: Gliscor
|-activate|p2a: Gliscor|move: Protect
|
|-status|p2a: Gliscor|tox|[from] item: Toxic Orb
|upkeep
|turn|2
|
|t:|1778510741
|move|p1a: Samurott|Taunt|p2a: Gliscor
|-start|p2a: Gliscor|move: Taunt
|cant|p2a: Gliscor|move: Taunt|Toxic
|
|upkeep
|turn|3
|
|t:|1778510748
|switch|p2a: Dondozo|Dondozo, F|100/100
|move|p1a: Samurott|Ceaseless Edge|p2a: Dondozo
|-damage|p2a: Dondozo|74/100
|-sidestart|p2: Aragon121_|Spikes
|
|upkeep
|turn|4
|
|t:|1778510758
|move|p1a: Samurott|Sacred Sword|p2a: Dondozo
|-damage|p2a: Dondozo|48/100
|move|p2a: Dondozo|Body Press|p1a: Samurott
|-supereffective|p1a: Samurott
|-damage|p1a: Samurott|51/100
|
|upkeep
|turn|5
|
|t:|1778510771
|switch|p1a: Corviknight|Corviknight, M|100/100
|move|p2a: Dondozo|Curse|p2a: Dondozo
|-unboost|p2a: Dondozo|spe|1
|-boost|p2a: Dondozo|atk|1
|-boost|p2a: Dondozo|def|1
|
|upkeep
|turn|6
|
|t:|1778510780
|switch|p1a: Fezandipiti|Fezandipiti, M|100/100
|move|p2a: Dondozo|Curse|p2a: Dondozo
|-unboost|p2a: Dondozo|spe|1
|-boost|p2a: Dondozo|atk|1
|-boost|p2a: Dondozo|def|1
|
|upkeep
|turn|7
|
|t:|1778510787
|switch|p2a: Gliscor|Gliscor, M|100/100 tox
|move|p1a: Fezandipiti|Tail Slap|p2a: Gliscor
|-damage|p2a: Gliscor|96/100 tox
|-damage|p2a: Gliscor|92/100 tox
|-damage|p2a: Gliscor|88/100 tox
|-damage|p2a: Gliscor|84/100 tox
|-hitcount|p2a: Gliscor|4
|
|-heal|p2a: Gliscor|96/100 tox|[from] ability: Poison Heal
|upkeep
|turn|8
|
|t:|1778510803
|move|p1a: Fezandipiti|Taunt|p2a: Gliscor
|-start|p2a: Gliscor|move: Taunt
|cant|p2a: Gliscor|move: Taunt|Toxic
|
|-heal|p2a: Gliscor|100/100 tox|[from] ability: Poison Heal
|upkeep
|turn|9
|
|t:|1778510818
|switch|p1a: Sandy Shocks|Sandy Shocks|100/100
|move|p2a: Gliscor|Knock Off|p1a: Sandy Shocks
|-damage|p1a: Sandy Shocks|77/100
|-enditem|p1a: Sandy Shocks|Choice Specs|[from] move: Knock Off|[of] p2a: Gliscor
|
|upkeep
|turn|10
|
|t:|1778510830
|move|p1a: Sandy Shocks|Power Gem|p2a: Gliscor
|-damage|p2a: Gliscor|71/100 tox
|move|p2a: Gliscor|Knock Off|p1a: Sandy Shocks
|-damage|p1a: Sandy Shocks|61/100
|
|-heal|p2a: Gliscor|83/100 tox|[from] ability: Poison Heal
|-end|p2a: Gliscor|move: Taunt
|upkeep
|turn|11
|
|t:|1778510856
|-end|p1a: Sandy Shocks|Protosynthesis|[silent]
|switch|p1a: Samurott|Samurott-Hisui, F|51/100
|move|p2a: Gliscor|Toxic|p1a: Samurott
|-status|p1a: Samurott|tox
|
|-damage|p1a: Samurott|45/100 tox|[from] psn
|-heal|p2a: Gliscor|96/100 tox|[from] ability: Poison Heal
|upkeep
|turn|12
|
|t:|1778510861
|move|p2a: Gliscor|Protect|p2a: Gliscor
|-singleturn|p2a: Gliscor|Protect
|move|p1a: Samurott|Aqua Cutter|p2a: Gliscor
|-activate|p2a: Gliscor|move: Protect
|
|-damage|p1a: Samurott|33/100 tox|[from] psn
|-heal|p2a: Gliscor|100/100 tox|[from] ability: Poison Heal
|upkeep
|turn|13
|
|t:|1778510868
|switch|p2a: Dondozo|Dondozo, F|48/100
|move|p1a: Samurott|Taunt|p2a: Dondozo
|-start|p2a: Dondozo|move: Taunt
|
|-damage|p1a: Samurott|14/100 tox|[from] psn
|upkeep
|turn|14
|
|t:|1778510875
|move|p1a: Samurott|Ceaseless Edge|p2a: Dondozo
|-damage|p2a: Dondozo|21/100
|-sidestart|p2: Aragon121_|Spikes
|move|p2a: Dondozo|Body Press|p1a: Samurott
|-supereffective|p1a: Samurott
|-damage|p1a: Samurott|0 fnt
|faint|p1a: Samurott
|
|upkeep
|
|t:|1778510891
|switch|p1a: Sandy Shocks|Sandy Shocks|61/100
|turn|15
|
|t:|1778510894
|switch|p2a: Gliscor|Gliscor, M|100/100 tox
|move|p1a: Sandy Shocks|Discharge|p2a: Gliscor
|-immune|p2a: Gliscor
|
|upkeep
|turn|16
|
|t:|1778510902
|-end|p1a: Sandy Shocks|Protosynthesis|[silent]
|switch|p1a: Fezandipiti|Fezandipiti, M|100/100
|move|p2a: Gliscor|Toxic|p1a: Fezandipiti
|-immune|p1a: Fezandipiti
|
|upkeep
|turn|17
|
|t:|1778510912
|move|p1a: Fezandipiti|Taunt|p2a: Gliscor
|-start|p2a: Gliscor|move: Taunt
|move|p2a: Gliscor|Knock Off|p1a: Fezandipiti
|-resisted|p1a: Fezandipiti
|-damage|p1a: Fezandipiti|90/100
|-enditem|p1a: Fezandipiti|Loaded Dice|[from] move: Knock Off|[of] p2a: Gliscor
|
|upkeep
|turn|18
|
|t:|1778510935
|switch|p1a: Moltres|Moltres-Galar|100/100
|switch|p2a: Alomomola|Alomomola, M|100/100
|
|upkeep
|turn|19
|
|t:|1778510945
|switch|p2a: Blissey|Blissey, F|100/100
|move|p1a: Moltres|Snarl|p2a: Blissey
|-damage|p2a: Blissey|93/100
|-unboost|p2a: Blissey|spa|1
|
|upkeep
|turn|20
|
|t:|1778510954
|move|p1a: Moltres|Fiery Wrath|p2a: Blissey
|-damage|p2a: Blissey|82/100
|move|p2a: Blissey|Stealth Rock|p1a: Moltres
|-sidestart|p1: wafflesj2|move: Stealth Rock
|
|upkeep
|turn|21
|c|☆Aragon121_|!dt fiery wrath
|c|☆Aragon121_|/raw <ul class="utilichart"><li class="result"><span class="col movenamecol"><a href="https://dex.pokemonshowdown.com/moves/fierywrath">Fiery Wrath</a></span> <span class="col typecol"><img src="//play.pokemonshowdown.com/sprites/types/Dark.png" alt="Dark" width="32" height="14"><img src="//play.pokemonshowdown.com/sprites/categories/Special.png" alt="Special" width="32" height="14"></span> <span class="col labelcol"><em>Power</em><br>90</span> <span class="col widelabelcol"><em>Accuracy</em><br>100%</span> <span class="col pplabelcol"><em>PP</em><br>16</span> <span class="col movedesccol">20% chance to make the foe(s) flinch.</span> </li><li style="clear:both"></li></ul>
|c|☆Aragon121_|/raw <font size="1"><font color="#686868">Priority:</font> 0&nbsp;|&ThickSpace;<font color="#686868">Gen:</font> 8&nbsp;|&ThickSpace;&#10003; Boosted by Sheer Force&nbsp;|&ThickSpace;<font color="#686868">Z-Power:</font> 175&nbsp;|&ThickSpace;<font color="#686868">Target:</font> All Adjacent Opponents</font>

|
|t:|1778510971
|switch|p1a: Corviknight|Corviknight, M|100/100
|-damage|p1a: Corviknight|88/100|[from] Stealth Rock
|move|p2a: Blissey|Seismic Toss|p1a: Corviknight
|-damage|p1a: Corviknight|63/100
|-damage|p2a: Blissey|66/100|[from] item: Rocky Helmet|[of] p1a: Corviknight
|
|upkeep
|turn|22
|
|t:|1778510981
|switch|p2a: Alomomola|Alomomola, M|100/100
|move|p1a: Corviknight|Roost|p1a: Corviknight
|-heal|p1a: Corviknight|100/100
|-singleturn|p1a: Corviknight|move: Roost
|
|upkeep
|turn|23
|
|t:|1778510986
|move|p1a: Corviknight|Defog|p2a: Alomomola
|-unboost|p2a: Alomomola|evasion|1
|-sideend|p2: Aragon121_|Spikes|[from] move: Defog|[of] p1a: Corviknight
|-sideend|p1: wafflesj2|Stealth Rock|[from] move: Defog|[of] p1a: Corviknight
|move|p2a: Alomomola|Wish|p2a: Alomomola
|
|upkeep
|turn|24
|
|t:|1778510999
|switch|p1a: Fezandipiti|Fezandipiti, M|90/100
|switch|p2a: Dondozo|Dondozo, F|21/100
|
|-heal|p2a: Dondozo|74/100|[from] move: Wish|[wisher] Alomomola
|upkeep
|turn|25
|
|t:|1778511011
|switch|p2a: Blissey|Blissey, F|66/100
|move|p1a: Fezandipiti|Tail Slap|p2a: Blissey
|-damage|p2a: Blissey|55/100
|-damage|p2a: Blissey|44/100
|-hitcount|p2a: Blissey|2
|
|upkeep
|turn|26
|
|t:|1778511024
|switch|p2a: Gliscor|Gliscor, M|100/100 tox
|move|p1a: Fezandipiti|Tail Slap|p2a: Gliscor
|-damage|p2a: Gliscor|97/100 tox
|-damage|p2a: Gliscor|93/100 tox
|-damage|p2a: Gliscor|89/100 tox
|-damage|p2a: Gliscor|86/100 tox
|-damage|p2a: Gliscor|82/100 tox
|-hitcount|p2a: Gliscor|5
|
|-heal|p2a: Gliscor|94/100 tox|[from] ability: Poison Heal
|upkeep
|turn|27
|
|t:|1778511034
|move|p1a: Fezandipiti|Taunt|p2a: Gliscor
|-start|p2a: Gliscor|move: Taunt
|cant|p2a: Gliscor|move: Taunt|Spikes
|
|-heal|p2a: Gliscor|100/100 tox|[from] ability: Poison Heal
|upkeep
|turn|28
|
|t:|1778511048
|switch|p2a: Alomomola|Alomomola, M|100/100
|move|p1a: Fezandipiti|Play Rough|p2a: Alomomola
|-damage|p2a: Alomomola|85/100
|
|upkeep
|turn|29
|
|t:|1778511054
|move|p1a: Fezandipiti|Tail Slap|p2a: Alomomola|[miss]
|-miss|p1a: Fezandipiti|p2a: Alomomola
|move|p2a: Alomomola|Wish|p2a: Alomomola
|
|upkeep
|turn|30
|
|t:|1778511062
|move|p1a: Fezandipiti|Tail Slap|p2a: Alomomola
|-damage|p2a: Alomomola|82/100
|-damage|p2a: Alomomola|79/100
|-hitcount|p2a: Alomomola|2
|move|p2a: Alomomola|Scald|p1a: Fezandipiti
|-damage|p1a: Fezandipiti|82/100
|-status|p1a: Fezandipiti|brn
|
|-heal|p2a: Alomomola|100/100|[from] move: Wish|[wisher] Alomomola
|-damage|p1a: Fezandipiti|75/100 brn|[from] brn
|upkeep
|turn|31
|
|t:|1778511071
|move|p1a: Fezandipiti|Taunt|p2a: Alomomola
|-start|p2a: Alomomola|move: Taunt
|cant|p2a: Alomomola|move: Taunt|Wish
|
|-damage|p1a: Fezandipiti|69/100 brn|[from] brn
|upkeep
|turn|32
|
|t:|1778511078
|switch|p1a: Sandy Shocks|Sandy Shocks|61/100
|move|p2a: Alomomola|Flip Turn|p1a: Sandy Shocks
|-supereffective|p1a: Sandy Shocks
|-damage|p1a: Sandy Shocks|25/100
|
|t:|1778511084
|switch|p2a: Blissey|Blissey, F|44/100|[from] Flip Turn
|
|upkeep
|turn|33
|
|t:|1778511090
|move|p1a: Sandy Shocks|Discharge|p2a: Blissey
|-damage|p2a: Blissey|34/100
|move|p2a: Blissey|Stealth Rock|p1a: Sandy Shocks
|-sidestart|p1: wafflesj2|move: Stealth Rock
|
|upkeep
|turn|34
|
|t:|1778511094
|-end|p1a: Sandy Shocks|Protosynthesis|[silent]
|switch|p1a: Corviknight|Corviknight, M|100/100
|-damage|p1a: Corviknight|88/100|[from] Stealth Rock
|move|p2a: Blissey|Soft-Boiled|p2a: Blissey
|-heal|p2a: Blissey|84/100
|
|upkeep
|turn|35
|
|t:|1778511100
|switch|p2a: Gholdengo|Gholdengo|100/100
|-item|p2a: Gholdengo|Air Balloon
|move|p1a: Corviknight|Defog|p2a: Gholdengo
|-immune|p2a: Gholdengo|[from] ability: Good as Gold
|
|upkeep
|turn|36
|
|t:|1778511108
|move|p2a: Gholdengo|Nasty Plot|p2a: Gholdengo
|-boost|p2a: Gholdengo|spa|2
|move|p1a: Corviknight|Iron Head|p2a: Gholdengo
|-resisted|p2a: Gholdengo
|-damage|p2a: Gholdengo|85/100
|-enditem|p2a: Gholdengo|Air Balloon
|
|upkeep
|turn|37
|
|t:|1778511116
|switch|p1a: Iron Valiant|Iron Valiant|100/100
|-damage|p1a: Iron Valiant|94/100|[from] Stealth Rock
|-enditem|p1a: Iron Valiant|Booster Energy
|-activate|p1a: Iron Valiant|ability: Quark Drive|[fromitem]
|-start|p1a: Iron Valiant|quarkdrivespe
|move|p2a: Gholdengo|Shadow Ball|p1a: Iron Valiant
|-damage|p1a: Iron Valiant|0 fnt
|faint|p1a: Iron Valiant
|-end|p1a: Iron Valiant|Quark Drive|[silent]
|
|upkeep
|
|t:|1778511126
|switch|p1a: Moltres|Moltres-Galar|100/100
|-damage|p1a: Moltres|76/100|[from] Stealth Rock
|turn|38
|
|t:|1778511135
|-terastallize|p2a: Gholdengo|Flying
|move|p2a: Gholdengo|Make It Rain|p1a: Moltres
|-damage|p1a: Moltres|15/100
|-unboost|p2a: Gholdengo|spa|1
|-ability|p1a: Moltres|Berserk|boost
|-boost|p1a: Moltres|spa|1
|move|p1a: Moltres|Snarl|p2a: Gholdengo
|-damage|p2a: Gholdengo|39/100
|-unboost|p2a: Gholdengo|spa|1
|
|upkeep
|turn|39
|c|☆wafflesj2|Seriously how do you Even enjoy playing like this
|
|t:|1778511151
|move|p2a: Gholdengo|Make It Rain|p1a: Moltres
|-damage|p1a: Moltres|0 fnt
|-unboost|p2a: Gholdengo|spa|1
|faint|p1a: Moltres
|
|upkeep
|-message|wafflesj2 forfeited.
|
|win|Aragon121_
|raw|wafflesj2's rating: 1116 &rarr; <strong>1095</strong><br />(-21 for losing)
|raw|Aragon121_'s rating: 1168 &rarr; <strong>1189</strong><br />(+21 for winning)
|l|☆wafflesj2
|player|p1|
