|html|<div class="broadcast-blue"><strong>[Gen 9] OU is currently suspecting Tera Blast! For information on how to participate check out the <a href="https://www.smogon.com/tools/suspects/view/200">suspect thread</a>.</strong></div>
|j|☆Lula Vix
|j|☆kulaan mey
|t:|1776090919
|gametype|singles
|player|p1|Lula Vix|miku-ghost|1352
|player|p2|kulaan mey|scientist-gen4|1300
|gen|9
|tier|[Gen 9] OU
|rated|
|rule|HP Percentage Mod: HP is shown in percentages
|rule|Endless Battle Clause: Forcing endless battles is banned
|rule|Species Clause: Limit one of each Pokémon
|rule|OHKO Clause: OHKO moves are banned
|rule|Evasion Items Clause: Evasion items are banned
|rule|Evasion Moves Clause: Evasion moves are banned
|rule|Evasion Abilities Clause: Evasion abilities are banned
|rule|Sleep Moves Clause: Sleep-inducing moves are banned
|clearpoke
|poke|p1|Ceruledge, M|
|poke|p1|Gholdengo|
|poke|p1|Dragapult, F|
|poke|p1|Palossand, F|
|poke|p1|Gengar, F|
|poke|p1|Sinistcha|
|poke|p2|Incineroar, M|
|poke|p2|Darkrai|
|poke|p2|Rhyperior, M|
|poke|p2|Ting-Lu|
|poke|p2|Kyurem|
|poke|p2|Slowking, M|
|teampreview
|j| ohko_smeargle
|
|t:|1776090942
|teamsize|p1|6
|teamsize|p2|6
|start
|switch|p1a: Evil Twin|Gengar, F, shiny|100/100
|switch|p2a: Incineroar|Incineroar, M, shiny|100/100
|-ability|p2a: Incineroar|Intimidate|boost
|-unboost|p1a: Evil Twin|atk|1
|turn|1
|
|t:|1776090956
|switch|p1a: Dark Tower|Palossand, F, shiny|100/100
|move|p2a: Incineroar|Knock Off|p1a: Dark Tower
|-supereffective|p1a: Dark Tower
|-crit|p1a: Dark Tower
|-damage|p1a: Dark Tower|33/100
|-damage|p2a: Incineroar|84/100|[from] item: Rocky Helmet|[of] p1a: Dark Tower
|-enditem|p1a: Dark Tower|Rocky Helmet|[from] move: Knock Off|[of] p2a: Incineroar
|
|upkeep
|turn|2
|
|t:|1776090967
|move|p2a: Incineroar|Parting Shot|p1a: Dark Tower
|-unboost|p1a: Dark Tower|atk|1
|-unboost|p1a: Dark Tower|spa|1
|
|t:|1776090970
|switch|p2a: Slowking|Slowking, M, shiny|100/100|[from] Parting Shot
|move|p1a: Dark Tower|Stealth Rock|p2a: Slowking
|-sidestart|p2: kulaan mey|move: Stealth Rock
|
|upkeep
|turn|3
|
|t:|1776090976
|move|p1a: Dark Tower|Earth Power|p2a: Slowking
|-crit|p2a: Slowking
|-damage|p2a: Slowking|62/100
|move|p2a: Slowking|Future Sight|p1a: Dark Tower
|-start|p2a: Slowking|move: Future Sight
|
|upkeep
|turn|4
|
|t:|1776090981
|move|p1a: Dark Tower|Earth Power|p2a: Slowking
|-damage|p2a: Slowking|45/100
|move|p2a: Slowking|Scald|p1a: Dark Tower
|-supereffective|p1a: Dark Tower
|-damage|p1a: Dark Tower|0 fnt
|faint|p1a: Dark Tower
|
|upkeep
|
|t:|1776090988
|switch|p1a: Crypt Keeper|Gholdengo, shiny|100/100
|turn|5
|
|t:|1776090991
|switch|p2a: Incineroar|Incineroar, M, shiny|84/100
|-ability|p2a: Incineroar|Intimidate|boost
|-unboost|p1a: Crypt Keeper|atk|1
|move|p1a: Crypt Keeper|Thunder Wave|p2a: Incineroar
|-status|p2a: Incineroar|par
|
|-end|p1a: Crypt Keeper|move: Future Sight
|-resisted|p1a: Crypt Keeper
|-damage|p1a: Crypt Keeper|80/100
|-heal|p1a: Crypt Keeper|86/100|[from] item: Leftovers
|upkeep
|turn|6
|
|t:|1776091002
|switch|p1a: Hell Knight|Ceruledge, M, shiny|100/100
|cant|p2a: Incineroar|par
|
|upkeep
|turn|7
|
|t:|1776091013
|-terastallize|p1a: Hell Knight|Bug
|move|p1a: Hell Knight|Bulk Up|p1a: Hell Knight
|-boost|p1a: Hell Knight|atk|1
|-boost|p1a: Hell Knight|def|1
|move|p2a: Incineroar|Parting Shot|p1a: Hell Knight
|-unboost|p1a: Hell Knight|atk|1
|-unboost|p1a: Hell Knight|spa|1
|
|t:|1776091019
|switch|p2a: Rhyperior|Rhyperior, M|100/100|[from] Parting Shot
|-damage|p2a: Rhyperior|94/100|[from] Stealth Rock
|
|-heal|p2a: Rhyperior|100/100|[from] item: Leftovers
|upkeep
|turn|8
|
|t:|1776091037
|switch|p1a: Crypt Keeper|Gholdengo, shiny|86/100
|move|p2a: Rhyperior|Rock Blast|p1a: Crypt Keeper
|-resisted|p1a: Crypt Keeper
|-damage|p1a: Crypt Keeper|81/100
|-resisted|p1a: Crypt Keeper
|-damage|p1a: Crypt Keeper|76/100
|-hitcount|p1a: Crypt Keeper|2
|
|-heal|p1a: Crypt Keeper|82/100|[from] item: Leftovers
|upkeep
|turn|9
|inactive|Battle timer is ON: inactive players will automatically lose when time's up. (requested by Lula Vix)
|
|t:|1776091098
|switch|p1a: Blood Vine|Sinistcha, shiny|100/100
|move|p2a: Rhyperior|High Horsepower|p1a: Blood Vine
|-resisted|p1a: Blood Vine
|-damage|p1a: Blood Vine|81/100
|
|-heal|p1a: Blood Vine|87/100|[from] item: Leftovers
|upkeep
|turn|10
|
|t:|1776091107
|switch|p2a: Incineroar|Incineroar, M, shiny|84/100 par
|-ability|p2a: Incineroar|Intimidate|boost
|-unboost|p1a: Blood Vine|atk|1
|move|p1a: Blood Vine|Matcha Gotcha|p2a: Incineroar|[miss]
|-miss|p1a: Blood Vine|p2a: Incineroar
|
|-heal|p1a: Blood Vine|93/100|[from] item: Leftovers
|upkeep
|turn|11
|
|t:|1776091116
|move|p1a: Blood Vine|Strength Sap|p2a: Incineroar
|-unboost|p2a: Incineroar|atk|1
|-heal|p1a: Blood Vine|100/100
|move|p2a: Incineroar|Knock Off|p1a: Blood Vine
|-supereffective|p1a: Blood Vine
|-damage|p1a: Blood Vine|64/100
|-enditem|p1a: Blood Vine|Leftovers|[from] move: Knock Off|[of] p2a: Incineroar
|
|upkeep
|turn|12
|
|t:|1776091126
|move|p1a: Blood Vine|Strength Sap|p2a: Incineroar
|-unboost|p2a: Incineroar|atk|1
|-heal|p1a: Blood Vine|100/100
|cant|p2a: Incineroar|par
|
|upkeep
|turn|13
|
|t:|1776091132
|move|p1a: Blood Vine|Calm Mind|p1a: Blood Vine
|-boost|p1a: Blood Vine|spa|1
|-boost|p1a: Blood Vine|spd|1
|move|p2a: Incineroar|Will-O-Wisp|p1a: Blood Vine
|-status|p1a: Blood Vine|brn
|
|-damage|p1a: Blood Vine|98/100 brn|[from] brn
|upkeep
|turn|14
|
|t:|1776091140
|move|p1a: Blood Vine|Calm Mind|p1a: Blood Vine
|-boost|p1a: Blood Vine|spa|1
|-boost|p1a: Blood Vine|spd|1
|move|p2a: Incineroar|Parting Shot|p1a: Blood Vine
|-unboost|p1a: Blood Vine|atk|1
|-unboost|p1a: Blood Vine|spa|1
|
|t:|1776091144
|switch|p2a: Darkrai|Darkrai|100/100|[from] Parting Shot
|-damage|p2a: Darkrai|88/100|[from] Stealth Rock
|
|-damage|p1a: Blood Vine|95/100 brn|[from] brn
|upkeep
|turn|15
|
|t:|1776091151
|move|p2a: Darkrai|Dark Pulse|p1a: Blood Vine
|-supereffective|p1a: Blood Vine
|-damage|p1a: Blood Vine|15/100 brn
|move|p1a: Blood Vine|Matcha Gotcha|p2a: Darkrai
|-damage|p2a: Darkrai|21/100
|-heal|p1a: Blood Vine|42/100 brn|[from] drain|[of] p2a: Darkrai
|-status|p2a: Darkrai|brn
|
|-damage|p2a: Darkrai|15/100 brn|[from] brn
|-damage|p1a: Blood Vine|39/100 brn|[from] brn
|upkeep
|turn|16
|
|t:|1776091162
|move|p2a: Darkrai|Dark Pulse|p1a: Blood Vine
|-supereffective|p1a: Blood Vine
|-damage|p1a: Blood Vine|0 fnt
|faint|p1a: Blood Vine
|
|-damage|p2a: Darkrai|9/100 brn|[from] brn
|upkeep
|
|t:|1776091168
|switch|p1a: Evil Twin|Gengar, F, shiny|100/100
|turn|17
|
|t:|1776091172
|move|p1a: Evil Twin|Sludge Wave|p2a: Darkrai
|-damage|p2a: Darkrai|0 fnt
|faint|p2a: Darkrai
|
|upkeep
|
|t:|1776091174
|switch|p2a: Rhyperior|Rhyperior, M|100/100
|-damage|p2a: Rhyperior|94/100|[from] Stealth Rock
|turn|18
|
|t:|1776091189
|switch|p1a: Hell Knight|Ceruledge, M, shiny, tera:Bug|100/100
|move|p2a: Rhyperior|Rock Blast|p1a: Hell Knight|[miss]
|-miss|p2a: Rhyperior|p1a: Hell Knight
|
|-heal|p2a: Rhyperior|100/100|[from] item: Leftovers
|upkeep
|turn|19
|
|t:|1776091200
|move|p1a: Hell Knight|Brick Break|p2a: Rhyperior
|-supereffective|p2a: Rhyperior
|-damage|p2a: Rhyperior|79/100
|move|p2a: Rhyperior|Rock Blast|p1a: Hell Knight
|-supereffective|p1a: Hell Knight
|-damage|p1a: Hell Knight|67/100
|-supereffective|p1a: Hell Knight
|-damage|p1a: Hell Knight|32/100
|-hitcount|p1a: Hell Knight|2
|
|-heal|p2a: Rhyperior|85/100|[from] item: Leftovers
|upkeep
|turn|20
|
|t:|1776091214
|switch|p1a: Crypt Keeper|Gholdengo, shiny|82/100
|move|p2a: Rhyperior|Rock Blast|p1a: Crypt Keeper
|-resisted|p1a: Crypt Keeper
|-damage|p1a: Crypt Keeper|77/100
|-resisted|p1a: Crypt Keeper
|-damage|p1a: Crypt Keeper|72/100
|-hitcount|p1a: Crypt Keeper|2
|
|-heal|p1a: Crypt Keeper|78/100|[from] item: Leftovers
|-heal|p2a: Rhyperior|91/100|[from] item: Leftovers
|upkeep
|turn|21
|
|t:|1776091229
|move|p1a: Crypt Keeper|Nasty Plot|p1a: Crypt Keeper
|-boost|p1a: Crypt Keeper|spa|2
|move|p2a: Rhyperior|High Horsepower|p1a: Crypt Keeper
|-supereffective|p1a: Crypt Keeper
|-damage|p1a: Crypt Keeper|0 fnt
|faint|p1a: Crypt Keeper
|
|-heal|p2a: Rhyperior|97/100|[from] item: Leftovers
|upkeep
|
|t:|1776091245
|switch|p1a: Evil Twin|Gengar, F, shiny|100/100
|turn|22
|
|t:|1776091251
|move|p1a: Evil Twin|Trick|p2a: Rhyperior
|-activate|p1a: Evil Twin|move: Trick|[of] p2a: Rhyperior
|-item|p2a: Rhyperior|Choice Scarf|[from] move: Trick
|-item|p1a: Evil Twin|Leftovers|[from] move: Trick
|move|p2a: Rhyperior|High Horsepower|p1a: Evil Twin
|-supereffective|p1a: Evil Twin
|-damage|p1a: Evil Twin|0 fnt
|-start|p2a: Rhyperior|Disable|High Horsepower|[from] ability: Cursed Body|[of] p1a: Evil Twin
|faint|p1a: Evil Twin
|
|upkeep
|
|t:|1776091264
|switch|p1a: Hell Knight|Ceruledge, M, shiny, tera:Bug|32/100
|turn|23
|
|t:|1776091269
|switch|p2a: Incineroar|Incineroar, M, shiny|84/100 par
|-ability|p2a: Incineroar|Intimidate|boost
|-unboost|p1a: Hell Knight|atk|1
|move|p1a: Hell Knight|Brick Break|p2a: Incineroar
|-supereffective|p2a: Incineroar
|-damage|p2a: Incineroar|66/100 par
|
|upkeep
|turn|24
|
|t:|1776091280
|move|p1a: Hell Knight|Bulk Up|p1a: Hell Knight
|-boost|p1a: Hell Knight|atk|1
|-boost|p1a: Hell Knight|def|1
|move|p2a: Incineroar|Knock Off|p1a: Hell Knight
|-damage|p1a: Hell Knight|3/100
|-enditem|p1a: Hell Knight|Heavy-Duty Boots|[from] move: Knock Off|[of] p2a: Incineroar
|
|upkeep
|turn|25
|
|t:|1776091287
|move|p1a: Hell Knight|Brick Break|p2a: Incineroar
|-supereffective|p2a: Incineroar
|-damage|p2a: Incineroar|40/100 par
|move|p2a: Incineroar|Knock Off|p1a: Hell Knight
|-damage|p1a: Hell Knight|0 fnt
|faint|p1a: Hell Knight
|
|upkeep
|
|t:|1776091293
|switch|p1a: Dust Devil|Dragapult, F, shiny|100/100
|turn|26
|
|t:|1776091297
|move|p1a: Dust Devil|Substitute|p1a: Dust Devil
|-start|p1a: Dust Devil|Substitute
|-damage|p1a: Dust Devil|76/100
|move|p2a: Incineroar|Parting Shot|p1a: Dust Devil
|-unboost|p1a: Dust Devil|atk|1
|-unboost|p1a: Dust Devil|spa|1
|
|t:|1776091302
|switch|p2a: Ting-Lu|Ting-Lu, shiny|100/100|[from] Parting Shot
|-damage|p2a: Ting-Lu|94/100|[from] Stealth Rock
|-ability|p2a: Ting-Lu|Vessel of Ruin
|
|-heal|p1a: Dust Devil|82/100|[from] item: Leftovers
|-heal|p2a: Ting-Lu|100/100|[from] item: Leftovers
|upkeep
|turn|27
|
|t:|1776091309
|move|p1a: Dust Devil|Dragon Dance|p1a: Dust Devil
|-boost|p1a: Dust Devil|atk|1
|-boost|p1a: Dust Devil|spe|1
|move|p2a: Ting-Lu|Earthquake|p1a: Dust Devil
|-end|p1a: Dust Devil|Substitute
|
|-heal|p1a: Dust Devil|88/100|[from] item: Leftovers
|upkeep
|turn|28
|
|t:|1776091317
|switch|p2a: Incineroar|Incineroar, M, shiny|40/100 par
|-ability|p2a: Incineroar|Intimidate|boost
|-unboost|p1a: Dust Devil|atk|1
|move|p1a: Dust Devil|Dragon Darts|p2a: Incineroar
|-damage|p2a: Incineroar|27/100 par
|-anim|p1a: Dust Devil|Dragon Darts|p2a: Incineroar
|-damage|p2a: Incineroar|14/100 par
|
|-heal|p1a: Dust Devil|94/100|[from] item: Leftovers
|upkeep
|turn|29
|
|t:|1776091327
|move|p1a: Dust Devil|Dragon Darts|p2a: Incineroar
|-damage|p2a: Incineroar|1/100 par
|-anim|p1a: Dust Devil|Dragon Darts|p2a: Incineroar
|-damage|p2a: Incineroar|0 fnt
|faint|p2a: Incineroar
|
|-heal|p1a: Dust Devil|99/100|[from] item: Leftovers
|upkeep
|
|t:|1776091329
|switch|p2a: Kyurem|Kyurem|100/100
|-damage|p2a: Kyurem|75/100|[from] Stealth Rock
|-ability|p2a: Kyurem|Pressure
|turn|30
|
|t:|1776091338
|-terastallize|p2a: Kyurem|Steel
|move|p1a: Dust Devil|Dragon Darts|p2a: Kyurem
|-resisted|p2a: Kyurem
|-damage|p2a: Kyurem|68/100
|-anim|p1a: Dust Devil|Dragon Darts|p2a: Kyurem
|-resisted|p2a: Kyurem
|-damage|p2a: Kyurem|59/100
|move|p2a: Kyurem|Ice Beam|p1a: Dust Devil
|-supereffective|p1a: Dust Devil
|-damage|p1a: Dust Devil|0 fnt
|faint|p1a: Dust Devil
|
|win|kulaan mey
|raw|Lula Vix's rating: 1352 &rarr; <strong>1329</strong><br />(-23 for losing)
|raw|kulaan mey's rating: 1300 &rarr; <strong>1329</strong><br />(+29 for winning)
|l| ohko_smeargle
|l|☆Lula Vix
|player|p1|
|l|☆kulaan mey
|player|p2|
