|html|<div class="broadcast-blue"><strong>[Gen 9] OU is currently suspecting Tera Blast! For information on how to participate check out the <a href="https://www.smogon.com/tools/suspects/view/200">suspect thread</a>.</strong></div>
|j|☆Fluitzzerg
|j|☆Ralseiiiiy
|t:|1776095733
|gametype|singles
|player|p1|Fluitzzerg|battlegirl|1175
|player|p2|Ralseiiiiy|cynthia|1132
|gen|9
|tier|[Gen 9] OU
|rated|
|rule|HP Percentage Mod: HP is shown in percentages
|rule|Endless Battle Clause: Forcing endless battles is banned
|rule|Species Clause: Limit one of each Pokémon
|rule|OHKO Clause: OHKO moves are banned
|rule|Evasion Items Clause: Evasion items are banned
|rule|Evasion Moves Clause: Evasion moves are banned
|rule|Evasion Abilities Clause: Evasion abilities are banned
|rule|Sleep Moves Clause: Sleep-inducing moves are banned
|clearpoke
|poke|p1|Talonflame, F|
|poke|p1|Deoxys-Speed|
|poke|p1|Tyranitar, F|
|poke|p1|Keldeo-Resolute|
|poke|p1|Cinderace, M|
|poke|p1|Iron Crown|
|poke|p2|Great Tusk|
|poke|p2|Walking Wake|
|poke|p2|Kingambit, F|
|poke|p2|Venusaur, M|
|poke|p2|Ninetales, M|
|poke|p2|Raging Bolt|
|teampreview
|inactive|Battle timer is ON: inactive players will automatically lose when time's up. (requested by Fluitzzerg)
|
|t:|1776095750
|teamsize|p1|6
|teamsize|p2|6
|start
|switch|p1a: Iron Crown|Iron Crown|100/100
|switch|p2a: Ninetales|Ninetales, M|100/100
|-weather|SunnyDay|[from] ability: Drought|[of] p2a: Ninetales
|turn|1
|
|t:|1776095760
|-end|p1a: Iron Crown|Quark Drive|[silent]
|switch|p1a: Tyranitar|Tyranitar, F|100/100
|-weather|Sandstorm|[from] ability: Sand Stream|[of] p1a: Tyranitar
|move|p2a: Ninetales|Weather Ball|p1a: Tyranitar
|-damage|p1a: Tyranitar|93/100
|
|-weather|Sandstorm|[upkeep]
|-damage|p2a: Ninetales|94/100|[from] Sandstorm
|-heal|p1a: Tyranitar|99/100|[from] item: Leftovers
|upkeep
|turn|2
|
|t:|1776095778
|switch|p2a: Walking Wake|Walking Wake|100/100
|move|p1a: Tyranitar|Stealth Rock|p2a: Walking Wake
|-sidestart|p2: Ralseiiiiy|move: Stealth Rock
|
|-weather|Sandstorm|[upkeep]
|-damage|p2a: Walking Wake|94/100|[from] Sandstorm
|-heal|p1a: Tyranitar|100/100|[from] item: Leftovers
|upkeep
|turn|3
|
|t:|1776095796
|move|p2a: Walking Wake|Flip Turn|p1a: Tyranitar
|-supereffective|p1a: Tyranitar
|-damage|p1a: Tyranitar|73/100
|
|t:|1776095803
|-end|p2a: Walking Wake|Protosynthesis|[silent]
|switch|p2a: Great Tusk|Great Tusk|100/100|[from] Flip Turn
|-damage|p2a: Great Tusk|98/100|[from] Stealth Rock
|move|p1a: Tyranitar|Thunder Wave|p2a: Great Tusk
|-immune|p2a: Great Tusk
|
|-weather|Sandstorm|[upkeep]
|-heal|p1a: Tyranitar|79/100|[from] item: Leftovers
|upkeep
|turn|4
|
|t:|1776095819
|switch|p1a: Talonflame|Talonflame, F|100/100
|move|p2a: Great Tusk|Rapid Spin|p1a: Talonflame
|-damage|p1a: Talonflame|78/100
|-boost|p2a: Great Tusk|spe|1
|-sideend|p2: Ralseiiiiy|Stealth Rock|[from] move: Rapid Spin|[of] p2a: Great Tusk
|
|-weather|Sandstorm|[upkeep]
|-damage|p1a: Talonflame|72/100|[from] Sandstorm
|upkeep
|turn|5
|inactive|Ralseiiiiy has 120 seconds left.
|
|t:|1776095843
|-terastallize|p2a: Great Tusk|Water
|move|p2a: Great Tusk|Rapid Spin|p1a: Talonflame
|-crit|p1a: Talonflame
|-damage|p1a: Talonflame|40/100
|-boost|p2a: Great Tusk|spe|1
|move|p1a: Talonflame|Flamethrower|p2a: Great Tusk
|-resisted|p2a: Great Tusk
|-damage|p2a: Great Tusk|87/100
|
|-weather|none
|upkeep
|turn|6
|inactive|Ralseiiiiy has 120 seconds left.
|
|t:|1776095857
|move|p2a: Great Tusk|Ice Spinner|p1a: Talonflame
|-damage|p1a: Talonflame|3/100
|move|p1a: Talonflame|Roost|p1a: Talonflame
|-heal|p1a: Talonflame|53/100
|-singleturn|p1a: Talonflame|move: Roost
|
|upkeep
|turn|7
|inactive|Ralseiiiiy has 120 seconds left.
|
|t:|1776095864
|move|p2a: Great Tusk|Rapid Spin|p1a: Talonflame
|-damage|p1a: Talonflame|31/100
|-boost|p2a: Great Tusk|spe|1
|-status|p2a: Great Tusk|brn|[from] ability: Flame Body|[of] p1a: Talonflame
|move|p1a: Talonflame|Roost|p1a: Talonflame
|-heal|p1a: Talonflame|81/100
|-singleturn|p1a: Talonflame|move: Roost
|
|-damage|p2a: Great Tusk|81/100 brn|[from] brn
|upkeep
|turn|8
|inactive|Ralseiiiiy has 120 seconds left.
|
|t:|1776095878
|switch|p1a: Iron Crown|Iron Crown|100/100
|move|p2a: Great Tusk|Ice Spinner|p1a: Iron Crown
|-resisted|p1a: Iron Crown
|-damage|p1a: Iron Crown|92/100
|
|-heal|p1a: Iron Crown|99/100|[from] item: Leftovers
|-damage|p2a: Great Tusk|75/100 brn|[from] brn
|upkeep
|turn|9
|
|t:|1776095889
|move|p2a: Great Tusk|Headlong Rush|p1a: Iron Crown
|-supereffective|p1a: Iron Crown
|-damage|p1a: Iron Crown|28/100
|-unboost|p2a: Great Tusk|def|1
|-unboost|p2a: Great Tusk|spd|1
|move|p1a: Iron Crown|Volt Switch|p2a: Great Tusk
|-supereffective|p2a: Great Tusk
|-damage|p2a: Great Tusk|9/100 brn
|
|t:|1776095900
|-end|p1a: Iron Crown|Quark Drive|[silent]
|switch|p1a: Tyranitar|Tyranitar, F|79/100|[from] Volt Switch
|-weather|Sandstorm|[from] ability: Sand Stream|[of] p1a: Tyranitar
|
|-weather|Sandstorm|[upkeep]
|-damage|p2a: Great Tusk|3/100 brn|[from] Sandstorm
|-heal|p1a: Tyranitar|86/100|[from] item: Leftovers
|-damage|p2a: Great Tusk|0 fnt|[from] brn
|faint|p2a: Great Tusk
|-end|p2a: Great Tusk|Protosynthesis|[silent]
|upkeep
|
|t:|1776095910
|switch|p2a: Walking Wake|Walking Wake|94/100
|turn|10
|
|t:|1776095913
|switch|p1a: Keldeo|Keldeo-Resolute|100/100
|move|p2a: Walking Wake|Hydro Steam|p1a: Keldeo
|-resisted|p1a: Keldeo
|-damage|p1a: Keldeo|73/100
|
|-weather|Sandstorm|[upkeep]
|-damage|p2a: Walking Wake|88/100|[from] Sandstorm
|-damage|p1a: Keldeo|66/100|[from] Sandstorm
|-heal|p1a: Keldeo|73/100|[from] item: Leftovers
|upkeep
|turn|11
|
|t:|1776095930
|move|p2a: Walking Wake|Draco Meteor|p1a: Keldeo|[miss]
|-miss|p2a: Walking Wake|p1a: Keldeo
|move|p1a: Keldeo|Secret Sword|p2a: Walking Wake
|-damage|p2a: Walking Wake|43/100
|
|-weather|Sandstorm|[upkeep]
|-damage|p2a: Walking Wake|37/100|[from] Sandstorm
|-damage|p1a: Keldeo|66/100|[from] Sandstorm
|-heal|p1a: Keldeo|73/100|[from] item: Leftovers
|upkeep
|turn|12
|
|t:|1776095939
|move|p2a: Walking Wake|Draco Meteor|p1a: Keldeo
|-damage|p1a: Keldeo|0 fnt
|-unboost|p2a: Walking Wake|spa|2
|faint|p1a: Keldeo
|
|-weather|Sandstorm|[upkeep]
|-damage|p2a: Walking Wake|31/100|[from] Sandstorm
|upkeep
|
|t:|1776095945
|switch|p1a: Iron Crown|Iron Crown|28/100
|turn|13
|
|t:|1776095953
|move|p2a: Walking Wake|Flamethrower|p1a: Iron Crown
|-supereffective|p1a: Iron Crown
|-damage|p1a: Iron Crown|0 fnt
|faint|p1a: Iron Crown
|-end|p1a: Iron Crown|Quark Drive|[silent]
|
|-weather|none
|upkeep
|
|t:|1776095958
|switch|p1a: Cinderace|Cinderace, M|100/100
|turn|14
|
|t:|1776095964
|move|p1a: Cinderace|U-turn|p2a: Walking Wake
|-start|p1a: Cinderace|typechange|Bug|[from] ability: Libero
|-crit|p2a: Walking Wake
|-damage|p2a: Walking Wake|0 fnt
|faint|p2a: Walking Wake
|-end|p2a: Walking Wake|Protosynthesis|[silent]
|
|t:|1776095967
|switch|p1a: Deoxys|Deoxys-Speed|100/100|[from] U-turn
|-ability|p1a: Deoxys|Pressure
|
|upkeep
|
|t:|1776095974
|switch|p2a: Ninetales|Ninetales, M|94/100
|-weather|SunnyDay|[from] ability: Drought|[of] p2a: Ninetales
|turn|15
|
|t:|1776095982
|switch|p1a: Tyranitar|Tyranitar, F|86/100
|-weather|Sandstorm|[from] ability: Sand Stream|[of] p1a: Tyranitar
|move|p2a: Ninetales|Will-O-Wisp|p1a: Tyranitar
|-status|p1a: Tyranitar|brn
|
|-weather|Sandstorm|[upkeep]
|-damage|p2a: Ninetales|88/100|[from] Sandstorm
|-heal|p1a: Tyranitar|92/100 brn|[from] item: Leftovers
|-damage|p1a: Tyranitar|86/100 brn|[from] brn
|upkeep
|turn|16
|
|t:|1776096003
|move|p2a: Ninetales|Weather Ball|p1a: Tyranitar
|-damage|p1a: Tyranitar|78/100 brn
|move|p1a: Tyranitar|Knock Off|p2a: Ninetales
|-damage|p2a: Ninetales|63/100
|-enditem|p2a: Ninetales|Heat Rock|[from] move: Knock Off|[of] p1a: Tyranitar
|
|-weather|Sandstorm|[upkeep]
|-damage|p2a: Ninetales|57/100|[from] Sandstorm
|-heal|p1a: Tyranitar|84/100 brn|[from] item: Leftovers
|-damage|p1a: Tyranitar|78/100 brn|[from] brn
|upkeep
|turn|17
|
|t:|1776096018
|switch|p2a: Kingambit|Kingambit, F|100/100
|-activate|p2a: Kingambit|ability: Supreme Overlord
|-start|p2a: Kingambit|fallen2|[silent]
|-item|p2a: Kingambit|Air Balloon
|move|p1a: Tyranitar|Stealth Rock|p2a: Kingambit
|-sidestart|p2: Ralseiiiiy|move: Stealth Rock
|
|-weather|Sandstorm|[upkeep]
|-heal|p1a: Tyranitar|84/100 brn|[from] item: Leftovers
|-damage|p1a: Tyranitar|78/100 brn|[from] brn
|upkeep
|turn|18
|
|t:|1776096032
|move|p2a: Kingambit|Iron Head|p1a: Tyranitar
|-supereffective|p1a: Tyranitar
|-damage|p1a: Tyranitar|0 fnt
|faint|p1a: Tyranitar
|
|-weather|Sandstorm|[upkeep]
|upkeep
|
|t:|1776096034
|switch|p1a: Talonflame|Talonflame, F|81/100
|turn|19
|
|t:|1776096044
|-end|p2a: Kingambit|fallen2|[silent]
|switch|p2a: Ninetales|Ninetales, M|57/100
|-damage|p2a: Ninetales|32/100|[from] Stealth Rock
|-weather|SunnyDay|[from] ability: Drought|[of] p2a: Ninetales
|move|p1a: Talonflame|Will-O-Wisp|p2a: Ninetales
|-immune|p2a: Ninetales
|
|-weather|SunnyDay|[upkeep]
|upkeep
|turn|20
|
|t:|1776096074
|move|p1a: Talonflame|Flamethrower|p2a: Ninetales
|-resisted|p2a: Ninetales
|-damage|p2a: Ninetales|15/100
|move|p2a: Ninetales|Encore|p1a: Talonflame
|-start|p1a: Talonflame|Encore
|
|-weather|SunnyDay|[upkeep]
|upkeep
|turn|21
|inactive|Fluitzzerg has 120 seconds left.
|
|t:|1776096125
|switch|p2a: Raging Bolt|Raging Bolt|100/100
|-damage|p2a: Raging Bolt|88/100|[from] Stealth Rock
|-item|p2a: Raging Bolt|Air Balloon
|-activate|p2a: Raging Bolt|ability: Protosynthesis
|-start|p2a: Raging Bolt|protosynthesisspa
|move|p1a: Talonflame|Flamethrower|p2a: Raging Bolt
|-resisted|p2a: Raging Bolt
|-damage|p2a: Raging Bolt|69/100
|-enditem|p2a: Raging Bolt|Air Balloon
|
|-weather|SunnyDay|[upkeep]
|upkeep
|turn|22
|inactive|Ralseiiiiy has 120 seconds left.
|
|t:|1776096151
|switch|p1a: Deoxys|Deoxys-Speed|100/100
|-ability|p1a: Deoxys|Pressure
|move|p2a: Raging Bolt|Thunderclap||[still]
|-fail|p2a: Raging Bolt
|
|-weather|SunnyDay|[upkeep]
|upkeep
|turn|23
|inactive|Fluitzzerg has 90 seconds left.
|inactive|Fluitzzerg has 60 seconds left.
|
|t:|1776096218
|move|p2a: Raging Bolt|Thunderclap||[still]
|-fail|p2a: Raging Bolt
|move|p1a: Deoxys|Taunt|p2a: Raging Bolt
|-start|p2a: Raging Bolt|move: Taunt
|
|-weather|none
|-end|p2a: Raging Bolt|Protosynthesis
|upkeep
|turn|24
|
|t:|1776096228
|move|p2a: Raging Bolt|Thunderclap|p1a: Deoxys
|-damage|p1a: Deoxys|33/100
|move|p1a: Deoxys|Psycho Boost|p2a: Raging Bolt
|-damage|p2a: Raging Bolt|0 fnt
|-unboost|p1a: Deoxys|spa|2
|faint|p2a: Raging Bolt
|-end|p2a: Raging Bolt|Protosynthesis|[silent]
|-damage|p1a: Deoxys|23/100|[from] item: Life Orb
|
|upkeep
|
|t:|1776096244
|switch|p2a: Kingambit|Kingambit, F|100/100
|-damage|p2a: Kingambit|94/100|[from] Stealth Rock
|-activate|p2a: Kingambit|ability: Supreme Overlord
|-start|p2a: Kingambit|fallen3|[silent]
|-item|p2a: Kingambit|Air Balloon
|turn|25
|inactive|Ralseiiiiy has 90 seconds left.
|
|t:|1776096268
|move|p1a: Deoxys|Taunt|p2a: Kingambit
|-start|p2a: Kingambit|move: Taunt
|cant|p2a: Kingambit|move: Taunt|Swords Dance
|
|upkeep
|turn|26
|
|t:|1776096276
|move|p2a: Kingambit|Sucker Punch|p1a: Deoxys
|-supereffective|p1a: Deoxys
|-damage|p1a: Deoxys|0 fnt
|faint|p1a: Deoxys
|
|upkeep
|
|t:|1776096278
|switch|p1a: Talonflame|Talonflame, F|81/100
|turn|27
|
|t:|1776096296
|move|p2a: Kingambit|Sucker Punch||[still]
|-fail|p2a: Kingambit
|move|p1a: Talonflame|Will-O-Wisp|p2a: Kingambit
|-status|p2a: Kingambit|brn
|
|-damage|p2a: Kingambit|88/100 brn|[from] brn
|-end|p2a: Kingambit|move: Taunt
|upkeep
|turn|28
|inactive|Fluitzzerg has 90 seconds left.
|
|t:|1776096317
|move|p2a: Kingambit|Sucker Punch|p1a: Talonflame
|-damage|p1a: Talonflame|47/100
|move|p1a: Talonflame|Flamethrower|p2a: Kingambit
|-supereffective|p2a: Kingambit
|-damage|p2a: Kingambit|34/100 brn
|-enditem|p2a: Kingambit|Air Balloon
|
|-damage|p2a: Kingambit|28/100 brn|[from] brn
|upkeep
|turn|29
|
|t:|1776096327
|move|p2a: Kingambit|Sucker Punch||[still]
|-fail|p2a: Kingambit
|move|p1a: Talonflame|Roost|p1a: Talonflame
|-heal|p1a: Talonflame|97/100
|-singleturn|p1a: Talonflame|move: Roost
|
|-damage|p2a: Kingambit|22/100 brn|[from] brn
|upkeep
|turn|30
|
|t:|1776096335
|move|p2a: Kingambit|Sucker Punch|p1a: Talonflame
|-damage|p1a: Talonflame|63/100
|move|p1a: Talonflame|Flamethrower|p2a: Kingambit
|-supereffective|p2a: Kingambit
|-damage|p2a: Kingambit|0 fnt
|faint|p2a: Kingambit
|-end|p2a: Kingambit|fallen3|[silent]
|
|upkeep
|
|t:|1776096342
|switch|p2a: Ninetales|Ninetales, M|15/100
|-damage|p2a: Ninetales|0 fnt|[from] Stealth Rock
|faint|p2a: Ninetales
|
|t:|1776096345
|switch|p2a: Venusaur|Venusaur, M|100/100
|-damage|p2a: Venusaur|88/100|[from] Stealth Rock
|turn|31
|
|t:|1776096356
|move|p1a: Talonflame|Flamethrower|p2a: Venusaur
|-supereffective|p2a: Venusaur
|-damage|p2a: Venusaur|34/100
|move|p2a: Venusaur|Sludge Bomb|p1a: Talonflame
|-damage|p1a: Talonflame|0 fnt
|faint|p1a: Talonflame
|-damage|p2a: Venusaur|24/100|[from] item: Life Orb
|
|upkeep
|
|t:|1776096358
|switch|p1a: Cinderace|Cinderace, M|100/100
|turn|32
|inactive|Ralseiiiiy has 120 seconds left.
|
|t:|1776096368
|move|p1a: Cinderace|U-turn|p2a: Venusaur
|-start|p1a: Cinderace|typechange|Bug|[from] ability: Libero
|-damage|p2a: Venusaur|0 fnt
|faint|p2a: Venusaur
|
|win|Fluitzzerg
|raw|Fluitzzerg's rating: 1175 &rarr; <strong>1197</strong><br />(+22 for winning)
|raw|Ralseiiiiy's rating: 1132 &rarr; <strong>1110</strong><br />(-22 for losing)
|c|☆Fluitzzerg|gg wp
|l|☆Ralseiiiiy
|player|p2|
