|html|<div class="broadcast-blue"><strong>[Gen 9] OU is currently suspecting Volcarona! For information on how to participate check out the <a href="https://www.smogon.com/tools/suspects/view/208">suspect thread</a>.</strong></div>
|j|☆Yullei
|j|☆Rincewind fan
|t:|1778515457
|gametype|singles
|player|p1|Yullei|zinnia|1527
|player|p2|Rincewind fan|dawn|1583
|gen|9
|tier|[Gen 9] OU
|rated|
|rule|HP Percentage Mod: HP is shown in percentages
|rule|Endless Battle Clause: Forcing endless battles is banned
|rule|Species Clause: Limit one of each Pokémon
|rule|OHKO Clause: OHKO moves are banned
|rule|Evasion Items Clause: Evasion items are banned
|rule|Evasion Moves Clause: Evasion moves are banned
|rule|Evasion Abilities Clause: Evasion abilities are banned
|rule|Sleep Moves Clause: Sleep-inducing moves are banned
|clearpoke
|poke|p1|Pelipper, M|
|poke|p1|Raging Bolt|
|poke|p1|Overqwil, F|
|poke|p1|Barraskewda, M|
|poke|p1|Iron Treads|
|poke|p1|Kingambit, M|
|poke|p2|Dragonite, M|
|poke|p2|Ting-Lu|
|poke|p2|Clefable, F|
|poke|p2|Pecharunt|
|poke|p2|Heatran, M|
|poke|p2|Zamazenta-*|
|teampreview
|inactive|Battle timer is ON: inactive players will automatically lose when time's up. (requested by Yullei)
|
|t:|1778515496
|teamsize|p1|6
|teamsize|p2|6
|start
|switch|p1a: e e|Barraskewda, M|100/100
|switch|p2a: Heatran|Heatran, M|100/100
|turn|1
|
|t:|1778515505
|switch|p2a: Dragonite|Dragonite, M|100/100
|move|p1a: e e|Flip Turn|p2a: Dragonite
|-resisted|p2a: Dragonite
|-damage|p2a: Dragonite|89/100
|
|t:|1778515510
|switch|p1a: rabbit|Raging Bolt|100/100|[from] Flip Turn
|-enditem|p1a: rabbit|Booster Energy
|-activate|p1a: rabbit|ability: Protosynthesis|[fromitem]
|-start|p1a: rabbit|protosynthesisspa
|
|upkeep
|turn|2
|
|t:|1778515515
|switch|p2a: Ting-Lu|Ting-Lu|100/100
|-ability|p2a: Ting-Lu|Vessel of Ruin
|move|p1a: rabbit|Thunder|p2a: Ting-Lu
|-immune|p2a: Ting-Lu
|
|upkeep
|turn|3
|
|t:|1778515521
|-end|p1a: rabbit|Protosynthesis|[silent]
|switch|p1a: cat|Pelipper, M|100/100
|-weather|RainDance|[from] ability: Drizzle|[of] p1a: cat
|move|p2a: Ting-Lu|Spikes|p1a: cat
|-sidestart|p1: Yullei|Spikes
|
|-weather|RainDance|[upkeep]
|upkeep
|turn|4
|
|t:|1778515528
|move|p2a: Ting-Lu|Spikes|p1a: cat
|-sidestart|p1: Yullei|Spikes
|move|p1a: cat|U-turn|p2a: Ting-Lu
|-supereffective|p2a: Ting-Lu
|-damage|p2a: Ting-Lu|89/100
|
|t:|1778515533
|switch|p1a: man|Iron Treads|100/100|[from] U-turn
|-damage|p1a: man|84/100|[from] Spikes
|-enditem|p1a: man|Booster Energy
|-activate|p1a: man|ability: Quark Drive|[fromitem]
|-start|p1a: man|quarkdrivespe
|
|-weather|RainDance|[upkeep]
|-heal|p2a: Ting-Lu|95/100|[from] item: Leftovers
|upkeep
|turn|5
|
|t:|1778515541
|move|p1a: man|Rapid Spin|p2a: Ting-Lu
|-damage|p2a: Ting-Lu|90/100
|-boost|p1a: man|spe|1
|-sideend|p1: Yullei|Spikes|[from] move: Rapid Spin|[of] p1a: man
|move|p2a: Ting-Lu|Earthquake|p1a: man
|-supereffective|p1a: man
|-damage|p1a: man|14/100
|
|-weather|RainDance|[upkeep]
|-heal|p2a: Ting-Lu|96/100|[from] item: Leftovers
|upkeep
|turn|6
|
|t:|1778515544
|move|p1a: man|Stealth Rock|p2a: Ting-Lu
|-sidestart|p2: Rincewind fan|move: Stealth Rock
|move|p2a: Ting-Lu|Spikes|p1a: man
|-sidestart|p1: Yullei|Spikes
|
|-weather|RainDance|[upkeep]
|-heal|p2a: Ting-Lu|100/100|[from] item: Leftovers
|upkeep
|turn|7
|
|t:|1778515546
|switch|p2a: Pecharunt|Pecharunt|100/100
|move|p1a: man|Rapid Spin|p2a: Pecharunt
|-immune|p2a: Pecharunt
|
|-weather|RainDance|[upkeep]
|upkeep
|turn|8
|
|t:|1778515551
|move|p1a: man|Earth Power|p2a: Pecharunt
|-supereffective|p2a: Pecharunt
|-damage|p2a: Pecharunt|28/100
|move|p2a: Pecharunt|Shadow Ball|p1a: man
|-damage|p1a: man|0 fnt
|faint|p1a: man
|-end|p1a: man|Quark Drive|[silent]
|
|-weather|RainDance|[upkeep]
|upkeep
|
|t:|1778515561
|switch|p1a: e e|Barraskewda, M|100/100
|-damage|p1a: e e|88/100|[from] Spikes
|turn|9
|
|t:|1778515567
|move|p1a: e e|Liquidation|p2a: Pecharunt
|-damage|p2a: Pecharunt|0 fnt
|faint|p2a: Pecharunt
|
|-weather|RainDance|[upkeep]
|upkeep
|
|t:|1778515571
|switch|p2a: Dragonite|Dragonite, M|89/100
|turn|10
|
|t:|1778515580
|switch|p1a: rabbit|Raging Bolt|100/100
|-damage|p1a: rabbit|88/100|[from] Spikes
|switch|p2a: Heatran|Heatran, M|100/100
|-damage|p2a: Heatran|88/100|[from] Stealth Rock
|
|-weather|none
|-heal|p2a: Heatran|94/100|[from] item: Leftovers
|upkeep
|turn|11
|
|t:|1778515583
|-end|p1a: rabbit|Protosynthesis|[silent]
|switch|p1a: cat|Pelipper, M|100/100
|-weather|RainDance|[from] ability: Drizzle|[of] p1a: cat
|move|p2a: Heatran|Stealth Rock|p1a: cat
|-sidestart|p1: Yullei|move: Stealth Rock
|
|-weather|RainDance|[upkeep]
|-heal|p2a: Heatran|100/100|[from] item: Leftovers
|upkeep
|turn|12
|
|t:|1778515591
|switch|p1a: dog|Overqwil, F|100/100
|-damage|p1a: dog|88/100|[from] Spikes
|-damage|p1a: dog|76/100|[from] Stealth Rock
|move|p2a: Heatran|Magma Storm|p1a: dog
|-damage|p1a: dog|45/100
|-activate|p1a: dog|move: Magma Storm|[of] p2a: Heatran
|
|-weather|RainDance|[upkeep]
|-damage|p1a: dog|32/100|[from] move: Magma Storm|[partiallytrapped]
|upkeep
|turn|13
|inactive|Rincewind fan has 120 seconds left.
|
|t:|1778515632
|move|p1a: dog|Liquidation|p2a: Heatran
|-supereffective|p2a: Heatran
|-damage|p2a: Heatran|10/100
|-damage|p1a: dog|23/100|[from] item: Life Orb
|move|p2a: Heatran|Earth Power|p1a: dog
|-supereffective|p1a: dog
|-damage|p1a: dog|0 fnt
|faint|p1a: dog
|
|-weather|RainDance|[upkeep]
|-heal|p2a: Heatran|16/100|[from] item: Leftovers
|upkeep
|
|t:|1778515643
|switch|p1a: rabbit|Raging Bolt|88/100
|-damage|p1a: rabbit|76/100|[from] Spikes
|-damage|p1a: rabbit|64/100|[from] Stealth Rock
|turn|14
|inactive|Rincewind fan has 120 seconds left.
|
|t:|1778515652
|move|p1a: rabbit|Thunder|p2a: Heatran
|-damage|p2a: Heatran|0 fnt
|faint|p2a: Heatran
|
|-weather|RainDance|[upkeep]
|upkeep
|
|t:|1778515657
|switch|p2a: Ting-Lu|Ting-Lu|100/100
|-damage|p2a: Ting-Lu|94/100|[from] Stealth Rock
|-ability|p2a: Ting-Lu|Vessel of Ruin
|turn|15
|
|t:|1778515660
|move|p1a: rabbit|Weather Ball|p2a: Ting-Lu
|-supereffective|p2a: Ting-Lu
|-damage|p2a: Ting-Lu|47/100
|move|p2a: Ting-Lu|Whirlwind|p1a: rabbit
|-end|p1a: rabbit|Protosynthesis|[silent]
|drag|p1a: cat|Pelipper, M|100/100
|-damage|p1a: cat|76/100|[from] Stealth Rock
|
|-weather|RainDance|[upkeep]
|-heal|p2a: Ting-Lu|53/100|[from] item: Leftovers
|upkeep
|turn|16
|
|t:|1778515666
|move|p2a: Ting-Lu|Ruination|p1a: cat
|-damage|p1a: cat|38/100
|move|p1a: cat|Weather Ball|p2a: Ting-Lu
|-supereffective|p2a: Ting-Lu
|-damage|p2a: Ting-Lu|9/100
|
|-weather|RainDance|[upkeep]
|-heal|p2a: Ting-Lu|16/100|[from] item: Leftovers
|upkeep
|turn|17
|
|t:|1778515685
|switch|p1a: woman|Kingambit, M, shiny|100/100
|-damage|p1a: woman|88/100|[from] Spikes
|-damage|p1a: woman|82/100|[from] Stealth Rock
|-activate|p1a: woman|ability: Supreme Overlord
|-start|p1a: woman|fallen2|[silent]
|move|p2a: Ting-Lu|Spikes|p1a: woman
|-sidestart|p1: Yullei|Spikes
|
|-weather|RainDance|[upkeep]
|-heal|p1a: woman|88/100|[from] item: Leftovers
|-heal|p2a: Ting-Lu|22/100|[from] item: Leftovers
|upkeep
|turn|18
|
|t:|1778515695
|move|p1a: woman|Iron Head|p2a: Ting-Lu
|-damage|p2a: Ting-Lu|0 fnt
|faint|p2a: Ting-Lu
|
|-weather|none
|-heal|p1a: woman|94/100|[from] item: Leftovers
|upkeep
|
|t:|1778515702
|switch|p2a: Zamazenta|Zamazenta|100/100
|-ability|p2a: Zamazenta|Dauntless Shield|boost
|-boost|p2a: Zamazenta|def|1
|turn|19
|
|t:|1778515707
|-end|p1a: woman|fallen2|[silent]
|switch|p1a: cat|Pelipper, M|38/100
|-damage|p1a: cat|14/100|[from] Stealth Rock
|-weather|RainDance|[from] ability: Drizzle|[of] p1a: cat
|move|p2a: Zamazenta|Close Combat|p1a: cat
|-resisted|p1a: cat
|-damage|p1a: cat|0 fnt
|-unboost|p2a: Zamazenta|def|1
|-unboost|p2a: Zamazenta|spd|1
|faint|p1a: cat
|
|-weather|RainDance|[upkeep]
|upkeep
|
|t:|1778515713
|switch|p1a: e e|Barraskewda, M|88/100
|-damage|p1a: e e|71/100|[from] Spikes
|-damage|p1a: e e|59/100|[from] Stealth Rock
|turn|20
|
|t:|1778515742
|switch|p2a: Dragonite|Dragonite, M|89/100
|move|p1a: e e|Liquidation|p2a: Dragonite
|-resisted|p2a: Dragonite
|-damage|p2a: Dragonite|44/100
|-unboost|p2a: Dragonite|def|1
|
|-weather|RainDance|[upkeep]
|upkeep
|turn|21
|inactive|Rincewind fan has 120 seconds left.
|
|t:|1778515762
|-terastallize|p2a: Dragonite|Normal
|move|p2a: Dragonite|Extreme Speed|p1a: e e
|-damage|p1a: e e|0 fnt
|faint|p1a: e e
|
|-weather|RainDance|[upkeep]
|upkeep
|inactive|Yullei has 120 seconds left.
|
|t:|1778515798
|switch|p1a: woman|Kingambit, M, shiny|94/100
|-damage|p1a: woman|78/100|[from] Spikes
|-damage|p1a: woman|72/100|[from] Stealth Rock
|-activate|p1a: woman|ability: Supreme Overlord
|-start|p1a: woman|fallen4|[silent]
|turn|22
|
|t:|1778515806
|move|p2a: Dragonite|Earthquake|p1a: woman
|-supereffective|p1a: woman
|-damage|p1a: woman|14/100
|move|p1a: woman|Iron Head|p2a: Dragonite
|-damage|p2a: Dragonite|0 fnt
|faint|p2a: Dragonite
|
|-weather|RainDance|[upkeep]
|-heal|p1a: woman|20/100|[from] item: Leftovers
|upkeep
|
|t:|1778515814
|switch|p2a: Zamazenta|Zamazenta|100/100
|turn|23
|
|t:|1778515819
|move|p2a: Zamazenta|Close Combat|p1a: woman
|-supereffective|p1a: woman
|-damage|p1a: woman|0 fnt
|-unboost|p2a: Zamazenta|def|1
|-unboost|p2a: Zamazenta|spd|1
|faint|p1a: woman
|-end|p1a: woman|fallen4|[silent]
|
|-weather|RainDance|[upkeep]
|upkeep
|
|t:|1778515821
|switch|p1a: rabbit|Raging Bolt|64/100
|-damage|p1a: rabbit|47/100|[from] Spikes
|-damage|p1a: rabbit|35/100|[from] Stealth Rock
|turn|24
|
|t:|1778515833
|-terastallize|p1a: rabbit|Fairy
|move|p2a: Zamazenta|Close Combat|p1a: rabbit
|-resisted|p1a: rabbit
|-damage|p1a: rabbit|10/100
|-unboost|p2a: Zamazenta|def|1
|-unboost|p2a: Zamazenta|spd|1
|move|p1a: rabbit|Thunder|p2a: Zamazenta
|-damage|p2a: Zamazenta|0 fnt
|faint|p2a: Zamazenta
|
|-weather|RainDance|[upkeep]
|upkeep
|
|t:|1778515841
|switch|p2a: Clefable|Clefable, F|100/100
|turn|25
|
|t:|1778515857
|move|p1a: rabbit|Thunder|p2a: Clefable
|-damage|p2a: Clefable|42/100
|-status|p2a: Clefable|par
|move|p2a: Clefable|Moonblast|p1a: rabbit
|-damage|p1a: rabbit|0 fnt
|faint|p1a: rabbit
|-end|p1a: rabbit|Protosynthesis|[silent]
|
|win|Rincewind fan
|raw|Yullei's rating: 1527 &rarr; <strong>1510</strong><br />(-17 for losing)
|raw|Rincewind fan's rating: 1583 &rarr; <strong>1600</strong><br />(+17 for winning)
|l|☆Rincewind fan
|player|p2|
|l|☆Yullei
|player|p1|
