|html|<div class="broadcast-blue"><strong>[Gen 9] OU is currently suspecting Tera Blast! For information on how to participate check out the <a href="https://www.smogon.com/tools/suspects/view/200">suspect thread</a>.</strong></div>
|j|☆redcted
|j|☆biscuitmeow
|t:|1776072942
|gametype|singles
|player|p1|redcted|265|1391
|player|p2|biscuitmeow|waitress|1399
|gen|9
|tier|[Gen 9] OU
|rated|
|rule|HP Percentage Mod: HP is shown in percentages
|rule|Endless Battle Clause: Forcing endless battles is banned
|rule|Species Clause: Limit one of each Pokémon
|rule|OHKO Clause: OHKO moves are banned
|rule|Evasion Items Clause: Evasion items are banned
|rule|Evasion Moves Clause: Evasion moves are banned
|rule|Evasion Abilities Clause: Evasion abilities are banned
|rule|Sleep Moves Clause: Sleep-inducing moves are banned
|clearpoke
|poke|p1|Blaziken, M|
|poke|p1|Whimsicott, F|
|poke|p1|Kingambit, M|
|poke|p1|Iron Valiant|
|poke|p1|Kyurem|
|poke|p1|Ceruledge, F|
|poke|p2|Alomomola, F|
|poke|p2|Gliscor, M|
|poke|p2|Ting-Lu|
|poke|p2|Dondozo, M|
|poke|p2|Clefable, M|
|poke|p2|Slowking-Galar, F|
|teampreview
|c|☆biscuitmeow|hi
|c|☆biscuitmeow|ur team beats me so hard
|c|☆biscuitmeow|can you ff i need this
|c|☆biscuitmeow|>.<
|
|t:|1776072979
|teamsize|p1|6
|teamsize|p2|6
|start
|switch|p1a: Whimsicott|Whimsicott, F|100/100
|switch|p2a: disfigured cat|Clefable, M|100/100
|turn|1
|
|t:|1776072988
|switch|p2a: stall-lu|Ting-Lu|100/100
|-ability|p2a: stall-lu|Vessel of Ruin
|move|p1a: Whimsicott|Taunt|p2a: stall-lu
|-hint|Since gen 7, Dark is immune to Prankster moves.
|-immune|p2a: stall-lu
|
|upkeep
|turn|2
|
|t:|1776072996
|switch|p1a: Kyurem|Kyurem|100/100
|-ability|p1a: Kyurem|Pressure
|move|p2a: stall-lu|Spikes|p1a: Kyurem
|-sidestart|p1: redcted|Spikes
|
|upkeep
|turn|3
|
|t:|1776073008
|switch|p2a: disfigured cat|Clefable, M|100/100
|move|p1a: Kyurem|Scale Shot|p2a: disfigured cat
|-immune|p2a: disfigured cat
|
|upkeep
|turn|4
|
|t:|1776073015
|switch|p1a: Ceruledge|Ceruledge, F|100/100
|-damage|p1a: Ceruledge|88/100|[from] Spikes
|move|p2a: disfigured cat|Thunder Wave|p1a: Ceruledge
|-status|p1a: Ceruledge|par
|
|upkeep
|turn|5
|
|t:|1776073021
|switch|p2a: stalldozo|Dondozo, M|100/100
|cant|p1a: Ceruledge|par
|
|upkeep
|turn|6
|
|t:|1776073043
|switch|p1a: Whimsicott|Whimsicott, F|100/100
|-damage|p1a: Whimsicott|88/100|[from] Spikes
|move|p2a: stalldozo|Waterfall|p1a: Whimsicott
|-resisted|p1a: Whimsicott
|-damage|p1a: Whimsicott|78/100
|
|upkeep
|turn|7
|
|t:|1776073050
|switch|p2a: stall-lu|Ting-Lu|100/100
|-ability|p2a: stall-lu|Vessel of Ruin
|move|p1a: Whimsicott|Moonblast|p2a: stall-lu
|-supereffective|p2a: stall-lu
|-damage|p2a: stall-lu|79/100
|
|-heal|p2a: stall-lu|85/100|[from] item: Leftovers
|upkeep
|turn|8
|c|☆redcted|icl I have no actual breakers
|c|☆redcted|wdym
|c|☆biscuitmeow|you have
|c|☆biscuitmeow|kingambit and
|c|☆biscuitmeow|kyerum
|c|☆biscuitmeow|bu ti think you're physical
|c|☆biscuitmeow|so im chill
|c|☆redcted|I didn’t even put freeze dry on lmao
|c|☆redcted|exactly
|c|☆biscuitmeow|rip
|c|☆biscuitmeow|yeah
|c|☆redcted|I might do after tho
|c|☆biscuitmeow|sorry im at work so i had to help someone
|
|t:|1776073152
|switch|p1a: Iron Valiant|Iron Valiant|100/100
|-damage|p1a: Iron Valiant|88/100|[from] Spikes
|-enditem|p1a: Iron Valiant|Booster Energy
|-activate|p1a: Iron Valiant|ability: Quark Drive|[fromitem]
|-start|p1a: Iron Valiant|quarkdrivespe
|move|p2a: stall-lu|Spikes|p1a: Iron Valiant
|-sidestart|p1: redcted|Spikes
|
|-heal|p2a: stall-lu|92/100|[from] item: Leftovers
|upkeep
|turn|9
|
|t:|1776073162
|move|p2a: stall-lu|Protect|p2a: stall-lu
|-singleturn|p2a: stall-lu|Protect
|move|p1a: Iron Valiant|Moonblast|p2a: stall-lu
|-activate|p2a: stall-lu|move: Protect
|
|-heal|p2a: stall-lu|98/100|[from] item: Leftovers
|upkeep
|turn|10
|
|t:|1776073168
|switch|p2a: stallking|Slowking-Galar, F|100/100
|move|p1a: Iron Valiant|Substitute|p1a: Iron Valiant
|-start|p1a: Iron Valiant|Substitute
|-damage|p1a: Iron Valiant|63/100
|
|upkeep
|turn|11
|
|t:|1776073174
|move|p1a: Iron Valiant|Calm Mind|p1a: Iron Valiant
|-boost|p1a: Iron Valiant|spa|1
|-boost|p1a: Iron Valiant|spd|1
|move|p2a: stallking|Future Sight|p1a: Iron Valiant
|-start|p2a: stallking|move: Future Sight
|
|upkeep
|turn|12
|
|t:|1776073179
|move|p1a: Iron Valiant|Calm Mind|p1a: Iron Valiant
|-boost|p1a: Iron Valiant|spa|1
|-boost|p1a: Iron Valiant|spd|1
|move|p2a: stallking|Sludge Bomb|p1a: Iron Valiant
|-supereffective|p1a: Iron Valiant
|-end|p1a: Iron Valiant|Substitute
|
|upkeep
|turn|13
|
|t:|1776073191
|-terastallize|p1a: Iron Valiant|Ghost
|move|p1a: Iron Valiant|Substitute|p1a: Iron Valiant
|-start|p1a: Iron Valiant|Substitute
|-damage|p1a: Iron Valiant|38/100
|move|p2a: stallking|Sludge Bomb|p1a: Iron Valiant
|-resisted|p1a: Iron Valiant
|-activate|p1a: Iron Valiant|move: Substitute|[damage]
|
|-end|p1a: Iron Valiant|move: Future Sight
|-end|p1a: Iron Valiant|Substitute
|upkeep
|turn|14
|
|t:|1776073200
|switch|p2a: disfigured cat|Clefable, M|100/100
|move|p1a: Iron Valiant|Substitute|p1a: Iron Valiant
|-start|p1a: Iron Valiant|Substitute
|-damage|p1a: Iron Valiant|13/100
|
|upkeep
|turn|15
|
|t:|1776073204
|move|p1a: Iron Valiant|Moonblast|p2a: disfigured cat
|-damage|p2a: disfigured cat|71/100
|move|p2a: disfigured cat|Amnesia|p2a: disfigured cat
|-boost|p2a: disfigured cat|spd|2
|
|upkeep
|turn|16
|c|☆biscuitmeow|im sorry about disfigured cat
|c|☆biscuitmeow|it's so mean
|
|t:|1776073226
|move|p1a: Iron Valiant|Thunderbolt|p2a: disfigured cat
|-damage|p2a: disfigured cat|61/100
|move|p2a: disfigured cat|Amnesia|p2a: disfigured cat
|-boost|p2a: disfigured cat|spd|2
|
|upkeep
|turn|17
|
|t:|1776073237
|move|p1a: Iron Valiant|Thunderbolt|p2a: disfigured cat
|-damage|p2a: disfigured cat|55/100
|move|p2a: disfigured cat|Moonblast|p1a: Iron Valiant
|-end|p1a: Iron Valiant|Substitute
|
|upkeep
|turn|18
|
|t:|1776073249
|-end|p1a: Iron Valiant|Quark Drive|[silent]
|switch|p1a: Blaziken|Blaziken, M|100/100
|-damage|p1a: Blaziken|84/100|[from] Spikes
|move|p2a: disfigured cat|Moonblast|p1a: Blaziken
|-damage|p1a: Blaziken|34/100
|
|upkeep
|turn|19
|
|t:|1776073257
|switch|p2a: stallscor|Gliscor, M|100/100
|move|p1a: Blaziken|Flare Blitz|p2a: stallscor
|-damage|p2a: stallscor|47/100
|-status|p2a: stallscor|brn
|-damage|p1a: Blaziken|13/100|[from] Recoil
|-damage|p1a: Blaziken|3/100|[from] item: Life Orb
|
|-damage|p2a: stallscor|41/100 brn|[from] brn
|-ability|p1a: Blaziken|Speed Boost|boost
|-boost|p1a: Blaziken|spe|1
|upkeep
|turn|20
|
|t:|1776073267
|move|p1a: Blaziken|Swords Dance|p1a: Blaziken
|-boost|p1a: Blaziken|atk|2
|move|p2a: stallscor|Stealth Rock|p1a: Blaziken
|-sidestart|p1: redcted|move: Stealth Rock
|
|-damage|p2a: stallscor|35/100 brn|[from] brn
|-ability|p1a: Blaziken|Speed Boost|boost
|-boost|p1a: Blaziken|spe|1
|upkeep
|turn|21
|
|t:|1776073273
|move|p1a: Blaziken|Stone Edge|p2a: stallscor
|-damage|p2a: stallscor|0 fnt
|faint|p2a: stallscor
|-damage|p1a: Blaziken|0 fnt|[from] item: Life Orb
|faint|p1a: Blaziken
|
|upkeep
|
|t:|1776073292
|switch|p1a: Kingambit|Kingambit, M|100/100
|switch|p2a: stallking|Slowking-Galar, F|100/100
|-damage|p1a: Kingambit|84/100|[from] Spikes
|-damage|p1a: Kingambit|78/100|[from] Stealth Rock
|-activate|p1a: Kingambit|ability: Supreme Overlord
|-start|p1a: Kingambit|fallen1|[silent]
|turn|22
|
|t:|1776073296
|switch|p2a: stalldozo|Dondozo, M|100/100
|move|p1a: Kingambit|Kowtow Cleave|p2a: stalldozo
|-damage|p2a: stalldozo|75/100
|
|-heal|p1a: Kingambit|84/100|[from] item: Leftovers
|-heal|p2a: stalldozo|82/100|[from] item: Leftovers
|upkeep
|turn|23
|
|t:|1776073302
|-end|p1a: Kingambit|fallen1|[silent]
|switch|p1a: Iron Valiant|Iron Valiant, tera:Ghost|13/100
|-damage|p1a: Iron Valiant|0 fnt|[from] Spikes
|faint|p1a: Iron Valiant
|-end|p1a: Iron Valiant|Quark Drive|[silent]
|move|p2a: stalldozo|Waterfall|p1: Iron Valiant|[notarget]
|-fail|p2a: stalldozo
|
|-heal|p2a: stalldozo|88/100|[from] item: Leftovers
|upkeep
|
|t:|1776073308
|switch|p1a: Whimsicott|Whimsicott, F|78/100
|-damage|p1a: Whimsicott|61/100|[from] Spikes
|-damage|p1a: Whimsicott|49/100|[from] Stealth Rock
|turn|24
|
|t:|1776073317
|switch|p2a: stall-lu|Ting-Lu|98/100
|-ability|p2a: stall-lu|Vessel of Ruin
|move|p1a: Whimsicott|Moonblast|p2a: stall-lu
|-supereffective|p2a: stall-lu
|-damage|p2a: stall-lu|74/100
|
|-heal|p2a: stall-lu|80/100|[from] item: Leftovers
|upkeep
|turn|25
|c|☆biscuitmeow|i love whimsicott
|c|☆biscuitmeow|she's my little terrorist
|c|☆redcted|I should have just run leech seed lmao
|c|☆redcted|u wanna know set?
|c|☆biscuitmeow|does that work
|c|☆biscuitmeow|on dark
|c|☆biscuitmeow|i dont think it does
|c|☆biscuitmeow|yes
|c|☆redcted|nah
|c|☆redcted|It doesnt
|c|☆biscuitmeow|rip
|c|☆redcted|uh taunt memento moon last encore
|c|☆redcted|with sash
|c|☆biscuitmeow|i normally go protect, sub, leech seed, and like moonblast/taunt/encore
|c|☆biscuitmeow|memento is mean af
|c|☆redcted|yh ik I should have just run the randbats sets lmao
|c|☆biscuitmeow|if you last 5 more minutes ill be forced to ff
|c|☆biscuitmeow|that's when i get off
|inactive|Battle timer is ON: inactive players will automatically lose when time's up. (requested by biscuitmeow)
|c|☆redcted|memento to bring in other sweepers
|c|☆redcted|but uh stall
|
|t:|1776073424
|switch|p1a: Kyurem|Kyurem|100/100
|-damage|p1a: Kyurem|84/100|[from] Spikes
|-damage|p1a: Kyurem|59/100|[from] Stealth Rock
|-ability|p1a: Kyurem|Pressure
|move|p2a: stall-lu|Whirlwind|p1a: Kyurem
|drag|p1a: Whimsicott|Whimsicott, F|49/100
|-damage|p1a: Whimsicott|32/100|[from] Spikes
|-damage|p1a: Whimsicott|20/100|[from] Stealth Rock
|
|-heal|p2a: stall-lu|86/100|[from] item: Leftovers
|upkeep
|turn|26
|c|☆redcted|yh gg lmao
|c|☆biscuitmeow|if you make kyurem special u sweep me lowkey
|-message|redcted forfeited.
|
|win|biscuitmeow
|raw|redcted's rating: 1391 &rarr; <strong>1371</strong><br />(-20 for losing)
|raw|biscuitmeow's rating: 1399 &rarr; <strong>1419</strong><br />(+20 for winning)
|l|☆redcted
|player|p1|
|c|☆biscuitmeow|ggwp
|l|☆biscuitmeow
|player|p2|
