|html|<div class="broadcast-blue"><strong>[Gen 9] OU is currently suspecting Tera Blast! For information on how to participate check out the <a href="https://www.smogon.com/tools/suspects/view/200">suspect thread</a>.</strong></div>
|j|☆erhai
|j|☆Migstaper
|t:|1776085624
|gametype|singles
|player|p1|erhai|265|1796
|player|p2|Migstaper|ltsurge|1776
|gen|9
|tier|[Gen 9] OU
|rated|
|rule|HP Percentage Mod: HP is shown in percentages
|rule|Endless Battle Clause: Forcing endless battles is banned
|rule|Species Clause: Limit one of each Pokémon
|rule|OHKO Clause: OHKO moves are banned
|rule|Evasion Items Clause: Evasion items are banned
|rule|Evasion Moves Clause: Evasion moves are banned
|rule|Evasion Abilities Clause: Evasion abilities are banned
|rule|Sleep Moves Clause: Sleep-inducing moves are banned
|clearpoke
|poke|p1|Iron Jugulis|
|poke|p1|Ogerpon, F|
|poke|p1|Scizor, F|
|poke|p1|Sandy Shocks|
|poke|p1|Latios, M|
|poke|p1|Manaphy|
|poke|p2|Darkrai|
|poke|p2|Enamorus, F|
|poke|p2|Dragapult, M|
|poke|p2|Dragonite, M|
|poke|p2|Great Tusk|
|poke|p2|Kingambit, M|
|teampreview
|inactive|Battle timer is ON: inactive players will automatically lose when time's up. (requested by erhai)
|
|t:|1776085635
|teamsize|p1|6
|teamsize|p2|6
|start
|switch|p1a: Sandy Shocks|Sandy Shocks|100/100
|switch|p2a: Read the Bible|Enamorus, F, shiny|100/100
|-enditem|p1a: Sandy Shocks|Booster Energy
|-activate|p1a: Sandy Shocks|ability: Protosynthesis|[fromitem]
|-start|p1a: Sandy Shocks|protosynthesisspe
|turn|1
|
|t:|1776085646
|switch|p2a: No condemnation|Kingambit, M, shiny|100/100
|move|p1a: Sandy Shocks|Stealth Rock|p2a: No condemnation
|-sidestart|p2: Migstaper|move: Stealth Rock
|
|upkeep
|turn|2
|
|t:|1776085654
|move|p1a: Sandy Shocks|Earth Power|p2a: No condemnation
|-supereffective|p2a: No condemnation
|-damage|p2a: No condemnation|44/100
|move|p2a: No condemnation|Kowtow Cleave|p1a: Sandy Shocks
|-damage|p1a: Sandy Shocks|51/100
|
|upkeep
|turn|3
|
|t:|1776085661
|move|p2a: No condemnation|Sucker Punch|p1a: Sandy Shocks
|-damage|p1a: Sandy Shocks|10/100
|move|p1a: Sandy Shocks|Earth Power|p2a: No condemnation
|-supereffective|p2a: No condemnation
|-damage|p2a: No condemnation|0 fnt
|faint|p2a: No condemnation
|-end|p2a: No condemnation|fallenundefined|[silent]
|
|upkeep
|
|t:|1776085669
|switch|p2a: Old Testament|Darkrai, shiny|100/100
|-damage|p2a: Old Testament|88/100|[from] Stealth Rock
|turn|4
|
|t:|1776085675
|move|p2a: Old Testament|Dark Pulse|p1a: Sandy Shocks
|-crit|p1a: Sandy Shocks
|-damage|p1a: Sandy Shocks|0 fnt
|faint|p1a: Sandy Shocks
|-end|p1a: Sandy Shocks|Protosynthesis|[silent]
|
|upkeep
|
|t:|1776085686
|switch|p1a: Scizor|Scizor, F, shiny|100/100
|turn|5
|
|t:|1776085691
|move|p2a: Old Testament|Dark Pulse|p1a: Scizor
|-damage|p1a: Scizor|46/100
|-enditem|p1a: Scizor|Sitrus Berry|[eat]
|-heal|p1a: Scizor|71/100|[from] item: Sitrus Berry
|move|p1a: Scizor|Swords Dance|p1a: Scizor
|-boost|p1a: Scizor|atk|2
|
|upkeep
|turn|6
|
|t:|1776085701
|move|p1a: Scizor|Bullet Punch|p2a: Old Testament
|-damage|p2a: Old Testament|0 fnt
|faint|p2a: Old Testament
|
|upkeep
|
|t:|1776085707
|switch|p2a: ROMANS 10:9|Great Tusk, shiny|100/100
|-damage|p2a: ROMANS 10:9|98/100|[from] Stealth Rock
|-enditem|p2a: ROMANS 10:9|Booster Energy
|-activate|p2a: ROMANS 10:9|ability: Protosynthesis|[fromitem]
|-start|p2a: ROMANS 10:9|protosynthesisatk
|turn|7
|
|t:|1776085714
|switch|p1a: Iron Jugulis|Iron Jugulis|100/100
|-enditem|p1a: Iron Jugulis|Booster Energy
|-activate|p1a: Iron Jugulis|ability: Quark Drive|[fromitem]
|-start|p1a: Iron Jugulis|quarkdrivespe
|move|p2a: ROMANS 10:9|Headlong Rush|p1a: Iron Jugulis
|-immune|p1a: Iron Jugulis
|
|upkeep
|turn|8
|
|t:|1776085731
|-terastallize|p2a: ROMANS 10:9|Ground
|move|p1a: Iron Jugulis|Hurricane|p2a: ROMANS 10:9|[miss]
|-miss|p1a: Iron Jugulis|p2a: ROMANS 10:9
|move|p2a: ROMANS 10:9|Rapid Spin|p1a: Iron Jugulis
|-damage|p1a: Iron Jugulis|76/100
|-boost|p2a: ROMANS 10:9|spe|1
|-sideend|p2: Migstaper|Stealth Rock|[from] move: Rapid Spin|[of] p2a: ROMANS 10:9
|
|upkeep
|turn|9
|
|t:|1776085743
|move|p1a: Iron Jugulis|Dark Pulse|p2a: ROMANS 10:9
|-crit|p2a: ROMANS 10:9
|-damage|p2a: ROMANS 10:9|5/100
|cant|p2a: ROMANS 10:9|flinch
|
|upkeep
|turn|10
|
|t:|1776085750
|move|p1a: Iron Jugulis|Dark Pulse|p2a: ROMANS 10:9
|-damage|p2a: ROMANS 10:9|0 fnt
|faint|p2a: ROMANS 10:9
|-end|p2a: ROMANS 10:9|Protosynthesis|[silent]
|
|upkeep
|
|t:|1776085757
|switch|p2a: Read the Bible|Enamorus, F, shiny|100/100
|turn|11
|
|t:|1776085761
|move|p1a: Iron Jugulis|Hurricane|p2a: Read the Bible|[miss]
|-miss|p1a: Iron Jugulis|p2a: Read the Bible
|move|p2a: Read the Bible|Moonblast|p1a: Iron Jugulis
|-supereffective|p1a: Iron Jugulis
|-damage|p1a: Iron Jugulis|0 fnt
|faint|p1a: Iron Jugulis
|-end|p1a: Iron Jugulis|Quark Drive|[silent]
|-damage|p2a: Read the Bible|91/100|[from] item: Life Orb
|
|upkeep
|
|t:|1776085765
|switch|p1a: Scizor|Scizor, F, shiny|71/100
|turn|12
|
|t:|1776085772
|move|p1a: Scizor|Bullet Punch|p2a: Read the Bible
|-supereffective|p2a: Read the Bible
|-damage|p2a: Read the Bible|0 fnt
|faint|p2a: Read the Bible
|
|upkeep
|
|t:|1776085777
|switch|p2a: Read Psalm 30|Dragapult, M, shiny|100/100
|turn|13
|
|t:|1776085781
|move|p2a: Read Psalm 30|Flamethrower|p1a: Scizor
|-supereffective|p1a: Scizor
|-damage|p1a: Scizor|0 fnt
|faint|p1a: Scizor
|-damage|p2a: Read Psalm 30|91/100|[from] item: Life Orb
|
|upkeep
|
|t:|1776085792
|switch|p1a: Ogerpon|Ogerpon, F|100/100
|turn|14
|j| loen_64
|
|t:|1776085799
|move|p2a: Read Psalm 30|Dragon Darts|p1a: Ogerpon
|-damage|p1a: Ogerpon|57/100
|-anim|p2a: Read Psalm 30|Dragon Darts|p1a: Ogerpon
|-damage|p1a: Ogerpon|9/100
|-damage|p2a: Read Psalm 30|81/100|[from] item: Life Orb
|move|p1a: Ogerpon|Swords Dance|p1a: Ogerpon
|-boost|p1a: Ogerpon|atk|2
|
|upkeep
|turn|15
|
|t:|1776085812
|-terastallize|p1a: Ogerpon|Grass
|detailschange|p1a: Ogerpon|Ogerpon-Teal-Tera, F, tera:Grass
|-ability|p1a: Ogerpon|Embody Aspect (Teal)|boost
|-boost|p1a: Ogerpon|spe|1
|move|p1a: Ogerpon|Ivy Cudgel|p2a: Read Psalm 30
|-resisted|p2a: Read Psalm 30
|-crit|p2a: Read Psalm 30
|-damage|p2a: Read Psalm 30|0 fnt
|faint|p2a: Read Psalm 30
|
|upkeep
|
|t:|1776085821
|switch|p2a: 1 Peter|Dragonite, M, shiny|100/100
|turn|16
|
|t:|1776085825
|move|p1a: Ogerpon|Rock Tomb|p2a: 1 Peter
|-supereffective|p2a: 1 Peter
|-damage|p2a: 1 Peter|60/100
|-unboost|p2a: 1 Peter|spe|1
|move|p2a: 1 Peter|Dragon Dance|p2a: 1 Peter
|-boost|p2a: 1 Peter|atk|1
|-boost|p2a: 1 Peter|spe|1
|
|upkeep
|turn|17
|
|t:|1776085833
|move|p2a: 1 Peter|Extreme Speed|p1a: Ogerpon
|-damage|p1a: Ogerpon|0 fnt
|faint|p1a: Ogerpon
|detailschange|p1: Ogerpon|Ogerpon, F|[silent]
|
|upkeep
|
|t:|1776085836
|switch|p1a: Manaphy|Manaphy|100/100
|turn|18
|
|t:|1776085840
|move|p1a: Manaphy|Ice Beam|p2a: 1 Peter
|-supereffective|p2a: 1 Peter
|-damage|p2a: 1 Peter|0 fnt
|faint|p2a: 1 Peter
|
|win|erhai
|raw|erhai's rating: 1796 &rarr; <strong>1815</strong><br />(+19 for winning)
|raw|Migstaper's rating: 1776 &rarr; <strong>1757</strong><br />(-19 for losing)
|l|☆erhai
|player|p1|
|l|☆Migstaper
|player|p2|
