|html|<div class="broadcast-blue"><strong>[Gen 9] OU is currently suspecting Tera Blast! For information on how to participate check out the <a href="https://www.smogon.com/tools/suspects/view/200">suspect thread</a>.</strong></div>
|j|☆Mrweston
|j|☆SoupTM
|t:|1776090558
|gametype|singles
|player|p1|Mrweston|ghetsis-gen5bw|1235
|player|p2|SoupTM|170|1218
|gen|9
|tier|[Gen 9] OU
|rated|
|rule|HP Percentage Mod: HP is shown in percentages
|rule|Endless Battle Clause: Forcing endless battles is banned
|rule|Species Clause: Limit one of each Pokémon
|rule|OHKO Clause: OHKO moves are banned
|rule|Evasion Items Clause: Evasion items are banned
|rule|Evasion Moves Clause: Evasion moves are banned
|rule|Evasion Abilities Clause: Evasion abilities are banned
|rule|Sleep Moves Clause: Sleep-inducing moves are banned
|clearpoke
|poke|p1|Hawlucha, F|
|poke|p1|Blaziken, F|
|poke|p1|Magnezone|
|poke|p1|Haunter, F|
|poke|p1|Donphan, M|
|poke|p1|Haxorus, M|
|poke|p2|Kingambit, F|
|poke|p2|Rillaboom, F|
|poke|p2|Slowking-Galar, M|
|poke|p2|Kyurem|
|poke|p2|Great Tusk|
|poke|p2|Rotom-Wash|
|teampreview
|inactive|Battle timer is ON: inactive players will automatically lose when time's up. (requested by SoupTM)
|
|t:|1776090589
|teamsize|p1|6
|teamsize|p2|6
|start
|switch|p1a: Haunter|Haunter, F|100/100
|switch|p2a: Rotom|Rotom-Wash|100/100
|turn|1
|
|t:|1776090598
|switch|p1a: Magnezone|Magnezone, shiny|100/100
|move|p2a: Rotom|Volt Switch|p1a: Magnezone
|-resisted|p1a: Magnezone
|-damage|p1a: Magnezone|92/100
|
|t:|1776090607
|switch|p2a: Great Tusk|Great Tusk|100/100|[from] Volt Switch
|-enditem|p2a: Great Tusk|Booster Energy
|-activate|p2a: Great Tusk|ability: Protosynthesis|[fromitem]
|-start|p2a: Great Tusk|protosynthesisatk
|
|upkeep
|turn|2
|
|t:|1776090618
|switch|p1a: Haunter|Haunter, F|100/100
|move|p2a: Great Tusk|Ice Spinner|p1a: Haunter
|-enditem|p1a: Haunter|Focus Sash
|-damage|p1a: Haunter|1/100
|
|upkeep
|turn|3
|
|t:|1776090626
|move|p1a: Haunter|Destiny Bond|p1a: Haunter
|-singlemove|p1a: Haunter|Destiny Bond
|move|p2a: Great Tusk|Ice Spinner|p1a: Haunter
|-damage|p1a: Haunter|0 fnt
|faint|p1a: Haunter
|-activate|p1a: Haunter|move: Destiny Bond
|faint|p2a: Great Tusk
|-end|p2a: Great Tusk|Protosynthesis|[silent]
|
|upkeep
|
|t:|1776090634
|switch|p1a: Magnezone|Magnezone, shiny|92/100
|switch|p2a: Kyurem|Kyurem, shiny|100/100
|-ability|p2a: Kyurem|Pressure
|turn|4
|
|t:|1776090640
|move|p2a: Kyurem|Earth Power|p1a: Magnezone
|-supereffective|p1a: Magnezone
|-damage|p1a: Magnezone|0 fnt
|faint|p1a: Magnezone
|
|upkeep
|
|t:|1776090642
|switch|p1a: Blaziken|Blaziken, F|100/100
|turn|5
|
|t:|1776090650
|switch|p2a: Slowking|Slowking-Galar, M|100/100
|-terastallize|p1a: Blaziken|Flying
|move|p1a: Blaziken|Swords Dance|p1a: Blaziken
|-boost|p1a: Blaziken|atk|2
|
|-ability|p1a: Blaziken|Speed Boost|boost
|-boost|p1a: Blaziken|spe|1
|upkeep
|turn|6
|
|t:|1776090659
|move|p1a: Blaziken|Swords Dance|p1a: Blaziken
|-boost|p1a: Blaziken|atk|2
|move|p2a: Slowking|Future Sight|p1a: Blaziken
|-start|p2a: Slowking|move: Future Sight
|
|-ability|p1a: Blaziken|Speed Boost|boost
|-boost|p1a: Blaziken|spe|1
|upkeep
|turn|7
|
|t:|1776090665
|move|p1a: Blaziken|Blaze Kick|p2a: Slowking
|-damage|p2a: Slowking|0 fnt
|faint|p2a: Slowking
|
|-ability|p1a: Blaziken|Speed Boost|boost
|-boost|p1a: Blaziken|spe|1
|upkeep
|
|t:|1776090671
|switch|p2a: Rotom|Rotom-Wash|100/100
|turn|8
|
|t:|1776090674
|move|p1a: Blaziken|Close Combat|p2a: Rotom
|-damage|p2a: Rotom|0 fnt
|-unboost|p1a: Blaziken|def|1
|-unboost|p1a: Blaziken|spd|1
|faint|p2a: Rotom
|
|-end|p1a: Blaziken|move: Future Sight
|-enditem|p1a: Blaziken|Focus Sash
|-damage|p1a: Blaziken|1/100
|-ability|p1a: Blaziken|Speed Boost|boost
|-boost|p1a: Blaziken|spe|1
|upkeep
|
|t:|1776090684
|switch|p2a: Rillaboom|Rillaboom, F|100/100
|-fieldstart|move: Grassy Terrain|[from] ability: Grassy Surge|[of] p2a: Rillaboom
|turn|9
|
|t:|1776090688
|move|p1a: Blaziken|Upper Hand|p2a: Rillaboom
|-damage|p2a: Rillaboom|0 fnt
|faint|p2a: Rillaboom
|
|-ability|p1a: Blaziken|Speed Boost|boost
|-boost|p1a: Blaziken|spe|1
|upkeep
|
|t:|1776090702
|switch|p2a: Kingambit|Kingambit, F, shiny|100/100
|-activate|p2a: Kingambit|ability: Supreme Overlord
|-start|p2a: Kingambit|fallen4|[silent]
|turn|10
|
|t:|1776090706
|move|p1a: Blaziken|Close Combat|p2a: Kingambit
|-supereffective|p2a: Kingambit
|-damage|p2a: Kingambit|0 fnt
|-unboost|p1a: Blaziken|def|1
|-unboost|p1a: Blaziken|spd|1
|faint|p2a: Kingambit
|-end|p2a: Kingambit|fallen4|[silent]
|
|-ability|p1a: Blaziken|Speed Boost|boost
|-boost|p1a: Blaziken|spe|1
|upkeep
|c|☆Mrweston|Gg
|-message|SoupTM forfeited.
|
|win|Mrweston
|raw|Mrweston's rating: 1235 &rarr; <strong>1259</strong><br />(+24 for winning)
|raw|SoupTM's rating: 1218 &rarr; <strong>1194</strong><br />(-24 for losing)
|l|☆SoupTM
|player|p2|
|l|☆Mrweston
|player|p1|
