|html|<div class="broadcast-blue"><strong>[Gen 9] OU is currently suspecting Tera Blast! For information on how to participate check out the <a href="https://www.smogon.com/tools/suspects/view/200">suspect thread</a>.</strong></div>
|j|☆maxcolor
|j|☆waterser
|t:|1776040843
|gametype|singles
|player|p1|maxcolor|265|1398
|player|p2|waterser|lucas-gen4pt|1415
|gen|9
|tier|[Gen 9] OU
|rated|
|rule|HP Percentage Mod: HP is shown in percentages
|rule|Endless Battle Clause: Forcing endless battles is banned
|rule|Species Clause: Limit one of each Pokémon
|rule|OHKO Clause: OHKO moves are banned
|rule|Evasion Items Clause: Evasion items are banned
|rule|Evasion Moves Clause: Evasion moves are banned
|rule|Evasion Abilities Clause: Evasion abilities are banned
|rule|Sleep Moves Clause: Sleep-inducing moves are banned
|clearpoke
|poke|p1|Maushold|
|poke|p1|Zoroark-Hisui, M|
|poke|p1|Ursaluna, F|
|poke|p1|Ambipom, M|
|poke|p1|Farigiraf, M|
|poke|p1|Snorlax, F|
|poke|p2|Great Tusk|
|poke|p2|Gliscor, M|
|poke|p2|Primarina, F|
|poke|p2|Dragonite, M|
|poke|p2|Kingambit, M|
|poke|p2|Gholdengo|
|teampreview
|inactive|Battle timer is ON: inactive players will automatically lose when time's up. (requested by waterser)
|inactive|maxcolor also wants the timer to be on.
|
|t:|1776040852
|teamsize|p1|6
|teamsize|p2|6
|start
|switch|p1a: Ambipom|Ambipom, M|100/100
|switch|p2a: Great Tusk|Great Tusk|100/100
|turn|1
|
|t:|1776040867
|-end|p2a: Great Tusk|Protosynthesis|[silent]
|switch|p2a: Primarina|Primarina, F|100/100
|move|p1a: Ambipom|Fake Out|p2a: Primarina
|-crit|p2a: Primarina
|-damage|p2a: Primarina|36/100
|
|upkeep
|turn|2
|
|t:|1776040876
|move|p1a: Ambipom|Covet|p2a: Primarina
|-damage|p2a: Primarina|0 fnt
|faint|p2a: Primarina
|
|upkeep
|
|t:|1776040881
|switch|p2a: Great Tusk|Great Tusk|100/100
|turn|3
|
|t:|1776040885
|switch|p1a: Farigiraf|Farigiraf, M|100/100
|move|p2a: Great Tusk|Stealth Rock|p1a: Farigiraf
|-sidestart|p1: maxcolor|move: Stealth Rock
|
|upkeep
|turn|4
|
|t:|1776040897
|-end|p2a: Great Tusk|Protosynthesis|[silent]
|switch|p2a: Gliscor|Gliscor, M, shiny|100/100
|move|p1a: Farigiraf|Reflect|p1a: Farigiraf
|-sidestart|p1: maxcolor|Reflect
|
|-status|p2a: Gliscor|tox|[from] item: Toxic Orb
|upkeep
|turn|5
|
|t:|1776040906
|move|p2a: Gliscor|Spikes|p1a: Farigiraf
|-sidestart|p1: maxcolor|Spikes
|move|p1a: Farigiraf|Light Screen|p1a: Farigiraf
|-sidestart|p1: maxcolor|move: Light Screen
|
|upkeep
|turn|6
|
|t:|1776040910
|switch|p1a: Ursaluna|Ursaluna, F|100/100
|-damage|p1a: Ursaluna|94/100|[from] Stealth Rock
|-damage|p1a: Ursaluna|82/100|[from] Spikes
|move|p2a: Gliscor|Spikes|p1a: Ursaluna
|-sidestart|p1: maxcolor|Spikes
|
|-status|p1a: Ursaluna|brn|[from] item: Flame Orb
|upkeep
|turn|7
|
|t:|1776040914
|move|p2a: Gliscor|Knock Off|p1a: Ursaluna
|-damage|p1a: Ursaluna|74/100 brn
|-enditem|p1a: Ursaluna|Flame Orb|[from] move: Knock Off|[of] p2a: Gliscor
|move|p1a: Ursaluna|Ice Punch|p2a: Gliscor
|-supereffective|p2a: Gliscor
|-damage|p2a: Gliscor|0 fnt
|faint|p2a: Gliscor
|
|-damage|p1a: Ursaluna|68/100 brn|[from] brn
|upkeep
|
|t:|1776040925
|switch|p2a: Kingambit|Kingambit, M|100/100
|-activate|p2a: Kingambit|ability: Supreme Overlord
|-start|p2a: Kingambit|fallen2|[silent]
|turn|8
|
|t:|1776040930
|move|p2a: Kingambit|Low Kick|p1a: Ursaluna
|-supereffective|p1a: Ursaluna
|-damage|p1a: Ursaluna|27/100 brn
|move|p1a: Ursaluna|Close Combat|p2a: Kingambit
|-supereffective|p2a: Kingambit
|-damage|p2a: Kingambit|0 fnt
|-unboost|p1a: Ursaluna|def|1
|-unboost|p1a: Ursaluna|spd|1
|faint|p2a: Kingambit
|-end|p2a: Kingambit|fallen2|[silent]
|
|-damage|p1a: Ursaluna|21/100 brn|[from] brn
|upkeep
|
|t:|1776040936
|switch|p2a: Great Tusk|Great Tusk|100/100
|turn|9
|
|t:|1776040939
|move|p2a: Great Tusk|Headlong Rush|p1a: Ursaluna
|-damage|p1a: Ursaluna|0 fnt
|-unboost|p2a: Great Tusk|def|1
|-unboost|p2a: Great Tusk|spd|1
|faint|p1a: Ursaluna
|
|upkeep
|
|t:|1776040948
|switch|p1a: Huntrix💙💛💜|Maushold, shiny|100/100
|-damage|p1a: Huntrix💙💛💜|88/100|[from] Stealth Rock
|-damage|p1a: Huntrix💙💛💜|72/100|[from] Spikes
|turn|10
|
|t:|1776040953
|move|p1a: Huntrix💙💛💜|Bitter Malice|p2a: Great Tusk
|-damage|p2a: Great Tusk|23/100
|-unboost|p2a: Great Tusk|atk|1
|move|p2a: Great Tusk|Headlong Rush|p1a: Huntrix💙💛💜
|-damage|p1a: Huntrix💙💛💜|37/100
|-unboost|p2a: Great Tusk|def|1
|-unboost|p2a: Great Tusk|spd|1
|replace|p1a: Helado de Galea|Zoroark-Hisui, M, shiny
|-end|p1a: Helado de Galea|Illusion
|
|-heal|p2a: Great Tusk|29/100|[from] item: Leftovers
|upkeep
|turn|11
|
|t:|1776040961
|move|p1a: Helado de Galea|Bitter Malice|p2a: Great Tusk
|-damage|p2a: Great Tusk|0 fnt
|faint|p2a: Great Tusk
|-end|p2a: Great Tusk|Protosynthesis|[silent]
|
|-sideend|p1: maxcolor|Reflect
|upkeep
|
|t:|1776040970
|switch|p2a: Gholdengo|Gholdengo|100/100
|turn|12
|
|t:|1776040972
|move|p1a: Helado de Galea|Bitter Malice|p2a: Gholdengo
|-supereffective|p2a: Gholdengo
|-damage|p2a: Gholdengo|0 fnt
|faint|p2a: Gholdengo
|
|-sideend|p1: maxcolor|move: Light Screen
|upkeep
|
|t:|1776040974
|switch|p2a: Dragonite|Dragonite, M|100/100
|turn|13
|
|t:|1776040977
|-terastallize|p2a: Dragonite|Normal
|move|p1a: Helado de Galea|Bitter Malice|p2a: Dragonite
|-immune|p2a: Dragonite
|move|p2a: Dragonite|Dragon Dance|p2a: Dragonite
|-boost|p2a: Dragonite|atk|1
|-boost|p2a: Dragonite|spe|1
|
|upkeep
|turn|14
|
|t:|1776040981
|switch|p1a: Ambipom|Ambipom, M|100/100
|-damage|p1a: Ambipom|88/100|[from] Stealth Rock
|-damage|p1a: Ambipom|72/100|[from] Spikes
|move|p2a: Dragonite|Dragon Dance|p2a: Dragonite
|-boost|p2a: Dragonite|atk|1
|-boost|p2a: Dragonite|spe|1
|
|upkeep
|turn|15
|
|t:|1776040984
|move|p1a: Ambipom|Fake Out|p2a: Dragonite
|-damage|p2a: Dragonite|82/100
|cant|p2a: Dragonite|flinch
|
|upkeep
|turn|16
|
|t:|1776040989
|move|p2a: Dragonite|Extreme Speed|p1a: Ambipom
|-damage|p1a: Ambipom|0 fnt
|faint|p1a: Ambipom
|
|upkeep
|
|t:|1776041010
|switch|p1a: Farigiraf|Farigiraf, M|100/100
|-damage|p1a: Farigiraf|88/100|[from] Stealth Rock
|-damage|p1a: Farigiraf|72/100|[from] Spikes
|turn|17
|
|t:|1776041013
|move|p2a: Dragonite|Ice Spinner|p1a: Farigiraf
|-damage|p1a: Farigiraf|19/100
|move|p1a: Farigiraf|Reflect|p1a: Farigiraf
|-sidestart|p1: maxcolor|Reflect
|
|upkeep
|turn|18
|
|t:|1776041021
|move|p2a: Dragonite|Ice Spinner|p1a: Farigiraf
|-damage|p1a: Farigiraf|0 fnt
|faint|p1a: Farigiraf
|
|upkeep
|
|t:|1776041026
|switch|p1a: Huntrix💙💛💜|Maushold, shiny|100/100
|-damage|p1a: Huntrix💙💛💜|88/100|[from] Stealth Rock
|-damage|p1a: Huntrix💙💛💜|72/100|[from] Spikes
|turn|19
|
|t:|1776041038
|-terastallize|p1a: Huntrix💙💛💜|Normal
|move|p2a: Dragonite|Fire Punch|p1a: Huntrix💙💛💜
|-damage|p1a: Huntrix💙💛💜|22/100
|-status|p1a: Huntrix💙💛💜|brn
|move|p1a: Huntrix💙💛💜|Population Bomb|p2a: Dragonite
|-damage|p2a: Dragonite|74/100
|-damage|p2a: Dragonite|66/100
|-damage|p2a: Dragonite|58/100
|-crit|p2a: Dragonite
|-damage|p2a: Dragonite|46/100
|-damage|p2a: Dragonite|38/100
|-damage|p2a: Dragonite|30/100
|-damage|p2a: Dragonite|22/100
|-damage|p2a: Dragonite|14/100
|-damage|p2a: Dragonite|5/100
|-damage|p2a: Dragonite|0 fnt
|faint|p2a: Dragonite
|-hitcount|p2: Dragonite|10
|
|win|maxcolor
|raw|maxcolor's rating: 1398 &rarr; <strong>1419</strong><br />(+21 for winning)
|raw|waterser's rating: 1415 &rarr; <strong>1394</strong><br />(-21 for losing)
|l|☆waterser
|player|p2|
|l|☆maxcolor
|player|p1|
