|html|<div class="broadcast-blue"><strong>[Gen 9] OU is currently suspecting Tera Blast! For information on how to participate check out the <a href="https://www.smogon.com/tools/suspects/view/200">suspect thread</a>.</strong></div>
|j|☆v1shnu17
|j|☆Camilo10_0706
|t:|1776105919
|gametype|singles
|player|p1|v1shnu17|miku-ghost|1340
|player|p2|Camilo10_0706|170|1337
|gen|9
|tier|[Gen 9] OU
|rated|
|rule|HP Percentage Mod: HP is shown in percentages
|rule|Endless Battle Clause: Forcing endless battles is banned
|rule|Species Clause: Limit one of each Pokémon
|rule|OHKO Clause: OHKO moves are banned
|rule|Evasion Items Clause: Evasion items are banned
|rule|Evasion Moves Clause: Evasion moves are banned
|rule|Evasion Abilities Clause: Evasion abilities are banned
|rule|Sleep Moves Clause: Sleep-inducing moves are banned
|clearpoke
|poke|p1|Medicham, F|
|poke|p1|Arcanine-Hisui, M|
|poke|p1|Darkrai|
|poke|p1|Corviknight, M|
|poke|p1|Great Tusk|
|poke|p1|Rillaboom, F|
|poke|p2|Pelipper, M|
|poke|p2|Iron Treads|
|poke|p2|Basculegion-F, F|
|poke|p2|Toxicroak, M|
|poke|p2|Floatzel, M|
|poke|p2|Kilowattrel, M|
|teampreview
|inactive|Battle timer is ON: inactive players will automatically lose when time's up. (requested by v1shnu17)
|
|t:|1776105933
|teamsize|p1|6
|teamsize|p2|6
|start
|switch|p1a: Corviknight|Corviknight, M, shiny|100/100
|switch|p2a: Pelipper|Pelipper, M|100/100
|-weather|RainDance|[from] ability: Drizzle|[of] p2a: Pelipper
|turn|1
|
|t:|1776105941
|move|p1a: Corviknight|Tailwind|p1a: Corviknight
|-sidestart|p1: v1shnu17|move: Tailwind
|move|p2a: Pelipper|U-turn|p1a: Corviknight
|-resisted|p1a: Corviknight
|-damage|p1a: Corviknight|99/100
|
|t:|1776105944
|switch|p2a: Kilowattrel|Kilowattrel, M|100/100|[from] U-turn
|
|-weather|RainDance|[upkeep]
|-heal|p1a: Corviknight|100/100|[from] item: Leftovers
|upkeep
|turn|2
|
|t:|1776105950
|move|p2a: Kilowattrel|Weather Ball|p1a: Corviknight
|-crit|p1a: Corviknight
|-damage|p1a: Corviknight|39/100
|move|p1a: Corviknight|U-turn|p2a: Kilowattrel
|-resisted|p2a: Kilowattrel
|-damage|p2a: Kilowattrel|88/100
|
|t:|1776105965
|switch|p1a: Darkrai|Darkrai, shiny|100/100|[from] U-turn
|
|-weather|RainDance|[upkeep]
|upkeep
|turn|3
|
|t:|1776105974
|switch|p2a: Toxicroak|Toxicroak, M|100/100
|move|p1a: Darkrai|Nasty Plot|p1a: Darkrai
|-boost|p1a: Darkrai|spa|2
|
|-weather|RainDance|[upkeep]
|upkeep
|turn|4
|
|t:|1776105980
|move|p1a: Darkrai|Ice Beam|p2a: Toxicroak
|-damage|p2a: Toxicroak|0 fnt
|faint|p2a: Toxicroak
|-damage|p1a: Darkrai|91/100|[from] item: Life Orb
|
|-weather|RainDance|[upkeep]
|-sideend|p1: v1shnu17|move: Tailwind
|upkeep
|
|t:|1776105985
|switch|p2a: Basculegion|Basculegion-F, F|100/100
|turn|5
|
|t:|1776105991
|switch|p1a: Corviknight|Corviknight, M, shiny|39/100
|move|p2a: Basculegion|Surf|p1a: Corviknight
|-damage|p1a: Corviknight|0 fnt
|faint|p1a: Corviknight
|
|-weather|RainDance|[upkeep]
|upkeep
|
|t:|1776105996
|switch|p1a: Rillaboom|Rillaboom, F|100/100
|-fieldstart|move: Grassy Terrain|[from] ability: Grassy Surge|[of] p1a: Rillaboom
|turn|6
|
|t:|1776106002
|switch|p2a: Kilowattrel|Kilowattrel, M|88/100
|move|p1a: Rillaboom|Wood Hammer|p2a: Kilowattrel
|-resisted|p2a: Kilowattrel
|-damage|p2a: Kilowattrel|0 fnt
|faint|p2a: Kilowattrel
|-damage|p1a: Rillaboom|80/100|[from] Recoil
|
|-weather|RainDance|[upkeep]
|-heal|p1a: Rillaboom|86/100|[from] Grassy Terrain
|upkeep
|
|t:|1776106016
|switch|p2a: Floatzel|Floatzel, M|100/100
|turn|7
|
|t:|1776106021
|switch|p1a: Medicham|Medicham, F|100/100
|move|p2a: Floatzel|Ice Spinner|p1a: Medicham
|-damage|p1a: Medicham|60/100
|-fieldend|move: Grassy Terrain
|
|-weather|RainDance|[upkeep]
|upkeep
|turn|8
|
|t:|1776106050
|move|p2a: Floatzel|Wave Crash|p1a: Medicham
|-damage|p1a: Medicham|0 fnt
|faint|p1a: Medicham
|-damage|p2a: Floatzel|84/100|[from] Recoil
|
|-weather|none
|upkeep
|
|t:|1776106062
|switch|p1a: Darkrai|Darkrai, shiny|91/100
|turn|9
|
|t:|1776106072
|move|p1a: Darkrai|Dark Pulse|p2a: Floatzel
|-crit|p2a: Floatzel
|-damage|p2a: Floatzel|0 fnt
|faint|p2a: Floatzel
|-damage|p1a: Darkrai|81/100|[from] item: Life Orb
|
|upkeep
|
|t:|1776106076
|switch|p2a: Pelipper|Pelipper, M|100/100
|-weather|RainDance|[from] ability: Drizzle|[of] p2a: Pelipper
|turn|10
|
|t:|1776106099
|move|p1a: Darkrai|Dark Pulse|p2a: Pelipper
|-damage|p2a: Pelipper|16/100
|-damage|p1a: Darkrai|71/100|[from] item: Life Orb
|move|p2a: Pelipper|U-turn|p1a: Darkrai
|-supereffective|p1a: Darkrai
|-damage|p1a: Darkrai|46/100
|
|t:|1776106103
|switch|p2a: Basculegion|Basculegion-F, F|100/100|[from] U-turn
|
|-weather|RainDance|[upkeep]
|upkeep
|turn|11
|
|t:|1776106120
|move|p2a: Basculegion|Shadow Ball|p1a: Darkrai
|-resisted|p1a: Darkrai
|-damage|p1a: Darkrai|7/100
|-unboost|p1a: Darkrai|spd|1
|move|p1a: Darkrai|Dark Pulse|p2a: Basculegion
|-supereffective|p2a: Basculegion
|-damage|p2a: Basculegion|0 fnt
|faint|p2a: Basculegion
|-damage|p1a: Darkrai|0 fnt|[from] item: Life Orb
|faint|p1a: Darkrai
|
|-weather|RainDance|[upkeep]
|upkeep
|
|t:|1776106123
|switch|p1a: Rillaboom|Rillaboom, F|86/100
|switch|p2a: Iron Treads|Iron Treads|100/100
|-fieldstart|move: Grassy Terrain|[from] ability: Grassy Surge|[of] p1a: Rillaboom
|turn|12
|
|t:|1776106128
|-terastallize|p1a: Rillaboom|Grass
|move|p1a: Rillaboom|Grassy Glide|p2a: Iron Treads
|-damage|p2a: Iron Treads|25/100
|move|p2a: Iron Treads|Knock Off|p1a: Rillaboom
|-damage|p1a: Rillaboom|61/100
|-enditem|p1a: Rillaboom|Choice Band|[from] move: Knock Off|[of] p2a: Iron Treads
|
|-weather|RainDance|[upkeep]
|-heal|p2a: Iron Treads|31/100|[from] Grassy Terrain
|-heal|p1a: Rillaboom|67/100|[from] Grassy Terrain
|upkeep
|turn|13
|-message|Camilo10_0706 forfeited.
|
|win|v1shnu17
|raw|v1shnu17's rating: 1340 &rarr; <strong>1360</strong><br />(+20 for winning)
|raw|Camilo10_0706's rating: 1337 &rarr; <strong>1317</strong><br />(-20 for losing)
|l|☆Camilo10_0706
|player|p2|
