|html|<div class="broadcast-blue"><strong>[Gen 9] OU is currently suspecting Tera Blast! For information on how to participate check out the <a href="https://www.smogon.com/tools/suspects/view/200">suspect thread</a>.</strong></div>
|j|☆t7pu
|j|☆Shattersong
|t:|1776071449
|gametype|singles
|player|p1|t7pu|1|1324
|player|p2|Shattersong|wattson|1314
|gen|9
|tier|[Gen 9] OU
|rated|
|rule|HP Percentage Mod: HP is shown in percentages
|rule|Endless Battle Clause: Forcing endless battles is banned
|rule|Species Clause: Limit one of each Pokémon
|rule|OHKO Clause: OHKO moves are banned
|rule|Evasion Items Clause: Evasion items are banned
|rule|Evasion Moves Clause: Evasion moves are banned
|rule|Evasion Abilities Clause: Evasion abilities are banned
|rule|Sleep Moves Clause: Sleep-inducing moves are banned
|clearpoke
|poke|p1|Pecharunt|
|poke|p1|Kingambit, F|
|poke|p1|Volcanion|
|poke|p1|Iron Valiant|
|poke|p1|Landorus-Therian, M|
|poke|p1|Deoxys-Speed|
|poke|p2|Ninetales, F|
|poke|p2|Scovillain, M|
|poke|p2|Glimmora, F|
|poke|p2|Raging Bolt|
|poke|p2|Kingambit, F|
|poke|p2|Quaquaval, M|
|teampreview
|
|t:|1776071458
|teamsize|p1|6
|teamsize|p2|6
|start
|switch|p1a: Landorus|Landorus-Therian, M|100/100
|switch|p2a: Jade|Ninetales, F, shiny|100/100
|-weather|SunnyDay|[from] ability: Drought|[of] p2a: Jade
|-ability|p1a: Landorus|Intimidate|boost
|-unboost|p2a: Jade|atk|1
|turn|1
|
|t:|1776071470
|switch|p2a: Seadall|Quaquaval, M|100/100
|move|p1a: Landorus|Earthquake|p2a: Seadall
|-damage|p2a: Seadall|41/100
|
|-weather|SunnyDay|[upkeep]
|upkeep
|turn|2
|
|t:|1776071479
|move|p1a: Landorus|Earthquake|p2a: Seadall
|-damage|p2a: Seadall|0 fnt
|faint|p2a: Seadall
|
|-weather|SunnyDay|[upkeep]
|upkeep
|
|t:|1776071491
|switch|p2a: Jalapeño|Scovillain, M|100/100
|turn|3
|inactive|Battle timer is ON: inactive players will automatically lose when time's up. (requested by Shattersong)
|
|t:|1776071520
|move|p2a: Jalapeño|Substitute|p2a: Jalapeño
|-start|p2a: Jalapeño|Substitute
|-damage|p2a: Jalapeño|76/100
|move|p1a: Landorus|Stealth Rock|p2a: Jalapeño
|-sidestart|p2: Shattersong|move: Stealth Rock
|
|-weather|SunnyDay|[upkeep]
|upkeep
|turn|4
|
|t:|1776071526
|move|p2a: Jalapeño|Growth|p2a: Jalapeño
|-boost|p2a: Jalapeño|atk|2
|-boost|p2a: Jalapeño|spa|2
|move|p1a: Landorus|Earthquake|p2a: Jalapeño
|-end|p2a: Jalapeño|Substitute
|
|-weather|SunnyDay|[upkeep]
|upkeep
|turn|5
|
|t:|1776071537
|move|p2a: Jalapeño|Flamethrower|p1a: Landorus
|-damage|p1a: Landorus|0 fnt
|faint|p1a: Landorus
|-damage|p2a: Jalapeño|66/100|[from] item: Life Orb
|
|-weather|SunnyDay|[upkeep]
|upkeep
|
|t:|1776071558
|switch|p1a: Deoxys|Deoxys-Speed|100/100
|-ability|p1a: Deoxys|Pressure
|turn|6
|
|t:|1776071565
|move|p2a: Jalapeño|Giga Drain|p1a: Deoxys
|-damage|p1a: Deoxys|0 fnt
|-heal|p2a: Jalapeño|100/100|[from] drain|[of] p1a: Deoxys
|faint|p1a: Deoxys
|-damage|p2a: Jalapeño|91/100|[from] item: Life Orb
|
|-weather|SunnyDay|[upkeep]
|upkeep
|inactive|t7pu has 120 seconds left.
|
|t:|1776071586
|switch|p1a: Pecharunt|Pecharunt|100/100
|turn|7
|
|t:|1776071592
|move|p2a: Jalapeño|Flamethrower|p1a: Pecharunt
|-damage|p1a: Pecharunt|0 fnt
|faint|p1a: Pecharunt
|-damage|p2a: Jalapeño|81/100|[from] item: Life Orb
|
|-weather|SunnyDay|[upkeep]
|upkeep
|inactive|t7pu has 120 seconds left.
|
|t:|1776071606
|switch|p1a: Volcanion|Volcanion|100/100
|turn|8
|inactive|Shattersong has 120 seconds left.
|-message|t7pu forfeited.
|
|win|Shattersong
|raw|t7pu's rating: 1324 &rarr; <strong>1303</strong><br />(-21 for losing)
|raw|Shattersong's rating: 1314 &rarr; <strong>1335</strong><br />(+21 for winning)
|l|☆t7pu
|player|p1|
