|html|<div class="broadcast-blue"><strong>[Gen 9] OU is currently suspecting Tera Blast! For information on how to participate check out the <a href="https://www.smogon.com/tools/suspects/view/200">suspect thread</a>.</strong></div>
|j|☆Sepublic
|j|☆FawnEel
|t:|1776203205
|gametype|singles
|player|p1|Sepublic|1|1353
|player|p2|FawnEel|iris|1343
|gen|9
|tier|[Gen 9] OU
|rated|
|rule|HP Percentage Mod: HP is shown in percentages
|rule|Endless Battle Clause: Forcing endless battles is banned
|rule|Species Clause: Limit one of each Pokémon
|rule|OHKO Clause: OHKO moves are banned
|rule|Evasion Items Clause: Evasion items are banned
|rule|Evasion Moves Clause: Evasion moves are banned
|rule|Evasion Abilities Clause: Evasion abilities are banned
|rule|Sleep Moves Clause: Sleep-inducing moves are banned
|clearpoke
|poke|p1|Samurott-Hisui, F|
|poke|p1|Great Tusk|
|poke|p1|Sinistcha|
|poke|p1|Regidrago|
|poke|p1|Iron Moth|
|poke|p1|Corviknight, F|
|poke|p2|Slowking-Galar, F|
|poke|p2|Kingambit, M|
|poke|p2|Hatterene, F|
|poke|p2|Heatran, M|
|poke|p2|Ursaluna, M|
|poke|p2|Diancie|
|teampreview
|
|t:|1776203222
|teamsize|p1|6
|teamsize|p2|6
|start
|switch|p1a: Iron Moth|Iron Moth|100/100
|switch|p2a: Hatterene|Hatterene, F|100/100
|turn|1
|
|t:|1776203229
|move|p1a: Iron Moth|Sludge Wave|p2a: Hatterene
|-supereffective|p2a: Hatterene
|-enditem|p2a: Hatterene|Focus Sash
|-damage|p2a: Hatterene|1/100
|move|p2a: Hatterene|Trick Room|p2a: Hatterene
|-fieldstart|move: Trick Room|[of] p2a: Hatterene
|
|upkeep
|turn|2
|
|t:|1776203243
|-end|p1a: Iron Moth|Quark Drive|[silent]
|switch|p1a: Corviknight|Corviknight, F|100/100
|-ability|p1a: Corviknight|Pressure
|move|p2a: Hatterene|Healing Wish|p2a: Hatterene
|faint|p2a: Hatterene
|
|upkeep
|
|t:|1776203252
|switch|p2a: Ursaluna|Ursaluna, M|100/100
|turn|3
|
|t:|1776203267
|move|p2a: Ursaluna|Close Combat|p1a: Corviknight
|-damage|p1a: Corviknight|63/100
|-unboost|p2a: Ursaluna|def|1
|-unboost|p2a: Ursaluna|spd|1
|move|p1a: Corviknight|U-turn|p2a: Ursaluna
|-damage|p2a: Ursaluna|86/100
|
|t:|1776203282
|switch|p1a: Great Tusk|Great Tusk|100/100|[from] U-turn
|-enditem|p1a: Great Tusk|Booster Energy
|-activate|p1a: Great Tusk|ability: Protosynthesis|[fromitem]
|-start|p1a: Great Tusk|protosynthesisspe
|
|-status|p2a: Ursaluna|brn|[from] item: Flame Orb
|upkeep
|turn|4
|
|t:|1776203298
|-end|p1a: Great Tusk|Protosynthesis|[silent]
|switch|p1a: Corviknight|Corviknight, F|63/100
|-ability|p1a: Corviknight|Pressure
|-terastallize|p2a: Ursaluna|Flying
|move|p2a: Ursaluna|Facade|p1a: Corviknight
|-resisted|p1a: Corviknight
|-damage|p1a: Corviknight|13/100
|
|-heal|p1a: Corviknight|19/100|[from] item: Leftovers
|-damage|p2a: Ursaluna|80/100 brn|[from] brn
|upkeep
|turn|5
|
|t:|1776203311
|move|p2a: Ursaluna|Close Combat|p1a: Corviknight
|-damage|p1a: Corviknight|0 fnt
|-unboost|p2a: Ursaluna|def|1
|-unboost|p2a: Ursaluna|spd|1
|faint|p1a: Corviknight
|
|-damage|p2a: Ursaluna|74/100 brn|[from] brn
|-fieldend|move: Trick Room
|upkeep
|
|t:|1776203330
|switch|p1a: Regidrago|Regidrago|100/100
|turn|6
|
|t:|1776203342
|switch|p2a: Diancie|Diancie|100/100
|move|p1a: Regidrago|Dragon Energy|p2a: Diancie
|-immune|p2a: Diancie
|
|upkeep
|turn|7
|
|t:|1776203348
|switch|p1a: Iron Moth|Iron Moth|100/100
|move|p2a: Diancie|Trick Room|p2a: Diancie
|-fieldstart|move: Trick Room|[of] p2a: Diancie
|
|upkeep
|turn|8
|
|t:|1776203358
|-terastallize|p1a: Iron Moth|Grass
|move|p2a: Diancie|Meteor Beam||[still]
|-prepare|p2a: Diancie|Meteor Beam
|-boost|p2a: Diancie|spa|1
|-enditem|p2a: Diancie|Power Herb
|-anim|p2a: Diancie|Meteor Beam|p1a: Iron Moth
|-crit|p1a: Iron Moth
|-damage|p1a: Iron Moth|0 fnt
|faint|p1a: Iron Moth
|-end|p1a: Iron Moth|Quark Drive|[silent]
|
|upkeep
|
|t:|1776203370
|switch|p1a: Samurott|Samurott-Hisui, F|100/100
|turn|9
|
|t:|1776203375
|move|p2a: Diancie|Moonblast|p1a: Samurott
|-supereffective|p1a: Samurott
|-damage|p1a: Samurott|0 fnt
|faint|p1a: Samurott
|
|upkeep
|
|t:|1776203384
|switch|p1a: Sinistcha|Sinistcha|100/100
|turn|10
|
|t:|1776203390
|move|p2a: Diancie|Moonblast|p1a: Sinistcha
|-crit|p1a: Sinistcha
|-damage|p1a: Sinistcha|0 fnt
|faint|p1a: Sinistcha
|
|upkeep
|
|t:|1776203402
|switch|p1a: Great Tusk|Great Tusk|100/100
|turn|11
|
|t:|1776203407
|-end|p1a: Great Tusk|Protosynthesis|[silent]
|switch|p1a: Regidrago|Regidrago|100/100
|move|p2a: Diancie|Moonblast|p1a: Regidrago
|-supereffective|p1a: Regidrago
|-damage|p1a: Regidrago|0 fnt
|faint|p1a: Regidrago
|
|-fieldend|move: Trick Room
|upkeep
|
|t:|1776203408
|switch|p1a: Great Tusk|Great Tusk|100/100
|turn|12
|
|t:|1776203420
|move|p1a: Great Tusk|Headlong Rush|p2a: Diancie
|-supereffective|p2a: Diancie
|-damage|p2a: Diancie|13/100
|-unboost|p1a: Great Tusk|def|1
|-unboost|p1a: Great Tusk|spd|1
|move|p2a: Diancie|Trick Room|p2a: Diancie
|-fieldstart|move: Trick Room|[of] p2a: Diancie
|
|upkeep
|turn|13
|c|☆Sepublic|that was some bs
|c|☆FawnEel|lmao
|-message|Sepublic forfeited.
|
|win|FawnEel
|raw|Sepublic's rating: 1353 &rarr; <strong>1332</strong><br />(-21 for losing)
|raw|FawnEel's rating: 1343 &rarr; <strong>1364</strong><br />(+21 for winning)
