|html|<div class="broadcast-blue"><strong>[Gen 9] OU is currently suspecting Tera Blast! For information on how to participate check out the <a href="https://www.smogon.com/tools/suspects/view/200">suspect thread</a>.</strong></div>
|j|☆Goon tank
|j|☆vrrbrbr1
|t:|1776041807
|gametype|singles
|player|p1|Goon tank|brycenman|1094
|player|p2|vrrbrbr1|2|1110
|gen|9
|tier|[Gen 9] OU
|rated|
|rule|HP Percentage Mod: HP is shown in percentages
|rule|Endless Battle Clause: Forcing endless battles is banned
|rule|Species Clause: Limit one of each Pokémon
|rule|OHKO Clause: OHKO moves are banned
|rule|Evasion Items Clause: Evasion items are banned
|rule|Evasion Moves Clause: Evasion moves are banned
|rule|Evasion Abilities Clause: Evasion abilities are banned
|rule|Sleep Moves Clause: Sleep-inducing moves are banned
|clearpoke
|poke|p1|Metagross|
|poke|p1|Zapdos-Galar|
|poke|p1|Hatterene, F|
|poke|p1|Alomomola, M|
|poke|p1|Kingambit, F|
|poke|p1|Fezandipiti, M|
|poke|p2|Sandslash-Alola, F|
|poke|p2|Slowking-Galar, F|
|poke|p2|Ninetales-Alola, F|
|poke|p2|Rotom-Wash|
|poke|p2|Hitmontop, M|
|poke|p2|Gliscor, M|
|teampreview
|inactive|Battle timer is ON: inactive players will automatically lose when time's up. (requested by vrrbrbr1)
|
|t:|1776041819
|teamsize|p1|6
|teamsize|p2|6
|start
|switch|p1a: THE kfc|Zapdos-Galar|100/100
|switch|p2a: Gliscor|Gliscor, M|100/100
|turn|1
|
|t:|1776041829
|move|p1a: THE kfc|U-turn|p2a: Gliscor
|-resisted|p2a: Gliscor
|-damage|p2a: Gliscor|86/100
|
|t:|1776041832
|switch|p1a: Guh|Alomomola, M|100/100|[from] U-turn
|move|p2a: Gliscor|Toxic|p1a: Guh
|-status|p1a: Guh|tox
|
|-damage|p1a: Guh|94/100 tox|[from] psn
|-status|p2a: Gliscor|tox|[from] item: Toxic Orb
|upkeep
|turn|2
|inactive|Goon tank has 120 seconds left.
|
|t:|1776041865
|move|p2a: Gliscor|Stealth Rock|p1a: Guh
|-sidestart|p1: Goon tank|move: Stealth Rock
|move|p1a: Guh|Flip Turn|p2a: Gliscor
|-supereffective|p2a: Gliscor
|-damage|p2a: Gliscor|61/100 tox
|inactive|Goon tank has 120 seconds left.
|
|t:|1776041873
|switch|p1a: THE kfc|Zapdos-Galar|100/100|[from] Flip Turn
|-damage|p1a: THE kfc|88/100|[from] Stealth Rock
|
|-heal|p2a: Gliscor|73/100 tox|[from] ability: Poison Heal
|upkeep
|turn|3
|inactive|Goon tank has 120 seconds left.
|
|t:|1776041888
|-terastallize|p1a: THE kfc|Steel
|move|p1a: THE kfc|Brave Bird|p2a: Gliscor
|-damage|p2a: Gliscor|6/100 tox
|-damage|p1a: THE kfc|64/100|[from] Recoil
|move|p2a: Gliscor|Toxic|p1a: THE kfc
|-immune|p1a: THE kfc
|
|-heal|p2a: Gliscor|19/100 tox|[from] ability: Poison Heal
|upkeep
|turn|4
|inactive|Goon tank has 120 seconds left.
|
|t:|1776041902
|switch|p2a: Rotom|Rotom-Wash|100/100
|move|p1a: THE kfc|Brave Bird|p2a: Rotom
|-resisted|p2a: Rotom
|-damage|p2a: Rotom|59/100
|-damage|p1a: THE kfc|51/100|[from] Recoil
|
|upkeep
|turn|5
|inactive|Goon tank has 120 seconds left.
|
|t:|1776041916
|switch|p1a: Cuh|Fezandipiti, M|100/100
|-damage|p1a: Cuh|88/100|[from] Stealth Rock
|move|p2a: Rotom|Will-O-Wisp|p1a: Cuh
|-status|p1a: Cuh|brn
|
|-damage|p1a: Cuh|82/100 brn|[from] brn
|upkeep
|turn|6
|inactive|Goon tank has 120 seconds left.
|
|t:|1776041927
|move|p2a: Rotom|Pain Split|p1a: Cuh
|-sethp|p1a: Cuh|64/100 brn|[from] move: Pain Split|[silent]
|-sethp|p2a: Rotom|80/100|[from] move: Pain Split
|move|p1a: Cuh|Poison Jab|p2a: Rotom
|-damage|p2a: Rotom|69/100
|
|-damage|p1a: Cuh|58/100 brn|[from] brn
|upkeep
|turn|7
|inactive|Goon tank has 120 seconds left.
|
|t:|1776041937
|move|p2a: Rotom|Volt Switch|p1a: Cuh
|-damage|p1a: Cuh|49/100 brn
|
|t:|1776041964
|switch|p2a: Gliscor|Gliscor, M|19/100 tox|[from] Volt Switch
|move|p1a: Cuh|Sludge Bomb|p2a: Gliscor
|-resisted|p2a: Gliscor
|-damage|p2a: Gliscor|9/100 tox
|
|-heal|p2a: Gliscor|21/100 tox|[from] ability: Poison Heal
|-damage|p1a: Cuh|43/100 brn|[from] brn
|upkeep
|turn|8
|
|t:|1776041977
|move|p2a: Gliscor|Earthquake|p1a: Cuh
|-supereffective|p1a: Cuh
|-damage|p1a: Cuh|0 fnt
|faint|p1a: Cuh
|
|-heal|p2a: Gliscor|34/100 tox|[from] ability: Poison Heal
|upkeep
|
|t:|1776041986
|switch|p1a: THE kfc|Zapdos-Galar, tera:Steel|51/100
|-damage|p1a: THE kfc|44/100|[from] Stealth Rock
|turn|9
|
|t:|1776041992
|move|p1a: THE kfc|Thunderous Kick|p2a: Gliscor
|-resisted|p2a: Gliscor
|-damage|p2a: Gliscor|7/100 tox
|-unboost|p2a: Gliscor|def|1
|move|p2a: Gliscor|Earthquake|p1a: THE kfc
|-supereffective|p1a: THE kfc
|-damage|p1a: THE kfc|0 fnt
|faint|p1a: THE kfc
|
|-heal|p2a: Gliscor|19/100 tox|[from] ability: Poison Heal
|upkeep
|
|t:|1776042005
|switch|p1a: Spoodah|Metagross, shiny|100/100
|-damage|p1a: Spoodah|94/100|[from] Stealth Rock
|turn|10
|
|t:|1776042019
|move|p2a: Gliscor|U-turn|p1a: Spoodah
|-damage|p1a: Spoodah|82/100
|-damage|p2a: Gliscor|2/100 tox|[from] item: Rocky Helmet|[of] p1a: Spoodah
|
|t:|1776042023
|switch|p2a: Rotom|Rotom-Wash|69/100|[from] U-turn
|move|p1a: Spoodah|Iron Head|p2a: Rotom
|-resisted|p2a: Rotom
|-damage|p2a: Rotom|60/100
|
|upkeep
|turn|11
|inactive|Goon tank has 120 seconds left.
|
|t:|1776042057
|switch|p1a: Baddie|Hatterene, F|100/100
|-damage|p1a: Baddie|88/100|[from] Stealth Rock
|move|p2a: Rotom|Will-O-Wisp|p1a: Baddie
|move|p1a: Baddie|Will-O-Wisp|p2a: Rotom|[from] ability: Magic Bounce
|-status|p2a: Rotom|brn
|
|-heal|p1a: Baddie|94/100|[from] item: Leftovers
|-damage|p2a: Rotom|53/100 brn|[from] brn
|upkeep
|turn|12
|
|t:|1776042069
|move|p2a: Rotom|Volt Switch|p1a: Baddie
|-damage|p1a: Baddie|72/100
|
|t:|1776042074
|switch|p2a: Slowking|Slowking-Galar, F, shiny|100/100|[from] Volt Switch
|move|p1a: Baddie|Calm Mind|p1a: Baddie
|-boost|p1a: Baddie|spa|1
|-boost|p1a: Baddie|spd|1
|
|-heal|p1a: Baddie|78/100|[from] item: Leftovers
|upkeep
|turn|13
|inactive|Goon tank has 120 seconds left.
|
|t:|1776042083
|move|p2a: Slowking|Sludge Bomb|p1a: Baddie
|-supereffective|p1a: Baddie
|-damage|p1a: Baddie|39/100
|move|p1a: Baddie|Future Sight|p2a: Slowking
|-start|p1a: Baddie|move: Future Sight
|
|-heal|p1a: Baddie|45/100|[from] item: Leftovers
|upkeep
|turn|14
|inactive|Goon tank has 120 seconds left.
|
|t:|1776042103
|-prepare|p2a: Slowking|Chilly Reception|[premajor]
|move|p2a: Slowking|Chilly Reception|p2a: Slowking
|-weather|Snowscape
|
|t:|1776042115
|switch|p2a: Rotom|Rotom-Wash|53/100 brn|[from] Chilly Reception
|move|p1a: Baddie|Mystical Fire|p2a: Rotom
|-resisted|p2a: Rotom
|-damage|p2a: Rotom|34/100 brn
|-unboost|p2a: Rotom|spa|1
|-enditem|p2a: Rotom|Sitrus Berry|[eat]
|-heal|p2a: Rotom|59/100 brn|[from] item: Sitrus Berry
|
|-weather|Snowscape|[upkeep]
|-heal|p1a: Baddie|50/100|[from] item: Leftovers
|-damage|p2a: Rotom|53/100 brn|[from] brn
|upkeep
|turn|15
|inactive|Goon tank has 120 seconds left.
|
|t:|1776042127
|move|p2a: Rotom|Pain Split|p1a: Baddie
|-sethp|p1a: Baddie|50/100|[from] move: Pain Split|[silent]
|-sethp|p2a: Rotom|53/100 brn|[from] move: Pain Split
|move|p1a: Baddie|Draining Kiss|p2a: Rotom
|-damage|p2a: Rotom|13/100 brn
|-heal|p1a: Baddie|79/100|[from] drain|[of] p2a: Rotom
|
|-weather|Snowscape|[upkeep]
|-end|p2a: Rotom|move: Future Sight
|-damage|p2a: Rotom|0 fnt
|faint|p2a: Rotom
|-heal|p1a: Baddie|85/100|[from] item: Leftovers
|upkeep
|
|t:|1776042133
|switch|p2a: Sandslash|Sandslash-Alola, F|100/100
|turn|16
|inactive|Goon tank has 120 seconds left.
|
|t:|1776042153
|switch|p1a: Spoodah|Metagross, shiny|82/100
|-damage|p1a: Spoodah|76/100|[from] Stealth Rock
|move|p2a: Sandslash|Iron Head|p1a: Spoodah
|-resisted|p1a: Spoodah
|-damage|p1a: Spoodah|61/100
|-damage|p2a: Sandslash|84/100|[from] item: Rocky Helmet|[of] p1a: Spoodah
|
|-weather|Snowscape|[upkeep]
|upkeep
|turn|17
|inactive|Goon tank has 120 seconds left.
|
|t:|1776042162
|move|p2a: Sandslash|Earthquake|p1a: Spoodah
|-supereffective|p1a: Spoodah
|-damage|p1a: Spoodah|13/100
|move|p1a: Spoodah|Iron Defense|p1a: Spoodah
|-boost|p1a: Spoodah|def|2
|
|-weather|Snowscape|[upkeep]
|upkeep
|turn|18
|
|t:|1776042171
|switch|p1a: Guh|Alomomola, M|100/100 tox
|move|p2a: Sandslash|Earthquake|p1a: Guh
|-damage|p1a: Guh|85/100 tox
|
|-weather|none
|-damage|p1a: Guh|79/100 tox|[from] psn
|upkeep
|turn|19
|
|t:|1776042178
|switch|p2a: Gliscor|Gliscor, M|2/100 tox
|move|p1a: Guh|Wish|p1a: Guh
|
|-heal|p2a: Gliscor|15/100 tox|[from] ability: Poison Heal
|-damage|p1a: Guh|66/100 tox|[from] psn
|upkeep
|turn|20
|
|t:|1776042185
|move|p2a: Gliscor|U-turn|p1a: Guh
|-damage|p1a: Guh|58/100 tox
|
|t:|1776042191
|switch|p2a: Slowking|Slowking-Galar, F, shiny|100/100|[from] U-turn
|move|p1a: Guh|Flip Turn|p2a: Slowking
|-damage|p2a: Slowking|88/100
|
|t:|1776042197
|switch|p1a: Spoodah|Metagross, shiny|13/100|[from] Flip Turn
|-damage|p1a: Spoodah|7/100|[from] Stealth Rock
|
|-heal|p1a: Spoodah|80/100|[from] move: Wish|[wisher] Guh
|-heal|p2a: Slowking|94/100|[from] item: Black Sludge
|upkeep
|turn|21
|
|t:|1776042209
|move|p1a: Spoodah|Iron Defense|p1a: Spoodah
|-boost|p1a: Spoodah|def|2
|move|p2a: Slowking|Flamethrower|p1a: Spoodah
|-supereffective|p1a: Spoodah
|-damage|p1a: Spoodah|30/100
|-status|p1a: Spoodah|brn
|
|-heal|p2a: Slowking|99/100|[from] item: Black Sludge
|-damage|p1a: Spoodah|24/100 brn|[from] brn
|upkeep
|turn|22
|
|t:|1776042225
|move|p1a: Spoodah|Knock Off|p2a: Slowking
|-supereffective|p2a: Slowking
|-damage|p2a: Slowking|71/100
|-enditem|p2a: Slowking|Black Sludge|[from] move: Knock Off|[of] p1a: Spoodah
|move|p2a: Slowking|Future Sight|p1a: Spoodah
|-start|p2a: Slowking|move: Future Sight
|
|-damage|p1a: Spoodah|18/100 brn|[from] brn
|upkeep
|turn|23
|
|t:|1776042232
|move|p1a: Spoodah|Knock Off|p2a: Slowking
|-supereffective|p2a: Slowking
|-damage|p2a: Slowking|53/100
|move|p2a: Slowking|Flamethrower|p1a: Spoodah
|-supereffective|p1a: Spoodah
|-damage|p1a: Spoodah|0 fnt
|faint|p1a: Spoodah
|
|upkeep
|
|t:|1776042242
|switch|p1a: Kuh|Kingambit, F|100/100
|-damage|p1a: Kuh|94/100|[from] Stealth Rock
|-activate|p1a: Kuh|ability: Supreme Overlord
|-start|p1a: Kuh|fallen3|[silent]
|turn|24
|
|t:|1776042255
|move|p1a: Kuh|Swords Dance|p1a: Kuh
|-boost|p1a: Kuh|atk|2
|move|p2a: Slowking|Flamethrower|p1a: Kuh
|-supereffective|p1a: Kuh
|-damage|p1a: Kuh|52/100
|
|-end|p1a: Kuh|move: Future Sight
|-immune|p1a: Kuh
|-heal|p1a: Kuh|58/100|[from] item: Leftovers
|upkeep
|turn|25
|
|t:|1776042265
|move|p1a: Kuh|Sucker Punch||[still]
|-fail|p1a: Kuh
|-prepare|p2a: Slowking|Chilly Reception|[premajor]
|move|p2a: Slowking|Chilly Reception|p2a: Slowking
|-weather|Snowscape
|
|t:|1776042267
|switch|p2a: Hitmontop|Hitmontop, M, shiny|100/100|[from] Chilly Reception
|
|-weather|Snowscape|[upkeep]
|-heal|p1a: Kuh|64/100|[from] item: Leftovers
|upkeep
|turn|26
|
|t:|1776042274
|move|p2a: Hitmontop|Mach Punch|p1a: Kuh
|-supereffective|p1a: Kuh
|-damage|p1a: Kuh|0 fnt
|faint|p1a: Kuh
|-end|p1a: Kuh|fallen3|[silent]
|-damage|p2a: Hitmontop|91/100|[from] item: Life Orb
|
|-weather|Snowscape|[upkeep]
|upkeep
|
|t:|1776042284
|switch|p1a: Baddie|Hatterene, F|85/100
|-damage|p1a: Baddie|73/100|[from] Stealth Rock
|turn|27
|
|t:|1776042291
|-terastallize|p2a: Hitmontop|Steel
|move|p2a: Hitmontop|Bullet Punch|p1a: Baddie
|-supereffective|p1a: Baddie
|-damage|p1a: Baddie|0 fnt
|faint|p1a: Baddie
|-damage|p2a: Hitmontop|81/100|[from] item: Life Orb
|
|-weather|Snowscape|[upkeep]
|upkeep
|
|t:|1776042303
|switch|p1a: Guh|Alomomola, M|92/100 tox
|turn|28
|-message|Goon tank forfeited.
|
|win|vrrbrbr1
|raw|Goon tank's rating: 1094 &rarr; <strong>1071</strong><br />(-23 for losing)
|raw|vrrbrbr1's rating: 1110 &rarr; <strong>1134</strong><br />(+24 for winning)
|l|☆Goon tank
|player|p1|
|l|☆vrrbrbr1
|player|p2|
