|html|<div class="broadcast-blue"><strong>[Gen 9] OU is currently suspecting Tera Blast! For information on how to participate check out the <a href="https://www.smogon.com/tools/suspects/view/200">suspect thread</a>.</strong></div>
|j|☆i got dat swagger
|j|☆mathismathin
|t:|1776222724
|gametype|singles
|player|p1|i got dat swagger|clair|1674
|player|p2|mathismathin|bugsy-masters|1745
|gen|9
|tier|[Gen 9] OU
|rated|
|rule|HP Percentage Mod: HP is shown in percentages
|rule|Endless Battle Clause: Forcing endless battles is banned
|rule|Species Clause: Limit one of each Pokémon
|rule|OHKO Clause: OHKO moves are banned
|rule|Evasion Items Clause: Evasion items are banned
|rule|Evasion Moves Clause: Evasion moves are banned
|rule|Evasion Abilities Clause: Evasion abilities are banned
|rule|Sleep Moves Clause: Sleep-inducing moves are banned
|clearpoke
|poke|p1|Samurott-Hisui, F|
|poke|p1|Dragapult, M|
|poke|p1|Gholdengo|
|poke|p1|Great Tusk|
|poke|p1|Iron Valiant|
|poke|p1|Zamazenta-*|
|poke|p2|Ribombee, M|
|poke|p2|Ogerpon-Wellspring, F|
|poke|p2|Lycanroc-Dusk, M|
|poke|p2|Basculegion-F, F|
|poke|p2|Cinderace, M|
|poke|p2|Glimmora, F|
|teampreview
|inactive|Battle timer is ON: inactive players will automatically lose when time's up. (requested by i got dat swagger)
|
|t:|1776222736
|teamsize|p1|6
|teamsize|p2|6
|start
|switch|p1a: Samurott|Samurott-Hisui, F|100/100
|switch|p2a: Ribombee|Ribombee, M|100/100
|turn|1
|
|t:|1776222744
|move|p2a: Ribombee|Sticky Web|p1a: Samurott
|-sidestart|p1: i got dat swagger|move: Sticky Web
|move|p1a: Samurott|Ceaseless Edge|p2a: Ribombee|[miss]
|-miss|p1a: Samurott|p2a: Ribombee
|
|upkeep
|turn|2
|inactive|mathismathin has 120 seconds left.
|
|t:|1776222781
|switch|p1a: Gholdengo|Gholdengo|100/100
|-item|p1a: Gholdengo|Air Balloon
|move|p2a: Ribombee|Moonblast|p1a: Gholdengo
|-resisted|p1a: Gholdengo
|-damage|p1a: Gholdengo|80/100
|-unboost|p1a: Gholdengo|spa|1
|-enditem|p1a: Gholdengo|Air Balloon
|
|upkeep
|turn|3
|inactive|mathismathin has 120 seconds left.
|
|t:|1776222793
|switch|p2a: Cinderace|Cinderace, M|100/100
|move|p1a: Gholdengo|Thunder Wave|p2a: Cinderace
|-status|p2a: Cinderace|par
|
|upkeep
|turn|4
|
|t:|1776222801
|switch|p1a: Great Tusk|Great Tusk|100/100
|-activate|p1a: Great Tusk|move: Sticky Web
|-unboost|p1a: Great Tusk|spe|1
|move|p2a: Cinderace|Low Kick|p1a: Great Tusk
|-damage|p1a: Great Tusk|76/100
|-damage|p2a: Cinderace|84/100 par|[from] item: Rocky Helmet|[of] p1a: Great Tusk
|
|upkeep
|turn|5
|
|t:|1776222808
|switch|p2a: Basculegion|Basculegion-F, F|100/100
|-item|p2a: Basculegion|Air Balloon
|move|p1a: Great Tusk|Stealth Rock|p2a: Basculegion
|-sidestart|p2: mathismathin|move: Stealth Rock
|
|upkeep
|turn|6
|
|t:|1776222816
|switch|p2a: Lycanroc|Lycanroc-Dusk, M|100/100
|-damage|p2a: Lycanroc|88/100|[from] Stealth Rock
|-end|p1a: Great Tusk|Protosynthesis|[silent]
|switch|p1a: Samurott|Samurott-Hisui, F|100/100
|-activate|p1a: Samurott|move: Sticky Web
|-unboost|p1a: Samurott|spe|1
|
|upkeep
|turn|7
|
|t:|1776222821
|switch|p1a: Great Tusk|Great Tusk|76/100
|-activate|p1a: Great Tusk|move: Sticky Web
|-unboost|p1a: Great Tusk|spe|1
|move|p2a: Lycanroc|Close Combat|p1a: Great Tusk
|-damage|p1a: Great Tusk|32/100
|-unboost|p2a: Lycanroc|def|1
|-unboost|p2a: Lycanroc|spd|1
|-damage|p2a: Lycanroc|72/100|[from] item: Rocky Helmet|[of] p1a: Great Tusk
|-damage|p2a: Lycanroc|62/100|[from] item: Life Orb
|
|upkeep
|turn|8
|
|t:|1776222830
|move|p2a: Lycanroc|Close Combat|p1a: Great Tusk
|-damage|p1a: Great Tusk|0 fnt
|-unboost|p2a: Lycanroc|def|1
|-unboost|p2a: Lycanroc|spd|1
|-damage|p2a: Lycanroc|45/100|[from] item: Rocky Helmet|[of] p1a: Great Tusk
|faint|p1a: Great Tusk
|-end|p1a: Great Tusk|Protosynthesis|[silent]
|-damage|p2a: Lycanroc|35/100|[from] item: Life Orb
|
|upkeep
|
|t:|1776222832
|switch|p1a: Dragapult|Dragapult, M|100/100
|-activate|p1a: Dragapult|move: Sticky Web
|-unboost|p1a: Dragapult|spe|1
|turn|9
|j| Hangryy
|inactive|mathismathin has 120 seconds left.
|inactive|mathismathin has 90 seconds left.
|
|t:|1776222896
|move|p2a: Lycanroc|Sucker Punch|p1a: Dragapult
|-supereffective|p1a: Dragapult
|-damage|p1a: Dragapult|0 fnt
|faint|p1a: Dragapult
|-damage|p2a: Lycanroc|25/100|[from] item: Life Orb
|
|upkeep
|-message|i got dat swagger forfeited.
|
|win|mathismathin
|raw|i got dat swagger's rating: 1674 &rarr; <strong>1658</strong><br />(-16 for losing)
|raw|mathismathin's rating: 1745 &rarr; <strong>1761</strong><br />(+16 for winning)
|l|☆i got dat swagger
|player|p1|
