|html|<div class="broadcast-blue"><strong>[Gen 9] OU is currently suspecting Tera Blast! For information on how to participate check out the <a href="https://www.smogon.com/tools/suspects/view/200">suspect thread</a>.</strong></div>
|j|☆dialethetica
|j|☆Nashira
|t:|1776068425
|gametype|singles
|player|p1|dialethetica|101|1127
|player|p2|Nashira|2|1138
|gen|9
|tier|[Gen 9] OU
|rated|
|rule|HP Percentage Mod: HP is shown in percentages
|rule|Endless Battle Clause: Forcing endless battles is banned
|rule|Species Clause: Limit one of each Pokémon
|rule|OHKO Clause: OHKO moves are banned
|rule|Evasion Items Clause: Evasion items are banned
|rule|Evasion Moves Clause: Evasion moves are banned
|rule|Evasion Abilities Clause: Evasion abilities are banned
|rule|Sleep Moves Clause: Sleep-inducing moves are banned
|clearpoke
|poke|p1|Darkrai|
|poke|p1|Mimikyu, F|
|poke|p1|Zoroark-Hisui, F|
|poke|p1|Arcanine-Hisui, M|
|poke|p1|Great Tusk|
|poke|p1|Kingambit, M|
|poke|p2|Excadrill, M|
|poke|p2|Tyranitar, M|
|poke|p2|Corviknight, M|
|poke|p2|Raging Bolt|
|poke|p2|Weavile, M|
|poke|p2|Slowbro, F|
|teampreview
|
|t:|1776068440
|teamsize|p1|6
|teamsize|p2|6
|start
|switch|p1a: Darkrai|Darkrai|100/100
|switch|p2a: Tyranitar|Tyranitar, M|100/100
|-weather|Sandstorm|[from] ability: Sand Stream|[of] p2a: Tyranitar
|turn|1
|
|t:|1776068452
|move|p1a: Darkrai|Focus Blast|p2a: Tyranitar
|-supereffective|p2a: Tyranitar
|-damage|p2a: Tyranitar|7/100
|-unboost|p2a: Tyranitar|spd|1
|move|p2a: Tyranitar|Stone Edge|p1a: Darkrai
|-damage|p1a: Darkrai|0 fnt
|faint|p1a: Darkrai
|
|-weather|Sandstorm|[upkeep]
|upkeep
|inactive|Battle timer is ON: inactive players will automatically lose when time's up. (requested by Nashira)
|
|t:|1776068462
|switch|p1a: Arcanine|Arcanine-Hisui, M, shiny|100/100
|turn|2
|
|t:|1776068466
|switch|p2a: Slowbro|Slowbro, F|100/100
|move|p1a: Arcanine|Extreme Speed|p2a: Slowbro
|-damage|p2a: Slowbro|79/100
|
|-weather|Sandstorm|[upkeep]
|-damage|p2a: Slowbro|73/100|[from] Sandstorm
|upkeep
|turn|3
|
|t:|1776068489
|switch|p1a: Kingambit|Kingambit, M|100/100
|move|p2a: Slowbro|Scald|p1a: Kingambit
|-damage|p1a: Kingambit|46/100
|replace|p1a: Zoroark|Zoroark-Hisui, F, shiny
|-end|p1a: Zoroark|Illusion
|
|-weather|Sandstorm|[upkeep]
|-damage|p1a: Zoroark|40/100|[from] Sandstorm
|-damage|p2a: Slowbro|66/100|[from] Sandstorm
|upkeep
|turn|4
|
|t:|1776068502
|switch|p2a: Weavile|Weavile, M|100/100
|-ability|p2a: Weavile|Pressure
|move|p1a: Zoroark|Shadow Ball|p2a: Weavile
|-resisted|p2a: Weavile
|-damage|p2a: Weavile|56/100
|
|-weather|Sandstorm|[upkeep]
|-damage|p2a: Weavile|50/100|[from] Sandstorm
|-damage|p1a: Zoroark|34/100|[from] Sandstorm
|upkeep
|turn|5
|
|t:|1776068519
|switch|p1a: Arcanine|Arcanine-Hisui, M, shiny|100/100
|move|p2a: Weavile|Knock Off|p1a: Arcanine
|-damage|p1a: Arcanine|28/100
|-enditem|p1a: Arcanine|Choice Band|[from] move: Knock Off|[of] p2a: Weavile
|-damage|p2a: Weavile|40/100|[from] item: Life Orb
|
|-weather|none
|upkeep
|turn|6
|
|t:|1776068531
|switch|p2a: Slowbro|Slowbro, F|99/100
|move|p1a: Arcanine|Extreme Speed|p2a: Slowbro
|-damage|p2a: Slowbro|85/100
|
|upkeep
|turn|7
|
|t:|1776068541
|move|p1a: Arcanine|Extreme Speed|p2a: Slowbro
|-damage|p2a: Slowbro|70/100
|move|p2a: Slowbro|Scald|p1a: Arcanine
|-supereffective|p1a: Arcanine
|-damage|p1a: Arcanine|0 fnt
|faint|p1a: Arcanine
|
|upkeep
|
|t:|1776068550
|switch|p1a: Mimikyu|Mimikyu, F, shiny|100/100
|turn|8
|
|t:|1776068555
|move|p1a: Mimikyu|Swords Dance|p1a: Mimikyu
|-boost|p1a: Mimikyu|atk|2
|move|p2a: Slowbro|Scald|p1a: Mimikyu
|-activate|p1a: Mimikyu|ability: Disguise
|-damage|p1a: Mimikyu|100/100
|detailschange|p1a: Mimikyu|Mimikyu-Busted, F, shiny
|-damage|p1a: Mimikyu|88/100|[from] pokemon: Mimikyu-Busted
|
|upkeep
|turn|9
|l|☆dialethetica
|inactive|dialethetica disconnected and has a minute to reconnect!
|player|p1|
|j|☆dialethetica
|inactive|dialethetica reconnected and has 125 seconds left.
|player|p1|dialethetica|101|
|inactive|dialethetica has 120 seconds left.
|
|t:|1776068587
|switch|p2a: Corviknight|Corviknight, M|100/100
|-ability|p2a: Corviknight|Pressure
|move|p1a: Mimikyu|Play Rough|p2a: Corviknight
|-resisted|p2a: Corviknight
|-damage|p2a: Corviknight|73/100
|-damage|p1a: Mimikyu|72/100|[from] item: Rocky Helmet|[of] p2a: Corviknight
|-damage|p1a: Mimikyu|62/100|[from] item: Life Orb
|
|upkeep
|turn|10
|inactive|dialethetica has 120 seconds left.
|
|t:|1776068602
|move|p1a: Mimikyu|Drain Punch|p2a: Corviknight
|-damage|p2a: Corviknight|42/100
|-heal|p1a: Mimikyu|87/100|[from] drain|[of] p2a: Corviknight
|-damage|p1a: Mimikyu|71/100|[from] item: Rocky Helmet|[of] p2a: Corviknight
|-damage|p1a: Mimikyu|61/100|[from] item: Life Orb
|move|p2a: Corviknight|Roost|p2a: Corviknight
|-heal|p2a: Corviknight|92/100
|-singleturn|p2a: Corviknight|move: Roost
|
|upkeep
|turn|11
|
|t:|1776068617
|move|p1a: Mimikyu|Drain Punch|p2a: Corviknight
|-damage|p2a: Corviknight|61/100
|-heal|p1a: Mimikyu|85/100|[from] drain|[of] p2a: Corviknight
|-damage|p1a: Mimikyu|69/100|[from] item: Rocky Helmet|[of] p2a: Corviknight
|-damage|p1a: Mimikyu|59/100|[from] item: Life Orb
|move|p2a: Corviknight|Brave Bird|p1a: Mimikyu
|-damage|p1a: Mimikyu|0 fnt
|faint|p1a: Mimikyu
|-damage|p2a: Corviknight|49/100|[from] Recoil
|
|upkeep
|
|t:|1776068630
|switch|p1a: Kingambit|Kingambit, M|34/100
|turn|12
|
|t:|1776068640
|switch|p2a: Tyranitar|Tyranitar, M|7/100
|-weather|Sandstorm|[from] ability: Sand Stream|[of] p2a: Tyranitar
|move|p1a: Kingambit|Flamethrower|p2a: Tyranitar
|-resisted|p2a: Tyranitar
|-damage|p2a: Tyranitar|0 fnt
|faint|p2a: Tyranitar
|
|-weather|Sandstorm|[upkeep]
|-damage|p1a: Kingambit|28/100|[from] Sandstorm
|upkeep
|
|t:|1776068649
|switch|p2a: Excadrill|Excadrill, M|100/100
|turn|13
|inactive|dialethetica has 120 seconds left.
|
|t:|1776068657
|switch|p1a: Great Tusk|Great Tusk|100/100
|move|p2a: Excadrill|Earthquake|p1a: Great Tusk
|-damage|p1a: Great Tusk|77/100
|
|-weather|Sandstorm|[upkeep]
|upkeep
|turn|14
|
|t:|1776068665
|switch|p2a: Slowbro|Slowbro, F|100/100
|move|p1a: Great Tusk|Stealth Rock|p2a: Slowbro
|-sidestart|p2: Nashira|move: Stealth Rock
|
|-weather|Sandstorm|[upkeep]
|-damage|p2a: Slowbro|94/100|[from] Sandstorm
|upkeep
|turn|15
|
|t:|1776068676
|move|p1a: Great Tusk|Knock Off|p2a: Slowbro
|-supereffective|p2a: Slowbro
|-damage|p2a: Slowbro|60/100
|-enditem|p2a: Slowbro|Heavy-Duty Boots|[from] move: Knock Off|[of] p1a: Great Tusk
|move|p2a: Slowbro|Scald|p1a: Great Tusk
|-supereffective|p1a: Great Tusk
|-damage|p1a: Great Tusk|3/100
|-status|p1a: Great Tusk|brn
|
|-weather|Sandstorm|[upkeep]
|-damage|p2a: Slowbro|54/100|[from] Sandstorm
|-damage|p1a: Great Tusk|0 fnt|[from] brn
|faint|p1a: Great Tusk
|-end|p1a: Great Tusk|Protosynthesis|[silent]
|upkeep
|inactive|dialethetica has 120 seconds left.
|
|t:|1776068690
|switch|p1a: Kingambit|Kingambit, M|28/100
|turn|16
|
|t:|1776068704
|switch|p2a: Corviknight|Corviknight, M|49/100
|-damage|p2a: Corviknight|36/100|[from] Stealth Rock
|-ability|p2a: Corviknight|Pressure
|move|p1a: Kingambit|Shadow Ball|p2a: Corviknight
|-damage|p2a: Corviknight|0 fnt
|faint|p2a: Corviknight
|
|-weather|none
|upkeep
|
|t:|1776068711
|switch|p2a: Weavile|Weavile, M|40/100
|-damage|p2a: Weavile|15/100|[from] Stealth Rock
|-ability|p2a: Weavile|Pressure
|turn|17
|
|t:|1776068721
|move|p2a: Weavile|Knock Off|p1a: Kingambit
|-supereffective|p1a: Kingambit
|-damage|p1a: Kingambit|0 fnt
|replace|p1a: Zoroark|Zoroark-Hisui, F, shiny
|-end|p1a: Zoroark|Illusion
|-enditem|p1a: Zoroark|Choice Specs|[from] move: Knock Off|[of] p2a: Weavile
|faint|p1a: Zoroark
|-damage|p2a: Weavile|5/100|[from] item: Life Orb
|
|upkeep
|
|t:|1776068729
|switch|p1a: Kingambit|Kingambit, M|100/100
|-activate|p1a: Kingambit|ability: Supreme Overlord
|-start|p1a: Kingambit|fallen5|[silent]
|turn|18
|
|t:|1776068739
|move|p2a: Weavile|Ice Shard|p1a: Kingambit
|-resisted|p1a: Kingambit
|-damage|p1a: Kingambit|91/100
|-damage|p2a: Weavile|0 fnt|[from] item: Life Orb
|faint|p2a: Weavile
|move|p1a: Kingambit|Iron Head|p2: Weavile|[notarget]
|-fail|p1a: Kingambit
|
|upkeep
|
|t:|1776068744
|switch|p2a: Slowbro|Slowbro, F|88/100
|-damage|p2a: Slowbro|75/100|[from] Stealth Rock
|turn|19
|
|t:|1776068753
|move|p1a: Kingambit|Sucker Punch||[still]
|-fail|p1a: Kingambit
|move|p2a: Slowbro|Thunder Wave|p1a: Kingambit
|-status|p1a: Kingambit|par
|
|upkeep
|turn|20
|
|t:|1776068761
|move|p1a: Kingambit|Sucker Punch|p2a: Slowbro
|-supereffective|p2a: Slowbro
|-damage|p2a: Slowbro|0 fnt
|faint|p2a: Slowbro
|
|upkeep
|
|t:|1776068765
|switch|p2a: Excadrill|Excadrill, M|100/100
|-damage|p2a: Excadrill|97/100|[from] Stealth Rock
|turn|21
|
|t:|1776068773
|move|p1a: Kingambit|Sucker Punch||[still]
|-fail|p1a: Kingambit
|move|p2a: Excadrill|Swords Dance|p2a: Excadrill
|-boost|p2a: Excadrill|atk|2
|
|-heal|p2a: Excadrill|100/100|[from] item: Leftovers
|upkeep
|turn|22
|
|t:|1776068782
|move|p1a: Kingambit|Sucker Punch|p2a: Excadrill
|-damage|p2a: Excadrill|0 fnt
|faint|p2a: Excadrill
|
|upkeep
|
|t:|1776068784
|switch|p2a: Raging Bolt|Raging Bolt|100/100
|-damage|p2a: Raging Bolt|88/100|[from] Stealth Rock
|-enditem|p2a: Raging Bolt|Booster Energy
|-activate|p2a: Raging Bolt|ability: Protosynthesis|[fromitem]
|-start|p2a: Raging Bolt|protosynthesisspa
|turn|23
|
|t:|1776068799
|-terastallize|p2a: Raging Bolt|Fairy
|move|p2a: Raging Bolt|Tera Blast|p1a: Kingambit|[anim] Tera Blast Fairy
|-damage|p1a: Kingambit|33/100 par
|cant|p1a: Kingambit|par
|
|upkeep
|turn|24
|
|t:|1776068812
|move|p1a: Kingambit|Sucker Punch|p2a: Raging Bolt
|-resisted|p2a: Raging Bolt
|-damage|p2a: Raging Bolt|51/100
|move|p2a: Raging Bolt|Tera Blast|p1a: Kingambit|[anim] Tera Blast Fairy
|-damage|p1a: Kingambit|0 fnt
|faint|p1a: Kingambit
|-end|p1a: Kingambit|fallen5|[silent]
|
|win|Nashira
|raw|dialethetica's rating: 1127 &rarr; <strong>1103</strong><br />(-24 for losing)
|raw|Nashira's rating: 1138 &rarr; <strong>1162</strong><br />(+24 for winning)
|l|☆dialethetica
|player|p1|
|l|☆Nashira
|player|p2|
