|html|<div class="broadcast-blue"><strong>[Gen 9] OU is currently suspecting Tera Blast! For information on how to participate check out the <a href="https://www.smogon.com/tools/suspects/view/200">suspect thread</a>.</strong></div>
|j|☆dalucu23
|j|☆jorge sinpa
|t:|1776109934
|gametype|singles
|player|p1|dalucu23|biker|1185
|player|p2|jorge sinpa|266|1197
|gen|9
|tier|[Gen 9] OU
|rated|
|rule|HP Percentage Mod: HP is shown in percentages
|rule|Endless Battle Clause: Forcing endless battles is banned
|rule|Species Clause: Limit one of each Pokémon
|rule|OHKO Clause: OHKO moves are banned
|rule|Evasion Items Clause: Evasion items are banned
|rule|Evasion Moves Clause: Evasion moves are banned
|rule|Evasion Abilities Clause: Evasion abilities are banned
|rule|Sleep Moves Clause: Sleep-inducing moves are banned
|clearpoke
|poke|p1|Pelipper, F|
|poke|p1|Barraskewda, M|
|poke|p1|Hydreigon, M|
|poke|p1|Dragapult, F|
|poke|p1|Volbeat, M|
|poke|p1|Tentacruel, M|
|poke|p2|Glimmora, M|
|poke|p2|Clodsire, F|
|poke|p2|Gliscor, M|
|poke|p2|Gholdengo|
|poke|p2|Hydreigon, M|
|poke|p2|Dragapult, M|
|teampreview
|inactive|Battle timer is ON: inactive players will automatically lose when time's up. (requested by dalucu23)
|l|☆jorge sinpa
|inactive|jorge sinpa disconnected and has a minute to reconnect!
|player|p2|
|j|☆jorge sinpa
|inactive|jorge sinpa reconnected and has 130 seconds left.
|player|p2|jorge sinpa|266|
|
|t:|1776109959
|teamsize|p1|6
|teamsize|p2|6
|start
|switch|p1a: Hydreigon|Hydreigon, M|100/100
|switch|p2a: Glimmora|Glimmora, M|100/100
|turn|1
|
|t:|1776109979
|move|p2a: Glimmora|Stealth Rock|p1a: Hydreigon
|-sidestart|p1: dalucu23|move: Stealth Rock
|move|p1a: Hydreigon|Earth Power|p2a: Glimmora
|-supereffective|p2a: Glimmora
|-enditem|p2a: Glimmora|Focus Sash
|-damage|p2a: Glimmora|1/100
|-damage|p1a: Hydreigon|91/100|[from] item: Life Orb
|
|upkeep
|turn|2
|inactive|jorge sinpa has 120 seconds left.
|
|t:|1776110003
|move|p2a: Glimmora|Spikes|p1a: Hydreigon
|-sidestart|p1: dalucu23|Spikes
|move|p1a: Hydreigon|Dark Pulse|p2a: Glimmora
|-damage|p2a: Glimmora|0 fnt
|faint|p2a: Glimmora
|-damage|p1a: Hydreigon|81/100|[from] item: Life Orb
|
|upkeep
|inactive|jorge sinpa has 120 seconds left.
|
|t:|1776110030
|switch|p2a: Hydreigon|Hydreigon, M|100/100
|turn|3
|
|t:|1776110044
|-terastallize|p2a: Hydreigon|Steel
|-terastallize|p1a: Hydreigon|Dark
|move|p2a: Hydreigon|Draco Meteor|p1a: Hydreigon
|-damage|p1a: Hydreigon|0 fnt
|-unboost|p2a: Hydreigon|spa|2
|faint|p1a: Hydreigon
|-damage|p2a: Hydreigon|91/100|[from] item: Life Orb
|
|upkeep
|inactive|dalucu23 has 120 seconds left.
|
|t:|1776110072
|switch|p1a: Pelipper|Pelipper, F|100/100
|-damage|p1a: Pelipper|76/100|[from] Stealth Rock
|-weather|RainDance|[from] ability: Drizzle|[of] p1a: Pelipper
|turn|4
|
|t:|1776110090
|move|p2a: Hydreigon|Draco Meteor|p1a: Pelipper|[miss]
|-miss|p2a: Hydreigon|p1a: Pelipper
|move|p1a: Pelipper|U-turn|p2a: Hydreigon
|-resisted|p2a: Hydreigon
|-damage|p2a: Hydreigon|86/100
|inactive|dalucu23 has 120 seconds left.
|
|t:|1776110106
|switch|p1a: Barraskewda|Barraskewda, M|100/100|[from] U-turn
|-damage|p1a: Barraskewda|88/100|[from] Stealth Rock
|-damage|p1a: Barraskewda|76/100|[from] Spikes
|
|-weather|RainDance|[upkeep]
|upkeep
|turn|5
|
|t:|1776110128
|switch|p2a: Gholdengo|Gholdengo|100/100
|-item|p2a: Gholdengo|Air Balloon
|move|p1a: Barraskewda|Psychic Fangs|p2a: Gholdengo
|-resisted|p2a: Gholdengo
|-damage|p2a: Gholdengo|74/100
|-enditem|p2a: Gholdengo|Air Balloon
|
|-weather|RainDance|[upkeep]
|upkeep
|turn|6
|
|t:|1776110142
|switch|p1a: Volbeat|Volbeat, M|100/100
|move|p2a: Gholdengo|Nasty Plot|p2a: Gholdengo
|-boost|p2a: Gholdengo|spa|2
|
|-weather|RainDance|[upkeep]
|upkeep
|turn|7
|
|t:|1776110154
|move|p1a: Volbeat|Encore|p2a: Gholdengo
|-immune|p2a: Gholdengo|[from] ability: Good as Gold
|move|p2a: Gholdengo|Make It Rain|p1a: Volbeat
|-damage|p1a: Volbeat|0 fnt
|-unboost|p2a: Gholdengo|spa|1
|faint|p1a: Volbeat
|
|-weather|RainDance|[upkeep]
|upkeep
|
|t:|1776110164
|switch|p1a: Barraskewda|Barraskewda, M|76/100
|-damage|p1a: Barraskewda|64/100|[from] Stealth Rock
|-damage|p1a: Barraskewda|52/100|[from] Spikes
|turn|8
|
|t:|1776110172
|move|p1a: Barraskewda|Waterfall|p2a: Gholdengo
|-damage|p2a: Gholdengo|0 fnt
|faint|p2a: Gholdengo
|
|-weather|RainDance|[upkeep]
|upkeep
|l|☆jorge sinpa
|inactive|jorge sinpa disconnected and has a minute to reconnect!
|player|p2|
|j|☆jorge sinpa
|inactive|jorge sinpa reconnected and has 80 seconds left.
|player|p2|jorge sinpa|266|
|
|t:|1776110207
|switch|p2a: Hydreigon|Hydreigon, M, tera:Steel|86/100
|turn|9
|
|t:|1776110218
|move|p1a: Barraskewda|Waterfall|p2a: Hydreigon
|-damage|p2a: Hydreigon|0 fnt
|faint|p2a: Hydreigon
|
|-weather|RainDance|[upkeep]
|upkeep
|
|t:|1776110240
|switch|p2a: Clodsire|Clodsire, F|100/100
|turn|10
|
|t:|1776110250
|switch|p1a: Tentacruel|Tentacruel, M|100/100
|-damage|p1a: Tentacruel|88/100|[from] Stealth Rock
|-damage|p1a: Tentacruel|76/100|[from] Spikes
|move|p2a: Clodsire|Toxic|p1a: Tentacruel
|-immune|p1a: Tentacruel
|
|-weather|RainDance|[upkeep]
|-heal|p1a: Tentacruel|82/100|[from] item: Leftovers
|upkeep
|turn|11
|
|t:|1776110267
|move|p1a: Tentacruel|Rapid Spin|p2a: Clodsire
|-damage|p2a: Clodsire|88/100
|-boost|p1a: Tentacruel|spe|1
|-sideend|p1: dalucu23|Spikes|[from] move: Rapid Spin|[of] p1a: Tentacruel
|-sideend|p1: dalucu23|Stealth Rock|[from] move: Rapid Spin|[of] p1a: Tentacruel
|move|p2a: Clodsire|Earthquake|p1a: Tentacruel
|-supereffective|p1a: Tentacruel
|-damage|p1a: Tentacruel|4/100
|
|-weather|none
|-heal|p1a: Tentacruel|10/100|[from] item: Leftovers
|-heal|p2a: Clodsire|94/100|[from] item: Leftovers
|upkeep
|turn|12
|
|t:|1776110276
|move|p1a: Tentacruel|Flip Turn|p2a: Clodsire
|-supereffective|p2a: Clodsire
|-damage|p2a: Clodsire|45/100
|
|t:|1776110279
|switch|p1a: Pelipper|Pelipper, F|76/100|[from] Flip Turn
|-weather|RainDance|[from] ability: Drizzle|[of] p1a: Pelipper
|move|p2a: Clodsire|Spikes|p1a: Pelipper
|-sidestart|p1: dalucu23|Spikes
|
|-weather|RainDance|[upkeep]
|-heal|p2a: Clodsire|51/100|[from] item: Leftovers
|upkeep
|turn|13
|
|t:|1776110290
|move|p1a: Pelipper|Tailwind|p1a: Pelipper
|-sidestart|p1: dalucu23|move: Tailwind
|move|p2a: Clodsire|Toxic|p1a: Pelipper
|-status|p1a: Pelipper|tox
|
|-weather|RainDance|[upkeep]
|-heal|p2a: Clodsire|57/100|[from] item: Leftovers
|-damage|p1a: Pelipper|69/100 tox|[from] psn
|upkeep
|turn|14
|
|t:|1776110303
|move|p1a: Pelipper|Surf|p2a: Clodsire
|-supereffective|p2a: Clodsire
|-damage|p2a: Clodsire|8/100
|move|p2a: Clodsire|Spikes|p1a: Pelipper
|-sidestart|p1: dalucu23|Spikes
|
|-weather|RainDance|[upkeep]
|-heal|p2a: Clodsire|14/100|[from] item: Leftovers
|-damage|p1a: Pelipper|57/100 tox|[from] psn
|upkeep
|turn|15
|
|t:|1776110311
|move|p1a: Pelipper|Surf|p2a: Clodsire
|-supereffective|p2a: Clodsire
|-damage|p2a: Clodsire|0 fnt
|faint|p2a: Clodsire
|
|-weather|RainDance|[upkeep]
|-damage|p1a: Pelipper|39/100 tox|[from] psn
|upkeep
|
|t:|1776110320
|switch|p2a: Gliscor|Gliscor, M|100/100
|turn|16
|inactive|jorge sinpa has 90 seconds left.
|
|t:|1776110327
|move|p2a: Gliscor|Protect|p2a: Gliscor
|-singleturn|p2a: Gliscor|Protect
|move|p1a: Pelipper|Surf|p2a: Gliscor
|-activate|p2a: Gliscor|move: Protect
|
|-weather|RainDance|[upkeep]
|-damage|p1a: Pelipper|14/100 tox|[from] psn
|-sideend|p1: dalucu23|move: Tailwind
|-status|p2a: Gliscor|tox|[from] item: Toxic Orb
|upkeep
|turn|17
|inactive|jorge sinpa has 90 seconds left.
|l|☆jorge sinpa
|inactive|jorge sinpa disconnected and has a minute to reconnect!
|player|p2|
|j|☆jorge sinpa
|inactive|jorge sinpa reconnected and has 70 seconds left.
|player|p2|jorge sinpa|266|
|inactive|jorge sinpa has 60 seconds left.
|
|t:|1776110376
|switch|p2a: Dragapult|Dragapult, M|100/100
|switch|p1a: Tentacruel|Tentacruel, M|10/100
|-damage|p1a: Tentacruel|0 fnt|[from] Spikes
|faint|p1a: Tentacruel
|
|-weather|RainDance|[upkeep]
|upkeep
|inactive|dalucu23 has 120 seconds left.
|inactive|dalucu23 has 90 seconds left.
|
|t:|1776110459
|switch|p1a: Barraskewda|Barraskewda, M|52/100
|-damage|p1a: Barraskewda|35/100|[from] Spikes
|turn|18
|inactive|jorge sinpa has 60 seconds left.
|
|t:|1776110474
|move|p1a: Barraskewda|Flip Turn|p2a: Dragapult
|-resisted|p2a: Dragapult
|-damage|p2a: Dragapult|54/100
|
|t:|1776110479
|switch|p1a: Dragapult|Dragapult, F|100/100|[from] Flip Turn
|-damage|p1a: Dragapult|84/100|[from] Spikes
|move|p2a: Dragapult|U-turn|p1a: Dragapult
|-resisted|p1a: Dragapult
|-damage|p1a: Dragapult|72/100
|-start|p2a: Dragapult|Disable|U-turn|[from] ability: Cursed Body|[of] p1a: Dragapult
|
|t:|1776110489
|switch|p2a: Gliscor|Gliscor, M|100/100 tox|[from] U-turn
|
|-weather|RainDance|[upkeep]
|upkeep
|turn|19
|inactive|dalucu23 has 90 seconds left.
|inactive|jorge sinpa has 60 seconds left.
|
|t:|1776110504
|move|p1a: Dragapult|Dragon Pulse|p2a: Gliscor
|-damage|p2a: Gliscor|28/100 tox
|move|p2a: Gliscor|Toxic|p1a: Dragapult
|-status|p1a: Dragapult|tox
|
|-weather|none
|-damage|p1a: Dragapult|66/100 tox|[from] psn
|-heal|p2a: Gliscor|40/100 tox|[from] ability: Poison Heal
|upkeep
|turn|20
|inactive|dalucu23 has 90 seconds left.
|
|t:|1776110512
|switch|p1a: Pelipper|Pelipper, F|14/100 tox
|-weather|RainDance|[from] ability: Drizzle|[of] p1a: Pelipper
|move|p2a: Gliscor|Protect||[still]
|-fail|p2a: Gliscor
|
|-weather|RainDance|[upkeep]
|-heal|p2a: Gliscor|53/100 tox|[from] ability: Poison Heal
|-damage|p1a: Pelipper|8/100 tox|[from] psn
|upkeep
|turn|21
|inactive|dalucu23 has 90 seconds left.
|inactive|jorge sinpa has 60 seconds left.
|
|t:|1776110528
|move|p2a: Gliscor|Protect|p2a: Gliscor
|-singleturn|p2a: Gliscor|Protect
|move|p1a: Pelipper|Tailwind|p1a: Pelipper
|-sidestart|p1: dalucu23|move: Tailwind
|
|-weather|RainDance|[upkeep]
|-damage|p1a: Pelipper|0 fnt|[from] psn
|faint|p1a: Pelipper
|-heal|p2a: Gliscor|65/100 tox|[from] ability: Poison Heal
|upkeep
|inactive|dalucu23 has 90 seconds left.
|
|t:|1776110537
|switch|p1a: Barraskewda|Barraskewda, M|35/100
|-damage|p1a: Barraskewda|19/100|[from] Spikes
|turn|22
|inactive|jorge sinpa has 60 seconds left.
|
|t:|1776110554
|move|p1a: Barraskewda|Flip Turn|p2a: Gliscor
|-supereffective|p2a: Gliscor
|-damage|p2a: Gliscor|0 fnt
|faint|p2a: Gliscor
|
|t:|1776110558
|switch|p1a: Dragapult|Dragapult, F|66/100 tox|[from] Flip Turn
|-damage|p1a: Dragapult|50/100 tox|[from] Spikes
|
|-weather|RainDance|[upkeep]
|-damage|p1a: Dragapult|44/100 tox|[from] psn
|upkeep
|
|t:|1776110567
|switch|p2a: Dragapult|Dragapult, M|54/100
|turn|23
|
|t:|1776110574
|move|p1a: Dragapult|Shadow Ball|p2a: Dragapult
|-supereffective|p2a: Dragapult
|-damage|p2a: Dragapult|0 fnt
|faint|p2a: Dragapult
|
|win|dalucu23
|raw|dalucu23's rating: 1185 &rarr; <strong>1211</strong><br />(+26 for winning)
|raw|jorge sinpa's rating: 1197 &rarr; <strong>1171</strong><br />(-26 for losing)
|l|☆jorge sinpa
|player|p2|
|c|☆dalucu23|Gg
