|html|<div class="broadcast-blue"><strong>[Gen 9] OU is currently suspecting Tera Blast! For information on how to participate check out the <a href="https://www.smogon.com/tools/suspects/view/200">suspect thread</a>.</strong></div>
|j|☆Zetious
|j|☆OP Earthquakes
|t:|1776213171
|gametype|singles
|player|p1|Zetious|iris|1573
|player|p2|OP Earthquakes|giovanni-masters|1751
|gen|9
|tier|[Gen 9] OU
|rated|
|rule|HP Percentage Mod: HP is shown in percentages
|rule|Endless Battle Clause: Forcing endless battles is banned
|rule|Species Clause: Limit one of each Pokémon
|rule|OHKO Clause: OHKO moves are banned
|rule|Evasion Items Clause: Evasion items are banned
|rule|Evasion Moves Clause: Evasion moves are banned
|rule|Evasion Abilities Clause: Evasion abilities are banned
|rule|Sleep Moves Clause: Sleep-inducing moves are banned
|clearpoke
|poke|p1|Gliscor, M|
|poke|p1|Heatran, M|
|poke|p1|Sinistcha|
|poke|p1|Corviknight, M|
|poke|p1|Tentacruel, F|
|poke|p1|Darkrai|
|poke|p2|Excadrill, M|
|poke|p2|Tyranitar, M|
|poke|p2|Kyurem|
|poke|p2|Hawlucha, M|
|poke|p2|Pawmot, F|
|poke|p2|Grimmsnarl, M|
|teampreview
|inactive|Battle timer is ON: inactive players will automatically lose when time's up. (requested by OP Earthquakes)
|c|☆OP Earthquakes|GLHF
|
|t:|1776213196
|teamsize|p1|6
|teamsize|p2|6
|start
|switch|p1a: Gliscor|Gliscor, M|100/100
|switch|p2a: Grimmsnarl|Grimmsnarl, M|100/100
|turn|1
|
|t:|1776213203
|move|p2a: Grimmsnarl|Light Screen|p2a: Grimmsnarl
|-sidestart|p2: OP Earthquakes|move: Light Screen
|move|p1a: Gliscor|Knock Off|p2a: Grimmsnarl
|-resisted|p2a: Grimmsnarl
|-damage|p2a: Grimmsnarl|94/100
|-enditem|p2a: Grimmsnarl|Light Clay|[from] move: Knock Off|[of] p1a: Gliscor
|
|-status|p1a: Gliscor|tox|[from] item: Toxic Orb
|upkeep
|turn|2
|
|t:|1776213209
|switch|p2a: Frieza|Kyurem, shiny|100/100
|-ability|p2a: Frieza|Pressure
|move|p1a: Gliscor|Spikes|p2a: Frieza
|-sidestart|p2: OP Earthquakes|Spikes
|
|upkeep
|turn|3
|
|t:|1776213215
|switch|p1a: Heatran|Heatran, M|100/100
|move|p2a: Frieza|Freeze-Dry|p1a: Heatran
|-resisted|p1a: Heatran
|-damage|p1a: Heatran|93/100
|
|-heal|p1a: Heatran|99/100|[from] item: Leftovers
|upkeep
|turn|4
|
|t:|1776213225
|-terastallize|p1a: Heatran|Ghost
|move|p2a: Frieza|Earth Power|p1a: Heatran
|-damage|p1a: Heatran|78/100
|move|p1a: Heatran|Magma Storm|p2a: Frieza
|-damage|p2a: Frieza|80/100
|-activate|p2a: Frieza|move: Magma Storm|[of] p1a: Heatran
|
|-heal|p1a: Heatran|84/100|[from] item: Leftovers
|-damage|p2a: Frieza|67/100|[from] move: Magma Storm|[partiallytrapped]
|upkeep
|turn|5
|
|t:|1776213233
|move|p2a: Frieza|Shadow Ball|p1a: Heatran
|-supereffective|p1a: Heatran
|-damage|p1a: Heatran|32/100
|move|p1a: Heatran|Stealth Rock|p2a: Frieza
|-sidestart|p2: OP Earthquakes|move: Stealth Rock
|
|-heal|p1a: Heatran|38/100|[from] item: Leftovers
|-damage|p2a: Frieza|55/100|[from] move: Magma Storm|[partiallytrapped]
|upkeep
|turn|6
|
|t:|1776213239
|move|p2a: Frieza|Shadow Ball|p1a: Heatran
|-supereffective|p1a: Heatran
|-damage|p1a: Heatran|0 fnt
|faint|p1a: Heatran
|
|-end|p2a: Frieza|Magma Storm|[partiallytrapped]|[silent]
|upkeep
|
|t:|1776213244
|switch|p1a: Darkrai|Darkrai|100/100
|turn|7
|
|t:|1776213249
|move|p1a: Darkrai|Knock Off|p2a: Frieza
|-damage|p2a: Frieza|23/100
|-enditem|p2a: Frieza|Expert Belt|[from] move: Knock Off|[of] p1a: Darkrai
|move|p2a: Frieza|Freeze-Dry|p1a: Darkrai
|-damage|p1a: Darkrai|39/100
|
|upkeep
|turn|8
|
|t:|1776213256
|move|p1a: Darkrai|Dark Pulse|p2a: Frieza
|-damage|p2a: Frieza|0 fnt
|faint|p2a: Frieza
|
|-sideend|p2: OP Earthquakes|move: Light Screen
|upkeep
|
|t:|1776213262
|switch|p2a: Grimmsnarl|Grimmsnarl, M|94/100
|-damage|p2a: Grimmsnarl|81/100|[from] Spikes
|-damage|p2a: Grimmsnarl|69/100|[from] Stealth Rock
|turn|9
|
|t:|1776213268
|switch|p1a: Gliscor|Gliscor, M|100/100 tox
|move|p2a: Grimmsnarl|Light Screen|p2a: Grimmsnarl
|-sidestart|p2: OP Earthquakes|move: Light Screen
|
|upkeep
|turn|10
|
|t:|1776213270
|switch|p2a: Itachi|Hawlucha, M, shiny|100/100
|-damage|p2a: Itachi|88/100|[from] Stealth Rock
|-ability|p2a: Itachi|Mold Breaker
|move|p1a: Gliscor|Spikes|p2a: Itachi
|-sidestart|p2: OP Earthquakes|Spikes
|
|upkeep
|turn|11
|
|t:|1776213277
|switch|p1a: Corviknight|Corviknight, M|100/100
|-ability|p1a: Corviknight|Pressure
|move|p2a: Itachi|Defog|p1a: Corviknight
|-unboost|p1a: Corviknight|evasion|1
|-sideend|p2: OP Earthquakes|Spikes|[from] move: Defog|[of] p2a: Itachi
|-sideend|p2: OP Earthquakes|Stealth Rock|[from] move: Defog|[of] p2a: Itachi
|
|upkeep
|turn|12
|
|t:|1776213280
|switch|p2a: Porunga|Pawmot, F|100/100
|move|p1a: Corviknight|Iron Defense|p1a: Corviknight
|-boost|p1a: Corviknight|def|2
|
|upkeep
|turn|13
|
|t:|1776213283
|move|p2a: Porunga|Revival Blessing|p2a: Porunga
|-enditem|p2a: Porunga|Leppa Berry|[eat]
|-activate|p2a: Porunga|item: Leppa Berry|Revival Blessing|[consumed]
|
|t:|1776213286
|-heal|p2: Frieza|50/100|[from] move: Revival Blessing
|move|p1a: Corviknight|Iron Defense|p1a: Corviknight
|-boost|p1a: Corviknight|def|2
|
|-sideend|p2: OP Earthquakes|move: Light Screen
|upkeep
|turn|14
|
|t:|1776213290
|switch|p2a: Itachi|Hawlucha, M, shiny|88/100
|-ability|p2a: Itachi|Mold Breaker
|move|p1a: Corviknight|Brave Bird|p2a: Itachi
|-supereffective|p2a: Itachi
|-damage|p2a: Itachi|0 fnt
|faint|p2a: Itachi
|-damage|p1a: Corviknight|79/100|[from] Recoil
|
|upkeep
|c|☆OP Earthquakes|Wp
|
|t:|1776213300
|switch|p2a: Frieza|Kyurem, shiny|50/100
|-ability|p2a: Frieza|Pressure
|turn|15
|
|t:|1776213304
|move|p2a: Frieza|Freeze-Dry|p1a: Corviknight
|-damage|p1a: Corviknight|42/100
|-status|p1a: Corviknight|frz
|cant|p1a: Corviknight|frz
|
|upkeep
|turn|16
|
|t:|1776213310
|move|p2a: Frieza|Freeze-Dry|p1a: Corviknight
|-damage|p1a: Corviknight|5/100 frz
|cant|p1a: Corviknight|frz
|
|upkeep
|turn|17
|
|t:|1776213312
|move|p2a: Frieza|Freeze-Dry|p1a: Corviknight
|-damage|p1a: Corviknight|0 fnt
|faint|p1a: Corviknight
|
|upkeep
|
|t:|1776213315
|switch|p1a: Darkrai|Darkrai|39/100
|turn|18
|
|t:|1776213318
|switch|p2a: The sandstorm|Tyranitar, M, shiny|100/100
|-weather|Sandstorm|[from] ability: Sand Stream|[of] p2a: The sandstorm
|move|p1a: Darkrai|Dark Pulse|p2a: The sandstorm
|-resisted|p2a: The sandstorm
|-damage|p2a: The sandstorm|82/100
|
|-weather|Sandstorm|[upkeep]
|-damage|p1a: Darkrai|33/100|[from] Sandstorm
|upkeep
|turn|19
|
|t:|1776213326
|switch|p1a: Gliscor|Gliscor, M|100/100 tox
|move|p2a: The sandstorm|Ice Beam|p1a: Gliscor
|-supereffective|p1a: Gliscor
|-damage|p1a: Gliscor|12/100 tox
|
|-weather|Sandstorm|[upkeep]
|-heal|p1a: Gliscor|24/100 tox|[from] ability: Poison Heal
|upkeep
|turn|20
|
|t:|1776213335
|move|p1a: Gliscor|Protect|p1a: Gliscor
|-singleturn|p1a: Gliscor|Protect
|move|p2a: The sandstorm|Roar|p1a: Gliscor
|drag|p1a: Darkrai|Darkrai|33/100
|
|-weather|Sandstorm|[upkeep]
|-damage|p1a: Darkrai|27/100|[from] Sandstorm
|upkeep
|turn|21
|
|t:|1776213339
|switch|p1a: Tentacruel|Tentacruel, F|100/100
|move|p2a: The sandstorm|Ice Beam|p1a: Tentacruel
|-resisted|p1a: Tentacruel
|-damage|p1a: Tentacruel|89/100
|
|-weather|Sandstorm|[upkeep]
|-damage|p1a: Tentacruel|83/100|[from] Sandstorm
|upkeep
|turn|22
|
|t:|1776213344
|move|p1a: Tentacruel|Surf|p2a: The sandstorm
|-supereffective|p2a: The sandstorm
|-damage|p2a: The sandstorm|38/100
|move|p2a: The sandstorm|Thunder Wave|p1a: Tentacruel
|-status|p1a: Tentacruel|par
|
|-weather|Sandstorm|[upkeep]
|-damage|p1a: Tentacruel|77/100 par|[from] Sandstorm
|upkeep
|turn|23
|
|t:|1776213349
|switch|p2a: Frieza|Kyurem, shiny|50/100
|-ability|p2a: Frieza|Pressure
|move|p1a: Tentacruel|Surf|p2a: Frieza
|-resisted|p2a: Frieza
|-damage|p2a: Frieza|35/100
|
|-weather|Sandstorm|[upkeep]
|-damage|p2a: Frieza|28/100|[from] Sandstorm
|-damage|p1a: Tentacruel|71/100 par|[from] Sandstorm
|upkeep
|turn|24
|
|t:|1776213352
|move|p2a: Frieza|Freeze-Dry|p1a: Tentacruel
|-supereffective|p1a: Tentacruel
|-damage|p1a: Tentacruel|0 fnt
|faint|p1a: Tentacruel
|
|-weather|Sandstorm|[upkeep]
|-damage|p2a: Frieza|22/100|[from] Sandstorm
|upkeep
|
|t:|1776213357
|switch|p1a: Darkrai|Darkrai|27/100
|turn|25
|
|t:|1776213360
|switch|p2a: Grimmsnarl|Grimmsnarl, M|69/100
|move|p1a: Darkrai|Dark Pulse|p2a: Grimmsnarl
|-resisted|p2a: Grimmsnarl
|-damage|p2a: Grimmsnarl|51/100
|
|-weather|none
|upkeep
|turn|26
|
|t:|1776213367
|switch|p1a: Sinistcha|Sinistcha|100/100
|move|p2a: Grimmsnarl|Light Screen|p2a: Grimmsnarl
|-sidestart|p2: OP Earthquakes|move: Light Screen
|
|upkeep
|turn|27
|
|t:|1776213373
|switch|p2a: Frieza|Kyurem, shiny|22/100
|-ability|p2a: Frieza|Pressure
|move|p1a: Sinistcha|Calm Mind|p1a: Sinistcha
|-boost|p1a: Sinistcha|spa|1
|-boost|p1a: Sinistcha|spd|1
|
|upkeep
|turn|28
|
|t:|1776213379
|move|p2a: Frieza|Freeze-Dry|p1a: Sinistcha
|-supereffective|p1a: Sinistcha
|-damage|p1a: Sinistcha|42/100
|move|p1a: Sinistcha|Shadow Ball|p2a: Frieza
|-damage|p2a: Frieza|0 fnt
|faint|p2a: Frieza
|
|upkeep
|
|t:|1776213386
|switch|p2a: Porunga|Pawmot, F|100/100
|turn|29
|
|t:|1776213389
|move|p2a: Porunga|Revival Blessing|p2a: Porunga
|
|t:|1776213392
|-heal|p2: Frieza|50/100|[from] move: Revival Blessing
|move|p1a: Sinistcha|Strength Sap|p2a: Porunga
|-unboost|p2a: Porunga|atk|1
|-heal|p1a: Sinistcha|100/100
|
|upkeep
|turn|30
|
|t:|1776213409
|switch|p2a: OP|Excadrill, M|100/100
|move|p1a: Sinistcha|Calm Mind|p1a: Sinistcha
|-boost|p1a: Sinistcha|spa|1
|-boost|p1a: Sinistcha|spd|1
|
|-sideend|p2: OP Earthquakes|move: Light Screen
|upkeep
|turn|31
|
|t:|1776213415
|move|p2a: OP|Iron Head|p1a: Sinistcha
|-damage|p1a: Sinistcha|49/100
|move|p1a: Sinistcha|Matcha Gotcha|p2a: OP
|-damage|p2a: OP|16/100
|-heal|p1a: Sinistcha|93/100|[from] drain|[of] p2a: OP
|
|upkeep
|turn|32
|
|t:|1776213423
|move|p2a: OP|Iron Head|p1a: Sinistcha
|-damage|p1a: Sinistcha|45/100
|move|p1a: Sinistcha|Strength Sap|p2a: OP
|-unboost|p2a: OP|atk|1
|-heal|p1a: Sinistcha|100/100
|
|upkeep
|turn|33
|
|t:|1776213428
|switch|p2a: The sandstorm|Tyranitar, M, shiny|38/100
|-weather|Sandstorm|[from] ability: Sand Stream|[of] p2a: The sandstorm
|move|p1a: Sinistcha|Strength Sap|p2a: The sandstorm
|-unboost|p2a: The sandstorm|atk|1
|
|-weather|Sandstorm|[upkeep]
|-damage|p1a: Sinistcha|94/100|[from] Sandstorm
|upkeep
|turn|34
|
|t:|1776213430
|move|p1a: Sinistcha|Matcha Gotcha|p2a: The sandstorm
|-supereffective|p2a: The sandstorm
|-crit|p2a: The sandstorm
|-damage|p2a: The sandstorm|0 fnt
|-heal|p1a: Sinistcha|100/100|[from] drain|[of] p2a: The sandstorm
|faint|p2a: The sandstorm
|
|-weather|Sandstorm|[upkeep]
|-damage|p1a: Sinistcha|94/100|[from] Sandstorm
|upkeep
|
|t:|1776213441
|switch|p2a: Frieza|Kyurem, shiny|50/100
|-ability|p2a: Frieza|Pressure
|turn|35
|
|t:|1776213461
|-terastallize|p2a: Frieza|Ghost
|move|p2a: Frieza|Shadow Ball|p1a: Sinistcha
|-supereffective|p1a: Sinistcha
|-damage|p1a: Sinistcha|44/100
|move|p1a: Sinistcha|Shadow Ball|p2a: Frieza
|-supereffective|p2a: Frieza
|-damage|p2a: Frieza|0 fnt
|faint|p2a: Frieza
|
|-weather|Sandstorm|[upkeep]
|-damage|p1a: Sinistcha|37/100|[from] Sandstorm
|upkeep
|
|t:|1776213468
|switch|p2a: OP|Excadrill, M|16/100
|turn|36
|
|t:|1776213479
|move|p2a: OP|Iron Head|p1a: Sinistcha
|-damage|p1a: Sinistcha|0 fnt
|faint|p1a: Sinistcha
|
|-weather|Sandstorm|[upkeep]
|upkeep
|
|t:|1776213481
|switch|p1a: Gliscor|Gliscor, M|24/100 tox
|turn|37
|
|t:|1776213482
|move|p1a: Gliscor|Protect|p1a: Gliscor
|-singleturn|p1a: Gliscor|Protect
|move|p2a: OP|Iron Head|p1a: Gliscor
|-activate|p1a: Gliscor|move: Protect
|
|-weather|Sandstorm|[upkeep]
|-heal|p1a: Gliscor|37/100 tox|[from] ability: Poison Heal
|upkeep
|turn|38
|
|t:|1776213486
|move|p2a: OP|Iron Head|p1a: Gliscor
|-damage|p1a: Gliscor|0 fnt
|faint|p1a: Gliscor
|
|-weather|Sandstorm|[upkeep]
|upkeep
|
|t:|1776213488
|switch|p1a: Darkrai|Darkrai|27/100
|turn|39
|
|t:|1776213490
|move|p1a: Darkrai|Sucker Punch|p2a: OP
|-damage|p2a: OP|0 fnt
|faint|p2a: OP
|
|-weather|Sandstorm|[upkeep]
|-damage|p1a: Darkrai|21/100|[from] Sandstorm
|upkeep
|
|t:|1776213495
|switch|p2a: Grimmsnarl|Grimmsnarl, M|51/100
|turn|40
|
|t:|1776213497
|move|p1a: Darkrai|Ice Beam|p2a: Grimmsnarl
|-damage|p2a: Grimmsnarl|9/100
|move|p2a: Grimmsnarl|Drain Punch|p1a: Darkrai
|-supereffective|p1a: Darkrai
|-damage|p1a: Darkrai|0 fnt
|-heal|p2a: Grimmsnarl|18/100|[from] drain|[of] p1a: Darkrai
|faint|p1a: Darkrai
|
|win|OP Earthquakes
|raw|Zetious's rating: 1573 &rarr; <strong>1562</strong><br />(-11 for losing)
|raw|OP Earthquakes's rating: 1751 &rarr; <strong>1762</strong><br />(+11 for winning)
|l|☆Zetious
|player|p1|
