|html|<div class="broadcast-blue"><strong>[Gen 9] OU is currently suspecting Tera Blast! For information on how to participate check out the <a href="https://www.smogon.com/tools/suspects/view/200">suspect thread</a>.</strong></div>
|j|☆Ramune River
|j|☆eucalipto69!
|t:|1776043460
|gametype|singles
|player|p1|Ramune River|169|1478
|player|p2|eucalipto69!|steven|1416
|gen|9
|tier|[Gen 9] OU
|rated|
|rule|HP Percentage Mod: HP is shown in percentages
|rule|Endless Battle Clause: Forcing endless battles is banned
|rule|Species Clause: Limit one of each Pokémon
|rule|OHKO Clause: OHKO moves are banned
|rule|Evasion Items Clause: Evasion items are banned
|rule|Evasion Moves Clause: Evasion moves are banned
|rule|Evasion Abilities Clause: Evasion abilities are banned
|rule|Sleep Moves Clause: Sleep-inducing moves are banned
|clearpoke
|poke|p1|Araquanid, F|
|poke|p1|Gholdengo|
|poke|p1|Iron Moth|
|poke|p1|Iron Valiant|
|poke|p1|Raging Bolt|
|poke|p1|Kingambit, F|
|poke|p2|Haxorus, M|
|poke|p2|Grimmsnarl, M|
|poke|p2|Great Tusk|
|poke|p2|Zapdos|
|poke|p2|Kingambit, M|
|poke|p2|Typhlosion, M|
|teampreview
|inactive|Battle timer is ON: inactive players will automatically lose when time's up. (requested by Ramune River)
|
|t:|1776043476
|teamsize|p1|6
|teamsize|p2|6
|start
|switch|p1a: QUIL|Araquanid, F|100/100
|switch|p2a: Haxorus|Haxorus, M, shiny|100/100
|-ability|p2a: Haxorus|Mold Breaker
|turn|1
|
|t:|1776043505
|move|p2a: Haxorus|Swords Dance|p2a: Haxorus
|-boost|p2a: Haxorus|atk|2
|move|p1a: QUIL|Sticky Web|p2a: Haxorus
|-sidestart|p2: eucalipto69!|move: Sticky Web
|
|upkeep
|turn|2
|
|t:|1776043511
|move|p2a: Haxorus|Scale Shot|p1a: QUIL
|-damage|p1a: QUIL|72/100
|-damage|p1a: QUIL|44/100
|-damage|p1a: QUIL|18/100
|-damage|p1a: QUIL|0 fnt
|faint|p1a: QUIL
|-hitcount|p1: QUIL|4
|-unboost|p2a: Haxorus|def|1
|-boost|p2a: Haxorus|spe|1
|
|upkeep
|inactive|Ramune River has 120 seconds left.
|
|t:|1776043542
|switch|p1a: QUZZ|Iron Valiant|100/100
|-enditem|p1a: QUZZ|Booster Energy
|-activate|p1a: QUZZ|ability: Quark Drive|[fromitem]
|-start|p1a: QUZZ|quarkdrivespa
|turn|3
|
|t:|1776043553
|move|p1a: QUZZ|Vacuum Wave|p2a: Haxorus
|-damage|p2a: Haxorus|54/100
|move|p2a: Haxorus|Iron Head|p1a: QUZZ
|-supereffective|p1a: QUZZ
|-damage|p1a: QUZZ|0 fnt
|faint|p1a: QUZZ
|-end|p1a: QUZZ|Quark Drive|[silent]
|
|upkeep
|inactive|Ramune River has 90 seconds left.
|l|☆eucalipto69!
|inactive|eucalipto69! disconnected and has a minute to reconnect!
|player|p2|
|j|☆eucalipto69!
|inactive|eucalipto69! reconnected.
|player|p2|eucalipto69!|steven|
|
|t:|1776043598
|switch|p1a: TREE?|Gholdengo|100/100
|-item|p1a: TREE?|Air Balloon
|turn|4
|
|t:|1776043604
|move|p2a: Haxorus|Scale Shot|p1a: TREE?|[miss]
|-miss|p2a: Haxorus|p1a: TREE?
|move|p1a: TREE?|Shadow Ball|p2a: Haxorus
|-damage|p2a: Haxorus|0 fnt
|faint|p2a: Haxorus
|
|upkeep
|
|t:|1776043608
|switch|p2a: Typhlosion|Typhlosion, M|100/100
|-activate|p2a: Typhlosion|move: Sticky Web
|-unboost|p2a: Typhlosion|spe|1
|turn|5
|
|t:|1776043615
|move|p2a: Typhlosion|Eruption|p1a: TREE?
|-supereffective|p1a: TREE?
|-damage|p1a: TREE?|0 fnt
|-enditem|p1a: TREE?|Air Balloon
|faint|p1a: TREE?
|
|upkeep
|
|t:|1776043618
|switch|p1a: CALA|Iron Moth|100/100
|-enditem|p1a: CALA|Booster Energy
|-activate|p1a: CALA|ability: Quark Drive|[fromitem]
|-start|p1a: CALA|quarkdrivespa
|turn|6
|
|t:|1776043638
|move|p1a: CALA|Sludge Wave|p2a: Typhlosion
|-damage|p2a: Typhlosion|4/100
|move|p2a: Typhlosion|Eruption|p1a: CALA
|-resisted|p1a: CALA
|-damage|p1a: CALA|99/100
|
|upkeep
|turn|7
|inactive|Ramune River has 120 seconds left.
|
|t:|1776043652
|move|p1a: CALA|Sludge Wave|p2a: Typhlosion
|-damage|p2a: Typhlosion|0 fnt
|faint|p2a: Typhlosion
|
|upkeep
|
|t:|1776043655
|switch|p2a: Grimmsnarl|Grimmsnarl, M|100/100
|-activate|p2a: Grimmsnarl|move: Sticky Web
|-unboost|p2a: Grimmsnarl|spe|1
|turn|8
|inactive|Ramune River has 120 seconds left.
|
|t:|1776043682
|move|p2a: Grimmsnarl|Thunder Wave|p1a: CALA
|-status|p1a: CALA|par
|cant|p1a: CALA|par
|
|upkeep
|turn|9
|
|t:|1776043690
|move|p2a: Grimmsnarl|Reflect|p2a: Grimmsnarl
|-sidestart|p2: eucalipto69!|Reflect
|move|p1a: CALA|Substitute|p1a: CALA
|-start|p1a: CALA|Substitute
|-damage|p1a: CALA|75/100 par
|
|upkeep
|turn|10
|
|t:|1776043697
|move|p2a: Grimmsnarl|Light Screen|p2a: Grimmsnarl
|-sidestart|p2: eucalipto69!|move: Light Screen
|move|p1a: CALA|Sludge Wave|p2a: Grimmsnarl
|-supereffective|p2a: Grimmsnarl
|-damage|p2a: Grimmsnarl|41/100
|
|upkeep
|turn|11
|
|t:|1776043702
|cant|p1a: CALA|par
|move|p2a: Grimmsnarl|Spirit Break|p1a: CALA
|-resisted|p1a: CALA
|-crit|p1a: CALA
|-activate|p1a: CALA|move: Substitute|[damage]
|
|upkeep
|turn|12
|
|t:|1776043705
|move|p1a: CALA|Sludge Wave|p2a: Grimmsnarl
|-supereffective|p2a: Grimmsnarl
|-damage|p2a: Grimmsnarl|0 fnt
|faint|p2a: Grimmsnarl
|
|upkeep
|l|☆eucalipto69!
|inactive|eucalipto69! disconnected and has a minute to reconnect!
|player|p2|
|inactive|eucalipto69! has 30 seconds to reconnect!
|inactive|eucalipto69! has 20 seconds to reconnect!
|inactive|eucalipto69! has 15 seconds to reconnect!
|inactive|eucalipto69! has 10 seconds to reconnect!
|inactive|eucalipto69! has 5 seconds to reconnect!
|-message|eucalipto69! lost due to inactivity.
|
|win|Ramune River
|raw|Ramune River's rating: 1478 &rarr; <strong>1494</strong><br />(+16 for winning)
|raw|eucalipto69!'s rating: 1416 &rarr; <strong>1400</strong><br />(-16 for losing)
|l|☆Ramune River
|player|p1|
