|html|<div class="broadcast-blue"><strong>[Gen 9] OU is currently suspecting Volcarona! For information on how to participate check out the <a href="https://www.smogon.com/tools/suspects/view/208">suspect thread</a>.</strong></div>
|j|☆silverjay#2240
|j|☆xZick
|t:|1778505481
|gametype|singles
|player|p1|silverjay#2240|101|1409
|player|p2|xZick|miku-water|1377
|gen|9
|tier|[Gen 9] OU
|rated|
|rule|HP Percentage Mod: HP is shown in percentages
|rule|Endless Battle Clause: Forcing endless battles is banned
|rule|Species Clause: Limit one of each Pokémon
|rule|OHKO Clause: OHKO moves are banned
|rule|Evasion Items Clause: Evasion items are banned
|rule|Evasion Moves Clause: Evasion moves are banned
|rule|Evasion Abilities Clause: Evasion abilities are banned
|rule|Sleep Moves Clause: Sleep-inducing moves are banned
|clearpoke
|poke|p1|Hydrapple, M|
|poke|p1|Chansey, F|
|poke|p1|Moltres|
|poke|p1|Great Tusk|
|poke|p1|Enamorus, F|
|poke|p1|Toxapex, F|
|poke|p2|Volcarona, F|
|poke|p2|Deoxys-Speed|
|poke|p2|Raging Bolt|
|poke|p2|Weezing-Galar, F|
|poke|p2|Alomomola, F|
|poke|p2|Rillaboom, F|
|teampreview
|inactive|Battle timer is ON: inactive players will automatically lose when time's up. (requested by xZick)
|inactive|xZick has 120 seconds left.
|
|t:|1778505530
|teamsize|p1|6
|teamsize|p2|6
|start
|switch|p1a: Moltres|Moltres|100/100
|switch|p2a: Deoxys|Deoxys-Speed, shiny|100/100
|-ability|p2a: Deoxys|Pressure
|turn|1
|
|t:|1778505541
|move|p2a: Deoxys|Stealth Rock|p1a: Moltres
|-sidestart|p1: silverjay#2240|move: Stealth Rock
|move|p1a: Moltres|Flamethrower|p2a: Deoxys
|-damage|p2a: Deoxys|55/100
|
|upkeep
|turn|2
|
|t:|1778505546
|move|p2a: Deoxys|Light Screen|p2a: Deoxys
|-sidestart|p2: xZick|move: Light Screen
|move|p1a: Moltres|Flamethrower|p2a: Deoxys
|-damage|p2a: Deoxys|33/100
|
|upkeep
|turn|3
|inactive|silverjay#2240 has 120 seconds left.
|
|t:|1778505583
|move|p2a: Deoxys|Reflect|p2a: Deoxys
|-sidestart|p2: xZick|Reflect
|move|p1a: Moltres|Will-O-Wisp|p2a: Deoxys|[miss]
|-miss|p1a: Moltres|p2a: Deoxys
|
|upkeep
|turn|4
|inactive|xZick has 120 seconds left.
|
|t:|1778505625
|switch|p2a: Alomomola|Alomomola, F|100/100
|move|p1a: Moltres|Will-O-Wisp|p2a: Alomomola
|-status|p2a: Alomomola|brn
|
|-damage|p2a: Alomomola|94/100 brn|[from] brn
|upkeep
|turn|5
|inactive|silverjay#2240 has 120 seconds left.
|
|t:|1778505667
|switch|p1a: Chansey|Chansey, F|100/100
|-damage|p1a: Chansey|88/100|[from] Stealth Rock
|move|p2a: Alomomola|Scald|p1a: Chansey
|-damage|p1a: Chansey|84/100
|
|-damage|p2a: Alomomola|88/100 brn|[from] brn
|upkeep
|turn|6
|inactive|xZick has 120 seconds left.
|
|t:|1778505678
|move|p1a: Chansey|Stealth Rock|p2a: Alomomola
|-sidestart|p2: xZick|move: Stealth Rock
|move|p2a: Alomomola|Flip Turn|p1a: Chansey
|-damage|p1a: Chansey|79/100
|
|t:|1778505686
|switch|p2a: Rillaboom|Rillaboom, F|100/100|[from] Flip Turn
|-damage|p2a: Rillaboom|88/100|[from] Stealth Rock
|-fieldstart|move: Grassy Terrain|[from] ability: Grassy Surge|[of] p2a: Rillaboom
|
|-heal|p2a: Rillaboom|94/100|[from] Grassy Terrain
|-heal|p1a: Chansey|85/100|[from] Grassy Terrain
|upkeep
|turn|7
|
|t:|1778505704
|switch|p1a: Toxapex|Toxapex, F|100/100
|move|p2a: Rillaboom|Swords Dance|p2a: Rillaboom
|-boost|p2a: Rillaboom|atk|2
|
|-heal|p2a: Rillaboom|100/100|[from] Grassy Terrain
|upkeep
|turn|8
|
|t:|1778505710
|move|p2a: Rillaboom|High Horsepower|p1a: Toxapex
|-supereffective|p1a: Toxapex
|-crit|p1a: Toxapex
|-damage|p1a: Toxapex|0 fnt
|faint|p1a: Toxapex
|-damage|p2a: Rillaboom|91/100|[from] item: Life Orb
|
|-heal|p2a: Rillaboom|97/100|[from] Grassy Terrain
|upkeep
|-message|silverjay#2240 forfeited.
|
|win|xZick
|raw|silverjay#2240's rating: 1409 &rarr; <strong>1387</strong><br />(-22 for losing)
|raw|xZick's rating: 1377 &rarr; <strong>1399</strong><br />(+22 for winning)
|l|☆silverjay#2240
|player|p1|
|l|☆xZick
|player|p2|
