|html|<div class="broadcast-blue"><strong>[Gen 9] OU is currently suspecting Tera Blast! For information on how to participate check out the <a href="https://www.smogon.com/tools/suspects/view/200">suspect thread</a>.</strong></div>
|badge|p2|silver|gen9ou|30-9
|badge|p2|silver|gen9ubers|30-9
|uhtml|medal-msg|<div class="broadcast-blue">Curious what those medals under the avatar are? PS now has Ladder Seasons! For more information, check out the <a href="https://www.smogon.com/forums/threads/3740067/">thread on Smogon.</a></div>
|raw|<div class="broadcast-blue"><strong>This battle is required to be public due to a player having a name starting with 'ulthz25'.</div>
|j|☆LT121GU 300
|j|☆ULTHZ25 LASERS
|t:|1776064865
|gametype|singles
|player|p1|LT121GU 300|lucas-gen4pt|1775
|player|p2|ULTHZ25 LASERS|2|1943
|gen|9
|tier|[Gen 9] OU
|rated|
|rule|HP Percentage Mod: HP is shown in percentages
|rule|Endless Battle Clause: Forcing endless battles is banned
|rule|Species Clause: Limit one of each Pokémon
|rule|OHKO Clause: OHKO moves are banned
|rule|Evasion Items Clause: Evasion items are banned
|rule|Evasion Moves Clause: Evasion moves are banned
|rule|Evasion Abilities Clause: Evasion abilities are banned
|rule|Sleep Moves Clause: Sleep-inducing moves are banned
|clearpoke
|poke|p1|Slowking, M|
|poke|p1|Zapdos|
|poke|p1|Cinderace, F|
|poke|p1|Great Tusk|
|poke|p1|Zamazenta-*|
|poke|p1|Gliscor, F|
|poke|p2|Landorus-Therian, M|
|poke|p2|Kyurem|
|poke|p2|Ceruledge, M|
|poke|p2|Hatterene, F|
|poke|p2|Kingambit, F|
|poke|p2|Zamazenta-*|
|teampreview
|
|t:|1776064881
|teamsize|p1|6
|teamsize|p2|6
|start
|switch|p1a: Zapdos|Zapdos|100/100
|switch|p2a: Landorus|Landorus-Therian, M|100/100
|-ability|p2a: Landorus|Intimidate|boost
|-unboost|p1a: Zapdos|atk|1
|turn|1
|
|t:|1776064885
|switch|p1a: Gliscor|Gliscor, F|100/100
|move|p2a: Landorus|Stealth Rock|p1a: Gliscor
|-sidestart|p1: LT121GU 300|move: Stealth Rock
|
|-status|p1a: Gliscor|tox|[from] item: Toxic Orb
|upkeep
|turn|2
|
|t:|1776064891
|switch|p1a: Cinderace|Cinderace, F|100/100
|move|p2a: Landorus|Taunt|p1a: Cinderace
|-start|p1a: Cinderace|move: Taunt
|
|upkeep
|turn|3
|
|t:|1776064901
|switch|p1a: Slowking|Slowking, M|100/100
|move|p2a: Landorus|U-turn|p1a: Slowking
|-supereffective|p1a: Slowking
|-damage|p1a: Slowking|72/100
|
|t:|1776064904
|switch|p2a: Ceruledge|Ceruledge, M|100/100|[from] U-turn
|
|upkeep
|turn|4
|
|t:|1776064907
|switch|p1a: Cinderace|Cinderace, F|100/100
|move|p2a: Ceruledge|Poltergeist|p1a: Cinderace
|-activate|p1a: Cinderace|move: Poltergeist|Heavy-Duty Boots
|-damage|p1a: Cinderace|7/100
|-damage|p2a: Ceruledge|91/100|[from] item: Life Orb
|
|upkeep
|turn|5
|
|t:|1776064914
|switch|p1a: Gliscor|Gliscor, F|100/100 tox
|-damage|p1a: Gliscor|88/100 tox|[from] Stealth Rock
|move|p2a: Ceruledge|Shadow Sneak|p1a: Gliscor
|-damage|p1a: Gliscor|66/100 tox
|-damage|p2a: Ceruledge|81/100|[from] item: Life Orb
|
|-heal|p1a: Gliscor|78/100 tox|[from] ability: Poison Heal
|upkeep
|turn|6
|
|t:|1776064920
|switch|p2a: Hatterene|Hatterene, F|100/100
|move|p1a: Gliscor|Earthquake|p2a: Hatterene
|-damage|p2a: Hatterene|60/100
|
|-heal|p1a: Gliscor|91/100 tox|[from] ability: Poison Heal
|upkeep
|turn|7
|
|t:|1776064925
|switch|p1a: Slowking|Slowking, M|100/100
|switch|p2a: Landorus|Landorus-Therian, M|100/100
|-ability|p2a: Landorus|Intimidate|boost
|-unboost|p1a: Slowking|atk|1
|
|upkeep
|turn|8
|
|t:|1776064928
|move|p2a: Landorus|Taunt|p1a: Slowking
|-start|p1a: Slowking|move: Taunt
|move|p1a: Slowking|Scald|p2a: Landorus
|-supereffective|p2a: Landorus
|-damage|p2a: Landorus|42/100
|
|upkeep
|turn|9
|
|t:|1776064932
|switch|p1a: Zapdos|Zapdos|100/100
|move|p2a: Landorus|U-turn|p1a: Zapdos
|-resisted|p1a: Zapdos
|-damage|p1a: Zapdos|90/100
|
|t:|1776064933
|switch|p2a: Kyurem|Kyurem|100/100|[from] U-turn
|-ability|p2a: Kyurem|Pressure
|
|upkeep
|turn|10
|
|t:|1776064940
|move|p1a: Zapdos|Volt Switch|p2a: Kyurem
|-resisted|p2a: Kyurem
|-damage|p2a: Kyurem|83/100
|
|t:|1776064943
|switch|p1a: Zamazenta|Zamazenta|100/100|[from] Volt Switch
|-damage|p1a: Zamazenta|94/100|[from] Stealth Rock
|-ability|p1a: Zamazenta|Dauntless Shield|boost
|-boost|p1a: Zamazenta|def|1
|move|p2a: Kyurem|Dragon Dance|p2a: Kyurem
|-boost|p2a: Kyurem|atk|1
|-boost|p2a: Kyurem|spe|1
|
|upkeep
|turn|11
|
|t:|1776064947
|switch|p2a: Hatterene|Hatterene, F|60/100
|move|p1a: Zamazenta|Close Combat|p2a: Hatterene
|-resisted|p2a: Hatterene
|-damage|p2a: Hatterene|37/100
|-unboost|p1a: Zamazenta|def|1
|-unboost|p1a: Zamazenta|spd|1
|
|upkeep
|turn|12
|
|t:|1776064950
|switch|p1a: Slowking|Slowking, M|100/100
|switch|p2a: Landorus|Landorus-Therian, M|42/100
|-ability|p2a: Landorus|Intimidate|boost
|-unboost|p1a: Slowking|atk|1
|
|upkeep
|turn|13
|
|t:|1776064953
|move|p2a: Landorus|U-turn|p1a: Slowking
|-supereffective|p1a: Slowking
|-damage|p1a: Slowking|71/100
|
|t:|1776064954
|switch|p2a: Ceruledge|Ceruledge, M|81/100|[from] U-turn
|-prepare|p1a: Slowking|Chilly Reception|[premajor]
|move|p1a: Slowking|Chilly Reception|p1a: Slowking
|-weather|Snowscape
|
|t:|1776064960
|switch|p1a: Zapdos|Zapdos|90/100|[from] Chilly Reception
|
|-weather|Snowscape|[upkeep]
|upkeep
|turn|14
|
|t:|1776064963
|move|p1a: Zapdos|Volt Switch|p2a: Ceruledge
|-damage|p2a: Ceruledge|38/100
|
|t:|1776064966
|switch|p1a: Gliscor|Gliscor, F|91/100 tox|[from] Volt Switch
|-damage|p1a: Gliscor|78/100 tox|[from] Stealth Rock
|move|p2a: Ceruledge|Bitter Blade|p1a: Gliscor
|-damage|p1a: Gliscor|29/100 tox
|-heal|p2a: Ceruledge|69/100|[from] drain|[of] p1a: Gliscor
|-damage|p2a: Ceruledge|59/100|[from] item: Life Orb
|
|-weather|Snowscape|[upkeep]
|-heal|p1a: Gliscor|41/100 tox|[from] ability: Poison Heal
|upkeep
|turn|15
|
|t:|1776064973
|move|p2a: Ceruledge|Bitter Blade|p1a: Gliscor
|-damage|p1a: Gliscor|0 fnt
|-heal|p2a: Ceruledge|83/100|[from] drain|[of] p1a: Gliscor
|faint|p1a: Gliscor
|-damage|p2a: Ceruledge|73/100|[from] item: Life Orb
|
|-weather|Snowscape|[upkeep]
|upkeep
|
|t:|1776064978
|switch|p1a: Zamazenta|Zamazenta|94/100
|-damage|p1a: Zamazenta|88/100|[from] Stealth Rock
|turn|16
|
|t:|1776064987
|switch|p1a: Cinderace|Cinderace, F|7/100
|switch|p2a: Landorus|Landorus-Therian, M|42/100
|-ability|p2a: Landorus|Intimidate|boost
|-unboost|p1a: Cinderace|atk|1
|
|-weather|Snowscape|[upkeep]
|upkeep
|turn|17
|
|t:|1776064992
|move|p1a: Cinderace|Court Change|p1a: Cinderace
|-swapsideconditions
|-activate|p1a: Cinderace|move: Court Change
|move|p2a: Landorus|Earth Power|p1a: Cinderace
|-supereffective|p1a: Cinderace
|-crit|p1a: Cinderace
|-damage|p1a: Cinderace|0 fnt
|faint|p1a: Cinderace
|
|-weather|none
|upkeep
|
|t:|1776065009
|switch|p1a: Zapdos|Zapdos|90/100
|turn|18
|j| Too Many Caps
|
|t:|1776065011
|move|p1a: Zapdos|Hurricane|p2a: Landorus|[miss]
|-miss|p1a: Zapdos|p2a: Landorus
|move|p2a: Landorus|Stealth Rock|p1a: Zapdos
|-sidestart|p1: LT121GU 300|move: Stealth Rock
|
|upkeep
|turn|19
|
|t:|1776065014
|move|p1a: Zapdos|Hurricane|p2a: Landorus
|-damage|p2a: Landorus|0 fnt
|faint|p2a: Landorus
|
|upkeep
|
|t:|1776065016
|switch|p2a: Kyurem|Kyurem|83/100
|-damage|p2a: Kyurem|59/100|[from] Stealth Rock
|-ability|p2a: Kyurem|Pressure
|turn|20
|
|t:|1776065023
|move|p1a: Zapdos|Volt Switch|p2a: Kyurem
|-resisted|p2a: Kyurem
|-damage|p2a: Kyurem|41/100
|
|t:|1776065025
|switch|p1a: Slowking|Slowking, M|100/100|[from] Volt Switch
|move|p2a: Kyurem|Scale Shot|p1a: Slowking|[miss]
|-miss|p2a: Kyurem|p1a: Slowking
|
|upkeep
|turn|21
|
|t:|1776065030
|move|p2a: Kyurem|Scale Shot|p1a: Slowking
|-damage|p1a: Slowking|91/100
|-damage|p1a: Slowking|80/100
|-damage|p1a: Slowking|71/100
|-damage|p1a: Slowking|61/100
|-damage|p1a: Slowking|52/100
|-hitcount|p1a: Slowking|5
|-unboost|p2a: Kyurem|def|1
|-boost|p2a: Kyurem|spe|1
|move|p1a: Slowking|Thunder Wave|p2a: Kyurem
|-status|p2a: Kyurem|par
|
|upkeep
|turn|22
|
|t:|1776065034
|cant|p2a: Kyurem|par
|-prepare|p1a: Slowking|Chilly Reception|[premajor]
|move|p1a: Slowking|Chilly Reception|p1a: Slowking
|-weather|Snowscape
|j| wwlolkk
|l| wwlolkk
|
|t:|1776065052
|switch|p1a: Zapdos|Zapdos|90/100|[from] Chilly Reception
|
|-weather|Snowscape|[upkeep]
|upkeep
|turn|23
|
|t:|1776065056
|move|p1a: Zapdos|Hurricane|p2a: Kyurem|[miss]
|-miss|p1a: Zapdos|p2a: Kyurem
|move|p2a: Kyurem|Icicle Spear|p1a: Zapdos
|-supereffective|p1a: Zapdos
|-damage|p1a: Zapdos|60/100
|-supereffective|p1a: Zapdos
|-damage|p1a: Zapdos|28/100
|-supereffective|p1a: Zapdos
|-damage|p1a: Zapdos|0 fnt
|faint|p1a: Zapdos
|-hitcount|p1: Zapdos|3
|
|-weather|Snowscape|[upkeep]
|upkeep
|
|t:|1776065060
|switch|p1a: Zamazenta|Zamazenta|88/100
|-damage|p1a: Zamazenta|82/100|[from] Stealth Rock
|turn|24
|
|t:|1776065064
|move|p1a: Zamazenta|Stone Edge|p2a: Kyurem|[miss]
|-miss|p1a: Zamazenta|p2a: Kyurem
|cant|p2a: Kyurem|par
|
|-weather|Snowscape|[upkeep]
|upkeep
|turn|25
|
|t:|1776065066
|move|p1a: Zamazenta|Stone Edge|p2a: Kyurem|[miss]
|-miss|p1a: Zamazenta|p2a: Kyurem
|move|p2a: Kyurem|Icicle Spear|p1a: Zamazenta
|-damage|p1a: Zamazenta|69/100
|-damage|p1a: Zamazenta|58/100
|-damage|p1a: Zamazenta|45/100
|-damage|p1a: Zamazenta|32/100
|-damage|p1a: Zamazenta|20/100
|-hitcount|p1a: Zamazenta|5
|
|-weather|Snowscape|[upkeep]
|upkeep
|turn|26
|-message|LT121GU 300 forfeited.
|
|win|ULTHZ25 LASERS
|raw|LT121GU 300's rating: 1775 &rarr; <strong>1764</strong><br />(-11 for losing)
|raw|ULTHZ25 LASERS's rating: 1943 &rarr; <strong>1954</strong><br />(+11 for winning)
|l|☆LT121GU 300
|player|p1|
|l|☆ULTHZ25 LASERS
|player|p2|
|l| Too Many Caps
