|html|<div class="broadcast-blue"><strong>[Gen 9] OU is currently suspecting Tera Blast! For information on how to participate check out the <a href="https://www.smogon.com/tools/suspects/view/200">suspect thread</a>.</strong></div>
|j|☆HyperStallMIA
|j|☆washed is generous
|t:|1776211755
|gametype|singles
|player|p1|HyperStallMIA|wallace|1541
|player|p2|washed is generous|blue|1445
|gen|9
|tier|[Gen 9] OU
|rated|
|rule|HP Percentage Mod: HP is shown in percentages
|rule|Endless Battle Clause: Forcing endless battles is banned
|rule|Species Clause: Limit one of each Pokémon
|rule|OHKO Clause: OHKO moves are banned
|rule|Evasion Items Clause: Evasion items are banned
|rule|Evasion Moves Clause: Evasion moves are banned
|rule|Evasion Abilities Clause: Evasion abilities are banned
|rule|Sleep Moves Clause: Sleep-inducing moves are banned
|clearpoke
|poke|p1|Toxapex, M|
|poke|p1|Gliscor, F|
|poke|p1|Alomomola, F|
|poke|p1|Blissey, F|
|poke|p1|Clodsire, F|
|poke|p1|Dondozo, F|
|poke|p2|Iron Valiant|
|poke|p2|Zamazenta-*|
|poke|p2|Ting-Lu|
|poke|p2|Gholdengo|
|poke|p2|Dragonite, M|
|poke|p2|Glimmora, M|
|teampreview
|inactive|Battle timer is ON: inactive players will automatically lose when time's up. (requested by HyperStallMIA)
|c|☆washed is generous|full stall stuck in 1500
|c|☆washed is generous|is crazy
|c|☆washed is generous|im ngl
|inactive|washed is generous has 120 seconds left.
|c|☆washed is generous|LMAO
|c|☆HyperStallMIA|are you mob barley?
|
|t:|1776211802
|teamsize|p1|6
|teamsize|p2|6
|start
|switch|p1a: Let's Try.|Gliscor, F, shiny|100/100
|switch|p2a: Ting-Lu|Ting-Lu|100/100
|-ability|p2a: Ting-Lu|Vessel of Ruin
|turn|1
|
|t:|1776211832
|move|p1a: Let's Try.|Toxic|p2a: Ting-Lu
|-status|p2a: Ting-Lu|tox
|move|p2a: Ting-Lu|Stealth Rock|p1a: Let's Try.
|-sidestart|p1: HyperStallMIA|move: Stealth Rock
|
|-damage|p2a: Ting-Lu|94/100 tox|[from] psn
|-status|p1a: Let's Try.|tox|[from] item: Toxic Orb
|upkeep
|turn|2
|inactive|washed is generous has 120 seconds left.
|
|t:|1776211879
|switch|p2a: Glimmora|Glimmora, M|100/100
|move|p1a: Let's Try.|Spikes|p2a: Glimmora
|-sidestart|p2: washed is generous|Spikes
|
|upkeep
|turn|3
|
|t:|1776211893
|switch|p2a: Dragonite|Dragonite, M|100/100
|move|p1a: Let's Try.|Protect||[still]
|-fail|p1a: Let's Try.
|
|upkeep
|turn|4
|
|t:|1776211899
|switch|p1a: Try Harder.|Alomomola, F, shiny|100/100
|move|p2a: Dragonite|Ice Spinner|p1a: Try Harder.
|-resisted|p1a: Try Harder.
|-damage|p1a: Try Harder.|90/100
|
|upkeep
|turn|5
|
|t:|1776211910
|switch|p2a: Glimmora|Glimmora, M|100/100
|-damage|p2a: Glimmora|88/100|[from] Spikes
|move|p1a: Try Harder.|Flip Turn|p2a: Glimmora
|-supereffective|p2a: Glimmora
|-damage|p2a: Glimmora|47/100
|-activate|p2a: Glimmora|ability: Toxic Debris
|-sidestart|p1: HyperStallMIA|move: Toxic Spikes
|
|t:|1776211921
|switch|p1a: Still Trying?|Blissey, F, shiny|100/100|[from] Flip Turn
|
|upkeep
|turn|6
|inactive|HyperStallMIA has 120 seconds left.
|inactive|HyperStallMIA has 90 seconds left.
|
|t:|1776211973
|switch|p2a: Gholdengo|Gholdengo|100/100
|-item|p2a: Gholdengo|Air Balloon
|move|p1a: Still Trying?|Seismic Toss|p2a: Gholdengo
|-immune|p2a: Gholdengo
|
|upkeep
|turn|7
|
|t:|1776211982
|switch|p1a: Try Harder.|Alomomola, F, shiny|100/100
|move|p2a: Gholdengo|Nasty Plot|p2a: Gholdengo
|-boost|p2a: Gholdengo|spa|2
|
|upkeep
|turn|8
|
|t:|1776211990
|move|p2a: Gholdengo|Shadow Ball|p1a: Try Harder.
|-damage|p1a: Try Harder.|26/100
|move|p1a: Try Harder.|Flip Turn|p2a: Gholdengo
|-damage|p2a: Gholdengo|81/100
|-enditem|p2a: Gholdengo|Air Balloon
|inactive|HyperStallMIA has 90 seconds left.
|
|t:|1776212006
|switch|p1a: Worth Trying.|Clodsire, F, shiny|100/100|[from] Flip Turn
|-sideend|p1: HyperStallMIA|move: Toxic Spikes|[of] p1a: Worth Trying.
|
|upkeep
|turn|9
|
|t:|1776212018
|move|p2a: Gholdengo|Psyshock|p1a: Worth Trying.
|-supereffective|p1a: Worth Trying.
|-damage|p1a: Worth Trying.|36/100
|move|p1a: Worth Trying.|Amnesia|p1a: Worth Trying.
|-boost|p1a: Worth Trying.|spd|2
|
|upkeep
|turn|10
|inactive|washed is generous has 120 seconds left.
|
|t:|1776212058
|switch|p2a: Zamazenta|Zamazenta|100/100
|-damage|p2a: Zamazenta|88/100|[from] Spikes
|-ability|p2a: Zamazenta|Dauntless Shield|boost
|-boost|p2a: Zamazenta|def|1
|-terastallize|p1a: Worth Trying.|Steel
|move|p1a: Worth Trying.|Recover|p1a: Worth Trying.
|-heal|p1a: Worth Trying.|86/100
|
|-heal|p2a: Zamazenta|94/100|[from] item: Leftovers
|upkeep
|turn|11
|inactive|washed is generous has 120 seconds left.
|inactive|washed is generous has 90 seconds left.
|
|t:|1776212094
|switch|p1a: Let's Try.|Gliscor, F, shiny|100/100 tox
|-damage|p1a: Let's Try.|88/100 tox|[from] Stealth Rock
|move|p2a: Zamazenta|Body Press|p1a: Let's Try.
|-resisted|p1a: Let's Try.
|-damage|p1a: Let's Try.|72/100 tox
|
|-heal|p2a: Zamazenta|99/100|[from] item: Leftovers
|-heal|p1a: Let's Try.|84/100 tox|[from] ability: Poison Heal
|upkeep
|turn|12
|inactive|washed is generous has 90 seconds left.
|
|t:|1776212126
|switch|p2a: Ting-Lu|Ting-Lu|94/100 tox
|-damage|p2a: Ting-Lu|82/100 tox|[from] Spikes
|-ability|p2a: Ting-Lu|Vessel of Ruin
|move|p1a: Let's Try.|Spikes|p2a: Ting-Lu
|-sidestart|p2: washed is generous|Spikes
|
|-heal|p1a: Let's Try.|97/100 tox|[from] ability: Poison Heal
|-damage|p2a: Ting-Lu|76/100 tox|[from] psn
|upkeep
|turn|13
|
|t:|1776212131
|move|p1a: Let's Try.|Spikes|p2a: Ting-Lu
|-sidestart|p2: washed is generous|Spikes
|move|p2a: Ting-Lu|Ruination|p1a: Let's Try.
|-damage|p1a: Let's Try.|49/100 tox
|
|-heal|p1a: Let's Try.|61/100 tox|[from] ability: Poison Heal
|-damage|p2a: Ting-Lu|63/100 tox|[from] psn
|upkeep
|turn|14
|
|t:|1776212135
|switch|p2a: Dragonite|Dragonite, M|100/100
|move|p1a: Let's Try.|Knock Off|p2a: Dragonite
|-damage|p2a: Dragonite|90/100
|-enditem|p2a: Dragonite|Heavy-Duty Boots|[from] move: Knock Off|[of] p1a: Let's Try.
|
|-heal|p1a: Let's Try.|74/100 tox|[from] ability: Poison Heal
|upkeep
|turn|15
|inactive|washed is generous has 90 seconds left.
|
|t:|1776212142
|move|p1a: Let's Try.|Protect|p1a: Let's Try.
|-singleturn|p1a: Let's Try.|Protect
|move|p2a: Dragonite|Dragon Dance|p2a: Dragonite
|-boost|p2a: Dragonite|atk|1
|-boost|p2a: Dragonite|spe|1
|
|-heal|p1a: Let's Try.|86/100 tox|[from] ability: Poison Heal
|upkeep
|turn|16
|
|t:|1776212151
|switch|p2a: Glimmora|Glimmora, M|47/100
|-damage|p2a: Glimmora|22/100|[from] Spikes
|switch|p1a: You Tried.|Dondozo, F, shiny|100/100
|
|upkeep
|turn|17
|
|t:|1776212164
|move|p2a: Glimmora|Meteor Beam||[still]
|-prepare|p2a: Glimmora|Meteor Beam
|-boost|p2a: Glimmora|spa|1
|-enditem|p2a: Glimmora|Power Herb
|-anim|p2a: Glimmora|Meteor Beam|p1a: You Tried.
|-damage|p1a: You Tried.|38/100
|move|p1a: You Tried.|Body Press|p2a: Glimmora
|-damage|p2a: Glimmora|0 fnt
|-activate|p2a: Glimmora|ability: Toxic Debris
|-sidestart|p1: HyperStallMIA|move: Toxic Spikes
|faint|p2a: Glimmora
|
|upkeep
|inactive|washed is generous has 90 seconds left.
|
|t:|1776212184
|switch|p2a: Gholdengo|Gholdengo|81/100
|-damage|p2a: Gholdengo|57/100|[from] Spikes
|turn|18
|
|t:|1776212190
|switch|p2a: Dragonite|Dragonite, M|90/100
|switch|p1a: Still Trying?|Blissey, F, shiny|100/100
|
|upkeep
|turn|19
|
|t:|1776212197
|switch|p1a: Try Harder.|Alomomola, F, shiny|59/100
|move|p2a: Dragonite|Dragon Dance|p2a: Dragonite
|-boost|p2a: Dragonite|atk|1
|-boost|p2a: Dragonite|spe|1
|
|upkeep
|turn|20
|
|t:|1776212201
|move|p2a: Dragonite|Earthquake|p1a: Try Harder.
|-damage|p1a: Try Harder.|26/100
|move|p1a: Try Harder.|Wish|p1a: Try Harder.
|
|upkeep
|turn|21
|inactive|washed is generous has 120 seconds left.
|
|t:|1776212228
|switch|p1a: You Tried.|Dondozo, F, shiny|38/100
|move|p2a: Dragonite|Dragon Dance|p2a: Dragonite
|-boost|p2a: Dragonite|atk|1
|-boost|p2a: Dragonite|spe|1
|
|-heal|p1a: You Tried.|85/100|[from] move: Wish|[wisher] Try Harder.
|upkeep
|turn|22
|
|t:|1776212242
|switch|p2a: Gholdengo|Gholdengo|57/100
|-damage|p2a: Gholdengo|32/100|[from] Spikes
|move|p1a: You Tried.|Curse|p1a: You Tried.
|-unboost|p1a: You Tried.|spe|1
|-boost|p1a: You Tried.|atk|1
|-boost|p1a: You Tried.|def|1
|
|upkeep
|turn|23
|
|t:|1776212248
|switch|p1a: Still Trying?|Blissey, F, shiny|100/100
|move|p2a: Gholdengo|Nasty Plot|p2a: Gholdengo
|-boost|p2a: Gholdengo|spa|2
|
|upkeep
|turn|24
|
|t:|1776212252
|switch|p1a: Worth Trying.|Clodsire, F, shiny, tera:Steel|86/100
|move|p2a: Gholdengo|Shadow Ball|p1a: Worth Trying.
|-damage|p1a: Worth Trying.|65/100
|
|upkeep
|turn|25
|
|t:|1776212258
|switch|p2a: Dragonite|Dragonite, M|90/100
|move|p1a: Worth Trying.|Recover|p1a: Worth Trying.
|-heal|p1a: Worth Trying.|100/100
|
|upkeep
|turn|26
|
|t:|1776212269
|switch|p2a: Zamazenta|Zamazenta|99/100
|-damage|p2a: Zamazenta|75/100|[from] Spikes
|switch|p1a: Try Harder.|Alomomola, F, shiny|60/100
|
|-heal|p2a: Zamazenta|81/100|[from] item: Leftovers
|upkeep
|turn|27
|
|t:|1776212279
|move|p2a: Zamazenta|Iron Defense|p2a: Zamazenta
|-boost|p2a: Zamazenta|def|2
|move|p1a: Try Harder.|Flip Turn|p2a: Zamazenta
|-damage|p2a: Zamazenta|75/100
|
|t:|1776212281
|switch|p1a: Keep Trying.|Toxapex, M|100/100|[from] Flip Turn
|-sideend|p1: HyperStallMIA|move: Toxic Spikes|[of] p1a: Keep Trying.
|
|-heal|p2a: Zamazenta|81/100|[from] item: Leftovers
|upkeep
|turn|28
|
|t:|1776212287
|move|p2a: Zamazenta|Body Press|p1a: Keep Trying.
|-resisted|p1a: Keep Trying.
|-damage|p1a: Keep Trying.|78/100
|move|p1a: Keep Trying.|Toxic Spikes|p2a: Zamazenta
|-sidestart|p2: washed is generous|move: Toxic Spikes
|
|-heal|p2a: Zamazenta|87/100|[from] item: Leftovers
|upkeep
|turn|29
|
|t:|1776212316
|move|p1a: Keep Trying.|Toxic Spikes|p2a: Zamazenta
|-sidestart|p2: washed is generous|move: Toxic Spikes
|move|p2a: Zamazenta|Roar|p1a: Keep Trying.
|drag|p1a: You Tried.|Dondozo, F, shiny|85/100
|
|-heal|p2a: Zamazenta|93/100|[from] item: Leftovers
|upkeep
|turn|30
|
|t:|1776212326
|move|p2a: Zamazenta|Iron Defense|p2a: Zamazenta
|-boost|p2a: Zamazenta|def|2
|move|p1a: You Tried.|Curse|p1a: You Tried.
|-unboost|p1a: You Tried.|spe|1
|-boost|p1a: You Tried.|atk|1
|-boost|p1a: You Tried.|def|1
|
|-heal|p2a: Zamazenta|99/100|[from] item: Leftovers
|upkeep
|turn|31
|
|t:|1776212329
|move|p2a: Zamazenta|Iron Defense|p2a: Zamazenta
|-boost|p2a: Zamazenta|def|2
|move|p1a: You Tried.|Curse|p1a: You Tried.
|-unboost|p1a: You Tried.|spe|1
|-boost|p1a: You Tried.|atk|1
|-boost|p1a: You Tried.|def|1
|
|-heal|p2a: Zamazenta|100/100|[from] item: Leftovers
|upkeep
|turn|32
|
|t:|1776212334
|move|p1a: You Tried.|Body Press|p2a: Zamazenta
|-damage|p2a: Zamazenta|58/100
|move|p2a: Zamazenta|Roar|p1a: You Tried.
|drag|p1a: Try Harder.|Alomomola, F, shiny|93/100
|
|-heal|p2a: Zamazenta|64/100|[from] item: Leftovers
|upkeep
|turn|33
|
|t:|1776212341
|switch|p1a: You Tried.|Dondozo, F, shiny|85/100
|move|p2a: Zamazenta|Body Press|p1a: You Tried.
|-damage|p1a: You Tried.|69/100
|
|-heal|p2a: Zamazenta|70/100|[from] item: Leftovers
|upkeep
|turn|34
|
|t:|1776212346
|move|p1a: You Tried.|Body Press|p2a: Zamazenta
|-damage|p2a: Zamazenta|48/100
|move|p2a: Zamazenta|Roar|p1a: You Tried.
|drag|p1a: Let's Try.|Gliscor, F, shiny|86/100 tox
|-damage|p1a: Let's Try.|74/100 tox|[from] Stealth Rock
|
|-heal|p2a: Zamazenta|54/100|[from] item: Leftovers
|-heal|p1a: Let's Try.|86/100 tox|[from] ability: Poison Heal
|upkeep
|turn|35
|
|t:|1776212351
|move|p2a: Zamazenta|Body Press|p1a: Let's Try.
|-resisted|p1a: Let's Try.
|-damage|p1a: Let's Try.|46/100 tox
|move|p1a: Let's Try.|Toxic|p2a: Zamazenta
|-status|p2a: Zamazenta|tox
|
|-heal|p2a: Zamazenta|60/100 tox|[from] item: Leftovers
|-damage|p2a: Zamazenta|54/100 tox|[from] psn
|-heal|p1a: Let's Try.|59/100 tox|[from] ability: Poison Heal
|upkeep
|turn|36
|
|t:|1776212355
|move|p1a: Let's Try.|Protect|p1a: Let's Try.
|-singleturn|p1a: Let's Try.|Protect
|move|p2a: Zamazenta|Body Press|p1a: Let's Try.
|-activate|p1a: Let's Try.|move: Protect
|
|-heal|p2a: Zamazenta|60/100 tox|[from] item: Leftovers
|-damage|p2a: Zamazenta|48/100 tox|[from] psn
|-heal|p1a: Let's Try.|71/100 tox|[from] ability: Poison Heal
|upkeep
|turn|37
|
|t:|1776212361
|switch|p1a: You Tried.|Dondozo, F, shiny|69/100
|move|p2a: Zamazenta|Body Press|p1a: You Tried.
|-damage|p1a: You Tried.|52/100
|
|-heal|p2a: Zamazenta|54/100 tox|[from] item: Leftovers
|-damage|p2a: Zamazenta|36/100 tox|[from] psn
|upkeep
|turn|38
|
|t:|1776212369
|move|p1a: You Tried.|Rest|p1a: You Tried.
|-status|p1a: You Tried.|slp|[from] move: Rest
|-heal|p1a: You Tried.|100/100 slp|[silent]
|move|p2a: Zamazenta|Roar|p1a: You Tried.
|drag|p1a: Worth Trying.|Clodsire, F, shiny, tera:Steel|100/100
|
|-heal|p2a: Zamazenta|42/100 tox|[from] item: Leftovers
|-damage|p2a: Zamazenta|18/100 tox|[from] psn
|upkeep
|turn|39
|
|t:|1776212380
|switch|p1a: You Tried.|Dondozo, F, shiny|100/100 slp
|move|p2a: Zamazenta|Body Press|p1a: You Tried.
|-damage|p1a: You Tried.|84/100 slp
|
|-heal|p2a: Zamazenta|24/100 tox|[from] item: Leftovers
|-damage|p2a: Zamazenta|0 fnt|[from] psn
|faint|p2a: Zamazenta
|upkeep
|
|t:|1776212384
|switch|p2a: Gholdengo|Gholdengo|32/100
|-damage|p2a: Gholdengo|7/100|[from] Spikes
|turn|40
|
|t:|1776212388
|switch|p1a: Still Trying?|Blissey, F, shiny|100/100
|move|p2a: Gholdengo|Shadow Ball|p1a: Still Trying?
|-immune|p1a: Still Trying?
|
|upkeep
|turn|41
|
|t:|1776212392
|move|p2a: Gholdengo|Shadow Ball|p1a: Still Trying?
|-immune|p1a: Still Trying?
|move|p1a: Still Trying?|Stealth Rock|p2a: Gholdengo
|-sidestart|p2: washed is generous|move: Stealth Rock
|
|upkeep
|turn|42
|
|t:|1776212408
|switch|p1a: Try Harder.|Alomomola, F, shiny|100/100
|move|p2a: Gholdengo|Nasty Plot|p2a: Gholdengo
|-boost|p2a: Gholdengo|spa|2
|
|upkeep
|turn|43
|
|t:|1776212411
|move|p2a: Gholdengo|Shadow Ball|p1a: Try Harder.
|-damage|p1a: Try Harder.|17/100
|move|p1a: Try Harder.|Flip Turn|p2a: Gholdengo
|-crit|p2a: Gholdengo
|-damage|p2a: Gholdengo|0 fnt
|faint|p2a: Gholdengo
|
|t:|1776212415
|switch|p1a: Keep Trying.|Toxapex, M|100/100|[from] Flip Turn
|
|upkeep
|
|t:|1776212419
|switch|p2a: Dragonite|Dragonite, M|90/100
|-damage|p2a: Dragonite|65/100|[from] Stealth Rock
|turn|44
|
|t:|1776212424
|move|p2a: Dragonite|Earthquake|p1a: Keep Trying.
|-supereffective|p1a: Keep Trying.
|-damage|p1a: Keep Trying.|54/100
|move|p1a: Keep Trying.|Toxic|p2a: Dragonite
|-status|p2a: Dragonite|tox
|
|-damage|p2a: Dragonite|59/100 tox|[from] psn
|upkeep
|turn|45
|
|t:|1776212433
|switch|p2a: Iron Valiant|Iron Valiant|100/100
|-damage|p2a: Iron Valiant|76/100|[from] Spikes
|-status|p2a: Iron Valiant|tox
|-damage|p2a: Iron Valiant|69/100 tox|[from] Stealth Rock
|-enditem|p2a: Iron Valiant|Booster Energy
|-activate|p2a: Iron Valiant|ability: Quark Drive|[fromitem]
|-start|p2a: Iron Valiant|quarkdrivespe
|switch|p1a: You Tried.|Dondozo, F, shiny|84/100 slp
|
|-damage|p2a: Iron Valiant|63/100 tox|[from] psn
|upkeep
|turn|46
|
|t:|1776212438
|switch|p1a: Keep Trying.|Toxapex, M|88/100
|move|p2a: Iron Valiant|Calm Mind|p2a: Iron Valiant
|-boost|p2a: Iron Valiant|spa|1
|-boost|p2a: Iron Valiant|spd|1
|
|-damage|p2a: Iron Valiant|51/100 tox|[from] psn
|upkeep
|turn|47
|
|t:|1776212443
|switch|p1a: Worth Trying.|Clodsire, F, shiny, tera:Steel|100/100
|-terastallize|p2a: Iron Valiant|Ground
|move|p2a: Iron Valiant|Tera Blast|p1a: Worth Trying.|[anim] Tera Blast Ground
|-supereffective|p1a: Worth Trying.
|-crit|p1a: Worth Trying.
|-damage|p1a: Worth Trying.|35/100
|
|-damage|p2a: Iron Valiant|32/100 tox|[from] psn
|upkeep
|turn|48
|
|t:|1776212449
|move|p2a: Iron Valiant|Moonblast|p1a: Worth Trying.
|-resisted|p1a: Worth Trying.
|-damage|p1a: Worth Trying.|23/100
|-unboost|p1a: Worth Trying.|spa|1
|move|p1a: Worth Trying.|Recover|p1a: Worth Trying.
|-heal|p1a: Worth Trying.|73/100
|
|-damage|p2a: Iron Valiant|7/100 tox|[from] psn
|upkeep
|turn|49
|-message|washed is generous forfeited.
|
|win|HyperStallMIA
|raw|HyperStallMIA's rating: 1541 &rarr; <strong>1556</strong><br />(+15 for winning)
|raw|washed is generous's rating: 1445 &rarr; <strong>1430</strong><br />(-15 for losing)
