|html|<div class="broadcast-blue"><strong>[Gen 9] OU is currently suspecting Tera Blast! For information on how to participate check out the <a href="https://www.smogon.com/tools/suspects/view/200">suspect thread</a>.</strong></div>
|j|☆policyholder
|j|☆Jawbre4kr
|t:|1776278865
|gametype|singles
|player|p1|policyholder|lance-gen2|1463
|player|p2|Jawbre4kr|flint|1509
|gen|9
|tier|[Gen 9] OU
|rated|
|rule|HP Percentage Mod: HP is shown in percentages
|rule|Endless Battle Clause: Forcing endless battles is banned
|rule|Species Clause: Limit one of each Pokémon
|rule|OHKO Clause: OHKO moves are banned
|rule|Evasion Items Clause: Evasion items are banned
|rule|Evasion Moves Clause: Evasion moves are banned
|rule|Evasion Abilities Clause: Evasion abilities are banned
|rule|Sleep Moves Clause: Sleep-inducing moves are banned
|clearpoke
|poke|p1|Volcanion|
|poke|p1|Great Tusk|
|poke|p1|Iron Crown|
|poke|p1|Weavile, F|
|poke|p1|Clodsire, M|
|poke|p1|Dragonite, M|
|poke|p2|Samurott-Hisui, M|
|poke|p2|Zapdos|
|poke|p2|Iron Treads|
|poke|p2|Ceruledge, M|
|poke|p2|Gholdengo|
|poke|p2|Kingambit, M|
|teampreview
|inactive|Battle timer is ON: inactive players will automatically lose when time's up. (requested by Jawbre4kr)
|
|t:|1776278892
|teamsize|p1|6
|teamsize|p2|6
|start
|switch|p1a: Great Tusk|Great Tusk|100/100
|switch|p2a: Samurott|Samurott-Hisui, M|100/100
|turn|1
|
|t:|1776278911
|switch|p2a: Zapdos|Zapdos|100/100
|move|p1a: Great Tusk|Stealth Rock|p2a: Zapdos
|-sidestart|p2: Jawbre4kr|move: Stealth Rock
|
|upkeep
|turn|2
|
|t:|1776278921
|-end|p1a: Great Tusk|Protosynthesis|[silent]
|switch|p1a: Iron Crown|Iron Crown|100/100
|move|p2a: Zapdos|Hurricane|p1a: Iron Crown
|-resisted|p1a: Iron Crown
|-crit|p1a: Iron Crown
|-damage|p1a: Iron Crown|68/100
|
|upkeep
|turn|3
|
|t:|1776278930
|move|p1a: Iron Crown|Focus Blast|p2a: Zapdos
|-resisted|p2a: Zapdos
|-damage|p2a: Zapdos|70/100
|move|p2a: Zapdos|Thunder Wave|p1a: Iron Crown
|-status|p1a: Iron Crown|par
|
|upkeep
|turn|4
|
|t:|1776278941
|-end|p1a: Iron Crown|Quark Drive|[silent]
|switch|p1a: Clodsire|Clodsire, M|100/100
|move|p2a: Zapdos|Volt Switch|p1a: Clodsire
|-immune|p1a: Clodsire
|
|upkeep
|turn|5
|
|t:|1776278951
|switch|p2a: Gholdengo|Gholdengo|100/100
|-damage|p2a: Gholdengo|94/100|[from] Stealth Rock
|-item|p2a: Gholdengo|Air Balloon
|move|p1a: Clodsire|Earthquake|p2a: Gholdengo
|-immune|p2a: Gholdengo
|
|upkeep
|turn|6
|
|t:|1776278967
|switch|p1a: Volcanion|Volcanion|100/100
|move|p2a: Gholdengo|Thunder Wave|p1a: Volcanion
|-status|p1a: Volcanion|par
|
|upkeep
|turn|7
|
|t:|1776278977
|move|p2a: Gholdengo|Hex|p1a: Volcanion
|-damage|p1a: Volcanion|64/100 par
|move|p1a: Volcanion|Steam Eruption|p2a: Gholdengo
|-damage|p2a: Gholdengo|29/100
|-status|p2a: Gholdengo|brn
|-enditem|p2a: Gholdengo|Air Balloon
|
|-damage|p2a: Gholdengo|23/100 brn|[from] brn
|upkeep
|turn|8
|
|t:|1776278996
|switch|p2a: Samurott|Samurott-Hisui, M|100/100
|-damage|p2a: Samurott|88/100|[from] Stealth Rock
|switch|p1a: Clodsire|Clodsire, M|100/100
|
|upkeep
|turn|9
|
|t:|1776279005
|move|p2a: Samurott|Knock Off|p1a: Clodsire
|-damage|p1a: Clodsire|71/100
|-damage|p2a: Samurott|72/100|[from] item: Rocky Helmet|[of] p1a: Clodsire
|-enditem|p1a: Clodsire|Rocky Helmet|[from] move: Knock Off|[of] p2a: Samurott
|move|p1a: Clodsire|Counter|p2a: Samurott
|-damage|p2a: Samurott|1/100
|
|upkeep
|turn|10
|
|t:|1776279032
|switch|p1a: Volcanion|Volcanion|64/100 par
|move|p2a: Samurott|Razor Shell|p1a: Volcanion
|-heal|p1a: Volcanion|89/100 par|[from] ability: Water Absorb|[of] p2a: Samurott
|
|upkeep
|turn|11
|
|t:|1776279044
|move|p2a: Samurott|Ceaseless Edge|p1a: Volcanion
|-damage|p1a: Volcanion|52/100 par
|-sidestart|p1: policyholder|Spikes
|move|p1a: Volcanion|Flamethrower|p2a: Samurott
|-resisted|p2a: Samurott
|-damage|p2a: Samurott|0 fnt
|faint|p2a: Samurott
|
|upkeep
|
|t:|1776279058
|switch|p2a: Iron Treads|Iron Treads|100/100
|-damage|p2a: Iron Treads|97/100|[from] Stealth Rock
|turn|12
|
|t:|1776279065
|move|p2a: Iron Treads|Earthquake|p1a: Volcanion
|-supereffective|p1a: Volcanion
|-damage|p1a: Volcanion|0 fnt
|faint|p1a: Volcanion
|
|-heal|p2a: Iron Treads|100/100|[from] item: Leftovers
|upkeep
|
|t:|1776279075
|switch|p1a: Great Tusk|Great Tusk|100/100
|turn|13
|
|t:|1776279084
|-end|p2a: Iron Treads|Quark Drive|[silent]
|switch|p2a: Zapdos|Zapdos|70/100
|move|p1a: Great Tusk|Rapid Spin|p2a: Zapdos
|-damage|p2a: Zapdos|58/100
|-boost|p1a: Great Tusk|spe|1
|-status|p1a: Great Tusk|par|[from] ability: Static|[of] p2a: Zapdos
|-sideend|p1: policyholder|Spikes|[from] move: Rapid Spin|[of] p1a: Great Tusk
|
|upkeep
|turn|14
|
|t:|1776279100
|-end|p1a: Great Tusk|Protosynthesis|[silent]
|switch|p1a: Weavile|Weavile, F|100/100
|-ability|p1a: Weavile|Pressure
|move|p2a: Zapdos|Roost|p2a: Zapdos
|-heal|p2a: Zapdos|100/100
|-singleturn|p2a: Zapdos|move: Roost
|
|upkeep
|turn|15
|
|t:|1776279110
|switch|p2a: Gholdengo|Gholdengo|23/100 brn
|-damage|p2a: Gholdengo|17/100 brn|[from] Stealth Rock
|move|p1a: Weavile|Triple Axel|p2a: Gholdengo
|-resisted|p2a: Gholdengo
|-damage|p2a: Gholdengo|12/100 brn
|-resisted|p2a: Gholdengo
|-damage|p2a: Gholdengo|1/100 brn
|-resisted|p2a: Gholdengo
|-damage|p2a: Gholdengo|0 fnt
|faint|p2a: Gholdengo
|-hitcount|p2: Gholdengo|3
|
|upkeep
|
|t:|1776279132
|switch|p2a: Iron Treads|Iron Treads|100/100
|-damage|p2a: Iron Treads|97/100|[from] Stealth Rock
|turn|16
|
|t:|1776279141
|move|p1a: Weavile|Triple Axel|p2a: Iron Treads
|-damage|p2a: Iron Treads|85/100
|-crit|p2a: Iron Treads
|-damage|p2a: Iron Treads|44/100
|-damage|p2a: Iron Treads|2/100
|-hitcount|p2a: Iron Treads|3
|move|p2a: Iron Treads|Rapid Spin|p1a: Weavile
|-damage|p1a: Weavile|71/100
|-boost|p2a: Iron Treads|spe|1
|-sideend|p2: Jawbre4kr|Stealth Rock|[from] move: Rapid Spin|[of] p2a: Iron Treads
|
|-heal|p2a: Iron Treads|8/100|[from] item: Leftovers
|upkeep
|turn|17
|inactive|Jawbre4kr has 120 seconds left.
|
|t:|1776279162
|switch|p1a: Great Tusk|Great Tusk|100/100 par
|move|p2a: Iron Treads|Knock Off|p1a: Great Tusk
|-resisted|p1a: Great Tusk
|-damage|p1a: Great Tusk|89/100 par
|-enditem|p1a: Great Tusk|Heavy-Duty Boots|[from] move: Knock Off|[of] p2a: Iron Treads
|
|-heal|p2a: Iron Treads|14/100|[from] item: Leftovers
|upkeep
|turn|18
|inactive|Jawbre4kr has 120 seconds left.
|
|t:|1776279178
|move|p2a: Iron Treads|Stealth Rock|p1a: Great Tusk
|-sidestart|p1: policyholder|move: Stealth Rock
|cant|p1a: Great Tusk|par
|
|-heal|p2a: Iron Treads|20/100|[from] item: Leftovers
|upkeep
|turn|19
|inactive|Jawbre4kr has 120 seconds left.
|
|t:|1776279188
|-end|p2a: Iron Treads|Quark Drive|[silent]
|switch|p2a: Ceruledge|Ceruledge, M|100/100
|move|p1a: Great Tusk|Headlong Rush|p2a: Ceruledge
|-supereffective|p2a: Ceruledge
|-damage|p2a: Ceruledge|0 fnt
|-unboost|p1a: Great Tusk|def|1
|-unboost|p1a: Great Tusk|spd|1
|faint|p2a: Ceruledge
|
|upkeep
|
|t:|1776279199
|switch|p2a: Kingambit|Kingambit, M|100/100
|-activate|p2a: Kingambit|ability: Supreme Overlord
|-start|p2a: Kingambit|fallen3|[silent]
|turn|20
|
|t:|1776279212
|-terastallize|p2a: Kingambit|Fighting
|move|p2a: Kingambit|Iron Head|p1a: Great Tusk
|-damage|p1a: Great Tusk|27/100 par
|move|p1a: Great Tusk|Headlong Rush|p2a: Kingambit
|-damage|p2a: Kingambit|45/100
|-unboost|p1a: Great Tusk|def|1
|-unboost|p1a: Great Tusk|spd|1
|
|-heal|p2a: Kingambit|51/100|[from] item: Leftovers
|upkeep
|turn|21
|
|t:|1776279225
|move|p2a: Kingambit|Iron Head|p1a: Great Tusk
|-damage|p1a: Great Tusk|0 fnt
|faint|p1a: Great Tusk
|-end|p1a: Great Tusk|Protosynthesis|[silent]
|
|-heal|p2a: Kingambit|57/100|[from] item: Leftovers
|upkeep
|inactive|policyholder has 120 seconds left.
|
|t:|1776279258
|switch|p1a: Weavile|Weavile, F|71/100
|-damage|p1a: Weavile|46/100|[from] Stealth Rock
|-ability|p1a: Weavile|Pressure
|turn|22
|inactive|Jawbre4kr has 120 seconds left.
|
|t:|1776279273
|move|p1a: Weavile|Triple Axel|p2a: Kingambit
|-damage|p2a: Kingambit|45/100
|-damage|p2a: Kingambit|19/100
|-damage|p2a: Kingambit|0 fnt
|faint|p2a: Kingambit
|-end|p2a: Kingambit|fallen3|[silent]
|-hitcount|p2: Kingambit|3
|
|upkeep
|-message|Jawbre4kr forfeited.
|
|win|policyholder
|raw|policyholder's rating: 1463 &rarr; <strong>1486</strong><br />(+23 for winning)
|raw|Jawbre4kr's rating: 1509 &rarr; <strong>1486</strong><br />(-23 for losing)
