|html|<div class="broadcast-blue"><strong>[Gen 9] OU is currently suspecting Tera Blast! For information on how to participate check out the <a href="https://www.smogon.com/tools/suspects/view/200">suspect thread</a>.</strong></div>
|j|☆bad webs team
|j|☆Irhb
|inactive|Battle timer is ON: inactive players will automatically lose when time's up.
|t:|1776286457
|gametype|singles
|player|p1|bad webs team|dawn|
|player|p2|Irhb|hilbert|
|gen|9
|tier|[Gen 9] OU
|rated|Tournament battle
|rule|HP Percentage Mod: HP is shown in percentages
|rule|Endless Battle Clause: Forcing endless battles is banned
|rule|Species Clause: Limit one of each Pokémon
|rule|OHKO Clause: OHKO moves are banned
|rule|Evasion Items Clause: Evasion items are banned
|rule|Evasion Moves Clause: Evasion moves are banned
|rule|Evasion Abilities Clause: Evasion abilities are banned
|rule|Sleep Moves Clause: Sleep-inducing moves are banned
|clearpoke
|poke|p1|Cinderace, M|
|poke|p1|Zamazenta-*|
|poke|p1|Latios, M|
|poke|p1|Ting-Lu|
|poke|p1|Corviknight, M|
|poke|p1|Slowking-Galar, F|
|poke|p2|Dragapult, M|
|poke|p2|Alomomola, F|
|poke|p2|Gliscor, M|
|poke|p2|Kyurem|
|poke|p2|Slowking-Galar, M|
|poke|p2|Iron Treads|
|teampreview
|j| StallMyWayTo1700s
|j| PepBaldFraud
|j| TrentMercer
|j| Shucklepilled
|c| PepBaldFraud|nice webs team
|c|☆bad webs team|Thx
|j| no ratings
|inactive|Irhb has 120 seconds left.
|
|t:|1776286495
|teamsize|p1|6
|teamsize|p2|6
|start
|switch|p1a: Slowking|Slowking-Galar, F|100/100
|switch|p2a: Gliscor|Gliscor, M|100/100
|turn|1
|j| 0Positive
|
|t:|1776286501
|move|p2a: Gliscor|Protect|p2a: Gliscor
|-singleturn|p2a: Gliscor|Protect
|move|p1a: Slowking|Ice Beam|p2a: Gliscor
|-activate|p2a: Gliscor|move: Protect
|
|-status|p2a: Gliscor|tox|[from] item: Toxic Orb
|upkeep
|turn|2
|j| baino_noob
|j| TheNewBrends11@!
|
|t:|1776286512
|switch|p2a: Slowking|Slowking-Galar, M|100/100
|move|p1a: Slowking|Ice Beam|p2a: Slowking
|-damage|p2a: Slowking|86/100
|
|upkeep
|turn|3
|
|t:|1776286517
|move|p1a: Slowking|Future Sight|p2a: Slowking
|-start|p1a: Slowking|move: Future Sight
|move|p2a: Slowking|Future Sight|p1a: Slowking
|-start|p2a: Slowking|move: Future Sight
|
|upkeep
|turn|4
|
|t:|1776286523
|switch|p2a: Iron Treads|Iron Treads|100/100
|-prepare|p1a: Slowking|Chilly Reception|[premajor]
|move|p1a: Slowking|Chilly Reception|p1a: Slowking
|-weather|Snowscape
|j| 40 crip
|
|t:|1776286532
|switch|p1a: Zamazenta|Zamazenta|100/100|[from] Chilly Reception
|-ability|p1a: Zamazenta|Dauntless Shield|boost
|-boost|p1a: Zamazenta|def|1
|
|-weather|Snowscape|[upkeep]
|upkeep
|turn|5
|j| Esiroi974
|l| Esiroi974
|inactive|bad webs team has 120 seconds left.
|
|t:|1776286583
|switch|p1a: Ting-Lu|Ting-Lu|100/100
|-ability|p1a: Ting-Lu|Vessel of Ruin
|-end|p2a: Iron Treads|Quark Drive|[silent]
|switch|p2a: Gliscor|Gliscor, M|100/100 tox
|
|-weather|Snowscape|[upkeep]
|-end|p2a: Gliscor|move: Future Sight
|-damage|p2a: Gliscor|69/100 tox
|-end|p1a: Ting-Lu|move: Future Sight
|-immune|p1a: Ting-Lu
|-heal|p2a: Gliscor|81/100 tox|[from] ability: Poison Heal
|upkeep
|turn|6
|
|t:|1776286597
|switch|p1a: Corviknight|Corviknight, M|100/100
|-ability|p1a: Corviknight|Pressure
|move|p2a: Gliscor|Spikes|p1a: Corviknight
|-sidestart|p1: bad webs team|Spikes
|
|-weather|Snowscape|[upkeep]
|-heal|p2a: Gliscor|94/100 tox|[from] ability: Poison Heal
|upkeep
|turn|7
|
|t:|1776286615
|switch|p2a: Alomomola|Alomomola, F|100/100
|move|p1a: Corviknight|Defog|p2a: Alomomola
|-unboost|p2a: Alomomola|evasion|1
|-sideend|p1: bad webs team|Spikes|[from] move: Defog|[of] p1a: Corviknight
|
|-weather|Snowscape|[upkeep]
|upkeep
|turn|8
|j| brodiewhat
|
|t:|1776286629
|switch|p1a: Slowking|Slowking-Galar, F|100/100
|move|p2a: Alomomola|Scald|p1a: Slowking
|-damage|p1a: Slowking|92/100
|
|-weather|none
|upkeep
|turn|9
|
|t:|1776286634
|move|p2a: Alomomola|Flip Turn|p1a: Slowking
|-damage|p1a: Slowking|74/100
|
|t:|1776286637
|switch|p2a: Slowking|Slowking-Galar, M|100/100|[from] Flip Turn
|-prepare|p1a: Slowking|Chilly Reception|[premajor]
|move|p1a: Slowking|Chilly Reception|p1a: Slowking
|-weather|Snowscape
|inactive|bad webs team has 120 seconds left.
|
|t:|1776286646
|switch|p1a: Cinderace|Cinderace, M|100/100|[from] Chilly Reception
|
|-weather|Snowscape|[upkeep]
|upkeep
|turn|10
|
|t:|1776286655
|move|p1a: Cinderace|Pyro Ball|p2a: Slowking
|-damage|p2a: Slowking|48/100
|-prepare|p2a: Slowking|Chilly Reception|[premajor]
|move|p2a: Slowking|Chilly Reception|p2a: Slowking
|j| emptywisdom
|
|t:|1776286671
|switch|p2a: Alomomola|Alomomola, F|100/100|[from] Chilly Reception
|
|-weather|Snowscape|[upkeep]
|upkeep
|turn|11
|l| emptywisdom
|
|t:|1776286674
|move|p1a: Cinderace|Will-O-Wisp|p2a: Alomomola|[miss]
|-miss|p1a: Cinderace|p2a: Alomomola
|move|p2a: Alomomola|Flip Turn|p1a: Cinderace
|-supereffective|p1a: Cinderace
|-damage|p1a: Cinderace|57/100
|
|t:|1776286679
|switch|p2a: Dragapult|Dragapult, M|100/100|[from] Flip Turn
|
|-weather|Snowscape|[upkeep]
|upkeep
|turn|12
|
|t:|1776286684
|switch|p1a: Corviknight|Corviknight, M|100/100
|-ability|p1a: Corviknight|Pressure
|move|p2a: Dragapult|U-turn|p1a: Corviknight
|-resisted|p1a: Corviknight
|-damage|p1a: Corviknight|95/100
|-damage|p2a: Dragapult|84/100|[from] item: Rocky Helmet|[of] p1a: Corviknight
|
|t:|1776286691
|switch|p2a: Kyurem|Kyurem, shiny|100/100|[from] U-turn
|-ability|p2a: Kyurem|Pressure
|
|-weather|Snowscape|[upkeep]
|upkeep
|turn|13
|
|t:|1776286704
|switch|p2a: Alomomola|Alomomola, F|100/100
|switch|p1a: Slowking|Slowking-Galar, F|100/100
|
|-weather|none
|upkeep
|turn|14
|
|t:|1776286709
|move|p2a: Alomomola|Flip Turn|p1a: Slowking
|-damage|p1a: Slowking|84/100
|
|t:|1776286712
|switch|p2a: Iron Treads|Iron Treads|100/100|[from] Flip Turn
|-prepare|p1a: Slowking|Chilly Reception|[premajor]
|move|p1a: Slowking|Chilly Reception|p1a: Slowking
|-weather|Snowscape
|
|t:|1776286719
|switch|p1a: Zamazenta|Zamazenta|100/100|[from] Chilly Reception
|
|-weather|Snowscape|[upkeep]
|upkeep
|turn|15
|
|t:|1776286725
|-end|p2a: Iron Treads|Quark Drive|[silent]
|switch|p2a: Alomomola|Alomomola, F|100/100
|move|p1a: Zamazenta|Crunch|p2a: Alomomola
|-damage|p2a: Alomomola|78/100
|-damage|p1a: Zamazenta|84/100|[from] item: Rocky Helmet|[of] p2a: Alomomola
|
|-weather|Snowscape|[upkeep]
|upkeep
|turn|16
|
|t:|1776286741
|switch|p1a: Slowking|Slowking-Galar, F|100/100
|switch|p2a: Gliscor|Gliscor, M|94/100 tox
|
|-weather|Snowscape|[upkeep]
|-heal|p2a: Gliscor|100/100 tox|[from] ability: Poison Heal
|upkeep
|turn|17
|
|t:|1776286746
|move|p2a: Gliscor|Earthquake|p1a: Slowking
|-supereffective|p1a: Slowking
|-enditem|p1a: Slowking|Shuca Berry|[eat]
|-enditem|p1a: Slowking|Shuca Berry|[weaken]
|-damage|p1a: Slowking|67/100
|move|p1a: Slowking|Ice Beam|p2a: Gliscor
|-supereffective|p2a: Gliscor
|-damage|p2a: Gliscor|22/100 tox
|
|-weather|Snowscape|[upkeep]
|-heal|p2a: Gliscor|35/100 tox|[from] ability: Poison Heal
|upkeep
|turn|18
|j| Puyu paz
|
|t:|1776286761
|move|p2a: Gliscor|Protect|p2a: Gliscor
|-singleturn|p2a: Gliscor|Protect
|move|p1a: Slowking|Ice Beam|p2a: Gliscor
|-activate|p2a: Gliscor|move: Protect
|
|-weather|none
|-heal|p2a: Gliscor|47/100 tox|[from] ability: Poison Heal
|upkeep
|turn|19
|l| Puyu paz
|
|t:|1776286770
|switch|p2a: Iron Treads|Iron Treads|100/100
|move|p1a: Slowking|Ice Beam|p2a: Iron Treads
|-damage|p2a: Iron Treads|83/100
|
|-heal|p2a: Iron Treads|89/100|[from] item: Leftovers
|upkeep
|turn|20
|
|t:|1776286776
|switch|p1a: Corviknight|Corviknight, M|95/100
|-ability|p1a: Corviknight|Pressure
|move|p2a: Iron Treads|Knock Off|p1a: Corviknight
|-damage|p1a: Corviknight|81/100
|-damage|p2a: Iron Treads|72/100|[from] item: Rocky Helmet|[of] p1a: Corviknight
|-enditem|p1a: Corviknight|Rocky Helmet|[from] move: Knock Off|[of] p2a: Iron Treads
|
|-heal|p2a: Iron Treads|78/100|[from] item: Leftovers
|upkeep
|turn|21
|
|t:|1776286785
|move|p2a: Iron Treads|Stealth Rock|p1a: Corviknight
|-sidestart|p1: bad webs team|move: Stealth Rock
|move|p1a: Corviknight|Body Press|p2a: Iron Treads
|-supereffective|p2a: Iron Treads
|-damage|p2a: Iron Treads|40/100
|
|-heal|p2a: Iron Treads|46/100|[from] item: Leftovers
|upkeep
|turn|22
|l| baino_noob
|
|t:|1776286793
|-end|p2a: Iron Treads|Quark Drive|[silent]
|switch|p2a: Alomomola|Alomomola, F|100/100
|switch|p1a: Cinderace|Cinderace, M|57/100
|
|upkeep
|turn|23
|
|t:|1776286796
|move|p1a: Cinderace|Court Change|p1a: Cinderace
|-swapsideconditions
|-activate|p1a: Cinderace|move: Court Change
|move|p2a: Alomomola|Scald|p1a: Cinderace
|-supereffective|p1a: Cinderace
|-damage|p1a: Cinderace|23/100
|
|upkeep
|turn|24
|
|t:|1776286802
|switch|p1a: Slowking|Slowking-Galar, F|100/100
|move|p2a: Alomomola|Flip Turn|p1a: Slowking
|-damage|p1a: Slowking|82/100
|
|t:|1776286805
|switch|p2a: Iron Treads|Iron Treads|46/100|[from] Flip Turn
|-damage|p2a: Iron Treads|43/100|[from] Stealth Rock
|
|-heal|p2a: Iron Treads|49/100|[from] item: Leftovers
|upkeep
|turn|25
|
|t:|1776286813
|switch|p1a: Cinderace|Cinderace, M|23/100
|move|p2a: Iron Treads|Rapid Spin|p1a: Cinderace
|-damage|p1a: Cinderace|6/100
|-boost|p2a: Iron Treads|spe|1
|-sideend|p2: Irhb|Stealth Rock|[from] move: Rapid Spin|[of] p2a: Iron Treads
|
|-heal|p2a: Iron Treads|55/100|[from] item: Leftovers
|upkeep
|turn|26
|
|t:|1776286821
|switch|p1a: Corviknight|Corviknight, M|81/100
|-ability|p1a: Corviknight|Pressure
|move|p2a: Iron Treads|Knock Off|p1a: Corviknight
|-damage|p1a: Corviknight|71/100
|
|-heal|p2a: Iron Treads|61/100|[from] item: Leftovers
|upkeep
|turn|27
|
|t:|1776286832
|-end|p2a: Iron Treads|Quark Drive|[silent]
|switch|p2a: Alomomola|Alomomola, F|100/100
|switch|p1a: Slowking|Slowking-Galar, F|100/100
|
|upkeep
|turn|28
|
|t:|1776286837
|move|p2a: Alomomola|Flip Turn|p1a: Slowking
|-damage|p1a: Slowking|84/100
|
|t:|1776286840
|switch|p2a: Iron Treads|Iron Treads|61/100|[from] Flip Turn
|-prepare|p1a: Slowking|Chilly Reception|[premajor]
|move|p1a: Slowking|Chilly Reception|p1a: Slowking
|-weather|Snowscape
|
|t:|1776286846
|switch|p1a: Cinderace|Cinderace, M|6/100|[from] Chilly Reception
|
|-weather|Snowscape|[upkeep]
|-heal|p2a: Iron Treads|67/100|[from] item: Leftovers
|upkeep
|turn|29
|
|t:|1776286853
|-end|p2a: Iron Treads|Quark Drive|[silent]
|switch|p2a: Alomomola|Alomomola, F|100/100
|move|p1a: Cinderace|Will-O-Wisp|p2a: Alomomola
|-status|p2a: Alomomola|brn
|
|-weather|Snowscape|[upkeep]
|-damage|p2a: Alomomola|94/100 brn|[from] brn
|upkeep
|turn|30
|
|t:|1776286862
|switch|p1a: Latios|Latios, M|100/100
|move|p2a: Alomomola|Scald|p1a: Latios
|-resisted|p1a: Latios
|-damage|p1a: Latios|94/100
|-status|p1a: Latios|brn
|
|-weather|Snowscape|[upkeep]
|-damage|p1a: Latios|88/100 brn|[from] brn
|-damage|p2a: Alomomola|88/100 brn|[from] brn
|upkeep
|turn|31
|
|t:|1776286877
|switch|p2a: Slowking|Slowking-Galar, M|81/100
|move|p1a: Latios|Calm Mind|p1a: Latios
|-boost|p1a: Latios|spa|1
|-boost|p1a: Latios|spd|1
|
|-weather|Snowscape|[upkeep]
|-damage|p1a: Latios|82/100 brn|[from] brn
|upkeep
|turn|32
|
|t:|1776286884
|move|p1a: Latios|Draco Meteor|p2a: Slowking
|-damage|p2a: Slowking|10/100
|-unboost|p1a: Latios|spa|2
|move|p2a: Slowking|Ice Beam|p1a: Latios
|-supereffective|p1a: Latios
|-damage|p1a: Latios|52/100 brn
|
|-weather|none
|-damage|p1a: Latios|46/100 brn|[from] brn
|upkeep
|turn|33
|
|t:|1776286896
|switch|p2a: Iron Treads|Iron Treads|67/100
|move|p1a: Latios|Recover|p1a: Latios
|-heal|p1a: Latios|96/100 brn
|
|-heal|p2a: Iron Treads|73/100|[from] item: Leftovers
|-damage|p1a: Latios|90/100 brn|[from] brn
|upkeep
|turn|34
|l| StallMyWayTo1700s
|
|t:|1776286903
|switch|p1a: Corviknight|Corviknight, M|71/100
|-ability|p1a: Corviknight|Pressure
|move|p2a: Iron Treads|Knock Off|p1a: Corviknight
|-damage|p1a: Corviknight|60/100
|
|-heal|p2a: Iron Treads|79/100|[from] item: Leftovers
|upkeep
|turn|35
|
|t:|1776286909
|-end|p2a: Iron Treads|Quark Drive|[silent]
|switch|p2a: Slowking|Slowking-Galar, M|43/100
|move|p1a: Corviknight|Body Press|p2a: Slowking
|-resisted|p2a: Slowking
|-damage|p2a: Slowking|37/100
|
|upkeep
|turn|36
|
|t:|1776286916
|move|p1a: Corviknight|Roost|p1a: Corviknight
|-heal|p1a: Corviknight|100/100
|-singleturn|p1a: Corviknight|move: Roost
|move|p2a: Slowking|Future Sight|p1a: Corviknight
|-start|p2a: Slowking|move: Future Sight
|
|upkeep
|turn|37
|
|t:|1776286926
|switch|p1a: Ting-Lu|Ting-Lu|100/100
|-ability|p1a: Ting-Lu|Vessel of Ruin
|-prepare|p2a: Slowking|Chilly Reception|[premajor]
|move|p2a: Slowking|Chilly Reception|p2a: Slowking
|-weather|Snowscape
|
|t:|1776286938
|switch|p2a: Iron Treads|Iron Treads|79/100|[from] Chilly Reception
|
|-weather|Snowscape|[upkeep]
|-heal|p2a: Iron Treads|85/100|[from] item: Leftovers
|upkeep
|turn|38
|
|t:|1776286942
|move|p2a: Iron Treads|Stealth Rock|p1a: Ting-Lu
|-sidestart|p1: bad webs team|move: Stealth Rock
|move|p1a: Ting-Lu|Earthquake|p2a: Iron Treads
|-supereffective|p2a: Iron Treads
|-damage|p2a: Iron Treads|33/100
|
|-weather|Snowscape|[upkeep]
|-end|p1a: Ting-Lu|move: Future Sight
|-immune|p1a: Ting-Lu
|-heal|p2a: Iron Treads|39/100|[from] item: Leftovers
|upkeep
|turn|39
|
|t:|1776286950
|-end|p2a: Iron Treads|Quark Drive|[silent]
|switch|p2a: Gliscor|Gliscor, M|47/100 tox
|switch|p1a: Corviknight|Corviknight, M|100/100
|-damage|p1a: Corviknight|88/100|[from] Stealth Rock
|-ability|p1a: Corviknight|Pressure
|
|-weather|Snowscape|[upkeep]
|-heal|p2a: Gliscor|60/100 tox|[from] ability: Poison Heal
|upkeep
|turn|40
|
|t:|1776286955
|switch|p2a: Alomomola|Alomomola, F|100/100 brn
|move|p1a: Corviknight|Defog|p2a: Alomomola
|-unboost|p2a: Alomomola|evasion|1
|-sideend|p1: bad webs team|Stealth Rock|[from] move: Defog|[of] p1a: Corviknight
|
|-weather|Snowscape|[upkeep]
|-damage|p2a: Alomomola|94/100 brn|[from] brn
|upkeep
|turn|41
|l| Shucklepilled
|
|t:|1776286960
|switch|p1a: Slowking|Slowking-Galar, F|100/100
|move|p2a: Alomomola|Scald|p1a: Slowking
|-damage|p1a: Slowking|92/100
|
|-weather|none
|-damage|p2a: Alomomola|88/100 brn|[from] brn
|upkeep
|turn|42
|
|t:|1776286967
|move|p2a: Alomomola|Flip Turn|p1a: Slowking
|-damage|p1a: Slowking|83/100
|n| hoendeeznats|0positive
|
|t:|1776286985
|switch|p2a: Slowking|Slowking-Galar, M|70/100|[from] Flip Turn
|move|p1a: Slowking|Future Sight|p2a: Slowking
|-start|p1a: Slowking|move: Future Sight
|
|upkeep
|turn|43
|
|t:|1776286990
|move|p2a: Slowking|Future Sight|p1a: Slowking
|-start|p2a: Slowking|move: Future Sight
|-prepare|p1a: Slowking|Chilly Reception|[premajor]
|move|p1a: Slowking|Chilly Reception|p1a: Slowking
|-weather|Snowscape
|
|t:|1776286995
|switch|p1a: Cinderace|Cinderace, M|6/100|[from] Chilly Reception
|
|-weather|Snowscape|[upkeep]
|upkeep
|turn|44
|
|t:|1776287016
|switch|p2a: Alomomola|Alomomola, F|100/100 brn
|move|p1a: Cinderace|Pyro Ball|p2a: Alomomola
|-resisted|p2a: Alomomola
|-damage|p2a: Alomomola|79/100 brn
|
|-weather|Snowscape|[upkeep]
|-end|p2a: Alomomola|move: Future Sight
|-crit|p2a: Alomomola
|-damage|p2a: Alomomola|4/100 brn
|-damage|p2a: Alomomola|0 fnt|[from] brn
|faint|p2a: Alomomola
|upkeep
|inactive|Irhb has 120 seconds left.
|
|t:|1776287035
|switch|p2a: Kyurem|Kyurem, shiny|100/100
|-ability|p2a: Kyurem|Pressure
|turn|45
|
|t:|1776287042
|switch|p1a: Ting-Lu|Ting-Lu|100/100
|-ability|p1a: Ting-Lu|Vessel of Ruin
|move|p2a: Kyurem|Freeze-Dry|p1a: Ting-Lu
|-supereffective|p1a: Ting-Lu
|-damage|p1a: Ting-Lu|71/100
|
|-weather|Snowscape|[upkeep]
|-end|p1a: Ting-Lu|move: Future Sight
|-immune|p1a: Ting-Lu
|-heal|p1a: Ting-Lu|78/100|[from] item: Leftovers
|upkeep
|turn|46
|
|t:|1776287050
|switch|p1a: Slowking|Slowking-Galar, F|100/100
|move|p2a: Kyurem|Substitute|p2a: Kyurem
|-start|p2a: Kyurem|Substitute
|-damage|p2a: Kyurem|76/100
|
|-weather|Snowscape|[upkeep]
|-heal|p2a: Kyurem|82/100|[from] item: Leftovers
|upkeep
|turn|47
|
|t:|1776287057
|move|p2a: Kyurem|Earth Power|p1a: Slowking
|-supereffective|p1a: Slowking
|-damage|p1a: Slowking|61/100
|-unboost|p1a: Slowking|spd|1
|-prepare|p1a: Slowking|Chilly Reception|[premajor]
|move|p1a: Slowking|Chilly Reception|p1a: Slowking
|
|t:|1776287064
|switch|p1a: Latios|Latios, M|90/100 brn|[from] Chilly Reception
|
|-weather|none
|-heal|p2a: Kyurem|88/100|[from] item: Leftovers
|-damage|p1a: Latios|84/100 brn|[from] brn
|upkeep
|turn|48
|j| BUNDY
|
|t:|1776287070
|-terastallize|p1a: Latios|Steel
|move|p1a: Latios|Calm Mind|p1a: Latios
|-boost|p1a: Latios|spa|1
|-boost|p1a: Latios|spd|1
|move|p2a: Kyurem|Freeze-Dry|p1a: Latios
|-resisted|p1a: Latios
|-damage|p1a: Latios|71/100 brn
|
|-heal|p2a: Kyurem|94/100|[from] item: Leftovers
|-damage|p1a: Latios|65/100 brn|[from] brn
|upkeep
|turn|49
|j| Shucklepilled
|l| 40 crip
|
|t:|1776287090
|switch|p2a: Slowking|Slowking-Galar, M|100/100
|move|p1a: Latios|Psychic Noise|p2a: Slowking
|-damage|p2a: Slowking|57/100
|-start|p2a: Slowking|move: Heal Block
|
|-damage|p1a: Latios|59/100 brn|[from] brn
|upkeep
|turn|50
|
|t:|1776287096
|move|p1a: Latios|Draco Meteor|p2a: Slowking
|-damage|p2a: Slowking|0 fnt
|-unboost|p1a: Latios|spa|2
|faint|p2a: Slowking
|
|-damage|p1a: Latios|53/100 brn|[from] brn
|upkeep
|
|t:|1776287098
|switch|p2a: Dragapult|Dragapult, M|84/100
|turn|51
|l| BUNDY
|j| HIAFH
|
|t:|1776287103
|switch|p1a: Ting-Lu|Ting-Lu|78/100
|-ability|p1a: Ting-Lu|Vessel of Ruin
|move|p2a: Dragapult|U-turn|p1a: Ting-Lu
|-supereffective|p1a: Ting-Lu
|-damage|p1a: Ting-Lu|43/100
|
|t:|1776287105
|switch|p2a: Kyurem|Kyurem, shiny|94/100|[from] U-turn
|-ability|p2a: Kyurem|Pressure
|
|-heal|p2a: Kyurem|99/100|[from] item: Leftovers
|-heal|p1a: Ting-Lu|49/100|[from] item: Leftovers
|upkeep
|turn|52
|l| HIAFH
|
|t:|1776287112
|move|p2a: Kyurem|Freeze-Dry|p1a: Ting-Lu
|-supereffective|p1a: Ting-Lu
|-damage|p1a: Ting-Lu|16/100
|move|p1a: Ting-Lu|Rest|p1a: Ting-Lu
|-status|p1a: Ting-Lu|slp|[from] move: Rest
|-heal|p1a: Ting-Lu|100/100 slp|[silent]
|
|-heal|p2a: Kyurem|100/100|[from] item: Leftovers
|upkeep
|turn|53
|
|t:|1776287125
|switch|p2a: Dragapult|Dragapult, M|84/100
|switch|p1a: Latios|Latios, M, tera:Steel|53/100 brn
|
|-damage|p1a: Latios|47/100 brn|[from] brn
|upkeep
|turn|54
|
|t:|1776287136
|switch|p1a: Corviknight|Corviknight, M|88/100
|-ability|p1a: Corviknight|Pressure
|-terastallize|p2a: Dragapult|Ghost
|move|p2a: Dragapult|Tera Blast|p1a: Corviknight|[anim] Tera Blast Ghost
|-damage|p1a: Corviknight|42/100
|
|upkeep
|turn|55
|
|t:|1776287145
|switch|p1a: Ting-Lu|Ting-Lu|100/100 slp
|-ability|p1a: Ting-Lu|Vessel of Ruin
|move|p2a: Dragapult|Tera Blast|p1a: Ting-Lu|[anim] Tera Blast Ghost
|-resisted|p1a: Ting-Lu
|-damage|p1a: Ting-Lu|79/100 slp
|
|-heal|p1a: Ting-Lu|85/100 slp|[from] item: Leftovers
|upkeep
|turn|56
|
|t:|1776287150
|switch|p2a: Gliscor|Gliscor, M|60/100 tox
|cant|p1a: Ting-Lu|slp
|move|p1a: Ting-Lu|Sleep Talk|p1a: Ting-Lu
|move|p1a: Ting-Lu|Earthquake|p2a: Gliscor|[from] move: Sleep Talk
|-immune|p2a: Gliscor
|
|-heal|p1a: Ting-Lu|92/100 slp|[from] item: Leftovers
|-heal|p2a: Gliscor|72/100 tox|[from] ability: Poison Heal
|upkeep
|turn|57
|
|t:|1776287158
|switch|p1a: Corviknight|Corviknight, M|42/100
|-ability|p1a: Corviknight|Pressure
|move|p2a: Gliscor|Spikes|p1a: Corviknight
|-sidestart|p1: bad webs team|Spikes
|
|-heal|p2a: Gliscor|85/100 tox|[from] ability: Poison Heal
|upkeep
|turn|58
|
|t:|1776287162
|switch|p2a: Dragapult|Dragapult, M, tera:Ghost|84/100
|move|p1a: Corviknight|Roost|p1a: Corviknight
|-heal|p1a: Corviknight|92/100
|-singleturn|p1a: Corviknight|move: Roost
|
|upkeep
|turn|59
|
|t:|1776287170
|move|p2a: Dragapult|U-turn|p1a: Corviknight
|-resisted|p1a: Corviknight
|-damage|p1a: Corviknight|87/100
|
|t:|1776287173
|switch|p2a: Gliscor|Gliscor, M|85/100 tox|[from] U-turn
|move|p1a: Corviknight|Roost|p1a: Corviknight
|-heal|p1a: Corviknight|100/100
|-singleturn|p1a: Corviknight|move: Roost
|
|-heal|p2a: Gliscor|97/100 tox|[from] ability: Poison Heal
|upkeep
|turn|60
|
|t:|1776287179
|switch|p2a: Dragapult|Dragapult, M, tera:Ghost|84/100
|move|p1a: Corviknight|Defog|p2a: Dragapult
|-unboost|p2a: Dragapult|evasion|1
|-sideend|p1: bad webs team|Spikes|[from] move: Defog|[of] p1a: Corviknight
|
|upkeep
|turn|61
|
|t:|1776287188
|move|p2a: Dragapult|Tera Blast|p1a: Corviknight|[anim] Tera Blast Ghost
|-damage|p1a: Corviknight|49/100
|move|p1a: Corviknight|Iron Defense|p1a: Corviknight
|-boost|p1a: Corviknight|def|2
|
|upkeep
|turn|62
|j| Mega-Yoshi817
|
|t:|1776287195
|switch|p2a: Kyurem|Kyurem, shiny|100/100
|-ability|p2a: Kyurem|Pressure
|move|p1a: Corviknight|Roost|p1a: Corviknight
|-heal|p1a: Corviknight|99/100
|-singleturn|p1a: Corviknight|move: Roost
|
|upkeep
|turn|63
|
|t:|1776287197
|move|p2a: Kyurem|Freeze-Dry|p1a: Corviknight
|-damage|p1a: Corviknight|62/100
|move|p1a: Corviknight|Body Press|p2a: Kyurem
|-supereffective|p2a: Kyurem
|-damage|p2a: Kyurem|0 fnt
|faint|p2a: Kyurem
|
|upkeep
|c|☆Irhb|gg
|-message|Irhb forfeited.
|
|win|bad webs team
|n|☆bad webs team|badwebsteam
|n|☆Irhb|irhb
|n| PepBaldFraud|pepbaldfraud
|n| TrentMercer|trentmercer
|n| no ratings|noratings
|n| TheNewBrends11@!|thenewbrends11
|n| brodiewhat|brodiewhat
|n| hoendeeznats|hoendeeznats
|n| Shucklepilled|shucklepilled
|n| Mega-Yoshi817|megayoshi817
|l| TrentMercer
|l| Mega-Yoshi817
|l| Shucklepilled
|j| baino_noob
|l| baino_noob
|l| PepBaldFraud
|j| arturohdez
|j| dragonpimpnite
|l| arturohdez
|l| dragonpimpnite
|l| brodiewhat
