|html|<div class="broadcast-blue"><strong>[Gen 9] OU is currently suspecting Tera Blast! For information on how to participate check out the <a href="https://www.smogon.com/tools/suspects/view/200">suspect thread</a>.</strong></div>
|j|☆m709lkjo
|j|☆FreeBob
|t:|1776060152
|gametype|singles
|player|p1|m709lkjo|265|1454
|player|p2|FreeBob|hiker-gen4|1472
|gen|9
|tier|[Gen 9] OU
|rated|
|rule|HP Percentage Mod: HP is shown in percentages
|rule|Endless Battle Clause: Forcing endless battles is banned
|rule|Species Clause: Limit one of each Pokémon
|rule|OHKO Clause: OHKO moves are banned
|rule|Evasion Items Clause: Evasion items are banned
|rule|Evasion Moves Clause: Evasion moves are banned
|rule|Evasion Abilities Clause: Evasion abilities are banned
|rule|Sleep Moves Clause: Sleep-inducing moves are banned
|clearpoke
|poke|p1|Drifblim, M|
|poke|p1|Corviknight, M|
|poke|p1|Alomomola, M|
|poke|p1|Blaziken, M|
|poke|p1|Kleavor, M|
|poke|p1|Hoopa-Unbound|
|poke|p2|Garchomp, F|
|poke|p2|Slither Wing|
|poke|p2|Slowking-Galar, F|
|poke|p2|Ogerpon-Wellspring, F|
|poke|p2|Moltres|
|poke|p2|Gholdengo|
|teampreview
|inactive|Battle timer is ON: inactive players will automatically lose when time's up. (requested by m709lkjo)
|
|t:|1776060166
|teamsize|p1|6
|teamsize|p2|6
|start
|switch|p1a: Hoopa|Hoopa-Unbound|100/100
|switch|p2a: Garchomp|Garchomp, F|100/100
|turn|1
|
|t:|1776060177
|move|p2a: Garchomp|Earthquake|p1a: Hoopa
|-damage|p1a: Hoopa|0 fnt
|faint|p1a: Hoopa
|-damage|p2a: Garchomp|91/100|[from] item: Life Orb
|
|upkeep
|
|t:|1776060192
|switch|p1a: Drifblim|Drifblim, M|100/100
|turn|2
|
|t:|1776060195
|move|p2a: Garchomp|Stone Edge|p1a: Drifblim
|-supereffective|p1a: Drifblim
|-damage|p1a: Drifblim|41/100
|-damage|p2a: Garchomp|81/100|[from] item: Life Orb
|move|p1a: Drifblim|Will-O-Wisp|p2a: Garchomp
|-status|p2a: Garchomp|brn
|
|-damage|p2a: Garchomp|75/100 brn|[from] brn
|upkeep
|turn|3
|
|t:|1776060201
|move|p2a: Garchomp|Stealth Rock|p1a: Drifblim
|-sidestart|p1: m709lkjo|move: Stealth Rock
|move|p1a: Drifblim|Strength Sap|p2a: Garchomp
|-unboost|p2a: Garchomp|atk|1
|-heal|p1a: Drifblim|100/100
|
|-damage|p2a: Garchomp|69/100 brn|[from] brn
|upkeep
|turn|4
|
|t:|1776060205
|move|p2a: Garchomp|Draco Meteor|p1a: Drifblim
|-damage|p1a: Drifblim|30/100
|-unboost|p2a: Garchomp|spa|2
|-damage|p2a: Garchomp|59/100 brn|[from] item: Life Orb
|move|p1a: Drifblim|Defog|p2a: Garchomp
|-unboost|p2a: Garchomp|evasion|1
|-sideend|p1: m709lkjo|Stealth Rock|[from] move: Defog|[of] p1a: Drifblim
|
|-damage|p2a: Garchomp|53/100 brn|[from] brn
|upkeep
|turn|5
|
|t:|1776060210
|move|p2a: Garchomp|Draco Meteor|p1a: Drifblim
|-damage|p1a: Drifblim|0 fnt
|-unboost|p2a: Garchomp|spa|2
|faint|p1a: Drifblim
|-damage|p2a: Garchomp|43/100 brn|[from] item: Life Orb
|
|-damage|p2a: Garchomp|37/100 brn|[from] brn
|upkeep
|
|t:|1776060215
|switch|p1a: Corviknight|Corviknight, M|100/100
|turn|6
|
|t:|1776060220
|switch|p2a: Gholdengo|Gholdengo|100/100
|move|p1a: Corviknight|Agility|p1a: Corviknight
|-boost|p1a: Corviknight|spe|2
|
|upkeep
|turn|7
|
|t:|1776060224
|move|p2a: Gholdengo|Trick|p1a: Corviknight
|-activate|p2a: Gholdengo|move: Trick|[of] p1a: Corviknight
|-item|p1a: Corviknight|Choice Scarf|[from] move: Trick
|-item|p2a: Gholdengo|Leftovers|[from] move: Trick
|move|p1a: Corviknight|Bulk Up|p1a: Corviknight
|-boost|p1a: Corviknight|atk|1
|-boost|p1a: Corviknight|def|1
|
|upkeep
|turn|8
|
|t:|1776060232
|switch|p1a: Blaziken|Blaziken, M|100/100
|move|p2a: Gholdengo|Shadow Ball|p1a: Blaziken
|-damage|p1a: Blaziken|40/100
|
|upkeep
|turn|9
|c|☆m709lkjo|gg
|-message|m709lkjo forfeited.
|
|win|FreeBob
|raw|m709lkjo's rating: 1454 &rarr; <strong>1435</strong><br />(-19 for losing)
|raw|FreeBob's rating: 1472 &rarr; <strong>1491</strong><br />(+19 for winning)
|l|☆m709lkjo
|player|p1|
|l|☆FreeBob
|player|p2|
|j|☆FreeBob
|player|p2|FreeBob|hiker-gen4|
