|html|<div class="broadcast-blue"><strong>[Gen 9] OU is currently suspecting Tera Blast! For information on how to participate check out the <a href="https://www.smogon.com/tools/suspects/view/200">suspect thread</a>.</strong></div>
|j|☆BuffCacture
|j|☆touchieraunt
|t:|1776111017
|gametype|singles
|player|p1|BuffCacture|1|1271
|player|p2|touchieraunt|102|1264
|gen|9
|tier|[Gen 9] OU
|rated|
|rule|HP Percentage Mod: HP is shown in percentages
|rule|Endless Battle Clause: Forcing endless battles is banned
|rule|Species Clause: Limit one of each Pokémon
|rule|OHKO Clause: OHKO moves are banned
|rule|Evasion Items Clause: Evasion items are banned
|rule|Evasion Moves Clause: Evasion moves are banned
|rule|Evasion Abilities Clause: Evasion abilities are banned
|rule|Sleep Moves Clause: Sleep-inducing moves are banned
|clearpoke
|poke|p1|Tinkaton, F|
|poke|p1|Cacturne, F|
|poke|p1|Slowbro, F|
|poke|p1|Rotom-Wash|
|poke|p1|Emboar, M|
|poke|p1|Cryogonal|
|poke|p2|Pecharunt|
|poke|p2|Kingambit, F|
|poke|p2|Volcanion|
|poke|p2|Iron Valiant|
|poke|p2|Landorus-Therian, M|
|poke|p2|Deoxys-Speed|
|teampreview
|
|t:|1776111032
|teamsize|p1|6
|teamsize|p2|6
|start
|switch|p1a: Step_Bro_im_stuck|Rotom-Wash|100/100
|switch|p2a: Landorus|Landorus-Therian, M|100/100
|-ability|p2a: Landorus|Intimidate|boost
|-unboost|p1a: Step_Bro_im_stuck|atk|1
|turn|1
|
|t:|1776111050
|move|p2a: Landorus|U-turn|p1a: Step_Bro_im_stuck
|-damage|p1a: Step_Bro_im_stuck|78/100
|
|t:|1776111065
|switch|p2a: Volcanion|Volcanion|100/100|[from] U-turn
|move|p1a: Step_Bro_im_stuck|Hydro Pump|p2a: Volcanion
|-immune|p2a: Volcanion|[from] ability: Water Absorb
|
|-heal|p1a: Step_Bro_im_stuck|84/100|[from] item: Leftovers
|upkeep
|turn|2
|
|t:|1776111117
|move|p2a: Volcanion|Will-O-Wisp|p1a: Step_Bro_im_stuck
|-status|p1a: Step_Bro_im_stuck|brn
|move|p1a: Step_Bro_im_stuck|Volt Switch|p2a: Volcanion
|-supereffective|p2a: Volcanion
|-damage|p2a: Volcanion|26/100
|
|t:|1776111141
|switch|p1a: Ur Momma|Emboar, M|100/100|[from] Volt Switch
|
|-heal|p2a: Volcanion|32/100|[from] item: Leftovers
|upkeep
|turn|3
|
|t:|1776111159
|switch|p2a: Landorus|Landorus-Therian, M|100/100
|-ability|p2a: Landorus|Intimidate|boost
|-unboost|p1a: Ur Momma|atk|1
|move|p1a: Ur Momma|Wild Charge|p2a: Landorus
|-immune|p2a: Landorus
|
|upkeep
|turn|4
|
|t:|1776111168
|switch|p1a: Step_Bro_im_stuck|Rotom-Wash|84/100 brn
|move|p2a: Landorus|Stealth Rock|p1a: Step_Bro_im_stuck
|-sidestart|p1: BuffCacture|move: Stealth Rock
|
|-heal|p1a: Step_Bro_im_stuck|90/100 brn|[from] item: Leftovers
|-damage|p1a: Step_Bro_im_stuck|84/100 brn|[from] brn
|upkeep
|turn|5
|inactive|Battle timer is ON: inactive players will automatically lose when time's up. (requested by BuffCacture)
|
|t:|1776111209
|move|p2a: Landorus|U-turn|p1a: Step_Bro_im_stuck
|-damage|p1a: Step_Bro_im_stuck|61/100 brn
|
|t:|1776111215
|switch|p2a: Volcanion|Volcanion|32/100|[from] U-turn
|move|p1a: Step_Bro_im_stuck|Thunderbolt|p2a: Volcanion
|-supereffective|p2a: Volcanion
|-damage|p2a: Volcanion|0 fnt
|faint|p2a: Volcanion
|
|-heal|p1a: Step_Bro_im_stuck|68/100 brn|[from] item: Leftovers
|-damage|p1a: Step_Bro_im_stuck|61/100 brn|[from] brn
|upkeep
|
|t:|1776111226
|switch|p2a: Iron Valiant|Iron Valiant|100/100
|-enditem|p2a: Iron Valiant|Booster Energy
|-activate|p2a: Iron Valiant|ability: Quark Drive|[fromitem]
|-start|p2a: Iron Valiant|quarkdrivespe
|turn|6
|
|t:|1776111237
|move|p2a: Iron Valiant|Moonblast|p1a: Step_Bro_im_stuck
|-damage|p1a: Step_Bro_im_stuck|18/100 brn
|move|p1a: Step_Bro_im_stuck|Will-O-Wisp|p2a: Iron Valiant|[miss]
|-miss|p1a: Step_Bro_im_stuck|p2a: Iron Valiant
|
|-heal|p1a: Step_Bro_im_stuck|24/100 brn|[from] item: Leftovers
|-damage|p1a: Step_Bro_im_stuck|18/100 brn|[from] brn
|upkeep
|turn|7
|
|t:|1776111252
|move|p2a: Iron Valiant|Moonblast|p1a: Step_Bro_im_stuck
|-damage|p1a: Step_Bro_im_stuck|0 fnt
|faint|p1a: Step_Bro_im_stuck
|
|upkeep
|
|t:|1776111260
|switch|p1a: White Rock|Cryogonal|100/100
|-damage|p1a: White Rock|75/100|[from] Stealth Rock
|turn|8
|
|t:|1776111272
|move|p2a: Iron Valiant|Close Combat|p1a: White Rock
|-supereffective|p1a: White Rock
|-damage|p1a: White Rock|0 fnt
|-unboost|p2a: Iron Valiant|def|1
|-unboost|p2a: Iron Valiant|spd|1
|faint|p1a: White Rock
|
|upkeep
|
|t:|1776111284
|switch|p1a: Buff Cacture|Cacturne, F|100/100
|-damage|p1a: Buff Cacture|88/100|[from] Stealth Rock
|turn|9
|
|t:|1776111304
|-terastallize|p1a: Buff Cacture|Ghost
|move|p2a: Iron Valiant|Moonblast|p1a: Buff Cacture
|-damage|p1a: Buff Cacture|19/100
|-unboost|p1a: Buff Cacture|spa|1
|move|p1a: Buff Cacture|Swords Dance|p1a: Buff Cacture
|-boost|p1a: Buff Cacture|atk|2
|
|upkeep
|turn|10
|
|t:|1776111319
|move|p1a: Buff Cacture|Sucker Punch||[still]
|-fail|p1a: Buff Cacture
|move|p2a: Iron Valiant|Encore|p1a: Buff Cacture
|-start|p1a: Buff Cacture|Encore
|
|upkeep
|turn|11
|
|t:|1776111338
|move|p1a: Buff Cacture|Sucker Punch|p2a: Iron Valiant
|-resisted|p2a: Iron Valiant
|-damage|p2a: Iron Valiant|68/100
|move|p2a: Iron Valiant|Knock Off|p1a: Buff Cacture
|-supereffective|p1a: Buff Cacture
|-damage|p1a: Buff Cacture|0 fnt
|-enditem|p1a: Buff Cacture|Focus Sash|[from] move: Knock Off|[of] p2a: Iron Valiant
|faint|p1a: Buff Cacture
|
|upkeep
|-message|BuffCacture forfeited.
|
|win|touchieraunt
|raw|BuffCacture's rating: 1271 &rarr; <strong>1245</strong><br />(-26 for losing)
|raw|touchieraunt's rating: 1264 &rarr; <strong>1290</strong><br />(+26 for winning)
|l|☆BuffCacture
|player|p1|
|l|☆touchieraunt
|player|p2|
