|html|<div class="broadcast-blue"><strong>[Gen 9] OU is currently suspecting Tera Blast! For information on how to participate check out the <a href="https://www.smogon.com/tools/suspects/view/200">suspect thread</a>.</strong></div>
|j|☆M3XG3N54 real
|j|☆Cid_Kage16
|t:|1776087050
|gametype|singles
|player|p1|M3XG3N54 real|2|1257
|player|p2|Cid_Kage16|101|1263
|gen|9
|tier|[Gen 9] OU
|rated|
|rule|HP Percentage Mod: HP is shown in percentages
|rule|Endless Battle Clause: Forcing endless battles is banned
|rule|Species Clause: Limit one of each Pokémon
|rule|OHKO Clause: OHKO moves are banned
|rule|Evasion Items Clause: Evasion items are banned
|rule|Evasion Moves Clause: Evasion moves are banned
|rule|Evasion Abilities Clause: Evasion abilities are banned
|rule|Sleep Moves Clause: Sleep-inducing moves are banned
|clearpoke
|poke|p1|Cresselia, F|
|poke|p1|Glastrier|
|poke|p1|Ursaluna, F|
|poke|p1|Slowking-Galar, M|
|poke|p1|Kingambit, F|
|poke|p1|Skeledirge, M|
|poke|p2|Dragapult, M|
|poke|p2|Primarina, M|
|poke|p2|Darkrai|
|poke|p2|Iron Treads|
|poke|p2|Ceruledge, F|
|poke|p2|Landorus-Therian, M|
|teampreview
|inactive|Battle timer is ON: inactive players will automatically lose when time's up. (requested by M3XG3N54 real)
|
|t:|1776087057
|teamsize|p1|6
|teamsize|p2|6
|start
|switch|p1a: Cresselia|Cresselia, F|100/100
|switch|p2a: Landorus|Landorus-Therian, M, shiny|100/100
|-ability|p2a: Landorus|Intimidate|boost
|-unboost|p1a: Cresselia|atk|1
|turn|1
|
|t:|1776087065
|move|p2a: Landorus|Stealth Rock|p1a: Cresselia
|-sidestart|p1: M3XG3N54 real|move: Stealth Rock
|move|p1a: Cresselia|Reflect|p1a: Cresselia
|-sidestart|p1: M3XG3N54 real|Reflect
|
|upkeep
|turn|2
|
|t:|1776087069
|move|p2a: Landorus|U-turn|p1a: Cresselia
|-supereffective|p1a: Cresselia
|-damage|p1a: Cresselia|88/100
|
|t:|1776087074
|switch|p2a: Darkrai|Darkrai|100/100|[from] U-turn
|move|p1a: Cresselia|Light Screen|p1a: Cresselia
|-sidestart|p1: M3XG3N54 real|move: Light Screen
|
|upkeep
|turn|3
|
|t:|1776087082
|move|p2a: Darkrai|Dark Pulse|p1a: Cresselia
|-supereffective|p1a: Cresselia
|-damage|p1a: Cresselia|59/100
|move|p1a: Cresselia|Trick Room|p1a: Cresselia
|-fieldstart|move: Trick Room|[of] p1a: Cresselia
|
|upkeep
|turn|4
|
|t:|1776087090
|switch|p1a: Glastrier|Glastrier|100/100
|switch|p2a: Primarina|Primarina, M, shiny|100/100
|
|upkeep
|turn|5
|
|t:|1776087114
|move|p1a: Glastrier|Swords Dance|p1a: Glastrier
|-boost|p1a: Glastrier|atk|2
|move|p2a: Primarina|Moonblast|p1a: Glastrier
|-damage|p1a: Glastrier|80/100
|
|upkeep
|turn|6
|
|t:|1776087121
|-terastallize|p1a: Glastrier|Electric
|move|p1a: Glastrier|Tera Blast|p2a: Primarina|[anim] Tera Blast Electric
|-supereffective|p2a: Primarina
|-damage|p2a: Primarina|0 fnt
|faint|p2a: Primarina
|-ability|p1a: Glastrier|Chilling Neigh|boost
|-boost|p1a: Glastrier|atk|1
|
|upkeep
|
|t:|1776087132
|switch|p2a: Ceruledge|Ceruledge, F, shiny|100/100
|turn|7
|
|t:|1776087137
|move|p1a: Glastrier|Tera Blast|p2a: Ceruledge|[anim] Tera Blast Electric
|-enditem|p2a: Ceruledge|Focus Sash
|-damage|p2a: Ceruledge|1/100
|-ability|p2a: Ceruledge|Weak Armor|boost
|-unboost|p2a: Ceruledge|def|1
|-boost|p2a: Ceruledge|spe|2
|move|p2a: Ceruledge|Bitter Blade|p1a: Glastrier
|-damage|p1a: Glastrier|64/100
|-heal|p2a: Ceruledge|12/100|[from] drain|[of] p1a: Glastrier
|
|-fieldend|move: Trick Room
|upkeep
|turn|8
|
|t:|1776087152
|move|p2a: Ceruledge|Close Combat|p1a: Glastrier
|-damage|p1a: Glastrier|48/100
|-unboost|p2a: Ceruledge|def|1
|-unboost|p2a: Ceruledge|spd|1
|move|p1a: Glastrier|Tera Blast|p2a: Ceruledge|[anim] Tera Blast Electric
|-damage|p2a: Ceruledge|0 fnt
|faint|p2a: Ceruledge
|-ability|p1a: Glastrier|Chilling Neigh|boost
|-boost|p1a: Glastrier|atk|1
|
|-sideend|p1: M3XG3N54 real|Reflect
|upkeep
|
|t:|1776087163
|switch|p2a: Landorus|Landorus-Therian, M, shiny|100/100
|-ability|p2a: Landorus|Intimidate|boost
|-unboost|p1a: Glastrier|atk|1
|turn|9
|
|t:|1776087169
|switch|p1a: Cresselia|Cresselia, F|59/100
|-damage|p1a: Cresselia|46/100|[from] Stealth Rock
|move|p2a: Landorus|Earthquake|p1a: Cresselia
|-immune|p1a: Cresselia|[from] ability: Levitate
|
|-sideend|p1: M3XG3N54 real|move: Light Screen
|upkeep
|turn|10
|
|t:|1776087177
|move|p2a: Landorus|U-turn|p1a: Cresselia
|-supereffective|p1a: Cresselia
|-damage|p1a: Cresselia|22/100
|
|t:|1776087182
|switch|p2a: Dragapult|Dragapult, M, shiny|100/100|[from] U-turn
|move|p1a: Cresselia|Trick Room|p1a: Cresselia
|-fieldstart|move: Trick Room|[of] p1a: Cresselia
|
|upkeep
|turn|11
|
|t:|1776087188
|move|p1a: Cresselia|Lunar Dance|p1a: Cresselia
|faint|p1a: Cresselia
|move|p2a: Dragapult|Thunder Wave|p1: Cresselia|[notarget]
|-fail|p2a: Dragapult
|
|upkeep
|
|t:|1776087190
|switch|p1a: Glastrier|Glastrier, tera:Electric|48/100
|-heal|p1a: Glastrier|100/100|[from] move: Lunar Dance
|turn|12
|
|t:|1776087199
|-terastallize|p2a: Dragapult|Fairy
|move|p1a: Glastrier|Icicle Crash|p2a: Dragapult
|-damage|p2a: Dragapult|26/100
|move|p2a: Dragapult|Draco Meteor|p1a: Glastrier
|-crit|p1a: Glastrier
|-damage|p1a: Glastrier|35/100
|-unboost|p2a: Dragapult|spa|2
|
|upkeep
|turn|13
|
|t:|1776087209
|move|p1a: Glastrier|Icicle Crash|p2a: Dragapult|[miss]
|-miss|p1a: Glastrier|p2a: Dragapult
|move|p2a: Dragapult|Draco Meteor|p1a: Glastrier
|-damage|p1a: Glastrier|11/100
|-unboost|p2a: Dragapult|spa|2
|
|upkeep
|turn|14
|
|t:|1776087220
|move|p1a: Glastrier|Swords Dance|p1a: Glastrier
|-boost|p1a: Glastrier|atk|2
|move|p2a: Dragapult|Hex|p1a: Glastrier
|-damage|p1a: Glastrier|3/100
|
|-fieldend|move: Trick Room
|upkeep
|turn|15
|
|t:|1776087228
|move|p2a: Dragapult|Flamethrower|p1a: Glastrier
|-damage|p1a: Glastrier|0 fnt
|faint|p1a: Glastrier
|
|upkeep
|
|t:|1776087229
|switch|p1a: Slowking|Slowking-Galar, M|100/100
|turn|16
|
|t:|1776087235
|switch|p2a: Landorus|Landorus-Therian, M, shiny|100/100
|-ability|p2a: Landorus|Intimidate|boost
|-unboost|p1a: Slowking|atk|1
|move|p1a: Slowking|Trick Room|p1a: Slowking
|-fieldstart|move: Trick Room|[of] p1a: Slowking
|
|upkeep
|turn|17
|
|t:|1776087245
|-prepare|p1a: Slowking|Chilly Reception|[premajor]
|move|p1a: Slowking|Chilly Reception|p1a: Slowking
|-weather|Snowscape
|
|t:|1776087249
|switch|p1a: Ursaluna|Ursaluna, F|100/100|[from] Chilly Reception
|-damage|p1a: Ursaluna|94/100|[from] Stealth Rock
|move|p2a: Landorus|Earthquake|p1a: Ursaluna
|-damage|p1a: Ursaluna|57/100
|
|-weather|Snowscape|[upkeep]
|-status|p1a: Ursaluna|brn|[from] item: Flame Orb
|upkeep
|turn|18
|
|t:|1776087259
|move|p1a: Ursaluna|Facade|p2a: Landorus
|-damage|p2a: Landorus|10/100
|move|p2a: Landorus|Earthquake|p1a: Ursaluna
|-damage|p1a: Ursaluna|25/100 brn
|
|-weather|Snowscape|[upkeep]
|-heal|p2a: Landorus|16/100|[from] item: Leftovers
|-damage|p1a: Ursaluna|19/100 brn|[from] brn
|upkeep
|turn|19
|
|t:|1776087269
|switch|p2a: Dragapult|Dragapult, M, shiny, tera:Fairy|26/100
|move|p1a: Ursaluna|Crunch|p2a: Dragapult
|-resisted|p2a: Dragapult
|-damage|p2a: Dragapult|0 fnt
|faint|p2a: Dragapult
|
|-weather|Snowscape|[upkeep]
|-damage|p1a: Ursaluna|13/100 brn|[from] brn
|upkeep
|
|t:|1776087278
|switch|p2a: Landorus|Landorus-Therian, M, shiny|16/100
|-ability|p2a: Landorus|Intimidate|boost
|-unboost|p1a: Ursaluna|atk|1
|turn|20
|
|t:|1776087283
|move|p1a: Ursaluna|Facade|p2a: Landorus
|-damage|p2a: Landorus|0 fnt
|faint|p2a: Landorus
|
|-weather|Snowscape|[upkeep]
|-damage|p1a: Ursaluna|7/100 brn|[from] brn
|-fieldend|move: Trick Room
|upkeep
|
|t:|1776087291
|switch|p2a: Iron Treads|Iron Treads|100/100
|-enditem|p2a: Iron Treads|Booster Energy
|-activate|p2a: Iron Treads|ability: Quark Drive|[fromitem]
|-start|p2a: Iron Treads|quarkdriveatk
|turn|21
|
|t:|1776087295
|move|p2a: Iron Treads|Rapid Spin|p1a: Ursaluna
|-damage|p1a: Ursaluna|0 fnt
|-boost|p2a: Iron Treads|spe|1
|faint|p1a: Ursaluna
|
|-weather|none
|upkeep
|
|t:|1776087300
|switch|p1a: Slowking|Slowking-Galar, M|100/100
|turn|22
|
|t:|1776087308
|move|p2a: Iron Treads|Knock Off|p1a: Slowking
|-supereffective|p1a: Slowking
|-damage|p1a: Slowking|12/100
|-enditem|p1a: Slowking|Heavy-Duty Boots|[from] move: Knock Off|[of] p2a: Iron Treads
|move|p1a: Slowking|Trick Room|p1a: Slowking
|-fieldstart|move: Trick Room|[of] p1a: Slowking
|
|upkeep
|turn|23
|
|t:|1776087320
|-prepare|p1a: Slowking|Chilly Reception|[premajor]
|move|p1a: Slowking|Chilly Reception|p1a: Slowking
|-weather|Snowscape
|
|t:|1776087323
|switch|p1a: Skeledirge|Skeledirge, M|100/100|[from] Chilly Reception
|move|p2a: Iron Treads|Ice Spinner|p1a: Skeledirge
|-resisted|p1a: Skeledirge
|-damage|p1a: Skeledirge|88/100
|
|-weather|Snowscape|[upkeep]
|upkeep
|turn|24
|
|t:|1776087336
|move|p1a: Skeledirge|Torch Song|p2a: Iron Treads
|-supereffective|p2a: Iron Treads
|-damage|p2a: Iron Treads|16/100
|-boost|p1a: Skeledirge|spa|1
|move|p2a: Iron Treads|Knock Off|p1a: Skeledirge
|-supereffective|p1a: Skeledirge
|-damage|p1a: Skeledirge|32/100
|-enditem|p1a: Skeledirge|Heavy-Duty Boots|[from] move: Knock Off|[of] p2a: Iron Treads
|
|-weather|Snowscape|[upkeep]
|upkeep
|turn|25
|
|t:|1776087347
|move|p1a: Skeledirge|Torch Song|p2a: Iron Treads
|-supereffective|p2a: Iron Treads
|-damage|p2a: Iron Treads|0 fnt
|-boost|p1a: Skeledirge|spa|1
|faint|p2a: Iron Treads
|-end|p2a: Iron Treads|Quark Drive|[silent]
|
|-weather|Snowscape|[upkeep]
|upkeep
|
|t:|1776087354
|switch|p2a: Darkrai|Darkrai|100/100
|turn|26
|
|t:|1776087358
|move|p1a: Skeledirge|Torch Song|p2a: Darkrai
|-damage|p2a: Darkrai|24/100
|-boost|p1a: Skeledirge|spa|1
|move|p2a: Darkrai|Dark Pulse|p1a: Skeledirge
|-supereffective|p1a: Skeledirge
|-damage|p1a: Skeledirge|0 fnt
|faint|p1a: Skeledirge
|
|-weather|Snowscape|[upkeep]
|-fieldend|move: Trick Room
|upkeep
|
|t:|1776087360
|switch|p1a: Slowking|Slowking-Galar, M|45/100
|-damage|p1a: Slowking|33/100|[from] Stealth Rock
|turn|27
|
|t:|1776087370
|move|p2a: Darkrai|Dark Pulse|p1a: Slowking
|-supereffective|p1a: Slowking
|-damage|p1a: Slowking|0 fnt
|faint|p1a: Slowking
|
|-weather|none
|upkeep
|
|t:|1776087373
|switch|p1a: Kingambit|Kingambit, F|100/100
|-activate|p1a: Kingambit|ability: Supreme Overlord
|-start|p1a: Kingambit|fallen5|[silent]
|turn|28
|
|t:|1776087379
|move|p1a: Kingambit|Sucker Punch|p2a: Darkrai
|-resisted|p2a: Darkrai
|-damage|p2a: Darkrai|0 fnt
|faint|p2a: Darkrai
|
|win|M3XG3N54 real
|raw|M3XG3N54 real's rating: 1280 &rarr; <strong>1304</strong><br />(+24 for winning)
|raw|Cid_Kage16's rating: 1263 &rarr; <strong>1239</strong><br />(-24 for losing)
|l|☆Cid_Kage16
|player|p2|
|l|☆M3XG3N54 real
|player|p1|
