|html|<div class="broadcast-blue"><strong>[Gen 9] OU is currently suspecting Tera Blast! For information on how to participate check out the <a href="https://www.smogon.com/tools/suspects/view/200">suspect thread</a>.</strong></div>
|j|☆d1burner
|j|☆shauryagarchamp
|t:|1776288762
|gametype|singles
|player|p1|d1burner|aquagruntf|1072
|player|p2|shauryagarchamp|elesa-masters3|1087
|gen|9
|tier|[Gen 9] OU
|rated|
|rule|HP Percentage Mod: HP is shown in percentages
|rule|Endless Battle Clause: Forcing endless battles is banned
|rule|Species Clause: Limit one of each Pokémon
|rule|OHKO Clause: OHKO moves are banned
|rule|Evasion Items Clause: Evasion items are banned
|rule|Evasion Moves Clause: Evasion moves are banned
|rule|Evasion Abilities Clause: Evasion abilities are banned
|rule|Sleep Moves Clause: Sleep-inducing moves are banned
|clearpoke
|poke|p1|Kyurem|
|poke|p1|Great Tusk|
|poke|p1|Corviknight, F|
|poke|p1|Slowking-Galar, M|
|poke|p1|Cinderace, F|
|poke|p1|Kingambit, F|
|poke|p2|Ceruledge, M|
|poke|p2|Magnezone|
|poke|p2|Gardevoir, F|
|poke|p2|Kommo-o, F|
|poke|p2|Samurott-Hisui, F|
|poke|p2|Kleavor, F|
|teampreview
|inactive|Battle timer is ON: inactive players will automatically lose when time's up. (requested by d1burner)
|
|t:|1776288774
|teamsize|p1|6
|teamsize|p2|6
|start
|switch|p1a: Great Tusk|Great Tusk|100/100
|switch|p2a: I don't care|Magnezone, shiny|100/100
|turn|1
|
|t:|1776288794
|switch|p2a: I just die|Gardevoir, F|100/100
|move|p1a: Great Tusk|Stealth Rock|p2a: I just die
|-sidestart|p2: shauryagarchamp|move: Stealth Rock
|
|upkeep
|turn|2
|inactive|shauryagarchamp has 120 seconds left.
|
|t:|1776288823
|-end|p1a: Great Tusk|Protosynthesis|[silent]
|switch|p1a: Slowking|Slowking-Galar, M|100/100
|-ability|p2a: I just die|Regenerator|Trace|[from] ability: Trace|[of] p1a: Slowking
|move|p2a: I just die|Moonblast|p1a: Slowking
|-resisted|p1a: Slowking
|-damage|p1a: Slowking|85/100
|
|upkeep
|turn|3
|inactive|shauryagarchamp has 120 seconds left.
|
|t:|1776288839
|move|p2a: I just die|Energy Ball|p1a: Slowking
|-resisted|p1a: Slowking
|-crit|p1a: Slowking
|-damage|p1a: Slowking|72/100
|move|p1a: Slowking|Sludge Bomb|p2a: I just die
|-supereffective|p2a: I just die
|-damage|p2a: I just die|42/100
|
|upkeep
|turn|4
|
|t:|1776288849
|move|p2a: I just die|Destiny Bond|p2a: I just die
|-singlemove|p2a: I just die|Destiny Bond
|move|p1a: Slowking|Future Sight|p2a: I just die
|-start|p1a: Slowking|move: Future Sight
|
|upkeep
|turn|5
|
|t:|1776288876
|switch|p1a: Corviknight|Corviknight, F|100/100
|-ability|p1a: Corviknight|Pressure
|move|p2a: I just die|Trick Room|p2a: I just die
|-fieldstart|move: Trick Room|[of] p2a: I just die
|
|upkeep
|turn|6
|inactive|d1burner has 120 seconds left.
|
|t:|1776288894
|move|p1a: Corviknight|Brave Bird|p2a: I just die
|-damage|p2a: I just die|0 fnt
|faint|p2a: I just die
|-damage|p1a: Corviknight|91/100|[from] Recoil
|
|-hint|Future Sight did not hit because the target is fainted.
|upkeep
|
|t:|1776288901
|switch|p2a: Good boy|Kleavor, F|100/100
|-damage|p2a: Good boy|76/100|[from] Stealth Rock
|turn|7
|inactive|shauryagarchamp has 120 seconds left.
|
|t:|1776288944
|move|p1a: Corviknight|Brave Bird|p2a: Good boy
|-damage|p2a: Good boy|27/100
|-damage|p1a: Corviknight|80/100|[from] Recoil
|move|p2a: Good boy|Stone Axe|p1a: Corviknight
|-damage|p1a: Corviknight|58/100
|-damage|p2a: Good boy|11/100|[from] item: Rocky Helmet|[of] p1a: Corviknight
|-sidestart|p1: d1burner|move: Stealth Rock
|
|upkeep
|turn|8
|
|t:|1776288958
|switch|p2a: Baby boy|Kommo-o, F|100/100
|-damage|p2a: Baby boy|94/100|[from] Stealth Rock
|move|p1a: Corviknight|Roost|p1a: Corviknight
|-heal|p1a: Corviknight|100/100
|-singleturn|p1a: Corviknight|move: Roost
|
|upkeep
|turn|9
|inactive|shauryagarchamp has 90 seconds left.
|
|t:|1776288979
|-terastallize|p2a: Baby boy|Ground
|move|p1a: Corviknight|Brave Bird|p2a: Baby boy
|-damage|p2a: Baby boy|68/100
|-damage|p1a: Corviknight|84/100|[from] item: Rocky Helmet|[of] p2a: Baby boy
|-damage|p1a: Corviknight|77/100|[from] Recoil
|move|p2a: Baby boy|Taunt|p1a: Corviknight
|-start|p1a: Corviknight|move: Taunt
|
|-fieldend|move: Trick Room
|upkeep
|turn|10
|inactive|shauryagarchamp has 90 seconds left.
|inactive|d1burner has 120 seconds left.
|
|t:|1776289008
|move|p2a: Baby boy|Bulk Up|p2a: Baby boy
|-boost|p2a: Baby boy|atk|1
|-boost|p2a: Baby boy|def|1
|move|p1a: Corviknight|U-turn|p2a: Baby boy
|-damage|p2a: Baby boy|62/100
|-damage|p1a: Corviknight|60/100|[from] item: Rocky Helmet|[of] p2a: Baby boy
|
|t:|1776289012
|switch|p1a: Kyurem|Kyurem|100/100|[from] U-turn
|-damage|p1a: Kyurem|76/100|[from] Stealth Rock
|-ability|p1a: Kyurem|Pressure
|
|upkeep
|turn|11
|inactive|d1burner has 120 seconds left.
|inactive|shauryagarchamp has 90 seconds left.
|
|t:|1776289032
|move|p1a: Kyurem|Ice Beam|p2a: Baby boy
|-supereffective|p2a: Baby boy
|-damage|p2a: Baby boy|0 fnt
|faint|p2a: Baby boy
|
|upkeep
|
|t:|1776289057
|switch|p2a: I don't care|Magnezone, shiny|100/100
|-damage|p2a: I don't care|95/100|[from] Stealth Rock
|turn|12
|
|t:|1776289070
|switch|p1a: Great Tusk|Great Tusk|100/100
|move|p2a: I don't care|Flash Cannon|p1a: Great Tusk
|-damage|p1a: Great Tusk|36/100
|
|upkeep
|turn|13
|
|t:|1776289088
|-end|p1a: Great Tusk|Protosynthesis|[silent]
|switch|p1a: Slowking|Slowking-Galar, M|100/100
|move|p2a: I don't care|Flash Cannon|p1a: Slowking
|-damage|p1a: Slowking|77/100
|
|upkeep
|turn|14
|
|t:|1776289096
|move|p2a: I don't care|Light Screen|p2a: I don't care
|-sidestart|p2: shauryagarchamp|move: Light Screen
|move|p1a: Slowking|Future Sight|p2a: I don't care
|-start|p1a: Slowking|move: Future Sight
|
|upkeep
|turn|15
|
|t:|1776289119
|move|p2a: I don't care|Reflect|p2a: I don't care
|-sidestart|p2: shauryagarchamp|Reflect
|-prepare|p1a: Slowking|Chilly Reception|[premajor]
|move|p1a: Slowking|Chilly Reception|p1a: Slowking
|-weather|Snowscape
|
|t:|1776289138
|switch|p1a: Cinderace|Cinderace, F|100/100|[from] Chilly Reception
|
|-weather|Snowscape|[upkeep]
|upkeep
|turn|16
|
|t:|1776289142
|move|p1a: Cinderace|Court Change|p1a: Cinderace
|-start|p1a: Cinderace|typechange|Normal|[from] ability: Libero
|-swapsideconditions
|-activate|p1a: Cinderace|move: Court Change
|move|p2a: I don't care|Volt Switch|p1a: Cinderace
|-damage|p1a: Cinderace|74/100
|c|☆shauryagarchamp|Oh u want all the goodies?
|
|t:|1776289166
|switch|p2a: What's that name|Ceruledge, M, shiny|100/100|[from] Volt Switch
|-damage|p2a: What's that name|76/100|[from] Stealth Rock
|
|-weather|Snowscape|[upkeep]
|-end|p2a: What's that name|move: Future Sight
|-damage|p2a: What's that name|36/100
|-enditem|p2a: What's that name|Sitrus Berry|[eat]
|-heal|p2a: What's that name|61/100|[from] item: Sitrus Berry
|upkeep
|turn|17
|inactive|shauryagarchamp has 60 seconds left.
|
|t:|1776289201
|move|p1a: Cinderace|Pyro Ball|p2a: What's that name
|-start|p2a: What's that name|ability: Flash Fire
|move|p2a: What's that name|Close Combat|p1a: Cinderace
|-supereffective|p1a: Cinderace
|-damage|p1a: Cinderace|10/100
|-unboost|p2a: What's that name|def|1
|-unboost|p2a: What's that name|spd|1
|
|-weather|Snowscape|[upkeep]
|upkeep
|turn|18
|
|t:|1776289212
|move|p1a: Cinderace|Sucker Punch|p2a: What's that name
|-supereffective|p2a: What's that name
|-damage|p2a: What's that name|0 fnt
|faint|p2a: What's that name
|
|-weather|Snowscape|[upkeep]
|upkeep
|
|t:|1776289219
|switch|p2a: Good boy|Kleavor, F|11/100
|-damage|p2a: Good boy|0 fnt|[from] Stealth Rock
|faint|p2a: Good boy
|
|t:|1776289221
|switch|p2a: Sexy boy|Samurott-Hisui, F|100/100
|-damage|p2a: Sexy boy|88/100|[from] Stealth Rock
|turn|19
|
|t:|1776289226
|move|p2a: Sexy boy|Sucker Punch|p1a: Cinderace
|-damage|p1a: Cinderace|0 fnt
|faint|p1a: Cinderace
|-damage|p2a: Sexy boy|78/100|[from] item: Life Orb
|
|-weather|none
|upkeep
|
|t:|1776289239
|switch|p1a: Kyurem|Kyurem|76/100
|-damage|p1a: Kyurem|51/100|[from] Stealth Rock
|-ability|p1a: Kyurem|Pressure
|turn|20
|
|t:|1776289248
|-terastallize|p1a: Kyurem|Ground
|move|p1a: Kyurem|Earth Power|p2a: Sexy boy
|-damage|p2a: Sexy boy|0 fnt
|faint|p2a: Sexy boy
|
|upkeep
|
|t:|1776289253
|switch|p2a: I don't care|Magnezone, shiny|95/100
|-damage|p2a: I don't care|89/100|[from] Stealth Rock
|turn|21
|
|t:|1776289255
|move|p1a: Kyurem|Earth Power|p2a: I don't care
|-supereffective|p2a: I don't care
|-damage|p2a: I don't care|0 fnt
|faint|p2a: I don't care
|
|win|d1burner
|raw|d1burner's rating: 1072 &rarr; <strong>1102</strong><br />(+30 for winning)
|raw|shauryagarchamp's rating: 1087 &rarr; <strong>1063</strong><br />(-24 for losing)
|c|☆shauryagarchamp|Gg!
