|html|<div class="broadcast-blue"><strong>[Gen 9] OU is currently suspecting Tera Blast! For information on how to participate check out the <a href="https://www.smogon.com/tools/suspects/view/200">suspect thread</a>.</strong></div>
|j|☆DeagonRise
|j|☆ash38ley
|t:|1776138068
|gametype|singles
|player|p1|DeagonRise|lucas|
|player|p2|ash38ley|101|
|gen|9
|tier|[Gen 9] OU
|rule|HP Percentage Mod: HP is shown in percentages
|rule|Endless Battle Clause: Forcing endless battles is banned
|rule|Species Clause: Limit one of each Pokémon
|rule|OHKO Clause: OHKO moves are banned
|rule|Evasion Items Clause: Evasion items are banned
|rule|Evasion Moves Clause: Evasion moves are banned
|rule|Evasion Abilities Clause: Evasion abilities are banned
|rule|Sleep Moves Clause: Sleep-inducing moves are banned
|clearpoke
|poke|p1|Kingambit, M|
|poke|p1|Tyranitar, F|
|poke|p1|Corviknight, M|
|poke|p1|Slowking-Galar, M|
|poke|p1|Kyurem|
|poke|p1|Garganacl, F|
|poke|p2|Brute Bonnet|
|poke|p2|Goodra-Hisui, M|
|poke|p2|Torkoal, M|
|poke|p2|Hatterene, F|
|poke|p2|Landorus-Therian, M|
|poke|p2|Indeedee-F, F|
|teampreview
|
|t:|1776138082
|teamsize|p1|6
|teamsize|p2|6
|start
|switch|p1a: Garganacl|Garganacl, F, shiny|100/100
|switch|p2a: Indeedee|Indeedee-F, F|100/100
|-fieldstart|move: Psychic Terrain|[from] ability: Psychic Surge|[of] p2a: Indeedee
|turn|1
|
|t:|1776138095
|move|p2a: Indeedee|Reflect|p2a: Indeedee
|-sidestart|p2: ash38ley|Reflect
|move|p1a: Garganacl|Salt Cure|p2a: Indeedee
|-damage|p2a: Indeedee|90/100
|-start|p2a: Indeedee|Salt Cure
|
|-damage|p2a: Indeedee|78/100|[from] Salt Cure
|upkeep
|turn|2
|
|t:|1776138102
|move|p1a: Garganacl|Stealth Rock|p2a: Indeedee
|-sidestart|p2: ash38ley|move: Stealth Rock
|move|p2a: Indeedee|Trick Room|p2a: Indeedee
|-fieldstart|move: Trick Room|[of] p2a: Indeedee
|
|-damage|p2a: Indeedee|66/100|[from] Salt Cure
|upkeep
|turn|3
|
|t:|1776138111
|switch|p1a: Slowking|Slowking-Galar, M|100/100
|move|p2a: Indeedee|Light Screen|p2a: Indeedee
|-sidestart|p2: ash38ley|move: Light Screen
|
|-damage|p2a: Indeedee|53/100|[from] Salt Cure
|upkeep
|turn|4
|
|t:|1776138119
|switch|p2a: Hatterene|Hatterene, F|100/100
|-damage|p2a: Hatterene|88/100|[from] Stealth Rock
|move|p1a: Slowking|Toxic|p2a: Hatterene
|move|p2a: Hatterene|Toxic|p1a: Slowking|[from] ability: Magic Bounce|[miss]
|-miss|p2a: Hatterene|p1a: Slowking
|
|upkeep
|turn|5
|
|t:|1776138136
|switch|p1a: Kingambit|Kingambit, M, shiny|100/100
|move|p2a: Hatterene|Expanding Force|p1a: Kingambit
|-immune|p1a: Kingambit
|
|-sideend|p2: ash38ley|Reflect
|upkeep
|turn|6
|
|t:|1776138144
|switch|p2a: Torkoal|Torkoal, M|100/100
|-damage|p2a: Torkoal|75/100|[from] Stealth Rock
|-weather|SunnyDay|[from] ability: Drought|[of] p2a: Torkoal
|move|p1a: Kingambit|Kowtow Cleave|p2a: Torkoal
|-damage|p2a: Torkoal|39/100
|
|-weather|SunnyDay|[upkeep]
|-fieldend|move: Trick Room
|upkeep
|turn|7
|
|t:|1776138160
|-end|p1a: Kingambit|fallenundefined|[silent]
|switch|p1a: Tyranitar|Tyranitar, F, shiny|100/100
|-weather|Sandstorm|[from] ability: Sand Stream|[of] p1a: Tyranitar
|switch|p2a: Landorus|Landorus-Therian, M|100/100
|-damage|p2a: Landorus|88/100|[from] Stealth Rock
|-ability|p2a: Landorus|Intimidate|boost
|-unboost|p1a: Tyranitar|atk|1
|
|-weather|Sandstorm|[upkeep]
|-sideend|p2: ash38ley|move: Light Screen
|upkeep
|turn|8
|
|t:|1776138176
|-terastallize|p2a: Landorus|Rock
|move|p2a: Landorus|Stone Edge|p1a: Tyranitar|[miss]
|-miss|p2a: Landorus|p1a: Tyranitar
|move|p1a: Tyranitar|Knock Off|p2a: Landorus
|-damage|p2a: Landorus|52/100
|-enditem|p2a: Landorus|Choice Band|[from] move: Knock Off|[of] p1a: Tyranitar
|
|-weather|Sandstorm|[upkeep]
|-fieldend|move: Psychic Terrain
|upkeep
|turn|9
|
|t:|1776138196
|switch|p1a: Corviknight|Corviknight, M|100/100
|move|p2a: Landorus|Hammer Arm|p1a: Corviknight
|-damage|p1a: Corviknight|74/100
|-unboost|p2a: Landorus|spe|1
|-damage|p2a: Landorus|35/100|[from] item: Rocky Helmet|[of] p1a: Corviknight
|
|-weather|Sandstorm|[upkeep]
|upkeep
|turn|10
|
|t:|1776138215
|switch|p1a: Slowking|Slowking-Galar, M|100/100
|switch|p2a: Torkoal|Torkoal, M|39/100
|-damage|p2a: Torkoal|14/100|[from] Stealth Rock
|-weather|SunnyDay|[from] ability: Drought|[of] p2a: Torkoal
|
|-weather|SunnyDay|[upkeep]
|upkeep
|turn|11
|
|t:|1776138227
|switch|p1a: Tyranitar|Tyranitar, F, shiny|100/100
|-weather|Sandstorm|[from] ability: Sand Stream|[of] p1a: Tyranitar
|move|p2a: Torkoal|Overheat|p1a: Tyranitar
|-resisted|p1a: Tyranitar
|-damage|p1a: Tyranitar|85/100
|-unboost|p2a: Torkoal|spa|2
|-enditem|p2a: Torkoal|Eject Pack
|
|t:|1776138237
|switch|p2a: Indeedee|Indeedee-F, F|53/100
|-damage|p2a: Indeedee|41/100|[from] Stealth Rock
|-fieldstart|move: Psychic Terrain|[from] ability: Psychic Surge|[of] p2a: Indeedee
|
|-weather|Sandstorm|[upkeep]
|-damage|p2a: Indeedee|35/100|[from] Sandstorm
|upkeep
|turn|12
|
|t:|1776138247
|move|p2a: Indeedee|Reflect|p2a: Indeedee
|-sidestart|p2: ash38ley|Reflect
|move|p1a: Tyranitar|Knock Off|p2a: Indeedee
|-supereffective|p2a: Indeedee
|-damage|p2a: Indeedee|0 fnt
|-enditem|p2a: Indeedee|Terrain Extender|[from] move: Knock Off|[of] p1a: Tyranitar
|faint|p2a: Indeedee
|
|-weather|Sandstorm|[upkeep]
|upkeep
|
|t:|1776138252
|switch|p2a: Hatterene|Hatterene, F|88/100
|-damage|p2a: Hatterene|76/100|[from] Stealth Rock
|turn|13
|
|t:|1776138259
|move|p1a: Tyranitar|Knock Off|p2a: Hatterene
|-damage|p2a: Hatterene|47/100
|-enditem|p2a: Hatterene|Life Orb|[from] move: Knock Off|[of] p1a: Tyranitar
|move|p2a: Hatterene|Trick Room|p2a: Hatterene
|-fieldstart|move: Trick Room|[of] p2a: Hatterene
|
|-weather|Sandstorm|[upkeep]
|-damage|p2a: Hatterene|41/100|[from] Sandstorm
|upkeep
|turn|14
|
|t:|1776138270
|switch|p1a: Corviknight|Corviknight, M|74/100
|move|p2a: Hatterene|Dazzling Gleam|p1a: Corviknight
|-resisted|p1a: Corviknight
|-damage|p1a: Corviknight|55/100
|
|-weather|Sandstorm|[upkeep]
|-damage|p2a: Hatterene|35/100|[from] Sandstorm
|upkeep
|turn|15
|
|t:|1776138280
|move|p2a: Hatterene|Expanding Force|p1a: Corviknight
|-resisted|p1a: Corviknight
|-damage|p1a: Corviknight|16/100
|move|p1a: Corviknight|Iron Head|p2a: Hatterene
|-supereffective|p2a: Hatterene
|-damage|p2a: Hatterene|0 fnt
|faint|p2a: Hatterene
|
|-weather|none
|upkeep
|
|t:|1776138283
|switch|p2a: Brute Bonnet|Brute Bonnet|100/100
|-damage|p2a: Brute Bonnet|88/100|[from] Stealth Rock
|turn|16
|
|t:|1776138298
|switch|p1a: Kyurem|Kyurem|100/100
|-ability|p1a: Kyurem|Pressure
|move|p2a: Brute Bonnet|Close Combat|p1a: Kyurem
|-supereffective|p1a: Kyurem
|-damage|p1a: Kyurem|22/100
|-unboost|p2a: Brute Bonnet|def|1
|-unboost|p2a: Brute Bonnet|spd|1
|
|-sideend|p2: ash38ley|Reflect
|upkeep
|turn|17
|
|t:|1776138311
|move|p2a: Brute Bonnet|Close Combat|p1a: Kyurem
|-supereffective|p1a: Kyurem
|-damage|p1a: Kyurem|0 fnt
|-unboost|p2a: Brute Bonnet|def|1
|-unboost|p2a: Brute Bonnet|spd|1
|faint|p1a: Kyurem
|
|-fieldend|move: Trick Room
|upkeep
|
|t:|1776138321
|switch|p1a: Garganacl|Garganacl, F, shiny|100/100
|turn|18
|
|t:|1776138327
|switch|p1a: Slowking|Slowking-Galar, M|100/100
|move|p2a: Brute Bonnet|Close Combat|p1a: Slowking
|-resisted|p1a: Slowking
|-damage|p1a: Slowking|88/100
|-unboost|p2a: Brute Bonnet|def|1
|-unboost|p2a: Brute Bonnet|spd|1
|
|-heal|p1a: Slowking|94/100|[from] item: Black Sludge
|-fieldend|move: Psychic Terrain
|upkeep
|turn|19
|
|t:|1776138338
|-end|p2a: Brute Bonnet|Protosynthesis|[silent]
|switch|p2a: Torkoal|Torkoal, M|14/100
|-damage|p2a: Torkoal|0 fnt|[from] Stealth Rock
|faint|p2a: Torkoal
|move|p1a: Slowking|Toxic|p2: Torkoal|[notarget]
|-fail|p1a: Slowking
|
|-heal|p1a: Slowking|99/100|[from] item: Black Sludge
|upkeep
|
|t:|1776138346
|switch|p2a: Goodra|Goodra-Hisui, M|100/100
|-damage|p2a: Goodra|94/100|[from] Stealth Rock
|turn|20
|
|t:|1776138354
|move|p2a: Goodra|Flamethrower|p1a: Slowking
|-damage|p1a: Slowking|73/100
|move|p1a: Slowking|Ice Beam|p2a: Goodra
|-damage|p2a: Goodra|74/100
|
|-heal|p1a: Slowking|79/100|[from] item: Black Sludge
|upkeep
|turn|21
|-activate|p2a: Goodra|item: Quick Claw
|
|t:|1776138363
|move|p2a: Goodra|Flamethrower|p1a: Slowking
|-damage|p1a: Slowking|50/100
|move|p1a: Slowking|Trick Room|p1a: Slowking
|-fieldstart|move: Trick Room|[of] p1a: Slowking
|
|-heal|p1a: Slowking|56/100|[from] item: Black Sludge
|upkeep
|turn|22
|-activate|p2a: Goodra|item: Quick Claw
|
|t:|1776138375
|move|p2a: Goodra|Flash Cannon|p1a: Slowking
|-damage|p1a: Slowking|22/100
|move|p1a: Slowking|Ice Beam|p2a: Goodra
|-damage|p2a: Goodra|54/100
|
|-heal|p1a: Slowking|28/100|[from] item: Black Sludge
|upkeep
|turn|23
|-activate|p2a: Goodra|item: Quick Claw
|
|t:|1776138387
|switch|p1a: Tyranitar|Tyranitar, F, shiny|85/100
|-weather|Sandstorm|[from] ability: Sand Stream|[of] p1a: Tyranitar
|move|p2a: Goodra|Flash Cannon|p1a: Tyranitar
|-supereffective|p1a: Tyranitar
|-damage|p1a: Tyranitar|37/100
|
|-weather|Sandstorm|[upkeep]
|upkeep
|turn|24
|
|t:|1776138399
|switch|p1a: Kingambit|Kingambit, M, shiny|100/100
|-activate|p1a: Kingambit|ability: Supreme Overlord
|-start|p1a: Kingambit|fallen1|[silent]
|move|p2a: Goodra|Flash Cannon|p1a: Kingambit
|-resisted|p1a: Kingambit
|-damage|p1a: Kingambit|83/100
|
|-weather|Sandstorm|[upkeep]
|-heal|p1a: Kingambit|89/100|[from] item: Leftovers
|upkeep
|turn|25
|
|t:|1776138413
|-terastallize|p1a: Kingambit|Ghost
|move|p1a: Kingambit|Kowtow Cleave|p2a: Goodra
|-damage|p2a: Goodra|5/100
|-ability|p2a: Goodra|Gooey
|-unboost|p1a: Kingambit|spe|1
|move|p2a: Goodra|Flamethrower|p1a: Kingambit
|-damage|p1a: Kingambit|62/100
|
|-weather|Sandstorm|[upkeep]
|-damage|p1a: Kingambit|56/100|[from] Sandstorm
|-heal|p1a: Kingambit|62/100|[from] item: Leftovers
|-fieldend|move: Trick Room
|upkeep
|turn|26
|
|t:|1776138429
|move|p2a: Goodra|Draco Meteor|p1a: Kingambit
|-damage|p1a: Kingambit|5/100
|-unboost|p2a: Goodra|spa|2
|move|p1a: Kingambit|Shadow Claw|p2a: Goodra
|-damage|p2a: Goodra|0 fnt
|-ability|p2a: Goodra|Gooey
|-unboost|p1a: Kingambit|spe|1
|faint|p2a: Goodra
|
|-weather|Sandstorm|[upkeep]
|-damage|p1a: Kingambit|0 fnt|[from] Sandstorm
|faint|p1a: Kingambit
|-end|p1a: Kingambit|fallen1|[silent]
|upkeep
|
|t:|1776138445
|switch|p2a: Landorus|Landorus-Therian, M, tera:Rock|35/100
|switch|p1a: Garganacl|Garganacl, F, shiny|100/100
|-damage|p2a: Landorus|23/100|[from] Stealth Rock
|-ability|p2a: Landorus|Intimidate|boost
|-unboost|p1a: Garganacl|atk|1
|turn|27
|
|t:|1776138459
|move|p2a: Landorus|Hammer Arm|p1a: Garganacl|[miss]
|-miss|p2a: Landorus|p1a: Garganacl
|move|p1a: Garganacl|Salt Cure|p2a: Landorus
|-damage|p2a: Landorus|14/100
|-start|p2a: Landorus|Salt Cure
|
|-weather|none
|-damage|p2a: Landorus|1/100|[from] Salt Cure
|upkeep
|turn|28
|
|t:|1776138470
|switch|p1a: Slowking|Slowking-Galar, M|28/100
|move|p2a: Landorus|Hammer Arm|p1a: Slowking
|-resisted|p1a: Slowking
|-damage|p1a: Slowking|15/100
|-unboost|p2a: Landorus|spe|1
|
|-heal|p1a: Slowking|21/100|[from] item: Black Sludge
|-damage|p2a: Landorus|0 fnt|[from] Salt Cure
|faint|p2a: Landorus
|upkeep
|
|t:|1776138472
|switch|p2a: Brute Bonnet|Brute Bonnet|88/100
|-damage|p2a: Brute Bonnet|76/100|[from] Stealth Rock
|turn|29
|
|t:|1776138486
|move|p2a: Brute Bonnet|Sucker Punch|p1a: Slowking
|-supereffective|p1a: Slowking
|-damage|p1a: Slowking|0 fnt
|faint|p1a: Slowking
|
|upkeep
|
|t:|1776138492
|switch|p1a: Garganacl|Garganacl, F, shiny|100/100
|turn|30
|
|t:|1776138496
|move|p2a: Brute Bonnet|Seed Bomb|p1a: Garganacl
|-supereffective|p1a: Garganacl
|-damage|p1a: Garganacl|46/100
|move|p1a: Garganacl|Curse|p1a: Garganacl
|-unboost|p1a: Garganacl|spe|1
|-boost|p1a: Garganacl|atk|1
|-boost|p1a: Garganacl|def|1
|
|-heal|p1a: Garganacl|52/100|[from] item: Leftovers
|upkeep
|turn|31
|
|t:|1776138506
|move|p2a: Brute Bonnet|Seed Bomb|p1a: Garganacl
|-supereffective|p1a: Garganacl
|-damage|p1a: Garganacl|16/100
|move|p1a: Garganacl|Recover|p1a: Garganacl
|-heal|p1a: Garganacl|66/100
|
|-heal|p1a: Garganacl|73/100|[from] item: Leftovers
|upkeep
|turn|32
|
|t:|1776138515
|move|p2a: Brute Bonnet|Seed Bomb|p1a: Garganacl
|-supereffective|p1a: Garganacl
|-damage|p1a: Garganacl|35/100
|move|p1a: Garganacl|Salt Cure|p2a: Brute Bonnet
|-damage|p2a: Brute Bonnet|59/100
|-start|p2a: Brute Bonnet|Salt Cure
|
|-heal|p1a: Garganacl|41/100|[from] item: Leftovers
|-damage|p2a: Brute Bonnet|47/100|[from] Salt Cure
|upkeep
|turn|33
|
|t:|1776138526
|move|p2a: Brute Bonnet|Seed Bomb|p1a: Garganacl
|-supereffective|p1a: Garganacl
|-damage|p1a: Garganacl|4/100
|move|p1a: Garganacl|Recover|p1a: Garganacl
|-heal|p1a: Garganacl|54/100
|
|-heal|p1a: Garganacl|60/100|[from] item: Leftovers
|-damage|p2a: Brute Bonnet|34/100|[from] Salt Cure
|upkeep
|turn|34
|
|t:|1776138536
|move|p2a: Brute Bonnet|Seed Bomb|p1a: Garganacl
|-supereffective|p1a: Garganacl
|-damage|p1a: Garganacl|25/100
|move|p1a: Garganacl|Recover|p1a: Garganacl
|-heal|p1a: Garganacl|75/100
|
|-heal|p1a: Garganacl|81/100|[from] item: Leftovers
|-damage|p2a: Brute Bonnet|22/100|[from] Salt Cure
|upkeep
|turn|35
|
|t:|1776138546
|move|p2a: Brute Bonnet|Seed Bomb|p1a: Garganacl
|-supereffective|p1a: Garganacl
|-damage|p1a: Garganacl|46/100
|move|p1a: Garganacl|Recover|p1a: Garganacl
|-heal|p1a: Garganacl|96/100
|
|-heal|p1a: Garganacl|100/100|[from] item: Leftovers
|-damage|p2a: Brute Bonnet|9/100|[from] Salt Cure
|upkeep
|turn|36
|
|t:|1776138556
|move|p2a: Brute Bonnet|Seed Bomb|p1a: Garganacl
|-supereffective|p1a: Garganacl
|-damage|p1a: Garganacl|65/100
|move|p1a: Garganacl|Curse|p1a: Garganacl
|-unboost|p1a: Garganacl|spe|1
|-boost|p1a: Garganacl|atk|1
|-boost|p1a: Garganacl|def|1
|
|-heal|p1a: Garganacl|71/100|[from] item: Leftovers
|-damage|p2a: Brute Bonnet|0 fnt|[from] Salt Cure
|faint|p2a: Brute Bonnet
|-end|p2a: Brute Bonnet|Protosynthesis|[silent]
|
|win|DeagonRise
