|html|<div class="broadcast-blue"><strong>[Gen 9] OU is currently suspecting Volcarona! For information on how to participate check out the <a href="https://www.smogon.com/tools/suspects/view/208">suspect thread</a>.</strong></div>
|j|☆muskat-mix
|j|☆Shyve
|t:|1778498177
|gametype|singles
|player|p1|muskat-mix|102|1490
|player|p2|Shyve|rocketgruntf|1551
|gen|9
|tier|[Gen 9] OU
|rated|
|rule|HP Percentage Mod: HP is shown in percentages
|rule|Endless Battle Clause: Forcing endless battles is banned
|rule|Species Clause: Limit one of each Pokémon
|rule|OHKO Clause: OHKO moves are banned
|rule|Evasion Items Clause: Evasion items are banned
|rule|Evasion Moves Clause: Evasion moves are banned
|rule|Evasion Abilities Clause: Evasion abilities are banned
|rule|Sleep Moves Clause: Sleep-inducing moves are banned
|clearpoke
|poke|p1|Alomomola, M|
|poke|p1|Pecharunt|
|poke|p1|Great Tusk|
|poke|p1|Lokix, M|
|poke|p1|Iron Crown|
|poke|p1|Enamorus, F|
|poke|p2|Tentacruel, M|
|poke|p2|Sinistcha|
|poke|p2|Gliscor, M|
|poke|p2|Heatran, F|
|poke|p2|Corviknight, F|
|poke|p2|Darkrai|
|teampreview
|
|t:|1778498187
|teamsize|p1|6
|teamsize|p2|6
|start
|switch|p1a: Iron Crown|Iron Crown|100/100
|switch|p2a: Tentacruel|Tentacruel, M|100/100
|turn|1
|inactive|Battle timer is ON: inactive players will automatically lose when time's up. (requested by muskat-mix)
|
|t:|1778498192
|move|p2a: Tentacruel|Knock Off|p1a: Iron Crown
|-supereffective|p1a: Iron Crown
|-damage|p1a: Iron Crown|64/100
|-enditem|p1a: Iron Crown|Choice Specs|[from] move: Knock Off|[of] p2a: Tentacruel
|move|p1a: Iron Crown|Psychic Noise|p2a: Tentacruel
|-supereffective|p2a: Tentacruel
|-damage|p2a: Tentacruel|29/100
|-start|p2a: Tentacruel|move: Heal Block
|
|upkeep
|turn|2
|
|t:|1778498203
|switch|p2a: Darkrai|Darkrai|100/100
|move|p1a: Iron Crown|Volt Switch|p2a: Darkrai
|-damage|p2a: Darkrai|66/100
|
|t:|1778498206
|-end|p1a: Iron Crown|Quark Drive|[silent]
|switch|p1a: Lokix|Lokix, M|100/100|[from] Volt Switch
|
|upkeep
|turn|3
|
|t:|1778498211
|switch|p2a: Corviknight|Corviknight, F|100/100
|-ability|p2a: Corviknight|Pressure
|move|p1a: Lokix|First Impression|p2a: Corviknight
|-resisted|p2a: Corviknight
|-damage|p2a: Corviknight|79/100
|-damage|p1a: Lokix|84/100|[from] item: Rocky Helmet|[of] p2a: Corviknight
|
|upkeep
|turn|4
|
|t:|1778498218
|switch|p1a: Pecharunt|Pecharunt|100/100
|move|p2a: Corviknight|U-turn|p1a: Pecharunt
|-resisted|p1a: Pecharunt
|-damage|p1a: Pecharunt|99/100
|-damage|p2a: Corviknight|63/100|[from] item: Rocky Helmet|[of] p1a: Pecharunt
|
|t:|1778498223
|switch|p2a: Darkrai|Darkrai|66/100|[from] U-turn
|
|upkeep
|turn|5
|
|t:|1778498232
|switch|p1a: Alomomola|Alomomola, M|100/100
|move|p2a: Darkrai|Knock Off|p1a: Alomomola
|-damage|p1a: Alomomola|72/100
|-enditem|p1a: Alomomola|Assault Vest|[from] move: Knock Off|[of] p2a: Darkrai
|
|upkeep
|turn|6
|
|t:|1778498243
|switch|p2a: Gliscor|Gliscor, M|100/100
|move|p1a: Alomomola|Flip Turn|p2a: Gliscor
|-supereffective|p2a: Gliscor
|-damage|p2a: Gliscor|74/100
|
|t:|1778498250
|switch|p1a: Great Tusk|Great Tusk|100/100|[from] Flip Turn
|
|-status|p2a: Gliscor|tox|[from] item: Toxic Orb
|upkeep
|turn|7
|
|t:|1778498256
|move|p2a: Gliscor|Protect|p2a: Gliscor
|-singleturn|p2a: Gliscor|Protect
|move|p1a: Great Tusk|Ice Spinner|p2a: Gliscor
|-activate|p2a: Gliscor|move: Protect
|
|-heal|p2a: Gliscor|87/100 tox|[from] ability: Poison Heal
|upkeep
|turn|8
|
|t:|1778498259
|switch|p2a: Sinistcha|Sinistcha|100/100
|move|p1a: Great Tusk|Stealth Rock|p2a: Sinistcha
|-sidestart|p2: Shyve|move: Stealth Rock
|
|upkeep
|turn|9
|
|t:|1778498270
|-end|p1a: Great Tusk|Protosynthesis|[silent]
|switch|p1a: Iron Crown|Iron Crown|64/100
|move|p2a: Sinistcha|Matcha Gotcha|p1a: Iron Crown|[miss]
|-miss|p2a: Sinistcha|p1a: Iron Crown
|
|upkeep
|turn|10
|
|t:|1778498279
|switch|p2a: Heatran|Heatran, F|100/100
|-damage|p2a: Heatran|88/100|[from] Stealth Rock
|move|p1a: Iron Crown|Tachyon Cutter|p2a: Heatran
|-resisted|p2a: Heatran
|-damage|p2a: Heatran|84/100
|-resisted|p2a: Heatran
|-damage|p2a: Heatran|80/100
|-hitcount|p2a: Heatran|2
|
|-heal|p2a: Heatran|86/100|[from] item: Leftovers
|upkeep
|turn|11
|
|t:|1778498288
|-end|p1a: Iron Crown|Quark Drive|[silent]
|switch|p1a: Alomomola|Alomomola, M|100/100
|move|p2a: Heatran|Magma Storm|p1a: Alomomola
|-resisted|p1a: Alomomola
|-damage|p1a: Alomomola|85/100
|-activate|p1a: Alomomola|move: Magma Storm|[of] p2a: Heatran
|
|-heal|p2a: Heatran|92/100|[from] item: Leftovers
|-damage|p1a: Alomomola|73/100|[from] move: Magma Storm|[partiallytrapped]
|upkeep
|turn|12
|
|t:|1778498294
|move|p2a: Heatran|Will-O-Wisp|p1a: Alomomola
|-status|p1a: Alomomola|brn
|move|p1a: Alomomola|Flip Turn|p2a: Heatran
|-supereffective|p2a: Heatran
|-crit|p2a: Heatran
|-damage|p2a: Heatran|72/100
|
|t:|1778498301
|switch|p1a: Lokix|Lokix, M|84/100|[from] Flip Turn
|
|-heal|p2a: Heatran|78/100|[from] item: Leftovers
|upkeep
|turn|13
|
|t:|1778498304
|switch|p2a: Corviknight|Corviknight, F|63/100
|-damage|p2a: Corviknight|51/100|[from] Stealth Rock
|-ability|p2a: Corviknight|Pressure
|move|p1a: Lokix|U-turn|p2a: Corviknight
|-resisted|p2a: Corviknight
|-damage|p2a: Corviknight|36/100
|-damage|p1a: Lokix|67/100|[from] item: Rocky Helmet|[of] p2a: Corviknight
|
|t:|1778498309
|switch|p1a: Iron Crown|Iron Crown|64/100|[from] U-turn
|
|upkeep
|turn|14
|
|t:|1778498320
|switch|p2a: Gliscor|Gliscor, M|87/100 tox
|-damage|p2a: Gliscor|74/100 tox|[from] Stealth Rock
|move|p1a: Iron Crown|Volt Switch|p2a: Gliscor
|-immune|p2a: Gliscor
|
|-heal|p2a: Gliscor|87/100 tox|[from] ability: Poison Heal
|upkeep
|turn|15
|
|t:|1778498325
|move|p2a: Gliscor|Protect|p2a: Gliscor
|-singleturn|p2a: Gliscor|Protect
|move|p1a: Iron Crown|Psychic Noise|p2a: Gliscor
|-activate|p2a: Gliscor|move: Protect
|
|-heal|p2a: Gliscor|99/100 tox|[from] ability: Poison Heal
|upkeep
|turn|16
|
|t:|1778498330
|move|p1a: Iron Crown|Tachyon Cutter|p2a: Gliscor
|-damage|p2a: Gliscor|78/100 tox
|-damage|p2a: Gliscor|57/100 tox
|-hitcount|p2a: Gliscor|2
|move|p2a: Gliscor|Spikes|p1a: Iron Crown
|-sidestart|p1: muskat-mix|Spikes
|
|-heal|p2a: Gliscor|69/100 tox|[from] ability: Poison Heal
|upkeep
|turn|17
|
|t:|1778498338
|-end|p1a: Iron Crown|Quark Drive|[silent]
|switch|p1a: Great Tusk|Great Tusk|100/100
|move|p2a: Gliscor|Protect||[still]
|-fail|p2a: Gliscor
|
|-heal|p2a: Gliscor|82/100 tox|[from] ability: Poison Heal
|upkeep
|turn|18
|
|t:|1778498349
|move|p2a: Gliscor|Protect|p2a: Gliscor
|-singleturn|p2a: Gliscor|Protect
|move|p1a: Great Tusk|Ice Spinner|p2a: Gliscor
|-activate|p2a: Gliscor|move: Protect
|
|-heal|p2a: Gliscor|94/100 tox|[from] ability: Poison Heal
|upkeep
|turn|19
|
|t:|1778498354
|switch|p2a: Sinistcha|Sinistcha|100/100
|move|p1a: Great Tusk|Rapid Spin|p2a: Sinistcha
|-immune|p2a: Sinistcha
|
|upkeep
|turn|20
|
|t:|1778498364
|-end|p1a: Great Tusk|Protosynthesis|[silent]
|switch|p1a: Pecharunt|Pecharunt|99/100
|-damage|p1a: Pecharunt|86/100|[from] Spikes
|move|p2a: Sinistcha|Shadow Ball|p1a: Pecharunt
|-supereffective|p1a: Pecharunt
|-damage|p1a: Pecharunt|25/100
|
|upkeep
|turn|21
|
|t:|1778498375
|switch|p2a: Heatran|Heatran, F|78/100
|-damage|p2a: Heatran|66/100|[from] Stealth Rock
|move|p1a: Pecharunt|Malignant Chain|p2a: Heatran
|-immune|p2a: Heatran
|
|-heal|p2a: Heatran|72/100|[from] item: Leftovers
|upkeep
|turn|22
|
|t:|1778498380
|move|p1a: Pecharunt|Parting Shot|p2a: Heatran
|-unboost|p2a: Heatran|atk|1
|-unboost|p2a: Heatran|spa|1
|
|t:|1778498388
|switch|p1a: Alomomola|Alomomola, M|100/100 brn|[from] Parting Shot
|-damage|p1a: Alomomola|88/100 brn|[from] Spikes
|move|p2a: Heatran|Magma Storm|p1a: Alomomola
|-resisted|p1a: Alomomola
|-damage|p1a: Alomomola|78/100 brn
|-activate|p1a: Alomomola|move: Magma Storm|[of] p2a: Heatran
|
|-heal|p2a: Heatran|78/100|[from] item: Leftovers
|-damage|p1a: Alomomola|72/100 brn|[from] brn
|-damage|p1a: Alomomola|59/100 brn|[from] move: Magma Storm|[partiallytrapped]
|upkeep
|turn|23
|
|t:|1778498392
|move|p2a: Heatran|Stealth Rock|p1a: Alomomola
|-sidestart|p1: muskat-mix|move: Stealth Rock
|move|p1a: Alomomola|Flip Turn|p2a: Heatran
|-supereffective|p2a: Heatran
|-damage|p2a: Heatran|65/100
|
|t:|1778498403
|switch|p1a: Great Tusk|Great Tusk|100/100|[from] Flip Turn
|
|-heal|p2a: Heatran|71/100|[from] item: Leftovers
|upkeep
|turn|24
|
|t:|1778498410
|switch|p2a: Sinistcha|Sinistcha|100/100
|move|p1a: Great Tusk|Ice Spinner|p2a: Sinistcha
|-supereffective|p2a: Sinistcha
|-damage|p2a: Sinistcha|56/100
|
|upkeep
|turn|25
|
|t:|1778498421
|-end|p1a: Great Tusk|Protosynthesis|[silent]
|switch|p1a: Lokix|Lokix, M|67/100
|-damage|p1a: Lokix|55/100|[from] Spikes
|-damage|p1a: Lokix|30/100|[from] Stealth Rock
|move|p2a: Sinistcha|Strength Sap|p1a: Lokix
|-unboost|p1a: Lokix|atk|1
|-heal|p2a: Sinistcha|100/100
|
|upkeep
|turn|26
|inactive|Shyve has 120 seconds left.
|
|t:|1778498454
|switch|p2a: Corviknight|Corviknight, F|36/100
|-damage|p2a: Corviknight|23/100|[from] Stealth Rock
|-ability|p2a: Corviknight|Pressure
|-terastallize|p1a: Lokix|Bug
|move|p1a: Lokix|Leech Life|p2a: Corviknight
|-resisted|p2a: Corviknight
|-crit|p2a: Corviknight
|-damage|p2a: Corviknight|0 fnt
|-heal|p1a: Lokix|46/100|[from] drain|[of] p2a: Corviknight
|-damage|p1a: Lokix|30/100|[from] item: Rocky Helmet|[of] p2a: Corviknight
|faint|p2a: Corviknight
|
|upkeep
|inactive|Shyve has 120 seconds left.
|
|t:|1778498464
|switch|p2a: Darkrai|Darkrai|66/100
|-damage|p2a: Darkrai|54/100|[from] Stealth Rock
|turn|27
|
|t:|1778498468
|switch|p1a: Alomomola|Alomomola, M|93/100 brn
|-damage|p1a: Alomomola|80/100 brn|[from] Spikes
|-damage|p1a: Alomomola|68/100 brn|[from] Stealth Rock
|move|p2a: Darkrai|Ice Beam|p1a: Alomomola
|-resisted|p1a: Alomomola
|-damage|p1a: Alomomola|57/100 brn
|
|-damage|p1a: Alomomola|51/100 brn|[from] brn
|upkeep
|turn|28
|
|t:|1778498476
|move|p2a: Darkrai|Dark Pulse|p1a: Alomomola
|-damage|p1a: Alomomola|16/100 brn
|move|p1a: Alomomola|Flip Turn|p2a: Darkrai
|-damage|p2a: Darkrai|42/100
|
|t:|1778498483
|switch|p1a: Enamorus|Enamorus, F|100/100|[from] Flip Turn
|-damage|p1a: Enamorus|76/100|[from] Stealth Rock
|
|upkeep
|turn|29
|
|t:|1778498493
|switch|p2a: Gliscor|Gliscor, M|94/100 tox
|-damage|p2a: Gliscor|82/100 tox|[from] Stealth Rock
|move|p1a: Enamorus|Moonblast|p2a: Gliscor
|-damage|p2a: Gliscor|29/100 tox
|
|-heal|p2a: Gliscor|42/100 tox|[from] ability: Poison Heal
|upkeep
|turn|30
|
|t:|1778498496
|move|p2a: Gliscor|Protect|p2a: Gliscor
|-singleturn|p2a: Gliscor|Protect
|move|p1a: Enamorus|Moonblast|p2a: Gliscor
|-activate|p2a: Gliscor|move: Protect
|
|-heal|p2a: Gliscor|54/100 tox|[from] ability: Poison Heal
|upkeep
|turn|31
|
|t:|1778498500
|switch|p2a: Heatran|Heatran, F|71/100
|-damage|p2a: Heatran|59/100|[from] Stealth Rock
|move|p1a: Enamorus|Moonblast|p2a: Heatran
|-resisted|p2a: Heatran
|-damage|p2a: Heatran|50/100
|-unboost|p2a: Heatran|spa|1
|
|-heal|p2a: Heatran|56/100|[from] item: Leftovers
|upkeep
|turn|32
|
|t:|1778498507
|switch|p1a: Alomomola|Alomomola, M|49/100 brn
|-damage|p1a: Alomomola|37/100 brn|[from] Spikes
|-damage|p1a: Alomomola|24/100 brn|[from] Stealth Rock
|move|p2a: Heatran|Magma Storm|p1a: Alomomola
|-resisted|p1a: Alomomola
|-damage|p1a: Alomomola|14/100 brn
|-activate|p1a: Alomomola|move: Magma Storm|[of] p2a: Heatran
|
|-heal|p2a: Heatran|62/100|[from] item: Leftovers
|-damage|p1a: Alomomola|8/100 brn|[from] brn
|-damage|p1a: Alomomola|0 fnt|[from] move: Magma Storm|[partiallytrapped]
|faint|p1a: Alomomola
|upkeep
|
|t:|1778498509
|switch|p1a: Great Tusk|Great Tusk|100/100
|turn|33
|
|t:|1778498518
|switch|p2a: Sinistcha|Sinistcha|100/100
|move|p1a: Great Tusk|Headlong Rush|p2a: Sinistcha
|-resisted|p2a: Sinistcha
|-damage|p2a: Sinistcha|78/100
|-unboost|p1a: Great Tusk|def|1
|-unboost|p1a: Great Tusk|spd|1
|
|upkeep
|turn|34
|
|t:|1778498532
|-end|p1a: Great Tusk|Protosynthesis|[silent]
|switch|p1a: Enamorus|Enamorus, F|76/100
|-damage|p1a: Enamorus|51/100|[from] Stealth Rock
|move|p2a: Sinistcha|Matcha Gotcha|p1a: Enamorus
|-resisted|p1a: Enamorus
|-damage|p1a: Enamorus|29/100
|-heal|p2a: Sinistcha|87/100|[from] drain|[of] p1a: Enamorus
|
|upkeep
|turn|35
|
|t:|1778498560
|switch|p2a: Tentacruel|Tentacruel, M|29/100
|move|p1a: Enamorus|Moonblast|p2a: Tentacruel
|-resisted|p2a: Tentacruel
|-damage|p2a: Tentacruel|3/100
|
|upkeep
|turn|36
|
|t:|1778498565
|switch|p2a: Heatran|Heatran, F|62/100
|-damage|p2a: Heatran|50/100|[from] Stealth Rock
|move|p1a: Enamorus|Moonblast|p2a: Heatran
|-resisted|p2a: Heatran
|-damage|p2a: Heatran|40/100
|
|-heal|p2a: Heatran|47/100|[from] item: Leftovers
|upkeep
|turn|37
|
|t:|1778498578
|switch|p1a: Great Tusk|Great Tusk|100/100
|move|p2a: Heatran|Magma Storm|p1a: Great Tusk
|-damage|p1a: Great Tusk|38/100
|-activate|p1a: Great Tusk|move: Magma Storm|[of] p2a: Heatran
|
|-heal|p2a: Heatran|53/100|[from] item: Leftovers
|-damage|p1a: Great Tusk|26/100|[from] move: Magma Storm|[partiallytrapped]
|upkeep
|turn|38
|
|t:|1778498584
|switch|p2a: Sinistcha|Sinistcha|87/100
|move|p1a: Great Tusk|Headlong Rush|p2a: Sinistcha
|-resisted|p2a: Sinistcha
|-damage|p2a: Sinistcha|64/100
|-unboost|p1a: Great Tusk|def|1
|-unboost|p1a: Great Tusk|spd|1
|
|-end|p1a: Great Tusk|Magma Storm|[partiallytrapped]|[silent]
|upkeep
|turn|39
|
|t:|1778498599
|-end|p1a: Great Tusk|Protosynthesis|[silent]
|switch|p1a: Iron Crown|Iron Crown|64/100
|-damage|p1a: Iron Crown|51/100|[from] Spikes
|-damage|p1a: Iron Crown|45/100|[from] Stealth Rock
|move|p2a: Sinistcha|Strength Sap|p1a: Iron Crown
|-unboost|p1a: Iron Crown|atk|1
|-heal|p2a: Sinistcha|100/100
|
|upkeep
|turn|40
|inactive|Shyve has 120 seconds left.
|inactive|Shyve has 90 seconds left.
|
|t:|1778498666
|switch|p2a: Tentacruel|Tentacruel, M|3/100
|move|p1a: Iron Crown|Tachyon Cutter|p2a: Tentacruel
|-resisted|p2a: Tentacruel
|-damage|p2a: Tentacruel|0 fnt
|faint|p2a: Tentacruel
|-hitcount|p2: Tentacruel|1
|
|upkeep
|
|t:|1778498671
|switch|p2a: Darkrai|Darkrai|42/100
|-damage|p2a: Darkrai|30/100|[from] Stealth Rock
|turn|41
|
|t:|1778498690
|-end|p1a: Iron Crown|Quark Drive|[silent]
|switch|p1a: Great Tusk|Great Tusk|26/100
|move|p2a: Darkrai|Dark Pulse|p1a: Great Tusk
|-resisted|p1a: Great Tusk
|-damage|p1a: Great Tusk|0 fnt
|faint|p1a: Great Tusk
|-end|p1a: Great Tusk|Protosynthesis|[silent]
|
|upkeep
|
|t:|1778498696
|switch|p1a: Enamorus|Enamorus, F|29/100
|-damage|p1a: Enamorus|4/100|[from] Stealth Rock
|turn|42
|
|t:|1778498699
|move|p2a: Darkrai|Sucker Punch|p1a: Enamorus
|-resisted|p1a: Enamorus
|-damage|p1a: Enamorus|0 fnt
|faint|p1a: Enamorus
|
|upkeep
|
|t:|1778498702
|switch|p1a: Lokix|Lokix, M, tera:Bug|30/100
|-damage|p1a: Lokix|17/100|[from] Spikes
|-damage|p1a: Lokix|0 fnt|[from] Stealth Rock
|faint|p1a: Lokix
|
|t:|1778498704
|switch|p1a: Iron Crown|Iron Crown|45/100
|-damage|p1a: Iron Crown|33/100|[from] Spikes
|-damage|p1a: Iron Crown|27/100|[from] Stealth Rock
|turn|43
|-message|muskat-mix forfeited.
|
|win|Shyve
|raw|muskat-mix's rating: 1490 &rarr; <strong>1473</strong><br />(-17 for losing)
|raw|Shyve's rating: 1551 &rarr; <strong>1568</strong><br />(+17 for winning)
|l|☆muskat-mix
|player|p1|
|c|☆Shyve|Gg
