|html|<div class="broadcast-blue"><strong>[Gen 9] OU is currently suspecting Tera Blast! For information on how to participate check out the <a href="https://www.smogon.com/tools/suspects/view/200">suspect thread</a>.</strong></div>
|j|☆Badaboom07
|j|☆Darklight914
|t:|1776058257
|gametype|singles
|player|p1|Badaboom07|burglar|1079
|player|p2|Darklight914|102|1105
|gen|9
|tier|[Gen 9] OU
|rated|
|rule|HP Percentage Mod: HP is shown in percentages
|rule|Endless Battle Clause: Forcing endless battles is banned
|rule|Species Clause: Limit one of each Pokémon
|rule|OHKO Clause: OHKO moves are banned
|rule|Evasion Items Clause: Evasion items are banned
|rule|Evasion Moves Clause: Evasion moves are banned
|rule|Evasion Abilities Clause: Evasion abilities are banned
|rule|Sleep Moves Clause: Sleep-inducing moves are banned
|clearpoke
|poke|p1|Ceruledge, M|
|poke|p1|Golurk|
|poke|p1|Meowscarada, M|
|poke|p1|Kyurem|
|poke|p1|Dragapult, M|
|poke|p1|Enamorus, F|
|poke|p2|Dipplin, M|
|poke|p2|Luxray, M|
|poke|p2|Articuno-Galar|
|poke|p2|Mimikyu, M|
|poke|p2|Rotom-Fan|
|poke|p2|Crawdaunt, M|
|teampreview
|inactive|Battle timer is ON: inactive players will automatically lose when time's up. (requested by Darklight914)
|
|t:|1776058271
|teamsize|p1|6
|teamsize|p2|6
|start
|switch|p1a: Shadow|Ceruledge, M, shiny|100/100
|switch|p2a: Dipplin|Dipplin, M|100/100
|turn|1
|
|t:|1776058280
|switch|p2a: Luxray|Luxray, M|100/100
|-ability|p2a: Luxray|Intimidate|boost
|-unboost|p1a: Shadow|atk|1
|move|p1a: Shadow|X-Scissor|p2a: Luxray
|-crit|p2a: Luxray
|-damage|p2a: Luxray|46/100
|
|upkeep
|turn|2
|
|t:|1776058291
|move|p2a: Luxray|Crunch|p1a: Shadow
|-supereffective|p1a: Shadow
|-damage|p1a: Shadow|45/100
|move|p1a: Shadow|X-Scissor|p2a: Luxray
|-damage|p2a: Luxray|19/100
|
|upkeep
|turn|3
|
|t:|1776058297
|move|p2a: Luxray|Crunch|p1a: Shadow
|-supereffective|p1a: Shadow
|-damage|p1a: Shadow|0 fnt
|faint|p1a: Shadow
|
|upkeep
|
|t:|1776058302
|switch|p1a: Femboyus|Enamorus, F|100/100
|turn|4
|
|t:|1776058308
|switch|p2a: Rotom|Rotom-Fan|100/100
|move|p1a: Femboyus|Mystical Fire|p2a: Rotom
|-damage|p2a: Rotom|66/100
|-unboost|p2a: Rotom|spa|1
|
|upkeep
|turn|5
|
|t:|1776058333
|move|p1a: Femboyus|Tailwind|p1a: Femboyus
|-sidestart|p1: Badaboom07|move: Tailwind
|move|p2a: Rotom|Volt Switch|p1a: Femboyus
|-supereffective|p1a: Femboyus
|-damage|p1a: Femboyus|38/100
|inactive|Darklight914 has 120 seconds left.
|
|t:|1776058348
|switch|p2a: Luxray|Luxray, M|19/100|[from] Volt Switch
|-ability|p2a: Luxray|Intimidate|boost
|-boost|p1a: Femboyus|atk|1
|
|-heal|p1a: Femboyus|44/100|[from] item: Leftovers
|upkeep
|turn|6
|inactive|Darklight914 has 120 seconds left.
|
|t:|1776058359
|move|p1a: Femboyus|Superpower|p2a: Luxray
|-damage|p2a: Luxray|0 fnt
|-boost|p1a: Femboyus|atk|1
|-boost|p1a: Femboyus|def|1
|faint|p2a: Luxray
|
|-heal|p1a: Femboyus|51/100|[from] item: Leftovers
|upkeep
|
|t:|1776058364
|switch|p2a: Crawdaunt|Crawdaunt, M|100/100
|turn|7
|
|t:|1776058375
|move|p1a: Femboyus|Superpower|p2a: Crawdaunt
|-supereffective|p2a: Crawdaunt
|-crit|p2a: Crawdaunt
|-enditem|p2a: Crawdaunt|Focus Sash
|-damage|p2a: Crawdaunt|1/100
|-boost|p1a: Femboyus|atk|1
|-boost|p1a: Femboyus|def|1
|move|p2a: Crawdaunt|Liquidation|p1a: Femboyus
|-damage|p1a: Femboyus|0 fnt
|faint|p1a: Femboyus
|
|upkeep
|
|t:|1776058381
|switch|p1a: Rada|Meowscarada, M|100/100
|turn|8
|
|t:|1776058399
|move|p2a: Crawdaunt|Aqua Jet|p1a: Rada
|-resisted|p1a: Rada
|-damage|p1a: Rada|77/100
|move|p1a: Rada|Flower Trick|p2a: Crawdaunt
|-start|p1a: Rada|typechange|Grass|[from] ability: Protean
|-supereffective|p2a: Crawdaunt
|-crit|p2a: Crawdaunt
|-damage|p2a: Crawdaunt|0 fnt
|faint|p2a: Crawdaunt
|
|-sideend|p1: Badaboom07|move: Tailwind
|upkeep
|inactive|Darklight914 has 120 seconds left.
|
|t:|1776058416
|switch|p2a: Rotom|Rotom-Fan|66/100
|turn|9
|
|t:|1776058424
|move|p1a: Rada|Triple Axel|p2a: Rotom
|-supereffective|p2a: Rotom
|-damage|p2a: Rotom|47/100
|-supereffective|p2a: Rotom
|-damage|p2a: Rotom|13/100
|-supereffective|p2a: Rotom
|-damage|p2a: Rotom|0 fnt
|faint|p2a: Rotom
|-hitcount|p2: Rotom|3
|
|upkeep
|inactive|Darklight914 has 120 seconds left.
|
|t:|1776058435
|switch|p2a: Mimikyu|Mimikyu, M|100/100
|turn|10
|inactive|Darklight914 has 120 seconds left.
|
|t:|1776058446
|move|p1a: Rada|Triple Axel|p2a: Mimikyu
|-activate|p2a: Mimikyu|ability: Disguise
|-damage|p2a: Mimikyu|100/100
|detailschange|p2a: Mimikyu|Mimikyu-Busted, M
|-damage|p2a: Mimikyu|88/100|[from] pokemon: Mimikyu-Busted
|-damage|p2a: Mimikyu|72/100
|-damage|p2a: Mimikyu|47/100
|-hitcount|p2a: Mimikyu|3
|move|p2a: Mimikyu|Bulk Up|p2a: Mimikyu
|-boost|p2a: Mimikyu|atk|1
|-boost|p2a: Mimikyu|def|1
|
|upkeep
|turn|11
|
|t:|1776058455
|move|p1a: Rada|Triple Axel|p2a: Mimikyu
|-damage|p2a: Mimikyu|41/100
|-damage|p2a: Mimikyu|29/100
|-damage|p2a: Mimikyu|14/100
|-hitcount|p2a: Mimikyu|3
|move|p2a: Mimikyu|Drain Punch|p1a: Rada
|-damage|p1a: Rada|35/100
|-heal|p2a: Mimikyu|40/100|[from] drain|[of] p1a: Rada
|
|upkeep
|turn|12
|
|t:|1776058462
|move|p1a: Rada|Flower Trick|p2a: Mimikyu
|-crit|p2a: Mimikyu
|-damage|p2a: Mimikyu|0 fnt
|faint|p2a: Mimikyu
|
|upkeep
|
|t:|1776058470
|switch|p2a: Dipplin|Dipplin, M|100/100
|turn|13
|
|t:|1776058476
|-terastallize|p2a: Dipplin|Fairy
|move|p1a: Rada|Triple Axel|p2a: Dipplin
|-damage|p2a: Dipplin|97/100
|-damage|p2a: Dipplin|90/100
|-damage|p2a: Dipplin|80/100
|-hitcount|p2a: Dipplin|3
|move|p2a: Dipplin|Body Slam|p1a: Rada
|-damage|p1a: Rada|10/100
|-status|p1a: Rada|par
|
|upkeep
|turn|14
|
|t:|1776058485
|move|p1a: Rada|Flower Trick|p2a: Dipplin
|-crit|p2a: Dipplin
|-damage|p2a: Dipplin|55/100
|move|p2a: Dipplin|Dragon Tail|p1a: Rada
|-damage|p1a: Rada|0 fnt
|faint|p1a: Rada
|
|upkeep
|
|t:|1776058493
|switch|p1a: Honorable|Golurk, shiny|100/100
|turn|15
|
|t:|1776058513
|move|p1a: Honorable|Phantom Force||[still]
|-prepare|p1a: Honorable|Phantom Force
|move|p2a: Dipplin|Recover|p2a: Dipplin
|-heal|p2a: Dipplin|100/100
|
|upkeep
|turn|16
|
|t:|1776058521
|move|p1a: Honorable|Phantom Force|p2a: Dipplin|[from] lockedmove
|-damage|p2a: Dipplin|70/100
|move|p2a: Dipplin|Dragon Tail|p1a: Honorable
|-damage|p1a: Honorable|83/100
|drag|p1a: Loaded|Kyurem, shiny|100/100
|-ability|p1a: Loaded|Pressure
|
|upkeep
|turn|17
|
|t:|1776058532
|-terastallize|p1a: Loaded|Steel
|move|p1a: Loaded|Tera Blast|p2a: Dipplin|[anim] Tera Blast Steel
|-supereffective|p2a: Dipplin
|-damage|p2a: Dipplin|19/100
|move|p2a: Dipplin|Gyro Ball|p1a: Loaded
|-resisted|p1a: Loaded
|-damage|p1a: Loaded|92/100
|
|upkeep
|turn|18
|
|t:|1776058537
|move|p1a: Loaded|Tera Blast|p2a: Dipplin|[anim] Tera Blast Steel
|-supereffective|p2a: Dipplin
|-crit|p2a: Dipplin
|-damage|p2a: Dipplin|0 fnt
|faint|p2a: Dipplin
|
|upkeep
|inactive|Darklight914 has 120 seconds left.
|
|t:|1776058575
|switch|p2a: Articuno|Articuno-Galar|100/100
|turn|19
|
|t:|1776058584
|move|p2a: Articuno|Light Screen|p2a: Articuno
|-sidestart|p2: Darklight914|move: Light Screen
|move|p1a: Loaded|Icicle Spear|p2a: Articuno
|-supereffective|p2a: Articuno
|-damage|p2a: Articuno|63/100
|-supereffective|p2a: Articuno
|-damage|p2a: Articuno|31/100
|-supereffective|p2a: Articuno
|-damage|p2a: Articuno|0 fnt
|faint|p2a: Articuno
|-hitcount|p2: Articuno|3
|
|win|Badaboom07
|raw|Badaboom07's rating: 1079 &rarr; <strong>1109</strong><br />(+30 for winning)
|raw|Darklight914's rating: 1105 &rarr; <strong>1078</strong><br />(-27 for losing)
|l|☆Badaboom07
|player|p1|
