|html|<div class="broadcast-blue"><strong>[Gen 9] OU is currently suspecting Tera Blast! For information on how to participate check out the <a href="https://www.smogon.com/tools/suspects/view/200">suspect thread</a>.</strong></div>
|j|☆Obamnas Wife
|j|☆UsingIncognito
|t:|1776056399
|gametype|singles
|player|p1|Obamnas Wife|marlon|1126
|player|p2|UsingIncognito|backersf|1074
|gen|9
|tier|[Gen 9] OU
|rated|
|rule|HP Percentage Mod: HP is shown in percentages
|rule|Endless Battle Clause: Forcing endless battles is banned
|rule|Species Clause: Limit one of each Pokémon
|rule|OHKO Clause: OHKO moves are banned
|rule|Evasion Items Clause: Evasion items are banned
|rule|Evasion Moves Clause: Evasion moves are banned
|rule|Evasion Abilities Clause: Evasion abilities are banned
|rule|Sleep Moves Clause: Sleep-inducing moves are banned
|clearpoke
|poke|p1|Iron Valiant|
|poke|p1|Great Tusk|
|poke|p1|Kingambit, F|
|poke|p1|Gholdengo|
|poke|p1|Dragapult, F|
|poke|p1|Rillaboom, M|
|poke|p2|Sableye, F|
|poke|p2|Rotom-Heat|
|poke|p2|Glastrier|
|poke|p2|Mimikyu, M|
|poke|p2|Gardevoir, M|
|poke|p2|Ursaluna, M|
|teampreview
|inactive|Battle timer is ON: inactive players will automatically lose when time's up. (requested by Obamnas Wife)
|
|t:|1776056406
|teamsize|p1|6
|teamsize|p2|6
|start
|switch|p1a: Great Tusk|Great Tusk|100/100
|switch|p2a: Sableye|Sableye, F|100/100
|turn|1
|
|t:|1776056409
|move|p2a: Sableye|Trick|p1a: Great Tusk
|-activate|p2a: Sableye|move: Trick|[of] p1a: Great Tusk
|-item|p1a: Great Tusk|Choice Specs|[from] move: Trick
|-item|p2a: Sableye|Focus Sash|[from] move: Trick
|move|p1a: Great Tusk|Stealth Rock|p2a: Sableye
|-sidestart|p2: UsingIncognito|move: Stealth Rock
|
|upkeep
|turn|2
|
|t:|1776056424
|move|p2a: Sableye|Thunder Wave|p1a: Great Tusk
|-immune|p1a: Great Tusk
|move|p1a: Great Tusk|Stealth Rock||[still]
|-fail|p1a: Great Tusk
|
|upkeep
|turn|3
|
|t:|1776056433
|-end|p1a: Great Tusk|Protosynthesis|[silent]
|switch|p1a: Gholdengo|Gholdengo|100/100
|move|p2a: Sableye|Thunder Wave|p1a: Gholdengo
|-immune|p1a: Gholdengo|[from] ability: Good as Gold
|
|upkeep
|turn|4
|
|t:|1776056445
|move|p2a: Sableye|Protect|p2a: Sableye
|-singleturn|p2a: Sableye|Protect
|move|p1a: Gholdengo|Trick|p2a: Sableye
|-activate|p2a: Sableye|move: Protect
|
|upkeep
|turn|5
|
|t:|1776056457
|move|p1a: Gholdengo|Trick|p2a: Sableye
|-activate|p1a: Gholdengo|move: Trick|[of] p2a: Sableye
|-item|p2a: Sableye|Choice Specs|[from] move: Trick
|-item|p1a: Gholdengo|Focus Sash|[from] move: Trick
|move|p2a: Sableye|Knock Off|p1a: Gholdengo
|-supereffective|p1a: Gholdengo
|-damage|p1a: Gholdengo|41/100
|-enditem|p1a: Gholdengo|Focus Sash|[from] move: Knock Off|[of] p2a: Sableye
|
|upkeep
|turn|6
|
|t:|1776056471
|move|p1a: Gholdengo|Make It Rain|p2a: Sableye
|-damage|p2a: Sableye|2/100
|-unboost|p1a: Gholdengo|spa|1
|move|p2a: Sableye|Knock Off|p1a: Gholdengo
|-supereffective|p1a: Gholdengo
|-damage|p1a: Gholdengo|3/100
|
|upkeep
|turn|7
|
|t:|1776056478
|move|p1a: Gholdengo|Make It Rain|p2a: Sableye
|-damage|p2a: Sableye|0 fnt
|-unboost|p1a: Gholdengo|spa|1
|faint|p2a: Sableye
|
|upkeep
|
|t:|1776056493
|switch|p2a: Mimikyu|Mimikyu, M|100/100
|-damage|p2a: Mimikyu|88/100|[from] Stealth Rock
|turn|8
|
|t:|1776056498
|move|p1a: Gholdengo|Make It Rain|p2a: Mimikyu
|-activate|p2a: Mimikyu|ability: Disguise
|-damage|p2a: Mimikyu|88/100
|-unboost|p1a: Gholdengo|spa|1
|detailschange|p2a: Mimikyu|Mimikyu-Busted, M
|-damage|p2a: Mimikyu|76/100|[from] pokemon: Mimikyu-Busted
|move|p2a: Mimikyu|Swords Dance|p2a: Mimikyu
|-boost|p2a: Mimikyu|atk|2
|
|upkeep
|turn|9
|
|t:|1776056503
|move|p2a: Mimikyu|Shadow Sneak|p1a: Gholdengo
|-supereffective|p1a: Gholdengo
|-damage|p1a: Gholdengo|0 fnt
|faint|p1a: Gholdengo
|-damage|p2a: Mimikyu|66/100|[from] item: Life Orb
|
|upkeep
|
|t:|1776056511
|switch|p1a: Rillaboom|Rillaboom, M|100/100
|-fieldstart|move: Grassy Terrain|[from] ability: Grassy Surge|[of] p1a: Rillaboom
|turn|10
|
|t:|1776056516
|move|p1a: Rillaboom|Grassy Glide|p2a: Mimikyu
|-damage|p2a: Mimikyu|0 fnt
|faint|p2a: Mimikyu
|
|upkeep
|
|t:|1776056525
|switch|p2a: Rotom|Rotom-Heat|100/100
|-damage|p2a: Rotom|76/100|[from] Stealth Rock
|turn|11
|
|t:|1776056541
|switch|p1a: Great Tusk|Great Tusk|100/100
|move|p2a: Rotom|Overheat|p1a: Great Tusk
|-damage|p1a: Great Tusk|0 fnt
|-unboost|p2a: Rotom|spa|2
|faint|p1a: Great Tusk
|-end|p1a: Great Tusk|Protosynthesis|[silent]
|
|upkeep
|
|t:|1776056559
|switch|p1a: Dragapult|Dragapult, F|100/100
|turn|12
|
|t:|1776056572
|switch|p2a: Glastrier|Glastrier|100/100
|move|p1a: Dragapult|Draco Meteor|p2a: Glastrier
|-damage|p2a: Glastrier|20/100
|-unboost|p1a: Dragapult|spa|2
|
|-heal|p2a: Glastrier|27/100|[from] Grassy Terrain
|upkeep
|turn|13
|
|t:|1776056582
|move|p1a: Dragapult|Draco Meteor|p2a: Glastrier
|-damage|p2a: Glastrier|0 fnt
|-unboost|p1a: Dragapult|spa|2
|faint|p2a: Glastrier
|
|upkeep
|
|t:|1776056584
|switch|p2a: Gardevoir|Gardevoir, M|100/100
|-damage|p2a: Gardevoir|88/100|[from] Stealth Rock
|-ability|p2a: Gardevoir|Infiltrator|Trace|[from] ability: Trace|[of] p1a: Dragapult
|turn|14
|
|t:|1776056589
|switch|p1a: Rillaboom|Rillaboom, M|100/100
|move|p2a: Gardevoir|Calm Mind|p2a: Gardevoir
|-boost|p2a: Gardevoir|spa|1
|-boost|p2a: Gardevoir|spd|1
|
|-heal|p2a: Gardevoir|94/100|[from] Grassy Terrain
|-heal|p2a: Gardevoir|100/100|[from] item: Leftovers
|-fieldend|move: Grassy Terrain
|upkeep
|turn|15
|
|t:|1776056595
|move|p1a: Rillaboom|U-turn|p2a: Gardevoir
|-damage|p2a: Gardevoir|33/100
|
|t:|1776056609
|switch|p1a: Kingambit|Kingambit, F|100/100|[from] U-turn
|-activate|p1a: Kingambit|ability: Supreme Overlord
|-start|p1a: Kingambit|fallen2|[silent]
|move|p2a: Gardevoir|Psychic|p1a: Kingambit
|-immune|p1a: Kingambit
|
|-heal|p2a: Gardevoir|39/100|[from] item: Leftovers
|upkeep
|turn|16
|
|t:|1776056619
|move|p2a: Gardevoir|Dazzling Gleam|p1a: Kingambit
|-damage|p1a: Kingambit|38/100
|move|p1a: Kingambit|Kowtow Cleave|p2a: Gardevoir
|-damage|p2a: Gardevoir|0 fnt
|faint|p2a: Gardevoir
|
|upkeep
|
|t:|1776056622
|switch|p2a: Rotom|Rotom-Heat|76/100
|-damage|p2a: Rotom|51/100|[from] Stealth Rock
|turn|17
|
|t:|1776056628
|move|p1a: Kingambit|Sucker Punch|p2a: Rotom
|-damage|p2a: Rotom|0 fnt
|faint|p2a: Rotom
|
|upkeep
|
|t:|1776056630
|switch|p2a: Ursaluna|Ursaluna, M|100/100
|-damage|p2a: Ursaluna|94/100|[from] Stealth Rock
|turn|18
|
|t:|1776056634
|move|p1a: Kingambit|Sucker Punch||[still]
|-fail|p1a: Kingambit
|move|p2a: Ursaluna|Bulk Up|p2a: Ursaluna
|-boost|p2a: Ursaluna|atk|1
|-boost|p2a: Ursaluna|def|1
|
|-status|p2a: Ursaluna|brn|[from] item: Flame Orb
|upkeep
|turn|19
|
|t:|1776056638
|move|p1a: Kingambit|Sucker Punch||[still]
|-fail|p1a: Kingambit
|move|p2a: Ursaluna|Bulk Up|p2a: Ursaluna
|-boost|p2a: Ursaluna|atk|1
|-boost|p2a: Ursaluna|def|1
|
|-damage|p2a: Ursaluna|88/100 brn|[from] brn
|upkeep
|turn|20
|
|t:|1776056652
|-terastallize|p2a: Ursaluna|Normal
|move|p1a: Kingambit|Swords Dance|p1a: Kingambit
|-boost|p1a: Kingambit|atk|2
|move|p2a: Ursaluna|Earthquake|p1a: Kingambit
|-supereffective|p1a: Kingambit
|-damage|p1a: Kingambit|0 fnt
|faint|p1a: Kingambit
|-end|p1a: Kingambit|fallen2|[silent]
|
|-damage|p2a: Ursaluna|82/100 brn|[from] brn
|upkeep
|
|t:|1776056678
|switch|p1a: Iron Valiant|Iron Valiant|100/100
|-enditem|p1a: Iron Valiant|Booster Energy
|-activate|p1a: Iron Valiant|ability: Quark Drive|[fromitem]
|-start|p1a: Iron Valiant|quarkdrivespe
|turn|21
|
|t:|1776056683
|-terastallize|p1a: Iron Valiant|Fairy
|move|p1a: Iron Valiant|Moonblast|p2a: Ursaluna
|-damage|p2a: Ursaluna|27/100 brn
|move|p2a: Ursaluna|Earthquake|p1a: Iron Valiant
|-damage|p1a: Iron Valiant|0 fnt
|faint|p1a: Iron Valiant
|-end|p1a: Iron Valiant|Quark Drive|[silent]
|
|-damage|p2a: Ursaluna|21/100 brn|[from] brn
|upkeep
|
|t:|1776056693
|switch|p1a: Dragapult|Dragapult, F|100/100
|turn|22
|
|t:|1776056696
|move|p1a: Dragapult|Draco Meteor|p2a: Ursaluna
|-damage|p2a: Ursaluna|0 fnt
|-unboost|p1a: Dragapult|spa|2
|faint|p2a: Ursaluna
|
|win|Obamnas Wife
|raw|Obamnas Wife's rating: 1126 &rarr; <strong>1147</strong><br />(+21 for winning)
|raw|UsingIncognito's rating: 1074 &rarr; <strong>1056</strong><br />(-18 for losing)
|l|☆UsingIncognito
|player|p2|
|l|☆Obamnas Wife
|player|p1|
