|html|<div class="broadcast-blue"><strong>[Gen 9] OU is currently suspecting Volcarona! For information on how to participate check out the <a href="https://www.smogon.com/tools/suspects/view/208">suspect thread</a>.</strong></div>
|j|☆Alfredo_Arbuz
|j|☆hollow_0
|t:|1778506608
|gametype|singles
|player|p1|Alfredo_Arbuz|ethan|1159
|player|p2|hollow_0|flannery|1135
|gen|9
|tier|[Gen 9] OU
|rated|
|rule|HP Percentage Mod: HP is shown in percentages
|rule|Endless Battle Clause: Forcing endless battles is banned
|rule|Species Clause: Limit one of each Pokémon
|rule|OHKO Clause: OHKO moves are banned
|rule|Evasion Items Clause: Evasion items are banned
|rule|Evasion Moves Clause: Evasion moves are banned
|rule|Evasion Abilities Clause: Evasion abilities are banned
|rule|Sleep Moves Clause: Sleep-inducing moves are banned
|clearpoke
|poke|p1|Garchomp, M|
|poke|p1|Heracross, M|
|poke|p1|Zoroark-Hisui, M|
|poke|p1|Armarouge, M|
|poke|p1|Kilowattrel, F|
|poke|p1|Lucario, M|
|poke|p2|Weezing-Galar, F|
|poke|p2|Gliscor, M|
|poke|p2|Blissey, F|
|poke|p2|Corviknight, F|
|poke|p2|Dondozo, M|
|poke|p2|Toxapex, M|
|teampreview
|inactive|Battle timer is ON: inactive players will automatically lose when time's up. (requested by Alfredo_Arbuz)
|inactive|hollow_0 also wants the timer to be on.
|
|t:|1778506625
|teamsize|p1|6
|teamsize|p2|6
|start
|switch|p1a: Gambit|Lucario, M|100/100
|switch|p2a: Weezing|Weezing-Galar, F|100/100
|-ability|p2a: Weezing|Neutralizing Gas
|replace|p1a: Mario|Zoroark-Hisui, M
|-end|p1a: Mario|Illusion
|turn|1
|
|t:|1778506631
|move|p1a: Mario|Nasty Plot|p1a: Mario
|-boost|p1a: Mario|spa|2
|move|p2a: Weezing|Toxic Spikes|p1a: Mario
|-sidestart|p1: Alfredo_Arbuz|move: Toxic Spikes
|
|upkeep
|turn|2
|
|t:|1778506647
|-end|p2a: Weezing|ability: Neutralizing Gas
|switch|p2a: Blissey|Blissey, F|100/100
|move|p1a: Mario|Hyper Voice|p2a: Blissey
|-damage|p2a: Blissey|72/100
|
|-heal|p2a: Blissey|78/100|[from] item: Leftovers
|upkeep
|turn|3
|
|t:|1778506656
|move|p1a: Mario|Flamethrower|p2a: Blissey
|-damage|p2a: Blissey|60/100
|move|p2a: Blissey|Stealth Rock|p1a: Mario
|-sidestart|p1: Alfredo_Arbuz|move: Stealth Rock
|
|-heal|p2a: Blissey|66/100|[from] item: Leftovers
|upkeep
|turn|4
|
|t:|1778506661
|move|p1a: Mario|Flamethrower|p2a: Blissey
|-damage|p2a: Blissey|48/100
|move|p2a: Blissey|Soft-Boiled|p2a: Blissey
|-heal|p2a: Blissey|98/100
|
|-heal|p2a: Blissey|100/100|[from] item: Leftovers
|upkeep
|turn|5
|
|t:|1778506692
|switch|p1a: Gambit|Lucario, M|100/100
|-damage|p1a: Gambit|98/100|[from] Stealth Rock
|-item|p1a: Gambit|Air Balloon
|switch|p2a: Gliscor|Gliscor, M|100/100
|
|-status|p2a: Gliscor|tox|[from] item: Toxic Orb
|upkeep
|turn|6
|
|t:|1778506703
|move|p1a: Gambit|Swords Dance|p1a: Gambit
|-boost|p1a: Gambit|atk|2
|move|p2a: Gliscor|Knock Off|p1a: Gambit
|-resisted|p1a: Gambit
|-damage|p1a: Gambit|82/100
|-ability|p1a: Gambit|Justified|boost
|-boost|p1a: Gambit|atk|1
|-enditem|p1a: Gambit|Air Balloon
|
|upkeep
|turn|7
|
|t:|1778506718
|-terastallize|p1a: Gambit|Ghost
|move|p1a: Gambit|Extreme Speed|p2a: Gliscor
|-damage|p2a: Gliscor|47/100 tox
|move|p2a: Gliscor|Earthquake|p1a: Gambit
|-damage|p1a: Gambit|25/100
|
|-heal|p2a: Gliscor|60/100 tox|[from] ability: Poison Heal
|upkeep
|turn|8
|
|t:|1778506726
|move|p1a: Gambit|Extreme Speed|p2a: Gliscor
|-damage|p2a: Gliscor|7/100 tox
|move|p2a: Gliscor|Earthquake|p1a: Gambit
|-damage|p1a: Gambit|0 fnt
|faint|p1a: Gambit
|
|-heal|p2a: Gliscor|19/100 tox|[from] ability: Poison Heal
|upkeep
|
|t:|1778506735
|switch|p1a: Monarch|Kilowattrel, F|100/100
|turn|9
|
|t:|1778506738
|move|p1a: Monarch|Hyper Voice|p2a: Gliscor
|-damage|p2a: Gliscor|0 fnt
|faint|p2a: Gliscor
|
|upkeep
|
|t:|1778506749
|switch|p2a: Blissey|Blissey, F|100/100
|turn|10
|
|t:|1778506761
|move|p1a: Monarch|Flamethrower|p2a: Blissey
|-damage|p2a: Blissey|92/100
|move|p2a: Blissey|Calm Mind|p2a: Blissey
|-boost|p2a: Blissey|spa|1
|-boost|p2a: Blissey|spd|1
|
|-heal|p2a: Blissey|98/100|[from] item: Leftovers
|upkeep
|turn|11
|
|t:|1778506766
|move|p1a: Monarch|Flamethrower|p2a: Blissey
|-damage|p2a: Blissey|91/100
|move|p2a: Blissey|Calm Mind|p2a: Blissey
|-boost|p2a: Blissey|spa|1
|-boost|p2a: Blissey|spd|1
|
|-heal|p2a: Blissey|98/100|[from] item: Leftovers
|upkeep
|turn|12
|
|t:|1778506769
|move|p1a: Monarch|Flamethrower|p2a: Blissey
|-damage|p2a: Blissey|93/100
|move|p2a: Blissey|Seismic Toss|p1a: Monarch
|-immune|p1a: Monarch
|
|-heal|p2a: Blissey|99/100|[from] item: Leftovers
|upkeep
|turn|13
|
|t:|1778506785
|switch|p2a: Toxapex|Toxapex, M|100/100
|move|p1a: Monarch|Flamethrower|p2a: Toxapex
|-resisted|p2a: Toxapex
|-damage|p2a: Toxapex|90/100
|
|upkeep
|turn|14
|
|t:|1778506789
|-terastallize|p2a: Toxapex|Steel
|move|p1a: Monarch|Nasty Plot|p1a: Monarch
|-boost|p1a: Monarch|spa|2
|move|p2a: Toxapex|Poison Jab|p1a: Monarch
|-resisted|p1a: Monarch
|-damage|p1a: Monarch|83/100
|replace|p1a: Mario|Zoroark-Hisui, M
|-end|p1a: Mario|Illusion
|
|upkeep
|turn|15
|
|t:|1778506796
|move|p1a: Mario|Flamethrower|p2a: Toxapex
|-supereffective|p2a: Toxapex
|-damage|p2a: Toxapex|2/100
|move|p2a: Toxapex|Toxic|p1a: Mario
|-status|p1a: Mario|tox
|
|-damage|p1a: Mario|77/100 tox|[from] psn
|upkeep
|turn|16
|
|t:|1778506802
|switch|p2a: Dondozo|Dondozo, M|100/100
|move|p1a: Mario|Flamethrower|p2a: Dondozo
|-resisted|p2a: Dondozo
|-damage|p2a: Dondozo|86/100
|
|-heal|p2a: Dondozo|92/100|[from] item: Leftovers
|-damage|p1a: Mario|65/100 tox|[from] psn
|upkeep
|turn|17
|
|t:|1778506805
|move|p1a: Mario|Hyper Voice|p2a: Dondozo
|-damage|p2a: Dondozo|44/100
|move|p2a: Dondozo|Curse|p2a: Dondozo
|-unboost|p2a: Dondozo|spe|1
|-boost|p2a: Dondozo|atk|1
|-boost|p2a: Dondozo|def|1
|
|-heal|p2a: Dondozo|50/100|[from] item: Leftovers
|-damage|p1a: Mario|47/100 tox|[from] psn
|upkeep
|turn|18
|
|t:|1778506810
|move|p1a: Mario|Hyper Voice|p2a: Dondozo
|-damage|p2a: Dondozo|10/100
|move|p2a: Dondozo|Rest|p2a: Dondozo
|-status|p2a: Dondozo|slp|[from] move: Rest
|-heal|p2a: Dondozo|100/100 slp|[silent]
|
|-damage|p1a: Mario|23/100 tox|[from] psn
|upkeep
|turn|19
|
|t:|1778506814
|move|p1a: Mario|Hyper Voice|p2a: Dondozo
|-damage|p2a: Dondozo|54/100 slp
|cant|p2a: Dondozo|slp
|move|p2a: Dondozo|Sleep Talk|p2a: Dondozo
|move|p2a: Dondozo|Rest||[from] move: Sleep Talk|[still]
|-fail|p2a: Dondozo
|
|-heal|p2a: Dondozo|60/100 slp|[from] item: Leftovers
|-damage|p1a: Mario|0 fnt|[from] psn
|faint|p1a: Mario
|upkeep
|
|t:|1778506817
|switch|p1a: Monarch|Kilowattrel, F|100/100
|-damage|p1a: Monarch|76/100|[from] Stealth Rock
|turn|20
|
|t:|1778506823
|switch|p2a: Blissey|Blissey, F|99/100
|move|p1a: Monarch|Discharge|p2a: Blissey
|-damage|p2a: Blissey|88/100
|-status|p2a: Blissey|par
|
|-heal|p2a: Blissey|95/100 par|[from] item: Leftovers
|upkeep
|turn|21
|
|t:|1778506827
|move|p1a: Monarch|Tailwind|p1a: Monarch
|-sidestart|p1: Alfredo_Arbuz|move: Tailwind
|move|p2a: Blissey|Calm Mind|p2a: Blissey
|-boost|p2a: Blissey|spa|1
|-boost|p2a: Blissey|spd|1
|
|-heal|p2a: Blissey|100/100 par|[from] item: Leftovers
|upkeep
|turn|22
|
|t:|1778506831
|switch|p1a: L.Martin|Heracross, M|100/100
|-status|p1a: L.Martin|psn
|-damage|p1a: L.Martin|88/100 psn|[from] Stealth Rock
|move|p2a: Blissey|Seismic Toss|p1a: L.Martin
|-damage|p1a: L.Martin|61/100 psn
|
|-damage|p1a: L.Martin|48/100 psn|[from] psn
|upkeep
|turn|23
|
|t:|1778506844
|move|p1a: L.Martin|Close Combat|p2a: Blissey
|-supereffective|p2a: Blissey
|-damage|p2a: Blissey|0 fnt
|-unboost|p1a: L.Martin|def|1
|-unboost|p1a: L.Martin|spd|1
|faint|p2a: Blissey
|
|-damage|p1a: L.Martin|36/100 psn|[from] psn
|upkeep
|
|t:|1778506854
|switch|p2a: Toxapex|Toxapex, M, tera:Steel|35/100
|turn|24
|
|t:|1778506859
|switch|p2a: Weezing|Weezing-Galar, F|100/100
|-ability|p2a: Weezing|Neutralizing Gas
|move|p1a: L.Martin|Close Combat|p2a: Weezing
|-resisted|p2a: Weezing
|-damage|p2a: Weezing|89/100
|-unboost|p1a: L.Martin|def|1
|-unboost|p1a: L.Martin|spd|1
|
|-damage|p1a: L.Martin|24/100 psn|[from] psn
|-sideend|p1: Alfredo_Arbuz|move: Tailwind
|upkeep
|turn|25
|
|t:|1778506870
|move|p1a: L.Martin|Facade|p2a: Weezing
|-damage|p2a: Weezing|55/100
|move|p2a: Weezing|Toxic Spikes|p1a: L.Martin
|-sidestart|p1: Alfredo_Arbuz|move: Toxic Spikes
|
|-damage|p1a: L.Martin|11/100 psn|[from] psn
|upkeep
|turn|26
|
|t:|1778506873
|move|p1a: L.Martin|Knock Off|p2a: Weezing
|-resisted|p2a: Weezing
|-damage|p2a: Weezing|43/100
|-enditem|p2a: Weezing|Heavy-Duty Boots|[from] move: Knock Off|[of] p1a: L.Martin
|move|p2a: Weezing|Toxic Spikes||[still]
|-fail|p2a: Weezing
|
|-damage|p1a: L.Martin|0 fnt|[from] psn
|faint|p1a: L.Martin
|upkeep
|
|t:|1778506884
|switch|p1a: Monarch|Kilowattrel, F|76/100
|-damage|p1a: Monarch|51/100|[from] Stealth Rock
|turn|27
|
|t:|1778506888
|move|p1a: Monarch|Discharge|p2a: Weezing
|-damage|p2a: Weezing|0 fnt
|faint|p2a: Weezing
|-end|p2a: Weezing|ability: Neutralizing Gas
|
|upkeep
|
|t:|1778506898
|switch|p2a: Toxapex|Toxapex, M, tera:Steel|69/100
|turn|28
|
|t:|1778506905
|move|p1a: Monarch|Endeavor|p2a: Toxapex
|-damage|p2a: Toxapex|47/100
|move|p2a: Toxapex|Poison Jab|p1a: Monarch
|-damage|p1a: Monarch|18/100
|-status|p1a: Monarch|psn
|
|-damage|p1a: Monarch|5/100 psn|[from] psn
|upkeep
|turn|29
|
|t:|1778506911
|move|p1a: Monarch|Endeavor|p2a: Toxapex
|-damage|p2a: Toxapex|5/100
|move|p2a: Toxapex|Recover|p2a: Toxapex
|-heal|p2a: Toxapex|55/100
|
|-damage|p1a: Monarch|0 fnt|[from] psn
|faint|p1a: Monarch
|upkeep
|
|t:|1778506914
|switch|p1a: Anihilator|Garchomp, M|100/100
|-status|p1a: Anihilator|tox
|-damage|p1a: Anihilator|94/100 tox|[from] Stealth Rock
|turn|30
|
|t:|1778506920
|move|p1a: Anihilator|Earthquake|p2a: Toxapex
|-supereffective|p2a: Toxapex
|-damage|p2a: Toxapex|0 fnt
|faint|p2a: Toxapex
|
|-damage|p1a: Anihilator|88/100 tox|[from] psn
|upkeep
|
|t:|1778506923
|switch|p2a: Corviknight|Corviknight, F|100/100
|-ability|p2a: Corviknight|Pressure
|turn|31
|
|t:|1778506926
|switch|p1a: Deimos|Armarouge, M|100/100
|-status|p1a: Deimos|tox
|-damage|p1a: Deimos|75/100 tox|[from] Stealth Rock
|move|p2a: Corviknight|Iron Defense|p2a: Corviknight
|-boost|p2a: Corviknight|def|2
|
|-damage|p1a: Deimos|69/100 tox|[from] psn
|upkeep
|turn|32
|
|t:|1778506935
|move|p1a: Deimos|Armor Cannon|p2a: Corviknight
|-supereffective|p2a: Corviknight
|-damage|p2a: Corviknight|0 fnt
|-unboost|p1a: Deimos|def|1
|-unboost|p1a: Deimos|spd|1
|faint|p2a: Corviknight
|
|-damage|p1a: Deimos|57/100 tox|[from] psn
|upkeep
|
|t:|1778506938
|switch|p2a: Dondozo|Dondozo, M|60/100 slp
|turn|33
|
|t:|1778506944
|switch|p1a: Anihilator|Garchomp, M|88/100 tox
|-damage|p1a: Anihilator|82/100 tox|[from] Stealth Rock
|cant|p2a: Dondozo|slp
|move|p2a: Dondozo|Sleep Talk|p2a: Dondozo
|move|p2a: Dondozo|Curse|p2a: Dondozo|[from] move: Sleep Talk
|-unboost|p2a: Dondozo|spe|1
|-boost|p2a: Dondozo|atk|1
|-boost|p2a: Dondozo|def|1
|
|-heal|p2a: Dondozo|66/100 slp|[from] item: Leftovers
|-damage|p1a: Anihilator|76/100 tox|[from] psn
|upkeep
|turn|34
|
|t:|1778506955
|move|p1a: Anihilator|Earthquake|p2a: Dondozo
|-damage|p2a: Dondozo|51/100 slp
|-curestatus|p2a: Dondozo|slp|[msg]
|move|p2a: Dondozo|Waterfall|p1a: Anihilator
|-damage|p1a: Anihilator|38/100 tox
|-damage|p2a: Dondozo|39/100|[from] ability: Rough Skin|[of] p1a: Anihilator
|
|-heal|p2a: Dondozo|45/100|[from] item: Leftovers
|-damage|p1a: Anihilator|26/100 tox|[from] psn
|upkeep
|turn|35
|
|t:|1778506962
|move|p1a: Anihilator|Earthquake|p2a: Dondozo
|-damage|p2a: Dondozo|30/100
|move|p2a: Dondozo|Rest|p2a: Dondozo
|-status|p2a: Dondozo|slp|[from] move: Rest
|-heal|p2a: Dondozo|100/100 slp|[silent]
|
|-damage|p1a: Anihilator|7/100 tox|[from] psn
|upkeep
|turn|36
|
|t:|1778506967
|move|p1a: Anihilator|Earthquake|p2a: Dondozo
|-damage|p2a: Dondozo|84/100 slp
|cant|p2a: Dondozo|slp
|move|p2a: Dondozo|Sleep Talk|p2a: Dondozo
|move|p2a: Dondozo|Waterfall|p1a: Anihilator|[from] move: Sleep Talk
|-damage|p1a: Anihilator|0 fnt
|-damage|p2a: Dondozo|72/100 slp|[from] ability: Rough Skin|[of] p1a: Anihilator
|faint|p1a: Anihilator
|
|-heal|p2a: Dondozo|78/100 slp|[from] item: Leftovers
|upkeep
|
|t:|1778506969
|switch|p1a: Deimos|Armarouge, M|57/100 tox
|-damage|p1a: Deimos|32/100 tox|[from] Stealth Rock
|turn|37
|
|t:|1778506972
|move|p1a: Deimos|Energy Ball|p2a: Dondozo
|-supereffective|p2a: Dondozo
|-damage|p2a: Dondozo|0 fnt
|faint|p2a: Dondozo
|
|win|Alfredo_Arbuz
|raw|Alfredo_Arbuz's rating: 1159 &rarr; <strong>1182</strong><br />(+23 for winning)
|raw|hollow_0's rating: 1135 &rarr; <strong>1112</strong><br />(-23 for losing)
|c|☆Alfredo_Arbuz|GG
|c|☆hollow_0|Gg
|l|☆Alfredo_Arbuz
|player|p1|
|l|☆hollow_0
|player|p2|
