|j|☆Buzzpeep
|j|☆Zangoose360
|inactive|Battle timer is ON: inactive players will automatically lose when time's up.
|t:|1776196621
|gametype|singles
|player|p1|Buzzpeep|proton|
|player|p2|Zangoose360|acetrainersnow|
|gen|9
|tier|[Gen 9] OU
|rated|Tournament battle
|rule|HP Percentage Mod: HP is shown in percentages
|rule|Endless Battle Clause: Forcing endless battles is banned
|rule|Species Clause: Limit one of each Pokémon
|rule|OHKO Clause: OHKO moves are banned
|rule|Evasion Items Clause: Evasion items are banned
|rule|Evasion Moves Clause: Evasion moves are banned
|rule|Evasion Abilities Clause: Evasion abilities are banned
|rule|Sleep Moves Clause: Sleep-inducing moves are banned
|raw|<div class="infobox"><details class="readmore"><summary><strong>15 custom rules:</strong></summary> -burmy, -caterpie, -combee, -kricketot, -magikarp, -scatterbug, -sunkern, -tynamo, -typenull, -weedle, -wurmple, -cosmog, -blipbug, -snom, -wynaut</details></div>
|clearpoke
|poke|p1|Dudunsparce-*, M|
|poke|p1|Slowbro, F|
|poke|p1|Breloom, F|
|poke|p1|Azumarill, F|
|poke|p1|Raichu-Alola, F|
|poke|p2|Skuntank, F|
|poke|p2|Grimmsnarl, M|
|poke|p2|Sawsbuck-Winter, F|
|poke|p2|Armarouge, F|
|poke|p2|Gholdengo|
|teampreview
|j|*Lady Monita 
|l|*Lady Monita 
|j| MagicPhoenix28
|
|t:|1776196636
|teamsize|p1|5
|teamsize|p2|5
|start
|switch|p1a: Pineapple|Raichu-Alola, F|100/100
|switch|p2a: Skuntank|Skuntank, F|100/100
|turn|1
|
|t:|1776196642
|switch|p1a: The crust|Slowbro, F, shiny|100/100
|move|p2a: Skuntank|Knock Off|p1a: The crust
|-supereffective|p1a: The crust
|-damage|p1a: The crust|52/100
|-enditem|p1a: The crust|Leftovers|[from] move: Knock Off|[of] p2a: Skuntank
|
|upkeep
|turn|2
|j| WrenTheBurb
|
|t:|1776196648
|move|p2a: Skuntank|Gunk Shot|p1a: The crust
|-damage|p1a: The crust|21/100
|move|p1a: The crust|Slack Off|p1a: The crust
|-heal|p1a: The crust|71/100
|
|upkeep
|turn|3
|
|t:|1776196655
|switch|p2a: Gholdengo|Gholdengo|100/100
|-item|p2a: Gholdengo|Air Balloon
|move|p1a: The crust|Slack Off|p1a: The crust
|-heal|p1a: The crust|100/100
|
|upkeep
|turn|4
|c| WrenTheBurb|cmon raichu
|
|t:|1776196661
|move|p2a: Gholdengo|Nasty Plot|p2a: Gholdengo
|-boost|p2a: Gholdengo|spa|2
|move|p1a: The crust|Calm Mind|p1a: The crust
|-boost|p1a: The crust|spa|1
|-boost|p1a: The crust|spd|1
|
|upkeep
|turn|5
|c| MagicPhoenix28|fantastic themeing
|
|t:|1776196665
|move|p2a: Gholdengo|Nasty Plot|p2a: Gholdengo
|-boost|p2a: Gholdengo|spa|2
|move|p1a: The crust|Ice Beam|p2a: Gholdengo
|-resisted|p2a: Gholdengo
|-damage|p2a: Gholdengo|85/100
|-enditem|p2a: Gholdengo|Air Balloon
|
|upkeep
|turn|6
|
|t:|1776196669
|move|p2a: Gholdengo|Shadow Ball|p1a: The crust
|-supereffective|p1a: The crust
|-damage|p1a: The crust|0 fnt
|faint|p1a: The crust
|
|upkeep
|j| got_the_hacks
|
|t:|1776196686
|switch|p1a: Pineapple|Raichu-Alola, F|100/100
|turn|7
|
|t:|1776196690
|switch|p2a: Skuntank|Skuntank, F|100/100
|move|p1a: Pineapple|Nasty Plot|p1a: Pineapple
|-boost|p1a: Pineapple|spa|2
|
|upkeep
|turn|8
|
|t:|1776196696
|move|p1a: Pineapple|Thunderbolt|p2a: Skuntank
|-damage|p2a: Skuntank|26/100
|-status|p2a: Skuntank|par
|move|p2a: Skuntank|Knock Off|p1a: Pineapple
|-supereffective|p1a: Pineapple
|-enditem|p1a: Pineapple|Focus Sash
|-damage|p1a: Pineapple|1/100
|
|upkeep
|turn|9
|
|t:|1776196705
|cant|p2a: Skuntank|par
|move|p1a: Pineapple|Thunderbolt|p2a: Skuntank
|-damage|p2a: Skuntank|0 fnt
|faint|p2a: Skuntank
|
|upkeep
|j| lucariouser705
|
|t:|1776196708
|switch|p2a: Grimmsnarl|Grimmsnarl, M|100/100
|turn|10
|c| WrenTheBurb|thats my goat
|
|t:|1776196716
|switch|p1a: Pizza cheese|Azumarill, F, shiny|100/100
|move|p2a: Grimmsnarl|Light Screen|p2a: Grimmsnarl
|-sidestart|p2: Zangoose360|move: Light Screen
|
|upkeep
|turn|11
|
|t:|1776196722
|move|p2a: Grimmsnarl|Taunt|p1a: Pizza cheese
|-start|p1a: Pizza cheese|move: Taunt
|move|p1a: Pizza cheese|Liquidation|p2a: Grimmsnarl
|-damage|p2a: Grimmsnarl|32/100
|
|upkeep
|turn|12
|
|t:|1776196726
|move|p2a: Grimmsnarl|Reflect|p2a: Grimmsnarl
|-sidestart|p2: Zangoose360|Reflect
|move|p1a: Pizza cheese|Liquidation|p2a: Grimmsnarl
|-damage|p2a: Grimmsnarl|0 fnt
|faint|p2a: Grimmsnarl
|
|upkeep
|
|t:|1776196733
|switch|p2a: Armarouge|Armarouge, F|100/100
|turn|13
|
|t:|1776196740
|move|p2a: Armarouge|Iron Defense|p2a: Armarouge
|-boost|p2a: Armarouge|def|2
|move|p1a: Pizza cheese|Liquidation|p2a: Armarouge
|-supereffective|p2a: Armarouge
|-damage|p2a: Armarouge|69/100
|-unboost|p2a: Armarouge|def|1
|-ability|p2a: Armarouge|Weak Armor|boost
|-unboost|p2a: Armarouge|def|1
|-boost|p2a: Armarouge|spe|2
|-enditem|p2a: Armarouge|Weakness Policy
|-boost|p2a: Armarouge|atk|2|[from] item: Weakness Policy
|-boost|p2a: Armarouge|spa|2|[from] item: Weakness Policy
|
|-end|p1a: Pizza cheese|move: Taunt
|upkeep
|turn|14
|j| ShadowTree87
|
|t:|1776196752
|switch|p1a: Pineapple|Raichu-Alola, F|1/100
|-terastallize|p2a: Armarouge|Fighting
|move|p2a: Armarouge|Iron Defense|p2a: Armarouge
|-boost|p2a: Armarouge|def|2
|
|upkeep
|turn|15
|
|t:|1776196762
|move|p2a: Armarouge|Stored Power|p1a: Pineapple
|-resisted|p1a: Pineapple
|-damage|p1a: Pineapple|0 fnt
|faint|p1a: Pineapple
|
|upkeep
|
|t:|1776196765
|switch|p1a: Mushrooms|Breloom, F|100/100
|turn|16
|
|t:|1776196771
|switch|p2a: Gholdengo|Gholdengo|85/100
|move|p1a: Mushrooms|Bullet Seed|p2a: Gholdengo
|-resisted|p2a: Gholdengo
|-damage|p2a: Gholdengo|82/100
|-resisted|p2a: Gholdengo
|-damage|p2a: Gholdengo|79/100
|-resisted|p2a: Gholdengo
|-damage|p2a: Gholdengo|75/100
|-resisted|p2a: Gholdengo
|-damage|p2a: Gholdengo|72/100
|-resisted|p2a: Gholdengo
|-damage|p2a: Gholdengo|68/100
|-hitcount|p2a: Gholdengo|5
|
|upkeep
|turn|17
|
|t:|1776196785
|move|p1a: Mushrooms|Rock Tomb|p2a: Gholdengo
|-resisted|p2a: Gholdengo
|-damage|p2a: Gholdengo|63/100
|-unboost|p2a: Gholdengo|spe|1
|move|p2a: Gholdengo|Shadow Ball|p1a: Mushrooms
|-damage|p1a: Mushrooms|36/100
|
|-sideend|p2: Zangoose360|move: Light Screen
|upkeep
|turn|18
|
|t:|1776196792
|move|p1a: Mushrooms|Rock Tomb|p2a: Gholdengo
|-resisted|p2a: Gholdengo
|-damage|p2a: Gholdengo|57/100
|-unboost|p2a: Gholdengo|spe|1
|move|p2a: Gholdengo|Make It Rain|p1a: Mushrooms
|-damage|p1a: Mushrooms|0 fnt
|-unboost|p2a: Gholdengo|spa|1
|faint|p1a: Mushrooms
|
|upkeep
|
|t:|1776196794
|switch|p1a: Mozzarella balls|Dudunsparce, M|100/100
|turn|19
|
|t:|1776196798
|switch|p2a: Sawsbuck|Sawsbuck-Winter, F|100/100
|move|p1a: Mozzarella balls|Calm Mind|p1a: Mozzarella balls
|-boost|p1a: Mozzarella balls|spa|1
|-boost|p1a: Mozzarella balls|spd|1
|
|-sideend|p2: Zangoose360|Reflect
|upkeep
|turn|20
|
|t:|1776196808
|-terastallize|p1a: Mozzarella balls|Ghost
|move|p2a: Sawsbuck|Body Slam|p1a: Mozzarella balls
|-immune|p1a: Mozzarella balls
|move|p1a: Mozzarella balls|Calm Mind|p1a: Mozzarella balls
|-boost|p1a: Mozzarella balls|spa|1
|-boost|p1a: Mozzarella balls|spd|1
|
|upkeep
|turn|21
|
|t:|1776196816
|move|p2a: Sawsbuck|Swords Dance|p2a: Sawsbuck
|-boost|p2a: Sawsbuck|atk|2
|move|p1a: Mozzarella balls|Calm Mind|p1a: Mozzarella balls
|-boost|p1a: Mozzarella balls|spa|1
|-boost|p1a: Mozzarella balls|spd|1
|
|upkeep
|turn|22
|
|t:|1776196820
|move|p2a: Sawsbuck|Horn Leech|p1a: Mozzarella balls
|-damage|p1a: Mozzarella balls|60/100
|move|p1a: Mozzarella balls|Boomburst|p2a: Sawsbuck
|-damage|p2a: Sawsbuck|0 fnt
|faint|p2a: Sawsbuck
|
|-heal|p1a: Mozzarella balls|66/100|[from] item: Leftovers
|upkeep
|c| MagicPhoenix28|mozzarella balls you can do it
|
|t:|1776196827
|switch|p2a: Gholdengo|Gholdengo|57/100
|turn|23
|
|t:|1776196831
|move|p2a: Gholdengo|Shadow Ball|p1a: Mozzarella balls
|-supereffective|p1a: Mozzarella balls
|-damage|p1a: Mozzarella balls|38/100
|-unboost|p1a: Mozzarella balls|spd|1
|move|p1a: Mozzarella balls|Roost|p1a: Mozzarella balls
|-heal|p1a: Mozzarella balls|88/100
|
|-heal|p1a: Mozzarella balls|94/100|[from] item: Leftovers
|upkeep
|turn|24
|j| GavilarKholin
|
|t:|1776196837
|move|p2a: Gholdengo|Shadow Ball|p1a: Mozzarella balls
|-supereffective|p1a: Mozzarella balls
|-damage|p1a: Mozzarella balls|62/100
|move|p1a: Mozzarella balls|Shadow Ball|p2a: Gholdengo
|-supereffective|p2a: Gholdengo
|-damage|p2a: Gholdengo|0 fnt
|faint|p2a: Gholdengo
|
|-heal|p1a: Mozzarella balls|69/100|[from] item: Leftovers
|upkeep
|
|t:|1776196843
|switch|p2a: Armarouge|Armarouge, F, tera:Fighting|69/100
|turn|25
|
|t:|1776196853
|move|p2a: Armarouge|Calm Mind|p2a: Armarouge
|-boost|p2a: Armarouge|spa|1
|-boost|p2a: Armarouge|spd|1
|move|p1a: Mozzarella balls|Calm Mind|p1a: Mozzarella balls
|-boost|p1a: Mozzarella balls|spa|1
|-boost|p1a: Mozzarella balls|spd|1
|
|-heal|p1a: Mozzarella balls|75/100|[from] item: Leftovers
|upkeep
|turn|26
|
|t:|1776196857
|move|p2a: Armarouge|Calm Mind|p2a: Armarouge
|-boost|p2a: Armarouge|spa|1
|-boost|p2a: Armarouge|spd|1
|move|p1a: Mozzarella balls|Calm Mind|p1a: Mozzarella balls
|-boost|p1a: Mozzarella balls|spa|1
|-boost|p1a: Mozzarella balls|spd|1
|
|-heal|p1a: Mozzarella balls|81/100|[from] item: Leftovers
|upkeep
|turn|27
|
|t:|1776196861
|move|p2a: Armarouge|Calm Mind|p2a: Armarouge
|-boost|p2a: Armarouge|spa|1
|-boost|p2a: Armarouge|spd|1
|move|p1a: Mozzarella balls|Calm Mind|p1a: Mozzarella balls
|-boost|p1a: Mozzarella balls|spa|1
|-boost|p1a: Mozzarella balls|spd|1
|
|-heal|p1a: Mozzarella balls|87/100|[from] item: Leftovers
|upkeep
|turn|28
|
|t:|1776196865
|move|p2a: Armarouge|Stored Power|p1a: Mozzarella balls
|-damage|p1a: Mozzarella balls|47/100
|move|p1a: Mozzarella balls|Boomburst|p2a: Armarouge
|-damage|p2a: Armarouge|0 fnt
|faint|p2a: Armarouge
|
|win|Buzzpeep
|n|☆Buzzpeep|buzzpeep
|n|☆Zangoose360|zangoose360
|n| MagicPhoenix28|magicphoenix28
|n| WrenTheBurb|wrentheburb
|n| got_the_hacks|gotthehacks
|n| lucariouser705|lucariouser705
|n| ShadowTree87|shadowtree87
|n| GavilarKholin|gavilarkholin
