|html|<div class="broadcast-blue"><strong>[Gen 9] OU is currently suspecting Tera Blast! For information on how to participate check out the <a href="https://www.smogon.com/tools/suspects/view/200">suspect thread</a>.</strong></div>
|j|☆huguit0
|j|☆Bosir 122
|t:|1776076021
|gametype|singles
|player|p1|huguit0|steven|1066
|player|p2|Bosir 122|101|1117
|gen|9
|tier|[Gen 9] OU
|rated|
|rule|HP Percentage Mod: HP is shown in percentages
|rule|Endless Battle Clause: Forcing endless battles is banned
|rule|Species Clause: Limit one of each Pokémon
|rule|OHKO Clause: OHKO moves are banned
|rule|Evasion Items Clause: Evasion items are banned
|rule|Evasion Moves Clause: Evasion moves are banned
|rule|Evasion Abilities Clause: Evasion abilities are banned
|rule|Sleep Moves Clause: Sleep-inducing moves are banned
|clearpoke
|poke|p1|Slaking, M|
|poke|p1|Pikachu-Kalos, M|
|poke|p1|Naclstack, F|
|poke|p1|Umbreon, F|
|poke|p1|Salamence, M|
|poke|p1|Florges-White, F|
|poke|p2|Serperior, M|
|poke|p2|Frosmoth, M|
|poke|p2|Ninetales-Alola, F|
|poke|p2|Klefki, F|
|poke|p2|Dragonite, M|
|poke|p2|Polteageist|
|teampreview
|inactive|Battle timer is ON: inactive players will automatically lose when time's up. (requested by huguit0)
|
|t:|1776076033
|teamsize|p1|6
|teamsize|p2|6
|start
|switch|p1a: Iris|Umbreon, F, shiny|100/100
|switch|p2a: Polteageist|Polteageist|100/100
|turn|1
|
|t:|1776076041
|switch|p2a: Ninetales|Ninetales-Alola, F|100/100
|-weather|Snowscape|[from] ability: Snow Warning|[of] p2a: Ninetales
|move|p1a: Iris|Foul Play|p2a: Ninetales
|-resisted|p2a: Ninetales
|-damage|p2a: Ninetales|94/100
|
|-weather|Snowscape|[upkeep]
|upkeep
|turn|2
|
|t:|1776076052
|move|p2a: Ninetales|Encore|p1a: Iris
|-start|p1a: Iris|Encore
|move|p1a: Iris|Foul Play|p2a: Ninetales
|-resisted|p2a: Ninetales
|-damage|p2a: Ninetales|87/100
|
|-weather|Snowscape|[upkeep]
|upkeep
|turn|3
|
|t:|1776076062
|switch|p1a: Camelia|Florges-White, F|100/100
|move|p2a: Ninetales|Aurora Veil|p2a: Ninetales
|-sidestart|p2: Bosir 122|move: Aurora Veil
|
|-weather|Snowscape|[upkeep]
|upkeep
|turn|4
|
|t:|1776076067
|move|p2a: Ninetales|Blizzard|p1a: Camelia
|-damage|p1a: Camelia|85/100
|move|p1a: Camelia|Calm Mind|p1a: Camelia
|-boost|p1a: Camelia|spa|1
|-boost|p1a: Camelia|spd|1
|
|-weather|Snowscape|[upkeep]
|-heal|p1a: Camelia|92/100|[from] item: Leftovers
|upkeep
|turn|5
|
|t:|1776076075
|move|p2a: Ninetales|Encore|p1a: Camelia
|-start|p1a: Camelia|Encore
|move|p1a: Camelia|Calm Mind|p1a: Camelia
|-boost|p1a: Camelia|spa|1
|-boost|p1a: Camelia|spd|1
|
|-weather|none
|-heal|p1a: Camelia|98/100|[from] item: Leftovers
|upkeep
|turn|6
|
|t:|1776076084
|switch|p2a: Klefki|Klefki, F|100/100
|move|p1a: Camelia|Calm Mind|p1a: Camelia
|-boost|p1a: Camelia|spa|1
|-boost|p1a: Camelia|spd|1
|
|-heal|p1a: Camelia|100/100|[from] item: Leftovers
|upkeep
|turn|7
|
|t:|1776076096
|move|p2a: Klefki|Calm Mind|p2a: Klefki
|-boost|p2a: Klefki|spa|1
|-boost|p2a: Klefki|spd|1
|move|p1a: Camelia|Calm Mind|p1a: Camelia
|-boost|p1a: Camelia|spa|1
|-boost|p1a: Camelia|spd|1
|
|-end|p1a: Camelia|Encore
|upkeep
|turn|8
|
|t:|1776076108
|move|p2a: Klefki|Calm Mind|p2a: Klefki
|-boost|p2a: Klefki|spa|1
|-boost|p2a: Klefki|spd|1
|move|p1a: Camelia|Alluring Voice|p2a: Klefki
|-resisted|p2a: Klefki
|-damage|p2a: Klefki|89/100
|-start|p2a: Klefki|confusion
|
|upkeep
|turn|9
|
|t:|1776076117
|-activate|p2a: Klefki|confusion
|move|p2a: Klefki|Calm Mind|p2a: Klefki
|-boost|p2a: Klefki|spa|1
|-boost|p2a: Klefki|spd|1
|move|p1a: Camelia|Calm Mind|p1a: Camelia
|-boost|p1a: Camelia|spa|1
|-boost|p1a: Camelia|spd|1
|
|upkeep
|turn|10
|
|t:|1776076123
|-activate|p2a: Klefki|confusion
|move|p2a: Klefki|Calm Mind|p2a: Klefki
|-boost|p2a: Klefki|spa|1
|-boost|p2a: Klefki|spd|1
|move|p1a: Camelia|Calm Mind|p1a: Camelia
|-boost|p1a: Camelia|spa|1
|-boost|p1a: Camelia|spd|1
|
|-sideend|p2: Bosir 122|move: Aurora Veil
|upkeep
|turn|11
|
|t:|1776076130
|-end|p2a: Klefki|confusion
|move|p2a: Klefki|Calm Mind|p2a: Klefki
|-boost|p2a: Klefki|spa|1
|-boost|p2a: Klefki|spd|1
|move|p1a: Camelia|Alluring Voice|p2a: Klefki
|-resisted|p2a: Klefki
|-damage|p2a: Klefki|73/100
|-start|p2a: Klefki|confusion
|
|upkeep
|turn|12
|
|t:|1776076140
|-activate|p2a: Klefki|confusion
|move|p2a: Klefki|Calm Mind|p2a: Klefki
|-boost|p2a: Klefki|spa|1
|-boost|p2a: Klefki|spd|1
|move|p1a: Camelia|Alluring Voice|p2a: Klefki
|-resisted|p2a: Klefki
|-damage|p2a: Klefki|60/100
|
|upkeep
|turn|13
|
|t:|1776076149
|move|p1a: Camelia|Protect|p1a: Camelia
|-singleturn|p1a: Camelia|Protect
|-activate|p2a: Klefki|confusion
|-damage|p2a: Klefki|53/100|[from] confusion
|
|upkeep
|turn|14
|
|t:|1776076155
|-activate|p2a: Klefki|confusion
|move|p2a: Klefki|Iron Defense|p2a: Klefki
|-boost|p2a: Klefki|def|2
|move|p1a: Camelia|Alluring Voice|p2a: Klefki
|-resisted|p2a: Klefki
|-damage|p2a: Klefki|39/100
|
|upkeep
|turn|15
|
|t:|1776076163
|move|p1a: Camelia|Alluring Voice|p2a: Klefki
|-resisted|p2a: Klefki
|-damage|p2a: Klefki|25/100
|-end|p2a: Klefki|confusion
|move|p2a: Klefki|Stored Power|p1a: Camelia
|-damage|p1a: Camelia|73/100
|
|-heal|p1a: Camelia|79/100|[from] item: Leftovers
|upkeep
|turn|16
|
|t:|1776076172
|move|p1a: Camelia|Alluring Voice|p2a: Klefki
|-resisted|p2a: Klefki
|-damage|p2a: Klefki|12/100
|move|p2a: Klefki|Stored Power|p1a: Camelia
|-damage|p1a: Camelia|52/100
|
|-heal|p1a: Camelia|59/100|[from] item: Leftovers
|upkeep
|turn|17
|
|t:|1776076182
|move|p2a: Klefki|Stored Power|p1a: Camelia
|-damage|p1a: Camelia|28/100
|move|p1a: Camelia|Synthesis|p1a: Camelia
|-heal|p1a: Camelia|78/100
|
|-heal|p1a: Camelia|84/100|[from] item: Leftovers
|upkeep
|turn|18
|
|t:|1776076190
|move|p2a: Klefki|Stored Power|p1a: Camelia
|-damage|p1a: Camelia|57/100
|move|p1a: Camelia|Synthesis|p1a: Camelia
|-heal|p1a: Camelia|100/100
|
|upkeep
|turn|19
|
|t:|1776076195
|move|p2a: Klefki|Stored Power|p1a: Camelia
|-damage|p1a: Camelia|74/100
|move|p1a: Camelia|Alluring Voice|p2a: Klefki
|-resisted|p2a: Klefki
|-damage|p2a: Klefki|0 fnt
|faint|p2a: Klefki
|
|-heal|p1a: Camelia|80/100|[from] item: Leftovers
|upkeep
|
|t:|1776076203
|switch|p2a: Ninetales|Ninetales-Alola, F|87/100
|-weather|Snowscape|[from] ability: Snow Warning|[of] p2a: Ninetales
|turn|20
|
|t:|1776076212
|move|p2a: Ninetales|Aurora Veil|p2a: Ninetales
|-sidestart|p2: Bosir 122|move: Aurora Veil
|move|p1a: Camelia|Alluring Voice|p2a: Ninetales
|-damage|p2a: Ninetales|29/100
|
|-weather|Snowscape|[upkeep]
|-heal|p1a: Camelia|86/100|[from] item: Leftovers
|upkeep
|turn|21
|
|t:|1776076218
|move|p2a: Ninetales|Encore|p1a: Camelia
|-start|p1a: Camelia|Encore
|move|p1a: Camelia|Alluring Voice|p2a: Ninetales
|-damage|p2a: Ninetales|0 fnt
|faint|p2a: Ninetales
|
|-weather|Snowscape|[upkeep]
|-heal|p1a: Camelia|92/100|[from] item: Leftovers
|upkeep
|
|t:|1776076226
|switch|p2a: Dragonite|Dragonite, M|100/100
|turn|22
|
|t:|1776076231
|-terastallize|p2a: Dragonite|Steel
|move|p2a: Dragonite|Substitute|p2a: Dragonite
|-start|p2a: Dragonite|Substitute
|-damage|p2a: Dragonite|76/100
|move|p1a: Camelia|Alluring Voice|p2a: Dragonite
|-resisted|p2a: Dragonite
|-damage|p2a: Dragonite|48/100
|
|-weather|Snowscape|[upkeep]
|-heal|p1a: Camelia|98/100|[from] item: Leftovers
|upkeep
|turn|23
|
|t:|1776076242
|move|p2a: Dragonite|Roost|p2a: Dragonite
|-heal|p2a: Dragonite|98/100
|move|p1a: Camelia|Alluring Voice|p2a: Dragonite
|-resisted|p2a: Dragonite
|-damage|p2a: Dragonite|70/100
|
|-weather|Snowscape|[upkeep]
|-heal|p1a: Camelia|100/100|[from] item: Leftovers
|-end|p1a: Camelia|Encore
|upkeep
|turn|24
|
|t:|1776076261
|move|p2a: Dragonite|Roost|p2a: Dragonite
|-heal|p2a: Dragonite|100/100
|move|p1a: Camelia|Alluring Voice|p2a: Dragonite
|-resisted|p2a: Dragonite
|-damage|p2a: Dragonite|88/100
|
|-weather|none
|upkeep
|turn|25
|
|t:|1776076270
|move|p1a: Camelia|Protect|p1a: Camelia
|-singleturn|p1a: Camelia|Protect
|move|p2a: Dragonite|Dragon Dance|p2a: Dragonite
|-boost|p2a: Dragonite|atk|1
|-boost|p2a: Dragonite|spe|1
|
|upkeep
|turn|26
|
|t:|1776076283
|-terastallize|p1a: Camelia|Steel
|move|p2a: Dragonite|Dragon Dance|p2a: Dragonite
|-boost|p2a: Dragonite|atk|1
|-boost|p2a: Dragonite|spe|1
|move|p1a: Camelia|Alluring Voice|p2a: Dragonite
|-resisted|p2a: Dragonite
|-damage|p2a: Dragonite|59/100
|-start|p2a: Dragonite|confusion
|
|upkeep
|turn|27
|
|t:|1776076293
|move|p1a: Camelia|Protect|p1a: Camelia
|-singleturn|p1a: Camelia|Protect
|-activate|p2a: Dragonite|confusion
|move|p2a: Dragonite|Iron Head|p1a: Camelia
|-activate|p1a: Camelia|move: Protect
|
|-sideend|p2: Bosir 122|move: Aurora Veil
|upkeep
|turn|28
|
|t:|1776076305
|-activate|p2a: Dragonite|confusion
|move|p2a: Dragonite|Roost|p2a: Dragonite
|-heal|p2a: Dragonite|100/100
|move|p1a: Camelia|Alluring Voice|p2a: Dragonite
|-resisted|p2a: Dragonite
|-damage|p2a: Dragonite|73/100
|
|upkeep
|turn|29
|
|t:|1776076319
|switch|p1a: Iris|Umbreon, F, shiny|100/100
|-activate|p2a: Dragonite|confusion
|-damage|p2a: Dragonite|52/100|[from] confusion
|
|upkeep
|turn|30
|
|t:|1776076326
|-activate|p2a: Dragonite|confusion
|-damage|p2a: Dragonite|31/100|[from] confusion
|move|p1a: Iris|Foul Play|p2a: Dragonite
|-end|p2a: Dragonite|Substitute
|
|upkeep
|turn|31
|
|t:|1776076331
|-end|p2a: Dragonite|confusion
|move|p2a: Dragonite|Roost|p2a: Dragonite
|-heal|p2a: Dragonite|81/100
|move|p1a: Iris|Foul Play|p2a: Dragonite
|-damage|p2a: Dragonite|6/100
|
|upkeep
|turn|32
|
|t:|1776076339
|move|p2a: Dragonite|Roost|p2a: Dragonite
|-heal|p2a: Dragonite|56/100
|move|p1a: Iris|Foul Play|p2a: Dragonite
|-damage|p2a: Dragonite|0 fnt
|faint|p2a: Dragonite
|
|upkeep
|
|t:|1776076347
|switch|p2a: Serperior|Serperior, M|100/100
|turn|33
|
|t:|1776076350
|move|p2a: Serperior|Substitute|p2a: Serperior
|-start|p2a: Serperior|Substitute
|-damage|p2a: Serperior|76/100
|move|p1a: Iris|Toxic||[still]
|-fail|p1a: Iris
|
|upkeep
|turn|34
|
|t:|1776076356
|switch|p1a: Camelia|Florges-White, F, tera:Steel|100/100
|move|p2a: Serperior|Leech Seed|p1a: Camelia
|-start|p1a: Camelia|move: Leech Seed
|
|-damage|p1a: Camelia|88/100|[from] Leech Seed|[of] p2a: Serperior
|-heal|p2a: Serperior|91/100|[silent]
|upkeep
|turn|35
|
|t:|1776076364
|move|p2a: Serperior|Leaf Storm|p1a: Camelia
|-resisted|p1a: Camelia
|-damage|p1a: Camelia|77/100
|-boost|p2a: Serperior|spa|2
|move|p1a: Camelia|Calm Mind|p1a: Camelia
|-boost|p1a: Camelia|spa|1
|-boost|p1a: Camelia|spd|1
|
|-heal|p1a: Camelia|83/100|[from] item: Leftovers
|-damage|p1a: Camelia|70/100|[from] Leech Seed|[of] p2a: Serperior
|-heal|p2a: Serperior|100/100|[silent]
|upkeep
|turn|36
|
|t:|1776076376
|move|p2a: Serperior|Leaf Storm|p1a: Camelia
|-resisted|p1a: Camelia
|-damage|p1a: Camelia|55/100
|-boost|p2a: Serperior|spa|2
|move|p1a: Camelia|Calm Mind|p1a: Camelia
|-boost|p1a: Camelia|spa|1
|-boost|p1a: Camelia|spd|1
|
|-heal|p1a: Camelia|61/100|[from] item: Leftovers
|-damage|p1a: Camelia|49/100|[from] Leech Seed|[of] p2a: Serperior
|upkeep
|turn|37
|
|t:|1776076387
|move|p2a: Serperior|Leaf Storm|p1a: Camelia
|-resisted|p1a: Camelia
|-damage|p1a: Camelia|31/100
|-boost|p2a: Serperior|spa|2
|move|p1a: Camelia|Alluring Voice|p2a: Serperior
|-damage|p2a: Serperior|23/100
|-start|p2a: Serperior|confusion
|
|-heal|p1a: Camelia|37/100|[from] item: Leftovers
|-damage|p1a: Camelia|24/100|[from] Leech Seed|[of] p2a: Serperior
|-heal|p2a: Serperior|39/100|[silent]
|upkeep
|turn|38
|
|t:|1776076400
|move|p1a: Camelia|Protect|p1a: Camelia
|-singleturn|p1a: Camelia|Protect
|-activate|p2a: Serperior|confusion
|-damage|p2a: Serperior|31/100|[from] confusion
|
|-heal|p1a: Camelia|30/100|[from] item: Leftovers
|-damage|p1a: Camelia|18/100|[from] Leech Seed|[of] p2a: Serperior
|-heal|p2a: Serperior|46/100|[silent]
|upkeep
|turn|39
|
|t:|1776076408
|-activate|p2a: Serperior|confusion
|move|p2a: Serperior|Leaf Storm|p1a: Camelia
|-resisted|p1a: Camelia
|-damage|p1a: Camelia|0 fnt
|faint|p1a: Camelia
|
|upkeep
|
|t:|1776076413
|switch|p1a: Tomillo|Salamence, M|100/100
|turn|40
|
|t:|1776076419
|-end|p2a: Serperior|confusion
|move|p2a: Serperior|Tera Blast|p1a: Tomillo
|-damage|p1a: Tomillo|10/100
|move|p1a: Tomillo|Dual Wingbeat|p2a: Serperior
|-supereffective|p2a: Serperior
|-end|p2a: Serperior|Substitute
|-supereffective|p2a: Serperior
|-damage|p2a: Serperior|0 fnt
|faint|p2a: Serperior
|-ability|p1a: Tomillo|Moxie|boost
|-boost|p1a: Tomillo|atk|1
|-hitcount|p2: Serperior|2
|
|upkeep
|
|t:|1776076432
|switch|p2a: Frosmoth|Frosmoth, M|100/100
|turn|41
|
|t:|1776076435
|move|p1a: Tomillo|Dual Wingbeat|p2a: Frosmoth
|-supereffective|p2a: Frosmoth
|-damage|p2a: Frosmoth|0 fnt
|faint|p2a: Frosmoth
|-ability|p1a: Tomillo|Moxie|boost
|-boost|p1a: Tomillo|atk|1
|-hitcount|p2: Frosmoth|1
|
|upkeep
|-message|Bosir 122 forfeited.
|
|win|huguit0
|raw|huguit0's rating: 1066 &rarr; <strong>1100</strong><br />(+34 for winning)
|raw|Bosir 122's rating: 1117 &rarr; <strong>1088</strong><br />(-29 for losing)
|l|☆Bosir 122
|player|p2|
