|html|<div class="broadcast-blue"><strong>[Gen 9] OU is currently suspecting Volcarona! For information on how to participate check out the <a href="https://www.smogon.com/tools/suspects/view/208">suspect thread</a>.</strong></div>
|j|☆Because Arcanine
|j|☆jtchad
|t:|1778501584
|gametype|singles
|player|p1|Because Arcanine|juggler|1237
|player|p2|jtchad|ethan|1142
|gen|9
|tier|[Gen 9] OU
|rated|
|rule|HP Percentage Mod: HP is shown in percentages
|rule|Endless Battle Clause: Forcing endless battles is banned
|rule|Species Clause: Limit one of each Pokémon
|rule|OHKO Clause: OHKO moves are banned
|rule|Evasion Items Clause: Evasion items are banned
|rule|Evasion Moves Clause: Evasion moves are banned
|rule|Evasion Abilities Clause: Evasion abilities are banned
|rule|Sleep Moves Clause: Sleep-inducing moves are banned
|clearpoke
|poke|p1|Tinkaton, F|
|poke|p1|Gliscor, M|
|poke|p1|Sinistcha-Masterpiece|
|poke|p1|Iron Valiant|
|poke|p1|Slowking-Galar, M|
|poke|p1|Hydreigon, M|
|poke|p2|Volcarona, F|
|poke|p2|Cinderace, M|
|poke|p2|Veluza, M|
|poke|p2|Alomomola, M|
|poke|p2|Goodra-Hisui, F|
|poke|p2|Grimmsnarl, M|
|teampreview
|inactive|Battle timer is ON: inactive players will automatically lose when time's up. (requested by jtchad)
|inactive|Because Arcanine also wants the timer to be on.
|
|t:|1778501600
|teamsize|p1|6
|teamsize|p2|6
|start
|switch|p1a: Hydreigon|Hydreigon, M, shiny|100/100
|switch|p2a: Cinderace|Cinderace, M|100/100
|turn|1
|inactive|Because Arcanine has 120 seconds left.
|
|t:|1778501635
|move|p1a: Hydreigon|U-turn|p2a: Cinderace
|-resisted|p2a: Cinderace
|-damage|p2a: Cinderace|90/100
|
|t:|1778501641
|switch|p1a: Tinkaton|Tinkaton, F, shiny|100/100|[from] U-turn
|-ability|p1a: Tinkaton|Mold Breaker
|move|p2a: Cinderace|U-turn|p1a: Tinkaton
|-start|p2a: Cinderace|typechange|Bug|[from] ability: Libero
|-resisted|p1a: Tinkaton
|-damage|p1a: Tinkaton|90/100
|
|t:|1778501658
|switch|p2a: Volcarona|Volcarona, F|100/100|[from] U-turn
|
|-heal|p1a: Tinkaton|96/100|[from] item: Leftovers
|upkeep
|turn|2
|
|t:|1778501667
|-terastallize|p1a: Tinkaton|Water
|move|p2a: Volcarona|Fiery Dance|p1a: Tinkaton
|-resisted|p1a: Tinkaton
|-damage|p1a: Tinkaton|78/100
|-boost|p2a: Volcarona|spa|1
|-damage|p2a: Volcarona|91/100|[from] item: Life Orb
|move|p1a: Tinkaton|Thunder Wave|p2a: Volcarona|[miss]
|-miss|p1a: Tinkaton|p2a: Volcarona
|
|-heal|p1a: Tinkaton|84/100|[from] item: Leftovers
|upkeep
|turn|3
|
|t:|1778501684
|-terastallize|p2a: Volcarona|Grass
|move|p2a: Volcarona|Giga Drain|p1a: Tinkaton
|-supereffective|p1a: Tinkaton
|-crit|p1a: Tinkaton
|-damage|p1a: Tinkaton|0 fnt
|-heal|p2a: Volcarona|100/100|[from] drain|[of] p1a: Tinkaton
|faint|p1a: Tinkaton
|-damage|p2a: Volcarona|91/100|[from] item: Life Orb
|
|upkeep
|inactive|Because Arcanine has 120 seconds left.
|
|t:|1778501695
|switch|p1a: Slowking|Slowking-Galar, M, shiny|100/100
|turn|4
|
|t:|1778501700
|switch|p2a: Goodra|Goodra-Hisui, F|100/100
|move|p1a: Slowking|Future Sight|p2a: Goodra
|-start|p1a: Slowking|move: Future Sight
|
|upkeep
|turn|5
|
|t:|1778501712
|move|p2a: Goodra|Ice Beam|p1a: Slowking
|-damage|p1a: Slowking|83/100
|-prepare|p1a: Slowking|Chilly Reception|[premajor]
|move|p1a: Slowking|Chilly Reception|p1a: Slowking
|-weather|Snowscape
|
|t:|1778501717
|switch|p1a: Iron Valiant|Iron Valiant, shiny|100/100|[from] Chilly Reception
|
|-weather|Snowscape|[upkeep]
|upkeep
|turn|6
|
|t:|1778501724
|switch|p2a: Alomomola|Alomomola, M|100/100
|move|p1a: Iron Valiant|Knock Off|p2a: Alomomola
|-damage|p2a: Alomomola|86/100
|-damage|p1a: Iron Valiant|84/100|[from] item: Rocky Helmet|[of] p2a: Alomomola
|-enditem|p2a: Alomomola|Rocky Helmet|[from] move: Knock Off|[of] p1a: Iron Valiant
|
|-weather|Snowscape|[upkeep]
|-end|p2a: Alomomola|move: Future Sight
|-damage|p2a: Alomomola|34/100
|upkeep
|turn|7
|
|t:|1778501737
|switch|p2a: Grimmsnarl|Grimmsnarl, M|100/100
|move|p1a: Iron Valiant|Moonblast|p2a: Grimmsnarl
|-supereffective|p2a: Grimmsnarl
|-damage|p2a: Grimmsnarl|0 fnt
|faint|p2a: Grimmsnarl
|
|-weather|Snowscape|[upkeep]
|upkeep
|
|t:|1778501749
|switch|p2a: Veluza|Veluza, M|100/100
|-ability|p2a: Veluza|Mold Breaker
|turn|8
|
|t:|1778501754
|move|p1a: Iron Valiant|Thunderbolt|p2a: Veluza
|-supereffective|p2a: Veluza
|-damage|p2a: Veluza|13/100
|-enditem|p2a: Veluza|Sitrus Berry|[eat]
|-heal|p2a: Veluza|38/100|[from] item: Sitrus Berry
|move|p2a: Veluza|Fillet Away||[still]
|-fail|p2a: Veluza
|
|-weather|Snowscape|[upkeep]
|upkeep
|turn|9
|inactive|jtchad has 120 seconds left.
|
|t:|1778501811
|switch|p2a: Alomomola|Alomomola, M|68/100
|move|p1a: Iron Valiant|Knock Off|p2a: Alomomola
|-damage|p2a: Alomomola|56/100
|
|-weather|none
|upkeep
|turn|10
|
|t:|1778501820
|move|p1a: Iron Valiant|Thunderbolt|p2a: Alomomola
|-supereffective|p2a: Alomomola
|-damage|p2a: Alomomola|0 fnt
|faint|p2a: Alomomola
|
|upkeep
|
|t:|1778501828
|switch|p2a: Volcarona|Volcarona, F, tera:Grass|91/100
|turn|11
|
|t:|1778501842
|move|p1a: Iron Valiant|Knock Off|p2a: Volcarona
|-damage|p2a: Volcarona|45/100
|-enditem|p2a: Volcarona|Life Orb|[from] move: Knock Off|[of] p1a: Iron Valiant
|move|p2a: Volcarona|Quiver Dance|p2a: Volcarona
|-boost|p2a: Volcarona|spa|1
|-boost|p2a: Volcarona|spd|1
|-boost|p2a: Volcarona|spe|1
|
|upkeep
|turn|12
|
|t:|1778501870
|-end|p1a: Iron Valiant|Quark Drive|[silent]
|switch|p1a: Slowking|Slowking-Galar, M, shiny|100/100
|move|p2a: Volcarona|Giga Drain|p1a: Slowking
|-resisted|p1a: Slowking
|-damage|p1a: Slowking|81/100
|-heal|p2a: Volcarona|58/100|[from] drain|[of] p1a: Slowking
|
|upkeep
|turn|13
|
|t:|1778501879
|move|p2a: Volcarona|Hyper Beam|p1a: Slowking
|-damage|p1a: Slowking|32/100
|-mustrecharge|p2a: Volcarona
|-prepare|p1a: Slowking|Chilly Reception|[premajor]
|move|p1a: Slowking|Chilly Reception|p1a: Slowking
|-weather|Snowscape
|
|t:|1778501894
|switch|p1a: Sinistcha|Sinistcha-Masterpiece, shiny|100/100|[from] Chilly Reception
|
|-weather|Snowscape|[upkeep]
|upkeep
|turn|14
|
|t:|1778501900
|cant|p2a: Volcarona|recharge
|move|p1a: Sinistcha|Calm Mind|p1a: Sinistcha
|-boost|p1a: Sinistcha|spa|1
|-boost|p1a: Sinistcha|spd|1
|
|-weather|Snowscape|[upkeep]
|upkeep
|turn|15
|
|t:|1778501908
|move|p2a: Volcarona|Fiery Dance|p1a: Sinistcha
|-supereffective|p1a: Sinistcha
|-damage|p1a: Sinistcha|45/100
|-boost|p2a: Volcarona|spa|1
|move|p1a: Sinistcha|Calm Mind|p1a: Sinistcha
|-boost|p1a: Sinistcha|spa|1
|-boost|p1a: Sinistcha|spd|1
|
|-weather|Snowscape|[upkeep]
|upkeep
|turn|16
|inactive|jtchad has 120 seconds left.
|
|t:|1778501918
|switch|p1a: Slowking|Slowking-Galar, M, shiny|65/100
|move|p2a: Volcarona|Fiery Dance|p1a: Slowking
|-damage|p1a: Slowking|7/100
|-boost|p2a: Volcarona|spa|1
|
|-weather|Snowscape|[upkeep]
|upkeep
|turn|17
|inactive|jtchad has 120 seconds left.
|
|t:|1778501931
|move|p2a: Volcarona|Fiery Dance|p1a: Slowking
|-damage|p1a: Slowking|0 fnt
|-boost|p2a: Volcarona|spa|1
|faint|p1a: Slowking
|
|-weather|none
|upkeep
|inactive|Because Arcanine has 120 seconds left.
|
|t:|1778501965
|switch|p1a: Hydreigon|Hydreigon, M, shiny|100/100
|turn|18
|
|t:|1778501978
|move|p2a: Volcarona|Giga Drain|p1a: Hydreigon
|-resisted|p1a: Hydreigon
|-damage|p1a: Hydreigon|26/100
|-heal|p2a: Volcarona|99/100|[from] drain|[of] p1a: Hydreigon
|move|p1a: Hydreigon|U-turn|p2a: Volcarona
|-supereffective|p2a: Volcarona
|-damage|p2a: Volcarona|48/100
|inactive|Because Arcanine has 120 seconds left.
|
|t:|1778501993
|switch|p1a: Gliscor|Gliscor, M, shiny|100/100|[from] U-turn
|
|-status|p1a: Gliscor|tox|[from] item: Toxic Orb
|upkeep
|turn|19
|
|t:|1778502000
|move|p2a: Volcarona|Fiery Dance|p1a: Gliscor
|-damage|p1a: Gliscor|0 fnt
|faint|p1a: Gliscor
|
|upkeep
|inactive|Because Arcanine has 120 seconds left.
|
|t:|1778502022
|switch|p1a: Hydreigon|Hydreigon, M, shiny|26/100
|turn|20
|-message|Because Arcanine forfeited.
|
|win|jtchad
|raw|Because Arcanine's rating: 1237 &rarr; <strong>1205</strong><br />(-32 for losing)
|raw|jtchad's rating: 1142 &rarr; <strong>1174</strong><br />(+32 for winning)
|l|☆Because Arcanine
|player|p1|
|l|☆jtchad
|player|p2|
