|j|☆luyiii
|j|☆quixic4
|t:|1758261301
|gametype|singles
|player|p1|luyiii|1|1113
|player|p2|quixic4|ingo|1119
|gen|9
|tier|[Gen 9] OU
|rated|
|rule|HP Percentage Mod: HP is shown in percentages
|rule|Endless Battle Clause: Forcing endless battles is banned
|rule|Species Clause: Limit one of each Pokémon
|rule|OHKO Clause: OHKO moves are banned
|rule|Evasion Items Clause: Evasion items are banned
|rule|Evasion Moves Clause: Evasion moves are banned
|rule|Evasion Abilities Clause: Evasion abilities are banned
|rule|Sleep Moves Clause: Sleep-inducing moves are banned
|clearpoke
|poke|p1|Samurott-Hisui, F|
|poke|p1|Gholdengo|
|poke|p1|Moltres|
|poke|p1|Serperior, M|
|poke|p1|Iron Treads|
|poke|p1|Dragapult, F|
|poke|p2|Polteageist|
|poke|p2|Sinistcha|
|poke|p2|Appletun, F|
|poke|p2|Hydrapple, F|
|poke|p2|Abomasnow, F|
|poke|p2|Comfey, F|
|teampreview
|
|t:|1758261304
|teamsize|p1|6
|teamsize|p2|6
|start
|switch|p1a: Samurott|Samurott-Hisui, F, shiny|100/100
|switch|p2a: Polteageist|Polteageist|100/100
|turn|1
|
|t:|1758261323
|move|p2a: Polteageist|Shell Smash|p2a: Polteageist
|-unboost|p2a: Polteageist|def|1
|-unboost|p2a: Polteageist|spd|1
|-boost|p2a: Polteageist|atk|2
|-boost|p2a: Polteageist|spa|2
|-boost|p2a: Polteageist|spe|2
|move|p1a: Samurott|Ceaseless Edge|p2a: Polteageist
|-supereffective|p2a: Polteageist
|-enditem|p2a: Polteageist|Focus Sash
|-damage|p2a: Polteageist|1/100
|-ability|p2a: Polteageist|Weak Armor|boost
|-unboost|p2a: Polteageist|def|1
|-boost|p2a: Polteageist|spe|2
|-sidestart|p2: quixic4|Spikes
|
|upkeep
|turn|2
|
|t:|1758261363
|move|p2a: Polteageist|Giga Drain|p1a: Samurott
|-supereffective|p1a: Samurott
|-damage|p1a: Samurott|0 fnt
|-heal|p2a: Polteageist|72/100|[from] drain|[of] p1a: Samurott
|faint|p1a: Samurott
|
|upkeep
|
|t:|1758261465
|switch|p1a: Dragapult|Dragapult, F, shiny|100/100
|turn|3
|
|t:|1758261480
|switch|p2a: Abomasnow|Abomasnow, F|100/100
|-damage|p2a: Abomasnow|88/100|[from] Spikes
|-weather|Snowscape|[from] ability: Snow Warning|[of] p2a: Abomasnow
|move|p1a: Dragapult|Dragon Darts|p2a: Abomasnow
|-damage|p2a: Abomasnow|59/100
|-anim|p1a: Dragapult|Dragon Darts|p2a: Abomasnow
|-damage|p2a: Abomasnow|25/100
|
|-weather|Snowscape|[upkeep]
|upkeep
|turn|4
|
|t:|1758261498
|move|p2a: Abomasnow|Ice Shard|p1a: Dragapult
|-supereffective|p1a: Dragapult
|-damage|p1a: Dragapult|53/100
|move|p1a: Dragapult|Dragon Darts|p2a: Abomasnow
|-damage|p2a: Abomasnow|0 fnt
|faint|p2a: Abomasnow
|
|-weather|Snowscape|[upkeep]
|upkeep
|
|t:|1758261510
|switch|p2a: Comfey|Comfey, F|100/100
|-damage|p2a: Comfey|88/100|[from] Spikes
|turn|5
|
|t:|1758261522
|switch|p1a: Gholdengo|Gholdengo, shiny|100/100
|-item|p1a: Gholdengo|Air Balloon
|move|p2a: Comfey|Calm Mind|p2a: Comfey
|-boost|p2a: Comfey|spa|1
|-boost|p2a: Comfey|spd|1
|
|-weather|Snowscape|[upkeep]
|upkeep
|turn|6
|
|t:|1758261543
|move|p2a: Comfey|Calm Mind|p2a: Comfey
|-boost|p2a: Comfey|spa|1
|-boost|p2a: Comfey|spd|1
|move|p1a: Gholdengo|Make It Rain|p2a: Comfey
|-supereffective|p2a: Comfey
|-damage|p2a: Comfey|31/100
|-unboost|p1a: Gholdengo|spa|1
|
|-weather|Snowscape|[upkeep]
|upkeep
|turn|7
|
|t:|1758261557
|-terastallize|p2a: Comfey|Grass
|move|p2a: Comfey|Giga Drain|p1a: Gholdengo
|-resisted|p1a: Gholdengo
|-damage|p1a: Gholdengo|71/100
|-heal|p2a: Comfey|54/100|[from] drain|[of] p1a: Gholdengo
|-enditem|p1a: Gholdengo|Air Balloon
|move|p1a: Gholdengo|Make It Rain|p2a: Comfey
|-damage|p2a: Comfey|36/100
|-unboost|p1a: Gholdengo|spa|1
|
|-weather|none
|upkeep
|turn|8
|
|t:|1758261574
|switch|p1a: Moltres|Moltres, shiny|100/100
|move|p2a: Comfey|Calm Mind|p2a: Comfey
|-boost|p2a: Comfey|spa|1
|-boost|p2a: Comfey|spd|1
|
|upkeep
|turn|9
|
|t:|1758261611
|move|p2a: Comfey|Draining Kiss|p1a: Moltres
|-resisted|p1a: Moltres
|-damage|p1a: Moltres|74/100
|-heal|p2a: Comfey|69/100|[from] drain|[of] p1a: Moltres
|move|p1a: Moltres|Flamethrower|p2a: Comfey
|-supereffective|p2a: Comfey
|-damage|p2a: Comfey|33/100
|
|upkeep
|turn|10
|
|t:|1758261621
|move|p2a: Comfey|Stored Power|p1a: Moltres
|-crit|p1a: Moltres
|-damage|p1a: Moltres|0 fnt
|faint|p1a: Moltres
|
|upkeep
|
|t:|1758261632
|switch|p1a: Serperior|Serperior, M, shiny|100/100
|turn|11
|
|t:|1758261665
|move|p2a: Comfey|Draining Kiss|p1a: Serperior
|-damage|p1a: Serperior|40/100
|-heal|p2a: Comfey|95/100|[from] drain|[of] p1a: Serperior
|move|p1a: Serperior|Leaf Storm|p2a: Comfey
|-resisted|p2a: Comfey
|-damage|p2a: Comfey|85/100
|-boost|p1a: Serperior|spa|2
|
|-heal|p1a: Serperior|47/100|[from] item: Leftovers
|upkeep
|turn|12
|-message|luyiii forfeited.
|
|win|quixic4
|raw|luyiii's rating: 1113 &rarr; <strong>1088</strong><br />(-25 for losing)
|raw|quixic4's rating: 1119 &rarr; <strong>1144</strong><br />(+25 for winning)
|l|☆luyiii
|player|p1|
|l|☆quixic4
|player|p2|
