|j|☆The Blue Doggo
|j|☆o monstro01
|t:|1758276291
|gametype|singles
|player|p1|The Blue Doggo|crasherwake|1581
|player|p2|o monstro01|clay|1528
|gen|9
|tier|[Gen 9] OU
|rated|
|rule|HP Percentage Mod: HP is shown in percentages
|rule|Endless Battle Clause: Forcing endless battles is banned
|rule|Species Clause: Limit one of each Pokémon
|rule|OHKO Clause: OHKO moves are banned
|rule|Evasion Items Clause: Evasion items are banned
|rule|Evasion Moves Clause: Evasion moves are banned
|rule|Evasion Abilities Clause: Evasion abilities are banned
|rule|Sleep Moves Clause: Sleep-inducing moves are banned
|clearpoke
|poke|p1|Indeedee, M|
|poke|p1|Hatterene, F|
|poke|p1|Ursaluna, F|
|poke|p1|Iron Hands|
|poke|p1|Hoopa-Unbound|
|poke|p1|Mimikyu, F|
|poke|p2|Dragonite, F|
|poke|p2|Great Tusk|
|poke|p2|Iron Moth|
|poke|p2|Ogerpon-Wellspring, F|
|poke|p2|Iron Valiant|
|poke|p2|Scizor, F|
|teampreview
|j| Arcticfeline
|l| Arcticfeline
|inactive|Battle timer is ON: inactive players will automatically lose when time's up. (requested by The Blue Doggo)
|
|t:|1758276304
|teamsize|p1|6
|teamsize|p2|6
|start
|switch|p1a: LEBRON|Iron Hands, shiny|100/100
|switch|p2a: Ogerpon|Ogerpon-Wellspring, F|100/100
|-enditem|p1a: LEBRON|Booster Energy
|-activate|p1a: LEBRON|ability: Quark Drive|[fromitem]
|-start|p1a: LEBRON|quarkdriveatk
|turn|1
|
|t:|1758276313
|move|p2a: Ogerpon|U-turn|p1a: LEBRON
|-resisted|p1a: LEBRON
|-damage|p1a: LEBRON|91/100
|
|t:|1758276316
|switch|p2a: Great Tusk|Great Tusk|100/100|[from] U-turn
|move|p1a: LEBRON|Close Combat|p2a: Great Tusk
|-damage|p2a: Great Tusk|60/100
|-unboost|p1a: LEBRON|def|1
|-unboost|p1a: LEBRON|spd|1
|-damage|p1a: LEBRON|74/100|[from] item: Rocky Helmet|[of] p2a: Great Tusk
|
|upkeep
|turn|2
|
|t:|1758276328
|move|p2a: Great Tusk|Headlong Rush|p1a: LEBRON
|-supereffective|p1a: LEBRON
|-damage|p1a: LEBRON|0 fnt
|-unboost|p2a: Great Tusk|def|1
|-unboost|p2a: Great Tusk|spd|1
|faint|p1a: LEBRON
|-end|p1a: LEBRON|Quark Drive|[silent]
|
|upkeep
|
|t:|1758276332
|switch|p1a: Subaru|Indeedee, M, shiny|100/100
|-fieldstart|move: Psychic Terrain|[from] ability: Psychic Surge|[of] p1a: Subaru
|turn|3
|
|t:|1758276342
|-end|p2a: Great Tusk|Protosynthesis|[silent]
|switch|p2a: Scizor|Scizor, F|100/100
|move|p1a: Subaru|Trick Room|p1a: Subaru
|-fieldstart|move: Trick Room|[of] p1a: Subaru
|
|upkeep
|turn|4
|
|t:|1758276352
|switch|p1a: Satella|Hatterene, F, shiny|100/100
|move|p2a: Scizor|Knock Off|p1a: Satella
|-damage|p1a: Satella|62/100
|-enditem|p1a: Satella|Life Orb|[from] move: Knock Off|[of] p2a: Scizor
|
|upkeep
|turn|5
|
|t:|1758276363
|switch|p2a: Iron Moth|Iron Moth|100/100
|-enditem|p2a: Iron Moth|Booster Energy
|-activate|p2a: Iron Moth|ability: Quark Drive|[fromitem]
|-start|p2a: Iron Moth|quarkdrivespe
|move|p1a: Satella|Expanding Force|p2a: Iron Moth
|-supereffective|p2a: Iron Moth
|-damage|p2a: Iron Moth|0 fnt
|faint|p2a: Iron Moth
|-end|p2a: Iron Moth|Quark Drive|[silent]
|
|upkeep
|
|t:|1758276383
|switch|p2a: Ogerpon|Ogerpon-Wellspring, F|100/100
|turn|6
|
|t:|1758276387
|-terastallize|p2a: Ogerpon|Water
|detailschange|p2a: Ogerpon|Ogerpon-Wellspring-Tera, F, tera:Water
|-ability|p2a: Ogerpon|Embody Aspect (Wellspring)|boost
|-boost|p2a: Ogerpon|spd|1
|move|p1a: Satella|Expanding Force|p2a: Ogerpon
|-damage|p2a: Ogerpon|33/100
|move|p2a: Ogerpon|Ivy Cudgel|p1a: Satella|[anim] Ivy Cudgel Water
|-damage|p1a: Satella|0 fnt
|faint|p1a: Satella
|
|upkeep
|
|t:|1758276399
|switch|p1a: King Von|Hoopa-Unbound|100/100
|-enditem|p1a: King Von|Psychic Seed
|-boost|p1a: King Von|spd|1|[from] item: Psychic Seed
|turn|7
|
|t:|1758276408
|switch|p2a: Scizor|Scizor, F|100/100
|move|p1a: King Von|Expanding Force|p2a: Scizor
|-resisted|p2a: Scizor
|-damage|p2a: Scizor|27/100
|-item|p1a: King Von|Heavy-Duty Boots|[from] ability: Magician|[of] p2a: Scizor
|
|-fieldend|move: Trick Room
|upkeep
|turn|8
|
|t:|1758276418
|switch|p1a: Mimi|Mimikyu, F, shiny|100/100
|move|p2a: Scizor|Knock Off|p1a: Mimi
|-activate|p1a: Mimi|ability: Disguise
|-damage|p1a: Mimi|100/100
|-enditem|p1a: Mimi|Red Card|[from] move: Knock Off|[of] p2a: Scizor
|detailschange|p1a: Mimi|Mimikyu-Busted, F, shiny
|-damage|p1a: Mimi|88/100|[from] pokemon: Mimikyu-Busted
|
|upkeep
|turn|9
|
|t:|1758276431
|move|p2a: Scizor|Knock Off|p1a: Mimi
|-damage|p1a: Mimi|65/100
|move|p1a: Mimi|Trick Room|p1a: Mimi
|-fieldstart|move: Trick Room|[of] p1a: Mimi
|
|upkeep
|turn|10
|
|t:|1758276439
|switch|p2a: Great Tusk|Great Tusk|60/100
|move|p1a: Mimi|Curse|p2a: Great Tusk
|-start|p2a: Great Tusk|Curse|[of] p1a: Mimi
|-damage|p1a: Mimi|15/100
|
|-damage|p2a: Great Tusk|35/100|[from] Curse
|-fieldend|move: Psychic Terrain
|upkeep
|turn|11
|
|t:|1758276449
|move|p2a: Great Tusk|Stealth Rock|p1a: Mimi
|-sidestart|p1: The Blue Doggo|move: Stealth Rock
|move|p1a: Mimi|Destiny Bond|p1a: Mimi
|-singlemove|p1a: Mimi|Destiny Bond
|
|-damage|p2a: Great Tusk|10/100|[from] Curse
|upkeep
|turn|12
|
|t:|1758276457
|move|p2a: Great Tusk|Ice Spinner|p1a: Mimi
|-damage|p1a: Mimi|0 fnt
|faint|p1a: Mimi
|-activate|p1a: Mimi|move: Destiny Bond
|faint|p2a: Great Tusk
|-end|p2a: Great Tusk|Protosynthesis|[silent]
|
|upkeep
|
|t:|1758276478
|switch|p2a: Iron Valiant|Iron Valiant|100/100
|switch|p1a: King Von|Hoopa-Unbound|100/100
|-enditem|p2a: Iron Valiant|Booster Energy
|-activate|p2a: Iron Valiant|ability: Quark Drive|[fromitem]
|-start|p2a: Iron Valiant|quarkdrivespe
|turn|13
|
|t:|1758276491
|move|p1a: King Von|Expanding Force|p2a: Iron Valiant
|-supereffective|p2a: Iron Valiant
|-damage|p2a: Iron Valiant|0 fnt
|faint|p2a: Iron Valiant
|-end|p2a: Iron Valiant|Quark Drive|[silent]
|
|-fieldend|move: Trick Room
|upkeep
|
|t:|1758276498
|switch|p2a: Scizor|Scizor, F|27/100
|turn|14
|
|t:|1758276501
|move|p2a: Scizor|Knock Off|p1a: King Von
|-damage|p1a: King Von|60/100
|-enditem|p1a: King Von|Heavy-Duty Boots|[from] move: Knock Off|[of] p2a: Scizor
|move|p1a: King Von|Hyperspace Fury|p2a: Scizor
|-damage|p2a: Scizor|0 fnt
|-unboost|p1a: King Von|def|1
|faint|p2a: Scizor
|
|upkeep
|
|t:|1758276513
|switch|p2a: Ogerpon|Ogerpon-Wellspring-Tera, F, tera:Water|33/100
|-ability|p2a: Ogerpon|Embody Aspect (Wellspring)|boost
|-boost|p2a: Ogerpon|spd|1
|turn|15
|
|t:|1758276518
|move|p2a: Ogerpon|Horn Leech|p1a: King Von
|-damage|p1a: King Von|0 fnt
|-heal|p2a: Ogerpon|69/100|[from] drain|[of] p1a: King Von
|faint|p1a: King Von
|
|upkeep
|
|t:|1758276520
|switch|p1a: Subaru|Indeedee, M, shiny|100/100
|-damage|p1a: Subaru|88/100|[from] Stealth Rock
|-fieldstart|move: Psychic Terrain|[from] ability: Psychic Surge|[of] p1a: Subaru
|turn|16
|
|t:|1758276529
|move|p2a: Ogerpon|Ivy Cudgel|p1a: Subaru|[anim] Ivy Cudgel Water
|-crit|p1a: Subaru
|-damage|p1a: Subaru|0 fnt
|faint|p1a: Subaru
|
|upkeep
|
|t:|1758276531
|switch|p1a: Crashout YN|Ursaluna, F, shiny|100/100
|-damage|p1a: Crashout YN|94/100|[from] Stealth Rock
|turn|17
|
|t:|1758276537
|-terastallize|p1a: Crashout YN|Normal
|move|p2a: Ogerpon|Ivy Cudgel|p1a: Crashout YN|[anim] Ivy Cudgel Water
|-damage|p1a: Crashout YN|41/100
|move|p1a: Crashout YN|Facade|p2a: Ogerpon
|-damage|p2a: Ogerpon|0 fnt
|faint|p2a: Ogerpon
|detailschange|p2: Ogerpon|Ogerpon-Wellspring, F|[silent]
|
|-status|p1a: Crashout YN|brn|[from] item: Flame Orb
|upkeep
|
|t:|1758276550
|switch|p2a: Dragonite|Dragonite, F|100/100
|turn|18
|
|t:|1758276557
|move|p2a: Dragonite|Earthquake|p1a: Crashout YN
|-damage|p1a: Crashout YN|17/100 brn
|move|p1a: Crashout YN|Ice Punch|p2a: Dragonite
|-supereffective|p2a: Dragonite
|-damage|p2a: Dragonite|2/100
|
|-damage|p1a: Crashout YN|11/100 brn|[from] brn
|upkeep
|turn|19
|
|t:|1758276566
|move|p2a: Dragonite|Earthquake|p1a: Crashout YN
|-damage|p1a: Crashout YN|0 fnt
|faint|p1a: Crashout YN
|
|win|o monstro01
|raw|The Blue Doggo's rating: 1581 &rarr; <strong>1558</strong><br />(-23 for losing)
|raw|o monstro01's rating: 1528 &rarr; <strong>1551</strong><br />(+23 for winning)
|l|☆The Blue Doggo
|player|p1|
|l|☆o monstro01
|player|p2|
