|j|☆norca152
|j|☆isaac_gam3r
|t:|1758283874
|gametype|singles
|player|p1|norca152|drayden|1577
|player|p2|isaac_gam3r|acetrainer-gen4dp|1620
|gen|9
|tier|[Gen 9] OU
|rated|
|rule|HP Percentage Mod: HP is shown in percentages
|rule|Endless Battle Clause: Forcing endless battles is banned
|rule|Species Clause: Limit one of each Pokémon
|rule|OHKO Clause: OHKO moves are banned
|rule|Evasion Items Clause: Evasion items are banned
|rule|Evasion Moves Clause: Evasion moves are banned
|rule|Evasion Abilities Clause: Evasion abilities are banned
|rule|Sleep Moves Clause: Sleep-inducing moves are banned
|clearpoke
|poke|p1|Dragonite, M|
|poke|p1|Scizor, M|
|poke|p1|Suicune|
|poke|p1|Sableye, M|
|poke|p1|Serperior, F|
|poke|p1|Ceruledge, F|
|poke|p2|Garchomp, M|
|poke|p2|Raging Bolt|
|poke|p2|Primarina, M|
|poke|p2|Heatran, F|
|poke|p2|Weezing-Galar, M|
|poke|p2|Weavile, F|
|teampreview
|inactive|Battle timer is ON: inactive players will automatically lose when time's up. (requested by norca152)
|
|t:|1758283892
|teamsize|p1|6
|teamsize|p2|6
|start
|switch|p1a: Serperior|Serperior, F|100/100
|switch|p2a: Primarina|Primarina, M|100/100
|turn|1
|
|t:|1758283902
|switch|p2a: Heatran|Heatran, F|100/100
|move|p1a: Serperior|Leaf Storm|p2a: Heatran
|-resisted|p2a: Heatran
|-damage|p2a: Heatran|95/100
|-boost|p1a: Serperior|spa|2
|
|upkeep
|turn|2
|
|t:|1758283907
|move|p1a: Serperior|Glare|p2a: Heatran
|-status|p2a: Heatran|par
|move|p2a: Heatran|Lava Plume|p1a: Serperior
|-supereffective|p1a: Serperior
|-damage|p1a: Serperior|0 fnt
|faint|p1a: Serperior
|
|upkeep
|j| amefurikoneko
|inactive|norca152 has 120 seconds left.
|l| amefurikoneko
|
|t:|1758283944
|switch|p1a: Suicune|Suicune|100/100
|-ability|p1a: Suicune|Pressure
|turn|3
|
|t:|1758283948
|switch|p2a: Primarina|Primarina, M|100/100
|move|p1a: Suicune|Calm Mind|p1a: Suicune
|-boost|p1a: Suicune|spa|1
|-boost|p1a: Suicune|spd|1
|
|upkeep
|turn|4
|
|t:|1758283954
|move|p1a: Suicune|Calm Mind|p1a: Suicune
|-boost|p1a: Suicune|spa|1
|-boost|p1a: Suicune|spd|1
|move|p2a: Primarina|Calm Mind|p2a: Primarina
|-boost|p2a: Primarina|spa|1
|-boost|p2a: Primarina|spd|1
|
|upkeep
|turn|5
|
|t:|1758283958
|move|p1a: Suicune|Scald|p2a: Primarina
|-resisted|p2a: Primarina
|-damage|p2a: Primarina|88/100
|move|p2a: Primarina|Calm Mind|p2a: Primarina
|-boost|p2a: Primarina|spa|1
|-boost|p2a: Primarina|spd|1
|
|-heal|p2a: Primarina|94/100|[from] item: Leftovers
|upkeep
|turn|6
|
|t:|1758283962
|move|p1a: Suicune|Scald|p2a: Primarina
|-resisted|p2a: Primarina
|-damage|p2a: Primarina|84/100
|move|p2a: Primarina|Draining Kiss|p1a: Suicune
|-damage|p1a: Suicune|78/100
|-heal|p2a: Primarina|100/100|[from] drain|[of] p1a: Suicune
|
|-heal|p1a: Suicune|84/100|[from] item: Leftovers
|upkeep
|turn|7
|
|t:|1758283968
|move|p1a: Suicune|Scald|p2a: Primarina
|-resisted|p2a: Primarina
|-damage|p2a: Primarina|90/100
|move|p2a: Primarina|Draining Kiss|p1a: Suicune
|-damage|p1a: Suicune|63/100
|-heal|p2a: Primarina|100/100|[from] drain|[of] p1a: Suicune
|
|-heal|p1a: Suicune|70/100|[from] item: Leftovers
|upkeep
|turn|8
|
|t:|1758283973
|move|p1a: Suicune|Calm Mind|p1a: Suicune
|-boost|p1a: Suicune|spa|1
|-boost|p1a: Suicune|spd|1
|move|p2a: Primarina|Calm Mind|p2a: Primarina
|-boost|p2a: Primarina|spa|1
|-boost|p2a: Primarina|spd|1
|
|-heal|p1a: Suicune|76/100|[from] item: Leftovers
|upkeep
|turn|9
|
|t:|1758283976
|move|p1a: Suicune|Calm Mind|p1a: Suicune
|-boost|p1a: Suicune|spa|1
|-boost|p1a: Suicune|spd|1
|move|p2a: Primarina|Calm Mind|p2a: Primarina
|-boost|p2a: Primarina|spa|1
|-boost|p2a: Primarina|spd|1
|
|-heal|p1a: Suicune|82/100|[from] item: Leftovers
|upkeep
|turn|10
|
|t:|1758283982
|move|p1a: Suicune|Calm Mind|p1a: Suicune
|-boost|p1a: Suicune|spa|1
|-boost|p1a: Suicune|spd|1
|move|p2a: Primarina|Calm Mind|p2a: Primarina
|-boost|p2a: Primarina|spa|1
|-boost|p2a: Primarina|spd|1
|
|-heal|p1a: Suicune|88/100|[from] item: Leftovers
|upkeep
|turn|11
|
|t:|1758283984
|move|p1a: Suicune|Calm Mind|p1a: Suicune
|-boost|p1a: Suicune|spa|1
|-boost|p1a: Suicune|spd|1
|move|p2a: Primarina|Draining Kiss|p1a: Suicune
|-damage|p1a: Suicune|70/100
|
|-heal|p1a: Suicune|76/100|[from] item: Leftovers
|upkeep
|turn|12
|
|t:|1758283986
|move|p1a: Suicune|Scald|p2a: Primarina
|-resisted|p2a: Primarina
|-damage|p2a: Primarina|90/100
|-status|p2a: Primarina|brn
|move|p2a: Primarina|Hyper Voice|p1a: Suicune
|-resisted|p1a: Suicune
|-damage|p1a: Suicune|59/100
|
|-heal|p1a: Suicune|65/100|[from] item: Leftovers
|-heal|p2a: Primarina|96/100 brn|[from] item: Leftovers
|-damage|p2a: Primarina|90/100 brn|[from] brn
|upkeep
|turn|13
|
|t:|1758284002
|move|p1a: Suicune|Scald|p2a: Primarina
|-resisted|p2a: Primarina
|-damage|p2a: Primarina|78/100 brn
|move|p2a: Primarina|Hyper Voice|p1a: Suicune
|-resisted|p1a: Suicune
|-damage|p1a: Suicune|49/100
|
|-heal|p1a: Suicune|55/100|[from] item: Leftovers
|-heal|p2a: Primarina|84/100 brn|[from] item: Leftovers
|-damage|p2a: Primarina|78/100 brn|[from] brn
|upkeep
|turn|14
|
|t:|1758284015
|move|p1a: Suicune|Scald|p2a: Primarina
|-resisted|p2a: Primarina
|-damage|p2a: Primarina|66/100 brn
|move|p2a: Primarina|Draining Kiss|p1a: Suicune
|-damage|p1a: Suicune|38/100
|-heal|p2a: Primarina|80/100 brn|[from] drain|[of] p1a: Suicune
|
|-heal|p1a: Suicune|44/100|[from] item: Leftovers
|-heal|p2a: Primarina|86/100 brn|[from] item: Leftovers
|-damage|p2a: Primarina|80/100 brn|[from] brn
|upkeep
|turn|15
|inactive|norca152 has 120 seconds left.
|
|t:|1758284041
|move|p1a: Suicune|Scald|p2a: Primarina
|-resisted|p2a: Primarina
|-damage|p2a: Primarina|69/100 brn
|move|p2a: Primarina|Hyper Voice|p1a: Suicune
|-resisted|p1a: Suicune
|-crit|p1a: Suicune
|-damage|p1a: Suicune|0 fnt
|faint|p1a: Suicune
|
|-heal|p2a: Primarina|75/100 brn|[from] item: Leftovers
|-damage|p2a: Primarina|69/100 brn|[from] brn
|upkeep
|inactive|norca152 has 120 seconds left.
|
|t:|1758284057
|switch|p1a: Scizor|Scizor, M|100/100
|turn|16
|
|t:|1758284059
|-terastallize|p1a: Scizor|Steel
|move|p1a: Scizor|Bullet Punch|p2a: Primarina
|-damage|p2a: Primarina|0 fnt
|faint|p2a: Primarina
|
|upkeep
|
|t:|1758284063
|switch|p2a: Heatran|Heatran, F|95/100 par
|turn|17
|
|t:|1758284067
|switch|p1a: Sableye|Sableye, M|100/100
|move|p2a: Heatran|Lava Plume|p1a: Sableye
|-damage|p1a: Sableye|53/100
|-status|p1a: Sableye|brn
|
|-heal|p1a: Sableye|59/100 brn|[from] item: Leftovers
|-damage|p1a: Sableye|53/100 brn|[from] brn
|upkeep
|turn|18
|
|t:|1758284074
|switch|p2a: Raging Bolt|Raging Bolt|100/100
|move|p1a: Sableye|Knock Off|p2a: Raging Bolt
|-damage|p2a: Raging Bolt|90/100
|-enditem|p2a: Raging Bolt|Leftovers|[from] move: Knock Off|[of] p1a: Sableye
|
|-heal|p1a: Sableye|59/100 brn|[from] item: Leftovers
|-damage|p1a: Sableye|53/100 brn|[from] brn
|upkeep
|turn|19
|
|t:|1758284083
|move|p1a: Sableye|Will-O-Wisp|p2a: Raging Bolt
|-status|p2a: Raging Bolt|brn
|move|p2a: Raging Bolt|Calm Mind|p2a: Raging Bolt
|-boost|p2a: Raging Bolt|spa|1
|-boost|p2a: Raging Bolt|spd|1
|
|-heal|p1a: Sableye|59/100 brn|[from] item: Leftovers
|-damage|p2a: Raging Bolt|84/100 brn|[from] brn
|-damage|p1a: Sableye|53/100 brn|[from] brn
|upkeep
|turn|20
|
|t:|1758284090
|move|p1a: Sableye|Encore|p2a: Raging Bolt
|-start|p2a: Raging Bolt|Encore
|move|p2a: Raging Bolt|Calm Mind|p2a: Raging Bolt
|-boost|p2a: Raging Bolt|spa|1
|-boost|p2a: Raging Bolt|spd|1
|
|-heal|p1a: Sableye|59/100 brn|[from] item: Leftovers
|-damage|p2a: Raging Bolt|78/100 brn|[from] brn
|-damage|p1a: Sableye|53/100 brn|[from] brn
|upkeep
|turn|21
|
|t:|1758284094
|-end|p2a: Raging Bolt|Protosynthesis|[silent]
|switch|p2a: Weavile|Weavile, F|100/100
|-ability|p2a: Weavile|Pressure
|move|p1a: Sableye|Knock Off|p2a: Weavile
|-resisted|p2a: Weavile
|-damage|p2a: Weavile|90/100
|-enditem|p2a: Weavile|Focus Sash|[from] move: Knock Off|[of] p1a: Sableye
|
|-heal|p1a: Sableye|59/100 brn|[from] item: Leftovers
|-damage|p1a: Sableye|53/100 brn|[from] brn
|upkeep
|turn|22
|
|t:|1758284099
|move|p2a: Weavile|Triple Axel|p1a: Sableye
|-crit|p1a: Sableye
|-damage|p1a: Sableye|33/100 brn
|-hitcount|p1a: Sableye|1
|move|p1a: Sableye|Knock Off|p2a: Weavile
|-resisted|p2a: Weavile
|-damage|p2a: Weavile|82/100
|
|-heal|p1a: Sableye|39/100 brn|[from] item: Leftovers
|-damage|p1a: Sableye|33/100 brn|[from] brn
|upkeep
|turn|23
|
|t:|1758284106
|move|p1a: Sableye|Encore|p2a: Weavile
|-hint|Since gen 7, Dark is immune to Prankster moves.
|-immune|p2a: Weavile
|move|p2a: Weavile|Triple Axel|p1a: Sableye
|-damage|p1a: Sableye|20/100 brn
|-damage|p1a: Sableye|0 fnt
|faint|p1a: Sableye
|-hitcount|p1: Sableye|2
|
|upkeep
|
|t:|1758284112
|switch|p1a: Ceruledge|Ceruledge, F|100/100
|turn|24
|
|t:|1758284116
|switch|p2a: Garchomp|Garchomp, M|100/100
|move|p1a: Ceruledge|Swords Dance|p1a: Ceruledge
|-boost|p1a: Ceruledge|atk|2
|
|upkeep
|turn|25
|
|t:|1758284121
|switch|p2a: Raging Bolt|Raging Bolt|78/100 brn
|move|p1a: Ceruledge|Swords Dance|p1a: Ceruledge
|-boost|p1a: Ceruledge|atk|2
|
|-damage|p2a: Raging Bolt|71/100 brn|[from] brn
|upkeep
|turn|26
|
|t:|1758284134
|move|p2a: Raging Bolt|Thunderclap|p1a: Ceruledge
|-damage|p1a: Ceruledge|54/100
|move|p1a: Ceruledge|Bitter Blade|p2a: Raging Bolt
|-resisted|p2a: Raging Bolt
|-damage|p2a: Raging Bolt|12/100 brn
|-heal|p1a: Ceruledge|100/100|[from] drain|[of] p2a: Raging Bolt
|
|-damage|p2a: Raging Bolt|6/100 brn|[from] brn
|upkeep
|turn|27
|
|t:|1758284141
|move|p1a: Ceruledge|Shadow Sneak|p2a: Raging Bolt
|-damage|p2a: Raging Bolt|0 fnt
|faint|p2a: Raging Bolt
|-end|p2a: Raging Bolt|Protosynthesis|[silent]
|
|upkeep
|
|t:|1758284146
|switch|p2a: Garchomp|Garchomp, M|100/100
|turn|28
|
|t:|1758284151
|move|p2a: Garchomp|Earthquake|p1a: Ceruledge
|-supereffective|p1a: Ceruledge
|-enditem|p1a: Ceruledge|Focus Sash
|-damage|p1a: Ceruledge|1/100
|-ability|p1a: Ceruledge|Weak Armor|boost
|-unboost|p1a: Ceruledge|def|1
|-boost|p1a: Ceruledge|spe|2
|move|p1a: Ceruledge|Swords Dance|p1a: Ceruledge
|-boost|p1a: Ceruledge|atk|2
|
|upkeep
|turn|29
|
|t:|1758284157
|move|p1a: Ceruledge|Bitter Blade|p2a: Garchomp
|-resisted|p2a: Garchomp
|-damage|p2a: Garchomp|0 fnt
|-heal|p1a: Ceruledge|62/100|[from] drain|[of] p2a: Garchomp
|-damage|p1a: Ceruledge|50/100|[from] ability: Rough Skin|[of] p2a: Garchomp
|faint|p2a: Garchomp
|
|upkeep
|
|t:|1758284162
|switch|p2a: Heatran|Heatran, F|95/100 par
|turn|30
|
|t:|1758284166
|move|p1a: Ceruledge|Shadow Sneak|p2a: Heatran
|-damage|p2a: Heatran|26/100 par
|move|p2a: Heatran|Earth Power|p1a: Ceruledge
|-supereffective|p1a: Ceruledge
|-damage|p1a: Ceruledge|0 fnt
|faint|p1a: Ceruledge
|
|upkeep
|
|t:|1758284181
|switch|p1a: Dragonite|Dragonite, M|100/100
|turn|31
|
|t:|1758284187
|switch|p2a: Weezing|Weezing-Galar, M, shiny|100/100
|move|p1a: Dragonite|Earthquake|p2a: Weezing
|-immune|p2a: Weezing|[from] ability: Levitate
|
|upkeep
|turn|32
|
|t:|1758284194
|move|p1a: Dragonite|Extreme Speed|p2a: Weezing
|-damage|p2a: Weezing|79/100
|move|p2a: Weezing|Will-O-Wisp|p1a: Dragonite
|-status|p1a: Dragonite|brn
|
|-heal|p2a: Weezing|85/100|[from] item: Black Sludge
|-damage|p1a: Dragonite|94/100 brn|[from] brn
|upkeep
|turn|33
|
|t:|1758284199
|move|p1a: Dragonite|Extreme Speed|p2a: Weezing
|-damage|p2a: Weezing|75/100
|move|p2a: Weezing|Strange Steam|p1a: Dragonite
|-supereffective|p1a: Dragonite
|-damage|p1a: Dragonite|34/100 brn
|
|-heal|p2a: Weezing|81/100|[from] item: Black Sludge
|-damage|p1a: Dragonite|28/100 brn|[from] brn
|upkeep
|turn|34
|
|t:|1758284205
|move|p1a: Dragonite|Extreme Speed|p2a: Weezing
|-damage|p2a: Weezing|71/100
|move|p2a: Weezing|Strange Steam|p1a: Dragonite
|-supereffective|p1a: Dragonite
|-damage|p1a: Dragonite|0 fnt
|faint|p1a: Dragonite
|
|-heal|p2a: Weezing|77/100|[from] item: Black Sludge
|upkeep
|
|t:|1758284207
|switch|p1a: Scizor|Scizor, M, tera:Steel|100/100
|turn|35
|
|t:|1758284214
|-terastallize|p2a: Weezing|Flying
|move|p1a: Scizor|Bullet Punch|p2a: Weezing
|-damage|p2a: Weezing|28/100
|move|p2a: Weezing|Will-O-Wisp|p1a: Scizor
|-status|p1a: Scizor|brn
|
|-damage|p2a: Weezing|16/100|[from] item: Black Sludge
|-damage|p1a: Scizor|94/100 brn|[from] brn
|upkeep
|turn|36
|
|t:|1758284220
|move|p1a: Scizor|Bullet Punch|p2a: Weezing
|-damage|p2a: Weezing|0 fnt
|faint|p2a: Weezing
|
|-damage|p1a: Scizor|88/100 brn|[from] brn
|upkeep
|
|t:|1758284223
|switch|p2a: Heatran|Heatran, F|26/100 par
|turn|37
|
|t:|1758284224
|move|p1a: Scizor|Bullet Punch|p2a: Heatran
|-resisted|p2a: Heatran
|-damage|p2a: Heatran|19/100 par
|move|p2a: Heatran|Lava Plume|p1a: Scizor
|-supereffective|p1a: Scizor
|-damage|p1a: Scizor|0 fnt
|faint|p1a: Scizor
|
|win|isaac_gam3r
|raw|norca152's rating: 1577 &rarr; <strong>1559</strong><br />(-18 for losing)
|raw|isaac_gam3r's rating: 1620 &rarr; <strong>1638</strong><br />(+18 for winning)
|l|☆isaac_gam3r
|player|p2|
|l|☆norca152
|player|p1|
