|j|☆Stelazine
|j|☆DegenJames
|t:|1758268881
|gametype|singles
|player|p1|Stelazine|benga|1274
|player|p2|DegenJames|swimmerf-gen4|1236
|gen|9
|tier|[Gen 9] OU
|rated|
|rule|HP Percentage Mod: HP is shown in percentages
|rule|Endless Battle Clause: Forcing endless battles is banned
|rule|Species Clause: Limit one of each Pokémon
|rule|OHKO Clause: OHKO moves are banned
|rule|Evasion Items Clause: Evasion items are banned
|rule|Evasion Moves Clause: Evasion moves are banned
|rule|Evasion Abilities Clause: Evasion abilities are banned
|rule|Sleep Moves Clause: Sleep-inducing moves are banned
|clearpoke
|poke|p1|Meowscarada, F|
|poke|p1|Frosmoth, M|
|poke|p1|Weezing-Galar, F|
|poke|p1|Sinistcha-Masterpiece|
|poke|p1|Ting-Lu|
|poke|p1|Alomomola, M|
|poke|p2|Gyarados, M|
|poke|p2|Espeon, M|
|poke|p2|Jolteon, M|
|poke|p2|Cloyster, M|
|poke|p2|Gengar, M|
|poke|p2|Excadrill, M|
|teampreview
|inactive|Battle timer is ON: inactive players will automatically lose when time's up. (requested by Stelazine)
|
|t:|1758268888
|teamsize|p1|6
|teamsize|p2|6
|start
|switch|p1a: Frosmoth|Frosmoth, M|100/100
|switch|p2a: Espeon|Espeon, M|100/100
|turn|1
|
|t:|1758268893
|move|p2a: Espeon|Thunder Wave|p1a: Frosmoth|[miss]
|-miss|p2a: Espeon|p1a: Frosmoth
|move|p1a: Frosmoth|Substitute|p1a: Frosmoth
|-start|p1a: Frosmoth|Substitute
|-damage|p1a: Frosmoth|76/100
|
|-heal|p1a: Frosmoth|82/100|[from] item: Leftovers
|upkeep
|turn|2
|
|t:|1758268899
|move|p2a: Espeon|Psychic|p1a: Frosmoth
|-activate|p1a: Frosmoth|move: Substitute|[damage]
|move|p1a: Frosmoth|Quiver Dance|p1a: Frosmoth
|-boost|p1a: Frosmoth|spa|1
|-boost|p1a: Frosmoth|spd|1
|-boost|p1a: Frosmoth|spe|1
|
|-heal|p1a: Frosmoth|88/100|[from] item: Leftovers
|upkeep
|turn|3
|
|t:|1758268907
|move|p2a: Espeon|Psychic|p1a: Frosmoth
|-end|p1a: Frosmoth|Substitute
|move|p1a: Frosmoth|Quiver Dance|p1a: Frosmoth
|-boost|p1a: Frosmoth|spa|1
|-boost|p1a: Frosmoth|spd|1
|-boost|p1a: Frosmoth|spe|1
|
|-heal|p1a: Frosmoth|94/100|[from] item: Leftovers
|upkeep
|turn|4
|
|t:|1758268914
|move|p1a: Frosmoth|Substitute|p1a: Frosmoth
|-start|p1a: Frosmoth|Substitute
|-damage|p1a: Frosmoth|69/100
|move|p2a: Espeon|Thunder Wave||[still]
|-fail|p2a: Espeon
|
|-heal|p1a: Frosmoth|75/100|[from] item: Leftovers
|upkeep
|turn|5
|
|t:|1758268920
|move|p1a: Frosmoth|Quiver Dance|p1a: Frosmoth
|-boost|p1a: Frosmoth|spa|1
|-boost|p1a: Frosmoth|spd|1
|-boost|p1a: Frosmoth|spe|1
|move|p2a: Espeon|Psychic|p1a: Frosmoth
|-activate|p1a: Frosmoth|move: Substitute|[damage]
|
|-heal|p1a: Frosmoth|82/100|[from] item: Leftovers
|upkeep
|turn|6
|
|t:|1758268927
|move|p1a: Frosmoth|Quiver Dance|p1a: Frosmoth
|-boost|p1a: Frosmoth|spa|1
|-boost|p1a: Frosmoth|spd|1
|-boost|p1a: Frosmoth|spe|1
|move|p2a: Espeon|Psychic|p1a: Frosmoth
|-activate|p1a: Frosmoth|move: Substitute|[damage]
|
|-heal|p1a: Frosmoth|88/100|[from] item: Leftovers
|upkeep
|turn|7
|
|t:|1758268934
|move|p1a: Frosmoth|Quiver Dance|p1a: Frosmoth
|-boost|p1a: Frosmoth|spa|1
|-boost|p1a: Frosmoth|spd|1
|-boost|p1a: Frosmoth|spe|1
|move|p2a: Espeon|Psychic|p1a: Frosmoth
|-activate|p1a: Frosmoth|move: Substitute|[damage]
|
|-heal|p1a: Frosmoth|94/100|[from] item: Leftovers
|upkeep
|turn|8
|
|t:|1758268942
|move|p1a: Frosmoth|Quiver Dance|p1a: Frosmoth
|-boost|p1a: Frosmoth|spa|1
|-boost|p1a: Frosmoth|spd|1
|-boost|p1a: Frosmoth|spe|1
|move|p2a: Espeon|Psychic|p1a: Frosmoth
|-end|p1a: Frosmoth|Substitute
|
|-heal|p1a: Frosmoth|99/100|[from] item: Leftovers
|upkeep
|turn|9
|
|t:|1758268949
|move|p1a: Frosmoth|Substitute|p1a: Frosmoth
|-start|p1a: Frosmoth|Substitute
|-damage|p1a: Frosmoth|75/100
|move|p2a: Espeon|Psychic|p1a: Frosmoth
|-activate|p1a: Frosmoth|move: Substitute|[damage]
|
|-heal|p1a: Frosmoth|81/100|[from] item: Leftovers
|upkeep
|turn|10
|
|t:|1758268955
|move|p1a: Frosmoth|Ice Beam|p2a: Espeon
|-enditem|p2a: Espeon|Focus Sash
|-damage|p2a: Espeon|1/100
|move|p2a: Espeon|Psychic|p1a: Frosmoth
|-activate|p1a: Frosmoth|move: Substitute|[damage]
|
|-heal|p1a: Frosmoth|87/100|[from] item: Leftovers
|upkeep
|turn|11
|
|t:|1758268963
|move|p1a: Frosmoth|Ice Beam|p2a: Espeon
|-crit|p2a: Espeon
|-damage|p2a: Espeon|0 fnt
|faint|p2a: Espeon
|
|-heal|p1a: Frosmoth|94/100|[from] item: Leftovers
|upkeep
|
|t:|1758268969
|switch|p2a: Cloyster|Cloyster, M|100/100
|turn|12
|
|t:|1758268973
|-terastallize|p1a: Frosmoth|Electric
|move|p1a: Frosmoth|Tera Blast|p2a: Cloyster|[anim] Tera Blast Electric
|-supereffective|p2a: Cloyster
|-crit|p2a: Cloyster
|-enditem|p2a: Cloyster|Focus Sash
|-damage|p2a: Cloyster|1/100
|move|p2a: Cloyster|Icicle Spear|p1a: Frosmoth
|-end|p1a: Frosmoth|Substitute
|-damage|p1a: Frosmoth|74/100
|-damage|p1a: Frosmoth|56/100
|-damage|p1a: Frosmoth|36/100
|-damage|p1a: Frosmoth|19/100
|-hitcount|p1a: Frosmoth|5
|
|-heal|p1a: Frosmoth|25/100|[from] item: Leftovers
|upkeep
|turn|13
|
|t:|1758268987
|move|p1a: Frosmoth|Ice Beam|p2a: Cloyster
|-resisted|p2a: Cloyster
|-damage|p2a: Cloyster|0 fnt
|faint|p2a: Cloyster
|
|-heal|p1a: Frosmoth|31/100|[from] item: Leftovers
|upkeep
|
|t:|1758268993
|switch|p2a: Excadrill|Excadrill, M, shiny|100/100
|-ability|p2a: Excadrill|Mold Breaker
|turn|14
|
|t:|1758268999
|move|p1a: Frosmoth|Ice Beam|p2a: Excadrill
|-enditem|p2a: Excadrill|Focus Sash
|-damage|p2a: Excadrill|1/100
|move|p2a: Excadrill|Earthquake|p1a: Frosmoth
|-supereffective|p1a: Frosmoth
|-damage|p1a: Frosmoth|0 fnt
|faint|p1a: Frosmoth
|
|upkeep
|
|t:|1758269004
|switch|p1a: Alomomola|Alomomola, M|100/100
|turn|15
|
|t:|1758269008
|move|p2a: Excadrill|Mud-Slap|p1a: Alomomola
|-damage|p1a: Alomomola|97/100
|-unboost|p1a: Alomomola|accuracy|1
|move|p1a: Alomomola|Flip Turn|p2a: Excadrill
|-supereffective|p2a: Excadrill
|-damage|p2a: Excadrill|0 fnt
|faint|p2a: Excadrill
|
|t:|1758269014
|switch|p1a: Ting-Lu|Ting-Lu|100/100|[from] Flip Turn
|-ability|p1a: Ting-Lu|Vessel of Ruin
|
|upkeep
|
|t:|1758269019
|switch|p2a: Gyarados|Gyarados, M, shiny|100/100
|turn|16
|
|t:|1758269023
|switch|p1a: Weezing|Weezing-Galar, F|100/100
|-ability|p1a: Weezing|Neutralizing Gas
|move|p2a: Gyarados|Dragon Dance|p2a: Gyarados
|-boost|p2a: Gyarados|atk|1
|-boost|p2a: Gyarados|spe|1
|
|upkeep
|turn|17
|
|t:|1758269029
|move|p2a: Gyarados|Waterfall|p1a: Weezing
|-damage|p1a: Weezing|58/100
|move|p1a: Weezing|Will-O-Wisp|p2a: Gyarados|[miss]
|-miss|p1a: Weezing|p2a: Gyarados
|
|upkeep
|turn|18
|
|t:|1758269034
|move|p2a: Gyarados|Waterfall|p1a: Weezing
|-damage|p1a: Weezing|14/100
|move|p1a: Weezing|Will-O-Wisp|p2a: Gyarados
|-status|p2a: Gyarados|brn
|
|-damage|p2a: Gyarados|94/100 brn|[from] brn
|upkeep
|turn|19
|
|t:|1758269041
|-end|p1a: Weezing|ability: Neutralizing Gas
|switch|p1a: Alomomola|Alomomola, M|100/100
|move|p2a: Gyarados|Waterfall|p1a: Alomomola
|-resisted|p1a: Alomomola
|-damage|p1a: Alomomola|89/100
|
|-damage|p2a: Gyarados|88/100 brn|[from] brn
|upkeep
|turn|20
|
|t:|1758269048
|move|p2a: Gyarados|Ice Fang|p1a: Alomomola
|-resisted|p1a: Alomomola
|-damage|p1a: Alomomola|83/100
|-status|p1a: Alomomola|frz
|cant|p1a: Alomomola|frz
|
|-damage|p2a: Gyarados|82/100 brn|[from] brn
|upkeep
|turn|21
|
|t:|1758269057
|switch|p2a: Jolteon|Jolteon, M|100/100
|switch|p1a: Sinistcha|Sinistcha-Masterpiece|100/100
|
|upkeep
|turn|22
|
|t:|1758269062
|move|p2a: Jolteon|Shadow Ball|p1a: Sinistcha
|-supereffective|p1a: Sinistcha
|-damage|p1a: Sinistcha|37/100
|move|p1a: Sinistcha|Calm Mind|p1a: Sinistcha
|-boost|p1a: Sinistcha|spa|1
|-boost|p1a: Sinistcha|spd|1
|
|upkeep
|turn|23
|
|t:|1758269068
|switch|p1a: Ting-Lu|Ting-Lu|100/100
|-ability|p1a: Ting-Lu|Vessel of Ruin
|move|p2a: Jolteon|Shadow Ball|p1a: Ting-Lu
|-resisted|p1a: Ting-Lu
|-damage|p1a: Ting-Lu|95/100
|
|-heal|p1a: Ting-Lu|100/100|[from] item: Leftovers
|upkeep
|turn|24
|
|t:|1758269077
|-terastallize|p2a: Jolteon|Flying
|move|p2a: Jolteon|Mud-Slap|p1a: Ting-Lu
|-damage|p1a: Ting-Lu|98/100
|-unboost|p1a: Ting-Lu|accuracy|1
|move|p1a: Ting-Lu|Stealth Rock|p2a: Jolteon
|-sidestart|p2: DegenJames|move: Stealth Rock
|
|-heal|p1a: Ting-Lu|100/100|[from] item: Leftovers
|upkeep
|turn|25
|
|t:|1758269089
|switch|p2a: Gyarados|Gyarados, M, shiny|82/100 brn
|-damage|p2a: Gyarados|57/100 brn|[from] Stealth Rock
|move|p1a: Ting-Lu|Ruination|p2a: Gyarados|[miss]
|-miss|p1a: Ting-Lu|p2a: Gyarados
|
|-damage|p2a: Gyarados|51/100 brn|[from] brn
|upkeep
|turn|26
|
|t:|1758269096
|switch|p1a: Sinistcha|Sinistcha-Masterpiece|37/100
|move|p2a: Gyarados|Waterfall|p1a: Sinistcha
|-resisted|p1a: Sinistcha
|-damage|p1a: Sinistcha|29/100
|
|-damage|p2a: Gyarados|45/100 brn|[from] brn
|upkeep
|turn|27
|
|t:|1758269104
|switch|p2a: Jolteon|Jolteon, M, tera:Flying|100/100
|-damage|p2a: Jolteon|76/100|[from] Stealth Rock
|move|p1a: Sinistcha|Strength Sap|p2a: Jolteon
|-unboost|p2a: Jolteon|atk|1
|-heal|p1a: Sinistcha|64/100
|
|upkeep
|turn|28
|
|t:|1758269111
|switch|p1a: Ting-Lu|Ting-Lu|100/100
|-ability|p1a: Ting-Lu|Vessel of Ruin
|move|p2a: Jolteon|Shadow Ball|p1a: Ting-Lu
|-resisted|p1a: Ting-Lu
|-damage|p1a: Ting-Lu|95/100
|
|-heal|p1a: Ting-Lu|100/100|[from] item: Leftovers
|upkeep
|turn|29
|-message|DegenJames forfeited.
|
|win|Stelazine
|raw|Stelazine's rating: 1274 &rarr; <strong>1296</strong><br />(+22 for winning)
|raw|DegenJames's rating: 1236 &rarr; <strong>1214</strong><br />(-22 for losing)
|l|☆DegenJames
|player|p2|
|l|☆Stelazine
|player|p1|
