|j|☆Ruler of the Sand
|j|☆Harthe1109
|t:|1758364816
|gametype|singles
|player|p1|Ruler of the Sand|marshal|1103
|player|p2|Harthe1109|benga|1090
|gen|9
|tier|[Gen 9] OU
|rated|
|rule|HP Percentage Mod: HP is shown in percentages
|rule|Endless Battle Clause: Forcing endless battles is banned
|rule|Species Clause: Limit one of each Pokémon
|rule|OHKO Clause: OHKO moves are banned
|rule|Evasion Items Clause: Evasion items are banned
|rule|Evasion Moves Clause: Evasion moves are banned
|rule|Evasion Abilities Clause: Evasion abilities are banned
|rule|Sleep Moves Clause: Sleep-inducing moves are banned
|clearpoke
|poke|p1|Articuno-Galar|
|poke|p1|Corviknight, M|
|poke|p1|Oricorio-Pom-Pom, M|
|poke|p1|Landorus-Therian, M|
|poke|p1|Flygon, M|
|poke|p1|Moltres|
|poke|p2|Serperior, F|
|poke|p2|Iron Treads|
|poke|p2|Walking Wake|
|poke|p2|Thundurus-Therian, M|
|poke|p2|Araquanid, M|
|poke|p2|Ninetales, F|
|teampreview
|inactive|Battle timer is ON: inactive players will automatically lose when time's up. (requested by Ruler of the Sand)
|
|t:|1758364839
|teamsize|p1|6
|teamsize|p2|6
|start
|switch|p1a: Oricorio|Oricorio-Pom-Pom, M|100/100
|switch|p2a: Ninetales|Ninetales, F|100/100
|-weather|SunnyDay|[from] ability: Drought|[of] p2a: Ninetales
|turn|1
|
|t:|1758364847
|switch|p2a: Walking Wake|Walking Wake|100/100
|-activate|p2a: Walking Wake|ability: Protosynthesis
|-start|p2a: Walking Wake|protosynthesisspe
|move|p1a: Oricorio|Quiver Dance|p1a: Oricorio
|-boost|p1a: Oricorio|spa|1
|-boost|p1a: Oricorio|spd|1
|-boost|p1a: Oricorio|spe|1
|
|-weather|SunnyDay|[upkeep]
|upkeep
|turn|2
|
|t:|1758364866
|move|p2a: Walking Wake|Agility|p2a: Walking Wake
|-boost|p2a: Walking Wake|spe|2
|move|p1a: Oricorio|Revelation Dance|p2a: Walking Wake
|-damage|p2a: Walking Wake|34/100
|
|-weather|SunnyDay|[upkeep]
|upkeep
|turn|3
|
|t:|1758364876
|move|p2a: Walking Wake|Hydro Steam|p1a: Oricorio
|-damage|p1a: Oricorio|30/100
|move|p1a: Oricorio|Revelation Dance|p2a: Walking Wake
|-damage|p2a: Walking Wake|0 fnt
|faint|p2a: Walking Wake
|-end|p2a: Walking Wake|Protosynthesis|[silent]
|
|-weather|SunnyDay|[upkeep]
|upkeep
|
|t:|1758364884
|switch|p2a: Thundurus|Thundurus-Therian, M|100/100
|turn|4
|
|t:|1758364893
|switch|p1a: Landorus|Landorus-Therian, M|100/100
|-ability|p1a: Landorus|Intimidate|boost
|-unboost|p2a: Thundurus|atk|1
|move|p2a: Thundurus|Discharge|p1a: Landorus
|-immune|p1a: Landorus
|
|-weather|SunnyDay|[upkeep]
|upkeep
|turn|5
|
|t:|1758364905
|move|p2a: Thundurus|Taunt|p1a: Landorus
|-start|p1a: Landorus|move: Taunt
|cant|p1a: Landorus|move: Taunt|Stealth Rock
|
|-weather|SunnyDay|[upkeep]
|upkeep
|turn|6
|
|t:|1758364920
|switch|p2a: Araquanid|Araquanid, M|100/100
|move|p1a: Landorus|Smack Down|p2a: Araquanid
|-supereffective|p2a: Araquanid
|-damage|p2a: Araquanid|58/100
|
|-weather|SunnyDay|[upkeep]
|-heal|p2a: Araquanid|64/100|[from] item: Leftovers
|upkeep
|turn|7
|inactive|Ruler of the Sand has 120 seconds left.
|
|t:|1758364953
|move|p1a: Landorus|Smack Down|p2a: Araquanid
|-supereffective|p2a: Araquanid
|-damage|p2a: Araquanid|26/100
|move|p2a: Araquanid|Infestation|p1a: Landorus
|-resisted|p1a: Landorus
|-damage|p1a: Landorus|98/100
|-activate|p1a: Landorus|move: Infestation|[of] p2a: Araquanid
|-damage|p2a: Araquanid|10/100|[from] item: Rocky Helmet|[of] p1a: Landorus
|
|-weather|SunnyDay|[upkeep]
|-heal|p2a: Araquanid|16/100|[from] item: Leftovers
|-damage|p1a: Landorus|85/100|[from] move: Infestation|[partiallytrapped]
|-end|p1a: Landorus|move: Taunt
|upkeep
|turn|8
|inactive|Ruler of the Sand has 120 seconds left.
|
|t:|1758364968
|switch|p2a: Serperior|Serperior, F, shiny|100/100
|move|p1a: Landorus|Stealth Rock|p2a: Serperior
|-sidestart|p2: Harthe1109|move: Stealth Rock
|
|-weather|none
|-end|p1a: Landorus|Infestation|[partiallytrapped]|[silent]
|upkeep
|turn|9
|inactive|Ruler of the Sand has 120 seconds left.
|
|t:|1758364976
|switch|p1a: Moltres|Moltres|100/100
|move|p2a: Serperior|Leaf Storm|p1a: Moltres
|-resisted|p1a: Moltres
|-damage|p1a: Moltres|95/100
|-boost|p2a: Serperior|spa|2
|
|upkeep
|turn|10
|inactive|Ruler of the Sand has 120 seconds left.
|
|t:|1758364989
|move|p2a: Serperior|Protect|p2a: Serperior
|-singleturn|p2a: Serperior|Protect
|move|p1a: Moltres|Flamethrower|p2a: Serperior
|-activate|p2a: Serperior|move: Protect
|
|upkeep
|turn|11
|-message|Harthe1109 forfeited.
|
|win|Ruler of the Sand
|raw|Ruler of the Sand's rating: 1103 &rarr; <strong>1127</strong><br />(+24 for winning)
|raw|Harthe1109's rating: 1090 &rarr; <strong>1067</strong><br />(-23 for losing)
|l|☆Harthe1109
|player|p2|
