|j|☆Moldy kk
|j|☆javiconb
|t:|1758321366
|gametype|singles
|player|p1|Moldy kk|gentleman-gen4|1287
|player|p2|javiconb|1|1282
|gen|9
|tier|[Gen 9] OU
|rated|
|rule|HP Percentage Mod: HP is shown in percentages
|rule|Endless Battle Clause: Forcing endless battles is banned
|rule|Species Clause: Limit one of each Pokémon
|rule|OHKO Clause: OHKO moves are banned
|rule|Evasion Items Clause: Evasion items are banned
|rule|Evasion Moves Clause: Evasion moves are banned
|rule|Evasion Abilities Clause: Evasion abilities are banned
|rule|Sleep Moves Clause: Sleep-inducing moves are banned
|clearpoke
|poke|p1|Rillaboom, F|
|poke|p1|Hawlucha, F|
|poke|p1|Blaziken, F|
|poke|p1|Glimmora, F|
|poke|p1|Kingambit, F|
|poke|p1|Serperior, F|
|poke|p2|Exeggutor, F|
|poke|p2|Blaziken, F|
|poke|p2|Garchomp, M|
|poke|p2|Diancie|
|poke|p2|Toxtricity, F|
|poke|p2|Blastoise, F|
|teampreview
|inactive|Battle timer is ON: inactive players will automatically lose when time's up. (requested by Moldy kk)
|
|t:|1758321380
|teamsize|p1|6
|teamsize|p2|6
|start
|switch|p1a: Rillaboom|Rillaboom, F|100/100
|switch|p2a: Garchomp|Garchomp, M|100/100
|-fieldstart|move: Grassy Terrain|[from] ability: Grassy Surge|[of] p1a: Rillaboom
|turn|1
|
|t:|1758321403
|move|p1a: Rillaboom|Wood Hammer|p2a: Garchomp
|-damage|p2a: Garchomp|46/100
|-damage|p1a: Rillaboom|88/100|[from] ability: Rough Skin|[of] p2a: Garchomp
|-damage|p1a: Rillaboom|71/100|[from] item: Rocky Helmet|[of] p2a: Garchomp
|-damage|p1a: Rillaboom|51/100|[from] Recoil
|move|p2a: Garchomp|Stealth Rock|p1a: Rillaboom
|-sidestart|p1: Moldy kk|move: Stealth Rock
|
|-heal|p1a: Rillaboom|57/100|[from] Grassy Terrain
|-heal|p2a: Garchomp|52/100|[from] Grassy Terrain
|upkeep
|turn|2
|
|t:|1758321420
|switch|p2a: Exeggutor|Exeggutor, F|100/100
|move|p1a: Rillaboom|Knock Off|p2a: Exeggutor
|-supereffective|p2a: Exeggutor
|-damage|p2a: Exeggutor|47/100
|-enditem|p2a: Exeggutor|Sitrus Berry|[from] move: Knock Off|[of] p1a: Rillaboom
|
|-heal|p1a: Rillaboom|63/100|[from] Grassy Terrain
|-heal|p2a: Exeggutor|53/100|[from] Grassy Terrain
|upkeep
|turn|3
|
|t:|1758321428
|move|p1a: Rillaboom|U-turn|p2a: Exeggutor
|-supereffective|p2a: Exeggutor
|-damage|p2a: Exeggutor|0 fnt
|faint|p2a: Exeggutor
|
|t:|1758321438
|switch|p1a: Hawlucha|Hawlucha, F|100/100|[from] U-turn
|-damage|p1a: Hawlucha|88/100|[from] Stealth Rock
|-enditem|p1a: Hawlucha|Grassy Seed
|-boost|p1a: Hawlucha|def|1|[from] item: Grassy Seed
|
|upkeep
|
|t:|1758321449
|switch|p2a: Toxtricity|Toxtricity, F|100/100
|turn|4
|
|t:|1758321453
|move|p1a: Hawlucha|Fire Punch|p2a: Toxtricity
|-damage|p2a: Toxtricity|62/100
|move|p2a: Toxtricity|Shift Gear|p2a: Toxtricity
|-boost|p2a: Toxtricity|spe|2
|-boost|p2a: Toxtricity|atk|1
|
|-heal|p2a: Toxtricity|68/100|[from] Grassy Terrain
|upkeep
|turn|5
|
|t:|1758321460
|move|p1a: Hawlucha|Fire Punch|p2a: Toxtricity
|-damage|p2a: Toxtricity|35/100
|move|p2a: Toxtricity|Overdrive|p1a: Hawlucha
|-supereffective|p1a: Hawlucha
|-damage|p1a: Hawlucha|0 fnt
|faint|p1a: Hawlucha
|-enditem|p2a: Toxtricity|Throat Spray
|-boost|p2a: Toxtricity|spa|1|[from] item: Throat Spray
|
|-heal|p2a: Toxtricity|41/100|[from] Grassy Terrain
|upkeep
|
|t:|1758321465
|switch|p1a: Serperior|Serperior, F|100/100
|-damage|p1a: Serperior|88/100|[from] Stealth Rock
|turn|6
|
|t:|1758321473
|-terastallize|p2a: Toxtricity|Normal
|-terastallize|p1a: Serperior|Ground
|move|p2a: Toxtricity|Boomburst|p1a: Serperior
|-damage|p1a: Serperior|0 fnt
|faint|p1a: Serperior
|
|-heal|p2a: Toxtricity|47/100|[from] Grassy Terrain
|upkeep
|-message|Moldy kk forfeited.
|
|win|javiconb
|raw|Moldy kk's rating: 1287 &rarr; <strong>1262</strong><br />(-25 for losing)
|raw|javiconb's rating: 1282 &rarr; <strong>1307</strong><br />(+25 for winning)
|l|☆Moldy kk
|player|p1|
|l|☆javiconb
|player|p2|
