|j|☆anamchara
|j|☆rookie22
|t:|1758288573
|gametype|singles
|player|p1|anamchara|1|1718
|player|p2|rookie22|iris-gen5bw2|1717
|gen|9
|tier|[Gen 9] OU
|rated|
|rule|HP Percentage Mod: HP is shown in percentages
|rule|Endless Battle Clause: Forcing endless battles is banned
|rule|Species Clause: Limit one of each Pokémon
|rule|OHKO Clause: OHKO moves are banned
|rule|Evasion Items Clause: Evasion items are banned
|rule|Evasion Moves Clause: Evasion moves are banned
|rule|Evasion Abilities Clause: Evasion abilities are banned
|rule|Sleep Moves Clause: Sleep-inducing moves are banned
|clearpoke
|poke|p1|Slowking-Galar, F|
|poke|p1|Meowscarada, M|
|poke|p1|Iron Valiant|
|poke|p1|Ogerpon-Wellspring, F|
|poke|p1|Glimmora, F|
|poke|p1|Samurott-Hisui, F|
|poke|p2|Dragonite, F|
|poke|p2|Meowscarada, M|
|poke|p2|Keldeo|
|poke|p2|Iron Crown|
|poke|p2|Raging Bolt|
|poke|p2|Great Tusk|
|teampreview
|inactive|Battle timer is ON: inactive players will automatically lose when time's up. (requested by rookie22)
|
|t:|1758288589
|teamsize|p1|6
|teamsize|p2|6
|start
|switch|p1a: Meowscarada|Meowscarada, M|100/100
|switch|p2a: Lisan Al Gaib|Keldeo|100/100
|turn|1
|
|t:|1758288605
|move|p2a: Lisan Al Gaib|Vacuum Wave|p1a: Meowscarada
|-supereffective|p1a: Meowscarada
|-damage|p1a: Meowscarada|0 fnt
|faint|p1a: Meowscarada
|
|upkeep
|
|t:|1758288607
|switch|p1a: Iron Valiant|Iron Valiant|100/100
|-enditem|p1a: Iron Valiant|Booster Energy
|-activate|p1a: Iron Valiant|ability: Quark Drive|[fromitem]
|-start|p1a: Iron Valiant|quarkdrivespe
|turn|2
|
|t:|1758288626
|switch|p2a: Great Tusk|Great Tusk|100/100
|move|p1a: Iron Valiant|Swords Dance|p1a: Iron Valiant
|-boost|p1a: Iron Valiant|atk|2
|
|upkeep
|turn|3
|
|t:|1758288646
|-terastallize|p2a: Great Tusk|Steel
|move|p1a: Iron Valiant|Spirit Break|p2a: Great Tusk
|-resisted|p2a: Great Tusk
|-damage|p2a: Great Tusk|75/100
|-unboost|p2a: Great Tusk|spa|1
|move|p2a: Great Tusk|Earthquake|p1a: Iron Valiant
|-damage|p1a: Iron Valiant|20/100
|
|-heal|p2a: Great Tusk|81/100|[from] item: Leftovers
|upkeep
|turn|4
|j| romag
|
|t:|1758288657
|move|p1a: Iron Valiant|Close Combat|p2a: Great Tusk
|-supereffective|p2a: Great Tusk
|-damage|p2a: Great Tusk|0 fnt
|-unboost|p1a: Iron Valiant|def|1
|-unboost|p1a: Iron Valiant|spd|1
|faint|p2a: Great Tusk
|-end|p2a: Great Tusk|Protosynthesis|[silent]
|
|upkeep
|
|t:|1758288660
|switch|p2a: Lisan Al Gaib|Keldeo|100/100
|turn|5
|
|t:|1758288668
|-end|p1a: Iron Valiant|Quark Drive|[silent]
|switch|p1a: Slowking|Slowking-Galar, F|100/100
|move|p2a: Lisan Al Gaib|Vacuum Wave|p1a: Slowking
|-resisted|p1a: Slowking
|-damage|p1a: Slowking|96/100
|
|upkeep
|turn|6
|
|t:|1758288677
|switch|p2a: Bene Gesserit|Iron Crown|100/100
|move|p1a: Slowking|Ice Beam|p2a: Bene Gesserit
|-resisted|p2a: Bene Gesserit
|-damage|p2a: Bene Gesserit|91/100
|
|upkeep
|turn|7
|
|t:|1758288688
|move|p2a: Bene Gesserit|Psyshock|p1a: Slowking
|-damage|p1a: Slowking|58/100
|move|p1a: Slowking|Fire Blast|p2a: Bene Gesserit
|-supereffective|p2a: Bene Gesserit
|-damage|p2a: Bene Gesserit|50/100
|
|upkeep
|turn|8
|j| iohll
|
|t:|1758288716
|move|p2a: Bene Gesserit|Tachyon Cutter|p1a: Slowking
|-damage|p1a: Slowking|45/100
|-damage|p1a: Slowking|32/100
|-hitcount|p1a: Slowking|2
|move|p1a: Slowking|Ice Beam|p2a: Bene Gesserit
|-resisted|p2a: Bene Gesserit
|-damage|p2a: Bene Gesserit|40/100
|-status|p2a: Bene Gesserit|frz
|
|upkeep
|turn|9
|inactive|rookie22 has 120 seconds left.
|
|t:|1758288737
|switch|p1a: Samurott|Samurott-Hisui, F|100/100
|cant|p2a: Bene Gesserit|frz
|
|upkeep
|turn|10
|inactive|rookie22 has 120 seconds left.
|
|t:|1758288758
|-end|p2a: Bene Gesserit|Quark Drive|[silent]
|switch|p2a: Meowscarada|Meowscarada, M|100/100
|move|p1a: Samurott|Ceaseless Edge|p2a: Meowscarada
|-resisted|p2a: Meowscarada
|-damage|p2a: Meowscarada|63/100
|-sidestart|p2: rookie22|Spikes
|
|upkeep
|turn|11
|inactive|rookie22 has 120 seconds left.
|
|t:|1758288772
|switch|p2a: Lisan Al Gaib|Keldeo|100/100
|-damage|p2a: Lisan Al Gaib|88/100|[from] Spikes
|switch|p1a: Glimmora|Glimmora, F|100/100
|
|upkeep
|turn|12
|
|t:|1758288776
|-terastallize|p1a: Glimmora|Grass
|move|p2a: Lisan Al Gaib|Surf|p1a: Glimmora
|-resisted|p1a: Glimmora
|-crit|p1a: Glimmora
|-damage|p1a: Glimmora|29/100
|move|p1a: Glimmora|Energy Ball|p2a: Lisan Al Gaib
|-supereffective|p2a: Lisan Al Gaib
|-damage|p2a: Lisan Al Gaib|0 fnt
|faint|p2a: Lisan Al Gaib
|-damage|p1a: Glimmora|19/100|[from] item: Life Orb
|
|upkeep
|inactive|rookie22 has 120 seconds left.
|
|t:|1758288802
|switch|p2a: Raging Bolt|Raging Bolt|100/100
|-damage|p2a: Raging Bolt|88/100|[from] Spikes
|turn|13
|
|t:|1758288814
|move|p2a: Raging Bolt|Thunderclap||[still]
|-fail|p2a: Raging Bolt
|move|p1a: Glimmora|Stealth Rock|p2a: Raging Bolt
|-sidestart|p2: rookie22|move: Stealth Rock
|
|-heal|p2a: Raging Bolt|94/100|[from] item: Leftovers
|upkeep
|turn|14
|
|t:|1758288819
|move|p2a: Raging Bolt|Thunderclap|p1a: Glimmora
|-resisted|p1a: Glimmora
|-damage|p1a: Glimmora|0 fnt
|faint|p1a: Glimmora
|
|-heal|p2a: Raging Bolt|100/100|[from] item: Leftovers
|upkeep
|
|t:|1758288838
|switch|p1a: Slowking|Slowking-Galar, F|65/100
|turn|15
|
|t:|1758288844
|-end|p2a: Raging Bolt|Protosynthesis|[silent]
|switch|p2a: Bene Gesserit|Iron Crown|40/100 frz
|-damage|p2a: Bene Gesserit|28/100 frz|[from] Spikes
|-damage|p2a: Bene Gesserit|22/100 frz|[from] Stealth Rock
|move|p1a: Slowking|Ice Beam|p2a: Bene Gesserit
|-resisted|p2a: Bene Gesserit
|-damage|p2a: Bene Gesserit|13/100 frz
|
|upkeep
|turn|16
|inactive|anamchara has 120 seconds left.
|
|t:|1758288877
|cant|p2a: Bene Gesserit|frz
|move|p1a: Slowking|Ice Beam|p2a: Bene Gesserit
|-resisted|p2a: Bene Gesserit
|-damage|p2a: Bene Gesserit|4/100 frz
|
|upkeep
|turn|17
|
|t:|1758288886
|-curestatus|p2a: Bene Gesserit|frz|[msg]
|move|p2a: Bene Gesserit|Tachyon Cutter|p1a: Slowking
|-damage|p1a: Slowking|52/100
|-damage|p1a: Slowking|38/100
|-hitcount|p1a: Slowking|2
|move|p1a: Slowking|Ice Beam|p2a: Bene Gesserit
|-resisted|p2a: Bene Gesserit
|-damage|p2a: Bene Gesserit|0 fnt
|faint|p2a: Bene Gesserit
|-end|p2a: Bene Gesserit|Quark Drive|[silent]
|
|upkeep
|
|t:|1758288894
|switch|p2a: Meowscarada|Meowscarada, M|63/100
|turn|18
|
|t:|1758288919
|switch|p1a: Iron Valiant|Iron Valiant|20/100
|move|p2a: Meowscarada|Knock Off|p1a: Iron Valiant
|-start|p2a: Meowscarada|typechange|Dark|[from] ability: Protean
|-resisted|p1a: Iron Valiant
|-damage|p1a: Iron Valiant|10/100
|
|upkeep
|turn|19
|
|t:|1758288923
|move|p2a: Meowscarada|Flower Trick|p1a: Iron Valiant
|-crit|p1a: Iron Valiant
|-damage|p1a: Iron Valiant|0 fnt
|faint|p1a: Iron Valiant
|-end|p1a: Iron Valiant|Quark Drive|[silent]
|
|upkeep
|
|t:|1758288928
|switch|p1a: Ogerpon|Ogerpon-Wellspring, F|100/100
|turn|20
|
|t:|1758288939
|move|p2a: Meowscarada|Flower Trick|p1a: Ogerpon
|-crit|p1a: Ogerpon
|-damage|p1a: Ogerpon|55/100
|move|p1a: Ogerpon|Horn Leech|p2a: Meowscarada
|-damage|p2a: Meowscarada|0 fnt
|-heal|p1a: Ogerpon|86/100|[from] drain|[of] p2a: Meowscarada
|faint|p2a: Meowscarada
|
|upkeep
|
|t:|1758288947
|switch|p2a: Raging Bolt|Raging Bolt|100/100
|-damage|p2a: Raging Bolt|88/100|[from] Spikes
|-damage|p2a: Raging Bolt|76/100|[from] Stealth Rock
|turn|21
|
|t:|1758288950
|move|p1a: Ogerpon|Play Rough|p2a: Raging Bolt
|-supereffective|p2a: Raging Bolt
|-damage|p2a: Raging Bolt|10/100
|move|p2a: Raging Bolt|Thunderbolt|p1a: Ogerpon
|-damage|p1a: Ogerpon|27/100
|
|-heal|p2a: Raging Bolt|17/100|[from] item: Leftovers
|upkeep
|turn|22
|j| Swagboss123456789
|
|t:|1758288962
|move|p1a: Ogerpon|Play Rough|p2a: Raging Bolt
|-supereffective|p2a: Raging Bolt
|-damage|p2a: Raging Bolt|0 fnt
|faint|p2a: Raging Bolt
|-end|p2a: Raging Bolt|Protosynthesis|[silent]
|
|upkeep
|
|t:|1758288965
|switch|p2a: MEGA DRAGONITE|Dragonite, F|100/100
|turn|23
|
|t:|1758288968
|move|p1a: Ogerpon|Play Rough|p2a: MEGA DRAGONITE
|-supereffective|p2a: MEGA DRAGONITE
|-damage|p2a: MEGA DRAGONITE|60/100
|move|p2a: MEGA DRAGONITE|Dragon Dance|p2a: MEGA DRAGONITE
|-boost|p2a: MEGA DRAGONITE|atk|1
|-boost|p2a: MEGA DRAGONITE|spe|1
|
|upkeep
|turn|24
|
|t:|1758288971
|move|p2a: MEGA DRAGONITE|Ice Spinner|p1a: Ogerpon
|-damage|p1a: Ogerpon|0 fnt
|faint|p1a: Ogerpon
|
|upkeep
|
|t:|1758288973
|switch|p1a: Samurott|Samurott-Hisui, F|100/100
|turn|25
|
|t:|1758288975
|move|p2a: MEGA DRAGONITE|Earthquake|p1a: Samurott
|-damage|p1a: Samurott|39/100
|move|p1a: Samurott|Ceaseless Edge|p2a: MEGA DRAGONITE
|-damage|p2a: MEGA DRAGONITE|7/100
|-sidestart|p2: rookie22|Spikes
|
|upkeep
|turn|26
|
|t:|1758288979
|move|p1a: Samurott|Sucker Punch|p2a: MEGA DRAGONITE
|-damage|p2a: MEGA DRAGONITE|0 fnt
|faint|p2a: MEGA DRAGONITE
|
|win|anamchara
|raw|anamchara's rating: 1737 &rarr; <strong>1756</strong><br />(+19 for winning)
|raw|rookie22's rating: 1717 &rarr; <strong>1698</strong><br />(-19 for losing)
|l|☆rookie22
|player|p2|
|l|☆anamchara
|player|p1|
|l| Swagboss123456789
