|j|☆JayQualin
|j|☆osodelclima
|t:|1758291791
|gametype|singles
|player|p1|JayQualin|266|1321
|player|p2|osodelclima|1|1329
|gen|9
|tier|[Gen 9] OU
|rated|
|rule|HP Percentage Mod: HP is shown in percentages
|rule|Endless Battle Clause: Forcing endless battles is banned
|rule|Species Clause: Limit one of each Pokémon
|rule|OHKO Clause: OHKO moves are banned
|rule|Evasion Items Clause: Evasion items are banned
|rule|Evasion Moves Clause: Evasion moves are banned
|rule|Evasion Abilities Clause: Evasion abilities are banned
|rule|Sleep Moves Clause: Sleep-inducing moves are banned
|clearpoke
|poke|p1|Arcanine-Hisui, F|
|poke|p1|Weavile, F|
|poke|p1|Gholdengo|
|poke|p1|Iron Valiant|
|poke|p1|Great Tusk|
|poke|p1|Dragonite, F|
|poke|p2|Lucario, M|
|poke|p2|Tatsugiri, F|
|poke|p2|Kommo-o, M|
|poke|p2|Kyurem|
|poke|p2|Ceruledge, M|
|poke|p2|Quaquaval, F|
|teampreview
|inactive|Battle timer is ON: inactive players will automatically lose when time's up. (requested by osodelclima)
|inactive|JayQualin has 120 seconds left.
|
|t:|1758291842
|teamsize|p1|6
|teamsize|p2|6
|start
|switch|p1a: Gholdengo|Gholdengo|100/100
|switch|p2a: Quaquaval|Quaquaval, F|100/100
|-item|p1a: Gholdengo|Air Balloon
|turn|1
|
|t:|1758291850
|move|p2a: Quaquaval|Aqua Step|p1a: Gholdengo
|-damage|p1a: Gholdengo|57/100
|-boost|p2a: Quaquaval|spe|1
|-enditem|p1a: Gholdengo|Air Balloon
|move|p1a: Gholdengo|Shadow Ball|p2a: Quaquaval
|-damage|p2a: Quaquaval|29/100
|
|-heal|p2a: Quaquaval|35/100|[from] item: Leftovers
|upkeep
|turn|2
|inactive|JayQualin has 120 seconds left.
|
|t:|1758291881
|switch|p2a: Kommo-o|Kommo-o, M|100/100
|move|p1a: Gholdengo|Shadow Ball|p2a: Kommo-o
|-immune|p2a: Kommo-o|[from] ability: Bulletproof
|
|upkeep
|turn|3
|
|t:|1758291888
|move|p2a: Kommo-o|Flamethrower|p1a: Gholdengo
|-supereffective|p1a: Gholdengo
|-damage|p1a: Gholdengo|0 fnt
|faint|p1a: Gholdengo
|
|upkeep
|
|t:|1758291903
|switch|p1a: Great Tusk|Great Tusk|100/100
|turn|4
|
|t:|1758291911
|move|p1a: Great Tusk|Stealth Rock|p2a: Kommo-o
|-sidestart|p2: osodelclima|move: Stealth Rock
|move|p2a: Kommo-o|Boomburst|p1a: Great Tusk
|-damage|p1a: Great Tusk|33/100
|-enditem|p2a: Kommo-o|Throat Spray
|-boost|p2a: Kommo-o|spa|1|[from] item: Throat Spray
|
|upkeep
|turn|5
|
|t:|1758291925
|move|p1a: Great Tusk|Ice Spinner|p2a: Kommo-o
|-supereffective|p2a: Kommo-o
|-damage|p2a: Kommo-o|46/100
|move|p2a: Kommo-o|Boomburst|p1a: Great Tusk
|-damage|p1a: Great Tusk|0 fnt
|faint|p1a: Great Tusk
|-end|p1a: Great Tusk|Protosynthesis|[silent]
|
|upkeep
|
|t:|1758291938
|switch|p1a: Iron Valiant|Iron Valiant|100/100
|-enditem|p1a: Iron Valiant|Booster Energy
|-activate|p1a: Iron Valiant|ability: Quark Drive|[fromitem]
|-start|p1a: Iron Valiant|quarkdrivespe
|turn|6
|
|t:|1758291952
|move|p1a: Iron Valiant|Encore|p2a: Kommo-o
|-start|p2a: Kommo-o|Encore
|move|p2a: Kommo-o|Boomburst|p1a: Iron Valiant
|-damage|p1a: Iron Valiant|0 fnt
|faint|p1a: Iron Valiant
|-end|p1a: Iron Valiant|Quark Drive|[silent]
|
|upkeep
|c|☆JayQualin|Misclick
|inactive|JayQualin has 120 seconds left.
|
|t:|1758291971
|switch|p1a: Weavile|Weavile, F|100/100
|-ability|p1a: Weavile|Pressure
|turn|7
|
|t:|1758291980
|switch|p2a: Quaquaval|Quaquaval, F|35/100
|-damage|p2a: Quaquaval|29/100|[from] Stealth Rock
|move|p1a: Weavile|Triple Axel|p2a: Quaquaval
|-resisted|p2a: Quaquaval
|-crit|p2a: Quaquaval
|-damage|p2a: Quaquaval|20/100
|-resisted|p2a: Quaquaval
|-damage|p2a: Quaquaval|6/100
|-resisted|p2a: Quaquaval
|-damage|p2a: Quaquaval|0 fnt
|faint|p2a: Quaquaval
|-hitcount|p2: Quaquaval|3
|
|upkeep
|
|t:|1758291993
|switch|p2a: Lucario|Lucario, M|100/100
|-damage|p2a: Lucario|98/100|[from] Stealth Rock
|turn|8
|inactive|JayQualin has 120 seconds left.
|
|t:|1758292026
|switch|p1a: Dragonite|Dragonite, F|100/100
|-terastallize|p2a: Lucario|Ghost
|move|p2a: Lucario|Nasty Plot|p2a: Lucario
|-boost|p2a: Lucario|spa|2
|
|-heal|p2a: Lucario|100/100|[from] item: Leftovers
|upkeep
|turn|9
|
|t:|1758292036
|move|p2a: Lucario|Flash Cannon|p1a: Dragonite
|-damage|p1a: Dragonite|63/100
|-unboost|p1a: Dragonite|spd|1
|move|p1a: Dragonite|Earthquake|p2a: Lucario
|-damage|p2a: Lucario|35/100
|
|-heal|p2a: Lucario|41/100|[from] item: Leftovers
|upkeep
|turn|10
|
|t:|1758292046
|move|p2a: Lucario|Flash Cannon|p1a: Dragonite
|-damage|p1a: Dragonite|0 fnt
|faint|p1a: Dragonite
|
|-heal|p2a: Lucario|47/100|[from] item: Leftovers
|upkeep
|
|t:|1758292048
|switch|p1a: Weavile|Weavile, F|100/100
|-ability|p1a: Weavile|Pressure
|turn|11
|
|t:|1758292056
|move|p2a: Lucario|Vacuum Wave|p1a: Weavile
|-supereffective|p1a: Weavile
|-damage|p1a: Weavile|0 fnt
|faint|p1a: Weavile
|
|-heal|p2a: Lucario|53/100|[from] item: Leftovers
|upkeep
|-message|JayQualin forfeited.
|
|win|osodelclima
|raw|JayQualin's rating: 1321 &rarr; <strong>1301</strong><br />(-20 for losing)
|raw|osodelclima's rating: 1329 &rarr; <strong>1349</strong><br />(+20 for winning)
|l|☆JayQualin
|player|p1|
|l|☆osodelclima
|player|p2|
