|j|☆abud32
|j|☆nale581
|t:|1758263483
|gametype|singles
|player|p1|abud32|266|1183
|player|p2|nale581|n|1148
|gen|9
|tier|[Gen 9] OU
|rated|
|rule|HP Percentage Mod: HP is shown in percentages
|rule|Endless Battle Clause: Forcing endless battles is banned
|rule|Species Clause: Limit one of each Pokémon
|rule|OHKO Clause: OHKO moves are banned
|rule|Evasion Items Clause: Evasion items are banned
|rule|Evasion Moves Clause: Evasion moves are banned
|rule|Evasion Abilities Clause: Evasion abilities are banned
|rule|Sleep Moves Clause: Sleep-inducing moves are banned
|clearpoke
|poke|p1|Dragonite, M|
|poke|p1|Charizard, M|
|poke|p1|Iron Valiant|
|poke|p1|Kingambit, M|
|poke|p1|Primarina, M|
|poke|p1|Raichu, F|
|poke|p2|Garganacl, F|
|poke|p2|Kingambit, M|
|poke|p2|Great Tusk|
|poke|p2|Gliscor, F|
|poke|p2|Slowking-Galar, M|
|poke|p2|Rillaboom, F|
|teampreview
|inactive|Battle timer is ON: inactive players will automatically lose when time's up. (requested by nale581)
|
|t:|1758263491
|teamsize|p1|6
|teamsize|p2|6
|start
|switch|p1a: Primarina|Primarina, M|100/100
|switch|p2a: Rillaboom|Rillaboom, F|100/100
|-fieldstart|move: Grassy Terrain|[from] ability: Grassy Surge|[of] p2a: Rillaboom
|turn|1
|
|t:|1758263499
|switch|p1a: Raichu|Raichu, F|100/100
|move|p2a: Rillaboom|Wood Hammer|p1a: Raichu
|-enditem|p1a: Raichu|Focus Sash
|-damage|p1a: Raichu|1/100
|-damage|p2a: Rillaboom|79/100|[from] Recoil
|
|-heal|p1a: Raichu|7/100|[from] Grassy Terrain
|-heal|p2a: Rillaboom|85/100|[from] Grassy Terrain
|upkeep
|turn|2
|
|t:|1758263508
|move|p1a: Raichu|Fake Out|p2a: Rillaboom
|-damage|p2a: Rillaboom|77/100
|cant|p2a: Rillaboom|flinch
|
|-heal|p1a: Raichu|13/100|[from] Grassy Terrain
|-heal|p2a: Rillaboom|83/100|[from] Grassy Terrain
|upkeep
|turn|3
|
|t:|1758263521
|switch|p2a: Gliscor|Gliscor, F|100/100
|move|p1a: Raichu|Volt Switch|p2a: Gliscor
|-immune|p2a: Gliscor
|
|-heal|p1a: Raichu|19/100|[from] Grassy Terrain
|-status|p2a: Gliscor|tox|[from] item: Toxic Orb
|upkeep
|turn|4
|
|t:|1758263535
|move|p1a: Raichu|Wish|p1a: Raichu
|move|p2a: Gliscor|Spikes|p1a: Raichu
|-sidestart|p1: abud32|Spikes
|
|-heal|p1a: Raichu|25/100|[from] Grassy Terrain
|upkeep
|turn|5
|
|t:|1758263547
|switch|p1a: Primarina|Primarina, M|100/100
|-damage|p1a: Primarina|88/100|[from] Spikes
|move|p2a: Gliscor|Spikes|p1a: Primarina
|-sidestart|p1: abud32|Spikes
|
|-heal|p1a: Primarina|100/100|[from] move: Wish|[wisher] Raichu
|-fieldend|move: Grassy Terrain
|upkeep
|turn|6
|
|t:|1758263558
|switch|p2a: Rillaboom|Rillaboom, F|83/100
|-fieldstart|move: Grassy Terrain|[from] ability: Grassy Surge|[of] p2a: Rillaboom
|move|p1a: Primarina|Ice Beam|p2a: Rillaboom
|-supereffective|p2a: Rillaboom
|-damage|p2a: Rillaboom|0 fnt
|faint|p2a: Rillaboom
|
|upkeep
|
|t:|1758263569
|switch|p2a: Slowking|Slowking-Galar, M|100/100
|turn|7
|
|t:|1758263573
|switch|p1a: Raichu|Raichu, F|25/100
|-damage|p1a: Raichu|9/100|[from] Spikes
|move|p2a: Slowking|Sludge Bomb|p1a: Raichu
|-damage|p1a: Raichu|0 fnt
|faint|p1a: Raichu
|
|upkeep
|
|t:|1758263594
|switch|p1a: Dragonite|Dragonite, M|100/100
|turn|8
|
|t:|1758263599
|move|p1a: Dragonite|Dragon Dance|p1a: Dragonite
|-boost|p1a: Dragonite|atk|1
|-boost|p1a: Dragonite|spe|1
|move|p2a: Slowking|Future Sight|p1a: Dragonite
|-start|p2a: Slowking|move: Future Sight
|
|upkeep
|turn|9
|
|t:|1758263609
|move|p1a: Dragonite|Earthquake|p2a: Slowking
|-supereffective|p2a: Slowking
|-damage|p2a: Slowking|57/100
|move|p2a: Slowking|Slack Off|p2a: Slowking
|-heal|p2a: Slowking|100/100
|
|upkeep
|turn|10
|
|t:|1758263615
|move|p1a: Dragonite|Dragon Dance|p1a: Dragonite
|-boost|p1a: Dragonite|atk|1
|-boost|p1a: Dragonite|spe|1
|move|p2a: Slowking|Sludge Bomb|p1a: Dragonite
|-damage|p1a: Dragonite|81/100
|
|-end|p1a: Dragonite|move: Future Sight
|-damage|p1a: Dragonite|35/100
|-fieldend|move: Grassy Terrain
|upkeep
|turn|11
|
|t:|1758263628
|switch|p2a: Gliscor|Gliscor, F|100/100 tox
|move|p1a: Dragonite|Earthquake|p2a: Gliscor
|-immune|p2a: Gliscor
|
|upkeep
|turn|12
|
|t:|1758263633
|-terastallize|p1a: Dragonite|Normal
|move|p1a: Dragonite|Extreme Speed|p2a: Gliscor
|-damage|p2a: Gliscor|36/100 tox
|move|p2a: Gliscor|Knock Off|p1a: Dragonite
|-damage|p1a: Dragonite|11/100
|-enditem|p1a: Dragonite|Weakness Policy|[from] move: Knock Off|[of] p2a: Gliscor
|
|-heal|p2a: Gliscor|49/100 tox|[from] ability: Poison Heal
|upkeep
|turn|13
|
|t:|1758263644
|move|p2a: Gliscor|Protect|p2a: Gliscor
|-singleturn|p2a: Gliscor|Protect
|move|p1a: Dragonite|Extreme Speed|p2a: Gliscor
|-activate|p2a: Gliscor|move: Protect
|
|-heal|p2a: Gliscor|61/100 tox|[from] ability: Poison Heal
|upkeep
|turn|14
|inactive|abud32 has 120 seconds left.
|
|t:|1758263689
|switch|p2a: Kingambit|Kingambit, M|100/100
|-activate|p2a: Kingambit|ability: Supreme Overlord
|-start|p2a: Kingambit|fallen1|[silent]
|move|p1a: Dragonite|Extreme Speed|p2a: Kingambit
|-resisted|p2a: Kingambit
|-damage|p2a: Kingambit|70/100
|
|-heal|p2a: Kingambit|76/100|[from] item: Leftovers
|upkeep
|turn|15
|
|t:|1758263696
|move|p2a: Kingambit|Sucker Punch|p1a: Dragonite
|-damage|p1a: Dragonite|0 fnt
|faint|p1a: Dragonite
|
|-heal|p2a: Kingambit|82/100|[from] item: Leftovers
|upkeep
|inactive|abud32 has 120 seconds left.
|
|t:|1758263705
|switch|p1a: Iron Valiant|Iron Valiant|100/100
|-damage|p1a: Iron Valiant|84/100|[from] Spikes
|-enditem|p1a: Iron Valiant|Booster Energy
|-activate|p1a: Iron Valiant|ability: Quark Drive|[fromitem]
|-start|p1a: Iron Valiant|quarkdrivespe
|turn|16
|
|t:|1758263713
|-terastallize|p2a: Kingambit|Ghost
|move|p1a: Iron Valiant|Knock Off|p2a: Kingambit
|-supereffective|p2a: Kingambit
|-crit|p2a: Kingambit
|-damage|p2a: Kingambit|11/100
|-enditem|p2a: Kingambit|Leftovers|[from] move: Knock Off|[of] p1a: Iron Valiant
|move|p2a: Kingambit|Iron Head|p1a: Iron Valiant
|-supereffective|p1a: Iron Valiant
|-damage|p1a: Iron Valiant|0 fnt
|faint|p1a: Iron Valiant
|-end|p1a: Iron Valiant|Quark Drive|[silent]
|
|upkeep
|inactive|abud32 has 120 seconds left.
|
|t:|1758263727
|switch|p1a: Charizard|Charizard, M|100/100
|turn|17
|
|t:|1758263733
|-end|p2a: Kingambit|fallen1|[silent]
|switch|p2a: Garganacl|Garganacl, F|100/100
|move|p1a: Charizard|Heat Wave|p2a: Garganacl|[miss]
|-miss|p1a: Charizard|p2a: Garganacl
|
|upkeep
|turn|18
|
|t:|1758263741
|move|p1a: Charizard|Scorching Sands|p2a: Garganacl
|-supereffective|p2a: Garganacl
|-damage|p2a: Garganacl|70/100
|move|p2a: Garganacl|Stealth Rock|p1a: Charizard
|-sidestart|p1: abud32|move: Stealth Rock
|
|-heal|p2a: Garganacl|76/100|[from] item: Leftovers
|upkeep
|turn|19
|
|t:|1758263748
|move|p2a: Garganacl|Protect|p2a: Garganacl
|-singleturn|p2a: Garganacl|Protect
|move|p1a: Charizard|Scorching Sands|p2a: Garganacl
|-activate|p2a: Garganacl|move: Protect
|
|-heal|p2a: Garganacl|82/100|[from] item: Leftovers
|upkeep
|turn|20
|
|t:|1758263753
|move|p1a: Charizard|Heat Wave|p2a: Garganacl
|-resisted|p2a: Garganacl
|-damage|p2a: Garganacl|67/100
|move|p2a: Garganacl|Salt Cure|p1a: Charizard
|-supereffective|p1a: Charizard
|-damage|p1a: Charizard|12/100
|-start|p1a: Charizard|Salt Cure
|
|-heal|p2a: Garganacl|74/100|[from] item: Leftovers
|-damage|p1a: Charizard|0 fnt|[from] Salt Cure
|faint|p1a: Charizard
|upkeep
|
|t:|1758263763
|switch|p1a: Primarina|Primarina, M|100/100
|-damage|p1a: Primarina|84/100|[from] Spikes
|-damage|p1a: Primarina|72/100|[from] Stealth Rock
|turn|21
|
|t:|1758263769
|switch|p2a: Slowking|Slowking-Galar, M|100/100
|move|p1a: Primarina|Hyper Voice|p2a: Slowking
|-damage|p2a: Slowking|39/100
|
|upkeep
|turn|22
|
|t:|1758263774
|move|p1a: Primarina|Hyper Voice|p2a: Slowking
|-damage|p2a: Slowking|0 fnt
|faint|p2a: Slowking
|
|upkeep
|
|t:|1758263784
|switch|p2a: Great Tusk|Great Tusk|100/100
|turn|23
|
|t:|1758263788
|move|p2a: Great Tusk|Headlong Rush|p1a: Primarina
|-damage|p1a: Primarina|5/100
|-unboost|p2a: Great Tusk|def|1
|-unboost|p2a: Great Tusk|spd|1
|move|p1a: Primarina|Hyper Voice|p2a: Great Tusk
|-supereffective|p2a: Great Tusk
|-damage|p2a: Great Tusk|0 fnt
|faint|p2a: Great Tusk
|-end|p2a: Great Tusk|Protosynthesis|[silent]
|
|upkeep
|
|t:|1758263795
|switch|p2a: Kingambit|Kingambit, M, tera:Ghost|11/100
|-activate|p2a: Kingambit|ability: Supreme Overlord
|-start|p2a: Kingambit|fallen3|[silent]
|turn|24
|
|t:|1758263800
|move|p2a: Kingambit|Sucker Punch|p1a: Primarina
|-resisted|p1a: Primarina
|-damage|p1a: Primarina|0 fnt
|faint|p1a: Primarina
|
|upkeep
|
|t:|1758263805
|switch|p1a: Kingambit|Kingambit, M|100/100
|-damage|p1a: Kingambit|84/100|[from] Spikes
|-damage|p1a: Kingambit|78/100|[from] Stealth Rock
|-activate|p1a: Kingambit|ability: Supreme Overlord
|-start|p1a: Kingambit|fallen5|[silent]
|turn|25
|
|t:|1758263812
|move|p1a: Kingambit|Kowtow Cleave|p2a: Kingambit
|-supereffective|p2a: Kingambit
|-damage|p2a: Kingambit|0 fnt
|faint|p2a: Kingambit
|-end|p2a: Kingambit|fallen3|[silent]
|
|upkeep
|
|t:|1758263816
|switch|p2a: Gliscor|Gliscor, F|61/100 tox
|turn|26
|
|t:|1758263819
|move|p2a: Gliscor|Protect|p2a: Gliscor
|-singleturn|p2a: Gliscor|Protect
|move|p1a: Kingambit|Kowtow Cleave|p2a: Gliscor
|-activate|p2a: Gliscor|move: Protect
|
|-heal|p2a: Gliscor|73/100 tox|[from] ability: Poison Heal
|upkeep
|turn|27
|
|t:|1758263826
|move|p1a: Kingambit|Kowtow Cleave|p2a: Gliscor
|-damage|p2a: Gliscor|22/100 tox
|move|p2a: Gliscor|Earthquake|p1a: Kingambit
|-supereffective|p1a: Kingambit
|-damage|p1a: Kingambit|12/100
|
|-heal|p2a: Gliscor|35/100 tox|[from] ability: Poison Heal
|upkeep
|turn|28
|
|t:|1758263833
|move|p2a: Gliscor|Protect|p2a: Gliscor
|-singleturn|p2a: Gliscor|Protect
|move|p1a: Kingambit|Kowtow Cleave|p2a: Gliscor
|-activate|p2a: Gliscor|move: Protect
|
|-heal|p2a: Gliscor|47/100 tox|[from] ability: Poison Heal
|upkeep
|turn|29
|
|t:|1758263846
|move|p2a: Gliscor|Protect||[still]
|-fail|p2a: Gliscor
|move|p1a: Kingambit|Kowtow Cleave|p2a: Gliscor
|-crit|p2a: Gliscor
|-damage|p2a: Gliscor|0 fnt
|faint|p2a: Gliscor
|
|upkeep
|
|t:|1758263851
|switch|p2a: Garganacl|Garganacl, F|74/100
|turn|30
|
|t:|1758263859
|move|p1a: Kingambit|Kowtow Cleave|p2a: Garganacl
|-damage|p2a: Garganacl|29/100
|move|p2a: Garganacl|Salt Cure|p1a: Kingambit
|-resisted|p1a: Kingambit
|-damage|p1a: Kingambit|6/100
|-start|p1a: Kingambit|Salt Cure
|
|-heal|p2a: Garganacl|35/100|[from] item: Leftovers
|-damage|p1a: Kingambit|0 fnt|[from] Salt Cure
|faint|p1a: Kingambit
|-end|p1a: Kingambit|fallen5|[silent]
|
|win|nale581
|raw|abud32's rating: 1183 &rarr; <strong>1155</strong><br />(-28 for losing)
|raw|nale581's rating: 1148 &rarr; <strong>1176</strong><br />(+28 for winning)
|l|☆abud32
|player|p1|
|l|☆nale581
|player|p2|
