|j|☆wobo123猫雷
|j|‽six10lol
|t:|1758362213
|gametype|singles
|player|p1|wobo123猫雷|sightseerf|1506
|player|p2|six10lol|pokekid|1487
|gen|9
|tier|[Gen 9] OU
|rated|
|rule|HP Percentage Mod: HP is shown in percentages
|rule|Endless Battle Clause: Forcing endless battles is banned
|rule|Species Clause: Limit one of each Pokémon
|rule|OHKO Clause: OHKO moves are banned
|rule|Evasion Items Clause: Evasion items are banned
|rule|Evasion Moves Clause: Evasion moves are banned
|rule|Evasion Abilities Clause: Evasion abilities are banned
|rule|Sleep Moves Clause: Sleep-inducing moves are banned
|clearpoke
|poke|p1|Ogerpon-Wellspring, F|
|poke|p1|Kingambit, M|
|poke|p1|Dragapult, F|
|poke|p1|Raging Bolt|
|poke|p1|Samurott-Hisui, M|
|poke|p1|Iron Treads|
|poke|p2|Ursaluna, M|
|poke|p2|Cresselia, F|
|poke|p2|Kingambit, F|
|poke|p2|Volcanion|
|poke|p2|Hatterene, F|
|poke|p2|Porygon2|
|teampreview
|inactive|Battle timer is ON: inactive players will automatically lose when time's up. (requested by six10lol)
|j| csjjj
|l| csjjj
|
|t:|1758362233
|teamsize|p1|6
|teamsize|p2|6
|start
|switch|p1a: Samurott|Samurott-Hisui, M|100/100
|switch|p2a: Ursaluna|Ursaluna, M|100/100
|turn|1
|
|t:|1758362240
|move|p2a: Ursaluna|Protect|p2a: Ursaluna
|-singleturn|p2a: Ursaluna|Protect
|move|p1a: Samurott|Aqua Cutter|p2a: Ursaluna
|-activate|p2a: Ursaluna|move: Protect
|
|-status|p2a: Ursaluna|brn|[from] item: Flame Orb
|upkeep
|turn|2
|
|t:|1758362248
|move|p1a: Samurott|Aqua Cutter|p2a: Ursaluna
|-supereffective|p2a: Ursaluna
|-damage|p2a: Ursaluna|0 fnt
|faint|p2a: Ursaluna
|
|upkeep
|
|t:|1758362259
|switch|p2a: Volcanion|Volcanion|100/100
|turn|3
|
|t:|1758362266
|switch|p1a: Ogerpon|Ogerpon-Wellspring, F|100/100
|move|p2a: Volcanion|Earth Power|p1a: Ogerpon
|-resisted|p1a: Ogerpon
|-damage|p1a: Ogerpon|72/100
|
|upkeep
|turn|4
|
|t:|1758362276
|switch|p2a: Porygon2|Porygon2|100/100
|-ability|p2a: Porygon2|Download|boost
|-boost|p2a: Porygon2|atk|1
|move|p1a: Ogerpon|Power Whip|p2a: Porygon2
|-damage|p2a: Porygon2|53/100
|
|upkeep
|turn|5
|
|t:|1758362284
|move|p1a: Ogerpon|Ivy Cudgel|p2a: Porygon2|[anim] Ivy Cudgel Water
|-damage|p2a: Porygon2|16/100
|move|p2a: Porygon2|Trick Room|p2a: Porygon2
|-fieldstart|move: Trick Room|[of] p2a: Porygon2
|
|upkeep
|turn|6
|
|t:|1758362294
|move|p2a: Porygon2|Hyper Beam|p1a: Ogerpon
|-damage|p1a: Ogerpon|0 fnt
|-mustrecharge|p2a: Porygon2
|faint|p1a: Ogerpon
|
|upkeep
|
|t:|1758362301
|switch|p1a: Samurott|Samurott-Hisui, M|100/100
|turn|7
|
|t:|1758362305
|cant|p2a: Porygon2|recharge
|move|p1a: Samurott|Ceaseless Edge|p2a: Porygon2
|-damage|p2a: Porygon2|0 fnt
|-sidestart|p2: six10lol|Spikes
|faint|p2a: Porygon2
|
|upkeep
|
|t:|1758362313
|switch|p2a: Kingambit|Kingambit, F|100/100
|-damage|p2a: Kingambit|88/100|[from] Spikes
|-activate|p2a: Kingambit|ability: Supreme Overlord
|-start|p2a: Kingambit|fallen2|[silent]
|turn|8
|
|t:|1758362317
|move|p2a: Kingambit|Swords Dance|p2a: Kingambit
|-boost|p2a: Kingambit|atk|2
|move|p1a: Samurott|Ceaseless Edge|p2a: Kingambit
|-resisted|p2a: Kingambit
|-damage|p2a: Kingambit|62/100
|-sidestart|p2: six10lol|Spikes
|
|upkeep
|turn|9
|
|t:|1758362329
|switch|p1a: Iron Treads|Iron Treads|100/100
|-terastallize|p2a: Kingambit|Fairy
|move|p2a: Kingambit|Tera Blast|p1a: Iron Treads|[anim] Tera Blast Fairy
|-resisted|p1a: Iron Treads
|-damage|p1a: Iron Treads|56/100
|
|-heal|p1a: Iron Treads|62/100|[from] item: Leftovers
|-fieldend|move: Trick Room
|upkeep
|turn|10
|
|t:|1758362337
|move|p2a: Kingambit|Sucker Punch||[still]
|-fail|p2a: Kingambit
|move|p1a: Iron Treads|Stealth Rock|p2a: Kingambit
|-sidestart|p2: six10lol|move: Stealth Rock
|
|-heal|p1a: Iron Treads|68/100|[from] item: Leftovers
|upkeep
|turn|11
|
|t:|1758362342
|move|p1a: Iron Treads|Earthquake|p2a: Kingambit
|-damage|p2a: Kingambit|34/100
|move|p2a: Kingambit|Kowtow Cleave|p1a: Iron Treads
|-damage|p1a: Iron Treads|0 fnt
|faint|p1a: Iron Treads
|-end|p1a: Iron Treads|Quark Drive|[silent]
|
|upkeep
|l|‽six10lol
|inactive|six10lol disconnected and has a minute to reconnect!
|player|p2|
|
|t:|1758362350
|switch|p1a: Samurott|Samurott-Hisui, M|100/100
|turn|12
|inactive|six10lol has 30 seconds to reconnect!
|inactive|six10lol has 20 seconds to reconnect!
|inactive|six10lol has 15 seconds to reconnect!
|inactive|six10lol has 10 seconds to reconnect!
|inactive|six10lol has 5 seconds to reconnect!
|-message|six10lol lost due to inactivity.
|
|win|wobo123猫雷
|raw|wobo123猫雷's rating: 1506 &rarr; <strong>1525</strong><br />(+19 for winning)
|raw|six10lol's rating: 1487 &rarr; <strong>1468</strong><br />(-19 for losing)
|l|☆wobo123猫雷
|player|p1|
