|j|☆Supersayan999
|j|☆SadSmelly
|t:|1758327881
|gametype|singles
|player|p1|Supersayan999|palmer|1402
|player|p2|SadSmelly|veteran|1370
|gen|9
|tier|[Gen 9] OU
|rated|
|rule|HP Percentage Mod: HP is shown in percentages
|rule|Endless Battle Clause: Forcing endless battles is banned
|rule|Species Clause: Limit one of each Pokémon
|rule|OHKO Clause: OHKO moves are banned
|rule|Evasion Items Clause: Evasion items are banned
|rule|Evasion Moves Clause: Evasion moves are banned
|rule|Evasion Abilities Clause: Evasion abilities are banned
|rule|Sleep Moves Clause: Sleep-inducing moves are banned
|clearpoke
|poke|p1|Ogerpon, F|
|poke|p1|Cinderace, M|
|poke|p1|Clefable, F|
|poke|p1|Deoxys-Defense|
|poke|p1|Primarina, F|
|poke|p1|Lokix, F|
|poke|p2|Samurott-Hisui, F|
|poke|p2|Dragonite, F|
|poke|p2|Dragapult, M|
|poke|p2|Great Tusk|
|poke|p2|Clefable, M|
|poke|p2|Corviknight, F|
|teampreview
|
|t:|1758327888
|teamsize|p1|6
|teamsize|p2|6
|start
|switch|p1a: Ogerpon|Ogerpon, F|100/100
|switch|p2a: Samurott|Samurott-Hisui, F|100/100
|turn|1
|
|t:|1758327898
|move|p1a: Ogerpon|Ivy Cudgel|p2a: Samurott
|-supereffective|p2a: Samurott
|-enditem|p2a: Samurott|Focus Sash
|-damage|p2a: Samurott|1/100
|move|p2a: Samurott|Encore|p1a: Ogerpon
|-start|p1a: Ogerpon|Encore
|
|upkeep
|turn|2
|
|t:|1758327911
|switch|p2a: Corviknight|Corviknight, F|100/100
|-ability|p2a: Corviknight|Pressure
|move|p1a: Ogerpon|Ivy Cudgel|p2a: Corviknight
|-resisted|p2a: Corviknight
|-damage|p2a: Corviknight|89/100
|
|-heal|p2a: Corviknight|95/100|[from] item: Leftovers
|upkeep
|turn|3
|
|t:|1758327922
|switch|p1a: Deoxys|Deoxys-Defense|100/100
|-ability|p1a: Deoxys|Pressure
|move|p2a: Corviknight|Brave Bird|p1a: Deoxys
|-damage|p1a: Deoxys|78/100
|-damage|p2a: Corviknight|79/100|[from] item: Rocky Helmet|[of] p1a: Deoxys
|-damage|p2a: Corviknight|73/100|[from] Recoil
|
|-heal|p2a: Corviknight|79/100|[from] item: Leftovers
|upkeep
|turn|4
|
|t:|1758327986
|switch|p2a: Dragapult|Dragapult, M|100/100
|move|p1a: Deoxys|Thunder Wave|p2a: Dragapult
|-status|p2a: Dragapult|par
|
|upkeep
|turn|5
|
|t:|1758328002
|switch|p1a: Primarina|Primarina, F|100/100
|cant|p2a: Dragapult|par
|
|upkeep
|turn|6
|
|t:|1758328016
|switch|p2a: Clefable|Clefable, M|100/100
|move|p1a: Primarina|Sparkling Aria|p2a: Clefable
|-damage|p2a: Clefable|25/100
|
|upkeep
|turn|7
|
|t:|1758328023
|move|p2a: Clefable|Thunder Wave|p1a: Primarina
|-status|p1a: Primarina|par
|move|p1a: Primarina|Sparkling Aria|p2a: Clefable
|-damage|p2a: Clefable|0 fnt
|faint|p2a: Clefable
|
|upkeep
|
|t:|1758328037
|switch|p2a: Dragonite|Dragonite, F|100/100
|turn|8
|
|t:|1758328058
|switch|p1a: Clefable|Clefable, F|100/100
|-terastallize|p2a: Dragonite|Normal
|move|p2a: Dragonite|Dragon Dance|p2a: Dragonite
|-boost|p2a: Dragonite|atk|1
|-boost|p2a: Dragonite|spe|1
|
|upkeep
|turn|9
|
|t:|1758328067
|move|p2a: Dragonite|Dragon Dance|p2a: Dragonite
|-boost|p2a: Dragonite|atk|1
|-boost|p2a: Dragonite|spe|1
|move|p1a: Clefable|Moonblast|p2a: Dragonite
|-damage|p2a: Dragonite|84/100
|
|upkeep
|turn|10
|
|t:|1758328074
|move|p2a: Dragonite|Extreme Speed|p1a: Clefable
|-damage|p1a: Clefable|64/100
|move|p1a: Clefable|Wish|p1a: Clefable
|
|-heal|p1a: Clefable|71/100|[from] item: Leftovers
|upkeep
|turn|11
|
|t:|1758328083
|move|p2a: Dragonite|Earthquake|p1a: Clefable
|-damage|p1a: Clefable|43/100
|move|p1a: Clefable|Moonblast|p2a: Dragonite
|-damage|p2a: Dragonite|52/100
|-unboost|p2a: Dragonite|spa|1
|
|-heal|p1a: Clefable|93/100|[from] move: Wish|[wisher] Clefable
|-heal|p1a: Clefable|99/100|[from] item: Leftovers
|upkeep
|turn|12
|
|t:|1758328102
|switch|p2a: Corviknight|Corviknight, F|79/100
|-ability|p2a: Corviknight|Pressure
|move|p1a: Clefable|Moonblast|p2a: Corviknight
|-resisted|p2a: Corviknight
|-damage|p2a: Corviknight|66/100
|
|-heal|p2a: Corviknight|72/100|[from] item: Leftovers
|-heal|p1a: Clefable|100/100|[from] item: Leftovers
|upkeep
|turn|13
|
|t:|1758328112
|move|p2a: Corviknight|Iron Head|p1a: Clefable
|-supereffective|p1a: Clefable
|-crit|p1a: Clefable
|-damage|p1a: Clefable|46/100
|move|p1a: Clefable|Fire Blast|p2a: Corviknight
|-supereffective|p2a: Corviknight
|-damage|p2a: Corviknight|30/100
|
|-heal|p2a: Corviknight|36/100|[from] item: Leftovers
|-heal|p1a: Clefable|52/100|[from] item: Leftovers
|upkeep
|turn|14
|
|t:|1758328124
|move|p2a: Corviknight|Iron Head|p1a: Clefable
|-supereffective|p1a: Clefable
|-damage|p1a: Clefable|13/100
|move|p1a: Clefable|Wish|p1a: Clefable
|
|-heal|p2a: Corviknight|42/100|[from] item: Leftovers
|-heal|p1a: Clefable|19/100|[from] item: Leftovers
|upkeep
|turn|15
|
|t:|1758328160
|switch|p2a: Dragonite|Dragonite, F, tera:Normal|52/100
|move|p1a: Clefable|Protect||[still]
|-fail|p1a: Clefable
|
|-heal|p1a: Clefable|69/100|[from] move: Wish|[wisher] Clefable
|-heal|p1a: Clefable|75/100|[from] item: Leftovers
|upkeep
|turn|16
|
|t:|1758328177
|switch|p2a: Corviknight|Corviknight, F|42/100
|-ability|p2a: Corviknight|Pressure
|move|p1a: Clefable|Wish|p1a: Clefable
|
|-heal|p2a: Corviknight|49/100|[from] item: Leftovers
|-heal|p1a: Clefable|81/100|[from] item: Leftovers
|upkeep
|turn|17
|
|t:|1758328188
|move|p2a: Corviknight|Iron Head|p1a: Clefable
|-supereffective|p1a: Clefable
|-damage|p1a: Clefable|46/100
|move|p1a: Clefable|Fire Blast|p2a: Corviknight
|-supereffective|p2a: Corviknight
|-damage|p2a: Corviknight|4/100
|
|-heal|p1a: Clefable|96/100|[from] move: Wish|[wisher] Clefable
|-heal|p2a: Corviknight|10/100|[from] item: Leftovers
|-heal|p1a: Clefable|100/100|[from] item: Leftovers
|upkeep
|turn|18
|
|t:|1758328200
|switch|p1a: Deoxys|Deoxys-Defense|78/100
|-ability|p1a: Deoxys|Pressure
|move|p2a: Corviknight|Roost|p2a: Corviknight
|-heal|p2a: Corviknight|60/100
|-singleturn|p2a: Corviknight|move: Roost
|
|-heal|p2a: Corviknight|67/100|[from] item: Leftovers
|upkeep
|turn|19
|
|t:|1758328246
|switch|p2a: Dragonite|Dragonite, F, tera:Normal|52/100
|move|p1a: Deoxys|Stealth Rock|p2a: Dragonite
|-sidestart|p2: SadSmelly|move: Stealth Rock
|
|upkeep
|turn|20
|
|t:|1758328253
|move|p2a: Dragonite|Extreme Speed|p1a: Deoxys
|-damage|p1a: Deoxys|50/100
|-damage|p2a: Dragonite|35/100|[from] item: Rocky Helmet|[of] p1a: Deoxys
|move|p1a: Deoxys|Thunder Wave|p2a: Dragonite
|-status|p2a: Dragonite|par
|
|upkeep
|turn|21
|
|t:|1758328264
|switch|p2a: Great Tusk|Great Tusk|100/100
|-damage|p2a: Great Tusk|98/100|[from] Stealth Rock
|move|p1a: Deoxys|Recover|p1a: Deoxys
|-heal|p1a: Deoxys|99/100
|
|upkeep
|turn|22
|
|t:|1758328272
|move|p2a: Great Tusk|Knock Off|p1a: Deoxys
|-supereffective|p1a: Deoxys
|-damage|p1a: Deoxys|55/100
|-damage|p2a: Great Tusk|81/100|[from] item: Rocky Helmet|[of] p1a: Deoxys
|-enditem|p1a: Deoxys|Rocky Helmet|[from] move: Knock Off|[of] p2a: Great Tusk
|move|p1a: Deoxys|Stealth Rock||[still]
|-fail|p1a: Deoxys
|
|upkeep
|turn|23
|
|t:|1758328284
|switch|p1a: Clefable|Clefable, F|100/100
|move|p2a: Great Tusk|Rapid Spin|p1a: Clefable
|-damage|p1a: Clefable|88/100
|-boost|p2a: Great Tusk|spe|1
|-sideend|p2: SadSmelly|Stealth Rock|[from] move: Rapid Spin|[of] p2a: Great Tusk
|
|-heal|p1a: Clefable|94/100|[from] item: Leftovers
|upkeep
|turn|24
|
|t:|1758328294
|move|p2a: Great Tusk|Headlong Rush|p1a: Clefable
|-damage|p1a: Clefable|46/100
|-unboost|p2a: Great Tusk|def|1
|-unboost|p2a: Great Tusk|spd|1
|move|p1a: Clefable|Moonblast|p2a: Great Tusk
|-supereffective|p2a: Great Tusk
|-damage|p2a: Great Tusk|0 fnt
|faint|p2a: Great Tusk
|-end|p2a: Great Tusk|Protosynthesis|[silent]
|
|-heal|p1a: Clefable|52/100|[from] item: Leftovers
|upkeep
|
|t:|1758328304
|switch|p2a: Corviknight|Corviknight, F|67/100
|-ability|p2a: Corviknight|Pressure
|turn|25
|
|t:|1758328312
|move|p1a: Clefable|Protect|p1a: Clefable
|-singleturn|p1a: Clefable|Protect
|move|p2a: Corviknight|Iron Head|p1a: Clefable
|-activate|p1a: Clefable|move: Protect
|
|-heal|p2a: Corviknight|73/100|[from] item: Leftovers
|-heal|p1a: Clefable|58/100|[from] item: Leftovers
|upkeep
|turn|26
|-message|SadSmelly forfeited.
|
|win|Supersayan999
|raw|Supersayan999's rating: 1402 &rarr; <strong>1420</strong><br />(+18 for winning)
|raw|SadSmelly's rating: 1370 &rarr; <strong>1352</strong><br />(-18 for losing)
|l|☆SadSmelly
|player|p2|
|l|☆Supersayan999
|player|p1|
