|j|☆SlimyTime
|j|☆ilikeplayingroblox
|t:|1758304751
|gametype|singles
|player|p1|SlimyTime|ltsurge|1675
|player|p2|ilikeplayingroblox|allister|1754
|gen|9
|tier|[Gen 9] OU
|rated|
|rule|HP Percentage Mod: HP is shown in percentages
|rule|Endless Battle Clause: Forcing endless battles is banned
|rule|Species Clause: Limit one of each Pokémon
|rule|OHKO Clause: OHKO moves are banned
|rule|Evasion Items Clause: Evasion items are banned
|rule|Evasion Moves Clause: Evasion moves are banned
|rule|Evasion Abilities Clause: Evasion abilities are banned
|rule|Sleep Moves Clause: Sleep-inducing moves are banned
|clearpoke
|poke|p1|Pelipper, F|
|poke|p1|Hatterene, F|
|poke|p1|Iron Treads|
|poke|p1|Toxicroak, F|
|poke|p1|Barraskewda, F|
|poke|p1|Zapdos|
|poke|p2|Deoxys-Speed|
|poke|p2|Samurott-Hisui, M|
|poke|p2|Zamazenta-*|
|poke|p2|Moltres|
|poke|p2|Dragapult, M|
|poke|p2|Iron Treads|
|teampreview
|
|t:|1758304788
|teamsize|p1|6
|teamsize|p2|6
|start
|switch|p1a: Toxicroak|Toxicroak, F|100/100
|switch|p2a: Samurott|Samurott-Hisui, M|100/100
|turn|1
|
|t:|1758304794
|switch|p2a: Moltres|Moltres|100/100
|move|p1a: Toxicroak|Drain Punch|p2a: Moltres
|-resisted|p2a: Moltres
|-damage|p2a: Moltres|87/100
|
|upkeep
|turn|2
|
|t:|1758304801
|switch|p1a: Pelipper|Pelipper, F|100/100
|-weather|RainDance|[from] ability: Drizzle|[of] p1a: Pelipper
|move|p2a: Moltres|Will-O-Wisp|p1a: Pelipper
|-status|p1a: Pelipper|brn
|
|-weather|RainDance|[upkeep]
|-damage|p1a: Pelipper|94/100 brn|[from] brn
|upkeep
|turn|3
|
|t:|1758304805
|switch|p2a: Samurott|Samurott-Hisui, M|100/100
|move|p1a: Pelipper|Knock Off|p2a: Samurott
|-resisted|p2a: Samurott
|-damage|p2a: Samurott|97/100
|-enditem|p2a: Samurott|Assault Vest|[from] move: Knock Off|[of] p1a: Pelipper
|
|-weather|RainDance|[upkeep]
|-damage|p1a: Pelipper|88/100 brn|[from] brn
|upkeep
|turn|4
|
|t:|1758304808
|move|p2a: Samurott|Ceaseless Edge|p1a: Pelipper
|-damage|p1a: Pelipper|41/100 brn
|-sidestart|p1: SlimyTime|Spikes
|move|p1a: Pelipper|U-turn|p2a: Samurott
|-supereffective|p2a: Samurott
|-damage|p2a: Samurott|86/100
|
|t:|1758304812
|switch|p1a: Toxicroak|Toxicroak, F|100/100|[from] U-turn
|-damage|p1a: Toxicroak|88/100|[from] Spikes
|
|-weather|RainDance|[upkeep]
|-heal|p1a: Toxicroak|100/100|[from] ability: Dry Skin
|upkeep
|turn|5
|
|t:|1758304816
|switch|p2a: Moltres|Moltres|87/100
|move|p1a: Toxicroak|Toxic|p2a: Moltres
|-status|p2a: Moltres|tox
|
|-weather|RainDance|[upkeep]
|-damage|p2a: Moltres|81/100 tox|[from] psn
|upkeep
|turn|6
|
|t:|1758304823
|switch|p1a: Zapdos|Zapdos|100/100
|move|p2a: Moltres|U-turn|p1a: Zapdos
|-resisted|p1a: Zapdos
|-damage|p1a: Zapdos|91/100
|
|t:|1758304828
|switch|p2a: Dragapult|Dragapult, M|100/100|[from] U-turn
|
|-weather|RainDance|[upkeep]
|upkeep
|turn|7
|
|t:|1758304839
|move|p2a: Dragapult|Dragon Darts|p1a: Zapdos
|-damage|p1a: Zapdos|46/100
|-anim|p2a: Dragapult|Dragon Darts|p1a: Zapdos
|-damage|p1a: Zapdos|0 fnt
|faint|p1a: Zapdos
|
|-weather|RainDance|[upkeep]
|upkeep
|
|t:|1758304844
|switch|p1a: Iron Treads|Iron Treads|100/100
|-damage|p1a: Iron Treads|88/100|[from] Spikes
|turn|8
|
|t:|1758304852
|switch|p2a: Moltres|Moltres|81/100 tox
|move|p1a: Iron Treads|Earthquake|p2a: Moltres
|-immune|p2a: Moltres
|
|-weather|RainDance|[upkeep]
|-heal|p1a: Iron Treads|94/100|[from] item: Leftovers
|-damage|p2a: Moltres|75/100 tox|[from] psn
|upkeep
|turn|9
|
|t:|1758304863
|move|p1a: Iron Treads|Stealth Rock|p2a: Moltres
|-sidestart|p2: ilikeplayingroblox|move: Stealth Rock
|move|p2a: Moltres|Will-O-Wisp|p1a: Iron Treads
|-status|p1a: Iron Treads|brn
|
|-weather|none
|-heal|p1a: Iron Treads|99/100 brn|[from] item: Leftovers
|-damage|p2a: Moltres|63/100 tox|[from] psn
|-damage|p1a: Iron Treads|94/100 brn|[from] brn
|upkeep
|turn|10
|j| DissFunktion
|
|t:|1758304870
|switch|p2a: Dragapult|Dragapult, M|100/100
|-damage|p2a: Dragapult|88/100|[from] Stealth Rock
|move|p1a: Iron Treads|Volt Switch|p2a: Dragapult
|-resisted|p2a: Dragapult
|-damage|p2a: Dragapult|80/100
|
|t:|1758304876
|-end|p1a: Iron Treads|Quark Drive|[silent]
|switch|p1a: Hatterene|Hatterene, F|100/100|[from] Volt Switch
|-damage|p1a: Hatterene|88/100|[from] Spikes
|
|upkeep
|turn|11
|
|t:|1758304884
|-terastallize|p2a: Dragapult|Ghost
|move|p2a: Dragapult|Tera Blast|p1a: Hatterene|[anim] Tera Blast Ghost
|-supereffective|p1a: Hatterene
|-damage|p1a: Hatterene|0 fnt
|faint|p1a: Hatterene
|
|upkeep
|
|t:|1758304888
|switch|p1a: Pelipper|Pelipper, F|41/100 brn
|-weather|RainDance|[from] ability: Drizzle|[of] p1a: Pelipper
|turn|12
|
|t:|1758304891
|move|p2a: Dragapult|Tera Blast|p1a: Pelipper|[anim] Tera Blast Ghost
|-damage|p1a: Pelipper|0 fnt
|faint|p1a: Pelipper
|
|-weather|RainDance|[upkeep]
|upkeep
|
|t:|1758304892
|switch|p1a: Barraskewda|Barraskewda, F|100/100
|-damage|p1a: Barraskewda|88/100|[from] Spikes
|turn|13
|
|t:|1758304901
|switch|p2a: Samurott|Samurott-Hisui, M|86/100
|-damage|p2a: Samurott|74/100|[from] Stealth Rock
|-terastallize|p1a: Barraskewda|Water
|move|p1a: Barraskewda|Liquidation|p2a: Samurott
|-resisted|p2a: Samurott
|-damage|p2a: Samurott|2/100
|-unboost|p2a: Samurott|def|1
|
|-weather|RainDance|[upkeep]
|upkeep
|turn|14
|
|t:|1758304912
|switch|p1a: Toxicroak|Toxicroak, F|100/100
|-damage|p1a: Toxicroak|88/100|[from] Spikes
|move|p2a: Samurott|Aqua Jet|p1a: Toxicroak
|-heal|p1a: Toxicroak|100/100|[from] ability: Dry Skin|[of] p2a: Samurott
|
|-weather|RainDance|[upkeep]
|upkeep
|turn|15
|
|t:|1758304923
|move|p1a: Toxicroak|Drain Punch|p2a: Samurott
|-supereffective|p2a: Samurott
|-damage|p2a: Samurott|0 fnt
|faint|p2a: Samurott
|
|-weather|RainDance|[upkeep]
|upkeep
|
|t:|1758304927
|switch|p2a: Iron Treads|Iron Treads|100/100
|-damage|p2a: Iron Treads|97/100|[from] Stealth Rock
|turn|16
|
|t:|1758304933
|switch|p1a: Barraskewda|Barraskewda, F, tera:Water|88/100
|-damage|p1a: Barraskewda|76/100|[from] Spikes
|move|p2a: Iron Treads|Rapid Spin|p1a: Barraskewda
|-damage|p1a: Barraskewda|49/100
|-boost|p2a: Iron Treads|spe|1
|-sideend|p2: ilikeplayingroblox|Stealth Rock|[from] move: Rapid Spin|[of] p2a: Iron Treads
|
|-weather|RainDance|[upkeep]
|upkeep
|turn|17
|
|t:|1758304940
|-end|p2a: Iron Treads|Quark Drive|[silent]
|switch|p2a: Moltres|Moltres|63/100 tox
|move|p1a: Barraskewda|Liquidation|p2a: Moltres
|-supereffective|p2a: Moltres
|-damage|p2a: Moltres|0 fnt
|faint|p2a: Moltres
|
|-weather|RainDance|[upkeep]
|upkeep
|
|t:|1758304951
|switch|p2a: Zamazenta|Zamazenta|100/100
|-ability|p2a: Zamazenta|Dauntless Shield|boost
|-boost|p2a: Zamazenta|def|1
|turn|18
|
|t:|1758304955
|switch|p1a: Toxicroak|Toxicroak, F|100/100
|-damage|p1a: Toxicroak|88/100|[from] Spikes
|move|p2a: Zamazenta|Body Press|p1a: Toxicroak
|-resisted|p1a: Toxicroak
|-damage|p1a: Toxicroak|63/100
|-damage|p2a: Zamazenta|84/100|[from] item: Rocky Helmet|[of] p1a: Toxicroak
|
|-weather|RainDance|[upkeep]
|-heal|p1a: Toxicroak|75/100|[from] ability: Dry Skin
|-heal|p2a: Zamazenta|90/100|[from] item: Leftovers
|upkeep
|turn|19
|
|t:|1758304968
|switch|p2a: Iron Treads|Iron Treads|97/100
|move|p1a: Toxicroak|Toxic|p2a: Iron Treads
|-immune|p2a: Iron Treads
|
|-weather|none
|upkeep
|turn|20
|
|t:|1758304974
|switch|p1a: Iron Treads|Iron Treads|94/100 brn
|-damage|p1a: Iron Treads|82/100 brn|[from] Spikes
|move|p2a: Iron Treads|Earthquake|p1a: Iron Treads
|-supereffective|p1a: Iron Treads
|-damage|p1a: Iron Treads|28/100 brn
|
|-heal|p1a: Iron Treads|34/100 brn|[from] item: Leftovers
|-damage|p1a: Iron Treads|28/100 brn|[from] brn
|upkeep
|turn|21
|
|t:|1758304980
|move|p2a: Iron Treads|Rapid Spin|p1a: Iron Treads
|-resisted|p1a: Iron Treads
|-damage|p1a: Iron Treads|23/100 brn
|-boost|p2a: Iron Treads|spe|1
|move|p1a: Iron Treads|Earthquake|p2a: Iron Treads
|-supereffective|p2a: Iron Treads
|-damage|p2a: Iron Treads|75/100
|
|-heal|p1a: Iron Treads|29/100 brn|[from] item: Leftovers
|-damage|p1a: Iron Treads|23/100 brn|[from] brn
|upkeep
|turn|22
|-message|SlimyTime forfeited.
|
|win|ilikeplayingroblox
|raw|SlimyTime's rating: 1675 &rarr; <strong>1659</strong><br />(-16 for losing)
|raw|ilikeplayingroblox's rating: 1754 &rarr; <strong>1770</strong><br />(+16 for winning)
|l|☆SlimyTime
|player|p1|
|l|☆ilikeplayingroblox
|player|p2|
