|j|☆snakey77
|j|☆she's not noob
|t:|1758284344
|gametype|singles
|player|p1|snakey77|101|1500
|player|p2|she's not noob|sada-ai|1471
|gen|9
|tier|[Gen 9] OU
|rated|
|rule|HP Percentage Mod: HP is shown in percentages
|rule|Endless Battle Clause: Forcing endless battles is banned
|rule|Species Clause: Limit one of each Pokémon
|rule|OHKO Clause: OHKO moves are banned
|rule|Evasion Items Clause: Evasion items are banned
|rule|Evasion Moves Clause: Evasion moves are banned
|rule|Evasion Abilities Clause: Evasion abilities are banned
|rule|Sleep Moves Clause: Sleep-inducing moves are banned
|clearpoke
|poke|p1|Meowscarada, F|
|poke|p1|Magnezone|
|poke|p1|Great Tusk|
|poke|p1|Slowking-Galar, M|
|poke|p1|Alomomola, F|
|poke|p1|Dragapult, M|
|poke|p2|Glimmora, M|
|poke|p2|Darkrai|
|poke|p2|Iron Valiant|
|poke|p2|Kingambit, M|
|poke|p2|Dragonite, M|
|poke|p2|Gholdengo|
|teampreview
|inactive|Battle timer is ON: inactive players will automatically lose when time's up. (requested by she's not noob)
|inactive|snakey77 has 120 seconds left.
|
|t:|1758284391
|teamsize|p1|6
|teamsize|p2|6
|start
|switch|p1a: Great Tusk|Great Tusk|100/100
|switch|p2a: Glimmora|Glimmora, M, shiny|100/100
|turn|1
|
|t:|1758284405
|move|p1a: Great Tusk|Headlong Rush|p2a: Glimmora
|-supereffective|p2a: Glimmora
|-enditem|p2a: Glimmora|Focus Sash
|-damage|p2a: Glimmora|1/100
|-unboost|p1a: Great Tusk|def|1
|-unboost|p1a: Great Tusk|spd|1
|-activate|p2a: Glimmora|ability: Toxic Debris
|-sidestart|p1: snakey77|move: Toxic Spikes
|move|p2a: Glimmora|Stealth Rock|p1a: Great Tusk
|-sidestart|p1: snakey77|move: Stealth Rock
|
|upkeep
|turn|2
|
|t:|1758284418
|move|p1a: Great Tusk|Rapid Spin|p2a: Glimmora
|-resisted|p2a: Glimmora
|-damage|p2a: Glimmora|0 fnt
|-boost|p1a: Great Tusk|spe|1
|-activate|p2a: Glimmora|ability: Toxic Debris
|-sidestart|p1: snakey77|move: Toxic Spikes
|-sideend|p1: snakey77|Toxic Spikes|[from] move: Rapid Spin|[of] p1a: Great Tusk
|-sideend|p1: snakey77|Stealth Rock|[from] move: Rapid Spin|[of] p1a: Great Tusk
|faint|p2a: Glimmora
|
|upkeep
|
|t:|1758284442
|switch|p2a: Iron Valiant|Iron Valiant, shiny|100/100
|-enditem|p2a: Iron Valiant|Booster Energy
|-activate|p2a: Iron Valiant|ability: Quark Drive|[fromitem]
|-start|p2a: Iron Valiant|quarkdrivespe
|turn|3
|inactive|snakey77 has 120 seconds left.
|inactive|snakey77 has 90 seconds left.
|
|t:|1758284505
|-end|p1a: Great Tusk|Protosynthesis|[silent]
|switch|p1a: Alomomola|Alomomola, F|100/100
|move|p2a: Iron Valiant|Swords Dance|p2a: Iron Valiant
|-boost|p2a: Iron Valiant|atk|2
|
|upkeep
|turn|4
|
|t:|1758284513
|move|p2a: Iron Valiant|Knock Off|p1a: Alomomola
|-damage|p1a: Alomomola|62/100
|-enditem|p1a: Alomomola|Leftovers|[from] move: Knock Off|[of] p2a: Iron Valiant
|move|p1a: Alomomola|Flip Turn|p2a: Iron Valiant
|-damage|p2a: Iron Valiant|80/100
|inactive|snakey77 has 90 seconds left.
|inactive|snakey77 has 60 seconds left.
|
|t:|1758284568
|switch|p1a: Magnezone|Magnezone|100/100|[from] Flip Turn
|
|upkeep
|turn|5
|
|t:|1758284579
|-terastallize|p1a: Magnezone|Flying
|move|p2a: Iron Valiant|Close Combat|p1a: Magnezone
|-resisted|p1a: Magnezone
|-damage|p1a: Magnezone|52/100
|-unboost|p2a: Iron Valiant|def|1
|-unboost|p2a: Iron Valiant|spd|1
|move|p1a: Magnezone|Iron Defense|p1a: Magnezone
|-boost|p1a: Magnezone|def|2
|
|-heal|p1a: Magnezone|58/100|[from] item: Leftovers
|upkeep
|turn|6
|
|t:|1758284589
|move|p2a: Iron Valiant|Spirit Break|p1a: Magnezone
|-damage|p1a: Magnezone|26/100
|-unboost|p1a: Magnezone|spa|1
|move|p1a: Magnezone|Body Press|p2a: Iron Valiant
|-resisted|p2a: Iron Valiant
|-damage|p2a: Iron Valiant|33/100
|
|-heal|p1a: Magnezone|32/100|[from] item: Leftovers
|upkeep
|turn|7
|inactive|snakey77 has 60 seconds left.
|
|t:|1758284601
|move|p2a: Iron Valiant|Close Combat|p1a: Magnezone
|-resisted|p1a: Magnezone
|-damage|p1a: Magnezone|7/100
|-unboost|p2a: Iron Valiant|def|1
|-unboost|p2a: Iron Valiant|spd|1
|move|p1a: Magnezone|Body Press|p2a: Iron Valiant
|-resisted|p2a: Iron Valiant
|-damage|p2a: Iron Valiant|0 fnt
|faint|p2a: Iron Valiant
|-end|p2a: Iron Valiant|Quark Drive|[silent]
|
|-heal|p1a: Magnezone|14/100|[from] item: Leftovers
|upkeep
|
|t:|1758284608
|switch|p2a: Darkrai|Darkrai, shiny|100/100
|turn|8
|
|t:|1758284613
|-terastallize|p2a: Darkrai|Poison
|move|p2a: Darkrai|Nasty Plot|p2a: Darkrai
|-boost|p2a: Darkrai|spa|2
|move|p1a: Magnezone|Body Press|p2a: Darkrai
|-resisted|p2a: Darkrai
|-damage|p2a: Darkrai|67/100
|
|-heal|p2a: Darkrai|73/100|[from] item: Leftovers
|-heal|p1a: Magnezone|20/100|[from] item: Leftovers
|upkeep
|turn|9
|
|t:|1758284632
|move|p2a: Darkrai|Dark Pulse|p1a: Magnezone
|-damage|p1a: Magnezone|0 fnt
|faint|p1a: Magnezone
|
|-heal|p2a: Darkrai|79/100|[from] item: Leftovers
|upkeep
|inactive|snakey77 has 60 seconds left.
|
|t:|1758284661
|switch|p1a: Dragapult|Dragapult, M|100/100
|turn|10
|
|t:|1758284669
|move|p1a: Dragapult|Dragon Darts|p2a: Darkrai
|-crit|p2a: Darkrai
|-damage|p2a: Darkrai|30/100
|-anim|p1a: Dragapult|Dragon Darts|p2a: Darkrai
|-damage|p2a: Darkrai|0 fnt
|faint|p2a: Darkrai
|
|upkeep
|
|t:|1758284674
|switch|p2a: Gholdengo|Gholdengo, shiny|100/100
|-item|p2a: Gholdengo|Air Balloon
|turn|11
|
|t:|1758284683
|move|p1a: Dragapult|U-turn|p2a: Gholdengo
|-resisted|p2a: Gholdengo
|-damage|p2a: Gholdengo|97/100
|-enditem|p2a: Gholdengo|Air Balloon
|
|t:|1758284687
|switch|p1a: Great Tusk|Great Tusk|100/100|[from] U-turn
|move|p2a: Gholdengo|Shadow Ball|p1a: Great Tusk
|-damage|p1a: Great Tusk|52/100
|
|-heal|p1a: Great Tusk|58/100|[from] item: Leftovers
|upkeep
|turn|12
|
|t:|1758284697
|move|p1a: Great Tusk|Headlong Rush|p2a: Gholdengo
|-supereffective|p2a: Gholdengo
|-damage|p2a: Gholdengo|30/100
|-unboost|p1a: Great Tusk|def|1
|-unboost|p1a: Great Tusk|spd|1
|move|p2a: Gholdengo|Shadow Ball|p1a: Great Tusk
|-damage|p1a: Great Tusk|0 fnt
|faint|p1a: Great Tusk
|-end|p1a: Great Tusk|Protosynthesis|[silent]
|
|upkeep
|
|t:|1758284715
|switch|p1a: Dragapult|Dragapult, M|100/100
|turn|13
|
|t:|1758284718
|move|p1a: Dragapult|Hex|p2a: Gholdengo
|-supereffective|p2a: Gholdengo
|-damage|p2a: Gholdengo|0 fnt
|faint|p2a: Gholdengo
|
|upkeep
|
|t:|1758284724
|switch|p2a: Kingambit|Kingambit, M, shiny|100/100
|-activate|p2a: Kingambit|ability: Supreme Overlord
|-start|p2a: Kingambit|fallen4|[silent]
|turn|14
|
|t:|1758284727
|move|p1a: Dragapult|Will-O-Wisp|p2a: Kingambit|[miss]
|-miss|p1a: Dragapult|p2a: Kingambit
|move|p2a: Kingambit|Kowtow Cleave|p1a: Dragapult
|-supereffective|p1a: Dragapult
|-damage|p1a: Dragapult|0 fnt
|faint|p1a: Dragapult
|
|upkeep
|inactive|snakey77 has 90 seconds left.
|
|t:|1758284741
|switch|p1a: Alomomola|Alomomola, F|96/100
|turn|15
|
|t:|1758284745
|-end|p2a: Kingambit|fallen4|[silent]
|switch|p2a: Dragonite|Dragonite, M, shiny|100/100
|move|p1a: Alomomola|Scald|p2a: Dragonite
|-resisted|p2a: Dragonite
|-damage|p2a: Dragonite|97/100
|-status|p2a: Dragonite|brn
|
|-damage|p2a: Dragonite|91/100 brn|[from] brn
|upkeep
|turn|16
|
|t:|1758284751
|move|p2a: Dragonite|Dragon Dance|p2a: Dragonite
|-boost|p2a: Dragonite|atk|1
|-boost|p2a: Dragonite|spe|1
|move|p1a: Alomomola|Flip Turn|p2a: Dragonite
|-resisted|p2a: Dragonite
|-damage|p2a: Dragonite|81/100 brn
|
|t:|1758284765
|switch|p1a: Meowscarada|Meowscarada, F|100/100|[from] Flip Turn
|
|-damage|p2a: Dragonite|75/100 brn|[from] brn
|upkeep
|turn|17
|
|t:|1758284772
|move|p2a: Dragonite|Extreme Speed|p1a: Meowscarada
|-damage|p1a: Meowscarada|67/100
|move|p1a: Meowscarada|Knock Off|p2a: Dragonite
|-start|p1a: Meowscarada|typechange|Dark|[from] ability: Protean
|-damage|p2a: Dragonite|1/100 brn
|-enditem|p2a: Dragonite|Heavy-Duty Boots|[from] move: Knock Off|[of] p1a: Meowscarada
|
|-damage|p2a: Dragonite|0 fnt|[from] brn
|faint|p2a: Dragonite
|upkeep
|
|t:|1758284776
|switch|p2a: Kingambit|Kingambit, M, shiny|100/100
|-activate|p2a: Kingambit|ability: Supreme Overlord
|-start|p2a: Kingambit|fallen5|[silent]
|turn|18
|
|t:|1758284785
|switch|p1a: Alomomola|Alomomola, F|100/100
|move|p2a: Kingambit|Swords Dance|p2a: Kingambit
|-boost|p2a: Kingambit|atk|2
|
|upkeep
|turn|19
|
|t:|1758284790
|move|p2a: Kingambit|Swords Dance|p2a: Kingambit
|-boost|p2a: Kingambit|atk|2
|move|p1a: Alomomola|Scald|p2a: Kingambit
|-damage|p2a: Kingambit|86/100
|
|-heal|p2a: Kingambit|92/100|[from] item: Leftovers
|upkeep
|turn|20
|
|t:|1758284793
|move|p2a: Kingambit|Kowtow Cleave|p1a: Alomomola
|-damage|p1a: Alomomola|0 fnt
|faint|p1a: Alomomola
|
|-heal|p2a: Kingambit|98/100|[from] item: Leftovers
|upkeep
|
|t:|1758284797
|switch|p1a: Slowking|Slowking-Galar, M|100/100
|turn|21
|-message|snakey77 forfeited.
|
|win|she's not noob
|raw|snakey77's rating: 1500 &rarr; <strong>1478</strong><br />(-22 for losing)
|raw|she&apos;s not noob's rating: 1471 &rarr; <strong>1493</strong><br />(+22 for winning)
|l|☆snakey77
|player|p1|
|l|☆she's not noob
|player|p2|
