|j|☆Rodriis
|j|☆moope
|t:|1758259616
|gametype|singles
|player|p1|Rodriis|1|1384
|player|p2|moope|miku-fairy|1385
|gen|9
|tier|[Gen 9] OU
|rated|
|rule|HP Percentage Mod: HP is shown in percentages
|rule|Endless Battle Clause: Forcing endless battles is banned
|rule|Species Clause: Limit one of each Pokémon
|rule|OHKO Clause: OHKO moves are banned
|rule|Evasion Items Clause: Evasion items are banned
|rule|Evasion Moves Clause: Evasion moves are banned
|rule|Evasion Abilities Clause: Evasion abilities are banned
|rule|Sleep Moves Clause: Sleep-inducing moves are banned
|clearpoke
|poke|p1|Dragonite, F|
|poke|p1|Gholdengo|
|poke|p1|Regidrago|
|poke|p1|Scizor, F|
|poke|p1|Ting-Lu|
|poke|p1|Weezing-Galar, M|
|poke|p2|Ursaluna, F|
|poke|p2|Iron Hands|
|poke|p2|Cinderace, F|
|poke|p2|Sinistcha|
|poke|p2|Hatterene, F|
|poke|p2|Malamar, F|
|teampreview
|inactive|Battle timer is ON: inactive players will automatically lose when time's up. (requested by Rodriis)
|inactive|moope has 120 seconds left.
|inactive|moope has 90 seconds left.
|
|t:|1758259685
|teamsize|p1|6
|teamsize|p2|6
|start
|switch|p1a: Ting-Lu|Ting-Lu|100/100
|switch|p2a: Hatterene|Hatterene, F|100/100
|-ability|p1a: Ting-Lu|Vessel of Ruin
|turn|1
|
|t:|1758259696
|switch|p2a: Malamar|Malamar, F|100/100
|move|p1a: Ting-Lu|Ruination|p2a: Malamar
|-damage|p2a: Malamar|50/100
|
|upkeep
|turn|2
|
|t:|1758259703
|switch|p1a: Weezing|Weezing-Galar, M|100/100
|-ability|p1a: Weezing|Neutralizing Gas
|move|p2a: Malamar|Superpower|p1a: Weezing
|-resisted|p1a: Weezing
|-damage|p1a: Weezing|94/100
|-unboost|p2a: Malamar|atk|1
|-unboost|p2a: Malamar|def|1
|
|upkeep
|turn|3
|c|☆Rodriis|?
|
|t:|1758259714
|switch|p2a: Hatterene|Hatterene, F|100/100
|move|p1a: Weezing|Sludge Bomb|p2a: Hatterene
|-supereffective|p2a: Hatterene
|-damage|p2a: Hatterene|38/100
|-status|p2a: Hatterene|psn
|
|-damage|p2a: Hatterene|25/100 psn|[from] psn
|upkeep
|turn|4
|c|☆Rodriis|no contrary?
|c|☆moope|sir
|c|☆moope|you have weezing out
|c|☆moope|LMAO
|c|☆Rodriis|im stupi
|c|☆Rodriis|LMAO
|
|t:|1758259739
|-end|p1a: Weezing|ability: Neutralizing Gas
|switch|p1a: Gholdengo|Gholdengo|100/100
|-terastallize|p2a: Hatterene|Steel
|move|p2a: Hatterene|Trick Room|p2a: Hatterene
|-fieldstart|move: Trick Room|[of] p2a: Hatterene
|
|-damage|p2a: Hatterene|13/100 psn|[from] psn
|upkeep
|turn|5
|c|☆moope|nah it happens
|
|t:|1758259757
|switch|p2a: IF NOBODY GOT ME|Sinistcha|100/100
|move|p1a: Gholdengo|Recover||[still]
|-fail|p1a: Gholdengo|heal
|
|upkeep
|turn|6
|
|t:|1758259762
|switch|p1a: Ting-Lu|Ting-Lu|100/100
|-ability|p1a: Ting-Lu|Vessel of Ruin
|move|p2a: IF NOBODY GOT ME|Shadow Ball|p1a: Ting-Lu
|-resisted|p1a: Ting-Lu
|-damage|p1a: Ting-Lu|93/100
|
|-heal|p1a: Ting-Lu|99/100|[from] item: Leftovers
|upkeep
|turn|7
|
|t:|1758259770
|move|p1a: Ting-Lu|Ruination|p2a: IF NOBODY GOT ME|[miss]
|-miss|p1a: Ting-Lu|p2a: IF NOBODY GOT ME
|move|p2a: IF NOBODY GOT ME|Calm Mind|p2a: IF NOBODY GOT ME
|-boost|p2a: IF NOBODY GOT ME|spa|1
|-boost|p2a: IF NOBODY GOT ME|spd|1
|
|-heal|p1a: Ting-Lu|100/100|[from] item: Leftovers
|upkeep
|turn|8
|
|t:|1758259774
|move|p2a: IF NOBODY GOT ME|Matcha Gotcha|p1a: Ting-Lu
|-supereffective|p1a: Ting-Lu
|-damage|p1a: Ting-Lu|52/100
|move|p1a: Ting-Lu|Whirlwind|p2a: IF NOBODY GOT ME
|drag|p2a: Malamar|Malamar, F|50/100
|
|-heal|p1a: Ting-Lu|58/100|[from] item: Leftovers
|-fieldend|move: Trick Room
|upkeep
|turn|9
|
|t:|1758259780
|switch|p1a: Weezing|Weezing-Galar, M|94/100
|-ability|p1a: Weezing|Neutralizing Gas
|move|p2a: Malamar|Superpower|p1a: Weezing
|-resisted|p1a: Weezing
|-damage|p1a: Weezing|89/100
|-unboost|p2a: Malamar|atk|1
|-unboost|p2a: Malamar|def|1
|
|upkeep
|turn|10
|
|t:|1758259788
|move|p1a: Weezing|Sludge Bomb|p2a: Malamar
|-damage|p2a: Malamar|19/100
|move|p2a: Malamar|Trick Room|p2a: Malamar
|-fieldstart|move: Trick Room|[of] p2a: Malamar
|
|upkeep
|turn|11
|
|t:|1758259793
|switch|p2a: big ol fuck u bear|Ursaluna, F|100/100
|move|p1a: Weezing|Sludge Bomb|p2a: big ol fuck u bear
|-resisted|p2a: big ol fuck u bear
|-damage|p2a: big ol fuck u bear|89/100
|
|-status|p2a: big ol fuck u bear|brn|[from] item: Flame Orb
|upkeep
|turn|12
|inactive|Rodriis has 120 seconds left.
|
|t:|1758259827
|-end|p1a: Weezing|ability: Neutralizing Gas
|switch|p1a: Ting-Lu|Ting-Lu|58/100
|-ability|p1a: Ting-Lu|Vessel of Ruin
|move|p2a: big ol fuck u bear|Facade|p1a: Ting-Lu
|-damage|p1a: Ting-Lu|0 fnt
|faint|p1a: Ting-Lu
|
|-damage|p2a: big ol fuck u bear|83/100 brn|[from] brn
|upkeep
|
|t:|1758259831
|switch|p1a: Scizor|Scizor, F|100/100
|turn|13
|
|t:|1758259839
|move|p1a: Scizor|Bullet Punch|p2a: big ol fuck u bear
|-damage|p2a: big ol fuck u bear|48/100 brn
|move|p2a: big ol fuck u bear|Fire Punch|p1a: Scizor
|-supereffective|p1a: Scizor
|-damage|p1a: Scizor|0 fnt
|faint|p1a: Scizor
|
|-damage|p2a: big ol fuck u bear|42/100 brn|[from] brn
|upkeep
|
|t:|1758259846
|switch|p1a: Gholdengo|Gholdengo|100/100
|turn|14
|
|t:|1758259861
|move|p2a: big ol fuck u bear|Fire Punch|p1a: Gholdengo
|-supereffective|p1a: Gholdengo
|-damage|p1a: Gholdengo|0 fnt
|faint|p1a: Gholdengo
|
|-damage|p2a: big ol fuck u bear|35/100 brn|[from] brn
|-fieldend|move: Trick Room
|upkeep
|
|t:|1758259864
|switch|p1a: Regidrago|Regidrago|100/100
|turn|15
|
|t:|1758259870
|switch|p2a: Malamar|Malamar, F|19/100
|move|p1a: Regidrago|Dragon Energy|p2a: Malamar
|-damage|p2a: Malamar|0 fnt
|faint|p2a: Malamar
|
|upkeep
|
|t:|1758259880
|switch|p2a: Hatterene|Hatterene, F, tera:Steel|13/100 psn
|turn|16
|
|t:|1758259883
|move|p1a: Regidrago|Dragon Energy|p2a: Hatterene
|-resisted|p2a: Hatterene
|-damage|p2a: Hatterene|0 fnt
|faint|p2a: Hatterene
|
|upkeep
|
|t:|1758259885
|switch|p2a: IF NOBODY GOT ME|Sinistcha|100/100
|turn|17
|
|t:|1758259888
|move|p1a: Regidrago|Dragon Energy|p2a: IF NOBODY GOT ME
|-damage|p2a: IF NOBODY GOT ME|0 fnt
|faint|p2a: IF NOBODY GOT ME
|
|upkeep
|
|t:|1758259893
|switch|p2a: death punch|Iron Hands|100/100
|-enditem|p2a: death punch|Booster Energy
|-activate|p2a: death punch|ability: Quark Drive|[fromitem]
|-start|p2a: death punch|quarkdriveatk
|turn|18
|
|t:|1758259896
|switch|p1a: Weezing|Weezing-Galar, M|89/100
|-ability|p1a: Weezing|Neutralizing Gas
|move|p2a: death punch|Drain Punch|p1a: Weezing
|-resisted|p1a: Weezing
|-damage|p1a: Weezing|82/100
|
|upkeep
|turn|19
|
|t:|1758259911
|move|p1a: Weezing|Sludge Bomb|p2a: death punch
|-damage|p2a: death punch|80/100
|move|p2a: death punch|Thunder Punch|p1a: Weezing
|-damage|p1a: Weezing|51/100
|
|upkeep
|turn|20
|
|t:|1758259918
|move|p1a: Weezing|Defog|p2a: death punch
|-unboost|p2a: death punch|evasion|1
|move|p2a: death punch|Thunder Punch|p1a: Weezing
|-damage|p1a: Weezing|20/100
|
|upkeep
|turn|21
|
|t:|1758259920
|move|p1a: Weezing|Pain Split|p2a: death punch
|-sethp|p2a: death punch|47/100|[from] move: Pain Split|[silent]
|-sethp|p1a: Weezing|63/100|[from] move: Pain Split
|move|p2a: death punch|Thunder Punch|p1a: Weezing
|-damage|p1a: Weezing|33/100
|
|upkeep
|turn|22
|
|t:|1758259924
|move|p1a: Weezing|Pain Split|p2a: death punch
|-sethp|p2a: death punch|36/100|[from] move: Pain Split|[silent]
|-sethp|p1a: Weezing|48/100|[from] move: Pain Split
|move|p2a: death punch|Thunder Punch|p1a: Weezing
|-damage|p1a: Weezing|20/100
|
|upkeep
|turn|23
|
|t:|1758259928
|-end|p2a: death punch|Quark Drive|[silent]
|switch|p2a: big ol fuck u bear|Ursaluna, F|35/100 brn
|move|p1a: Weezing|Pain Split|p2a: big ol fuck u bear
|-sethp|p2a: big ol fuck u bear|25/100 brn|[from] move: Pain Split|[silent]
|-sethp|p1a: Weezing|34/100|[from] move: Pain Split
|
|-damage|p2a: big ol fuck u bear|19/100 brn|[from] brn
|upkeep
|turn|24
|
|t:|1758259931
|move|p1a: Weezing|Sludge Bomb|p2a: big ol fuck u bear
|-resisted|p2a: big ol fuck u bear
|-damage|p2a: big ol fuck u bear|6/100 brn
|move|p2a: big ol fuck u bear|Facade|p1a: Weezing
|-damage|p1a: Weezing|0 fnt
|faint|p1a: Weezing
|-end|p1a: Weezing|ability: Neutralizing Gas
|
|-damage|p2a: big ol fuck u bear|0 fnt|[from] brn
|faint|p2a: big ol fuck u bear
|upkeep
|
|t:|1758259936
|switch|p1a: Regidrago|Regidrago|100/100
|switch|p2a: death punch|Iron Hands|36/100
|turn|25
|
|t:|1758259939
|move|p1a: Regidrago|Dragon Energy|p2a: death punch
|-damage|p2a: death punch|0 fnt
|faint|p2a: death punch
|-end|p2a: death punch|Quark Drive|[silent]
|
|upkeep
|
|t:|1758259940
|switch|p2a: Cinder|Cinderace, F|100/100
|turn|26
|
|t:|1758259943
|move|p2a: Cinder|Sucker Punch|p1a: Regidrago
|-start|p2a: Cinder|typechange|Dark|[from] ability: Libero
|-damage|p1a: Regidrago|63/100
|move|p1a: Regidrago|Dragon Energy|p2a: Cinder
|-damage|p2a: Cinder|14/100
|
|upkeep
|turn|27
|c|☆moope|welp gg
|
|t:|1758259954
|move|p1a: Regidrago|Dragon Energy|p2a: Cinder
|-damage|p2a: Cinder|0 fnt
|faint|p2a: Cinder
|
|win|Rodriis
|raw|Rodriis's rating: 1384 &rarr; <strong>1404</strong><br />(+20 for winning)
|raw|moope's rating: 1385 &rarr; <strong>1365</strong><br />(-20 for losing)
|c|☆Rodriis|gg
|l|☆moope
|player|p2|
|l|☆Rodriis
|player|p1|
