|j|☆Sapphirebirch912
|j|☆1RockST
|t:|1758233380
|gametype|singles
|player|p1|Sapphirebirch912|acetrainerf-gen4dp|1102
|player|p2|1RockST|cynthia-gen4|1109
|gen|9
|tier|[Gen 9] OU
|rated|
|rule|HP Percentage Mod: HP is shown in percentages
|rule|Endless Battle Clause: Forcing endless battles is banned
|rule|Species Clause: Limit one of each Pokémon
|rule|OHKO Clause: OHKO moves are banned
|rule|Evasion Items Clause: Evasion items are banned
|rule|Evasion Moves Clause: Evasion moves are banned
|rule|Evasion Abilities Clause: Evasion abilities are banned
|rule|Sleep Moves Clause: Sleep-inducing moves are banned
|clearpoke
|poke|p1|Quaquaval, M|
|poke|p1|Tinkaton, F|
|poke|p1|Gholdengo|
|poke|p1|Rotom-Heat|
|poke|p1|Meganium, F|
|poke|p1|Froslass, F|
|poke|p2|Meloetta|
|poke|p2|Mimikyu, F|
|poke|p2|Lurantis, M|
|poke|p2|Braixen, F|
|poke|p2|Ogerpon-Cornerstone, F|
|poke|p2|Zapdos-Galar|
|teampreview
|inactive|Battle timer is ON: inactive players will automatically lose when time's up. (requested by Sapphirebirch912)
|
|t:|1758233396
|teamsize|p1|6
|teamsize|p2|6
|start
|switch|p1a: Meganium|Meganium, F|100/100
|switch|p2a: Mental_support|Braixen, F|100/100
|turn|1
|
|t:|1758233405
|move|p1a: Meganium|Ancient Power|p2a: Mental_support
|-supereffective|p2a: Mental_support
|-damage|p2a: Mental_support|76/100
|move|p2a: Mental_support|Trick Room|p2a: Mental_support
|-fieldstart|move: Trick Room|[of] p2a: Mental_support
|
|upkeep
|turn|2
|
|t:|1758233416
|switch|p2a: Pot_plant|Lurantis, M|100/100
|move|p1a: Meganium|Ancient Power|p2a: Pot_plant
|-damage|p2a: Pot_plant|88/100
|-boost|p1a: Meganium|atk|1
|-boost|p1a: Meganium|def|1
|-boost|p1a: Meganium|spa|1
|-boost|p1a: Meganium|spd|1
|-boost|p1a: Meganium|spe|1
|
|-heal|p2a: Pot_plant|94/100|[from] item: Leftovers
|upkeep
|turn|3
|
|t:|1758233433
|-terastallize|p1a: Meganium|Flying
|move|p2a: Pot_plant|Superpower|p1a: Meganium
|-resisted|p1a: Meganium
|-damage|p1a: Meganium|88/100
|-boost|p2a: Pot_plant|atk|1
|-boost|p2a: Pot_plant|def|1
|move|p1a: Meganium|Tera Blast|p2a: Pot_plant|[anim] Tera Blast Flying
|-supereffective|p2a: Pot_plant
|-damage|p2a: Pot_plant|12/100
|
|-heal|p2a: Pot_plant|18/100|[from] item: Leftovers
|upkeep
|turn|4
|
|t:|1758233448
|-terastallize|p2a: Pot_plant|Steel
|move|p2a: Pot_plant|Synthesis|p2a: Pot_plant
|-heal|p2a: Pot_plant|68/100
|move|p1a: Meganium|Tera Blast|p2a: Pot_plant|[anim] Tera Blast Flying
|-resisted|p2a: Pot_plant
|-damage|p2a: Pot_plant|49/100
|
|-heal|p2a: Pot_plant|55/100|[from] item: Leftovers
|upkeep
|turn|5
|
|t:|1758233460
|move|p2a: Pot_plant|Leaf Storm|p1a: Meganium
|-resisted|p1a: Meganium
|-damage|p1a: Meganium|75/100
|-boost|p2a: Pot_plant|spa|2
|move|p1a: Meganium|Giga Drain|p2a: Pot_plant
|-resisted|p2a: Pot_plant
|-damage|p2a: Pot_plant|34/100
|-heal|p1a: Meganium|87/100|[from] drain|[of] p2a: Pot_plant
|
|-heal|p2a: Pot_plant|40/100|[from] item: Leftovers
|-fieldend|move: Trick Room
|upkeep
|turn|6
|
|t:|1758233479
|move|p1a: Meganium|Giga Drain|p2a: Pot_plant
|-resisted|p2a: Pot_plant
|-damage|p2a: Pot_plant|19/100
|-heal|p1a: Meganium|99/100|[from] drain|[of] p2a: Pot_plant
|move|p2a: Pot_plant|Synthesis|p2a: Pot_plant
|-heal|p2a: Pot_plant|69/100
|
|-heal|p2a: Pot_plant|75/100|[from] item: Leftovers
|upkeep
|turn|7
|
|t:|1758233488
|move|p1a: Meganium|Energy Ball|p2a: Pot_plant
|-resisted|p2a: Pot_plant
|-damage|p2a: Pot_plant|48/100
|move|p2a: Pot_plant|Leaf Storm|p1a: Meganium
|-resisted|p1a: Meganium
|-damage|p1a: Meganium|74/100
|-boost|p2a: Pot_plant|spa|2
|
|-heal|p2a: Pot_plant|55/100|[from] item: Leftovers
|upkeep
|turn|8
|
|t:|1758233498
|move|p1a: Meganium|Energy Ball|p2a: Pot_plant
|-resisted|p2a: Pot_plant
|-damage|p2a: Pot_plant|29/100
|move|p2a: Pot_plant|Synthesis|p2a: Pot_plant
|-heal|p2a: Pot_plant|79/100
|
|-heal|p2a: Pot_plant|85/100|[from] item: Leftovers
|upkeep
|turn|9
|
|t:|1758233506
|move|p1a: Meganium|Giga Drain|p2a: Pot_plant
|-resisted|p2a: Pot_plant
|-damage|p2a: Pot_plant|64/100
|-heal|p1a: Meganium|86/100|[from] drain|[of] p2a: Pot_plant
|move|p2a: Pot_plant|Leaf Storm|p1a: Meganium
|-resisted|p1a: Meganium
|-damage|p1a: Meganium|42/100
|-boost|p2a: Pot_plant|spa|2
|
|-heal|p2a: Pot_plant|70/100|[from] item: Leftovers
|upkeep
|turn|10
|
|t:|1758233515
|move|p1a: Meganium|Giga Drain|p2a: Pot_plant
|-resisted|p2a: Pot_plant
|-damage|p2a: Pot_plant|48/100
|-heal|p1a: Meganium|54/100|[from] drain|[of] p2a: Pot_plant
|move|p2a: Pot_plant|Leaf Storm|p1a: Meganium
|-resisted|p1a: Meganium
|-damage|p1a: Meganium|0 fnt
|faint|p1a: Meganium
|
|-heal|p2a: Pot_plant|54/100|[from] item: Leftovers
|upkeep
|
|t:|1758233518
|switch|p1a: Rotom|Rotom-Heat|100/100
|turn|11
|
|t:|1758233534
|switch|p2a: Mental_support|Braixen, F|76/100
|move|p1a: Rotom|Overheat|p2a: Mental_support
|-resisted|p2a: Mental_support
|-damage|p2a: Mental_support|53/100
|-unboost|p1a: Rotom|spa|2
|
|upkeep
|turn|12
|
|t:|1758233550
|switch|p1a: Froslass|Froslass, F|100/100
|move|p2a: Mental_support|Wish|p2a: Mental_support
|
|upkeep
|turn|13
|
|t:|1758233558
|move|p1a: Froslass|Shadow Ball|p2a: Mental_support
|-damage|p2a: Mental_support|22/100
|-damage|p1a: Froslass|91/100|[from] item: Life Orb
|move|p2a: Mental_support|Trick Room|p2a: Mental_support
|-fieldstart|move: Trick Room|[of] p2a: Mental_support
|
|-heal|p2a: Mental_support|72/100|[from] move: Wish|[wisher] Mental_support
|upkeep
|turn|14
|
|t:|1758233575
|switch|p2a: Toxic|Meloetta|100/100
|move|p1a: Froslass|Shadow Ball|p2a: Toxic
|-immune|p2a: Toxic
|
|upkeep
|turn|15
|
|t:|1758233589
|move|p2a: Toxic|Shadow Ball|p1a: Froslass
|-supereffective|p1a: Froslass
|-damage|p1a: Froslass|0 fnt
|faint|p1a: Froslass
|
|upkeep
|
|t:|1758233596
|switch|p1a: Tinkaton|Tinkaton, F|100/100
|-ability|p1a: Tinkaton|Mold Breaker
|turn|16
|
|t:|1758233602
|move|p2a: Toxic|Shadow Ball|p1a: Tinkaton
|-damage|p1a: Tinkaton|51/100
|-unboost|p1a: Tinkaton|spd|1
|move|p1a: Tinkaton|Gigaton Hammer|p2a: Toxic
|-damage|p2a: Toxic|15/100
|-damage|p1a: Tinkaton|41/100|[from] item: Life Orb
|
|upkeep
|turn|17
|
|t:|1758233610
|move|p2a: Toxic|Shadow Ball|p1a: Tinkaton
|-damage|p1a: Tinkaton|0 fnt
|faint|p1a: Tinkaton
|
|-fieldend|move: Trick Room
|upkeep
|
|t:|1758233612
|switch|p1a: Quaquaval|Quaquaval, M|100/100
|turn|18
|
|t:|1758233623
|switch|p2a: Not_quite_pikachu|Mimikyu, F, shiny|100/100
|move|p1a: Quaquaval|Aqua Step|p2a: Not_quite_pikachu
|-activate|p2a: Not_quite_pikachu|ability: Disguise
|-damage|p2a: Not_quite_pikachu|100/100
|-boost|p1a: Quaquaval|spe|1
|detailschange|p2a: Not_quite_pikachu|Mimikyu-Busted, F, shiny
|-damage|p2a: Not_quite_pikachu|88/100|[from] pokemon: Mimikyu-Busted
|
|upkeep
|turn|19
|
|t:|1758233645
|move|p1a: Quaquaval|Aqua Step|p2a: Not_quite_pikachu
|-damage|p2a: Not_quite_pikachu|29/100
|-boost|p1a: Quaquaval|spe|1
|move|p2a: Not_quite_pikachu|Trick Room|p2a: Not_quite_pikachu
|-fieldstart|move: Trick Room|[of] p2a: Not_quite_pikachu
|-enditem|p2a: Not_quite_pikachu|Room Service
|-unboost|p2a: Not_quite_pikachu|spe|1|[from] item: Room Service
|
|upkeep
|turn|20
|
|t:|1758233654
|move|p2a: Not_quite_pikachu|Destiny Bond|p2a: Not_quite_pikachu
|-singlemove|p2a: Not_quite_pikachu|Destiny Bond
|move|p1a: Quaquaval|Aqua Step|p2a: Not_quite_pikachu
|-damage|p2a: Not_quite_pikachu|0 fnt
|-boost|p1a: Quaquaval|spe|1
|faint|p2a: Not_quite_pikachu
|-activate|p2a: Not_quite_pikachu|move: Destiny Bond
|faint|p1a: Quaquaval
|
|upkeep
|
|t:|1758233665
|switch|p2a: Pot_plant|Lurantis, M, tera:Steel|54/100
|switch|p1a: Gholdengo|Gholdengo|100/100
|turn|21
|
|t:|1758233676
|move|p2a: Pot_plant|Synthesis|p2a: Pot_plant
|-heal|p2a: Pot_plant|100/100
|move|p1a: Gholdengo|Nasty Plot|p1a: Gholdengo
|-boost|p1a: Gholdengo|spa|2
|
|upkeep
|turn|22
|
|t:|1758233693
|move|p2a: Pot_plant|Leaf Storm|p1a: Gholdengo
|-resisted|p1a: Gholdengo
|-damage|p1a: Gholdengo|79/100
|-boost|p2a: Pot_plant|spa|2
|move|p1a: Gholdengo|Shadow Ball|p2a: Pot_plant
|-damage|p2a: Pot_plant|31/100
|
|-heal|p2a: Pot_plant|37/100|[from] item: Leftovers
|upkeep
|turn|23
|
|t:|1758233706
|switch|p2a: Toxic|Meloetta|15/100
|move|p1a: Gholdengo|Shadow Ball|p2a: Toxic
|-immune|p2a: Toxic
|
|-fieldend|move: Trick Room
|upkeep
|turn|24
|
|t:|1758233718
|move|p1a: Gholdengo|Thunderbolt|p2a: Toxic
|-damage|p2a: Toxic|0 fnt
|faint|p2a: Toxic
|
|upkeep
|inactive|1RockST has 120 seconds left.
|
|t:|1758233733
|switch|p2a: Waifu|Ogerpon-Cornerstone, F|100/100
|turn|25
|
|t:|1758233741
|move|p2a: Waifu|Ivy Cudgel|p1a: Gholdengo|[anim] Ivy Cudgel Rock
|-resisted|p1a: Gholdengo
|-damage|p1a: Gholdengo|45/100
|move|p1a: Gholdengo|Make It Rain|p2a: Waifu
|-supereffective|p2a: Waifu
|-ability|p2a: Waifu|Sturdy
|-damage|p2a: Waifu|1/100
|-unboost|p1a: Gholdengo|spa|1
|
|upkeep
|turn|26
|
|t:|1758233752
|move|p2a: Waifu|Ivy Cudgel|p1a: Gholdengo|[anim] Ivy Cudgel Rock
|-resisted|p1a: Gholdengo
|-damage|p1a: Gholdengo|9/100
|move|p1a: Gholdengo|Thunderbolt|p2a: Waifu
|-resisted|p2a: Waifu
|-damage|p2a: Waifu|0 fnt
|faint|p2a: Waifu
|
|upkeep
|
|t:|1758233760
|switch|p2a: Scarf???|Zapdos-Galar|100/100
|turn|27
|l|☆Sapphirebirch912
|inactive|Sapphirebirch912 disconnected and has a minute to reconnect!
|player|p1|
|j|☆Sapphirebirch912
|inactive|Sapphirebirch912 reconnected and has 125 seconds left.
|player|p1|Sapphirebirch912|acetrainerf-gen4dp|
|
|t:|1758233789
|move|p2a: Scarf???|Brave Bird|p1a: Gholdengo
|-resisted|p1a: Gholdengo
|-damage|p1a: Gholdengo|0 fnt
|faint|p1a: Gholdengo
|-damage|p2a: Scarf???|98/100|[from] Recoil
|
|upkeep
|
|t:|1758233791
|switch|p1a: Rotom|Rotom-Heat|100/100
|turn|28
|l|☆Sapphirebirch912
|inactive|Sapphirebirch912 disconnected and has a minute to reconnect!
|player|p1|
|
|t:|1758233798
|switch|p2a: Mental_support|Braixen, F|72/100
|move|p1a: Rotom|Thunderbolt|p2a: Mental_support
|-damage|p2a: Mental_support|41/100
|
|upkeep
|turn|29
|j|☆Sapphirebirch912
|inactive|Sapphirebirch912 reconnected and has 145 seconds left.
|player|p1|Sapphirebirch912|acetrainerf-gen4dp|
|
|t:|1758233810
|move|p1a: Rotom|Thunderbolt|p2a: Mental_support
|-damage|p2a: Mental_support|8/100
|move|p2a: Mental_support|Trick Room|p2a: Mental_support
|-fieldstart|move: Trick Room|[of] p2a: Mental_support
|
|upkeep
|turn|30
|
|t:|1758233817
|move|p2a: Mental_support|Wish|p2a: Mental_support
|move|p1a: Rotom|Shadow Ball|p2a: Mental_support
|-damage|p2a: Mental_support|0 fnt
|faint|p2a: Mental_support
|
|upkeep
|
|t:|1758233822
|switch|p2a: Pot_plant|Lurantis, M, tera:Steel|37/100
|turn|31
|
|t:|1758233828
|move|p2a: Pot_plant|Leaf Storm|p1a: Rotom
|-resisted|p1a: Rotom
|-damage|p1a: Rotom|78/100
|-boost|p2a: Pot_plant|spa|2
|move|p1a: Rotom|Will-O-Wisp|p2a: Pot_plant
|-status|p2a: Pot_plant|brn
|
|-heal|p2a: Pot_plant|84/100 brn|[from] move: Wish|[wisher] Mental_support
|-heal|p2a: Pot_plant|90/100 brn|[from] item: Leftovers
|-damage|p2a: Pot_plant|84/100 brn|[from] brn
|upkeep
|turn|32
|
|t:|1758233840
|move|p2a: Pot_plant|Leaf Storm|p1a: Rotom
|-resisted|p1a: Rotom
|-damage|p1a: Rotom|26/100
|-boost|p2a: Pot_plant|spa|2
|move|p1a: Rotom|Overheat|p2a: Pot_plant
|-supereffective|p2a: Pot_plant
|-damage|p2a: Pot_plant|0 fnt
|-unboost|p1a: Rotom|spa|2
|faint|p2a: Pot_plant
|
|upkeep
|
|t:|1758233850
|switch|p2a: Scarf???|Zapdos-Galar|98/100
|turn|33
|
|t:|1758233855
|move|p1a: Rotom|Thunderbolt|p2a: Scarf???
|-supereffective|p2a: Scarf???
|-damage|p2a: Scarf???|50/100
|-status|p2a: Scarf???|par
|cant|p2a: Scarf???|par
|
|-fieldend|move: Trick Room
|upkeep
|turn|34
|
|t:|1758233862
|move|p1a: Rotom|Overheat|p2a: Scarf???|[miss]
|-miss|p1a: Rotom|p2a: Scarf???
|move|p2a: Scarf???|Close Combat|p1a: Rotom
|-damage|p1a: Rotom|0 fnt
|-unboost|p2a: Scarf???|def|1
|-unboost|p2a: Scarf???|spd|1
|faint|p1a: Rotom
|
|win|1RockST
|raw|Sapphirebirch912's rating: 1102 &rarr; <strong>1078</strong><br />(-24 for losing)
|raw|1RockST's rating: 1109 &rarr; <strong>1133</strong><br />(+24 for winning)
|c|☆Sapphirebirch912|Damn
