|j|☆EfosaYT
|j|☆Rodri1x
|t:|1758349722
|gametype|singles
|player|p1|EfosaYT|265|1091
|player|p2|Rodri1x|1|1089
|gen|9
|tier|[Gen 9] OU
|rated|
|rule|HP Percentage Mod: HP is shown in percentages
|rule|Endless Battle Clause: Forcing endless battles is banned
|rule|Species Clause: Limit one of each Pokémon
|rule|OHKO Clause: OHKO moves are banned
|rule|Evasion Items Clause: Evasion items are banned
|rule|Evasion Moves Clause: Evasion moves are banned
|rule|Evasion Abilities Clause: Evasion abilities are banned
|rule|Sleep Moves Clause: Sleep-inducing moves are banned
|clearpoke
|poke|p1|Reuniclus, F|
|poke|p1|Cinderace, M|
|poke|p1|Gholdengo|
|poke|p1|Meowscarada, M|
|poke|p1|Pawmot, M|
|poke|p1|Swampert, M|
|poke|p2|Zoroark-Hisui, M|
|poke|p2|Coalossal, F|
|poke|p2|Wo-Chien|
|poke|p2|Kommo-o, F|
|poke|p2|Feraligatr, M|
|poke|p2|Sandy Shocks|
|teampreview
|
|t:|1758349743
|teamsize|p1|6
|teamsize|p2|6
|start
|switch|p1a: El Gato|Meowscarada, M|100/100
|switch|p2a: Coalossal|Coalossal, F|100/100
|turn|1
|
|t:|1758349767
|move|p1a: El Gato|U-turn|p2a: Coalossal
|-start|p1a: El Gato|typechange|Bug|[from] ability: Protean
|-resisted|p2a: Coalossal
|-damage|p2a: Coalossal|93/100
|-damage|p1a: El Gato|84/100|[from] item: Rocky Helmet|[of] p2a: Coalossal
|
|t:|1758349775
|switch|p1a: Skipper|Swampert, M|100/100|[from] U-turn
|move|p2a: Coalossal|Stealth Rock|p1a: Skipper
|-sidestart|p1: EfosaYT|move: Stealth Rock
|
|upkeep
|turn|2
|
|t:|1758349784
|switch|p2a: Wo-Chien|Wo-Chien|100/100
|-ability|p2a: Wo-Chien|Tablets of Ruin
|move|p1a: Skipper|Earthquake|p2a: Wo-Chien
|-resisted|p2a: Wo-Chien
|-damage|p2a: Wo-Chien|84/100
|
|-heal|p2a: Wo-Chien|90/100|[from] item: Leftovers
|upkeep
|turn|3
|
|t:|1758349799
|move|p2a: Wo-Chien|Stun Spore|p1a: Skipper
|-status|p1a: Skipper|par
|move|p1a: Skipper|Stealth Rock|p2a: Wo-Chien
|-sidestart|p2: Rodri1x|move: Stealth Rock
|
|-heal|p2a: Wo-Chien|96/100|[from] item: Leftovers
|upkeep
|turn|4
|
|t:|1758349809
|move|p2a: Wo-Chien|Leech Seed|p1a: Skipper
|-start|p1a: Skipper|move: Leech Seed
|move|p1a: Skipper|Ice Beam|p2a: Wo-Chien
|-supereffective|p2a: Wo-Chien
|-damage|p2a: Wo-Chien|74/100
|
|-heal|p2a: Wo-Chien|81/100|[from] item: Leftovers
|-damage|p1a: Skipper|88/100 par|[from] Leech Seed|[of] p2a: Wo-Chien
|-heal|p2a: Wo-Chien|97/100|[silent]
|upkeep
|turn|5
|
|t:|1758349834
|switch|p1a: Blaze Bunny|Cinderace, M|100/100
|-damage|p1a: Blaze Bunny|76/100|[from] Stealth Rock
|move|p2a: Wo-Chien|Ruination|p1a: Blaze Bunny
|-damage|p1a: Blaze Bunny|38/100
|
|-heal|p2a: Wo-Chien|100/100|[from] item: Leftovers
|upkeep
|turn|6
|
|t:|1758349865
|move|p1a: Blaze Bunny|High Jump Kick|p2a: Wo-Chien
|-start|p1a: Blaze Bunny|typechange|Fighting|[from] ability: Libero
|-supereffective|p2a: Wo-Chien
|-damage|p2a: Wo-Chien|13/100
|move|p2a: Wo-Chien|Leech Seed|p1a: Blaze Bunny|[miss]
|-miss|p2a: Wo-Chien|p1a: Blaze Bunny
|
|-heal|p2a: Wo-Chien|19/100|[from] item: Leftovers
|upkeep
|turn|7
|
|t:|1758349886
|move|p1a: Blaze Bunny|Pyro Ball|p2a: Wo-Chien
|-supereffective|p2a: Wo-Chien
|-damage|p2a: Wo-Chien|0 fnt
|faint|p2a: Wo-Chien
|
|upkeep
|
|t:|1758349912
|switch|p2a: Sandy Shocks|Sandy Shocks|100/100
|-damage|p2a: Sandy Shocks|94/100|[from] Stealth Rock
|turn|8
|
|t:|1758349928
|move|p2a: Sandy Shocks|Earth Power|p1a: Blaze Bunny
|-damage|p1a: Blaze Bunny|0 fnt
|faint|p1a: Blaze Bunny
|
|upkeep
|
|t:|1758349932
|switch|p1a: El Gato|Meowscarada, M|84/100
|-damage|p1a: El Gato|72/100|[from] Stealth Rock
|turn|9
|
|t:|1758349943
|-end|p2a: Sandy Shocks|Protosynthesis|[silent]
|switch|p2a: Coalossal|Coalossal, F|93/100
|-damage|p2a: Coalossal|68/100|[from] Stealth Rock
|move|p1a: El Gato|Flower Trick|p2a: Coalossal
|-start|p1a: El Gato|typechange|Grass|[from] ability: Protean
|-crit|p2a: Coalossal
|-damage|p2a: Coalossal|42/100
|
|upkeep
|turn|10
|
|t:|1758349960
|move|p1a: El Gato|Flower Trick|p2a: Coalossal
|-crit|p2a: Coalossal
|-damage|p2a: Coalossal|17/100
|move|p2a: Coalossal|Flamethrower|p1a: El Gato
|-supereffective|p1a: El Gato
|-damage|p1a: El Gato|0 fnt
|faint|p1a: El Gato
|
|upkeep
|
|t:|1758349970
|switch|p1a: Skipper|Swampert, M|88/100 par
|-damage|p1a: Skipper|82/100 par|[from] Stealth Rock
|turn|11
|
|t:|1758349982
|move|p2a: Coalossal|Scald|p1a: Skipper
|-damage|p1a: Skipper|69/100 par
|move|p1a: Skipper|Hydro Pump|p2a: Coalossal
|-supereffective|p2a: Coalossal
|-damage|p2a: Coalossal|0 fnt
|faint|p2a: Coalossal
|
|upkeep
|
|t:|1758350005
|switch|p2a: Feraligatr|Feraligatr, M|100/100
|-damage|p2a: Feraligatr|88/100|[from] Stealth Rock
|turn|12
|
|t:|1758350024
|move|p2a: Feraligatr|Dragon Dance|p2a: Feraligatr
|-boost|p2a: Feraligatr|atk|1
|-boost|p2a: Feraligatr|spe|1
|move|p1a: Skipper|Ice Beam|p2a: Feraligatr
|-resisted|p2a: Feraligatr
|-crit|p2a: Feraligatr
|-damage|p2a: Feraligatr|71/100
|
|upkeep
|turn|13
|
|t:|1758350032
|move|p2a: Feraligatr|Dragon Dance|p2a: Feraligatr
|-boost|p2a: Feraligatr|atk|1
|-boost|p2a: Feraligatr|spe|1
|move|p1a: Skipper|Ice Beam|p2a: Feraligatr
|-resisted|p2a: Feraligatr
|-damage|p2a: Feraligatr|60/100
|
|upkeep
|turn|14
|
|t:|1758350040
|move|p2a: Feraligatr|Dragon Dance|p2a: Feraligatr
|-boost|p2a: Feraligatr|atk|1
|-boost|p2a: Feraligatr|spe|1
|move|p1a: Skipper|Ice Beam|p2a: Feraligatr
|-resisted|p2a: Feraligatr
|-damage|p2a: Feraligatr|51/100
|
|upkeep
|turn|15
|
|t:|1758350043
|move|p2a: Feraligatr|Dragon Dance|p2a: Feraligatr
|-boost|p2a: Feraligatr|atk|1
|-boost|p2a: Feraligatr|spe|1
|move|p1a: Skipper|Ice Beam|p2a: Feraligatr
|-resisted|p2a: Feraligatr
|-damage|p2a: Feraligatr|40/100
|
|upkeep
|turn|16
|
|t:|1758350049
|-terastallize|p2a: Feraligatr|Water
|move|p2a: Feraligatr|Liquidation|p1a: Skipper
|-damage|p1a: Skipper|0 fnt
|faint|p1a: Skipper
|
|upkeep
|
|t:|1758350060
|switch|p1a: Goop|Reuniclus, F|100/100
|-damage|p1a: Goop|88/100|[from] Stealth Rock
|turn|17
|
|t:|1758350064
|move|p2a: Feraligatr|Liquidation|p1a: Goop
|-damage|p1a: Goop|0 fnt
|-damage|p2a: Feraligatr|24/100|[from] item: Rocky Helmet|[of] p1a: Goop
|faint|p1a: Goop
|
|upkeep
|
|t:|1758350068
|switch|p1a: Pawmni|Pawmot, M|100/100
|-damage|p1a: Pawmni|94/100|[from] Stealth Rock
|turn|18
|
|t:|1758350074
|move|p2a: Feraligatr|Liquidation|p1a: Pawmni
|-damage|p1a: Pawmni|0 fnt
|faint|p1a: Pawmni
|
|upkeep
|
|t:|1758350076
|switch|p1a: "Tin Man" Denji|Gholdengo|100/100
|-damage|p1a: "Tin Man" Denji|94/100|[from] Stealth Rock
|turn|19
|
|t:|1758350082
|move|p2a: Feraligatr|Liquidation|p1a: "Tin Man" Denji
|-damage|p1a: "Tin Man" Denji|0 fnt
|faint|p1a: "Tin Man" Denji
|
|win|Rodri1x
|raw|EfosaYT's rating: 1091 &rarr; <strong>1067</strong><br />(-24 for losing)
|raw|Rodri1x's rating: 1089 &rarr; <strong>1116</strong><br />(+27 for winning)
|l|☆Rodri1x
|player|p2|
|c|☆EfosaYT|W sweep
|l|☆EfosaYT
|player|p1|
