|j|☆bombadierbill
|j|☆SittinGamer
|t:|1758346790
|gametype|singles
|player|p1|bombadierbill|170|1581
|player|p2|SittinGamer|dawn-gen4pt|1693
|gen|9
|tier|[Gen 9] OU
|rated|
|rule|HP Percentage Mod: HP is shown in percentages
|rule|Endless Battle Clause: Forcing endless battles is banned
|rule|Species Clause: Limit one of each Pokémon
|rule|OHKO Clause: OHKO moves are banned
|rule|Evasion Items Clause: Evasion items are banned
|rule|Evasion Moves Clause: Evasion moves are banned
|rule|Evasion Abilities Clause: Evasion abilities are banned
|rule|Sleep Moves Clause: Sleep-inducing moves are banned
|clearpoke
|poke|p1|Cinderace, M|
|poke|p1|Ogerpon-Wellspring, F|
|poke|p1|Dragapult, M|
|poke|p1|Scizor, F|
|poke|p1|Landorus-Therian, M|
|poke|p1|Dragonite, M|
|poke|p2|Infernape, M|
|poke|p2|Ogerpon-Wellspring, F|
|poke|p2|Gholdengo|
|poke|p2|Hatterene, F|
|poke|p2|Great Tusk|
|poke|p2|Zamazenta-*|
|teampreview
|
|t:|1758346800
|teamsize|p1|6
|teamsize|p2|6
|start
|switch|p1a: Dragapult|Dragapult, M|100/100
|switch|p2a: Infernape|Infernape, M|100/100
|turn|1
|
|t:|1758346807
|switch|p1a: Landorus|Landorus-Therian, M|100/100
|-ability|p1a: Landorus|Intimidate|boost
|-unboost|p2a: Infernape|atk|1
|move|p2a: Infernape|Overheat|p1a: Landorus
|-damage|p1a: Landorus|33/100
|-unboost|p2a: Infernape|spa|2
|
|upkeep
|turn|2
|
|t:|1758346815
|switch|p1a: Dragapult|Dragapult, M|100/100
|move|p2a: Infernape|Overheat|p1a: Dragapult
|-resisted|p1a: Dragapult
|-damage|p1a: Dragapult|77/100
|-unboost|p2a: Infernape|spa|2
|
|upkeep
|turn|3
|
|t:|1758346819
|switch|p2a: Great Tusk|Great Tusk|100/100
|-enditem|p2a: Great Tusk|Booster Energy
|-activate|p2a: Great Tusk|ability: Protosynthesis|[fromitem]
|-start|p2a: Great Tusk|protosynthesisatk
|move|p1a: Dragapult|Shadow Ball|p2a: Great Tusk
|-damage|p2a: Great Tusk|20/100
|
|upkeep
|turn|4
|
|t:|1758346824
|-end|p2a: Great Tusk|Protosynthesis|[silent]
|switch|p2a: Zamazenta|Zamazenta|100/100
|-ability|p2a: Zamazenta|Dauntless Shield|boost
|-boost|p2a: Zamazenta|def|1
|move|p1a: Dragapult|Shadow Ball|p2a: Zamazenta
|-damage|p2a: Zamazenta|61/100
|
|-heal|p2a: Zamazenta|67/100|[from] item: Leftovers
|upkeep
|turn|5
|
|t:|1758346833
|move|p1a: Dragapult|Shadow Ball|p2a: Zamazenta
|-damage|p2a: Zamazenta|27/100
|move|p2a: Zamazenta|Crunch|p1a: Dragapult
|-supereffective|p1a: Dragapult
|-damage|p1a: Dragapult|22/100
|
|-heal|p2a: Zamazenta|33/100|[from] item: Leftovers
|upkeep
|turn|6
|
|t:|1758346838
|move|p1a: Dragapult|Shadow Ball|p2a: Zamazenta
|-damage|p2a: Zamazenta|0 fnt
|faint|p2a: Zamazenta
|
|upkeep
|
|t:|1758346840
|switch|p2a: Gholdengo|Gholdengo|100/100
|turn|7
|
|t:|1758346855
|switch|p1a: Landorus|Landorus-Therian, M|33/100
|-ability|p1a: Landorus|Intimidate|boost
|-unboost|p2a: Gholdengo|atk|1
|move|p2a: Gholdengo|Shadow Ball|p1a: Landorus
|-damage|p1a: Landorus|0 fnt
|faint|p1a: Landorus
|
|upkeep
|
|t:|1758346862
|switch|p1a: Dragonite|Dragonite, M|100/100
|turn|8
|
|t:|1758346877
|move|p2a: Gholdengo|Shadow Ball|p1a: Dragonite
|-damage|p1a: Dragonite|80/100
|move|p1a: Dragonite|Earthquake|p2a: Gholdengo
|-supereffective|p2a: Gholdengo
|-damage|p2a: Gholdengo|23/100
|
|upkeep
|turn|9
|
|t:|1758346891
|switch|p2a: Hatterene|Hatterene, F|100/100
|move|p1a: Dragonite|Roost|p1a: Dragonite
|-heal|p1a: Dragonite|100/100
|-singleturn|p1a: Dragonite|move: Roost
|
|upkeep
|turn|10
|
|t:|1758346896
|switch|p1a: Cinderace|Cinderace, M|100/100
|move|p2a: Hatterene|Nuzzle|p1a: Cinderace
|-damage|p1a: Cinderace|96/100
|-status|p1a: Cinderace|par
|
|upkeep
|turn|11
|
|t:|1758346903
|move|p1a: Cinderace|U-turn|p2a: Hatterene
|-damage|p2a: Hatterene|81/100
|
|t:|1758346909
|switch|p1a: Scizor|Scizor, F|100/100|[from] U-turn
|move|p2a: Hatterene|Psychic Noise|p1a: Scizor
|-resisted|p1a: Scizor
|-damage|p1a: Scizor|79/100
|-start|p1a: Scizor|move: Heal Block
|
|upkeep
|turn|12
|
|t:|1758346918
|move|p1a: Scizor|U-turn|p2a: Hatterene
|-damage|p2a: Hatterene|43/100
|
|t:|1758346921
|switch|p1a: Cinderace|Cinderace, M|96/100 par|[from] U-turn
|move|p2a: Hatterene|Mystical Fire|p1a: Cinderace
|-resisted|p1a: Cinderace
|-damage|p1a: Cinderace|82/100 par
|-unboost|p1a: Cinderace|spa|1
|
|upkeep
|turn|13
|
|t:|1758346928
|move|p1a: Cinderace|Pyro Ball|p2a: Hatterene
|-damage|p2a: Hatterene|0 fnt
|faint|p2a: Hatterene
|
|upkeep
|
|t:|1758346934
|switch|p2a: Infernape|Infernape, M|100/100
|turn|14
|
|t:|1758346938
|move|p2a: Infernape|Stealth Rock|p1a: Cinderace
|-sidestart|p1: bombadierbill|move: Stealth Rock
|move|p1a: Cinderace|U-turn|p2a: Infernape
|-resisted|p2a: Infernape
|-damage|p2a: Infernape|93/100
|
|t:|1758346970
|switch|p1a: Dragapult|Dragapult, M|22/100|[from] U-turn
|-damage|p1a: Dragapult|10/100|[from] Stealth Rock
|
|upkeep
|turn|15
|
|t:|1758346979
|move|p1a: Dragapult|Shadow Ball|p2a: Infernape
|-damage|p2a: Infernape|17/100
|move|p2a: Infernape|Overheat|p1a: Dragapult|[miss]
|-miss|p2a: Infernape|p1a: Dragapult
|
|upkeep
|turn|16
|
|t:|1758346984
|switch|p2a: Great Tusk|Great Tusk|20/100
|move|p1a: Dragapult|Shadow Ball|p2a: Great Tusk
|-damage|p2a: Great Tusk|0 fnt
|faint|p2a: Great Tusk
|-end|p2a: Great Tusk|Protosynthesis|[silent]
|
|upkeep
|
|t:|1758346987
|switch|p2a: Ogerpon|Ogerpon-Wellspring, F|100/100
|turn|17
|
|t:|1758346990
|move|p1a: Dragapult|Shadow Ball|p2a: Ogerpon
|-crit|p2a: Ogerpon
|-damage|p2a: Ogerpon|10/100
|move|p2a: Ogerpon|Trailblaze|p1a: Dragapult
|-resisted|p1a: Dragapult
|-damage|p1a: Dragapult|0 fnt
|-boost|p2a: Ogerpon|spe|1
|faint|p1a: Dragapult
|
|upkeep
|
|t:|1758346995
|switch|p1a: Scizor|Scizor, F|79/100
|turn|18
|-message|SittinGamer forfeited.
|
|win|bombadierbill
|raw|bombadierbill's rating: 1581 &rarr; <strong>1607</strong><br />(+26 for winning)
|raw|SittinGamer's rating: 1693 &rarr; <strong>1667</strong><br />(-26 for losing)
|l|☆SittinGamer
|player|p2|
|l|☆bombadierbill
|player|p1|
