|j|☆cPeterz
|j|☆eaveneaveneaven
|t:|1758287691
|gametype|singles
|player|p1|cPeterz|policeman-gen4|1151
|player|p2|eaveneaveneaven|mars|1170
|gen|9
|tier|[Gen 9] OU
|rated|
|rule|HP Percentage Mod: HP is shown in percentages
|rule|Endless Battle Clause: Forcing endless battles is banned
|rule|Species Clause: Limit one of each Pokémon
|rule|OHKO Clause: OHKO moves are banned
|rule|Evasion Items Clause: Evasion items are banned
|rule|Evasion Moves Clause: Evasion moves are banned
|rule|Evasion Abilities Clause: Evasion abilities are banned
|rule|Sleep Moves Clause: Sleep-inducing moves are banned
|clearpoke
|poke|p1|Sudowoodo, M|
|poke|p1|Garganacl, F|
|poke|p1|Pecharunt|
|poke|p1|Wo-Chien|
|poke|p1|Cinderace, M|
|poke|p1|Iron Crown|
|poke|p2|Samurott-Hisui, F|
|poke|p2|Primeape, F|
|poke|p2|Scizor, F|
|poke|p2|Cresselia, F|
|poke|p2|Garchomp, F|
|poke|p2|Corviknight, M|
|teampreview
|
|t:|1758287709
|teamsize|p1|6
|teamsize|p2|6
|start
|switch|p1a: Sudowoodo|Sudowoodo, M|100/100
|switch|p2a: Samurott|Samurott-Hisui, F, shiny|100/100
|turn|1
|
|t:|1758287750
|move|p2a: Samurott|Ceaseless Edge|p1a: Sudowoodo
|-damage|p1a: Sudowoodo|46/100
|-sidestart|p1: cPeterz|Spikes
|move|p1a: Sudowoodo|Counter|p2a: Samurott
|-damage|p2a: Samurott|0 fnt
|faint|p2a: Samurott
|
|upkeep
|
|t:|1758287769
|switch|p2a: Scizor|Scizor, F|100/100
|turn|2
|
|t:|1758287783
|move|p2a: Scizor|Swords Dance|p2a: Scizor
|-boost|p2a: Scizor|atk|2
|move|p1a: Sudowoodo|Counter||[still]
|-fail|p1a: Sudowoodo
|
|upkeep
|turn|3
|
|t:|1758287798
|move|p2a: Scizor|Bullet Punch|p1a: Sudowoodo
|-supereffective|p1a: Sudowoodo
|-damage|p1a: Sudowoodo|0 fnt
|faint|p1a: Sudowoodo
|
|upkeep
|
|t:|1758287810
|switch|p1a: Garganacl|Garganacl, F, shiny|100/100
|-damage|p1a: Garganacl|88/100|[from] Spikes
|turn|4
|
|t:|1758287847
|-terastallize|p1a: Garganacl|Ground
|move|p2a: Scizor|Knock Off|p1a: Garganacl
|-damage|p1a: Garganacl|47/100
|-damage|p2a: Scizor|84/100|[from] item: Rocky Helmet|[of] p1a: Garganacl
|-enditem|p1a: Garganacl|Rocky Helmet|[from] move: Knock Off|[of] p2a: Scizor
|move|p1a: Garganacl|Salt Cure|p2a: Scizor
|-damage|p2a: Scizor|69/100
|-start|p2a: Scizor|Salt Cure
|
|-damage|p2a: Scizor|44/100|[from] Salt Cure
|upkeep
|-enditem|p2a: Scizor|Sitrus Berry|[eat]
|-heal|p2a: Scizor|69/100|[from] item: Sitrus Berry
|turn|5
|inactive|Battle timer is ON: inactive players will automatically lose when time's up. (requested by cPeterz)
|
|t:|1758287893
|switch|p2a: Garchomp|Garchomp, F|100/100
|move|p1a: Garganacl|Recover|p1a: Garganacl
|-heal|p1a: Garganacl|97/100
|
|upkeep
|turn|6
|
|t:|1758287900
|move|p2a: Garchomp|Stealth Rock|p1a: Garganacl
|-sidestart|p1: cPeterz|move: Stealth Rock
|move|p1a: Garganacl|Iron Defense|p1a: Garganacl
|-boost|p1a: Garganacl|def|2
|
|upkeep
|turn|7
|
|t:|1758287903
|move|p1a: Garganacl|Iron Defense|p1a: Garganacl
|-boost|p1a: Garganacl|def|2
|move|p2a: Garchomp|Dragon Tail|p1a: Garganacl
|-damage|p1a: Garganacl|91/100
|drag|p1a: Pecharunt|Pecharunt|100/100
|-damage|p1a: Pecharunt|88/100|[from] Spikes
|-damage|p1a: Pecharunt|76/100|[from] Stealth Rock
|
|-heal|p1a: Pecharunt|82/100|[from] item: Leftovers
|upkeep
|turn|8
|
|t:|1758287926
|-terastallize|p2a: Garchomp|Ground
|move|p2a: Garchomp|Earthquake|p1a: Pecharunt
|-supereffective|p1a: Pecharunt
|-damage|p1a: Pecharunt|8/100
|move|p1a: Pecharunt|Toxic|p2a: Garchomp
|-status|p2a: Garchomp|tox
|-start|p2a: Garchomp|confusion|[from] ability: Poison Puppeteer|[of] p1a: Pecharunt
|
|-heal|p1a: Pecharunt|14/100|[from] item: Leftovers
|-damage|p2a: Garchomp|94/100 tox|[from] psn
|upkeep
|turn|9
|inactive|eaveneaveneaven has 120 seconds left.
|
|t:|1758287963
|move|p1a: Pecharunt|Recover|p1a: Pecharunt
|-heal|p1a: Pecharunt|64/100
|-activate|p2a: Garchomp|confusion
|-damage|p2a: Garchomp|84/100 tox|[from] confusion
|
|-heal|p1a: Pecharunt|70/100|[from] item: Leftovers
|-damage|p2a: Garchomp|72/100 tox|[from] psn
|upkeep
|turn|10
|
|t:|1758287970
|-activate|p2a: Garchomp|confusion
|move|p2a: Garchomp|Earthquake|p1a: Pecharunt
|-supereffective|p1a: Pecharunt
|-damage|p1a: Pecharunt|0 fnt
|faint|p1a: Pecharunt
|
|-damage|p2a: Garchomp|53/100 tox|[from] psn
|upkeep
|
|t:|1758287979
|switch|p1a: Wo-Chien|Wo-Chien|100/100
|-damage|p1a: Wo-Chien|88/100|[from] Spikes
|-damage|p1a: Wo-Chien|76/100|[from] Stealth Rock
|-ability|p1a: Wo-Chien|Tablets of Ruin
|turn|11
|inactive|eaveneaveneaven has 120 seconds left.
|
|t:|1758288000
|switch|p2a: Corviknight|Corviknight, M|100/100
|-ability|p2a: Corviknight|Pressure
|move|p1a: Wo-Chien|Leech Seed|p2a: Corviknight
|-start|p2a: Corviknight|move: Leech Seed
|
|-heal|p1a: Wo-Chien|82/100|[from] item: Leftovers
|-damage|p2a: Corviknight|88/100|[from] Leech Seed|[of] p1a: Wo-Chien
|-heal|p1a: Wo-Chien|95/100|[silent]
|upkeep
|turn|12
|
|t:|1758288007
|move|p1a: Wo-Chien|Protect|p1a: Wo-Chien
|-singleturn|p1a: Wo-Chien|Protect
|move|p2a: Corviknight|U-turn|p1a: Wo-Chien
|-activate|p1a: Wo-Chien|move: Protect
|
|-heal|p1a: Wo-Chien|100/100|[from] item: Leftovers
|-damage|p2a: Corviknight|76/100|[from] Leech Seed|[of] p1a: Wo-Chien
|upkeep
|turn|13
|inactive|eaveneaveneaven has 120 seconds left.
|
|t:|1758288015
|move|p1a: Wo-Chien|Ruination|p2a: Corviknight
|-damage|p2a: Corviknight|38/100
|move|p2a: Corviknight|Roost|p2a: Corviknight
|-heal|p2a: Corviknight|88/100
|-singleturn|p2a: Corviknight|move: Roost
|
|-damage|p2a: Corviknight|76/100|[from] Leech Seed|[of] p1a: Wo-Chien
|upkeep
|turn|14
|
|t:|1758288021
|move|p1a: Wo-Chien|Ruination|p2a: Corviknight
|-damage|p2a: Corviknight|38/100
|move|p2a: Corviknight|U-turn|p1a: Wo-Chien
|-supereffective|p1a: Wo-Chien
|-damage|p1a: Wo-Chien|64/100
|inactive|eaveneaveneaven has 120 seconds left.
|
|t:|1758288045
|switch|p2a: Cresselia|Cresselia, F|100/100|[from] U-turn
|
|-heal|p1a: Wo-Chien|70/100|[from] item: Leftovers
|upkeep
|turn|15
|inactive|eaveneaveneaven has 120 seconds left.
|
|t:|1758288055
|move|p2a: Cresselia|Thunder Wave|p1a: Wo-Chien
|-status|p1a: Wo-Chien|par
|move|p1a: Wo-Chien|Knock Off|p2a: Cresselia
|-supereffective|p2a: Cresselia
|-damage|p2a: Cresselia|57/100
|-enditem|p2a: Cresselia|Leftovers|[from] move: Knock Off|[of] p1a: Wo-Chien
|
|-heal|p1a: Wo-Chien|76/100 par|[from] item: Leftovers
|upkeep
|turn|16
|
|t:|1758288063
|move|p2a: Cresselia|Moonlight|p2a: Cresselia
|-heal|p2a: Cresselia|100/100
|move|p1a: Wo-Chien|Leech Seed|p2a: Cresselia
|-start|p2a: Cresselia|move: Leech Seed
|
|-heal|p1a: Wo-Chien|83/100 par|[from] item: Leftovers
|-damage|p2a: Cresselia|88/100|[from] Leech Seed|[of] p1a: Wo-Chien
|-heal|p1a: Wo-Chien|97/100 par|[silent]
|upkeep
|turn|17
|inactive|eaveneaveneaven has 120 seconds left.
|
|t:|1758288079
|move|p2a: Cresselia|Calm Mind|p2a: Cresselia
|-boost|p2a: Cresselia|spa|1
|-boost|p2a: Cresselia|spd|1
|move|p1a: Wo-Chien|Ruination|p2a: Cresselia
|-damage|p2a: Cresselia|44/100
|
|-heal|p1a: Wo-Chien|100/100 par|[from] item: Leftovers
|-damage|p2a: Cresselia|32/100|[from] Leech Seed|[of] p1a: Wo-Chien
|upkeep
|turn|18
|
|t:|1758288084
|move|p2a: Cresselia|Moonlight|p2a: Cresselia
|-heal|p2a: Cresselia|82/100
|move|p1a: Wo-Chien|Ruination|p2a: Cresselia
|-damage|p2a: Cresselia|41/100
|
|-damage|p2a: Cresselia|29/100|[from] Leech Seed|[of] p1a: Wo-Chien
|upkeep
|turn|19
|
|t:|1758288087
|move|p2a: Cresselia|Moonlight|p2a: Cresselia
|-heal|p2a: Cresselia|79/100
|move|p1a: Wo-Chien|Ruination|p2a: Cresselia
|-damage|p2a: Cresselia|40/100
|
|-damage|p2a: Cresselia|27/100|[from] Leech Seed|[of] p1a: Wo-Chien
|upkeep
|turn|20
|
|t:|1758288098
|move|p2a: Cresselia|Moonlight|p2a: Cresselia
|-heal|p2a: Cresselia|77/100
|move|p1a: Wo-Chien|Knock Off|p2a: Cresselia
|-supereffective|p2a: Cresselia
|-damage|p2a: Cresselia|49/100
|
|-damage|p2a: Cresselia|37/100|[from] Leech Seed|[of] p1a: Wo-Chien
|upkeep
|turn|21
|
|t:|1758288101
|move|p2a: Cresselia|Moonlight|p2a: Cresselia
|-heal|p2a: Cresselia|87/100
|cant|p1a: Wo-Chien|par
|
|-damage|p2a: Cresselia|74/100|[from] Leech Seed|[of] p1a: Wo-Chien
|upkeep
|turn|22
|
|t:|1758288109
|move|p2a: Cresselia|Moonblast|p1a: Wo-Chien
|-supereffective|p1a: Wo-Chien
|-damage|p1a: Wo-Chien|56/100 par
|-unboost|p1a: Wo-Chien|spa|1
|move|p1a: Wo-Chien|Ruination|p2a: Cresselia
|-damage|p2a: Cresselia|37/100
|
|-heal|p1a: Wo-Chien|62/100 par|[from] item: Leftovers
|-damage|p2a: Cresselia|25/100|[from] Leech Seed|[of] p1a: Wo-Chien
|-heal|p1a: Wo-Chien|76/100 par|[silent]
|upkeep
|turn|23
|
|t:|1758288123
|switch|p2a: Corviknight|Corviknight, M|38/100
|-ability|p2a: Corviknight|Pressure
|move|p1a: Wo-Chien|Protect||[still]
|-fail|p1a: Wo-Chien
|
|-heal|p1a: Wo-Chien|83/100 par|[from] item: Leftovers
|upkeep
|turn|24
|
|t:|1758288136
|switch|p1a: Cinderace|Cinderace, M, shiny|100/100
|-damage|p1a: Cinderace|88/100|[from] Spikes
|-damage|p1a: Cinderace|63/100|[from] Stealth Rock
|move|p2a: Corviknight|Roost|p2a: Corviknight
|-heal|p2a: Corviknight|88/100
|-singleturn|p2a: Corviknight|move: Roost
|
|upkeep
|turn|25
|
|t:|1758288161
|switch|p2a: Cresselia|Cresselia, F|25/100
|move|p1a: Cinderace|Pyro Ball|p2a: Cresselia
|-damage|p2a: Cresselia|0 fnt
|faint|p2a: Cresselia
|
|upkeep
|inactive|eaveneaveneaven has 120 seconds left.
|
|t:|1758288189
|switch|p2a: Primeape|Primeape, F|100/100
|turn|26
|
|t:|1758288199
|move|p1a: Cinderace|Pyro Ball|p2a: Primeape
|-damage|p2a: Primeape|45/100
|move|p2a: Primeape|Drain Punch|p1a: Cinderace
|-damage|p1a: Cinderace|9/100
|-heal|p2a: Primeape|70/100|[from] drain|[of] p1a: Cinderace
|
|upkeep
|turn|27
|inactive|eaveneaveneaven has 90 seconds left.
|inactive|eaveneaveneaven has 60 seconds left.
|
|t:|1758288278
|switch|p2a: Corviknight|Corviknight, M|88/100
|-ability|p2a: Corviknight|Pressure
|move|p1a: Cinderace|Pyro Ball|p2a: Corviknight
|-supereffective|p2a: Corviknight
|-damage|p2a: Corviknight|13/100
|
|upkeep
|turn|28
|-enditem|p2a: Corviknight|Custap Berry|[eat]
|-activate|p2a: Corviknight|item: Custap Berry|[consumed]
|
|t:|1758288289
|move|p2a: Corviknight|U-turn|p1a: Cinderace
|-resisted|p1a: Cinderace
|-damage|p1a: Cinderace|0 fnt
|faint|p1a: Cinderace
|inactive|eaveneaveneaven has 30 seconds left.
|
|t:|1758288317
|switch|p2a: Scizor|Scizor, F|69/100|[from] U-turn
|
|upkeep
|
|t:|1758288327
|switch|p1a: Iron Crown|Iron Crown|100/100
|-damage|p1a: Iron Crown|88/100|[from] Spikes
|-damage|p1a: Iron Crown|82/100|[from] Stealth Rock
|-enditem|p1a: Iron Crown|Booster Energy
|-activate|p1a: Iron Crown|ability: Quark Drive|[fromitem]
|-start|p1a: Iron Crown|quarkdrivespe
|turn|29
|inactive|eaveneaveneaven has 30 seconds left.
|
|t:|1758288349
|move|p1a: Iron Crown|Psychic|p2a: Scizor
|-resisted|p2a: Scizor
|-crit|p2a: Scizor
|-damage|p2a: Scizor|28/100
|move|p2a: Scizor|Knock Off|p1a: Iron Crown
|-supereffective|p1a: Iron Crown
|-damage|p1a: Iron Crown|30/100
|
|upkeep
|turn|30
|inactive|eaveneaveneaven has 30 seconds left.
|
|t:|1758288358
|move|p2a: Scizor|Bullet Punch|p1a: Iron Crown
|-resisted|p1a: Iron Crown
|-damage|p1a: Iron Crown|11/100
|move|p1a: Iron Crown|Tachyon Cutter|p2a: Scizor
|-resisted|p2a: Scizor
|-damage|p2a: Scizor|15/100
|-resisted|p2a: Scizor
|-damage|p2a: Scizor|0 fnt
|faint|p2a: Scizor
|-hitcount|p2: Scizor|2
|
|upkeep
|inactive|eaveneaveneaven has 30 seconds left.
|
|t:|1758288364
|switch|p2a: Garchomp|Garchomp, F, tera:Ground|53/100 tox
|turn|31
|
|t:|1758288374
|move|p1a: Iron Crown|Psychic|p2a: Garchomp
|-damage|p2a: Garchomp|10/100 tox
|move|p2a: Garchomp|Dragon Tail|p1a: Iron Crown
|-resisted|p1a: Iron Crown
|-damage|p1a: Iron Crown|0 fnt
|faint|p1a: Iron Crown
|-end|p1a: Iron Crown|Quark Drive|[silent]
|
|-damage|p2a: Garchomp|4/100 tox|[from] psn
|upkeep
|
|t:|1758288383
|switch|p1a: Wo-Chien|Wo-Chien|83/100 par
|-damage|p1a: Wo-Chien|70/100 par|[from] Spikes
|-damage|p1a: Wo-Chien|58/100 par|[from] Stealth Rock
|-ability|p1a: Wo-Chien|Tablets of Ruin
|turn|32
|
|t:|1758288394
|move|p1a: Wo-Chien|Protect|p1a: Wo-Chien
|-singleturn|p1a: Wo-Chien|Protect
|move|p2a: Garchomp|Dragon Tail|p1a: Wo-Chien
|-activate|p1a: Wo-Chien|move: Protect
|
|-heal|p1a: Wo-Chien|64/100 par|[from] item: Leftovers
|-damage|p2a: Garchomp|0 fnt|[from] psn
|faint|p2a: Garchomp
|upkeep
|
|t:|1758288408
|switch|p2a: Corviknight|Corviknight, M|13/100
|-ability|p2a: Corviknight|Pressure
|turn|33
|
|t:|1758288412
|move|p2a: Corviknight|U-turn|p1a: Wo-Chien
|-supereffective|p1a: Wo-Chien
|-damage|p1a: Wo-Chien|26/100 par
|
|t:|1758288415
|switch|p2a: Primeape|Primeape, F|70/100|[from] U-turn
|cant|p1a: Wo-Chien|par
|
|-heal|p1a: Wo-Chien|32/100 par|[from] item: Leftovers
|upkeep
|turn|34
|
|t:|1758288429
|cant|p1a: Wo-Chien|par
|move|p2a: Primeape|Drain Punch|p1a: Wo-Chien
|-supereffective|p1a: Wo-Chien
|-damage|p1a: Wo-Chien|0 fnt
|-heal|p2a: Primeape|88/100|[from] drain|[of] p1a: Wo-Chien
|faint|p1a: Wo-Chien
|
|upkeep
|
|t:|1758288432
|switch|p1a: Garganacl|Garganacl, F, shiny, tera:Ground|91/100
|-damage|p1a: Garganacl|79/100|[from] Spikes
|-damage|p1a: Garganacl|73/100|[from] Stealth Rock
|turn|35
|inactive|eaveneaveneaven has 60 seconds left.
|
|t:|1758288442
|move|p2a: Primeape|Bulk Up|p2a: Primeape
|-boost|p2a: Primeape|atk|1
|-boost|p2a: Primeape|def|1
|move|p1a: Garganacl|Salt Cure|p2a: Primeape
|-resisted|p2a: Primeape
|-damage|p2a: Primeape|83/100
|-start|p2a: Primeape|Salt Cure
|
|-damage|p2a: Primeape|70/100|[from] Salt Cure
|upkeep
|turn|36
|inactive|eaveneaveneaven has 60 seconds left.
|
|t:|1758288454
|move|p2a: Primeape|Drain Punch|p1a: Garganacl
|-damage|p1a: Garganacl|40/100
|-heal|p2a: Primeape|90/100|[from] drain|[of] p1a: Garganacl
|move|p1a: Garganacl|Iron Defense|p1a: Garganacl
|-boost|p1a: Garganacl|def|2
|
|-damage|p2a: Primeape|77/100|[from] Salt Cure
|upkeep
|turn|37
|inactive|eaveneaveneaven has 60 seconds left.
|
|t:|1758288468
|move|p2a: Primeape|Taunt|p1a: Garganacl
|-start|p1a: Garganacl|move: Taunt
|cant|p1a: Garganacl|move: Taunt|Recover
|
|-damage|p2a: Primeape|65/100|[from] Salt Cure
|upkeep
|turn|38
|inactive|eaveneaveneaven has 60 seconds left.
|
|t:|1758288475
|move|p2a: Primeape|Drain Punch|p1a: Garganacl
|-damage|p1a: Garganacl|24/100
|-heal|p2a: Primeape|75/100|[from] drain|[of] p1a: Garganacl
|move|p1a: Garganacl|Body Press|p2a: Primeape
|-damage|p2a: Primeape|36/100
|
|-damage|p2a: Primeape|24/100|[from] Salt Cure
|upkeep
|turn|39
|
|t:|1758288487
|move|p2a: Primeape|Rage Fist|p1a: Garganacl
|-damage|p1a: Garganacl|11/100
|move|p1a: Garganacl|Body Press|p2a: Primeape
|-damage|p2a: Primeape|0 fnt
|faint|p2a: Primeape
|
|-end|p1a: Garganacl|move: Taunt
|upkeep
|
|t:|1758288493
|switch|p2a: Corviknight|Corviknight, M|13/100
|-ability|p2a: Corviknight|Pressure
|turn|40
|
|t:|1758288501
|move|p2a: Corviknight|Roost|p2a: Corviknight
|-heal|p2a: Corviknight|63/100
|-singleturn|p2a: Corviknight|move: Roost
|move|p1a: Garganacl|Recover|p1a: Garganacl
|-heal|p1a: Garganacl|61/100
|
|upkeep
|turn|41
|
|t:|1758288510
|move|p2a: Corviknight|Body Press|p1a: Garganacl
|-damage|p1a: Garganacl|53/100
|move|p1a: Garganacl|Salt Cure|p2a: Corviknight
|-damage|p2a: Corviknight|55/100
|-start|p2a: Corviknight|Salt Cure
|
|-damage|p2a: Corviknight|30/100|[from] Salt Cure
|upkeep
|turn|42
|-message|eaveneaveneaven forfeited.
|
|win|cPeterz
|raw|cPeterz's rating: 1151 &rarr; <strong>1177</strong><br />(+26 for winning)
|raw|eaveneaveneaven's rating: 1170 &rarr; <strong>1144</strong><br />(-26 for losing)
|l|☆eaveneaveneaven
|player|p2|
|l|☆cPeterz
|player|p1|
