|j|☆Oreoinabox
|j|☆PrimeXStriker
|t:|1758242445
|gametype|singles
|player|p1|Oreoinabox|266|1392
|player|p2|PrimeXStriker|marshal|1420
|gen|9
|tier|[Gen 9] OU
|rated|
|rule|HP Percentage Mod: HP is shown in percentages
|rule|Endless Battle Clause: Forcing endless battles is banned
|rule|Species Clause: Limit one of each Pokémon
|rule|OHKO Clause: OHKO moves are banned
|rule|Evasion Items Clause: Evasion items are banned
|rule|Evasion Moves Clause: Evasion moves are banned
|rule|Evasion Abilities Clause: Evasion abilities are banned
|rule|Sleep Moves Clause: Sleep-inducing moves are banned
|clearpoke
|poke|p1|Iron Thorns|
|poke|p1|Araquanid, F|
|poke|p1|Blastoise, F|
|poke|p1|Corviknight, F|
|poke|p1|Great Tusk|
|poke|p1|Meowscarada, F|
|poke|p2|Ceruledge, F|
|poke|p2|Scream Tail|
|poke|p2|Hydreigon, F|
|poke|p2|Great Tusk|
|poke|p2|Ting-Lu|
|poke|p2|Decidueye, M|
|teampreview
|
|t:|1758242464
|teamsize|p1|6
|teamsize|p2|6
|start
|switch|p1a: Araquanid|Araquanid, F|100/100
|switch|p2a: Ting-Lu|Ting-Lu|100/100
|-ability|p2a: Ting-Lu|Vessel of Ruin
|turn|1
|
|t:|1758242468
|move|p2a: Ting-Lu|Spikes|p1a: Araquanid
|-sidestart|p1: Oreoinabox|Spikes
|move|p1a: Araquanid|Liquidation|p2a: Ting-Lu
|-supereffective|p2a: Ting-Lu
|-crit|p2a: Ting-Lu
|-damage|p2a: Ting-Lu|0 fnt
|faint|p2a: Ting-Lu
|
|upkeep
|
|t:|1758242475
|switch|p2a: Decidueye|Decidueye, M|100/100
|turn|2
|
|t:|1758242479
|move|p2a: Decidueye|Poltergeist|p1a: Araquanid
|-activate|p1a: Araquanid|move: Poltergeist|Focus Sash
|-damage|p1a: Araquanid|39/100
|move|p1a: Araquanid|Sticky Web|p2a: Decidueye
|-sidestart|p2: PrimeXStriker|move: Sticky Web
|
|upkeep
|turn|3
|
|t:|1758242485
|switch|p1a: Corviknight|Corviknight, F|100/100
|-ability|p1a: Corviknight|Pressure
|move|p2a: Decidueye|Poltergeist|p1a: Corviknight
|-activate|p1a: Corviknight|move: Poltergeist|Leftovers
|-damage|p1a: Corviknight|65/100
|
|-heal|p1a: Corviknight|71/100|[from] item: Leftovers
|upkeep
|turn|4
|
|t:|1758242492
|move|p2a: Decidueye|Swords Dance|p2a: Decidueye
|-boost|p2a: Decidueye|atk|2
|move|p1a: Corviknight|Roost|p1a: Corviknight
|-heal|p1a: Corviknight|100/100
|-singleturn|p1a: Corviknight|move: Roost
|
|upkeep
|turn|5
|
|t:|1758242497
|move|p2a: Decidueye|Poltergeist|p1a: Corviknight
|-activate|p1a: Corviknight|move: Poltergeist|Leftovers
|-damage|p1a: Corviknight|31/100
|move|p1a: Corviknight|U-turn|p2a: Decidueye
|-damage|p2a: Decidueye|82/100
|
|t:|1758242505
|switch|p1a: Meowscarada|Meowscarada, F|100/100|[from] U-turn
|-damage|p1a: Meowscarada|88/100|[from] Spikes
|
|-heal|p2a: Decidueye|88/100|[from] item: Leftovers
|upkeep
|turn|6
|
|t:|1758242512
|-terastallize|p2a: Decidueye|Normal
|move|p1a: Meowscarada|Knock Off|p2a: Decidueye
|-start|p1a: Meowscarada|typechange|Dark|[from] ability: Protean
|-damage|p2a: Decidueye|11/100
|-enditem|p2a: Decidueye|Leftovers|[from] move: Knock Off|[of] p1a: Meowscarada
|move|p2a: Decidueye|Leaf Blade|p1a: Meowscarada
|-damage|p1a: Meowscarada|0 fnt
|faint|p1a: Meowscarada
|
|upkeep
|
|t:|1758242522
|switch|p1a: Great Tusk|Great Tusk|100/100
|-damage|p1a: Great Tusk|88/100|[from] Spikes
|turn|7
|
|t:|1758242532
|switch|p2a: Great Tusk|Great Tusk|100/100
|-activate|p2a: Great Tusk|move: Sticky Web
|-unboost|p2a: Great Tusk|spe|1
|move|p1a: Great Tusk|Rapid Spin|p2a: Great Tusk
|-damage|p2a: Great Tusk|93/100
|-boost|p1a: Great Tusk|spe|1
|-damage|p1a: Great Tusk|72/100|[from] item: Rocky Helmet|[of] p2a: Great Tusk
|-sideend|p1: Oreoinabox|Spikes|[from] move: Rapid Spin|[of] p1a: Great Tusk
|
|upkeep
|turn|8
|
|t:|1758242539
|move|p1a: Great Tusk|Ice Spinner|p2a: Great Tusk
|-supereffective|p2a: Great Tusk
|-damage|p2a: Great Tusk|68/100
|-damage|p1a: Great Tusk|55/100|[from] item: Rocky Helmet|[of] p2a: Great Tusk
|move|p2a: Great Tusk|Rapid Spin|p1a: Great Tusk
|-damage|p1a: Great Tusk|44/100
|-boost|p2a: Great Tusk|spe|1
|-sideend|p2: PrimeXStriker|Sticky Web|[from] move: Rapid Spin|[of] p2a: Great Tusk
|
|upkeep
|turn|9
|
|t:|1758242549
|-end|p1a: Great Tusk|Protosynthesis|[silent]
|switch|p1a: Corviknight|Corviknight, F|31/100
|-ability|p1a: Corviknight|Pressure
|move|p2a: Great Tusk|Stealth Rock|p1a: Corviknight
|-sidestart|p1: Oreoinabox|move: Stealth Rock
|
|-heal|p1a: Corviknight|37/100|[from] item: Leftovers
|upkeep
|turn|10
|
|t:|1758242553
|move|p2a: Great Tusk|Knock Off|p1a: Corviknight
|-damage|p1a: Corviknight|17/100
|-enditem|p1a: Corviknight|Leftovers|[from] move: Knock Off|[of] p2a: Great Tusk
|move|p1a: Corviknight|Roost|p1a: Corviknight
|-heal|p1a: Corviknight|67/100
|-singleturn|p1a: Corviknight|move: Roost
|
|upkeep
|turn|11
|
|t:|1758242566
|move|p2a: Great Tusk|Knock Off|p1a: Corviknight
|-damage|p1a: Corviknight|53/100
|move|p1a: Corviknight|Roost|p1a: Corviknight
|-heal|p1a: Corviknight|100/100
|-singleturn|p1a: Corviknight|move: Roost
|
|upkeep
|turn|12
|
|t:|1758242576
|move|p2a: Great Tusk|Knock Off|p1a: Corviknight
|-damage|p1a: Corviknight|87/100
|move|p1a: Corviknight|Body Press|p2a: Great Tusk
|-damage|p2a: Great Tusk|57/100
|-damage|p1a: Corviknight|71/100|[from] item: Rocky Helmet|[of] p2a: Great Tusk
|
|upkeep
|turn|13
|
|t:|1758242586
|move|p2a: Great Tusk|Knock Off|p1a: Corviknight
|-damage|p1a: Corviknight|57/100
|move|p1a: Corviknight|Roost|p1a: Corviknight
|-heal|p1a: Corviknight|100/100
|-singleturn|p1a: Corviknight|move: Roost
|
|upkeep
|turn|14
|
|t:|1758242594
|-end|p2a: Great Tusk|Protosynthesis|[silent]
|switch|p2a: Ceruledge|Ceruledge, F|100/100
|move|p1a: Corviknight|Body Press|p2a: Ceruledge
|-immune|p2a: Ceruledge
|
|upkeep
|turn|15
|
|t:|1758242606
|switch|p2a: Scream Tail|Scream Tail|100/100
|move|p1a: Corviknight|U-turn|p2a: Scream Tail
|-damage|p2a: Scream Tail|89/100
|
|t:|1758242610
|switch|p1a: Iron Thorns|Iron Thorns|100/100|[from] U-turn
|-damage|p1a: Iron Thorns|88/100|[from] Stealth Rock
|-enditem|p1a: Iron Thorns|Booster Energy
|-activate|p1a: Iron Thorns|ability: Quark Drive|[fromitem]
|-start|p1a: Iron Thorns|quarkdriveatk
|
|-heal|p2a: Scream Tail|95/100|[from] item: Leftovers
|upkeep
|turn|16
|
|t:|1758242623
|move|p2a: Scream Tail|Wish|p2a: Scream Tail
|move|p1a: Iron Thorns|Dragon Dance|p1a: Iron Thorns
|-boost|p1a: Iron Thorns|atk|1
|-boost|p1a: Iron Thorns|spe|1
|
|-heal|p2a: Scream Tail|100/100|[from] item: Leftovers
|upkeep
|turn|17
|
|t:|1758242632
|move|p1a: Iron Thorns|Ice Punch|p2a: Scream Tail
|-damage|p2a: Scream Tail|62/100
|move|p2a: Scream Tail|Encore|p1a: Iron Thorns
|-start|p1a: Iron Thorns|Encore
|
|-heal|p2a: Scream Tail|100/100|[from] move: Wish|[wisher] Scream Tail
|upkeep
|turn|18
|
|t:|1758242656
|move|p1a: Iron Thorns|Ice Punch|p2a: Scream Tail
|-damage|p2a: Scream Tail|61/100
|move|p2a: Scream Tail|Dazzling Gleam|p1a: Iron Thorns
|-damage|p1a: Iron Thorns|66/100
|
|-heal|p2a: Scream Tail|67/100|[from] item: Leftovers
|upkeep
|turn|19
|
|t:|1758242669
|move|p1a: Iron Thorns|Ice Punch|p2a: Scream Tail
|-damage|p2a: Scream Tail|22/100
|move|p2a: Scream Tail|Wish|p2a: Scream Tail
|
|-heal|p2a: Scream Tail|29/100|[from] item: Leftovers
|upkeep
|turn|20
|
|t:|1758242673
|move|p2a: Scream Tail|Protect|p2a: Scream Tail
|-singleturn|p2a: Scream Tail|Protect
|move|p1a: Iron Thorns|Ice Punch|p2a: Scream Tail
|-activate|p2a: Scream Tail|move: Protect
|
|-heal|p2a: Scream Tail|78/100|[from] move: Wish|[wisher] Scream Tail
|-heal|p2a: Scream Tail|85/100|[from] item: Leftovers
|-end|p1a: Iron Thorns|Encore
|upkeep
|turn|21
|
|t:|1758242677
|move|p1a: Iron Thorns|Supercell Slam|p2a: Scream Tail
|-damage|p2a: Scream Tail|1/100
|move|p2a: Scream Tail|Encore|p1a: Iron Thorns
|-start|p1a: Iron Thorns|Encore
|
|-heal|p2a: Scream Tail|8/100|[from] item: Leftovers
|upkeep
|turn|22
|
|t:|1758242683
|-end|p1a: Iron Thorns|Quark Drive|[silent]
|switch|p1a: Blastoise|Blastoise, F|100/100
|-damage|p1a: Blastoise|88/100|[from] Stealth Rock
|-end|p2a: Scream Tail|Protosynthesis|[silent]
|switch|p2a: Great Tusk|Great Tusk|57/100
|
|upkeep
|turn|23
|
|t:|1758242689
|move|p1a: Blastoise|Shell Smash|p1a: Blastoise
|-unboost|p1a: Blastoise|def|1
|-unboost|p1a: Blastoise|spd|1
|-boost|p1a: Blastoise|atk|2
|-boost|p1a: Blastoise|spa|2
|-boost|p1a: Blastoise|spe|2
|-enditem|p1a: Blastoise|White Herb
|-clearnegativeboost|p1a: Blastoise|[silent]
|move|p2a: Great Tusk|Knock Off|p1a: Blastoise
|-damage|p1a: Blastoise|68/100
|
|upkeep
|turn|24
|
|t:|1758242693
|move|p1a: Blastoise|Surf|p2a: Great Tusk
|-supereffective|p2a: Great Tusk
|-damage|p2a: Great Tusk|0 fnt
|faint|p2a: Great Tusk
|-end|p2a: Great Tusk|Protosynthesis|[silent]
|
|upkeep
|
|t:|1758242695
|switch|p2a: Hydreigon|Hydreigon, F|100/100
|turn|25
|
|t:|1758242698
|-terastallize|p1a: Blastoise|Fighting
|move|p1a: Blastoise|Aura Sphere|p2a: Hydreigon
|-supereffective|p2a: Hydreigon
|-damage|p2a: Hydreigon|0 fnt
|faint|p2a: Hydreigon
|
|upkeep
|
|t:|1758242704
|switch|p2a: Ceruledge|Ceruledge, F|100/100
|turn|26
|
|t:|1758242720
|move|p1a: Blastoise|Surf|p2a: Ceruledge
|-supereffective|p2a: Ceruledge
|-damage|p2a: Ceruledge|0 fnt
|faint|p2a: Ceruledge
|
|upkeep
|-message|PrimeXStriker forfeited.
|
|win|Oreoinabox
|raw|Oreoinabox's rating: 1392 &rarr; <strong>1414</strong><br />(+22 for winning)
|raw|PrimeXStriker's rating: 1420 &rarr; <strong>1398</strong><br />(-22 for losing)
|l|☆PrimeXStriker
|player|p2|
|l|☆Oreoinabox
|player|p1|
