|j|☆TapuTeao
|j|☆matougris
|t:|1758272808
|gametype|singles
|player|p1|TapuTeao|170|1481
|player|p2|matougris|cameraman|1562
|gen|9
|tier|[Gen 9] OU
|rated|
|rule|HP Percentage Mod: HP is shown in percentages
|rule|Endless Battle Clause: Forcing endless battles is banned
|rule|Species Clause: Limit one of each Pokémon
|rule|OHKO Clause: OHKO moves are banned
|rule|Evasion Items Clause: Evasion items are banned
|rule|Evasion Moves Clause: Evasion moves are banned
|rule|Evasion Abilities Clause: Evasion abilities are banned
|rule|Sleep Moves Clause: Sleep-inducing moves are banned
|clearpoke
|poke|p1|Necrozma|
|poke|p1|Kingambit, F|
|poke|p1|Samurott-Hisui, M|
|poke|p1|Iron Treads|
|poke|p1|Pecharunt|
|poke|p1|Enamorus, F|
|poke|p2|Torkoal, M|
|poke|p2|Walking Wake|
|poke|p2|Iron Moth|
|poke|p2|Kingambit, F|
|poke|p2|Lilligant-Hisui, F|
|poke|p2|Great Tusk|
|teampreview
|inactive|Battle timer is ON: inactive players will automatically lose when time's up. (requested by TapuTeao)
|
|t:|1758272822
|teamsize|p1|6
|teamsize|p2|6
|start
|switch|p1a: Necrozma|Necrozma|100/100
|switch|p2a: here comes the|Torkoal, M, shiny|100/100
|-weather|SunnyDay|[from] ability: Drought|[of] p2a: here comes the
|turn|1
|
|t:|1758272828
|move|p1a: Necrozma|Earth Power|p2a: here comes the
|-supereffective|p2a: here comes the
|-damage|p2a: here comes the|35/100
|move|p2a: here comes the|Stealth Rock|p1a: Necrozma
|-sidestart|p1: TapuTeao|move: Stealth Rock
|
|-weather|SunnyDay|[upkeep]
|upkeep
|turn|2
|
|t:|1758272835
|switch|p2a: long queue|Walking Wake|100/100
|-activate|p2a: long queue|ability: Protosynthesis
|-start|p2a: long queue|protosynthesisspe
|move|p1a: Necrozma|Trick Room|p1a: Necrozma
|-fieldstart|move: Trick Room|[of] p1a: Necrozma
|
|-weather|SunnyDay|[upkeep]
|upkeep
|turn|3
|
|t:|1758272846
|-terastallize|p1a: Necrozma|Fairy
|move|p1a: Necrozma|Tera Blast|p2a: long queue|[anim] Tera Blast Fairy
|-supereffective|p2a: long queue
|-damage|p2a: long queue|1/100
|move|p2a: long queue|Hydro Steam|p1a: Necrozma
|-damage|p1a: Necrozma|23/100
|-damage|p2a: long queue|0 fnt|[from] item: Life Orb
|faint|p2a: long queue
|-end|p2a: long queue|Protosynthesis|[silent]
|
|-weather|SunnyDay|[upkeep]
|upkeep
|
|t:|1758272856
|switch|p2a: frapfort 2|Kingambit, F, shiny|100/100
|-activate|p2a: frapfort 2|ability: Supreme Overlord
|-start|p2a: frapfort 2|fallen1|[silent]
|turn|4
|inactive|TapuTeao has 120 seconds left.
|
|t:|1758272894
|switch|p1a: Samurott|Samurott-Hisui, M|100/100
|-damage|p1a: Samurott|88/100|[from] Stealth Rock
|move|p2a: frapfort 2|Iron Head|p1a: Samurott
|-resisted|p1a: Samurott
|-damage|p1a: Samurott|58/100
|
|-weather|SunnyDay|[upkeep]
|upkeep
|turn|5
|inactive|TapuTeao has 120 seconds left.
|
|t:|1758272912
|move|p2a: frapfort 2|Iron Head|p1a: Samurott
|-resisted|p1a: Samurott
|-damage|p1a: Samurott|22/100
|cant|p1a: Samurott|flinch
|
|-weather|SunnyDay|[upkeep]
|upkeep
|turn|6
|inactive|TapuTeao has 120 seconds left.
|
|t:|1758272918
|move|p2a: frapfort 2|Iron Head|p1a: Samurott
|-resisted|p1a: Samurott
|-damage|p1a: Samurott|0 fnt
|faint|p1a: Samurott
|
|-weather|SunnyDay|[upkeep]
|-fieldend|move: Trick Room
|upkeep
|inactive|TapuTeao has 120 seconds left.
|
|t:|1758272925
|switch|p1a: Iron Treads|Iron Treads|100/100
|-damage|p1a: Iron Treads|97/100|[from] Stealth Rock
|turn|7
|
|t:|1758272930
|-end|p2a: frapfort 2|fallen1|[silent]
|switch|p2a: streapteaseuse|Lilligant-Hisui, F, shiny|100/100
|move|p1a: Iron Treads|Earthquake|p2a: streapteaseuse
|-resisted|p2a: streapteaseuse
|-damage|p2a: streapteaseuse|65/100
|
|-weather|SunnyDay|[upkeep]
|upkeep
|turn|8
|
|t:|1758272942
|switch|p2a: tapfort 1|Great Tusk, shiny|100/100
|-activate|p2a: tapfort 1|ability: Protosynthesis
|-start|p2a: tapfort 1|protosynthesisatk
|-end|p1a: Iron Treads|Quark Drive|[silent]
|switch|p1a: Necrozma|Necrozma, tera:Fairy|23/100
|-damage|p1a: Necrozma|11/100|[from] Stealth Rock
|
|-weather|none
|-end|p2a: tapfort 1|Protosynthesis
|upkeep
|turn|9
|
|t:|1758272955
|move|p2a: tapfort 1|Rapid Spin|p1a: Necrozma
|-damage|p1a: Necrozma|0 fnt
|-boost|p2a: tapfort 1|spe|1
|faint|p1a: Necrozma
|-damage|p2a: tapfort 1|91/100|[from] item: Life Orb
|
|upkeep
|
|t:|1758272965
|switch|p1a: Enamorus|Enamorus, F|100/100
|-damage|p1a: Enamorus|76/100|[from] Stealth Rock
|turn|10
|
|t:|1758272969
|move|p1a: Enamorus|Moonblast|p2a: tapfort 1
|-supereffective|p2a: tapfort 1
|-damage|p2a: tapfort 1|0 fnt
|faint|p2a: tapfort 1
|-end|p2a: tapfort 1|Protosynthesis|[silent]
|
|upkeep
|
|t:|1758272978
|switch|p2a: la mite|Iron Moth|100/100
|-enditem|p2a: la mite|Booster Energy
|-activate|p2a: la mite|ability: Quark Drive|[fromitem]
|-start|p2a: la mite|quarkdrivespe
|turn|11
|
|t:|1758272991
|switch|p1a: Iron Treads|Iron Treads|97/100
|-damage|p1a: Iron Treads|94/100|[from] Stealth Rock
|move|p2a: la mite|Sludge Wave|p1a: Iron Treads
|-immune|p1a: Iron Treads
|
|upkeep
|turn|12
|
|t:|1758273019
|move|p2a: la mite|Fiery Dance|p1a: Iron Treads
|-supereffective|p1a: Iron Treads
|-damage|p1a: Iron Treads|17/100
|move|p1a: Iron Treads|Earthquake|p2a: la mite
|-supereffective|p2a: la mite
|-damage|p2a: la mite|0 fnt
|faint|p2a: la mite
|-end|p2a: la mite|Quark Drive|[silent]
|
|upkeep
|
|t:|1758273024
|switch|p2a: here comes the|Torkoal, M, shiny|35/100
|-weather|SunnyDay|[from] ability: Drought|[of] p2a: here comes the
|turn|13
|
|t:|1758273032
|move|p1a: Iron Treads|Rapid Spin|p2a: here comes the
|-damage|p2a: here comes the|22/100
|-boost|p1a: Iron Treads|spe|1
|-sideend|p1: TapuTeao|Stealth Rock|[from] move: Rapid Spin|[of] p1a: Iron Treads
|move|p2a: here comes the|Body Press|p1a: Iron Treads
|-supereffective|p1a: Iron Treads
|-damage|p1a: Iron Treads|0 fnt
|faint|p1a: Iron Treads
|-end|p1a: Iron Treads|Quark Drive|[silent]
|
|-weather|SunnyDay|[upkeep]
|upkeep
|
|t:|1758273042
|switch|p1a: Kingambit|Kingambit, F|100/100
|-activate|p1a: Kingambit|ability: Supreme Overlord
|-start|p1a: Kingambit|fallen3|[silent]
|turn|14
|
|t:|1758273048
|move|p1a: Kingambit|Kowtow Cleave|p2a: here comes the
|-damage|p2a: here comes the|0 fnt
|faint|p2a: here comes the
|
|-weather|SunnyDay|[upkeep]
|upkeep
|
|t:|1758273053
|switch|p2a: streapteaseuse|Lilligant-Hisui, F, shiny|65/100
|turn|15
|
|t:|1758273066
|switch|p2a: frapfort 2|Kingambit, F, shiny|100/100
|-activate|p2a: frapfort 2|ability: Supreme Overlord
|-start|p2a: frapfort 2|fallen4|[silent]
|move|p1a: Kingambit|Sucker Punch||[still]
|-fail|p1a: Kingambit
|
|-weather|SunnyDay|[upkeep]
|upkeep
|turn|16
|
|t:|1758273076
|move|p2a: frapfort 2|Swords Dance|p2a: frapfort 2
|-boost|p2a: frapfort 2|atk|2
|move|p1a: Kingambit|Kowtow Cleave|p2a: frapfort 2
|-resisted|p2a: frapfort 2
|-damage|p2a: frapfort 2|72/100
|
|-weather|SunnyDay|[upkeep]
|-heal|p2a: frapfort 2|78/100|[from] item: Leftovers
|upkeep
|turn|17
|
|t:|1758273086
|move|p2a: frapfort 2|Iron Head|p1a: Kingambit
|-resisted|p1a: Kingambit
|-damage|p1a: Kingambit|53/100
|move|p1a: Kingambit|Kowtow Cleave|p2a: frapfort 2
|-resisted|p2a: frapfort 2
|-crit|p2a: frapfort 2
|-damage|p2a: frapfort 2|34/100
|
|-weather|SunnyDay|[upkeep]
|-heal|p2a: frapfort 2|40/100|[from] item: Leftovers
|upkeep
|turn|18
|
|t:|1758273096
|move|p2a: frapfort 2|Iron Head|p1a: Kingambit
|-resisted|p1a: Kingambit
|-damage|p1a: Kingambit|8/100
|move|p1a: Kingambit|Kowtow Cleave|p2a: frapfort 2
|-resisted|p2a: frapfort 2
|-damage|p2a: frapfort 2|11/100
|
|-weather|SunnyDay|[upkeep]
|-heal|p2a: frapfort 2|17/100|[from] item: Leftovers
|upkeep
|turn|19
|
|t:|1758273105
|move|p2a: frapfort 2|Sucker Punch|p1a: Kingambit
|-resisted|p1a: Kingambit
|-damage|p1a: Kingambit|0 fnt
|faint|p1a: Kingambit
|-end|p1a: Kingambit|fallen3|[silent]
|
|-weather|SunnyDay|[upkeep]
|-heal|p2a: frapfort 2|23/100|[from] item: Leftovers
|upkeep
|
|t:|1758273111
|switch|p1a: Enamorus|Enamorus, F|76/100
|turn|20
|
|t:|1758273118
|-terastallize|p2a: frapfort 2|Fairy
|move|p2a: frapfort 2|Sucker Punch|p1a: Enamorus
|-resisted|p1a: Enamorus
|-damage|p1a: Enamorus|0 fnt
|faint|p1a: Enamorus
|
|-weather|none
|-heal|p2a: frapfort 2|29/100|[from] item: Leftovers
|upkeep
|
|t:|1758273125
|switch|p1a: Pecharunt|Pecharunt|100/100
|-item|p1a: Pecharunt|Air Balloon
|turn|21
|
|t:|1758273132
|move|p2a: frapfort 2|Sucker Punch|p1a: Pecharunt
|-supereffective|p1a: Pecharunt
|-damage|p1a: Pecharunt|0 fnt
|-enditem|p1a: Pecharunt|Air Balloon
|faint|p1a: Pecharunt
|
|win|matougris
|raw|TapuTeao's rating: 1481 &rarr; <strong>1466</strong><br />(-15 for losing)
|raw|matougris's rating: 1562 &rarr; <strong>1577</strong><br />(+15 for winning)
|c|☆matougris|gg
|l|☆TapuTeao
|player|p1|
|l|☆matougris
|player|p2|
