|j|☆Mega$crafty
|j|☆pilotrainbow312
|t:|1758319951
|gametype|singles
|player|p1|Mega$crafty|2|1412
|player|p2|pilotrainbow312|266|1362
|gen|9
|tier|[Gen 9] OU
|rated|
|rule|HP Percentage Mod: HP is shown in percentages
|rule|Endless Battle Clause: Forcing endless battles is banned
|rule|Species Clause: Limit one of each Pokémon
|rule|OHKO Clause: OHKO moves are banned
|rule|Evasion Items Clause: Evasion items are banned
|rule|Evasion Moves Clause: Evasion moves are banned
|rule|Evasion Abilities Clause: Evasion abilities are banned
|rule|Sleep Moves Clause: Sleep-inducing moves are banned
|clearpoke
|poke|p1|Ting-Lu|
|poke|p1|Tinkaton, F|
|poke|p1|Alomomola, F|
|poke|p1|Darkrai|
|poke|p1|Slowking-Galar, M|
|poke|p1|Zamazenta-*|
|poke|p2|Glimmora, F|
|poke|p2|Ogerpon-Wellspring, F|
|poke|p2|Hatterene, F|
|poke|p2|Iron Moth|
|poke|p2|Dragonite, F|
|poke|p2|Kingambit, F|
|teampreview
|inactive|Battle timer is ON: inactive players will automatically lose when time's up. (requested by pilotrainbow312)
|
|t:|1758319972
|teamsize|p1|6
|teamsize|p2|6
|start
|switch|p1a: Tinkaton|Tinkaton, F|100/100
|switch|p2a: The Advocate|Glimmora, F|100/100
|-ability|p1a: Tinkaton|Mold Breaker
|-item|p1a: Tinkaton|Air Balloon
|turn|1
|
|t:|1758319981
|move|p1a: Tinkaton|Stealth Rock|p2a: The Advocate
|-sidestart|p2: pilotrainbow312|move: Stealth Rock
|move|p2a: The Advocate|Stealth Rock|p1a: Tinkaton
|-sidestart|p1: Mega$crafty|move: Stealth Rock
|
|upkeep
|turn|2
|
|t:|1758319986
|move|p1a: Tinkaton|Encore|p2a: The Advocate
|-start|p2a: The Advocate|Encore
|move|p2a: The Advocate|Stealth Rock||[still]
|-fail|p2a: The Advocate
|
|upkeep
|turn|3
|
|t:|1758319995
|switch|p1a: Darkrai|Darkrai|100/100
|switch|p2a: The Idol|Iron Moth|100/100
|-damage|p2a: The Idol|76/100|[from] Stealth Rock
|-enditem|p2a: The Idol|Booster Energy
|-activate|p2a: The Idol|ability: Quark Drive|[fromitem]
|-start|p2a: The Idol|quarkdrivespe
|
|upkeep
|turn|4
|
|t:|1758320003
|move|p2a: The Idol|Fiery Dance|p1a: Darkrai
|-damage|p1a: Darkrai|42/100
|-boost|p2a: The Idol|spa|1
|move|p1a: Darkrai|Dark Pulse|p2a: The Idol
|-damage|p2a: The Idol|33/100
|
|upkeep
|turn|5
|
|t:|1758320009
|switch|p1a: Ting-Lu|Ting-Lu|100/100
|-damage|p1a: Ting-Lu|94/100|[from] Stealth Rock
|-ability|p1a: Ting-Lu|Vessel of Ruin
|move|p2a: The Idol|Fiery Dance|p1a: Ting-Lu
|-damage|p1a: Ting-Lu|70/100
|
|upkeep
|turn|6
|
|t:|1758320017
|move|p2a: The Idol|Dazzling Gleam|p1a: Ting-Lu
|-supereffective|p1a: Ting-Lu
|-damage|p1a: Ting-Lu|37/100
|move|p1a: Ting-Lu|Earthquake|p2a: The Idol
|-supereffective|p2a: The Idol
|-damage|p2a: The Idol|0 fnt
|faint|p2a: The Idol
|-end|p2a: The Idol|Quark Drive|[silent]
|
|upkeep
|
|t:|1758320027
|switch|p2a: The Ogerponzi|Ogerpon-Wellspring, F|100/100
|-damage|p2a: The Ogerponzi|88/100|[from] Stealth Rock
|turn|7
|
|t:|1758320035
|switch|p1a: Alomomola|Alomomola, F|100/100
|move|p2a: The Ogerponzi|Ivy Cudgel|p1a: Alomomola|[anim] Ivy Cudgel Water
|-resisted|p1a: Alomomola
|-damage|p1a: Alomomola|84/100
|
|upkeep
|turn|8
|
|t:|1758320051
|move|p2a: The Ogerponzi|Knock Off|p1a: Alomomola
|-damage|p1a: Alomomola|65/100
|-enditem|p1a: Alomomola|Heavy-Duty Boots|[from] move: Knock Off|[of] p2a: The Ogerponzi
|move|p1a: Alomomola|Wish|p1a: Alomomola
|
|upkeep
|turn|9
|
|t:|1758320071
|switch|p1a: Tinkaton|Tinkaton, F|100/100
|-damage|p1a: Tinkaton|94/100|[from] Stealth Rock
|-ability|p1a: Tinkaton|Mold Breaker
|-item|p1a: Tinkaton|Air Balloon
|move|p2a: The Ogerponzi|Horn Leech|p1a: Tinkaton
|-resisted|p1a: Tinkaton
|-damage|p1a: Tinkaton|69/100
|-heal|p2a: The Ogerponzi|100/100|[from] drain|[of] p1a: Tinkaton
|-enditem|p1a: Tinkaton|Air Balloon
|
|-heal|p1a: Tinkaton|100/100|[from] move: Wish|[wisher] Alomomola
|upkeep
|turn|10
|
|t:|1758320090
|-terastallize|p2a: The Ogerponzi|Water
|detailschange|p2a: The Ogerponzi|Ogerpon-Wellspring-Tera, F, tera:Water
|-ability|p2a: The Ogerponzi|Embody Aspect (Wellspring)|boost
|-boost|p2a: The Ogerponzi|spd|1
|move|p2a: The Ogerponzi|Ivy Cudgel|p1a: Tinkaton|[anim] Ivy Cudgel Water
|-crit|p1a: Tinkaton
|-damage|p1a: Tinkaton|0 fnt
|faint|p1a: Tinkaton
|
|upkeep
|inactive|Mega$crafty has 120 seconds left.
|
|t:|1758320116
|switch|p1a: Darkrai|Darkrai|42/100
|turn|11
|
|t:|1758320123
|move|p1a: Darkrai|Will-O-Wisp|p2a: The Ogerponzi
|-status|p2a: The Ogerponzi|brn
|move|p2a: The Ogerponzi|Horn Leech|p1a: Darkrai
|-damage|p1a: Darkrai|13/100
|
|-damage|p2a: The Ogerponzi|95/100 brn|[from] brn
|upkeep
|turn|12
|
|t:|1758320134
|move|p1a: Darkrai|Dark Pulse|p2a: The Ogerponzi
|-damage|p2a: The Ogerponzi|62/100 brn
|move|p2a: The Ogerponzi|Horn Leech|p1a: Darkrai
|-damage|p1a: Darkrai|0 fnt
|-heal|p2a: The Ogerponzi|68/100 brn|[from] drain|[of] p1a: Darkrai
|faint|p1a: Darkrai
|
|-damage|p2a: The Ogerponzi|62/100 brn|[from] brn
|upkeep
|
|t:|1758320140
|switch|p1a: Zamazenta|Zamazenta|100/100
|-damage|p1a: Zamazenta|94/100|[from] Stealth Rock
|-ability|p1a: Zamazenta|Dauntless Shield|boost
|-boost|p1a: Zamazenta|def|1
|turn|13
|
|t:|1758320144
|move|p1a: Zamazenta|Iron Defense|p1a: Zamazenta
|-boost|p1a: Zamazenta|def|2
|move|p2a: The Ogerponzi|Knock Off|p1a: Zamazenta
|-resisted|p1a: Zamazenta
|-damage|p1a: Zamazenta|92/100
|-enditem|p1a: Zamazenta|Leftovers|[from] move: Knock Off|[of] p2a: The Ogerponzi
|
|-damage|p2a: The Ogerponzi|56/100 brn|[from] brn
|upkeep
|turn|14
|
|t:|1758320149
|move|p1a: Zamazenta|Iron Defense|p1a: Zamazenta
|-boost|p1a: Zamazenta|def|2
|move|p2a: The Ogerponzi|Ivy Cudgel|p1a: Zamazenta|[anim] Ivy Cudgel Water
|-damage|p1a: Zamazenta|83/100
|
|-damage|p2a: The Ogerponzi|50/100 brn|[from] brn
|upkeep
|turn|15
|
|t:|1758320156
|move|p1a: Zamazenta|Body Press|p2a: The Ogerponzi
|-damage|p2a: The Ogerponzi|0 fnt
|faint|p2a: The Ogerponzi
|detailschange|p2: The Ogerponzi|Ogerpon-Wellspring, F|[silent]
|
|upkeep
|
|t:|1758320158
|switch|p2a: The Witch|Hatterene, F|100/100
|-damage|p2a: The Witch|88/100|[from] Stealth Rock
|turn|16
|
|t:|1758320172
|switch|p1a: Slowking|Slowking-Galar, M|100/100
|move|p2a: The Witch|Draining Kiss|p1a: Slowking
|-resisted|p1a: Slowking
|-damage|p1a: Slowking|92/100
|-heal|p2a: The Witch|96/100|[from] drain|[of] p1a: Slowking
|
|-heal|p2a: The Witch|100/100|[from] item: Leftovers
|upkeep
|turn|17
|
|t:|1758320181
|switch|p2a: The Advocate|Glimmora, F|100/100
|-damage|p2a: The Advocate|88/100|[from] Stealth Rock
|-prepare|p1a: Slowking|Chilly Reception|[premajor]
|move|p1a: Slowking|Chilly Reception|p1a: Slowking
|-weather|Snowscape
|
|t:|1758320186
|switch|p1a: Ting-Lu|Ting-Lu|37/100|[from] Chilly Reception
|-damage|p1a: Ting-Lu|30/100|[from] Stealth Rock
|-ability|p1a: Ting-Lu|Vessel of Ruin
|
|-weather|Snowscape|[upkeep]
|upkeep
|turn|18
|
|t:|1758320191
|move|p2a: The Advocate|Energy Ball|p1a: Ting-Lu
|-supereffective|p1a: Ting-Lu
|-damage|p1a: Ting-Lu|2/100
|move|p1a: Ting-Lu|Earthquake|p2a: The Advocate
|-supereffective|p2a: The Advocate
|-damage|p2a: The Advocate|0 fnt
|-activate|p2a: The Advocate|ability: Toxic Debris
|-sidestart|p1: Mega$crafty|move: Toxic Spikes
|faint|p2a: The Advocate
|
|-weather|Snowscape|[upkeep]
|upkeep
|
|t:|1758320199
|switch|p2a: The Witch|Hatterene, F|100/100
|-damage|p2a: The Witch|88/100|[from] Stealth Rock
|turn|19
|
|t:|1758320202
|move|p1a: Ting-Lu|Heavy Slam|p2a: The Witch
|-supereffective|p2a: The Witch
|-damage|p2a: The Witch|21/100
|move|p2a: The Witch|Calm Mind|p2a: The Witch
|-boost|p2a: The Witch|spa|1
|-boost|p2a: The Witch|spd|1
|
|-weather|Snowscape|[upkeep]
|-heal|p2a: The Witch|27/100|[from] item: Leftovers
|upkeep
|turn|20
|
|t:|1758320206
|move|p1a: Ting-Lu|Heavy Slam|p2a: The Witch
|-supereffective|p2a: The Witch
|-damage|p2a: The Witch|0 fnt
|faint|p2a: The Witch
|
|-weather|Snowscape|[upkeep]
|upkeep
|
|t:|1758320207
|switch|p2a: Satan|Dragonite, F|100/100
|-damage|p2a: Satan|76/100|[from] Stealth Rock
|turn|21
|
|t:|1758320211
|move|p2a: Satan|Dragon Dance|p2a: Satan
|-boost|p2a: Satan|atk|1
|-boost|p2a: Satan|spe|1
|move|p1a: Ting-Lu|Stone Edge|p2a: Satan
|-supereffective|p2a: Satan
|-damage|p2a: Satan|0 fnt
|faint|p2a: Satan
|
|-weather|none
|upkeep
|
|t:|1758320216
|switch|p2a: The Leader|Kingambit, F|100/100
|-damage|p2a: The Leader|94/100|[from] Stealth Rock
|-activate|p2a: The Leader|ability: Supreme Overlord
|-start|p2a: The Leader|fallen5|[silent]
|turn|22
|
|t:|1758320222
|move|p2a: The Leader|Kowtow Cleave|p1a: Ting-Lu
|-resisted|p1a: Ting-Lu
|-damage|p1a: Ting-Lu|0 fnt
|faint|p1a: Ting-Lu
|
|upkeep
|
|t:|1758320232
|switch|p1a: Zamazenta|Zamazenta|83/100
|-damage|p1a: Zamazenta|77/100|[from] Stealth Rock
|-status|p1a: Zamazenta|psn
|turn|23
|
|t:|1758320236
|move|p1a: Zamazenta|Body Press|p2a: The Leader
|-supereffective|p2a: The Leader
|-damage|p2a: The Leader|0 fnt
|faint|p2a: The Leader
|-end|p2a: The Leader|fallen5|[silent]
|
|win|Mega$crafty
|raw|Mega$crafty's rating: 1412 &rarr; <strong>1429</strong><br />(+17 for winning)
|raw|pilotrainbow312's rating: 1362 &rarr; <strong>1345</strong><br />(-17 for losing)
|l|☆pilotrainbow312
|player|p2|
