|j|☆Bhuvan xxx
|j|☆The Wonder of UU
|t:|1758258139
|gametype|singles
|player|p1|Bhuvan xxx|gentleman-lgpe|1372
|player|p2|The Wonder of UU|steven|1354
|gen|9
|tier|[Gen 9] OU
|rated|
|rule|HP Percentage Mod: HP is shown in percentages
|rule|Endless Battle Clause: Forcing endless battles is banned
|rule|Species Clause: Limit one of each Pokémon
|rule|OHKO Clause: OHKO moves are banned
|rule|Evasion Items Clause: Evasion items are banned
|rule|Evasion Moves Clause: Evasion moves are banned
|rule|Evasion Abilities Clause: Evasion abilities are banned
|rule|Sleep Moves Clause: Sleep-inducing moves are banned
|clearpoke
|poke|p1|Darkrai|
|poke|p1|Garchomp, M|
|poke|p1|Weezing-Galar, F|
|poke|p1|Corviknight, M|
|poke|p1|Ogerpon, F|
|poke|p1|Alomomola, M|
|poke|p2|Kingambit, F|
|poke|p2|Deoxys-Speed|
|poke|p2|Moltres|
|poke|p2|Slowking-Galar, F|
|poke|p2|Scizor, F|
|poke|p2|Hatterene, F|
|teampreview
|
|t:|1758258186
|teamsize|p1|6
|teamsize|p2|6
|start
|switch|p1a: Darkrai|Darkrai|100/100
|switch|p2a: Deoxys|Deoxys-Speed|100/100
|-ability|p2a: Deoxys|Pressure
|turn|1
|
|t:|1758258202
|switch|p1a: Alomomola|Alomomola, M|100/100
|-terastallize|p2a: Deoxys|Fighting
|move|p2a: Deoxys|Superpower|p1a: Alomomola
|-damage|p1a: Alomomola|62/100
|-unboost|p2a: Deoxys|atk|1
|-unboost|p2a: Deoxys|def|1
|-damage|p2a: Deoxys|91/100|[from] item: Life Orb
|
|upkeep
|turn|2
|
|t:|1758258210
|switch|p1a: Darkrai|Darkrai|100/100
|move|p2a: Deoxys|Psycho Boost|p1a: Darkrai
|-immune|p1a: Darkrai
|
|upkeep
|turn|3
|
|t:|1758258213
|switch|p1a: Alomomola|Alomomola, M|95/100
|move|p2a: Deoxys|Superpower|p1a: Alomomola
|-damage|p1a: Alomomola|70/100
|-unboost|p2a: Deoxys|atk|1
|-unboost|p2a: Deoxys|def|1
|-damage|p2a: Deoxys|81/100|[from] item: Life Orb
|
|upkeep
|turn|4
|
|t:|1758258217
|move|p2a: Deoxys|Superpower|p1a: Alomomola
|-damage|p1a: Alomomola|52/100
|-unboost|p2a: Deoxys|atk|1
|-unboost|p2a: Deoxys|def|1
|-damage|p2a: Deoxys|71/100|[from] item: Life Orb
|move|p1a: Alomomola|Mirror Coat||[still]
|-fail|p1a: Alomomola
|
|upkeep
|turn|5
|
|t:|1758258225
|switch|p1a: Corviknight|Corviknight, M|100/100
|-ability|p1a: Corviknight|Pressure
|move|p2a: Deoxys|Stealth Rock|p1a: Corviknight
|-sidestart|p1: Bhuvan xxx|move: Stealth Rock
|
|upkeep
|turn|6
|
|t:|1758258231
|switch|p2a: Moltres|Moltres|100/100
|move|p1a: Corviknight|Defog|p2a: Moltres
|-unboost|p2a: Moltres|evasion|1
|-sideend|p1: Bhuvan xxx|Stealth Rock|[from] move: Defog|[of] p1a: Corviknight
|
|upkeep
|turn|7
|
|t:|1758258237
|switch|p1a: Alomomola|Alomomola, M|85/100
|move|p2a: Moltres|Will-O-Wisp|p1a: Alomomola|[miss]
|-miss|p2a: Moltres|p1a: Alomomola
|
|upkeep
|turn|8
|
|t:|1758258242
|move|p2a: Moltres|U-turn|p1a: Alomomola
|-damage|p1a: Alomomola|75/100
|inactive|Battle timer is ON: inactive players will automatically lose when time's up. (requested by Bhuvan xxx)
|
|t:|1758258251
|switch|p2a: Scizor|Scizor, F|100/100|[from] U-turn
|move|p1a: Alomomola|Flip Turn|p2a: Scizor
|-damage|p2a: Scizor|85/100
|
|t:|1758258255
|switch|p1a: Garchomp|Garchomp, M|100/100|[from] Flip Turn
|
|upkeep
|turn|9
|inactive|The Wonder of UU has 120 seconds left.
|
|t:|1758258293
|switch|p2a: Hatterene|Hatterene, F|100/100
|move|p1a: Garchomp|Earthquake|p2a: Hatterene
|-damage|p2a: Hatterene|51/100
|
|-heal|p2a: Hatterene|57/100|[from] item: Leftovers
|upkeep
|turn|10
|inactive|The Wonder of UU has 120 seconds left.
|
|t:|1758258316
|switch|p1a: Corviknight|Corviknight, M|100/100
|-ability|p1a: Corviknight|Pressure
|move|p2a: Hatterene|Draining Kiss|p1a: Corviknight
|-resisted|p1a: Corviknight
|-damage|p1a: Corviknight|90/100
|-heal|p2a: Hatterene|67/100|[from] drain|[of] p1a: Corviknight
|
|-heal|p1a: Corviknight|96/100|[from] item: Leftovers
|-heal|p2a: Hatterene|73/100|[from] item: Leftovers
|upkeep
|turn|11
|inactive|The Wonder of UU has 120 seconds left.
|
|t:|1758258332
|switch|p2a: Moltres|Moltres|100/100
|move|p1a: Corviknight|U-turn|p2a: Moltres
|-resisted|p2a: Moltres
|-damage|p2a: Moltres|98/100
|
|t:|1758258337
|switch|p1a: Alomomola|Alomomola, M|100/100|[from] U-turn
|
|upkeep
|turn|12
|
|t:|1758258343
|move|p2a: Moltres|Will-O-Wisp|p1a: Alomomola
|-status|p1a: Alomomola|brn
|move|p1a: Alomomola|Scald|p2a: Moltres
|-supereffective|p2a: Moltres
|-damage|p2a: Moltres|73/100
|
|-damage|p1a: Alomomola|94/100 brn|[from] brn
|upkeep
|turn|13
|inactive|The Wonder of UU has 120 seconds left.
|
|t:|1758258360
|move|p2a: Moltres|U-turn|p1a: Alomomola
|-damage|p1a: Alomomola|83/100 brn
|
|t:|1758258363
|switch|p2a: Slowking|Slowking-Galar, F|100/100|[from] U-turn
|move|p1a: Alomomola|Scald|p2a: Slowking
|-damage|p2a: Slowking|93/100
|
|-damage|p1a: Alomomola|77/100 brn|[from] brn
|upkeep
|turn|14
|
|t:|1758258372
|move|p1a: Alomomola|Flip Turn|p2a: Slowking
|-damage|p2a: Slowking|85/100
|
|t:|1758258377
|switch|p1a: Garchomp|Garchomp, M|100/100|[from] Flip Turn
|move|p2a: Slowking|Future Sight|p1a: Garchomp
|-start|p2a: Slowking|move: Future Sight
|
|upkeep
|turn|15
|
|t:|1758258382
|switch|p2a: Hatterene|Hatterene, F|73/100
|move|p1a: Garchomp|Earthquake|p2a: Hatterene
|-damage|p2a: Hatterene|22/100
|
|-heal|p2a: Hatterene|28/100|[from] item: Leftovers
|upkeep
|turn|16
|
|t:|1758258390
|switch|p2a: Moltres|Moltres|73/100
|move|p1a: Garchomp|Earthquake|p2a: Moltres
|-immune|p2a: Moltres
|
|-end|p1a: Garchomp|move: Future Sight
|-damage|p1a: Garchomp|45/100
|upkeep
|turn|17
|
|t:|1758258398
|switch|p1a: Alomomola|Alomomola, M|100/100 brn
|move|p2a: Moltres|Will-O-Wisp|p1a: Alomomola
|-fail|p1a: Alomomola|brn
|
|-damage|p1a: Alomomola|94/100 brn|[from] brn
|upkeep
|turn|18
|
|t:|1758258403
|move|p2a: Moltres|Roost|p2a: Moltres
|-heal|p2a: Moltres|100/100
|-singleturn|p2a: Moltres|move: Roost
|move|p1a: Alomomola|Flip Turn|p2a: Moltres
|-supereffective|p2a: Moltres
|-damage|p2a: Moltres|89/100
|
|t:|1758258405
|switch|p1a: Darkrai|Darkrai|100/100|[from] Flip Turn
|
|upkeep
|turn|19
|
|t:|1758258411
|move|p1a: Darkrai|Dark Pulse|p2a: Moltres
|-damage|p2a: Moltres|21/100
|move|p2a: Moltres|Flamethrower|p1a: Darkrai
|-damage|p1a: Darkrai|47/100
|
|upkeep
|turn|20
|
|t:|1758258418
|switch|p2a: Kingambit|Kingambit, F|100/100
|move|p1a: Darkrai|Dark Pulse|p2a: Kingambit
|-resisted|p2a: Kingambit
|-damage|p2a: Kingambit|69/100
|
|upkeep
|turn|21
|
|t:|1758258425
|switch|p1a: Garchomp|Garchomp, M|45/100
|move|p2a: Kingambit|Swords Dance|p2a: Kingambit
|-boost|p2a: Kingambit|atk|2
|
|upkeep
|turn|22
|
|t:|1758258430
|move|p1a: Garchomp|Earthquake|p2a: Kingambit
|-supereffective|p2a: Kingambit
|-damage|p2a: Kingambit|2/100
|move|p2a: Kingambit|Kowtow Cleave|p1a: Garchomp
|-damage|p1a: Garchomp|0 fnt
|-damage|p2a: Kingambit|0 fnt|[from] ability: Rough Skin|[of] p1a: Garchomp
|faint|p1a: Garchomp
|faint|p2a: Kingambit
|-end|p2a: Kingambit|fallenundefined|[silent]
|
|upkeep
|
|t:|1758258445
|switch|p1a: Darkrai|Darkrai|47/100
|switch|p2a: Deoxys|Deoxys-Speed, tera:Fighting|71/100
|-ability|p2a: Deoxys|Pressure
|turn|23
|
|t:|1758258452
|switch|p1a: Alomomola|Alomomola, M|100/100 brn
|move|p2a: Deoxys|Superpower|p1a: Alomomola
|-damage|p1a: Alomomola|63/100 brn
|-unboost|p2a: Deoxys|atk|1
|-unboost|p2a: Deoxys|def|1
|-damage|p2a: Deoxys|61/100|[from] item: Life Orb
|
|-damage|p1a: Alomomola|57/100 brn|[from] brn
|upkeep
|turn|24
|
|t:|1758258456
|move|p2a: Deoxys|Stealth Rock|p1a: Alomomola
|-sidestart|p1: Bhuvan xxx|move: Stealth Rock
|move|p1a: Alomomola|Flip Turn|p2a: Deoxys
|-damage|p2a: Deoxys|42/100
|
|t:|1758258459
|switch|p1a: Corviknight|Corviknight, M|96/100|[from] Flip Turn
|-damage|p1a: Corviknight|84/100|[from] Stealth Rock
|-ability|p1a: Corviknight|Pressure
|
|-heal|p1a: Corviknight|90/100|[from] item: Leftovers
|upkeep
|turn|25
|
|t:|1758258472
|switch|p2a: Moltres|Moltres|21/100
|move|p1a: Corviknight|Defog|p2a: Moltres
|-unboost|p2a: Moltres|evasion|1
|-sideend|p1: Bhuvan xxx|Stealth Rock|[from] move: Defog|[of] p1a: Corviknight
|
|-heal|p1a: Corviknight|96/100|[from] item: Leftovers
|upkeep
|turn|26
|
|t:|1758258479
|switch|p1a: Darkrai|Darkrai|47/100
|move|p2a: Moltres|Roost|p2a: Moltres
|-heal|p2a: Moltres|72/100
|-singleturn|p2a: Moltres|move: Roost
|
|upkeep
|turn|27
|
|t:|1758258493
|switch|p2a: Hatterene|Hatterene, F|28/100
|-terastallize|p1a: Darkrai|Dark
|move|p1a: Darkrai|Dark Pulse|p2a: Hatterene
|-damage|p2a: Hatterene|0 fnt
|faint|p2a: Hatterene
|
|upkeep
|
|t:|1758258501
|switch|p2a: Slowking|Slowking-Galar, F|100/100
|turn|28
|
|t:|1758258503
|move|p1a: Darkrai|Dark Pulse|p2a: Slowking
|-supereffective|p2a: Slowking
|-damage|p2a: Slowking|2/100
|move|p2a: Slowking|Sludge Bomb|p1a: Darkrai
|-damage|p1a: Darkrai|0 fnt
|faint|p1a: Darkrai
|
|upkeep
|
|t:|1758258508
|switch|p1a: Ogerpon|Ogerpon, F|100/100
|turn|29
|
|t:|1758258517
|switch|p1a: Weezing|Weezing-Galar, F|100/100
|-ability|p1a: Weezing|Neutralizing Gas
|switch|p2a: Moltres|Moltres|72/100
|
|upkeep
|turn|30
|
|t:|1758258531
|move|p2a: Moltres|Roost|p2a: Moltres
|-heal|p2a: Moltres|100/100
|-singleturn|p2a: Moltres|move: Roost
|move|p1a: Weezing|Sludge Bomb|p2a: Moltres
|-crit|p2a: Moltres
|-damage|p2a: Moltres|59/100
|
|upkeep
|turn|31
|
|t:|1758258541
|switch|p2a: Scizor|Scizor, F|85/100
|move|p1a: Weezing|Sludge Bomb|p2a: Scizor
|-immune|p2a: Scizor
|
|upkeep
|turn|32
|
|t:|1758258548
|-end|p1a: Weezing|ability: Neutralizing Gas
|switch|p1a: Corviknight|Corviknight, M|96/100
|-ability|p1a: Corviknight|Pressure
|move|p2a: Scizor|Knock Off|p1a: Corviknight
|-damage|p1a: Corviknight|52/100
|-enditem|p1a: Corviknight|Leftovers|[from] move: Knock Off|[of] p2a: Scizor
|
|upkeep
|turn|33
|
|t:|1758258559
|switch|p2a: Moltres|Moltres|59/100
|move|p1a: Corviknight|U-turn|p2a: Moltres
|-resisted|p2a: Moltres
|-damage|p2a: Moltres|57/100
|-status|p1a: Corviknight|brn|[from] ability: Flame Body|[of] p2a: Moltres
|
|t:|1758258561
|switch|p1a: Weezing|Weezing-Galar, F|100/100|[from] U-turn
|-ability|p1a: Weezing|Neutralizing Gas
|
|upkeep
|turn|34
|
|t:|1758258569
|move|p2a: Moltres|Roost|p2a: Moltres
|-heal|p2a: Moltres|100/100
|-singleturn|p2a: Moltres|move: Roost
|move|p1a: Weezing|Sludge Bomb|p2a: Moltres
|-damage|p2a: Moltres|72/100
|
|upkeep
|turn|35
|
|t:|1758258579
|move|p2a: Moltres|Flamethrower|p1a: Weezing
|-damage|p1a: Weezing|46/100
|move|p1a: Weezing|Will-O-Wisp|p2a: Moltres
|-immune|p2a: Moltres
|
|upkeep
|turn|36
|
|t:|1758258583
|-end|p1a: Weezing|ability: Neutralizing Gas
|switch|p1a: Alomomola|Alomomola, M|90/100 brn
|move|p2a: Moltres|Flamethrower|p1a: Alomomola
|-resisted|p1a: Alomomola
|-damage|p1a: Alomomola|80/100 brn
|
|-damage|p1a: Alomomola|74/100 brn|[from] brn
|upkeep
|turn|37
|
|t:|1758258598
|switch|p2a: Scizor|Scizor, F|85/100
|move|p1a: Alomomola|Flip Turn|p2a: Scizor
|-damage|p2a: Scizor|77/100
|c|☆Bhuvan xxx|Bruh what annoying roll
|c|☆Bhuvan xxx|Gaming should've died
|
|t:|1758258618
|switch|p1a: Corviknight|Corviknight, M|52/100 brn|[from] Flip Turn
|-ability|p1a: Corviknight|Pressure
|
|-damage|p1a: Corviknight|46/100 brn|[from] brn
|upkeep
|turn|38
|inactive|The Wonder of UU has 120 seconds left.
|c|☆Bhuvan xxx|Missed the EQ roll on gambit,missed on going
|inactive|The Wonder of UU has 90 seconds left.
|
|t:|1758258685
|move|p1a: Corviknight|Roost|p1a: Corviknight
|-heal|p1a: Corviknight|96/100 brn
|-singleturn|p1a: Corviknight|move: Roost
|move|p2a: Scizor|Knock Off|p1a: Corviknight
|-damage|p1a: Corviknight|65/100 brn
|
|-damage|p1a: Corviknight|59/100 brn|[from] brn
|upkeep
|turn|39
|inactive|The Wonder of UU has 90 seconds left.
|
|t:|1758258693
|move|p1a: Corviknight|Roost|p1a: Corviknight
|-heal|p1a: Corviknight|100/100 brn
|-singleturn|p1a: Corviknight|move: Roost
|move|p2a: Scizor|Knock Off|p1a: Corviknight
|-damage|p1a: Corviknight|68/100 brn
|
|-damage|p1a: Corviknight|62/100 brn|[from] brn
|upkeep
|turn|40
|inactive|The Wonder of UU has 90 seconds left.
|c|☆The Wonder of UU|was a roll in full hp investment?
|
|t:|1758258709
|switch|p1a: Weezing|Weezing-Galar, F|46/100
|-ability|p1a: Weezing|Neutralizing Gas
|move|p2a: Scizor|Knock Off|p1a: Weezing
|-resisted|p1a: Weezing
|-damage|p1a: Weezing|28/100
|-enditem|p1a: Weezing|Heavy-Duty Boots|[from] move: Knock Off|[of] p2a: Scizor
|
|upkeep
|turn|41
|inactive|The Wonder of UU has 90 seconds left.
|
|t:|1758258719
|switch|p2a: Moltres|Moltres|72/100
|move|p1a: Weezing|Pain Split|p2a: Moltres
|-sethp|p2a: Moltres|48/100|[from] move: Pain Split|[silent]
|-sethp|p1a: Weezing|55/100|[from] move: Pain Split
|
|upkeep
|turn|42
|c|☆Bhuvan xxx|Yea
|c|☆Bhuvan xxx|I'm specs
|inactive|The Wonder of UU has 90 seconds left.
|c|☆The Wonder of UU|oh
|
|t:|1758258732
|-end|p1a: Weezing|ability: Neutralizing Gas
|switch|p1a: Ogerpon|Ogerpon, F|100/100
|move|p2a: Moltres|Flamethrower|p1a: Ogerpon
|-supereffective|p1a: Ogerpon
|-damage|p1a: Ogerpon|18/100
|
|upkeep
|turn|43
|inactive|The Wonder of UU has 90 seconds left.
|
|t:|1758258752
|switch|p1a: Alomomola|Alomomola, M|100/100 brn
|move|p2a: Moltres|U-turn|p1a: Alomomola
|-damage|p1a: Alomomola|89/100 brn
|
|t:|1758258758
|switch|p2a: Slowking|Slowking-Galar, F|2/100|[from] U-turn
|
|-damage|p1a: Alomomola|82/100 brn|[from] brn
|upkeep
|turn|44
|inactive|The Wonder of UU has 90 seconds left.
|
|t:|1758258771
|switch|p2a: Deoxys|Deoxys-Speed, tera:Fighting|42/100
|-ability|p2a: Deoxys|Pressure
|move|p1a: Alomomola|Flip Turn|p2a: Deoxys
|-damage|p2a: Deoxys|30/100
|
|t:|1758258774
|switch|p1a: Corviknight|Corviknight, M|62/100 brn|[from] Flip Turn
|-ability|p1a: Corviknight|Pressure
|
|-damage|p1a: Corviknight|56/100 brn|[from] brn
|upkeep
|turn|45
|inactive|The Wonder of UU has 90 seconds left.
|
|t:|1758258785
|move|p2a: Deoxys|Ice Beam|p1a: Corviknight
|-damage|p1a: Corviknight|35/100 brn
|-damage|p2a: Deoxys|20/100|[from] item: Life Orb
|move|p1a: Corviknight|Roost|p1a: Corviknight
|-heal|p1a: Corviknight|85/100 brn
|-singleturn|p1a: Corviknight|move: Roost
|
|-damage|p1a: Corviknight|78/100 brn|[from] brn
|upkeep
|turn|46
|
|t:|1758258793
|move|p2a: Deoxys|Stealth Rock|p1a: Corviknight
|-sidestart|p1: Bhuvan xxx|move: Stealth Rock
|move|p1a: Corviknight|Roost|p1a: Corviknight
|-heal|p1a: Corviknight|100/100 brn
|-singleturn|p1a: Corviknight|move: Roost
|
|-damage|p1a: Corviknight|94/100 brn|[from] brn
|upkeep
|turn|47
|
|t:|1758258804
|move|p2a: Deoxys|Ice Beam|p1a: Corviknight
|-damage|p1a: Corviknight|73/100 brn
|-damage|p2a: Deoxys|10/100|[from] item: Life Orb
|move|p1a: Corviknight|Defog|p2a: Deoxys
|-unboost|p2a: Deoxys|evasion|1
|-sideend|p1: Bhuvan xxx|Stealth Rock|[from] move: Defog|[of] p1a: Corviknight
|
|-damage|p1a: Corviknight|67/100 brn|[from] brn
|upkeep
|turn|48
|
|t:|1758258811
|move|p2a: Deoxys|Stealth Rock|p1a: Corviknight
|-sidestart|p1: Bhuvan xxx|move: Stealth Rock
|move|p1a: Corviknight|Defog|p2a: Deoxys
|-unboost|p2a: Deoxys|evasion|1
|-sideend|p1: Bhuvan xxx|Stealth Rock|[from] move: Defog|[of] p1a: Corviknight
|
|-damage|p1a: Corviknight|61/100 brn|[from] brn
|upkeep
|turn|49
|
|t:|1758258817
|move|p2a: Deoxys|Stealth Rock|p1a: Corviknight
|-sidestart|p1: Bhuvan xxx|move: Stealth Rock
|move|p1a: Corviknight|Roost|p1a: Corviknight
|-heal|p1a: Corviknight|100/100 brn
|-singleturn|p1a: Corviknight|move: Roost
|
|-damage|p1a: Corviknight|94/100 brn|[from] brn
|upkeep
|turn|50
|
|t:|1758258823
|move|p2a: Deoxys|Stealth Rock||[still]
|-fail|p2a: Deoxys
|move|p1a: Corviknight|Defog|p2a: Deoxys
|-unboost|p2a: Deoxys|evasion|1
|-sideend|p1: Bhuvan xxx|Stealth Rock|[from] move: Defog|[of] p1a: Corviknight
|
|-damage|p1a: Corviknight|88/100 brn|[from] brn
|upkeep
|turn|51
|
|t:|1758258831
|move|p2a: Deoxys|Stealth Rock|p1a: Corviknight
|-sidestart|p1: Bhuvan xxx|move: Stealth Rock
|move|p1a: Corviknight|U-turn|p2a: Deoxys
|-resisted|p2a: Deoxys
|-damage|p2a: Deoxys|4/100
|
|t:|1758258835
|switch|p1a: Alomomola|Alomomola, M|100/100 brn|[from] U-turn
|-damage|p1a: Alomomola|88/100 brn|[from] Stealth Rock
|
|-damage|p1a: Alomomola|82/100 brn|[from] brn
|upkeep
|turn|52
|
|t:|1758258843
|move|p2a: Deoxys|Psycho Boost|p1a: Alomomola
|-damage|p1a: Alomomola|45/100 brn
|-unboost|p2a: Deoxys|spa|2
|-damage|p2a: Deoxys|0 fnt|[from] item: Life Orb
|faint|p2a: Deoxys
|move|p1a: Alomomola|Flip Turn|p2: Deoxys|[notarget]
|-fail|p1a: Alomomola
|
|-damage|p1a: Alomomola|39/100 brn|[from] brn
|upkeep
|
|t:|1758258856
|switch|p2a: Scizor|Scizor, F|77/100
|turn|53
|inactive|The Wonder of UU has 120 seconds left.
|
|t:|1758258871
|switch|p1a: Ogerpon|Ogerpon, F|18/100
|move|p2a: Scizor|Knock Off|p1a: Ogerpon
|-damage|p1a: Ogerpon|0 fnt
|-enditem|p1a: Ogerpon|Heavy-Duty Boots|[from] move: Knock Off|[of] p2a: Scizor
|faint|p1a: Ogerpon
|
|upkeep
|
|t:|1758258874
|switch|p1a: Weezing|Weezing-Galar, F|55/100
|-ability|p1a: Weezing|Neutralizing Gas
|-damage|p1a: Weezing|43/100|[from] Stealth Rock
|turn|54
|
|t:|1758258883
|switch|p2a: Moltres|Moltres|48/100
|move|p1a: Weezing|Sludge Bomb|p2a: Moltres
|-damage|p2a: Moltres|19/100
|-status|p2a: Moltres|psn
|
|-damage|p2a: Moltres|7/100 psn|[from] psn
|upkeep
|turn|55
|
|t:|1758258899
|move|p2a: Moltres|Flamethrower|p1a: Weezing
|-damage|p1a: Weezing|0 fnt
|faint|p1a: Weezing
|-end|p1a: Weezing|ability: Neutralizing Gas
|
|-damage|p2a: Moltres|0 fnt|[from] psn
|faint|p2a: Moltres
|upkeep
|
|t:|1758258917
|switch|p2a: Scizor|Scizor, F|77/100
|switch|p1a: Alomomola|Alomomola, M|72/100 brn
|-damage|p1a: Alomomola|60/100 brn|[from] Stealth Rock
|turn|56
|
|t:|1758258929
|switch|p1a: Corviknight|Corviknight, M|88/100 brn
|-damage|p1a: Corviknight|75/100 brn|[from] Stealth Rock
|-ability|p1a: Corviknight|Pressure
|move|p2a: Scizor|Knock Off|p1a: Corviknight
|-damage|p1a: Corviknight|45/100 brn
|
|-damage|p1a: Corviknight|39/100 brn|[from] brn
|upkeep
|turn|57
|
|t:|1758258940
|switch|p2a: Slowking|Slowking-Galar, F|35/100
|move|p1a: Corviknight|Roost|p1a: Corviknight
|-heal|p1a: Corviknight|89/100 brn
|-singleturn|p1a: Corviknight|move: Roost
|
|-damage|p1a: Corviknight|82/100 brn|[from] brn
|upkeep
|turn|58
|
|t:|1758258953
|move|p1a: Corviknight|Defog|p2a: Slowking
|-unboost|p2a: Slowking|evasion|1
|-sideend|p1: Bhuvan xxx|Stealth Rock|[from] move: Defog|[of] p1a: Corviknight
|move|p2a: Slowking|Future Sight|p1a: Corviknight
|-start|p2a: Slowking|move: Future Sight
|
|-damage|p1a: Corviknight|76/100 brn|[from] brn
|upkeep
|turn|59
|
|t:|1758258958
|move|p1a: Corviknight|Brave Bird|p2a: Slowking
|-damage|p2a: Slowking|15/100
|-damage|p1a: Corviknight|70/100 brn|[from] Recoil
|move|p2a: Slowking|Flamethrower|p1a: Corviknight
|-supereffective|p1a: Corviknight
|-damage|p1a: Corviknight|25/100 brn
|
|-damage|p1a: Corviknight|19/100 brn|[from] brn
|upkeep
|turn|60
|
|t:|1758258975
|switch|p2a: Scizor|Scizor, F|77/100
|move|p1a: Corviknight|Brave Bird|p2a: Scizor
|-damage|p2a: Scizor|58/100
|-damage|p1a: Corviknight|13/100 brn|[from] Recoil
|
|-end|p1a: Corviknight|move: Future Sight
|-resisted|p1a: Corviknight
|-damage|p1a: Corviknight|0 fnt
|faint|p1a: Corviknight
|upkeep
|
|t:|1758258977
|switch|p1a: Alomomola|Alomomola, M|93/100 brn
|turn|61
|
|t:|1758258998
|move|p2a: Scizor|Knock Off|p1a: Alomomola
|-damage|p1a: Alomomola|54/100 brn
|-enditem|p1a: Alomomola|Assault Vest|[from] move: Knock Off|[of] p2a: Scizor
|move|p1a: Alomomola|Scald|p2a: Scizor
|-damage|p2a: Scizor|41/100
|
|-damage|p1a: Alomomola|47/100 brn|[from] brn
|upkeep
|turn|62
|
|t:|1758259007
|move|p2a: Scizor|Knock Off|p1a: Alomomola
|-damage|p1a: Alomomola|19/100 brn
|move|p1a: Alomomola|Scald|p2a: Scizor
|-damage|p2a: Scizor|24/100
|
|-damage|p1a: Alomomola|12/100 brn|[from] brn
|upkeep
|turn|63
|c|☆Bhuvan xxx|Man
|c|☆Bhuvan xxx|No burn
|c|☆The Wonder of UU|ggs
|
|t:|1758259018
|move|p2a: Scizor|Knock Off|p1a: Alomomola
|-damage|p1a: Alomomola|0 fnt
|faint|p1a: Alomomola
|
|win|The Wonder of UU
|raw|Bhuvan xxx's rating: 1372 &rarr; <strong>1351</strong><br />(-21 for losing)
|raw|The Wonder of UU's rating: 1354 &rarr; <strong>1375</strong><br />(+21 for winning)
|c|☆Bhuvan xxx|Bruh I'm so tilted
|c|☆Bhuvan xxx|ggs
|l|☆Bhuvan xxx
|player|p1|
