|j|☆Ansute22
|j|☆LirrodPokemon
|t:|1758257496
|gametype|singles
|player|p1|Ansute22|unknown|1209
|player|p2|LirrodPokemon|n|1242
|gen|9
|tier|[Gen 9] OU
|rated|
|rule|HP Percentage Mod: HP is shown in percentages
|rule|Endless Battle Clause: Forcing endless battles is banned
|rule|Species Clause: Limit one of each Pokémon
|rule|OHKO Clause: OHKO moves are banned
|rule|Evasion Items Clause: Evasion items are banned
|rule|Evasion Moves Clause: Evasion moves are banned
|rule|Evasion Abilities Clause: Evasion abilities are banned
|rule|Sleep Moves Clause: Sleep-inducing moves are banned
|clearpoke
|poke|p1|Landorus-Therian, M|
|poke|p1|Primarina, F|
|poke|p1|Heatran, F|
|poke|p1|Quaquaval, M|
|poke|p1|Zapdos|
|poke|p1|Dragapult, M|
|poke|p2|Squawkabilly-Yellow, M|
|poke|p2|Weezing-Galar, M|
|poke|p2|Scizor, F|
|poke|p2|Ceruledge, M|
|poke|p2|Walking Wake|
|poke|p2|Ting-Lu|
|teampreview
|inactive|Battle timer is ON: inactive players will automatically lose when time's up. (requested by LirrodPokemon)
|
|t:|1758257508
|teamsize|p1|6
|teamsize|p2|6
|start
|switch|p1a: Heatran|Heatran, F, shiny|100/100
|switch|p2a: Squawkabilly|Squawkabilly-Yellow, M|100/100
|-ability|p2a: Squawkabilly|Intimidate|boost
|-unboost|p1a: Heatran|atk|1
|-item|p1a: Heatran|Air Balloon
|turn|1
|
|t:|1758257516
|move|p2a: Squawkabilly|U-turn|p1a: Heatran
|-resisted|p1a: Heatran
|-damage|p1a: Heatran|97/100
|-enditem|p1a: Heatran|Air Balloon
|
|t:|1758257526
|switch|p2a: Ting-Lu|Ting-Lu|100/100|[from] U-turn
|-ability|p2a: Ting-Lu|Vessel of Ruin
|move|p1a: Heatran|Lava Plume|p2a: Ting-Lu
|-damage|p2a: Ting-Lu|83/100
|
|-heal|p2a: Ting-Lu|89/100|[from] item: Leftovers
|upkeep
|turn|2
|
|t:|1758257540
|switch|p1a: Quaquaval|Quaquaval, M, shiny|100/100
|move|p2a: Ting-Lu|Stealth Rock|p1a: Quaquaval
|-sidestart|p1: Ansute22|move: Stealth Rock
|
|-heal|p2a: Ting-Lu|95/100|[from] item: Leftovers
|upkeep
|turn|3
|
|t:|1758257545
|switch|p2a: Weezing|Weezing-Galar, M|100/100
|-ability|p2a: Weezing|Neutralizing Gas
|move|p1a: Quaquaval|Rapid Spin|p2a: Weezing
|-damage|p2a: Weezing|88/100
|-boost|p1a: Quaquaval|spe|1
|-sideend|p1: Ansute22|Stealth Rock|[from] move: Rapid Spin|[of] p1a: Quaquaval
|
|-heal|p2a: Weezing|94/100|[from] item: Black Sludge
|upkeep
|turn|4
|
|t:|1758257555
|switch|p1a: Heatran|Heatran, F, shiny|97/100
|move|p2a: Weezing|Strange Steam|p1a: Heatran
|-resisted|p1a: Heatran
|-damage|p1a: Heatran|91/100
|-start|p1a: Heatran|confusion
|
|-heal|p2a: Weezing|99/100|[from] item: Black Sludge
|upkeep
|turn|5
|
|t:|1758257566
|-end|p2a: Weezing|ability: Neutralizing Gas
|switch|p2a: Walking Wake|Walking Wake|100/100
|-activate|p1a: Heatran|confusion
|move|p1a: Heatran|Taunt|p2a: Walking Wake
|-start|p2a: Walking Wake|move: Taunt
|
|upkeep
|turn|6
|
|t:|1758257591
|-end|p2a: Walking Wake|Protosynthesis|[silent]
|switch|p2a: Scizor|Scizor, F|100/100
|switch|p1a: Primarina|Primarina, F, shiny|100/100
|
|upkeep
|turn|7
|
|t:|1758257602
|move|p2a: Scizor|Knock Off|p1a: Primarina
|-resisted|p1a: Primarina
|-damage|p1a: Primarina|80/100
|-enditem|p1a: Primarina|Leftovers|[from] move: Knock Off|[of] p2a: Scizor
|move|p1a: Primarina|Calm Mind|p1a: Primarina
|-boost|p1a: Primarina|spa|1
|-boost|p1a: Primarina|spd|1
|
|upkeep
|turn|8
|inactive|LirrodPokemon has 120 seconds left.
|
|t:|1758257623
|switch|p2a: Ting-Lu|Ting-Lu|95/100
|-ability|p2a: Ting-Lu|Vessel of Ruin
|move|p1a: Primarina|Surf|p2a: Ting-Lu
|-supereffective|p2a: Ting-Lu
|-damage|p2a: Ting-Lu|49/100
|
|-heal|p2a: Ting-Lu|56/100|[from] item: Leftovers
|upkeep
|turn|9
|inactive|LirrodPokemon has 120 seconds left.
|
|t:|1758257632
|move|p1a: Primarina|Moonblast|p2a: Ting-Lu
|-supereffective|p2a: Ting-Lu
|-damage|p2a: Ting-Lu|4/100
|move|p2a: Ting-Lu|Whirlwind|p1a: Primarina
|drag|p1a: Quaquaval|Quaquaval, M, shiny|100/100
|
|-heal|p2a: Ting-Lu|10/100|[from] item: Leftovers
|upkeep
|turn|10
|inactive|LirrodPokemon has 120 seconds left.
|
|t:|1758257647
|switch|p2a: Squawkabilly|Squawkabilly-Yellow, M|100/100
|-ability|p2a: Squawkabilly|Intimidate|boost
|-unboost|p1a: Quaquaval|atk|1
|move|p1a: Quaquaval|Aqua Step|p2a: Squawkabilly
|-damage|p2a: Squawkabilly|63/100
|-boost|p1a: Quaquaval|spe|1
|
|upkeep
|turn|11
|inactive|LirrodPokemon has 120 seconds left.
|inactive|Ansute22 has 120 seconds left.
|
|t:|1758257694
|switch|p2a: Weezing|Weezing-Galar, M|99/100
|-ability|p2a: Weezing|Neutralizing Gas
|move|p1a: Quaquaval|Close Combat|p2a: Weezing
|-resisted|p2a: Weezing
|-damage|p2a: Weezing|93/100
|-unboost|p1a: Quaquaval|def|1
|-unboost|p1a: Quaquaval|spd|1
|
|-heal|p2a: Weezing|99/100|[from] item: Black Sludge
|upkeep
|turn|12
|inactive|LirrodPokemon has 120 seconds left.
|
|t:|1758257705
|switch|p1a: Heatran|Heatran, F, shiny|91/100
|-end|p2a: Weezing|ability: Neutralizing Gas
|switch|p2a: Ting-Lu|Ting-Lu|10/100
|-ability|p2a: Ting-Lu|Vessel of Ruin
|
|-heal|p2a: Ting-Lu|17/100|[from] item: Leftovers
|upkeep
|turn|13
|
|t:|1758257713
|move|p1a: Heatran|Lava Plume|p2a: Ting-Lu
|-damage|p2a: Ting-Lu|0 fnt
|faint|p2a: Ting-Lu
|
|upkeep
|
|t:|1758257723
|switch|p2a: Walking Wake|Walking Wake|100/100
|turn|14
|inactive|Ansute22 has 120 seconds left.
|
|t:|1758257736
|switch|p1a: Primarina|Primarina, F, shiny|80/100
|move|p2a: Walking Wake|Hurricane|p1a: Primarina
|-damage|p1a: Primarina|35/100
|-start|p1a: Primarina|confusion
|
|upkeep
|turn|15
|
|t:|1758257748
|move|p2a: Walking Wake|Hurricane|p1a: Primarina|[miss]
|-miss|p2a: Walking Wake|p1a: Primarina
|-activate|p1a: Primarina|confusion
|move|p1a: Primarina|Moonblast|p2a: Walking Wake
|-supereffective|p2a: Walking Wake
|-damage|p2a: Walking Wake|10/100
|
|upkeep
|turn|16
|inactive|Ansute22 has 120 seconds left.
|
|t:|1758257776
|-end|p2a: Walking Wake|Protosynthesis|[silent]
|switch|p2a: Scizor|Scizor, F|100/100
|-end|p1a: Primarina|confusion
|move|p1a: Primarina|Moonblast|p2a: Scizor
|-resisted|p2a: Scizor
|-damage|p2a: Scizor|73/100
|
|upkeep
|turn|17
|
|t:|1758257785
|move|p2a: Scizor|Bullet Punch|p1a: Primarina
|-damage|p1a: Primarina|0 fnt
|faint|p1a: Primarina
|
|upkeep
|
|t:|1758257807
|switch|p1a: Zapdos|Zapdos, shiny|100/100
|turn|18
|
|t:|1758257837
|switch|p2a: Squawkabilly|Squawkabilly-Yellow, M|63/100
|-ability|p2a: Squawkabilly|Intimidate|boost
|-unboost|p1a: Zapdos|atk|1
|move|p1a: Zapdos|Thunderbolt|p2a: Squawkabilly
|-supereffective|p2a: Squawkabilly
|-damage|p2a: Squawkabilly|0 fnt
|faint|p2a: Squawkabilly
|
|upkeep
|inactive|LirrodPokemon has 120 seconds left.
|
|t:|1758257856
|switch|p2a: Walking Wake|Walking Wake|10/100
|turn|19
|inactive|LirrodPokemon has 120 seconds left.
|
|t:|1758257866
|move|p2a: Walking Wake|Hydro Steam|p1a: Zapdos
|-damage|p1a: Zapdos|27/100
|move|p1a: Zapdos|Thunderbolt|p2a: Walking Wake
|-damage|p2a: Walking Wake|0 fnt
|faint|p2a: Walking Wake
|-end|p2a: Walking Wake|Protosynthesis|[silent]
|
|upkeep
|
|t:|1758257877
|switch|p2a: Ceruledge|Ceruledge, M|100/100
|turn|20
|inactive|Ansute22 has 120 seconds left.
|
|t:|1758257886
|-terastallize|p2a: Ceruledge|Ghost
|move|p2a: Ceruledge|Shadow Sneak|p1a: Zapdos
|-crit|p1a: Zapdos
|-damage|p1a: Zapdos|0 fnt
|faint|p1a: Zapdos
|
|upkeep
|inactive|Ansute22 has 120 seconds left.
|
|t:|1758257898
|switch|p1a: Landorus|Landorus-Therian, M, shiny|100/100
|-ability|p1a: Landorus|Intimidate|boost
|-unboost|p2a: Ceruledge|atk|1
|turn|21
|inactive|Ansute22 has 120 seconds left.
|
|t:|1758257907
|switch|p2a: Scizor|Scizor, F|73/100
|move|p1a: Landorus|Earthquake|p2a: Scizor
|-damage|p2a: Scizor|21/100
|
|upkeep
|turn|22
|
|t:|1758257916
|move|p2a: Scizor|Bullet Punch|p1a: Landorus
|-damage|p1a: Landorus|67/100
|-damage|p2a: Scizor|4/100|[from] item: Rocky Helmet|[of] p1a: Landorus
|move|p1a: Landorus|Earthquake|p2a: Scizor
|-damage|p2a: Scizor|0 fnt
|faint|p2a: Scizor
|
|upkeep
|
|t:|1758257921
|switch|p2a: Ceruledge|Ceruledge, M, tera:Ghost|100/100
|turn|23
|
|t:|1758257931
|switch|p1a: Heatran|Heatran, F, shiny|91/100
|move|p2a: Ceruledge|Swords Dance|p2a: Ceruledge
|-boost|p2a: Ceruledge|atk|2
|
|upkeep
|turn|24
|inactive|LirrodPokemon has 120 seconds left.
|
|t:|1758257963
|move|p2a: Ceruledge|Shadow Sneak|p1a: Heatran
|-damage|p1a: Heatran|40/100
|-status|p2a: Ceruledge|brn|[from] ability: Flame Body|[of] p1a: Heatran
|move|p1a: Heatran|Lava Plume|p2a: Ceruledge
|-damage|p2a: Ceruledge|49/100 brn
|
|-damage|p2a: Ceruledge|42/100 brn|[from] brn
|upkeep
|turn|25
|inactive|LirrodPokemon has 120 seconds left.
|-message|LirrodPokemon forfeited.
|
|win|Ansute22
|raw|Ansute22's rating: 1209 &rarr; <strong>1236</strong><br />(+27 for winning)
|raw|LirrodPokemon's rating: 1242 &rarr; <strong>1215</strong><br />(-27 for losing)
|l|☆LirrodPokemon
|player|p2|
|l|☆Ansute22
|player|p1|
