|j|☆squag7824
|j|☆Nikator98
|t:|1758290062
|gametype|singles
|player|p1|squag7824|bugcatcher-gen4dp|1721
|player|p2|Nikator98|giovanni|1712
|gen|9
|tier|[Gen 9] OU
|rated|
|rule|HP Percentage Mod: HP is shown in percentages
|rule|Endless Battle Clause: Forcing endless battles is banned
|rule|Species Clause: Limit one of each Pokémon
|rule|OHKO Clause: OHKO moves are banned
|rule|Evasion Items Clause: Evasion items are banned
|rule|Evasion Moves Clause: Evasion moves are banned
|rule|Evasion Abilities Clause: Evasion abilities are banned
|rule|Sleep Moves Clause: Sleep-inducing moves are banned
|clearpoke
|poke|p1|Alomomola, M|
|poke|p1|Ting-Lu|
|poke|p1|Great Tusk|
|poke|p1|Raging Bolt|
|poke|p1|Corviknight, M|
|poke|p1|Hatterene, F|
|poke|p2|Metagross|
|poke|p2|Great Tusk|
|poke|p2|Haxorus, M|
|poke|p2|Iron Moth|
|poke|p2|Zoroark-Hisui, M|
|poke|p2|Ninetales-Alola, F|
|teampreview
|inactive|Battle timer is ON: inactive players will automatically lose when time's up. (requested by squag7824)
|
|t:|1758290081
|teamsize|p1|6
|teamsize|p2|6
|start
|switch|p1a: Raging Bolt|Raging Bolt|100/100
|switch|p2a: Kumaryia|Great Tusk, shiny|100/100
|turn|1
|
|t:|1758290087
|-end|p1a: Raging Bolt|Protosynthesis|[silent]
|switch|p1a: Alomomola|Alomomola, M|100/100
|move|p2a: Kumaryia|Bitter Malice|p1a: Alomomola
|-damage|p1a: Alomomola|37/100
|-unboost|p1a: Alomomola|atk|1
|
|upkeep
|turn|2
|
|t:|1758290098
|switch|p2a: Kumaryia|Great Tusk, shiny|100/100
|switch|p1a: Ting-Lu|Ting-Lu|100/100
|-ability|p1a: Ting-Lu|Vessel of Ruin
|
|upkeep
|turn|3
|
|t:|1758290104
|switch|p1a: Corviknight|Corviknight, M|100/100
|-ability|p1a: Corviknight|Pressure
|move|p2a: Kumaryia|Knock Off|p1a: Corviknight
|-crit|p1a: Corviknight
|-damage|p1a: Corviknight|68/100
|-damage|p2a: Kumaryia|84/100|[from] item: Rocky Helmet|[of] p1a: Corviknight
|-enditem|p1a: Corviknight|Rocky Helmet|[from] move: Knock Off|[of] p2a: Kumaryia
|
|upkeep
|turn|4
|
|t:|1758290115
|-end|p2a: Kumaryia|Protosynthesis|[silent]
|switch|p2a: Kumaryia|Great Tusk, shiny|100/100
|move|p1a: Corviknight|U-turn|p2a: Kumaryia
|-resisted|p2a: Kumaryia
|-damage|p2a: Kumaryia|86/100
|replace|p2a: Van Helsing|Zoroark-Hisui, M, shiny
|-end|p2a: Van Helsing|Illusion
|
|t:|1758290124
|switch|p1a: Raging Bolt|Raging Bolt|100/100|[from] U-turn
|
|upkeep
|turn|5
|
|t:|1758290135
|switch|p2a: Asfaloth|Ninetales-Alola, F, shiny|100/100
|-weather|Snowscape|[from] ability: Snow Warning|[of] p2a: Asfaloth
|move|p1a: Raging Bolt|Draco Meteor|p2a: Asfaloth
|-immune|p2a: Asfaloth
|
|-weather|Snowscape|[upkeep]
|upkeep
|turn|6
|
|t:|1758290142
|-end|p1a: Raging Bolt|Protosynthesis|[silent]
|switch|p1a: Hatterene|Hatterene, F|100/100
|move|p2a: Asfaloth|Encore|p1a: Hatterene
|move|p1a: Hatterene|Encore||[from] ability: Magic Bounce|[still]
|-fail|p1a: Hatterene
|
|-weather|Snowscape|[upkeep]
|upkeep
|turn|7
|
|t:|1758290149
|move|p2a: Asfaloth|Aurora Veil|p2a: Asfaloth
|-sidestart|p2: Nikator98|move: Aurora Veil
|move|p1a: Hatterene|Nuzzle|p2a: Asfaloth
|-damage|p2a: Asfaloth|99/100
|-status|p2a: Asfaloth|par
|
|-weather|Snowscape|[upkeep]
|upkeep
|turn|8
|
|t:|1758290161
|move|p2a: Asfaloth|Moonblast|p1a: Hatterene
|-damage|p1a: Hatterene|78/100
|-unboost|p1a: Hatterene|spa|1
|move|p1a: Hatterene|Mystical Fire|p2a: Asfaloth
|-supereffective|p2a: Asfaloth
|-damage|p2a: Asfaloth|78/100 par
|-unboost|p2a: Asfaloth|spa|1
|
|-weather|Snowscape|[upkeep]
|upkeep
|turn|9
|
|t:|1758290171
|switch|p2a: Kumaryia|Great Tusk, shiny|86/100
|move|p1a: Hatterene|Mystical Fire|p2a: Kumaryia
|-damage|p2a: Kumaryia|68/100
|-unboost|p2a: Kumaryia|spa|1
|replace|p2a: Van Helsing|Zoroark-Hisui, M, shiny
|-end|p2a: Van Helsing|Illusion
|
|-weather|none
|upkeep
|turn|10
|
|t:|1758290180
|switch|p1a: Ting-Lu|Ting-Lu|100/100
|-ability|p1a: Ting-Lu|Vessel of Ruin
|move|p2a: Van Helsing|Bitter Malice|p1a: Ting-Lu
|-resisted|p1a: Ting-Lu
|-damage|p1a: Ting-Lu|92/100
|-unboost|p1a: Ting-Lu|atk|1
|
|-heal|p1a: Ting-Lu|98/100|[from] item: Leftovers
|upkeep
|turn|11
|
|t:|1758290191
|switch|p2a: Kumaryia|Great Tusk, shiny|84/100
|move|p1a: Ting-Lu|Ruination|p2a: Kumaryia
|-damage|p2a: Kumaryia|42/100
|
|-heal|p1a: Ting-Lu|100/100|[from] item: Leftovers
|upkeep
|turn|12
|
|t:|1758290198
|switch|p1a: Alomomola|Alomomola, M|70/100
|move|p2a: Kumaryia|Ice Spinner|p1a: Alomomola
|-resisted|p1a: Alomomola
|-damage|p1a: Alomomola|63/100
|
|upkeep
|turn|13
|
|t:|1758290204
|move|p2a: Kumaryia|Headlong Rush|p1a: Alomomola
|-damage|p1a: Alomomola|32/100
|-unboost|p2a: Kumaryia|def|1
|-unboost|p2a: Kumaryia|spd|1
|move|p1a: Alomomola|Flip Turn|p2a: Kumaryia
|-supereffective|p2a: Kumaryia
|-damage|p2a: Kumaryia|26/100
|
|t:|1758290208
|switch|p1a: Corviknight|Corviknight, M|68/100|[from] Flip Turn
|-ability|p1a: Corviknight|Pressure
|
|upkeep
|turn|14
|
|t:|1758290216
|-end|p2a: Kumaryia|Protosynthesis|[silent]
|switch|p2a: Kumaryia|Great Tusk, shiny|68/100
|move|p1a: Corviknight|U-turn|p2a: Kumaryia
|-resisted|p2a: Kumaryia
|-damage|p2a: Kumaryia|61/100
|replace|p2a: Van Helsing|Zoroark-Hisui, M, shiny
|-end|p2a: Van Helsing|Illusion
|
|t:|1758290220
|switch|p1a: Ting-Lu|Ting-Lu|100/100|[from] U-turn
|-ability|p1a: Ting-Lu|Vessel of Ruin
|
|-sideend|p2: Nikator98|move: Aurora Veil
|upkeep
|turn|15
|
|t:|1758290228
|move|p2a: Van Helsing|Trick|p1a: Ting-Lu
|-activate|p2a: Van Helsing|move: Trick|[of] p1a: Ting-Lu
|-item|p1a: Ting-Lu|Choice Specs|[from] move: Trick
|-item|p2a: Van Helsing|Leftovers|[from] move: Trick
|move|p1a: Ting-Lu|Earthquake|p2a: Van Helsing
|-damage|p2a: Van Helsing|0 fnt
|faint|p2a: Van Helsing
|
|upkeep
|
|t:|1758290236
|switch|p2a: Asfaloth|Ninetales-Alola, F, shiny|78/100 par
|-weather|Snowscape|[from] ability: Snow Warning|[of] p2a: Asfaloth
|turn|16
|
|t:|1758290240
|switch|p1a: Hatterene|Hatterene, F|78/100
|move|p2a: Asfaloth|Aurora Veil|p2a: Asfaloth
|-sidestart|p2: Nikator98|move: Aurora Veil
|
|-weather|Snowscape|[upkeep]
|upkeep
|turn|17
|j| IM AT MY LIMIT
|
|t:|1758290246
|move|p2a: Asfaloth|Moonblast|p1a: Hatterene
|-damage|p1a: Hatterene|60/100
|-unboost|p1a: Hatterene|spa|1
|move|p1a: Hatterene|Mystical Fire|p2a: Asfaloth
|-supereffective|p2a: Asfaloth
|-damage|p2a: Asfaloth|57/100 par
|-unboost|p2a: Asfaloth|spa|1
|
|-weather|Snowscape|[upkeep]
|upkeep
|turn|18
|
|t:|1758290257
|cant|p2a: Asfaloth|par
|move|p1a: Hatterene|Nuzzle|p2a: Asfaloth
|-damage|p2a: Asfaloth|56/100 par
|
|-weather|Snowscape|[upkeep]
|upkeep
|turn|19
|
|t:|1758290264
|move|p2a: Asfaloth|Moonblast|p1a: Hatterene
|-damage|p1a: Hatterene|46/100
|move|p1a: Hatterene|Nuzzle|p2a: Asfaloth
|-damage|p2a: Asfaloth|54/100 par
|
|-weather|Snowscape|[upkeep]
|upkeep
|turn|20
|
|t:|1758290271
|move|p2a: Asfaloth|Moonblast|p1a: Hatterene
|-damage|p1a: Hatterene|34/100
|move|p1a: Hatterene|Mystical Fire|p2a: Asfaloth
|-supereffective|p2a: Asfaloth
|-damage|p2a: Asfaloth|35/100 par
|-unboost|p2a: Asfaloth|spa|1
|
|-weather|none
|upkeep
|turn|21
|
|t:|1758290280
|switch|p1a: Corviknight|Corviknight, M|68/100
|-ability|p1a: Corviknight|Pressure
|cant|p2a: Asfaloth|par
|
|upkeep
|turn|22
|
|t:|1758290290
|switch|p2a: Gothmog|Iron Moth|100/100
|-enditem|p2a: Gothmog|Booster Energy
|-activate|p2a: Gothmog|ability: Quark Drive|[fromitem]
|-start|p2a: Gothmog|quarkdrivespe
|move|p1a: Corviknight|U-turn|p2a: Gothmog
|-resisted|p2a: Gothmog
|-damage|p2a: Gothmog|98/100
|
|t:|1758290292
|switch|p1a: Ting-Lu|Ting-Lu|100/100|[from] U-turn
|-ability|p1a: Ting-Lu|Vessel of Ruin
|
|upkeep
|turn|23
|
|t:|1758290307
|-end|p2a: Gothmog|Quark Drive|[silent]
|switch|p2a: Asfaloth|Ninetales-Alola, F, shiny|35/100 par
|-weather|Snowscape|[from] ability: Snow Warning|[of] p2a: Asfaloth
|move|p1a: Ting-Lu|Earthquake|p2a: Asfaloth
|-crit|p2a: Asfaloth
|-damage|p2a: Asfaloth|0 fnt
|faint|p2a: Asfaloth
|
|-weather|Snowscape|[upkeep]
|-sideend|p2: Nikator98|move: Aurora Veil
|upkeep
|inactive|Nikator98 has 120 seconds left.
|
|t:|1758290356
|switch|p2a: Lacelle|Haxorus, M|100/100
|-ability|p2a: Lacelle|Mold Breaker
|turn|24
|
|t:|1758290367
|switch|p1a: Corviknight|Corviknight, M|68/100
|-ability|p1a: Corviknight|Pressure
|move|p2a: Lacelle|Swords Dance|p2a: Lacelle
|-boost|p2a: Lacelle|atk|2
|
|-weather|Snowscape|[upkeep]
|upkeep
|turn|25
|
|t:|1758290378
|move|p2a: Lacelle|Close Combat|p1a: Corviknight
|-damage|p1a: Corviknight|17/100
|-unboost|p2a: Lacelle|def|1
|-unboost|p2a: Lacelle|spd|1
|move|p1a: Corviknight|Iron Defense|p1a: Corviknight
|-boost|p1a: Corviknight|def|2
|
|-weather|Snowscape|[upkeep]
|upkeep
|turn|26
|
|t:|1758290393
|move|p2a: Lacelle|Scale Shot|p1a: Corviknight
|-resisted|p1a: Corviknight
|-damage|p1a: Corviknight|13/100
|-resisted|p1a: Corviknight
|-damage|p1a: Corviknight|8/100
|-resisted|p1a: Corviknight
|-damage|p1a: Corviknight|4/100
|-resisted|p1a: Corviknight
|-damage|p1a: Corviknight|0 fnt
|faint|p1a: Corviknight
|-hitcount|p1: Corviknight|4
|-unboost|p2a: Lacelle|def|1
|-boost|p2a: Lacelle|spe|1
|
|-weather|Snowscape|[upkeep]
|upkeep
|
|t:|1758290396
|switch|p1a: Raging Bolt|Raging Bolt|100/100
|turn|27
|inactive|Nikator98 has 120 seconds left.
|j| Swagboss123456789
|inactive|Nikator98 has 90 seconds left.
|
|t:|1758290432
|-terastallize|p2a: Lacelle|Steel
|-terastallize|p1a: Raging Bolt|Fairy
|move|p2a: Lacelle|Iron Head|p1a: Raging Bolt
|-supereffective|p1a: Raging Bolt
|-damage|p1a: Raging Bolt|0 fnt
|faint|p1a: Raging Bolt
|-end|p1a: Raging Bolt|Protosynthesis|[silent]
|
|-weather|none
|upkeep
|
|t:|1758290439
|switch|p1a: Great Tusk|Great Tusk|100/100
|turn|28
|inactive|Nikator98 has 90 seconds left.
|inactive|Nikator98 has 60 seconds left.
|
|t:|1758290512
|switch|p2a: Kumaryia|Great Tusk, shiny|26/100
|move|p1a: Great Tusk|Earthquake|p2a: Kumaryia
|-damage|p2a: Kumaryia|0 fnt
|faint|p2a: Kumaryia
|-end|p2a: Kumaryia|Protosynthesis|[silent]
|
|upkeep
|inactive|Nikator98 has 30 seconds left.
|
|t:|1758290523
|switch|p2a: Arquillian Sentry|Metagross|100/100
|turn|29
|
|t:|1758290526
|-end|p1a: Great Tusk|Protosynthesis|[silent]
|switch|p1a: Alomomola|Alomomola, M|65/100
|move|p2a: Arquillian Sentry|Psychic Fangs|p1a: Alomomola
|-damage|p1a: Alomomola|40/100
|
|upkeep
|turn|30
|
|t:|1758290535
|move|p2a: Arquillian Sentry|Psychic Fangs|p1a: Alomomola
|-damage|p1a: Alomomola|12/100
|move|p1a: Alomomola|Wish|p1a: Alomomola
|
|upkeep
|turn|31
|
|t:|1758290545
|move|p1a: Alomomola|Protect|p1a: Alomomola
|-singleturn|p1a: Alomomola|Protect
|move|p2a: Arquillian Sentry|Stealth Rock|p1a: Alomomola
|-sidestart|p1: squag7824|move: Stealth Rock
|
|-heal|p1a: Alomomola|62/100|[from] move: Wish|[wisher] Alomomola
|upkeep
|turn|32
|
|t:|1758290552
|move|p2a: Arquillian Sentry|Psychic Fangs|p1a: Alomomola
|-damage|p1a: Alomomola|34/100
|move|p1a: Alomomola|Scald|p2a: Arquillian Sentry
|-damage|p2a: Arquillian Sentry|86/100
|
|upkeep
|turn|33
|inactive|Nikator98 has 60 seconds left.
|
|t:|1758290559
|move|p2a: Arquillian Sentry|Psychic Fangs|p1a: Alomomola
|-damage|p1a: Alomomola|7/100
|move|p1a: Alomomola|Wish|p1a: Alomomola
|
|upkeep
|turn|34
|
|t:|1758290566
|move|p1a: Alomomola|Protect|p1a: Alomomola
|-singleturn|p1a: Alomomola|Protect
|move|p2a: Arquillian Sentry|Meteor Mash|p1a: Alomomola
|-activate|p1a: Alomomola|move: Protect
|
|-heal|p1a: Alomomola|57/100|[from] move: Wish|[wisher] Alomomola
|upkeep
|turn|35
|
|t:|1758290573
|move|p2a: Arquillian Sentry|Psychic Fangs|p1a: Alomomola
|-damage|p1a: Alomomola|29/100
|move|p1a: Alomomola|Wish|p1a: Alomomola
|
|upkeep
|turn|36
|
|t:|1758290580
|move|p2a: Arquillian Sentry|Meteor Mash|p1a: Alomomola
|-resisted|p1a: Alomomola
|-damage|p1a: Alomomola|14/100
|move|p1a: Alomomola|Scald|p2a: Arquillian Sentry
|-damage|p2a: Arquillian Sentry|69/100
|
|-heal|p1a: Alomomola|64/100|[from] move: Wish|[wisher] Alomomola
|upkeep
|turn|37
|
|t:|1758290588
|move|p2a: Arquillian Sentry|Psychic Fangs|p1a: Alomomola
|-damage|p1a: Alomomola|36/100
|move|p1a: Alomomola|Wish|p1a: Alomomola
|
|upkeep
|turn|38
|
|t:|1758290592
|move|p2a: Arquillian Sentry|Psychic Fangs|p1a: Alomomola
|-damage|p1a: Alomomola|9/100
|move|p1a: Alomomola|Scald|p2a: Arquillian Sentry
|-damage|p2a: Arquillian Sentry|54/100
|
|-heal|p1a: Alomomola|59/100|[from] move: Wish|[wisher] Alomomola
|upkeep
|turn|39
|
|t:|1758290602
|move|p2a: Arquillian Sentry|Psychic Fangs|p1a: Alomomola
|-damage|p1a: Alomomola|31/100
|move|p1a: Alomomola|Wish|p1a: Alomomola
|
|upkeep
|turn|40
|
|t:|1758290607
|move|p1a: Alomomola|Protect|p1a: Alomomola
|-singleturn|p1a: Alomomola|Protect
|move|p2a: Arquillian Sentry|Psychic Fangs|p1a: Alomomola
|-activate|p1a: Alomomola|move: Protect
|
|-heal|p1a: Alomomola|81/100|[from] move: Wish|[wisher] Alomomola
|upkeep
|turn|41
|l| IM AT MY LIMIT
|
|t:|1758290613
|move|p2a: Arquillian Sentry|Psychic Fangs|p1a: Alomomola
|-damage|p1a: Alomomola|56/100
|move|p1a: Alomomola|Wish|p1a: Alomomola
|
|upkeep
|turn|42
|
|t:|1758290618
|move|p1a: Alomomola|Protect|p1a: Alomomola
|-singleturn|p1a: Alomomola|Protect
|move|p2a: Arquillian Sentry|Psychic Fangs|p1a: Alomomola
|-activate|p1a: Alomomola|move: Protect
|
|-heal|p1a: Alomomola|100/100|[from] move: Wish|[wisher] Alomomola
|upkeep
|turn|43
|
|t:|1758290626
|move|p2a: Arquillian Sentry|Psychic Fangs|p1a: Alomomola
|-damage|p1a: Alomomola|74/100
|move|p1a: Alomomola|Flip Turn|p2a: Arquillian Sentry
|-damage|p2a: Arquillian Sentry|41/100
|
|t:|1758290628
|switch|p1a: Great Tusk|Great Tusk|100/100|[from] Flip Turn
|
|upkeep
|turn|44
|
|t:|1758290635
|move|p1a: Great Tusk|Earthquake|p2a: Arquillian Sentry
|-supereffective|p2a: Arquillian Sentry
|-damage|p2a: Arquillian Sentry|0 fnt
|faint|p2a: Arquillian Sentry
|
|upkeep
|
|t:|1758290640
|switch|p2a: Gothmog|Iron Moth|98/100
|turn|45
|
|t:|1758290643
|-end|p1a: Great Tusk|Protosynthesis|[silent]
|switch|p1a: Ting-Lu|Ting-Lu|100/100
|-damage|p1a: Ting-Lu|94/100|[from] Stealth Rock
|-ability|p1a: Ting-Lu|Vessel of Ruin
|move|p2a: Gothmog|Energy Ball|p1a: Ting-Lu
|-supereffective|p1a: Ting-Lu
|-damage|p1a: Ting-Lu|69/100
|
|upkeep
|turn|46
|l| Swagboss123456789
|j| Swagboss123456789
|l| Swagboss123456789
|
|t:|1758290654
|move|p2a: Gothmog|Energy Ball|p1a: Ting-Lu
|-supereffective|p1a: Ting-Lu
|-damage|p1a: Ting-Lu|44/100
|move|p1a: Ting-Lu|Earthquake|p2a: Gothmog
|-supereffective|p2a: Gothmog
|-damage|p2a: Gothmog|0 fnt
|faint|p2a: Gothmog
|-end|p2a: Gothmog|Quark Drive|[silent]
|
|upkeep
|
|t:|1758290661
|switch|p2a: Lacelle|Haxorus, M, tera:Steel|100/100
|-ability|p2a: Lacelle|Mold Breaker
|turn|47
|
|t:|1758290666
|move|p2a: Lacelle|Close Combat|p1a: Ting-Lu
|-supereffective|p1a: Ting-Lu
|-damage|p1a: Ting-Lu|0 fnt
|-unboost|p2a: Lacelle|def|1
|-unboost|p2a: Lacelle|spd|1
|faint|p1a: Ting-Lu
|
|upkeep
|
|t:|1758290668
|switch|p1a: Great Tusk|Great Tusk|100/100
|turn|48
|
|t:|1758290674
|move|p2a: Lacelle|Iron Head|p1a: Great Tusk
|-damage|p1a: Great Tusk|68/100
|cant|p1a: Great Tusk|flinch
|
|upkeep
|turn|49
|
|t:|1758290680
|move|p2a: Lacelle|Iron Head|p1a: Great Tusk
|-damage|p1a: Great Tusk|35/100
|move|p1a: Great Tusk|Earthquake|p2a: Lacelle
|-supereffective|p2a: Lacelle
|-damage|p2a: Lacelle|0 fnt
|faint|p2a: Lacelle
|
|win|squag7824
|raw|squag7824's rating: 1721 &rarr; <strong>1740</strong><br />(+19 for winning)
|raw|Nikator98's rating: 1712 &rarr; <strong>1693</strong><br />(-19 for losing)
|l|☆squag7824
|player|p1|
|l|☆Nikator98
|player|p2|
