|j|☆Drinnian
|j|‽Lightx4
|t:|1758367227
|gametype|singles
|player|p1|Drinnian|zinnia|1197
|player|p2|Lightx4|101|1203
|gen|9
|tier|[Gen 9] OU
|rated|
|rule|HP Percentage Mod: HP is shown in percentages
|rule|Endless Battle Clause: Forcing endless battles is banned
|rule|Species Clause: Limit one of each Pokémon
|rule|OHKO Clause: OHKO moves are banned
|rule|Evasion Items Clause: Evasion items are banned
|rule|Evasion Moves Clause: Evasion moves are banned
|rule|Evasion Abilities Clause: Evasion abilities are banned
|rule|Sleep Moves Clause: Sleep-inducing moves are banned
|clearpoke
|poke|p1|Lilligant-Hisui, F|
|poke|p1|Torkoal, F|
|poke|p1|Heatran, M|
|poke|p1|Iron Crown|
|poke|p1|Ninetales, M|
|poke|p1|Walking Wake|
|poke|p2|Pelipper, F|
|poke|p2|Hatterene, F|
|poke|p2|Iron Treads|
|poke|p2|Toxicroak, F|
|poke|p2|Barraskewda, F|
|poke|p2|Zapdos|
|teampreview
|inactive|Battle timer is ON: inactive players will automatically lose when time's up. (requested by Lightx4)
|
|t:|1758367249
|teamsize|p1|6
|teamsize|p2|6
|start
|switch|p1a: Silver Chariot|Iron Crown|100/100
|switch|p2a: Iron Treads|Iron Treads|100/100
|turn|1
|
|t:|1758367253
|move|p2a: Iron Treads|Stealth Rock|p1a: Silver Chariot
|-sidestart|p1: Drinnian|move: Stealth Rock
|move|p1a: Silver Chariot|Focus Blast|p2a: Iron Treads
|-supereffective|p2a: Iron Treads
|-damage|p2a: Iron Treads|30/100
|
|-heal|p2a: Iron Treads|36/100|[from] item: Leftovers
|upkeep
|turn|2
|
|t:|1758367256
|move|p2a: Iron Treads|Volt Switch|p1a: Silver Chariot
|-damage|p1a: Silver Chariot|92/100
|
|t:|1758367259
|-end|p2a: Iron Treads|Quark Drive|[silent]
|switch|p2a: Pelipper|Pelipper, F|100/100|[from] Volt Switch
|-weather|RainDance|[from] ability: Drizzle|[of] p2a: Pelipper
|move|p1a: Silver Chariot|Focus Blast|p2a: Pelipper|[miss]
|-miss|p1a: Silver Chariot|p2a: Pelipper
|
|-weather|RainDance|[upkeep]
|upkeep
|turn|3
|
|t:|1758367265
|move|p1a: Silver Chariot|Volt Switch|p2a: Pelipper
|-supereffective|p2a: Pelipper
|-damage|p2a: Pelipper|9/100
|
|t:|1758367277
|-end|p1a: Silver Chariot|Quark Drive|[silent]
|switch|p1a: A second sun has|Ninetales, M, shiny|100/100|[from] Volt Switch
|-weather|SunnyDay|[from] ability: Drought|[of] p1a: A second sun has
|move|p2a: Pelipper|U-turn|p1a: A second sun has
|-resisted|p1a: A second sun has
|-damage|p1a: A second sun has|95/100
|
|t:|1758367282
|switch|p2a: Hatterene|Hatterene, F|100/100|[from] U-turn
|
|-weather|SunnyDay|[upkeep]
|upkeep
|turn|4
|
|t:|1758367288
|switch|p1a: Silver Chariot|Iron Crown|92/100
|-damage|p1a: Silver Chariot|86/100|[from] Stealth Rock
|move|p2a: Hatterene|Healing Wish|p2a: Hatterene
|faint|p2a: Hatterene
|
|-weather|SunnyDay|[upkeep]
|upkeep
|
|t:|1758367291
|switch|p2a: Pelipper|Pelipper, F|9/100
|-heal|p2a: Pelipper|100/100|[from] move: Healing Wish
|-weather|RainDance|[from] ability: Drizzle|[of] p2a: Pelipper
|turn|5
|
|t:|1758367305
|switch|p2a: Barraskewda|Barraskewda, F|100/100
|move|p1a: Silver Chariot|Focus Blast|p2a: Barraskewda
|-damage|p2a: Barraskewda|2/100
|
|-weather|RainDance|[upkeep]
|upkeep
|turn|6
|
|t:|1758367313
|move|p2a: Barraskewda|Close Combat|p1a: Silver Chariot
|-damage|p1a: Silver Chariot|28/100
|-unboost|p2a: Barraskewda|def|1
|-unboost|p2a: Barraskewda|spd|1
|move|p1a: Silver Chariot|Psychic Noise|p2a: Barraskewda
|-damage|p2a: Barraskewda|0 fnt
|faint|p2a: Barraskewda
|
|-weather|RainDance|[upkeep]
|upkeep
|
|t:|1758367319
|switch|p2a: Zapdos|Zapdos|100/100
|turn|7
|
|t:|1758367328
|move|p2a: Zapdos|Volt Switch|p1a: Silver Chariot
|-damage|p1a: Silver Chariot|0 fnt
|faint|p1a: Silver Chariot
|-end|p1a: Silver Chariot|Quark Drive|[silent]
|
|t:|1758367331
|switch|p2a: Iron Treads|Iron Treads|36/100|[from] Volt Switch
|
|-weather|RainDance|[upkeep]
|-heal|p2a: Iron Treads|42/100|[from] item: Leftovers
|upkeep
|
|t:|1758367338
|switch|p1a: A second sun has|Ninetales, M, shiny|95/100
|-weather|SunnyDay|[from] ability: Drought|[of] p1a: A second sun has
|turn|8
|
|t:|1758367343
|move|p1a: A second sun has|Weather Ball|p2a: Iron Treads
|-supereffective|p2a: Iron Treads
|-damage|p2a: Iron Treads|0 fnt
|faint|p2a: Iron Treads
|-end|p2a: Iron Treads|Quark Drive|[silent]
|
|-weather|SunnyDay|[upkeep]
|upkeep
|
|t:|1758367346
|switch|p2a: Pelipper|Pelipper, F|100/100
|-weather|RainDance|[from] ability: Drizzle|[of] p2a: Pelipper
|turn|9
|
|t:|1758367352
|switch|p1a: Smokehouse|Torkoal, F|100/100
|-damage|p1a: Smokehouse|75/100|[from] Stealth Rock
|-weather|SunnyDay|[from] ability: Drought|[of] p1a: Smokehouse
|move|p2a: Pelipper|U-turn|p1a: Smokehouse
|-resisted|p1a: Smokehouse
|-damage|p1a: Smokehouse|73/100
|
|t:|1758367355
|switch|p2a: Toxicroak|Toxicroak, F|100/100|[from] U-turn
|
|-weather|SunnyDay|[upkeep]
|-damage|p2a: Toxicroak|88/100|[from] ability: Dry Skin|[of] p2a: Toxicroak
|upkeep
|turn|10
|
|t:|1758367366
|move|p2a: Toxicroak|Toxic|p1a: Smokehouse
|-status|p1a: Smokehouse|tox
|move|p1a: Smokehouse|Stealth Rock|p2a: Toxicroak
|-sidestart|p2: Lightx4|move: Stealth Rock
|
|-weather|SunnyDay|[upkeep]
|-damage|p2a: Toxicroak|76/100|[from] ability: Dry Skin|[of] p2a: Toxicroak
|-damage|p1a: Smokehouse|67/100 tox|[from] psn
|upkeep
|turn|11
|
|t:|1758367371
|move|p2a: Toxicroak|Encore|p1a: Smokehouse
|-start|p1a: Smokehouse|Encore
|move|p1a: Smokehouse|Stealth Rock||[still]
|-fail|p1a: Smokehouse
|
|-weather|SunnyDay|[upkeep]
|-damage|p2a: Toxicroak|63/100|[from] ability: Dry Skin|[of] p2a: Toxicroak
|-damage|p1a: Smokehouse|55/100 tox|[from] psn
|upkeep
|turn|12
|
|t:|1758367391
|switch|p2a: Pelipper|Pelipper, F|100/100
|-damage|p2a: Pelipper|76/100|[from] Stealth Rock
|-weather|RainDance|[from] ability: Drizzle|[of] p2a: Pelipper
|switch|p1a: Walk-In Wake|Walking Wake|100/100
|-damage|p1a: Walk-In Wake|88/100|[from] Stealth Rock
|
|-weather|RainDance|[upkeep]
|upkeep
|turn|13
|
|t:|1758367397
|move|p1a: Walk-In Wake|Hydro Steam|p2a: Pelipper
|-resisted|p2a: Pelipper
|-damage|p2a: Pelipper|52/100
|move|p2a: Pelipper|U-turn|p1a: Walk-In Wake
|-damage|p1a: Walk-In Wake|80/100
|
|t:|1758367399
|switch|p2a: Zapdos|Zapdos|100/100|[from] U-turn
|-damage|p2a: Zapdos|76/100|[from] Stealth Rock
|
|-weather|RainDance|[upkeep]
|upkeep
|turn|14
|
|t:|1758367412
|move|p2a: Zapdos|Hurricane|p1a: Walk-In Wake
|-damage|p1a: Walk-In Wake|23/100
|-start|p1a: Walk-In Wake|confusion
|-activate|p1a: Walk-In Wake|confusion
|move|p1a: Walk-In Wake|Hydro Steam|p2a: Zapdos
|-damage|p2a: Zapdos|12/100
|
|-weather|RainDance|[upkeep]
|upkeep
|turn|15
|
|t:|1758367424
|-end|p1a: Walk-In Wake|Protosynthesis|[silent]
|switch|p1a: A second sun has|Ninetales, M, shiny|95/100
|-weather|SunnyDay|[from] ability: Drought|[of] p1a: A second sun has
|move|p2a: Zapdos|Hurricane|p1a: A second sun has
|-damage|p1a: A second sun has|16/100
|
|-weather|SunnyDay|[upkeep]
|upkeep
|turn|16
|
|t:|1758367429
|move|p2a: Zapdos|Hurricane|p1a: A second sun has|[miss]
|-miss|p2a: Zapdos|p1a: A second sun has
|move|p1a: A second sun has|Weather Ball|p2a: Zapdos
|-damage|p2a: Zapdos|0 fnt
|faint|p2a: Zapdos
|
|-weather|SunnyDay|[upkeep]
|upkeep
|-message|Lightx4 forfeited.
|
|win|Drinnian
|raw|Drinnian's rating: 1197 &rarr; <strong>1222</strong><br />(+25 for winning)
|raw|Lightx4's rating: 1203 &rarr; <strong>1178</strong><br />(-25 for losing)
|l|‽Lightx4
|player|p2|
