|j|☆exposed king
|j|☆jmaze21
|t:|1758347811
|gametype|singles
|player|p1|exposed king|102|1399
|player|p2|jmaze21|102|1375
|gen|9
|tier|[Gen 9] OU
|rated|
|rule|HP Percentage Mod: HP is shown in percentages
|rule|Endless Battle Clause: Forcing endless battles is banned
|rule|Species Clause: Limit one of each Pokémon
|rule|OHKO Clause: OHKO moves are banned
|rule|Evasion Items Clause: Evasion items are banned
|rule|Evasion Moves Clause: Evasion moves are banned
|rule|Evasion Abilities Clause: Evasion abilities are banned
|rule|Sleep Moves Clause: Sleep-inducing moves are banned
|clearpoke
|poke|p1|Landorus-Therian, M|
|poke|p1|Azumarill, F|
|poke|p1|Ninetales-Alola, F|
|poke|p1|Iron Treads|
|poke|p1|Golem-Alola, M|
|poke|p1|Moltres|
|poke|p2|Ceruledge, F|
|poke|p2|Great Tusk|
|poke|p2|Kingambit, F|
|poke|p2|Gliscor, M|
|poke|p2|Kyurem|
|poke|p2|Zapdos|
|teampreview
|
|t:|1758347827
|teamsize|p1|6
|teamsize|p2|6
|start
|switch|p1a: Ninetales|Ninetales-Alola, F|100/100
|switch|p2a: Kingambit|Kingambit, F|100/100
|-weather|Snowscape|[from] ability: Snow Warning|[of] p1a: Ninetales
|turn|1
|
|t:|1758347838
|move|p1a: Ninetales|Moonblast|p2a: Kingambit
|-damage|p2a: Kingambit|44/100
|move|p2a: Kingambit|Iron Head|p1a: Ninetales
|-supereffective|p1a: Ninetales
|-damage|p1a: Ninetales|0 fnt
|faint|p1a: Ninetales
|
|-weather|Snowscape|[upkeep]
|upkeep
|
|t:|1758347843
|switch|p1a: Landorus|Landorus-Therian, M|100/100
|-ability|p1a: Landorus|Intimidate|boost
|-unboost|p2a: Kingambit|atk|1
|turn|2
|
|t:|1758347849
|-end|p2a: Kingambit|fallenundefined|[silent]
|switch|p2a: Zapdos|Zapdos|100/100
|-terastallize|p1a: Landorus|Water
|move|p1a: Landorus|Tera Blast|p2a: Zapdos|[anim] Tera Blast Water
|-damage|p2a: Zapdos|28/100
|
|-weather|Snowscape|[upkeep]
|upkeep
|turn|3
|
|t:|1758347865
|switch|p1a: Iron Treads|Iron Treads|100/100
|move|p2a: Zapdos|Roost|p2a: Zapdos
|-heal|p2a: Zapdos|78/100
|-singleturn|p2a: Zapdos|move: Roost
|
|-weather|Snowscape|[upkeep]
|upkeep
|turn|4
|
|t:|1758347875
|switch|p2a: Gliscor|Gliscor, M|100/100
|move|p1a: Iron Treads|Knock Off|p2a: Gliscor
|-damage|p2a: Gliscor|84/100
|-enditem|p2a: Gliscor|Toxic Orb|[from] move: Knock Off|[of] p1a: Iron Treads
|
|-weather|Snowscape|[upkeep]
|upkeep
|turn|5
|
|t:|1758347883
|move|p1a: Iron Treads|Ice Spinner|p2a: Gliscor
|-supereffective|p2a: Gliscor
|-damage|p2a: Gliscor|34/100
|move|p2a: Gliscor|Swords Dance|p2a: Gliscor
|-boost|p2a: Gliscor|atk|2
|
|-weather|none
|upkeep
|turn|6
|
|t:|1758347903
|switch|p2a: Ceruledge|Ceruledge, F, shiny|100/100
|move|p1a: Iron Treads|Ice Spinner|p2a: Ceruledge
|-resisted|p2a: Ceruledge
|-damage|p2a: Ceruledge|86/100
|-ability|p2a: Ceruledge|Weak Armor|boost
|-unboost|p2a: Ceruledge|def|1
|-boost|p2a: Ceruledge|spe|2
|
|upkeep
|turn|7
|
|t:|1758347918
|-end|p1a: Iron Treads|Quark Drive|[silent]
|switch|p1a: Landorus|Landorus-Therian, M, tera:Water|100/100
|-ability|p1a: Landorus|Intimidate|boost
|-unboost|p2a: Ceruledge|atk|1
|move|p2a: Ceruledge|Bitter Blade|p1a: Landorus
|-resisted|p1a: Landorus
|-damage|p1a: Landorus|85/100
|-heal|p2a: Ceruledge|95/100|[from] drain|[of] p1a: Landorus
|
|upkeep
|turn|8
|
|t:|1758347943
|switch|p2a: Gliscor|Gliscor, M|34/100
|move|p1a: Landorus|Stone Edge|p2a: Gliscor
|-crit|p2a: Gliscor
|-damage|p2a: Gliscor|0 fnt
|faint|p2a: Gliscor
|
|upkeep
|
|t:|1758347950
|switch|p2a: Kyurem|Kyurem|100/100
|-ability|p2a: Kyurem|Pressure
|turn|9
|
|t:|1758347981
|switch|p1a: Iron Treads|Iron Treads|100/100
|move|p2a: Kyurem|Freeze-Dry|p1a: Iron Treads
|-damage|p1a: Iron Treads|75/100
|-status|p1a: Iron Treads|frz
|
|upkeep
|turn|10
|
|t:|1758347995
|switch|p2a: Ceruledge|Ceruledge, F, shiny|95/100
|-end|p1a: Iron Treads|Quark Drive|[silent]
|switch|p1a: Moltres|Moltres|100/100
|
|upkeep
|turn|11
|
|t:|1758348000
|move|p2a: Ceruledge|Swords Dance|p2a: Ceruledge
|-boost|p2a: Ceruledge|atk|2
|move|p1a: Moltres|Scorching Sands|p2a: Ceruledge
|-supereffective|p2a: Ceruledge
|-damage|p2a: Ceruledge|47/100
|
|upkeep
|turn|12
|
|t:|1758348012
|switch|p1a: Iron Treads|Iron Treads|75/100 frz
|move|p2a: Ceruledge|Bitter Blade|p1a: Iron Treads
|-supereffective|p1a: Iron Treads
|-damage|p1a: Iron Treads|0 fnt
|-heal|p2a: Ceruledge|97/100|[from] drain|[of] p1a: Iron Treads
|faint|p1a: Iron Treads
|-end|p1a: Iron Treads|Quark Drive|[silent]
|
|upkeep
|
|t:|1758348018
|switch|p1a: Landorus|Landorus-Therian, M, tera:Water|85/100
|-ability|p1a: Landorus|Intimidate|boost
|-unboost|p2a: Ceruledge|atk|1
|turn|13
|
|t:|1758348037
|move|p2a: Ceruledge|Close Combat|p1a: Landorus
|-damage|p1a: Landorus|30/100
|-unboost|p2a: Ceruledge|def|1
|-unboost|p2a: Ceruledge|spd|1
|move|p1a: Landorus|Earthquake|p2a: Ceruledge
|-supereffective|p2a: Ceruledge
|-damage|p2a: Ceruledge|0 fnt
|faint|p2a: Ceruledge
|
|upkeep
|
|t:|1758348056
|switch|p2a: Great Tusk|Great Tusk|100/100
|-enditem|p2a: Great Tusk|Booster Energy
|-activate|p2a: Great Tusk|ability: Protosynthesis|[fromitem]
|-start|p2a: Great Tusk|protosynthesisatk
|turn|14
|
|t:|1758348076
|switch|p1a: Moltres|Moltres|100/100
|move|p2a: Great Tusk|Close Combat|p1a: Moltres
|-resisted|p1a: Moltres
|-damage|p1a: Moltres|73/100
|-unboost|p2a: Great Tusk|def|1
|-unboost|p2a: Great Tusk|spd|1
|
|upkeep
|turn|15
|
|t:|1758348096
|switch|p1a: Golem|Golem-Alola, M|100/100
|move|p2a: Great Tusk|Ice Spinner|p1a: Golem
|-damage|p1a: Golem|77/100
|
|upkeep
|turn|16
|
|t:|1758348105
|switch|p1a: Landorus|Landorus-Therian, M, tera:Water|30/100
|-ability|p1a: Landorus|Intimidate|boost
|-unboost|p2a: Great Tusk|atk|1
|move|p2a: Great Tusk|Close Combat|p1a: Landorus
|-damage|p1a: Landorus|0 fnt
|-unboost|p2a: Great Tusk|def|1
|-unboost|p2a: Great Tusk|spd|1
|faint|p1a: Landorus
|
|upkeep
|
|t:|1758348111
|switch|p1a: Moltres|Moltres|73/100
|turn|17
|
|t:|1758348120
|move|p2a: Great Tusk|Close Combat|p1a: Moltres
|-resisted|p1a: Moltres
|-damage|p1a: Moltres|52/100
|-unboost|p2a: Great Tusk|def|1
|-unboost|p2a: Great Tusk|spd|1
|-status|p2a: Great Tusk|brn|[from] ability: Flame Body|[of] p1a: Moltres
|move|p1a: Moltres|Flamethrower|p2a: Great Tusk
|-damage|p2a: Great Tusk|0 fnt
|faint|p2a: Great Tusk
|-end|p2a: Great Tusk|Protosynthesis|[silent]
|
|upkeep
|
|t:|1758348131
|switch|p2a: Zapdos|Zapdos|78/100
|turn|18
|
|t:|1758348136
|switch|p1a: Golem|Golem-Alola, M|77/100
|move|p2a: Zapdos|Volt Switch|p1a: Golem
|-resisted|p1a: Golem
|-damage|p1a: Golem|59/100
|
|t:|1758348146
|switch|p2a: Kyurem|Kyurem|100/100|[from] Volt Switch
|-ability|p2a: Kyurem|Pressure
|
|upkeep
|turn|19
|
|t:|1758348157
|move|p2a: Kyurem|Freeze-Dry|p1a: Golem
|-damage|p1a: Golem|13/100
|move|p1a: Golem|Gyro Ball|p2a: Kyurem
|-supereffective|p2a: Kyurem
|-crit|p2a: Kyurem
|-damage|p2a: Kyurem|0 fnt
|faint|p2a: Kyurem
|
|upkeep
|
|t:|1758348165
|switch|p2a: Zapdos|Zapdos|78/100
|turn|20
|
|t:|1758348186
|move|p2a: Zapdos|Thunderbolt|p1a: Golem
|-resisted|p1a: Golem
|-damage|p1a: Golem|0 fnt
|faint|p1a: Golem
|
|upkeep
|
|t:|1758348190
|switch|p1a: Azumarill|Azumarill, F|100/100
|turn|21
|
|t:|1758348195
|move|p2a: Zapdos|Volt Switch|p1a: Azumarill
|-supereffective|p1a: Azumarill
|-damage|p1a: Azumarill|64/100
|
|t:|1758348199
|switch|p2a: Kingambit|Kingambit, F|44/100|[from] Volt Switch
|-activate|p2a: Kingambit|ability: Supreme Overlord
|-start|p2a: Kingambit|fallen4|[silent]
|move|p1a: Azumarill|Play Rough|p2a: Kingambit
|-damage|p2a: Kingambit|5/100
|
|upkeep
|turn|22
|
|t:|1758348211
|move|p1a: Azumarill|Aqua Jet|p2a: Kingambit
|-damage|p2a: Kingambit|0 fnt
|faint|p2a: Kingambit
|-end|p2a: Kingambit|fallen4|[silent]
|
|upkeep
|
|t:|1758348215
|switch|p2a: Zapdos|Zapdos|78/100
|turn|23
|
|t:|1758348220
|-terastallize|p2a: Zapdos|Electric
|move|p2a: Zapdos|Thunderbolt|p1a: Azumarill
|-supereffective|p1a: Azumarill
|-damage|p1a: Azumarill|0 fnt
|faint|p1a: Azumarill
|
|upkeep
|
|t:|1758348224
|switch|p1a: Moltres|Moltres|52/100
|turn|24
|
|t:|1758348228
|move|p2a: Zapdos|Thunderbolt|p1a: Moltres
|-supereffective|p1a: Moltres
|-damage|p1a: Moltres|0 fnt
|faint|p1a: Moltres
|
|win|jmaze21
|raw|exposed king's rating: 1399 &rarr; <strong>1378</strong><br />(-21 for losing)
|raw|jmaze21's rating: 1375 &rarr; <strong>1396</strong><br />(+21 for winning)
|l|☆jmaze21
|player|p2|
