|j|☆blaze_ghost7272
|j|☆Le Colonel Reyel
|t:|1758271102
|gametype|singles
|player|p1|blaze_ghost7272|wallace|1231
|player|p2|Le Colonel Reyel|1|1299
|gen|9
|tier|[Gen 9] OU
|rated|
|rule|HP Percentage Mod: HP is shown in percentages
|rule|Endless Battle Clause: Forcing endless battles is banned
|rule|Species Clause: Limit one of each Pokémon
|rule|OHKO Clause: OHKO moves are banned
|rule|Evasion Items Clause: Evasion items are banned
|rule|Evasion Moves Clause: Evasion moves are banned
|rule|Evasion Abilities Clause: Evasion abilities are banned
|rule|Sleep Moves Clause: Sleep-inducing moves are banned
|clearpoke
|poke|p1|Necrozma|
|poke|p1|Araquanid, M|
|poke|p1|Blaziken, M|
|poke|p1|Hydreigon, F|
|poke|p1|Staraptor, F|
|poke|p1|Polteageist-Antique|
|poke|p2|Iron Hands|
|poke|p2|Meowscarada, M|
|poke|p2|Great Tusk|
|poke|p2|Slowking-Galar, M|
|poke|p2|Heatran, M|
|poke|p2|Enamorus, F|
|teampreview
|inactive|Battle timer is ON: inactive players will automatically lose when time's up. (requested by blaze_ghost7272)
|
|t:|1758271114
|teamsize|p1|6
|teamsize|p2|6
|start
|switch|p1a: Polteageist|Polteageist-Antique, shiny|100/100
|switch|p2a: Meowscarada|Meowscarada, M|100/100
|turn|1
|
|t:|1758271126
|-terastallize|p1a: Polteageist|Fairy
|move|p2a: Meowscarada|Triple Axel|p1a: Polteageist
|-start|p2a: Meowscarada|typechange|Ice|[from] ability: Protean
|-damage|p1a: Polteageist|73/100
|-ability|p1a: Polteageist|Weak Armor|boost
|-unboost|p1a: Polteageist|def|1
|-boost|p1a: Polteageist|spe|2
|-hitcount|p1a: Polteageist|1
|move|p1a: Polteageist|Shell Smash|p1a: Polteageist
|-unboost|p1a: Polteageist|def|1
|-unboost|p1a: Polteageist|spd|1
|-boost|p1a: Polteageist|atk|2
|-boost|p1a: Polteageist|spa|2
|-boost|p1a: Polteageist|spe|2
|
|upkeep
|turn|2
|
|t:|1758271141
|switch|p2a: Slowking|Slowking-Galar, M|100/100
|move|p1a: Polteageist|Stored Power|p2a: Slowking
|-damage|p2a: Slowking|25/100
|
|upkeep
|turn|3
|
|t:|1758271152
|switch|p2a: Meowscarada|Meowscarada, M|100/100
|move|p1a: Polteageist|Stored Power|p2a: Meowscarada
|-immune|p2a: Meowscarada
|
|upkeep
|turn|4
|
|t:|1758271161
|move|p1a: Polteageist|Tera Blast|p2a: Meowscarada|[anim] Tera Blast Fairy
|-supereffective|p2a: Meowscarada
|-crit|p2a: Meowscarada
|-damage|p2a: Meowscarada|0 fnt
|faint|p2a: Meowscarada
|
|upkeep
|
|t:|1758271166
|switch|p2a: Heatran|Heatran, M|100/100
|turn|5
|
|t:|1758271171
|move|p1a: Polteageist|Shadow Ball|p2a: Heatran
|-damage|p2a: Heatran|40/100
|move|p2a: Heatran|Magma Storm|p1a: Polteageist
|-damage|p1a: Polteageist|0 fnt
|faint|p1a: Polteageist
|
|-heal|p2a: Heatran|46/100|[from] item: Leftovers
|upkeep
|
|t:|1758271180
|switch|p1a: Blaziken|Blaziken, M, shiny|100/100
|turn|6
|
|t:|1758271190
|move|p1a: Blaziken|Swords Dance|p1a: Blaziken
|-boost|p1a: Blaziken|atk|2
|move|p2a: Heatran|Earth Power|p1a: Blaziken
|-supereffective|p1a: Blaziken
|-damage|p1a: Blaziken|20/100
|
|-heal|p2a: Heatran|53/100|[from] item: Leftovers
|-ability|p1a: Blaziken|Speed Boost|boost
|-boost|p1a: Blaziken|spe|1
|upkeep
|turn|7
|
|t:|1758271199
|switch|p2a: Slowking|Slowking-Galar, M|58/100
|move|p1a: Blaziken|Close Combat|p2a: Slowking
|-resisted|p2a: Slowking
|-damage|p2a: Slowking|14/100
|-unboost|p1a: Blaziken|def|1
|-unboost|p1a: Blaziken|spd|1
|-damage|p1a: Blaziken|10/100|[from] item: Life Orb
|
|-ability|p1a: Blaziken|Speed Boost|boost
|-boost|p1a: Blaziken|spe|1
|upkeep
|turn|8
|
|t:|1758271209
|switch|p2a: Heatran|Heatran, M|53/100
|move|p1a: Blaziken|Close Combat|p2a: Heatran
|-supereffective|p2a: Heatran
|-damage|p2a: Heatran|0 fnt
|-unboost|p1a: Blaziken|def|1
|-unboost|p1a: Blaziken|spd|1
|faint|p2a: Heatran
|-damage|p1a: Blaziken|0 fnt|[from] item: Life Orb
|faint|p1a: Blaziken
|
|upkeep
|
|t:|1758271224
|switch|p1a: Araquanid|Araquanid, M|100/100
|switch|p2a: Slowking|Slowking-Galar, M|47/100
|turn|9
|
|t:|1758271231
|move|p1a: Araquanid|Sticky Web|p2a: Slowking
|-sidestart|p2: Le Colonel Reyel|move: Sticky Web
|move|p2a: Slowking|Toxic|p1a: Araquanid
|-status|p1a: Araquanid|tox
|
|-damage|p1a: Araquanid|94/100 tox|[from] psn
|upkeep
|turn|10
|
|t:|1758271237
|move|p1a: Araquanid|Liquidation|p2a: Slowking
|-damage|p2a: Slowking|0 fnt
|faint|p2a: Slowking
|
|-damage|p1a: Araquanid|82/100 tox|[from] psn
|upkeep
|
|t:|1758271243
|switch|p2a: Iron Hands|Iron Hands|100/100
|-activate|p2a: Iron Hands|move: Sticky Web
|-unboost|p2a: Iron Hands|spe|1
|turn|11
|
|t:|1758271249
|move|p1a: Araquanid|Leech Life|p2a: Iron Hands
|-resisted|p2a: Iron Hands
|-damage|p2a: Iron Hands|89/100
|-heal|p1a: Araquanid|90/100 tox|[from] drain|[of] p2a: Iron Hands
|move|p2a: Iron Hands|Thunder Punch|p1a: Araquanid
|-supereffective|p1a: Araquanid
|-damage|p1a: Araquanid|0 fnt
|faint|p1a: Araquanid
|
|-heal|p2a: Iron Hands|96/100|[from] item: Leftovers
|upkeep
|
|t:|1758271259
|switch|p1a: Necrozma|Necrozma|100/100
|turn|12
|
|t:|1758271266
|move|p1a: Necrozma|Photon Geyser|p2a: Iron Hands
|-supereffective|p2a: Iron Hands
|-damage|p2a: Iron Hands|2/100
|move|p2a: Iron Hands|Thunder Punch|p1a: Necrozma
|-damage|p1a: Necrozma|60/100
|
|-heal|p1a: Necrozma|67/100|[from] item: Leftovers
|-heal|p2a: Iron Hands|8/100|[from] item: Leftovers
|upkeep
|turn|13
|
|t:|1758271279
|move|p1a: Necrozma|Knock Off|p2a: Iron Hands
|-resisted|p2a: Iron Hands
|-damage|p2a: Iron Hands|0 fnt
|-enditem|p2a: Iron Hands|Leftovers|[from] move: Knock Off|[of] p1a: Necrozma
|faint|p2a: Iron Hands
|-end|p2a: Iron Hands|Quark Drive|[silent]
|
|-heal|p1a: Necrozma|73/100|[from] item: Leftovers
|upkeep
|
|t:|1758271286
|switch|p2a: Enamorus|Enamorus, F|100/100
|turn|14
|
|t:|1758271296
|switch|p1a: Hydreigon|Hydreigon, F|100/100
|-terastallize|p2a: Enamorus|Stellar
|move|p2a: Enamorus|Tera Blast|p1a: Hydreigon|[anim] Tera Blast Stellar
|-damage|p1a: Hydreigon|54/100
|-boost|p2a: Enamorus|atk|1
|-boost|p2a: Enamorus|spa|1
|
|upkeep
|turn|15
|
|t:|1758271307
|move|p2a: Enamorus|Tera Blast|p1a: Hydreigon|[anim] Tera Blast Stellar
|-damage|p1a: Hydreigon|0 fnt
|-boost|p2a: Enamorus|atk|1
|-boost|p2a: Enamorus|spa|1
|faint|p1a: Hydreigon
|
|upkeep
|
|t:|1758271313
|switch|p1a: Staraptor|Staraptor, F|100/100
|turn|16
|
|t:|1758271324
|move|p2a: Enamorus|Tera Blast|p1a: Staraptor|[anim] Tera Blast Stellar
|-damage|p1a: Staraptor|0 fnt
|-boost|p2a: Enamorus|atk|1
|-boost|p2a: Enamorus|spa|1
|faint|p1a: Staraptor
|
|upkeep
|
|t:|1758271330
|switch|p1a: Necrozma|Necrozma|73/100
|turn|17
|
|t:|1758271336
|move|p2a: Enamorus|Tera Blast|p1a: Necrozma|[anim] Tera Blast Stellar
|-crit|p1a: Necrozma
|-damage|p1a: Necrozma|0 fnt
|-boost|p2a: Enamorus|atk|1
|-boost|p2a: Enamorus|spa|1
|faint|p1a: Necrozma
|
|win|Le Colonel Reyel
|raw|blaze_ghost7272's rating: 1231 &rarr; <strong>1211</strong><br />(-20 for losing)
|raw|Le Colonel Reyel's rating: 1299 &rarr; <strong>1319</strong><br />(+20 for winning)
|l|☆blaze_ghost7272
|player|p1|
|l|☆Le Colonel Reyel
|player|p2|
