|j|☆sumofsquares
|j|☆OREND BY
|t:|1758342460
|gametype|singles
|player|p1|sumofsquares|wallace|1584
|player|p2|OREND BY|lacey|1679
|gen|9
|tier|[Gen 9] OU
|rated|
|rule|HP Percentage Mod: HP is shown in percentages
|rule|Endless Battle Clause: Forcing endless battles is banned
|rule|Species Clause: Limit one of each Pokémon
|rule|OHKO Clause: OHKO moves are banned
|rule|Evasion Items Clause: Evasion items are banned
|rule|Evasion Moves Clause: Evasion moves are banned
|rule|Evasion Abilities Clause: Evasion abilities are banned
|rule|Sleep Moves Clause: Sleep-inducing moves are banned
|clearpoke
|poke|p1|Great Tusk|
|poke|p1|Ogerpon, F|
|poke|p1|Raging Bolt|
|poke|p1|Primarina, F|
|poke|p1|Moltres|
|poke|p1|Glimmora, F|
|poke|p2|Ting-Lu|
|poke|p2|Weezing-Galar, M|
|poke|p2|Alomomola, F|
|poke|p2|Tornadus-Therian, M|
|poke|p2|Gholdengo|
|poke|p2|Zamazenta-*|
|teampreview
|
|t:|1758342472
|teamsize|p1|6
|teamsize|p2|6
|start
|switch|p1a: Glimmora|Glimmora, F|100/100
|switch|p2a: Dog in this Fight|Zamazenta|100/100
|-ability|p2a: Dog in this Fight|Dauntless Shield|boost
|-boost|p2a: Dog in this Fight|def|1
|turn|1
|
|t:|1758342477
|move|p2a: Dog in this Fight|Heavy Slam|p1a: Glimmora
|-supereffective|p1a: Glimmora
|-enditem|p1a: Glimmora|Focus Sash
|-damage|p1a: Glimmora|1/100
|-activate|p1a: Glimmora|ability: Toxic Debris
|-sidestart|p2: OREND BY|move: Toxic Spikes
|move|p1a: Glimmora|Spikes|p2a: Dog in this Fight
|-sidestart|p2: OREND BY|Spikes
|
|upkeep
|turn|2
|
|t:|1758342483
|move|p2a: Dog in this Fight|Heavy Slam|p1a: Glimmora
|-supereffective|p1a: Glimmora
|-damage|p1a: Glimmora|0 fnt
|-activate|p1a: Glimmora|ability: Toxic Debris
|-sidestart|p2: OREND BY|move: Toxic Spikes
|faint|p1a: Glimmora
|
|upkeep
|
|t:|1758342486
|switch|p1a: Primarina|Primarina, F|100/100
|turn|3
|
|t:|1758342488
|move|p2a: Dog in this Fight|Heavy Slam|p1a: Primarina
|-damage|p1a: Primarina|39/100
|move|p1a: Primarina|Calm Mind|p1a: Primarina
|-boost|p1a: Primarina|spa|1
|-boost|p1a: Primarina|spd|1
|
|upkeep
|turn|4
|
|t:|1758342493
|switch|p1a: Moltres|Moltres|100/100
|move|p2a: Dog in this Fight|Heavy Slam|p1a: Moltres
|-resisted|p1a: Moltres
|-damage|p1a: Moltres|85/100
|
|upkeep
|turn|5
|
|t:|1758342499
|switch|p2a: Therry Christmas|Tornadus-Therian, M|100/100
|move|p1a: Moltres|U-turn|p2a: Therry Christmas
|-resisted|p2a: Therry Christmas
|-damage|p2a: Therry Christmas|93/100
|
|t:|1758342504
|switch|p1a: Raging Bolt|Raging Bolt|100/100|[from] U-turn
|
|upkeep
|turn|6
|
|t:|1758342510
|switch|p2a: Das Capital|Weezing-Galar, M|100/100
|-ability|p2a: Das Capital|Neutralizing Gas
|-sideend|p2: OREND BY|move: Toxic Spikes|[of] p2a: Das Capital
|move|p1a: Raging Bolt|Thunderclap||[still]
|-fail|p1a: Raging Bolt
|
|upkeep
|turn|7
|
|t:|1758342514
|-end|p2a: Das Capital|ability: Neutralizing Gas
|switch|p2a: Lus-Lus Situation|Ting-Lu|100/100
|-damage|p2a: Lus-Lus Situation|88/100|[from] Spikes
|-ability|p2a: Lus-Lus Situation|Vessel of Ruin
|move|p1a: Raging Bolt|Thunderbolt|p2a: Lus-Lus Situation
|-immune|p2a: Lus-Lus Situation
|
|-heal|p2a: Lus-Lus Situation|94/100|[from] item: Leftovers
|upkeep
|turn|8
|
|t:|1758342521
|-end|p1a: Raging Bolt|Protosynthesis|[silent]
|switch|p1a: Primarina|Primarina, F|39/100
|move|p2a: Lus-Lus Situation|Earthquake|p1a: Primarina
|-damage|p1a: Primarina|0 fnt
|faint|p1a: Primarina
|
|-heal|p2a: Lus-Lus Situation|100/100|[from] item: Leftovers
|upkeep
|
|t:|1758342525
|switch|p1a: Ogerpon|Ogerpon, F|100/100
|turn|9
|
|t:|1758342531
|-terastallize|p1a: Ogerpon|Grass
|detailschange|p1a: Ogerpon|Ogerpon-Teal-Tera, F, tera:Grass
|-ability|p1a: Ogerpon|Embody Aspect (Teal)|boost
|-boost|p1a: Ogerpon|spe|1
|move|p1a: Ogerpon|Ivy Cudgel|p2a: Lus-Lus Situation
|-supereffective|p2a: Lus-Lus Situation
|-damage|p2a: Lus-Lus Situation|0 fnt
|faint|p2a: Lus-Lus Situation
|
|upkeep
|
|t:|1758342538
|switch|p2a: Djengo Unrained|Gholdengo|100/100
|-damage|p2a: Djengo Unrained|88/100|[from] Spikes
|turn|10
|
|t:|1758342541
|switch|p1a: Moltres|Moltres|85/100
|move|p2a: Djengo Unrained|Shadow Ball|p1a: Moltres
|-damage|p1a: Moltres|45/100
|
|upkeep
|turn|11
|
|t:|1758342546
|move|p2a: Djengo Unrained|Shadow Ball|p1a: Moltres
|-damage|p1a: Moltres|8/100
|move|p1a: Moltres|U-turn|p2a: Djengo Unrained
|-resisted|p2a: Djengo Unrained
|-damage|p2a: Djengo Unrained|84/100
|
|t:|1758342553
|switch|p1a: Raging Bolt|Raging Bolt|100/100|[from] U-turn
|
|upkeep
|turn|12
|
|t:|1758342559
|move|p2a: Djengo Unrained|Shadow Ball|p1a: Raging Bolt
|-damage|p1a: Raging Bolt|67/100
|move|p1a: Raging Bolt|Thunderbolt|p2a: Djengo Unrained
|-damage|p2a: Djengo Unrained|25/100
|
|upkeep
|turn|13
|
|t:|1758342564
|move|p2a: Djengo Unrained|Shadow Ball|p1a: Raging Bolt
|-damage|p1a: Raging Bolt|29/100
|move|p1a: Raging Bolt|Volt Switch|p2a: Djengo Unrained
|-damage|p2a: Djengo Unrained|0 fnt
|faint|p2a: Djengo Unrained
|
|t:|1758342569
|-end|p1a: Raging Bolt|Protosynthesis|[silent]
|switch|p1a: Ogerpon|Ogerpon-Teal-Tera, F, tera:Grass|100/100|[from] Volt Switch
|-ability|p1a: Ogerpon|Embody Aspect (Teal)|boost
|-boost|p1a: Ogerpon|spe|1
|
|upkeep
|
|t:|1758342571
|switch|p2a: Das Capital|Weezing-Galar, M|100/100
|-ability|p2a: Das Capital|Neutralizing Gas
|turn|14
|
|t:|1758342577
|move|p1a: Ogerpon|U-turn|p2a: Das Capital
|-resisted|p2a: Das Capital
|-damage|p2a: Das Capital|95/100
|
|t:|1758342579
|switch|p1a: Moltres|Moltres|8/100|[from] U-turn
|move|p2a: Das Capital|Sludge Bomb|p1a: Moltres
|-damage|p1a: Moltres|0 fnt
|faint|p1a: Moltres
|
|upkeep
|
|t:|1758342584
|switch|p1a: Raging Bolt|Raging Bolt|29/100
|turn|15
|
|t:|1758342590
|-terastallize|p2a: Das Capital|Grass
|move|p1a: Raging Bolt|Thunderbolt|p2a: Das Capital
|-resisted|p2a: Das Capital
|-damage|p2a: Das Capital|58/100
|-status|p2a: Das Capital|par
|move|p2a: Das Capital|Sludge Bomb|p1a: Raging Bolt
|-damage|p1a: Raging Bolt|5/100
|-status|p1a: Raging Bolt|psn
|
|-damage|p1a: Raging Bolt|0 fnt|[from] psn
|faint|p1a: Raging Bolt
|-end|p1a: Raging Bolt|Protosynthesis|[silent]
|upkeep
|
|t:|1758342594
|switch|p1a: Ogerpon|Ogerpon-Teal-Tera, F, tera:Grass|100/100
|turn|16
|
|t:|1758342598
|move|p1a: Ogerpon|U-turn|p2a: Das Capital
|-supereffective|p2a: Das Capital
|-damage|p2a: Das Capital|12/100 par
|
|t:|1758342600
|switch|p1a: Great Tusk|Great Tusk|100/100|[from] U-turn
|move|p2a: Das Capital|Pain Split|p1a: Great Tusk
|-sethp|p1a: Great Tusk|55/100|[from] move: Pain Split|[silent]
|-sethp|p2a: Das Capital|62/100 par|[from] move: Pain Split
|
|upkeep
|turn|17
|
|t:|1758342606
|-end|p2a: Das Capital|ability: Neutralizing Gas
|switch|p2a: Alomomola|Alomomola, F|100/100
|-damage|p2a: Alomomola|88/100|[from] Spikes
|move|p1a: Great Tusk|Ice Spinner|p2a: Alomomola
|-resisted|p2a: Alomomola
|-damage|p2a: Alomomola|80/100
|-damage|p1a: Great Tusk|39/100|[from] item: Rocky Helmet|[of] p2a: Alomomola
|
|upkeep
|turn|18
|
|t:|1758342609
|move|p1a: Great Tusk|Headlong Rush|p2a: Alomomola
|-damage|p2a: Alomomola|45/100
|-unboost|p1a: Great Tusk|def|1
|-unboost|p1a: Great Tusk|spd|1
|-damage|p1a: Great Tusk|23/100|[from] item: Rocky Helmet|[of] p2a: Alomomola
|move|p2a: Alomomola|Wish|p2a: Alomomola
|
|upkeep
|turn|19
|
|t:|1758342614
|move|p1a: Great Tusk|Ice Spinner|p2a: Alomomola
|-resisted|p2a: Alomomola
|-damage|p2a: Alomomola|37/100
|-damage|p1a: Great Tusk|6/100|[from] item: Rocky Helmet|[of] p2a: Alomomola
|move|p2a: Alomomola|Flip Turn|p1a: Great Tusk
|-supereffective|p1a: Great Tusk
|-damage|p1a: Great Tusk|0 fnt
|-damage|p2a: Alomomola|20/100|[from] item: Rocky Helmet|[of] p1a: Great Tusk
|faint|p1a: Great Tusk
|-end|p1a: Great Tusk|Protosynthesis|[silent]
|
|t:|1758342616
|switch|p2a: Das Capital|Weezing-Galar, M, tera:Grass|62/100 par|[from] Flip Turn
|-ability|p2a: Das Capital|Neutralizing Gas
|
|-heal|p2a: Das Capital|100/100 par|[from] move: Wish|[wisher] Alomomola
|upkeep
|
|t:|1758342619
|switch|p1a: Ogerpon|Ogerpon-Teal-Tera, F, tera:Grass|100/100
|turn|20
|
|t:|1758342621
|-end|p2a: Das Capital|ability: Neutralizing Gas
|-ability|p1a: Ogerpon|Embody Aspect (Teal)|boost
|-boost|p1a: Ogerpon|spe|1
|switch|p2a: Alomomola|Alomomola, F|53/100
|-damage|p2a: Alomomola|41/100|[from] Spikes
|move|p1a: Ogerpon|Ivy Cudgel|p2a: Alomomola
|-supereffective|p2a: Alomomola
|-damage|p2a: Alomomola|0 fnt
|faint|p2a: Alomomola
|
|upkeep
|
|t:|1758342624
|switch|p2a: Therry Christmas|Tornadus-Therian, M|100/100
|turn|21
|
|t:|1758342626
|move|p1a: Ogerpon|Ivy Cudgel|p2a: Therry Christmas
|-resisted|p2a: Therry Christmas
|-damage|p2a: Therry Christmas|46/100
|move|p2a: Therry Christmas|Bleakwind Storm|p1a: Ogerpon|[miss]
|-miss|p2a: Therry Christmas|p1a: Ogerpon
|
|upkeep
|turn|22
|
|t:|1758342629
|switch|p2a: Dog in this Fight|Zamazenta|100/100
|-damage|p2a: Dog in this Fight|88/100|[from] Spikes
|move|p1a: Ogerpon|Ivy Cudgel|p2a: Dog in this Fight
|-damage|p2a: Dog in this Fight|0 fnt
|faint|p2a: Dog in this Fight
|
|upkeep
|
|t:|1758342631
|switch|p2a: Therry Christmas|Tornadus-Therian, M|79/100
|turn|23
|
|t:|1758342633
|move|p1a: Ogerpon|Ivy Cudgel|p2a: Therry Christmas
|-resisted|p2a: Therry Christmas
|-crit|p2a: Therry Christmas
|-damage|p2a: Therry Christmas|0 fnt
|faint|p2a: Therry Christmas
|
|upkeep
|
|t:|1758342636
|switch|p2a: Das Capital|Weezing-Galar, M, tera:Grass|100/100 par
|-ability|p2a: Das Capital|Neutralizing Gas
|turn|24
|
|t:|1758342638
|move|p1a: Ogerpon|Ivy Cudgel|p2a: Das Capital
|-resisted|p2a: Das Capital
|-damage|p2a: Das Capital|70/100 par
|move|p2a: Das Capital|Sludge Bomb|p1a: Ogerpon
|-supereffective|p1a: Ogerpon
|-damage|p1a: Ogerpon|36/100
|-status|p1a: Ogerpon|psn
|
|-damage|p1a: Ogerpon|24/100 psn|[from] psn
|upkeep
|turn|25
|
|t:|1758342643
|move|p1a: Ogerpon|Ivy Cudgel|p2a: Das Capital
|-resisted|p2a: Das Capital
|-crit|p2a: Das Capital
|-damage|p2a: Das Capital|19/100 par
|move|p2a: Das Capital|Sludge Bomb|p1a: Ogerpon
|-supereffective|p1a: Ogerpon
|-damage|p1a: Ogerpon|0 fnt
|faint|p1a: Ogerpon
|detailschange|p1: Ogerpon|Ogerpon, F|[silent]
|
|win|OREND BY
|raw|sumofsquares's rating: 1584 &rarr; <strong>1569</strong><br />(-15 for losing)
|raw|OREND BY's rating: 1679 &rarr; <strong>1694</strong><br />(+15 for winning)
|c|☆OREND BY|Gg
|l|☆OREND BY
|player|p2|
|l|☆sumofsquares
|player|p1|
