|j|☆WeR#4Hay!
|j|☆Argentide
|t:|1758333776
|gametype|singles
|player|p1|WeR#4Hay!|102|1651
|player|p2|Argentide|lady|1607
|gen|9
|tier|[Gen 9] OU
|rated|
|rule|HP Percentage Mod: HP is shown in percentages
|rule|Endless Battle Clause: Forcing endless battles is banned
|rule|Species Clause: Limit one of each Pokémon
|rule|OHKO Clause: OHKO moves are banned
|rule|Evasion Items Clause: Evasion items are banned
|rule|Evasion Moves Clause: Evasion moves are banned
|rule|Evasion Abilities Clause: Evasion abilities are banned
|rule|Sleep Moves Clause: Sleep-inducing moves are banned
|clearpoke
|poke|p1|Hydrapple, M|
|poke|p1|Slowking, F|
|poke|p1|Iron Treads|
|poke|p1|Moltres|
|poke|p1|Zamazenta-*|
|poke|p1|Kingambit, F|
|poke|p2|Dragonite, M|
|poke|p2|Enamorus, F|
|poke|p2|Samurott-Hisui, F|
|poke|p2|Great Tusk|
|poke|p2|Raging Bolt|
|poke|p2|Kyurem|
|teampreview
|
|t:|1758333808
|teamsize|p1|6
|teamsize|p2|6
|start
|switch|p1a: Hydrapple|Hydrapple, M|100/100
|switch|p2a: Enamorus|Enamorus, F|100/100
|turn|1
|
|t:|1758333815
|switch|p1a: Slowking|Slowking, F|100/100
|-terastallize|p2a: Enamorus|Fairy
|move|p2a: Enamorus|Moonblast|p1a: Slowking
|-damage|p1a: Slowking|39/100
|
|upkeep
|turn|2
|inactive|Battle timer is ON: inactive players will automatically lose when time's up. (requested by Argentide)
|
|t:|1758333852
|switch|p1a: Iron Treads|Iron Treads|100/100
|move|p2a: Enamorus|Moonblast|p1a: Iron Treads
|-resisted|p1a: Iron Treads
|-damage|p1a: Iron Treads|59/100
|
|-heal|p1a: Iron Treads|65/100|[from] item: Leftovers
|upkeep
|turn|3
|
|t:|1758333880
|switch|p2a: Great Tusk|Great Tusk|100/100
|move|p1a: Iron Treads|Rapid Spin|p2a: Great Tusk
|-damage|p2a: Great Tusk|91/100
|-boost|p1a: Iron Treads|spe|1
|
|-heal|p1a: Iron Treads|71/100|[from] item: Leftovers
|upkeep
|turn|4
|
|t:|1758333890
|-end|p1a: Iron Treads|Quark Drive|[silent]
|switch|p1a: Moltres|Moltres|100/100
|move|p2a: Great Tusk|Headlong Rush|p1a: Moltres
|-immune|p1a: Moltres
|
|upkeep
|turn|5
|
|t:|1758333894
|move|p2a: Great Tusk|Stealth Rock|p1a: Moltres
|-sidestart|p1: WeR#4Hay!|move: Stealth Rock
|move|p1a: Moltres|Flamethrower|p2a: Great Tusk
|-damage|p2a: Great Tusk|29/100
|
|upkeep
|turn|6
|j| I got to register
|
|t:|1758333901
|-end|p2a: Great Tusk|Protosynthesis|[silent]
|switch|p2a: Raging Bolt|Raging Bolt|100/100
|-enditem|p2a: Raging Bolt|Booster Energy
|-activate|p2a: Raging Bolt|ability: Protosynthesis|[fromitem]
|-start|p2a: Raging Bolt|protosynthesisspa
|move|p1a: Moltres|U-turn|p2a: Raging Bolt
|-damage|p2a: Raging Bolt|86/100
|
|t:|1758333904
|switch|p1a: Iron Treads|Iron Treads|71/100|[from] U-turn
|-damage|p1a: Iron Treads|68/100|[from] Stealth Rock
|
|-heal|p1a: Iron Treads|74/100|[from] item: Leftovers
|upkeep
|turn|7
|
|t:|1758333910
|move|p1a: Iron Treads|Earthquake|p2a: Raging Bolt
|-supereffective|p2a: Raging Bolt
|-damage|p2a: Raging Bolt|10/100
|move|p2a: Raging Bolt|Dragon Pulse|p1a: Iron Treads
|-resisted|p1a: Iron Treads
|-damage|p1a: Iron Treads|48/100
|
|-heal|p1a: Iron Treads|54/100|[from] item: Leftovers
|upkeep
|turn|8
|
|t:|1758333917
|move|p1a: Iron Treads|Rapid Spin|p2a: Raging Bolt
|-damage|p2a: Raging Bolt|0 fnt
|-boost|p1a: Iron Treads|spe|1
|-sideend|p1: WeR#4Hay!|Stealth Rock|[from] move: Rapid Spin|[of] p1a: Iron Treads
|faint|p2a: Raging Bolt
|-end|p2a: Raging Bolt|Protosynthesis|[silent]
|
|-heal|p1a: Iron Treads|60/100|[from] item: Leftovers
|upkeep
|
|t:|1758333921
|switch|p2a: Samurott|Samurott-Hisui, F|100/100
|turn|9
|
|t:|1758333931
|-end|p1a: Iron Treads|Quark Drive|[silent]
|switch|p1a: Hydrapple|Hydrapple, M|100/100
|move|p2a: Samurott|Ceaseless Edge|p1a: Hydrapple|[miss]
|-miss|p2a: Samurott|p1a: Hydrapple
|
|upkeep
|turn|10
|
|t:|1758333937
|switch|p2a: Kyurem|Kyurem|100/100
|-ability|p2a: Kyurem|Pressure
|move|p1a: Hydrapple|Leaf Storm|p2a: Kyurem
|-resisted|p2a: Kyurem
|-damage|p2a: Kyurem|60/100
|-unboost|p1a: Hydrapple|spa|2
|-damage|p1a: Hydrapple|91/100|[from] item: Life Orb
|
|upkeep
|turn|11
|
|t:|1758333948
|switch|p1a: TheTransGambit|Kingambit, F|100/100
|move|p2a: Kyurem|Icicle Spear|p1a: TheTransGambit
|-resisted|p1a: TheTransGambit
|-damage|p1a: TheTransGambit|95/100
|-resisted|p1a: TheTransGambit
|-damage|p1a: TheTransGambit|90/100
|-hitcount|p1a: TheTransGambit|2
|
|-heal|p1a: TheTransGambit|96/100|[from] item: Leftovers
|upkeep
|turn|12
|
|t:|1758333954
|move|p2a: Kyurem|Earth Power|p1a: TheTransGambit
|-supereffective|p1a: TheTransGambit
|-damage|p1a: TheTransGambit|37/100
|move|p1a: TheTransGambit|Iron Head|p2a: Kyurem
|-supereffective|p2a: Kyurem
|-damage|p2a: Kyurem|0 fnt
|faint|p2a: Kyurem
|
|-heal|p1a: TheTransGambit|44/100|[from] item: Leftovers
|upkeep
|
|t:|1758333971
|switch|p2a: Great Tusk|Great Tusk|29/100
|turn|13
|
|t:|1758333974
|-end|p1a: TheTransGambit|fallenundefined|[silent]
|switch|p1a: Moltres|Moltres|100/100
|move|p2a: Great Tusk|Stealth Rock|p1a: Moltres
|-sidestart|p1: WeR#4Hay!|move: Stealth Rock
|
|upkeep
|turn|14
|
|t:|1758333983
|move|p2a: Great Tusk|Ice Spinner|p1a: Moltres
|-damage|p1a: Moltres|81/100
|move|p1a: Moltres|U-turn|p2a: Great Tusk
|-resisted|p2a: Great Tusk
|-damage|p2a: Great Tusk|24/100
|j| Ctannn
|
|t:|1758333988
|switch|p1a: Slowking|Slowking, F|72/100|[from] U-turn
|
|upkeep
|turn|15
|inactive|WeR#4Hay! has 120 seconds left.
|
|t:|1758334020
|-end|p2a: Great Tusk|Protosynthesis|[silent]
|switch|p2a: Enamorus|Enamorus, F, tera:Fairy|100/100
|switch|p1a: Moltres|Moltres|81/100
|
|upkeep
|turn|16
|inactive|WeR#4Hay! has 120 seconds left.
|
|t:|1758334034
|move|p2a: Enamorus|Moonblast|p1a: Moltres
|-resisted|p1a: Moltres
|-damage|p1a: Moltres|27/100
|move|p1a: Moltres|Flamethrower|p2a: Enamorus
|-damage|p2a: Enamorus|44/100
|
|upkeep
|turn|17
|
|t:|1758334040
|move|p2a: Enamorus|Moonblast|p1a: Moltres
|-resisted|p1a: Moltres
|-damage|p1a: Moltres|0 fnt
|faint|p1a: Moltres
|
|upkeep
|
|t:|1758334041
|switch|p1a: Iron Treads|Iron Treads|60/100
|-damage|p1a: Iron Treads|57/100|[from] Stealth Rock
|turn|18
|
|t:|1758334059
|switch|p2a: Great Tusk|Great Tusk|24/100
|move|p1a: Iron Treads|Rapid Spin|p2a: Great Tusk
|-damage|p2a: Great Tusk|14/100
|-boost|p1a: Iron Treads|spe|1
|-sideend|p1: WeR#4Hay!|Stealth Rock|[from] move: Rapid Spin|[of] p1a: Iron Treads
|
|-heal|p1a: Iron Treads|63/100|[from] item: Leftovers
|upkeep
|turn|19
|
|t:|1758334066
|move|p1a: Iron Treads|Earthquake|p2a: Great Tusk
|-damage|p2a: Great Tusk|0 fnt
|faint|p2a: Great Tusk
|-end|p2a: Great Tusk|Protosynthesis|[silent]
|
|-heal|p1a: Iron Treads|69/100|[from] item: Leftovers
|upkeep
|
|t:|1758334075
|switch|p2a: Dragonite|Dragonite, M|100/100
|turn|20
|
|t:|1758334088
|move|p1a: Iron Treads|Ice Spinner|p2a: Dragonite
|-supereffective|p2a: Dragonite
|-damage|p2a: Dragonite|55/100
|move|p2a: Dragonite|Fire Punch|p1a: Iron Treads
|-supereffective|p1a: Iron Treads
|-damage|p1a: Iron Treads|1/100
|
|-heal|p1a: Iron Treads|7/100|[from] item: Leftovers
|upkeep
|turn|21
|
|t:|1758334098
|-end|p1a: Iron Treads|Quark Drive|[silent]
|switch|p1a: Zamazenta|Zamazenta|100/100
|-ability|p1a: Zamazenta|Dauntless Shield|boost
|-boost|p1a: Zamazenta|def|1
|switch|p2a: Samurott|Samurott-Hisui, F|100/100
|
|upkeep
|turn|22
|
|t:|1758334107
|move|p1a: Zamazenta|Close Combat|p2a: Samurott
|-supereffective|p2a: Samurott
|-enditem|p2a: Samurott|Focus Sash
|-damage|p2a: Samurott|1/100
|-unboost|p1a: Zamazenta|def|1
|-unboost|p1a: Zamazenta|spd|1
|move|p2a: Samurott|Sacred Sword|p1a: Zamazenta
|-damage|p1a: Zamazenta|61/100
|
|upkeep
|turn|23
|
|t:|1758334111
|move|p2a: Samurott|Aqua Jet|p1a: Zamazenta
|-damage|p1a: Zamazenta|47/100
|move|p1a: Zamazenta|Close Combat|p2a: Samurott
|-supereffective|p2a: Samurott
|-damage|p2a: Samurott|0 fnt
|-unboost|p1a: Zamazenta|def|1
|-unboost|p1a: Zamazenta|spd|1
|faint|p2a: Samurott
|
|upkeep
|
|t:|1758334124
|switch|p2a: Dragonite|Dragonite, M|55/100
|turn|24
|
|t:|1758334140
|switch|p1a: Iron Treads|Iron Treads|7/100
|move|p2a: Dragonite|Extreme Speed|p1a: Iron Treads
|-resisted|p1a: Iron Treads
|-damage|p1a: Iron Treads|0 fnt
|faint|p1a: Iron Treads
|-end|p1a: Iron Treads|Quark Drive|[silent]
|
|upkeep
|
|t:|1758334152
|switch|p1a: Hydrapple|Hydrapple, M|100/100
|turn|25
|
|t:|1758334156
|move|p2a: Dragonite|Extreme Speed|p1a: Hydrapple
|-damage|p1a: Hydrapple|60/100
|move|p1a: Hydrapple|Fickle Beam|p2a: Dragonite
|-supereffective|p2a: Dragonite
|-damage|p2a: Dragonite|0 fnt
|faint|p2a: Dragonite
|-damage|p1a: Hydrapple|50/100|[from] item: Life Orb
|
|upkeep
|
|t:|1758334158
|switch|p2a: Enamorus|Enamorus, F, tera:Fairy|44/100
|turn|26
|
|t:|1758334160
|move|p2a: Enamorus|Moonblast|p1a: Hydrapple
|-supereffective|p1a: Hydrapple
|-damage|p1a: Hydrapple|0 fnt
|faint|p1a: Hydrapple
|
|upkeep
|
|t:|1758334171
|switch|p1a: Zamazenta|Zamazenta|47/100
|turn|27
|
|t:|1758334175
|-terastallize|p1a: Zamazenta|Fighting
|move|p1a: Zamazenta|Close Combat|p2a: Enamorus
|-resisted|p2a: Enamorus
|-damage|p2a: Enamorus|0 fnt
|-unboost|p1a: Zamazenta|def|1
|-unboost|p1a: Zamazenta|spd|1
|faint|p2a: Enamorus
|
|win|WeR#4Hay!
|raw|WeR#4Hay!'s rating: 1651 &rarr; <strong>1668</strong><br />(+17 for winning)
|raw|Argentide's rating: 1607 &rarr; <strong>1590</strong><br />(-17 for losing)
|c|☆WeR#4Hay!|gg
|c|☆Argentide|GG
|l|☆Argentide
|player|p2|
