|j|☆StellarSW
|j|☆FriedAstronauts
|t:|1758237378
|gametype|singles
|player|p1|StellarSW|wattson|1371
|player|p2|FriedAstronauts|marlon|1364
|gen|9
|tier|[Gen 9] OU
|rated|
|rule|HP Percentage Mod: HP is shown in percentages
|rule|Endless Battle Clause: Forcing endless battles is banned
|rule|Species Clause: Limit one of each Pokémon
|rule|OHKO Clause: OHKO moves are banned
|rule|Evasion Items Clause: Evasion items are banned
|rule|Evasion Moves Clause: Evasion moves are banned
|rule|Evasion Abilities Clause: Evasion abilities are banned
|rule|Sleep Moves Clause: Sleep-inducing moves are banned
|clearpoke
|poke|p1|Raging Bolt|
|poke|p1|Ogerpon-Wellspring, F|
|poke|p1|Landorus-Therian, M|
|poke|p1|Scizor, M|
|poke|p1|Clefable, M|
|poke|p1|Slowking-Galar, M|
|poke|p2|Zoroark-Hisui, M|
|poke|p2|Ursaluna, M|
|poke|p2|Blissey, F|
|poke|p2|Porygon2|
|poke|p2|Slaking, F|
|poke|p2|Staraptor, M|
|teampreview
|
|t:|1758237386
|teamsize|p1|6
|teamsize|p2|6
|start
|switch|p1a: Scizor|Scizor, M|100/100
|switch|p2a: Blissey|Blissey, F|100/100
|turn|1
|c|☆StellarSW|nice monotype!
|
|t:|1758237392
|switch|p2a: Staraptor|Staraptor, M|100/100
|-ability|p2a: Staraptor|Intimidate|boost
|-unboost|p1a: Scizor|atk|1
|move|p1a: Scizor|Knock Off|p2a: Staraptor
|-damage|p2a: Staraptor|67/100
|-enditem|p2a: Staraptor|Focus Sash|[from] move: Knock Off|[of] p1a: Scizor
|
|upkeep
|turn|2
|
|t:|1758237402
|switch|p1a: Landorus|Landorus-Therian, M|100/100
|-ability|p1a: Landorus|Intimidate|boost
|-unboost|p2a: Staraptor|atk|1
|move|p2a: Staraptor|Brave Bird|p1a: Landorus
|-damage|p1a: Landorus|47/100
|-damage|p2a: Staraptor|48/100|[from] Recoil
|
|upkeep
|turn|3
|
|t:|1758237410
|switch|p2a: Porygon2|Porygon2|100/100
|move|p1a: Landorus|Rock Slide|p2a: Porygon2
|-damage|p2a: Porygon2|86/100
|
|upkeep
|turn|4
|
|t:|1758237417
|switch|p1a: Slowking|Slowking-Galar, M|100/100
|move|p2a: Porygon2|Ice Beam|p1a: Slowking
|-crit|p1a: Slowking
|-damage|p1a: Slowking|74/100
|
|upkeep
|turn|5
|inactive|Battle timer is ON: inactive players will automatically lose when time's up. (requested by FriedAstronauts)
|
|t:|1758237423
|move|p2a: Porygon2|Tri Attack|p1a: Slowking
|-damage|p1a: Slowking|57/100
|move|p1a: Slowking|Future Sight|p2a: Porygon2
|-start|p1a: Slowking|move: Future Sight
|
|upkeep
|turn|6
|
|t:|1758237429
|move|p2a: Porygon2|Tri Attack|p1a: Slowking
|-damage|p1a: Slowking|40/100
|-status|p1a: Slowking|par
|move|p1a: Slowking|Thunder Wave|p2a: Porygon2
|-status|p2a: Porygon2|par
|
|upkeep
|turn|7
|
|t:|1758237437
|switch|p2a: Blissey|Blissey, F|100/100
|move|p1a: Slowking|Sludge Bomb|p2a: Blissey
|-damage|p2a: Blissey|87/100
|-status|p2a: Blissey|psn
|
|-end|p2a: Blissey|move: Future Sight
|-damage|p2a: Blissey|71/100 psn
|-heal|p2a: Blissey|77/100 psn|[from] item: Leftovers
|-damage|p2a: Blissey|65/100 psn|[from] psn
|upkeep
|turn|8
|
|t:|1758237454
|switch|p1a: Landorus|Landorus-Therian, M|47/100
|-ability|p1a: Landorus|Intimidate|boost
|-unboost|p2a: Blissey|atk|1
|move|p2a: Blissey|Stealth Rock|p1a: Landorus
|-sidestart|p1: StellarSW|move: Stealth Rock
|
|-heal|p2a: Blissey|71/100 psn|[from] item: Leftovers
|-damage|p2a: Blissey|58/100 psn|[from] psn
|upkeep
|turn|9
|
|t:|1758237462
|-curestatus|p2a: Blissey|psn|[from] ability: Natural Cure
|switch|p2a: Porygon2|Porygon2|86/100 par
|move|p1a: Landorus|U-turn|p2a: Porygon2
|-damage|p2a: Porygon2|75/100 par
|
|t:|1758237471
|switch|p1a: Raging Bolt|Raging Bolt|100/100|[from] U-turn
|-damage|p1a: Raging Bolt|88/100|[from] Stealth Rock
|-enditem|p1a: Raging Bolt|Booster Energy
|-activate|p1a: Raging Bolt|ability: Protosynthesis|[fromitem]
|-start|p1a: Raging Bolt|protosynthesisspa
|
|upkeep
|turn|10
|
|t:|1758237479
|move|p1a: Raging Bolt|Thunderbolt|p2a: Porygon2
|-damage|p2a: Porygon2|31/100 par
|move|p2a: Porygon2|Ice Beam|p1a: Raging Bolt
|-supereffective|p1a: Raging Bolt
|-damage|p1a: Raging Bolt|31/100
|
|upkeep
|turn|11
|
|t:|1758237484
|move|p1a: Raging Bolt|Thunderbolt|p2a: Porygon2
|-damage|p2a: Porygon2|0 fnt
|faint|p2a: Porygon2
|
|upkeep
|
|t:|1758237489
|switch|p2a: Ursaluna|Ursaluna, M|100/100
|turn|12
|
|t:|1758237493
|move|p1a: Raging Bolt|Dragon Pulse|p2a: Ursaluna
|-damage|p2a: Ursaluna|38/100
|move|p2a: Ursaluna|Facade|p1a: Raging Bolt
|-damage|p1a: Raging Bolt|0 fnt
|faint|p1a: Raging Bolt
|-end|p1a: Raging Bolt|Protosynthesis|[silent]
|
|-status|p2a: Ursaluna|brn|[from] item: Flame Orb
|upkeep
|
|t:|1758237502
|switch|p1a: Ogerpon|Ogerpon-Wellspring, F|100/100
|-damage|p1a: Ogerpon|88/100|[from] Stealth Rock
|turn|13
|
|t:|1758237506
|move|p1a: Ogerpon|Ivy Cudgel|p2a: Ursaluna|[anim] Ivy Cudgel Water
|-supereffective|p2a: Ursaluna
|-damage|p2a: Ursaluna|0 fnt
|faint|p2a: Ursaluna
|
|upkeep
|
|t:|1758237509
|switch|p2a: Staraptor|Staraptor, M|48/100
|-ability|p2a: Staraptor|Intimidate|boost
|-unboost|p1a: Ogerpon|atk|1
|turn|14
|
|t:|1758237516
|move|p1a: Ogerpon|Ivy Cudgel|p2a: Staraptor|[anim] Ivy Cudgel Water
|-damage|p2a: Staraptor|0 fnt
|faint|p2a: Staraptor
|
|upkeep
|
|t:|1758237519
|switch|p2a: Blissey|Blissey, F|100/100
|turn|15
|
|t:|1758237524
|move|p1a: Ogerpon|Swords Dance|p1a: Ogerpon
|-boost|p1a: Ogerpon|atk|2
|move|p2a: Blissey|Hyper Voice|p1a: Ogerpon
|-damage|p1a: Ogerpon|33/100
|
|upkeep
|turn|16
|
|t:|1758237531
|move|p2a: Blissey|Hyper Voice|p1a: Ogerpon
|-damage|p1a: Ogerpon|0 fnt
|faint|p1a: Ogerpon
|
|upkeep
|
|t:|1758237535
|switch|p1a: Landorus|Landorus-Therian, M|47/100
|-damage|p1a: Landorus|34/100|[from] Stealth Rock
|-ability|p1a: Landorus|Intimidate|boost
|-unboost|p2a: Blissey|atk|1
|turn|17
|
|t:|1758237538
|move|p1a: Landorus|Earthquake|p2a: Blissey
|-enditem|p2a: Blissey|Focus Sash
|-damage|p2a: Blissey|1/100
|replace|p2a: Zoroark|Zoroark-Hisui, M
|-end|p2a: Zoroark|Illusion
|move|p2a: Zoroark|Hyper Voice|p1a: Landorus
|-damage|p1a: Landorus|0 fnt
|faint|p1a: Landorus
|
|upkeep
|
|t:|1758237541
|switch|p1a: Scizor|Scizor, M|100/100
|turn|18
|
|t:|1758237544
|move|p1a: Scizor|Bullet Punch|p2a: Zoroark
|-damage|p2a: Zoroark|0 fnt
|faint|p2a: Zoroark
|
|upkeep
|
|t:|1758237548
|switch|p2a: Blissey|Blissey, F|58/100
|turn|19
|
|t:|1758237556
|move|p1a: Scizor|Knock Off|p2a: Blissey
|-damage|p2a: Blissey|26/100
|-enditem|p2a: Blissey|Leftovers|[from] move: Knock Off|[of] p1a: Scizor
|move|p2a: Blissey|Thunder Wave|p1a: Scizor
|-status|p1a: Scizor|par
|
|upkeep
|turn|20
|
|t:|1758237561
|move|p1a: Scizor|Bullet Punch|p2a: Blissey
|-damage|p2a: Blissey|0 fnt
|faint|p2a: Blissey
|
|upkeep
|
|t:|1758237563
|switch|p2a: Slaking|Slaking, F|100/100
|turn|21
|
|t:|1758237570
|move|p2a: Slaking|Earthquake|p1a: Scizor
|-damage|p1a: Scizor|43/100 par
|move|p1a: Scizor|Knock Off|p2a: Slaking
|-damage|p2a: Slaking|70/100
|-enditem|p2a: Slaking|Choice Band|[from] move: Knock Off|[of] p1a: Scizor
|
|upkeep
|turn|22
|
|t:|1758237577
|cant|p2a: Slaking|ability: Truant
|move|p1a: Scizor|U-turn|p2a: Slaking
|-damage|p2a: Slaking|38/100
|
|t:|1758237581
|switch|p1a: Clefable|Clefable, M|100/100|[from] U-turn
|
|upkeep
|turn|23
|
|t:|1758237585
|move|p2a: Slaking|Giga Impact|p1a: Clefable
|-damage|p1a: Clefable|33/100
|-mustrecharge|p2a: Slaking
|move|p1a: Clefable|Thunder Wave|p2a: Slaking
|-status|p2a: Slaking|par
|
|-heal|p1a: Clefable|40/100|[from] item: Leftovers
|upkeep
|turn|24
|
|t:|1758237588
|cant|p2a: Slaking|recharge
|move|p1a: Clefable|Moonblast|p2a: Slaking
|-damage|p2a: Slaking|5/100 par
|-unboost|p2a: Slaking|spa|1
|
|-heal|p1a: Clefable|46/100|[from] item: Leftovers
|upkeep
|turn|25
|
|t:|1758237593
|move|p2a: Slaking|Double-Edge|p1a: Clefable
|-damage|p1a: Clefable|0 fnt
|faint|p1a: Clefable
|-damage|p2a: Slaking|0 fnt|[from] Recoil
|faint|p2a: Slaking
|
|win|StellarSW
|raw|StellarSW's rating: 1371 &rarr; <strong>1391</strong><br />(+20 for winning)
|raw|FriedAstronauts's rating: 1364 &rarr; <strong>1344</strong><br />(-20 for losing)
|l|☆FriedAstronauts
|player|p2|
|l|☆StellarSW
|player|p1|
