|badge|p1|bronze|gen9doublesou|100-6
|uhtml|medal-msg|<div class="broadcast-blue">Curious what those medals under the avatar are? PS now has Ladder Seasons! For more information, check out the <a href="https://www.smogon.com/forums/threads/3740067/">thread on Smogon.</a></div>
|j|☆MyPokemonRBad12
|j|☆regina george
|inactive|Battle timer is ON: inactive players will automatically lose when time's up.
|t:|1758359079
|gametype|singles
|player|p1|MyPokemonRBad12|170|
|player|p2|regina george|#ruwcviussouth|
|gen|9
|tier|[Gen 9] OU
|rated|Tournament battle
|rule|HP Percentage Mod: HP is shown in percentages
|rule|Endless Battle Clause: Forcing endless battles is banned
|rule|Species Clause: Limit one of each Pokémon
|rule|OHKO Clause: OHKO moves are banned
|rule|Evasion Items Clause: Evasion items are banned
|rule|Evasion Moves Clause: Evasion moves are banned
|rule|Evasion Abilities Clause: Evasion abilities are banned
|rule|Sleep Moves Clause: Sleep-inducing moves are banned
|clearpoke
|poke|p1|Great Tusk|
|poke|p1|Heatran, M|
|poke|p1|Weavile, M|
|poke|p1|Primarina, M|
|poke|p1|Ogerpon, F|
|poke|p1|Pecharunt|
|poke|p2|Ninetales-Alola, M|
|poke|p2|Dondozo, M|
|poke|p2|Iron Treads|
|poke|p2|Kyurem|
|poke|p2|Comfey, M|
|poke|p2|Polteageist|
|teampreview
|j|*Lady Monita ☀
|c|☆MyPokemonRBad12|hf
|j| Albrtix
|j| NU laddering omg
|c|☆regina george|hf
|l| NU laddering omg
|inactive|regina george has 120 seconds left.
|
|t:|1758359111
|teamsize|p1|6
|teamsize|p2|6
|start
|switch|p1a: Chaos|Heatran, M, shiny|100/100
|switch|p2a: Iron Treads|Iron Treads|100/100
|-item|p1a: Chaos|Air Balloon
|-enditem|p2a: Iron Treads|Booster Energy
|-activate|p2a: Iron Treads|ability: Quark Drive|[fromitem]
|-start|p2a: Iron Treads|quarkdrivespe
|turn|1
|
|t:|1758359121
|-end|p2a: Iron Treads|Quark Drive|[silent]
|switch|p2a: Dondozo|Dondozo, M|100/100
|move|p1a: Chaos|Magma Storm|p2a: Dondozo|[miss]
|-miss|p1a: Chaos|p2a: Dondozo
|
|upkeep
|turn|2
|
|t:|1758359127
|switch|p1a: Celestine|Primarina, M, shiny|100/100
|move|p2a: Dondozo|Curse|p2a: Dondozo
|-unboost|p2a: Dondozo|spe|1
|-boost|p2a: Dondozo|atk|1
|-boost|p2a: Dondozo|def|1
|
|upkeep
|turn|3
|
|t:|1758359133
|move|p1a: Celestine|Psychic Noise|p2a: Dondozo
|-resisted|p2a: Dondozo
|-damage|p2a: Dondozo|87/100
|-start|p2a: Dondozo|move: Heal Block
|move|p2a: Dondozo|Wave Crash|p1a: Celestine
|-resisted|p1a: Celestine
|-crit|p1a: Celestine
|-damage|p1a: Celestine|46/100
|-damage|p2a: Dondozo|74/100|[from] Recoil
|
|upkeep
|turn|4
|c|☆MyPokemonRBad12|this is a great start
|
|t:|1758359148
|switch|p2a: Ninetales|Ninetales-Alola, M|100/100
|-weather|Snowscape|[from] ability: Snow Warning|[of] p2a: Ninetales
|move|p1a: Celestine|Moonblast|p2a: Ninetales
|-damage|p2a: Ninetales|52/100
|
|-weather|Snowscape|[upkeep]
|upkeep
|turn|5
|
|t:|1758359156
|move|p2a: Ninetales|Aurora Veil|p2a: Ninetales
|-sidestart|p2: regina george|move: Aurora Veil
|move|p1a: Celestine|Moonblast|p2a: Ninetales
|-damage|p2a: Ninetales|25/100
|
|-weather|Snowscape|[upkeep]
|upkeep
|turn|6
|
|t:|1758359170
|switch|p2a: Iron Treads|Iron Treads|100/100
|move|p1a: Celestine|Flip Turn|p2a: Iron Treads
|-supereffective|p2a: Iron Treads
|-damage|p2a: Iron Treads|88/100
|
|t:|1758359175
|switch|p1a: Chaos|Heatran, M, shiny|100/100|[from] Flip Turn
|-item|p1a: Chaos|Air Balloon
|
|-weather|Snowscape|[upkeep]
|upkeep
|turn|7
|
|t:|1758359184
|move|p2a: Iron Treads|Rapid Spin|p1a: Chaos
|-resisted|p1a: Chaos
|-damage|p1a: Chaos|95/100
|-boost|p2a: Iron Treads|spe|1
|-enditem|p1a: Chaos|Air Balloon
|move|p1a: Chaos|Magma Storm|p2a: Iron Treads|[miss]
|-miss|p1a: Chaos|p2a: Iron Treads
|
|-weather|Snowscape|[upkeep]
|upkeep
|turn|8
|j| greninjaydavid45
|c|☆regina george|mb
|c|☆MyPokemonRBad12|this is so stupid
|
|t:|1758359214
|switch|p1a: Celestine|Primarina, M, shiny|46/100
|move|p2a: Iron Treads|Stealth Rock|p1a: Celestine
|-sidestart|p1: MyPokemonRBad12|move: Stealth Rock
|
|-weather|none
|upkeep
|turn|9
|c|☆MyPokemonRBad12|but ig thats magma storm
|inactive|regina george has 120 seconds left.
|
|t:|1758359247
|-end|p2a: Iron Treads|Quark Drive|[silent]
|switch|p2a: Kyurem|Kyurem|100/100
|-ability|p2a: Kyurem|Pressure
|move|p1a: Celestine|Psychic Noise|p2a: Kyurem
|-resisted|p2a: Kyurem
|-damage|p2a: Kyurem|91/100
|-start|p2a: Kyurem|move: Heal Block
|
|upkeep
|turn|10
|inactive|regina george has 120 seconds left.
|c|☆MyPokemonRBad12|6% is common in mons lol
|
|t:|1758359268
|-terastallize|p2a: Kyurem|Ice
|move|p2a: Kyurem|Dragon Dance|p2a: Kyurem
|-boost|p2a: Kyurem|atk|1
|-boost|p2a: Kyurem|spe|1
|move|p1a: Celestine|Flip Turn|p2a: Kyurem
|-damage|p2a: Kyurem|84/100
|
|t:|1758359272
|switch|p1a: Overseer|Pecharunt|100/100|[from] Flip Turn
|-damage|p1a: Overseer|88/100|[from] Stealth Rock
|
|-end|p2a: Kyurem|move: Heal Block
|upkeep
|turn|11
|inactive|regina george has 120 seconds left.
|
|t:|1758359281
|move|p2a: Kyurem|Earth Power|p1a: Overseer
|-supereffective|p1a: Overseer
|-damage|p1a: Overseer|31/100
|-unboost|p1a: Overseer|spd|1
|move|p1a: Overseer|Parting Shot|p2a: Kyurem
|-unboost|p2a: Kyurem|atk|1
|-unboost|p2a: Kyurem|spa|1
|
|t:|1758359292
|switch|p1a: Celestine|Primarina, M, shiny|46/100|[from] Parting Shot
|-damage|p1a: Celestine|34/100|[from] Stealth Rock
|
|upkeep
|turn|12
|inactive|regina george has 120 seconds left.
|
|t:|1758359309
|move|p2a: Kyurem|Dragon Dance|p2a: Kyurem
|-boost|p2a: Kyurem|atk|1
|-boost|p2a: Kyurem|spe|1
|move|p1a: Celestine|Psychic Noise|p2a: Kyurem
|-damage|p2a: Kyurem|63/100
|-start|p2a: Kyurem|move: Heal Block
|
|-sideend|p2: regina george|move: Aurora Veil
|upkeep
|turn|13
|
|t:|1758359318
|move|p2a: Kyurem|Icicle Spear|p1a: Celestine
|-resisted|p1a: Celestine
|-damage|p1a: Celestine|15/100
|-resisted|p1a: Celestine
|-damage|p1a: Celestine|0 fnt
|faint|p1a: Celestine
|-hitcount|p1: Celestine|2
|
|-end|p2a: Kyurem|move: Heal Block
|upkeep
|
|t:|1758359326
|switch|p1a: Chaos|Heatran, M, shiny|95/100
|-damage|p1a: Chaos|83/100|[from] Stealth Rock
|turn|14
|inactive|regina george has 120 seconds left.
|
|t:|1758359363
|move|p2a: Kyurem|Icicle Spear|p1a: Chaos
|-resisted|p1a: Chaos
|-damage|p1a: Chaos|76/100
|-resisted|p1a: Chaos
|-damage|p1a: Chaos|68/100
|-resisted|p1a: Chaos
|-damage|p1a: Chaos|61/100
|-resisted|p1a: Chaos
|-crit|p1a: Chaos
|-damage|p1a: Chaos|50/100
|-hitcount|p1a: Chaos|4
|move|p1a: Chaos|Magma Storm|p2a: Kyurem
|-supereffective|p2a: Kyurem
|-damage|p2a: Kyurem|0 fnt
|faint|p2a: Kyurem
|
|upkeep
|
|t:|1758359370
|switch|p2a: Iron Treads|Iron Treads|88/100
|turn|15
|c|☆MyPokemonRBad12|alr if heatran didnt hit that i was gonna be pissed
|
|t:|1758359381
|-terastallize|p1a: Chaos|Fairy
|move|p2a: Iron Treads|Earth Power|p1a: Chaos
|-damage|p1a: Chaos|21/100
|move|p1a: Chaos|Magma Storm|p2a: Iron Treads|[miss]
|-miss|p1a: Chaos|p2a: Iron Treads
|
|upkeep
|turn|16
|c|☆MyPokemonRBad12|bruh
|c|☆regina george|LOL
|c|☆regina george|rjknrkgjnrg
|
|t:|1758359393
|move|p2a: Iron Treads|Earth Power|p1a: Chaos
|-damage|p1a: Chaos|0 fnt
|faint|p1a: Chaos
|
|upkeep
|
|t:|1758359397
|switch|p1a: Anonymous|Ogerpon, F|100/100
|-damage|p1a: Anonymous|88/100|[from] Stealth Rock
|turn|17
|c|☆MyPokemonRBad12|wth heatran
|c|☆regina george|why is heatran so gooood
|inactive|regina george has 120 seconds left.
|c|☆MyPokemonRBad12|yea frr
|c|☆regina george|this mon too
|c|☆MyPokemonRBad12|true goattt
|
|t:|1758359431
|move|p1a: Anonymous|Ivy Cudgel|p2a: Iron Treads
|-damage|p2a: Iron Treads|19/100
|move|p2a: Iron Treads|Steel Beam|p1a: Anonymous|[miss]
|-miss|p2a: Iron Treads|p1a: Anonymous
|-damage|p2a: Iron Treads|0 fnt|[from] steelbeam
|faint|p2a: Iron Treads
|-end|p2a: Iron Treads|Quark Drive|[silent]
|
|upkeep
|c|☆MyPokemonRBad12|ah
|c|☆regina george|vengeance
|inactive|regina george has 90 seconds left.
|c|☆MyPokemonRBad12|fr lol
|
|t:|1758359452
|switch|p2a: Polteageist|Polteageist|100/100
|turn|18
|inactive|regina george has 90 seconds left.
|
|t:|1758359468
|move|p1a: Anonymous|Ivy Cudgel|p2a: Polteageist
|-damage|p2a: Polteageist|18/100
|move|p2a: Polteageist|Shell Smash|p2a: Polteageist
|-unboost|p2a: Polteageist|def|1
|-unboost|p2a: Polteageist|spd|1
|-boost|p2a: Polteageist|atk|2
|-boost|p2a: Polteageist|spa|2
|-boost|p2a: Polteageist|spe|2
|-enditem|p2a: Polteageist|White Herb
|-clearnegativeboost|p2a: Polteageist|[silent]
|
|upkeep
|turn|19
|
|t:|1758359472
|switch|p1a: Overseer|Pecharunt|31/100
|-damage|p1a: Overseer|18/100|[from] Stealth Rock
|move|p2a: Polteageist|Strength Sap|p1a: Overseer
|-unboost|p1a: Overseer|atk|1
|-heal|p2a: Polteageist|68/100
|
|upkeep
|turn|20
|
|t:|1758359480
|move|p2a: Polteageist|Shadow Ball|p1a: Overseer
|-supereffective|p1a: Overseer
|-damage|p1a: Overseer|0 fnt
|faint|p1a: Overseer
|
|upkeep
|
|t:|1758359494
|switch|p1a: Bandit|Weavile, M, shiny|100/100
|-damage|p1a: Bandit|76/100|[from] Stealth Rock
|-ability|p1a: Bandit|Pressure
|turn|21
|
|t:|1758359502
|move|p1a: Bandit|Ice Shard|p2a: Polteageist
|-damage|p2a: Polteageist|34/100
|-start|p1a: Bandit|Disable|Ice Shard|[from] ability: Cursed Body|[of] p2a: Polteageist
|move|p2a: Polteageist|Strength Sap|p1a: Bandit
|-unboost|p1a: Bandit|atk|1
|-heal|p2a: Polteageist|100/100
|
|upkeep
|turn|22
|c|☆MyPokemonRBad12|...
|c|☆MyPokemonRBad12|alr i quit
|c|☆regina george|in
|c|☆MyPokemonRBad12|i cant win this anyway tho after heatran's showoff
|inactive|MyPokemonRBad12 has 120 seconds left.
|
|t:|1758359534
|move|p2a: Polteageist|Tera Blast|p1a: Bandit
|-damage|p1a: Bandit|7/100
|-activate|p1a: Bandit|move: Struggle
|move|p1a: Bandit|Struggle|p2a: Polteageist
|-damage|p2a: Polteageist|82/100
|-damage|p1a: Bandit|0 fnt|[from] recoil
|faint|p1a: Bandit
|
|upkeep
|inactive|MyPokemonRBad12 has 120 seconds left.
|
|t:|1758359540
|switch|p1a: Behemoth|Great Tusk, shiny|100/100
|turn|23
|inactive|regina george has 120 seconds left.
|
|t:|1758359551
|move|p2a: Polteageist|Strength Sap|p1a: Behemoth
|-unboost|p1a: Behemoth|atk|1
|-heal|p2a: Polteageist|100/100
|move|p1a: Behemoth|Headlong Rush|p2a: Polteageist
|-damage|p2a: Polteageist|54/100
|-unboost|p1a: Behemoth|def|1
|-unboost|p1a: Behemoth|spd|1
|-start|p1a: Behemoth|Disable|Headlong Rush|[from] ability: Cursed Body|[of] p2a: Polteageist
|
|upkeep
|turn|24
|
|t:|1758359558
|move|p2a: Polteageist|Shadow Ball|p1a: Behemoth
|-damage|p1a: Behemoth|0 fnt
|faint|p1a: Behemoth
|-end|p1a: Behemoth|Protosynthesis|[silent]
|
|upkeep
|
|t:|1758359563
|switch|p1a: Anonymous|Ogerpon, F|88/100
|-damage|p1a: Anonymous|76/100|[from] Stealth Rock
|turn|25
|
|t:|1758359567
|move|p2a: Polteageist|Shadow Ball|p1a: Anonymous
|-damage|p1a: Anonymous|0 fnt
|faint|p1a: Anonymous
|
|win|regina george
|n|☆MyPokemonRBad12|mypokemonrbad12
|n|☆regina george|reginageorge
|n|*Lady Monita ☀|ladymonita
|n| Albrtix|albrtix
|n| greninjaydavid45|greninjaydavid45
|l|*Lady Monita ☀
|l| greninjaydavid45
|l|☆regina george
|player|p2|
|l|☆MyPokemonRBad12
|player|p1|
