|j|☆Duckular
|j|☆V. Al Sorna
|t:|1758323242
|gametype|singles
|player|p1|Duckular|2|1162
|player|p2|V. Al Sorna|266|1177
|gen|9
|tier|[Gen 9] OU
|rated|
|rule|HP Percentage Mod: HP is shown in percentages
|rule|Endless Battle Clause: Forcing endless battles is banned
|rule|Species Clause: Limit one of each Pokémon
|rule|OHKO Clause: OHKO moves are banned
|rule|Evasion Items Clause: Evasion items are banned
|rule|Evasion Moves Clause: Evasion moves are banned
|rule|Evasion Abilities Clause: Evasion abilities are banned
|rule|Sleep Moves Clause: Sleep-inducing moves are banned
|clearpoke
|poke|p1|Quaquaval, M|
|poke|p1|Clodsire, F|
|poke|p1|Whimsicott, M|
|poke|p1|Delibird, M|
|poke|p1|Sudowoodo, F|
|poke|p1|Bellibolt, M|
|poke|p2|Zapdos|
|poke|p2|Ceruledge, F|
|poke|p2|Araquanid, M|
|poke|p2|Glimmora, M|
|poke|p2|Cinderace, F|
|poke|p2|Gliscor, M|
|teampreview
|inactive|Battle timer is ON: inactive players will automatically lose when time's up. (requested by V. Al Sorna)
|l|☆Duckular
|inactive|Duckular disconnected and has a minute to reconnect!
|player|p1|
|j|☆Duckular
|inactive|Duckular reconnected and has 140 seconds left.
|player|p1|Duckular|2|
|
|t:|1758323259
|teamsize|p1|6
|teamsize|p2|6
|start
|switch|p1a: CALA|Whimsicott, M|100/100
|switch|p2a: Araquanid|Araquanid, M|100/100
|-item|p1a: CALA|Air Balloon
|turn|1
|
|t:|1758323266
|move|p1a: CALA|Taunt|p2a: Araquanid
|-start|p2a: Araquanid|move: Taunt
|-enditem|p2a: Araquanid|Mental Herb
|-end|p2a: Araquanid|move: Taunt
|move|p2a: Araquanid|Sticky Web|p1a: CALA
|-sidestart|p1: Duckular|move: Sticky Web
|
|upkeep
|turn|2
|
|t:|1758323272
|move|p1a: CALA|Tailwind|p1a: CALA
|-sidestart|p1: Duckular|move: Tailwind
|move|p2a: Araquanid|Ice Beam|p1a: CALA
|-supereffective|p1a: CALA
|-damage|p1a: CALA|50/100
|-enditem|p1a: CALA|Air Balloon
|
|upkeep
|turn|3
|
|t:|1758323277
|move|p1a: CALA|Encore|p2a: Araquanid
|-start|p2a: Araquanid|Encore
|move|p2a: Araquanid|Ice Beam|p1a: CALA
|-supereffective|p1a: CALA
|-damage|p1a: CALA|2/100
|
|upkeep
|turn|4
|
|t:|1758323282
|move|p1a: CALA|U-turn|p2a: Araquanid
|-damage|p2a: Araquanid|89/100
|
|t:|1758323287
|switch|p1a: DUCKULAR|Quaquaval, M|100/100|[from] U-turn
|-activate|p1a: DUCKULAR|move: Sticky Web
|-unboost|p1a: DUCKULAR|spe|1
|move|p2a: Araquanid|Ice Beam|p1a: DUCKULAR
|-resisted|p1a: DUCKULAR
|-damage|p1a: DUCKULAR|87/100
|
|upkeep
|turn|5
|
|t:|1758323292
|switch|p2a: Zapdos|Zapdos|100/100
|move|p1a: DUCKULAR|U-turn|p2a: Zapdos
|-resisted|p2a: Zapdos
|-damage|p2a: Zapdos|92/100
|
|t:|1758323295
|switch|p1a: TREE|Sudowoodo, F|100/100|[from] U-turn
|-activate|p1a: TREE|move: Sticky Web
|-unboost|p1a: TREE|spe|1
|
|-heal|p2a: Zapdos|98/100|[from] item: Leftovers
|-sideend|p1: Duckular|move: Tailwind
|upkeep
|turn|6
|
|t:|1758323304
|switch|p2a: Gliscor|Gliscor, M|100/100
|move|p1a: TREE|Meteor Beam||[still]
|-prepare|p1a: TREE|Meteor Beam
|-boost|p1a: TREE|spa|1
|-enditem|p1a: TREE|Power Herb
|-anim|p1a: TREE|Meteor Beam|p2a: Gliscor
|-damage|p2a: Gliscor|59/100
|
|-status|p2a: Gliscor|tox|[from] item: Toxic Orb
|upkeep
|turn|7
|
|t:|1758323316
|-terastallize|p1a: TREE|Ice
|move|p2a: Gliscor|Swords Dance|p2a: Gliscor
|-boost|p2a: Gliscor|atk|2
|move|p1a: TREE|Tera Blast|p2a: Gliscor|[anim] Tera Blast Ice
|-supereffective|p2a: Gliscor
|-damage|p2a: Gliscor|0 fnt
|faint|p2a: Gliscor
|
|upkeep
|c|☆Duckular|Jeepers
|
|t:|1758323326
|switch|p2a: Ceruledge|Ceruledge, F|100/100
|turn|8
|
|t:|1758323329
|move|p2a: Ceruledge|Swords Dance|p2a: Ceruledge
|-boost|p2a: Ceruledge|atk|2
|move|p1a: TREE|Earth Power|p2a: Ceruledge
|-supereffective|p2a: Ceruledge
|-damage|p2a: Ceruledge|47/100
|
|upkeep
|turn|9
|
|t:|1758323339
|switch|p1a: CALA|Whimsicott, M|2/100
|-activate|p1a: CALA|move: Sticky Web
|-unboost|p1a: CALA|spe|1
|move|p2a: Ceruledge|Bitter Blade|p1a: CALA
|-supereffective|p1a: CALA
|-damage|p1a: CALA|0 fnt
|-heal|p2a: Ceruledge|48/100|[from] drain|[of] p1a: CALA
|faint|p1a: CALA
|
|upkeep
|j| aquiIo
|
|t:|1758323344
|switch|p1a: DUCKULAR|Quaquaval, M|87/100
|-activate|p1a: DUCKULAR|move: Sticky Web
|-unboost|p1a: DUCKULAR|spe|1
|turn|10
|
|t:|1758323352
|move|p1a: DUCKULAR|Aqua Jet|p2a: Ceruledge
|-supereffective|p2a: Ceruledge
|-damage|p2a: Ceruledge|0 fnt
|faint|p2a: Ceruledge
|
|upkeep
|c| aquiIo|yo uh duckular
|
|t:|1758323359
|switch|p2a: Zapdos|Zapdos|98/100
|turn|11
|c| aquiIo|tree got banned
|
|t:|1758323362
|switch|p1a: SIRE CLOD|Clodsire, F|100/100
|-activate|p1a: SIRE CLOD|move: Sticky Web
|-unboost|p1a: SIRE CLOD|spe|1
|move|p2a: Zapdos|Hurricane|p1a: SIRE CLOD|[miss]
|-miss|p2a: Zapdos|p1a: SIRE CLOD
|
|-heal|p2a: Zapdos|100/100|[from] item: Leftovers
|upkeep
|turn|12
|
|t:|1758323372
|switch|p2a: Glimmora|Glimmora, M|100/100
|move|p1a: SIRE CLOD|Gunk Shot|p2a: Glimmora
|-resisted|p2a: Glimmora
|-damage|p2a: Glimmora|83/100
|-activate|p2a: Glimmora|ability: Toxic Debris
|-sidestart|p1: Duckular|move: Toxic Spikes
|-damage|p1a: SIRE CLOD|91/100|[from] item: Life Orb
|
|upkeep
|turn|13
|
|t:|1758323378
|move|p2a: Glimmora|Stealth Rock|p1a: SIRE CLOD
|-sidestart|p1: Duckular|move: Stealth Rock
|move|p1a: SIRE CLOD|Earthquake|p2a: Glimmora
|-supereffective|p2a: Glimmora
|-damage|p2a: Glimmora|0 fnt
|-activate|p2a: Glimmora|ability: Toxic Debris
|-sidestart|p1: Duckular|move: Toxic Spikes
|faint|p2a: Glimmora
|-damage|p1a: SIRE CLOD|81/100|[from] item: Life Orb
|
|upkeep
|c| aquiIo|😭
|
|t:|1758323386
|switch|p2a: Araquanid|Araquanid, M|89/100
|turn|14
|
|t:|1758323392
|switch|p1a: TREE|Sudowoodo, F, tera:Ice|100/100
|-activate|p1a: TREE|move: Sticky Web
|-unboost|p1a: TREE|spe|1
|-status|p1a: TREE|tox
|-damage|p1a: TREE|76/100 tox|[from] Stealth Rock
|move|p2a: Araquanid|Surf|p1a: TREE
|-damage|p1a: TREE|0 fnt
|faint|p1a: TREE
|
|upkeep
|
|t:|1758323394
|switch|p1a: DELIBIRD HEART|Delibird, M|100/100
|-damage|p1a: DELIBIRD HEART|51/100|[from] Stealth Rock
|turn|15
|c| aquiIo|u might want to change ts 🥀
|
|t:|1758323397
|move|p1a: DELIBIRD HEART|Rapid Spin|p2a: Araquanid
|-damage|p2a: Araquanid|82/100
|-boost|p1a: DELIBIRD HEART|spe|1
|-sideend|p1: Duckular|Toxic Spikes|[from] move: Rapid Spin|[of] p1a: DELIBIRD HEART
|-sideend|p1: Duckular|Stealth Rock|[from] move: Rapid Spin|[of] p1a: DELIBIRD HEART
|-sideend|p1: Duckular|Sticky Web|[from] move: Rapid Spin|[of] p1a: DELIBIRD HEART
|move|p2a: Araquanid|Surf|p1a: DELIBIRD HEART
|-damage|p1a: DELIBIRD HEART|0 fnt
|faint|p1a: DELIBIRD HEART
|
|upkeep
|
|t:|1758323399
|switch|p1a: SPOOK|Bellibolt, M|100/100
|turn|16
|
|t:|1758323404
|switch|p2a: Zapdos|Zapdos|100/100
|move|p1a: SPOOK|Volt Switch|p2a: Zapdos
|-damage|p2a: Zapdos|68/100
|
|t:|1758323411
|switch|p1a: SIRE CLOD|Clodsire, F|81/100|[from] Volt Switch
|
|-heal|p2a: Zapdos|74/100|[from] item: Leftovers
|upkeep
|turn|17
|
|t:|1758323415
|move|p2a: Zapdos|Hurricane|p1a: SIRE CLOD|[miss]
|-miss|p2a: Zapdos|p1a: SIRE CLOD
|move|p1a: SIRE CLOD|Gunk Shot|p2a: Zapdos
|-damage|p2a: Zapdos|32/100
|-damage|p1a: SIRE CLOD|71/100|[from] item: Life Orb
|
|-heal|p2a: Zapdos|38/100|[from] item: Leftovers
|upkeep
|turn|18
|c|☆Duckular|Yo why is this also winning
|c|☆Duckular|holy
|
|t:|1758323428
|move|p2a: Zapdos|Roost|p2a: Zapdos
|-heal|p2a: Zapdos|88/100
|-singleturn|p2a: Zapdos|move: Roost
|move|p1a: SIRE CLOD|Gunk Shot|p2a: Zapdos
|-damage|p2a: Zapdos|45/100
|-damage|p1a: SIRE CLOD|61/100|[from] item: Life Orb
|
|-heal|p2a: Zapdos|51/100|[from] item: Leftovers
|upkeep
|turn|19
|
|t:|1758323431
|switch|p2a: Araquanid|Araquanid, M|82/100
|move|p1a: SIRE CLOD|Earthquake|p2a: Araquanid
|-resisted|p2a: Araquanid
|-damage|p2a: Araquanid|59/100
|-damage|p1a: SIRE CLOD|51/100|[from] item: Life Orb
|
|upkeep
|turn|20
|
|t:|1758323437
|switch|p1a: DUCKULAR|Quaquaval, M|87/100
|move|p2a: Araquanid|Surf|p1a: DUCKULAR
|-resisted|p1a: DUCKULAR
|-damage|p1a: DUCKULAR|49/100
|
|upkeep
|turn|21
|c| aquiIo|duckular i sent u a paste
|c| aquiIo|that u can always lose w
|
|t:|1758323464
|-terastallize|p2a: Araquanid|Water
|move|p1a: DUCKULAR|U-turn|p2a: Araquanid
|-damage|p2a: Araquanid|36/100
|
|t:|1758323474
|switch|p1a: SPOOK|Bellibolt, M|100/100|[from] U-turn
|move|p2a: Araquanid|Surf|p1a: SPOOK
|-damage|p1a: SPOOK|57/100
|-start|p1a: SPOOK|Charge|Surf|[from] ability: Electromorphosis
|
|upkeep
|turn|22
|c|☆Duckular|Aight bet
|
|t:|1758323486
|move|p1a: SPOOK|Volt Switch|p2a: Araquanid
|-supereffective|p2a: Araquanid
|-damage|p2a: Araquanid|0 fnt
|faint|p2a: Araquanid
|-end|p1a: SPOOK|Charge|[silent]
|
|t:|1758323489
|switch|p1a: SIRE CLOD|Clodsire, F|51/100|[from] Volt Switch
|
|upkeep
|
|t:|1758323494
|switch|p2a: Zapdos|Zapdos|51/100
|turn|23
|
|t:|1758323496
|move|p2a: Zapdos|Roost|p2a: Zapdos
|-heal|p2a: Zapdos|100/100
|-singleturn|p2a: Zapdos|move: Roost
|move|p1a: SIRE CLOD|Gunk Shot|p2a: Zapdos
|-damage|p2a: Zapdos|57/100
|-damage|p1a: SIRE CLOD|41/100|[from] item: Life Orb
|
|-heal|p2a: Zapdos|63/100|[from] item: Leftovers
|upkeep
|turn|24
|
|t:|1758323501
|move|p2a: Zapdos|Hurricane|p1a: SIRE CLOD
|-damage|p1a: SIRE CLOD|3/100
|move|p1a: SIRE CLOD|Earthquake|p2a: Zapdos
|-immune|p2a: Zapdos
|
|-heal|p2a: Zapdos|69/100|[from] item: Leftovers
|upkeep
|turn|25
|j| calaaa!!!
|
|t:|1758323508
|move|p2a: Zapdos|Ancient Power|p1a: SIRE CLOD
|-resisted|p1a: SIRE CLOD
|-damage|p1a: SIRE CLOD|0 fnt
|faint|p1a: SIRE CLOD
|
|-heal|p2a: Zapdos|75/100|[from] item: Leftovers
|upkeep
|
|t:|1758323511
|switch|p1a: SPOOK|Bellibolt, M|57/100
|turn|26
|c| aquiIo|#outplayed
|
|t:|1758323516
|move|p2a: Zapdos|Roost|p2a: Zapdos
|-heal|p2a: Zapdos|100/100
|-singleturn|p2a: Zapdos|move: Roost
|move|p1a: SPOOK|Parabolic Charge|p2a: Zapdos
|-resisted|p2a: Zapdos
|-damage|p2a: Zapdos|85/100
|-heal|p1a: SPOOK|64/100|[from] drain|[of] p2a: Zapdos
|
|-heal|p2a: Zapdos|91/100|[from] item: Leftovers
|upkeep
|turn|27
|
|t:|1758323521
|move|p2a: Zapdos|Hurricane|p1a: SPOOK
|-resisted|p1a: SPOOK
|-damage|p1a: SPOOK|50/100
|-start|p1a: SPOOK|Charge|Hurricane|[from] ability: Electromorphosis
|move|p1a: SPOOK|Parabolic Charge|p2a: Zapdos
|-damage|p2a: Zapdos|33/100
|-heal|p1a: SPOOK|77/100|[from] drain|[of] p2a: Zapdos
|-end|p1a: SPOOK|Charge|[silent]
|
|-heal|p2a: Zapdos|39/100|[from] item: Leftovers
|upkeep
|turn|28
|
|t:|1758323527
|move|p2a: Zapdos|Roost|p2a: Zapdos
|-heal|p2a: Zapdos|89/100
|-singleturn|p2a: Zapdos|move: Roost
|move|p1a: SPOOK|Muddy Water|p2a: Zapdos|[miss]
|-miss|p1a: SPOOK|p2a: Zapdos
|
|-heal|p2a: Zapdos|95/100|[from] item: Leftovers
|upkeep
|turn|29
|c| calaaa!!!|fraud ass move
|
|t:|1758323541
|move|p2a: Zapdos|Ancient Power|p1a: SPOOK
|-damage|p1a: SPOOK|66/100
|-start|p1a: SPOOK|Charge|Ancient Power|[from] ability: Electromorphosis
|move|p1a: SPOOK|Parabolic Charge|p2a: Zapdos
|-damage|p2a: Zapdos|28/100
|-heal|p1a: SPOOK|96/100|[from] drain|[of] p2a: Zapdos
|-end|p1a: SPOOK|Charge|[silent]
|
|-heal|p2a: Zapdos|34/100|[from] item: Leftovers
|upkeep
|turn|30
|c| aquiIo|ong
|
|t:|1758323550
|move|p2a: Zapdos|Roost|p2a: Zapdos
|-heal|p2a: Zapdos|84/100
|-singleturn|p2a: Zapdos|move: Roost
|move|p1a: SPOOK|Muddy Water|p2a: Zapdos
|-damage|p2a: Zapdos|55/100
|
|-heal|p2a: Zapdos|61/100|[from] item: Leftovers
|upkeep
|turn|31
|c|☆Duckular|Figgity facts
|
|t:|1758323559
|move|p2a: Zapdos|Hurricane|p1a: SPOOK
|-resisted|p1a: SPOOK
|-damage|p1a: SPOOK|82/100
|-start|p1a: SPOOK|Charge|Hurricane|[from] ability: Electromorphosis
|move|p1a: SPOOK|Parabolic Charge|p2a: Zapdos
|-damage|p2a: Zapdos|3/100
|-heal|p1a: SPOOK|100/100|[from] drain|[of] p2a: Zapdos
|-end|p1a: SPOOK|Charge|[silent]
|
|-heal|p2a: Zapdos|9/100|[from] item: Leftovers
|upkeep
|turn|32
|
|t:|1758323564
|move|p2a: Zapdos|Roost|p2a: Zapdos
|-heal|p2a: Zapdos|59/100
|-singleturn|p2a: Zapdos|move: Roost
|move|p1a: SPOOK|Muddy Water|p2a: Zapdos
|-crit|p2a: Zapdos
|-damage|p2a: Zapdos|16/100
|
|-heal|p2a: Zapdos|22/100|[from] item: Leftovers
|upkeep
|turn|33
|
|t:|1758323566
|move|p2a: Zapdos|Roost|p2a: Zapdos
|-heal|p2a: Zapdos|72/100
|-singleturn|p2a: Zapdos|move: Roost
|move|p1a: SPOOK|Muddy Water|p2a: Zapdos
|-crit|p2a: Zapdos
|-damage|p2a: Zapdos|27/100
|
|-heal|p2a: Zapdos|33/100|[from] item: Leftovers
|upkeep
|turn|34
|
|t:|1758323574
|move|p2a: Zapdos|Ancient Power|p1a: SPOOK
|-damage|p1a: SPOOK|89/100
|-start|p1a: SPOOK|Charge|Ancient Power|[from] ability: Electromorphosis
|move|p1a: SPOOK|Muddy Water|p2a: Zapdos
|-damage|p2a: Zapdos|7/100
|
|-heal|p2a: Zapdos|13/100|[from] item: Leftovers
|upkeep
|turn|35
|
|t:|1758323580
|move|p2a: Zapdos|Roost|p2a: Zapdos
|-heal|p2a: Zapdos|63/100
|-singleturn|p2a: Zapdos|move: Roost
|move|p1a: SPOOK|Muddy Water|p2a: Zapdos
|-damage|p2a: Zapdos|34/100
|
|-heal|p2a: Zapdos|40/100|[from] item: Leftovers
|upkeep
|turn|36
|
|t:|1758323588
|move|p2a: Zapdos|Ancient Power|p1a: SPOOK
|-damage|p1a: SPOOK|78/100
|-start|p1a: SPOOK|Charge|Ancient Power|[from] ability: Electromorphosis
|move|p1a: SPOOK|Parabolic Charge|p2a: Zapdos
|-damage|p2a: Zapdos|0 fnt
|-heal|p1a: SPOOK|96/100|[from] drain|[of] p2a: Zapdos
|faint|p2a: Zapdos
|-end|p1a: SPOOK|Charge|[silent]
|
|upkeep
|
|t:|1758323594
|switch|p2a: Cinderace|Cinderace, F|100/100
|turn|37
|
|t:|1758323601
|move|p2a: Cinderace|Pyro Ball|p1a: SPOOK
|-damage|p1a: SPOOK|46/100
|-start|p1a: SPOOK|Charge|Pyro Ball|[from] ability: Electromorphosis
|move|p1a: SPOOK|Volt Switch|p2a: Cinderace
|-damage|p2a: Cinderace|8/100
|-end|p1a: SPOOK|Charge|[silent]
|
|t:|1758323604
|switch|p1a: DUCKULAR|Quaquaval, M|49/100|[from] Volt Switch
|
|upkeep
|turn|38
|c|☆Duckular|Okay so
|c|☆Duckular|imma forfeit
|c| aquiIo|lol
|c|☆Duckular|but u did lose
|c| aquiIo|xd
|c|☆Duckular|learning experience or smth idk
|-message|Duckular forfeited.
|
|win|V. Al Sorna
|raw|Duckular's rating: 1162 &rarr; <strong>1138</strong><br />(-24 for losing)
|raw|V. Al Sorna's rating: 1177 &rarr; <strong>1201</strong><br />(+24 for winning)
|c|☆Duckular|Gg
|l| aquiIo
|c|☆Duckular|holy shit only 32 elo?
|l| calaaa!!!
|l|☆Duckular
|player|p1|
|l|☆V. Al Sorna
|player|p2|
