|j|☆HappyMaushold
|j|☆chaintrainalt
|t:|1758341055
|gametype|singles
|player|p1|HappyMaushold|cynthia|1283
|player|p2|chaintrainalt|cyclistf|1299
|gen|9
|tier|[Gen 9] OU
|rated|
|rule|HP Percentage Mod: HP is shown in percentages
|rule|Endless Battle Clause: Forcing endless battles is banned
|rule|Species Clause: Limit one of each Pokémon
|rule|OHKO Clause: OHKO moves are banned
|rule|Evasion Items Clause: Evasion items are banned
|rule|Evasion Moves Clause: Evasion moves are banned
|rule|Evasion Abilities Clause: Evasion abilities are banned
|rule|Sleep Moves Clause: Sleep-inducing moves are banned
|clearpoke
|poke|p1|Leafeon, F|
|poke|p1|Torkoal, F|
|poke|p1|Latias, F|
|poke|p1|Great Tusk|
|poke|p1|Delphox, F|
|poke|p1|Walking Wake|
|poke|p2|Ribombee, M|
|poke|p2|Iron Moth|
|poke|p2|Gholdengo|
|poke|p2|Latios, M|
|poke|p2|Garchomp, F|
|poke|p2|Iron Valiant|
|teampreview
|inactive|Battle timer is ON: inactive players will automatically lose when time's up. (requested by chaintrainalt)
|
|t:|1758341060
|teamsize|p1|6
|teamsize|p2|6
|start
|switch|p1a: Groodon|Torkoal, F|100/100
|switch|p2a: Ribombee|Ribombee, M|100/100
|-weather|SunnyDay|[from] ability: Drought|[of] p1a: Groodon
|turn|1
|
|t:|1758341066
|move|p2a: Ribombee|Sticky Web|p1a: Groodon
|-sidestart|p1: HappyMaushold|move: Sticky Web
|move|p1a: Groodon|Lava Plume|p2a: Ribombee
|-supereffective|p2a: Ribombee
|-enditem|p2a: Ribombee|Focus Sash
|-damage|p2a: Ribombee|1/100
|
|-weather|SunnyDay|[upkeep]
|upkeep
|turn|2
|
|t:|1758341077
|-terastallize|p2a: Ribombee|Ghost
|move|p2a: Ribombee|Moonblast|p1a: Groodon
|-resisted|p1a: Groodon
|-damage|p1a: Groodon|83/100
|move|p1a: Groodon|Rapid Spin|p2a: Ribombee
|-immune|p2a: Ribombee
|
|-weather|SunnyDay|[upkeep]
|upkeep
|turn|3
|
|t:|1758341084
|move|p2a: Ribombee|Moonblast|p1a: Groodon
|-resisted|p1a: Groodon
|-damage|p1a: Groodon|66/100
|-unboost|p1a: Groodon|spa|1
|move|p1a: Groodon|Lava Plume|p2a: Ribombee
|-damage|p2a: Ribombee|0 fnt
|faint|p2a: Ribombee
|
|-weather|SunnyDay|[upkeep]
|upkeep
|inactive|chaintrainalt has 120 seconds left.
|
|t:|1758341116
|switch|p2a: Latios|Latios, M|100/100
|turn|4
|
|t:|1758341120
|switch|p1a: Delphox|Delphox, F|100/100
|-activate|p1a: Delphox|move: Sticky Web
|-unboost|p1a: Delphox|spe|1
|move|p2a: Latios|Luster Purge|p1a: Delphox
|-resisted|p1a: Delphox
|-damage|p1a: Delphox|76/100
|-enditem|p1a: Delphox|Eject Button
|
|t:|1758341127
|switch|p1a: Latias|Latias, F|100/100
|
|-weather|SunnyDay|[upkeep]
|upkeep
|turn|5
|
|t:|1758341134
|move|p1a: Latias|Ice Beam|p2a: Latios
|-supereffective|p2a: Latios
|-damage|p2a: Latios|35/100
|move|p2a: Latios|Calm Mind|p2a: Latios
|-boost|p2a: Latios|spa|1
|-boost|p2a: Latios|spd|1
|
|-weather|SunnyDay|[upkeep]
|upkeep
|turn|6
|
|t:|1758341142
|-terastallize|p1a: Latias|Electric
|move|p1a: Latias|Ice Beam|p2a: Latios
|-supereffective|p2a: Latios
|-damage|p2a: Latios|0 fnt
|faint|p2a: Latios
|
|-weather|SunnyDay|[upkeep]
|upkeep
|
|t:|1758341152
|switch|p2a: Iron Moth|Iron Moth|100/100
|-enditem|p2a: Iron Moth|Booster Energy
|-activate|p2a: Iron Moth|ability: Quark Drive|[fromitem]
|-start|p2a: Iron Moth|quarkdrivespa
|turn|7
|c|☆HappyMaushold|unlucky or slow?
|
|t:|1758341159
|move|p1a: Latias|Mist Ball|p2a: Iron Moth
|-supereffective|p2a: Iron Moth
|-damage|p2a: Iron Moth|0 fnt
|faint|p2a: Iron Moth
|-end|p2a: Iron Moth|Quark Drive|[silent]
|
|-weather|SunnyDay|[upkeep]
|upkeep
|-message|chaintrainalt forfeited.
|
|win|HappyMaushold
|raw|HappyMaushold's rating: 1283 &rarr; <strong>1309</strong><br />(+26 for winning)
|raw|chaintrainalt's rating: 1299 &rarr; <strong>1273</strong><br />(-26 for losing)
|l|☆chaintrainalt
|player|p2|
|l|☆HappyMaushold
|player|p1|
