|j|☆bsmntbat
|j|☆KaiZX49
|t:|1758315472
|gametype|singles
|player|p1|bsmntbat|acetrainercouple|1264
|player|p2|KaiZX49|youngster|1250
|gen|9
|tier|[Gen 9] OU
|rated|
|rule|HP Percentage Mod: HP is shown in percentages
|rule|Endless Battle Clause: Forcing endless battles is banned
|rule|Species Clause: Limit one of each Pokémon
|rule|OHKO Clause: OHKO moves are banned
|rule|Evasion Items Clause: Evasion items are banned
|rule|Evasion Moves Clause: Evasion moves are banned
|rule|Evasion Abilities Clause: Evasion abilities are banned
|rule|Sleep Moves Clause: Sleep-inducing moves are banned
|clearpoke
|poke|p1|Ting-Lu|
|poke|p1|Gliscor, F|
|poke|p1|Sinistcha-Masterpiece|
|poke|p1|Keldeo|
|poke|p1|Tinkaton, F|
|poke|p1|Dragonite, M|
|poke|p2|Forretress, M|
|poke|p2|Flygon, M|
|poke|p2|Clodsire, M|
|poke|p2|Jumpluff, F|
|poke|p2|Dragapult, M|
|poke|p2|Heatran, F|
|teampreview
|inactive|Battle timer is ON: inactive players will automatically lose when time's up. (requested by KaiZX49)
|
|t:|1758315485
|teamsize|p1|6
|teamsize|p2|6
|start
|switch|p1a: Ting-Lu|Ting-Lu|100/100
|switch|p2a: Forretress|Forretress, M|100/100
|-ability|p1a: Ting-Lu|Vessel of Ruin
|turn|1
|
|t:|1758315491
|move|p2a: Forretress|Stealth Rock|p1a: Ting-Lu
|-sidestart|p1: bsmntbat|move: Stealth Rock
|move|p1a: Ting-Lu|Whirlwind|p2a: Forretress
|drag|p2a: Clodsire|Clodsire, M|100/100
|
|upkeep
|turn|2
|
|t:|1758315496
|switch|p2a: Jumpluff|Jumpluff, F|100/100
|move|p1a: Ting-Lu|Spikes|p2a: Jumpluff
|-sidestart|p2: KaiZX49|Spikes
|
|upkeep
|turn|3
|
|t:|1758315502
|move|p2a: Jumpluff|Stun Spore|p1a: Ting-Lu
|-status|p1a: Ting-Lu|par
|move|p1a: Ting-Lu|Ruination|p2a: Jumpluff
|-damage|p2a: Jumpluff|50/100
|
|upkeep
|turn|4
|
|t:|1758315510
|move|p2a: Jumpluff|Leech Seed|p1a: Ting-Lu
|-start|p1a: Ting-Lu|move: Leech Seed
|move|p1a: Ting-Lu|Spikes|p2a: Jumpluff
|-sidestart|p2: KaiZX49|Spikes
|
|-damage|p1a: Ting-Lu|88/100 par|[from] Leech Seed|[of] p2a: Jumpluff
|-heal|p2a: Jumpluff|69/100|[silent]
|upkeep
|turn|5
|
|t:|1758315527
|switch|p2a: Forretress|Forretress, M|100/100
|-damage|p2a: Forretress|84/100|[from] Spikes
|switch|p1a: Tinkaton|Tinkaton, F|100/100
|-damage|p1a: Tinkaton|94/100|[from] Stealth Rock
|-ability|p1a: Tinkaton|Mold Breaker
|-item|p1a: Tinkaton|Air Balloon
|
|upkeep
|turn|6
|
|t:|1758315536
|switch|p1a: Sinistcha|Sinistcha-Masterpiece|100/100
|move|p2a: Forretress|Thunder Wave|p1a: Sinistcha
|-status|p1a: Sinistcha|par
|
|upkeep
|turn|7
|
|t:|1758315542
|switch|p2a: Jumpluff|Jumpluff, F|69/100
|move|p1a: Sinistcha|Calm Mind|p1a: Sinistcha
|-boost|p1a: Sinistcha|spa|1
|-boost|p1a: Sinistcha|spd|1
|
|upkeep
|turn|8
|
|t:|1758315548
|move|p2a: Jumpluff|Encore|p1a: Sinistcha
|-start|p1a: Sinistcha|Encore
|move|p1a: Sinistcha|Calm Mind|p1a: Sinistcha
|-boost|p1a: Sinistcha|spa|1
|-boost|p1a: Sinistcha|spd|1
|
|upkeep
|turn|9
|
|t:|1758315556
|switch|p2a: Dragapult|Dragapult, M|100/100
|move|p1a: Sinistcha|Calm Mind|p1a: Sinistcha
|-boost|p1a: Sinistcha|spa|1
|-boost|p1a: Sinistcha|spd|1
|
|upkeep
|turn|10
|
|t:|1758315563
|-terastallize|p1a: Sinistcha|Fairy
|move|p2a: Dragapult|Hex|p1a: Sinistcha
|-damage|p1a: Sinistcha|72/100 par
|move|p1a: Sinistcha|Calm Mind|p1a: Sinistcha
|-boost|p1a: Sinistcha|spa|1
|-boost|p1a: Sinistcha|spd|1
|
|-end|p1a: Sinistcha|Encore
|upkeep
|turn|11
|
|t:|1758315577
|switch|p2a: Forretress|Forretress, M|84/100
|-damage|p2a: Forretress|67/100|[from] Spikes
|move|p1a: Sinistcha|Shadow Ball|p2a: Forretress
|-damage|p2a: Forretress|0 fnt
|faint|p2a: Forretress
|
|upkeep
|inactive|KaiZX49 has 120 seconds left.
|inactive|KaiZX49 has 90 seconds left.
|
|t:|1758315644
|switch|p2a: Heatran|Heatran, F|100/100
|-damage|p2a: Heatran|84/100|[from] Spikes
|turn|12
|
|t:|1758315650
|-terastallize|p2a: Heatran|Grass
|move|p2a: Heatran|Magma Storm|p1a: Sinistcha
|-crit|p1a: Sinistcha
|-damage|p1a: Sinistcha|30/100 par
|-activate|p1a: Sinistcha|move: Magma Storm|[of] p2a: Heatran
|move|p1a: Sinistcha|Shadow Ball|p2a: Heatran
|-damage|p2a: Heatran|0 fnt
|faint|p2a: Heatran
|
|-end|p1a: Sinistcha|Magma Storm|[partiallytrapped]|[silent]
|upkeep
|
|t:|1758315673
|switch|p2a: Dragapult|Dragapult, M|100/100
|turn|13
|
|t:|1758315678
|move|p2a: Dragapult|Hex|p1a: Sinistcha
|-damage|p1a: Sinistcha|5/100 par
|move|p1a: Sinistcha|Matcha Gotcha|p2a: Dragapult
|-resisted|p2a: Dragapult
|-damage|p2a: Dragapult|38/100
|-heal|p1a: Sinistcha|34/100 par|[from] drain|[of] p2a: Dragapult
|
|upkeep
|turn|14
|
|t:|1758315688
|move|p2a: Dragapult|Hex|p1a: Sinistcha
|-damage|p1a: Sinistcha|10/100 par
|move|p1a: Sinistcha|Matcha Gotcha|p2a: Dragapult
|-resisted|p2a: Dragapult
|-damage|p2a: Dragapult|0 fnt
|-heal|p1a: Sinistcha|28/100 par|[from] drain|[of] p2a: Dragapult
|faint|p2a: Dragapult
|
|upkeep
|
|t:|1758315698
|switch|p2a: Jumpluff|Jumpluff, F|69/100
|turn|15
|
|t:|1758315703
|move|p2a: Jumpluff|Encore|p1a: Sinistcha
|-start|p1a: Sinistcha|Encore
|move|p1a: Sinistcha|Matcha Gotcha|p2a: Jumpluff
|-resisted|p2a: Jumpluff
|-damage|p2a: Jumpluff|45/100
|-heal|p1a: Sinistcha|40/100 par|[from] drain|[of] p2a: Jumpluff
|
|upkeep
|turn|16
|inactive|KaiZX49 has 90 seconds left.
|
|t:|1758315715
|move|p2a: Jumpluff|Strength Sap|p1a: Sinistcha
|-unboost|p1a: Sinistcha|atk|1
|-heal|p2a: Jumpluff|76/100
|cant|p1a: Sinistcha|par
|
|upkeep
|turn|17
|
|t:|1758315723
|switch|p2a: Clodsire|Clodsire, M|100/100
|-damage|p2a: Clodsire|84/100|[from] Spikes
|cant|p1a: Sinistcha|par
|
|-heal|p2a: Clodsire|90/100|[from] item: Leftovers
|-end|p1a: Sinistcha|Encore
|upkeep
|turn|18
|
|t:|1758315731
|move|p1a: Sinistcha|Strength Sap|p2a: Clodsire
|-unboost|p2a: Clodsire|atk|1
|-heal|p1a: Sinistcha|94/100 par
|move|p2a: Clodsire|Earthquake|p1a: Sinistcha
|-damage|p1a: Sinistcha|82/100 par
|
|-heal|p2a: Clodsire|96/100|[from] item: Leftovers
|upkeep
|turn|19
|c|☆KaiZX49|ufff
|c|☆KaiZX49|gg
|-message|KaiZX49 forfeited.
|
|win|bsmntbat
|raw|bsmntbat's rating: 1264 &rarr; <strong>1288</strong><br />(+24 for winning)
|raw|KaiZX49's rating: 1250 &rarr; <strong>1226</strong><br />(-24 for losing)
|l|☆KaiZX49
|player|p2|
|l|☆bsmntbat
|player|p1|
