|j|‽klefki_did_it
|j|☆Skyluxneon
|t:|1758283571
|gametype|singles
|player|p1|klefki_did_it|pokemonbreeder-gen4|1262
|player|p2|Skyluxneon|2|1227
|gen|9
|tier|[Gen 9] OU
|rated|
|rule|HP Percentage Mod: HP is shown in percentages
|rule|Endless Battle Clause: Forcing endless battles is banned
|rule|Species Clause: Limit one of each Pokémon
|rule|OHKO Clause: OHKO moves are banned
|rule|Evasion Items Clause: Evasion items are banned
|rule|Evasion Moves Clause: Evasion moves are banned
|rule|Evasion Abilities Clause: Evasion abilities are banned
|rule|Sleep Moves Clause: Sleep-inducing moves are banned
|clearpoke
|poke|p1|Staraptor, F|
|poke|p1|Kingambit, F|
|poke|p1|Emboar, M|
|poke|p1|Thundurus, M|
|poke|p1|Basculegion, M|
|poke|p1|Rhyperior, F|
|poke|p2|Chesnaught, M|
|poke|p2|Vikavolt, F|
|poke|p2|Slowbro, M|
|poke|p2|Lycanroc-Dusk, M|
|poke|p2|Sylveon, F|
|poke|p2|Mandibuzz, F|
|teampreview
|inactive|Battle timer is ON: inactive players will automatically lose when time's up. (requested by klefki_did_it)
|
|t:|1758283582
|teamsize|p1|6
|teamsize|p2|6
|start
|switch|p1a: Staraptor|Staraptor, F|100/100
|switch|p2a: Vikavolt|Vikavolt, F|100/100
|turn|1
|
|t:|1758283590
|move|p1a: Staraptor|Final Gambit|p2a: Vikavolt
|-enditem|p2a: Vikavolt|Focus Sash
|-damage|p2a: Vikavolt|1/100
|faint|p1a: Staraptor
|move|p2a: Vikavolt|Agility|p2a: Vikavolt
|-boost|p2a: Vikavolt|spe|2
|
|upkeep
|
|t:|1758283605
|switch|p1a: Basculegion|Basculegion, M|100/100
|turn|2
|
|t:|1758283609
|switch|p2a: Chesnaught|Chesnaught, M, shiny|100/100
|move|p1a: Basculegion|Wave Crash|p2a: Chesnaught
|-resisted|p2a: Chesnaught
|-damage|p2a: Chesnaught|79/100
|-damage|p1a: Basculegion|84/100|[from] item: Rocky Helmet|[of] p2a: Chesnaught
|-damage|p1a: Basculegion|77/100|[from] Recoil
|
|upkeep
|turn|3
|
|t:|1758283620
|switch|p1a: Emboar|Emboar, M, shiny|100/100
|move|p2a: Chesnaught|Leech Seed|p1a: Emboar
|-start|p1a: Emboar|move: Leech Seed
|
|-damage|p1a: Emboar|88/100|[from] Leech Seed|[of] p2a: Chesnaught
|-heal|p2a: Chesnaught|93/100|[silent]
|upkeep
|turn|4
|
|t:|1758283628
|move|p2a: Chesnaught|Spiky Shield|p2a: Chesnaught
|-singleturn|p2a: Chesnaught|move: Protect
|move|p1a: Emboar|Flare Blitz|p2a: Chesnaught
|-activate|p2a: Chesnaught|move: Protect
|-damage|p1a: Emboar|76/100|[from] Spiky Shield|[of] p2a: Chesnaught
|
|-damage|p1a: Emboar|64/100|[from] Leech Seed|[of] p2a: Chesnaught
|-heal|p2a: Chesnaught|100/100|[silent]
|upkeep
|turn|5
|
|t:|1758283638
|switch|p2a: Slowbro|Slowbro, M|100/100
|move|p1a: Emboar|Flare Blitz|p2a: Slowbro
|-resisted|p2a: Slowbro
|-damage|p2a: Slowbro|57/100
|-damage|p1a: Emboar|52/100|[from] Recoil
|
|-damage|p1a: Emboar|40/100|[from] Leech Seed|[of] p2a: Slowbro
|-heal|p2a: Slowbro|72/100|[silent]
|upkeep
|turn|6
|
|t:|1758283648
|move|p1a: Emboar|Flare Blitz|p2a: Slowbro
|-resisted|p2a: Slowbro
|-damage|p2a: Slowbro|26/100
|-status|p2a: Slowbro|brn
|-damage|p1a: Emboar|28/100|[from] Recoil
|move|p2a: Slowbro|Future Sight|p1a: Emboar
|-start|p2a: Slowbro|move: Future Sight
|
|-damage|p1a: Emboar|16/100|[from] Leech Seed|[of] p2a: Slowbro
|-heal|p2a: Slowbro|42/100 brn|[silent]
|-damage|p2a: Slowbro|36/100 brn|[from] brn
|upkeep
|turn|7
|
|t:|1758283660
|switch|p2a: Vikavolt|Vikavolt, F|1/100
|move|p1a: Emboar|Flare Blitz|p2a: Vikavolt
|-supereffective|p2a: Vikavolt
|-damage|p2a: Vikavolt|0 fnt
|faint|p2a: Vikavolt
|-damage|p1a: Emboar|16/100|[from] Recoil
|
|upkeep
|
|t:|1758283669
|switch|p2a: Lycanroc|Lycanroc-Dusk, M|100/100
|turn|8
|
|t:|1758283673
|switch|p1a: Rhyperior|Rhyperior, F|100/100
|move|p2a: Lycanroc|Accelerock|p1a: Rhyperior
|-resisted|p1a: Rhyperior
|-damage|p1a: Rhyperior|89/100
|
|-end|p1a: Rhyperior|move: Future Sight
|-damage|p1a: Rhyperior|37/100
|upkeep
|turn|9
|
|t:|1758283684
|switch|p2a: Chesnaught|Chesnaught, M, shiny|100/100
|move|p1a: Rhyperior|Earthquake|p2a: Chesnaught
|-resisted|p2a: Chesnaught
|-damage|p2a: Chesnaught|84/100
|
|upkeep
|turn|10
|
|t:|1758283691
|move|p2a: Chesnaught|Body Press|p1a: Rhyperior
|-supereffective|p1a: Rhyperior
|-damage|p1a: Rhyperior|0 fnt
|faint|p1a: Rhyperior
|
|upkeep
|
|t:|1758283703
|switch|p1a: Thundurus|Thundurus, M|100/100
|turn|11
|
|t:|1758283710
|switch|p2a: Sylveon|Sylveon, F|100/100
|move|p1a: Thundurus|Fly||[still]
|-prepare|p1a: Thundurus|Fly
|
|upkeep
|turn|12
|
|t:|1758283716
|move|p1a: Thundurus|Fly|p2a: Sylveon|[from] lockedmove
|-damage|p2a: Sylveon|9/100
|move|p2a: Sylveon|Hyper Voice|p1a: Thundurus
|-damage|p1a: Thundurus|26/100
|
|upkeep
|turn|13
|
|t:|1758283725
|switch|p2a: Lycanroc|Lycanroc-Dusk, M|100/100
|move|p1a: Thundurus|Fly||[still]
|-prepare|p1a: Thundurus|Fly
|
|upkeep
|turn|14
|
|t:|1758283737
|move|p1a: Thundurus|Fly|p2a: Lycanroc|[from] lockedmove
|-resisted|p2a: Lycanroc
|-damage|p2a: Lycanroc|50/100
|move|p2a: Lycanroc|Stone Edge|p1a: Thundurus|[miss]
|-miss|p2a: Lycanroc|p1a: Thundurus
|
|upkeep
|turn|15
|
|t:|1758283748
|switch|p1a: Kingambit|Kingambit, F|100/100
|-activate|p1a: Kingambit|ability: Supreme Overlord
|-start|p1a: Kingambit|fallen2|[silent]
|switch|p2a: Sylveon|Sylveon, F|9/100
|
|upkeep
|turn|16
|
|t:|1758283760
|switch|p2a: Chesnaught|Chesnaught, M, shiny|84/100
|move|p1a: Kingambit|Iron Head|p2a: Chesnaught
|-damage|p2a: Chesnaught|54/100
|-damage|p1a: Kingambit|84/100|[from] item: Rocky Helmet|[of] p2a: Chesnaught
|
|-heal|p1a: Kingambit|90/100|[from] item: Leftovers
|upkeep
|turn|17
|
|t:|1758283767
|-terastallize|p1a: Kingambit|Fairy
|move|p2a: Chesnaught|Leech Seed|p1a: Kingambit
|-start|p1a: Kingambit|move: Leech Seed
|move|p1a: Kingambit|Substitute|p1a: Kingambit
|-start|p1a: Kingambit|Substitute
|-damage|p1a: Kingambit|65/100
|
|-heal|p1a: Kingambit|71/100|[from] item: Leftovers
|-damage|p1a: Kingambit|59/100|[from] Leech Seed|[of] p2a: Chesnaught
|-heal|p2a: Chesnaught|68/100|[silent]
|upkeep
|turn|18
|
|t:|1758283776
|move|p2a: Chesnaught|Rock Slide|p1a: Kingambit
|-activate|p1a: Kingambit|move: Substitute|[damage]
|move|p1a: Kingambit|Swords Dance|p1a: Kingambit
|-boost|p1a: Kingambit|atk|2
|
|-heal|p1a: Kingambit|65/100|[from] item: Leftovers
|-damage|p1a: Kingambit|53/100|[from] Leech Seed|[of] p2a: Chesnaught
|-heal|p2a: Chesnaught|81/100|[silent]
|upkeep
|turn|19
|
|t:|1758283787
|move|p2a: Chesnaught|Spiky Shield|p2a: Chesnaught
|-singleturn|p2a: Chesnaught|move: Protect
|move|p1a: Kingambit|Iron Head|p2a: Chesnaught
|-activate|p2a: Chesnaught|move: Protect
|-damage|p1a: Kingambit|40/100|[from] Spiky Shield|[of] p2a: Chesnaught
|
|-heal|p1a: Kingambit|47/100|[from] item: Leftovers
|-damage|p1a: Kingambit|34/100|[from] Leech Seed|[of] p2a: Chesnaught
|-heal|p2a: Chesnaught|94/100|[silent]
|upkeep
|turn|20
|
|t:|1758283797
|move|p2a: Chesnaught|Rock Slide|p1a: Kingambit
|-end|p1a: Kingambit|Substitute
|move|p1a: Kingambit|Iron Head|p2a: Chesnaught
|-damage|p2a: Chesnaught|33/100
|-damage|p1a: Kingambit|18/100|[from] item: Rocky Helmet|[of] p2a: Chesnaught
|
|-heal|p1a: Kingambit|24/100|[from] item: Leftovers
|-damage|p1a: Kingambit|11/100|[from] Leech Seed|[of] p2a: Chesnaught
|-heal|p2a: Chesnaught|46/100|[silent]
|upkeep
|turn|21
|
|t:|1758283810
|move|p2a: Chesnaught|Spiky Shield|p2a: Chesnaught
|-singleturn|p2a: Chesnaught|move: Protect
|move|p1a: Kingambit|Swords Dance|p1a: Kingambit
|-boost|p1a: Kingambit|atk|2
|
|-heal|p1a: Kingambit|18/100|[from] item: Leftovers
|-damage|p1a: Kingambit|5/100|[from] Leech Seed|[of] p2a: Chesnaught
|-heal|p2a: Chesnaught|59/100|[silent]
|upkeep
|turn|22
|
|t:|1758283816
|move|p1a: Kingambit|Sucker Punch|p2a: Chesnaught
|-resisted|p2a: Chesnaught
|-damage|p2a: Chesnaught|15/100
|-damage|p1a: Kingambit|0 fnt|[from] item: Rocky Helmet|[of] p2a: Chesnaught
|faint|p1a: Kingambit
|-end|p1a: Kingambit|fallen2|[silent]
|move|p2a: Chesnaught|Body Press|p1: Kingambit|[notarget]
|-fail|p2a: Chesnaught
|
|upkeep
|
|t:|1758283828
|switch|p1a: Basculegion|Basculegion, M|77/100
|turn|23
|
|t:|1758283857
|move|p2a: Chesnaught|Spiky Shield|p2a: Chesnaught
|-singleturn|p2a: Chesnaught|move: Protect
|move|p1a: Basculegion|Head Smash|p2a: Chesnaught
|-activate|p2a: Chesnaught|move: Protect
|-damage|p1a: Basculegion|65/100|[from] Spiky Shield|[of] p2a: Chesnaught
|
|upkeep
|turn|24
|
|t:|1758283869
|move|p1a: Basculegion|Head Smash|p2a: Chesnaught|[miss]
|-miss|p1a: Basculegion|p2a: Chesnaught
|move|p2a: Chesnaught|Leech Seed|p1a: Basculegion
|-start|p1a: Basculegion|move: Leech Seed
|
|-damage|p1a: Basculegion|52/100|[from] Leech Seed|[of] p2a: Chesnaught
|-heal|p2a: Chesnaught|27/100|[silent]
|upkeep
|turn|25
|
|t:|1758283874
|move|p1a: Basculegion|Head Smash|p2a: Chesnaught|[miss]
|-miss|p1a: Basculegion|p2a: Chesnaught
|move|p2a: Chesnaught|Body Press|p1a: Basculegion
|-immune|p1a: Basculegion
|
|-damage|p1a: Basculegion|40/100|[from] Leech Seed|[of] p2a: Chesnaught
|-heal|p2a: Chesnaught|39/100|[silent]
|upkeep
|turn|26
|
|t:|1758283877
|move|p2a: Chesnaught|Spiky Shield|p2a: Chesnaught
|-singleturn|p2a: Chesnaught|move: Protect
|move|p1a: Basculegion|Head Smash|p2a: Chesnaught
|-activate|p2a: Chesnaught|move: Protect
|-damage|p1a: Basculegion|28/100|[from] Spiky Shield|[of] p2a: Chesnaught
|
|-damage|p1a: Basculegion|15/100|[from] Leech Seed|[of] p2a: Chesnaught
|-heal|p2a: Chesnaught|52/100|[silent]
|upkeep
|turn|27
|l|☆Skyluxneon
|inactive|Skyluxneon disconnected and has a minute to reconnect!
|player|p2|
|j|☆Skyluxneon
|inactive|Skyluxneon reconnected and has 140 seconds left.
|player|p2|Skyluxneon|2|
|
|t:|1758283894
|move|p1a: Basculegion|Head Smash|p2a: Chesnaught
|-resisted|p2a: Chesnaught
|-damage|p2a: Chesnaught|38/100
|-damage|p1a: Basculegion|0 fnt|[from] item: Rocky Helmet|[of] p2a: Chesnaught
|faint|p1a: Basculegion
|move|p2a: Chesnaught|Rock Slide|p1: Basculegion|[notarget]
|-fail|p2a: Chesnaught
|
|upkeep
|
|t:|1758283898
|switch|p1a: Emboar|Emboar, M, shiny|16/100
|turn|28
|
|t:|1758283901
|move|p2a: Chesnaught|Spiky Shield|p2a: Chesnaught
|-singleturn|p2a: Chesnaught|move: Protect
|move|p1a: Emboar|Flare Blitz|p2a: Chesnaught
|-activate|p2a: Chesnaught|move: Protect
|-damage|p1a: Emboar|3/100|[from] Spiky Shield|[of] p2a: Chesnaught
|
|upkeep
|turn|29
|
|t:|1758283911
|move|p1a: Emboar|Flare Blitz|p2a: Chesnaught
|-supereffective|p2a: Chesnaught
|-damage|p2a: Chesnaught|0 fnt
|-damage|p1a: Emboar|0 fnt|[from] item: Rocky Helmet|[of] p2a: Chesnaught
|faint|p2a: Chesnaught
|faint|p1a: Emboar
|
|upkeep
|
|t:|1758283914
|switch|p1a: Thundurus|Thundurus, M|26/100
|switch|p2a: Lycanroc|Lycanroc-Dusk, M|50/100
|turn|30
|
|t:|1758283920
|-terastallize|p2a: Lycanroc|Rock
|move|p2a: Lycanroc|Accelerock|p1a: Thundurus
|-supereffective|p1a: Thundurus
|-damage|p1a: Thundurus|0 fnt
|faint|p1a: Thundurus
|
|win|Skyluxneon
|raw|klefki_did_it's rating: 1262 &rarr; <strong>1234</strong><br />(-28 for losing)
|raw|Skyluxneon's rating: 1227 &rarr; <strong>1255</strong><br />(+28 for winning)
|l|☆Skyluxneon
|player|p2|
|j|☆Skyluxneon
|player|p2|Skyluxneon|2|
|l|‽klefki_did_it
|player|p1|
|l|☆Skyluxneon
|player|p2|
