|j|☆deibee
|j|☆Auburn Hills
|t:|1758286413
|gametype|singles
|player|p1|deibee|clown|1593
|player|p2|Auburn Hills|alder|1653
|gen|9
|tier|[Gen 9] OU
|rated|
|rule|HP Percentage Mod: HP is shown in percentages
|rule|Endless Battle Clause: Forcing endless battles is banned
|rule|Species Clause: Limit one of each Pokémon
|rule|OHKO Clause: OHKO moves are banned
|rule|Evasion Items Clause: Evasion items are banned
|rule|Evasion Moves Clause: Evasion moves are banned
|rule|Evasion Abilities Clause: Evasion abilities are banned
|rule|Sleep Moves Clause: Sleep-inducing moves are banned
|clearpoke
|poke|p1|Garganacl, F|
|poke|p1|Dragapult, F|
|poke|p1|Ogerpon-Wellspring, F|
|poke|p1|Moltres|
|poke|p1|Zamazenta-*|
|poke|p1|Iron Treads|
|poke|p2|Iron Moth|
|poke|p2|Umbreon, F|
|poke|p2|Garchomp, M|
|poke|p2|Glimmora, F|
|poke|p2|Gholdengo|
|poke|p2|Dragonite, M|
|teampreview
|j| jehebsbd
|
|t:|1758286459
|teamsize|p1|6
|teamsize|p2|6
|start
|switch|p1a: Ogerpon|Ogerpon-Wellspring, F|100/100
|switch|p2a: Rat Tally|Garchomp, M|100/100
|turn|1
|j| Squallskip
|
|t:|1758286466
|move|p1a: Ogerpon|Ivy Cudgel|p2a: Rat Tally|[anim] Ivy Cudgel Water
|-crit|p2a: Rat Tally
|-damage|p2a: Rat Tally|6/100
|move|p2a: Rat Tally|Scale Shot|p1a: Ogerpon
|-damage|p1a: Ogerpon|85/100
|-damage|p1a: Ogerpon|68/100
|-damage|p1a: Ogerpon|52/100
|-damage|p1a: Ogerpon|34/100
|-damage|p1a: Ogerpon|16/100
|-hitcount|p1a: Ogerpon|5
|-unboost|p2a: Rat Tally|def|1
|-boost|p2a: Rat Tally|spe|1
|
|upkeep
|turn|2
|
|t:|1758286486
|switch|p1a: Moltres|Moltres|100/100
|move|p2a: Rat Tally|Scale Shot|p1a: Moltres
|-damage|p1a: Moltres|90/100
|-damage|p1a: Moltres|78/100
|-damage|p1a: Moltres|67/100
|-damage|p1a: Moltres|56/100
|-damage|p1a: Moltres|44/100
|-hitcount|p1a: Moltres|5
|-unboost|p2a: Rat Tally|def|1
|-boost|p2a: Rat Tally|spe|1
|
|upkeep
|turn|3
|
|t:|1758286506
|-terastallize|p1a: Moltres|Fairy
|move|p2a: Rat Tally|Scale Shot|p1a: Moltres
|-immune|p1a: Moltres
|move|p1a: Moltres|Flamethrower|p2a: Rat Tally
|-resisted|p2a: Rat Tally
|-damage|p2a: Rat Tally|0 fnt
|faint|p2a: Rat Tally
|
|upkeep
|
|t:|1758286509
|switch|p2a: Julia Jacklin|Glimmora, F|100/100
|turn|4
|
|t:|1758286516
|switch|p1a: Iron Treads|Iron Treads|100/100
|move|p2a: Julia Jacklin|Earth Power|p1a: Iron Treads
|-supereffective|p1a: Iron Treads
|-damage|p1a: Iron Treads|50/100
|
|-heal|p1a: Iron Treads|56/100|[from] item: Leftovers
|upkeep
|turn|5
|l| Squallskip
|
|t:|1758286525
|move|p2a: Julia Jacklin|Earth Power|p1a: Iron Treads
|-supereffective|p1a: Iron Treads
|-damage|p1a: Iron Treads|5/100
|move|p1a: Iron Treads|Earthquake|p2a: Julia Jacklin
|-supereffective|p2a: Julia Jacklin
|-enditem|p2a: Julia Jacklin|Focus Sash
|-damage|p2a: Julia Jacklin|1/100
|-activate|p2a: Julia Jacklin|ability: Toxic Debris
|-sidestart|p1: deibee|move: Toxic Spikes
|
|-heal|p1a: Iron Treads|11/100|[from] item: Leftovers
|upkeep
|turn|6
|
|t:|1758286543
|move|p2a: Julia Jacklin|Earth Power|p1a: Iron Treads
|-supereffective|p1a: Iron Treads
|-damage|p1a: Iron Treads|0 fnt
|faint|p1a: Iron Treads
|-end|p1a: Iron Treads|Quark Drive|[silent]
|
|upkeep
|
|t:|1758286551
|switch|p1a: Dragapult|Dragapult, F|100/100
|-status|p1a: Dragapult|psn
|turn|7
|
|t:|1758286554
|switch|p2a: Alvvays|Umbreon, F|100/100
|move|p1a: Dragapult|U-turn|p2a: Alvvays
|-supereffective|p2a: Alvvays
|-damage|p2a: Alvvays|74/100
|
|t:|1758286559
|switch|p1a: Ogerpon|Ogerpon-Wellspring, F|16/100|[from] U-turn
|-status|p1a: Ogerpon|psn
|
|-heal|p2a: Alvvays|80/100|[from] item: Leftovers
|-damage|p1a: Ogerpon|4/100 psn|[from] psn
|upkeep
|turn|8
|
|t:|1758286563
|move|p2a: Alvvays|Protect|p2a: Alvvays
|-singleturn|p2a: Alvvays|Protect
|move|p1a: Ogerpon|U-turn|p2a: Alvvays
|-activate|p2a: Alvvays|move: Protect
|
|-heal|p2a: Alvvays|86/100|[from] item: Leftovers
|-damage|p1a: Ogerpon|0 fnt|[from] psn
|faint|p1a: Ogerpon
|upkeep
|
|t:|1758286567
|switch|p1a: Zamazenta|Zamazenta|100/100
|-ability|p1a: Zamazenta|Dauntless Shield|boost
|-boost|p1a: Zamazenta|def|1
|turn|9
|
|t:|1758286571
|move|p1a: Zamazenta|Crunch|p2a: Alvvays
|-resisted|p2a: Alvvays
|-damage|p2a: Alvvays|76/100
|-unboost|p2a: Alvvays|def|1
|move|p2a: Alvvays|Thunder Wave|p1a: Zamazenta
|-status|p1a: Zamazenta|par
|
|-heal|p2a: Alvvays|82/100|[from] item: Leftovers
|upkeep
|turn|10
|
|t:|1758286575
|switch|p2a: Smino|Gholdengo|100/100
|move|p1a: Zamazenta|Close Combat|p2a: Smino
|-immune|p2a: Smino
|
|upkeep
|turn|11
|
|t:|1758286580
|move|p2a: Smino|Make It Rain|p1a: Zamazenta
|-damage|p1a: Zamazenta|42/100 par
|-unboost|p2a: Smino|spa|1
|move|p1a: Zamazenta|Crunch|p2a: Smino
|-supereffective|p2a: Smino
|-damage|p2a: Smino|43/100
|
|upkeep
|turn|12
|
|t:|1758286593
|switch|p2a: Julia Jacklin|Glimmora, F|1/100
|move|p1a: Zamazenta|Crunch|p2a: Julia Jacklin
|-damage|p2a: Julia Jacklin|0 fnt
|-activate|p2a: Julia Jacklin|ability: Toxic Debris
|-sidestart|p1: deibee|move: Toxic Spikes
|faint|p2a: Julia Jacklin
|
|upkeep
|
|t:|1758286598
|switch|p2a: Carly Rae|Iron Moth|100/100
|-enditem|p2a: Carly Rae|Booster Energy
|-activate|p2a: Carly Rae|ability: Quark Drive|[fromitem]
|-start|p2a: Carly Rae|quarkdrivespe
|turn|13
|
|t:|1758286602
|move|p2a: Carly Rae|Fiery Dance|p1a: Zamazenta
|-damage|p1a: Zamazenta|1/100 par
|move|p1a: Zamazenta|Stone Edge|p2a: Carly Rae
|-supereffective|p2a: Carly Rae
|-damage|p2a: Carly Rae|12/100
|
|upkeep
|turn|14
|
|t:|1758286610
|move|p2a: Carly Rae|Fiery Dance|p1a: Zamazenta
|-damage|p1a: Zamazenta|0 fnt
|-boost|p2a: Carly Rae|spa|1
|faint|p1a: Zamazenta
|
|upkeep
|
|t:|1758286612
|switch|p1a: Garganacl|Garganacl, F|100/100
|turn|15
|
|t:|1758286616
|move|p2a: Carly Rae|Morning Sun|p2a: Carly Rae
|-heal|p2a: Carly Rae|62/100
|move|p1a: Garganacl|Salt Cure|p2a: Carly Rae
|-supereffective|p2a: Carly Rae
|-damage|p2a: Carly Rae|18/100
|-start|p2a: Carly Rae|Salt Cure
|
|-damage|p2a: Carly Rae|6/100|[from] Salt Cure
|upkeep
|turn|16
|
|t:|1758286623
|move|p2a: Carly Rae|Dazzling Gleam|p1a: Garganacl
|-damage|p1a: Garganacl|74/100
|move|p1a: Garganacl|Salt Cure|p2a: Carly Rae
|-supereffective|p2a: Carly Rae
|-damage|p2a: Carly Rae|0 fnt
|faint|p2a: Carly Rae
|-end|p2a: Carly Rae|Quark Drive|[silent]
|
|-heal|p1a: Garganacl|81/100|[from] item: Leftovers
|upkeep
|
|t:|1758286626
|switch|p2a: Smino|Gholdengo|43/100
|turn|17
|
|t:|1758286633
|switch|p1a: Moltres|Moltres, tera:Fairy|44/100
|move|p2a: Smino|Trick|p1a: Moltres
|-activate|p2a: Smino|move: Trick|[of] p1a: Moltres
|-item|p1a: Moltres|Choice Scarf|[from] move: Trick
|-item|p2a: Smino|Heavy-Duty Boots|[from] move: Trick
|
|upkeep
|turn|18
|
|t:|1758286650
|switch|p2a: Alvvays|Umbreon, F|82/100
|move|p1a: Moltres|U-turn|p2a: Alvvays
|-supereffective|p2a: Alvvays
|-crit|p2a: Alvvays
|-damage|p2a: Alvvays|50/100
|
|t:|1758286654
|switch|p1a: Garganacl|Garganacl, F|81/100|[from] U-turn
|
|-heal|p2a: Alvvays|56/100|[from] item: Leftovers
|-heal|p1a: Garganacl|87/100|[from] item: Leftovers
|upkeep
|turn|19
|
|t:|1758286682
|switch|p1a: Moltres|Moltres, tera:Fairy|44/100
|-status|p1a: Moltres|tox
|move|p2a: Alvvays|Wish|p2a: Alvvays
|
|-heal|p2a: Alvvays|62/100|[from] item: Leftovers
|-damage|p1a: Moltres|38/100 tox|[from] psn
|upkeep
|turn|20
|
|t:|1758286691
|move|p2a: Alvvays|Foul Play|p1a: Moltres
|-resisted|p1a: Moltres
|-damage|p1a: Moltres|27/100 tox
|move|p1a: Moltres|Roar|p2a: Alvvays
|drag|p2a: Smino|Gholdengo|43/100
|
|-heal|p2a: Smino|100/100|[from] move: Wish|[wisher] Alvvays
|-damage|p1a: Moltres|15/100 tox|[from] psn
|upkeep
|turn|21
|
|t:|1758286700
|move|p2a: Smino|Shadow Ball|p1a: Moltres
|-damage|p1a: Moltres|0 fnt
|faint|p1a: Moltres
|
|upkeep
|
|t:|1758286704
|switch|p1a: Dragapult|Dragapult, F|100/100 psn
|turn|22
|
|t:|1758286712
|switch|p2a: Elucid|Dragonite, M|100/100
|move|p1a: Dragapult|Shadow Ball|p2a: Elucid
|-damage|p2a: Elucid|72/100
|
|-damage|p1a: Dragapult|88/100 psn|[from] psn
|upkeep
|turn|23
|
|t:|1758286715
|switch|p1a: Garganacl|Garganacl, F|87/100
|switch|p2a: Alvvays|Umbreon, F|62/100
|
|-heal|p2a: Alvvays|68/100|[from] item: Leftovers
|-heal|p1a: Garganacl|93/100|[from] item: Leftovers
|upkeep
|turn|24
|
|t:|1758286717
|move|p2a: Alvvays|Wish|p2a: Alvvays
|move|p1a: Garganacl|Salt Cure|p2a: Alvvays
|-damage|p2a: Alvvays|57/100
|-start|p2a: Alvvays|Salt Cure
|
|-heal|p2a: Alvvays|63/100|[from] item: Leftovers
|-heal|p1a: Garganacl|99/100|[from] item: Leftovers
|-damage|p2a: Alvvays|50/100|[from] Salt Cure
|upkeep
|turn|25
|
|t:|1758286724
|switch|p1a: Dragapult|Dragapult, F|88/100 psn
|move|p2a: Alvvays|Foul Play|p1a: Dragapult
|-supereffective|p1a: Dragapult
|-damage|p1a: Dragapult|0 fnt
|faint|p1a: Dragapult
|
|-heal|p2a: Alvvays|99/100|[from] move: Wish|[wisher] Alvvays
|-heal|p2a: Alvvays|100/100|[from] item: Leftovers
|-damage|p2a: Alvvays|88/100|[from] Salt Cure
|upkeep
|
|t:|1758286729
|switch|p1a: Garganacl|Garganacl, F|99/100
|turn|26
|-message|deibee forfeited.
|
|win|Auburn Hills
|raw|deibee's rating: 1593 &rarr; <strong>1576</strong><br />(-17 for losing)
|raw|Auburn Hills's rating: 1653 &rarr; <strong>1670</strong><br />(+17 for winning)
|l|☆deibee
|player|p1|
|l|☆Auburn Hills
|player|p2|
|l| jehebsbd
