|j|☆victini092
|j|☆yfoyflxitgcxk
|t:|1758289990
|gametype|singles
|player|p1|victini092|dawn|1242
|player|p2|yfoyflxitgcxk|elesa|1246
|gen|9
|tier|[Gen 9] OU
|rated|
|rule|HP Percentage Mod: HP is shown in percentages
|rule|Endless Battle Clause: Forcing endless battles is banned
|rule|Species Clause: Limit one of each Pokémon
|rule|OHKO Clause: OHKO moves are banned
|rule|Evasion Items Clause: Evasion items are banned
|rule|Evasion Moves Clause: Evasion moves are banned
|rule|Evasion Abilities Clause: Evasion abilities are banned
|rule|Sleep Moves Clause: Sleep-inducing moves are banned
|clearpoke
|poke|p1|Iron Moth|
|poke|p1|Raging Bolt|
|poke|p1|Rillaboom, F|
|poke|p1|Great Tusk|
|poke|p1|Walking Wake|
|poke|p1|Ninetales, M|
|poke|p2|Rillaboom, M|
|poke|p2|Ursaluna, M|
|poke|p2|Dragapult, F|
|poke|p2|Kleavor, F|
|poke|p2|Corviknight, F|
|poke|p2|Raging Bolt|
|teampreview
|j| icejostinvm
|
|t:|1758290000
|teamsize|p1|6
|teamsize|p2|6
|start
|switch|p1a: Great Tusk|Great Tusk|100/100
|switch|p2a: Kleavor|Kleavor, F|100/100
|turn|1
|inactive|Battle timer is ON: inactive players will automatically lose when time's up. (requested by yfoyflxitgcxk)
|
|t:|1758290010
|move|p2a: Kleavor|U-turn|p1a: Great Tusk
|-resisted|p1a: Great Tusk
|-damage|p1a: Great Tusk|87/100
|-damage|p2a: Kleavor|84/100|[from] item: Rocky Helmet|[of] p1a: Great Tusk
|
|t:|1758290014
|switch|p2a: Dragapult|Dragapult, F|100/100|[from] U-turn
|move|p1a: Great Tusk|Stealth Rock|p2a: Dragapult
|-sidestart|p2: yfoyflxitgcxk|move: Stealth Rock
|
|upkeep
|turn|2
|
|t:|1758290033
|-end|p1a: Great Tusk|Protosynthesis|[silent]
|switch|p1a: Ninetales|Ninetales, M|100/100
|-weather|SunnyDay|[from] ability: Drought|[of] p1a: Ninetales
|move|p2a: Dragapult|Dragon Dance|p2a: Dragapult
|-boost|p2a: Dragapult|atk|1
|-boost|p2a: Dragapult|spe|1
|
|-weather|SunnyDay|[upkeep]
|upkeep
|turn|3
|
|t:|1758290042
|move|p2a: Dragapult|Dragon Dance|p2a: Dragapult
|-boost|p2a: Dragapult|atk|1
|-boost|p2a: Dragapult|spe|1
|move|p1a: Ninetales|Encore|p2a: Dragapult
|-start|p2a: Dragapult|Encore
|
|-weather|SunnyDay|[upkeep]
|upkeep
|turn|4
|l| icejostinvm
|
|t:|1758290071
|move|p2a: Dragapult|Dragon Dance|p2a: Dragapult
|-boost|p2a: Dragapult|atk|1
|-boost|p2a: Dragapult|spe|1
|move|p1a: Ninetales|Will-O-Wisp|p2a: Dragapult
|-status|p2a: Dragapult|brn
|
|-weather|SunnyDay|[upkeep]
|-damage|p2a: Dragapult|95/100 brn|[from] brn
|upkeep
|turn|5
|inactive|victini092 has 120 seconds left.
|
|t:|1758290086
|switch|p1a: Raging Bolt|Raging Bolt|100/100
|-activate|p1a: Raging Bolt|ability: Protosynthesis
|-start|p1a: Raging Bolt|protosynthesisspa
|move|p2a: Dragapult|Dragon Dance|p2a: Dragapult
|-boost|p2a: Dragapult|atk|1
|-boost|p2a: Dragapult|spe|1
|
|-weather|SunnyDay|[upkeep]
|-damage|p2a: Dragapult|89/100 brn|[from] brn
|upkeep
|turn|6
|inactive|victini092 has 120 seconds left.
|
|t:|1758290099
|-terastallize|p2a: Dragapult|Water
|move|p2a: Dragapult|Dragon Dance|p2a: Dragapult
|-boost|p2a: Dragapult|atk|1
|-boost|p2a: Dragapult|spe|1
|move|p1a: Raging Bolt|Draco Meteor|p2a: Dragapult|[miss]
|-miss|p1a: Raging Bolt|p2a: Dragapult
|
|-weather|SunnyDay|[upkeep]
|-damage|p2a: Dragapult|83/100 brn|[from] brn
|-end|p2a: Dragapult|Encore
|upkeep
|turn|7
|inactive|victini092 has 120 seconds left.
|
|t:|1758290111
|move|p1a: Raging Bolt|Thunderclap||[still]
|-fail|p1a: Raging Bolt
|move|p2a: Dragapult|Dragon Dance|p2a: Dragapult
|-boost|p2a: Dragapult|atk|1
|-boost|p2a: Dragapult|spe|1
|
|-weather|SunnyDay|[upkeep]
|-damage|p2a: Dragapult|77/100 brn|[from] brn
|upkeep
|turn|8
|
|t:|1758290120
|move|p1a: Raging Bolt|Thunderclap|p2a: Dragapult
|-supereffective|p2a: Dragapult
|-damage|p2a: Dragapult|0 fnt
|faint|p2a: Dragapult
|-damage|p1a: Raging Bolt|91/100|[from] item: Life Orb
|
|-weather|SunnyDay|[upkeep]
|upkeep
|
|t:|1758290125
|switch|p2a: Kleavor|Kleavor, F|84/100
|-damage|p2a: Kleavor|59/100|[from] Stealth Rock
|turn|9
|
|t:|1758290136
|move|p1a: Raging Bolt|Thunderclap|p2a: Kleavor
|-damage|p2a: Kleavor|0 fnt
|faint|p2a: Kleavor
|-damage|p1a: Raging Bolt|81/100|[from] item: Life Orb
|
|-weather|none
|-end|p1a: Raging Bolt|Protosynthesis
|upkeep
|
|t:|1758290140
|switch|p2a: Ursaluna|Ursaluna, M|100/100
|-damage|p2a: Ursaluna|94/100|[from] Stealth Rock
|turn|10
|
|t:|1758290147
|move|p1a: Raging Bolt|Draco Meteor|p2a: Ursaluna
|-damage|p2a: Ursaluna|10/100
|-unboost|p1a: Raging Bolt|spa|2
|-damage|p1a: Raging Bolt|71/100|[from] item: Life Orb
|move|p2a: Ursaluna|Facade|p1a: Raging Bolt
|-damage|p1a: Raging Bolt|31/100
|
|-status|p2a: Ursaluna|brn|[from] item: Flame Orb
|upkeep
|turn|11
|
|t:|1758290163
|move|p1a: Raging Bolt|Draco Meteor|p2a: Ursaluna
|-damage|p2a: Ursaluna|0 fnt
|-unboost|p1a: Raging Bolt|spa|2
|faint|p2a: Ursaluna
|-damage|p1a: Raging Bolt|21/100|[from] item: Life Orb
|
|upkeep
|-message|yfoyflxitgcxk forfeited.
|
|win|victini092
|raw|victini092's rating: 1242 &rarr; <strong>1267</strong><br />(+25 for winning)
|raw|yfoyflxitgcxk's rating: 1246 &rarr; <strong>1221</strong><br />(-25 for losing)
|l|☆yfoyflxitgcxk
|player|p2|
