|j|☆Ctannn
|j|☆EmmanuelR205506
|t:|1758351635
|gametype|singles
|player|p1|Ctannn|2|1778
|player|p2|EmmanuelR205506|palmer|1679
|gen|9
|tier|[Gen 9] OU
|rated|
|rule|HP Percentage Mod: HP is shown in percentages
|rule|Endless Battle Clause: Forcing endless battles is banned
|rule|Species Clause: Limit one of each Pokémon
|rule|OHKO Clause: OHKO moves are banned
|rule|Evasion Items Clause: Evasion items are banned
|rule|Evasion Moves Clause: Evasion moves are banned
|rule|Evasion Abilities Clause: Evasion abilities are banned
|rule|Sleep Moves Clause: Sleep-inducing moves are banned
|clearpoke
|poke|p1|Rillaboom, M|
|poke|p1|Garganacl, F|
|poke|p1|Cinderace, M|
|poke|p1|Raging Bolt|
|poke|p1|Slowking-Galar, F|
|poke|p1|Landorus-Therian, M|
|poke|p2|Cinderace, M|
|poke|p2|Gholdengo|
|poke|p2|Heatran, M|
|poke|p2|Great Tusk|
|poke|p2|Primarina, F|
|poke|p2|Iron Valiant|
|teampreview
|inactive|Battle timer is ON: inactive players will automatically lose when time's up. (requested by EmmanuelR205506)
|
|t:|1758351649
|teamsize|p1|6
|teamsize|p2|6
|start
|switch|p1a: Raging Bolt|Raging Bolt|100/100
|switch|p2a: Cinderace|Cinderace, M|100/100
|turn|1
|
|t:|1758351653
|move|p1a: Raging Bolt|Thunderclap|p2a: Cinderace
|-damage|p2a: Cinderace|13/100
|move|p2a: Cinderace|U-turn|p1a: Raging Bolt
|-start|p2a: Cinderace|typechange|Bug|[from] ability: Libero
|-damage|p1a: Raging Bolt|54/100
|
|t:|1758351658
|switch|p2a: Primarina|Primarina, F|100/100|[from] U-turn
|
|upkeep
|turn|2
|
|t:|1758351662
|move|p1a: Raging Bolt|Thunderclap|p2a: Primarina
|-supereffective|p2a: Primarina
|-damage|p2a: Primarina|33/100
|move|p2a: Primarina|Moonblast|p1a: Raging Bolt
|-supereffective|p1a: Raging Bolt
|-damage|p1a: Raging Bolt|0 fnt
|faint|p1a: Raging Bolt
|-end|p1a: Raging Bolt|Protosynthesis|[silent]
|
|upkeep
|
|t:|1758351673
|switch|p1a: Slowking|Slowking-Galar, F|100/100
|turn|3
|
|t:|1758351679
|move|p2a: Primarina|Flip Turn|p1a: Slowking
|-damage|p1a: Slowking|89/100
|-damage|p2a: Primarina|16/100|[from] item: Rocky Helmet|[of] p1a: Slowking
|
|t:|1758351684
|switch|p2a: Gholdengo|Gholdengo|100/100|[from] Flip Turn
|move|p1a: Slowking|Future Sight|p2a: Gholdengo
|-start|p1a: Slowking|move: Future Sight
|
|upkeep
|turn|4
|
|t:|1758351689
|move|p2a: Gholdengo|Thunder Wave|p1a: Slowking
|-status|p1a: Slowking|par
|-prepare|p1a: Slowking|Chilly Reception|[premajor]
|cant|p1a: Slowking|par
|
|upkeep
|turn|5
|
|t:|1758351694
|switch|p1a: Garganacl|Garganacl, F|100/100
|move|p2a: Gholdengo|Hex|p1a: Garganacl
|-damage|p1a: Garganacl|91/100
|
|-end|p2a: Gholdengo|move: Future Sight
|-resisted|p2a: Gholdengo
|-damage|p2a: Gholdengo|78/100
|-heal|p2a: Gholdengo|84/100|[from] item: Leftovers
|-heal|p1a: Garganacl|98/100|[from] item: Leftovers
|upkeep
|turn|6
|
|t:|1758351699
|switch|p2a: Primarina|Primarina, F|16/100
|switch|p1a: Cinderace|Cinderace, M|100/100
|
|upkeep
|turn|7
|
|t:|1758351704
|switch|p2a: Heatran|Heatran, M|100/100
|move|p1a: Cinderace|Pyro Ball|p2a: Heatran
|-start|p2a: Heatran|ability: Flash Fire
|
|upkeep
|turn|8
|
|t:|1758351708
|move|p1a: Cinderace|High Jump Kick|p2a: Heatran
|-start|p1a: Cinderace|typechange|Fighting|[from] ability: Libero
|-supereffective|p2a: Heatran
|-damage|p2a: Heatran|0 fnt
|faint|p2a: Heatran
|
|upkeep
|
|t:|1758351715
|switch|p2a: Cinderace|Cinderace, M|13/100
|turn|9
|
|t:|1758351721
|switch|p1a: Garganacl|Garganacl, F|98/100
|move|p2a: Cinderace|Pyro Ball|p1a: Garganacl
|-resisted|p1a: Garganacl
|-damage|p1a: Garganacl|67/100
|
|-heal|p1a: Garganacl|74/100|[from] item: Leftovers
|upkeep
|turn|10
|
|t:|1758351727
|switch|p2a: Primarina|Primarina, F|16/100
|move|p1a: Garganacl|Protect||[still]
|-fail|p1a: Garganacl
|
|-heal|p1a: Garganacl|80/100|[from] item: Leftovers
|upkeep
|turn|11
|
|t:|1758351730
|move|p1a: Garganacl|Protect|p1a: Garganacl
|-singleturn|p1a: Garganacl|Protect
|move|p2a: Primarina|Hyper Voice|p1a: Garganacl
|-activate|p1a: Garganacl|move: Protect
|
|-heal|p1a: Garganacl|86/100|[from] item: Leftovers
|upkeep
|turn|12
|
|t:|1758351735
|switch|p1a: Slowking|Slowking-Galar, F|100/100 par
|move|p2a: Primarina|Hyper Voice|p1a: Slowking
|-damage|p1a: Slowking|64/100 par
|
|upkeep
|turn|13
|
|t:|1758351742
|move|p2a: Primarina|Hyper Voice|p1a: Slowking
|-damage|p1a: Slowking|26/100 par
|-prepare|p1a: Slowking|Chilly Reception|[premajor]
|cant|p1a: Slowking|par
|
|upkeep
|turn|14
|
|t:|1758351748
|switch|p1a: Rillaboom|Rillaboom, M|100/100
|-fieldstart|move: Grassy Terrain|[from] ability: Grassy Surge|[of] p1a: Rillaboom
|move|p2a: Primarina|Hyper Voice|p1a: Rillaboom
|-resisted|p1a: Rillaboom
|-damage|p1a: Rillaboom|69/100
|
|-heal|p1a: Rillaboom|75/100|[from] Grassy Terrain
|-heal|p2a: Primarina|22/100|[from] Grassy Terrain
|upkeep
|turn|15
|
|t:|1758351752
|move|p1a: Rillaboom|Grassy Glide|p2a: Primarina
|-supereffective|p2a: Primarina
|-crit|p2a: Primarina
|-damage|p2a: Primarina|0 fnt
|faint|p2a: Primarina
|
|-heal|p1a: Rillaboom|81/100|[from] Grassy Terrain
|upkeep
|
|t:|1758351755
|switch|p2a: Great Tusk|Great Tusk|100/100
|turn|16
|
|t:|1758351757
|switch|p1a: Landorus|Landorus-Therian, M|100/100
|-ability|p1a: Landorus|Intimidate|boost
|-unboost|p2a: Great Tusk|atk|1
|move|p2a: Great Tusk|Knock Off|p1a: Landorus
|-damage|p1a: Landorus|88/100
|-damage|p2a: Great Tusk|84/100|[from] item: Rocky Helmet|[of] p1a: Landorus
|-enditem|p1a: Landorus|Rocky Helmet|[from] move: Knock Off|[of] p2a: Great Tusk
|
|-heal|p2a: Great Tusk|90/100|[from] Grassy Terrain
|upkeep
|turn|17
|
|t:|1758351763
|switch|p1a: Slowking|Slowking-Galar, F|59/100 par
|move|p2a: Great Tusk|Body Press|p1a: Slowking
|-resisted|p1a: Slowking
|-damage|p1a: Slowking|51/100 par
|-damage|p2a: Great Tusk|74/100|[from] item: Rocky Helmet|[of] p1a: Slowking
|
|-heal|p2a: Great Tusk|80/100|[from] Grassy Terrain
|-heal|p1a: Slowking|57/100 par|[from] Grassy Terrain
|upkeep
|turn|18
|j| alastour
|
|t:|1758351766
|switch|p1a: Landorus|Landorus-Therian, M|88/100
|-ability|p1a: Landorus|Intimidate|boost
|-unboost|p2a: Great Tusk|atk|1
|move|p2a: Great Tusk|Knock Off|p1a: Landorus
|-damage|p1a: Landorus|81/100
|
|-heal|p2a: Great Tusk|86/100|[from] Grassy Terrain
|-fieldend|move: Grassy Terrain
|upkeep
|turn|19
|
|t:|1758351772
|switch|p1a: Slowking|Slowking-Galar, F|91/100 par
|move|p2a: Great Tusk|Body Press|p1a: Slowking
|-resisted|p1a: Slowking
|-damage|p1a: Slowking|83/100 par
|-damage|p2a: Great Tusk|69/100|[from] item: Rocky Helmet|[of] p1a: Slowking
|
|upkeep
|turn|20
|
|t:|1758351778
|move|p2a: Great Tusk|Knock Off|p1a: Slowking
|-supereffective|p1a: Slowking
|-crit|p1a: Slowking
|-damage|p1a: Slowking|23/100 par
|-damage|p2a: Great Tusk|53/100|[from] item: Rocky Helmet|[of] p1a: Slowking
|-enditem|p1a: Slowking|Rocky Helmet|[from] move: Knock Off|[of] p2a: Great Tusk
|move|p1a: Slowking|Psychic|p2a: Great Tusk
|-supereffective|p2a: Great Tusk
|-damage|p2a: Great Tusk|0 fnt
|faint|p2a: Great Tusk
|-end|p2a: Great Tusk|Protosynthesis|[silent]
|
|upkeep
|
|t:|1758351785
|switch|p2a: Cinderace|Cinderace, M|13/100
|turn|21
|
|t:|1758351792
|move|p2a: Cinderace|U-turn|p1a: Slowking
|-start|p2a: Cinderace|typechange|Bug|[from] ability: Libero
|-damage|p1a: Slowking|0 fnt
|faint|p1a: Slowking
|
|t:|1758351794
|switch|p2a: Gholdengo|Gholdengo|84/100|[from] U-turn
|
|-heal|p2a: Gholdengo|90/100|[from] item: Leftovers
|upkeep
|
|t:|1758351797
|switch|p1a: Cinderace|Cinderace, M|100/100
|turn|22
|
|t:|1758351803
|move|p1a: Cinderace|U-turn|p2a: Gholdengo
|-start|p1a: Cinderace|typechange|Bug|[from] ability: Libero
|-resisted|p2a: Gholdengo
|-damage|p2a: Gholdengo|84/100
|
|t:|1758351808
|switch|p1a: Landorus|Landorus-Therian, M|81/100|[from] U-turn
|-ability|p1a: Landorus|Intimidate|boost
|-unboost|p2a: Gholdengo|atk|1
|move|p2a: Gholdengo|Thunder Wave|p1a: Landorus
|-immune|p1a: Landorus
|
|-heal|p2a: Gholdengo|90/100|[from] item: Leftovers
|upkeep
|turn|23
|j| Swagboss123456789
|
|t:|1758351813
|move|p2a: Gholdengo|Make It Rain|p1a: Landorus
|-damage|p1a: Landorus|30/100
|-unboost|p2a: Gholdengo|spa|1
|move|p1a: Landorus|Earthquake|p2a: Gholdengo
|-supereffective|p2a: Gholdengo
|-damage|p2a: Gholdengo|23/100
|
|-heal|p2a: Gholdengo|29/100|[from] item: Leftovers
|upkeep
|turn|24
|
|t:|1758351820
|move|p2a: Gholdengo|Make It Rain|p1a: Landorus
|-damage|p1a: Landorus|0 fnt
|-unboost|p2a: Gholdengo|spa|1
|faint|p1a: Landorus
|
|-heal|p2a: Gholdengo|35/100|[from] item: Leftovers
|upkeep
|
|t:|1758351823
|switch|p1a: Cinderace|Cinderace, M|100/100
|turn|25
|
|t:|1758351826
|move|p1a: Cinderace|Pyro Ball|p2a: Gholdengo
|-supereffective|p2a: Gholdengo
|-damage|p2a: Gholdengo|0 fnt
|faint|p2a: Gholdengo
|
|upkeep
|
|t:|1758351827
|switch|p2a: Cinderace|Cinderace, M|13/100
|turn|26
|
|t:|1758351830
|move|p2a: Cinderace|High Jump Kick|p1a: Cinderace
|-start|p2a: Cinderace|typechange|Fighting|[from] ability: Libero
|-crit|p1a: Cinderace
|-damage|p1a: Cinderace|0 fnt
|faint|p1a: Cinderace
|
|upkeep
|
|t:|1758351837
|switch|p1a: Rillaboom|Rillaboom, M|81/100
|-fieldstart|move: Grassy Terrain|[from] ability: Grassy Surge|[of] p1a: Rillaboom
|turn|27
|
|t:|1758351839
|move|p1a: Rillaboom|Grassy Glide|p2a: Cinderace
|-damage|p2a: Cinderace|0 fnt
|faint|p2a: Cinderace
|
|-heal|p1a: Rillaboom|87/100|[from] Grassy Terrain
|upkeep
|
|t:|1758351840
|switch|p2a: Iron Valiant|Iron Valiant|100/100
|-enditem|p2a: Iron Valiant|Booster Energy
|-activate|p2a: Iron Valiant|ability: Quark Drive|[fromitem]
|-start|p2a: Iron Valiant|quarkdrivespe
|turn|28
|
|t:|1758351843
|move|p2a: Iron Valiant|Moonblast|p1a: Rillaboom
|-damage|p1a: Rillaboom|27/100
|move|p1a: Rillaboom|Wood Hammer|p2a: Iron Valiant
|-damage|p2a: Iron Valiant|0 fnt
|faint|p2a: Iron Valiant
|-end|p2a: Iron Valiant|Quark Drive|[silent]
|-damage|p1a: Rillaboom|0 fnt|[from] Recoil
|faint|p1a: Rillaboom
|
|win|Ctannn
|raw|Ctannn's rating: 1778 &rarr; <strong>1792</strong><br />(+14 for winning)
|raw|EmmanuelR205506's rating: 1679 &rarr; <strong>1665</strong><br />(-14 for losing)
|l|☆EmmanuelR205506
|player|p2|
|l|☆Ctannn
|player|p1|
|l| alastour
|l| Swagboss123456789
