|j|☆Siddim Perdim
|j|☆almighty shiest
|t:|1758315269
|gametype|singles
|player|p1|Siddim Perdim|unknownf|1420
|player|p2|almighty shiest|guzma|1430
|gen|9
|tier|[Gen 9] OU
|rated|
|rule|HP Percentage Mod: HP is shown in percentages
|rule|Endless Battle Clause: Forcing endless battles is banned
|rule|Species Clause: Limit one of each Pokémon
|rule|OHKO Clause: OHKO moves are banned
|rule|Evasion Items Clause: Evasion items are banned
|rule|Evasion Moves Clause: Evasion moves are banned
|rule|Evasion Abilities Clause: Evasion abilities are banned
|rule|Sleep Moves Clause: Sleep-inducing moves are banned
|clearpoke
|poke|p1|Dragonite, M|
|poke|p1|Zamazenta-*|
|poke|p1|Gholdengo|
|poke|p1|Skarmory, M|
|poke|p1|Ting-Lu|
|poke|p1|Clefable, M|
|poke|p2|Dragapult, M|
|poke|p2|Glimmora, M|
|poke|p2|Comfey, M|
|poke|p2|Kingambit, M|
|poke|p2|Ogerpon-Wellspring, F|
|poke|p2|Blaziken, M|
|teampreview
|inactive|Battle timer is ON: inactive players will automatically lose when time's up. (requested by Siddim Perdim)
|inactive|almighty shiest also wants the timer to be on.
|inactive|almighty shiest has 120 seconds left.
|
|t:|1758315303
|teamsize|p1|6
|teamsize|p2|6
|start
|switch|p1a: Clefable|Clefable, M|100/100
|switch|p2a: Ogerpon|Ogerpon-Wellspring, F|100/100
|turn|1
|
|t:|1758315309
|move|p2a: Ogerpon|Taunt|p1a: Clefable
|-start|p1a: Clefable|move: Taunt
|cant|p1a: Clefable|move: Taunt|Thunder Wave
|
|upkeep
|turn|2
|
|t:|1758315320
|switch|p1a: Zamazenta|Zamazenta|100/100
|-ability|p1a: Zamazenta|Dauntless Shield|boost
|-boost|p1a: Zamazenta|def|1
|move|p2a: Ogerpon|Spikes|p1a: Zamazenta
|-sidestart|p1: Siddim Perdim|Spikes
|
|upkeep
|turn|3
|
|t:|1758315329
|switch|p2a: Glimmora|Glimmora, M|100/100
|move|p1a: Zamazenta|Crunch|p2a: Glimmora
|-damage|p2a: Glimmora|79/100
|-activate|p2a: Glimmora|ability: Toxic Debris
|-sidestart|p1: Siddim Perdim|move: Toxic Spikes
|-enditem|p2a: Glimmora|Red Card|[of] p1a: Zamazenta
|drag|p1a: Clefable|Clefable, M|100/100
|-status|p1a: Clefable|psn
|
|upkeep
|turn|4
|
|t:|1758315347
|move|p2a: Glimmora|Stealth Rock|p1a: Clefable
|-sidestart|p1: Siddim Perdim|move: Stealth Rock
|move|p1a: Clefable|Thunder Wave|p2a: Glimmora
|-status|p2a: Glimmora|par
|
|upkeep
|turn|5
|
|t:|1758315354
|move|p1a: Clefable|Encore|p2a: Glimmora
|-start|p2a: Glimmora|Encore
|cant|p2a: Glimmora|par
|
|upkeep
|turn|6
|
|t:|1758315361
|switch|p1a: Zamazenta|Zamazenta|100/100
|cant|p2a: Glimmora|par
|
|upkeep
|turn|7
|
|t:|1758315370
|move|p1a: Zamazenta|Heavy Slam|p2a: Glimmora
|-supereffective|p2a: Glimmora
|-damage|p2a: Glimmora|30/100 par
|-activate|p2a: Glimmora|ability: Toxic Debris
|-sidestart|p1: Siddim Perdim|move: Toxic Spikes
|move|p2a: Glimmora|Stealth Rock||[still]
|-fail|p2a: Glimmora
|
|-end|p2a: Glimmora|Encore
|upkeep
|turn|8
|
|t:|1758315380
|move|p1a: Zamazenta|Close Combat|p2a: Glimmora
|-damage|p2a: Glimmora|0 fnt
|-unboost|p1a: Zamazenta|def|1
|-unboost|p1a: Zamazenta|spd|1
|faint|p2a: Glimmora
|
|upkeep
|
|t:|1758315389
|switch|p2a: Comfey|Comfey, M|100/100
|turn|9
|
|t:|1758315402
|move|p1a: Zamazenta|Heavy Slam|p2a: Comfey
|-supereffective|p2a: Comfey
|-damage|p2a: Comfey|0 fnt
|faint|p2a: Comfey
|
|upkeep
|
|t:|1758315413
|switch|p2a: Dragapult|Dragapult, M|100/100
|turn|10
|
|t:|1758315417
|switch|p1a: Ting-Lu|Ting-Lu|100/100
|-damage|p1a: Ting-Lu|88/100|[from] Spikes
|-status|p1a: Ting-Lu|tox
|-damage|p1a: Ting-Lu|82/100 tox|[from] Stealth Rock
|-ability|p1a: Ting-Lu|Vessel of Ruin
|move|p2a: Dragapult|Shadow Ball|p1a: Ting-Lu
|-resisted|p1a: Ting-Lu
|-damage|p1a: Ting-Lu|73/100 tox
|-damage|p2a: Dragapult|91/100|[from] item: Life Orb
|
|-damage|p1a: Ting-Lu|67/100 tox|[from] psn
|upkeep
|turn|11
|
|t:|1758315431
|switch|p2a: Ogerpon|Ogerpon-Wellspring, F|100/100
|move|p1a: Ting-Lu|Ruination|p2a: Ogerpon
|-damage|p2a: Ogerpon|51/100
|
|-damage|p1a: Ting-Lu|55/100 tox|[from] psn
|upkeep
|turn|12
|
|t:|1758315444
|move|p2a: Ogerpon|Ivy Cudgel|p1a: Ting-Lu|[anim] Ivy Cudgel Water
|-supereffective|p1a: Ting-Lu
|-damage|p1a: Ting-Lu|0 fnt
|faint|p1a: Ting-Lu
|
|upkeep
|
|t:|1758315448
|switch|p1a: Zamazenta|Zamazenta|100/100
|turn|13
|
|t:|1758315454
|move|p1a: Zamazenta|Close Combat|p2a: Ogerpon
|-damage|p2a: Ogerpon|0 fnt
|-unboost|p1a: Zamazenta|def|1
|-unboost|p1a: Zamazenta|spd|1
|faint|p2a: Ogerpon
|
|upkeep
|
|t:|1758315460
|switch|p2a: Dragapult|Dragapult, M|91/100
|turn|14
|
|t:|1758315473
|switch|p1a: Clefable|Clefable, M|100/100 psn
|move|p2a: Dragapult|Shadow Ball|p1a: Clefable
|-damage|p1a: Clefable|62/100 psn
|-damage|p2a: Dragapult|81/100|[from] item: Life Orb
|
|upkeep
|turn|15
|
|t:|1758315482
|move|p2a: Dragapult|Shadow Ball|p1a: Clefable
|-damage|p1a: Clefable|17/100 psn
|-damage|p2a: Dragapult|71/100|[from] item: Life Orb
|move|p1a: Clefable|Thunder Wave|p2a: Dragapult|[miss]
|-miss|p1a: Clefable|p2a: Dragapult
|
|upkeep
|turn|16
|
|t:|1758315490
|move|p2a: Dragapult|Shadow Ball|p1a: Clefable
|-damage|p1a: Clefable|0 fnt
|faint|p1a: Clefable
|-damage|p2a: Dragapult|61/100|[from] item: Life Orb
|
|upkeep
|
|t:|1758315495
|switch|p1a: Zamazenta|Zamazenta|100/100
|turn|17
|
|t:|1758315499
|-terastallize|p1a: Zamazenta|Dark
|move|p2a: Dragapult|Draco Meteor|p1a: Zamazenta
|-damage|p1a: Zamazenta|36/100
|-unboost|p2a: Dragapult|spa|2
|-damage|p2a: Dragapult|52/100|[from] item: Life Orb
|move|p1a: Zamazenta|Crunch|p2a: Dragapult
|-supereffective|p2a: Dragapult
|-damage|p2a: Dragapult|0 fnt
|faint|p2a: Dragapult
|
|upkeep
|
|t:|1758315512
|switch|p2a: Blaziken|Blaziken, M, shiny|100/100
|turn|18
|
|t:|1758315515
|switch|p1a: Dragonite|Dragonite, M|100/100
|move|p2a: Blaziken|Protect||[still]
|-fail|p2a: Blaziken
|
|-ability|p2a: Blaziken|Speed Boost|boost
|-boost|p2a: Blaziken|spe|1
|upkeep
|turn|19
|
|t:|1758315526
|move|p2a: Blaziken|Knock Off|p1a: Dragonite
|-damage|p1a: Dragonite|81/100
|-enditem|p1a: Dragonite|Heavy-Duty Boots|[from] move: Knock Off|[of] p2a: Blaziken
|-damage|p2a: Blaziken|91/100|[from] item: Life Orb
|move|p1a: Dragonite|Earthquake|p2a: Blaziken
|-supereffective|p2a: Blaziken
|-damage|p2a: Blaziken|0 fnt
|faint|p2a: Blaziken
|
|upkeep
|
|t:|1758315536
|switch|p2a: Kingambit|Kingambit, M|100/100
|-activate|p2a: Kingambit|ability: Supreme Overlord
|-start|p2a: Kingambit|fallen5|[silent]
|turn|20
|
|t:|1758315541
|-terastallize|p2a: Kingambit|Ghost
|move|p1a: Dragonite|Earthquake|p2a: Kingambit
|-damage|p2a: Kingambit|72/100
|move|p2a: Kingambit|Swords Dance|p2a: Kingambit
|-boost|p2a: Kingambit|atk|2
|
|-heal|p2a: Kingambit|78/100|[from] item: Leftovers
|upkeep
|turn|21
|
|t:|1758315551
|move|p2a: Kingambit|Sucker Punch|p1a: Dragonite
|-crit|p1a: Dragonite
|-damage|p1a: Dragonite|0 fnt
|faint|p1a: Dragonite
|
|-heal|p2a: Kingambit|85/100|[from] item: Leftovers
|upkeep
|
|t:|1758315554
|switch|p1a: Skarmory|Skarmory, M|100/100
|-damage|p1a: Skarmory|88/100|[from] Stealth Rock
|turn|22
|
|t:|1758315562
|move|p1a: Skarmory|Roost|p1a: Skarmory
|-heal|p1a: Skarmory|100/100
|-singleturn|p1a: Skarmory|move: Roost
|move|p2a: Kingambit|Kowtow Cleave|p1a: Skarmory
|-damage|p1a: Skarmory|16/100
|
|-heal|p1a: Skarmory|22/100|[from] item: Leftovers
|-heal|p2a: Kingambit|91/100|[from] item: Leftovers
|upkeep
|turn|23
|
|t:|1758315576
|move|p1a: Skarmory|Roost|p1a: Skarmory
|-heal|p1a: Skarmory|72/100
|-singleturn|p1a: Skarmory|move: Roost
|move|p2a: Kingambit|Swords Dance|p2a: Kingambit
|-boost|p2a: Kingambit|atk|2
|
|-heal|p1a: Skarmory|78/100|[from] item: Leftovers
|-heal|p2a: Kingambit|97/100|[from] item: Leftovers
|upkeep
|turn|24
|l|☆Siddim Perdim
|inactive|Siddim Perdim disconnected and has a minute to reconnect!
|player|p1|
|inactive|Siddim Perdim has 30 seconds to reconnect!
|inactive|Siddim Perdim has 20 seconds to reconnect!
|inactive|Siddim Perdim has 15 seconds to reconnect!
|inactive|Siddim Perdim has 10 seconds to reconnect!
|c|☆almighty shiest|gg
|inactive|Siddim Perdim has 5 seconds to reconnect!
|-message|Siddim Perdim lost due to inactivity.
|
|win|almighty shiest
|raw|Siddim Perdim's rating: 1420 &rarr; <strong>1401</strong><br />(-19 for losing)
|raw|almighty shiest's rating: 1430 &rarr; <strong>1449</strong><br />(+19 for winning)
