|j|☆poooooopooopoop
|j|☆Osasamos
|t:|1758301345
|gametype|singles
|player|p1|poooooopooopoop|2|1165
|player|p2|Osasamos|102|1222
|gen|9
|tier|[Gen 9] OU
|rated|
|rule|HP Percentage Mod: HP is shown in percentages
|rule|Endless Battle Clause: Forcing endless battles is banned
|rule|Species Clause: Limit one of each Pokémon
|rule|OHKO Clause: OHKO moves are banned
|rule|Evasion Items Clause: Evasion items are banned
|rule|Evasion Moves Clause: Evasion moves are banned
|rule|Evasion Abilities Clause: Evasion abilities are banned
|rule|Sleep Moves Clause: Sleep-inducing moves are banned
|clearpoke
|poke|p1|Zapdos|
|poke|p1|Glimmora, F|
|poke|p1|Rillaboom, M|
|poke|p1|Avalugg-Hisui, F|
|poke|p1|Tentacruel, M|
|poke|p1|Moltres|
|poke|p2|Metagross|
|poke|p2|Ting-Lu|
|poke|p2|Deoxys-Speed|
|poke|p2|Iron Valiant|
|poke|p2|Raging Bolt|
|poke|p2|Gliscor, M|
|teampreview
|inactive|Battle timer is ON: inactive players will automatically lose when time's up. (requested by Osasamos)
|
|t:|1758301349
|teamsize|p1|6
|teamsize|p2|6
|start
|switch|p1a: Avalugg|Avalugg-Hisui, F|100/100
|switch|p2a: Deoxys|Deoxys-Speed|100/100
|-ability|p2a: Deoxys|Pressure
|turn|1
|c|☆poooooopooopoop|avalugg goat
|
|t:|1758301364
|move|p2a: Deoxys|Psycho Boost|p1a: Avalugg
|-ability|p1a: Avalugg|Sturdy
|-damage|p1a: Avalugg|1/100
|-unboost|p2a: Deoxys|spa|2
|-damage|p2a: Deoxys|91/100|[from] item: Life Orb
|move|p1a: Avalugg|Stealth Rock|p2a: Deoxys
|-sidestart|p2: Osasamos|move: Stealth Rock
|
|upkeep
|turn|2
|-enditem|p1a: Avalugg|Custap Berry|[eat]
|-activate|p1a: Avalugg|item: Custap Berry|[consumed]
|
|t:|1758301371
|move|p1a: Avalugg|Mountain Gale|p2a: Deoxys
|-damage|p2a: Deoxys|24/100
|move|p2a: Deoxys|Energy Ball|p1a: Avalugg
|-supereffective|p1a: Avalugg
|-damage|p1a: Avalugg|0 fnt
|faint|p1a: Avalugg
|-damage|p2a: Deoxys|14/100|[from] item: Life Orb
|
|upkeep
|
|t:|1758301377
|switch|p1a: Rillaboom|Rillaboom, M|100/100
|-fieldstart|move: Grassy Terrain|[from] ability: Grassy Surge|[of] p1a: Rillaboom
|turn|3
|
|t:|1758301382
|move|p1a: Rillaboom|Grassy Glide|p2a: Deoxys
|-damage|p2a: Deoxys|0 fnt
|faint|p2a: Deoxys
|-damage|p1a: Rillaboom|91/100|[from] item: Life Orb
|
|-heal|p1a: Rillaboom|97/100|[from] Grassy Terrain
|upkeep
|
|t:|1758301388
|switch|p2a: Metagross|Metagross|100/100
|-damage|p2a: Metagross|94/100|[from] Stealth Rock
|turn|4
|
|t:|1758301400
|move|p1a: Rillaboom|Knock Off|p2a: Metagross
|-supereffective|p2a: Metagross
|-damage|p2a: Metagross|27/100
|-enditem|p2a: Metagross|Choice Band|[from] move: Knock Off|[of] p1a: Rillaboom
|-damage|p1a: Rillaboom|87/100|[from] item: Life Orb
|move|p2a: Metagross|Ice Punch|p1a: Rillaboom
|-supereffective|p1a: Rillaboom
|-damage|p1a: Rillaboom|25/100
|
|-heal|p1a: Rillaboom|31/100|[from] Grassy Terrain
|-heal|p2a: Metagross|33/100|[from] Grassy Terrain
|upkeep
|turn|5
|
|t:|1758301412
|move|p1a: Rillaboom|High Horsepower|p2a: Metagross
|-supereffective|p2a: Metagross
|-damage|p2a: Metagross|0 fnt
|faint|p2a: Metagross
|-damage|p1a: Rillaboom|21/100|[from] item: Life Orb
|
|-heal|p1a: Rillaboom|27/100|[from] Grassy Terrain
|upkeep
|
|t:|1758301421
|switch|p2a: Raging Bolt|Raging Bolt|100/100
|-damage|p2a: Raging Bolt|88/100|[from] Stealth Rock
|-enditem|p2a: Raging Bolt|Booster Energy
|-activate|p2a: Raging Bolt|ability: Protosynthesis|[fromitem]
|-start|p2a: Raging Bolt|protosynthesisspa
|turn|6
|
|t:|1758301433
|move|p1a: Rillaboom|High Horsepower|p2a: Raging Bolt
|-supereffective|p2a: Raging Bolt
|-damage|p2a: Raging Bolt|26/100
|-damage|p1a: Rillaboom|18/100|[from] item: Life Orb
|move|p2a: Raging Bolt|Volt Switch|p1a: Rillaboom
|-resisted|p1a: Rillaboom
|-damage|p1a: Rillaboom|0 fnt
|faint|p1a: Rillaboom
|
|t:|1758301438
|-end|p2a: Raging Bolt|Protosynthesis|[silent]
|switch|p2a: Iron Valiant|Iron Valiant|100/100|[from] Volt Switch
|-damage|p2a: Iron Valiant|94/100|[from] Stealth Rock
|-enditem|p2a: Iron Valiant|Booster Energy
|-activate|p2a: Iron Valiant|ability: Quark Drive|[fromitem]
|-start|p2a: Iron Valiant|quarkdrivespa
|
|-heal|p2a: Iron Valiant|100/100|[from] Grassy Terrain
|upkeep
|
|t:|1758301445
|switch|p1a: Moltres|Moltres|100/100
|turn|7
|
|t:|1758301449
|move|p2a: Iron Valiant|Agility|p2a: Iron Valiant
|-boost|p2a: Iron Valiant|spe|2
|move|p1a: Moltres|Air Slash|p2a: Iron Valiant
|-supereffective|p2a: Iron Valiant
|-damage|p2a: Iron Valiant|0 fnt
|faint|p2a: Iron Valiant
|-end|p2a: Iron Valiant|Quark Drive|[silent]
|
|-fieldend|move: Grassy Terrain
|upkeep
|
|t:|1758301453
|switch|p2a: Gliscor|Gliscor, M|100/100
|-damage|p2a: Gliscor|88/100|[from] Stealth Rock
|turn|8
|
|t:|1758301463
|switch|p1a: Zapdos|Zapdos|100/100
|move|p2a: Gliscor|Agility|p2a: Gliscor
|-boost|p2a: Gliscor|spe|2
|
|-status|p2a: Gliscor|tox|[from] item: Toxic Orb
|upkeep
|turn|9
|
|t:|1758301468
|move|p2a: Gliscor|Swords Dance|p2a: Gliscor
|-boost|p2a: Gliscor|atk|2
|move|p1a: Zapdos|Metal Sound|p2a: Gliscor
|-unboost|p2a: Gliscor|spd|2
|-enditem|p1a: Zapdos|Throat Spray
|-boost|p1a: Zapdos|spa|1|[from] item: Throat Spray
|
|-heal|p2a: Gliscor|100/100 tox|[from] ability: Poison Heal
|upkeep
|turn|10
|
|t:|1758301480
|-terastallize|p1a: Zapdos|Normal
|move|p2a: Gliscor|Knock Off|p1a: Zapdos
|-damage|p1a: Zapdos|62/100
|move|p1a: Zapdos|Hyper Beam|p2a: Gliscor
|-damage|p2a: Gliscor|0 fnt
|-mustrecharge|p1a: Zapdos
|faint|p2a: Gliscor
|
|upkeep
|
|t:|1758301488
|switch|p2a: Raging Bolt|Raging Bolt|26/100
|-damage|p2a: Raging Bolt|13/100|[from] Stealth Rock
|turn|11
|c|☆poooooopooopoop|nuke
|
|t:|1758301493
|cant|p1a: Zapdos|recharge
|move|p2a: Raging Bolt|Draco Meteor|p1a: Zapdos
|-damage|p1a: Zapdos|0 fnt
|-unboost|p2a: Raging Bolt|spa|2
|faint|p1a: Zapdos
|
|upkeep
|
|t:|1758301498
|switch|p1a: Moltres|Moltres|100/100
|turn|12
|
|t:|1758301506
|move|p2a: Raging Bolt|Thunderclap|p1a: Moltres
|-supereffective|p1a: Moltres
|-damage|p1a: Moltres|51/100
|move|p1a: Moltres|Ancient Power|p2a: Raging Bolt
|-damage|p2a: Raging Bolt|0 fnt
|faint|p2a: Raging Bolt
|-end|p2a: Raging Bolt|Protosynthesis|[silent]
|
|upkeep
|
|t:|1758301509
|switch|p2a: Ting-Lu|Ting-Lu|100/100
|-damage|p2a: Ting-Lu|94/100|[from] Stealth Rock
|-ability|p2a: Ting-Lu|Vessel of Ruin
|turn|13
|
|t:|1758301516
|move|p1a: Moltres|Flamethrower|p2a: Ting-Lu
|-damage|p2a: Ting-Lu|71/100
|move|p2a: Ting-Lu|Stealth Rock|p1a: Moltres
|-sidestart|p1: poooooopooopoop|move: Stealth Rock
|
|-heal|p2a: Ting-Lu|77/100|[from] item: Leftovers
|upkeep
|turn|14
|
|t:|1758301526
|move|p1a: Moltres|Air Slash|p2a: Ting-Lu
|-damage|p2a: Ting-Lu|58/100
|cant|p2a: Ting-Lu|flinch
|
|-heal|p2a: Ting-Lu|65/100|[from] item: Leftovers
|upkeep
|turn|15
|
|t:|1758301529
|move|p1a: Moltres|Air Slash|p2a: Ting-Lu
|-damage|p2a: Ting-Lu|46/100
|move|p2a: Ting-Lu|Spikes|p1a: Moltres
|-sidestart|p1: poooooopooopoop|Spikes
|
|-heal|p2a: Ting-Lu|52/100|[from] item: Leftovers
|upkeep
|turn|16
|
|t:|1758301533
|move|p1a: Moltres|Air Slash|p2a: Ting-Lu
|-damage|p2a: Ting-Lu|33/100
|move|p2a: Ting-Lu|Spikes|p1a: Moltres
|-sidestart|p1: poooooopooopoop|Spikes
|
|-heal|p2a: Ting-Lu|39/100|[from] item: Leftovers
|upkeep
|turn|17
|
|t:|1758301536
|move|p2a: Ting-Lu|Protect|p2a: Ting-Lu
|-singleturn|p2a: Ting-Lu|Protect
|move|p1a: Moltres|Air Slash|p2a: Ting-Lu
|-activate|p2a: Ting-Lu|move: Protect
|
|-heal|p2a: Ting-Lu|45/100|[from] item: Leftovers
|upkeep
|turn|18
|
|t:|1758301537
|move|p1a: Moltres|Air Slash|p2a: Ting-Lu
|-damage|p2a: Ting-Lu|24/100
|move|p2a: Ting-Lu|Whirlwind|p1a: Moltres
|drag|p1a: Glimmora|Glimmora, F|100/100
|-damage|p1a: Glimmora|88/100|[from] Stealth Rock
|-damage|p1a: Glimmora|72/100|[from] Spikes
|
|-heal|p2a: Ting-Lu|31/100|[from] item: Leftovers
|upkeep
|turn|19
|
|t:|1758301542
|move|p1a: Glimmora|Toxic|p2a: Ting-Lu
|-status|p2a: Ting-Lu|tox
|move|p2a: Ting-Lu|Whirlwind|p1a: Glimmora
|drag|p1a: Tentacruel|Tentacruel, M|100/100
|-damage|p1a: Tentacruel|88/100|[from] Stealth Rock
|-damage|p1a: Tentacruel|72/100|[from] Spikes
|
|-heal|p2a: Ting-Lu|37/100 tox|[from] item: Leftovers
|-damage|p2a: Ting-Lu|31/100 tox|[from] psn
|upkeep
|turn|20
|
|t:|1758301547
|move|p1a: Tentacruel|Rapid Spin|p2a: Ting-Lu
|-damage|p2a: Ting-Lu|27/100 tox
|-boost|p1a: Tentacruel|spe|1
|-sideend|p1: poooooopooopoop|Spikes|[from] move: Rapid Spin|[of] p1a: Tentacruel
|-sideend|p1: poooooopooopoop|Stealth Rock|[from] move: Rapid Spin|[of] p1a: Tentacruel
|move|p2a: Ting-Lu|Whirlwind|p1a: Tentacruel
|drag|p1a: Moltres|Moltres|51/100
|
|-heal|p2a: Ting-Lu|33/100 tox|[from] item: Leftovers
|-damage|p2a: Ting-Lu|21/100 tox|[from] psn
|upkeep
|turn|21
|-message|Osasamos forfeited.
|
|win|poooooopooopoop
|raw|poooooopooopoop's rating: 1165 &rarr; <strong>1194</strong><br />(+29 for winning)
|raw|Osasamos's rating: 1222 &rarr; <strong>1193</strong><br />(-29 for losing)
|l|☆Osasamos
|player|p2|
|l|☆poooooopooopoop
|player|p1|
