|j|☆AthenaSux
|j|☆Guerrero105
|t:|1758341774
|gametype|singles
|player|p1|AthenaSux|169|1446
|player|p2|Guerrero105|lucas-gen4pt|1443
|gen|9
|tier|[Gen 9] OU
|rated|
|rule|HP Percentage Mod: HP is shown in percentages
|rule|Endless Battle Clause: Forcing endless battles is banned
|rule|Species Clause: Limit one of each Pokémon
|rule|OHKO Clause: OHKO moves are banned
|rule|Evasion Items Clause: Evasion items are banned
|rule|Evasion Moves Clause: Evasion moves are banned
|rule|Evasion Abilities Clause: Evasion abilities are banned
|rule|Sleep Moves Clause: Sleep-inducing moves are banned
|clearpoke
|poke|p1|Toxicroak, F|
|poke|p1|Iron Treads|
|poke|p1|Hatterene, F|
|poke|p1|Barraskewda, F|
|poke|p1|Zapdos|
|poke|p1|Pelipper, F|
|poke|p2|Tinkaton, F|
|poke|p2|Cinderace, M|
|poke|p2|Gyarados, M|
|poke|p2|Vikavolt, M|
|poke|p2|Great Tusk|
|poke|p2|Sinistcha-Masterpiece|
|teampreview
|inactive|Battle timer is ON: inactive players will automatically lose when time's up. (requested by AthenaSux)
|
|t:|1758341789
|teamsize|p1|6
|teamsize|p2|6
|start
|switch|p1a: Pelipper|Pelipper, F|100/100
|switch|p2a: Vikavolt|Vikavolt, M|100/100
|-weather|RainDance|[from] ability: Drizzle|[of] p1a: Pelipper
|turn|1
|
|t:|1758341812
|switch|p1a: Iron Treads|Iron Treads|100/100
|move|p2a: Vikavolt|Sticky Web|p1a: Iron Treads
|-sidestart|p1: AthenaSux|move: Sticky Web
|
|-weather|RainDance|[upkeep]
|upkeep
|turn|2
|
|t:|1758341817
|switch|p2a: Sinistcha|Sinistcha-Masterpiece|100/100
|move|p1a: Iron Treads|Stealth Rock|p2a: Sinistcha
|-sidestart|p2: Guerrero105|move: Stealth Rock
|
|-weather|RainDance|[upkeep]
|upkeep
|turn|3
|
|t:|1758341829
|move|p2a: Sinistcha|Shadow Ball|p1a: Iron Treads
|-damage|p1a: Iron Treads|71/100
|move|p1a: Iron Treads|Volt Switch|p2a: Sinistcha
|-resisted|p2a: Sinistcha
|-damage|p2a: Sinistcha|93/100
|
|t:|1758341834
|-end|p1a: Iron Treads|Quark Drive|[silent]
|switch|p1a: Zapdos|Zapdos|100/100|[from] Volt Switch
|
|-weather|RainDance|[upkeep]
|-heal|p2a: Sinistcha|99/100|[from] item: Leftovers
|upkeep
|turn|4
|
|t:|1758341852
|switch|p2a: Vikavolt|Vikavolt, M|100/100
|-damage|p2a: Vikavolt|76/100|[from] Stealth Rock
|move|p1a: Zapdos|Hurricane|p2a: Vikavolt
|-damage|p2a: Vikavolt|0 fnt
|faint|p2a: Vikavolt
|
|-weather|RainDance|[upkeep]
|upkeep
|
|t:|1758341868
|switch|p2a: Gyarados|Gyarados, M|100/100
|turn|5
|
|t:|1758341875
|-terastallize|p2a: Gyarados|Ground
|move|p1a: Zapdos|Hurricane|p2a: Gyarados
|-damage|p2a: Gyarados|21/100
|-start|p2a: Gyarados|confusion
|-activate|p2a: Gyarados|confusion
|move|p2a: Gyarados|Dragon Dance|p2a: Gyarados
|-boost|p2a: Gyarados|atk|1
|-boost|p2a: Gyarados|spe|1
|
|-weather|RainDance|[upkeep]
|upkeep
|turn|6
|
|t:|1758341885
|-activate|p2a: Gyarados|confusion
|move|p2a: Gyarados|Waterfall|p1a: Zapdos
|-damage|p1a: Zapdos|0 fnt
|faint|p1a: Zapdos
|-ability|p2a: Gyarados|Moxie|boost
|-boost|p2a: Gyarados|atk|1
|
|-weather|RainDance|[upkeep]
|upkeep
|
|t:|1758341892
|switch|p1a: Barraskewda|Barraskewda, F|100/100
|-activate|p1a: Barraskewda|move: Sticky Web
|-unboost|p1a: Barraskewda|spe|1
|turn|7
|
|t:|1758341902
|move|p1a: Barraskewda|Flip Turn|p2a: Gyarados
|-supereffective|p2a: Gyarados
|-damage|p2a: Gyarados|0 fnt
|faint|p2a: Gyarados
|
|t:|1758341908
|switch|p1a: Pelipper|Pelipper, F|100/100|[from] Flip Turn
|
|-weather|RainDance|[upkeep]
|upkeep
|
|t:|1758341916
|switch|p2a: Tinkaton|Tinkaton, F|100/100
|-damage|p2a: Tinkaton|94/100|[from] Stealth Rock
|-ability|p2a: Tinkaton|Mold Breaker
|-item|p2a: Tinkaton|Air Balloon
|turn|8
|
|t:|1758341921
|move|p2a: Tinkaton|Thunder Wave|p1a: Pelipper|[miss]
|-miss|p2a: Tinkaton|p1a: Pelipper
|move|p1a: Pelipper|U-turn|p2a: Tinkaton
|-resisted|p2a: Tinkaton
|-damage|p2a: Tinkaton|91/100
|-enditem|p2a: Tinkaton|Air Balloon
|
|t:|1758341929
|switch|p1a: Iron Treads|Iron Treads|71/100|[from] U-turn
|-activate|p1a: Iron Treads|move: Sticky Web
|-unboost|p1a: Iron Treads|spe|1
|
|-weather|none
|-heal|p1a: Iron Treads|77/100|[from] item: Leftovers
|upkeep
|turn|9
|
|t:|1758341933
|switch|p2a: Sinistcha|Sinistcha-Masterpiece|99/100
|-damage|p2a: Sinistcha|87/100|[from] Stealth Rock
|move|p1a: Iron Treads|Volt Switch|p2a: Sinistcha
|-resisted|p2a: Sinistcha
|-damage|p2a: Sinistcha|80/100
|
|t:|1758341936
|-end|p1a: Iron Treads|Quark Drive|[silent]
|switch|p1a: Pelipper|Pelipper, F|100/100|[from] Volt Switch
|-weather|RainDance|[from] ability: Drizzle|[of] p1a: Pelipper
|
|-weather|RainDance|[upkeep]
|-heal|p2a: Sinistcha|86/100|[from] item: Leftovers
|upkeep
|turn|10
|
|t:|1758341943
|move|p2a: Sinistcha|Calm Mind|p2a: Sinistcha
|-boost|p2a: Sinistcha|spa|1
|-boost|p2a: Sinistcha|spd|1
|move|p1a: Pelipper|Hurricane|p2a: Sinistcha
|-supereffective|p2a: Sinistcha
|-damage|p2a: Sinistcha|23/100
|-start|p2a: Sinistcha|confusion
|
|-weather|RainDance|[upkeep]
|-heal|p2a: Sinistcha|29/100|[from] item: Leftovers
|upkeep
|turn|11
|
|t:|1758341950
|-activate|p2a: Sinistcha|confusion
|move|p2a: Sinistcha|Matcha Gotcha|p1a: Pelipper
|-damage|p1a: Pelipper|49/100
|-heal|p2a: Sinistcha|59/100|[from] drain|[of] p1a: Pelipper
|-status|p1a: Pelipper|brn
|move|p1a: Pelipper|Hurricane|p2a: Sinistcha
|-supereffective|p2a: Sinistcha
|-damage|p2a: Sinistcha|1/100
|
|-weather|RainDance|[upkeep]
|-heal|p2a: Sinistcha|7/100|[from] item: Leftovers
|-damage|p1a: Pelipper|43/100 brn|[from] brn
|upkeep
|turn|12
|
|t:|1758341963
|switch|p1a: Hatterene|Hatterene, F|100/100
|-activate|p1a: Hatterene|move: Sticky Web
|-unboost|p1a: Hatterene|spe|1
|-activate|p2a: Sinistcha|confusion
|move|p2a: Sinistcha|Strength Sap|p1a: Hatterene
|move|p1a: Hatterene|Strength Sap|p2a: Sinistcha|[from] ability: Magic Bounce
|-unboost|p2a: Sinistcha|atk|1
|
|-weather|RainDance|[upkeep]
|-heal|p2a: Sinistcha|13/100|[from] item: Leftovers
|upkeep
|turn|13
|
|t:|1758341968
|-end|p2a: Sinistcha|confusion
|move|p2a: Sinistcha|Shadow Ball|p1a: Hatterene
|-supereffective|p1a: Hatterene
|-damage|p1a: Hatterene|0 fnt
|faint|p1a: Hatterene
|
|-weather|RainDance|[upkeep]
|-heal|p2a: Sinistcha|19/100|[from] item: Leftovers
|upkeep
|
|t:|1758341975
|switch|p1a: Barraskewda|Barraskewda, F|100/100
|-activate|p1a: Barraskewda|move: Sticky Web
|-unboost|p1a: Barraskewda|spe|1
|turn|14
|
|t:|1758341979
|move|p1a: Barraskewda|Liquidation|p2a: Sinistcha
|-resisted|p2a: Sinistcha
|-damage|p2a: Sinistcha|0 fnt
|faint|p2a: Sinistcha
|
|-weather|RainDance|[upkeep]
|upkeep
|
|t:|1758341986
|switch|p2a: Cinderace|Cinderace, M|100/100
|turn|15
|
|t:|1758341989
|-terastallize|p1a: Barraskewda|Water
|move|p2a: Cinderace|Sucker Punch|p1a: Barraskewda
|-start|p2a: Cinderace|typechange|Dark|[from] ability: Libero
|-damage|p1a: Barraskewda|40/100
|move|p1a: Barraskewda|Liquidation|p2a: Cinderace
|-damage|p2a: Cinderace|0 fnt
|faint|p2a: Cinderace
|
|-weather|RainDance|[upkeep]
|upkeep
|
|t:|1758342003
|switch|p2a: Tinkaton|Tinkaton, F|91/100
|-damage|p2a: Tinkaton|85/100|[from] Stealth Rock
|-ability|p2a: Tinkaton|Mold Breaker
|turn|16
|
|t:|1758342009
|move|p1a: Barraskewda|Liquidation|p2a: Tinkaton
|-damage|p2a: Tinkaton|0 fnt
|faint|p2a: Tinkaton
|
|-weather|none
|upkeep
|
|t:|1758342012
|switch|p2a: Great Tusk|Great Tusk|100/100
|-damage|p2a: Great Tusk|97/100|[from] Stealth Rock
|-enditem|p2a: Great Tusk|Booster Energy
|-activate|p2a: Great Tusk|ability: Protosynthesis|[fromitem]
|-start|p2a: Great Tusk|protosynthesisatk
|turn|17
|
|t:|1758342017
|switch|p1a: Pelipper|Pelipper, F|43/100 brn
|-weather|RainDance|[from] ability: Drizzle|[of] p1a: Pelipper
|move|p2a: Great Tusk|Rapid Spin|p1a: Pelipper
|-damage|p1a: Pelipper|20/100 brn
|-boost|p2a: Great Tusk|spe|1
|-sideend|p2: Guerrero105|Stealth Rock|[from] move: Rapid Spin|[of] p2a: Great Tusk
|
|-weather|RainDance|[upkeep]
|-damage|p1a: Pelipper|14/100 brn|[from] brn
|upkeep
|turn|18
|
|t:|1758342027
|move|p2a: Great Tusk|Rapid Spin|p1a: Pelipper
|-damage|p1a: Pelipper|0 fnt
|-boost|p2a: Great Tusk|spe|1
|faint|p1a: Pelipper
|
|-weather|RainDance|[upkeep]
|upkeep
|
|t:|1758342029
|switch|p1a: Iron Treads|Iron Treads|77/100
|-activate|p1a: Iron Treads|move: Sticky Web
|-unboost|p1a: Iron Treads|spe|1
|turn|19
|
|t:|1758342033
|move|p2a: Great Tusk|Headlong Rush|p1a: Iron Treads
|-supereffective|p1a: Iron Treads
|-damage|p1a: Iron Treads|0 fnt
|-unboost|p2a: Great Tusk|def|1
|-unboost|p2a: Great Tusk|spd|1
|faint|p1a: Iron Treads
|-end|p1a: Iron Treads|Quark Drive|[silent]
|
|-weather|RainDance|[upkeep]
|upkeep
|
|t:|1758342041
|switch|p1a: Toxicroak|Toxicroak, F|100/100
|-activate|p1a: Toxicroak|move: Sticky Web
|-unboost|p1a: Toxicroak|spe|1
|turn|20
|
|t:|1758342049
|move|p2a: Great Tusk|Bulk Up|p2a: Great Tusk
|-boost|p2a: Great Tusk|atk|1
|-boost|p2a: Great Tusk|def|1
|move|p1a: Toxicroak|Toxic|p2a: Great Tusk
|-status|p2a: Great Tusk|tox
|
|-weather|RainDance|[upkeep]
|-damage|p2a: Great Tusk|91/100 tox|[from] psn
|upkeep
|turn|21
|
|t:|1758342059
|move|p2a: Great Tusk|Rapid Spin|p1a: Toxicroak
|-damage|p1a: Toxicroak|75/100
|-boost|p2a: Great Tusk|spe|1
|-damage|p2a: Great Tusk|75/100 tox|[from] item: Rocky Helmet|[of] p1a: Toxicroak
|move|p1a: Toxicroak|Drain Punch|p2a: Great Tusk
|-damage|p2a: Great Tusk|58/100 tox
|-heal|p1a: Toxicroak|85/100|[from] drain|[of] p2a: Great Tusk
|
|-weather|RainDance|[upkeep]
|-heal|p1a: Toxicroak|97/100|[from] ability: Dry Skin
|-damage|p2a: Great Tusk|46/100 tox|[from] psn
|upkeep
|turn|22
|
|t:|1758342071
|move|p2a: Great Tusk|Headlong Rush|p1a: Toxicroak
|-supereffective|p1a: Toxicroak
|-damage|p1a: Toxicroak|0 fnt
|-unboost|p2a: Great Tusk|def|1
|-unboost|p2a: Great Tusk|spd|1
|-damage|p2a: Great Tusk|29/100 tox|[from] item: Rocky Helmet|[of] p1a: Toxicroak
|faint|p1a: Toxicroak
|
|-weather|RainDance|[upkeep]
|-damage|p2a: Great Tusk|11/100 tox|[from] psn
|upkeep
|
|t:|1758342074
|switch|p1a: Barraskewda|Barraskewda, F, tera:Water|40/100
|-activate|p1a: Barraskewda|move: Sticky Web
|-unboost|p1a: Barraskewda|spe|1
|turn|23
|
|t:|1758342080
|move|p1a: Barraskewda|Aqua Jet|p2a: Great Tusk
|-supereffective|p2a: Great Tusk
|-damage|p2a: Great Tusk|0 fnt
|faint|p2a: Great Tusk
|-end|p2a: Great Tusk|Protosynthesis|[silent]
|
|win|AthenaSux
|raw|AthenaSux's rating: 1446 &rarr; <strong>1466</strong><br />(+20 for winning)
|raw|Guerrero105's rating: 1443 &rarr; <strong>1423</strong><br />(-20 for losing)
|l|☆AthenaSux
|player|p1|
|l|☆Guerrero105
|player|p2|
