|j|‽Ryota Garcia
|j|☆Goldfishguy123
|t:|1758318319
|gametype|singles
|player|p1|Ryota Garcia|riley|1206
|player|p2|Goldfishguy123|265|1134
|gen|9
|tier|[Gen 9] OU
|rated|
|rule|HP Percentage Mod: HP is shown in percentages
|rule|Endless Battle Clause: Forcing endless battles is banned
|rule|Species Clause: Limit one of each Pokémon
|rule|OHKO Clause: OHKO moves are banned
|rule|Evasion Items Clause: Evasion items are banned
|rule|Evasion Moves Clause: Evasion moves are banned
|rule|Evasion Abilities Clause: Evasion abilities are banned
|rule|Sleep Moves Clause: Sleep-inducing moves are banned
|clearpoke
|poke|p1|Zapdos|
|poke|p1|Ceruledge, M|
|poke|p1|Dondozo, F|
|poke|p1|Excadrill, M|
|poke|p1|Klefki, F|
|poke|p1|Toxicroak, M|
|poke|p2|Arboliva, M|
|poke|p2|Torterra, M|
|poke|p2|Abomasnow, F|
|poke|p2|Meowscarada, M|
|poke|p2|Vileplume, M|
|poke|p2|Hydrapple, M|
|teampreview
|inactive|Battle timer is ON: inactive players will automatically lose when time's up. (requested by Ryota Garcia)
|
|t:|1758318343
|teamsize|p1|6
|teamsize|p2|6
|start
|switch|p1a: Toxicroak|Toxicroak, M|100/100
|switch|p2a: Meowscarada|Meowscarada, M|100/100
|turn|1
|
|t:|1758318353
|move|p2a: Meowscarada|Spikes|p1a: Toxicroak
|-start|p2a: Meowscarada|typechange|Ground|[from] ability: Protean
|-sidestart|p1: Ryota Garcia|Spikes
|move|p1a: Toxicroak|Poison Jab|p2a: Meowscarada
|-resisted|p2a: Meowscarada
|-damage|p2a: Meowscarada|73/100
|-status|p2a: Meowscarada|psn
|
|-damage|p2a: Meowscarada|61/100 psn|[from] psn
|upkeep
|turn|2
|
|t:|1758318370
|move|p1a: Toxicroak|Protect|p1a: Toxicroak
|-singleturn|p1a: Toxicroak|Protect
|move|p2a: Meowscarada|Knock Off|p1a: Toxicroak
|-activate|p1a: Toxicroak|move: Protect
|
|-damage|p2a: Meowscarada|48/100 psn|[from] psn
|upkeep
|turn|3
|
|t:|1758318389
|switch|p2a: Vileplume|Vileplume, M|100/100
|move|p1a: Toxicroak|Knock Off|p2a: Vileplume
|-damage|p2a: Vileplume|73/100
|-enditem|p2a: Vileplume|Leftovers|[from] move: Knock Off|[of] p1a: Toxicroak
|
|upkeep
|turn|4
|inactive|Ryota Garcia has 120 seconds left.
|
|t:|1758318411
|switch|p1a: Excadrill|Excadrill, M|100/100
|-damage|p1a: Excadrill|88/100|[from] Spikes
|-ability|p1a: Excadrill|Mold Breaker
|move|p2a: Vileplume|Moonblast|p1a: Excadrill
|-resisted|p1a: Excadrill
|-damage|p1a: Excadrill|73/100
|
|upkeep
|turn|5
|
|t:|1758318425
|move|p1a: Excadrill|Rapid Spin|p2a: Vileplume
|-damage|p2a: Vileplume|56/100
|-boost|p1a: Excadrill|spe|1
|-sideend|p1: Ryota Garcia|Spikes|[from] move: Rapid Spin|[of] p1a: Excadrill
|move|p2a: Vileplume|Leech Seed|p1a: Excadrill|[miss]
|-miss|p2a: Vileplume|p1a: Excadrill
|
|upkeep
|turn|6
|
|t:|1758318436
|move|p1a: Excadrill|Earthquake|p2a: Vileplume
|-damage|p2a: Vileplume|10/100
|move|p2a: Vileplume|Moonblast|p1a: Excadrill
|-resisted|p1a: Excadrill
|-damage|p1a: Excadrill|57/100
|-unboost|p1a: Excadrill|spa|1
|
|upkeep
|turn|7
|
|t:|1758318451
|switch|p2a: Hydrapple|Hydrapple, M|100/100
|move|p1a: Excadrill|Rapid Spin|p2a: Hydrapple
|-damage|p2a: Hydrapple|87/100
|-boost|p1a: Excadrill|spe|1
|
|upkeep
|turn|8
|
|t:|1758318467
|move|p1a: Excadrill|Iron Head|p2a: Hydrapple
|-damage|p2a: Hydrapple|56/100
|cant|p2a: Hydrapple|flinch
|
|upkeep
|turn|9
|
|t:|1758318475
|move|p2a: Hydrapple|Sucker Punch|p1a: Excadrill
|-damage|p1a: Excadrill|40/100
|-enditem|p1a: Excadrill|Sitrus Berry|[eat]
|-heal|p1a: Excadrill|65/100|[from] item: Sitrus Berry
|move|p1a: Excadrill|Poison Jab|p2a: Hydrapple
|-supereffective|p2a: Hydrapple
|-damage|p2a: Hydrapple|14/100
|-status|p2a: Hydrapple|psn
|
|-damage|p2a: Hydrapple|2/100 psn|[from] psn
|upkeep
|turn|10
|
|t:|1758318488
|switch|p1a: Dondozo|Dondozo, F, shiny|100/100
|switch|p2a: Vileplume|Vileplume, M|10/100
|
|upkeep
|turn|11
|
|t:|1758318497
|-terastallize|p1a: Dondozo|Steel
|move|p2a: Vileplume|Leech Seed|p1a: Dondozo
|-start|p1a: Dondozo|move: Leech Seed
|move|p1a: Dondozo|Avalanche|p2a: Vileplume
|-supereffective|p2a: Vileplume
|-damage|p2a: Vileplume|0 fnt
|faint|p2a: Vileplume
|
|upkeep
|
|t:|1758318517
|switch|p2a: Torterra|Torterra, M|100/100
|turn|12
|
|t:|1758318526
|-terastallize|p2a: Torterra|Rock
|move|p2a: Torterra|Shell Smash|p2a: Torterra
|-unboost|p2a: Torterra|def|1
|-unboost|p2a: Torterra|spd|1
|-boost|p2a: Torterra|atk|2
|-boost|p2a: Torterra|spa|2
|-boost|p2a: Torterra|spe|2
|-enditem|p2a: Torterra|White Herb
|-clearnegativeboost|p2a: Torterra|[silent]
|move|p1a: Dondozo|Curse|p1a: Dondozo
|-unboost|p1a: Dondozo|spe|1
|-boost|p1a: Dondozo|atk|1
|-boost|p1a: Dondozo|def|1
|
|-damage|p1a: Dondozo|88/100|[from] Leech Seed|[of] p2a: Torterra
|upkeep
|turn|13
|
|t:|1758318541
|move|p2a: Torterra|Earthquake|p1a: Dondozo
|-supereffective|p1a: Dondozo
|-damage|p1a: Dondozo|58/100
|move|p1a: Dondozo|Earthquake|p2a: Torterra
|-supereffective|p2a: Torterra
|-damage|p2a: Torterra|39/100
|
|-heal|p1a: Dondozo|64/100|[from] item: Leftovers
|-damage|p1a: Dondozo|52/100|[from] Leech Seed|[of] p2a: Torterra
|-heal|p2a: Torterra|55/100|[silent]
|upkeep
|turn|14
|
|t:|1758318553
|switch|p1a: Zapdos|Zapdos|100/100
|move|p2a: Torterra|Rock Slide|p1a: Zapdos
|-supereffective|p1a: Zapdos
|-damage|p1a: Zapdos|0 fnt
|faint|p1a: Zapdos
|
|upkeep
|
|t:|1758318578
|switch|p1a: Excadrill|Excadrill, M|65/100
|-ability|p1a: Excadrill|Mold Breaker
|turn|15
|
|t:|1758318585
|move|p2a: Torterra|Earthquake|p1a: Excadrill
|-supereffective|p1a: Excadrill
|-damage|p1a: Excadrill|0 fnt
|faint|p1a: Excadrill
|
|upkeep
|
|t:|1758318592
|switch|p1a: Klefki|Klefki, F, shiny|100/100
|turn|16
|
|t:|1758318595
|move|p1a: Klefki|Reflect|p1a: Klefki
|-sidestart|p1: Ryota Garcia|Reflect
|move|p2a: Torterra|Earthquake|p1a: Klefki
|-supereffective|p1a: Klefki
|-damage|p1a: Klefki|29/100
|
|upkeep
|turn|17
|
|t:|1758318607
|move|p1a: Klefki|Light Screen|p1a: Klefki
|-sidestart|p1: Ryota Garcia|move: Light Screen
|move|p2a: Torterra|Earthquake|p1a: Klefki
|-supereffective|p1a: Klefki
|-damage|p1a: Klefki|0 fnt
|faint|p1a: Klefki
|
|upkeep
|
|t:|1758318616
|switch|p1a: Ceruledge|Ceruledge, M|100/100
|turn|18
|
|t:|1758318621
|move|p2a: Torterra|Rock Slide|p1a: Ceruledge
|-supereffective|p1a: Ceruledge
|-damage|p1a: Ceruledge|18/100
|-ability|p1a: Ceruledge|Weak Armor|boost
|-unboost|p1a: Ceruledge|def|1
|-boost|p1a: Ceruledge|spe|2
|move|p1a: Ceruledge|Swords Dance|p1a: Ceruledge
|-boost|p1a: Ceruledge|atk|2
|
|upkeep
|turn|19
|
|t:|1758318632
|move|p1a: Ceruledge|Bitter Blade|p2a: Torterra
|-resisted|p2a: Torterra
|-damage|p2a: Torterra|17/100
|-heal|p1a: Ceruledge|45/100|[from] drain|[of] p2a: Torterra
|move|p2a: Torterra|Earthquake|p1a: Ceruledge
|-supereffective|p1a: Ceruledge
|-damage|p1a: Ceruledge|0 fnt
|faint|p1a: Ceruledge
|
|upkeep
|
|t:|1758318642
|switch|p1a: Dondozo|Dondozo, F, shiny, tera:Steel|52/100
|turn|20
|
|t:|1758318647
|move|p2a: Torterra|Rock Slide|p1a: Dondozo
|-resisted|p1a: Dondozo
|-damage|p1a: Dondozo|48/100
|cant|p1a: Dondozo|flinch
|
|-heal|p1a: Dondozo|54/100|[from] item: Leftovers
|upkeep
|turn|21
|
|t:|1758318660
|move|p2a: Torterra|Giga Drain|p1a: Dondozo
|-resisted|p1a: Dondozo
|-damage|p1a: Dondozo|51/100
|-heal|p2a: Torterra|19/100|[from] drain|[of] p1a: Dondozo
|move|p1a: Dondozo|Earthquake|p2a: Torterra
|-supereffective|p2a: Torterra
|-damage|p2a: Torterra|0 fnt
|faint|p2a: Torterra
|
|-heal|p1a: Dondozo|57/100|[from] item: Leftovers
|upkeep
|inactive|Goldfishguy123 has 120 seconds left.
|
|t:|1758318688
|switch|p2a: Abomasnow|Abomasnow, F|100/100
|-weather|Snowscape|[from] ability: Snow Warning|[of] p2a: Abomasnow
|turn|22
|
|t:|1758318695
|move|p2a: Abomasnow|Aurora Veil|p2a: Abomasnow
|-sidestart|p2: Goldfishguy123|move: Aurora Veil
|move|p1a: Dondozo|Curse|p1a: Dondozo
|-unboost|p1a: Dondozo|spe|1
|-boost|p1a: Dondozo|atk|1
|-boost|p1a: Dondozo|def|1
|
|-weather|Snowscape|[upkeep]
|-heal|p1a: Dondozo|63/100|[from] item: Leftovers
|upkeep
|turn|23
|
|t:|1758318705
|move|p2a: Abomasnow|Blizzard|p1a: Dondozo
|-resisted|p1a: Dondozo
|-damage|p1a: Dondozo|56/100
|move|p1a: Dondozo|Curse|p1a: Dondozo
|-unboost|p1a: Dondozo|spe|1
|-boost|p1a: Dondozo|atk|1
|-boost|p1a: Dondozo|def|1
|
|-weather|Snowscape|[upkeep]
|-heal|p1a: Dondozo|63/100|[from] item: Leftovers
|-sideend|p1: Ryota Garcia|Reflect
|upkeep
|turn|24
|
|t:|1758318715
|move|p2a: Abomasnow|Earthquake|p1a: Dondozo
|-supereffective|p1a: Dondozo
|-damage|p1a: Dondozo|50/100
|move|p1a: Dondozo|Curse|p1a: Dondozo
|-unboost|p1a: Dondozo|spe|1
|-boost|p1a: Dondozo|atk|1
|-boost|p1a: Dondozo|def|1
|
|-weather|Snowscape|[upkeep]
|-heal|p1a: Dondozo|56/100|[from] item: Leftovers
|-sideend|p1: Ryota Garcia|move: Light Screen
|upkeep
|turn|25
|
|t:|1758318725
|move|p2a: Abomasnow|Blizzard|p1a: Dondozo
|-resisted|p1a: Dondozo
|-damage|p1a: Dondozo|43/100
|move|p1a: Dondozo|Curse|p1a: Dondozo
|-unboost|p1a: Dondozo|spe|1
|-boost|p1a: Dondozo|atk|1
|-boost|p1a: Dondozo|def|1
|
|-weather|Snowscape|[upkeep]
|-heal|p1a: Dondozo|50/100|[from] item: Leftovers
|upkeep
|turn|26
|
|t:|1758318736
|move|p2a: Abomasnow|Blizzard|p1a: Dondozo
|-resisted|p1a: Dondozo
|-damage|p1a: Dondozo|37/100
|move|p1a: Dondozo|Curse|p1a: Dondozo
|-unboost|p1a: Dondozo|spe|1
|-boost|p1a: Dondozo|atk|1
|-boost|p1a: Dondozo|def|1
|
|-weather|none
|-heal|p1a: Dondozo|43/100|[from] item: Leftovers
|upkeep
|turn|27
|
|t:|1758318746
|move|p2a: Abomasnow|Earthquake|p1a: Dondozo
|-supereffective|p1a: Dondozo
|-damage|p1a: Dondozo|36/100
|move|p1a: Dondozo|Curse|p1a: Dondozo
|-unboost|p1a: Dondozo|spe|1
|-boost|p1a: Dondozo|atk|1
|-boost|p1a: Dondozo|def|1
|
|-heal|p1a: Dondozo|42/100|[from] item: Leftovers
|upkeep
|turn|28
|
|t:|1758318756
|move|p2a: Abomasnow|Blizzard|p1a: Dondozo|[miss]
|-miss|p2a: Abomasnow|p1a: Dondozo
|move|p1a: Dondozo|Rest|p1a: Dondozo
|-status|p1a: Dondozo|slp|[from] move: Rest
|-heal|p1a: Dondozo|100/100 slp|[silent]
|
|upkeep
|turn|29
|
|t:|1758318778
|switch|p2a: Meowscarada|Meowscarada, M|48/100 psn
|cant|p1a: Dondozo|slp
|
|-damage|p2a: Meowscarada|36/100 psn|[from] psn
|-sideend|p2: Goldfishguy123|move: Aurora Veil
|upkeep
|turn|30
|
|t:|1758318788
|move|p2a: Meowscarada|Knock Off|p1a: Dondozo
|-start|p2a: Meowscarada|typechange|Dark|[from] ability: Protean
|-damage|p1a: Dondozo|92/100 slp
|-enditem|p1a: Dondozo|Leftovers|[from] move: Knock Off|[of] p2a: Meowscarada
|-damage|p2a: Meowscarada|26/100 psn|[from] item: Life Orb
|cant|p1a: Dondozo|slp
|
|-damage|p2a: Meowscarada|14/100 psn|[from] psn
|upkeep
|turn|31
|
|t:|1758318800
|move|p2a: Meowscarada|Taunt|p1a: Dondozo
|-start|p1a: Dondozo|move: Taunt
|-curestatus|p1a: Dondozo|slp|[msg]
|move|p1a: Dondozo|Avalanche|p2a: Meowscarada
|-damage|p2a: Meowscarada|0 fnt
|faint|p2a: Meowscarada
|
|upkeep
|inactive|Goldfishguy123 has 120 seconds left.
|
|t:|1758318816
|switch|p2a: Abomasnow|Abomasnow, F|100/100
|-weather|Snowscape|[from] ability: Snow Warning|[of] p2a: Abomasnow
|turn|32
|
|t:|1758318821
|move|p2a: Abomasnow|Aurora Veil|p2a: Abomasnow
|-sidestart|p2: Goldfishguy123|move: Aurora Veil
|move|p1a: Dondozo|Avalanche|p2a: Abomasnow
|-damage|p2a: Abomasnow|83/100
|
|-weather|Snowscape|[upkeep]
|upkeep
|turn|33
|
|t:|1758318828
|move|p2a: Abomasnow|Blizzard|p1a: Dondozo
|-resisted|p1a: Dondozo
|-damage|p1a: Dondozo|78/100
|-status|p1a: Dondozo|frz
|cant|p1a: Dondozo|frz
|
|-weather|Snowscape|[upkeep]
|-end|p1a: Dondozo|move: Taunt
|upkeep
|turn|34
|
|t:|1758318838
|move|p2a: Abomasnow|Blizzard|p1a: Dondozo
|-resisted|p1a: Dondozo
|-damage|p1a: Dondozo|66/100 frz
|cant|p1a: Dondozo|frz
|
|-weather|Snowscape|[upkeep]
|upkeep
|turn|35
|
|t:|1758318845
|move|p2a: Abomasnow|Blizzard|p1a: Dondozo
|-resisted|p1a: Dondozo
|-crit|p1a: Dondozo
|-damage|p1a: Dondozo|45/100 frz
|cant|p1a: Dondozo|frz
|
|-weather|Snowscape|[upkeep]
|upkeep
|turn|36
|
|t:|1758318855
|move|p2a: Abomasnow|Earthquake|p1a: Dondozo
|-supereffective|p1a: Dondozo
|-damage|p1a: Dondozo|39/100 frz
|cant|p1a: Dondozo|frz
|
|-weather|none
|upkeep
|turn|37
|
|t:|1758318864
|switch|p2a: Hydrapple|Hydrapple, M|35/100 psn
|cant|p1a: Dondozo|frz
|
|-damage|p2a: Hydrapple|23/100 psn|[from] psn
|upkeep
|turn|38
|
|t:|1758318873
|move|p2a: Hydrapple|Fickle Beam|p1a: Dondozo
|-resisted|p1a: Dondozo
|-crit|p1a: Dondozo
|-damage|p1a: Dondozo|16/100 frz
|cant|p1a: Dondozo|frz
|
|-damage|p2a: Hydrapple|11/100 psn|[from] psn
|upkeep
|turn|39
|
|t:|1758318881
|move|p2a: Hydrapple|Fickle Beam|p1a: Dondozo|[anim] Fickle Beam All Out
|-activate|p2a: Hydrapple|move: Fickle Beam
|-resisted|p1a: Dondozo
|-damage|p1a: Dondozo|0 fnt
|faint|p1a: Dondozo
|
|-damage|p2a: Hydrapple|0 fnt|[from] psn
|faint|p2a: Hydrapple
|-sideend|p2: Goldfishguy123|move: Aurora Veil
|upkeep
|
|t:|1758318894
|switch|p1a: Toxicroak|Toxicroak, M|100/100
|switch|p2a: Arboliva|Arboliva, M|100/100
|turn|40
|
|t:|1758318901
|move|p1a: Toxicroak|Poison Jab|p2a: Arboliva
|-supereffective|p2a: Arboliva
|-damage|p2a: Arboliva|44/100
|-enditem|p2a: Arboliva|Sitrus Berry|[eat]
|-heal|p2a: Arboliva|69/100|[from] item: Sitrus Berry
|move|p2a: Arboliva|Earth Power|p1a: Toxicroak
|-supereffective|p1a: Toxicroak
|-damage|p1a: Toxicroak|25/100
|
|-item|p2a: Arboliva|Sitrus Berry|[from] ability: Harvest
|upkeep
|turn|41
|
|t:|1758318911
|move|p1a: Toxicroak|Poison Jab|p2a: Arboliva
|-supereffective|p2a: Arboliva
|-damage|p2a: Arboliva|12/100
|-status|p2a: Arboliva|psn
|-enditem|p2a: Arboliva|Sitrus Berry|[eat]
|-heal|p2a: Arboliva|37/100 psn|[from] item: Sitrus Berry
|move|p2a: Arboliva|Earth Power|p1a: Toxicroak
|-supereffective|p1a: Toxicroak
|-damage|p1a: Toxicroak|0 fnt
|faint|p1a: Toxicroak
|
|win|Goldfishguy123
|raw|Ryota Garcia's rating: 1206 &rarr; <strong>1174</strong><br />(-32 for losing)
|raw|Goldfishguy123's rating: 1107 &rarr; <strong>1139</strong><br />(+32 for winning)
