|j|☆xa2n
|j|☆luxgia
|t:|1758364345
|gametype|singles
|player|p1|xa2n|will|1617
|player|p2|luxgia|byron|1805
|gen|9
|tier|[Gen 9] OU
|rated|
|rule|HP Percentage Mod: HP is shown in percentages
|rule|Endless Battle Clause: Forcing endless battles is banned
|rule|Species Clause: Limit one of each Pokémon
|rule|OHKO Clause: OHKO moves are banned
|rule|Evasion Items Clause: Evasion items are banned
|rule|Evasion Moves Clause: Evasion moves are banned
|rule|Evasion Abilities Clause: Evasion abilities are banned
|rule|Sleep Moves Clause: Sleep-inducing moves are banned
|clearpoke
|poke|p1|Samurott-Hisui, F|
|poke|p1|Kyurem|
|poke|p1|Gholdengo|
|poke|p1|Zamazenta-*|
|poke|p1|Kingambit, M|
|poke|p1|Ting-Lu|
|poke|p2|Iron Crown|
|poke|p2|Samurott-Hisui, M|
|poke|p2|Zapdos|
|poke|p2|Dragapult, F|
|poke|p2|Great Tusk|
|poke|p2|Iron Boulder|
|teampreview
|
|t:|1758364374
|teamsize|p1|6
|teamsize|p2|6
|start
|switch|p1a: Samurott|Samurott-Hisui, F, shiny|100/100
|switch|p2a: Parasite|Dragapult, F|100/100
|turn|1
|
|t:|1758364382
|switch|p2a: Hurikan|Zapdos|100/100
|move|p1a: Samurott|Ceaseless Edge|p2a: Hurikan
|-damage|p2a: Hurikan|71/100
|-sidestart|p2: luxgia|Spikes
|
|upkeep
|turn|2
|
|t:|1758364387
|move|p2a: Hurikan|Discharge|p1a: Samurott
|-supereffective|p1a: Samurott
|-crit|p1a: Samurott
|-damage|p1a: Samurott|33/100
|-status|p1a: Samurott|par
|move|p1a: Samurott|Knock Off|p2a: Hurikan
|-damage|p2a: Hurikan|43/100
|-enditem|p2a: Hurikan|Heavy-Duty Boots|[from] move: Knock Off|[of] p1a: Samurott
|
|upkeep
|turn|3
|
|t:|1758364393
|cant|p1a: Samurott|par
|move|p2a: Hurikan|Roost|p2a: Hurikan
|-heal|p2a: Hurikan|93/100
|-singleturn|p2a: Hurikan|move: Roost
|
|upkeep
|turn|4
|
|t:|1758364397
|switch|p1a: Ting-Lu|Ting-Lu|100/100
|-ability|p1a: Ting-Lu|Vessel of Ruin
|move|p2a: Hurikan|Discharge|p1a: Ting-Lu
|-immune|p1a: Ting-Lu
|
|upkeep
|turn|5
|
|t:|1758364400
|move|p2a: Hurikan|U-turn|p1a: Ting-Lu
|-supereffective|p1a: Ting-Lu
|-damage|p1a: Ting-Lu|86/100
|-damage|p2a: Hurikan|77/100|[from] item: Rocky Helmet|[of] p1a: Ting-Lu
|
|t:|1758364407
|switch|p2a: Pump It|Great Tusk|100/100|[from] U-turn
|move|p1a: Ting-Lu|Stealth Rock|p2a: Pump It
|-sidestart|p2: luxgia|move: Stealth Rock
|
|upkeep
|turn|6
|
|t:|1758364411
|move|p2a: Pump It|Stealth Rock|p1a: Ting-Lu
|-sidestart|p1: xa2n|move: Stealth Rock
|move|p1a: Ting-Lu|Ruination|p2a: Pump It
|-damage|p2a: Pump It|51/100
|
|upkeep
|turn|7
|
|t:|1758364419
|move|p2a: Pump It|Rapid Spin|p1a: Ting-Lu
|-damage|p1a: Ting-Lu|78/100
|-boost|p2a: Pump It|spe|1
|-damage|p2a: Pump It|34/100|[from] item: Rocky Helmet|[of] p1a: Ting-Lu
|-sideend|p2: luxgia|Spikes|[from] move: Rapid Spin|[of] p2a: Pump It
|-sideend|p2: luxgia|Stealth Rock|[from] move: Rapid Spin|[of] p2a: Pump It
|move|p1a: Ting-Lu|Whirlwind|p2a: Pump It
|-end|p2a: Pump It|Protosynthesis|[silent]
|drag|p2a: Mindreader|Iron Crown|100/100
|
|upkeep
|turn|8
|
|t:|1758364424
|move|p2a: Mindreader|Focus Blast|p1a: Ting-Lu
|-supereffective|p1a: Ting-Lu
|-damage|p1a: Ting-Lu|17/100
|move|p1a: Ting-Lu|Stealth Rock|p2a: Mindreader
|-sidestart|p2: luxgia|move: Stealth Rock
|
|upkeep
|turn|9
|
|t:|1758364437
|move|p2a: Mindreader|Focus Blast|p1a: Ting-Lu
|-supereffective|p1a: Ting-Lu
|-damage|p1a: Ting-Lu|0 fnt
|faint|p1a: Ting-Lu
|
|upkeep
|
|t:|1758364464
|switch|p1a: Gholdengo|Gholdengo|100/100
|-damage|p1a: Gholdengo|94/100|[from] Stealth Rock
|turn|10
|
|t:|1758364471
|-end|p2a: Mindreader|Quark Drive|[silent]
|switch|p2a: Everytime We Touch|Samurott-Hisui, M|100/100
|-damage|p2a: Everytime We Touch|88/100|[from] Stealth Rock
|move|p1a: Gholdengo|Shadow Ball|p2a: Everytime We Touch
|-resisted|p2a: Everytime We Touch
|-damage|p2a: Everytime We Touch|54/100
|
|upkeep
|turn|11
|
|t:|1758364488
|-terastallize|p1a: Gholdengo|Fighting
|move|p2a: Everytime We Touch|Ceaseless Edge|p1a: Gholdengo
|-resisted|p1a: Gholdengo
|-damage|p1a: Gholdengo|68/100
|-sidestart|p1: xa2n|Spikes
|move|p1a: Gholdengo|Shadow Ball|p2a: Everytime We Touch
|-resisted|p2a: Everytime We Touch
|-damage|p2a: Everytime We Touch|24/100
|
|upkeep
|turn|12
|
|t:|1758364497
|move|p2a: Everytime We Touch|Ceaseless Edge|p1a: Gholdengo
|-resisted|p1a: Gholdengo
|-damage|p1a: Gholdengo|43/100
|-sidestart|p1: xa2n|Spikes
|move|p1a: Gholdengo|Shadow Ball|p2a: Everytime We Touch
|-resisted|p2a: Everytime We Touch
|-damage|p2a: Everytime We Touch|0 fnt
|faint|p2a: Everytime We Touch
|
|upkeep
|
|t:|1758364512
|switch|p2a: Pump It|Great Tusk|34/100
|turn|13
|
|t:|1758364520
|move|p1a: Gholdengo|Shadow Ball|p2a: Pump It
|-damage|p2a: Pump It|0 fnt
|faint|p2a: Pump It
|-end|p2a: Pump It|Protosynthesis|[silent]
|
|upkeep
|
|t:|1758364526
|switch|p2a: Revery|Iron Boulder|100/100
|-damage|p2a: Revery|88/100|[from] Stealth Rock
|-enditem|p2a: Revery|Booster Energy
|-activate|p2a: Revery|ability: Quark Drive|[fromitem]
|-start|p2a: Revery|quarkdrivespe
|turn|14
|
|t:|1758364533
|switch|p1a: Samurott|Samurott-Hisui, F, shiny|33/100 par
|-damage|p1a: Samurott|20/100 par|[from] Stealth Rock
|-damage|p1a: Samurott|4/100 par|[from] Spikes
|move|p2a: Revery|Zen Headbutt|p1a: Samurott
|-immune|p1a: Samurott
|
|upkeep
|turn|15
|
|t:|1758364537
|move|p2a: Revery|Mighty Cleave|p1a: Samurott
|-damage|p1a: Samurott|0 fnt
|faint|p1a: Samurott
|
|upkeep
|
|t:|1758364560
|switch|p1a: Zamazenta|Zamazenta|100/100
|-ability|p1a: Zamazenta|Dauntless Shield|boost
|-boost|p1a: Zamazenta|def|1
|turn|16
|
|t:|1758364584
|-end|p2a: Revery|Quark Drive|[silent]
|switch|p2a: Hurikan|Zapdos|77/100
|-damage|p2a: Hurikan|52/100|[from] Stealth Rock
|move|p1a: Zamazenta|Crunch|p2a: Hurikan
|-damage|p2a: Hurikan|32/100
|-status|p1a: Zamazenta|par|[from] ability: Static|[of] p2a: Hurikan
|
|upkeep
|turn|17
|
|t:|1758364589
|move|p2a: Hurikan|Hurricane|p1a: Zamazenta|[miss]
|-miss|p2a: Hurikan|p1a: Zamazenta
|move|p1a: Zamazenta|Stone Edge|p2a: Hurikan
|-supereffective|p2a: Hurikan
|-damage|p2a: Hurikan|0 fnt
|faint|p2a: Hurikan
|
|upkeep
|
|t:|1758364592
|switch|p2a: Mindreader|Iron Crown|100/100
|-damage|p2a: Mindreader|94/100|[from] Stealth Rock
|turn|18
|
|t:|1758364600
|move|p2a: Mindreader|Tachyon Cutter|p1a: Zamazenta
|-damage|p1a: Zamazenta|66/100 par
|-damage|p1a: Zamazenta|30/100 par
|-hitcount|p1a: Zamazenta|2
|move|p1a: Zamazenta|Crunch|p2a: Mindreader
|-supereffective|p2a: Mindreader
|-damage|p2a: Mindreader|29/100
|
|upkeep
|turn|19
|
|t:|1758364606
|move|p2a: Mindreader|Tachyon Cutter|p1a: Zamazenta
|-damage|p1a: Zamazenta|0 fnt
|faint|p1a: Zamazenta
|-hitcount|p1: Zamazenta|1
|
|upkeep
|
|t:|1758364612
|switch|p1a: Gholdengo|Gholdengo, tera:Fighting|43/100
|-damage|p1a: Gholdengo|37/100|[from] Stealth Rock
|-damage|p1a: Gholdengo|20/100|[from] Spikes
|turn|20
|
|t:|1758364616
|move|p1a: Gholdengo|Shadow Ball|p2a: Mindreader
|-supereffective|p2a: Mindreader
|-damage|p2a: Mindreader|0 fnt
|faint|p2a: Mindreader
|-end|p2a: Mindreader|Quark Drive|[silent]
|
|upkeep
|
|t:|1758364620
|switch|p2a: Parasite|Dragapult, F|100/100
|-damage|p2a: Parasite|88/100|[from] Stealth Rock
|turn|21
|
|t:|1758364622
|move|p2a: Parasite|Sucker Punch|p1a: Gholdengo
|-resisted|p1a: Gholdengo
|-damage|p1a: Gholdengo|1/100
|move|p1a: Gholdengo|Shadow Ball|p2a: Parasite
|-supereffective|p2a: Parasite
|-damage|p2a: Parasite|0 fnt
|faint|p2a: Parasite
|
|upkeep
|
|t:|1758364625
|switch|p2a: Revery|Iron Boulder|88/100
|-damage|p2a: Revery|76/100|[from] Stealth Rock
|turn|22
|
|t:|1758364628
|-terastallize|p2a: Revery|Fighting
|move|p1a: Gholdengo|Shadow Ball|p2a: Revery
|-damage|p2a: Revery|32/100
|move|p2a: Revery|Swords Dance|p2a: Revery
|-boost|p2a: Revery|atk|2
|
|upkeep
|turn|23
|
|t:|1758364632
|move|p1a: Gholdengo|Shadow Ball|p2a: Revery
|-damage|p2a: Revery|0 fnt
|faint|p2a: Revery
|-end|p2a: Revery|Quark Drive|[silent]
|
|win|xa2n
|raw|xa2n's rating: 1617 &rarr; <strong>1647</strong><br />(+30 for winning)
|raw|luxgia's rating: 1805 &rarr; <strong>1775</strong><br />(-30 for losing)
|l|☆xa2n
|player|p1|
|l|☆luxgia
|player|p2|
