|j|☆jsyxfqhau
|j|☆are you jesus?
|t:|1758350397
|gametype|singles
|player|p1|jsyxfqhau|red|1239
|player|p2|are you jesus?|grimsley|1155
|gen|9
|tier|[Gen 9] OU
|rated|
|rule|HP Percentage Mod: HP is shown in percentages
|rule|Endless Battle Clause: Forcing endless battles is banned
|rule|Species Clause: Limit one of each Pokémon
|rule|OHKO Clause: OHKO moves are banned
|rule|Evasion Items Clause: Evasion items are banned
|rule|Evasion Moves Clause: Evasion moves are banned
|rule|Evasion Abilities Clause: Evasion abilities are banned
|rule|Sleep Moves Clause: Sleep-inducing moves are banned
|clearpoke
|poke|p1|Gliscor, F|
|poke|p1|Umbreon, F|
|poke|p1|Pelipper, F|
|poke|p1|Ogerpon-Wellspring, F|
|poke|p1|Dondozo, F|
|poke|p1|Sceptile, F|
|poke|p2|Donphan, F|
|poke|p2|Slowking, M|
|poke|p2|Thundurus-Therian, M|
|poke|p2|Terrakion|
|poke|p2|Lokix, M|
|poke|p2|Chandelure, F|
|teampreview
|c|☆are you jesus?|hi
|
|t:|1758350408
|teamsize|p1|6
|teamsize|p2|6
|start
|switch|p1a: Pelipper|Pelipper, F, shiny|100/100
|switch|p2a: Lokix|Lokix, M|100/100
|-weather|RainDance|[from] ability: Drizzle|[of] p1a: Pelipper
|turn|1
|
|t:|1758350416
|move|p2a: Lokix|U-turn|p1a: Pelipper
|-resisted|p1a: Pelipper
|-damage|p1a: Pelipper|61/100
|-damage|p2a: Lokix|91/100|[from] item: Life Orb
|
|t:|1758350423
|switch|p2a: Slowking|Slowking, M|100/100|[from] U-turn
|move|p1a: Pelipper|Weather Ball|p2a: Slowking
|-resisted|p2a: Slowking
|-damage|p2a: Slowking|81/100
|
|-weather|RainDance|[upkeep]
|-heal|p2a: Slowking|88/100|[from] item: Leftovers
|upkeep
|turn|2
|
|t:|1758350438
|move|p1a: Pelipper|U-turn|p2a: Slowking
|-supereffective|p2a: Slowking
|-damage|p2a: Slowking|71/100
|
|t:|1758350441
|switch|p1a: Umbreon|Umbreon, F, shiny|100/100|[from] U-turn
|move|p2a: Slowking|Future Sight|p1a: Umbreon
|-start|p2a: Slowking|move: Future Sight
|
|-weather|RainDance|[upkeep]
|-heal|p2a: Slowking|77/100|[from] item: Leftovers
|upkeep
|turn|3
|
|t:|1758350449
|switch|p2a: Lokix|Lokix, M|91/100
|move|p1a: Umbreon|Toxic|p2a: Lokix
|-status|p2a: Lokix|tox
|
|-weather|RainDance|[upkeep]
|-damage|p2a: Lokix|85/100 tox|[from] psn
|upkeep
|turn|4
|
|t:|1758350457
|move|p1a: Umbreon|Protect|p1a: Umbreon
|-singleturn|p1a: Umbreon|Protect
|move|p2a: Lokix|First Impression|p1a: Umbreon
|-activate|p1a: Umbreon|move: Protect
|
|-weather|RainDance|[upkeep]
|-end|p1a: Umbreon|move: Future Sight
|-immune|p1a: Umbreon
|-damage|p2a: Lokix|73/100 tox|[from] psn
|upkeep
|turn|5
|
|t:|1758350472
|switch|p1a: Pelipper|Pelipper, F, shiny|61/100
|move|p2a: Lokix|Leech Life|p1a: Pelipper
|-resisted|p1a: Pelipper
|-damage|p1a: Pelipper|13/100
|-heal|p2a: Lokix|99/100 tox|[from] drain|[of] p1a: Pelipper
|-damage|p2a: Lokix|90/100 tox|[from] item: Life Orb
|
|-weather|RainDance|[upkeep]
|-damage|p2a: Lokix|72/100 tox|[from] psn
|upkeep
|turn|6
|
|t:|1758350492
|switch|p1a: Gliscor|Gliscor, F|100/100
|move|p2a: Lokix|Knock Off|p1a: Gliscor
|-damage|p1a: Gliscor|56/100
|-enditem|p1a: Gliscor|Toxic Orb|[from] move: Knock Off|[of] p2a: Lokix
|-damage|p2a: Lokix|62/100 tox|[from] item: Life Orb
|
|-weather|RainDance|[upkeep]
|-damage|p2a: Lokix|38/100 tox|[from] psn
|upkeep
|turn|7
|
|t:|1758350504
|switch|p2a: Donphan|Donphan, F|100/100
|move|p1a: Gliscor|Protect||[still]
|-fail|p1a: Gliscor
|
|-weather|RainDance|[upkeep]
|upkeep
|turn|8
|
|t:|1758350508
|move|p1a: Gliscor|Toxic|p2a: Donphan
|-status|p2a: Donphan|tox
|move|p2a: Donphan|Stealth Rock|p1a: Gliscor
|-sidestart|p1: jsyxfqhau|move: Stealth Rock
|
|-weather|none
|-damage|p2a: Donphan|94/100 tox|[from] psn
|upkeep
|turn|9
|
|t:|1758350517
|switch|p2a: Slowking|Slowking, M|100/100
|move|p1a: Gliscor|Substitute|p1a: Gliscor
|-start|p1a: Gliscor|Substitute
|-damage|p1a: Gliscor|31/100
|
|upkeep
|turn|10
|
|t:|1758350523
|move|p1a: Gliscor|Toxic|p2a: Slowking
|-status|p2a: Slowking|tox
|move|p2a: Slowking|Scald|p1a: Gliscor
|-supereffective|p1a: Gliscor
|-end|p1a: Gliscor|Substitute
|
|-damage|p2a: Slowking|94/100 tox|[from] psn
|upkeep
|turn|11
|
|t:|1758350533
|move|p1a: Gliscor|Protect|p1a: Gliscor
|-singleturn|p1a: Gliscor|Protect
|move|p2a: Slowking|Future Sight|p1a: Gliscor
|-start|p2a: Slowking|move: Future Sight
|
|-heal|p2a: Slowking|100/100 tox|[from] item: Leftovers
|-damage|p2a: Slowking|88/100 tox|[from] psn
|upkeep
|turn|12
|
|t:|1758350541
|move|p1a: Gliscor|Substitute|p1a: Gliscor
|-start|p1a: Gliscor|Substitute
|-damage|p1a: Gliscor|6/100
|move|p2a: Slowking|Scald|p1a: Gliscor
|-supereffective|p1a: Gliscor
|-end|p1a: Gliscor|Substitute
|
|-heal|p2a: Slowking|94/100 tox|[from] item: Leftovers
|-damage|p2a: Slowking|76/100 tox|[from] psn
|upkeep
|turn|13
|
|t:|1758350552
|move|p1a: Gliscor|Protect|p1a: Gliscor
|-singleturn|p1a: Gliscor|Protect
|move|p2a: Slowking|Scald|p1a: Gliscor
|-activate|p1a: Gliscor|move: Protect
|
|-end|p1a: Gliscor|move: Future Sight
|-damage|p1a: Gliscor|0 fnt
|faint|p1a: Gliscor
|-heal|p2a: Slowking|82/100 tox|[from] item: Leftovers
|-damage|p2a: Slowking|58/100 tox|[from] psn
|upkeep
|
|t:|1758350567
|switch|p1a: Umbreon|Umbreon, F, shiny|100/100
|-damage|p1a: Umbreon|88/100|[from] Stealth Rock
|turn|14
|
|t:|1758350572
|switch|p2a: Donphan|Donphan, F|94/100 tox
|move|p1a: Umbreon|Foul Play|p2a: Donphan
|-damage|p2a: Donphan|71/100 tox
|-damage|p1a: Umbreon|72/100|[from] item: Rocky Helmet|[of] p2a: Donphan
|
|-heal|p1a: Umbreon|78/100|[from] item: Leftovers
|-damage|p2a: Donphan|65/100 tox|[from] psn
|upkeep
|turn|15
|
|t:|1758350578
|move|p1a: Umbreon|Protect|p1a: Umbreon
|-singleturn|p1a: Umbreon|Protect
|move|p2a: Donphan|Knock Off|p1a: Umbreon
|-activate|p1a: Umbreon|move: Protect
|
|-heal|p1a: Umbreon|84/100|[from] item: Leftovers
|-damage|p2a: Donphan|53/100 tox|[from] psn
|upkeep
|turn|16
|
|t:|1758350585
|move|p1a: Umbreon|Wish|p1a: Umbreon
|move|p2a: Donphan|Knock Off|p1a: Umbreon
|-resisted|p1a: Umbreon
|-damage|p1a: Umbreon|76/100
|-enditem|p1a: Umbreon|Leftovers|[from] move: Knock Off|[of] p2a: Donphan
|
|-damage|p2a: Donphan|35/100 tox|[from] psn
|upkeep
|turn|17
|c|☆are you jesus?|imma knock that apple off
|
|t:|1758350596
|switch|p2a: Lokix|Lokix, M|38/100 tox
|move|p1a: Umbreon|Protect||[still]
|-fail|p1a: Umbreon
|
|-heal|p1a: Umbreon|100/100|[from] move: Wish|[wisher] Umbreon
|-damage|p2a: Lokix|32/100 tox|[from] psn
|upkeep
|turn|18
|
|t:|1758350607
|switch|p1a: Pelipper|Pelipper, F, shiny|13/100
|-damage|p1a: Pelipper|0 fnt|[from] Stealth Rock
|faint|p1a: Pelipper
|move|p2a: Lokix|First Impression|p1: Pelipper|[notarget]
|-fail|p2a: Lokix
|
|-damage|p2a: Lokix|20/100 tox|[from] psn
|upkeep
|
|t:|1758350617
|switch|p1a: Dondozo|Dondozo, F, shiny|100/100
|-damage|p1a: Dondozo|88/100|[from] Stealth Rock
|turn|19
|
|t:|1758350620
|move|p1a: Dondozo|Protect|p1a: Dondozo
|-singleturn|p1a: Dondozo|Protect
|move|p2a: Lokix|Knock Off|p1a: Dondozo
|-activate|p1a: Dondozo|move: Protect
|
|-heal|p1a: Dondozo|94/100|[from] item: Leftovers
|-damage|p2a: Lokix|2/100 tox|[from] psn
|upkeep
|turn|20
|
|t:|1758350628
|move|p1a: Dondozo|Protect||[still]
|-fail|p1a: Dondozo
|move|p2a: Lokix|Knock Off|p1a: Dondozo
|-damage|p1a: Dondozo|59/100
|-enditem|p1a: Dondozo|Leftovers|[from] move: Knock Off|[of] p2a: Lokix
|-damage|p2a: Lokix|0 fnt|[from] item: Life Orb
|faint|p2a: Lokix
|
|upkeep
|
|t:|1758350632
|switch|p2a: Slowking|Slowking, M|91/100 tox
|turn|21
|c|☆are you jesus?|oops misclick
|
|t:|1758350644
|move|p2a: Slowking|Future Sight|p1a: Dondozo
|-start|p2a: Slowking|move: Future Sight
|move|p1a: Dondozo|Earthquake|p2a: Slowking
|-crit|p2a: Slowking
|-damage|p2a: Slowking|51/100 tox
|
|-heal|p2a: Slowking|57/100 tox|[from] item: Leftovers
|-damage|p2a: Slowking|51/100 tox|[from] psn
|upkeep
|turn|22
|
|t:|1758350654
|switch|p2a: Thundurus|Thundurus-Therian, M|100/100
|move|p1a: Dondozo|Protect||[still]
|-fail|p1a: Dondozo
|
|upkeep
|turn|23
|
|t:|1758350658
|switch|p1a: Umbreon|Umbreon, F, shiny|100/100
|-damage|p1a: Umbreon|88/100|[from] Stealth Rock
|move|p2a: Thundurus|Thunderbolt|p1a: Umbreon
|-damage|p1a: Umbreon|54/100
|
|-end|p1a: Umbreon|move: Future Sight
|-immune|p1a: Umbreon
|upkeep
|turn|24
|
|t:|1758350671
|move|p2a: Thundurus|Volt Switch|p1a: Umbreon
|-damage|p1a: Umbreon|26/100
|
|t:|1758350674
|switch|p2a: Terrakion|Terrakion|100/100|[from] Volt Switch
|move|p1a: Umbreon|Foul Play|p2a: Terrakion
|-resisted|p2a: Terrakion
|-damage|p2a: Terrakion|70/100
|-ability|p2a: Terrakion|Justified|boost
|-boost|p2a: Terrakion|atk|1
|
|upkeep
|turn|25
|
|t:|1758350694
|switch|p1a: Dondozo|Dondozo, F, shiny|59/100
|-damage|p1a: Dondozo|47/100|[from] Stealth Rock
|move|p2a: Terrakion|Close Combat|p1a: Dondozo
|-damage|p1a: Dondozo|1/100
|-unboost|p2a: Terrakion|def|1
|-unboost|p2a: Terrakion|spd|1
|-damage|p2a: Terrakion|60/100|[from] item: Life Orb
|
|upkeep
|turn|26
|
|t:|1758350709
|move|p1a: Dondozo|Protect|p1a: Dondozo
|-singleturn|p1a: Dondozo|Protect
|move|p2a: Terrakion|Earthquake|p1a: Dondozo
|-activate|p1a: Dondozo|move: Protect
|
|upkeep
|turn|27
|
|t:|1758350719
|move|p2a: Terrakion|Rock Slide|p1a: Dondozo
|-damage|p1a: Dondozo|0 fnt
|faint|p1a: Dondozo
|-damage|p2a: Terrakion|50/100|[from] item: Life Orb
|
|upkeep
|
|t:|1758350729
|switch|p1a: Sceptile|Sceptile, F, shiny|100/100
|-damage|p1a: Sceptile|88/100|[from] Stealth Rock
|turn|28
|
|t:|1758350739
|switch|p2a: Donphan|Donphan, F|35/100 tox
|move|p1a: Sceptile|Swords Dance|p1a: Sceptile
|-boost|p1a: Sceptile|atk|2
|
|-damage|p2a: Donphan|29/100 tox|[from] psn
|upkeep
|turn|29
|
|t:|1758350746
|move|p1a: Sceptile|Dragon Claw|p2a: Donphan
|-damage|p2a: Donphan|3/100 tox
|-damage|p1a: Sceptile|72/100|[from] item: Rocky Helmet|[of] p2a: Donphan
|move|p2a: Donphan|Knock Off|p1a: Sceptile
|-damage|p1a: Sceptile|27/100
|-enditem|p1a: Sceptile|Focus Sash|[from] move: Knock Off|[of] p2a: Donphan
|
|-damage|p2a: Donphan|0 fnt|[from] psn
|faint|p2a: Donphan
|upkeep
|
|t:|1758350754
|switch|p2a: Chandelure|Chandelure, F|100/100
|turn|30
|
|t:|1758350769
|move|p1a: Sceptile|Rock Slide|p2a: Chandelure
|-supereffective|p2a: Chandelure
|-damage|p2a: Chandelure|0 fnt
|faint|p2a: Chandelure
|
|upkeep
|
|t:|1758350778
|switch|p2a: Thundurus|Thundurus-Therian, M|100/100
|turn|31
|c|☆are you jesus?|oh
|
|t:|1758350787
|-terastallize|p2a: Thundurus|Electric
|move|p1a: Sceptile|Rock Slide|p2a: Thundurus
|-damage|p2a: Thundurus|33/100
|move|p2a: Thundurus|Sludge Wave|p1a: Sceptile
|-supereffective|p1a: Sceptile
|-damage|p1a: Sceptile|0 fnt
|faint|p1a: Sceptile
|
|upkeep
|
|t:|1758350802
|switch|p1a: Umbreon|Umbreon, F, shiny|26/100
|-damage|p1a: Umbreon|14/100|[from] Stealth Rock
|turn|32
|
|t:|1758350805
|move|p1a: Umbreon|Protect|p1a: Umbreon
|-singleturn|p1a: Umbreon|Protect
|move|p2a: Thundurus|Thunderbolt|p1a: Umbreon
|-activate|p1a: Umbreon|move: Protect
|
|upkeep
|turn|33
|
|t:|1758350816
|move|p2a: Thundurus|Thunderbolt|p1a: Umbreon
|-damage|p1a: Umbreon|0 fnt
|faint|p1a: Umbreon
|
|upkeep
|
|t:|1758350818
|switch|p1a: Ogerpon|Ogerpon-Wellspring, F|100/100
|-damage|p1a: Ogerpon|88/100|[from] Stealth Rock
|turn|34
|
|t:|1758350827
|move|p1a: Ogerpon|Ivy Cudgel|p2a: Thundurus|[anim] Ivy Cudgel Water
|-damage|p2a: Thundurus|0 fnt
|faint|p2a: Thundurus
|
|upkeep
|
|t:|1758350833
|switch|p2a: Slowking|Slowking, M|85/100 tox
|turn|35
|
|t:|1758350857
|move|p1a: Ogerpon|Horn Leech|p2a: Slowking
|-supereffective|p2a: Slowking
|-damage|p2a: Slowking|0 fnt
|-heal|p1a: Ogerpon|100/100|[from] drain|[of] p2a: Slowking
|faint|p2a: Slowking
|
|upkeep
|
|t:|1758350863
|switch|p2a: Terrakion|Terrakion|50/100
|turn|36
|
|t:|1758350866
|-terastallize|p1a: Ogerpon|Water
|detailschange|p1a: Ogerpon|Ogerpon-Wellspring-Tera, F, tera:Water
|-ability|p1a: Ogerpon|Embody Aspect (Wellspring)|boost
|-boost|p1a: Ogerpon|spd|1
|move|p1a: Ogerpon|Ivy Cudgel|p2a: Terrakion|[anim] Ivy Cudgel Water
|-supereffective|p2a: Terrakion
|-damage|p2a: Terrakion|0 fnt
|faint|p2a: Terrakion
|
|win|jsyxfqhau
|raw|jsyxfqhau's rating: 1209 &rarr; <strong>1230</strong><br />(+21 for winning)
|raw|are you jesus?'s rating: 1155 &rarr; <strong>1134</strong><br />(-21 for losing)
|c|☆are you jesus?|gg
|l|☆are you jesus?
|player|p2|
|l|☆jsyxfqhau
|player|p1|
