|j|☆i have no id
|j|☆gengar's style
|t:|1758352854
|gametype|singles
|player|p1|i have no id|cynthia-gen4|1501
|player|p2|gengar's style|parasollady-gen4|1551
|gen|9
|tier|[Gen 9] OU
|rated|
|rule|HP Percentage Mod: HP is shown in percentages
|rule|Endless Battle Clause: Forcing endless battles is banned
|rule|Species Clause: Limit one of each Pokémon
|rule|OHKO Clause: OHKO moves are banned
|rule|Evasion Items Clause: Evasion items are banned
|rule|Evasion Moves Clause: Evasion moves are banned
|rule|Evasion Abilities Clause: Evasion abilities are banned
|rule|Sleep Moves Clause: Sleep-inducing moves are banned
|clearpoke
|poke|p1|Garganacl, M|
|poke|p1|Scizor, F|
|poke|p1|Hatterene, F|
|poke|p1|Moltres|
|poke|p1|Raging Bolt|
|poke|p1|Darkrai|
|poke|p2|Glimmora, M|
|poke|p2|Rillaboom, M|
|poke|p2|Hawlucha, M|
|poke|p2|Dragapult, M|
|poke|p2|Kingambit, M|
|poke|p2|Cinderace, M|
|teampreview
|inactive|Battle timer is ON: inactive players will automatically lose when time's up. (requested by gengar's style)
|
|t:|1758352878
|teamsize|p1|6
|teamsize|p2|6
|start
|switch|p1a: Darkrai|Darkrai|100/100
|switch|p2a: Dragapult|Dragapult, M|100/100
|turn|1
|
|t:|1758352883
|move|p2a: Dragapult|U-turn|p1a: Darkrai
|-supereffective|p1a: Darkrai
|-damage|p1a: Darkrai|54/100
|
|t:|1758352888
|switch|p2a: Rillaboom|Rillaboom, M|100/100|[from] U-turn
|-fieldstart|move: Grassy Terrain|[from] ability: Grassy Surge|[of] p2a: Rillaboom
|move|p1a: Darkrai|Dark Pulse|p2a: Rillaboom
|-damage|p2a: Rillaboom|16/100
|
|-heal|p1a: Darkrai|60/100|[from] Grassy Terrain
|-heal|p2a: Rillaboom|22/100|[from] Grassy Terrain
|upkeep
|turn|2
|
|t:|1758352899
|switch|p1a: Moltres|Moltres|100/100
|move|p2a: Rillaboom|Knock Off|p1a: Moltres
|-damage|p1a: Moltres|66/100
|-enditem|p1a: Moltres|Heavy-Duty Boots|[from] move: Knock Off|[of] p2a: Rillaboom
|
|-heal|p2a: Rillaboom|28/100|[from] Grassy Terrain
|upkeep
|turn|3
|
|t:|1758352909
|switch|p2a: Glimmora|Glimmora, M|100/100
|move|p1a: Moltres|U-turn|p2a: Glimmora
|-resisted|p2a: Glimmora
|-damage|p2a: Glimmora|92/100
|-activate|p2a: Glimmora|ability: Toxic Debris
|-sidestart|p1: i have no id|move: Toxic Spikes
|
|t:|1758352912
|switch|p1a: Scizor|Scizor, F|100/100|[from] U-turn
|
|-heal|p2a: Glimmora|98/100|[from] Grassy Terrain
|upkeep
|turn|4
|
|t:|1758352922
|switch|p2a: Hawlucha|Hawlucha, M|100/100
|-enditem|p2a: Hawlucha|Grassy Seed
|-boost|p2a: Hawlucha|def|1|[from] item: Grassy Seed
|-terastallize|p1a: Scizor|Steel
|move|p1a: Scizor|Bullet Punch|p2a: Hawlucha
|-damage|p2a: Hawlucha|40/100
|
|upkeep
|turn|5
|
|t:|1758352934
|move|p1a: Scizor|Bullet Punch|p2a: Hawlucha
|-damage|p2a: Hawlucha|0 fnt
|faint|p2a: Hawlucha
|
|-fieldend|move: Grassy Terrain
|upkeep
|
|t:|1758352938
|switch|p2a: Cinderace|Cinderace, M|100/100
|turn|6
|
|t:|1758352944
|switch|p1a: 报复社会|Garganacl, M|100/100
|move|p2a: Cinderace|Pyro Ball|p1a: 报复社会
|-resisted|p1a: 报复社会
|-damage|p1a: 报复社会|81/100
|
|-heal|p1a: 报复社会|87/100|[from] item: Leftovers
|upkeep
|turn|7
|
|t:|1758352952
|move|p2a: Cinderace|U-turn|p1a: 报复社会
|-start|p2a: Cinderace|typechange|Bug|[from] ability: Libero
|-damage|p1a: 报复社会|64/100
|
|t:|1758352961
|switch|p2a: Glimmora|Glimmora, M|98/100|[from] U-turn
|move|p1a: 报复社会|Stealth Rock|p2a: Glimmora
|-sidestart|p2: gengar's style|move: Stealth Rock
|
|-heal|p1a: 报复社会|70/100|[from] item: Leftovers
|upkeep
|turn|8
|
|t:|1758352971
|switch|p1a: Scizor|Scizor, F, tera:Steel|100/100
|move|p2a: Glimmora|Earth Power|p1a: Scizor
|-supereffective|p1a: Scizor
|-damage|p1a: Scizor|14/100
|-unboost|p1a: Scizor|spd|1
|
|upkeep
|turn|9
|
|t:|1758352987
|switch|p2a: Cinderace|Cinderace, M|100/100
|move|p1a: Scizor|Bullet Punch|p2a: Cinderace
|-resisted|p2a: Cinderace
|-damage|p2a: Cinderace|55/100
|
|upkeep
|turn|10
|j| Ctannn
|
|t:|1758352998
|switch|p1a: 报复社会|Garganacl, M|70/100
|move|p2a: Cinderace|Pyro Ball|p1a: 报复社会
|-resisted|p1a: 报复社会
|-damage|p1a: 报复社会|51/100
|
|-heal|p1a: 报复社会|57/100|[from] item: Leftovers
|upkeep
|turn|11
|
|t:|1758353005
|switch|p2a: Glimmora|Glimmora, M|98/100
|-damage|p2a: Glimmora|86/100|[from] Stealth Rock
|move|p1a: 报复社会|Salt Cure|p2a: Glimmora
|-damage|p2a: Glimmora|69/100
|-start|p2a: Glimmora|Salt Cure
|-activate|p2a: Glimmora|ability: Toxic Debris
|-sidestart|p1: i have no id|move: Toxic Spikes
|
|-heal|p1a: 报复社会|64/100|[from] item: Leftovers
|-damage|p2a: Glimmora|57/100|[from] Salt Cure
|upkeep
|turn|12
|
|t:|1758353019
|move|p2a: Glimmora|Stealth Rock|p1a: 报复社会
|-sidestart|p1: i have no id|move: Stealth Rock
|move|p1a: 报复社会|Recover|p1a: 报复社会
|-heal|p1a: 报复社会|100/100
|
|-damage|p2a: Glimmora|44/100|[from] Salt Cure
|upkeep
|turn|13
|
|t:|1758353036
|switch|p2a: Kingambit|Kingambit, M|100/100
|-damage|p2a: Kingambit|94/100|[from] Stealth Rock
|-activate|p2a: Kingambit|ability: Supreme Overlord
|-start|p2a: Kingambit|fallen1|[silent]
|move|p1a: 报复社会|Salt Cure|p2a: Kingambit
|-resisted|p2a: Kingambit
|-damage|p2a: Kingambit|89/100
|-start|p2a: Kingambit|Salt Cure
|
|-damage|p2a: Kingambit|64/100|[from] Salt Cure
|upkeep
|turn|14
|
|t:|1758353050
|switch|p1a: Moltres|Moltres|66/100
|-damage|p1a: Moltres|16/100|[from] Stealth Rock
|move|p2a: Kingambit|Swords Dance|p2a: Kingambit
|-boost|p2a: Kingambit|atk|2
|
|-damage|p2a: Kingambit|39/100|[from] Salt Cure
|upkeep
|turn|15
|
|t:|1758353060
|move|p1a: Moltres|Roost|p1a: Moltres
|-heal|p1a: Moltres|67/100
|-singleturn|p1a: Moltres|move: Roost
|move|p2a: Kingambit|Throat Chop|p1a: Moltres
|-damage|p1a: Moltres|0 fnt
|faint|p1a: Moltres
|
|-damage|p2a: Kingambit|14/100|[from] Salt Cure
|upkeep
|inactive|i have no id has 120 seconds left.
|
|t:|1758353096
|switch|p1a: Scizor|Scizor, F, tera:Steel|14/100
|-damage|p1a: Scizor|8/100|[from] Stealth Rock
|turn|16
|
|t:|1758353099
|move|p1a: Scizor|Bullet Punch|p2a: Kingambit
|-resisted|p2a: Kingambit
|-damage|p2a: Kingambit|0 fnt
|faint|p2a: Kingambit
|-end|p2a: Kingambit|fallen1|[silent]
|
|upkeep
|
|t:|1758353109
|switch|p2a: Rillaboom|Rillaboom, M|28/100
|-damage|p2a: Rillaboom|16/100|[from] Stealth Rock
|-fieldstart|move: Grassy Terrain|[from] ability: Grassy Surge|[of] p2a: Rillaboom
|turn|17
|inactive|i have no id has 120 seconds left.
|
|t:|1758353138
|switch|p1a: Raging Bolt|Raging Bolt|100/100
|-status|p1a: Raging Bolt|tox
|-damage|p1a: Raging Bolt|88/100 tox|[from] Stealth Rock
|-enditem|p1a: Raging Bolt|Booster Energy
|-activate|p1a: Raging Bolt|ability: Protosynthesis|[fromitem]
|-start|p1a: Raging Bolt|protosynthesisspa
|move|p2a: Rillaboom|Grassy Glide|p1a: Raging Bolt
|-resisted|p1a: Raging Bolt
|-damage|p1a: Raging Bolt|58/100 tox
|
|-heal|p2a: Rillaboom|22/100|[from] Grassy Terrain
|-heal|p1a: Raging Bolt|64/100 tox|[from] Grassy Terrain
|-damage|p1a: Raging Bolt|58/100 tox|[from] psn
|upkeep
|turn|18
|
|t:|1758353157
|switch|p2a: Glimmora|Glimmora, M|44/100
|-damage|p2a: Glimmora|32/100|[from] Stealth Rock
|move|p1a: Raging Bolt|Dragon Pulse|p2a: Glimmora
|-damage|p2a: Glimmora|0 fnt
|faint|p2a: Glimmora
|
|-heal|p1a: Raging Bolt|64/100 tox|[from] Grassy Terrain
|-damage|p1a: Raging Bolt|52/100 tox|[from] psn
|upkeep
|inactive|gengar's style has 120 seconds left.
|
|t:|1758353185
|switch|p2a: Dragapult|Dragapult, M|100/100
|-damage|p2a: Dragapult|88/100|[from] Stealth Rock
|turn|19
|inactive|i have no id has 120 seconds left.
|inactive|gengar's style has 120 seconds left.
|
|t:|1758353197
|move|p2a: Dragapult|U-turn|p1a: Raging Bolt
|-damage|p1a: Raging Bolt|37/100 tox
|
|t:|1758353203
|switch|p2a: Cinderace|Cinderace, M|55/100|[from] U-turn
|move|p1a: Raging Bolt|Dragon Pulse|p2a: Cinderace
|-damage|p2a: Cinderace|0 fnt
|faint|p2a: Cinderace
|
|-heal|p1a: Raging Bolt|43/100 tox|[from] Grassy Terrain
|-damage|p1a: Raging Bolt|25/100 tox|[from] psn
|upkeep
|
|t:|1758353214
|switch|p2a: Rillaboom|Rillaboom, M|22/100
|-damage|p2a: Rillaboom|10/100|[from] Stealth Rock
|turn|20
|
|t:|1758353220
|-terastallize|p2a: Rillaboom|Grass
|move|p2a: Rillaboom|Grassy Glide|p1a: Raging Bolt
|-resisted|p1a: Raging Bolt
|-damage|p1a: Raging Bolt|0 fnt
|faint|p1a: Raging Bolt
|-end|p1a: Raging Bolt|Protosynthesis|[silent]
|
|-heal|p2a: Rillaboom|16/100|[from] Grassy Terrain
|upkeep
|
|t:|1758353234
|switch|p1a: 报复社会|Garganacl, M|100/100
|-damage|p1a: 报复社会|88/100|[from] Stealth Rock
|turn|21
|
|t:|1758353238
|move|p2a: Rillaboom|Grassy Glide|p1a: 报复社会
|-supereffective|p1a: 报复社会
|-damage|p1a: 报复社会|0 fnt
|faint|p1a: 报复社会
|
|-heal|p2a: Rillaboom|22/100|[from] Grassy Terrain
|-fieldend|move: Grassy Terrain
|upkeep
|
|t:|1758353248
|switch|p1a: Scizor|Scizor, F, tera:Steel|8/100
|-damage|p1a: Scizor|2/100|[from] Stealth Rock
|turn|22
|
|t:|1758353252
|switch|p2a: Dragapult|Dragapult, M|88/100
|-damage|p2a: Dragapult|76/100|[from] Stealth Rock
|move|p1a: Scizor|Bullet Punch|p2a: Dragapult
|-damage|p2a: Dragapult|0 fnt
|faint|p2a: Dragapult
|
|upkeep
|
|t:|1758353259
|switch|p2a: Rillaboom|Rillaboom, M, tera:Grass|22/100
|-damage|p2a: Rillaboom|10/100|[from] Stealth Rock
|-fieldstart|move: Grassy Terrain|[from] ability: Grassy Surge|[of] p2a: Rillaboom
|turn|23
|
|t:|1758353265
|move|p2a: Rillaboom|Grassy Glide|p1a: Scizor
|-resisted|p1a: Scizor
|-damage|p1a: Scizor|0 fnt
|faint|p1a: Scizor
|
|-heal|p2a: Rillaboom|16/100|[from] Grassy Terrain
|upkeep
|
|t:|1758353267
|switch|p1a: Hatterene|Hatterene, F|100/100
|-status|p1a: Hatterene|tox
|-damage|p1a: Hatterene|88/100 tox|[from] Stealth Rock
|turn|24
|
|t:|1758353276
|move|p2a: Rillaboom|Grassy Glide|p1a: Hatterene
|-damage|p1a: Hatterene|1/100 tox
|move|p1a: Hatterene|Mystical Fire|p2a: Rillaboom
|-supereffective|p2a: Rillaboom
|-damage|p2a: Rillaboom|0 fnt
|faint|p2a: Rillaboom
|
|win|i have no id
|raw|i have no id's rating: 1501 &rarr; <strong>1524</strong><br />(+23 for winning)
|raw|gengar&apos;s style's rating: 1551 &rarr; <strong>1528</strong><br />(-23 for losing)
|c|☆gengar's style|lol
|l|☆gengar's style
|player|p2|
|l| Ctannn
