|j|☆sorenn
|j|☆paofficial
|t:|1758316725
|gametype|singles
|player|p1|sorenn|beauty|1300
|player|p2|paofficial|170|1363
|gen|9
|tier|[Gen 9] OU
|rated|
|rule|HP Percentage Mod: HP is shown in percentages
|rule|Endless Battle Clause: Forcing endless battles is banned
|rule|Species Clause: Limit one of each Pokémon
|rule|OHKO Clause: OHKO moves are banned
|rule|Evasion Items Clause: Evasion items are banned
|rule|Evasion Moves Clause: Evasion moves are banned
|rule|Evasion Abilities Clause: Evasion abilities are banned
|rule|Sleep Moves Clause: Sleep-inducing moves are banned
|clearpoke
|poke|p1|Maushold-Four|
|poke|p1|Meowscarada, M|
|poke|p1|Blissey, F|
|poke|p1|Quagsire, F|
|poke|p1|Dragapult, M|
|poke|p1|Cresselia, F|
|poke|p2|Maushold-Four|
|poke|p2|Clawitzer, F|
|poke|p2|Tsareena, F|
|poke|p2|Armarouge, M|
|poke|p2|Corviknight, M|
|poke|p2|Garchomp, M|
|teampreview
|inactive|Battle timer is ON: inactive players will automatically lose when time's up. (requested by sorenn)
|
|t:|1758316750
|teamsize|p1|6
|teamsize|p2|6
|start
|switch|p1a: Cass|Dragapult, M|100/100
|switch|p2a: Garchomp|Garchomp, M|100/100
|turn|1
|
|t:|1758316757
|-terastallize|p2a: Garchomp|Steel
|move|p1a: Cass|Draco Meteor|p2a: Garchomp|[miss]
|-miss|p1a: Cass|p2a: Garchomp
|move|p2a: Garchomp|Scale Shot|p1a: Cass
|-supereffective|p1a: Cass
|-damage|p1a: Cass|63/100
|-supereffective|p1a: Cass
|-damage|p1a: Cass|26/100
|-supereffective|p1a: Cass
|-damage|p1a: Cass|0 fnt
|faint|p1a: Cass
|-hitcount|p1: Cass|3
|-unboost|p2a: Garchomp|def|1
|-boost|p2a: Garchomp|spe|1
|
|upkeep
|
|t:|1758316764
|switch|p1a: Maria|Quagsire, F, shiny|100/100
|turn|2
|
|t:|1758316767
|move|p2a: Garchomp|Earthquake|p1a: Maria
|-damage|p1a: Maria|59/100
|move|p1a: Maria|Earthquake|p2a: Garchomp
|-supereffective|p2a: Garchomp
|-damage|p2a: Garchomp|38/100
|
|-heal|p1a: Maria|65/100|[from] item: Leftovers
|upkeep
|turn|3
|
|t:|1758316776
|move|p2a: Garchomp|Scale Shot|p1a: Maria
|-damage|p1a: Maria|54/100
|-damage|p1a: Maria|43/100
|-damage|p1a: Maria|33/100
|-damage|p1a: Maria|23/100
|-hitcount|p1a: Maria|4
|-unboost|p2a: Garchomp|def|1
|-boost|p2a: Garchomp|spe|1
|move|p1a: Maria|Recover|p1a: Maria
|-heal|p1a: Maria|73/100
|
|-heal|p1a: Maria|79/100|[from] item: Leftovers
|upkeep
|turn|4
|
|t:|1758316783
|switch|p2a: Tsareena|Tsareena, F|100/100
|move|p1a: Maria|Stockpile|p1a: Maria
|-start|p1a: Maria|stockpile1
|-boost|p1a: Maria|def|1
|-boost|p1a: Maria|spd|1
|
|-heal|p1a: Maria|85/100|[from] item: Leftovers
|upkeep
|turn|5
|
|t:|1758316788
|-terastallize|p1a: Maria|Dragon
|move|p2a: Tsareena|Trailblaze|p1a: Maria
|-resisted|p1a: Maria
|-damage|p1a: Maria|80/100
|-boost|p2a: Tsareena|spe|1
|move|p1a: Maria|Toxic|p2a: Tsareena
|-status|p2a: Tsareena|tox
|
|-heal|p1a: Maria|86/100|[from] item: Leftovers
|-damage|p2a: Tsareena|94/100 tox|[from] psn
|upkeep
|turn|6
|
|t:|1758316794
|move|p2a: Tsareena|Play Rough|p1a: Maria
|-supereffective|p1a: Maria
|-damage|p1a: Maria|56/100
|move|p1a: Maria|Stockpile|p1a: Maria
|-start|p1a: Maria|stockpile2
|-boost|p1a: Maria|def|1
|-boost|p1a: Maria|spd|1
|
|-heal|p1a: Maria|62/100|[from] item: Leftovers
|-damage|p2a: Tsareena|82/100 tox|[from] psn
|upkeep
|turn|7
|
|t:|1758316798
|switch|p2a: Corviknight|Corviknight, M|100/100
|move|p1a: Maria|Recover|p1a: Maria
|-heal|p1a: Maria|100/100
|
|upkeep
|turn|8
|
|t:|1758316806
|switch|p1a: Sina|Cresselia, F|100/100
|move|p2a: Corviknight|Brave Bird|p1a: Sina
|-damage|p1a: Sina|82/100
|-damage|p2a: Corviknight|94/100|[from] Recoil
|
|upkeep
|turn|9
|
|t:|1758316813
|switch|p2a: Tsareena|Tsareena, F|82/100 tox
|move|p1a: Sina|Reflect|p1a: Sina
|-sidestart|p1: sorenn|Reflect
|
|-damage|p2a: Tsareena|76/100 tox|[from] psn
|upkeep
|turn|10
|
|t:|1758316816
|move|p2a: Tsareena|Knock Off|p1a: Sina
|-supereffective|p1a: Sina
|-damage|p1a: Sina|65/100
|-enditem|p1a: Sina|Light Clay|[from] move: Knock Off|[of] p2a: Tsareena
|move|p1a: Sina|Psychic|p2a: Tsareena
|-damage|p2a: Tsareena|54/100 tox
|
|-damage|p2a: Tsareena|42/100 tox|[from] psn
|upkeep
|turn|11
|
|t:|1758316828
|move|p2a: Tsareena|Synthesis|p2a: Tsareena
|-heal|p2a: Tsareena|92/100 tox
|move|p1a: Sina|Moonlight|p1a: Sina
|-heal|p1a: Sina|100/100
|
|-damage|p2a: Tsareena|73/100 tox|[from] psn
|upkeep
|turn|12
|
|t:|1758316838
|switch|p2a: Clawitzer|Clawitzer, F|100/100
|move|p1a: Sina|Psychic|p2a: Clawitzer
|-damage|p2a: Clawitzer|83/100
|
|upkeep
|turn|13
|
|t:|1758316841
|move|p1a: Sina|Thunder Wave|p2a: Clawitzer
|-status|p2a: Clawitzer|par
|cant|p2a: Clawitzer|par
|
|upkeep
|turn|14
|
|t:|1758316845
|switch|p1a: Rose|Blissey, F, shiny|100/100
|move|p2a: Clawitzer|Dark Pulse|p1a: Rose
|-damage|p1a: Rose|86/100
|
|upkeep
|turn|15
|
|t:|1758316855
|switch|p2a: Armarouge|Armarouge, M|100/100
|move|p1a: Rose|Trick|p2a: Armarouge
|-activate|p1a: Rose|move: Trick|[of] p2a: Armarouge
|-item|p2a: Armarouge|Choice Band|[from] move: Trick
|-item|p1a: Rose|Weakness Policy|[from] move: Trick
|
|upkeep
|turn|16
|
|t:|1758316866
|switch|p2a: Garchomp|Garchomp, M, tera:Steel|38/100
|move|p1a: Rose|Seismic Toss|p2a: Garchomp
|-damage|p2a: Garchomp|10/100
|-damage|p1a: Rose|73/100|[from] ability: Rough Skin|[of] p2a: Garchomp
|
|-sideend|p1: sorenn|Reflect
|upkeep
|turn|17
|
|t:|1758316869
|move|p2a: Garchomp|Scale Shot|p1a: Rose
|-damage|p1a: Rose|60/100
|-damage|p1a: Rose|47/100
|-damage|p1a: Rose|34/100
|-damage|p1a: Rose|21/100
|-hitcount|p1a: Rose|4
|-unboost|p2a: Garchomp|def|1
|-boost|p2a: Garchomp|spe|1
|move|p1a: Rose|Seismic Toss|p2a: Garchomp
|-damage|p2a: Garchomp|0 fnt
|-damage|p1a: Rose|8/100|[from] ability: Rough Skin|[of] p2a: Garchomp
|faint|p2a: Garchomp
|
|upkeep
|
|t:|1758316881
|switch|p2a: Maushold|Maushold-Four|100/100
|turn|18
|
|t:|1758316888
|move|p2a: Maushold|Bite|p1a: Rose
|-damage|p1a: Rose|0 fnt
|faint|p1a: Rose
|
|upkeep
|
|t:|1758316891
|switch|p1a: Sina|Cresselia, F|100/100
|turn|19
|
|t:|1758316894
|move|p2a: Maushold|Population Bomb|p1a: Sina
|-damage|p1a: Sina|94/100
|-damage|p1a: Sina|88/100
|-damage|p1a: Sina|82/100
|-damage|p1a: Sina|76/100
|-damage|p1a: Sina|71/100
|-damage|p1a: Sina|65/100
|-damage|p1a: Sina|59/100
|-damage|p1a: Sina|53/100
|-damage|p1a: Sina|47/100
|-damage|p1a: Sina|41/100
|-hitcount|p1a: Sina|10
|move|p1a: Sina|Reflect|p1a: Sina
|-sidestart|p1: sorenn|Reflect
|
|upkeep
|turn|20
|
|t:|1758316900
|move|p2a: Maushold|Population Bomb|p1a: Sina
|-damage|p1a: Sina|39/100
|-damage|p1a: Sina|36/100
|-damage|p1a: Sina|33/100
|-damage|p1a: Sina|30/100
|-damage|p1a: Sina|28/100
|-damage|p1a: Sina|25/100
|-damage|p1a: Sina|21/100
|-damage|p1a: Sina|19/100
|-damage|p1a: Sina|16/100
|-damage|p1a: Sina|13/100
|-hitcount|p1a: Sina|10
|move|p1a: Sina|Moonlight|p1a: Sina
|-heal|p1a: Sina|63/100
|
|upkeep
|turn|21
|
|t:|1758316906
|move|p2a: Maushold|Tidy Up|p2a: Maushold
|-boost|p2a: Maushold|atk|1
|-boost|p2a: Maushold|spe|1
|move|p1a: Sina|Thunder Wave|p2a: Maushold|[miss]
|-miss|p1a: Sina|p2a: Maushold
|
|upkeep
|turn|22
|
|t:|1758316914
|move|p2a: Maushold|Tidy Up|p2a: Maushold
|-boost|p2a: Maushold|atk|1
|-boost|p2a: Maushold|spe|1
|move|p1a: Sina|Thunder Wave|p2a: Maushold
|-status|p2a: Maushold|par
|
|upkeep
|turn|23
|
|t:|1758316917
|switch|p1a: Maria|Quagsire, F, shiny, tera:Dragon|100/100
|move|p2a: Maushold|Tidy Up|p2a: Maushold
|-boost|p2a: Maushold|atk|1
|-boost|p2a: Maushold|spe|1
|
|-sideend|p1: sorenn|Reflect
|upkeep
|turn|24
|
|t:|1758316920
|cant|p2a: Maushold|par
|move|p1a: Maria|Stockpile|p1a: Maria
|-start|p1a: Maria|stockpile1
|-boost|p1a: Maria|def|1
|-boost|p1a: Maria|spd|1
|
|upkeep
|turn|25
|
|t:|1758316923
|cant|p2a: Maushold|par
|move|p1a: Maria|Stockpile|p1a: Maria
|-start|p1a: Maria|stockpile2
|-boost|p1a: Maria|def|1
|-boost|p1a: Maria|spd|1
|
|upkeep
|turn|26
|
|t:|1758316927
|switch|p2a: Corviknight|Corviknight, M|94/100
|move|p1a: Maria|Earthquake|p2a: Corviknight
|-immune|p2a: Corviknight
|
|upkeep
|turn|27
|
|t:|1758316931
|switch|p1a: Sina|Cresselia, F|63/100
|move|p2a: Corviknight|Brave Bird|p1a: Sina
|-damage|p1a: Sina|44/100
|-damage|p2a: Corviknight|87/100|[from] Recoil
|
|upkeep
|turn|28
|
|t:|1758316941
|switch|p2a: Maushold|Maushold-Four|100/100 par
|move|p1a: Sina|Moonlight|p1a: Sina
|-heal|p1a: Sina|94/100
|
|upkeep
|turn|29
|
|t:|1758316945
|move|p1a: Sina|Reflect|p1a: Sina
|-sidestart|p1: sorenn|Reflect
|move|p2a: Maushold|Population Bomb|p1a: Sina
|-damage|p1a: Sina|92/100
|-damage|p1a: Sina|89/100
|-damage|p1a: Sina|86/100
|-damage|p1a: Sina|83/100
|-damage|p1a: Sina|80/100
|-damage|p1a: Sina|78/100
|-hitcount|p1a: Sina|6
|
|upkeep
|turn|30
|
|t:|1758316949
|switch|p1a: Maria|Quagsire, F, shiny, tera:Dragon|100/100
|move|p2a: Maushold|Population Bomb|p1a: Maria
|-crit|p1a: Maria
|-damage|p1a: Maria|89/100
|-damage|p1a: Maria|85/100
|-damage|p1a: Maria|81/100
|-damage|p1a: Maria|78/100
|-damage|p1a: Maria|74/100
|-damage|p1a: Maria|70/100
|-damage|p1a: Maria|66/100
|-damage|p1a: Maria|62/100
|-damage|p1a: Maria|58/100
|-damage|p1a: Maria|54/100
|-hitcount|p1a: Maria|10
|
|-heal|p1a: Maria|60/100|[from] item: Leftovers
|upkeep
|turn|31
|
|t:|1758316952
|cant|p2a: Maushold|par
|move|p1a: Maria|Recover|p1a: Maria
|-heal|p1a: Maria|100/100
|
|upkeep
|turn|32
|
|t:|1758316955
|cant|p2a: Maushold|par
|move|p1a: Maria|Earthquake|p2a: Maushold
|-damage|p2a: Maushold|56/100 par
|
|upkeep
|turn|33
|-message|paofficial forfeited.
|
|win|sorenn
|raw|sorenn's rating: 1300 &rarr; <strong>1331</strong><br />(+31 for winning)
|raw|paofficial's rating: 1385 &rarr; <strong>1360</strong><br />(-25 for losing)
|l|☆paofficial
|player|p2|
|l|☆sorenn
|player|p1|
