|j|☆OscarGamble
|j|☆surprise blissey
|t:|1758246333
|gametype|singles
|player|p1|OscarGamble|2|1519
|player|p2|surprise blissey|lucian|1452
|gen|9
|tier|[Gen 9] OU
|rated|
|rule|HP Percentage Mod: HP is shown in percentages
|rule|Endless Battle Clause: Forcing endless battles is banned
|rule|Species Clause: Limit one of each Pokémon
|rule|OHKO Clause: OHKO moves are banned
|rule|Evasion Items Clause: Evasion items are banned
|rule|Evasion Moves Clause: Evasion moves are banned
|rule|Evasion Abilities Clause: Evasion abilities are banned
|rule|Sleep Moves Clause: Sleep-inducing moves are banned
|clearpoke
|poke|p1|Alomomola, M|
|poke|p1|Hydrapple, M|
|poke|p1|Scizor, F|
|poke|p1|Gholdengo|
|poke|p1|Great Tusk|
|poke|p1|Kyurem|
|poke|p2|Pelipper, M|
|poke|p2|Toxicroak, M|
|poke|p2|Barraskewda, M|
|poke|p2|Hatterene, F|
|poke|p2|Iron Treads|
|poke|p2|Moltres|
|teampreview
|inactive|Battle timer is ON: inactive players will automatically lose when time's up. (requested by surprise blissey)
|
|t:|1758246356
|teamsize|p1|6
|teamsize|p2|6
|start
|switch|p1a: Kyurem|Kyurem|100/100
|switch|p2a: Barraskewda|Barraskewda, M|100/100
|-ability|p1a: Kyurem|Pressure
|turn|1
|
|t:|1758246364
|switch|p1a: Hydrapple|Hydrapple, M, shiny|100/100
|move|p2a: Barraskewda|Flip Turn|p1a: Hydrapple
|-resisted|p1a: Hydrapple
|-damage|p1a: Hydrapple|93/100
|-damage|p2a: Barraskewda|84/100|[from] item: Rocky Helmet|[of] p1a: Hydrapple
|
|t:|1758246369
|switch|p2a: Pelipper|Pelipper, M|100/100|[from] Flip Turn
|-weather|RainDance|[from] ability: Drizzle|[of] p2a: Pelipper
|
|-weather|RainDance|[upkeep]
|upkeep
|turn|2
|
|t:|1758246378
|switch|p1a: Alomomola|Alomomola, M|100/100
|move|p2a: Pelipper|Knock Off|p1a: Alomomola
|-crit|p1a: Alomomola
|-damage|p1a: Alomomola|87/100
|-enditem|p1a: Alomomola|Assault Vest|[from] move: Knock Off|[of] p2a: Pelipper
|
|-weather|RainDance|[upkeep]
|upkeep
|turn|3
|
|t:|1758246385
|move|p1a: Alomomola|Body Slam|p2a: Pelipper
|-damage|p2a: Pelipper|88/100
|move|p2a: Pelipper|U-turn|p1a: Alomomola
|-damage|p1a: Alomomola|81/100
|
|t:|1758246392
|switch|p2a: Barraskewda|Barraskewda, M|84/100|[from] U-turn
|
|-weather|RainDance|[upkeep]
|upkeep
|turn|4
|
|t:|1758246405
|switch|p1a: Hydrapple|Hydrapple, M, shiny|100/100
|move|p2a: Barraskewda|Flip Turn|p1a: Hydrapple
|-resisted|p1a: Hydrapple
|-damage|p1a: Hydrapple|90/100
|-damage|p2a: Barraskewda|68/100|[from] item: Rocky Helmet|[of] p1a: Hydrapple
|
|t:|1758246410
|switch|p2a: Toxicroak|Toxicroak, M|100/100|[from] Flip Turn
|
|-weather|RainDance|[upkeep]
|upkeep
|turn|5
|
|t:|1758246417
|switch|p1a: Alomomola|Alomomola, M|100/100
|move|p2a: Toxicroak|Knock Off|p1a: Alomomola
|-damage|p1a: Alomomola|90/100
|
|-weather|RainDance|[upkeep]
|upkeep
|turn|6
|
|t:|1758246422
|move|p2a: Toxicroak|Toxic|p1a: Alomomola
|-status|p1a: Alomomola|tox
|move|p1a: Alomomola|Body Slam|p2a: Toxicroak
|-damage|p2a: Toxicroak|87/100
|-damage|p1a: Alomomola|74/100 tox|[from] item: Rocky Helmet|[of] p2a: Toxicroak
|
|-weather|RainDance|[upkeep]
|-heal|p2a: Toxicroak|99/100|[from] ability: Dry Skin
|-damage|p1a: Alomomola|68/100 tox|[from] psn
|upkeep
|turn|7
|
|t:|1758246435
|switch|p1a: Scizor|Scizor, F|100/100
|move|p2a: Toxicroak|Drain Punch|p1a: Scizor
|-damage|p1a: Scizor|76/100
|-heal|p2a: Toxicroak|100/100|[from] drain|[of] p1a: Scizor
|
|-weather|RainDance|[upkeep]
|upkeep
|turn|8
|
|t:|1758246447
|switch|p1a: Gholdengo|Gholdengo|100/100
|move|p2a: Toxicroak|Knock Off|p1a: Gholdengo
|-supereffective|p1a: Gholdengo
|-damage|p1a: Gholdengo|51/100
|-enditem|p1a: Gholdengo|Choice Scarf|[from] move: Knock Off|[of] p2a: Toxicroak
|
|-weather|none
|upkeep
|turn|9
|
|t:|1758246454
|switch|p2a: Iron Treads|Iron Treads|100/100
|move|p1a: Gholdengo|Make It Rain|p2a: Iron Treads
|-resisted|p2a: Iron Treads
|-damage|p2a: Iron Treads|66/100
|-unboost|p1a: Gholdengo|spa|1
|
|-heal|p2a: Iron Treads|72/100|[from] item: Leftovers
|upkeep
|turn|10
|
|t:|1758246465
|switch|p1a: Hydrapple|Hydrapple, M, shiny|100/100
|move|p2a: Iron Treads|Stealth Rock|p1a: Hydrapple
|-sidestart|p1: OscarGamble|move: Stealth Rock
|
|-heal|p2a: Iron Treads|78/100|[from] item: Leftovers
|upkeep
|turn|11
|
|t:|1758246477
|-end|p2a: Iron Treads|Quark Drive|[silent]
|switch|p2a: Hatterene|Hatterene, F|100/100
|move|p1a: Hydrapple|Fickle Beam|p2a: Hatterene
|-immune|p2a: Hatterene
|
|upkeep
|turn|12
|
|t:|1758246483
|switch|p1a: Alomomola|Alomomola, M|100/100 tox
|-damage|p1a: Alomomola|88/100 tox|[from] Stealth Rock
|move|p2a: Hatterene|Nuzzle|p1a: Alomomola
|-supereffective|p1a: Alomomola
|-damage|p1a: Alomomola|83/100 tox
|
|-damage|p1a: Alomomola|77/100 tox|[from] psn
|upkeep
|turn|13
|
|t:|1758246501
|switch|p1a: Great Tusk|Great Tusk|100/100
|move|p2a: Hatterene|Dazzling Gleam|p1a: Great Tusk
|-supereffective|p1a: Great Tusk
|-damage|p1a: Great Tusk|6/100
|
|upkeep
|turn|14
|
|t:|1758246514
|move|p1a: Great Tusk|Headlong Rush|p2a: Hatterene
|-damage|p2a: Hatterene|58/100
|-unboost|p1a: Great Tusk|def|1
|-unboost|p1a: Great Tusk|spd|1
|-enditem|p2a: Hatterene|Eject Button
|
|t:|1758246519
|switch|p2a: Barraskewda|Barraskewda, M|68/100
|
|upkeep
|turn|15
|
|t:|1758246522
|-end|p1a: Great Tusk|Protosynthesis|[silent]
|switch|p1a: Hydrapple|Hydrapple, M, shiny|100/100
|-damage|p1a: Hydrapple|88/100|[from] Stealth Rock
|move|p2a: Barraskewda|Flip Turn|p1a: Hydrapple
|-resisted|p1a: Hydrapple
|-damage|p1a: Hydrapple|80/100
|-damage|p2a: Barraskewda|51/100|[from] item: Rocky Helmet|[of] p1a: Hydrapple
|
|t:|1758246524
|switch|p2a: Pelipper|Pelipper, M|88/100|[from] Flip Turn
|-weather|RainDance|[from] ability: Drizzle|[of] p2a: Pelipper
|
|-weather|RainDance|[upkeep]
|upkeep
|turn|16
|
|t:|1758246533
|switch|p1a: Alomomola|Alomomola, M|100/100 tox
|-damage|p1a: Alomomola|88/100 tox|[from] Stealth Rock
|move|p2a: Pelipper|U-turn|p1a: Alomomola
|-damage|p1a: Alomomola|82/100 tox
|
|t:|1758246544
|switch|p2a: Iron Treads|Iron Treads|78/100|[from] U-turn
|
|-weather|RainDance|[upkeep]
|-heal|p2a: Iron Treads|85/100|[from] item: Leftovers
|-damage|p1a: Alomomola|76/100 tox|[from] psn
|upkeep
|turn|17
|
|t:|1758246554
|-end|p2a: Iron Treads|Quark Drive|[silent]
|switch|p2a: Toxicroak|Toxicroak, M|100/100
|move|p1a: Alomomola|Flip Turn|p2a: Toxicroak
|-immune|p2a: Toxicroak|[from] ability: Dry Skin
|
|-weather|RainDance|[upkeep]
|-damage|p1a: Alomomola|64/100 tox|[from] psn
|upkeep
|turn|18
|
|t:|1758246567
|move|p2a: Toxicroak|Encore|p1a: Alomomola
|-start|p1a: Alomomola|Encore
|move|p1a: Alomomola|Flip Turn|p2a: Toxicroak
|-immune|p2a: Toxicroak|[from] ability: Dry Skin
|
|-weather|RainDance|[upkeep]
|-damage|p1a: Alomomola|45/100 tox|[from] psn
|upkeep
|turn|19
|
|t:|1758246578
|switch|p1a: Scizor|Scizor, F|76/100
|-damage|p1a: Scizor|63/100|[from] Stealth Rock
|move|p2a: Toxicroak|Knock Off|p1a: Scizor
|-damage|p1a: Scizor|41/100
|-enditem|p1a: Scizor|Sitrus Berry|[from] move: Knock Off|[of] p2a: Toxicroak
|
|-weather|RainDance|[upkeep]
|upkeep
|turn|20
|
|t:|1758246585
|move|p2a: Toxicroak|Drain Punch|p1a: Scizor
|-damage|p1a: Scizor|13/100
|move|p1a: Scizor|Defog|p2a: Toxicroak
|-unboost|p2a: Toxicroak|evasion|1
|-sideend|p1: OscarGamble|Stealth Rock|[from] move: Defog|[of] p1a: Scizor
|
|-weather|RainDance|[upkeep]
|upkeep
|turn|21
|
|t:|1758246592
|switch|p1a: Gholdengo|Gholdengo|51/100
|move|p2a: Toxicroak|Knock Off|p1a: Gholdengo
|-supereffective|p1a: Gholdengo
|-damage|p1a: Gholdengo|14/100
|
|-weather|RainDance|[upkeep]
|upkeep
|turn|22
|
|t:|1758246602
|switch|p2a: Iron Treads|Iron Treads|85/100
|move|p1a: Gholdengo|Make It Rain|p2a: Iron Treads
|-resisted|p2a: Iron Treads
|-damage|p2a: Iron Treads|47/100
|-unboost|p1a: Gholdengo|spa|1
|
|-weather|none
|-heal|p2a: Iron Treads|53/100|[from] item: Leftovers
|upkeep
|turn|23
|
|t:|1758246611
|move|p2a: Iron Treads|Stealth Rock|p1a: Gholdengo
|-sidestart|p1: OscarGamble|move: Stealth Rock
|move|p1a: Gholdengo|Trick|p2a: Iron Treads
|-activate|p1a: Gholdengo|move: Trick|[of] p2a: Iron Treads
|-enditem|p2a: Iron Treads|Leftovers|[silent]|[from] move: Trick
|-item|p1a: Gholdengo|Leftovers|[from] move: Trick
|
|-heal|p1a: Gholdengo|20/100|[from] item: Leftovers
|upkeep
|turn|24
|
|t:|1758246618
|switch|p1a: Hydrapple|Hydrapple, M, shiny|100/100
|-damage|p1a: Hydrapple|88/100|[from] Stealth Rock
|move|p2a: Iron Treads|Knock Off|p1a: Hydrapple
|-damage|p1a: Hydrapple|72/100
|-damage|p2a: Iron Treads|37/100|[from] item: Rocky Helmet|[of] p1a: Hydrapple
|-enditem|p1a: Hydrapple|Rocky Helmet|[from] move: Knock Off|[of] p2a: Iron Treads
|
|upkeep
|turn|25
|
|t:|1758246630
|-end|p2a: Iron Treads|Quark Drive|[silent]
|switch|p2a: Hatterene|Hatterene, F|58/100
|move|p1a: Hydrapple|Fickle Beam|p2a: Hatterene
|-immune|p2a: Hatterene
|
|upkeep
|turn|26
|
|t:|1758246633
|switch|p1a: Alomomola|Alomomola, M|79/100 tox
|-damage|p1a: Alomomola|66/100 tox|[from] Stealth Rock
|move|p2a: Hatterene|Nuzzle|p1a: Alomomola
|-supereffective|p1a: Alomomola
|-damage|p1a: Alomomola|61/100 tox
|
|-damage|p1a: Alomomola|55/100 tox|[from] psn
|upkeep
|turn|27
|
|t:|1758246648
|switch|p1a: Gholdengo|Gholdengo|20/100
|-damage|p1a: Gholdengo|14/100|[from] Stealth Rock
|move|p2a: Hatterene|Nuzzle|p1a: Gholdengo
|-damage|p1a: Gholdengo|9/100
|-status|p1a: Gholdengo|par
|
|-heal|p1a: Gholdengo|15/100 par|[from] item: Leftovers
|upkeep
|turn|28
|
|t:|1758246657
|switch|p2a: Iron Treads|Iron Treads|37/100
|move|p1a: Gholdengo|Shadow Ball|p2a: Iron Treads
|-damage|p2a: Iron Treads|0 fnt
|faint|p2a: Iron Treads
|-end|p2a: Iron Treads|Quark Drive|[silent]
|
|-heal|p1a: Gholdengo|21/100 par|[from] item: Leftovers
|upkeep
|
|t:|1758246663
|switch|p2a: Toxicroak|Toxicroak, M|100/100
|turn|29
|
|t:|1758246671
|move|p2a: Toxicroak|Knock Off|p1a: Gholdengo
|-supereffective|p1a: Gholdengo
|-damage|p1a: Gholdengo|0 fnt
|-enditem|p1a: Gholdengo|Leftovers|[from] move: Knock Off|[of] p2a: Toxicroak
|faint|p1a: Gholdengo
|
|upkeep
|
|t:|1758246698
|switch|p1a: Great Tusk|Great Tusk|6/100
|turn|30
|
|t:|1758246704
|switch|p2a: Moltres|Moltres|100/100
|move|p1a: Great Tusk|Headlong Rush|p2a: Moltres
|-immune|p2a: Moltres
|
|upkeep
|turn|31
|
|t:|1758246711
|switch|p2a: Toxicroak|Toxicroak, M|100/100
|move|p1a: Great Tusk|Rapid Spin|p2a: Toxicroak
|-damage|p2a: Toxicroak|89/100
|-boost|p1a: Great Tusk|spe|1
|-damage|p1a: Great Tusk|0 fnt|[from] item: Rocky Helmet|[of] p2a: Toxicroak
|faint|p1a: Great Tusk
|-end|p1a: Great Tusk|Protosynthesis|[silent]
|
|upkeep
|inactive|OscarGamble has 120 seconds left.
|
|t:|1758246746
|switch|p1a: Kyurem|Kyurem|100/100
|-damage|p1a: Kyurem|76/100|[from] Stealth Rock
|-ability|p1a: Kyurem|Pressure
|turn|32
|
|t:|1758246752
|switch|p2a: Hatterene|Hatterene, F|58/100
|-terastallize|p1a: Kyurem|Fire
|move|p1a: Kyurem|Tera Blast|p2a: Hatterene|[anim] Tera Blast Fire
|-damage|p2a: Hatterene|24/100
|
|upkeep
|turn|33
|inactive|OscarGamble has 120 seconds left.
|
|t:|1758246759
|move|p1a: Kyurem|Icicle Spear|p2a: Hatterene
|-damage|p2a: Hatterene|13/100
|-damage|p2a: Hatterene|3/100
|-damage|p2a: Hatterene|0 fnt
|faint|p2a: Hatterene
|-hitcount|p2: Hatterene|3
|
|upkeep
|
|t:|1758246762
|switch|p2a: Toxicroak|Toxicroak, M|89/100
|turn|34
|
|t:|1758246771
|switch|p2a: Pelipper|Pelipper, M|88/100
|-weather|RainDance|[from] ability: Drizzle|[of] p2a: Pelipper
|move|p1a: Kyurem|Tera Blast|p2a: Pelipper|[anim] Tera Blast Fire
|-resisted|p2a: Pelipper
|-crit|p2a: Pelipper
|-damage|p2a: Pelipper|76/100
|
|-weather|RainDance|[upkeep]
|upkeep
|turn|35
|
|t:|1758246778
|switch|p1a: Hydrapple|Hydrapple, M, shiny|100/100
|-damage|p1a: Hydrapple|88/100|[from] Stealth Rock
|move|p2a: Pelipper|U-turn|p1a: Hydrapple
|-supereffective|p1a: Hydrapple
|-damage|p1a: Hydrapple|77/100
|
|t:|1758246783
|switch|p2a: Toxicroak|Toxicroak, M|89/100|[from] U-turn
|
|-weather|RainDance|[upkeep]
|-heal|p2a: Toxicroak|100/100|[from] ability: Dry Skin
|upkeep
|turn|36
|
|t:|1758246788
|move|p2a: Toxicroak|Toxic|p1a: Hydrapple
|-status|p1a: Hydrapple|tox
|move|p1a: Hydrapple|Earth Power|p2a: Toxicroak
|-supereffective|p2a: Toxicroak
|-damage|p2a: Toxicroak|39/100
|
|-weather|RainDance|[upkeep]
|-heal|p2a: Toxicroak|52/100|[from] ability: Dry Skin
|-damage|p1a: Hydrapple|71/100 tox|[from] psn
|upkeep
|turn|37
|
|t:|1758246797
|switch|p1a: Alomomola|Alomomola, M|88/100 tox
|-damage|p1a: Alomomola|76/100 tox|[from] Stealth Rock
|move|p2a: Toxicroak|Drain Punch|p1a: Alomomola
|-damage|p1a: Alomomola|56/100 tox
|-heal|p2a: Toxicroak|64/100|[from] drain|[of] p1a: Alomomola
|
|-weather|RainDance|[upkeep]
|-heal|p2a: Toxicroak|77/100|[from] ability: Dry Skin
|-damage|p1a: Alomomola|50/100 tox|[from] psn
|upkeep
|turn|38
|
|t:|1758246804
|move|p2a: Toxicroak|Drain Punch|p1a: Alomomola
|-damage|p1a: Alomomola|31/100 tox
|-heal|p2a: Toxicroak|89/100|[from] drain|[of] p1a: Alomomola
|move|p1a: Alomomola|Body Slam|p2a: Toxicroak
|-crit|p2a: Toxicroak
|-damage|p2a: Toxicroak|71/100
|-status|p2a: Toxicroak|par
|-damage|p1a: Alomomola|14/100 tox|[from] item: Rocky Helmet|[of] p2a: Toxicroak
|
|-weather|RainDance|[upkeep]
|-heal|p2a: Toxicroak|83/100 par|[from] ability: Dry Skin
|-damage|p1a: Alomomola|2/100 tox|[from] psn
|upkeep
|turn|39
|
|t:|1758246808
|switch|p1a: Hydrapple|Hydrapple, M, shiny|100/100 tox
|-damage|p1a: Hydrapple|88/100 tox|[from] Stealth Rock
|move|p2a: Toxicroak|Drain Punch|p1a: Hydrapple
|-damage|p1a: Hydrapple|73/100 tox
|-heal|p2a: Toxicroak|92/100 par|[from] drain|[of] p1a: Hydrapple
|
|-weather|RainDance|[upkeep]
|-heal|p2a: Toxicroak|100/100 par|[from] ability: Dry Skin
|-damage|p1a: Hydrapple|67/100 tox|[from] psn
|upkeep
|turn|40
|
|t:|1758246815
|move|p1a: Hydrapple|Earth Power|p2a: Toxicroak
|-supereffective|p2a: Toxicroak
|-damage|p2a: Toxicroak|31/100 par
|-unboost|p2a: Toxicroak|spd|1
|move|p2a: Toxicroak|Encore|p1a: Hydrapple
|-start|p1a: Hydrapple|Encore
|
|-weather|RainDance|[upkeep]
|-heal|p2a: Toxicroak|44/100 par|[from] ability: Dry Skin
|-damage|p1a: Hydrapple|55/100 tox|[from] psn
|upkeep
|turn|41
|
|t:|1758246821
|switch|p2a: Moltres|Moltres|100/100
|move|p1a: Hydrapple|Earth Power|p2a: Moltres
|-immune|p2a: Moltres
|
|-weather|none
|-damage|p1a: Hydrapple|37/100 tox|[from] psn
|upkeep
|turn|42
|
|t:|1758246827
|switch|p1a: Alomomola|Alomomola, M|35/100 tox
|-damage|p1a: Alomomola|23/100 tox|[from] Stealth Rock
|move|p2a: Moltres|U-turn|p1a: Alomomola
|-damage|p1a: Alomomola|14/100 tox
|
|t:|1758246830
|switch|p2a: Pelipper|Pelipper, M|76/100|[from] U-turn
|-weather|RainDance|[from] ability: Drizzle|[of] p2a: Pelipper
|
|-weather|RainDance|[upkeep]
|-damage|p1a: Alomomola|8/100 tox|[from] psn
|upkeep
|turn|43
|
|t:|1758246841
|switch|p1a: Scizor|Scizor, F|13/100
|-damage|p1a: Scizor|0 fnt|[from] Stealth Rock
|faint|p1a: Scizor
|move|p2a: Pelipper|U-turn|p1: Scizor|[notarget]
|-fail|p2a: Pelipper
|
|-weather|RainDance|[upkeep]
|upkeep
|
|t:|1758246854
|switch|p1a: Hydrapple|Hydrapple, M, shiny|70/100 tox
|-damage|p1a: Hydrapple|58/100 tox|[from] Stealth Rock
|turn|44
|
|t:|1758246859
|move|p1a: Hydrapple|Nasty Plot|p1a: Hydrapple
|-boost|p1a: Hydrapple|spa|2
|move|p2a: Pelipper|U-turn|p1a: Hydrapple
|-supereffective|p1a: Hydrapple
|-damage|p1a: Hydrapple|46/100 tox
|
|t:|1758246861
|switch|p2a: Moltres|Moltres|100/100|[from] U-turn
|
|-weather|RainDance|[upkeep]
|-damage|p1a: Hydrapple|40/100 tox|[from] psn
|upkeep
|turn|45
|
|t:|1758246864
|switch|p1a: Alomomola|Alomomola, M|41/100 tox
|-damage|p1a: Alomomola|29/100 tox|[from] Stealth Rock
|move|p2a: Moltres|Hurricane|p1a: Alomomola
|-crit|p1a: Alomomola
|-damage|p1a: Alomomola|0 fnt
|faint|p1a: Alomomola
|
|-weather|RainDance|[upkeep]
|upkeep
|
|t:|1758246873
|switch|p1a: Kyurem|Kyurem, tera:Fire|76/100
|-damage|p1a: Kyurem|51/100|[from] Stealth Rock
|-ability|p1a: Kyurem|Pressure
|turn|46
|
|t:|1758246879
|move|p1a: Kyurem|Dragon Dance|p1a: Kyurem
|-boost|p1a: Kyurem|atk|1
|-boost|p1a: Kyurem|spe|1
|move|p2a: Moltres|Roar|p1a: Kyurem
|drag|p1a: Hydrapple|Hydrapple, M, shiny|73/100 tox
|-damage|p1a: Hydrapple|61/100 tox|[from] Stealth Rock
|
|-weather|RainDance|[upkeep]
|-damage|p1a: Hydrapple|55/100 tox|[from] psn
|upkeep
|turn|47
|
|t:|1758246886
|move|p2a: Moltres|Hurricane|p1a: Hydrapple
|-supereffective|p1a: Hydrapple
|-damage|p1a: Hydrapple|0 fnt
|faint|p1a: Hydrapple
|
|-weather|RainDance|[upkeep]
|upkeep
|
|t:|1758246890
|switch|p1a: Kyurem|Kyurem, tera:Fire|51/100
|-damage|p1a: Kyurem|26/100|[from] Stealth Rock
|-ability|p1a: Kyurem|Pressure
|turn|48
|c|☆surprise blissey|Gg
|
|t:|1758246894
|move|p1a: Kyurem|Icicle Spear|p2a: Moltres
|-damage|p2a: Moltres|90/100
|-damage|p2a: Moltres|81/100
|-damage|p2a: Moltres|73/100
|-damage|p2a: Moltres|63/100
|-hitcount|p2a: Moltres|4
|move|p2a: Moltres|Hurricane|p1a: Kyurem
|-damage|p1a: Kyurem|0 fnt
|faint|p1a: Kyurem
|
|win|surprise blissey
|raw|OscarGamble's rating: 1519 &rarr; <strong>1495</strong><br />(-24 for losing)
|raw|surprise blissey's rating: 1452 &rarr; <strong>1476</strong><br />(+24 for winning)
|c|☆OscarGamble|gg]
|l|☆OscarGamble
|player|p1|
