|j|☆superbigmariofan1
|j|☆Volga123
|t:|1758287014
|gametype|singles
|player|p1|superbigmariofan1|iris-gen5bw2|1514
|player|p2|Volga123|cynthia|1490
|gen|9
|tier|[Gen 9] OU
|rated|
|rule|HP Percentage Mod: HP is shown in percentages
|rule|Endless Battle Clause: Forcing endless battles is banned
|rule|Species Clause: Limit one of each Pokémon
|rule|OHKO Clause: OHKO moves are banned
|rule|Evasion Items Clause: Evasion items are banned
|rule|Evasion Moves Clause: Evasion moves are banned
|rule|Evasion Abilities Clause: Evasion abilities are banned
|rule|Sleep Moves Clause: Sleep-inducing moves are banned
|clearpoke
|poke|p1|Gholdengo|
|poke|p1|Iron Treads|
|poke|p1|Moltres|
|poke|p1|Samurott-Hisui, M|
|poke|p1|Sinistcha|
|poke|p1|Ting-Lu|
|poke|p2|Araquanid, F|
|poke|p2|Politoed, M|
|poke|p2|Raging Bolt|
|poke|p2|Bisharp, M|
|poke|p2|Noivern, F|
|poke|p2|Clodsire, M|
|teampreview
|inactive|Battle timer is ON: inactive players will automatically lose when time's up. (requested by superbigmariofan1)
|
|t:|1758287037
|teamsize|p1|6
|teamsize|p2|6
|start
|switch|p1a: Samurott|Samurott-Hisui, M|100/100
|switch|p2a: Araquanid|Araquanid, F|100/100
|turn|1
|
|t:|1758287041
|move|p1a: Samurott|Ceaseless Edge|p2a: Araquanid
|-damage|p2a: Araquanid|56/100
|-sidestart|p2: Volga123|Spikes
|move|p2a: Araquanid|Leech Life|p1a: Samurott
|-supereffective|p1a: Samurott
|-damage|p1a: Samurott|0 fnt
|-heal|p2a: Araquanid|100/100|[from] drain|[of] p1a: Samurott
|faint|p1a: Samurott
|
|upkeep
|
|t:|1758287048
|switch|p1a: Sinistcha|Sinistcha|100/100
|turn|2
|
|t:|1758287055
|switch|p2a: Noivern|Noivern, F|100/100
|move|p1a: Sinistcha|Calm Mind|p1a: Sinistcha
|-boost|p1a: Sinistcha|spa|1
|-boost|p1a: Sinistcha|spd|1
|
|upkeep
|turn|3
|
|t:|1758287062
|switch|p1a: Gholdengo|Gholdengo|100/100
|move|p2a: Noivern|Hurricane|p1a: Gholdengo|[miss]
|-miss|p2a: Noivern|p1a: Gholdengo
|
|upkeep
|turn|4
|
|t:|1758287070
|move|p2a: Noivern|Defog|p1a: Gholdengo
|-immune|p1a: Gholdengo|[from] ability: Good as Gold
|move|p1a: Gholdengo|Nasty Plot|p1a: Gholdengo
|-boost|p1a: Gholdengo|spa|2
|
|upkeep
|turn|5
|
|t:|1758287088
|switch|p2a: Politoed|Politoed, M|100/100
|-damage|p2a: Politoed|88/100|[from] Spikes
|-weather|RainDance|[from] ability: Drizzle|[of] p2a: Politoed
|move|p1a: Gholdengo|Nasty Plot|p1a: Gholdengo
|-boost|p1a: Gholdengo|spa|2
|
|-weather|RainDance|[upkeep]
|upkeep
|turn|6
|
|t:|1758287094
|move|p1a: Gholdengo|Thunderbolt|p2a: Politoed
|-supereffective|p2a: Politoed
|-crit|p2a: Politoed
|-damage|p2a: Politoed|0 fnt
|faint|p2a: Politoed
|
|-weather|RainDance|[upkeep]
|upkeep
|
|t:|1758287098
|switch|p2a: Bisharp|Bisharp, M|100/100
|-damage|p2a: Bisharp|88/100|[from] Spikes
|turn|7
|
|t:|1758287104
|-terastallize|p1a: Gholdengo|Steel
|move|p1a: Gholdengo|Make It Rain|p2a: Bisharp
|-resisted|p2a: Bisharp
|-damage|p2a: Bisharp|0 fnt
|-unboost|p1a: Gholdengo|spa|1
|faint|p2a: Bisharp
|
|-weather|RainDance|[upkeep]
|upkeep
|
|t:|1758287109
|switch|p2a: Araquanid|Araquanid, F|100/100
|-damage|p2a: Araquanid|88/100|[from] Spikes
|turn|8
|
|t:|1758287120
|move|p1a: Gholdengo|Thunderbolt|p2a: Araquanid
|-supereffective|p2a: Araquanid
|-damage|p2a: Araquanid|0 fnt
|faint|p2a: Araquanid
|
|-weather|RainDance|[upkeep]
|upkeep
|-message|Volga123 forfeited.
|
|win|superbigmariofan1
|raw|superbigmariofan1's rating: 1514 &rarr; <strong>1533</strong><br />(+19 for winning)
|raw|Volga123's rating: 1490 &rarr; <strong>1471</strong><br />(-19 for losing)
|l|☆Volga123
|player|p2|
|l|☆superbigmariofan1
|player|p1|
