|j|☆Broadsword115
|j|☆jewking
|t:|1758312288
|gametype|singles
|player|p1|Broadsword115|265|1192
|player|p2|jewking|170|1206
|gen|9
|tier|[Gen 9] OU
|rated|
|rule|HP Percentage Mod: HP is shown in percentages
|rule|Endless Battle Clause: Forcing endless battles is banned
|rule|Species Clause: Limit one of each Pokémon
|rule|OHKO Clause: OHKO moves are banned
|rule|Evasion Items Clause: Evasion items are banned
|rule|Evasion Moves Clause: Evasion moves are banned
|rule|Evasion Abilities Clause: Evasion abilities are banned
|rule|Sleep Moves Clause: Sleep-inducing moves are banned
|clearpoke
|poke|p1|Chesnaught, M|
|poke|p1|Arboliva, M|
|poke|p1|Pelipper, M|
|poke|p1|Manaphy|
|poke|p1|Zapdos|
|poke|p1|Goodra-Hisui, M|
|poke|p2|Heracross, F|
|poke|p2|Zapdos|
|poke|p2|Kingdra, M|
|poke|p2|Scizor, F|
|poke|p2|Ludicolo, F|
|poke|p2|Garchomp, M|
|teampreview
|
|t:|1758312320
|teamsize|p1|6
|teamsize|p2|6
|start
|switch|p1a: Pelipper|Pelipper, M|100/100
|switch|p2a: hikaryu|Zapdos|100/100
|-weather|RainDance|[from] ability: Drizzle|[of] p1a: Pelipper
|turn|1
|
|t:|1758312329
|switch|p1a: Goodra|Goodra-Hisui, M|100/100
|move|p2a: hikaryu|Thunderbolt|p1a: Goodra
|-resisted|p1a: Goodra
|-damage|p1a: Goodra|85/100
|
|-weather|RainDance|[upkeep]
|-heal|p1a: Goodra|91/100|[from] item: Leftovers
|upkeep
|turn|2
|
|t:|1758312342
|switch|p2a: Garchomp|Garchomp, M|100/100
|move|p1a: Goodra|Curse|p1a: Goodra
|-unboost|p1a: Goodra|spe|1
|-boost|p1a: Goodra|atk|1
|-boost|p1a: Goodra|def|1
|
|-weather|RainDance|[upkeep]
|-heal|p1a: Goodra|97/100|[from] item: Leftovers
|upkeep
|turn|3
|
|t:|1758312357
|move|p2a: Garchomp|Dragon Tail|p1a: Goodra
|-damage|p1a: Goodra|77/100
|drag|p1a: Manaphy|Manaphy|100/100
|
|-weather|RainDance|[upkeep]
|upkeep
|turn|4
|
|t:|1758312364
|-terastallize|p2a: Garchomp|Ghost
|move|p1a: Manaphy|Ice Beam|p2a: Garchomp
|-damage|p2a: Garchomp|67/100
|move|p2a: Garchomp|Dragon Tail|p1a: Manaphy
|-crit|p1a: Manaphy
|-damage|p1a: Manaphy|62/100
|drag|p1a: Goodra|Goodra-Hisui, M|77/100
|
|-weather|RainDance|[upkeep]
|-heal|p1a: Goodra|83/100|[from] item: Leftovers
|upkeep
|turn|5
|
|t:|1758312374
|move|p2a: Garchomp|Earthquake|p1a: Goodra
|-supereffective|p1a: Goodra
|-damage|p1a: Goodra|0 fnt
|faint|p1a: Goodra
|
|-weather|RainDance|[upkeep]
|upkeep
|
|t:|1758312391
|switch|p1a: Arboliva|Arboliva, M|100/100
|turn|6
|
|t:|1758312396
|move|p2a: Garchomp|Stealth Rock|p1a: Arboliva
|-sidestart|p1: Broadsword115|move: Stealth Rock
|move|p1a: Arboliva|Giga Drain|p2a: Garchomp
|-damage|p2a: Garchomp|24/100
|
|-weather|RainDance|[upkeep]
|upkeep
|turn|7
|
|t:|1758312402
|move|p2a: Garchomp|Spikes|p1a: Arboliva
|-sidestart|p1: Broadsword115|Spikes
|move|p1a: Arboliva|Giga Drain|p2a: Garchomp
|-damage|p2a: Garchomp|0 fnt
|faint|p2a: Garchomp
|
|-weather|RainDance|[upkeep]
|upkeep
|
|t:|1758312410
|switch|p2a: Scizor|Scizor, F|100/100
|turn|8
|
|t:|1758312445
|switch|p1a: Pelipper|Pelipper, M|100/100
|-damage|p1a: Pelipper|76/100|[from] Stealth Rock
|move|p2a: Scizor|Swords Dance|p2a: Scizor
|-boost|p2a: Scizor|atk|2
|
|-weather|none
|upkeep
|turn|9
|
|t:|1758312454
|switch|p1a: Zapdos|Zapdos|100/100
|move|p2a: Scizor|Knock Off|p1a: Zapdos
|-damage|p1a: Zapdos|31/100
|-enditem|p1a: Zapdos|Heavy-Duty Boots|[from] move: Knock Off|[of] p2a: Scizor
|
|upkeep
|turn|10
|
|t:|1758312471
|move|p1a: Zapdos|Heat Wave|p2a: Scizor
|-supereffective|p2a: Scizor
|-damage|p2a: Scizor|0 fnt
|faint|p2a: Scizor
|
|upkeep
|
|t:|1758312478
|switch|p2a: hikaryu|Zapdos|100/100
|turn|11
|
|t:|1758312490
|switch|p1a: Arboliva|Arboliva, M|100/100
|-damage|p1a: Arboliva|88/100|[from] Stealth Rock
|-damage|p1a: Arboliva|76/100|[from] Spikes
|move|p2a: hikaryu|Thunderbolt|p1a: Arboliva
|-resisted|p1a: Arboliva
|-crit|p1a: Arboliva
|-damage|p1a: Arboliva|45/100
|-fieldstart|move: Grassy Terrain|[from] ability: Seed Sower|[of] p1a: Arboliva
|
|-heal|p1a: Arboliva|51/100|[from] Grassy Terrain
|upkeep
|turn|12
|
|t:|1758312531
|switch|p2a: Dobby|Heracross, F|100/100
|move|p1a: Arboliva|Alluring Voice|p2a: Dobby
|-supereffective|p2a: Dobby
|-damage|p2a: Dobby|34/100
|
|-heal|p2a: Dobby|40/100|[from] Grassy Terrain
|-heal|p1a: Arboliva|57/100|[from] Grassy Terrain
|upkeep
|turn|13
|
|t:|1758312539
|switch|p1a: Pelipper|Pelipper, M|76/100
|-damage|p1a: Pelipper|51/100|[from] Stealth Rock
|-weather|RainDance|[from] ability: Drizzle|[of] p1a: Pelipper
|move|p2a: Dobby|Endure||[still]
|-fail|p2a: Dobby
|
|-weather|RainDance|[upkeep]
|-heal|p2a: Dobby|46/100|[from] Grassy Terrain
|upkeep
|turn|14
|
|t:|1758312546
|move|p2a: Dobby|Endure|p2a: Dobby
|-singleturn|p2a: Dobby|move: Endure
|move|p1a: Pelipper|Hurricane|p2a: Dobby
|-supereffective|p2a: Dobby
|-activate|p2a: Dobby|move: Endure
|-damage|p2a: Dobby|1/100
|-enditem|p2a: Dobby|Salac Berry|[eat]
|-boost|p2a: Dobby|spe|1|[from] item: Salac Berry
|
|-weather|RainDance|[upkeep]
|-heal|p2a: Dobby|7/100|[from] Grassy Terrain
|upkeep
|turn|15
|
|t:|1758312558
|move|p2a: Dobby|Knock Off|p1a: Pelipper
|-damage|p1a: Pelipper|24/100
|-enditem|p1a: Pelipper|Damp Rock|[from] move: Knock Off|[of] p2a: Dobby
|move|p1a: Pelipper|U-turn|p2a: Dobby
|-resisted|p2a: Dobby
|-damage|p2a: Dobby|1/100
|
|t:|1758312562
|switch|p1a: Chesnaught|Chesnaught, M, shiny|100/100|[from] U-turn
|-damage|p1a: Chesnaught|94/100|[from] Stealth Rock
|-damage|p1a: Chesnaught|82/100|[from] Spikes
|
|-weather|RainDance|[upkeep]
|-heal|p2a: Dobby|7/100|[from] Grassy Terrain
|-heal|p1a: Chesnaught|88/100|[from] Grassy Terrain
|upkeep
|turn|16
|
|t:|1758312570
|move|p1a: Chesnaught|Grassy Glide|p2a: Dobby
|-resisted|p2a: Dobby
|-damage|p2a: Dobby|0 fnt
|faint|p2a: Dobby
|
|-weather|RainDance|[upkeep]
|-heal|p1a: Chesnaught|94/100|[from] Grassy Terrain
|upkeep
|
|t:|1758312577
|switch|p2a: hikaryu|Zapdos|100/100
|turn|17
|
|t:|1758312634
|-terastallize|p1a: Chesnaught|Water
|move|p2a: hikaryu|Hurricane|p1a: Chesnaught
|-damage|p1a: Chesnaught|23/100
|-start|p1a: Chesnaught|confusion
|-enditem|p1a: Chesnaught|Sitrus Berry|[eat]
|-heal|p1a: Chesnaught|48/100|[from] item: Sitrus Berry
|-activate|p1a: Chesnaught|confusion
|move|p1a: Chesnaught|Belly Drum||[still]
|-fail|p1a: Chesnaught
|
|-weather|RainDance|[upkeep]
|-heal|p1a: Chesnaught|54/100|[from] Grassy Terrain
|upkeep
|turn|18
|
|t:|1758312648
|switch|p1a: Zapdos|Zapdos|31/100
|-damage|p1a: Zapdos|6/100|[from] Stealth Rock
|move|p2a: hikaryu|Thunderbolt|p1a: Zapdos
|-damage|p1a: Zapdos|0 fnt
|faint|p1a: Zapdos
|
|-weather|RainDance|[upkeep]
|-fieldend|move: Grassy Terrain
|upkeep
|
|t:|1758312651
|switch|p1a: Arboliva|Arboliva, M|57/100
|-damage|p1a: Arboliva|45/100|[from] Stealth Rock
|-damage|p1a: Arboliva|33/100|[from] Spikes
|turn|19
|
|t:|1758312662
|move|p2a: hikaryu|Hurricane|p1a: Arboliva
|-supereffective|p1a: Arboliva
|-damage|p1a: Arboliva|0 fnt
|-fieldstart|move: Grassy Terrain|[from] ability: Seed Sower|[of] p1a: Arboliva
|faint|p1a: Arboliva
|
|-weather|RainDance|[upkeep]
|upkeep
|
|t:|1758312674
|switch|p1a: Manaphy|Manaphy|62/100
|-damage|p1a: Manaphy|49/100|[from] Stealth Rock
|-damage|p1a: Manaphy|37/100|[from] Spikes
|turn|20
|
|t:|1758312678
|move|p1a: Manaphy|Ice Beam|p2a: hikaryu
|-supereffective|p2a: hikaryu
|-crit|p2a: hikaryu
|-damage|p2a: hikaryu|17/100
|move|p2a: hikaryu|Thunderbolt|p1a: Manaphy
|-supereffective|p1a: Manaphy
|-damage|p1a: Manaphy|0 fnt
|faint|p1a: Manaphy
|
|-weather|none
|-heal|p2a: hikaryu|23/100|[from] item: Leftovers
|upkeep
|
|t:|1758312681
|switch|p1a: Chesnaught|Chesnaught, M, shiny, tera:Water|54/100
|-damage|p1a: Chesnaught|42/100|[from] Stealth Rock
|-damage|p1a: Chesnaught|29/100|[from] Spikes
|turn|21
|
|t:|1758312694
|move|p1a: Chesnaught|Grassy Glide|p2a: hikaryu
|-resisted|p2a: hikaryu
|-damage|p2a: hikaryu|0 fnt
|faint|p2a: hikaryu
|
|-heal|p1a: Chesnaught|35/100|[from] Grassy Terrain
|upkeep
|
|t:|1758312707
|switch|p2a: Ludicolo|Ludicolo, F|100/100
|turn|22
|
|t:|1758312722
|move|p1a: Chesnaught|Grassy Glide|p2a: Ludicolo
|-damage|p2a: Ludicolo|43/100
|move|p2a: Ludicolo|Giga Drain|p1a: Chesnaught
|-supereffective|p1a: Chesnaught
|-damage|p1a: Chesnaught|0 fnt
|-heal|p2a: Ludicolo|65/100|[from] drain|[of] p1a: Chesnaught
|faint|p1a: Chesnaught
|-damage|p2a: Ludicolo|55/100|[from] item: Life Orb
|
|-heal|p2a: Ludicolo|61/100|[from] Grassy Terrain
|upkeep
|
|t:|1758312724
|switch|p1a: Pelipper|Pelipper, M|24/100
|-damage|p1a: Pelipper|0 fnt|[from] Stealth Rock
|faint|p1a: Pelipper
|
|win|jewking
|raw|Broadsword115's rating: 1192 &rarr; <strong>1168</strong><br />(-24 for losing)
|raw|jewking's rating: 1206 &rarr; <strong>1230</strong><br />(+24 for winning)
|l|☆Broadsword115
|player|p1|
|l|☆jewking
|player|p2|
