|j|☆surprise blissey
|j|☆kebab.ixx
|t:|1758372851
|gametype|singles
|player|p1|surprise blissey|lucian|1486
|player|p2|kebab.ixx|1|1493
|gen|9
|tier|[Gen 9] OU
|rated|
|rule|HP Percentage Mod: HP is shown in percentages
|rule|Endless Battle Clause: Forcing endless battles is banned
|rule|Species Clause: Limit one of each Pokémon
|rule|OHKO Clause: OHKO moves are banned
|rule|Evasion Items Clause: Evasion items are banned
|rule|Evasion Moves Clause: Evasion moves are banned
|rule|Evasion Abilities Clause: Evasion abilities are banned
|rule|Sleep Moves Clause: Sleep-inducing moves are banned
|clearpoke
|poke|p1|Iron Moth|
|poke|p1|Torkoal, F|
|poke|p1|Walking Wake|
|poke|p1|Hatterene, F|
|poke|p1|Whimsicott, M|
|poke|p1|Cinderace, M|
|poke|p2|Hydrapple, F|
|poke|p2|Fezandipiti, M|
|poke|p2|Skarmory, F|
|poke|p2|Landorus-Therian, M|
|poke|p2|Samurott-Hisui, F|
|poke|p2|Skeledirge, M|
|teampreview
|inactive|Battle timer is ON: inactive players will automatically lose when time's up. (requested by surprise blissey)
|
|t:|1758372864
|teamsize|p1|6
|teamsize|p2|6
|start
|switch|p1a: Whimsicott|Whimsicott, M|100/100
|switch|p2a: Landorus|Landorus-Therian, M, shiny|100/100
|-ability|p2a: Landorus|Intimidate|boost
|-unboost|p1a: Whimsicott|atk|1
|turn|1
|
|t:|1758372872
|switch|p2a: Fezandipiti|Fezandipiti, M|100/100
|move|p1a: Whimsicott|Giga Drain|p2a: Fezandipiti
|-resisted|p2a: Fezandipiti
|-damage|p2a: Fezandipiti|90/100
|-damage|p1a: Whimsicott|91/100|[from] item: Life Orb
|
|upkeep
|turn|2
|
|t:|1758372877
|switch|p1a: Iron Moth|Iron Moth|100/100
|move|p2a: Fezandipiti|Moonblast|p1a: Iron Moth
|-resisted|p1a: Iron Moth
|-damage|p1a: Iron Moth|96/100
|
|upkeep
|turn|3
|
|t:|1758372882
|move|p1a: Iron Moth|Toxic Spikes|p2a: Fezandipiti
|-sidestart|p2: kebab.ixx|move: Toxic Spikes
|move|p2a: Fezandipiti|Calm Mind|p2a: Fezandipiti
|-boost|p2a: Fezandipiti|spa|1
|-boost|p2a: Fezandipiti|spd|1
|
|upkeep
|turn|4
|
|t:|1758372886
|move|p1a: Iron Moth|U-turn|p2a: Fezandipiti
|-resisted|p2a: Fezandipiti
|-damage|p2a: Fezandipiti|87/100
|
|t:|1758372888
|-end|p1a: Iron Moth|Quark Drive|[silent]
|switch|p1a: Torkoal|Torkoal, F|100/100|[from] U-turn
|-weather|SunnyDay|[from] ability: Drought|[of] p1a: Torkoal
|move|p2a: Fezandipiti|Moonblast|p1a: Torkoal
|-resisted|p1a: Torkoal
|-damage|p1a: Torkoal|76/100
|-unboost|p1a: Torkoal|spa|1
|
|-weather|SunnyDay|[upkeep]
|upkeep
|turn|5
|
|t:|1758372896
|switch|p1a: Cinderace|Cinderace, M|100/100
|move|p2a: Fezandipiti|Calm Mind|p2a: Fezandipiti
|-boost|p2a: Fezandipiti|spa|1
|-boost|p2a: Fezandipiti|spd|1
|
|-weather|SunnyDay|[upkeep]
|upkeep
|turn|6
|
|t:|1758372899
|switch|p2a: Skeledirge|Skeledirge, M|100/100
|move|p1a: Cinderace|Pyro Ball|p2a: Skeledirge
|-resisted|p2a: Skeledirge
|-damage|p2a: Skeledirge|75/100
|
|-weather|SunnyDay|[upkeep]
|upkeep
|turn|7
|
|t:|1758372907
|move|p1a: Cinderace|U-turn|p2a: Skeledirge
|-resisted|p2a: Skeledirge
|-damage|p2a: Skeledirge|72/100
|
|t:|1758372909
|switch|p1a: Hatterene|Hatterene, F|100/100|[from] U-turn
|-item|p1a: Hatterene|Air Balloon
|move|p2a: Skeledirge|Shadow Ball|p1a: Hatterene
|-supereffective|p1a: Hatterene
|-damage|p1a: Hatterene|34/100
|-unboost|p1a: Hatterene|spd|1
|-enditem|p1a: Hatterene|Air Balloon
|
|-weather|SunnyDay|[upkeep]
|upkeep
|turn|8
|
|t:|1758372915
|move|p2a: Skeledirge|Torch Song|p1a: Hatterene
|-damage|p1a: Hatterene|0 fnt
|-boost|p2a: Skeledirge|spa|1
|faint|p1a: Hatterene
|
|-weather|SunnyDay|[upkeep]
|upkeep
|
|t:|1758372919
|switch|p1a: Walking Wake|Walking Wake|100/100
|-activate|p1a: Walking Wake|ability: Protosynthesis
|-start|p1a: Walking Wake|protosynthesisspe
|turn|9
|
|t:|1758372923
|switch|p2a: Fezandipiti|Fezandipiti, M|87/100
|-sideend|p2: kebab.ixx|move: Toxic Spikes|[of] p2a: Fezandipiti
|move|p1a: Walking Wake|Hydro Steam|p2a: Fezandipiti
|-damage|p2a: Fezandipiti|38/100
|
|-weather|SunnyDay|[upkeep]
|upkeep
|turn|10
|
|t:|1758372925
|switch|p2a: Hydrapple|Hydrapple, F, shiny|100/100
|move|p1a: Walking Wake|Hydro Steam|p2a: Hydrapple
|-resisted|p2a: Hydrapple
|-crit|p2a: Hydrapple
|-damage|p2a: Hydrapple|69/100
|
|-weather|SunnyDay|[upkeep]
|upkeep
|turn|11
|
|t:|1758372932
|-end|p1a: Walking Wake|Protosynthesis|[silent]
|switch|p1a: Whimsicott|Whimsicott, M|91/100
|move|p2a: Hydrapple|Earth Power|p1a: Whimsicott
|-resisted|p1a: Whimsicott
|-damage|p1a: Whimsicott|62/100
|
|-weather|none
|upkeep
|turn|12
|
|t:|1758372940
|switch|p2a: Skeledirge|Skeledirge, M|72/100
|move|p1a: Whimsicott|Shadow Ball|p2a: Skeledirge
|-supereffective|p2a: Skeledirge
|-damage|p2a: Skeledirge|24/100
|-damage|p1a: Whimsicott|52/100|[from] item: Life Orb
|
|upkeep
|turn|13
|
|t:|1758372957
|move|p1a: Whimsicott|Giga Drain|p2a: Skeledirge
|-resisted|p2a: Skeledirge
|-damage|p2a: Skeledirge|9/100
|-heal|p1a: Whimsicott|64/100|[from] drain|[of] p2a: Skeledirge
|-damage|p1a: Whimsicott|54/100|[from] item: Life Orb
|move|p2a: Skeledirge|Slack Off|p2a: Skeledirge
|-heal|p2a: Skeledirge|59/100
|
|upkeep
|turn|14
|
|t:|1758372960
|switch|p2a: Fezandipiti|Fezandipiti, M|38/100
|move|p1a: Whimsicott|Shadow Ball|p2a: Fezandipiti
|-damage|p2a: Fezandipiti|21/100
|-unboost|p2a: Fezandipiti|spd|1
|-damage|p1a: Whimsicott|44/100|[from] item: Life Orb
|
|upkeep
|turn|15
|
|t:|1758372970
|move|p1a: Whimsicott|Shadow Ball|p2a: Fezandipiti
|-damage|p2a: Fezandipiti|0 fnt
|faint|p2a: Fezandipiti
|-damage|p1a: Whimsicott|34/100|[from] item: Life Orb
|
|upkeep
|
|t:|1758372975
|switch|p2a: Landorus|Landorus-Therian, M, shiny|100/100
|-ability|p2a: Landorus|Intimidate|boost
|-unboost|p1a: Whimsicott|atk|1
|turn|16
|
|t:|1758372979
|move|p2a: Landorus|Earthquake|p1a: Whimsicott
|-resisted|p1a: Whimsicott
|-damage|p1a: Whimsicott|0 fnt
|faint|p1a: Whimsicott
|
|upkeep
|
|t:|1758372983
|switch|p1a: Torkoal|Torkoal, F|76/100
|-weather|SunnyDay|[from] ability: Drought|[of] p1a: Torkoal
|turn|17
|
|t:|1758372986
|move|p2a: Landorus|Earthquake|p1a: Torkoal
|-supereffective|p1a: Torkoal
|-damage|p1a: Torkoal|12/100
|move|p1a: Torkoal|Will-O-Wisp|p2a: Landorus
|-status|p2a: Landorus|brn
|
|-weather|SunnyDay|[upkeep]
|-damage|p2a: Landorus|95/100 brn|[from] brn
|upkeep
|turn|18
|
|t:|1758372990
|switch|p1a: Walking Wake|Walking Wake|100/100
|-activate|p1a: Walking Wake|ability: Protosynthesis
|-start|p1a: Walking Wake|protosynthesisspe
|move|p2a: Landorus|Earthquake|p1a: Walking Wake
|-damage|p1a: Walking Wake|70/100
|
|-weather|SunnyDay|[upkeep]
|-damage|p2a: Landorus|89/100 brn|[from] brn
|upkeep
|turn|19
|
|t:|1758372997
|switch|p2a: Samurott|Samurott-Hisui, F, shiny|100/100
|move|p1a: Walking Wake|Dragon Pulse|p2a: Samurott
|-damage|p2a: Samurott|0 fnt
|faint|p2a: Samurott
|
|-weather|SunnyDay|[upkeep]
|upkeep
|
|t:|1758373000
|switch|p2a: Skeledirge|Skeledirge, M|59/100
|turn|20
|
|t:|1758373012
|-end|p1a: Walking Wake|Protosynthesis|[silent]
|switch|p1a: Iron Moth|Iron Moth|96/100
|-terastallize|p2a: Skeledirge|Fairy
|move|p2a: Skeledirge|Slack Off|p2a: Skeledirge
|-heal|p2a: Skeledirge|100/100
|
|-weather|SunnyDay|[upkeep]
|upkeep
|turn|21
|
|t:|1758373015
|switch|p2a: Skarmory|Skarmory, F, shiny|100/100
|move|p1a: Iron Moth|Toxic Spikes|p2a: Skarmory
|-sidestart|p2: kebab.ixx|move: Toxic Spikes
|
|-weather|SunnyDay|[upkeep]
|upkeep
|turn|22
|
|t:|1758373019
|move|p1a: Iron Moth|Fiery Dance|p2a: Skarmory
|-supereffective|p2a: Skarmory
|-ability|p2a: Skarmory|Sturdy
|-damage|p2a: Skarmory|1/100
|-boost|p1a: Iron Moth|spa|1
|move|p2a: Skarmory|Stealth Rock|p1a: Iron Moth
|-sidestart|p1: surprise blissey|move: Stealth Rock
|
|-weather|SunnyDay|[upkeep]
|upkeep
|turn|23
|
|t:|1758373025
|move|p1a: Iron Moth|Fiery Dance|p2a: Skarmory
|-supereffective|p2a: Skarmory
|-damage|p2a: Skarmory|0 fnt
|faint|p2a: Skarmory
|
|-weather|SunnyDay|[upkeep]
|upkeep
|
|t:|1758373028
|switch|p2a: Landorus|Landorus-Therian, M, shiny|89/100 brn
|-ability|p2a: Landorus|Intimidate|boost
|-unboost|p1a: Iron Moth|atk|1
|turn|24
|
|t:|1758373034
|-terastallize|p1a: Iron Moth|Grass
|move|p2a: Landorus|Earthquake|p1a: Iron Moth
|-resisted|p1a: Iron Moth
|-damage|p1a: Iron Moth|81/100
|move|p1a: Iron Moth|Fiery Dance|p2a: Landorus
|-damage|p2a: Landorus|0 fnt
|-boost|p1a: Iron Moth|spa|1
|faint|p2a: Landorus
|
|-weather|none
|upkeep
|
|t:|1758373038
|switch|p2a: Skeledirge|Skeledirge, M, tera:Fairy|100/100
|turn|25
|
|t:|1758373056
|-end|p1a: Iron Moth|Quark Drive|[silent]
|switch|p1a: Cinderace|Cinderace, M|100/100
|move|p2a: Skeledirge|Torch Song|p1a: Cinderace
|-resisted|p1a: Cinderace
|-damage|p1a: Cinderace|83/100
|-boost|p2a: Skeledirge|spa|1
|
|upkeep
|turn|26
|
|t:|1758373058
|move|p1a: Cinderace|Court Change|p1a: Cinderace
|-swapsideconditions
|-activate|p1a: Cinderace|move: Court Change
|move|p2a: Skeledirge|Earth Power|p1a: Cinderace
|-supereffective|p1a: Cinderace
|-damage|p1a: Cinderace|4/100
|
|upkeep
|turn|27
|
|t:|1758373075
|switch|p1a: Torkoal|Torkoal, F|12/100
|-status|p1a: Torkoal|psn
|-weather|SunnyDay|[from] ability: Drought|[of] p1a: Torkoal
|move|p2a: Skeledirge|Torch Song|p1a: Torkoal
|-resisted|p1a: Torkoal
|-damage|p1a: Torkoal|0 fnt
|-boost|p2a: Skeledirge|spa|1
|faint|p1a: Torkoal
|
|-weather|SunnyDay|[upkeep]
|upkeep
|
|t:|1758373080
|switch|p1a: Iron Moth|Iron Moth, tera:Grass|81/100
|-status|p1a: Iron Moth|psn
|turn|28
|
|t:|1758373087
|move|p1a: Iron Moth|Fiery Dance|p2a: Skeledirge
|-damage|p2a: Skeledirge|54/100
|-boost|p1a: Iron Moth|spa|1
|move|p2a: Skeledirge|Torch Song|p1a: Iron Moth
|-supereffective|p1a: Iron Moth
|-damage|p1a: Iron Moth|0 fnt
|-boost|p2a: Skeledirge|spa|1
|faint|p1a: Iron Moth
|-end|p1a: Iron Moth|Quark Drive|[silent]
|
|-weather|SunnyDay|[upkeep]
|upkeep
|
|t:|1758373101
|switch|p1a: Walking Wake|Walking Wake|70/100
|-status|p1a: Walking Wake|psn
|-activate|p1a: Walking Wake|ability: Protosynthesis
|-start|p1a: Walking Wake|protosynthesisspe
|turn|29
|
|t:|1758373104
|switch|p2a: Hydrapple|Hydrapple, F, shiny|100/100
|move|p1a: Walking Wake|Hydro Steam|p2a: Hydrapple
|-resisted|p2a: Hydrapple
|-damage|p2a: Hydrapple|77/100
|
|-weather|SunnyDay|[upkeep]
|-damage|p1a: Walking Wake|58/100 psn|[from] psn
|upkeep
|turn|30
|inactive|surprise blissey has 120 seconds left.
|
|t:|1758373137
|-end|p1a: Walking Wake|Protosynthesis|[silent]
|switch|p1a: Cinderace|Cinderace, M|4/100
|move|p2a: Hydrapple|Fickle Beam|p1a: Cinderace
|-damage|p1a: Cinderace|0 fnt
|faint|p1a: Cinderace
|
|-weather|SunnyDay|[upkeep]
|upkeep
|inactive|surprise blissey has 120 seconds left.
|-message|surprise blissey forfeited.
|
|win|kebab.ixx
|raw|surprise blissey's rating: 1486 &rarr; <strong>1466</strong><br />(-20 for losing)
|raw|kebab.ixx's rating: 1493 &rarr; <strong>1513</strong><br />(+20 for winning)
|l|☆surprise blissey
|player|p1|
|l|☆kebab.ixx
|player|p2|
