|j|☆beentheredonepat
|j|☆jumbolino
|t:|1758346191
|gametype|singles
|player|p1|beentheredonepat|ethan|1130
|player|p2|jumbolino|1|1104
|gen|9
|tier|[Gen 9] OU
|rated|
|rule|HP Percentage Mod: HP is shown in percentages
|rule|Endless Battle Clause: Forcing endless battles is banned
|rule|Species Clause: Limit one of each Pokémon
|rule|OHKO Clause: OHKO moves are banned
|rule|Evasion Items Clause: Evasion items are banned
|rule|Evasion Moves Clause: Evasion moves are banned
|rule|Evasion Abilities Clause: Evasion abilities are banned
|rule|Sleep Moves Clause: Sleep-inducing moves are banned
|clearpoke
|poke|p1|Typhlosion, M|
|poke|p1|Ninetales, M|
|poke|p1|Shiftry, M|
|poke|p1|Ursaluna, F|
|poke|p1|Torkoal, F|
|poke|p1|Hatterene, F|
|poke|p2|Zapdos|
|poke|p2|Magnezone|
|poke|p2|Jolteon, M|
|poke|p2|Rotom-Wash|
|poke|p2|Vikavolt, F|
|poke|p2|Golem-Alola, M|
|teampreview
|
|t:|1758346195
|teamsize|p1|6
|teamsize|p2|6
|start
|switch|p1a: Tollomot|Ninetales, M|100/100
|switch|p2a: Rotom|Rotom-Wash|100/100
|-weather|SunnyDay|[from] ability: Drought|[of] p1a: Tollomot
|turn|1
|
|t:|1758346203
|move|p1a: Tollomot|Solar Beam||[still]
|-prepare|p1a: Tollomot|Solar Beam
|-anim|p1a: Tollomot|Solar Beam|p2a: Rotom
|-supereffective|p2a: Rotom
|-damage|p2a: Rotom|53/100
|move|p2a: Rotom|Hydro Pump|p1a: Tollomot
|-supereffective|p1a: Tollomot
|-damage|p1a: Tollomot|52/100
|
|-weather|SunnyDay|[upkeep]
|upkeep
|turn|2
|
|t:|1758346226
|switch|p2a: Zapdos|Zapdos|100/100
|move|p1a: Tollomot|Solar Beam||[still]
|-prepare|p1a: Tollomot|Solar Beam
|-anim|p1a: Tollomot|Solar Beam|p2a: Zapdos
|-resisted|p2a: Zapdos
|-damage|p2a: Zapdos|85/100
|
|-weather|SunnyDay|[upkeep]
|upkeep
|turn|3
|
|t:|1758346236
|move|p2a: Zapdos|Volt Switch|p1a: Tollomot
|-damage|p1a: Tollomot|6/100
|
|t:|1758346240
|switch|p2a: Jolteon|Jolteon, M|100/100|[from] Volt Switch
|move|p1a: Tollomot|Overheat|p2a: Jolteon
|-damage|p2a: Jolteon|15/100
|-unboost|p1a: Tollomot|spa|2
|-enditem|p1a: Tollomot|Eject Pack
|
|t:|1758346250
|switch|p1a: Shinobi|Shiftry, M|100/100
|
|-weather|SunnyDay|[upkeep]
|upkeep
|turn|4
|
|t:|1758346258
|move|p1a: Shinobi|Lash Out|p2a: Jolteon
|-damage|p2a: Jolteon|0 fnt
|faint|p2a: Jolteon
|
|-weather|SunnyDay|[upkeep]
|upkeep
|
|t:|1758346264
|switch|p2a: Zapdos|Zapdos|85/100
|turn|5
|
|t:|1758346269
|move|p1a: Shinobi|Rock Slide|p2a: Zapdos
|-supereffective|p2a: Zapdos
|-damage|p2a: Zapdos|31/100
|move|p2a: Zapdos|Hurricane|p1a: Shinobi
|-supereffective|p1a: Shinobi
|-damage|p1a: Shinobi|0 fnt
|faint|p1a: Shinobi
|
|-weather|none
|upkeep
|
|t:|1758346276
|switch|p1a: Tollomot|Ninetales, M|6/100
|-weather|SunnyDay|[from] ability: Drought|[of] p1a: Tollomot
|turn|6
|
|t:|1758346282
|move|p2a: Zapdos|Hurricane|p1a: Tollomot
|-damage|p1a: Tollomot|0 fnt
|faint|p1a: Tollomot
|
|-weather|SunnyDay|[upkeep]
|upkeep
|
|t:|1758346285
|switch|p1a: Charlie|Typhlosion, M|100/100
|turn|7
|
|t:|1758346297
|switch|p2a: Golem|Golem-Alola, M|100/100
|-terastallize|p1a: Charlie|Fire
|move|p1a: Charlie|Eruption|p2a: Golem
|-resisted|p2a: Golem
|-damage|p2a: Golem|0 fnt
|faint|p2a: Golem
|
|-weather|SunnyDay|[upkeep]
|upkeep
|
|t:|1758346311
|switch|p2a: Rotom|Rotom-Wash|53/100
|turn|8
|
|t:|1758346314
|move|p1a: Charlie|Eruption|p2a: Rotom
|-resisted|p2a: Rotom
|-damage|p2a: Rotom|0 fnt
|faint|p2a: Rotom
|
|-weather|SunnyDay|[upkeep]
|upkeep
|-message|jumbolino forfeited.
|
|win|beentheredonepat
|raw|beentheredonepat's rating: 1130 &rarr; <strong>1153</strong><br />(+23 for winning)
|raw|jumbolino's rating: 1104 &rarr; <strong>1081</strong><br />(-23 for losing)
|l|☆jumbolino
|player|p2|
|l|☆beentheredonepat
|player|p1|
