|j|☆lewisstoutwatson
|j|☆Shushsuhwuhnwusexy
|t:|1758367509
|gametype|singles
|player|p1|lewisstoutwatson|chuck|1132
|player|p2|Shushsuhwuhnwusexy|101|1066
|gen|9
|tier|[Gen 9] OU
|rated|
|rule|HP Percentage Mod: HP is shown in percentages
|rule|Endless Battle Clause: Forcing endless battles is banned
|rule|Species Clause: Limit one of each Pokémon
|rule|OHKO Clause: OHKO moves are banned
|rule|Evasion Items Clause: Evasion items are banned
|rule|Evasion Moves Clause: Evasion moves are banned
|rule|Evasion Abilities Clause: Evasion abilities are banned
|rule|Sleep Moves Clause: Sleep-inducing moves are banned
|clearpoke
|poke|p1|Excadrill, F|
|poke|p1|Ambipom, F|
|poke|p1|Galvantula, F|
|poke|p1|Dusclops, F|
|poke|p1|Serperior, M|
|poke|p1|Dondozo, F|
|poke|p2|Charizard, F|
|poke|p2|Venusaur, M|
|poke|p2|Torkoal, M|
|poke|p2|Blaziken, F|
|poke|p2|Hatterene, F|
|poke|p2|Krookodile, M|
|teampreview
|
|t:|1758367533
|teamsize|p1|6
|teamsize|p2|6
|start
|switch|p1a: Galvantula|Galvantula, F|100/100
|switch|p2a: Torkoal|Torkoal, M|100/100
|-weather|SunnyDay|[from] ability: Drought|[of] p2a: Torkoal
|turn|1
|
|t:|1758367544
|switch|p2a: Hatterene|Hatterene, F|100/100
|move|p1a: Galvantula|Sticky Web|p2a: Hatterene
|move|p2a: Hatterene|Sticky Web|p1a: Galvantula|[from] ability: Magic Bounce
|-sidestart|p1: lewisstoutwatson|move: Sticky Web
|
|-weather|SunnyDay|[upkeep]
|upkeep
|turn|2
|
|t:|1758367552
|move|p1a: Galvantula|Bug Buzz|p2a: Hatterene
|-damage|p2a: Hatterene|55/100
|move|p2a: Hatterene|Trick Room|p2a: Hatterene
|-fieldstart|move: Trick Room|[of] p2a: Hatterene
|
|-weather|SunnyDay|[upkeep]
|-heal|p2a: Hatterene|61/100|[from] item: Leftovers
|upkeep
|turn|3
|
|t:|1758367558
|move|p2a: Hatterene|Mystical Fire|p1a: Galvantula
|-supereffective|p1a: Galvantula
|-enditem|p1a: Galvantula|Focus Sash
|-damage|p1a: Galvantula|1/100
|-unboost|p1a: Galvantula|spa|1
|move|p1a: Galvantula|Thunder|p2a: Hatterene|[miss]
|-miss|p1a: Galvantula|p2a: Hatterene
|
|-weather|SunnyDay|[upkeep]
|-heal|p2a: Hatterene|67/100|[from] item: Leftovers
|upkeep
|turn|4
|
|t:|1758367570
|move|p2a: Hatterene|Calm Mind|p2a: Hatterene
|-boost|p2a: Hatterene|spa|1
|-boost|p2a: Hatterene|spd|1
|move|p1a: Galvantula|Thunder|p2a: Hatterene|[miss]
|-miss|p1a: Galvantula|p2a: Hatterene
|
|-weather|SunnyDay|[upkeep]
|-heal|p2a: Hatterene|73/100|[from] item: Leftovers
|upkeep
|turn|5
|
|t:|1758367582
|move|p2a: Hatterene|Calm Mind|p2a: Hatterene
|-boost|p2a: Hatterene|spa|1
|-boost|p2a: Hatterene|spd|1
|move|p1a: Galvantula|Thunder|p2a: Hatterene|[miss]
|-miss|p1a: Galvantula|p2a: Hatterene
|
|-weather|SunnyDay|[upkeep]
|-heal|p2a: Hatterene|79/100|[from] item: Leftovers
|upkeep
|turn|6
|c|☆lewisstoutwatson|haha
|
|t:|1758367598
|move|p2a: Hatterene|Calm Mind|p2a: Hatterene
|-boost|p2a: Hatterene|spa|1
|-boost|p2a: Hatterene|spd|1
|move|p1a: Galvantula|Thunder|p2a: Hatterene
|-damage|p2a: Hatterene|66/100
|
|-weather|SunnyDay|[upkeep]
|-heal|p2a: Hatterene|71/100|[from] item: Leftovers
|-fieldend|move: Trick Room
|upkeep
|turn|7
|
|t:|1758367607
|switch|p1a: Ambipom|Ambipom, F|100/100
|-activate|p1a: Ambipom|move: Sticky Web
|-unboost|p1a: Ambipom|spe|1
|move|p2a: Hatterene|Trick Room|p2a: Hatterene
|-fieldstart|move: Trick Room|[of] p2a: Hatterene
|
|-weather|SunnyDay|[upkeep]
|-heal|p2a: Hatterene|77/100|[from] item: Leftovers
|upkeep
|turn|8
|
|t:|1758367616
|move|p1a: Ambipom|Fake Out|p2a: Hatterene
|-enditem|p1a: Ambipom|Normal Gem|[from] gem
|-damage|p2a: Hatterene|33/100
|cant|p2a: Hatterene|flinch
|
|-weather|none
|-heal|p2a: Hatterene|39/100|[from] item: Leftovers
|upkeep
|turn|9
|
|t:|1758367630
|move|p2a: Hatterene|Draining Kiss|p1a: Ambipom
|-damage|p1a: Ambipom|0 fnt
|-heal|p2a: Hatterene|100/100|[from] drain|[of] p1a: Ambipom
|faint|p1a: Ambipom
|
|upkeep
|
|t:|1758367637
|switch|p1a: Excadrill|Excadrill, F|100/100
|-ability|p1a: Excadrill|Mold Breaker
|turn|10
|
|t:|1758367641
|move|p2a: Hatterene|Mystical Fire|p1a: Excadrill
|-supereffective|p1a: Excadrill
|-damage|p1a: Excadrill|0 fnt
|faint|p1a: Excadrill
|
|upkeep
|
|t:|1758367647
|switch|p1a: Big Gay Man|Dusclops, F|100/100
|-activate|p1a: Big Gay Man|move: Sticky Web
|-unboost|p1a: Big Gay Man|spe|1
|-ability|p1a: Big Gay Man|Pressure
|turn|11
|
|t:|1758367653
|move|p1a: Big Gay Man|Pain Split|p2a: Hatterene
|-sethp|p2a: Hatterene|100/100|[from] move: Pain Split|[silent]
|-sethp|p1a: Big Gay Man|96/100|[from] move: Pain Split
|move|p2a: Hatterene|Draining Kiss|p1a: Big Gay Man
|-damage|p1a: Big Gay Man|55/100
|
|-fieldend|move: Trick Room
|upkeep
|turn|12
|
|t:|1758367661
|move|p1a: Big Gay Man|Night Shade|p2a: Hatterene
|-damage|p2a: Hatterene|61/100
|move|p2a: Hatterene|Trick Room|p2a: Hatterene
|-fieldstart|move: Trick Room|[of] p2a: Hatterene
|
|-heal|p2a: Hatterene|67/100|[from] item: Leftovers
|upkeep
|turn|13
|
|t:|1758367667
|move|p1a: Big Gay Man|Night Shade|p2a: Hatterene
|-damage|p2a: Hatterene|28/100
|move|p2a: Hatterene|Calm Mind|p2a: Hatterene
|-boost|p2a: Hatterene|spa|1
|-boost|p2a: Hatterene|spd|1
|
|-heal|p2a: Hatterene|34/100|[from] item: Leftovers
|upkeep
|turn|14
|
|t:|1758367676
|move|p1a: Big Gay Man|Night Shade|p2a: Hatterene
|-damage|p2a: Hatterene|0 fnt
|faint|p2a: Hatterene
|
|upkeep
|
|t:|1758367686
|switch|p2a: Krookodile|Krookodile, M|100/100
|turn|15
|
|t:|1758367694
|move|p1a: Big Gay Man|Will-O-Wisp|p2a: Krookodile
|-status|p2a: Krookodile|brn
|move|p2a: Krookodile|Crunch|p1a: Big Gay Man
|-supereffective|p1a: Big Gay Man
|-damage|p1a: Big Gay Man|34/100
|
|-damage|p2a: Krookodile|94/100 brn|[from] brn
|upkeep
|turn|16
|
|t:|1758367703
|switch|p2a: Torkoal|Torkoal, M|100/100
|-weather|SunnyDay|[from] ability: Drought|[of] p2a: Torkoal
|move|p1a: Big Gay Man|Pain Split|p2a: Torkoal
|-sethp|p2a: Torkoal|67/100|[from] move: Pain Split|[silent]
|-sethp|p1a: Big Gay Man|67/100|[from] move: Pain Split
|
|-weather|SunnyDay|[upkeep]
|-fieldend|move: Trick Room
|upkeep
|turn|17
|
|t:|1758367714
|switch|p2a: Charizard|Charizard, F, shiny|100/100
|move|p1a: Big Gay Man|Night Shade|p2a: Charizard
|-damage|p2a: Charizard|67/100
|
|-weather|SunnyDay|[upkeep]
|-damage|p2a: Charizard|55/100|[from] ability: Solar Power|[of] p2a: Charizard
|upkeep
|turn|18
|
|t:|1758367726
|move|p2a: Charizard|Flamethrower|p1a: Big Gay Man
|-damage|p1a: Big Gay Man|11/100
|move|p1a: Big Gay Man|Night Shade|p2a: Charizard
|-damage|p2a: Charizard|21/100
|
|-weather|SunnyDay|[upkeep]
|-damage|p2a: Charizard|9/100|[from] ability: Solar Power|[of] p2a: Charizard
|upkeep
|turn|19
|
|t:|1758367734
|move|p2a: Charizard|Solar Beam||[still]
|-prepare|p2a: Charizard|Solar Beam
|-anim|p2a: Charizard|Solar Beam|p1a: Big Gay Man
|-damage|p1a: Big Gay Man|0 fnt
|faint|p1a: Big Gay Man
|
|-weather|SunnyDay|[upkeep]
|-damage|p2a: Charizard|0 fnt|[from] ability: Solar Power|[of] p2a: Charizard
|faint|p2a: Charizard
|upkeep
|
|t:|1758367761
|switch|p2a: Venusaur|Venusaur, M|100/100
|switch|p1a: The Don Don|Dondozo, F|100/100
|-activate|p1a: The Don Don|move: Sticky Web
|-unboost|p1a: The Don Don|spe|1
|turn|20
|
|t:|1758367769
|switch|p1a: Serperior|Serperior, M|100/100
|-activate|p1a: Serperior|move: Sticky Web
|-boost|p1a: Serperior|spe|1
|move|p2a: Venusaur|Growth|p2a: Venusaur
|-boost|p2a: Venusaur|atk|2
|-boost|p2a: Venusaur|spa|2
|
|-weather|SunnyDay|[upkeep]
|upkeep
|turn|21
|
|t:|1758367777
|move|p2a: Venusaur|Weather Ball|p1a: Serperior
|-supereffective|p1a: Serperior
|-damage|p1a: Serperior|0 fnt
|faint|p1a: Serperior
|
|-weather|SunnyDay|[upkeep]
|upkeep
|
|t:|1758367781
|switch|p1a: Galvantula|Galvantula, F|1/100
|-activate|p1a: Galvantula|move: Sticky Web
|-unboost|p1a: Galvantula|spe|1
|turn|22
|
|t:|1758367790
|move|p2a: Venusaur|Giga Drain|p1a: Galvantula
|-resisted|p1a: Galvantula
|-damage|p1a: Galvantula|0 fnt
|faint|p1a: Galvantula
|
|-weather|SunnyDay|[upkeep]
|upkeep
|
|t:|1758367794
|switch|p1a: The Don Don|Dondozo, F|100/100
|-activate|p1a: The Don Don|move: Sticky Web
|-unboost|p1a: The Don Don|spe|1
|turn|23
|-message|lewisstoutwatson forfeited.
|
|win|Shushsuhwuhnwusexy
|raw|lewisstoutwatson's rating: 1132 &rarr; <strong>1102</strong><br />(-30 for losing)
|raw|Shushsuhwuhnwusexy's rating: 1066 &rarr; <strong>1102</strong><br />(+36 for winning)
|l|☆lewisstoutwatson
|player|p1|
