|j|☆VeilWalker
|j|‽v1n001
|t:|1758343398
|gametype|singles
|player|p1|VeilWalker|sonia-masters|1556
|player|p2|v1n001|1|1568
|gen|9
|tier|[Gen 9] OU
|rated|
|rule|HP Percentage Mod: HP is shown in percentages
|rule|Endless Battle Clause: Forcing endless battles is banned
|rule|Species Clause: Limit one of each Pokémon
|rule|OHKO Clause: OHKO moves are banned
|rule|Evasion Items Clause: Evasion items are banned
|rule|Evasion Moves Clause: Evasion moves are banned
|rule|Evasion Abilities Clause: Evasion abilities are banned
|rule|Sleep Moves Clause: Sleep-inducing moves are banned
|clearpoke
|poke|p1|Tyranitar, M|
|poke|p1|Excadrill, F|
|poke|p1|Kingambit, M|
|poke|p1|Garchomp, M|
|poke|p1|Pecharunt|
|poke|p1|Rotom-Wash|
|poke|p2|Raging Bolt|
|poke|p2|Alomomola, F|
|poke|p2|Ting-Lu|
|poke|p2|Weezing-Galar, F|
|poke|p2|Landorus-Therian, M|
|poke|p2|Ogerpon-Wellspring, F|
|teampreview
|inactive|Battle timer is ON: inactive players will automatically lose when time's up. (requested by VeilWalker)
|
|t:|1758343415
|teamsize|p1|6
|teamsize|p2|6
|start
|switch|p1a: Tyranitar|Tyranitar, M|100/100
|switch|p2a: Raging Bolt|Raging Bolt|100/100
|-weather|Sandstorm|[from] ability: Sand Stream|[of] p1a: Tyranitar
|turn|1
|
|t:|1758343437
|move|p2a: Raging Bolt|Volt Switch|p1a: Tyranitar
|-damage|p1a: Tyranitar|76/100
|
|t:|1758343441
|-end|p2a: Raging Bolt|Protosynthesis|[silent]
|switch|p2a: Weezing|Weezing-Galar, F, shiny|100/100|[from] Volt Switch
|-ability|p2a: Weezing|Neutralizing Gas
|move|p1a: Tyranitar|Stealth Rock|p2a: Weezing
|-sidestart|p2: v1n001|move: Stealth Rock
|
|-weather|Sandstorm|[upkeep]
|-damage|p2a: Weezing|95/100|[from] Sandstorm
|upkeep
|turn|2
|n|‽v1n001|v1n001
|inactive|VeilWalker has 120 seconds left.
|
|t:|1758343472
|switch|p1a: Pecharunt|Pecharunt|100/100
|-item|p1a: Pecharunt|Air Balloon
|move|p2a: Weezing|Defog|p1a: Pecharunt
|-unboost|p1a: Pecharunt|evasion|1
|-sideend|p2: v1n001|Stealth Rock|[from] move: Defog|[of] p2a: Weezing
|
|-weather|Sandstorm|[upkeep]
|-damage|p1a: Pecharunt|94/100|[from] Sandstorm
|-damage|p2a: Weezing|89/100|[from] Sandstorm
|upkeep
|turn|3
|inactive|VeilWalker has 120 seconds left.
|
|t:|1758343496
|-end|p2a: Weezing|ability: Neutralizing Gas
|switch|p2a: Ting-Lu|Ting-Lu|100/100
|-ability|p2a: Ting-Lu|Vessel of Ruin
|move|p1a: Pecharunt|Parting Shot|p2a: Ting-Lu
|-unboost|p2a: Ting-Lu|atk|1
|-unboost|p2a: Ting-Lu|spa|1
|inactive|VeilWalker has 120 seconds left.
|
|t:|1758343503
|switch|p1a: Rotom|Rotom-Wash|100/100|[from] Parting Shot
|
|-weather|Sandstorm|[upkeep]
|-damage|p1a: Rotom|94/100|[from] Sandstorm
|-heal|p1a: Rotom|100/100|[from] item: Leftovers
|upkeep
|turn|4
|
|t:|1758343511
|switch|p2a: Raging Bolt|Raging Bolt|100/100
|move|p1a: Rotom|Will-O-Wisp|p2a: Raging Bolt
|-status|p2a: Raging Bolt|brn
|
|-weather|Sandstorm|[upkeep]
|-damage|p2a: Raging Bolt|94/100 brn|[from] Sandstorm
|-damage|p1a: Rotom|94/100|[from] Sandstorm
|-heal|p1a: Rotom|100/100|[from] item: Leftovers
|-damage|p2a: Raging Bolt|88/100 brn|[from] brn
|upkeep
|turn|5
|
|t:|1758343522
|switch|p1a: Tyranitar|Tyranitar, M|76/100
|move|p2a: Raging Bolt|Draco Meteor|p1a: Tyranitar
|-damage|p1a: Tyranitar|31/100
|-unboost|p2a: Raging Bolt|spa|2
|
|-weather|Sandstorm|[upkeep]
|-damage|p2a: Raging Bolt|82/100 brn|[from] Sandstorm
|-damage|p2a: Raging Bolt|76/100 brn|[from] brn
|upkeep
|turn|6
|
|t:|1758343532
|-end|p2a: Raging Bolt|Protosynthesis|[silent]
|switch|p2a: Weezing|Weezing-Galar, F, shiny|89/100
|-ability|p2a: Weezing|Neutralizing Gas
|move|p1a: Tyranitar|Knock Off|p2a: Weezing
|-resisted|p2a: Weezing
|-damage|p2a: Weezing|74/100
|-enditem|p2a: Weezing|Heavy-Duty Boots|[from] move: Knock Off|[of] p1a: Tyranitar
|
|-weather|Sandstorm|[upkeep]
|-damage|p2a: Weezing|68/100|[from] Sandstorm
|upkeep
|turn|7
|
|t:|1758343539
|-end|p2a: Weezing|ability: Neutralizing Gas
|switch|p2a: Raging Bolt|Raging Bolt|76/100 brn
|switch|p1a: Pecharunt|Pecharunt|94/100
|-item|p1a: Pecharunt|Air Balloon
|
|-weather|Sandstorm|[upkeep]
|-damage|p2a: Raging Bolt|70/100 brn|[from] Sandstorm
|-damage|p1a: Pecharunt|88/100|[from] Sandstorm
|-damage|p2a: Raging Bolt|64/100 brn|[from] brn
|upkeep
|turn|8
|
|t:|1758343560
|switch|p1a: Kingambit|Kingambit, M|100/100
|move|p2a: Raging Bolt|Draco Meteor|p1a: Kingambit
|-resisted|p1a: Kingambit
|-damage|p1a: Kingambit|43/100
|-unboost|p2a: Raging Bolt|spa|2
|
|-weather|none
|-damage|p2a: Raging Bolt|58/100 brn|[from] brn
|upkeep
|turn|9
|
|t:|1758343575
|-end|p2a: Raging Bolt|Protosynthesis|[silent]
|switch|p2a: Landorus|Landorus-Therian, M, shiny|100/100
|-ability|p2a: Landorus|Intimidate|boost
|-unboost|p1a: Kingambit|atk|1
|-end|p1a: Kingambit|fallenundefined|[silent]
|switch|p1a: Tyranitar|Tyranitar, M|31/100
|-weather|Sandstorm|[from] ability: Sand Stream|[of] p1a: Tyranitar
|
|-weather|Sandstorm|[upkeep]
|upkeep
|turn|10
|
|t:|1758343579
|switch|p1a: Rotom|Rotom-Wash|100/100
|move|p2a: Landorus|U-turn|p1a: Rotom
|-damage|p1a: Rotom|78/100
|
|t:|1758343581
|switch|p2a: Raging Bolt|Raging Bolt|58/100 brn|[from] U-turn
|
|-weather|Sandstorm|[upkeep]
|-damage|p2a: Raging Bolt|51/100 brn|[from] Sandstorm
|-damage|p1a: Rotom|72/100|[from] Sandstorm
|-heal|p1a: Rotom|78/100|[from] item: Leftovers
|-damage|p2a: Raging Bolt|45/100 brn|[from] brn
|upkeep
|turn|11
|
|t:|1758343588
|switch|p1a: Tyranitar|Tyranitar, M|31/100
|move|p2a: Raging Bolt|Draco Meteor|p1a: Tyranitar
|-damage|p1a: Tyranitar|0 fnt
|-unboost|p2a: Raging Bolt|spa|2
|faint|p1a: Tyranitar
|
|-weather|Sandstorm|[upkeep]
|-damage|p2a: Raging Bolt|39/100 brn|[from] Sandstorm
|-damage|p2a: Raging Bolt|33/100 brn|[from] brn
|upkeep
|
|t:|1758343591
|switch|p1a: Excadrill|Excadrill, F, shiny|100/100
|turn|12
|
|t:|1758343594
|-end|p2a: Raging Bolt|Protosynthesis|[silent]
|switch|p2a: Alomomola|Alomomola, F, shiny|100/100
|move|p1a: Excadrill|Swords Dance|p1a: Excadrill
|-boost|p1a: Excadrill|atk|2
|
|-weather|Sandstorm|[upkeep]
|-damage|p2a: Alomomola|94/100|[from] Sandstorm
|upkeep
|turn|13
|
|t:|1758343598
|-terastallize|p1a: Excadrill|Ground
|move|p1a: Excadrill|Earthquake|p2a: Alomomola
|-damage|p2a: Alomomola|0 fnt
|faint|p2a: Alomomola
|-damage|p1a: Excadrill|91/100|[from] item: Life Orb
|
|-weather|Sandstorm|[upkeep]
|upkeep
|
|t:|1758343603
|switch|p2a: Landorus|Landorus-Therian, M, shiny|100/100
|-ability|p2a: Landorus|Intimidate|boost
|-unboost|p1a: Excadrill|atk|1
|turn|14
|
|t:|1758343617
|move|p1a: Excadrill|Rock Slide|p2a: Landorus
|-damage|p2a: Landorus|32/100
|-damage|p1a: Excadrill|81/100|[from] item: Life Orb
|move|p2a: Landorus|Earthquake|p1a: Excadrill
|-damage|p1a: Excadrill|0 fnt
|faint|p1a: Excadrill
|
|-weather|Sandstorm|[upkeep]
|upkeep
|
|t:|1758343628
|switch|p1a: Garchomp|Garchomp, M|100/100
|turn|15
|
|t:|1758343633
|switch|p2a: Weezing|Weezing-Galar, F, shiny|68/100
|-ability|p2a: Weezing|Neutralizing Gas
|move|p1a: Garchomp|Swords Dance|p1a: Garchomp
|-boost|p1a: Garchomp|atk|2
|
|-weather|Sandstorm|[upkeep]
|-damage|p2a: Weezing|62/100|[from] Sandstorm
|upkeep
|turn|16
|
|t:|1758343637
|-terastallize|p2a: Weezing|Grass
|move|p1a: Garchomp|Earthquake|p2a: Weezing
|-resisted|p2a: Weezing
|-damage|p2a: Weezing|30/100
|move|p2a: Weezing|Will-O-Wisp|p1a: Garchomp
|-status|p1a: Garchomp|brn
|
|-weather|none
|-damage|p1a: Garchomp|94/100 brn|[from] brn
|upkeep
|turn|17
|
|t:|1758343644
|move|p1a: Garchomp|Scale Shot|p2a: Weezing
|-damage|p2a: Weezing|21/100
|-damage|p2a: Weezing|13/100
|-damage|p2a: Weezing|4/100
|-damage|p2a: Weezing|0 fnt
|faint|p2a: Weezing
|-end|p2a: Weezing|ability: Neutralizing Gas
|-hitcount|p2: Weezing|4
|-unboost|p1a: Garchomp|def|1
|-boost|p1a: Garchomp|spe|1
|
|-damage|p1a: Garchomp|88/100 brn|[from] brn
|upkeep
|
|t:|1758343647
|switch|p2a: Ting-Lu|Ting-Lu|100/100
|-ability|p2a: Ting-Lu|Vessel of Ruin
|turn|18
|
|t:|1758343657
|switch|p1a: Rotom|Rotom-Wash|78/100
|move|p2a: Ting-Lu|Whirlwind|p1a: Rotom
|drag|p1a: Garchomp|Garchomp, M|88/100 brn
|
|-damage|p1a: Garchomp|82/100 brn|[from] brn
|upkeep
|turn|19
|
|t:|1758343661
|switch|p1a: Rotom|Rotom-Wash|78/100
|move|p2a: Ting-Lu|Stealth Rock|p1a: Rotom
|-sidestart|p1: VeilWalker|move: Stealth Rock
|
|-heal|p1a: Rotom|84/100|[from] item: Leftovers
|upkeep
|turn|20
|
|t:|1758343665
|switch|p2a: Raging Bolt|Raging Bolt|33/100 brn
|move|p1a: Rotom|Will-O-Wisp|p2a: Raging Bolt
|-fail|p2a: Raging Bolt|brn
|
|-heal|p1a: Rotom|90/100|[from] item: Leftovers
|-damage|p2a: Raging Bolt|27/100 brn|[from] brn
|upkeep
|turn|21
|
|t:|1758343676
|switch|p1a: Garchomp|Garchomp, M|82/100 brn
|-damage|p1a: Garchomp|76/100 brn|[from] Stealth Rock
|move|p2a: Raging Bolt|Draco Meteor|p1a: Garchomp
|-supereffective|p1a: Garchomp
|-damage|p1a: Garchomp|0 fnt
|-unboost|p2a: Raging Bolt|spa|2
|faint|p1a: Garchomp
|
|-damage|p2a: Raging Bolt|21/100 brn|[from] brn
|upkeep
|
|t:|1758343678
|switch|p1a: Kingambit|Kingambit, M|43/100
|-damage|p1a: Kingambit|37/100|[from] Stealth Rock
|-activate|p1a: Kingambit|ability: Supreme Overlord
|-start|p1a: Kingambit|fallen3|[silent]
|turn|22
|l|☆VeilWalker
|inactive|VeilWalker disconnected and has a minute to reconnect!
|player|p1|
|j|☆VeilWalker
|inactive|VeilWalker reconnected and has 145 seconds left.
|player|p1|VeilWalker|sonia-masters|
|
|t:|1758343695
|-end|p2a: Raging Bolt|Protosynthesis|[silent]
|switch|p2a: Ting-Lu|Ting-Lu|100/100
|-ability|p2a: Ting-Lu|Vessel of Ruin
|move|p1a: Kingambit|Swords Dance|p1a: Kingambit
|-boost|p1a: Kingambit|atk|2
|
|upkeep
|turn|23
|
|t:|1758343705
|move|p1a: Kingambit|Iron Head|p2a: Ting-Lu
|-damage|p2a: Ting-Lu|28/100
|move|p2a: Ting-Lu|Earthquake|p1a: Kingambit
|-supereffective|p1a: Kingambit
|-damage|p1a: Kingambit|0 fnt
|faint|p1a: Kingambit
|-end|p1a: Kingambit|fallen3|[silent]
|
|-heal|p2a: Ting-Lu|34/100|[from] item: Leftovers
|upkeep
|
|t:|1758343710
|switch|p1a: Rotom|Rotom-Wash|90/100
|-damage|p1a: Rotom|78/100|[from] Stealth Rock
|turn|24
|
|t:|1758343713
|switch|p2a: Raging Bolt|Raging Bolt|21/100 brn
|move|p1a: Rotom|Hydro Pump|p2a: Raging Bolt
|-resisted|p2a: Raging Bolt
|-damage|p2a: Raging Bolt|3/100 brn
|
|-heal|p1a: Rotom|84/100|[from] item: Leftovers
|-damage|p2a: Raging Bolt|0 fnt|[from] brn
|faint|p2a: Raging Bolt
|-end|p2a: Raging Bolt|Protosynthesis|[silent]
|upkeep
|
|t:|1758343718
|switch|p2a: Ogerpon|Ogerpon-Wellspring, F|100/100
|turn|25
|
|t:|1758343722
|move|p2a: Ogerpon|U-turn|p1a: Rotom
|-damage|p1a: Rotom|60/100
|
|t:|1758343724
|switch|p2a: Ting-Lu|Ting-Lu|34/100|[from] U-turn
|-ability|p2a: Ting-Lu|Vessel of Ruin
|move|p1a: Rotom|Will-O-Wisp|p2a: Ting-Lu|[miss]
|-miss|p1a: Rotom|p2a: Ting-Lu
|
|-heal|p1a: Rotom|66/100|[from] item: Leftovers
|-heal|p2a: Ting-Lu|41/100|[from] item: Leftovers
|upkeep
|turn|26
|
|t:|1758343728
|move|p1a: Rotom|Hydro Pump|p2a: Ting-Lu
|-supereffective|p2a: Ting-Lu
|-damage|p2a: Ting-Lu|5/100
|move|p2a: Ting-Lu|Ruination|p1a: Rotom|[miss]
|-miss|p2a: Ting-Lu|p1a: Rotom
|
|-heal|p1a: Rotom|73/100|[from] item: Leftovers
|-heal|p2a: Ting-Lu|11/100|[from] item: Leftovers
|upkeep
|turn|27
|
|t:|1758343735
|move|p1a: Rotom|Hydro Pump|p2a: Ting-Lu
|-supereffective|p2a: Ting-Lu
|-damage|p2a: Ting-Lu|0 fnt
|faint|p2a: Ting-Lu
|
|-heal|p1a: Rotom|79/100|[from] item: Leftovers
|upkeep
|
|t:|1758343738
|switch|p2a: Landorus|Landorus-Therian, M, shiny|32/100
|-ability|p2a: Landorus|Intimidate|boost
|-unboost|p1a: Rotom|atk|1
|turn|28
|
|t:|1758343750
|switch|p1a: Pecharunt|Pecharunt|88/100
|-damage|p1a: Pecharunt|76/100|[from] Stealth Rock
|-item|p1a: Pecharunt|Air Balloon
|move|p2a: Landorus|Stone Edge|p1a: Pecharunt
|-damage|p1a: Pecharunt|58/100
|-enditem|p1a: Pecharunt|Air Balloon
|
|upkeep
|turn|29
|n|‽v1n001|v1n001
|
|t:|1758343763
|switch|p2a: Ogerpon|Ogerpon-Wellspring, F|100/100
|move|p1a: Pecharunt|Shadow Ball|p2a: Ogerpon
|-damage|p2a: Ogerpon|70/100
|
|upkeep
|turn|30
|
|t:|1758343767
|move|p2a: Ogerpon|Spikes|p1a: Pecharunt
|-sidestart|p1: VeilWalker|Spikes
|move|p1a: Pecharunt|Malignant Chain|p2a: Ogerpon
|-supereffective|p2a: Ogerpon
|-damage|p2a: Ogerpon|0 fnt
|faint|p2a: Ogerpon
|
|upkeep
|
|t:|1758343769
|switch|p2a: Landorus|Landorus-Therian, M, shiny|32/100
|-ability|p2a: Landorus|Intimidate|boost
|-unboost|p1a: Pecharunt|atk|1
|turn|31
|
|t:|1758343774
|move|p2a: Landorus|Stone Edge|p1a: Pecharunt
|-damage|p1a: Pecharunt|39/100
|move|p1a: Pecharunt|Shadow Ball|p2a: Landorus
|-damage|p2a: Landorus|0 fnt
|faint|p2a: Landorus
|
|win|VeilWalker
|raw|VeilWalker's rating: 1556 &rarr; <strong>1577</strong><br />(+21 for winning)
|raw|v1n001's rating: 1568 &rarr; <strong>1547</strong><br />(-21 for losing)
|l|‽v1n001
|player|p2|
|l|☆VeilWalker
|player|p1|
