|j|☆metakill4r
|j|☆hauntersnightmare
|t:|1758315600
|gametype|singles
|player|p1|metakill4r|n|1526
|player|p2|hauntersnightmare|169|1538
|gen|9
|tier|[Gen 9] OU
|rated|
|rule|HP Percentage Mod: HP is shown in percentages
|rule|Endless Battle Clause: Forcing endless battles is banned
|rule|Species Clause: Limit one of each Pokémon
|rule|OHKO Clause: OHKO moves are banned
|rule|Evasion Items Clause: Evasion items are banned
|rule|Evasion Moves Clause: Evasion moves are banned
|rule|Evasion Abilities Clause: Evasion abilities are banned
|rule|Sleep Moves Clause: Sleep-inducing moves are banned
|clearpoke
|poke|p1|Great Tusk|
|poke|p1|Slowking-Galar, F|
|poke|p1|Zapdos|
|poke|p1|Cinderace, M|
|poke|p1|Crawdaunt, F|
|poke|p1|Gholdengo|
|poke|p2|Pawmot, F|
|poke|p2|Cresselia, F|
|poke|p2|Corviknight, M|
|poke|p2|Ninetales-Alola, F|
|poke|p2|Kingambit, M|
|poke|p2|Dragapult, F|
|teampreview
|
|t:|1758315613
|teamsize|p1|6
|teamsize|p2|6
|start
|switch|p1a: Gholdengo|Gholdengo|100/100
|switch|p2a: Ninetales|Ninetales-Alola, F|100/100
|-weather|Snowscape|[from] ability: Snow Warning|[of] p2a: Ninetales
|turn|1
|
|t:|1758315619
|switch|p2a: Kingambit|Kingambit, M|100/100
|move|p1a: Gholdengo|Make It Rain|p2a: Kingambit
|-resisted|p2a: Kingambit
|-crit|p2a: Kingambit
|-damage|p2a: Kingambit|55/100
|-unboost|p1a: Gholdengo|spa|1
|
|-weather|Snowscape|[upkeep]
|-heal|p2a: Kingambit|61/100|[from] item: Leftovers
|upkeep
|turn|2
|
|t:|1758315626
|switch|p1a: Great Tusk|Great Tusk|100/100
|move|p2a: Kingambit|Iron Head|p1a: Great Tusk
|-damage|p1a: Great Tusk|73/100
|-damage|p2a: Kingambit|45/100|[from] item: Rocky Helmet|[of] p1a: Great Tusk
|
|-weather|Snowscape|[upkeep]
|-heal|p2a: Kingambit|51/100|[from] item: Leftovers
|upkeep
|turn|3
|
|t:|1758315635
|-end|p1a: Great Tusk|Protosynthesis|[silent]
|switch|p1a: Gholdengo|Gholdengo|100/100
|-end|p2a: Kingambit|fallenundefined|[silent]
|switch|p2a: Dragapult|Dragapult, F|100/100
|
|-weather|Snowscape|[upkeep]
|upkeep
|turn|4
|
|t:|1758315640
|switch|p2a: Kingambit|Kingambit, M|51/100
|move|p1a: Gholdengo|Shadow Ball|p2a: Kingambit
|-resisted|p2a: Kingambit
|-damage|p2a: Kingambit|29/100
|
|-weather|Snowscape|[upkeep]
|-heal|p2a: Kingambit|36/100|[from] item: Leftovers
|upkeep
|turn|5
|
|t:|1758315648
|switch|p1a: Great Tusk|Great Tusk|73/100
|-end|p2a: Kingambit|fallenundefined|[silent]
|switch|p2a: Ninetales|Ninetales-Alola, F|100/100
|
|-weather|none
|upkeep
|turn|6
|
|t:|1758315653
|move|p2a: Ninetales|Snowscape|p2a: Ninetales
|-weather|Snowscape
|move|p1a: Great Tusk|Stealth Rock|p2a: Ninetales
|-sidestart|p2: hauntersnightmare|move: Stealth Rock
|
|-weather|Snowscape|[upkeep]
|upkeep
|turn|7
|
|t:|1758315661
|-end|p1a: Great Tusk|Protosynthesis|[silent]
|switch|p1a: Slowking|Slowking-Galar, F|100/100
|move|p2a: Ninetales|Aurora Veil|p2a: Ninetales
|-sidestart|p2: hauntersnightmare|move: Aurora Veil
|
|-weather|Snowscape|[upkeep]
|upkeep
|turn|8
|
|t:|1758315665
|switch|p2a: Kingambit|Kingambit, M|36/100
|-damage|p2a: Kingambit|29/100|[from] Stealth Rock
|move|p1a: Slowking|Sludge Bomb|p2a: Kingambit
|-immune|p2a: Kingambit
|
|-weather|Snowscape|[upkeep]
|-heal|p2a: Kingambit|36/100|[from] item: Leftovers
|upkeep
|turn|9
|
|t:|1758315669
|switch|p1a: Cinderace|Cinderace, M|100/100
|move|p2a: Kingambit|Swords Dance|p2a: Kingambit
|-boost|p2a: Kingambit|atk|2
|
|-weather|Snowscape|[upkeep]
|-heal|p2a: Kingambit|42/100|[from] item: Leftovers
|upkeep
|turn|10
|
|t:|1758315674
|-terastallize|p2a: Kingambit|Fire
|move|p1a: Cinderace|Court Change|p1a: Cinderace
|-start|p1a: Cinderace|typechange|Normal|[from] ability: Libero
|-swapsideconditions
|-activate|p1a: Cinderace|move: Court Change
|move|p2a: Kingambit|Swords Dance|p2a: Kingambit
|-boost|p2a: Kingambit|atk|2
|
|-weather|none
|-heal|p2a: Kingambit|48/100|[from] item: Leftovers
|upkeep
|turn|11
|
|t:|1758315682
|switch|p1a: Great Tusk|Great Tusk|73/100
|-damage|p1a: Great Tusk|70/100|[from] Stealth Rock
|move|p2a: Kingambit|Iron Head|p1a: Great Tusk
|-damage|p1a: Great Tusk|26/100
|-damage|p2a: Kingambit|31/100|[from] item: Rocky Helmet|[of] p1a: Great Tusk
|
|-heal|p2a: Kingambit|38/100|[from] item: Leftovers
|upkeep
|turn|12
|
|t:|1758315687
|-end|p2a: Kingambit|fallenundefined|[silent]
|switch|p2a: Dragapult|Dragapult, F|100/100
|move|p1a: Great Tusk|Rapid Spin|p2a: Dragapult
|-immune|p2a: Dragapult
|
|upkeep
|turn|13
|inactive|Battle timer is ON: inactive players will automatically lose when time's up. (requested by metakill4r)
|
|t:|1758315698
|switch|p2a: Ninetales|Ninetales-Alola, F|100/100
|-weather|Snowscape|[from] ability: Snow Warning|[of] p2a: Ninetales
|-end|p1a: Great Tusk|Protosynthesis|[silent]
|switch|p1a: Slowking|Slowking-Galar, F|100/100
|-damage|p1a: Slowking|88/100|[from] Stealth Rock
|
|-weather|Snowscape|[upkeep]
|upkeep
|turn|14
|
|t:|1758315703
|move|p2a: Ninetales|Aurora Veil|p2a: Ninetales
|-sidestart|p2: hauntersnightmare|move: Aurora Veil
|move|p1a: Slowking|Sludge Bomb|p2a: Ninetales
|-supereffective|p2a: Ninetales
|-damage|p2a: Ninetales|49/100
|
|-weather|Snowscape|[upkeep]
|-sideend|p1: metakill4r|move: Aurora Veil
|upkeep
|turn|15
|
|t:|1758315709
|switch|p2a: Corviknight|Corviknight, M|100/100
|-ability|p2a: Corviknight|Pressure
|switch|p1a: Cinderace|Cinderace, M|100/100
|
|-weather|Snowscape|[upkeep]
|upkeep
|turn|16
|
|t:|1758315713
|move|p1a: Cinderace|Court Change|p1a: Cinderace
|-start|p1a: Cinderace|typechange|Normal|[from] ability: Libero
|-swapsideconditions
|-activate|p1a: Cinderace|move: Court Change
|move|p2a: Corviknight|Substitute|p2a: Corviknight
|-start|p2a: Corviknight|Substitute
|-damage|p2a: Corviknight|75/100
|
|-weather|Snowscape|[upkeep]
|-heal|p2a: Corviknight|82/100|[from] item: Leftovers
|upkeep
|turn|17
|
|t:|1758315719
|switch|p1a: Gholdengo|Gholdengo|100/100
|move|p2a: Corviknight|Substitute|p2a: Corviknight
|-fail|p2a: Corviknight|move: Substitute
|
|-weather|none
|-heal|p2a: Corviknight|88/100|[from] item: Leftovers
|upkeep
|turn|18
|
|t:|1758315722
|move|p1a: Gholdengo|Shadow Ball|p2a: Corviknight
|-end|p2a: Corviknight|Substitute
|move|p2a: Corviknight|Bulk Up|p2a: Corviknight
|-boost|p2a: Corviknight|atk|1
|-boost|p2a: Corviknight|def|1
|
|-heal|p2a: Corviknight|94/100|[from] item: Leftovers
|upkeep
|turn|19
|
|t:|1758315726
|move|p1a: Gholdengo|Shadow Ball|p2a: Corviknight
|-damage|p2a: Corviknight|56/100
|-unboost|p2a: Corviknight|spd|1
|move|p2a: Corviknight|Substitute|p2a: Corviknight
|-start|p2a: Corviknight|Substitute
|-damage|p2a: Corviknight|31/100
|
|-heal|p2a: Corviknight|37/100|[from] item: Leftovers
|upkeep
|turn|20
|
|t:|1758315732
|move|p1a: Gholdengo|Shadow Ball|p2a: Corviknight
|-end|p2a: Corviknight|Substitute
|move|p2a: Corviknight|Substitute|p2a: Corviknight
|-start|p2a: Corviknight|Substitute
|-damage|p2a: Corviknight|12/100
|
|-heal|p2a: Corviknight|18/100|[from] item: Leftovers
|upkeep
|turn|21
|
|t:|1758315734
|move|p1a: Gholdengo|Shadow Ball|p2a: Corviknight
|-end|p2a: Corviknight|Substitute
|move|p2a: Corviknight|Roost|p2a: Corviknight
|-heal|p2a: Corviknight|68/100
|-singleturn|p2a: Corviknight|move: Roost
|
|-heal|p2a: Corviknight|74/100|[from] item: Leftovers
|-sideend|p1: metakill4r|move: Aurora Veil
|upkeep
|turn|22
|
|t:|1758315741
|move|p1a: Gholdengo|Shadow Ball|p2a: Corviknight
|-crit|p2a: Corviknight
|-damage|p2a: Corviknight|0 fnt
|faint|p2a: Corviknight
|
|upkeep
|
|t:|1758315746
|switch|p2a: Pawmot|Pawmot, F|100/100
|-damage|p2a: Pawmot|94/100|[from] Stealth Rock
|turn|23
|
|t:|1758315749
|move|p1a: Gholdengo|Shadow Ball|p2a: Pawmot
|-damage|p2a: Pawmot|27/100
|move|p2a: Pawmot|Revival Blessing|p2a: Pawmot
|-enditem|p2a: Pawmot|Leppa Berry|[eat]
|-activate|p2a: Pawmot|item: Leppa Berry|Revival Blessing|[consumed]
|
|t:|1758315752
|-heal|p2: Corviknight|50/100|[from] move: Revival Blessing
|
|upkeep
|turn|24
|
|t:|1758315761
|switch|p2a: Cresselia|Cresselia, F|100/100
|-damage|p2a: Cresselia|88/100|[from] Stealth Rock
|move|p1a: Gholdengo|Shadow Ball|p2a: Cresselia
|-supereffective|p2a: Cresselia
|-damage|p2a: Cresselia|27/100
|-unboost|p2a: Cresselia|spd|1
|
|upkeep
|turn|25
|
|t:|1758315765
|move|p2a: Cresselia|Lunar Dance|p2a: Cresselia
|faint|p2a: Cresselia
|move|p1a: Gholdengo|Shadow Ball|p2: Cresselia|[notarget]
|-fail|p1a: Gholdengo
|
|upkeep
|
|t:|1758315772
|switch|p2a: Corviknight|Corviknight, M|50/100
|-heal|p2a: Corviknight|100/100|[from] move: Lunar Dance
|-damage|p2a: Corviknight|88/100|[from] Stealth Rock
|-ability|p2a: Corviknight|Pressure
|turn|26
|
|t:|1758315775
|move|p1a: Gholdengo|Shadow Ball|p2a: Corviknight
|-damage|p2a: Corviknight|49/100
|move|p2a: Corviknight|Roost|p2a: Corviknight
|-heal|p2a: Corviknight|99/100
|-singleturn|p2a: Corviknight|move: Roost
|
|-heal|p2a: Corviknight|100/100|[from] item: Leftovers
|upkeep
|turn|27
|
|t:|1758315781
|switch|p1a: Crawdaunt|Crawdaunt, F|100/100
|move|p2a: Corviknight|Substitute|p2a: Corviknight
|-start|p2a: Corviknight|Substitute
|-damage|p2a: Corviknight|75/100
|
|-heal|p2a: Corviknight|82/100|[from] item: Leftovers
|upkeep
|turn|28
|
|t:|1758315784
|move|p1a: Crawdaunt|Knock Off|p2a: Corviknight
|-crit|p2a: Corviknight
|-end|p2a: Corviknight|Substitute
|move|p2a: Corviknight|Bulk Up|p2a: Corviknight
|-boost|p2a: Corviknight|atk|1
|-boost|p2a: Corviknight|def|1
|
|-heal|p2a: Corviknight|88/100|[from] item: Leftovers
|upkeep
|turn|29
|
|t:|1758315790
|move|p1a: Crawdaunt|Knock Off|p2a: Corviknight
|-damage|p2a: Corviknight|43/100
|-enditem|p2a: Corviknight|Leftovers|[from] move: Knock Off|[of] p1a: Crawdaunt
|move|p2a: Corviknight|Bulk Up|p2a: Corviknight
|-boost|p2a: Corviknight|atk|1
|-boost|p2a: Corviknight|def|1
|
|upkeep
|turn|30
|
|t:|1758315796
|switch|p1a: Gholdengo|Gholdengo|100/100
|move|p2a: Corviknight|Roost|p2a: Corviknight
|-heal|p2a: Corviknight|93/100
|-singleturn|p2a: Corviknight|move: Roost
|
|upkeep
|turn|31
|
|t:|1758315800
|move|p1a: Gholdengo|Shadow Ball|p2a: Corviknight
|-damage|p2a: Corviknight|60/100
|move|p2a: Corviknight|Substitute|p2a: Corviknight
|-start|p2a: Corviknight|Substitute
|-damage|p2a: Corviknight|35/100
|
|upkeep
|turn|32
|
|t:|1758315807
|move|p1a: Gholdengo|Shadow Ball|p2a: Corviknight
|-end|p2a: Corviknight|Substitute
|move|p2a: Corviknight|Roost|p2a: Corviknight
|-heal|p2a: Corviknight|85/100
|-singleturn|p2a: Corviknight|move: Roost
|
|upkeep
|turn|33
|c|☆metakill4r|STOP
|
|t:|1758315815
|switch|p1a: Zapdos|Zapdos|100/100
|move|p2a: Corviknight|Substitute|p2a: Corviknight
|-start|p2a: Corviknight|Substitute
|-damage|p2a: Corviknight|60/100
|
|upkeep
|turn|34
|
|t:|1758315819
|switch|p2a: Pawmot|Pawmot, F|27/100
|-damage|p2a: Pawmot|21/100|[from] Stealth Rock
|move|p1a: Zapdos|Volt Switch|p2a: Pawmot
|-heal|p2a: Pawmot|46/100|[from] ability: Volt Absorb|[of] p1a: Zapdos
|
|upkeep
|turn|35
|
|t:|1758315825
|move|p2a: Pawmot|Encore|p1a: Zapdos
|-start|p1a: Zapdos|Encore
|move|p1a: Zapdos|Volt Switch|p2a: Pawmot
|-heal|p2a: Pawmot|71/100|[from] ability: Volt Absorb|[of] p1a: Zapdos
|
|upkeep
|turn|36
|
|t:|1758315838
|switch|p2a: Dragapult|Dragapult, F|100/100
|-damage|p2a: Dragapult|88/100|[from] Stealth Rock
|switch|p1a: Great Tusk|Great Tusk|26/100
|
|-heal|p2a: Dragapult|94/100|[from] item: Leftovers
|upkeep
|turn|37
|
|t:|1758315844
|move|p2a: Dragapult|Dragon Dance|p2a: Dragapult
|-boost|p2a: Dragapult|atk|1
|-boost|p2a: Dragapult|spe|1
|move|p1a: Great Tusk|Ice Spinner|p2a: Dragapult
|-supereffective|p2a: Dragapult
|-damage|p2a: Dragapult|18/100
|
|-heal|p2a: Dragapult|24/100|[from] item: Leftovers
|upkeep
|turn|38
|
|t:|1758315848
|move|p2a: Dragapult|Dragon Darts|p1a: Great Tusk
|-damage|p1a: Great Tusk|1/100
|-anim|p2a: Dragapult|Dragon Darts|p1a: Great Tusk
|-crit|p1a: Great Tusk
|-damage|p1a: Great Tusk|0 fnt
|faint|p1a: Great Tusk
|-end|p1a: Great Tusk|Protosynthesis|[silent]
|
|-heal|p2a: Dragapult|30/100|[from] item: Leftovers
|upkeep
|
|t:|1758315852
|switch|p1a: Zapdos|Zapdos|100/100
|turn|39
|
|t:|1758315866
|switch|p2a: Kingambit|Kingambit, M, tera:Fire|38/100
|-damage|p2a: Kingambit|13/100|[from] Stealth Rock
|-activate|p2a: Kingambit|ability: Supreme Overlord
|-start|p2a: Kingambit|fallen2|[silent]
|move|p1a: Zapdos|Volt Switch|p2a: Kingambit
|-damage|p2a: Kingambit|0 fnt
|faint|p2a: Kingambit
|-end|p2a: Kingambit|fallen2|[silent]
|
|t:|1758315871
|switch|p1a: Gholdengo|Gholdengo|100/100|[from] Volt Switch
|
|upkeep
|
|t:|1758315876
|switch|p2a: Corviknight|Corviknight, M|60/100
|-damage|p2a: Corviknight|47/100|[from] Stealth Rock
|-ability|p2a: Corviknight|Pressure
|turn|40
|
|t:|1758315880
|move|p1a: Gholdengo|Trick|p2a: Corviknight
|-activate|p1a: Gholdengo|move: Trick|[of] p2a: Corviknight
|-item|p2a: Corviknight|Choice Scarf|[from] move: Trick
|-enditem|p1a: Gholdengo|Choice Scarf|[silent]|[from] move: Trick
|move|p2a: Corviknight|Roost|p2a: Corviknight
|-heal|p2a: Corviknight|97/100
|-singleturn|p2a: Corviknight|move: Roost
|
|upkeep
|turn|41
|
|t:|1758315893
|switch|p1a: Cinderace|Cinderace, M|100/100
|switch|p2a: Dragapult|Dragapult, F|30/100
|-damage|p2a: Dragapult|18/100|[from] Stealth Rock
|
|-heal|p2a: Dragapult|24/100|[from] item: Leftovers
|upkeep
|turn|42
|
|t:|1758315901
|switch|p1a: Zapdos|Zapdos|100/100
|move|p2a: Dragapult|Dragon Darts|p1a: Zapdos
|-crit|p1a: Zapdos
|-damage|p1a: Zapdos|70/100
|-anim|p2a: Dragapult|Dragon Darts|p1a: Zapdos
|-damage|p1a: Zapdos|52/100
|
|-heal|p2a: Dragapult|30/100|[from] item: Leftovers
|upkeep
|turn|43
|
|t:|1758315906
|move|p2a: Dragapult|Dragon Dance|p2a: Dragapult
|-boost|p2a: Dragapult|atk|1
|-boost|p2a: Dragapult|spe|1
|move|p1a: Zapdos|Volt Switch|p2a: Dragapult
|-resisted|p2a: Dragapult
|-damage|p2a: Dragapult|12/100
|
|t:|1758315908
|switch|p1a: Crawdaunt|Crawdaunt, F|100/100|[from] Volt Switch
|
|-heal|p2a: Dragapult|18/100|[from] item: Leftovers
|upkeep
|turn|44
|
|t:|1758315911
|move|p1a: Crawdaunt|Aqua Jet|p2a: Dragapult
|-resisted|p2a: Dragapult
|-damage|p2a: Dragapult|0 fnt
|faint|p2a: Dragapult
|
|upkeep
|
|t:|1758315920
|switch|p2a: Ninetales|Ninetales-Alola, F|49/100
|-damage|p2a: Ninetales|24/100|[from] Stealth Rock
|-weather|Snowscape|[from] ability: Snow Warning|[of] p2a: Ninetales
|turn|45
|
|t:|1758315924
|-terastallize|p1a: Crawdaunt|Water
|move|p1a: Crawdaunt|Aqua Jet|p2a: Ninetales
|-damage|p2a: Ninetales|0 fnt
|faint|p2a: Ninetales
|
|-weather|Snowscape|[upkeep]
|upkeep
|
|t:|1758315929
|switch|p2a: Pawmot|Pawmot, F|71/100
|-damage|p2a: Pawmot|65/100|[from] Stealth Rock
|turn|46
|
|t:|1758315932
|move|p1a: Crawdaunt|Aqua Jet|p2a: Pawmot
|-damage|p2a: Pawmot|0 fnt
|faint|p2a: Pawmot
|
|-weather|Snowscape|[upkeep]
|upkeep
|
|t:|1758315934
|switch|p2a: Corviknight|Corviknight, M|97/100
|-damage|p2a: Corviknight|85/100|[from] Stealth Rock
|-ability|p2a: Corviknight|Pressure
|turn|47
|-message|hauntersnightmare forfeited.
|
|win|metakill4r
|raw|metakill4r's rating: 1526 &rarr; <strong>1547</strong><br />(+21 for winning)
|raw|hauntersnightmare's rating: 1538 &rarr; <strong>1517</strong><br />(-21 for losing)
|c|☆metakill4r|so satisfying
|l|☆hauntersnightmare
|player|p2|
|l|☆metakill4r
|player|p1|
