|j|☆c.empty
|j|☆HuevozRancheroz
|t:|1758265139
|gametype|singles
|player|p1|c.empty|265|1354
|player|p2|HuevozRancheroz|rosa|1286
|gen|9
|tier|[Gen 9] OU
|rated|
|rule|HP Percentage Mod: HP is shown in percentages
|rule|Endless Battle Clause: Forcing endless battles is banned
|rule|Species Clause: Limit one of each Pokémon
|rule|OHKO Clause: OHKO moves are banned
|rule|Evasion Items Clause: Evasion items are banned
|rule|Evasion Moves Clause: Evasion moves are banned
|rule|Evasion Abilities Clause: Evasion abilities are banned
|rule|Sleep Moves Clause: Sleep-inducing moves are banned
|clearpoke
|poke|p1|Moltres|
|poke|p1|Landorus-Therian, M|
|poke|p1|Hydrapple, M|
|poke|p1|Great Tusk|
|poke|p1|Slowking-Galar, F|
|poke|p1|Gholdengo|
|poke|p2|Pincurchin, M|
|poke|p2|Iron Moth|
|poke|p2|Iron Leaves|
|poke|p2|Raging Bolt|
|poke|p2|Rotom-Wash|
|poke|p2|Goodra-Hisui, F|
|teampreview
|inactive|Battle timer is ON: inactive players will automatically lose when time's up. (requested by HuevozRancheroz)
|
|t:|1758265161
|teamsize|p1|6
|teamsize|p2|6
|start
|switch|p1a: Hydrapple|Hydrapple, M|100/100
|switch|p2a: Goodra|Goodra-Hisui, F|100/100
|turn|1
|
|t:|1758265188
|move|p2a: Goodra|Dragon Pulse|p1a: Hydrapple
|-supereffective|p1a: Hydrapple
|-damage|p1a: Hydrapple|34/100
|move|p1a: Hydrapple|Earth Power|p2a: Goodra
|-supereffective|p2a: Goodra
|-damage|p2a: Goodra|69/100
|
|-heal|p2a: Goodra|75/100|[from] item: Leftovers
|upkeep
|turn|2
|
|t:|1758265204
|switch|p1a: Slowking|Slowking-Galar, F|100/100
|move|p2a: Goodra|Knock Off|p1a: Slowking
|-supereffective|p1a: Slowking
|-crit|p1a: Slowking
|-damage|p1a: Slowking|28/100
|-enditem|p1a: Slowking|Heavy-Duty Boots|[from] move: Knock Off|[of] p2a: Goodra
|
|-heal|p2a: Goodra|81/100|[from] item: Leftovers
|upkeep
|turn|3
|
|t:|1758265216
|move|p2a: Goodra|Acid Armor|p2a: Goodra
|-boost|p2a: Goodra|def|2
|move|p1a: Slowking|Thunder Wave|p2a: Goodra
|-status|p2a: Goodra|par
|
|-heal|p2a: Goodra|87/100 par|[from] item: Leftovers
|upkeep
|turn|4
|
|t:|1758265221
|cant|p2a: Goodra|par
|-prepare|p1a: Slowking|Chilly Reception|[premajor]
|move|p1a: Slowking|Chilly Reception|p1a: Slowking
|-weather|Snowscape
|
|t:|1758265231
|switch|p1a: Great Tusk|Great Tusk|100/100|[from] Chilly Reception
|
|-weather|Snowscape|[upkeep]
|-heal|p2a: Goodra|93/100 par|[from] item: Leftovers
|upkeep
|turn|5
|
|t:|1758265241
|move|p1a: Great Tusk|Headlong Rush|p2a: Goodra
|-supereffective|p2a: Goodra
|-damage|p2a: Goodra|42/100 par
|-unboost|p1a: Great Tusk|def|1
|-unboost|p1a: Great Tusk|spd|1
|move|p2a: Goodra|Dragon Pulse|p1a: Great Tusk
|-damage|p1a: Great Tusk|25/100
|
|-weather|Snowscape|[upkeep]
|-heal|p2a: Goodra|48/100 par|[from] item: Leftovers
|upkeep
|turn|6
|
|t:|1758265251
|switch|p2a: Iron Moth|Iron Moth|100/100
|-item|p2a: Iron Moth|Air Balloon
|move|p1a: Great Tusk|Headlong Rush|p2a: Iron Moth
|-immune|p2a: Iron Moth
|
|-weather|Snowscape|[upkeep]
|upkeep
|turn|7
|
|t:|1758265261
|-end|p1a: Great Tusk|Protosynthesis|[silent]
|switch|p1a: Moltres|Moltres|100/100
|-terastallize|p2a: Iron Moth|Fairy
|move|p2a: Iron Moth|Dazzling Gleam|p1a: Moltres
|-resisted|p1a: Moltres
|-damage|p1a: Moltres|80/100
|
|-weather|Snowscape|[upkeep]
|upkeep
|turn|8
|
|t:|1758265271
|-end|p2a: Iron Moth|Quark Drive|[silent]
|switch|p2a: Rotom|Rotom-Wash|100/100
|move|p1a: Moltres|Flamethrower|p2a: Rotom
|-resisted|p2a: Rotom
|-damage|p2a: Rotom|79/100
|
|-weather|none
|-heal|p2a: Rotom|86/100|[from] item: Leftovers
|upkeep
|turn|9
|
|t:|1758265281
|move|p1a: Moltres|U-turn|p2a: Rotom
|-crit|p2a: Rotom
|-damage|p2a: Rotom|69/100
|
|t:|1758265288
|switch|p1a: Hydrapple|Hydrapple, M|67/100|[from] U-turn
|move|p2a: Rotom|Thunder Wave|p1a: Hydrapple
|-status|p1a: Hydrapple|par
|
|-heal|p2a: Rotom|75/100|[from] item: Leftovers
|upkeep
|turn|10
|
|t:|1758265299
|move|p2a: Rotom|Volt Switch|p1a: Hydrapple
|-resisted|p1a: Hydrapple
|-damage|p1a: Hydrapple|61/100 par
|
|t:|1758265302
|switch|p2a: Goodra|Goodra-Hisui, F|48/100 par|[from] Volt Switch
|cant|p1a: Hydrapple|par
|
|-heal|p2a: Goodra|54/100 par|[from] item: Leftovers
|upkeep
|turn|11
|
|t:|1758265318
|switch|p1a: Great Tusk|Great Tusk|25/100
|move|p2a: Goodra|Dragon Pulse|p1a: Great Tusk
|-damage|p1a: Great Tusk|0 fnt
|faint|p1a: Great Tusk
|-end|p1a: Great Tusk|Protosynthesis|[silent]
|
|-heal|p2a: Goodra|60/100 par|[from] item: Leftovers
|upkeep
|
|t:|1758265329
|switch|p1a: Landorus|Landorus-Therian, M|100/100
|-ability|p1a: Landorus|Intimidate|boost
|-unboost|p2a: Goodra|atk|1
|turn|12
|
|t:|1758265337
|switch|p2a: Rotom|Rotom-Wash|75/100
|move|p1a: Landorus|Earthquake|p2a: Rotom
|-immune|p2a: Rotom|[from] ability: Levitate
|
|-heal|p2a: Rotom|81/100|[from] item: Leftovers
|upkeep
|turn|13
|
|t:|1758265342
|switch|p1a: Hydrapple|Hydrapple, M|94/100 par
|move|p2a: Rotom|Hydro Pump|p1a: Hydrapple
|-resisted|p1a: Hydrapple
|-damage|p1a: Hydrapple|83/100 par
|
|-heal|p2a: Rotom|88/100|[from] item: Leftovers
|upkeep
|turn|14
|
|t:|1758265352
|move|p2a: Rotom|Volt Switch|p1a: Hydrapple
|-resisted|p1a: Hydrapple
|-damage|p1a: Hydrapple|76/100 par
|
|t:|1758265361
|switch|p2a: Pincurchin|Pincurchin, M|100/100|[from] Volt Switch
|-fieldstart|move: Electric Terrain|[from] ability: Electric Surge|[of] p2a: Pincurchin
|move|p1a: Hydrapple|Fickle Beam|p2a: Pincurchin
|-damage|p2a: Pincurchin|58/100
|
|upkeep
|turn|15
|
|t:|1758265375
|switch|p2a: Iron Moth|Iron Moth, tera:Fairy|100/100
|-item|p2a: Iron Moth|Air Balloon
|-activate|p2a: Iron Moth|ability: Quark Drive
|-start|p2a: Iron Moth|quarkdrivespe
|move|p1a: Hydrapple|Earth Power|p2a: Iron Moth
|-immune|p2a: Iron Moth
|
|upkeep
|turn|16
|
|t:|1758265396
|switch|p1a: Gholdengo|Gholdengo|100/100
|-item|p1a: Gholdengo|Air Balloon
|move|p2a: Iron Moth|Fiery Dance|p1a: Gholdengo
|-supereffective|p1a: Gholdengo
|-damage|p1a: Gholdengo|14/100
|-enditem|p1a: Gholdengo|Air Balloon
|
|upkeep
|turn|17
|
|t:|1758265417
|switch|p1a: Moltres|Moltres|80/100
|move|p2a: Iron Moth|Fiery Dance|p1a: Moltres
|-resisted|p1a: Moltres
|-damage|p1a: Moltres|61/100
|-boost|p2a: Iron Moth|spa|1
|
|upkeep
|turn|18
|
|t:|1758265425
|move|p2a: Iron Moth|Sludge Wave|p1a: Moltres
|-damage|p1a: Moltres|0 fnt
|faint|p1a: Moltres
|
|upkeep
|
|t:|1758265432
|switch|p1a: Slowking|Slowking-Galar, F|61/100
|turn|19
|
|t:|1758265445
|move|p2a: Iron Moth|Psychic|p1a: Slowking
|-damage|p1a: Slowking|32/100
|move|p1a: Slowking|Ice Beam|p2a: Iron Moth
|-damage|p2a: Iron Moth|80/100
|-enditem|p2a: Iron Moth|Air Balloon
|
|upkeep
|turn|20
|
|t:|1758265454
|move|p2a: Iron Moth|Fiery Dance|p1a: Slowking
|-damage|p1a: Slowking|0 fnt
|faint|p1a: Slowking
|
|upkeep
|
|t:|1758265464
|switch|p1a: Landorus|Landorus-Therian, M|100/100
|-ability|p1a: Landorus|Intimidate|boost
|-unboost|p2a: Iron Moth|atk|1
|turn|21
|
|t:|1758265483
|-terastallize|p1a: Landorus|Flying
|move|p2a: Iron Moth|Sludge Wave|p1a: Landorus
|-damage|p1a: Landorus|10/100
|move|p1a: Landorus|Tera Blast|p2a: Iron Moth|[anim] Tera Blast Flying
|-damage|p2a: Iron Moth|0 fnt
|faint|p2a: Iron Moth
|-end|p2a: Iron Moth|Quark Drive|[silent]
|
|-fieldend|move: Electric Terrain
|upkeep
|
|t:|1758265498
|switch|p2a: Pincurchin|Pincurchin, M|58/100
|-fieldstart|move: Electric Terrain|[from] ability: Electric Surge|[of] p2a: Pincurchin
|turn|22
|
|t:|1758265506
|switch|p1a: Hydrapple|Hydrapple, M|100/100 par
|move|p2a: Pincurchin|Scald|p1a: Hydrapple
|-resisted|p1a: Hydrapple
|-damage|p1a: Hydrapple|97/100 par
|
|upkeep
|turn|23
|
|t:|1758265516
|move|p2a: Pincurchin|Pain Split|p1a: Hydrapple
|-sethp|p1a: Hydrapple|69/100 par|[from] move: Pain Split|[silent]
|-sethp|p2a: Pincurchin|96/100|[from] move: Pain Split
|cant|p1a: Hydrapple|par
|
|upkeep
|turn|24
|
|t:|1758265531
|switch|p2a: Raging Bolt|Raging Bolt|100/100
|move|p1a: Hydrapple|Fickle Beam|p2a: Raging Bolt|[anim] Fickle Beam All Out
|-activate|p1a: Hydrapple|move: Fickle Beam
|-supereffective|p2a: Raging Bolt
|-damage|p2a: Raging Bolt|0 fnt
|faint|p2a: Raging Bolt
|-end|p2a: Raging Bolt|Protosynthesis|[silent]
|
|upkeep
|
|t:|1758265545
|switch|p2a: Iron Leaves|Iron Leaves|100/100
|-activate|p2a: Iron Leaves|ability: Quark Drive
|-start|p2a: Iron Leaves|quarkdrivespe
|turn|25
|
|t:|1758265554
|move|p2a: Iron Leaves|Psyblade|p1a: Hydrapple
|-damage|p1a: Hydrapple|21/100 par
|-damage|p2a: Iron Leaves|84/100|[from] item: Rocky Helmet|[of] p1a: Hydrapple
|move|p1a: Hydrapple|Fickle Beam|p2a: Iron Leaves
|-damage|p2a: Iron Leaves|53/100
|
|upkeep
|turn|26
|
|t:|1758265570
|move|p2a: Iron Leaves|Psyblade|p1a: Hydrapple
|-damage|p1a: Hydrapple|0 fnt
|-damage|p2a: Iron Leaves|36/100|[from] item: Rocky Helmet|[of] p1a: Hydrapple
|faint|p1a: Hydrapple
|
|upkeep
|
|t:|1758265573
|switch|p1a: Landorus|Landorus-Therian, M, tera:Flying|10/100
|-ability|p1a: Landorus|Intimidate|boost
|-unboost|p2a: Iron Leaves|atk|1
|turn|27
|
|t:|1758265584
|move|p2a: Iron Leaves|Psyblade|p1a: Landorus
|-damage|p1a: Landorus|0 fnt
|faint|p1a: Landorus
|
|upkeep
|
|t:|1758265587
|switch|p1a: Gholdengo|Gholdengo|14/100
|turn|28
|
|t:|1758265589
|move|p2a: Iron Leaves|Psyblade|p1a: Gholdengo
|-resisted|p1a: Gholdengo
|-damage|p1a: Gholdengo|0 fnt
|faint|p1a: Gholdengo
|
|win|HuevozRancheroz
|raw|c.empty's rating: 1354 &rarr; <strong>1330</strong><br />(-24 for losing)
|raw|HuevozRancheroz's rating: 1286 &rarr; <strong>1316</strong><br />(+30 for winning)
|l|☆HuevozRancheroz
|player|p2|
|l|☆c.empty
|player|p1|
