|j|☆saibayman
|j|☆animeprincess98
|t:|1758342305
|gametype|singles
|player|p1|saibayman|265|1293
|player|p2|animeprincess98|harlequin|1233
|gen|9
|tier|[Gen 9] OU
|rated|
|rule|HP Percentage Mod: HP is shown in percentages
|rule|Endless Battle Clause: Forcing endless battles is banned
|rule|Species Clause: Limit one of each Pokémon
|rule|OHKO Clause: OHKO moves are banned
|rule|Evasion Items Clause: Evasion items are banned
|rule|Evasion Moves Clause: Evasion moves are banned
|rule|Evasion Abilities Clause: Evasion abilities are banned
|rule|Sleep Moves Clause: Sleep-inducing moves are banned
|clearpoke
|poke|p1|Metagross|
|poke|p1|Great Tusk|
|poke|p1|Slowking-Galar, F|
|poke|p1|Dragapult, F|
|poke|p1|Meowscarada, M|
|poke|p1|Zapdos|
|poke|p2|Chesnaught, F|
|poke|p2|Araquanid, F|
|poke|p2|Rillaboom, M|
|poke|p2|Ditto|
|poke|p2|Iron Valiant|
|poke|p2|Iron Moth|
|teampreview
|inactive|Battle timer is ON: inactive players will automatically lose when time's up. (requested by animeprincess98)
|inactive|saibayman also wants the timer to be on.
|
|t:|1758342313
|teamsize|p1|6
|teamsize|p2|6
|start
|switch|p1a: Great Tusk|Great Tusk|100/100
|switch|p2a: Araquanid|Araquanid, F|100/100
|turn|1
|
|t:|1758342338
|move|p1a: Great Tusk|Bulk Up|p1a: Great Tusk
|-boost|p1a: Great Tusk|atk|1
|-boost|p1a: Great Tusk|def|1
|move|p2a: Araquanid|Hydro Pump|p1a: Great Tusk|[miss]
|-miss|p2a: Araquanid|p1a: Great Tusk
|
|upkeep
|turn|2
|
|t:|1758342346
|move|p1a: Great Tusk|Body Press|p2a: Araquanid
|-resisted|p2a: Araquanid
|-damage|p2a: Araquanid|71/100
|move|p2a: Araquanid|Hydro Pump|p1a: Great Tusk
|-supereffective|p1a: Great Tusk
|-damage|p1a: Great Tusk|0 fnt
|faint|p1a: Great Tusk
|-end|p1a: Great Tusk|Protosynthesis|[silent]
|
|upkeep
|
|t:|1758342354
|switch|p1a: Zapdos|Zapdos|100/100
|turn|3
|
|t:|1758342358
|switch|p2a: Ditto|Ditto|100/100
|-transform|p2a: Ditto|p1a: Zapdos|[from] ability: Imposter
|move|p1a: Zapdos|Thunderbolt|p2a: Ditto
|-damage|p2a: Ditto|15/100
|
|upkeep
|turn|4
|
|t:|1758342374
|move|p2a: Ditto|Volt Switch|p1a: Zapdos
|-damage|p1a: Zapdos|62/100
|
|t:|1758342376
|switch|p2a: Rillaboom|Rillaboom, M|100/100|[from] Volt Switch
|-fieldstart|move: Grassy Terrain|[from] ability: Grassy Surge|[of] p2a: Rillaboom
|move|p1a: Zapdos|Thunderbolt|p2a: Rillaboom
|-resisted|p2a: Rillaboom
|-damage|p2a: Rillaboom|54/100
|
|-heal|p2a: Rillaboom|60/100|[from] Grassy Terrain
|upkeep
|turn|5
|
|t:|1758342387
|switch|p1a: Metagross|Metagross, shiny|100/100
|move|p2a: Rillaboom|Knock Off|p1a: Metagross
|-supereffective|p1a: Metagross
|-damage|p1a: Metagross|61/100
|-damage|p2a: Rillaboom|44/100|[from] item: Rocky Helmet|[of] p1a: Metagross
|-enditem|p1a: Metagross|Rocky Helmet|[from] move: Knock Off|[of] p2a: Rillaboom
|
|-heal|p2a: Rillaboom|50/100|[from] Grassy Terrain
|-heal|p1a: Metagross|67/100|[from] Grassy Terrain
|upkeep
|turn|6
|
|t:|1758342403
|move|p2a: Rillaboom|U-turn|p1a: Metagross
|-damage|p1a: Metagross|54/100
|
|t:|1758342433
|switch|p2a: Araquanid|Araquanid, F|71/100|[from] U-turn
|move|p1a: Metagross|Stealth Rock|p2a: Araquanid
|-sidestart|p2: animeprincess98|move: Stealth Rock
|
|-heal|p1a: Metagross|60/100|[from] Grassy Terrain
|-heal|p2a: Araquanid|78/100|[from] Grassy Terrain
|upkeep
|turn|7
|
|t:|1758342442
|move|p1a: Metagross|Psychic Fangs|p2a: Araquanid
|-damage|p2a: Araquanid|46/100
|move|p2a: Araquanid|Sticky Web|p1a: Metagross
|-sidestart|p1: saibayman|move: Sticky Web
|
|-heal|p1a: Metagross|66/100|[from] Grassy Terrain
|-heal|p2a: Araquanid|52/100|[from] Grassy Terrain
|upkeep
|turn|8
|
|t:|1758342449
|move|p1a: Metagross|Psychic Fangs|p2a: Araquanid
|-damage|p2a: Araquanid|19/100
|move|p2a: Araquanid|Reflect|p2a: Araquanid
|-sidestart|p2: animeprincess98|Reflect
|
|-heal|p1a: Metagross|72/100|[from] Grassy Terrain
|-heal|p2a: Araquanid|25/100|[from] Grassy Terrain
|upkeep
|turn|9
|-enditem|p2a: Araquanid|Custap Berry|[eat]
|-activate|p2a: Araquanid|item: Custap Berry|[consumed]
|
|t:|1758342456
|move|p2a: Araquanid|Endeavor|p1a: Metagross
|-damage|p1a: Metagross|24/100
|move|p1a: Metagross|Psychic Fangs|p2a: Araquanid
|-sideend|p2: animeprincess98|Reflect
|-damage|p2a: Araquanid|0 fnt
|faint|p2a: Araquanid
|
|-heal|p1a: Metagross|30/100|[from] Grassy Terrain
|upkeep
|
|t:|1758342463
|switch|p2a: Iron Moth|Iron Moth|100/100
|-damage|p2a: Iron Moth|76/100|[from] Stealth Rock
|-enditem|p2a: Iron Moth|Booster Energy
|-activate|p2a: Iron Moth|ability: Quark Drive|[fromitem]
|-start|p2a: Iron Moth|quarkdrivespa
|turn|10
|
|t:|1758342483
|move|p2a: Iron Moth|Substitute|p2a: Iron Moth
|-start|p2a: Iron Moth|Substitute
|-damage|p2a: Iron Moth|51/100
|move|p1a: Metagross|Psychic Fangs|p2a: Iron Moth
|-supereffective|p2a: Iron Moth
|-end|p2a: Iron Moth|Substitute
|
|-heal|p2a: Iron Moth|57/100|[from] Grassy Terrain
|-heal|p1a: Metagross|36/100|[from] Grassy Terrain
|upkeep
|turn|11
|
|t:|1758342492
|move|p2a: Iron Moth|Fiery Dance|p1a: Metagross
|-supereffective|p1a: Metagross
|-damage|p1a: Metagross|0 fnt
|faint|p1a: Metagross
|
|-heal|p2a: Iron Moth|63/100|[from] Grassy Terrain
|-fieldend|move: Grassy Terrain
|upkeep
|
|t:|1758342500
|switch|p1a: Slowking|Slowking-Galar, F|100/100
|-activate|p1a: Slowking|move: Sticky Web
|-unboost|p1a: Slowking|spe|1
|turn|12
|inactive|animeprincess98 has 120 seconds left.
|inactive|animeprincess98 has 90 seconds left.
|inactive|animeprincess98 has 60 seconds left.
|inactive|animeprincess98 has 30 seconds left.
|inactive|animeprincess98 has 20 seconds left.
|inactive|animeprincess98 has 15 seconds left.
|inactive|animeprincess98 has 10 seconds left.
|
|t:|1758342644
|move|p2a: Iron Moth|Substitute|p2a: Iron Moth
|-start|p2a: Iron Moth|Substitute
|-damage|p2a: Iron Moth|38/100
|move|p1a: Slowking|Psyshock|p2a: Iron Moth
|-supereffective|p2a: Iron Moth
|-end|p2a: Iron Moth|Substitute
|
|upkeep
|turn|13
|inactive|animeprincess98 has 20 seconds left this turn.
|inactive|animeprincess98 has 15 seconds left.
|
|t:|1758342661
|move|p2a: Iron Moth|Fiery Dance|p1a: Slowking
|-damage|p1a: Slowking|70/100
|move|p1a: Slowking|Psyshock|p2a: Iron Moth
|-supereffective|p2a: Iron Moth
|-damage|p2a: Iron Moth|0 fnt
|faint|p2a: Iron Moth
|-end|p2a: Iron Moth|Quark Drive|[silent]
|
|upkeep
|inactive|animeprincess98 has 20 seconds left this turn.
|inactive|animeprincess98 has 15 seconds left.
|inactive|animeprincess98 has 10 seconds left.
|inactive|animeprincess98 has 5 seconds left.
|
|t:|1758342678
|switch|p2a: Rillaboom|Rillaboom, M|50/100
|-damage|p2a: Rillaboom|38/100|[from] Stealth Rock
|-fieldstart|move: Grassy Terrain|[from] ability: Grassy Surge|[of] p2a: Rillaboom
|turn|14
|inactive|animeprincess98 has 15 seconds left this turn.
|
|t:|1758342687
|switch|p1a: Meowscarada|Meowscarada, M|100/100
|-activate|p1a: Meowscarada|move: Sticky Web
|-unboost|p1a: Meowscarada|spe|1
|move|p2a: Rillaboom|Knock Off|p1a: Meowscarada
|-resisted|p1a: Meowscarada
|-damage|p1a: Meowscarada|74/100
|-enditem|p1a: Meowscarada|Expert Belt|[from] move: Knock Off|[of] p2a: Rillaboom
|
|-heal|p2a: Rillaboom|44/100|[from] Grassy Terrain
|-heal|p1a: Meowscarada|80/100|[from] Grassy Terrain
|upkeep
|turn|15
|inactive|animeprincess98 has 25 seconds left this turn.
|inactive|animeprincess98 has 20 seconds left.
|
|t:|1758342700
|move|p2a: Rillaboom|U-turn|p1a: Meowscarada
|-supereffective|p1a: Meowscarada
|-damage|p1a: Meowscarada|0 fnt
|faint|p1a: Meowscarada
|inactive|animeprincess98 has 25 seconds left this turn.
|inactive|animeprincess98 has 20 seconds left.
|
|t:|1758342709
|switch|p2a: Chesnaught|Chesnaught, F, shiny|100/100|[from] U-turn
|-damage|p2a: Chesnaught|94/100|[from] Stealth Rock
|
|-heal|p2a: Chesnaught|100/100|[from] Grassy Terrain
|upkeep
|
|t:|1758342716
|switch|p1a: Slowking|Slowking-Galar, F|100/100
|-activate|p1a: Slowking|move: Sticky Web
|-unboost|p1a: Slowking|spe|1
|turn|16
|inactive|animeprincess98 has 30 seconds left.
|
|t:|1758342730
|-terastallize|p1a: Slowking|Flying
|move|p2a: Chesnaught|Belly Drum|p2a: Chesnaught
|-damage|p2a: Chesnaught|50/100
|-setboost|p2a: Chesnaught|atk|6|[from] move: Belly Drum
|-enditem|p2a: Chesnaught|Sitrus Berry|[eat]
|-heal|p2a: Chesnaught|75/100|[from] item: Sitrus Berry
|move|p1a: Slowking|Sludge Bomb|p2a: Chesnaught
|-supereffective|p2a: Chesnaught
|-damage|p2a: Chesnaught|0 fnt
|faint|p2a: Chesnaught
|
|upkeep
|-message|animeprincess98 forfeited.
|
|win|saibayman
|raw|saibayman's rating: 1293 &rarr; <strong>1314</strong><br />(+21 for winning)
|raw|animeprincess98's rating: 1233 &rarr; <strong>1212</strong><br />(-21 for losing)
|l|☆animeprincess98
|player|p2|
