|j|☆eaveneaveneaven
|j|☆linxiangyu
|t:|1758363076
|gametype|singles
|player|p1|eaveneaveneaven|mars|1272
|player|p2|linxiangyu|clerkf|1317
|gen|9
|tier|[Gen 9] OU
|rated|
|rule|HP Percentage Mod: HP is shown in percentages
|rule|Endless Battle Clause: Forcing endless battles is banned
|rule|Species Clause: Limit one of each Pokémon
|rule|OHKO Clause: OHKO moves are banned
|rule|Evasion Items Clause: Evasion items are banned
|rule|Evasion Moves Clause: Evasion moves are banned
|rule|Evasion Abilities Clause: Evasion abilities are banned
|rule|Sleep Moves Clause: Sleep-inducing moves are banned
|clearpoke
|poke|p1|Iron Moth|
|poke|p1|Mamoswine, M|
|poke|p1|Clefable, M|
|poke|p1|Mimikyu, M|
|poke|p1|Rotom-Wash|
|poke|p1|Skuntank, M|
|poke|p2|Great Tusk|
|poke|p2|Ninetales-Alola, M|
|poke|p2|Landorus-Therian, M|
|poke|p2|Polteageist|
|poke|p2|Pelipper, M|
|poke|p2|Kingdra, M|
|teampreview
|inactive|Battle timer is ON: inactive players will automatically lose when time's up. (requested by linxiangyu)
|j| Poneylfe
|
|t:|1758363098
|teamsize|p1|6
|teamsize|p2|6
|start
|switch|p1a: Mimikyu|Mimikyu, M|100/100
|switch|p2a: 土将军|Landorus-Therian, M, shiny|100/100
|-ability|p2a: 土将军|Intimidate|boost
|-unboost|p1a: Mimikyu|atk|1
|turn|1
|
|t:|1758363121
|switch|p1a: Rotom|Rotom-Wash|100/100
|move|p2a: 土将军|Earth Power|p1a: Rotom
|-immune|p1a: Rotom|[from] ability: Levitate
|
|upkeep
|turn|2
|
|t:|1758363130
|move|p2a: 土将军|U-turn|p1a: Rotom
|-damage|p1a: Rotom|66/100
|-damage|p2a: 土将军|91/100|[from] item: Life Orb
|
|t:|1758363144
|switch|p2a: Ninetales|Ninetales-Alola, M|100/100|[from] U-turn
|-weather|Snowscape|[from] ability: Snow Warning|[of] p2a: Ninetales
|move|p1a: Rotom|Substitute|p1a: Rotom
|-start|p1a: Rotom|Substitute
|-damage|p1a: Rotom|42/100
|
|-weather|Snowscape|[upkeep]
|-heal|p1a: Rotom|48/100|[from] item: Leftovers
|upkeep
|turn|3
|l| Poneylfe
|
|t:|1758363159
|move|p2a: Ninetales|Aurora Veil|p2a: Ninetales
|-sidestart|p2: linxiangyu|move: Aurora Veil
|move|p1a: Rotom|Nasty Plot|p1a: Rotom
|-boost|p1a: Rotom|spa|2
|
|-weather|Snowscape|[upkeep]
|-heal|p1a: Rotom|54/100|[from] item: Leftovers
|upkeep
|turn|4
|
|t:|1758363171
|move|p2a: Ninetales|Freeze-Dry|p1a: Rotom
|-supereffective|p1a: Rotom
|-crit|p1a: Rotom
|-end|p1a: Rotom|Substitute
|move|p1a: Rotom|Hydro Pump|p2a: Ninetales
|-damage|p2a: Ninetales|32/100
|
|-weather|Snowscape|[upkeep]
|-heal|p1a: Rotom|60/100|[from] item: Leftovers
|upkeep
|turn|5
|
|t:|1758363194
|switch|p1a: Mimikyu|Mimikyu, M|100/100
|move|p2a: Ninetales|Freeze-Dry|p1a: Mimikyu
|-activate|p1a: Mimikyu|ability: Disguise
|-damage|p1a: Mimikyu|100/100
|detailschange|p1a: Mimikyu|Mimikyu-Busted, M
|-damage|p1a: Mimikyu|88/100|[from] pokemon: Mimikyu-Busted
|
|-weather|Snowscape|[upkeep]
|upkeep
|turn|6
|
|t:|1758363210
|move|p2a: Ninetales|Moonblast|p1a: Mimikyu
|-damage|p1a: Mimikyu|40/100
|-unboost|p1a: Mimikyu|spa|1
|move|p1a: Mimikyu|Swords Dance|p1a: Mimikyu
|-boost|p1a: Mimikyu|atk|2
|
|-weather|none
|upkeep
|turn|7
|
|t:|1758363223
|-terastallize|p1a: Mimikyu|Ghost
|move|p1a: Mimikyu|Shadow Sneak|p2a: Ninetales
|-damage|p2a: Ninetales|0 fnt
|faint|p2a: Ninetales
|-damage|p1a: Mimikyu|30/100|[from] item: Life Orb
|
|upkeep
|
|t:|1758363230
|switch|p2a: 土将军|Landorus-Therian, M, shiny|91/100
|-ability|p2a: 土将军|Intimidate|boost
|-unboost|p1a: Mimikyu|atk|1
|turn|8
|
|t:|1758363240
|move|p1a: Mimikyu|Shadow Claw|p2a: 土将军
|-damage|p2a: 土将军|47/100
|-damage|p1a: Mimikyu|20/100|[from] item: Life Orb
|move|p2a: 土将军|Sludge Bomb|p1a: Mimikyu
|-resisted|p1a: Mimikyu
|-damage|p1a: Mimikyu|0 fnt
|faint|p1a: Mimikyu
|-damage|p2a: 土将军|37/100|[from] item: Life Orb
|
|upkeep
|inactive|eaveneaveneaven has 120 seconds left.
|
|t:|1758363292
|switch|p1a: Iron Moth|Iron Moth|100/100
|-enditem|p1a: Iron Moth|Booster Energy
|-activate|p1a: Iron Moth|ability: Quark Drive|[fromitem]
|-start|p1a: Iron Moth|quarkdrivespa
|turn|9
|
|t:|1758363307
|move|p1a: Iron Moth|Flamethrower|p2a: 土将军
|-damage|p2a: 土将军|0 fnt
|faint|p2a: 土将军
|
|upkeep
|
|t:|1758363310
|switch|p2a: 铁辙迹|Great Tusk, shiny|100/100
|-enditem|p2a: 铁辙迹|Booster Energy
|-activate|p2a: 铁辙迹|ability: Protosynthesis|[fromitem]
|-start|p2a: 铁辙迹|protosynthesisatk
|turn|10
|
|t:|1758363315
|move|p1a: Iron Moth|Substitute|p1a: Iron Moth
|-start|p1a: Iron Moth|Substitute
|-damage|p1a: Iron Moth|76/100
|move|p2a: 铁辙迹|Headlong Rush|p1a: Iron Moth
|-supereffective|p1a: Iron Moth
|-end|p1a: Iron Moth|Substitute
|-unboost|p2a: 铁辙迹|def|1
|-unboost|p2a: 铁辙迹|spd|1
|
|-sideend|p2: linxiangyu|move: Aurora Veil
|upkeep
|turn|11
|inactive|eaveneaveneaven has 120 seconds left.
|
|t:|1758363326
|-end|p2a: 铁辙迹|Protosynthesis|[silent]
|switch|p2a: 大将军|Pelipper, M, shiny|100/100
|-weather|RainDance|[from] ability: Drizzle|[of] p2a: 大将军
|move|p1a: Iron Moth|Energy Ball|p2a: 大将军
|-damage|p2a: 大将军|42/100
|
|-weather|RainDance|[upkeep]
|upkeep
|turn|12
|inactive|eaveneaveneaven has 120 seconds left.
|
|t:|1758363337
|move|p1a: Iron Moth|Energy Ball|p2a: 大将军
|-damage|p2a: 大将军|0 fnt
|faint|p2a: 大将军
|
|-weather|RainDance|[upkeep]
|upkeep
|
|t:|1758363340
|switch|p2a: 刺将军|Kingdra, M, shiny|100/100
|turn|13
|
|t:|1758363354
|-end|p1a: Iron Moth|Quark Drive|[silent]
|switch|p1a: Clefable|Clefable, M|100/100
|move|p2a: 刺将军|Agility|p2a: 刺将军
|-boost|p2a: 刺将军|spe|2
|
|-weather|RainDance|[upkeep]
|upkeep
|turn|14
|
|t:|1758363362
|move|p2a: 刺将军|Focus Energy|p2a: 刺将军
|-start|p2a: 刺将军|move: Focus Energy
|move|p1a: Clefable|Thunder Wave|p2a: 刺将军
|-status|p2a: 刺将军|par
|
|-weather|RainDance|[upkeep]
|upkeep
|turn|15
|
|t:|1758363369
|-terastallize|p2a: 刺将军|Water
|move|p2a: 刺将军|Surf|p1a: Clefable
|-crit|p1a: Clefable
|-damage|p1a: Clefable|0 fnt
|faint|p1a: Clefable
|
|-weather|RainDance|[upkeep]
|upkeep
|inactive|eaveneaveneaven has 120 seconds left.
|
|t:|1758363410
|switch|p1a: Skuntank|Skuntank, M|100/100
|turn|16
|
|t:|1758363417
|move|p1a: Skuntank|Sucker Punch|p2a: 刺将军
|-damage|p2a: 刺将军|57/100 par
|-damage|p1a: Skuntank|91/100|[from] item: Life Orb
|cant|p2a: 刺将军|par
|
|-weather|RainDance|[upkeep]
|upkeep
|turn|17
|
|t:|1758363433
|move|p2a: 刺将军|Surf|p1a: Skuntank
|-crit|p1a: Skuntank
|-damage|p1a: Skuntank|0 fnt
|faint|p1a: Skuntank
|
|-weather|RainDance|[upkeep]
|upkeep
|
|t:|1758363444
|switch|p1a: Rotom|Rotom-Wash|60/100
|turn|18
|
|t:|1758363449
|move|p1a: Rotom|Volt Switch|p2a: 刺将军
|-supereffective|p2a: 刺将军
|-damage|p2a: 刺将军|0 fnt
|faint|p2a: 刺将军
|
|t:|1758363465
|switch|p1a: Iron Moth|Iron Moth|76/100|[from] Volt Switch
|
|-weather|none
|upkeep
|
|t:|1758363472
|switch|p2a: 破罐子将军|Polteageist, shiny|100/100
|turn|19
|inactive|eaveneaveneaven has 90 seconds left.
|
|t:|1758363512
|move|p1a: Iron Moth|Flamethrower|p2a: 破罐子将军
|-damage|p2a: 破罐子将军|37/100
|move|p2a: 破罐子将军|Shell Smash|p2a: 破罐子将军
|-unboost|p2a: 破罐子将军|def|1
|-unboost|p2a: 破罐子将军|spd|1
|-boost|p2a: 破罐子将军|atk|2
|-boost|p2a: 破罐子将军|spa|2
|-boost|p2a: 破罐子将军|spe|2
|-enditem|p2a: 破罐子将军|White Herb
|-clearnegativeboost|p2a: 破罐子将军|[silent]
|
|upkeep
|turn|20
|
|t:|1758363529
|move|p2a: 破罐子将军|Stored Power|p1a: Iron Moth
|-supereffective|p1a: Iron Moth
|-damage|p1a: Iron Moth|0 fnt
|faint|p1a: Iron Moth
|-end|p1a: Iron Moth|Quark Drive|[silent]
|
|upkeep
|
|t:|1758363531
|switch|p1a: Mamoswine|Mamoswine, M|100/100
|turn|21
|
|t:|1758363540
|move|p1a: Mamoswine|Ice Shard|p2a: 破罐子将军
|-damage|p2a: 破罐子将军|0 fnt
|faint|p2a: 破罐子将军
|
|upkeep
|
|t:|1758363543
|switch|p2a: 铁辙迹|Great Tusk, shiny|100/100
|turn|22
|inactive|eaveneaveneaven has 90 seconds left.
|
|t:|1758363552
|move|p2a: 铁辙迹|Rapid Spin|p1a: Mamoswine
|-damage|p1a: Mamoswine|80/100
|-boost|p2a: 铁辙迹|spe|1
|move|p1a: Mamoswine|Icicle Crash|p2a: 铁辙迹
|-supereffective|p2a: 铁辙迹
|-damage|p2a: 铁辙迹|28/100
|
|upkeep
|turn|23
|
|t:|1758363559
|move|p1a: Mamoswine|Ice Shard|p2a: 铁辙迹
|-supereffective|p2a: 铁辙迹
|-damage|p2a: 铁辙迹|0 fnt
|faint|p2a: 铁辙迹
|-end|p2a: 铁辙迹|Protosynthesis|[silent]
|
|win|eaveneaveneaven
|raw|eaveneaveneaven's rating: 1272 &rarr; <strong>1300</strong><br />(+28 for winning)
|raw|linxiangyu's rating: 1317 &rarr; <strong>1294</strong><br />(-23 for losing)
|c|☆eaveneaveneaven|gg
|l|☆linxiangyu
|player|p2|
|l|☆eaveneaveneaven
|player|p1|
