|j|☆poketrep
|j|☆biryanilover
|t:|1758360293
|gametype|singles
|player|p1|poketrep|swimmerf|1451
|player|p2|biryanilover|266|1496
|gen|9
|tier|[Gen 9] OU
|rated|
|rule|HP Percentage Mod: HP is shown in percentages
|rule|Endless Battle Clause: Forcing endless battles is banned
|rule|Species Clause: Limit one of each Pokémon
|rule|OHKO Clause: OHKO moves are banned
|rule|Evasion Items Clause: Evasion items are banned
|rule|Evasion Moves Clause: Evasion moves are banned
|rule|Evasion Abilities Clause: Evasion abilities are banned
|rule|Sleep Moves Clause: Sleep-inducing moves are banned
|clearpoke
|poke|p1|Heatran, M|
|poke|p1|Mandibuzz, F|
|poke|p1|Iron Valiant|
|poke|p1|Latios, M|
|poke|p1|Conkeldurr, F|
|poke|p1|Garchomp, M|
|poke|p2|Darkrai|
|poke|p2|Empoleon, M|
|poke|p2|Great Tusk|
|poke|p2|Rillaboom, M|
|poke|p2|Moltres|
|poke|p2|Slowking-Galar, M|
|teampreview
|inactive|Battle timer is ON: inactive players will automatically lose when time's up. (requested by biryanilover)
|
|t:|1758360299
|teamsize|p1|6
|teamsize|p2|6
|start
|switch|p1a: Cronk|Conkeldurr, F|100/100
|switch|p2a: Empoleon|Empoleon, M|100/100
|turn|1
|
|t:|1758360302
|switch|p2a: Moltres|Moltres|100/100
|move|p1a: Cronk|Knock Off|p2a: Moltres
|-damage|p2a: Moltres|75/100
|-enditem|p2a: Moltres|Heavy-Duty Boots|[from] move: Knock Off|[of] p1a: Cronk
|
|upkeep
|turn|2
|
|t:|1758360306
|move|p2a: Moltres|Will-O-Wisp|p1a: Cronk
|-status|p1a: Cronk|brn
|move|p1a: Cronk|Knock Off|p2a: Moltres
|-damage|p2a: Moltres|49/100
|
|-damage|p1a: Cronk|94/100 brn|[from] brn
|upkeep
|turn|3
|
|t:|1758360308
|move|p2a: Moltres|Roost|p2a: Moltres
|-heal|p2a: Moltres|99/100
|-singleturn|p2a: Moltres|move: Roost
|move|p1a: Cronk|Drain Punch|p2a: Moltres
|-damage|p2a: Moltres|50/100
|-heal|p1a: Cronk|100/100 brn|[from] drain|[of] p2a: Moltres
|
|-damage|p1a: Cronk|94/100 brn|[from] brn
|upkeep
|turn|4
|
|t:|1758360311
|move|p2a: Moltres|Roost|p2a: Moltres
|-heal|p2a: Moltres|99/100
|-singleturn|p2a: Moltres|move: Roost
|move|p1a: Cronk|Drain Punch|p2a: Moltres
|-crit|p2a: Moltres
|-damage|p2a: Moltres|27/100
|-heal|p1a: Cronk|100/100 brn|[from] drain|[of] p2a: Moltres
|
|-damage|p1a: Cronk|94/100 brn|[from] brn
|upkeep
|turn|5
|
|t:|1758360316
|move|p2a: Moltres|Roost|p2a: Moltres
|-heal|p2a: Moltres|78/100
|-singleturn|p2a: Moltres|move: Roost
|move|p1a: Cronk|Knock Off|p2a: Moltres
|-damage|p2a: Moltres|51/100
|
|-damage|p1a: Cronk|88/100 brn|[from] brn
|upkeep
|turn|6
|
|t:|1758360336
|move|p2a: Moltres|Flamethrower|p1a: Cronk
|-damage|p1a: Cronk|60/100 brn
|move|p1a: Cronk|Drain Punch|p2a: Moltres
|-resisted|p2a: Moltres
|-crit|p2a: Moltres
|-damage|p2a: Moltres|15/100
|-heal|p1a: Cronk|77/100 brn|[from] drain|[of] p2a: Moltres
|
|-damage|p1a: Cronk|70/100 brn|[from] brn
|upkeep
|turn|7
|
|t:|1758360348
|switch|p2a: Slowking|Slowking-Galar, M|100/100
|move|p1a: Cronk|Drain Punch|p2a: Slowking
|-resisted|p2a: Slowking
|-damage|p2a: Slowking|84/100
|-heal|p1a: Cronk|78/100 brn|[from] drain|[of] p2a: Slowking
|
|-damage|p1a: Cronk|72/100 brn|[from] brn
|upkeep
|turn|8
|
|t:|1758360352
|switch|p2a: Great Tusk|Great Tusk|100/100
|move|p1a: Cronk|Knock Off|p2a: Great Tusk
|-resisted|p2a: Great Tusk
|-damage|p2a: Great Tusk|83/100
|-damage|p1a: Cronk|56/100 brn|[from] item: Rocky Helmet|[of] p2a: Great Tusk
|-enditem|p2a: Great Tusk|Rocky Helmet|[from] move: Knock Off|[of] p1a: Cronk
|
|-damage|p1a: Cronk|50/100 brn|[from] brn
|upkeep
|turn|9
|
|t:|1758360359
|move|p2a: Great Tusk|Headlong Rush|p1a: Cronk
|-damage|p1a: Cronk|8/100 brn
|-unboost|p2a: Great Tusk|def|1
|-unboost|p2a: Great Tusk|spd|1
|move|p1a: Cronk|Drain Punch|p2a: Great Tusk
|-damage|p2a: Great Tusk|22/100
|-heal|p1a: Cronk|40/100 brn|[from] drain|[of] p2a: Great Tusk
|
|-damage|p1a: Cronk|34/100 brn|[from] brn
|upkeep
|turn|10
|
|t:|1758360365
|switch|p1a: Spike|Garchomp, M|100/100
|move|p2a: Great Tusk|Headlong Rush|p1a: Spike
|-damage|p1a: Spike|70/100
|-unboost|p2a: Great Tusk|def|1
|-unboost|p2a: Great Tusk|spd|1
|-damage|p2a: Great Tusk|9/100|[from] ability: Rough Skin|[of] p1a: Spike
|-damage|p2a: Great Tusk|0 fnt|[from] item: Rocky Helmet|[of] p1a: Spike
|faint|p2a: Great Tusk
|-end|p2a: Great Tusk|Protosynthesis|[silent]
|
|upkeep
|
|t:|1758360371
|switch|p2a: Moltres|Moltres|15/100
|turn|11
|
|t:|1758360386
|switch|p1a: Brrrrrrrr|Latios, M|100/100
|move|p2a: Moltres|Roost|p2a: Moltres
|-heal|p2a: Moltres|65/100
|-singleturn|p2a: Moltres|move: Roost
|
|upkeep
|turn|12
|
|t:|1758360393
|switch|p2a: Empoleon|Empoleon, M|100/100
|move|p1a: Brrrrrrrr|Draco Meteor|p2a: Empoleon
|-resisted|p2a: Empoleon
|-damage|p2a: Empoleon|69/100
|-unboost|p1a: Brrrrrrrr|spa|2
|
|-heal|p2a: Empoleon|75/100|[from] item: Leftovers
|upkeep
|turn|13
|
|t:|1758360399
|switch|p1a: Cronk|Conkeldurr, F|34/100 brn
|move|p2a: Empoleon|Stealth Rock|p1a: Cronk
|-sidestart|p1: poketrep|move: Stealth Rock
|
|-heal|p2a: Empoleon|81/100|[from] item: Leftovers
|-damage|p1a: Cronk|28/100 brn|[from] brn
|upkeep
|turn|14
|
|t:|1758360402
|move|p2a: Empoleon|Surf|p1a: Cronk
|-damage|p1a: Cronk|1/100 brn
|move|p1a: Cronk|Drain Punch|p2a: Empoleon
|-supereffective|p2a: Empoleon
|-damage|p2a: Empoleon|0 fnt
|-heal|p1a: Cronk|38/100 brn|[from] drain|[of] p2a: Empoleon
|faint|p2a: Empoleon
|
|-damage|p1a: Cronk|31/100 brn|[from] brn
|upkeep
|l|☆poketrep
|inactive|poketrep disconnected and has a minute to reconnect!
|player|p1|
|
|t:|1758360426
|switch|p2a: Rillaboom|Rillaboom, M|100/100
|-fieldstart|move: Grassy Terrain|[from] ability: Grassy Surge|[of] p2a: Rillaboom
|turn|15
|j|☆poketrep
|inactive|poketrep reconnected and has 150 seconds left.
|player|p1|poketrep|swimmerf|
|
|t:|1758360441
|switch|p1a: Spike|Garchomp, M|70/100
|-damage|p1a: Spike|64/100|[from] Stealth Rock
|move|p2a: Rillaboom|Grassy Glide|p1a: Spike
|-damage|p1a: Spike|38/100
|-damage|p2a: Rillaboom|88/100|[from] ability: Rough Skin|[of] p1a: Spike
|-damage|p2a: Rillaboom|71/100|[from] item: Rocky Helmet|[of] p1a: Spike
|
|-heal|p1a: Spike|44/100|[from] Grassy Terrain
|-heal|p2a: Rillaboom|78/100|[from] Grassy Terrain
|upkeep
|turn|16
|
|t:|1758360448
|move|p1a: Spike|Stealth Rock|p2a: Rillaboom
|-sidestart|p2: biryanilover|move: Stealth Rock
|move|p2a: Rillaboom|Wood Hammer|p1a: Spike
|-damage|p1a: Spike|0 fnt
|-damage|p2a: Rillaboom|65/100|[from] ability: Rough Skin|[of] p1a: Spike
|-damage|p2a: Rillaboom|48/100|[from] item: Rocky Helmet|[of] p1a: Spike
|faint|p1a: Spike
|-damage|p2a: Rillaboom|33/100|[from] Recoil
|
|-heal|p2a: Rillaboom|39/100|[from] Grassy Terrain
|upkeep
|
|t:|1758360457
|switch|p1a: Brrrrrrrr|Latios, M|100/100
|-damage|p1a: Brrrrrrrr|88/100|[from] Stealth Rock
|turn|17
|
|t:|1758360471
|move|p1a: Brrrrrrrr|Shadow Ball|p2a: Rillaboom
|-damage|p2a: Rillaboom|6/100
|move|p2a: Rillaboom|Knock Off|p1a: Brrrrrrrr
|-supereffective|p1a: Brrrrrrrr
|-damage|p1a: Brrrrrrrr|0 fnt
|-enditem|p1a: Brrrrrrrr|Choice Specs|[from] move: Knock Off|[of] p2a: Rillaboom
|faint|p1a: Brrrrrrrr
|
|-heal|p2a: Rillaboom|12/100|[from] Grassy Terrain
|upkeep
|
|t:|1758360483
|switch|p1a: Mandby|Mandibuzz, F|100/100
|turn|18
|
|t:|1758360486
|move|p2a: Rillaboom|Knock Off|p1a: Mandby
|-resisted|p1a: Mandby
|-damage|p1a: Mandby|90/100
|-enditem|p1a: Mandby|Heavy-Duty Boots|[from] move: Knock Off|[of] p2a: Rillaboom
|move|p1a: Mandby|U-turn|p2a: Rillaboom
|-supereffective|p2a: Rillaboom
|-damage|p2a: Rillaboom|0 fnt
|faint|p2a: Rillaboom
|
|t:|1758360491
|switch|p1a: Turd|Heatran, M|100/100|[from] U-turn
|-damage|p1a: Turd|88/100|[from] Stealth Rock
|
|-heal|p1a: Turd|94/100|[from] Grassy Terrain
|-heal|p1a: Turd|100/100|[from] item: Leftovers
|upkeep
|
|t:|1758360503
|switch|p2a: Darkrai|Darkrai|100/100
|-damage|p2a: Darkrai|88/100|[from] Stealth Rock
|turn|19
|
|t:|1758360508
|move|p2a: Darkrai|Dark Pulse|p1a: Turd
|-damage|p1a: Turd|75/100
|move|p1a: Turd|Magma Storm|p2a: Darkrai
|-damage|p2a: Darkrai|27/100
|-activate|p2a: Darkrai|move: Magma Storm|[of] p1a: Turd
|
|-heal|p2a: Darkrai|33/100|[from] Grassy Terrain
|-heal|p1a: Turd|81/100|[from] Grassy Terrain
|-heal|p1a: Turd|87/100|[from] item: Leftovers
|-damage|p2a: Darkrai|21/100|[from] move: Magma Storm|[partiallytrapped]
|-fieldend|move: Grassy Terrain
|upkeep
|turn|20
|
|t:|1758360515
|move|p2a: Darkrai|Dark Pulse|p1a: Turd
|-damage|p1a: Turd|63/100
|move|p1a: Turd|Earth Power|p2a: Darkrai
|-damage|p2a: Darkrai|0 fnt
|faint|p2a: Darkrai
|
|-heal|p1a: Turd|69/100|[from] item: Leftovers
|upkeep
|-message|biryanilover forfeited.
|
|win|poketrep
|raw|poketrep's rating: 1451 &rarr; <strong>1474</strong><br />(+23 for winning)
|raw|biryanilover's rating: 1496 &rarr; <strong>1473</strong><br />(-23 for losing)
|l|☆biryanilover
|player|p2|
|l|☆poketrep
|player|p1|
