|j|☆Plata251
|j|☆randomx6
|t:|1758376012
|gametype|singles
|player|p1|Plata251|pokefan-gen2|1196
|player|p2|randomx6|lucas|1145
|gen|9
|tier|[Gen 9] OU
|rated|
|rule|HP Percentage Mod: HP is shown in percentages
|rule|Endless Battle Clause: Forcing endless battles is banned
|rule|Species Clause: Limit one of each Pokémon
|rule|OHKO Clause: OHKO moves are banned
|rule|Evasion Items Clause: Evasion items are banned
|rule|Evasion Moves Clause: Evasion moves are banned
|rule|Evasion Abilities Clause: Evasion abilities are banned
|rule|Sleep Moves Clause: Sleep-inducing moves are banned
|clearpoke
|poke|p1|Wigglytuff, M|
|poke|p1|Salazzle, F|
|poke|p1|Zoroark-Hisui, F|
|poke|p1|Gholdengo|
|poke|p1|Ariados, M|
|poke|p1|Garganacl, M|
|poke|p2|Dedenne, F|
|poke|p2|Electivire, F|
|poke|p2|Iron Crown|
|poke|p2|Iron Thorns|
|poke|p2|Hippowdon, M|
|poke|p2|Honchkrow, F|
|teampreview
|
|t:|1758376021
|teamsize|p1|6
|teamsize|p2|6
|start
|switch|p1a: Ariados|Ariados, M|100/100
|switch|p2a: Electivire|Electivire, F|100/100
|turn|1
|inactive|Battle timer is ON: inactive players will automatically lose when time's up. (requested by Plata251)
|
|t:|1758376058
|move|p2a: Electivire|Reflect|p2a: Electivire
|-sidestart|p2: randomx6|Reflect
|move|p1a: Ariados|Toxic Thread|p2a: Electivire
|-unboost|p2a: Electivire|spe|1
|-status|p2a: Electivire|psn
|
|-damage|p2a: Electivire|88/100 psn|[from] psn
|upkeep
|turn|2
|
|t:|1758376068
|move|p2a: Electivire|Light Screen|p2a: Electivire
|-sidestart|p2: randomx6|move: Light Screen
|move|p1a: Ariados|Toxic Spikes|p2a: Electivire
|-sidestart|p2: randomx6|move: Toxic Spikes
|
|-damage|p2a: Electivire|76/100 psn|[from] psn
|upkeep
|turn|3
|inactive|Plata251 has 120 seconds left.
|
|t:|1758376111
|switch|p2a: Iron Crown|Iron Crown|100/100
|move|p1a: Ariados|Toxic Spikes|p2a: Iron Crown
|-sidestart|p2: randomx6|move: Toxic Spikes
|
|upkeep
|turn|4
|
|t:|1758376119
|move|p2a: Iron Crown|Agility|p2a: Iron Crown
|-boost|p2a: Iron Crown|spe|2
|move|p1a: Ariados|Sticky Web|p2a: Iron Crown
|-sidestart|p2: randomx6|move: Sticky Web
|
|upkeep
|turn|5
|inactive|Plata251 has 120 seconds left.
|
|t:|1758376133
|move|p2a: Iron Crown|Calm Mind|p2a: Iron Crown
|-boost|p2a: Iron Crown|spa|1
|-boost|p2a: Iron Crown|spd|1
|move|p1a: Ariados|Megahorn|p2a: Iron Crown
|-damage|p2a: Iron Crown|74/100
|
|upkeep
|turn|6
|inactive|randomx6 has 120 seconds left.
|
|t:|1758376193
|-terastallize|p2a: Iron Crown|Grass
|move|p2a: Iron Crown|Calm Mind|p2a: Iron Crown
|-boost|p2a: Iron Crown|spa|1
|-boost|p2a: Iron Crown|spd|1
|move|p1a: Ariados|Megahorn|p2a: Iron Crown
|-supereffective|p2a: Iron Crown
|-damage|p2a: Iron Crown|23/100
|-enditem|p2a: Iron Crown|Weakness Policy
|-boost|p2a: Iron Crown|atk|2|[from] item: Weakness Policy
|-boost|p2a: Iron Crown|spa|2|[from] item: Weakness Policy
|
|upkeep
|turn|7
|
|t:|1758376202
|move|p2a: Iron Crown|Tachyon Cutter|p1a: Ariados
|-enditem|p1a: Ariados|Focus Sash
|-damage|p1a: Ariados|1/100
|-damage|p1a: Ariados|0 fnt
|faint|p1a: Ariados
|-hitcount|p1: Ariados|2
|
|upkeep
|inactive|Plata251 has 120 seconds left.
|
|t:|1758376217
|switch|p1a: Gholdengo|Gholdengo|100/100
|turn|8
|
|t:|1758376220
|move|p2a: Iron Crown|Stored Power|p1a: Gholdengo
|-resisted|p1a: Gholdengo
|-damage|p1a: Gholdengo|0 fnt
|faint|p1a: Gholdengo
|
|-sideend|p2: randomx6|Reflect
|upkeep
|
|t:|1758376228
|switch|p1a: Salazzle|Salazzle, F|100/100
|turn|9
|
|t:|1758376231
|-terastallize|p1a: Salazzle|Dark
|move|p2a: Iron Crown|Tachyon Cutter|p1a: Salazzle
|-damage|p1a: Salazzle|0 fnt
|faint|p1a: Salazzle
|-hitcount|p1: Salazzle|1
|
|-sideend|p2: randomx6|move: Light Screen
|upkeep
|-message|Plata251 forfeited.
|
|win|randomx6
|raw|Plata251's rating: 1196 &rarr; <strong>1167</strong><br />(-29 for losing)
|raw|randomx6's rating: 1145 &rarr; <strong>1174</strong><br />(+29 for winning)
|l|☆Plata251
|player|p1|
