|j|☆full-doc
|j|☆Ryu_NLF
|t:|1758266119
|gametype|singles
|player|p1|full-doc|scientistf|1340
|player|p2|Ryu_NLF|jasmine|1332
|gen|9
|tier|[Gen 9] OU
|rated|
|rule|HP Percentage Mod: HP is shown in percentages
|rule|Endless Battle Clause: Forcing endless battles is banned
|rule|Species Clause: Limit one of each Pokémon
|rule|OHKO Clause: OHKO moves are banned
|rule|Evasion Items Clause: Evasion items are banned
|rule|Evasion Moves Clause: Evasion moves are banned
|rule|Evasion Abilities Clause: Evasion abilities are banned
|rule|Sleep Moves Clause: Sleep-inducing moves are banned
|clearpoke
|poke|p1|Grimmsnarl, M|
|poke|p1|Lilligant-Hisui, F|
|poke|p1|Ceruledge, M|
|poke|p1|Dragonite, F|
|poke|p1|Ninetales, M|
|poke|p1|Walking Wake|
|poke|p2|Vileplume, M|
|poke|p2|Swampert, F|
|poke|p2|Excadrill, M|
|poke|p2|Chandelure, F|
|poke|p2|Ribombee, F|
|poke|p2|Honchkrow, M|
|teampreview
|
|t:|1758266133
|teamsize|p1|6
|teamsize|p2|6
|start
|switch|p1a: Grimmsnarl|Grimmsnarl, M|100/100
|switch|p2a: Swampert|Swampert, F|100/100
|turn|1
|
|t:|1758266140
|move|p1a: Grimmsnarl|Taunt|p2a: Swampert
|-start|p2a: Swampert|move: Taunt
|move|p2a: Swampert|Knock Off|p1a: Grimmsnarl
|-resisted|p1a: Grimmsnarl
|-damage|p1a: Grimmsnarl|93/100
|-enditem|p1a: Grimmsnarl|Light Clay|[from] move: Knock Off|[of] p2a: Swampert
|
|upkeep
|turn|2
|
|t:|1758266149
|move|p1a: Grimmsnarl|Reflect|p1a: Grimmsnarl
|-sidestart|p1: full-doc|Reflect
|move|p2a: Swampert|Flip Turn|p1a: Grimmsnarl
|-damage|p1a: Grimmsnarl|78/100
|
|t:|1758266156
|switch|p2a: Ribombee|Ribombee, F, shiny|100/100|[from] Flip Turn
|
|upkeep
|turn|3
|
|t:|1758266161
|move|p1a: Grimmsnarl|Taunt|p2a: Ribombee
|-start|p2a: Ribombee|move: Taunt
|move|p2a: Ribombee|Moonblast|p1a: Grimmsnarl
|-supereffective|p1a: Grimmsnarl
|-damage|p1a: Grimmsnarl|19/100
|-unboost|p1a: Grimmsnarl|spa|1
|
|upkeep
|turn|4
|
|t:|1758266176
|switch|p2a: Honchkrow|Honchkrow, M|100/100
|move|p1a: Grimmsnarl|Light Screen|p1a: Grimmsnarl
|-sidestart|p1: full-doc|move: Light Screen
|
|upkeep
|turn|5
|
|t:|1758266186
|switch|p1a: Ninetales|Ninetales, M|100/100
|-weather|SunnyDay|[from] ability: Drought|[of] p1a: Ninetales
|move|p2a: Honchkrow|Night Slash|p1a: Ninetales
|-crit|p1a: Ninetales
|-damage|p1a: Ninetales|40/100
|
|-weather|SunnyDay|[upkeep]
|upkeep
|turn|6
|
|t:|1758266196
|move|p2a: Honchkrow|Sucker Punch||[still]
|-fail|p2a: Honchkrow
|move|p1a: Ninetales|Will-O-Wisp|p2a: Honchkrow
|-status|p2a: Honchkrow|brn
|
|-weather|SunnyDay|[upkeep]
|-damage|p2a: Honchkrow|94/100 brn|[from] brn
|-sideend|p1: full-doc|Reflect
|upkeep
|turn|7
|
|t:|1758266206
|move|p1a: Ninetales|Encore|p2a: Honchkrow
|-start|p2a: Honchkrow|Encore
|move|p2a: Honchkrow|Sucker Punch||[still]
|-fail|p2a: Honchkrow
|
|-weather|SunnyDay|[upkeep]
|-damage|p2a: Honchkrow|88/100 brn|[from] brn
|upkeep
|turn|8
|
|t:|1758266220
|switch|p1a: Ceruledge|Ceruledge, M|100/100
|switch|p2a: Chandelure|Chandelure, F|100/100
|
|-weather|SunnyDay|[upkeep]
|-sideend|p1: full-doc|move: Light Screen
|upkeep
|turn|9
|
|t:|1758266239
|-terastallize|p2a: Chandelure|Grass
|move|p2a: Chandelure|Shadow Ball|p1a: Ceruledge
|-supereffective|p1a: Ceruledge
|-enditem|p1a: Ceruledge|Focus Sash
|-damage|p1a: Ceruledge|1/100
|move|p1a: Ceruledge|Poltergeist|p2a: Chandelure
|-activate|p2a: Chandelure|move: Poltergeist|Choice Scarf
|-damage|p2a: Chandelure|15/100
|
|-weather|SunnyDay|[upkeep]
|upkeep
|turn|10
|
|t:|1758266252
|switch|p2a: Vileplume|Vileplume, M, shiny|100/100
|move|p1a: Ceruledge|Shadow Sneak|p2a: Vileplume
|-damage|p2a: Vileplume|85/100
|-damage|p1a: Ceruledge|0 fnt|[from] item: Rocky Helmet|[of] p2a: Vileplume
|faint|p1a: Ceruledge
|
|-weather|SunnyDay|[upkeep]
|upkeep
|
|t:|1758266263
|switch|p1a: Walking Wake|Walking Wake|100/100
|-activate|p1a: Walking Wake|ability: Protosynthesis
|-start|p1a: Walking Wake|protosynthesisspe
|turn|11
|
|t:|1758266276
|switch|p2a: Chandelure|Chandelure, F, tera:Grass|15/100
|move|p1a: Walking Wake|Flamethrower|p2a: Chandelure
|-start|p2a: Chandelure|ability: Flash Fire
|
|-weather|SunnyDay|[upkeep]
|upkeep
|turn|12
|
|t:|1758266290
|-end|p2a: Chandelure|ability: Flash Fire|[silent]
|switch|p2a: Swampert|Swampert, F|100/100
|move|p1a: Walking Wake|Hydro Steam|p2a: Swampert
|-damage|p2a: Swampert|62/100
|
|-weather|none
|-end|p1a: Walking Wake|Protosynthesis
|-heal|p2a: Swampert|68/100|[from] item: Leftovers
|upkeep
|turn|13
|
|t:|1758266300
|move|p1a: Walking Wake|Hydro Steam|p2a: Swampert
|-damage|p2a: Swampert|42/100
|move|p2a: Swampert|Stealth Rock|p1a: Walking Wake
|-sidestart|p1: full-doc|move: Stealth Rock
|
|-heal|p2a: Swampert|49/100|[from] item: Leftovers
|upkeep
|turn|14
|
|t:|1758266309
|move|p1a: Walking Wake|Flip Turn|p2a: Swampert
|-damage|p2a: Swampert|33/100
|
|t:|1758266315
|-end|p1a: Walking Wake|Protosynthesis|[silent]
|switch|p1a: Grimmsnarl|Grimmsnarl, M|19/100|[from] Flip Turn
|-damage|p1a: Grimmsnarl|6/100|[from] Stealth Rock
|move|p2a: Swampert|Knock Off|p1a: Grimmsnarl
|-resisted|p1a: Grimmsnarl
|-damage|p1a: Grimmsnarl|2/100
|
|-heal|p2a: Swampert|39/100|[from] item: Leftovers
|upkeep
|turn|15
|
|t:|1758266325
|move|p1a: Grimmsnarl|Reflect|p1a: Grimmsnarl
|-sidestart|p1: full-doc|Reflect
|move|p2a: Swampert|Roar|p1a: Grimmsnarl
|drag|p1a: Walking Wake|Walking Wake|100/100
|-damage|p1a: Walking Wake|88/100|[from] Stealth Rock
|
|-heal|p2a: Swampert|45/100|[from] item: Leftovers
|upkeep
|turn|16
|
|t:|1758266337
|move|p1a: Walking Wake|Dragon Pulse|p2a: Swampert
|-damage|p2a: Swampert|19/100
|move|p2a: Swampert|Knock Off|p1a: Walking Wake
|-damage|p1a: Walking Wake|78/100
|-enditem|p1a: Walking Wake|Wise Glasses|[from] move: Knock Off|[of] p2a: Swampert
|
|-heal|p2a: Swampert|25/100|[from] item: Leftovers
|upkeep
|turn|17
|
|t:|1758266349
|move|p1a: Walking Wake|Flip Turn|p2a: Swampert
|-damage|p2a: Swampert|10/100
|
|t:|1758266356
|-end|p1a: Walking Wake|Protosynthesis|[silent]
|switch|p1a: Grimmsnarl|Grimmsnarl, M|2/100|[from] Flip Turn
|-damage|p1a: Grimmsnarl|0 fnt|[from] Stealth Rock
|faint|p1a: Grimmsnarl
|move|p2a: Swampert|Knock Off|p1: Grimmsnarl|[notarget]
|-fail|p2a: Swampert
|
|-heal|p2a: Swampert|16/100|[from] item: Leftovers
|upkeep
|
|t:|1758266365
|switch|p1a: Lilligant|Lilligant-Hisui, F|100/100
|turn|18
|
|t:|1758266372
|move|p1a: Lilligant|Close Combat|p2a: Swampert
|-damage|p2a: Swampert|0 fnt
|-unboost|p1a: Lilligant|def|1
|-unboost|p1a: Lilligant|spd|1
|faint|p2a: Swampert
|
|upkeep
|
|t:|1758266382
|switch|p2a: Chandelure|Chandelure, F, tera:Grass|15/100
|turn|19
|
|t:|1758266395
|switch|p1a: Ninetales|Ninetales, M|40/100
|-damage|p1a: Ninetales|15/100|[from] Stealth Rock
|-weather|SunnyDay|[from] ability: Drought|[of] p1a: Ninetales
|move|p2a: Chandelure|Shadow Ball|p1a: Ninetales
|-damage|p1a: Ninetales|0 fnt
|faint|p1a: Ninetales
|
|-weather|SunnyDay|[upkeep]
|-sideend|p1: full-doc|Reflect
|upkeep
|
|t:|1758266414
|switch|p1a: Lilligant|Lilligant-Hisui, F|100/100
|turn|20
|
|t:|1758266425
|switch|p2a: Vileplume|Vileplume, M, shiny|85/100
|move|p1a: Lilligant|Ice Spinner|p2a: Vileplume
|-supereffective|p2a: Vileplume
|-damage|p2a: Vileplume|47/100
|-damage|p1a: Lilligant|84/100|[from] item: Rocky Helmet|[of] p2a: Vileplume
|
|-weather|SunnyDay|[upkeep]
|upkeep
|turn|21
|
|t:|1758266434
|switch|p1a: Walking Wake|Walking Wake|78/100
|-damage|p1a: Walking Wake|65/100|[from] Stealth Rock
|-activate|p1a: Walking Wake|ability: Protosynthesis
|-start|p1a: Walking Wake|protosynthesisspe
|move|p2a: Vileplume|Strength Sap|p1a: Walking Wake
|-unboost|p1a: Walking Wake|atk|1
|-heal|p2a: Vileplume|99/100
|
|-weather|SunnyDay|[upkeep]
|upkeep
|turn|22
|
|t:|1758266448
|switch|p2a: Honchkrow|Honchkrow, M|88/100 brn
|move|p1a: Walking Wake|Dragon Pulse|p2a: Honchkrow
|-damage|p2a: Honchkrow|27/100 brn
|
|-weather|SunnyDay|[upkeep]
|-damage|p2a: Honchkrow|21/100 brn|[from] brn
|upkeep
|turn|23
|
|t:|1758266456
|move|p2a: Honchkrow|Sucker Punch|p1a: Walking Wake
|-damage|p1a: Walking Wake|48/100
|move|p1a: Walking Wake|Dragon Pulse|p2a: Honchkrow
|-damage|p2a: Honchkrow|0 fnt
|faint|p2a: Honchkrow
|
|-weather|SunnyDay|[upkeep]
|upkeep
|
|t:|1758266483
|switch|p2a: Excadrill|Excadrill, M|100/100
|-ability|p2a: Excadrill|Mold Breaker
|turn|24
|
|t:|1758266490
|switch|p2a: Vileplume|Vileplume, M, shiny|99/100
|move|p1a: Walking Wake|Hydro Steam|p2a: Vileplume
|-resisted|p2a: Vileplume
|-damage|p2a: Vileplume|72/100
|
|-weather|SunnyDay|[upkeep]
|upkeep
|turn|25
|
|t:|1758266508
|switch|p2a: Chandelure|Chandelure, F, tera:Grass|15/100
|move|p1a: Walking Wake|Flamethrower|p2a: Chandelure
|-start|p2a: Chandelure|ability: Flash Fire
|
|-weather|SunnyDay|[upkeep]
|upkeep
|turn|26
|
|t:|1758266516
|-end|p2a: Chandelure|ability: Flash Fire|[silent]
|switch|p2a: Excadrill|Excadrill, M|100/100
|-ability|p2a: Excadrill|Mold Breaker
|move|p1a: Walking Wake|Hydro Steam|p2a: Excadrill
|-supereffective|p2a: Excadrill
|-crit|p2a: Excadrill
|-damage|p2a: Excadrill|0 fnt
|faint|p2a: Excadrill
|
|-weather|none
|-end|p1a: Walking Wake|Protosynthesis
|upkeep
|
|t:|1758266528
|switch|p2a: Ribombee|Ribombee, F, shiny|100/100
|turn|27
|
|t:|1758266535
|move|p2a: Ribombee|Moonblast|p1a: Walking Wake
|-supereffective|p1a: Walking Wake
|-damage|p1a: Walking Wake|0 fnt
|faint|p1a: Walking Wake
|-end|p1a: Walking Wake|Protosynthesis|[silent]
|
|upkeep
|
|t:|1758266541
|switch|p1a: Dragonite|Dragonite, F|100/100
|turn|28
|
|t:|1758266550
|-terastallize|p1a: Dragonite|Flying
|move|p2a: Ribombee|Stun Spore|p1a: Dragonite
|-status|p1a: Dragonite|par
|move|p1a: Dragonite|Dragon Dance|p1a: Dragonite
|-boost|p1a: Dragonite|atk|1
|-boost|p1a: Dragonite|spe|1
|
|upkeep
|turn|29
|
|t:|1758266560
|move|p2a: Ribombee|Moonblast|p1a: Dragonite
|-damage|p1a: Dragonite|78/100 par
|move|p1a: Dragonite|Dragon Dance|p1a: Dragonite
|-boost|p1a: Dragonite|atk|1
|-boost|p1a: Dragonite|spe|1
|
|upkeep
|turn|30
|
|t:|1758266573
|switch|p2a: Vileplume|Vileplume, M, shiny|72/100
|cant|p1a: Dragonite|par
|
|upkeep
|turn|31
|
|t:|1758266579
|move|p1a: Dragonite|Tera Blast|p2a: Vileplume|[anim] Tera Blast Flying
|-supereffective|p2a: Vileplume
|-damage|p2a: Vileplume|0 fnt
|faint|p2a: Vileplume
|
|upkeep
|
|t:|1758266585
|switch|p2a: Chandelure|Chandelure, F, tera:Grass|15/100
|turn|32
|
|t:|1758266590
|move|p1a: Dragonite|Extreme Speed|p2a: Chandelure
|-damage|p2a: Chandelure|0 fnt
|faint|p2a: Chandelure
|
|upkeep
|
|t:|1758266595
|switch|p2a: Ribombee|Ribombee, F, shiny|100/100
|turn|33
|
|t:|1758266598
|move|p2a: Ribombee|Moonblast|p1a: Dragonite
|-damage|p1a: Dragonite|33/100 par
|-unboost|p1a: Dragonite|spa|1
|move|p1a: Dragonite|Tera Blast|p2a: Ribombee|[anim] Tera Blast Flying
|-supereffective|p2a: Ribombee
|-enditem|p2a: Ribombee|Focus Sash
|-damage|p2a: Ribombee|1/100
|
|upkeep
|turn|34
|
|t:|1758266607
|move|p1a: Dragonite|Extreme Speed|p2a: Ribombee
|-damage|p2a: Ribombee|0 fnt
|faint|p2a: Ribombee
|
|win|full-doc
|raw|full-doc's rating: 1340 &rarr; <strong>1360</strong><br />(+20 for winning)
|raw|Ryu_NLF's rating: 1332 &rarr; <strong>1312</strong><br />(-20 for losing)
|l|☆Ryu_NLF
|player|p2|
|l|☆full-doc
|player|p1|
