|j|☆blisteringbigfoot
|j|☆ljdarkrai_meme
|t:|1758287403
|gametype|singles
|player|p1|blisteringbigfoot|roxie-masters|1655
|player|p2|ljdarkrai_meme|pryce|1659
|gen|9
|tier|[Gen 9] OU
|rated|
|rule|HP Percentage Mod: HP is shown in percentages
|rule|Endless Battle Clause: Forcing endless battles is banned
|rule|Species Clause: Limit one of each Pokémon
|rule|OHKO Clause: OHKO moves are banned
|rule|Evasion Items Clause: Evasion items are banned
|rule|Evasion Moves Clause: Evasion moves are banned
|rule|Evasion Abilities Clause: Evasion abilities are banned
|rule|Sleep Moves Clause: Sleep-inducing moves are banned
|clearpoke
|poke|p1|Cloyster, F|
|poke|p1|Raging Bolt|
|poke|p1|Primarina, F|
|poke|p1|Iron Treads|
|poke|p1|Ogerpon-Wellspring, F|
|poke|p1|Dragapult, F|
|poke|p2|Dragapult, M|
|poke|p2|Kingambit, F|
|poke|p2|Kyurem|
|poke|p2|Cinderace, M|
|poke|p2|Garganacl, M|
|poke|p2|Corviknight, M|
|teampreview
|inactive|Battle timer is ON: inactive players will automatically lose when time's up. (requested by ljdarkrai_meme)
|
|t:|1758287416
|teamsize|p1|6
|teamsize|p2|6
|start
|switch|p1a: Dragapult|Dragapult, F|100/100
|switch|p2a: Kyurem|Kyurem, shiny|100/100
|-ability|p2a: Kyurem|Pressure
|turn|1
|
|t:|1758287424
|switch|p2a: Corviknight|Corviknight, M|100/100
|-ability|p2a: Corviknight|Pressure
|move|p1a: Dragapult|U-turn|p2a: Corviknight
|-resisted|p2a: Corviknight
|-damage|p2a: Corviknight|94/100
|j| panda1234
|
|t:|1758287432
|switch|p1a: Raging Bolt|Raging Bolt|100/100|[from] U-turn
|-enditem|p1a: Raging Bolt|Booster Energy
|-activate|p1a: Raging Bolt|ability: Protosynthesis|[fromitem]
|-start|p1a: Raging Bolt|protosynthesisspa
|
|-heal|p2a: Corviknight|99/100|[from] item: Leftovers
|upkeep
|turn|2
|
|t:|1758287436
|move|p1a: Raging Bolt|Calm Mind|p1a: Raging Bolt
|-boost|p1a: Raging Bolt|spa|1
|-boost|p1a: Raging Bolt|spd|1
|move|p2a: Corviknight|Brave Bird|p1a: Raging Bolt
|-resisted|p1a: Raging Bolt
|-damage|p1a: Raging Bolt|83/100
|-damage|p2a: Corviknight|94/100|[from] Recoil
|
|-heal|p2a: Corviknight|100/100|[from] item: Leftovers
|upkeep
|turn|3
|
|t:|1758287442
|switch|p2a: Cinderace|Cinderace, M|100/100
|move|p1a: Raging Bolt|Thunderbolt|p2a: Cinderace
|-damage|p2a: Cinderace|0 fnt
|faint|p2a: Cinderace
|
|upkeep
|
|t:|1758287445
|switch|p2a: Dragapult|Dragapult, M|100/100
|turn|4
|
|t:|1758287450
|-terastallize|p1a: Raging Bolt|Fairy
|move|p2a: Dragapult|Phantom Force||[still]
|-prepare|p2a: Dragapult|Phantom Force
|move|p1a: Raging Bolt|Dragon Pulse|p2a: Dragapult|[miss]
|-miss|p1a: Raging Bolt|p2a: Dragapult
|
|upkeep
|turn|5
|
|t:|1758287456
|move|p2a: Dragapult|Phantom Force|p1a: Raging Bolt|[from] lockedmove
|-damage|p1a: Raging Bolt|18/100
|-damage|p2a: Dragapult|91/100|[from] item: Life Orb
|move|p1a: Raging Bolt|Dragon Pulse|p2a: Dragapult
|-supereffective|p2a: Dragapult
|-damage|p2a: Dragapult|0 fnt
|faint|p2a: Dragapult
|
|upkeep
|
|t:|1758287471
|switch|p2a: Kyurem|Kyurem, shiny|100/100
|-ability|p2a: Kyurem|Pressure
|turn|6
|
|t:|1758287476
|move|p1a: Raging Bolt|Thunderclap|p2a: Kyurem
|-resisted|p2a: Kyurem
|-damage|p2a: Kyurem|63/100
|move|p2a: Kyurem|Freeze-Dry|p1a: Raging Bolt
|-damage|p1a: Raging Bolt|0 fnt
|faint|p1a: Raging Bolt
|-end|p1a: Raging Bolt|Protosynthesis|[silent]
|
|upkeep
|
|t:|1758287484
|switch|p1a: Iron Treads|Iron Treads|100/100
|-enditem|p1a: Iron Treads|Booster Energy
|-activate|p1a: Iron Treads|ability: Quark Drive|[fromitem]
|-start|p1a: Iron Treads|quarkdrivespe
|turn|7
|
|t:|1758287487
|move|p1a: Iron Treads|Stealth Rock|p2a: Kyurem
|-sidestart|p2: ljdarkrai_meme|move: Stealth Rock
|move|p2a: Kyurem|Freeze-Dry|p1a: Iron Treads
|-crit|p1a: Iron Treads
|-damage|p1a: Iron Treads|0 fnt
|faint|p1a: Iron Treads
|-end|p1a: Iron Treads|Quark Drive|[silent]
|
|upkeep
|
|t:|1758287494
|switch|p1a: Dragapult|Dragapult, F|100/100
|turn|8
|
|t:|1758287497
|move|p1a: Dragapult|Dragon Darts|p2a: Kyurem
|-supereffective|p2a: Kyurem
|-damage|p2a: Kyurem|0 fnt
|faint|p2a: Kyurem
|
|upkeep
|
|t:|1758287501
|switch|p2a: Garganacl|Garganacl, M|100/100
|-damage|p2a: Garganacl|88/100|[from] Stealth Rock
|turn|9
|
|t:|1758287508
|move|p1a: Dragapult|Dragon Darts|p2a: Garganacl
|-damage|p2a: Garganacl|61/100
|-anim|p1a: Dragapult|Dragon Darts|p2a: Garganacl
|-damage|p2a: Garganacl|37/100
|move|p2a: Garganacl|Iron Defense|p2a: Garganacl
|-boost|p2a: Garganacl|def|2
|
|-heal|p2a: Garganacl|44/100|[from] item: Leftovers
|upkeep
|turn|10
|
|t:|1758287513
|move|p1a: Dragapult|Dragon Darts|p2a: Garganacl
|-damage|p2a: Garganacl|31/100
|-anim|p1a: Dragapult|Dragon Darts|p2a: Garganacl
|-damage|p2a: Garganacl|19/100
|move|p2a: Garganacl|Recover|p2a: Garganacl
|-heal|p2a: Garganacl|69/100
|
|-heal|p2a: Garganacl|75/100|[from] item: Leftovers
|upkeep
|turn|11
|
|t:|1758287518
|switch|p1a: Primarina|Primarina, F, shiny|100/100
|move|p2a: Garganacl|Salt Cure|p1a: Primarina
|-damage|p1a: Primarina|82/100
|-start|p1a: Primarina|Salt Cure
|
|-heal|p1a: Primarina|89/100|[from] item: Leftovers
|-heal|p2a: Garganacl|81/100|[from] item: Leftovers
|-damage|p1a: Primarina|64/100|[from] Salt Cure
|upkeep
|turn|12
|
|t:|1758287524
|-terastallize|p2a: Garganacl|Bug
|move|p1a: Primarina|Surf|p2a: Garganacl
|-damage|p2a: Garganacl|50/100
|move|p2a: Garganacl|Recover|p2a: Garganacl
|-heal|p2a: Garganacl|99/100
|
|-heal|p1a: Primarina|70/100|[from] item: Leftovers
|-heal|p2a: Garganacl|100/100|[from] item: Leftovers
|-damage|p1a: Primarina|45/100|[from] Salt Cure
|upkeep
|turn|13
|
|t:|1758287534
|move|p1a: Primarina|Moonblast|p2a: Garganacl
|-damage|p2a: Garganacl|68/100
|move|p2a: Garganacl|Iron Defense|p2a: Garganacl
|-boost|p2a: Garganacl|def|2
|
|-heal|p1a: Primarina|51/100|[from] item: Leftovers
|-heal|p2a: Garganacl|74/100|[from] item: Leftovers
|-damage|p1a: Primarina|26/100|[from] Salt Cure
|upkeep
|turn|14
|
|t:|1758287538
|move|p1a: Primarina|Moonblast|p2a: Garganacl
|-damage|p2a: Garganacl|40/100
|move|p2a: Garganacl|Recover|p2a: Garganacl
|-heal|p2a: Garganacl|90/100
|
|-heal|p1a: Primarina|33/100|[from] item: Leftovers
|-heal|p2a: Garganacl|96/100|[from] item: Leftovers
|-damage|p1a: Primarina|8/100|[from] Salt Cure
|upkeep
|turn|15
|
|t:|1758287543
|move|p1a: Primarina|Moonblast|p2a: Garganacl
|-damage|p2a: Garganacl|60/100
|move|p2a: Garganacl|Recover|p2a: Garganacl
|-heal|p2a: Garganacl|100/100
|
|-heal|p1a: Primarina|14/100|[from] item: Leftovers
|-damage|p1a: Primarina|0 fnt|[from] Salt Cure
|faint|p1a: Primarina
|upkeep
|-message|blisteringbigfoot forfeited.
|
|win|ljdarkrai_meme
|raw|blisteringbigfoot's rating: 1655 &rarr; <strong>1635</strong><br />(-20 for losing)
|raw|ljdarkrai_meme's rating: 1659 &rarr; <strong>1679</strong><br />(+20 for winning)
|l|☆blisteringbigfoot
|player|p1|
|l|☆ljdarkrai_meme
|player|p2|
|l| panda1234
