|j|☆LilacNebula
|j|☆fdsafsadgfdsaf
|t:|1758322014
|gametype|singles
|player|p1|LilacNebula|hilbert|1112
|player|p2|fdsafsadgfdsaf|iris|1146
|gen|9
|tier|[Gen 9] OU
|rated|
|rule|HP Percentage Mod: HP is shown in percentages
|rule|Endless Battle Clause: Forcing endless battles is banned
|rule|Species Clause: Limit one of each Pokémon
|rule|OHKO Clause: OHKO moves are banned
|rule|Evasion Items Clause: Evasion items are banned
|rule|Evasion Moves Clause: Evasion moves are banned
|rule|Evasion Abilities Clause: Evasion abilities are banned
|rule|Sleep Moves Clause: Sleep-inducing moves are banned
|clearpoke
|poke|p1|Brambleghast, F|
|poke|p1|Kleavor, M|
|poke|p1|Yanmega, M|
|poke|p1|Magnezone|
|poke|p1|Iron Moth|
|poke|p1|Whiscash, F|
|poke|p2|Meowscarada, F|
|poke|p2|Gardevoir, M|
|poke|p2|Cinderace, F|
|poke|p2|Vaporeon, F|
|poke|p2|Hydreigon, M|
|poke|p2|Alcremie-Salted-Cream, F|
|teampreview
|
|t:|1758322032
|teamsize|p1|6
|teamsize|p2|6
|start
|switch|p1a: Kleavor|Kleavor, M|100/100
|switch|p2a: Meowscarada|Meowscarada, F|100/100
|turn|1
|
|t:|1758322044
|move|p2a: Meowscarada|U-turn|p1a: Kleavor
|-start|p2a: Meowscarada|typechange|Bug|[from] ability: Protean
|-damage|p1a: Kleavor|62/100
|
|t:|1758322049
|switch|p2a: Vaporeon|Vaporeon, F|100/100|[from] U-turn
|move|p1a: Kleavor|Stone Axe|p2a: Vaporeon
|-damage|p2a: Vaporeon|47/100
|-sidestart|p2: fdsafsadgfdsaf|move: Stealth Rock
|
|-heal|p2a: Vaporeon|53/100|[from] item: Leftovers
|upkeep
|turn|2
|
|t:|1758322060
|move|p1a: Kleavor|Trailblaze|p2a: Vaporeon
|-supereffective|p2a: Vaporeon
|-damage|p2a: Vaporeon|10/100
|-boost|p1a: Kleavor|spe|1
|move|p2a: Vaporeon|Acid Armor|p2a: Vaporeon
|-boost|p2a: Vaporeon|def|2
|
|-heal|p2a: Vaporeon|17/100|[from] item: Leftovers
|upkeep
|turn|3
|
|t:|1758322070
|move|p1a: Kleavor|Trailblaze|p2a: Vaporeon
|-supereffective|p2a: Vaporeon
|-damage|p2a: Vaporeon|0 fnt
|-boost|p1a: Kleavor|spe|1
|faint|p2a: Vaporeon
|
|upkeep
|
|t:|1758322080
|switch|p2a: Alcremie|Alcremie-Salted-Cream, F|100/100
|-damage|p2a: Alcremie|88/100|[from] Stealth Rock
|turn|4
|
|t:|1758322093
|move|p1a: Kleavor|Stone Axe|p2a: Alcremie
|-damage|p2a: Alcremie|40/100
|move|p2a: Alcremie|Acid Armor|p2a: Alcremie
|-boost|p2a: Alcremie|def|2
|
|-heal|p2a: Alcremie|46/100|[from] item: Leftovers
|upkeep
|turn|5
|
|t:|1758322106
|-terastallize|p2a: Alcremie|Steel
|move|p1a: Kleavor|Stone Axe|p2a: Alcremie
|-resisted|p2a: Alcremie
|-damage|p2a: Alcremie|35/100
|move|p2a: Alcremie|Acid Armor|p2a: Alcremie
|-boost|p2a: Alcremie|def|2
|
|-heal|p2a: Alcremie|41/100|[from] item: Leftovers
|upkeep
|turn|6
|
|t:|1758322126
|switch|p1a: Iron Moth|Iron Moth|100/100
|-enditem|p1a: Iron Moth|Booster Energy
|-activate|p1a: Iron Moth|ability: Quark Drive|[fromitem]
|-start|p1a: Iron Moth|quarkdrivespe
|move|p2a: Alcremie|Draining Kiss|p1a: Iron Moth
|-resisted|p1a: Iron Moth
|-damage|p1a: Iron Moth|96/100
|-heal|p2a: Alcremie|44/100|[from] drain|[of] p1a: Iron Moth
|
|-heal|p2a: Alcremie|50/100|[from] item: Leftovers
|upkeep
|turn|7
|
|t:|1758322137
|move|p1a: Iron Moth|Fiery Dance|p2a: Alcremie
|-supereffective|p2a: Alcremie
|-damage|p2a: Alcremie|0 fnt
|-boost|p1a: Iron Moth|spa|1
|faint|p2a: Alcremie
|
|upkeep
|
|t:|1758322148
|switch|p2a: Gardevoir|Gardevoir, M|100/100
|-damage|p2a: Gardevoir|88/100|[from] Stealth Rock
|turn|8
|
|t:|1758322153
|move|p1a: Iron Moth|Sludge Wave|p2a: Gardevoir
|-supereffective|p2a: Gardevoir
|-damage|p2a: Gardevoir|0 fnt
|faint|p2a: Gardevoir
|
|upkeep
|
|t:|1758322161
|switch|p2a: Hydreigon|Hydreigon, M|100/100
|-damage|p2a: Hydreigon|88/100|[from] Stealth Rock
|turn|9
|
|t:|1758322169
|move|p1a: Iron Moth|Dazzling Gleam|p2a: Hydreigon
|-supereffective|p2a: Hydreigon
|-damage|p2a: Hydreigon|0 fnt
|faint|p2a: Hydreigon
|
|upkeep
|
|t:|1758322173
|switch|p2a: Meowscarada|Meowscarada, F|100/100
|-damage|p2a: Meowscarada|88/100|[from] Stealth Rock
|turn|10
|
|t:|1758322180
|move|p1a: Iron Moth|Fiery Dance|p2a: Meowscarada
|-supereffective|p2a: Meowscarada
|-damage|p2a: Meowscarada|0 fnt
|-boost|p1a: Iron Moth|spa|1
|faint|p2a: Meowscarada
|
|upkeep
|
|t:|1758322186
|switch|p2a: Cinderace|Cinderace, F|100/100
|-damage|p2a: Cinderace|76/100|[from] Stealth Rock
|turn|11
|
|t:|1758322195
|move|p1a: Iron Moth|Fiery Dance|p2a: Cinderace
|-resisted|p2a: Cinderace
|-damage|p2a: Cinderace|22/100
|-boost|p1a: Iron Moth|spa|1
|move|p2a: Cinderace|Swords Dance|p2a: Cinderace
|-start|p2a: Cinderace|typechange|Normal|[from] ability: Libero
|-boost|p2a: Cinderace|atk|2
|
|upkeep
|turn|12
|
|t:|1758322206
|move|p2a: Cinderace|Sucker Punch|p1a: Iron Moth
|-damage|p1a: Iron Moth|6/100
|-damage|p2a: Cinderace|12/100|[from] item: Life Orb
|move|p1a: Iron Moth|Fiery Dance|p2a: Cinderace
|-damage|p2a: Cinderace|0 fnt
|faint|p2a: Cinderace
|
|win|LilacNebula
|raw|LilacNebula's rating: 1112 &rarr; <strong>1139</strong><br />(+27 for winning)
|raw|fdsafsadgfdsaf's rating: 1146 &rarr; <strong>1119</strong><br />(-27 for losing)
|l|☆fdsafsadgfdsaf
|player|p2|
|l|☆LilacNebula
|player|p1|
