|j|☆Eevee Bake Oven
|j|☆Sigmaurus
|t:|1758292109
|gametype|singles
|player|p1|Eevee Bake Oven|265|1353
|player|p2|Sigmaurus|rosa|1322
|gen|9
|tier|[Gen 9] OU
|rated|
|rule|HP Percentage Mod: HP is shown in percentages
|rule|Endless Battle Clause: Forcing endless battles is banned
|rule|Species Clause: Limit one of each Pokémon
|rule|OHKO Clause: OHKO moves are banned
|rule|Evasion Items Clause: Evasion items are banned
|rule|Evasion Moves Clause: Evasion moves are banned
|rule|Evasion Abilities Clause: Evasion abilities are banned
|rule|Sleep Moves Clause: Sleep-inducing moves are banned
|clearpoke
|poke|p1|Mimikyu, F|
|poke|p1|Hoopa-Unbound|
|poke|p1|Iron Hands|
|poke|p1|Ursaluna, F|
|poke|p1|Hatterene, F|
|poke|p1|Indeedee, M|
|poke|p2|Weavile, F|
|poke|p2|Thundurus-Therian, M|
|poke|p2|Cobalion|
|poke|p2|Araquanid, F|
|poke|p2|Chandelure, M|
|poke|p2|Hoopa-Unbound|
|teampreview
|
|t:|1758292122
|teamsize|p1|6
|teamsize|p2|6
|start
|switch|p1a: Subaru|Indeedee, M, shiny|100/100
|switch|p2a: Araquanid|Araquanid, F|100/100
|-fieldstart|move: Psychic Terrain|[from] ability: Psychic Surge|[of] p1a: Subaru
|turn|1
|
|t:|1758292130
|move|p2a: Araquanid|Liquidation|p1a: Subaru
|-damage|p1a: Subaru|29/100
|move|p1a: Subaru|Trick Room|p1a: Subaru
|-fieldstart|move: Trick Room|[of] p1a: Subaru
|
|upkeep
|turn|2
|
|t:|1758292145
|switch|p1a: Satella|Hatterene, F, shiny|100/100
|move|p2a: Araquanid|Liquidation|p1a: Satella
|-damage|p1a: Satella|34/100
|-unboost|p1a: Satella|def|1
|
|upkeep
|turn|3
|
|t:|1758292154
|move|p1a: Satella|Expanding Force|p2a: Araquanid
|-damage|p2a: Araquanid|9/100
|-damage|p1a: Satella|24/100|[from] item: Life Orb
|move|p2a: Araquanid|Liquidation|p1a: Satella
|-damage|p1a: Satella|0 fnt
|faint|p1a: Satella
|
|-heal|p2a: Araquanid|15/100|[from] item: Leftovers
|upkeep
|
|t:|1758292160
|switch|p1a: King Von|Hoopa-Unbound|100/100
|-enditem|p1a: King Von|Psychic Seed
|-boost|p1a: King Von|spd|1|[from] item: Psychic Seed
|turn|4
|
|t:|1758292166
|move|p2a: Araquanid|Endeavor|p1a: King Von
|-damage|p1a: King Von|14/100
|move|p1a: King Von|Expanding Force|p2a: Araquanid
|-damage|p2a: Araquanid|0 fnt
|faint|p2a: Araquanid
|-item|p1a: King Von|Leftovers|[from] ability: Magician|[of] p2: Araquanid
|
|-heal|p1a: King Von|20/100|[from] item: Leftovers
|upkeep
|
|t:|1758292175
|switch|p2a: Weavile|Weavile, F|100/100
|-ability|p2a: Weavile|Pressure
|turn|5
|
|t:|1758292180
|move|p2a: Weavile|Ice Shard|p1a: King Von
|-activate|p1a: King Von|move: Psychic Terrain
|move|p1a: King Von|Focus Blast|p2a: Weavile|[miss]
|-miss|p1a: King Von|p2a: Weavile
|
|-heal|p1a: King Von|26/100|[from] item: Leftovers
|-fieldend|move: Trick Room
|upkeep
|turn|6
|
|t:|1758292190
|move|p2a: Weavile|Knock Off|p1a: King Von
|-damage|p1a: King Von|0 fnt
|-enditem|p1a: King Von|Leftovers|[from] move: Knock Off|[of] p2a: Weavile
|faint|p1a: King Von
|-damage|p2a: Weavile|91/100|[from] item: Life Orb
|
|upkeep
|
|t:|1758292193
|switch|p1a: LEBRON|Iron Hands|100/100
|-enditem|p1a: LEBRON|Booster Energy
|-activate|p1a: LEBRON|ability: Quark Drive|[fromitem]
|-start|p1a: LEBRON|quarkdriveatk
|turn|7
|
|t:|1758292198
|switch|p2a: Thundurus|Thundurus-Therian, M|100/100
|move|p1a: LEBRON|Heavy Slam|p2a: Thundurus
|-resisted|p2a: Thundurus
|-damage|p2a: Thundurus|61/100
|
|upkeep
|turn|8
|
|t:|1758292206
|move|p2a: Thundurus|Focus Blast|p1a: LEBRON|[miss]
|-miss|p2a: Thundurus|p1a: LEBRON
|move|p1a: LEBRON|Ice Punch|p2a: Thundurus
|-supereffective|p2a: Thundurus
|-damage|p2a: Thundurus|0 fnt
|faint|p2a: Thundurus
|
|-fieldend|move: Psychic Terrain
|upkeep
|
|t:|1758292213
|switch|p2a: Hoopa|Hoopa-Unbound|100/100
|turn|9
|
|t:|1758292218
|move|p2a: Hoopa|Psychic Noise|p1a: LEBRON
|-supereffective|p1a: LEBRON
|-damage|p1a: LEBRON|26/100
|-start|p1a: LEBRON|move: Heal Block
|move|p1a: LEBRON|Close Combat|p2a: Hoopa
|-damage|p2a: Hoopa|0 fnt
|-unboost|p1a: LEBRON|def|1
|-unboost|p1a: LEBRON|spd|1
|faint|p2a: Hoopa
|
|upkeep
|
|t:|1758292231
|switch|p2a: Chandelure|Chandelure, M|100/100
|turn|10
|
|t:|1758292243
|-end|p1a: LEBRON|Quark Drive|[silent]
|switch|p1a: Subaru|Indeedee, M, shiny|29/100
|-fieldstart|move: Psychic Terrain|[from] ability: Psychic Surge|[of] p1a: Subaru
|move|p2a: Chandelure|Heat Wave|p1a: Subaru
|-damage|p1a: Subaru|0 fnt
|faint|p1a: Subaru
|
|upkeep
|
|t:|1758292254
|switch|p1a: Mimikyu|Mimikyu, F|100/100
|turn|11
|
|t:|1758292258
|-terastallize|p2a: Chandelure|Grass
|move|p2a: Chandelure|Shadow Ball|p1a: Mimikyu
|-activate|p1a: Mimikyu|ability: Disguise
|-damage|p1a: Mimikyu|100/100
|detailschange|p1a: Mimikyu|Mimikyu-Busted, F
|-damage|p1a: Mimikyu|88/100|[from] pokemon: Mimikyu-Busted
|-enditem|p1a: Mimikyu|Red Card|[of] p2a: Chandelure
|drag|p2a: Weavile|Weavile, F|91/100
|-ability|p2a: Weavile|Pressure
|move|p1a: Mimikyu|Trick Room|p1a: Mimikyu
|-fieldstart|move: Trick Room|[of] p1a: Mimikyu
|
|upkeep
|turn|12
|
|t:|1758292275
|switch|p1a: LEBRON|Iron Hands|26/100
|switch|p2a: Cobalion|Cobalion|100/100
|-item|p2a: Cobalion|Air Balloon
|
|upkeep
|turn|13
|
|t:|1758292286
|switch|p2a: Chandelure|Chandelure, M, tera:Grass|100/100
|move|p1a: LEBRON|Close Combat|p2a: Chandelure
|-damage|p2a: Chandelure|2/100
|-unboost|p1a: LEBRON|def|1
|-unboost|p1a: LEBRON|spd|1
|
|upkeep
|turn|14
|
|t:|1758292297
|move|p1a: LEBRON|Close Combat|p2a: Chandelure
|-damage|p2a: Chandelure|0 fnt
|-unboost|p1a: LEBRON|def|1
|-unboost|p1a: LEBRON|spd|1
|faint|p2a: Chandelure
|
|upkeep
|
|t:|1758292300
|switch|p2a: Weavile|Weavile, F|91/100
|-ability|p2a: Weavile|Pressure
|turn|15
|
|t:|1758292311
|switch|p2a: Cobalion|Cobalion|100/100
|-item|p2a: Cobalion|Air Balloon
|move|p1a: LEBRON|Close Combat|p2a: Cobalion
|-supereffective|p2a: Cobalion
|-damage|p2a: Cobalion|27/100
|-unboost|p1a: LEBRON|def|1
|-unboost|p1a: LEBRON|spd|1
|-enditem|p2a: Cobalion|Air Balloon
|
|-fieldend|move: Trick Room
|upkeep
|turn|16
|
|t:|1758292319
|move|p2a: Cobalion|Volt Switch|p1a: LEBRON
|-resisted|p1a: LEBRON
|-damage|p1a: LEBRON|12/100
|
|t:|1758292322
|switch|p2a: Weavile|Weavile, F|91/100|[from] Volt Switch
|-ability|p2a: Weavile|Pressure
|move|p1a: LEBRON|Close Combat|p2a: Weavile
|-supereffective|p2a: Weavile
|-crit|p2a: Weavile
|-damage|p2a: Weavile|0 fnt
|-unboost|p1a: LEBRON|def|1
|-unboost|p1a: LEBRON|spd|1
|faint|p2a: Weavile
|
|upkeep
|
|t:|1758292324
|switch|p2a: Cobalion|Cobalion|27/100
|turn|17
|
|t:|1758292326
|move|p2a: Cobalion|Body Press|p1a: LEBRON
|-damage|p1a: LEBRON|0 fnt
|faint|p1a: LEBRON
|-end|p1a: LEBRON|Quark Drive|[silent]
|
|-fieldend|move: Psychic Terrain
|upkeep
|
|t:|1758292335
|switch|p1a: Mimikyu|Mimikyu-Busted, F|88/100
|turn|18
|
|t:|1758292340
|-terastallize|p1a: Mimikyu|Ghost
|move|p2a: Cobalion|Volt Switch|p1a: Mimikyu
|-damage|p1a: Mimikyu|75/100
|move|p1a: Mimikyu|Trick Room|p1a: Mimikyu
|-fieldstart|move: Trick Room|[of] p1a: Mimikyu
|
|upkeep
|turn|19
|
|t:|1758292349
|move|p1a: Mimikyu|Destiny Bond|p1a: Mimikyu
|-singlemove|p1a: Mimikyu|Destiny Bond
|move|p2a: Cobalion|Volt Switch|p1a: Mimikyu
|-damage|p1a: Mimikyu|60/100
|
|upkeep
|turn|20
|-message|Sigmaurus forfeited.
|
|win|Eevee Bake Oven
|raw|Eevee Bake Oven's rating: 1353 &rarr; <strong>1371</strong><br />(+18 for winning)
|raw|Sigmaurus's rating: 1322 &rarr; <strong>1304</strong><br />(-18 for losing)
|l|☆Sigmaurus
|player|p2|
|l|☆Eevee Bake Oven
|player|p1|
