|j|☆thegreatestnone
|j|☆ubgg
|t:|1758321920
|gametype|singles
|player|p1|thegreatestnone|170|1343
|player|p2|ubgg|2|1395
|gen|9
|tier|[Gen 9] OU
|rated|
|rule|HP Percentage Mod: HP is shown in percentages
|rule|Endless Battle Clause: Forcing endless battles is banned
|rule|Species Clause: Limit one of each Pokémon
|rule|OHKO Clause: OHKO moves are banned
|rule|Evasion Items Clause: Evasion items are banned
|rule|Evasion Moves Clause: Evasion moves are banned
|rule|Evasion Abilities Clause: Evasion abilities are banned
|rule|Sleep Moves Clause: Sleep-inducing moves are banned
|clearpoke
|poke|p1|Garganacl, M|
|poke|p1|Ting-Lu|
|poke|p1|Skeledirge, F|
|poke|p1|Gholdengo|
|poke|p1|Weezing-Galar, M|
|poke|p1|Slowking, F|
|poke|p2|Blaziken, F|
|poke|p2|Darkrai|
|poke|p2|Slowking-Galar, M|
|poke|p2|Iron Treads|
|poke|p2|Landorus-Therian, M|
|poke|p2|Ogerpon-Wellspring, F|
|teampreview
|inactive|Battle timer is ON: inactive players will automatically lose when time's up. (requested by ubgg)
|
|t:|1758321938
|teamsize|p1|6
|teamsize|p2|6
|start
|switch|p1a: Weezing|Weezing-Galar, M|100/100
|switch|p2a: Landorus|Landorus-Therian, M|100/100
|-ability|p2a: Landorus|Intimidate|boost
|-unboost|p1a: Weezing|atk|1
|turn|1
|
|t:|1758321946
|move|p2a: Landorus|Taunt|p1a: Weezing
|-start|p1a: Weezing|move: Taunt
|cant|p1a: Weezing|move: Taunt|Will-O-Wisp
|
|upkeep
|turn|2
|
|t:|1758321959
|move|p2a: Landorus|Stealth Rock|p1a: Weezing
|-sidestart|p1: thegreatestnone|move: Stealth Rock
|move|p1a: Weezing|Gunk Shot|p2a: Landorus
|-resisted|p2a: Landorus
|-damage|p2a: Landorus|89/100
|
|upkeep
|turn|3
|
|t:|1758321976
|move|p2a: Landorus|U-turn|p1a: Weezing
|-resisted|p1a: Weezing
|-damage|p1a: Weezing|97/100
|
|t:|1758321979
|switch|p2a: Slowking|Slowking-Galar, M|100/100|[from] U-turn
|move|p1a: Weezing|Gunk Shot|p2a: Slowking
|-resisted|p2a: Slowking
|-damage|p2a: Slowking|92/100
|
|-heal|p1a: Weezing|100/100|[from] item: Leftovers
|-end|p1a: Weezing|move: Taunt
|upkeep
|turn|4
|
|t:|1758321990
|move|p1a: Weezing|Defog|p2a: Slowking
|-unboost|p2a: Slowking|evasion|1
|-sideend|p1: thegreatestnone|Stealth Rock|[from] move: Defog|[of] p1a: Weezing
|move|p2a: Slowking|Ice Beam|p1a: Weezing
|-damage|p1a: Weezing|68/100
|
|-heal|p1a: Weezing|74/100|[from] item: Leftovers
|upkeep
|turn|5
|
|t:|1758321996
|switch|p1a: Gholdengo|Gholdengo|100/100
|-prepare|p2a: Slowking|Chilly Reception|[premajor]
|move|p2a: Slowking|Chilly Reception|p2a: Slowking
|-weather|Snowscape
|
|t:|1758322001
|switch|p2a: Iron Treads|Iron Treads|100/100|[from] Chilly Reception
|
|-weather|Snowscape|[upkeep]
|upkeep
|turn|6
|
|t:|1758322008
|switch|p1a: Slowking|Slowking, F|100/100
|move|p2a: Iron Treads|Knock Off|p1a: Slowking
|-supereffective|p1a: Slowking
|-damage|p1a: Slowking|26/100
|-enditem|p1a: Slowking|Heavy-Duty Boots|[from] move: Knock Off|[of] p2a: Iron Treads
|
|-weather|Snowscape|[upkeep]
|upkeep
|turn|7
|
|t:|1758322016
|switch|p1a: Weezing|Weezing-Galar, M|74/100
|move|p2a: Iron Treads|Knock Off|p1a: Weezing
|-resisted|p1a: Weezing
|-damage|p1a: Weezing|63/100
|-enditem|p1a: Weezing|Leftovers|[from] move: Knock Off|[of] p2a: Iron Treads
|
|-weather|Snowscape|[upkeep]
|upkeep
|turn|8
|
|t:|1758322021
|-end|p2a: Iron Treads|Quark Drive|[silent]
|switch|p2a: Slowking|Slowking-Galar, M|100/100
|move|p1a: Weezing|Will-O-Wisp|p2a: Slowking
|-status|p2a: Slowking|brn
|
|-weather|Snowscape|[upkeep]
|-damage|p2a: Slowking|94/100 brn|[from] brn
|upkeep
|turn|9
|inactive|thegreatestnone has 120 seconds left.
|
|t:|1758322062
|switch|p1a: Slowking|Slowking, F|59/100
|move|p2a: Slowking|Flamethrower|p1a: Slowking
|-resisted|p1a: Slowking
|-damage|p1a: Slowking|53/100
|
|-weather|none
|-damage|p2a: Slowking|88/100 brn|[from] brn
|upkeep
|turn|10
|
|t:|1758322067
|-prepare|p1a: Slowking|Chilly Reception|[premajor]
|move|p1a: Slowking|Chilly Reception|p1a: Slowking
|-weather|Snowscape
|inactive|thegreatestnone has 120 seconds left.
|
|t:|1758322075
|switch|p1a: Gholdengo|Gholdengo|100/100|[from] Chilly Reception
|move|p2a: Slowking|Sludge Bomb|p1a: Gholdengo
|-immune|p1a: Gholdengo
|
|-weather|Snowscape|[upkeep]
|-damage|p2a: Slowking|82/100 brn|[from] brn
|upkeep
|turn|11
|
|t:|1758322081
|switch|p2a: Iron Treads|Iron Treads|100/100
|move|p1a: Gholdengo|Shadow Ball|p2a: Iron Treads
|-damage|p2a: Iron Treads|57/100
|
|-weather|Snowscape|[upkeep]
|upkeep
|turn|12
|
|t:|1758322096
|switch|p1a: Weezing|Weezing-Galar, M|63/100
|move|p2a: Iron Treads|Knock Off|p1a: Weezing
|-resisted|p1a: Weezing
|-damage|p1a: Weezing|57/100
|
|-weather|Snowscape|[upkeep]
|upkeep
|turn|13
|
|t:|1758322101
|-end|p2a: Iron Treads|Quark Drive|[silent]
|switch|p2a: Slowking|Slowking-Galar, M|100/100 brn
|move|p1a: Weezing|Will-O-Wisp|p2a: Slowking
|-fail|p2a: Slowking|brn
|
|-weather|Snowscape|[upkeep]
|-damage|p2a: Slowking|94/100 brn|[from] brn
|upkeep
|turn|14
|
|t:|1758322105
|switch|p1a: Gholdengo|Gholdengo|100/100
|-prepare|p2a: Slowking|Chilly Reception|[premajor]
|move|p2a: Slowking|Chilly Reception|p2a: Slowking
|
|t:|1758322109
|switch|p2a: Blaziken|Blaziken, F|100/100|[from] Chilly Reception
|
|-weather|none
|upkeep
|turn|15
|
|t:|1758322118
|switch|p1a: Skeledirge|Skeledirge, F|100/100
|move|p2a: Blaziken|Flare Blitz|p1a: Skeledirge
|-resisted|p1a: Skeledirge
|-damage|p1a: Skeledirge|80/100
|-damage|p2a: Blaziken|92/100|[from] Recoil
|
|-heal|p2a: Blaziken|98/100|[from] item: Leftovers
|-ability|p2a: Blaziken|Speed Boost|boost
|-boost|p2a: Blaziken|spe|1
|upkeep
|turn|16
|
|t:|1758322134
|switch|p2a: Ogerpon|Ogerpon-Wellspring, F|100/100
|move|p1a: Skeledirge|Hex|p2a: Ogerpon
|-damage|p2a: Ogerpon|74/100
|
|upkeep
|turn|17
|
|t:|1758322139
|-terastallize|p1a: Skeledirge|Water
|move|p2a: Ogerpon|Encore|p1a: Skeledirge
|-start|p1a: Skeledirge|Encore
|move|p1a: Skeledirge|Hex|p2a: Ogerpon
|-damage|p2a: Ogerpon|42/100
|
|upkeep
|turn|18
|
|t:|1758322147
|switch|p1a: Weezing|Weezing-Galar, M|57/100
|move|p2a: Ogerpon|Power Whip|p1a: Weezing|[miss]
|-miss|p2a: Ogerpon|p1a: Weezing
|
|upkeep
|turn|19
|
|t:|1758322159
|switch|p2a: Slowking|Slowking-Galar, M|100/100 brn
|move|p1a: Weezing|Pain Split|p2a: Slowking
|-sethp|p2a: Slowking|74/100 brn|[from] move: Pain Split|[silent]
|-sethp|p1a: Weezing|87/100|[from] move: Pain Split
|
|-damage|p2a: Slowking|68/100 brn|[from] brn
|upkeep
|turn|20
|
|t:|1758322166
|switch|p1a: Gholdengo|Gholdengo|100/100
|-prepare|p2a: Slowking|Chilly Reception|[premajor]
|move|p2a: Slowking|Chilly Reception|p2a: Slowking
|-weather|Snowscape
|
|t:|1758322170
|switch|p2a: Blaziken|Blaziken, F|98/100|[from] Chilly Reception
|
|-weather|Snowscape|[upkeep]
|-heal|p2a: Blaziken|100/100|[from] item: Leftovers
|upkeep
|turn|21
|
|t:|1758322175
|switch|p1a: Weezing|Weezing-Galar, M|87/100
|move|p2a: Blaziken|Flare Blitz|p1a: Weezing
|-damage|p1a: Weezing|43/100
|-damage|p2a: Blaziken|86/100|[from] Recoil
|
|-weather|Snowscape|[upkeep]
|-heal|p2a: Blaziken|92/100|[from] item: Leftovers
|-ability|p2a: Blaziken|Speed Boost|boost
|-boost|p2a: Blaziken|spe|1
|upkeep
|turn|22
|
|t:|1758322193
|switch|p1a: Skeledirge|Skeledirge, F, tera:Water|80/100
|move|p2a: Blaziken|Flare Blitz|p1a: Skeledirge
|-resisted|p1a: Skeledirge
|-damage|p1a: Skeledirge|63/100
|-damage|p2a: Blaziken|84/100|[from] Recoil
|
|-weather|Snowscape|[upkeep]
|-heal|p2a: Blaziken|90/100|[from] item: Leftovers
|-ability|p2a: Blaziken|Speed Boost|boost
|-boost|p2a: Blaziken|spe|1
|upkeep
|turn|23
|
|t:|1758322201
|move|p2a: Blaziken|Close Combat|p1a: Skeledirge
|-damage|p1a: Skeledirge|22/100
|-unboost|p2a: Blaziken|def|1
|-unboost|p2a: Blaziken|spd|1
|move|p1a: Skeledirge|Slack Off|p1a: Skeledirge
|-heal|p1a: Skeledirge|72/100
|
|-weather|Snowscape|[upkeep]
|-heal|p2a: Blaziken|97/100|[from] item: Leftovers
|-ability|p2a: Blaziken|Speed Boost|boost
|-boost|p2a: Blaziken|spe|1
|upkeep
|turn|24
|
|t:|1758322217
|switch|p2a: Darkrai|Darkrai|100/100
|move|p1a: Skeledirge|Slack Off|p1a: Skeledirge
|-heal|p1a: Skeledirge|100/100
|
|-weather|none
|upkeep
|turn|25
|
|t:|1758322221
|switch|p1a: Ting-Lu|Ting-Lu|100/100
|-ability|p1a: Ting-Lu|Vessel of Ruin
|move|p2a: Darkrai|Trick|p1a: Ting-Lu
|-activate|p2a: Darkrai|move: Trick|[of] p1a: Ting-Lu
|-item|p1a: Ting-Lu|Choice Scarf|[from] move: Trick
|-item|p2a: Darkrai|Leftovers|[from] move: Trick
|
|upkeep
|turn|26
|
|t:|1758322243
|move|p2a: Darkrai|Will-O-Wisp|p1a: Ting-Lu
|-status|p1a: Ting-Lu|brn
|move|p1a: Ting-Lu|Earthquake|p2a: Darkrai
|-damage|p2a: Darkrai|76/100
|
|-heal|p2a: Darkrai|82/100|[from] item: Leftovers
|-damage|p1a: Ting-Lu|94/100 brn|[from] brn
|upkeep
|turn|27
|
|t:|1758322253
|move|p2a: Darkrai|Ice Beam|p1a: Ting-Lu
|-supereffective|p1a: Ting-Lu
|-damage|p1a: Ting-Lu|69/100 brn
|move|p1a: Ting-Lu|Earthquake|p2a: Darkrai
|-damage|p2a: Darkrai|59/100
|
|-heal|p2a: Darkrai|65/100|[from] item: Leftovers
|-damage|p1a: Ting-Lu|62/100 brn|[from] brn
|upkeep
|turn|28
|
|t:|1758322261
|switch|p2a: Landorus|Landorus-Therian, M|89/100
|-ability|p2a: Landorus|Intimidate|boost
|-unboost|p1a: Ting-Lu|atk|1
|move|p1a: Ting-Lu|Earthquake|p2a: Landorus
|-immune|p2a: Landorus
|
|-damage|p1a: Ting-Lu|56/100 brn|[from] brn
|upkeep
|turn|29
|
|t:|1758322266
|switch|p1a: Weezing|Weezing-Galar, M|43/100
|move|p2a: Landorus|U-turn|p1a: Weezing
|-resisted|p1a: Weezing
|-damage|p1a: Weezing|40/100
|
|t:|1758322269
|switch|p2a: Blaziken|Blaziken, F|97/100|[from] U-turn
|
|-heal|p2a: Blaziken|100/100|[from] item: Leftovers
|upkeep
|turn|30
|
|t:|1758322281
|switch|p1a: Skeledirge|Skeledirge, F, tera:Water|100/100
|move|p2a: Blaziken|Close Combat|p1a: Skeledirge
|-damage|p1a: Skeledirge|63/100
|-unboost|p2a: Blaziken|def|1
|-unboost|p2a: Blaziken|spd|1
|
|-ability|p2a: Blaziken|Speed Boost|boost
|-boost|p2a: Blaziken|spe|1
|upkeep
|turn|31
|
|t:|1758322311
|move|p2a: Blaziken|Close Combat|p1a: Skeledirge
|-damage|p1a: Skeledirge|23/100
|-unboost|p2a: Blaziken|def|1
|-unboost|p2a: Blaziken|spd|1
|move|p1a: Skeledirge|Hex|p2a: Blaziken
|-damage|p2a: Blaziken|65/100
|
|-heal|p2a: Blaziken|71/100|[from] item: Leftovers
|-ability|p2a: Blaziken|Speed Boost|boost
|-boost|p2a: Blaziken|spe|1
|upkeep
|turn|32
|
|t:|1758322323
|move|p2a: Blaziken|Close Combat|p1a: Skeledirge
|-damage|p1a: Skeledirge|0 fnt
|-unboost|p2a: Blaziken|def|1
|-unboost|p2a: Blaziken|spd|1
|faint|p1a: Skeledirge
|
|-heal|p2a: Blaziken|77/100|[from] item: Leftovers
|-ability|p2a: Blaziken|Speed Boost|boost
|-boost|p2a: Blaziken|spe|1
|upkeep
|
|t:|1758322330
|switch|p1a: Slowking|Slowking, F|86/100
|turn|33
|
|t:|1758322335
|switch|p2a: Slowking|Slowking-Galar, M|100/100 brn
|-prepare|p1a: Slowking|Chilly Reception|[premajor]
|move|p1a: Slowking|Chilly Reception|p1a: Slowking
|-weather|Snowscape
|
|t:|1758322339
|switch|p1a: Gholdengo|Gholdengo|100/100|[from] Chilly Reception
|
|-weather|Snowscape|[upkeep]
|-damage|p2a: Slowking|94/100 brn|[from] brn
|upkeep
|turn|34
|
|t:|1758322351
|-terastallize|p2a: Slowking|Grass
|move|p1a: Gholdengo|Shadow Ball|p2a: Slowking
|-damage|p2a: Slowking|59/100 brn
|-unboost|p2a: Slowking|spd|1
|move|p2a: Slowking|Flamethrower|p1a: Gholdengo
|-supereffective|p1a: Gholdengo
|-crit|p1a: Gholdengo
|-damage|p1a: Gholdengo|20/100
|
|-weather|Snowscape|[upkeep]
|-damage|p2a: Slowking|53/100 brn|[from] brn
|upkeep
|turn|35
|inactive|thegreatestnone has 120 seconds left.
|inactive|ubgg has 120 seconds left.
|
|t:|1758322399
|switch|p2a: Darkrai|Darkrai|65/100
|move|p1a: Gholdengo|Shadow Ball|p2a: Darkrai
|-resisted|p2a: Darkrai
|-damage|p2a: Darkrai|36/100
|
|-weather|Snowscape|[upkeep]
|-heal|p2a: Darkrai|42/100|[from] item: Leftovers
|upkeep
|turn|36
|
|t:|1758322409
|switch|p1a: Ting-Lu|Ting-Lu|56/100 brn
|-ability|p1a: Ting-Lu|Vessel of Ruin
|move|p2a: Darkrai|Ice Beam|p1a: Ting-Lu
|-supereffective|p1a: Ting-Lu
|-damage|p1a: Ting-Lu|28/100 brn
|
|-weather|Snowscape|[upkeep]
|-heal|p2a: Darkrai|48/100|[from] item: Leftovers
|-damage|p1a: Ting-Lu|22/100 brn|[from] brn
|upkeep
|turn|37
|inactive|thegreatestnone has 120 seconds left.
|inactive|ubgg has 120 seconds left.
|
|t:|1758322424
|move|p2a: Darkrai|Ice Beam|p1a: Ting-Lu
|-supereffective|p1a: Ting-Lu
|-damage|p1a: Ting-Lu|0 fnt
|faint|p1a: Ting-Lu
|
|-weather|none
|-heal|p2a: Darkrai|54/100|[from] item: Leftovers
|upkeep
|
|t:|1758322429
|switch|p1a: Garganacl|Garganacl, M, shiny|100/100
|turn|38
|
|t:|1758322438
|switch|p2a: Iron Treads|Iron Treads|57/100
|move|p1a: Garganacl|Curse|p1a: Garganacl
|-unboost|p1a: Garganacl|spe|1
|-boost|p1a: Garganacl|atk|1
|-boost|p1a: Garganacl|def|1
|
|upkeep
|turn|39
|
|t:|1758322448
|move|p2a: Iron Treads|Knock Off|p1a: Garganacl
|-damage|p1a: Garganacl|88/100
|-enditem|p1a: Garganacl|Leftovers|[from] move: Knock Off|[of] p2a: Iron Treads
|move|p1a: Garganacl|Curse|p1a: Garganacl
|-unboost|p1a: Garganacl|spe|1
|-boost|p1a: Garganacl|atk|1
|-boost|p1a: Garganacl|def|1
|
|upkeep
|turn|40
|
|t:|1758322456
|-end|p2a: Iron Treads|Quark Drive|[silent]
|switch|p2a: Ogerpon|Ogerpon-Wellspring, F|42/100
|move|p1a: Garganacl|Curse|p1a: Garganacl
|-unboost|p1a: Garganacl|spe|1
|-boost|p1a: Garganacl|atk|1
|-boost|p1a: Garganacl|def|1
|
|upkeep
|turn|41
|
|t:|1758322458
|move|p2a: Ogerpon|Encore|p1a: Garganacl
|-start|p1a: Garganacl|Encore
|move|p1a: Garganacl|Curse|p1a: Garganacl
|-unboost|p1a: Garganacl|spe|1
|-boost|p1a: Garganacl|atk|1
|-boost|p1a: Garganacl|def|1
|
|upkeep
|turn|42
|
|t:|1758322461
|switch|p1a: Gholdengo|Gholdengo|20/100
|move|p2a: Ogerpon|Swords Dance|p2a: Ogerpon
|-boost|p2a: Ogerpon|atk|2
|
|upkeep
|turn|43
|
|t:|1758322470
|move|p1a: Gholdengo|Shadow Ball|p2a: Ogerpon
|-damage|p2a: Ogerpon|0 fnt
|faint|p2a: Ogerpon
|
|upkeep
|
|t:|1758322477
|switch|p2a: Darkrai|Darkrai|54/100
|turn|44
|
|t:|1758322481
|switch|p1a: Weezing|Weezing-Galar, M|40/100
|move|p2a: Darkrai|Dark Pulse|p1a: Weezing
|-resisted|p1a: Weezing
|-damage|p1a: Weezing|12/100
|
|-heal|p2a: Darkrai|60/100|[from] item: Leftovers
|upkeep
|turn|45
|
|t:|1758322485
|move|p2a: Darkrai|Dark Pulse|p1a: Weezing
|-resisted|p1a: Weezing
|-damage|p1a: Weezing|0 fnt
|faint|p1a: Weezing
|
|-heal|p2a: Darkrai|66/100|[from] item: Leftovers
|upkeep
|
|t:|1758322488
|switch|p1a: Garganacl|Garganacl, M, shiny|88/100
|turn|46
|
|t:|1758322495
|switch|p2a: Landorus|Landorus-Therian, M|89/100
|-ability|p2a: Landorus|Intimidate|boost
|-unboost|p1a: Garganacl|atk|1
|move|p1a: Garganacl|Curse|p1a: Garganacl
|-unboost|p1a: Garganacl|spe|1
|-boost|p1a: Garganacl|atk|1
|-boost|p1a: Garganacl|def|1
|
|upkeep
|turn|47
|
|t:|1758322497
|move|p2a: Landorus|Taunt|p1a: Garganacl
|-start|p1a: Garganacl|move: Taunt
|cant|p1a: Garganacl|move: Taunt|Recover
|
|upkeep
|turn|48
|
|t:|1758322500
|move|p2a: Landorus|Earthquake|p1a: Garganacl
|-supereffective|p1a: Garganacl
|-damage|p1a: Garganacl|49/100
|move|p1a: Garganacl|Salt Cure|p2a: Landorus
|-damage|p2a: Landorus|71/100
|-start|p2a: Landorus|Salt Cure
|
|-damage|p2a: Landorus|59/100|[from] Salt Cure
|upkeep
|turn|49
|
|t:|1758322510
|switch|p1a: Slowking|Slowking, F|100/100
|move|p2a: Landorus|Earthquake|p1a: Slowking
|-damage|p1a: Slowking|48/100
|
|-damage|p2a: Landorus|47/100|[from] Salt Cure
|upkeep
|turn|50
|
|t:|1758322517
|move|p2a: Landorus|U-turn|p1a: Slowking
|-supereffective|p1a: Slowking
|-damage|p1a: Slowking|5/100
|
|t:|1758322522
|switch|p2a: Slowking|Slowking-Galar, M, tera:Grass|86/100 brn|[from] U-turn
|move|p1a: Slowking|Scald|p2a: Slowking
|-resisted|p2a: Slowking
|-damage|p2a: Slowking|75/100 brn
|
|-damage|p2a: Slowking|69/100 brn|[from] brn
|upkeep
|turn|51
|
|t:|1758322526
|move|p1a: Slowking|Slack Off|p1a: Slowking
|-heal|p1a: Slowking|55/100
|-prepare|p2a: Slowking|Chilly Reception|[premajor]
|move|p2a: Slowking|Chilly Reception|p2a: Slowking
|-weather|Snowscape
|
|t:|1758322533
|switch|p2a: Darkrai|Darkrai|66/100|[from] Chilly Reception
|
|-weather|Snowscape|[upkeep]
|-heal|p2a: Darkrai|72/100|[from] item: Leftovers
|upkeep
|turn|52
|
|t:|1758322537
|move|p2a: Darkrai|Dark Pulse|p1a: Slowking
|-supereffective|p1a: Slowking
|-damage|p1a: Slowking|5/100
|move|p1a: Slowking|Scald|p2a: Darkrai
|-damage|p2a: Darkrai|35/100
|
|-weather|Snowscape|[upkeep]
|-heal|p2a: Darkrai|41/100|[from] item: Leftovers
|upkeep
|turn|53
|
|t:|1758322545
|move|p2a: Darkrai|Dark Pulse|p1a: Slowking
|-supereffective|p1a: Slowking
|-damage|p1a: Slowking|0 fnt
|faint|p1a: Slowking
|
|-weather|Snowscape|[upkeep]
|-heal|p2a: Darkrai|47/100|[from] item: Leftovers
|upkeep
|
|t:|1758322547
|switch|p1a: Gholdengo|Gholdengo|20/100
|turn|54
|
|t:|1758322551
|switch|p2a: Slowking|Slowking-Galar, M, tera:Grass|100/100 brn
|move|p1a: Gholdengo|Make It Rain|p2a: Slowking
|-damage|p2a: Slowking|52/100 brn
|-unboost|p1a: Gholdengo|spa|1
|
|-weather|Snowscape|[upkeep]
|-damage|p2a: Slowking|46/100 brn|[from] brn
|upkeep
|turn|55
|
|t:|1758322553
|switch|p1a: Garganacl|Garganacl, M, shiny|49/100
|-prepare|p2a: Slowking|Chilly Reception|[premajor]
|move|p2a: Slowking|Chilly Reception|p2a: Slowking
|
|t:|1758322561
|switch|p2a: Iron Treads|Iron Treads|57/100|[from] Chilly Reception
|
|-weather|none
|upkeep
|turn|56
|
|t:|1758322584
|move|p2a: Iron Treads|Earthquake|p1a: Garganacl
|-supereffective|p1a: Garganacl
|-damage|p1a: Garganacl|0 fnt
|faint|p1a: Garganacl
|
|upkeep
|
|t:|1758322588
|switch|p1a: Gholdengo|Gholdengo|20/100
|turn|57
|
|t:|1758322592
|move|p1a: Gholdengo|Shadow Ball|p2a: Iron Treads
|-damage|p2a: Iron Treads|14/100
|-unboost|p2a: Iron Treads|spd|1
|move|p2a: Iron Treads|Earthquake|p1a: Gholdengo
|-supereffective|p1a: Gholdengo
|-damage|p1a: Gholdengo|0 fnt
|faint|p1a: Gholdengo
|
|win|ubgg
|raw|thegreatestnone's rating: 1343 &rarr; <strong>1326</strong><br />(-17 for losing)
|raw|ubgg's rating: 1395 &rarr; <strong>1412</strong><br />(+17 for winning)
|l|☆thegreatestnone
|player|p1|
