|j|☆diceing
|j|☆esteb4n
|inactive|Battle timer is ON: inactive players will automatically lose when time's up.
|t:|1758358457
|gametype|singles
|player|p1|diceing|juan|
|player|p2|esteb4n|#scl5platoon2|
|gen|9
|tier|[Gen 9] OU
|rated|Tournament battle
|rule|HP Percentage Mod: HP is shown in percentages
|rule|Endless Battle Clause: Forcing endless battles is banned
|rule|Species Clause: Limit one of each Pokémon
|rule|OHKO Clause: OHKO moves are banned
|rule|Evasion Items Clause: Evasion items are banned
|rule|Evasion Moves Clause: Evasion moves are banned
|rule|Evasion Abilities Clause: Evasion abilities are banned
|rule|Sleep Moves Clause: Sleep-inducing moves are banned
|clearpoke
|poke|p1|Deoxys-Speed|
|poke|p1|Dragonite, F|
|poke|p1|Darkrai|
|poke|p1|Iron Moth|
|poke|p1|Scizor, F|
|poke|p1|Great Tusk|
|poke|p2|Darkrai|
|poke|p2|Slowking-Galar, M|
|poke|p2|Ogerpon-Wellspring, F|
|poke|p2|Dragonite, F|
|poke|p2|Moltres|
|poke|p2|Great Tusk|
|teampreview
|j|*Lady Monita ☀
|inactive|diceing also wants the timer to be on.
|c|☆diceing|Nice av
|c|☆diceing|Hf
|c|☆esteb4n|ty
|c|☆esteb4n|hf
|inactive|diceing has 120 seconds left.
|inactive|esteb4n has 120 seconds left.
|inactive|diceing has 90 seconds left.
|inactive|esteb4n has 90 seconds left.
|
|t:|1758358519
|teamsize|p1|6
|teamsize|p2|6
|start
|switch|p1a: Deoxys|Deoxys-Speed|100/100
|switch|p2a: Slowking|Slowking-Galar, M|100/100
|-ability|p1a: Deoxys|Pressure
|turn|1
|
|t:|1758358528
|move|p1a: Deoxys|Taunt|p2a: Slowking
|-start|p2a: Slowking|move: Taunt
|move|p2a: Slowking|Sludge Bomb|p1a: Deoxys
|-damage|p1a: Deoxys|60/100
|
|upkeep
|turn|2
|
|t:|1758358537
|move|p1a: Deoxys|Stealth Rock|p2a: Slowking
|-sidestart|p2: esteb4n|move: Stealth Rock
|move|p2a: Slowking|Future Sight|p1a: Deoxys
|-start|p2a: Slowking|move: Future Sight
|
|upkeep
|turn|3
|
|t:|1758358542
|move|p1a: Deoxys|Psycho Boost|p2a: Slowking
|-damage|p2a: Slowking|55/100
|-unboost|p1a: Deoxys|spa|2
|move|p2a: Slowking|Sludge Bomb|p1a: Deoxys
|-damage|p1a: Deoxys|19/100
|
|-end|p2a: Slowking|move: Taunt
|upkeep
|turn|4
|
|t:|1758358554
|move|p1a: Deoxys|Psycho Boost|p2a: Slowking
|-damage|p2a: Slowking|32/100
|-unboost|p1a: Deoxys|spa|2
|move|p2a: Slowking|Sludge Bomb|p1a: Deoxys
|-damage|p1a: Deoxys|0 fnt
|faint|p1a: Deoxys
|
|-hint|Future Sight did not hit because the target is fainted.
|upkeep
|inactive|diceing has 120 seconds left.
|
|t:|1758358580
|switch|p1a: Darkrai|Darkrai|100/100
|turn|5
|
|t:|1758358592
|switch|p2a: Darkrai|Darkrai|100/100
|-damage|p2a: Darkrai|88/100|[from] Stealth Rock
|move|p1a: Darkrai|Ice Beam|p2a: Darkrai
|-damage|p2a: Darkrai|35/100
|-damage|p1a: Darkrai|91/100|[from] item: Life Orb
|
|upkeep
|turn|6
|inactive|diceing has 120 seconds left.
|
|t:|1758358623
|switch|p1a: Iron Moth|Iron Moth|100/100
|-enditem|p1a: Iron Moth|Booster Energy
|-activate|p1a: Iron Moth|ability: Quark Drive|[fromitem]
|-start|p1a: Iron Moth|quarkdrivespe
|move|p2a: Darkrai|Focus Blast|p1a: Iron Moth
|-resisted|p1a: Iron Moth
|-damage|p1a: Iron Moth|67/100
|
|upkeep
|turn|7
|l|☆diceing
|inactive|diceing disconnected and has a minute to reconnect!
|player|p1|
|j|☆diceing
|inactive|diceing reconnected and has 95 seconds left.
|player|p1|diceing|juan|
|inactive|diceing has 90 seconds left.
|
|t:|1758358657
|switch|p2a: Moltres|Moltres|100/100
|-ability|p2a: Moltres|Pressure
|move|p1a: Iron Moth|Fiery Dance|p2a: Moltres
|-resisted|p2a: Moltres
|-damage|p2a: Moltres|86/100
|
|upkeep
|turn|8
|inactive|diceing has 90 seconds left.
|
|t:|1758358674
|move|p1a: Iron Moth|Fiery Dance|p2a: Moltres
|-resisted|p2a: Moltres
|-damage|p2a: Moltres|71/100
|-boost|p1a: Iron Moth|spa|1
|move|p2a: Moltres|Roost|p2a: Moltres
|-heal|p2a: Moltres|100/100
|-singleturn|p2a: Moltres|move: Roost
|
|upkeep
|turn|9
|
|t:|1758358683
|move|p1a: Iron Moth|Sludge Wave|p2a: Moltres
|-damage|p2a: Moltres|47/100
|move|p2a: Moltres|Roar|p1a: Iron Moth
|-end|p1a: Iron Moth|Quark Drive|[silent]
|drag|p1a: Darkrai|Darkrai|91/100
|
|upkeep
|turn|10
|inactive|diceing has 90 seconds left.
|
|t:|1758358701
|move|p1a: Darkrai|Dark Pulse|p2a: Moltres
|-damage|p2a: Moltres|2/100
|-damage|p1a: Darkrai|81/100|[from] item: Life Orb
|move|p2a: Moltres|Roost|p2a: Moltres
|-heal|p2a: Moltres|52/100
|-singleturn|p2a: Moltres|move: Roost
|
|upkeep
|turn|11
|
|t:|1758358723
|move|p1a: Darkrai|Dark Pulse|p2a: Moltres
|-damage|p2a: Moltres|9/100
|-damage|p1a: Darkrai|71/100|[from] item: Life Orb
|cant|p2a: Moltres|flinch
|
|upkeep
|turn|12
|
|t:|1758358730
|move|p1a: Darkrai|Dark Pulse|p2a: Moltres
|-damage|p2a: Moltres|0 fnt
|faint|p2a: Moltres
|-damage|p1a: Darkrai|61/100|[from] item: Life Orb
|
|upkeep
|inactive|esteb4n has 120 seconds left.
|c|☆diceing|Hmm
|c|☆diceing|I saw your name before
|
|t:|1758358772
|switch|p2a: Darkrai|Darkrai|35/100
|-damage|p2a: Darkrai|23/100|[from] Stealth Rock
|turn|13
|
|t:|1758358780
|move|p1a: Darkrai|Sucker Punch|p2a: Darkrai
|-resisted|p2a: Darkrai
|-damage|p2a: Darkrai|2/100
|-damage|p1a: Darkrai|51/100|[from] item: Life Orb
|move|p2a: Darkrai|Dark Pulse|p1a: Darkrai
|-resisted|p1a: Darkrai
|-damage|p1a: Darkrai|5/100
|
|upkeep
|turn|14
|inactive|diceing has 90 seconds left.
|
|t:|1758358789
|move|p1a: Darkrai|Sucker Punch|p2a: Darkrai
|-resisted|p2a: Darkrai
|-crit|p2a: Darkrai
|-damage|p2a: Darkrai|0 fnt
|faint|p2a: Darkrai
|-damage|p1a: Darkrai|0 fnt|[from] item: Life Orb
|faint|p1a: Darkrai
|
|upkeep
|inactive|diceing has 90 seconds left.
|
|t:|1758358810
|switch|p1a: Scizor|Scizor, F|100/100
|switch|p2a: Great Tusk|Great Tusk|100/100
|turn|15
|
|t:|1758358829
|move|p2a: Great Tusk|Rapid Spin|p1a: Scizor
|-resisted|p1a: Scizor
|-damage|p1a: Scizor|91/100
|-boost|p2a: Great Tusk|spe|1
|-sideend|p2: esteb4n|Stealth Rock|[from] move: Rapid Spin|[of] p2a: Great Tusk
|move|p1a: Scizor|U-turn|p2a: Great Tusk
|-resisted|p2a: Great Tusk
|-damage|p2a: Great Tusk|80/100
|inactive|diceing has 60 seconds left.
|
|t:|1758358847
|switch|p1a: Great Tusk|Great Tusk|100/100|[from] U-turn
|-enditem|p1a: Great Tusk|Booster Energy
|-activate|p1a: Great Tusk|ability: Protosynthesis|[fromitem]
|-start|p1a: Great Tusk|protosynthesisspe
|
|upkeep
|turn|16
|
|t:|1758358857
|move|p2a: Great Tusk|Ice Spinner|p1a: Great Tusk
|-supereffective|p1a: Great Tusk
|-damage|p1a: Great Tusk|67/100
|move|p1a: Great Tusk|Bulk Up|p1a: Great Tusk
|-boost|p1a: Great Tusk|atk|1
|-boost|p1a: Great Tusk|def|1
|
|upkeep
|turn|17
|
|t:|1758358870
|move|p2a: Great Tusk|Ice Spinner|p1a: Great Tusk
|-supereffective|p1a: Great Tusk
|-damage|p1a: Great Tusk|44/100
|move|p1a: Great Tusk|Ice Spinner|p2a: Great Tusk
|-supereffective|p2a: Great Tusk
|-damage|p2a: Great Tusk|27/100
|
|upkeep
|turn|18
|
|t:|1758358876
|-terastallize|p2a: Great Tusk|Ice
|move|p2a: Great Tusk|Ice Spinner|p1a: Great Tusk
|-supereffective|p1a: Great Tusk
|-damage|p1a: Great Tusk|9/100
|move|p1a: Great Tusk|Ice Spinner|p2a: Great Tusk
|-resisted|p2a: Great Tusk
|-damage|p2a: Great Tusk|13/100
|
|upkeep
|turn|19
|inactive|diceing has 90 seconds left.
|
|t:|1758358887
|move|p1a: Great Tusk|Rapid Spin|p2a: Great Tusk
|-damage|p2a: Great Tusk|0 fnt
|-boost|p1a: Great Tusk|spe|1
|faint|p2a: Great Tusk
|-end|p2a: Great Tusk|Protosynthesis|[silent]
|
|upkeep
|
|t:|1758358890
|switch|p2a: Dragonite|Dragonite, F|100/100
|turn|20
|
|t:|1758358896
|move|p2a: Dragonite|Extreme Speed|p1a: Great Tusk
|-damage|p1a: Great Tusk|0 fnt
|faint|p1a: Great Tusk
|-end|p1a: Great Tusk|Protosynthesis|[silent]
|
|upkeep
|inactive|diceing has 90 seconds left.
|
|t:|1758358909
|switch|p1a: Dragonite|Dragonite, F|100/100
|turn|21
|inactive|diceing has 90 seconds left.
|
|t:|1758358925
|-terastallize|p1a: Dragonite|Ghost
|move|p2a: Dragonite|Dragon Dance|p2a: Dragonite
|-boost|p2a: Dragonite|atk|1
|-boost|p2a: Dragonite|spe|1
|move|p1a: Dragonite|Encore|p2a: Dragonite
|-start|p2a: Dragonite|Encore
|
|upkeep
|turn|22
|
|t:|1758358934
|switch|p2a: Ogerpon|Ogerpon-Wellspring, F|100/100
|move|p1a: Dragonite|Dragon Dance|p1a: Dragonite
|-boost|p1a: Dragonite|atk|1
|-boost|p1a: Dragonite|spe|1
|
|upkeep
|turn|23
|inactive|diceing has 90 seconds left.
|j| Albrtix
|
|t:|1758358957
|move|p1a: Dragonite|Dragon Dance|p1a: Dragonite
|-boost|p1a: Dragonite|atk|1
|-boost|p1a: Dragonite|spe|1
|move|p2a: Ogerpon|Knock Off|p1a: Dragonite
|-supereffective|p1a: Dragonite
|-damage|p1a: Dragonite|60/100
|-enditem|p1a: Dragonite|Spell Tag|[from] move: Knock Off|[of] p2a: Ogerpon
|
|upkeep
|turn|24
|inactive|diceing has 90 seconds left.
|
|t:|1758358964
|move|p1a: Dragonite|Tera Blast|p2a: Ogerpon|[anim] Tera Blast Ghost
|-damage|p2a: Ogerpon|0 fnt
|faint|p2a: Ogerpon
|
|upkeep
|
|t:|1758358968
|switch|p2a: Dragonite|Dragonite, F|100/100
|turn|25
|
|t:|1758358972
|move|p1a: Dragonite|Tera Blast|p2a: Dragonite|[anim] Tera Blast Ghost
|-damage|p2a: Dragonite|50/100
|move|p2a: Dragonite|Earthquake|p1a: Dragonite
|-damage|p1a: Dragonite|20/100
|
|upkeep
|turn|26
|
|t:|1758358978
|move|p1a: Dragonite|Tera Blast|p2a: Dragonite|[anim] Tera Blast Ghost
|-crit|p2a: Dragonite
|-damage|p2a: Dragonite|0 fnt
|faint|p2a: Dragonite
|
|upkeep
|
|t:|1758358981
|switch|p2a: Slowking|Slowking-Galar, M|65/100
|turn|27
|inactive|diceing has 120 seconds left.
|
|t:|1758358987
|move|p1a: Dragonite|Tera Blast|p2a: Slowking|[anim] Tera Blast Ghost
|-supereffective|p2a: Slowking
|-damage|p2a: Slowking|0 fnt
|faint|p2a: Slowking
|
|win|diceing
|n|☆esteb4n|esteb4n
|n|*Lady Monita ☀|ladymonita
|n|☆diceing|diceing
|n| Albrtix|albrtix
|l|*Lady Monita ☀
|c|☆diceing|Gg
|c|☆esteb4n|gg
|l|☆diceing
|player|p1|
