|j|☆mathdragon
|j|☆ChiefSosa14
|t:|1758349364
|gametype|singles
|player|p1|mathdragon|lady-gen4|1187
|player|p2|ChiefSosa14|169|1143
|gen|9
|tier|[Gen 9] OU
|rated|
|rule|HP Percentage Mod: HP is shown in percentages
|rule|Endless Battle Clause: Forcing endless battles is banned
|rule|Species Clause: Limit one of each Pokémon
|rule|OHKO Clause: OHKO moves are banned
|rule|Evasion Items Clause: Evasion items are banned
|rule|Evasion Moves Clause: Evasion moves are banned
|rule|Evasion Abilities Clause: Evasion abilities are banned
|rule|Sleep Moves Clause: Sleep-inducing moves are banned
|clearpoke
|poke|p1|Dragapult, F|
|poke|p1|Tinkaton, F|
|poke|p1|Glimmora, F|
|poke|p1|Hatterene, F|
|poke|p1|Blissey, F|
|poke|p1|Exeggutor, M|
|poke|p2|Krookodile, M|
|poke|p2|Gyarados, F|
|poke|p2|Malamar, M|
|poke|p2|Primarina, F|
|poke|p2|Torterra, M|
|poke|p2|Eelektross, F|
|teampreview
|
|t:|1758349367
|teamsize|p1|6
|teamsize|p2|6
|start
|switch|p1a: Dragapult|Dragapult, F|100/100
|switch|p2a: Eelektross|Eelektross, F|100/100
|turn|1
|inactive|Battle timer is ON: inactive players will automatically lose when time's up. (requested by mathdragon)
|
|t:|1758349375
|move|p1a: Dragapult|U-turn|p2a: Eelektross
|-damage|p2a: Eelektross|74/100
|
|t:|1758349385
|switch|p1a: Glimmora|Glimmora, F|100/100|[from] U-turn
|move|p2a: Eelektross|Acrobatics|p1a: Glimmora
|-resisted|p1a: Glimmora
|-damage|p1a: Glimmora|79/100
|-activate|p1a: Glimmora|ability: Toxic Debris
|-sidestart|p2: ChiefSosa14|move: Toxic Spikes
|
|upkeep
|turn|2
|
|t:|1758349401
|move|p1a: Glimmora|Power Gem|p2a: Eelektross
|-damage|p2a: Eelektross|25/100
|move|p2a: Eelektross|Acrobatics|p1a: Glimmora
|-resisted|p1a: Glimmora
|-damage|p1a: Glimmora|56/100
|-activate|p1a: Glimmora|ability: Toxic Debris
|-sidestart|p2: ChiefSosa14|move: Toxic Spikes
|
|upkeep
|turn|3
|
|t:|1758349416
|move|p1a: Glimmora|Stealth Rock|p2a: Eelektross
|-sidestart|p2: ChiefSosa14|move: Stealth Rock
|move|p2a: Eelektross|Thunderbolt|p1a: Glimmora
|-damage|p1a: Glimmora|7/100
|
|upkeep
|turn|4
|
|t:|1758349421
|move|p1a: Glimmora|Power Gem|p2a: Eelektross
|-damage|p2a: Eelektross|0 fnt
|faint|p2a: Eelektross
|
|upkeep
|
|t:|1758349435
|switch|p2a: Torterra|Torterra, M|100/100
|-status|p2a: Torterra|tox
|-damage|p2a: Torterra|94/100 tox|[from] Stealth Rock
|turn|5
|
|t:|1758349441
|switch|p1a: Hatterene|Hatterene, F|100/100
|move|p2a: Torterra|Grass Knot|p1a: Hatterene
|-damage|p1a: Hatterene|95/100
|
|-heal|p1a: Hatterene|100/100|[from] item: Leftovers
|-damage|p2a: Torterra|88/100 tox|[from] psn
|upkeep
|turn|6
|
|t:|1758349460
|move|p2a: Torterra|Leech Seed|p1a: Hatterene
|move|p1a: Hatterene|Leech Seed|p2a: Torterra|[from] ability: Magic Bounce
|-immune|p2a: Torterra
|move|p1a: Hatterene|Draining Kiss|p2a: Torterra
|-damage|p2a: Torterra|67/100 tox
|
|-damage|p2a: Torterra|55/100 tox|[from] psn
|upkeep
|turn|7
|
|t:|1758349477
|move|p2a: Torterra|Earthquake|p1a: Hatterene
|-damage|p1a: Hatterene|72/100
|move|p1a: Hatterene|Draining Kiss|p2a: Torterra
|-damage|p2a: Torterra|34/100 tox
|-heal|p1a: Hatterene|91/100|[from] drain|[of] p2a: Torterra
|
|-heal|p1a: Hatterene|97/100|[from] item: Leftovers
|-damage|p2a: Torterra|16/100 tox|[from] psn
|upkeep
|turn|8
|
|t:|1758349496
|move|p2a: Torterra|Grass Knot|p1a: Hatterene
|-damage|p1a: Hatterene|92/100
|move|p1a: Hatterene|Draining Kiss|p2a: Torterra
|-damage|p2a: Torterra|0 fnt
|-heal|p1a: Hatterene|100/100|[from] drain|[of] p2a: Torterra
|faint|p2a: Torterra
|
|upkeep
|inactive|ChiefSosa14 has 120 seconds left.
|
|t:|1758349518
|switch|p2a: Primarina|Primarina, F|100/100
|-status|p2a: Primarina|tox
|-damage|p2a: Primarina|88/100 tox|[from] Stealth Rock
|turn|9
|
|t:|1758349546
|move|p2a: Primarina|Moonblast|p1a: Hatterene
|-crit|p1a: Hatterene
|-damage|p1a: Hatterene|18/100
|move|p1a: Hatterene|Nuzzle|p2a: Primarina
|-supereffective|p2a: Primarina
|-damage|p2a: Primarina|79/100 tox
|
|-heal|p1a: Hatterene|24/100|[from] item: Leftovers
|-damage|p2a: Primarina|73/100 tox|[from] psn
|upkeep
|turn|10
|inactive|ChiefSosa14 has 120 seconds left.
|
|t:|1758349557
|switch|p1a: Tinkaton|Tinkaton, F|100/100
|-item|p1a: Tinkaton|Air Balloon
|move|p2a: Primarina|Moonblast|p1a: Tinkaton
|-resisted|p1a: Tinkaton
|-damage|p1a: Tinkaton|79/100
|-unboost|p1a: Tinkaton|spa|1
|-enditem|p1a: Tinkaton|Air Balloon
|
|-damage|p2a: Primarina|61/100 tox|[from] psn
|upkeep
|turn|11
|inactive|ChiefSosa14 has 120 seconds left.
|
|t:|1758349584
|move|p1a: Tinkaton|Gigaton Hammer|p2a: Primarina
|-damage|p2a: Primarina|10/100 tox
|move|p2a: Primarina|Sparkling Aria|p1a: Tinkaton
|-damage|p1a: Tinkaton|11/100
|
|-damage|p2a: Primarina|0 fnt|[from] psn
|faint|p2a: Primarina
|upkeep
|
|t:|1758349597
|switch|p2a: Krookodile|Krookodile, M|100/100
|-status|p2a: Krookodile|tox
|-damage|p2a: Krookodile|94/100 tox|[from] Stealth Rock
|turn|12
|
|t:|1758349604
|switch|p1a: Glimmora|Glimmora, F|7/100
|move|p2a: Krookodile|Earthquake|p1a: Glimmora
|-supereffective|p1a: Glimmora
|-damage|p1a: Glimmora|0 fnt
|faint|p1a: Glimmora
|-ability|p2a: Krookodile|Moxie|boost
|-boost|p2a: Krookodile|atk|1
|
|-heal|p2a: Krookodile|100/100 tox|[from] item: Leftovers
|-damage|p2a: Krookodile|94/100 tox|[from] psn
|upkeep
|
|t:|1758349617
|switch|p1a: Dragapult|Dragapult, F|100/100
|turn|13
|inactive|ChiefSosa14 has 90 seconds left.
|
|t:|1758349648
|move|p1a: Dragapult|U-turn|p2a: Krookodile
|-supereffective|p2a: Krookodile
|-damage|p2a: Krookodile|36/100 tox
|
|t:|1758349652
|switch|p1a: Hatterene|Hatterene, F|24/100|[from] U-turn
|move|p2a: Krookodile|Outrage|p1a: Hatterene
|-immune|p1a: Hatterene
|
|-heal|p2a: Krookodile|42/100 tox|[from] item: Leftovers
|-heal|p1a: Hatterene|30/100|[from] item: Leftovers
|-damage|p2a: Krookodile|30/100 tox|[from] psn
|upkeep
|turn|14
|inactive|ChiefSosa14 has 90 seconds left.
|
|t:|1758349672
|move|p2a: Krookodile|Fire Fang|p1a: Hatterene
|-damage|p1a: Hatterene|5/100
|move|p1a: Hatterene|Draining Kiss|p2a: Krookodile
|-supereffective|p2a: Krookodile
|-damage|p2a: Krookodile|0 fnt
|-heal|p1a: Hatterene|28/100|[from] drain|[of] p2a: Krookodile
|faint|p2a: Krookodile
|
|-heal|p1a: Hatterene|34/100|[from] item: Leftovers
|upkeep
|
|t:|1758349683
|switch|p2a: Gyarados|Gyarados, F|100/100
|-damage|p2a: Gyarados|76/100|[from] Stealth Rock
|turn|15
|
|t:|1758349688
|switch|p1a: Exeggutor|Exeggutor, M|100/100
|move|p2a: Gyarados|Waterfall|p1a: Exeggutor
|-resisted|p1a: Exeggutor
|-damage|p1a: Exeggutor|82/100
|
|upkeep
|turn|16
|inactive|ChiefSosa14 has 90 seconds left.
|
|t:|1758349696
|move|p2a: Gyarados|Earthquake|p1a: Exeggutor
|-resisted|p1a: Exeggutor
|-damage|p1a: Exeggutor|67/100
|move|p1a: Exeggutor|Giga Drain|p2a: Gyarados
|-damage|p2a: Gyarados|44/100
|-heal|p1a: Exeggutor|80/100|[from] drain|[of] p2a: Gyarados
|
|upkeep
|turn|17
|
|t:|1758349704
|move|p2a: Gyarados|Ice Fang|p1a: Exeggutor
|-supereffective|p1a: Exeggutor
|-damage|p1a: Exeggutor|28/100
|-enditem|p1a: Exeggutor|Sitrus Berry|[eat]
|-heal|p1a: Exeggutor|53/100|[from] item: Sitrus Berry
|move|p1a: Exeggutor|Giga Drain|p2a: Gyarados
|-crit|p2a: Gyarados
|-damage|p2a: Gyarados|0 fnt
|-heal|p1a: Exeggutor|71/100|[from] drain|[of] p2a: Gyarados
|faint|p2a: Gyarados
|
|upkeep
|inactive|ChiefSosa14 has 90 seconds left.
|
|t:|1758349725
|switch|p2a: Malamar|Malamar, M|100/100
|-status|p2a: Malamar|tox
|-damage|p2a: Malamar|88/100 tox|[from] Stealth Rock
|turn|18
|
|t:|1758349733
|-terastallize|p1a: Exeggutor|Fighting
|move|p2a: Malamar|Night Slash|p1a: Exeggutor
|-resisted|p1a: Exeggutor
|-damage|p1a: Exeggutor|57/100
|move|p1a: Exeggutor|Tera Blast|p2a: Malamar|[anim] Tera Blast Fighting
|-damage|p2a: Malamar|52/100 tox
|
|-damage|p2a: Malamar|46/100 tox|[from] psn
|-item|p1a: Exeggutor|Sitrus Berry|[from] ability: Harvest
|upkeep
|turn|19
|inactive|ChiefSosa14 has 90 seconds left.
|
|t:|1758349745
|move|p2a: Malamar|Psycho Cut|p1a: Exeggutor
|-supereffective|p1a: Exeggutor
|-damage|p1a: Exeggutor|3/100
|-enditem|p1a: Exeggutor|Sitrus Berry|[eat]
|-heal|p1a: Exeggutor|27/100|[from] item: Sitrus Berry
|move|p1a: Exeggutor|Giga Drain|p2a: Malamar
|-damage|p2a: Malamar|12/100 tox
|-heal|p1a: Exeggutor|44/100|[from] drain|[of] p2a: Malamar
|
|-damage|p2a: Malamar|0 fnt|[from] psn
|faint|p2a: Malamar
|
|win|mathdragon
|raw|mathdragon's rating: 1187 &rarr; <strong>1209</strong><br />(+22 for winning)
|raw|ChiefSosa14's rating: 1143 &rarr; <strong>1121</strong><br />(-22 for losing)
|l|☆mathdragon
|player|p1|
|l|☆ChiefSosa14
|player|p2|
