|j|☆Papagayo34
|j|☆LordHelix600
|t:|1758303510
|gametype|singles
|player|p1|Papagayo34|youngster-gen4dp|1163
|player|p2|LordHelix600|ballguy|1147
|gen|9
|tier|[Gen 9] OU
|rated|
|rule|HP Percentage Mod: HP is shown in percentages
|rule|Endless Battle Clause: Forcing endless battles is banned
|rule|Species Clause: Limit one of each Pokémon
|rule|OHKO Clause: OHKO moves are banned
|rule|Evasion Items Clause: Evasion items are banned
|rule|Evasion Moves Clause: Evasion moves are banned
|rule|Evasion Abilities Clause: Evasion abilities are banned
|rule|Sleep Moves Clause: Sleep-inducing moves are banned
|clearpoke
|poke|p1|Dragapult, M|
|poke|p1|Slowbro, F|
|poke|p1|Samurott-Hisui, F|
|poke|p1|Gliscor, M|
|poke|p1|Great Tusk|
|poke|p1|Weezing-Galar, F|
|poke|p2|Swalot, M|
|poke|p2|Dodrio, M|
|poke|p2|Necrozma|
|poke|p2|Inteleon, M|
|poke|p2|Volcanion|
|poke|p2|Hydrapple, M|
|teampreview
|
|t:|1758303515
|teamsize|p1|6
|teamsize|p2|6
|start
|switch|p1a: Weezing|Weezing-Galar, F|100/100
|switch|p2a: Swalot|Swalot, M|100/100
|-ability|p1a: Weezing|Neutralizing Gas
|turn|1
|
|t:|1758303531
|move|p1a: Weezing|Flamethrower|p2a: Swalot
|-damage|p2a: Swalot|73/100
|move|p2a: Swalot|Stuff Cheeks|p2a: Swalot
|-boost|p2a: Swalot|def|2
|-enditem|p2a: Swalot|Starf Berry|[eat]
|-boost|p2a: Swalot|spe|2|[from] item: Starf Berry
|
|upkeep
|turn|2
|
|t:|1758303536
|-end|p1a: Weezing|ability: Neutralizing Gas
|switch|p1a: Samurott|Samurott-Hisui, F|100/100
|move|p2a: Swalot|Belch|p1a: Samurott
|-damage|p1a: Samurott|50/100
|
|upkeep
|turn|3
|
|t:|1758303541
|move|p1a: Samurott|Ceaseless Edge|p2a: Swalot
|-damage|p2a: Swalot|40/100
|-sidestart|p2: LordHelix600|Spikes
|-damage|p1a: Samurott|40/100|[from] item: Life Orb
|move|p2a: Swalot|Body Press|p1a: Samurott
|-supereffective|p1a: Samurott
|-damage|p1a: Samurott|0 fnt
|faint|p1a: Samurott
|
|upkeep
|
|t:|1758303568
|switch|p1a: Dragapult|Dragapult, M|100/100
|turn|4
|
|t:|1758303573
|move|p1a: Dragapult|Shadow Ball|p2a: Swalot
|-damage|p2a: Swalot|1/100
|move|p2a: Swalot|Belch|p1a: Dragapult
|-resisted|p1a: Dragapult
|-damage|p1a: Dragapult|77/100
|
|upkeep
|turn|5
|
|t:|1758303579
|move|p1a: Dragapult|Shadow Ball|p2a: Swalot
|-damage|p2a: Swalot|0 fnt
|faint|p2a: Swalot
|
|upkeep
|
|t:|1758303582
|switch|p2a: Dodrio|Dodrio, M|100/100
|turn|6
|
|t:|1758303596
|switch|p1a: Gliscor|Gliscor, M|100/100
|move|p2a: Dodrio|Knock Off|p1a: Gliscor
|-damage|p1a: Gliscor|73/100
|-enditem|p1a: Gliscor|Choice Scarf|[from] move: Knock Off|[of] p2a: Dodrio
|
|upkeep
|turn|7
|
|t:|1758303601
|move|p2a: Dodrio|Thrash|p1a: Gliscor
|-damage|p1a: Gliscor|17/100
|move|p1a: Gliscor|Stone Edge|p2a: Dodrio
|-supereffective|p2a: Dodrio
|-damage|p2a: Dodrio|0 fnt
|faint|p2a: Dodrio
|
|upkeep
|
|t:|1758303610
|switch|p2a: Inteleon|Inteleon, M|100/100
|-damage|p2a: Inteleon|88/100|[from] Spikes
|turn|8
|
|t:|1758303626
|move|p2a: Inteleon|Ice Beam|p1a: Gliscor
|-supereffective|p1a: Gliscor
|-damage|p1a: Gliscor|0 fnt
|faint|p1a: Gliscor
|
|upkeep
|
|t:|1758303635
|switch|p1a: Weezing|Weezing-Galar, F|100/100
|-ability|p1a: Weezing|Neutralizing Gas
|turn|9
|
|t:|1758303638
|move|p2a: Inteleon|Snipe Shot|p1a: Weezing
|-damage|p1a: Weezing|31/100
|move|p1a: Weezing|Sludge Wave|p2a: Inteleon
|-damage|p2a: Inteleon|0 fnt
|faint|p2a: Inteleon
|
|upkeep
|
|t:|1758303644
|switch|p2a: Necrozma|Necrozma|100/100
|-damage|p2a: Necrozma|88/100|[from] Spikes
|turn|10
|
|t:|1758303648
|move|p2a: Necrozma|Meteor Beam||[still]
|-prepare|p2a: Necrozma|Meteor Beam
|-boost|p2a: Necrozma|spa|1
|-enditem|p2a: Necrozma|Power Herb
|-anim|p2a: Necrozma|Meteor Beam|p1a: Weezing
|-damage|p1a: Weezing|0 fnt
|faint|p1a: Weezing
|-end|p1a: Weezing|ability: Neutralizing Gas
|
|upkeep
|
|t:|1758303651
|switch|p1a: Dragapult|Dragapult, M|77/100
|turn|11
|
|t:|1758303658
|-terastallize|p2a: Necrozma|Steel
|move|p1a: Dragapult|Shadow Ball|p2a: Necrozma
|-damage|p2a: Necrozma|21/100
|move|p2a: Necrozma|Photon Geyser|p1a: Dragapult
|-damage|p1a: Dragapult|0 fnt
|faint|p1a: Dragapult
|
|upkeep
|
|t:|1758303665
|switch|p1a: Great Tusk|Great Tusk|100/100
|-enditem|p1a: Great Tusk|Booster Energy
|-activate|p1a: Great Tusk|ability: Protosynthesis|[fromitem]
|-start|p1a: Great Tusk|protosynthesisatk
|turn|12
|
|t:|1758303670
|move|p2a: Necrozma|Photon Geyser|p1a: Great Tusk
|-supereffective|p1a: Great Tusk
|-damage|p1a: Great Tusk|0 fnt
|faint|p1a: Great Tusk
|-end|p1a: Great Tusk|Protosynthesis|[silent]
|
|upkeep
|-message|Papagayo34 forfeited.
|
|win|LordHelix600
|raw|Papagayo34's rating: 1180 &rarr; <strong>1153</strong><br />(-27 for losing)
|raw|LordHelix600's rating: 1147 &rarr; <strong>1174</strong><br />(+27 for winning)
|l|☆Papagayo34
|player|p1|
|l|☆LordHelix600
|player|p2|
