|j|☆youkedenglunie
|j|☆Wiiboidibo
|t:|1758342859
|gametype|singles
|player|p1|youkedenglunie|brock|1330
|player|p2|Wiiboidibo|169|1374
|gen|9
|tier|[Gen 9] OU
|rated|
|rule|HP Percentage Mod: HP is shown in percentages
|rule|Endless Battle Clause: Forcing endless battles is banned
|rule|Species Clause: Limit one of each Pokémon
|rule|OHKO Clause: OHKO moves are banned
|rule|Evasion Items Clause: Evasion items are banned
|rule|Evasion Moves Clause: Evasion moves are banned
|rule|Evasion Abilities Clause: Evasion abilities are banned
|rule|Sleep Moves Clause: Sleep-inducing moves are banned
|clearpoke
|poke|p1|Slowking-Galar, M|
|poke|p1|Corviknight, M|
|poke|p1|Great Tusk|
|poke|p1|Walking Wake|
|poke|p1|Iron Moth|
|poke|p1|Zamazenta-*|
|poke|p2|Iron Boulder|
|poke|p2|Glimmora, M|
|poke|p2|Hatterene, F|
|poke|p2|Kingambit, F|
|poke|p2|Iron Moth|
|poke|p2|Quaquaval, F|
|teampreview
|
|t:|1758342878
|teamsize|p1|6
|teamsize|p2|6
|start
|switch|p1a: Walking Wake|Walking Wake|100/100
|switch|p2a: Hatterene|Hatterene, F|100/100
|turn|1
|
|t:|1758342884
|move|p1a: Walking Wake|Flip Turn|p2a: Hatterene
|-damage|p2a: Hatterene|86/100
|
|t:|1758342888
|-end|p1a: Walking Wake|Protosynthesis|[silent]
|switch|p1a: Slowking|Slowking-Galar, M|100/100|[from] Flip Turn
|move|p2a: Hatterene|Draining Kiss|p1a: Slowking
|-resisted|p1a: Slowking
|-damage|p1a: Slowking|94/100
|-heal|p2a: Hatterene|92/100|[from] drain|[of] p1a: Slowking
|
|-heal|p2a: Hatterene|98/100|[from] item: Leftovers
|upkeep
|turn|2
|
|t:|1758342901
|switch|p2a: Glimmora|Glimmora, M|100/100
|-prepare|p1a: Slowking|Chilly Reception|[premajor]
|move|p1a: Slowking|Chilly Reception|p1a: Slowking
|-weather|Snowscape
|
|t:|1758342907
|switch|p1a: Walking Wake|Walking Wake|100/100|[from] Chilly Reception
|
|-weather|Snowscape|[upkeep]
|upkeep
|turn|3
|
|t:|1758342916
|move|p1a: Walking Wake|Hydro Steam|p2a: Glimmora
|-supereffective|p2a: Glimmora
|-enditem|p2a: Glimmora|Focus Sash
|-damage|p2a: Glimmora|1/100
|move|p2a: Glimmora|Stealth Rock|p1a: Walking Wake
|-sidestart|p1: youkedenglunie|move: Stealth Rock
|
|-weather|Snowscape|[upkeep]
|upkeep
|turn|4
|
|t:|1758342930
|move|p1a: Walking Wake|Hydro Steam|p2a: Glimmora
|-supereffective|p2a: Glimmora
|-damage|p2a: Glimmora|0 fnt
|faint|p2a: Glimmora
|
|-weather|Snowscape|[upkeep]
|upkeep
|
|t:|1758342937
|switch|p2a: Quaquaval|Quaquaval, F|100/100
|turn|5
|
|t:|1758342942
|move|p1a: Walking Wake|Draco Meteor|p2a: Quaquaval
|-damage|p2a: Quaquaval|3/100
|-unboost|p1a: Walking Wake|spa|2
|move|p2a: Quaquaval|Aqua Step|p1a: Walking Wake
|-resisted|p1a: Walking Wake
|-damage|p1a: Walking Wake|87/100
|-boost|p2a: Quaquaval|spe|1
|-damage|p2a: Quaquaval|0 fnt|[from] item: Life Orb
|faint|p2a: Quaquaval
|
|-weather|Snowscape|[upkeep]
|upkeep
|
|t:|1758342962
|switch|p2a: Iron Boulder|Iron Boulder|100/100
|-enditem|p2a: Iron Boulder|Booster Energy
|-activate|p2a: Iron Boulder|ability: Quark Drive|[fromitem]
|-start|p2a: Iron Boulder|quarkdrivespe
|turn|6
|
|t:|1758342968
|move|p2a: Iron Boulder|Swords Dance|p2a: Iron Boulder
|-boost|p2a: Iron Boulder|atk|2
|move|p1a: Walking Wake|Flip Turn|p2a: Iron Boulder
|-supereffective|p2a: Iron Boulder
|-damage|p2a: Iron Boulder|61/100
|
|t:|1758342985
|-end|p1a: Walking Wake|Protosynthesis|[silent]
|switch|p1a: Zamazenta|Zamazenta|100/100|[from] Flip Turn
|-damage|p1a: Zamazenta|94/100|[from] Stealth Rock
|-ability|p1a: Zamazenta|Dauntless Shield|boost
|-boost|p1a: Zamazenta|def|1
|
|-weather|none
|-heal|p1a: Zamazenta|100/100|[from] item: Leftovers
|upkeep
|turn|7
|
|t:|1758342994
|move|p2a: Iron Boulder|Zen Headbutt|p1a: Zamazenta
|-supereffective|p1a: Zamazenta
|-damage|p1a: Zamazenta|13/100
|move|p1a: Zamazenta|Iron Defense|p1a: Zamazenta
|-boost|p1a: Zamazenta|def|2
|
|-heal|p1a: Zamazenta|20/100|[from] item: Leftovers
|upkeep
|turn|8
|
|t:|1758343005
|move|p2a: Iron Boulder|Zen Headbutt|p1a: Zamazenta
|-supereffective|p1a: Zamazenta
|-damage|p1a: Zamazenta|0 fnt
|faint|p1a: Zamazenta
|
|upkeep
|
|t:|1758343011
|switch|p1a: Corviknight|Corviknight, M|100/100
|turn|9
|
|t:|1758343017
|move|p2a: Iron Boulder|Mighty Cleave|p1a: Corviknight
|-damage|p1a: Corviknight|48/100
|move|p1a: Corviknight|U-turn|p2a: Iron Boulder
|-supereffective|p2a: Iron Boulder
|-damage|p2a: Iron Boulder|23/100
|
|t:|1758343029
|switch|p1a: Great Tusk|Great Tusk|100/100|[from] U-turn
|
|upkeep
|turn|10
|
|t:|1758343036
|move|p2a: Iron Boulder|Zen Headbutt|p1a: Great Tusk
|-supereffective|p1a: Great Tusk
|-damage|p1a: Great Tusk|0 fnt
|faint|p1a: Great Tusk
|-end|p1a: Great Tusk|Protosynthesis|[silent]
|
|upkeep
|
|t:|1758343038
|switch|p1a: Walking Wake|Walking Wake|87/100
|-damage|p1a: Walking Wake|75/100|[from] Stealth Rock
|turn|11
|
|t:|1758343045
|-terastallize|p2a: Iron Boulder|Fighting
|move|p2a: Iron Boulder|Close Combat|p1a: Walking Wake
|-damage|p1a: Walking Wake|0 fnt
|-unboost|p2a: Iron Boulder|def|1
|-unboost|p2a: Iron Boulder|spd|1
|faint|p1a: Walking Wake
|-end|p1a: Walking Wake|Protosynthesis|[silent]
|
|upkeep
|
|t:|1758343072
|switch|p1a: Iron Moth|Iron Moth|100/100
|-damage|p1a: Iron Moth|76/100|[from] Stealth Rock
|-enditem|p1a: Iron Moth|Booster Energy
|-activate|p1a: Iron Moth|ability: Quark Drive|[fromitem]
|-start|p1a: Iron Moth|quarkdrivespe
|turn|12
|
|t:|1758343079
|move|p2a: Iron Boulder|Mighty Cleave|p1a: Iron Moth
|-supereffective|p1a: Iron Moth
|-crit|p1a: Iron Moth
|-damage|p1a: Iron Moth|0 fnt
|faint|p1a: Iron Moth
|-end|p1a: Iron Moth|Quark Drive|[silent]
|
|upkeep
|-message|youkedenglunie forfeited.
|
|win|Wiiboidibo
|raw|youkedenglunie's rating: 1330 &rarr; <strong>1313</strong><br />(-17 for losing)
|raw|Wiiboidibo's rating: 1374 &rarr; <strong>1391</strong><br />(+17 for winning)
|l|☆youkedenglunie
|player|p1|
|l|☆Wiiboidibo
|player|p2|
