|j|☆samothy
|j|☆CertifiedDumbass1
|t:|1758323654
|gametype|singles
|player|p1|samothy|1|1327
|player|p2|CertifiedDumbass1|hilbert-wonderlauncher|1378
|gen|9
|tier|[Gen 9] OU
|rated|
|rule|HP Percentage Mod: HP is shown in percentages
|rule|Endless Battle Clause: Forcing endless battles is banned
|rule|Species Clause: Limit one of each Pokémon
|rule|OHKO Clause: OHKO moves are banned
|rule|Evasion Items Clause: Evasion items are banned
|rule|Evasion Moves Clause: Evasion moves are banned
|rule|Evasion Abilities Clause: Evasion abilities are banned
|rule|Sleep Moves Clause: Sleep-inducing moves are banned
|clearpoke
|poke|p1|Lokix, F|
|poke|p1|Iron Crown|
|poke|p1|Gliscor, M|
|poke|p1|Garganacl, M|
|poke|p1|Pecharunt|
|poke|p1|Cinderace, M|
|poke|p2|Ogerpon-Wellspring, F|
|poke|p2|Arcanine-Hisui, F|
|poke|p2|Ninetales-Alola, F|
|poke|p2|Okidogi, M|
|poke|p2|Necrozma|
|poke|p2|Hitmontop, M|
|teampreview
|inactive|Battle timer is ON: inactive players will automatically lose when time's up. (requested by samothy)
|inactive|CertifiedDumbass1 has 120 seconds left.
|
|t:|1758323686
|teamsize|p1|6
|teamsize|p2|6
|start
|switch|p1a: Cinderace|Cinderace, M|100/100
|switch|p2a: Okidogi|Okidogi, M|100/100
|turn|1
|
|t:|1758323692
|move|p1a: Cinderace|Will-O-Wisp|p2a: Okidogi
|-status|p2a: Okidogi|brn
|move|p2a: Okidogi|Knock Off|p1a: Cinderace
|-damage|p1a: Cinderace|74/100
|-enditem|p1a: Cinderace|Heavy-Duty Boots|[from] move: Knock Off|[of] p2a: Okidogi
|
|-damage|p2a: Okidogi|94/100 brn|[from] brn
|upkeep
|turn|2
|
|t:|1758323701
|move|p1a: Cinderace|Pyro Ball|p2a: Okidogi
|-damage|p2a: Okidogi|45/100 brn
|move|p2a: Okidogi|Gunk Shot|p1a: Cinderace
|-damage|p1a: Cinderace|22/100
|
|-damage|p2a: Okidogi|39/100 brn|[from] brn
|upkeep
|turn|3
|
|t:|1758323708
|switch|p2a: Arcanine|Arcanine-Hisui, F|100/100
|move|p1a: Cinderace|Pyro Ball|p2a: Arcanine|[miss]
|-miss|p1a: Cinderace|p2a: Arcanine
|
|upkeep
|turn|4
|
|t:|1758323725
|switch|p1a: Pecharunt|Pecharunt|100/100
|move|p2a: Arcanine|Head Smash|p1a: Pecharunt
|-damage|p1a: Pecharunt|67/100
|
|upkeep
|turn|5
|
|t:|1758323735
|switch|p2a: Okidogi|Okidogi, M|39/100 brn
|move|p1a: Pecharunt|Malignant Chain|p2a: Okidogi
|-resisted|p2a: Okidogi
|-damage|p2a: Okidogi|28/100 brn
|
|-damage|p2a: Okidogi|22/100 brn|[from] brn
|upkeep
|turn|6
|
|t:|1758323742
|move|p1a: Pecharunt|Recover|p1a: Pecharunt
|-heal|p1a: Pecharunt|100/100
|move|p2a: Okidogi|Knock Off|p1a: Pecharunt
|-supereffective|p1a: Pecharunt
|-damage|p1a: Pecharunt|83/100
|-enditem|p1a: Pecharunt|Heavy-Duty Boots|[from] move: Knock Off|[of] p2a: Okidogi
|
|-damage|p2a: Okidogi|16/100 brn|[from] brn
|upkeep
|turn|7
|
|t:|1758323751
|move|p1a: Pecharunt|Recover|p1a: Pecharunt
|-heal|p1a: Pecharunt|100/100
|move|p2a: Okidogi|Knock Off|p1a: Pecharunt
|-supereffective|p1a: Pecharunt
|-damage|p1a: Pecharunt|88/100
|
|-damage|p2a: Okidogi|10/100 brn|[from] brn
|upkeep
|turn|8
|
|t:|1758323759
|move|p1a: Pecharunt|Malignant Chain|p2a: Okidogi
|-resisted|p2a: Okidogi
|-damage|p2a: Okidogi|0 fnt
|faint|p2a: Okidogi
|
|upkeep
|
|t:|1758323762
|switch|p2a: Necrozma|Necrozma|100/100
|turn|9
|
|t:|1758323784
|move|p2a: Necrozma|Dragon Dance|p2a: Necrozma
|-boost|p2a: Necrozma|atk|1
|-boost|p2a: Necrozma|spe|1
|move|p1a: Pecharunt|Foul Play|p2a: Necrozma
|-supereffective|p2a: Necrozma
|-damage|p2a: Necrozma|27/100
|
|upkeep
|turn|10
|
|t:|1758323803
|-terastallize|p1a: Pecharunt|Dark
|move|p2a: Necrozma|Psychic Fangs|p1a: Pecharunt
|-immune|p1a: Pecharunt
|move|p1a: Pecharunt|Foul Play|p2a: Necrozma
|-supereffective|p2a: Necrozma
|-damage|p2a: Necrozma|0 fnt
|faint|p2a: Necrozma
|
|upkeep
|
|t:|1758323809
|switch|p2a: Ninetales|Ninetales-Alola, F|100/100
|-weather|Snowscape|[from] ability: Snow Warning|[of] p2a: Ninetales
|turn|11
|
|t:|1758323815
|switch|p1a: Iron Crown|Iron Crown|100/100
|move|p2a: Ninetales|Encore||[still]
|-fail|p2a: Ninetales
|
|-weather|Snowscape|[upkeep]
|upkeep
|turn|12
|
|t:|1758323834
|switch|p2a: Arcanine|Arcanine-Hisui, F|100/100
|move|p1a: Iron Crown|Psyshock|p2a: Arcanine
|-damage|p2a: Arcanine|20/100
|
|-weather|Snowscape|[upkeep]
|upkeep
|turn|13
|
|t:|1758323844
|-end|p1a: Iron Crown|Quark Drive|[silent]
|switch|p1a: Pecharunt|Pecharunt, tera:Dark|88/100
|move|p2a: Arcanine|Flare Blitz|p1a: Pecharunt
|-damage|p1a: Pecharunt|60/100
|
|-weather|Snowscape|[upkeep]
|upkeep
|turn|14
|
|t:|1758323851
|switch|p2a: Hitmontop|Hitmontop, M|100/100
|move|p1a: Pecharunt|Parting Shot|p2a: Hitmontop
|-unboost|p2a: Hitmontop|atk|1
|-unboost|p2a: Hitmontop|spa|1
|
|t:|1758323867
|switch|p1a: Iron Crown|Iron Crown|100/100|[from] Parting Shot
|
|-weather|Snowscape|[upkeep]
|upkeep
|turn|15
|
|t:|1758323874
|move|p1a: Iron Crown|Psyshock|p2a: Hitmontop
|-supereffective|p2a: Hitmontop
|-damage|p2a: Hitmontop|0 fnt
|faint|p2a: Hitmontop
|
|-weather|none
|upkeep
|
|t:|1758323878
|switch|p2a: Ogerpon|Ogerpon-Wellspring, F|100/100
|turn|16
|
|t:|1758323885
|move|p2a: Ogerpon|Knock Off|p1a: Iron Crown
|-supereffective|p1a: Iron Crown
|-damage|p1a: Iron Crown|21/100
|-enditem|p1a: Iron Crown|Choice Specs|[from] move: Knock Off|[of] p2a: Ogerpon
|move|p1a: Iron Crown|Psyshock|p2a: Ogerpon
|-damage|p2a: Ogerpon|47/100
|
|upkeep
|turn|17
|
|t:|1758323894
|move|p2a: Ogerpon|U-turn|p1a: Iron Crown
|-damage|p1a: Iron Crown|0 fnt
|faint|p1a: Iron Crown
|-end|p1a: Iron Crown|Quark Drive|[silent]
|
|t:|1758323899
|switch|p2a: Ninetales|Ninetales-Alola, F|100/100|[from] U-turn
|-weather|Snowscape|[from] ability: Snow Warning|[of] p2a: Ninetales
|
|-weather|Snowscape|[upkeep]
|upkeep
|
|t:|1758323914
|switch|p1a: Garganacl|Garganacl, M|100/100
|turn|18
|
|t:|1758323920
|move|p2a: Ninetales|Blizzard|p1a: Garganacl
|-damage|p1a: Garganacl|72/100
|move|p1a: Garganacl|Salt Cure|p2a: Ninetales
|-supereffective|p2a: Ninetales
|-damage|p2a: Ninetales|73/100
|-start|p2a: Ninetales|Salt Cure
|
|-weather|Snowscape|[upkeep]
|-heal|p1a: Garganacl|78/100|[from] item: Leftovers
|-damage|p2a: Ninetales|61/100|[from] Salt Cure
|upkeep
|turn|19
|
|t:|1758323931
|move|p2a: Ninetales|Encore|p1a: Garganacl
|-start|p1a: Garganacl|Encore
|move|p1a: Garganacl|Salt Cure|p2a: Ninetales
|-supereffective|p2a: Ninetales
|-damage|p2a: Ninetales|35/100
|
|-weather|Snowscape|[upkeep]
|-heal|p1a: Garganacl|85/100|[from] item: Leftovers
|-damage|p2a: Ninetales|23/100|[from] Salt Cure
|upkeep
|turn|20
|
|t:|1758323939
|move|p2a: Ninetales|Blizzard|p1a: Garganacl
|-damage|p1a: Garganacl|55/100
|move|p1a: Garganacl|Salt Cure|p2a: Ninetales
|-supereffective|p2a: Ninetales
|-damage|p2a: Ninetales|0 fnt
|faint|p2a: Ninetales
|
|-weather|Snowscape|[upkeep]
|-heal|p1a: Garganacl|61/100|[from] item: Leftovers
|upkeep
|
|t:|1758323942
|switch|p2a: Ogerpon|Ogerpon-Wellspring, F|47/100
|turn|21
|
|t:|1758323958
|switch|p1a: Pecharunt|Pecharunt, tera:Dark|60/100
|move|p2a: Ogerpon|Ivy Cudgel|p1a: Pecharunt|[anim] Ivy Cudgel Water
|-damage|p1a: Pecharunt|30/100
|
|-weather|none
|upkeep
|turn|22
|
|t:|1758323966
|move|p2a: Ogerpon|U-turn|p1a: Pecharunt
|-supereffective|p1a: Pecharunt
|-damage|p1a: Pecharunt|6/100
|
|t:|1758323968
|switch|p2a: Arcanine|Arcanine-Hisui, F|20/100|[from] U-turn
|move|p1a: Pecharunt|Malignant Chain|p2a: Arcanine
|-resisted|p2a: Arcanine
|-damage|p2a: Arcanine|0 fnt
|faint|p2a: Arcanine
|
|upkeep
|-message|CertifiedDumbass1 forfeited.
|
|win|samothy
|raw|samothy's rating: 1327 &rarr; <strong>1350</strong><br />(+23 for winning)
|raw|CertifiedDumbass1's rating: 1378 &rarr; <strong>1355</strong><br />(-23 for losing)
|l|☆CertifiedDumbass1
|player|p2|
|l|☆samothy
|player|p1|
