|j|☆stonehex4
|j|☆Nicelittleponey37
|t:|1758305521
|gametype|singles
|player|p1|stonehex4|giovanni|1396
|player|p2|Nicelittleponey37|caitlin|1445
|gen|9
|tier|[Gen 9] OU
|rated|
|rule|HP Percentage Mod: HP is shown in percentages
|rule|Endless Battle Clause: Forcing endless battles is banned
|rule|Species Clause: Limit one of each Pokémon
|rule|OHKO Clause: OHKO moves are banned
|rule|Evasion Items Clause: Evasion items are banned
|rule|Evasion Moves Clause: Evasion moves are banned
|rule|Evasion Abilities Clause: Evasion abilities are banned
|rule|Sleep Moves Clause: Sleep-inducing moves are banned
|clearpoke
|poke|p1|Zamazenta-*|
|poke|p1|Indeedee, M|
|poke|p1|Polteageist|
|poke|p1|Blaziken, M|
|poke|p1|Hatterene, F|
|poke|p1|Deoxys-Defense|
|poke|p2|Landorus-Therian, M|
|poke|p2|Great Tusk|
|poke|p2|Ogerpon-Wellspring, F|
|poke|p2|Kingambit, M|
|poke|p2|Slowking-Galar, F|
|poke|p2|Raging Bolt|
|teampreview
|
|t:|1758305539
|teamsize|p1|6
|teamsize|p2|6
|start
|switch|p1a: Indeedee|Indeedee, M|100/100
|switch|p2a: Landorus|Landorus-Therian, M|100/100
|-fieldstart|move: Psychic Terrain|[from] ability: Psychic Surge|[of] p1a: Indeedee
|-ability|p2a: Landorus|Intimidate|boost
|-unboost|p1a: Indeedee|atk|1
|turn|1
|inactive|Battle timer is ON: inactive players will automatically lose when time's up. (requested by stonehex4)
|
|t:|1758305549
|switch|p1a: Hatterene|Hatterene, F|100/100
|switch|p2a: Slowking|Slowking-Galar, F|100/100
|
|upkeep
|turn|2
|
|t:|1758305555
|move|p2a: Slowking|Sludge Bomb|p1a: Hatterene
|-supereffective|p1a: Hatterene
|-damage|p1a: Hatterene|18/100
|-enditem|p1a: Hatterene|Eject Button
|
|t:|1758305566
|switch|p1a: Blaziken|Blaziken, M|100/100
|
|upkeep
|turn|3
|
|t:|1758305571
|switch|p2a: Landorus|Landorus-Therian, M|100/100
|-ability|p2a: Landorus|Intimidate|boost
|-unboost|p1a: Blaziken|atk|1
|move|p1a: Blaziken|Swords Dance|p1a: Blaziken
|-boost|p1a: Blaziken|atk|2
|
|-ability|p1a: Blaziken|Speed Boost|boost
|-boost|p1a: Blaziken|spe|1
|upkeep
|turn|4
|
|t:|1758305584
|move|p1a: Blaziken|Swords Dance|p1a: Blaziken
|-boost|p1a: Blaziken|atk|2
|move|p2a: Landorus|Earth Power|p1a: Blaziken
|-supereffective|p1a: Blaziken
|-enditem|p1a: Blaziken|Focus Sash
|-damage|p1a: Blaziken|1/100
|
|-ability|p1a: Blaziken|Speed Boost|boost
|-boost|p1a: Blaziken|spe|1
|upkeep
|turn|5
|
|t:|1758305598
|switch|p2a: Great Tusk|Great Tusk|100/100
|move|p1a: Blaziken|Reversal|p2a: Great Tusk
|-damage|p2a: Great Tusk|0 fnt
|-damage|p1a: Blaziken|0 fnt|[from] item: Rocky Helmet|[of] p2a: Great Tusk
|faint|p2a: Great Tusk
|-end|p2a: Great Tusk|Protosynthesis|[silent]
|faint|p1a: Blaziken
|
|upkeep
|
|t:|1758305616
|switch|p2a: Raging Bolt|Raging Bolt|100/100
|switch|p1a: Hatterene|Hatterene, F|18/100
|-enditem|p2a: Raging Bolt|Booster Energy
|-activate|p2a: Raging Bolt|ability: Protosynthesis|[fromitem]
|-start|p2a: Raging Bolt|protosynthesisspa
|turn|6
|
|t:|1758305624
|move|p1a: Hatterene|Protect|p1a: Hatterene
|-singleturn|p1a: Hatterene|Protect
|move|p2a: Raging Bolt|Calm Mind|p2a: Raging Bolt
|-boost|p2a: Raging Bolt|spa|1
|-boost|p2a: Raging Bolt|spd|1
|
|upkeep
|turn|7
|
|t:|1758305630
|move|p2a: Raging Bolt|Thunderbolt|p1a: Hatterene
|-damage|p1a: Hatterene|0 fnt
|faint|p1a: Hatterene
|
|upkeep
|
|t:|1758305636
|switch|p1a: Deoxys|Deoxys-Defense|100/100
|-ability|p1a: Deoxys|Pressure
|turn|8
|
|t:|1758305642
|move|p2a: Raging Bolt|Thunderbolt|p1a: Deoxys
|-damage|p1a: Deoxys|37/100
|move|p1a: Deoxys|Agility|p1a: Deoxys
|-boost|p1a: Deoxys|spe|2
|
|-fieldend|move: Psychic Terrain
|upkeep
|turn|9
|
|t:|1758305650
|move|p1a: Deoxys|Stored Power|p2a: Raging Bolt
|-damage|p2a: Raging Bolt|91/100
|move|p2a: Raging Bolt|Thunderbolt|p1a: Deoxys
|-damage|p1a: Deoxys|0 fnt
|faint|p1a: Deoxys
|
|upkeep
|
|t:|1758305661
|switch|p1a: Indeedee|Indeedee, M|100/100
|-fieldstart|move: Psychic Terrain|[from] ability: Psychic Surge|[of] p1a: Indeedee
|turn|10
|
|t:|1758305666
|move|p1a: Indeedee|Expanding Force|p2a: Raging Bolt
|-damage|p2a: Raging Bolt|42/100
|move|p2a: Raging Bolt|Thunderbolt|p1a: Indeedee
|-damage|p1a: Indeedee|0 fnt
|faint|p1a: Indeedee
|
|upkeep
|
|t:|1758305675
|switch|p1a: Zamazenta|Zamazenta|100/100
|-ability|p1a: Zamazenta|Dauntless Shield|boost
|-boost|p1a: Zamazenta|def|1
|turn|11
|
|t:|1758305681
|-end|p2a: Raging Bolt|Protosynthesis|[silent]
|switch|p2a: Landorus|Landorus-Therian, M|100/100
|-ability|p2a: Landorus|Intimidate|boost
|-unboost|p1a: Zamazenta|atk|1
|move|p1a: Zamazenta|Body Press|p2a: Landorus
|-resisted|p2a: Landorus
|-damage|p2a: Landorus|68/100
|-damage|p1a: Zamazenta|84/100|[from] item: Rocky Helmet|[of] p2a: Landorus
|
|upkeep
|turn|12
|
|t:|1758305691
|move|p1a: Zamazenta|Iron Defense|p1a: Zamazenta
|-boost|p1a: Zamazenta|def|2
|move|p2a: Landorus|Stealth Rock|p1a: Zamazenta
|-sidestart|p1: stonehex4|move: Stealth Rock
|
|upkeep
|turn|13
|
|t:|1758305696
|move|p1a: Zamazenta|Iron Defense|p1a: Zamazenta
|-boost|p1a: Zamazenta|def|2
|move|p2a: Landorus|Earth Power|p1a: Zamazenta
|-damage|p1a: Zamazenta|54/100
|
|upkeep
|turn|14
|
|t:|1758305703
|switch|p2a: Kingambit|Kingambit, M|100/100
|-activate|p2a: Kingambit|ability: Supreme Overlord
|-start|p2a: Kingambit|fallen1|[silent]
|move|p1a: Zamazenta|Body Press|p2a: Kingambit
|-supereffective|p2a: Kingambit
|-damage|p2a: Kingambit|0 fnt
|faint|p2a: Kingambit
|-end|p2a: Kingambit|fallen1|[silent]
|
|upkeep
|
|t:|1758305709
|switch|p2a: Landorus|Landorus-Therian, M|68/100
|-ability|p2a: Landorus|Intimidate|boost
|-unboost|p1a: Zamazenta|atk|1
|turn|15
|
|t:|1758305715
|move|p1a: Zamazenta|Body Press|p2a: Landorus
|-resisted|p2a: Landorus
|-damage|p2a: Landorus|0 fnt
|-damage|p1a: Zamazenta|37/100|[from] item: Rocky Helmet|[of] p2a: Landorus
|faint|p2a: Landorus
|
|upkeep
|
|t:|1758305722
|switch|p2a: Slowking|Slowking-Galar, F|100/100
|turn|16
|
|t:|1758305725
|-terastallize|p1a: Zamazenta|Steel
|move|p1a: Zamazenta|Iron Defense|p1a: Zamazenta
|-boost|p1a: Zamazenta|def|1
|move|p2a: Slowking|Future Sight|p1a: Zamazenta
|-start|p2a: Slowking|move: Future Sight
|
|upkeep
|turn|17
|
|t:|1758305732
|move|p1a: Zamazenta|Body Press|p2a: Slowking
|-resisted|p2a: Slowking
|-damage|p2a: Slowking|64/100
|move|p2a: Slowking|Flamethrower|p1a: Zamazenta
|-supereffective|p1a: Zamazenta
|-damage|p1a: Zamazenta|0 fnt
|faint|p1a: Zamazenta
|
|-fieldend|move: Psychic Terrain
|upkeep
|-message|stonehex4 forfeited.
|
|win|Nicelittleponey37
|raw|stonehex4's rating: 1396 &rarr; <strong>1379</strong><br />(-17 for losing)
|raw|Nicelittleponey37's rating: 1445 &rarr; <strong>1462</strong><br />(+17 for winning)
|l|☆stonehex4
|player|p1|
|l|☆Nicelittleponey37
|player|p2|
