|j|☆Milo Everspring
|j|☆kiralikeboob
|t:|1758257355
|gametype|singles
|player|p1|Milo Everspring|rood|1239
|player|p2|kiralikeboob|steven|1195
|gen|9
|tier|[Gen 9] OU
|rated|
|rule|HP Percentage Mod: HP is shown in percentages
|rule|Endless Battle Clause: Forcing endless battles is banned
|rule|Species Clause: Limit one of each Pokémon
|rule|OHKO Clause: OHKO moves are banned
|rule|Evasion Items Clause: Evasion items are banned
|rule|Evasion Moves Clause: Evasion moves are banned
|rule|Evasion Abilities Clause: Evasion abilities are banned
|rule|Sleep Moves Clause: Sleep-inducing moves are banned
|clearpoke
|poke|p1|Ribombee, M|
|poke|p1|Cinderace, M|
|poke|p1|Malamar, M|
|poke|p1|Serperior, M|
|poke|p1|Milotic, F|
|poke|p1|Bisharp, M|
|poke|p2|Kingambit, F|
|poke|p2|Deoxys-Speed|
|poke|p2|Great Tusk|
|poke|p2|Dragonite, F|
|poke|p2|Iron Moth|
|poke|p2|Primarina, F|
|teampreview
|inactive|Battle timer is ON: inactive players will automatically lose when time's up. (requested by kiralikeboob)
|
|t:|1758257382
|teamsize|p1|6
|teamsize|p2|6
|start
|switch|p1a: Andy Murrbee|Ribombee, M|100/100
|switch|p2a: Anomаly|Iron Moth|100/100
|-enditem|p2a: Anomаly|Booster Energy
|-activate|p2a: Anomаly|ability: Quark Drive|[fromitem]
|-start|p2a: Anomаly|quarkdrivespe
|turn|1
|inactive|Milo Everspring has 120 seconds left.
|
|t:|1758257418
|move|p2a: Anomаly|Fiery Dance|p1a: Andy Murrbee
|-supereffective|p1a: Andy Murrbee
|-enditem|p1a: Andy Murrbee|Focus Sash
|-damage|p1a: Andy Murrbee|1/100
|move|p1a: Andy Murrbee|Sticky Web|p2a: Anomаly
|-sidestart|p2: kiralikeboob|move: Sticky Web
|
|upkeep
|turn|2
|inactive|Milo Everspring has 120 seconds left.
|
|t:|1758257436
|move|p2a: Anomаly|Fiery Dance|p1a: Andy Murrbee
|-supereffective|p1a: Andy Murrbee
|-damage|p1a: Andy Murrbee|0 fnt
|-boost|p2a: Anomаly|spa|1
|faint|p1a: Andy Murrbee
|
|upkeep
|inactive|Milo Everspring has 120 seconds left.
|
|t:|1758257442
|switch|p1a: Roger Federace|Cinderace, M, shiny|100/100
|turn|3
|
|t:|1758257446
|move|p2a: Anomаly|Sludge Wave|p1a: Roger Federace
|-damage|p1a: Roger Federace|1/100
|move|p1a: Roger Federace|Court Change|p1a: Roger Federace
|-start|p1a: Roger Federace|typechange|Normal|[from] ability: Libero
|-swapsideconditions
|-activate|p1a: Roger Federace|move: Court Change
|
|upkeep
|turn|4
|
|t:|1758257455
|move|p2a: Anomаly|Fiery Dance|p1a: Roger Federace
|-damage|p1a: Roger Federace|0 fnt
|faint|p1a: Roger Federace
|
|upkeep
|
|t:|1758257464
|switch|p1a: Novak Djokotic|Milotic, F|100/100
|-activate|p1a: Novak Djokotic|move: Sticky Web
|-unboost|p1a: Novak Djokotic|spe|1
|-ability|p1a: Novak Djokotic|Competitive|boost
|-boost|p1a: Novak Djokotic|spa|2
|turn|5
|
|t:|1758257486
|move|p2a: Anomаly|Sludge Wave|p1a: Novak Djokotic
|-damage|p1a: Novak Djokotic|66/100
|move|p1a: Novak Djokotic|Scald|p2a: Anomаly
|-supereffective|p2a: Anomаly
|-damage|p2a: Anomаly|0 fnt
|faint|p2a: Anomаly
|-end|p2a: Anomаly|Quark Drive|[silent]
|
|upkeep
|inactive|kiralikeboob has 120 seconds left.
|
|t:|1758257510
|switch|p2a: 肥大|Dragonite, F|100/100
|turn|6
|inactive|kiralikeboob has 120 seconds left.
|inactive|Milo Everspring has 120 seconds left.
|
|t:|1758257547
|move|p2a: 肥大|Outrage|p1a: Novak Djokotic
|-damage|p1a: Novak Djokotic|0 fnt
|faint|p1a: Novak Djokotic
|
|upkeep
|
|t:|1758257554
|switch|p1a: Jannik Shinnerp|Bisharp, M, shiny|100/100
|-activate|p1a: Jannik Shinnerp|move: Sticky Web
|-unboost|p1a: Jannik Shinnerp|spe|1
|-ability|p1a: Jannik Shinnerp|Defiant|boost
|-boost|p1a: Jannik Shinnerp|atk|2
|turn|7
|inactive|Milo Everspring has 120 seconds left.
|
|t:|1758257560
|move|p2a: 肥大|Outrage|p1a: Jannik Shinnerp|[from] lockedmove
|-resisted|p1a: Jannik Shinnerp
|-damage|p1a: Jannik Shinnerp|37/100
|move|p1a: Jannik Shinnerp|Iron Head|p2a: 肥大
|-damage|p2a: 肥大|49/100
|
|upkeep
|turn|8
|
|t:|1758257567
|move|p1a: Jannik Shinnerp|Sucker Punch|p2a: 肥大
|-damage|p2a: 肥大|0 fnt
|faint|p2a: 肥大
|
|upkeep
|
|t:|1758257575
|switch|p2a: 牙圣|Great Tusk|100/100
|-enditem|p2a: 牙圣|Booster Energy
|-activate|p2a: 牙圣|ability: Protosynthesis|[fromitem]
|-start|p2a: 牙圣|protosynthesisatk
|turn|9
|
|t:|1758257587
|move|p1a: Jannik Shinnerp|Sucker Punch|p2a: 牙圣
|-resisted|p2a: 牙圣
|-damage|p2a: 牙圣|74/100
|move|p2a: 牙圣|Close Combat|p1a: Jannik Shinnerp
|-supereffective|p1a: Jannik Shinnerp
|-damage|p1a: Jannik Shinnerp|0 fnt
|-unboost|p2a: 牙圣|def|1
|-unboost|p2a: 牙圣|spd|1
|faint|p1a: Jannik Shinnerp
|
|upkeep
|
|t:|1758257597
|switch|p1a: Rafa Nadalamar|Malamar, M, shiny|100/100
|-activate|p1a: Rafa Nadalamar|move: Sticky Web
|-boost|p1a: Rafa Nadalamar|spe|1
|turn|10
|
|t:|1758257624
|-terastallize|p2a: 牙圣|Steel
|move|p1a: Rafa Nadalamar|Substitute|p1a: Rafa Nadalamar
|-start|p1a: Rafa Nadalamar|Substitute
|-damage|p1a: Rafa Nadalamar|76/100
|move|p2a: 牙圣|Headlong Rush|p1a: Rafa Nadalamar
|-end|p1a: Rafa Nadalamar|Substitute
|-unboost|p2a: 牙圣|def|1
|-unboost|p2a: 牙圣|spd|1
|
|-heal|p1a: Rafa Nadalamar|82/100|[from] item: Leftovers
|upkeep
|turn|11
|inactive|Milo Everspring has 120 seconds left.
|
|t:|1758257658
|move|p1a: Rafa Nadalamar|Superpower|p2a: 牙圣
|-supereffective|p2a: 牙圣
|-damage|p2a: 牙圣|0 fnt
|-boost|p1a: Rafa Nadalamar|atk|1
|-boost|p1a: Rafa Nadalamar|def|1
|faint|p2a: 牙圣
|-end|p2a: 牙圣|Protosynthesis|[silent]
|
|-heal|p1a: Rafa Nadalamar|88/100|[from] item: Leftovers
|upkeep
|inactive|kiralikeboob has 120 seconds left.
|
|t:|1758257669
|switch|p2a: 天后|Primarina, F|100/100
|turn|12
|
|t:|1758257673
|move|p1a: Rafa Nadalamar|Throat Chop|p2a: 天后
|-resisted|p2a: 天后
|-damage|p2a: 天后|66/100
|-start|p2a: 天后|Throat Chop|[silent]
|move|p2a: 天后|Moonblast|p1a: Rafa Nadalamar
|-supereffective|p1a: Rafa Nadalamar
|-damage|p1a: Rafa Nadalamar|0 fnt
|faint|p1a: Rafa Nadalamar
|
|upkeep
|
|t:|1758257681
|switch|p1a: Carlos Alcagrass|Serperior, M, shiny|100/100
|-activate|p1a: Carlos Alcagrass|move: Sticky Web
|-boost|p1a: Carlos Alcagrass|spe|1
|turn|13
|
|t:|1758257706
|move|p1a: Carlos Alcagrass|Leaf Storm|p2a: 天后
|-supereffective|p2a: 天后
|-damage|p2a: 天后|0 fnt
|-boost|p1a: Carlos Alcagrass|spa|2
|faint|p2a: 天后
|
|upkeep
|inactive|kiralikeboob has 120 seconds left.
|
|t:|1758257726
|switch|p2a: 我独自剑舞|Kingambit, F|100/100
|-activate|p2a: 我独自剑舞|ability: Supreme Overlord
|-start|p2a: 我独自剑舞|fallen4|[silent]
|turn|14
|
|t:|1758257744
|move|p1a: Carlos Alcagrass|Leaf Storm|p2a: 我独自剑舞
|-resisted|p2a: 我独自剑舞
|-damage|p2a: 我独自剑舞|23/100
|-boost|p1a: Carlos Alcagrass|spa|2
|move|p2a: 我独自剑舞|Kowtow Cleave|p1a: Carlos Alcagrass
|-damage|p1a: Carlos Alcagrass|13/100
|
|-heal|p2a: 我独自剑舞|29/100|[from] item: Leftovers
|upkeep
|turn|15
|inactive|kiralikeboob has 120 seconds left.
|
|t:|1758257753
|move|p2a: 我独自剑舞|Sucker Punch|p1a: Carlos Alcagrass
|-damage|p1a: Carlos Alcagrass|0 fnt
|faint|p1a: Carlos Alcagrass
|
|win|kiralikeboob
|raw|Milo Everspring's rating: 1239 &rarr; <strong>1211</strong><br />(-28 for losing)
|raw|kiralikeboob's rating: 1195 &rarr; <strong>1223</strong><br />(+28 for winning)
|l|☆kiralikeboob
|player|p2|
