|j|☆catcat77
|j|☆oreoinabox
|t:|1758339198
|gametype|singles
|player|p1|catcat77|caitlin|1489
|player|p2|oreoinabox|170|1494
|gen|9
|tier|[Gen 9] OU
|rated|
|rule|HP Percentage Mod: HP is shown in percentages
|rule|Endless Battle Clause: Forcing endless battles is banned
|rule|Species Clause: Limit one of each Pokémon
|rule|OHKO Clause: OHKO moves are banned
|rule|Evasion Items Clause: Evasion items are banned
|rule|Evasion Moves Clause: Evasion moves are banned
|rule|Evasion Abilities Clause: Evasion abilities are banned
|rule|Sleep Moves Clause: Sleep-inducing moves are banned
|clearpoke
|poke|p1|Ogerpon-Wellspring, F|
|poke|p1|Kingambit, F|
|poke|p1|Great Tusk|
|poke|p1|Raging Bolt|
|poke|p1|Iron Crown|
|poke|p1|Zamazenta-*|
|poke|p2|Primarina, F|
|poke|p2|Gliscor, M|
|poke|p2|Hippowdon, M|
|poke|p2|Drednaw, F|
|poke|p2|Altaria, F|
|poke|p2|Hydreigon, M|
|teampreview
|inactive|Battle timer is ON: inactive players will automatically lose when time's up. (requested by oreoinabox)
|
|t:|1758339213
|teamsize|p1|6
|teamsize|p2|6
|start
|switch|p1a: Ogerpon|Ogerpon-Wellspring, F|100/100
|switch|p2a: Altaria|Altaria, F|100/100
|turn|1
|
|t:|1758339216
|move|p1a: Ogerpon|U-turn|p2a: Altaria
|-resisted|p2a: Altaria
|-damage|p2a: Altaria|87/100
|
|t:|1758339219
|switch|p1a: Iron Crown|Iron Crown|100/100|[from] U-turn
|move|p2a: Altaria|Cotton Guard|p2a: Altaria
|-boost|p2a: Altaria|def|3
|
|-heal|p2a: Altaria|93/100|[from] item: Leftovers
|upkeep
|turn|2
|
|t:|1758339228
|move|p1a: Iron Crown|Tachyon Cutter|p2a: Altaria
|-damage|p2a: Altaria|67/100
|-damage|p2a: Altaria|37/100
|-hitcount|p2a: Altaria|2
|move|p2a: Altaria|Fire Spin|p1a: Iron Crown
|-supereffective|p1a: Iron Crown
|-damage|p1a: Iron Crown|87/100
|-activate|p1a: Iron Crown|move: Fire Spin|[of] p2a: Altaria
|
|-heal|p2a: Altaria|43/100|[from] item: Leftovers
|-damage|p1a: Iron Crown|75/100|[from] move: Fire Spin|[partiallytrapped]
|upkeep
|turn|3
|
|t:|1758339236
|move|p2a: Altaria|Protect|p2a: Altaria
|-singleturn|p2a: Altaria|Protect
|move|p1a: Iron Crown|Tachyon Cutter|p2a: Altaria
|-activate|p2a: Altaria|move: Protect
|
|-heal|p2a: Altaria|49/100|[from] item: Leftovers
|-damage|p1a: Iron Crown|62/100|[from] move: Fire Spin|[partiallytrapped]
|upkeep
|turn|4
|
|t:|1758339249
|-terastallize|p2a: Altaria|Steel
|move|p1a: Iron Crown|Tachyon Cutter|p2a: Altaria
|-resisted|p2a: Altaria
|-damage|p2a: Altaria|35/100
|-resisted|p2a: Altaria
|-damage|p2a: Altaria|21/100
|-hitcount|p2a: Altaria|2
|move|p2a: Altaria|Roost|p2a: Altaria
|-heal|p2a: Altaria|71/100
|
|-heal|p2a: Altaria|78/100|[from] item: Leftovers
|-damage|p1a: Iron Crown|50/100|[from] move: Fire Spin|[partiallytrapped]
|upkeep
|turn|5
|
|t:|1758339255
|move|p1a: Iron Crown|Tachyon Cutter|p2a: Altaria
|-resisted|p2a: Altaria
|-damage|p2a: Altaria|64/100
|-resisted|p2a: Altaria
|-damage|p2a: Altaria|50/100
|-hitcount|p2a: Altaria|2
|move|p2a: Altaria|Roost|p2a: Altaria
|-heal|p2a: Altaria|99/100
|
|-heal|p2a: Altaria|100/100|[from] item: Leftovers
|-damage|p1a: Iron Crown|38/100|[from] move: Fire Spin|[partiallytrapped]
|upkeep
|turn|6
|
|t:|1758339257
|move|p1a: Iron Crown|Tachyon Cutter|p2a: Altaria
|-resisted|p2a: Altaria
|-damage|p2a: Altaria|85/100
|-resisted|p2a: Altaria
|-damage|p2a: Altaria|72/100
|-hitcount|p2a: Altaria|2
|move|p2a: Altaria|Cotton Guard|p2a: Altaria
|-boost|p2a: Altaria|def|3
|
|-heal|p2a: Altaria|78/100|[from] item: Leftovers
|-damage|p1a: Iron Crown|25/100|[from] move: Fire Spin|[partiallytrapped]
|upkeep
|turn|7
|
|t:|1758339263
|move|p1a: Iron Crown|Tachyon Cutter|p2a: Altaria
|-resisted|p2a: Altaria
|-damage|p2a: Altaria|65/100
|-resisted|p2a: Altaria
|-damage|p2a: Altaria|52/100
|-hitcount|p2a: Altaria|2
|move|p2a: Altaria|Roost|p2a: Altaria
|-heal|p2a: Altaria|100/100
|
|-end|p1a: Iron Crown|Fire Spin|[partiallytrapped]
|upkeep
|turn|8
|
|t:|1758339273
|-end|p1a: Iron Crown|Quark Drive|[silent]
|switch|p1a: Raging Bolt|Raging Bolt|100/100
|move|p2a: Altaria|Fire Spin|p1a: Raging Bolt
|-resisted|p1a: Raging Bolt
|-damage|p1a: Raging Bolt|98/100
|-activate|p1a: Raging Bolt|move: Fire Spin|[of] p2a: Altaria
|
|-heal|p1a: Raging Bolt|100/100|[from] item: Leftovers
|-damage|p1a: Raging Bolt|88/100|[from] move: Fire Spin|[partiallytrapped]
|upkeep
|turn|9
|
|t:|1758339283
|move|p2a: Altaria|Protect|p2a: Altaria
|-singleturn|p2a: Altaria|Protect
|move|p1a: Raging Bolt|Thunderbolt|p2a: Altaria
|-activate|p2a: Altaria|move: Protect
|
|-heal|p1a: Raging Bolt|94/100|[from] item: Leftovers
|-damage|p1a: Raging Bolt|82/100|[from] move: Fire Spin|[partiallytrapped]
|upkeep
|turn|10
|
|t:|1758339287
|move|p2a: Altaria|Roost||[still]
|-fail|p2a: Altaria|heal
|move|p1a: Raging Bolt|Thunderbolt|p2a: Altaria
|-damage|p2a: Altaria|64/100
|
|-heal|p2a: Altaria|70/100|[from] item: Leftovers
|-heal|p1a: Raging Bolt|88/100|[from] item: Leftovers
|-damage|p1a: Raging Bolt|76/100|[from] move: Fire Spin|[partiallytrapped]
|upkeep
|turn|11
|
|t:|1758339293
|move|p2a: Altaria|Protect|p2a: Altaria
|-singleturn|p2a: Altaria|Protect
|move|p1a: Raging Bolt|Calm Mind|p1a: Raging Bolt
|-boost|p1a: Raging Bolt|spa|1
|-boost|p1a: Raging Bolt|spd|1
|
|-heal|p2a: Altaria|76/100|[from] item: Leftovers
|-heal|p1a: Raging Bolt|82/100|[from] item: Leftovers
|-damage|p1a: Raging Bolt|70/100|[from] move: Fire Spin|[partiallytrapped]
|upkeep
|turn|12
|
|t:|1758339296
|move|p2a: Altaria|Roost|p2a: Altaria
|-heal|p2a: Altaria|100/100
|move|p1a: Raging Bolt|Thunderbolt|p2a: Altaria
|-damage|p2a: Altaria|49/100
|
|-heal|p2a: Altaria|56/100|[from] item: Leftovers
|-heal|p1a: Raging Bolt|76/100|[from] item: Leftovers
|-end|p1a: Raging Bolt|Fire Spin|[partiallytrapped]
|upkeep
|turn|13
|
|t:|1758339299
|move|p2a: Altaria|Roost|p2a: Altaria
|-heal|p2a: Altaria|100/100
|move|p1a: Raging Bolt|Calm Mind|p1a: Raging Bolt
|-boost|p1a: Raging Bolt|spa|1
|-boost|p1a: Raging Bolt|spd|1
|
|-heal|p1a: Raging Bolt|82/100|[from] item: Leftovers
|upkeep
|turn|14
|
|t:|1758339303
|move|p2a: Altaria|Fire Spin|p1a: Raging Bolt
|-resisted|p1a: Raging Bolt
|-damage|p1a: Raging Bolt|81/100
|-activate|p1a: Raging Bolt|move: Fire Spin|[of] p2a: Altaria
|move|p1a: Raging Bolt|Calm Mind|p1a: Raging Bolt
|-boost|p1a: Raging Bolt|spa|1
|-boost|p1a: Raging Bolt|spd|1
|
|-heal|p1a: Raging Bolt|87/100|[from] item: Leftovers
|-damage|p1a: Raging Bolt|75/100|[from] move: Fire Spin|[partiallytrapped]
|upkeep
|turn|15
|
|t:|1758339313
|move|p2a: Altaria|Protect|p2a: Altaria
|-singleturn|p2a: Altaria|Protect
|move|p1a: Raging Bolt|Thunderbolt|p2a: Altaria
|-activate|p2a: Altaria|move: Protect
|
|-heal|p1a: Raging Bolt|81/100|[from] item: Leftovers
|-damage|p1a: Raging Bolt|68/100|[from] move: Fire Spin|[partiallytrapped]
|upkeep
|turn|16
|
|t:|1758339329
|switch|p2a: Gliscor|Gliscor, M|100/100
|move|p1a: Raging Bolt|Thunderbolt|p2a: Gliscor
|-immune|p2a: Gliscor
|
|-heal|p1a: Raging Bolt|75/100|[from] item: Leftovers
|-end|p1a: Raging Bolt|Fire Spin|[partiallytrapped]|[silent]
|-status|p2a: Gliscor|tox|[from] item: Toxic Orb
|upkeep
|turn|17
|
|t:|1758339333
|move|p2a: Gliscor|Sand Tomb|p1a: Raging Bolt
|-supereffective|p1a: Raging Bolt
|-crit|p1a: Raging Bolt
|-damage|p1a: Raging Bolt|48/100
|-activate|p1a: Raging Bolt|move: Sand Tomb|[of] p2a: Gliscor
|move|p1a: Raging Bolt|Draco Meteor|p2a: Gliscor
|-damage|p2a: Gliscor|0 fnt
|-unboost|p1a: Raging Bolt|spa|2
|faint|p2a: Gliscor
|
|-heal|p1a: Raging Bolt|54/100|[from] item: Leftovers
|-end|p1a: Raging Bolt|Sand Tomb|[partiallytrapped]|[silent]
|upkeep
|
|t:|1758339340
|switch|p2a: Hippowdon|Hippowdon, M|100/100
|-weather|Sandstorm|[from] ability: Sand Stream|[of] p2a: Hippowdon
|turn|18
|
|t:|1758339343
|move|p1a: Raging Bolt|Draco Meteor|p2a: Hippowdon
|-damage|p2a: Hippowdon|0 fnt
|-unboost|p1a: Raging Bolt|spa|2
|faint|p2a: Hippowdon
|
|-weather|Sandstorm|[upkeep]
|-damage|p1a: Raging Bolt|48/100|[from] Sandstorm
|-heal|p1a: Raging Bolt|54/100|[from] item: Leftovers
|upkeep
|
|t:|1758339349
|switch|p2a: Drednaw|Drednaw, F|100/100
|turn|19
|
|t:|1758339353
|move|p2a: Drednaw|Shell Smash|p2a: Drednaw
|-unboost|p2a: Drednaw|def|1
|-unboost|p2a: Drednaw|spd|1
|-boost|p2a: Drednaw|atk|2
|-boost|p2a: Drednaw|spa|2
|-boost|p2a: Drednaw|spe|2
|-enditem|p2a: Drednaw|White Herb
|-clearnegativeboost|p2a: Drednaw|[silent]
|move|p1a: Raging Bolt|Thunderbolt|p2a: Drednaw
|-supereffective|p2a: Drednaw
|-damage|p2a: Drednaw|31/100
|
|-weather|Sandstorm|[upkeep]
|-damage|p1a: Raging Bolt|48/100|[from] Sandstorm
|-heal|p1a: Raging Bolt|54/100|[from] item: Leftovers
|upkeep
|turn|20
|
|t:|1758339366
|move|p1a: Raging Bolt|Thunderclap||[still]
|-fail|p1a: Raging Bolt
|move|p2a: Drednaw|Shell Smash|p2a: Drednaw
|-unboost|p2a: Drednaw|def|1
|-unboost|p2a: Drednaw|spd|1
|-boost|p2a: Drednaw|atk|2
|-boost|p2a: Drednaw|spa|2
|-boost|p2a: Drednaw|spe|2
|
|-weather|Sandstorm|[upkeep]
|-damage|p1a: Raging Bolt|48/100|[from] Sandstorm
|-heal|p1a: Raging Bolt|54/100|[from] item: Leftovers
|upkeep
|turn|21
|
|t:|1758339370
|move|p1a: Raging Bolt|Thunderclap|p2a: Drednaw
|-supereffective|p2a: Drednaw
|-damage|p2a: Drednaw|0 fnt
|faint|p2a: Drednaw
|
|-weather|Sandstorm|[upkeep]
|-damage|p1a: Raging Bolt|48/100|[from] Sandstorm
|-heal|p1a: Raging Bolt|54/100|[from] item: Leftovers
|upkeep
|-message|oreoinabox forfeited.
|
|win|catcat77
|raw|catcat77's rating: 1489 &rarr; <strong>1509</strong><br />(+20 for winning)
|raw|oreoinabox's rating: 1494 &rarr; <strong>1474</strong><br />(-20 for losing)
|l|☆oreoinabox
|player|p2|
|l|☆catcat77
|player|p1|
