|j|☆tea chai
|j|☆don coleone
|t:|1758268740
|gametype|singles
|player|p1|tea chai|iris|1444
|player|p2|don coleone|266|1482
|gen|9
|tier|[Gen 9] OU
|rated|
|rule|HP Percentage Mod: HP is shown in percentages
|rule|Endless Battle Clause: Forcing endless battles is banned
|rule|Species Clause: Limit one of each Pokémon
|rule|OHKO Clause: OHKO moves are banned
|rule|Evasion Items Clause: Evasion items are banned
|rule|Evasion Moves Clause: Evasion moves are banned
|rule|Evasion Abilities Clause: Evasion abilities are banned
|rule|Sleep Moves Clause: Sleep-inducing moves are banned
|clearpoke
|poke|p1|Corviknight, M|
|poke|p1|Rillaboom, F|
|poke|p1|Iron Moth|
|poke|p1|Iron Treads|
|poke|p1|Primarina, M|
|poke|p1|Scyther, M|
|poke|p2|Lokix, F|
|poke|p2|Comfey, F|
|poke|p2|Weezing-Galar, F|
|poke|p2|Feraligatr, F|
|poke|p2|Clodsire, M|
|poke|p2|Alomomola, M|
|teampreview
|j| unira
|
|t:|1758268754
|teamsize|p1|6
|teamsize|p2|6
|start
|switch|p1a: Scyther|Scyther, M|100/100
|switch|p2a: Lokix|Lokix, F|100/100
|turn|1
|
|t:|1758268760
|switch|p2a: Weezing|Weezing-Galar, F|100/100
|-ability|p2a: Weezing|Neutralizing Gas
|move|p1a: Scyther|Fury Cutter|p2a: Weezing
|-resisted|p2a: Weezing
|-damage|p2a: Weezing|98/100
|
|-heal|p2a: Weezing|100/100|[from] item: Leftovers
|upkeep
|turn|2
|
|t:|1758268770
|switch|p1a: Iron Moth|Iron Moth|100/100
|move|p2a: Weezing|Will-O-Wisp|p1a: Iron Moth
|-immune|p1a: Iron Moth
|
|upkeep
|turn|3
|
|t:|1758268776
|-end|p2a: Weezing|ability: Neutralizing Gas
|switch|p2a: Clodsire|Clodsire, M|100/100
|move|p1a: Iron Moth|Fiery Dance|p2a: Clodsire
|-damage|p2a: Clodsire|76/100
|
|-heal|p2a: Clodsire|82/100|[from] item: Leftovers
|upkeep
|turn|4
|
|t:|1758268785
|-end|p1a: Iron Moth|Quark Drive|[silent]
|switch|p1a: Scyther|Scyther, M|100/100
|move|p2a: Clodsire|Stealth Rock|p1a: Scyther
|-sidestart|p1: tea chai|move: Stealth Rock
|
|-heal|p2a: Clodsire|88/100|[from] item: Leftovers
|upkeep
|turn|5
|
|t:|1758268790
|switch|p2a: Weezing|Weezing-Galar, F|100/100
|-ability|p2a: Weezing|Neutralizing Gas
|move|p1a: Scyther|Dual Wingbeat|p2a: Weezing
|-damage|p2a: Weezing|88/100
|-damage|p2a: Weezing|76/100
|-hitcount|p2a: Weezing|2
|
|-heal|p2a: Weezing|82/100|[from] item: Leftovers
|upkeep
|turn|6
|
|t:|1758268814
|switch|p1a: Iron Moth|Iron Moth|100/100
|-end|p2a: Weezing|ability: Neutralizing Gas
|switch|p2a: Clodsire|Clodsire, M|88/100
|
|-heal|p2a: Clodsire|95/100|[from] item: Leftovers
|upkeep
|turn|7
|
|t:|1758268821
|-end|p1a: Iron Moth|Quark Drive|[silent]
|switch|p1a: Corviknight|Corviknight, M, shiny|100/100
|-damage|p1a: Corviknight|88/100|[from] Stealth Rock
|move|p2a: Clodsire|Poison Jab|p1a: Corviknight
|-immune|p1a: Corviknight
|
|-heal|p2a: Clodsire|100/100|[from] item: Leftovers
|upkeep
|turn|8
|
|t:|1758268830
|switch|p2a: Feraligatr|Feraligatr, F|100/100
|move|p1a: Corviknight|Brave Bird|p2a: Feraligatr
|-damage|p2a: Feraligatr|61/100
|-damage|p1a: Corviknight|78/100|[from] Recoil
|
|upkeep
|turn|9
|
|t:|1758268835
|move|p2a: Feraligatr|Dragon Dance|p2a: Feraligatr
|-boost|p2a: Feraligatr|atk|1
|-boost|p2a: Feraligatr|spe|1
|move|p1a: Corviknight|U-turn|p2a: Feraligatr
|-damage|p2a: Feraligatr|45/100
|
|t:|1758268837
|switch|p1a: Rillaboom|Rillaboom, F|100/100|[from] U-turn
|-damage|p1a: Rillaboom|88/100|[from] Stealth Rock
|-fieldstart|move: Grassy Terrain|[from] ability: Grassy Surge|[of] p1a: Rillaboom
|
|-heal|p2a: Feraligatr|51/100|[from] Grassy Terrain
|-heal|p1a: Rillaboom|94/100|[from] Grassy Terrain
|upkeep
|turn|10
|
|t:|1758268843
|switch|p2a: Weezing|Weezing-Galar, F|82/100
|-ability|p2a: Weezing|Neutralizing Gas
|move|p1a: Rillaboom|Grassy Glide|p2a: Weezing
|-resisted|p2a: Weezing
|-damage|p2a: Weezing|68/100
|
|-heal|p1a: Rillaboom|100/100|[from] Grassy Terrain
|-heal|p2a: Weezing|74/100|[from] Grassy Terrain
|-heal|p2a: Weezing|80/100|[from] item: Leftovers
|upkeep
|turn|11
|
|t:|1758268849
|-end|p2a: Weezing|ability: Neutralizing Gas
|switch|p2a: Feraligatr|Feraligatr, F|51/100
|move|p1a: Rillaboom|U-turn|p2a: Feraligatr
|-damage|p2a: Feraligatr|22/100
|
|t:|1758268867
|switch|p1a: Iron Moth|Iron Moth|100/100|[from] U-turn
|
|-heal|p2a: Feraligatr|28/100|[from] Grassy Terrain
|upkeep
|turn|12
|
|t:|1758268875
|switch|p2a: Clodsire|Clodsire, M|100/100
|move|p1a: Iron Moth|Energy Ball|p2a: Clodsire
|-damage|p2a: Clodsire|77/100
|
|-heal|p2a: Clodsire|83/100|[from] Grassy Terrain
|-heal|p2a: Clodsire|89/100|[from] item: Leftovers
|upkeep
|turn|13
|
|t:|1758268885
|-end|p1a: Iron Moth|Quark Drive|[silent]
|switch|p1a: Corviknight|Corviknight, M, shiny|78/100
|-damage|p1a: Corviknight|65/100|[from] Stealth Rock
|switch|p2a: Alomomola|Alomomola, M|100/100
|
|-fieldend|move: Grassy Terrain
|upkeep
|turn|14
|
|t:|1758268890
|move|p2a: Alomomola|Wish|p2a: Alomomola
|move|p1a: Corviknight|U-turn|p2a: Alomomola
|-damage|p2a: Alomomola|92/100
|
|t:|1758268904
|switch|p1a: Scyther|Scyther, M|100/100|[from] U-turn
|
|-heal|p2a: Alomomola|99/100|[from] item: Leftovers
|upkeep
|turn|15
|
|t:|1758268909
|move|p1a: Scyther|Swords Dance|p1a: Scyther
|-boost|p1a: Scyther|atk|2
|move|p2a: Alomomola|Flip Turn|p1a: Scyther
|-damage|p1a: Scyther|75/100
|
|t:|1758268921
|switch|p2a: Weezing|Weezing-Galar, F|80/100|[from] Flip Turn
|-ability|p2a: Weezing|Neutralizing Gas
|
|-heal|p2a: Weezing|100/100|[from] move: Wish|[wisher] Alomomola
|upkeep
|turn|16
|inactive|Battle timer is ON: inactive players will automatically lose when time's up. (requested by don coleone)
|
|t:|1758268946
|switch|p1a: Iron Moth|Iron Moth|100/100
|move|p2a: Weezing|Will-O-Wisp|p1a: Iron Moth
|-immune|p1a: Iron Moth
|
|upkeep
|turn|17
|
|t:|1758268956
|-end|p2a: Weezing|ability: Neutralizing Gas
|switch|p2a: Clodsire|Clodsire, M|89/100
|move|p1a: Iron Moth|Psychic|p2a: Clodsire
|-supereffective|p2a: Clodsire
|-damage|p2a: Clodsire|56/100
|
|-heal|p2a: Clodsire|62/100|[from] item: Leftovers
|upkeep
|turn|18
|
|t:|1758268985
|-end|p1a: Iron Moth|Quark Drive|[silent]
|switch|p1a: Corviknight|Corviknight, M, shiny|65/100
|-damage|p1a: Corviknight|53/100|[from] Stealth Rock
|move|p2a: Clodsire|Earthquake|p1a: Corviknight
|-immune|p1a: Corviknight
|
|-heal|p2a: Clodsire|68/100|[from] item: Leftovers
|upkeep
|turn|19
|
|t:|1758268992
|switch|p2a: Alomomola|Alomomola, M|100/100
|move|p1a: Corviknight|U-turn|p2a: Alomomola
|-damage|p2a: Alomomola|93/100
|
|t:|1758269001
|switch|p1a: Primarina|Primarina, M|100/100|[from] U-turn
|-damage|p1a: Primarina|88/100|[from] Stealth Rock
|
|-heal|p2a: Alomomola|99/100|[from] item: Leftovers
|upkeep
|turn|20
|
|t:|1758269009
|move|p2a: Alomomola|Wish|p2a: Alomomola
|move|p1a: Primarina|Psychic Noise|p2a: Alomomola
|-damage|p2a: Alomomola|65/100
|-start|p2a: Alomomola|move: Heal Block
|
|upkeep
|turn|21
|
|t:|1758269018
|move|p2a: Alomomola|Flip Turn|p1a: Primarina
|-resisted|p1a: Primarina
|-damage|p1a: Primarina|79/100
|
|t:|1758269025
|switch|p2a: Comfey|Comfey, F|100/100|[from] Flip Turn
|move|p1a: Primarina|Moonblast|p2a: Comfey
|-damage|p2a: Comfey|49/100
|
|-heal|p2a: Comfey|100/100|[from] move: Wish|[wisher] Alomomola
|upkeep
|turn|22
|inactive|tea chai has 120 seconds left.
|
|t:|1758269063
|switch|p1a: Iron Treads|Iron Treads|100/100
|-damage|p1a: Iron Treads|97/100|[from] Stealth Rock
|move|p2a: Comfey|Giga Drain|p1a: Iron Treads
|-damage|p1a: Iron Treads|73/100
|-damage|p2a: Comfey|91/100|[from] item: Life Orb
|
|upkeep
|turn|23
|
|t:|1758269078
|switch|p2a: Alomomola|Alomomola, M|99/100
|move|p1a: Iron Treads|Rapid Spin|p2a: Alomomola
|-damage|p2a: Alomomola|90/100
|-boost|p1a: Iron Treads|spe|1
|-sideend|p1: tea chai|Stealth Rock|[from] move: Rapid Spin|[of] p1a: Iron Treads
|
|-heal|p2a: Alomomola|96/100|[from] item: Leftovers
|upkeep
|turn|24
|
|t:|1758269086
|-end|p1a: Iron Treads|Quark Drive|[silent]
|switch|p1a: Rillaboom|Rillaboom, F|100/100
|-fieldstart|move: Grassy Terrain|[from] ability: Grassy Surge|[of] p1a: Rillaboom
|move|p2a: Alomomola|Flip Turn|p1a: Rillaboom
|-resisted|p1a: Rillaboom
|-damage|p1a: Rillaboom|91/100
|l|☆don coleone
|inactive|don coleone disconnected and has a minute to reconnect!
|player|p2|
|inactive|don coleone has 30 seconds to reconnect!
|j|☆don coleone
|inactive|don coleone reconnected and has 100 seconds left.
|player|p2|don coleone|266|
|
|t:|1758269142
|switch|p2a: Lokix|Lokix, F|100/100|[from] Flip Turn
|
|-heal|p1a: Rillaboom|97/100|[from] Grassy Terrain
|upkeep
|turn|25
|
|t:|1758269153
|switch|p1a: Corviknight|Corviknight, M, shiny|53/100
|move|p2a: Lokix|Swords Dance|p2a: Lokix
|-boost|p2a: Lokix|atk|2
|
|upkeep
|turn|26
|
|t:|1758269159
|move|p2a: Lokix|Knock Off|p1a: Corviknight
|-damage|p1a: Corviknight|1/100
|-damage|p2a: Lokix|84/100|[from] item: Rocky Helmet|[of] p1a: Corviknight
|-enditem|p1a: Corviknight|Rocky Helmet|[from] move: Knock Off|[of] p2a: Lokix
|move|p1a: Corviknight|Brave Bird|p2a: Lokix
|-supereffective|p2a: Lokix
|-damage|p2a: Lokix|0 fnt
|faint|p2a: Lokix
|-damage|p1a: Corviknight|0 fnt|[from] Recoil
|faint|p1a: Corviknight
|
|upkeep
|
|t:|1758269177
|switch|p2a: Comfey|Comfey, F|91/100
|switch|p1a: Iron Moth|Iron Moth|100/100
|turn|27
|
|t:|1758269183
|-terastallize|p2a: Comfey|Ground
|move|p1a: Iron Moth|Fiery Dance|p2a: Comfey
|-damage|p2a: Comfey|45/100
|move|p2a: Comfey|Tera Blast|p1a: Iron Moth|[anim] Tera Blast Ground
|-supereffective|p1a: Iron Moth
|-damage|p1a: Iron Moth|0 fnt
|faint|p1a: Iron Moth
|-end|p1a: Iron Moth|Quark Drive|[silent]
|-damage|p2a: Comfey|35/100|[from] item: Life Orb
|
|-heal|p2a: Comfey|42/100|[from] Grassy Terrain
|upkeep
|
|t:|1758269199
|switch|p1a: Iron Treads|Iron Treads|73/100
|turn|28
|inactive|don coleone has 120 seconds left.
|
|t:|1758269209
|switch|p2a: Alomomola|Alomomola, M|100/100
|move|p1a: Iron Treads|Ice Spinner|p2a: Alomomola
|-resisted|p2a: Alomomola
|-damage|p2a: Alomomola|94/100
|-fieldend|move: Grassy Terrain
|
|-heal|p2a: Alomomola|99/100|[from] item: Leftovers
|upkeep
|turn|29
|inactive|don coleone has 120 seconds left.
|
|t:|1758269219
|-end|p1a: Iron Treads|Quark Drive|[silent]
|switch|p1a: Rillaboom|Rillaboom, F|97/100
|-fieldstart|move: Grassy Terrain|[from] ability: Grassy Surge|[of] p1a: Rillaboom
|move|p2a: Alomomola|Flip Turn|p1a: Rillaboom
|-resisted|p1a: Rillaboom
|-damage|p1a: Rillaboom|88/100
|
|t:|1758269227
|switch|p2a: Weezing|Weezing-Galar, F|100/100|[from] Flip Turn
|-ability|p2a: Weezing|Neutralizing Gas
|
|-heal|p1a: Rillaboom|94/100|[from] Grassy Terrain
|upkeep
|turn|30
|
|t:|1758269238
|move|p1a: Rillaboom|U-turn|p2a: Weezing
|-resisted|p2a: Weezing
|-damage|p2a: Weezing|97/100
|
|t:|1758269246
|switch|p1a: Scyther|Scyther, M|75/100|[from] U-turn
|move|p2a: Weezing|Toxic|p1a: Scyther
|-status|p1a: Scyther|tox
|
|-heal|p2a: Weezing|100/100|[from] Grassy Terrain
|-damage|p1a: Scyther|69/100 tox|[from] psn
|upkeep
|turn|31
|
|t:|1758269252
|move|p1a: Scyther|Swords Dance|p1a: Scyther
|-boost|p1a: Scyther|atk|2
|move|p2a: Weezing|Strange Steam|p1a: Scyther
|-damage|p1a: Scyther|28/100 tox
|
|-damage|p1a: Scyther|16/100 tox|[from] psn
|upkeep
|turn|32
|
|t:|1758269258
|move|p1a: Scyther|Dual Wingbeat|p2a: Weezing
|-damage|p2a: Weezing|78/100
|-crit|p2a: Weezing
|-damage|p2a: Weezing|43/100
|-hitcount|p2a: Weezing|2
|move|p2a: Weezing|Strange Steam|p1a: Scyther
|-damage|p1a: Scyther|0 fnt
|faint|p1a: Scyther
|
|-heal|p2a: Weezing|49/100|[from] Grassy Terrain
|-heal|p2a: Weezing|55/100|[from] item: Leftovers
|upkeep
|
|t:|1758269273
|switch|p1a: Iron Treads|Iron Treads|73/100
|turn|33
|
|t:|1758269277
|-end|p2a: Weezing|ability: Neutralizing Gas
|switch|p2a: Alomomola|Alomomola, M|100/100
|move|p1a: Iron Treads|High Horsepower|p2a: Alomomola
|-damage|p2a: Alomomola|76/100
|
|-heal|p1a: Iron Treads|79/100|[from] Grassy Terrain
|-heal|p2a: Alomomola|83/100|[from] Grassy Terrain
|-heal|p2a: Alomomola|89/100|[from] item: Leftovers
|-fieldend|move: Grassy Terrain
|upkeep
|turn|34
|
|t:|1758269281
|-end|p1a: Iron Treads|Quark Drive|[silent]
|switch|p1a: Primarina|Primarina, M|79/100
|move|p2a: Alomomola|Flip Turn|p1a: Primarina
|-resisted|p1a: Primarina
|-damage|p1a: Primarina|69/100
|
|t:|1758269287
|switch|p2a: Comfey|Comfey, F, tera:Ground|42/100|[from] Flip Turn
|
|upkeep
|turn|35
|
|t:|1758269295
|-terastallize|p1a: Primarina|Poison
|move|p2a: Comfey|Giga Drain|p1a: Primarina
|-resisted|p1a: Primarina
|-damage|p1a: Primarina|58/100
|-heal|p2a: Comfey|48/100|[from] drain|[of] p1a: Primarina
|-damage|p2a: Comfey|38/100|[from] item: Life Orb
|move|p1a: Primarina|Surf|p2a: Comfey
|-supereffective|p2a: Comfey
|-damage|p2a: Comfey|0 fnt
|faint|p2a: Comfey
|
|upkeep
|
|t:|1758269303
|switch|p2a: Feraligatr|Feraligatr, F|28/100
|turn|36
|
|t:|1758269307
|switch|p1a: Rillaboom|Rillaboom, F|94/100
|-fieldstart|move: Grassy Terrain|[from] ability: Grassy Surge|[of] p1a: Rillaboom
|move|p2a: Feraligatr|Liquidation|p1a: Rillaboom
|-resisted|p1a: Rillaboom
|-damage|p1a: Rillaboom|52/100
|
|-heal|p1a: Rillaboom|58/100|[from] Grassy Terrain
|-heal|p2a: Feraligatr|34/100|[from] Grassy Terrain
|upkeep
|turn|37
|
|t:|1758269314
|switch|p2a: Weezing|Weezing-Galar, F|55/100
|-ability|p2a: Weezing|Neutralizing Gas
|move|p1a: Rillaboom|U-turn|p2a: Weezing
|-resisted|p2a: Weezing
|-damage|p2a: Weezing|51/100
|
|t:|1758269319
|switch|p1a: Primarina|Primarina, M, tera:Poison|58/100|[from] U-turn
|
|-heal|p1a: Primarina|64/100|[from] Grassy Terrain
|-heal|p2a: Weezing|57/100|[from] Grassy Terrain
|-heal|p2a: Weezing|63/100|[from] item: Leftovers
|upkeep
|turn|38
|
|t:|1758269325
|move|p2a: Weezing|Pain Split|p1a: Primarina
|-sethp|p1a: Primarina|62/100|[from] move: Pain Split|[silent]
|-sethp|p2a: Weezing|65/100|[from] move: Pain Split
|move|p1a: Primarina|Psychic Noise|p2a: Weezing
|-supereffective|p2a: Weezing
|-damage|p2a: Weezing|0 fnt
|faint|p2a: Weezing
|-end|p2a: Weezing|ability: Neutralizing Gas
|
|-heal|p1a: Primarina|68/100|[from] Grassy Terrain
|upkeep
|
|t:|1758269336
|switch|p2a: Feraligatr|Feraligatr, F|34/100
|turn|39
|
|t:|1758269341
|switch|p1a: Rillaboom|Rillaboom, F|58/100
|move|p2a: Feraligatr|Crunch|p1a: Rillaboom
|-damage|p1a: Rillaboom|11/100
|
|-heal|p1a: Rillaboom|17/100|[from] Grassy Terrain
|-heal|p2a: Feraligatr|40/100|[from] Grassy Terrain
|upkeep
|turn|40
|
|t:|1758269349
|switch|p2a: Clodsire|Clodsire, M|68/100
|move|p1a: Rillaboom|Grassy Glide|p2a: Clodsire
|-damage|p2a: Clodsire|27/100
|
|-heal|p1a: Rillaboom|23/100|[from] Grassy Terrain
|-heal|p2a: Clodsire|33/100|[from] Grassy Terrain
|-heal|p2a: Clodsire|39/100|[from] item: Leftovers
|-fieldend|move: Grassy Terrain
|upkeep
|turn|41
|
|t:|1758269356
|move|p1a: Rillaboom|Knock Off|p2a: Clodsire
|-damage|p2a: Clodsire|0 fnt
|-enditem|p2a: Clodsire|Leftovers|[from] move: Knock Off|[of] p1a: Rillaboom
|faint|p2a: Clodsire
|
|upkeep
|
|t:|1758269359
|switch|p2a: Alomomola|Alomomola, M|100/100
|turn|42
|
|t:|1758269365
|move|p1a: Rillaboom|U-turn|p2a: Alomomola
|-crit|p2a: Alomomola
|-damage|p2a: Alomomola|80/100
|
|t:|1758269367
|switch|p1a: Primarina|Primarina, M, tera:Poison|68/100|[from] U-turn
|move|p2a: Alomomola|Flip Turn|p1a: Primarina
|-damage|p1a: Primarina|48/100
|
|t:|1758269371
|switch|p2a: Feraligatr|Feraligatr, F|40/100|[from] Flip Turn
|
|upkeep
|turn|43
|
|t:|1758269380
|move|p2a: Feraligatr|Liquidation|p1a: Primarina
|-crit|p1a: Primarina
|-damage|p1a: Primarina|0 fnt
|faint|p1a: Primarina
|
|upkeep
|
|t:|1758269383
|switch|p1a: Rillaboom|Rillaboom, F|23/100
|-fieldstart|move: Grassy Terrain|[from] ability: Grassy Surge|[of] p1a: Rillaboom
|turn|44
|
|t:|1758269387
|move|p1a: Rillaboom|Grassy Glide|p2a: Feraligatr
|-supereffective|p2a: Feraligatr
|-damage|p2a: Feraligatr|0 fnt
|faint|p2a: Feraligatr
|
|-heal|p1a: Rillaboom|29/100|[from] Grassy Terrain
|upkeep
|
|t:|1758269391
|switch|p2a: Alomomola|Alomomola, M|100/100
|turn|45
|
|t:|1758269395
|move|p1a: Rillaboom|Knock Off|p2a: Alomomola
|-damage|p2a: Alomomola|80/100
|-enditem|p2a: Alomomola|Leftovers|[from] move: Knock Off|[of] p1a: Rillaboom
|move|p2a: Alomomola|Wish|p2a: Alomomola
|
|-heal|p1a: Rillaboom|35/100|[from] Grassy Terrain
|-heal|p2a: Alomomola|87/100|[from] Grassy Terrain
|upkeep
|turn|46
|
|t:|1758269398
|move|p1a: Rillaboom|Grassy Glide|p2a: Alomomola
|-supereffective|p2a: Alomomola
|-damage|p2a: Alomomola|42/100
|move|p2a: Alomomola|Icy Wind|p1a: Rillaboom
|-supereffective|p1a: Rillaboom
|-damage|p1a: Rillaboom|25/100
|-unboost|p1a: Rillaboom|spe|1
|
|-heal|p2a: Alomomola|92/100|[from] move: Wish|[wisher] Alomomola
|-heal|p1a: Rillaboom|31/100|[from] Grassy Terrain
|-heal|p2a: Alomomola|98/100|[from] Grassy Terrain
|upkeep
|turn|47
|
|t:|1758269405
|move|p1a: Rillaboom|U-turn|p2a: Alomomola
|-damage|p2a: Alomomola|84/100
|
|t:|1758269408
|switch|p1a: Iron Treads|Iron Treads|79/100|[from] U-turn
|move|p2a: Alomomola|Icy Wind|p1a: Iron Treads
|-damage|p1a: Iron Treads|74/100
|-unboost|p1a: Iron Treads|spe|1
|
|-heal|p1a: Iron Treads|80/100|[from] Grassy Terrain
|-heal|p2a: Alomomola|90/100|[from] Grassy Terrain
|upkeep
|turn|48
|
|t:|1758269413
|move|p1a: Iron Treads|High Horsepower|p2a: Alomomola
|-damage|p2a: Alomomola|66/100
|move|p2a: Alomomola|Flip Turn|p1a: Iron Treads
|-supereffective|p1a: Iron Treads
|-damage|p1a: Iron Treads|51/100
|
|-heal|p1a: Iron Treads|58/100|[from] Grassy Terrain
|-heal|p2a: Alomomola|72/100|[from] Grassy Terrain
|-fieldend|move: Grassy Terrain
|upkeep
|turn|49
|
|t:|1758269424
|move|p1a: Iron Treads|High Horsepower|p2a: Alomomola
|-damage|p2a: Alomomola|48/100
|move|p2a: Alomomola|Wish|p2a: Alomomola
|
|upkeep
|turn|50
|
|t:|1758269429
|move|p1a: Iron Treads|High Horsepower|p2a: Alomomola
|-damage|p2a: Alomomola|26/100
|move|p2a: Alomomola|Flip Turn|p1a: Iron Treads
|-supereffective|p1a: Iron Treads
|-damage|p1a: Iron Treads|26/100
|
|-heal|p2a: Alomomola|76/100|[from] move: Wish|[wisher] Alomomola
|upkeep
|turn|51
|
|t:|1758269434
|move|p1a: Iron Treads|High Horsepower|p2a: Alomomola
|-damage|p2a: Alomomola|51/100
|move|p2a: Alomomola|Wish|p2a: Alomomola
|
|upkeep
|turn|52
|
|t:|1758269440
|-end|p1a: Iron Treads|Quark Drive|[silent]
|switch|p1a: Rillaboom|Rillaboom, F|31/100
|-fieldstart|move: Grassy Terrain|[from] ability: Grassy Surge|[of] p1a: Rillaboom
|move|p2a: Alomomola|Flip Turn|p1a: Rillaboom
|-resisted|p1a: Rillaboom
|-damage|p1a: Rillaboom|22/100
|
|-heal|p2a: Alomomola|100/100|[from] move: Wish|[wisher] Alomomola
|-heal|p1a: Rillaboom|28/100|[from] Grassy Terrain
|upkeep
|turn|53
|
|t:|1758269444
|move|p1a: Rillaboom|Grassy Glide|p2a: Alomomola
|-supereffective|p2a: Alomomola
|-damage|p2a: Alomomola|57/100
|move|p2a: Alomomola|Icy Wind|p1a: Rillaboom
|-supereffective|p1a: Rillaboom
|-damage|p1a: Rillaboom|17/100
|-unboost|p1a: Rillaboom|spe|1
|
|-heal|p1a: Rillaboom|23/100|[from] Grassy Terrain
|-heal|p2a: Alomomola|64/100|[from] Grassy Terrain
|upkeep
|turn|54
|
|t:|1758269452
|move|p1a: Rillaboom|Grassy Glide|p2a: Alomomola
|-supereffective|p2a: Alomomola
|-damage|p2a: Alomomola|17/100
|move|p2a: Alomomola|Wish|p2a: Alomomola
|
|-heal|p1a: Rillaboom|29/100|[from] Grassy Terrain
|-heal|p2a: Alomomola|23/100|[from] Grassy Terrain
|upkeep
|turn|55
|
|t:|1758269457
|move|p2a: Alomomola|Protect|p2a: Alomomola
|-singleturn|p2a: Alomomola|Protect
|move|p1a: Rillaboom|Grassy Glide|p2a: Alomomola
|-activate|p2a: Alomomola|move: Protect
|
|-heal|p2a: Alomomola|73/100|[from] move: Wish|[wisher] Alomomola
|-heal|p1a: Rillaboom|35/100|[from] Grassy Terrain
|-heal|p2a: Alomomola|80/100|[from] Grassy Terrain
|upkeep
|turn|56
|
|t:|1758269460
|move|p1a: Rillaboom|Grassy Glide|p2a: Alomomola
|-supereffective|p2a: Alomomola
|-damage|p2a: Alomomola|40/100
|move|p2a: Alomomola|Wish|p2a: Alomomola
|
|-heal|p1a: Rillaboom|41/100|[from] Grassy Terrain
|-heal|p2a: Alomomola|46/100|[from] Grassy Terrain
|-fieldend|move: Grassy Terrain
|upkeep
|turn|57
|
|t:|1758269463
|switch|p1a: Iron Treads|Iron Treads|26/100
|move|p2a: Alomomola|Icy Wind|p1a: Iron Treads
|-damage|p1a: Iron Treads|20/100
|-unboost|p1a: Iron Treads|spe|1
|
|-heal|p2a: Alomomola|96/100|[from] move: Wish|[wisher] Alomomola
|upkeep
|turn|58
|
|t:|1758269476
|-end|p1a: Iron Treads|Quark Drive|[silent]
|switch|p1a: Rillaboom|Rillaboom, F|41/100
|-fieldstart|move: Grassy Terrain|[from] ability: Grassy Surge|[of] p1a: Rillaboom
|move|p2a: Alomomola|Icy Wind|p1a: Rillaboom
|-supereffective|p1a: Rillaboom
|-damage|p1a: Rillaboom|30/100
|-unboost|p1a: Rillaboom|spe|1
|
|-heal|p1a: Rillaboom|36/100|[from] Grassy Terrain
|-heal|p2a: Alomomola|100/100|[from] Grassy Terrain
|upkeep
|turn|59
|
|t:|1758269483
|move|p1a: Rillaboom|Grassy Glide|p2a: Alomomola
|-supereffective|p2a: Alomomola
|-damage|p2a: Alomomola|61/100
|move|p2a: Alomomola|Icy Wind|p1a: Rillaboom
|-supereffective|p1a: Rillaboom
|-damage|p1a: Rillaboom|26/100
|-unboost|p1a: Rillaboom|spe|1
|
|-heal|p2a: Alomomola|67/100|[from] Grassy Terrain
|-heal|p1a: Rillaboom|32/100|[from] Grassy Terrain
|upkeep
|turn|60
|
|t:|1758269492
|move|p2a: Alomomola|Protect|p2a: Alomomola
|-singleturn|p2a: Alomomola|Protect
|move|p1a: Rillaboom|Grassy Glide|p2a: Alomomola
|-activate|p2a: Alomomola|move: Protect
|
|-heal|p2a: Alomomola|74/100|[from] Grassy Terrain
|-heal|p1a: Rillaboom|39/100|[from] Grassy Terrain
|upkeep
|turn|61
|
|t:|1758269497
|move|p1a: Rillaboom|Grassy Glide|p2a: Alomomola
|-supereffective|p2a: Alomomola
|-crit|p2a: Alomomola
|-damage|p2a: Alomomola|11/100
|move|p2a: Alomomola|Wish|p2a: Alomomola
|
|-heal|p2a: Alomomola|18/100|[from] Grassy Terrain
|-heal|p1a: Rillaboom|45/100|[from] Grassy Terrain
|upkeep
|turn|62
|
|t:|1758269503
|switch|p1a: Iron Treads|Iron Treads|20/100
|move|p2a: Alomomola|Protect||[still]
|-fail|p2a: Alomomola
|
|-heal|p2a: Alomomola|68/100|[from] move: Wish|[wisher] Alomomola
|-heal|p1a: Iron Treads|26/100|[from] Grassy Terrain
|-heal|p2a: Alomomola|74/100|[from] Grassy Terrain
|-fieldend|move: Grassy Terrain
|upkeep
|turn|63
|
|t:|1758269507
|move|p1a: Iron Treads|High Horsepower|p2a: Alomomola
|-damage|p2a: Alomomola|48/100
|move|p2a: Alomomola|Flip Turn|p1a: Iron Treads
|-supereffective|p1a: Iron Treads
|-damage|p1a: Iron Treads|0 fnt
|faint|p1a: Iron Treads
|-end|p1a: Iron Treads|Quark Drive|[silent]
|
|upkeep
|
|t:|1758269512
|switch|p1a: Rillaboom|Rillaboom, F|45/100
|-fieldstart|move: Grassy Terrain|[from] ability: Grassy Surge|[of] p1a: Rillaboom
|turn|64
|
|t:|1758269515
|move|p2a: Alomomola|Protect|p2a: Alomomola
|-singleturn|p2a: Alomomola|Protect
|move|p1a: Rillaboom|Grassy Glide|p2a: Alomomola
|-activate|p2a: Alomomola|move: Protect
|
|-heal|p1a: Rillaboom|51/100|[from] Grassy Terrain
|-heal|p2a: Alomomola|55/100|[from] Grassy Terrain
|upkeep
|turn|65
|
|t:|1758269523
|move|p1a: Rillaboom|Grassy Glide|p2a: Alomomola
|-supereffective|p2a: Alomomola
|-damage|p2a: Alomomola|15/100
|move|p2a: Alomomola|Wish|p2a: Alomomola
|
|-heal|p1a: Rillaboom|57/100|[from] Grassy Terrain
|-heal|p2a: Alomomola|21/100|[from] Grassy Terrain
|upkeep
|turn|66
|
|t:|1758269529
|move|p2a: Alomomola|Protect|p2a: Alomomola
|-singleturn|p2a: Alomomola|Protect
|move|p1a: Rillaboom|Grassy Glide|p2a: Alomomola
|-activate|p2a: Alomomola|move: Protect
|
|-heal|p2a: Alomomola|71/100|[from] move: Wish|[wisher] Alomomola
|-heal|p1a: Rillaboom|63/100|[from] Grassy Terrain
|-heal|p2a: Alomomola|78/100|[from] Grassy Terrain
|upkeep
|turn|67
|
|t:|1758269532
|move|p1a: Rillaboom|Grassy Glide|p2a: Alomomola
|-supereffective|p2a: Alomomola
|-damage|p2a: Alomomola|37/100
|move|p2a: Alomomola|Wish|p2a: Alomomola
|
|-heal|p1a: Rillaboom|69/100|[from] Grassy Terrain
|-heal|p2a: Alomomola|43/100|[from] Grassy Terrain
|upkeep
|turn|68
|
|t:|1758269538
|move|p2a: Alomomola|Protect|p2a: Alomomola
|-singleturn|p2a: Alomomola|Protect
|move|p1a: Rillaboom|Grassy Glide|p2a: Alomomola
|-activate|p2a: Alomomola|move: Protect
|
|-heal|p2a: Alomomola|93/100|[from] move: Wish|[wisher] Alomomola
|-heal|p1a: Rillaboom|76/100|[from] Grassy Terrain
|-heal|p2a: Alomomola|99/100|[from] Grassy Terrain
|-fieldend|move: Grassy Terrain
|upkeep
|turn|69
|
|t:|1758269542
|move|p1a: Rillaboom|Grassy Glide|p2a: Alomomola
|-supereffective|p2a: Alomomola
|-damage|p2a: Alomomola|64/100
|move|p2a: Alomomola|Icy Wind|p1a: Rillaboom
|-supereffective|p1a: Rillaboom
|-damage|p1a: Rillaboom|65/100
|-unboost|p1a: Rillaboom|spe|1
|
|upkeep
|turn|70
|
|t:|1758269548
|move|p1a: Rillaboom|Grassy Glide|p2a: Alomomola
|-supereffective|p2a: Alomomola
|-damage|p2a: Alomomola|30/100
|move|p2a: Alomomola|Wish|p2a: Alomomola
|
|upkeep
|turn|71
|
|t:|1758269558
|move|p2a: Alomomola|Protect|p2a: Alomomola
|-singleturn|p2a: Alomomola|Protect
|move|p1a: Rillaboom|Grassy Glide|p2a: Alomomola
|-activate|p2a: Alomomola|move: Protect
|
|-heal|p2a: Alomomola|80/100|[from] move: Wish|[wisher] Alomomola
|upkeep
|turn|72
|
|t:|1758269561
|move|p1a: Rillaboom|Grassy Glide|p2a: Alomomola
|-supereffective|p2a: Alomomola
|-crit|p2a: Alomomola
|-damage|p2a: Alomomola|32/100
|move|p2a: Alomomola|Icy Wind|p1a: Rillaboom
|-supereffective|p1a: Rillaboom
|-crit|p1a: Rillaboom
|-damage|p1a: Rillaboom|48/100
|-unboost|p1a: Rillaboom|spe|1
|
|upkeep
|turn|73
|
|t:|1758269573
|move|p2a: Alomomola|Protect|p2a: Alomomola
|-singleturn|p2a: Alomomola|Protect
|move|p1a: Rillaboom|Grassy Glide|p2a: Alomomola
|-activate|p2a: Alomomola|move: Protect
|
|upkeep
|turn|74
|
|t:|1758269576
|move|p2a: Alomomola|Wish|p2a: Alomomola
|move|p1a: Rillaboom|Grassy Glide|p2a: Alomomola
|-supereffective|p2a: Alomomola
|-damage|p2a: Alomomola|0 fnt
|faint|p2a: Alomomola
|
|win|tea chai
|raw|tea chai's rating: 1444 &rarr; <strong>1466</strong><br />(+22 for winning)
|raw|don coleone's rating: 1482 &rarr; <strong>1460</strong><br />(-22 for losing)
|c|☆don coleone|Dumb crit
|c|☆tea chai|dumb fish
|l|☆don coleone
|player|p2|
|c| unira|ohhh
|l| unira
|l|☆tea chai
|player|p1|
