|j|☆BoiledB
|j|☆Unishper
|t:|1758295375
|gametype|singles
|player|p1|BoiledB|roark|1147
|player|p2|Unishper|2|1129
|gen|9
|tier|[Gen 9] OU
|rated|
|rule|HP Percentage Mod: HP is shown in percentages
|rule|Endless Battle Clause: Forcing endless battles is banned
|rule|Species Clause: Limit one of each Pokémon
|rule|OHKO Clause: OHKO moves are banned
|rule|Evasion Items Clause: Evasion items are banned
|rule|Evasion Moves Clause: Evasion moves are banned
|rule|Evasion Abilities Clause: Evasion abilities are banned
|rule|Sleep Moves Clause: Sleep-inducing moves are banned
|clearpoke
|poke|p1|Skuntank, M|
|poke|p1|Dragapult, M|
|poke|p1|Alomomola, F|
|poke|p1|Rillaboom, M|
|poke|p1|Great Tusk|
|poke|p1|Heatran, F|
|poke|p2|Raichu-Alola, F|
|poke|p2|Ursaluna, F|
|poke|p2|Kommo-o, F|
|poke|p2|Quaquaval, F|
|poke|p2|Politoed, F|
|poke|p2|Weavile, F|
|teampreview
|
|t:|1758295396
|teamsize|p1|6
|teamsize|p2|6
|start
|switch|p1a: Great Tusk|Great Tusk|100/100
|switch|p2a: Politoed|Politoed, F|100/100
|-weather|RainDance|[from] ability: Drizzle|[of] p2a: Politoed
|turn|1
|
|t:|1758295410
|-end|p1a: Great Tusk|Protosynthesis|[silent]
|switch|p1a: Rillaboom|Rillaboom, M|100/100
|-fieldstart|move: Grassy Terrain|[from] ability: Grassy Surge|[of] p1a: Rillaboom
|move|p2a: Politoed|Weather Ball|p1a: Rillaboom
|-resisted|p1a: Rillaboom
|-damage|p1a: Rillaboom|69/100
|
|-weather|RainDance|[upkeep]
|-heal|p1a: Rillaboom|76/100|[from] Grassy Terrain
|upkeep
|turn|2
|
|t:|1758295423
|move|p1a: Rillaboom|Drain Punch|p2a: Politoed
|-damage|p2a: Politoed|58/100
|-heal|p1a: Rillaboom|96/100|[from] drain|[of] p2a: Politoed
|move|p2a: Politoed|Body Slam|p1a: Rillaboom
|-damage|p1a: Rillaboom|79/100
|
|-weather|RainDance|[upkeep]
|-heal|p1a: Rillaboom|85/100|[from] Grassy Terrain
|-heal|p2a: Politoed|65/100|[from] Grassy Terrain
|upkeep
|turn|3
|
|t:|1758295433
|move|p1a: Rillaboom|Drain Punch|p2a: Politoed
|-damage|p2a: Politoed|25/100
|-heal|p1a: Rillaboom|100/100|[from] drain|[of] p2a: Politoed
|move|p2a: Politoed|Body Slam|p1a: Rillaboom
|-damage|p1a: Rillaboom|85/100
|
|-weather|RainDance|[upkeep]
|-heal|p1a: Rillaboom|91/100|[from] Grassy Terrain
|-heal|p2a: Politoed|32/100|[from] Grassy Terrain
|upkeep
|turn|4
|
|t:|1758295443
|move|p1a: Rillaboom|Drain Punch|p2a: Politoed
|-damage|p2a: Politoed|0 fnt
|-heal|p1a: Rillaboom|100/100|[from] drain|[of] p2a: Politoed
|faint|p2a: Politoed
|
|-weather|RainDance|[upkeep]
|upkeep
|
|t:|1758295451
|switch|p2a: Weavile|Weavile, F|100/100
|turn|5
|
|t:|1758295456
|-terastallize|p1a: Rillaboom|Fighting
|move|p2a: Weavile|Ice Spinner|p1a: Rillaboom
|-damage|p1a: Rillaboom|40/100
|-fieldend|move: Grassy Terrain
|move|p1a: Rillaboom|Drain Punch|p2a: Weavile
|-supereffective|p2a: Weavile
|-damage|p2a: Weavile|0 fnt
|-heal|p1a: Rillaboom|81/100|[from] drain|[of] p2a: Weavile
|faint|p2a: Weavile
|
|-weather|none
|upkeep
|
|t:|1758295468
|switch|p2a: Raichu|Raichu-Alola, F|100/100
|turn|6
|
|t:|1758295473
|switch|p1a: Skuntank|Skuntank, M|100/100
|move|p2a: Raichu|Psychic|p1a: Skuntank
|-immune|p1a: Skuntank
|
|upkeep
|turn|7
|
|t:|1758295481
|move|p2a: Raichu|Thunder|p1a: Skuntank
|-damage|p1a: Skuntank|60/100
|-damage|p2a: Raichu|91/100|[from] item: Life Orb
|move|p1a: Skuntank|Knock Off|p2a: Raichu
|-supereffective|p2a: Raichu
|-damage|p2a: Raichu|0 fnt
|-enditem|p2a: Raichu|Life Orb|[from] move: Knock Off|[of] p1a: Skuntank
|faint|p2a: Raichu
|
|upkeep
|
|t:|1758295491
|switch|p2a: Quaquaval|Quaquaval, F|100/100
|turn|8
|
|t:|1758295505
|move|p2a: Quaquaval|Swords Dance|p2a: Quaquaval
|-boost|p2a: Quaquaval|atk|2
|move|p1a: Skuntank|Gunk Shot|p2a: Quaquaval
|-damage|p2a: Quaquaval|27/100
|-status|p2a: Quaquaval|psn
|
|-damage|p2a: Quaquaval|15/100 psn|[from] psn
|upkeep
|-enditem|p2a: Quaquaval|Liechi Berry|[eat]
|-boost|p2a: Quaquaval|atk|1|[from] item: Liechi Berry
|turn|9
|
|t:|1758295518
|move|p1a: Skuntank|Sucker Punch|p2a: Quaquaval
|-resisted|p2a: Quaquaval
|-damage|p2a: Quaquaval|0 fnt
|faint|p2a: Quaquaval
|
|upkeep
|
|t:|1758295523
|switch|p2a: Ursaluna|Ursaluna, F|100/100
|turn|10
|
|t:|1758295530
|switch|p1a: Rillaboom|Rillaboom, M, tera:Fighting|81/100
|-fieldstart|move: Grassy Terrain|[from] ability: Grassy Surge|[of] p1a: Rillaboom
|move|p2a: Ursaluna|Bulk Up|p2a: Ursaluna
|-boost|p2a: Ursaluna|atk|1
|-boost|p2a: Ursaluna|def|1
|
|-heal|p1a: Rillaboom|87/100|[from] Grassy Terrain
|-status|p2a: Ursaluna|brn|[from] item: Flame Orb
|upkeep
|turn|11
|
|t:|1758295542
|move|p1a: Rillaboom|Wood Hammer|p2a: Ursaluna
|-supereffective|p2a: Ursaluna
|-damage|p2a: Ursaluna|0 fnt
|faint|p2a: Ursaluna
|-damage|p1a: Rillaboom|45/100|[from] Recoil
|
|-heal|p1a: Rillaboom|52/100|[from] Grassy Terrain
|upkeep
|
|t:|1758295550
|switch|p2a: Kommo-o|Kommo-o, F|100/100
|turn|12
|
|t:|1758295573
|switch|p1a: Dragapult|Dragapult, M|100/100
|move|p2a: Kommo-o|Dragon Dance|p2a: Kommo-o
|-boost|p2a: Kommo-o|atk|1
|-boost|p2a: Kommo-o|spe|1
|
|upkeep
|turn|13
|
|t:|1758295582
|-terastallize|p2a: Kommo-o|Poison
|move|p1a: Dragapult|Draco Meteor|p2a: Kommo-o|[miss]
|-miss|p1a: Dragapult|p2a: Kommo-o
|move|p2a: Kommo-o|Dragon Dance|p2a: Kommo-o
|-boost|p2a: Kommo-o|atk|1
|-boost|p2a: Kommo-o|spe|1
|
|upkeep
|turn|14
|
|t:|1758295592
|move|p2a: Kommo-o|Scale Shot|p1a: Dragapult
|-supereffective|p1a: Dragapult
|-damage|p1a: Dragapult|36/100
|-supereffective|p1a: Dragapult
|-damage|p1a: Dragapult|0 fnt
|faint|p1a: Dragapult
|-hitcount|p1: Dragapult|2
|-unboost|p2a: Kommo-o|def|1
|-boost|p2a: Kommo-o|spe|1
|
|-fieldend|move: Grassy Terrain
|upkeep
|
|t:|1758295603
|switch|p1a: Heatran|Heatran, F|100/100
|turn|15
|
|t:|1758295609
|move|p2a: Kommo-o|Close Combat|p1a: Heatran
|-supereffective|p1a: Heatran
|-damage|p1a: Heatran|0 fnt
|-unboost|p2a: Kommo-o|def|1
|-unboost|p2a: Kommo-o|spd|1
|-status|p2a: Kommo-o|brn|[from] ability: Flame Body|[of] p1a: Heatran
|faint|p1a: Heatran
|
|-damage|p2a: Kommo-o|94/100 brn|[from] brn
|upkeep
|
|t:|1758295623
|switch|p1a: Great Tusk|Great Tusk|100/100
|turn|16
|
|t:|1758295629
|move|p2a: Kommo-o|Scale Shot|p1a: Great Tusk
|-damage|p1a: Great Tusk|92/100
|-damage|p1a: Great Tusk|83/100
|-damage|p1a: Great Tusk|74/100
|-damage|p1a: Great Tusk|67/100
|-damage|p1a: Great Tusk|58/100
|-hitcount|p1a: Great Tusk|5
|-unboost|p2a: Kommo-o|def|1
|-boost|p2a: Kommo-o|spe|1
|move|p1a: Great Tusk|Earthquake|p2a: Kommo-o
|-supereffective|p2a: Kommo-o
|-damage|p2a: Kommo-o|0 fnt
|faint|p2a: Kommo-o
|
|win|BoiledB
|raw|BoiledB's rating: 1147 &rarr; <strong>1171</strong><br />(+24 for winning)
|raw|Unishper's rating: 1129 &rarr; <strong>1105</strong><br />(-24 for losing)
|l|☆Unishper
|player|p2|
