|j|☆TheTired
|j|‽isaac_gam3r
|t:|1758294074
|gametype|singles
|player|p1|TheTired|colress|1579
|player|p2|isaac_gam3r|acetrainer-gen4dp|1658
|gen|9
|tier|[Gen 9] OU
|rated|
|rule|HP Percentage Mod: HP is shown in percentages
|rule|Endless Battle Clause: Forcing endless battles is banned
|rule|Species Clause: Limit one of each Pokémon
|rule|OHKO Clause: OHKO moves are banned
|rule|Evasion Items Clause: Evasion items are banned
|rule|Evasion Moves Clause: Evasion moves are banned
|rule|Evasion Abilities Clause: Evasion abilities are banned
|rule|Sleep Moves Clause: Sleep-inducing moves are banned
|clearpoke
|poke|p1|Indeedee, M|
|poke|p1|Hatterene, F|
|poke|p1|Ursaluna, F|
|poke|p1|Iron Hands|
|poke|p1|Hoopa-Unbound|
|poke|p1|Mimikyu, F|
|poke|p2|Garchomp, F|
|poke|p2|Raging Bolt|
|poke|p2|Primarina, M|
|poke|p2|Heatran, F|
|poke|p2|Weezing-Galar, M|
|poke|p2|Weavile, M|
|teampreview
|inactive|Battle timer is ON: inactive players will automatically lose when time's up. (requested by isaac_gam3r)
|inactive|TheTired has 120 seconds left.
|inactive|TheTired has 90 seconds left.
|
|t:|1758294153
|teamsize|p1|6
|teamsize|p2|6
|start
|switch|p1a: Iron Hands|Iron Hands|100/100
|switch|p2a: Weavile|Weavile, M|100/100
|-ability|p2a: Weavile|Pressure
|-enditem|p1a: Iron Hands|Booster Energy
|-activate|p1a: Iron Hands|ability: Quark Drive|[fromitem]
|-start|p1a: Iron Hands|quarkdriveatk
|turn|1
|
|t:|1758294157
|switch|p2a: Weezing|Weezing-Galar, M, shiny|100/100
|move|p1a: Iron Hands|Heavy Slam|p2a: Weezing
|-supereffective|p2a: Weezing
|-damage|p2a: Weezing|26/100
|
|-heal|p2a: Weezing|32/100|[from] item: Black Sludge
|upkeep
|turn|2
|
|t:|1758294161
|move|p2a: Weezing|Will-O-Wisp|p1a: Iron Hands
|-status|p1a: Iron Hands|brn
|move|p1a: Iron Hands|Heavy Slam|p2a: Weezing
|-supereffective|p2a: Weezing
|-damage|p2a: Weezing|0 fnt
|faint|p2a: Weezing
|
|-damage|p1a: Iron Hands|94/100 brn|[from] brn
|upkeep
|
|t:|1758294164
|switch|p2a: Primarina|Primarina, M|100/100
|turn|3
|
|t:|1758294166
|move|p2a: Primarina|Calm Mind|p2a: Primarina
|-boost|p2a: Primarina|spa|1
|-boost|p2a: Primarina|spd|1
|move|p1a: Iron Hands|Supercell Slam|p2a: Primarina
|-supereffective|p2a: Primarina
|-damage|p2a: Primarina|2/100
|
|-heal|p2a: Primarina|8/100|[from] item: Leftovers
|-damage|p1a: Iron Hands|88/100 brn|[from] brn
|upkeep
|turn|4
|
|t:|1758294171
|move|p2a: Primarina|Draining Kiss|p1a: Iron Hands
|-supereffective|p1a: Iron Hands
|-damage|p1a: Iron Hands|25/100 brn
|-heal|p2a: Primarina|67/100|[from] drain|[of] p1a: Iron Hands
|move|p1a: Iron Hands|Supercell Slam|p2a: Primarina
|-supereffective|p2a: Primarina
|-damage|p2a: Primarina|0 fnt
|faint|p2a: Primarina
|
|-damage|p1a: Iron Hands|19/100 brn|[from] brn
|upkeep
|
|t:|1758294175
|switch|p2a: Weavile|Weavile, M|100/100
|-ability|p2a: Weavile|Pressure
|turn|5
|
|t:|1758294176
|move|p2a: Weavile|Knock Off|p1a: Iron Hands
|-resisted|p1a: Iron Hands
|-crit|p1a: Iron Hands
|-damage|p1a: Iron Hands|1/100 brn
|move|p1a: Iron Hands|Close Combat|p2a: Weavile
|-supereffective|p2a: Weavile
|-enditem|p2a: Weavile|Focus Sash
|-damage|p2a: Weavile|1/100
|-unboost|p1a: Iron Hands|def|1
|-unboost|p1a: Iron Hands|spd|1
|
|-damage|p1a: Iron Hands|0 fnt|[from] brn
|faint|p1a: Iron Hands
|-end|p1a: Iron Hands|Quark Drive|[silent]
|upkeep
|
|t:|1758294199
|switch|p1a: Mimikyu|Mimikyu, F, shiny|100/100
|turn|6
|
|t:|1758294203
|move|p2a: Weavile|Triple Axel|p1a: Mimikyu
|-activate|p1a: Mimikyu|ability: Disguise
|-damage|p1a: Mimikyu|100/100
|detailschange|p1a: Mimikyu|Mimikyu-Busted, F, shiny
|-damage|p1a: Mimikyu|88/100|[from] pokemon: Mimikyu-Busted
|-damage|p1a: Mimikyu|68/100
|-damage|p1a: Mimikyu|41/100
|-hitcount|p1a: Mimikyu|3
|-enditem|p1a: Mimikyu|Red Card|[of] p2a: Weavile
|drag|p2a: Raging Bolt|Raging Bolt|100/100
|move|p1a: Mimikyu|Trick Room|p1a: Mimikyu
|-fieldstart|move: Trick Room|[of] p1a: Mimikyu
|
|upkeep
|turn|7
|j| Nikator98
|l| Nikator98
|
|t:|1758294216
|move|p2a: Raging Bolt|Dragon Pulse|p1a: Mimikyu
|-immune|p1a: Mimikyu
|move|p1a: Mimikyu|Destiny Bond|p1a: Mimikyu
|-singlemove|p1a: Mimikyu|Destiny Bond
|
|upkeep
|turn|8
|
|t:|1758294220
|move|p2a: Raging Bolt|Calm Mind|p2a: Raging Bolt
|-boost|p2a: Raging Bolt|spa|1
|-boost|p2a: Raging Bolt|spd|1
|move|p1a: Mimikyu|Play Rough|p2a: Raging Bolt
|-supereffective|p2a: Raging Bolt
|-damage|p2a: Raging Bolt|56/100
|
|-heal|p2a: Raging Bolt|63/100|[from] item: Leftovers
|upkeep
|turn|9
|
|t:|1758294224
|move|p2a: Raging Bolt|Thunderbolt|p1a: Mimikyu
|-damage|p1a: Mimikyu|0 fnt
|faint|p1a: Mimikyu
|
|-heal|p2a: Raging Bolt|69/100|[from] item: Leftovers
|upkeep
|
|t:|1758294229
|switch|p1a: Ursaluna|Ursaluna, F, shiny|100/100
|turn|10
|
|t:|1758294233
|-terastallize|p2a: Raging Bolt|Fairy
|move|p1a: Ursaluna|Headlong Rush|p2a: Raging Bolt
|-damage|p2a: Raging Bolt|10/100
|-unboost|p1a: Ursaluna|def|1
|-unboost|p1a: Ursaluna|spd|1
|move|p2a: Raging Bolt|Dragon Pulse|p1a: Ursaluna
|-damage|p1a: Ursaluna|6/100
|
|-heal|p2a: Raging Bolt|16/100|[from] item: Leftovers
|-fieldend|move: Trick Room
|-status|p1a: Ursaluna|brn|[from] item: Flame Orb
|upkeep
|turn|11
|
|t:|1758294240
|switch|p1a: Indeedee|Indeedee, M, shiny|100/100
|-fieldstart|move: Psychic Terrain|[from] ability: Psychic Surge|[of] p1a: Indeedee
|move|p2a: Raging Bolt|Thunderbolt|p1a: Indeedee
|-damage|p1a: Indeedee|16/100
|
|-heal|p2a: Raging Bolt|22/100|[from] item: Leftovers
|upkeep
|turn|12
|
|t:|1758294258
|move|p1a: Indeedee|Expanding Force|p2a: Raging Bolt
|-crit|p2a: Raging Bolt
|-damage|p2a: Raging Bolt|0 fnt
|faint|p2a: Raging Bolt
|-end|p2a: Raging Bolt|Protosynthesis|[silent]
|
|upkeep
|
|t:|1758294263
|switch|p2a: Heatran|Heatran, F|100/100
|turn|13
|
|t:|1758294266
|move|p2a: Heatran|Lava Plume|p1a: Indeedee
|-damage|p1a: Indeedee|0 fnt
|faint|p1a: Indeedee
|
|upkeep
|
|t:|1758294270
|switch|p1a: Hoopa|Hoopa-Unbound|100/100
|-enditem|p1a: Hoopa|Psychic Seed
|-boost|p1a: Hoopa|spd|1|[from] item: Psychic Seed
|turn|14
|
|t:|1758294274
|move|p2a: Heatran|Lava Plume|p1a: Hoopa
|-damage|p1a: Hoopa|79/100
|move|p1a: Hoopa|Trick Room|p1a: Hoopa
|-fieldstart|move: Trick Room|[of] p1a: Hoopa
|
|upkeep
|turn|15
|
|t:|1758294278
|move|p1a: Hoopa|Focus Blast|p2a: Heatran
|-supereffective|p2a: Heatran
|-damage|p2a: Heatran|39/100
|-item|p1a: Hoopa|Assault Vest|[from] ability: Magician|[of] p2a: Heatran
|move|p2a: Heatran|Lava Plume|p1a: Hoopa
|-damage|p1a: Hoopa|63/100
|
|upkeep
|turn|16
|
|t:|1758294282
|move|p1a: Hoopa|Focus Blast|p2a: Heatran
|-supereffective|p2a: Heatran
|-damage|p2a: Heatran|0 fnt
|faint|p2a: Heatran
|
|upkeep
|
|t:|1758294285
|switch|p2a: Weavile|Weavile, M|1/100
|-ability|p2a: Weavile|Pressure
|turn|17
|
|t:|1758294289
|move|p1a: Hoopa|Hyperspace Fury|p2a: Weavile
|-resisted|p2a: Weavile
|-damage|p2a: Weavile|0 fnt
|-unboost|p1a: Hoopa|def|1
|faint|p2a: Weavile
|
|upkeep
|
|t:|1758294291
|switch|p2a: Garchomp|Garchomp, F|100/100
|turn|18
|
|t:|1758294297
|-terastallize|p1a: Hoopa|Psychic
|move|p1a: Hoopa|Expanding Force|p2a: Garchomp
|-damage|p2a: Garchomp|0 fnt
|faint|p2a: Garchomp
|
|win|TheTired
|raw|TheTired's rating: 1579 &rarr; <strong>1603</strong><br />(+24 for winning)
|raw|isaac_gam3r's rating: 1658 &rarr; <strong>1634</strong><br />(-24 for losing)
|l|‽isaac_gam3r
|player|p2|
|l|☆TheTired
|player|p1|
