|j|☆ii el bunneh ii
|j|☆tqswell
|t:|1758264930
|gametype|singles
|player|p1|ii el bunneh ii|2|1287
|player|p2|tqswell|clown|1301
|gen|9
|tier|[Gen 9] OU
|rated|
|rule|HP Percentage Mod: HP is shown in percentages
|rule|Endless Battle Clause: Forcing endless battles is banned
|rule|Species Clause: Limit one of each Pokémon
|rule|OHKO Clause: OHKO moves are banned
|rule|Evasion Items Clause: Evasion items are banned
|rule|Evasion Moves Clause: Evasion moves are banned
|rule|Evasion Abilities Clause: Evasion abilities are banned
|rule|Sleep Moves Clause: Sleep-inducing moves are banned
|clearpoke
|poke|p1|Kyurem|
|poke|p1|Torkoal, F|
|poke|p1|Scovillain, F|
|poke|p1|Lilligant-Hisui, F|
|poke|p1|Cresselia, F|
|poke|p1|Whimsicott, M|
|poke|p2|Dragonite, F|
|poke|p2|Zamazenta-*|
|poke|p2|Landorus-Therian, M|
|poke|p2|Gholdengo|
|poke|p2|Darkrai|
|poke|p2|Hatterene, F|
|teampreview
|inactive|Battle timer is ON: inactive players will automatically lose when time's up. (requested by tqswell)
|c|☆tqswell|im abouta get rolled..
|inactive|tqswell has 120 seconds left.
|
|t:|1758264986
|teamsize|p1|6
|teamsize|p2|6
|start
|switch|p1a: Torkoal|Torkoal, F|100/100
|switch|p2a: Landorus|Landorus-Therian, M|100/100
|-ability|p2a: Landorus|Intimidate|boost
|-unboost|p1a: Torkoal|atk|1
|-weather|SunnyDay|[from] ability: Drought|[of] p1a: Torkoal
|turn|1
|
|t:|1758265012
|switch|p1a: Whimsicott|Whimsicott, M, shiny|100/100
|move|p2a: Landorus|Taunt|p1a: Whimsicott
|-start|p1a: Whimsicott|move: Taunt
|
|-weather|SunnyDay|[upkeep]
|upkeep
|turn|2
|
|t:|1758265028
|move|p1a: Whimsicott|Moonblast|p2a: Landorus
|-damage|p2a: Landorus|50/100
|move|p2a: Landorus|Stealth Rock|p1a: Whimsicott
|-sidestart|p1: ii el bunneh ii|move: Stealth Rock
|
|-weather|SunnyDay|[upkeep]
|upkeep
|turn|3
|
|t:|1758265045
|switch|p2a: Hatterene|Hatterene, F|100/100
|move|p1a: Whimsicott|Moonblast|p2a: Hatterene
|-damage|p2a: Hatterene|65/100
|
|-weather|SunnyDay|[upkeep]
|-end|p1a: Whimsicott|move: Taunt
|upkeep
|turn|4
|inactive|ii el bunneh ii has 120 seconds left.
|
|t:|1758265077
|move|p1a: Whimsicott|Moonblast|p2a: Hatterene
|-damage|p2a: Hatterene|35/100
|move|p2a: Hatterene|Mystical Fire|p1a: Whimsicott
|-supereffective|p1a: Whimsicott
|-damage|p1a: Whimsicott|0 fnt
|faint|p1a: Whimsicott
|
|-weather|SunnyDay|[upkeep]
|upkeep
|inactive|ii el bunneh ii has 120 seconds left.
|
|t:|1758265083
|switch|p1a: Scovillain|Scovillain, F, shiny|100/100
|-damage|p1a: Scovillain|76/100|[from] Stealth Rock
|turn|5
|inactive|ii el bunneh ii has 120 seconds left.
|inactive|tqswell has 120 seconds left.
|inactive|tqswell has 90 seconds left.
|
|t:|1758265173
|switch|p2a: Dragonite|Dragonite, F|100/100
|move|p1a: Scovillain|Flamethrower|p2a: Dragonite
|-resisted|p2a: Dragonite
|-damage|p2a: Dragonite|77/100
|-damage|p1a: Scovillain|66/100|[from] item: Life Orb
|
|-weather|SunnyDay|[upkeep]
|upkeep
|turn|6
|inactive|ii el bunneh ii has 120 seconds left.
|inactive|tqswell has 60 seconds left.
|
|t:|1758265200
|move|p2a: Dragonite|Extreme Speed|p1a: Scovillain
|-damage|p1a: Scovillain|12/100
|move|p1a: Scovillain|Flamethrower|p2a: Dragonite
|-resisted|p2a: Dragonite
|-damage|p2a: Dragonite|33/100
|-damage|p1a: Scovillain|2/100|[from] item: Life Orb
|
|-weather|SunnyDay|[upkeep]
|upkeep
|turn|7
|
|t:|1758265207
|move|p2a: Dragonite|Extreme Speed|p1a: Scovillain
|-damage|p1a: Scovillain|0 fnt
|faint|p1a: Scovillain
|
|-weather|SunnyDay|[upkeep]
|upkeep
|
|t:|1758265218
|switch|p1a: Kyurem|Kyurem|100/100
|-damage|p1a: Kyurem|76/100|[from] Stealth Rock
|-ability|p1a: Kyurem|Pressure
|turn|8
|inactive|tqswell has 60 seconds left.
|
|t:|1758265238
|switch|p2a: Gholdengo|Gholdengo|100/100
|move|p1a: Kyurem|Icicle Spear|p2a: Gholdengo
|-resisted|p2a: Gholdengo
|-damage|p2a: Gholdengo|93/100
|-resisted|p2a: Gholdengo
|-damage|p2a: Gholdengo|85/100
|-resisted|p2a: Gholdengo
|-damage|p2a: Gholdengo|78/100
|-resisted|p2a: Gholdengo
|-damage|p2a: Gholdengo|71/100
|-hitcount|p2a: Gholdengo|4
|
|-weather|none
|upkeep
|turn|9
|inactive|ii el bunneh ii has 120 seconds left.
|inactive|tqswell has 30 seconds left.
|
|t:|1758265270
|switch|p1a: Torkoal|Torkoal, F|100/100
|-damage|p1a: Torkoal|75/100|[from] Stealth Rock
|-weather|SunnyDay|[from] ability: Drought|[of] p1a: Torkoal
|switch|p2a: Hatterene|Hatterene, F|35/100
|
|-weather|SunnyDay|[upkeep]
|upkeep
|turn|10
|
|t:|1758265279
|move|p2a: Hatterene|Draining Kiss|p1a: Torkoal
|-resisted|p1a: Torkoal
|-damage|p1a: Torkoal|59/100
|-heal|p2a: Hatterene|48/100|[from] drain|[of] p1a: Torkoal
|move|p1a: Torkoal|Rapid Spin|p2a: Hatterene
|-damage|p2a: Hatterene|38/100
|-boost|p1a: Torkoal|spe|1
|-sideend|p1: ii el bunneh ii|Stealth Rock|[from] move: Rapid Spin|[of] p1a: Torkoal
|
|-weather|SunnyDay|[upkeep]
|upkeep
|turn|11
|
|t:|1758265284
|move|p1a: Torkoal|Lava Plume|p2a: Hatterene
|-damage|p2a: Hatterene|15/100
|-status|p2a: Hatterene|brn
|move|p2a: Hatterene|Psychic Noise|p1a: Torkoal
|-damage|p1a: Torkoal|8/100
|-start|p1a: Torkoal|move: Heal Block
|
|-weather|SunnyDay|[upkeep]
|-damage|p2a: Hatterene|9/100 brn|[from] brn
|upkeep
|turn|12
|
|t:|1758265288
|move|p1a: Torkoal|Lava Plume|p2a: Hatterene
|-damage|p2a: Hatterene|0 fnt
|faint|p2a: Hatterene
|
|-weather|SunnyDay|[upkeep]
|-end|p1a: Torkoal|move: Heal Block
|upkeep
|inactive|tqswell has 30 seconds left.
|
|t:|1758265320
|switch|p2a: Dragonite|Dragonite, F|33/100
|turn|13
|
|t:|1758265325
|move|p2a: Dragonite|Dragon Dance|p2a: Dragonite
|-boost|p2a: Dragonite|atk|1
|-boost|p2a: Dragonite|spe|1
|move|p1a: Torkoal|Will-O-Wisp|p2a: Dragonite
|-status|p2a: Dragonite|brn
|-enditem|p2a: Dragonite|Lum Berry|[eat]
|-curestatus|p2a: Dragonite|brn|[msg]
|
|-weather|SunnyDay|[upkeep]
|upkeep
|turn|14
|
|t:|1758265332
|move|p2a: Dragonite|Extreme Speed|p1a: Torkoal
|-damage|p1a: Torkoal|0 fnt
|faint|p1a: Torkoal
|
|-weather|SunnyDay|[upkeep]
|upkeep
|
|t:|1758265338
|switch|p1a: Lilligant|Lilligant-Hisui, F, shiny|100/100
|turn|15
|
|t:|1758265345
|move|p2a: Dragonite|Extreme Speed|p1a: Lilligant
|-damage|p1a: Lilligant|28/100
|move|p1a: Lilligant|Close Combat|p2a: Dragonite
|-resisted|p2a: Dragonite
|-damage|p2a: Dragonite|0 fnt
|-unboost|p1a: Lilligant|def|1
|-unboost|p1a: Lilligant|spd|1
|faint|p2a: Dragonite
|-damage|p1a: Lilligant|18/100|[from] item: Life Orb
|
|-weather|SunnyDay|[upkeep]
|upkeep
|
|t:|1758265359
|switch|p2a: Landorus|Landorus-Therian, M|50/100
|-ability|p2a: Landorus|Intimidate|boost
|-unboost|p1a: Lilligant|atk|1
|turn|16
|
|t:|1758265369
|move|p1a: Lilligant|Triple Axel|p2a: Landorus
|-supereffective|p2a: Landorus
|-damage|p2a: Landorus|28/100
|-damage|p1a: Lilligant|1/100|[from] item: Rocky Helmet|[of] p2a: Landorus
|-supereffective|p2a: Landorus
|-damage|p2a: Landorus|0 fnt
|-damage|p1a: Lilligant|0 fnt|[from] item: Rocky Helmet|[of] p2a: Landorus
|faint|p2a: Landorus
|faint|p1a: Lilligant
|-hitcount|p2: Landorus|2
|
|-weather|none
|upkeep
|inactive|tqswell has 30 seconds left.
|
|t:|1758265397
|switch|p1a: Kyurem|Kyurem|76/100
|switch|p2a: Darkrai|Darkrai|100/100
|-ability|p1a: Kyurem|Pressure
|turn|17
|
|t:|1758265406
|move|p2a: Darkrai|Taunt|p1a: Kyurem
|-start|p1a: Kyurem|move: Taunt
|cant|p1a: Kyurem|move: Taunt|Dragon Dance
|
|upkeep
|turn|18
|
|t:|1758265411
|move|p2a: Darkrai|Dark Pulse|p1a: Kyurem
|-damage|p1a: Kyurem|39/100
|move|p1a: Kyurem|Scale Shot|p2a: Darkrai|[miss]
|-miss|p1a: Kyurem|p2a: Darkrai
|
|upkeep
|turn|19
|
|t:|1758265417
|move|p2a: Darkrai|Dark Pulse|p1a: Kyurem
|-damage|p1a: Kyurem|0 fnt
|faint|p1a: Kyurem
|
|upkeep
|
|t:|1758265421
|switch|p1a: Cresselia|Cresselia, F, shiny|100/100
|turn|20
|inactive|tqswell has 60 seconds left.
|
|t:|1758265428
|-terastallize|p1a: Cresselia|Poison
|move|p2a: Darkrai|Taunt|p1a: Cresselia
|-start|p1a: Cresselia|move: Taunt
|move|p1a: Cresselia|Moonblast|p2a: Darkrai
|-supereffective|p2a: Darkrai
|-crit|p2a: Darkrai
|-damage|p2a: Darkrai|40/100
|
|upkeep
|turn|21
|inactive|tqswell has 60 seconds left.
|
|t:|1758265445
|move|p2a: Darkrai|Dark Pulse|p1a: Cresselia
|-damage|p1a: Cresselia|77/100
|move|p1a: Cresselia|Moonblast|p2a: Darkrai
|-supereffective|p2a: Darkrai
|-damage|p2a: Darkrai|0 fnt
|faint|p2a: Darkrai
|
|-heal|p1a: Cresselia|83/100|[from] item: Leftovers
|upkeep
|
|t:|1758265453
|switch|p2a: Gholdengo|Gholdengo|71/100
|turn|22
|inactive|tqswell has 60 seconds left.
|
|t:|1758265460
|-terastallize|p2a: Gholdengo|Steel
|move|p2a: Gholdengo|Make It Rain|p1a: Cresselia
|-damage|p1a: Cresselia|6/100
|-unboost|p2a: Gholdengo|spa|1
|move|p1a: Cresselia|Moonblast|p2a: Gholdengo
|-resisted|p2a: Gholdengo
|-crit|p2a: Gholdengo
|-damage|p2a: Gholdengo|55/100
|
|-heal|p1a: Cresselia|12/100|[from] item: Leftovers
|-end|p1a: Cresselia|move: Taunt
|upkeep
|turn|23
|
|t:|1758265467
|move|p2a: Gholdengo|Make It Rain|p1a: Cresselia
|-crit|p1a: Cresselia
|-damage|p1a: Cresselia|0 fnt
|-unboost|p2a: Gholdengo|spa|1
|faint|p1a: Cresselia
|
|win|tqswell
|raw|ii el bunneh ii's rating: 1287 &rarr; <strong>1263</strong><br />(-24 for losing)
|raw|tqswell's rating: 1301 &rarr; <strong>1320</strong><br />(+19 for winning)
|l|☆ii el bunneh ii
|player|p1|
|l|☆tqswell
|player|p2|
