|j|☆heyytheree
|j|☆Hhfghh
|t:|1758309133
|gametype|singles
|player|p1|heyytheree|ruinmaniac|1115
|player|p2|Hhfghh|169|1091
|gen|9
|tier|[Gen 9] OU
|rated|
|rule|HP Percentage Mod: HP is shown in percentages
|rule|Endless Battle Clause: Forcing endless battles is banned
|rule|Species Clause: Limit one of each Pokémon
|rule|OHKO Clause: OHKO moves are banned
|rule|Evasion Items Clause: Evasion items are banned
|rule|Evasion Moves Clause: Evasion moves are banned
|rule|Evasion Abilities Clause: Evasion abilities are banned
|rule|Sleep Moves Clause: Sleep-inducing moves are banned
|clearpoke
|poke|p1|Exeggutor, F|
|poke|p1|Glimmora, M|
|poke|p1|Ninetales, M|
|poke|p1|Walking Wake|
|poke|p1|Gliscor, M|
|poke|p1|Tropius, M|
|poke|p2|Blissey, F|
|poke|p2|Garganacl, F|
|poke|p2|Clefable, F|
|poke|p2|Snorlax, F|
|poke|p2|Ogerpon-Wellspring, F|
|poke|p2|Gliscor, F|
|teampreview
|
|t:|1758309136
|teamsize|p1|6
|teamsize|p2|6
|start
|switch|p1a: litterer|Glimmora, M|100/100
|switch|p2a: Ogerpon|Ogerpon-Wellspring, F|100/100
|turn|1
|
|t:|1758309142
|move|p2a: Ogerpon|Spiky Shield|p2a: Ogerpon
|-singleturn|p2a: Ogerpon|move: Protect
|move|p1a: litterer|Mortal Spin|p2a: Ogerpon
|-activate|p2a: Ogerpon|move: Protect
|-damage|p1a: litterer|88/100|[from] Spiky Shield|[of] p2a: Ogerpon
|
|upkeep
|turn|2
|
|t:|1758309148
|switch|p2a: Garganacl|Garganacl, F, shiny|100/100
|move|p1a: litterer|Mortal Spin|p2a: Garganacl
|-resisted|p2a: Garganacl
|-damage|p2a: Garganacl|98/100
|
|upkeep
|turn|3
|
|t:|1758309154
|move|p1a: litterer|Stealth Rock|p2a: Garganacl
|-sidestart|p2: Hhfghh|move: Stealth Rock
|move|p2a: Garganacl|Curse|p2a: Garganacl
|-unboost|p2a: Garganacl|spe|1
|-boost|p2a: Garganacl|atk|1
|-boost|p2a: Garganacl|def|1
|
|upkeep
|turn|4
|
|t:|1758309163
|move|p1a: litterer|Spiky Shield|p1a: litterer
|-singleturn|p1a: litterer|move: Protect
|move|p2a: Garganacl|Curse|p2a: Garganacl
|-unboost|p2a: Garganacl|spe|1
|-boost|p2a: Garganacl|atk|1
|-boost|p2a: Garganacl|def|1
|
|upkeep
|turn|5
|
|t:|1758309170
|move|p1a: litterer|Toxic Spikes|p2a: Garganacl
|-sidestart|p2: Hhfghh|move: Toxic Spikes
|move|p2a: Garganacl|Salt Cure|p1a: litterer
|-damage|p1a: litterer|60/100
|-start|p1a: litterer|Salt Cure
|-activate|p1a: litterer|ability: Toxic Debris
|-sidestart|p2: Hhfghh|move: Toxic Spikes
|
|-damage|p1a: litterer|47/100|[from] Salt Cure
|upkeep
|turn|6
|
|t:|1758309183
|switch|p1a: kudzu|Exeggutor, F|100/100
|move|p2a: Garganacl|Curse|p2a: Garganacl
|-unboost|p2a: Garganacl|spe|1
|-boost|p2a: Garganacl|atk|1
|-boost|p2a: Garganacl|def|1
|
|upkeep
|turn|7
|
|t:|1758309190
|-terastallize|p2a: Garganacl|Flying
|move|p1a: kudzu|Leech Seed|p2a: Garganacl
|-start|p2a: Garganacl|move: Leech Seed
|move|p2a: Garganacl|Salt Cure|p1a: kudzu
|-damage|p1a: kudzu|75/100
|-start|p1a: kudzu|Salt Cure
|
|-damage|p2a: Garganacl|86/100|[from] Leech Seed|[of] p1a: kudzu
|-heal|p1a: kudzu|87/100|[silent]
|-damage|p1a: kudzu|75/100|[from] Salt Cure
|upkeep
|turn|8
|
|t:|1758309202
|switch|p2a: Ogerpon|Ogerpon-Wellspring, F|100/100
|-damage|p2a: Ogerpon|88/100|[from] Stealth Rock
|-status|p2a: Ogerpon|tox
|move|p1a: kudzu|Substitute|p1a: kudzu
|-start|p1a: kudzu|Substitute
|-damage|p1a: kudzu|50/100
|-enditem|p1a: kudzu|Sitrus Berry|[eat]
|-heal|p1a: kudzu|75/100|[from] item: Sitrus Berry
|
|-damage|p2a: Ogerpon|82/100 tox|[from] psn
|-damage|p1a: kudzu|62/100|[from] Salt Cure
|upkeep
|turn|9
|inactive|Battle timer is ON: inactive players will automatically lose when time's up. (requested by Hhfghh)
|
|t:|1758309225
|move|p2a: Ogerpon|Encore|p1a: kudzu
|-start|p1a: kudzu|Encore
|move|p1a: kudzu|Substitute|p1a: kudzu
|-fail|p1a: kudzu|move: Substitute
|
|-damage|p2a: Ogerpon|69/100 tox|[from] psn
|-damage|p1a: kudzu|50/100|[from] Salt Cure
|-item|p1a: kudzu|Sitrus Berry|[from] ability: Harvest
|upkeep
|-enditem|p1a: kudzu|Sitrus Berry|[eat]
|-heal|p1a: kudzu|75/100|[from] item: Sitrus Berry
|turn|10
|
|t:|1758309238
|switch|p1a: Tropius|Tropius, M|100/100
|move|p2a: Ogerpon|Spikes|p1a: Tropius
|-sidestart|p1: heyytheree|Spikes
|
|-damage|p2a: Ogerpon|51/100 tox|[from] psn
|upkeep
|turn|11
|
|t:|1758309244
|move|p2a: Ogerpon|Spikes|p1a: Tropius
|-sidestart|p1: heyytheree|Spikes
|move|p1a: Tropius|Air Slash|p2a: Ogerpon
|-supereffective|p2a: Ogerpon
|-damage|p2a: Ogerpon|4/100 tox
|
|-damage|p2a: Ogerpon|0 fnt|[from] psn
|faint|p2a: Ogerpon
|upkeep
|
|t:|1758309254
|switch|p2a: Garganacl|Garganacl, F, shiny, tera:Flying|86/100
|-damage|p2a: Garganacl|61/100|[from] Stealth Rock
|turn|12
|
|t:|1758309259
|move|p1a: Tropius|Substitute|p1a: Tropius
|-start|p1a: Tropius|Substitute
|-damage|p1a: Tropius|76/100
|move|p2a: Garganacl|Recover|p2a: Garganacl
|-heal|p2a: Garganacl|100/100
|
|upkeep
|turn|13
|
|t:|1758309265
|move|p1a: Tropius|Leech Seed|p2a: Garganacl
|-start|p2a: Garganacl|move: Leech Seed
|move|p2a: Garganacl|Curse|p2a: Garganacl
|-unboost|p2a: Garganacl|spe|1
|-boost|p2a: Garganacl|atk|1
|-boost|p2a: Garganacl|def|1
|
|-damage|p2a: Garganacl|88/100|[from] Leech Seed|[of] p1a: Tropius
|-heal|p1a: Tropius|87/100|[silent]
|upkeep
|turn|14
|
|t:|1758309274
|move|p1a: Tropius|Giga Drain|p2a: Garganacl
|-resisted|p2a: Garganacl
|-damage|p2a: Garganacl|80/100
|-heal|p1a: Tropius|91/100|[from] drain|[of] p2a: Garganacl
|move|p2a: Garganacl|Salt Cure|p1a: Tropius
|-supereffective|p1a: Tropius
|-end|p1a: Tropius|Substitute
|
|-damage|p2a: Garganacl|68/100|[from] Leech Seed|[of] p1a: Tropius
|-heal|p1a: Tropius|100/100|[silent]
|upkeep
|turn|15
|
|t:|1758309283
|move|p1a: Tropius|Substitute|p1a: Tropius
|-start|p1a: Tropius|Substitute
|-damage|p1a: Tropius|76/100
|move|p2a: Garganacl|Salt Cure|p1a: Tropius
|-supereffective|p1a: Tropius
|-end|p1a: Tropius|Substitute
|
|-damage|p2a: Garganacl|56/100|[from] Leech Seed|[of] p1a: Tropius
|-heal|p1a: Tropius|87/100|[silent]
|upkeep
|turn|16
|
|t:|1758309291
|move|p1a: Tropius|Substitute|p1a: Tropius
|-start|p1a: Tropius|Substitute
|-damage|p1a: Tropius|62/100
|move|p2a: Garganacl|Salt Cure|p1a: Tropius
|-supereffective|p1a: Tropius
|-end|p1a: Tropius|Substitute
|
|-damage|p2a: Garganacl|43/100|[from] Leech Seed|[of] p1a: Tropius
|-heal|p1a: Tropius|74/100|[silent]
|upkeep
|turn|17
|
|t:|1758309298
|move|p1a: Tropius|Substitute|p1a: Tropius
|-start|p1a: Tropius|Substitute
|-damage|p1a: Tropius|49/100
|-enditem|p1a: Tropius|Sitrus Berry|[eat]
|-heal|p1a: Tropius|74/100|[from] item: Sitrus Berry
|move|p2a: Garganacl|Recover|p2a: Garganacl
|-heal|p2a: Garganacl|93/100
|
|-damage|p2a: Garganacl|81/100|[from] Leech Seed|[of] p1a: Tropius
|-heal|p1a: Tropius|86/100|[silent]
|upkeep
|turn|18
|
|t:|1758309308
|move|p1a: Tropius|Air Slash|p2a: Garganacl
|-damage|p2a: Garganacl|66/100
|cant|p2a: Garganacl|flinch
|
|-damage|p2a: Garganacl|54/100|[from] Leech Seed|[of] p1a: Tropius
|-heal|p1a: Tropius|98/100|[silent]
|-item|p1a: Tropius|Sitrus Berry|[from] ability: Harvest
|upkeep
|turn|19
|
|t:|1758309316
|move|p1a: Tropius|Air Slash|p2a: Garganacl
|-damage|p2a: Garganacl|39/100
|move|p2a: Garganacl|Recover|p2a: Garganacl
|-heal|p2a: Garganacl|89/100
|
|-damage|p2a: Garganacl|76/100|[from] Leech Seed|[of] p1a: Tropius
|-heal|p1a: Tropius|100/100|[silent]
|upkeep
|turn|20
|
|t:|1758309323
|move|p1a: Tropius|Air Slash|p2a: Garganacl
|-damage|p2a: Garganacl|62/100
|cant|p2a: Garganacl|flinch
|
|-damage|p2a: Garganacl|50/100|[from] Leech Seed|[of] p1a: Tropius
|upkeep
|turn|21
|
|t:|1758309328
|move|p1a: Tropius|Air Slash|p2a: Garganacl
|-crit|p2a: Garganacl
|-damage|p2a: Garganacl|26/100
|move|p2a: Garganacl|Recover|p2a: Garganacl
|-heal|p2a: Garganacl|76/100
|
|-damage|p2a: Garganacl|64/100|[from] Leech Seed|[of] p1a: Tropius
|upkeep
|turn|22
|
|t:|1758309335
|move|p1a: Tropius|Air Slash|p2a: Garganacl
|-damage|p2a: Garganacl|49/100
|move|p2a: Garganacl|Recover|p2a: Garganacl
|-heal|p2a: Garganacl|99/100
|
|-damage|p2a: Garganacl|87/100|[from] Leech Seed|[of] p1a: Tropius
|upkeep
|turn|23
|
|t:|1758309342
|move|p1a: Tropius|Air Slash|p2a: Garganacl
|-damage|p2a: Garganacl|72/100
|cant|p2a: Garganacl|flinch
|
|-damage|p2a: Garganacl|60/100|[from] Leech Seed|[of] p1a: Tropius
|upkeep
|turn|24
|
|t:|1758309349
|switch|p2a: Clefable|Clefable, F|100/100
|-status|p2a: Clefable|tox
|move|p1a: Tropius|Air Slash|p2a: Clefable
|-damage|p2a: Clefable|81/100 tox
|
|upkeep
|turn|25
|
|t:|1758309357
|move|p2a: Clefable|Reflect|p2a: Clefable
|-sidestart|p2: Hhfghh|Reflect
|move|p1a: Tropius|Leech Seed|p2a: Clefable
|-start|p2a: Clefable|move: Leech Seed
|
|upkeep
|turn|26
|
|t:|1758309362
|move|p2a: Clefable|Light Screen|p2a: Clefable
|-sidestart|p2: Hhfghh|move: Light Screen
|move|p1a: Tropius|Giga Drain|p2a: Clefable
|-damage|p2a: Clefable|72/100 tox
|
|upkeep
|turn|27
|
|t:|1758309367
|move|p2a: Clefable|Calm Mind|p2a: Clefable
|-boost|p2a: Clefable|spa|1
|-boost|p2a: Clefable|spd|1
|move|p1a: Tropius|Air Slash|p2a: Clefable
|-damage|p2a: Clefable|66/100 tox
|
|upkeep
|turn|28
|
|t:|1758309374
|switch|p1a: batman|Gliscor, M|100/100
|move|p2a: Clefable|Draining Kiss|p1a: batman
|-damage|p1a: batman|65/100
|-heal|p2a: Clefable|92/100 tox|[from] drain|[of] p1a: batman
|
|-status|p1a: batman|tox|[from] item: Toxic Orb
|upkeep
|turn|29
|
|t:|1758309383
|move|p1a: batman|Earthquake|p2a: Clefable
|-damage|p2a: Clefable|69/100 tox
|move|p2a: Clefable|Calm Mind|p2a: Clefable
|-boost|p2a: Clefable|spa|1
|-boost|p2a: Clefable|spd|1
|
|-heal|p1a: batman|77/100 tox|[from] ability: Poison Heal
|upkeep
|turn|30
|
|t:|1758309391
|move|p1a: batman|Knock Off|p2a: Clefable
|-resisted|p2a: Clefable
|-damage|p2a: Clefable|63/100 tox
|-enditem|p2a: Clefable|Light Clay|[from] move: Knock Off|[of] p1a: batman
|move|p2a: Clefable|Draining Kiss|p1a: batman
|-damage|p1a: batman|29/100 tox
|-heal|p2a: Clefable|98/100 tox|[from] drain|[of] p1a: batman
|
|-heal|p1a: batman|41/100 tox|[from] ability: Poison Heal
|upkeep
|turn|31
|
|t:|1758309414
|move|p1a: batman|Acrobatics|p2a: Clefable
|-damage|p2a: Clefable|86/100 tox
|move|p2a: Clefable|Calm Mind|p2a: Clefable
|-boost|p2a: Clefable|spa|1
|-boost|p2a: Clefable|spd|1
|
|-heal|p1a: batman|54/100 tox|[from] ability: Poison Heal
|upkeep
|turn|32
|
|t:|1758309425
|switch|p1a: firefox|Ninetales, M|100/100
|-damage|p1a: firefox|84/100|[from] Spikes
|-weather|SunnyDay|[from] ability: Drought|[of] p1a: firefox
|move|p2a: Clefable|Draining Kiss|p1a: firefox
|-resisted|p1a: firefox
|-crit|p1a: firefox
|-damage|p1a: firefox|41/100
|-heal|p2a: Clefable|100/100 tox|[from] drain|[of] p1a: firefox
|
|-weather|SunnyDay|[upkeep]
|-heal|p1a: firefox|47/100|[from] item: Leftovers
|-sideend|p2: Hhfghh|Reflect
|upkeep
|turn|33
|
|t:|1758309437
|move|p2a: Clefable|Reflect|p2a: Clefable
|-sidestart|p2: Hhfghh|Reflect
|move|p1a: firefox|Roar|p2a: Clefable
|drag|p2a: Snorlax|Snorlax, F|100/100
|-damage|p2a: Snorlax|88/100|[from] Stealth Rock
|-status|p2a: Snorlax|tox
|
|-weather|SunnyDay|[upkeep]
|-heal|p1a: firefox|53/100|[from] item: Leftovers
|-damage|p2a: Snorlax|82/100 tox|[from] psn
|-sideend|p2: Hhfghh|move: Light Screen
|upkeep
|turn|34
|
|t:|1758309451
|move|p1a: firefox|Weather Ball|p2a: Snorlax
|-damage|p2a: Snorlax|66/100 tox
|move|p2a: Snorlax|Outrage|p1a: firefox
|-damage|p1a: firefox|9/100
|
|-weather|SunnyDay|[upkeep]
|-heal|p1a: firefox|15/100|[from] item: Leftovers
|-damage|p2a: Snorlax|54/100 tox|[from] psn
|upkeep
|turn|35
|
|t:|1758309464
|switch|p1a: litterer|Glimmora, M|47/100
|-damage|p1a: litterer|31/100|[from] Spikes
|move|p2a: Snorlax|Outrage|p1a: litterer|[from] lockedmove
|-damage|p1a: litterer|0 fnt
|faint|p1a: litterer
|-start|p2a: Snorlax|confusion|[fatigue]
|
|-weather|SunnyDay|[upkeep]
|-damage|p2a: Snorlax|35/100 tox|[from] psn
|upkeep
|
|t:|1758309476
|switch|p1a: Tropius|Tropius, M|100/100
|turn|36
|
|t:|1758309479
|move|p1a: Tropius|Substitute|p1a: Tropius
|-start|p1a: Tropius|Substitute
|-damage|p1a: Tropius|76/100
|-activate|p2a: Snorlax|confusion
|move|p2a: Snorlax|Rest|p2a: Snorlax
|-status|p2a: Snorlax|slp|[from] move: Rest
|-heal|p2a: Snorlax|100/100 slp|[silent]
|
|-weather|none
|upkeep
|turn|37
|
|t:|1758309486
|switch|p2a: Clefable|Clefable, F|100/100 tox
|move|p1a: Tropius|Leech Seed|p2a: Clefable
|-start|p2a: Clefable|move: Leech Seed
|
|-sideend|p2: Hhfghh|Reflect
|upkeep
|turn|38
|
|t:|1758309493
|switch|p1a: Walking Wake|Walking Wake|100/100
|-damage|p1a: Walking Wake|84/100|[from] Spikes
|move|p2a: Clefable|Calm Mind|p2a: Clefable
|-boost|p2a: Clefable|spa|1
|-boost|p2a: Clefable|spd|1
|
|upkeep
|turn|39
|
|t:|1758309505
|-terastallize|p1a: Walking Wake|Water
|move|p1a: Walking Wake|Hydro Steam|p2a: Clefable
|-damage|p2a: Clefable|48/100 tox
|move|p2a: Clefable|Draining Kiss|p1a: Walking Wake
|-damage|p1a: Walking Wake|48/100
|-heal|p2a: Clefable|73/100 tox|[from] drain|[of] p1a: Walking Wake
|
|upkeep
|turn|40
|
|t:|1758309514
|move|p1a: Walking Wake|Hydro Steam|p2a: Clefable
|-damage|p2a: Clefable|26/100 tox
|move|p2a: Clefable|Draining Kiss|p1a: Walking Wake
|-damage|p1a: Walking Wake|16/100
|-heal|p2a: Clefable|49/100 tox|[from] drain|[of] p1a: Walking Wake
|
|upkeep
|turn|41
|
|t:|1758309526
|switch|p2a: Garganacl|Garganacl, F, shiny, tera:Flying|60/100
|-damage|p2a: Garganacl|35/100|[from] Stealth Rock
|move|p1a: Walking Wake|Hydro Steam|p2a: Garganacl
|-damage|p2a: Garganacl|0 fnt
|faint|p2a: Garganacl
|
|upkeep
|
|t:|1758309535
|switch|p2a: Blissey|Blissey, F|100/100
|turn|42
|
|t:|1758309539
|-end|p1a: Walking Wake|Protosynthesis|[silent]
|switch|p1a: batman|Gliscor, M|54/100 tox
|move|p2a: Blissey|Stealth Rock|p1a: batman
|-sidestart|p1: heyytheree|move: Stealth Rock
|
|-heal|p1a: batman|66/100 tox|[from] ability: Poison Heal
|upkeep
|turn|43
|
|t:|1758309545
|move|p1a: batman|Knock Off|p2a: Blissey
|-damage|p2a: Blissey|70/100
|-enditem|p2a: Blissey|Heavy-Duty Boots|[from] move: Knock Off|[of] p1a: batman
|move|p2a: Blissey|Seismic Toss|p1a: batman
|-damage|p1a: batman|38/100 tox
|
|-heal|p1a: batman|50/100 tox|[from] ability: Poison Heal
|upkeep
|turn|44
|
|t:|1758309553
|move|p1a: batman|Fling|p2a: Blissey
|-damage|p2a: Blissey|61/100
|-status|p2a: Blissey|tox
|-enditem|p1a: batman|Toxic Orb|[from] move: Fling
|move|p2a: Blissey|Seismic Toss|p1a: batman
|-damage|p1a: batman|22/100 tox
|
|-heal|p1a: batman|34/100 tox|[from] ability: Poison Heal
|-damage|p2a: Blissey|55/100 tox|[from] psn
|upkeep
|turn|45
|
|t:|1758309563
|move|p1a: batman|Acrobatics|p2a: Blissey
|-damage|p2a: Blissey|1/100 tox
|move|p2a: Blissey|Soft-Boiled|p2a: Blissey
|-heal|p2a: Blissey|51/100 tox
|
|-heal|p1a: batman|47/100 tox|[from] ability: Poison Heal
|-damage|p2a: Blissey|38/100 tox|[from] psn
|upkeep
|turn|46
|
|t:|1758309570
|move|p1a: batman|Acrobatics|p2a: Blissey
|-damage|p2a: Blissey|0 fnt
|faint|p2a: Blissey
|
|-heal|p1a: batman|59/100 tox|[from] ability: Poison Heal
|upkeep
|
|t:|1758309578
|switch|p2a: Clefable|Clefable, F|49/100 tox
|turn|47
|
|t:|1758309580
|move|p1a: batman|Acrobatics|p2a: Clefable
|-damage|p2a: Clefable|0 fnt
|faint|p2a: Clefable
|
|-heal|p1a: batman|72/100 tox|[from] ability: Poison Heal
|upkeep
|
|t:|1758309583
|switch|p2a: Snorlax|Snorlax, F|100/100 slp
|-damage|p2a: Snorlax|88/100 slp|[from] Stealth Rock
|turn|48
|
|t:|1758309590
|move|p1a: batman|Acrobatics|p2a: Snorlax
|-damage|p2a: Snorlax|49/100 slp
|cant|p2a: Snorlax|slp
|move|p2a: Snorlax|Sleep Talk|p2a: Snorlax
|move|p2a: Snorlax|Curse|p2a: Snorlax|[from] move: Sleep Talk
|-unboost|p2a: Snorlax|spe|1
|-boost|p2a: Snorlax|atk|1
|-boost|p2a: Snorlax|def|1
|
|-heal|p1a: batman|84/100 tox|[from] ability: Poison Heal
|upkeep
|turn|49
|
|t:|1758309600
|move|p1a: batman|Acrobatics|p2a: Snorlax
|-damage|p2a: Snorlax|23/100 slp
|-enditem|p2a: Snorlax|Apicot Berry|[eat]
|-boost|p2a: Snorlax|spd|1|[from] item: Apicot Berry
|cant|p2a: Snorlax|slp
|move|p2a: Snorlax|Sleep Talk|p2a: Snorlax
|move|p2a: Snorlax|Curse|p2a: Snorlax|[from] move: Sleep Talk
|-unboost|p2a: Snorlax|spe|1
|-boost|p2a: Snorlax|atk|1
|-boost|p2a: Snorlax|def|1
|
|-heal|p1a: batman|97/100 tox|[from] ability: Poison Heal
|upkeep
|turn|50
|
|t:|1758309612
|move|p1a: batman|Acrobatics|p2a: Snorlax
|-damage|p2a: Snorlax|5/100 slp
|-curestatus|p2a: Snorlax|slp|[msg]
|move|p2a: Snorlax|Rest|p2a: Snorlax
|-status|p2a: Snorlax|slp|[from] move: Rest
|-heal|p2a: Snorlax|100/100 slp|[silent]
|
|-heal|p1a: batman|100/100 tox|[from] ability: Poison Heal
|upkeep
|turn|51
|
|t:|1758309627
|switch|p1a: Tropius|Tropius, M|76/100
|-damage|p1a: Tropius|51/100|[from] Stealth Rock
|cant|p2a: Snorlax|slp
|move|p2a: Snorlax|Sleep Talk|p2a: Snorlax
|move|p2a: Snorlax|Curse|p2a: Snorlax|[from] move: Sleep Talk
|-unboost|p2a: Snorlax|spe|1
|-boost|p2a: Snorlax|atk|1
|-boost|p2a: Snorlax|def|1
|
|upkeep
|turn|52
|
|t:|1758309642
|move|p1a: Tropius|Substitute|p1a: Tropius
|-start|p1a: Tropius|Substitute
|-damage|p1a: Tropius|26/100
|-enditem|p1a: Tropius|Sitrus Berry|[eat]
|-heal|p1a: Tropius|51/100|[from] item: Sitrus Berry
|cant|p2a: Snorlax|slp
|move|p2a: Snorlax|Sleep Talk|p2a: Snorlax
|move|p2a: Snorlax|Curse|p2a: Snorlax|[from] move: Sleep Talk
|-unboost|p2a: Snorlax|spe|1
|-boost|p2a: Snorlax|atk|1
|-boost|p2a: Snorlax|def|1
|
|upkeep
|turn|53
|
|t:|1758309652
|move|p1a: Tropius|Leech Seed|p2a: Snorlax
|-start|p2a: Snorlax|move: Leech Seed
|-curestatus|p2a: Snorlax|slp|[msg]
|move|p2a: Snorlax|Outrage|p1a: Tropius
|-end|p1a: Tropius|Substitute
|
|-damage|p2a: Snorlax|88/100|[from] Leech Seed|[of] p1a: Tropius
|-heal|p1a: Tropius|67/100|[silent]
|upkeep
|turn|54
|
|t:|1758309661
|move|p1a: Tropius|Substitute|p1a: Tropius
|-start|p1a: Tropius|Substitute
|-damage|p1a: Tropius|42/100
|move|p2a: Snorlax|Outrage|p1a: Tropius|[from] lockedmove
|-end|p1a: Tropius|Substitute
|
|-damage|p2a: Snorlax|76/100|[from] Leech Seed|[of] p1a: Tropius
|-heal|p1a: Tropius|58/100|[silent]
|upkeep
|turn|55
|
|t:|1758309670
|move|p1a: Tropius|Substitute|p1a: Tropius
|-start|p1a: Tropius|Substitute
|-damage|p1a: Tropius|33/100
|move|p2a: Snorlax|Outrage|p1a: Tropius|[from] lockedmove
|-end|p1a: Tropius|Substitute
|-start|p2a: Snorlax|confusion|[fatigue]
|
|-damage|p2a: Snorlax|63/100|[from] Leech Seed|[of] p1a: Tropius
|-heal|p1a: Tropius|49/100|[silent]
|upkeep
|turn|56
|
|t:|1758309679
|switch|p2a: Gliscor|Gliscor, F, shiny|100/100
|-damage|p2a: Gliscor|88/100|[from] Stealth Rock
|move|p1a: Tropius|Substitute|p1a: Tropius
|-start|p1a: Tropius|Substitute
|-damage|p1a: Tropius|24/100
|
|-status|p2a: Gliscor|tox|[from] item: Toxic Orb
|-item|p1a: Tropius|Sitrus Berry|[from] ability: Harvest
|upkeep
|-enditem|p1a: Tropius|Sitrus Berry|[eat]
|-heal|p1a: Tropius|49/100|[from] item: Sitrus Berry
|turn|57
|
|t:|1758309691
|move|p2a: Gliscor|Toxic Spikes|p1a: Tropius
|-sidestart|p1: heyytheree|move: Toxic Spikes
|move|p1a: Tropius|Giga Drain|p2a: Gliscor
|-damage|p2a: Gliscor|66/100 tox
|-heal|p1a: Tropius|57/100|[from] drain|[of] p2a: Gliscor
|
|-heal|p2a: Gliscor|79/100 tox|[from] ability: Poison Heal
|-item|p1a: Tropius|Sitrus Berry|[from] ability: Harvest
|upkeep
|turn|58
|
|t:|1758309699
|move|p2a: Gliscor|Protect|p2a: Gliscor
|-singleturn|p2a: Gliscor|Protect
|move|p1a: Tropius|Leech Seed|p2a: Gliscor
|-activate|p2a: Gliscor|move: Protect
|
|-heal|p2a: Gliscor|91/100 tox|[from] ability: Poison Heal
|upkeep
|turn|59
|
|t:|1758309708
|move|p2a: Gliscor|Toxic Spikes|p1a: Tropius
|-sidestart|p1: heyytheree|move: Toxic Spikes
|move|p1a: Tropius|Leech Seed|p2a: Gliscor
|-start|p2a: Gliscor|move: Leech Seed
|
|-damage|p2a: Gliscor|79/100 tox|[from] Leech Seed|[of] p1a: Tropius
|-heal|p1a: Tropius|67/100|[silent]
|-heal|p2a: Gliscor|91/100 tox|[from] ability: Poison Heal
|upkeep
|turn|60
|
|t:|1758309716
|switch|p2a: Snorlax|Snorlax, F|63/100
|-damage|p2a: Snorlax|51/100|[from] Stealth Rock
|-status|p2a: Snorlax|tox
|move|p1a: Tropius|Air Slash|p2a: Snorlax
|-damage|p2a: Snorlax|40/100 tox
|
|-damage|p2a: Snorlax|34/100 tox|[from] psn
|upkeep
|turn|61
|
|t:|1758309725
|move|p1a: Tropius|Leech Seed|p2a: Snorlax
|-start|p2a: Snorlax|move: Leech Seed
|move|p2a: Snorlax|Rest|p2a: Snorlax
|-status|p2a: Snorlax|slp|[from] move: Rest
|-heal|p2a: Snorlax|100/100 slp|[silent]
|
|-damage|p2a: Snorlax|88/100 slp|[from] Leech Seed|[of] p1a: Tropius
|-heal|p1a: Tropius|83/100|[silent]
|upkeep
|turn|62
|
|t:|1758309734
|switch|p2a: Gliscor|Gliscor, F, shiny|91/100 tox
|-damage|p2a: Gliscor|79/100 tox|[from] Stealth Rock
|move|p1a: Tropius|Air Slash|p2a: Gliscor
|-damage|p2a: Gliscor|56/100 tox
|
|-heal|p2a: Gliscor|69/100 tox|[from] ability: Poison Heal
|upkeep
|turn|63
|
|t:|1758309744
|move|p2a: Gliscor|Protect|p2a: Gliscor
|-singleturn|p2a: Gliscor|Protect
|move|p1a: Tropius|Air Slash|p2a: Gliscor
|-activate|p2a: Gliscor|move: Protect
|
|-heal|p2a: Gliscor|81/100 tox|[from] ability: Poison Heal
|upkeep
|turn|64
|
|t:|1758309752
|switch|p2a: Snorlax|Snorlax, F|88/100 slp
|-damage|p2a: Snorlax|76/100 slp|[from] Stealth Rock
|move|p1a: Tropius|Leech Seed|p2a: Snorlax|[miss]
|-miss|p1a: Tropius|p2a: Snorlax
|
|upkeep
|turn|65
|
|t:|1758309762
|move|p1a: Tropius|Leech Seed|p2a: Snorlax|[miss]
|-miss|p1a: Tropius|p2a: Snorlax
|cant|p2a: Snorlax|slp
|move|p2a: Snorlax|Sleep Talk|p2a: Snorlax
|move|p2a: Snorlax|Rest||[from] move: Sleep Talk|[still]
|-fail|p2a: Snorlax
|
|upkeep
|turn|66
|
|t:|1758309770
|move|p1a: Tropius|Leech Seed|p2a: Snorlax
|-start|p2a: Snorlax|move: Leech Seed
|cant|p2a: Snorlax|slp
|move|p2a: Snorlax|Sleep Talk|p2a: Snorlax
|move|p2a: Snorlax|Outrage|p1a: Tropius|[from] move: Sleep Talk
|-activate|p1a: Tropius|move: Substitute|[damage]
|
|-damage|p2a: Snorlax|63/100 slp|[from] Leech Seed|[of] p1a: Tropius
|-heal|p1a: Tropius|99/100|[silent]
|upkeep
|turn|67
|
|t:|1758309780
|switch|p2a: Gliscor|Gliscor, F, shiny|81/100 tox
|-damage|p2a: Gliscor|69/100 tox|[from] Stealth Rock
|move|p1a: Tropius|Air Slash|p2a: Gliscor
|-damage|p2a: Gliscor|47/100 tox
|
|-heal|p2a: Gliscor|60/100 tox|[from] ability: Poison Heal
|upkeep
|turn|68
|
|t:|1758309788
|move|p2a: Gliscor|Protect|p2a: Gliscor
|-singleturn|p2a: Gliscor|Protect
|move|p1a: Tropius|Leech Seed|p2a: Gliscor
|-activate|p2a: Gliscor|move: Protect
|
|-heal|p2a: Gliscor|72/100 tox|[from] ability: Poison Heal
|upkeep
|turn|69
|
|t:|1758309796
|move|p2a: Gliscor|Toxic|p1a: Tropius|[miss]
|-miss|p2a: Gliscor|p1a: Tropius
|move|p1a: Tropius|Leech Seed|p2a: Gliscor
|-start|p2a: Gliscor|move: Leech Seed
|
|-damage|p2a: Gliscor|60/100 tox|[from] Leech Seed|[of] p1a: Tropius
|-heal|p1a: Tropius|100/100|[silent]
|-heal|p2a: Gliscor|72/100 tox|[from] ability: Poison Heal
|upkeep
|turn|70
|
|t:|1758309806
|switch|p2a: Snorlax|Snorlax, F|63/100 slp
|-damage|p2a: Snorlax|51/100 slp|[from] Stealth Rock
|move|p1a: Tropius|Air Slash|p2a: Snorlax
|-damage|p2a: Snorlax|40/100 slp
|
|upkeep
|turn|71
|
|t:|1758309816
|move|p1a: Tropius|Air Slash|p2a: Snorlax
|-damage|p2a: Snorlax|30/100 slp
|-curestatus|p2a: Snorlax|slp|[msg]
|move|p2a: Snorlax|Rest|p2a: Snorlax
|-status|p2a: Snorlax|slp|[from] move: Rest
|-heal|p2a: Snorlax|100/100 slp|[silent]
|
|upkeep
|turn|72
|
|t:|1758309824
|move|p1a: Tropius|Leech Seed|p2a: Snorlax
|-start|p2a: Snorlax|move: Leech Seed
|cant|p2a: Snorlax|slp
|move|p2a: Snorlax|Sleep Talk|p2a: Snorlax
|move|p2a: Snorlax|Outrage|p1a: Tropius|[from] move: Sleep Talk
|-end|p1a: Tropius|Substitute
|
|-damage|p2a: Snorlax|88/100 slp|[from] Leech Seed|[of] p1a: Tropius
|upkeep
|turn|73
|
|t:|1758309833
|switch|p2a: Gliscor|Gliscor, F, shiny|72/100 tox
|-damage|p2a: Gliscor|60/100 tox|[from] Stealth Rock
|move|p1a: Tropius|Substitute|p1a: Tropius
|-start|p1a: Tropius|Substitute
|-damage|p1a: Tropius|76/100
|
|-heal|p2a: Gliscor|72/100 tox|[from] ability: Poison Heal
|upkeep
|turn|74
|
|t:|1758309842
|move|p2a: Gliscor|Protect|p2a: Gliscor
|-singleturn|p2a: Gliscor|Protect
|move|p1a: Tropius|Giga Drain|p2a: Gliscor
|-activate|p2a: Gliscor|move: Protect
|
|-heal|p2a: Gliscor|84/100 tox|[from] ability: Poison Heal
|upkeep
|turn|75
|
|t:|1758309850
|move|p2a: Gliscor|Toxic||[still]
|-fail|p2a: Gliscor
|move|p1a: Tropius|Giga Drain|p2a: Gliscor
|-damage|p2a: Gliscor|63/100 tox
|-heal|p1a: Tropius|84/100|[from] drain|[of] p2a: Gliscor
|
|-heal|p2a: Gliscor|75/100 tox|[from] ability: Poison Heal
|upkeep
|turn|76
|
|t:|1758309857
|move|p2a: Gliscor|Protect|p2a: Gliscor
|-singleturn|p2a: Gliscor|Protect
|move|p1a: Tropius|Giga Drain|p2a: Gliscor
|-activate|p2a: Gliscor|move: Protect
|
|-heal|p2a: Gliscor|87/100 tox|[from] ability: Poison Heal
|upkeep
|turn|77
|
|t:|1758309867
|move|p2a: Gliscor|Protect|p2a: Gliscor
|-singleturn|p2a: Gliscor|Protect
|move|p1a: Tropius|Giga Drain|p2a: Gliscor
|-activate|p2a: Gliscor|move: Protect
|
|-heal|p2a: Gliscor|99/100 tox|[from] ability: Poison Heal
|upkeep
|turn|78
|
|t:|1758309874
|move|p2a: Gliscor|Protect||[still]
|-fail|p2a: Gliscor
|move|p1a: Tropius|Giga Drain|p2a: Gliscor
|-damage|p2a: Gliscor|77/100 tox
|-heal|p1a: Tropius|94/100|[from] drain|[of] p2a: Gliscor
|
|-heal|p2a: Gliscor|89/100 tox|[from] ability: Poison Heal
|upkeep
|turn|79
|
|t:|1758309883
|move|p2a: Gliscor|Protect|p2a: Gliscor
|-singleturn|p2a: Gliscor|Protect
|move|p1a: Tropius|Air Slash|p2a: Gliscor
|-activate|p2a: Gliscor|move: Protect
|
|-heal|p2a: Gliscor|100/100 tox|[from] ability: Poison Heal
|upkeep
|turn|80
|
|t:|1758309891
|move|p2a: Gliscor|Protect|p2a: Gliscor
|-singleturn|p2a: Gliscor|Protect
|move|p1a: Tropius|Giga Drain|p2a: Gliscor
|-activate|p2a: Gliscor|move: Protect
|
|upkeep
|turn|81
|
|t:|1758309901
|switch|p2a: Snorlax|Snorlax, F|88/100 slp
|-damage|p2a: Snorlax|76/100 slp|[from] Stealth Rock
|move|p1a: Tropius|Giga Drain|p2a: Snorlax
|-damage|p2a: Snorlax|65/100 slp
|-heal|p1a: Tropius|99/100|[from] drain|[of] p2a: Snorlax
|
|upkeep
|turn|82
|
|t:|1758309909
|move|p1a: Tropius|Air Slash|p2a: Snorlax
|-damage|p2a: Snorlax|55/100 slp
|cant|p2a: Snorlax|slp
|move|p2a: Snorlax|Sleep Talk|p2a: Snorlax
|move|p2a: Snorlax|Outrage|p1a: Tropius|[from] move: Sleep Talk
|-activate|p1a: Tropius|move: Substitute|[damage]
|
|upkeep
|turn|83
|
|t:|1758309920
|move|p1a: Tropius|Leech Seed|p2a: Snorlax
|-start|p2a: Snorlax|move: Leech Seed
|-curestatus|p2a: Snorlax|slp|[msg]
|move|p2a: Snorlax|Rest|p2a: Snorlax
|-status|p2a: Snorlax|slp|[from] move: Rest
|-heal|p2a: Snorlax|100/100 slp|[silent]
|
|-damage|p2a: Snorlax|88/100 slp|[from] Leech Seed|[of] p1a: Tropius
|-heal|p1a: Tropius|100/100|[silent]
|upkeep
|turn|84
|
|t:|1758309930
|switch|p2a: Gliscor|Gliscor, F, shiny|100/100 tox
|-damage|p2a: Gliscor|88/100 tox|[from] Stealth Rock
|move|p1a: Tropius|Air Slash|p2a: Gliscor
|-damage|p2a: Gliscor|65/100 tox
|
|-heal|p2a: Gliscor|77/100 tox|[from] ability: Poison Heal
|upkeep
|turn|85
|
|t:|1758309940
|move|p2a: Gliscor|Protect|p2a: Gliscor
|-singleturn|p2a: Gliscor|Protect
|move|p1a: Tropius|Giga Drain|p2a: Gliscor
|-activate|p2a: Gliscor|move: Protect
|
|-heal|p2a: Gliscor|90/100 tox|[from] ability: Poison Heal
|upkeep
|turn|86
|
|t:|1758309949
|switch|p2a: Snorlax|Snorlax, F|88/100 slp
|-damage|p2a: Snorlax|76/100 slp|[from] Stealth Rock
|move|p1a: Tropius|Air Slash|p2a: Snorlax
|-damage|p2a: Snorlax|64/100 slp
|
|upkeep
|turn|87
|
|t:|1758309958
|move|p1a: Tropius|Air Slash|p2a: Snorlax
|-damage|p2a: Snorlax|54/100 slp
|cant|p2a: Snorlax|slp
|move|p2a: Snorlax|Sleep Talk|p2a: Snorlax
|move|p2a: Snorlax|Rest||[from] move: Sleep Talk|[still]
|-fail|p2a: Snorlax
|
|upkeep
|turn|88
|
|t:|1758309966
|move|p1a: Tropius|Air Slash|p2a: Snorlax
|-damage|p2a: Snorlax|43/100 slp
|cant|p2a: Snorlax|slp
|move|p2a: Snorlax|Sleep Talk|p2a: Snorlax
|move|p2a: Snorlax|Rest||[from] move: Sleep Talk|[still]
|-fail|p2a: Snorlax
|
|upkeep
|turn|89
|
|t:|1758309973
|move|p1a: Tropius|Air Slash|p2a: Snorlax
|-damage|p2a: Snorlax|32/100 slp
|-curestatus|p2a: Snorlax|slp|[msg]
|cant|p2a: Snorlax|flinch
|
|upkeep
|turn|90
|
|t:|1758309979
|move|p1a: Tropius|Air Slash|p2a: Snorlax
|-damage|p2a: Snorlax|21/100
|cant|p2a: Snorlax|flinch
|
|upkeep
|turn|91
|
|t:|1758309984
|move|p1a: Tropius|Air Slash|p2a: Snorlax
|-crit|p2a: Snorlax
|-damage|p2a: Snorlax|6/100
|move|p2a: Snorlax|Rest|p2a: Snorlax
|-status|p2a: Snorlax|slp|[from] move: Rest
|-heal|p2a: Snorlax|100/100 slp|[silent]
|
|upkeep
|turn|92
|
|t:|1758309994
|move|p1a: Tropius|Giga Drain|p2a: Snorlax
|-damage|p2a: Snorlax|89/100 slp
|cant|p2a: Snorlax|slp
|move|p2a: Snorlax|Sleep Talk|p2a: Snorlax
|move|p2a: Snorlax|Outrage|p1a: Tropius|[from] move: Sleep Talk
|-end|p1a: Tropius|Substitute
|
|upkeep
|turn|93
|
|t:|1758310005
|move|p1a: Tropius|Substitute|p1a: Tropius
|-start|p1a: Tropius|Substitute
|-damage|p1a: Tropius|76/100
|cant|p2a: Snorlax|slp
|move|p2a: Snorlax|Sleep Talk|p2a: Snorlax
|move|p2a: Snorlax|Outrage|p1a: Tropius|[from] move: Sleep Talk
|-activate|p1a: Tropius|move: Substitute|[damage]
|
|upkeep
|turn|94
|
|t:|1758310015
|move|p1a: Tropius|Giga Drain|p2a: Snorlax
|-damage|p2a: Snorlax|79/100 slp
|-heal|p1a: Tropius|82/100|[from] drain|[of] p2a: Snorlax
|-curestatus|p2a: Snorlax|slp|[msg]
|move|p2a: Snorlax|Curse|p2a: Snorlax
|-unboost|p2a: Snorlax|spe|1
|-boost|p2a: Snorlax|atk|1
|-boost|p2a: Snorlax|def|1
|
|upkeep
|turn|95
|
|t:|1758310024
|move|p1a: Tropius|Leech Seed|p2a: Snorlax
|-start|p2a: Snorlax|move: Leech Seed
|move|p2a: Snorlax|Curse|p2a: Snorlax
|-unboost|p2a: Snorlax|spe|1
|-boost|p2a: Snorlax|atk|1
|-boost|p2a: Snorlax|def|1
|
|-damage|p2a: Snorlax|66/100|[from] Leech Seed|[of] p1a: Tropius
|-heal|p1a: Tropius|98/100|[silent]
|upkeep
|turn|96
|
|t:|1758310033
|move|p1a: Tropius|Giga Drain|p2a: Snorlax
|-damage|p2a: Snorlax|54/100
|-heal|p1a: Tropius|100/100|[from] drain|[of] p2a: Snorlax
|move|p2a: Snorlax|Rest|p2a: Snorlax
|-status|p2a: Snorlax|slp|[from] move: Rest
|-heal|p2a: Snorlax|100/100 slp|[silent]
|
|-damage|p2a: Snorlax|88/100 slp|[from] Leech Seed|[of] p1a: Tropius
|upkeep
|turn|97
|
|t:|1758310044
|switch|p2a: Gliscor|Gliscor, F, shiny|90/100 tox
|-damage|p2a: Gliscor|77/100 tox|[from] Stealth Rock
|move|p1a: Tropius|Giga Drain|p2a: Gliscor
|-damage|p2a: Gliscor|53/100 tox
|
|-heal|p2a: Gliscor|65/100 tox|[from] ability: Poison Heal
|upkeep
|turn|98
|
|t:|1758310055
|move|p2a: Gliscor|Protect|p2a: Gliscor
|-singleturn|p2a: Gliscor|Protect
|move|p1a: Tropius|Substitute|p1a: Tropius
|-fail|p1a: Tropius|move: Substitute
|
|-heal|p2a: Gliscor|78/100 tox|[from] ability: Poison Heal
|upkeep
|turn|99
|
|t:|1758310064
|move|p2a: Gliscor|Earthquake|p1a: Tropius
|-immune|p1a: Tropius
|move|p1a: Tropius|Substitute|p1a: Tropius
|-fail|p1a: Tropius|move: Substitute
|
|-heal|p2a: Gliscor|90/100 tox|[from] ability: Poison Heal
|upkeep
|turn|100
|
|t:|1758310074
|move|p2a: Gliscor|Earthquake|p1a: Tropius
|-immune|p1a: Tropius
|move|p1a: Tropius|Substitute|p1a: Tropius
|-fail|p1a: Tropius|move: Substitute
|
|-heal|p2a: Gliscor|100/100 tox|[from] ability: Poison Heal
|upkeep
|turn|101
|
|t:|1758310089
|switch|p1a: batman|Gliscor, M|100/100 tox
|-damage|p1a: batman|88/100 tox|[from] Stealth Rock
|move|p2a: Gliscor|Earthquake|p1a: batman
|-immune|p1a: batman
|
|-heal|p1a: batman|100/100 tox|[from] ability: Poison Heal
|upkeep
|turn|102
|
|t:|1758310103
|switch|p2a: Snorlax|Snorlax, F|88/100 slp
|-damage|p2a: Snorlax|76/100 slp|[from] Stealth Rock
|move|p1a: batman|Acrobatics|p2a: Snorlax
|-damage|p2a: Snorlax|42/100 slp
|
|upkeep
|turn|103
|
|t:|1758310116
|move|p1a: batman|Earthquake|p2a: Snorlax
|-damage|p2a: Snorlax|8/100 slp
|cant|p2a: Snorlax|slp
|move|p2a: Snorlax|Sleep Talk|p2a: Snorlax
|move|p2a: Snorlax|Rest||[from] move: Sleep Talk|[still]
|-fail|p2a: Snorlax
|
|upkeep
|turn|104
|
|t:|1758310123
|move|p1a: batman|Acrobatics|p2a: Snorlax
|-damage|p2a: Snorlax|0 fnt
|faint|p2a: Snorlax
|
|upkeep
|-message|Hhfghh forfeited.
|
|win|heyytheree
|raw|heyytheree's rating: 1115 &rarr; <strong>1138</strong><br />(+23 for winning)
|raw|Hhfghh's rating: 1091 &rarr; <strong>1069</strong><br />(-22 for losing)
|l|☆Hhfghh
|player|p2|
