|j|☆reinstorm
|j|☆matias_dcp
|t:|1758292483
|gametype|singles
|player|p1|reinstorm|265|1077
|player|p2|matias_dcp|volkner|1081
|gen|9
|tier|[Gen 9] OU
|rated|
|rule|HP Percentage Mod: HP is shown in percentages
|rule|Endless Battle Clause: Forcing endless battles is banned
|rule|Species Clause: Limit one of each Pokémon
|rule|OHKO Clause: OHKO moves are banned
|rule|Evasion Items Clause: Evasion items are banned
|rule|Evasion Moves Clause: Evasion moves are banned
|rule|Evasion Abilities Clause: Evasion abilities are banned
|rule|Sleep Moves Clause: Sleep-inducing moves are banned
|clearpoke
|poke|p1|Pikachu-World, M|
|poke|p1|Talonflame, M|
|poke|p1|Hawlucha, M|
|poke|p1|Noivern, F|
|poke|p1|Goodra-Hisui, M|
|poke|p1|Greninja-*, M|
|poke|p2|Deoxys-Speed|
|poke|p2|Dragonite, F|
|poke|p2|Darkrai|
|poke|p2|Iron Moth|
|poke|p2|Scizor, F|
|poke|p2|Great Tusk|
|teampreview
|inactive|Battle timer is ON: inactive players will automatically lose when time's up. (requested by matias_dcp)
|inactive|reinstorm also wants the timer to be on.
|
|t:|1758292497
|teamsize|p1|6
|teamsize|p2|6
|start
|switch|p1a: Greninja|Greninja, M|100/100
|switch|p2a: Deoxys|Deoxys-Speed, shiny|100/100
|-ability|p2a: Deoxys|Pressure
|turn|1
|
|t:|1758292507
|move|p2a: Deoxys|Stealth Rock|p1a: Greninja
|-sidestart|p1: reinstorm|move: Stealth Rock
|move|p1a: Greninja|Dark Pulse|p2a: Deoxys
|-supereffective|p2a: Deoxys
|-damage|p2a: Deoxys|0 fnt
|faint|p2a: Deoxys
|-ability|p1a: Greninja|Battle Bond|boost
|-boost|p1a: Greninja|atk|1
|-boost|p1a: Greninja|spa|1
|-boost|p1a: Greninja|spe|1
|-activate|p1a: Greninja|ability: Battle Bond
|-damage|p1a: Greninja|91/100|[from] item: Life Orb
|
|upkeep
|
|t:|1758292534
|switch|p2a: Scizor|Scizor, F, shiny|100/100
|turn|2
|
|t:|1758292545
|move|p1a: Greninja|Water Shuriken|p2a: Scizor
|-damage|p2a: Scizor|82/100
|-damage|p2a: Scizor|63/100
|-damage|p2a: Scizor|43/100
|-damage|p2a: Scizor|24/100
|-damage|p2a: Scizor|5/100
|-hitcount|p2a: Scizor|5
|-damage|p1a: Greninja|81/100|[from] item: Life Orb
|move|p2a: Scizor|U-turn|p1a: Greninja
|-supereffective|p1a: Greninja
|-damage|p1a: Greninja|0 fnt
|faint|p1a: Greninja
|inactive|matias_dcp has 120 seconds left.
|
|t:|1758292567
|switch|p2a: Great Tusk|Great Tusk, shiny|100/100|[from] U-turn
|-enditem|p2a: Great Tusk|Booster Energy
|-activate|p2a: Great Tusk|ability: Protosynthesis|[fromitem]
|-start|p2a: Great Tusk|protosynthesisspe
|
|upkeep
|
|t:|1758292596
|switch|p1a: Goodra|Goodra-Hisui, M|100/100
|-damage|p1a: Goodra|95/100|[from] Stealth Rock
|turn|3
|
|t:|1758292606
|-terastallize|p1a: Goodra|Ground
|move|p2a: Great Tusk|Bulk Up|p2a: Great Tusk
|-boost|p2a: Great Tusk|atk|1
|-boost|p2a: Great Tusk|def|1
|move|p1a: Goodra|Curse|p1a: Goodra
|-unboost|p1a: Goodra|spe|1
|-boost|p1a: Goodra|atk|1
|-boost|p1a: Goodra|def|1
|
|upkeep
|turn|4
|
|t:|1758292618
|move|p2a: Great Tusk|Bulk Up|p2a: Great Tusk
|-boost|p2a: Great Tusk|atk|1
|-boost|p2a: Great Tusk|def|1
|move|p1a: Goodra|Curse|p1a: Goodra
|-unboost|p1a: Goodra|spe|1
|-boost|p1a: Goodra|atk|1
|-boost|p1a: Goodra|def|1
|
|upkeep
|turn|5
|
|t:|1758292625
|move|p2a: Great Tusk|Bulk Up|p2a: Great Tusk
|-boost|p2a: Great Tusk|atk|1
|-boost|p2a: Great Tusk|def|1
|move|p1a: Goodra|Stomping Tantrum|p2a: Great Tusk
|-damage|p2a: Great Tusk|82/100
|
|upkeep
|turn|6
|
|t:|1758292635
|move|p2a: Great Tusk|Bulk Up|p2a: Great Tusk
|-boost|p2a: Great Tusk|atk|1
|-boost|p2a: Great Tusk|def|1
|move|p1a: Goodra|Curse|p1a: Goodra
|-unboost|p1a: Goodra|spe|1
|-boost|p1a: Goodra|atk|1
|-boost|p1a: Goodra|def|1
|
|upkeep
|turn|7
|
|t:|1758292642
|move|p2a: Great Tusk|Bulk Up|p2a: Great Tusk
|-boost|p2a: Great Tusk|atk|1
|-boost|p2a: Great Tusk|def|1
|move|p1a: Goodra|Curse|p1a: Goodra
|-unboost|p1a: Goodra|spe|1
|-boost|p1a: Goodra|atk|1
|-boost|p1a: Goodra|def|1
|
|upkeep
|turn|8
|
|t:|1758292652
|move|p2a: Great Tusk|Bulk Up|p2a: Great Tusk
|-boost|p2a: Great Tusk|atk|1
|-boost|p2a: Great Tusk|def|1
|move|p1a: Goodra|Curse|p1a: Goodra
|-unboost|p1a: Goodra|spe|1
|-boost|p1a: Goodra|atk|1
|-boost|p1a: Goodra|def|1
|
|upkeep
|turn|9
|
|t:|1758292662
|move|p2a: Great Tusk|Ice Spinner|p1a: Goodra
|-supereffective|p1a: Goodra
|-damage|p1a: Goodra|37/100
|move|p1a: Goodra|Stomping Tantrum|p2a: Great Tusk
|-damage|p2a: Great Tusk|62/100
|
|upkeep
|turn|10
|
|t:|1758292669
|move|p2a: Great Tusk|Ice Spinner|p1a: Goodra
|-supereffective|p1a: Goodra
|-damage|p1a: Goodra|0 fnt
|faint|p1a: Goodra
|
|upkeep
|
|t:|1758292678
|switch|p1a: Pikachu|Pikachu-World, M|100/100
|-damage|p1a: Pikachu|88/100|[from] Stealth Rock
|turn|11
|
|t:|1758292687
|move|p2a: Great Tusk|Headlong Rush|p1a: Pikachu
|-supereffective|p1a: Pikachu
|-damage|p1a: Pikachu|0 fnt
|-unboost|p2a: Great Tusk|def|1
|-unboost|p2a: Great Tusk|spd|1
|faint|p1a: Pikachu
|
|upkeep
|-message|reinstorm forfeited.
|
|win|matias_dcp
|raw|reinstorm's rating: 1077 &rarr; <strong>1056</strong><br />(-21 for losing)
|raw|matias_dcp's rating: 1081 &rarr; <strong>1109</strong><br />(+28 for winning)
|l|☆reinstorm
|player|p1|
|l|☆matias_dcp
|player|p2|
