|j|☆lil pp big heart
|j|☆jefryred20
|t:|1758343039
|gametype|singles
|player|p1|lil pp big heart|shadowtriad|1107
|player|p2|jefryred20|101|1107
|gen|9
|tier|[Gen 9] OU
|rated|
|rule|HP Percentage Mod: HP is shown in percentages
|rule|Endless Battle Clause: Forcing endless battles is banned
|rule|Species Clause: Limit one of each Pokémon
|rule|OHKO Clause: OHKO moves are banned
|rule|Evasion Items Clause: Evasion items are banned
|rule|Evasion Moves Clause: Evasion moves are banned
|rule|Evasion Abilities Clause: Evasion abilities are banned
|rule|Sleep Moves Clause: Sleep-inducing moves are banned
|clearpoke
|poke|p1|Tyranitar, M|
|poke|p1|Excadrill, M|
|poke|p1|Tornadus-Therian, M|
|poke|p1|Tinkaton, F|
|poke|p1|Sinistcha|
|poke|p1|Toxapex, M|
|poke|p2|Leavanny, M|
|poke|p2|Porygon2|
|poke|p2|Chandelure, F|
|poke|p2|Hoopa-Unbound|
|poke|p2|Greninja-*, M|
|poke|p2|Scizor, F|
|teampreview
|
|t:|1758343055
|teamsize|p1|6
|teamsize|p2|6
|start
|switch|p1a: Tornadus|Tornadus-Therian, M, shiny|100/100
|switch|p2a: Leavanny|Leavanny, M|100/100
|turn|1
|
|t:|1758343070
|switch|p2a: Porygon2|Porygon2|100/100
|move|p1a: Tornadus|Bleakwind Storm|p2a: Porygon2
|-damage|p2a: Porygon2|67/100
|
|upkeep
|turn|2
|
|t:|1758343082
|switch|p1a: Toxapex|Toxapex, M, shiny|100/100
|move|p2a: Porygon2|Thunder Wave|p1a: Toxapex
|-status|p1a: Toxapex|par
|
|upkeep
|turn|3
|
|t:|1758343096
|switch|p2a: Scizor|Scizor, F|100/100
|move|p1a: Toxapex|Toxic Spikes|p2a: Scizor
|-sidestart|p2: jefryred20|move: Toxic Spikes
|
|upkeep
|turn|4
|
|t:|1758343104
|move|p2a: Scizor|Swords Dance|p2a: Scizor
|-boost|p2a: Scizor|atk|2
|move|p1a: Toxapex|Toxic Spikes|p2a: Scizor
|-sidestart|p2: jefryred20|move: Toxic Spikes
|
|upkeep
|turn|5
|
|t:|1758343129
|move|p2a: Scizor|Defog|p1a: Toxapex
|-unboost|p1a: Toxapex|evasion|1
|-sideend|p2: jefryred20|Toxic Spikes|[from] move: Defog|[of] p2a: Scizor
|move|p1a: Toxapex|Haze|p1a: Toxapex
|-clearallboost
|
|upkeep
|turn|6
|
|t:|1758343142
|switch|p1a: Tornadus|Tornadus-Therian, M, shiny|100/100
|move|p2a: Scizor|Knock Off|p1a: Tornadus
|-damage|p1a: Tornadus|48/100
|-enditem|p1a: Tornadus|Choice Specs|[from] move: Knock Off|[of] p2a: Scizor
|
|upkeep
|turn|7
|
|t:|1758343151
|move|p2a: Scizor|Bullet Punch|p1a: Tornadus
|-damage|p1a: Tornadus|2/100
|move|p1a: Tornadus|Heat Wave|p2a: Scizor
|-supereffective|p2a: Scizor
|-damage|p2a: Scizor|0 fnt
|faint|p2a: Scizor
|
|upkeep
|
|t:|1758343161
|switch|p2a: Greninja|Greninja, M|100/100
|turn|8
|
|t:|1758343173
|switch|p1a: Toxapex|Toxapex, M, shiny|100/100 par
|move|p2a: Greninja|Dark Pulse|p1a: Toxapex
|-damage|p1a: Toxapex|75/100 par
|-enditem|p1a: Toxapex|Eject Button
|
|t:|1758343203
|switch|p1a: Tyranitar|Tyranitar, M, shiny|100/100
|-weather|Sandstorm|[from] ability: Sand Stream|[of] p1a: Tyranitar
|
|-weather|Sandstorm|[upkeep]
|-damage|p2a: Greninja|95/100|[from] Sandstorm
|upkeep
|turn|9
|
|t:|1758343226
|switch|p1a: Toxapex|Toxapex, M, shiny|100/100 par
|move|p2a: Greninja|U-turn|p1a: Toxapex
|-resisted|p1a: Toxapex
|-damage|p1a: Toxapex|96/100 par
|
|t:|1758343234
|switch|p2a: Hoopa|Hoopa-Unbound|100/100|[from] U-turn
|
|-weather|Sandstorm|[upkeep]
|-damage|p2a: Hoopa|94/100|[from] Sandstorm
|-damage|p1a: Toxapex|90/100 par|[from] Sandstorm
|upkeep
|turn|10
|
|t:|1758343246
|switch|p1a: Tinkaton|Tinkaton, F, shiny|100/100
|-item|p1a: Tinkaton|Air Balloon
|move|p2a: Hoopa|Zen Headbutt|p1a: Tinkaton|[miss]
|-miss|p2a: Hoopa|p1a: Tinkaton
|
|-weather|Sandstorm|[upkeep]
|-damage|p2a: Hoopa|88/100|[from] Sandstorm
|upkeep
|turn|11
|
|t:|1758343265
|switch|p2a: Porygon2|Porygon2|67/100
|move|p1a: Tinkaton|Stealth Rock|p2a: Porygon2
|-sidestart|p2: jefryred20|move: Stealth Rock
|
|-weather|Sandstorm|[upkeep]
|-damage|p2a: Porygon2|60/100|[from] Sandstorm
|upkeep
|turn|12
|
|t:|1758343279
|move|p1a: Tinkaton|Gigaton Hammer|p2a: Porygon2
|-damage|p2a: Porygon2|20/100
|move|p2a: Porygon2|Tri Attack|p1a: Tinkaton
|-resisted|p1a: Tinkaton
|-damage|p1a: Tinkaton|82/100
|-enditem|p1a: Tinkaton|Air Balloon
|
|-weather|none
|upkeep
|turn|13
|
|t:|1758343291
|move|p1a: Tinkaton|Ice Hammer|p2a: Porygon2
|-damage|p2a: Porygon2|4/100
|-unboost|p1a: Tinkaton|spe|1
|move|p2a: Porygon2|Tri Attack|p1a: Tinkaton
|-resisted|p1a: Tinkaton
|-damage|p1a: Tinkaton|60/100
|-status|p1a: Tinkaton|brn
|
|-damage|p1a: Tinkaton|54/100 brn|[from] brn
|upkeep
|turn|14
|
|t:|1758343309
|switch|p1a: Tyranitar|Tyranitar, M, shiny|100/100
|-weather|Sandstorm|[from] ability: Sand Stream|[of] p1a: Tyranitar
|move|p2a: Porygon2|Recover|p2a: Porygon2
|-heal|p2a: Porygon2|54/100
|
|-weather|Sandstorm|[upkeep]
|-damage|p2a: Porygon2|48/100|[from] Sandstorm
|upkeep
|turn|15
|
|t:|1758343324
|move|p1a: Tyranitar|Knock Off|p2a: Porygon2
|-damage|p2a: Porygon2|0 fnt
|-enditem|p2a: Porygon2|Eviolite|[from] move: Knock Off|[of] p1a: Tyranitar
|faint|p2a: Porygon2
|
|-weather|Sandstorm|[upkeep]
|upkeep
|
|t:|1758343330
|switch|p2a: Leavanny|Leavanny, M|100/100
|-damage|p2a: Leavanny|76/100|[from] Stealth Rock
|turn|16
|
|t:|1758343355
|switch|p1a: Toxapex|Toxapex, M, shiny|100/100 par
|move|p2a: Leavanny|Leaf Blade|p1a: Toxapex
|-damage|p1a: Toxapex|70/100 par
|
|-weather|Sandstorm|[upkeep]
|-damage|p1a: Toxapex|65/100 par|[from] Sandstorm
|upkeep
|turn|17
|
|t:|1758343364
|move|p2a: Leavanny|Sticky Web|p1a: Toxapex
|-sidestart|p1: lil pp big heart|move: Sticky Web
|cant|p1a: Toxapex|par
|
|-weather|Sandstorm|[upkeep]
|-damage|p1a: Toxapex|59/100 par|[from] Sandstorm
|upkeep
|turn|18
|
|t:|1758343372
|move|p2a: Leavanny|Swords Dance|p2a: Leavanny
|-boost|p2a: Leavanny|atk|2
|move|p1a: Toxapex|Toxic|p2a: Leavanny
|-status|p2a: Leavanny|tox
|
|-weather|none
|-damage|p2a: Leavanny|70/100 tox|[from] psn
|upkeep
|turn|19
|
|t:|1758343392
|switch|p1a: Sinistcha|Sinistcha, shiny|100/100
|-activate|p1a: Sinistcha|move: Sticky Web
|-unboost|p1a: Sinistcha|spe|1
|move|p2a: Leavanny|Leaf Blade|p1a: Sinistcha
|-resisted|p1a: Sinistcha
|-damage|p1a: Sinistcha|72/100
|
|-heal|p1a: Sinistcha|78/100|[from] item: Leftovers
|-damage|p2a: Leavanny|57/100 tox|[from] psn
|upkeep
|turn|20
|
|t:|1758343405
|switch|p1a: Toxapex|Toxapex, M, shiny|92/100 par
|-activate|p1a: Toxapex|move: Sticky Web
|-unboost|p1a: Toxapex|spe|1
|move|p2a: Leavanny|Lunge|p1a: Toxapex
|-resisted|p1a: Toxapex
|-damage|p1a: Toxapex|65/100 par
|-unboost|p1a: Toxapex|atk|1
|
|-damage|p2a: Leavanny|39/100 tox|[from] psn
|upkeep
|turn|21
|
|t:|1758343416
|move|p2a: Leavanny|Leaf Blade|p1a: Toxapex
|-damage|p1a: Toxapex|9/100 par
|cant|p1a: Toxapex|par
|
|-damage|p2a: Leavanny|14/100 tox|[from] psn
|upkeep
|-enditem|p2a: Leavanny|Aguav Berry|[eat]
|-heal|p2a: Leavanny|47/100 tox|[from] item: Aguav Berry
|turn|22
|
|t:|1758343433
|move|p2a: Leavanny|Lunge|p1a: Toxapex
|-resisted|p1a: Toxapex
|-damage|p1a: Toxapex|0 fnt
|faint|p1a: Toxapex
|
|-damage|p2a: Leavanny|16/100 tox|[from] psn
|upkeep
|
|t:|1758343447
|switch|p1a: Tornadus|Tornadus-Therian, M, shiny|35/100
|turn|23
|
|t:|1758343453
|move|p1a: Tornadus|Bleakwind Storm|p2a: Leavanny
|-supereffective|p2a: Leavanny
|-damage|p2a: Leavanny|0 fnt
|faint|p2a: Leavanny
|
|upkeep
|
|t:|1758343462
|switch|p2a: Greninja|Greninja, M|95/100
|-damage|p2a: Greninja|82/100|[from] Stealth Rock
|turn|24
|
|t:|1758343483
|switch|p1a: Tyranitar|Tyranitar, M, shiny|100/100
|-activate|p1a: Tyranitar|move: Sticky Web
|-unboost|p1a: Tyranitar|spe|1
|-weather|Sandstorm|[from] ability: Sand Stream|[of] p1a: Tyranitar
|move|p2a: Greninja|Surf|p1a: Tyranitar
|-supereffective|p1a: Tyranitar
|-damage|p1a: Tyranitar|37/100
|
|-weather|Sandstorm|[upkeep]
|-damage|p2a: Greninja|76/100|[from] Sandstorm
|upkeep
|turn|25
|
|t:|1758343495
|switch|p1a: Sinistcha|Sinistcha, shiny|78/100
|-activate|p1a: Sinistcha|move: Sticky Web
|-unboost|p1a: Sinistcha|spe|1
|move|p2a: Greninja|Surf|p1a: Sinistcha
|-resisted|p1a: Sinistcha
|-damage|p1a: Sinistcha|49/100
|
|-weather|Sandstorm|[upkeep]
|-damage|p2a: Greninja|70/100|[from] Sandstorm
|-damage|p1a: Sinistcha|43/100|[from] Sandstorm
|-heal|p1a: Sinistcha|49/100|[from] item: Leftovers
|upkeep
|turn|26
|
|t:|1758343514
|switch|p1a: Tinkaton|Tinkaton, F, shiny|54/100 brn
|-activate|p1a: Tinkaton|move: Sticky Web
|-unboost|p1a: Tinkaton|spe|1
|-terastallize|p2a: Greninja|Ice
|move|p2a: Greninja|Dark Pulse|p1a: Tinkaton
|-resisted|p1a: Tinkaton
|-damage|p1a: Tinkaton|32/100 brn
|
|-weather|Sandstorm|[upkeep]
|-damage|p2a: Greninja|64/100|[from] Sandstorm
|-damage|p1a: Tinkaton|26/100 brn|[from] brn
|upkeep
|turn|27
|
|t:|1758343534
|move|p2a: Greninja|Surf|p1a: Tinkaton
|-damage|p1a: Tinkaton|0 fnt
|faint|p1a: Tinkaton
|-ability|p2a: Greninja|Battle Bond|boost
|-boost|p2a: Greninja|atk|1
|-boost|p2a: Greninja|spa|1
|-boost|p2a: Greninja|spe|1
|-activate|p2a: Greninja|ability: Battle Bond
|
|-weather|Sandstorm|[upkeep]
|-damage|p2a: Greninja|58/100|[from] Sandstorm
|upkeep
|
|t:|1758343549
|switch|p1a: Sinistcha|Sinistcha, shiny|49/100
|-activate|p1a: Sinistcha|move: Sticky Web
|-unboost|p1a: Sinistcha|spe|1
|turn|28
|
|t:|1758343560
|-terastallize|p1a: Sinistcha|Fighting
|move|p2a: Greninja|Ice Beam|p1a: Sinistcha
|-damage|p1a: Sinistcha|0 fnt
|faint|p1a: Sinistcha
|
|-weather|none
|upkeep
|
|t:|1758343568
|switch|p1a: Tyranitar|Tyranitar, M, shiny|37/100
|-activate|p1a: Tyranitar|move: Sticky Web
|-unboost|p1a: Tyranitar|spe|1
|-weather|Sandstorm|[from] ability: Sand Stream|[of] p1a: Tyranitar
|turn|29
|
|t:|1758343582
|move|p2a: Greninja|Surf|p1a: Tyranitar
|-supereffective|p1a: Tyranitar
|-damage|p1a: Tyranitar|0 fnt
|faint|p1a: Tyranitar
|
|-weather|Sandstorm|[upkeep]
|-damage|p2a: Greninja|52/100|[from] Sandstorm
|upkeep
|
|t:|1758343590
|switch|p1a: Excadrill|Excadrill, M, shiny|100/100
|-activate|p1a: Excadrill|move: Sticky Web
|-unboost|p1a: Excadrill|spe|1
|turn|30
|
|t:|1758343597
|move|p2a: Greninja|Surf|p1a: Excadrill
|-supereffective|p1a: Excadrill
|-damage|p1a: Excadrill|0 fnt
|faint|p1a: Excadrill
|
|-weather|Sandstorm|[upkeep]
|-damage|p2a: Greninja|46/100|[from] Sandstorm
|upkeep
|inactive|Battle timer is ON: inactive players will automatically lose when time's up. (requested by jefryred20)
|c|☆lil pp big heart|gg
|inactive|lil pp big heart has 120 seconds left.
|-message|lil pp big heart forfeited.
|
|win|jefryred20
|raw|lil pp big heart's rating: 1107 &rarr; <strong>1082</strong><br />(-25 for losing)
|raw|jefryred20's rating: 1107 &rarr; <strong>1132</strong><br />(+25 for winning)
|l|☆lil pp big heart
|player|p1|
