|j|☆123Neil
|j|☆Smaiden
|inactive|Battle timer is ON: inactive players will automatically lose when time's up.
|t:|1758310604
|gametype|singles
|player|p1|123Neil|crasherwake|
|player|p2|Smaiden|youngcouple-gen4dp|
|gen|9
|tier|[Gen 9] OU
|rated|Tournament battle
|rule|HP Percentage Mod: HP is shown in percentages
|rule|Endless Battle Clause: Forcing endless battles is banned
|rule|Species Clause: Limit one of each Pokémon
|rule|OHKO Clause: OHKO moves are banned
|rule|Evasion Items Clause: Evasion items are banned
|rule|Evasion Moves Clause: Evasion moves are banned
|rule|Evasion Abilities Clause: Evasion abilities are banned
|rule|Sleep Moves Clause: Sleep-inducing moves are banned
|clearpoke
|poke|p1|Garganacl, M|
|poke|p1|Toxapex, F|
|poke|p1|Dragapult, F|
|poke|p1|Blissey, F|
|poke|p1|Malamar, M|
|poke|p1|Forretress, M|
|poke|p2|Great Tusk|
|poke|p2|Ogerpon-Wellspring, F|
|poke|p2|Raging Bolt|
|poke|p2|Walking Wake|
|poke|p2|Ninetales, F|
|poke|p2|Ceruledge, F|
|teampreview
|j|*Lady Monita ☀
|
|t:|1758310613
|teamsize|p1|6
|teamsize|p2|6
|start
|switch|p1a: Dragapult|Dragapult, F|100/100
|switch|p2a: Ninetales|Ninetales, F|100/100
|-weather|SunnyDay|[from] ability: Drought|[of] p2a: Ninetales
|turn|1
|
|t:|1758310637
|switch|p2a: Great Tusk|Great Tusk|100/100
|-activate|p2a: Great Tusk|ability: Protosynthesis
|-start|p2a: Great Tusk|protosynthesisatk
|move|p1a: Dragapult|Substitute|p1a: Dragapult
|-start|p1a: Dragapult|Substitute
|-damage|p1a: Dragapult|76/100
|
|-weather|SunnyDay|[upkeep]
|-heal|p1a: Dragapult|82/100|[from] item: Leftovers
|upkeep
|turn|2
|
|t:|1758310649
|move|p1a: Dragapult|Phantom Force||[still]
|-prepare|p1a: Dragapult|Phantom Force
|move|p2a: Great Tusk|Ice Spinner|p1a: Dragapult|[miss]
|-miss|p2a: Great Tusk|p1a: Dragapult
|
|-weather|SunnyDay|[upkeep]
|-heal|p1a: Dragapult|88/100|[from] item: Leftovers
|upkeep
|turn|3
|
|t:|1758310656
|move|p1a: Dragapult|Phantom Force|p2a: Great Tusk|[from] lockedmove
|-damage|p2a: Great Tusk|66/100
|move|p2a: Great Tusk|Ice Spinner|p1a: Dragapult
|-supereffective|p1a: Dragapult
|-end|p1a: Dragapult|Substitute
|
|-weather|SunnyDay|[upkeep]
|-heal|p1a: Dragapult|94/100|[from] item: Leftovers
|upkeep
|turn|4
|c|☆Smaiden|lol
|
|t:|1758310665
|switch|p1a: Toxapex|Toxapex, F|100/100
|move|p2a: Great Tusk|Ice Spinner|p1a: Toxapex
|-resisted|p1a: Toxapex
|-damage|p1a: Toxapex|89/100
|
|-weather|SunnyDay|[upkeep]
|upkeep
|turn|5
|
|t:|1758310671
|move|p2a: Great Tusk|Headlong Rush|p1a: Toxapex
|-supereffective|p1a: Toxapex
|-damage|p1a: Toxapex|0 fnt
|-unboost|p2a: Great Tusk|def|1
|-unboost|p2a: Great Tusk|spd|1
|faint|p1a: Toxapex
|
|-weather|SunnyDay|[upkeep]
|upkeep
|
|t:|1758310678
|switch|p1a: Dragapult|Dragapult, F|94/100
|turn|6
|
|t:|1758310693
|move|p1a: Dragapult|Substitute|p1a: Dragapult
|-start|p1a: Dragapult|Substitute
|-damage|p1a: Dragapult|69/100
|move|p2a: Great Tusk|Ice Spinner|p1a: Dragapult
|-supereffective|p1a: Dragapult
|-end|p1a: Dragapult|Substitute
|
|-weather|SunnyDay|[upkeep]
|-heal|p1a: Dragapult|75/100|[from] item: Leftovers
|upkeep
|turn|7
|c|☆123Neil|?
|
|t:|1758310716
|move|p1a: Dragapult|Dragon Darts|p2a: Great Tusk
|-damage|p2a: Great Tusk|40/100
|-anim|p1a: Dragapult|Dragon Darts|p2a: Great Tusk
|-damage|p2a: Great Tusk|13/100
|move|p2a: Great Tusk|Ice Spinner|p1a: Dragapult
|-supereffective|p1a: Dragapult
|-damage|p1a: Dragapult|0 fnt
|faint|p1a: Dragapult
|
|-weather|SunnyDay|[upkeep]
|upkeep
|c|☆Smaiden|my ice spinner thats why the lol
|
|t:|1758310731
|switch|p1a: Garganacl|Garganacl, M|100/100
|turn|8
|j| Albrtix
|
|t:|1758310736
|-terastallize|p1a: Garganacl|Dragon
|move|p2a: Great Tusk|Headlong Rush|p1a: Garganacl
|-damage|p1a: Garganacl|59/100
|-unboost|p2a: Great Tusk|def|1
|-unboost|p2a: Great Tusk|spd|1
|move|p1a: Garganacl|Salt Cure|p2a: Great Tusk
|-resisted|p2a: Great Tusk
|-damage|p2a: Great Tusk|7/100
|-start|p2a: Great Tusk|Salt Cure
|
|-weather|none
|-end|p2a: Great Tusk|Protosynthesis
|-heal|p1a: Garganacl|65/100|[from] item: Leftovers
|-damage|p2a: Great Tusk|0 fnt|[from] Salt Cure
|faint|p2a: Great Tusk
|-end|p2a: Great Tusk|Protosynthesis|[silent]
|upkeep
|
|t:|1758310748
|switch|p2a: Ninetales|Ninetales, F|100/100
|-weather|SunnyDay|[from] ability: Drought|[of] p2a: Ninetales
|turn|9
|
|t:|1758310756
|switch|p2a: Raging Bolt|Raging Bolt|100/100
|-activate|p2a: Raging Bolt|ability: Protosynthesis
|-start|p2a: Raging Bolt|protosynthesisspa
|move|p1a: Garganacl|Earthquake|p2a: Raging Bolt
|-supereffective|p2a: Raging Bolt
|-damage|p2a: Raging Bolt|56/100
|
|-weather|SunnyDay|[upkeep]
|-heal|p1a: Garganacl|71/100|[from] item: Leftovers
|upkeep
|turn|10
|
|t:|1758310768
|switch|p1a: Blissey|Blissey, F|100/100
|move|p2a: Raging Bolt|Dragon Pulse|p1a: Blissey
|-damage|p1a: Blissey|71/100
|-damage|p2a: Raging Bolt|46/100|[from] item: Life Orb
|
|-weather|SunnyDay|[upkeep]
|-heal|p1a: Blissey|77/100|[from] item: Leftovers
|upkeep
|turn|11
|
|t:|1758310780
|move|p2a: Raging Bolt|Solar Beam||[still]
|-prepare|p2a: Raging Bolt|Solar Beam
|-anim|p2a: Raging Bolt|Solar Beam|p1a: Blissey
|-damage|p1a: Blissey|47/100
|-damage|p2a: Raging Bolt|36/100|[from] item: Life Orb
|move|p1a: Blissey|Alluring Voice|p2a: Raging Bolt
|-supereffective|p2a: Raging Bolt
|-damage|p2a: Raging Bolt|9/100
|
|-weather|SunnyDay|[upkeep]
|-heal|p1a: Blissey|54/100|[from] item: Leftovers
|upkeep
|turn|12
|
|t:|1758310789
|move|p2a: Raging Bolt|Solar Beam||[still]
|-prepare|p2a: Raging Bolt|Solar Beam
|-anim|p2a: Raging Bolt|Solar Beam|p1a: Blissey
|-damage|p1a: Blissey|23/100
|-damage|p2a: Raging Bolt|0 fnt|[from] item: Life Orb
|faint|p2a: Raging Bolt
|-end|p2a: Raging Bolt|Protosynthesis|[silent]
|move|p1a: Blissey|Rest|p1a: Blissey
|-status|p1a: Blissey|slp|[from] move: Rest
|-heal|p1a: Blissey|100/100 slp|[silent]
|
|-weather|SunnyDay|[upkeep]
|upkeep
|
|t:|1758310800
|switch|p2a: Ceruledge|Ceruledge, F|100/100
|turn|13
|
|t:|1758310806
|-curestatus|p1a: Blissey|slp|[from] ability: Natural Cure
|switch|p1a: Malamar|Malamar, M|100/100
|move|p2a: Ceruledge|Swords Dance|p2a: Ceruledge
|-boost|p2a: Ceruledge|atk|2
|
|-weather|SunnyDay|[upkeep]
|upkeep
|turn|14
|
|t:|1758310815
|-terastallize|p2a: Ceruledge|Fairy
|move|p2a: Ceruledge|Swords Dance|p2a: Ceruledge
|-boost|p2a: Ceruledge|atk|2
|move|p1a: Malamar|Trick Room|p1a: Malamar
|-fieldstart|move: Trick Room|[of] p1a: Malamar
|
|-weather|SunnyDay|[upkeep]
|upkeep
|turn|15
|
|t:|1758310826
|move|p1a: Malamar|Topsy-Turvy|p2a: Ceruledge
|-invertboost|p2a: Ceruledge|[from] move: Topsy-Turvy
|move|p2a: Ceruledge|Bitter Blade|p1a: Malamar
|-damage|p1a: Malamar|83/100
|
|-weather|SunnyDay|[upkeep]
|upkeep
|turn|16
|
|t:|1758310839
|switch|p2a: Ogerpon|Ogerpon-Wellspring, F|100/100
|move|p1a: Malamar|Superpower|p2a: Ogerpon
|-damage|p2a: Ogerpon|64/100
|-boost|p1a: Malamar|atk|1
|-boost|p1a: Malamar|def|1
|
|-weather|none
|upkeep
|turn|17
|
|t:|1758310849
|move|p2a: Ogerpon|Spiky Shield|p2a: Ogerpon
|-singleturn|p2a: Ogerpon|move: Protect
|move|p1a: Malamar|Superpower|p2a: Ogerpon
|-activate|p2a: Ogerpon|move: Protect
|-damage|p1a: Malamar|71/100|[from] Spiky Shield|[of] p2a: Ogerpon
|
|upkeep
|turn|18
|
|t:|1758310857
|move|p1a: Malamar|Superpower|p2a: Ogerpon
|-damage|p2a: Ogerpon|14/100
|-boost|p1a: Malamar|atk|1
|-boost|p1a: Malamar|def|1
|move|p2a: Ogerpon|Swords Dance|p2a: Ogerpon
|-boost|p2a: Ogerpon|atk|2
|
|-fieldend|move: Trick Room
|upkeep
|turn|19
|
|t:|1758310864
|move|p2a: Ogerpon|Spiky Shield|p2a: Ogerpon
|-singleturn|p2a: Ogerpon|move: Protect
|move|p1a: Malamar|Trick Room|p1a: Malamar
|-fieldstart|move: Trick Room|[of] p1a: Malamar
|
|upkeep
|turn|20
|
|t:|1758310874
|move|p1a: Malamar|Superpower|p2a: Ogerpon
|-damage|p2a: Ogerpon|0 fnt
|-boost|p1a: Malamar|atk|1
|-boost|p1a: Malamar|def|1
|faint|p2a: Ogerpon
|
|upkeep
|
|t:|1758310877
|switch|p2a: Ninetales|Ninetales, F|100/100
|-weather|SunnyDay|[from] ability: Drought|[of] p2a: Ninetales
|turn|21
|
|t:|1758310883
|move|p1a: Malamar|Superpower|p2a: Ninetales
|-damage|p2a: Ninetales|11/100
|-boost|p1a: Malamar|atk|1
|-boost|p1a: Malamar|def|1
|move|p2a: Ninetales|Will-O-Wisp|p1a: Malamar
|-status|p1a: Malamar|brn
|
|-weather|SunnyDay|[upkeep]
|-damage|p1a: Malamar|64/100 brn|[from] brn
|upkeep
|turn|22
|l| Albrtix
|
|t:|1758310900
|move|p1a: Malamar|Superpower|p2a: Ninetales
|-damage|p2a: Ninetales|0 fnt
|-boost|p1a: Malamar|atk|1
|-boost|p1a: Malamar|def|1
|faint|p2a: Ninetales
|
|-weather|SunnyDay|[upkeep]
|-damage|p1a: Malamar|58/100 brn|[from] brn
|upkeep
|c|☆123Neil|what’s the plan here
|j| Albrtix
|c|☆123Neil|Is wake special or physical
|inactive|Smaiden has 120 seconds left.
|c|☆Smaiden|the problem is my defence
|c|☆123Neil|Oh
|
|t:|1758310944
|switch|p2a: Walking Wake|Walking Wake|100/100
|-activate|p2a: Walking Wake|ability: Protosynthesis
|-start|p2a: Walking Wake|protosynthesisspe
|turn|23
|
|t:|1758310950
|move|p1a: Malamar|Superpower|p2a: Walking Wake
|-damage|p2a: Walking Wake|50/100
|-boost|p1a: Malamar|atk|1
|-boost|p1a: Malamar|def|1
|move|p2a: Walking Wake|Draco Meteor|p1a: Malamar|[miss]
|-miss|p2a: Walking Wake|p1a: Malamar
|
|-weather|SunnyDay|[upkeep]
|-damage|p1a: Malamar|52/100 brn|[from] brn
|-fieldend|move: Trick Room
|upkeep
|turn|24
|c|☆Smaiden|what
|c|☆123Neil|Ou
|
|t:|1758310971
|move|p2a: Walking Wake|Hydro Steam|p1a: Malamar
|-damage|p1a: Malamar|0 fnt
|faint|p1a: Malamar
|-damage|p2a: Walking Wake|41/100|[from] item: Life Orb
|
|-weather|SunnyDay|[upkeep]
|upkeep
|
|t:|1758310976
|switch|p1a: Blissey|Blissey, F|100/100
|turn|25
|c|☆Smaiden|oh well
|
|t:|1758310979
|move|p2a: Walking Wake|Flip Turn|p1a: Blissey
|-damage|p1a: Blissey|92/100
|-damage|p2a: Walking Wake|31/100|[from] item: Life Orb
|
|t:|1758310984
|-end|p2a: Walking Wake|Protosynthesis|[silent]
|switch|p2a: Ceruledge|Ceruledge, F, tera:Fairy|100/100|[from] Flip Turn
|move|p1a: Blissey|Alluring Voice|p2a: Ceruledge
|-damage|p2a: Ceruledge|85/100
|
|-weather|SunnyDay|[upkeep]
|-heal|p1a: Blissey|98/100|[from] item: Leftovers
|upkeep
|turn|26
|c|☆Smaiden|!dt blissey
|raw|<div class="message"><ul class="utilichart"><li class="result"><span class="col numcol">RU</span> <span class="col iconcol"><psicon pokemon="blissey"/></span> <span class="col pokemonnamecol" style="white-space:nowrap"><a href="https://dex.pokemonshowdown.com/pokemon/blissey" target="_blank">Blissey</a></span> <span class="col typecol"><img src="https://play.pokemonshowdown.com/sprites/types/Normal.png" alt="Normal" height="14" width="32"></span> <span style="float:left;min-height:26px"><span class="col twoabilitycol">Natural Cure<br />Serene Grace</span><span class="col abilitycol"><em>Healer</em></span></span><span style="float:left;min-height:26px"><span class="col statcol"><em>HP</em><br />255</span> <span class="col statcol"><em>Atk</em><br />10</span> <span class="col statcol"><em>Def</em><br />10</span> <span class="col statcol"><em>SpA</em><br />75</span> <span class="col statcol"><em>SpD</em><br />135</span> <span class="col statcol"><em>Spe</em><br />55</span> <span class="col bstcol"><em>BST<br />540</em></span> </span></li><li style="clear:both"></li></ul></div>
|raw|<font size="1"><font color="#686868">Dex#:</font> 242&nbsp;|&ThickSpace;<font color="#686868">Gen:</font> 2&nbsp;|&ThickSpace;<font color="#686868">Height:</font> 1.5 m&nbsp;|&ThickSpace;<font color="#686868">Weight:</font> 46.8 kg <em>(60 BP)</em>&nbsp;|&ThickSpace;<font color="#686868">Dex Colour:</font> Pink&nbsp;|&ThickSpace;<font color="#686868">Egg Group(s):</font> Fairy&nbsp;|&ThickSpace;<font color="#686868">Pre-Evolution:</font> Chansey&nbsp;|&ThickSpace;<font color="#686868">Does Not Evolve</font></font>

|c|☆123Neil|Oi
|c|☆123Neil|my blissey
|inactive|Smaiden has 120 seconds left.
|
|t:|1758311011
|switch|p1a: Garganacl|Garganacl, M, tera:Dragon|71/100
|move|p2a: Ceruledge|Swords Dance|p2a: Ceruledge
|-boost|p2a: Ceruledge|atk|2
|
|-weather|SunnyDay|[upkeep]
|-heal|p1a: Garganacl|77/100|[from] item: Leftovers
|upkeep
|turn|27
|c|☆Smaiden|!weak dragon
|c| Smaiden|/raw <div class="infobox">Dragon:<br /><span class="message-effect-weak">Weaknesses</span>: Dragon, Fairy, Ice<br /><span class="message-effect-resist">Resistances</span>: Electric, Fire, Grass, Water<br /><span class="message-effect-immune">Immunities</span>: <span class="gray">None</span></div>
|
|t:|1758311033
|move|p2a: Ceruledge|Poltergeist|p1a: Garganacl|[miss]
|-miss|p2a: Ceruledge|p1a: Garganacl
|move|p1a: Garganacl|Salt Cure|p2a: Ceruledge
|-damage|p2a: Ceruledge|70/100
|-start|p2a: Ceruledge|Salt Cure
|-ability|p2a: Ceruledge|Weak Armor|boost
|-unboost|p2a: Ceruledge|def|1
|-boost|p2a: Ceruledge|spe|2
|
|-weather|SunnyDay|[upkeep]
|-heal|p1a: Garganacl|83/100|[from] item: Leftovers
|-damage|p2a: Ceruledge|57/100|[from] Salt Cure
|upkeep
|turn|28
|c|☆Smaiden|lol
|
|t:|1758311046
|move|p1a: Garganacl|Protect|p1a: Garganacl
|-singleturn|p1a: Garganacl|Protect
|move|p2a: Ceruledge|Poltergeist|p1a: Garganacl
|-activate|p1a: Garganacl|move: Protect
|
|-weather|none
|-heal|p1a: Garganacl|90/100|[from] item: Leftovers
|-damage|p2a: Ceruledge|45/100|[from] Salt Cure
|upkeep
|turn|29
|c|☆123Neil|Ur the one that’s sat cured..
|
|t:|1758311058
|move|p2a: Ceruledge|Bitter Blade|p1a: Garganacl
|-resisted|p1a: Garganacl
|-damage|p1a: Garganacl|66/100
|-heal|p2a: Ceruledge|59/100|[from] drain|[of] p1a: Garganacl
|move|p1a: Garganacl|Recover|p1a: Garganacl
|-heal|p1a: Garganacl|100/100
|
|-damage|p2a: Ceruledge|46/100|[from] Salt Cure
|upkeep
|turn|30
|inactive|Smaiden has 120 seconds left.
|c|☆Smaiden|im talking about my misses
|
|t:|1758311068
|move|p1a: Garganacl|Protect|p1a: Garganacl
|-singleturn|p1a: Garganacl|Protect
|move|p2a: Ceruledge|Poltergeist|p1a: Garganacl
|-activate|p1a: Garganacl|move: Protect
|
|-damage|p2a: Ceruledge|34/100|[from] Salt Cure
|upkeep
|turn|31
|c|☆123Neil|Oh
|c|☆123Neil|missed don’t matter here
|
|t:|1758311081
|move|p2a: Ceruledge|Poltergeist|p1a: Garganacl
|-activate|p1a: Garganacl|move: Poltergeist|Leftovers
|-damage|p1a: Garganacl|69/100
|move|p1a: Garganacl|Earthquake|p2a: Ceruledge
|-damage|p2a: Ceruledge|0 fnt
|faint|p2a: Ceruledge
|
|-heal|p1a: Garganacl|75/100|[from] item: Leftovers
|upkeep
|
|t:|1758311088
|switch|p2a: Walking Wake|Walking Wake|31/100
|turn|32
|
|t:|1758311092
|move|p2a: Walking Wake|Draco Meteor|p1a: Garganacl
|-supereffective|p1a: Garganacl
|-damage|p1a: Garganacl|0 fnt
|-unboost|p2a: Walking Wake|spa|2
|faint|p1a: Garganacl
|-damage|p2a: Walking Wake|21/100|[from] item: Life Orb
|
|upkeep
|
|t:|1758311095
|switch|p1a: Forretress|Forretress, M|100/100
|turn|33
|c|☆Smaiden|gg
|c|☆123Neil|gg
|
|t:|1758311122
|move|p2a: Walking Wake|Hydro Steam|p1a: Forretress
|-damage|p1a: Forretress|65/100
|-damage|p2a: Walking Wake|11/100|[from] item: Life Orb
|move|p1a: Forretress|Explosion|p2a: Walking Wake
|-damage|p2a: Walking Wake|0 fnt
|faint|p1a: Forretress
|faint|p2a: Walking Wake
|-end|p2a: Walking Wake|Protosynthesis|[silent]
|
|win|123Neil
|n|☆123Neil|123neil
|n|☆Smaiden|smaiden
|n|*Lady Monita ☀|ladymonita
|n| Albrtix|albrtix
|l|*Lady Monita ☀
|c|☆123Neil|R u gonna go
|c|☆123Neil|Ob
|c|☆Smaiden|gg gl
|c|☆123Neil|Gg
|l|☆123Neil
|player|p1|
|l|☆Smaiden
|player|p2|
