|j|☆REX_1A91S
|j|☆dahzay
|t:|1758261376
|gametype|singles
|player|p1|REX_1A91S|riley|1371
|player|p2|dahzay|170|1342
|gen|9
|tier|[Gen 9] OU
|rated|
|rule|HP Percentage Mod: HP is shown in percentages
|rule|Endless Battle Clause: Forcing endless battles is banned
|rule|Species Clause: Limit one of each Pokémon
|rule|OHKO Clause: OHKO moves are banned
|rule|Evasion Items Clause: Evasion items are banned
|rule|Evasion Moves Clause: Evasion moves are banned
|rule|Evasion Abilities Clause: Evasion abilities are banned
|rule|Sleep Moves Clause: Sleep-inducing moves are banned
|clearpoke
|poke|p1|Corviknight, M|
|poke|p1|Slowking-Galar, M|
|poke|p1|Pecharunt|
|poke|p1|Kyurem|
|poke|p1|Zamazenta-*|
|poke|p1|Darkrai|
|poke|p2|Bellibolt, M|
|poke|p2|Pelipper, M|
|poke|p2|Drednaw, M|
|poke|p2|Goodra-Hisui, F|
|poke|p2|Kingdra, F|
|poke|p2|Donphan, M|
|teampreview
|inactive|Battle timer is ON: inactive players will automatically lose when time's up. (requested by dahzay)
|
|t:|1758261387
|teamsize|p1|6
|teamsize|p2|6
|start
|switch|p1a: Darkrai|Darkrai|100/100
|switch|p2a: Donphan|Donphan, M|100/100
|turn|1
|
|t:|1758261391
|move|p1a: Darkrai|Ice Beam|p2a: Donphan
|-supereffective|p2a: Donphan
|-ability|p2a: Donphan|Sturdy
|-damage|p2a: Donphan|1/100
|-damage|p1a: Darkrai|91/100|[from] item: Life Orb
|move|p2a: Donphan|Stealth Rock|p1a: Darkrai
|-sidestart|p1: REX_1A91S|move: Stealth Rock
|
|-heal|p2a: Donphan|7/100|[from] item: Leftovers
|upkeep
|turn|2
|
|t:|1758261402
|move|p1a: Darkrai|Dark Pulse|p2a: Donphan
|-damage|p2a: Donphan|0 fnt
|faint|p2a: Donphan
|-damage|p1a: Darkrai|81/100|[from] item: Life Orb
|
|upkeep
|
|t:|1758261411
|switch|p2a: Goodra|Goodra-Hisui, F|100/100
|turn|3
|
|t:|1758261415
|move|p1a: Darkrai|Focus Blast|p2a: Goodra|[miss]
|-miss|p1a: Darkrai|p2a: Goodra
|move|p2a: Goodra|Dragon Tail|p1a: Darkrai
|-damage|p1a: Darkrai|40/100
|drag|p1a: Pecharunt|Pecharunt|100/100
|
|upkeep
|turn|4
|
|t:|1758261425
|move|p1a: Pecharunt|Parting Shot|p2a: Goodra
|-unboost|p2a: Goodra|atk|1
|-unboost|p2a: Goodra|spa|1
|
|t:|1758261428
|switch|p1a: Corviknight|Corviknight, M|100/100|[from] Parting Shot
|-damage|p1a: Corviknight|88/100|[from] Stealth Rock
|-ability|p1a: Corviknight|Pressure
|move|p2a: Goodra|Earthquake|p1a: Corviknight
|-immune|p1a: Corviknight
|
|-heal|p1a: Corviknight|94/100|[from] item: Leftovers
|upkeep
|turn|5
|
|t:|1758261438
|switch|p2a: Pelipper|Pelipper, M|100/100
|-weather|RainDance|[from] ability: Drizzle|[of] p2a: Pelipper
|move|p1a: Corviknight|Defog|p2a: Pelipper
|-unboost|p2a: Pelipper|evasion|1
|-sideend|p1: REX_1A91S|Stealth Rock|[from] move: Defog|[of] p1a: Corviknight
|
|-weather|RainDance|[upkeep]
|-heal|p1a: Corviknight|99/100|[from] item: Leftovers
|upkeep
|turn|6
|
|t:|1758261447
|move|p1a: Corviknight|U-turn|p2a: Pelipper
|-resisted|p2a: Pelipper
|-damage|p2a: Pelipper|95/100
|
|t:|1758261451
|switch|p1a: Slowking|Slowking-Galar, M|100/100|[from] U-turn
|move|p2a: Pelipper|U-turn|p1a: Slowking
|-damage|p1a: Slowking|92/100
|
|t:|1758261464
|switch|p2a: Drednaw|Drednaw, M|100/100|[from] U-turn
|
|-weather|RainDance|[upkeep]
|upkeep
|turn|7
|
|t:|1758261470
|switch|p1a: Pecharunt|Pecharunt|100/100
|move|p2a: Drednaw|Shell Smash|p2a: Drednaw
|-unboost|p2a: Drednaw|def|1
|-unboost|p2a: Drednaw|spd|1
|-boost|p2a: Drednaw|atk|2
|-boost|p2a: Drednaw|spa|2
|-boost|p2a: Drednaw|spe|2
|-enditem|p2a: Drednaw|White Herb
|-clearnegativeboost|p2a: Drednaw|[silent]
|
|-weather|RainDance|[upkeep]
|upkeep
|turn|8
|
|t:|1758261480
|-terastallize|p1a: Pecharunt|Water
|move|p2a: Drednaw|Liquidation|p1a: Pecharunt
|-resisted|p1a: Pecharunt
|-damage|p1a: Pecharunt|69/100
|-unboost|p1a: Pecharunt|def|1
|move|p1a: Pecharunt|Malignant Chain|p2a: Drednaw
|-resisted|p2a: Drednaw
|-damage|p2a: Drednaw|77/100
|
|-weather|RainDance|[upkeep]
|upkeep
|turn|9
|
|t:|1758261490
|move|p2a: Drednaw|Stone Edge|p1a: Pecharunt
|-damage|p1a: Pecharunt|0 fnt
|faint|p1a: Pecharunt
|
|-weather|RainDance|[upkeep]
|upkeep
|
|t:|1758261506
|switch|p1a: Zamazenta|Zamazenta|100/100
|-ability|p1a: Zamazenta|Dauntless Shield|boost
|-boost|p1a: Zamazenta|def|1
|turn|10
|
|t:|1758261511
|move|p2a: Drednaw|Liquidation|p1a: Zamazenta
|-damage|p1a: Zamazenta|34/100
|move|p1a: Zamazenta|Body Press|p2a: Drednaw
|-supereffective|p2a: Drednaw
|-damage|p2a: Drednaw|0 fnt
|faint|p2a: Drednaw
|
|-weather|RainDance|[upkeep]
|-heal|p1a: Zamazenta|40/100|[from] item: Leftovers
|upkeep
|
|t:|1758261521
|switch|p2a: Kingdra|Kingdra, F|100/100
|turn|11
|
|t:|1758261525
|switch|p1a: Slowking|Slowking-Galar, M|100/100
|move|p2a: Kingdra|Hurricane|p1a: Slowking
|-damage|p1a: Slowking|75/100
|-start|p1a: Slowking|confusion
|
|-weather|RainDance|[upkeep]
|upkeep
|turn|12
|
|t:|1758261543
|switch|p2a: Goodra|Goodra-Hisui, F|100/100
|-activate|p1a: Slowking|confusion
|move|p1a: Slowking|Psyshock|p2a: Goodra
|-resisted|p2a: Goodra
|-damage|p2a: Goodra|83/100
|
|-weather|none
|upkeep
|turn|13
|
|t:|1758261558
|switch|p2a: Pelipper|Pelipper, M|95/100
|-weather|RainDance|[from] ability: Drizzle|[of] p2a: Pelipper
|switch|p1a: Corviknight|Corviknight, M|99/100
|-ability|p1a: Corviknight|Pressure
|
|-weather|RainDance|[upkeep]
|-heal|p1a: Corviknight|100/100|[from] item: Leftovers
|upkeep
|turn|14
|
|t:|1758261570
|move|p1a: Corviknight|U-turn|p2a: Pelipper
|-resisted|p2a: Pelipper
|-damage|p2a: Pelipper|89/100
|
|t:|1758261573
|switch|p1a: Slowking|Slowking-Galar, M|100/100|[from] U-turn
|move|p2a: Pelipper|Surf|p1a: Slowking
|-damage|p1a: Slowking|78/100
|
|-weather|RainDance|[upkeep]
|upkeep
|turn|15
|
|t:|1758261581
|move|p2a: Pelipper|Hurricane|p1a: Slowking
|-damage|p1a: Slowking|60/100
|move|p1a: Slowking|Psyshock|p2a: Pelipper
|-damage|p2a: Pelipper|63/100
|
|-weather|RainDance|[upkeep]
|upkeep
|turn|16
|
|t:|1758261589
|switch|p2a: Bellibolt|Bellibolt, M|100/100
|move|p1a: Slowking|Sludge Bomb|p2a: Bellibolt
|-damage|p2a: Bellibolt|74/100
|-status|p2a: Bellibolt|psn
|-start|p2a: Bellibolt|Charge|Sludge Bomb|[from] ability: Electromorphosis
|
|-weather|RainDance|[upkeep]
|-damage|p2a: Bellibolt|62/100 psn|[from] psn
|upkeep
|turn|17
|
|t:|1758261599
|move|p2a: Bellibolt|Thunder|p1a: Slowking
|-damage|p1a: Slowking|10/100
|-end|p2a: Bellibolt|Charge|[silent]
|move|p1a: Slowking|Psyshock|p2a: Bellibolt
|-damage|p2a: Bellibolt|26/100 psn
|-start|p2a: Bellibolt|Charge|Psyshock|[from] ability: Electromorphosis
|
|-weather|RainDance|[upkeep]
|-damage|p2a: Bellibolt|14/100 psn|[from] psn
|upkeep
|turn|18
|
|t:|1758261624
|switch|p1a: Darkrai|Darkrai|40/100
|move|p2a: Bellibolt|Parabolic Charge|p1a: Darkrai
|-damage|p1a: Darkrai|0 fnt
|-heal|p2a: Bellibolt|27/100 psn|[from] drain|[of] p1a: Darkrai
|faint|p1a: Darkrai
|-end|p2a: Bellibolt|Charge|[silent]
|
|-weather|RainDance|[upkeep]
|-damage|p2a: Bellibolt|14/100 psn|[from] psn
|upkeep
|
|t:|1758261634
|switch|p1a: Kyurem|Kyurem|100/100
|-ability|p1a: Kyurem|Pressure
|turn|19
|
|t:|1758261639
|move|p1a: Kyurem|Freeze-Dry|p2a: Bellibolt
|-damage|p2a: Bellibolt|0 fnt
|faint|p2a: Bellibolt
|
|-weather|RainDance|[upkeep]
|upkeep
|
|t:|1758261644
|switch|p2a: Goodra|Goodra-Hisui, F|83/100
|turn|20
|
|t:|1758261649
|switch|p1a: Corviknight|Corviknight, M|100/100
|-ability|p1a: Corviknight|Pressure
|move|p2a: Goodra|Dragon Tail|p1a: Corviknight
|-resisted|p1a: Corviknight
|-damage|p1a: Corviknight|91/100
|drag|p1a: Slowking|Slowking-Galar, M|43/100
|
|-weather|none
|upkeep
|turn|21
|
|t:|1758261658
|switch|p1a: Corviknight|Corviknight, M|91/100
|-ability|p1a: Corviknight|Pressure
|move|p2a: Goodra|Earthquake|p1a: Corviknight
|-immune|p1a: Corviknight
|
|-heal|p1a: Corviknight|97/100|[from] item: Leftovers
|upkeep
|turn|22
|
|t:|1758261667
|switch|p2a: Pelipper|Pelipper, M|63/100
|-weather|RainDance|[from] ability: Drizzle|[of] p2a: Pelipper
|move|p1a: Corviknight|U-turn|p2a: Pelipper
|-resisted|p2a: Pelipper
|-damage|p2a: Pelipper|58/100
|
|t:|1758261677
|switch|p1a: Slowking|Slowking-Galar, M|76/100|[from] U-turn
|
|-weather|RainDance|[upkeep]
|upkeep
|turn|23
|
|t:|1758261684
|move|p2a: Pelipper|Hurricane|p1a: Slowking
|-damage|p1a: Slowking|59/100
|move|p1a: Slowking|Psyshock|p2a: Pelipper
|-damage|p2a: Pelipper|27/100
|
|-weather|RainDance|[upkeep]
|upkeep
|turn|24
|
|t:|1758261690
|move|p2a: Pelipper|U-turn|p1a: Slowking
|-damage|p1a: Slowking|50/100
|
|t:|1758261693
|switch|p2a: Kingdra|Kingdra, F|100/100|[from] U-turn
|move|p1a: Slowking|Psyshock|p2a: Kingdra
|-damage|p2a: Kingdra|51/100
|
|-weather|RainDance|[upkeep]
|upkeep
|turn|25
|
|t:|1758261700
|move|p2a: Kingdra|Hydro Pump|p1a: Slowking|[miss]
|-miss|p2a: Kingdra|p1a: Slowking
|move|p1a: Slowking|Sludge Bomb|p2a: Kingdra
|-damage|p2a: Kingdra|0 fnt
|faint|p2a: Kingdra
|
|-weather|RainDance|[upkeep]
|upkeep
|-message|dahzay forfeited.
|
|win|REX_1A91S
|raw|REX_1A91S's rating: 1371 &rarr; <strong>1389</strong><br />(+18 for winning)
|raw|dahzay's rating: 1342 &rarr; <strong>1324</strong><br />(-18 for losing)
|l|☆dahzay
|player|p2|
|l|☆REX_1A91S
|player|p1|
