|j|☆takeyouout
|j|☆scrubtest98
|t:|1758254952
|gametype|singles
|player|p1|takeyouout|richboy|1498
|player|p2|scrubtest98|102|1489
|gen|9
|tier|[Gen 9] OU
|rated|
|rule|HP Percentage Mod: HP is shown in percentages
|rule|Endless Battle Clause: Forcing endless battles is banned
|rule|Species Clause: Limit one of each Pokémon
|rule|OHKO Clause: OHKO moves are banned
|rule|Evasion Items Clause: Evasion items are banned
|rule|Evasion Moves Clause: Evasion moves are banned
|rule|Evasion Abilities Clause: Evasion abilities are banned
|rule|Sleep Moves Clause: Sleep-inducing moves are banned
|clearpoke
|poke|p1|Tyranitar, F|
|poke|p1|Garganacl, M|
|poke|p1|Deoxys-Speed|
|poke|p1|Alomomola, F|
|poke|p1|Excadrill, M|
|poke|p1|Tornadus-Therian, M|
|poke|p2|Zamazenta-*|
|poke|p2|Rillaboom, F|
|poke|p2|Gholdengo|
|poke|p2|Ting-Lu|
|poke|p2|Tornadus-Therian, M|
|poke|p2|Hawlucha, F|
|teampreview
|
|t:|1758254967
|teamsize|p1|6
|teamsize|p2|6
|start
|switch|p1a: Sri Lanka|Tornadus-Therian, M|100/100
|switch|p2a: Rillaboom|Rillaboom, F|100/100
|-fieldstart|move: Grassy Terrain|[from] ability: Grassy Surge|[of] p2a: Rillaboom
|turn|1
|
|t:|1758254972
|switch|p2a: Ting-Lu|Ting-Lu|100/100
|-ability|p2a: Ting-Lu|Vessel of Ruin
|move|p1a: Sri Lanka|Nasty Plot|p1a: Sri Lanka
|-boost|p1a: Sri Lanka|spa|2
|
|upkeep
|turn|2
|
|t:|1758254976
|move|p1a: Sri Lanka|Focus Blast|p2a: Ting-Lu|[miss]
|-miss|p1a: Sri Lanka|p2a: Ting-Lu
|move|p2a: Ting-Lu|Stealth Rock|p1a: Sri Lanka
|-sidestart|p1: takeyouout|move: Stealth Rock
|
|upkeep
|turn|3
|
|t:|1758254980
|move|p1a: Sri Lanka|Bleakwind Storm|p2a: Ting-Lu
|-damage|p2a: Ting-Lu|51/100
|-damage|p1a: Sri Lanka|90/100|[from] item: Life Orb
|move|p2a: Ting-Lu|Whirlwind|p1a: Sri Lanka
|drag|p1a: Starscream|Excadrill, M|100/100
|-damage|p1a: Starscream|97/100|[from] Stealth Rock
|
|-heal|p1a: Starscream|100/100|[from] Grassy Terrain
|-heal|p2a: Ting-Lu|57/100|[from] Grassy Terrain
|-heal|p2a: Ting-Lu|63/100|[from] item: Leftovers
|upkeep
|turn|4
|
|t:|1758254987
|move|p1a: Starscream|Iron Head|p2a: Ting-Lu
|-damage|p2a: Ting-Lu|30/100
|move|p2a: Ting-Lu|Ruination|p1a: Starscream
|-damage|p1a: Starscream|50/100
|
|-heal|p1a: Starscream|57/100|[from] Grassy Terrain
|-heal|p2a: Ting-Lu|37/100|[from] Grassy Terrain
|-heal|p2a: Ting-Lu|43/100|[from] item: Leftovers
|upkeep
|turn|5
|
|t:|1758254992
|switch|p2a: Gholdengo|Gholdengo|100/100
|-enditem|p2a: Gholdengo|Grassy Seed
|-boost|p2a: Gholdengo|def|1|[from] item: Grassy Seed
|move|p1a: Starscream|Iron Head|p2a: Gholdengo
|-resisted|p2a: Gholdengo
|-damage|p2a: Gholdengo|86/100
|
|-heal|p1a: Starscream|63/100|[from] Grassy Terrain
|-heal|p2a: Gholdengo|92/100|[from] Grassy Terrain
|-fieldend|move: Grassy Terrain
|upkeep
|turn|6
|
|t:|1758254997
|switch|p1a: Molllllyyyyy|Alomomola, F, shiny|100/100
|-damage|p1a: Molllllyyyyy|88/100|[from] Stealth Rock
|move|p2a: Gholdengo|Shadow Ball|p1a: Molllllyyyyy
|-damage|p1a: Molllllyyyyy|55/100
|
|upkeep
|turn|7
|
|t:|1758255015
|move|p2a: Gholdengo|Nasty Plot|p2a: Gholdengo
|-boost|p2a: Gholdengo|spa|2
|move|p1a: Molllllyyyyy|Light Screen|p1a: Molllllyyyyy
|-sidestart|p1: takeyouout|move: Light Screen
|
|upkeep
|turn|8
|
|t:|1758255019
|move|p2a: Gholdengo|Nasty Plot|p2a: Gholdengo
|-boost|p2a: Gholdengo|spa|2
|move|p1a: Molllllyyyyy|Flip Turn|p2a: Gholdengo
|-damage|p2a: Gholdengo|83/100
|
|t:|1758255023
|switch|p1a: Starscream|Excadrill, M|63/100|[from] Flip Turn
|-damage|p1a: Starscream|60/100|[from] Stealth Rock
|
|upkeep
|turn|9
|
|t:|1758255031
|move|p1a: Starscream|Earthquake|p2a: Gholdengo
|-supereffective|p2a: Gholdengo
|-damage|p2a: Gholdengo|11/100
|move|p2a: Gholdengo|Shadow Ball|p1a: Starscream
|-damage|p1a: Starscream|0 fnt
|faint|p1a: Starscream
|
|upkeep
|
|t:|1758255101
|switch|p1a: Sri Lanka|Tornadus-Therian, M|100/100
|-damage|p1a: Sri Lanka|75/100|[from] Stealth Rock
|turn|10
|
|t:|1758255107
|switch|p2a: Ting-Lu|Ting-Lu|43/100
|-ability|p2a: Ting-Lu|Vessel of Ruin
|move|p1a: Sri Lanka|Dark Pulse|p2a: Ting-Lu
|-resisted|p2a: Ting-Lu
|-damage|p2a: Ting-Lu|36/100
|-damage|p1a: Sri Lanka|65/100|[from] item: Life Orb
|
|-heal|p2a: Ting-Lu|43/100|[from] item: Leftovers
|upkeep
|turn|11
|
|t:|1758255113
|move|p1a: Sri Lanka|Focus Blast|p2a: Ting-Lu|[miss]
|-miss|p1a: Sri Lanka|p2a: Ting-Lu
|move|p2a: Ting-Lu|Ruination|p1a: Sri Lanka
|-damage|p1a: Sri Lanka|33/100
|
|-heal|p2a: Ting-Lu|49/100|[from] item: Leftovers
|-sideend|p1: takeyouout|move: Light Screen
|upkeep
|turn|12
|
|t:|1758255116
|move|p1a: Sri Lanka|Focus Blast|p2a: Ting-Lu
|-supereffective|p2a: Ting-Lu
|-damage|p2a: Ting-Lu|6/100
|-damage|p1a: Sri Lanka|23/100|[from] item: Life Orb
|move|p2a: Ting-Lu|Whirlwind|p1a: Sri Lanka
|drag|p1a: Molllllyyyyy|Alomomola, F, shiny|89/100
|-damage|p1a: Molllllyyyyy|76/100|[from] Stealth Rock
|
|-heal|p2a: Ting-Lu|13/100|[from] item: Leftovers
|upkeep
|turn|13
|
|t:|1758255122
|move|p2a: Ting-Lu|Ruination|p1a: Molllllyyyyy
|-damage|p1a: Molllllyyyyy|39/100
|move|p1a: Molllllyyyyy|Flip Turn|p2a: Ting-Lu
|-supereffective|p2a: Ting-Lu
|-damage|p2a: Ting-Lu|0 fnt
|faint|p2a: Ting-Lu
|
|t:|1758255128
|switch|p1a: Sri Lanka|Tornadus-Therian, M|56/100|[from] Flip Turn
|-damage|p1a: Sri Lanka|31/100|[from] Stealth Rock
|
|upkeep
|
|t:|1758255133
|switch|p2a: Rillaboom|Rillaboom, F|100/100
|-fieldstart|move: Grassy Terrain|[from] ability: Grassy Surge|[of] p2a: Rillaboom
|turn|14
|
|t:|1758255177
|switch|p1a: RockIce|Garganacl, M|100/100
|-damage|p1a: RockIce|88/100|[from] Stealth Rock
|move|p2a: Rillaboom|Grassy Glide|p1a: RockIce
|-supereffective|p1a: RockIce
|-damage|p1a: RockIce|1/100
|
|-heal|p1a: RockIce|8/100|[from] Grassy Terrain
|-heal|p1a: RockIce|14/100|[from] item: Leftovers
|upkeep
|turn|15
|
|t:|1758255180
|move|p1a: RockIce|Protect|p1a: RockIce
|-singleturn|p1a: RockIce|Protect
|move|p2a: Rillaboom|Grassy Glide|p1a: RockIce
|-activate|p1a: RockIce|move: Protect
|
|-heal|p1a: RockIce|20/100|[from] Grassy Terrain
|-heal|p1a: RockIce|26/100|[from] item: Leftovers
|upkeep
|turn|16
|
|t:|1758255187
|switch|p1a: Molllllyyyyy|Alomomola, F, shiny|72/100
|-damage|p1a: Molllllyyyyy|59/100|[from] Stealth Rock
|move|p2a: Rillaboom|Grassy Glide|p1a: Molllllyyyyy
|-supereffective|p1a: Molllllyyyyy
|-damage|p1a: Molllllyyyyy|0 fnt
|-damage|p2a: Rillaboom|84/100|[from] item: Rocky Helmet|[of] p1a: Molllllyyyyy
|faint|p1a: Molllllyyyyy
|
|-heal|p2a: Rillaboom|90/100|[from] Grassy Terrain
|upkeep
|
|t:|1758255191
|switch|p1a: Sri Lanka|Tornadus-Therian, M|65/100
|-damage|p1a: Sri Lanka|40/100|[from] Stealth Rock
|turn|17
|
|t:|1758255196
|-terastallize|p2a: Rillaboom|Grass
|move|p2a: Rillaboom|Grassy Glide|p1a: Sri Lanka
|-resisted|p1a: Sri Lanka
|-damage|p1a: Sri Lanka|0 fnt
|faint|p1a: Sri Lanka
|
|-heal|p2a: Rillaboom|96/100|[from] Grassy Terrain
|upkeep
|-message|takeyouout forfeited.
|
|win|scrubtest98
|raw|takeyouout's rating: 1498 &rarr; <strong>1477</strong><br />(-21 for losing)
|raw|scrubtest98's rating: 1489 &rarr; <strong>1510</strong><br />(+21 for winning)
|l|☆takeyouout
|player|p1|
|l|☆scrubtest98
|player|p2|
