|j|☆KAMARA CITY
|j|☆naxduck
|t:|1758257193
|gametype|singles
|player|p1|KAMARA CITY|265|1496
|player|p2|naxduck|dawn-gen4pt|1510
|gen|9
|tier|[Gen 9] OU
|rated|
|rule|HP Percentage Mod: HP is shown in percentages
|rule|Endless Battle Clause: Forcing endless battles is banned
|rule|Species Clause: Limit one of each Pokémon
|rule|OHKO Clause: OHKO moves are banned
|rule|Evasion Items Clause: Evasion items are banned
|rule|Evasion Moves Clause: Evasion moves are banned
|rule|Evasion Abilities Clause: Evasion abilities are banned
|rule|Sleep Moves Clause: Sleep-inducing moves are banned
|clearpoke
|poke|p1|Glimmora, F|
|poke|p1|Ogerpon-Wellspring, F|
|poke|p1|Hatterene, F|
|poke|p1|Iron Moth|
|poke|p1|Dragonite, F|
|poke|p1|Kingambit, F|
|poke|p2|Alomomola, M|
|poke|p2|Talonflame, F|
|poke|p2|Great Tusk|
|poke|p2|Hatterene, F|
|poke|p2|Raging Bolt|
|poke|p2|Ogerpon-Wellspring, F|
|teampreview
|inactive|Battle timer is ON: inactive players will automatically lose when time's up. (requested by naxduck)
|inactive|KAMARA CITY also wants the timer to be on.
|
|t:|1758257206
|teamsize|p1|6
|teamsize|p2|6
|start
|switch|p1a: The Advocate|Glimmora, F|100/100
|switch|p2a: Hatterene|Hatterene, F|100/100
|turn|1
|
|t:|1758257211
|move|p1a: The Advocate|Power Gem|p2a: Hatterene
|-damage|p2a: Hatterene|71/100
|move|p2a: Hatterene|Psychic Noise|p1a: The Advocate
|-supereffective|p1a: The Advocate
|-enditem|p1a: The Advocate|Focus Sash
|-damage|p1a: The Advocate|1/100
|-start|p1a: The Advocate|move: Heal Block
|
|upkeep
|turn|2
|
|t:|1758257218
|switch|p1a: The Witch|Hatterene, F|100/100
|move|p2a: Hatterene|Psychic Noise|p1a: The Witch
|-resisted|p1a: The Witch
|-damage|p1a: The Witch|80/100
|-start|p1a: The Witch|move: Heal Block
|
|upkeep
|turn|3
|
|t:|1758257226
|move|p1a: The Witch|Psychic Noise|p2a: Hatterene
|-resisted|p2a: Hatterene
|-damage|p2a: Hatterene|61/100
|-start|p2a: Hatterene|move: Heal Block
|move|p2a: Hatterene|Nuzzle|p1a: The Witch
|-damage|p1a: The Witch|77/100
|-status|p1a: The Witch|par
|
|-end|p1a: The Witch|move: Heal Block
|upkeep
|turn|4
|
|t:|1758257235
|move|p2a: Hatterene|Mystical Fire|p1a: The Witch
|-damage|p1a: The Witch|46/100 par
|-unboost|p1a: The Witch|spa|1
|move|p1a: The Witch|Mystical Fire|p2a: Hatterene
|-damage|p2a: Hatterene|52/100
|-unboost|p2a: Hatterene|spa|1
|
|-heal|p1a: The Witch|52/100 par|[from] item: Leftovers
|-end|p2a: Hatterene|move: Heal Block
|upkeep
|turn|5
|
|t:|1758257245
|move|p2a: Hatterene|Mystical Fire|p1a: The Witch
|-damage|p1a: The Witch|34/100 par
|-unboost|p1a: The Witch|spa|1
|move|p1a: The Witch|Mystical Fire|p2a: Hatterene
|-damage|p2a: Hatterene|45/100
|-unboost|p2a: Hatterene|spa|1
|
|-heal|p1a: The Witch|40/100 par|[from] item: Leftovers
|upkeep
|turn|6
|
|t:|1758257254
|switch|p2a: Ogerpon|Ogerpon-Wellspring, F|100/100
|move|p1a: The Witch|Draining Kiss|p2a: Ogerpon
|-damage|p2a: Ogerpon|87/100
|-heal|p1a: The Witch|50/100 par|[from] drain|[of] p2a: Ogerpon
|
|-heal|p1a: The Witch|56/100 par|[from] item: Leftovers
|upkeep
|turn|7
|
|t:|1758257265
|switch|p1a: The Advocate|Glimmora, F|1/100
|move|p2a: Ogerpon|Ivy Cudgel|p1a: The Advocate|[anim] Ivy Cudgel Water
|-supereffective|p1a: The Advocate
|-damage|p1a: The Advocate|0 fnt
|-activate|p1a: The Advocate|ability: Toxic Debris
|-sidestart|p2: naxduck|move: Toxic Spikes
|faint|p1a: The Advocate
|
|upkeep
|
|t:|1758257273
|switch|p1a: Satan|Dragonite, F|100/100
|turn|8
|
|t:|1758257275
|move|p2a: Ogerpon|U-turn|p1a: Satan
|-resisted|p1a: Satan
|-damage|p1a: Satan|92/100
|
|t:|1758257277
|switch|p2a: Great Tusk|Great Tusk|100/100|[from] U-turn
|move|p1a: Satan|Dragon Dance|p1a: Satan
|-boost|p1a: Satan|atk|1
|-boost|p1a: Satan|spe|1
|
|upkeep
|turn|9
|
|t:|1758257282
|-terastallize|p1a: Satan|Ghost
|move|p1a: Satan|Dragon Dance|p1a: Satan
|-boost|p1a: Satan|atk|1
|-boost|p1a: Satan|spe|1
|move|p2a: Great Tusk|Ice Spinner|p1a: Satan
|-damage|p1a: Satan|60/100
|
|upkeep
|turn|10
|
|t:|1758257289
|move|p1a: Satan|Ice Spinner|p2a: Great Tusk
|-supereffective|p2a: Great Tusk
|-damage|p2a: Great Tusk|11/100
|move|p2a: Great Tusk|Headlong Rush|p1a: Satan
|-damage|p1a: Satan|0 fnt
|-unboost|p2a: Great Tusk|def|1
|-unboost|p2a: Great Tusk|spd|1
|faint|p1a: Satan
|
|upkeep
|
|t:|1758257294
|switch|p1a: The Idol|Iron Moth|100/100
|-enditem|p1a: The Idol|Booster Energy
|-activate|p1a: The Idol|ability: Quark Drive|[fromitem]
|-start|p1a: The Idol|quarkdrivespe
|turn|11
|
|t:|1758257297
|-end|p2a: Great Tusk|Protosynthesis|[silent]
|switch|p2a: Raging Bolt|Raging Bolt|100/100
|-status|p2a: Raging Bolt|psn
|move|p1a: The Idol|Fiery Dance|p2a: Raging Bolt
|-resisted|p2a: Raging Bolt
|-damage|p2a: Raging Bolt|90/100 psn
|
|-damage|p2a: Raging Bolt|78/100 psn|[from] psn
|upkeep
|turn|12
|
|t:|1758257308
|move|p1a: The Idol|Substitute|p1a: The Idol
|-start|p1a: The Idol|Substitute
|-damage|p1a: The Idol|76/100
|move|p2a: Raging Bolt|Volt Switch|p1a: The Idol
|-end|p1a: The Idol|Substitute
|
|t:|1758257311
|-end|p2a: Raging Bolt|Protosynthesis|[silent]
|switch|p2a: Talonflame|Talonflame, F|100/100|[from] Volt Switch
|
|upkeep
|turn|13
|
|t:|1758257314
|-terastallize|p2a: Talonflame|Flying
|move|p2a: Talonflame|Dual Wingbeat|p1a: The Idol
|-damage|p1a: The Idol|30/100
|-damage|p1a: The Idol|0 fnt
|faint|p1a: The Idol
|-end|p1a: The Idol|Quark Drive|[silent]
|-hitcount|p1: The Idol|2
|
|upkeep
|
|t:|1758257322
|switch|p1a: The Leader|Kingambit, F|100/100
|-activate|p1a: The Leader|ability: Supreme Overlord
|-start|p1a: The Leader|fallen3|[silent]
|turn|14
|
|t:|1758257327
|switch|p2a: Alomomola|Alomomola, M|100/100
|move|p1a: The Leader|Swords Dance|p1a: The Leader
|-boost|p1a: The Leader|atk|2
|
|upkeep
|turn|15
|
|t:|1758257331
|move|p1a: The Leader|Kowtow Cleave|p2a: Alomomola
|-damage|p2a: Alomomola|11/100
|move|p2a: Alomomola|Healing Wish|p2a: Alomomola
|faint|p2a: Alomomola
|
|upkeep
|
|t:|1758257337
|switch|p2a: Great Tusk|Great Tusk|11/100
|-heal|p2a: Great Tusk|100/100|[from] move: Healing Wish
|turn|16
|
|t:|1758257344
|-end|p1a: The Leader|fallen3|[silent]
|switch|p1a: The Witch|Hatterene, F|56/100 par
|move|p2a: Great Tusk|Headlong Rush|p1a: The Witch
|-damage|p1a: The Witch|5/100 par
|-unboost|p2a: Great Tusk|def|1
|-unboost|p2a: Great Tusk|spd|1
|
|-heal|p1a: The Witch|11/100 par|[from] item: Leftovers
|upkeep
|turn|17
|
|t:|1758257353
|move|p2a: Great Tusk|Rapid Spin|p1a: The Witch
|-damage|p1a: The Witch|0 fnt
|-boost|p2a: Great Tusk|spe|1
|-sideend|p2: naxduck|Toxic Spikes|[from] move: Rapid Spin|[of] p2a: Great Tusk
|faint|p1a: The Witch
|
|upkeep
|
|t:|1758257356
|switch|p1a: The Ogerponzi|Ogerpon-Wellspring, F|100/100
|turn|18
|
|t:|1758257360
|-end|p2a: Great Tusk|Protosynthesis|[silent]
|switch|p2a: Ogerpon|Ogerpon-Wellspring, F|87/100
|move|p1a: The Ogerponzi|Horn Leech|p2a: Ogerpon
|-damage|p2a: Ogerpon|27/100
|
|upkeep
|turn|19
|
|t:|1758257366
|move|p1a: The Ogerponzi|Horn Leech|p2a: Ogerpon
|-damage|p2a: Ogerpon|0 fnt
|faint|p2a: Ogerpon
|
|upkeep
|
|t:|1758257371
|switch|p2a: Talonflame|Talonflame, F, tera:Flying|100/100
|turn|20
|
|t:|1758257378
|move|p2a: Talonflame|Brave Bird|p1a: The Ogerponzi
|-supereffective|p1a: The Ogerponzi
|-damage|p1a: The Ogerponzi|0 fnt
|faint|p1a: The Ogerponzi
|-damage|p2a: Talonflame|67/100|[from] Recoil
|
|upkeep
|
|t:|1758257383
|switch|p1a: The Leader|Kingambit, F|100/100
|-activate|p1a: The Leader|ability: Supreme Overlord
|-start|p1a: The Leader|fallen5|[silent]
|turn|21
|
|t:|1758257387
|switch|p2a: Great Tusk|Great Tusk|100/100
|move|p1a: The Leader|Swords Dance|p1a: The Leader
|-boost|p1a: The Leader|atk|2
|
|upkeep
|turn|22
|
|t:|1758257391
|move|p2a: Great Tusk|Headlong Rush|p1a: The Leader
|-supereffective|p1a: The Leader
|-damage|p1a: The Leader|0 fnt
|-unboost|p2a: Great Tusk|def|1
|-unboost|p2a: Great Tusk|spd|1
|faint|p1a: The Leader
|-end|p1a: The Leader|fallen5|[silent]
|
|win|naxduck
|raw|KAMARA CITY's rating: 1496 &rarr; <strong>1477</strong><br />(-19 for losing)
|raw|naxduck's rating: 1510 &rarr; <strong>1529</strong><br />(+19 for winning)
|l|☆naxduck
|player|p2|
|l|☆KAMARA CITY
|player|p1|
