|j|☆catcat77
|j|☆crealed
|t:|1758283959
|gametype|singles
|player|p1|catcat77|265|1487
|player|p2|crealed|shelly|1492
|gen|9
|tier|[Gen 9] OU
|rated|
|rule|HP Percentage Mod: HP is shown in percentages
|rule|Endless Battle Clause: Forcing endless battles is banned
|rule|Species Clause: Limit one of each Pokémon
|rule|OHKO Clause: OHKO moves are banned
|rule|Evasion Items Clause: Evasion items are banned
|rule|Evasion Moves Clause: Evasion moves are banned
|rule|Evasion Abilities Clause: Evasion abilities are banned
|rule|Sleep Moves Clause: Sleep-inducing moves are banned
|clearpoke
|poke|p1|Ogerpon-Wellspring, F|
|poke|p1|Kingambit, F|
|poke|p1|Great Tusk|
|poke|p1|Raging Bolt|
|poke|p1|Zamazenta-*|
|poke|p1|Iron Crown|
|poke|p2|Scrafty, F|
|poke|p2|Gholdengo|
|poke|p2|Dragapult, M|
|poke|p2|Alomomola, M|
|poke|p2|Dragonite, M|
|poke|p2|Garganacl, M|
|teampreview
|inactive|Battle timer is ON: inactive players will automatically lose when time's up. (requested by crealed)
|
|t:|1758283976
|teamsize|p1|6
|teamsize|p2|6
|start
|switch|p1a: Iron Crown|Iron Crown|100/100
|switch|p2a: Dragapult|Dragapult, M|100/100
|turn|1
|
|t:|1758283988
|move|p2a: Dragapult|Shadow Ball|p1a: Iron Crown
|-supereffective|p1a: Iron Crown
|-damage|p1a: Iron Crown|0 fnt
|faint|p1a: Iron Crown
|-end|p1a: Iron Crown|Quark Drive|[silent]
|
|upkeep
|
|t:|1758283996
|switch|p1a: Kingambit|Kingambit, F|100/100
|turn|2
|
|t:|1758284007
|switch|p2a: Scrafty|Scrafty, F|100/100
|-ability|p2a: Scrafty|Intimidate|boost
|-unboost|p1a: Kingambit|atk|1
|-ability|p1a: Kingambit|Defiant|boost
|-boost|p1a: Kingambit|atk|2
|move|p1a: Kingambit|Kowtow Cleave|p2a: Scrafty
|-resisted|p2a: Scrafty
|-damage|p2a: Scrafty|83/100
|
|upkeep
|turn|3
|
|t:|1758284030
|move|p2a: Scrafty|Knock Off|p1a: Kingambit
|-resisted|p1a: Kingambit
|-damage|p1a: Kingambit|88/100
|-enditem|p1a: Kingambit|Lum Berry|[from] move: Knock Off|[of] p2a: Scrafty
|move|p1a: Kingambit|Iron Head|p2a: Scrafty
|-damage|p2a: Scrafty|16/100
|
|upkeep
|turn|4
|
|t:|1758284038
|switch|p2a: Alomomola|Alomomola, M|100/100
|move|p1a: Kingambit|Sucker Punch||[still]
|-fail|p1a: Kingambit
|
|upkeep
|turn|5
|
|t:|1758284044
|move|p1a: Kingambit|Kowtow Cleave|p2a: Alomomola
|-crit|p2a: Alomomola
|-damage|p2a: Alomomola|41/100
|move|p2a: Alomomola|Wish|p2a: Alomomola
|
|upkeep
|turn|6
|
|t:|1758284051
|move|p1a: Kingambit|Kowtow Cleave|p2a: Alomomola
|-crit|p2a: Alomomola
|-damage|p2a: Alomomola|0 fnt
|faint|p2a: Alomomola
|
|upkeep
|
|t:|1758284065
|switch|p2a: Scrafty|Scrafty, F|16/100
|-ability|p2a: Scrafty|Intimidate|boost
|-unboost|p1a: Kingambit|atk|1
|-ability|p1a: Kingambit|Defiant|boost
|-boost|p1a: Kingambit|atk|2
|turn|7
|
|t:|1758284069
|move|p1a: Kingambit|Sucker Punch|p2a: Scrafty
|-resisted|p2a: Scrafty
|-damage|p2a: Scrafty|0 fnt
|faint|p2a: Scrafty
|
|upkeep
|-message|crealed forfeited.
|
|win|catcat77
|raw|catcat77's rating: 1487 &rarr; <strong>1507</strong><br />(+20 for winning)
|raw|crealed's rating: 1492 &rarr; <strong>1472</strong><br />(-20 for losing)
|l|☆crealed
|player|p2|
|l|☆catcat77
|player|p1|
