|j|☆leoleoloeloe
|j|☆Stelazine
|t:|1758270381
|gametype|singles
|player|p1|leoleoloeloe|crasherwake|1380
|player|p2|Stelazine|benga|1379
|gen|9
|tier|[Gen 9] OU
|rated|
|rule|HP Percentage Mod: HP is shown in percentages
|rule|Endless Battle Clause: Forcing endless battles is banned
|rule|Species Clause: Limit one of each Pokémon
|rule|OHKO Clause: OHKO moves are banned
|rule|Evasion Items Clause: Evasion items are banned
|rule|Evasion Moves Clause: Evasion moves are banned
|rule|Evasion Abilities Clause: Evasion abilities are banned
|rule|Sleep Moves Clause: Sleep-inducing moves are banned
|clearpoke
|poke|p1|Raging Bolt|
|poke|p1|Basculegion, M|
|poke|p1|Dragonite, M|
|poke|p1|Iron Treads|
|poke|p1|Barraskewda, M|
|poke|p1|Pelipper, M|
|poke|p2|Meowscarada, F|
|poke|p2|Frosmoth, M|
|poke|p2|Weezing-Galar, M|
|poke|p2|Sinistcha-Masterpiece|
|poke|p2|Ting-Lu|
|poke|p2|Alomomola, M|
|teampreview
|inactive|Battle timer is ON: inactive players will automatically lose when time's up. (requested by Stelazine)
|
|t:|1758270390
|teamsize|p1|6
|teamsize|p2|6
|start
|switch|p1a: Your Demise|Pelipper, M|100/100
|switch|p2a: Frosmoth|Frosmoth, M|100/100
|-weather|RainDance|[from] ability: Drizzle|[of] p1a: Your Demise
|turn|1
|
|t:|1758270397
|switch|p1a: ELON TUSK|Iron Treads|100/100
|-terastallize|p2a: Frosmoth|Electric
|move|p2a: Frosmoth|Substitute|p2a: Frosmoth
|-start|p2a: Frosmoth|Substitute
|-damage|p2a: Frosmoth|76/100
|
|-weather|RainDance|[upkeep]
|-heal|p2a: Frosmoth|82/100|[from] item: Leftovers
|upkeep
|turn|2
|
|t:|1758270406
|move|p1a: ELON TUSK|Stealth Rock|p2a: Frosmoth
|-sidestart|p2: Stelazine|move: Stealth Rock
|move|p2a: Frosmoth|Ice Beam|p1a: ELON TUSK
|-damage|p1a: ELON TUSK|57/100
|-enditem|p1a: ELON TUSK|Eject Button
|
|t:|1758270412
|-end|p1a: ELON TUSK|Quark Drive|[silent]
|switch|p1a: Banded|Barraskewda, M|100/100
|
|-weather|RainDance|[upkeep]
|-heal|p2a: Frosmoth|88/100|[from] item: Leftovers
|upkeep
|turn|3
|
|t:|1758270418
|move|p1a: Banded|Flip Turn|p2a: Frosmoth
|-end|p2a: Frosmoth|Substitute
|
|t:|1758270422
|switch|p1a: Poacher|Raging Bolt|100/100|[from] Flip Turn
|move|p2a: Frosmoth|Tera Blast|p1a: Poacher|[anim] Tera Blast Electric
|-resisted|p1a: Poacher
|-damage|p1a: Poacher|96/100
|
|-weather|RainDance|[upkeep]
|-heal|p2a: Frosmoth|94/100|[from] item: Leftovers
|upkeep
|turn|4
|
|t:|1758270430
|move|p1a: Poacher|Weather Ball|p2a: Frosmoth
|-damage|p2a: Frosmoth|71/100
|move|p2a: Frosmoth|Substitute|p2a: Frosmoth
|-start|p2a: Frosmoth|Substitute
|-damage|p2a: Frosmoth|47/100
|
|-weather|RainDance|[upkeep]
|-heal|p2a: Frosmoth|53/100|[from] item: Leftovers
|upkeep
|turn|5
|
|t:|1758270438
|move|p1a: Poacher|Volt Switch|p2a: Frosmoth
|-resisted|p2a: Frosmoth
|-activate|p2a: Frosmoth|move: Substitute|[damage]
|
|t:|1758270447
|-end|p1a: Poacher|Protosynthesis|[silent]
|switch|p1a: Banded|Barraskewda, M|100/100|[from] Volt Switch
|move|p2a: Frosmoth|Quiver Dance|p2a: Frosmoth
|-boost|p2a: Frosmoth|spa|1
|-boost|p2a: Frosmoth|spd|1
|-boost|p2a: Frosmoth|spe|1
|
|-weather|RainDance|[upkeep]
|-heal|p2a: Frosmoth|59/100|[from] item: Leftovers
|upkeep
|turn|6
|
|t:|1758270456
|move|p1a: Banded|Flip Turn|p2a: Frosmoth
|-end|p2a: Frosmoth|Substitute
|
|t:|1758270469
|switch|p1a: ELON TUSK|Iron Treads|57/100|[from] Flip Turn
|move|p2a: Frosmoth|Ice Beam|p1a: ELON TUSK
|-damage|p1a: ELON TUSK|0 fnt
|faint|p1a: ELON TUSK
|-end|p1a: ELON TUSK|Quark Drive|[silent]
|
|-weather|RainDance|[upkeep]
|-heal|p2a: Frosmoth|65/100|[from] item: Leftovers
|upkeep
|
|t:|1758270478
|switch|p1a: Banded|Barraskewda, M|100/100
|turn|7
|
|t:|1758270481
|switch|p2a: Sinistcha|Sinistcha-Masterpiece|100/100
|move|p1a: Banded|Flip Turn|p2a: Sinistcha
|-resisted|p2a: Sinistcha
|-damage|p2a: Sinistcha|81/100
|
|t:|1758270491
|switch|p1a: Mediocre Speed|Dragonite, M|100/100|[from] Flip Turn
|
|-weather|RainDance|[upkeep]
|upkeep
|turn|8
|
|t:|1758270496
|move|p1a: Mediocre Speed|Hurricane|p2a: Sinistcha
|-supereffective|p2a: Sinistcha
|-damage|p2a: Sinistcha|0 fnt
|faint|p2a: Sinistcha
|
|-weather|none
|upkeep
|
|t:|1758270499
|switch|p2a: Frosmoth|Frosmoth, M, tera:Electric|65/100
|-damage|p2a: Frosmoth|53/100|[from] Stealth Rock
|turn|9
|
|t:|1758270503
|move|p1a: Mediocre Speed|Draco Meteor|p2a: Frosmoth
|-crit|p2a: Frosmoth
|-damage|p2a: Frosmoth|20/100
|-unboost|p1a: Mediocre Speed|spa|2
|-enditem|p1a: Mediocre Speed|Eject Pack
|
|t:|1758270509
|switch|p1a: Banded|Barraskewda, M|100/100
|move|p2a: Frosmoth|Substitute|p2a: Frosmoth
|-fail|p2a: Frosmoth|move: Substitute|[weak]
|
|-heal|p2a: Frosmoth|26/100|[from] item: Leftovers
|upkeep
|turn|10
|
|t:|1758270515
|switch|p2a: Weezing|Weezing-Galar, M|100/100
|-ability|p2a: Weezing|Neutralizing Gas
|-damage|p2a: Weezing|88/100|[from] Stealth Rock
|move|p1a: Banded|Flip Turn|p2a: Weezing
|-damage|p2a: Weezing|60/100
|
|t:|1758270523
|switch|p1a: SKULLKRAKEN|Basculegion, M|100/100|[from] Flip Turn
|
|upkeep
|turn|11
|
|t:|1758270527
|move|p1a: SKULLKRAKEN|Flip Turn|p2a: Weezing
|-damage|p2a: Weezing|31/100
|
|t:|1758270536
|switch|p1a: Mediocre Speed|Dragonite, M|100/100|[from] Flip Turn
|move|p2a: Weezing|Will-O-Wisp|p1a: Mediocre Speed
|-status|p1a: Mediocre Speed|brn
|
|-damage|p1a: Mediocre Speed|94/100 brn|[from] brn
|upkeep
|turn|12
|
|t:|1758270544
|-end|p2a: Weezing|ability: Neutralizing Gas
|switch|p2a: Alomomola|Alomomola, M|100/100
|move|p1a: Mediocre Speed|Hurricane|p2a: Alomomola|[miss]
|-miss|p1a: Mediocre Speed|p2a: Alomomola
|
|-damage|p1a: Mediocre Speed|88/100 brn|[from] brn
|upkeep
|turn|13
|
|t:|1758270552
|switch|p1a: Your Demise|Pelipper, M|100/100
|-weather|RainDance|[from] ability: Drizzle|[of] p1a: Your Demise
|move|p2a: Alomomola|Wish|p2a: Alomomola
|
|-weather|RainDance|[upkeep]
|upkeep
|turn|14
|
|t:|1758270560
|move|p1a: Your Demise|U-turn|p2a: Alomomola
|-damage|p2a: Alomomola|95/100
|
|t:|1758270566
|switch|p1a: SKULLKRAKEN|Basculegion, M|100/100|[from] U-turn
|move|p2a: Alomomola|Flip Turn|p1a: SKULLKRAKEN
|-resisted|p1a: SKULLKRAKEN
|-damage|p1a: SKULLKRAKEN|83/100
|
|t:|1758270571
|switch|p2a: Weezing|Weezing-Galar, M|31/100|[from] Flip Turn
|-ability|p2a: Weezing|Neutralizing Gas
|-damage|p2a: Weezing|19/100|[from] Stealth Rock
|
|-weather|RainDance|[upkeep]
|-heal|p2a: Weezing|89/100|[from] move: Wish|[wisher] Alomomola
|upkeep
|turn|15
|
|t:|1758270579
|move|p1a: SKULLKRAKEN|Wave Crash|p2a: Weezing
|-damage|p2a: Weezing|4/100
|-damage|p1a: SKULLKRAKEN|59/100|[from] Recoil
|move|p2a: Weezing|Will-O-Wisp|p1a: SKULLKRAKEN
|-status|p1a: SKULLKRAKEN|brn
|
|-weather|RainDance|[upkeep]
|-damage|p1a: SKULLKRAKEN|53/100 brn|[from] brn
|upkeep
|turn|16
|
|t:|1758270596
|move|p1a: SKULLKRAKEN|Wave Crash|p2a: Weezing
|-damage|p2a: Weezing|0 fnt
|faint|p2a: Weezing
|-end|p2a: Weezing|ability: Neutralizing Gas
|-damage|p1a: SKULLKRAKEN|52/100 brn|[from] Recoil
|
|-weather|RainDance|[upkeep]
|-damage|p1a: SKULLKRAKEN|46/100 brn|[from] brn
|upkeep
|
|t:|1758270599
|switch|p2a: Alomomola|Alomomola, M|100/100
|turn|17
|
|t:|1758270607
|move|p1a: SKULLKRAKEN|Wave Crash|p2a: Alomomola
|-resisted|p2a: Alomomola
|-damage|p2a: Alomomola|68/100
|-damage|p1a: SKULLKRAKEN|33/100 brn|[from] Recoil
|move|p2a: Alomomola|Wish|p2a: Alomomola
|
|-weather|RainDance|[upkeep]
|-damage|p1a: SKULLKRAKEN|26/100 brn|[from] brn
|upkeep
|turn|18
|
|t:|1758270618
|move|p1a: SKULLKRAKEN|Wave Crash|p2a: Alomomola
|-resisted|p2a: Alomomola
|-damage|p2a: Alomomola|37/100
|-damage|p1a: SKULLKRAKEN|14/100 brn|[from] Recoil
|move|p2a: Alomomola|Flip Turn|p1a: SKULLKRAKEN
|-resisted|p1a: SKULLKRAKEN
|-damage|p1a: SKULLKRAKEN|0 fnt
|faint|p1a: SKULLKRAKEN
|
|t:|1758270626
|switch|p2a: Frosmoth|Frosmoth, M, tera:Electric|26/100|[from] Flip Turn
|-damage|p2a: Frosmoth|14/100|[from] Stealth Rock
|
|-weather|RainDance|[upkeep]
|-heal|p2a: Frosmoth|82/100|[from] move: Wish|[wisher] Alomomola
|-heal|p2a: Frosmoth|88/100|[from] item: Leftovers
|upkeep
|
|t:|1758270636
|switch|p1a: Banded|Barraskewda, M|100/100
|turn|19
|
|t:|1758270640
|switch|p2a: Alomomola|Alomomola, M|70/100
|move|p1a: Banded|Close Combat|p2a: Alomomola
|-damage|p2a: Alomomola|43/100
|-unboost|p1a: Banded|def|1
|-unboost|p1a: Banded|spd|1
|
|-weather|RainDance|[upkeep]
|upkeep
|turn|20
|
|t:|1758270648
|move|p1a: Banded|Flip Turn|p2a: Alomomola
|-resisted|p2a: Alomomola
|-damage|p2a: Alomomola|23/100
|
|t:|1758270651
|switch|p1a: Poacher|Raging Bolt|96/100|[from] Flip Turn
|move|p2a: Alomomola|Flip Turn|p1a: Poacher
|-resisted|p1a: Poacher
|-damage|p1a: Poacher|86/100
|
|t:|1758270654
|switch|p2a: Frosmoth|Frosmoth, M, tera:Electric|88/100|[from] Flip Turn
|-damage|p2a: Frosmoth|76/100|[from] Stealth Rock
|
|-weather|none
|-heal|p2a: Frosmoth|82/100|[from] item: Leftovers
|upkeep
|turn|21
|c|☆leoleoloeloe|oops
|
|t:|1758270663
|move|p1a: Poacher|Volt Switch|p2a: Frosmoth
|-resisted|p2a: Frosmoth
|-damage|p2a: Frosmoth|74/100
|c|☆leoleoloeloe|frosmoth gud indeed
|inactive|leoleoloeloe has 120 seconds left.
|
|t:|1758270695
|-end|p1a: Poacher|Protosynthesis|[silent]
|switch|p1a: Banded|Barraskewda, M|100/100|[from] Volt Switch
|move|p2a: Frosmoth|Substitute|p2a: Frosmoth
|-start|p2a: Frosmoth|Substitute
|-damage|p2a: Frosmoth|49/100
|
|-heal|p2a: Frosmoth|56/100|[from] item: Leftovers
|upkeep
|turn|22
|c|☆Stelazine|Kinda hard to get it in usually
|
|t:|1758270711
|move|p1a: Banded|Flip Turn|p2a: Frosmoth
|-end|p2a: Frosmoth|Substitute
|
|t:|1758270718
|switch|p1a: Your Demise|Pelipper, M|100/100|[from] Flip Turn
|-weather|RainDance|[from] ability: Drizzle|[of] p1a: Your Demise
|move|p2a: Frosmoth|Tera Blast|p1a: Your Demise|[anim] Tera Blast Electric
|-supereffective|p1a: Your Demise
|-damage|p1a: Your Demise|0 fnt
|faint|p1a: Your Demise
|
|-weather|RainDance|[upkeep]
|-heal|p2a: Frosmoth|62/100|[from] item: Leftovers
|upkeep
|
|t:|1758270728
|switch|p1a: Banded|Barraskewda, M|100/100
|turn|23
|
|t:|1758270741
|switch|p2a: Alomomola|Alomomola, M|57/100
|move|p1a: Banded|Flip Turn|p2a: Alomomola
|-resisted|p2a: Alomomola
|-damage|p2a: Alomomola|38/100
|
|t:|1758270746
|switch|p1a: Poacher|Raging Bolt|86/100|[from] Flip Turn
|
|-weather|RainDance|[upkeep]
|upkeep
|turn|24
|
|t:|1758270758
|switch|p2a: Frosmoth|Frosmoth, M, tera:Electric|62/100
|-damage|p2a: Frosmoth|49/100|[from] Stealth Rock
|move|p1a: Poacher|Thunder|p2a: Frosmoth
|-resisted|p2a: Frosmoth
|-damage|p2a: Frosmoth|38/100
|
|-weather|RainDance|[upkeep]
|-heal|p2a: Frosmoth|44/100|[from] item: Leftovers
|upkeep
|turn|25
|
|t:|1758270768
|move|p1a: Poacher|Volt Switch|p2a: Frosmoth
|-resisted|p2a: Frosmoth
|-damage|p2a: Frosmoth|36/100
|
|t:|1758270772
|-end|p1a: Poacher|Protosynthesis|[silent]
|switch|p1a: Mediocre Speed|Dragonite, M|88/100 brn|[from] Volt Switch
|move|p2a: Frosmoth|Substitute|p2a: Frosmoth
|-start|p2a: Frosmoth|Substitute
|-damage|p2a: Frosmoth|12/100
|
|-weather|RainDance|[upkeep]
|-heal|p2a: Frosmoth|18/100|[from] item: Leftovers
|-damage|p1a: Mediocre Speed|82/100 brn|[from] brn
|upkeep
|turn|26
|
|t:|1758270792
|-terastallize|p1a: Mediocre Speed|Steel
|move|p1a: Mediocre Speed|Low Kick|p2a: Frosmoth
|-activate|p2a: Frosmoth|move: Substitute|[damage]
|move|p2a: Frosmoth|Quiver Dance|p2a: Frosmoth
|-boost|p2a: Frosmoth|spa|1
|-boost|p2a: Frosmoth|spd|1
|-boost|p2a: Frosmoth|spe|1
|
|-weather|RainDance|[upkeep]
|-heal|p2a: Frosmoth|24/100|[from] item: Leftovers
|-damage|p1a: Mediocre Speed|76/100 brn|[from] brn
|upkeep
|turn|27
|c|☆leoleoloeloe|gg
|-message|leoleoloeloe forfeited.
|
|win|Stelazine
|raw|leoleoloeloe's rating: 1380 &rarr; <strong>1360</strong><br />(-20 for losing)
|raw|Stelazine's rating: 1379 &rarr; <strong>1399</strong><br />(+20 for winning)
|l|☆leoleoloeloe
|player|p1|
|c|☆Stelazine|Gg
|l|☆Stelazine
|player|p2|
