|j|☆mkyn
|j|☆catcat77
|t:|1758320845
|gametype|singles
|player|p1|mkyn|169|1647
|player|p2|catcat77|1|1603
|gen|9
|tier|[Gen 9] OU
|rated|
|rule|HP Percentage Mod: HP is shown in percentages
|rule|Endless Battle Clause: Forcing endless battles is banned
|rule|Species Clause: Limit one of each Pokémon
|rule|OHKO Clause: OHKO moves are banned
|rule|Evasion Items Clause: Evasion items are banned
|rule|Evasion Moves Clause: Evasion moves are banned
|rule|Evasion Abilities Clause: Evasion abilities are banned
|rule|Sleep Moves Clause: Sleep-inducing moves are banned
|clearpoke
|poke|p1|Tyranitar, M|
|poke|p1|Excadrill, F|
|poke|p1|Pecharunt|
|poke|p1|Alomomola, F|
|poke|p1|Ogerpon, F|
|poke|p1|Iron Valiant|
|poke|p2|Ogerpon-Wellspring, F|
|poke|p2|Kingambit, M|
|poke|p2|Great Tusk|
|poke|p2|Raging Bolt|
|poke|p2|Zamazenta-*|
|poke|p2|Iron Crown|
|teampreview
|inactive|Battle timer is ON: inactive players will automatically lose when time's up. (requested by catcat77)
|inactive|mkyn has 120 seconds left.
|
|t:|1758320909
|teamsize|p1|6
|teamsize|p2|6
|start
|switch|p1a: Ogerpon|Ogerpon, F|100/100
|switch|p2a: Great Tusk|Great Tusk|100/100
|turn|1
|
|t:|1758320916
|move|p1a: Ogerpon|Knock Off|p2a: Great Tusk
|-resisted|p2a: Great Tusk
|-damage|p2a: Great Tusk|91/100
|-damage|p1a: Ogerpon|84/100|[from] item: Rocky Helmet|[of] p2a: Great Tusk
|-enditem|p2a: Great Tusk|Rocky Helmet|[from] move: Knock Off|[of] p1a: Ogerpon
|move|p2a: Great Tusk|Close Combat|p1a: Ogerpon
|-damage|p1a: Ogerpon|0 fnt
|-unboost|p2a: Great Tusk|def|1
|-unboost|p2a: Great Tusk|spd|1
|faint|p1a: Ogerpon
|
|upkeep
|
|t:|1758320929
|switch|p1a: Alomomola|Alomomola, F|100/100
|turn|2
|
|t:|1758320933
|-end|p2a: Great Tusk|Protosynthesis|[silent]
|switch|p2a: Ogerpon|Ogerpon-Wellspring, F|100/100
|move|p1a: Alomomola|Acrobatics|p2a: Ogerpon
|-supereffective|p2a: Ogerpon
|-damage|p2a: Ogerpon|75/100
|
|upkeep
|turn|3
|
|t:|1758320938
|move|p2a: Ogerpon|Swords Dance|p2a: Ogerpon
|-boost|p2a: Ogerpon|atk|2
|move|p1a: Alomomola|Flip Turn|p2a: Ogerpon
|-heal|p2a: Ogerpon|99/100|[from] ability: Water Absorb|[of] p1a: Alomomola
|
|upkeep
|turn|4
|
|t:|1758320943
|move|p2a: Ogerpon|Horn Leech|p1a: Alomomola
|-supereffective|p1a: Alomomola
|-damage|p1a: Alomomola|4/100
|-heal|p2a: Ogerpon|100/100|[from] drain|[of] p1a: Alomomola
|-enditem|p1a: Alomomola|Red Card|[of] p2a: Ogerpon
|drag|p2a: Zamazenta|Zamazenta|100/100
|-ability|p2a: Zamazenta|Dauntless Shield|boost
|-boost|p2a: Zamazenta|def|1
|move|p1a: Alomomola|Flip Turn|p2a: Zamazenta
|-damage|p2a: Zamazenta|94/100
|
|t:|1758320949
|switch|p1a: Pecharunt|Pecharunt|100/100|[from] Flip Turn
|
|-heal|p2a: Zamazenta|99/100|[from] item: Leftovers
|upkeep
|turn|5
|
|t:|1758320956
|switch|p2a: Kingambit|Kingambit, M|100/100
|move|p1a: Pecharunt|Parting Shot|p2a: Kingambit
|-unboost|p2a: Kingambit|atk|1
|-ability|p2a: Kingambit|Defiant|boost
|-boost|p2a: Kingambit|atk|2
|-unboost|p2a: Kingambit|spa|1
|-ability|p2a: Kingambit|Defiant|boost
|-boost|p2a: Kingambit|atk|2
|
|t:|1758320959
|switch|p1a: Alomomola|Alomomola, F|37/100|[from] Parting Shot
|
|upkeep
|turn|6
|
|t:|1758320962
|switch|p1a: Iron Valiant|Iron Valiant|100/100
|-enditem|p1a: Iron Valiant|Booster Energy
|-activate|p1a: Iron Valiant|ability: Quark Drive|[fromitem]
|-start|p1a: Iron Valiant|quarkdrivespe
|move|p2a: Kingambit|Kowtow Cleave|p1a: Iron Valiant
|-resisted|p1a: Iron Valiant
|-damage|p1a: Iron Valiant|62/100
|
|upkeep
|turn|7
|
|t:|1758320973
|-terastallize|p2a: Kingambit|Dark
|move|p1a: Iron Valiant|Close Combat|p2a: Kingambit
|-supereffective|p2a: Kingambit
|-damage|p2a: Kingambit|31/100
|-unboost|p1a: Iron Valiant|def|1
|-unboost|p1a: Iron Valiant|spd|1
|move|p2a: Kingambit|Iron Head|p1a: Iron Valiant
|-supereffective|p1a: Iron Valiant
|-damage|p1a: Iron Valiant|0 fnt
|faint|p1a: Iron Valiant
|-end|p1a: Iron Valiant|Quark Drive|[silent]
|
|upkeep
|
|t:|1758320979
|switch|p1a: Tyranitar|Tyranitar, M|100/100
|-weather|Sandstorm|[from] ability: Sand Stream|[of] p1a: Tyranitar
|turn|8
|
|t:|1758320986
|move|p1a: Tyranitar|Stone Edge|p2a: Kingambit
|-damage|p2a: Kingambit|0 fnt
|faint|p2a: Kingambit
|
|-weather|Sandstorm|[upkeep]
|upkeep
|
|t:|1758320992
|switch|p2a: Great Tusk|Great Tusk|91/100
|turn|9
|
|t:|1758320994
|switch|p1a: Pecharunt|Pecharunt|100/100
|move|p2a: Great Tusk|Headlong Rush|p1a: Pecharunt
|-supereffective|p1a: Pecharunt
|-damage|p1a: Pecharunt|29/100
|-unboost|p2a: Great Tusk|def|1
|-unboost|p2a: Great Tusk|spd|1
|-damage|p2a: Great Tusk|74/100|[from] item: Rocky Helmet|[of] p1a: Pecharunt
|
|-weather|Sandstorm|[upkeep]
|-damage|p1a: Pecharunt|23/100|[from] Sandstorm
|upkeep
|turn|10
|
|t:|1758320997
|move|p1a: Pecharunt|Shadow Ball|p2a: Great Tusk
|-damage|p2a: Great Tusk|25/100
|move|p2a: Great Tusk|Headlong Rush|p1a: Pecharunt
|-supereffective|p1a: Pecharunt
|-damage|p1a: Pecharunt|0 fnt
|-unboost|p2a: Great Tusk|def|1
|-unboost|p2a: Great Tusk|spd|1
|-damage|p2a: Great Tusk|9/100|[from] item: Rocky Helmet|[of] p1a: Pecharunt
|faint|p1a: Pecharunt
|
|-weather|Sandstorm|[upkeep]
|upkeep
|
|t:|1758321000
|switch|p1a: Excadrill|Excadrill, F|100/100
|-item|p1a: Excadrill|Air Balloon
|turn|11
|
|t:|1758321005
|move|p1a: Excadrill|Earthquake|p2a: Great Tusk
|-damage|p2a: Great Tusk|0 fnt
|faint|p2a: Great Tusk
|-end|p2a: Great Tusk|Protosynthesis|[silent]
|
|-weather|Sandstorm|[upkeep]
|upkeep
|
|t:|1758321007
|switch|p2a: Zamazenta|Zamazenta|99/100
|turn|12
|
|t:|1758321011
|switch|p1a: Alomomola|Alomomola, F|71/100
|move|p2a: Zamazenta|Iron Defense|p2a: Zamazenta
|-boost|p2a: Zamazenta|def|2
|
|-weather|Sandstorm|[upkeep]
|-damage|p2a: Zamazenta|94/100|[from] Sandstorm
|-damage|p1a: Alomomola|64/100|[from] Sandstorm
|-heal|p2a: Zamazenta|99/100|[from] item: Leftovers
|upkeep
|turn|13
|
|t:|1758321014
|move|p2a: Zamazenta|Body Press|p1a: Alomomola
|-damage|p1a: Alomomola|18/100
|move|p1a: Alomomola|Acrobatics|p2a: Zamazenta
|-supereffective|p2a: Zamazenta
|-damage|p2a: Zamazenta|88/100
|
|-weather|Sandstorm|[upkeep]
|-damage|p2a: Zamazenta|82/100|[from] Sandstorm
|-damage|p1a: Alomomola|12/100|[from] Sandstorm
|-heal|p2a: Zamazenta|88/100|[from] item: Leftovers
|upkeep
|turn|14
|
|t:|1758321019
|move|p2a: Zamazenta|Body Press|p1a: Alomomola
|-damage|p1a: Alomomola|0 fnt
|faint|p1a: Alomomola
|
|-weather|Sandstorm|[upkeep]
|-damage|p2a: Zamazenta|82/100|[from] Sandstorm
|-heal|p2a: Zamazenta|88/100|[from] item: Leftovers
|upkeep
|
|t:|1758321022
|switch|p1a: Excadrill|Excadrill, F|100/100
|-item|p1a: Excadrill|Air Balloon
|turn|15
|
|t:|1758321026
|-terastallize|p1a: Excadrill|Ghost
|move|p1a: Excadrill|Swords Dance|p1a: Excadrill
|-boost|p1a: Excadrill|atk|2
|move|p2a: Zamazenta|Body Press|p1a: Excadrill
|-immune|p1a: Excadrill
|
|-weather|none
|-heal|p2a: Zamazenta|95/100|[from] item: Leftovers
|upkeep
|turn|16
|
|t:|1758321047
|switch|p2a: Raging Bolt|Raging Bolt|100/100
|move|p1a: Excadrill|Earthquake|p2a: Raging Bolt
|-supereffective|p2a: Raging Bolt
|-damage|p2a: Raging Bolt|0 fnt
|faint|p2a: Raging Bolt
|-end|p2a: Raging Bolt|Protosynthesis|[silent]
|
|upkeep
|
|t:|1758321051
|switch|p2a: Ogerpon|Ogerpon-Wellspring, F|100/100
|turn|17
|
|t:|1758321058
|move|p2a: Ogerpon|Knock Off|p1a: Excadrill
|-supereffective|p1a: Excadrill
|-damage|p1a: Excadrill|0 fnt
|-enditem|p1a: Excadrill|Air Balloon
|faint|p1a: Excadrill
|
|upkeep
|-message|mkyn forfeited.
|
|win|catcat77
|raw|mkyn's rating: 1647 &rarr; <strong>1624</strong><br />(-23 for losing)
|raw|catcat77's rating: 1603 &rarr; <strong>1626</strong><br />(+23 for winning)
|l|☆mkyn
|player|p1|
|l|☆catcat77
|player|p2|
