|j|☆hellstonegod
|j|☆Gh0stB34r
|t:|1758283669
|gametype|singles
|player|p1|hellstonegod|marshal|1280
|player|p2|Gh0stB34r|170|1261
|gen|9
|tier|[Gen 9] OU
|rated|
|rule|HP Percentage Mod: HP is shown in percentages
|rule|Endless Battle Clause: Forcing endless battles is banned
|rule|Species Clause: Limit one of each Pokémon
|rule|OHKO Clause: OHKO moves are banned
|rule|Evasion Items Clause: Evasion items are banned
|rule|Evasion Moves Clause: Evasion moves are banned
|rule|Evasion Abilities Clause: Evasion abilities are banned
|rule|Sleep Moves Clause: Sleep-inducing moves are banned
|clearpoke
|poke|p1|Gholdengo|
|poke|p1|Iron Valiant|
|poke|p1|Toxapex, F|
|poke|p1|Pelipper, M|
|poke|p1|Kingambit, M|
|poke|p1|Great Tusk|
|poke|p2|Araquanid, M|
|poke|p2|Gholdengo|
|poke|p2|Oricorio-Pom-Pom, M|
|poke|p2|Arcanine-Hisui, F|
|poke|p2|Toedscruel, M|
|poke|p2|Gardevoir, M|
|teampreview
|inactive|Battle timer is ON: inactive players will automatically lose when time's up. (requested by Gh0stB34r)
|inactive|hellstonegod also wants the timer to be on.
|
|t:|1758283679
|teamsize|p1|6
|teamsize|p2|6
|start
|switch|p1a: KACAWWWW|Pelipper, M|100/100
|switch|p2a: Toedscruel|Toedscruel, M|100/100
|-weather|RainDance|[from] ability: Drizzle|[of] p1a: KACAWWWW
|turn|1
|
|t:|1758283685
|switch|p2a: Arcanine|Arcanine-Hisui, F|100/100
|move|p1a: KACAWWWW|Hurricane|p2a: Arcanine
|-resisted|p2a: Arcanine
|-damage|p2a: Arcanine|54/100
|
|-weather|RainDance|[upkeep]
|upkeep
|turn|2
|
|t:|1758283694
|switch|p1a: Toxapex|Toxapex, F|100/100
|move|p2a: Arcanine|Head Smash|p1a: Toxapex
|-damage|p1a: Toxapex|32/100
|-damage|p2a: Arcanine|44/100|[from] item: Life Orb
|
|-weather|RainDance|[upkeep]
|upkeep
|turn|3
|
|t:|1758283700
|switch|p1a: Spin Forever|Great Tusk|100/100
|move|p2a: Arcanine|Extreme Speed|p1a: Spin Forever
|-damage|p1a: Spin Forever|82/100
|-damage|p2a: Arcanine|27/100|[from] item: Rocky Helmet|[of] p1a: Spin Forever
|-damage|p2a: Arcanine|17/100|[from] item: Life Orb
|
|-weather|RainDance|[upkeep]
|upkeep
|turn|4
|
|t:|1758283710
|switch|p2a: Gholdengo|Gholdengo|100/100
|-item|p2a: Gholdengo|Air Balloon
|move|p1a: Spin Forever|Stealth Rock|p2a: Gholdengo
|-sidestart|p2: Gh0stB34r|move: Stealth Rock
|
|-weather|RainDance|[upkeep]
|upkeep
|turn|5
|
|t:|1758283724
|move|p1a: Spin Forever|Knock Off|p2a: Gholdengo
|-supereffective|p2a: Gholdengo
|-damage|p2a: Gholdengo|49/100
|-enditem|p2a: Gholdengo|Air Balloon
|move|p2a: Gholdengo|Nasty Plot|p2a: Gholdengo
|-boost|p2a: Gholdengo|spa|2
|
|-weather|none
|upkeep
|turn|6
|
|t:|1758283733
|switch|p2a: Toedscruel|Toedscruel, M|100/100
|move|p1a: Spin Forever|Earthquake|p2a: Toedscruel
|-resisted|p2a: Toedscruel
|-damage|p2a: Toedscruel|63/100
|
|upkeep
|turn|7
|
|t:|1758283748
|-end|p1a: Spin Forever|Protosynthesis|[silent]
|switch|p1a: GholdenJoe|Gholdengo|100/100
|move|p2a: Toedscruel|Rapid Spin|p1a: GholdenJoe
|-immune|p1a: GholdenJoe
|
|upkeep
|turn|8
|
|t:|1758283758
|move|p1a: GholdenJoe|Shadow Ball|p2a: Toedscruel
|-damage|p2a: Toedscruel|25/100
|move|p2a: Toedscruel|Earth Power|p1a: GholdenJoe
|-supereffective|p1a: GholdenJoe
|-damage|p1a: GholdenJoe|20/100
|
|upkeep
|turn|9
|
|t:|1758283769
|switch|p2a: Arcanine|Arcanine-Hisui, F|17/100
|-damage|p2a: Arcanine|0 fnt|[from] Stealth Rock
|faint|p2a: Arcanine
|move|p1a: GholdenJoe|Shadow Ball|p2: Arcanine|[notarget]
|-fail|p1a: GholdenJoe
|
|upkeep
|
|t:|1758283771
|switch|p2a: Araquanid|Araquanid, M|100/100
|-damage|p2a: Araquanid|76/100|[from] Stealth Rock
|turn|10
|
|t:|1758283778
|switch|p1a: KACAWWWW|Pelipper, M|100/100
|-weather|RainDance|[from] ability: Drizzle|[of] p1a: KACAWWWW
|move|p2a: Araquanid|Liquidation|p1a: KACAWWWW
|-resisted|p1a: KACAWWWW
|-damage|p1a: KACAWWWW|35/100
|
|-weather|RainDance|[upkeep]
|-heal|p2a: Araquanid|82/100|[from] item: Leftovers
|upkeep
|turn|11
|
|t:|1758283787
|switch|p2a: Oricorio|Oricorio-Pom-Pom, M|100/100
|-damage|p2a: Oricorio|76/100|[from] Stealth Rock
|move|p1a: KACAWWWW|Hurricane|p2a: Oricorio
|-resisted|p2a: Oricorio
|-damage|p2a: Oricorio|24/100
|
|-weather|RainDance|[upkeep]
|upkeep
|turn|12
|
|t:|1758283795
|move|p1a: KACAWWWW|Hurricane|p2a: Oricorio
|-resisted|p2a: Oricorio
|-damage|p2a: Oricorio|0 fnt
|faint|p2a: Oricorio
|
|-weather|RainDance|[upkeep]
|upkeep
|
|t:|1758283799
|switch|p2a: Gardevoir|Gardevoir, M|100/100
|-damage|p2a: Gardevoir|88/100|[from] Stealth Rock
|turn|13
|c|☆hellstonegod|Did you put evs on your team?
|
|t:|1758283819
|move|p2a: Gardevoir|Wish|p2a: Gardevoir
|move|p1a: KACAWWWW|Hurricane|p2a: Gardevoir
|-damage|p2a: Gardevoir|0 fnt
|faint|p2a: Gardevoir
|
|-weather|RainDance|[upkeep]
|upkeep
|
|t:|1758283833
|switch|p2a: Toedscruel|Toedscruel, M|25/100
|turn|14
|
|t:|1758283838
|move|p2a: Toedscruel|Foul Play|p1a: KACAWWWW
|-damage|p1a: KACAWWWW|20/100
|move|p1a: KACAWWWW|Hurricane|p2a: Toedscruel
|-supereffective|p2a: Toedscruel
|-damage|p2a: Toedscruel|0 fnt
|faint|p2a: Toedscruel
|
|-weather|none
|upkeep
|
|t:|1758283842
|switch|p2a: Gholdengo|Gholdengo|49/100
|-damage|p2a: Gholdengo|43/100|[from] Stealth Rock
|turn|15
|
|t:|1758283846
|switch|p1a: Toxapex|Toxapex, F|65/100
|move|p2a: Gholdengo|Shadow Ball|p1a: Toxapex
|-damage|p1a: Toxapex|38/100
|-unboost|p1a: Toxapex|spd|1
|
|upkeep
|turn|16
|
|t:|1758283851
|move|p2a: Gholdengo|Shadow Ball|p1a: Toxapex
|-damage|p1a: Toxapex|2/100
|move|p1a: Toxapex|Sludge Bomb|p2a: Gholdengo
|-immune|p2a: Gholdengo
|
|upkeep
|turn|17
|
|t:|1758283860
|move|p2a: Gholdengo|Recover|p2a: Gholdengo
|-heal|p2a: Gholdengo|93/100
|move|p1a: Toxapex|Surf|p2a: Gholdengo
|-damage|p2a: Gholdengo|65/100
|
|upkeep
|turn|18
|
|t:|1758283865
|switch|p1a: Kinjambit|Kingambit, M|100/100
|-item|p1a: Kinjambit|Air Balloon
|move|p2a: Gholdengo|Nasty Plot|p2a: Gholdengo
|-boost|p2a: Gholdengo|spa|2
|
|upkeep
|turn|19
|
|t:|1758283871
|-terastallize|p2a: Gholdengo|Normal
|move|p1a: Kinjambit|Swords Dance|p1a: Kinjambit
|-boost|p1a: Kinjambit|atk|2
|move|p2a: Gholdengo|Make It Rain|p1a: Kinjambit
|-resisted|p1a: Kinjambit
|-damage|p1a: Kinjambit|18/100
|-unboost|p2a: Gholdengo|spa|1
|-enditem|p1a: Kinjambit|Air Balloon
|
|upkeep
|turn|20
|
|t:|1758283879
|move|p1a: Kinjambit|Sucker Punch||[still]
|-fail|p1a: Kinjambit
|move|p2a: Gholdengo|Recover|p2a: Gholdengo
|-heal|p2a: Gholdengo|100/100
|
|upkeep
|turn|21
|
|t:|1758283883
|move|p1a: Kinjambit|Sucker Punch||[still]
|-fail|p1a: Kinjambit
|move|p2a: Gholdengo|Nasty Plot|p2a: Gholdengo
|-boost|p2a: Gholdengo|spa|2
|
|upkeep
|turn|22
|
|t:|1758283892
|move|p1a: Kinjambit|Kowtow Cleave|p2a: Gholdengo
|-damage|p2a: Gholdengo|13/100
|move|p2a: Gholdengo|Nasty Plot|p2a: Gholdengo
|-boost|p2a: Gholdengo|spa|2
|
|upkeep
|turn|23
|
|t:|1758283897
|move|p1a: Kinjambit|Sucker Punch|p2a: Gholdengo
|-damage|p2a: Gholdengo|0 fnt
|faint|p2a: Gholdengo
|
|upkeep
|
|t:|1758283900
|switch|p2a: Araquanid|Araquanid, M|82/100
|-damage|p2a: Araquanid|57/100|[from] Stealth Rock
|turn|24
|
|t:|1758283907
|move|p1a: Kinjambit|Kowtow Cleave|p2a: Araquanid
|-damage|p2a: Araquanid|0 fnt
|faint|p2a: Araquanid
|
|win|hellstonegod
|raw|hellstonegod's rating: 1280 &rarr; <strong>1304</strong><br />(+24 for winning)
|raw|Gh0stB34r's rating: 1261 &rarr; <strong>1237</strong><br />(-24 for losing)
|l|☆hellstonegod
|player|p1|
|l|☆Gh0stB34r
|player|p2|
