|j|☆MegaEuler
|j|☆gengar's style
|t:|1758372560
|gametype|singles
|player|p1|MegaEuler|266|1585
|player|p2|gengar's style|parasollady-gen4|1569
|gen|9
|tier|[Gen 9] OU
|rated|
|rule|HP Percentage Mod: HP is shown in percentages
|rule|Endless Battle Clause: Forcing endless battles is banned
|rule|Species Clause: Limit one of each Pokémon
|rule|OHKO Clause: OHKO moves are banned
|rule|Evasion Items Clause: Evasion items are banned
|rule|Evasion Moves Clause: Evasion moves are banned
|rule|Evasion Abilities Clause: Evasion abilities are banned
|rule|Sleep Moves Clause: Sleep-inducing moves are banned
|clearpoke
|poke|p1|Great Tusk|
|poke|p1|Rillaboom, F|
|poke|p1|Gholdengo|
|poke|p1|Slowbro, M|
|poke|p1|Heatran, F|
|poke|p1|Darkrai|
|poke|p2|Glimmora, M|
|poke|p2|Rillaboom, M|
|poke|p2|Hawlucha, M|
|poke|p2|Dragapult, M|
|poke|p2|Kingambit, M|
|poke|p2|Cinderace, M|
|teampreview
|inactive|Battle timer is ON: inactive players will automatically lose when time's up. (requested by MegaEuler)
|
|t:|1758372576
|teamsize|p1|6
|teamsize|p2|6
|start
|switch|p1a: Great Tusk|Great Tusk|100/100
|switch|p2a: Dragapult|Dragapult, M|100/100
|turn|1
|
|t:|1758372585
|move|p2a: Dragapult|Shadow Ball|p1a: Great Tusk
|-damage|p1a: Great Tusk|20/100
|move|p1a: Great Tusk|Ice Spinner|p2a: Dragapult
|-supereffective|p2a: Dragapult
|-damage|p2a: Dragapult|20/100
|
|upkeep
|turn|2
|
|t:|1758372591
|-end|p1a: Great Tusk|Protosynthesis|[silent]
|switch|p1a: Heatran|Heatran, F|100/100
|move|p2a: Dragapult|Shadow Ball|p1a: Heatran
|-damage|p1a: Heatran|69/100
|
|-heal|p1a: Heatran|76/100|[from] item: Leftovers
|upkeep
|turn|3
|
|t:|1758372605
|switch|p2a: Glimmora|Glimmora, M|100/100
|move|p1a: Heatran|Scorching Sands|p2a: Glimmora
|-supereffective|p2a: Glimmora
|-enditem|p2a: Glimmora|Focus Sash
|-damage|p2a: Glimmora|1/100
|-status|p2a: Glimmora|brn
|
|-heal|p1a: Heatran|82/100|[from] item: Leftovers
|-damage|p2a: Glimmora|0 fnt|[from] brn
|faint|p2a: Glimmora
|upkeep
|inactive|gengar's style has 120 seconds left.
|
|t:|1758372652
|switch|p2a: Rillaboom|Rillaboom, M|100/100
|-fieldstart|move: Grassy Terrain|[from] ability: Grassy Surge|[of] p2a: Rillaboom
|turn|4
|
|t:|1758372661
|move|p2a: Rillaboom|U-turn|p1a: Heatran
|-resisted|p1a: Heatran
|-damage|p1a: Heatran|73/100
|
|t:|1758372667
|switch|p2a: Dragapult|Dragapult, M|20/100|[from] U-turn
|move|p1a: Heatran|Stealth Rock|p2a: Dragapult
|-sidestart|p2: gengar's style|move: Stealth Rock
|
|-heal|p2a: Dragapult|26/100|[from] Grassy Terrain
|-heal|p1a: Heatran|80/100|[from] Grassy Terrain
|-heal|p1a: Heatran|86/100|[from] item: Leftovers
|upkeep
|turn|5
|
|t:|1758372676
|move|p1a: Heatran|Protect|p1a: Heatran
|-singleturn|p1a: Heatran|Protect
|move|p2a: Dragapult|Shadow Ball|p1a: Heatran
|-activate|p1a: Heatran|move: Protect
|
|-heal|p2a: Dragapult|32/100|[from] Grassy Terrain
|-heal|p1a: Heatran|92/100|[from] Grassy Terrain
|-heal|p1a: Heatran|98/100|[from] item: Leftovers
|upkeep
|turn|6
|
|t:|1758372684
|move|p2a: Dragapult|Shadow Ball|p1a: Heatran
|-damage|p1a: Heatran|66/100
|move|p1a: Heatran|Magma Storm|p2a: Dragapult|[miss]
|-miss|p1a: Heatran|p2a: Dragapult
|
|-heal|p2a: Dragapult|38/100|[from] Grassy Terrain
|-heal|p1a: Heatran|73/100|[from] Grassy Terrain
|-heal|p1a: Heatran|79/100|[from] item: Leftovers
|upkeep
|turn|7
|inactive|gengar's style has 120 seconds left.
|
|t:|1758372695
|switch|p2a: Hawlucha|Hawlucha, M|100/100
|-damage|p2a: Hawlucha|88/100|[from] Stealth Rock
|-enditem|p2a: Hawlucha|Grassy Seed
|-boost|p2a: Hawlucha|def|1|[from] item: Grassy Seed
|move|p1a: Heatran|Magma Storm|p2a: Hawlucha|[miss]
|-miss|p1a: Heatran|p2a: Hawlucha
|
|-heal|p1a: Heatran|85/100|[from] Grassy Terrain
|-heal|p1a: Heatran|91/100|[from] item: Leftovers
|upkeep
|turn|8
|inactive|gengar's style has 120 seconds left.
|
|t:|1758372706
|switch|p1a: Slowbro|Slowbro, M|100/100
|move|p2a: Hawlucha|Close Combat|p1a: Slowbro
|-resisted|p1a: Slowbro
|-damage|p1a: Slowbro|85/100
|-unboost|p2a: Hawlucha|def|1
|-unboost|p2a: Hawlucha|spd|1
|-damage|p2a: Hawlucha|72/100|[from] item: Rocky Helmet|[of] p1a: Slowbro
|
|-heal|p1a: Slowbro|91/100|[from] Grassy Terrain
|-fieldend|move: Grassy Terrain
|upkeep
|turn|9
|inactive|gengar's style has 120 seconds left.
|
|t:|1758372718
|switch|p2a: Rillaboom|Rillaboom, M|100/100
|-damage|p2a: Rillaboom|88/100|[from] Stealth Rock
|-fieldstart|move: Grassy Terrain|[from] ability: Grassy Surge|[of] p2a: Rillaboom
|move|p1a: Slowbro|Scald|p2a: Rillaboom
|-resisted|p2a: Rillaboom
|-damage|p2a: Rillaboom|71/100
|
|-heal|p2a: Rillaboom|78/100|[from] Grassy Terrain
|-heal|p1a: Slowbro|97/100|[from] Grassy Terrain
|upkeep
|turn|10
|inactive|gengar's style has 120 seconds left.
|
|t:|1758372732
|switch|p1a: Heatran|Heatran, F|91/100
|-terastallize|p2a: Rillaboom|Grass
|move|p2a: Rillaboom|Knock Off|p1a: Heatran
|-damage|p1a: Heatran|46/100
|-enditem|p1a: Heatran|Leftovers|[from] move: Knock Off|[of] p2a: Rillaboom
|
|-heal|p2a: Rillaboom|84/100|[from] Grassy Terrain
|-heal|p1a: Heatran|52/100|[from] Grassy Terrain
|upkeep
|turn|11
|
|t:|1758372741
|switch|p2a: Cinderace|Cinderace, M|100/100
|move|p1a: Heatran|Magma Storm|p2a: Cinderace
|-resisted|p2a: Cinderace
|-crit|p2a: Cinderace
|-damage|p2a: Cinderace|51/100
|-activate|p2a: Cinderace|move: Magma Storm|[of] p1a: Heatran
|
|-heal|p2a: Cinderace|57/100|[from] Grassy Terrain
|-heal|p1a: Heatran|58/100|[from] Grassy Terrain
|-damage|p2a: Cinderace|45/100|[from] move: Magma Storm|[partiallytrapped]
|upkeep
|turn|12
|
|t:|1758372752
|move|p2a: Cinderace|Court Change|p2a: Cinderace
|-start|p2a: Cinderace|typechange|Normal|[from] ability: Libero
|-swapsideconditions
|-activate|p2a: Cinderace|move: Court Change
|move|p1a: Heatran|Scorching Sands|p2a: Cinderace
|-damage|p2a: Cinderace|16/100
|-status|p2a: Cinderace|brn
|
|-heal|p2a: Cinderace|22/100 brn|[from] Grassy Terrain
|-heal|p1a: Heatran|64/100|[from] Grassy Terrain
|-damage|p2a: Cinderace|16/100 brn|[from] brn
|-damage|p2a: Cinderace|4/100 brn|[from] move: Magma Storm|[partiallytrapped]
|upkeep
|turn|13
|c|☆gengar's style|fantastic luck
|inactive|gengar's style has 120 seconds left.
|
|t:|1758372769
|move|p1a: Heatran|Protect|p1a: Heatran
|-singleturn|p1a: Heatran|Protect
|move|p2a: Cinderace|U-turn|p1a: Heatran
|-activate|p1a: Heatran|move: Protect
|
|-heal|p2a: Cinderace|10/100 brn|[from] Grassy Terrain
|-heal|p1a: Heatran|71/100|[from] Grassy Terrain
|-damage|p2a: Cinderace|4/100 brn|[from] brn
|-damage|p2a: Cinderace|0 fnt|[from] move: Magma Storm|[partiallytrapped]
|faint|p2a: Cinderace
|-fieldend|move: Grassy Terrain
|upkeep
|inactive|gengar's style has 120 seconds left.
|
|t:|1758372787
|switch|p2a: Dragapult|Dragapult, M|38/100
|turn|14
|
|t:|1758372795
|move|p2a: Dragapult|Shadow Ball|p1a: Heatran
|-damage|p1a: Heatran|36/100
|move|p1a: Heatran|Magma Storm|p2a: Dragapult
|-resisted|p2a: Dragapult
|-crit|p2a: Dragapult
|-damage|p2a: Dragapult|0 fnt
|faint|p2a: Dragapult
|
|upkeep
|inactive|gengar's style has 120 seconds left.
|
|t:|1758372813
|switch|p2a: Hawlucha|Hawlucha, M|72/100
|turn|15
|
|t:|1758372835
|move|p2a: Hawlucha|Swords Dance|p2a: Hawlucha
|-boost|p2a: Hawlucha|atk|2
|move|p1a: Heatran|Magma Storm|p2a: Hawlucha
|-damage|p2a: Hawlucha|2/100
|-activate|p2a: Hawlucha|move: Magma Storm|[of] p1a: Heatran
|
|-damage|p2a: Hawlucha|0 fnt|[from] move: Magma Storm|[partiallytrapped]
|faint|p2a: Hawlucha
|upkeep
|-message|gengar's style forfeited.
|
|win|MegaEuler
|raw|MegaEuler's rating: 1585 &rarr; <strong>1604</strong><br />(+19 for winning)
|raw|gengar&apos;s style's rating: 1569 &rarr; <strong>1550</strong><br />(-19 for losing)
|l|☆gengar's style
|player|p2|
|l|☆MegaEuler
|player|p1|
