|j|☆kydizzy yuri
|j|☆Mr.Vcard
|t:|1758325269
|gametype|singles
|player|p1|kydizzy yuri|miku-ghost|1341
|player|p2|Mr.Vcard|101|1407
|gen|9
|tier|[Gen 9] OU
|rated|
|rule|HP Percentage Mod: HP is shown in percentages
|rule|Endless Battle Clause: Forcing endless battles is banned
|rule|Species Clause: Limit one of each Pokémon
|rule|OHKO Clause: OHKO moves are banned
|rule|Evasion Items Clause: Evasion items are banned
|rule|Evasion Moves Clause: Evasion moves are banned
|rule|Evasion Abilities Clause: Evasion abilities are banned
|rule|Sleep Moves Clause: Sleep-inducing moves are banned
|clearpoke
|poke|p1|Great Tusk|
|poke|p1|Gholdengo|
|poke|p1|Zamazenta-*|
|poke|p1|Ogerpon-Wellspring, F|
|poke|p1|Weezing-Galar, F|
|poke|p1|Garganacl, M|
|poke|p2|Primarina, M|
|poke|p2|Great Tusk|
|poke|p2|Kingambit, M|
|poke|p2|Slowking-Galar, M|
|poke|p2|Ogerpon, F|
|poke|p2|Enamorus, F|
|teampreview
|inactive|Battle timer is ON: inactive players will automatically lose when time's up. (requested by kydizzy yuri)
|inactive|Mr.Vcard has 120 seconds left.
|
|t:|1758325318
|teamsize|p1|6
|teamsize|p2|6
|start
|switch|p1a: Weezing|Weezing-Galar, F|100/100
|switch|p2a: Mantra|Slowking-Galar, M, shiny|100/100
|-ability|p1a: Weezing|Neutralizing Gas
|turn|1
|
|t:|1758325333
|-end|p1a: Weezing|ability: Neutralizing Gas
|switch|p1a: Garganacl|Garganacl, M|100/100
|move|p2a: Mantra|Psychic Noise|p1a: Garganacl
|-damage|p1a: Garganacl|82/100
|-start|p1a: Garganacl|move: Heal Block
|
|upkeep
|turn|2
|
|t:|1758325343
|switch|p2a: Behemoth|Great Tusk, shiny|100/100
|move|p1a: Garganacl|Salt Cure|p2a: Behemoth
|-resisted|p2a: Behemoth
|-damage|p2a: Behemoth|98/100
|-start|p2a: Behemoth|Salt Cure
|
|-damage|p2a: Behemoth|86/100|[from] Salt Cure
|-end|p1a: Garganacl|move: Heal Block
|upkeep
|turn|3
|
|t:|1758325354
|switch|p1a: Ogerpon|Ogerpon-Wellspring, F|100/100
|move|p2a: Behemoth|Stealth Rock|p1a: Ogerpon
|-sidestart|p1: kydizzy yuri|move: Stealth Rock
|
|-damage|p2a: Behemoth|73/100|[from] Salt Cure
|upkeep
|turn|4
|inactive|Mr.Vcard has 120 seconds left.
|inactive|Mr.Vcard has 90 seconds left.
|
|t:|1758325426
|-end|p2a: Behemoth|Protosynthesis|[silent]
|switch|p2a: Anonymous|Ogerpon, F|100/100
|move|p1a: Ogerpon|Knock Off|p2a: Anonymous
|-damage|p2a: Anonymous|53/100
|-enditem|p2a: Anonymous|Choice Band|[from] move: Knock Off|[of] p1a: Ogerpon
|
|upkeep
|turn|5
|
|t:|1758325436
|move|p2a: Anonymous|U-turn|p1a: Ogerpon
|-supereffective|p1a: Ogerpon
|-damage|p1a: Ogerpon|41/100
|
|t:|1758325450
|switch|p2a: Celestine|Primarina, M, shiny|100/100|[from] U-turn
|move|p1a: Ogerpon|U-turn|p2a: Celestine
|-resisted|p2a: Celestine
|-damage|p2a: Celestine|80/100
|inactive|kydizzy yuri has 120 seconds left.
|
|t:|1758325483
|switch|p1a: Great Tusk|Great Tusk|100/100|[from] U-turn
|
|-heal|p2a: Celestine|86/100|[from] item: Leftovers
|upkeep
|turn|6
|inactive|kydizzy yuri has 120 seconds left.
|inactive|Mr.Vcard has 90 seconds left.
|inactive|kydizzy yuri has 90 seconds left.
|
|t:|1758325540
|move|p1a: Great Tusk|Headlong Rush|p2a: Celestine
|-damage|p2a: Celestine|0 fnt
|-unboost|p1a: Great Tusk|def|1
|-unboost|p1a: Great Tusk|spd|1
|faint|p2a: Celestine
|
|upkeep
|
|t:|1758325547
|switch|p2a: Gin|Enamorus, F, shiny|100/100
|turn|7
|inactive|kydizzy yuri has 60 seconds left.
|
|t:|1758325590
|-end|p1a: Great Tusk|Protosynthesis|[silent]
|switch|p1a: Ogerpon|Ogerpon-Wellspring, F|41/100
|-damage|p1a: Ogerpon|29/100|[from] Stealth Rock
|move|p2a: Gin|Mystical Fire|p1a: Ogerpon
|-damage|p1a: Ogerpon|0 fnt
|faint|p1a: Ogerpon
|
|upkeep
|
|t:|1758325604
|switch|p1a: Gholdengo|Gholdengo|100/100
|-damage|p1a: Gholdengo|94/100|[from] Stealth Rock
|turn|8
|inactive|Mr.Vcard has 90 seconds left.
|
|t:|1758325620
|switch|p2a: Mantra|Slowking-Galar, M, shiny|100/100
|move|p1a: Gholdengo|Shadow Ball|p2a: Mantra
|-supereffective|p2a: Mantra
|-damage|p2a: Mantra|52/100
|-unboost|p2a: Mantra|spd|1
|
|upkeep
|turn|9
|
|t:|1758325636
|switch|p1a: Zamazenta|Zamazenta|100/100
|-damage|p1a: Zamazenta|94/100|[from] Stealth Rock
|-ability|p1a: Zamazenta|Dauntless Shield|boost
|-boost|p1a: Zamazenta|def|1
|switch|p2a: Overgod|Kingambit, M, shiny|100/100
|-activate|p2a: Overgod|ability: Supreme Overlord
|-start|p2a: Overgod|fallen1|[silent]
|
|-heal|p1a: Zamazenta|100/100|[from] item: Leftovers
|upkeep
|turn|10
|inactive|Mr.Vcard has 90 seconds left.
|
|t:|1758325651
|move|p2a: Overgod|Iron Head|p1a: Zamazenta
|-damage|p1a: Zamazenta|77/100
|move|p1a: Zamazenta|Roar|p2a: Overgod
|-end|p2a: Overgod|fallen1|[silent]
|drag|p2a: Behemoth|Great Tusk, shiny|73/100
|
|-heal|p1a: Zamazenta|83/100|[from] item: Leftovers
|upkeep
|turn|11
|inactive|Mr.Vcard has 90 seconds left.
|
|t:|1758325689
|-end|p2a: Behemoth|Protosynthesis|[silent]
|switch|p2a: Gin|Enamorus, F, shiny|100/100
|move|p1a: Zamazenta|Body Press|p2a: Gin
|-resisted|p2a: Gin
|-damage|p2a: Gin|82/100
|
|-heal|p1a: Zamazenta|89/100|[from] item: Leftovers
|upkeep
|turn|12
|inactive|kydizzy yuri has 30 seconds left.
|inactive|Mr.Vcard has 60 seconds left.
|inactive|kydizzy yuri has 20 seconds left.
|inactive|kydizzy yuri has 15 seconds left.
|inactive|Mr.Vcard has 30 seconds left.
|inactive|Mr.Vcard has 20 seconds left.
|inactive|Mr.Vcard has 15 seconds left.
|inactive|Mr.Vcard has 10 seconds left.
|
|t:|1758325756
|move|p2a: Gin|Moonblast|p1a: Zamazenta
|-supereffective|p1a: Zamazenta
|-crit|p1a: Zamazenta
|-damage|p1a: Zamazenta|0 fnt
|faint|p1a: Zamazenta
|
|upkeep
|inactive|kydizzy yuri has 20 seconds left this turn.
|inactive|kydizzy yuri has 15 seconds left.
|
|t:|1758325765
|switch|p1a: Gholdengo|Gholdengo|94/100
|-damage|p1a: Gholdengo|88/100|[from] Stealth Rock
|turn|13
|inactive|kydizzy yuri has 25 seconds left this turn.
|inactive|Mr.Vcard has 25 seconds left this turn.
|inactive|Mr.Vcard has 20 seconds left.
|inactive|Mr.Vcard has 15 seconds left.
|
|t:|1758325777
|switch|p2a: Mantra|Slowking-Galar, M, shiny|85/100
|move|p1a: Gholdengo|Make It Rain|p2a: Mantra
|-damage|p2a: Mantra|48/100
|-unboost|p1a: Gholdengo|spa|1
|
|upkeep
|turn|14
|inactive|Mr.Vcard has 25 seconds left this turn.
|inactive|kydizzy yuri has 30 seconds left.
|inactive|Mr.Vcard has 20 seconds left.
|
|t:|1758325786
|move|p1a: Gholdengo|Make It Rain|p2a: Mantra
|-damage|p2a: Mantra|25/100
|-unboost|p1a: Gholdengo|spa|1
|move|p2a: Mantra|Flamethrower|p1a: Gholdengo
|-supereffective|p1a: Gholdengo
|-damage|p1a: Gholdengo|39/100
|
|upkeep
|turn|15
|inactive|Mr.Vcard has 30 seconds left this turn.
|inactive|kydizzy yuri has 30 seconds left.
|
|t:|1758325800
|switch|p1a: Garganacl|Garganacl, M|82/100
|-damage|p1a: Garganacl|70/100|[from] Stealth Rock
|switch|p2a: Overgod|Kingambit, M, shiny|100/100
|-activate|p2a: Overgod|ability: Supreme Overlord
|-start|p2a: Overgod|fallen1|[silent]
|
|-heal|p1a: Garganacl|76/100|[from] item: Leftovers
|upkeep
|turn|16
|inactive|Mr.Vcard has 30 seconds left.
|
|t:|1758325806
|-terastallize|p1a: Garganacl|Water
|move|p2a: Overgod|Iron Head|p1a: Garganacl
|-resisted|p1a: Garganacl
|-damage|p1a: Garganacl|60/100
|cant|p1a: Garganacl|flinch
|
|-heal|p1a: Garganacl|66/100|[from] item: Leftovers
|upkeep
|turn|17
|
|t:|1758325816
|move|p2a: Overgod|Kowtow Cleave|p1a: Garganacl
|-damage|p1a: Garganacl|30/100
|move|p1a: Garganacl|Recover|p1a: Garganacl
|-heal|p1a: Garganacl|80/100
|
|-heal|p1a: Garganacl|86/100|[from] item: Leftovers
|upkeep
|turn|18
|
|t:|1758325829
|-end|p2a: Overgod|fallen1|[silent]
|switch|p2a: Behemoth|Great Tusk, shiny|73/100
|move|p1a: Garganacl|Salt Cure|p2a: Behemoth
|-resisted|p2a: Behemoth
|-damage|p2a: Behemoth|71/100
|-start|p2a: Behemoth|Salt Cure
|
|-heal|p1a: Garganacl|92/100|[from] item: Leftovers
|-damage|p2a: Behemoth|59/100|[from] Salt Cure
|upkeep
|turn|19
|
|t:|1758325844
|move|p2a: Behemoth|Headlong Rush|p1a: Garganacl
|-damage|p1a: Garganacl|52/100
|-unboost|p2a: Behemoth|def|1
|-unboost|p2a: Behemoth|spd|1
|move|p1a: Garganacl|Curse|p1a: Garganacl
|-unboost|p1a: Garganacl|spe|1
|-boost|p1a: Garganacl|atk|1
|-boost|p1a: Garganacl|def|1
|
|-heal|p1a: Garganacl|58/100|[from] item: Leftovers
|-damage|p2a: Behemoth|46/100|[from] Salt Cure
|upkeep
|turn|20
|
|t:|1758325849
|move|p2a: Behemoth|Headlong Rush|p1a: Garganacl
|-damage|p1a: Garganacl|31/100
|-unboost|p2a: Behemoth|def|1
|-unboost|p2a: Behemoth|spd|1
|move|p1a: Garganacl|Recover|p1a: Garganacl
|-heal|p1a: Garganacl|81/100
|
|-heal|p1a: Garganacl|87/100|[from] item: Leftovers
|-damage|p2a: Behemoth|34/100|[from] Salt Cure
|upkeep
|turn|21
|
|t:|1758325858
|-end|p2a: Behemoth|Protosynthesis|[silent]
|switch|p2a: Anonymous|Ogerpon, F|53/100
|move|p1a: Garganacl|Curse|p1a: Garganacl
|-unboost|p1a: Garganacl|spe|1
|-boost|p1a: Garganacl|atk|1
|-boost|p1a: Garganacl|def|1
|
|-heal|p1a: Garganacl|94/100|[from] item: Leftovers
|upkeep
|turn|22
|inactive|kydizzy yuri has 60 seconds left.
|
|t:|1758325867
|switch|p1a: Weezing|Weezing-Galar, F|100/100
|-ability|p1a: Weezing|Neutralizing Gas
|move|p2a: Anonymous|Ivy Cudgel|p1a: Weezing
|-resisted|p1a: Weezing
|-damage|p1a: Weezing|82/100
|
|upkeep
|turn|23
|inactive|kydizzy yuri has 60 seconds left.
|
|t:|1758325880
|switch|p2a: Mantra|Slowking-Galar, M, shiny|58/100
|move|p1a: Weezing|Will-O-Wisp|p2a: Mantra|[miss]
|-miss|p1a: Weezing|p2a: Mantra
|
|upkeep
|turn|24
|inactive|kydizzy yuri has 60 seconds left.
|inactive|Mr.Vcard has 60 seconds left.
|
|t:|1758325922
|move|p1a: Weezing|Strange Steam|p2a: Mantra
|-resisted|p2a: Mantra
|-damage|p2a: Mantra|51/100
|move|p2a: Mantra|Psychic Noise|p1a: Weezing
|-supereffective|p1a: Weezing
|-damage|p1a: Weezing|2/100
|-start|p1a: Weezing|move: Heal Block
|
|upkeep
|turn|25
|inactive|Mr.Vcard has 60 seconds left.
|
|t:|1758325937
|move|p1a: Weezing|Pain Split|p2a: Mantra
|-sethp|p2a: Mantra|26/100|[from] move: Pain Split|[silent]
|-sethp|p1a: Weezing|31/100|[from] move: Pain Split
|move|p2a: Mantra|Psychic Noise|p1a: Weezing
|-supereffective|p1a: Weezing
|-damage|p1a: Weezing|0 fnt
|faint|p1a: Weezing
|-end|p1a: Weezing|ability: Neutralizing Gas
|
|upkeep
|inactive|kydizzy yuri has 30 seconds left.
|
|t:|1758325953
|switch|p1a: Garganacl|Garganacl, M, tera:Water|94/100
|-damage|p1a: Garganacl|81/100|[from] Stealth Rock
|turn|26
|inactive|kydizzy yuri has 30 seconds left.
|
|t:|1758325966
|move|p1a: Garganacl|Earthquake|p2a: Mantra
|-supereffective|p2a: Mantra
|-damage|p2a: Mantra|0 fnt
|faint|p2a: Mantra
|
|-heal|p1a: Garganacl|87/100|[from] item: Leftovers
|upkeep
|
|t:|1758325974
|switch|p2a: Gin|Enamorus, F, shiny|82/100
|turn|27
|
|t:|1758325980
|move|p2a: Gin|Moonblast|p1a: Garganacl
|-damage|p1a: Garganacl|52/100
|move|p1a: Garganacl|Salt Cure|p2a: Gin
|-supereffective|p2a: Gin
|-damage|p2a: Gin|40/100
|-start|p2a: Gin|Salt Cure
|
|-heal|p1a: Garganacl|58/100|[from] item: Leftovers
|-damage|p2a: Gin|27/100|[from] Salt Cure
|upkeep
|turn|28
|inactive|Mr.Vcard has 90 seconds left.
|
|t:|1758325991
|move|p2a: Gin|Moonblast|p1a: Garganacl
|-damage|p1a: Garganacl|20/100
|-unboost|p1a: Garganacl|spa|1
|move|p1a: Garganacl|Recover|p1a: Garganacl
|-heal|p1a: Garganacl|70/100
|
|-heal|p1a: Garganacl|76/100|[from] item: Leftovers
|-damage|p2a: Gin|15/100|[from] Salt Cure
|upkeep
|turn|29
|
|t:|1758326011
|move|p2a: Gin|Moonblast|p1a: Garganacl
|-damage|p1a: Garganacl|38/100
|-unboost|p1a: Garganacl|spa|1
|move|p1a: Garganacl|Recover|p1a: Garganacl
|-heal|p1a: Garganacl|88/100
|
|-heal|p1a: Garganacl|95/100|[from] item: Leftovers
|-damage|p2a: Gin|2/100|[from] Salt Cure
|upkeep
|turn|30
|
|t:|1758326025
|move|p2a: Gin|Moonblast|p1a: Garganacl
|-damage|p1a: Garganacl|59/100
|move|p1a: Garganacl|Curse|p1a: Garganacl
|-unboost|p1a: Garganacl|spe|1
|-boost|p1a: Garganacl|atk|1
|-boost|p1a: Garganacl|def|1
|
|-heal|p1a: Garganacl|65/100|[from] item: Leftovers
|-damage|p2a: Gin|0 fnt|[from] Salt Cure
|faint|p2a: Gin
|upkeep
|
|t:|1758326029
|switch|p2a: Anonymous|Ogerpon, F|53/100
|turn|31
|
|t:|1758326037
|-terastallize|p2a: Anonymous|Grass
|detailschange|p2a: Anonymous|Ogerpon-Teal-Tera, F, tera:Grass
|-ability|p2a: Anonymous|Embody Aspect (Teal)|boost
|-boost|p2a: Anonymous|spe|1
|move|p2a: Anonymous|Ivy Cudgel|p1a: Garganacl
|-supereffective|p1a: Garganacl
|-damage|p1a: Garganacl|10/100
|move|p1a: Garganacl|Salt Cure|p2a: Anonymous
|-damage|p2a: Anonymous|24/100
|-start|p2a: Anonymous|Salt Cure
|
|-heal|p1a: Garganacl|16/100|[from] item: Leftovers
|-damage|p2a: Anonymous|11/100|[from] Salt Cure
|upkeep
|turn|32
|inactive|Mr.Vcard has 120 seconds left.
|
|t:|1758326051
|move|p2a: Anonymous|Ivy Cudgel|p1a: Garganacl
|-supereffective|p1a: Garganacl
|-damage|p1a: Garganacl|0 fnt
|faint|p1a: Garganacl
|
|-damage|p2a: Anonymous|0 fnt|[from] Salt Cure
|faint|p2a: Anonymous
|detailschange|p2: Anonymous|Ogerpon, F|[silent]
|upkeep
|
|t:|1758326069
|switch|p2a: Overgod|Kingambit, M, shiny|100/100
|switch|p1a: Gholdengo|Gholdengo|39/100
|-damage|p1a: Gholdengo|33/100|[from] Stealth Rock
|-activate|p2a: Overgod|ability: Supreme Overlord
|-start|p2a: Overgod|fallen4|[silent]
|turn|33
|
|t:|1758326074
|move|p1a: Gholdengo|Trick|p2a: Overgod
|-activate|p1a: Gholdengo|move: Trick|[of] p2a: Overgod
|-item|p2a: Overgod|Choice Scarf|[from] move: Trick
|-item|p1a: Gholdengo|Leftovers|[from] move: Trick
|move|p2a: Overgod|Swords Dance|p2a: Overgod
|-boost|p2a: Overgod|atk|2
|
|-heal|p1a: Gholdengo|39/100|[from] item: Leftovers
|upkeep
|turn|34
|
|t:|1758326082
|-end|p2a: Overgod|fallen4|[silent]
|switch|p2a: Behemoth|Great Tusk, shiny|34/100
|move|p1a: Gholdengo|Focus Blast|p2a: Behemoth
|-damage|p2a: Behemoth|0 fnt
|faint|p2a: Behemoth
|-end|p2a: Behemoth|Protosynthesis|[silent]
|
|-heal|p1a: Gholdengo|45/100|[from] item: Leftovers
|upkeep
|
|t:|1758326084
|switch|p2a: Overgod|Kingambit, M, shiny|100/100
|-activate|p2a: Overgod|ability: Supreme Overlord
|-start|p2a: Overgod|fallen5|[silent]
|turn|35
|
|t:|1758326090
|move|p1a: Gholdengo|Make It Rain|p2a: Overgod
|-resisted|p2a: Overgod
|-damage|p2a: Overgod|69/100
|-unboost|p1a: Gholdengo|spa|1
|move|p2a: Overgod|Iron Head|p1a: Gholdengo
|-resisted|p1a: Gholdengo
|-damage|p1a: Gholdengo|7/100
|
|-heal|p1a: Gholdengo|13/100|[from] item: Leftovers
|upkeep
|turn|36
|inactive|kydizzy yuri has 60 seconds left.
|
|t:|1758326105
|move|p1a: Gholdengo|Focus Blast|p2a: Overgod
|-supereffective|p2a: Overgod
|-damage|p2a: Overgod|0 fnt
|faint|p2a: Overgod
|-end|p2a: Overgod|fallen5|[silent]
|
|win|kydizzy yuri
|raw|kydizzy yuri's rating: 1341 &rarr; <strong>1365</strong><br />(+24 for winning)
|raw|Mr.Vcard's rating: 1407 &rarr; <strong>1383</strong><br />(-24 for losing)
|c|☆kydizzy yuri|gg
|c|☆kydizzy yuri|good lord
