|j|☆vegancrosfit
|j|☆lolgod2
|t:|1758274278
|gametype|singles
|player|p1|vegancrosfit|cyclist-gen4|1607
|player|p2|lolgod2|unknownf|1662
|gen|9
|tier|[Gen 9] OU
|rated|
|rule|HP Percentage Mod: HP is shown in percentages
|rule|Endless Battle Clause: Forcing endless battles is banned
|rule|Species Clause: Limit one of each Pokémon
|rule|OHKO Clause: OHKO moves are banned
|rule|Evasion Items Clause: Evasion items are banned
|rule|Evasion Moves Clause: Evasion moves are banned
|rule|Evasion Abilities Clause: Evasion abilities are banned
|rule|Sleep Moves Clause: Sleep-inducing moves are banned
|clearpoke
|poke|p1|Pelipper, F|
|poke|p1|Raging Bolt|
|poke|p1|Hatterene, F|
|poke|p1|Barraskewda, M|
|poke|p1|Great Tusk|
|poke|p1|Tornadus-Therian, M|
|poke|p2|Ninetales-Alola, F|
|poke|p2|Latias, F|
|poke|p2|Kingambit, M|
|poke|p2|Kyurem|
|poke|p2|Zamazenta-*|
|poke|p2|Iron Moth|
|teampreview
|inactive|Battle timer is ON: inactive players will automatically lose when time's up. (requested by lolgod2)
|
|t:|1758274289
|teamsize|p1|6
|teamsize|p2|6
|start
|switch|p1a: Raging Bolt|Raging Bolt|100/100
|switch|p2a: Kyurem|Kyurem|100/100
|-ability|p2a: Kyurem|Pressure
|turn|1
|
|t:|1758274295
|-terastallize|p1a: Raging Bolt|Electric
|move|p2a: Kyurem|Icicle Spear|p1a: Raging Bolt
|-damage|p1a: Raging Bolt|88/100
|-damage|p1a: Raging Bolt|77/100
|-damage|p1a: Raging Bolt|63/100
|-damage|p1a: Raging Bolt|51/100
|-damage|p1a: Raging Bolt|38/100
|-hitcount|p1a: Raging Bolt|5
|move|p1a: Raging Bolt|Draco Meteor|p2a: Kyurem
|-supereffective|p2a: Kyurem
|-damage|p2a: Kyurem|0 fnt
|-unboost|p1a: Raging Bolt|spa|2
|faint|p2a: Kyurem
|
|upkeep
|
|t:|1758274300
|switch|p2a: Ninetales|Ninetales-Alola, F|100/100
|-weather|Snowscape|[from] ability: Snow Warning|[of] p2a: Ninetales
|turn|2
|
|t:|1758274304
|-end|p1a: Raging Bolt|Protosynthesis|[silent]
|switch|p1a: Tornadus|Tornadus-Therian, M|100/100
|move|p2a: Ninetales|Freeze-Dry|p1a: Tornadus
|-supereffective|p1a: Tornadus
|-crit|p1a: Tornadus
|-damage|p1a: Tornadus|63/100
|
|-weather|Snowscape|[upkeep]
|upkeep
|turn|3
|
|t:|1758274311
|switch|p1a: Pelipper|Pelipper, F|100/100
|-weather|RainDance|[from] ability: Drizzle|[of] p1a: Pelipper
|move|p2a: Ninetales|Aurora Veil||[still]
|-fail|p2a: Ninetales
|
|-weather|RainDance|[upkeep]
|upkeep
|turn|4
|j| wgw2333
|
|t:|1758274315
|switch|p1a: Tornadus|Tornadus-Therian, M|97/100
|move|p2a: Ninetales|Freeze-Dry|p1a: Tornadus
|-supereffective|p1a: Tornadus
|-damage|p1a: Tornadus|71/100
|
|-weather|RainDance|[upkeep]
|upkeep
|turn|5
|
|t:|1758274323
|move|p2a: Ninetales|Blizzard|p1a: Tornadus|[miss]
|-miss|p2a: Ninetales|p1a: Tornadus
|move|p1a: Tornadus|U-turn|p2a: Ninetales
|-resisted|p2a: Ninetales
|-damage|p2a: Ninetales|90/100
|
|t:|1758274328
|switch|p1a: Barraskewda|Barraskewda, M|100/100|[from] U-turn
|
|-weather|RainDance|[upkeep]
|upkeep
|turn|6
|
|t:|1758274339
|switch|p2a: Zamazenta|Zamazenta|100/100
|-ability|p2a: Zamazenta|Dauntless Shield|boost
|-boost|p2a: Zamazenta|def|1
|move|p1a: Barraskewda|Flip Turn|p2a: Zamazenta
|-damage|p2a: Zamazenta|66/100
|
|t:|1758274347
|switch|p1a: Hatterene|Hatterene, F|100/100|[from] Flip Turn
|
|-weather|RainDance|[upkeep]
|-heal|p2a: Zamazenta|72/100|[from] item: Leftovers
|upkeep
|turn|7
|
|t:|1758274356
|move|p2a: Zamazenta|Substitute|p2a: Zamazenta
|-start|p2a: Zamazenta|Substitute
|-damage|p2a: Zamazenta|47/100
|move|p1a: Hatterene|Draining Kiss|p2a: Zamazenta
|-supereffective|p2a: Zamazenta
|-end|p2a: Zamazenta|Substitute
|
|-weather|RainDance|[upkeep]
|-heal|p2a: Zamazenta|54/100|[from] item: Leftovers
|upkeep
|turn|8
|
|t:|1758274361
|switch|p2a: Kingambit|Kingambit, M|100/100
|-activate|p2a: Kingambit|ability: Supreme Overlord
|-start|p2a: Kingambit|fallen1|[silent]
|move|p1a: Hatterene|Draining Kiss|p2a: Kingambit
|-damage|p2a: Kingambit|75/100
|
|-weather|RainDance|[upkeep]
|-heal|p2a: Kingambit|82/100|[from] item: Leftovers
|upkeep
|turn|9
|
|t:|1758274367
|switch|p1a: Great Tusk|Great Tusk|100/100
|move|p2a: Kingambit|Kowtow Cleave|p1a: Great Tusk
|-resisted|p1a: Great Tusk
|-damage|p1a: Great Tusk|87/100
|
|-weather|RainDance|[upkeep]
|-heal|p1a: Great Tusk|94/100|[from] item: Leftovers
|-heal|p2a: Kingambit|88/100|[from] item: Leftovers
|upkeep
|turn|10
|
|t:|1758274372
|-end|p2a: Kingambit|fallen1|[silent]
|switch|p2a: Zamazenta|Zamazenta|54/100
|move|p1a: Great Tusk|Knock Off|p2a: Zamazenta
|-resisted|p2a: Zamazenta
|-damage|p2a: Zamazenta|43/100
|-enditem|p2a: Zamazenta|Leftovers|[from] move: Knock Off|[of] p1a: Great Tusk
|
|-weather|none
|-heal|p1a: Great Tusk|99/100|[from] item: Leftovers
|upkeep
|turn|11
|
|t:|1758274383
|switch|p2a: Iron Moth|Iron Moth|100/100
|-enditem|p2a: Iron Moth|Booster Energy
|-activate|p2a: Iron Moth|ability: Quark Drive|[fromitem]
|-start|p2a: Iron Moth|quarkdrivespe
|move|p1a: Great Tusk|Earthquake|p2a: Iron Moth
|-supereffective|p2a: Iron Moth
|-damage|p2a: Iron Moth|0 fnt
|faint|p2a: Iron Moth
|-end|p2a: Iron Moth|Quark Drive|[silent]
|
|-heal|p1a: Great Tusk|100/100|[from] item: Leftovers
|upkeep
|
|t:|1758274388
|switch|p2a: Ninetales|Ninetales-Alola, F|90/100
|-weather|Snowscape|[from] ability: Snow Warning|[of] p2a: Ninetales
|turn|12
|
|t:|1758274393
|move|p2a: Ninetales|Freeze-Dry|p1a: Great Tusk
|-supereffective|p1a: Great Tusk
|-damage|p1a: Great Tusk|30/100
|move|p1a: Great Tusk|Knock Off|p2a: Ninetales
|-resisted|p2a: Ninetales
|-damage|p2a: Ninetales|78/100
|-enditem|p2a: Ninetales|Light Clay|[from] move: Knock Off|[of] p1a: Great Tusk
|
|-weather|Snowscape|[upkeep]
|-heal|p1a: Great Tusk|36/100|[from] item: Leftovers
|upkeep
|turn|13
|
|t:|1758274400
|-end|p1a: Great Tusk|Protosynthesis|[silent]
|switch|p1a: Tornadus|Tornadus-Therian, M|100/100
|move|p2a: Ninetales|Aurora Veil|p2a: Ninetales
|-sidestart|p2: lolgod2|move: Aurora Veil
|
|-weather|Snowscape|[upkeep]
|upkeep
|turn|14
|
|t:|1758274404
|move|p2a: Ninetales|Blizzard|p1a: Tornadus
|-supereffective|p1a: Tornadus
|-damage|p1a: Tornadus|61/100
|move|p1a: Tornadus|U-turn|p2a: Ninetales
|-resisted|p2a: Ninetales
|-damage|p2a: Ninetales|74/100
|
|t:|1758274410
|switch|p1a: Pelipper|Pelipper, F|100/100|[from] U-turn
|-weather|RainDance|[from] ability: Drizzle|[of] p1a: Pelipper
|
|-weather|RainDance|[upkeep]
|upkeep
|turn|15
|
|t:|1758274415
|switch|p1a: Tornadus|Tornadus-Therian, M|94/100
|move|p2a: Ninetales|Freeze-Dry|p1a: Tornadus
|-supereffective|p1a: Tornadus
|-crit|p1a: Tornadus
|-damage|p1a: Tornadus|54/100
|
|-weather|RainDance|[upkeep]
|upkeep
|turn|16
|
|t:|1758274420
|switch|p2a: Zamazenta|Zamazenta|43/100
|move|p1a: Tornadus|U-turn|p2a: Zamazenta
|-resisted|p2a: Zamazenta
|-damage|p2a: Zamazenta|41/100
|
|t:|1758274426
|switch|p1a: Hatterene|Hatterene, F|100/100|[from] U-turn
|
|-weather|RainDance|[upkeep]
|upkeep
|turn|17
|
|t:|1758274429
|move|p2a: Zamazenta|Body Press|p1a: Hatterene
|-resisted|p1a: Hatterene
|-damage|p1a: Hatterene|94/100
|move|p1a: Hatterene|Nuzzle|p2a: Zamazenta
|-damage|p2a: Zamazenta|39/100
|-status|p2a: Zamazenta|par
|
|-weather|RainDance|[upkeep]
|-heal|p1a: Hatterene|99/100|[from] item: Leftovers
|-sideend|p2: lolgod2|move: Aurora Veil
|upkeep
|turn|18
|
|t:|1758274437
|move|p2a: Zamazenta|Body Press|p1a: Hatterene
|-resisted|p1a: Hatterene
|-damage|p1a: Hatterene|93/100
|move|p1a: Hatterene|Psyshock|p2a: Zamazenta
|-supereffective|p2a: Zamazenta
|-damage|p2a: Zamazenta|0 fnt
|faint|p2a: Zamazenta
|
|-weather|RainDance|[upkeep]
|-heal|p1a: Hatterene|99/100|[from] item: Leftovers
|upkeep
|
|t:|1758274440
|switch|p2a: Ninetales|Ninetales-Alola, F|74/100
|-weather|Snowscape|[from] ability: Snow Warning|[of] p2a: Ninetales
|turn|19
|
|t:|1758274445
|move|p2a: Ninetales|Aurora Veil|p2a: Ninetales
|-sidestart|p2: lolgod2|move: Aurora Veil
|move|p1a: Hatterene|Nuzzle|p2a: Ninetales
|-damage|p2a: Ninetales|72/100
|-status|p2a: Ninetales|par
|
|-weather|Snowscape|[upkeep]
|-heal|p1a: Hatterene|100/100|[from] item: Leftovers
|upkeep
|turn|20
|
|t:|1758274451
|switch|p2a: Kingambit|Kingambit, M|88/100
|-activate|p2a: Kingambit|ability: Supreme Overlord
|-start|p2a: Kingambit|fallen3|[silent]
|move|p1a: Hatterene|Draining Kiss|p2a: Kingambit
|-damage|p2a: Kingambit|75/100
|
|-weather|Snowscape|[upkeep]
|-heal|p2a: Kingambit|81/100|[from] item: Leftovers
|upkeep
|turn|21
|
|t:|1758274457
|-end|p2a: Kingambit|fallen3|[silent]
|switch|p2a: Latias|Latias, F|100/100
|switch|p1a: Pelipper|Pelipper, F|100/100
|-weather|RainDance|[from] ability: Drizzle|[of] p1a: Pelipper
|
|-weather|RainDance|[upkeep]
|upkeep
|turn|22
|
|t:|1758274461
|move|p2a: Latias|Agility|p2a: Latias
|-boost|p2a: Latias|spe|2
|move|p1a: Pelipper|Hurricane|p2a: Latias
|-damage|p2a: Latias|86/100
|
|-weather|RainDance|[upkeep]
|upkeep
|turn|23
|
|t:|1758274468
|move|p2a: Latias|Agility|p2a: Latias
|-boost|p2a: Latias|spe|2
|move|p1a: Pelipper|Hurricane|p2a: Latias
|-damage|p2a: Latias|73/100
|
|-weather|RainDance|[upkeep]
|-sideend|p2: lolgod2|move: Aurora Veil
|upkeep
|turn|24
|
|t:|1758274476
|switch|p1a: Tornadus|Tornadus-Therian, M|87/100
|move|p2a: Latias|Calm Mind|p2a: Latias
|-boost|p2a: Latias|spa|1
|-boost|p2a: Latias|spd|1
|
|-weather|RainDance|[upkeep]
|upkeep
|turn|25
|
|t:|1758274484
|move|p2a: Latias|Agility|p2a: Latias
|-boost|p2a: Latias|spe|2
|move|p1a: Tornadus|Hurricane|p2a: Latias
|-damage|p2a: Latias|53/100
|
|-weather|RainDance|[upkeep]
|upkeep
|turn|26
|
|t:|1758274495
|-terastallize|p2a: Latias|Fairy
|move|p2a: Latias|Draining Kiss|p1a: Tornadus
|-damage|p1a: Tornadus|63/100
|-heal|p2a: Latias|71/100|[from] drain|[of] p1a: Tornadus
|move|p1a: Tornadus|Hurricane|p2a: Latias
|-damage|p2a: Latias|51/100
|
|-weather|RainDance|[upkeep]
|upkeep
|turn|27
|
|t:|1758274507
|move|p2a: Latias|Stored Power|p1a: Tornadus
|-damage|p1a: Tornadus|0 fnt
|faint|p1a: Tornadus
|
|-weather|RainDance|[upkeep]
|upkeep
|
|t:|1758274511
|switch|p1a: Barraskewda|Barraskewda, M|100/100
|turn|28
|
|t:|1758274525
|move|p1a: Barraskewda|Aqua Jet|p2a: Latias
|-damage|p2a: Latias|0 fnt
|faint|p2a: Latias
|
|-weather|none
|upkeep
|
|t:|1758274529
|switch|p2a: Kingambit|Kingambit, M|81/100
|-activate|p2a: Kingambit|ability: Supreme Overlord
|-start|p2a: Kingambit|fallen4|[silent]
|turn|29
|-message|lolgod2 forfeited.
|
|win|vegancrosfit
|raw|vegancrosfit's rating: 1607 &rarr; <strong>1630</strong><br />(+23 for winning)
|raw|lolgod2's rating: 1662 &rarr; <strong>1639</strong><br />(-23 for losing)
|l|☆lolgod2
|player|p2|
|l|☆vegancrosfit
|player|p1|
|l| wgw2333
