|j|☆KiddKurisu
|j|☆BlueDash
|t:|1758255986
|gametype|singles
|player|p1|KiddKurisu|1|1316
|player|p2|BlueDash|shadowtriad|1340
|gen|9
|tier|[Gen 9] OU
|rated|
|rule|HP Percentage Mod: HP is shown in percentages
|rule|Endless Battle Clause: Forcing endless battles is banned
|rule|Species Clause: Limit one of each Pokémon
|rule|OHKO Clause: OHKO moves are banned
|rule|Evasion Items Clause: Evasion items are banned
|rule|Evasion Moves Clause: Evasion moves are banned
|rule|Evasion Abilities Clause: Evasion abilities are banned
|rule|Sleep Moves Clause: Sleep-inducing moves are banned
|clearpoke
|poke|p1|Kingambit, M|
|poke|p1|Samurott-Hisui, F|
|poke|p1|Landorus-Therian, M|
|poke|p1|Darkrai|
|poke|p1|Ogerpon-Wellspring, F|
|poke|p1|Gholdengo|
|poke|p2|Umbreon, M|
|poke|p2|Glimmora, M|
|poke|p2|Blaziken, M|
|poke|p2|Latios, M|
|poke|p2|Empoleon, M|
|poke|p2|Gliscor, M|
|teampreview
|inactive|Battle timer is ON: inactive players will automatically lose when time's up. (requested by BlueDash)
|
|t:|1758255997
|teamsize|p1|6
|teamsize|p2|6
|start
|switch|p1a: Gholdengo|Gholdengo|100/100
|switch|p2a: Glimmora|Glimmora, M, shiny|100/100
|turn|1
|
|t:|1758256008
|move|p1a: Gholdengo|Make It Rain|p2a: Glimmora
|-supereffective|p2a: Glimmora
|-damage|p2a: Glimmora|0 fnt
|-unboost|p1a: Gholdengo|spa|1
|faint|p2a: Glimmora
|
|upkeep
|
|t:|1758256011
|switch|p2a: Gliscor|Gliscor, M, shiny|100/100
|turn|2
|
|t:|1758256038
|switch|p1a: Landorus|Landorus-Therian, M|100/100
|-ability|p1a: Landorus|Intimidate|boost
|-unboost|p2a: Gliscor|atk|1
|move|p2a: Gliscor|Knock Off|p1a: Landorus
|-damage|p1a: Landorus|83/100
|-damage|p2a: Gliscor|84/100|[from] item: Rocky Helmet|[of] p1a: Landorus
|-enditem|p1a: Landorus|Rocky Helmet|[from] move: Knock Off|[of] p2a: Gliscor
|
|-status|p2a: Gliscor|tox|[from] item: Toxic Orb
|upkeep
|turn|3
|
|t:|1758256050
|switch|p2a: Latios|Latios, M|100/100
|move|p1a: Landorus|Stealth Rock|p2a: Latios
|-sidestart|p2: BlueDash|move: Stealth Rock
|
|upkeep
|turn|4
|
|t:|1758256058
|switch|p1a: Gholdengo|Gholdengo|100/100
|move|p2a: Latios|Luster Purge|p1a: Gholdengo
|-resisted|p1a: Gholdengo
|-damage|p1a: Gholdengo|71/100
|-unboost|p1a: Gholdengo|spd|1
|
|upkeep
|turn|5
|
|t:|1758256066
|switch|p2a: Umbreon|Umbreon, M, shiny|100/100
|-damage|p2a: Umbreon|88/100|[from] Stealth Rock
|move|p1a: Gholdengo|Shadow Ball|p2a: Umbreon
|-resisted|p2a: Umbreon
|-damage|p2a: Umbreon|79/100
|-unboost|p2a: Umbreon|spd|1
|
|-heal|p2a: Umbreon|85/100|[from] item: Leftovers
|upkeep
|turn|6
|
|t:|1758256079
|move|p1a: Gholdengo|Make It Rain|p2a: Umbreon
|-damage|p2a: Umbreon|46/100
|-unboost|p1a: Gholdengo|spa|1
|move|p2a: Umbreon|Foul Play|p1a: Gholdengo
|-supereffective|p1a: Gholdengo
|-damage|p1a: Gholdengo|44/100
|
|-heal|p2a: Umbreon|52/100|[from] item: Leftovers
|upkeep
|turn|7
|
|t:|1758256090
|move|p1a: Gholdengo|Recover|p1a: Gholdengo
|-heal|p1a: Gholdengo|94/100
|move|p2a: Umbreon|Wish|p2a: Umbreon
|
|-heal|p2a: Umbreon|58/100|[from] item: Leftovers
|upkeep
|turn|8
|
|t:|1758256097
|switch|p1a: Landorus|Landorus-Therian, M|83/100
|-ability|p1a: Landorus|Intimidate|boost
|-unboost|p2a: Umbreon|atk|1
|move|p2a: Umbreon|Foul Play|p1a: Landorus
|-damage|p1a: Landorus|44/100
|
|-heal|p2a: Umbreon|100/100|[from] move: Wish|[wisher] Umbreon
|upkeep
|turn|9
|
|t:|1758256106
|move|p1a: Landorus|U-turn|p2a: Umbreon
|-supereffective|p2a: Umbreon
|-damage|p2a: Umbreon|69/100
|
|t:|1758256111
|switch|p1a: Darkrai|Darkrai|100/100|[from] U-turn
|move|p2a: Umbreon|Foul Play|p1a: Darkrai
|-resisted|p1a: Darkrai
|-damage|p1a: Darkrai|84/100
|
|-heal|p2a: Umbreon|75/100|[from] item: Leftovers
|upkeep
|turn|10
|
|t:|1758256118
|move|p1a: Darkrai|Knock Off|p2a: Umbreon
|-resisted|p2a: Umbreon
|-damage|p2a: Umbreon|64/100
|-enditem|p2a: Umbreon|Leftovers|[from] move: Knock Off|[of] p1a: Darkrai
|move|p2a: Umbreon|Toxic|p1a: Darkrai
|-status|p1a: Darkrai|tox
|
|-damage|p1a: Darkrai|78/100 tox|[from] psn
|upkeep
|turn|11
|
|t:|1758256127
|move|p1a: Darkrai|Sludge Bomb||[still]
|-damage|p2a: Umbreon|40/100
|-status|p2a: Umbreon|psn
|-activate|p2a: Umbreon|ability: Synchronize
|-fail|p2a: Umbreon
|move|p2a: Umbreon|Wish|p2a: Umbreon
|
|-damage|p1a: Darkrai|66/100 tox|[from] psn
|-damage|p2a: Umbreon|28/100 psn|[from] psn
|upkeep
|turn|12
|
|t:|1758256139
|switch|p1a: Samurott|Samurott-Hisui, F|100/100
|move|p2a: Umbreon|Foul Play|p1a: Samurott
|-resisted|p1a: Samurott
|-damage|p1a: Samurott|71/100
|
|-heal|p2a: Umbreon|78/100 psn|[from] move: Wish|[wisher] Umbreon
|-damage|p2a: Umbreon|65/100 psn|[from] psn
|upkeep
|turn|13
|
|t:|1758256151
|move|p1a: Samurott|Razor Shell|p2a: Umbreon
|-damage|p2a: Umbreon|25/100 psn
|-unboost|p2a: Umbreon|def|1
|move|p2a: Umbreon|Foul Play|p1a: Samurott
|-resisted|p1a: Samurott
|-damage|p1a: Samurott|42/100
|
|-damage|p2a: Umbreon|12/100 psn|[from] psn
|upkeep
|turn|14
|
|t:|1758256158
|move|p1a: Samurott|Ceaseless Edge|p2a: Umbreon|[miss]
|-miss|p1a: Samurott|p2a: Umbreon
|move|p2a: Umbreon|Foul Play|p1a: Samurott
|-resisted|p1a: Samurott
|-damage|p1a: Samurott|12/100
|
|-damage|p2a: Umbreon|0 fnt|[from] psn
|faint|p2a: Umbreon
|upkeep
|
|t:|1758256161
|switch|p2a: Empoleon|Empoleon, M, shiny|100/100
|-damage|p2a: Empoleon|94/100|[from] Stealth Rock
|turn|15
|
|t:|1758256170
|switch|p1a: Ogerpon|Ogerpon-Wellspring, F|100/100
|move|p2a: Empoleon|Vacuum Wave|p1a: Ogerpon
|-damage|p1a: Ogerpon|86/100
|
|upkeep
|turn|16
|
|t:|1758256178
|move|p1a: Ogerpon|Power Whip|p2a: Empoleon
|-damage|p2a: Empoleon|22/100
|move|p2a: Empoleon|Ice Beam|p1a: Ogerpon
|-damage|p1a: Ogerpon|50/100
|
|upkeep
|turn|17
|
|t:|1758256186
|move|p2a: Empoleon|Vacuum Wave|p1a: Ogerpon
|-damage|p1a: Ogerpon|35/100
|move|p1a: Ogerpon|Power Whip|p2a: Empoleon
|-damage|p2a: Empoleon|0 fnt
|faint|p2a: Empoleon
|
|upkeep
|
|t:|1758256191
|switch|p2a: Latios|Latios, M|100/100
|-damage|p2a: Latios|88/100|[from] Stealth Rock
|turn|18
|
|t:|1758256197
|switch|p1a: Gholdengo|Gholdengo|94/100
|move|p2a: Latios|Luster Purge|p1a: Gholdengo
|-resisted|p1a: Gholdengo
|-damage|p1a: Gholdengo|62/100
|-unboost|p1a: Gholdengo|spd|1
|
|upkeep
|turn|19
|
|t:|1758256202
|move|p2a: Latios|Draco Meteor|p1a: Gholdengo
|-resisted|p1a: Gholdengo
|-damage|p1a: Gholdengo|0 fnt
|-unboost|p2a: Latios|spa|2
|faint|p1a: Gholdengo
|
|upkeep
|
|t:|1758256213
|switch|p1a: Darkrai|Darkrai|66/100 tox
|turn|20
|
|t:|1758256220
|move|p1a: Darkrai|Knock Off|p2a: Latios
|-supereffective|p2a: Latios
|-damage|p2a: Latios|18/100
|-enditem|p2a: Latios|Soul Dew|[from] move: Knock Off|[of] p1a: Darkrai
|move|p2a: Latios|Aura Sphere|p1a: Darkrai
|-supereffective|p1a: Darkrai
|-damage|p1a: Darkrai|30/100 tox
|
|-damage|p1a: Darkrai|24/100 tox|[from] psn
|upkeep
|turn|21
|
|t:|1758256228
|move|p1a: Darkrai|Dark Pulse|p2a: Latios
|-supereffective|p2a: Latios
|-damage|p2a: Latios|0 fnt
|faint|p2a: Latios
|
|-damage|p1a: Darkrai|12/100 tox|[from] psn
|upkeep
|
|t:|1758256232
|switch|p2a: Gliscor|Gliscor, M, shiny|84/100 tox
|-damage|p2a: Gliscor|72/100 tox|[from] Stealth Rock
|turn|22
|
|t:|1758256241
|switch|p1a: Ogerpon|Ogerpon-Wellspring, F|35/100
|move|p2a: Gliscor|Swords Dance|p2a: Gliscor
|-boost|p2a: Gliscor|atk|2
|
|-heal|p2a: Gliscor|84/100 tox|[from] ability: Poison Heal
|upkeep
|turn|23
|
|t:|1758256249
|-terastallize|p2a: Gliscor|Normal
|move|p1a: Ogerpon|Ivy Cudgel|p2a: Gliscor|[anim] Ivy Cudgel Water
|-damage|p2a: Gliscor|23/100 tox
|move|p2a: Gliscor|Facade|p1a: Ogerpon
|-damage|p1a: Ogerpon|0 fnt
|faint|p1a: Ogerpon
|
|-heal|p2a: Gliscor|36/100 tox|[from] ability: Poison Heal
|upkeep
|
|t:|1758256267
|switch|p1a: Darkrai|Darkrai|12/100 tox
|turn|24
|
|t:|1758256270
|move|p1a: Darkrai|Dark Pulse|p2a: Gliscor
|-damage|p2a: Gliscor|0 fnt
|faint|p2a: Gliscor
|
|-damage|p1a: Darkrai|6/100 tox|[from] psn
|upkeep
|
|t:|1758256273
|switch|p2a: Blaziken|Blaziken, M|100/100
|-damage|p2a: Blaziken|88/100|[from] Stealth Rock
|turn|25
|
|t:|1758256277
|switch|p1a: Landorus|Landorus-Therian, M|44/100
|-ability|p1a: Landorus|Intimidate|boost
|-unboost|p2a: Blaziken|atk|1
|move|p2a: Blaziken|Swords Dance|p2a: Blaziken
|-boost|p2a: Blaziken|atk|2
|
|-ability|p2a: Blaziken|Speed Boost|boost
|-boost|p2a: Blaziken|spe|1
|upkeep
|turn|26
|
|t:|1758256284
|move|p2a: Blaziken|Brave Bird|p1a: Landorus
|-damage|p1a: Landorus|0 fnt
|faint|p1a: Landorus
|-damage|p2a: Blaziken|70/100|[from] Recoil
|
|-ability|p2a: Blaziken|Speed Boost|boost
|-boost|p2a: Blaziken|spe|1
|upkeep
|
|t:|1758256296
|switch|p1a: Samurott|Samurott-Hisui, F|12/100
|turn|27
|
|t:|1758256300
|move|p1a: Samurott|Sucker Punch|p2a: Blaziken
|-resisted|p2a: Blaziken
|-damage|p2a: Blaziken|47/100
|move|p2a: Blaziken|Temper Flare|p1a: Samurott
|-resisted|p1a: Samurott
|-damage|p1a: Samurott|0 fnt
|faint|p1a: Samurott
|
|-ability|p2a: Blaziken|Speed Boost|boost
|-boost|p2a: Blaziken|spe|1
|upkeep
|
|t:|1758256311
|switch|p1a: Darkrai|Darkrai|6/100 tox
|turn|28
|
|t:|1758256315
|move|p2a: Blaziken|Temper Flare|p1a: Darkrai
|-damage|p1a: Darkrai|0 fnt
|faint|p1a: Darkrai
|
|-ability|p2a: Blaziken|Speed Boost|boost
|-boost|p2a: Blaziken|spe|1
|upkeep
|
|t:|1758256319
|switch|p1a: Kingambit|Kingambit, M|100/100
|-activate|p1a: Kingambit|ability: Supreme Overlord
|-start|p1a: Kingambit|fallen5|[silent]
|turn|29
|
|t:|1758256325
|-terastallize|p1a: Kingambit|Fairy
|move|p2a: Blaziken|Close Combat|p1a: Kingambit
|-resisted|p1a: Kingambit
|-damage|p1a: Kingambit|61/100
|-unboost|p2a: Blaziken|def|1
|-unboost|p2a: Blaziken|spd|1
|move|p1a: Kingambit|Kowtow Cleave|p2a: Blaziken
|-resisted|p2a: Blaziken
|-damage|p2a: Blaziken|0 fnt
|faint|p2a: Blaziken
|
|win|KiddKurisu
|raw|KiddKurisu's rating: 1316 &rarr; <strong>1337</strong><br />(+21 for winning)
|raw|BlueDash's rating: 1340 &rarr; <strong>1319</strong><br />(-21 for losing)
|l|☆BlueDash
|player|p2|
|l|☆KiddKurisu
|player|p1|
