|j|☆D tha god
|j|☆sailormooo
|t:|1758258726
|gametype|singles
|player|p1|D tha god|volkner|1094
|player|p2|sailormooo|whitney|1117
|gen|9
|tier|[Gen 9] OU
|rated|
|rule|HP Percentage Mod: HP is shown in percentages
|rule|Endless Battle Clause: Forcing endless battles is banned
|rule|Species Clause: Limit one of each Pokémon
|rule|OHKO Clause: OHKO moves are banned
|rule|Evasion Items Clause: Evasion items are banned
|rule|Evasion Moves Clause: Evasion moves are banned
|rule|Evasion Abilities Clause: Evasion abilities are banned
|rule|Sleep Moves Clause: Sleep-inducing moves are banned
|clearpoke
|poke|p1|Maushold-Four|
|poke|p1|Zapdos-Galar|
|poke|p1|Iron Moth|
|poke|p1|Cinderace, F|
|poke|p1|Avalugg, M|
|poke|p1|Gallade, M|
|poke|p2|Maushold-Four|
|poke|p2|Zoroark-Hisui, F|
|poke|p2|Ursaluna, F|
|poke|p2|Ditto|
|poke|p2|Arboliva, F|
|poke|p2|Meloetta|
|teampreview
|inactive|Battle timer is ON: inactive players will automatically lose when time's up. (requested by sailormooo)
|inactive|D tha god also wants the timer to be on.
|inactive|D tha god has 120 seconds left.
|
|t:|1758258775
|teamsize|p1|6
|teamsize|p2|6
|start
|switch|p1a: Iron Moth|Iron Moth|100/100
|switch|p2a: Pocahontas|Arboliva, F, shiny|100/100
|-enditem|p1a: Iron Moth|Booster Energy
|-activate|p1a: Iron Moth|ability: Quark Drive|[fromitem]
|-start|p1a: Iron Moth|quarkdrivespe
|turn|1
|inactive|D tha god has 120 seconds left.
|
|t:|1758258832
|move|p1a: Iron Moth|Fiery Dance|p2a: Pocahontas
|-supereffective|p2a: Pocahontas
|-damage|p2a: Pocahontas|49/100
|-enditem|p2a: Pocahontas|Sitrus Berry|[eat]
|-heal|p2a: Pocahontas|73/100|[from] item: Sitrus Berry
|move|p2a: Pocahontas|Leech Seed|p1a: Iron Moth
|-start|p1a: Iron Moth|move: Leech Seed
|
|-damage|p1a: Iron Moth|88/100|[from] Leech Seed|[of] p2a: Pocahontas
|-heal|p2a: Pocahontas|84/100|[silent]
|-item|p2a: Pocahontas|Sitrus Berry|[from] ability: Harvest
|upkeep
|turn|2
|
|t:|1758258844
|move|p2a: Pocahontas|Protect|p2a: Pocahontas
|-singleturn|p2a: Pocahontas|Protect
|move|p1a: Iron Moth|Fiery Dance|p2a: Pocahontas
|-activate|p2a: Pocahontas|move: Protect
|
|-damage|p1a: Iron Moth|76/100|[from] Leech Seed|[of] p2a: Pocahontas
|-heal|p2a: Pocahontas|94/100|[silent]
|upkeep
|turn|3
|
|t:|1758258852
|move|p1a: Iron Moth|Fiery Dance|p2a: Pocahontas
|-supereffective|p2a: Pocahontas
|-damage|p2a: Pocahontas|42/100
|-enditem|p2a: Pocahontas|Sitrus Berry|[eat]
|-heal|p2a: Pocahontas|67/100|[from] item: Sitrus Berry
|move|p2a: Pocahontas|Earth Power|p1a: Iron Moth
|-supereffective|p1a: Iron Moth
|-damage|p1a: Iron Moth|0 fnt
|faint|p1a: Iron Moth
|-end|p1a: Iron Moth|Quark Drive|[silent]
|
|-item|p2a: Pocahontas|Sitrus Berry|[from] ability: Harvest
|upkeep
|
|t:|1758258864
|switch|p1a: Gallade|Gallade, M|100/100
|turn|4
|
|t:|1758258869
|move|p1a: Gallade|Agility|p1a: Gallade
|-boost|p1a: Gallade|spe|2
|move|p2a: Pocahontas|Leech Seed|p1a: Gallade
|-start|p1a: Gallade|move: Leech Seed
|
|-damage|p1a: Gallade|88/100|[from] Leech Seed|[of] p2a: Pocahontas
|-heal|p2a: Pocahontas|77/100|[silent]
|upkeep
|turn|5
|
|t:|1758258879
|move|p2a: Pocahontas|Protect|p2a: Pocahontas
|-singleturn|p2a: Pocahontas|Protect
|move|p1a: Gallade|Sacred Sword|p2a: Pocahontas
|-activate|p2a: Pocahontas|move: Protect
|
|-damage|p1a: Gallade|76/100|[from] Leech Seed|[of] p2a: Pocahontas
|-heal|p2a: Pocahontas|86/100|[silent]
|upkeep
|turn|6
|
|t:|1758258890
|switch|p2a: Cinderella|Maushold-Four, shiny|100/100
|move|p1a: Gallade|Night Slash|p2a: Cinderella
|-supereffective|p2a: Cinderella
|-enditem|p2a: Cinderella|Focus Sash
|-damage|p2a: Cinderella|1/100
|replace|p2a: Belle|Zoroark-Hisui, F, shiny
|-end|p2a: Belle|Illusion
|
|-damage|p1a: Gallade|64/100|[from] Leech Seed|[of] p2a: Belle
|-heal|p2a: Belle|14/100|[silent]
|upkeep
|turn|7
|
|t:|1758258902
|move|p1a: Gallade|Night Slash|p2a: Belle
|-supereffective|p2a: Belle
|-damage|p2a: Belle|0 fnt
|faint|p2a: Belle
|
|upkeep
|
|t:|1758258906
|switch|p2a: Ariel|Ditto, shiny|100/100
|-transform|p2a: Ariel|p1a: Gallade|[from] ability: Imposter
|turn|8
|
|t:|1758258913
|move|p2a: Ariel|Psycho Cut|p1a: Gallade
|-damage|p1a: Gallade|0 fnt
|faint|p1a: Gallade
|
|upkeep
|
|t:|1758258923
|switch|p1a: Cinderace|Cinderace, F|100/100
|turn|9
|
|t:|1758258929
|move|p2a: Ariel|Psycho Cut|p1a: Cinderace
|-damage|p1a: Cinderace|18/100
|move|p1a: Cinderace|Pyro Ball|p2a: Ariel
|-damage|p2a: Ariel|0 fnt
|faint|p2a: Ariel
|
|upkeep
|
|t:|1758258933
|switch|p2a: Merida|Ursaluna, F, shiny|100/100
|turn|10
|
|t:|1758258939
|move|p1a: Cinderace|High Jump Kick|p2a: Merida
|-start|p1a: Cinderace|typechange|Fighting|[from] ability: Libero
|-supereffective|p2a: Merida
|-damage|p2a: Merida|3/100
|move|p2a: Merida|Gunk Shot|p1a: Cinderace
|-damage|p1a: Cinderace|0 fnt
|faint|p1a: Cinderace
|
|-status|p2a: Merida|brn|[from] item: Flame Orb
|upkeep
|inactive|D tha god has 120 seconds left.
|
|t:|1758258951
|switch|p1a: Maushold|Maushold-Four|100/100
|turn|11
|
|t:|1758258960
|-terastallize|p1a: Maushold|Normal
|move|p1a: Maushold|Population Bomb|p2a: Merida
|-damage|p2a: Merida|0 fnt
|faint|p2a: Merida
|-hitcount|p2: Merida|1
|
|upkeep
|
|t:|1758258968
|switch|p2a: Cinderella|Maushold-Four, shiny|100/100
|turn|12
|
|t:|1758258972
|-terastallize|p2a: Cinderella|Ghost
|move|p1a: Maushold|Population Bomb|p2a: Cinderella
|-immune|p2a: Cinderella
|move|p2a: Cinderella|Tidy Up|p2a: Cinderella
|-boost|p2a: Cinderella|atk|1
|-boost|p2a: Cinderella|spe|1
|
|upkeep
|turn|13
|
|t:|1758258983
|switch|p1a: Zapdos|Zapdos-Galar|100/100
|move|p2a: Cinderella|Population Bomb|p1a: Zapdos
|-damage|p1a: Zapdos|80/100
|-damage|p1a: Zapdos|62/100
|-damage|p1a: Zapdos|43/100
|-damage|p1a: Zapdos|24/100
|-damage|p1a: Zapdos|7/100
|-damage|p1a: Zapdos|0 fnt
|faint|p1a: Zapdos
|-hitcount|p1: Zapdos|6
|
|upkeep
|-message|D tha god forfeited.
|
|win|sailormooo
|raw|D tha god's rating: 1094 &rarr; <strong>1071</strong><br />(-23 for losing)
|raw|sailormooo's rating: 1117 &rarr; <strong>1140</strong><br />(+23 for winning)
|l|☆D tha god
|player|p1|
|l|☆sailormooo
|player|p2|
