|j|☆tatak999
|j|☆zticma
|t:|1758255080
|gametype|singles
|player|p1|tatak999|marlon|1258
|player|p2|zticma|169|1327
|gen|9
|tier|[Gen 9] OU
|rated|
|rule|HP Percentage Mod: HP is shown in percentages
|rule|Endless Battle Clause: Forcing endless battles is banned
|rule|Species Clause: Limit one of each Pokémon
|rule|OHKO Clause: OHKO moves are banned
|rule|Evasion Items Clause: Evasion items are banned
|rule|Evasion Moves Clause: Evasion moves are banned
|rule|Evasion Abilities Clause: Evasion abilities are banned
|rule|Sleep Moves Clause: Sleep-inducing moves are banned
|clearpoke
|poke|p1|Meowscarada, M|
|poke|p1|Kingambit, F|
|poke|p1|Dragonite, M|
|poke|p1|Slowking, M|
|poke|p1|Cinderace, M|
|poke|p1|Great Tusk|
|poke|p2|Dondozo, F|
|poke|p2|Umbreon, F|
|poke|p2|Corviknight, F|
|poke|p2|Cinderace, F|
|poke|p2|Deoxys-Speed|
|poke|p2|Hoopa-Unbound|
|teampreview
|inactive|Battle timer is ON: inactive players will automatically lose when time's up. (requested by zticma)
|inactive|tatak999 also wants the timer to be on.
|
|t:|1758255089
|teamsize|p1|6
|teamsize|p2|6
|start
|switch|p1a: Meowscarada|Meowscarada, M, shiny|100/100
|switch|p2a: Cinderace|Cinderace, F|100/100
|turn|1
|
|t:|1758255093
|switch|p2a: Corviknight|Corviknight, F|100/100
|-ability|p2a: Corviknight|Pressure
|move|p1a: Meowscarada|U-turn|p2a: Corviknight
|-start|p1a: Meowscarada|typechange|Bug|[from] ability: Protean
|-resisted|p2a: Corviknight
|-damage|p2a: Corviknight|95/100
|-damage|p1a: Meowscarada|84/100|[from] item: Rocky Helmet|[of] p2a: Corviknight
|
|t:|1758255099
|switch|p1a: Cinderace|Cinderace, M, shiny|100/100|[from] U-turn
|
|upkeep
|turn|2
|
|t:|1758255106
|switch|p2a: Dondozo|Dondozo, F|100/100
|move|p1a: Cinderace|U-turn|p2a: Dondozo
|-damage|p2a: Dondozo|92/100
|
|t:|1758255109
|switch|p1a: Meowscarada|Meowscarada, M, shiny|84/100|[from] U-turn
|
|-heal|p2a: Dondozo|98/100|[from] item: Leftovers
|upkeep
|turn|3
|
|t:|1758255115
|switch|p2a: Corviknight|Corviknight, F|95/100
|-ability|p2a: Corviknight|Pressure
|move|p1a: Meowscarada|Trick|p2a: Corviknight
|-start|p1a: Meowscarada|typechange|Psychic|[from] ability: Protean
|-activate|p1a: Meowscarada|move: Trick|[of] p2a: Corviknight
|-item|p2a: Corviknight|Choice Scarf|[from] move: Trick
|-item|p1a: Meowscarada|Rocky Helmet|[from] move: Trick
|
|upkeep
|turn|4
|
|t:|1758255125
|move|p1a: Meowscarada|U-turn|p2a: Corviknight
|-resisted|p2a: Corviknight
|-damage|p2a: Corviknight|92/100
|
|t:|1758255129
|switch|p1a: Cinderace|Cinderace, M, shiny|100/100|[from] U-turn
|move|p2a: Corviknight|U-turn|p1a: Cinderace
|-resisted|p1a: Cinderace
|-damage|p1a: Cinderace|91/100
|
|t:|1758255133
|switch|p2a: Dondozo|Dondozo, F|98/100|[from] U-turn
|
|-heal|p2a: Dondozo|100/100|[from] item: Leftovers
|upkeep
|turn|5
|
|t:|1758255144
|move|p1a: Cinderace|Will-O-Wisp|p2a: Dondozo
|-status|p2a: Dondozo|brn
|move|p2a: Dondozo|Curse|p2a: Dondozo
|-unboost|p2a: Dondozo|spe|1
|-boost|p2a: Dondozo|atk|1
|-boost|p2a: Dondozo|def|1
|
|-damage|p2a: Dondozo|94/100 brn|[from] brn
|upkeep
|turn|6
|
|t:|1758255149
|move|p1a: Cinderace|U-turn|p2a: Dondozo
|-damage|p2a: Dondozo|88/100 brn
|
|t:|1758255151
|switch|p1a: Meowscarada|Meowscarada, M, shiny|84/100|[from] U-turn
|move|p2a: Dondozo|Rest|p2a: Dondozo
|-status|p2a: Dondozo|slp|[from] move: Rest
|-heal|p2a: Dondozo|100/100 slp|[silent]
|
|upkeep
|turn|7
|
|t:|1758255155
|move|p1a: Meowscarada|Flower Trick|p2a: Dondozo
|-start|p1a: Meowscarada|typechange|Grass|[from] ability: Protean
|-supereffective|p2a: Dondozo
|-crit|p2a: Dondozo
|-damage|p2a: Dondozo|51/100 slp
|cant|p2a: Dondozo|slp
|move|p2a: Dondozo|Sleep Talk|p2a: Dondozo
|move|p2a: Dondozo|Curse|p2a: Dondozo|[from] move: Sleep Talk
|-unboost|p2a: Dondozo|spe|1
|-boost|p2a: Dondozo|atk|1
|-boost|p2a: Dondozo|def|1
|
|-heal|p2a: Dondozo|57/100 slp|[from] item: Leftovers
|upkeep
|turn|8
|
|t:|1758255172
|-terastallize|p2a: Dondozo|Dragon
|move|p1a: Meowscarada|Knock Off|p2a: Dondozo
|-damage|p2a: Dondozo|50/100 slp
|-enditem|p2a: Dondozo|Leftovers|[from] move: Knock Off|[of] p1a: Meowscarada
|cant|p2a: Dondozo|slp
|move|p2a: Dondozo|Sleep Talk|p2a: Dondozo
|move|p2a: Dondozo|Wave Crash|p1a: Meowscarada|[from] move: Sleep Talk
|-resisted|p1a: Meowscarada
|-damage|p1a: Meowscarada|21/100
|-damage|p2a: Dondozo|34/100 slp|[from] item: Rocky Helmet|[of] p1a: Meowscarada
|-damage|p2a: Dondozo|21/100 slp|[from] Recoil
|
|upkeep
|turn|9
|
|t:|1758255183
|move|p1a: Meowscarada|Flower Trick|p2a: Dondozo
|-resisted|p2a: Dondozo
|-crit|p2a: Dondozo
|-damage|p2a: Dondozo|10/100 slp
|-curestatus|p2a: Dondozo|slp|[msg]
|move|p2a: Dondozo|Rest|p2a: Dondozo
|-status|p2a: Dondozo|slp|[from] move: Rest
|-heal|p2a: Dondozo|100/100 slp|[silent]
|
|upkeep
|turn|10
|
|t:|1758255189
|switch|p1a: Slowking|Slowking, M, shiny|100/100
|cant|p2a: Dondozo|slp
|move|p2a: Dondozo|Sleep Talk|p2a: Dondozo
|move|p2a: Dondozo|Curse|p2a: Dondozo|[from] move: Sleep Talk
|-unboost|p2a: Dondozo|spe|1
|-boost|p2a: Dondozo|atk|1
|-boost|p2a: Dondozo|def|1
|
|upkeep
|turn|11
|
|t:|1758255197
|move|p1a: Slowking|Future Sight|p2a: Dondozo
|-start|p1a: Slowking|move: Future Sight
|cant|p2a: Dondozo|slp
|move|p2a: Dondozo|Sleep Talk|p2a: Dondozo
|move|p2a: Dondozo|Curse|p2a: Dondozo|[from] move: Sleep Talk
|-unboost|p2a: Dondozo|spe|1
|-boost|p2a: Dondozo|atk|1
|-boost|p2a: Dondozo|def|1
|
|upkeep
|turn|12
|
|t:|1758255204
|move|p1a: Slowking|Psychic|p2a: Dondozo
|-damage|p2a: Dondozo|76/100 slp
|-curestatus|p2a: Dondozo|slp|[msg]
|move|p2a: Dondozo|Wave Crash|p1a: Slowking
|-resisted|p1a: Slowking
|-damage|p1a: Slowking|38/100
|-damage|p2a: Dondozo|59/100|[from] Recoil
|
|upkeep
|turn|13
|
|t:|1758255214
|move|p1a: Slowking|Psychic|p2a: Dondozo
|-damage|p2a: Dondozo|31/100
|move|p2a: Dondozo|Rest|p2a: Dondozo
|-status|p2a: Dondozo|slp|[from] move: Rest
|-heal|p2a: Dondozo|100/100 slp|[silent]
|
|-end|p2a: Dondozo|move: Future Sight
|-damage|p2a: Dondozo|67/100 slp
|upkeep
|turn|14
|
|t:|1758255220
|move|p1a: Slowking|Psychic|p2a: Dondozo
|-damage|p2a: Dondozo|42/100 slp
|cant|p2a: Dondozo|slp
|move|p2a: Dondozo|Sleep Talk|p2a: Dondozo
|move|p2a: Dondozo|Wave Crash|p1a: Slowking|[from] move: Sleep Talk
|-resisted|p1a: Slowking
|-damage|p1a: Slowking|0 fnt
|faint|p1a: Slowking
|-damage|p2a: Dondozo|32/100 slp|[from] Recoil
|
|upkeep
|
|t:|1758255230
|switch|p1a: Meowscarada|Meowscarada, M, shiny|21/100
|turn|15
|
|t:|1758255236
|move|p1a: Meowscarada|Flower Trick|p2a: Dondozo
|-start|p1a: Meowscarada|typechange|Grass|[from] ability: Protean
|-resisted|p2a: Dondozo
|-crit|p2a: Dondozo
|-damage|p2a: Dondozo|20/100 slp
|cant|p2a: Dondozo|slp
|move|p2a: Dondozo|Sleep Talk|p2a: Dondozo
|move|p2a: Dondozo|Wave Crash|p1a: Meowscarada|[from] move: Sleep Talk
|-resisted|p1a: Meowscarada
|-damage|p1a: Meowscarada|0 fnt
|-damage|p2a: Dondozo|3/100 slp|[from] item: Rocky Helmet|[of] p1a: Meowscarada
|faint|p1a: Meowscarada
|-damage|p2a: Dondozo|0 fnt|[from] Recoil
|faint|p2a: Dondozo
|
|upkeep
|inactive|zticma has 120 seconds left.
|
|t:|1758255277
|switch|p1a: Dragonite|Dragonite, M, shiny|100/100
|switch|p2a: Hoopa|Hoopa-Unbound|100/100
|turn|16
|
|t:|1758255285
|move|p2a: Hoopa|Dark Pulse|p1a: Dragonite
|-damage|p1a: Dragonite|60/100
|move|p1a: Dragonite|Earthquake|p2a: Hoopa
|-damage|p2a: Hoopa|7/100
|
|upkeep
|turn|17
|
|t:|1758255292
|switch|p2a: Corviknight|Corviknight, F|92/100
|-ability|p2a: Corviknight|Pressure
|move|p1a: Dragonite|Earthquake|p2a: Corviknight
|-immune|p2a: Corviknight
|
|upkeep
|turn|18
|
|t:|1758255301
|move|p1a: Dragonite|Earthquake|p2a: Corviknight
|-immune|p2a: Corviknight
|move|p2a: Corviknight|U-turn|p1a: Dragonite
|-resisted|p1a: Dragonite
|-damage|p1a: Dragonite|52/100
|
|t:|1758255315
|switch|p2a: Hoopa|Hoopa-Unbound|7/100|[from] U-turn
|
|upkeep
|turn|19
|c|☆tatak999|i thought corv wud be faster lol
|
|t:|1758255325
|move|p2a: Hoopa|Dark Pulse|p1a: Dragonite
|-damage|p1a: Dragonite|0 fnt
|faint|p1a: Dragonite
|
|upkeep
|
|t:|1758255329
|switch|p1a: Kingambit|Kingambit, F, shiny|100/100
|-activate|p1a: Kingambit|ability: Supreme Overlord
|-start|p1a: Kingambit|fallen3|[silent]
|turn|20
|
|t:|1758255334
|move|p1a: Kingambit|Sucker Punch|p2a: Hoopa
|-damage|p2a: Hoopa|0 fnt
|faint|p2a: Hoopa
|
|upkeep
|
|t:|1758255341
|switch|p2a: Cinderace|Cinderace, F|100/100
|turn|21
|
|t:|1758255344
|-terastallize|p1a: Kingambit|Fire
|move|p2a: Cinderace|Pyro Ball|p1a: Kingambit
|-resisted|p1a: Kingambit
|-damage|p1a: Kingambit|68/100
|move|p1a: Kingambit|Swords Dance|p1a: Kingambit
|-boost|p1a: Kingambit|atk|2
|
|-heal|p1a: Kingambit|74/100|[from] item: Leftovers
|upkeep
|turn|22
|
|t:|1758255349
|switch|p2a: Corviknight|Corviknight, F|92/100
|-ability|p2a: Corviknight|Pressure
|move|p1a: Kingambit|Sucker Punch||[still]
|-fail|p1a: Kingambit
|
|-heal|p1a: Kingambit|80/100|[from] item: Leftovers
|upkeep
|turn|23
|
|t:|1758255356
|move|p2a: Corviknight|Brave Bird|p1a: Kingambit
|-damage|p1a: Kingambit|51/100
|-damage|p2a: Corviknight|82/100|[from] Recoil
|move|p1a: Kingambit|Kowtow Cleave|p2a: Corviknight
|-damage|p2a: Corviknight|10/100
|
|-heal|p1a: Kingambit|57/100|[from] item: Leftovers
|upkeep
|turn|24
|
|t:|1758255361
|move|p2a: Corviknight|Brave Bird|p1a: Kingambit
|-damage|p1a: Kingambit|29/100
|-damage|p2a: Corviknight|0 fnt|[from] Recoil
|faint|p2a: Corviknight
|move|p1a: Kingambit|Swords Dance|p1a: Kingambit
|-boost|p1a: Kingambit|atk|2
|
|-heal|p1a: Kingambit|35/100|[from] item: Leftovers
|upkeep
|
|t:|1758255363
|switch|p2a: Umbreon|Umbreon, F|100/100
|turn|25
|
|t:|1758255365
|move|p2a: Umbreon|Foul Play|p1a: Kingambit
|-damage|p1a: Kingambit|0 fnt
|faint|p1a: Kingambit
|-end|p1a: Kingambit|fallen3|[silent]
|
|upkeep
|
|t:|1758255376
|switch|p1a: Cinderace|Cinderace, M, shiny|91/100
|turn|26
|
|t:|1758255382
|move|p1a: Cinderace|Pyro Ball|p2a: Umbreon
|-damage|p2a: Umbreon|60/100
|move|p2a: Umbreon|Toxic|p1a: Cinderace
|-status|p1a: Cinderace|tox
|
|-heal|p2a: Umbreon|66/100|[from] item: Leftovers
|-damage|p1a: Cinderace|85/100 tox|[from] psn
|upkeep
|turn|27
|
|t:|1758255394
|move|p1a: Cinderace|U-turn|p2a: Umbreon
|-supereffective|p2a: Umbreon
|-damage|p2a: Umbreon|37/100
|
|t:|1758255396
|switch|p1a: Great Tusk|Great Tusk, shiny|100/100|[from] U-turn
|move|p2a: Umbreon|Wish|p2a: Umbreon
|
|-heal|p2a: Umbreon|43/100|[from] item: Leftovers
|upkeep
|turn|28
|
|t:|1758255404
|move|p2a: Umbreon|Protect|p2a: Umbreon
|-singleturn|p2a: Umbreon|Protect
|move|p1a: Great Tusk|Knock Off|p2a: Umbreon
|-activate|p2a: Umbreon|move: Protect
|
|-heal|p2a: Umbreon|93/100|[from] move: Wish|[wisher] Umbreon
|-heal|p2a: Umbreon|99/100|[from] item: Leftovers
|upkeep
|turn|29
|
|t:|1758255414
|move|p1a: Great Tusk|Knock Off|p2a: Umbreon
|-resisted|p2a: Umbreon
|-damage|p2a: Umbreon|88/100
|-enditem|p2a: Umbreon|Leftovers|[from] move: Knock Off|[of] p1a: Great Tusk
|move|p2a: Umbreon|Toxic|p1a: Great Tusk
|-status|p1a: Great Tusk|tox
|
|-damage|p1a: Great Tusk|94/100 tox|[from] psn
|upkeep
|turn|30
|
|t:|1758255419
|move|p1a: Great Tusk|Earthquake|p2a: Umbreon
|-crit|p2a: Umbreon
|-damage|p2a: Umbreon|40/100
|move|p2a: Umbreon|Wish|p2a: Umbreon
|
|-damage|p1a: Great Tusk|82/100 tox|[from] psn
|upkeep
|turn|31
|-message|tatak999 forfeited.
|
|win|zticma
|raw|tatak999's rating: 1258 &rarr; <strong>1238</strong><br />(-20 for losing)
|raw|zticma's rating: 1327 &rarr; <strong>1343</strong><br />(+16 for winning)
|l|☆tatak999
|player|p1|
|l|☆zticma
|player|p2|
