|j|☆Galvano611
|j|☆Duckular
|t:|1758325248
|gametype|singles
|player|p1|Galvano611|2|1036
|player|p2|Duckular|2|1011
|gen|9
|tier|[Gen 9] OU
|rated|
|rule|HP Percentage Mod: HP is shown in percentages
|rule|Endless Battle Clause: Forcing endless battles is banned
|rule|Species Clause: Limit one of each Pokémon
|rule|OHKO Clause: OHKO moves are banned
|rule|Evasion Items Clause: Evasion items are banned
|rule|Evasion Moves Clause: Evasion moves are banned
|rule|Evasion Abilities Clause: Evasion abilities are banned
|rule|Sleep Moves Clause: Sleep-inducing moves are banned
|clearpoke
|poke|p1|Galvantula, M|
|poke|p1|Arcanine-Hisui, M|
|poke|p1|Mamoswine, F|
|poke|p1|Tentacruel, M|
|poke|p1|Bronzong|
|poke|p1|Breloom, F|
|poke|p2|Ludicolo, F|
|poke|p2|Clodsire, F|
|poke|p2|Whimsicott, F|
|poke|p2|Delibird, M|
|poke|p2|Sudowoodo, M|
|poke|p2|Bellibolt, F|
|teampreview
|inactive|Battle timer is ON: inactive players will automatically lose when time's up. (requested by Duckular)
|
|t:|1758325255
|teamsize|p1|6
|teamsize|p2|6
|start
|switch|p1a: Spark|Galvantula, M|100/100
|switch|p2a: CALA|Whimsicott, F|100/100
|-item|p2a: CALA|Air Balloon
|turn|1
|l|☆Duckular
|inactive|Duckular disconnected and has a minute to reconnect!
|player|p2|
|
|t:|1758325268
|move|p2a: CALA|Taunt|p1a: Spark
|-start|p1a: Spark|move: Taunt
|move|p1a: Spark|Bug Buzz|p2a: CALA
|-damage|p2a: CALA|50/100
|-enditem|p2a: CALA|Air Balloon
|
|upkeep
|turn|2
|j|☆Duckular
|inactive|Duckular reconnected and has 150 seconds left.
|player|p2|Duckular|2|
|
|t:|1758325281
|move|p2a: CALA|Tailwind|p2a: CALA
|-sidestart|p2: Duckular|move: Tailwind
|move|p1a: Spark|Bug Buzz|p2a: CALA
|-damage|p2a: CALA|0 fnt
|faint|p2a: CALA
|
|upkeep
|
|t:|1758325283
|switch|p2a: TREE|Sudowoodo, M|100/100
|turn|3
|
|t:|1758325295
|move|p1a: Spark|Energy Ball|p2a: TREE
|-supereffective|p2a: TREE
|-crit|p2a: TREE
|-damage|p2a: TREE|0 fnt
|faint|p2a: TREE
|
|-end|p1a: Spark|move: Taunt
|upkeep
|
|t:|1758325303
|switch|p2a: SIRE CLOD|Clodsire, F|100/100
|turn|4
|
|t:|1758325310
|switch|p1a: Manny|Mamoswine, F|100/100
|move|p2a: SIRE CLOD|Earthquake|p1a: Manny
|-damage|p1a: Manny|53/100
|-damage|p2a: SIRE CLOD|91/100|[from] item: Life Orb
|
|-heal|p1a: Manny|59/100|[from] item: Leftovers
|upkeep
|turn|5
|
|t:|1758325318
|move|p2a: SIRE CLOD|Liquidation|p1a: Manny
|-supereffective|p1a: Manny
|-damage|p1a: Manny|5/100
|-damage|p2a: SIRE CLOD|81/100|[from] item: Life Orb
|move|p1a: Manny|Earthquake|p2a: SIRE CLOD
|-supereffective|p2a: SIRE CLOD
|-damage|p2a: SIRE CLOD|0 fnt
|faint|p2a: SIRE CLOD
|
|-heal|p1a: Manny|11/100|[from] item: Leftovers
|-sideend|p2: Duckular|move: Tailwind
|upkeep
|
|t:|1758325322
|switch|p2a: DUCKULAR|Ludicolo, F|100/100
|turn|6
|
|t:|1758325349
|move|p2a: DUCKULAR|Surf|p1a: Manny
|-supereffective|p1a: Manny
|-damage|p1a: Manny|0 fnt
|faint|p1a: Manny
|
|upkeep
|
|t:|1758325353
|switch|p1a: Spark|Galvantula, M|100/100
|turn|7
|
|t:|1758325357
|move|p2a: DUCKULAR|Surf|p1a: Spark
|-damage|p1a: Spark|25/100
|move|p1a: Spark|Bug Buzz|p2a: DUCKULAR
|-supereffective|p2a: DUCKULAR
|-damage|p2a: DUCKULAR|0 fnt
|faint|p2a: DUCKULAR
|
|upkeep
|
|t:|1758325361
|switch|p2a: DELIBIRD HEART|Delibird, M|100/100
|turn|8
|
|t:|1758325368
|move|p1a: Spark|Thunder|p2a: DELIBIRD HEART
|-supereffective|p2a: DELIBIRD HEART
|-enditem|p2a: DELIBIRD HEART|Focus Sash
|-damage|p2a: DELIBIRD HEART|1/100
|-status|p2a: DELIBIRD HEART|par
|move|p2a: DELIBIRD HEART|Rapid Spin|p1a: Spark
|-damage|p1a: Spark|14/100
|-boost|p2a: DELIBIRD HEART|spe|1
|
|upkeep
|turn|9
|inactive|Galvano611 has 120 seconds left.
|
|t:|1758325403
|move|p1a: Spark|Thunder|p2a: DELIBIRD HEART
|-supereffective|p2a: DELIBIRD HEART
|-damage|p2a: DELIBIRD HEART|0 fnt
|faint|p2a: DELIBIRD HEART
|
|upkeep
|l|☆Duckular
|inactive|Duckular disconnected and has a minute to reconnect!
|player|p2|
|j|☆Duckular
|inactive|Duckular reconnected and has 145 seconds left.
|player|p2|Duckular|2|
|
|t:|1758325414
|switch|p2a: SPOOK|Bellibolt, F|100/100
|turn|10
|
|t:|1758325419
|switch|p1a: Loomer|Breloom, F|100/100
|move|p2a: SPOOK|Parabolic Charge|p1a: Loomer
|-resisted|p1a: Loomer
|-damage|p1a: Loomer|66/100
|
|upkeep
|turn|11
|
|t:|1758325426
|-terastallize|p2a: SPOOK|Fairy
|move|p1a: Loomer|Leech Seed|p2a: SPOOK
|-start|p2a: SPOOK|move: Leech Seed
|move|p2a: SPOOK|Tera Blast|p1a: Loomer|[anim] Tera Blast Fairy
|-supereffective|p1a: Loomer
|-damage|p1a: Loomer|0 fnt
|faint|p1a: Loomer
|
|upkeep
|
|t:|1758325435
|switch|p1a: Bronz|Bronzong|100/100
|turn|12
|
|t:|1758325439
|move|p2a: SPOOK|Muddy Water|p1a: Bronz
|-damage|p1a: Bronz|74/100
|move|p1a: Bronz|Iron Defense|p1a: Bronz
|-boost|p1a: Bronz|def|2
|
|-damage|p2a: SPOOK|88/100|[from] Leech Seed|[of] p1a: Bronz
|-heal|p1a: Bronz|92/100|[silent]
|upkeep
|turn|13
|
|t:|1758325449
|move|p2a: SPOOK|Muddy Water|p1a: Bronz
|-damage|p1a: Bronz|65/100
|move|p1a: Bronz|Gyro Ball|p2a: SPOOK
|-supereffective|p2a: SPOOK
|-damage|p2a: SPOOK|62/100
|-start|p2a: SPOOK|Charge|Gyro Ball|[from] ability: Electromorphosis
|
|-damage|p2a: SPOOK|50/100|[from] Leech Seed|[of] p1a: Bronz
|-heal|p1a: Bronz|84/100|[silent]
|upkeep
|turn|14
|l|☆Duckular
|inactive|Duckular disconnected and has a minute to reconnect!
|player|p2|
|
|t:|1758325459
|move|p2a: SPOOK|Muddy Water|p1a: Bronz
|-damage|p1a: Bronz|58/100
|move|p1a: Bronz|Future Sight|p2a: SPOOK
|-start|p1a: Bronz|move: Future Sight
|
|-damage|p2a: SPOOK|37/100|[from] Leech Seed|[of] p1a: Bronz
|-heal|p1a: Bronz|77/100|[silent]
|upkeep
|turn|15
|j|☆Duckular
|inactive|Duckular reconnected and has 150 seconds left.
|player|p2|Duckular|2|
|
|t:|1758325470
|move|p2a: SPOOK|Muddy Water|p1a: Bronz
|-damage|p1a: Bronz|51/100
|move|p1a: Bronz|Iron Defense|p1a: Bronz
|-boost|p1a: Bronz|def|2
|
|-damage|p2a: SPOOK|25/100|[from] Leech Seed|[of] p1a: Bronz
|-heal|p1a: Bronz|70/100|[silent]
|upkeep
|turn|16
|
|t:|1758325483
|move|p2a: SPOOK|Muddy Water|p1a: Bronz
|-damage|p1a: Bronz|42/100
|move|p1a: Bronz|Gyro Ball|p2a: SPOOK
|-supereffective|p2a: SPOOK
|-damage|p2a: SPOOK|1/100
|-start|p2a: SPOOK|Charge|Gyro Ball|[from] ability: Electromorphosis
|
|-end|p2a: SPOOK|move: Future Sight
|-damage|p2a: SPOOK|0 fnt
|faint|p2a: SPOOK
|
|win|Galvano611
|raw|Galvano611's rating: 1036 &rarr; <strong>1068</strong><br />(+32 for winning)
|raw|Duckular's rating: 1011 &rarr; <strong>1000</strong><br />(-11 for losing)
