|j|☆Sumoterminator
|j|☆Modgrols
|t:|1758236397
|gametype|singles
|player|p1|Sumoterminator|fisherman-gen4|1173
|player|p2|Modgrols|scientist-gen4dp|1260
|gen|9
|tier|[Gen 9] OU
|rated|
|rule|HP Percentage Mod: HP is shown in percentages
|rule|Endless Battle Clause: Forcing endless battles is banned
|rule|Species Clause: Limit one of each Pokémon
|rule|OHKO Clause: OHKO moves are banned
|rule|Evasion Items Clause: Evasion items are banned
|rule|Evasion Moves Clause: Evasion moves are banned
|rule|Evasion Abilities Clause: Evasion abilities are banned
|rule|Sleep Moves Clause: Sleep-inducing moves are banned
|clearpoke
|poke|p1|Toxicroak, F|
|poke|p1|Pelipper, F|
|poke|p1|Quaquaval, F|
|poke|p1|Barraskewda, M|
|poke|p1|Zapdos|
|poke|p1|Raging Bolt|
|poke|p2|Electrode-Hisui|
|poke|p2|Gallade, M|
|poke|p2|Slowking-Galar, M|
|poke|p2|Alomomola, F|
|poke|p2|Great Tusk|
|poke|p2|Landorus-Therian, M|
|teampreview
|inactive|Battle timer is ON: inactive players will automatically lose when time's up. (requested by Sumoterminator)
|
|t:|1758236401
|teamsize|p1|6
|teamsize|p2|6
|start
|switch|p1a: Pelipper|Pelipper, F|100/100
|switch|p2a: Slowking|Slowking-Galar, M|100/100
|-weather|RainDance|[from] ability: Drizzle|[of] p1a: Pelipper
|turn|1
|
|t:|1758236409
|move|p1a: Pelipper|U-turn|p2a: Slowking
|-damage|p2a: Slowking|92/100
|
|t:|1758236412
|switch|p1a: Toxicroak|Toxicroak, F|100/100|[from] U-turn
|-prepare|p2a: Slowking|Chilly Reception|[premajor]
|move|p2a: Slowking|Chilly Reception|p2a: Slowking
|-weather|Snowscape
|
|t:|1758236418
|switch|p2a: Landorus|Landorus-Therian, M|100/100|[from] Chilly Reception
|-ability|p2a: Landorus|Intimidate|boost
|-unboost|p1a: Toxicroak|atk|1
|
|-weather|Snowscape|[upkeep]
|upkeep
|turn|2
|
|t:|1758236427
|move|p2a: Landorus|Stealth Rock|p1a: Toxicroak
|-sidestart|p1: Sumoterminator|move: Stealth Rock
|move|p1a: Toxicroak|Toxic|p2a: Landorus
|-status|p2a: Landorus|tox
|
|-weather|Snowscape|[upkeep]
|-damage|p2a: Landorus|94/100 tox|[from] psn
|upkeep
|turn|3
|
|t:|1758236437
|switch|p1a: Quaquaval|Quaquaval, F|100/100
|move|p2a: Landorus|U-turn|p1a: Quaquaval
|-resisted|p1a: Quaquaval
|-damage|p1a: Quaquaval|85/100
|inactive|Modgrols has 120 seconds left.
|
|t:|1758236471
|switch|p2a: Electrode|Electrode-Hisui, shiny|100/100|[from] U-turn
|
|-weather|Snowscape|[upkeep]
|upkeep
|turn|4
|
|t:|1758236489
|move|p2a: Electrode|Volt Switch|p1a: Quaquaval
|-supereffective|p1a: Quaquaval
|-damage|p1a: Quaquaval|0 fnt
|faint|p1a: Quaquaval
|
|t:|1758236494
|switch|p2a: Slowking|Slowking-Galar, M|100/100|[from] Volt Switch
|
|-weather|Snowscape|[upkeep]
|upkeep
|
|t:|1758236500
|switch|p1a: Toxicroak|Toxicroak, F|100/100
|-damage|p1a: Toxicroak|94/100|[from] Stealth Rock
|turn|5
|
|t:|1758236504
|switch|p2a: Landorus|Landorus-Therian, M|94/100 tox
|-ability|p2a: Landorus|Intimidate|boost
|-unboost|p1a: Toxicroak|atk|1
|move|p1a: Toxicroak|Knock Off|p2a: Landorus
|-damage|p2a: Landorus|82/100 tox
|-damage|p1a: Toxicroak|78/100|[from] item: Rocky Helmet|[of] p2a: Landorus
|-enditem|p2a: Landorus|Rocky Helmet|[from] move: Knock Off|[of] p1a: Toxicroak
|
|-weather|none
|-heal|p1a: Toxicroak|84/100|[from] item: Black Sludge
|-damage|p2a: Landorus|76/100 tox|[from] psn
|upkeep
|turn|6
|
|t:|1758236517
|switch|p1a: Pelipper|Pelipper, F|100/100
|-damage|p1a: Pelipper|76/100|[from] Stealth Rock
|-weather|RainDance|[from] ability: Drizzle|[of] p1a: Pelipper
|move|p2a: Landorus|U-turn|p1a: Pelipper
|-resisted|p1a: Pelipper
|-damage|p1a: Pelipper|67/100
|
|t:|1758236524
|switch|p2a: Slowking|Slowking-Galar, M|100/100|[from] U-turn
|
|-weather|RainDance|[upkeep]
|upkeep
|turn|7
|
|t:|1758236536
|move|p1a: Pelipper|Hurricane|p2a: Slowking
|-damage|p2a: Slowking|77/100
|-prepare|p2a: Slowking|Chilly Reception|[premajor]
|move|p2a: Slowking|Chilly Reception|p2a: Slowking
|-weather|Snowscape
|
|t:|1758236543
|switch|p2a: Electrode|Electrode-Hisui, shiny|100/100|[from] Chilly Reception
|
|-weather|Snowscape|[upkeep]
|upkeep
|turn|8
|
|t:|1758236548
|switch|p1a: Toxicroak|Toxicroak, F|84/100
|-damage|p1a: Toxicroak|78/100|[from] Stealth Rock
|move|p2a: Electrode|Volt Switch|p1a: Toxicroak
|-crit|p1a: Toxicroak
|-damage|p1a: Toxicroak|0 fnt
|faint|p1a: Toxicroak
|
|t:|1758236557
|switch|p2a: Slowking|Slowking-Galar, M|100/100|[from] Volt Switch
|
|-weather|Snowscape|[upkeep]
|upkeep
|
|t:|1758236564
|switch|p1a: Barraskewda|Barraskewda, M|100/100
|-damage|p1a: Barraskewda|88/100|[from] Stealth Rock
|turn|9
|
|t:|1758236576
|switch|p2a: Landorus|Landorus-Therian, M|76/100 tox
|-ability|p2a: Landorus|Intimidate|boost
|-unboost|p1a: Barraskewda|atk|1
|-terastallize|p1a: Barraskewda|Water
|move|p1a: Barraskewda|Flip Turn|p2a: Landorus
|-supereffective|p2a: Landorus
|-damage|p2a: Landorus|13/100 tox
|
|t:|1758236584
|switch|p1a: Zapdos|Zapdos|100/100|[from] Flip Turn
|-damage|p1a: Zapdos|76/100|[from] Stealth Rock
|
|-weather|Snowscape|[upkeep]
|-damage|p2a: Landorus|7/100 tox|[from] psn
|upkeep
|turn|10
|
|t:|1758236597
|move|p1a: Zapdos|Weather Ball|p2a: Landorus
|-supereffective|p2a: Landorus
|-damage|p2a: Landorus|0 fnt
|faint|p2a: Landorus
|
|-weather|Snowscape|[upkeep]
|upkeep
|
|t:|1758236604
|switch|p2a: Electrode|Electrode-Hisui, shiny|100/100
|turn|11
|
|t:|1758236608
|-terastallize|p2a: Electrode|Ice
|move|p2a: Electrode|Tera Blast|p1a: Zapdos|[anim] Tera Blast Ice
|-supereffective|p1a: Zapdos
|-damage|p1a: Zapdos|0 fnt
|faint|p1a: Zapdos
|
|-weather|none
|upkeep
|
|t:|1758236613
|switch|p1a: Pelipper|Pelipper, F|67/100
|-damage|p1a: Pelipper|42/100|[from] Stealth Rock
|-weather|RainDance|[from] ability: Drizzle|[of] p1a: Pelipper
|turn|12
|
|t:|1758236620
|move|p2a: Electrode|Tera Blast|p1a: Pelipper|[anim] Tera Blast Ice
|-damage|p1a: Pelipper|0 fnt
|faint|p1a: Pelipper
|
|-weather|RainDance|[upkeep]
|upkeep
|
|t:|1758236623
|switch|p1a: Barraskewda|Barraskewda, M, tera:Water|88/100
|-damage|p1a: Barraskewda|76/100|[from] Stealth Rock
|turn|13
|
|t:|1758236630
|switch|p2a: Alomomola|Alomomola, F, shiny|100/100
|move|p1a: Barraskewda|Liquidation|p2a: Alomomola
|-resisted|p2a: Alomomola
|-damage|p2a: Alomomola|66/100
|
|-weather|RainDance|[upkeep]
|upkeep
|turn|14
|
|t:|1758236638
|move|p1a: Barraskewda|Liquidation|p2a: Alomomola
|-resisted|p2a: Alomomola
|-damage|p2a: Alomomola|28/100
|move|p2a: Alomomola|Flip Turn|p1a: Barraskewda
|-resisted|p1a: Barraskewda
|-damage|p1a: Barraskewda|50/100
|
|t:|1758236647
|switch|p2a: Gallade|Gallade, M, shiny|100/100|[from] Flip Turn
|
|-weather|RainDance|[upkeep]
|upkeep
|turn|15
|
|t:|1758236653
|move|p1a: Barraskewda|Liquidation|p2a: Gallade
|-damage|p2a: Gallade|0 fnt
|faint|p2a: Gallade
|
|-weather|RainDance|[upkeep]
|upkeep
|
|t:|1758236660
|switch|p2a: Alomomola|Alomomola, F, shiny|62/100
|turn|16
|
|t:|1758236668
|move|p1a: Barraskewda|Liquidation|p2a: Alomomola
|-resisted|p2a: Alomomola
|-damage|p2a: Alomomola|26/100
|move|p2a: Alomomola|Wish|p2a: Alomomola
|
|-weather|RainDance|[upkeep]
|upkeep
|turn|17
|
|t:|1758236674
|switch|p2a: Slowking|Slowking-Galar, M|100/100
|move|p1a: Barraskewda|Liquidation|p2a: Slowking
|-damage|p2a: Slowking|0 fnt
|faint|p2a: Slowking
|
|-weather|RainDance|[upkeep]
|upkeep
|
|t:|1758236683
|switch|p2a: Alomomola|Alomomola, F, shiny|59/100
|turn|18
|
|t:|1758236692
|move|p1a: Barraskewda|Liquidation|p2a: Alomomola
|-resisted|p2a: Alomomola
|-damage|p2a: Alomomola|25/100
|move|p2a: Alomomola|Flip Turn|p1a: Barraskewda
|-resisted|p1a: Barraskewda
|-damage|p1a: Barraskewda|27/100
|
|t:|1758236703
|switch|p2a: Great Tusk|Great Tusk|100/100|[from] Flip Turn
|
|-weather|RainDance|[upkeep]
|upkeep
|turn|19
|
|t:|1758236710
|-end|p2a: Great Tusk|Protosynthesis|[silent]
|switch|p2a: Alomomola|Alomomola, F, shiny|58/100
|move|p1a: Barraskewda|Liquidation|p2a: Alomomola
|-resisted|p2a: Alomomola
|-damage|p2a: Alomomola|18/100
|
|-weather|none
|upkeep
|turn|20
|
|t:|1758236718
|move|p1a: Barraskewda|Liquidation|p2a: Alomomola
|-resisted|p2a: Alomomola
|-damage|p2a: Alomomola|0 fnt
|faint|p2a: Alomomola
|
|upkeep
|c|☆Modgrols|Gg
|
|t:|1758236725
|switch|p2a: Electrode|Electrode-Hisui, shiny, tera:Ice|100/100
|turn|21
|
|t:|1758236729
|move|p2a: Electrode|Volt Switch|p1a: Barraskewda
|-supereffective|p1a: Barraskewda
|-damage|p1a: Barraskewda|0 fnt
|faint|p1a: Barraskewda
|
|t:|1758236734
|switch|p2a: Great Tusk|Great Tusk|100/100|[from] Volt Switch
|
|upkeep
|
|t:|1758236737
|switch|p1a: Raging Bolt|Raging Bolt|100/100
|-damage|p1a: Raging Bolt|88/100|[from] Stealth Rock
|turn|22
|
|t:|1758236742
|move|p2a: Great Tusk|Headlong Rush|p1a: Raging Bolt
|-supereffective|p1a: Raging Bolt
|-damage|p1a: Raging Bolt|0 fnt
|-unboost|p2a: Great Tusk|def|1
|-unboost|p2a: Great Tusk|spd|1
|faint|p1a: Raging Bolt
|-end|p1a: Raging Bolt|Protosynthesis|[silent]
|
|win|Modgrols
|raw|Sumoterminator's rating: 1173 &rarr; <strong>1154</strong><br />(-19 for losing)
|raw|Modgrols's rating: 1260 &rarr; <strong>1279</strong><br />(+19 for winning)
|l|☆Sumoterminator
|player|p1|
