|j|☆CherylBush
|j|☆firemaniac
|t:|1758271712
|gametype|singles
|player|p1|CherylBush|mallow-masters|1597
|player|p2|firemaniac|cynthia-gen4|1650
|gen|9
|tier|[Gen 9] OU
|rated|
|rule|HP Percentage Mod: HP is shown in percentages
|rule|Endless Battle Clause: Forcing endless battles is banned
|rule|Species Clause: Limit one of each Pokémon
|rule|OHKO Clause: OHKO moves are banned
|rule|Evasion Items Clause: Evasion items are banned
|rule|Evasion Moves Clause: Evasion moves are banned
|rule|Evasion Abilities Clause: Evasion abilities are banned
|rule|Sleep Moves Clause: Sleep-inducing moves are banned
|clearpoke
|poke|p1|Landorus-Therian, M|
|poke|p1|Skeledirge, M|
|poke|p1|Skarmory, M|
|poke|p1|Hydrapple, M|
|poke|p1|Samurott-Hisui, M|
|poke|p1|Fezandipiti, M|
|poke|p2|Dragapult, M|
|poke|p2|Iron Crown|
|poke|p2|Landorus-Therian, M|
|poke|p2|Samurott-Hisui, M|
|poke|p2|Primarina, F|
|poke|p2|Kingambit, M|
|teampreview
|inactive|Battle timer is ON: inactive players will automatically lose when time's up. (requested by firemaniac)
|
|t:|1758271723
|teamsize|p1|6
|teamsize|p2|6
|start
|switch|p1a: Samurott|Samurott-Hisui, M, shiny|100/100
|switch|p2a: Samurott|Samurott-Hisui, M|100/100
|turn|1
|
|t:|1758271733
|switch|p1a: Skarmory|Skarmory, M, shiny|100/100
|move|p2a: Samurott|Ceaseless Edge|p1a: Skarmory
|-damage|p1a: Skarmory|76/100
|-damage|p2a: Samurott|84/100|[from] item: Rocky Helmet|[of] p1a: Skarmory
|-sidestart|p1: CherylBush|Spikes
|
|upkeep
|turn|2
|
|t:|1758271739
|move|p2a: Samurott|Knock Off|p1a: Skarmory
|-damage|p1a: Skarmory|49/100
|-damage|p2a: Samurott|67/100|[from] item: Rocky Helmet|[of] p1a: Skarmory
|-enditem|p1a: Skarmory|Rocky Helmet|[from] move: Knock Off|[of] p2a: Samurott
|move|p1a: Skarmory|Body Press|p2a: Samurott
|-supereffective|p2a: Samurott
|-damage|p2a: Samurott|0 fnt
|faint|p2a: Samurott
|
|upkeep
|
|t:|1758271757
|switch|p2a: Iron Crown|Iron Crown|100/100
|turn|3
|
|t:|1758271765
|switch|p1a: Leviathan|Hydrapple, M, shiny|100/100
|move|p2a: Iron Crown|Psychic Noise|p1a: Leviathan
|-damage|p1a: Leviathan|66/100
|-start|p1a: Leviathan|move: Heal Block
|
|upkeep
|turn|4
|
|t:|1758271773
|move|p2a: Iron Crown|Tachyon Cutter|p1a: Leviathan
|-damage|p1a: Leviathan|42/100
|-damage|p1a: Leviathan|19/100
|-hitcount|p1a: Leviathan|2
|move|p1a: Leviathan|Earth Power|p2a: Iron Crown
|-supereffective|p2a: Iron Crown
|-damage|p2a: Iron Crown|65/100
|
|-end|p1a: Leviathan|move: Heal Block
|upkeep
|turn|5
|
|t:|1758271783
|switch|p1a: Skeledirge|Skeledirge, M, shiny|100/100
|move|p2a: Iron Crown|Volt Switch|p1a: Skeledirge
|-damage|p1a: Skeledirge|81/100
|
|t:|1758271791
|-end|p2a: Iron Crown|Quark Drive|[silent]
|switch|p2a: Dragapult|Dragapult, M|100/100|[from] Volt Switch
|
|upkeep
|turn|6
|
|t:|1758271797
|switch|p1a: Fez Boi|Fezandipiti, M|100/100
|-terastallize|p2a: Dragapult|Ghost
|move|p2a: Dragapult|Tera Blast|p1a: Fez Boi|[anim] Tera Blast Ghost
|-damage|p1a: Fez Boi|10/100
|
|upkeep
|turn|7
|
|t:|1758271806
|move|p2a: Dragapult|Tera Blast|p1a: Fez Boi|[anim] Tera Blast Ghost
|-damage|p1a: Fez Boi|0 fnt
|faint|p1a: Fez Boi
|
|upkeep
|
|t:|1758271810
|switch|p1a: Samurott|Samurott-Hisui, M, shiny|100/100
|turn|8
|
|t:|1758271815
|switch|p2a: Landorus|Landorus-Therian, M|100/100
|-ability|p2a: Landorus|Intimidate|boost
|-unboost|p1a: Samurott|atk|1
|move|p1a: Samurott|Ceaseless Edge|p2a: Landorus
|-damage|p2a: Landorus|79/100
|-damage|p1a: Samurott|84/100|[from] item: Rocky Helmet|[of] p2a: Landorus
|-sidestart|p2: firemaniac|Spikes
|
|upkeep
|turn|9
|j| wgw2333
|l| wgw2333
|
|t:|1758271829
|switch|p1a: Skarmory|Skarmory, M, shiny|49/100
|move|p2a: Landorus|U-turn|p1a: Skarmory
|-resisted|p1a: Skarmory
|-damage|p1a: Skarmory|46/100
|
|t:|1758271833
|switch|p2a: Iron Crown|Iron Crown|65/100|[from] U-turn
|-damage|p2a: Iron Crown|53/100|[from] Spikes
|
|upkeep
|turn|10
|
|t:|1758271839
|switch|p1a: Skeledirge|Skeledirge, M, shiny|81/100
|move|p2a: Iron Crown|Psychic Noise|p1a: Skeledirge
|-damage|p1a: Skeledirge|51/100
|-start|p1a: Skeledirge|move: Heal Block
|
|upkeep
|turn|11
|
|t:|1758271845
|move|p2a: Iron Crown|Volt Switch|p1a: Skeledirge
|-damage|p1a: Skeledirge|32/100
|
|t:|1758271847
|-end|p2a: Iron Crown|Quark Drive|[silent]
|switch|p2a: Primarina|Primarina, F|100/100|[from] Volt Switch
|move|p1a: Skeledirge|Torch Song|p2a: Primarina
|-resisted|p2a: Primarina
|-damage|p2a: Primarina|87/100
|-boost|p1a: Skeledirge|spa|1
|
|-end|p1a: Skeledirge|move: Heal Block
|upkeep
|turn|12
|
|t:|1758271854
|move|p2a: Primarina|Psychic Noise|p1a: Skeledirge
|-supereffective|p1a: Skeledirge
|-damage|p1a: Skeledirge|0 fnt
|faint|p1a: Skeledirge
|
|upkeep
|
|t:|1758271862
|switch|p1a: Landorus|Landorus-Therian, M, shiny|100/100
|-ability|p1a: Landorus|Intimidate|boost
|-unboost|p2a: Primarina|atk|1
|turn|13
|
|t:|1758271869
|switch|p2a: Landorus|Landorus-Therian, M|79/100
|-ability|p2a: Landorus|Intimidate|boost
|-unboost|p1a: Landorus|atk|1
|-terastallize|p1a: Landorus|Ground
|move|p1a: Landorus|Earthquake|p2a: Landorus
|-immune|p2a: Landorus
|
|upkeep
|turn|14
|j| wgw2333
|
|t:|1758271876
|switch|p1a: Skarmory|Skarmory, M, shiny|46/100
|move|p2a: Landorus|Grass Knot|p1a: Skarmory
|-resisted|p1a: Skarmory
|-damage|p1a: Skarmory|40/100
|
|upkeep
|turn|15
|
|t:|1758271880
|move|p2a: Landorus|U-turn|p1a: Skarmory
|-resisted|p1a: Skarmory
|-damage|p1a: Skarmory|37/100
|
|t:|1758271884
|switch|p2a: Iron Crown|Iron Crown|53/100|[from] U-turn
|-damage|p2a: Iron Crown|40/100|[from] Spikes
|move|p1a: Skarmory|Stealth Rock|p2a: Iron Crown
|-sidestart|p2: firemaniac|move: Stealth Rock
|
|upkeep
|turn|16
|
|t:|1758271895
|move|p2a: Iron Crown|Psychic Noise|p1a: Skarmory
|-resisted|p1a: Skarmory
|-damage|p1a: Skarmory|13/100
|-start|p1a: Skarmory|move: Heal Block
|cant|p1a: Skarmory|move: Heal Block|Roost
|
|upkeep
|turn|17
|
|t:|1758271898
|move|p2a: Iron Crown|Tachyon Cutter|p1a: Skarmory
|-resisted|p1a: Skarmory
|-damage|p1a: Skarmory|0 fnt
|faint|p1a: Skarmory
|-hitcount|p1: Skarmory|1
|
|upkeep
|
|t:|1758271902
|switch|p1a: Samurott|Samurott-Hisui, M, shiny|84/100
|turn|18
|
|t:|1758271911
|move|p2a: Iron Crown|Focus Blast|p1a: Samurott
|-supereffective|p1a: Samurott
|-damage|p1a: Samurott|0 fnt
|faint|p1a: Samurott
|
|upkeep
|
|t:|1758271916
|switch|p1a: Landorus|Landorus-Therian, M, shiny, tera:Ground|100/100
|-damage|p1a: Landorus|88/100|[from] Spikes
|-ability|p1a: Landorus|Intimidate|boost
|-unboost|p2a: Iron Crown|atk|1
|turn|19
|
|t:|1758271920
|-end|p2a: Iron Crown|Quark Drive|[silent]
|switch|p2a: Landorus|Landorus-Therian, M|79/100
|-damage|p2a: Landorus|67/100|[from] Stealth Rock
|-ability|p2a: Landorus|Intimidate|boost
|-unboost|p1a: Landorus|atk|1
|move|p1a: Landorus|U-turn|p2a: Landorus
|-resisted|p2a: Landorus
|-damage|p2a: Landorus|60/100
|-damage|p1a: Landorus|72/100|[from] item: Rocky Helmet|[of] p2a: Landorus
|
|t:|1758271921
|switch|p1a: Leviathan|Hydrapple, M, shiny|52/100|[from] U-turn
|
|upkeep
|turn|20
|
|t:|1758271925
|move|p2a: Landorus|U-turn|p1a: Leviathan
|-supereffective|p1a: Leviathan
|-damage|p1a: Leviathan|27/100
|
|t:|1758271930
|switch|p2a: Kingambit|Kingambit, M|100/100|[from] U-turn
|-damage|p2a: Kingambit|88/100|[from] Spikes
|-damage|p2a: Kingambit|82/100|[from] Stealth Rock
|-activate|p2a: Kingambit|ability: Supreme Overlord
|-start|p2a: Kingambit|fallen1|[silent]
|move|p1a: Leviathan|Giga Drain|p2a: Kingambit
|-resisted|p2a: Kingambit
|-damage|p2a: Kingambit|67/100
|-heal|p1a: Leviathan|34/100|[from] drain|[of] p2a: Kingambit
|
|-heal|p2a: Kingambit|73/100|[from] item: Leftovers
|upkeep
|turn|21
|
|t:|1758271933
|move|p2a: Kingambit|Kowtow Cleave|p1a: Leviathan
|-damage|p1a: Leviathan|0 fnt
|faint|p1a: Leviathan
|
|-heal|p2a: Kingambit|79/100|[from] item: Leftovers
|upkeep
|
|t:|1758271935
|switch|p1a: Landorus|Landorus-Therian, M, shiny, tera:Ground|72/100
|-damage|p1a: Landorus|59/100|[from] Spikes
|-ability|p1a: Landorus|Intimidate|boost
|-unboost|p2a: Kingambit|atk|1
|turn|22
|c|☆CherylBush|gg I just get 6-0ed by Prim lol
|-message|CherylBush forfeited.
|
|win|firemaniac
|raw|CherylBush's rating: 1597 &rarr; <strong>1580</strong><br />(-17 for losing)
|raw|firemaniac's rating: 1650 &rarr; <strong>1667</strong><br />(+17 for winning)
|l|☆CherylBush
|player|p1|
|l| wgw2333
|c|☆firemaniac|something something boots spam something something no attributes
