|j|☆Dear umbra
|j|☆blaze_ghost7272
|t:|1758271589
|gametype|singles
|player|p1|Dear umbra|giovanni|1144
|player|p2|blaze_ghost7272|wallace|1187
|gen|9
|tier|[Gen 9] OU
|rated|
|rule|HP Percentage Mod: HP is shown in percentages
|rule|Endless Battle Clause: Forcing endless battles is banned
|rule|Species Clause: Limit one of each Pokémon
|rule|OHKO Clause: OHKO moves are banned
|rule|Evasion Items Clause: Evasion items are banned
|rule|Evasion Moves Clause: Evasion moves are banned
|rule|Evasion Abilities Clause: Evasion abilities are banned
|rule|Sleep Moves Clause: Sleep-inducing moves are banned
|clearpoke
|poke|p1|Glimmora, F|
|poke|p1|Gengar, M|
|poke|p1|Dragalge, F|
|poke|p1|Okidogi, M|
|poke|p1|Clodsire, M|
|poke|p1|Sneasel-Hisui, M|
|poke|p2|Necrozma|
|poke|p2|Araquanid, M|
|poke|p2|Blaziken, M|
|poke|p2|Hydreigon, F|
|poke|p2|Staraptor, M|
|poke|p2|Polteageist-Antique|
|teampreview
|inactive|Battle timer is ON: inactive players will automatically lose when time's up. (requested by blaze_ghost7272)
|
|t:|1758271593
|teamsize|p1|6
|teamsize|p2|6
|start
|switch|p1a: Glimmora|Glimmora, F|100/100
|switch|p2a: Polteageist|Polteageist-Antique, shiny|100/100
|turn|1
|
|t:|1758271600
|move|p1a: Glimmora|Stealth Rock|p2a: Polteageist
|-sidestart|p2: blaze_ghost7272|move: Stealth Rock
|move|p2a: Polteageist|Shell Smash|p2a: Polteageist
|-unboost|p2a: Polteageist|def|1
|-unboost|p2a: Polteageist|spd|1
|-boost|p2a: Polteageist|atk|2
|-boost|p2a: Polteageist|spa|2
|-boost|p2a: Polteageist|spe|2
|
|upkeep
|turn|2
|
|t:|1758271606
|move|p2a: Polteageist|Stored Power|p1a: Glimmora
|-supereffective|p1a: Glimmora
|-enditem|p1a: Glimmora|Focus Sash
|-damage|p1a: Glimmora|1/100
|move|p1a: Glimmora|Power Gem|p2a: Polteageist
|-damage|p2a: Polteageist|33/100
|
|upkeep
|turn|3
|
|t:|1758271618
|move|p2a: Polteageist|Stored Power|p1a: Glimmora
|-supereffective|p1a: Glimmora
|-damage|p1a: Glimmora|0 fnt
|faint|p1a: Glimmora
|
|upkeep
|
|t:|1758271625
|switch|p1a: Clodsire|Clodsire, M|100/100
|turn|4
|
|t:|1758271631
|-terastallize|p1a: Clodsire|Steel
|move|p2a: Polteageist|Stored Power|p1a: Clodsire
|-resisted|p1a: Clodsire
|-damage|p1a: Clodsire|70/100
|move|p1a: Clodsire|Earthquake|p2a: Polteageist
|-damage|p2a: Polteageist|0 fnt
|faint|p2a: Polteageist
|
|upkeep
|
|t:|1758271650
|switch|p2a: Hydreigon|Hydreigon, F|100/100
|-damage|p2a: Hydreigon|88/100|[from] Stealth Rock
|turn|5
|
|t:|1758271656
|move|p2a: Hydreigon|Nasty Plot|p2a: Hydreigon
|-boost|p2a: Hydreigon|spa|2
|move|p1a: Clodsire|Toxic|p2a: Hydreigon
|-status|p2a: Hydreigon|tox
|
|-damage|p2a: Hydreigon|82/100 tox|[from] psn
|upkeep
|turn|6
|
|t:|1758271663
|move|p2a: Hydreigon|Flamethrower|p1a: Clodsire
|-supereffective|p1a: Clodsire
|-damage|p1a: Clodsire|0 fnt
|faint|p1a: Clodsire
|
|-damage|p2a: Hydreigon|70/100 tox|[from] psn
|upkeep
|
|t:|1758271667
|switch|p1a: Okidogi|Okidogi, M|100/100
|turn|7
|
|t:|1758271673
|move|p2a: Hydreigon|Draco Meteor|p1a: Okidogi
|-damage|p1a: Okidogi|18/100
|-unboost|p2a: Hydreigon|spa|2
|move|p1a: Okidogi|Drain Punch|p2a: Hydreigon
|-supereffective|p2a: Hydreigon
|-damage|p2a: Hydreigon|0 fnt
|-heal|p1a: Okidogi|47/100|[from] drain|[of] p2a: Hydreigon
|faint|p2a: Hydreigon
|
|upkeep
|
|t:|1758271685
|switch|p2a: Necrozma|Necrozma|100/100
|-damage|p2a: Necrozma|88/100|[from] Stealth Rock
|turn|8
|
|t:|1758271688
|move|p1a: Okidogi|Knock Off|p2a: Necrozma
|-supereffective|p2a: Necrozma
|-damage|p2a: Necrozma|42/100
|-enditem|p2a: Necrozma|Leftovers|[from] move: Knock Off|[of] p1a: Okidogi
|move|p2a: Necrozma|Photon Geyser|p1a: Okidogi
|-supereffective|p1a: Okidogi
|-damage|p1a: Okidogi|0 fnt
|faint|p1a: Okidogi
|
|upkeep
|
|t:|1758271697
|switch|p1a: Gengar|Gengar, M|100/100
|turn|9
|
|t:|1758271704
|move|p1a: Gengar|Shadow Ball|p2a: Necrozma
|-supereffective|p2a: Necrozma
|-damage|p2a: Necrozma|0 fnt
|faint|p2a: Necrozma
|-damage|p1a: Gengar|91/100|[from] item: Life Orb
|
|upkeep
|
|t:|1758271715
|switch|p2a: Araquanid|Araquanid, M|100/100
|turn|10
|
|t:|1758271720
|move|p1a: Gengar|Thunderbolt|p2a: Araquanid
|-supereffective|p2a: Araquanid
|-crit|p2a: Araquanid
|-damage|p2a: Araquanid|0 fnt
|faint|p2a: Araquanid
|-damage|p1a: Gengar|81/100|[from] item: Life Orb
|
|upkeep
|
|t:|1758271727
|switch|p2a: Staraptor|Staraptor, M|100/100
|-damage|p2a: Staraptor|76/100|[from] Stealth Rock
|turn|11
|
|t:|1758271731
|move|p2a: Staraptor|Brave Bird|p1a: Gengar
|-damage|p1a: Gengar|0 fnt
|faint|p1a: Gengar
|-damage|p2a: Staraptor|54/100|[from] Recoil
|
|upkeep
|
|t:|1758271737
|switch|p1a: Dragalge|Dragalge, F|100/100
|turn|12
|
|t:|1758271741
|move|p2a: Staraptor|Brave Bird|p1a: Dragalge
|-damage|p1a: Dragalge|20/100
|-damage|p2a: Staraptor|25/100|[from] Recoil
|move|p1a: Dragalge|Sludge Wave|p2a: Staraptor
|-damage|p2a: Staraptor|0 fnt
|faint|p2a: Staraptor
|
|upkeep
|
|t:|1758271750
|switch|p2a: Blaziken|Blaziken, M, shiny|100/100
|-damage|p2a: Blaziken|88/100|[from] Stealth Rock
|turn|13
|
|t:|1758271758
|move|p2a: Blaziken|Flare Blitz|p1a: Dragalge
|-resisted|p1a: Dragalge
|-damage|p1a: Dragalge|0 fnt
|faint|p1a: Dragalge
|-damage|p2a: Blaziken|81/100|[from] Recoil
|-damage|p2a: Blaziken|71/100|[from] item: Life Orb
|
|-ability|p2a: Blaziken|Speed Boost|boost
|-boost|p2a: Blaziken|spe|1
|upkeep
|
|t:|1758271760
|switch|p1a: Sneasel|Sneasel-Hisui, M|100/100
|turn|14
|
|t:|1758271769
|move|p2a: Blaziken|Flare Blitz|p1a: Sneasel
|-damage|p1a: Sneasel|0 fnt
|faint|p1a: Sneasel
|-damage|p2a: Blaziken|44/100|[from] Recoil
|-damage|p2a: Blaziken|34/100|[from] item: Life Orb
|
|win|blaze_ghost7272
|raw|Dear umbra's rating: 1144 &rarr; <strong>1122</strong><br />(-22 for losing)
|raw|blaze_ghost7272's rating: 1187 &rarr; <strong>1209</strong><br />(+22 for winning)
|l|☆Dear umbra
|player|p1|
|l|☆blaze_ghost7272
|player|p2|
