|j|☆jslo32193
|j|☆Jimbowmin
|t:|1758261248
|gametype|singles
|player|p1|jslo32193|lance|1147
|player|p2|Jimbowmin|pokemonranger-gen4|1125
|gen|9
|tier|[Gen 9] OU
|rated|
|rule|HP Percentage Mod: HP is shown in percentages
|rule|Endless Battle Clause: Forcing endless battles is banned
|rule|Species Clause: Limit one of each Pokémon
|rule|OHKO Clause: OHKO moves are banned
|rule|Evasion Items Clause: Evasion items are banned
|rule|Evasion Moves Clause: Evasion moves are banned
|rule|Evasion Abilities Clause: Evasion abilities are banned
|rule|Sleep Moves Clause: Sleep-inducing moves are banned
|clearpoke
|poke|p1|Dragonite, F|
|poke|p1|Articuno|
|poke|p1|Forretress, M|
|poke|p1|Greninja-*, M|
|poke|p1|Zapdos|
|poke|p1|Blaziken, F|
|poke|p2|Gliscor, M|
|poke|p2|Dragonite, F|
|poke|p2|Landorus-Therian, M|
|poke|p2|Iron Valiant|
|poke|p2|Dragapult, M|
|poke|p2|Ogerpon-Wellspring, F|
|teampreview
|
|t:|1758261271
|teamsize|p1|6
|teamsize|p2|6
|start
|switch|p1a: Forretress|Forretress, M|100/100
|switch|p2a: Iron Valiant|Iron Valiant|100/100
|-enditem|p2a: Iron Valiant|Booster Energy
|-activate|p2a: Iron Valiant|ability: Quark Drive|[fromitem]
|-start|p2a: Iron Valiant|quarkdrivespe
|turn|1
|
|t:|1758261281
|move|p2a: Iron Valiant|Swords Dance|p2a: Iron Valiant
|-boost|p2a: Iron Valiant|atk|2
|move|p1a: Forretress|Toxic Spikes|p2a: Iron Valiant
|-sidestart|p2: Jimbowmin|move: Toxic Spikes
|
|upkeep
|turn|2
|
|t:|1758261287
|move|p2a: Iron Valiant|Swords Dance|p2a: Iron Valiant
|-boost|p2a: Iron Valiant|atk|2
|move|p1a: Forretress|Toxic Spikes|p2a: Iron Valiant
|-sidestart|p2: Jimbowmin|move: Toxic Spikes
|
|upkeep
|turn|3
|
|t:|1758261304
|move|p2a: Iron Valiant|Swords Dance|p2a: Iron Valiant
|-boost|p2a: Iron Valiant|atk|2
|move|p1a: Forretress|Stealth Rock|p2a: Iron Valiant
|-sidestart|p2: Jimbowmin|move: Stealth Rock
|
|upkeep
|turn|4
|
|t:|1758261315
|move|p2a: Iron Valiant|Knock Off|p1a: Forretress
|-damage|p1a: Forretress|27/100
|-enditem|p1a: Forretress|Leftovers|[from] move: Knock Off|[of] p2a: Iron Valiant
|move|p1a: Forretress|Rapid Spin|p2a: Iron Valiant
|-damage|p2a: Iron Valiant|88/100
|-boost|p1a: Forretress|spe|1
|
|upkeep
|turn|5
|
|t:|1758261322
|move|p2a: Iron Valiant|Knock Off|p1a: Forretress
|-damage|p1a: Forretress|0 fnt
|faint|p1a: Forretress
|
|upkeep
|
|t:|1758261344
|switch|p1a: Luke|Dragonite, F, shiny|100/100
|turn|6
|
|t:|1758261349
|move|p2a: Iron Valiant|Spirit Break|p1a: Luke
|-supereffective|p1a: Luke
|-damage|p1a: Luke|0 fnt
|faint|p1a: Luke
|
|upkeep
|c|☆Jimbowmin|bye bye
|c|☆Jimbowmin|gf beast
|inactive|Battle timer is ON: inactive players will automatically lose when time's up. (requested by Jimbowmin)
|
|t:|1758261375
|switch|p1a: Greninja|Greninja, M|100/100
|turn|7
|
|t:|1758261385
|-terastallize|p1a: Greninja|Water
|move|p1a: Greninja|Water Shuriken|p2a: Iron Valiant
|-crit|p2a: Iron Valiant
|-damage|p2a: Iron Valiant|55/100
|-damage|p2a: Iron Valiant|33/100
|-damage|p2a: Iron Valiant|11/100
|-damage|p2a: Iron Valiant|0 fnt
|faint|p2a: Iron Valiant
|-end|p2a: Iron Valiant|Quark Drive|[silent]
|-ability|p1a: Greninja|Battle Bond|boost
|-boost|p1a: Greninja|atk|1
|-boost|p1a: Greninja|spa|1
|-boost|p1a: Greninja|spe|1
|-activate|p1a: Greninja|ability: Battle Bond
|-hitcount|p2: Iron Valiant|4
|-damage|p1a: Greninja|91/100|[from] item: Life Orb
|
|upkeep
|c|☆jslo32193|oh?
|c|☆Jimbowmin|#bigfatmeanie
|inactive|Jimbowmin has 120 seconds left.
|
|t:|1758261415
|switch|p2a: Ogerpon|Ogerpon-Wellspring, F|100/100
|-status|p2a: Ogerpon|tox
|-damage|p2a: Ogerpon|88/100 tox|[from] Stealth Rock
|turn|8
|c|☆Jimbowmin|now i think you win
|
|t:|1758261426
|-terastallize|p2a: Ogerpon|Water
|detailschange|p2a: Ogerpon|Ogerpon-Wellspring-Tera, F, tera:Water
|-ability|p2a: Ogerpon|Embody Aspect (Wellspring)|boost
|-boost|p2a: Ogerpon|spd|1
|move|p1a: Greninja|Ice Beam|p2a: Ogerpon
|-resisted|p2a: Ogerpon
|-damage|p2a: Ogerpon|66/100 tox
|-damage|p1a: Greninja|81/100|[from] item: Life Orb
|move|p2a: Ogerpon|Horn Leech|p1a: Greninja
|-supereffective|p1a: Greninja
|-damage|p1a: Greninja|0 fnt
|-heal|p2a: Ogerpon|100/100 tox|[from] drain|[of] p1a: Greninja
|faint|p1a: Greninja
|
|-damage|p2a: Ogerpon|95/100 tox|[from] psn
|upkeep
|c|☆Jimbowmin|lol
|
|t:|1758261445
|switch|p1a: Zapdos|Zapdos, shiny|100/100
|turn|9
|
|t:|1758261457
|switch|p1a: Articuno|Articuno|100/100
|-ability|p1a: Articuno|Pressure
|move|p2a: Ogerpon|Play Rough|p1a: Articuno
|-damage|p1a: Articuno|69/100
|
|-damage|p2a: Ogerpon|83/100 tox|[from] psn
|upkeep
|turn|10
|
|t:|1758261469
|move|p2a: Ogerpon|Horn Leech|p1a: Articuno
|-resisted|p1a: Articuno
|-damage|p1a: Articuno|48/100
|-heal|p2a: Ogerpon|96/100 tox|[from] drain|[of] p1a: Articuno
|move|p1a: Articuno|Haze|p1a: Articuno
|-clearallboost
|
|-damage|p2a: Ogerpon|78/100 tox|[from] psn
|upkeep
|turn|11
|
|t:|1758261477
|move|p2a: Ogerpon|Horn Leech|p1a: Articuno
|-resisted|p1a: Articuno
|-damage|p1a: Articuno|28/100
|-heal|p2a: Ogerpon|91/100 tox|[from] drain|[of] p1a: Articuno
|move|p1a: Articuno|Roost|p1a: Articuno
|-heal|p1a: Articuno|78/100
|-singleturn|p1a: Articuno|move: Roost
|
|-damage|p2a: Ogerpon|67/100 tox|[from] psn
|upkeep
|turn|12
|
|t:|1758261488
|move|p2a: Ogerpon|Taunt|p1a: Articuno
|-start|p1a: Articuno|move: Taunt
|move|p1a: Articuno|Freeze-Dry|p2a: Ogerpon
|-supereffective|p2a: Ogerpon
|-damage|p2a: Ogerpon|12/100 tox
|
|-damage|p2a: Ogerpon|0 fnt|[from] psn
|faint|p2a: Ogerpon
|detailschange|p2: Ogerpon|Ogerpon-Wellspring, F|[silent]
|upkeep
|inactive|Jimbowmin has 120 seconds left.
|
|t:|1758261524
|switch|p2a: Dragapult|Dragapult, M|100/100
|-status|p2a: Dragapult|tox
|-damage|p2a: Dragapult|88/100 tox|[from] Stealth Rock
|turn|13
|inactive|Jimbowmin has 120 seconds left.
|
|t:|1758261532
|move|p2a: Dragapult|Flamethrower|p1a: Articuno
|-supereffective|p1a: Articuno
|-damage|p1a: Articuno|33/100
|move|p1a: Articuno|Freeze-Dry|p2a: Dragapult
|-supereffective|p2a: Dragapult
|-damage|p2a: Dragapult|22/100 tox
|
|-damage|p2a: Dragapult|16/100 tox|[from] psn
|upkeep
|turn|14
|
|t:|1758261542
|switch|p1a: Blaziken|Blaziken, F, shiny|100/100
|move|p2a: Dragapult|Flamethrower|p1a: Blaziken
|-resisted|p1a: Blaziken
|-damage|p1a: Blaziken|70/100
|
|-heal|p1a: Blaziken|76/100|[from] item: Leftovers
|-damage|p2a: Dragapult|4/100 tox|[from] psn
|upkeep
|turn|15
|
|t:|1758261556
|move|p2a: Dragapult|Flamethrower|p1a: Blaziken
|-resisted|p1a: Blaziken
|-damage|p1a: Blaziken|48/100
|move|p1a: Blaziken|Swords Dance|p1a: Blaziken
|-boost|p1a: Blaziken|atk|2
|
|-heal|p1a: Blaziken|54/100|[from] item: Leftovers
|-damage|p2a: Dragapult|0 fnt|[from] psn
|faint|p2a: Dragapult
|-ability|p1a: Blaziken|Speed Boost|boost
|-boost|p1a: Blaziken|spe|1
|upkeep
|
|t:|1758261568
|switch|p2a: Landorus|Landorus-Therian, M|100/100
|-damage|p2a: Landorus|88/100|[from] Stealth Rock
|-ability|p2a: Landorus|Intimidate|boost
|-unboost|p1a: Blaziken|atk|1
|turn|16
|
|t:|1758261581
|move|p1a: Blaziken|Flare Blitz|p2a: Landorus
|-damage|p2a: Landorus|0 fnt
|-damage|p1a: Blaziken|37/100|[from] item: Rocky Helmet|[of] p2a: Landorus
|faint|p2a: Landorus
|-damage|p1a: Blaziken|7/100|[from] Recoil
|
|-heal|p1a: Blaziken|13/100|[from] item: Leftovers
|-ability|p1a: Blaziken|Speed Boost|boost
|-boost|p1a: Blaziken|spe|1
|upkeep
|
|t:|1758261590
|switch|p2a: Dragonite|Dragonite, F|100/100
|-damage|p2a: Dragonite|76/100|[from] Stealth Rock
|turn|17
|
|t:|1758261607
|move|p2a: Dragonite|Extreme Speed|p1a: Blaziken
|-damage|p1a: Blaziken|0 fnt
|faint|p1a: Blaziken
|
|upkeep
|
|t:|1758261622
|switch|p1a: Articuno|Articuno|33/100
|-ability|p1a: Articuno|Pressure
|turn|18
|c|☆Jimbowmin|!stats articuno
|raw|<div class="message"><ul class="utilichart"><li class="result"><span class="col numcol">ZU</span> <span class="col iconcol"><psicon pokemon="articuno"/></span> <span class="col pokemonnamecol" style="white-space:nowrap"><a href="https://dex.pokemonshowdown.com/pokemon/articuno" target="_blank">Articuno</a></span> <span class="col typecol"><img src="https://play.pokemonshowdown.com/sprites/types/Ice.png" alt="Ice" height="14" width="32"><img src="https://play.pokemonshowdown.com/sprites/types/Flying.png" alt="Flying" height="14" width="32"></span> <span style="float:left;min-height:26px"><span class="col abilitycol">Pressure</span><span class="col abilitycol"><em>Snow Cloak</em></span></span><span style="float:left;min-height:26px"><span class="col statcol"><em>HP</em><br />90</span> <span class="col statcol"><em>Atk</em><br />85</span> <span class="col statcol"><em>Def</em><br />100</span> <span class="col statcol"><em>SpA</em><br />95</span> <span class="col statcol"><em>SpD</em><br />125</span> <span class="col statcol"><em>Spe</em><br />85</span> <span class="col bstcol"><em>BST<br />580</em></span> </span></li><li style="clear:both"></li></ul></div>

|c|☆Jimbowmin|!stats Dragonite
|raw|<div class="message"><ul class="utilichart"><li class="result"><span class="col numcol">OU</span> <span class="col iconcol"><psicon pokemon="dragonite"/></span> <span class="col pokemonnamecol" style="white-space:nowrap"><a href="https://dex.pokemonshowdown.com/pokemon/dragonite" target="_blank">Dragonite</a></span> <span class="col typecol"><img src="https://play.pokemonshowdown.com/sprites/types/Dragon.png" alt="Dragon" height="14" width="32"><img src="https://play.pokemonshowdown.com/sprites/types/Flying.png" alt="Flying" height="14" width="32"></span> <span style="float:left;min-height:26px"><span class="col abilitycol">Inner Focus</span><span class="col abilitycol"><em>Multiscale</em></span></span><span style="float:left;min-height:26px"><span class="col statcol"><em>HP</em><br />91</span> <span class="col statcol"><em>Atk</em><br />134</span> <span class="col statcol"><em>Def</em><br />95</span> <span class="col statcol"><em>SpA</em><br />100</span> <span class="col statcol"><em>SpD</em><br />100</span> <span class="col statcol"><em>Spe</em><br />80</span> <span class="col bstcol"><em>BST<br />600</em></span> </span></li><li style="clear:both"></li></ul></div>

|
|t:|1758261647
|move|p2a: Dragonite|Extreme Speed|p1a: Articuno
|-damage|p1a: Articuno|6/100
|move|p1a: Articuno|Roost|p1a: Articuno
|-heal|p1a: Articuno|56/100
|-singleturn|p1a: Articuno|move: Roost
|
|upkeep
|turn|19
|
|t:|1758261655
|move|p2a: Dragonite|Dragon Dance|p2a: Dragonite
|-boost|p2a: Dragonite|atk|1
|-boost|p2a: Dragonite|spe|1
|move|p1a: Articuno|Roost|p1a: Articuno
|-heal|p1a: Articuno|100/100
|-singleturn|p1a: Articuno|move: Roost
|
|upkeep
|turn|20
|
|t:|1758261663
|move|p2a: Dragonite|Outrage|p1a: Articuno
|-damage|p1a: Articuno|6/100
|move|p1a: Articuno|Freeze-Dry|p2a: Dragonite
|-supereffective|p2a: Dragonite
|-damage|p2a: Dragonite|0 fnt
|faint|p2a: Dragonite
|
|upkeep
|
|t:|1758261670
|switch|p2a: Gliscor|Gliscor, M|100/100
|-damage|p2a: Gliscor|88/100|[from] Stealth Rock
|turn|21
|
|t:|1758261687
|move|p2a: Gliscor|Ice Fang|p1a: Articuno
|-damage|p1a: Articuno|0 fnt
|faint|p1a: Articuno
|
|-heal|p2a: Gliscor|94/100|[from] item: Leftovers
|upkeep
|
|t:|1758261693
|switch|p1a: Zapdos|Zapdos, shiny|100/100
|turn|22
|
|t:|1758261704
|move|p2a: Gliscor|Protect|p2a: Gliscor
|-singleturn|p2a: Gliscor|Protect
|move|p1a: Zapdos|Heat Wave|p2a: Gliscor
|-activate|p2a: Gliscor|move: Protect
|
|-heal|p2a: Gliscor|100/100|[from] item: Leftovers
|upkeep
|turn|23
|
|t:|1758261717
|move|p1a: Zapdos|Heat Wave|p2a: Gliscor
|-damage|p2a: Gliscor|63/100
|move|p2a: Gliscor|Substitute|p2a: Gliscor
|-start|p2a: Gliscor|Substitute
|-damage|p2a: Gliscor|38/100
|
|-heal|p2a: Gliscor|45/100|[from] item: Leftovers
|upkeep
|turn|24
|
|t:|1758261726
|move|p2a: Gliscor|Protect|p2a: Gliscor
|-singleturn|p2a: Gliscor|Protect
|move|p1a: Zapdos|Heat Wave|p2a: Gliscor
|-activate|p2a: Gliscor|move: Protect
|
|-heal|p2a: Gliscor|51/100|[from] item: Leftovers
|upkeep
|turn|25
|
|t:|1758261736
|move|p1a: Zapdos|Heat Wave|p2a: Gliscor
|-end|p2a: Gliscor|Substitute
|move|p2a: Gliscor|Toxic|p1a: Zapdos
|-status|p1a: Zapdos|tox
|
|-heal|p2a: Gliscor|57/100|[from] item: Leftovers
|-damage|p1a: Zapdos|94/100 tox|[from] psn
|upkeep
|turn|26
|
|t:|1758261744
|move|p2a: Gliscor|Protect|p2a: Gliscor
|-singleturn|p2a: Gliscor|Protect
|move|p1a: Zapdos|Heat Wave|p2a: Gliscor
|-activate|p2a: Gliscor|move: Protect
|
|-heal|p2a: Gliscor|63/100|[from] item: Leftovers
|-damage|p1a: Zapdos|82/100 tox|[from] psn
|upkeep
|turn|27
|
|t:|1758261756
|move|p1a: Zapdos|Heat Wave|p2a: Gliscor
|-damage|p2a: Gliscor|26/100
|move|p2a: Gliscor|Substitute|p2a: Gliscor
|-start|p2a: Gliscor|Substitute
|-damage|p2a: Gliscor|1/100
|
|-heal|p2a: Gliscor|8/100|[from] item: Leftovers
|-damage|p1a: Zapdos|63/100 tox|[from] psn
|upkeep
|turn|28
|
|t:|1758261764
|move|p2a: Gliscor|Protect|p2a: Gliscor
|-singleturn|p2a: Gliscor|Protect
|move|p1a: Zapdos|Heat Wave|p2a: Gliscor
|-activate|p2a: Gliscor|move: Protect
|
|-heal|p2a: Gliscor|14/100|[from] item: Leftovers
|-damage|p1a: Zapdos|38/100 tox|[from] psn
|upkeep
|turn|29
|
|t:|1758261774
|move|p1a: Zapdos|Roost|p1a: Zapdos
|-heal|p1a: Zapdos|88/100 tox
|-singleturn|p1a: Zapdos|move: Roost
|move|p2a: Gliscor|Substitute|p2a: Gliscor
|-fail|p2a: Gliscor|move: Substitute
|
|-heal|p2a: Gliscor|20/100|[from] item: Leftovers
|-damage|p1a: Zapdos|57/100 tox|[from] psn
|upkeep
|turn|30
|
|t:|1758261782
|move|p2a: Gliscor|Protect|p2a: Gliscor
|-singleturn|p2a: Gliscor|Protect
|move|p1a: Zapdos|Heat Wave|p2a: Gliscor
|-activate|p2a: Gliscor|move: Protect
|
|-heal|p2a: Gliscor|26/100|[from] item: Leftovers
|-damage|p1a: Zapdos|20/100 tox|[from] psn
|upkeep
|turn|31
|
|t:|1758261790
|move|p1a: Zapdos|Roost|p1a: Zapdos
|-heal|p1a: Zapdos|70/100 tox
|-singleturn|p1a: Zapdos|move: Roost
|move|p2a: Gliscor|Substitute|p2a: Gliscor
|-fail|p2a: Gliscor|move: Substitute
|
|-heal|p2a: Gliscor|32/100|[from] item: Leftovers
|-damage|p1a: Zapdos|27/100 tox|[from] psn
|upkeep
|turn|32
|c|☆Jimbowmin|oh?
|
|t:|1758261798
|move|p2a: Gliscor|Protect|p2a: Gliscor
|-singleturn|p2a: Gliscor|Protect
|move|p1a: Zapdos|Roost|p1a: Zapdos
|-heal|p1a: Zapdos|77/100 tox
|-singleturn|p1a: Zapdos|move: Roost
|
|-heal|p2a: Gliscor|39/100|[from] item: Leftovers
|-damage|p1a: Zapdos|27/100 tox|[from] psn
|upkeep
|turn|33
|
|t:|1758261808
|move|p1a: Zapdos|Roost|p1a: Zapdos
|-heal|p1a: Zapdos|77/100 tox
|-singleturn|p1a: Zapdos|move: Roost
|move|p2a: Gliscor|Substitute|p2a: Gliscor
|-fail|p2a: Gliscor|move: Substitute
|
|-heal|p2a: Gliscor|45/100|[from] item: Leftovers
|-damage|p1a: Zapdos|21/100 tox|[from] psn
|upkeep
|turn|34
|
|t:|1758261816
|move|p2a: Gliscor|Protect|p2a: Gliscor
|-singleturn|p2a: Gliscor|Protect
|move|p1a: Zapdos|Roost|p1a: Zapdos
|-heal|p1a: Zapdos|71/100 tox
|-singleturn|p1a: Zapdos|move: Roost
|
|-heal|p2a: Gliscor|51/100|[from] item: Leftovers
|-damage|p1a: Zapdos|9/100 tox|[from] psn
|upkeep
|turn|35
|
|t:|1758261826
|move|p1a: Zapdos|Heat Wave|p2a: Gliscor
|-end|p2a: Gliscor|Substitute
|move|p2a: Gliscor|Substitute|p2a: Gliscor
|-start|p2a: Gliscor|Substitute
|-damage|p2a: Gliscor|26/100
|
|-heal|p2a: Gliscor|32/100|[from] item: Leftovers
|-damage|p1a: Zapdos|0 fnt|[from] psn
|faint|p1a: Zapdos
|
|win|Jimbowmin
|raw|jslo32193's rating: 1147 &rarr; <strong>1120</strong><br />(-27 for losing)
|raw|Jimbowmin's rating: 1125 &rarr; <strong>1152</strong><br />(+27 for winning)
|c|☆Jimbowmin|gf beast
|c|☆jslo32193|lame
|c|☆Jimbowmin|skill
|l|☆Jimbowmin
|player|p2|
|c|☆jslo32193|sureee
|l|☆jslo32193
|player|p1|
