|j|☆SweatyRon
|j|☆master ball rus
|t:|1758294886
|gametype|singles
|player|p1|SweatyRon|gambler|1650
|player|p2|master ball rus|swimmer-gen4|1605
|gen|9
|tier|[Gen 9] OU
|rated|
|rule|HP Percentage Mod: HP is shown in percentages
|rule|Endless Battle Clause: Forcing endless battles is banned
|rule|Species Clause: Limit one of each Pokémon
|rule|OHKO Clause: OHKO moves are banned
|rule|Evasion Items Clause: Evasion items are banned
|rule|Evasion Moves Clause: Evasion moves are banned
|rule|Evasion Abilities Clause: Evasion abilities are banned
|rule|Sleep Moves Clause: Sleep-inducing moves are banned
|clearpoke
|poke|p1|Dragapult, F|
|poke|p1|Meowscarada, F|
|poke|p1|Dondozo, F|
|poke|p1|Heatran, M|
|poke|p1|Zapdos|
|poke|p1|Great Tusk|
|poke|p2|Gholdengo|
|poke|p2|Zamazenta-*|
|poke|p2|Ting-Lu|
|poke|p2|Clefable, F|
|poke|p2|Dragonite, M|
|poke|p2|Deoxys-Speed|
|teampreview
|inactive|Battle timer is ON: inactive players will automatically lose when time's up. (requested by SweatyRon)
|
|t:|1758294902
|teamsize|p1|6
|teamsize|p2|6
|start
|switch|p1a: Meowscarada|Meowscarada, F|100/100
|switch|p2a: Ting-Lu|Ting-Lu|100/100
|-ability|p2a: Ting-Lu|Vessel of Ruin
|turn|1
|
|t:|1758294907
|switch|p2a: Clefable|Clefable, F|100/100
|move|p1a: Meowscarada|U-turn|p2a: Clefable
|-start|p1a: Meowscarada|typechange|Bug|[from] ability: Protean
|-resisted|p2a: Clefable
|-damage|p2a: Clefable|88/100
|-damage|p1a: Meowscarada|84/100|[from] item: Rocky Helmet|[of] p2a: Clefable
|
|t:|1758294916
|switch|p1a: Heatran|Heatran, M|100/100|[from] U-turn
|
|upkeep
|turn|2
|
|t:|1758294921
|switch|p2a: Ting-Lu|Ting-Lu|100/100
|-ability|p2a: Ting-Lu|Vessel of Ruin
|move|p1a: Heatran|Stealth Rock|p2a: Ting-Lu
|-sidestart|p2: master ball rus|move: Stealth Rock
|
|upkeep
|turn|3
|
|t:|1758294928
|switch|p1a: Great Tusk|Great Tusk|100/100
|move|p2a: Ting-Lu|Spikes|p1a: Great Tusk
|-sidestart|p1: SweatyRon|Spikes
|
|upkeep
|turn|4
|
|t:|1758294931
|switch|p2a: Clefable|Clefable, F|88/100
|move|p1a: Great Tusk|Knock Off|p2a: Clefable
|-resisted|p2a: Clefable
|-damage|p2a: Clefable|78/100
|-damage|p1a: Great Tusk|84/100|[from] item: Rocky Helmet|[of] p2a: Clefable
|-enditem|p2a: Clefable|Rocky Helmet|[from] move: Knock Off|[of] p1a: Great Tusk
|
|upkeep
|turn|5
|
|t:|1758294941
|-end|p1a: Great Tusk|Protosynthesis|[silent]
|switch|p1a: Heatran|Heatran, M|100/100
|-damage|p1a: Heatran|88/100|[from] Spikes
|move|p2a: Clefable|Moonblast|p1a: Heatran
|-resisted|p1a: Heatran
|-damage|p1a: Heatran|83/100
|
|-heal|p1a: Heatran|90/100|[from] item: Leftovers
|upkeep
|turn|6
|
|t:|1758294951
|move|p1a: Heatran|Magma Storm|p2a: Clefable|[miss]
|-miss|p1a: Heatran|p2a: Clefable
|move|p2a: Clefable|Knock Off|p1a: Heatran
|-damage|p1a: Heatran|78/100
|-enditem|p1a: Heatran|Leftovers|[from] move: Knock Off|[of] p2a: Clefable
|
|upkeep
|turn|7
|
|t:|1758294958
|switch|p2a: Ting-Lu|Ting-Lu|100/100
|-damage|p2a: Ting-Lu|94/100|[from] Stealth Rock
|-ability|p2a: Ting-Lu|Vessel of Ruin
|move|p1a: Heatran|Magma Storm|p2a: Ting-Lu
|-damage|p2a: Ting-Lu|78/100
|-activate|p2a: Ting-Lu|move: Magma Storm|[of] p1a: Heatran
|
|-heal|p2a: Ting-Lu|84/100|[from] item: Leftovers
|-damage|p2a: Ting-Lu|72/100|[from] move: Magma Storm|[partiallytrapped]
|upkeep
|turn|8
|
|t:|1758294967
|switch|p1a: Meowscarada|Meowscarada, F|84/100
|-damage|p1a: Meowscarada|72/100|[from] Spikes
|move|p2a: Ting-Lu|Earthquake|p1a: Meowscarada
|-resisted|p1a: Meowscarada
|-damage|p1a: Meowscarada|44/100
|
|-heal|p2a: Ting-Lu|78/100|[from] item: Leftovers
|-end|p2a: Ting-Lu|Magma Storm|[partiallytrapped]|[silent]
|upkeep
|turn|9
|
|t:|1758294987
|move|p1a: Meowscarada|U-turn|p2a: Ting-Lu
|-start|p1a: Meowscarada|typechange|Bug|[from] ability: Protean
|-supereffective|p2a: Ting-Lu
|-damage|p2a: Ting-Lu|41/100
|
|t:|1758294990
|switch|p1a: Great Tusk|Great Tusk|84/100|[from] U-turn
|-damage|p1a: Great Tusk|72/100|[from] Spikes
|move|p2a: Ting-Lu|Whirlwind|p1a: Great Tusk
|-end|p1a: Great Tusk|Protosynthesis|[silent]
|drag|p1a: Dondozo|Dondozo, F|100/100
|-damage|p1a: Dondozo|88/100|[from] Spikes
|
|-heal|p2a: Ting-Lu|47/100|[from] item: Leftovers
|-heal|p1a: Dondozo|94/100|[from] item: Leftovers
|upkeep
|turn|10
|
|t:|1758294996
|move|p2a: Ting-Lu|Ruination|p1a: Dondozo
|-damage|p1a: Dondozo|47/100
|move|p1a: Dondozo|Waterfall|p2a: Ting-Lu
|-supereffective|p2a: Ting-Lu
|-damage|p2a: Ting-Lu|14/100
|
|-heal|p2a: Ting-Lu|20/100|[from] item: Leftovers
|-heal|p1a: Dondozo|53/100|[from] item: Leftovers
|upkeep
|turn|11
|
|t:|1758295004
|move|p2a: Ting-Lu|Ruination|p1a: Dondozo
|-damage|p1a: Dondozo|27/100
|move|p1a: Dondozo|Waterfall|p2a: Ting-Lu
|-supereffective|p2a: Ting-Lu
|-damage|p2a: Ting-Lu|0 fnt
|faint|p2a: Ting-Lu
|
|-heal|p1a: Dondozo|33/100|[from] item: Leftovers
|upkeep
|inactive|master ball rus has 120 seconds left.
|
|t:|1758295042
|switch|p2a: Deoxys|Deoxys-Speed|100/100
|-ability|p2a: Deoxys|Pressure
|turn|12
|
|t:|1758295047
|switch|p1a: Heatran|Heatran, M|78/100
|-damage|p1a: Heatran|65/100|[from] Spikes
|move|p2a: Deoxys|Nasty Plot|p2a: Deoxys
|-boost|p2a: Deoxys|spa|2
|
|upkeep
|turn|13
|inactive|master ball rus has 120 seconds left.
|inactive|SweatyRon has 120 seconds left.
|inactive|master ball rus has 90 seconds left.
|
|t:|1758295100
|move|p2a: Deoxys|Nasty Plot|p2a: Deoxys
|-boost|p2a: Deoxys|spa|2
|move|p1a: Heatran|Magma Storm|p2a: Deoxys
|-damage|p2a: Deoxys|33/100
|-activate|p2a: Deoxys|move: Magma Storm|[of] p1a: Heatran
|
|-damage|p2a: Deoxys|21/100|[from] move: Magma Storm|[partiallytrapped]
|upkeep
|turn|14
|inactive|master ball rus has 90 seconds left.
|
|t:|1758295106
|-terastallize|p2a: Deoxys|Electric
|move|p2a: Deoxys|Thunderbolt|p1a: Heatran
|-damage|p1a: Heatran|0 fnt
|faint|p1a: Heatran
|
|-end|p2a: Deoxys|Magma Storm|[partiallytrapped]|[silent]
|upkeep
|
|t:|1758295112
|switch|p1a: Meowscarada|Meowscarada, F|44/100
|-damage|p1a: Meowscarada|32/100|[from] Spikes
|turn|15
|
|t:|1758295117
|move|p1a: Meowscarada|U-turn|p2a: Deoxys
|-start|p1a: Meowscarada|typechange|Bug|[from] ability: Protean
|-damage|p2a: Deoxys|0 fnt
|faint|p2a: Deoxys
|
|t:|1758295124
|switch|p1a: Great Tusk|Great Tusk|72/100|[from] U-turn
|-damage|p1a: Great Tusk|59/100|[from] Spikes
|
|upkeep
|
|t:|1758295138
|switch|p2a: Clefable|Clefable, F|78/100
|turn|16
|
|t:|1758295141
|move|p1a: Great Tusk|Rapid Spin|p2a: Clefable
|-damage|p2a: Clefable|67/100
|-boost|p1a: Great Tusk|spe|1
|-sideend|p1: SweatyRon|Spikes|[from] move: Rapid Spin|[of] p1a: Great Tusk
|move|p2a: Clefable|Stealth Rock|p1a: Great Tusk
|-sidestart|p1: SweatyRon|move: Stealth Rock
|
|upkeep
|turn|17
|
|t:|1758295144
|move|p1a: Great Tusk|Rapid Spin|p2a: Clefable
|-damage|p2a: Clefable|55/100
|-boost|p1a: Great Tusk|spe|1
|-sideend|p1: SweatyRon|Stealth Rock|[from] move: Rapid Spin|[of] p1a: Great Tusk
|move|p2a: Clefable|Moonblast|p1a: Great Tusk
|-supereffective|p1a: Great Tusk
|-damage|p1a: Great Tusk|14/100
|-unboost|p1a: Great Tusk|spa|1
|
|upkeep
|turn|18
|
|t:|1758295149
|move|p1a: Great Tusk|Earthquake|p2a: Clefable
|-damage|p2a: Clefable|21/100
|move|p2a: Clefable|Moonblast|p1a: Great Tusk
|-supereffective|p1a: Great Tusk
|-crit|p1a: Great Tusk
|-damage|p1a: Great Tusk|0 fnt
|faint|p1a: Great Tusk
|-end|p1a: Great Tusk|Protosynthesis|[silent]
|
|upkeep
|
|t:|1758295158
|switch|p1a: Zapdos|Zapdos|100/100
|turn|19
|
|t:|1758295160
|move|p1a: Zapdos|Volt Switch|p2a: Clefable
|-damage|p2a: Clefable|0 fnt
|faint|p2a: Clefable
|
|t:|1758295173
|switch|p1a: Dondozo|Dondozo, F|33/100|[from] Volt Switch
|
|-heal|p1a: Dondozo|39/100|[from] item: Leftovers
|upkeep
|
|t:|1758295175
|switch|p2a: Zamazenta|Zamazenta|100/100
|-ability|p2a: Zamazenta|Dauntless Shield|boost
|-boost|p2a: Zamazenta|def|1
|turn|20
|
|t:|1758295180
|move|p2a: Zamazenta|Close Combat|p1a: Dondozo
|-damage|p1a: Dondozo|8/100
|-unboost|p2a: Zamazenta|def|1
|-unboost|p2a: Zamazenta|spd|1
|move|p1a: Dondozo|Rest|p1a: Dondozo
|-status|p1a: Dondozo|slp|[from] move: Rest
|-heal|p1a: Dondozo|100/100 slp|[silent]
|
|upkeep
|turn|21
|
|t:|1758295186
|switch|p1a: Zapdos|Zapdos|100/100
|move|p2a: Zamazenta|Crunch|p1a: Zapdos
|-damage|p1a: Zapdos|78/100
|-unboost|p1a: Zapdos|def|1
|-damage|p2a: Zamazenta|84/100|[from] item: Rocky Helmet|[of] p1a: Zapdos
|
|upkeep
|turn|22
|
|t:|1758295197
|-terastallize|p1a: Zapdos|Steel
|move|p2a: Zamazenta|Stone Edge|p1a: Zapdos
|-resisted|p1a: Zapdos
|-damage|p1a: Zapdos|56/100
|move|p1a: Zapdos|Hurricane|p2a: Zamazenta
|-supereffective|p2a: Zamazenta
|-damage|p2a: Zamazenta|0 fnt
|faint|p2a: Zamazenta
|
|upkeep
|
|t:|1758295206
|switch|p2a: Dragonite|Dragonite, M|100/100
|turn|23
|
|t:|1758295211
|move|p1a: Zapdos|Volt Switch|p2a: Dragonite
|-damage|p2a: Dragonite|86/100
|
|t:|1758295218
|switch|p1a: Dondozo|Dondozo, F|100/100 slp|[from] Volt Switch
|move|p2a: Dragonite|Earthquake|p1a: Dondozo
|-damage|p1a: Dondozo|79/100 slp
|
|-heal|p1a: Dondozo|85/100 slp|[from] item: Leftovers
|upkeep
|turn|24
|
|t:|1758295224
|cant|p1a: Dondozo|slp
|move|p1a: Dondozo|Sleep Talk|p1a: Dondozo
|move|p1a: Dondozo|Waterfall|p2a: Dragonite|[from] move: Sleep Talk
|-resisted|p2a: Dragonite
|-damage|p2a: Dragonite|73/100
|move|p2a: Dragonite|Dragon Tail|p1a: Dondozo
|-damage|p1a: Dondozo|66/100 slp
|drag|p1a: Zapdos|Zapdos, tera:Steel|56/100
|
|upkeep
|turn|25
|
|t:|1758295237
|move|p1a: Zapdos|Hurricane|p2a: Dragonite
|-damage|p2a: Dragonite|34/100
|-start|p2a: Dragonite|confusion
|-activate|p2a: Dragonite|confusion
|-damage|p2a: Dragonite|19/100|[from] confusion
|
|upkeep
|turn|26
|
|t:|1758295242
|move|p1a: Zapdos|Volt Switch|p2a: Dragonite
|-damage|p2a: Dragonite|0 fnt
|faint|p2a: Dragonite
|
|t:|1758295245
|switch|p1a: Meowscarada|Meowscarada, F|32/100|[from] Volt Switch
|
|upkeep
|
|t:|1758295247
|switch|p2a: Gholdengo|Gholdengo|100/100
|-damage|p2a: Gholdengo|94/100|[from] Stealth Rock
|-item|p2a: Gholdengo|Air Balloon
|turn|27
|
|t:|1758295250
|move|p1a: Meowscarada|Knock Off|p2a: Gholdengo
|-start|p1a: Meowscarada|typechange|Dark|[from] ability: Protean
|-supereffective|p2a: Gholdengo
|-damage|p2a: Gholdengo|31/100
|-enditem|p2a: Gholdengo|Air Balloon
|move|p2a: Gholdengo|Make It Rain|p1a: Meowscarada
|-damage|p1a: Meowscarada|0 fnt
|-unboost|p2a: Gholdengo|spa|1
|faint|p1a: Meowscarada
|
|upkeep
|-message|master ball rus forfeited.
|
|win|SweatyRon
|raw|SweatyRon's rating: 1650 &rarr; <strong>1667</strong><br />(+17 for winning)
|raw|master ball rus's rating: 1605 &rarr; <strong>1588</strong><br />(-17 for losing)
|l|☆master ball rus
|player|p2|
|l|☆SweatyRon
|player|p1|
