|j|☆guerrero105
|j|☆KittyCatViolet379
|t:|1758249038
|gametype|singles
|player|p1|guerrero105|170|1448
|player|p2|KittyCatViolet379|battlegirl-gen4|1418
|gen|9
|tier|[Gen 9] OU
|rated|
|rule|HP Percentage Mod: HP is shown in percentages
|rule|Endless Battle Clause: Forcing endless battles is banned
|rule|Species Clause: Limit one of each Pokémon
|rule|OHKO Clause: OHKO moves are banned
|rule|Evasion Items Clause: Evasion items are banned
|rule|Evasion Moves Clause: Evasion moves are banned
|rule|Evasion Abilities Clause: Evasion abilities are banned
|rule|Sleep Moves Clause: Sleep-inducing moves are banned
|clearpoke
|poke|p1|Clodsire, M|
|poke|p1|Mandibuzz, F|
|poke|p1|Sinistcha-Masterpiece|
|poke|p1|Cinderace, M|
|poke|p1|Tauros-Paldea-Aqua, M|
|poke|p1|Tinkaton, F|
|poke|p2|Meowscarada, F|
|poke|p2|Primarina, F|
|poke|p2|Great Tusk|
|poke|p2|Iron Moth|
|poke|p2|Scizor, M|
|poke|p2|Dragonite, M|
|teampreview
|
|t:|1758249067
|teamsize|p1|6
|teamsize|p2|6
|start
|switch|p1a: Cinderace|Cinderace, M|100/100
|switch|p2a: Silas|Scizor, M|100/100
|turn|1
|
|t:|1758249075
|switch|p2a: Zalophie|Primarina, F, shiny|100/100
|move|p1a: Cinderace|Pyro Ball|p2a: Zalophie
|-resisted|p2a: Zalophie
|-damage|p2a: Zalophie|59/100
|
|upkeep
|turn|2
|
|t:|1758249083
|move|p1a: Cinderace|U-turn|p2a: Zalophie
|-start|p1a: Cinderace|typechange|Bug|[from] ability: Libero
|-resisted|p2a: Zalophie
|-damage|p2a: Zalophie|35/100
|
|t:|1758249087
|switch|p1a: Tinkaton|Tinkaton, F|100/100|[from] U-turn
|-ability|p1a: Tinkaton|Mold Breaker
|-item|p1a: Tinkaton|Air Balloon
|move|p2a: Zalophie|Flip Turn|p1a: Tinkaton
|-damage|p1a: Tinkaton|81/100
|-enditem|p1a: Tinkaton|Air Balloon
|
|t:|1758249104
|switch|p2a: Tuskma Male|Great Tusk|100/100|[from] Flip Turn
|
|upkeep
|turn|3
|
|t:|1758249111
|switch|p1a: Mandibuzz|Mandibuzz, F|100/100
|move|p2a: Tuskma Male|Headlong Rush|p1a: Mandibuzz
|-immune|p1a: Mandibuzz
|
|upkeep
|turn|4
|
|t:|1758249118
|move|p2a: Tuskma Male|Stealth Rock|p1a: Mandibuzz
|-sidestart|p1: guerrero105|move: Stealth Rock
|move|p1a: Mandibuzz|U-turn|p2a: Tuskma Male
|-resisted|p2a: Tuskma Male
|-damage|p2a: Tuskma Male|97/100
|
|t:|1758249127
|switch|p1a: Tauros|Tauros-Paldea-Aqua, M|100/100|[from] U-turn
|-damage|p1a: Tauros|94/100|[from] Stealth Rock
|-ability|p1a: Tauros|Intimidate|boost
|-unboost|p2a: Tuskma Male|atk|1
|
|-heal|p1a: Tauros|100/100|[from] item: Leftovers
|upkeep
|turn|5
|
|t:|1758249135
|-end|p2a: Tuskma Male|Protosynthesis|[silent]
|switch|p2a: Ononokus|Dragonite, M|100/100
|move|p1a: Tauros|Bulk Up|p1a: Tauros
|-boost|p1a: Tauros|atk|1
|-boost|p1a: Tauros|def|1
|
|upkeep
|turn|6
|
|t:|1758249144
|move|p1a: Tauros|Trailblaze|p2a: Ononokus
|-resisted|p2a: Ononokus
|-damage|p2a: Ononokus|98/100
|-boost|p1a: Tauros|spe|1
|move|p2a: Ononokus|Dragon Dance|p2a: Ononokus
|-boost|p2a: Ononokus|atk|1
|-boost|p2a: Ononokus|spe|1
|
|upkeep
|turn|7
|
|t:|1758249152
|move|p1a: Tauros|Bulk Up|p1a: Tauros
|-boost|p1a: Tauros|atk|1
|-boost|p1a: Tauros|def|1
|move|p2a: Ononokus|Dragon Dance|p2a: Ononokus
|-boost|p2a: Ononokus|atk|1
|-boost|p2a: Ononokus|spe|1
|
|upkeep
|turn|8
|
|t:|1758249159
|move|p2a: Ononokus|Dragon Dance|p2a: Ononokus
|-boost|p2a: Ononokus|atk|1
|-boost|p2a: Ononokus|spe|1
|move|p1a: Tauros|Wave Crash|p2a: Ononokus
|-resisted|p2a: Ononokus
|-damage|p2a: Ononokus|42/100
|-damage|p1a: Tauros|82/100|[from] Recoil
|
|-heal|p1a: Tauros|88/100|[from] item: Leftovers
|upkeep
|turn|9
|
|t:|1758249175
|move|p2a: Ononokus|Earthquake|p1a: Tauros
|-damage|p1a: Tauros|41/100
|move|p1a: Tauros|Wave Crash|p2a: Ononokus
|-resisted|p2a: Ononokus
|-damage|p2a: Ononokus|0 fnt
|faint|p2a: Ononokus
|-damage|p1a: Tauros|28/100|[from] Recoil
|
|-heal|p1a: Tauros|34/100|[from] item: Leftovers
|upkeep
|
|t:|1758249181
|switch|p2a: Nyallia|Meowscarada, F|100/100
|turn|10
|
|t:|1758249189
|move|p2a: Nyallia|Flower Trick|p1a: Tauros
|-start|p2a: Nyallia|typechange|Grass|[from] ability: Protean
|-supereffective|p1a: Tauros
|-crit|p1a: Tauros
|-damage|p1a: Tauros|0 fnt
|faint|p1a: Tauros
|
|upkeep
|
|t:|1758249196
|switch|p1a: Mandibuzz|Mandibuzz, F|100/100
|turn|11
|
|t:|1758249207
|switch|p2a: Zalophie|Primarina, F, shiny|35/100
|move|p1a: Mandibuzz|Defog|p2a: Zalophie
|-unboost|p2a: Zalophie|evasion|1
|-sideend|p1: guerrero105|Stealth Rock|[from] move: Defog|[of] p1a: Mandibuzz
|
|upkeep
|turn|12
|
|t:|1758249215
|move|p2a: Zalophie|Whirlpool|p1a: Mandibuzz|[miss]
|-miss|p2a: Zalophie|p1a: Mandibuzz
|move|p1a: Mandibuzz|U-turn|p2a: Zalophie
|-resisted|p2a: Zalophie
|-damage|p2a: Zalophie|28/100
|
|t:|1758249221
|switch|p1a: Clodsire|Clodsire, M|100/100|[from] U-turn
|
|upkeep
|turn|13
|
|t:|1758249226
|move|p2a: Zalophie|Psychic Noise|p1a: Clodsire
|-supereffective|p1a: Clodsire
|-damage|p1a: Clodsire|71/100
|-start|p1a: Clodsire|move: Heal Block
|move|p1a: Clodsire|Stealth Rock|p2a: Zalophie
|-sidestart|p2: KittyCatViolet379|move: Stealth Rock
|
|upkeep
|turn|14
|
|t:|1758249234
|switch|p2a: Silas|Scizor, M|100/100
|-damage|p2a: Silas|88/100|[from] Stealth Rock
|move|p1a: Clodsire|Toxic|p2a: Silas
|-immune|p2a: Silas
|
|-end|p1a: Clodsire|move: Heal Block
|upkeep
|turn|15
|
|t:|1758249238
|switch|p1a: Mandibuzz|Mandibuzz, F|100/100
|move|p2a: Silas|Knock Off|p1a: Mandibuzz
|-resisted|p1a: Mandibuzz
|-damage|p1a: Mandibuzz|86/100
|-enditem|p1a: Mandibuzz|Heavy-Duty Boots|[from] move: Knock Off|[of] p2a: Silas
|
|upkeep
|turn|16
|
|t:|1758249246
|switch|p2a: Tuskma Male|Great Tusk|97/100
|move|p1a: Mandibuzz|U-turn|p2a: Tuskma Male
|-resisted|p2a: Tuskma Male
|-crit|p2a: Tuskma Male
|-damage|p2a: Tuskma Male|91/100
|
|t:|1758249252
|switch|p1a: Sinistcha|Sinistcha-Masterpiece|100/100|[from] U-turn
|
|upkeep
|turn|17
|
|t:|1758249261
|-end|p2a: Tuskma Male|Protosynthesis|[silent]
|switch|p2a: Mecha Mothra|Iron Moth|100/100
|-damage|p2a: Mecha Mothra|76/100|[from] Stealth Rock
|-enditem|p2a: Mecha Mothra|Booster Energy
|-activate|p2a: Mecha Mothra|ability: Quark Drive|[fromitem]
|-start|p2a: Mecha Mothra|quarkdrivespe
|move|p1a: Sinistcha|Matcha Gotcha|p2a: Mecha Mothra|[miss]
|-miss|p1a: Sinistcha|p2a: Mecha Mothra
|
|upkeep
|turn|18
|
|t:|1758249272
|switch|p1a: Clodsire|Clodsire, M|71/100
|move|p2a: Mecha Mothra|Substitute|p2a: Mecha Mothra
|-start|p2a: Mecha Mothra|Substitute
|-damage|p2a: Mecha Mothra|51/100
|
|-heal|p1a: Clodsire|77/100|[from] item: Leftovers
|upkeep
|turn|19
|
|t:|1758249278
|move|p2a: Mecha Mothra|Fiery Dance|p1a: Clodsire
|-damage|p1a: Clodsire|57/100
|move|p1a: Clodsire|Earthquake|p2a: Mecha Mothra
|-supereffective|p2a: Mecha Mothra
|-end|p2a: Mecha Mothra|Substitute
|
|-heal|p1a: Clodsire|63/100|[from] item: Leftovers
|upkeep
|turn|20
|
|t:|1758249282
|-end|p2a: Mecha Mothra|Quark Drive|[silent]
|switch|p2a: Silas|Scizor, M|88/100
|-damage|p2a: Silas|76/100|[from] Stealth Rock
|move|p1a: Clodsire|Earthquake|p2a: Silas
|-damage|p2a: Silas|48/100
|
|-heal|p1a: Clodsire|70/100|[from] item: Leftovers
|upkeep
|turn|21
|
|t:|1758249288
|switch|p1a: Mandibuzz|Mandibuzz, F|86/100
|move|p2a: Silas|Bullet Punch|p1a: Mandibuzz
|-damage|p1a: Mandibuzz|54/100
|
|upkeep
|turn|22
|
|t:|1758249297
|move|p2a: Silas|Bullet Punch|p1a: Mandibuzz
|-damage|p1a: Mandibuzz|23/100
|move|p1a: Mandibuzz|Foul Play|p2a: Silas
|-damage|p2a: Silas|0 fnt
|faint|p2a: Silas
|
|upkeep
|
|t:|1758249304
|switch|p2a: Zalophie|Primarina, F, shiny|28/100
|-damage|p2a: Zalophie|15/100|[from] Stealth Rock
|turn|23
|
|t:|1758249333
|switch|p1a: Sinistcha|Sinistcha-Masterpiece|100/100
|move|p2a: Zalophie|Moonblast|p1a: Sinistcha
|-damage|p1a: Sinistcha|29/100
|
|-heal|p1a: Sinistcha|35/100|[from] item: Leftovers
|upkeep
|turn|24
|
|t:|1758249342
|move|p1a: Sinistcha|Shadow Ball|p2a: Zalophie
|-damage|p2a: Zalophie|0 fnt
|faint|p2a: Zalophie
|
|-heal|p1a: Sinistcha|41/100|[from] item: Leftovers
|upkeep
|
|t:|1758249351
|switch|p2a: Nyallia|Meowscarada, F|100/100
|-damage|p2a: Nyallia|88/100|[from] Stealth Rock
|turn|25
|
|t:|1758249361
|move|p2a: Nyallia|Knock Off|p1a: Sinistcha
|-start|p2a: Nyallia|typechange|Dark|[from] ability: Protean
|-supereffective|p1a: Sinistcha
|-damage|p1a: Sinistcha|0 fnt
|-enditem|p1a: Sinistcha|Leftovers|[from] move: Knock Off|[of] p2a: Nyallia
|faint|p1a: Sinistcha
|
|upkeep
|
|t:|1758249365
|switch|p1a: Tinkaton|Tinkaton, F|81/100
|-ability|p1a: Tinkaton|Mold Breaker
|turn|26
|
|t:|1758249375
|switch|p2a: Tuskma Male|Great Tusk|91/100
|move|p1a: Tinkaton|Gigaton Hammer|p2a: Tuskma Male
|-damage|p2a: Tuskma Male|56/100
|
|upkeep
|turn|27
|
|t:|1758249382
|move|p1a: Tinkaton|Knock Off|p2a: Tuskma Male
|-resisted|p2a: Tuskma Male
|-damage|p2a: Tuskma Male|50/100
|-enditem|p2a: Tuskma Male|Heavy-Duty Boots|[from] move: Knock Off|[of] p1a: Tinkaton
|move|p2a: Tuskma Male|Rapid Spin|p1a: Tinkaton
|-resisted|p1a: Tinkaton
|-damage|p1a: Tinkaton|69/100
|-boost|p2a: Tuskma Male|spe|1
|-sideend|p2: KittyCatViolet379|Stealth Rock|[from] move: Rapid Spin|[of] p2a: Tuskma Male
|
|upkeep
|turn|28
|
|t:|1758249397
|switch|p1a: Mandibuzz|Mandibuzz, F|23/100
|move|p2a: Tuskma Male|Stealth Rock|p1a: Mandibuzz
|-sidestart|p1: guerrero105|move: Stealth Rock
|
|upkeep
|turn|29
|
|t:|1758249410
|move|p2a: Tuskma Male|Ice Spinner|p1a: Mandibuzz
|-supereffective|p1a: Mandibuzz
|-damage|p1a: Mandibuzz|0 fnt
|faint|p1a: Mandibuzz
|
|upkeep
|
|t:|1758249414
|switch|p1a: Cinderace|Cinderace, M|100/100
|turn|30
|
|t:|1758249418
|move|p1a: Cinderace|Sucker Punch|p2a: Tuskma Male
|-start|p1a: Cinderace|typechange|Dark|[from] ability: Libero
|-resisted|p2a: Tuskma Male
|-damage|p2a: Tuskma Male|37/100
|move|p2a: Tuskma Male|Headlong Rush|p1a: Cinderace
|-damage|p1a: Cinderace|9/100
|-unboost|p2a: Tuskma Male|def|1
|-unboost|p2a: Tuskma Male|spd|1
|
|upkeep
|turn|31
|
|t:|1758249427
|move|p1a: Cinderace|Sucker Punch|p2a: Tuskma Male
|-resisted|p2a: Tuskma Male
|-damage|p2a: Tuskma Male|20/100
|move|p2a: Tuskma Male|Rapid Spin|p1a: Cinderace
|-damage|p1a: Cinderace|0 fnt
|-boost|p2a: Tuskma Male|spe|1
|faint|p1a: Cinderace
|
|upkeep
|-message|guerrero105 forfeited.
|
|win|KittyCatViolet379
|raw|guerrero105's rating: 1448 &rarr; <strong>1426</strong><br />(-22 for losing)
|raw|KittyCatViolet379's rating: 1418 &rarr; <strong>1440</strong><br />(+22 for winning)
|l|☆guerrero105
|player|p1|
|c|☆KittyCatViolet379|ggs
|l|☆KittyCatViolet379
|player|p2|
