|j|☆grunt92
|j|☆apotato135
|t:|1758328522
|gametype|singles
|player|p1|grunt92|rocketgrunt|1393
|player|p2|apotato135|swimmer-gen4dp|1484
|gen|9
|tier|[Gen 9] OU
|rated|
|rule|HP Percentage Mod: HP is shown in percentages
|rule|Endless Battle Clause: Forcing endless battles is banned
|rule|Species Clause: Limit one of each Pokémon
|rule|OHKO Clause: OHKO moves are banned
|rule|Evasion Items Clause: Evasion items are banned
|rule|Evasion Moves Clause: Evasion moves are banned
|rule|Evasion Abilities Clause: Evasion abilities are banned
|rule|Sleep Moves Clause: Sleep-inducing moves are banned
|clearpoke
|poke|p1|Garchomp, M|
|poke|p1|Great Tusk|
|poke|p1|Skarmory, F|
|poke|p1|Clefable, F|
|poke|p1|Ogerpon-Wellspring, F|
|poke|p1|Bellibolt, M|
|poke|p2|Ninetales-Alola, M|
|poke|p2|Kyurem|
|poke|p2|Cloyster, M|
|poke|p2|Enamorus, F|
|poke|p2|Primeape, M|
|poke|p2|Iron Treads|
|teampreview
|inactive|Battle timer is ON: inactive players will automatically lose when time's up. (requested by grunt92)
|
|t:|1758328536
|teamsize|p1|6
|teamsize|p2|6
|start
|switch|p1a: Bellibolt|Bellibolt, M|100/100
|switch|p2a: Ninetales|Ninetales-Alola, M|100/100
|-weather|Snowscape|[from] ability: Snow Warning|[of] p2a: Ninetales
|turn|1
|
|t:|1758328544
|move|p2a: Ninetales|Aurora Veil|p2a: Ninetales
|-sidestart|p2: apotato135|move: Aurora Veil
|move|p1a: Bellibolt|Toxic|p2a: Ninetales
|-status|p2a: Ninetales|tox
|
|-weather|Snowscape|[upkeep]
|-damage|p2a: Ninetales|94/100 tox|[from] psn
|upkeep
|turn|2
|
|t:|1758328551
|move|p2a: Ninetales|Encore|p1a: Bellibolt
|-start|p1a: Bellibolt|Encore
|move|p1a: Bellibolt|Toxic|p2a: Ninetales|[miss]
|-miss|p1a: Bellibolt|p2a: Ninetales
|
|-weather|Snowscape|[upkeep]
|-damage|p2a: Ninetales|82/100 tox|[from] psn
|upkeep
|turn|3
|
|t:|1758328557
|switch|p2a: Iron Treads|Iron Treads|100/100
|-enditem|p2a: Iron Treads|Booster Energy
|-activate|p2a: Iron Treads|ability: Quark Drive|[fromitem]
|-start|p2a: Iron Treads|quarkdrivespe
|move|p1a: Bellibolt|Toxic|p2a: Iron Treads
|-immune|p2a: Iron Treads
|
|-weather|Snowscape|[upkeep]
|upkeep
|turn|4
|
|t:|1758328562
|switch|p1a: Great Tusk|Great Tusk|100/100
|move|p2a: Iron Treads|Stealth Rock|p1a: Great Tusk
|-sidestart|p1: grunt92|move: Stealth Rock
|
|-weather|Snowscape|[upkeep]
|upkeep
|turn|5
|
|t:|1758328570
|move|p2a: Iron Treads|Earth Power|p1a: Great Tusk
|-damage|p1a: Great Tusk|51/100
|move|p1a: Great Tusk|Ice Spinner|p2a: Iron Treads
|-damage|p2a: Iron Treads|88/100
|
|-weather|none
|upkeep
|turn|6
|
|t:|1758328583
|-end|p1a: Great Tusk|Protosynthesis|[silent]
|switch|p1a: Ogerpon|Ogerpon-Wellspring, F|100/100
|-damage|p1a: Ogerpon|88/100|[from] Stealth Rock
|move|p2a: Iron Treads|Steel Beam|p1a: Ogerpon
|-resisted|p1a: Ogerpon
|-damage|p1a: Ogerpon|57/100
|-damage|p2a: Iron Treads|38/100|[from] steelbeam
|
|upkeep
|turn|7
|
|t:|1758328591
|-end|p2a: Iron Treads|Quark Drive|[silent]
|switch|p2a: Cloyster|Cloyster, M|100/100
|move|p1a: Ogerpon|Ivy Cudgel|p2a: Cloyster|[anim] Ivy Cudgel Water
|-resisted|p2a: Cloyster
|-damage|p2a: Cloyster|90/100
|
|upkeep
|turn|8
|
|t:|1758328601
|switch|p1a: Clefable|Clefable, F|100/100
|move|p2a: Cloyster|Shell Smash|p2a: Cloyster
|-unboost|p2a: Cloyster|def|1
|-unboost|p2a: Cloyster|spd|1
|-boost|p2a: Cloyster|atk|2
|-boost|p2a: Cloyster|spa|2
|-boost|p2a: Cloyster|spe|2
|
|-sideend|p2: apotato135|move: Aurora Veil
|upkeep
|turn|9
|
|t:|1758328606
|-terastallize|p2a: Cloyster|Ice
|move|p2a: Cloyster|Icicle Spear|p1a: Clefable
|-damage|p1a: Clefable|87/100
|-damage|p1a: Clefable|74/100
|-damage|p1a: Clefable|59/100
|-damage|p1a: Clefable|45/100
|-damage|p1a: Clefable|32/100
|-hitcount|p1a: Clefable|5
|move|p1a: Clefable|Moonblast|p2a: Cloyster
|-damage|p2a: Cloyster|7/100
|
|upkeep
|turn|10
|
|t:|1758328613
|move|p2a: Cloyster|Icicle Spear|p1a: Clefable
|-damage|p1a: Clefable|17/100
|-damage|p1a: Clefable|2/100
|-damage|p1a: Clefable|0 fnt
|faint|p1a: Clefable
|-hitcount|p1: Clefable|3
|
|upkeep
|
|t:|1758328624
|switch|p1a: Great Tusk|Great Tusk|51/100
|-damage|p1a: Great Tusk|48/100|[from] Stealth Rock
|turn|11
|
|t:|1758328627
|move|p1a: Great Tusk|Rapid Spin|p2a: Cloyster
|-crit|p2a: Cloyster
|-damage|p2a: Cloyster|0 fnt
|-boost|p1a: Great Tusk|spe|1
|-sideend|p1: grunt92|Stealth Rock|[from] move: Rapid Spin|[of] p1a: Great Tusk
|faint|p2a: Cloyster
|
|upkeep
|inactive|apotato135 has 120 seconds left.
|
|t:|1758328659
|switch|p2a: Kyurem|Kyurem|100/100
|-ability|p2a: Kyurem|Pressure
|turn|12
|
|t:|1758328666
|-end|p1a: Great Tusk|Protosynthesis|[silent]
|switch|p1a: Bellibolt|Bellibolt, M|100/100
|move|p2a: Kyurem|Dragon Dance|p2a: Kyurem
|-boost|p2a: Kyurem|atk|1
|-boost|p2a: Kyurem|spe|1
|
|upkeep
|turn|13
|
|t:|1758328678
|move|p2a: Kyurem|Icicle Spear|p1a: Bellibolt
|-damage|p1a: Bellibolt|80/100
|-start|p1a: Bellibolt|Charge|Icicle Spear|[from] ability: Electromorphosis
|-damage|p1a: Bellibolt|63/100
|-start|p1a: Bellibolt|Charge|Icicle Spear|[from] ability: Electromorphosis
|-damage|p1a: Bellibolt|44/100
|-start|p1a: Bellibolt|Charge|Icicle Spear|[from] ability: Electromorphosis
|-damage|p1a: Bellibolt|24/100
|-start|p1a: Bellibolt|Charge|Icicle Spear|[from] ability: Electromorphosis
|-damage|p1a: Bellibolt|4/100
|-start|p1a: Bellibolt|Charge|Icicle Spear|[from] ability: Electromorphosis
|-hitcount|p1a: Bellibolt|5
|move|p1a: Bellibolt|Toxic|p2a: Kyurem
|-status|p2a: Kyurem|tox
|
|-damage|p2a: Kyurem|94/100 tox|[from] psn
|upkeep
|turn|14
|
|t:|1758328686
|move|p2a: Kyurem|Icicle Spear|p1a: Bellibolt
|-damage|p1a: Bellibolt|0 fnt
|faint|p1a: Bellibolt
|-hitcount|p1: Bellibolt|1
|
|-damage|p2a: Kyurem|82/100 tox|[from] psn
|upkeep
|
|t:|1758328690
|switch|p1a: Skarmory|Skarmory, F|100/100
|turn|15
|
|t:|1758328697
|switch|p2a: Ninetales|Ninetales-Alola, M|82/100 tox
|-weather|Snowscape|[from] ability: Snow Warning|[of] p2a: Ninetales
|move|p1a: Skarmory|Body Press|p2a: Ninetales
|-damage|p2a: Ninetales|58/100 tox
|
|-weather|Snowscape|[upkeep]
|-damage|p2a: Ninetales|52/100 tox|[from] psn
|upkeep
|turn|16
|
|t:|1758328704
|switch|p1a: Ogerpon|Ogerpon-Wellspring, F|57/100
|move|p2a: Ninetales|Aurora Veil|p2a: Ninetales
|-sidestart|p2: apotato135|move: Aurora Veil
|
|-weather|Snowscape|[upkeep]
|-damage|p2a: Ninetales|40/100 tox|[from] psn
|upkeep
|turn|17
|
|t:|1758328709
|switch|p2a: Enamorus|Enamorus, F|100/100
|move|p1a: Ogerpon|Encore||[still]
|-fail|p1a: Ogerpon
|
|-weather|Snowscape|[upkeep]
|upkeep
|turn|18
|
|t:|1758328726
|move|p2a: Enamorus|Moonblast|p1a: Ogerpon
|-damage|p1a: Ogerpon|0 fnt
|faint|p1a: Ogerpon
|
|-weather|Snowscape|[upkeep]
|upkeep
|
|t:|1758328733
|switch|p1a: Skarmory|Skarmory, F|100/100
|turn|19
|
|t:|1758328738
|switch|p2a: Primeape|Primeape, M|100/100
|move|p1a: Skarmory|Stealth Rock|p2a: Primeape
|-sidestart|p2: apotato135|move: Stealth Rock
|
|-weather|none
|upkeep
|turn|20
|
|t:|1758328746
|move|p2a: Primeape|Taunt|p1a: Skarmory
|-start|p1a: Skarmory|move: Taunt
|cant|p1a: Skarmory|move: Taunt|Iron Defense
|
|upkeep
|turn|21
|
|t:|1758328750
|switch|p1a: Garchomp|Garchomp, M|100/100
|move|p2a: Primeape|Bulk Up|p2a: Primeape
|-boost|p2a: Primeape|atk|1
|-boost|p2a: Primeape|def|1
|
|upkeep
|turn|22
|
|t:|1758328757
|switch|p2a: Enamorus|Enamorus, F|100/100
|-damage|p2a: Enamorus|76/100|[from] Stealth Rock
|move|p1a: Garchomp|Outrage|p2a: Enamorus
|-immune|p2a: Enamorus
|
|upkeep
|turn|23
|
|t:|1758328765
|switch|p1a: Skarmory|Skarmory, F|100/100
|move|p2a: Enamorus|Moonblast|p1a: Skarmory
|-resisted|p1a: Skarmory
|-damage|p1a: Skarmory|61/100
|
|-sideend|p2: apotato135|move: Aurora Veil
|upkeep
|turn|24
|
|t:|1758328780
|move|p2a: Enamorus|Moonblast|p1a: Skarmory
|-resisted|p1a: Skarmory
|-damage|p1a: Skarmory|22/100
|move|p1a: Skarmory|Body Press|p2a: Enamorus
|-resisted|p2a: Enamorus
|-damage|p2a: Enamorus|63/100
|
|upkeep
|turn|25
|
|t:|1758328793
|move|p2a: Enamorus|Moonblast|p1a: Skarmory
|-resisted|p1a: Skarmory
|-crit|p1a: Skarmory
|-damage|p1a: Skarmory|0 fnt
|faint|p1a: Skarmory
|
|upkeep
|
|t:|1758328797
|switch|p1a: Garchomp|Garchomp, M|100/100
|turn|26
|
|t:|1758328809
|switch|p2a: Ninetales|Ninetales-Alola, M|40/100 tox
|-damage|p2a: Ninetales|15/100 tox|[from] Stealth Rock
|-weather|Snowscape|[from] ability: Snow Warning|[of] p2a: Ninetales
|-terastallize|p1a: Garchomp|Electric
|move|p1a: Garchomp|Tera Blast|p2a: Ninetales|[anim] Tera Blast Electric
|-damage|p2a: Ninetales|0 fnt
|faint|p2a: Ninetales
|
|-weather|Snowscape|[upkeep]
|upkeep
|
|t:|1758328813
|switch|p2a: Iron Treads|Iron Treads|38/100
|-damage|p2a: Iron Treads|35/100|[from] Stealth Rock
|turn|27
|
|t:|1758328818
|switch|p1a: Great Tusk|Great Tusk|48/100
|move|p2a: Iron Treads|Rapid Spin|p1a: Great Tusk
|-damage|p1a: Great Tusk|39/100
|-boost|p2a: Iron Treads|spe|1
|-sideend|p2: apotato135|Stealth Rock|[from] move: Rapid Spin|[of] p2a: Iron Treads
|
|-weather|Snowscape|[upkeep]
|upkeep
|turn|28
|
|t:|1758328822
|move|p2a: Iron Treads|Earth Power|p1a: Great Tusk
|-damage|p1a: Great Tusk|0 fnt
|faint|p1a: Great Tusk
|-end|p1a: Great Tusk|Protosynthesis|[silent]
|
|-weather|Snowscape|[upkeep]
|upkeep
|
|t:|1758328825
|switch|p1a: Garchomp|Garchomp, M, tera:Electric|100/100
|turn|29
|
|t:|1758328831
|move|p2a: Iron Treads|Earth Power|p1a: Garchomp
|-supereffective|p1a: Garchomp
|-damage|p1a: Garchomp|27/100
|move|p1a: Garchomp|Fire Fang|p2a: Iron Treads
|-supereffective|p2a: Iron Treads
|-damage|p2a: Iron Treads|0 fnt
|faint|p2a: Iron Treads
|-end|p2a: Iron Treads|Quark Drive|[silent]
|
|-weather|Snowscape|[upkeep]
|upkeep
|-message|grunt92 forfeited.
|
|win|apotato135
|raw|grunt92's rating: 1393 &rarr; <strong>1378</strong><br />(-15 for losing)
|raw|apotato135's rating: 1484 &rarr; <strong>1499</strong><br />(+15 for winning)
|l|☆grunt92
|player|p1|
|l|☆apotato135
|player|p2|
