|j|☆ImNotSureAnymore
|j|☆alexismarelli
|t:|1758239892
|gametype|singles
|player|p1|ImNotSureAnymore|aromalady|1161
|player|p2|alexismarelli|101|1110
|gen|9
|tier|[Gen 9] OU
|rated|
|rule|HP Percentage Mod: HP is shown in percentages
|rule|Endless Battle Clause: Forcing endless battles is banned
|rule|Species Clause: Limit one of each Pokémon
|rule|OHKO Clause: OHKO moves are banned
|rule|Evasion Items Clause: Evasion items are banned
|rule|Evasion Moves Clause: Evasion moves are banned
|rule|Evasion Abilities Clause: Evasion abilities are banned
|rule|Sleep Moves Clause: Sleep-inducing moves are banned
|clearpoke
|poke|p1|Hatterene, F|
|poke|p1|Alomomola, F|
|poke|p1|Crocalor, M|
|poke|p1|Altaria, M|
|poke|p1|Klefki, M|
|poke|p1|Goodra-Hisui, F|
|poke|p2|Ceruledge, M|
|poke|p2|Electrode-Hisui|
|poke|p2|Oricorio, F|
|poke|p2|Dewgong, F|
|poke|p2|Florges, F|
|poke|p2|Indeedee-F, F|
|teampreview
|inactive|Battle timer is ON: inactive players will automatically lose when time's up. (requested by ImNotSureAnymore)
|
|t:|1758239925
|teamsize|p1|6
|teamsize|p2|6
|start
|switch|p1a: Klefki|Klefki, M|100/100
|switch|p2a: Ceruledge|Ceruledge, M|100/100
|turn|1
|
|t:|1758239940
|switch|p1a: Alomomola|Alomomola, F|100/100
|move|p2a: Ceruledge|Bitter Blade|p1a: Alomomola
|-resisted|p1a: Alomomola
|-damage|p1a: Alomomola|89/100
|
|-heal|p1a: Alomomola|95/100|[from] item: Leftovers
|upkeep
|turn|2
|
|t:|1758239970
|switch|p2a: Electrode|Electrode-Hisui|100/100
|move|p1a: Alomomola|Scald|p2a: Electrode
|-resisted|p2a: Electrode
|-damage|p2a: Electrode|90/100
|
|-heal|p1a: Alomomola|100/100|[from] item: Leftovers
|upkeep
|turn|3
|
|t:|1758239976
|switch|p1a: Klefki|Klefki, M|100/100
|move|p2a: Electrode|Taunt|p1a: Klefki
|-start|p1a: Klefki|move: Taunt
|
|upkeep
|turn|4
|
|t:|1758239985
|move|p2a: Electrode|Volt Switch|p1a: Klefki
|-damage|p1a: Klefki|73/100
|-damage|p2a: Electrode|80/100|[from] item: Life Orb
|
|t:|1758239990
|switch|p2a: Ceruledge|Ceruledge, M|100/100|[from] Volt Switch
|move|p1a: Klefki|Foul Play|p2a: Ceruledge
|-supereffective|p2a: Ceruledge
|-damage|p2a: Ceruledge|15/100
|-ability|p2a: Ceruledge|Weak Armor|boost
|-unboost|p2a: Ceruledge|def|1
|-boost|p2a: Ceruledge|spe|2
|
|upkeep
|turn|5
|
|t:|1758239995
|switch|p1a: Alomomola|Alomomola, F|100/100
|move|p2a: Ceruledge|Poltergeist|p1a: Alomomola
|-activate|p1a: Alomomola|move: Poltergeist|Leftovers
|-damage|p1a: Alomomola|71/100
|
|-heal|p1a: Alomomola|77/100|[from] item: Leftovers
|upkeep
|turn|6
|
|t:|1758240009
|switch|p2a: Electrode|Electrode-Hisui|80/100
|move|p1a: Alomomola|Flip Turn|p2a: Electrode
|-resisted|p2a: Electrode
|-damage|p2a: Electrode|68/100
|
|t:|1758240011
|switch|p1a: Klefki|Klefki, M|73/100|[from] Flip Turn
|
|upkeep
|turn|7
|
|t:|1758240021
|move|p1a: Klefki|Switcheroo|p2a: Electrode
|-activate|p1a: Klefki|move: Trick|[of] p2a: Electrode
|-item|p2a: Electrode|Choice Scarf|[from] move: Switcheroo
|-item|p1a: Klefki|Life Orb|[from] move: Switcheroo
|move|p2a: Electrode|Volt Switch|p1a: Klefki
|-damage|p1a: Klefki|49/100
|
|t:|1758240030
|switch|p2a: Dewgong|Dewgong, F|100/100|[from] Volt Switch
|
|upkeep
|turn|8
|
|t:|1758240033
|move|p1a: Klefki|Draining Kiss|p2a: Dewgong
|-damage|p2a: Dewgong|88/100
|-heal|p1a: Klefki|60/100|[from] drain|[of] p2a: Dewgong
|-damage|p1a: Klefki|50/100|[from] item: Life Orb
|move|p2a: Dewgong|Surf|p1a: Klefki
|-damage|p1a: Klefki|29/100
|
|upkeep
|turn|9
|
|t:|1758240040
|switch|p1a: Alomomola|Alomomola, F|100/100
|move|p2a: Dewgong|Triple Axel|p1a: Alomomola
|-resisted|p1a: Alomomola
|-damage|p1a: Alomomola|98/100
|-resisted|p1a: Alomomola
|-damage|p1a: Alomomola|95/100
|-resisted|p1a: Alomomola
|-damage|p1a: Alomomola|89/100
|-hitcount|p1a: Alomomola|3
|
|-heal|p1a: Alomomola|95/100|[from] item: Leftovers
|upkeep
|turn|10
|inactive|ImNotSureAnymore has 120 seconds left.
|inactive|alexismarelli has 120 seconds left.
|
|t:|1758240083
|move|p1a: Alomomola|Flip Turn|p2a: Dewgong
|-resisted|p2a: Dewgong
|-damage|p2a: Dewgong|80/100
|
|t:|1758240087
|switch|p1a: Goodra|Goodra-Hisui, F|100/100|[from] Flip Turn
|move|p2a: Dewgong|Knock Off|p1a: Goodra
|-damage|p1a: Goodra|79/100
|-enditem|p1a: Goodra|Leftovers|[from] move: Knock Off|[of] p2a: Dewgong
|
|upkeep
|turn|11
|inactive|alexismarelli has 120 seconds left.
|
|t:|1758240095
|move|p2a: Dewgong|Triple Axel|p1a: Goodra
|-damage|p1a: Goodra|71/100
|-damage|p1a: Goodra|58/100
|-damage|p1a: Goodra|37/100
|-hitcount|p1a: Goodra|3
|move|p1a: Goodra|Flash Cannon|p2a: Dewgong
|-damage|p2a: Dewgong|62/100
|
|upkeep
|turn|12
|
|t:|1758240107
|switch|p1a: Alomomola|Alomomola, F|100/100
|move|p2a: Dewgong|Triple Axel|p1a: Alomomola|[miss]
|-miss|p2a: Dewgong|p1a: Alomomola
|
|upkeep
|turn|13
|
|t:|1758240112
|move|p1a: Alomomola|Scald|p2a: Dewgong
|-resisted|p2a: Dewgong
|-damage|p2a: Dewgong|58/100
|move|p2a: Dewgong|Knock Off|p1a: Alomomola
|-damage|p1a: Alomomola|87/100
|-enditem|p1a: Alomomola|Leftovers|[from] move: Knock Off|[of] p2a: Dewgong
|
|upkeep
|turn|14
|
|t:|1758240117
|switch|p2a: Electrode|Electrode-Hisui|68/100
|move|p1a: Alomomola|Scald|p2a: Electrode
|-resisted|p2a: Electrode
|-damage|p2a: Electrode|56/100
|
|upkeep
|turn|15
|
|t:|1758240121
|move|p1a: Alomomola|Protect|p1a: Alomomola
|-singleturn|p1a: Alomomola|Protect
|move|p2a: Electrode|Volt Switch|p1a: Alomomola
|-activate|p1a: Alomomola|move: Protect
|
|upkeep
|turn|16
|
|t:|1758240132
|switch|p1a: Goodra|Goodra-Hisui, F|37/100
|move|p2a: Electrode|Volt Switch|p1a: Goodra
|-resisted|p1a: Goodra
|-damage|p1a: Goodra|31/100
|
|t:|1758240136
|switch|p2a: Oricorio|Oricorio, F|100/100|[from] Volt Switch
|
|upkeep
|turn|17
|
|t:|1758240140
|move|p2a: Oricorio|Quiver Dance|p2a: Oricorio
|-boost|p2a: Oricorio|spa|1
|-boost|p2a: Oricorio|spd|1
|-boost|p2a: Oricorio|spe|1
|move|p1a: Goodra|Life Dew|p1a: Goodra
|-heal|p1a: Goodra|56/100
|
|upkeep
|turn|18
|
|t:|1758240147
|move|p2a: Oricorio|Revelation Dance|p1a: Goodra
|-damage|p1a: Goodra|32/100
|move|p1a: Goodra|Life Dew|p1a: Goodra
|-heal|p1a: Goodra|57/100
|
|upkeep
|turn|19
|
|t:|1758240151
|move|p2a: Oricorio|Quiver Dance|p2a: Oricorio
|-boost|p2a: Oricorio|spa|1
|-boost|p2a: Oricorio|spd|1
|-boost|p2a: Oricorio|spe|1
|move|p1a: Goodra|Life Dew|p1a: Goodra
|-heal|p1a: Goodra|82/100
|
|upkeep
|turn|20
|
|t:|1758240153
|switch|p1a: Crocalor|Crocalor, M|100/100
|move|p2a: Oricorio|Revelation Dance|p1a: Crocalor
|-resisted|p1a: Crocalor
|-damage|p1a: Crocalor|90/100
|
|upkeep
|turn|21
|
|t:|1758240157
|move|p2a: Oricorio|Hurricane|p1a: Crocalor
|-damage|p1a: Crocalor|67/100
|-start|p1a: Crocalor|confusion
|-activate|p1a: Crocalor|confusion
|move|p1a: Crocalor|Roar|p2a: Oricorio
|drag|p2a: Ceruledge|Ceruledge, M|15/100
|
|upkeep
|turn|22
|
|t:|1758240166
|switch|p1a: Alomomola|Alomomola, F|100/100
|move|p2a: Ceruledge|Poltergeist||[still]
|-fail|p2a: Ceruledge
|
|upkeep
|turn|23
|
|t:|1758240172
|switch|p2a: Electrode|Electrode-Hisui|56/100
|move|p1a: Alomomola|Scald|p2a: Electrode
|-resisted|p2a: Electrode
|-damage|p2a: Electrode|46/100
|-status|p2a: Electrode|brn
|
|-damage|p2a: Electrode|40/100 brn|[from] brn
|upkeep
|turn|24
|
|t:|1758240178
|move|p1a: Alomomola|Protect|p1a: Alomomola
|-singleturn|p1a: Alomomola|Protect
|move|p2a: Electrode|Volt Switch|p1a: Alomomola
|-activate|p1a: Alomomola|move: Protect
|
|-damage|p2a: Electrode|34/100 brn|[from] brn
|upkeep
|turn|25
|
|t:|1758240182
|switch|p1a: Goodra|Goodra-Hisui, F|82/100
|move|p2a: Electrode|Volt Switch|p1a: Goodra
|-resisted|p1a: Goodra
|-damage|p1a: Goodra|76/100
|
|t:|1758240186
|switch|p2a: Ceruledge|Ceruledge, M|15/100|[from] Volt Switch
|
|upkeep
|turn|26
|
|t:|1758240190
|move|p2a: Ceruledge|Bitter Blade|p1a: Goodra
|-damage|p1a: Goodra|36/100
|-heal|p2a: Ceruledge|40/100|[from] drain|[of] p1a: Goodra
|move|p1a: Goodra|Earthquake|p2a: Ceruledge
|-supereffective|p2a: Ceruledge
|-damage|p2a: Ceruledge|0 fnt
|faint|p2a: Ceruledge
|
|upkeep
|
|t:|1758240197
|switch|p2a: Oricorio|Oricorio, F|100/100
|turn|27
|
|t:|1758240206
|move|p2a: Oricorio|Quiver Dance|p2a: Oricorio
|-boost|p2a: Oricorio|spa|1
|-boost|p2a: Oricorio|spd|1
|-boost|p2a: Oricorio|spe|1
|move|p1a: Goodra|Life Dew|p1a: Goodra
|-heal|p1a: Goodra|61/100
|
|upkeep
|turn|28
|
|t:|1758240209
|move|p2a: Oricorio|Quiver Dance|p2a: Oricorio
|-boost|p2a: Oricorio|spa|1
|-boost|p2a: Oricorio|spd|1
|-boost|p2a: Oricorio|spe|1
|move|p1a: Goodra|Life Dew|p1a: Goodra
|-heal|p1a: Goodra|86/100
|
|upkeep
|turn|29
|
|t:|1758240213
|switch|p1a: Crocalor|Crocalor, M|67/100
|-terastallize|p2a: Oricorio|Ground
|move|p2a: Oricorio|Revelation Dance|p1a: Crocalor
|-supereffective|p1a: Crocalor
|-damage|p1a: Crocalor|29/100
|
|upkeep
|turn|30
|
|t:|1758240226
|-terastallize|p1a: Crocalor|Water
|move|p2a: Oricorio|Revelation Dance|p1a: Crocalor
|-damage|p1a: Crocalor|11/100
|move|p1a: Crocalor|Slack Off|p1a: Crocalor
|-heal|p1a: Crocalor|61/100
|
|upkeep
|turn|31
|
|t:|1758240233
|switch|p2a: Electrode|Electrode-Hisui|34/100 brn
|move|p1a: Crocalor|Slack Off|p1a: Crocalor
|-heal|p1a: Crocalor|100/100
|
|-damage|p2a: Electrode|28/100 brn|[from] brn
|upkeep
|turn|32
|
|t:|1758240237
|switch|p1a: Goodra|Goodra-Hisui, F|86/100
|move|p2a: Electrode|Thunderbolt|p1a: Goodra
|-resisted|p1a: Goodra
|-damage|p1a: Goodra|78/100
|
|-damage|p2a: Electrode|22/100 brn|[from] brn
|upkeep
|turn|33
|
|t:|1758240243
|switch|p2a: Florges|Florges, F|100/100
|move|p1a: Goodra|Draco Meteor|p2a: Florges
|-immune|p2a: Florges
|
|upkeep
|turn|34
|
|t:|1758240245
|move|p2a: Florges|Moonblast|p1a: Goodra
|-damage|p1a: Goodra|58/100
|move|p1a: Goodra|Flash Cannon|p2a: Florges
|-supereffective|p2a: Florges
|-damage|p2a: Florges|62/100
|
|-heal|p2a: Florges|68/100|[from] item: Leftovers
|upkeep
|turn|35
|
|t:|1758240251
|move|p2a: Florges|Moonblast|p1a: Goodra
|-damage|p1a: Goodra|40/100
|-unboost|p1a: Goodra|spa|1
|move|p1a: Goodra|Flash Cannon|p2a: Florges
|-supereffective|p2a: Florges
|-damage|p2a: Florges|43/100
|
|-heal|p2a: Florges|49/100|[from] item: Leftovers
|upkeep
|turn|36
|
|t:|1758240255
|move|p2a: Florges|Wish|p2a: Florges
|move|p1a: Goodra|Life Dew|p1a: Goodra
|-heal|p1a: Goodra|65/100
|
|-heal|p2a: Florges|55/100|[from] item: Leftovers
|upkeep
|turn|37
|
|t:|1758240263
|switch|p1a: Hatterene|Hatterene, F|100/100
|move|p2a: Florges|Moonblast|p1a: Hatterene
|-damage|p1a: Hatterene|60/100
|
|-heal|p2a: Florges|100/100|[from] move: Wish|[wisher] Florges
|-heal|p1a: Hatterene|66/100|[from] item: Leftovers
|upkeep
|turn|38
|
|t:|1758240270
|move|p2a: Florges|Moonblast|p1a: Hatterene
|-damage|p1a: Hatterene|25/100
|move|p1a: Hatterene|Future Sight|p2a: Florges
|-start|p1a: Hatterene|move: Future Sight
|
|-heal|p1a: Hatterene|31/100|[from] item: Leftovers
|upkeep
|turn|39
|
|t:|1758240275
|switch|p1a: Crocalor|Crocalor, M, tera:Water|100/100
|move|p2a: Florges|Moonblast|p1a: Crocalor
|-damage|p1a: Crocalor|79/100
|
|upkeep
|turn|40
|
|t:|1758240282
|switch|p2a: Electrode|Electrode-Hisui|22/100 brn
|move|p1a: Crocalor|Will-O-Wisp|p2a: Electrode
|-fail|p2a: Electrode|brn
|
|-end|p2a: Electrode|move: Future Sight
|-damage|p2a: Electrode|0 fnt
|faint|p2a: Electrode
|upkeep
|
|t:|1758240287
|switch|p2a: Dewgong|Dewgong, F|58/100
|turn|41
|
|t:|1758240290
|move|p2a: Dewgong|Knock Off|p1a: Crocalor
|-damage|p1a: Crocalor|60/100
|-enditem|p1a: Crocalor|Eviolite|[from] move: Knock Off|[of] p2a: Dewgong
|move|p1a: Crocalor|Will-O-Wisp|p2a: Dewgong|[miss]
|-miss|p1a: Crocalor|p2a: Dewgong
|
|upkeep
|turn|42
|
|t:|1758240297
|move|p2a: Dewgong|Knock Off|p1a: Crocalor
|-damage|p1a: Crocalor|40/100
|move|p1a: Crocalor|Will-O-Wisp|p2a: Dewgong
|-status|p2a: Dewgong|brn
|
|-damage|p2a: Dewgong|52/100 brn|[from] brn
|upkeep
|turn|43
|
|t:|1758240301
|move|p2a: Dewgong|Surf|p1a: Crocalor
|-resisted|p1a: Crocalor
|-damage|p1a: Crocalor|28/100
|move|p1a: Crocalor|Slack Off|p1a: Crocalor
|-heal|p1a: Crocalor|78/100
|
|-damage|p2a: Dewgong|46/100 brn|[from] brn
|upkeep
|turn|44
|
|t:|1758240305
|move|p2a: Dewgong|Surf|p1a: Crocalor
|-resisted|p1a: Crocalor
|-damage|p1a: Crocalor|67/100
|move|p1a: Crocalor|Slack Off|p1a: Crocalor
|-heal|p1a: Crocalor|100/100
|
|-damage|p2a: Dewgong|40/100 brn|[from] brn
|upkeep
|turn|45
|
|t:|1758240322
|move|p2a: Dewgong|Surf|p1a: Crocalor
|-resisted|p1a: Crocalor
|-damage|p1a: Crocalor|90/100
|move|p1a: Crocalor|Flamethrower|p2a: Dewgong
|-damage|p2a: Dewgong|31/100 brn
|
|-damage|p2a: Dewgong|25/100 brn|[from] brn
|upkeep
|turn|46
|
|t:|1758240328
|move|p2a: Dewgong|Surf|p1a: Crocalor
|-resisted|p1a: Crocalor
|-damage|p1a: Crocalor|79/100
|move|p1a: Crocalor|Flamethrower|p2a: Dewgong
|-damage|p2a: Dewgong|16/100 brn
|
|-damage|p2a: Dewgong|10/100 brn|[from] brn
|upkeep
|turn|47
|
|t:|1758240331
|move|p2a: Dewgong|Surf|p1a: Crocalor
|-resisted|p1a: Crocalor
|-damage|p1a: Crocalor|67/100
|move|p1a: Crocalor|Flamethrower|p2a: Dewgong
|-damage|p2a: Dewgong|1/100 brn
|
|-damage|p2a: Dewgong|0 fnt|[from] brn
|faint|p2a: Dewgong
|upkeep
|
|t:|1758240333
|switch|p2a: Indeedee|Indeedee-F, F|100/100
|-fieldstart|move: Psychic Terrain|[from] ability: Psychic Surge|[of] p2a: Indeedee
|turn|48
|
|t:|1758240337
|move|p2a: Indeedee|Psychic|p1a: Crocalor
|-damage|p1a: Crocalor|0 fnt
|faint|p1a: Crocalor
|
|upkeep
|
|t:|1758240347
|switch|p1a: Alomomola|Alomomola, F|100/100
|turn|49
|
|t:|1758240366
|move|p2a: Indeedee|Psychic|p1a: Alomomola
|-damage|p1a: Alomomola|19/100
|move|p1a: Alomomola|Wish|p1a: Alomomola
|
|upkeep
|turn|50
|
|t:|1758240370
|switch|p1a: Goodra|Goodra-Hisui, F|65/100
|move|p2a: Indeedee|Psychic|p1a: Goodra
|-resisted|p1a: Goodra
|-damage|p1a: Goodra|46/100
|
|-heal|p1a: Goodra|100/100|[from] move: Wish|[wisher] Alomomola
|upkeep
|turn|51
|
|t:|1758240379
|switch|p2a: Florges|Florges, F|100/100
|move|p1a: Goodra|Flash Cannon|p2a: Florges
|-supereffective|p2a: Florges
|-damage|p2a: Florges|60/100
|
|-heal|p2a: Florges|66/100|[from] item: Leftovers
|upkeep
|turn|52
|
|t:|1758240382
|move|p2a: Florges|Calm Mind|p2a: Florges
|-boost|p2a: Florges|spa|1
|-boost|p2a: Florges|spd|1
|move|p1a: Goodra|Flash Cannon|p2a: Florges
|-supereffective|p2a: Florges
|-damage|p2a: Florges|41/100
|
|-heal|p2a: Florges|47/100|[from] item: Leftovers
|-fieldend|move: Psychic Terrain
|upkeep
|turn|53
|
|t:|1758240385
|move|p2a: Florges|Wish|p2a: Florges
|move|p1a: Goodra|Flash Cannon|p2a: Florges
|-supereffective|p2a: Florges
|-damage|p2a: Florges|19/100
|
|-heal|p2a: Florges|25/100|[from] item: Leftovers
|upkeep
|turn|54
|
|t:|1758240387
|move|p2a: Florges|Calm Mind|p2a: Florges
|-boost|p2a: Florges|spa|1
|-boost|p2a: Florges|spd|1
|move|p1a: Goodra|Earthquake|p2a: Florges
|-damage|p2a: Florges|4/100
|
|-heal|p2a: Florges|54/100|[from] move: Wish|[wisher] Florges
|-heal|p2a: Florges|60/100|[from] item: Leftovers
|upkeep
|turn|55
|
|t:|1758240390
|move|p2a: Florges|Wish|p2a: Florges
|move|p1a: Goodra|Earthquake|p2a: Florges
|-damage|p2a: Florges|41/100
|
|-heal|p2a: Florges|47/100|[from] item: Leftovers
|upkeep
|turn|56
|
|t:|1758240391
|move|p2a: Florges|Calm Mind|p2a: Florges
|-boost|p2a: Florges|spa|1
|-boost|p2a: Florges|spd|1
|move|p1a: Goodra|Earthquake|p2a: Florges
|-damage|p2a: Florges|28/100
|
|-heal|p2a: Florges|78/100|[from] move: Wish|[wisher] Florges
|-heal|p2a: Florges|84/100|[from] item: Leftovers
|upkeep
|turn|57
|
|t:|1758240395
|move|p2a: Florges|Moonblast|p1a: Goodra
|-damage|p1a: Goodra|58/100
|move|p1a: Goodra|Earthquake|p2a: Florges
|-damage|p2a: Florges|64/100
|
|-heal|p2a: Florges|70/100|[from] item: Leftovers
|upkeep
|turn|58
|
|t:|1758240401
|move|p2a: Florges|Moonblast|p1a: Goodra
|-damage|p1a: Goodra|12/100
|move|p1a: Goodra|Flash Cannon|p2a: Florges
|-supereffective|p2a: Florges
|-damage|p2a: Florges|53/100
|
|-heal|p2a: Florges|59/100|[from] item: Leftovers
|upkeep
|turn|59
|
|t:|1758240405
|switch|p1a: Klefki|Klefki, M|29/100
|move|p2a: Florges|Wish|p2a: Florges
|
|-heal|p2a: Florges|65/100|[from] item: Leftovers
|upkeep
|turn|60
|
|t:|1758240411
|move|p1a: Klefki|Draining Kiss|p2a: Florges
|-damage|p2a: Florges|60/100
|-heal|p1a: Klefki|34/100|[from] drain|[of] p2a: Florges
|-damage|p1a: Klefki|24/100|[from] item: Life Orb
|move|p2a: Florges|Moonblast|p1a: Klefki
|-resisted|p1a: Klefki
|-damage|p1a: Klefki|0 fnt
|faint|p1a: Klefki
|
|-heal|p2a: Florges|100/100|[from] move: Wish|[wisher] Florges
|upkeep
|-message|ImNotSureAnymore forfeited.
|
|win|alexismarelli
|raw|ImNotSureAnymore's rating: 1161 &rarr; <strong>1132</strong><br />(-29 for losing)
|raw|alexismarelli's rating: 1110 &rarr; <strong>1139</strong><br />(+29 for winning)
|l|☆ImNotSureAnymore
|player|p1|
|l|☆alexismarelli
|player|p2|
