|j|☆Aggrhy
|j|☆VoltySwitch
|t:|1758332201
|gametype|singles
|player|p1|Aggrhy|red-masters|1351
|player|p2|VoltySwitch|twins-gen4dp|1388
|gen|9
|tier|[Gen 9] OU
|rated|
|rule|HP Percentage Mod: HP is shown in percentages
|rule|Endless Battle Clause: Forcing endless battles is banned
|rule|Species Clause: Limit one of each Pokémon
|rule|OHKO Clause: OHKO moves are banned
|rule|Evasion Items Clause: Evasion items are banned
|rule|Evasion Moves Clause: Evasion moves are banned
|rule|Evasion Abilities Clause: Evasion abilities are banned
|rule|Sleep Moves Clause: Sleep-inducing moves are banned
|clearpoke
|poke|p1|Pikachu, M|
|poke|p1|Metagross|
|poke|p1|Gardevoir, F|
|poke|p1|Glimmora, M|
|poke|p1|Milotic, M|
|poke|p1|Hydrapple, M|
|poke|p2|Dragapult, M|
|poke|p2|Great Tusk|
|poke|p2|Samurott-Hisui, M|
|poke|p2|Dragonite, M|
|poke|p2|Slowking-Galar, F|
|poke|p2|Ogerpon, F|
|teampreview
|inactive|Battle timer is ON: inactive players will automatically lose when time's up. (requested by Aggrhy)
|
|t:|1758332208
|teamsize|p1|6
|teamsize|p2|6
|start
|switch|p1a: Pikachu|Pikachu, M|100/100
|switch|p2a: Great Tusk|Great Tusk|100/100
|turn|1
|
|t:|1758332215
|-end|p2a: Great Tusk|Protosynthesis|[silent]
|switch|p2a: Slowking|Slowking-Galar, F|100/100
|move|p1a: Pikachu|Play Rough|p2a: Slowking
|-resisted|p2a: Slowking
|-damage|p2a: Slowking|86/100
|
|upkeep
|turn|2
|
|t:|1758332226
|move|p1a: Pikachu|Knock Off|p2a: Slowking
|-supereffective|p2a: Slowking
|-damage|p2a: Slowking|25/100
|-enditem|p2a: Slowking|Choice Band|[from] move: Knock Off|[of] p1a: Pikachu
|move|p2a: Slowking|Trick|p1a: Pikachu
|-activate|p2a: Slowking|move: Trick|[of] p1a: Pikachu
|-enditem|p1a: Pikachu|Light Ball|[silent]|[from] move: Trick
|-item|p2a: Slowking|Light Ball|[from] move: Trick
|
|upkeep
|turn|3
|
|t:|1758332234
|move|p1a: Pikachu|Volt Tackle|p2a: Slowking
|-damage|p2a: Slowking|0 fnt
|faint|p2a: Slowking
|-damage|p1a: Pikachu|85/100|[from] Recoil
|
|upkeep
|
|t:|1758332258
|switch|p2a: Dragonite|Dragonite, M|100/100
|turn|4
|
|t:|1758332263
|move|p2a: Dragonite|Extreme Speed|p1a: Pikachu
|-damage|p1a: Pikachu|0 fnt
|faint|p1a: Pikachu
|
|upkeep
|
|t:|1758332273
|switch|p1a: Hydrapple|Hydrapple, M|100/100
|turn|5
|
|t:|1758332282
|move|p2a: Dragonite|Extreme Speed|p1a: Hydrapple
|-damage|p1a: Hydrapple|70/100
|-damage|p2a: Dragonite|84/100|[from] item: Rocky Helmet|[of] p1a: Hydrapple
|move|p1a: Hydrapple|Fickle Beam|p2a: Dragonite
|-supereffective|p2a: Dragonite
|-damage|p2a: Dragonite|0 fnt
|faint|p2a: Dragonite
|
|upkeep
|
|t:|1758332292
|switch|p2a: Dragapult|Dragapult, M|100/100
|turn|6
|
|t:|1758332296
|switch|p1a: Milotic|Milotic, M|100/100
|move|p2a: Dragapult|Dragon Darts|p1a: Milotic
|-damage|p1a: Milotic|60/100
|-anim|p2a: Dragapult|Dragon Darts|p1a: Milotic
|-damage|p1a: Milotic|19/100
|
|-heal|p1a: Milotic|25/100|[from] item: Leftovers
|upkeep
|turn|7
|
|t:|1758332310
|switch|p2a: Ogerpon|Ogerpon, F|100/100
|move|p1a: Milotic|Scald|p2a: Ogerpon
|-resisted|p2a: Ogerpon
|-damage|p2a: Ogerpon|85/100
|
|-heal|p1a: Milotic|31/100|[from] item: Leftovers
|upkeep
|turn|8
|
|t:|1758332320
|move|p2a: Ogerpon|U-turn|p1a: Milotic
|-damage|p1a: Milotic|0 fnt
|faint|p1a: Milotic
|
|t:|1758332333
|switch|p2a: Great Tusk|Great Tusk|100/100|[from] U-turn
|
|upkeep
|
|t:|1758332337
|switch|p1a: Hydrapple|Hydrapple, M|100/100
|turn|9
|
|t:|1758332341
|move|p2a: Great Tusk|Ice Spinner|p1a: Hydrapple
|-supereffective|p1a: Hydrapple
|-damage|p1a: Hydrapple|0 fnt
|-damage|p2a: Great Tusk|84/100|[from] item: Rocky Helmet|[of] p1a: Hydrapple
|faint|p1a: Hydrapple
|
|upkeep
|
|t:|1758332347
|switch|p1a: Glimmora|Glimmora, M|100/100
|turn|10
|inactive|VoltySwitch has 120 seconds left.
|
|t:|1758332397
|-end|p2a: Great Tusk|Protosynthesis|[silent]
|switch|p2a: Samurott|Samurott-Hisui, M|100/100
|move|p1a: Glimmora|Reflect|p1a: Glimmora
|-sidestart|p1: Aggrhy|Reflect
|
|upkeep
|turn|11
|
|t:|1758332404
|move|p1a: Glimmora|Stealth Rock|p2a: Samurott
|-sidestart|p2: VoltySwitch|move: Stealth Rock
|move|p2a: Samurott|Aqua Cutter|p1a: Glimmora
|-supereffective|p1a: Glimmora
|-damage|p1a: Glimmora|27/100
|-activate|p1a: Glimmora|ability: Toxic Debris
|-sidestart|p2: VoltySwitch|move: Toxic Spikes
|
|upkeep
|turn|12
|inactive|VoltySwitch has 120 seconds left.
|
|t:|1758332412
|move|p1a: Glimmora|Mortal Spin|p2a: Samurott
|-damage|p2a: Samurott|93/100
|-status|p2a: Samurott|psn
|move|p2a: Samurott|Aqua Cutter|p1a: Glimmora
|-supereffective|p1a: Glimmora
|-damage|p1a: Glimmora|0 fnt
|-activate|p1a: Glimmora|ability: Toxic Debris
|-sidestart|p2: VoltySwitch|move: Toxic Spikes
|faint|p1a: Glimmora
|
|-damage|p2a: Samurott|80/100 psn|[from] psn
|upkeep
|
|t:|1758332425
|switch|p1a: Gardevoir|Gardevoir, F|100/100
|-ability|p1a: Gardevoir|Sharpness|Trace|[from] ability: Trace|[of] p2a: Samurott
|turn|13
|
|t:|1758332430
|move|p2a: Samurott|Aqua Cutter|p1a: Gardevoir
|-damage|p1a: Gardevoir|48/100
|move|p1a: Gardevoir|Moonblast|p2a: Samurott
|-supereffective|p2a: Samurott
|-damage|p2a: Samurott|0 fnt
|faint|p2a: Samurott
|
|upkeep
|
|t:|1758332443
|switch|p2a: Dragapult|Dragapult, M|100/100
|-damage|p2a: Dragapult|88/100|[from] Stealth Rock
|-status|p2a: Dragapult|tox
|turn|14
|
|t:|1758332449
|-terastallize|p2a: Dragapult|Ghost
|move|p2a: Dragapult|Tera Blast|p1a: Gardevoir|[anim] Tera Blast Ghost
|-supereffective|p1a: Gardevoir
|-damage|p1a: Gardevoir|0 fnt
|faint|p1a: Gardevoir
|
|-damage|p2a: Dragapult|82/100 tox|[from] psn
|upkeep
|
|t:|1758332458
|switch|p1a: Metagross|Metagross|100/100
|turn|15
|
|t:|1758332464
|-terastallize|p1a: Metagross|Flying
|move|p2a: Dragapult|Tera Blast|p1a: Metagross|[anim] Tera Blast Ghost
|-damage|p1a: Metagross|70/100
|move|p1a: Metagross|Knock Off|p2a: Dragapult
|-supereffective|p2a: Dragapult
|-damage|p2a: Dragapult|0 fnt
|-enditem|p2a: Dragapult|Choice Band|[from] move: Knock Off|[of] p1a: Metagross
|faint|p2a: Dragapult
|
|upkeep
|
|t:|1758332473
|switch|p2a: Ogerpon|Ogerpon, F|85/100
|-damage|p2a: Ogerpon|73/100|[from] Stealth Rock
|-status|p2a: Ogerpon|tox
|turn|16
|
|t:|1758332480
|move|p2a: Ogerpon|Knock Off|p1a: Metagross
|-damage|p1a: Metagross|54/100
|-enditem|p1a: Metagross|Assault Vest|[from] move: Knock Off|[of] p2a: Ogerpon
|move|p1a: Metagross|Psychic Fangs|p2a: Ogerpon
|-damage|p2a: Ogerpon|10/100 tox
|
|-damage|p2a: Ogerpon|4/100 tox|[from] psn
|upkeep
|turn|17
|
|t:|1758332489
|move|p2a: Ogerpon|Knock Off|p1a: Metagross
|-damage|p1a: Metagross|42/100
|move|p1a: Metagross|Psychic Fangs|p2a: Ogerpon
|-damage|p2a: Ogerpon|0 fnt
|faint|p2a: Ogerpon
|
|-sideend|p1: Aggrhy|Reflect
|upkeep
|
|t:|1758332493
|switch|p2a: Great Tusk|Great Tusk|84/100
|-damage|p2a: Great Tusk|81/100|[from] Stealth Rock
|-status|p2a: Great Tusk|tox
|turn|18
|
|t:|1758332502
|move|p2a: Great Tusk|Ice Spinner|p1a: Metagross
|-supereffective|p1a: Metagross
|-damage|p1a: Metagross|0 fnt
|faint|p1a: Metagross
|
|win|VoltySwitch
|raw|Aggrhy's rating: 1351 &rarr; <strong>1332</strong><br />(-19 for losing)
|raw|VoltySwitch's rating: 1367 &rarr; <strong>1386</strong><br />(+19 for winning)
|l|☆Aggrhy
|player|p1|
|l|☆VoltySwitch
|player|p2|
