|j|☆Disanbe
|j|☆koudaimiZo
|t:|1758280426
|gametype|singles
|player|p1|Disanbe|hiker-gen4|1056
|player|p2|koudaimiZo|brendan|1103
|gen|9
|tier|[Gen 9] OU
|rated|
|rule|HP Percentage Mod: HP is shown in percentages
|rule|Endless Battle Clause: Forcing endless battles is banned
|rule|Species Clause: Limit one of each Pokémon
|rule|OHKO Clause: OHKO moves are banned
|rule|Evasion Items Clause: Evasion items are banned
|rule|Evasion Moves Clause: Evasion moves are banned
|rule|Evasion Abilities Clause: Evasion abilities are banned
|rule|Sleep Moves Clause: Sleep-inducing moves are banned
|clearpoke
|poke|p1|Garchomp, F|
|poke|p1|Magnezone|
|poke|p1|Serperior, F|
|poke|p1|Milotic, M|
|poke|p1|Weezing-Galar, M|
|poke|p1|Ceruledge, M|
|poke|p2|Gliscor, F|
|poke|p2|Gardevoir, F|
|poke|p2|Dragapult, F|
|poke|p2|Great Tusk|
|poke|p2|Charizard, F|
|poke|p2|Corviknight, F|
|teampreview
|
|t:|1758280443
|teamsize|p1|6
|teamsize|p2|6
|start
|switch|p1a: Garchomp|Garchomp, F|100/100
|switch|p2a: Charizard|Charizard, F, shiny|100/100
|turn|1
|
|t:|1758280454
|move|p1a: Garchomp|Swords Dance|p1a: Garchomp
|-boost|p1a: Garchomp|atk|2
|move|p2a: Charizard|Belly Drum|p2a: Charizard
|-damage|p2a: Charizard|50/100
|-setboost|p2a: Charizard|atk|6|[from] move: Belly Drum
|-enditem|p2a: Charizard|Sitrus Berry|[eat]
|-heal|p2a: Charizard|75/100|[from] item: Sitrus Berry
|
|upkeep
|turn|2
|
|t:|1758280467
|-terastallize|p2a: Charizard|Flying
|move|p1a: Garchomp|Scale Shot|p2a: Charizard
|-damage|p2a: Charizard|37/100
|-damage|p2a: Charizard|0 fnt
|faint|p2a: Charizard
|-hitcount|p2: Charizard|2
|-unboost|p1a: Garchomp|def|1
|-boost|p1a: Garchomp|spe|1
|
|upkeep
|
|t:|1758280478
|switch|p2a: Gardevoir|Gardevoir, F, shiny|100/100
|-ability|p2a: Gardevoir|Rough Skin|Trace|[from] ability: Trace|[of] p1a: Garchomp
|turn|3
|
|t:|1758280488
|move|p1a: Garchomp|Iron Head|p2a: Gardevoir
|-supereffective|p2a: Gardevoir
|-damage|p2a: Gardevoir|0 fnt
|-damage|p1a: Garchomp|88/100|[from] ability: Rough Skin|[of] p2a: Gardevoir
|faint|p2a: Gardevoir
|
|upkeep
|
|t:|1758280495
|switch|p2a: Dragapult|Dragapult, F|100/100
|turn|4
|
|t:|1758280503
|-terastallize|p1a: Garchomp|Steel
|move|p1a: Garchomp|Scale Shot|p2a: Dragapult
|-supereffective|p2a: Dragapult
|-damage|p2a: Dragapult|32/100
|-supereffective|p2a: Dragapult
|-damage|p2a: Dragapult|0 fnt
|faint|p2a: Dragapult
|-hitcount|p2: Dragapult|2
|-unboost|p1a: Garchomp|def|1
|-boost|p1a: Garchomp|spe|1
|
|upkeep
|c|☆koudaimiZo|为什么你比我还快?
|c|☆koudaimiZo|不科学
|
|t:|1758280522
|switch|p2a: Gliscor|Gliscor, F, shiny|100/100
|turn|5
|c|☆Disanbe|what
|
|t:|1758280541
|move|p1a: Garchomp|Scale Shot|p2a: Gliscor
|-damage|p2a: Gliscor|80/100
|-damage|p2a: Gliscor|61/100
|-damage|p2a: Gliscor|42/100
|-damage|p2a: Gliscor|22/100
|-hitcount|p2a: Gliscor|4
|-unboost|p1a: Garchomp|def|1
|-boost|p1a: Garchomp|spe|1
|move|p2a: Gliscor|Toxic|p1a: Garchomp
|-immune|p1a: Garchomp
|
|-status|p2a: Gliscor|tox|[from] item: Toxic Orb
|upkeep
|turn|6
|c|☆koudaimiZo|?
|c|☆koudaimiZo|China
|c|☆Disanbe|ahh okey
|
|t:|1758280579
|move|p2a: Gliscor|Protect|p2a: Gliscor
|-singleturn|p2a: Gliscor|Protect
|move|p1a: Garchomp|Iron Head|p2a: Gliscor
|-activate|p2a: Gliscor|move: Protect
|
|-heal|p2a: Gliscor|34/100 tox|[from] ability: Poison Heal
|upkeep
|turn|7
|c|☆koudaimiZo|Why do you bite the land shark faster than me
|
|t:|1758280599
|move|p1a: Garchomp|Scale Shot|p2a: Gliscor
|-crit|p2a: Gliscor
|-damage|p2a: Gliscor|4/100 tox
|-damage|p2a: Gliscor|0 fnt
|faint|p2a: Gliscor
|-hitcount|p2: Gliscor|2
|-unboost|p1a: Garchomp|def|1
|-boost|p1a: Garchomp|spe|1
|
|upkeep
|
|t:|1758280608
|switch|p2a: Great Tusk|Great Tusk|100/100
|-enditem|p2a: Great Tusk|Booster Energy
|-activate|p2a: Great Tusk|ability: Protosynthesis|[fromitem]
|-start|p2a: Great Tusk|protosynthesisspe
|turn|8
|c|☆Disanbe|x3 in speed like
|c|☆Disanbe|999 speed 700 atk
|
|t:|1758280627
|move|p1a: Garchomp|Earthquake|p2a: Great Tusk
|-damage|p2a: Great Tusk|35/100
|move|p2a: Great Tusk|Ice Spinner|p1a: Garchomp
|-resisted|p1a: Garchomp
|-damage|p1a: Garchomp|56/100
|-damage|p2a: Great Tusk|23/100|[from] ability: Rough Skin|[of] p1a: Garchomp
|
|upkeep
|turn|9
|c|☆koudaimiZo|I am using Baidu Translate and cannot understand it
|
|t:|1758280646
|move|p1a: Garchomp|Earthquake|p2a: Great Tusk
|-damage|p2a: Great Tusk|0 fnt
|faint|p2a: Great Tusk
|-end|p2a: Great Tusk|Protosynthesis|[silent]
|
|upkeep
|c|☆Disanbe|oh
|
|t:|1758280651
|switch|p2a: Corviknight|Corviknight, F, shiny|100/100
|-ability|p2a: Corviknight|Pressure
|turn|10
|c|☆koudaimiZo|I have already lost. Please give me more guidance.
|
|t:|1758280677
|move|p1a: Garchomp|Swords Dance|p1a: Garchomp
|-boost|p1a: Garchomp|atk|2
|move|p2a: Corviknight|Brave Bird|p1a: Garchomp
|-resisted|p1a: Garchomp
|-damage|p1a: Garchomp|0 fnt
|-damage|p2a: Corviknight|88/100|[from] ability: Rough Skin|[of] p1a: Garchomp
|faint|p1a: Garchomp
|-damage|p2a: Corviknight|72/100|[from] Recoil
|
|-heal|p2a: Corviknight|78/100|[from] item: Leftovers
|upkeep
|
|t:|1758280707
|switch|p1a: Magnezone|Magnezone|100/100
|turn|11
|c|☆Disanbe|land shark had scale shot two times
|c|☆Disanbe|raises speed two levels
|c|☆koudaimiZo|I didn't expect it. The speed is so fast
|c|☆Disanbe|hehe
|c|☆koudaimiZo|Bye-bye
|c|☆Disanbe|ggs
|
|t:|1758280742
|move|p1a: Magnezone|Thunderbolt|p2a: Corviknight
|-supereffective|p2a: Corviknight
|-damage|p2a: Corviknight|0 fnt
|faint|p2a: Corviknight
|
|win|Disanbe
|raw|Disanbe's rating: 1056 &rarr; <strong>1092</strong><br />(+36 for winning)
|raw|koudaimiZo's rating: 1103 &rarr; <strong>1075</strong><br />(-28 for losing)
