|j|☆Charle_phate
|j|☆Blockbuilder50
|t:|1758347419
|gametype|singles
|player|p1|Charle_phate|blue|1154
|player|p2|Blockbuilder50|101|1183
|gen|9
|tier|[Gen 9] OU
|rated|
|rule|HP Percentage Mod: HP is shown in percentages
|rule|Endless Battle Clause: Forcing endless battles is banned
|rule|Species Clause: Limit one of each Pokémon
|rule|OHKO Clause: OHKO moves are banned
|rule|Evasion Items Clause: Evasion items are banned
|rule|Evasion Moves Clause: Evasion moves are banned
|rule|Evasion Abilities Clause: Evasion abilities are banned
|rule|Sleep Moves Clause: Sleep-inducing moves are banned
|clearpoke
|poke|p1|Serperior, F|
|poke|p1|Rotom-Wash|
|poke|p1|Zapdos|
|poke|p1|Heatran, M|
|poke|p1|Clefable, F|
|poke|p1|Landorus-Therian, M|
|poke|p2|Glimmora, M|
|poke|p2|Lokix, M|
|poke|p2|Garganacl, M|
|poke|p2|Gholdengo|
|poke|p2|Azelf|
|poke|p2|Mismagius, F|
|teampreview
|inactive|Battle timer is ON: inactive players will automatically lose when time's up. (requested by Blockbuilder50)
|j| okiio
|l| okiio
|
|t:|1758347441
|teamsize|p1|6
|teamsize|p2|6
|start
|switch|p1a: Rotom|Rotom-Wash|100/100
|switch|p2a: Glimmora|Glimmora, M|100/100
|turn|1
|
|t:|1758347448
|move|p2a: Glimmora|Stealth Rock|p1a: Rotom
|-sidestart|p1: Charle_phate|move: Stealth Rock
|move|p1a: Rotom|Thunder Wave|p2a: Glimmora
|-status|p2a: Glimmora|par
|
|upkeep
|turn|2
|
|t:|1758347458
|move|p1a: Rotom|Charge Beam|p2a: Glimmora
|-damage|p2a: Glimmora|78/100 par
|-boost|p1a: Rotom|spa|1
|cant|p2a: Glimmora|par
|
|upkeep
|turn|3
|
|t:|1758347466
|move|p1a: Rotom|Hydro Pump|p2a: Glimmora|[miss]
|-miss|p1a: Rotom|p2a: Glimmora
|move|p2a: Glimmora|Mortal Spin|p1a: Rotom
|-damage|p1a: Rotom|95/100
|-status|p1a: Rotom|psn
|
|-heal|p1a: Rotom|100/100 psn|[from] item: Leftovers
|-damage|p1a: Rotom|88/100 psn|[from] psn
|upkeep
|turn|4
|
|t:|1758347477
|move|p1a: Rotom|Hydro Pump|p2a: Glimmora
|-supereffective|p2a: Glimmora
|-damage|p2a: Glimmora|0 fnt
|faint|p2a: Glimmora
|
|-heal|p1a: Rotom|94/100 psn|[from] item: Leftovers
|-damage|p1a: Rotom|82/100 psn|[from] psn
|upkeep
|
|t:|1758347492
|switch|p2a: Azelf|Azelf|100/100
|turn|5
|
|t:|1758347496
|move|p2a: Azelf|Psychic|p1a: Rotom
|-damage|p1a: Rotom|38/100 psn
|move|p1a: Rotom|Thunder Wave|p2a: Azelf
|-status|p2a: Azelf|par
|
|-heal|p1a: Rotom|44/100 psn|[from] item: Leftovers
|-damage|p1a: Rotom|32/100 psn|[from] psn
|upkeep
|turn|6
|inactive|Charle_phate has 120 seconds left.
|
|t:|1758347528
|move|p1a: Rotom|Pain Split|p2a: Azelf
|-sethp|p2a: Azelf|65/100 par|[from] move: Pain Split|[silent]
|-sethp|p1a: Rotom|70/100 psn|[from] move: Pain Split
|cant|p2a: Azelf|par
|
|-heal|p1a: Rotom|76/100 psn|[from] item: Leftovers
|-damage|p1a: Rotom|64/100 psn|[from] psn
|upkeep
|turn|7
|inactive|Charle_phate has 120 seconds left.
|
|t:|1758347542
|move|p1a: Rotom|Hydro Pump|p2a: Azelf
|-damage|p2a: Azelf|0 fnt
|faint|p2a: Azelf
|
|-heal|p1a: Rotom|70/100 psn|[from] item: Leftovers
|-damage|p1a: Rotom|58/100 psn|[from] psn
|upkeep
|
|t:|1758347552
|switch|p2a: Gholdengo|Gholdengo|100/100
|-item|p2a: Gholdengo|Air Balloon
|turn|8
|
|t:|1758347557
|move|p2a: Gholdengo|Hex|p1a: Rotom
|-damage|p1a: Rotom|5/100 psn
|move|p1a: Rotom|Hydro Pump|p2a: Gholdengo|[miss]
|-miss|p1a: Rotom|p2a: Gholdengo
|
|-heal|p1a: Rotom|11/100 psn|[from] item: Leftovers
|-damage|p1a: Rotom|0 fnt|[from] psn
|faint|p1a: Rotom
|upkeep
|
|t:|1758347568
|switch|p1a: Heatran|Heatran, M|100/100
|-damage|p1a: Heatran|88/100|[from] Stealth Rock
|turn|9
|
|t:|1758347573
|switch|p2a: Garganacl|Garganacl, M|100/100
|move|p1a: Heatran|Substitute|p1a: Heatran
|-start|p1a: Heatran|Substitute
|-damage|p1a: Heatran|63/100
|
|-heal|p1a: Heatran|69/100|[from] item: Leftovers
|upkeep
|turn|10
|
|t:|1758347583
|move|p1a: Heatran|Ancient Power|p2a: Garganacl
|-damage|p2a: Garganacl|88/100
|move|p2a: Garganacl|Earthquake|p1a: Heatran
|-supereffective|p1a: Heatran
|-end|p1a: Heatran|Substitute
|
|-heal|p1a: Heatran|76/100|[from] item: Leftovers
|-heal|p2a: Garganacl|94/100|[from] item: Leftovers
|upkeep
|turn|11
|
|t:|1758347594
|switch|p1a: Serperior|Serperior, F|100/100
|-damage|p1a: Serperior|88/100|[from] Stealth Rock
|move|p2a: Garganacl|Earthquake|p1a: Serperior
|-resisted|p1a: Serperior
|-damage|p1a: Serperior|73/100
|
|-heal|p1a: Serperior|80/100|[from] item: Leftovers
|-heal|p2a: Garganacl|100/100|[from] item: Leftovers
|upkeep
|turn|12
|
|t:|1758347607
|switch|p2a: Gholdengo|Gholdengo|100/100
|-item|p2a: Gholdengo|Air Balloon
|move|p1a: Serperior|Substitute|p1a: Serperior
|-start|p1a: Serperior|Substitute
|-damage|p1a: Serperior|55/100
|
|-heal|p1a: Serperior|61/100|[from] item: Leftovers
|upkeep
|turn|13
|
|t:|1758347617
|move|p1a: Serperior|Leaf Storm|p2a: Gholdengo
|-resisted|p2a: Gholdengo
|-damage|p2a: Gholdengo|78/100
|-boost|p1a: Serperior|spa|2
|-enditem|p2a: Gholdengo|Air Balloon
|move|p2a: Gholdengo|Hex|p1a: Serperior
|-end|p1a: Serperior|Substitute
|
|-heal|p1a: Serperior|67/100|[from] item: Leftovers
|upkeep
|turn|14
|
|t:|1758347631
|move|p1a: Serperior|Leaf Storm|p2a: Gholdengo
|-resisted|p2a: Gholdengo
|-damage|p2a: Gholdengo|34/100
|-boost|p1a: Serperior|spa|2
|move|p2a: Gholdengo|Make It Rain|p1a: Serperior
|-damage|p1a: Serperior|0 fnt
|-unboost|p2a: Gholdengo|spa|1
|faint|p1a: Serperior
|
|upkeep
|
|t:|1758347645
|switch|p1a: Zapdos|Zapdos|100/100
|-damage|p1a: Zapdos|76/100|[from] Stealth Rock
|turn|15
|
|t:|1758347658
|switch|p1a: Heatran|Heatran, M|76/100
|-damage|p1a: Heatran|63/100|[from] Stealth Rock
|switch|p2a: Garganacl|Garganacl, M|100/100
|
|-heal|p1a: Heatran|69/100|[from] item: Leftovers
|upkeep
|turn|16
|
|t:|1758347673
|-terastallize|p1a: Heatran|Flying
|move|p1a: Heatran|Substitute|p1a: Heatran
|-start|p1a: Heatran|Substitute
|-damage|p1a: Heatran|45/100
|move|p2a: Garganacl|Earthquake|p1a: Heatran
|-immune|p1a: Heatran
|
|-heal|p1a: Heatran|51/100|[from] item: Leftovers
|upkeep
|turn|17
|
|t:|1758347685
|move|p1a: Heatran|Ancient Power|p2a: Garganacl
|-damage|p2a: Garganacl|89/100
|move|p2a: Garganacl|Salt Cure|p1a: Heatran
|-supereffective|p1a: Heatran
|-activate|p1a: Heatran|move: Substitute|[damage]
|
|-heal|p1a: Heatran|57/100|[from] item: Leftovers
|-heal|p2a: Garganacl|95/100|[from] item: Leftovers
|upkeep
|turn|18
|
|t:|1758347699
|move|p1a: Heatran|Ancient Power|p2a: Garganacl
|-damage|p2a: Garganacl|82/100
|move|p2a: Garganacl|Salt Cure|p1a: Heatran
|-supereffective|p1a: Heatran
|-end|p1a: Heatran|Substitute
|
|-heal|p1a: Heatran|63/100|[from] item: Leftovers
|-heal|p2a: Garganacl|89/100|[from] item: Leftovers
|upkeep
|turn|19
|
|t:|1758347710
|move|p1a: Heatran|Substitute|p1a: Heatran
|-start|p1a: Heatran|Substitute
|-damage|p1a: Heatran|38/100
|move|p2a: Garganacl|Curse|p2a: Garganacl
|-unboost|p2a: Garganacl|spe|1
|-boost|p2a: Garganacl|atk|1
|-boost|p2a: Garganacl|def|1
|
|-heal|p1a: Heatran|45/100|[from] item: Leftovers
|-heal|p2a: Garganacl|95/100|[from] item: Leftovers
|upkeep
|turn|20
|
|t:|1758347722
|move|p1a: Heatran|Ancient Power|p2a: Garganacl
|-damage|p2a: Garganacl|83/100
|-boost|p1a: Heatran|atk|1
|-boost|p1a: Heatran|def|1
|-boost|p1a: Heatran|spa|1
|-boost|p1a: Heatran|spd|1
|-boost|p1a: Heatran|spe|1
|move|p2a: Garganacl|Salt Cure|p1a: Heatran
|-supereffective|p1a: Heatran
|-activate|p1a: Heatran|move: Substitute|[damage]
|
|-heal|p1a: Heatran|51/100|[from] item: Leftovers
|-heal|p2a: Garganacl|89/100|[from] item: Leftovers
|upkeep
|turn|21
|
|t:|1758347735
|move|p1a: Heatran|Magma Storm|p2a: Garganacl
|-resisted|p2a: Garganacl
|-damage|p2a: Garganacl|69/100
|-activate|p2a: Garganacl|move: Magma Storm|[of] p1a: Heatran
|move|p2a: Garganacl|Salt Cure|p1a: Heatran
|-supereffective|p1a: Heatran
|-end|p1a: Heatran|Substitute
|
|-heal|p1a: Heatran|57/100|[from] item: Leftovers
|-heal|p2a: Garganacl|75/100|[from] item: Leftovers
|-damage|p2a: Garganacl|63/100|[from] move: Magma Storm|[partiallytrapped]
|upkeep
|turn|22
|
|t:|1758347750
|move|p1a: Heatran|Substitute|p1a: Heatran
|-start|p1a: Heatran|Substitute
|-damage|p1a: Heatran|32/100
|move|p2a: Garganacl|Curse|p2a: Garganacl
|-unboost|p2a: Garganacl|spe|1
|-boost|p2a: Garganacl|atk|1
|-boost|p2a: Garganacl|def|1
|
|-heal|p1a: Heatran|38/100|[from] item: Leftovers
|-heal|p2a: Garganacl|69/100|[from] item: Leftovers
|-damage|p2a: Garganacl|57/100|[from] move: Magma Storm|[partiallytrapped]
|upkeep
|turn|23
|
|t:|1758347763
|move|p1a: Heatran|Ancient Power|p2a: Garganacl
|-damage|p2a: Garganacl|38/100
|move|p2a: Garganacl|Recover|p2a: Garganacl
|-heal|p2a: Garganacl|88/100
|
|-heal|p1a: Heatran|45/100|[from] item: Leftovers
|-heal|p2a: Garganacl|94/100|[from] item: Leftovers
|-damage|p2a: Garganacl|82/100|[from] move: Magma Storm|[partiallytrapped]
|upkeep
|turn|24
|
|t:|1758347774
|move|p1a: Heatran|Ancient Power|p2a: Garganacl
|-damage|p2a: Garganacl|63/100
|move|p2a: Garganacl|Salt Cure|p1a: Heatran
|-supereffective|p1a: Heatran
|-end|p1a: Heatran|Substitute
|
|-heal|p1a: Heatran|51/100|[from] item: Leftovers
|-heal|p2a: Garganacl|69/100|[from] item: Leftovers
|-damage|p2a: Garganacl|56/100|[from] move: Magma Storm|[partiallytrapped]
|upkeep
|turn|25
|
|t:|1758347785
|move|p1a: Heatran|Substitute|p1a: Heatran
|-start|p1a: Heatran|Substitute
|-damage|p1a: Heatran|26/100
|move|p2a: Garganacl|Recover|p2a: Garganacl
|-heal|p2a: Garganacl|100/100
|
|-heal|p1a: Heatran|32/100|[from] item: Leftovers
|-end|p2a: Garganacl|Magma Storm|[partiallytrapped]
|upkeep
|turn|26
|
|t:|1758347795
|move|p1a: Heatran|Magma Storm|p2a: Garganacl
|-resisted|p2a: Garganacl
|-damage|p2a: Garganacl|78/100
|-activate|p2a: Garganacl|move: Magma Storm|[of] p1a: Heatran
|move|p2a: Garganacl|Salt Cure|p1a: Heatran
|-supereffective|p1a: Heatran
|-end|p1a: Heatran|Substitute
|
|-heal|p1a: Heatran|38/100|[from] item: Leftovers
|-heal|p2a: Garganacl|85/100|[from] item: Leftovers
|-damage|p2a: Garganacl|72/100|[from] move: Magma Storm|[partiallytrapped]
|upkeep
|turn|27
|
|t:|1758347808
|move|p1a: Heatran|Substitute|p1a: Heatran
|-start|p1a: Heatran|Substitute
|-damage|p1a: Heatran|13/100
|move|p2a: Garganacl|Salt Cure|p1a: Heatran
|-supereffective|p1a: Heatran
|-end|p1a: Heatran|Substitute
|
|-heal|p1a: Heatran|20/100|[from] item: Leftovers
|-heal|p2a: Garganacl|78/100|[from] item: Leftovers
|-damage|p2a: Garganacl|66/100|[from] move: Magma Storm|[partiallytrapped]
|upkeep
|turn|28
|
|t:|1758347819
|move|p1a: Heatran|Magma Storm|p2a: Garganacl|[miss]
|-miss|p1a: Heatran|p2a: Garganacl
|move|p2a: Garganacl|Recover|p2a: Garganacl
|-heal|p2a: Garganacl|100/100
|
|-heal|p1a: Heatran|26/100|[from] item: Leftovers
|-damage|p2a: Garganacl|88/100|[from] move: Magma Storm|[partiallytrapped]
|upkeep
|turn|29
|
|t:|1758347831
|move|p1a: Heatran|Substitute|p1a: Heatran
|-start|p1a: Heatran|Substitute
|-damage|p1a: Heatran|1/100
|move|p2a: Garganacl|Salt Cure|p1a: Heatran
|-supereffective|p1a: Heatran
|-end|p1a: Heatran|Substitute
|
|-heal|p1a: Heatran|7/100|[from] item: Leftovers
|-heal|p2a: Garganacl|94/100|[from] item: Leftovers
|-damage|p2a: Garganacl|82/100|[from] move: Magma Storm|[partiallytrapped]
|upkeep
|turn|30
|
|t:|1758347842
|move|p1a: Heatran|Magma Storm|p2a: Garganacl
|-resisted|p2a: Garganacl
|-damage|p2a: Garganacl|59/100
|move|p2a: Garganacl|Salt Cure|p1a: Heatran
|-supereffective|p1a: Heatran
|-damage|p1a: Heatran|0 fnt
|faint|p1a: Heatran
|
|-heal|p2a: Garganacl|66/100|[from] item: Leftovers
|-end|p2a: Garganacl|Magma Storm|[partiallytrapped]
|upkeep
|
|t:|1758347853
|switch|p1a: Clefable|Clefable, F|100/100
|turn|31
|
|t:|1758347857
|switch|p2a: Gholdengo|Gholdengo|34/100
|move|p1a: Clefable|Cosmic Power|p1a: Clefable
|-boost|p1a: Clefable|def|1
|-boost|p1a: Clefable|spd|1
|
|upkeep
|turn|32
|
|t:|1758347865
|move|p2a: Gholdengo|Make It Rain|p1a: Clefable
|-supereffective|p1a: Clefable
|-damage|p1a: Clefable|37/100
|-unboost|p2a: Gholdengo|spa|1
|move|p1a: Clefable|Cosmic Power|p1a: Clefable
|-boost|p1a: Clefable|def|1
|-boost|p1a: Clefable|spd|1
|
|-heal|p1a: Clefable|43/100|[from] item: Leftovers
|upkeep
|turn|33
|
|t:|1758347877
|move|p2a: Gholdengo|Make It Rain|p1a: Clefable
|-supereffective|p1a: Clefable
|-damage|p1a: Clefable|9/100
|-unboost|p2a: Gholdengo|spa|1
|move|p1a: Clefable|Cosmic Power|p1a: Clefable
|-boost|p1a: Clefable|def|1
|-boost|p1a: Clefable|spd|1
|
|-heal|p1a: Clefable|15/100|[from] item: Leftovers
|upkeep
|turn|34
|
|t:|1758347889
|move|p2a: Gholdengo|Make It Rain|p1a: Clefable
|-supereffective|p1a: Clefable
|-damage|p1a: Clefable|0 fnt
|-unboost|p2a: Gholdengo|spa|1
|faint|p1a: Clefable
|
|upkeep
|
|t:|1758347906
|switch|p1a: Landorus|Landorus-Therian, M|100/100
|-damage|p1a: Landorus|88/100|[from] Stealth Rock
|-ability|p1a: Landorus|Intimidate|boost
|-unboost|p2a: Gholdengo|atk|1
|turn|35
|
|t:|1758347916
|switch|p2a: Mismagius|Mismagius, F|100/100
|move|p1a: Landorus|Stone Edge|p2a: Mismagius
|-damage|p2a: Mismagius|0 fnt
|faint|p2a: Mismagius
|-damage|p1a: Landorus|78/100|[from] item: Life Orb
|
|upkeep
|
|t:|1758347928
|switch|p2a: Garganacl|Garganacl, M|66/100
|turn|36
|
|t:|1758347934
|-terastallize|p2a: Garganacl|Water
|move|p1a: Landorus|Earthquake|p2a: Garganacl
|-damage|p2a: Garganacl|16/100
|-damage|p1a: Landorus|68/100|[from] item: Life Orb
|move|p2a: Garganacl|Recover|p2a: Garganacl
|-heal|p2a: Garganacl|66/100
|
|-heal|p2a: Garganacl|72/100|[from] item: Leftovers
|upkeep
|turn|37
|
|t:|1758347951
|move|p1a: Landorus|Swords Dance|p1a: Landorus
|-boost|p1a: Landorus|atk|2
|move|p2a: Garganacl|Recover|p2a: Garganacl
|-heal|p2a: Garganacl|100/100
|
|upkeep
|turn|38
|
|t:|1758347961
|move|p1a: Landorus|Earthquake|p2a: Garganacl
|-damage|p2a: Garganacl|12/100
|-damage|p1a: Landorus|58/100|[from] item: Life Orb
|move|p2a: Garganacl|Salt Cure|p1a: Landorus
|-damage|p1a: Landorus|43/100
|-start|p1a: Landorus|Salt Cure
|
|-heal|p2a: Garganacl|19/100|[from] item: Leftovers
|-damage|p1a: Landorus|30/100|[from] Salt Cure
|upkeep
|turn|39
|
|t:|1758347978
|move|p1a: Landorus|Earthquake|p2a: Garganacl
|-damage|p2a: Garganacl|0 fnt
|faint|p2a: Garganacl
|-damage|p1a: Landorus|20/100|[from] item: Life Orb
|
|-damage|p1a: Landorus|8/100|[from] Salt Cure
|upkeep
|
|t:|1758347980
|switch|p2a: Lokix|Lokix, M|100/100
|turn|40
|
|t:|1758347993
|move|p2a: Lokix|First Impression|p1a: Landorus
|-resisted|p1a: Landorus
|-damage|p1a: Landorus|0 fnt
|faint|p1a: Landorus
|
|upkeep
|
|t:|1758347999
|switch|p1a: Zapdos|Zapdos|76/100
|-damage|p1a: Zapdos|51/100|[from] Stealth Rock
|turn|41
|
|t:|1758348005
|switch|p2a: Gholdengo|Gholdengo|34/100
|move|p1a: Zapdos|Ancient Power|p2a: Gholdengo
|-resisted|p2a: Gholdengo
|-damage|p2a: Gholdengo|24/100
|
|-heal|p1a: Zapdos|57/100|[from] item: Leftovers
|upkeep
|turn|42
|l|☆Charle_phate
|inactive|Charle_phate disconnected and has a minute to reconnect!
|player|p1|
|j|☆Charle_phate
|inactive|Charle_phate reconnected and has 115 seconds left.
|player|p1|Charle_phate|blue|
|
|t:|1758348055
|move|p1a: Zapdos|Heat Wave|p2a: Gholdengo
|-supereffective|p2a: Gholdengo
|-damage|p2a: Gholdengo|0 fnt
|faint|p2a: Gholdengo
|
|-heal|p1a: Zapdos|63/100|[from] item: Leftovers
|upkeep
|
|t:|1758348061
|switch|p2a: Lokix|Lokix, M|100/100
|turn|43
|
|t:|1758348065
|move|p2a: Lokix|First Impression|p1a: Zapdos
|-resisted|p1a: Zapdos
|-damage|p1a: Zapdos|20/100
|move|p1a: Zapdos|Heat Wave|p2a: Lokix|[miss]
|-miss|p1a: Zapdos|p2a: Lokix
|
|-heal|p1a: Zapdos|26/100|[from] item: Leftovers
|upkeep
|turn|44
|inactive|Charle_phate has 120 seconds left.
|
|t:|1758348076
|move|p2a: Lokix|Leech Life|p1a: Zapdos
|-resisted|p1a: Zapdos
|-damage|p1a: Zapdos|0 fnt
|-status|p2a: Lokix|par|[from] ability: Static|[of] p1a: Zapdos
|faint|p1a: Zapdos
|
|win|Blockbuilder50
|raw|Charle_phate's rating: 1154 &rarr; <strong>1131</strong><br />(-23 for losing)
|raw|Blockbuilder50's rating: 1183 &rarr; <strong>1206</strong><br />(+23 for winning)
|l|☆Charle_phate
|player|p1|
|j|☆Charle_phate
|player|p1|Charle_phate|blue|
|l|☆Charle_phate
|player|p1|
|l|☆Blockbuilder50
|player|p2|
