|j|☆Avl2121
|j|☆GoldenMais
|t:|1758301954
|gametype|singles
|player|p1|Avl2121|dragontamer|1263
|player|p2|GoldenMais|170|1254
|gen|9
|tier|[Gen 9] OU
|rated|
|rule|HP Percentage Mod: HP is shown in percentages
|rule|Endless Battle Clause: Forcing endless battles is banned
|rule|Species Clause: Limit one of each Pokémon
|rule|OHKO Clause: OHKO moves are banned
|rule|Evasion Items Clause: Evasion items are banned
|rule|Evasion Moves Clause: Evasion moves are banned
|rule|Evasion Abilities Clause: Evasion abilities are banned
|rule|Sleep Moves Clause: Sleep-inducing moves are banned
|clearpoke
|poke|p1|Sinistcha-Masterpiece|
|poke|p1|Blaziken, F|
|poke|p1|Garganacl, M|
|poke|p1|Garchomp, F|
|poke|p1|Dragapult, M|
|poke|p1|Manaphy|
|poke|p2|Toxtricity, F|
|poke|p2|Ribombee, F|
|poke|p2|Hatterene, F|
|poke|p2|Lokix, M|
|poke|p2|Zamazenta-*|
|poke|p2|Serperior, F|
|teampreview
|inactive|Battle timer is ON: inactive players will automatically lose when time's up. (requested by Avl2121)
|
|t:|1758301970
|teamsize|p1|6
|teamsize|p2|6
|start
|switch|p1a: Dragapult|Dragapult, M|100/100
|switch|p2a: Ribombee|Ribombee, F|100/100
|turn|1
|
|t:|1758301976
|move|p1a: Dragapult|Thunder Wave|p2a: Ribombee
|-status|p2a: Ribombee|par
|move|p2a: Ribombee|Sticky Web|p1a: Dragapult
|-sidestart|p1: Avl2121|move: Sticky Web
|
|upkeep
|turn|2
|
|t:|1758301980
|move|p1a: Dragapult|Hex|p2a: Ribombee
|-damage|p2a: Ribombee|19/100 par
|move|p2a: Ribombee|Moonblast|p1a: Dragapult
|-supereffective|p1a: Dragapult
|-damage|p1a: Dragapult|10/100
|
|upkeep
|turn|3
|
|t:|1758301988
|move|p1a: Dragapult|Hex|p2a: Ribombee
|-damage|p2a: Ribombee|0 fnt
|faint|p2a: Ribombee
|
|upkeep
|
|t:|1758301991
|switch|p2a: Lokix|Lokix, M|100/100
|turn|4
|
|t:|1758301998
|move|p2a: Lokix|First Impression|p1a: Dragapult
|-resisted|p1a: Dragapult
|-damage|p1a: Dragapult|0 fnt
|faint|p1a: Dragapult
|
|upkeep
|
|t:|1758302012
|switch|p1a: Manaphy|Manaphy|100/100
|-activate|p1a: Manaphy|move: Sticky Web
|-unboost|p1a: Manaphy|spe|1
|turn|5
|
|t:|1758302017
|move|p2a: Lokix|U-turn|p1a: Manaphy
|-damage|p1a: Manaphy|63/100
|-damage|p2a: Lokix|84/100|[from] item: Rocky Helmet|[of] p1a: Manaphy
|
|t:|1758302023
|switch|p2a: Toxtricity|Toxtricity, F|100/100|[from] U-turn
|move|p1a: Manaphy|Tail Glow|p1a: Manaphy
|-boost|p1a: Manaphy|spa|3
|
|upkeep
|turn|6
|
|t:|1758302037
|move|p2a: Toxtricity|Volt Switch|p1a: Manaphy
|-supereffective|p1a: Manaphy
|-damage|p1a: Manaphy|0 fnt
|faint|p1a: Manaphy
|
|t:|1758302055
|switch|p2a: Zamazenta|Zamazenta|100/100|[from] Volt Switch
|-ability|p2a: Zamazenta|Dauntless Shield|boost
|-boost|p2a: Zamazenta|def|1
|
|upkeep
|
|t:|1758302062
|switch|p1a: Sinistcha|Sinistcha-Masterpiece|100/100
|turn|7
|
|t:|1758302067
|move|p2a: Zamazenta|Crunch|p1a: Sinistcha
|-supereffective|p1a: Sinistcha
|-damage|p1a: Sinistcha|39/100
|-damage|p2a: Zamazenta|91/100|[from] item: Life Orb
|move|p1a: Sinistcha|Calm Mind|p1a: Sinistcha
|-boost|p1a: Sinistcha|spa|1
|-boost|p1a: Sinistcha|spd|1
|
|upkeep
|turn|8
|
|t:|1758302072
|-terastallize|p1a: Sinistcha|Dark
|move|p2a: Zamazenta|Crunch|p1a: Sinistcha
|-resisted|p1a: Sinistcha
|-damage|p1a: Sinistcha|22/100
|-damage|p2a: Zamazenta|81/100|[from] item: Life Orb
|move|p1a: Sinistcha|Strength Sap|p2a: Zamazenta
|-unboost|p2a: Zamazenta|atk|1
|-heal|p1a: Sinistcha|100/100
|
|upkeep
|turn|9
|
|t:|1758302079
|switch|p2a: Lokix|Lokix, M|84/100
|move|p1a: Sinistcha|Matcha Gotcha|p2a: Lokix|[miss]
|-miss|p1a: Sinistcha|p2a: Lokix
|
|upkeep
|turn|10
|
|t:|1758302085
|move|p2a: Lokix|First Impression|p1a: Sinistcha
|-supereffective|p1a: Sinistcha
|-damage|p1a: Sinistcha|3/100
|move|p1a: Sinistcha|Matcha Gotcha|p2a: Lokix
|-resisted|p2a: Lokix
|-damage|p2a: Lokix|24/100
|-heal|p1a: Sinistcha|28/100|[from] drain|[of] p2a: Lokix
|
|upkeep
|turn|11
|
|t:|1758302088
|move|p2a: Lokix|U-turn|p1a: Sinistcha
|-supereffective|p1a: Sinistcha
|-damage|p1a: Sinistcha|0 fnt
|faint|p1a: Sinistcha
|
|t:|1758302099
|switch|p2a: Serperior|Serperior, F|100/100|[from] U-turn
|
|upkeep
|
|t:|1758302122
|switch|p1a: Blaziken|Blaziken, F|100/100
|-activate|p1a: Blaziken|move: Sticky Web
|-unboost|p1a: Blaziken|spe|1
|turn|12
|
|t:|1758302124
|move|p2a: Serperior|Glare|p1a: Blaziken
|-status|p1a: Blaziken|par
|move|p1a: Blaziken|Swords Dance|p1a: Blaziken
|-boost|p1a: Blaziken|atk|2
|
|-ability|p1a: Blaziken|Speed Boost|boost
|-boost|p1a: Blaziken|spe|1
|upkeep
|turn|13
|
|t:|1758302133
|-terastallize|p2a: Serperior|Ground
|move|p2a: Serperior|Glare|p1a: Blaziken
|-fail|p1a: Blaziken|par
|move|p1a: Blaziken|Flare Blitz|p2a: Serperior
|-damage|p2a: Serperior|0 fnt
|faint|p2a: Serperior
|-damage|p1a: Blaziken|69/100 par|[from] Recoil
|
|-heal|p1a: Blaziken|75/100 par|[from] item: Leftovers
|-ability|p1a: Blaziken|Speed Boost|boost
|-boost|p1a: Blaziken|spe|1
|upkeep
|
|t:|1758302139
|switch|p2a: Toxtricity|Toxtricity, F|100/100
|turn|14
|
|t:|1758302152
|move|p1a: Blaziken|Protect|p1a: Blaziken
|-singleturn|p1a: Blaziken|Protect
|move|p2a: Toxtricity|Boomburst|p1a: Blaziken
|-activate|p1a: Blaziken|move: Protect
|
|-heal|p1a: Blaziken|81/100 par|[from] item: Leftovers
|-ability|p1a: Blaziken|Speed Boost|boost
|-boost|p1a: Blaziken|spe|1
|upkeep
|turn|15
|
|t:|1758302157
|move|p2a: Toxtricity|Boomburst|p1a: Blaziken
|-damage|p1a: Blaziken|0 fnt
|faint|p1a: Blaziken
|
|upkeep
|
|t:|1758302160
|switch|p1a: Garganacl|Garganacl, M|100/100
|-activate|p1a: Garganacl|move: Sticky Web
|-unboost|p1a: Garganacl|spe|1
|turn|16
|
|t:|1758302165
|switch|p2a: Zamazenta|Zamazenta|81/100
|move|p1a: Garganacl|Salt Cure|p2a: Zamazenta
|-resisted|p2a: Zamazenta
|-crit|p2a: Zamazenta
|-damage|p2a: Zamazenta|72/100
|-start|p2a: Zamazenta|Salt Cure
|
|-damage|p2a: Zamazenta|59/100|[from] Salt Cure
|upkeep
|turn|17
|
|t:|1758302176
|move|p2a: Zamazenta|Close Combat|p1a: Garganacl
|-supereffective|p1a: Garganacl
|-damage|p1a: Garganacl|25/100
|-unboost|p2a: Zamazenta|def|1
|-unboost|p2a: Zamazenta|spd|1
|-damage|p2a: Zamazenta|49/100|[from] item: Life Orb
|move|p1a: Garganacl|Salt Cure|p2a: Zamazenta
|-resisted|p2a: Zamazenta
|-damage|p2a: Zamazenta|40/100
|
|-heal|p1a: Garganacl|31/100|[from] item: Leftovers
|-damage|p2a: Zamazenta|28/100|[from] Salt Cure
|upkeep
|turn|18
|
|t:|1758302185
|switch|p2a: Lokix|Lokix, M|24/100
|move|p1a: Garganacl|Protect||[still]
|-fail|p1a: Garganacl
|
|-heal|p1a: Garganacl|37/100|[from] item: Leftovers
|upkeep
|turn|19
|
|t:|1758302197
|move|p1a: Garganacl|Protect|p1a: Garganacl
|-singleturn|p1a: Garganacl|Protect
|move|p2a: Lokix|First Impression|p1a: Garganacl
|-activate|p1a: Garganacl|move: Protect
|
|-heal|p1a: Garganacl|43/100|[from] item: Leftovers
|upkeep
|turn|20
|
|t:|1758302201
|move|p2a: Lokix|Knock Off|p1a: Garganacl
|-damage|p1a: Garganacl|22/100
|-enditem|p1a: Garganacl|Leftovers|[from] move: Knock Off|[of] p2a: Lokix
|move|p1a: Garganacl|Recover|p1a: Garganacl
|-heal|p1a: Garganacl|72/100
|
|upkeep
|turn|21
|
|t:|1758302206
|move|p2a: Lokix|Brick Break|p1a: Garganacl
|-supereffective|p1a: Garganacl
|-damage|p1a: Garganacl|50/100
|move|p1a: Garganacl|Curse|p1a: Garganacl
|-unboost|p1a: Garganacl|spe|1
|-boost|p1a: Garganacl|atk|1
|-boost|p1a: Garganacl|def|1
|
|upkeep
|turn|22
|
|t:|1758302210
|switch|p2a: Toxtricity|Toxtricity, F|100/100
|move|p1a: Garganacl|Recover|p1a: Garganacl
|-heal|p1a: Garganacl|99/100
|
|upkeep
|turn|23
|
|t:|1758302215
|move|p1a: Garganacl|Protect|p1a: Garganacl
|-singleturn|p1a: Garganacl|Protect
|move|p2a: Toxtricity|Overdrive|p1a: Garganacl
|-activate|p1a: Garganacl|move: Protect
|
|upkeep
|turn|24
|
|t:|1758302220
|move|p2a: Toxtricity|Overdrive|p1a: Garganacl
|-crit|p1a: Garganacl
|-damage|p1a: Garganacl|34/100
|move|p1a: Garganacl|Salt Cure|p2a: Toxtricity
|-damage|p2a: Toxtricity|66/100
|-start|p2a: Toxtricity|Salt Cure
|
|-damage|p2a: Toxtricity|54/100|[from] Salt Cure
|upkeep
|turn|25
|
|t:|1758302223
|move|p1a: Garganacl|Protect|p1a: Garganacl
|-singleturn|p1a: Garganacl|Protect
|move|p2a: Toxtricity|Overdrive|p1a: Garganacl
|-activate|p1a: Garganacl|move: Protect
|
|-damage|p2a: Toxtricity|41/100|[from] Salt Cure
|upkeep
|turn|26
|
|t:|1758302225
|move|p2a: Toxtricity|Overdrive|p1a: Garganacl
|-crit|p1a: Garganacl
|-damage|p1a: Garganacl|0 fnt
|faint|p1a: Garganacl
|
|-damage|p2a: Toxtricity|29/100|[from] Salt Cure
|upkeep
|
|t:|1758302228
|switch|p1a: Something|Garchomp, F|100/100
|-activate|p1a: Something|move: Sticky Web
|-unboost|p1a: Something|spe|1
|turn|27
|
|t:|1758302238
|switch|p2a: Lokix|Lokix, M|24/100
|move|p1a: Something|Swords Dance|p1a: Something
|-boost|p1a: Something|atk|2
|
|upkeep
|turn|28
|
|t:|1758302241
|move|p2a: Lokix|First Impression|p1a: Something
|-damage|p1a: Something|57/100
|-damage|p2a: Lokix|11/100|[from] ability: Rough Skin|[of] p1a: Something
|move|p1a: Something|Scale Shot|p2a: Lokix
|-damage|p2a: Lokix|0 fnt
|faint|p2a: Lokix
|-hitcount|p2: Lokix|1
|-unboost|p1a: Something|def|1
|-boost|p1a: Something|spe|1
|
|-heal|p1a: Something|63/100|[from] item: Leftovers
|upkeep
|
|t:|1758302249
|switch|p2a: Zamazenta|Zamazenta|28/100
|turn|29
|
|t:|1758302251
|move|p2a: Zamazenta|Close Combat|p1a: Something
|-damage|p1a: Something|0 fnt
|-unboost|p2a: Zamazenta|def|1
|-unboost|p2a: Zamazenta|spd|1
|-damage|p2a: Zamazenta|16/100|[from] ability: Rough Skin|[of] p1a: Something
|faint|p1a: Something
|-damage|p2a: Zamazenta|6/100|[from] item: Life Orb
|
|win|GoldenMais
|raw|Avl2121's rating: 1263 &rarr; <strong>1237</strong><br />(-26 for losing)
|raw|GoldenMais's rating: 1254 &rarr; <strong>1280</strong><br />(+26 for winning)
|l|☆Avl2121
|player|p1|
|l|☆GoldenMais
|player|p2|
