|j|☆I will eat another
|j|☆Callooee
|t:|1758306038
|gametype|singles
|player|p1|I will eat another|plasmagrunt|1265
|player|p2|Callooee|1|1218
|gen|9
|tier|[Gen 9] OU
|rated|
|rule|HP Percentage Mod: HP is shown in percentages
|rule|Endless Battle Clause: Forcing endless battles is banned
|rule|Species Clause: Limit one of each Pokémon
|rule|OHKO Clause: OHKO moves are banned
|rule|Evasion Items Clause: Evasion items are banned
|rule|Evasion Moves Clause: Evasion moves are banned
|rule|Evasion Abilities Clause: Evasion abilities are banned
|rule|Sleep Moves Clause: Sleep-inducing moves are banned
|clearpoke
|poke|p1|Breloom, M|
|poke|p1|Swinub, F|
|poke|p1|Iron Crown|
|poke|p1|Glimmora, M|
|poke|p1|Talonflame, M|
|poke|p1|Greninja-*, F|
|poke|p2|Gliscor, M|
|poke|p2|Quaquaval, M|
|poke|p2|Samurott-Hisui, M|
|poke|p2|Slowking-Galar, M|
|poke|p2|Kyurem|
|poke|p2|Iron Crown|
|teampreview
|inactive|Battle timer is ON: inactive players will automatically lose when time's up. (requested by I will eat another)
|
|t:|1758306048
|teamsize|p1|6
|teamsize|p2|6
|start
|switch|p1a: Kapilz|Breloom, M|100/100
|switch|p2a: Samurott|Samurott-Hisui, M|100/100
|turn|1
|
|t:|1758306055
|move|p1a: Kapilz|Mach Punch|p2a: Samurott
|-supereffective|p2a: Samurott
|-damage|p2a: Samurott|0 fnt
|faint|p2a: Samurott
|-damage|p1a: Kapilz|91/100|[from] item: Life Orb
|
|upkeep
|
|t:|1758306062
|switch|p2a: Slowking|Slowking-Galar, M|100/100
|turn|2
|
|t:|1758306069
|switch|p1a: Quajutsu|Greninja, F|100/100
|move|p2a: Slowking|Sludge Bomb|p1a: Quajutsu
|-damage|p1a: Quajutsu|28/100
|
|upkeep
|turn|3
|
|t:|1758306078
|switch|p2a: Quaquaval|Quaquaval, M|100/100
|move|p1a: Quajutsu|Dark Pulse|p2a: Quaquaval
|-start|p1a: Quajutsu|typechange|Dark|[from] ability: Protean
|-resisted|p2a: Quaquaval
|-damage|p2a: Quaquaval|78/100
|
|upkeep
|turn|4
|
|t:|1758306094
|switch|p1a: Eisenkrone|Iron Crown|100/100
|-enditem|p1a: Eisenkrone|Booster Energy
|-activate|p1a: Eisenkrone|ability: Quark Drive|[fromitem]
|-start|p1a: Eisenkrone|quarkdrivespe
|move|p2a: Quaquaval|Close Combat|p1a: Eisenkrone
|-damage|p1a: Eisenkrone|44/100
|-unboost|p2a: Quaquaval|def|1
|-unboost|p2a: Quaquaval|spd|1
|
|upkeep
|turn|5
|
|t:|1758306105
|switch|p2a: Gliscor|Gliscor, M|100/100
|move|p1a: Eisenkrone|Psyshock|p2a: Gliscor
|-damage|p2a: Gliscor|73/100
|
|-status|p2a: Gliscor|tox|[from] item: Toxic Orb
|upkeep
|turn|6
|
|t:|1758306114
|move|p2a: Gliscor|Protect|p2a: Gliscor
|-singleturn|p2a: Gliscor|Protect
|move|p1a: Eisenkrone|Tachyon Cutter|p2a: Gliscor
|-activate|p2a: Gliscor|move: Protect
|
|-heal|p2a: Gliscor|85/100 tox|[from] ability: Poison Heal
|upkeep
|turn|7
|
|t:|1758306122
|move|p1a: Eisenkrone|Tachyon Cutter|p2a: Gliscor
|-damage|p2a: Gliscor|56/100 tox
|-damage|p2a: Gliscor|26/100 tox
|-hitcount|p2a: Gliscor|2
|move|p2a: Gliscor|Earthquake|p1a: Eisenkrone
|-supereffective|p1a: Eisenkrone
|-damage|p1a: Eisenkrone|0 fnt
|faint|p1a: Eisenkrone
|-end|p1a: Eisenkrone|Quark Drive|[silent]
|
|-heal|p2a: Gliscor|38/100 tox|[from] ability: Poison Heal
|upkeep
|
|t:|1758306132
|switch|p1a: Lumiflora|Glimmora, M|100/100
|turn|8
|
|t:|1758306137
|move|p2a: Gliscor|Protect|p2a: Gliscor
|-singleturn|p2a: Gliscor|Protect
|move|p1a: Lumiflora|Meteor Beam||[still]
|-prepare|p1a: Lumiflora|Meteor Beam
|-boost|p1a: Lumiflora|spa|1
|-enditem|p1a: Lumiflora|Power Herb
|-anim|p1a: Lumiflora|Meteor Beam|p2a: Gliscor
|-activate|p2a: Gliscor|move: Protect
|
|-heal|p2a: Gliscor|51/100 tox|[from] ability: Poison Heal
|upkeep
|turn|9
|
|t:|1758306150
|-terastallize|p1a: Lumiflora|Dark
|move|p2a: Gliscor|Earthquake|p1a: Lumiflora
|-damage|p1a: Lumiflora|60/100
|-activate|p1a: Lumiflora|ability: Toxic Debris
|-sidestart|p2: Callooee|move: Toxic Spikes
|move|p1a: Lumiflora|Tera Blast|p2a: Gliscor|[anim] Tera Blast Dark
|-damage|p2a: Gliscor|0 fnt
|faint|p2a: Gliscor
|
|upkeep
|
|t:|1758306169
|switch|p2a: Slowking|Slowking-Galar, M|100/100
|-sideend|p2: Callooee|move: Toxic Spikes|[of] p2a: Slowking
|turn|10
|
|t:|1758306180
|switch|p2a: Quaquaval|Quaquaval, M|78/100
|move|p1a: Lumiflora|Tera Blast|p2a: Quaquaval|[anim] Tera Blast Dark
|-resisted|p2a: Quaquaval
|-damage|p2a: Quaquaval|50/100
|
|upkeep
|turn|11
|
|t:|1758306188
|move|p1a: Lumiflora|Sludge Wave|p2a: Quaquaval
|-damage|p2a: Quaquaval|0 fnt
|faint|p2a: Quaquaval
|
|upkeep
|
|t:|1758306195
|switch|p2a: Iron Crown|Iron Crown|100/100
|turn|12
|
|t:|1758306198
|move|p2a: Iron Crown|Tachyon Cutter|p1a: Lumiflora
|-damage|p1a: Lumiflora|9/100
|-damage|p1a: Lumiflora|0 fnt
|faint|p1a: Lumiflora
|-hitcount|p1: Lumiflora|2
|
|upkeep
|
|t:|1758306205
|switch|p1a: Quajutsu|Greninja, F|28/100
|turn|13
|
|t:|1758306211
|-end|p2a: Iron Crown|Quark Drive|[silent]
|switch|p2a: Kyurem|Kyurem|100/100
|-ability|p2a: Kyurem|Pressure
|move|p1a: Quajutsu|Dark Pulse|p2a: Kyurem
|-start|p1a: Quajutsu|typechange|Dark|[from] ability: Protean
|-crit|p2a: Kyurem
|-damage|p2a: Kyurem|36/100
|
|-heal|p2a: Kyurem|43/100|[from] item: Leftovers
|upkeep
|turn|14
|
|t:|1758306226
|move|p1a: Quajutsu|Dark Pulse|p2a: Kyurem
|-damage|p2a: Kyurem|0 fnt
|faint|p2a: Kyurem
|
|upkeep
|
|t:|1758306238
|switch|p2a: Iron Crown|Iron Crown|100/100
|turn|15
|
|t:|1758306243
|-terastallize|p2a: Iron Crown|Fighting
|move|p1a: Quajutsu|Dark Pulse|p2a: Iron Crown
|-resisted|p2a: Iron Crown
|-damage|p2a: Iron Crown|72/100
|move|p2a: Iron Crown|Volt Switch|p1a: Quajutsu
|-damage|p1a: Quajutsu|0 fnt
|faint|p1a: Quajutsu
|
|t:|1758306248
|-end|p2a: Iron Crown|Quark Drive|[silent]
|switch|p2a: Slowking|Slowking-Galar, M|100/100|[from] Volt Switch
|
|upkeep
|
|t:|1758306256
|switch|p1a: Quiekel|Swinub, F|100/100
|turn|16
|
|t:|1758306259
|move|p1a: Quiekel|Earthquake|p2a: Slowking
|-supereffective|p2a: Slowking
|-crit|p2a: Slowking
|-damage|p2a: Slowking|0 fnt
|faint|p2a: Slowking
|
|upkeep
|
|t:|1758306262
|switch|p2a: Iron Crown|Iron Crown, tera:Fighting|72/100
|turn|17
|
|t:|1758306276
|move|p2a: Iron Crown|Tera Blast|p1a: Quiekel|[anim] Tera Blast Fighting
|-supereffective|p1a: Quiekel
|-enditem|p1a: Quiekel|Focus Sash
|-damage|p1a: Quiekel|1/100
|move|p1a: Quiekel|Endeavor|p2a: Iron Crown
|-damage|p2a: Iron Crown|1/100
|
|upkeep
|turn|18
|-message|Callooee forfeited.
|
|win|I will eat another
|raw|I will eat another's rating: 1265 &rarr; <strong>1287</strong><br />(+22 for winning)
|raw|Callooee's rating: 1218 &rarr; <strong>1196</strong><br />(-22 for losing)
|l|☆I will eat another
|player|p1|
