|j|☆itoshiflwr
|j|☆Sakamotouno
|t:|1758298464
|gametype|singles
|player|p1|itoshiflwr|burnet|1471
|player|p2|Sakamotouno|drayden|1490
|gen|9
|tier|[Gen 9] OU
|rated|
|rule|HP Percentage Mod: HP is shown in percentages
|rule|Endless Battle Clause: Forcing endless battles is banned
|rule|Species Clause: Limit one of each Pokémon
|rule|OHKO Clause: OHKO moves are banned
|rule|Evasion Items Clause: Evasion items are banned
|rule|Evasion Moves Clause: Evasion moves are banned
|rule|Evasion Abilities Clause: Evasion abilities are banned
|rule|Sleep Moves Clause: Sleep-inducing moves are banned
|clearpoke
|poke|p1|Dragapult, M|
|poke|p1|Glastrier|
|poke|p1|Tinkaton, F|
|poke|p1|Ting-Lu|
|poke|p1|Iron Hands|
|poke|p1|Moltres|
|poke|p2|Samurott-Hisui, M|
|poke|p2|Kyurem|
|poke|p2|Iron Boulder|
|poke|p2|Hydrapple, F|
|poke|p2|Gholdengo|
|poke|p2|Landorus-Therian, M|
|teampreview
|inactive|Battle timer is ON: inactive players will automatically lose when time's up. (requested by Sakamotouno)
|
|t:|1758298476
|teamsize|p1|6
|teamsize|p2|6
|start
|switch|p1a: Glastrier|Glastrier|100/100
|switch|p2a: Samurott|Samurott-Hisui, M|100/100
|turn|1
|
|t:|1758298482
|move|p2a: Samurott|Ceaseless Edge|p1a: Glastrier
|-damage|p1a: Glastrier|68/100
|-sidestart|p1: itoshiflwr|Spikes
|move|p1a: Glastrier|Close Combat|p2a: Samurott
|-supereffective|p2a: Samurott
|-damage|p2a: Samurott|0 fnt
|-unboost|p1a: Glastrier|def|1
|-unboost|p1a: Glastrier|spd|1
|faint|p2a: Samurott
|-ability|p1a: Glastrier|Chilling Neigh|boost
|-boost|p1a: Glastrier|atk|1
|
|upkeep
|
|t:|1758298495
|switch|p2a: Kyurem|Kyurem|100/100
|-ability|p2a: Kyurem|Pressure
|turn|2
|
|t:|1758298499
|switch|p1a: Tinkaton|Tinkaton, F|100/100
|-item|p1a: Tinkaton|Air Balloon
|move|p2a: Kyurem|Draco Meteor|p1a: Tinkaton
|-immune|p1a: Tinkaton
|
|upkeep
|turn|3
|
|t:|1758298506
|switch|p2a: Landorus|Landorus-Therian, M|100/100
|-ability|p2a: Landorus|Intimidate|boost
|-unboost|p1a: Tinkaton|atk|1
|move|p1a: Tinkaton|Stealth Rock|p2a: Landorus
|-sidestart|p2: Sakamotouno|move: Stealth Rock
|
|upkeep
|turn|4
|
|t:|1758298511
|switch|p1a: Moltres|Moltres|100/100
|move|p2a: Landorus|Stealth Rock|p1a: Moltres
|-sidestart|p1: itoshiflwr|move: Stealth Rock
|
|upkeep
|turn|5
|
|t:|1758298516
|move|p2a: Landorus|U-turn|p1a: Moltres
|-resisted|p1a: Moltres
|-damage|p1a: Moltres|97/100
|-status|p2a: Landorus|brn|[from] ability: Flame Body|[of] p1a: Moltres
|
|t:|1758298522
|switch|p2a: Kyurem|Kyurem|100/100|[from] U-turn
|-ability|p2a: Kyurem|Pressure
|move|p1a: Moltres|Flamethrower|p2a: Kyurem
|-damage|p2a: Kyurem|63/100
|
|upkeep
|turn|6
|
|t:|1758298526
|switch|p1a: Tinkaton|Tinkaton, F|100/100
|-damage|p1a: Tinkaton|94/100|[from] Stealth Rock
|-item|p1a: Tinkaton|Air Balloon
|move|p2a: Kyurem|Draco Meteor|p1a: Tinkaton
|-immune|p1a: Tinkaton
|
|upkeep
|turn|7
|
|t:|1758298533
|switch|p2a: Landorus|Landorus-Therian, M|100/100 brn
|-damage|p2a: Landorus|88/100 brn|[from] Stealth Rock
|-ability|p2a: Landorus|Intimidate|boost
|-unboost|p1a: Tinkaton|atk|1
|move|p1a: Tinkaton|Gigaton Hammer|p2a: Landorus
|-damage|p2a: Landorus|65/100 brn
|
|-damage|p2a: Landorus|59/100 brn|[from] brn
|upkeep
|turn|8
|
|t:|1758298541
|switch|p1a: Moltres|Moltres|97/100
|move|p2a: Landorus|U-turn|p1a: Moltres
|-resisted|p1a: Moltres
|-damage|p1a: Moltres|95/100
|
|t:|1758298542
|switch|p2a: Kyurem|Kyurem|63/100|[from] U-turn
|-ability|p2a: Kyurem|Pressure
|
|upkeep
|turn|9
|
|t:|1758298545
|switch|p1a: Tinkaton|Tinkaton, F|94/100
|-damage|p1a: Tinkaton|88/100|[from] Stealth Rock
|-item|p1a: Tinkaton|Air Balloon
|move|p2a: Kyurem|Freeze-Dry|p1a: Tinkaton
|-resisted|p1a: Tinkaton
|-damage|p1a: Tinkaton|74/100
|-enditem|p1a: Tinkaton|Air Balloon
|
|upkeep
|turn|10
|
|t:|1758298555
|switch|p2a: Landorus|Landorus-Therian, M|59/100 brn
|-damage|p2a: Landorus|47/100 brn|[from] Stealth Rock
|-ability|p2a: Landorus|Intimidate|boost
|-unboost|p1a: Tinkaton|atk|1
|move|p1a: Tinkaton|Gigaton Hammer|p2a: Landorus
|-damage|p2a: Landorus|26/100 brn
|
|-damage|p2a: Landorus|20/100 brn|[from] brn
|upkeep
|turn|11
|
|t:|1758298560
|move|p1a: Tinkaton|Knock Off|p2a: Landorus
|-damage|p2a: Landorus|11/100 brn
|-damage|p1a: Tinkaton|57/100|[from] item: Rocky Helmet|[of] p2a: Landorus
|-enditem|p2a: Landorus|Rocky Helmet|[from] move: Knock Off|[of] p1a: Tinkaton
|move|p2a: Landorus|U-turn|p1a: Tinkaton
|-resisted|p1a: Tinkaton
|-damage|p1a: Tinkaton|54/100
|
|t:|1758298573
|switch|p2a: Kyurem|Kyurem|63/100|[from] U-turn
|-ability|p2a: Kyurem|Pressure
|
|upkeep
|turn|12
|
|t:|1758298579
|-terastallize|p1a: Tinkaton|Water
|move|p2a: Kyurem|Earth Power|p1a: Tinkaton
|-damage|p1a: Tinkaton|26/100
|move|p1a: Tinkaton|Gigaton Hammer|p2a: Kyurem
|-supereffective|p2a: Kyurem
|-damage|p2a: Kyurem|7/100
|
|upkeep
|turn|13
|
|t:|1758298586
|switch|p1a: Moltres|Moltres|95/100
|move|p2a: Kyurem|Freeze-Dry|p1a: Moltres
|-damage|p1a: Moltres|56/100
|
|upkeep
|turn|14
|
|t:|1758298594
|move|p2a: Kyurem|Freeze-Dry|p1a: Moltres
|-damage|p1a: Moltres|17/100
|move|p1a: Moltres|U-turn|p2a: Kyurem
|-damage|p2a: Kyurem|0 fnt
|faint|p2a: Kyurem
|
|t:|1758298601
|switch|p1a: Dragapult|Dragapult, M|100/100|[from] U-turn
|
|upkeep
|
|t:|1758298609
|switch|p2a: Gholdengo|Gholdengo|100/100
|-damage|p2a: Gholdengo|94/100|[from] Stealth Rock
|turn|15
|
|t:|1758298615
|move|p1a: Dragapult|U-turn|p2a: Gholdengo
|-resisted|p2a: Gholdengo
|-damage|p2a: Gholdengo|90/100
|
|t:|1758298617
|switch|p1a: Ting-Lu|Ting-Lu|100/100|[from] U-turn
|-damage|p1a: Ting-Lu|88/100|[from] Spikes
|-damage|p1a: Ting-Lu|82/100|[from] Stealth Rock
|-ability|p1a: Ting-Lu|Vessel of Ruin
|move|p2a: Gholdengo|Shadow Ball|p1a: Ting-Lu
|-resisted|p1a: Ting-Lu
|-damage|p1a: Ting-Lu|71/100
|
|-heal|p1a: Ting-Lu|77/100|[from] item: Leftovers
|upkeep
|turn|16
|
|t:|1758298622
|move|p2a: Gholdengo|Nasty Plot|p2a: Gholdengo
|-boost|p2a: Gholdengo|spa|2
|move|p1a: Ting-Lu|Earthquake|p2a: Gholdengo
|-supereffective|p2a: Gholdengo
|-damage|p2a: Gholdengo|4/100
|
|-heal|p1a: Ting-Lu|84/100|[from] item: Leftovers
|upkeep
|turn|17
|
|t:|1758298627
|move|p2a: Gholdengo|Make It Rain|p1a: Ting-Lu
|-damage|p1a: Ting-Lu|11/100
|-unboost|p2a: Gholdengo|spa|1
|move|p1a: Ting-Lu|Earthquake|p2a: Gholdengo
|-supereffective|p2a: Gholdengo
|-damage|p2a: Gholdengo|0 fnt
|faint|p2a: Gholdengo
|
|-heal|p1a: Ting-Lu|17/100|[from] item: Leftovers
|upkeep
|
|t:|1758298639
|switch|p2a: Hydrapple|Hydrapple, F|100/100
|-damage|p2a: Hydrapple|88/100|[from] Stealth Rock
|turn|18
|
|t:|1758298644
|move|p1a: Ting-Lu|Spikes|p2a: Hydrapple
|-sidestart|p2: Sakamotouno|Spikes
|move|p2a: Hydrapple|Giga Drain|p1a: Ting-Lu
|-supereffective|p1a: Ting-Lu
|-damage|p1a: Ting-Lu|0 fnt
|-heal|p2a: Hydrapple|99/100|[from] drain|[of] p1a: Ting-Lu
|faint|p1a: Ting-Lu
|
|upkeep
|
|t:|1758298650
|switch|p1a: Glastrier|Glastrier|68/100
|turn|19
|
|t:|1758298655
|switch|p2a: Landorus|Landorus-Therian, M|11/100 brn
|-damage|p2a: Landorus|0 fnt|[from] Stealth Rock
|faint|p2a: Landorus
|move|p1a: Glastrier|Icicle Crash|p2: Landorus|[notarget]
|-fail|p1a: Glastrier
|
|upkeep
|
|t:|1758298658
|switch|p2a: Iron Boulder|Iron Boulder|100/100
|-damage|p2a: Iron Boulder|88/100|[from] Stealth Rock
|-damage|p2a: Iron Boulder|76/100|[from] Spikes
|-enditem|p2a: Iron Boulder|Booster Energy
|-activate|p2a: Iron Boulder|ability: Quark Drive|[fromitem]
|-start|p2a: Iron Boulder|quarkdrivespe
|turn|20
|
|t:|1758298663
|move|p2a: Iron Boulder|Swords Dance|p2a: Iron Boulder
|-boost|p2a: Iron Boulder|atk|2
|move|p1a: Glastrier|High Horsepower|p2a: Iron Boulder
|-supereffective|p2a: Iron Boulder
|-damage|p2a: Iron Boulder|0 fnt
|faint|p2a: Iron Boulder
|-end|p2a: Iron Boulder|Quark Drive|[silent]
|-ability|p1a: Glastrier|Chilling Neigh|boost
|-boost|p1a: Glastrier|atk|1
|
|upkeep
|-message|Sakamotouno forfeited.
|
|win|itoshiflwr
|raw|itoshiflwr's rating: 1471 &rarr; <strong>1492</strong><br />(+21 for winning)
|raw|Sakamotouno's rating: 1490 &rarr; <strong>1469</strong><br />(-21 for losing)
|l|☆Sakamotouno
|player|p2|
|l|☆itoshiflwr
|player|p1|
