|j|☆Chef Allen
|j|☆caeluskasai
|t:|1758341001
|gametype|singles
|player|p1|Chef Allen|baker|1223
|player|p2|caeluskasai|burglar|1159
|gen|9
|tier|[Gen 9] OU
|rated|
|rule|HP Percentage Mod: HP is shown in percentages
|rule|Endless Battle Clause: Forcing endless battles is banned
|rule|Species Clause: Limit one of each Pokémon
|rule|OHKO Clause: OHKO moves are banned
|rule|Evasion Items Clause: Evasion items are banned
|rule|Evasion Moves Clause: Evasion moves are banned
|rule|Evasion Abilities Clause: Evasion abilities are banned
|rule|Sleep Moves Clause: Sleep-inducing moves are banned
|clearpoke
|poke|p1|Rotom-Heat|
|poke|p1|Dachsbun, M|
|poke|p1|Alcremie, F|
|poke|p1|Garganacl, F|
|poke|p1|Tatsugiri, M|
|poke|p1|Sinistcha-Masterpiece|
|poke|p2|Garchomp, M|
|poke|p2|Latios, M|
|poke|p2|Hydreigon, F|
|poke|p2|Goodra-Hisui, F|
|poke|p2|Dragapult, F|
|poke|p2|Dragonite, M|
|teampreview
|inactive|Battle timer is ON: inactive players will automatically lose when time's up. (requested by Chef Allen)
|
|t:|1758341028
|teamsize|p1|6
|teamsize|p2|6
|start
|switch|p1a: Salt|Garganacl, F|100/100
|switch|p2a: Garchomp|Garchomp, M|100/100
|turn|1
|
|t:|1758341041
|move|p2a: Garchomp|Swords Dance|p2a: Garchomp
|-boost|p2a: Garchomp|atk|2
|move|p1a: Salt|Stealth Rock|p2a: Garchomp
|-sidestart|p2: caeluskasai|move: Stealth Rock
|
|upkeep
|turn|2
|
|t:|1758341051
|switch|p1a: The oven|Rotom-Heat|100/100
|move|p2a: Garchomp|Earthquake|p1a: The oven
|-immune|p1a: The oven|[from] ability: Levitate
|
|upkeep
|turn|3
|
|t:|1758341054
|move|p1a: The oven|Will-O-Wisp|p2a: Garchomp
|-status|p2a: Garchomp|brn
|move|p2a: Garchomp|Rock Slide|p1a: The oven
|-supereffective|p1a: The oven
|-damage|p1a: The oven|34/100
|
|-damage|p2a: Garchomp|94/100 brn|[from] brn
|upkeep
|turn|4
|
|t:|1758341061
|switch|p1a: Matcha|Sinistcha-Masterpiece|100/100
|move|p2a: Garchomp|Swords Dance|p2a: Garchomp
|-boost|p2a: Garchomp|atk|2
|
|-damage|p2a: Garchomp|88/100 brn|[from] brn
|upkeep
|turn|5
|
|t:|1758341067
|move|p2a: Garchomp|Scale Shot|p1a: Matcha
|-damage|p1a: Matcha|81/100
|-damage|p1a: Matcha|61/100
|-damage|p1a: Matcha|42/100
|-damage|p1a: Matcha|24/100
|-hitcount|p1a: Matcha|4
|-unboost|p2a: Garchomp|def|1
|-boost|p2a: Garchomp|spe|1
|move|p1a: Matcha|Shadow Ball|p2a: Garchomp
|-damage|p2a: Garchomp|40/100 brn
|
|-heal|p1a: Matcha|31/100|[from] item: Leftovers
|-damage|p2a: Garchomp|34/100 brn|[from] brn
|upkeep
|turn|6
|
|t:|1758341077
|switch|p1a: Bread|Dachsbun, M|100/100
|move|p2a: Garchomp|Scale Shot|p1a: Bread
|-immune|p1a: Bread
|
|-damage|p2a: Garchomp|28/100 brn|[from] brn
|upkeep
|turn|7
|
|t:|1758341082
|move|p2a: Garchomp|Earthquake|p1a: Bread
|-damage|p1a: Bread|35/100
|move|p1a: Bread|Play Rough|p2a: Garchomp
|-supereffective|p2a: Garchomp
|-damage|p2a: Garchomp|0 fnt
|-damage|p1a: Bread|23/100|[from] ability: Rough Skin|[of] p2a: Garchomp
|faint|p2a: Garchomp
|
|-heal|p1a: Bread|29/100|[from] item: Leftovers
|upkeep
|
|t:|1758341086
|switch|p2a: Goodra|Goodra-Hisui, F|100/100
|-damage|p2a: Goodra|94/100|[from] Stealth Rock
|turn|8
|
|t:|1758341092
|switch|p1a: The oven|Rotom-Heat|34/100
|move|p2a: Goodra|Acid Spray|p1a: The oven
|-damage|p1a: The oven|18/100
|-unboost|p1a: The oven|spd|2
|
|upkeep
|turn|9
|
|t:|1758341100
|move|p1a: The oven|Volt Switch|p2a: Goodra
|-resisted|p2a: Goodra
|-damage|p2a: Goodra|88/100
|
|t:|1758341102
|switch|p1a: Salt|Garganacl, F|100/100|[from] Volt Switch
|move|p2a: Goodra|Dragon Pulse|p1a: Salt
|-damage|p1a: Salt|62/100
|
|-heal|p1a: Salt|68/100|[from] item: Leftovers
|upkeep
|turn|10
|
|t:|1758341108
|move|p2a: Goodra|Flash Cannon|p1a: Salt
|-supereffective|p1a: Salt
|-damage|p1a: Salt|0 fnt
|faint|p1a: Salt
|
|upkeep
|
|t:|1758341124
|switch|p1a: Matcha|Sinistcha-Masterpiece|31/100
|turn|11
|
|t:|1758341128
|move|p1a: Matcha|Shadow Ball|p2a: Goodra
|-damage|p2a: Goodra|66/100
|-unboost|p2a: Goodra|spd|1
|move|p2a: Goodra|Dragon Pulse|p1a: Matcha
|-damage|p1a: Matcha|0 fnt
|faint|p1a: Matcha
|
|upkeep
|
|t:|1758341141
|switch|p1a: Sushi|Tatsugiri, M|100/100
|turn|12
|
|t:|1758341145
|move|p1a: Sushi|Draco Meteor|p2a: Goodra
|-damage|p2a: Goodra|29/100
|-unboost|p1a: Sushi|spa|2
|move|p2a: Goodra|Dragon Pulse|p1a: Sushi
|-supereffective|p1a: Sushi
|-damage|p1a: Sushi|10/100
|
|upkeep
|turn|13
|
|t:|1758341149
|move|p1a: Sushi|Draco Meteor|p2a: Goodra
|-damage|p2a: Goodra|12/100
|-unboost|p1a: Sushi|spa|2
|move|p2a: Goodra|Dragon Pulse|p1a: Sushi
|-supereffective|p1a: Sushi
|-damage|p1a: Sushi|0 fnt
|faint|p1a: Sushi
|
|upkeep
|
|t:|1758341158
|switch|p1a: Whipped cream|Alcremie, F|100/100
|turn|14
|
|t:|1758341164
|-terastallize|p1a: Whipped cream|Water
|move|p1a: Whipped cream|Calm Mind|p1a: Whipped cream
|-boost|p1a: Whipped cream|spa|1
|-boost|p1a: Whipped cream|spd|1
|move|p2a: Goodra|Flash Cannon|p1a: Whipped cream
|-resisted|p1a: Whipped cream
|-damage|p1a: Whipped cream|92/100
|
|-heal|p1a: Whipped cream|98/100|[from] item: Leftovers
|upkeep
|turn|15
|
|t:|1758341168
|move|p1a: Whipped cream|Dazzling Gleam|p2a: Goodra
|-damage|p2a: Goodra|0 fnt
|faint|p2a: Goodra
|
|-heal|p1a: Whipped cream|100/100|[from] item: Leftovers
|upkeep
|
|t:|1758341176
|switch|p2a: Latios|Latios, M|100/100
|-damage|p2a: Latios|88/100|[from] Stealth Rock
|turn|16
|
|t:|1758341179
|-terastallize|p2a: Latios|Electric
|move|p2a: Latios|Calm Mind|p2a: Latios
|-boost|p2a: Latios|spa|1
|-boost|p2a: Latios|spd|1
|move|p1a: Whipped cream|Calm Mind|p1a: Whipped cream
|-boost|p1a: Whipped cream|spa|1
|-boost|p1a: Whipped cream|spd|1
|
|upkeep
|turn|17
|
|t:|1758341185
|move|p2a: Latios|Calm Mind|p2a: Latios
|-boost|p2a: Latios|spa|1
|-boost|p2a: Latios|spd|1
|move|p1a: Whipped cream|Dazzling Gleam|p2a: Latios
|-damage|p2a: Latios|53/100
|
|upkeep
|turn|18
|
|t:|1758341188
|move|p2a: Latios|Tera Blast|p1a: Whipped cream|[anim] Tera Blast Electric
|-supereffective|p1a: Whipped cream
|-damage|p1a: Whipped cream|40/100
|move|p1a: Whipped cream|Calm Mind|p1a: Whipped cream
|-boost|p1a: Whipped cream|spa|1
|-boost|p1a: Whipped cream|spd|1
|
|-heal|p1a: Whipped cream|46/100|[from] item: Leftovers
|upkeep
|turn|19
|
|t:|1758341194
|move|p2a: Latios|Tera Blast|p1a: Whipped cream|[anim] Tera Blast Electric
|-supereffective|p1a: Whipped cream
|-crit|p1a: Whipped cream
|-damage|p1a: Whipped cream|0 fnt
|faint|p1a: Whipped cream
|
|upkeep
|-message|Chef Allen forfeited.
|
|win|caeluskasai
|raw|Chef Allen's rating: 1223 &rarr; <strong>1193</strong><br />(-30 for losing)
|raw|caeluskasai's rating: 1159 &rarr; <strong>1189</strong><br />(+30 for winning)
|l|☆Chef Allen
|player|p1|
|l|☆caeluskasai
|player|p2|
