|j|☆sack800
|j|☆Chico737
|t:|1758276206
|gametype|singles
|player|p1|sack800|burglar|1330
|player|p2|Chico737|1|1273
|gen|9
|tier|[Gen 9] OU
|rated|
|rule|HP Percentage Mod: HP is shown in percentages
|rule|Endless Battle Clause: Forcing endless battles is banned
|rule|Species Clause: Limit one of each Pokémon
|rule|OHKO Clause: OHKO moves are banned
|rule|Evasion Items Clause: Evasion items are banned
|rule|Evasion Moves Clause: Evasion moves are banned
|rule|Evasion Abilities Clause: Evasion abilities are banned
|rule|Sleep Moves Clause: Sleep-inducing moves are banned
|clearpoke
|poke|p1|Clefable, F|
|poke|p1|Dondozo, F|
|poke|p1|Blissey, F|
|poke|p1|Clodsire, M|
|poke|p1|Corviknight, M|
|poke|p1|Gliscor, M|
|poke|p2|Cinderace, F|
|poke|p2|Empoleon, F|
|poke|p2|Ribombee, F|
|poke|p2|Serperior, M|
|poke|p2|Kingambit, M|
|poke|p2|Wigglytuff, M|
|teampreview
|inactive|Battle timer is ON: inactive players will automatically lose when time's up. (requested by Chico737)
|
|t:|1758276226
|teamsize|p1|6
|teamsize|p2|6
|start
|switch|p1a: Gliscor|Gliscor, M|100/100
|switch|p2a: Ribombee|Ribombee, F|100/100
|turn|1
|
|t:|1758276233
|move|p1a: Gliscor|Protect|p1a: Gliscor
|-singleturn|p1a: Gliscor|Protect
|move|p2a: Ribombee|Stun Spore|p1a: Gliscor
|-activate|p1a: Gliscor|move: Protect
|
|-status|p1a: Gliscor|tox|[from] item: Toxic Orb
|upkeep
|turn|2
|
|t:|1758276236
|move|p2a: Ribombee|Sticky Web|p1a: Gliscor
|-sidestart|p1: sack800|move: Sticky Web
|move|p1a: Gliscor|Toxic|p2a: Ribombee|[miss]
|-miss|p1a: Gliscor|p2a: Ribombee
|
|upkeep
|turn|3
|
|t:|1758276253
|move|p2a: Ribombee|Moonblast|p1a: Gliscor
|-damage|p1a: Gliscor|48/100 tox
|move|p1a: Gliscor|Toxic|p2a: Ribombee|[miss]
|-miss|p1a: Gliscor|p2a: Ribombee
|
|-heal|p1a: Gliscor|61/100 tox|[from] ability: Poison Heal
|upkeep
|turn|4
|
|t:|1758276256
|move|p2a: Ribombee|Moonblast|p1a: Gliscor
|-damage|p1a: Gliscor|11/100 tox
|move|p1a: Gliscor|Toxic|p2a: Ribombee
|-status|p2a: Ribombee|tox
|
|-damage|p2a: Ribombee|94/100 tox|[from] psn
|-heal|p1a: Gliscor|24/100 tox|[from] ability: Poison Heal
|upkeep
|turn|5
|
|t:|1758276262
|move|p1a: Gliscor|Protect|p1a: Gliscor
|-singleturn|p1a: Gliscor|Protect
|move|p2a: Ribombee|Moonblast|p1a: Gliscor
|-activate|p1a: Gliscor|move: Protect
|
|-damage|p2a: Ribombee|82/100 tox|[from] psn
|-heal|p1a: Gliscor|36/100 tox|[from] ability: Poison Heal
|upkeep
|turn|6
|
|t:|1758276274
|switch|p1a: Blissey|Blissey, F|100/100
|move|p2a: Ribombee|Moonblast|p1a: Blissey
|-damage|p1a: Blissey|87/100
|
|-damage|p2a: Ribombee|64/100 tox|[from] psn
|upkeep
|turn|7
|
|t:|1758276279
|switch|p2a: Cinderace|Cinderace, F|100/100
|move|p1a: Blissey|Shadow Ball|p2a: Cinderace
|-damage|p2a: Cinderace|84/100
|
|upkeep
|turn|8
|
|t:|1758276289
|switch|p1a: Dondozo|Dondozo, F|100/100
|-activate|p1a: Dondozo|move: Sticky Web
|-unboost|p1a: Dondozo|spe|1
|move|p2a: Cinderace|Court Change|p2a: Cinderace
|-start|p2a: Cinderace|typechange|Normal|[from] ability: Libero
|-swapsideconditions
|-activate|p2a: Cinderace|move: Court Change
|
|upkeep
|turn|9
|
|t:|1758276317
|switch|p2a: Serperior|Serperior, M|100/100
|-activate|p2a: Serperior|move: Sticky Web
|-boost|p2a: Serperior|spe|1
|move|p1a: Dondozo|Waterfall|p2a: Serperior
|-resisted|p2a: Serperior
|-damage|p2a: Serperior|84/100
|
|upkeep
|turn|10
|
|t:|1758276323
|switch|p1a: Blissey|Blissey, F|87/100
|move|p2a: Serperior|Leaf Storm|p1a: Blissey
|-damage|p1a: Blissey|73/100
|-boost|p2a: Serperior|spa|2
|
|upkeep
|turn|11
|
|t:|1758276331
|switch|p2a: Kingambit|Kingambit, M|100/100
|-activate|p2a: Kingambit|move: Sticky Web
|-unboost|p2a: Kingambit|spe|1
|-ability|p2a: Kingambit|Defiant|boost
|-boost|p2a: Kingambit|atk|2
|move|p1a: Blissey|Seismic Toss|p2a: Kingambit
|-damage|p2a: Kingambit|71/100
|
|upkeep
|turn|12
|
|t:|1758276352
|switch|p1a: Dondozo|Dondozo, F|100/100
|move|p2a: Kingambit|Kowtow Cleave|p1a: Dondozo
|-damage|p1a: Dondozo|77/100
|
|-heal|p1a: Dondozo|83/100|[from] item: Leftovers
|upkeep
|turn|13
|
|t:|1758276369
|switch|p2a: Serperior|Serperior, M|84/100
|-activate|p2a: Serperior|move: Sticky Web
|-boost|p2a: Serperior|spe|1
|move|p1a: Dondozo|Curse|p1a: Dondozo
|-unboost|p1a: Dondozo|spe|1
|-boost|p1a: Dondozo|atk|1
|-boost|p1a: Dondozo|def|1
|
|-heal|p1a: Dondozo|90/100|[from] item: Leftovers
|upkeep
|turn|14
|inactive|sack800 has 120 seconds left.
|inactive|sack800 has 90 seconds left.
|
|t:|1758276439
|switch|p2a: Empoleon|Empoleon, F|100/100
|-activate|p2a: Empoleon|move: Sticky Web
|-unboost|p2a: Empoleon|spe|1
|-ability|p2a: Empoleon|Competitive|boost
|-boost|p2a: Empoleon|spa|2
|switch|p1a: Blissey|Blissey, F|73/100
|
|upkeep
|turn|15
|
|t:|1758276457
|move|p1a: Blissey|Seismic Toss|p2a: Empoleon
|-damage|p2a: Empoleon|74/100
|move|p2a: Empoleon|Surf|p1a: Blissey
|-damage|p1a: Blissey|46/100
|
|-heal|p2a: Empoleon|80/100|[from] item: Leftovers
|upkeep
|turn|16
|inactive|sack800 has 90 seconds left.
|
|t:|1758276482
|move|p1a: Blissey|Calm Mind|p1a: Blissey
|-boost|p1a: Blissey|spa|1
|-boost|p1a: Blissey|spd|1
|move|p2a: Empoleon|Surf|p1a: Blissey
|-damage|p1a: Blissey|28/100
|
|-heal|p2a: Empoleon|86/100|[from] item: Leftovers
|upkeep
|turn|17
|
|t:|1758276486
|move|p2a: Empoleon|Vacuum Wave|p1a: Blissey
|-supereffective|p1a: Blissey
|-damage|p1a: Blissey|18/100
|move|p1a: Blissey|Soft-Boiled|p1a: Blissey
|-heal|p1a: Blissey|68/100
|
|-heal|p2a: Empoleon|92/100|[from] item: Leftovers
|upkeep
|turn|18
|inactive|sack800 has 90 seconds left.
|
|t:|1758276498
|switch|p2a: Cinderace|Cinderace, F|84/100
|move|p1a: Blissey|Calm Mind|p1a: Blissey
|-boost|p1a: Blissey|spa|1
|-boost|p1a: Blissey|spd|1
|
|upkeep
|turn|19
|inactive|sack800 has 90 seconds left.
|
|t:|1758276510
|switch|p1a: Clefable|Clefable, F|100/100
|move|p2a: Cinderace|Will-O-Wisp|p1a: Clefable
|-status|p1a: Clefable|brn
|
|upkeep
|turn|20
|
|t:|1758276530
|switch|p2a: Kingambit|Kingambit, M|71/100
|-activate|p2a: Kingambit|move: Sticky Web
|-unboost|p2a: Kingambit|spe|1
|-ability|p2a: Kingambit|Defiant|boost
|-boost|p2a: Kingambit|atk|2
|move|p1a: Clefable|Stealth Rock|p2a: Kingambit
|-sidestart|p2: Chico737|move: Stealth Rock
|
|upkeep
|turn|21
|
|t:|1758276535
|switch|p1a: Dondozo|Dondozo, F|90/100
|move|p2a: Kingambit|Kowtow Cleave|p1a: Dondozo
|-damage|p1a: Dondozo|68/100
|
|-heal|p1a: Dondozo|74/100|[from] item: Leftovers
|upkeep
|turn|22
|
|t:|1758276546
|switch|p2a: Empoleon|Empoleon, F|92/100
|-activate|p2a: Empoleon|move: Sticky Web
|-unboost|p2a: Empoleon|spe|1
|-ability|p2a: Empoleon|Competitive|boost
|-boost|p2a: Empoleon|spa|2
|-damage|p2a: Empoleon|86/100|[from] Stealth Rock
|move|p1a: Dondozo|Curse|p1a: Dondozo
|-unboost|p1a: Dondozo|spe|1
|-boost|p1a: Dondozo|atk|1
|-boost|p1a: Dondozo|def|1
|
|-heal|p2a: Empoleon|92/100|[from] item: Leftovers
|-heal|p1a: Dondozo|80/100|[from] item: Leftovers
|upkeep
|turn|23
|inactive|sack800 has 120 seconds left.
|
|t:|1758276561
|switch|p1a: Clefable|Clefable, F|100/100 brn
|move|p2a: Empoleon|Grass Knot|p1a: Clefable
|-damage|p1a: Clefable|60/100 brn
|
|-heal|p1a: Clefable|66/100 brn|[from] item: Leftovers
|-heal|p2a: Empoleon|98/100|[from] item: Leftovers
|upkeep
|turn|24
|
|t:|1758276572
|switch|p1a: Blissey|Blissey, F|68/100
|move|p2a: Empoleon|Surf|p1a: Blissey
|-damage|p1a: Blissey|42/100
|
|-heal|p2a: Empoleon|100/100|[from] item: Leftovers
|upkeep
|turn|25
|
|t:|1758276583
|-terastallize|p1a: Blissey|Water
|move|p1a: Blissey|Calm Mind|p1a: Blissey
|-boost|p1a: Blissey|spa|1
|-boost|p1a: Blissey|spd|1
|move|p2a: Empoleon|Surf|p1a: Blissey
|-resisted|p1a: Blissey
|-damage|p1a: Blissey|32/100
|
|upkeep
|turn|26
|
|t:|1758276588
|move|p1a: Blissey|Soft-Boiled|p1a: Blissey
|-heal|p1a: Blissey|82/100
|move|p2a: Empoleon|Grass Knot|p1a: Blissey
|-supereffective|p1a: Blissey
|-damage|p1a: Blissey|64/100
|
|upkeep
|turn|27
|
|t:|1758276598
|switch|p2a: Kingambit|Kingambit, M|71/100
|-activate|p2a: Kingambit|move: Sticky Web
|-unboost|p2a: Kingambit|spe|1
|-ability|p2a: Kingambit|Defiant|boost
|-boost|p2a: Kingambit|atk|2
|-damage|p2a: Kingambit|65/100|[from] Stealth Rock
|move|p1a: Blissey|Soft-Boiled|p1a: Blissey
|-heal|p1a: Blissey|100/100
|
|upkeep
|turn|28
|
|t:|1758276607
|switch|p1a: Dondozo|Dondozo, F|80/100
|move|p2a: Kingambit|Kowtow Cleave|p1a: Dondozo
|-damage|p1a: Dondozo|59/100
|
|-heal|p1a: Dondozo|66/100|[from] item: Leftovers
|upkeep
|turn|29
|
|t:|1758276618
|switch|p2a: Empoleon|Empoleon, F|100/100
|-activate|p2a: Empoleon|move: Sticky Web
|-unboost|p2a: Empoleon|spe|1
|-ability|p2a: Empoleon|Competitive|boost
|-boost|p2a: Empoleon|spa|2
|-damage|p2a: Empoleon|94/100|[from] Stealth Rock
|move|p1a: Dondozo|Waterfall|p2a: Empoleon
|-resisted|p2a: Empoleon
|-damage|p2a: Empoleon|81/100
|
|-heal|p1a: Dondozo|72/100|[from] item: Leftovers
|-heal|p2a: Empoleon|87/100|[from] item: Leftovers
|upkeep
|turn|30
|
|t:|1758276624
|switch|p1a: Clodsire|Clodsire, M|100/100
|move|p2a: Empoleon|Surf|p1a: Clodsire
|-immune|p1a: Clodsire|[from] ability: Water Absorb
|
|-heal|p2a: Empoleon|94/100|[from] item: Leftovers
|upkeep
|turn|31
|
|t:|1758276631
|move|p2a: Empoleon|Ice Beam|p1a: Clodsire
|-supereffective|p1a: Clodsire
|-damage|p1a: Clodsire|38/100
|move|p1a: Clodsire|Earthquake|p2a: Empoleon
|-supereffective|p2a: Empoleon
|-damage|p2a: Empoleon|40/100
|
|-heal|p2a: Empoleon|46/100|[from] item: Leftovers
|upkeep
|turn|32
|
|t:|1758276638
|switch|p1a: Blissey|Blissey, F, tera:Water|100/100
|move|p2a: Empoleon|Ice Beam|p1a: Blissey
|-resisted|p1a: Blissey
|-damage|p1a: Blissey|91/100
|
|-heal|p2a: Empoleon|52/100|[from] item: Leftovers
|upkeep
|turn|33
|
|t:|1758276644
|switch|p2a: Kingambit|Kingambit, M|65/100
|-activate|p2a: Kingambit|move: Sticky Web
|-unboost|p2a: Kingambit|spe|1
|-ability|p2a: Kingambit|Defiant|boost
|-boost|p2a: Kingambit|atk|2
|-damage|p2a: Kingambit|59/100|[from] Stealth Rock
|move|p1a: Blissey|Seismic Toss|p2a: Kingambit
|-damage|p2a: Kingambit|30/100
|
|upkeep
|turn|34
|
|t:|1758276654
|switch|p1a: Dondozo|Dondozo, F|72/100
|switch|p2a: Wigglytuff|Wigglytuff, M|100/100
|-activate|p2a: Wigglytuff|move: Sticky Web
|-unboost|p2a: Wigglytuff|spe|1
|-ability|p2a: Wigglytuff|Competitive|boost
|-boost|p2a: Wigglytuff|spa|2
|-damage|p2a: Wigglytuff|88/100|[from] Stealth Rock
|
|-heal|p1a: Dondozo|78/100|[from] item: Leftovers
|upkeep
|turn|35
|
|t:|1758276667
|switch|p1a: Blissey|Blissey, F, tera:Water|91/100
|move|p2a: Wigglytuff|Alluring Voice|p1a: Blissey
|-damage|p1a: Blissey|71/100
|
|upkeep
|turn|36
|
|t:|1758276676
|switch|p2a: Serperior|Serperior, M|84/100
|-activate|p2a: Serperior|move: Sticky Web
|-boost|p2a: Serperior|spe|1
|-damage|p2a: Serperior|72/100|[from] Stealth Rock
|move|p1a: Blissey|Seismic Toss|p2a: Serperior
|-damage|p2a: Serperior|38/100
|
|upkeep
|turn|37
|
|t:|1758276686
|move|p2a: Serperior|Leaf Storm|p1a: Blissey
|-supereffective|p1a: Blissey
|-damage|p1a: Blissey|41/100
|-boost|p2a: Serperior|spa|2
|move|p1a: Blissey|Seismic Toss|p2a: Serperior
|-damage|p2a: Serperior|3/100
|
|upkeep
|turn|38
|
|t:|1758276704
|switch|p1a: Clefable|Clefable, F|66/100 brn
|move|p2a: Serperior|Leaf Storm|p1a: Clefable
|-damage|p1a: Clefable|0 fnt
|-boost|p2a: Serperior|spa|2
|faint|p1a: Clefable
|
|upkeep
|
|t:|1758276705
|switch|p1a: Corviknight|Corviknight, M|100/100
|-ability|p1a: Corviknight|Pressure
|turn|39
|
|t:|1758276722
|move|p2a: Serperior|Glare|p1a: Corviknight
|-status|p1a: Corviknight|par
|move|p1a: Corviknight|Body Press|p2a: Serperior
|-damage|p2a: Serperior|0 fnt
|faint|p2a: Serperior
|
|upkeep
|
|t:|1758276727
|switch|p2a: Wigglytuff|Wigglytuff, M|88/100
|-activate|p2a: Wigglytuff|move: Sticky Web
|-unboost|p2a: Wigglytuff|spe|1
|-ability|p2a: Wigglytuff|Competitive|boost
|-boost|p2a: Wigglytuff|spa|2
|-damage|p2a: Wigglytuff|76/100|[from] Stealth Rock
|turn|40
|
|t:|1758276738
|switch|p1a: Clodsire|Clodsire, M|38/100
|move|p2a: Wigglytuff|Alluring Voice|p1a: Clodsire
|-resisted|p1a: Clodsire
|-damage|p1a: Clodsire|19/100
|
|upkeep
|turn|41
|
|t:|1758276743
|move|p2a: Wigglytuff|Psyshock|p1a: Clodsire
|-supereffective|p1a: Clodsire
|-damage|p1a: Clodsire|0 fnt
|faint|p1a: Clodsire
|
|upkeep
|
|t:|1758276756
|switch|p1a: Gliscor|Gliscor, M|36/100 tox
|turn|42
|
|t:|1758276761
|move|p1a: Gliscor|Protect|p1a: Gliscor
|-singleturn|p1a: Gliscor|Protect
|move|p2a: Wigglytuff|Alluring Voice|p1a: Gliscor
|-activate|p1a: Gliscor|move: Protect
|
|-heal|p1a: Gliscor|49/100 tox|[from] ability: Poison Heal
|upkeep
|turn|43
|
|t:|1758276766
|switch|p1a: Corviknight|Corviknight, M|100/100 par
|-ability|p1a: Corviknight|Pressure
|move|p2a: Wigglytuff|Alluring Voice|p1a: Corviknight
|-resisted|p1a: Corviknight
|-damage|p1a: Corviknight|68/100 par
|
|upkeep
|turn|44
|
|t:|1758276773
|switch|p1a: Blissey|Blissey, F, tera:Water|41/100
|move|p2a: Wigglytuff|Flamethrower|p1a: Blissey
|-resisted|p1a: Blissey
|-damage|p1a: Blissey|33/100
|
|upkeep
|turn|45
|
|t:|1758276791
|move|p1a: Blissey|Seismic Toss|p2a: Wigglytuff
|-damage|p2a: Wigglytuff|55/100
|move|p2a: Wigglytuff|Alluring Voice|p1a: Blissey
|-damage|p1a: Blissey|13/100
|
|upkeep
|turn|46
|
|t:|1758276797
|move|p1a: Blissey|Seismic Toss|p2a: Wigglytuff
|-damage|p2a: Wigglytuff|34/100
|move|p2a: Wigglytuff|Alluring Voice|p1a: Blissey
|-damage|p1a: Blissey|0 fnt
|faint|p1a: Blissey
|
|upkeep
|
|t:|1758276801
|switch|p1a: Gliscor|Gliscor, M|49/100 tox
|turn|47
|
|t:|1758276804
|move|p1a: Gliscor|Protect|p1a: Gliscor
|-singleturn|p1a: Gliscor|Protect
|move|p2a: Wigglytuff|Ice Beam|p1a: Gliscor
|-activate|p1a: Gliscor|move: Protect
|
|-heal|p1a: Gliscor|61/100 tox|[from] ability: Poison Heal
|upkeep
|turn|48
|
|t:|1758276810
|switch|p1a: Corviknight|Corviknight, M|68/100 par
|-ability|p1a: Corviknight|Pressure
|move|p2a: Wigglytuff|Ice Beam|p1a: Corviknight
|-damage|p1a: Corviknight|22/100 par
|
|upkeep
|turn|49
|
|t:|1758276813
|move|p1a: Corviknight|Body Press|p2a: Wigglytuff
|-damage|p2a: Wigglytuff|0 fnt
|faint|p2a: Wigglytuff
|
|upkeep
|
|t:|1758276824
|switch|p2a: Cinderace|Cinderace, F|84/100
|turn|50
|
|t:|1758276827
|move|p2a: Cinderace|Pyro Ball|p1a: Corviknight
|-supereffective|p1a: Corviknight
|-damage|p1a: Corviknight|0 fnt
|faint|p1a: Corviknight
|
|upkeep
|
|t:|1758276829
|switch|p1a: Gliscor|Gliscor, M|61/100 tox
|turn|51
|
|t:|1758276836
|move|p2a: Cinderace|Will-O-Wisp||[still]
|-fail|p2a: Cinderace
|move|p1a: Gliscor|Earthquake|p2a: Cinderace
|-supereffective|p2a: Cinderace
|-damage|p2a: Cinderace|0 fnt
|faint|p2a: Cinderace
|
|-heal|p1a: Gliscor|74/100 tox|[from] ability: Poison Heal
|upkeep
|
|t:|1758276840
|switch|p2a: Empoleon|Empoleon, F|52/100
|-activate|p2a: Empoleon|move: Sticky Web
|-unboost|p2a: Empoleon|spe|1
|-ability|p2a: Empoleon|Competitive|boost
|-boost|p2a: Empoleon|spa|2
|-damage|p2a: Empoleon|46/100|[from] Stealth Rock
|turn|52
|
|t:|1758276845
|move|p1a: Gliscor|Earthquake|p2a: Empoleon
|-supereffective|p2a: Empoleon
|-damage|p2a: Empoleon|0 fnt
|faint|p2a: Empoleon
|
|-heal|p1a: Gliscor|86/100 tox|[from] ability: Poison Heal
|upkeep
|
|t:|1758276849
|switch|p2a: Ribombee|Ribombee, F|64/100 tox
|-activate|p2a: Ribombee|move: Sticky Web
|-unboost|p2a: Ribombee|spe|1
|-damage|p2a: Ribombee|39/100 tox|[from] Stealth Rock
|turn|53
|
|t:|1758276855
|move|p1a: Gliscor|Protect|p1a: Gliscor
|-singleturn|p1a: Gliscor|Protect
|move|p2a: Ribombee|Moonblast|p1a: Gliscor
|-activate|p1a: Gliscor|move: Protect
|
|-damage|p2a: Ribombee|33/100 tox|[from] psn
|-heal|p1a: Gliscor|99/100 tox|[from] ability: Poison Heal
|upkeep
|turn|54
|
|t:|1758276861
|move|p2a: Ribombee|Moonblast|p1a: Gliscor
|-damage|p1a: Gliscor|50/100 tox
|move|p1a: Gliscor|Spikes|p2a: Ribombee
|-sidestart|p2: Chico737|Spikes
|
|-damage|p2a: Ribombee|20/100 tox|[from] psn
|-heal|p1a: Gliscor|62/100 tox|[from] ability: Poison Heal
|upkeep
|turn|55
|
|t:|1758276872
|move|p1a: Gliscor|Protect|p1a: Gliscor
|-singleturn|p1a: Gliscor|Protect
|move|p2a: Ribombee|Moonblast|p1a: Gliscor
|-activate|p1a: Gliscor|move: Protect
|
|-damage|p2a: Ribombee|2/100 tox|[from] psn
|-heal|p1a: Gliscor|75/100 tox|[from] ability: Poison Heal
|upkeep
|turn|56
|
|t:|1758276875
|move|p2a: Ribombee|Moonblast|p1a: Gliscor
|-damage|p1a: Gliscor|24/100 tox
|move|p1a: Gliscor|Spikes|p2a: Ribombee
|-sidestart|p2: Chico737|Spikes
|
|-damage|p2a: Ribombee|0 fnt|[from] psn
|faint|p2a: Ribombee
|-heal|p1a: Gliscor|37/100 tox|[from] ability: Poison Heal
|upkeep
|
|t:|1758276878
|switch|p2a: Kingambit|Kingambit, M|30/100
|-activate|p2a: Kingambit|move: Sticky Web
|-unboost|p2a: Kingambit|spe|1
|-ability|p2a: Kingambit|Defiant|boost
|-boost|p2a: Kingambit|atk|2
|-damage|p2a: Kingambit|23/100|[from] Stealth Rock
|-damage|p2a: Kingambit|7/100|[from] Spikes
|turn|57
|
|t:|1758276893
|move|p2a: Kingambit|Sucker Punch|p1a: Gliscor
|-damage|p1a: Gliscor|0 fnt
|faint|p1a: Gliscor
|
|upkeep
|
|t:|1758276895
|switch|p1a: Dondozo|Dondozo, F|78/100
|turn|58
|
|t:|1758276897
|move|p2a: Kingambit|Kowtow Cleave|p1a: Dondozo
|-damage|p1a: Dondozo|56/100
|move|p1a: Dondozo|Waterfall|p2a: Kingambit
|-damage|p2a: Kingambit|0 fnt
|faint|p2a: Kingambit
|
|win|sack800
|raw|sack800's rating: 1310 &rarr; <strong>1328</strong><br />(+18 for winning)
|raw|Chico737's rating: 1273 &rarr; <strong>1251</strong><br />(-22 for losing)
|l|☆Chico737
|player|p2|
|l|☆sack800
|player|p1|
