|j|☆EsCoBaBar - Mino
|j|☆Capidaxter
|t:|1758313070
|gametype|singles
|player|p1|EsCoBaBar - Mino|falkner|
|player|p2|Capidaxter|hilbert-wonderlauncher|
|gen|9
|tier|[Gen 9] OU
|rule|HP Percentage Mod: HP is shown in percentages
|rule|Endless Battle Clause: Forcing endless battles is banned
|rule|Species Clause: Limit one of each Pokémon
|rule|OHKO Clause: OHKO moves are banned
|rule|Evasion Items Clause: Evasion items are banned
|rule|Evasion Moves Clause: Evasion moves are banned
|rule|Evasion Abilities Clause: Evasion abilities are banned
|rule|Sleep Moves Clause: Sleep-inducing moves are banned
|clearpoke
|poke|p1|Kingambit, M|
|poke|p1|Tentacruel, F|
|poke|p1|Dragonite, M|
|poke|p1|Gholdengo|
|poke|p1|Great Tusk|
|poke|p1|Ribombee, F|
|poke|p2|Darkrai|
|poke|p2|Samurott-Hisui, F|
|poke|p2|Latios, M|
|poke|p2|Pecharunt|
|poke|p2|Zamazenta-*|
|poke|p2|Landorus-Therian, M|
|teampreview
|inactive|Battle timer is ON: inactive players will automatically lose when time's up. (requested by EsCoBaBar - Mino)
|c|☆Capidaxter|hf
|j| RoaringMoonlight2
|j| Despotia
|c|☆EsCoBaBar - Mino|Hf'
|j| Thorys
|j| Guysmash
|j| Allan2004
|j| Azedy
|inactive|EsCoBaBar - Mino has 270 seconds left.
|
|t:|1758313108
|teamsize|p1|6
|teamsize|p2|6
|start
|switch|p1a: Covent Garden|Ribombee, F|100/100
|switch|p2a: La pluie|Pecharunt|100/100
|turn|1
|
|t:|1758313114
|move|p1a: Covent Garden|Sticky Web|p2a: La pluie
|-sidestart|p2: Capidaxter|move: Sticky Web
|move|p2a: La pluie|Malignant Chain|p1a: Covent Garden
|-supereffective|p1a: Covent Garden
|-enditem|p1a: Covent Garden|Focus Sash
|-damage|p1a: Covent Garden|1/100
|
|upkeep
|turn|2
|j| draco2323
|j| escobabar-Sulfu
|c| draco2323|allez mino
|inactive|EsCoBaBar - Mino has 270 seconds left.
|inactive|Capidaxter has 270 seconds left.
|
|t:|1758313148
|move|p1a: Covent Garden|Stun Spore|p2a: La pluie|[miss]
|-miss|p1a: Covent Garden|p2a: La pluie
|move|p2a: La pluie|Malignant Chain|p1a: Covent Garden
|-supereffective|p1a: Covent Garden
|-damage|p1a: Covent Garden|0 fnt
|faint|p1a: Covent Garden
|
|upkeep
|inactive|EsCoBaBar - Mino has 270 seconds left.
|c|☆Capidaxter|dsl
|c| Guysmash|Triche
|c| RoaringMoonlight2|le haxx n'a pas joué
|l| Allan2004
|c| RoaringMoonlight2|pas encore
|
|t:|1758313172
|switch|p1a: King's Cross|Kingambit, M|100/100
|-activate|p1a: King's Cross|ability: Supreme Overlord
|-start|p1a: King's Cross|fallen1|[silent]
|turn|3
|j|+palapapop
|j| Allan2004
|
|t:|1758313189
|-end|p1a: King's Cross|fallen1|[silent]
|switch|p1a: Elephant & Castle|Great Tusk|100/100
|-enditem|p1a: Elephant & Castle|Booster Energy
|-activate|p1a: Elephant & Castle|ability: Protosynthesis|[fromitem]
|-start|p1a: Elephant & Castle|protosynthesisatk
|move|p2a: La pluie|Parting Shot|p1a: Elephant & Castle
|-unboost|p1a: Elephant & Castle|atk|1
|-unboost|p1a: Elephant & Castle|spa|1
|
|t:|1758313201
|switch|p2a: Deux mille|Latios, M|100/100|[from] Parting Shot
|
|upkeep
|turn|4
|
|t:|1758313212
|-end|p1a: Elephant & Castle|Protosynthesis|[silent]
|switch|p1a: Leicester Square|Gholdengo|100/100
|move|p2a: Deux mille|Draco Meteor|p1a: Leicester Square
|-resisted|p1a: Leicester Square
|-damage|p1a: Leicester Square|50/100
|-unboost|p2a: Deux mille|spa|2
|
|upkeep
|turn|5
|c|+palapapop|ALLEZ MINO
|inactive|Capidaxter has 270 seconds left.
|c| Guysmash|OUAIIS
|
|t:|1758313237
|switch|p2a: Quartiers Nord|Samurott-Hisui, F|100/100
|-activate|p2a: Quartiers Nord|move: Sticky Web
|-unboost|p2a: Quartiers Nord|spe|1
|move|p1a: Leicester Square|Focus Blast|p2a: Quartiers Nord
|-supereffective|p2a: Quartiers Nord
|-damage|p2a: Quartiers Nord|38/100
|
|upkeep
|turn|6
|c|+palapapop|RAMENE LA COUPE A LA MAISON
|c| RoaringMoonlight2|pala, t dans notre tema
|c| Guysmash|Attend mais t’es pas avec capi toi ?
|c|+palapapop|ah
|inactive|Capidaxter has 270 seconds left.
|c|+palapapop|ALLEZ MINO
|c| Guysmash|Mdrr
|c|+palapapop|PERDS
|c| Guysmash|Ouaiss
|c| Guysmash|Gagne
|c| RoaringMoonlight2|ramene la coupe dans NOTRE maison
|c| draco2323|ALLEZ MINO
|c| Guysmash|Nuh uh
|
|t:|1758313276
|switch|p1a: Elephant & Castle|Great Tusk|100/100
|switch|p2a: La pluie|Pecharunt|100/100
|
|upkeep
|turn|7
|c| Guysmash|Escobabar 4 evet
|c| Despotia|allez mino
|inactive|EsCoBaBar - Mino has 270 seconds left.
|c|+palapapop|on a pas de nom de team nous
|c|+palapapop|après est ce qu'il vaut mieux ne aps avoir de nom de team
|
|t:|1758313300
|-end|p1a: Elephant & Castle|Protosynthesis|[silent]
|switch|p1a: London Bridge|Tentacruel, F|100/100
|-item|p1a: London Bridge|Air Balloon
|switch|p2a: Miroirs|Landorus-Therian, M|100/100
|-ability|p2a: Miroirs|Intimidate|boost
|-unboost|p1a: London Bridge|atk|1
|
|upkeep
|turn|8
|c| RoaringMoonlight2|team roaring
|c| Despotia|l'égo x)
|inactive|EsCoBaBar - Mino has 240 seconds left.
|inactive|Capidaxter has 240 seconds left.
|c|+palapapop|ou avoir le nom d'un criminel responsable de la mort d'innombrable innocent et d'une mise à sac du système judiciaire et politique d'un pays
|c| Guysmash|Nan escobabar nom goated
|c| Guysmash|Ah !
|c| Guysmash|EscoBABAR
|c| RoaringMoonlight2|simple, lourd, léger, professionel
|c| RoaringMoonlight2|roaring c tres bien$
|c| Guysmash|Lourd et leger :fire:
|inactive|EsCoBaBar - Mino has 210 seconds left.
|c| Guysmash|Doux et rugueux aussi ?
|
|t:|1758313366
|switch|p1a: Elephant & Castle|Great Tusk|100/100
|switch|p2a: Quartiers Nord|Samurott-Hisui, F|38/100
|-activate|p2a: Quartiers Nord|move: Sticky Web
|-unboost|p2a: Quartiers Nord|spe|1
|
|upkeep
|turn|9
|c| Despotia|t'as cru c'était un portfolio ta teams ?
|
|t:|1758313377
|switch|p2a: Miroirs|Landorus-Therian, M|100/100
|-ability|p2a: Miroirs|Intimidate|boost
|-unboost|p1a: Elephant & Castle|atk|1
|move|p1a: Elephant & Castle|Headlong Rush|p2a: Miroirs
|-immune|p2a: Miroirs
|
|upkeep
|turn|10
|c| Guysmash|Mdrr
|c|+palapapop|roaring
|
|t:|1758313385
|move|p2a: Miroirs|Stealth Rock|p1a: Elephant & Castle
|-sidestart|p1: EsCoBaBar - Mino|move: Stealth Rock
|move|p1a: Elephant & Castle|Rapid Spin|p2a: Miroirs
|-damage|p2a: Miroirs|90/100
|-boost|p1a: Elephant & Castle|spe|1
|-damage|p1a: Elephant & Castle|84/100|[from] item: Rocky Helmet|[of] p2a: Miroirs
|-sideend|p1: EsCoBaBar - Mino|Stealth Rock|[from] move: Rapid Spin|[of] p1a: Elephant & Castle
|
|upkeep
|turn|11
|c|+palapapop|tu as juste pris le début de ton nom
|inactive|EsCoBaBar - Mino has 210 seconds left.
|inactive|Capidaxter has 240 seconds left.
|c|+palapapop|tu as mis "team" avant
|c| RoaringMoonlight2|g pas choisi en vrai
|c|+palapapop|ah bon
|
|t:|1758313408
|switch|p2a: La pluie|Pecharunt|100/100
|move|p1a: Elephant & Castle|Ice Spinner|p2a: La pluie
|-damage|p2a: La pluie|91/100
|
|upkeep
|turn|12
|c| Thorys|C'est moi qui ait mit les nom des groupchat
|inactive|EsCoBaBar - Mino has 210 seconds left.
|c|+palapapop|bon attends je cherche un criminel responsable d'autant de mort qu'escobar pour en fait un nom de team
|inactive|Capidaxter has 210 seconds left.
|c| Despotia|el chapo
|c| Despotia|el chapotus
|c| Thorys|Vous pourrez choisir pour la prochaine fois si vous voulez
|
|t:|1758313443
|switch|p2a: Soldi Famiglia|Zamazenta|100/100
|-ability|p2a: Soldi Famiglia|Dauntless Shield|boost
|-boost|p2a: Soldi Famiglia|def|1
|move|p1a: Elephant & Castle|Headlong Rush|p2a: Soldi Famiglia
|-damage|p2a: Soldi Famiglia|75/100
|-unboost|p1a: Elephant & Castle|def|1
|-unboost|p1a: Elephant & Castle|spd|1
|
|upkeep
|turn|13
|c| Guysmash|^^^
|inactive|EsCoBaBar - Mino has 210 seconds left.
|c|+palapapop|ils ont quand même un certains talents pour les noms en face
|c| RoaringMoonlight2|el chapo, c le nom de ma sorcilence
|c|☆EsCoBaBar - Mino|Les Piège de Cri-staline
|inactive|Capidaxter has 180 seconds left.
|
|t:|1758313480
|-end|p1a: Elephant & Castle|Protosynthesis|[silent]
|switch|p1a: Leicester Square|Gholdengo|50/100
|move|p2a: Soldi Famiglia|Crunch|p1a: Leicester Square
|-supereffective|p1a: Leicester Square
|-damage|p1a: Leicester Square|0 fnt
|faint|p1a: Leicester Square
|
|upkeep
|
|t:|1758313489
|switch|p1a: London Bridge|Tentacruel, F|100/100
|-item|p1a: London Bridge|Air Balloon
|turn|14
|c| RoaringMoonlight2|ca j'aime bien, capi
|c| escobabar-Sulfu|anticiped
|c|+palapapop|les tinted lenine
|inactive|Capidaxter has 180 seconds left.
|
|t:|1758313500
|move|p2a: Soldi Famiglia|Crunch|p1a: London Bridge
|-damage|p1a: London Bridge|55/100
|-enditem|p1a: London Bridge|Air Balloon
|move|p1a: London Bridge|Sludge Bomb|p2a: Soldi Famiglia
|-crit|p2a: Soldi Famiglia
|-damage|p2a: Soldi Famiglia|34/100
|
|upkeep
|turn|15
|l| Guysmash
|inactive|Capidaxter has 180 seconds left.
|c| Despotia|les noms à problème
|j| Guysmash
|
|t:|1758313532
|switch|p2a: Quartiers Nord|Samurott-Hisui, F|38/100
|-activate|p2a: Quartiers Nord|move: Sticky Web
|-unboost|p2a: Quartiers Nord|spe|1
|move|p1a: London Bridge|Sludge Bomb|p2a: Quartiers Nord
|-damage|p2a: Quartiers Nord|10/100
|
|upkeep
|turn|16
|c| Despotia|j'avais un autre nom mais pas sûr c'est toléré
|
|t:|1758313542
|move|p2a: Quartiers Nord|Aqua Jet|p1a: London Bridge
|-resisted|p1a: London Bridge
|-damage|p1a: London Bridge|41/100
|move|p1a: London Bridge|Sludge Bomb|p2a: Quartiers Nord
|-damage|p2a: Quartiers Nord|0 fnt
|faint|p2a: Quartiers Nord
|
|upkeep
|c| RoaringMoonlight2|g essayé de créer une team avec les zarbi h, i, t et devinez la suite
|c| RoaringMoonlight2|showdown a refusé
|c| draco2323|AH
|c| Despotia|x)
|inactive|Capidaxter has 150 seconds left.
|c| Thorys|Logique
|c| Despotia|gambex patrié
|c|☆EsCoBaBar - Mino|C'est légendaire
|c| escobabar-Sulfu|HITPRO ?
|c| escobabar-Sulfu|lemc qui
|c|☆EsCoBaBar - Mino|Ça veut dire y'a tlm de cons qui ont tenté qu'ils ont du réguler
|c| draco2323|h i t....
|c| RoaringMoonlight2|dcp je l'ai fait sur lpa
|
|t:|1758313590
|switch|p2a: Deux mille|Latios, M|100/100
|turn|17
|c| Guysmash|Mdrr
|c| Guysmash|Pk pas
|c|+palapapop|bon après ce que j'en dis c'est que si ça vous semble logique d'interdire un criminel pourquoi pas un autre
|
|t:|1758313600
|switch|p1a: King's Cross|Kingambit, M|100/100
|-activate|p1a: King's Cross|ability: Supreme Overlord
|-start|p1a: King's Cross|fallen2|[silent]
|move|p2a: Deux mille|Draco Meteor|p1a: King's Cross
|-resisted|p1a: King's Cross
|-damage|p1a: King's Cross|55/100
|-unboost|p2a: Deux mille|spa|2
|
|upkeep
|turn|18
|c|+palapapop|y'a une sorte de fascination avec escobar qui me dépasse un peu
|
|t:|1758313614
|switch|p2a: Stigmates|Darkrai|100/100
|-end|p1a: King's Cross|fallen2|[silent]
|switch|p1a: London Bridge|Tentacruel, F|41/100
|
|upkeep
|turn|19
|c| Despotia|on a totalement oublié le match là mdr
|
|t:|1758313626
|move|p2a: Stigmates|Dark Pulse|p1a: London Bridge
|-damage|p1a: London Bridge|3/100
|move|p1a: London Bridge|Sludge Bomb|p2a: Stigmates
|-damage|p2a: Stigmates|56/100
|
|upkeep
|turn|20
|c| RoaringMoonlight2|normal, capi lit dans mino
|c|☆Capidaxter|titre
|
|t:|1758313640
|switch|p1a: King's Cross|Kingambit, M|55/100
|-activate|p1a: King's Cross|ability: Supreme Overlord
|-start|p1a: King's Cross|fallen2|[silent]
|move|p2a: Stigmates|Dark Pulse|p1a: King's Cross
|-resisted|p1a: King's Cross
|-damage|p1a: King's Cross|32/100
|
|upkeep
|turn|21
|
|t:|1758313653
|switch|p2a: Miroirs|Landorus-Therian, M|90/100
|-ability|p2a: Miroirs|Intimidate|boost
|-unboost|p1a: King's Cross|atk|1
|move|p1a: King's Cross|Sucker Punch||[still]
|-fail|p1a: King's Cross
|
|upkeep
|turn|22
|
|t:|1758313661
|-end|p1a: King's Cross|fallen2|[silent]
|switch|p1a: Elephant & Castle|Great Tusk|84/100
|move|p2a: Miroirs|Stealth Rock|p1a: Elephant & Castle
|-sidestart|p1: EsCoBaBar - Mino|move: Stealth Rock
|
|upkeep
|turn|23
|inactive|Capidaxter has 150 seconds left.
|
|t:|1758313671
|move|p2a: Miroirs|U-turn|p1a: Elephant & Castle
|-resisted|p1a: Elephant & Castle
|-damage|p1a: Elephant & Castle|76/100
|l| Allan2004
|c| draco2323|ALLEZ MINO
|
|t:|1758313675
|switch|p2a: La pluie|Pecharunt|91/100|[from] U-turn
|move|p1a: Elephant & Castle|Headlong Rush|p2a: La pluie
|-supereffective|p2a: La pluie
|-damage|p2a: La pluie|28/100
|-unboost|p1a: Elephant & Castle|def|1
|-unboost|p1a: Elephant & Castle|spd|1
|
|upkeep
|turn|24
|j| Allan2004
|
|t:|1758313689
|switch|p2a: Miroirs|Landorus-Therian, M|90/100
|-ability|p2a: Miroirs|Intimidate|boost
|-unboost|p1a: Elephant & Castle|atk|1
|move|p1a: Elephant & Castle|Headlong Rush|p2a: Miroirs
|-immune|p2a: Miroirs
|
|upkeep
|turn|25
|
|t:|1758313695
|move|p2a: Miroirs|Earthquake|p1a: Elephant & Castle
|-damage|p1a: Elephant & Castle|27/100
|move|p1a: Elephant & Castle|Headlong Rush|p2a: Miroirs
|-immune|p2a: Miroirs
|
|upkeep
|turn|26
|
|t:|1758313708
|-end|p1a: Elephant & Castle|Protosynthesis|[silent]
|switch|p1a: London Bridge|Tentacruel, F|3/100
|-damage|p1a: London Bridge|0 fnt|[from] Stealth Rock
|faint|p1a: London Bridge
|move|p2a: Miroirs|U-turn|p1: London Bridge|[notarget]
|-fail|p2a: Miroirs
|
|upkeep
|c| draco2323|??????
|c| RoaringMoonlight2|je confirme que capi est en pleine lecture
|
|t:|1758313714
|switch|p1a: Liverpool Street|Dragonite, M|100/100
|-damage|p1a: Liverpool Street|76/100|[from] Stealth Rock
|turn|27
|inactive|EsCoBaBar - Mino has 240 seconds left.
|c|+palapapop|capi est surtout moins pressure que mino
|c|☆Capidaxter|nan, il joue juste très mal
|c|+palapapop|il a donc plus de liberté de play
|
|t:|1758313731
|move|p2a: Miroirs|Stone Edge|p1a: Liverpool Street
|-supereffective|p1a: Liverpool Street
|-damage|p1a: Liverpool Street|5/100
|-enditem|p1a: Liverpool Street|Weakness Policy
|-boost|p1a: Liverpool Street|atk|2|[from] item: Weakness Policy
|-boost|p1a: Liverpool Street|spa|2|[from] item: Weakness Policy
|move|p1a: Liverpool Street|Dragon Dance|p1a: Liverpool Street
|-boost|p1a: Liverpool Street|atk|1
|-boost|p1a: Liverpool Street|spe|1
|
|upkeep
|turn|28
|c| Despotia|c'est quoi ça
|c|+palapapop|là ou mino est plus obligé de tenter des trucs complexes
|c| escobabar-Sulfu|omg
|c| escobabar-Sulfu|si t'a roost
|c| Despotia|le 5%
|c| escobabar-Sulfu|t le goat mino
|inactive|Capidaxter has 150 seconds left.
|c| draco2323|dommage
|
|t:|1758313760
|move|p1a: Liverpool Street|Hurricane|p2a: Miroirs
|-damage|p2a: Miroirs|7/100
|move|p2a: Miroirs|U-turn|p1a: Liverpool Street
|-resisted|p1a: Liverpool Street
|-damage|p1a: Liverpool Street|0 fnt
|faint|p1a: Liverpool Street
|c| Despotia|noon
|c| escobabar-Sulfu|rip
|c|☆Capidaxter|OMG
|c| Allan2004|Rip
|
|t:|1758313775
|switch|p2a: La pluie|Pecharunt|28/100|[from] U-turn
|
|upkeep
|
|t:|1758313778
|switch|p1a: King's Cross|Kingambit, M|32/100
|-damage|p1a: King's Cross|26/100|[from] Stealth Rock
|-activate|p1a: King's Cross|ability: Supreme Overlord
|-start|p1a: King's Cross|fallen4|[silent]
|turn|29
|c| Despotia|dracolosse spé incroyable
|c|☆Capidaxter|t'es full spa?
|inactive|Capidaxter has 150 seconds left.
|c| RoaringMoonlight2|jouer special avec la weakness policy, c un peu débilz
|c|☆EsCoBaBar - Mino|!showset Liverpool Street
|c| EsCoBaBar - Mino|/raw <div class="infobox">Liverpool Street (Dragonite) (M) @ Weakness Policy  <br />Ability: Multiscale  <br />Tera Type: Normal  <br />EVs: 252 Atk &#x2f; 4 SpA &#x2f; 252 Spe  <br />Naughty Nature  <br />- Dragon Dance  <br />- Extreme Speed  <br />- Earthquake  <br />- Hurricane  <br /><br /></div>
|c|☆EsCoBaBar - Mino|Il est physique avec de quoi toucher zamazenta
|c| Guysmash|Ahh ok
|c| RoaringMoonlight2|c pour passer zamazenta
|c| Despotia|oh stylé
|inactive|Capidaxter has 120 seconds left.
|c| draco2323|GG A LA TEAM DE ROA DU COUP
|c| escobabar-Sulfu|alors
|c|☆Capidaxter|+2 4 SpA Dragonite Hurricane vs. 248 HP / 0 SpD Landorus-Therian: 286-337 (75 - 88.4%) -- guaranteed 2HKO
|inactive|Capidaxter has 90 seconds left.
|
|t:|1758313844
|move|p2a: La pluie|Parting Shot|p1a: King's Cross
|-unboost|p1a: King's Cross|atk|1
|-unboost|p1a: King's Cross|spa|1
|c| Despotia|calmos les caps
|c| escobabar-Sulfu|do note celebrate to early
|inactive|Capidaxter has 90 seconds left.
|
|t:|1758313852
|switch|p2a: Miroirs|Landorus-Therian, M|7/100|[from] Parting Shot
|-ability|p2a: Miroirs|Intimidate|boost
|-unboost|p1a: King's Cross|atk|1
|move|p1a: King's Cross|Swords Dance|p1a: King's Cross
|-boost|p1a: King's Cross|atk|2
|
|upkeep
|turn|30
|
|t:|1758313866
|move|p1a: King's Cross|Sucker Punch|p2a: Miroirs
|-damage|p2a: Miroirs|0 fnt
|-damage|p1a: King's Cross|9/100|[from] item: Rocky Helmet|[of] p2a: Miroirs
|faint|p2a: Miroirs
|
|upkeep
|l| Allan2004
|
|t:|1758313875
|switch|p2a: Stigmates|Darkrai|56/100
|turn|31
|c| RoaringMoonlight2|zam gagne tt seul
|c| escobabar-Sulfu|si
|j| Allan2004
|c| escobabar-Sulfu|celebrate to early
|c| escobabar-Sulfu|mdrr
|l| Allan2004
|inactive|Capidaxter has 90 seconds left.
|c| RoaringMoonlight2|mais darkrai aussi
|
|t:|1758313897
|-end|p1a: King's Cross|fallen4|[silent]
|switch|p1a: Elephant & Castle|Great Tusk|27/100
|-damage|p1a: Elephant & Castle|24/100|[from] Stealth Rock
|move|p2a: Stigmates|Will-O-Wisp|p1a: Elephant & Castle
|-status|p1a: Elephant & Castle|brn
|
|-damage|p1a: Elephant & Castle|18/100 brn|[from] brn
|upkeep
|turn|32
|inactive|Capidaxter has 90 seconds left.
|c| RoaringMoonlight2|bon, matons xa
|
|t:|1758313906
|move|p2a: Stigmates|Ice Beam|p1a: Elephant & Castle
|-supereffective|p1a: Elephant & Castle
|-damage|p1a: Elephant & Castle|0 fnt
|faint|p1a: Elephant & Castle
|-end|p1a: Elephant & Castle|Protosynthesis|[silent]
|
|upkeep
|
|t:|1758313908
|switch|p1a: King's Cross|Kingambit, M|9/100
|-damage|p1a: King's Cross|3/100|[from] Stealth Rock
|-activate|p1a: King's Cross|ability: Supreme Overlord
|-start|p1a: King's Cross|fallen5|[silent]
|turn|33
|j| Allan2004
|
|t:|1758313913
|move|p2a: Stigmates|Will-O-Wisp|p1a: King's Cross
|-status|p1a: King's Cross|brn
|-enditem|p1a: King's Cross|Lum Berry|[eat]
|-curestatus|p1a: King's Cross|brn|[msg]
|move|p1a: King's Cross|Swords Dance|p1a: King's Cross
|-boost|p1a: King's Cross|atk|2
|
|upkeep
|turn|34
|c|☆Capidaxter|gg
|c| Guysmash|Gg
|c| Despotia|gg
|c| RoaringMoonlight2|re-wow
|
|t:|1758313928
|move|p2a: Stigmates|Will-O-Wisp|p1a: King's Cross
|-status|p1a: King's Cross|brn
|move|p1a: King's Cross|Iron Head|p2a: Stigmates
|-damage|p2a: Stigmates|0 fnt
|faint|p2a: Stigmates
|
|-damage|p1a: King's Cross|0 fnt|[from] brn
|faint|p1a: King's Cross
|-end|p1a: King's Cross|fallen5|[silent]
|
|win|Capidaxter
|c| Azedy|Yes vive Capidaxter.
|c| escobabar-Sulfu|oh c du ghost la
|c| escobabar-Sulfu|tse
|c| Azedy|Gg
|c| Thorys|gg
|l| Guysmash
|l|+palapapop
|c|☆EsCoBaBar - Mino|Y'avait bien 15%
|c|☆EsCoBaBar - Mino|ggs
|l| Despotia
|l| Thorys
|l| escobabar-Sulfu
|l| Azedy
|l| draco2323
|j| Guysmash
|l| RoaringMoonlight2
|l|☆EsCoBaBar - Mino
|player|p1|
|l| Guysmash
