|j|☆gryan4
|j|☆RovaRed
|t:|1758295992
|gametype|singles
|player|p1|gryan4|doctor|1305
|player|p2|RovaRed|miku-fire|1293
|gen|9
|tier|[Gen 9] OU
|rated|
|rule|HP Percentage Mod: HP is shown in percentages
|rule|Endless Battle Clause: Forcing endless battles is banned
|rule|Species Clause: Limit one of each Pokémon
|rule|OHKO Clause: OHKO moves are banned
|rule|Evasion Items Clause: Evasion items are banned
|rule|Evasion Moves Clause: Evasion moves are banned
|rule|Evasion Abilities Clause: Evasion abilities are banned
|rule|Sleep Moves Clause: Sleep-inducing moves are banned
|clearpoke
|poke|p1|Cinderace, M|
|poke|p1|Mimikyu, F|
|poke|p1|Froslass, F|
|poke|p1|Ceruledge, F|
|poke|p1|Pecharunt|
|poke|p1|Dragapult, F|
|poke|p2|Comfey, F|
|poke|p2|Whimsicott, F|
|poke|p2|Iron Moth|
|poke|p2|Walking Wake|
|poke|p2|Great Tusk|
|poke|p2|Ninetales, F|
|teampreview
|inactive|Battle timer is ON: inactive players will automatically lose when time's up. (requested by gryan4)
|
|t:|1758295999
|teamsize|p1|6
|teamsize|p2|6
|start
|switch|p1a: Froslass|Froslass, F|100/100
|switch|p2a: Ninetales|Ninetales, F|100/100
|-weather|SunnyDay|[from] ability: Drought|[of] p2a: Ninetales
|turn|1
|
|t:|1758296005
|move|p1a: Froslass|Thunder Wave|p2a: Ninetales
|-status|p2a: Ninetales|par
|move|p2a: Ninetales|Weather Ball|p1a: Froslass
|-supereffective|p1a: Froslass
|-enditem|p1a: Froslass|Focus Sash
|-damage|p1a: Froslass|1/100
|-start|p2a: Ninetales|Disable|Weather Ball|[from] ability: Cursed Body|[of] p1a: Froslass
|
|-weather|SunnyDay|[upkeep]
|upkeep
|turn|2
|
|t:|1758296014
|move|p1a: Froslass|Spikes|p2a: Ninetales
|-sidestart|p2: RovaRed|Spikes
|move|p2a: Ninetales|Will-O-Wisp|p1a: Froslass
|-status|p1a: Froslass|brn
|
|-weather|SunnyDay|[upkeep]
|-damage|p1a: Froslass|0 fnt|[from] brn
|faint|p1a: Froslass
|upkeep
|
|t:|1758296028
|switch|p1a: Ceruledge|Ceruledge, F|100/100
|turn|3
|
|t:|1758296043
|switch|p2a: Walking Wake|Walking Wake|100/100
|-damage|p2a: Walking Wake|88/100|[from] Spikes
|-activate|p2a: Walking Wake|ability: Protosynthesis
|-start|p2a: Walking Wake|protosynthesisspe
|move|p1a: Ceruledge|Swords Dance|p1a: Ceruledge
|-boost|p1a: Ceruledge|atk|2
|
|-weather|SunnyDay|[upkeep]
|upkeep
|turn|4
|
|t:|1758296050
|move|p2a: Walking Wake|Hydro Steam|p1a: Ceruledge
|-supereffective|p1a: Ceruledge
|-enditem|p1a: Ceruledge|Focus Sash
|-damage|p1a: Ceruledge|1/100
|move|p1a: Ceruledge|Poltergeist|p2a: Walking Wake
|-activate|p2a: Walking Wake|move: Poltergeist|Assault Vest
|-damage|p2a: Walking Wake|0 fnt
|faint|p2a: Walking Wake
|-end|p2a: Walking Wake|Protosynthesis|[silent]
|
|-weather|SunnyDay|[upkeep]
|upkeep
|
|t:|1758296057
|switch|p2a: Comfey|Comfey, F|100/100
|-damage|p2a: Comfey|88/100|[from] Spikes
|turn|5
|
|t:|1758296065
|move|p2a: Comfey|Draining Kiss|p1a: Ceruledge
|-resisted|p1a: Ceruledge
|-damage|p1a: Ceruledge|0 fnt
|-heal|p2a: Comfey|88/100|[from] drain|[of] p1a: Ceruledge
|faint|p1a: Ceruledge
|-damage|p2a: Comfey|79/100|[from] item: Life Orb
|
|-weather|SunnyDay|[upkeep]
|upkeep
|
|t:|1758296067
|switch|p1a: Pecharunt|Pecharunt|100/100
|turn|6
|
|t:|1758296074
|-terastallize|p2a: Comfey|Water
|move|p2a: Comfey|Growth|p2a: Comfey
|-boost|p2a: Comfey|atk|2
|-boost|p2a: Comfey|spa|2
|move|p1a: Pecharunt|Malignant Chain|p2a: Comfey
|-damage|p2a: Comfey|39/100
|
|-weather|SunnyDay|[upkeep]
|upkeep
|turn|7
|
|t:|1758296085
|move|p2a: Comfey|Stored Power|p1a: Pecharunt
|-supereffective|p1a: Pecharunt
|-damage|p1a: Pecharunt|0 fnt
|faint|p1a: Pecharunt
|-damage|p2a: Comfey|29/100|[from] item: Life Orb
|
|-weather|SunnyDay|[upkeep]
|upkeep
|
|t:|1758296103
|switch|p1a: Cinderace|Cinderace, M|100/100
|turn|8
|
|t:|1758296111
|move|p2a: Comfey|Draining Kiss|p1a: Cinderace
|-resisted|p1a: Cinderace
|-damage|p1a: Cinderace|60/100
|-heal|p2a: Comfey|59/100|[from] drain|[of] p1a: Cinderace
|-damage|p2a: Comfey|49/100|[from] item: Life Orb
|move|p1a: Cinderace|High Jump Kick|p2a: Comfey
|-start|p1a: Cinderace|typechange|Fighting|[from] ability: Libero
|-damage|p2a: Comfey|0 fnt
|faint|p2a: Comfey
|
|-weather|none
|upkeep
|
|t:|1758296125
|switch|p2a: Ninetales|Ninetales, F|100/100 par
|-damage|p2a: Ninetales|88/100 par|[from] Spikes
|-weather|SunnyDay|[from] ability: Drought|[of] p2a: Ninetales
|turn|9
|
|t:|1758296140
|move|p1a: Cinderace|High Jump Kick|p2a: Ninetales
|-damage|p2a: Ninetales|11/100 par
|cant|p2a: Ninetales|par
|
|-weather|SunnyDay|[upkeep]
|upkeep
|turn|10
|
|t:|1758296153
|move|p1a: Cinderace|Pyro Ball|p2a: Ninetales
|-resisted|p2a: Ninetales
|-damage|p2a: Ninetales|0 fnt
|faint|p2a: Ninetales
|
|-weather|SunnyDay|[upkeep]
|upkeep
|
|t:|1758296157
|switch|p2a: Whimsicott|Whimsicott, F|100/100
|-damage|p2a: Whimsicott|88/100|[from] Spikes
|turn|11
|
|t:|1758296161
|move|p2a: Whimsicott|Moonblast|p1a: Cinderace
|-supereffective|p1a: Cinderace
|-damage|p1a: Cinderace|0 fnt
|faint|p1a: Cinderace
|-damage|p2a: Whimsicott|78/100|[from] item: Life Orb
|
|-weather|SunnyDay|[upkeep]
|upkeep
|
|t:|1758296163
|switch|p1a: Mimikyu|Mimikyu, F|100/100
|turn|12
|
|t:|1758296171
|move|p2a: Whimsicott|Moonblast|p1a: Mimikyu
|-activate|p1a: Mimikyu|ability: Disguise
|-damage|p1a: Mimikyu|100/100
|detailschange|p1a: Mimikyu|Mimikyu-Busted, F
|-damage|p1a: Mimikyu|88/100|[from] pokemon: Mimikyu-Busted
|-damage|p2a: Whimsicott|68/100|[from] item: Life Orb
|move|p1a: Mimikyu|Swords Dance|p1a: Mimikyu
|-boost|p1a: Mimikyu|atk|2
|
|-weather|SunnyDay|[upkeep]
|upkeep
|turn|13
|
|t:|1758296185
|move|p1a: Mimikyu|Shadow Sneak|p2a: Whimsicott
|-damage|p2a: Whimsicott|13/100
|-damage|p1a: Mimikyu|78/100|[from] item: Life Orb
|move|p2a: Whimsicott|Shadow Ball|p1a: Mimikyu
|-supereffective|p1a: Mimikyu
|-damage|p1a: Mimikyu|11/100
|-damage|p2a: Whimsicott|3/100|[from] item: Life Orb
|
|-weather|SunnyDay|[upkeep]
|upkeep
|turn|14
|
|t:|1758296195
|move|p1a: Mimikyu|Shadow Sneak|p2a: Whimsicott
|-damage|p2a: Whimsicott|0 fnt
|faint|p2a: Whimsicott
|-damage|p1a: Mimikyu|1/100|[from] item: Life Orb
|
|-weather|SunnyDay|[upkeep]
|upkeep
|
|t:|1758296201
|switch|p2a: Great Tusk|Great Tusk|100/100
|-damage|p2a: Great Tusk|88/100|[from] Spikes
|-activate|p2a: Great Tusk|ability: Protosynthesis
|-start|p2a: Great Tusk|protosynthesisspe
|turn|15
|
|t:|1758296209
|move|p2a: Great Tusk|Ice Spinner|p1a: Mimikyu
|-damage|p1a: Mimikyu|0 fnt
|faint|p1a: Mimikyu
|
|-weather|SunnyDay|[upkeep]
|upkeep
|
|t:|1758296211
|switch|p1a: Dragapult|Dragapult, F|100/100
|turn|16
|
|t:|1758296215
|-terastallize|p1a: Dragapult|Ghost
|move|p2a: Great Tusk|Ice Spinner|p1a: Dragapult
|-crit|p1a: Dragapult
|-damage|p1a: Dragapult|54/100
|move|p1a: Dragapult|Shadow Ball|p2a: Great Tusk
|-damage|p2a: Great Tusk|0 fnt
|faint|p2a: Great Tusk
|-end|p2a: Great Tusk|Protosynthesis|[silent]
|
|-weather|none
|upkeep
|
|t:|1758296221
|switch|p2a: Iron Moth|Iron Moth|100/100
|-damage|p2a: Iron Moth|88/100|[from] Spikes
|-enditem|p2a: Iron Moth|Booster Energy
|-activate|p2a: Iron Moth|ability: Quark Drive|[fromitem]
|-start|p2a: Iron Moth|quarkdrivespa
|turn|17
|
|t:|1758296226
|move|p1a: Dragapult|Shadow Ball|p2a: Iron Moth
|-damage|p2a: Iron Moth|11/100
|move|p2a: Iron Moth|Fiery Dance|p1a: Dragapult
|-damage|p1a: Dragapult|0 fnt
|-boost|p2a: Iron Moth|spa|1
|faint|p1a: Dragapult
|
|win|RovaRed
|raw|gryan4's rating: 1305 &rarr; <strong>1284</strong><br />(-21 for losing)
|raw|RovaRed's rating: 1293 &rarr; <strong>1319</strong><br />(+26 for winning)
|l|☆gryan4
|player|p1|
|l|☆RovaRed
|player|p2|
