|j|☆nodduH
|j|☆bigzawg
|t:|1758292618
|gametype|singles
|player|p1|nodduH|roxie|1042
|player|p2|bigzawg|skier|1064
|gen|9
|tier|[Gen 9] OU
|rated|
|rule|HP Percentage Mod: HP is shown in percentages
|rule|Endless Battle Clause: Forcing endless battles is banned
|rule|Species Clause: Limit one of each Pokémon
|rule|OHKO Clause: OHKO moves are banned
|rule|Evasion Items Clause: Evasion items are banned
|rule|Evasion Moves Clause: Evasion moves are banned
|rule|Evasion Abilities Clause: Evasion abilities are banned
|rule|Sleep Moves Clause: Sleep-inducing moves are banned
|clearpoke
|poke|p1|Ogerpon-Cornerstone, F|
|poke|p1|Dugtrio, F|
|poke|p2|Venusaur, M|
|poke|p2|Ninetales, F|
|poke|p2|Metagross|
|poke|p2|Garchomp, F|
|poke|p2|Swampert, M|
|poke|p2|Gliscor, F|
|teampreview
|inactive|Battle timer is ON: inactive players will automatically lose when time's up. (requested by bigzawg)
|
|t:|1758292629
|teamsize|p1|2
|teamsize|p2|6
|start
|switch|p1a: Dugtrio|Dugtrio, F, shiny|100/100
|switch|p2a: Swampert|Swampert, M|100/100
|turn|1
|
|t:|1758292640
|move|p1a: Dugtrio|Sunny Day|p1a: Dugtrio
|-weather|SunnyDay
|move|p2a: Swampert|Ice Punch|p1a: Dugtrio
|-supereffective|p1a: Dugtrio
|-damage|p1a: Dugtrio|0 fnt
|faint|p1a: Dugtrio
|
|-weather|SunnyDay|[upkeep]
|upkeep
|
|t:|1758292646
|switch|p1a: Roaring Knight|Ogerpon-Cornerstone, F|100/100
|turn|2
|
|t:|1758292651
|move|p1a: Roaring Knight|Solar Blade||[still]
|-prepare|p1a: Roaring Knight|Solar Blade
|-anim|p1a: Roaring Knight|Solar Blade|p2a: Swampert
|-supereffective|p2a: Swampert
|-damage|p2a: Swampert|0 fnt
|faint|p2a: Swampert
|
|-weather|SunnyDay|[upkeep]
|upkeep
|
|t:|1758292657
|switch|p2a: Ninetales|Ninetales, F, shiny|100/100
|turn|3
|
|t:|1758292664
|move|p1a: Roaring Knight|Ivy Cudgel|p2a: Ninetales|[anim] Ivy Cudgel Rock
|-supereffective|p2a: Ninetales
|-damage|p2a: Ninetales|0 fnt
|faint|p2a: Ninetales
|
|-weather|SunnyDay|[upkeep]
|upkeep
|
|t:|1758292667
|switch|p2a: Venusaur|Venusaur, M|100/100
|turn|4
|
|t:|1758292672
|move|p2a: Venusaur|Weather Ball|p1a: Roaring Knight
|-damage|p1a: Roaring Knight|23/100
|-damage|p2a: Venusaur|91/100|[from] item: Life Orb
|move|p1a: Roaring Knight|Solar Blade||[still]
|-prepare|p1a: Roaring Knight|Solar Blade
|-anim|p1a: Roaring Knight|Solar Blade|p2a: Venusaur
|-resisted|p2a: Venusaur
|-damage|p2a: Venusaur|67/100
|
|-weather|SunnyDay|[upkeep]
|upkeep
|turn|5
|c|☆bigzawg|not gonna cut it
|
|t:|1758292683
|move|p1a: Roaring Knight|Spiky Shield|p1a: Roaring Knight
|-singleturn|p1a: Roaring Knight|move: Protect
|move|p2a: Venusaur|Weather Ball|p1a: Roaring Knight
|-activate|p1a: Roaring Knight|move: Protect
|
|-weather|SunnyDay|[upkeep]
|upkeep
|turn|6
|
|t:|1758292690
|move|p1a: Roaring Knight|Spiky Shield||[still]
|-fail|p1a: Roaring Knight
|move|p2a: Venusaur|Weather Ball|p1a: Roaring Knight
|-damage|p1a: Roaring Knight|0 fnt
|faint|p1a: Roaring Knight
|-damage|p2a: Venusaur|57/100|[from] item: Life Orb
|
|win|bigzawg
|raw|nodduH's rating: 1042 &rarr; <strong>1027</strong><br />(-15 for losing)
|raw|bigzawg's rating: 1064 &rarr; <strong>1092</strong><br />(+28 for winning)
|l|☆nodduH
|player|p1|
