|j|☆Roboute
|j|☆lerendezvous
|t:|1758348961
|gametype|singles
|player|p1|Roboute|102|1614
|player|p2|lerendezvous|101|1696
|gen|9
|tier|[Gen 9] OU
|rated|
|rule|HP Percentage Mod: HP is shown in percentages
|rule|Endless Battle Clause: Forcing endless battles is banned
|rule|Species Clause: Limit one of each Pokémon
|rule|OHKO Clause: OHKO moves are banned
|rule|Evasion Items Clause: Evasion items are banned
|rule|Evasion Moves Clause: Evasion moves are banned
|rule|Evasion Abilities Clause: Evasion abilities are banned
|rule|Sleep Moves Clause: Sleep-inducing moves are banned
|clearpoke
|poke|p1|Tyranitar, M|
|poke|p1|Excadrill, M|
|poke|p1|Tornadus-Therian, M|
|poke|p1|Tinkaton, F|
|poke|p1|Sinistcha|
|poke|p1|Toxapex, M|
|poke|p2|Ogerpon-Wellspring, F|
|poke|p2|Slowking-Galar, M|
|poke|p2|Great Tusk|
|poke|p2|Moltres|
|poke|p2|Dragapult, M|
|poke|p2|Kingambit, M|
|teampreview
|inactive|Battle timer is ON: inactive players will automatically lose when time's up. (requested by Roboute)
|
|t:|1758348969
|teamsize|p1|6
|teamsize|p2|6
|start
|switch|p1a: Tinkaton|Tinkaton, F, shiny|100/100
|switch|p2a: Kingambit|Kingambit, M|100/100
|-item|p1a: Tinkaton|Air Balloon
|turn|1
|inactive|lerendezvous also wants the timer to be on.
|
|t:|1758348973
|move|p1a: Tinkaton|Stealth Rock|p2a: Kingambit
|-sidestart|p2: lerendezvous|move: Stealth Rock
|move|p2a: Kingambit|Iron Head|p1a: Tinkaton
|-crit|p1a: Tinkaton
|-damage|p1a: Tinkaton|9/100
|-enditem|p1a: Tinkaton|Air Balloon
|-enditem|p2a: Kingambit|Leftovers|[silent]|[from] ability: Pickpocket|[of] p2a: Kingambit
|-item|p1a: Tinkaton|Leftovers|[from] ability: Pickpocket|[of] p2a: Kingambit
|
|-heal|p1a: Tinkaton|15/100|[from] item: Leftovers
|upkeep
|turn|2
|
|t:|1758348983
|move|p1a: Tinkaton|Gigaton Hammer|p2a: Kingambit
|-resisted|p2a: Kingambit
|-damage|p2a: Kingambit|76/100
|move|p2a: Kingambit|Iron Head|p1a: Tinkaton
|-damage|p1a: Tinkaton|0 fnt
|faint|p1a: Tinkaton
|
|upkeep
|
|t:|1758348992
|switch|p1a: Excadrill|Excadrill, M, shiny|100/100
|turn|3
|
|t:|1758348997
|-end|p2a: Kingambit|fallenundefined|[silent]
|switch|p2a: Moltres|Moltres|100/100
|move|p1a: Excadrill|Substitute|p1a: Excadrill
|-start|p1a: Excadrill|Substitute
|-damage|p1a: Excadrill|76/100
|
|-heal|p1a: Excadrill|82/100|[from] item: Leftovers
|upkeep
|turn|4
|
|t:|1758349001
|move|p1a: Excadrill|Rock Slide|p2a: Moltres
|-supereffective|p2a: Moltres
|-damage|p2a: Moltres|24/100
|move|p2a: Moltres|Flamethrower|p1a: Excadrill
|-supereffective|p1a: Excadrill
|-end|p1a: Excadrill|Substitute
|
|-heal|p1a: Excadrill|88/100|[from] item: Leftovers
|upkeep
|turn|5
|
|t:|1758349010
|-terastallize|p2a: Moltres|Fairy
|move|p1a: Excadrill|Rock Slide|p2a: Moltres|[miss]
|-miss|p1a: Excadrill|p2a: Moltres
|move|p2a: Moltres|Flamethrower|p1a: Excadrill
|-supereffective|p1a: Excadrill
|-damage|p1a: Excadrill|0 fnt
|faint|p1a: Excadrill
|
|upkeep
|
|t:|1758349018
|switch|p1a: Tornadus|Tornadus-Therian, M, shiny|100/100
|turn|6
|
|t:|1758349023
|switch|p1a: Tyranitar|Tyranitar, M, shiny|100/100
|-weather|Sandstorm|[from] ability: Sand Stream|[of] p1a: Tyranitar
|switch|p2a: Slowking|Slowking-Galar, M|100/100
|-damage|p2a: Slowking|88/100|[from] Stealth Rock
|
|-weather|Sandstorm|[upkeep]
|-damage|p2a: Slowking|82/100|[from] Sandstorm
|upkeep
|turn|7
|
|t:|1758349027
|switch|p2a: Ogerpon|Ogerpon-Wellspring, F|100/100
|-damage|p2a: Ogerpon|88/100|[from] Stealth Rock
|move|p1a: Tyranitar|Knock Off|p2a: Ogerpon
|-damage|p2a: Ogerpon|15/100
|
|-weather|Sandstorm|[upkeep]
|-damage|p2a: Ogerpon|9/100|[from] Sandstorm
|upkeep
|turn|8
|
|t:|1758349035
|switch|p1a: Toxapex|Toxapex, M, shiny|100/100
|move|p2a: Ogerpon|Knock Off|p1a: Toxapex
|-damage|p1a: Toxapex|72/100
|-enditem|p1a: Toxapex|Eject Button|[from] move: Knock Off|[of] p2a: Ogerpon
|
|-weather|Sandstorm|[upkeep]
|-damage|p2a: Ogerpon|3/100|[from] Sandstorm
|-damage|p1a: Toxapex|66/100|[from] Sandstorm
|upkeep
|turn|9
|
|t:|1758349043
|move|p2a: Ogerpon|U-turn|p1a: Toxapex
|-resisted|p1a: Toxapex
|-damage|p1a: Toxapex|56/100
|
|t:|1758349051
|switch|p2a: Kingambit|Kingambit, M|76/100|[from] U-turn
|-damage|p2a: Kingambit|70/100|[from] Stealth Rock
|move|p1a: Toxapex|Toxic Spikes|p2a: Kingambit
|-sidestart|p2: lerendezvous|move: Toxic Spikes
|
|-weather|Sandstorm|[upkeep]
|-damage|p1a: Toxapex|50/100|[from] Sandstorm
|upkeep
|turn|10
|
|t:|1758349061
|move|p2a: Kingambit|Swords Dance|p2a: Kingambit
|-boost|p2a: Kingambit|atk|2
|move|p1a: Toxapex|Recover|p1a: Toxapex
|-heal|p1a: Toxapex|99/100
|
|-weather|none
|upkeep
|turn|11
|
|t:|1758349065
|move|p2a: Kingambit|Iron Head|p1a: Toxapex
|-resisted|p1a: Toxapex
|-damage|p1a: Toxapex|70/100
|cant|p1a: Toxapex|flinch
|
|upkeep
|turn|12
|
|t:|1758349073
|move|p2a: Kingambit|Iron Head|p1a: Toxapex
|-resisted|p1a: Toxapex
|-damage|p1a: Toxapex|39/100
|move|p1a: Toxapex|Haze|p1a: Toxapex
|-clearallboost
|
|upkeep
|turn|13
|
|t:|1758349081
|move|p2a: Kingambit|Swords Dance|p2a: Kingambit
|-boost|p2a: Kingambit|atk|2
|move|p1a: Toxapex|Toxic Spikes|p2a: Kingambit
|-sidestart|p2: lerendezvous|move: Toxic Spikes
|
|upkeep
|turn|14
|
|t:|1758349089
|move|p2a: Kingambit|Iron Head|p1a: Toxapex
|-resisted|p1a: Toxapex
|-damage|p1a: Toxapex|9/100
|move|p1a: Toxapex|Haze|p1a: Toxapex
|-clearallboost
|
|upkeep
|turn|15
|
|t:|1758349097
|move|p2a: Kingambit|Iron Head|p1a: Toxapex
|-resisted|p1a: Toxapex
|-damage|p1a: Toxapex|0 fnt
|faint|p1a: Toxapex
|
|upkeep
|
|t:|1758349114
|switch|p1a: Tyranitar|Tyranitar, M, shiny|100/100
|-weather|Sandstorm|[from] ability: Sand Stream|[of] p1a: Tyranitar
|turn|16
|
|t:|1758349119
|-end|p2a: Kingambit|fallenundefined|[silent]
|switch|p2a: Ogerpon|Ogerpon-Wellspring, F|3/100
|-damage|p2a: Ogerpon|0 fnt|[from] Stealth Rock
|faint|p2a: Ogerpon
|move|p1a: Tyranitar|Low Kick|p2: Ogerpon|[notarget]
|-fail|p1a: Tyranitar
|
|-weather|Sandstorm|[upkeep]
|upkeep
|
|t:|1758349123
|switch|p2a: Slowking|Slowking-Galar, M|100/100
|-damage|p2a: Slowking|88/100|[from] Stealth Rock
|-sideend|p2: lerendezvous|move: Toxic Spikes|[of] p2a: Slowking
|turn|17
|
|t:|1758349130
|switch|p1a: Tornadus|Tornadus-Therian, M, shiny|100/100
|move|p2a: Slowking|Ice Beam|p1a: Tornadus
|-supereffective|p1a: Tornadus
|-damage|p1a: Tornadus|36/100
|
|-weather|Sandstorm|[upkeep]
|-damage|p1a: Tornadus|30/100|[from] Sandstorm
|-damage|p2a: Slowking|82/100|[from] Sandstorm
|upkeep
|turn|18
|
|t:|1758349136
|switch|p1a: Tyranitar|Tyranitar, M, shiny|100/100
|move|p2a: Slowking|Ice Beam|p1a: Tyranitar
|-damage|p1a: Tyranitar|82/100
|
|-weather|Sandstorm|[upkeep]
|-damage|p2a: Slowking|76/100|[from] Sandstorm
|upkeep
|turn|19
|
|t:|1758349141
|switch|p2a: Moltres|Moltres, tera:Fairy|24/100
|move|p1a: Tyranitar|Knock Off|p2a: Moltres
|-resisted|p2a: Moltres
|-damage|p2a: Moltres|0 fnt
|-enditem|p2a: Moltres|Heavy-Duty Boots|[from] move: Knock Off|[of] p1a: Tyranitar
|faint|p2a: Moltres
|
|-weather|Sandstorm|[upkeep]
|upkeep
|
|t:|1758349145
|switch|p2a: Kingambit|Kingambit, M|70/100
|-damage|p2a: Kingambit|63/100|[from] Stealth Rock
|-activate|p2a: Kingambit|ability: Supreme Overlord
|-start|p2a: Kingambit|fallen2|[silent]
|turn|20
|
|t:|1758349153
|switch|p1a: Sinistcha|Sinistcha, shiny|100/100
|move|p2a: Kingambit|Iron Head|p1a: Sinistcha
|-damage|p1a: Sinistcha|67/100
|
|-weather|none
|-heal|p1a: Sinistcha|73/100|[from] item: Leftovers
|upkeep
|turn|21
|
|t:|1758349160
|move|p2a: Kingambit|Swords Dance|p2a: Kingambit
|-boost|p2a: Kingambit|atk|2
|move|p1a: Sinistcha|Strength Sap|p2a: Kingambit
|-unboost|p2a: Kingambit|atk|1
|-heal|p1a: Sinistcha|100/100
|
|upkeep
|turn|22
|
|t:|1758349165
|-terastallize|p1a: Sinistcha|Fighting
|move|p2a: Kingambit|Iron Head|p1a: Sinistcha
|-damage|p1a: Sinistcha|48/100
|move|p1a: Sinistcha|Tera Blast|p2a: Kingambit|[anim] Tera Blast Fighting
|-supereffective|p2a: Kingambit
|-damage|p2a: Kingambit|0 fnt
|faint|p2a: Kingambit
|-end|p2a: Kingambit|fallen2|[silent]
|
|-heal|p1a: Sinistcha|54/100|[from] item: Leftovers
|upkeep
|
|t:|1758349170
|switch|p2a: Great Tusk|Great Tusk|100/100
|-damage|p2a: Great Tusk|98/100|[from] Stealth Rock
|turn|23
|
|t:|1758349175
|move|p2a: Great Tusk|Headlong Rush|p1a: Sinistcha
|-damage|p1a: Sinistcha|10/100
|-unboost|p2a: Great Tusk|def|1
|-unboost|p2a: Great Tusk|spd|1
|move|p1a: Sinistcha|Strength Sap|p2a: Great Tusk
|-unboost|p2a: Great Tusk|atk|1
|-heal|p1a: Sinistcha|100/100
|
|upkeep
|turn|24
|
|t:|1758349179
|-end|p2a: Great Tusk|Protosynthesis|[silent]
|switch|p2a: Dragapult|Dragapult, M|100/100
|move|p1a: Sinistcha|Calm Mind|p1a: Sinistcha
|-boost|p1a: Sinistcha|spa|1
|-boost|p1a: Sinistcha|spd|1
|
|upkeep
|turn|25
|
|t:|1758349184
|move|p2a: Dragapult|U-turn|p1a: Sinistcha
|-resisted|p1a: Sinistcha
|-damage|p1a: Sinistcha|93/100
|
|t:|1758349189
|switch|p2a: Slowking|Slowking-Galar, M|100/100|[from] U-turn
|-damage|p2a: Slowking|88/100|[from] Stealth Rock
|move|p1a: Sinistcha|Shadow Ball|p2a: Slowking
|-supereffective|p2a: Slowking
|-damage|p2a: Slowking|40/100
|
|-heal|p1a: Sinistcha|99/100|[from] item: Leftovers
|upkeep
|turn|26
|
|t:|1758349197
|switch|p2a: Great Tusk|Great Tusk|98/100
|-damage|p2a: Great Tusk|95/100|[from] Stealth Rock
|move|p1a: Sinistcha|Shadow Ball|p2a: Great Tusk
|-damage|p2a: Great Tusk|19/100
|
|-heal|p1a: Sinistcha|100/100|[from] item: Leftovers
|upkeep
|turn|27
|
|t:|1758349202
|move|p2a: Great Tusk|Headlong Rush|p1a: Sinistcha
|-damage|p1a: Sinistcha|58/100
|-unboost|p2a: Great Tusk|def|1
|-unboost|p2a: Great Tusk|spd|1
|move|p1a: Sinistcha|Strength Sap|p2a: Great Tusk
|-unboost|p2a: Great Tusk|atk|1
|-heal|p1a: Sinistcha|100/100
|
|upkeep
|turn|28
|
|t:|1758349207
|move|p2a: Great Tusk|Headlong Rush|p1a: Sinistcha
|-damage|p1a: Sinistcha|72/100
|-unboost|p2a: Great Tusk|def|1
|-unboost|p2a: Great Tusk|spd|1
|move|p1a: Sinistcha|Shadow Ball|p2a: Great Tusk
|-damage|p2a: Great Tusk|0 fnt
|faint|p2a: Great Tusk
|-end|p2a: Great Tusk|Protosynthesis|[silent]
|
|-heal|p1a: Sinistcha|78/100|[from] item: Leftovers
|upkeep
|
|t:|1758349212
|switch|p2a: Slowking|Slowking-Galar, M|74/100
|-damage|p2a: Slowking|61/100|[from] Stealth Rock
|turn|29
|
|t:|1758349219
|move|p1a: Sinistcha|Shadow Ball|p2a: Slowking
|-supereffective|p2a: Slowking
|-damage|p2a: Slowking|12/100
|move|p2a: Slowking|Ice Beam|p1a: Sinistcha
|-damage|p1a: Sinistcha|58/100
|-status|p1a: Sinistcha|frz
|
|-heal|p1a: Sinistcha|64/100 frz|[from] item: Leftovers
|upkeep
|turn|30
|
|t:|1758349231
|switch|p1a: Tyranitar|Tyranitar, M, shiny|82/100
|-weather|Sandstorm|[from] ability: Sand Stream|[of] p1a: Tyranitar
|move|p2a: Slowking|Ice Beam|p1a: Tyranitar
|-damage|p1a: Tyranitar|62/100
|
|-weather|Sandstorm|[upkeep]
|-damage|p2a: Slowking|6/100|[from] Sandstorm
|upkeep
|turn|31
|
|t:|1758349236
|switch|p2a: Dragapult|Dragapult, M|100/100
|move|p1a: Tyranitar|Knock Off|p2a: Dragapult
|-supereffective|p2a: Dragapult
|-damage|p2a: Dragapult|0 fnt
|-enditem|p2a: Dragapult|Heavy-Duty Boots|[from] move: Knock Off|[of] p1a: Tyranitar
|faint|p2a: Dragapult
|
|-weather|Sandstorm|[upkeep]
|upkeep
|
|t:|1758349240
|switch|p2a: Slowking|Slowking-Galar, M|39/100
|-damage|p2a: Slowking|27/100|[from] Stealth Rock
|turn|32
|c|☆Roboute|Noob
|
|t:|1758349246
|move|p1a: Tyranitar|Knock Off|p2a: Slowking
|-supereffective|p2a: Slowking
|-damage|p2a: Slowking|0 fnt
|-enditem|p2a: Slowking|Assault Vest|[from] move: Knock Off|[of] p1a: Tyranitar
|faint|p2a: Slowking
|
|win|Roboute
|raw|Roboute's rating: 1614 &rarr; <strong>1639</strong><br />(+25 for winning)
|raw|lerendezvous's rating: 1696 &rarr; <strong>1671</strong><br />(-25 for losing)
|l|☆lerendezvous
|player|p2|
|l|☆Roboute
|player|p1|
