|j|☆treossts
|j|☆leezee-yy
|t:|1758278334
|gametype|singles
|player|p1|treossts|266|1528
|player|p2|leezee-yy|steven|1440
|gen|9
|tier|[Gen 9] OU
|rated|
|rule|HP Percentage Mod: HP is shown in percentages
|rule|Endless Battle Clause: Forcing endless battles is banned
|rule|Species Clause: Limit one of each Pokémon
|rule|OHKO Clause: OHKO moves are banned
|rule|Evasion Items Clause: Evasion items are banned
|rule|Evasion Moves Clause: Evasion moves are banned
|rule|Evasion Abilities Clause: Evasion abilities are banned
|rule|Sleep Moves Clause: Sleep-inducing moves are banned
|clearpoke
|poke|p1|Ninetales-Alola, F|
|poke|p1|Frosmoth, F|
|poke|p1|Avalugg, M|
|poke|p1|Ceruledge, F|
|poke|p1|Lokix, F|
|poke|p1|Abomasnow, F|
|poke|p2|Gengar, M|
|poke|p2|Conkeldurr, F|
|poke|p2|Metagross|
|poke|p2|Zapdos|
|poke|p2|Meowscarada, F|
|poke|p2|Zamazenta-*|
|teampreview
|inactive|Battle timer is ON: inactive players will automatically lose when time's up. (requested by leezee-yy)
|
|t:|1758278345
|teamsize|p1|6
|teamsize|p2|6
|start
|switch|p1a: Ninetales|Ninetales-Alola, F|100/100
|switch|p2a: Metagross|Metagross, shiny|100/100
|-weather|Snowscape|[from] ability: Snow Warning|[of] p1a: Ninetales
|turn|1
|
|t:|1758278354
|switch|p1a: Ceruledge|Ceruledge, F|100/100
|move|p2a: Metagross|Psychic Fangs|p1a: Ceruledge
|-damage|p1a: Ceruledge|44/100
|
|-weather|Snowscape|[upkeep]
|upkeep
|turn|2
|
|t:|1758278365
|move|p1a: Ceruledge|Will-O-Wisp|p2a: Metagross
|-status|p2a: Metagross|brn
|move|p2a: Metagross|Knock Off|p1a: Ceruledge
|-supereffective|p1a: Ceruledge
|-damage|p1a: Ceruledge|0 fnt
|-enditem|p1a: Ceruledge|Heavy-Duty Boots|[from] move: Knock Off|[of] p2a: Metagross
|faint|p1a: Ceruledge
|
|-weather|Snowscape|[upkeep]
|-damage|p2a: Metagross|94/100 brn|[from] brn
|upkeep
|
|t:|1758278376
|switch|p1a: Lokix|Lokix, F|100/100
|turn|3
|
|t:|1758278387
|switch|p2a: Zapdos|Zapdos|100/100
|move|p1a: Lokix|U-turn|p2a: Zapdos
|-resisted|p2a: Zapdos
|-damage|p2a: Zapdos|65/100
|-damage|p1a: Lokix|84/100|[from] item: Rocky Helmet|[of] p2a: Zapdos
|
|t:|1758278393
|switch|p1a: Frosmoth|Frosmoth, F|100/100|[from] U-turn
|
|-weather|Snowscape|[upkeep]
|upkeep
|turn|4
|
|t:|1758278400
|-terastallize|p1a: Frosmoth|Ground
|move|p2a: Zapdos|U-turn|p1a: Frosmoth
|-damage|p1a: Frosmoth|81/100
|
|t:|1758278405
|switch|p2a: Zamazenta|Zamazenta|100/100|[from] U-turn
|-ability|p2a: Zamazenta|Dauntless Shield|boost
|-boost|p2a: Zamazenta|def|1
|move|p1a: Frosmoth|Blizzard|p2a: Zamazenta
|-crit|p2a: Zamazenta
|-damage|p2a: Zamazenta|59/100
|
|-weather|Snowscape|[upkeep]
|upkeep
|turn|5
|
|t:|1758278416
|switch|p1a: Avalugg|Avalugg, M|100/100
|move|p2a: Zamazenta|Close Combat|p1a: Avalugg
|-supereffective|p1a: Avalugg
|-damage|p1a: Avalugg|67/100
|-unboost|p2a: Zamazenta|def|1
|-unboost|p2a: Zamazenta|spd|1
|
|-weather|none
|-heal|p1a: Avalugg|73/100|[from] item: Leftovers
|upkeep
|turn|6
|
|t:|1758278427
|switch|p2a: Conkeldurr|Conkeldurr, F|100/100
|switch|p1a: Abomasnow|Abomasnow, F|100/100
|-weather|Snowscape|[from] ability: Snow Warning|[of] p1a: Abomasnow
|
|-weather|Snowscape|[upkeep]
|upkeep
|turn|7
|
|t:|1758278436
|switch|p1a: Avalugg|Avalugg, M|73/100
|move|p2a: Conkeldurr|Fire Punch|p1a: Avalugg
|-supereffective|p1a: Avalugg
|-damage|p1a: Avalugg|55/100
|
|-weather|Snowscape|[upkeep]
|-heal|p1a: Avalugg|61/100|[from] ability: Ice Body
|-heal|p1a: Avalugg|67/100|[from] item: Leftovers
|upkeep
|turn|8
|
|t:|1758278446
|move|p2a: Conkeldurr|Fire Punch|p1a: Avalugg
|-supereffective|p1a: Avalugg
|-damage|p1a: Avalugg|48/100
|move|p1a: Avalugg|Iron Defense|p1a: Avalugg
|-boost|p1a: Avalugg|def|2
|
|-weather|Snowscape|[upkeep]
|-heal|p1a: Avalugg|54/100|[from] ability: Ice Body
|-heal|p1a: Avalugg|60/100|[from] item: Leftovers
|upkeep
|turn|9
|
|t:|1758278456
|switch|p2a: Gengar|Gengar, M|100/100
|move|p1a: Avalugg|Ice Spinner|p2a: Gengar
|-damage|p2a: Gengar|36/100
|
|-weather|Snowscape|[upkeep]
|-heal|p1a: Avalugg|66/100|[from] ability: Ice Body
|-heal|p1a: Avalugg|73/100|[from] item: Leftovers
|upkeep
|turn|10
|
|t:|1758278466
|switch|p1a: Frosmoth|Frosmoth, F, tera:Ground|81/100
|move|p2a: Gengar|Shadow Ball|p1a: Frosmoth
|-damage|p1a: Frosmoth|69/100
|-unboost|p1a: Frosmoth|spd|1
|
|-weather|Snowscape|[upkeep]
|upkeep
|turn|11
|
|t:|1758278476
|switch|p2a: Zamazenta|Zamazenta|59/100
|move|p1a: Frosmoth|U-turn|p2a: Zamazenta
|-resisted|p2a: Zamazenta
|-damage|p2a: Zamazenta|51/100
|
|t:|1758278482
|switch|p1a: Avalugg|Avalugg, M|73/100|[from] U-turn
|
|-weather|Snowscape|[upkeep]
|-heal|p1a: Avalugg|79/100|[from] ability: Ice Body
|-heal|p1a: Avalugg|85/100|[from] item: Leftovers
|upkeep
|turn|12
|
|t:|1758278489
|switch|p2a: Zapdos|Zapdos|65/100
|move|p1a: Avalugg|Iron Defense|p1a: Avalugg
|-boost|p1a: Avalugg|def|2
|
|-weather|Snowscape|[upkeep]
|-heal|p1a: Avalugg|91/100|[from] ability: Ice Body
|-heal|p1a: Avalugg|97/100|[from] item: Leftovers
|upkeep
|turn|13
|
|t:|1758278502
|switch|p1a: Frosmoth|Frosmoth, F, tera:Ground|69/100
|move|p2a: Zapdos|Heat Wave|p1a: Frosmoth
|-damage|p1a: Frosmoth|63/100
|
|-weather|none
|upkeep
|turn|14
|
|t:|1758278516
|move|p2a: Zapdos|U-turn|p1a: Frosmoth
|-damage|p1a: Frosmoth|41/100
|
|t:|1758278519
|switch|p2a: Metagross|Metagross, shiny|94/100 brn|[from] U-turn
|move|p1a: Frosmoth|U-turn|p2a: Metagross
|-damage|p2a: Metagross|82/100 brn
|
|t:|1758278526
|switch|p1a: Lokix|Lokix, F|84/100|[from] U-turn
|
|-heal|p2a: Metagross|88/100 brn|[from] item: Leftovers
|-damage|p2a: Metagross|82/100 brn|[from] brn
|upkeep
|turn|15
|
|t:|1758278533
|move|p1a: Lokix|U-turn|p2a: Metagross
|-damage|p2a: Metagross|43/100 brn
|
|t:|1758278536
|switch|p1a: Abomasnow|Abomasnow, F|100/100|[from] U-turn
|-weather|Snowscape|[from] ability: Snow Warning|[of] p1a: Abomasnow
|move|p2a: Metagross|Knock Off|p1a: Abomasnow
|-damage|p1a: Abomasnow|91/100
|-enditem|p1a: Abomasnow|Icy Rock|[from] move: Knock Off|[of] p2a: Metagross
|
|-weather|Snowscape|[upkeep]
|-heal|p2a: Metagross|49/100 brn|[from] item: Leftovers
|-damage|p2a: Metagross|43/100 brn|[from] brn
|upkeep
|turn|16
|
|t:|1758278550
|switch|p2a: Conkeldurr|Conkeldurr, F|100/100
|move|p1a: Abomasnow|Aurora Veil|p1a: Abomasnow
|-sidestart|p1: treossts|move: Aurora Veil
|
|-weather|Snowscape|[upkeep]
|upkeep
|turn|17
|
|t:|1758278559
|switch|p1a: Avalugg|Avalugg, M|97/100
|move|p2a: Conkeldurr|Defog|p1a: Avalugg
|-unboost|p1a: Avalugg|evasion|1
|-sideend|p1: treossts|move: Aurora Veil
|
|-weather|Snowscape|[upkeep]
|-heal|p1a: Avalugg|100/100|[from] ability: Ice Body
|upkeep
|turn|18
|
|t:|1758278568
|switch|p2a: Gengar|Gengar, M|36/100
|move|p1a: Avalugg|Ice Spinner|p2a: Gengar
|-damage|p2a: Gengar|0 fnt
|faint|p2a: Gengar
|
|-weather|Snowscape|[upkeep]
|upkeep
|
|t:|1758278573
|switch|p2a: Zapdos|Zapdos|65/100
|turn|19
|
|t:|1758278579
|switch|p1a: Frosmoth|Frosmoth, F, tera:Ground|41/100
|move|p2a: Zapdos|U-turn|p1a: Frosmoth
|-damage|p1a: Frosmoth|20/100
|
|t:|1758278584
|switch|p2a: Meowscarada|Meowscarada, F|100/100|[from] U-turn
|
|-weather|Snowscape|[upkeep]
|upkeep
|turn|20
|
|t:|1758278590
|switch|p1a: Abomasnow|Abomasnow, F|91/100
|move|p2a: Meowscarada|Knock Off|p1a: Abomasnow
|-start|p2a: Meowscarada|typechange|Dark|[from] ability: Protean
|-damage|p1a: Abomasnow|67/100
|
|-weather|Snowscape|[upkeep]
|upkeep
|turn|21
|
|t:|1758278601
|switch|p2a: Conkeldurr|Conkeldurr, F|100/100
|move|p1a: Abomasnow|Blizzard|p2a: Conkeldurr
|-damage|p2a: Conkeldurr|57/100
|
|-weather|Snowscape|[upkeep]
|-heal|p2a: Conkeldurr|63/100|[from] item: Leftovers
|upkeep
|turn|22
|
|t:|1758278625
|move|p1a: Abomasnow|Leech Seed|p2a: Conkeldurr
|-start|p2a: Conkeldurr|move: Leech Seed
|move|p2a: Conkeldurr|Fire Punch|p1a: Abomasnow
|-supereffective|p1a: Abomasnow
|-damage|p1a: Abomasnow|0 fnt
|faint|p1a: Abomasnow
|
|-weather|none
|-heal|p2a: Conkeldurr|69/100|[from] item: Leftovers
|upkeep
|
|t:|1758278635
|switch|p1a: Ninetales|Ninetales-Alola, F|100/100
|-weather|Snowscape|[from] ability: Snow Warning|[of] p1a: Ninetales
|turn|23
|
|t:|1758278640
|switch|p2a: Metagross|Metagross, shiny|43/100 brn
|move|p1a: Ninetales|Moonblast|p2a: Metagross
|-resisted|p2a: Metagross
|-damage|p2a: Metagross|23/100 brn
|
|-weather|Snowscape|[upkeep]
|-heal|p2a: Metagross|29/100 brn|[from] item: Leftovers
|-damage|p2a: Metagross|23/100 brn|[from] brn
|upkeep
|turn|24
|
|t:|1758278650
|switch|p1a: Avalugg|Avalugg, M|100/100
|move|p2a: Metagross|Knock Off|p1a: Avalugg
|-damage|p1a: Avalugg|95/100
|-enditem|p1a: Avalugg|Leftovers|[from] move: Knock Off|[of] p2a: Metagross
|
|-weather|Snowscape|[upkeep]
|-heal|p1a: Avalugg|100/100|[from] ability: Ice Body
|-heal|p2a: Metagross|29/100 brn|[from] item: Leftovers
|-damage|p2a: Metagross|23/100 brn|[from] brn
|upkeep
|turn|25
|
|t:|1758278662
|move|p2a: Metagross|Knock Off|p1a: Avalugg
|-damage|p1a: Avalugg|97/100
|move|p1a: Avalugg|Ice Spinner|p2a: Metagross
|-resisted|p2a: Metagross
|-damage|p2a: Metagross|12/100 brn
|
|-weather|Snowscape|[upkeep]
|-heal|p1a: Avalugg|100/100|[from] ability: Ice Body
|-heal|p2a: Metagross|18/100 brn|[from] item: Leftovers
|-damage|p2a: Metagross|12/100 brn|[from] brn
|upkeep
|turn|26
|
|t:|1758278674
|switch|p2a: Zapdos|Zapdos|65/100
|move|p1a: Avalugg|Body Press|p2a: Zapdos
|-resisted|p2a: Zapdos
|-damage|p2a: Zapdos|52/100
|-damage|p1a: Avalugg|84/100|[from] item: Rocky Helmet|[of] p2a: Zapdos
|
|-weather|Snowscape|[upkeep]
|-heal|p1a: Avalugg|90/100|[from] ability: Ice Body
|upkeep
|turn|27
|
|t:|1758278684
|switch|p1a: Frosmoth|Frosmoth, F, tera:Ground|20/100
|move|p2a: Zapdos|Roost|p2a: Zapdos
|-heal|p2a: Zapdos|100/100
|-singleturn|p2a: Zapdos|move: Roost
|
|-weather|none
|upkeep
|turn|28
|
|t:|1758278696
|move|p2a: Zapdos|U-turn|p1a: Frosmoth
|-damage|p1a: Frosmoth|1/100
|
|t:|1758278699
|switch|p2a: Zamazenta|Zamazenta|51/100|[from] U-turn
|move|p1a: Frosmoth|Blizzard|p2a: Zamazenta|[miss]
|-miss|p1a: Frosmoth|p2a: Zamazenta
|
|upkeep
|turn|29
|
|t:|1758278707
|move|p2a: Zamazenta|Stone Edge|p1a: Frosmoth
|-resisted|p1a: Frosmoth
|-damage|p1a: Frosmoth|0 fnt
|faint|p1a: Frosmoth
|
|upkeep
|
|t:|1758278713
|switch|p1a: Ninetales|Ninetales-Alola, F|100/100
|-weather|Snowscape|[from] ability: Snow Warning|[of] p1a: Ninetales
|turn|30
|
|t:|1758278717
|move|p1a: Ninetales|Moonblast|p2a: Zamazenta
|-supereffective|p2a: Zamazenta
|-damage|p2a: Zamazenta|9/100
|-unboost|p2a: Zamazenta|spa|1
|move|p2a: Zamazenta|Stone Edge|p1a: Ninetales
|-supereffective|p1a: Ninetales
|-damage|p1a: Ninetales|36/100
|
|-weather|Snowscape|[upkeep]
|upkeep
|turn|31
|
|t:|1758278727
|switch|p2a: Metagross|Metagross, shiny|12/100 brn
|move|p1a: Ninetales|Moonblast|p2a: Metagross
|-resisted|p2a: Metagross
|-damage|p2a: Metagross|0 fnt
|faint|p2a: Metagross
|
|-weather|Snowscape|[upkeep]
|upkeep
|
|t:|1758278730
|switch|p2a: Meowscarada|Meowscarada, F|100/100
|turn|32
|
|t:|1758278743
|switch|p1a: Avalugg|Avalugg, M|90/100
|move|p2a: Meowscarada|Flower Trick|p1a: Avalugg
|-start|p2a: Meowscarada|typechange|Grass|[from] ability: Protean
|-crit|p1a: Avalugg
|-damage|p1a: Avalugg|69/100
|
|-weather|Snowscape|[upkeep]
|-heal|p1a: Avalugg|75/100|[from] ability: Ice Body
|upkeep
|turn|33
|
|t:|1758278754
|switch|p2a: Zapdos|Zapdos|100/100
|move|p1a: Avalugg|Ice Spinner|p2a: Zapdos
|-supereffective|p2a: Zapdos
|-damage|p2a: Zapdos|55/100
|-damage|p1a: Avalugg|59/100|[from] item: Rocky Helmet|[of] p2a: Zapdos
|-status|p1a: Avalugg|par|[from] ability: Static|[of] p2a: Zapdos
|
|-weather|Snowscape|[upkeep]
|-heal|p1a: Avalugg|65/100 par|[from] ability: Ice Body
|upkeep
|turn|34
|
|t:|1758278767
|switch|p1a: Lokix|Lokix, F|84/100
|move|p2a: Zapdos|Heat Wave|p1a: Lokix
|-supereffective|p1a: Lokix
|-damage|p1a: Lokix|0 fnt
|faint|p1a: Lokix
|
|-weather|none
|upkeep
|
|t:|1758278776
|switch|p1a: Ninetales|Ninetales-Alola, F|36/100
|-weather|Snowscape|[from] ability: Snow Warning|[of] p1a: Ninetales
|turn|35
|
|t:|1758278781
|move|p1a: Ninetales|Blizzard|p2a: Zapdos
|-supereffective|p2a: Zapdos
|-damage|p2a: Zapdos|0 fnt
|faint|p2a: Zapdos
|
|-weather|Snowscape|[upkeep]
|upkeep
|
|t:|1758278785
|switch|p2a: Zamazenta|Zamazenta|9/100
|turn|36
|
|t:|1758278789
|move|p1a: Ninetales|Blizzard|p2a: Zamazenta
|-damage|p2a: Zamazenta|0 fnt
|faint|p2a: Zamazenta
|
|-weather|Snowscape|[upkeep]
|upkeep
|
|t:|1758278793
|switch|p2a: Conkeldurr|Conkeldurr, F|69/100
|turn|37
|
|t:|1758278798
|switch|p1a: Avalugg|Avalugg, M|65/100 par
|move|p2a: Conkeldurr|Fire Punch|p1a: Avalugg
|-supereffective|p1a: Avalugg
|-damage|p1a: Avalugg|45/100 par
|
|-weather|Snowscape|[upkeep]
|-heal|p1a: Avalugg|51/100 par|[from] ability: Ice Body
|-heal|p2a: Conkeldurr|75/100|[from] item: Leftovers
|upkeep
|turn|38
|
|t:|1758278808
|move|p2a: Conkeldurr|Fire Punch|p1a: Avalugg
|-supereffective|p1a: Avalugg
|-damage|p1a: Avalugg|31/100 par
|move|p1a: Avalugg|Body Press|p2a: Conkeldurr
|-damage|p2a: Conkeldurr|43/100
|
|-weather|Snowscape|[upkeep]
|-heal|p1a: Avalugg|37/100 par|[from] ability: Ice Body
|-heal|p2a: Conkeldurr|49/100|[from] item: Leftovers
|upkeep
|turn|39
|
|t:|1758278819
|move|p2a: Conkeldurr|Fire Punch|p1a: Avalugg
|-supereffective|p1a: Avalugg
|-damage|p1a: Avalugg|17/100 par
|cant|p1a: Avalugg|par
|
|-weather|none
|-heal|p2a: Conkeldurr|55/100|[from] item: Leftovers
|upkeep
|turn|40
|
|t:|1758278827
|move|p2a: Conkeldurr|Fire Punch|p1a: Avalugg
|-supereffective|p1a: Avalugg
|-damage|p1a: Avalugg|0 fnt
|faint|p1a: Avalugg
|
|-heal|p2a: Conkeldurr|61/100|[from] item: Leftovers
|upkeep
|
|t:|1758278834
|switch|p1a: Ninetales|Ninetales-Alola, F|36/100
|-weather|Snowscape|[from] ability: Snow Warning|[of] p1a: Ninetales
|turn|41
|
|t:|1758278839
|-terastallize|p2a: Conkeldurr|Steel
|move|p1a: Ninetales|Moonblast|p2a: Conkeldurr
|-resisted|p2a: Conkeldurr
|-damage|p2a: Conkeldurr|40/100
|move|p2a: Conkeldurr|Fire Punch|p1a: Ninetales
|-supereffective|p1a: Ninetales
|-damage|p1a: Ninetales|0 fnt
|faint|p1a: Ninetales
|
|win|leezee-yy
|raw|treossts's rating: 1528 &rarr; <strong>1503</strong><br />(-25 for losing)
|raw|leezee-yy's rating: 1440 &rarr; <strong>1465</strong><br />(+25 for winning)
|l|☆treossts
|player|p1|
|l|☆leezee-yy
|player|p2|
