|j|☆giovanni_but_good
|j|☆ANdrol2
|t:|1758270125
|gametype|singles
|player|p1|giovanni_but_good|giovanni|1309
|player|p2|ANdrol2|170|1283
|gen|9
|tier|[Gen 9] OU
|rated|
|rule|HP Percentage Mod: HP is shown in percentages
|rule|Endless Battle Clause: Forcing endless battles is banned
|rule|Species Clause: Limit one of each Pokémon
|rule|OHKO Clause: OHKO moves are banned
|rule|Evasion Items Clause: Evasion items are banned
|rule|Evasion Moves Clause: Evasion moves are banned
|rule|Evasion Abilities Clause: Evasion abilities are banned
|rule|Sleep Moves Clause: Sleep-inducing moves are banned
|clearpoke
|poke|p1|Raging Bolt|
|poke|p1|Rillaboom, F|
|poke|p1|Heatran, F|
|poke|p1|Enamorus, F|
|poke|p1|Gholdengo|
|poke|p1|Ogerpon, F|
|poke|p2|Dragonite, M|
|poke|p2|Gholdengo|
|poke|p2|Regidrago|
|poke|p2|Scizor, M|
|poke|p2|Ting-Lu|
|poke|p2|Weezing-Galar, F|
|teampreview
|c|☆giovanni_but_good|glhf
|
|t:|1758270147
|teamsize|p1|6
|teamsize|p2|6
|start
|switch|p1a: Heatran|Heatran, F|100/100
|switch|p2a: Weezing|Weezing-Galar, F|100/100
|-ability|p2a: Weezing|Neutralizing Gas
|-item|p1a: Heatran|Air Balloon
|turn|1
|
|t:|1758270162
|-end|p2a: Weezing|ability: Neutralizing Gas
|switch|p2a: Dragonite|Dragonite, M|100/100
|move|p1a: Heatran|Stealth Rock|p2a: Dragonite
|-sidestart|p2: ANdrol2|move: Stealth Rock
|
|upkeep
|turn|2
|
|t:|1758270171
|move|p2a: Dragonite|Dragon Dance|p2a: Dragonite
|-boost|p2a: Dragonite|atk|1
|-boost|p2a: Dragonite|spe|1
|move|p1a: Heatran|Dragon Pulse|p2a: Dragonite
|-supereffective|p2a: Dragonite
|-damage|p2a: Dragonite|68/100
|
|upkeep
|turn|3
|
|t:|1758270221
|switch|p2a: Ting-Lu|Ting-Lu|100/100
|-damage|p2a: Ting-Lu|94/100|[from] Stealth Rock
|-ability|p2a: Ting-Lu|Vessel of Ruin
|move|p1a: Heatran|Magma Storm|p2a: Ting-Lu
|-damage|p2a: Ting-Lu|72/100
|-activate|p2a: Ting-Lu|move: Magma Storm|[of] p1a: Heatran
|
|-heal|p2a: Ting-Lu|78/100|[from] item: Leftovers
|-damage|p2a: Ting-Lu|66/100|[from] move: Magma Storm|[partiallytrapped]
|upkeep
|turn|4
|
|t:|1758270226
|move|p1a: Heatran|Dragon Pulse|p2a: Ting-Lu
|-damage|p2a: Ting-Lu|53/100
|move|p2a: Ting-Lu|Ruination|p1a: Heatran
|-damage|p1a: Heatran|50/100
|-enditem|p1a: Heatran|Air Balloon
|
|-heal|p2a: Ting-Lu|59/100|[from] item: Leftovers
|-damage|p2a: Ting-Lu|47/100|[from] move: Magma Storm|[partiallytrapped]
|upkeep
|turn|5
|
|t:|1758270246
|move|p1a: Heatran|Magma Storm|p2a: Ting-Lu
|-damage|p2a: Ting-Lu|21/100
|move|p2a: Ting-Lu|Ruination|p1a: Heatran
|-damage|p1a: Heatran|26/100
|
|-heal|p2a: Ting-Lu|28/100|[from] item: Leftovers
|-damage|p2a: Ting-Lu|15/100|[from] move: Magma Storm|[partiallytrapped]
|upkeep
|turn|6
|c|☆ANdrol2|Who tf stays in there
|-message|ANdrol2 forfeited.
|
|win|giovanni_but_good
|raw|giovanni_but_good's rating: 1309 &rarr; <strong>1328</strong><br />(+19 for winning)
|raw|ANdrol2's rating: 1283 &rarr; <strong>1260</strong><br />(-23 for losing)
|l|☆ANdrol2
|player|p2|
|c|☆giovanni_but_good|huh?
