|j|☆dracfire81
|j|☆slowbro named paul
|t:|1758287996
|gametype|singles
|player|p1|dracfire81|alder|1274
|player|p2|slowbro named paul|skierf|1251
|gen|9
|tier|[Gen 9] OU
|rated|
|rule|HP Percentage Mod: HP is shown in percentages
|rule|Endless Battle Clause: Forcing endless battles is banned
|rule|Species Clause: Limit one of each Pokémon
|rule|OHKO Clause: OHKO moves are banned
|rule|Evasion Items Clause: Evasion items are banned
|rule|Evasion Moves Clause: Evasion moves are banned
|rule|Evasion Abilities Clause: Evasion abilities are banned
|rule|Sleep Moves Clause: Sleep-inducing moves are banned
|clearpoke
|poke|p1|Kingambit, F|
|poke|p1|Dragapult, M|
|poke|p1|Zapdos|
|poke|p1|Gholdengo|
|poke|p1|Cinderace, M|
|poke|p1|Kommo-o, M|
|poke|p2|Brambleghast, F|
|poke|p2|Slowking, F|
|poke|p2|Gliscor, F|
|poke|p2|Raging Bolt|
|poke|p2|Comfey, M|
|poke|p2|Muk-Alola, F|
|teampreview
|inactive|Battle timer is ON: inactive players will automatically lose when time's up. (requested by slowbro named paul)
|
|t:|1758288005
|teamsize|p1|6
|teamsize|p2|6
|start
|switch|p1a: TUTUT FILS DE PUTE|Dragapult, M|100/100
|switch|p2a: Comfey|Comfey, M|100/100
|turn|1
|
|t:|1758288010
|move|p2a: Comfey|Draining Kiss|p1a: TUTUT FILS DE PUTE
|-supereffective|p1a: TUTUT FILS DE PUTE
|-damage|p1a: TUTUT FILS DE PUTE|32/100
|-damage|p2a: Comfey|91/100|[from] item: Life Orb
|move|p1a: TUTUT FILS DE PUTE|U-turn|p2a: Comfey
|-resisted|p2a: Comfey
|-damage|p2a: Comfey|80/100
|
|t:|1758288017
|switch|p1a: goldenwind|Gholdengo|100/100|[from] U-turn
|-item|p1a: goldenwind|Air Balloon
|
|upkeep
|turn|2
|
|t:|1758288023
|switch|p2a: Muk|Muk-Alola, F|100/100
|move|p1a: goldenwind|Nasty Plot|p1a: goldenwind
|-boost|p1a: goldenwind|spa|2
|
|upkeep
|turn|3
|
|t:|1758288036
|move|p1a: goldenwind|Make It Rain|p2a: Muk
|-damage|p2a: Muk|33/100
|-unboost|p1a: goldenwind|spa|1
|move|p2a: Muk|Knock Off|p1a: goldenwind
|-supereffective|p1a: goldenwind
|-damage|p1a: goldenwind|0 fnt
|-enditem|p1a: goldenwind|Air Balloon
|faint|p1a: goldenwind
|
|upkeep
|
|t:|1758288045
|switch|p1a: where pdr?|Cinderace, M|100/100
|turn|4
|inactive|dracfire81 has 120 seconds left.
|inactive|dracfire81 has 90 seconds left.
|inactive|dracfire81 has 60 seconds left.
|
|t:|1758288161
|move|p1a: where pdr?|U-turn|p2a: Muk
|-start|p1a: where pdr?|typechange|Bug|[from] ability: Libero
|-damage|p2a: Muk|0 fnt
|faint|p2a: Muk
|
|t:|1758288166
|switch|p1a: TUTUT FILS DE PUTE|Dragapult, M|32/100|[from] U-turn
|
|upkeep
|
|t:|1758288169
|switch|p2a: Comfey|Comfey, M|80/100
|turn|5
|
|t:|1758288173
|switch|p1a: where pdr?|Cinderace, M|100/100
|move|p2a: Comfey|Draining Kiss|p1a: where pdr?
|-resisted|p1a: where pdr?
|-damage|p1a: where pdr?|81/100
|-heal|p2a: Comfey|94/100|[from] drain|[of] p1a: where pdr?
|-damage|p2a: Comfey|84/100|[from] item: Life Orb
|
|upkeep
|turn|6
|
|t:|1758288183
|switch|p2a: Raging Bolt|Raging Bolt|100/100
|move|p1a: where pdr?|Pyro Ball|p2a: Raging Bolt
|-resisted|p2a: Raging Bolt
|-damage|p2a: Raging Bolt|84/100
|
|-heal|p2a: Raging Bolt|90/100|[from] item: Leftovers
|upkeep
|turn|7
|inactive|dracfire81 has 60 seconds left.
|
|t:|1758288190
|move|p1a: where pdr?|U-turn|p2a: Raging Bolt
|-start|p1a: where pdr?|typechange|Bug|[from] ability: Libero
|-damage|p2a: Raging Bolt|72/100
|inactive|dracfire81 has 60 seconds left.
|
|t:|1758288196
|switch|p1a: le piaf est la|Zapdos|100/100|[from] U-turn
|move|p2a: Raging Bolt|Calm Mind|p2a: Raging Bolt
|-boost|p2a: Raging Bolt|spa|1
|-boost|p2a: Raging Bolt|spd|1
|
|-heal|p2a: Raging Bolt|78/100|[from] item: Leftovers
|upkeep
|turn|8
|inactive|dracfire81 has 60 seconds left.
|
|t:|1758288210
|-terastallize|p2a: Raging Bolt|Electric
|move|p1a: le piaf est la|Volt Switch|p2a: Raging Bolt
|-resisted|p2a: Raging Bolt
|-damage|p2a: Raging Bolt|68/100
|
|t:|1758288215
|switch|p1a: Mouloud|Kommo-o, M|100/100|[from] Volt Switch
|move|p2a: Raging Bolt|Calm Mind|p2a: Raging Bolt
|-boost|p2a: Raging Bolt|spa|1
|-boost|p2a: Raging Bolt|spd|1
|
|-heal|p2a: Raging Bolt|75/100|[from] item: Leftovers
|upkeep
|turn|9
|
|t:|1758288224
|move|p1a: Mouloud|Boomburst|p2a: Raging Bolt
|-damage|p2a: Raging Bolt|58/100
|-enditem|p1a: Mouloud|Throat Spray
|-boost|p1a: Mouloud|spa|1|[from] item: Throat Spray
|move|p2a: Raging Bolt|Discharge|p1a: Mouloud
|-resisted|p1a: Mouloud
|-damage|p1a: Mouloud|42/100
|
|-heal|p2a: Raging Bolt|65/100|[from] item: Leftovers
|upkeep
|turn|10
|
|t:|1758288235
|move|p1a: Mouloud|Boomburst|p2a: Raging Bolt
|-damage|p2a: Raging Bolt|38/100
|move|p2a: Raging Bolt|Discharge|p1a: Mouloud
|-resisted|p1a: Mouloud
|-damage|p1a: Mouloud|0 fnt
|faint|p1a: Mouloud
|
|-heal|p2a: Raging Bolt|44/100|[from] item: Leftovers
|upkeep
|
|t:|1758288244
|switch|p1a: where pdr?|Cinderace, M|81/100
|turn|11
|
|t:|1758288247
|move|p2a: Raging Bolt|Thunderclap|p1a: where pdr?
|-damage|p1a: where pdr?|0 fnt
|faint|p1a: where pdr?
|
|-heal|p2a: Raging Bolt|50/100|[from] item: Leftovers
|upkeep
|
|t:|1758288254
|switch|p1a: General ratio|Kingambit, F|100/100
|-activate|p1a: General ratio|ability: Supreme Overlord
|-start|p1a: General ratio|fallen3|[silent]
|turn|12
|
|t:|1758288258
|move|p1a: General ratio|Kowtow Cleave|p2a: Raging Bolt
|-damage|p2a: Raging Bolt|9/100
|move|p2a: Raging Bolt|Discharge|p1a: General ratio
|-damage|p1a: General ratio|0 fnt
|faint|p1a: General ratio
|-end|p1a: General ratio|fallen3|[silent]
|
|-heal|p2a: Raging Bolt|15/100|[from] item: Leftovers
|upkeep
|inactive|dracfire81 has 90 seconds left.
|-message|dracfire81 forfeited.
|
|win|slowbro named paul
|raw|dracfire81's rating: 1274 &rarr; <strong>1247</strong><br />(-27 for losing)
|raw|slowbro named paul's rating: 1251 &rarr; <strong>1278</strong><br />(+27 for winning)
|l|☆dracfire81
|player|p1|
