|j|☆LX1987
|j|☆Argentide
|t:|1758291472
|gametype|singles
|player|p1|LX1987|170|1425
|player|p2|Argentide|winona|1452
|gen|9
|tier|[Gen 9] OU
|rated|
|rule|HP Percentage Mod: HP is shown in percentages
|rule|Endless Battle Clause: Forcing endless battles is banned
|rule|Species Clause: Limit one of each Pokémon
|rule|OHKO Clause: OHKO moves are banned
|rule|Evasion Items Clause: Evasion items are banned
|rule|Evasion Moves Clause: Evasion moves are banned
|rule|Evasion Abilities Clause: Evasion abilities are banned
|rule|Sleep Moves Clause: Sleep-inducing moves are banned
|clearpoke
|poke|p1|Drifblim, M|
|poke|p1|Rillaboom, F|
|poke|p1|Tauros-Paldea-Blaze, M|
|poke|p1|Slowking, M|
|poke|p1|Muk-Alola, M|
|poke|p1|Salamence, M|
|poke|p2|Gliscor, M|
|poke|p2|Blissey, F|
|poke|p2|Mandibuzz, F|
|poke|p2|Dragapult, F|
|poke|p2|Ditto|
|poke|p2|Salazzle, F|
|teampreview
|inactive|Battle timer is ON: inactive players will automatically lose when time's up. (requested by LX1987)
|inactive|Argentide has 120 seconds left.
|
|t:|1758291512
|teamsize|p1|6
|teamsize|p2|6
|start
|switch|p1a: Rillaboom|Rillaboom, F|100/100
|switch|p2a: Dragapult|Dragapult, F|100/100
|-fieldstart|move: Grassy Terrain|[from] ability: Grassy Surge|[of] p1a: Rillaboom
|turn|1
|
|t:|1758291536
|move|p2a: Dragapult|Flamethrower|p1a: Rillaboom
|-supereffective|p1a: Rillaboom
|-damage|p1a: Rillaboom|0 fnt
|faint|p1a: Rillaboom
|
|upkeep
|
|t:|1758291543
|switch|p1a: Salamence|Salamence, M|100/100
|turn|2
|
|t:|1758291553
|switch|p2a: Gliscor|Gliscor, M|100/100
|move|p1a: Salamence|Dragon Dance|p1a: Salamence
|-boost|p1a: Salamence|atk|1
|-boost|p1a: Salamence|spe|1
|
|-status|p2a: Gliscor|tox|[from] item: Toxic Orb
|upkeep
|turn|3
|
|t:|1758291570
|move|p1a: Salamence|Dragon Dance|p1a: Salamence
|-boost|p1a: Salamence|atk|1
|-boost|p1a: Salamence|spe|1
|move|p2a: Gliscor|Ice Fang|p1a: Salamence|[miss]
|-miss|p2a: Gliscor|p1a: Salamence
|
|upkeep
|turn|4
|
|t:|1758291578
|-terastallize|p1a: Salamence|Dragon
|move|p1a: Salamence|Dragon Claw|p2a: Gliscor
|-damage|p2a: Gliscor|0 fnt
|faint|p2a: Gliscor
|-ability|p1a: Salamence|Moxie|boost
|-boost|p1a: Salamence|atk|1
|-damage|p1a: Salamence|91/100|[from] item: Life Orb
|
|-heal|p1a: Salamence|97/100|[from] Grassy Terrain
|upkeep
|
|t:|1758291593
|switch|p2a: Ditto|Ditto|100/100
|-transform|p2a: Ditto|p1a: Salamence|[from] ability: Imposter
|-start|p2a: Ditto|typechange|Dragon/Flying|[silent]
|turn|5
|
|t:|1758291600
|move|p2a: Ditto|Dragon Claw|p1a: Salamence
|-supereffective|p1a: Salamence
|-damage|p1a: Salamence|0 fnt
|faint|p1a: Salamence
|-ability|p2a: Ditto|Moxie|boost
|-boost|p2a: Ditto|atk|1
|
|-fieldend|move: Grassy Terrain
|upkeep
|
|t:|1758291609
|switch|p1a: Tauros|Tauros-Paldea-Blaze, M|100/100
|-ability|p1a: Tauros|Intimidate|boost
|-unboost|p2a: Ditto|atk|1
|turn|6
|
|t:|1758291614
|move|p2a: Ditto|Dragon Claw|p1a: Tauros
|-damage|p1a: Tauros|0 fnt
|faint|p1a: Tauros
|-ability|p2a: Ditto|Moxie|boost
|-boost|p2a: Ditto|atk|1
|
|upkeep
|-message|LX1987 forfeited.
|
|win|Argentide
|raw|LX1987's rating: 1425 &rarr; <strong>1407</strong><br />(-18 for losing)
|raw|Argentide's rating: 1452 &rarr; <strong>1470</strong><br />(+18 for winning)
|l|☆LX1987
|player|p1|
|l|☆Argentide
|player|p2|
