|j|☆ayayaphone2
|j|☆Papilord69
|t:|1758245230
|gametype|singles
|player|p1|ayayaphone2|2|1491
|player|p2|Papilord69|1|1515
|gen|9
|tier|[Gen 9] OU
|rated|
|rule|HP Percentage Mod: HP is shown in percentages
|rule|Endless Battle Clause: Forcing endless battles is banned
|rule|Species Clause: Limit one of each Pokémon
|rule|OHKO Clause: OHKO moves are banned
|rule|Evasion Items Clause: Evasion items are banned
|rule|Evasion Moves Clause: Evasion moves are banned
|rule|Evasion Abilities Clause: Evasion abilities are banned
|rule|Sleep Moves Clause: Sleep-inducing moves are banned
|clearpoke
|poke|p1|Chandelure, M|
|poke|p1|Rillaboom, M|
|poke|p1|Hatterene, F|
|poke|p1|Muk-Alola, F|
|poke|p1|Maushold|
|poke|p1|Slither Wing|
|poke|p2|Tyranitar, M|
|poke|p2|Excadrill, M|
|poke|p2|Zamazenta-*|
|poke|p2|Ogerpon-Wellspring, F|
|poke|p2|Moltres|
|poke|p2|Primarina, F|
|teampreview
|inactive|Battle timer is ON: inactive players will automatically lose when time's up. (requested by ayayaphone2)
|
|t:|1758245261
|teamsize|p1|6
|teamsize|p2|6
|start
|switch|p1a: Slither Wing|Slither Wing|100/100
|switch|p2a: Tyranitar|Tyranitar, M|100/100
|-weather|Sandstorm|[from] ability: Sand Stream|[of] p2a: Tyranitar
|turn|1
|
|t:|1758245279
|switch|p2a: Moltres|Moltres|100/100
|move|p1a: Slither Wing|Will-O-Wisp|p2a: Moltres
|-immune|p2a: Moltres
|
|-weather|Sandstorm|[upkeep]
|-damage|p2a: Moltres|94/100|[from] Sandstorm
|-damage|p1a: Slither Wing|94/100|[from] Sandstorm
|upkeep
|turn|2
|
|t:|1758245284
|-end|p1a: Slither Wing|Protosynthesis|[silent]
|switch|p1a: Chandelure|Chandelure, M|100/100
|move|p2a: Moltres|U-turn|p1a: Chandelure
|-resisted|p1a: Chandelure
|-damage|p1a: Chandelure|97/100
|
|t:|1758245297
|switch|p2a: Ogerpon|Ogerpon-Wellspring, F|100/100|[from] U-turn
|
|-weather|Sandstorm|[upkeep]
|-damage|p2a: Ogerpon|95/100|[from] Sandstorm
|-damage|p1a: Chandelure|90/100|[from] Sandstorm
|upkeep
|turn|3
|
|t:|1758245301
|switch|p1a: Slither Wing|Slither Wing|94/100
|move|p2a: Ogerpon|Spikes|p1a: Slither Wing
|-sidestart|p1: ayayaphone2|Spikes
|
|-weather|Sandstorm|[upkeep]
|-damage|p2a: Ogerpon|89/100|[from] Sandstorm
|-damage|p1a: Slither Wing|88/100|[from] Sandstorm
|upkeep
|turn|4
|
|t:|1758245305
|switch|p2a: Moltres|Moltres|94/100
|move|p1a: Slither Wing|U-turn|p2a: Moltres
|-resisted|p2a: Moltres
|-damage|p2a: Moltres|90/100
|
|t:|1758245309
|-end|p1a: Slither Wing|Protosynthesis|[silent]
|switch|p1a: Chandelure|Chandelure, M|90/100|[from] U-turn
|-damage|p1a: Chandelure|78/100|[from] Spikes
|
|-weather|Sandstorm|[upkeep]
|-damage|p2a: Moltres|84/100|[from] Sandstorm
|-damage|p1a: Chandelure|72/100|[from] Sandstorm
|upkeep
|turn|5
|
|t:|1758245314
|switch|p2a: Tyranitar|Tyranitar, M|100/100
|move|p1a: Chandelure|Inferno|p2a: Tyranitar
|-resisted|p2a: Tyranitar
|-crit|p2a: Tyranitar
|-damage|p2a: Tyranitar|81/100
|-status|p2a: Tyranitar|brn
|
|-weather|Sandstorm|[upkeep]
|-damage|p1a: Chandelure|66/100|[from] Sandstorm
|-damage|p2a: Tyranitar|75/100 brn|[from] brn
|upkeep
|turn|6
|
|t:|1758245327
|switch|p1a: Slither Wing|Slither Wing|88/100
|-damage|p1a: Slither Wing|76/100|[from] Spikes
|move|p2a: Tyranitar|Knock Off|p1a: Slither Wing
|-resisted|p1a: Slither Wing
|-damage|p1a: Slither Wing|68/100
|-damage|p2a: Tyranitar|58/100 brn|[from] item: Rocky Helmet|[of] p1a: Slither Wing
|-enditem|p1a: Slither Wing|Rocky Helmet|[from] move: Knock Off|[of] p2a: Tyranitar
|
|-weather|Sandstorm|[upkeep]
|-damage|p1a: Slither Wing|61/100|[from] Sandstorm
|-damage|p2a: Tyranitar|52/100 brn|[from] brn
|upkeep
|turn|7
|
|t:|1758245332
|switch|p2a: Moltres|Moltres|84/100
|move|p1a: Slither Wing|U-turn|p2a: Moltres
|-resisted|p2a: Moltres
|-damage|p2a: Moltres|79/100
|-status|p1a: Slither Wing|brn|[from] ability: Flame Body|[of] p2a: Moltres
|
|t:|1758245344
|-end|p1a: Slither Wing|Protosynthesis|[silent]
|switch|p1a: Muk|Muk-Alola, F|100/100|[from] U-turn
|-damage|p1a: Muk|88/100|[from] Spikes
|
|-weather|Sandstorm|[upkeep]
|-damage|p2a: Moltres|73/100|[from] Sandstorm
|-damage|p1a: Muk|82/100|[from] Sandstorm
|-heal|p1a: Muk|88/100|[from] item: Black Sludge
|upkeep
|turn|8
|
|t:|1758245352
|move|p2a: Moltres|Will-O-Wisp|p1a: Muk
|-status|p1a: Muk|brn
|move|p1a: Muk|Knock Off|p2a: Moltres
|-damage|p2a: Moltres|55/100
|-enditem|p2a: Moltres|Heavy-Duty Boots|[from] move: Knock Off|[of] p1a: Muk
|
|-weather|none
|-heal|p1a: Muk|94/100 brn|[from] item: Black Sludge
|-damage|p1a: Muk|88/100 brn|[from] brn
|upkeep
|turn|9
|
|t:|1758245360
|move|p2a: Moltres|Roost|p2a: Moltres
|-heal|p2a: Moltres|100/100
|-singleturn|p2a: Moltres|move: Roost
|move|p1a: Muk|Knock Off|p2a: Moltres
|-damage|p2a: Moltres|89/100
|-status|p2a: Moltres|psn|[from] ability: Poison Touch|[of] p1a: Muk
|
|-heal|p1a: Muk|94/100 brn|[from] item: Black Sludge
|-damage|p2a: Moltres|76/100 psn|[from] psn
|-damage|p1a: Muk|88/100 brn|[from] brn
|upkeep
|turn|10
|
|t:|1758245365
|move|p2a: Moltres|U-turn|p1a: Muk
|-damage|p1a: Muk|73/100 brn
|
|t:|1758245368
|switch|p2a: Tyranitar|Tyranitar, M|52/100 brn|[from] U-turn
|-weather|Sandstorm|[from] ability: Sand Stream|[of] p2a: Tyranitar
|move|p1a: Muk|Knock Off|p2a: Tyranitar
|-resisted|p2a: Tyranitar
|-damage|p2a: Tyranitar|43/100 brn
|-enditem|p2a: Tyranitar|Smooth Rock|[from] move: Knock Off|[of] p1a: Muk
|
|-weather|Sandstorm|[upkeep]
|-damage|p1a: Muk|67/100 brn|[from] Sandstorm
|-heal|p1a: Muk|73/100 brn|[from] item: Black Sludge
|-damage|p2a: Tyranitar|37/100 brn|[from] brn
|-damage|p1a: Muk|67/100 brn|[from] brn
|upkeep
|turn|11
|
|t:|1758245379
|move|p1a: Muk|Protect|p1a: Muk
|-singleturn|p1a: Muk|Protect
|move|p2a: Tyranitar|Knock Off|p1a: Muk
|-activate|p1a: Muk|move: Protect
|
|-weather|Sandstorm|[upkeep]
|-damage|p1a: Muk|61/100 brn|[from] Sandstorm
|-heal|p1a: Muk|67/100 brn|[from] item: Black Sludge
|-damage|p2a: Tyranitar|30/100 brn|[from] brn
|-damage|p1a: Muk|61/100 brn|[from] brn
|upkeep
|turn|12
|
|t:|1758245390
|switch|p1a: Slither Wing|Slither Wing|61/100 brn
|-damage|p1a: Slither Wing|49/100 brn|[from] Spikes
|move|p2a: Tyranitar|Stealth Rock|p1a: Slither Wing
|-sidestart|p1: ayayaphone2|move: Stealth Rock
|
|-weather|Sandstorm|[upkeep]
|-damage|p1a: Slither Wing|43/100 brn|[from] Sandstorm
|-damage|p1a: Slither Wing|36/100 brn|[from] brn
|-damage|p2a: Tyranitar|24/100 brn|[from] brn
|upkeep
|turn|13
|
|t:|1758245393
|switch|p2a: Moltres|Moltres|76/100 psn
|move|p1a: Slither Wing|Morning Sun|p1a: Slither Wing
|-heal|p1a: Slither Wing|61/100 brn
|
|-weather|Sandstorm|[upkeep]
|-damage|p2a: Moltres|70/100 psn|[from] Sandstorm
|-damage|p1a: Slither Wing|55/100 brn|[from] Sandstorm
|-damage|p2a: Moltres|58/100 psn|[from] psn
|-damage|p1a: Slither Wing|49/100 brn|[from] brn
|upkeep
|turn|14
|
|t:|1758245400
|move|p2a: Moltres|U-turn|p1a: Slither Wing
|-resisted|p1a: Slither Wing
|-damage|p1a: Slither Wing|43/100 brn
|
|t:|1758245405
|switch|p2a: Primarina|Primarina, F|100/100|[from] U-turn
|move|p1a: Slither Wing|U-turn|p2a: Primarina
|-resisted|p2a: Primarina
|-damage|p2a: Primarina|94/100
|
|t:|1758245410
|-end|p1a: Slither Wing|Protosynthesis|[silent]
|switch|p1a: Maushold|Maushold|100/100|[from] U-turn
|-damage|p1a: Maushold|88/100|[from] Spikes
|-damage|p1a: Maushold|76/100|[from] Stealth Rock
|
|-weather|Sandstorm|[upkeep]
|-damage|p1a: Maushold|70/100|[from] Sandstorm
|-damage|p2a: Primarina|88/100|[from] Sandstorm
|-heal|p2a: Primarina|94/100|[from] item: Leftovers
|upkeep
|turn|15
|
|t:|1758245421
|switch|p2a: Excadrill|Excadrill, M|100/100
|-item|p2a: Excadrill|Air Balloon
|move|p1a: Maushold|Tidy Up|p1a: Maushold
|-sideend|p1: ayayaphone2|Spikes
|-sideend|p1: ayayaphone2|Stealth Rock
|-activate|p1a: Maushold|move: Tidy Up
|-boost|p1a: Maushold|atk|1
|-boost|p1a: Maushold|spe|1
|
|-weather|Sandstorm|[upkeep]
|-damage|p1a: Maushold|63/100|[from] Sandstorm
|upkeep
|turn|16
|
|t:|1758245427
|switch|p1a: Rillaboom|Rillaboom, M|100/100
|-fieldstart|move: Grassy Terrain|[from] ability: Grassy Surge|[of] p1a: Rillaboom
|move|p2a: Excadrill|Earthquake|p1a: Rillaboom
|-resisted|p1a: Rillaboom
|-damage|p1a: Rillaboom|89/100
|
|-weather|Sandstorm|[upkeep]
|-damage|p1a: Rillaboom|82/100|[from] Sandstorm
|-heal|p1a: Rillaboom|89/100|[from] Grassy Terrain
|upkeep
|turn|17
|
|t:|1758245435
|switch|p2a: Moltres|Moltres|58/100 psn
|switch|p1a: Hatterene|Hatterene, F|100/100
|-enditem|p1a: Hatterene|Grassy Seed
|-boost|p1a: Hatterene|def|1|[from] item: Grassy Seed
|
|-weather|none
|-damage|p2a: Moltres|46/100 psn|[from] psn
|upkeep
|turn|18
|
|t:|1758245443
|move|p2a: Moltres|U-turn|p1a: Hatterene
|-damage|p1a: Hatterene|91/100
|
|t:|1758245447
|switch|p2a: Excadrill|Excadrill, M|100/100|[from] U-turn
|-item|p2a: Excadrill|Air Balloon
|move|p1a: Hatterene|Calm Mind|p1a: Hatterene
|-boost|p1a: Hatterene|spa|1
|-boost|p1a: Hatterene|spd|1
|
|-heal|p1a: Hatterene|97/100|[from] Grassy Terrain
|upkeep
|turn|19
|
|t:|1758245462
|-terastallize|p1a: Hatterene|Water
|move|p2a: Excadrill|Iron Head|p1a: Hatterene
|-resisted|p1a: Hatterene
|-damage|p1a: Hatterene|84/100
|move|p1a: Hatterene|Mystical Fire|p2a: Excadrill
|-supereffective|p2a: Excadrill
|-damage|p2a: Excadrill|7/100
|-unboost|p2a: Excadrill|spa|1
|-enditem|p2a: Excadrill|Air Balloon
|
|-heal|p2a: Excadrill|13/100|[from] Grassy Terrain
|-heal|p1a: Hatterene|90/100|[from] Grassy Terrain
|upkeep
|turn|20
|
|t:|1758245479
|switch|p2a: Primarina|Primarina, F|94/100
|move|p1a: Hatterene|Draining Kiss|p2a: Primarina
|-damage|p2a: Primarina|64/100
|-heal|p1a: Hatterene|100/100|[from] drain|[of] p2a: Primarina
|
|-heal|p2a: Primarina|70/100|[from] Grassy Terrain
|-heal|p2a: Primarina|76/100|[from] item: Leftovers
|-fieldend|move: Grassy Terrain
|upkeep
|turn|21
|
|t:|1758245486
|switch|p2a: Ogerpon|Ogerpon-Wellspring, F|89/100
|move|p1a: Hatterene|Calm Mind|p1a: Hatterene
|-boost|p1a: Hatterene|spa|1
|-boost|p1a: Hatterene|spd|1
|
|upkeep
|turn|22
|
|t:|1758245490
|move|p2a: Ogerpon|Power Whip|p1a: Hatterene
|-supereffective|p1a: Hatterene
|-damage|p1a: Hatterene|8/100
|move|p1a: Hatterene|Draining Kiss|p2a: Ogerpon
|-damage|p2a: Ogerpon|27/100
|-heal|p1a: Hatterene|51/100|[from] drain|[of] p2a: Ogerpon
|
|upkeep
|turn|23
|
|t:|1758245502
|switch|p1a: Slither Wing|Slither Wing|43/100 brn
|move|p2a: Ogerpon|Power Whip|p1a: Slither Wing
|-resisted|p1a: Slither Wing
|-damage|p1a: Slither Wing|18/100 brn
|
|-damage|p1a: Slither Wing|12/100 brn|[from] brn
|upkeep
|turn|24
|
|t:|1758245508
|move|p1a: Slither Wing|First Impression|p2a: Ogerpon
|-supereffective|p2a: Ogerpon
|-damage|p2a: Ogerpon|0 fnt
|faint|p2a: Ogerpon
|
|-damage|p1a: Slither Wing|5/100 brn|[from] brn
|upkeep
|
|t:|1758245514
|switch|p2a: Primarina|Primarina, F|76/100
|turn|25
|
|t:|1758245519
|move|p1a: Slither Wing|U-turn|p2a: Primarina
|-resisted|p2a: Primarina
|-damage|p2a: Primarina|69/100
|
|t:|1758245521
|-end|p1a: Slither Wing|Protosynthesis|[silent]
|switch|p1a: Rillaboom|Rillaboom, M|89/100|[from] U-turn
|-fieldstart|move: Grassy Terrain|[from] ability: Grassy Surge|[of] p1a: Rillaboom
|move|p2a: Primarina|Calm Mind|p2a: Primarina
|-boost|p2a: Primarina|spa|1
|-boost|p2a: Primarina|spd|1
|
|-heal|p1a: Rillaboom|95/100|[from] Grassy Terrain
|-heal|p2a: Primarina|75/100|[from] Grassy Terrain
|-heal|p2a: Primarina|82/100|[from] item: Leftovers
|upkeep
|turn|26
|
|t:|1758245529
|-terastallize|p2a: Primarina|Poison
|move|p1a: Rillaboom|Knock Off|p2a: Primarina
|-damage|p2a: Primarina|47/100
|-enditem|p2a: Primarina|Leftovers|[from] move: Knock Off|[of] p1a: Rillaboom
|move|p2a: Primarina|Calm Mind|p2a: Primarina
|-boost|p2a: Primarina|spa|1
|-boost|p2a: Primarina|spd|1
|
|-heal|p1a: Rillaboom|100/100|[from] Grassy Terrain
|-heal|p2a: Primarina|53/100|[from] Grassy Terrain
|upkeep
|turn|27
|
|t:|1758245533
|move|p1a: Rillaboom|High Horsepower|p2a: Primarina
|-supereffective|p2a: Primarina
|-damage|p2a: Primarina|0 fnt
|faint|p2a: Primarina
|
|upkeep
|-message|Papilord69 forfeited.
|
|win|ayayaphone2
|raw|ayayaphone2's rating: 1491 &rarr; <strong>1512</strong><br />(+21 for winning)
|raw|Papilord69's rating: 1515 &rarr; <strong>1494</strong><br />(-21 for losing)
|l|☆Papilord69
|player|p2|
|l|☆ayayaphone2
|player|p1|
