|j|☆Un Sospiro
|j|☆melf001
|t:|1758255597
|gametype|singles
|player|p1|Un Sospiro|266|1568
|player|p2|melf001|cynthia-gen4|1493
|gen|9
|tier|[Gen 9] OU
|rated|
|rule|HP Percentage Mod: HP is shown in percentages
|rule|Endless Battle Clause: Forcing endless battles is banned
|rule|Species Clause: Limit one of each Pokémon
|rule|OHKO Clause: OHKO moves are banned
|rule|Evasion Items Clause: Evasion items are banned
|rule|Evasion Moves Clause: Evasion moves are banned
|rule|Evasion Abilities Clause: Evasion abilities are banned
|rule|Sleep Moves Clause: Sleep-inducing moves are banned
|clearpoke
|poke|p1|Torkoal, M|
|poke|p1|Hatterene, F|
|poke|p1|Walking Wake|
|poke|p1|Raging Bolt|
|poke|p1|Blaziken, F|
|poke|p1|Great Tusk|
|poke|p2|Sinistcha-Masterpiece|
|poke|p2|Gliscor, M|
|poke|p2|Alomomola, F|
|poke|p2|Glimmora, M|
|poke|p2|Darkrai|
|poke|p2|Cinderace, F|
|teampreview
|inactive|Battle timer is ON: inactive players will automatically lose when time's up. (requested by melf001)
|inactive|melf001 has 120 seconds left.
|
|t:|1758255650
|teamsize|p1|6
|teamsize|p2|6
|start
|switch|p1a: Banshoman|Torkoal, M|100/100
|switch|p2a: Glimmora|Glimmora, M, shiny|100/100
|-weather|SunnyDay|[from] ability: Drought|[of] p1a: Banshoman
|turn|1
|
|t:|1758255658
|switch|p1a: In-N-Out|Hatterene, F|100/100
|move|p2a: Glimmora|Power Gem|p1a: In-N-Out
|-damage|p1a: In-N-Out|60/100
|-enditem|p1a: In-N-Out|Eject Button
|
|t:|1758255660
|switch|p1a: Mr. Conductor|Walking Wake|100/100
|-activate|p1a: Mr. Conductor|ability: Protosynthesis
|-start|p1a: Mr. Conductor|protosynthesisspe
|
|-weather|SunnyDay|[upkeep]
|upkeep
|turn|2
|
|t:|1758255666
|move|p1a: Mr. Conductor|Hydro Steam|p2a: Glimmora
|-supereffective|p2a: Glimmora
|-enditem|p2a: Glimmora|Focus Sash
|-damage|p2a: Glimmora|1/100
|move|p2a: Glimmora|Stealth Rock|p1a: Mr. Conductor
|-sidestart|p1: Un Sospiro|move: Stealth Rock
|
|-weather|SunnyDay|[upkeep]
|upkeep
|turn|3
|
|t:|1758255675
|switch|p2a: Alomomola|Alomomola, F, shiny|100/100
|move|p1a: Mr. Conductor|Hydro Steam|p2a: Alomomola
|-resisted|p2a: Alomomola
|-damage|p2a: Alomomola|75/100
|
|-weather|SunnyDay|[upkeep]
|-heal|p2a: Alomomola|81/100|[from] item: Leftovers
|upkeep
|turn|4
|
|t:|1758255682
|-end|p1a: Mr. Conductor|Protosynthesis|[silent]
|switch|p1a: In-N-Out|Hatterene, F|60/100
|-damage|p1a: In-N-Out|47/100|[from] Stealth Rock
|move|p2a: Alomomola|Protect||[still]
|-fail|p2a: Alomomola
|
|-weather|SunnyDay|[upkeep]
|-heal|p2a: Alomomola|87/100|[from] item: Leftovers
|upkeep
|turn|5
|
|t:|1758255686
|move|p2a: Alomomola|Scald|p1a: In-N-Out
|-damage|p1a: In-N-Out|39/100
|-status|p1a: In-N-Out|brn
|move|p1a: In-N-Out|Psychic Noise|p2a: Alomomola
|-damage|p2a: Alomomola|62/100
|-start|p2a: Alomomola|move: Heal Block
|
|-weather|SunnyDay|[upkeep]
|-damage|p1a: In-N-Out|34/100 brn|[from] brn
|upkeep
|turn|6
|
|t:|1758255690
|move|p2a: Alomomola|Protect|p2a: Alomomola
|-singleturn|p2a: Alomomola|Protect
|move|p1a: In-N-Out|Healing Wish|p1a: In-N-Out
|faint|p1a: In-N-Out
|
|-weather|SunnyDay|[upkeep]
|-end|p2a: Alomomola|move: Heal Block
|upkeep
|
|t:|1758255694
|switch|p1a: chickenonaballoon|Blaziken, F|100/100
|-damage|p1a: chickenonaballoon|88/100|[from] Stealth Rock
|turn|7
|
|t:|1758255700
|move|p1a: chickenonaballoon|Focus Energy|p1a: chickenonaballoon
|-start|p1a: chickenonaballoon|move: Focus Energy
|move|p2a: Alomomola|Flip Turn|p1a: chickenonaballoon
|-supereffective|p1a: chickenonaballoon
|-damage|p1a: chickenonaballoon|62/100
|
|t:|1758255705
|switch|p2a: Glimmora|Glimmora, M, shiny|1/100|[from] Flip Turn
|
|-weather|SunnyDay|[upkeep]
|-ability|p1a: chickenonaballoon|Speed Boost|boost
|-boost|p1a: chickenonaballoon|spe|1
|upkeep
|turn|8
|
|t:|1758255708
|move|p1a: chickenonaballoon|Overheat|p2a: Glimmora
|-resisted|p2a: Glimmora
|-crit|p2a: Glimmora
|-damage|p2a: Glimmora|0 fnt
|-unboost|p1a: chickenonaballoon|spa|2
|faint|p2a: Glimmora
|
|-weather|none
|-ability|p1a: chickenonaballoon|Speed Boost|boost
|-boost|p1a: chickenonaballoon|spe|1
|upkeep
|
|t:|1758255712
|switch|p2a: Gliscor|Gliscor, M, shiny|100/100
|turn|9
|
|t:|1758255730
|move|p1a: chickenonaballoon|Overheat|p2a: Gliscor
|-crit|p2a: Gliscor
|-damage|p2a: Gliscor|19/100
|-unboost|p1a: chickenonaballoon|spa|2
|move|p2a: Gliscor|Earthquake|p1a: chickenonaballoon
|-supereffective|p1a: chickenonaballoon
|-damage|p1a: chickenonaballoon|0 fnt
|faint|p1a: chickenonaballoon
|
|-status|p2a: Gliscor|tox|[from] item: Toxic Orb
|upkeep
|
|t:|1758255733
|switch|p1a: Mr. Conductor|Walking Wake|100/100
|-damage|p1a: Mr. Conductor|88/100|[from] Stealth Rock
|turn|10
|
|t:|1758255751
|move|p2a: Gliscor|Protect|p2a: Gliscor
|-singleturn|p2a: Gliscor|Protect
|move|p1a: Mr. Conductor|Draco Meteor|p2a: Gliscor
|-activate|p2a: Gliscor|move: Protect
|
|-heal|p2a: Gliscor|31/100 tox|[from] ability: Poison Heal
|upkeep
|turn|11
|
|t:|1758255761
|switch|p2a: Alomomola|Alomomola, F, shiny|95/100
|move|p1a: Mr. Conductor|Draco Meteor|p2a: Alomomola|[miss]
|-miss|p1a: Mr. Conductor|p2a: Alomomola
|
|-heal|p2a: Alomomola|100/100|[from] item: Leftovers
|upkeep
|turn|12
|
|t:|1758255764
|move|p1a: Mr. Conductor|Draco Meteor|p2a: Alomomola
|-crit|p2a: Alomomola
|-damage|p2a: Alomomola|17/100
|-unboost|p1a: Mr. Conductor|spa|2
|move|p2a: Alomomola|Scald|p1a: Mr. Conductor
|-resisted|p1a: Mr. Conductor
|-damage|p1a: Mr. Conductor|84/100
|
|-heal|p2a: Alomomola|24/100|[from] item: Leftovers
|upkeep
|turn|13
|
|t:|1758255767
|move|p2a: Alomomola|Protect|p2a: Alomomola
|-singleturn|p2a: Alomomola|Protect
|move|p1a: Mr. Conductor|Draco Meteor|p2a: Alomomola
|-activate|p2a: Alomomola|move: Protect
|
|-heal|p2a: Alomomola|30/100|[from] item: Leftovers
|upkeep
|turn|14
|
|t:|1758255772
|switch|p2a: Sinistcha|Sinistcha-Masterpiece|100/100
|move|p1a: Mr. Conductor|Draco Meteor|p2a: Sinistcha
|-damage|p2a: Sinistcha|57/100
|-unboost|p1a: Mr. Conductor|spa|2
|
|-heal|p2a: Sinistcha|63/100|[from] item: Leftovers
|upkeep
|turn|15
|
|t:|1758255783
|-end|p1a: Mr. Conductor|Protosynthesis|[silent]
|switch|p1a: Banshoman|Torkoal, M|100/100
|-damage|p1a: Banshoman|76/100|[from] Stealth Rock
|-weather|SunnyDay|[from] ability: Drought|[of] p1a: Banshoman
|move|p2a: Sinistcha|Strength Sap|p1a: Banshoman
|-unboost|p1a: Banshoman|atk|1
|-heal|p2a: Sinistcha|100/100
|
|-weather|SunnyDay|[upkeep]
|upkeep
|turn|16
|inactive|melf001 has 120 seconds left.
|
|t:|1758255826
|switch|p2a: Alomomola|Alomomola, F, shiny|63/100
|move|p1a: Banshoman|Stealth Rock|p2a: Alomomola
|-sidestart|p2: melf001|move: Stealth Rock
|
|-weather|SunnyDay|[upkeep]
|-heal|p2a: Alomomola|69/100|[from] item: Leftovers
|upkeep
|turn|17
|
|t:|1758255831
|move|p2a: Alomomola|Scald|p1a: Banshoman
|-supereffective|p1a: Banshoman
|-damage|p1a: Banshoman|58/100
|move|p1a: Banshoman|Will-O-Wisp|p2a: Alomomola
|-status|p2a: Alomomola|brn
|
|-weather|SunnyDay|[upkeep]
|-heal|p2a: Alomomola|75/100 brn|[from] item: Leftovers
|-damage|p2a: Alomomola|69/100 brn|[from] brn
|upkeep
|turn|18
|
|t:|1758255833
|move|p2a: Alomomola|Scald|p1a: Banshoman
|-supereffective|p1a: Banshoman
|-damage|p1a: Banshoman|42/100
|move|p1a: Banshoman|Rapid Spin|p2a: Alomomola
|-damage|p2a: Alomomola|64/100 brn
|-boost|p1a: Banshoman|spe|1
|-sideend|p1: Un Sospiro|Stealth Rock|[from] move: Rapid Spin|[of] p1a: Banshoman
|
|-weather|SunnyDay|[upkeep]
|-heal|p2a: Alomomola|70/100 brn|[from] item: Leftovers
|-damage|p2a: Alomomola|64/100 brn|[from] brn
|upkeep
|turn|19
|
|t:|1758255835
|switch|p1a: Adam Ondra|Raging Bolt|100/100
|-activate|p1a: Adam Ondra|ability: Protosynthesis
|-start|p1a: Adam Ondra|protosynthesisspa
|move|p2a: Alomomola|Scald|p1a: Adam Ondra
|-resisted|p1a: Adam Ondra
|-crit|p1a: Adam Ondra
|-damage|p1a: Adam Ondra|98/100
|
|-weather|SunnyDay|[upkeep]
|-heal|p2a: Alomomola|70/100 brn|[from] item: Leftovers
|-damage|p2a: Alomomola|64/100 brn|[from] brn
|upkeep
|turn|20
|
|t:|1758255841
|switch|p2a: Gliscor|Gliscor, M, shiny|31/100 tox
|-damage|p2a: Gliscor|19/100 tox|[from] Stealth Rock
|move|p1a: Adam Ondra|Thunderbolt|p2a: Gliscor
|-immune|p2a: Gliscor
|
|-weather|SunnyDay|[upkeep]
|-heal|p2a: Gliscor|31/100 tox|[from] ability: Poison Heal
|upkeep
|turn|21
|
|t:|1758255850
|move|p2a: Gliscor|Protect|p2a: Gliscor
|-singleturn|p2a: Gliscor|Protect
|move|p1a: Adam Ondra|Weather Ball|p2a: Gliscor
|-activate|p2a: Gliscor|move: Protect
|
|-weather|SunnyDay|[upkeep]
|-heal|p2a: Gliscor|44/100 tox|[from] ability: Poison Heal
|upkeep
|turn|22
|
|t:|1758255858
|move|p2a: Gliscor|Toxic|p1a: Adam Ondra
|-status|p1a: Adam Ondra|tox
|move|p1a: Adam Ondra|Weather Ball|p2a: Gliscor
|-damage|p2a: Gliscor|0 fnt
|faint|p2a: Gliscor
|
|-weather|none
|-end|p1a: Adam Ondra|Protosynthesis
|-damage|p1a: Adam Ondra|91/100 tox|[from] psn
|upkeep
|
|t:|1758255863
|switch|p2a: Cinderace|Cinderace, F, shiny|100/100
|turn|23
|
|t:|1758255883
|move|p2a: Cinderace|Court Change|p2a: Cinderace
|-start|p2a: Cinderace|typechange|Normal|[from] ability: Libero
|-swapsideconditions
|-activate|p2a: Cinderace|move: Court Change
|move|p1a: Adam Ondra|Draco Meteor|p2a: Cinderace|[miss]
|-miss|p1a: Adam Ondra|p2a: Cinderace
|
|-damage|p1a: Adam Ondra|79/100 tox|[from] psn
|upkeep
|turn|24
|
|t:|1758255902
|move|p2a: Cinderace|U-turn|p1a: Adam Ondra
|-damage|p1a: Adam Ondra|59/100 tox
|
|t:|1758255907
|switch|p2a: Darkrai|Darkrai|100/100|[from] U-turn
|move|p1a: Adam Ondra|Thunderbolt|p2a: Darkrai
|-damage|p2a: Darkrai|25/100
|
|-damage|p1a: Adam Ondra|40/100 tox|[from] psn
|upkeep
|turn|25
|
|t:|1758255921
|move|p2a: Darkrai|Ice Beam|p1a: Adam Ondra
|-supereffective|p1a: Adam Ondra
|-damage|p1a: Adam Ondra|0 fnt
|faint|p1a: Adam Ondra
|-end|p1a: Adam Ondra|Protosynthesis|[silent]
|
|upkeep
|
|t:|1758255925
|switch|p1a: Banshoman|Torkoal, M|42/100
|-heal|p1a: Banshoman|100/100|[from] move: Healing Wish
|-damage|p1a: Banshoman|76/100|[from] Stealth Rock
|-weather|SunnyDay|[from] ability: Drought|[of] p1a: Banshoman
|turn|26
|inactive|melf001 has 120 seconds left.
|
|t:|1758255969
|switch|p2a: Alomomola|Alomomola, F, shiny|97/100 brn
|move|p1a: Banshoman|Lava Plume|p2a: Alomomola
|-resisted|p2a: Alomomola
|-crit|p2a: Alomomola
|-damage|p2a: Alomomola|78/100 brn
|
|-weather|SunnyDay|[upkeep]
|-heal|p2a: Alomomola|84/100 brn|[from] item: Leftovers
|-damage|p2a: Alomomola|78/100 brn|[from] brn
|upkeep
|turn|27
|
|t:|1758255978
|move|p2a: Alomomola|Scald|p1a: Banshoman
|-supereffective|p1a: Banshoman
|-damage|p1a: Banshoman|58/100
|move|p1a: Banshoman|Rapid Spin|p2a: Alomomola
|-damage|p2a: Alomomola|71/100 brn
|-boost|p1a: Banshoman|spe|1
|-sideend|p1: Un Sospiro|Stealth Rock|[from] move: Rapid Spin|[of] p1a: Banshoman
|
|-weather|SunnyDay|[upkeep]
|-heal|p2a: Alomomola|77/100 brn|[from] item: Leftovers
|-damage|p2a: Alomomola|71/100 brn|[from] brn
|upkeep
|turn|28
|inactive|melf001 has 120 seconds left.
|
|t:|1758255993
|switch|p1a: Mr. Conductor|Walking Wake|84/100
|-activate|p1a: Mr. Conductor|ability: Protosynthesis
|-start|p1a: Mr. Conductor|protosynthesisspe
|move|p2a: Alomomola|Scald|p1a: Mr. Conductor
|-resisted|p1a: Mr. Conductor
|-damage|p1a: Mr. Conductor|82/100
|-status|p1a: Mr. Conductor|brn
|
|-weather|SunnyDay|[upkeep]
|-heal|p2a: Alomomola|77/100 brn|[from] item: Leftovers
|-damage|p1a: Mr. Conductor|76/100 brn|[from] brn
|-damage|p2a: Alomomola|71/100 brn|[from] brn
|upkeep
|turn|29
|
|t:|1758256020
|move|p1a: Mr. Conductor|Draco Meteor|p2a: Alomomola
|-damage|p2a: Alomomola|14/100 brn
|-unboost|p1a: Mr. Conductor|spa|2
|move|p2a: Alomomola|Wish|p2a: Alomomola
|
|-weather|SunnyDay|[upkeep]
|-heal|p2a: Alomomola|20/100 brn|[from] item: Leftovers
|-damage|p1a: Mr. Conductor|70/100 brn|[from] brn
|-damage|p2a: Alomomola|14/100 brn|[from] brn
|upkeep
|turn|30
|inactive|melf001 has 120 seconds left.
|
|t:|1758256048
|-end|p1a: Mr. Conductor|Protosynthesis|[silent]
|switch|p1a: 🙏🙏🙏|Great Tusk|100/100
|-activate|p1a: 🙏🙏🙏|ability: Protosynthesis
|-start|p1a: 🙏🙏🙏|protosynthesisatk
|move|p2a: Alomomola|Protect||[still]
|-fail|p2a: Alomomola
|
|-weather|SunnyDay|[upkeep]
|-heal|p2a: Alomomola|64/100 brn|[from] move: Wish|[wisher] Alomomola
|-heal|p2a: Alomomola|70/100 brn|[from] item: Leftovers
|-damage|p2a: Alomomola|64/100 brn|[from] brn
|upkeep
|turn|31
|
|t:|1758256052
|move|p1a: 🙏🙏🙏|Headlong Rush|p2a: Alomomola
|-damage|p2a: Alomomola|0 fnt
|-unboost|p1a: 🙏🙏🙏|def|1
|-unboost|p1a: 🙏🙏🙏|spd|1
|faint|p2a: Alomomola
|
|-weather|SunnyDay|[upkeep]
|upkeep
|
|t:|1758256060
|switch|p2a: Sinistcha|Sinistcha-Masterpiece|100/100
|turn|32
|
|t:|1758256065
|-end|p1a: 🙏🙏🙏|Protosynthesis|[silent]
|switch|p1a: Mr. Conductor|Walking Wake|70/100 brn
|-activate|p1a: Mr. Conductor|ability: Protosynthesis
|-start|p1a: Mr. Conductor|protosynthesisspe
|move|p2a: Sinistcha|Matcha Gotcha|p1a: Mr. Conductor
|-damage|p1a: Mr. Conductor|16/100 brn
|
|-weather|SunnyDay|[upkeep]
|-damage|p1a: Mr. Conductor|10/100 brn|[from] brn
|upkeep
|turn|33
|
|t:|1758256071
|switch|p2a: Darkrai|Darkrai|25/100
|move|p1a: Mr. Conductor|Draco Meteor|p2a: Darkrai
|-damage|p2a: Darkrai|0 fnt
|-unboost|p1a: Mr. Conductor|spa|2
|faint|p2a: Darkrai
|
|-weather|none
|-end|p1a: Mr. Conductor|Protosynthesis
|-damage|p1a: Mr. Conductor|4/100 brn|[from] brn
|upkeep
|
|t:|1758256073
|switch|p2a: Cinderace|Cinderace, F, shiny|100/100
|turn|34
|
|t:|1758256077
|-end|p1a: Mr. Conductor|Protosynthesis|[silent]
|switch|p1a: Banshoman|Torkoal, M|58/100
|-weather|SunnyDay|[from] ability: Drought|[of] p1a: Banshoman
|move|p2a: Cinderace|U-turn|p1a: Banshoman
|-start|p2a: Cinderace|typechange|Bug|[from] ability: Libero
|-resisted|p1a: Banshoman
|-damage|p1a: Banshoman|47/100
|
|t:|1758256081
|switch|p2a: Sinistcha|Sinistcha-Masterpiece|100/100|[from] U-turn
|
|-weather|SunnyDay|[upkeep]
|upkeep
|turn|35
|
|t:|1758256099
|move|p2a: Sinistcha|Shadow Ball|p1a: Banshoman
|-damage|p1a: Banshoman|0 fnt
|faint|p1a: Banshoman
|
|-weather|SunnyDay|[upkeep]
|upkeep
|
|t:|1758256102
|switch|p1a: Mr. Conductor|Walking Wake|4/100 brn
|-activate|p1a: Mr. Conductor|ability: Protosynthesis
|-start|p1a: Mr. Conductor|protosynthesisspe
|turn|36
|
|t:|1758256106
|switch|p2a: Cinderace|Cinderace, F, shiny|100/100
|move|p1a: Mr. Conductor|Draco Meteor|p2a: Cinderace
|-damage|p2a: Cinderace|0 fnt
|-unboost|p1a: Mr. Conductor|spa|2
|faint|p2a: Cinderace
|
|-weather|SunnyDay|[upkeep]
|-damage|p1a: Mr. Conductor|0 fnt|[from] brn
|faint|p1a: Mr. Conductor
|-end|p1a: Mr. Conductor|Protosynthesis|[silent]
|upkeep
|
|t:|1758256108
|switch|p2a: Sinistcha|Sinistcha-Masterpiece|100/100
|switch|p1a: 🙏🙏🙏|Great Tusk|100/100
|-activate|p1a: 🙏🙏🙏|ability: Protosynthesis
|-start|p1a: 🙏🙏🙏|protosynthesisatk
|turn|37
|c|☆melf001|gg
|
|t:|1758256111
|-terastallize|p1a: 🙏🙏🙏|Fire
|move|p1a: 🙏🙏🙏|Ice Spinner|p2a: Sinistcha
|-supereffective|p2a: Sinistcha
|-damage|p2a: Sinistcha|0 fnt
|faint|p2a: Sinistcha
|
|win|Un Sospiro
|raw|Un Sospiro's rating: 1549 &rarr; <strong>1566</strong><br />(+17 for winning)
|raw|melf001's rating: 1493 &rarr; <strong>1476</strong><br />(-17 for losing)
|l|☆melf001
|player|p2|
|c|☆Un Sospiro|gg
|l|☆Un Sospiro
|player|p1|
