|j|☆GabUno
|j|☆vywxiwjxjwk
|t:|1758267329
|gametype|singles
|player|p1|GabUno|marlon|1367
|player|p2|vywxiwjxjwk|n|1417
|gen|9
|tier|[Gen 9] OU
|rated|
|rule|HP Percentage Mod: HP is shown in percentages
|rule|Endless Battle Clause: Forcing endless battles is banned
|rule|Species Clause: Limit one of each Pokémon
|rule|OHKO Clause: OHKO moves are banned
|rule|Evasion Items Clause: Evasion items are banned
|rule|Evasion Moves Clause: Evasion moves are banned
|rule|Evasion Abilities Clause: Evasion abilities are banned
|rule|Sleep Moves Clause: Sleep-inducing moves are banned
|clearpoke
|poke|p1|Araquanid, F|
|poke|p1|Hatterene, F|
|poke|p1|Iron Treads|
|poke|p1|Iron Moth|
|poke|p1|Kommo-o, M|
|poke|p1|Ogerpon-Cornerstone, F|
|poke|p2|Samurott-Hisui, M|
|poke|p2|Great Tusk|
|poke|p2|Volcanion|
|poke|p2|Hydrapple, F|
|poke|p2|Gholdengo|
|poke|p2|Landorus-Therian, M|
|teampreview
|inactive|Battle timer is ON: inactive players will automatically lose when time's up. (requested by vywxiwjxjwk)
|inactive|vywxiwjxjwk has 120 seconds left.
|
|t:|1758267363
|teamsize|p1|6
|teamsize|p2|6
|start
|switch|p1a: Ogerpon|Ogerpon-Cornerstone, F|100/100
|switch|p2a: Great Mustache|Landorus-Therian, M|100/100
|-ability|p2a: Great Mustache|Intimidate|boost
|-unboost|p1a: Ogerpon|atk|1
|turn|1
|
|t:|1758267381
|move|p2a: Great Mustache|U-turn|p1a: Ogerpon
|-supereffective|p1a: Ogerpon
|-damage|p1a: Ogerpon|29/100
|
|t:|1758267386
|switch|p2a: The Fickle Heart|Hydrapple, F|100/100|[from] U-turn
|move|p1a: Ogerpon|Swords Dance|p1a: Ogerpon
|-boost|p1a: Ogerpon|atk|2
|
|upkeep
|turn|2
|
|t:|1758267397
|move|p1a: Ogerpon|Ivy Cudgel|p2a: The Fickle Heart|[anim] Ivy Cudgel Rock
|-crit|p2a: The Fickle Heart
|-damage|p2a: The Fickle Heart|30/100
|move|p2a: The Fickle Heart|Giga Drain|p1a: Ogerpon
|-damage|p1a: Ogerpon|0 fnt
|-heal|p2a: The Fickle Heart|41/100|[from] drain|[of] p1a: Ogerpon
|faint|p1a: Ogerpon
|
|upkeep
|
|t:|1758267402
|switch|p1a: Hatterene|Hatterene, F|100/100
|turn|3
|
|t:|1758267413
|switch|p2a: The Last Ronin|Samurott-Hisui, M|100/100
|move|p1a: Hatterene|Nuzzle|p2a: The Last Ronin
|-supereffective|p2a: The Last Ronin
|-damage|p2a: The Last Ronin|91/100
|-status|p2a: The Last Ronin|par
|
|upkeep
|turn|4
|
|t:|1758267419
|switch|p2a: Heart of Ghold|Gholdengo|100/100
|-item|p2a: Heart of Ghold|Air Balloon
|move|p1a: Hatterene|Draining Kiss|p2a: Heart of Ghold
|-resisted|p2a: Heart of Ghold
|-damage|p2a: Heart of Ghold|86/100
|-enditem|p2a: Heart of Ghold|Air Balloon
|
|upkeep
|turn|5
|
|t:|1758267444
|move|p2a: Heart of Ghold|Shadow Ball|p1a: Hatterene
|-supereffective|p1a: Hatterene
|-damage|p1a: Hatterene|38/100
|move|p1a: Hatterene|Mystical Fire|p2a: Heart of Ghold
|-supereffective|p2a: Heart of Ghold
|-damage|p2a: Heart of Ghold|25/100
|-unboost|p2a: Heart of Ghold|spa|1
|
|upkeep
|turn|6
|
|t:|1758267458
|move|p2a: Heart of Ghold|Make It Rain|p1a: Hatterene
|-supereffective|p1a: Hatterene
|-damage|p1a: Hatterene|0 fnt
|-unboost|p2a: Heart of Ghold|spa|1
|faint|p1a: Hatterene
|
|upkeep
|
|t:|1758267473
|switch|p1a: Iron Moth|Iron Moth|100/100
|-enditem|p1a: Iron Moth|Booster Energy
|-activate|p1a: Iron Moth|ability: Quark Drive|[fromitem]
|-start|p1a: Iron Moth|quarkdrivespe
|turn|7
|
|t:|1758267478
|switch|p2a: Erupting Star|Volcanion|100/100
|move|p1a: Iron Moth|Fiery Dance|p2a: Erupting Star
|-resisted|p2a: Erupting Star
|-damage|p2a: Erupting Star|90/100
|-boost|p1a: Iron Moth|spa|1
|
|upkeep
|turn|8
|
|t:|1758267488
|-terastallize|p1a: Iron Moth|Fairy
|move|p1a: Iron Moth|Sludge Wave|p2a: Erupting Star
|-damage|p2a: Erupting Star|16/100
|move|p2a: Erupting Star|Steam Eruption|p1a: Iron Moth
|-damage|p1a: Iron Moth|37/100
|
|upkeep
|turn|9
|
|t:|1758267505
|move|p1a: Iron Moth|Sludge Wave|p2a: Erupting Star
|-damage|p2a: Erupting Star|0 fnt
|faint|p2a: Erupting Star
|
|upkeep
|inactive|vywxiwjxjwk has 120 seconds left.
|
|t:|1758267549
|switch|p2a: Great Mustache|Landorus-Therian, M|100/100
|-ability|p2a: Great Mustache|Intimidate|boost
|-unboost|p1a: Iron Moth|atk|1
|turn|10
|inactive|GabUno has 120 seconds left.
|
|t:|1758267581
|-terastallize|p2a: Great Mustache|Flying
|move|p1a: Iron Moth|Dazzling Gleam|p2a: Great Mustache
|-damage|p2a: Great Mustache|27/100
|move|p2a: Great Mustache|Tera Blast|p1a: Iron Moth|[anim] Tera Blast Flying
|-damage|p1a: Iron Moth|0 fnt
|faint|p1a: Iron Moth
|-end|p1a: Iron Moth|Quark Drive|[silent]
|
|upkeep
|inactive|GabUno has 120 seconds left.
|
|t:|1758267590
|switch|p1a: Iron Treads|Iron Treads|100/100
|-enditem|p1a: Iron Treads|Booster Energy
|-activate|p1a: Iron Treads|ability: Quark Drive|[fromitem]
|-start|p1a: Iron Treads|quarkdrivespe
|turn|11
|
|t:|1758267603
|switch|p2a: The Last Ronin|Samurott-Hisui, M|91/100 par
|move|p1a: Iron Treads|Ice Spinner|p2a: The Last Ronin
|-resisted|p2a: The Last Ronin
|-damage|p2a: The Last Ronin|76/100 par
|
|upkeep
|turn|12
|
|t:|1758267615
|move|p1a: Iron Treads|Knock Off|p2a: The Last Ronin
|-resisted|p2a: The Last Ronin
|-damage|p2a: The Last Ronin|60/100 par
|-enditem|p2a: The Last Ronin|Assault Vest|[from] move: Knock Off|[of] p1a: Iron Treads
|move|p2a: The Last Ronin|Razor Shell|p1a: Iron Treads
|-supereffective|p1a: Iron Treads
|-damage|p1a: Iron Treads|8/100
|
|upkeep
|turn|13
|
|t:|1758267623
|move|p2a: The Last Ronin|Sucker Punch|p1a: Iron Treads
|-damage|p1a: Iron Treads|0 fnt
|faint|p1a: Iron Treads
|-end|p1a: Iron Treads|Quark Drive|[silent]
|
|upkeep
|
|t:|1758267637
|switch|p1a: Araquanid|Araquanid, F|100/100
|turn|14
|inactive|vywxiwjxjwk has 120 seconds left.
|
|t:|1758267654
|move|p1a: Araquanid|Sticky Web|p2a: The Last Ronin
|-sidestart|p2: vywxiwjxjwk|move: Sticky Web
|move|p2a: The Last Ronin|Knock Off|p1a: Araquanid
|-damage|p1a: Araquanid|47/100
|-enditem|p1a: Araquanid|Focus Sash|[from] move: Knock Off|[of] p2a: The Last Ronin
|
|upkeep
|turn|15
|
|t:|1758267660
|switch|p2a: King Tusk|Great Tusk|100/100
|move|p1a: Araquanid|Lunge|p2a: King Tusk
|-resisted|p2a: King Tusk
|-damage|p2a: King Tusk|89/100
|-unboost|p2a: King Tusk|atk|1
|
|upkeep
|turn|16
|
|t:|1758267666
|move|p2a: King Tusk|Rapid Spin|p1a: Araquanid
|-damage|p1a: Araquanid|31/100
|-boost|p2a: King Tusk|spe|1
|-sideend|p2: vywxiwjxjwk|Sticky Web|[from] move: Rapid Spin|[of] p2a: King Tusk
|move|p1a: Araquanid|Liquidation|p2a: King Tusk
|-supereffective|p2a: King Tusk
|-damage|p2a: King Tusk|0 fnt
|faint|p2a: King Tusk
|-end|p2a: King Tusk|Protosynthesis|[silent]
|
|upkeep
|
|t:|1758267670
|switch|p2a: Great Mustache|Landorus-Therian, M, tera:Flying|27/100
|-ability|p2a: Great Mustache|Intimidate|boost
|-unboost|p1a: Araquanid|atk|1
|turn|17
|
|t:|1758267677
|move|p2a: Great Mustache|Tera Blast|p1a: Araquanid|[anim] Tera Blast Flying
|-supereffective|p1a: Araquanid
|-damage|p1a: Araquanid|0 fnt
|faint|p1a: Araquanid
|
|upkeep
|
|t:|1758267678
|switch|p1a: Kommo-o|Kommo-o, M|100/100
|turn|18
|
|t:|1758267686
|move|p2a: Great Mustache|Tera Blast|p1a: Kommo-o|[anim] Tera Blast Flying
|-supereffective|p1a: Kommo-o
|-damage|p1a: Kommo-o|0 fnt
|faint|p1a: Kommo-o
|
|win|vywxiwjxjwk
|raw|GabUno's rating: 1367 &rarr; <strong>1350</strong><br />(-17 for losing)
|raw|vywxiwjxjwk's rating: 1417 &rarr; <strong>1434</strong><br />(+17 for winning)
|c|☆GabUno|gg
|l|☆GabUno
|player|p1|
