|j|☆jb8976
|j|☆sora44
|t:|1758257957
|gametype|singles
|player|p1|jb8976|ethan|1436
|player|p2|sora44|102|1480
|gen|9
|tier|[Gen 9] OU
|rated|
|rule|HP Percentage Mod: HP is shown in percentages
|rule|Endless Battle Clause: Forcing endless battles is banned
|rule|Species Clause: Limit one of each Pokémon
|rule|OHKO Clause: OHKO moves are banned
|rule|Evasion Items Clause: Evasion items are banned
|rule|Evasion Moves Clause: Evasion moves are banned
|rule|Evasion Abilities Clause: Evasion abilities are banned
|rule|Sleep Moves Clause: Sleep-inducing moves are banned
|clearpoke
|poke|p1|Gliscor, F|
|poke|p1|Corviknight, M|
|poke|p1|Gholdengo|
|poke|p1|Ting-Lu|
|poke|p1|Hatterene, F|
|poke|p1|Blissey, F|
|poke|p2|Araquanid, F|
|poke|p2|Primarina, F|
|poke|p2|Iron Treads|
|poke|p2|Zamazenta-*|
|poke|p2|Kyurem|
|poke|p2|Landorus-Therian, M|
|teampreview
|
|t:|1758257963
|teamsize|p1|6
|teamsize|p2|6
|start
|switch|p1a: Gliscor|Gliscor, F|100/100
|switch|p2a: Araquanid|Araquanid, F|100/100
|turn|1
|
|t:|1758257973
|-terastallize|p1a: Gliscor|Water
|move|p1a: Gliscor|Toxic|p2a: Araquanid
|-status|p2a: Araquanid|tox
|move|p2a: Araquanid|Sticky Web|p1a: Gliscor
|-sidestart|p1: jb8976|move: Sticky Web
|
|-damage|p2a: Araquanid|94/100 tox|[from] psn
|-status|p1a: Gliscor|tox|[from] item: Toxic Orb
|upkeep
|turn|2
|
|t:|1758257990
|switch|p2a: Kyurem|Kyurem|100/100
|-ability|p2a: Kyurem|Pressure
|move|p1a: Gliscor|Substitute|p1a: Gliscor
|-start|p1a: Gliscor|Substitute
|-damage|p1a: Gliscor|76/100 tox
|
|-heal|p1a: Gliscor|88/100 tox|[from] ability: Poison Heal
|upkeep
|turn|3
|
|t:|1758258000
|move|p1a: Gliscor|Toxic|p2a: Kyurem
|-status|p2a: Kyurem|tox
|move|p2a: Kyurem|Substitute|p2a: Kyurem
|-start|p2a: Kyurem|Substitute
|-damage|p2a: Kyurem|76/100 tox
|
|-heal|p2a: Kyurem|82/100 tox|[from] item: Leftovers
|-heal|p1a: Gliscor|100/100 tox|[from] ability: Poison Heal
|-damage|p2a: Kyurem|76/100 tox|[from] psn
|upkeep
|turn|4
|
|t:|1758258011
|move|p1a: Gliscor|Protect|p1a: Gliscor
|-singleturn|p1a: Gliscor|Protect
|move|p2a: Kyurem|Freeze-Dry|p1a: Gliscor
|-activate|p1a: Gliscor|move: Protect
|
|-heal|p2a: Kyurem|82/100 tox|[from] item: Leftovers
|-damage|p2a: Kyurem|69/100 tox|[from] psn
|upkeep
|turn|5
|
|t:|1758258021
|switch|p2a: Iron Treads|Iron Treads|100/100
|move|p1a: Gliscor|Earthquake|p2a: Iron Treads
|-supereffective|p2a: Iron Treads
|-damage|p2a: Iron Treads|38/100
|
|upkeep
|turn|6
|
|t:|1758258032
|move|p2a: Iron Treads|Earthquake|p1a: Gliscor
|-end|p1a: Gliscor|Substitute
|move|p1a: Gliscor|Earthquake|p2a: Iron Treads
|-supereffective|p2a: Iron Treads
|-damage|p2a: Iron Treads|0 fnt
|faint|p2a: Iron Treads
|-end|p2a: Iron Treads|Quark Drive|[silent]
|
|upkeep
|inactive|Battle timer is ON: inactive players will automatically lose when time's up. (requested by jb8976)
|
|t:|1758258056
|switch|p2a: Zamazenta|Zamazenta|100/100
|-ability|p2a: Zamazenta|Dauntless Shield|boost
|-boost|p2a: Zamazenta|def|1
|turn|7
|
|t:|1758258062
|switch|p1a: Hatterene|Hatterene, F|100/100
|-activate|p1a: Hatterene|move: Sticky Web
|-unboost|p1a: Hatterene|spe|1
|-terastallize|p2a: Zamazenta|Steel
|move|p2a: Zamazenta|Iron Defense|p2a: Zamazenta
|-boost|p2a: Zamazenta|def|2
|
|upkeep
|turn|8
|
|t:|1758258073
|switch|p1a: Corviknight|Corviknight, M|100/100
|-ability|p1a: Corviknight|Pressure
|move|p2a: Zamazenta|Iron Head|p1a: Corviknight
|-resisted|p1a: Corviknight
|-damage|p1a: Corviknight|92/100
|
|-heal|p1a: Corviknight|98/100|[from] item: Leftovers
|upkeep
|turn|9
|
|t:|1758258083
|move|p2a: Zamazenta|Body Press|p1a: Corviknight
|-crit|p1a: Corviknight
|-damage|p1a: Corviknight|6/100
|move|p1a: Corviknight|Defog|p2a: Zamazenta
|-unboost|p2a: Zamazenta|evasion|1
|-sideend|p1: jb8976|Sticky Web|[from] move: Defog|[of] p1a: Corviknight
|
|-heal|p1a: Corviknight|12/100|[from] item: Leftovers
|upkeep
|turn|10
|
|t:|1758258093
|switch|p1a: Gholdengo|Gholdengo|100/100
|move|p2a: Zamazenta|Body Press|p1a: Gholdengo
|-immune|p1a: Gholdengo
|
|upkeep
|turn|11
|
|t:|1758258103
|switch|p2a: Landorus|Landorus-Therian, M|100/100
|-ability|p2a: Landorus|Intimidate|boost
|-unboost|p1a: Gholdengo|atk|1
|move|p1a: Gholdengo|Trick|p2a: Landorus
|-activate|p1a: Gholdengo|move: Trick|[of] p2a: Landorus
|-item|p2a: Landorus|Choice Scarf|[from] move: Trick
|-item|p1a: Gholdengo|Rocky Helmet|[from] move: Trick
|
|upkeep
|turn|12
|
|t:|1758258114
|switch|p1a: Hatterene|Hatterene, F|100/100
|move|p2a: Landorus|U-turn|p1a: Hatterene
|-damage|p1a: Hatterene|82/100
|
|t:|1758258124
|switch|p2a: Araquanid|Araquanid, F|94/100 tox|[from] U-turn
|
|-heal|p2a: Araquanid|100/100 tox|[from] item: Leftovers
|-heal|p1a: Hatterene|88/100|[from] item: Leftovers
|-damage|p2a: Araquanid|94/100 tox|[from] psn
|upkeep
|turn|13
|
|t:|1758258133
|switch|p1a: Gliscor|Gliscor, F, tera:Water|100/100 tox
|move|p2a: Araquanid|Liquidation|p1a: Gliscor
|-resisted|p1a: Gliscor
|-damage|p1a: Gliscor|81/100 tox
|
|-heal|p2a: Araquanid|100/100 tox|[from] item: Leftovers
|-heal|p1a: Gliscor|93/100 tox|[from] ability: Poison Heal
|-damage|p2a: Araquanid|88/100 tox|[from] psn
|upkeep
|turn|14
|
|t:|1758258145
|switch|p1a: Hatterene|Hatterene, F|88/100
|switch|p2a: Landorus|Landorus-Therian, M|100/100
|-ability|p2a: Landorus|Intimidate|boost
|-unboost|p1a: Hatterene|atk|1
|
|-heal|p1a: Hatterene|94/100|[from] item: Leftovers
|upkeep
|turn|15
|
|t:|1758258154
|switch|p1a: Corviknight|Corviknight, M|12/100
|-ability|p1a: Corviknight|Pressure
|move|p2a: Landorus|U-turn|p1a: Corviknight
|-resisted|p1a: Corviknight
|-damage|p1a: Corviknight|9/100
|
|t:|1758258167
|switch|p2a: Kyurem|Kyurem|69/100 tox|[from] U-turn
|-ability|p2a: Kyurem|Pressure
|
|-heal|p2a: Kyurem|76/100 tox|[from] item: Leftovers
|-heal|p1a: Corviknight|16/100|[from] item: Leftovers
|-damage|p2a: Kyurem|69/100 tox|[from] psn
|upkeep
|turn|16
|
|t:|1758258176
|switch|p1a: Blissey|Blissey, F|100/100
|move|p2a: Kyurem|Freeze-Dry|p1a: Blissey
|-damage|p1a: Blissey|86/100
|
|-heal|p2a: Kyurem|76/100 tox|[from] item: Leftovers
|-heal|p1a: Blissey|92/100|[from] item: Leftovers
|-damage|p2a: Kyurem|63/100 tox|[from] psn
|upkeep
|turn|17
|
|t:|1758258193
|switch|p2a: Landorus|Landorus-Therian, M|100/100
|-ability|p2a: Landorus|Intimidate|boost
|-unboost|p1a: Blissey|atk|1
|move|p1a: Blissey|Seismic Toss|p2a: Landorus
|-damage|p2a: Landorus|74/100
|
|-heal|p1a: Blissey|98/100|[from] item: Leftovers
|upkeep
|turn|18
|
|t:|1758258203
|switch|p1a: Corviknight|Corviknight, M|16/100
|-ability|p1a: Corviknight|Pressure
|move|p2a: Landorus|Stealth Rock|p1a: Corviknight
|-sidestart|p1: jb8976|move: Stealth Rock
|
|-heal|p1a: Corviknight|22/100|[from] item: Leftovers
|upkeep
|turn|19
|
|t:|1758258211
|switch|p2a: Zamazenta|Zamazenta, tera:Steel|100/100
|move|p1a: Corviknight|Defog|p2a: Zamazenta
|-unboost|p2a: Zamazenta|evasion|1
|-sideend|p1: jb8976|Stealth Rock|[from] move: Defog|[of] p1a: Corviknight
|
|-heal|p1a: Corviknight|28/100|[from] item: Leftovers
|upkeep
|turn|20
|
|t:|1758258223
|switch|p1a: Gholdengo|Gholdengo|100/100
|move|p2a: Zamazenta|Iron Defense|p2a: Zamazenta
|-boost|p2a: Zamazenta|def|2
|
|upkeep
|turn|21
|
|t:|1758258230
|move|p2a: Zamazenta|Crunch|p1a: Gholdengo
|-supereffective|p1a: Gholdengo
|-damage|p1a: Gholdengo|54/100
|-damage|p2a: Zamazenta|84/100|[from] item: Rocky Helmet|[of] p1a: Gholdengo
|move|p1a: Gholdengo|Shadow Ball|p2a: Zamazenta
|-damage|p2a: Zamazenta|51/100
|
|-heal|p2a: Zamazenta|57/100|[from] item: Leftovers
|upkeep
|turn|22
|
|t:|1758258244
|switch|p2a: Primarina|Primarina, F|100/100
|move|p1a: Gholdengo|Shadow Ball|p2a: Primarina
|-damage|p2a: Primarina|65/100
|
|upkeep
|turn|23
|
|t:|1758258254
|switch|p1a: Blissey|Blissey, F|98/100
|move|p2a: Primarina|Surf|p1a: Blissey
|-damage|p1a: Blissey|79/100
|
|-heal|p1a: Blissey|85/100|[from] item: Leftovers
|upkeep
|turn|24
|
|t:|1758258262
|move|p2a: Primarina|Calm Mind|p2a: Primarina
|-boost|p2a: Primarina|spa|1
|-boost|p2a: Primarina|spd|1
|move|p1a: Blissey|Seismic Toss|p2a: Primarina
|-damage|p2a: Primarina|38/100
|
|-heal|p1a: Blissey|91/100|[from] item: Leftovers
|upkeep
|turn|25
|
|t:|1758258271
|move|p2a: Primarina|Calm Mind|p2a: Primarina
|-boost|p2a: Primarina|spa|1
|-boost|p2a: Primarina|spd|1
|move|p1a: Blissey|Seismic Toss|p2a: Primarina
|-damage|p2a: Primarina|10/100
|
|-heal|p1a: Blissey|98/100|[from] item: Leftovers
|upkeep
|turn|26
|-enditem|p2a: Primarina|Custap Berry|[eat]
|-activate|p2a: Primarina|item: Custap Berry|[consumed]
|
|t:|1758258280
|move|p2a: Primarina|Draining Kiss|p1a: Blissey
|-damage|p1a: Blissey|78/100
|-heal|p2a: Primarina|39/100|[from] drain|[of] p1a: Blissey
|move|p1a: Blissey|Seismic Toss|p2a: Primarina
|-damage|p2a: Primarina|11/100
|
|-heal|p1a: Blissey|84/100|[from] item: Leftovers
|upkeep
|turn|27
|
|t:|1758258291
|move|p2a: Primarina|Draining Kiss|p1a: Blissey
|-damage|p1a: Blissey|65/100
|-heal|p2a: Primarina|39/100|[from] drain|[of] p1a: Blissey
|move|p1a: Blissey|Seismic Toss|p2a: Primarina
|-damage|p2a: Primarina|11/100
|
|-heal|p1a: Blissey|72/100|[from] item: Leftovers
|upkeep
|turn|28
|
|t:|1758258300
|move|p2a: Primarina|Draining Kiss|p1a: Blissey
|-damage|p1a: Blissey|51/100
|-heal|p2a: Primarina|41/100|[from] drain|[of] p1a: Blissey
|move|p1a: Blissey|Seismic Toss|p2a: Primarina
|-damage|p2a: Primarina|14/100
|
|-heal|p1a: Blissey|57/100|[from] item: Leftovers
|upkeep
|turn|29
|
|t:|1758258309
|move|p2a: Primarina|Draining Kiss|p1a: Blissey
|-damage|p1a: Blissey|35/100
|-heal|p2a: Primarina|47/100|[from] drain|[of] p1a: Blissey
|move|p1a: Blissey|Thunder Wave|p2a: Primarina
|-status|p2a: Primarina|par
|
|-heal|p1a: Blissey|41/100|[from] item: Leftovers
|upkeep
|turn|30
|
|t:|1758258319
|move|p1a: Blissey|Seismic Toss|p2a: Primarina
|-damage|p2a: Primarina|19/100 par
|cant|p2a: Primarina|par
|
|-heal|p1a: Blissey|47/100|[from] item: Leftovers
|upkeep
|turn|31
|
|t:|1758258327
|move|p1a: Blissey|Seismic Toss|p2a: Primarina
|-damage|p2a: Primarina|0 fnt
|faint|p2a: Primarina
|
|-heal|p1a: Blissey|53/100|[from] item: Leftovers
|upkeep
|l|☆sora44
|inactive|sora44 disconnected and has a minute to reconnect!
|player|p2|
|j|☆sora44
|inactive|sora44 reconnected and has 125 seconds left.
|player|p2|sora44|102|
|inactive|sora44 has 120 seconds left.
|
|t:|1758258364
|switch|p2a: Zamazenta|Zamazenta, tera:Steel|57/100
|turn|32
|inactive|sora44 has 120 seconds left.
|inactive|jb8976 has 120 seconds left.
|inactive|jb8976 has 90 seconds left.
|inactive|jb8976 has 60 seconds left.
|inactive|jb8976 has 30 seconds left.
|inactive|jb8976 has 20 seconds left.
|inactive|jb8976 has 15 seconds left.
|inactive|jb8976 has 10 seconds left.
|inactive|jb8976 has 5 seconds left.
|-message|jb8976 lost due to inactivity.
|
|win|sora44
|raw|jb8976's rating: 1436 &rarr; <strong>1419</strong><br />(-17 for losing)
|raw|sora44's rating: 1480 &rarr; <strong>1497</strong><br />(+17 for winning)
