|j|☆Deafoman
|j|☆208yyds
|t:|1758356302
|gametype|singles
|player|p1|Deafoman|hoopster|1319
|player|p2|208yyds|101|1291
|gen|9
|tier|[Gen 9] OU
|rated|
|rule|HP Percentage Mod: HP is shown in percentages
|rule|Endless Battle Clause: Forcing endless battles is banned
|rule|Species Clause: Limit one of each Pokémon
|rule|OHKO Clause: OHKO moves are banned
|rule|Evasion Items Clause: Evasion items are banned
|rule|Evasion Moves Clause: Evasion moves are banned
|rule|Evasion Abilities Clause: Evasion abilities are banned
|rule|Sleep Moves Clause: Sleep-inducing moves are banned
|clearpoke
|poke|p1|Skeledirge, M|
|poke|p1|Empoleon, M|
|poke|p1|Kyurem|
|poke|p1|Meowscarada, M|
|poke|p1|Iron Boulder|
|poke|p1|Okidogi, M|
|poke|p2|Skeledirge, M|
|poke|p2|Scizor, M|
|poke|p2|Hatterene, F|
|poke|p2|Quaquaval, M|
|poke|p2|Zoroark-Hisui, M|
|poke|p2|Ting-Lu|
|teampreview
|
|t:|1758356313
|teamsize|p1|6
|teamsize|p2|6
|start
|switch|p1a: Okidogi|Okidogi, M|100/100
|switch|p2a: Ting-Lu|Ting-Lu|100/100
|turn|1
|inactive|Battle timer is ON: inactive players will automatically lose when time's up. (requested by 208yyds)
|
|t:|1758356324
|move|p2a: Ting-Lu|Shadow Ball|p1a: Okidogi
|-damage|p1a: Okidogi|60/100
|-unboost|p1a: Okidogi|spd|1
|move|p1a: Okidogi|Bulk Up|p1a: Okidogi
|-boost|p1a: Okidogi|atk|1
|-boost|p1a: Okidogi|def|1
|
|upkeep
|turn|2
|
|t:|1758356330
|move|p2a: Ting-Lu|Shadow Ball|p1a: Okidogi
|-damage|p1a: Okidogi|0 fnt
|faint|p1a: Okidogi
|
|upkeep
|
|t:|1758356337
|switch|p1a: Kitty Soft Paws|Meowscarada, M|100/100
|turn|3
|
|t:|1758356340
|move|p1a: Kitty Soft Paws|Knock Off|p2a: Ting-Lu
|-start|p1a: Kitty Soft Paws|typechange|Dark|[from] ability: Protean
|-supereffective|p2a: Ting-Lu
|-enditem|p2a: Ting-Lu|Focus Sash
|-damage|p2a: Ting-Lu|1/100
|replace|p2a: Zoroark|Zoroark-Hisui, M, shiny
|-end|p2a: Zoroark|Illusion
|move|p2a: Zoroark|U-turn|p1a: Kitty Soft Paws
|-supereffective|p1a: Kitty Soft Paws
|-damage|p1a: Kitty Soft Paws|59/100
|
|t:|1758356352
|switch|p2a: Scizor|Scizor, M, shiny|100/100|[from] U-turn
|
|upkeep
|turn|4
|
|t:|1758356359
|move|p1a: Kitty Soft Paws|Knock Off|p2a: Scizor
|-damage|p2a: Scizor|53/100
|-enditem|p2a: Scizor|Life Orb|[from] move: Knock Off|[of] p1a: Kitty Soft Paws
|move|p2a: Scizor|U-turn|p1a: Kitty Soft Paws
|-supereffective|p1a: Kitty Soft Paws
|-damage|p1a: Kitty Soft Paws|0 fnt
|faint|p1a: Kitty Soft Paws
|
|t:|1758356371
|switch|p2a: Ting-Lu|Ting-Lu|1/100|[from] U-turn
|
|upkeep
|
|t:|1758356381
|switch|p1a: King|Empoleon, M|100/100
|turn|5
|
|t:|1758356387
|switch|p2a: Scizor|Scizor, M, shiny|53/100
|move|p1a: King|Surf|p2a: Scizor
|-crit|p2a: Scizor
|-damage|p2a: Scizor|0 fnt
|faint|p2a: Scizor
|
|upkeep
|
|t:|1758356394
|switch|p2a: Hatterene|Hatterene, F|100/100
|turn|6
|
|t:|1758356400
|move|p1a: King|Surf|p2a: Hatterene
|-crit|p2a: Hatterene
|-damage|p2a: Hatterene|42/100
|move|p2a: Hatterene|Mystical Fire|p1a: King
|-damage|p1a: King|74/100
|-unboost|p1a: King|spa|1
|-ability|p1a: King|Competitive|boost
|-boost|p1a: King|spa|2
|
|-heal|p1a: King|81/100|[from] item: Leftovers
|upkeep
|turn|7
|
|t:|1758356408
|move|p1a: King|Surf|p2a: Hatterene
|-damage|p2a: Hatterene|0 fnt
|faint|p2a: Hatterene
|
|-heal|p1a: King|87/100|[from] item: Leftovers
|upkeep
|
|t:|1758356412
|switch|p2a: Ting-Lu|Ting-Lu|1/100
|turn|8
|
|t:|1758356416
|move|p2a: Ting-Lu|Hyper Beam|p1a: King
|-resisted|p1a: King
|-damage|p1a: King|54/100
|-mustrecharge|p2a: Ting-Lu
|move|p1a: King|Surf|p2a: Ting-Lu
|-damage|p2a: Ting-Lu|0 fnt
|replace|p2a: Zoroark|Zoroark-Hisui, M, shiny
|-end|p2a: Zoroark|Illusion
|faint|p2a: Zoroark
|
|-heal|p1a: King|60/100|[from] item: Leftovers
|upkeep
|
|t:|1758356420
|switch|p2a: Quaquaval|Quaquaval, M, shiny|100/100
|turn|9
|
|t:|1758356423
|move|p2a: Quaquaval|Aqua Step|p1a: King
|-resisted|p1a: King
|-damage|p1a: King|38/100
|-boost|p2a: Quaquaval|spe|1
|move|p1a: King|Roost|p1a: King
|-heal|p1a: King|88/100
|-singleturn|p1a: King|move: Roost
|
|-heal|p1a: King|94/100|[from] item: Leftovers
|upkeep
|turn|10
|
|t:|1758356430
|move|p2a: Quaquaval|Close Combat|p1a: King
|-supereffective|p1a: King
|-damage|p1a: King|0 fnt
|-unboost|p2a: Quaquaval|def|1
|-unboost|p2a: Quaquaval|spd|1
|faint|p1a: King
|-ability|p2a: Quaquaval|Moxie|boost
|-boost|p2a: Quaquaval|atk|1
|
|upkeep
|
|t:|1758356435
|switch|p1a: Iron Boulder|Iron Boulder|100/100
|-enditem|p1a: Iron Boulder|Booster Energy
|-activate|p1a: Iron Boulder|ability: Quark Drive|[fromitem]
|-start|p1a: Iron Boulder|quarkdrivespe
|turn|11
|
|t:|1758356438
|-terastallize|p1a: Iron Boulder|Fighting
|move|p1a: Iron Boulder|Swords Dance|p1a: Iron Boulder
|-boost|p1a: Iron Boulder|atk|2
|move|p2a: Quaquaval|Aqua Step|p1a: Iron Boulder
|-damage|p1a: Iron Boulder|14/100
|-boost|p2a: Quaquaval|spe|1
|
|upkeep
|turn|12
|
|t:|1758356446
|move|p2a: Quaquaval|Aqua Jet|p1a: Iron Boulder
|-damage|p1a: Iron Boulder|0 fnt
|faint|p1a: Iron Boulder
|-end|p1a: Iron Boulder|Quark Drive|[silent]
|-ability|p2a: Quaquaval|Moxie|boost
|-boost|p2a: Quaquaval|atk|1
|
|upkeep
|
|t:|1758356449
|switch|p1a: Kyurem|Kyurem, shiny|100/100
|-ability|p1a: Kyurem|Pressure
|turn|13
|
|t:|1758356452
|move|p2a: Quaquaval|Close Combat|p1a: Kyurem
|-supereffective|p1a: Kyurem
|-damage|p1a: Kyurem|0 fnt
|-unboost|p2a: Quaquaval|def|1
|-unboost|p2a: Quaquaval|spd|1
|faint|p1a: Kyurem
|-ability|p2a: Quaquaval|Moxie|boost
|-boost|p2a: Quaquaval|atk|1
|
|upkeep
|
|t:|1758356455
|switch|p1a: Skeledirge|Skeledirge, M|100/100
|turn|14
|c|☆Deafoman|Sum bs
|
|t:|1758356466
|move|p2a: Quaquaval|Aqua Step|p1a: Skeledirge
|-supereffective|p1a: Skeledirge
|-damage|p1a: Skeledirge|19/100
|-boost|p2a: Quaquaval|spe|1
|move|p1a: Skeledirge|Will-O-Wisp|p2a: Quaquaval
|-status|p2a: Quaquaval|brn
|
|-heal|p1a: Skeledirge|25/100|[from] item: Leftovers
|-damage|p2a: Quaquaval|94/100 brn|[from] brn
|upkeep
|turn|15
|
|t:|1758356472
|move|p2a: Quaquaval|Aqua Step|p1a: Skeledirge
|-supereffective|p1a: Skeledirge
|-damage|p1a: Skeledirge|0 fnt
|-boost|p2a: Quaquaval|spe|1
|faint|p1a: Skeledirge
|
|win|208yyds
|raw|Deafoman's rating: 1319 &rarr; <strong>1297</strong><br />(-22 for losing)
|raw|208yyds's rating: 1291 &rarr; <strong>1318</strong><br />(+27 for winning)
|l|☆Deafoman
|player|p1|
|l|☆208yyds
|player|p2|
