|j|☆Schmilkus
|j|☆k.o.bold256
|t:|1758366843
|gametype|singles
|player|p1|Schmilkus|266|1377
|player|p2|k.o.bold256|1|1430
|gen|9
|tier|[Gen 9] OU
|rated|
|rule|HP Percentage Mod: HP is shown in percentages
|rule|Endless Battle Clause: Forcing endless battles is banned
|rule|Species Clause: Limit one of each Pokémon
|rule|OHKO Clause: OHKO moves are banned
|rule|Evasion Items Clause: Evasion items are banned
|rule|Evasion Moves Clause: Evasion moves are banned
|rule|Evasion Abilities Clause: Evasion abilities are banned
|rule|Sleep Moves Clause: Sleep-inducing moves are banned
|clearpoke
|poke|p1|Garganacl, F|
|poke|p1|Sableye, M|
|poke|p1|Weezing-Galar, F|
|poke|p1|Scizor, M|
|poke|p1|Moltres|
|poke|p1|Gholdengo|
|poke|p2|Kingambit, F|
|poke|p2|Serperior, M|
|poke|p2|Smeargle, F|
|poke|p2|Hatterene, F|
|poke|p2|Rillaboom, F|
|poke|p2|Hawlucha, M|
|teampreview
|inactive|Battle timer is ON: inactive players will automatically lose when time's up. (requested by Schmilkus)
|
|t:|1758366855
|teamsize|p1|6
|teamsize|p2|6
|start
|switch|p1a: Moltres|Moltres|100/100
|switch|p2a: Smeargle|Smeargle, F|100/100
|turn|1
|
|t:|1758366866
|move|p1a: Moltres|U-turn|p2a: Smeargle
|-damage|p2a: Smeargle|67/100
|
|t:|1758366868
|switch|p1a: Scizor|Scizor, M|100/100|[from] U-turn
|move|p2a: Smeargle|Sticky Web|p1a: Scizor
|-sidestart|p1: Schmilkus|move: Sticky Web
|
|upkeep
|turn|2
|
|t:|1758366879
|move|p2a: Smeargle|Silk Trap|p2a: Smeargle
|-singleturn|p2a: Smeargle|Protect
|move|p1a: Scizor|Bullet Punch|p2a: Smeargle
|-activate|p2a: Smeargle|move: Protect
|-unboost|p1a: Scizor|spe|1
|
|upkeep
|turn|3
|
|t:|1758366896
|switch|p2a: Kingambit|Kingambit, F|100/100
|move|p1a: Scizor|Bullet Punch|p2a: Kingambit
|-resisted|p2a: Kingambit
|-damage|p2a: Kingambit|83/100
|
|upkeep
|turn|4
|
|t:|1758366904
|switch|p1a: Moltres|Moltres|100/100
|move|p2a: Kingambit|Iron Head|p1a: Moltres
|-resisted|p1a: Moltres
|-damage|p1a: Moltres|78/100
|
|upkeep
|turn|5
|
|t:|1758366913
|switch|p2a: Hatterene|Hatterene, F|100/100
|move|p1a: Moltres|Flamethrower|p2a: Hatterene
|-damage|p2a: Hatterene|61/100
|
|upkeep
|turn|6
|
|t:|1758366918
|move|p1a: Moltres|U-turn|p2a: Hatterene
|-crit|p2a: Hatterene
|-damage|p2a: Hatterene|36/100
|
|t:|1758366925
|switch|p1a: Weezing|Weezing-Galar, F|100/100|[from] U-turn
|-ability|p1a: Weezing|Neutralizing Gas
|-activate|p1a: Weezing|move: Sticky Web
|-unboost|p1a: Weezing|spe|1
|move|p2a: Hatterene|Psychic Noise|p1a: Weezing
|-supereffective|p1a: Weezing
|-damage|p1a: Weezing|0 fnt
|faint|p1a: Weezing
|-end|p1a: Weezing|ability: Neutralizing Gas
|
|upkeep
|
|t:|1758366933
|switch|p1a: Scizor|Scizor, M|100/100
|-activate|p1a: Scizor|move: Sticky Web
|-unboost|p1a: Scizor|spe|1
|turn|7
|
|t:|1758366940
|switch|p2a: Rillaboom|Rillaboom, F|100/100
|-fieldstart|move: Grassy Terrain|[from] ability: Grassy Surge|[of] p2a: Rillaboom
|move|p1a: Scizor|U-turn|p2a: Rillaboom
|-supereffective|p2a: Rillaboom
|-damage|p2a: Rillaboom|0 fnt
|faint|p2a: Rillaboom
|
|t:|1758366948
|switch|p1a: Gholdengo|Gholdengo|100/100|[from] U-turn
|-activate|p1a: Gholdengo|move: Sticky Web
|-unboost|p1a: Gholdengo|spe|1
|
|upkeep
|
|t:|1758366958
|switch|p2a: Smeargle|Smeargle, F|67/100
|turn|8
|
|t:|1758366963
|move|p1a: Gholdengo|Make It Rain|p2a: Smeargle
|-damage|p2a: Smeargle|0 fnt
|-unboost|p1a: Gholdengo|spa|1
|faint|p2a: Smeargle
|
|upkeep
|
|t:|1758366990
|switch|p2a: Hawlucha|Hawlucha, M|100/100
|-enditem|p2a: Hawlucha|Grassy Seed
|-boost|p2a: Hawlucha|def|1|[from] item: Grassy Seed
|turn|9
|
|t:|1758366994
|switch|p1a: Sableye|Sableye, M|100/100
|-activate|p1a: Sableye|move: Sticky Web
|-unboost|p1a: Sableye|spe|1
|move|p2a: Hawlucha|Swords Dance|p2a: Hawlucha
|-boost|p2a: Hawlucha|atk|2
|
|upkeep
|turn|10
|
|t:|1758367000
|move|p1a: Sableye|Encore|p2a: Hawlucha
|-start|p2a: Hawlucha|Encore
|move|p2a: Hawlucha|Swords Dance|p2a: Hawlucha
|-boost|p2a: Hawlucha|atk|2
|
|upkeep
|turn|11
|
|t:|1758367004
|switch|p2a: Serperior|Serperior, M|100/100
|move|p1a: Sableye|Thunder Wave|p2a: Serperior|[miss]
|-miss|p1a: Sableye|p2a: Serperior
|
|upkeep
|turn|12
|
|t:|1758367008
|move|p1a: Sableye|Thunder Wave|p2a: Serperior
|-status|p2a: Serperior|par
|cant|p2a: Serperior|par
|
|upkeep
|turn|13
|-message|k.o.bold256 forfeited.
|
|win|Schmilkus
|raw|Schmilkus's rating: 1377 &rarr; <strong>1400</strong><br />(+23 for winning)
|raw|k.o.bold256's rating: 1430 &rarr; <strong>1407</strong><br />(-23 for losing)
|l|☆k.o.bold256
|player|p2|
|l|☆Schmilkus
|player|p1|
