|j|☆Magicant13
|j|☆hbiuhxuew
|t:|1758258464
|gametype|singles
|player|p1|Magicant13|plasmagruntf|1234
|player|p2|hbiuhxuew|266|1242
|gen|9
|tier|[Gen 9] OU
|rated|
|rule|HP Percentage Mod: HP is shown in percentages
|rule|Endless Battle Clause: Forcing endless battles is banned
|rule|Species Clause: Limit one of each Pokémon
|rule|OHKO Clause: OHKO moves are banned
|rule|Evasion Items Clause: Evasion items are banned
|rule|Evasion Moves Clause: Evasion moves are banned
|rule|Evasion Abilities Clause: Evasion abilities are banned
|rule|Sleep Moves Clause: Sleep-inducing moves are banned
|clearpoke
|poke|p1|Trevenant, M|
|poke|p1|Araquanid, M|
|poke|p1|Porygon-Z|
|poke|p1|Slowking-Galar, F|
|poke|p1|Moltres|
|poke|p1|Garganacl, M|
|poke|p2|Primarina, F|
|poke|p2|Great Tusk|
|poke|p2|Corviknight, M|
|poke|p2|Rillaboom, F|
|poke|p2|Kyurem|
|poke|p2|Ceruledge, M|
|teampreview
|inactive|Battle timer is ON: inactive players will automatically lose when time's up. (requested by hbiuhxuew)
|
|t:|1758258475
|teamsize|p1|6
|teamsize|p2|6
|start
|switch|p1a: Araquanid|Araquanid, M, shiny|100/100
|switch|p2a: Kyurem|Kyurem|100/100
|-ability|p2a: Kyurem|Pressure
|turn|1
|
|t:|1758258481
|switch|p1a: Slowking|Slowking-Galar, F|100/100
|move|p2a: Kyurem|Freeze-Dry|p1a: Slowking
|-damage|p1a: Slowking|79/100
|
|upkeep
|turn|2
|
|t:|1758258489
|switch|p2a: Corviknight|Corviknight, M|100/100
|-ability|p2a: Corviknight|Pressure
|move|p1a: Slowking|Toxic Spikes|p2a: Corviknight
|-sidestart|p2: hbiuhxuew|move: Toxic Spikes
|
|upkeep
|turn|3
|
|t:|1758258502
|move|p2a: Corviknight|Brave Bird|p1a: Slowking
|-damage|p1a: Slowking|44/100
|-damage|p2a: Corviknight|89/100|[from] Recoil
|move|p1a: Slowking|Future Sight|p2a: Corviknight
|-start|p1a: Slowking|move: Future Sight
|
|-heal|p2a: Corviknight|95/100|[from] item: Leftovers
|upkeep
|turn|4
|
|t:|1758258511
|move|p2a: Corviknight|Defog|p1a: Slowking
|-unboost|p1a: Slowking|evasion|1
|-sideend|p2: hbiuhxuew|Toxic Spikes|[from] move: Defog|[of] p2a: Corviknight
|-prepare|p1a: Slowking|Chilly Reception|[premajor]
|move|p1a: Slowking|Chilly Reception|p1a: Slowking
|-weather|Snowscape
|
|t:|1758258512
|switch|p1a: Porygon-Z|Porygon-Z, shiny|100/100|[from] Chilly Reception
|
|-weather|Snowscape|[upkeep]
|-heal|p2a: Corviknight|100/100|[from] item: Leftovers
|upkeep
|turn|5
|
|t:|1758258524
|switch|p2a: Ceruledge|Ceruledge, M|100/100
|move|p1a: Porygon-Z|Trick|p2a: Ceruledge
|-activate|p1a: Porygon-Z|move: Trick|[of] p2a: Ceruledge
|-item|p2a: Ceruledge|Choice Specs|[from] move: Trick
|-item|p1a: Porygon-Z|Covert Cloak|[from] move: Trick
|
|-weather|Snowscape|[upkeep]
|-end|p2a: Ceruledge|move: Future Sight
|-damage|p2a: Ceruledge|68/100
|upkeep
|turn|6
|
|t:|1758258534
|move|p1a: Porygon-Z|Dark Pulse|p2a: Ceruledge
|-supereffective|p2a: Ceruledge
|-damage|p2a: Ceruledge|21/100
|cant|p2a: Ceruledge|flinch
|
|-weather|Snowscape|[upkeep]
|upkeep
|turn|7
|
|t:|1758258540
|move|p1a: Porygon-Z|Dark Pulse|p2a: Ceruledge
|-supereffective|p2a: Ceruledge
|-damage|p2a: Ceruledge|0 fnt
|faint|p2a: Ceruledge
|
|-weather|Snowscape|[upkeep]
|upkeep
|
|t:|1758258551
|switch|p2a: Primarina|Primarina, F|100/100
|turn|8
|
|t:|1758258555
|move|p1a: Porygon-Z|Nasty Plot|p1a: Porygon-Z
|-boost|p1a: Porygon-Z|spa|2
|move|p2a: Primarina|Calm Mind|p2a: Primarina
|-boost|p2a: Primarina|spa|1
|-boost|p2a: Primarina|spd|1
|
|-weather|none
|upkeep
|turn|9
|
|t:|1758258562
|move|p1a: Porygon-Z|Tera Blast|p2a: Primarina
|-damage|p2a: Primarina|35/100
|move|p2a: Primarina|Draining Kiss|p1a: Porygon-Z
|-damage|p1a: Porygon-Z|56/100
|-heal|p2a: Primarina|63/100|[from] drain|[of] p1a: Porygon-Z
|
|-heal|p2a: Primarina|69/100|[from] item: Leftovers
|upkeep
|turn|10
|
|t:|1758258570
|move|p1a: Porygon-Z|Tera Blast|p2a: Primarina
|-damage|p2a: Primarina|4/100
|move|p2a: Primarina|Draining Kiss|p1a: Porygon-Z
|-crit|p1a: Porygon-Z
|-damage|p1a: Porygon-Z|0 fnt
|-heal|p2a: Primarina|40/100|[from] drain|[of] p1a: Porygon-Z
|faint|p1a: Porygon-Z
|
|-heal|p2a: Primarina|46/100|[from] item: Leftovers
|upkeep
|
|t:|1758258575
|switch|p1a: The Taking Tree|Trevenant, M, shiny|100/100
|turn|11
|
|t:|1758258583
|-terastallize|p2a: Primarina|Steel
|move|p1a: The Taking Tree|Substitute|p1a: The Taking Tree
|-start|p1a: The Taking Tree|Substitute
|-damage|p1a: The Taking Tree|75/100
|move|p2a: Primarina|Substitute|p2a: Primarina
|-start|p2a: Primarina|Substitute
|-damage|p2a: Primarina|21/100
|
|-heal|p2a: Primarina|27/100|[from] item: Leftovers
|upkeep
|turn|12
|
|t:|1758258590
|move|p1a: The Taking Tree|Poltergeist|p2a: Primarina
|-activate|p2a: Primarina|move: Poltergeist|Leftovers
|-end|p2a: Primarina|Substitute
|move|p2a: Primarina|Calm Mind|p2a: Primarina
|-boost|p2a: Primarina|spa|1
|-boost|p2a: Primarina|spd|1
|
|-heal|p2a: Primarina|33/100|[from] item: Leftovers
|upkeep
|turn|13
|
|t:|1758258600
|move|p1a: The Taking Tree|Poltergeist|p2a: Primarina
|-activate|p2a: Primarina|move: Poltergeist|Leftovers
|-damage|p2a: Primarina|0 fnt
|faint|p2a: Primarina
|
|upkeep
|
|t:|1758258608
|switch|p2a: Kyurem|Kyurem|100/100
|-ability|p2a: Kyurem|Pressure
|turn|14
|
|t:|1758258613
|move|p2a: Kyurem|Ice Beam|p1a: The Taking Tree
|-supereffective|p1a: The Taking Tree
|-end|p1a: The Taking Tree|Substitute
|move|p1a: The Taking Tree|Leech Seed|p2a: Kyurem
|-start|p2a: Kyurem|move: Leech Seed
|
|-damage|p2a: Kyurem|88/100|[from] Leech Seed|[of] p1a: The Taking Tree
|-heal|p1a: The Taking Tree|88/100|[silent]
|upkeep
|turn|15
|
|t:|1758258622
|switch|p1a: Slowking|Slowking-Galar, F|77/100
|move|p2a: Kyurem|Draco Meteor|p1a: Slowking
|-damage|p1a: Slowking|38/100
|-unboost|p2a: Kyurem|spa|2
|
|-damage|p2a: Kyurem|76/100|[from] Leech Seed|[of] p1a: Slowking
|-heal|p1a: Slowking|50/100|[silent]
|upkeep
|turn|16
|
|t:|1758258631
|switch|p2a: Great Tusk|Great Tusk|100/100
|-prepare|p1a: Slowking|Chilly Reception|[premajor]
|move|p1a: Slowking|Chilly Reception|p1a: Slowking
|-weather|Snowscape
|
|t:|1758258633
|switch|p1a: Araquanid|Araquanid, M, shiny|100/100|[from] Chilly Reception
|
|-weather|Snowscape|[upkeep]
|upkeep
|turn|17
|
|t:|1758258640
|-terastallize|p1a: Araquanid|Water
|move|p2a: Great Tusk|Stealth Rock|p1a: Araquanid
|-sidestart|p1: Magicant13|move: Stealth Rock
|move|p1a: Araquanid|Liquidation|p2a: Great Tusk
|-supereffective|p2a: Great Tusk
|-damage|p2a: Great Tusk|0 fnt
|faint|p2a: Great Tusk
|-end|p2a: Great Tusk|Protosynthesis|[silent]
|
|-weather|Snowscape|[upkeep]
|upkeep
|
|t:|1758258649
|switch|p2a: Kyurem|Kyurem|76/100
|-ability|p2a: Kyurem|Pressure
|turn|18
|
|t:|1758258658
|move|p2a: Kyurem|Earth Power|p1a: Araquanid
|-damage|p1a: Araquanid|77/100
|-unboost|p1a: Araquanid|spd|1
|move|p1a: Araquanid|Liquidation|p2a: Kyurem
|-resisted|p2a: Kyurem
|-crit|p2a: Kyurem
|-damage|p2a: Kyurem|13/100
|
|-weather|Snowscape|[upkeep]
|upkeep
|turn|19
|
|t:|1758258666
|move|p2a: Kyurem|Freeze-Dry|p1a: Araquanid
|-supereffective|p1a: Araquanid
|-damage|p1a: Araquanid|0 fnt
|faint|p1a: Araquanid
|
|-weather|Snowscape|[upkeep]
|upkeep
|
|t:|1758258671
|switch|p1a: Garganacl|Garganacl, M|100/100
|-damage|p1a: Garganacl|88/100|[from] Stealth Rock
|turn|20
|
|t:|1758258676
|move|p2a: Kyurem|Earth Power|p1a: Garganacl
|-supereffective|p1a: Garganacl
|-damage|p1a: Garganacl|46/100
|move|p1a: Garganacl|Stealth Rock|p2a: Kyurem
|-sidestart|p2: hbiuhxuew|move: Stealth Rock
|
|-weather|none
|-heal|p1a: Garganacl|52/100|[from] item: Leftovers
|upkeep
|turn|21
|
|t:|1758258683
|move|p1a: Garganacl|Protect|p1a: Garganacl
|-singleturn|p1a: Garganacl|Protect
|move|p2a: Kyurem|Earth Power|p1a: Garganacl
|-activate|p1a: Garganacl|move: Protect
|
|-heal|p1a: Garganacl|58/100|[from] item: Leftovers
|upkeep
|turn|22
|
|t:|1758258692
|move|p2a: Kyurem|Earth Power|p1a: Garganacl
|-supereffective|p1a: Garganacl
|-damage|p1a: Garganacl|13/100
|move|p1a: Garganacl|Salt Cure|p2a: Kyurem
|-supereffective|p2a: Kyurem
|-damage|p2a: Kyurem|0 fnt
|faint|p2a: Kyurem
|
|-heal|p1a: Garganacl|19/100|[from] item: Leftovers
|upkeep
|
|t:|1758258702
|switch|p2a: Corviknight|Corviknight, M|100/100
|-damage|p2a: Corviknight|88/100|[from] Stealth Rock
|-ability|p2a: Corviknight|Pressure
|turn|23
|
|t:|1758258709
|move|p2a: Corviknight|Defog|p1a: Garganacl
|-unboost|p1a: Garganacl|evasion|1
|-sideend|p1: Magicant13|Stealth Rock|[from] move: Defog|[of] p2a: Corviknight
|-sideend|p2: hbiuhxuew|Stealth Rock|[from] move: Defog|[of] p2a: Corviknight
|move|p1a: Garganacl|Salt Cure|p2a: Corviknight
|-damage|p2a: Corviknight|79/100
|-start|p2a: Corviknight|Salt Cure
|
|-heal|p2a: Corviknight|85/100|[from] item: Leftovers
|-heal|p1a: Garganacl|25/100|[from] item: Leftovers
|-damage|p2a: Corviknight|60/100|[from] Salt Cure
|upkeep
|turn|24
|
|t:|1758258718
|switch|p2a: Rillaboom|Rillaboom, F|100/100
|-fieldstart|move: Grassy Terrain|[from] ability: Grassy Surge|[of] p2a: Rillaboom
|move|p1a: Garganacl|Protect||[still]
|-fail|p1a: Garganacl
|
|-heal|p1a: Garganacl|31/100|[from] Grassy Terrain
|-heal|p1a: Garganacl|38/100|[from] item: Leftovers
|upkeep
|turn|25
|
|t:|1758258729
|move|p1a: Garganacl|Protect|p1a: Garganacl
|-singleturn|p1a: Garganacl|Protect
|move|p2a: Rillaboom|Wood Hammer|p1a: Garganacl
|-activate|p1a: Garganacl|move: Protect
|
|-heal|p1a: Garganacl|44/100|[from] Grassy Terrain
|-heal|p1a: Garganacl|50/100|[from] item: Leftovers
|upkeep
|turn|26
|
|t:|1758258736
|switch|p1a: Moltres|Moltres, shiny|100/100
|move|p2a: Rillaboom|Wood Hammer|p1a: Moltres
|-resisted|p1a: Moltres
|-damage|p1a: Moltres|80/100
|-damage|p2a: Rillaboom|93/100|[from] Recoil
|
|-heal|p2a: Rillaboom|99/100|[from] Grassy Terrain
|upkeep
|turn|27
|-message|hbiuhxuew forfeited.
|
|win|Magicant13
|raw|Magicant13's rating: 1234 &rarr; <strong>1260</strong><br />(+26 for winning)
|raw|hbiuhxuew's rating: 1242 &rarr; <strong>1216</strong><br />(-26 for losing)
|l|☆hbiuhxuew
|player|p2|
|l|☆Magicant13
|player|p1|
