|j|☆zachimations
|j|☆Saturation1
|t:|1758242713
|gametype|singles
|player|p1|zachimations|sordward|1543
|player|p2|Saturation1|brock|1538
|gen|9
|tier|[Gen 9] OU
|rated|
|rule|HP Percentage Mod: HP is shown in percentages
|rule|Endless Battle Clause: Forcing endless battles is banned
|rule|Species Clause: Limit one of each Pokémon
|rule|OHKO Clause: OHKO moves are banned
|rule|Evasion Items Clause: Evasion items are banned
|rule|Evasion Moves Clause: Evasion moves are banned
|rule|Evasion Abilities Clause: Evasion abilities are banned
|rule|Sleep Moves Clause: Sleep-inducing moves are banned
|clearpoke
|poke|p1|Deoxys-Speed|
|poke|p1|Great Tusk|
|poke|p1|Dragonite, M|
|poke|p1|Kingambit, M|
|poke|p1|Primarina, M|
|poke|p1|Raging Bolt|
|poke|p2|Pecharunt|
|poke|p2|Great Tusk|
|poke|p2|Ogerpon-Wellspring, F|
|poke|p2|Iron Crown|
|poke|p2|Landorus-Therian, M|
|poke|p2|Samurott-Hisui, F|
|teampreview
|inactive|Battle timer is ON: inactive players will automatically lose when time's up. (requested by zachimations)
|
|t:|1758242734
|teamsize|p1|6
|teamsize|p2|6
|start
|switch|p1a: Wembanyama|Deoxys-Speed|100/100
|switch|p2a: Samurott|Samurott-Hisui, F|100/100
|-ability|p1a: Wembanyama|Pressure
|turn|1
|
|t:|1758242741
|move|p1a: Wembanyama|Superpower|p2a: Samurott
|-supereffective|p2a: Samurott
|-damage|p2a: Samurott|34/100
|-unboost|p1a: Wembanyama|atk|1
|-unboost|p1a: Wembanyama|def|1
|move|p2a: Samurott|Ceaseless Edge|p1a: Wembanyama|[miss]
|-miss|p2a: Samurott|p1a: Wembanyama
|
|upkeep
|turn|2
|
|t:|1758242752
|move|p1a: Wembanyama|Superpower|p2a: Samurott
|-supereffective|p2a: Samurott
|-damage|p2a: Samurott|0 fnt
|-unboost|p1a: Wembanyama|atk|1
|-unboost|p1a: Wembanyama|def|1
|faint|p2a: Samurott
|
|upkeep
|
|t:|1758242756
|switch|p2a: Landorus|Landorus-Therian, M|100/100
|-ability|p2a: Landorus|Intimidate|boost
|-unboost|p1a: Wembanyama|atk|1
|turn|3
|
|t:|1758242761
|move|p1a: Wembanyama|Stealth Rock|p2a: Landorus
|-sidestart|p2: Saturation1|move: Stealth Rock
|move|p2a: Landorus|U-turn|p1a: Wembanyama
|-supereffective|p1a: Wembanyama
|-damage|p1a: Wembanyama|0 fnt
|faint|p1a: Wembanyama
|
|t:|1758242767
|switch|p2a: Great Tusk|Great Tusk|100/100|[from] U-turn
|-damage|p2a: Great Tusk|98/100|[from] Stealth Rock
|-enditem|p2a: Great Tusk|Booster Energy
|-activate|p2a: Great Tusk|ability: Protosynthesis|[fromitem]
|-start|p2a: Great Tusk|protosynthesisspe
|
|upkeep
|
|t:|1758242775
|switch|p1a: DONT TAP THE GLASS|Primarina, M|100/100
|turn|4
|
|t:|1758242783
|move|p2a: Great Tusk|Rapid Spin|p1a: DONT TAP THE GLASS
|-damage|p1a: DONT TAP THE GLASS|80/100
|-boost|p2a: Great Tusk|spe|1
|-sideend|p2: Saturation1|Stealth Rock|[from] move: Rapid Spin|[of] p2a: Great Tusk
|move|p1a: DONT TAP THE GLASS|Moonblast|p2a: Great Tusk
|-supereffective|p2a: Great Tusk
|-damage|p2a: Great Tusk|0 fnt
|faint|p2a: Great Tusk
|-end|p2a: Great Tusk|Protosynthesis|[silent]
|
|upkeep
|
|t:|1758242787
|switch|p2a: Iron Crown|Iron Crown|100/100
|turn|5
|inactive|zachimations has 120 seconds left.
|
|t:|1758242821
|switch|p1a: Lalesa|Raging Bolt|100/100
|-enditem|p1a: Lalesa|Booster Energy
|-activate|p1a: Lalesa|ability: Protosynthesis|[fromitem]
|-start|p1a: Lalesa|protosynthesisspa
|move|p2a: Iron Crown|Tachyon Cutter|p1a: Lalesa
|-resisted|p1a: Lalesa
|-damage|p1a: Lalesa|83/100
|-resisted|p1a: Lalesa
|-crit|p1a: Lalesa
|-damage|p1a: Lalesa|58/100
|-hitcount|p1a: Lalesa|2
|
|upkeep
|turn|6
|inactive|zachimations has 120 seconds left.
|
|t:|1758242855
|-end|p2a: Iron Crown|Quark Drive|[silent]
|switch|p2a: Landorus|Landorus-Therian, M|100/100
|-ability|p2a: Landorus|Intimidate|boost
|-unboost|p1a: Lalesa|atk|1
|move|p1a: Lalesa|Dragon Pulse|p2a: Landorus
|-damage|p2a: Landorus|18/100
|
|upkeep
|turn|7
|inactive|zachimations has 90 seconds left.
|
|t:|1758242882
|-end|p1a: Lalesa|Protosynthesis|[silent]
|switch|p1a: DONT TAP THE GLASS|Primarina, M|80/100
|move|p2a: Landorus|Earthquake|p1a: DONT TAP THE GLASS
|-damage|p1a: DONT TAP THE GLASS|0 fnt
|faint|p1a: DONT TAP THE GLASS
|
|upkeep
|inactive|zachimations has 60 seconds left.
|
|t:|1758242919
|switch|p1a: Imagine Dragun|Dragonite, M|100/100
|turn|8
|
|t:|1758242923
|switch|p2a: Pecharunt|Pecharunt|100/100
|move|p1a: Imagine Dragun|Dragon Dance|p1a: Imagine Dragun
|-boost|p1a: Imagine Dragun|atk|1
|-boost|p1a: Imagine Dragun|spe|1
|
|upkeep
|turn|9
|inactive|zachimations has 60 seconds left.
|
|t:|1758242939
|-terastallize|p2a: Pecharunt|Dark
|move|p1a: Imagine Dragun|Dragon Dance|p1a: Imagine Dragun
|-boost|p1a: Imagine Dragun|atk|1
|-boost|p1a: Imagine Dragun|spe|1
|move|p2a: Pecharunt|Malignant Chain|p1a: Imagine Dragun
|-damage|p1a: Imagine Dragun|84/100
|
|upkeep
|turn|10
|inactive|zachimations has 60 seconds left.
|
|t:|1758242949
|move|p1a: Imagine Dragun|Scale Shot|p2a: Pecharunt|[miss]
|-miss|p1a: Imagine Dragun|p2a: Pecharunt
|move|p2a: Pecharunt|Foul Play|p1a: Imagine Dragun
|-damage|p1a: Imagine Dragun|0 fnt
|faint|p1a: Imagine Dragun
|
|upkeep
|inactive|zachimations has 60 seconds left.
|
|t:|1758242975
|switch|p1a: Lalesa|Raging Bolt|58/100
|turn|11
|
|t:|1758242979
|move|p1a: Lalesa|Dragon Pulse|p2a: Pecharunt
|-damage|p2a: Pecharunt|46/100
|move|p2a: Pecharunt|Malignant Chain|p1a: Lalesa
|-damage|p1a: Lalesa|27/100
|-status|p1a: Lalesa|tox
|-start|p1a: Lalesa|confusion|[from] ability: Poison Puppeteer|[of] p2a: Pecharunt
|
|-damage|p1a: Lalesa|21/100 tox|[from] psn
|upkeep
|turn|12
|c|☆zachimations|bruh
|
|t:|1758242989
|-activate|p1a: Lalesa|confusion
|move|p1a: Lalesa|Dragon Pulse|p2a: Pecharunt
|-damage|p2a: Pecharunt|0 fnt
|faint|p2a: Pecharunt
|
|-damage|p1a: Lalesa|9/100 tox|[from] psn
|upkeep
|
|t:|1758242993
|switch|p2a: Landorus|Landorus-Therian, M|18/100
|-ability|p2a: Landorus|Intimidate|boost
|-unboost|p1a: Lalesa|atk|1
|turn|13
|inactive|zachimations has 60 seconds left.
|
|t:|1758243016
|move|p2a: Landorus|U-turn|p1a: Lalesa
|-damage|p1a: Lalesa|0 fnt
|faint|p1a: Lalesa
|-end|p1a: Lalesa|Protosynthesis|[silent]
|
|t:|1758243019
|switch|p2a: Ogerpon|Ogerpon-Wellspring, F|100/100|[from] U-turn
|
|upkeep
|
|t:|1758243025
|switch|p1a: Pawnhub Premium|Kingambit, M|100/100
|-activate|p1a: Pawnhub Premium|ability: Supreme Overlord
|-start|p1a: Pawnhub Premium|fallen4|[silent]
|turn|14
|
|t:|1758243030
|move|p2a: Ogerpon|Swords Dance|p2a: Ogerpon
|-boost|p2a: Ogerpon|atk|2
|move|p1a: Pawnhub Premium|Kowtow Cleave|p2a: Ogerpon
|-damage|p2a: Ogerpon|33/100
|
|upkeep
|turn|15
|
|t:|1758243039
|move|p2a: Ogerpon|Synthesis|p2a: Ogerpon
|-heal|p2a: Ogerpon|83/100
|move|p1a: Pawnhub Premium|Kowtow Cleave|p2a: Ogerpon
|-damage|p2a: Ogerpon|20/100
|
|upkeep
|turn|16
|
|t:|1758243045
|move|p2a: Ogerpon|Ivy Cudgel|p1a: Pawnhub Premium|[anim] Ivy Cudgel Water
|-damage|p1a: Pawnhub Premium|10/100
|move|p1a: Pawnhub Premium|Kowtow Cleave|p2a: Ogerpon
|-damage|p2a: Ogerpon|0 fnt
|faint|p2a: Ogerpon
|
|-heal|p1a: Pawnhub Premium|16/100|[from] item: Leftovers
|upkeep
|
|t:|1758243053
|switch|p2a: Iron Crown|Iron Crown|100/100
|turn|17
|
|t:|1758243057
|move|p1a: Pawnhub Premium|Sucker Punch|p2a: Iron Crown
|-supereffective|p2a: Iron Crown
|-damage|p2a: Iron Crown|0 fnt
|faint|p2a: Iron Crown
|-end|p2a: Iron Crown|Quark Drive|[silent]
|
|-heal|p1a: Pawnhub Premium|22/100|[from] item: Leftovers
|upkeep
|
|t:|1758243060
|switch|p2a: Landorus|Landorus-Therian, M|18/100
|-ability|p2a: Landorus|Intimidate|boost
|-unboost|p1a: Pawnhub Premium|atk|1
|turn|18
|
|t:|1758243062
|move|p1a: Pawnhub Premium|Sucker Punch|p2a: Landorus
|-damage|p2a: Landorus|0 fnt
|faint|p2a: Landorus
|
|win|zachimations
|raw|zachimations's rating: 1543 &rarr; <strong>1563</strong><br />(+20 for winning)
|raw|Saturation1's rating: 1538 &rarr; <strong>1518</strong><br />(-20 for losing)
|l|☆Saturation1
|player|p2|
