|j|☆wiggilydiggily
|j|☆ohkopon
|inactive|Battle timer is ON: inactive players will automatically lose when time's up.
|t:|1758311931
|gametype|singles
|player|p1|wiggilydiggily|170|
|player|p2|ohkopon|sabi|
|gen|9
|tier|[Gen 9] OU
|rated|Tournament battle
|rule|HP Percentage Mod: HP is shown in percentages
|rule|Endless Battle Clause: Forcing endless battles is banned
|rule|Species Clause: Limit one of each Pokémon
|rule|OHKO Clause: OHKO moves are banned
|rule|Evasion Items Clause: Evasion items are banned
|rule|Evasion Moves Clause: Evasion moves are banned
|rule|Evasion Abilities Clause: Evasion abilities are banned
|rule|Sleep Moves Clause: Sleep-inducing moves are banned
|clearpoke
|poke|p1|Ribombee, M|
|poke|p1|Gholdengo|
|poke|p1|Kingambit, M|
|poke|p1|Great Tusk|
|poke|p1|Enamorus, F|
|poke|p1|Landorus-Therian, M|
|poke|p2|Ogerpon-Wellspring, F|
|poke|p2|Slowking-Galar, M|
|poke|p2|Hydrapple, M|
|poke|p2|Moltres|
|poke|p2|Tyranitar, F|
|poke|p2|Excadrill, F|
|teampreview
|inactive|ohkopon also wants the timer to be on.
|c|☆ohkopon|hf
|c|☆wiggilydiggily|utoo
|j| maoboi
|j| leaveher
|
|t:|1758311953
|teamsize|p1|6
|teamsize|p2|6
|start
|switch|p1a: Mosquito|Ribombee, M|100/100
|switch|p2a: nothing good|Moltres|100/100
|turn|1
|j| glowingrobot
|
|t:|1758311963
|move|p1a: Mosquito|Sticky Web|p2a: nothing good
|-sidestart|p2: ohkopon|move: Sticky Web
|move|p2a: nothing good|Flamethrower|p1a: Mosquito
|-supereffective|p1a: Mosquito
|-enditem|p1a: Mosquito|Focus Sash
|-damage|p1a: Mosquito|1/100
|
|upkeep
|turn|2
|
|t:|1758311974
|switch|p2a: egomaniac|Ogerpon-Wellspring, F|100/100
|-activate|p2a: egomaniac|move: Sticky Web
|-unboost|p2a: egomaniac|spe|1
|move|p1a: Mosquito|Psychic Noise|p2a: egomaniac
|-damage|p2a: egomaniac|78/100
|-start|p2a: egomaniac|move: Heal Block
|
|upkeep
|turn|3
|
|t:|1758311978
|move|p1a: Mosquito|Moonblast|p2a: egomaniac
|-damage|p2a: egomaniac|34/100
|move|p2a: egomaniac|Ivy Cudgel|p1a: Mosquito|[anim] Ivy Cudgel Water
|-damage|p1a: Mosquito|0 fnt
|faint|p1a: Mosquito
|
|-end|p2a: egomaniac|move: Heal Block
|upkeep
|c| leaveher|yo ohkopon is that a forum team or did you build it
|c|☆ohkopon|i built it
|c|☆ohkopon|why?
|j| 21stCenturyB0y
|c| leaveher|i was gonna ask for the paste it looks sick
|j| 2009 ben gordon
|inactive|wiggilydiggily has 120 seconds left.
|
|t:|1758312012
|switch|p1a: Landorus|Landorus-Therian, M|100/100
|-ability|p1a: Landorus|Intimidate|boost
|-unboost|p2a: egomaniac|atk|1
|turn|4
|c|☆ohkopon|i'll send it after the tour
|c| leaveher|kk appreciate it
|inactive|ohkopon has 120 seconds left.
|
|t:|1758312048
|-terastallize|p1a: Landorus|Flying
|move|p1a: Landorus|Tera Blast|p2a: egomaniac|[anim] Tera Blast Flying
|-supereffective|p2a: egomaniac
|-damage|p2a: egomaniac|0 fnt
|faint|p2a: egomaniac
|
|upkeep
|
|t:|1758312054
|switch|p2a: just a hit|Tyranitar, F|100/100
|-activate|p2a: just a hit|move: Sticky Web
|-unboost|p2a: just a hit|spe|1
|-weather|Sandstorm|[from] ability: Sand Stream|[of] p2a: just a hit
|turn|5
|inactive|ohkopon has 120 seconds left.
|j| amefurikoneko
|
|t:|1758312085
|switch|p1a: Kingambit|Kingambit, M|100/100
|-activate|p1a: Kingambit|ability: Supreme Overlord
|-start|p1a: Kingambit|fallen1|[silent]
|-terastallize|p2a: just a hit|Flying
|move|p2a: just a hit|Knock Off|p1a: Kingambit
|-resisted|p1a: Kingambit
|-damage|p1a: Kingambit|81/100
|-enditem|p1a: Kingambit|Black Glasses|[from] move: Knock Off|[of] p2a: just a hit
|
|-weather|Sandstorm|[upkeep]
|-damage|p2a: just a hit|94/100|[from] Sandstorm
|upkeep
|turn|6
|l| amefurikoneko
|l| 2009 ben gordon
|inactive|wiggilydiggily has 120 seconds left.
|
|t:|1758312100
|-end|p1a: Kingambit|fallen1|[silent]
|switch|p1a: Landorus|Landorus-Therian, M, tera:Flying|100/100
|-ability|p1a: Landorus|Intimidate|boost
|-unboost|p2a: just a hit|atk|1
|switch|p2a: nothing good|Moltres|100/100
|
|-weather|Sandstorm|[upkeep]
|-damage|p1a: Landorus|95/100|[from] Sandstorm
|-damage|p2a: nothing good|94/100|[from] Sandstorm
|upkeep
|turn|7
|
|t:|1758312113
|switch|p2a: i 6-0 fascists|Excadrill, F|100/100
|-activate|p2a: i 6-0 fascists|move: Sticky Web
|-unboost|p2a: i 6-0 fascists|spe|1
|move|p1a: Landorus|Rock Tomb|p2a: i 6-0 fascists
|-resisted|p2a: i 6-0 fascists
|-damage|p2a: i 6-0 fascists|88/100
|-unboost|p2a: i 6-0 fascists|spe|1
|
|-weather|Sandstorm|[upkeep]
|-damage|p1a: Landorus|89/100|[from] Sandstorm
|upkeep
|turn|8
|c| maoboi|removal/
|c| maoboi|?
|
|t:|1758312124
|switch|p1a: Gholdengo|Gholdengo|100/100
|-item|p1a: Gholdengo|Air Balloon
|move|p2a: i 6-0 fascists|Iron Head|p1a: Gholdengo
|-resisted|p1a: Gholdengo
|-damage|p1a: Gholdengo|66/100
|-enditem|p1a: Gholdengo|Air Balloon
|-damage|p2a: i 6-0 fascists|78/100|[from] item: Life Orb
|
|-weather|Sandstorm|[upkeep]
|upkeep
|turn|9
|l| 21stCenturyB0y
|inactive|wiggilydiggily has 120 seconds left.
|
|t:|1758312169
|move|p2a: i 6-0 fascists|Earthquake|p1a: Gholdengo
|-supereffective|p1a: Gholdengo
|-damage|p1a: Gholdengo|0 fnt
|faint|p1a: Gholdengo
|-damage|p2a: i 6-0 fascists|68/100|[from] item: Life Orb
|
|-weather|Sandstorm|[upkeep]
|upkeep
|inactive|wiggilydiggily has 90 seconds left.
|inactive|wiggilydiggily has 60 seconds left.
|
|t:|1758312220
|switch|p1a: Landorus|Landorus-Therian, M, tera:Flying|89/100
|-ability|p1a: Landorus|Intimidate|boost
|-unboost|p2a: i 6-0 fascists|atk|1
|turn|10
|
|t:|1758312237
|switch|p2a: a continuation|Hydrapple, M|100/100
|-activate|p2a: a continuation|move: Sticky Web
|-unboost|p2a: a continuation|spe|1
|move|p1a: Landorus|Tera Blast|p2a: a continuation|[anim] Tera Blast Flying
|-supereffective|p2a: a continuation
|-damage|p2a: a continuation|0 fnt
|faint|p2a: a continuation
|
|-weather|Sandstorm|[upkeep]
|-damage|p1a: Landorus|83/100|[from] Sandstorm
|upkeep
|
|t:|1758312241
|switch|p2a: i 6-0 fascists|Excadrill, F|68/100
|-activate|p2a: i 6-0 fascists|move: Sticky Web
|-unboost|p2a: i 6-0 fascists|spe|1
|turn|11
|inactive|ohkopon has 90 seconds left.
|
|t:|1758312295
|move|p2a: i 6-0 fascists|Iron Head|p1a: Landorus
|-damage|p1a: Landorus|12/100
|-damage|p2a: i 6-0 fascists|58/100|[from] item: Life Orb
|cant|p1a: Landorus|flinch
|
|-weather|Sandstorm|[upkeep]
|-damage|p1a: Landorus|6/100|[from] Sandstorm
|upkeep
|turn|12
|
|t:|1758312304
|switch|p1a: Great Tusk|Great Tusk|100/100
|-enditem|p1a: Great Tusk|Booster Energy
|-activate|p1a: Great Tusk|ability: Protosynthesis|[fromitem]
|-start|p1a: Great Tusk|protosynthesisatk
|move|p2a: i 6-0 fascists|Rapid Spin|p1a: Great Tusk
|-damage|p1a: Great Tusk|82/100
|-boost|p2a: i 6-0 fascists|spe|1
|-sideend|p2: ohkopon|Sticky Web|[from] move: Rapid Spin|[of] p2a: i 6-0 fascists
|-damage|p2a: i 6-0 fascists|48/100|[from] item: Life Orb
|
|-weather|none
|upkeep
|turn|13
|inactive|wiggilydiggily has 90 seconds left.
|
|t:|1758312320
|switch|p2a: just a hit|Tyranitar, F, tera:Flying|94/100
|-weather|Sandstorm|[from] ability: Sand Stream|[of] p2a: just a hit
|-end|p1a: Great Tusk|Protosynthesis|[silent]
|switch|p1a: Landorus|Landorus-Therian, M, tera:Flying|6/100
|-ability|p1a: Landorus|Intimidate|boost
|-unboost|p2a: just a hit|atk|1
|
|-weather|Sandstorm|[upkeep]
|-damage|p1a: Landorus|0 fnt|[from] Sandstorm
|-damage|p2a: just a hit|88/100|[from] Sandstorm
|faint|p1a: Landorus
|upkeep
|
|t:|1758312324
|switch|p1a: Enamorus|Enamorus, F|100/100
|turn|14
|inactive|ohkopon has 90 seconds left.
|
|t:|1758312338
|move|p1a: Enamorus|Moonblast|p2a: just a hit
|-crit|p2a: just a hit
|-damage|p2a: just a hit|12/100
|-unboost|p2a: just a hit|spa|1
|move|p2a: just a hit|Knock Off|p1a: Enamorus
|-resisted|p1a: Enamorus
|-damage|p1a: Enamorus|80/100
|-enditem|p1a: Enamorus|Choice Specs|[from] move: Knock Off|[of] p2a: just a hit
|
|-weather|Sandstorm|[upkeep]
|-damage|p1a: Enamorus|74/100|[from] Sandstorm
|-damage|p2a: just a hit|6/100|[from] Sandstorm
|upkeep
|turn|15
|
|t:|1758312348
|switch|p2a: dead on arrival|Slowking-Galar, M|100/100
|move|p1a: Enamorus|Earth Power|p2a: dead on arrival
|-supereffective|p2a: dead on arrival
|-damage|p2a: dead on arrival|65/100
|
|-weather|Sandstorm|[upkeep]
|-damage|p1a: Enamorus|67/100|[from] Sandstorm
|-damage|p2a: dead on arrival|59/100|[from] Sandstorm
|upkeep
|turn|16
|inactive|wiggilydiggily has 90 seconds left.
|l| maoboi
|
|t:|1758312371
|move|p1a: Enamorus|Healing Wish|p1a: Enamorus
|faint|p1a: Enamorus
|move|p2a: dead on arrival|Ice Beam|p1: Enamorus|[notarget]
|-fail|p2a: dead on arrival
|
|-weather|Sandstorm|[upkeep]
|-damage|p2a: dead on arrival|53/100|[from] Sandstorm
|upkeep
|
|t:|1758312374
|switch|p1a: Kingambit|Kingambit, M|81/100
|-heal|p1a: Kingambit|100/100|[from] move: Healing Wish
|-activate|p1a: Kingambit|ability: Supreme Overlord
|-start|p1a: Kingambit|fallen4|[silent]
|turn|17
|
|t:|1758312377
|switch|p2a: nothing good|Moltres|94/100
|move|p1a: Kingambit|Swords Dance|p1a: Kingambit
|-boost|p1a: Kingambit|atk|2
|
|-weather|Sandstorm|[upkeep]
|-damage|p2a: nothing good|88/100|[from] Sandstorm
|upkeep
|turn|18
|
|t:|1758312383
|move|p2a: nothing good|Flamethrower|p1a: Kingambit
|-supereffective|p1a: Kingambit
|-damage|p1a: Kingambit|14/100
|move|p1a: Kingambit|Kowtow Cleave|p2a: nothing good
|-damage|p2a: nothing good|0 fnt
|faint|p2a: nothing good
|
|-weather|Sandstorm|[upkeep]
|upkeep
|
|t:|1758312397
|switch|p2a: i 6-0 fascists|Excadrill, F|48/100
|turn|19
|
|t:|1758312400
|move|p1a: Kingambit|Sucker Punch||[still]
|-fail|p1a: Kingambit
|move|p2a: i 6-0 fascists|Swords Dance|p2a: i 6-0 fascists
|-boost|p2a: i 6-0 fascists|atk|2
|
|-weather|Sandstorm|[upkeep]
|upkeep
|turn|20
|
|t:|1758312404
|move|p1a: Kingambit|Sucker Punch||[still]
|-fail|p1a: Kingambit
|move|p2a: i 6-0 fascists|Swords Dance|p2a: i 6-0 fascists
|-boost|p2a: i 6-0 fascists|atk|2
|
|-weather|none
|upkeep
|turn|21
|
|t:|1758312406
|move|p1a: Kingambit|Sucker Punch||[still]
|-fail|p1a: Kingambit
|move|p2a: i 6-0 fascists|Swords Dance|p2a: i 6-0 fascists
|-boost|p2a: i 6-0 fascists|atk|2
|
|upkeep
|turn|22
|
|t:|1758312411
|move|p1a: Kingambit|Sucker Punch||[still]
|-fail|p1a: Kingambit
|move|p2a: i 6-0 fascists|Swords Dance|p2a: i 6-0 fascists
|-boost|p2a: i 6-0 fascists|atk|0
|
|upkeep
|turn|23
|
|t:|1758312414
|move|p1a: Kingambit|Sucker Punch||[still]
|-fail|p1a: Kingambit
|move|p2a: i 6-0 fascists|Swords Dance|p2a: i 6-0 fascists
|-boost|p2a: i 6-0 fascists|atk|0
|
|upkeep
|turn|24
|
|t:|1758312427
|move|p1a: Kingambit|Sucker Punch||[still]
|-fail|p1a: Kingambit
|move|p2a: i 6-0 fascists|Swords Dance|p2a: i 6-0 fascists
|-boost|p2a: i 6-0 fascists|atk|0
|
|upkeep
|turn|25
|
|t:|1758312431
|move|p2a: i 6-0 fascists|Earthquake|p1a: Kingambit
|-supereffective|p1a: Kingambit
|-damage|p1a: Kingambit|0 fnt
|faint|p1a: Kingambit
|-end|p1a: Kingambit|fallen4|[silent]
|-damage|p2a: i 6-0 fascists|38/100|[from] item: Life Orb
|
|upkeep
|
|t:|1758312434
|switch|p1a: Great Tusk|Great Tusk|82/100
|turn|26
|c| leaveher|nuts
|
|t:|1758312442
|switch|p2a: just a hit|Tyranitar, F, tera:Flying|6/100
|-weather|Sandstorm|[from] ability: Sand Stream|[of] p2a: just a hit
|move|p1a: Great Tusk|Rapid Spin|p2a: just a hit
|-damage|p2a: just a hit|0 fnt
|-boost|p1a: Great Tusk|spe|1
|faint|p2a: just a hit
|
|-weather|Sandstorm|[upkeep]
|upkeep
|
|t:|1758312449
|switch|p2a: dead on arrival|Slowking-Galar, M|86/100
|turn|27
|inactive|wiggilydiggily has 120 seconds left.
|
|t:|1758312479
|move|p1a: Great Tusk|Rapid Spin|p2a: dead on arrival
|-damage|p2a: dead on arrival|65/100
|-boost|p1a: Great Tusk|spe|1
|move|p2a: dead on arrival|Ice Beam|p1a: Great Tusk
|-supereffective|p1a: Great Tusk
|-damage|p1a: Great Tusk|0 fnt
|faint|p1a: Great Tusk
|-end|p1a: Great Tusk|Protosynthesis|[silent]
|
|win|ohkopon
|n|☆wiggilydiggily|wiggilydiggily
|n|☆ohkopon|ohkopon
|n| leaveher|leaveher
|n| glowingrobot|glowingrobot
