|j|☆zykke99
|j|☆C0nway
|t:|1758343932
|gametype|singles
|player|p1|zykke99|266|1440
|player|p2|C0nway|blaine|1391
|gen|9
|tier|[Gen 9] OU
|rated|
|rule|HP Percentage Mod: HP is shown in percentages
|rule|Endless Battle Clause: Forcing endless battles is banned
|rule|Species Clause: Limit one of each Pokémon
|rule|OHKO Clause: OHKO moves are banned
|rule|Evasion Items Clause: Evasion items are banned
|rule|Evasion Moves Clause: Evasion moves are banned
|rule|Evasion Abilities Clause: Evasion abilities are banned
|rule|Sleep Moves Clause: Sleep-inducing moves are banned
|clearpoke
|poke|p1|Ninetales-Alola, M|
|poke|p1|Cetitan, F|
|poke|p1|Kyurem|
|poke|p1|Sandslash-Alola, M|
|poke|p1|Moltres|
|poke|p1|Zamazenta-*|
|poke|p2|Hatterene, F|
|poke|p2|Ursaluna, F|
|poke|p2|Dragapult, M|
|poke|p2|Ogerpon-Wellspring, F|
|poke|p2|Gliscor, F|
|poke|p2|Scizor, M|
|teampreview
|
|t:|1758343941
|teamsize|p1|6
|teamsize|p2|6
|start
|switch|p1a: ColdVision|Kyurem|100/100
|switch|p2a: Hatterene|Hatterene, F, shiny|100/100
|-ability|p1a: ColdVision|Pressure
|turn|1
|inactive|Battle timer is ON: inactive players will automatically lose when time's up. (requested by zykke99)
|
|t:|1758343978
|switch|p1a: Ninetales|Ninetales-Alola, M|100/100
|-weather|Snowscape|[from] ability: Snow Warning|[of] p1a: Ninetales
|move|p2a: Hatterene|Calm Mind|p2a: Hatterene
|-boost|p2a: Hatterene|spa|1
|-boost|p2a: Hatterene|spd|1
|
|-weather|Snowscape|[upkeep]
|upkeep
|turn|2
|
|t:|1758343990
|move|p1a: Ninetales|Encore|p2a: Hatterene
|move|p2a: Hatterene|Encore||[from] ability: Magic Bounce|[still]
|-fail|p2a: Hatterene
|move|p2a: Hatterene|Trick Room|p2a: Hatterene
|-fieldstart|move: Trick Room|[of] p2a: Hatterene
|
|-weather|Snowscape|[upkeep]
|upkeep
|turn|3
|
|t:|1758344001
|move|p2a: Hatterene|Calm Mind|p2a: Hatterene
|-boost|p2a: Hatterene|spa|1
|-boost|p2a: Hatterene|spd|1
|move|p1a: Ninetales|Aurora Veil|p1a: Ninetales
|-sidestart|p1: zykke99|move: Aurora Veil
|
|-weather|Snowscape|[upkeep]
|upkeep
|turn|4
|
|t:|1758344007
|switch|p1a: OneInAMilion|Sandslash-Alola, M|100/100
|move|p2a: Hatterene|Calm Mind|p2a: Hatterene
|-boost|p2a: Hatterene|spa|1
|-boost|p2a: Hatterene|spd|1
|
|-weather|Snowscape|[upkeep]
|upkeep
|turn|5
|
|t:|1758344014
|-terastallize|p2a: Hatterene|Steel
|move|p2a: Hatterene|Draining Kiss|p1a: OneInAMilion
|-resisted|p1a: OneInAMilion
|-damage|p1a: OneInAMilion|79/100
|move|p1a: OneInAMilion|Triple Axel|p2a: Hatterene
|-resisted|p2a: Hatterene
|-damage|p2a: Hatterene|97/100
|-resisted|p2a: Hatterene
|-damage|p2a: Hatterene|89/100
|-resisted|p2a: Hatterene
|-damage|p2a: Hatterene|78/100
|-hitcount|p2a: Hatterene|3
|
|-weather|Snowscape|[upkeep]
|-heal|p2a: Hatterene|84/100|[from] item: Leftovers
|upkeep
|turn|6
|
|t:|1758344024
|move|p2a: Hatterene|Calm Mind|p2a: Hatterene
|-boost|p2a: Hatterene|spa|1
|-boost|p2a: Hatterene|spd|1
|move|p1a: OneInAMilion|Knock Off|p2a: Hatterene
|-damage|p2a: Hatterene|59/100
|-enditem|p2a: Hatterene|Leftovers|[from] move: Knock Off|[of] p1a: OneInAMilion
|
|-weather|Snowscape|[upkeep]
|-fieldend|move: Trick Room
|upkeep
|turn|7
|
|t:|1758344033
|move|p1a: OneInAMilion|Stealth Rock|p2a: Hatterene
|move|p2a: Hatterene|Stealth Rock|p1a: OneInAMilion|[from] ability: Magic Bounce
|-sidestart|p1: zykke99|move: Stealth Rock
|move|p2a: Hatterene|Trick Room|p2a: Hatterene
|-fieldstart|move: Trick Room|[of] p2a: Hatterene
|
|-weather|Snowscape|[upkeep]
|-sideend|p1: zykke99|move: Aurora Veil
|upkeep
|turn|8
|
|t:|1758344037
|move|p2a: Hatterene|Draining Kiss|p1a: OneInAMilion
|-resisted|p1a: OneInAMilion
|-damage|p1a: OneInAMilion|24/100
|-heal|p2a: Hatterene|97/100|[from] drain|[of] p1a: OneInAMilion
|move|p1a: OneInAMilion|Rapid Spin|p2a: Hatterene
|-resisted|p2a: Hatterene
|-damage|p2a: Hatterene|91/100
|-boost|p1a: OneInAMilion|spe|1
|-sideend|p1: zykke99|Stealth Rock|[from] move: Rapid Spin|[of] p1a: OneInAMilion
|
|-weather|none
|upkeep
|turn|9
|
|t:|1758344051
|switch|p1a: Ninetales|Ninetales-Alola, M|100/100
|-weather|Snowscape|[from] ability: Snow Warning|[of] p1a: Ninetales
|move|p2a: Hatterene|Draining Kiss|p1a: Ninetales
|-damage|p1a: Ninetales|17/100
|-heal|p2a: Hatterene|100/100|[from] drain|[of] p1a: Ninetales
|
|-weather|Snowscape|[upkeep]
|upkeep
|turn|10
|
|t:|1758344063
|switch|p1a: Moltres|Moltres|100/100
|move|p2a: Hatterene|Draining Kiss|p1a: Moltres
|-resisted|p1a: Moltres
|-damage|p1a: Moltres|63/100
|-status|p2a: Hatterene|brn|[from] ability: Flame Body|[of] p1a: Moltres
|
|-weather|Snowscape|[upkeep]
|-damage|p2a: Hatterene|95/100 brn|[from] brn
|upkeep
|turn|11
|
|t:|1758344071
|move|p2a: Hatterene|Calm Mind|p2a: Hatterene
|-boost|p2a: Hatterene|spa|1
|-boost|p2a: Hatterene|spd|1
|move|p1a: Moltres|Flamethrower|p2a: Hatterene
|-supereffective|p2a: Hatterene
|-damage|p2a: Hatterene|66/100 brn
|
|-weather|Snowscape|[upkeep]
|-damage|p2a: Hatterene|60/100 brn|[from] brn
|-fieldend|move: Trick Room
|upkeep
|turn|12
|
|t:|1758344084
|move|p1a: Moltres|Flamethrower|p2a: Hatterene
|-supereffective|p2a: Hatterene
|-damage|p2a: Hatterene|28/100 brn
|move|p2a: Hatterene|Trick Room|p2a: Hatterene
|-fieldstart|move: Trick Room|[of] p2a: Hatterene
|
|-weather|Snowscape|[upkeep]
|-damage|p2a: Hatterene|22/100 brn|[from] brn
|upkeep
|turn|13
|
|t:|1758344090
|move|p2a: Hatterene|Draining Kiss|p1a: Moltres
|-resisted|p1a: Moltres
|-damage|p1a: Moltres|15/100
|-heal|p2a: Hatterene|58/100 brn|[from] drain|[of] p1a: Moltres
|move|p1a: Moltres|Flamethrower|p2a: Hatterene
|-supereffective|p2a: Hatterene
|-damage|p2a: Hatterene|28/100 brn
|
|-weather|Snowscape|[upkeep]
|-damage|p2a: Hatterene|22/100 brn|[from] brn
|upkeep
|turn|14
|
|t:|1758344100
|move|p2a: Hatterene|Draining Kiss|p1a: Moltres
|-resisted|p1a: Moltres
|-damage|p1a: Moltres|0 fnt
|-heal|p2a: Hatterene|33/100 brn|[from] drain|[of] p1a: Moltres
|faint|p1a: Moltres
|
|-weather|Snowscape|[upkeep]
|-damage|p2a: Hatterene|27/100 brn|[from] brn
|upkeep
|
|t:|1758344112
|switch|p1a: Zamazenta|Zamazenta|100/100
|-ability|p1a: Zamazenta|Dauntless Shield|boost
|-boost|p1a: Zamazenta|def|1
|turn|15
|
|t:|1758344118
|-terastallize|p1a: Zamazenta|Steel
|move|p2a: Hatterene|Draining Kiss|p1a: Zamazenta
|-resisted|p1a: Zamazenta
|-damage|p1a: Zamazenta|73/100
|-heal|p2a: Hatterene|52/100 brn|[from] drain|[of] p1a: Zamazenta
|move|p1a: Zamazenta|Body Press|p2a: Hatterene
|-supereffective|p2a: Hatterene
|-damage|p2a: Hatterene|0 fnt
|faint|p2a: Hatterene
|
|-weather|Snowscape|[upkeep]
|-heal|p1a: Zamazenta|79/100|[from] item: Leftovers
|upkeep
|
|t:|1758344129
|switch|p2a: Ursaluna|Ursaluna, F|100/100
|turn|16
|
|t:|1758344138
|switch|p1a: OneInAMilion|Sandslash-Alola, M|24/100
|move|p2a: Ursaluna|Headlong Rush|p1a: OneInAMilion
|-supereffective|p1a: OneInAMilion
|-damage|p1a: OneInAMilion|0 fnt
|-unboost|p2a: Ursaluna|def|1
|-unboost|p2a: Ursaluna|spd|1
|faint|p1a: OneInAMilion
|
|-weather|none
|-fieldend|move: Trick Room
|-status|p2a: Ursaluna|brn|[from] item: Flame Orb
|upkeep
|
|t:|1758344144
|switch|p1a: Ninetales|Ninetales-Alola, M|17/100
|-weather|Snowscape|[from] ability: Snow Warning|[of] p1a: Ninetales
|turn|17
|
|t:|1758344150
|move|p1a: Ninetales|Blizzard|p2a: Ursaluna
|-supereffective|p2a: Ursaluna
|-damage|p2a: Ursaluna|0 fnt
|faint|p2a: Ursaluna
|
|-weather|Snowscape|[upkeep]
|upkeep
|
|t:|1758344156
|switch|p2a: Dragapult|Dragapult, M|100/100
|turn|18
|
|t:|1758344160
|move|p2a: Dragapult|Shadow Ball|p1a: Ninetales
|-damage|p1a: Ninetales|0 fnt
|faint|p1a: Ninetales
|
|-weather|Snowscape|[upkeep]
|upkeep
|
|t:|1758344162
|switch|p1a: Cetitan|Cetitan, F|100/100
|turn|19
|
|t:|1758344168
|move|p1a: Cetitan|Belly Drum|p1a: Cetitan
|-damage|p1a: Cetitan|50/100
|-setboost|p1a: Cetitan|atk|6|[from] move: Belly Drum
|-enditem|p1a: Cetitan|Sitrus Berry|[eat]
|-heal|p1a: Cetitan|75/100|[from] item: Sitrus Berry
|move|p2a: Dragapult|Shadow Ball|p1a: Cetitan
|-damage|p1a: Cetitan|15/100
|
|-weather|Snowscape|[upkeep]
|upkeep
|turn|20
|
|t:|1758344192
|switch|p2a: Gliscor|Gliscor, F|100/100
|move|p1a: Cetitan|Ice Shard|p2a: Gliscor
|-supereffective|p2a: Gliscor
|-damage|p2a: Gliscor|0 fnt
|faint|p2a: Gliscor
|
|-weather|Snowscape|[upkeep]
|upkeep
|
|t:|1758344195
|switch|p2a: Scizor|Scizor, M|100/100
|turn|21
|
|t:|1758344201
|move|p1a: Cetitan|Ice Shard|p2a: Scizor
|-resisted|p2a: Scizor
|-damage|p2a: Scizor|66/100
|move|p2a: Scizor|Bullet Punch|p1a: Cetitan
|-supereffective|p1a: Cetitan
|-damage|p1a: Cetitan|0 fnt
|faint|p1a: Cetitan
|-damage|p2a: Scizor|56/100|[from] item: Life Orb
|
|-weather|Snowscape|[upkeep]
|upkeep
|
|t:|1758344205
|switch|p1a: Zamazenta|Zamazenta, tera:Steel|79/100
|turn|22
|
|t:|1758344218
|move|p1a: Zamazenta|Iron Defense|p1a: Zamazenta
|-boost|p1a: Zamazenta|def|2
|move|p2a: Scizor|U-turn|p1a: Zamazenta
|-resisted|p1a: Zamazenta
|-damage|p1a: Zamazenta|69/100
|-damage|p2a: Scizor|46/100|[from] item: Life Orb
|
|t:|1758344223
|switch|p2a: Dragapult|Dragapult, M|100/100|[from] U-turn
|
|-weather|Snowscape|[upkeep]
|-heal|p1a: Zamazenta|75/100|[from] item: Leftovers
|upkeep
|turn|23
|
|t:|1758344229
|move|p2a: Dragapult|Fire Blast|p1a: Zamazenta
|-supereffective|p1a: Zamazenta
|-damage|p1a: Zamazenta|5/100
|move|p1a: Zamazenta|Crunch|p2a: Dragapult
|-supereffective|p2a: Dragapult
|-damage|p2a: Dragapult|37/100
|
|-weather|Snowscape|[upkeep]
|-heal|p1a: Zamazenta|11/100|[from] item: Leftovers
|upkeep
|turn|24
|-message|zykke99 forfeited.
|
|win|C0nway
|raw|zykke99's rating: 1440 &rarr; <strong>1417</strong><br />(-23 for losing)
|raw|C0nway's rating: 1391 &rarr; <strong>1414</strong><br />(+23 for winning)
|l|☆zykke99
|player|p1|
|l|☆C0nway
|player|p2|
