|j|☆aaron200589
|j|☆andjelicpwnsu
|t:|1758350064
|gametype|singles
|player|p1|aaron200589|giovanni|1204
|player|p2|andjelicpwnsu|wallace|1232
|gen|9
|tier|[Gen 9] OU
|rated|
|rule|HP Percentage Mod: HP is shown in percentages
|rule|Endless Battle Clause: Forcing endless battles is banned
|rule|Species Clause: Limit one of each Pokémon
|rule|OHKO Clause: OHKO moves are banned
|rule|Evasion Items Clause: Evasion items are banned
|rule|Evasion Moves Clause: Evasion moves are banned
|rule|Evasion Abilities Clause: Evasion abilities are banned
|rule|Sleep Moves Clause: Sleep-inducing moves are banned
|clearpoke
|poke|p1|Ursaluna, M|
|poke|p1|Hatterene, F|
|poke|p1|Glastrier|
|poke|p1|Mimikyu, M|
|poke|p1|Cresselia, F|
|poke|p1|Great Tusk|
|poke|p2|Corviknight, F|
|poke|p2|Blissey, F|
|poke|p2|Zapdos|
|poke|p2|Meowscarada, M|
|poke|p2|Primarina, M|
|poke|p2|Blaziken, F|
|teampreview
|j| Terry04
|l| Terry04
|inactive|Battle timer is ON: inactive players will automatically lose when time's up. (requested by andjelicpwnsu)
|
|t:|1758350082
|teamsize|p1|6
|teamsize|p2|6
|start
|switch|p1a: Mimikyu|Mimikyu, M|100/100
|switch|p2a: Primarina|Primarina, M|100/100
|turn|1
|
|t:|1758350095
|move|p2a: Primarina|Moonblast|p1a: Mimikyu
|-activate|p1a: Mimikyu|ability: Disguise
|-damage|p1a: Mimikyu|100/100
|detailschange|p1a: Mimikyu|Mimikyu-Busted, M
|-damage|p1a: Mimikyu|88/100|[from] pokemon: Mimikyu-Busted
|move|p1a: Mimikyu|Trick Room|p1a: Mimikyu
|-fieldstart|move: Trick Room|[of] p1a: Mimikyu
|
|upkeep
|turn|2
|
|t:|1758350105
|switch|p2a: Blissey|Blissey, F, shiny|100/100
|switch|p1a: Glastrier|Glastrier|100/100
|
|upkeep
|turn|3
|
|t:|1758350112
|move|p1a: Glastrier|Swords Dance|p1a: Glastrier
|-boost|p1a: Glastrier|atk|2
|move|p2a: Blissey|Thunder Wave|p1a: Glastrier
|-status|p1a: Glastrier|par
|
|upkeep
|turn|4
|
|t:|1758350127
|switch|p2a: Corviknight|Corviknight, F|100/100
|-ability|p2a: Corviknight|Pressure
|move|p1a: Glastrier|Icicle Crash|p2a: Corviknight
|-damage|p2a: Corviknight|15/100
|
|upkeep
|turn|5
|inactive|andjelicpwnsu has 120 seconds left.
|l|☆aaron200589
|inactive|aaron200589 disconnected and has a minute to reconnect!
|player|p1|
|
|t:|1758350179
|cant|p1a: Glastrier|par
|move|p2a: Corviknight|Roost|p2a: Corviknight
|-heal|p2a: Corviknight|65/100
|-singleturn|p2a: Corviknight|move: Roost
|
|-fieldend|move: Trick Room
|upkeep
|turn|6
|j|☆aaron200589
|inactive|aaron200589 reconnected and has 135 seconds left.
|player|p1|aaron200589|giovanni|
|
|t:|1758350206
|move|p2a: Corviknight|Iron Defense|p2a: Corviknight
|-boost|p2a: Corviknight|def|2
|move|p1a: Glastrier|Icicle Crash|p2a: Corviknight
|-damage|p2a: Corviknight|26/100
|
|upkeep
|turn|7
|
|t:|1758350215
|move|p2a: Corviknight|Roost|p2a: Corviknight
|-heal|p2a: Corviknight|76/100
|-singleturn|p2a: Corviknight|move: Roost
|move|p1a: Glastrier|Swords Dance|p1a: Glastrier
|-boost|p1a: Glastrier|atk|2
|
|upkeep
|turn|8
|
|t:|1758350223
|move|p2a: Corviknight|Iron Defense|p2a: Corviknight
|-boost|p2a: Corviknight|def|2
|move|p1a: Glastrier|Icicle Crash|p2a: Corviknight
|-damage|p2a: Corviknight|33/100
|
|upkeep
|turn|9
|
|t:|1758350230
|move|p2a: Corviknight|Body Press|p1a: Glastrier
|-supereffective|p1a: Glastrier
|-damage|p1a: Glastrier|22/100 par
|-enditem|p1a: Glastrier|Sitrus Berry|[eat]
|-heal|p1a: Glastrier|47/100 par|[from] item: Sitrus Berry
|move|p1a: Glastrier|Swords Dance|p1a: Glastrier
|-boost|p1a: Glastrier|atk|2
|
|upkeep
|turn|10
|
|t:|1758350240
|switch|p1a: Hatterene|Hatterene, F|100/100
|move|p2a: Corviknight|Body Press|p1a: Hatterene
|-resisted|p1a: Hatterene
|-crit|p1a: Hatterene
|-damage|p1a: Hatterene|84/100
|
|upkeep
|turn|11
|inactive|andjelicpwnsu has 120 seconds left.
|
|t:|1758350266
|move|p2a: Corviknight|Body Press|p1a: Hatterene
|-resisted|p1a: Hatterene
|-damage|p1a: Hatterene|72/100
|move|p1a: Hatterene|Mystical Fire|p2a: Corviknight
|-supereffective|p2a: Corviknight
|-damage|p2a: Corviknight|2/100
|-unboost|p2a: Corviknight|spa|1
|
|upkeep
|turn|12
|
|t:|1758350276
|move|p2a: Corviknight|Roost|p2a: Corviknight
|-heal|p2a: Corviknight|52/100
|-singleturn|p2a: Corviknight|move: Roost
|move|p1a: Hatterene|Mystical Fire|p2a: Corviknight
|-supereffective|p2a: Corviknight
|-damage|p2a: Corviknight|24/100
|-unboost|p2a: Corviknight|spa|1
|
|upkeep
|turn|13
|inactive|andjelicpwnsu has 120 seconds left.
|
|t:|1758350299
|switch|p2a: Blissey|Blissey, F, shiny|100/100
|move|p1a: Hatterene|Mystical Fire|p2a: Blissey
|-damage|p2a: Blissey|92/100
|-unboost|p2a: Blissey|spa|1
|
|upkeep
|turn|14
|inactive|andjelicpwnsu has 120 seconds left.
|
|t:|1758350307
|move|p2a: Blissey|Seismic Toss|p1a: Hatterene
|-damage|p1a: Hatterene|41/100
|move|p1a: Hatterene|Trick Room|p1a: Hatterene
|-fieldstart|move: Trick Room|[of] p1a: Hatterene
|
|upkeep
|turn|15
|inactive|andjelicpwnsu has 120 seconds left.
|
|t:|1758350330
|switch|p1a: Glastrier|Glastrier|47/100 par
|switch|p2a: Zapdos|Zapdos|100/100
|
|upkeep
|turn|16
|
|t:|1758350337
|switch|p2a: Primarina|Primarina, M|100/100
|cant|p1a: Glastrier|par
|
|upkeep
|turn|17
|
|t:|1758350345
|switch|p1a: Cresselia|Cresselia, F|100/100
|move|p2a: Primarina|Moonblast|p1a: Cresselia
|-crit|p1a: Cresselia
|-damage|p1a: Cresselia|56/100
|
|upkeep
|turn|18
|
|t:|1758350352
|move|p2a: Primarina|Encore||[still]
|-fail|p2a: Primarina
|move|p1a: Cresselia|Moonblast|p2a: Primarina
|-damage|p2a: Primarina|87/100
|-unboost|p2a: Primarina|spa|1
|
|-heal|p2a: Primarina|93/100|[from] item: Leftovers
|-fieldend|move: Trick Room
|upkeep
|turn|19
|
|t:|1758350362
|move|p1a: Cresselia|Moonlight|p1a: Cresselia
|-heal|p1a: Cresselia|100/100
|move|p2a: Primarina|Encore|p1a: Cresselia
|-start|p1a: Cresselia|Encore
|-enditem|p1a: Cresselia|Mental Herb
|-end|p1a: Cresselia|Encore
|
|-heal|p2a: Primarina|99/100|[from] item: Leftovers
|upkeep
|turn|20
|
|t:|1758350372
|move|p2a: Primarina|Moonblast|p1a: Cresselia
|-damage|p1a: Cresselia|80/100
|-unboost|p1a: Cresselia|spa|1
|move|p1a: Cresselia|Trick Room|p1a: Cresselia
|-fieldstart|move: Trick Room|[of] p1a: Cresselia
|
|-heal|p2a: Primarina|100/100|[from] item: Leftovers
|upkeep
|turn|21
|
|t:|1758350384
|move|p2a: Primarina|Encore|p1a: Cresselia
|-start|p1a: Cresselia|Encore
|move|p1a: Cresselia|Trick Room|p1a: Cresselia
|-fieldend|move: Trick Room
|
|upkeep
|turn|22
|
|t:|1758350392
|move|p2a: Primarina|Moonblast|p1a: Cresselia
|-damage|p1a: Cresselia|61/100
|move|p1a: Cresselia|Trick Room|p1a: Cresselia
|-fieldstart|move: Trick Room|[of] p1a: Cresselia
|
|upkeep
|turn|23
|
|t:|1758350409
|switch|p2a: Meowscarada|Meowscarada, M|100/100
|switch|p1a: Glastrier|Glastrier|47/100 par
|
|upkeep
|turn|24
|
|t:|1758350419
|switch|p2a: Primarina|Primarina, M|100/100
|cant|p1a: Glastrier|par
|
|upkeep
|turn|25
|
|t:|1758350434
|switch|p1a: Cresselia|Cresselia, F|61/100
|move|p2a: Primarina|Moonblast|p1a: Cresselia
|-damage|p1a: Cresselia|31/100
|-unboost|p1a: Cresselia|spa|1
|
|upkeep
|turn|26
|
|t:|1758350446
|move|p2a: Primarina|Moonblast|p1a: Cresselia
|-damage|p1a: Cresselia|0 fnt
|faint|p1a: Cresselia
|
|-fieldend|move: Trick Room
|upkeep
|
|t:|1758350456
|switch|p1a: Mimikyu|Mimikyu-Busted, M|88/100
|turn|27
|
|t:|1758350468
|move|p2a: Primarina|Moonblast|p1a: Mimikyu
|-damage|p1a: Mimikyu|20/100
|move|p1a: Mimikyu|Trick Room|p1a: Mimikyu
|-fieldstart|move: Trick Room|[of] p1a: Mimikyu
|
|upkeep
|turn|28
|-enditem|p1a: Mimikyu|Custap Berry|[eat]
|-activate|p1a: Mimikyu|item: Custap Berry|[consumed]
|
|t:|1758350475
|move|p1a: Mimikyu|Destiny Bond|p1a: Mimikyu
|-singlemove|p1a: Mimikyu|Destiny Bond
|move|p2a: Primarina|Moonblast|p1a: Mimikyu
|-damage|p1a: Mimikyu|0 fnt
|faint|p1a: Mimikyu
|-activate|p1a: Mimikyu|move: Destiny Bond
|faint|p2a: Primarina
|
|upkeep
|
|t:|1758350490
|switch|p2a: Blissey|Blissey, F, shiny|92/100
|switch|p1a: Glastrier|Glastrier|47/100 par
|turn|29
|
|t:|1758350496
|move|p1a: Glastrier|Swords Dance|p1a: Glastrier
|-boost|p1a: Glastrier|atk|2
|move|p2a: Blissey|Seismic Toss|p1a: Glastrier
|-damage|p1a: Glastrier|22/100 par
|
|upkeep
|turn|30
|
|t:|1758350503
|move|p1a: Glastrier|Close Combat|p2a: Blissey
|-supereffective|p2a: Blissey
|-damage|p2a: Blissey|0 fnt
|-unboost|p1a: Glastrier|def|1
|-unboost|p1a: Glastrier|spd|1
|faint|p2a: Blissey
|-ability|p1a: Glastrier|Chilling Neigh|boost
|-boost|p1a: Glastrier|atk|1
|
|upkeep
|
|t:|1758350514
|switch|p2a: Meowscarada|Meowscarada, M|100/100
|turn|31
|
|t:|1758350517
|move|p2a: Meowscarada|Sucker Punch|p1a: Glastrier
|-start|p2a: Meowscarada|typechange|Dark|[from] ability: Protean
|-damage|p1a: Glastrier|0 fnt
|faint|p1a: Glastrier
|
|-fieldend|move: Trick Room
|upkeep
|
|t:|1758350529
|switch|p1a: Great Tusk|Great Tusk|100/100
|turn|32
|
|t:|1758350534
|switch|p2a: Zapdos|Zapdos|100/100
|move|p1a: Great Tusk|Close Combat|p2a: Zapdos
|-resisted|p2a: Zapdos
|-damage|p2a: Zapdos|64/100
|-unboost|p1a: Great Tusk|def|1
|-unboost|p1a: Great Tusk|spd|1
|-status|p1a: Great Tusk|par|[from] ability: Static|[of] p2a: Zapdos
|
|upkeep
|turn|33
|
|t:|1758350551
|-terastallize|p1a: Great Tusk|Ice
|move|p2a: Zapdos|Hurricane|p1a: Great Tusk|[miss]
|-miss|p2a: Zapdos|p1a: Great Tusk
|cant|p1a: Great Tusk|par
|
|upkeep
|turn|34
|
|t:|1758350559
|move|p2a: Zapdos|Volt Switch|p1a: Great Tusk
|-damage|p1a: Great Tusk|30/100 par
|
|t:|1758350562
|switch|p2a: Corviknight|Corviknight, F|24/100|[from] Volt Switch
|-ability|p2a: Corviknight|Pressure
|move|p1a: Great Tusk|Close Combat|p2a: Corviknight
|-damage|p2a: Corviknight|0 fnt
|-unboost|p1a: Great Tusk|def|1
|-unboost|p1a: Great Tusk|spd|1
|-damage|p1a: Great Tusk|13/100 par|[from] item: Rocky Helmet|[of] p2a: Corviknight
|faint|p2a: Corviknight
|
|upkeep
|
|t:|1758350574
|switch|p2a: Meowscarada|Meowscarada, M|100/100
|turn|35
|
|t:|1758350580
|move|p2a: Meowscarada|U-turn|p1a: Great Tusk
|-start|p2a: Meowscarada|typechange|Bug|[from] ability: Protean
|-damage|p1a: Great Tusk|0 fnt
|faint|p1a: Great Tusk
|-end|p1a: Great Tusk|Protosynthesis|[silent]
|
|t:|1758350586
|switch|p2a: Blaziken|Blaziken, F, shiny|100/100|[from] U-turn
|
|upkeep
|
|t:|1758350590
|switch|p1a: Hatterene|Hatterene, F|41/100
|turn|36
|
|t:|1758350597
|-terastallize|p2a: Blaziken|Flying
|move|p2a: Blaziken|Brave Bird|p1a: Hatterene
|-damage|p1a: Hatterene|0 fnt
|faint|p1a: Hatterene
|-damage|p2a: Blaziken|87/100|[from] Recoil
|
|-ability|p2a: Blaziken|Speed Boost|boost
|-boost|p2a: Blaziken|spe|1
|upkeep
|
|t:|1758350607
|switch|p1a: Ursaluna|Ursaluna, M|100/100
|turn|37
|
|t:|1758350612
|move|p2a: Blaziken|Close Combat|p1a: Ursaluna
|-supereffective|p1a: Ursaluna
|-crit|p1a: Ursaluna
|-damage|p1a: Ursaluna|0 fnt
|-unboost|p2a: Blaziken|def|1
|-unboost|p2a: Blaziken|spd|1
|faint|p1a: Ursaluna
|
|win|andjelicpwnsu
|raw|aaron200589's rating: 1204 &rarr; <strong>1181</strong><br />(-23 for losing)
|raw|andjelicpwnsu's rating: 1232 &rarr; <strong>1255</strong><br />(+23 for winning)
|l|☆aaron200589
|player|p1|
|l|☆andjelicpwnsu
|player|p2|
