|j|☆ygvgjbh
|j|☆yanderz
|t:|1758342854
|gametype|singles
|player|p1|ygvgjbh|265|1068
|player|p2|yanderz|2|1071
|gen|9
|tier|[Gen 9] OU
|rated|
|rule|HP Percentage Mod: HP is shown in percentages
|rule|Endless Battle Clause: Forcing endless battles is banned
|rule|Species Clause: Limit one of each Pokémon
|rule|OHKO Clause: OHKO moves are banned
|rule|Evasion Items Clause: Evasion items are banned
|rule|Evasion Moves Clause: Evasion moves are banned
|rule|Evasion Abilities Clause: Evasion abilities are banned
|rule|Sleep Moves Clause: Sleep-inducing moves are banned
|clearpoke
|poke|p1|Mabosstiff, F|
|poke|p1|Moltres|
|poke|p1|Alomomola, F|
|poke|p1|Raging Bolt|
|poke|p1|Clodsire, F|
|poke|p1|Ogerpon-Wellspring, F|
|poke|p2|Cinccino, F|
|poke|p2|Hariyama, F|
|poke|p2|Noivern, F|
|poke|p2|Eiscue, M|
|poke|p2|Slowbro, F|
|poke|p2|Decidueye, F|
|teampreview
|
|t:|1758342864
|teamsize|p1|6
|teamsize|p2|6
|start
|switch|p1a: Mabosstiff|Mabosstiff, F|100/100
|switch|p2a: Decidueye|Decidueye, F|100/100
|turn|1
|
|t:|1758342878
|move|p1a: Mabosstiff|Crunch|p2a: Decidueye
|-supereffective|p2a: Decidueye
|-damage|p2a: Decidueye|0 fnt
|faint|p2a: Decidueye
|
|upkeep
|
|t:|1758342891
|switch|p2a: Noivern|Noivern, F|100/100
|turn|2
|
|t:|1758342896
|switch|p1a: Clodsire|Clodsire, F|100/100
|-terastallize|p2a: Noivern|Normal
|move|p2a: Noivern|Boomburst|p1a: Clodsire
|-damage|p1a: Clodsire|48/100
|
|-heal|p1a: Clodsire|54/100|[from] item: Leftovers
|upkeep
|turn|3
|
|t:|1758342919
|switch|p1a: Ogerpon|Ogerpon-Wellspring, F|100/100
|move|p2a: Noivern|Boomburst|p1a: Ogerpon
|-damage|p1a: Ogerpon|3/100
|
|upkeep
|turn|4
|
|t:|1758342926
|move|p2a: Noivern|Boomburst|p1a: Ogerpon
|-damage|p1a: Ogerpon|0 fnt
|faint|p1a: Ogerpon
|
|upkeep
|
|t:|1758342931
|switch|p1a: Raging Bolt|Raging Bolt|100/100
|turn|5
|
|t:|1758342935
|move|p2a: Noivern|Boomburst|p1a: Raging Bolt
|-damage|p1a: Raging Bolt|50/100
|move|p1a: Raging Bolt|Thunderbolt|p2a: Noivern
|-damage|p2a: Noivern|32/100
|
|upkeep
|turn|6
|
|t:|1758342941
|move|p2a: Noivern|Boomburst|p1a: Raging Bolt
|-damage|p1a: Raging Bolt|2/100
|move|p1a: Raging Bolt|Volt Switch|p2a: Noivern
|-crit|p2a: Noivern
|-damage|p2a: Noivern|0 fnt
|faint|p2a: Noivern
|
|t:|1758342950
|-end|p1a: Raging Bolt|Protosynthesis|[silent]
|switch|p1a: Clodsire|Clodsire, F|54/100|[from] Volt Switch
|
|-heal|p1a: Clodsire|60/100|[from] item: Leftovers
|upkeep
|
|t:|1758342956
|switch|p2a: Slowbro|Slowbro, F|100/100
|turn|7
|
|t:|1758342962
|switch|p1a: Mabosstiff|Mabosstiff, F|100/100
|move|p2a: Slowbro|Scald|p1a: Mabosstiff
|-damage|p1a: Mabosstiff|66/100
|
|upkeep
|turn|8
|
|t:|1758342974
|switch|p2a: Hariyama|Hariyama, F|100/100
|move|p1a: Mabosstiff|Crunch|p2a: Hariyama
|-resisted|p2a: Hariyama
|-damage|p2a: Hariyama|27/100
|
|upkeep
|turn|9
|
|t:|1758342981
|switch|p1a: Moltres|Moltres|100/100
|move|p2a: Hariyama|Fake Out|p1a: Moltres
|-damage|p1a: Moltres|86/100
|
|upkeep
|turn|10
|
|t:|1758342992
|switch|p2a: Slowbro|Slowbro, F|100/100
|move|p1a: Moltres|Flamethrower|p2a: Slowbro
|-resisted|p2a: Slowbro
|-damage|p2a: Slowbro|78/100
|-status|p2a: Slowbro|brn
|
|-heal|p2a: Slowbro|84/100 brn|[from] item: Leftovers
|-damage|p2a: Slowbro|78/100 brn|[from] brn
|upkeep
|turn|11
|
|t:|1758343004
|move|p1a: Moltres|U-turn|p2a: Slowbro
|-supereffective|p2a: Slowbro
|-damage|p2a: Slowbro|57/100 brn
|
|t:|1758343007
|switch|p1a: Alomomola|Alomomola, F|100/100|[from] U-turn
|move|p2a: Slowbro|Thunder Wave|p1a: Alomomola
|-status|p1a: Alomomola|par
|
|-heal|p2a: Slowbro|63/100 brn|[from] item: Leftovers
|-damage|p2a: Slowbro|57/100 brn|[from] brn
|upkeep
|turn|12
|
|t:|1758343020
|move|p2a: Slowbro|Slack Off|p2a: Slowbro
|-heal|p2a: Slowbro|100/100 brn
|move|p1a: Alomomola|Wish|p1a: Alomomola
|
|-damage|p2a: Slowbro|94/100 brn|[from] brn
|upkeep
|turn|13
|
|t:|1758343029
|move|p2a: Slowbro|Scald|p1a: Alomomola
|-resisted|p1a: Alomomola
|-damage|p1a: Alomomola|90/100 par
|move|p1a: Alomomola|Flip Turn|p2a: Slowbro
|-resisted|p2a: Slowbro
|-damage|p2a: Slowbro|89/100 brn
|
|t:|1758343035
|switch|p1a: Raging Bolt|Raging Bolt|2/100|[from] Flip Turn
|
|-heal|p1a: Raging Bolt|58/100|[from] move: Wish|[wisher] Alomomola
|-heal|p2a: Slowbro|95/100 brn|[from] item: Leftovers
|-damage|p2a: Slowbro|89/100 brn|[from] brn
|upkeep
|turn|14
|inactive|Battle timer is ON: inactive players will automatically lose when time's up. (requested by ygvgjbh)
|
|t:|1758343048
|switch|p2a: Hariyama|Hariyama, F|27/100
|move|p1a: Raging Bolt|Volt Switch|p2a: Hariyama
|-damage|p2a: Hariyama|0 fnt
|faint|p2a: Hariyama
|
|t:|1758343056
|-end|p1a: Raging Bolt|Protosynthesis|[silent]
|switch|p1a: Clodsire|Clodsire, F|60/100|[from] Volt Switch
|
|-heal|p1a: Clodsire|67/100|[from] item: Leftovers
|upkeep
|
|t:|1758343062
|switch|p2a: Slowbro|Slowbro, F|89/100 brn
|turn|15
|
|t:|1758343067
|switch|p1a: Alomomola|Alomomola, F|100/100 par
|move|p2a: Slowbro|Scald|p1a: Alomomola
|-resisted|p1a: Alomomola
|-damage|p1a: Alomomola|89/100 par
|
|-heal|p2a: Slowbro|95/100 brn|[from] item: Leftovers
|-damage|p2a: Slowbro|89/100 brn|[from] brn
|upkeep
|turn|16
|
|t:|1758343082
|switch|p2a: Cinccino|Cinccino, F|100/100
|move|p1a: Alomomola|Wish|p1a: Alomomola
|
|upkeep
|turn|17
|
|t:|1758343089
|move|p2a: Cinccino|Tidy Up|p2a: Cinccino
|-boost|p2a: Cinccino|atk|1
|-boost|p2a: Cinccino|spe|1
|move|p1a: Alomomola|Flip Turn|p2a: Cinccino
|-damage|p2a: Cinccino|70/100
|
|t:|1758343095
|switch|p1a: Clodsire|Clodsire, F|67/100|[from] Flip Turn
|
|-heal|p1a: Clodsire|100/100|[from] move: Wish|[wisher] Alomomola
|upkeep
|turn|18
|
|t:|1758343106
|move|p2a: Cinccino|Tidy Up|p2a: Cinccino
|-boost|p2a: Cinccino|atk|1
|-boost|p2a: Cinccino|spe|1
|move|p1a: Clodsire|Earthquake|p2a: Cinccino
|-damage|p2a: Cinccino|22/100
|
|upkeep
|turn|19
|
|t:|1758343113
|move|p2a: Cinccino|Bullet Seed|p1a: Clodsire
|-damage|p1a: Clodsire|92/100
|-damage|p1a: Clodsire|85/100
|-damage|p1a: Clodsire|77/100
|-damage|p1a: Clodsire|69/100
|-damage|p1a: Clodsire|60/100
|-hitcount|p1a: Clodsire|5
|-damage|p2a: Cinccino|12/100|[from] item: Life Orb
|move|p1a: Clodsire|Earthquake|p2a: Cinccino
|-damage|p2a: Cinccino|0 fnt
|faint|p2a: Cinccino
|
|-heal|p1a: Clodsire|66/100|[from] item: Leftovers
|upkeep
|
|t:|1758343129
|switch|p2a: Eiscue|Eiscue, M|100/100
|turn|20
|
|t:|1758343133
|-terastallize|p1a: Clodsire|Water
|move|p2a: Eiscue|Substitute|p2a: Eiscue
|-start|p2a: Eiscue|Substitute
|-damage|p2a: Eiscue|76/100
|move|p1a: Clodsire|Toxic||[still]
|-fail|p1a: Clodsire
|
|-heal|p1a: Clodsire|72/100|[from] item: Leftovers
|upkeep
|turn|21
|
|t:|1758343143
|move|p2a: Eiscue|Belly Drum|p2a: Eiscue
|-damage|p2a: Eiscue|26/100
|-setboost|p2a: Eiscue|atk|6|[from] move: Belly Drum
|-enditem|p2a: Eiscue|Sitrus Berry|[eat]
|-heal|p2a: Eiscue|50/100|[from] item: Sitrus Berry
|move|p1a: Clodsire|Earthquake|p2a: Eiscue
|-end|p2a: Eiscue|Substitute
|
|-heal|p1a: Clodsire|79/100|[from] item: Leftovers
|upkeep
|turn|22
|
|t:|1758343156
|move|p2a: Eiscue|Icicle Crash|p1a: Clodsire
|-resisted|p1a: Clodsire
|-damage|p1a: Clodsire|62/100
|move|p1a: Clodsire|Earthquake|p2a: Eiscue
|-activate|p2a: Eiscue|ability: Ice Face
|-damage|p2a: Eiscue|50/100
|detailschange|p2a: Eiscue|Eiscue-Noice, M
|
|-heal|p1a: Clodsire|68/100|[from] item: Leftovers
|upkeep
|turn|23
|
|t:|1758343168
|move|p2a: Eiscue|Substitute|p2a: Eiscue
|-start|p2a: Eiscue|Substitute
|-damage|p2a: Eiscue|26/100
|move|p1a: Clodsire|Toxic|p2a: Eiscue|[miss]
|-miss|p1a: Clodsire|p2a: Eiscue
|
|-heal|p1a: Clodsire|75/100|[from] item: Leftovers
|upkeep
|turn|24
|
|t:|1758343178
|move|p2a: Eiscue|Waterfall|p1a: Clodsire
|-resisted|p1a: Clodsire
|-damage|p1a: Clodsire|65/100
|move|p1a: Clodsire|Earthquake|p2a: Eiscue
|-end|p2a: Eiscue|Substitute
|
|-heal|p1a: Clodsire|71/100|[from] item: Leftovers
|upkeep
|turn|25
|-message|yanderz forfeited.
|
|win|ygvgjbh
|raw|ygvgjbh's rating: 1068 &rarr; <strong>1098</strong><br />(+30 for winning)
|raw|yanderz's rating: 1071 &rarr; <strong>1050</strong><br />(-21 for losing)
|l|☆yanderz
|player|p2|
|l|☆ygvgjbh
|player|p1|
