|j|☆captain_sunday
|j|☆santiaegon
|t:|1758289505
|gametype|singles
|player|p1|captain_sunday|gambler|1093
|player|p2|santiaegon|volo|1136
|gen|9
|tier|[Gen 9] OU
|rated|
|rule|HP Percentage Mod: HP is shown in percentages
|rule|Endless Battle Clause: Forcing endless battles is banned
|rule|Species Clause: Limit one of each Pokémon
|rule|OHKO Clause: OHKO moves are banned
|rule|Evasion Items Clause: Evasion items are banned
|rule|Evasion Moves Clause: Evasion moves are banned
|rule|Evasion Abilities Clause: Evasion abilities are banned
|rule|Sleep Moves Clause: Sleep-inducing moves are banned
|clearpoke
|poke|p1|Charizard, M|
|poke|p1|Ribombee, F|
|poke|p1|Primeape, M|
|poke|p1|Muk-Alola, M|
|poke|p1|Breloom, M|
|poke|p1|Tentacruel, F|
|poke|p2|Enamorus, F|
|poke|p2|Iron Moth|
|poke|p2|Araquanid, F|
|poke|p2|Garganacl, F|
|poke|p2|Dragapult, F|
|poke|p2|Corviknight, F|
|teampreview
|inactive|Battle timer is ON: inactive players will automatically lose when time's up. (requested by captain_sunday)
|
|t:|1758289517
|teamsize|p1|6
|teamsize|p2|6
|start
|switch|p1a: Primeape|Primeape, M|100/100
|switch|p2a: Iron Moth|Iron Moth|100/100
|-enditem|p2a: Iron Moth|Booster Energy
|-activate|p2a: Iron Moth|ability: Quark Drive|[fromitem]
|-start|p2a: Iron Moth|quarkdrivespe
|turn|1
|
|t:|1758289525
|-terastallize|p2a: Iron Moth|Fairy
|move|p2a: Iron Moth|Dazzling Gleam|p1a: Primeape
|-supereffective|p1a: Primeape
|-damage|p1a: Primeape|7/100
|move|p1a: Primeape|Earthquake|p2a: Iron Moth
|-damage|p2a: Iron Moth|58/100
|
|upkeep
|turn|2
|
|t:|1758289534
|switch|p1a: Muk|Muk-Alola, M|100/100
|move|p2a: Iron Moth|Fiery Dance|p1a: Muk
|-damage|p1a: Muk|66/100
|-boost|p2a: Iron Moth|spa|1
|
|-heal|p1a: Muk|72/100|[from] item: Leftovers
|upkeep
|turn|3
|
|t:|1758289544
|move|p2a: Iron Moth|Dazzling Gleam|p1a: Muk
|-damage|p1a: Muk|20/100
|move|p1a: Muk|Poison Jab|p2a: Iron Moth
|-supereffective|p2a: Iron Moth
|-damage|p2a: Iron Moth|0 fnt
|faint|p2a: Iron Moth
|-end|p2a: Iron Moth|Quark Drive|[silent]
|
|-heal|p1a: Muk|26/100|[from] item: Leftovers
|upkeep
|
|t:|1758289551
|switch|p2a: Garganacl|Garganacl, F|100/100
|turn|4
|
|t:|1758289555
|move|p1a: Muk|Knock Off|p2a: Garganacl
|-damage|p2a: Garganacl|67/100
|-enditem|p2a: Garganacl|Leftovers|[from] move: Knock Off|[of] p1a: Muk
|move|p2a: Garganacl|Curse|p2a: Garganacl
|-unboost|p2a: Garganacl|spe|1
|-boost|p2a: Garganacl|atk|1
|-boost|p2a: Garganacl|def|1
|
|-heal|p1a: Muk|32/100|[from] item: Leftovers
|upkeep
|turn|5
|
|t:|1758289565
|switch|p1a: Tentacruel|Tentacruel, F|100/100
|move|p2a: Garganacl|Salt Cure|p1a: Tentacruel
|-damage|p1a: Tentacruel|70/100
|-start|p1a: Tentacruel|Salt Cure
|
|-heal|p1a: Tentacruel|76/100|[from] item: Leftovers
|-damage|p1a: Tentacruel|51/100|[from] Salt Cure
|upkeep
|turn|6
|
|t:|1758289575
|move|p1a: Tentacruel|Hydro Pump|p2a: Garganacl
|-supereffective|p2a: Garganacl
|-damage|p2a: Garganacl|13/100
|move|p2a: Garganacl|Recover|p2a: Garganacl
|-heal|p2a: Garganacl|63/100
|
|-heal|p1a: Tentacruel|57/100|[from] item: Leftovers
|-damage|p1a: Tentacruel|32/100|[from] Salt Cure
|upkeep
|turn|7
|
|t:|1758289584
|move|p1a: Tentacruel|Hydro Pump|p2a: Garganacl
|-supereffective|p2a: Garganacl
|-damage|p2a: Garganacl|8/100
|move|p2a: Garganacl|Recover|p2a: Garganacl
|-heal|p2a: Garganacl|58/100
|
|-heal|p1a: Tentacruel|38/100|[from] item: Leftovers
|-damage|p1a: Tentacruel|13/100|[from] Salt Cure
|upkeep
|turn|8
|
|t:|1758289594
|move|p1a: Tentacruel|Hydro Pump|p2a: Garganacl
|-supereffective|p2a: Garganacl
|-damage|p2a: Garganacl|0 fnt
|faint|p2a: Garganacl
|
|-heal|p1a: Tentacruel|19/100|[from] item: Leftovers
|-damage|p1a: Tentacruel|0 fnt|[from] Salt Cure
|faint|p1a: Tentacruel
|upkeep
|
|t:|1758289608
|switch|p1a: Primeape|Primeape, M|7/100
|switch|p2a: Corviknight|Corviknight, F|100/100
|-ability|p2a: Corviknight|Pressure
|turn|9
|
|t:|1758289615
|move|p1a: Primeape|Ice Punch|p2a: Corviknight
|-crit|p2a: Corviknight
|-damage|p2a: Corviknight|81/100
|-damage|p1a: Primeape|0 fnt|[from] item: Rocky Helmet|[of] p2a: Corviknight
|faint|p1a: Primeape
|move|p2a: Corviknight|Iron Defense|p2a: Corviknight
|-boost|p2a: Corviknight|def|2
|
|upkeep
|
|t:|1758289623
|switch|p1a: Charizard|Charizard, M|100/100
|turn|10
|
|t:|1758289636
|switch|p2a: Araquanid|Araquanid, F|100/100
|move|p1a: Charizard|Air Slash|p2a: Araquanid
|-supereffective|p2a: Araquanid
|-crit|p2a: Araquanid
|-damage|p2a: Araquanid|15/100
|
|upkeep
|turn|11
|-enditem|p2a: Araquanid|Custap Berry|[eat]
|-activate|p2a: Araquanid|item: Custap Berry|[consumed]
|
|t:|1758289642
|move|p2a: Araquanid|Surf|p1a: Charizard
|-supereffective|p1a: Charizard
|-damage|p1a: Charizard|6/100
|move|p1a: Charizard|Air Slash|p2a: Araquanid
|-supereffective|p2a: Araquanid
|-damage|p2a: Araquanid|0 fnt
|faint|p2a: Araquanid
|
|upkeep
|
|t:|1758289651
|switch|p2a: Corviknight|Corviknight, F|81/100
|-ability|p2a: Corviknight|Pressure
|turn|12
|
|t:|1758289655
|move|p1a: Charizard|Flamethrower|p2a: Corviknight
|-supereffective|p2a: Corviknight
|-damage|p2a: Corviknight|0 fnt
|faint|p2a: Corviknight
|
|upkeep
|
|t:|1758289658
|switch|p2a: Enamorus|Enamorus, F|100/100
|turn|13
|
|t:|1758289663
|move|p2a: Enamorus|Moonblast|p1a: Charizard
|-resisted|p1a: Charizard
|-damage|p1a: Charizard|0 fnt
|faint|p1a: Charizard
|
|upkeep
|
|t:|1758289669
|switch|p1a: Muk|Muk-Alola, M|32/100
|turn|14
|
|t:|1758289673
|move|p2a: Enamorus|Earth Power|p1a: Muk
|-supereffective|p1a: Muk
|-damage|p1a: Muk|0 fnt
|faint|p1a: Muk
|
|upkeep
|
|t:|1758289689
|switch|p1a: Ribombee|Ribombee, F|100/100
|turn|15
|
|t:|1758289695
|move|p1a: Ribombee|Quiver Dance|p1a: Ribombee
|-boost|p1a: Ribombee|spa|1
|-boost|p1a: Ribombee|spd|1
|-boost|p1a: Ribombee|spe|1
|move|p2a: Enamorus|Calm Mind|p2a: Enamorus
|-boost|p2a: Enamorus|spa|1
|-boost|p2a: Enamorus|spd|1
|
|upkeep
|turn|16
|
|t:|1758289702
|move|p1a: Ribombee|Quiver Dance|p1a: Ribombee
|-boost|p1a: Ribombee|spa|1
|-boost|p1a: Ribombee|spd|1
|-boost|p1a: Ribombee|spe|1
|move|p2a: Enamorus|Calm Mind|p2a: Enamorus
|-boost|p2a: Enamorus|spa|1
|-boost|p2a: Enamorus|spd|1
|
|upkeep
|turn|17
|
|t:|1758289709
|move|p1a: Ribombee|Moonblast|p2a: Enamorus
|-damage|p2a: Enamorus|35/100
|move|p2a: Enamorus|Calm Mind|p2a: Enamorus
|-boost|p2a: Enamorus|spa|1
|-boost|p2a: Enamorus|spd|1
|
|upkeep
|turn|18
|
|t:|1758289715
|move|p1a: Ribombee|Moonblast|p2a: Enamorus
|-damage|p2a: Enamorus|0 fnt
|faint|p2a: Enamorus
|
|upkeep
|
|t:|1758289719
|switch|p2a: Dragapult|Dragapult, F|100/100
|turn|19
|
|t:|1758289722
|move|p1a: Ribombee|Moonblast|p2a: Dragapult
|-supereffective|p2a: Dragapult
|-damage|p2a: Dragapult|0 fnt
|faint|p2a: Dragapult
|
|win|captain_sunday
|raw|captain_sunday's rating: 1093 &rarr; <strong>1122</strong><br />(+29 for winning)
|raw|santiaegon's rating: 1136 &rarr; <strong>1108</strong><br />(-28 for losing)
|l|☆santiaegon
|player|p2|
|l|☆captain_sunday
|player|p1|
