|j|☆Rising Ursaring
|j|☆Obotwinkletoes
|t:|1758345465
|gametype|singles
|player|p1|Rising Ursaring|265|1387
|player|p2|Obotwinkletoes|2|1348
|gen|9
|tier|[Gen 9] OU
|rated|
|rule|HP Percentage Mod: HP is shown in percentages
|rule|Endless Battle Clause: Forcing endless battles is banned
|rule|Species Clause: Limit one of each Pokémon
|rule|OHKO Clause: OHKO moves are banned
|rule|Evasion Items Clause: Evasion items are banned
|rule|Evasion Moves Clause: Evasion moves are banned
|rule|Evasion Abilities Clause: Evasion abilities are banned
|rule|Sleep Moves Clause: Sleep-inducing moves are banned
|clearpoke
|poke|p1|Sinistcha|
|poke|p1|Slowking-Galar, F|
|poke|p1|Samurott-Hisui, M|
|poke|p1|Zamazenta-*|
|poke|p1|Gholdengo|
|poke|p1|Landorus-Therian, M|
|poke|p2|Thundurus, M|
|poke|p2|Slowking-Galar, M|
|poke|p2|Gyarados, M|
|poke|p2|Donphan, F|
|poke|p2|Diancie|
|poke|p2|Metagross|
|teampreview
|inactive|Battle timer is ON: inactive players will automatically lose when time's up. (requested by Obotwinkletoes)
|
|t:|1758345490
|teamsize|p1|6
|teamsize|p2|6
|start
|switch|p1a: Landorus|Landorus-Therian, M|100/100
|switch|p2a: Donphan|Donphan, F|100/100
|-ability|p1a: Landorus|Intimidate|boost
|-unboost|p2a: Donphan|atk|1
|turn|1
|
|t:|1758345497
|-terastallize|p1a: Landorus|Ice
|move|p1a: Landorus|Tera Blast|p2a: Donphan|[anim] Tera Blast Ice
|-supereffective|p2a: Donphan
|-damage|p2a: Donphan|37/100
|move|p2a: Donphan|Stealth Rock|p1a: Landorus
|-sidestart|p1: Rising Ursaring|move: Stealth Rock
|
|upkeep
|turn|2
|
|t:|1758345523
|switch|p2a: Gyarados|Gyarados, M, shiny|100/100
|move|p1a: Landorus|Tera Blast|p2a: Gyarados|[anim] Tera Blast Ice
|-damage|p2a: Gyarados|47/100
|
|-heal|p2a: Gyarados|53/100|[from] item: Leftovers
|upkeep
|turn|3
|inactive|Obotwinkletoes has 120 seconds left.
|
|t:|1758345542
|move|p1a: Landorus|Tera Blast|p2a: Gyarados|[anim] Tera Blast Ice
|-damage|p2a: Gyarados|3/100
|move|p2a: Gyarados|Dragon Dance|p2a: Gyarados
|-boost|p2a: Gyarados|atk|1
|-boost|p2a: Gyarados|spe|1
|
|-heal|p2a: Gyarados|9/100|[from] item: Leftovers
|upkeep
|turn|4
|
|t:|1758345551
|move|p1a: Landorus|Tera Blast|p2a: Gyarados|[anim] Tera Blast Ice
|-damage|p2a: Gyarados|0 fnt
|faint|p2a: Gyarados
|
|upkeep
|
|t:|1758345560
|switch|p2a: Metagross|Metagross, shiny|100/100
|turn|5
|
|t:|1758345576
|switch|p1a: Sinistcha|Sinistcha|100/100
|move|p2a: Metagross|Trailblaze|p1a: Sinistcha
|-resisted|p1a: Sinistcha
|-damage|p1a: Sinistcha|94/100
|-boost|p2a: Metagross|spe|1
|
|upkeep
|turn|6
|
|t:|1758345590
|-terastallize|p2a: Metagross|Dark
|move|p2a: Metagross|Knock Off|p1a: Sinistcha
|-supereffective|p1a: Sinistcha
|-damage|p1a: Sinistcha|19/100
|-enditem|p1a: Sinistcha|Heavy-Duty Boots|[from] move: Knock Off|[of] p2a: Metagross
|move|p1a: Sinistcha|Shadow Ball|p2a: Metagross
|-resisted|p2a: Metagross
|-damage|p2a: Metagross|81/100
|
|upkeep
|turn|7
|inactive|Rising Ursaring has 120 seconds left.
|
|t:|1758345637
|move|p2a: Metagross|Knock Off|p1a: Sinistcha
|-supereffective|p1a: Sinistcha
|-damage|p1a: Sinistcha|0 fnt
|faint|p1a: Sinistcha
|
|upkeep
|
|t:|1758345644
|switch|p1a: Landorus|Landorus-Therian, M, tera:Ice|100/100
|-damage|p1a: Landorus|76/100|[from] Stealth Rock
|-ability|p1a: Landorus|Intimidate|boost
|-fail|p2a: Metagross|unboost|[from] ability: Clear Body|[of] p2a: Metagross
|turn|8
|
|t:|1758345651
|move|p1a: Landorus|U-turn|p2a: Metagross
|-supereffective|p2a: Metagross
|-damage|p2a: Metagross|41/100
|-enditem|p2a: Metagross|Weakness Policy
|-boost|p2a: Metagross|atk|2|[from] item: Weakness Policy
|-boost|p2a: Metagross|spa|2|[from] item: Weakness Policy
|
|t:|1758345680
|switch|p1a: Zamazenta|Zamazenta|100/100|[from] U-turn
|-ability|p1a: Zamazenta|Dauntless Shield|boost
|-boost|p1a: Zamazenta|def|1
|move|p2a: Metagross|Trailblaze|p1a: Zamazenta
|-damage|p1a: Zamazenta|77/100
|-boost|p2a: Metagross|spe|1
|
|upkeep
|turn|9
|
|t:|1758345691
|move|p2a: Metagross|Psychic Fangs|p1a: Zamazenta
|-supereffective|p1a: Zamazenta
|-damage|p1a: Zamazenta|0 fnt
|faint|p1a: Zamazenta
|
|upkeep
|
|t:|1758345694
|switch|p1a: Landorus|Landorus-Therian, M, tera:Ice|76/100
|-damage|p1a: Landorus|51/100|[from] Stealth Rock
|-ability|p1a: Landorus|Intimidate|boost
|-fail|p2a: Metagross|unboost|[from] ability: Clear Body|[of] p2a: Metagross
|turn|10
|
|t:|1758345702
|move|p1a: Landorus|U-turn|p2a: Metagross
|-supereffective|p2a: Metagross
|-damage|p2a: Metagross|0 fnt
|faint|p2a: Metagross
|inactive|Rising Ursaring has 120 seconds left.
|
|t:|1758345707
|switch|p1a: Samurott|Samurott-Hisui, M|100/100|[from] U-turn
|-damage|p1a: Samurott|88/100|[from] Stealth Rock
|
|upkeep
|
|t:|1758345718
|switch|p2a: Thundurus|Thundurus, M, shiny|100/100
|turn|11
|inactive|Rising Ursaring has 120 seconds left.
|
|t:|1758345751
|switch|p1a: Slowking|Slowking-Galar, F|100/100
|move|p2a: Thundurus|Thunderbolt|p1a: Slowking
|-damage|p1a: Slowking|65/100
|-damage|p2a: Thundurus|90/100|[from] item: Life Orb
|
|upkeep
|turn|12
|
|t:|1758345761
|switch|p2a: Donphan|Donphan, F|37/100
|move|p1a: Slowking|Future Sight|p2a: Donphan
|-start|p1a: Slowking|move: Future Sight
|
|upkeep
|turn|13
|inactive|Rising Ursaring has 120 seconds left.
|
|t:|1758345783
|move|p2a: Donphan|Earthquake|p1a: Slowking
|-supereffective|p1a: Slowking
|-damage|p1a: Slowking|0 fnt
|faint|p1a: Slowking
|
|upkeep
|
|t:|1758345788
|switch|p1a: Samurott|Samurott-Hisui, M|88/100
|-damage|p1a: Samurott|76/100|[from] Stealth Rock
|turn|14
|
|t:|1758345800
|move|p1a: Samurott|Ceaseless Edge|p2a: Donphan
|-damage|p2a: Donphan|3/100
|-damage|p1a: Samurott|60/100|[from] item: Rocky Helmet|[of] p2a: Donphan
|-sidestart|p2: Obotwinkletoes|Spikes
|move|p2a: Donphan|Earthquake|p1a: Samurott
|-damage|p1a: Samurott|0 fnt
|faint|p1a: Samurott
|
|-end|p2a: Donphan|move: Future Sight
|-damage|p2a: Donphan|0 fnt
|faint|p2a: Donphan
|upkeep
|inactive|Obotwinkletoes has 120 seconds left.
|
|t:|1758345849
|switch|p1a: Gholdengo|Gholdengo|100/100
|switch|p2a: Slowking|Slowking-Galar, M, shiny|100/100
|-damage|p1a: Gholdengo|94/100|[from] Stealth Rock
|-item|p1a: Gholdengo|Air Balloon
|-damage|p2a: Slowking|88/100|[from] Spikes
|turn|15
|
|t:|1758345860
|move|p1a: Gholdengo|Nasty Plot|p1a: Gholdengo
|-boost|p1a: Gholdengo|spa|2
|-prepare|p2a: Slowking|Chilly Reception|[premajor]
|move|p2a: Slowking|Chilly Reception|p2a: Slowking
|-weather|Snowscape
|
|t:|1758345873
|switch|p2a: Thundurus|Thundurus, M, shiny|90/100|[from] Chilly Reception
|
|-weather|Snowscape|[upkeep]
|upkeep
|turn|16
|inactive|Rising Ursaring has 120 seconds left.
|
|t:|1758345888
|move|p2a: Thundurus|Thunderbolt|p1a: Gholdengo
|-damage|p1a: Gholdengo|35/100
|-enditem|p1a: Gholdengo|Air Balloon
|-damage|p2a: Thundurus|80/100|[from] item: Life Orb
|move|p1a: Gholdengo|Shadow Ball|p2a: Thundurus
|-damage|p2a: Thundurus|0 fnt
|faint|p2a: Thundurus
|
|-weather|Snowscape|[upkeep]
|upkeep
|inactive|Obotwinkletoes has 90 seconds left.
|
|t:|1758345908
|switch|p2a: Slowking|Slowking-Galar, M, shiny|100/100
|-damage|p2a: Slowking|88/100|[from] Spikes
|turn|17
|inactive|Rising Ursaring has 120 seconds left.
|inactive|Rising Ursaring has 90 seconds left.
|
|t:|1758345950
|move|p1a: Gholdengo|Shadow Ball|p2a: Slowking
|-supereffective|p2a: Slowking
|-damage|p2a: Slowking|0 fnt
|faint|p2a: Slowking
|
|-weather|Snowscape|[upkeep]
|upkeep
|
|t:|1758345957
|switch|p2a: Diancie|Diancie, shiny|100/100
|-damage|p2a: Diancie|88/100|[from] Spikes
|turn|18
|
|t:|1758345964
|move|p1a: Gholdengo|Make It Rain|p2a: Diancie
|-supereffective|p2a: Diancie
|-damage|p2a: Diancie|0 fnt
|-unboost|p1a: Gholdengo|spa|1
|faint|p2a: Diancie
|
|win|Rising Ursaring
|raw|Rising Ursaring's rating: 1429 &rarr; <strong>1444</strong><br />(+15 for winning)
|raw|Obotwinkletoes's rating: 1348 &rarr; <strong>1333</strong><br />(-15 for losing)
|c|☆Obotwinkletoes|Gg
|c|☆Rising Ursaring|gg
|l|☆Rising Ursaring
|player|p1|
|l|☆Obotwinkletoes
|player|p2|
