|j|☆TeamGiantDouche
|j|☆thetakerofunder
|t:|1758341900
|gametype|singles
|player|p1|TeamGiantDouche|2|1222
|player|p2|thetakerofunder|collector|1210
|gen|9
|tier|[Gen 9] OU
|rated|
|rule|HP Percentage Mod: HP is shown in percentages
|rule|Endless Battle Clause: Forcing endless battles is banned
|rule|Species Clause: Limit one of each Pokémon
|rule|OHKO Clause: OHKO moves are banned
|rule|Evasion Items Clause: Evasion items are banned
|rule|Evasion Moves Clause: Evasion moves are banned
|rule|Evasion Abilities Clause: Evasion abilities are banned
|rule|Sleep Moves Clause: Sleep-inducing moves are banned
|clearpoke
|poke|p1|Tyranitar, M|
|poke|p1|Hippowdon, F|
|poke|p1|Skarmory, M|
|poke|p1|Clodsire, M|
|poke|p1|Mandibuzz, F|
|poke|p1|Garganacl, M|
|poke|p2|Gliscor, M|
|poke|p2|Toxapex, M|
|poke|p2|Corviknight, F|
|poke|p2|Blissey, F|
|poke|p2|Weezing-Galar, M|
|poke|p2|Dondozo, F|
|teampreview
|inactive|Battle timer is ON: inactive players will automatically lose when time's up. (requested by thetakerofunder)
|
|t:|1758341917
|teamsize|p1|6
|teamsize|p2|6
|start
|switch|p1a: Clodsire|Clodsire, M|100/100
|switch|p2a: Toxapex|Toxapex, M|100/100
|turn|1
|
|t:|1758341921
|move|p2a: Toxapex|Toxic Spikes|p1a: Clodsire
|-sidestart|p1: TeamGiantDouche|move: Toxic Spikes
|move|p1a: Clodsire|Earthquake|p2a: Toxapex
|-supereffective|p2a: Toxapex
|-damage|p2a: Toxapex|67/100
|
|upkeep
|turn|2
|
|t:|1758341931
|switch|p2a: Corviknight|Corviknight, F|100/100
|-ability|p2a: Corviknight|Pressure
|switch|p1a: Skarmory|Skarmory, M|100/100
|
|upkeep
|turn|3
|
|t:|1758341938
|switch|p1a: Mandibuzz|Mandibuzz, F|100/100
|move|p2a: Corviknight|U-turn|p1a: Mandibuzz
|-damage|p1a: Mandibuzz|92/100
|
|t:|1758341942
|switch|p2a: Gliscor|Gliscor, M|100/100|[from] U-turn
|
|-status|p2a: Gliscor|tox|[from] item: Toxic Orb
|upkeep
|turn|4
|
|t:|1758341954
|move|p2a: Gliscor|Knock Off|p1a: Mandibuzz
|-resisted|p1a: Mandibuzz
|-damage|p1a: Mandibuzz|86/100
|-enditem|p1a: Mandibuzz|Heavy-Duty Boots|[from] move: Knock Off|[of] p2a: Gliscor
|move|p1a: Mandibuzz|Defog|p2a: Gliscor
|-unboost|p2a: Gliscor|evasion|1
|-sideend|p1: TeamGiantDouche|Toxic Spikes|[from] move: Defog|[of] p1a: Mandibuzz
|
|upkeep
|turn|5
|
|t:|1758341982
|switch|p1a: Skarmory|Skarmory, M|100/100
|move|p2a: Gliscor|Stealth Rock|p1a: Skarmory
|-sidestart|p1: TeamGiantDouche|move: Stealth Rock
|
|upkeep
|turn|6
|
|t:|1758341992
|move|p2a: Gliscor|Knock Off|p1a: Skarmory
|-damage|p1a: Skarmory|89/100
|-enditem|p1a: Skarmory|Leftovers|[from] move: Knock Off|[of] p2a: Gliscor
|move|p1a: Skarmory|Spikes|p2a: Gliscor
|-sidestart|p2: thetakerofunder|Spikes
|
|upkeep
|turn|7
|
|t:|1758342020
|switch|p2a: Weezing|Weezing-Galar, M|100/100
|-ability|p2a: Weezing|Neutralizing Gas
|-damage|p2a: Weezing|88/100|[from] Spikes
|move|p1a: Skarmory|Spikes|p2a: Weezing
|-sidestart|p2: thetakerofunder|Spikes
|
|-heal|p2a: Weezing|94/100|[from] item: Leftovers
|upkeep
|turn|8
|l|☆TeamGiantDouche
|inactive|TeamGiantDouche disconnected and has a minute to reconnect!
|player|p1|
|j|☆TeamGiantDouche
|inactive|TeamGiantDouche reconnected and has 120 seconds left.
|player|p1|TeamGiantDouche|2|
|
|t:|1758342066
|switch|p1a: Clodsire|Clodsire, M|100/100
|-damage|p1a: Clodsire|94/100|[from] Stealth Rock
|move|p2a: Weezing|Will-O-Wisp|p1a: Clodsire
|-status|p1a: Clodsire|brn
|
|-heal|p2a: Weezing|99/100|[from] item: Leftovers
|-heal|p1a: Clodsire|100/100 brn|[from] item: Leftovers
|-damage|p1a: Clodsire|94/100 brn|[from] brn
|upkeep
|turn|9
|inactive|thetakerofunder has 120 seconds left.
|
|t:|1758342096
|-end|p2a: Weezing|ability: Neutralizing Gas
|switch|p2a: Gliscor|Gliscor, M|100/100 tox
|move|p1a: Clodsire|Earthquake|p2a: Gliscor
|-immune|p2a: Gliscor
|
|-heal|p1a: Clodsire|100/100 brn|[from] item: Leftovers
|-damage|p1a: Clodsire|94/100 brn|[from] brn
|upkeep
|turn|10
|inactive|TeamGiantDouche has 120 seconds left.
|inactive|thetakerofunder has 120 seconds left.
|
|t:|1758342118
|move|p1a: Clodsire|Protect|p1a: Clodsire
|-singleturn|p1a: Clodsire|Protect
|move|p2a: Gliscor|Knock Off|p1a: Clodsire
|-activate|p1a: Clodsire|move: Protect
|
|-heal|p1a: Clodsire|100/100 brn|[from] item: Leftovers
|-damage|p1a: Clodsire|94/100 brn|[from] brn
|upkeep
|turn|11
|
|t:|1758342126
|switch|p1a: Mandibuzz|Mandibuzz, F|86/100
|-damage|p1a: Mandibuzz|61/100|[from] Stealth Rock
|move|p2a: Gliscor|Knock Off|p1a: Mandibuzz
|-resisted|p1a: Mandibuzz
|-damage|p1a: Mandibuzz|57/100
|
|upkeep
|turn|12
|
|t:|1758342132
|move|p2a: Gliscor|Stealth Rock||[still]
|-fail|p2a: Gliscor
|move|p1a: Mandibuzz|Defog|p2a: Gliscor
|-unboost|p2a: Gliscor|evasion|1
|-sideend|p2: thetakerofunder|Spikes|[from] move: Defog|[of] p1a: Mandibuzz
|-sideend|p1: TeamGiantDouche|Stealth Rock|[from] move: Defog|[of] p1a: Mandibuzz
|
|upkeep
|turn|13
|
|t:|1758342136
|move|p2a: Gliscor|Stealth Rock|p1a: Mandibuzz
|-sidestart|p1: TeamGiantDouche|move: Stealth Rock
|move|p1a: Mandibuzz|Knock Off|p2a: Gliscor
|-damage|p2a: Gliscor|84/100 tox
|-enditem|p2a: Gliscor|Toxic Orb|[from] move: Knock Off|[of] p1a: Mandibuzz
|
|-heal|p2a: Gliscor|96/100 tox|[from] ability: Poison Heal
|upkeep
|turn|14
|
|t:|1758342146
|switch|p2a: Toxapex|Toxapex, M|99/100
|move|p1a: Mandibuzz|Roost|p1a: Mandibuzz
|-heal|p1a: Mandibuzz|100/100
|-singleturn|p1a: Mandibuzz|move: Roost
|
|upkeep
|turn|15
|
|t:|1758342152
|move|p1a: Mandibuzz|Knock Off|p2a: Toxapex
|-crit|p2a: Toxapex
|-damage|p2a: Toxapex|79/100
|-enditem|p2a: Toxapex|Heavy-Duty Boots|[from] move: Knock Off|[of] p1a: Mandibuzz
|move|p2a: Toxapex|Sludge Bomb|p1a: Mandibuzz
|-damage|p1a: Mandibuzz|85/100
|-status|p1a: Mandibuzz|psn
|
|-damage|p1a: Mandibuzz|72/100 psn|[from] psn
|upkeep
|turn|16
|
|t:|1758342165
|move|p1a: Mandibuzz|Defog|p2a: Toxapex
|-unboost|p2a: Toxapex|evasion|1
|-sideend|p1: TeamGiantDouche|Stealth Rock|[from] move: Defog|[of] p1a: Mandibuzz
|move|p2a: Toxapex|Toxic Spikes|p1a: Mandibuzz
|-sidestart|p1: TeamGiantDouche|move: Toxic Spikes
|
|-damage|p1a: Mandibuzz|60/100 psn|[from] psn
|upkeep
|turn|17
|
|t:|1758342173
|switch|p1a: Clodsire|Clodsire, M|94/100 brn
|-sideend|p1: TeamGiantDouche|move: Toxic Spikes|[of] p1a: Clodsire
|move|p2a: Toxapex|Sludge Bomb|p1a: Clodsire
|-resisted|p1a: Clodsire
|-damage|p1a: Clodsire|92/100 brn
|
|-heal|p1a: Clodsire|98/100 brn|[from] item: Leftovers
|-damage|p1a: Clodsire|92/100 brn|[from] brn
|upkeep
|turn|18
|
|t:|1758342180
|switch|p2a: Gliscor|Gliscor, M|96/100 tox
|switch|p1a: Skarmory|Skarmory, M|89/100
|
|-heal|p2a: Gliscor|100/100 tox|[from] ability: Poison Heal
|upkeep
|turn|19
|
|t:|1758342194
|move|p2a: Gliscor|Stealth Rock|p1a: Skarmory
|-sidestart|p1: TeamGiantDouche|move: Stealth Rock
|move|p1a: Skarmory|Spikes|p2a: Gliscor
|-sidestart|p2: thetakerofunder|Spikes
|
|upkeep
|turn|20
|
|t:|1758342199
|switch|p2a: Corviknight|Corviknight, F|100/100
|-ability|p2a: Corviknight|Pressure
|move|p1a: Skarmory|Spikes|p2a: Corviknight
|-sidestart|p2: thetakerofunder|Spikes
|
|upkeep
|turn|21
|
|t:|1758342202
|switch|p2a: Gliscor|Gliscor, M|100/100 tox
|move|p1a: Skarmory|Spikes|p2a: Gliscor
|-sidestart|p2: thetakerofunder|Spikes
|
|upkeep
|turn|22
|
|t:|1758342206
|switch|p2a: Corviknight|Corviknight, F|100/100
|-ability|p2a: Corviknight|Pressure
|switch|p1a: Mandibuzz|Mandibuzz, F|60/100 psn
|-damage|p1a: Mandibuzz|35/100 psn|[from] Stealth Rock
|
|-damage|p1a: Mandibuzz|23/100 psn|[from] psn
|upkeep
|turn|23
|
|t:|1758342215
|move|p1a: Mandibuzz|Roost|p1a: Mandibuzz
|-heal|p1a: Mandibuzz|73/100 psn
|-singleturn|p1a: Mandibuzz|move: Roost
|move|p2a: Corviknight|U-turn|p1a: Mandibuzz
|-supereffective|p1a: Mandibuzz
|-damage|p1a: Mandibuzz|57/100 psn
|
|t:|1758342217
|switch|p2a: Gliscor|Gliscor, M|100/100 tox|[from] U-turn
|
|-damage|p1a: Mandibuzz|44/100 psn|[from] psn
|upkeep
|turn|24
|
|t:|1758342225
|switch|p2a: Corviknight|Corviknight, F|100/100
|-ability|p2a: Corviknight|Pressure
|move|p1a: Mandibuzz|Roost|p1a: Mandibuzz
|-heal|p1a: Mandibuzz|94/100 psn
|-singleturn|p1a: Mandibuzz|move: Roost
|
|-damage|p1a: Mandibuzz|82/100 psn|[from] psn
|upkeep
|turn|25
|
|t:|1758342230
|switch|p2a: Gliscor|Gliscor, M|100/100 tox
|move|p1a: Mandibuzz|Knock Off|p2a: Gliscor
|-damage|p2a: Gliscor|89/100 tox
|
|-heal|p2a: Gliscor|100/100 tox|[from] ability: Poison Heal
|-damage|p1a: Mandibuzz|70/100 psn|[from] psn
|upkeep
|turn|26
|
|t:|1758342235
|move|p2a: Gliscor|Stealth Rock||[still]
|-fail|p2a: Gliscor
|move|p1a: Mandibuzz|Knock Off|p2a: Gliscor
|-damage|p2a: Gliscor|89/100 tox
|
|-heal|p2a: Gliscor|100/100 tox|[from] ability: Poison Heal
|-damage|p1a: Mandibuzz|57/100 psn|[from] psn
|upkeep
|turn|27
|
|t:|1758342242
|switch|p2a: Corviknight|Corviknight, F|100/100
|-ability|p2a: Corviknight|Pressure
|move|p1a: Mandibuzz|Defog|p2a: Corviknight
|-unboost|p2a: Corviknight|evasion|1
|-sideend|p2: thetakerofunder|Spikes|[from] move: Defog|[of] p1a: Mandibuzz
|-sideend|p1: TeamGiantDouche|Stealth Rock|[from] move: Defog|[of] p1a: Mandibuzz
|
|-damage|p1a: Mandibuzz|45/100 psn|[from] psn
|upkeep
|turn|28
|
|t:|1758342247
|switch|p2a: Gliscor|Gliscor, M|100/100 tox
|move|p1a: Mandibuzz|Roost|p1a: Mandibuzz
|-heal|p1a: Mandibuzz|95/100 psn
|-singleturn|p1a: Mandibuzz|move: Roost
|
|-damage|p1a: Mandibuzz|83/100 psn|[from] psn
|upkeep
|turn|29
|-message|TeamGiantDouche forfeited.
|
|win|thetakerofunder
|raw|TeamGiantDouche's rating: 1222 &rarr; <strong>1196</strong><br />(-26 for losing)
|raw|thetakerofunder's rating: 1210 &rarr; <strong>1236</strong><br />(+26 for winning)
|l|☆TeamGiantDouche
|player|p1|
|c|☆thetakerofunder|lol
|l|☆thetakerofunder
|player|p2|
