|j|☆Barronmaster
|j|☆psychic boy clancy
|t:|1758375433
|gametype|singles
|player|p1|Barronmaster|170|1593
|player|p2|psychic boy clancy|pryce|1632
|gen|9
|tier|[Gen 9] OU
|rated|
|rule|HP Percentage Mod: HP is shown in percentages
|rule|Endless Battle Clause: Forcing endless battles is banned
|rule|Species Clause: Limit one of each Pokémon
|rule|OHKO Clause: OHKO moves are banned
|rule|Evasion Items Clause: Evasion items are banned
|rule|Evasion Moves Clause: Evasion moves are banned
|rule|Evasion Abilities Clause: Evasion abilities are banned
|rule|Sleep Moves Clause: Sleep-inducing moves are banned
|clearpoke
|poke|p1|Hoopa-Unbound|
|poke|p1|Ninetales-Alola, F|
|poke|p1|Slowking-Galar, M|
|poke|p1|Cloyster, F|
|poke|p1|Zoroark, M|
|poke|p1|Indeedee, M|
|poke|p2|Great Tusk|
|poke|p2|Enamorus, F|
|poke|p2|Ogerpon, F|
|poke|p2|Primarina, M|
|poke|p2|Kingambit, M|
|poke|p2|Slowking-Galar, M|
|teampreview
|inactive|Battle timer is ON: inactive players will automatically lose when time's up. (requested by psychic boy clancy)
|
|t:|1758375438
|teamsize|p1|6
|teamsize|p2|6
|start
|switch|p1a: Hoopa|Hoopa-Unbound|100/100
|switch|p2a: Ogerpon|Ogerpon, F|100/100
|turn|1
|
|t:|1758375458
|-terastallize|p2a: Ogerpon|Grass
|detailschange|p2a: Ogerpon|Ogerpon-Teal-Tera, F, tera:Grass
|-ability|p2a: Ogerpon|Embody Aspect (Teal)|boost
|-boost|p2a: Ogerpon|spe|1
|move|p1a: Hoopa|Sucker Punch|p2a: Ogerpon
|-damage|p2a: Ogerpon|38/100
|-damage|p1a: Hoopa|91/100|[from] item: Life Orb
|move|p2a: Ogerpon|U-turn|p1a: Hoopa
|-supereffective|p1a: Hoopa
|-damage|p1a: Hoopa|0 fnt
|replace|p1a: Zoroark|Zoroark, M
|-end|p1a: Zoroark|Illusion
|faint|p1a: Zoroark
|
|t:|1758375478
|switch|p2a: Kingambit|Kingambit, M|100/100|[from] U-turn
|
|upkeep
|j| wgw2333
|
|t:|1758375487
|switch|p1a: Ninetales|Ninetales-Alola, F|100/100
|-weather|Snowscape|[from] ability: Snow Warning|[of] p1a: Ninetales
|turn|2
|
|t:|1758375495
|-terastallize|p1a: Ninetales|Steel
|move|p1a: Ninetales|Aurora Veil|p1a: Ninetales
|-sidestart|p1: Barronmaster|move: Aurora Veil
|move|p2a: Kingambit|Iron Head|p1a: Ninetales
|-resisted|p1a: Ninetales
|-crit|p1a: Ninetales
|-damage|p1a: Ninetales|44/100
|
|-weather|Snowscape|[upkeep]
|upkeep
|turn|3
|
|t:|1758375509
|switch|p1a: Hoopa|Hoopa-Unbound|100/100
|-end|p2a: Kingambit|fallenundefined|[silent]
|switch|p2a: Slowking|Slowking-Galar, M|100/100
|
|-weather|Snowscape|[upkeep]
|upkeep
|turn|4
|
|t:|1758375524
|switch|p2a: Enamorus|Enamorus, F|100/100
|move|p1a: Hoopa|Knock Off|p2a: Enamorus
|-resisted|p2a: Enamorus
|-damage|p2a: Enamorus|53/100
|-enditem|p2a: Enamorus|Choice Scarf|[from] move: Knock Off|[of] p1a: Hoopa
|
|-weather|Snowscape|[upkeep]
|upkeep
|turn|5
|
|t:|1758375534
|move|p2a: Enamorus|Moonblast|p1a: Hoopa
|-supereffective|p1a: Hoopa
|-damage|p1a: Hoopa|71/100
|move|p1a: Hoopa|Thunderbolt|p2a: Enamorus
|-supereffective|p2a: Enamorus
|-damage|p2a: Enamorus|0 fnt
|faint|p2a: Enamorus
|
|-weather|Snowscape|[upkeep]
|upkeep
|
|t:|1758375552
|switch|p2a: Ogerpon|Ogerpon-Teal-Tera, F, tera:Grass|38/100
|-ability|p2a: Ogerpon|Embody Aspect (Teal)|boost
|-boost|p2a: Ogerpon|spe|1
|turn|6
|
|t:|1758375561
|switch|p1a: Cloyster|Cloyster, F|100/100
|move|p2a: Ogerpon|U-turn|p1a: Cloyster
|-damage|p1a: Cloyster|91/100
|
|t:|1758375567
|switch|p2a: Primarina|Primarina, M|100/100|[from] U-turn
|
|-weather|none
|upkeep
|turn|7
|inactive|Barronmaster has 120 seconds left.
|inactive|Barronmaster has 90 seconds left.
|
|t:|1758375648
|switch|p1a: Slowking|Slowking-Galar, M|100/100
|move|p2a: Primarina|Moonblast|p1a: Slowking
|-resisted|p1a: Slowking
|-damage|p1a: Slowking|90/100
|
|-heal|p1a: Slowking|96/100|[from] item: Leftovers
|upkeep
|turn|8
|
|t:|1758375658
|move|p2a: Primarina|Substitute|p2a: Primarina
|-start|p2a: Primarina|Substitute
|-damage|p2a: Primarina|76/100
|move|p1a: Slowking|Nasty Plot|p1a: Slowking
|-boost|p1a: Slowking|spa|2
|
|-heal|p2a: Primarina|82/100|[from] item: Leftovers
|-heal|p1a: Slowking|100/100|[from] item: Leftovers
|upkeep
|turn|9
|
|t:|1758375669
|move|p2a: Primarina|Whirlpool|p1a: Slowking
|-damage|p1a: Slowking|93/100
|-activate|p1a: Slowking|move: Whirlpool|[of] p2a: Primarina
|move|p1a: Slowking|Psychic Noise|p2a: Primarina
|-damage|p2a: Primarina|22/100
|-start|p2a: Primarina|move: Heal Block
|
|-heal|p1a: Slowking|99/100|[from] item: Leftovers
|-damage|p1a: Slowking|87/100|[from] move: Whirlpool|[partiallytrapped]
|-sideend|p1: Barronmaster|move: Aurora Veil
|upkeep
|turn|10
|
|t:|1758375684
|move|p2a: Primarina|Psychic Noise|p1a: Slowking
|-damage|p1a: Slowking|54/100
|-start|p1a: Slowking|move: Heal Block
|move|p1a: Slowking|Trick Room|p1a: Slowking
|-fieldstart|move: Trick Room|[of] p1a: Slowking
|
|-damage|p1a: Slowking|41/100|[from] move: Whirlpool|[partiallytrapped]
|-end|p2a: Primarina|move: Heal Block
|upkeep
|turn|11
|
|t:|1758375696
|move|p1a: Slowking|Psychic Noise|p2a: Primarina
|-damage|p2a: Primarina|0 fnt
|faint|p2a: Primarina
|
|-end|p1a: Slowking|Whirlpool|[partiallytrapped]|[silent]
|-end|p1a: Slowking|move: Heal Block
|upkeep
|
|t:|1758375706
|switch|p2a: Kingambit|Kingambit, M|100/100
|-activate|p2a: Kingambit|ability: Supreme Overlord
|-start|p2a: Kingambit|fallen2|[silent]
|turn|12
|
|t:|1758375720
|switch|p1a: Indeedee|Indeedee, M|100/100
|-fieldstart|move: Psychic Terrain|[from] ability: Psychic Surge|[of] p1a: Indeedee
|move|p2a: Kingambit|Kowtow Cleave|p1a: Indeedee
|-supereffective|p1a: Indeedee
|-damage|p1a: Indeedee|0 fnt
|faint|p1a: Indeedee
|
|upkeep
|
|t:|1758375726
|switch|p1a: Slowking|Slowking-Galar, M|75/100
|turn|13
|
|t:|1758375748
|-end|p2a: Kingambit|fallen2|[silent]
|switch|p2a: Slowking|Slowking-Galar, M|100/100
|move|p1a: Slowking|Flamethrower|p2a: Slowking
|-damage|p2a: Slowking|83/100
|
|-heal|p1a: Slowking|81/100|[from] item: Leftovers
|upkeep
|turn|14
|
|t:|1758375757
|move|p1a: Slowking|Nasty Plot|p1a: Slowking
|-boost|p1a: Slowking|spa|2
|move|p2a: Slowking|Psychic Noise|p1a: Slowking
|-damage|p1a: Slowking|54/100
|-start|p1a: Slowking|move: Heal Block
|
|-fieldend|move: Trick Room
|upkeep
|turn|15
|
|t:|1758375770
|move|p2a: Slowking|Psychic Noise|p1a: Slowking
|-damage|p1a: Slowking|26/100
|move|p1a: Slowking|Psychic Noise|p2a: Slowking
|-damage|p2a: Slowking|30/100
|-start|p2a: Slowking|move: Heal Block
|
|-end|p1a: Slowking|move: Heal Block
|upkeep
|turn|16
|
|t:|1758375781
|switch|p1a: Hoopa|Hoopa-Unbound|71/100
|move|p2a: Slowking|Psychic Noise|p1a: Hoopa
|-immune|p1a: Hoopa
|
|-end|p2a: Slowking|move: Heal Block
|-fieldend|move: Psychic Terrain
|upkeep
|turn|17
|inactive|Barronmaster has 120 seconds left.
|
|t:|1758375800
|switch|p1a: Ninetales|Ninetales-Alola, F, tera:Steel|44/100
|-weather|Snowscape|[from] ability: Snow Warning|[of] p1a: Ninetales
|move|p2a: Slowking|Sludge Bomb|p1a: Ninetales
|-immune|p1a: Ninetales
|
|-weather|Snowscape|[upkeep]
|upkeep
|turn|18
|
|t:|1758375809
|move|p1a: Ninetales|Aurora Veil|p1a: Ninetales
|-sidestart|p1: Barronmaster|move: Aurora Veil
|move|p2a: Slowking|Flamethrower|p1a: Ninetales
|-supereffective|p1a: Ninetales
|-damage|p1a: Ninetales|16/100
|
|-weather|Snowscape|[upkeep]
|upkeep
|turn|19
|
|t:|1758375819
|switch|p1a: Slowking|Slowking-Galar, M|59/100
|switch|p2a: Ogerpon|Ogerpon-Teal-Tera, F, tera:Grass|38/100
|-ability|p2a: Ogerpon|Embody Aspect (Teal)|boost
|-boost|p2a: Ogerpon|spe|1
|
|-weather|Snowscape|[upkeep]
|-heal|p1a: Slowking|65/100|[from] item: Leftovers
|upkeep
|turn|20
|
|t:|1758375835
|move|p2a: Ogerpon|Knock Off|p1a: Slowking
|-supereffective|p1a: Slowking
|-damage|p1a: Slowking|9/100
|-enditem|p1a: Slowking|Leftovers|[from] move: Knock Off|[of] p2a: Ogerpon
|move|p1a: Slowking|Flamethrower|p2a: Ogerpon
|-supereffective|p2a: Ogerpon
|-damage|p2a: Ogerpon|0 fnt
|faint|p2a: Ogerpon
|detailschange|p2: Ogerpon|Ogerpon, F|[silent]
|
|-weather|Snowscape|[upkeep]
|upkeep
|
|t:|1758375846
|switch|p2a: Great Tusk|Great Tusk|100/100
|turn|21
|
|t:|1758375869
|switch|p1a: Cloyster|Cloyster, F|91/100
|move|p2a: Great Tusk|Stealth Rock|p1a: Cloyster
|-sidestart|p1: Barronmaster|move: Stealth Rock
|
|-weather|none
|upkeep
|turn|22
|
|t:|1758375882
|move|p2a: Great Tusk|Headlong Rush|p1a: Cloyster
|-damage|p1a: Cloyster|69/100
|-unboost|p2a: Great Tusk|def|1
|-unboost|p2a: Great Tusk|spd|1
|move|p1a: Cloyster|Shell Smash|p1a: Cloyster
|-unboost|p1a: Cloyster|def|1
|-unboost|p1a: Cloyster|spd|1
|-boost|p1a: Cloyster|atk|2
|-boost|p1a: Cloyster|spa|2
|-boost|p1a: Cloyster|spe|2
|
|upkeep
|turn|23
|
|t:|1758375893
|move|p1a: Cloyster|Icicle Spear|p2a: Great Tusk
|-supereffective|p2a: Great Tusk
|-damage|p2a: Great Tusk|63/100
|-supereffective|p2a: Great Tusk
|-damage|p2a: Great Tusk|19/100
|-supereffective|p2a: Great Tusk
|-damage|p2a: Great Tusk|0 fnt
|faint|p2a: Great Tusk
|-end|p2a: Great Tusk|Protosynthesis|[silent]
|-hitcount|p2: Great Tusk|3
|
|upkeep
|
|t:|1758375901
|switch|p2a: Slowking|Slowking-Galar, M|63/100
|turn|24
|
|t:|1758375905
|switch|p2a: Kingambit|Kingambit, M|100/100
|-activate|p2a: Kingambit|ability: Supreme Overlord
|-start|p2a: Kingambit|fallen4|[silent]
|move|p1a: Cloyster|Icicle Spear|p2a: Kingambit
|-resisted|p2a: Kingambit
|-damage|p2a: Kingambit|91/100
|-resisted|p2a: Kingambit
|-damage|p2a: Kingambit|82/100
|-resisted|p2a: Kingambit
|-damage|p2a: Kingambit|74/100
|-resisted|p2a: Kingambit
|-damage|p2a: Kingambit|65/100
|-resisted|p2a: Kingambit
|-damage|p2a: Kingambit|56/100
|-hitcount|p2a: Kingambit|5
|
|-heal|p2a: Kingambit|62/100|[from] item: Leftovers
|upkeep
|turn|25
|
|t:|1758375929
|-end|p2a: Kingambit|fallen4|[silent]
|switch|p2a: Slowking|Slowking-Galar, M|96/100
|move|p1a: Cloyster|Icicle Spear|p2a: Slowking
|-damage|p2a: Slowking|79/100
|-damage|p2a: Slowking|62/100
|-damage|p2a: Slowking|46/100
|-damage|p2a: Slowking|27/100
|-damage|p2a: Slowking|12/100
|-hitcount|p2a: Slowking|5
|
|-sideend|p1: Barronmaster|move: Aurora Veil
|upkeep
|turn|26
|
|t:|1758375941
|move|p1a: Cloyster|Icicle Spear|p2a: Slowking
|-damage|p2a: Slowking|0 fnt
|faint|p2a: Slowking
|-hitcount|p2: Slowking|1
|
|upkeep
|
|t:|1758375946
|switch|p2a: Kingambit|Kingambit, M|62/100
|-activate|p2a: Kingambit|ability: Supreme Overlord
|-start|p2a: Kingambit|fallen5|[silent]
|turn|27
|
|t:|1758375959
|switch|p1a: Slowking|Slowking-Galar, M|42/100
|-damage|p1a: Slowking|29/100|[from] Stealth Rock
|move|p2a: Kingambit|Sucker Punch||[still]
|-fail|p2a: Kingambit
|
|-heal|p2a: Kingambit|68/100|[from] item: Leftovers
|upkeep
|turn|28
|
|t:|1758375971
|move|p2a: Kingambit|Kowtow Cleave|p1a: Slowking
|-supereffective|p1a: Slowking
|-damage|p1a: Slowking|0 fnt
|faint|p1a: Slowking
|
|-heal|p2a: Kingambit|74/100|[from] item: Leftovers
|upkeep
|
|t:|1758375974
|switch|p1a: Ninetales|Ninetales-Alola, F, tera:Steel|16/100
|-damage|p1a: Ninetales|10/100|[from] Stealth Rock
|-weather|Snowscape|[from] ability: Snow Warning|[of] p1a: Ninetales
|turn|29
|
|t:|1758375983
|move|p1a: Ninetales|Aurora Veil|p1a: Ninetales
|-sidestart|p1: Barronmaster|move: Aurora Veil
|move|p2a: Kingambit|Kowtow Cleave|p1a: Ninetales
|-damage|p1a: Ninetales|0 fnt
|faint|p1a: Ninetales
|
|-weather|Snowscape|[upkeep]
|-heal|p2a: Kingambit|80/100|[from] item: Leftovers
|upkeep
|
|t:|1758375999
|switch|p1a: Hoopa|Hoopa-Unbound|71/100
|-damage|p1a: Hoopa|58/100|[from] Stealth Rock
|turn|30
|
|t:|1758376004
|move|p2a: Kingambit|Sucker Punch|p1a: Hoopa
|-damage|p1a: Hoopa|13/100
|move|p1a: Hoopa|Drain Punch|p2a: Kingambit
|-supereffective|p2a: Kingambit
|-damage|p2a: Kingambit|0 fnt
|-heal|p1a: Hoopa|57/100|[from] drain|[of] p2a: Kingambit
|faint|p2a: Kingambit
|-end|p2a: Kingambit|fallen5|[silent]
|
|win|Barronmaster
|raw|Barronmaster's rating: 1593 &rarr; <strong>1615</strong><br />(+22 for winning)
|raw|psychic boy clancy's rating: 1632 &rarr; <strong>1610</strong><br />(-22 for losing)
|l|☆psychic boy clancy
|player|p2|
|l|☆Barronmaster
|player|p1|
