|j|☆The Paldea Region
|j|☆RighteousHideous
|t:|1758375037
|gametype|singles
|player|p1|The Paldea Region|emma|1451
|player|p2|RighteousHideous|fisherman-gen4|1514
|gen|9
|tier|[Gen 9] OU
|rated|
|rule|HP Percentage Mod: HP is shown in percentages
|rule|Endless Battle Clause: Forcing endless battles is banned
|rule|Species Clause: Limit one of each Pokémon
|rule|OHKO Clause: OHKO moves are banned
|rule|Evasion Items Clause: Evasion items are banned
|rule|Evasion Moves Clause: Evasion moves are banned
|rule|Evasion Abilities Clause: Evasion abilities are banned
|rule|Sleep Moves Clause: Sleep-inducing moves are banned
|clearpoke
|poke|p1|Veluza, M|
|poke|p1|Tornadus-Therian, M|
|poke|p1|Blissey, F|
|poke|p1|Gliscor, M|
|poke|p1|Iron Valiant|
|poke|p1|Scizor, F|
|poke|p2|Gholdengo|
|poke|p2|Walking Wake|
|poke|p2|Samurott-Hisui, M|
|poke|p2|Iron Treads|
|poke|p2|Sinistcha-Masterpiece|
|poke|p2|Zamazenta-*|
|teampreview
|
|t:|1758375047
|teamsize|p1|6
|teamsize|p2|6
|start
|switch|p1a: Veluza|Veluza, M|100/100
|switch|p2a: Iron Treads|Iron Treads|100/100
|-ability|p1a: Veluza|Mold Breaker
|turn|1
|
|t:|1758375064
|-end|p2a: Iron Treads|Quark Drive|[silent]
|switch|p2a: Sinistcha|Sinistcha-Masterpiece|100/100
|move|p1a: Veluza|Final Gambit|p2a: Sinistcha
|-immune|p2a: Sinistcha
|
|upkeep
|turn|2
|inactive|Battle timer is ON: inactive players will automatically lose when time's up. (requested by RighteousHideous)
|
|t:|1758375074
|switch|p1a: Tornadus|Tornadus-Therian, M|100/100
|move|p2a: Sinistcha|Shadow Ball|p1a: Tornadus
|-damage|p1a: Tornadus|44/100
|-enditem|p1a: Tornadus|Eject Button
|
|t:|1758375081
|switch|p1a: Blissey|Blissey, F|100/100
|
|upkeep
|turn|3
|
|t:|1758375086
|switch|p1a: Veluza|Veluza, M|100/100
|-ability|p1a: Veluza|Mold Breaker
|switch|p2a: Iron Treads|Iron Treads|100/100
|
|upkeep
|turn|4
|
|t:|1758375090
|switch|p1a: Blissey|Blissey, F|100/100
|-end|p2a: Iron Treads|Quark Drive|[silent]
|switch|p2a: Sinistcha|Sinistcha-Masterpiece|100/100
|
|upkeep
|turn|5
|
|t:|1758375103
|switch|p2a: Gholdengo|Gholdengo|100/100
|move|p1a: Blissey|Trick|p2a: Gholdengo
|-immune|p2a: Gholdengo|[from] ability: Good as Gold
|
|upkeep
|turn|6
|
|t:|1758375119
|move|p2a: Gholdengo|Shadow Ball|p1a: Blissey
|-immune|p1a: Blissey
|move|p1a: Blissey|Trick|p2a: Gholdengo
|-immune|p2a: Gholdengo|[from] ability: Good as Gold
|
|upkeep
|turn|7
|
|t:|1758375127
|switch|p1a: Gliscor|Gliscor, M|100/100
|move|p2a: Gholdengo|Shadow Ball|p1a: Gliscor
|-damage|p1a: Gliscor|65/100
|
|-status|p1a: Gliscor|tox|[from] item: Toxic Orb
|upkeep
|turn|8
|
|t:|1758375137
|switch|p2a: Samurott|Samurott-Hisui, M|100/100
|switch|p1a: Veluza|Veluza, M|100/100
|-ability|p1a: Veluza|Mold Breaker
|
|upkeep
|turn|9
|
|t:|1758375154
|switch|p2a: Gholdengo|Gholdengo|100/100
|move|p1a: Veluza|Final Gambit|p2a: Gholdengo
|-immune|p2a: Gholdengo
|
|upkeep
|turn|10
|
|t:|1758375168
|switch|p1a: Blissey|Blissey, F|100/100
|move|p2a: Gholdengo|Shadow Ball|p1a: Blissey
|-immune|p1a: Blissey
|
|upkeep
|turn|11
|
|t:|1758375181
|move|p2a: Gholdengo|Shadow Ball|p1a: Blissey
|-immune|p1a: Blissey
|move|p1a: Blissey|Shadow Ball|p2a: Gholdengo
|-supereffective|p2a: Gholdengo
|-damage|p2a: Gholdengo|67/100
|
|upkeep
|turn|12
|
|t:|1758375195
|switch|p2a: Samurott|Samurott-Hisui, M|100/100
|move|p1a: Blissey|Shadow Ball|p2a: Samurott
|-resisted|p2a: Samurott
|-damage|p2a: Samurott|95/100
|
|upkeep
|turn|13
|
|t:|1758375205
|switch|p1a: Iron Valiant|Iron Valiant|100/100
|-enditem|p1a: Iron Valiant|Booster Energy
|-activate|p1a: Iron Valiant|ability: Quark Drive|[fromitem]
|-start|p1a: Iron Valiant|quarkdrivespe
|move|p2a: Samurott|Ceaseless Edge|p1a: Iron Valiant
|-resisted|p1a: Iron Valiant
|-damage|p1a: Iron Valiant|88/100
|-sidestart|p1: The Paldea Region|Spikes
|
|upkeep
|turn|14
|inactive|The Paldea Region has 120 seconds left.
|
|t:|1758375236
|switch|p2a: Sinistcha|Sinistcha-Masterpiece|100/100
|move|p1a: Iron Valiant|Encore||[still]
|-fail|p1a: Iron Valiant
|
|upkeep
|turn|15
|inactive|The Paldea Region has 120 seconds left.
|inactive|RighteousHideous has 120 seconds left.
|
|t:|1758375254
|switch|p2a: Zamazenta|Zamazenta|100/100
|-ability|p2a: Zamazenta|Dauntless Shield|boost
|-boost|p2a: Zamazenta|def|1
|move|p1a: Iron Valiant|Calm Mind|p1a: Iron Valiant
|-boost|p1a: Iron Valiant|spa|1
|-boost|p1a: Iron Valiant|spd|1
|
|upkeep
|turn|16
|inactive|RighteousHideous has 120 seconds left.
|
|t:|1758375282
|move|p1a: Iron Valiant|Moonblast|p2a: Zamazenta
|-supereffective|p2a: Zamazenta
|-damage|p2a: Zamazenta|0 fnt
|faint|p2a: Zamazenta
|
|upkeep
|
|t:|1758375287
|switch|p2a: Iron Treads|Iron Treads|100/100
|turn|17
|
|t:|1758375305
|move|p1a: Iron Valiant|Shadow Ball|p2a: Iron Treads
|-damage|p2a: Iron Treads|41/100
|move|p2a: Iron Treads|Rapid Spin|p1a: Iron Valiant
|-damage|p1a: Iron Valiant|68/100
|-boost|p2a: Iron Treads|spe|1
|
|upkeep
|turn|18
|inactive|The Paldea Region has 120 seconds left.
|
|t:|1758375327
|move|p1a: Iron Valiant|Shadow Ball|p2a: Iron Treads
|-damage|p2a: Iron Treads|0 fnt
|faint|p2a: Iron Treads
|-end|p2a: Iron Treads|Quark Drive|[silent]
|
|upkeep
|
|t:|1758375330
|switch|p2a: Samurott|Samurott-Hisui, M|95/100
|turn|19
|
|t:|1758375335
|-terastallize|p2a: Samurott|Poison
|move|p1a: Iron Valiant|Moonblast|p2a: Samurott
|-resisted|p2a: Samurott
|-damage|p2a: Samurott|70/100
|-unboost|p2a: Samurott|spa|1
|move|p2a: Samurott|Razor Shell|p1a: Iron Valiant
|-damage|p1a: Iron Valiant|4/100
|
|upkeep
|turn|20
|inactive|The Paldea Region has 120 seconds left.
|
|t:|1758375356
|move|p2a: Samurott|Sucker Punch||[still]
|-fail|p2a: Samurott
|move|p1a: Iron Valiant|Encore|p2a: Samurott
|-start|p2a: Samurott|Encore
|
|upkeep
|turn|21
|inactive|The Paldea Region has 120 seconds left.
|
|t:|1758375372
|move|p2a: Samurott|Sucker Punch|p1a: Iron Valiant
|-resisted|p1a: Iron Valiant
|-damage|p1a: Iron Valiant|0 fnt
|faint|p1a: Iron Valiant
|-end|p1a: Iron Valiant|Quark Drive|[silent]
|
|upkeep
|
|t:|1758375376
|switch|p1a: Scizor|Scizor, F|100/100
|-damage|p1a: Scizor|88/100|[from] Spikes
|turn|22
|
|t:|1758375399
|switch|p2a: Walking Wake|Walking Wake|100/100
|move|p1a: Scizor|Swords Dance|p1a: Scizor
|-boost|p1a: Scizor|atk|2
|
|upkeep
|turn|23
|
|t:|1758375409
|switch|p1a: Blissey|Blissey, F|100/100
|-damage|p1a: Blissey|88/100|[from] Spikes
|move|p2a: Walking Wake|Surf|p1a: Blissey
|-damage|p1a: Blissey|72/100
|
|upkeep
|turn|24
|
|t:|1758375428
|switch|p1a: Tornadus|Tornadus-Therian, M|77/100
|move|p2a: Walking Wake|Knock Off|p1a: Tornadus
|-damage|p1a: Tornadus|62/100
|
|upkeep
|turn|25
|
|t:|1758375439
|switch|p1a: Blissey|Blissey, F|72/100
|-damage|p1a: Blissey|60/100|[from] Spikes
|move|p2a: Walking Wake|Draco Meteor|p1a: Blissey
|-damage|p1a: Blissey|36/100
|-unboost|p2a: Walking Wake|spa|2
|
|upkeep
|turn|26
|
|t:|1758375450
|switch|p1a: Tornadus|Tornadus-Therian, M|95/100
|move|p2a: Walking Wake|Knock Off|p1a: Tornadus
|-damage|p1a: Tornadus|80/100
|
|upkeep
|turn|27
|
|t:|1758375456
|move|p1a: Tornadus|Nasty Plot|p1a: Tornadus
|-boost|p1a: Tornadus|spa|2
|move|p2a: Walking Wake|Flip Turn|p1a: Tornadus
|-damage|p1a: Tornadus|60/100
|
|t:|1758375464
|-end|p2a: Walking Wake|Protosynthesis|[silent]
|switch|p2a: Gholdengo|Gholdengo|67/100|[from] Flip Turn
|
|upkeep
|turn|28
|
|t:|1758375468
|move|p2a: Gholdengo|Make It Rain|p1a: Tornadus
|-damage|p1a: Tornadus|0 fnt
|-unboost|p2a: Gholdengo|spa|1
|faint|p1a: Tornadus
|
|upkeep
|
|t:|1758375483
|switch|p1a: Gliscor|Gliscor, M|65/100 tox
|turn|29
|
|t:|1758375490
|switch|p2a: Samurott|Samurott-Hisui, M, tera:Poison|70/100
|move|p1a: Gliscor|Toxic|p2a: Samurott
|-immune|p2a: Samurott
|
|-heal|p1a: Gliscor|77/100 tox|[from] ability: Poison Heal
|upkeep
|turn|30
|
|t:|1758375502
|move|p1a: Gliscor|Protect|p1a: Gliscor
|-singleturn|p1a: Gliscor|Protect
|move|p2a: Samurott|Ceaseless Edge|p1a: Gliscor
|-activate|p1a: Gliscor|move: Protect
|
|-heal|p1a: Gliscor|90/100 tox|[from] ability: Poison Heal
|upkeep
|turn|31
|
|t:|1758375521
|-terastallize|p1a: Gliscor|Water
|move|p1a: Gliscor|Earthquake|p2a: Samurott
|-supereffective|p2a: Samurott
|-damage|p2a: Samurott|0 fnt
|faint|p2a: Samurott
|
|-heal|p1a: Gliscor|100/100 tox|[from] ability: Poison Heal
|upkeep
|
|t:|1758375532
|switch|p2a: Sinistcha|Sinistcha-Masterpiece|100/100
|turn|32
|
|t:|1758375545
|switch|p1a: Veluza|Veluza, M|100/100
|-damage|p1a: Veluza|88/100|[from] Spikes
|-ability|p1a: Veluza|Mold Breaker
|move|p2a: Sinistcha|Matcha Gotcha|p1a: Veluza
|-supereffective|p1a: Veluza
|-damage|p1a: Veluza|0 fnt
|faint|p1a: Veluza
|
|upkeep
|
|t:|1758375551
|switch|p1a: Blissey|Blissey, F|36/100
|-damage|p1a: Blissey|23/100|[from] Spikes
|turn|33
|
|t:|1758375560
|switch|p2a: Walking Wake|Walking Wake|100/100
|move|p1a: Blissey|Shadow Ball|p2a: Walking Wake
|-damage|p2a: Walking Wake|85/100
|
|upkeep
|turn|34
|
|t:|1758375565
|move|p2a: Walking Wake|Knock Off|p1a: Blissey
|-damage|p1a: Blissey|0 fnt
|-enditem|p1a: Blissey|Choice Scarf|[from] move: Knock Off|[of] p2a: Walking Wake
|faint|p1a: Blissey
|
|upkeep
|
|t:|1758375569
|switch|p1a: Gliscor|Gliscor, M, tera:Water|100/100 tox
|-damage|p1a: Gliscor|88/100 tox|[from] Spikes
|turn|35
|
|t:|1758375576
|move|p2a: Walking Wake|Flip Turn|p1a: Gliscor
|-resisted|p1a: Gliscor
|-crit|p1a: Gliscor
|-damage|p1a: Gliscor|78/100 tox
|
|t:|1758375578
|-end|p2a: Walking Wake|Protosynthesis|[silent]
|switch|p2a: Sinistcha|Sinistcha-Masterpiece|100/100|[from] Flip Turn
|move|p1a: Gliscor|Toxic|p2a: Sinistcha
|-status|p2a: Sinistcha|tox
|
|-heal|p1a: Gliscor|90/100 tox|[from] ability: Poison Heal
|-damage|p2a: Sinistcha|94/100 tox|[from] psn
|upkeep
|turn|36
|
|t:|1758375592
|move|p1a: Gliscor|Protect|p1a: Gliscor
|-singleturn|p1a: Gliscor|Protect
|move|p2a: Sinistcha|Shadow Ball|p1a: Gliscor
|-activate|p1a: Gliscor|move: Protect
|
|-heal|p1a: Gliscor|100/100 tox|[from] ability: Poison Heal
|-damage|p2a: Sinistcha|82/100 tox|[from] psn
|upkeep
|turn|37
|
|t:|1758375604
|move|p1a: Gliscor|Earthquake|p2a: Sinistcha
|-resisted|p2a: Sinistcha
|-damage|p2a: Sinistcha|67/100 tox
|move|p2a: Sinistcha|Shadow Ball|p1a: Gliscor
|-damage|p1a: Gliscor|64/100 tox
|
|-heal|p1a: Gliscor|76/100 tox|[from] ability: Poison Heal
|-damage|p2a: Sinistcha|49/100 tox|[from] psn
|upkeep
|turn|38
|
|t:|1758375613
|move|p1a: Gliscor|Earthquake|p2a: Sinistcha
|-resisted|p2a: Sinistcha
|-damage|p2a: Sinistcha|34/100 tox
|move|p2a: Sinistcha|Strength Sap|p1a: Gliscor
|-unboost|p1a: Gliscor|atk|1
|-heal|p2a: Sinistcha|99/100 tox
|
|-heal|p1a: Gliscor|89/100 tox|[from] ability: Poison Heal
|-damage|p2a: Sinistcha|75/100 tox|[from] psn
|upkeep
|turn|39
|
|t:|1758375618
|move|p1a: Gliscor|Knock Off|p2a: Sinistcha
|-supereffective|p2a: Sinistcha
|-damage|p2a: Sinistcha|50/100 tox
|-enditem|p2a: Sinistcha|Heavy-Duty Boots|[from] move: Knock Off|[of] p1a: Gliscor
|move|p2a: Sinistcha|Matcha Gotcha|p1a: Gliscor
|-supereffective|p1a: Gliscor
|-damage|p1a: Gliscor|17/100 tox
|-heal|p2a: Sinistcha|87/100 tox|[from] drain|[of] p1a: Gliscor
|
|-heal|p1a: Gliscor|29/100 tox|[from] ability: Poison Heal
|-damage|p2a: Sinistcha|56/100 tox|[from] psn
|upkeep
|turn|40
|
|t:|1758375631
|switch|p2a: Gholdengo|Gholdengo|67/100
|move|p1a: Gliscor|Protect||[still]
|-fail|p1a: Gliscor
|
|-heal|p1a: Gliscor|42/100 tox|[from] ability: Poison Heal
|upkeep
|turn|41
|
|t:|1758375637
|switch|p2a: Walking Wake|Walking Wake|85/100
|move|p1a: Gliscor|Protect||[still]
|-fail|p1a: Gliscor
|
|-heal|p1a: Gliscor|54/100 tox|[from] ability: Poison Heal
|upkeep
|turn|42
|
|t:|1758375641
|move|p1a: Gliscor|Protect|p1a: Gliscor
|-singleturn|p1a: Gliscor|Protect
|move|p2a: Walking Wake|Draco Meteor|p1a: Gliscor
|-activate|p1a: Gliscor|move: Protect
|
|-heal|p1a: Gliscor|67/100 tox|[from] ability: Poison Heal
|upkeep
|turn|43
|
|t:|1758375647
|switch|p1a: Scizor|Scizor, F|88/100
|-damage|p1a: Scizor|76/100|[from] Spikes
|move|p2a: Walking Wake|Draco Meteor|p1a: Scizor
|-resisted|p1a: Scizor
|-damage|p1a: Scizor|32/100
|-unboost|p2a: Walking Wake|spa|2
|
|upkeep
|turn|44
|
|t:|1758375652
|move|p2a: Walking Wake|Surf|p1a: Scizor
|-damage|p1a: Scizor|1/100
|move|p1a: Scizor|Knock Off|p2a: Walking Wake
|-damage|p2a: Walking Wake|31/100
|-enditem|p2a: Walking Wake|Heavy-Duty Boots|[from] move: Knock Off|[of] p1a: Scizor
|-damage|p1a: Scizor|0 fnt|[from] item: Life Orb
|faint|p1a: Scizor
|
|upkeep
|
|t:|1758375656
|switch|p1a: Gliscor|Gliscor, M, tera:Water|67/100 tox
|-damage|p1a: Gliscor|54/100 tox|[from] Spikes
|turn|45
|
|t:|1758375662
|move|p1a: Gliscor|Protect|p1a: Gliscor
|-singleturn|p1a: Gliscor|Protect
|move|p2a: Walking Wake|Flip Turn|p1a: Gliscor
|-activate|p1a: Gliscor|move: Protect
|
|-heal|p1a: Gliscor|67/100 tox|[from] ability: Poison Heal
|upkeep
|turn|46
|
|t:|1758375668
|move|p2a: Walking Wake|Flip Turn|p1a: Gliscor
|-resisted|p1a: Gliscor
|-damage|p1a: Gliscor|60/100 tox
|
|t:|1758375671
|-end|p2a: Walking Wake|Protosynthesis|[silent]
|switch|p2a: Sinistcha|Sinistcha-Masterpiece|56/100 tox|[from] Flip Turn
|move|p1a: Gliscor|Earthquake|p2a: Sinistcha
|-resisted|p2a: Sinistcha
|-damage|p2a: Sinistcha|40/100 tox
|
|-heal|p1a: Gliscor|73/100 tox|[from] ability: Poison Heal
|-damage|p2a: Sinistcha|34/100 tox|[from] psn
|upkeep
|turn|47
|
|t:|1758375678
|move|p1a: Gliscor|Protect|p1a: Gliscor
|-singleturn|p1a: Gliscor|Protect
|move|p2a: Sinistcha|Strength Sap|p1a: Gliscor
|-activate|p1a: Gliscor|move: Protect
|
|-heal|p1a: Gliscor|85/100 tox|[from] ability: Poison Heal
|-damage|p2a: Sinistcha|22/100 tox|[from] psn
|upkeep
|turn|48
|
|t:|1758375689
|move|p1a: Gliscor|Knock Off|p2a: Sinistcha
|-supereffective|p2a: Sinistcha
|-damage|p2a: Sinistcha|0 fnt
|faint|p2a: Sinistcha
|
|-heal|p1a: Gliscor|98/100 tox|[from] ability: Poison Heal
|upkeep
|
|t:|1758375692
|switch|p2a: Gholdengo|Gholdengo|67/100
|turn|49
|
|t:|1758375698
|move|p2a: Gholdengo|Trick|p1a: Gliscor
|-activate|p2a: Gholdengo|move: Trick|[of] p1a: Gliscor
|-item|p1a: Gliscor|Choice Scarf|[from] move: Trick
|-item|p2a: Gholdengo|Toxic Orb|[from] move: Trick
|move|p1a: Gliscor|Earthquake|p2a: Gholdengo
|-supereffective|p2a: Gholdengo
|-damage|p2a: Gholdengo|0 fnt
|faint|p2a: Gholdengo
|
|-heal|p1a: Gliscor|100/100 tox|[from] ability: Poison Heal
|upkeep
|
|t:|1758375701
|switch|p2a: Walking Wake|Walking Wake|31/100
|turn|50
|
|t:|1758375705
|move|p2a: Walking Wake|Draco Meteor|p1a: Gliscor|[miss]
|-miss|p2a: Walking Wake|p1a: Gliscor
|move|p1a: Gliscor|Earthquake|p2a: Walking Wake
|-damage|p2a: Walking Wake|0 fnt
|faint|p2a: Walking Wake
|-end|p2a: Walking Wake|Protosynthesis|[silent]
|
|win|The Paldea Region
|raw|The Paldea Region's rating: 1451 &rarr; <strong>1475</strong><br />(+24 for winning)
|raw|RighteousHideous's rating: 1514 &rarr; <strong>1490</strong><br />(-24 for losing)
|c|☆The Paldea Region|gg
|l|☆RighteousHideous
|player|p2|
