|j|‽jimola
|j|‽oehtwashere
|t:|1758377141
|gametype|singles
|player|p1|jimola|170|1655
|player|p2|oehtwashere|supernerd|1779
|gen|9
|tier|[Gen 9] OU
|rated|
|rule|HP Percentage Mod: HP is shown in percentages
|rule|Endless Battle Clause: Forcing endless battles is banned
|rule|Species Clause: Limit one of each Pokémon
|rule|OHKO Clause: OHKO moves are banned
|rule|Evasion Items Clause: Evasion items are banned
|rule|Evasion Moves Clause: Evasion moves are banned
|rule|Evasion Abilities Clause: Evasion abilities are banned
|rule|Sleep Moves Clause: Sleep-inducing moves are banned
|clearpoke
|poke|p1|Haxorus, F|
|poke|p1|Ninetales-Alola, M|
|poke|p1|Scizor, F|
|poke|p1|Iron Valiant|
|poke|p1|Garchomp, F|
|poke|p1|Iron Moth|
|poke|p2|Iron Boulder|
|poke|p2|Samurott-Hisui, F|
|poke|p2|Moltres|
|poke|p2|Great Tusk|
|poke|p2|Corviknight, F|
|poke|p2|Dragapult, F|
|teampreview
|inactive|Battle timer is ON: inactive players will automatically lose when time's up. (requested by oehtwashere)
|
|t:|1758377150
|teamsize|p1|6
|teamsize|p2|6
|start
|switch|p1a: Garchomp|Garchomp, F|100/100
|switch|p2a: Iron Boulder|Iron Boulder|100/100
|turn|1
|
|t:|1758377164
|-end|p2a: Iron Boulder|Quark Drive|[silent]
|switch|p2a: Corviknight|Corviknight, F|100/100
|-ability|p2a: Corviknight|Pressure
|move|p1a: Garchomp|Earthquake|p2a: Corviknight
|-immune|p2a: Corviknight
|
|upkeep
|turn|2
|
|t:|1758377168
|move|p1a: Garchomp|Stealth Rock|p2a: Corviknight
|-sidestart|p2: oehtwashere|move: Stealth Rock
|move|p2a: Corviknight|U-turn|p1a: Garchomp
|-damage|p1a: Garchomp|86/100
|-damage|p2a: Corviknight|88/100|[from] ability: Rough Skin|[of] p1a: Garchomp
|
|t:|1758377170
|switch|p2a: Great Tusk|Great Tusk|100/100|[from] U-turn
|
|upkeep
|turn|3
|
|t:|1758377177
|move|p1a: Garchomp|Draco Meteor|p2a: Great Tusk
|-damage|p2a: Great Tusk|24/100
|-unboost|p1a: Garchomp|spa|2
|-damage|p1a: Garchomp|77/100|[from] item: Life Orb
|move|p2a: Great Tusk|Stealth Rock|p1a: Garchomp
|-sidestart|p1: jimola|move: Stealth Rock
|
|upkeep
|turn|4
|
|t:|1758377185
|-end|p2a: Great Tusk|Protosynthesis|[silent]
|switch|p2a: Corviknight|Corviknight, F|88/100
|-damage|p2a: Corviknight|76/100|[from] Stealth Rock
|-ability|p2a: Corviknight|Pressure
|move|p1a: Garchomp|Draco Meteor|p2a: Corviknight
|-resisted|p2a: Corviknight
|-damage|p2a: Corviknight|61/100
|-unboost|p1a: Garchomp|spa|2
|-damage|p1a: Garchomp|67/100|[from] item: Life Orb
|
|upkeep
|turn|5
|
|t:|1758377193
|switch|p1a: Ninetales|Ninetales-Alola, M|100/100
|-damage|p1a: Ninetales|76/100|[from] Stealth Rock
|-weather|Snowscape|[from] ability: Snow Warning|[of] p1a: Ninetales
|move|p2a: Corviknight|Roost|p2a: Corviknight
|-heal|p2a: Corviknight|100/100
|-singleturn|p2a: Corviknight|move: Roost
|
|-weather|Snowscape|[upkeep]
|upkeep
|turn|6
|
|t:|1758377200
|switch|p2a: Moltres|Moltres|100/100
|move|p1a: Ninetales|Aurora Veil|p1a: Ninetales
|-sidestart|p1: jimola|move: Aurora Veil
|
|-weather|Snowscape|[upkeep]
|upkeep
|turn|7
|
|t:|1758377222
|switch|p1a: Iron Moth|Iron Moth|100/100
|-damage|p1a: Iron Moth|76/100|[from] Stealth Rock
|-enditem|p1a: Iron Moth|Booster Energy
|-activate|p1a: Iron Moth|ability: Quark Drive|[fromitem]
|-start|p1a: Iron Moth|quarkdrivespe
|move|p2a: Moltres|Roar|p1a: Iron Moth
|-end|p1a: Iron Moth|Quark Drive|[silent]
|drag|p1a: Haxorus|Haxorus, F|100/100
|-damage|p1a: Haxorus|88/100|[from] Stealth Rock
|-ability|p1a: Haxorus|Mold Breaker
|
|-weather|Snowscape|[upkeep]
|upkeep
|turn|8
|inactive|jimola has 120 seconds left.
|
|t:|1758377259
|-terastallize|p1a: Haxorus|Electric
|move|p1a: Haxorus|Tera Blast|p2a: Moltres|[anim] Tera Blast Electric
|-supereffective|p2a: Moltres
|-damage|p2a: Moltres|9/100
|move|p2a: Moltres|Roar|p1a: Haxorus
|drag|p1a: Scizor|Scizor, F|100/100
|-damage|p1a: Scizor|88/100|[from] Stealth Rock
|
|-weather|Snowscape|[upkeep]
|upkeep
|turn|9
|
|t:|1758377267
|move|p1a: Scizor|Bullet Punch|p2a: Moltres
|-resisted|p2a: Moltres
|-damage|p2a: Moltres|0 fnt
|faint|p2a: Moltres
|-damage|p1a: Scizor|78/100|[from] item: Life Orb
|
|-weather|none
|upkeep
|
|t:|1758377272
|switch|p2a: Great Tusk|Great Tusk|24/100
|turn|10
|inactive|jimola has 120 seconds left.
|inactive|jimola has 90 seconds left.
|
|t:|1758377308
|-terastallize|p2a: Great Tusk|Steel
|move|p2a: Great Tusk|Rapid Spin|p1a: Scizor
|-resisted|p1a: Scizor
|-damage|p1a: Scizor|74/100
|-boost|p2a: Great Tusk|spe|1
|-sideend|p2: oehtwashere|Stealth Rock|[from] move: Rapid Spin|[of] p2a: Great Tusk
|move|p1a: Scizor|Swords Dance|p1a: Scizor
|-boost|p1a: Scizor|atk|2
|
|upkeep
|turn|11
|inactive|jimola has 90 seconds left.
|
|t:|1758377329
|move|p1a: Scizor|Bullet Punch|p2a: Great Tusk
|-resisted|p2a: Great Tusk
|-damage|p2a: Great Tusk|0 fnt
|faint|p2a: Great Tusk
|-end|p2a: Great Tusk|Protosynthesis|[silent]
|-damage|p1a: Scizor|64/100|[from] item: Life Orb
|
|upkeep
|
|t:|1758377331
|switch|p2a: Corviknight|Corviknight, F|100/100
|-ability|p2a: Corviknight|Pressure
|turn|12
|
|t:|1758377336
|move|p1a: Scizor|Knock Off|p2a: Corviknight
|-damage|p2a: Corviknight|42/100
|-damage|p1a: Scizor|48/100|[from] item: Rocky Helmet|[of] p2a: Corviknight
|-enditem|p2a: Corviknight|Rocky Helmet|[from] move: Knock Off|[of] p1a: Scizor
|-damage|p1a: Scizor|38/100|[from] item: Life Orb
|move|p2a: Corviknight|Roost|p2a: Corviknight
|-heal|p2a: Corviknight|92/100
|-singleturn|p2a: Corviknight|move: Roost
|
|upkeep
|turn|13
|
|t:|1758377345
|switch|p1a: Ninetales|Ninetales-Alola, M|76/100
|-damage|p1a: Ninetales|51/100|[from] Stealth Rock
|-weather|Snowscape|[from] ability: Snow Warning|[of] p1a: Ninetales
|move|p2a: Corviknight|Iron Defense|p2a: Corviknight
|-boost|p2a: Corviknight|def|2
|
|-weather|Snowscape|[upkeep]
|-sideend|p1: jimola|move: Aurora Veil
|upkeep
|turn|14
|
|t:|1758377358
|move|p1a: Ninetales|Aurora Veil|p1a: Ninetales
|-sidestart|p1: jimola|move: Aurora Veil
|move|p2a: Corviknight|Body Press|p1a: Ninetales
|-damage|p1a: Ninetales|31/100
|
|-weather|Snowscape|[upkeep]
|upkeep
|turn|15
|
|t:|1758377362
|switch|p2a: Dragapult|Dragapult, F|100/100
|move|p1a: Ninetales|Encore||[still]
|-fail|p1a: Ninetales
|
|-weather|Snowscape|[upkeep]
|upkeep
|turn|16
|inactive|jimola has 120 seconds left.
|
|t:|1758377375
|switch|p2a: Corviknight|Corviknight, F|92/100
|-ability|p2a: Corviknight|Pressure
|move|p1a: Ninetales|Freeze-Dry|p2a: Corviknight
|-damage|p2a: Corviknight|71/100
|-status|p2a: Corviknight|frz
|
|-weather|Snowscape|[upkeep]
|upkeep
|turn|17
|inactive|jimola has 120 seconds left.
|
|t:|1758377384
|switch|p1a: Iron Moth|Iron Moth|76/100
|-damage|p1a: Iron Moth|51/100|[from] Stealth Rock
|cant|p2a: Corviknight|frz
|
|-weather|none
|upkeep
|turn|18
|
|t:|1758377390
|switch|p2a: Iron Boulder|Iron Boulder|100/100
|move|p1a: Iron Moth|Fiery Dance|p2a: Iron Boulder
|-resisted|p2a: Iron Boulder
|-damage|p2a: Iron Boulder|82/100
|
|upkeep
|turn|19
|
|t:|1758377395
|move|p2a: Iron Boulder|Zen Headbutt|p1a: Iron Moth
|-supereffective|p1a: Iron Moth
|-damage|p1a: Iron Moth|0 fnt
|faint|p1a: Iron Moth
|-end|p1a: Iron Moth|Quark Drive|[silent]
|
|upkeep
|
|t:|1758377414
|switch|p1a: Haxorus|Haxorus, F, tera:Electric|88/100
|-damage|p1a: Haxorus|76/100|[from] Stealth Rock
|-ability|p1a: Haxorus|Mold Breaker
|turn|20
|
|t:|1758377422
|move|p2a: Iron Boulder|Zen Headbutt|p1a: Haxorus
|-damage|p1a: Haxorus|41/100
|cant|p1a: Haxorus|flinch
|
|upkeep
|turn|21
|
|t:|1758377428
|move|p2a: Iron Boulder|Zen Headbutt|p1a: Haxorus
|-damage|p1a: Haxorus|5/100
|move|p1a: Haxorus|Scale Shot|p2a: Iron Boulder
|-damage|p2a: Iron Boulder|62/100
|-damage|p2a: Iron Boulder|42/100
|-damage|p2a: Iron Boulder|24/100
|-damage|p2a: Iron Boulder|5/100
|-hitcount|p2a: Iron Boulder|4
|-unboost|p1a: Haxorus|def|1
|-boost|p1a: Haxorus|spe|1
|
|-sideend|p1: jimola|move: Aurora Veil
|upkeep
|turn|22
|
|t:|1758377437
|-end|p2a: Iron Boulder|Quark Drive|[silent]
|switch|p2a: Corviknight|Corviknight, F|71/100 frz
|-ability|p2a: Corviknight|Pressure
|move|p1a: Haxorus|Tera Blast|p2a: Corviknight|[anim] Tera Blast Electric
|-supereffective|p2a: Corviknight
|-damage|p2a: Corviknight|13/100 frz
|
|upkeep
|turn|23
|
|t:|1758377442
|move|p1a: Haxorus|Tera Blast|p2a: Corviknight|[anim] Tera Blast Electric
|-supereffective|p2a: Corviknight
|-damage|p2a: Corviknight|0 fnt
|faint|p2a: Corviknight
|
|upkeep
|
|t:|1758377449
|switch|p2a: Samurott|Samurott-Hisui, F|100/100
|turn|24
|
|t:|1758377452
|move|p2a: Samurott|Sucker Punch|p1a: Haxorus
|-damage|p1a: Haxorus|0 fnt
|faint|p1a: Haxorus
|
|upkeep
|
|t:|1758377462
|switch|p1a: Garchomp|Garchomp, F|67/100
|-damage|p1a: Garchomp|61/100|[from] Stealth Rock
|turn|25
|
|t:|1758377465
|switch|p2a: Iron Boulder|Iron Boulder|5/100
|move|p1a: Garchomp|Draco Meteor|p2a: Iron Boulder
|-damage|p2a: Iron Boulder|0 fnt
|-unboost|p1a: Garchomp|spa|2
|faint|p2a: Iron Boulder
|-end|p2a: Iron Boulder|Quark Drive|[silent]
|-damage|p1a: Garchomp|51/100|[from] item: Life Orb
|
|upkeep
|
|t:|1758377467
|switch|p2a: Dragapult|Dragapult, F|100/100
|turn|26
|
|t:|1758377488
|move|p2a: Dragapult|Dragon Darts|p1a: Garchomp
|-supereffective|p1a: Garchomp
|-damage|p1a: Garchomp|5/100
|-anim|p2a: Dragapult|Dragon Darts|p1a: Garchomp
|-supereffective|p1a: Garchomp
|-damage|p1a: Garchomp|0 fnt
|faint|p1a: Garchomp
|
|upkeep
|
|t:|1758377491
|switch|p1a: Iron Valiant|Iron Valiant|100/100
|-damage|p1a: Iron Valiant|94/100|[from] Stealth Rock
|-enditem|p1a: Iron Valiant|Booster Energy
|-activate|p1a: Iron Valiant|ability: Quark Drive|[fromitem]
|-start|p1a: Iron Valiant|quarkdrivespe
|turn|27
|
|t:|1758377495
|move|p1a: Iron Valiant|Moonblast|p2a: Dragapult
|-supereffective|p2a: Dragapult
|-damage|p2a: Dragapult|0 fnt
|faint|p2a: Dragapult
|
|upkeep
|
|t:|1758377497
|switch|p2a: Samurott|Samurott-Hisui, F|100/100
|turn|28
|
|t:|1758377502
|move|p1a: Iron Valiant|Moonblast|p2a: Samurott
|-supereffective|p2a: Samurott
|-damage|p2a: Samurott|0 fnt
|faint|p2a: Samurott
|
|win|jimola
|raw|jimola's rating: 1635 &rarr; <strong>1663</strong><br />(+28 for winning)
|raw|oehtwashere's rating: 1779 &rarr; <strong>1751</strong><br />(-28 for losing)
|l|‽oehtwashere
|player|p2|
|l|‽jimola
|player|p1|
