|j|☆YOSHlNlAN
|j|☆Versalius
|t:|1758316404
|gametype|singles
|player|p1|YOSHlNlAN|richboy|1651
|player|p2|Versalius|101|1648
|gen|9
|tier|[Gen 9] OU
|rated|
|rule|HP Percentage Mod: HP is shown in percentages
|rule|Endless Battle Clause: Forcing endless battles is banned
|rule|Species Clause: Limit one of each Pokémon
|rule|OHKO Clause: OHKO moves are banned
|rule|Evasion Items Clause: Evasion items are banned
|rule|Evasion Moves Clause: Evasion moves are banned
|rule|Evasion Abilities Clause: Evasion abilities are banned
|rule|Sleep Moves Clause: Sleep-inducing moves are banned
|clearpoke
|poke|p1|Corviknight, M|
|poke|p1|Primarina, F|
|poke|p1|Darkrai|
|poke|p1|Moltres|
|poke|p1|Iron Thorns|
|poke|p1|Scizor, M|
|poke|p2|Ting-Lu|
|poke|p2|Dragapult, M|
|poke|p2|Cinderace, M|
|poke|p2|Meowscarada, M|
|poke|p2|Corviknight, M|
|poke|p2|Raging Bolt|
|teampreview
|inactive|Battle timer is ON: inactive players will automatically lose when time's up. (requested by Versalius)
|inactive|YOSHlNlAN also wants the timer to be on.
|
|t:|1758316408
|teamsize|p1|6
|teamsize|p2|6
|start
|switch|p1a: Moltres|Moltres|100/100
|switch|p2a: Meowscarada|Meowscarada, M|100/100
|turn|1
|
|t:|1758316414
|move|p2a: Meowscarada|Trick|p1a: Moltres
|-start|p2a: Meowscarada|typechange|Psychic|[from] ability: Protean
|-activate|p2a: Meowscarada|move: Trick|[of] p1a: Moltres
|-item|p1a: Moltres|Choice Scarf|[from] move: Trick
|-item|p2a: Meowscarada|Heavy-Duty Boots|[from] move: Trick
|move|p1a: Moltres|U-turn|p2a: Meowscarada
|-supereffective|p2a: Meowscarada
|-damage|p2a: Meowscarada|53/100
|
|t:|1758316417
|switch|p1a: Darkrai|Darkrai|100/100|[from] U-turn
|
|upkeep
|turn|2
|
|t:|1758316421
|switch|p2a: Ting-Lu|Ting-Lu|100/100
|-ability|p2a: Ting-Lu|Vessel of Ruin
|move|p1a: Darkrai|Nasty Plot|p1a: Darkrai
|-boost|p1a: Darkrai|spa|2
|
|upkeep
|turn|3
|
|t:|1758316426
|-terastallize|p1a: Darkrai|Fighting
|move|p1a: Darkrai|Focus Blast|p2a: Ting-Lu|[miss]
|-miss|p1a: Darkrai|p2a: Ting-Lu
|move|p2a: Ting-Lu|Stealth Rock|p1a: Darkrai
|-sidestart|p1: YOSHlNlAN|move: Stealth Rock
|
|upkeep
|turn|4
|
|t:|1758316436
|move|p1a: Darkrai|Focus Blast|p2a: Ting-Lu
|-supereffective|p2a: Ting-Lu
|-damage|p2a: Ting-Lu|0 fnt
|faint|p2a: Ting-Lu
|
|upkeep
|
|t:|1758316447
|switch|p2a: Dragapult|Dragapult, M|100/100
|turn|5
|
|t:|1758316451
|move|p2a: Dragapult|Draco Meteor|p1a: Darkrai
|-damage|p1a: Darkrai|0 fnt
|-unboost|p2a: Dragapult|spa|2
|faint|p1a: Darkrai
|
|upkeep
|
|t:|1758316455
|switch|p1a: Iron Thorns|Iron Thorns, shiny|100/100
|-damage|p1a: Iron Thorns|88/100|[from] Stealth Rock
|-enditem|p1a: Iron Thorns|Booster Energy
|-activate|p1a: Iron Thorns|ability: Quark Drive|[fromitem]
|-start|p1a: Iron Thorns|quarkdriveatk
|turn|6
|
|t:|1758316463
|switch|p2a: Corviknight|Corviknight, M|100/100
|-ability|p2a: Corviknight|Pressure
|move|p1a: Iron Thorns|Dragon Dance|p1a: Iron Thorns
|-boost|p1a: Iron Thorns|atk|1
|-boost|p1a: Iron Thorns|spe|1
|
|upkeep
|turn|7
|
|t:|1758316468
|move|p1a: Iron Thorns|Dragon Dance|p1a: Iron Thorns
|-boost|p1a: Iron Thorns|atk|1
|-boost|p1a: Iron Thorns|spe|1
|move|p2a: Corviknight|Iron Defense|p2a: Corviknight
|-boost|p2a: Corviknight|def|2
|
|upkeep
|turn|8
|
|t:|1758316470
|move|p1a: Iron Thorns|Wild Charge|p2a: Corviknight
|-supereffective|p2a: Corviknight
|-damage|p2a: Corviknight|24/100
|-damage|p1a: Iron Thorns|72/100|[from] item: Rocky Helmet|[of] p2a: Corviknight
|-damage|p1a: Iron Thorns|49/100|[from] Recoil
|move|p2a: Corviknight|Iron Defense|p2a: Corviknight
|-boost|p2a: Corviknight|def|2
|
|upkeep
|turn|9
|
|t:|1758316474
|move|p1a: Iron Thorns|Wild Charge|p2a: Corviknight
|-supereffective|p2a: Corviknight
|-damage|p2a: Corviknight|0 fnt
|-damage|p1a: Iron Thorns|33/100|[from] item: Rocky Helmet|[of] p2a: Corviknight
|faint|p2a: Corviknight
|-damage|p1a: Iron Thorns|26/100|[from] Recoil
|
|upkeep
|
|t:|1758316481
|switch|p2a: Raging Bolt|Raging Bolt|100/100
|-enditem|p2a: Raging Bolt|Booster Energy
|-activate|p2a: Raging Bolt|ability: Protosynthesis|[fromitem]
|-start|p2a: Raging Bolt|protosynthesisspa
|turn|10
|
|t:|1758316490
|move|p2a: Raging Bolt|Thunderclap|p1a: Iron Thorns
|-resisted|p1a: Iron Thorns
|-damage|p1a: Iron Thorns|0 fnt
|faint|p1a: Iron Thorns
|-end|p1a: Iron Thorns|Quark Drive|[silent]
|
|upkeep
|j| hitman9191
|
|t:|1758316493
|switch|p1a: Primarina|Primarina, F|100/100
|-damage|p1a: Primarina|88/100|[from] Stealth Rock
|turn|11
|
|t:|1758316499
|-terastallize|p2a: Raging Bolt|Fairy
|move|p2a: Raging Bolt|Thunderbolt|p1a: Primarina
|-supereffective|p1a: Primarina
|-damage|p1a: Primarina|25/100
|move|p1a: Primarina|Moonblast|p2a: Raging Bolt
|-damage|p2a: Raging Bolt|63/100
|
|upkeep
|turn|12
|
|t:|1758316508
|move|p2a: Raging Bolt|Thunderbolt|p1a: Primarina
|-supereffective|p1a: Primarina
|-damage|p1a: Primarina|0 fnt
|faint|p1a: Primarina
|
|upkeep
|
|t:|1758316510
|switch|p1a: Scizor|Scizor, M, shiny|100/100
|-damage|p1a: Scizor|88/100|[from] Stealth Rock
|turn|13
|j| Lonelyenders
|
|t:|1758316524
|move|p1a: Scizor|Bullet Punch|p2a: Raging Bolt
|-supereffective|p2a: Raging Bolt
|-damage|p2a: Raging Bolt|2/100
|move|p2a: Raging Bolt|Thunderclap||[still]
|-fail|p2a: Raging Bolt
|
|upkeep
|turn|14
|
|t:|1758316533
|move|p1a: Scizor|Bullet Punch|p2a: Raging Bolt
|-supereffective|p2a: Raging Bolt
|-damage|p2a: Raging Bolt|0 fnt
|faint|p2a: Raging Bolt
|-end|p2a: Raging Bolt|Protosynthesis|[silent]
|
|upkeep
|
|t:|1758316535
|switch|p2a: Cinderace|Cinderace, M|100/100
|turn|15
|
|t:|1758316546
|move|p2a: Cinderace|Pyro Ball|p1a: Scizor
|-supereffective|p1a: Scizor
|-damage|p1a: Scizor|0 fnt
|faint|p1a: Scizor
|
|upkeep
|
|t:|1758316548
|switch|p1a: Corviknight|Corviknight, M, shiny|100/100
|-damage|p1a: Corviknight|88/100|[from] Stealth Rock
|-ability|p1a: Corviknight|Pressure
|turn|16
|
|t:|1758316553
|move|p2a: Cinderace|Pyro Ball|p1a: Corviknight|[miss]
|-miss|p2a: Cinderace|p1a: Corviknight
|move|p1a: Corviknight|Defog|p2a: Cinderace
|-unboost|p2a: Cinderace|evasion|1
|-sideend|p1: YOSHlNlAN|Stealth Rock|[from] move: Defog|[of] p1a: Corviknight
|
|upkeep
|turn|17
|
|t:|1758316556
|move|p2a: Cinderace|Pyro Ball|p1a: Corviknight
|-supereffective|p1a: Corviknight
|-crit|p1a: Corviknight
|-damage|p1a: Corviknight|0 fnt
|faint|p1a: Corviknight
|
|upkeep
|
|t:|1758316558
|switch|p1a: Moltres|Moltres|100/100
|turn|18
|
|t:|1758316564
|move|p2a: Cinderace|Pyro Ball|p1a: Moltres|[miss]
|-miss|p2a: Cinderace|p1a: Moltres
|move|p1a: Moltres|Hurricane|p2a: Cinderace
|-damage|p2a: Cinderace|35/100
|-start|p2a: Cinderace|confusion
|
|upkeep
|turn|19
|
|t:|1758316572
|-activate|p2a: Cinderace|confusion
|move|p2a: Cinderace|Pyro Ball|p1a: Moltres|[miss]
|-miss|p2a: Cinderace|p1a: Moltres
|move|p1a: Moltres|Hurricane|p2a: Cinderace
|-damage|p2a: Cinderace|0 fnt
|faint|p2a: Cinderace
|
|upkeep
|
|t:|1758316574
|switch|p2a: Dragapult|Dragapult, M|100/100
|turn|20
|
|t:|1758316579
|move|p2a: Dragapult|Shadow Ball|p1a: Moltres
|-damage|p1a: Moltres|42/100
|move|p1a: Moltres|Hurricane|p2a: Dragapult
|-damage|p2a: Dragapult|39/100
|
|upkeep
|turn|21
|-message|YOSHlNlAN forfeited.
|
|win|Versalius
|raw|YOSHlNlAN's rating: 1651 &rarr; <strong>1631</strong><br />(-20 for losing)
|raw|Versalius's rating: 1648 &rarr; <strong>1668</strong><br />(+20 for winning)
|l|☆YOSHlNlAN
|player|p1|
|l|☆Versalius
|player|p2|
|l| hitman9191
