|j|☆TENNATVTIME
|j|☆Jaemaster2010
|t:|1758288132
|gametype|singles
|player|p1|TENNATVTIME|cameraman|1055
|player|p2|Jaemaster2010|acetrainer-gen4dp|1055
|gen|9
|tier|[Gen 9] OU
|rated|
|rule|HP Percentage Mod: HP is shown in percentages
|rule|Endless Battle Clause: Forcing endless battles is banned
|rule|Species Clause: Limit one of each Pokémon
|rule|OHKO Clause: OHKO moves are banned
|rule|Evasion Items Clause: Evasion items are banned
|rule|Evasion Moves Clause: Evasion moves are banned
|rule|Evasion Abilities Clause: Evasion abilities are banned
|rule|Sleep Moves Clause: Sleep-inducing moves are banned
|clearpoke
|poke|p1|Rotom-Heat|
|poke|p1|Toxtricity, M|
|poke|p1|Tyranitar, F|
|poke|p1|Honchkrow, M|
|poke|p1|Ursaluna, M|
|poke|p1|Altaria, F|
|poke|p2|Haxorus, M|
|poke|p2|Incineroar, M|
|poke|p2|Bastiodon, M|
|poke|p2|Zapdos|
|poke|p2|Great Tusk|
|poke|p2|Alcremie-Mint-Cream, F|
|teampreview
|c|☆Jaemaster2010|Hi
|c|☆Jaemaster2010|I am testing this team!
|
|t:|1758288144
|teamsize|p1|6
|teamsize|p2|6
|start
|switch|p1a: SUSIEZIELLA|Tyranitar, F|100/100
|switch|p2a: Manny|Great Tusk, shiny|100/100
|-weather|Sandstorm|[from] ability: Sand Stream|[of] p1a: SUSIEZIELLA
|turn|1
|
|t:|1758288152
|move|p2a: Manny|Stealth Rock|p1a: SUSIEZIELLA
|-sidestart|p1: TENNATVTIME|move: Stealth Rock
|move|p1a: SUSIEZIELLA|Stealth Rock|p2a: Manny
|-sidestart|p2: Jaemaster2010|move: Stealth Rock
|
|-weather|Sandstorm|[upkeep]
|upkeep
|turn|2
|
|t:|1758288158
|move|p2a: Manny|Rapid Spin|p1a: SUSIEZIELLA
|-resisted|p1a: SUSIEZIELLA
|-damage|p1a: SUSIEZIELLA|95/100
|-boost|p2a: Manny|spe|1
|-sideend|p2: Jaemaster2010|Stealth Rock|[from] move: Rapid Spin|[of] p2a: Manny
|move|p1a: SUSIEZIELLA|Knock Off|p2a: Manny
|-resisted|p2a: Manny
|-damage|p2a: Manny|79/100
|-enditem|p2a: Manny|Heavy-Duty Boots|[from] move: Knock Off|[of] p1a: SUSIEZIELLA
|
|-weather|Sandstorm|[upkeep]
|-heal|p1a: SUSIEZIELLA|100/100|[from] item: Leftovers
|upkeep
|turn|3
|
|t:|1758288168
|move|p2a: Manny|Ice Spinner|p1a: SUSIEZIELLA
|-damage|p1a: SUSIEZIELLA|80/100
|move|p1a: SUSIEZIELLA|Dragon Tail|p2a: Manny
|-damage|p2a: Manny|63/100
|-end|p2a: Manny|Protosynthesis|[silent]
|drag|p2a: Milky|Alcremie-Mint-Cream, F|100/100
|
|-weather|Sandstorm|[upkeep]
|-damage|p2a: Milky|95/100|[from] Sandstorm
|-heal|p1a: SUSIEZIELLA|86/100|[from] item: Leftovers
|upkeep
|turn|4
|
|t:|1758288178
|move|p1a: SUSIEZIELLA|Stealth Rock|p2a: Milky
|-sidestart|p2: Jaemaster2010|move: Stealth Rock
|move|p2a: Milky|Acid Armor|p2a: Milky
|-boost|p2a: Milky|def|2
|
|-weather|Sandstorm|[upkeep]
|-damage|p2a: Milky|89/100|[from] Sandstorm
|-heal|p1a: SUSIEZIELLA|92/100|[from] item: Leftovers
|upkeep
|turn|5
|
|t:|1758288185
|move|p1a: SUSIEZIELLA|Knock Off|p2a: Milky
|-resisted|p2a: Milky
|-damage|p2a: Milky|77/100
|-damage|p1a: SUSIEZIELLA|76/100|[from] item: Rocky Helmet|[of] p2a: Milky
|-enditem|p2a: Milky|Rocky Helmet|[from] move: Knock Off|[of] p1a: SUSIEZIELLA
|move|p2a: Milky|Calm Mind|p2a: Milky
|-boost|p2a: Milky|spa|1
|-boost|p2a: Milky|spd|1
|
|-weather|none
|-heal|p1a: SUSIEZIELLA|82/100|[from] item: Leftovers
|upkeep
|turn|6
|
|t:|1758288195
|move|p2a: Milky|Calm Mind|p2a: Milky
|-boost|p2a: Milky|spa|1
|-boost|p2a: Milky|spd|1
|move|p1a: SUSIEZIELLA|Dragon Tail|p2a: Milky
|-immune|p2a: Milky
|
|-heal|p1a: SUSIEZIELLA|88/100|[from] item: Leftovers
|upkeep
|turn|7
|
|t:|1758288207
|move|p1a: SUSIEZIELLA|Earthquake|p2a: Milky
|-damage|p2a: Milky|60/100
|move|p2a: Milky|Acid Armor|p2a: Milky
|-boost|p2a: Milky|def|2
|
|-heal|p1a: SUSIEZIELLA|94/100|[from] item: Leftovers
|upkeep
|turn|8
|
|t:|1758288224
|move|p1a: SUSIEZIELLA|Earthquake|p2a: Milky
|-crit|p2a: Milky
|-damage|p2a: Milky|6/100
|move|p2a: Milky|Acid Armor|p2a: Milky
|-boost|p2a: Milky|def|2
|
|-heal|p1a: SUSIEZIELLA|100/100|[from] item: Leftovers
|upkeep
|turn|9
|
|t:|1758288231
|move|p1a: SUSIEZIELLA|Earthquake|p2a: Milky
|-damage|p2a: Milky|0 fnt
|faint|p2a: Milky
|
|upkeep
|
|t:|1758288236
|switch|p2a: Manny|Great Tusk, shiny|63/100
|-damage|p2a: Manny|60/100|[from] Stealth Rock
|turn|10
|
|t:|1758288247
|move|p2a: Manny|Headlong Rush|p1a: SUSIEZIELLA
|-supereffective|p1a: SUSIEZIELLA
|-damage|p1a: SUSIEZIELLA|10/100
|-unboost|p2a: Manny|def|1
|-unboost|p2a: Manny|spd|1
|move|p1a: SUSIEZIELLA|Earthquake|p2a: Manny
|-damage|p2a: Manny|17/100
|
|-heal|p1a: SUSIEZIELLA|16/100|[from] item: Leftovers
|upkeep
|turn|11
|
|t:|1758288258
|move|p2a: Manny|Rapid Spin|p1a: SUSIEZIELLA
|-resisted|p1a: SUSIEZIELLA
|-damage|p1a: SUSIEZIELLA|10/100
|-boost|p2a: Manny|spe|1
|-sideend|p2: Jaemaster2010|Stealth Rock|[from] move: Rapid Spin|[of] p2a: Manny
|move|p1a: SUSIEZIELLA|Earthquake|p2a: Manny
|-damage|p2a: Manny|0 fnt
|faint|p2a: Manny
|-end|p2a: Manny|Protosynthesis|[silent]
|
|-heal|p1a: SUSIEZIELLA|16/100|[from] item: Leftovers
|upkeep
|
|t:|1758288273
|switch|p2a: Smoke Cat|Incineroar, M|100/100
|-ability|p2a: Smoke Cat|Intimidate|boost
|-unboost|p1a: SUSIEZIELLA|atk|1
|turn|12
|
|t:|1758288278
|move|p2a: Smoke Cat|Will-O-Wisp|p1a: SUSIEZIELLA
|-status|p1a: SUSIEZIELLA|brn
|move|p1a: SUSIEZIELLA|Earthquake|p2a: Smoke Cat
|-supereffective|p2a: Smoke Cat
|-damage|p2a: Smoke Cat|77/100
|
|-heal|p1a: SUSIEZIELLA|22/100 brn|[from] item: Leftovers
|-damage|p1a: SUSIEZIELLA|16/100 brn|[from] brn
|upkeep
|turn|13
|
|t:|1758288286
|move|p2a: Smoke Cat|Knock Off|p1a: SUSIEZIELLA
|-resisted|p1a: SUSIEZIELLA
|-damage|p1a: SUSIEZIELLA|2/100 brn
|-enditem|p1a: SUSIEZIELLA|Leftovers|[from] move: Knock Off|[of] p2a: Smoke Cat
|move|p1a: SUSIEZIELLA|Stealth Rock|p2a: Smoke Cat
|-sidestart|p2: Jaemaster2010|move: Stealth Rock
|
|-damage|p1a: SUSIEZIELLA|0 fnt|[from] brn
|faint|p1a: SUSIEZIELLA
|upkeep
|
|t:|1758288308
|switch|p1a: LIGHTNERS LIVE|Toxtricity, M|100/100
|-damage|p1a: LIGHTNERS LIVE|88/100|[from] Stealth Rock
|turn|14
|
|t:|1758288315
|switch|p2a: Pythagorean Theory|Bastiodon, M, shiny|100/100
|-damage|p2a: Pythagorean Theory|94/100|[from] Stealth Rock
|move|p1a: LIGHTNERS LIVE|Overdrive|p2a: Pythagorean Theory
|-immune|p2a: Pythagorean Theory|[from] ability: Soundproof
|
|-heal|p2a: Pythagorean Theory|100/100|[from] item: Leftovers
|upkeep
|turn|15
|
|t:|1758288325
|switch|p1a: LANINO|Ursaluna, M|100/100
|-damage|p1a: LANINO|94/100|[from] Stealth Rock
|move|p2a: Pythagorean Theory|Iron Defense|p2a: Pythagorean Theory
|-boost|p2a: Pythagorean Theory|def|2
|
|-status|p1a: LANINO|brn|[from] item: Flame Orb
|upkeep
|turn|16
|
|t:|1758288333
|move|p1a: LANINO|Swords Dance|p1a: LANINO
|-boost|p1a: LANINO|atk|2
|move|p2a: Pythagorean Theory|Iron Defense|p2a: Pythagorean Theory
|-boost|p2a: Pythagorean Theory|def|2
|
|-damage|p1a: LANINO|88/100 brn|[from] brn
|upkeep
|turn|17
|
|t:|1758288340
|move|p1a: LANINO|Headlong Rush|p2a: Pythagorean Theory
|-supereffective|p2a: Pythagorean Theory
|-damage|p2a: Pythagorean Theory|0 fnt
|-unboost|p1a: LANINO|def|1
|-unboost|p1a: LANINO|spd|1
|faint|p2a: Pythagorean Theory
|
|-damage|p1a: LANINO|82/100 brn|[from] brn
|upkeep
|
|t:|1758288346
|switch|p2a: Smoke Cat|Incineroar, M|77/100
|-damage|p2a: Smoke Cat|52/100|[from] Stealth Rock
|-ability|p2a: Smoke Cat|Intimidate|boost
|-unboost|p1a: LANINO|atk|1
|turn|18
|
|t:|1758288355
|move|p2a: Smoke Cat|Parting Shot|p1a: LANINO
|-unboost|p1a: LANINO|atk|1
|-unboost|p1a: LANINO|spa|1
|
|t:|1758288360
|switch|p2a: Zappy|Zapdos, shiny|100/100|[from] Parting Shot
|move|p1a: LANINO|Headlong Rush|p2a: Zappy
|-immune|p2a: Zappy
|
|-damage|p1a: LANINO|76/100 brn|[from] brn
|upkeep
|turn|19
|
|t:|1758288368
|move|p2a: Zappy|Hurricane|p1a: LANINO|[miss]
|-miss|p2a: Zappy|p1a: LANINO
|move|p1a: LANINO|Facade|p2a: Zappy
|-damage|p2a: Zappy|12/100
|
|-damage|p1a: LANINO|70/100 brn|[from] brn
|upkeep
|turn|20
|
|t:|1758288376
|move|p2a: Zappy|Hurricane|p1a: LANINO
|-damage|p1a: LANINO|9/100 brn
|move|p1a: LANINO|Facade|p2a: Zappy
|-damage|p2a: Zappy|0 fnt
|faint|p2a: Zappy
|
|-damage|p1a: LANINO|3/100 brn|[from] brn
|upkeep
|
|t:|1758288383
|switch|p2a: Smoke Cat|Incineroar, M|52/100
|-damage|p2a: Smoke Cat|27/100|[from] Stealth Rock
|-ability|p2a: Smoke Cat|Intimidate|boost
|-unboost|p1a: LANINO|atk|1
|-enditem|p2a: Smoke Cat|Sitrus Berry|[eat]
|-heal|p2a: Smoke Cat|52/100|[from] item: Sitrus Berry
|turn|21
|
|t:|1758288390
|move|p2a: Smoke Cat|Knock Off|p1a: LANINO
|-damage|p1a: LANINO|0 fnt
|-enditem|p1a: LANINO|Flame Orb|[from] move: Knock Off|[of] p2a: Smoke Cat
|faint|p1a: LANINO
|
|upkeep
|
|t:|1758288400
|switch|p1a: COOKING SHOW|Rotom-Heat|100/100
|turn|22
|
|t:|1758288405
|move|p1a: COOKING SHOW|Nasty Plot|p1a: COOKING SHOW
|-boost|p1a: COOKING SHOW|spa|2
|move|p2a: Smoke Cat|Knock Off|p1a: COOKING SHOW
|-damage|p1a: COOKING SHOW|47/100
|-enditem|p1a: COOKING SHOW|Heavy-Duty Boots|[from] move: Knock Off|[of] p2a: Smoke Cat
|
|upkeep
|turn|23
|
|t:|1758288414
|move|p1a: COOKING SHOW|Volt Switch|p2a: Smoke Cat
|-damage|p2a: Smoke Cat|5/100
|
|t:|1758288419
|switch|p1a: ELNINA|Altaria, F|100/100|[from] Volt Switch
|move|p2a: Smoke Cat|Flare Blitz|p1a: ELNINA
|-resisted|p1a: ELNINA
|-damage|p1a: ELNINA|75/100
|-damage|p2a: Smoke Cat|0 fnt|[from] Recoil
|faint|p2a: Smoke Cat
|
|upkeep
|
|t:|1758288424
|switch|p2a: Battle Axe|Haxorus, M, shiny|100/100
|-damage|p2a: Battle Axe|88/100|[from] Stealth Rock
|-ability|p2a: Battle Axe|Mold Breaker
|turn|24
|
|t:|1758288433
|-terastallize|p2a: Battle Axe|Steel
|-terastallize|p1a: ELNINA|Fairy
|move|p2a: Battle Axe|Dragon Dance|p2a: Battle Axe
|-boost|p2a: Battle Axe|atk|1
|-boost|p2a: Battle Axe|spe|1
|move|p1a: ELNINA|Defog|p2a: Battle Axe
|-unboost|p2a: Battle Axe|evasion|1
|-sideend|p2: Jaemaster2010|Stealth Rock|[from] move: Defog|[of] p1a: ELNINA
|-sideend|p1: TENNATVTIME|Stealth Rock|[from] move: Defog|[of] p1a: ELNINA
|
|upkeep
|turn|25
|
|t:|1758288442
|move|p2a: Battle Axe|Dragon Dance|p2a: Battle Axe
|-boost|p2a: Battle Axe|atk|1
|-boost|p2a: Battle Axe|spe|1
|move|p1a: ELNINA|Will-O-Wisp|p2a: Battle Axe
|-status|p2a: Battle Axe|brn
|
|-damage|p2a: Battle Axe|82/100 brn|[from] brn
|upkeep
|turn|26
|
|t:|1758288450
|move|p2a: Battle Axe|Dragon Dance|p2a: Battle Axe
|-boost|p2a: Battle Axe|atk|1
|-boost|p2a: Battle Axe|spe|1
|move|p1a: ELNINA|Hurricane|p2a: Battle Axe
|-resisted|p2a: Battle Axe
|-damage|p2a: Battle Axe|59/100 brn
|
|-damage|p2a: Battle Axe|53/100 brn|[from] brn
|upkeep
|turn|27
|
|t:|1758288468
|move|p2a: Battle Axe|Iron Head|p1a: ELNINA
|-supereffective|p1a: ELNINA
|-damage|p1a: ELNINA|0 fnt
|faint|p1a: ELNINA
|-damage|p2a: Battle Axe|43/100 brn|[from] item: Life Orb
|
|-damage|p2a: Battle Axe|37/100 brn|[from] brn
|upkeep
|
|t:|1758288477
|switch|p1a: COOKING SHOW|Rotom-Heat|47/100
|turn|28
|
|t:|1758288482
|move|p2a: Battle Axe|Outrage|p1a: COOKING SHOW
|-damage|p1a: COOKING SHOW|0 fnt
|faint|p1a: COOKING SHOW
|-damage|p2a: Battle Axe|27/100 brn|[from] item: Life Orb
|
|-damage|p2a: Battle Axe|21/100 brn|[from] brn
|upkeep
|c|☆Jaemaster2010|gg
|
|t:|1758288489
|switch|p1a: LIGHTNERS LIVE|Toxtricity, M|88/100
|turn|29
|
|t:|1758288496
|move|p2a: Battle Axe|Outrage|p1a: LIGHTNERS LIVE|[from] lockedmove
|-damage|p1a: LIGHTNERS LIVE|0 fnt
|faint|p1a: LIGHTNERS LIVE
|-damage|p2a: Battle Axe|11/100 brn|[from] item: Life Orb
|-start|p2a: Battle Axe|confusion|[fatigue]
|
|-damage|p2a: Battle Axe|5/100 brn|[from] brn
|upkeep
|
|t:|1758288503
|switch|p1a: SHADOW GUY|Honchkrow, M|100/100
|turn|30
|
|t:|1758288508
|-activate|p2a: Battle Axe|confusion
|move|p2a: Battle Axe|Iron Head|p1a: SHADOW GUY
|-damage|p1a: SHADOW GUY|0 fnt
|faint|p1a: SHADOW GUY
|-damage|p2a: Battle Axe|0 fnt|[from] item: Life Orb
|faint|p2a: Battle Axe
|
|win|Jaemaster2010
|raw|TENNATVTIME's rating: 1055 &rarr; <strong>1037</strong><br />(-18 for losing)
|raw|Jaemaster2010's rating: 1055 &rarr; <strong>1087</strong><br />(+32 for winning)
|l|☆Jaemaster2010
|player|p2|
|l|☆TENNATVTIME
|player|p1|
