|j|☆sublimest tobias
|j|☆Rising Ursaring
|t:|1758233358
|gametype|singles
|player|p1|sublimest tobias|volkner-masters|1286
|player|p2|Rising Ursaring|265|1277
|gen|9
|tier|[Gen 9] OU
|rated|
|rule|HP Percentage Mod: HP is shown in percentages
|rule|Endless Battle Clause: Forcing endless battles is banned
|rule|Species Clause: Limit one of each Pokémon
|rule|OHKO Clause: OHKO moves are banned
|rule|Evasion Items Clause: Evasion items are banned
|rule|Evasion Moves Clause: Evasion moves are banned
|rule|Evasion Abilities Clause: Evasion abilities are banned
|rule|Sleep Moves Clause: Sleep-inducing moves are banned
|clearpoke
|poke|p1|Dragapult, M|
|poke|p1|Iron Valiant|
|poke|p1|Kingambit, F|
|poke|p1|Ogerpon-Wellspring, F|
|poke|p1|Great Tusk|
|poke|p1|Zapdos|
|poke|p2|Sinistcha|
|poke|p2|Slowking-Galar, F|
|poke|p2|Glimmora, M|
|poke|p2|Gliscor, M|
|poke|p2|Gholdengo|
|poke|p2|Landorus-Therian, M|
|teampreview
|inactive|Battle timer is ON: inactive players will automatically lose when time's up. (requested by Rising Ursaring)
|
|t:|1758233382
|teamsize|p1|6
|teamsize|p2|6
|start
|switch|p1a: Seiryū|Dragapult, M|100/100
|switch|p2a: Landorus|Landorus-Therian, M|100/100
|-ability|p2a: Landorus|Intimidate|boost
|-unboost|p1a: Seiryū|atk|1
|turn|1
|
|t:|1758233393
|-terastallize|p2a: Landorus|Ice
|move|p2a: Landorus|Tera Blast|p1a: Seiryū|[anim] Tera Blast Ice
|-supereffective|p1a: Seiryū
|-damage|p1a: Seiryū|0 fnt
|faint|p1a: Seiryū
|
|upkeep
|
|t:|1758233399
|switch|p1a: Emperor Jimmu|Kingambit, F|100/100
|-activate|p1a: Emperor Jimmu|ability: Supreme Overlord
|-start|p1a: Emperor Jimmu|fallen1|[silent]
|turn|2
|inactive|Rising Ursaring has 120 seconds left.
|inactive|Rising Ursaring has 90 seconds left.
|inactive|Rising Ursaring has 60 seconds left.
|
|t:|1758233492
|switch|p2a: Gliscor|Gliscor, M|100/100
|move|p1a: Emperor Jimmu|Swords Dance|p1a: Emperor Jimmu
|-boost|p1a: Emperor Jimmu|atk|2
|
|-status|p2a: Gliscor|tox|[from] item: Toxic Orb
|upkeep
|turn|3
|
|t:|1758233503
|move|p2a: Gliscor|Swords Dance|p2a: Gliscor
|-boost|p2a: Gliscor|atk|2
|move|p1a: Emperor Jimmu|Kowtow Cleave|p2a: Gliscor
|-damage|p2a: Gliscor|11/100 tox
|
|-heal|p2a: Gliscor|24/100 tox|[from] ability: Poison Heal
|upkeep
|turn|4
|
|t:|1758233517
|move|p2a: Gliscor|Protect|p2a: Gliscor
|-singleturn|p2a: Gliscor|Protect
|move|p1a: Emperor Jimmu|Kowtow Cleave|p2a: Gliscor
|-activate|p2a: Gliscor|move: Protect
|
|-heal|p2a: Gliscor|36/100 tox|[from] ability: Poison Heal
|upkeep
|turn|5
|
|t:|1758233525
|switch|p2a: Landorus|Landorus-Therian, M, tera:Ice|100/100
|-ability|p2a: Landorus|Intimidate|boost
|-unboost|p1a: Emperor Jimmu|atk|1
|-terastallize|p1a: Emperor Jimmu|Flying
|move|p1a: Emperor Jimmu|Kowtow Cleave|p2a: Landorus
|-damage|p2a: Landorus|1/100
|
|upkeep
|turn|6
|
|t:|1758233531
|switch|p2a: Gliscor|Gliscor, M|36/100 tox
|move|p1a: Emperor Jimmu|Sucker Punch||[still]
|-fail|p1a: Emperor Jimmu
|
|-heal|p2a: Gliscor|49/100 tox|[from] ability: Poison Heal
|upkeep
|turn|7
|
|t:|1758233536
|move|p2a: Gliscor|Facade|p1a: Emperor Jimmu
|-damage|p1a: Emperor Jimmu|77/100
|move|p1a: Emperor Jimmu|Swords Dance|p1a: Emperor Jimmu
|-boost|p1a: Emperor Jimmu|atk|2
|
|-heal|p1a: Emperor Jimmu|83/100|[from] item: Leftovers
|-heal|p2a: Gliscor|61/100 tox|[from] ability: Poison Heal
|upkeep
|turn|8
|
|t:|1758233542
|move|p2a: Gliscor|Swords Dance|p2a: Gliscor
|-boost|p2a: Gliscor|atk|2
|move|p1a: Emperor Jimmu|Kowtow Cleave|p2a: Gliscor
|-damage|p2a: Gliscor|0 fnt
|faint|p2a: Gliscor
|
|-heal|p1a: Emperor Jimmu|90/100|[from] item: Leftovers
|upkeep
|
|t:|1758233550
|switch|p2a: Glimmora|Glimmora, M|100/100
|turn|9
|
|t:|1758233555
|move|p2a: Glimmora|Power Gem|p1a: Emperor Jimmu
|-supereffective|p1a: Emperor Jimmu
|-damage|p1a: Emperor Jimmu|5/100
|move|p1a: Emperor Jimmu|Iron Head|p2a: Glimmora
|-supereffective|p2a: Glimmora
|-enditem|p2a: Glimmora|Focus Sash
|-damage|p2a: Glimmora|1/100
|-activate|p2a: Glimmora|ability: Toxic Debris
|-sidestart|p1: sublimest tobias|move: Toxic Spikes
|
|-heal|p1a: Emperor Jimmu|11/100|[from] item: Leftovers
|upkeep
|turn|10
|inactive|Rising Ursaring has 90 seconds left.
|
|t:|1758233573
|move|p1a: Emperor Jimmu|Sucker Punch||[still]
|-fail|p1a: Emperor Jimmu
|move|p2a: Glimmora|Stealth Rock|p1a: Emperor Jimmu
|-sidestart|p1: sublimest tobias|move: Stealth Rock
|
|-heal|p1a: Emperor Jimmu|17/100|[from] item: Leftovers
|upkeep
|turn|11
|
|t:|1758233579
|move|p2a: Glimmora|Stealth Rock||[still]
|-fail|p2a: Glimmora
|move|p1a: Emperor Jimmu|Kowtow Cleave|p2a: Glimmora
|-damage|p2a: Glimmora|0 fnt
|-activate|p2a: Glimmora|ability: Toxic Debris
|-sidestart|p1: sublimest tobias|move: Toxic Spikes
|faint|p2a: Glimmora
|
|-heal|p1a: Emperor Jimmu|24/100|[from] item: Leftovers
|upkeep
|
|t:|1758233585
|switch|p2a: Gholdengo|Gholdengo|100/100
|turn|12
|
|t:|1758233587
|move|p2a: Gholdengo|Nasty Plot|p2a: Gholdengo
|-boost|p2a: Gholdengo|spa|2
|move|p1a: Emperor Jimmu|Kowtow Cleave|p2a: Gholdengo
|-supereffective|p2a: Gholdengo
|-damage|p2a: Gholdengo|0 fnt
|faint|p2a: Gholdengo
|
|-heal|p1a: Emperor Jimmu|30/100|[from] item: Leftovers
|upkeep
|
|t:|1758233590
|switch|p2a: Sinistcha|Sinistcha|100/100
|turn|13
|
|t:|1758233592
|move|p1a: Emperor Jimmu|Sucker Punch|p2a: Sinistcha
|-supereffective|p2a: Sinistcha
|-damage|p2a: Sinistcha|0 fnt
|faint|p2a: Sinistcha
|
|-heal|p1a: Emperor Jimmu|36/100|[from] item: Leftovers
|upkeep
|-message|Rising Ursaring forfeited.
|
|win|sublimest tobias
|raw|sublimest tobias's rating: 1286 &rarr; <strong>1310</strong><br />(+24 for winning)
|raw|Rising Ursaring's rating: 1277 &rarr; <strong>1253</strong><br />(-24 for losing)
|l|☆Rising Ursaring
|player|p2|
