|j|☆jessies boyfriend
|j|☆catcat77
|t:|1758340809
|gametype|singles
|player|p1|jessies boyfriend|brock|1456
|player|p2|catcat77|caitlin|1495
|gen|9
|tier|[Gen 9] OU
|rated|
|rule|HP Percentage Mod: HP is shown in percentages
|rule|Endless Battle Clause: Forcing endless battles is banned
|rule|Species Clause: Limit one of each Pokémon
|rule|OHKO Clause: OHKO moves are banned
|rule|Evasion Items Clause: Evasion items are banned
|rule|Evasion Moves Clause: Evasion moves are banned
|rule|Evasion Abilities Clause: Evasion abilities are banned
|rule|Sleep Moves Clause: Sleep-inducing moves are banned
|clearpoke
|poke|p1|Avalugg, F|
|poke|p1|Hatterene, F|
|poke|p1|Slowking-Galar, F|
|poke|p1|Ting-Lu|
|poke|p1|Greninja-*, F|
|poke|p1|Raging Bolt|
|poke|p2|Ogerpon-Wellspring, F|
|poke|p2|Kingambit, F|
|poke|p2|Great Tusk|
|poke|p2|Raging Bolt|
|poke|p2|Iron Crown|
|poke|p2|Zamazenta-*|
|teampreview
|inactive|Battle timer is ON: inactive players will automatically lose when time's up. (requested by jessies boyfriend)
|
|t:|1758340829
|teamsize|p1|6
|teamsize|p2|6
|start
|switch|p1a: Greninja|Greninja, F|100/100
|switch|p2a: Iron Crown|Iron Crown|100/100
|turn|1
|
|t:|1758340835
|move|p1a: Greninja|U-turn|p2a: Iron Crown
|-start|p1a: Greninja|typechange|Bug|[from] ability: Protean
|-damage|p2a: Iron Crown|55/100
|
|t:|1758340839
|switch|p1a: Ting-Lu|Ting-Lu|100/100|[from] U-turn
|-ability|p1a: Ting-Lu|Vessel of Ruin
|move|p2a: Iron Crown|Volt Switch|p1a: Ting-Lu
|-immune|p1a: Ting-Lu
|
|upkeep
|turn|2
|
|t:|1758340849
|-end|p2a: Iron Crown|Quark Drive|[silent]
|switch|p2a: Great Tusk|Great Tusk|100/100
|move|p1a: Ting-Lu|Earthquake|p2a: Great Tusk
|-damage|p2a: Great Tusk|64/100
|
|upkeep
|turn|3
|
|t:|1758340854
|move|p2a: Great Tusk|Close Combat|p1a: Ting-Lu
|-supereffective|p1a: Ting-Lu
|-damage|p1a: Ting-Lu|31/100
|-unboost|p2a: Great Tusk|def|1
|-unboost|p2a: Great Tusk|spd|1
|move|p1a: Ting-Lu|Earthquake|p2a: Great Tusk
|-damage|p2a: Great Tusk|15/100
|
|-heal|p1a: Ting-Lu|38/100|[from] item: Leftovers
|upkeep
|turn|4
|
|t:|1758340863
|switch|p1a: Hatterene|Hatterene, F, shiny|100/100
|move|p2a: Great Tusk|Close Combat|p1a: Hatterene
|-resisted|p1a: Hatterene
|-damage|p1a: Hatterene|84/100
|-unboost|p2a: Great Tusk|def|1
|-unboost|p2a: Great Tusk|spd|1
|
|upkeep
|turn|5
|
|t:|1758340867
|move|p2a: Great Tusk|Headlong Rush|p1a: Hatterene
|-damage|p1a: Hatterene|18/100
|-unboost|p2a: Great Tusk|def|1
|-unboost|p2a: Great Tusk|spd|1
|move|p1a: Hatterene|Trick|p2a: Great Tusk
|-activate|p1a: Hatterene|move: Trick|[of] p2a: Great Tusk
|-item|p2a: Great Tusk|Choice Specs|[from] move: Trick
|-item|p1a: Hatterene|Rocky Helmet|[from] move: Trick
|
|upkeep
|turn|6
|
|t:|1758340879
|switch|p1a: Avalugg|Avalugg, F, shiny|100/100
|move|p2a: Great Tusk|Rapid Spin|p1a: Avalugg
|-damage|p1a: Avalugg|93/100
|-boost|p2a: Great Tusk|spe|1
|
|-heal|p1a: Avalugg|99/100|[from] item: Leftovers
|upkeep
|turn|7
|
|t:|1758340890
|move|p2a: Great Tusk|Rapid Spin|p1a: Avalugg
|-damage|p1a: Avalugg|91/100
|-boost|p2a: Great Tusk|spe|1
|move|p1a: Avalugg|Curse|p1a: Avalugg
|-unboost|p1a: Avalugg|spe|1
|-boost|p1a: Avalugg|atk|1
|-boost|p1a: Avalugg|def|1
|
|-heal|p1a: Avalugg|97/100|[from] item: Leftovers
|upkeep
|turn|8
|
|t:|1758340895
|-end|p2a: Great Tusk|Protosynthesis|[silent]
|switch|p2a: Iron Crown|Iron Crown|55/100
|move|p1a: Avalugg|Curse|p1a: Avalugg
|-unboost|p1a: Avalugg|spe|1
|-boost|p1a: Avalugg|atk|1
|-boost|p1a: Avalugg|def|1
|
|-heal|p1a: Avalugg|100/100|[from] item: Leftovers
|upkeep
|turn|9
|
|t:|1758340903
|move|p2a: Iron Crown|Tachyon Cutter|p1a: Avalugg
|-supereffective|p1a: Avalugg
|-ability|p1a: Avalugg|Sturdy
|-damage|p1a: Avalugg|1/100
|-supereffective|p1a: Avalugg
|-damage|p1a: Avalugg|0 fnt
|faint|p1a: Avalugg
|-hitcount|p1: Avalugg|2
|
|upkeep
|
|t:|1758340914
|switch|p1a: Greninja|Greninja, F|100/100
|turn|10
|
|t:|1758340928
|-end|p2a: Iron Crown|Quark Drive|[silent]
|switch|p2a: Great Tusk|Great Tusk|15/100
|move|p1a: Greninja|U-turn|p2a: Great Tusk
|-start|p1a: Greninja|typechange|Bug|[from] ability: Protean
|-resisted|p2a: Great Tusk
|-damage|p2a: Great Tusk|0 fnt
|faint|p2a: Great Tusk
|-end|p2a: Great Tusk|Protosynthesis|[silent]
|
|t:|1758340936
|switch|p1a: Ting-Lu|Ting-Lu|38/100|[from] U-turn
|-ability|p1a: Ting-Lu|Vessel of Ruin
|
|-heal|p1a: Ting-Lu|44/100|[from] item: Leftovers
|upkeep
|
|t:|1758340952
|switch|p2a: Ogerpon|Ogerpon-Wellspring, F|100/100
|turn|11
|
|t:|1758340962
|switch|p1a: Raging Bolt|Raging Bolt|100/100
|move|p2a: Ogerpon|Ivy Cudgel|p1a: Raging Bolt|[anim] Ivy Cudgel Water
|-resisted|p1a: Raging Bolt
|-crit|p1a: Raging Bolt
|-damage|p1a: Raging Bolt|64/100
|
|-heal|p1a: Raging Bolt|70/100|[from] item: Leftovers
|upkeep
|turn|12
|
|t:|1758340973
|move|p2a: Ogerpon|U-turn|p1a: Raging Bolt
|-damage|p1a: Raging Bolt|47/100
|
|t:|1758340977
|switch|p2a: Iron Crown|Iron Crown|55/100|[from] U-turn
|move|p1a: Raging Bolt|Volt Switch|p2a: Iron Crown
|-damage|p2a: Iron Crown|15/100
|
|t:|1758340993
|-end|p1a: Raging Bolt|Protosynthesis|[silent]
|switch|p1a: Greninja|Greninja, F|100/100|[from] Volt Switch
|
|upkeep
|turn|13
|
|t:|1758341002
|move|p1a: Greninja|U-turn|p2a: Iron Crown
|-start|p1a: Greninja|typechange|Bug|[from] ability: Protean
|-damage|p2a: Iron Crown|0 fnt
|faint|p2a: Iron Crown
|-end|p2a: Iron Crown|Quark Drive|[silent]
|
|t:|1758341014
|switch|p1a: Raging Bolt|Raging Bolt|47/100|[from] U-turn
|
|-heal|p1a: Raging Bolt|53/100|[from] item: Leftovers
|upkeep
|
|t:|1758341026
|switch|p2a: Zamazenta|Zamazenta|100/100
|-ability|p2a: Zamazenta|Dauntless Shield|boost
|-boost|p2a: Zamazenta|def|1
|turn|14
|
|t:|1758341033
|-end|p1a: Raging Bolt|Protosynthesis|[silent]
|switch|p1a: Slowking|Slowking-Galar, F|100/100
|move|p2a: Zamazenta|Body Press|p1a: Slowking
|-resisted|p1a: Slowking
|-damage|p1a: Slowking|86/100
|
|-heal|p1a: Slowking|92/100|[from] item: Black Sludge
|upkeep
|turn|15
|
|t:|1758341038
|switch|p2a: Kingambit|Kingambit, F|100/100
|move|p1a: Slowking|Trick|p2a: Kingambit
|-activate|p1a: Slowking|move: Trick|[of] p2a: Kingambit
|-item|p2a: Kingambit|Black Sludge|[from] move: Trick
|-item|p1a: Slowking|Lum Berry|[from] move: Trick
|
|-damage|p2a: Kingambit|88/100|[from] item: Black Sludge
|upkeep
|turn|16
|
|t:|1758341051
|switch|p1a: Greninja|Greninja, F|100/100
|move|p2a: Kingambit|Kowtow Cleave|p1a: Greninja
|-resisted|p1a: Greninja
|-damage|p1a: Greninja|60/100
|
|-damage|p2a: Kingambit|76/100|[from] item: Black Sludge
|upkeep
|turn|17
|
|t:|1758341067
|move|p1a: Greninja|U-turn|p2a: Kingambit
|-start|p1a: Greninja|typechange|Bug|[from] ability: Protean
|-damage|p2a: Kingambit|45/100
|
|t:|1758341072
|switch|p1a: Hatterene|Hatterene, F, shiny|18/100|[from] U-turn
|move|p2a: Kingambit|Brick Break|p1a: Hatterene
|-resisted|p1a: Hatterene
|-damage|p1a: Hatterene|10/100
|-damage|p2a: Kingambit|28/100|[from] item: Rocky Helmet|[of] p1a: Hatterene
|
|-damage|p2a: Kingambit|16/100|[from] item: Black Sludge
|upkeep
|turn|18
|
|t:|1758341085
|move|p2a: Kingambit|Iron Head|p1a: Hatterene
|-supereffective|p1a: Hatterene
|-damage|p1a: Hatterene|0 fnt
|-damage|p2a: Kingambit|0 fnt|[from] item: Rocky Helmet|[of] p1a: Hatterene
|faint|p1a: Hatterene
|faint|p2a: Kingambit
|
|upkeep
|
|t:|1758341108
|switch|p2a: Raging Bolt|Raging Bolt|100/100
|switch|p1a: Raging Bolt|Raging Bolt|53/100
|turn|19
|
|t:|1758341116
|-end|p1a: Raging Bolt|Protosynthesis|[silent]
|switch|p1a: Slowking|Slowking-Galar, F|100/100
|move|p2a: Raging Bolt|Draco Meteor|p1a: Slowking|[miss]
|-miss|p2a: Raging Bolt|p1a: Slowking
|
|upkeep
|turn|20
|
|t:|1758341120
|move|p2a: Raging Bolt|Calm Mind|p2a: Raging Bolt
|-boost|p2a: Raging Bolt|spa|1
|-boost|p2a: Raging Bolt|spd|1
|move|p1a: Slowking|Future Sight|p2a: Raging Bolt
|-start|p1a: Slowking|move: Future Sight
|
|upkeep
|turn|21
|
|t:|1758341128
|move|p2a: Raging Bolt|Calm Mind|p2a: Raging Bolt
|-boost|p2a: Raging Bolt|spa|1
|-boost|p2a: Raging Bolt|spd|1
|-prepare|p1a: Slowking|Chilly Reception|[premajor]
|move|p1a: Slowking|Chilly Reception|p1a: Slowking
|-weather|Snowscape
|
|t:|1758341131
|switch|p1a: Raging Bolt|Raging Bolt|53/100|[from] Chilly Reception
|
|-weather|Snowscape|[upkeep]
|-heal|p1a: Raging Bolt|60/100|[from] item: Leftovers
|upkeep
|turn|22
|
|t:|1758341138
|move|p1a: Raging Bolt|Draco Meteor|p2a: Raging Bolt
|-supereffective|p2a: Raging Bolt
|-damage|p2a: Raging Bolt|37/100
|-unboost|p1a: Raging Bolt|spa|2
|move|p2a: Raging Bolt|Draco Meteor|p1a: Raging Bolt
|-supereffective|p1a: Raging Bolt
|-damage|p1a: Raging Bolt|0 fnt
|-unboost|p2a: Raging Bolt|spa|2
|faint|p1a: Raging Bolt
|-end|p1a: Raging Bolt|Protosynthesis|[silent]
|
|-weather|Snowscape|[upkeep]
|-end|p2a: Raging Bolt|move: Future Sight
|-damage|p2a: Raging Bolt|18/100
|-heal|p2a: Raging Bolt|24/100|[from] item: Leftovers
|upkeep
|
|t:|1758341163
|switch|p1a: Greninja|Greninja, F|60/100
|turn|23
|
|t:|1758341167
|move|p1a: Greninja|Upper Hand|p2a: Raging Bolt
|-start|p1a: Greninja|typechange|Fighting|[from] ability: Protean
|-crit|p2a: Raging Bolt
|-damage|p2a: Raging Bolt|0 fnt
|faint|p2a: Raging Bolt
|-end|p2a: Raging Bolt|Protosynthesis|[silent]
|
|-weather|Snowscape|[upkeep]
|upkeep
|
|t:|1758341179
|switch|p2a: Ogerpon|Ogerpon-Wellspring, F|100/100
|turn|24
|
|t:|1758341196
|switch|p1a: Slowking|Slowking-Galar, F|100/100
|move|p2a: Ogerpon|Swords Dance|p2a: Ogerpon
|-boost|p2a: Ogerpon|atk|2
|
|-weather|Snowscape|[upkeep]
|upkeep
|turn|25
|
|t:|1758341201
|-terastallize|p2a: Ogerpon|Water
|detailschange|p2a: Ogerpon|Ogerpon-Wellspring-Tera, F, tera:Water
|-ability|p2a: Ogerpon|Embody Aspect (Wellspring)|boost
|-boost|p2a: Ogerpon|spd|1
|move|p2a: Ogerpon|Ivy Cudgel|p1a: Slowking|[anim] Ivy Cudgel Water
|-damage|p1a: Slowking|0 fnt
|faint|p1a: Slowking
|
|-weather|none
|upkeep
|
|t:|1758341210
|switch|p1a: Greninja|Greninja, F|60/100
|turn|26
|
|t:|1758341216
|move|p1a: Greninja|U-turn|p2a: Ogerpon
|-start|p1a: Greninja|typechange|Bug|[from] ability: Protean
|-damage|p2a: Ogerpon|40/100
|
|t:|1758341218
|switch|p1a: Ting-Lu|Ting-Lu|44/100|[from] U-turn
|-ability|p1a: Ting-Lu|Vessel of Ruin
|move|p2a: Ogerpon|Ivy Cudgel|p1a: Ting-Lu|[anim] Ivy Cudgel Water
|-supereffective|p1a: Ting-Lu
|-damage|p1a: Ting-Lu|0 fnt
|faint|p1a: Ting-Lu
|
|upkeep
|
|t:|1758341222
|switch|p1a: Greninja|Greninja, F|60/100
|turn|27
|
|t:|1758341225
|-terastallize|p1a: Greninja|Water
|move|p1a: Greninja|Liquidation|p2a: Ogerpon
|-resisted|p2a: Ogerpon
|-damage|p2a: Ogerpon|0 fnt
|faint|p2a: Ogerpon
|detailschange|p2: Ogerpon|Ogerpon-Wellspring, F|[silent]
|
|upkeep
|
|t:|1758341230
|switch|p2a: Zamazenta|Zamazenta|100/100
|turn|28
|
|t:|1758341232
|move|p1a: Greninja|Liquidation|p2a: Zamazenta
|-damage|p2a: Zamazenta|61/100
|-damage|p1a: Greninja|44/100|[from] item: Rocky Helmet|[of] p2a: Zamazenta
|move|p2a: Zamazenta|Body Press|p1a: Greninja
|-damage|p1a: Greninja|0 fnt
|faint|p1a: Greninja
|
|win|catcat77
|raw|jessies boyfriend's rating: 1456 &rarr; <strong>1438</strong><br />(-18 for losing)
|raw|catcat77's rating: 1495 &rarr; <strong>1513</strong><br />(+18 for winning)
|l|☆catcat77
|player|p2|
|l|☆jessies boyfriend
|player|p1|
