|j|☆Can't swim 7
|j|☆MetronomeMankooler
|t:|1758294004
|gametype|singles
|player|p1|Can't swim 7|fisherman-gen4|1132
|player|p2|MetronomeMankooler|cynthia-gen4|1131
|gen|9
|tier|[Gen 9] OU
|rated|
|rule|HP Percentage Mod: HP is shown in percentages
|rule|Endless Battle Clause: Forcing endless battles is banned
|rule|Species Clause: Limit one of each Pokémon
|rule|OHKO Clause: OHKO moves are banned
|rule|Evasion Items Clause: Evasion items are banned
|rule|Evasion Moves Clause: Evasion moves are banned
|rule|Evasion Abilities Clause: Evasion abilities are banned
|rule|Sleep Moves Clause: Sleep-inducing moves are banned
|clearpoke
|poke|p1|Gholdengo|
|poke|p1|Iron Treads|
|poke|p1|Raging Bolt|
|poke|p1|Moltres|
|poke|p1|Dragonite, M|
|poke|p1|Walking Wake|
|poke|p2|Pelipper, M|
|poke|p2|Lanturn, F|
|poke|p2|Charizard, F|
|poke|p2|Dragapult, F|
|poke|p2|Barraskewda, M|
|poke|p2|Azumarill, M|
|teampreview
|inactive|Battle timer is ON: inactive players will automatically lose when time's up. (requested by MetronomeMankooler)
|inactive|Can't swim 7 also wants the timer to be on.
|
|t:|1758294016
|teamsize|p1|6
|teamsize|p2|6
|start
|switch|p1a: Raging Bolt|Raging Bolt|100/100
|switch|p2a: Toilet|Pelipper, M|100/100
|-weather|RainDance|[from] ability: Drizzle|[of] p2a: Toilet
|-enditem|p1a: Raging Bolt|Booster Energy
|-activate|p1a: Raging Bolt|ability: Protosynthesis|[fromitem]
|-start|p1a: Raging Bolt|protosynthesisspa
|turn|1
|
|t:|1758294031
|switch|p2a: Mother|Dragapult, F, shiny|100/100
|move|p1a: Raging Bolt|Thunderbolt|p2a: Mother
|-resisted|p2a: Mother
|-damage|p2a: Mother|56/100
|
|-weather|RainDance|[upkeep]
|upkeep
|turn|2
|
|t:|1758294043
|-end|p1a: Raging Bolt|Protosynthesis|[silent]
|switch|p1a: Moltres|Moltres|100/100
|move|p2a: Mother|Dragon Dance|p2a: Mother
|-boost|p2a: Mother|atk|1
|-boost|p2a: Mother|spe|1
|
|-weather|RainDance|[upkeep]
|upkeep
|turn|3
|
|t:|1758294053
|move|p2a: Mother|Dragon Darts|p1a: Moltres
|-damage|p1a: Moltres|54/100
|-anim|p2a: Mother|Dragon Darts|p1a: Moltres
|-damage|p1a: Moltres|8/100
|-damage|p2a: Mother|46/100|[from] item: Life Orb
|move|p1a: Moltres|Roar|p2a: Mother
|drag|p2a: Icarus|Charizard, F, shiny|100/100
|
|-weather|RainDance|[upkeep]
|upkeep
|turn|4
|
|t:|1758294067
|-terastallize|p2a: Icarus|Water
|move|p2a: Icarus|Weather Ball|p1a: Moltres
|-supereffective|p1a: Moltres
|-damage|p1a: Moltres|0 fnt
|faint|p1a: Moltres
|-damage|p2a: Icarus|91/100|[from] item: Life Orb
|
|-weather|RainDance|[upkeep]
|upkeep
|c|☆MetronomeMankooler|LETS GO HYDROZARD!!
|
|t:|1758294084
|switch|p1a: Dragonite|Dragonite, M|100/100
|turn|5
|
|t:|1758294087
|move|p2a: Icarus|Hurricane|p1a: Dragonite
|-damage|p1a: Dragonite|66/100
|-damage|p2a: Icarus|81/100|[from] item: Life Orb
|move|p1a: Dragonite|Dragon Dance|p1a: Dragonite
|-boost|p1a: Dragonite|atk|1
|-boost|p1a: Dragonite|spe|1
|
|-weather|RainDance|[upkeep]
|upkeep
|turn|6
|
|t:|1758294098
|-terastallize|p1a: Dragonite|Normal
|move|p1a: Dragonite|Extreme Speed|p2a: Icarus
|-damage|p2a: Icarus|0 fnt
|faint|p2a: Icarus
|
|-weather|RainDance|[upkeep]
|upkeep
|
|t:|1758294103
|switch|p2a: Mother|Dragapult, F, shiny|46/100
|turn|7
|
|t:|1758294118
|switch|p1a: Iron Treads|Iron Treads|100/100
|move|p2a: Mother|Dragon Darts|p1a: Iron Treads
|-resisted|p1a: Iron Treads
|-damage|p1a: Iron Treads|86/100
|-anim|p2a: Mother|Dragon Darts|p1a: Iron Treads
|-resisted|p1a: Iron Treads
|-damage|p1a: Iron Treads|69/100
|-damage|p2a: Mother|36/100|[from] item: Life Orb
|
|-weather|RainDance|[upkeep]
|upkeep
|turn|8
|
|t:|1758294131
|switch|p2a: OMG!|Barraskewda, M, shiny|100/100
|move|p1a: Iron Treads|Knock Off|p2a: OMG!
|-damage|p2a: OMG!|41/100
|-enditem|p2a: OMG!|Choice Band|[from] move: Knock Off|[of] p1a: Iron Treads
|
|-weather|none
|upkeep
|turn|9
|
|t:|1758294152
|switch|p2a: Toilet|Pelipper, M|100/100
|-weather|RainDance|[from] ability: Drizzle|[of] p2a: Toilet
|move|p1a: Iron Treads|Rapid Spin|p2a: Toilet
|-damage|p2a: Toilet|89/100
|-boost|p1a: Iron Treads|spe|1
|
|-weather|RainDance|[upkeep]
|upkeep
|turn|10
|inactive|Can't swim 7 has 120 seconds left.
|
|t:|1758294175
|-end|p1a: Iron Treads|Quark Drive|[silent]
|switch|p1a: Walking Wake|Walking Wake|100/100
|move|p2a: Toilet|U-turn|p1a: Walking Wake
|-damage|p1a: Walking Wake|91/100
|
|t:|1758294179
|switch|p2a: Pikachu?|Azumarill, M, shiny|100/100|[from] U-turn
|
|-weather|RainDance|[upkeep]
|upkeep
|turn|11
|inactive|Can't swim 7 has 120 seconds left.
|
|t:|1758294208
|move|p1a: Walking Wake|Hurricane|p2a: Pikachu?
|-damage|p2a: Pikachu?|56/100
|-start|p2a: Pikachu?|confusion
|-activate|p2a: Pikachu?|confusion
|move|p2a: Pikachu?|Belly Drum|p2a: Pikachu?
|-damage|p2a: Pikachu?|6/100
|-setboost|p2a: Pikachu?|atk|6|[from] move: Belly Drum
|
|-weather|RainDance|[upkeep]
|upkeep
|turn|12
|c|☆MetronomeMankooler|oh dang i
|
|t:|1758294236
|-end|p1a: Walking Wake|Protosynthesis|[silent]
|switch|p1a: Gholdengo|Gholdengo|100/100
|-activate|p2a: Pikachu?|confusion
|move|p2a: Pikachu?|Play Rough|p1a: Gholdengo
|-resisted|p1a: Gholdengo
|-damage|p1a: Gholdengo|0 fnt
|faint|p1a: Gholdengo
|
|-weather|RainDance|[upkeep]
|upkeep
|c|☆MetronomeMankooler|Dang!
|inactive|Can't swim 7 has 90 seconds left.
|
|t:|1758294246
|switch|p1a: Dragonite|Dragonite, M, tera:Normal|66/100
|turn|13
|
|t:|1758294249
|move|p1a: Dragonite|Extreme Speed|p2a: Pikachu?
|-damage|p2a: Pikachu?|0 fnt
|faint|p2a: Pikachu?
|
|-weather|RainDance|[upkeep]
|upkeep
|
|t:|1758294254
|switch|p2a: SHIIIINE|Lanturn, F, shiny|100/100
|turn|14
|
|t:|1758294267
|switch|p1a: Raging Bolt|Raging Bolt|100/100
|move|p2a: SHIIIINE|Ice Beam|p1a: Raging Bolt
|-supereffective|p1a: Raging Bolt
|-damage|p1a: Raging Bolt|35/100
|
|-weather|RainDance|[upkeep]
|upkeep
|turn|15
|c|☆MetronomeMankooler|W READF
|
|t:|1758294276
|move|p1a: Raging Bolt|Dragon Pulse|p2a: SHIIIINE
|-damage|p2a: SHIIIINE|57/100
|move|p2a: SHIIIINE|Ice Beam|p1a: Raging Bolt
|-supereffective|p1a: Raging Bolt
|-damage|p1a: Raging Bolt|0 fnt
|faint|p1a: Raging Bolt
|-end|p1a: Raging Bolt|Protosynthesis|[silent]
|
|-weather|RainDance|[upkeep]
|upkeep
|
|t:|1758294288
|switch|p1a: Walking Wake|Walking Wake|91/100
|turn|16
|
|t:|1758294299
|switch|p2a: Toilet|Pelipper, M|89/100
|move|p1a: Walking Wake|Draco Meteor|p2a: Toilet
|-damage|p2a: Toilet|0 fnt
|-unboost|p1a: Walking Wake|spa|2
|faint|p2a: Toilet
|
|-weather|none
|upkeep
|
|t:|1758294303
|switch|p2a: OMG!|Barraskewda, M, shiny|41/100
|turn|17
|
|t:|1758294316
|-end|p1a: Walking Wake|Protosynthesis|[silent]
|switch|p1a: Iron Treads|Iron Treads|69/100
|move|p2a: OMG!|Close Combat|p1a: Iron Treads
|-supereffective|p1a: Iron Treads
|-damage|p1a: Iron Treads|0 fnt
|-unboost|p2a: OMG!|def|1
|-unboost|p2a: OMG!|spd|1
|faint|p1a: Iron Treads
|-end|p1a: Iron Treads|Quark Drive|[silent]
|
|upkeep
|
|t:|1758294330
|switch|p1a: Walking Wake|Walking Wake|91/100
|turn|18
|
|t:|1758294340
|move|p1a: Walking Wake|Hydro Steam|p2a: OMG!
|-resisted|p2a: OMG!
|-damage|p2a: OMG!|0 fnt
|faint|p2a: OMG!
|
|upkeep
|
|t:|1758294343
|switch|p2a: Mother|Dragapult, F, shiny|36/100
|turn|19
|
|t:|1758294354
|move|p1a: Walking Wake|Hydro Steam|p2a: Mother
|-resisted|p2a: Mother
|-damage|p2a: Mother|8/100
|move|p2a: Mother|Dragon Darts|p1a: Walking Wake
|-supereffective|p1a: Walking Wake
|-damage|p1a: Walking Wake|13/100
|-anim|p2a: Mother|Dragon Darts|p1a: Walking Wake
|-supereffective|p1a: Walking Wake
|-damage|p1a: Walking Wake|0 fnt
|faint|p1a: Walking Wake
|-end|p1a: Walking Wake|Protosynthesis|[silent]
|-damage|p2a: Mother|0 fnt|[from] item: Life Orb
|faint|p2a: Mother
|
|upkeep
|
|t:|1758294367
|switch|p2a: SHIIIINE|Lanturn, F, shiny|57/100
|switch|p1a: Dragonite|Dragonite, M, tera:Normal|66/100
|turn|20
|
|t:|1758294374
|move|p1a: Dragonite|Extreme Speed|p2a: SHIIIINE
|-damage|p2a: SHIIIINE|4/100
|move|p2a: SHIIIINE|Scald|p1a: Dragonite
|-damage|p1a: Dragonite|20/100
|
|upkeep
|turn|21
|c|☆MetronomeMankooler|ggs..
|
|t:|1758294382
|move|p1a: Dragonite|Extreme Speed|p2a: SHIIIINE
|-damage|p2a: SHIIIINE|0 fnt
|faint|p2a: SHIIIINE
|
|win|Can't swim 7
|raw|Can&apos;t swim 7's rating: 1132 &rarr; <strong>1157</strong><br />(+25 for winning)
|raw|MetronomeMankooler's rating: 1131 &rarr; <strong>1106</strong><br />(-25 for losing)
|l|☆MetronomeMankooler
|player|p2|
|l|☆Can't swim 7
|player|p1|
