|j|☆ToLLi
|j|☆will1994
|t:|1758323285
|gametype|singles
|player|p1|ToLLi|blue|1516
|player|p2|will1994|red|1576
|gen|9
|tier|[Gen 9] OU
|rated|
|rule|HP Percentage Mod: HP is shown in percentages
|rule|Endless Battle Clause: Forcing endless battles is banned
|rule|Species Clause: Limit one of each Pokémon
|rule|OHKO Clause: OHKO moves are banned
|rule|Evasion Items Clause: Evasion items are banned
|rule|Evasion Moves Clause: Evasion moves are banned
|rule|Evasion Abilities Clause: Evasion abilities are banned
|rule|Sleep Moves Clause: Sleep-inducing moves are banned
|clearpoke
|poke|p1|Raging Bolt|
|poke|p1|Weezing-Galar, M|
|poke|p1|Landorus-Therian, M|
|poke|p1|Ceruledge, M|
|poke|p1|Ogerpon-Wellspring, F|
|poke|p1|Darkrai|
|poke|p2|Rillaboom, F|
|poke|p2|Charizard, M|
|poke|p2|Corviknight, F|
|poke|p2|Kleavor, M|
|poke|p2|Clodsire, M|
|poke|p2|Samurott-Hisui, F|
|teampreview
|
|t:|1758323292
|teamsize|p1|6
|teamsize|p2|6
|start
|switch|p1a: Weezing|Weezing-Galar, M|100/100
|switch|p2a: Kleavor|Kleavor, M|100/100
|turn|1
|
|t:|1758323302
|move|p2a: Kleavor|U-turn|p1a: Weezing
|-resisted|p1a: Weezing
|-damage|p1a: Weezing|94/100
|
|t:|1758323304
|switch|p2a: Charizard|Charizard, M|100/100|[from] U-turn
|move|p1a: Weezing|Will-O-Wisp|p2a: Charizard
|-immune|p2a: Charizard
|
|upkeep
|turn|2
|
|t:|1758323326
|switch|p1a: Landorus|Landorus-Therian, M|100/100
|-ability|p1a: Landorus|Intimidate|boost
|-unboost|p2a: Charizard|atk|1
|-terastallize|p2a: Charizard|Fire
|move|p2a: Charizard|Flamethrower|p1a: Landorus
|-damage|p1a: Landorus|0 fnt
|faint|p1a: Landorus
|
|upkeep
|
|t:|1758323336
|switch|p1a: Ogerpon|Ogerpon-Wellspring, F|100/100
|turn|3
|
|t:|1758323344
|switch|p2a: Corviknight|Corviknight, F|100/100
|-ability|p2a: Corviknight|Pressure
|-terastallize|p1a: Ogerpon|Water
|detailschange|p1a: Ogerpon|Ogerpon-Wellspring-Tera, F, tera:Water
|-ability|p1a: Ogerpon|Embody Aspect (Wellspring)|boost
|-boost|p1a: Ogerpon|spd|1
|move|p1a: Ogerpon|Swords Dance|p1a: Ogerpon
|-boost|p1a: Ogerpon|atk|2
|
|upkeep
|turn|4
|
|t:|1758323355
|move|p1a: Ogerpon|Ivy Cudgel|p2a: Corviknight|[anim] Ivy Cudgel Water
|-damage|p2a: Corviknight|9/100
|move|p2a: Corviknight|U-turn|p1a: Ogerpon
|-damage|p1a: Ogerpon|83/100
|
|t:|1758323372
|switch|p2a: Kleavor|Kleavor, M|100/100|[from] U-turn
|
|upkeep
|turn|5
|
|t:|1758323378
|move|p2a: Kleavor|U-turn|p1a: Ogerpon
|-damage|p1a: Ogerpon|29/100
|
|t:|1758323382
|switch|p2a: Corviknight|Corviknight, F|9/100|[from] U-turn
|-ability|p2a: Corviknight|Pressure
|move|p1a: Ogerpon|Ivy Cudgel|p2a: Corviknight|[anim] Ivy Cudgel Water
|-damage|p2a: Corviknight|0 fnt
|faint|p2a: Corviknight
|
|upkeep
|
|t:|1758323383
|switch|p2a: Kleavor|Kleavor, M|100/100
|turn|6
|
|t:|1758323400
|switch|p1a: Ceruledge|Ceruledge, M, shiny|100/100
|move|p2a: Kleavor|Stone Axe|p1a: Ceruledge
|-supereffective|p1a: Ceruledge
|-enditem|p1a: Ceruledge|Focus Sash
|-damage|p1a: Ceruledge|1/100
|-ability|p1a: Ceruledge|Weak Armor|boost
|-unboost|p1a: Ceruledge|def|1
|-boost|p1a: Ceruledge|spe|2
|-sidestart|p1: ToLLi|move: Stealth Rock
|
|upkeep
|turn|7
|
|t:|1758323421
|move|p1a: Ceruledge|Bitter Blade|p2a: Kleavor
|-damage|p2a: Kleavor|37/100
|-heal|p1a: Ceruledge|31/100|[from] drain|[of] p2a: Kleavor
|move|p2a: Kleavor|Stone Axe|p1a: Ceruledge
|-supereffective|p1a: Ceruledge
|-damage|p1a: Ceruledge|0 fnt
|faint|p1a: Ceruledge
|
|upkeep
|
|t:|1758323431
|switch|p1a: Weezing|Weezing-Galar, M|94/100
|turn|8
|
|t:|1758323443
|switch|p2a: Charizard|Charizard, M, tera:Fire|100/100
|move|p1a: Weezing|Defog|p2a: Charizard
|-unboost|p2a: Charizard|evasion|1
|-sideend|p1: ToLLi|Stealth Rock|[from] move: Defog|[of] p1a: Weezing
|
|upkeep
|turn|9
|
|t:|1758323452
|switch|p1a: Raging Bolt|Raging Bolt|100/100
|-enditem|p1a: Raging Bolt|Booster Energy
|-activate|p1a: Raging Bolt|ability: Protosynthesis|[fromitem]
|-start|p1a: Raging Bolt|protosynthesisspa
|move|p2a: Charizard|Overheat|p1a: Raging Bolt
|-resisted|p1a: Raging Bolt
|-damage|p1a: Raging Bolt|39/100
|-unboost|p2a: Charizard|spa|2
|
|upkeep
|turn|10
|
|t:|1758323465
|switch|p2a: Clodsire|Clodsire, M|100/100
|move|p1a: Raging Bolt|Thunderbolt|p2a: Clodsire
|-immune|p2a: Clodsire
|
|upkeep
|turn|11
|
|t:|1758323476
|move|p1a: Raging Bolt|Dragon Pulse|p2a: Clodsire
|-damage|p2a: Clodsire|52/100
|move|p2a: Clodsire|Toxic|p1a: Raging Bolt
|-status|p1a: Raging Bolt|tox
|
|-heal|p2a: Clodsire|58/100|[from] item: Leftovers
|-damage|p1a: Raging Bolt|33/100 tox|[from] psn
|upkeep
|turn|12
|
|t:|1758323487
|move|p1a: Raging Bolt|Dragon Pulse|p2a: Clodsire
|-damage|p2a: Clodsire|10/100
|move|p2a: Clodsire|Recover|p2a: Clodsire
|-heal|p2a: Clodsire|60/100
|
|-heal|p2a: Clodsire|66/100|[from] item: Leftovers
|-damage|p1a: Raging Bolt|20/100 tox|[from] psn
|upkeep
|turn|13
|
|t:|1758323498
|-end|p1a: Raging Bolt|Protosynthesis|[silent]
|switch|p1a: Darkrai|Darkrai|100/100
|move|p2a: Clodsire|Recover|p2a: Clodsire
|-heal|p2a: Clodsire|100/100
|
|upkeep
|turn|14
|
|t:|1758323506
|switch|p2a: Samurott|Samurott-Hisui, F|100/100
|move|p1a: Darkrai|Nasty Plot|p1a: Darkrai
|-boost|p1a: Darkrai|spa|2
|
|upkeep
|turn|15
|
|t:|1758323515
|move|p1a: Darkrai|Sludge Bomb|p2a: Samurott
|-damage|p2a: Samurott|50/100
|-damage|p1a: Darkrai|91/100|[from] item: Life Orb
|move|p2a: Samurott|Sacred Sword|p1a: Darkrai
|-supereffective|p1a: Darkrai
|-damage|p1a: Darkrai|5/100
|
|upkeep
|turn|16
|
|t:|1758323523
|move|p2a: Samurott|Sucker Punch|p1a: Darkrai
|-resisted|p1a: Darkrai
|-damage|p1a: Darkrai|0 fnt
|faint|p1a: Darkrai
|
|upkeep
|-message|ToLLi forfeited.
|
|win|will1994
|raw|ToLLi's rating: 1516 &rarr; <strong>1499</strong><br />(-17 for losing)
|raw|will1994's rating: 1576 &rarr; <strong>1593</strong><br />(+17 for winning)
|l|☆ToLLi
|player|p1|
