|j|☆yfwm
|j|☆AzureNoire
|t:|1758258761
|gametype|singles
|player|p1|yfwm|169|1366
|player|p2|AzureNoire|101|1370
|gen|9
|tier|[Gen 9] OU
|rated|
|rule|HP Percentage Mod: HP is shown in percentages
|rule|Endless Battle Clause: Forcing endless battles is banned
|rule|Species Clause: Limit one of each Pokémon
|rule|OHKO Clause: OHKO moves are banned
|rule|Evasion Items Clause: Evasion items are banned
|rule|Evasion Moves Clause: Evasion moves are banned
|rule|Evasion Abilities Clause: Evasion abilities are banned
|rule|Sleep Moves Clause: Sleep-inducing moves are banned
|clearpoke
|poke|p1|Walking Wake|
|poke|p1|Ninetales, M|
|poke|p1|Landorus-Therian, M|
|poke|p1|Raging Bolt|
|poke|p1|Zamazenta-*|
|poke|p1|Cinderace, F|
|poke|p2|Mandibuzz, F|
|poke|p2|Armarouge, M|
|poke|p2|Blaziken, M|
|poke|p2|Iron Valiant|
|poke|p2|Hatterene, F|
|poke|p2|Lapras, M|
|teampreview
|inactive|Battle timer is ON: inactive players will automatically lose when time's up. (requested by AzureNoire)
|inactive|yfwm has 120 seconds left.
|
|t:|1758258799
|teamsize|p1|6
|teamsize|p2|6
|start
|switch|p1a: Raging Bolt|Raging Bolt|100/100
|switch|p2a: Blaziken|Blaziken, M|100/100
|turn|1
|
|t:|1758258817
|move|p2a: Blaziken|Detect|p2a: Blaziken
|-singleturn|p2a: Blaziken|Protect
|move|p1a: Raging Bolt|Thunderbolt|p2a: Blaziken
|-activate|p2a: Blaziken|move: Protect
|
|-ability|p2a: Blaziken|Speed Boost|boost
|-boost|p2a: Blaziken|spe|1
|upkeep
|turn|2
|
|t:|1758258837
|move|p2a: Blaziken|Focus Energy|p2a: Blaziken
|-start|p2a: Blaziken|move: Focus Energy
|move|p1a: Raging Bolt|Thunderbolt|p2a: Blaziken
|-damage|p2a: Blaziken|0 fnt
|faint|p2a: Blaziken
|-damage|p1a: Raging Bolt|91/100|[from] item: Life Orb
|
|upkeep
|
|t:|1758258841
|switch|p2a: Mandibuzz|Mandibuzz, F|100/100
|turn|3
|
|t:|1758258843
|move|p2a: Mandibuzz|Toxic|p1a: Raging Bolt
|-status|p1a: Raging Bolt|tox
|move|p1a: Raging Bolt|Thunderbolt|p2a: Mandibuzz
|-supereffective|p2a: Mandibuzz
|-damage|p2a: Mandibuzz|0 fnt
|faint|p2a: Mandibuzz
|-damage|p1a: Raging Bolt|81/100 tox|[from] item: Life Orb
|
|-damage|p1a: Raging Bolt|75/100 tox|[from] psn
|upkeep
|
|t:|1758258851
|switch|p2a: Iron Valiant|Iron Valiant|100/100
|-enditem|p2a: Iron Valiant|Booster Energy
|-activate|p2a: Iron Valiant|ability: Quark Drive|[fromitem]
|-start|p2a: Iron Valiant|quarkdrivespe
|turn|4
|
|t:|1758258857
|-end|p1a: Raging Bolt|Protosynthesis|[silent]
|switch|p1a: Landorus|Landorus-Therian, M|100/100
|-ability|p1a: Landorus|Intimidate|boost
|-unboost|p2a: Iron Valiant|atk|1
|move|p2a: Iron Valiant|Calm Mind|p2a: Iron Valiant
|-boost|p2a: Iron Valiant|spa|1
|-boost|p2a: Iron Valiant|spd|1
|
|upkeep
|turn|5
|
|t:|1758258864
|move|p2a: Iron Valiant|Moonblast|p1a: Landorus
|-damage|p1a: Landorus|54/100
|move|p1a: Landorus|Earthquake|p2a: Iron Valiant
|-damage|p2a: Iron Valiant|38/100
|
|upkeep
|turn|6
|
|t:|1758258874
|-terastallize|p2a: Iron Valiant|Fairy
|move|p2a: Iron Valiant|Moonblast|p1a: Landorus
|-damage|p1a: Landorus|0 fnt
|faint|p1a: Landorus
|
|upkeep
|
|t:|1758258884
|switch|p1a: Ninetales|Ninetales, M|100/100
|-weather|SunnyDay|[from] ability: Drought|[of] p1a: Ninetales
|turn|7
|
|t:|1758258888
|move|p2a: Iron Valiant|Drain Punch|p1a: Ninetales
|-damage|p1a: Ninetales|61/100
|-heal|p2a: Iron Valiant|58/100|[from] drain|[of] p1a: Ninetales
|move|p1a: Ninetales|Overheat|p2a: Iron Valiant|[miss]
|-miss|p1a: Ninetales|p2a: Iron Valiant
|
|-weather|SunnyDay|[upkeep]
|upkeep
|turn|8
|
|t:|1758258896
|move|p2a: Iron Valiant|Thunderbolt|p1a: Ninetales
|-damage|p1a: Ninetales|19/100
|move|p1a: Ninetales|Overheat|p2a: Iron Valiant
|-crit|p2a: Iron Valiant
|-damage|p2a: Iron Valiant|0 fnt
|-unboost|p1a: Ninetales|spa|2
|faint|p2a: Iron Valiant
|-end|p2a: Iron Valiant|Quark Drive|[silent]
|-enditem|p1a: Ninetales|Eject Pack
|
|t:|1758258900
|switch|p1a: Walking Wake|Walking Wake|100/100
|-activate|p1a: Walking Wake|ability: Protosynthesis
|-start|p1a: Walking Wake|protosynthesisspe
|
|-weather|SunnyDay|[upkeep]
|upkeep
|
|t:|1758258905
|switch|p2a: Hatterene|Hatterene, F|100/100
|turn|9
|
|t:|1758258910
|-terastallize|p1a: Walking Wake|Water
|move|p1a: Walking Wake|Hydro Steam|p2a: Hatterene
|-damage|p2a: Hatterene|0 fnt
|faint|p2a: Hatterene
|
|-weather|SunnyDay|[upkeep]
|upkeep
|
|t:|1758258913
|switch|p2a: Lapras|Lapras, M|100/100
|turn|10
|
|t:|1758258915
|move|p1a: Walking Wake|Hydro Steam|p2a: Lapras
|-immune|p2a: Lapras|[from] ability: Water Absorb
|move|p2a: Lapras|Dragon Dance|p2a: Lapras
|-boost|p2a: Lapras|atk|1
|-boost|p2a: Lapras|spe|1
|
|-weather|SunnyDay|[upkeep]
|upkeep
|turn|11
|
|t:|1758258932
|-end|p1a: Walking Wake|Protosynthesis|[silent]
|switch|p1a: Zamazenta|Zamazenta|100/100
|-ability|p1a: Zamazenta|Dauntless Shield|boost
|-boost|p1a: Zamazenta|def|1
|move|p2a: Lapras|Dragon Dance|p2a: Lapras
|-boost|p2a: Lapras|atk|1
|-boost|p2a: Lapras|spe|1
|
|-weather|none
|upkeep
|turn|12
|
|t:|1758258937
|move|p2a: Lapras|Dragon Dance|p2a: Lapras
|-boost|p2a: Lapras|atk|1
|-boost|p2a: Lapras|spe|1
|move|p1a: Zamazenta|Body Press|p2a: Lapras
|-supereffective|p2a: Lapras
|-damage|p2a: Lapras|0 fnt
|faint|p2a: Lapras
|
|upkeep
|
|t:|1758258940
|switch|p2a: Armarouge|Armarouge, M|100/100
|turn|13
|
|t:|1758258949
|move|p1a: Zamazenta|Stone Edge|p2a: Armarouge
|-supereffective|p2a: Armarouge
|-damage|p2a: Armarouge|52/100
|-ability|p2a: Armarouge|Weak Armor|boost
|-unboost|p2a: Armarouge|def|1
|-boost|p2a: Armarouge|spe|2
|-enditem|p2a: Armarouge|Weakness Policy
|-boost|p2a: Armarouge|atk|2|[from] item: Weakness Policy
|-boost|p2a: Armarouge|spa|2|[from] item: Weakness Policy
|move|p2a: Armarouge|Calm Mind|p2a: Armarouge
|-boost|p2a: Armarouge|spa|1
|-boost|p2a: Armarouge|spd|1
|
|upkeep
|turn|14
|
|t:|1758258952
|move|p2a: Armarouge|Iron Defense|p2a: Armarouge
|-boost|p2a: Armarouge|def|2
|move|p1a: Zamazenta|Stone Edge|p2a: Armarouge
|-supereffective|p2a: Armarouge
|-damage|p2a: Armarouge|22/100
|-ability|p2a: Armarouge|Weak Armor|boost
|-unboost|p2a: Armarouge|def|1
|-boost|p2a: Armarouge|spe|2
|
|upkeep
|turn|15
|
|t:|1758258959
|move|p2a: Armarouge|Stored Power|p1a: Zamazenta
|-supereffective|p1a: Zamazenta
|-damage|p1a: Zamazenta|0 fnt
|faint|p1a: Zamazenta
|
|upkeep
|
|t:|1758258962
|switch|p1a: Raging Bolt|Raging Bolt|75/100 tox
|turn|16
|
|t:|1758258965
|move|p1a: Raging Bolt|Thunderclap||[still]
|-fail|p1a: Raging Bolt
|move|p2a: Armarouge|Calm Mind|p2a: Armarouge
|-boost|p2a: Armarouge|spa|1
|-boost|p2a: Armarouge|spd|1
|
|-damage|p1a: Raging Bolt|68/100 tox|[from] psn
|upkeep
|turn|17
|
|t:|1758258969
|move|p1a: Raging Bolt|Thunderclap|p2a: Armarouge
|-damage|p2a: Armarouge|0 fnt
|faint|p2a: Armarouge
|-damage|p1a: Raging Bolt|59/100 tox|[from] item: Life Orb
|
|win|yfwm
|raw|yfwm's rating: 1366 &rarr; <strong>1386</strong><br />(+20 for winning)
|raw|AzureNoire's rating: 1370 &rarr; <strong>1350</strong><br />(-20 for losing)
|l|☆AzureNoire
|player|p2|
