|j|☆N0art_97
|j|☆Eggege
|t:|1758357651
|gametype|singles
|player|p1|N0art_97|benga|1355
|player|p2|Eggege|170|1419
|gen|9
|tier|[Gen 9] OU
|rated|
|rule|HP Percentage Mod: HP is shown in percentages
|rule|Endless Battle Clause: Forcing endless battles is banned
|rule|Species Clause: Limit one of each Pokémon
|rule|OHKO Clause: OHKO moves are banned
|rule|Evasion Items Clause: Evasion items are banned
|rule|Evasion Moves Clause: Evasion moves are banned
|rule|Evasion Abilities Clause: Evasion abilities are banned
|rule|Sleep Moves Clause: Sleep-inducing moves are banned
|clearpoke
|poke|p1|Pelipper, M|
|poke|p1|Crawdaunt, F|
|poke|p1|Kingdra, F|
|poke|p1|Rillaboom, M|
|poke|p1|Scizor, M|
|poke|p1|Swampert, M|
|poke|p2|Ninetales-Alola, F|
|poke|p2|Cetitan, M|
|poke|p2|Kyurem|
|poke|p2|Sandslash-Alola, F|
|poke|p2|Moltres|
|poke|p2|Zamazenta-*|
|teampreview
|c|☆N0art_97|o mai gat
|
|t:|1758357669
|teamsize|p1|6
|teamsize|p2|6
|start
|switch|p1a: Scizor|Scizor, M|100/100
|switch|p2a: Ninetales|Ninetales-Alola, F|100/100
|-weather|Snowscape|[from] ability: Snow Warning|[of] p2a: Ninetales
|turn|1
|
|t:|1758357680
|switch|p2a: Moltres|Moltres|100/100
|move|p1a: Scizor|U-turn|p2a: Moltres
|-resisted|p2a: Moltres
|-damage|p2a: Moltres|92/100
|
|t:|1758357686
|switch|p1a: Pelipper|Pelipper, M|100/100|[from] U-turn
|-weather|RainDance|[from] ability: Drizzle|[of] p1a: Pelipper
|
|-weather|RainDance|[upkeep]
|upkeep
|turn|2
|
|t:|1758357693
|switch|p2a: Ninetales|Ninetales-Alola, F|100/100
|-weather|Snowscape|[from] ability: Snow Warning|[of] p2a: Ninetales
|move|p1a: Pelipper|U-turn|p2a: Ninetales
|-resisted|p2a: Ninetales
|-damage|p2a: Ninetales|96/100
|
|t:|1758357699
|switch|p1a: Scizor|Scizor, M|100/100|[from] U-turn
|
|-weather|Snowscape|[upkeep]
|upkeep
|turn|3
|
|t:|1758357706
|switch|p2a: Moltres|Moltres|92/100
|switch|p1a: Pelipper|Pelipper, M|100/100
|-weather|RainDance|[from] ability: Drizzle|[of] p1a: Pelipper
|
|-weather|RainDance|[upkeep]
|upkeep
|turn|4
|
|t:|1758357720
|switch|p2a: Ninetales|Ninetales-Alola, F|96/100
|-weather|Snowscape|[from] ability: Snow Warning|[of] p2a: Ninetales
|move|p1a: Pelipper|U-turn|p2a: Ninetales
|-resisted|p2a: Ninetales
|-damage|p2a: Ninetales|92/100
|
|t:|1758357726
|switch|p1a: Scizor|Scizor, M|100/100|[from] U-turn
|
|-weather|Snowscape|[upkeep]
|upkeep
|turn|5
|
|t:|1758357732
|switch|p2a: Moltres|Moltres|92/100
|switch|p1a: Pelipper|Pelipper, M|100/100
|-weather|RainDance|[from] ability: Drizzle|[of] p1a: Pelipper
|
|-weather|RainDance|[upkeep]
|upkeep
|turn|6
|
|t:|1758357748
|switch|p1a: Scizor|Scizor, M|100/100
|move|p2a: Moltres|Hurricane|p1a: Scizor
|-damage|p1a: Scizor|27/100
|
|-weather|RainDance|[upkeep]
|-heal|p1a: Scizor|33/100|[from] item: Leftovers
|upkeep
|turn|7
|
|t:|1758357757
|switch|p1a: Kingdra|Kingdra, F|100/100
|move|p2a: Moltres|Hurricane|p1a: Kingdra
|-damage|p1a: Kingdra|22/100
|
|-weather|RainDance|[upkeep]
|upkeep
|turn|8
|
|t:|1758357775
|-terastallize|p2a: Moltres|Steel
|move|p1a: Kingdra|Surf|p2a: Moltres
|-damage|p2a: Moltres|0 fnt
|faint|p2a: Moltres
|
|-weather|RainDance|[upkeep]
|upkeep
|
|t:|1758357782
|switch|p2a: Ninetales|Ninetales-Alola, F|92/100
|-weather|Snowscape|[from] ability: Snow Warning|[of] p2a: Ninetales
|turn|9
|
|t:|1758357788
|switch|p1a: Pelipper|Pelipper, M|100/100
|-weather|RainDance|[from] ability: Drizzle|[of] p1a: Pelipper
|move|p2a: Ninetales|Blizzard|p1a: Pelipper|[miss]
|-miss|p2a: Ninetales|p1a: Pelipper
|
|-weather|RainDance|[upkeep]
|upkeep
|turn|10
|
|t:|1758357798
|switch|p1a: Scizor|Scizor, M|33/100
|move|p2a: Ninetales|Freeze-Dry|p1a: Scizor
|-resisted|p1a: Scizor
|-damage|p1a: Scizor|18/100
|
|-weather|RainDance|[upkeep]
|-heal|p1a: Scizor|24/100|[from] item: Leftovers
|upkeep
|turn|11
|
|t:|1758357806
|switch|p2a: Zamazenta|Zamazenta|100/100
|-ability|p2a: Zamazenta|Dauntless Shield|boost
|-boost|p2a: Zamazenta|def|1
|move|p1a: Scizor|U-turn|p2a: Zamazenta
|-resisted|p2a: Zamazenta
|-damage|p2a: Zamazenta|93/100
|
|t:|1758357813
|switch|p1a: Kingdra|Kingdra, F|22/100|[from] U-turn
|
|-weather|RainDance|[upkeep]
|-heal|p2a: Zamazenta|99/100|[from] item: Leftovers
|upkeep
|turn|12
|
|t:|1758357819
|move|p1a: Kingdra|Surf|p2a: Zamazenta
|-damage|p2a: Zamazenta|28/100
|move|p2a: Zamazenta|Body Press|p1a: Kingdra
|-damage|p1a: Kingdra|0 fnt
|faint|p1a: Kingdra
|
|-weather|RainDance|[upkeep]
|-heal|p2a: Zamazenta|35/100|[from] item: Leftovers
|upkeep
|
|t:|1758357829
|switch|p1a: Pelipper|Pelipper, M|100/100
|turn|13
|c|☆Eggege|Nooooooob
|
|t:|1758357848
|switch|p2a: OneInAMilion|Sandslash-Alola, F|100/100
|move|p1a: Pelipper|U-turn|p2a: OneInAMilion
|-resisted|p2a: OneInAMilion
|-damage|p2a: OneInAMilion|97/100
|l|☆N0art_97
|player|p1|
|l|☆Eggege
|player|p2|
|j|☆N0art_97
|player|p1|N0art_97|benga|
|j|☆Eggege
|player|p2|Eggege|170|
|c|☆N0art_97|who noob
|c|☆N0art_97|fak my internet
|
|t:|1758357922
|switch|p1a: Crawdaunt|Crawdaunt, F|100/100|[from] U-turn
|
|-weather|RainDance|[upkeep]
|upkeep
|turn|14
|c|☆Eggege|Cambodia problems
|
|t:|1758357936
|move|p2a: OneInAMilion|Stealth Rock|p1a: Crawdaunt
|-sidestart|p1: N0art_97|move: Stealth Rock
|move|p1a: Crawdaunt|Crabhammer|p2a: OneInAMilion
|-damage|p2a: OneInAMilion|0 fnt
|faint|p2a: OneInAMilion
|
|-weather|RainDance|[upkeep]
|upkeep
|c|☆N0art_97|no u cambodia
|
|t:|1758357941
|switch|p2a: Ninetales|Ninetales-Alola, F|92/100
|-weather|Snowscape|[from] ability: Snow Warning|[of] p2a: Ninetales
|turn|15
|
|t:|1758357946
|switch|p1a: Pelipper|Pelipper, M|100/100
|-damage|p1a: Pelipper|76/100|[from] Stealth Rock
|-weather|RainDance|[from] ability: Drizzle|[of] p1a: Pelipper
|move|p2a: Ninetales|Freeze-Dry|p1a: Pelipper
|-supereffective|p1a: Pelipper
|-damage|p1a: Pelipper|0 fnt
|faint|p1a: Pelipper
|
|-weather|RainDance|[upkeep]
|upkeep
|
|t:|1758357957
|switch|p1a: Crawdaunt|Crawdaunt, F|100/100
|-damage|p1a: Crawdaunt|88/100|[from] Stealth Rock
|turn|16
|
|t:|1758357966
|switch|p2a: Zamazenta|Zamazenta|35/100
|move|p1a: Crawdaunt|Crabhammer|p2a: Zamazenta
|-damage|p2a: Zamazenta|0 fnt
|faint|p2a: Zamazenta
|
|-weather|RainDance|[upkeep]
|upkeep
|
|t:|1758357969
|switch|p2a: Ninetales|Ninetales-Alola, F|92/100
|-weather|Snowscape|[from] ability: Snow Warning|[of] p2a: Ninetales
|turn|17
|
|t:|1758357981
|move|p2a: Ninetales|Freeze-Dry|p1a: Crawdaunt
|-supereffective|p1a: Crawdaunt
|-damage|p1a: Crawdaunt|0 fnt
|faint|p1a: Crawdaunt
|
|-weather|Snowscape|[upkeep]
|upkeep
|
|t:|1758357988
|switch|p1a: Scizor|Scizor, M|24/100
|-damage|p1a: Scizor|11/100|[from] Stealth Rock
|turn|18
|
|t:|1758357995
|move|p1a: Scizor|Bullet Punch|p2a: Ninetales
|-supereffective|p2a: Ninetales
|-damage|p2a: Ninetales|0 fnt
|faint|p2a: Ninetales
|
|-weather|Snowscape|[upkeep]
|-heal|p1a: Scizor|17/100|[from] item: Leftovers
|upkeep
|
|t:|1758357996
|switch|p2a: Cetitan|Cetitan, M|100/100
|turn|19
|
|t:|1758358003
|move|p2a: Cetitan|Ice Shard|p1a: Scizor
|-resisted|p1a: Scizor
|-damage|p1a: Scizor|11/100
|move|p1a: Scizor|Bullet Punch|p2a: Cetitan
|-supereffective|p2a: Cetitan
|-damage|p2a: Cetitan|66/100
|
|-weather|Snowscape|[upkeep]
|-heal|p1a: Scizor|17/100|[from] item: Leftovers
|upkeep
|turn|20
|
|t:|1758358011
|move|p2a: Cetitan|Ice Shard|p1a: Scizor
|-resisted|p1a: Scizor
|-damage|p1a: Scizor|11/100
|move|p1a: Scizor|Bullet Punch|p2a: Cetitan
|-supereffective|p2a: Cetitan
|-damage|p2a: Cetitan|30/100
|-enditem|p2a: Cetitan|Sitrus Berry|[eat]
|-heal|p2a: Cetitan|55/100|[from] item: Sitrus Berry
|
|-weather|Snowscape|[upkeep]
|-heal|p1a: Scizor|17/100|[from] item: Leftovers
|upkeep
|turn|21
|c|☆N0art_97|what the hell is that fat dude
|
|t:|1758358022
|move|p1a: Scizor|Bullet Punch|p2a: Cetitan
|-supereffective|p2a: Cetitan
|-damage|p2a: Cetitan|19/100
|move|p2a: Cetitan|Liquidation|p1a: Scizor
|-damage|p1a: Scizor|0 fnt
|faint|p1a: Scizor
|
|-weather|Snowscape|[upkeep]
|upkeep
|
|t:|1758358046
|switch|p1a: Swampert|Swampert, M|100/100
|-damage|p1a: Swampert|94/100|[from] Stealth Rock
|turn|22
|c|☆Eggege|Cambodia problems
|c|☆N0art_97|india stinky ass
|
|t:|1758358063
|move|p2a: Cetitan|Ice Shard|p1a: Swampert
|-damage|p1a: Swampert|77/100
|move|p1a: Swampert|Earthquake|p2a: Cetitan
|-damage|p2a: Cetitan|0 fnt
|faint|p2a: Cetitan
|
|-weather|Snowscape|[upkeep]
|-heal|p1a: Swampert|83/100|[from] item: Leftovers
|upkeep
|
|t:|1758358065
|switch|p2a: ColdVision|Kyurem|100/100
|-ability|p2a: ColdVision|Pressure
|turn|23
|
|t:|1758358077
|move|p2a: ColdVision|Freeze-Dry|p1a: Swampert
|-supereffective|p1a: Swampert
|-damage|p1a: Swampert|0 fnt
|faint|p1a: Swampert
|
|-weather|Snowscape|[upkeep]
|upkeep
|
|t:|1758358082
|switch|p1a: Rillaboom|Rillaboom, M|100/100
|-damage|p1a: Rillaboom|88/100|[from] Stealth Rock
|-fieldstart|move: Grassy Terrain|[from] ability: Grassy Surge|[of] p1a: Rillaboom
|turn|24
|
|t:|1758358092
|move|p2a: ColdVision|Freeze-Dry|p1a: Rillaboom
|-supereffective|p1a: Rillaboom
|-damage|p1a: Rillaboom|0 fnt
|faint|p1a: Rillaboom
|
|win|Eggege
|raw|N0art_97's rating: 1355 &rarr; <strong>1339</strong><br />(-16 for losing)
|raw|Eggege's rating: 1419 &rarr; <strong>1435</strong><br />(+16 for winning)
|l|☆N0art_97
|player|p1|
|c|☆Eggege|Get good fegw
|l|☆Eggege
|player|p2|
|j|☆Eggege
|player|p2|Eggege|170|
|l|☆Eggege
|player|p2|
