|j|☆08XHX
|j|☆shabbababaa
|t:|1758254642
|gametype|singles
|player|p1|08XHX|n|1193
|player|p2|shabbababaa|veteran|1163
|gen|9
|tier|[Gen 9] OU
|rated|
|rule|HP Percentage Mod: HP is shown in percentages
|rule|Endless Battle Clause: Forcing endless battles is banned
|rule|Species Clause: Limit one of each Pokémon
|rule|OHKO Clause: OHKO moves are banned
|rule|Evasion Items Clause: Evasion items are banned
|rule|Evasion Moves Clause: Evasion moves are banned
|rule|Evasion Abilities Clause: Evasion abilities are banned
|rule|Sleep Moves Clause: Sleep-inducing moves are banned
|clearpoke
|poke|p1|Ogerpon-Cornerstone, F|
|poke|p1|Alomomola, F|
|poke|p1|Moltres|
|poke|p1|Hydrapple, F|
|poke|p1|Landorus-Therian, M|
|poke|p1|Iron Treads|
|poke|p2|Crawdaunt, M|
|poke|p2|Cobalion|
|poke|p2|Gliscor, F|
|poke|p2|Weavile, M|
|poke|p2|Iron Moth|
|poke|p2|Garchomp, M|
|teampreview
|inactive|Battle timer is ON: inactive players will automatically lose when time's up. (requested by 08XHX)
|
|t:|1758254661
|teamsize|p1|6
|teamsize|p2|6
|start
|switch|p1a: Landorus|Landorus-Therian, M|100/100
|switch|p2a: Crawdaunt|Crawdaunt, M|100/100
|-ability|p1a: Landorus|Intimidate|boost
|-unboost|p2a: Crawdaunt|atk|1
|turn|1
|
|t:|1758254668
|move|p1a: Landorus|U-turn|p2a: Crawdaunt
|-supereffective|p2a: Crawdaunt
|-damage|p2a: Crawdaunt|34/100
|
|t:|1758254671
|switch|p1a: Moltres|Moltres|100/100|[from] U-turn
|move|p2a: Crawdaunt|Crabhammer|p1a: Moltres
|-supereffective|p1a: Moltres
|-damage|p1a: Moltres|0 fnt
|faint|p1a: Moltres
|
|upkeep
|
|t:|1758254682
|switch|p1a: Landorus|Landorus-Therian, M|100/100
|-ability|p1a: Landorus|Intimidate|boost
|-unboost|p2a: Crawdaunt|atk|1
|turn|2
|
|t:|1758254693
|switch|p2a: Gliscor|Gliscor, F|100/100
|move|p1a: Landorus|Stealth Rock|p2a: Gliscor
|-sidestart|p2: shabbababaa|move: Stealth Rock
|
|-status|p2a: Gliscor|tox|[from] item: Toxic Orb
|upkeep
|turn|3
|
|t:|1758254700
|move|p1a: Landorus|Taunt|p2a: Gliscor
|-start|p2a: Gliscor|move: Taunt
|cant|p2a: Gliscor|move: Taunt|Toxic Spikes
|
|upkeep
|turn|4
|
|t:|1758254705
|move|p1a: Landorus|U-turn|p2a: Gliscor
|-resisted|p2a: Gliscor
|-damage|p2a: Gliscor|93/100 tox
|
|t:|1758254715
|switch|p1a: Alomomola|Alomomola, F|100/100|[from] U-turn
|move|p2a: Gliscor|Poison Jab|p1a: Alomomola
|-damage|p1a: Alomomola|90/100
|
|-heal|p1a: Alomomola|96/100|[from] item: Leftovers
|-heal|p2a: Gliscor|100/100 tox|[from] ability: Poison Heal
|upkeep
|turn|5
|
|t:|1758254737
|switch|p2a: Cobalion|Cobalion|100/100
|-damage|p2a: Cobalion|98/100|[from] Stealth Rock
|move|p1a: Alomomola|Flip Turn|p2a: Cobalion
|-damage|p2a: Cobalion|85/100
|-damage|p1a: Alomomola|80/100|[from] item: Rocky Helmet|[of] p2a: Cobalion
|
|t:|1758254752
|switch|p1a: Landorus|Landorus-Therian, M|100/100|[from] Flip Turn
|-ability|p1a: Landorus|Intimidate|boost
|-unboost|p2a: Cobalion|atk|1
|
|upkeep
|turn|6
|inactive|shabbababaa has 120 seconds left.
|
|t:|1758254792
|switch|p2a: Crawdaunt|Crawdaunt, M|34/100
|-damage|p2a: Crawdaunt|21/100|[from] Stealth Rock
|move|p1a: Landorus|Earthquake|p2a: Crawdaunt
|-damage|p2a: Crawdaunt|0 fnt
|faint|p2a: Crawdaunt
|
|upkeep
|inactive|shabbababaa has 90 seconds left.
|
|t:|1758254813
|switch|p2a: Weavile|Weavile, M|100/100
|-damage|p2a: Weavile|76/100|[from] Stealth Rock
|-ability|p2a: Weavile|Pressure
|turn|7
|
|t:|1758254827
|-terastallize|p1a: Landorus|Water
|move|p2a: Weavile|Ice Shard|p1a: Landorus
|-resisted|p1a: Landorus
|-damage|p1a: Landorus|89/100
|move|p1a: Landorus|U-turn|p2a: Weavile
|-supereffective|p2a: Weavile
|-damage|p2a: Weavile|0 fnt
|faint|p2a: Weavile
|
|t:|1758254836
|switch|p1a: Ogerpon|Ogerpon-Cornerstone, F|100/100|[from] U-turn
|
|upkeep
|
|t:|1758254847
|switch|p2a: Iron Moth|Iron Moth|100/100
|-damage|p2a: Iron Moth|76/100|[from] Stealth Rock
|-enditem|p2a: Iron Moth|Booster Energy
|-activate|p2a: Iron Moth|ability: Quark Drive|[fromitem]
|-start|p2a: Iron Moth|quarkdrivespa
|turn|8
|inactive|shabbababaa has 90 seconds left.
|
|t:|1758254865
|move|p1a: Ogerpon|Ivy Cudgel|p2a: Iron Moth|[anim] Ivy Cudgel Rock
|-supereffective|p2a: Iron Moth
|-crit|p2a: Iron Moth
|-damage|p2a: Iron Moth|0 fnt
|faint|p2a: Iron Moth
|-end|p2a: Iron Moth|Quark Drive|[silent]
|
|upkeep
|inactive|shabbababaa has 90 seconds left.
|
|t:|1758254873
|switch|p2a: Cobalion|Cobalion|85/100
|-damage|p2a: Cobalion|82/100|[from] Stealth Rock
|turn|9
|
|t:|1758254884
|switch|p1a: Alomomola|Alomomola, F|100/100
|move|p2a: Cobalion|Sacred Sword|p1a: Alomomola
|-damage|p1a: Alomomola|82/100
|
|-heal|p1a: Alomomola|89/100|[from] item: Leftovers
|upkeep
|turn|10
|
|t:|1758254892
|move|p2a: Cobalion|Thunder Wave|p1a: Alomomola
|-status|p1a: Alomomola|par
|move|p1a: Alomomola|Scald|p2a: Cobalion
|-damage|p2a: Cobalion|65/100
|
|-heal|p1a: Alomomola|95/100 par|[from] item: Leftovers
|upkeep
|turn|11
|
|t:|1758254903
|switch|p2a: Garchomp|Garchomp, M|100/100
|-damage|p2a: Garchomp|95/100|[from] Stealth Rock
|cant|p1a: Alomomola|par
|
|-heal|p1a: Alomomola|100/100 par|[from] item: Leftovers
|upkeep
|turn|12
|
|t:|1758254911
|move|p2a: Garchomp|Swords Dance|p2a: Garchomp
|-boost|p2a: Garchomp|atk|2
|move|p1a: Alomomola|Flip Turn|p2a: Garchomp
|-damage|p2a: Garchomp|80/100
|-damage|p1a: Alomomola|88/100 par|[from] ability: Rough Skin|[of] p2a: Garchomp
|
|t:|1758254914
|switch|p1a: Landorus|Landorus-Therian, M, tera:Water|89/100|[from] Flip Turn
|-ability|p1a: Landorus|Intimidate|boost
|-unboost|p2a: Garchomp|atk|1
|
|-heal|p1a: Landorus|95/100|[from] item: Leftovers
|upkeep
|turn|13
|
|t:|1758254934
|move|p2a: Garchomp|Scale Shot|p1a: Landorus|[miss]
|-miss|p2a: Garchomp|p1a: Landorus
|move|p1a: Landorus|Earthquake|p2a: Garchomp
|-crit|p2a: Garchomp
|-damage|p2a: Garchomp|0 fnt
|faint|p2a: Garchomp
|
|-heal|p1a: Landorus|100/100|[from] item: Leftovers
|upkeep
|
|t:|1758254943
|switch|p2a: Gliscor|Gliscor, F|100/100 tox
|-damage|p2a: Gliscor|88/100 tox|[from] Stealth Rock
|turn|14
|
|t:|1758254948
|move|p1a: Landorus|Taunt|p2a: Gliscor
|-start|p2a: Gliscor|move: Taunt
|cant|p2a: Gliscor|move: Taunt|Toxic Spikes
|
|-heal|p2a: Gliscor|100/100 tox|[from] ability: Poison Heal
|upkeep
|turn|15
|inactive|shabbababaa has 120 seconds left.
|-message|shabbababaa forfeited.
|
|win|08XHX
|raw|08XHX's rating: 1193 &rarr; <strong>1216</strong><br />(+23 for winning)
|raw|shabbababaa's rating: 1163 &rarr; <strong>1140</strong><br />(-23 for losing)
|l|☆shabbababaa
|player|p2|
