|j|☆PoryVigior
|j|☆Montagesq
|t:|1758241181
|gametype|singles
|player|p1|PoryVigior|hilbert-wonderlauncher|1082
|player|p2|Montagesq|2|1118
|gen|9
|tier|[Gen 9] OU
|rated|
|rule|HP Percentage Mod: HP is shown in percentages
|rule|Endless Battle Clause: Forcing endless battles is banned
|rule|Species Clause: Limit one of each Pokémon
|rule|OHKO Clause: OHKO moves are banned
|rule|Evasion Items Clause: Evasion items are banned
|rule|Evasion Moves Clause: Evasion moves are banned
|rule|Evasion Abilities Clause: Evasion abilities are banned
|rule|Sleep Moves Clause: Sleep-inducing moves are banned
|clearpoke
|poke|p1|Incineroar, M|
|poke|p1|Alcremie-Mint-Cream, F|
|poke|p1|Hydrapple, M|
|poke|p1|Swampert, F|
|poke|p1|Iron Hands|
|poke|p1|Dragonite, F|
|poke|p2|Alomomola, F|
|poke|p2|Landorus-Therian, M|
|poke|p2|Gholdengo|
|poke|p2|Ting-Lu|
|poke|p2|Cinderace, M|
|poke|p2|Bellossom, F|
|teampreview
|
|t:|1758241193
|teamsize|p1|6
|teamsize|p2|6
|start
|switch|p1a: Axel|Swampert, F, shiny|100/100
|switch|p2a: Landorus|Landorus-Therian, M|100/100
|-ability|p2a: Landorus|Intimidate|boost
|-unboost|p1a: Axel|atk|1
|turn|1
|
|t:|1758241205
|move|p2a: Landorus|Earthquake|p1a: Axel
|-damage|p1a: Axel|67/100
|move|p1a: Axel|Ice Beam|p2a: Landorus
|-supereffective|p2a: Landorus
|-crit|p2a: Landorus
|-damage|p2a: Landorus|10/100
|
|-heal|p2a: Landorus|16/100|[from] item: Leftovers
|upkeep
|turn|2
|
|t:|1758241216
|move|p2a: Landorus|U-turn|p1a: Axel
|-damage|p1a: Axel|53/100
|-damage|p2a: Landorus|0 fnt|[from] item: Rocky Helmet|[of] p1a: Axel
|faint|p2a: Landorus
|move|p1a: Axel|Waterfall|p2: Landorus|[notarget]
|-fail|p1a: Axel
|
|upkeep
|
|t:|1758241231
|switch|p2a: Bellossom|Bellossom, F|100/100
|turn|3
|
|t:|1758241236
|move|p1a: Axel|Ice Beam|p2a: Bellossom
|-supereffective|p2a: Bellossom
|-damage|p2a: Bellossom|64/100
|move|p2a: Bellossom|Quiver Dance|p2a: Bellossom
|-boost|p2a: Bellossom|spa|1
|-boost|p2a: Bellossom|spd|1
|-boost|p2a: Bellossom|spe|1
|
|upkeep
|turn|4
|
|t:|1758241248
|switch|p1a: Barney alado|Dragonite, F|100/100
|move|p2a: Bellossom|Giga Drain|p1a: Barney alado
|-resisted|p1a: Barney alado
|-damage|p1a: Barney alado|96/100
|-heal|p2a: Bellossom|67/100|[from] drain|[of] p1a: Barney alado
|
|upkeep
|turn|5
|
|t:|1758241261
|move|p1a: Barney alado|Dragon Dance|p1a: Barney alado
|-boost|p1a: Barney alado|atk|1
|-boost|p1a: Barney alado|spe|1
|move|p2a: Bellossom|Quiver Dance|p2a: Bellossom
|-boost|p2a: Bellossom|spa|1
|-boost|p2a: Bellossom|spd|1
|-boost|p2a: Bellossom|spe|1
|
|upkeep
|turn|6
|
|t:|1758241268
|move|p1a: Barney alado|Dragon Dance|p1a: Barney alado
|-boost|p1a: Barney alado|atk|1
|-boost|p1a: Barney alado|spe|1
|move|p2a: Bellossom|Strength Sap|p1a: Barney alado
|-unboost|p1a: Barney alado|atk|1
|-heal|p2a: Bellossom|100/100
|
|upkeep
|turn|7
|
|t:|1758241275
|move|p1a: Barney alado|Dragon Claw|p2a: Bellossom
|-damage|p2a: Bellossom|54/100
|move|p2a: Bellossom|Strength Sap|p1a: Barney alado
|-unboost|p1a: Barney alado|atk|1
|-heal|p2a: Bellossom|100/100
|
|upkeep
|turn|8
|
|t:|1758241285
|move|p1a: Barney alado|Thunder Punch|p2a: Bellossom
|-resisted|p2a: Bellossom
|-damage|p2a: Bellossom|90/100
|move|p2a: Bellossom|Quiver Dance|p2a: Bellossom
|-boost|p2a: Bellossom|spa|1
|-boost|p2a: Bellossom|spd|1
|-boost|p2a: Bellossom|spe|1
|
|upkeep
|turn|9
|
|t:|1758241292
|move|p1a: Barney alado|Dragon Claw|p2a: Bellossom
|-damage|p2a: Bellossom|58/100
|move|p2a: Bellossom|Quiver Dance|p2a: Bellossom
|-boost|p2a: Bellossom|spa|1
|-boost|p2a: Bellossom|spd|1
|-boost|p2a: Bellossom|spe|1
|
|upkeep
|turn|10
|
|t:|1758241299
|move|p1a: Barney alado|Dragon Claw|p2a: Bellossom
|-damage|p2a: Bellossom|26/100
|move|p2a: Bellossom|Strength Sap|p1a: Barney alado
|-unboost|p1a: Barney alado|atk|1
|-heal|p2a: Bellossom|100/100
|
|upkeep
|turn|11
|
|t:|1758241311
|switch|p1a: Enforca-Gato|Incineroar, M|100/100
|-ability|p1a: Enforca-Gato|Intimidate|boost
|-unboost|p2a: Bellossom|atk|1
|move|p2a: Bellossom|Quiver Dance|p2a: Bellossom
|-boost|p2a: Bellossom|spa|1
|-boost|p2a: Bellossom|spd|1
|-boost|p2a: Bellossom|spe|1
|
|upkeep
|turn|12
|
|t:|1758241328
|move|p2a: Bellossom|Strength Sap|p1a: Enforca-Gato
|-unboost|p1a: Enforca-Gato|atk|1
|move|p1a: Enforca-Gato|Darkest Lariat|p2a: Bellossom
|-damage|p2a: Bellossom|84/100
|
|upkeep
|turn|13
|
|t:|1758241358
|move|p2a: Bellossom|Quiver Dance|p2a: Bellossom
|-boost|p2a: Bellossom|spa|1
|-boost|p2a: Bellossom|spd|1
|-boost|p2a: Bellossom|spe|1
|move|p1a: Enforca-Gato|Flare Blitz|p2a: Bellossom
|-supereffective|p2a: Bellossom
|-damage|p2a: Bellossom|43/100
|-damage|p1a: Enforca-Gato|88/100|[from] Recoil
|
|upkeep
|turn|14
|
|t:|1758241366
|move|p2a: Bellossom|Strength Sap|p1a: Enforca-Gato
|-unboost|p1a: Enforca-Gato|atk|1
|-heal|p2a: Bellossom|93/100
|move|p1a: Enforca-Gato|Flare Blitz|p2a: Bellossom
|-supereffective|p2a: Bellossom
|-damage|p2a: Bellossom|61/100
|-damage|p1a: Enforca-Gato|79/100|[from] Recoil
|
|upkeep
|turn|15
|
|t:|1758241378
|move|p2a: Bellossom|Tera Blast|p1a: Enforca-Gato
|-damage|p1a: Enforca-Gato|44/100
|move|p1a: Enforca-Gato|Flare Blitz|p2a: Bellossom
|-supereffective|p2a: Bellossom
|-damage|p2a: Bellossom|25/100
|-enditem|p2a: Bellossom|Ganlon Berry|[eat]
|-boost|p2a: Bellossom|def|1|[from] item: Ganlon Berry
|-damage|p1a: Enforca-Gato|33/100|[from] Recoil
|
|upkeep
|turn|16
|
|t:|1758241389
|move|p1a: Enforca-Gato|Fake Out||[still]
|-hint|Fake Out only works on your first turn out.
|-fail|p1a: Enforca-Gato
|move|p2a: Bellossom|Strength Sap|p1a: Enforca-Gato
|-unboost|p1a: Enforca-Gato|atk|1
|-heal|p2a: Bellossom|62/100
|
|upkeep
|turn|17
|
|t:|1758241397
|move|p2a: Bellossom|Tera Blast|p1a: Enforca-Gato
|-damage|p1a: Enforca-Gato|0 fnt
|faint|p1a: Enforca-Gato
|
|upkeep
|
|t:|1758241409
|switch|p1a: Morango do amor|Hydrapple, M|100/100
|-ability|p1a: Morango do amor|Supersweet Syrup
|-unboost|p2a: Bellossom|evasion|1
|turn|18
|
|t:|1758241419
|move|p2a: Bellossom|Tera Blast|p1a: Morango do amor
|-damage|p1a: Morango do amor|54/100
|move|p1a: Morango do amor|Dragon Pulse|p2a: Bellossom
|-damage|p2a: Bellossom|54/100
|
|upkeep
|turn|19
|
|t:|1758241425
|move|p2a: Bellossom|Tera Blast|p1a: Morango do amor
|-damage|p1a: Morango do amor|8/100
|move|p1a: Morango do amor|Solar Beam||[still]
|-prepare|p1a: Morango do amor|Solar Beam
|
|upkeep
|turn|20
|
|t:|1758241431
|move|p2a: Bellossom|Giga Drain|p1a: Morango do amor
|-resisted|p1a: Morango do amor
|-damage|p1a: Morango do amor|0 fnt
|-heal|p2a: Bellossom|58/100|[from] drain|[of] p1a: Morango do amor
|faint|p1a: Morango do amor
|
|upkeep
|
|t:|1758241437
|switch|p1a: Barney alado|Dragonite, F|96/100
|turn|21
|
|t:|1758241442
|move|p1a: Barney alado|Extreme Speed|p2a: Bellossom
|-crit|p2a: Bellossom
|-damage|p2a: Bellossom|26/100
|move|p2a: Bellossom|Tera Blast|p1a: Barney alado
|-damage|p1a: Barney alado|23/100
|
|upkeep
|turn|22
|
|t:|1758241449
|move|p1a: Barney alado|Extreme Speed|p2a: Bellossom
|-damage|p2a: Bellossom|11/100
|move|p2a: Bellossom|Strength Sap|p1a: Barney alado
|-unboost|p1a: Barney alado|atk|1
|-heal|p2a: Bellossom|100/100
|
|upkeep
|turn|23
|
|t:|1758241456
|move|p1a: Barney alado|Extreme Speed|p2a: Bellossom
|-damage|p2a: Bellossom|90/100
|move|p2a: Bellossom|Tera Blast|p1a: Barney alado
|-damage|p1a: Barney alado|0 fnt
|faint|p1a: Barney alado
|
|upkeep
|
|t:|1758241464
|switch|p1a: Funtime Core|Iron Hands|100/100
|turn|24
|
|t:|1758241480
|move|p2a: Bellossom|Giga Drain|p1a: Funtime Core
|-damage|p1a: Funtime Core|16/100
|-heal|p2a: Bellossom|100/100|[from] drain|[of] p1a: Funtime Core
|move|p1a: Funtime Core|Ice Punch|p2a: Bellossom
|-supereffective|p2a: Bellossom
|-damage|p2a: Bellossom|68/100
|
|-heal|p1a: Funtime Core|22/100|[from] item: Leftovers
|upkeep
|turn|25
|inactive|Battle timer is ON: inactive players will automatically lose when time's up. (requested by Montagesq)
|
|t:|1758241491
|move|p2a: Bellossom|Giga Drain|p1a: Funtime Core
|-damage|p1a: Funtime Core|0 fnt
|-heal|p2a: Bellossom|84/100|[from] drain|[of] p1a: Funtime Core
|faint|p1a: Funtime Core
|-end|p1a: Funtime Core|Quark Drive|[silent]
|
|upkeep
|
|t:|1758241498
|switch|p1a: Cremosinha|Alcremie-Mint-Cream, F|100/100
|turn|26
|
|t:|1758241506
|move|p2a: Bellossom|Giga Drain|p1a: Cremosinha
|-damage|p1a: Cremosinha|36/100
|-heal|p2a: Bellossom|100/100|[from] drain|[of] p1a: Cremosinha
|move|p1a: Cremosinha|Dazzling Gleam|p2a: Bellossom
|-damage|p2a: Bellossom|93/100
|
|upkeep
|turn|27
|-message|PoryVigior forfeited.
|
|win|Montagesq
|raw|PoryVigior's rating: 1082 &rarr; <strong>1062</strong><br />(-20 for losing)
|raw|Montagesq's rating: 1118 &rarr; <strong>1140</strong><br />(+22 for winning)
|l|☆PoryVigior
|player|p1|
|l|☆Montagesq
|player|p2|
