|j|☆Uuds
|j|☆Mega Belibolt
|t:|1758284915
|gametype|singles
|player|p1|Uuds|bugcatcher-gen4dp|1471
|player|p2|Mega Belibolt|102|1473
|gen|9
|tier|[Gen 9] OU
|rated|
|rule|HP Percentage Mod: HP is shown in percentages
|rule|Endless Battle Clause: Forcing endless battles is banned
|rule|Species Clause: Limit one of each Pokémon
|rule|OHKO Clause: OHKO moves are banned
|rule|Evasion Items Clause: Evasion items are banned
|rule|Evasion Moves Clause: Evasion moves are banned
|rule|Evasion Abilities Clause: Evasion abilities are banned
|rule|Sleep Moves Clause: Sleep-inducing moves are banned
|clearpoke
|poke|p1|Yanmega, M|
|poke|p1|Landorus-Therian, M|
|poke|p1|Rillaboom, M|
|poke|p1|Cinderace, F|
|poke|p1|Hoopa-Unbound|
|poke|p1|Pecharunt|
|poke|p2|Ninetales-Alola, M|
|poke|p2|Blastoise, M|
|poke|p2|Great Tusk|
|poke|p2|Iron Valiant|
|poke|p2|Kingambit, M|
|poke|p2|Iron Moth|
|teampreview
|
|t:|1758284962
|teamsize|p1|6
|teamsize|p2|6
|start
|switch|p1a: Landorus|Landorus-Therian, M|100/100
|switch|p2a: Blastoise|Blastoise, M|100/100
|-ability|p1a: Landorus|Intimidate|boost
|-unboost|p2a: Blastoise|atk|1
|-enditem|p2a: Blastoise|White Herb
|-clearnegativeboost|p2a: Blastoise|[silent]
|turn|1
|
|t:|1758284966
|move|p1a: Landorus|Earthquake|p2a: Blastoise
|-damage|p2a: Blastoise|29/100
|move|p2a: Blastoise|Shell Smash|p2a: Blastoise
|-unboost|p2a: Blastoise|def|1
|-unboost|p2a: Blastoise|spd|1
|-boost|p2a: Blastoise|atk|2
|-boost|p2a: Blastoise|spa|2
|-boost|p2a: Blastoise|spe|2
|
|upkeep
|turn|2
|
|t:|1758284970
|switch|p1a: Rillaboom|Rillaboom, M|100/100
|-fieldstart|move: Grassy Terrain|[from] ability: Grassy Surge|[of] p1a: Rillaboom
|move|p2a: Blastoise|Ice Beam|p1a: Rillaboom
|-supereffective|p1a: Rillaboom
|-damage|p1a: Rillaboom|0 fnt
|faint|p1a: Rillaboom
|
|-heal|p2a: Blastoise|35/100|[from] Grassy Terrain
|upkeep
|
|t:|1758284973
|switch|p1a: Cinderace|Cinderace, F|100/100
|turn|3
|
|t:|1758284976
|move|p1a: Cinderace|Sucker Punch|p2a: Blastoise
|-start|p1a: Cinderace|typechange|Dark|[from] ability: Libero
|-damage|p2a: Blastoise|0 fnt
|faint|p2a: Blastoise
|
|upkeep
|
|t:|1758284989
|switch|p2a: Iron Valiant|Iron Valiant|100/100
|-enditem|p2a: Iron Valiant|Booster Energy
|-activate|p2a: Iron Valiant|ability: Quark Drive|[fromitem]
|-start|p2a: Iron Valiant|quarkdrivespe
|turn|4
|
|t:|1758284998
|move|p2a: Iron Valiant|Close Combat|p1a: Cinderace
|-supereffective|p1a: Cinderace
|-damage|p1a: Cinderace|0 fnt
|-unboost|p2a: Iron Valiant|def|1
|-unboost|p2a: Iron Valiant|spd|1
|faint|p1a: Cinderace
|
|upkeep
|
|t:|1758285003
|switch|p1a: Landorus|Landorus-Therian, M|100/100
|-ability|p1a: Landorus|Intimidate|boost
|-unboost|p2a: Iron Valiant|atk|1
|turn|5
|
|t:|1758285008
|-end|p2a: Iron Valiant|Quark Drive|[silent]
|switch|p2a: Ninetales|Ninetales-Alola, M|100/100
|-weather|Snowscape|[from] ability: Snow Warning|[of] p2a: Ninetales
|move|p1a: Landorus|Stealth Rock|p2a: Ninetales
|-sidestart|p2: Mega Belibolt|move: Stealth Rock
|
|-weather|Snowscape|[upkeep]
|upkeep
|turn|6
|
|t:|1758285018
|switch|p1a: Pecharunt|Pecharunt|100/100
|move|p2a: Ninetales|Blizzard|p1a: Pecharunt
|-damage|p1a: Pecharunt|55/100
|
|-weather|Snowscape|[upkeep]
|-heal|p1a: Pecharunt|61/100|[from] Grassy Terrain
|-heal|p1a: Pecharunt|67/100|[from] item: Leftovers
|-fieldend|move: Grassy Terrain
|upkeep
|turn|7
|
|t:|1758285022
|move|p2a: Ninetales|Aurora Veil|p2a: Ninetales
|-sidestart|p2: Mega Belibolt|move: Aurora Veil
|move|p1a: Pecharunt|Parting Shot|p2a: Ninetales
|-unboost|p2a: Ninetales|atk|1
|-unboost|p2a: Ninetales|spa|1
|
|t:|1758285024
|switch|p1a: Landorus|Landorus-Therian, M|100/100|[from] Parting Shot
|-ability|p1a: Landorus|Intimidate|boost
|-unboost|p2a: Ninetales|atk|1
|
|-weather|Snowscape|[upkeep]
|upkeep
|turn|8
|
|t:|1758285030
|switch|p2a: Iron Valiant|Iron Valiant|100/100
|-damage|p2a: Iron Valiant|94/100|[from] Stealth Rock
|move|p1a: Landorus|U-turn|p2a: Iron Valiant
|-resisted|p2a: Iron Valiant
|-damage|p2a: Iron Valiant|90/100
|
|t:|1758285036
|switch|p1a: Pecharunt|Pecharunt|67/100|[from] U-turn
|
|-weather|Snowscape|[upkeep]
|-heal|p1a: Pecharunt|73/100|[from] item: Leftovers
|upkeep
|turn|9
|
|t:|1758285041
|move|p2a: Iron Valiant|Knock Off|p1a: Pecharunt
|-supereffective|p1a: Pecharunt
|-damage|p1a: Pecharunt|41/100
|-enditem|p1a: Pecharunt|Leftovers|[from] move: Knock Off|[of] p2a: Iron Valiant
|move|p1a: Pecharunt|Parting Shot|p2a: Iron Valiant
|-unboost|p2a: Iron Valiant|atk|1
|-unboost|p2a: Iron Valiant|spa|1
|
|t:|1758285044
|switch|p1a: Landorus|Landorus-Therian, M|100/100|[from] Parting Shot
|-ability|p1a: Landorus|Intimidate|boost
|-unboost|p2a: Iron Valiant|atk|1
|
|-weather|none
|upkeep
|turn|10
|
|t:|1758285054
|-end|p2a: Iron Valiant|Quark Drive|[silent]
|switch|p2a: Great Tusk|Great Tusk|100/100
|-damage|p2a: Great Tusk|98/100|[from] Stealth Rock
|-enditem|p2a: Great Tusk|Booster Energy
|-activate|p2a: Great Tusk|ability: Protosynthesis|[fromitem]
|-start|p2a: Great Tusk|protosynthesisspe
|move|p1a: Landorus|U-turn|p2a: Great Tusk
|-resisted|p2a: Great Tusk
|-damage|p2a: Great Tusk|93/100
|
|t:|1758285060
|switch|p1a: Pecharunt|Pecharunt|41/100|[from] U-turn
|
|upkeep
|turn|11
|
|t:|1758285066
|switch|p1a: Landorus|Landorus-Therian, M|100/100
|-ability|p1a: Landorus|Intimidate|boost
|-unboost|p2a: Great Tusk|atk|1
|move|p2a: Great Tusk|Bulk Up|p2a: Great Tusk
|-boost|p2a: Great Tusk|atk|1
|-boost|p2a: Great Tusk|def|1
|
|upkeep
|turn|12
|
|t:|1758285076
|switch|p1a: Pecharunt|Pecharunt|41/100
|move|p2a: Great Tusk|Bulk Up|p2a: Great Tusk
|-boost|p2a: Great Tusk|atk|1
|-boost|p2a: Great Tusk|def|1
|
|upkeep
|turn|13
|
|t:|1758285080
|move|p2a: Great Tusk|Bulk Up|p2a: Great Tusk
|-boost|p2a: Great Tusk|atk|1
|-boost|p2a: Great Tusk|def|1
|move|p1a: Pecharunt|Malignant Chain|p2a: Great Tusk
|-resisted|p2a: Great Tusk
|-damage|p2a: Great Tusk|83/100
|
|upkeep
|turn|14
|
|t:|1758285085
|switch|p1a: Landorus|Landorus-Therian, M|100/100
|-ability|p1a: Landorus|Intimidate|boost
|-unboost|p2a: Great Tusk|atk|1
|move|p2a: Great Tusk|Rapid Spin|p1a: Landorus
|-damage|p1a: Landorus|73/100
|-boost|p2a: Great Tusk|spe|1
|-sideend|p2: Mega Belibolt|Stealth Rock|[from] move: Rapid Spin|[of] p2a: Great Tusk
|
|-sideend|p2: Mega Belibolt|move: Aurora Veil
|upkeep
|turn|15
|inactive|Battle timer is ON: inactive players will automatically lose when time's up. (requested by Mega Belibolt)
|
|t:|1758285096
|move|p2a: Great Tusk|Head Smash|p1a: Landorus
|-damage|p1a: Landorus|0 fnt
|faint|p1a: Landorus
|-damage|p2a: Great Tusk|56/100|[from] Recoil
|
|upkeep
|
|t:|1758285103
|switch|p1a: Hoopa|Hoopa-Unbound|100/100
|turn|16
|
|t:|1758285106
|move|p2a: Great Tusk|Headlong Rush|p1a: Hoopa
|-damage|p1a: Hoopa|0 fnt
|-unboost|p2a: Great Tusk|def|1
|-unboost|p2a: Great Tusk|spd|1
|faint|p1a: Hoopa
|
|upkeep
|
|t:|1758285110
|switch|p1a: Yanmega|Yanmega, M|100/100
|turn|17
|
|t:|1758285116
|-terastallize|p1a: Yanmega|Ground
|move|p2a: Great Tusk|Head Smash|p1a: Yanmega
|-resisted|p1a: Yanmega
|-damage|p1a: Yanmega|67/100
|-damage|p2a: Great Tusk|42/100|[from] Recoil
|move|p1a: Yanmega|Psychic Noise|p2a: Great Tusk
|-supereffective|p2a: Great Tusk
|-damage|p2a: Great Tusk|0 fnt
|faint|p2a: Great Tusk
|-end|p2a: Great Tusk|Protosynthesis|[silent]
|-enditem|p1a: Yanmega|Throat Spray
|-boost|p1a: Yanmega|spa|1|[from] item: Throat Spray
|
|-ability|p1a: Yanmega|Speed Boost|boost
|-boost|p1a: Yanmega|spe|1
|upkeep
|
|t:|1758285146
|switch|p2a: Ninetales|Ninetales-Alola, M|100/100
|-weather|Snowscape|[from] ability: Snow Warning|[of] p2a: Ninetales
|turn|18
|
|t:|1758285165
|move|p1a: Yanmega|Ancient Power|p2a: Ninetales
|-supereffective|p2a: Ninetales
|-damage|p2a: Ninetales|25/100
|move|p2a: Ninetales|Blizzard|p1a: Yanmega
|-supereffective|p1a: Yanmega
|-crit|p1a: Yanmega
|-damage|p1a: Yanmega|0 fnt
|faint|p1a: Yanmega
|
|-weather|Snowscape|[upkeep]
|upkeep
|-message|Uuds forfeited.
|
|win|Mega Belibolt
|raw|Uuds's rating: 1471 &rarr; <strong>1451</strong><br />(-20 for losing)
|raw|Mega Belibolt's rating: 1473 &rarr; <strong>1493</strong><br />(+20 for winning)
|l|☆Uuds
|player|p1|
