|j|☆kjbob
|j|‽hanshiro
|t:|1758258460
|gametype|singles
|player|p1|kjbob|1|1365
|player|p2|hanshiro|2|1417
|gen|9
|tier|[Gen 9] OU
|rated|
|rule|HP Percentage Mod: HP is shown in percentages
|rule|Endless Battle Clause: Forcing endless battles is banned
|rule|Species Clause: Limit one of each Pokémon
|rule|OHKO Clause: OHKO moves are banned
|rule|Evasion Items Clause: Evasion items are banned
|rule|Evasion Moves Clause: Evasion moves are banned
|rule|Evasion Abilities Clause: Evasion abilities are banned
|rule|Sleep Moves Clause: Sleep-inducing moves are banned
|clearpoke
|poke|p1|Salazzle, F|
|poke|p1|Great Tusk|
|poke|p1|Landorus-Therian, M|
|poke|p1|Alomomola, M|
|poke|p1|Blissey, F|
|poke|p1|Clodsire, M|
|poke|p2|Pecharunt|
|poke|p2|Great Tusk|
|poke|p2|Iron Crown|
|poke|p2|Landorus-Therian, M|
|poke|p2|Samurott-Hisui, M|
|poke|p2|Ogerpon-Wellspring, F|
|teampreview
|inactive|Battle timer is ON: inactive players will automatically lose when time's up. (requested by kjbob)
|
|t:|1758258471
|teamsize|p1|6
|teamsize|p2|6
|start
|switch|p1a: Landorus|Landorus-Therian, M|100/100
|switch|p2a: Landorus|Landorus-Therian, M|100/100
|-ability|p2a: Landorus|Intimidate|boost
|-unboost|p1a: Landorus|atk|1
|-ability|p1a: Landorus|Intimidate|boost
|-unboost|p2a: Landorus|atk|1
|turn|1
|
|t:|1758258482
|switch|p2a: Pecharunt|Pecharunt|100/100
|move|p1a: Landorus|Stealth Rock|p2a: Pecharunt
|-sidestart|p2: hanshiro|move: Stealth Rock
|
|upkeep
|turn|2
|
|t:|1758258486
|move|p1a: Landorus|Taunt|p2a: Pecharunt
|-start|p2a: Pecharunt|move: Taunt
|cant|p2a: Pecharunt|move: Taunt|Parting Shot
|
|upkeep
|turn|3
|
|t:|1758258494
|switch|p1a: Salazzle|Salazzle, F|100/100
|move|p2a: Pecharunt|Malignant Chain|p1a: Salazzle
|-resisted|p1a: Salazzle
|-damage|p1a: Salazzle|77/100
|
|-heal|p1a: Salazzle|84/100|[from] item: Leftovers
|upkeep
|turn|4
|
|t:|1758258501
|switch|p2a: Samurott|Samurott-Hisui, M|100/100
|-damage|p2a: Samurott|88/100|[from] Stealth Rock
|move|p1a: Salazzle|Toxic|p2a: Samurott
|-status|p2a: Samurott|tox
|
|-heal|p1a: Salazzle|90/100|[from] item: Leftovers
|-damage|p2a: Samurott|82/100 tox|[from] psn
|upkeep
|turn|5
|
|t:|1758258509
|move|p1a: Salazzle|Protect|p1a: Salazzle
|-singleturn|p1a: Salazzle|Protect
|move|p2a: Samurott|Ceaseless Edge|p1a: Salazzle
|-activate|p1a: Salazzle|move: Protect
|
|-heal|p1a: Salazzle|96/100|[from] item: Leftovers
|-damage|p2a: Samurott|69/100 tox|[from] psn
|upkeep
|turn|6
|
|t:|1758258514
|move|p1a: Salazzle|Substitute|p1a: Salazzle
|-start|p1a: Salazzle|Substitute
|-damage|p1a: Salazzle|71/100
|move|p2a: Samurott|Ceaseless Edge|p1a: Salazzle
|-end|p1a: Salazzle|Substitute
|-sidestart|p1: kjbob|Spikes
|
|-heal|p1a: Salazzle|77/100|[from] item: Leftovers
|-damage|p2a: Samurott|51/100 tox|[from] psn
|upkeep
|turn|7
|
|t:|1758258519
|move|p1a: Salazzle|Protect|p1a: Salazzle
|-singleturn|p1a: Salazzle|Protect
|move|p2a: Samurott|Aqua Jet|p1a: Salazzle
|-activate|p1a: Salazzle|move: Protect
|
|-heal|p1a: Salazzle|84/100|[from] item: Leftovers
|-damage|p2a: Samurott|26/100 tox|[from] psn
|upkeep
|turn|8
|
|t:|1758258526
|switch|p1a: Alomomola|Alomomola, M|100/100
|move|p2a: Samurott|Ceaseless Edge|p1a: Alomomola
|-damage|p1a: Alomomola|74/100
|-sidestart|p1: kjbob|Spikes
|
|-damage|p2a: Samurott|0 fnt|[from] psn
|faint|p2a: Samurott
|upkeep
|
|t:|1758258540
|switch|p2a: Ogerpon|Ogerpon-Wellspring, F|100/100
|-damage|p2a: Ogerpon|88/100|[from] Stealth Rock
|turn|9
|
|t:|1758258544
|move|p2a: Ogerpon|Swords Dance|p2a: Ogerpon
|-boost|p2a: Ogerpon|atk|2
|move|p1a: Alomomola|Flip Turn|p2a: Ogerpon
|-heal|p2a: Ogerpon|100/100|[from] ability: Water Absorb|[of] p1a: Alomomola
|
|upkeep
|turn|10
|
|t:|1758258559
|switch|p1a: Landorus|Landorus-Therian, M|100/100
|-ability|p1a: Landorus|Intimidate|boost
|-unboost|p2a: Ogerpon|atk|1
|move|p2a: Ogerpon|Trailblaze|p1a: Landorus
|-damage|p1a: Landorus|69/100
|-boost|p2a: Ogerpon|spe|1
|
|-heal|p1a: Landorus|75/100|[from] item: Leftovers
|upkeep
|turn|11
|
|t:|1758258562
|move|p2a: Ogerpon|Ivy Cudgel|p1a: Landorus|[anim] Ivy Cudgel Water
|-supereffective|p1a: Landorus
|-crit|p1a: Landorus
|-damage|p1a: Landorus|0 fnt
|faint|p1a: Landorus
|
|upkeep
|
|t:|1758258565
|switch|p1a: Salazzle|Salazzle, F|84/100
|-damage|p1a: Salazzle|67/100|[from] Spikes
|turn|12
|
|t:|1758258567
|-terastallize|p1a: Salazzle|Grass
|move|p2a: Ogerpon|Ivy Cudgel|p1a: Salazzle|[anim] Ivy Cudgel Water
|-resisted|p1a: Salazzle
|-crit|p1a: Salazzle
|-damage|p1a: Salazzle|0 fnt
|faint|p1a: Salazzle
|
|upkeep
|-message|kjbob forfeited.
|
|win|hanshiro
|raw|kjbob's rating: 1365 &rarr; <strong>1348</strong><br />(-17 for losing)
|raw|hanshiro's rating: 1417 &rarr; <strong>1434</strong><br />(+17 for winning)
|l|☆kjbob
|player|p1|
|l|‽hanshiro
|player|p2|
