|j|☆Haha_Young
|j|☆Grok4test
|t:|1758256495
|gametype|singles
|player|p1|Haha_Young|bugcatcher-gen4dp|1308
|player|p2|Grok4test|hoopster|1297
|gen|9
|tier|[Gen 9] OU
|rated|
|rule|HP Percentage Mod: HP is shown in percentages
|rule|Endless Battle Clause: Forcing endless battles is banned
|rule|Species Clause: Limit one of each Pokémon
|rule|OHKO Clause: OHKO moves are banned
|rule|Evasion Items Clause: Evasion items are banned
|rule|Evasion Moves Clause: Evasion moves are banned
|rule|Evasion Abilities Clause: Evasion abilities are banned
|rule|Sleep Moves Clause: Sleep-inducing moves are banned
|clearpoke
|poke|p1|Tyranitar, F|
|poke|p1|Excadrill, M|
|poke|p1|Keldeo-Resolute|
|poke|p1|Tornadus-Therian, M|
|poke|p1|Heatran, F|
|poke|p1|Hydrapple, M|
|poke|p2|Incineroar, M|
|poke|p2|Torkoal, M|
|poke|p2|Salamence, M|
|poke|p2|Whimsicott, F|
|poke|p2|Zoroark-Hisui, M|
|poke|p2|Walking Wake|
|teampreview
|inactive|Battle timer is ON: inactive players will automatically lose when time's up. (requested by Haha_Young)
|
|t:|1758256516
|teamsize|p1|6
|teamsize|p2|6
|start
|switch|p1a: Tornadus|Tornadus-Therian, M|100/100
|switch|p2a: Incineroar|Incineroar, M|100/100
|-ability|p2a: Incineroar|Intimidate|boost
|-unboost|p1a: Tornadus|atk|1
|turn|1
|
|t:|1758256530
|move|p2a: Incineroar|Fake Out|p1a: Tornadus
|-damage|p1a: Tornadus|82/100
|-damage|p2a: Incineroar|91/100|[from] item: Life Orb
|cant|p1a: Tornadus|flinch
|
|upkeep
|turn|2
|
|t:|1758256539
|move|p1a: Tornadus|U-turn|p2a: Incineroar
|-damage|p2a: Incineroar|80/100
|
|t:|1758256545
|switch|p1a: Keldeo|Keldeo-Resolute|100/100|[from] U-turn
|move|p2a: Incineroar|Flare Blitz|p1a: Keldeo
|-resisted|p1a: Keldeo
|-damage|p1a: Keldeo|53/100
|-damage|p2a: Incineroar|67/100|[from] Recoil
|-damage|p2a: Incineroar|57/100|[from] item: Life Orb
|
|upkeep
|turn|3
|
|t:|1758256555
|-terastallize|p2a: Incineroar|Bug
|move|p1a: Keldeo|Flip Turn|p2a: Incineroar
|-damage|p2a: Incineroar|44/100
|
|t:|1758256568
|switch|p1a: Tornadus|Tornadus-Therian, M|100/100|[from] Flip Turn
|move|p2a: Incineroar|Parting Shot|p1a: Tornadus
|-unboost|p1a: Tornadus|atk|1
|-unboost|p1a: Tornadus|spa|1
|inactive|Grok4test has 120 seconds left.
|
|t:|1758256605
|switch|p2a: Torkoal|Torkoal, M|100/100|[from] Parting Shot
|-weather|SunnyDay|[from] ability: Drought|[of] p2a: Torkoal
|
|-weather|SunnyDay|[upkeep]
|upkeep
|turn|4
|
|t:|1758256616
|switch|p1a: Tyranitar|Tyranitar, F|100/100
|-weather|Sandstorm|[from] ability: Sand Stream|[of] p1a: Tyranitar
|move|p2a: Torkoal|Overheat|p1a: Tyranitar
|-resisted|p1a: Tyranitar
|-damage|p1a: Tyranitar|87/100
|-unboost|p2a: Torkoal|spa|2
|-enditem|p2a: Torkoal|Eject Pack
|
|t:|1758256629
|switch|p2a: Incineroar|Incineroar, M, tera:Bug|44/100
|-ability|p2a: Incineroar|Intimidate|boost
|-unboost|p1a: Tyranitar|atk|1
|
|-weather|Sandstorm|[upkeep]
|-damage|p2a: Incineroar|38/100|[from] Sandstorm
|upkeep
|turn|5
|
|t:|1758256648
|switch|p1a: Tornadus|Tornadus-Therian, M|100/100
|move|p2a: Incineroar|Fake Out|p1a: Tornadus
|-damage|p1a: Tornadus|79/100
|-damage|p2a: Incineroar|28/100|[from] item: Life Orb
|
|-weather|Sandstorm|[upkeep]
|-damage|p1a: Tornadus|73/100|[from] Sandstorm
|-damage|p2a: Incineroar|22/100|[from] Sandstorm
|upkeep
|turn|6
|
|t:|1758256657
|move|p1a: Tornadus|U-turn|p2a: Incineroar
|-damage|p2a: Incineroar|8/100
|
|t:|1758256662
|switch|p1a: Heatran|Heatran, F|100/100|[from] U-turn
|move|p2a: Incineroar|Flare Blitz|p1a: Heatran
|-start|p1a: Heatran|ability: Flash Fire
|
|-weather|Sandstorm|[upkeep]
|-damage|p2a: Incineroar|2/100|[from] Sandstorm
|upkeep
|turn|7
|
|t:|1758256673
|-end|p1a: Heatran|ability: Flash Fire|[silent]
|switch|p1a: Tornadus|Tornadus-Therian, M|100/100
|move|p2a: Incineroar|Knock Off|p1a: Tornadus
|-crit|p1a: Tornadus
|-damage|p1a: Tornadus|2/100
|-enditem|p1a: Tornadus|Heavy-Duty Boots|[from] move: Knock Off|[of] p2a: Incineroar
|-damage|p2a: Incineroar|0 fnt|[from] item: Life Orb
|faint|p2a: Incineroar
|
|-weather|Sandstorm|[upkeep]
|-damage|p1a: Tornadus|0 fnt|[from] Sandstorm
|faint|p1a: Tornadus
|upkeep
|
|t:|1758256686
|switch|p1a: Excadrill|Excadrill, M|100/100
|switch|p2a: Salamence|Salamence, M|100/100
|-item|p1a: Excadrill|Air Balloon
|turn|8
|
|t:|1758256697
|move|p1a: Excadrill|Iron Head|p2a: Salamence
|-damage|p2a: Salamence|17/100
|replace|p2a: Zoroark|Zoroark-Hisui, M
|-end|p2a: Zoroark|Illusion
|cant|p2a: Zoroark|flinch
|
|-weather|none
|upkeep
|turn|9
|
|t:|1758256713
|switch|p2a: Torkoal|Torkoal, M|100/100
|-weather|SunnyDay|[from] ability: Drought|[of] p2a: Torkoal
|switch|p1a: Tyranitar|Tyranitar, F|87/100
|-weather|Sandstorm|[from] ability: Sand Stream|[of] p1a: Tyranitar
|
|-weather|Sandstorm|[upkeep]
|-damage|p2a: Torkoal|94/100|[from] Sandstorm
|upkeep
|turn|10
|
|t:|1758256727
|move|p1a: Tyranitar|Stone Edge|p2a: Torkoal
|-supereffective|p2a: Torkoal
|-damage|p2a: Torkoal|0 fnt
|faint|p2a: Torkoal
|
|-weather|Sandstorm|[upkeep]
|upkeep
|
|t:|1758256730
|switch|p2a: Whimsicott|Whimsicott, F|100/100
|turn|11
|
|t:|1758256746
|switch|p1a: Heatran|Heatran, F|100/100
|move|p2a: Whimsicott|Moonblast|p1a: Heatran
|-resisted|p1a: Heatran
|-damage|p1a: Heatran|96/100
|
|-weather|Sandstorm|[upkeep]
|-damage|p2a: Whimsicott|94/100|[from] Sandstorm
|-heal|p1a: Heatran|100/100|[from] item: Leftovers
|upkeep
|turn|12
|
|t:|1758256757
|move|p2a: Whimsicott|Light Screen|p2a: Whimsicott
|-sidestart|p2: Grok4test|move: Light Screen
|move|p1a: Heatran|Stealth Rock|p2a: Whimsicott
|-sidestart|p2: Grok4test|move: Stealth Rock
|
|-weather|Sandstorm|[upkeep]
|-damage|p2a: Whimsicott|88/100|[from] Sandstorm
|upkeep
|turn|13
|
|t:|1758256764
|move|p2a: Whimsicott|Tailwind|p2a: Whimsicott
|-sidestart|p2: Grok4test|move: Tailwind
|move|p1a: Heatran|Taunt|p2a: Whimsicott
|-start|p2a: Whimsicott|move: Taunt
|
|-weather|none
|upkeep
|turn|14
|
|t:|1758256778
|switch|p2a: Salamence|Salamence, M|100/100
|-damage|p2a: Salamence|76/100|[from] Stealth Rock
|-ability|p2a: Salamence|Intimidate|boost
|-unboost|p1a: Heatran|atk|1
|move|p1a: Heatran|Magma Storm|p2a: Salamence|[miss]
|-miss|p1a: Heatran|p2a: Salamence
|
|upkeep
|turn|15
|
|t:|1758256788
|move|p2a: Salamence|Rock Slide|p1a: Heatran
|-damage|p1a: Heatran|81/100
|cant|p1a: Heatran|flinch
|
|-heal|p1a: Heatran|88/100|[from] item: Leftovers
|upkeep
|turn|16
|
|t:|1758256799
|move|p2a: Salamence|Dual Wingbeat|p1a: Heatran|[miss]
|-miss|p2a: Salamence|p1a: Heatran
|move|p1a: Heatran|Taunt|p2a: Salamence
|-start|p2a: Salamence|move: Taunt
|
|-heal|p1a: Heatran|94/100|[from] item: Leftovers
|-sideend|p2: Grok4test|move: Light Screen
|-sideend|p2: Grok4test|move: Tailwind
|upkeep
|turn|17
|
|t:|1758256810
|move|p2a: Salamence|Dual Wingbeat|p1a: Heatran
|-resisted|p1a: Heatran
|-damage|p1a: Heatran|86/100
|-resisted|p1a: Heatran
|-damage|p1a: Heatran|78/100
|-hitcount|p1a: Heatran|2
|move|p1a: Heatran|Magma Storm|p2a: Salamence
|-resisted|p2a: Salamence
|-damage|p2a: Salamence|64/100
|-activate|p2a: Salamence|move: Magma Storm|[of] p1a: Heatran
|
|-heal|p1a: Heatran|84/100|[from] item: Leftovers
|-damage|p2a: Salamence|52/100|[from] move: Magma Storm|[partiallytrapped]
|upkeep
|turn|18
|
|t:|1758256822
|move|p2a: Salamence|Draco Meteor|p1a: Heatran
|-resisted|p1a: Heatran
|-damage|p1a: Heatran|70/100
|-unboost|p2a: Salamence|spa|2
|move|p1a: Heatran|Magma Storm|p2a: Salamence
|-resisted|p2a: Salamence
|-damage|p2a: Salamence|40/100
|
|-heal|p1a: Heatran|76/100|[from] item: Leftovers
|-damage|p2a: Salamence|28/100|[from] move: Magma Storm|[partiallytrapped]
|upkeep
|turn|19
|-message|Grok4test forfeited.
|
|win|Haha_Young
|raw|Haha_Young's rating: 1308 &rarr; <strong>1327</strong><br />(+19 for winning)
|raw|Grok4test's rating: 1297 &rarr; <strong>1273</strong><br />(-24 for losing)
|l|☆Grok4test
|player|p2|
