|j|☆a2356582673
|j|☆Shoods
|t:|1758348336
|gametype|singles
|player|p1|a2356582673|ethan|1122
|player|p2|Shoods|will|1115
|gen|9
|tier|[Gen 9] OU
|rated|
|rule|HP Percentage Mod: HP is shown in percentages
|rule|Endless Battle Clause: Forcing endless battles is banned
|rule|Species Clause: Limit one of each Pokémon
|rule|OHKO Clause: OHKO moves are banned
|rule|Evasion Items Clause: Evasion items are banned
|rule|Evasion Moves Clause: Evasion moves are banned
|rule|Evasion Abilities Clause: Evasion abilities are banned
|rule|Sleep Moves Clause: Sleep-inducing moves are banned
|clearpoke
|poke|p1|Clodsire, M|
|poke|p1|Gliscor, M|
|poke|p1|Clefable, M|
|poke|p1|Great Tusk|
|poke|p1|Dondozo, M|
|poke|p1|Serperior, M|
|poke|p2|Ambipom, M|
|poke|p2|Flygon, M|
|poke|p2|Gastrodon, M|
|poke|p2|Staraptor, M|
|poke|p2|Slowbro, M|
|poke|p2|Froslass, F|
|teampreview
|
|t:|1758348346
|teamsize|p1|6
|teamsize|p2|6
|start
|switch|p1a: Serperior|Serperior, M|100/100
|switch|p2a: Indigo|Froslass, F, shiny|100/100
|turn|1
|
|t:|1758348353
|-terastallize|p1a: Serperior|Fire
|move|p1a: Serperior|Leaf Storm|p2a: Indigo|[miss]
|-miss|p1a: Serperior|p2a: Indigo
|move|p2a: Indigo|Triple Axel|p1a: Serperior
|-resisted|p1a: Serperior
|-damage|p1a: Serperior|95/100
|-resisted|p1a: Serperior
|-damage|p1a: Serperior|83/100
|-resisted|p1a: Serperior
|-damage|p1a: Serperior|65/100
|-hitcount|p1a: Serperior|3
|
|-heal|p1a: Serperior|72/100|[from] item: Leftovers
|upkeep
|turn|2
|
|t:|1758348372
|switch|p2a: Anaki|Flygon, M, shiny|100/100
|move|p1a: Serperior|Leech Seed|p2a: Anaki
|-start|p2a: Anaki|move: Leech Seed
|
|-heal|p1a: Serperior|78/100|[from] item: Leftovers
|-damage|p2a: Anaki|88/100|[from] Leech Seed|[of] p1a: Serperior
|-heal|p1a: Serperior|88/100|[silent]
|upkeep
|turn|3
|
|t:|1758348381
|move|p1a: Serperior|Leaf Storm|p2a: Anaki
|-damage|p2a: Anaki|53/100
|-boost|p1a: Serperior|spa|2
|move|p2a: Anaki|Sand Tomb|p1a: Serperior
|-supereffective|p1a: Serperior
|-damage|p1a: Serperior|65/100
|-activate|p1a: Serperior|move: Sand Tomb|[of] p2a: Anaki
|
|-heal|p1a: Serperior|71/100|[from] item: Leftovers
|-heal|p2a: Anaki|59/100|[from] item: Leftovers
|-damage|p2a: Anaki|47/100|[from] Leech Seed|[of] p1a: Serperior
|-heal|p1a: Serperior|81/100|[silent]
|-damage|p1a: Serperior|69/100|[from] move: Sand Tomb|[partiallytrapped]
|upkeep
|turn|4
|
|t:|1758348394
|move|p2a: Anaki|Protect|p2a: Anaki
|-singleturn|p2a: Anaki|Protect
|move|p1a: Serperior|Leaf Storm|p2a: Anaki
|-activate|p2a: Anaki|move: Protect
|
|-heal|p1a: Serperior|75/100|[from] item: Leftovers
|-heal|p2a: Anaki|53/100|[from] item: Leftovers
|-damage|p2a: Anaki|41/100|[from] Leech Seed|[of] p1a: Serperior
|-heal|p1a: Serperior|86/100|[silent]
|-damage|p1a: Serperior|73/100|[from] move: Sand Tomb|[partiallytrapped]
|upkeep
|turn|5
|inactive|Battle timer is ON: inactive players will automatically lose when time's up. (requested by Shoods)
|
|t:|1758348405
|move|p1a: Serperior|Leaf Storm|p2a: Anaki
|-damage|p2a: Anaki|0 fnt
|-boost|p1a: Serperior|spa|2
|faint|p2a: Anaki
|
|-heal|p1a: Serperior|79/100|[from] item: Leftovers
|-end|p1a: Serperior|Sand Tomb|[partiallytrapped]|[silent]
|upkeep
|
|t:|1758348408
|switch|p2a: Teko|Staraptor, M, shiny|100/100
|-ability|p2a: Teko|Intimidate|boost
|-boost|p1a: Serperior|atk|1
|turn|6
|
|t:|1758348417
|move|p2a: Teko|Final Gambit|p1a: Serperior
|-damage|p1a: Serperior|0 fnt
|faint|p2a: Teko
|faint|p1a: Serperior
|
|upkeep
|
|t:|1758348425
|switch|p1a: Great Tusk|Great Tusk|100/100
|switch|p2a: Bakari|Ambipom, M, shiny|100/100
|-enditem|p1a: Great Tusk|Booster Energy
|-activate|p1a: Great Tusk|ability: Protosynthesis|[fromitem]
|-start|p1a: Great Tusk|protosynthesisatk
|turn|7
|
|t:|1758348432
|move|p2a: Bakari|Fake Out|p1a: Great Tusk
|-damage|p1a: Great Tusk|83/100
|cant|p1a: Great Tusk|flinch
|
|upkeep
|turn|8
|
|t:|1758348438
|switch|p2a: Tracy|Slowbro, M, shiny|100/100
|move|p1a: Great Tusk|Headlong Rush|p2a: Tracy
|-damage|p2a: Tracy|53/100
|-unboost|p1a: Great Tusk|def|1
|-unboost|p1a: Great Tusk|spd|1
|-damage|p1a: Great Tusk|67/100|[from] item: Rocky Helmet|[of] p2a: Tracy
|
|upkeep
|turn|9
|
|t:|1758348450
|-end|p1a: Great Tusk|Protosynthesis|[silent]
|switch|p1a: Clefable|Clefable, M|100/100
|move|p2a: Tracy|Slack Off|p2a: Tracy
|-heal|p2a: Tracy|100/100
|
|upkeep
|turn|10
|
|t:|1758348457
|move|p1a: Clefable|Thunder Wave|p2a: Tracy|[miss]
|-miss|p1a: Clefable|p2a: Tracy
|move|p2a: Tracy|Future Sight|p1a: Clefable
|-start|p2a: Tracy|move: Future Sight
|
|upkeep
|turn|11
|
|t:|1758348464
|switch|p2a: Joel|Gastrodon, M, shiny|100/100
|move|p1a: Clefable|Thunder Wave|p2a: Joel
|-immune|p2a: Joel
|
|upkeep
|turn|12
|
|t:|1758348470
|move|p1a: Clefable|Cosmic Power|p1a: Clefable
|-boost|p1a: Clefable|def|1
|-boost|p1a: Clefable|spd|1
|move|p2a: Joel|Stealth Rock|p1a: Clefable
|-sidestart|p1: a2356582673|move: Stealth Rock
|
|-end|p1a: Clefable|move: Future Sight
|-damage|p1a: Clefable|78/100
|-heal|p1a: Clefable|84/100|[from] item: Leftovers
|upkeep
|turn|13
|
|t:|1758348480
|switch|p2a: Indigo|Froslass, F, shiny|100/100
|move|p1a: Clefable|Cosmic Power|p1a: Clefable
|-boost|p1a: Clefable|def|1
|-boost|p1a: Clefable|spd|1
|
|-heal|p1a: Clefable|90/100|[from] item: Leftovers
|upkeep
|turn|14
|
|t:|1758348488
|move|p2a: Indigo|Trick|p1a: Clefable
|-activate|p2a: Indigo|move: Trick|[of] p1a: Clefable
|-item|p1a: Clefable|Choice Band|[from] move: Trick
|-item|p2a: Indigo|Leftovers|[from] move: Trick
|move|p1a: Clefable|Thunder Wave|p2a: Indigo
|-status|p2a: Indigo|par
|
|upkeep
|turn|15
|
|t:|1758348500
|switch|p1a: Dondozo|Dondozo, M|100/100
|-damage|p1a: Dondozo|88/100|[from] Stealth Rock
|move|p2a: Indigo|Triple Axel|p1a: Dondozo
|-resisted|p1a: Dondozo
|-damage|p1a: Dondozo|86/100
|-resisted|p1a: Dondozo
|-damage|p1a: Dondozo|82/100
|-resisted|p1a: Dondozo
|-damage|p1a: Dondozo|76/100
|-hitcount|p1a: Dondozo|3
|
|-heal|p1a: Dondozo|82/100|[from] item: Leftovers
|upkeep
|turn|16
|
|t:|1758348515
|switch|p2a: Tracy|Slowbro, M, shiny|100/100
|move|p1a: Dondozo|Earthquake|p2a: Tracy
|-damage|p2a: Tracy|88/100
|
|-heal|p1a: Dondozo|89/100|[from] item: Leftovers
|upkeep
|turn|17
|
|t:|1758348523
|move|p2a: Tracy|Scald|p1a: Dondozo
|-resisted|p1a: Dondozo
|-damage|p1a: Dondozo|78/100
|move|p1a: Dondozo|Liquidation|p2a: Tracy
|-resisted|p2a: Tracy
|-damage|p2a: Tracy|80/100
|-unboost|p2a: Tracy|def|1
|-damage|p1a: Dondozo|61/100|[from] item: Rocky Helmet|[of] p2a: Tracy
|
|-heal|p1a: Dondozo|67/100|[from] item: Leftovers
|upkeep
|turn|18
|
|t:|1758348534
|move|p2a: Tracy|Scald|p1a: Dondozo
|-resisted|p1a: Dondozo
|-damage|p1a: Dondozo|56/100
|move|p1a: Dondozo|Rest|p1a: Dondozo
|-status|p1a: Dondozo|slp|[from] move: Rest
|-heal|p1a: Dondozo|100/100 slp|[silent]
|
|upkeep
|turn|19
|
|t:|1758348542
|move|p2a: Tracy|Future Sight|p1a: Dondozo
|-start|p2a: Tracy|move: Future Sight
|cant|p1a: Dondozo|slp
|move|p1a: Dondozo|Sleep Talk|p1a: Dondozo
|move|p1a: Dondozo|Earthquake|p2a: Tracy|[from] move: Sleep Talk
|-damage|p2a: Tracy|65/100
|
|upkeep
|turn|20
|
|t:|1758348556
|move|p2a: Tracy|Protect|p2a: Tracy
|-singleturn|p2a: Tracy|Protect
|cant|p1a: Dondozo|slp
|move|p1a: Dondozo|Sleep Talk|p1a: Dondozo
|move|p1a: Dondozo|Liquidation|p2a: Tracy|[from] move: Sleep Talk
|-activate|p2a: Tracy|move: Protect
|
|upkeep
|turn|21
|
|t:|1758348567
|switch|p2a: Joel|Gastrodon, M, shiny|100/100
|-curestatus|p1a: Dondozo|slp|[msg]
|move|p1a: Dondozo|Sleep Talk||[still]
|-fail|p1a: Dondozo
|
|-end|p1a: Dondozo|move: Future Sight
|-damage|p1a: Dondozo|69/100
|-heal|p1a: Dondozo|75/100|[from] item: Leftovers
|upkeep
|turn|22
|
|t:|1758348577
|move|p2a: Joel|Earth Power|p1a: Dondozo
|-damage|p1a: Dondozo|53/100
|move|p1a: Dondozo|Liquidation|p2a: Joel
|-ability|p2a: Joel|Storm Drain|boost
|-boost|p2a: Joel|spa|1
|
|-heal|p1a: Dondozo|59/100|[from] item: Leftovers
|upkeep
|turn|23
|
|t:|1758348586
|move|p2a: Joel|Earth Power|p1a: Dondozo
|-damage|p1a: Dondozo|36/100
|move|p1a: Dondozo|Rest|p1a: Dondozo
|-status|p1a: Dondozo|slp|[from] move: Rest
|-heal|p1a: Dondozo|100/100 slp|[silent]
|
|upkeep
|turn|24
|
|t:|1758348594
|move|p2a: Joel|Earth Power|p1a: Dondozo
|-damage|p1a: Dondozo|77/100 slp
|cant|p1a: Dondozo|slp
|move|p1a: Dondozo|Sleep Talk|p1a: Dondozo
|move|p1a: Dondozo|Earthquake|p2a: Joel|[from] move: Sleep Talk
|-damage|p2a: Joel|74/100
|
|-heal|p2a: Joel|80/100|[from] item: Leftovers
|-heal|p1a: Dondozo|84/100 slp|[from] item: Leftovers
|upkeep
|turn|25
|
|t:|1758348605
|move|p2a: Joel|Earth Power|p1a: Dondozo
|-damage|p1a: Dondozo|60/100 slp
|cant|p1a: Dondozo|slp
|move|p1a: Dondozo|Sleep Talk|p1a: Dondozo
|move|p1a: Dondozo|Rest||[from] move: Sleep Talk|[still]
|-fail|p1a: Dondozo
|
|-heal|p2a: Joel|86/100|[from] item: Leftovers
|-heal|p1a: Dondozo|67/100 slp|[from] item: Leftovers
|upkeep
|turn|26
|
|t:|1758348618
|switch|p1a: Gliscor|Gliscor, M|100/100
|-damage|p1a: Gliscor|88/100|[from] Stealth Rock
|move|p2a: Joel|Earth Power|p1a: Gliscor
|-immune|p1a: Gliscor
|
|-heal|p2a: Joel|92/100|[from] item: Leftovers
|-status|p1a: Gliscor|tox|[from] item: Toxic Orb
|upkeep
|turn|27
|
|t:|1758348629
|switch|p2a: Tracy|Slowbro, M, shiny|99/100
|move|p1a: Gliscor|Swords Dance|p1a: Gliscor
|-boost|p1a: Gliscor|atk|2
|
|-heal|p1a: Gliscor|100/100 tox|[from] ability: Poison Heal
|upkeep
|turn|28
|
|t:|1758348638
|-terastallize|p2a: Tracy|Water
|move|p1a: Gliscor|Swords Dance|p1a: Gliscor
|-boost|p1a: Gliscor|atk|2
|move|p2a: Tracy|Scald|p1a: Gliscor
|-supereffective|p1a: Gliscor
|-damage|p1a: Gliscor|2/100 tox
|
|-heal|p1a: Gliscor|14/100 tox|[from] ability: Poison Heal
|upkeep
|turn|29
|
|t:|1758348648
|move|p1a: Gliscor|Facade|p2a: Tracy
|-damage|p2a: Tracy|32/100
|-damage|p1a: Gliscor|0 fnt|[from] item: Rocky Helmet|[of] p2a: Tracy
|faint|p1a: Gliscor
|move|p2a: Tracy|Scald|p1: Gliscor|[notarget]
|-fail|p2a: Tracy
|
|upkeep
|
|t:|1758348656
|switch|p1a: Clodsire|Clodsire, M|100/100
|-damage|p1a: Clodsire|94/100|[from] Stealth Rock
|turn|30
|
|t:|1758348664
|move|p2a: Tracy|Slack Off|p2a: Tracy
|-heal|p2a: Tracy|82/100
|move|p1a: Clodsire|Toxic|p2a: Tracy
|-status|p2a: Tracy|tox
|
|-heal|p1a: Clodsire|100/100|[from] item: Black Sludge
|-damage|p2a: Tracy|76/100 tox|[from] psn
|upkeep
|turn|31
|
|t:|1758348673
|move|p2a: Tracy|Future Sight|p1a: Clodsire
|-start|p2a: Tracy|move: Future Sight
|move|p1a: Clodsire|Curse|p1a: Clodsire
|-unboost|p1a: Clodsire|spe|1
|-boost|p1a: Clodsire|atk|1
|-boost|p1a: Clodsire|def|1
|
|-damage|p2a: Tracy|64/100 tox|[from] psn
|upkeep
|turn|32
|
|t:|1758348681
|switch|p2a: Joel|Gastrodon, M, shiny|92/100
|move|p1a: Clodsire|Curse|p1a: Clodsire
|-unboost|p1a: Clodsire|spe|1
|-boost|p1a: Clodsire|atk|1
|-boost|p1a: Clodsire|def|1
|
|-heal|p2a: Joel|98/100|[from] item: Leftovers
|upkeep
|turn|33
|
|t:|1758348690
|move|p2a: Joel|Earth Power|p1a: Clodsire
|-supereffective|p1a: Clodsire
|-damage|p1a: Clodsire|62/100
|move|p1a: Clodsire|Curse|p1a: Clodsire
|-unboost|p1a: Clodsire|spe|1
|-boost|p1a: Clodsire|atk|1
|-boost|p1a: Clodsire|def|1
|
|-end|p1a: Clodsire|move: Future Sight
|-supereffective|p1a: Clodsire
|-damage|p1a: Clodsire|13/100
|-heal|p2a: Joel|100/100|[from] item: Leftovers
|-heal|p1a: Clodsire|20/100|[from] item: Black Sludge
|upkeep
|turn|34
|
|t:|1758348703
|move|p2a: Joel|Earth Power|p1a: Clodsire
|-supereffective|p1a: Clodsire
|-damage|p1a: Clodsire|0 fnt
|faint|p1a: Clodsire
|
|upkeep
|-message|a2356582673 forfeited.
|
|win|Shoods
|raw|a2356582673's rating: 1122 &rarr; <strong>1096</strong><br />(-26 for losing)
|raw|Shoods's rating: 1115 &rarr; <strong>1141</strong><br />(+26 for winning)
|l|☆a2356582673
|player|p1|
|l|☆Shoods
|player|p2|
