|j|☆SML Shrek
|j|☆Ulyssus
|t:|1758288726
|gametype|singles
|player|p1|SML Shrek|hiker-gen4|1382
|player|p2|Ulyssus|galacticgruntf|1334
|gen|9
|tier|[Gen 9] OU
|rated|
|rule|HP Percentage Mod: HP is shown in percentages
|rule|Endless Battle Clause: Forcing endless battles is banned
|rule|Species Clause: Limit one of each Pokémon
|rule|OHKO Clause: OHKO moves are banned
|rule|Evasion Items Clause: Evasion items are banned
|rule|Evasion Moves Clause: Evasion moves are banned
|rule|Evasion Abilities Clause: Evasion abilities are banned
|rule|Sleep Moves Clause: Sleep-inducing moves are banned
|clearpoke
|poke|p1|Ribombee, F|
|poke|p1|Cinderace, F|
|poke|p1|Quaquaval, M|
|poke|p1|Gholdengo|
|poke|p1|Sinistcha|
|poke|p1|Ting-Lu|
|poke|p2|Zamazenta-*|
|poke|p2|Polteageist-Antique|
|poke|p2|Corviknight, M|
|poke|p2|Serperior, F|
|poke|p2|Blaziken, F|
|poke|p2|Lycanroc-Dusk, F|
|teampreview
|inactive|Battle timer is ON: inactive players will automatically lose when time's up. (requested by Ulyssus)
|
|t:|1758288740
|teamsize|p1|6
|teamsize|p2|6
|start
|switch|p1a: Ribombee|Ribombee, F|100/100
|switch|p2a: Polteageist|Polteageist-Antique|100/100
|turn|1
|
|t:|1758288746
|move|p1a: Ribombee|Stun Spore|p2a: Polteageist
|-status|p2a: Polteageist|par
|move|p2a: Polteageist|Shell Smash|p2a: Polteageist
|-unboost|p2a: Polteageist|def|1
|-unboost|p2a: Polteageist|spd|1
|-boost|p2a: Polteageist|atk|2
|-boost|p2a: Polteageist|spa|2
|-boost|p2a: Polteageist|spe|2
|
|upkeep
|turn|2
|
|t:|1758288757
|move|p1a: Ribombee|Sticky Web|p2a: Polteageist
|-sidestart|p2: Ulyssus|move: Sticky Web
|move|p2a: Polteageist|Shadow Ball|p1a: Ribombee
|-enditem|p1a: Ribombee|Focus Sash
|-damage|p1a: Ribombee|1/100
|
|upkeep
|turn|3
|
|t:|1758288764
|move|p1a: Ribombee|Moonblast|p2a: Polteageist
|-damage|p2a: Polteageist|49/100 par
|-unboost|p2a: Polteageist|spa|1
|move|p2a: Polteageist|Shadow Ball|p1a: Ribombee
|-damage|p1a: Ribombee|0 fnt
|faint|p1a: Ribombee
|
|upkeep
|
|t:|1758288776
|switch|p1a: Quaquaval|Quaquaval, M|100/100
|turn|4
|
|t:|1758288780
|move|p1a: Quaquaval|Knock Off|p2a: Polteageist
|-supereffective|p2a: Polteageist
|-damage|p2a: Polteageist|0 fnt
|-enditem|p2a: Polteageist|Focus Sash|[from] move: Knock Off|[of] p1a: Quaquaval
|faint|p2a: Polteageist
|-ability|p1a: Quaquaval|Moxie|boost
|-boost|p1a: Quaquaval|atk|1
|
|upkeep
|
|t:|1758288782
|switch|p2a: Corviknight|Corviknight, M|100/100
|turn|5
|
|t:|1758288788
|switch|p1a: Gholdengo|Gholdengo|100/100
|-item|p1a: Gholdengo|Air Balloon
|move|p2a: Corviknight|Defog|p1a: Gholdengo
|-immune|p1a: Gholdengo|[from] ability: Good as Gold
|
|upkeep
|turn|6
|
|t:|1758288801
|switch|p2a: Blaziken|Blaziken, F|100/100
|-activate|p2a: Blaziken|move: Sticky Web
|-unboost|p2a: Blaziken|spe|1
|move|p1a: Gholdengo|Shadow Ball|p2a: Blaziken
|-damage|p2a: Blaziken|40/100
|
|upkeep
|turn|7
|inactive|Ulyssus has 120 seconds left.
|
|t:|1758288854
|switch|p2a: Serperior|Serperior, F|100/100
|-activate|p2a: Serperior|move: Sticky Web
|-boost|p2a: Serperior|spe|1
|move|p1a: Gholdengo|Shadow Ball|p2a: Serperior
|-damage|p2a: Serperior|47/100
|
|upkeep
|turn|8
|inactive|Ulyssus has 90 seconds left.
|
|t:|1758288898
|switch|p1a: Ting-Lu|Ting-Lu|100/100
|-ability|p1a: Ting-Lu|Vessel of Ruin
|move|p2a: Serperior|Leaf Storm|p1a: Ting-Lu
|-supereffective|p1a: Ting-Lu
|-damage|p1a: Ting-Lu|60/100
|-boost|p2a: Serperior|spa|2
|
|-heal|p1a: Ting-Lu|67/100|[from] item: Leftovers
|upkeep
|turn|9
|
|t:|1758288908
|-terastallize|p1a: Ting-Lu|Ghost
|move|p2a: Serperior|Giga Drain|p1a: Ting-Lu
|-damage|p1a: Ting-Lu|43/100
|-heal|p2a: Serperior|68/100|[from] drain|[of] p1a: Ting-Lu
|move|p1a: Ting-Lu|Stealth Rock|p2a: Serperior
|-sidestart|p2: Ulyssus|move: Stealth Rock
|
|-heal|p1a: Ting-Lu|49/100|[from] item: Leftovers
|upkeep
|turn|10
|
|t:|1758288917
|move|p2a: Serperior|Leaf Storm|p1a: Ting-Lu
|-damage|p1a: Ting-Lu|9/100
|-boost|p2a: Serperior|spa|2
|move|p1a: Ting-Lu|Whirlwind|p2a: Serperior
|drag|p2a: Blaziken|Blaziken, F|40/100
|-activate|p2a: Blaziken|move: Sticky Web
|-unboost|p2a: Blaziken|spe|1
|-damage|p2a: Blaziken|28/100|[from] Stealth Rock
|
|-heal|p1a: Ting-Lu|16/100|[from] item: Leftovers
|upkeep
|turn|11
|inactive|Ulyssus has 90 seconds left.
|
|t:|1758288927
|move|p2a: Blaziken|Fire Punch|p1a: Ting-Lu
|-damage|p1a: Ting-Lu|0 fnt
|faint|p1a: Ting-Lu
|
|-ability|p2a: Blaziken|Speed Boost|boost
|-boost|p2a: Blaziken|spe|1
|upkeep
|
|t:|1758288943
|switch|p1a: Quaquaval|Quaquaval, M|100/100
|turn|12
|
|t:|1758288948
|move|p1a: Quaquaval|Aqua Step|p2a: Blaziken
|-supereffective|p2a: Blaziken
|-damage|p2a: Blaziken|0 fnt
|-boost|p1a: Quaquaval|spe|1
|faint|p2a: Blaziken
|-ability|p1a: Quaquaval|Moxie|boost
|-boost|p1a: Quaquaval|atk|1
|
|upkeep
|
|t:|1758288953
|switch|p2a: Corviknight|Corviknight, M|100/100
|-damage|p2a: Corviknight|88/100|[from] Stealth Rock
|turn|13
|
|t:|1758288958
|switch|p1a: Gholdengo|Gholdengo|100/100
|-item|p1a: Gholdengo|Air Balloon
|move|p2a: Corviknight|Defog|p1a: Gholdengo
|-immune|p1a: Gholdengo|[from] ability: Good as Gold
|
|-heal|p2a: Corviknight|94/100|[from] item: Leftovers
|upkeep
|turn|14
|inactive|Ulyssus has 120 seconds left.
|
|t:|1758288973
|switch|p2a: Serperior|Serperior, F|68/100
|-activate|p2a: Serperior|move: Sticky Web
|-boost|p2a: Serperior|spe|1
|-damage|p2a: Serperior|55/100|[from] Stealth Rock
|move|p1a: Gholdengo|Nasty Plot|p1a: Gholdengo
|-boost|p1a: Gholdengo|spa|2
|
|upkeep
|turn|15
|
|t:|1758288981
|move|p2a: Serperior|Leaf Storm|p1a: Gholdengo
|-resisted|p1a: Gholdengo
|-damage|p1a: Gholdengo|72/100
|-boost|p2a: Serperior|spa|2
|-enditem|p1a: Gholdengo|Air Balloon
|move|p1a: Gholdengo|Shadow Ball|p2a: Serperior
|-damage|p2a: Serperior|0 fnt
|faint|p2a: Serperior
|
|upkeep
|inactive|Ulyssus has 120 seconds left.
|
|t:|1758288998
|switch|p2a: Zamazenta|Zamazenta|100/100
|-activate|p2a: Zamazenta|move: Sticky Web
|-unboost|p2a: Zamazenta|spe|1
|-damage|p2a: Zamazenta|94/100|[from] Stealth Rock
|-ability|p2a: Zamazenta|Dauntless Shield|boost
|-boost|p2a: Zamazenta|def|1
|turn|16
|inactive|Ulyssus has 120 seconds left.
|
|t:|1758289006
|-terastallize|p2a: Zamazenta|Dark
|move|p1a: Gholdengo|Make It Rain|p2a: Zamazenta
|-damage|p2a: Zamazenta|0 fnt
|-unboost|p1a: Gholdengo|spa|1
|faint|p2a: Zamazenta
|
|upkeep
|inactive|Ulyssus has 120 seconds left.
|inactive|Ulyssus has 90 seconds left.
|
|t:|1758289049
|switch|p2a: Lycanroc|Lycanroc-Dusk, F|100/100
|-activate|p2a: Lycanroc|move: Sticky Web
|-unboost|p2a: Lycanroc|spe|1
|-damage|p2a: Lycanroc|88/100|[from] Stealth Rock
|turn|17
|
|t:|1758289055
|move|p1a: Gholdengo|Make It Rain|p2a: Lycanroc
|-supereffective|p2a: Lycanroc
|-damage|p2a: Lycanroc|0 fnt
|-unboost|p1a: Gholdengo|spa|1
|faint|p2a: Lycanroc
|
|upkeep
|
|t:|1758289058
|switch|p2a: Corviknight|Corviknight, M|94/100
|-damage|p2a: Corviknight|82/100|[from] Stealth Rock
|turn|18
|
|t:|1758289064
|move|p1a: Gholdengo|Nasty Plot|p1a: Gholdengo
|-boost|p1a: Gholdengo|spa|2
|move|p2a: Corviknight|Iron Head|p1a: Gholdengo
|-resisted|p1a: Gholdengo
|-damage|p1a: Gholdengo|55/100
|
|-heal|p2a: Corviknight|88/100|[from] item: Leftovers
|upkeep
|turn|19
|-message|Ulyssus forfeited.
|
|win|SML Shrek
|raw|SML Shrek's rating: 1382 &rarr; <strong>1399</strong><br />(+17 for winning)
|raw|Ulyssus's rating: 1334 &rarr; <strong>1317</strong><br />(-17 for losing)
|l|☆Ulyssus
|player|p2|
|l|☆SML Shrek
|player|p1|
