|j|☆saeyouwontletgo
|j|☆tokiwakano
|t:|1758267078
|gametype|singles
|player|p1|saeyouwontletgo|102|1720
|player|p2|tokiwakano|acetrainerf|1760
|gen|9
|tier|[Gen 9] OU
|rated|
|rule|HP Percentage Mod: HP is shown in percentages
|rule|Endless Battle Clause: Forcing endless battles is banned
|rule|Species Clause: Limit one of each Pokémon
|rule|OHKO Clause: OHKO moves are banned
|rule|Evasion Items Clause: Evasion items are banned
|rule|Evasion Moves Clause: Evasion moves are banned
|rule|Evasion Abilities Clause: Evasion abilities are banned
|rule|Sleep Moves Clause: Sleep-inducing moves are banned
|clearpoke
|poke|p1|Pecharunt|
|poke|p1|Great Tusk|
|poke|p1|Ogerpon-Wellspring, F|
|poke|p1|Iron Crown|
|poke|p1|Landorus-Therian, M|
|poke|p1|Samurott-Hisui, F|
|poke|p2|Ogerpon-Cornerstone, F|
|poke|p2|Hatterene, F|
|poke|p2|Pecharunt|
|poke|p2|Landorus-Therian, M|
|poke|p2|Kingambit, F|
|poke|p2|Latios, M|
|teampreview
|inactive|Battle timer is ON: inactive players will automatically lose when time's up. (requested by saeyouwontletgo)
|j| wgw2333
|
|t:|1758267089
|teamsize|p1|6
|teamsize|p2|6
|start
|switch|p1a: Landorus|Landorus-Therian, M|100/100
|switch|p2a: Latios|Latios, M|100/100
|-ability|p1a: Landorus|Intimidate|boost
|-unboost|p2a: Latios|atk|1
|turn|1
|
|t:|1758267091
|move|p2a: Latios|Draco Meteor|p1a: Landorus
|-crit|p1a: Landorus
|-damage|p1a: Landorus|0 fnt
|-unboost|p2a: Latios|spa|2
|faint|p1a: Landorus
|
|upkeep
|
|t:|1758267095
|switch|p1a: Samurott|Samurott-Hisui, F|100/100
|turn|2
|
|t:|1758267100
|switch|p2a: Landorus|Landorus-Therian, M|100/100
|-ability|p2a: Landorus|Intimidate|boost
|-unboost|p1a: Samurott|atk|1
|move|p1a: Samurott|Ceaseless Edge|p2a: Landorus
|-damage|p2a: Landorus|74/100
|-damage|p1a: Samurott|84/100|[from] item: Rocky Helmet|[of] p2a: Landorus
|-sidestart|p2: tokiwakano|Spikes
|
|upkeep
|turn|3
|
|t:|1758267103
|move|p2a: Landorus|Stealth Rock|p1a: Samurott
|-sidestart|p1: saeyouwontletgo|move: Stealth Rock
|move|p1a: Samurott|Ceaseless Edge|p2a: Landorus
|-damage|p2a: Landorus|45/100
|-damage|p1a: Samurott|67/100|[from] item: Rocky Helmet|[of] p2a: Landorus
|-sidestart|p2: tokiwakano|Spikes
|
|upkeep
|turn|4
|
|t:|1758267107
|move|p2a: Landorus|Earthquake|p1a: Samurott
|-damage|p1a: Samurott|2/100
|move|p1a: Samurott|Ceaseless Edge|p2a: Landorus
|-damage|p2a: Landorus|16/100
|-damage|p1a: Samurott|0 fnt|[from] item: Rocky Helmet|[of] p2a: Landorus
|faint|p1a: Samurott
|
|upkeep
|
|t:|1758267115
|switch|p1a: Ogerpon|Ogerpon-Wellspring, F|100/100
|-damage|p1a: Ogerpon|88/100|[from] Stealth Rock
|turn|5
|
|t:|1758267117
|move|p1a: Ogerpon|Ivy Cudgel|p2a: Landorus|[anim] Ivy Cudgel Water
|-supereffective|p2a: Landorus
|-crit|p2a: Landorus
|-damage|p2a: Landorus|0 fnt
|faint|p2a: Landorus
|
|upkeep
|
|t:|1758267122
|switch|p2a: Latios|Latios, M|100/100
|turn|6
|
|t:|1758267127
|switch|p1a: Iron Crown|Iron Crown|100/100
|-damage|p1a: Iron Crown|94/100|[from] Stealth Rock
|move|p2a: Latios|Luster Purge|p1a: Iron Crown
|-resisted|p1a: Iron Crown
|-damage|p1a: Iron Crown|82/100
|-unboost|p1a: Iron Crown|spd|1
|
|upkeep
|turn|7
|
|t:|1758267134
|switch|p2a: Kingambit|Kingambit, F|100/100
|-damage|p2a: Kingambit|84/100|[from] Spikes
|-activate|p2a: Kingambit|ability: Supreme Overlord
|-start|p2a: Kingambit|fallen1|[silent]
|move|p1a: Iron Crown|Tachyon Cutter|p2a: Kingambit
|-resisted|p2a: Kingambit
|-damage|p2a: Kingambit|61/100
|-resisted|p2a: Kingambit
|-crit|p2a: Kingambit
|-damage|p2a: Kingambit|31/100
|-hitcount|p2a: Kingambit|2
|
|-heal|p2a: Kingambit|37/100|[from] item: Leftovers
|upkeep
|turn|8
|
|t:|1758267138
|move|p2a: Kingambit|Sucker Punch|p1a: Iron Crown
|-supereffective|p1a: Iron Crown
|-damage|p1a: Iron Crown|0 fnt
|faint|p1a: Iron Crown
|-end|p1a: Iron Crown|Quark Drive|[silent]
|
|-heal|p2a: Kingambit|43/100|[from] item: Leftovers
|upkeep
|
|t:|1758267141
|switch|p1a: Great Tusk|Great Tusk|100/100
|-damage|p1a: Great Tusk|98/100|[from] Stealth Rock
|-enditem|p1a: Great Tusk|Booster Energy
|-activate|p1a: Great Tusk|ability: Protosynthesis|[fromitem]
|-start|p1a: Great Tusk|protosynthesisspe
|turn|9
|
|t:|1758267145
|-end|p2a: Kingambit|fallen1|[silent]
|switch|p2a: Pecharunt|Pecharunt|100/100
|move|p1a: Great Tusk|Stealth Rock|p2a: Pecharunt
|-sidestart|p2: tokiwakano|move: Stealth Rock
|
|upkeep
|turn|10
|
|t:|1758267150
|move|p1a: Great Tusk|Knock Off|p2a: Pecharunt
|-supereffective|p2a: Pecharunt
|-damage|p2a: Pecharunt|75/100
|-enditem|p2a: Pecharunt|Heavy-Duty Boots|[from] move: Knock Off|[of] p1a: Great Tusk
|move|p2a: Pecharunt|Parting Shot|p1a: Great Tusk
|-unboost|p1a: Great Tusk|atk|1
|-unboost|p1a: Great Tusk|spa|1
|
|t:|1758267154
|switch|p2a: Latios|Latios, M|100/100|[from] Parting Shot
|-damage|p2a: Latios|88/100|[from] Stealth Rock
|
|upkeep
|turn|11
|
|t:|1758267158
|move|p2a: Latios|Luster Purge|p1a: Great Tusk
|-supereffective|p1a: Great Tusk
|-damage|p1a: Great Tusk|0 fnt
|faint|p1a: Great Tusk
|-end|p1a: Great Tusk|Protosynthesis|[silent]
|
|upkeep
|
|t:|1758267160
|switch|p1a: Ogerpon|Ogerpon-Wellspring, F|88/100
|-damage|p1a: Ogerpon|76/100|[from] Stealth Rock
|turn|12
|
|t:|1758267166
|-terastallize|p1a: Ogerpon|Water
|detailschange|p1a: Ogerpon|Ogerpon-Wellspring-Tera, F, tera:Water
|-ability|p1a: Ogerpon|Embody Aspect (Wellspring)|boost
|-boost|p1a: Ogerpon|spd|1
|move|p2a: Latios|Luster Purge|p1a: Ogerpon
|-damage|p1a: Ogerpon|42/100
|move|p1a: Ogerpon|Trailblaze|p2a: Latios
|-resisted|p2a: Latios
|-damage|p2a: Latios|69/100
|-boost|p1a: Ogerpon|spe|1
|
|upkeep
|turn|13
|
|t:|1758267173
|move|p2a: Latios|Luster Purge|p1a: Ogerpon
|-damage|p1a: Ogerpon|7/100
|move|p1a: Ogerpon|Trailblaze|p2a: Latios
|-resisted|p2a: Latios
|-damage|p2a: Latios|52/100
|-boost|p1a: Ogerpon|spe|1
|
|upkeep
|turn|14
|
|t:|1758267176
|move|p1a: Ogerpon|Synthesis|p1a: Ogerpon
|-heal|p1a: Ogerpon|57/100
|move|p2a: Latios|Luster Purge|p1a: Ogerpon
|-damage|p1a: Ogerpon|22/100
|-unboost|p1a: Ogerpon|spd|1
|
|upkeep
|turn|15
|
|t:|1758267178
|move|p1a: Ogerpon|Synthesis|p1a: Ogerpon
|-heal|p1a: Ogerpon|72/100
|move|p2a: Latios|Luster Purge|p1a: Ogerpon
|-damage|p1a: Ogerpon|27/100
|-unboost|p1a: Ogerpon|spd|1
|
|upkeep
|turn|16
|
|t:|1758267180
|move|p1a: Ogerpon|Synthesis|p1a: Ogerpon
|-heal|p1a: Ogerpon|77/100
|move|p2a: Latios|Luster Purge|p1a: Ogerpon
|-damage|p1a: Ogerpon|2/100
|-unboost|p1a: Ogerpon|spd|1
|
|upkeep
|turn|17
|
|t:|1758267183
|move|p1a: Ogerpon|Synthesis|p1a: Ogerpon
|-heal|p1a: Ogerpon|52/100
|move|p2a: Latios|Luster Purge|p1a: Ogerpon
|-damage|p1a: Ogerpon|0 fnt
|faint|p1a: Ogerpon
|detailschange|p1: Ogerpon|Ogerpon-Wellspring, F|[silent]
|
|upkeep
|
|t:|1758267186
|switch|p1a: Pecharunt|Pecharunt|100/100
|-damage|p1a: Pecharunt|88/100|[from] Stealth Rock
|turn|18
|-message|saeyouwontletgo forfeited.
|
|win|tokiwakano
|raw|saeyouwontletgo's rating: 1720 &rarr; <strong>1702</strong><br />(-18 for losing)
|raw|tokiwakano's rating: 1760 &rarr; <strong>1778</strong><br />(+18 for winning)
|l|☆saeyouwontletgo
|player|p1|
|l|☆tokiwakano
|player|p2|
|l| wgw2333
