|j|☆mantikarp2.0
|j|☆kbbl
|t:|1758313867
|gametype|singles
|player|p1|mantikarp2.0|medium|1542
|player|p2|kbbl|266|1489
|gen|9
|tier|[Gen 9] OU
|rated|
|rule|HP Percentage Mod: HP is shown in percentages
|rule|Endless Battle Clause: Forcing endless battles is banned
|rule|Species Clause: Limit one of each Pokémon
|rule|OHKO Clause: OHKO moves are banned
|rule|Evasion Items Clause: Evasion items are banned
|rule|Evasion Moves Clause: Evasion moves are banned
|rule|Evasion Abilities Clause: Evasion abilities are banned
|rule|Sleep Moves Clause: Sleep-inducing moves are banned
|clearpoke
|poke|p1|Ribombee, M|
|poke|p1|Gholdengo|
|poke|p1|Great Tusk|
|poke|p1|Raging Bolt|
|poke|p1|Ogerpon-Cornerstone, F|
|poke|p1|Ceruledge, F|
|poke|p2|Hippowdon, F|
|poke|p2|Clodsire, M|
|poke|p2|Excadrill, M|
|poke|p2|Corviknight, M|
|poke|p2|Greninja-*, M|
|poke|p2|Quaquaval, M|
|teampreview
|inactive|Battle timer is ON: inactive players will automatically lose when time's up. (requested by mantikarp2.0)
|
|t:|1758313882
|teamsize|p1|6
|teamsize|p2|6
|start
|switch|p1a: NEW DROP|Ribombee, M, shiny|100/100
|switch|p2a: Excadrill|Excadrill, M|100/100
|turn|1
|
|t:|1758313886
|move|p1a: NEW DROP|Sticky Web|p2a: Excadrill
|-sidestart|p2: kbbl|move: Sticky Web
|move|p2a: Excadrill|Iron Head|p1a: NEW DROP
|-supereffective|p1a: NEW DROP
|-enditem|p1a: NEW DROP|Focus Sash
|-damage|p1a: NEW DROP|1/100
|
|upkeep
|turn|2
|
|t:|1758313897
|switch|p1a: KRYPTONITE|Gholdengo, shiny|100/100
|-item|p1a: KRYPTONITE|Air Balloon
|move|p2a: Excadrill|Earthquake|p1a: KRYPTONITE
|-immune|p1a: KRYPTONITE
|
|upkeep
|turn|3
|
|t:|1758313906
|switch|p2a: Clodsire|Clodsire, M|100/100
|move|p1a: KRYPTONITE|Focus Blast|p2a: Clodsire
|-resisted|p2a: Clodsire
|-damage|p2a: Clodsire|88/100
|
|upkeep
|turn|4
|
|t:|1758313919
|switch|p1a: NEW DROP|Ribombee, M, shiny|1/100
|switch|p2a: Greninja|Greninja, M|100/100
|-activate|p2a: Greninja|move: Sticky Web
|-unboost|p2a: Greninja|spe|1
|
|upkeep
|turn|5
|
|t:|1758313947
|move|p2a: Greninja|Water Shuriken|p1a: NEW DROP
|-start|p2a: Greninja|typechange|Water|[from] ability: Protean
|-damage|p1a: NEW DROP|0 fnt
|faint|p1a: NEW DROP
|-hitcount|p1: NEW DROP|1
|
|upkeep
|
|t:|1758313954
|switch|p1a: GREAT NECK|Raging Bolt|100/100
|-enditem|p1a: GREAT NECK|Booster Energy
|-activate|p1a: GREAT NECK|ability: Protosynthesis|[fromitem]
|-start|p1a: GREAT NECK|protosynthesisspa
|turn|6
|
|t:|1758313960
|switch|p2a: Clodsire|Clodsire, M|88/100
|move|p1a: GREAT NECK|Dragon Pulse|p2a: Clodsire
|-damage|p2a: Clodsire|49/100
|
|upkeep
|turn|7
|
|t:|1758313965
|move|p1a: GREAT NECK|Dragon Pulse|p2a: Clodsire
|-damage|p2a: Clodsire|12/100
|move|p2a: Clodsire|Recover|p2a: Clodsire
|-heal|p2a: Clodsire|62/100
|
|upkeep
|turn|8
|
|t:|1758313968
|move|p1a: GREAT NECK|Dragon Pulse|p2a: Clodsire
|-damage|p2a: Clodsire|28/100
|move|p2a: Clodsire|Recover|p2a: Clodsire
|-heal|p2a: Clodsire|78/100
|
|upkeep
|turn|9
|
|t:|1758313971
|move|p1a: GREAT NECK|Dragon Pulse|p2a: Clodsire
|-crit|p2a: Clodsire
|-damage|p2a: Clodsire|26/100
|move|p2a: Clodsire|Recover|p2a: Clodsire
|-heal|p2a: Clodsire|77/100
|
|upkeep
|turn|10
|
|t:|1758313975
|move|p1a: GREAT NECK|Dragon Pulse|p2a: Clodsire
|-damage|p2a: Clodsire|43/100
|move|p2a: Clodsire|Recover|p2a: Clodsire
|-heal|p2a: Clodsire|94/100
|
|upkeep
|turn|11
|
|t:|1758313979
|move|p1a: GREAT NECK|Dragon Pulse|p2a: Clodsire
|-damage|p2a: Clodsire|58/100
|move|p2a: Clodsire|Toxic|p1a: GREAT NECK
|-status|p1a: GREAT NECK|tox
|
|-damage|p1a: GREAT NECK|94/100 tox|[from] psn
|upkeep
|turn|12
|
|t:|1758313982
|move|p1a: GREAT NECK|Dragon Pulse|p2a: Clodsire
|-damage|p2a: Clodsire|24/100
|move|p2a: Clodsire|Recover|p2a: Clodsire
|-heal|p2a: Clodsire|74/100
|
|-damage|p1a: GREAT NECK|82/100 tox|[from] psn
|upkeep
|turn|13
|
|t:|1758313987
|switch|p2a: Corviknight|Corviknight, M|100/100
|-ability|p2a: Corviknight|Pressure
|move|p1a: GREAT NECK|Dragon Pulse|p2a: Corviknight
|-resisted|p2a: Corviknight
|-damage|p2a: Corviknight|70/100
|
|-damage|p1a: GREAT NECK|64/100 tox|[from] psn
|upkeep
|turn|14
|
|t:|1758313992
|-end|p1a: GREAT NECK|Protosynthesis|[silent]
|switch|p1a: KRYPTONITE|Gholdengo, shiny|100/100
|-item|p1a: KRYPTONITE|Air Balloon
|switch|p2a: Clodsire|Clodsire, M|74/100
|
|upkeep
|turn|15
|
|t:|1758313999
|move|p1a: KRYPTONITE|Nasty Plot|p1a: KRYPTONITE
|-boost|p1a: KRYPTONITE|spa|2
|move|p2a: Clodsire|Spikes|p1a: KRYPTONITE
|-sidestart|p1: mantikarp2.0|Spikes
|
|upkeep
|turn|16
|
|t:|1758314004
|switch|p2a: Corviknight|Corviknight, M|70/100
|-ability|p2a: Corviknight|Pressure
|move|p1a: KRYPTONITE|Shadow Ball|p2a: Corviknight
|-damage|p2a: Corviknight|0 fnt
|faint|p2a: Corviknight
|
|upkeep
|
|t:|1758314010
|switch|p2a: Greninja|Greninja, M|100/100
|-activate|p2a: Greninja|move: Sticky Web
|-unboost|p2a: Greninja|spe|1
|turn|17
|
|t:|1758314015
|move|p2a: Greninja|Water Shuriken|p1a: KRYPTONITE
|-start|p2a: Greninja|typechange|Water|[from] ability: Protean
|-damage|p1a: KRYPTONITE|90/100
|-enditem|p1a: KRYPTONITE|Air Balloon
|-damage|p1a: KRYPTONITE|78/100
|-damage|p1a: KRYPTONITE|66/100
|-damage|p1a: KRYPTONITE|55/100
|-damage|p1a: KRYPTONITE|44/100
|-hitcount|p1a: KRYPTONITE|5
|move|p1a: KRYPTONITE|Shadow Ball|p2a: Greninja
|-damage|p2a: Greninja|0 fnt
|faint|p2a: Greninja
|
|upkeep
|
|t:|1758314022
|switch|p2a: Clodsire|Clodsire, M|74/100
|turn|18
|
|t:|1758314025
|move|p1a: KRYPTONITE|Shadow Ball|p2a: Clodsire
|-damage|p2a: Clodsire|22/100
|move|p2a: Clodsire|Earthquake|p1a: KRYPTONITE
|-supereffective|p1a: KRYPTONITE
|-damage|p1a: KRYPTONITE|0 fnt
|faint|p1a: KRYPTONITE
|
|upkeep
|
|t:|1758314036
|switch|p1a: BROTHER STONE|Ogerpon-Cornerstone, F|100/100
|-damage|p1a: BROTHER STONE|88/100|[from] Spikes
|turn|19
|
|t:|1758314040
|move|p1a: BROTHER STONE|Power Whip|p2a: Clodsire
|-damage|p2a: Clodsire|0 fnt
|faint|p2a: Clodsire
|
|upkeep
|
|t:|1758314045
|switch|p2a: Hippowdon|Hippowdon, F|100/100
|-activate|p2a: Hippowdon|move: Sticky Web
|-unboost|p2a: Hippowdon|spe|1
|-weather|Sandstorm|[from] ability: Sand Stream|[of] p2a: Hippowdon
|turn|20
|
|t:|1758314053
|move|p1a: BROTHER STONE|Power Whip|p2a: Hippowdon
|-supereffective|p2a: Hippowdon
|-damage|p2a: Hippowdon|19/100
|move|p2a: Hippowdon|Roar|p1a: BROTHER STONE
|drag|p1a: TORE UP|Ceruledge, F, shiny|100/100
|-damage|p1a: TORE UP|88/100|[from] Spikes
|
|-weather|Sandstorm|[upkeep]
|-damage|p1a: TORE UP|82/100|[from] Sandstorm
|upkeep
|turn|21
|
|t:|1758314060
|move|p1a: TORE UP|Bitter Blade|p2a: Hippowdon
|-damage|p2a: Hippowdon|0 fnt
|-heal|p1a: TORE UP|95/100|[from] drain|[of] p2a: Hippowdon
|faint|p2a: Hippowdon
|
|-weather|Sandstorm|[upkeep]
|-damage|p1a: TORE UP|89/100|[from] Sandstorm
|upkeep
|
|t:|1758314063
|switch|p2a: Excadrill|Excadrill, M|100/100
|-activate|p2a: Excadrill|move: Sticky Web
|-unboost|p2a: Excadrill|spe|1
|turn|22
|
|t:|1758314073
|move|p2a: Excadrill|Earthquake|p1a: TORE UP
|-supereffective|p1a: TORE UP
|-damage|p1a: TORE UP|0 fnt
|faint|p1a: TORE UP
|
|-weather|Sandstorm|[upkeep]
|upkeep
|
|t:|1758314077
|switch|p1a: BANDIT|Great Tusk, shiny|100/100
|-damage|p1a: BANDIT|88/100|[from] Spikes
|-enditem|p1a: BANDIT|Booster Energy
|-activate|p1a: BANDIT|ability: Protosynthesis|[fromitem]
|-start|p1a: BANDIT|protosynthesisatk
|turn|23
|
|t:|1758314087
|-terastallize|p2a: Excadrill|Ghost
|-terastallize|p1a: BANDIT|Ghost
|move|p2a: Excadrill|Swords Dance|p2a: Excadrill
|-boost|p2a: Excadrill|atk|2
|move|p1a: BANDIT|Rapid Spin|p2a: Excadrill
|-immune|p2a: Excadrill
|
|-weather|Sandstorm|[upkeep]
|-damage|p1a: BANDIT|82/100|[from] Sandstorm
|upkeep
|turn|24
|
|t:|1758314095
|move|p2a: Excadrill|Earthquake|p1a: BANDIT
|-damage|p1a: BANDIT|0 fnt
|faint|p1a: BANDIT
|-end|p1a: BANDIT|Protosynthesis|[silent]
|
|-weather|Sandstorm|[upkeep]
|upkeep
|
|t:|1758314101
|switch|p1a: GREAT NECK|Raging Bolt|64/100 tox
|-damage|p1a: GREAT NECK|51/100 tox|[from] Spikes
|turn|25
|
|t:|1758314105
|move|p1a: GREAT NECK|Thunderclap|p2a: Excadrill
|-damage|p2a: Excadrill|45/100
|move|p2a: Excadrill|Earthquake|p1a: GREAT NECK
|-supereffective|p1a: GREAT NECK
|-damage|p1a: GREAT NECK|0 fnt
|faint|p1a: GREAT NECK
|-end|p1a: GREAT NECK|Protosynthesis|[silent]
|
|-weather|Sandstorm|[upkeep]
|upkeep
|
|t:|1758314108
|switch|p1a: BROTHER STONE|Ogerpon-Cornerstone, F|88/100
|-damage|p1a: BROTHER STONE|76/100|[from] Spikes
|turn|26
|
|t:|1758314112
|move|p2a: Excadrill|Iron Head|p1a: BROTHER STONE
|-supereffective|p1a: BROTHER STONE
|-damage|p1a: BROTHER STONE|0 fnt
|faint|p1a: BROTHER STONE
|
|win|kbbl
|raw|mantikarp2.0's rating: 1542 &rarr; <strong>1519</strong><br />(-23 for losing)
|raw|kbbl's rating: 1489 &rarr; <strong>1512</strong><br />(+23 for winning)
|l|☆mantikarp2.0
|player|p1|
|l|☆kbbl
|player|p2|
