|j|☆humunitzy
|j|☆B/CFan
|t:|1758287819
|gametype|singles
|player|p1|humunitzy|gentleman|1266
|player|p2|B/CFan|101|1269
|gen|9
|tier|[Gen 9] OU
|rated|
|rule|HP Percentage Mod: HP is shown in percentages
|rule|Endless Battle Clause: Forcing endless battles is banned
|rule|Species Clause: Limit one of each Pokémon
|rule|OHKO Clause: OHKO moves are banned
|rule|Evasion Items Clause: Evasion items are banned
|rule|Evasion Moves Clause: Evasion moves are banned
|rule|Evasion Abilities Clause: Evasion abilities are banned
|rule|Sleep Moves Clause: Sleep-inducing moves are banned
|clearpoke
|poke|p1|Torkoal, M|
|poke|p1|Great Tusk|
|poke|p1|Raging Bolt|
|poke|p1|Walking Wake|
|poke|p1|Slither Wing|
|poke|p1|Ninetales, F|
|poke|p2|Galvantula, M|
|poke|p2|Cinderace, M|
|poke|p2|Sceptile, M|
|poke|p2|Malamar, M|
|poke|p2|Excadrill, M|
|poke|p2|Dragapult, M|
|teampreview
|
|t:|1758287827
|teamsize|p1|6
|teamsize|p2|6
|start
|switch|p1a: Torkoal|Torkoal, M|100/100
|switch|p2a: Galvantula|Galvantula, M|100/100
|-weather|SunnyDay|[from] ability: Drought|[of] p1a: Torkoal
|turn|1
|
|t:|1758287836
|move|p2a: Galvantula|Sticky Web|p1a: Torkoal
|-sidestart|p1: humunitzy|move: Sticky Web
|move|p1a: Torkoal|Stealth Rock|p2a: Galvantula
|-sidestart|p2: B/CFan|move: Stealth Rock
|
|-weather|SunnyDay|[upkeep]
|upkeep
|turn|2
|
|t:|1758287845
|switch|p2a: Dragapult|Dragapult, M|100/100
|-damage|p2a: Dragapult|88/100|[from] Stealth Rock
|move|p1a: Torkoal|Lava Plume|p2a: Dragapult
|-resisted|p2a: Dragapult
|-damage|p2a: Dragapult|63/100
|
|-weather|SunnyDay|[upkeep]
|upkeep
|turn|3
|
|t:|1758287865
|move|p2a: Dragapult|Shadow Ball|p1a: Torkoal
|-damage|p1a: Torkoal|35/100
|move|p1a: Torkoal|Will-O-Wisp|p2a: Dragapult
|-status|p2a: Dragapult|brn
|
|-weather|SunnyDay|[upkeep]
|-damage|p2a: Dragapult|57/100 brn|[from] brn
|upkeep
|turn|4
|
|t:|1758287877
|switch|p1a: Slither Wing|Slither Wing|100/100
|-activate|p1a: Slither Wing|move: Sticky Web
|-unboost|p1a: Slither Wing|spe|1
|-activate|p1a: Slither Wing|ability: Protosynthesis
|-start|p1a: Slither Wing|protosynthesisatk
|move|p2a: Dragapult|Shadow Ball|p1a: Slither Wing
|-damage|p1a: Slither Wing|64/100
|
|-weather|SunnyDay|[upkeep]
|-damage|p2a: Dragapult|51/100 brn|[from] brn
|upkeep
|turn|5
|
|t:|1758287890
|move|p1a: Slither Wing|First Impression|p2a: Dragapult
|-resisted|p2a: Dragapult
|-damage|p2a: Dragapult|4/100 brn
|move|p2a: Dragapult|Shadow Ball|p1a: Slither Wing
|-damage|p1a: Slither Wing|24/100
|-unboost|p1a: Slither Wing|spd|1
|
|-weather|SunnyDay|[upkeep]
|-damage|p2a: Dragapult|0 fnt|[from] brn
|faint|p2a: Dragapult
|upkeep
|
|t:|1758287894
|switch|p2a: Cinderace|Cinderace, M|100/100
|turn|6
|
|t:|1758287907
|-end|p1a: Slither Wing|Protosynthesis|[silent]
|switch|p1a: Walking Wake|Walking Wake|100/100
|-activate|p1a: Walking Wake|move: Sticky Web
|-unboost|p1a: Walking Wake|spe|1
|-activate|p1a: Walking Wake|ability: Protosynthesis
|-start|p1a: Walking Wake|protosynthesisspa
|move|p2a: Cinderace|Court Change|p2a: Cinderace
|-start|p2a: Cinderace|typechange|Normal|[from] ability: Libero
|-swapsideconditions
|-activate|p2a: Cinderace|move: Court Change
|
|-weather|SunnyDay|[upkeep]
|upkeep
|turn|7
|
|t:|1758287922
|-terastallize|p1a: Walking Wake|Water
|move|p2a: Cinderace|U-turn|p1a: Walking Wake
|-damage|p1a: Walking Wake|74/100
|
|t:|1758287928
|switch|p2a: Galvantula|Galvantula, M|100/100|[from] U-turn
|-activate|p2a: Galvantula|move: Sticky Web
|-unboost|p2a: Galvantula|spe|1
|move|p1a: Walking Wake|Hydro Steam|p2a: Galvantula
|-enditem|p2a: Galvantula|Focus Sash
|-damage|p2a: Galvantula|1/100
|
|-weather|SunnyDay|[upkeep]
|upkeep
|turn|8
|
|t:|1758287938
|move|p1a: Walking Wake|Hydro Steam|p2a: Galvantula
|-damage|p2a: Galvantula|0 fnt
|faint|p2a: Galvantula
|
|-weather|none
|-end|p1a: Walking Wake|Protosynthesis
|upkeep
|
|t:|1758287948
|switch|p2a: Malamar|Malamar, M|100/100
|-activate|p2a: Malamar|move: Sticky Web
|-boost|p2a: Malamar|spe|1
|turn|9
|
|t:|1758287958
|-end|p1a: Walking Wake|Protosynthesis|[silent]
|switch|p1a: Ninetales|Ninetales, F|100/100
|-damage|p1a: Ninetales|76/100|[from] Stealth Rock
|-weather|SunnyDay|[from] ability: Drought|[of] p1a: Ninetales
|-terastallize|p2a: Malamar|Fighting
|move|p2a: Malamar|Superpower|p1a: Ninetales
|-damage|p1a: Ninetales|13/100
|-boost|p2a: Malamar|atk|1
|-boost|p2a: Malamar|def|1
|
|-weather|SunnyDay|[upkeep]
|upkeep
|turn|10
|
|t:|1758287970
|move|p2a: Malamar|Superpower|p1a: Ninetales
|-damage|p1a: Ninetales|0 fnt
|-boost|p2a: Malamar|atk|1
|-boost|p2a: Malamar|def|1
|faint|p1a: Ninetales
|
|-weather|SunnyDay|[upkeep]
|upkeep
|
|t:|1758287982
|switch|p1a: Walking Wake|Walking Wake, tera:Water|74/100
|-damage|p1a: Walking Wake|62/100|[from] Stealth Rock
|-activate|p1a: Walking Wake|ability: Protosynthesis
|-start|p1a: Walking Wake|protosynthesisspe
|turn|11
|
|t:|1758287991
|move|p1a: Walking Wake|Hydro Steam|p2a: Malamar
|-damage|p2a: Malamar|0 fnt
|faint|p2a: Malamar
|
|-weather|SunnyDay|[upkeep]
|upkeep
|
|t:|1758287994
|switch|p2a: Sceptile|Sceptile, M|100/100
|-activate|p2a: Sceptile|move: Sticky Web
|-unboost|p2a: Sceptile|spe|1
|-enditem|p2a: Sceptile|White Herb
|-clearnegativeboost|p2a: Sceptile|[silent]
|turn|12
|
|t:|1758288006
|-end|p1a: Walking Wake|Protosynthesis|[silent]
|switch|p1a: Raging Bolt|Raging Bolt|100/100
|-damage|p1a: Raging Bolt|88/100|[from] Stealth Rock
|-activate|p1a: Raging Bolt|ability: Protosynthesis
|-start|p1a: Raging Bolt|protosynthesisspa
|move|p2a: Sceptile|Leaf Blade|p1a: Raging Bolt
|-resisted|p1a: Raging Bolt
|-damage|p1a: Raging Bolt|69/100
|
|-weather|SunnyDay|[upkeep]
|-heal|p1a: Raging Bolt|75/100|[from] item: Leftovers
|upkeep
|turn|13
|
|t:|1758288024
|move|p2a: Sceptile|Swords Dance|p2a: Sceptile
|-boost|p2a: Sceptile|atk|2
|move|p1a: Raging Bolt|Calm Mind|p1a: Raging Bolt
|-boost|p1a: Raging Bolt|spa|1
|-boost|p1a: Raging Bolt|spd|1
|
|-weather|SunnyDay|[upkeep]
|-heal|p1a: Raging Bolt|81/100|[from] item: Leftovers
|upkeep
|turn|14
|
|t:|1758288033
|move|p2a: Sceptile|Earthquake|p1a: Raging Bolt
|-supereffective|p1a: Raging Bolt
|-damage|p1a: Raging Bolt|0 fnt
|faint|p1a: Raging Bolt
|-end|p1a: Raging Bolt|Protosynthesis|[silent]
|
|-weather|SunnyDay|[upkeep]
|upkeep
|
|t:|1758288039
|switch|p1a: Slither Wing|Slither Wing|24/100
|-damage|p1a: Slither Wing|12/100|[from] Stealth Rock
|-activate|p1a: Slither Wing|ability: Protosynthesis
|-start|p1a: Slither Wing|protosynthesisatk
|turn|15
|
|t:|1758288045
|move|p1a: Slither Wing|First Impression|p2a: Sceptile
|-supereffective|p2a: Sceptile
|-damage|p2a: Sceptile|0 fnt
|faint|p2a: Sceptile
|
|-weather|SunnyDay|[upkeep]
|upkeep
|
|t:|1758288049
|switch|p2a: Excadrill|Excadrill, M|100/100
|-activate|p2a: Excadrill|move: Sticky Web
|-unboost|p2a: Excadrill|spe|1
|-ability|p2a: Excadrill|Mold Breaker
|turn|16
|
|t:|1758288058
|move|p1a: Slither Wing|Close Combat|p2a: Excadrill
|-supereffective|p2a: Excadrill
|-damage|p2a: Excadrill|0 fnt
|-unboost|p1a: Slither Wing|def|1
|-unboost|p1a: Slither Wing|spd|1
|faint|p2a: Excadrill
|
|-weather|none
|-end|p1a: Slither Wing|Protosynthesis
|upkeep
|
|t:|1758288060
|switch|p2a: Cinderace|Cinderace, M|100/100
|turn|17
|
|t:|1758288072
|move|p2a: Cinderace|Pyro Ball|p1a: Slither Wing
|-supereffective|p1a: Slither Wing
|-damage|p1a: Slither Wing|0 fnt
|faint|p1a: Slither Wing
|-end|p1a: Slither Wing|Protosynthesis|[silent]
|
|upkeep
|
|t:|1758288077
|switch|p1a: Torkoal|Torkoal, M|35/100
|-damage|p1a: Torkoal|11/100|[from] Stealth Rock
|-weather|SunnyDay|[from] ability: Drought|[of] p1a: Torkoal
|turn|18
|
|t:|1758288085
|move|p2a: Cinderace|Court Change|p2a: Cinderace
|-start|p2a: Cinderace|typechange|Normal|[from] ability: Libero
|-swapsideconditions
|-activate|p2a: Cinderace|move: Court Change
|move|p1a: Torkoal|Rapid Spin|p2a: Cinderace
|-damage|p2a: Cinderace|88/100
|-boost|p1a: Torkoal|spe|1
|-sideend|p1: humunitzy|Sticky Web|[from] move: Rapid Spin|[of] p1a: Torkoal
|
|-weather|SunnyDay|[upkeep]
|upkeep
|turn|19
|-message|B/CFan forfeited.
|
|win|humunitzy
|raw|humunitzy's rating: 1266 &rarr; <strong>1291</strong><br />(+25 for winning)
|raw|B&#x2f;CFan's rating: 1269 &rarr; <strong>1244</strong><br />(-25 for losing)
|l|☆B/CFan
|player|p2|
|l|☆humunitzy
|player|p1|
