|j|☆fiishing
|j|☆goobius caesar
|inactive|Battle timer is ON: inactive players will automatically lose when time's up.
|t:|1758251928
|gametype|singles
|player|p1|fiishing|miku-water|
|player|p2|goobius caesar|lucas|
|gen|9
|tier|[Gen 9] OU
|rated|Tournament battle
|rule|HP Percentage Mod: HP is shown in percentages
|rule|Endless Battle Clause: Forcing endless battles is banned
|rule|Species Clause: Limit one of each Pokémon
|rule|OHKO Clause: OHKO moves are banned
|rule|Evasion Items Clause: Evasion items are banned
|rule|Evasion Moves Clause: Evasion moves are banned
|rule|Evasion Abilities Clause: Evasion abilities are banned
|rule|Sleep Moves Clause: Sleep-inducing moves are banned
|clearpoke
|poke|p1|Darkrai|
|poke|p1|Garchomp, F|
|poke|p1|Alomomola, F|
|poke|p1|Corviknight, F|
|poke|p1|Weezing-Galar, F|
|poke|p1|Ogerpon, F|
|poke|p2|Hatterene, F|
|poke|p2|Ursaluna, M|
|poke|p2|Porygon2|
|poke|p2|Cresselia, F|
|poke|p2|Iron Hands|
|poke|p2|Volcanion|
|teampreview
|inactive|fiishing also wants the timer to be on.
|
|t:|1758251952
|teamsize|p1|6
|teamsize|p2|6
|start
|switch|p1a: Ogerpon|Ogerpon, F|100/100
|switch|p2a: Saturn|Volcanion|100/100
|turn|1
|j| glowingrobot
|
|t:|1758251959
|move|p1a: Ogerpon|U-turn|p2a: Saturn
|-resisted|p2a: Saturn
|-damage|p2a: Saturn|92/100
|
|t:|1758251961
|switch|p1a: Alomomola|Alomomola, F|100/100|[from] U-turn
|move|p2a: Saturn|Steam Eruption|p1a: Alomomola|[miss]
|-miss|p2a: Saturn|p1a: Alomomola
|
|upkeep
|turn|2
|
|t:|1758251969
|switch|p2a: Mann|Ursaluna, M|100/100
|move|p1a: Alomomola|Flip Turn|p2a: Mann
|-supereffective|p2a: Mann
|-damage|p2a: Mann|77/100
|
|t:|1758251983
|switch|p1a: Ogerpon|Ogerpon, F|100/100|[from] Flip Turn
|
|-status|p2a: Mann|brn|[from] item: Flame Orb
|upkeep
|turn|3
|inactive|goobius caesar has 120 seconds left.
|
|t:|1758252016
|-terastallize|p2a: Mann|Normal
|move|p1a: Ogerpon|U-turn|p2a: Mann
|-damage|p2a: Mann|61/100 brn
|inactive|fiishing has 120 seconds left.
|inactive|fiishing has 90 seconds left.
|
|t:|1758252100
|switch|p1a: Corviknight|Corviknight, F|100/100|[from] U-turn
|-ability|p1a: Corviknight|Pressure
|move|p2a: Mann|Facade|p1a: Corviknight
|-resisted|p1a: Corviknight
|-damage|p1a: Corviknight|30/100
|
|-heal|p1a: Corviknight|36/100|[from] item: Leftovers
|-damage|p2a: Mann|55/100 brn|[from] brn
|upkeep
|turn|4
|
|t:|1758252111
|move|p1a: Corviknight|Brave Bird|p2a: Mann
|-damage|p2a: Mann|29/100 brn
|-damage|p1a: Corviknight|27/100|[from] Recoil
|move|p2a: Mann|Fire Punch|p1a: Corviknight
|-supereffective|p1a: Corviknight
|-crit|p1a: Corviknight
|-damage|p1a: Corviknight|0 fnt
|faint|p1a: Corviknight
|
|-damage|p2a: Mann|23/100 brn|[from] brn
|upkeep
|inactive|fiishing has 60 seconds left.
|
|t:|1758252133
|switch|p1a: Ogerpon|Ogerpon, F|100/100
|turn|5
|inactive|goobius caesar has 120 seconds left.
|
|t:|1758252157
|switch|p2a: TARS|Porygon2|100/100
|-ability|p2a: TARS|Download|boost
|-boost|p2a: TARS|atk|1
|move|p1a: Ogerpon|Ivy Cudgel|p2a: TARS
|-damage|p2a: TARS|68/100
|
|upkeep
|turn|6
|
|t:|1758252164
|move|p1a: Ogerpon|Knock Off|p2a: TARS
|-damage|p2a: TARS|48/100
|-enditem|p2a: TARS|Eviolite|[from] move: Knock Off|[of] p1a: Ogerpon
|move|p2a: TARS|Trick Room|p2a: TARS
|-fieldstart|move: Trick Room|[of] p2a: TARS
|
|upkeep
|turn|7
|
|t:|1758252173
|switch|p2a: CASE|Iron Hands|100/100
|-enditem|p2a: CASE|Booster Energy
|-activate|p2a: CASE|ability: Quark Drive|[fromitem]
|-start|p2a: CASE|quarkdriveatk
|move|p1a: Ogerpon|U-turn|p2a: CASE
|-resisted|p2a: CASE
|-damage|p2a: CASE|93/100
|
|t:|1758252178
|switch|p1a: Weezing|Weezing-Galar, F|100/100|[from] U-turn
|-ability|p1a: Weezing|Neutralizing Gas
|
|upkeep
|turn|8
|
|t:|1758252194
|move|p2a: CASE|Wild Charge|p1a: Weezing
|-damage|p1a: Weezing|65/100
|-damage|p2a: CASE|87/100|[from] Recoil
|move|p1a: Weezing|Sludge Bomb|p2a: CASE
|-damage|p2a: CASE|64/100
|
|-heal|p1a: Weezing|71/100|[from] item: Leftovers
|upkeep
|turn|9
|
|t:|1758252208
|-end|p2a: CASE|Quark Drive|[silent]
|switch|p2a: Saturn|Volcanion|92/100
|move|p1a: Weezing|Will-O-Wisp|p2a: Saturn
|-immune|p2a: Saturn
|
|-heal|p1a: Weezing|77/100|[from] item: Leftovers
|upkeep
|turn|10
|
|t:|1758252219
|-end|p1a: Weezing|ability: Neutralizing Gas
|switch|p1a: Alomomola|Alomomola, F|100/100
|move|p2a: Saturn|Sludge Bomb|p1a: Alomomola
|-damage|p1a: Alomomola|76/100
|
|-fieldend|move: Trick Room
|upkeep
|turn|11
|
|t:|1758252225
|move|p2a: Saturn|Sludge Bomb|p1a: Alomomola
|-damage|p1a: Alomomola|50/100
|move|p1a: Alomomola|Mirror Coat|p2a: Saturn
|-damage|p2a: Saturn|14/100
|
|upkeep
|turn|12
|inactive|fiishing has 120 seconds left.
|
|t:|1758252240
|switch|p2a: TARS|Porygon2|48/100
|-ability|p2a: TARS|Download|boost
|-boost|p2a: TARS|atk|1
|move|p1a: Alomomola|Body Slam|p2a: TARS
|-damage|p2a: TARS|33/100
|
|upkeep
|turn|13
|
|t:|1758252246
|move|p1a: Alomomola|Flip Turn|p2a: TARS
|-crit|p2a: TARS
|-damage|p2a: TARS|8/100
|inactive|fiishing has 120 seconds left.
|
|t:|1758252256
|switch|p1a: Ogerpon|Ogerpon, F|100/100|[from] Flip Turn
|move|p2a: TARS|Trick Room|p2a: TARS
|-fieldstart|move: Trick Room|[of] p2a: TARS
|
|upkeep
|turn|14
|
|t:|1758252260
|move|p2a: TARS|Ice Beam|p1a: Ogerpon
|-supereffective|p1a: Ogerpon
|-damage|p1a: Ogerpon|32/100
|move|p1a: Ogerpon|U-turn|p2a: TARS
|-damage|p2a: TARS|0 fnt
|faint|p2a: TARS
|
|t:|1758252268
|switch|p1a: Alomomola|Alomomola, F|83/100|[from] U-turn
|
|upkeep
|
|t:|1758252288
|switch|p2a: CASE|Iron Hands|64/100
|turn|15
|
|t:|1758252292
|switch|p1a: Weezing|Weezing-Galar, F|77/100
|-ability|p1a: Weezing|Neutralizing Gas
|move|p2a: CASE|Swords Dance|p2a: CASE
|-boost|p2a: CASE|atk|2
|
|-heal|p1a: Weezing|83/100|[from] item: Leftovers
|upkeep
|turn|16
|
|t:|1758252298
|move|p2a: CASE|Wild Charge|p1a: Weezing
|-damage|p1a: Weezing|8/100
|-damage|p2a: CASE|52/100|[from] Recoil
|move|p1a: Weezing|Will-O-Wisp|p2a: CASE
|-status|p2a: CASE|brn
|
|-heal|p1a: Weezing|14/100|[from] item: Leftovers
|-damage|p2a: CASE|46/100 brn|[from] brn
|upkeep
|turn|17
|
|t:|1758252307
|-end|p1a: Weezing|ability: Neutralizing Gas
|switch|p1a: Garchomp|Garchomp, F|100/100
|move|p2a: CASE|Wild Charge|p1a: Garchomp
|-immune|p1a: Garchomp
|
|-damage|p2a: CASE|39/100 brn|[from] brn
|-fieldend|move: Trick Room
|upkeep
|turn|18
|
|t:|1758252315
|-end|p2a: CASE|Quark Drive|[silent]
|switch|p2a: Miller|Cresselia, F, shiny|100/100
|move|p1a: Garchomp|Earthquake|p2a: Miller
|-immune|p2a: Miller|[from] ability: Levitate
|
|upkeep
|turn|19
|
|t:|1758252320
|move|p1a: Garchomp|Stealth Rock|p2a: Miller
|-sidestart|p2: goobius caesar|move: Stealth Rock
|move|p2a: Miller|Trick Room|p2a: Miller
|-fieldstart|move: Trick Room|[of] p2a: Miller
|
|upkeep
|turn|20
|
|t:|1758252337
|move|p2a: Miller|Moonblast|p1a: Garchomp
|-supereffective|p1a: Garchomp
|-damage|p1a: Garchomp|68/100
|move|p1a: Garchomp|Dragon Tail|p2a: Miller
|-crit|p2a: Miller
|-damage|p2a: Miller|80/100
|drag|p2a: Saturn|Volcanion|14/100
|-damage|p2a: Saturn|0 fnt|[from] Stealth Rock
|faint|p2a: Saturn
|
|upkeep
|
|t:|1758252349
|switch|p2a: Brand|Hatterene, F, shiny|100/100
|-damage|p2a: Brand|88/100|[from] Stealth Rock
|turn|21
|
|t:|1758252373
|switch|p1a: Alomomola|Alomomola, F|100/100
|move|p2a: Brand|Dazzling Gleam|p1a: Alomomola
|-damage|p1a: Alomomola|77/100
|
|upkeep
|turn|22
|
|t:|1758252381
|move|p2a: Brand|Psychic Noise|p1a: Alomomola
|-damage|p1a: Alomomola|53/100
|-start|p1a: Alomomola|move: Heal Block
|move|p1a: Alomomola|Mirror Coat|p2a: Brand
|-damage|p2a: Brand|9/100
|
|upkeep
|turn|23
|
|t:|1758252392
|move|p1a: Alomomola|Aqua Jet|p2a: Brand
|-damage|p2a: Brand|0 fnt
|faint|p2a: Brand
|
|-end|p1a: Alomomola|move: Heal Block
|-fieldend|move: Trick Room
|upkeep
|
|t:|1758252408
|switch|p2a: Miller|Cresselia, F, shiny|80/100
|-damage|p2a: Miller|67/100|[from] Stealth Rock
|turn|24
|
|t:|1758252420
|move|p1a: Alomomola|Flip Turn|p2a: Miller
|-damage|p2a: Miller|59/100
|
|t:|1758252422
|switch|p1a: Weezing|Weezing-Galar, F|14/100|[from] Flip Turn
|-ability|p1a: Weezing|Neutralizing Gas
|move|p2a: Miller|Trick Room|p2a: Miller
|-fieldstart|move: Trick Room|[of] p2a: Miller
|
|-heal|p1a: Weezing|20/100|[from] item: Leftovers
|upkeep
|turn|25
|
|t:|1758252430
|move|p2a: Miller|Psychic|p1a: Weezing
|-supereffective|p1a: Weezing
|-damage|p1a: Weezing|0 fnt
|faint|p1a: Weezing
|-end|p1a: Weezing|ability: Neutralizing Gas
|
|upkeep
|
|t:|1758252446
|switch|p1a: Alomomola|Alomomola, F|86/100
|turn|26
|
|t:|1758252471
|move|p1a: Alomomola|Flip Turn|p2a: Miller
|-damage|p2a: Miller|50/100
|
|t:|1758252479
|switch|p1a: Garchomp|Garchomp, F|68/100|[from] Flip Turn
|move|p2a: Miller|Lunar Dance|p2a: Miller
|faint|p2a: Miller
|
|upkeep
|
|t:|1758252488
|switch|p2a: CASE|Iron Hands|39/100 brn
|-heal|p2a: CASE|100/100|[from] move: Lunar Dance
|-damage|p2a: CASE|94/100|[from] Stealth Rock
|turn|27
|inactive|fiishing has 120 seconds left.
|inactive|fiishing has 90 seconds left.
|j| signed out
|
|t:|1758252553
|-terastallize|p1a: Garchomp|Ghost
|move|p2a: CASE|Ice Punch|p1a: Garchomp
|-damage|p1a: Garchomp|50/100
|-damage|p2a: CASE|82/100|[from] ability: Rough Skin|[of] p1a: Garchomp
|-damage|p2a: CASE|65/100|[from] item: Rocky Helmet|[of] p1a: Garchomp
|move|p1a: Garchomp|Dragon Tail|p2a: CASE|[miss]
|-miss|p1a: Garchomp|p2a: CASE
|
|upkeep
|turn|28
|inactive|fiishing has 90 seconds left.
|
|t:|1758252571
|move|p2a: CASE|Ice Punch|p1a: Garchomp
|-crit|p1a: Garchomp
|-damage|p1a: Garchomp|24/100
|-damage|p2a: CASE|53/100|[from] ability: Rough Skin|[of] p1a: Garchomp
|-damage|p2a: CASE|37/100|[from] item: Rocky Helmet|[of] p1a: Garchomp
|move|p1a: Garchomp|Earthquake|p2a: CASE
|-supereffective|p2a: CASE
|-damage|p2a: CASE|0 fnt
|faint|p2a: CASE
|-end|p2a: CASE|Quark Drive|[silent]
|
|-fieldend|move: Trick Room
|upkeep
|c|☆goobius caesar|gg
|-message|goobius caesar forfeited.
|
|win|fiishing
|n|☆fiishing|fiishing
|n|☆goobius caesar|goobiuscaesar
|n| glowingrobot|glowingrobot
|n| signed out|signedout
|c|☆fiishing|gg
|l|☆goobius caesar
|player|p2|
|l|☆fiishing
|player|p1|
|j| larplegion
