|j|☆shabbababaa
|j|☆IxAmxLegal
|t:|1758254974
|gametype|singles
|player|p1|shabbababaa|veteran|1140
|player|p2|IxAmxLegal|cynthia-gen4|1154
|gen|9
|tier|[Gen 9] OU
|rated|
|rule|HP Percentage Mod: HP is shown in percentages
|rule|Endless Battle Clause: Forcing endless battles is banned
|rule|Species Clause: Limit one of each Pokémon
|rule|OHKO Clause: OHKO moves are banned
|rule|Evasion Items Clause: Evasion items are banned
|rule|Evasion Moves Clause: Evasion moves are banned
|rule|Evasion Abilities Clause: Evasion abilities are banned
|rule|Sleep Moves Clause: Sleep-inducing moves are banned
|clearpoke
|poke|p1|Infernape, F|
|poke|p1|Salamence, M|
|poke|p1|Gliscor, M|
|poke|p1|Landorus-Therian, M|
|poke|p1|Metagross|
|poke|p1|Scizor, F|
|poke|p2|Dragapult, F|
|poke|p2|Landorus-Therian, M|
|poke|p2|Samurott-Hisui, M|
|poke|p2|Scizor, F|
|poke|p2|Gholdengo|
|poke|p2|Iron Treads|
|teampreview
|inactive|Battle timer is ON: inactive players will automatically lose when time's up. (requested by IxAmxLegal)
|
|t:|1758254986
|teamsize|p1|6
|teamsize|p2|6
|start
|switch|p1a: Metagross|Metagross|100/100
|switch|p2a: Scizor|Scizor, F, shiny|100/100
|turn|1
|
|t:|1758254992
|move|p2a: Scizor|U-turn|p1a: Metagross
|-damage|p1a: Metagross|58/100
|
|t:|1758254994
|switch|p2a: Samurott|Samurott-Hisui, M, shiny|100/100|[from] U-turn
|move|p1a: Metagross|Earthquake|p2a: Samurott
|-crit|p2a: Samurott
|-damage|p2a: Samurott|34/100
|
|upkeep
|turn|2
|
|t:|1758255008
|move|p1a: Metagross|Bullet Punch|p2a: Samurott
|-resisted|p2a: Samurott
|-damage|p2a: Samurott|20/100
|move|p2a: Samurott|Ceaseless Edge|p1a: Metagross
|-supereffective|p1a: Metagross
|-damage|p1a: Metagross|0 fnt
|-sidestart|p1: shabbababaa|Spikes
|faint|p1a: Metagross
|
|upkeep
|
|t:|1758255021
|switch|p1a: Salamence|Salamence, M|100/100
|turn|3
|
|t:|1758255026
|move|p1a: Salamence|Dragon Dance|p1a: Salamence
|-boost|p1a: Salamence|atk|1
|-boost|p1a: Salamence|spe|1
|move|p2a: Samurott|Ceaseless Edge|p1a: Salamence|[miss]
|-miss|p2a: Samurott|p1a: Salamence
|
|upkeep
|turn|4
|
|t:|1758255035
|switch|p2a: Landorus|Landorus-Therian, M, shiny|100/100
|-ability|p2a: Landorus|Intimidate|boost
|-unboost|p1a: Salamence|atk|1
|move|p1a: Salamence|Dragon Claw|p2a: Landorus
|-crit|p2a: Landorus
|-damage|p2a: Landorus|18/100
|-damage|p1a: Salamence|84/100|[from] item: Rocky Helmet|[of] p2a: Landorus
|-damage|p1a: Salamence|74/100|[from] item: Life Orb
|
|upkeep
|turn|5
|
|t:|1758255046
|move|p1a: Salamence|Dragon Claw|p2a: Landorus
|-damage|p2a: Landorus|0 fnt
|-damage|p1a: Salamence|57/100|[from] item: Rocky Helmet|[of] p2a: Landorus
|faint|p2a: Landorus
|-ability|p1a: Salamence|Moxie|boost
|-boost|p1a: Salamence|atk|1
|-damage|p1a: Salamence|47/100|[from] item: Life Orb
|
|upkeep
|
|t:|1758255053
|switch|p2a: Iron Treads|Iron Treads|100/100
|-enditem|p2a: Iron Treads|Booster Energy
|-activate|p2a: Iron Treads|ability: Quark Drive|[fromitem]
|-start|p2a: Iron Treads|quarkdrivespe
|turn|6
|
|t:|1758255067
|switch|p1a: Infernape|Infernape, F|100/100
|-damage|p1a: Infernape|88/100|[from] Spikes
|move|p2a: Iron Treads|Steel Beam|p1a: Infernape
|-resisted|p1a: Infernape
|-damage|p1a: Infernape|48/100
|-damage|p2a: Iron Treads|50/100|[from] steelbeam
|
|upkeep
|turn|7
|
|t:|1758255088
|move|p2a: Iron Treads|Earth Power|p1a: Infernape
|-supereffective|p1a: Infernape
|-damage|p1a: Infernape|0 fnt
|faint|p1a: Infernape
|
|upkeep
|
|t:|1758255095
|switch|p1a: Landorus|Landorus-Therian, M|100/100
|-ability|p1a: Landorus|Intimidate|boost
|-unboost|p2a: Iron Treads|atk|1
|turn|8
|
|t:|1758255109
|move|p2a: Iron Treads|Stealth Rock|p1a: Landorus
|-sidestart|p1: shabbababaa|move: Stealth Rock
|move|p1a: Landorus|Stone Edge|p2a: Iron Treads
|-resisted|p2a: Iron Treads
|-damage|p2a: Iron Treads|43/100
|
|upkeep
|turn|9
|
|t:|1758255118
|-end|p2a: Iron Treads|Quark Drive|[silent]
|switch|p2a: Samurott|Samurott-Hisui, M, shiny|20/100
|move|p1a: Landorus|Earthquake|p2a: Samurott
|-damage|p2a: Samurott|0 fnt
|faint|p2a: Samurott
|
|upkeep
|
|t:|1758255127
|switch|p2a: Dragapult|Dragapult, F, shiny|100/100
|turn|10
|
|t:|1758255134
|switch|p1a: Scizor|Scizor, F|100/100
|-damage|p1a: Scizor|88/100|[from] Spikes
|-damage|p1a: Scizor|76/100|[from] Stealth Rock
|move|p2a: Dragapult|Will-O-Wisp|p1a: Scizor
|-status|p1a: Scizor|brn
|
|-damage|p1a: Scizor|70/100 brn|[from] brn
|upkeep
|turn|11
|
|t:|1758255152
|move|p2a: Dragapult|Hex|p1a: Scizor
|-damage|p1a: Scizor|5/100 brn
|move|p1a: Scizor|Defog|p2a: Dragapult
|-unboost|p2a: Dragapult|evasion|1
|-sideend|p1: shabbababaa|Spikes|[from] move: Defog|[of] p1a: Scizor
|-sideend|p1: shabbababaa|Stealth Rock|[from] move: Defog|[of] p1a: Scizor
|
|-damage|p1a: Scizor|0 fnt|[from] brn
|faint|p1a: Scizor
|upkeep
|
|t:|1758255165
|switch|p1a: Salamence|Salamence, M|47/100
|turn|12
|
|t:|1758255184
|-terastallize|p1a: Salamence|Flying
|move|p2a: Dragapult|Dragon Darts|p1a: Salamence
|-damage|p1a: Salamence|23/100
|-anim|p2a: Dragapult|Dragon Darts|p1a: Salamence
|-damage|p1a: Salamence|0 fnt
|faint|p1a: Salamence
|
|upkeep
|
|t:|1758255191
|switch|p1a: Landorus|Landorus-Therian, M|100/100
|-ability|p1a: Landorus|Intimidate|boost
|-unboost|p2a: Dragapult|atk|1
|turn|13
|
|t:|1758255198
|move|p2a: Dragapult|Will-O-Wisp|p1a: Landorus
|-status|p1a: Landorus|brn
|move|p1a: Landorus|Stone Edge|p2a: Dragapult
|-damage|p2a: Dragapult|73/100
|
|-damage|p1a: Landorus|95/100 brn|[from] brn
|upkeep
|turn|14
|
|t:|1758255211
|switch|p1a: Gliscor|Gliscor, M|100/100
|move|p2a: Dragapult|Hex|p1a: Gliscor
|-damage|p1a: Gliscor|63/100
|
|-status|p1a: Gliscor|tox|[from] item: Toxic Orb
|upkeep
|turn|15
|
|t:|1758255219
|move|p1a: Gliscor|Protect|p1a: Gliscor
|-singleturn|p1a: Gliscor|Protect
|move|p2a: Dragapult|Hex|p1a: Gliscor
|-activate|p1a: Gliscor|move: Protect
|
|-heal|p1a: Gliscor|76/100 tox|[from] ability: Poison Heal
|upkeep
|turn|16
|
|t:|1758255230
|move|p2a: Dragapult|Hex|p1a: Gliscor
|-damage|p1a: Gliscor|2/100 tox
|move|p1a: Gliscor|Earthquake|p2a: Dragapult
|-damage|p2a: Dragapult|19/100
|
|-heal|p1a: Gliscor|14/100 tox|[from] ability: Poison Heal
|upkeep
|turn|17
|
|t:|1758255241
|move|p1a: Gliscor|Protect|p1a: Gliscor
|-singleturn|p1a: Gliscor|Protect
|move|p2a: Dragapult|Hex|p1a: Gliscor
|-activate|p1a: Gliscor|move: Protect
|
|-heal|p1a: Gliscor|27/100 tox|[from] ability: Poison Heal
|upkeep
|turn|18
|
|t:|1758255249
|move|p2a: Dragapult|Hex|p1a: Gliscor
|-damage|p1a: Gliscor|0 fnt
|faint|p1a: Gliscor
|
|upkeep
|
|t:|1758255253
|switch|p1a: Landorus|Landorus-Therian, M|95/100 brn
|-ability|p1a: Landorus|Intimidate|boost
|-unboost|p2a: Dragapult|atk|1
|turn|19
|
|t:|1758255259
|move|p2a: Dragapult|Hex|p1a: Landorus
|-damage|p1a: Landorus|24/100 brn
|move|p1a: Landorus|Earthquake|p2a: Dragapult
|-damage|p2a: Dragapult|0 fnt
|faint|p2a: Dragapult
|
|-damage|p1a: Landorus|18/100 brn|[from] brn
|upkeep
|
|t:|1758255262
|switch|p2a: Scizor|Scizor, F, shiny|100/100
|turn|20
|
|t:|1758255269
|move|p2a: Scizor|Bullet Punch|p1a: Landorus
|-damage|p1a: Landorus|0 fnt
|-damage|p2a: Scizor|84/100|[from] item: Rocky Helmet|[of] p1a: Landorus
|faint|p1a: Landorus
|
|win|IxAmxLegal
|raw|shabbababaa's rating: 1140 &rarr; <strong>1116</strong><br />(-24 for losing)
|raw|IxAmxLegal's rating: 1154 &rarr; <strong>1178</strong><br />(+24 for winning)
|l|☆IxAmxLegal
|player|p2|
|l|☆shabbababaa
|player|p1|
