|j|☆chaintrainalt
|j|☆ensyde
|t:|1758341287
|gametype|singles
|player|p1|chaintrainalt|cyclistf|1252
|player|p2|ensyde|burglar|1273
|gen|9
|tier|[Gen 9] OU
|rated|
|rule|HP Percentage Mod: HP is shown in percentages
|rule|Endless Battle Clause: Forcing endless battles is banned
|rule|Species Clause: Limit one of each Pokémon
|rule|OHKO Clause: OHKO moves are banned
|rule|Evasion Items Clause: Evasion items are banned
|rule|Evasion Moves Clause: Evasion moves are banned
|rule|Evasion Abilities Clause: Evasion abilities are banned
|rule|Sleep Moves Clause: Sleep-inducing moves are banned
|clearpoke
|poke|p1|Ribombee, M|
|poke|p1|Iron Moth|
|poke|p1|Gholdengo|
|poke|p1|Latios, M|
|poke|p1|Garchomp, F|
|poke|p1|Iron Valiant|
|poke|p2|Ting-Lu|
|poke|p2|Glimmora, M|
|poke|p2|Dragonite, M|
|poke|p2|Iron Moth|
|poke|p2|Zamazenta-*|
|poke|p2|Scizor, M|
|teampreview
|inactive|Battle timer is ON: inactive players will automatically lose when time's up. (requested by ensyde)
|inactive|chaintrainalt also wants the timer to be on.
|
|t:|1758341300
|teamsize|p1|6
|teamsize|p2|6
|start
|switch|p1a: Latios|Latios, M|100/100
|switch|p2a: litter|Glimmora, M, shiny|100/100
|turn|1
|
|t:|1758341305
|move|p1a: Latios|Calm Mind|p1a: Latios
|-boost|p1a: Latios|spa|1
|-boost|p1a: Latios|spd|1
|move|p2a: litter|Toxic|p1a: Latios
|-status|p1a: Latios|tox
|
|-damage|p1a: Latios|95/100 tox|[from] psn
|upkeep
|turn|2
|
|t:|1758341312
|move|p1a: Latios|Luster Purge|p2a: litter
|-supereffective|p2a: litter
|-enditem|p2a: litter|Focus Sash
|-damage|p2a: litter|1/100
|-unboost|p2a: litter|spd|1
|move|p2a: litter|Sludge Bomb|p1a: Latios
|-damage|p1a: Latios|62/100 tox
|
|-damage|p1a: Latios|50/100 tox|[from] psn
|upkeep
|turn|3
|
|t:|1758341322
|switch|p2a: silence|Ting-Lu|100/100
|-ability|p2a: silence|Vessel of Ruin
|move|p1a: Latios|Aura Sphere|p2a: silence
|-supereffective|p2a: silence
|-crit|p2a: silence
|-damage|p2a: silence|17/100
|
|-heal|p2a: silence|23/100|[from] item: Leftovers
|-damage|p1a: Latios|32/100 tox|[from] psn
|upkeep
|turn|4
|c|☆ensyde|ting ting ting
|c|☆ensyde|lu lu lu
|
|t:|1758341334
|switch|p2a: litter|Glimmora, M, shiny|1/100
|move|p1a: Latios|Aura Sphere|p2a: litter
|-damage|p2a: litter|0 fnt
|faint|p2a: litter
|
|-damage|p1a: Latios|8/100 tox|[from] psn
|upkeep
|
|t:|1758341348
|switch|p2a: requiem|Zamazenta, shiny|100/100
|-ability|p2a: requiem|Dauntless Shield|boost
|-boost|p2a: requiem|def|1
|turn|5
|
|t:|1758341351
|switch|p2a: silence|Ting-Lu|23/100
|-ability|p2a: silence|Vessel of Ruin
|move|p1a: Latios|Luster Purge|p2a: silence
|-immune|p2a: silence
|
|-heal|p2a: silence|29/100|[from] item: Leftovers
|-damage|p1a: Latios|0 fnt|[from] psn
|faint|p1a: Latios
|upkeep
|
|t:|1758341363
|switch|p1a: Ribombee|Ribombee, M|100/100
|turn|6
|
|t:|1758341367
|move|p1a: Ribombee|Sticky Web|p2a: silence
|-sidestart|p2: ensyde|move: Sticky Web
|move|p2a: silence|Memento|p1a: Ribombee
|-unboost|p1a: Ribombee|atk|2
|-unboost|p1a: Ribombee|spa|2
|faint|p2a: silence
|
|upkeep
|
|t:|1758341375
|switch|p2a: kindness|Dragonite, M, shiny|100/100
|turn|7
|
|t:|1758341382
|move|p1a: Ribombee|Stun Spore|p2a: kindness|[miss]
|-miss|p1a: Ribombee|p2a: kindness
|move|p2a: kindness|Dragon Dance|p2a: kindness
|-boost|p2a: kindness|atk|1
|-boost|p2a: kindness|spe|1
|
|upkeep
|turn|8
|
|t:|1758341389
|move|p2a: kindness|Dragon Dance|p2a: kindness
|-boost|p2a: kindness|atk|1
|-boost|p2a: kindness|spe|1
|move|p1a: Ribombee|Stun Spore|p2a: kindness
|-status|p2a: kindness|par
|
|upkeep
|turn|9
|
|t:|1758341396
|move|p1a: Ribombee|Moonblast|p2a: kindness
|-supereffective|p2a: kindness
|-damage|p2a: kindness|78/100 par
|move|p2a: kindness|Encore|p1a: Ribombee
|-start|p1a: Ribombee|Encore
|
|upkeep
|turn|10
|
|t:|1758341406
|-terastallize|p1a: Ribombee|Ghost
|-terastallize|p2a: kindness|Normal
|move|p2a: kindness|Extreme Speed|p1a: Ribombee
|-immune|p1a: Ribombee
|move|p1a: Ribombee|Moonblast|p2a: kindness
|-damage|p2a: kindness|55/100 par
|
|upkeep
|turn|11
|
|t:|1758341414
|move|p1a: Ribombee|Moonblast|p2a: kindness
|-damage|p2a: kindness|35/100 par
|move|p2a: kindness|Earthquake|p1a: Ribombee
|-enditem|p1a: Ribombee|Focus Sash
|-damage|p1a: Ribombee|1/100
|-damage|p2a: kindness|25/100 par|[from] item: Life Orb
|
|upkeep
|turn|12
|l|☆ensyde
|inactive|ensyde disconnected and has a minute to reconnect!
|player|p2|
|
|t:|1758341422
|move|p1a: Ribombee|Moonblast|p2a: kindness
|-damage|p2a: kindness|2/100 par
|-unboost|p2a: kindness|spa|1
|move|p2a: kindness|Earthquake|p1a: Ribombee
|-damage|p1a: Ribombee|0 fnt
|faint|p1a: Ribombee
|-damage|p2a: kindness|0 fnt|[from] item: Life Orb
|faint|p2a: kindness
|
|upkeep
|j|☆ensyde
|inactive|ensyde reconnected and has 150 seconds left.
|player|p2|ensyde|burglar|
|inactive|ensyde has 120 seconds left.
|
|t:|1758341454
|switch|p1a: Iron Moth|Iron Moth|100/100
|switch|p2a: wrath|Iron Moth, shiny|100/100
|-activate|p2a: wrath|move: Sticky Web
|-unboost|p2a: wrath|spe|1
|-enditem|p2a: wrath|Booster Energy
|-activate|p2a: wrath|ability: Quark Drive|[fromitem]
|-start|p2a: wrath|quarkdrivespa
|-enditem|p1a: Iron Moth|Booster Energy
|-activate|p1a: Iron Moth|ability: Quark Drive|[fromitem]
|-start|p1a: Iron Moth|quarkdrivespa
|turn|13
|
|t:|1758341473
|move|p1a: Iron Moth|Sludge Wave|p2a: wrath
|-resisted|p2a: wrath
|-damage|p2a: wrath|60/100
|move|p2a: wrath|Fiery Dance|p1a: Iron Moth
|-resisted|p1a: Iron Moth
|-damage|p1a: Iron Moth|73/100
|-boost|p2a: wrath|spa|1
|
|upkeep
|turn|14
|inactive|ensyde has 120 seconds left.
|
|t:|1758341500
|move|p1a: Iron Moth|Sludge Wave|p2a: wrath
|-resisted|p2a: wrath
|-damage|p2a: wrath|20/100
|move|p2a: wrath|Sludge Wave|p1a: Iron Moth
|-resisted|p1a: Iron Moth
|-damage|p1a: Iron Moth|21/100
|
|upkeep
|turn|15
|
|t:|1758341509
|move|p1a: Iron Moth|Fiery Dance|p2a: wrath
|-resisted|p2a: wrath
|-damage|p2a: wrath|0 fnt
|faint|p2a: wrath
|-end|p2a: wrath|Quark Drive|[silent]
|
|upkeep
|
|t:|1758341511
|switch|p2a: envy|Scizor, M, shiny|100/100
|-activate|p2a: envy|move: Sticky Web
|-unboost|p2a: envy|spe|1
|turn|16
|
|t:|1758341516
|move|p2a: envy|Bullet Punch|p1a: Iron Moth
|-resisted|p1a: Iron Moth
|-damage|p1a: Iron Moth|0 fnt
|faint|p1a: Iron Moth
|-end|p1a: Iron Moth|Quark Drive|[silent]
|
|upkeep
|
|t:|1758341522
|switch|p1a: Gholdengo|Gholdengo|100/100
|-item|p1a: Gholdengo|Air Balloon
|turn|17
|
|t:|1758341532
|move|p1a: Gholdengo|Shadow Ball|p2a: envy
|-damage|p2a: envy|40/100
|move|p2a: envy|Swords Dance|p2a: envy
|-boost|p2a: envy|atk|2
|
|-heal|p2a: envy|46/100|[from] item: Leftovers
|upkeep
|turn|18
|
|t:|1758341539
|move|p2a: envy|Bullet Punch|p1a: Gholdengo
|-resisted|p1a: Gholdengo
|-damage|p1a: Gholdengo|59/100
|-enditem|p1a: Gholdengo|Air Balloon
|move|p1a: Gholdengo|Shadow Ball|p2a: envy
|-damage|p2a: envy|0 fnt
|faint|p2a: envy
|
|upkeep
|
|t:|1758341543
|switch|p2a: requiem|Zamazenta, shiny|100/100
|-activate|p2a: requiem|move: Sticky Web
|-unboost|p2a: requiem|spe|1
|turn|19
|
|t:|1758341550
|move|p1a: Gholdengo|Make It Rain|p2a: requiem
|-damage|p2a: requiem|49/100
|-unboost|p1a: Gholdengo|spa|1
|move|p2a: requiem|Roar|p1a: Gholdengo
|-immune|p1a: Gholdengo|[from] ability: Good as Gold
|
|-heal|p2a: requiem|55/100|[from] item: Leftovers
|upkeep
|turn|20
|-message|ensyde forfeited.
|
|win|chaintrainalt
|raw|chaintrainalt's rating: 1228 &rarr; <strong>1256</strong><br />(+28 for winning)
|raw|ensyde's rating: 1273 &rarr; <strong>1245</strong><br />(-28 for losing)
|l|☆ensyde
|player|p2|
|l|☆chaintrainalt
|player|p1|
