|j|☆hey dad just
|j|☆I will eat another
|t:|1758363252
|gametype|singles
|player|p1|hey dad just|265|1371
|player|p2|I will eat another|plasmagrunt|1326
|gen|9
|tier|[Gen 9] OU
|rated|
|rule|HP Percentage Mod: HP is shown in percentages
|rule|Endless Battle Clause: Forcing endless battles is banned
|rule|Species Clause: Limit one of each Pokémon
|rule|OHKO Clause: OHKO moves are banned
|rule|Evasion Items Clause: Evasion items are banned
|rule|Evasion Moves Clause: Evasion moves are banned
|rule|Evasion Abilities Clause: Evasion abilities are banned
|rule|Sleep Moves Clause: Sleep-inducing moves are banned
|clearpoke
|poke|p1|Samurott-Hisui, M|
|poke|p1|Dragapult, M|
|poke|p1|Kingambit, F|
|poke|p1|Gholdengo|
|poke|p1|Darkrai|
|poke|p1|Dragonite, M|
|poke|p2|Breloom, M|
|poke|p2|Swinub, M|
|poke|p2|Iron Crown|
|poke|p2|Glimmora, M|
|poke|p2|Talonflame, M|
|poke|p2|Greninja-*, F|
|teampreview
|inactive|Battle timer is ON: inactive players will automatically lose when time's up. (requested by I will eat another)
|
|t:|1758363269
|teamsize|p1|6
|teamsize|p2|6
|start
|switch|p1a: Samurott|Samurott-Hisui, M|100/100
|switch|p2a: Kapilz|Breloom, M|100/100
|turn|1
|
|t:|1758363275
|move|p1a: Samurott|Ceaseless Edge|p2a: Kapilz
|-resisted|p2a: Kapilz
|-damage|p2a: Kapilz|65/100
|-sidestart|p2: I will eat another|Spikes
|move|p2a: Kapilz|Bullet Seed|p1a: Samurott
|-supereffective|p1a: Samurott
|-crit|p1a: Samurott
|-damage|p1a: Samurott|12/100
|-supereffective|p1a: Samurott
|-damage|p1a: Samurott|0 fnt
|faint|p1a: Samurott
|-hitcount|p1: Samurott|2
|-damage|p2a: Kapilz|55/100|[from] item: Life Orb
|
|upkeep
|
|t:|1758363281
|switch|p1a: Dragapult|Dragapult, M|100/100
|turn|2
|
|t:|1758363291
|switch|p2a: Fiaro|Talonflame, M|100/100
|move|p1a: Dragapult|Dragon Darts|p2a: Fiaro
|-damage|p2a: Fiaro|82/100
|-anim|p1a: Dragapult|Dragon Darts|p2a: Fiaro
|-damage|p2a: Fiaro|63/100
|
|upkeep
|turn|3
|
|t:|1758363306
|move|p1a: Dragapult|Dragon Darts|p2a: Fiaro
|-damage|p2a: Fiaro|44/100
|-anim|p1a: Dragapult|Dragon Darts|p2a: Fiaro
|-damage|p2a: Fiaro|24/100
|move|p2a: Fiaro|Will-O-Wisp|p1a: Dragapult
|-status|p1a: Dragapult|brn
|
|-damage|p1a: Dragapult|95/100 brn|[from] brn
|upkeep
|turn|4
|
|t:|1758363316
|move|p1a: Dragapult|Hex|p2a: Fiaro
|-damage|p2a: Fiaro|0 fnt
|faint|p2a: Fiaro
|
|-damage|p1a: Dragapult|89/100 brn|[from] brn
|upkeep
|
|t:|1758363322
|switch|p2a: Eisenkrone|Iron Crown|100/100
|-damage|p2a: Eisenkrone|88/100|[from] Spikes
|-enditem|p2a: Eisenkrone|Booster Energy
|-activate|p2a: Eisenkrone|ability: Quark Drive|[fromitem]
|-start|p2a: Eisenkrone|quarkdrivespe
|turn|5
|
|t:|1758363334
|move|p2a: Eisenkrone|Tachyon Cutter|p1a: Dragapult
|-damage|p1a: Dragapult|53/100 brn
|-damage|p1a: Dragapult|18/100 brn
|-hitcount|p1a: Dragapult|2
|move|p1a: Dragapult|Hex|p2a: Eisenkrone
|-supereffective|p2a: Eisenkrone
|-damage|p2a: Eisenkrone|42/100
|
|-damage|p1a: Dragapult|12/100 brn|[from] brn
|upkeep
|turn|6
|
|t:|1758363344
|move|p2a: Eisenkrone|Tachyon Cutter|p1a: Dragapult
|-damage|p1a: Dragapult|0 fnt
|faint|p1a: Dragapult
|-hitcount|p1: Dragapult|1
|
|upkeep
|
|t:|1758363352
|switch|p1a: Darkrai|Darkrai|100/100
|turn|7
|
|t:|1758363355
|move|p2a: Eisenkrone|Focus Blast|p1a: Darkrai
|-supereffective|p1a: Darkrai
|-damage|p1a: Darkrai|0 fnt
|faint|p1a: Darkrai
|
|upkeep
|
|t:|1758363362
|switch|p1a: Gholdengo|Gholdengo|100/100
|-item|p1a: Gholdengo|Air Balloon
|turn|8
|
|t:|1758363371
|move|p2a: Eisenkrone|Psyshock|p1a: Gholdengo
|-resisted|p1a: Gholdengo
|-damage|p1a: Gholdengo|87/100
|-enditem|p1a: Gholdengo|Air Balloon
|move|p1a: Gholdengo|Shadow Ball|p2a: Eisenkrone
|-supereffective|p2a: Eisenkrone
|-damage|p2a: Eisenkrone|0 fnt
|faint|p2a: Eisenkrone
|-end|p2a: Eisenkrone|Quark Drive|[silent]
|
|upkeep
|
|t:|1758363382
|switch|p2a: Quajutsu|Greninja, F|100/100
|-damage|p2a: Quajutsu|88/100|[from] Spikes
|turn|9
|
|t:|1758363397
|switch|p1a: Dragonite|Dragonite, M|100/100
|move|p2a: Quajutsu|Dark Pulse|p1a: Dragonite
|-start|p2a: Quajutsu|typechange|Dark|[from] ability: Protean
|-damage|p1a: Dragonite|72/100
|
|upkeep
|turn|10
|
|t:|1758363405
|-terastallize|p1a: Dragonite|Normal
|move|p2a: Quajutsu|Dark Pulse|p1a: Dragonite
|-damage|p1a: Dragonite|11/100
|move|p1a: Dragonite|Dragon Dance|p1a: Dragonite
|-boost|p1a: Dragonite|atk|1
|-boost|p1a: Dragonite|spe|1
|
|upkeep
|turn|11
|
|t:|1758363413
|move|p1a: Dragonite|Extreme Speed|p2a: Quajutsu
|-damage|p2a: Quajutsu|0 fnt
|faint|p2a: Quajutsu
|
|upkeep
|
|t:|1758363419
|switch|p2a: Quiekel|Swinub, M|100/100
|-damage|p2a: Quiekel|88/100|[from] Spikes
|turn|12
|
|t:|1758363426
|move|p1a: Dragonite|Extreme Speed|p2a: Quiekel
|-damage|p2a: Quiekel|0 fnt
|faint|p2a: Quiekel
|
|upkeep
|
|t:|1758363430
|switch|p2a: Lumiflora|Glimmora, M|100/100
|-damage|p2a: Lumiflora|88/100|[from] Spikes
|turn|13
|
|t:|1758363434
|move|p1a: Dragonite|Earthquake|p2a: Lumiflora
|-supereffective|p2a: Lumiflora
|-damage|p2a: Lumiflora|0 fnt
|-activate|p2a: Lumiflora|ability: Toxic Debris
|-sidestart|p1: hey dad just|move: Toxic Spikes
|faint|p2a: Lumiflora
|
|upkeep
|
|t:|1758363442
|switch|p2a: Kapilz|Breloom, M|55/100
|-damage|p2a: Kapilz|43/100|[from] Spikes
|turn|14
|
|t:|1758363447
|move|p1a: Dragonite|Extreme Speed|p2a: Kapilz
|-damage|p2a: Kapilz|0 fnt
|faint|p2a: Kapilz
|
|win|hey dad just
|raw|hey dad just's rating: 1371 &rarr; <strong>1388</strong><br />(+17 for winning)
|raw|I will eat another's rating: 1326 &rarr; <strong>1309</strong><br />(-17 for losing)
|l|☆I will eat another
|player|p2|
|l|☆hey dad just
|player|p1|
