|j|☆Trumpismessiah
|j|☆Used2BeAgent
|t:|1758308777
|gametype|singles
|player|p1|Trumpismessiah|265|1446
|player|p2|Used2BeAgent|swimmerf-gen4|1486
|gen|9
|tier|[Gen 9] OU
|rated|
|rule|HP Percentage Mod: HP is shown in percentages
|rule|Endless Battle Clause: Forcing endless battles is banned
|rule|Species Clause: Limit one of each Pokémon
|rule|OHKO Clause: OHKO moves are banned
|rule|Evasion Items Clause: Evasion items are banned
|rule|Evasion Moves Clause: Evasion moves are banned
|rule|Evasion Abilities Clause: Evasion abilities are banned
|rule|Sleep Moves Clause: Sleep-inducing moves are banned
|clearpoke
|poke|p1|Necrozma|
|poke|p1|Oricorio, F|
|poke|p1|Dondozo, M|
|poke|p1|Ambipom, M|
|poke|p1|Revavroom, F|
|poke|p1|Comfey, F|
|poke|p2|Samurott-Hisui, F|
|poke|p2|Zapdos|
|poke|p2|Rillaboom, M|
|poke|p2|Heatran, F|
|poke|p2|Fezandipiti, M|
|poke|p2|Great Tusk|
|teampreview
|inactive|Battle timer is ON: inactive players will automatically lose when time's up. (requested by Used2BeAgent)
|
|t:|1758308803
|teamsize|p1|6
|teamsize|p2|6
|start
|switch|p1a: Ambipom|Ambipom, M|100/100
|switch|p2a: Samurott|Samurott-Hisui, F, shiny|100/100
|turn|1
|
|t:|1758308806
|switch|p2a: Zapdos|Zapdos|100/100
|move|p1a: Ambipom|Fake Out|p2a: Zapdos
|-damage|p2a: Zapdos|83/100
|
|upkeep
|turn|2
|
|t:|1758308811
|move|p1a: Ambipom|Triple Axel|p2a: Zapdos
|-supereffective|p2a: Zapdos
|-damage|p2a: Zapdos|68/100
|-status|p1a: Ambipom|par|[from] ability: Static|[of] p2a: Zapdos
|-supereffective|p2a: Zapdos
|-crit|p2a: Zapdos
|-damage|p2a: Zapdos|21/100
|-supereffective|p2a: Zapdos
|-crit|p2a: Zapdos
|-damage|p2a: Zapdos|0 fnt
|faint|p2a: Zapdos
|-hitcount|p2: Zapdos|3
|
|upkeep
|
|t:|1758308821
|switch|p2a: Samurott|Samurott-Hisui, F, shiny|100/100
|turn|3
|
|t:|1758308823
|move|p2a: Samurott|Ceaseless Edge|p1a: Ambipom
|-damage|p1a: Ambipom|0 fnt
|-sidestart|p1: Trumpismessiah|Spikes
|faint|p1a: Ambipom
|
|upkeep
|
|t:|1758308830
|switch|p1a: Revavroom|Revavroom, F|100/100
|-damage|p1a: Revavroom|88/100|[from] Spikes
|turn|4
|
|t:|1758308836
|move|p1a: Revavroom|Shift Gear|p1a: Revavroom
|-boost|p1a: Revavroom|spe|2
|-boost|p1a: Revavroom|atk|1
|move|p2a: Samurott|Ceaseless Edge|p1a: Revavroom
|-damage|p1a: Revavroom|0 fnt
|-sidestart|p1: Trumpismessiah|Spikes
|faint|p1a: Revavroom
|
|upkeep
|
|t:|1758308851
|switch|p1a: Comfey|Comfey, F|100/100
|-damage|p1a: Comfey|84/100|[from] Spikes
|turn|5
|
|t:|1758308854
|switch|p2a: Fezandipiti|Fezandipiti, M|100/100
|move|p1a: Comfey|Calm Mind|p1a: Comfey
|-boost|p1a: Comfey|spa|1
|-boost|p1a: Comfey|spd|1
|
|upkeep
|turn|6
|
|t:|1758308857
|move|p2a: Fezandipiti|U-turn|p1a: Comfey
|-resisted|p1a: Comfey
|-damage|p1a: Comfey|76/100
|-status|p1a: Comfey|tox|[from] ability: Toxic Chain|[of] p2a: Fezandipiti
|
|t:|1758308860
|switch|p2a: Heatran|Heatran, F, shiny|100/100|[from] U-turn
|move|p1a: Comfey|Stored Power|p2a: Heatran
|-resisted|p2a: Heatran
|-damage|p2a: Heatran|89/100
|-damage|p1a: Comfey|66/100 tox|[from] item: Life Orb
|
|-heal|p2a: Heatran|95/100|[from] item: Leftovers
|-damage|p1a: Comfey|60/100 tox|[from] psn
|upkeep
|turn|7
|
|t:|1758308864
|switch|p2a: Fezandipiti|Fezandipiti, M|100/100
|move|p1a: Comfey|Calm Mind|p1a: Comfey
|-boost|p1a: Comfey|spa|1
|-boost|p1a: Comfey|spd|1
|
|-damage|p1a: Comfey|47/100 tox|[from] psn
|upkeep
|turn|8
|
|t:|1758308871
|move|p1a: Comfey|Draining Kiss|p2a: Fezandipiti
|-resisted|p2a: Fezandipiti
|-damage|p2a: Fezandipiti|90/100
|-heal|p1a: Comfey|57/100 tox|[from] drain|[of] p2a: Fezandipiti
|-damage|p1a: Comfey|47/100 tox|[from] item: Life Orb
|move|p2a: Fezandipiti|U-turn|p1a: Comfey
|-resisted|p1a: Comfey
|-crit|p1a: Comfey
|-damage|p1a: Comfey|35/100 tox
|
|t:|1758308876
|switch|p2a: Heatran|Heatran, F, shiny|95/100|[from] U-turn
|
|-heal|p2a: Heatran|100/100|[from] item: Leftovers
|-damage|p1a: Comfey|16/100 tox|[from] psn
|upkeep
|turn|9
|
|t:|1758308881
|move|p2a: Heatran|Protect|p2a: Heatran
|-singleturn|p2a: Heatran|Protect
|move|p1a: Comfey|Stored Power|p2a: Heatran
|-activate|p2a: Heatran|move: Protect
|
|-damage|p1a: Comfey|0 fnt|[from] psn
|faint|p1a: Comfey
|upkeep
|
|t:|1758308883
|switch|p1a: Oricorio|Oricorio, F|100/100
|turn|10
|
|t:|1758308886
|move|p1a: Oricorio|Quiver Dance|p1a: Oricorio
|-boost|p1a: Oricorio|spa|1
|-boost|p1a: Oricorio|spd|1
|-boost|p1a: Oricorio|spe|1
|move|p2a: Heatran|Taunt|p1a: Oricorio
|-start|p1a: Oricorio|move: Taunt
|
|upkeep
|turn|11
|
|t:|1758308891
|move|p1a: Oricorio|Air Slash|p2a: Heatran
|-resisted|p2a: Heatran
|-damage|p2a: Heatran|82/100
|move|p2a: Heatran|Magma Storm|p1a: Oricorio|[miss]
|-miss|p2a: Heatran|p1a: Oricorio
|
|-heal|p2a: Heatran|88/100|[from] item: Leftovers
|upkeep
|turn|12
|
|t:|1758308895
|move|p1a: Oricorio|Air Slash|p2a: Heatran
|-resisted|p2a: Heatran
|-damage|p2a: Heatran|70/100
|cant|p2a: Heatran|flinch
|
|-heal|p2a: Heatran|76/100|[from] item: Leftovers
|upkeep
|turn|13
|
|t:|1758308899
|move|p1a: Oricorio|Air Slash|p2a: Heatran
|-resisted|p2a: Heatran
|-damage|p2a: Heatran|59/100
|move|p2a: Heatran|Magma Storm|p1a: Oricorio
|-resisted|p1a: Oricorio
|-damage|p1a: Oricorio|76/100
|-activate|p1a: Oricorio|move: Magma Storm|[of] p2a: Heatran
|
|-heal|p2a: Heatran|65/100|[from] item: Leftovers
|-damage|p1a: Oricorio|64/100|[from] move: Magma Storm|[partiallytrapped]
|-end|p1a: Oricorio|move: Taunt
|upkeep
|turn|14
|
|t:|1758308905
|move|p1a: Oricorio|Substitute|p1a: Oricorio
|-start|p1a: Oricorio|Substitute
|-end|p1a: Oricorio|Magma Storm|[partiallytrapped]|[silent]
|-damage|p1a: Oricorio|39/100
|move|p2a: Heatran|Taunt|p1a: Oricorio
|-start|p1a: Oricorio|move: Taunt
|
|-heal|p2a: Heatran|72/100|[from] item: Leftovers
|upkeep
|turn|15
|
|t:|1758308911
|-terastallize|p1a: Oricorio|Ground
|move|p1a: Oricorio|Revelation Dance|p2a: Heatran
|-supereffective|p2a: Heatran
|-crit|p2a: Heatran
|-damage|p2a: Heatran|0 fnt
|faint|p2a: Heatran
|
|upkeep
|
|t:|1758308922
|switch|p2a: Samurott|Samurott-Hisui, F, shiny|100/100
|turn|16
|
|t:|1758308924
|move|p2a: Samurott|Aqua Jet|p1a: Oricorio
|-supereffective|p1a: Oricorio
|-crit|p1a: Oricorio
|-end|p1a: Oricorio|Substitute
|move|p1a: Oricorio|Air Slash|p2a: Samurott
|-damage|p2a: Samurott|24/100
|
|upkeep
|turn|17
|
|t:|1758308928
|move|p2a: Samurott|Aqua Jet|p1a: Oricorio
|-supereffective|p1a: Oricorio
|-damage|p1a: Oricorio|0 fnt
|faint|p1a: Oricorio
|
|upkeep
|
|t:|1758308929
|switch|p1a: Necrozma|Necrozma|100/100
|-damage|p1a: Necrozma|84/100|[from] Spikes
|turn|18
|
|t:|1758308933
|move|p2a: Samurott|Aqua Jet|p1a: Necrozma
|-damage|p1a: Necrozma|53/100
|move|p1a: Necrozma|Dragon Dance|p1a: Necrozma
|-boost|p1a: Necrozma|atk|1
|-boost|p1a: Necrozma|spe|1
|
|upkeep
|turn|19
|
|t:|1758308935
|move|p2a: Samurott|Aqua Jet|p1a: Necrozma
|-damage|p1a: Necrozma|20/100
|move|p1a: Necrozma|Knock Off|p2a: Samurott
|-resisted|p2a: Samurott
|-damage|p2a: Samurott|0 fnt
|-enditem|p2a: Samurott|Choice Band|[from] move: Knock Off|[of] p1a: Necrozma
|faint|p2a: Samurott
|
|upkeep
|
|t:|1758308936
|switch|p2a: Rillaboom|Rillaboom, M|100/100
|-fieldstart|move: Grassy Terrain|[from] ability: Grassy Surge|[of] p2a: Rillaboom
|turn|20
|
|t:|1758308938
|move|p2a: Rillaboom|Grassy Glide|p1a: Necrozma
|-damage|p1a: Necrozma|0 fnt
|faint|p1a: Necrozma
|
|upkeep
|
|t:|1758308939
|switch|p1a: Dondozo|Dondozo, M|100/100
|-damage|p1a: Dondozo|84/100|[from] Spikes
|turn|21
|
|t:|1758308941
|-terastallize|p2a: Rillaboom|Grass
|move|p2a: Rillaboom|Grassy Glide|p1a: Dondozo
|-supereffective|p1a: Dondozo
|-damage|p1a: Dondozo|0 fnt
|faint|p1a: Dondozo
|
|win|Used2BeAgent
|raw|Trumpismessiah's rating: 1446 &rarr; <strong>1428</strong><br />(-18 for losing)
|raw|Used2BeAgent's rating: 1486 &rarr; <strong>1504</strong><br />(+18 for winning)
|l|☆Trumpismessiah
|player|p1|
|l|☆Used2BeAgent
|player|p2|
