|j|☆mqsh
|j|☆aaarsenic
|inactive|Battle timer is ON: inactive players will automatically lose when time's up.
|t:|1758370057
|gametype|singles
|player|p1|mqsh|169|
|player|p2|aaarsenic|101|
|teamsize|p1|6
|teamsize|p2|2
|gen|9
|tier|[Gen 9] OU
|rated|Tournament battle
|rule|HP Percentage Mod: HP is shown in percentages
|rule|Endless Battle Clause: Forcing endless battles is banned
|rule|Species Clause: Limit one of each Pokémon
|rule|OHKO Clause: OHKO moves are banned
|rule|Evasion Items Clause: Evasion items are banned
|rule|Evasion Moves Clause: Evasion moves are banned
|rule|Evasion Abilities Clause: Evasion abilities are banned
|rule|Sleep Moves Clause: Sleep-inducing moves are banned
|clearpoke
|poke|p1|Suicune|
|poke|p1|Jirachi|
|poke|p1|Krookodile, F|
|poke|p1|Cyclizar, F|
|poke|p1|Slowbro-Galar, F|
|poke|p1|Gyarados, M|
|poke|p2|Darkrai|
|poke|p2|Cinderace, F|
|teampreview
|
|t:|1758370066
|start
|switch|p1a: Jirachi|Jirachi|100/100
|switch|p2a: Darkrai|Darkrai|100/100
|turn|1
|c|☆aaarsenic|给你送份来了
|
|t:|1758370076
|-terastallize|p2a: Darkrai|Dark
|move|p2a: Darkrai|Dark Pulse|p1a: Jirachi
|-supereffective|p1a: Jirachi
|-damage|p1a: Jirachi|0 fnt
|faint|p1a: Jirachi
|
|upkeep
|j| Mok3s
|inactive|mqsh has 120 seconds left.
|
|t:|1758370111
|switch|p1a: Slowbro|Slowbro-Galar, F|100/100
|turn|2
|inactive|mqsh has 120 seconds left.
|c|☆mqsh|谢谢啦也不要说太明呀(๑• . •๑)
|
|t:|1758370138
|move|p2a: Darkrai|Dark Pulse|p1a: Slowbro
|-supereffective|p1a: Slowbro
|-enditem|p1a: Slowbro|Colbur Berry|[eat]
|-enditem|p1a: Slowbro|Colbur Berry|[weaken]
|-damage|p1a: Slowbro|1/100
|move|p1a: Slowbro|Toxic|p2a: Darkrai
|-status|p2a: Darkrai|tox
|
|-damage|p2a: Darkrai|94/100 tox|[from] psn
|upkeep
|turn|3
|
|t:|1758370145
|move|p2a: Darkrai|Dark Pulse|p1a: Slowbro
|-supereffective|p1a: Slowbro
|-damage|p1a: Slowbro|0 fnt
|faint|p1a: Slowbro
|
|-damage|p2a: Darkrai|82/100 tox|[from] psn
|upkeep
|
|t:|1758370150
|switch|p1a: Krookodile|Krookodile, F|100/100
|-ability|p1a: Krookodile|Intimidate|boost
|-unboost|p2a: Darkrai|atk|1
|turn|4
|
|t:|1758370157
|move|p2a: Darkrai|Dark Pulse|p1a: Krookodile
|-resisted|p1a: Krookodile
|-damage|p1a: Krookodile|46/100
|cant|p1a: Krookodile|flinch
|
|-damage|p2a: Darkrai|64/100 tox|[from] psn
|upkeep
|turn|5
|inactive|mqsh has 120 seconds left.
|
|t:|1758370164
|move|p2a: Darkrai|Dark Pulse|p1a: Krookodile
|-resisted|p1a: Krookodile
|-damage|p1a: Krookodile|0 fnt
|faint|p1a: Krookodile
|
|-damage|p2a: Darkrai|40/100 tox|[from] psn
|upkeep
|
|t:|1758370167
|switch|p1a: Cyclizar|Cyclizar, F|100/100
|turn|6
|
|t:|1758370174
|move|p2a: Darkrai|Dark Pulse|p1a: Cyclizar
|-damage|p1a: Cyclizar|28/100
|move|p1a: Cyclizar|Rapid Spin|p2a: Darkrai
|-damage|p2a: Darkrai|18/100 tox
|-boost|p1a: Cyclizar|spe|1
|
|-damage|p2a: Darkrai|0 fnt|[from] psn
|faint|p2a: Darkrai
|upkeep
|
|t:|1758370177
|switch|p2a: Cinderace|Cinderace, F|100/100
|turn|7
|
|t:|1758370190
|move|p1a: Cyclizar|U-turn|p2a: Cinderace
|-resisted|p2a: Cinderace
|-damage|p2a: Cinderace|89/100
|
|t:|1758370194
|switch|p1a: Gyarados|Gyarados, M|100/100|[from] U-turn
|-ability|p1a: Gyarados|Intimidate|boost
|-unboost|p2a: Cinderace|atk|1
|move|p2a: Cinderace|High Jump Kick|p1a: Gyarados
|-start|p2a: Cinderace|typechange|Fighting|[from] ability: Libero
|-resisted|p1a: Gyarados
|-damage|p1a: Gyarados|76/100
|
|upkeep
|turn|8
|inactive|mqsh has 120 seconds left.
|
|t:|1758370229
|move|p2a: Cinderace|High Jump Kick|p1a: Gyarados
|-resisted|p1a: Gyarados
|-damage|p1a: Gyarados|50/100
|move|p1a: Gyarados|Waterfall|p2a: Cinderace
|-damage|p2a: Cinderace|26/100
|
|upkeep
|turn|9
|inactive|mqsh has 120 seconds left.
|
|t:|1758370235
|move|p2a: Cinderace|Sucker Punch|p1a: Gyarados
|-damage|p1a: Gyarados|32/100
|move|p1a: Gyarados|Waterfall|p2a: Cinderace
|-damage|p2a: Cinderace|0 fnt
|faint|p2a: Cinderace
|
|win|mqsh
|n|☆mqsh|mqsh
|n|☆aaarsenic|aaarsenic
|n| Mok3s|mok3s
|l| Mok3s
