|j|☆Trevoro
|j|☆OREND BY
|t:|1758342675
|gametype|singles
|player|p1|Trevoro|iono|1624
|player|p2|OREND BY|lacey|1694
|gen|9
|tier|[Gen 9] OU
|rated|
|rule|HP Percentage Mod: HP is shown in percentages
|rule|Endless Battle Clause: Forcing endless battles is banned
|rule|Species Clause: Limit one of each Pokémon
|rule|OHKO Clause: OHKO moves are banned
|rule|Evasion Items Clause: Evasion items are banned
|rule|Evasion Moves Clause: Evasion moves are banned
|rule|Evasion Abilities Clause: Evasion abilities are banned
|rule|Sleep Moves Clause: Sleep-inducing moves are banned
|clearpoke
|poke|p1|Tyranitar, M|
|poke|p1|Excadrill, M|
|poke|p1|Keldeo-Resolute|
|poke|p1|Tornadus-Therian, M|
|poke|p1|Heatran, M|
|poke|p1|Hydrapple, M|
|poke|p2|Ting-Lu|
|poke|p2|Weezing-Galar, M|
|poke|p2|Alomomola, F|
|poke|p2|Tornadus-Therian, M|
|poke|p2|Gholdengo|
|poke|p2|Zamazenta-*|
|teampreview
|
|t:|1758342703
|teamsize|p1|6
|teamsize|p2|6
|start
|switch|p1a: Keldeo|Keldeo-Resolute|100/100
|switch|p2a: Dog in this Fight|Zamazenta|100/100
|-ability|p2a: Dog in this Fight|Dauntless Shield|boost
|-boost|p2a: Dog in this Fight|def|1
|turn|1
|
|t:|1758342720
|switch|p1a: Hydrapple|Hydrapple, M|100/100
|-terastallize|p2a: Dog in this Fight|Fighting
|move|p2a: Dog in this Fight|Close Combat|p1a: Hydrapple
|-damage|p1a: Hydrapple|31/100
|-unboost|p2a: Dog in this Fight|def|1
|-unboost|p2a: Dog in this Fight|spd|1
|-damage|p2a: Dog in this Fight|84/100|[from] item: Rocky Helmet|[of] p1a: Hydrapple
|
|upkeep
|turn|2
|j| wwwksjfkasdjfkf
|
|t:|1758342735
|switch|p1a: Tornadus|Tornadus-Therian, M|100/100
|move|p2a: Dog in this Fight|Close Combat|p1a: Tornadus
|-resisted|p1a: Tornadus
|-damage|p1a: Tornadus|42/100
|-unboost|p2a: Dog in this Fight|def|1
|-unboost|p2a: Dog in this Fight|spd|1
|
|upkeep
|turn|3
|
|t:|1758342740
|move|p2a: Dog in this Fight|Close Combat|p1a: Tornadus
|-resisted|p1a: Tornadus
|-damage|p1a: Tornadus|0 fnt
|-unboost|p2a: Dog in this Fight|def|1
|-unboost|p2a: Dog in this Fight|spd|1
|faint|p1a: Tornadus
|
|upkeep
|
|t:|1758342746
|switch|p1a: Hydrapple|Hydrapple, M|65/100
|turn|4
|
|t:|1758342751
|switch|p2a: Djengo Unrained|Gholdengo|100/100
|-terastallize|p1a: Hydrapple|Fairy
|move|p1a: Hydrapple|Fickle Beam|p2a: Djengo Unrained
|-resisted|p2a: Djengo Unrained
|-damage|p2a: Djengo Unrained|80/100
|
|upkeep
|turn|5
|
|t:|1758342760
|switch|p1a: Heatran|Heatran, M|100/100
|move|p2a: Djengo Unrained|Trick|p1a: Heatran
|-activate|p2a: Djengo Unrained|move: Trick|[of] p1a: Heatran
|-item|p1a: Heatran|Choice Scarf|[from] move: Trick
|-item|p2a: Djengo Unrained|Leftovers|[from] move: Trick
|
|-heal|p2a: Djengo Unrained|86/100|[from] item: Leftovers
|upkeep
|turn|6
|
|t:|1758342767
|switch|p1a: Keldeo|Keldeo-Resolute|100/100
|switch|p2a: Alomomola|Alomomola, F|100/100
|
|upkeep
|turn|7
|
|t:|1758342770
|move|p2a: Alomomola|Protect|p2a: Alomomola
|-singleturn|p2a: Alomomola|Protect
|move|p1a: Keldeo|Flip Turn|p2a: Alomomola
|-activate|p2a: Alomomola|move: Protect
|
|upkeep
|turn|8
|-message|Trevoro forfeited.
|
|win|OREND BY
|raw|Trevoro's rating: 1624 &rarr; <strong>1608</strong><br />(-16 for losing)
|raw|OREND BY's rating: 1694 &rarr; <strong>1710</strong><br />(+16 for winning)
|l|☆Trevoro
|player|p1|
|l| wwwksjfkasdjfkf
|l|☆OREND BY
|player|p2|
