|j|☆One-Round
|j|☆sauceuncle
|t:|1758316506
|gametype|singles
|player|p1|One-Round|101|1175
|player|p2|sauceuncle|ghetsis-gen5bw|1228
|gen|9
|tier|[Gen 9] OU
|rated|
|rule|HP Percentage Mod: HP is shown in percentages
|rule|Endless Battle Clause: Forcing endless battles is banned
|rule|Species Clause: Limit one of each Pokémon
|rule|OHKO Clause: OHKO moves are banned
|rule|Evasion Items Clause: Evasion items are banned
|rule|Evasion Moves Clause: Evasion moves are banned
|rule|Evasion Abilities Clause: Evasion abilities are banned
|rule|Sleep Moves Clause: Sleep-inducing moves are banned
|clearpoke
|poke|p1|Mimikyu, F|
|poke|p1|Hoopa-Unbound|
|poke|p1|Ursaluna, M|
|poke|p1|Meganium, M|
|poke|p1|Indeedee, M|
|poke|p1|Hatterene, F|
|poke|p2|Pelipper, M|
|poke|p2|Hatterene, F|
|poke|p2|Iron Treads|
|poke|p2|Toxicroak, F|
|poke|p2|Barraskewda, M|
|poke|p2|Zapdos|
|teampreview
|inactive|Battle timer is ON: inactive players will automatically lose when time's up. (requested by sauceuncle)
|c|☆sauceuncle|not meganium trick room
|inactive|sauceuncle has 120 seconds left.
|c|☆One-Round|why not? :(
|c|☆sauceuncle|that grass type is too op
|c|☆One-Round|sure is
|inactive|sauceuncle has 90 seconds left.
|c|☆sauceuncle|the terror of zu
|
|t:|1758316578
|teamsize|p1|6
|teamsize|p2|6
|start
|switch|p1a: Indeedee|Indeedee, M|100/100
|switch|p2a: Pelican4UrProblems|Pelipper, M|100/100
|-fieldstart|move: Psychic Terrain|[from] ability: Psychic Surge|[of] p1a: Indeedee
|-weather|RainDance|[from] ability: Drizzle|[of] p2a: Pelican4UrProblems
|turn|1
|
|t:|1758316591
|move|p2a: Pelican4UrProblems|U-turn|p1a: Indeedee
|-supereffective|p1a: Indeedee
|-damage|p1a: Indeedee|70/100
|
|t:|1758316608
|switch|p2a: HatsOff2U|Hatterene, F, shiny|100/100|[from] U-turn
|move|p1a: Indeedee|Trick Room|p1a: Indeedee
|-fieldstart|move: Trick Room|[of] p1a: Indeedee
|
|-weather|RainDance|[upkeep]
|upkeep
|turn|2
|
|t:|1758316629
|move|p2a: HatsOff2U|Nuzzle|p1a: Indeedee
|-damage|p1a: Indeedee|63/100
|-status|p1a: Indeedee|par
|move|p1a: Indeedee|Encore|p2a: HatsOff2U
|move|p2a: HatsOff2U|Encore||[from] ability: Magic Bounce|[still]
|-fail|p2a: HatsOff2U
|
|-weather|RainDance|[upkeep]
|upkeep
|turn|3
|
|t:|1758316642
|switch|p1a: Hoopa|Hoopa-Unbound|100/100
|move|p2a: HatsOff2U|Draining Kiss|p1a: Hoopa
|-supereffective|p1a: Hoopa
|-damage|p1a: Hoopa|65/100
|
|-weather|RainDance|[upkeep]
|upkeep
|turn|4
|
|t:|1758316650
|move|p2a: HatsOff2U|Draining Kiss|p1a: Hoopa
|-supereffective|p1a: Hoopa
|-damage|p1a: Hoopa|33/100
|move|p1a: Hoopa|Expanding Force|p2a: HatsOff2U
|-resisted|p2a: HatsOff2U
|-damage|p2a: HatsOff2U|39/100
|-enditem|p2a: HatsOff2U|Eject Button
|
|t:|1758316664
|switch|p2a: JunkInTheTrunk|Iron Treads, shiny|100/100
|
|-weather|RainDance|[upkeep]
|upkeep
|turn|5
|
|t:|1758316671
|move|p1a: Hoopa|Focus Blast|p2a: JunkInTheTrunk|[miss]
|-miss|p1a: Hoopa|p2a: JunkInTheTrunk
|move|p2a: JunkInTheTrunk|Stealth Rock|p1a: Hoopa
|-sidestart|p1: One-Round|move: Stealth Rock
|
|-weather|RainDance|[upkeep]
|-fieldend|move: Trick Room
|upkeep
|turn|6
|c|☆sauceuncle|thats lucky
|c|☆sauceuncle|sorry
|
|t:|1758316688
|switch|p1a: Meganium|Meganium, M|100/100
|-damage|p1a: Meganium|88/100|[from] Stealth Rock
|move|p2a: JunkInTheTrunk|Earthquake|p1a: Meganium
|-resisted|p1a: Meganium
|-damage|p1a: Meganium|76/100
|
|-weather|RainDance|[upkeep]
|-heal|p1a: Meganium|82/100|[from] item: Leftovers
|upkeep
|turn|7
|
|t:|1758316697
|move|p2a: JunkInTheTrunk|Volt Switch|p1a: Meganium
|-resisted|p1a: Meganium
|-damage|p1a: Meganium|77/100
|
|t:|1758316717
|-end|p2a: JunkInTheTrunk|Quark Drive|[silent]
|switch|p2a: ToadOfTheTeam|Toxicroak, F|100/100|[from] Volt Switch
|move|p1a: Meganium|Grass Knot|p2a: ToadOfTheTeam
|-resisted|p2a: ToadOfTheTeam
|-damage|p2a: ToadOfTheTeam|90/100
|-damage|p1a: Meganium|61/100|[from] item: Rocky Helmet|[of] p2a: ToadOfTheTeam
|
|-weather|RainDance|[upkeep]
|-heal|p2a: ToadOfTheTeam|100/100|[from] ability: Dry Skin
|-heal|p1a: Meganium|67/100|[from] item: Leftovers
|upkeep
|turn|8
|
|t:|1758316738
|switch|p1a: Ursaluna|Ursaluna, M|100/100
|-damage|p1a: Ursaluna|94/100|[from] Stealth Rock
|move|p2a: ToadOfTheTeam|Knock Off|p1a: Ursaluna
|-damage|p1a: Ursaluna|78/100
|-enditem|p1a: Ursaluna|Flame Orb|[from] move: Knock Off|[of] p2a: ToadOfTheTeam
|
|-weather|none
|-fieldend|move: Psychic Terrain
|upkeep
|turn|9
|inactive|sauceuncle has 120 seconds left.
|
|t:|1758316755
|-terastallize|p2a: ToadOfTheTeam|Ghost
|move|p2a: ToadOfTheTeam|Drain Punch|p1a: Ursaluna
|-supereffective|p1a: Ursaluna
|-damage|p1a: Ursaluna|40/100
|move|p1a: Ursaluna|Headlong Rush|p2a: ToadOfTheTeam
|-damage|p2a: ToadOfTheTeam|31/100
|-unboost|p1a: Ursaluna|def|1
|-unboost|p1a: Ursaluna|spd|1
|-damage|p1a: Ursaluna|24/100|[from] item: Rocky Helmet|[of] p2a: ToadOfTheTeam
|
|upkeep
|turn|10
|inactive|sauceuncle has 120 seconds left.
|
|t:|1758316781
|switch|p1a: Indeedee|Indeedee, M|63/100 par
|-damage|p1a: Indeedee|50/100 par|[from] Stealth Rock
|-fieldstart|move: Psychic Terrain|[from] ability: Psychic Surge|[of] p1a: Indeedee
|move|p2a: ToadOfTheTeam|Drain Punch|p1a: Indeedee
|-damage|p1a: Indeedee|6/100 par
|-heal|p2a: ToadOfTheTeam|51/100|[from] drain|[of] p1a: Indeedee
|
|upkeep
|turn|11
|
|t:|1758316792
|move|p2a: ToadOfTheTeam|Drain Punch|p1a: Indeedee
|-damage|p1a: Indeedee|0 fnt
|-heal|p2a: ToadOfTheTeam|54/100|[from] drain|[of] p1a: Indeedee
|faint|p1a: Indeedee
|
|upkeep
|inactive|One-Round has 120 seconds left.
|
|t:|1758316808
|switch|p1a: Hatterene|Hatterene, F|100/100
|-damage|p1a: Hatterene|88/100|[from] Stealth Rock
|turn|12
|inactive|sauceuncle has 120 seconds left.
|
|t:|1758316815
|move|p2a: ToadOfTheTeam|Knock Off|p1a: Hatterene
|-damage|p1a: Hatterene|62/100
|-enditem|p1a: Hatterene|Life Orb|[from] move: Knock Off|[of] p2a: ToadOfTheTeam
|move|p1a: Hatterene|Trick Room|p1a: Hatterene
|-fieldstart|move: Trick Room|[of] p1a: Hatterene
|
|upkeep
|turn|13
|inactive|sauceuncle has 120 seconds left.
|
|t:|1758316825
|switch|p2a: JunkInTheTrunk|Iron Treads, shiny|100/100
|move|p1a: Hatterene|Expanding Force|p2a: JunkInTheTrunk
|-resisted|p2a: JunkInTheTrunk
|-damage|p2a: JunkInTheTrunk|61/100
|
|-heal|p2a: JunkInTheTrunk|67/100|[from] item: Leftovers
|upkeep
|turn|14
|
|t:|1758316836
|-end|p2a: JunkInTheTrunk|Quark Drive|[silent]
|switch|p2a: Pelican4UrProblems|Pelipper, M|100/100
|-weather|RainDance|[from] ability: Drizzle|[of] p2a: Pelican4UrProblems
|-terastallize|p1a: Hatterene|Psychic
|move|p1a: Hatterene|Expanding Force|p2a: Pelican4UrProblems
|-damage|p2a: Pelican4UrProblems|0 fnt
|faint|p2a: Pelican4UrProblems
|
|-weather|RainDance|[upkeep]
|upkeep
|
|t:|1758316845
|switch|p2a: HatsOff2U|Hatterene, F, shiny|39/100
|turn|15
|
|t:|1758316856
|move|p1a: Hatterene|Expanding Force|p2a: HatsOff2U
|-resisted|p2a: HatsOff2U
|-damage|p2a: HatsOff2U|0 fnt
|faint|p2a: HatsOff2U
|
|-weather|RainDance|[upkeep]
|upkeep
|
|t:|1758316865
|switch|p2a: JunkInTheTrunk|Iron Treads, shiny|67/100
|turn|16
|
|t:|1758316871
|move|p1a: Hatterene|Expanding Force|p2a: JunkInTheTrunk
|-resisted|p2a: JunkInTheTrunk
|-damage|p2a: JunkInTheTrunk|17/100
|move|p2a: JunkInTheTrunk|Earthquake|p1a: Hatterene
|-damage|p1a: Hatterene|21/100
|
|-weather|RainDance|[upkeep]
|-heal|p2a: JunkInTheTrunk|23/100|[from] item: Leftovers
|-fieldend|move: Trick Room
|upkeep
|turn|17
|
|t:|1758316883
|switch|p1a: Mimikyu|Mimikyu, F|100/100
|-damage|p1a: Mimikyu|88/100|[from] Stealth Rock
|move|p2a: JunkInTheTrunk|Volt Switch|p1a: Mimikyu
|-activate|p1a: Mimikyu|ability: Disguise
|-damage|p1a: Mimikyu|88/100
|detailschange|p1a: Mimikyu|Mimikyu-Busted, F
|-damage|p1a: Mimikyu|76/100|[from] pokemon: Mimikyu-Busted
|-enditem|p1a: Mimikyu|Red Card|[of] p2a: JunkInTheTrunk
|-end|p2a: JunkInTheTrunk|Quark Drive|[silent]
|drag|p2a: PainInTheRain|Zapdos|100/100
|
|-weather|RainDance|[upkeep]
|-fieldend|move: Psychic Terrain
|upkeep
|turn|18
|
|t:|1758316901
|move|p2a: PainInTheRain|Hurricane|p1a: Mimikyu
|-damage|p1a: Mimikyu|13/100
|move|p1a: Mimikyu|Trick Room|p1a: Mimikyu
|-fieldstart|move: Trick Room|[of] p1a: Mimikyu
|
|-weather|RainDance|[upkeep]
|upkeep
|turn|19
|
|t:|1758316912
|switch|p2a: JunkInTheTrunk|Iron Treads, shiny|23/100
|move|p1a: Mimikyu|Destiny Bond|p1a: Mimikyu
|-singlemove|p1a: Mimikyu|Destiny Bond
|
|-weather|RainDance|[upkeep]
|-heal|p2a: JunkInTheTrunk|29/100|[from] item: Leftovers
|upkeep
|turn|20
|
|t:|1758316922
|move|p1a: Mimikyu|Curse|p2a: JunkInTheTrunk
|-start|p2a: JunkInTheTrunk|Curse|[of] p1a: Mimikyu
|-damage|p1a: Mimikyu|0 fnt
|faint|p1a: Mimikyu
|move|p2a: JunkInTheTrunk|Earthquake|p1: Mimikyu|[notarget]
|-fail|p2a: JunkInTheTrunk
|
|-weather|RainDance|[upkeep]
|-heal|p2a: JunkInTheTrunk|35/100|[from] item: Leftovers
|-damage|p2a: JunkInTheTrunk|10/100|[from] Curse
|upkeep
|
|t:|1758316937
|switch|p1a: Ursaluna|Ursaluna, M|24/100
|-damage|p1a: Ursaluna|18/100|[from] Stealth Rock
|turn|21
|
|t:|1758316945
|move|p1a: Ursaluna|Facade|p2a: JunkInTheTrunk
|-resisted|p2a: JunkInTheTrunk
|-damage|p2a: JunkInTheTrunk|0 fnt
|faint|p2a: JunkInTheTrunk
|-end|p2a: JunkInTheTrunk|Quark Drive|[silent]
|
|-weather|none
|upkeep
|
|t:|1758316947
|switch|p2a: ToadOfTheTeam|Toxicroak, F, tera:Ghost|54/100
|turn|22
|
|t:|1758316954
|move|p1a: Ursaluna|Headlong Rush|p2a: ToadOfTheTeam
|-damage|p2a: ToadOfTheTeam|0 fnt
|-unboost|p1a: Ursaluna|def|1
|-unboost|p1a: Ursaluna|spd|1
|-damage|p1a: Ursaluna|1/100|[from] item: Rocky Helmet|[of] p2a: ToadOfTheTeam
|faint|p2a: ToadOfTheTeam
|
|-fieldend|move: Trick Room
|upkeep
|
|t:|1758316957
|switch|p2a: TheMatchupFish|Barraskewda, M, shiny|100/100
|turn|23
|
|t:|1758316964
|move|p2a: TheMatchupFish|Flip Turn|p1a: Ursaluna
|-supereffective|p1a: Ursaluna
|-damage|p1a: Ursaluna|0 fnt
|faint|p1a: Ursaluna
|
|t:|1758316966
|switch|p2a: PainInTheRain|Zapdos|100/100|[from] Flip Turn
|
|upkeep
|
|t:|1758316976
|switch|p1a: Meganium|Meganium, M|67/100
|-damage|p1a: Meganium|54/100|[from] Stealth Rock
|turn|24
|
|t:|1758316982
|move|p2a: PainInTheRain|Hurricane|p1a: Meganium
|-supereffective|p1a: Meganium
|-damage|p1a: Meganium|0 fnt
|faint|p1a: Meganium
|
|upkeep
|
|t:|1758316995
|switch|p1a: Hoopa|Hoopa-Unbound|33/100
|-damage|p1a: Hoopa|21/100|[from] Stealth Rock
|turn|25
|
|t:|1758317015
|move|p2a: PainInTheRain|Hurricane|p1a: Hoopa
|-damage|p1a: Hoopa|0 fnt
|faint|p1a: Hoopa
|
|upkeep
|c|☆sauceuncle|i think its gg
|
|t:|1758317019
|switch|p1a: Hatterene|Hatterene, F, tera:Psychic|21/100
|-damage|p1a: Hatterene|9/100|[from] Stealth Rock
|turn|26
|c|☆sauceuncle|if i miss
|c|☆sauceuncle|i can aqua jet you
|c|☆One-Round|gg
|
|t:|1758317030
|move|p2a: PainInTheRain|Hurricane|p1a: Hatterene|[miss]
|-miss|p2a: PainInTheRain|p1a: Hatterene
|move|p1a: Hatterene|Draining Kiss|p2a: PainInTheRain
|-damage|p2a: PainInTheRain|64/100
|-heal|p1a: Hatterene|37/100|[from] drain|[of] p2a: PainInTheRain
|
|upkeep
|turn|27
|
|t:|1758317039
|move|p2a: PainInTheRain|Hurricane|p1a: Hatterene|[miss]
|-miss|p2a: PainInTheRain|p1a: Hatterene
|move|p1a: Hatterene|Expanding Force|p2a: PainInTheRain
|-damage|p2a: PainInTheRain|0 fnt
|faint|p2a: PainInTheRain
|
|upkeep
|
|t:|1758317043
|switch|p2a: TheMatchupFish|Barraskewda, M, shiny|100/100
|turn|28
|
|t:|1758317050
|move|p2a: TheMatchupFish|Liquidation|p1a: Hatterene
|-damage|p1a: Hatterene|0 fnt
|faint|p1a: Hatterene
|
|win|sauceuncle
|raw|One-Round's rating: 1175 &rarr; <strong>1154</strong><br />(-21 for losing)
|raw|sauceuncle's rating: 1228 &rarr; <strong>1249</strong><br />(+21 for winning)
|l|☆sauceuncle
|player|p2|
|l|☆One-Round
|player|p1|
