|j|☆sveinung12321
|j|☆shiyuyehenku
|t:|1758283251
|gametype|singles
|player|p1|sveinung12321|169|1470
|player|p2|shiyuyehenku|102|1543
|gen|9
|tier|[Gen 9] OU
|rated|
|rule|HP Percentage Mod: HP is shown in percentages
|rule|Endless Battle Clause: Forcing endless battles is banned
|rule|Species Clause: Limit one of each Pokémon
|rule|OHKO Clause: OHKO moves are banned
|rule|Evasion Items Clause: Evasion items are banned
|rule|Evasion Moves Clause: Evasion moves are banned
|rule|Evasion Abilities Clause: Evasion abilities are banned
|rule|Sleep Moves Clause: Sleep-inducing moves are banned
|clearpoke
|poke|p1|Iron Valiant|
|poke|p1|Iron Moth|
|poke|p1|Corviknight, M|
|poke|p1|Slowking-Galar, M|
|poke|p1|Garganacl, F|
|poke|p1|Hippowdon, M|
|poke|p2|Grimmsnarl, M|
|poke|p2|Kyurem|
|poke|p2|Serperior, F|
|poke|p2|Great Tusk|
|poke|p2|Zamazenta-*|
|poke|p2|Kingambit, F|
|teampreview
|inactive|Battle timer is ON: inactive players will automatically lose when time's up. (requested by sveinung12321)
|
|t:|1758283259
|teamsize|p1|6
|teamsize|p2|6
|start
|switch|p1a: Hippowdon|Hippowdon, M|100/100
|switch|p2a: Serperior|Serperior, F|100/100
|-weather|Sandstorm|[from] ability: Sand Stream|[of] p1a: Hippowdon
|turn|1
|
|t:|1758283265
|switch|p1a: Slowking|Slowking-Galar, M|100/100
|move|p2a: Serperior|Substitute|p2a: Serperior
|-start|p2a: Serperior|Substitute
|-damage|p2a: Serperior|76/100
|
|-weather|Sandstorm|[upkeep]
|-damage|p2a: Serperior|69/100|[from] Sandstorm
|-damage|p1a: Slowking|94/100|[from] Sandstorm
|-heal|p2a: Serperior|76/100|[from] item: Leftovers
|upkeep
|turn|2
|
|t:|1758283269
|-terastallize|p2a: Serperior|Steel
|move|p2a: Serperior|Glare|p1a: Slowking
|-status|p1a: Slowking|par
|cant|p1a: Slowking|par
|
|-weather|Sandstorm|[upkeep]
|-damage|p1a: Slowking|88/100 par|[from] Sandstorm
|-heal|p2a: Serperior|82/100|[from] item: Leftovers
|upkeep
|turn|3
|
|t:|1758283277
|move|p2a: Serperior|Leech Seed|p1a: Slowking
|-start|p1a: Slowking|move: Leech Seed
|-prepare|p1a: Slowking|Chilly Reception|[premajor]
|move|p1a: Slowking|Chilly Reception|p1a: Slowking
|-weather|Snowscape
|
|t:|1758283284
|switch|p1a: Hippowdon|Hippowdon, M|100/100|[from] Chilly Reception
|-weather|Sandstorm|[from] ability: Sand Stream|[of] p1a: Hippowdon
|
|-weather|Sandstorm|[upkeep]
|-heal|p2a: Serperior|88/100|[from] item: Leftovers
|upkeep
|turn|4
|
|t:|1758283295
|switch|p1a: Slowking|Slowking-Galar, M|100/100 par
|move|p2a: Serperior|Leaf Storm|p1a: Slowking
|-resisted|p1a: Slowking
|-damage|p1a: Slowking|86/100 par
|-boost|p2a: Serperior|spa|2
|
|-weather|Sandstorm|[upkeep]
|-damage|p1a: Slowking|80/100 par|[from] Sandstorm
|-heal|p2a: Serperior|94/100|[from] item: Leftovers
|upkeep
|turn|5
|
|t:|1758283300
|move|p2a: Serperior|Leech Seed|p1a: Slowking|[miss]
|-miss|p2a: Serperior|p1a: Slowking
|-prepare|p1a: Slowking|Chilly Reception|[premajor]
|move|p1a: Slowking|Chilly Reception|p1a: Slowking
|-weather|Snowscape
|
|t:|1758283302
|switch|p1a: Iron Valiant|Iron Valiant|100/100|[from] Chilly Reception
|
|-weather|Snowscape|[upkeep]
|-heal|p2a: Serperior|99/100|[from] item: Leftovers
|upkeep
|turn|6
|
|t:|1758283308
|move|p1a: Iron Valiant|Encore|p2a: Serperior
|-start|p2a: Serperior|Encore
|move|p2a: Serperior|Leech Seed|p1a: Iron Valiant
|-start|p1a: Iron Valiant|move: Leech Seed
|
|-weather|Snowscape|[upkeep]
|-heal|p2a: Serperior|100/100|[from] item: Leftovers
|-damage|p1a: Iron Valiant|88/100|[from] Leech Seed|[of] p2a: Serperior
|upkeep
|turn|7
|
|t:|1758283315
|move|p1a: Iron Valiant|Knock Off|p2a: Serperior
|-end|p2a: Serperior|Substitute
|move|p2a: Serperior|Leech Seed||[still]
|-fail|p2a: Serperior
|
|-weather|Snowscape|[upkeep]
|-damage|p1a: Iron Valiant|76/100|[from] Leech Seed|[of] p2a: Serperior
|upkeep
|turn|8
|
|t:|1758283328
|switch|p2a: Grimmsnarl|Grimmsnarl, M|100/100
|move|p1a: Iron Valiant|Knock Off|p2a: Grimmsnarl
|-resisted|p2a: Grimmsnarl
|-damage|p2a: Grimmsnarl|94/100
|-enditem|p2a: Grimmsnarl|Light Clay|[from] move: Knock Off|[of] p1a: Iron Valiant
|
|-weather|Snowscape|[upkeep]
|-damage|p1a: Iron Valiant|63/100|[from] Leech Seed|[of] p2a: Grimmsnarl
|-heal|p2a: Grimmsnarl|100/100|[silent]
|upkeep
|turn|9
|
|t:|1758283334
|-end|p1a: Iron Valiant|Quark Drive|[silent]
|switch|p1a: Hippowdon|Hippowdon, M|100/100
|-weather|Sandstorm|[from] ability: Sand Stream|[of] p1a: Hippowdon
|move|p2a: Grimmsnarl|Reflect|p2a: Grimmsnarl
|-sidestart|p2: shiyuyehenku|Reflect
|
|-weather|Sandstorm|[upkeep]
|-damage|p2a: Grimmsnarl|94/100|[from] Sandstorm
|upkeep
|turn|10
|
|t:|1758283344
|switch|p1a: Iron Moth|Iron Moth|100/100
|move|p2a: Grimmsnarl|Taunt|p1a: Iron Moth
|-start|p1a: Iron Moth|move: Taunt
|
|-weather|Sandstorm|[upkeep]
|-damage|p1a: Iron Moth|95/100|[from] Sandstorm
|-damage|p2a: Grimmsnarl|88/100|[from] Sandstorm
|upkeep
|turn|11
|
|t:|1758283349
|move|p2a: Grimmsnarl|Parting Shot|p1a: Iron Moth
|-unboost|p1a: Iron Moth|atk|1
|-unboost|p1a: Iron Moth|spa|1
|
|t:|1758283356
|switch|p2a: Kyurem|Kyurem|100/100|[from] Parting Shot
|-ability|p2a: Kyurem|Pressure
|move|p1a: Iron Moth|Overheat|p2a: Kyurem
|-damage|p2a: Kyurem|57/100
|-unboost|p1a: Iron Moth|spa|2
|
|-weather|Sandstorm|[upkeep]
|-damage|p1a: Iron Moth|89/100|[from] Sandstorm
|-damage|p2a: Kyurem|51/100|[from] Sandstorm
|-heal|p2a: Kyurem|57/100|[from] item: Leftovers
|upkeep
|turn|12
|
|t:|1758283366
|-end|p1a: Iron Moth|Quark Drive|[silent]
|switch|p1a: Iron Valiant|Iron Valiant|63/100
|move|p2a: Kyurem|Substitute|p2a: Kyurem
|-start|p2a: Kyurem|Substitute
|-damage|p2a: Kyurem|32/100
|
|-weather|Sandstorm|[upkeep]
|-damage|p1a: Iron Valiant|57/100|[from] Sandstorm
|-damage|p2a: Kyurem|26/100|[from] Sandstorm
|-heal|p2a: Kyurem|32/100|[from] item: Leftovers
|upkeep
|turn|13
|
|t:|1758283373
|move|p1a: Iron Valiant|Moonblast|p2a: Kyurem
|-supereffective|p2a: Kyurem
|-end|p2a: Kyurem|Substitute
|move|p2a: Kyurem|Icicle Spear|p1a: Iron Valiant
|-damage|p1a: Iron Valiant|39/100
|-damage|p1a: Iron Valiant|21/100
|-hitcount|p1a: Iron Valiant|2
|
|-weather|none
|-heal|p2a: Kyurem|39/100|[from] item: Leftovers
|-sideend|p2: shiyuyehenku|Reflect
|upkeep
|turn|14
|
|t:|1758283383
|switch|p2a: Grimmsnarl|Grimmsnarl, M|88/100
|move|p1a: Iron Valiant|Moonblast|p2a: Grimmsnarl
|-supereffective|p2a: Grimmsnarl
|-crit|p2a: Grimmsnarl
|-damage|p2a: Grimmsnarl|0 fnt
|faint|p2a: Grimmsnarl
|
|upkeep
|l|☆shiyuyehenku
|inactive|shiyuyehenku disconnected and has a minute to reconnect!
|player|p2|
|j|☆shiyuyehenku
|inactive|shiyuyehenku reconnected and has 125 seconds left.
|player|p2|shiyuyehenku|102|
|inactive|shiyuyehenku has 120 seconds left.
|
|t:|1758283414
|switch|p2a: Serperior|Serperior, F, tera:Steel|100/100
|turn|15
|inactive|sveinung12321 has 120 seconds left.
|
|t:|1758283458
|move|p1a: Iron Valiant|Knock Off|p2a: Serperior
|-damage|p2a: Serperior|69/100
|-enditem|p2a: Serperior|Leftovers|[from] move: Knock Off|[of] p1a: Iron Valiant
|move|p2a: Serperior|Leaf Storm|p1a: Iron Valiant
|-damage|p1a: Iron Valiant|0 fnt
|-boost|p2a: Serperior|spa|2
|faint|p1a: Iron Valiant
|-end|p1a: Iron Valiant|Quark Drive|[silent]
|
|upkeep
|
|t:|1758283460
|switch|p1a: Iron Moth|Iron Moth|89/100
|turn|16
|
|t:|1758283465
|switch|p2a: Kyurem|Kyurem|39/100
|-ability|p2a: Kyurem|Pressure
|move|p1a: Iron Moth|Overheat|p2a: Kyurem
|-damage|p2a: Kyurem|0 fnt
|-unboost|p1a: Iron Moth|spa|2
|faint|p2a: Kyurem
|
|upkeep
|
|t:|1758283473
|switch|p2a: Great Tusk|Great Tusk|100/100
|-enditem|p2a: Great Tusk|Booster Energy
|-activate|p2a: Great Tusk|ability: Protosynthesis|[fromitem]
|-start|p2a: Great Tusk|protosynthesisatk
|turn|17
|
|t:|1758283488
|-end|p2a: Great Tusk|Protosynthesis|[silent]
|switch|p2a: Serperior|Serperior, F, tera:Steel|69/100
|move|p1a: Iron Moth|Overheat|p2a: Serperior
|-supereffective|p2a: Serperior
|-damage|p2a: Serperior|0 fnt
|-unboost|p1a: Iron Moth|spa|2
|faint|p2a: Serperior
|
|upkeep
|
|t:|1758283508
|switch|p2a: Great Tusk|Great Tusk|100/100
|turn|18
|
|t:|1758283513
|-end|p1a: Iron Moth|Quark Drive|[silent]
|switch|p1a: Corviknight|Corviknight, M|100/100
|-ability|p1a: Corviknight|Pressure
|move|p2a: Great Tusk|Headlong Rush|p1a: Corviknight
|-immune|p1a: Corviknight
|
|upkeep
|turn|19
|
|t:|1758283517
|-end|p2a: Great Tusk|Protosynthesis|[silent]
|switch|p2a: Zamazenta|Zamazenta|100/100
|-ability|p2a: Zamazenta|Dauntless Shield|boost
|-boost|p2a: Zamazenta|def|1
|move|p1a: Corviknight|Brave Bird|p2a: Zamazenta
|-supereffective|p2a: Zamazenta
|-damage|p2a: Zamazenta|64/100
|-damage|p1a: Corviknight|90/100|[from] Recoil
|
|-heal|p2a: Zamazenta|70/100|[from] item: Leftovers
|upkeep
|turn|20
|
|t:|1758283524
|switch|p1a: Hippowdon|Hippowdon, M|100/100
|-weather|Sandstorm|[from] ability: Sand Stream|[of] p1a: Hippowdon
|move|p2a: Zamazenta|Iron Defense|p2a: Zamazenta
|-boost|p2a: Zamazenta|def|2
|
|-weather|Sandstorm|[upkeep]
|-damage|p2a: Zamazenta|64/100|[from] Sandstorm
|-heal|p2a: Zamazenta|70/100|[from] item: Leftovers
|upkeep
|turn|21
|
|t:|1758283540
|move|p2a: Zamazenta|Substitute|p2a: Zamazenta
|-start|p2a: Zamazenta|Substitute
|-damage|p2a: Zamazenta|45/100
|move|p1a: Hippowdon|Curse|p1a: Hippowdon
|-unboost|p1a: Hippowdon|spe|1
|-boost|p1a: Hippowdon|atk|1
|-boost|p1a: Hippowdon|def|1
|
|-weather|Sandstorm|[upkeep]
|-damage|p2a: Zamazenta|39/100|[from] Sandstorm
|-heal|p2a: Zamazenta|45/100|[from] item: Leftovers
|upkeep
|turn|22
|
|t:|1758283545
|move|p2a: Zamazenta|Iron Defense|p2a: Zamazenta
|-boost|p2a: Zamazenta|def|2
|move|p1a: Hippowdon|Earthquake|p2a: Zamazenta
|-activate|p2a: Zamazenta|move: Substitute|[damage]
|
|-weather|Sandstorm|[upkeep]
|-damage|p2a: Zamazenta|39/100|[from] Sandstorm
|-heal|p2a: Zamazenta|45/100|[from] item: Leftovers
|upkeep
|turn|23
|
|t:|1758283553
|switch|p1a: Slowking|Slowking-Galar, M|100/100 par
|move|p2a: Zamazenta|Body Press|p1a: Slowking
|-resisted|p1a: Slowking
|-damage|p1a: Slowking|77/100 par
|
|-weather|Sandstorm|[upkeep]
|-damage|p2a: Zamazenta|39/100|[from] Sandstorm
|-damage|p1a: Slowking|71/100 par|[from] Sandstorm
|-heal|p2a: Zamazenta|45/100|[from] item: Leftovers
|upkeep
|turn|24
|
|t:|1758283559
|move|p2a: Zamazenta|Crunch|p1a: Slowking
|-supereffective|p1a: Slowking
|-damage|p1a: Slowking|39/100 par
|move|p1a: Slowking|Future Sight|p2a: Zamazenta
|-start|p1a: Slowking|move: Future Sight
|
|-weather|none
|-heal|p2a: Zamazenta|51/100|[from] item: Leftovers
|upkeep
|turn|25
|
|t:|1758283566
|move|p2a: Zamazenta|Crunch|p1a: Slowking
|-supereffective|p1a: Slowking
|-damage|p1a: Slowking|8/100 par
|-prepare|p1a: Slowking|Chilly Reception|[premajor]
|cant|p1a: Slowking|par
|
|-heal|p2a: Zamazenta|57/100|[from] item: Leftovers
|upkeep
|turn|26
|
|t:|1758283572
|switch|p1a: Hippowdon|Hippowdon, M|100/100
|-weather|Sandstorm|[from] ability: Sand Stream|[of] p1a: Hippowdon
|move|p2a: Zamazenta|Crunch|p1a: Hippowdon
|-damage|p1a: Hippowdon|86/100
|-unboost|p1a: Hippowdon|def|1
|
|-weather|Sandstorm|[upkeep]
|-damage|p2a: Zamazenta|51/100|[from] Sandstorm
|-end|p2a: Zamazenta|move: Future Sight
|-supereffective|p2a: Zamazenta
|-end|p2a: Zamazenta|Substitute
|-heal|p2a: Zamazenta|57/100|[from] item: Leftovers
|-heal|p1a: Hippowdon|92/100|[from] item: Leftovers
|upkeep
|turn|27
|
|t:|1758283581
|switch|p1a: Slowking|Slowking-Galar, M|41/100 par
|move|p2a: Zamazenta|Substitute|p2a: Zamazenta
|-start|p2a: Zamazenta|Substitute
|-damage|p2a: Zamazenta|32/100
|
|-weather|Sandstorm|[upkeep]
|-damage|p2a: Zamazenta|26/100|[from] Sandstorm
|-damage|p1a: Slowking|35/100 par|[from] Sandstorm
|-heal|p2a: Zamazenta|32/100|[from] item: Leftovers
|upkeep
|turn|28
|
|t:|1758283586
|move|p2a: Zamazenta|Crunch|p1a: Slowking
|-supereffective|p1a: Slowking
|-damage|p1a: Slowking|4/100 par
|cant|p1a: Slowking|par
|
|-weather|Sandstorm|[upkeep]
|-damage|p2a: Zamazenta|26/100|[from] Sandstorm
|-damage|p1a: Slowking|0 fnt|[from] Sandstorm
|faint|p1a: Slowking
|-heal|p2a: Zamazenta|32/100|[from] item: Leftovers
|upkeep
|
|t:|1758283592
|switch|p1a: Iron Moth|Iron Moth|89/100
|turn|29
|
|t:|1758283598
|move|p1a: Iron Moth|U-turn|p2a: Zamazenta
|-resisted|p2a: Zamazenta
|-activate|p2a: Zamazenta|move: Substitute|[damage]
|
|t:|1758283613
|-end|p1a: Iron Moth|Quark Drive|[silent]
|switch|p1a: Corviknight|Corviknight, M|90/100|[from] U-turn
|-ability|p1a: Corviknight|Pressure
|move|p2a: Zamazenta|Body Press|p1a: Corviknight
|-damage|p1a: Corviknight|9/100
|-damage|p2a: Zamazenta|16/100|[from] item: Rocky Helmet|[of] p1a: Corviknight
|
|-weather|Sandstorm|[upkeep]
|-damage|p2a: Zamazenta|9/100|[from] Sandstorm
|-heal|p2a: Zamazenta|16/100|[from] item: Leftovers
|upkeep
|turn|30
|
|t:|1758283624
|move|p2a: Zamazenta|Body Press|p1a: Corviknight
|-damage|p1a: Corviknight|0 fnt
|-damage|p2a: Zamazenta|0 fnt|[from] item: Rocky Helmet|[of] p1a: Corviknight
|faint|p1a: Corviknight
|faint|p2a: Zamazenta
|
|-weather|none
|upkeep
|
|t:|1758283634
|switch|p2a: Great Tusk|Great Tusk|100/100
|switch|p1a: Hippowdon|Hippowdon, M|92/100
|-weather|Sandstorm|[from] ability: Sand Stream|[of] p1a: Hippowdon
|turn|31
|
|t:|1758283638
|move|p2a: Great Tusk|Rapid Spin|p1a: Hippowdon
|-damage|p1a: Hippowdon|80/100
|-boost|p2a: Great Tusk|spe|1
|move|p1a: Hippowdon|Curse|p1a: Hippowdon
|-unboost|p1a: Hippowdon|spe|1
|-boost|p1a: Hippowdon|atk|1
|-boost|p1a: Hippowdon|def|1
|
|-weather|Sandstorm|[upkeep]
|-heal|p1a: Hippowdon|87/100|[from] item: Leftovers
|upkeep
|turn|32
|
|t:|1758283644
|move|p2a: Great Tusk|Ice Spinner|p1a: Hippowdon
|-supereffective|p1a: Hippowdon
|-damage|p1a: Hippowdon|60/100
|move|p1a: Hippowdon|Curse|p1a: Hippowdon
|-unboost|p1a: Hippowdon|spe|1
|-boost|p1a: Hippowdon|atk|1
|-boost|p1a: Hippowdon|def|1
|
|-weather|Sandstorm|[upkeep]
|-heal|p1a: Hippowdon|66/100|[from] item: Leftovers
|upkeep
|turn|33
|
|t:|1758283649
|move|p2a: Great Tusk|Ice Spinner|p1a: Hippowdon
|-supereffective|p1a: Hippowdon
|-damage|p1a: Hippowdon|44/100
|move|p1a: Hippowdon|Slack Off|p1a: Hippowdon
|-heal|p1a: Hippowdon|94/100
|
|-weather|Sandstorm|[upkeep]
|-heal|p1a: Hippowdon|100/100|[from] item: Leftovers
|upkeep
|turn|34
|
|t:|1758283656
|move|p2a: Great Tusk|Ice Spinner|p1a: Hippowdon
|-supereffective|p1a: Hippowdon
|-damage|p1a: Hippowdon|79/100
|move|p1a: Hippowdon|Curse|p1a: Hippowdon
|-unboost|p1a: Hippowdon|spe|1
|-boost|p1a: Hippowdon|atk|1
|-boost|p1a: Hippowdon|def|1
|
|-weather|Sandstorm|[upkeep]
|-heal|p1a: Hippowdon|85/100|[from] item: Leftovers
|upkeep
|turn|35
|
|t:|1758283661
|move|p2a: Great Tusk|Ice Spinner|p1a: Hippowdon
|-supereffective|p1a: Hippowdon
|-damage|p1a: Hippowdon|70/100
|move|p1a: Hippowdon|Curse|p1a: Hippowdon
|-unboost|p1a: Hippowdon|spe|1
|-boost|p1a: Hippowdon|atk|1
|-boost|p1a: Hippowdon|def|1
|
|-weather|none
|-heal|p1a: Hippowdon|76/100|[from] item: Leftovers
|upkeep
|turn|36
|
|t:|1758283666
|move|p2a: Great Tusk|Ice Spinner|p1a: Hippowdon
|-supereffective|p1a: Hippowdon
|-damage|p1a: Hippowdon|62/100
|move|p1a: Hippowdon|Slack Off|p1a: Hippowdon
|-heal|p1a: Hippowdon|100/100
|
|upkeep
|turn|37
|
|t:|1758283673
|move|p2a: Great Tusk|Ice Spinner|p1a: Hippowdon
|-supereffective|p1a: Hippowdon
|-damage|p1a: Hippowdon|86/100
|move|p1a: Hippowdon|Ice Fang|p2a: Great Tusk
|-supereffective|p2a: Great Tusk
|-damage|p2a: Great Tusk|33/100
|
|-heal|p1a: Hippowdon|92/100|[from] item: Leftovers
|upkeep
|turn|38
|
|t:|1758283679
|move|p2a: Great Tusk|Ice Spinner|p1a: Hippowdon
|-supereffective|p1a: Hippowdon
|-damage|p1a: Hippowdon|78/100
|move|p1a: Hippowdon|Earthquake|p2a: Great Tusk
|-damage|p2a: Great Tusk|0 fnt
|faint|p2a: Great Tusk
|-end|p2a: Great Tusk|Protosynthesis|[silent]
|
|-heal|p1a: Hippowdon|84/100|[from] item: Leftovers
|upkeep
|
|t:|1758283684
|switch|p2a: Kingambit|Kingambit, F|100/100
|-activate|p2a: Kingambit|ability: Supreme Overlord
|-start|p2a: Kingambit|fallen5|[silent]
|turn|39
|
|t:|1758283689
|move|p2a: Kingambit|Kowtow Cleave|p1a: Hippowdon
|-damage|p1a: Hippowdon|66/100
|move|p1a: Hippowdon|Earthquake|p2a: Kingambit
|-supereffective|p2a: Kingambit
|-damage|p2a: Kingambit|0 fnt
|faint|p2a: Kingambit
|-end|p2a: Kingambit|fallen5|[silent]
|
|win|sveinung12321
|raw|sveinung12321's rating: 1453 &rarr; <strong>1478</strong><br />(+25 for winning)
|raw|shiyuyehenku's rating: 1543 &rarr; <strong>1518</strong><br />(-25 for losing)
|l|☆shiyuyehenku
|player|p2|
|c|☆sveinung12321|gg
|l|☆sveinung12321
|player|p1|
