|j|☆lolcano46
|j|☆pipotron
|t:|1758329275
|gametype|singles
|player|p1|lolcano46|fisherman-gen4|1546
|player|p2|pipotron|170|1566
|gen|9
|tier|[Gen 9] OU
|rated|
|rule|HP Percentage Mod: HP is shown in percentages
|rule|Endless Battle Clause: Forcing endless battles is banned
|rule|Species Clause: Limit one of each Pokémon
|rule|OHKO Clause: OHKO moves are banned
|rule|Evasion Items Clause: Evasion items are banned
|rule|Evasion Moves Clause: Evasion moves are banned
|rule|Evasion Abilities Clause: Evasion abilities are banned
|rule|Sleep Moves Clause: Sleep-inducing moves are banned
|clearpoke
|poke|p1|Azelf|
|poke|p1|Ogerpon-Wellspring, F|
|poke|p1|Scizor, F|
|poke|p1|Gengar, M|
|poke|p1|Raging Bolt|
|poke|p1|Cinderace, F|
|poke|p2|Landorus-Therian, M|
|poke|p2|Samurott-Hisui, M|
|poke|p2|Zamazenta-*|
|poke|p2|Sinistcha|
|poke|p2|Dragalge, M|
|poke|p2|Minior|
|teampreview
|inactive|Battle timer is ON: inactive players will automatically lose when time's up. (requested by lolcano46)
|
|t:|1758329282
|teamsize|p1|6
|teamsize|p2|6
|start
|switch|p1a: Cinderace|Cinderace, F|100/100
|switch|p2a: Samurott|Samurott-Hisui, M|100/100
|turn|1
|
|t:|1758329287
|move|p1a: Cinderace|Will-O-Wisp|p2a: Samurott
|-status|p2a: Samurott|brn
|move|p2a: Samurott|Ceaseless Edge|p1a: Cinderace
|-damage|p1a: Cinderace|72/100
|-sidestart|p1: lolcano46|Spikes
|
|-damage|p2a: Samurott|94/100 brn|[from] brn
|upkeep
|turn|2
|
|t:|1758329295
|move|p1a: Cinderace|Pyro Ball|p2a: Samurott
|-resisted|p2a: Samurott
|-damage|p2a: Samurott|58/100 brn
|move|p2a: Samurott|Knock Off|p1a: Cinderace
|-damage|p1a: Cinderace|42/100
|-enditem|p1a: Cinderace|Heavy-Duty Boots|[from] move: Knock Off|[of] p2a: Samurott
|
|-damage|p2a: Samurott|52/100 brn|[from] brn
|upkeep
|turn|3
|
|t:|1758329302
|move|p1a: Cinderace|Pyro Ball|p2a: Samurott
|-resisted|p2a: Samurott
|-damage|p2a: Samurott|12/100 brn
|move|p2a: Samurott|Aqua Cutter|p1a: Cinderace
|-supereffective|p1a: Cinderace
|-damage|p1a: Cinderace|0 fnt
|faint|p1a: Cinderace
|
|-damage|p2a: Samurott|6/100 brn|[from] brn
|upkeep
|
|t:|1758329311
|switch|p1a: Azelf|Azelf|100/100
|turn|4
|
|t:|1758329316
|move|p1a: Azelf|Flamethrower|p2a: Samurott
|-resisted|p2a: Samurott
|-damage|p2a: Samurott|0 fnt
|faint|p2a: Samurott
|
|upkeep
|
|t:|1758329328
|switch|p2a: Minior|Minior|100/100
|-formechange|p2a: Minior|Minior-Meteor||[from] ability: Shields Down
|turn|5
|
|t:|1758329338
|-terastallize|p1a: Azelf|Fairy
|move|p1a: Azelf|Thunderbolt|p2a: Minior
|-supereffective|p2a: Minior
|-damage|p2a: Minior|18/100
|move|p2a: Minior|Shell Smash|p2a: Minior
|-unboost|p2a: Minior|def|1
|-unboost|p2a: Minior|spd|1
|-boost|p2a: Minior|atk|2
|-boost|p2a: Minior|spa|2
|-boost|p2a: Minior|spe|2
|-enditem|p2a: Minior|White Herb
|-clearnegativeboost|p2a: Minior|[silent]
|
|-formechange|p2a: Minior|Minior||[from] ability: Shields Down
|upkeep
|turn|6
|
|t:|1758329349
|switch|p1a: Gengar|Gengar, M|100/100
|-damage|p1a: Gengar|88/100|[from] Spikes
|move|p2a: Minior|Acrobatics|p1a: Gengar
|-damage|p1a: Gengar|0 fnt
|-start|p2a: Minior|Disable|Acrobatics|[from] ability: Cursed Body|[of] p1a: Gengar
|faint|p1a: Gengar
|
|upkeep
|
|t:|1758329352
|switch|p1a: Scizor|Scizor, F|100/100
|-damage|p1a: Scizor|88/100|[from] Spikes
|turn|7
|
|t:|1758329356
|switch|p2a: Landorus|Landorus-Therian, M|100/100
|-ability|p2a: Landorus|Intimidate|boost
|-unboost|p1a: Scizor|atk|1
|move|p1a: Scizor|Bullet Punch|p2a: Landorus
|-damage|p2a: Landorus|76/100
|
|upkeep
|turn|8
|
|t:|1758329359
|move|p2a: Landorus|Earth Power|p1a: Scizor
|-damage|p1a: Scizor|43/100
|move|p1a: Scizor|Knock Off|p2a: Landorus
|-damage|p2a: Landorus|54/100
|-damage|p1a: Scizor|27/100|[from] item: Rocky Helmet|[of] p2a: Landorus
|-enditem|p2a: Landorus|Rocky Helmet|[from] move: Knock Off|[of] p1a: Scizor
|
|upkeep
|turn|9
|
|t:|1758329363
|move|p1a: Scizor|Bullet Punch|p2a: Landorus
|-damage|p2a: Landorus|30/100
|move|p2a: Landorus|Earth Power|p1a: Scizor
|-damage|p1a: Scizor|0 fnt
|faint|p1a: Scizor
|
|upkeep
|
|t:|1758329366
|switch|p1a: Azelf|Azelf, tera:Fairy|100/100
|turn|10
|
|t:|1758329372
|move|p1a: Azelf|Psychic|p2a: Landorus
|-damage|p2a: Landorus|0 fnt
|faint|p2a: Landorus
|
|upkeep
|
|t:|1758329381
|switch|p2a: Dragalge|Dragalge, M|100/100
|turn|11
|
|t:|1758329384
|-terastallize|p2a: Dragalge|Water
|move|p1a: Azelf|Psychic|p2a: Dragalge
|-damage|p2a: Dragalge|62/100
|move|p2a: Dragalge|Sludge Wave|p1a: Azelf
|-supereffective|p1a: Azelf
|-damage|p1a: Azelf|0 fnt
|faint|p1a: Azelf
|
|upkeep
|
|t:|1758329387
|switch|p1a: Raging Bolt|Raging Bolt|100/100
|-damage|p1a: Raging Bolt|88/100|[from] Spikes
|-enditem|p1a: Raging Bolt|Booster Energy
|-activate|p1a: Raging Bolt|ability: Protosynthesis|[fromitem]
|-start|p1a: Raging Bolt|protosynthesisspa
|turn|12
|
|t:|1758329394
|switch|p2a: Minior|Minior|18/100
|move|p1a: Raging Bolt|Thunderbolt|p2a: Minior
|-supereffective|p2a: Minior
|-damage|p2a: Minior|0 fnt
|faint|p2a: Minior
|
|upkeep
|
|t:|1758329396
|switch|p2a: Zamazenta|Zamazenta|100/100
|-ability|p2a: Zamazenta|Dauntless Shield|boost
|-boost|p2a: Zamazenta|def|1
|turn|13
|
|t:|1758329398
|move|p2a: Zamazenta|Close Combat|p1a: Raging Bolt
|-damage|p1a: Raging Bolt|37/100
|-unboost|p2a: Zamazenta|def|1
|-unboost|p2a: Zamazenta|spd|1
|move|p1a: Raging Bolt|Thunderbolt|p2a: Zamazenta
|-damage|p2a: Zamazenta|8/100
|
|upkeep
|turn|14
|
|t:|1758329402
|move|p1a: Raging Bolt|Thunderclap||[still]
|-fail|p1a: Raging Bolt
|move|p2a: Zamazenta|Rest|p2a: Zamazenta
|-status|p2a: Zamazenta|slp|[from] move: Rest
|-heal|p2a: Zamazenta|100/100 slp|[silent]
|
|upkeep
|turn|15
|
|t:|1758329405
|cant|p2a: Zamazenta|slp
|move|p2a: Zamazenta|Sleep Talk|p2a: Zamazenta
|move|p2a: Zamazenta|Close Combat|p1a: Raging Bolt|[from] move: Sleep Talk
|-crit|p1a: Raging Bolt
|-damage|p1a: Raging Bolt|0 fnt
|-unboost|p2a: Zamazenta|def|1
|-unboost|p2a: Zamazenta|spd|1
|faint|p1a: Raging Bolt
|-end|p1a: Raging Bolt|Protosynthesis|[silent]
|
|upkeep
|
|t:|1758329411
|switch|p1a: Ogerpon|Ogerpon-Wellspring, F|100/100
|-damage|p1a: Ogerpon|88/100|[from] Spikes
|turn|16
|
|t:|1758329417
|cant|p2a: Zamazenta|slp
|move|p2a: Zamazenta|Sleep Talk|p2a: Zamazenta
|move|p2a: Zamazenta|Close Combat|p1a: Ogerpon|[from] move: Sleep Talk
|-damage|p1a: Ogerpon|9/100
|-unboost|p2a: Zamazenta|def|1
|-unboost|p2a: Zamazenta|spd|1
|move|p1a: Ogerpon|Swords Dance|p1a: Ogerpon
|-boost|p1a: Ogerpon|atk|2
|
|upkeep
|turn|17
|
|t:|1758329421
|-curestatus|p2a: Zamazenta|slp|[msg]
|move|p2a: Zamazenta|Sleep Talk||[still]
|-fail|p2a: Zamazenta
|move|p1a: Ogerpon|Play Rough|p2a: Zamazenta
|-supereffective|p2a: Zamazenta
|-damage|p2a: Zamazenta|0 fnt
|faint|p2a: Zamazenta
|
|upkeep
|
|t:|1758329423
|switch|p2a: Sinistcha|Sinistcha|100/100
|turn|18
|-message|lolcano46 forfeited.
|
|win|pipotron
|raw|lolcano46's rating: 1546 &rarr; <strong>1527</strong><br />(-19 for losing)
|raw|pipotron's rating: 1566 &rarr; <strong>1585</strong><br />(+19 for winning)
|l|☆lolcano46
|player|p1|
|l|☆pipotron
|player|p2|
