|j|☆cissybtm4fun
|j|☆slinledieuvivant
|t:|1758364124
|gametype|singles
|player|p1|cissybtm4fun|skytrainer|1381
|player|p2|slinledieuvivant|266|1359
|gen|9
|tier|[Gen 9] OU
|rated|
|rule|HP Percentage Mod: HP is shown in percentages
|rule|Endless Battle Clause: Forcing endless battles is banned
|rule|Species Clause: Limit one of each Pokémon
|rule|OHKO Clause: OHKO moves are banned
|rule|Evasion Items Clause: Evasion items are banned
|rule|Evasion Moves Clause: Evasion moves are banned
|rule|Evasion Abilities Clause: Evasion abilities are banned
|rule|Sleep Moves Clause: Sleep-inducing moves are banned
|clearpoke
|poke|p1|Iron Valiant|
|poke|p1|Flamigo, M|
|poke|p1|Pecharunt|
|poke|p1|Great Tusk|
|poke|p1|Moltres|
|poke|p1|Araquanid, M|
|poke|p2|Delphox, M|
|poke|p2|Alomomola, M|
|poke|p2|Iron Treads|
|poke|p2|Chesnaught, M|
|poke|p2|Greninja-*, F|
|poke|p2|Zamazenta-*|
|teampreview
|inactive|Battle timer is ON: inactive players will automatically lose when time's up. (requested by cissybtm4fun)
|
|t:|1758364148
|teamsize|p1|6
|teamsize|p2|6
|start
|switch|p1a: Amigo|Flamigo, M, shiny|100/100
|switch|p2a: Greninja|Greninja, F|100/100
|turn|1
|
|t:|1758364153
|switch|p2a: Alomomola|Alomomola, M|100/100
|move|p1a: Amigo|U-turn|p2a: Alomomola
|-damage|p2a: Alomomola|87/100
|
|t:|1758364164
|switch|p1a: Cheap|Iron Valiant, shiny|100/100|[from] U-turn
|-enditem|p1a: Cheap|Booster Energy
|-activate|p1a: Cheap|ability: Quark Drive|[fromitem]
|-start|p1a: Cheap|quarkdrivespa
|
|upkeep
|turn|2
|
|t:|1758364174
|move|p1a: Cheap|Calm Mind|p1a: Cheap
|-boost|p1a: Cheap|spa|1
|-boost|p1a: Cheap|spd|1
|move|p2a: Alomomola|Flip Turn|p1a: Cheap
|-crit|p1a: Cheap
|-damage|p1a: Cheap|67/100
|
|t:|1758364191
|switch|p2a: Greninja|Greninja, F|100/100|[from] Flip Turn
|
|upkeep
|turn|3
|
|t:|1758364202
|move|p1a: Cheap|Vacuum Wave|p2a: Greninja
|-supereffective|p2a: Greninja
|-damage|p2a: Greninja|0 fnt
|faint|p2a: Greninja
|
|upkeep
|
|t:|1758364209
|switch|p2a: Delphox|Delphox, M|100/100
|turn|4
|
|t:|1758364219
|-terastallize|p1a: Cheap|Ghost
|move|p2a: Delphox|Psyshock|p1a: Cheap
|-damage|p1a: Cheap|22/100
|move|p1a: Cheap|Shadow Ball|p2a: Delphox
|-supereffective|p2a: Delphox
|-damage|p2a: Delphox|0 fnt
|faint|p2a: Delphox
|
|upkeep
|
|t:|1758364228
|switch|p2a: Zamazenta|Zamazenta|100/100
|-ability|p2a: Zamazenta|Dauntless Shield|boost
|-boost|p2a: Zamazenta|def|1
|turn|5
|
|t:|1758364232
|-end|p1a: Cheap|Quark Drive|[silent]
|switch|p1a: Nigel|Pecharunt|100/100
|move|p2a: Zamazenta|Crunch|p1a: Nigel
|-supereffective|p1a: Nigel
|-damage|p1a: Nigel|75/100
|-unboost|p1a: Nigel|def|1
|
|upkeep
|turn|6
|
|t:|1758364241
|switch|p2a: Iron Treads|Iron Treads|100/100
|move|p1a: Nigel|Malignant Chain|p2a: Iron Treads
|-immune|p2a: Iron Treads
|
|upkeep
|turn|7
|
|t:|1758364246
|switch|p1a: Coco|Great Tusk|100/100
|move|p2a: Iron Treads|Stealth Rock|p1a: Coco
|-sidestart|p1: cissybtm4fun|move: Stealth Rock
|
|upkeep
|turn|8
|
|t:|1758364259
|-end|p2a: Iron Treads|Quark Drive|[silent]
|switch|p2a: Chesnaught|Chesnaught, M|100/100
|move|p1a: Coco|Rapid Spin|p2a: Chesnaught
|-damage|p2a: Chesnaught|90/100
|-boost|p1a: Coco|spe|1
|-damage|p1a: Coco|84/100|[from] item: Rocky Helmet|[of] p2a: Chesnaught
|-sideend|p1: cissybtm4fun|Stealth Rock|[from] move: Rapid Spin|[of] p1a: Coco
|
|upkeep
|turn|9
|
|t:|1758364267
|-end|p1a: Coco|Protosynthesis|[silent]
|switch|p1a: Charklo|Araquanid, M|100/100
|move|p2a: Chesnaught|Spikes|p1a: Charklo
|-sidestart|p1: cissybtm4fun|Spikes
|
|upkeep
|turn|10
|
|t:|1758364273
|move|p2a: Chesnaught|Knock Off|p1a: Charklo
|-damage|p1a: Charklo|73/100
|-enditem|p1a: Charklo|Custap Berry|[from] move: Knock Off|[of] p2a: Chesnaught
|move|p1a: Charklo|Sticky Web|p2a: Chesnaught
|-sidestart|p2: slinledieuvivant|move: Sticky Web
|
|upkeep
|turn|11
|
|t:|1758364281
|switch|p1a: Brrrrrrrr|Moltres|100/100
|move|p2a: Chesnaught|Spikes|p1a: Brrrrrrrr
|-sidestart|p1: cissybtm4fun|Spikes
|
|upkeep
|turn|12
|
|t:|1758364286
|switch|p2a: Alomomola|Alomomola, M|100/100
|move|p1a: Brrrrrrrr|U-turn|p2a: Alomomola
|-damage|p2a: Alomomola|92/100
|
|t:|1758364288
|switch|p1a: Coco|Great Tusk|84/100|[from] U-turn
|
|upkeep
|turn|13
|
|t:|1758364295
|move|p1a: Coco|Knock Off|p2a: Alomomola
|-damage|p2a: Alomomola|71/100
|-enditem|p2a: Alomomola|Heavy-Duty Boots|[from] move: Knock Off|[of] p1a: Coco
|move|p2a: Alomomola|Flip Turn|p1a: Coco
|-supereffective|p1a: Coco
|-damage|p1a: Coco|61/100
|
|t:|1758364310
|switch|p2a: Iron Treads|Iron Treads|100/100|[from] Flip Turn
|-activate|p2a: Iron Treads|move: Sticky Web
|-unboost|p2a: Iron Treads|spe|1
|
|upkeep
|turn|14
|
|t:|1758364317
|-end|p1a: Coco|Protosynthesis|[silent]
|switch|p1a: Nigel|Pecharunt|75/100
|-terastallize|p2a: Iron Treads|Ghost
|move|p2a: Iron Treads|Rapid Spin|p1a: Nigel
|-immune|p1a: Nigel
|
|upkeep
|turn|15
|
|t:|1758364328
|switch|p1a: Amigo|Flamigo, M, shiny|100/100
|move|p2a: Iron Treads|Earthquake|p1a: Amigo
|-immune|p1a: Amigo
|
|upkeep
|turn|16
|
|t:|1758364333
|move|p1a: Amigo|Close Combat|p2a: Iron Treads
|-damage|p2a: Iron Treads|50/100
|-unboost|p1a: Amigo|def|1
|-unboost|p1a: Amigo|spd|1
|move|p2a: Iron Treads|Rapid Spin|p1a: Amigo
|-damage|p1a: Amigo|72/100
|-boost|p2a: Iron Treads|spe|1
|-sideend|p2: slinledieuvivant|Sticky Web|[from] move: Rapid Spin|[of] p2a: Iron Treads
|
|-heal|p2a: Iron Treads|56/100|[from] item: Leftovers
|upkeep
|turn|17
|
|t:|1758364346
|-end|p2a: Iron Treads|Quark Drive|[silent]
|switch|p2a: Chesnaught|Chesnaught, M|90/100
|move|p1a: Amigo|Close Combat|p2a: Chesnaught
|-damage|p2a: Chesnaught|52/100
|-unboost|p1a: Amigo|def|1
|-unboost|p1a: Amigo|spd|1
|-damage|p1a: Amigo|55/100|[from] item: Rocky Helmet|[of] p2a: Chesnaught
|
|upkeep
|turn|18
|
|t:|1758364355
|switch|p1a: Brrrrrrrr|Moltres|100/100
|move|p2a: Chesnaught|Synthesis|p2a: Chesnaught
|-heal|p2a: Chesnaught|100/100
|
|upkeep
|turn|19
|
|t:|1758364361
|move|p1a: Brrrrrrrr|Flamethrower|p2a: Chesnaught
|-supereffective|p2a: Chesnaught
|-damage|p2a: Chesnaught|12/100
|move|p2a: Chesnaught|Knock Off|p1a: Brrrrrrrr
|-damage|p1a: Brrrrrrrr|80/100
|-status|p2a: Chesnaught|brn|[from] ability: Flame Body|[of] p1a: Brrrrrrrr
|-enditem|p1a: Brrrrrrrr|Heavy-Duty Boots|[from] move: Knock Off|[of] p2a: Chesnaught
|
|-damage|p2a: Chesnaught|5/100 brn|[from] brn
|upkeep
|turn|20
|
|t:|1758364371
|switch|p2a: Alomomola|Alomomola, M|100/100
|move|p1a: Brrrrrrrr|U-turn|p2a: Alomomola
|-damage|p2a: Alomomola|92/100
|
|t:|1758364375
|switch|p1a: Coco|Great Tusk|61/100|[from] U-turn
|
|upkeep
|turn|21
|
|t:|1758364379
|move|p1a: Coco|Stealth Rock|p2a: Alomomola
|-sidestart|p2: slinledieuvivant|move: Stealth Rock
|move|p2a: Alomomola|Flip Turn|p1a: Coco
|-supereffective|p1a: Coco
|-damage|p1a: Coco|38/100
|-message|slinledieuvivant forfeited.
|
|win|cissybtm4fun
|raw|cissybtm4fun's rating: 1381 &rarr; <strong>1400</strong><br />(+19 for winning)
|raw|slinledieuvivant's rating: 1359 &rarr; <strong>1340</strong><br />(-19 for losing)
|l|☆slinledieuvivant
|player|p2|
|l|☆cissybtm4fun
|player|p1|
