|j|☆eYeek
|j|☆HyperHHH
|t:|1758276074
|gametype|singles
|player|p1|eYeek|lillie-masters|1623
|player|p2|HyperHHH|fisherman-gen2jp|1711
|gen|9
|tier|[Gen 9] OU
|rated|
|rule|HP Percentage Mod: HP is shown in percentages
|rule|Endless Battle Clause: Forcing endless battles is banned
|rule|Species Clause: Limit one of each Pokémon
|rule|OHKO Clause: OHKO moves are banned
|rule|Evasion Items Clause: Evasion items are banned
|rule|Evasion Moves Clause: Evasion moves are banned
|rule|Evasion Abilities Clause: Evasion abilities are banned
|rule|Sleep Moves Clause: Sleep-inducing moves are banned
|clearpoke
|poke|p1|Pelipper, F|
|poke|p1|Hatterene, F|
|poke|p1|Iron Treads|
|poke|p1|Toxicroak, F|
|poke|p1|Barraskewda, F|
|poke|p1|Zapdos|
|poke|p2|Iron Valiant|
|poke|p2|Rotom-Wash|
|poke|p2|Ting-Lu|
|poke|p2|Gholdengo|
|poke|p2|Latios, M|
|poke|p2|Dragonite, F|
|teampreview
|inactive|Battle timer is ON: inactive players will automatically lose when time's up. (requested by HyperHHH)
|inactive|eYeek also wants the timer to be on.
|inactive|eYeek has 120 seconds left.
|inactive|eYeek has 90 seconds left.
|
|t:|1758276140
|teamsize|p1|6
|teamsize|p2|6
|start
|switch|p1a: Pelipper|Pelipper, F|100/100
|switch|p2a: Rotom|Rotom-Wash|100/100
|-weather|RainDance|[from] ability: Drizzle|[of] p1a: Pelipper
|turn|1
|
|t:|1758276144
|switch|p1a: Hatterene|Hatterene, F|100/100
|move|p2a: Rotom|Hydro Pump|p1a: Hatterene|[miss]
|-miss|p2a: Rotom|p1a: Hatterene
|
|-weather|RainDance|[upkeep]
|upkeep
|turn|2
|
|t:|1758276152
|move|p2a: Rotom|Hydro Pump|p1a: Hatterene|[miss]
|-miss|p2a: Rotom|p1a: Hatterene
|move|p1a: Hatterene|Psychic Noise|p2a: Rotom
|-damage|p2a: Rotom|65/100
|-start|p2a: Rotom|move: Heal Block
|
|-weather|RainDance|[upkeep]
|upkeep
|turn|3
|
|t:|1758276156
|switch|p1a: Toxicroak|Toxicroak, F|100/100
|move|p2a: Rotom|Hydro Pump|p1a: Toxicroak
|-immune|p1a: Toxicroak|[from] ability: Dry Skin
|
|-weather|RainDance|[upkeep]
|-end|p2a: Rotom|move: Heal Block
|upkeep
|turn|4
|
|t:|1758276166
|move|p1a: Toxicroak|Toxic|p2a: Rotom
|-status|p2a: Rotom|tox
|move|p2a: Rotom|Will-O-Wisp|p1a: Toxicroak
|-status|p1a: Toxicroak|brn
|
|-weather|RainDance|[upkeep]
|-heal|p2a: Rotom|71/100 tox|[from] item: Leftovers
|-damage|p2a: Rotom|65/100 tox|[from] psn
|-damage|p1a: Toxicroak|94/100 brn|[from] brn
|upkeep
|turn|5
|
|t:|1758276171
|move|p1a: Toxicroak|Encore|p2a: Rotom
|-start|p2a: Rotom|Encore
|move|p2a: Rotom|Will-O-Wisp|p1a: Toxicroak
|-fail|p1a: Toxicroak|brn
|
|-weather|RainDance|[upkeep]
|-heal|p1a: Toxicroak|100/100 brn|[from] ability: Dry Skin
|-heal|p2a: Rotom|71/100 tox|[from] item: Leftovers
|-damage|p2a: Rotom|58/100 tox|[from] psn
|-damage|p1a: Toxicroak|94/100 brn|[from] brn
|upkeep
|turn|6
|
|t:|1758276181
|switch|p2a: Ting-Lu|Ting-Lu|100/100
|-ability|p2a: Ting-Lu|Vessel of Ruin
|move|p1a: Toxicroak|Knock Off|p2a: Ting-Lu
|-resisted|p2a: Ting-Lu
|-damage|p2a: Ting-Lu|97/100
|-enditem|p2a: Ting-Lu|Leftovers|[from] move: Knock Off|[of] p1a: Toxicroak
|
|-weather|RainDance|[upkeep]
|-heal|p1a: Toxicroak|100/100 brn|[from] ability: Dry Skin
|-damage|p1a: Toxicroak|94/100 brn|[from] brn
|upkeep
|turn|7
|
|t:|1758276188
|switch|p1a: Hatterene|Hatterene, F|100/100
|move|p2a: Ting-Lu|Earthquake|p1a: Hatterene
|-damage|p1a: Hatterene|66/100
|-enditem|p1a: Hatterene|Eject Button
|
|t:|1758276190
|switch|p1a: Barraskewda|Barraskewda, F|100/100
|
|-weather|RainDance|[upkeep]
|upkeep
|turn|8
|
|t:|1758276199
|switch|p2a: Latios|Latios, M|100/100
|move|p1a: Barraskewda|Flip Turn|p2a: Latios
|-resisted|p2a: Latios
|-damage|p2a: Latios|49/100
|
|t:|1758276205
|switch|p1a: Iron Treads|Iron Treads|100/100|[from] Flip Turn
|
|-weather|none
|upkeep
|turn|9
|
|t:|1758276208
|move|p2a: Latios|Flip Turn|p1a: Iron Treads
|-supereffective|p1a: Iron Treads
|-damage|p1a: Iron Treads|82/100
|
|t:|1758276211
|switch|p2a: Ting-Lu|Ting-Lu|97/100|[from] Flip Turn
|-ability|p2a: Ting-Lu|Vessel of Ruin
|move|p1a: Iron Treads|Stealth Rock|p2a: Ting-Lu
|-sidestart|p2: HyperHHH|move: Stealth Rock
|
|-heal|p1a: Iron Treads|88/100|[from] item: Leftovers
|upkeep
|turn|10
|
|t:|1758276217
|-end|p1a: Iron Treads|Quark Drive|[silent]
|switch|p1a: Hatterene|Hatterene, F|66/100
|move|p2a: Ting-Lu|Earthquake|p1a: Hatterene
|-damage|p1a: Hatterene|33/100
|
|upkeep
|turn|11
|
|t:|1758276221
|switch|p1a: Pelipper|Pelipper, F|100/100
|-weather|RainDance|[from] ability: Drizzle|[of] p1a: Pelipper
|move|p2a: Ting-Lu|Earthquake|p1a: Pelipper
|-immune|p1a: Pelipper
|
|-weather|RainDance|[upkeep]
|upkeep
|turn|12
|
|t:|1758276223
|switch|p1a: Hatterene|Hatterene, F|33/100
|move|p2a: Ting-Lu|Earthquake|p1a: Hatterene
|-crit|p1a: Hatterene
|-damage|p1a: Hatterene|0 fnt
|faint|p1a: Hatterene
|
|-weather|RainDance|[upkeep]
|upkeep
|
|t:|1758276225
|switch|p1a: Barraskewda|Barraskewda, F|100/100
|turn|13
|
|t:|1758276246
|switch|p2a: Rotom|Rotom-Wash|58/100 tox
|-damage|p2a: Rotom|46/100 tox|[from] Stealth Rock
|move|p1a: Barraskewda|Liquidation|p2a: Rotom
|-resisted|p2a: Rotom
|-damage|p2a: Rotom|1/100 tox
|
|-weather|RainDance|[upkeep]
|-heal|p2a: Rotom|8/100 tox|[from] item: Leftovers
|-damage|p2a: Rotom|1/100 tox|[from] psn
|upkeep
|turn|14
|j| zbddb
|l| zbddb
|inactive|HyperHHH has 120 seconds left.
|
|t:|1758276273
|move|p1a: Barraskewda|Liquidation|p2a: Rotom
|-resisted|p2a: Rotom
|-damage|p2a: Rotom|0 fnt
|faint|p2a: Rotom
|
|-weather|RainDance|[upkeep]
|upkeep
|inactive|HyperHHH has 120 seconds left.
|
|t:|1758276286
|switch|p2a: Dragonite|Dragonite, F|100/100
|turn|15
|
|t:|1758276295
|switch|p1a: Toxicroak|Toxicroak, F|94/100 brn
|move|p2a: Dragonite|Dragon Tail|p1a: Toxicroak|[miss]
|-miss|p2a: Dragonite|p1a: Toxicroak
|
|-weather|RainDance|[upkeep]
|-heal|p1a: Toxicroak|100/100 brn|[from] ability: Dry Skin
|-damage|p1a: Toxicroak|94/100 brn|[from] brn
|upkeep
|turn|16
|c|☆eYeek|yo your pokemon are fucking blind
|
|t:|1758276307
|switch|p2a: Ting-Lu|Ting-Lu|97/100
|-damage|p2a: Ting-Lu|91/100|[from] Stealth Rock
|-ability|p2a: Ting-Lu|Vessel of Ruin
|move|p1a: Toxicroak|Toxic|p2a: Ting-Lu
|-status|p2a: Ting-Lu|tox
|
|-weather|RainDance|[upkeep]
|-heal|p1a: Toxicroak|100/100 brn|[from] ability: Dry Skin
|-damage|p2a: Ting-Lu|85/100 tox|[from] psn
|-damage|p1a: Toxicroak|94/100 brn|[from] brn
|upkeep
|turn|17
|
|t:|1758276312
|switch|p1a: Barraskewda|Barraskewda, F|100/100
|move|p2a: Ting-Lu|Stealth Rock|p1a: Barraskewda
|-sidestart|p1: eYeek|move: Stealth Rock
|
|-weather|RainDance|[upkeep]
|-damage|p2a: Ting-Lu|72/100 tox|[from] psn
|upkeep
|turn|18
|
|t:|1758276324
|switch|p2a: Dragonite|Dragonite, F|100/100
|move|p1a: Barraskewda|Flip Turn|p2a: Dragonite
|-resisted|p2a: Dragonite
|-damage|p2a: Dragonite|83/100
|
|t:|1758276326
|switch|p1a: Iron Treads|Iron Treads|88/100|[from] Flip Turn
|-damage|p1a: Iron Treads|85/100|[from] Stealth Rock
|
|-weather|none
|-heal|p1a: Iron Treads|91/100|[from] item: Leftovers
|upkeep
|turn|19
|
|t:|1758276329
|switch|p2a: Gholdengo|Gholdengo|100/100
|-damage|p2a: Gholdengo|94/100|[from] Stealth Rock
|-item|p2a: Gholdengo|Air Balloon
|move|p1a: Iron Treads|Volt Switch|p2a: Gholdengo
|-damage|p2a: Gholdengo|83/100
|-enditem|p2a: Gholdengo|Air Balloon
|
|t:|1758276334
|-end|p1a: Iron Treads|Quark Drive|[silent]
|switch|p1a: Pelipper|Pelipper, F|100/100|[from] Volt Switch
|-damage|p1a: Pelipper|76/100|[from] Stealth Rock
|-weather|RainDance|[from] ability: Drizzle|[of] p1a: Pelipper
|
|-weather|RainDance|[upkeep]
|upkeep
|turn|20
|
|t:|1758276351
|move|p2a: Gholdengo|Thunder Wave|p1a: Pelipper
|-status|p1a: Pelipper|par
|cant|p1a: Pelipper|par
|
|-weather|RainDance|[upkeep]
|upkeep
|turn|21
|
|t:|1758276368
|switch|p2a: Iron Valiant|Iron Valiant|100/100
|move|p1a: Pelipper|U-turn|p2a: Iron Valiant
|-resisted|p2a: Iron Valiant
|-damage|p2a: Iron Valiant|97/100
|
|t:|1758276371
|switch|p1a: Barraskewda|Barraskewda, F|100/100|[from] U-turn
|-damage|p1a: Barraskewda|88/100|[from] Stealth Rock
|
|-weather|RainDance|[upkeep]
|upkeep
|turn|22
|
|t:|1758276382
|-end|p2a: Iron Valiant|Quark Drive|[silent]
|switch|p2a: Dragonite|Dragonite, F|83/100
|move|p1a: Barraskewda|Flip Turn|p2a: Dragonite
|-resisted|p2a: Dragonite
|-damage|p2a: Dragonite|48/100
|
|t:|1758276385
|switch|p1a: Iron Treads|Iron Treads|91/100|[from] Flip Turn
|-damage|p1a: Iron Treads|88/100|[from] Stealth Rock
|
|-weather|RainDance|[upkeep]
|-heal|p1a: Iron Treads|94/100|[from] item: Leftovers
|upkeep
|turn|23
|
|t:|1758276388
|switch|p2a: Gholdengo|Gholdengo|83/100
|-damage|p2a: Gholdengo|77/100|[from] Stealth Rock
|move|p1a: Iron Treads|Volt Switch|p2a: Gholdengo
|-damage|p2a: Gholdengo|66/100
|
|t:|1758276390
|-end|p1a: Iron Treads|Quark Drive|[silent]
|switch|p1a: Barraskewda|Barraskewda, F|88/100|[from] Volt Switch
|-damage|p1a: Barraskewda|76/100|[from] Stealth Rock
|
|-weather|RainDance|[upkeep]
|upkeep
|turn|24
|
|t:|1758276394
|move|p1a: Barraskewda|Liquidation|p2a: Gholdengo
|-damage|p2a: Gholdengo|0 fnt
|faint|p2a: Gholdengo
|
|-weather|RainDance|[upkeep]
|upkeep
|
|t:|1758276408
|switch|p2a: Dragonite|Dragonite, F|48/100
|turn|25
|
|t:|1758276415
|move|p1a: Barraskewda|Liquidation|p2a: Dragonite
|-resisted|p2a: Dragonite
|-damage|p2a: Dragonite|3/100
|move|p2a: Dragonite|Earthquake|p1a: Barraskewda
|-damage|p1a: Barraskewda|0 fnt
|faint|p1a: Barraskewda
|
|-weather|RainDance|[upkeep]
|upkeep
|
|t:|1758276419
|switch|p1a: Iron Treads|Iron Treads|94/100
|-damage|p1a: Iron Treads|92/100|[from] Stealth Rock
|turn|26
|
|t:|1758276427
|switch|p2a: Ting-Lu|Ting-Lu|72/100 tox
|-damage|p2a: Ting-Lu|66/100 tox|[from] Stealth Rock
|-ability|p2a: Ting-Lu|Vessel of Ruin
|move|p1a: Iron Treads|Rapid Spin|p2a: Ting-Lu
|-damage|p2a: Ting-Lu|60/100 tox
|-boost|p1a: Iron Treads|spe|1
|-sideend|p1: eYeek|Stealth Rock|[from] move: Rapid Spin|[of] p1a: Iron Treads
|
|-weather|none
|-heal|p1a: Iron Treads|98/100|[from] item: Leftovers
|-damage|p2a: Ting-Lu|53/100 tox|[from] psn
|upkeep
|turn|27
|
|t:|1758276432
|move|p1a: Iron Treads|Earthquake|p2a: Ting-Lu
|-damage|p2a: Ting-Lu|33/100 tox
|move|p2a: Ting-Lu|Stealth Rock|p1a: Iron Treads
|-sidestart|p1: eYeek|move: Stealth Rock
|
|-heal|p1a: Iron Treads|100/100|[from] item: Leftovers
|-damage|p2a: Ting-Lu|21/100 tox|[from] psn
|upkeep
|turn|28
|
|t:|1758276434
|move|p1a: Iron Treads|Rapid Spin|p2a: Ting-Lu
|-damage|p2a: Ting-Lu|13/100 tox
|-boost|p1a: Iron Treads|spe|1
|-sideend|p1: eYeek|Stealth Rock|[from] move: Rapid Spin|[of] p1a: Iron Treads
|move|p2a: Ting-Lu|Earthquake|p1a: Iron Treads
|-supereffective|p1a: Iron Treads
|-damage|p1a: Iron Treads|42/100
|
|-heal|p1a: Iron Treads|48/100|[from] item: Leftovers
|-damage|p2a: Ting-Lu|0 fnt|[from] psn
|faint|p2a: Ting-Lu
|upkeep
|
|t:|1758276437
|switch|p2a: Iron Valiant|Iron Valiant|97/100
|turn|29
|
|t:|1758276445
|move|p1a: Iron Treads|Earthquake|p2a: Iron Valiant
|-damage|p2a: Iron Valiant|47/100
|move|p2a: Iron Valiant|Close Combat|p1a: Iron Treads
|-supereffective|p1a: Iron Treads
|-damage|p1a: Iron Treads|0 fnt
|-unboost|p2a: Iron Valiant|def|1
|-unboost|p2a: Iron Valiant|spd|1
|faint|p1a: Iron Treads
|-end|p1a: Iron Treads|Quark Drive|[silent]
|
|upkeep
|
|t:|1758276448
|switch|p1a: Zapdos|Zapdos|100/100
|turn|30
|
|t:|1758276477
|move|p2a: Iron Valiant|Moonblast|p1a: Zapdos
|-damage|p1a: Zapdos|42/100
|move|p1a: Zapdos|Volt Switch|p2a: Iron Valiant
|-damage|p2a: Iron Valiant|0 fnt
|faint|p2a: Iron Valiant
|-end|p2a: Iron Valiant|Quark Drive|[silent]
|
|t:|1758276496
|switch|p1a: Pelipper|Pelipper, F|76/100 par|[from] Volt Switch
|-weather|RainDance|[from] ability: Drizzle|[of] p1a: Pelipper
|
|-weather|RainDance|[upkeep]
|upkeep
|
|t:|1758276508
|switch|p2a: Dragonite|Dragonite, F|3/100
|turn|31
|
|t:|1758276514
|move|p2a: Dragonite|Roost|p2a: Dragonite
|-heal|p2a: Dragonite|53/100
|-singleturn|p2a: Dragonite|move: Roost
|move|p1a: Pelipper|U-turn|p2a: Dragonite
|-damage|p2a: Dragonite|44/100
|
|t:|1758276516
|switch|p1a: Zapdos|Zapdos|42/100|[from] U-turn
|
|-weather|RainDance|[upkeep]
|upkeep
|turn|32
|
|t:|1758276522
|-terastallize|p2a: Dragonite|Normal
|move|p2a: Dragonite|Extreme Speed|p1a: Zapdos
|-damage|p1a: Zapdos|0 fnt
|faint|p1a: Zapdos
|
|-weather|RainDance|[upkeep]
|upkeep
|
|t:|1758276527
|switch|p1a: Toxicroak|Toxicroak, F|94/100 brn
|turn|33
|
|t:|1758276532
|-terastallize|p1a: Toxicroak|Ghost
|move|p1a: Toxicroak|Encore|p2a: Dragonite
|-start|p2a: Dragonite|Encore
|move|p2a: Dragonite|Extreme Speed|p1a: Toxicroak
|-immune|p1a: Toxicroak
|
|-weather|RainDance|[upkeep]
|-heal|p1a: Toxicroak|100/100 brn|[from] ability: Dry Skin
|-damage|p1a: Toxicroak|94/100 brn|[from] brn
|upkeep
|turn|34
|
|t:|1758276538
|move|p2a: Dragonite|Extreme Speed|p1a: Toxicroak
|-immune|p1a: Toxicroak
|move|p1a: Toxicroak|Knock Off|p2a: Dragonite
|-damage|p2a: Dragonite|32/100
|-enditem|p2a: Dragonite|Heavy-Duty Boots|[from] move: Knock Off|[of] p1a: Toxicroak
|
|-weather|RainDance|[upkeep]
|-heal|p1a: Toxicroak|100/100 brn|[from] ability: Dry Skin
|-damage|p1a: Toxicroak|94/100 brn|[from] brn
|upkeep
|turn|35
|
|t:|1758276545
|move|p2a: Dragonite|Extreme Speed|p1a: Toxicroak
|-immune|p1a: Toxicroak
|move|p1a: Toxicroak|Knock Off|p2a: Dragonite
|-damage|p2a: Dragonite|25/100
|
|-weather|RainDance|[upkeep]
|-heal|p1a: Toxicroak|100/100 brn|[from] ability: Dry Skin
|-damage|p1a: Toxicroak|94/100 brn|[from] brn
|-end|p2a: Dragonite|Encore
|upkeep
|turn|36
|inactive|HyperHHH has 120 seconds left.
|
|t:|1758276589
|move|p1a: Toxicroak|Encore|p2a: Dragonite
|-start|p2a: Dragonite|Encore
|move|p2a: Dragonite|Extreme Speed|p1a: Toxicroak
|-immune|p1a: Toxicroak
|
|-weather|RainDance|[upkeep]
|-heal|p1a: Toxicroak|100/100 brn|[from] ability: Dry Skin
|-damage|p1a: Toxicroak|94/100 brn|[from] brn
|upkeep
|turn|37
|
|t:|1758276596
|move|p2a: Dragonite|Extreme Speed|p1a: Toxicroak
|-immune|p1a: Toxicroak
|move|p1a: Toxicroak|Drain Punch|p2a: Dragonite
|-supereffective|p2a: Dragonite
|-damage|p2a: Dragonite|0 fnt
|-heal|p1a: Toxicroak|100/100 brn|[from] drain|[of] p2a: Dragonite
|faint|p2a: Dragonite
|
|-weather|none
|-damage|p1a: Toxicroak|94/100 brn|[from] brn
|upkeep
|
|t:|1758276598
|switch|p2a: Latios|Latios, M|49/100
|-damage|p2a: Latios|36/100|[from] Stealth Rock
|turn|38
|inactive|HyperHHH has 120 seconds left.
|inactive|HyperHHH has 90 seconds left.
|
|t:|1758276660
|move|p2a: Latios|Draco Meteor|p1a: Toxicroak
|-damage|p1a: Toxicroak|12/100 brn
|-unboost|p2a: Latios|spa|2
|move|p1a: Toxicroak|Knock Off|p2a: Latios
|-supereffective|p2a: Latios
|-damage|p2a: Latios|4/100
|-enditem|p2a: Latios|Choice Scarf|[from] move: Knock Off|[of] p1a: Toxicroak
|
|-damage|p1a: Toxicroak|6/100 brn|[from] brn
|upkeep
|turn|39
|
|t:|1758276672
|move|p2a: Latios|Luster Purge|p1a: Toxicroak
|-damage|p1a: Toxicroak|0 fnt
|faint|p1a: Toxicroak
|
|upkeep
|
|t:|1758276674
|switch|p1a: Pelipper|Pelipper, F|76/100 par
|-weather|RainDance|[from] ability: Drizzle|[of] p1a: Pelipper
|turn|40
|
|t:|1758276679
|move|p2a: Latios|Draco Meteor|p1a: Pelipper|[miss]
|-miss|p2a: Latios|p1a: Pelipper
|move|p1a: Pelipper|U-turn|p2a: Latios
|-supereffective|p2a: Latios
|-damage|p2a: Latios|0 fnt
|faint|p2a: Latios
|
|win|eYeek
|raw|eYeek's rating: 1623 &rarr; <strong>1648</strong><br />(+25 for winning)
|raw|HyperHHH's rating: 1711 &rarr; <strong>1686</strong><br />(-25 for losing)
|l|☆eYeek
|player|p1|
|l|☆HyperHHH
|player|p2|
