|j|☆Zavanna
|j|☆montayo
|t:|1758298423
|gametype|singles
|player|p1|Zavanna|2|1101
|player|p2|montayo|chuck|1097
|gen|9
|tier|[Gen 9] OU
|rated|
|rule|HP Percentage Mod: HP is shown in percentages
|rule|Endless Battle Clause: Forcing endless battles is banned
|rule|Species Clause: Limit one of each Pokémon
|rule|OHKO Clause: OHKO moves are banned
|rule|Evasion Items Clause: Evasion items are banned
|rule|Evasion Moves Clause: Evasion moves are banned
|rule|Evasion Abilities Clause: Evasion abilities are banned
|rule|Sleep Moves Clause: Sleep-inducing moves are banned
|clearpoke
|poke|p1|Vaporeon, M|
|poke|p1|Incineroar, F|
|poke|p1|Rillaboom, M|
|poke|p1|Landorus-Therian, M|
|poke|p1|Iron Crown|
|poke|p1|Weezing-Galar, F|
|poke|p2|Meowscarada, M|
|poke|p2|Pelipper, M|
|poke|p2|Hoopa-Unbound|
|poke|p2|Mew|
|poke|p2|Inteleon, M|
|poke|p2|Zapdos|
|teampreview
|
|t:|1758298455
|teamsize|p1|6
|teamsize|p2|6
|start
|switch|p1a: Vaporeon|Vaporeon, M|100/100
|switch|p2a: neon mew|Mew|100/100
|turn|1
|inactive|Battle timer is ON: inactive players will automatically lose when time's up. (requested by Zavanna)
|
|t:|1758298464
|move|p2a: neon mew|Bug Buzz|p1a: Vaporeon
|-damage|p1a: Vaporeon|78/100
|-enditem|p2a: neon mew|Throat Spray
|-boost|p2a: neon mew|spa|1|[from] item: Throat Spray
|move|p1a: Vaporeon|Calm Mind|p1a: Vaporeon
|-boost|p1a: Vaporeon|spa|1
|-boost|p1a: Vaporeon|spd|1
|
|upkeep
|turn|2
|
|t:|1758298469
|move|p2a: neon mew|Psychic|p1a: Vaporeon
|-damage|p1a: Vaporeon|40/100
|move|p1a: Vaporeon|Calm Mind|p1a: Vaporeon
|-boost|p1a: Vaporeon|spa|1
|-boost|p1a: Vaporeon|spd|1
|
|upkeep
|turn|3
|
|t:|1758298475
|move|p2a: neon mew|Psychic|p1a: Vaporeon
|-damage|p1a: Vaporeon|15/100
|move|p1a: Vaporeon|Scald|p2a: neon mew
|-damage|p2a: neon mew|35/100
|
|upkeep
|turn|4
|
|t:|1758298479
|switch|p1a: Incineroar|Incineroar, F|100/100
|-ability|p1a: Incineroar|Intimidate|boost
|-unboost|p2a: neon mew|atk|1
|move|p2a: neon mew|Psychic|p1a: Incineroar
|-immune|p1a: Incineroar
|
|upkeep
|turn|5
|
|t:|1758298504
|move|p2a: neon mew|Bug Buzz|p1a: Incineroar
|-damage|p1a: Incineroar|67/100
|move|p1a: Incineroar|Flame Charge|p2a: neon mew
|-damage|p2a: neon mew|14/100
|-boost|p1a: Incineroar|spe|1
|
|upkeep
|turn|6
|
|t:|1758298515
|move|p1a: Incineroar|Power Trip|p2a: neon mew
|-supereffective|p2a: neon mew
|-damage|p2a: neon mew|0 fnt
|faint|p2a: neon mew
|
|upkeep
|
|t:|1758298525
|switch|p2a: nigachen|Pelipper, M|100/100
|-weather|RainDance|[from] ability: Drizzle|[of] p2a: nigachen
|turn|7
|
|t:|1758298537
|move|p1a: Incineroar|Bulk Up|p1a: Incineroar
|-boost|p1a: Incineroar|atk|1
|-boost|p1a: Incineroar|def|1
|move|p2a: nigachen|Hurricane|p1a: Incineroar
|-damage|p1a: Incineroar|0 fnt
|faint|p1a: Incineroar
|
|-weather|RainDance|[upkeep]
|upkeep
|
|t:|1758298547
|switch|p1a: Iron Crown|Iron Crown|100/100
|turn|8
|
|t:|1758298556
|switch|p2a: duck meme|Zapdos|100/100
|move|p1a: Iron Crown|Future Sight|p2a: duck meme
|-start|p1a: Iron Crown|move: Future Sight
|
|-weather|RainDance|[upkeep]
|upkeep
|turn|9
|
|t:|1758298574
|move|p2a: duck meme|Discharge|p1a: Iron Crown
|-damage|p1a: Iron Crown|58/100
|move|p1a: Iron Crown|Tachyon Cutter|p2a: duck meme
|-resisted|p2a: duck meme
|-damage|p2a: duck meme|86/100
|-resisted|p2a: duck meme
|-damage|p2a: duck meme|72/100
|-hitcount|p2a: duck meme|2
|
|-weather|RainDance|[upkeep]
|upkeep
|turn|10
|
|t:|1758298592
|move|p2a: duck meme|Discharge|p1a: Iron Crown
|-damage|p1a: Iron Crown|15/100
|move|p1a: Iron Crown|Volt Switch|p2a: duck meme
|-damage|p2a: duck meme|43/100
|inactive|Zavanna has 120 seconds left.
|
|t:|1758298604
|-end|p1a: Iron Crown|Quark Drive|[silent]
|switch|p1a: Rillaboom|Rillaboom, M|100/100|[from] Volt Switch
|-fieldstart|move: Grassy Terrain|[from] ability: Grassy Surge|[of] p1a: Rillaboom
|
|-weather|RainDance|[upkeep]
|-end|p2a: duck meme|move: Future Sight
|-damage|p2a: duck meme|0 fnt
|faint|p2a: duck meme
|upkeep
|
|t:|1758298622
|switch|p2a: nigachen|Pelipper, M|100/100
|turn|11
|inactive|Zavanna has 120 seconds left.
|
|t:|1758298646
|switch|p1a: Landorus|Landorus-Therian, M|100/100
|-ability|p1a: Landorus|Intimidate|boost
|-unboost|p2a: nigachen|atk|1
|move|p2a: nigachen|Hurricane|p1a: Landorus
|-damage|p1a: Landorus|20/100
|
|-weather|none
|upkeep
|turn|12
|inactive|Zavanna has 120 seconds left.
|
|t:|1758298667
|move|p1a: Landorus|Stealth Rock|p2a: nigachen
|-sidestart|p2: montayo|move: Stealth Rock
|move|p2a: nigachen|Hurricane|p1a: Landorus|[miss]
|-miss|p2a: nigachen|p1a: Landorus
|
|upkeep
|turn|13
|
|t:|1758298675
|move|p1a: Landorus|U-turn|p2a: nigachen
|-resisted|p2a: nigachen
|-damage|p2a: nigachen|90/100
|
|t:|1758298682
|switch|p1a: Weezing|Weezing-Galar, F|100/100|[from] U-turn
|-ability|p1a: Weezing|Neutralizing Gas
|move|p2a: nigachen|Hurricane|p1a: Weezing|[miss]
|-miss|p2a: nigachen|p1a: Weezing
|
|upkeep
|turn|14
|
|t:|1758298692
|move|p2a: nigachen|Hurricane|p1a: Weezing|[miss]
|-miss|p2a: nigachen|p1a: Weezing
|move|p1a: Weezing|Strange Steam|p2a: nigachen
|-damage|p2a: nigachen|39/100
|-start|p2a: nigachen|confusion
|
|-fieldend|move: Grassy Terrain
|upkeep
|turn|15
|
|t:|1758298701
|-activate|p2a: nigachen|confusion
|move|p2a: nigachen|Hurricane|p1a: Weezing
|-damage|p1a: Weezing|0 fnt
|faint|p1a: Weezing
|-end|p1a: Weezing|ability: Neutralizing Gas
|-weather|RainDance|[from] ability: Drizzle|[of] p2a: nigachen
|
|-weather|RainDance|[upkeep]
|upkeep
|
|t:|1758298704
|switch|p1a: Vaporeon|Vaporeon, M|15/100
|turn|16
|-enditem|p1a: Vaporeon|Custap Berry|[eat]
|-activate|p1a: Vaporeon|item: Custap Berry|[consumed]
|
|t:|1758298710
|move|p1a: Vaporeon|Ice Beam|p2a: nigachen
|-damage|p2a: nigachen|0 fnt
|faint|p2a: nigachen
|
|-weather|RainDance|[upkeep]
|upkeep
|
|t:|1758298718
|switch|p2a: randall|Inteleon, M|100/100
|-damage|p2a: randall|88/100|[from] Stealth Rock
|turn|17
|
|t:|1758298733
|-terastallize|p2a: randall|Water
|move|p2a: randall|Snipe Shot|p1a: Vaporeon
|-heal|p1a: Vaporeon|40/100|[from] ability: Water Absorb|[of] p2a: randall
|move|p1a: Vaporeon|Alluring Voice|p2a: randall
|-damage|p2a: randall|46/100
|
|-weather|RainDance|[upkeep]
|upkeep
|turn|18
|
|t:|1758298745
|switch|p2a: forbiddan one|Hoopa-Unbound|100/100
|-damage|p2a: forbiddan one|88/100|[from] Stealth Rock
|move|p1a: Vaporeon|Alluring Voice|p2a: forbiddan one
|-supereffective|p2a: forbiddan one
|-damage|p2a: forbiddan one|46/100
|
|-weather|RainDance|[upkeep]
|upkeep
|turn|19
|
|t:|1758298758
|move|p2a: forbiddan one|Dark Pulse|p1a: Vaporeon
|-damage|p1a: Vaporeon|0 fnt
|faint|p1a: Vaporeon
|
|-weather|none
|upkeep
|
|t:|1758298782
|switch|p1a: Landorus|Landorus-Therian, M|20/100
|-ability|p1a: Landorus|Intimidate|boost
|-unboost|p2a: forbiddan one|atk|1
|turn|20
|
|t:|1758298791
|move|p2a: forbiddan one|Dark Pulse|p1a: Landorus
|-damage|p1a: Landorus|0 fnt
|faint|p1a: Landorus
|
|upkeep
|
|t:|1758298795
|switch|p1a: Rillaboom|Rillaboom, M|100/100
|-fieldstart|move: Grassy Terrain|[from] ability: Grassy Surge|[of] p1a: Rillaboom
|turn|21
|
|t:|1758298802
|move|p2a: forbiddan one|Dark Pulse|p1a: Rillaboom
|-damage|p1a: Rillaboom|21/100
|move|p1a: Rillaboom|U-turn|p2a: forbiddan one
|-supereffective|p2a: forbiddan one
|-damage|p2a: forbiddan one|0 fnt
|faint|p2a: forbiddan one
|
|t:|1758298807
|switch|p1a: Iron Crown|Iron Crown|15/100|[from] U-turn
|
|-heal|p1a: Iron Crown|22/100|[from] Grassy Terrain
|upkeep
|
|t:|1758298818
|switch|p2a: randall|Inteleon, M, tera:Water|46/100
|-damage|p2a: randall|34/100|[from] Stealth Rock
|turn|22
|
|t:|1758298827
|move|p2a: randall|Dark Pulse|p1a: Iron Crown
|-supereffective|p1a: Iron Crown
|-damage|p1a: Iron Crown|0 fnt
|faint|p1a: Iron Crown
|-end|p1a: Iron Crown|Quark Drive|[silent]
|
|-heal|p2a: randall|40/100|[from] Grassy Terrain
|upkeep
|
|t:|1758298830
|switch|p1a: Rillaboom|Rillaboom, M|21/100
|turn|23
|
|t:|1758298834
|move|p1a: Rillaboom|Grassy Glide|p2a: randall
|-supereffective|p2a: randall
|-damage|p2a: randall|0 fnt
|faint|p2a: randall
|
|-heal|p1a: Rillaboom|27/100|[from] Grassy Terrain
|upkeep
|
|t:|1758298838
|switch|p2a: cat in the weed|Meowscarada, M|100/100
|-damage|p2a: cat in the weed|88/100|[from] Stealth Rock
|turn|24
|
|t:|1758298843
|-terastallize|p1a: Rillaboom|Grass
|move|p1a: Rillaboom|Grassy Glide|p2a: cat in the weed
|-resisted|p2a: cat in the weed
|-damage|p2a: cat in the weed|24/100
|move|p2a: cat in the weed|Knock Off|p1a: Rillaboom
|-start|p2a: cat in the weed|typechange|Dark|[from] ability: Protean
|-damage|p1a: Rillaboom|0 fnt
|-enditem|p1a: Rillaboom|Choice Band|[from] move: Knock Off|[of] p2a: cat in the weed
|faint|p1a: Rillaboom
|
|win|montayo
|raw|Zavanna's rating: 1101 &rarr; <strong>1076</strong><br />(-25 for losing)
|raw|montayo's rating: 1097 &rarr; <strong>1123</strong><br />(+26 for winning)
|l|☆Zavanna
|player|p1|
|l|☆montayo
|player|p2|
