|j|☆TPX05
|j|‽socaselectah
|t:|1758286030
|gametype|singles
|player|p1|TPX05|101|1489
|player|p2|socaselectah|101|1529
|gen|9
|tier|[Gen 9] OU
|rated|
|rule|HP Percentage Mod: HP is shown in percentages
|rule|Endless Battle Clause: Forcing endless battles is banned
|rule|Species Clause: Limit one of each Pokémon
|rule|OHKO Clause: OHKO moves are banned
|rule|Evasion Items Clause: Evasion items are banned
|rule|Evasion Moves Clause: Evasion moves are banned
|rule|Evasion Abilities Clause: Evasion abilities are banned
|rule|Sleep Moves Clause: Sleep-inducing moves are banned
|clearpoke
|poke|p1|Dragalge, M|
|poke|p1|Alomomola, M|
|poke|p1|Weavile, F|
|poke|p1|Great Tusk|
|poke|p1|Iron Crown|
|poke|p1|Dragonite, M|
|poke|p2|Torkoal, M|
|poke|p2|Clefable, M|
|poke|p2|Mandibuzz, F|
|poke|p2|Walking Wake|
|poke|p2|Iron Moth|
|poke|p2|Brute Bonnet|
|teampreview
|inactive|Battle timer is ON: inactive players will automatically lose when time's up. (requested by socaselectah)
|
|t:|1758286059
|teamsize|p1|6
|teamsize|p2|6
|start
|switch|p1a: Dragalge|Dragalge, M|100/100
|switch|p2a: Walking Wake|Walking Wake|100/100
|turn|1
|
|t:|1758286066
|switch|p1a: Iron Crown|Iron Crown|100/100
|move|p2a: Walking Wake|Draco Meteor|p1a: Iron Crown
|-resisted|p1a: Iron Crown
|-damage|p1a: Iron Crown|68/100
|-unboost|p2a: Walking Wake|spa|2
|
|upkeep
|turn|2
|
|t:|1758286076
|-end|p2a: Walking Wake|Protosynthesis|[silent]
|switch|p2a: Clefable|Clefable, M|100/100
|move|p1a: Iron Crown|Tachyon Cutter|p2a: Clefable
|-supereffective|p2a: Clefable
|-damage|p2a: Clefable|67/100
|-supereffective|p2a: Clefable
|-damage|p2a: Clefable|33/100
|-hitcount|p2a: Clefable|2
|
|upkeep
|turn|3
|
|t:|1758286080
|switch|p2a: Torkoal|Torkoal, M|100/100
|-weather|SunnyDay|[from] ability: Drought|[of] p2a: Torkoal
|move|p1a: Iron Crown|Volt Switch|p2a: Torkoal
|-damage|p2a: Torkoal|69/100
|
|t:|1758286089
|-end|p1a: Iron Crown|Quark Drive|[silent]
|switch|p1a: Dragalge|Dragalge, M|100/100|[from] Volt Switch
|
|-weather|SunnyDay|[upkeep]
|upkeep
|turn|4
|
|t:|1758286094
|switch|p2a: Clefable|Clefable, M|33/100
|move|p1a: Dragalge|Sludge Bomb|p2a: Clefable
|-supereffective|p2a: Clefable
|-damage|p2a: Clefable|0 fnt
|faint|p2a: Clefable
|
|-weather|SunnyDay|[upkeep]
|upkeep
|
|t:|1758286102
|switch|p2a: Walking Wake|Walking Wake|100/100
|-activate|p2a: Walking Wake|ability: Protosynthesis
|-start|p2a: Walking Wake|protosynthesisspe
|turn|5
|
|t:|1758286108
|switch|p1a: Alomomola|Alomomola, M|100/100
|move|p2a: Walking Wake|Hydro Steam|p1a: Alomomola
|-resisted|p1a: Alomomola
|-damage|p1a: Alomomola|62/100
|
|-weather|SunnyDay|[upkeep]
|upkeep
|turn|6
|
|t:|1758286113
|-end|p2a: Walking Wake|Protosynthesis|[silent]
|switch|p2a: Mandibuzz|Mandibuzz, F|100/100
|move|p1a: Alomomola|Wish|p1a: Alomomola
|
|-weather|SunnyDay|[upkeep]
|upkeep
|turn|7
|
|t:|1758286118
|move|p2a: Mandibuzz|Knock Off|p1a: Alomomola
|-damage|p1a: Alomomola|45/100
|-enditem|p1a: Alomomola|Heavy-Duty Boots|[from] move: Knock Off|[of] p2a: Mandibuzz
|move|p1a: Alomomola|Flip Turn|p2a: Mandibuzz
|-damage|p2a: Mandibuzz|96/100
|
|t:|1758286121
|switch|p1a: Iron Crown|Iron Crown|68/100|[from] Flip Turn
|
|-weather|SunnyDay|[upkeep]
|-heal|p1a: Iron Crown|100/100|[from] move: Wish|[wisher] Alomomola
|-heal|p2a: Mandibuzz|100/100|[from] item: Leftovers
|upkeep
|turn|8
|
|t:|1758286123
|move|p1a: Iron Crown|Volt Switch|p2a: Mandibuzz
|-supereffective|p2a: Mandibuzz
|-damage|p2a: Mandibuzz|58/100
|
|t:|1758286126
|-end|p1a: Iron Crown|Quark Drive|[silent]
|switch|p1a: Alomomola|Alomomola, M|79/100|[from] Volt Switch
|move|p2a: Mandibuzz|Roost|p2a: Mandibuzz
|-heal|p2a: Mandibuzz|100/100
|-singleturn|p2a: Mandibuzz|move: Roost
|
|-weather|SunnyDay|[upkeep]
|upkeep
|turn|9
|
|t:|1758286128
|move|p2a: Mandibuzz|Knock Off|p1a: Alomomola
|-damage|p1a: Alomomola|68/100
|move|p1a: Alomomola|Flip Turn|p2a: Mandibuzz
|-damage|p2a: Mandibuzz|96/100
|
|t:|1758286130
|switch|p1a: Iron Crown|Iron Crown|100/100|[from] Flip Turn
|
|-weather|SunnyDay|[upkeep]
|-heal|p2a: Mandibuzz|100/100|[from] item: Leftovers
|upkeep
|turn|10
|
|t:|1758286132
|move|p1a: Iron Crown|Volt Switch|p2a: Mandibuzz
|-supereffective|p2a: Mandibuzz
|-damage|p2a: Mandibuzz|60/100
|
|t:|1758286136
|-end|p1a: Iron Crown|Quark Drive|[silent]
|switch|p1a: Alomomola|Alomomola, M|100/100|[from] Volt Switch
|move|p2a: Mandibuzz|Knock Off|p1a: Alomomola
|-damage|p1a: Alomomola|90/100
|
|-weather|none
|-heal|p2a: Mandibuzz|67/100|[from] item: Leftovers
|upkeep
|turn|11
|
|t:|1758286140
|switch|p2a: Torkoal|Torkoal, M|69/100
|-weather|SunnyDay|[from] ability: Drought|[of] p2a: Torkoal
|move|p1a: Alomomola|Flip Turn|p2a: Torkoal
|-supereffective|p2a: Torkoal
|-damage|p2a: Torkoal|60/100
|
|t:|1758286149
|switch|p1a: Dragalge|Dragalge, M|100/100|[from] Flip Turn
|
|-weather|SunnyDay|[upkeep]
|upkeep
|turn|12
|
|t:|1758286159
|switch|p2a: Walking Wake|Walking Wake|100/100
|-activate|p2a: Walking Wake|ability: Protosynthesis
|-start|p2a: Walking Wake|protosynthesisspe
|move|p1a: Dragalge|Toxic Spikes|p2a: Walking Wake
|-sidestart|p2: socaselectah|move: Toxic Spikes
|
|-weather|SunnyDay|[upkeep]
|upkeep
|turn|13
|
|t:|1758286171
|move|p2a: Walking Wake|Draco Meteor|p1a: Dragalge
|-supereffective|p1a: Dragalge
|-damage|p1a: Dragalge|0 fnt
|-unboost|p2a: Walking Wake|spa|2
|faint|p1a: Dragalge
|
|-weather|SunnyDay|[upkeep]
|upkeep
|
|t:|1758286176
|switch|p1a: Iron Crown|Iron Crown|100/100
|turn|14
|
|t:|1758286185
|-end|p2a: Walking Wake|Protosynthesis|[silent]
|switch|p2a: Mandibuzz|Mandibuzz, F|67/100
|move|p1a: Iron Crown|Tachyon Cutter|p2a: Mandibuzz
|-damage|p2a: Mandibuzz|47/100
|-crit|p2a: Mandibuzz
|-damage|p2a: Mandibuzz|17/100
|-hitcount|p2a: Mandibuzz|2
|
|-weather|SunnyDay|[upkeep]
|-heal|p2a: Mandibuzz|24/100|[from] item: Leftovers
|upkeep
|turn|15
|
|t:|1758286189
|move|p1a: Iron Crown|Tachyon Cutter|p2a: Mandibuzz
|-damage|p2a: Mandibuzz|4/100
|-damage|p2a: Mandibuzz|0 fnt
|faint|p2a: Mandibuzz
|-hitcount|p2: Mandibuzz|2
|
|-weather|SunnyDay|[upkeep]
|upkeep
|
|t:|1758286192
|switch|p2a: Iron Moth|Iron Moth|100/100
|-sideend|p2: socaselectah|move: Toxic Spikes|[of] p2a: Iron Moth
|-enditem|p2a: Iron Moth|Booster Energy
|-activate|p2a: Iron Moth|ability: Quark Drive|[fromitem]
|-start|p2a: Iron Moth|quarkdrivespe
|turn|16
|
|t:|1758286196
|-terastallize|p1a: Iron Crown|Fire
|move|p2a: Iron Moth|Fiery Dance|p1a: Iron Crown
|-resisted|p1a: Iron Crown
|-damage|p1a: Iron Crown|80/100
|move|p1a: Iron Crown|Psyshock|p2a: Iron Moth
|-supereffective|p2a: Iron Moth
|-damage|p2a: Iron Moth|0 fnt
|faint|p2a: Iron Moth
|-end|p2a: Iron Moth|Quark Drive|[silent]
|
|-weather|SunnyDay|[upkeep]
|upkeep
|
|t:|1758286200
|switch|p2a: Walking Wake|Walking Wake|100/100
|-activate|p2a: Walking Wake|ability: Protosynthesis
|-start|p2a: Walking Wake|protosynthesisspe
|turn|17
|
|t:|1758286204
|-end|p1a: Iron Crown|Quark Drive|[silent]
|switch|p1a: Alomomola|Alomomola, M|100/100
|move|p2a: Walking Wake|Hydro Steam|p1a: Alomomola
|-resisted|p1a: Alomomola
|-damage|p1a: Alomomola|62/100
|
|-weather|SunnyDay|[upkeep]
|upkeep
|turn|18
|
|t:|1758286208
|move|p2a: Walking Wake|Hydro Steam|p1a: Alomomola
|-resisted|p1a: Alomomola
|-damage|p1a: Alomomola|28/100
|move|p1a: Alomomola|Flip Turn|p2a: Walking Wake
|-resisted|p2a: Walking Wake
|-damage|p2a: Walking Wake|99/100
|
|t:|1758286213
|switch|p1a: Dragonite|Dragonite, M|100/100|[from] Flip Turn
|
|-weather|none
|-end|p2a: Walking Wake|Protosynthesis
|upkeep
|turn|19
|
|t:|1758286217
|-end|p2a: Walking Wake|Protosynthesis|[silent]
|switch|p2a: Torkoal|Torkoal, M|60/100
|-weather|SunnyDay|[from] ability: Drought|[of] p2a: Torkoal
|move|p1a: Dragonite|Earthquake|p2a: Torkoal
|-supereffective|p2a: Torkoal
|-damage|p2a: Torkoal|17/100
|
|-weather|SunnyDay|[upkeep]
|upkeep
|turn|20
|
|t:|1758286220
|move|p1a: Dragonite|Earthquake|p2a: Torkoal
|-supereffective|p2a: Torkoal
|-damage|p2a: Torkoal|0 fnt
|faint|p2a: Torkoal
|
|-weather|SunnyDay|[upkeep]
|upkeep
|
|t:|1758286221
|switch|p2a: Brute Bonnet|Brute Bonnet|100/100
|-activate|p2a: Brute Bonnet|ability: Protosynthesis
|-start|p2a: Brute Bonnet|protosynthesisatk
|turn|21
|
|t:|1758286225
|move|p1a: Dragonite|Ice Spinner|p2a: Brute Bonnet
|-supereffective|p2a: Brute Bonnet
|-damage|p2a: Brute Bonnet|41/100
|move|p2a: Brute Bonnet|Growth|p2a: Brute Bonnet
|-boost|p2a: Brute Bonnet|atk|2
|-boost|p2a: Brute Bonnet|spa|2
|
|-weather|SunnyDay|[upkeep]
|upkeep
|turn|22
|
|t:|1758286233
|switch|p1a: Great Tusk|Great Tusk|100/100
|-activate|p1a: Great Tusk|ability: Protosynthesis
|-start|p1a: Great Tusk|protosynthesisatk
|move|p2a: Brute Bonnet|Sucker Punch||[still]
|-fail|p2a: Brute Bonnet
|
|-weather|SunnyDay|[upkeep]
|upkeep
|turn|23
|
|t:|1758286235
|move|p1a: Great Tusk|Ice Spinner|p2a: Brute Bonnet
|-supereffective|p2a: Brute Bonnet
|-damage|p2a: Brute Bonnet|0 fnt
|faint|p2a: Brute Bonnet
|-end|p2a: Brute Bonnet|Protosynthesis|[silent]
|
|-weather|SunnyDay|[upkeep]
|upkeep
|
|t:|1758286237
|switch|p2a: Walking Wake|Walking Wake|99/100
|-activate|p2a: Walking Wake|ability: Protosynthesis
|-start|p2a: Walking Wake|protosynthesisspe
|turn|24
|
|t:|1758286243
|-terastallize|p2a: Walking Wake|Fairy
|move|p2a: Walking Wake|Tera Blast|p1a: Great Tusk|[anim] Tera Blast Fairy
|-supereffective|p1a: Great Tusk
|-damage|p1a: Great Tusk|0 fnt
|faint|p1a: Great Tusk
|-end|p1a: Great Tusk|Protosynthesis|[silent]
|
|-weather|SunnyDay|[upkeep]
|upkeep
|
|t:|1758286247
|switch|p1a: Alomomola|Alomomola, M|61/100
|turn|25
|
|t:|1758286250
|move|p1a: Alomomola|Protect|p1a: Alomomola
|-singleturn|p1a: Alomomola|Protect
|move|p2a: Walking Wake|Tera Blast|p1a: Alomomola|[anim] Tera Blast Fairy
|-activate|p1a: Alomomola|move: Protect
|
|-weather|SunnyDay|[upkeep]
|upkeep
|turn|26
|
|t:|1758286253
|switch|p1a: Dragonite|Dragonite, M|100/100
|move|p2a: Walking Wake|Tera Blast|p1a: Dragonite|[anim] Tera Blast Fairy
|-supereffective|p1a: Dragonite
|-damage|p1a: Dragonite|41/100
|
|-weather|none
|-end|p2a: Walking Wake|Protosynthesis
|upkeep
|turn|27
|
|t:|1758286255
|move|p1a: Dragonite|Extreme Speed|p2a: Walking Wake
|-damage|p2a: Walking Wake|64/100
|move|p2a: Walking Wake|Tera Blast|p1a: Dragonite|[anim] Tera Blast Fairy
|-supereffective|p1a: Dragonite
|-damage|p1a: Dragonite|0 fnt
|faint|p1a: Dragonite
|
|upkeep
|
|t:|1758286258
|switch|p1a: Iron Crown|Iron Crown, tera:Fire|80/100
|turn|28
|
|t:|1758286260
|move|p2a: Walking Wake|Tera Blast|p1a: Iron Crown|[anim] Tera Blast Fairy
|-resisted|p1a: Iron Crown
|-damage|p1a: Iron Crown|61/100
|move|p1a: Iron Crown|Tachyon Cutter|p2a: Walking Wake
|-supereffective|p2a: Walking Wake
|-damage|p2a: Walking Wake|6/100
|-supereffective|p2a: Walking Wake
|-damage|p2a: Walking Wake|0 fnt
|faint|p2a: Walking Wake
|-end|p2a: Walking Wake|Protosynthesis|[silent]
|-hitcount|p2: Walking Wake|2
|
|win|TPX05
|raw|TPX05's rating: 1489 &rarr; <strong>1511</strong><br />(+22 for winning)
|raw|socaselectah's rating: 1529 &rarr; <strong>1507</strong><br />(-22 for losing)
|l|‽socaselectah
|player|p2|
|l|☆TPX05
|player|p1|
