|j|☆tsuruya0097
|j|☆Mickey314
|t:|1758259076
|gametype|singles
|player|p1|tsuruya0097|hilbert|1384
|player|p2|Mickey314|101|1314
|gen|9
|tier|[Gen 9] OU
|rated|
|rule|HP Percentage Mod: HP is shown in percentages
|rule|Endless Battle Clause: Forcing endless battles is banned
|rule|Species Clause: Limit one of each Pokémon
|rule|OHKO Clause: OHKO moves are banned
|rule|Evasion Items Clause: Evasion items are banned
|rule|Evasion Moves Clause: Evasion moves are banned
|rule|Evasion Abilities Clause: Evasion abilities are banned
|rule|Sleep Moves Clause: Sleep-inducing moves are banned
|clearpoke
|poke|p1|Ninetales, F|
|poke|p1|Walking Wake|
|poke|p1|Great Tusk|
|poke|p1|Venusaur, M|
|poke|p1|Rillaboom, M|
|poke|p1|Heatran, M|
|poke|p2|Tornadus, M|
|poke|p2|Kleavor, M|
|poke|p2|Volbeat, M|
|poke|p2|Brambleghast, F|
|poke|p2|Pecharunt|
|poke|p2|Hatterene, F|
|teampreview
|inactive|Battle timer is ON: inactive players will automatically lose when time's up. (requested by tsuruya0097)
|
|t:|1758259094
|teamsize|p1|6
|teamsize|p2|6
|start
|switch|p1a: Ninetales|Ninetales, F|100/100
|switch|p2a: Volbeat|Volbeat, M|100/100
|-weather|SunnyDay|[from] ability: Drought|[of] p1a: Ninetales
|turn|1
|
|t:|1758259108
|move|p2a: Volbeat|Thunder Wave|p1a: Ninetales
|-status|p1a: Ninetales|par
|move|p1a: Ninetales|Overheat|p2a: Volbeat
|-supereffective|p2a: Volbeat
|-damage|p2a: Volbeat|0 fnt
|-unboost|p1a: Ninetales|spa|2
|faint|p2a: Volbeat
|
|-weather|SunnyDay|[upkeep]
|upkeep
|inactive|Mickey314 has 120 seconds left.
|
|t:|1758259140
|switch|p2a: Kleavor|Kleavor, M|100/100
|turn|2
|
|t:|1758259148
|switch|p1a: Venusaur|Venusaur, M|100/100
|move|p2a: Kleavor|Stone Axe|p1a: Venusaur
|-damage|p1a: Venusaur|36/100
|-sidestart|p1: tsuruya0097|move: Stealth Rock
|
|-weather|SunnyDay|[upkeep]
|upkeep
|turn|3
|
|t:|1758259171
|move|p1a: Venusaur|Solar Beam||[still]
|-prepare|p1a: Venusaur|Solar Beam
|-anim|p1a: Venusaur|Solar Beam|p2a: Kleavor
|-enditem|p2a: Kleavor|Focus Sash
|-damage|p2a: Kleavor|1/100
|-damage|p1a: Venusaur|26/100|[from] item: Life Orb
|move|p2a: Kleavor|Tailwind|p2a: Kleavor
|-sidestart|p2: Mickey314|move: Tailwind
|
|-weather|SunnyDay|[upkeep]
|upkeep
|turn|4
|
|t:|1758259182
|move|p2a: Kleavor|X-Scissor|p1a: Venusaur
|-damage|p1a: Venusaur|0 fnt
|faint|p1a: Venusaur
|
|-weather|SunnyDay|[upkeep]
|upkeep
|
|t:|1758259187
|switch|p1a: Great Tusk|Great Tusk|100/100
|-damage|p1a: Great Tusk|98/100|[from] Stealth Rock
|-activate|p1a: Great Tusk|ability: Protosynthesis
|-start|p1a: Great Tusk|protosynthesisatk
|turn|5
|inactive|Mickey314 has 120 seconds left.
|
|t:|1758259237
|switch|p2a: Pecharunt|Pecharunt|100/100
|move|p1a: Great Tusk|Headlong Rush|p2a: Pecharunt
|-supereffective|p2a: Pecharunt
|-damage|p2a: Pecharunt|28/100
|-unboost|p1a: Great Tusk|def|1
|-unboost|p1a: Great Tusk|spd|1
|
|-weather|SunnyDay|[upkeep]
|upkeep
|turn|6
|
|t:|1758259248
|move|p2a: Pecharunt|Parting Shot|p1a: Great Tusk
|-unboost|p1a: Great Tusk|atk|1
|-unboost|p1a: Great Tusk|spa|1
|
|t:|1758259258
|switch|p2a: Brambleghast|Brambleghast, F|100/100|[from] Parting Shot
|-ability|p2a: Brambleghast|Wind Rider|boost
|-boost|p2a: Brambleghast|atk|1
|move|p1a: Great Tusk|Headlong Rush|p2a: Brambleghast
|-resisted|p2a: Brambleghast
|-damage|p2a: Brambleghast|55/100
|-unboost|p1a: Great Tusk|def|1
|-unboost|p1a: Great Tusk|spd|1
|
|-weather|SunnyDay|[upkeep]
|-sideend|p2: Mickey314|move: Tailwind
|upkeep
|turn|7
|
|t:|1758259269
|-end|p1a: Great Tusk|Protosynthesis|[silent]
|switch|p1a: Heatran|Heatran, M|100/100
|-damage|p1a: Heatran|88/100|[from] Stealth Rock
|move|p2a: Brambleghast|Power Whip|p1a: Heatran
|-resisted|p1a: Heatran
|-damage|p1a: Heatran|59/100
|-damage|p2a: Brambleghast|45/100|[from] item: Life Orb
|
|-weather|SunnyDay|[upkeep]
|upkeep
|turn|8
|
|t:|1758259286
|move|p2a: Brambleghast|Poltergeist|p1a: Heatran
|-activate|p1a: Heatran|move: Poltergeist|Eject Pack
|-damage|p1a: Heatran|0 fnt
|faint|p1a: Heatran
|-damage|p2a: Brambleghast|35/100|[from] item: Life Orb
|
|-weather|none
|upkeep
|inactive|tsuruya0097 has 120 seconds left.
|l|☆tsuruya0097
|inactive|tsuruya0097 disconnected and has a minute to reconnect!
|player|p1|
|inactive|tsuruya0097 has 30 seconds to reconnect!
|inactive|tsuruya0097 has 20 seconds to reconnect!
|inactive|tsuruya0097 has 15 seconds to reconnect!
|inactive|tsuruya0097 has 10 seconds to reconnect!
|inactive|tsuruya0097 has 5 seconds to reconnect!
|j|☆tsuruya0097
|inactive|tsuruya0097 reconnected and has 65 seconds left.
|player|p1|tsuruya0097|hilbert|
|inactive|tsuruya0097 has 60 seconds left.
|
|t:|1758259377
|switch|p1a: Rillaboom|Rillaboom, M|100/100
|-damage|p1a: Rillaboom|88/100|[from] Stealth Rock
|-fieldstart|move: Grassy Terrain|[from] ability: Grassy Surge|[of] p1a: Rillaboom
|turn|9
|inactive|Mickey314 has 120 seconds left.
|
|t:|1758259393
|move|p2a: Brambleghast|Poltergeist|p1a: Rillaboom
|-activate|p1a: Rillaboom|move: Poltergeist|Terrain Extender
|-damage|p1a: Rillaboom|0 fnt
|faint|p1a: Rillaboom
|-damage|p2a: Brambleghast|25/100|[from] item: Life Orb
|
|-heal|p2a: Brambleghast|31/100|[from] Grassy Terrain
|upkeep
|
|t:|1758259401
|switch|p1a: Ninetales|Ninetales, F|100/100 par
|-damage|p1a: Ninetales|76/100 par|[from] Stealth Rock
|-weather|SunnyDay|[from] ability: Drought|[of] p1a: Ninetales
|turn|10
|inactive|tsuruya0097 has 60 seconds left.
|
|t:|1758259408
|move|p2a: Brambleghast|Poltergeist|p1a: Ninetales
|-activate|p1a: Ninetales|move: Poltergeist|Heat Rock
|-damage|p1a: Ninetales|0 fnt
|faint|p1a: Ninetales
|-damage|p2a: Brambleghast|21/100|[from] item: Life Orb
|
|-weather|SunnyDay|[upkeep]
|-heal|p2a: Brambleghast|27/100|[from] Grassy Terrain
|upkeep
|inactive|tsuruya0097 has 60 seconds left.
|
|t:|1758259416
|switch|p1a: Walking Wake|Walking Wake|100/100
|-damage|p1a: Walking Wake|88/100|[from] Stealth Rock
|-activate|p1a: Walking Wake|ability: Protosynthesis
|-start|p1a: Walking Wake|protosynthesisspe
|turn|11
|
|t:|1758259424
|switch|p2a: Kleavor|Kleavor, M|1/100
|-terastallize|p1a: Walking Wake|Water
|move|p1a: Walking Wake|Hydro Steam|p2a: Kleavor
|-supereffective|p2a: Kleavor
|-damage|p2a: Kleavor|0 fnt
|faint|p2a: Kleavor
|
|-weather|SunnyDay|[upkeep]
|-heal|p1a: Walking Wake|94/100|[from] Grassy Terrain
|upkeep
|
|t:|1758259441
|switch|p2a: Hatterene|Hatterene, F|100/100
|turn|12
|
|t:|1758259447
|-terastallize|p2a: Hatterene|Water
|move|p1a: Walking Wake|Hydro Steam|p2a: Hatterene
|-resisted|p2a: Hatterene
|-damage|p2a: Hatterene|41/100
|move|p2a: Hatterene|Calm Mind|p2a: Hatterene
|-boost|p2a: Hatterene|spa|1
|-boost|p2a: Hatterene|spd|1
|
|-weather|SunnyDay|[upkeep]
|-heal|p1a: Walking Wake|100/100|[from] Grassy Terrain
|-heal|p2a: Hatterene|47/100|[from] Grassy Terrain
|-heal|p2a: Hatterene|53/100|[from] item: Leftovers
|upkeep
|turn|13
|
|t:|1758259459
|move|p1a: Walking Wake|Hydro Steam|p2a: Hatterene
|-resisted|p2a: Hatterene
|-damage|p2a: Hatterene|9/100
|move|p2a: Hatterene|Draining Kiss|p1a: Walking Wake
|-damage|p1a: Walking Wake|60/100
|-heal|p2a: Hatterene|42/100|[from] drain|[of] p1a: Walking Wake
|
|-weather|SunnyDay|[upkeep]
|-heal|p1a: Walking Wake|66/100|[from] Grassy Terrain
|-heal|p2a: Hatterene|48/100|[from] Grassy Terrain
|-heal|p2a: Hatterene|54/100|[from] item: Leftovers
|upkeep
|turn|14
|
|t:|1758259471
|move|p1a: Walking Wake|Hydro Steam|p2a: Hatterene
|-resisted|p2a: Hatterene
|-damage|p2a: Hatterene|9/100
|move|p2a: Hatterene|Draining Kiss|p1a: Walking Wake
|-damage|p1a: Walking Wake|29/100
|-heal|p2a: Hatterene|39/100|[from] drain|[of] p1a: Walking Wake
|
|-weather|SunnyDay|[upkeep]
|-heal|p1a: Walking Wake|35/100|[from] Grassy Terrain
|-heal|p2a: Hatterene|45/100|[from] Grassy Terrain
|-heal|p2a: Hatterene|51/100|[from] item: Leftovers
|upkeep
|turn|15
|
|t:|1758259494
|move|p1a: Walking Wake|Hydro Steam|p2a: Hatterene
|-resisted|p2a: Hatterene
|-damage|p2a: Hatterene|8/100
|move|p2a: Hatterene|Draining Kiss|p1a: Walking Wake
|-damage|p1a: Walking Wake|0 fnt
|-heal|p2a: Hatterene|36/100|[from] drain|[of] p1a: Walking Wake
|faint|p1a: Walking Wake
|-end|p1a: Walking Wake|Protosynthesis|[silent]
|
|-weather|SunnyDay|[upkeep]
|-heal|p2a: Hatterene|42/100|[from] Grassy Terrain
|-heal|p2a: Hatterene|48/100|[from] item: Leftovers
|upkeep
|
|t:|1758259505
|switch|p1a: Great Tusk|Great Tusk|98/100
|-damage|p1a: Great Tusk|95/100|[from] Stealth Rock
|-activate|p1a: Great Tusk|ability: Protosynthesis
|-start|p1a: Great Tusk|protosynthesisatk
|turn|16
|
|t:|1758259514
|move|p1a: Great Tusk|Headlong Rush|p2a: Hatterene
|-damage|p2a: Hatterene|0 fnt
|-unboost|p1a: Great Tusk|def|1
|-unboost|p1a: Great Tusk|spd|1
|faint|p2a: Hatterene
|
|-weather|SunnyDay|[upkeep]
|-heal|p1a: Great Tusk|100/100|[from] Grassy Terrain
|-fieldend|move: Grassy Terrain
|upkeep
|
|t:|1758259519
|switch|p2a: Tornadus|Tornadus, M|100/100
|turn|17
|inactive|tsuruya0097 has 90 seconds left.
|
|t:|1758259524
|move|p2a: Tornadus|Tailwind|p2a: Tornadus
|-sidestart|p2: Mickey314|move: Tailwind
|move|p1a: Great Tusk|Temper Flare|p2a: Tornadus
|-damage|p2a: Tornadus|21/100
|-enditem|p2a: Tornadus|Eject Button
|
|t:|1758259532
|switch|p2a: Pecharunt|Pecharunt|28/100
|
|-weather|none
|-end|p1a: Great Tusk|Protosynthesis
|upkeep
|turn|18
|
|t:|1758259539
|move|p2a: Pecharunt|Parting Shot|p1a: Great Tusk
|-unboost|p1a: Great Tusk|atk|1
|-unboost|p1a: Great Tusk|spa|1
|
|t:|1758259540
|switch|p2a: Tornadus|Tornadus, M|21/100|[from] Parting Shot
|move|p1a: Great Tusk|Headlong Rush|p2a: Tornadus
|-immune|p2a: Tornadus
|
|upkeep
|turn|19
|
|t:|1758259548
|move|p2a: Tornadus|Hurricane|p1a: Great Tusk
|-supereffective|p1a: Great Tusk
|-damage|p1a: Great Tusk|0 fnt
|faint|p1a: Great Tusk
|-end|p1a: Great Tusk|Protosynthesis|[silent]
|
|win|Mickey314
|raw|tsuruya0097's rating: 1384 &rarr; <strong>1360</strong><br />(-24 for losing)
|raw|Mickey314's rating: 1314 &rarr; <strong>1338</strong><br />(+24 for winning)
|l|☆tsuruya0097
|player|p1|
|l|☆Mickey314
|player|p2|
