|j|☆Trumpismessiah
|j|☆expsnake
|t:|1758248068
|gametype|singles
|player|p1|Trumpismessiah|102|1452
|player|p2|expsnake|boarder|1485
|gen|9
|tier|[Gen 9] OU
|rated|
|rule|HP Percentage Mod: HP is shown in percentages
|rule|Endless Battle Clause: Forcing endless battles is banned
|rule|Species Clause: Limit one of each Pokémon
|rule|OHKO Clause: OHKO moves are banned
|rule|Evasion Items Clause: Evasion items are banned
|rule|Evasion Moves Clause: Evasion moves are banned
|rule|Evasion Abilities Clause: Evasion abilities are banned
|rule|Sleep Moves Clause: Sleep-inducing moves are banned
|clearpoke
|poke|p1|Snorlax, M|
|poke|p1|Gengar, M|
|poke|p1|Moltres|
|poke|p1|Vileplume, F|
|poke|p1|Vaporeon, M|
|poke|p1|Sandslash-Alola, F|
|poke|p2|Ninetales, F|
|poke|p2|Walking Wake|
|poke|p2|Lilligant-Hisui, F|
|poke|p2|Great Tusk|
|poke|p2|Raging Bolt|
|poke|p2|Kingambit, M|
|teampreview
|inactive|Battle timer is ON: inactive players will automatically lose when time's up. (requested by expsnake)
|
|t:|1758248079
|teamsize|p1|6
|teamsize|p2|6
|start
|switch|p1a: Gengar|Gengar, M|100/100
|switch|p2a: Ninetales|Ninetales, F|100/100
|-weather|SunnyDay|[from] ability: Drought|[of] p2a: Ninetales
|turn|1
|
|t:|1758248089
|switch|p2a: Raging Bolt|Raging Bolt|100/100
|-activate|p2a: Raging Bolt|ability: Protosynthesis
|-start|p2a: Raging Bolt|protosynthesisspa
|move|p1a: Gengar|Sludge Wave|p2a: Raging Bolt
|-damage|p2a: Raging Bolt|73/100
|
|-weather|SunnyDay|[upkeep]
|upkeep
|turn|2
|
|t:|1758248096
|switch|p1a: Snorlax|Snorlax, M|100/100
|move|p2a: Raging Bolt|Thunderbolt|p1a: Snorlax
|-damage|p1a: Snorlax|58/100
|
|-weather|SunnyDay|[upkeep]
|upkeep
|turn|3
|
|t:|1758248101
|move|p2a: Raging Bolt|Draco Meteor|p1a: Snorlax|[miss]
|-miss|p2a: Raging Bolt|p1a: Snorlax
|move|p1a: Snorlax|Earthquake|p2a: Raging Bolt
|-supereffective|p2a: Raging Bolt
|-damage|p2a: Raging Bolt|18/100
|
|-weather|SunnyDay|[upkeep]
|upkeep
|turn|4
|
|t:|1758248107
|switch|p1a: Sandslash|Sandslash-Alola, F|100/100
|move|p2a: Raging Bolt|Draco Meteor|p1a: Sandslash
|-resisted|p1a: Sandslash
|-damage|p1a: Sandslash|27/100
|-unboost|p2a: Raging Bolt|spa|2
|
|-weather|SunnyDay|[upkeep]
|upkeep
|turn|5
|
|t:|1758248115
|move|p2a: Raging Bolt|Thunderclap|p1a: Sandslash
|-damage|p1a: Sandslash|0 fnt
|faint|p1a: Sandslash
|
|-weather|SunnyDay|[upkeep]
|upkeep
|
|t:|1758248122
|switch|p1a: Gengar|Gengar, M|100/100
|turn|6
|
|t:|1758248131
|move|p2a: Raging Bolt|Thunderclap|p1a: Gengar
|-damage|p1a: Gengar|59/100
|-start|p2a: Raging Bolt|Disable|Thunderclap|[from] ability: Cursed Body|[of] p1a: Gengar
|move|p1a: Gengar|Shadow Ball|p2a: Raging Bolt
|-damage|p2a: Raging Bolt|0 fnt
|faint|p2a: Raging Bolt
|-end|p2a: Raging Bolt|Protosynthesis|[silent]
|
|-weather|SunnyDay|[upkeep]
|upkeep
|
|t:|1758248134
|switch|p2a: Lilligant|Lilligant-Hisui, F|100/100
|turn|7
|
|t:|1758248138
|move|p2a: Lilligant|Solar Blade||[still]
|-prepare|p2a: Lilligant|Solar Blade
|-anim|p2a: Lilligant|Solar Blade|p1a: Gengar
|-resisted|p1a: Gengar
|-damage|p1a: Gengar|0 fnt
|faint|p1a: Gengar
|-damage|p2a: Lilligant|91/100|[from] item: Life Orb
|
|-weather|SunnyDay|[upkeep]
|upkeep
|
|t:|1758248140
|switch|p1a: Moltres|Moltres|100/100
|turn|8
|
|t:|1758248144
|switch|p2a: Great Tusk|Great Tusk|100/100
|-activate|p2a: Great Tusk|ability: Protosynthesis
|-start|p2a: Great Tusk|protosynthesisspe
|move|p1a: Moltres|U-turn|p2a: Great Tusk
|-resisted|p2a: Great Tusk
|-damage|p2a: Great Tusk|96/100
|
|t:|1758248146
|switch|p1a: Vileplume|Vileplume, F|100/100|[from] U-turn
|
|-weather|none
|-end|p2a: Great Tusk|Protosynthesis
|upkeep
|turn|9
|
|t:|1758248151
|-end|p2a: Great Tusk|Protosynthesis|[silent]
|switch|p2a: Ninetales|Ninetales, F|100/100
|-weather|SunnyDay|[from] ability: Drought|[of] p2a: Ninetales
|move|p1a: Vileplume|Sludge Bomb|p2a: Ninetales
|-damage|p2a: Ninetales|69/100
|
|-weather|SunnyDay|[upkeep]
|upkeep
|turn|10
|
|t:|1758248157
|switch|p1a: Vaporeon|Vaporeon, M|100/100
|move|p2a: Ninetales|Weather Ball|p1a: Vaporeon
|-resisted|p1a: Vaporeon
|-damage|p1a: Vaporeon|88/100
|
|-weather|SunnyDay|[upkeep]
|-heal|p1a: Vaporeon|94/100|[from] item: Leftovers
|upkeep
|turn|11
|
|t:|1758248163
|switch|p2a: Lilligant|Lilligant-Hisui, F|91/100
|switch|p1a: Moltres|Moltres|100/100
|
|-weather|SunnyDay|[upkeep]
|upkeep
|turn|12
|
|t:|1758248167
|switch|p2a: Walking Wake|Walking Wake|100/100
|-activate|p2a: Walking Wake|ability: Protosynthesis
|-start|p2a: Walking Wake|protosynthesisspe
|move|p1a: Moltres|Flamethrower|p2a: Walking Wake
|-resisted|p2a: Walking Wake
|-damage|p2a: Walking Wake|85/100
|
|-weather|SunnyDay|[upkeep]
|upkeep
|turn|13
|
|t:|1758248176
|switch|p1a: Vaporeon|Vaporeon, M|94/100
|move|p2a: Walking Wake|Draco Meteor|p1a: Vaporeon
|-damage|p1a: Vaporeon|42/100
|-unboost|p2a: Walking Wake|spa|2
|
|-weather|SunnyDay|[upkeep]
|-heal|p1a: Vaporeon|48/100|[from] item: Leftovers
|upkeep
|turn|14
|
|t:|1758248182
|-end|p2a: Walking Wake|Protosynthesis|[silent]
|switch|p2a: Great Tusk|Great Tusk|96/100
|-activate|p2a: Great Tusk|ability: Protosynthesis
|-start|p2a: Great Tusk|protosynthesisspe
|move|p1a: Vaporeon|Wish|p1a: Vaporeon
|
|-weather|SunnyDay|[upkeep]
|-heal|p1a: Vaporeon|55/100|[from] item: Leftovers
|upkeep
|turn|15
|
|t:|1758248189
|move|p1a: Vaporeon|Protect|p1a: Vaporeon
|-singleturn|p1a: Vaporeon|Protect
|move|p2a: Great Tusk|Stone Edge|p1a: Vaporeon
|-activate|p1a: Vaporeon|move: Protect
|
|-weather|SunnyDay|[upkeep]
|-heal|p1a: Vaporeon|100/100|[from] move: Wish|[wisher] Vaporeon
|upkeep
|turn|16
|
|t:|1758248203
|-end|p2a: Great Tusk|Protosynthesis|[silent]
|switch|p2a: Kingambit|Kingambit, M|100/100
|-activate|p2a: Kingambit|ability: Supreme Overlord
|-start|p2a: Kingambit|fallen1|[silent]
|switch|p1a: Vileplume|Vileplume, F|100/100
|
|-weather|none
|upkeep
|turn|17
|
|t:|1758248209
|-end|p2a: Kingambit|fallen1|[silent]
|switch|p2a: Lilligant|Lilligant-Hisui, F|91/100
|move|p1a: Vileplume|Leech Seed|p2a: Lilligant
|-immune|p2a: Lilligant
|
|upkeep
|turn|18
|
|t:|1758248215
|switch|p2a: Ninetales|Ninetales, F|69/100
|-weather|SunnyDay|[from] ability: Drought|[of] p2a: Ninetales
|move|p1a: Vileplume|Sludge Bomb|p2a: Ninetales
|-damage|p2a: Ninetales|39/100
|
|-weather|SunnyDay|[upkeep]
|upkeep
|turn|19
|
|t:|1758248219
|switch|p1a: Vaporeon|Vaporeon, M|100/100
|move|p2a: Ninetales|Weather Ball|p1a: Vaporeon
|-resisted|p1a: Vaporeon
|-damage|p1a: Vaporeon|88/100
|
|-weather|SunnyDay|[upkeep]
|-heal|p1a: Vaporeon|94/100|[from] item: Leftovers
|upkeep
|turn|20
|
|t:|1758248236
|switch|p2a: Kingambit|Kingambit, M|100/100
|-activate|p2a: Kingambit|ability: Supreme Overlord
|-start|p2a: Kingambit|fallen1|[silent]
|move|p1a: Vaporeon|Scald|p2a: Kingambit
|-crit|p2a: Kingambit
|-damage|p2a: Kingambit|80/100
|
|-weather|SunnyDay|[upkeep]
|-heal|p1a: Vaporeon|99/100|[from] item: Leftovers
|-heal|p2a: Kingambit|87/100|[from] item: Leftovers
|upkeep
|turn|21
|
|t:|1758248247
|switch|p1a: Moltres|Moltres|100/100
|-end|p2a: Kingambit|fallen1|[silent]
|switch|p2a: Walking Wake|Walking Wake|85/100
|-activate|p2a: Walking Wake|ability: Protosynthesis
|-start|p2a: Walking Wake|protosynthesisspe
|
|-weather|SunnyDay|[upkeep]
|upkeep
|turn|22
|
|t:|1758248260
|switch|p1a: Vaporeon|Vaporeon, M|99/100
|move|p2a: Walking Wake|Hydro Steam|p1a: Vaporeon
|-heal|p1a: Vaporeon|100/100|[from] ability: Water Absorb|[of] p2a: Walking Wake
|
|-weather|SunnyDay|[upkeep]
|upkeep
|turn|23
|
|t:|1758248265
|-end|p2a: Walking Wake|Protosynthesis|[silent]
|switch|p2a: Lilligant|Lilligant-Hisui, F|91/100
|move|p1a: Vaporeon|Scald|p2a: Lilligant
|-resisted|p2a: Lilligant
|-damage|p2a: Lilligant|80/100
|
|-weather|SunnyDay|[upkeep]
|upkeep
|turn|24
|
|t:|1758248267
|switch|p1a: Moltres|Moltres|100/100
|move|p2a: Lilligant|Close Combat|p1a: Moltres
|-resisted|p1a: Moltres
|-damage|p1a: Moltres|73/100
|-unboost|p2a: Lilligant|def|1
|-unboost|p2a: Lilligant|spd|1
|-status|p2a: Lilligant|brn|[from] ability: Flame Body|[of] p1a: Moltres
|-damage|p2a: Lilligant|70/100 brn|[from] item: Life Orb
|
|-weather|SunnyDay|[upkeep]
|-damage|p2a: Lilligant|64/100 brn|[from] brn
|upkeep
|turn|25
|
|t:|1758248279
|switch|p2a: Walking Wake|Walking Wake|85/100
|-activate|p2a: Walking Wake|ability: Protosynthesis
|-start|p2a: Walking Wake|protosynthesisspe
|move|p1a: Moltres|Will-O-Wisp|p2a: Walking Wake
|-status|p2a: Walking Wake|brn
|
|-weather|none
|-end|p2a: Walking Wake|Protosynthesis
|-damage|p2a: Walking Wake|79/100 brn|[from] brn
|upkeep
|turn|26
|
|t:|1758248284
|-end|p2a: Walking Wake|Protosynthesis|[silent]
|switch|p2a: Ninetales|Ninetales, F|39/100
|-weather|SunnyDay|[from] ability: Drought|[of] p2a: Ninetales
|switch|p1a: Vaporeon|Vaporeon, M|100/100
|
|-weather|SunnyDay|[upkeep]
|upkeep
|turn|27
|
|t:|1758248296
|switch|p2a: Kingambit|Kingambit, M|87/100
|-activate|p2a: Kingambit|ability: Supreme Overlord
|-start|p2a: Kingambit|fallen1|[silent]
|move|p1a: Vaporeon|Scald|p2a: Kingambit
|-damage|p2a: Kingambit|72/100
|-status|p2a: Kingambit|brn
|
|-weather|SunnyDay|[upkeep]
|-heal|p2a: Kingambit|78/100 brn|[from] item: Leftovers
|-damage|p2a: Kingambit|72/100 brn|[from] brn
|upkeep
|turn|28
|
|t:|1758248301
|switch|p1a: Vileplume|Vileplume, F|100/100
|-end|p2a: Kingambit|fallen1|[silent]
|switch|p2a: Lilligant|Lilligant-Hisui, F|64/100 brn
|
|-weather|SunnyDay|[upkeep]
|-damage|p2a: Lilligant|58/100 brn|[from] brn
|upkeep
|turn|29
|
|t:|1758248304
|move|p2a: Lilligant|Healing Wish|p2a: Lilligant
|faint|p2a: Lilligant
|move|p1a: Vileplume|Sludge Bomb|p2: Lilligant|[notarget]
|-fail|p1a: Vileplume
|
|-weather|SunnyDay|[upkeep]
|upkeep
|
|t:|1758248306
|switch|p2a: Kingambit|Kingambit, M|72/100 brn
|-heal|p2a: Kingambit|100/100|[from] move: Healing Wish
|-activate|p2a: Kingambit|ability: Supreme Overlord
|-start|p2a: Kingambit|fallen2|[silent]
|turn|30
|
|t:|1758248311
|switch|p1a: Moltres|Moltres|73/100
|move|p2a: Kingambit|Swords Dance|p2a: Kingambit
|-boost|p2a: Kingambit|atk|2
|
|-weather|SunnyDay|[upkeep]
|upkeep
|turn|31
|
|t:|1758248313
|move|p1a: Moltres|Will-O-Wisp|p2a: Kingambit
|-status|p2a: Kingambit|brn
|move|p2a: Kingambit|Kowtow Cleave|p1a: Moltres
|-damage|p1a: Moltres|35/100
|
|-weather|SunnyDay|[upkeep]
|-damage|p2a: Kingambit|94/100 brn|[from] brn
|upkeep
|turn|32
|
|t:|1758248318
|move|p1a: Moltres|Roost|p1a: Moltres
|-heal|p1a: Moltres|85/100
|-singleturn|p1a: Moltres|move: Roost
|move|p2a: Kingambit|Kowtow Cleave|p1a: Moltres
|-crit|p1a: Moltres
|-damage|p1a: Moltres|25/100
|
|-weather|SunnyDay|[upkeep]
|-heal|p2a: Kingambit|100/100 brn|[from] item: Leftovers
|-damage|p2a: Kingambit|94/100 brn|[from] brn
|upkeep
|turn|33
|
|t:|1758248320
|move|p1a: Moltres|Roost|p1a: Moltres
|-heal|p1a: Moltres|75/100
|-singleturn|p1a: Moltres|move: Roost
|move|p2a: Kingambit|Kowtow Cleave|p1a: Moltres
|-damage|p1a: Moltres|35/100
|
|-weather|none
|-heal|p2a: Kingambit|100/100 brn|[from] item: Leftovers
|-damage|p2a: Kingambit|94/100 brn|[from] brn
|upkeep
|turn|34
|
|t:|1758248323
|move|p1a: Moltres|Roost|p1a: Moltres
|-heal|p1a: Moltres|85/100
|-singleturn|p1a: Moltres|move: Roost
|move|p2a: Kingambit|Swords Dance|p2a: Kingambit
|-boost|p2a: Kingambit|atk|2
|
|-heal|p2a: Kingambit|100/100 brn|[from] item: Leftovers
|-damage|p2a: Kingambit|94/100 brn|[from] brn
|upkeep
|turn|35
|
|t:|1758248326
|move|p1a: Moltres|Flamethrower|p2a: Kingambit
|-supereffective|p2a: Kingambit
|-damage|p2a: Kingambit|17/100 brn
|move|p2a: Kingambit|Kowtow Cleave|p1a: Moltres
|-damage|p1a: Moltres|26/100
|
|-heal|p2a: Kingambit|23/100 brn|[from] item: Leftovers
|-damage|p2a: Kingambit|17/100 brn|[from] brn
|upkeep
|turn|36
|
|t:|1758248329
|move|p2a: Kingambit|Sucker Punch||[still]
|-fail|p2a: Kingambit
|move|p1a: Moltres|Roost|p1a: Moltres
|-heal|p1a: Moltres|76/100
|-singleturn|p1a: Moltres|move: Roost
|
|-heal|p2a: Kingambit|23/100 brn|[from] item: Leftovers
|-damage|p2a: Kingambit|17/100 brn|[from] brn
|upkeep
|turn|37
|
|t:|1758248331
|move|p1a: Moltres|Flamethrower|p2a: Kingambit
|-supereffective|p2a: Kingambit
|-damage|p2a: Kingambit|0 fnt
|faint|p2a: Kingambit
|-end|p2a: Kingambit|fallen2|[silent]
|
|upkeep
|
|t:|1758248333
|switch|p2a: Walking Wake|Walking Wake|79/100 brn
|turn|38
|
|t:|1758248335
|switch|p1a: Vaporeon|Vaporeon, M|100/100
|move|p2a: Walking Wake|Draco Meteor|p1a: Vaporeon
|-damage|p1a: Vaporeon|44/100
|-unboost|p2a: Walking Wake|spa|2
|
|-heal|p1a: Vaporeon|50/100|[from] item: Leftovers
|-damage|p2a: Walking Wake|73/100 brn|[from] brn
|upkeep
|turn|39
|-message|expsnake forfeited.
|
|win|Trumpismessiah
|raw|Trumpismessiah's rating: 1452 &rarr; <strong>1474</strong><br />(+22 for winning)
|raw|expsnake's rating: 1485 &rarr; <strong>1463</strong><br />(-22 for losing)
|l|☆expsnake
|player|p2|
