|j|☆4y2vcf6b7
|j|☆javiconb
|t:|1758318582
|gametype|singles
|player|p1|4y2vcf6b7|265|1201
|player|p2|javiconb|1|1255
|gen|9
|tier|[Gen 9] OU
|rated|
|rule|HP Percentage Mod: HP is shown in percentages
|rule|Endless Battle Clause: Forcing endless battles is banned
|rule|Species Clause: Limit one of each Pokémon
|rule|OHKO Clause: OHKO moves are banned
|rule|Evasion Items Clause: Evasion items are banned
|rule|Evasion Moves Clause: Evasion moves are banned
|rule|Evasion Abilities Clause: Evasion abilities are banned
|rule|Sleep Moves Clause: Sleep-inducing moves are banned
|clearpoke
|poke|p1|Golem-Alola, M|
|poke|p1|Slaking, M|
|poke|p1|Coalossal, M|
|poke|p1|Dragonite, M|
|poke|p1|Porygon2|
|poke|p1|Haxorus, M|
|poke|p2|Rabsca, M|
|poke|p2|Slowking-Galar, F|
|poke|p2|Ursaluna, M|
|poke|p2|Azumarill, F|
|poke|p2|Mimikyu, F|
|poke|p2|Kingambit, M|
|teampreview
|
|t:|1758318600
|teamsize|p1|6
|teamsize|p2|6
|start
|switch|p1a: Golem|Golem-Alola, M|100/100
|switch|p2a: Slowking|Slowking-Galar, F|100/100
|turn|1
|
|t:|1758318611
|move|p1a: Golem|Stealth Rock|p2a: Slowking
|-sidestart|p2: javiconb|move: Stealth Rock
|move|p2a: Slowking|Trick Room|p2a: Slowking
|-fieldstart|move: Trick Room|[of] p2a: Slowking
|
|upkeep
|turn|2
|
|t:|1758318619
|move|p2a: Slowking|Sludge Wave|p1a: Golem
|-resisted|p1a: Golem
|-damage|p1a: Golem|57/100
|-damage|p2a: Slowking|91/100|[from] item: Life Orb
|move|p1a: Golem|Earthquake|p2a: Slowking
|-supereffective|p2a: Slowking
|-damage|p2a: Slowking|11/100
|
|upkeep
|turn|3
|
|t:|1758318648
|switch|p2a: Ursaluna|Ursaluna, M|100/100
|-damage|p2a: Ursaluna|94/100|[from] Stealth Rock
|move|p1a: Golem|Earthquake|p2a: Ursaluna
|-damage|p2a: Ursaluna|69/100
|
|-status|p2a: Ursaluna|brn|[from] item: Flame Orb
|upkeep
|turn|4
|
|t:|1758318659
|move|p2a: Ursaluna|Facade|p1a: Golem
|-resisted|p1a: Golem
|-damage|p1a: Golem|13/100
|move|p1a: Golem|Explosion|p2a: Ursaluna
|-damage|p2a: Ursaluna|11/100 brn
|faint|p1a: Golem
|
|-damage|p2a: Ursaluna|5/100 brn|[from] brn
|upkeep
|
|t:|1758318676
|switch|p1a: Dragonite|Dragonite, M, shiny|100/100
|turn|5
|
|t:|1758318681
|move|p2a: Ursaluna|Facade|p1a: Dragonite
|-damage|p1a: Dragonite|44/100
|move|p1a: Dragonite|Dragon Dance|p1a: Dragonite
|-boost|p1a: Dragonite|atk|1
|-boost|p1a: Dragonite|spe|1
|
|-damage|p2a: Ursaluna|0 fnt|[from] brn
|faint|p2a: Ursaluna
|-fieldend|move: Trick Room
|upkeep
|
|t:|1758318708
|switch|p2a: Mimikyu|Mimikyu, F|100/100
|-damage|p2a: Mimikyu|88/100|[from] Stealth Rock
|turn|6
|
|t:|1758318720
|move|p1a: Dragonite|Roost|p1a: Dragonite
|-heal|p1a: Dragonite|94/100
|-singleturn|p1a: Dragonite|move: Roost
|move|p2a: Mimikyu|Trick Room|p2a: Mimikyu
|-fieldstart|move: Trick Room|[of] p2a: Mimikyu
|
|upkeep
|turn|7
|
|t:|1758318728
|move|p2a: Mimikyu|Curse|p1a: Dragonite
|-start|p1a: Dragonite|Curse|[of] p2a: Mimikyu
|-damage|p2a: Mimikyu|38/100
|move|p1a: Dragonite|Earthquake|p2a: Mimikyu
|-activate|p2a: Mimikyu|ability: Disguise
|-damage|p2a: Mimikyu|38/100
|detailschange|p2a: Mimikyu|Mimikyu-Busted, F
|-damage|p2a: Mimikyu|26/100|[from] pokemon: Mimikyu-Busted
|
|-damage|p1a: Dragonite|69/100|[from] Curse
|upkeep
|turn|8
|
|t:|1758318744
|switch|p1a: Porygon2|Porygon2|100/100
|move|p2a: Mimikyu|Destiny Bond|p2a: Mimikyu
|-singlemove|p2a: Mimikyu|Destiny Bond
|
|upkeep
|turn|9
|inactive|Battle timer is ON: inactive players will automatically lose when time's up. (requested by javiconb)
|
|t:|1758318767
|switch|p1a: Haxorus|Haxorus, M, shiny|100/100
|-ability|p1a: Haxorus|Mold Breaker
|move|p2a: Mimikyu|Shadow Sneak|p1a: Haxorus
|-damage|p1a: Haxorus|79/100
|
|upkeep
|turn|10
|
|t:|1758318791
|move|p2a: Mimikyu|Shadow Sneak|p1a: Haxorus
|-damage|p1a: Haxorus|57/100
|move|p1a: Haxorus|Iron Head|p2a: Mimikyu
|-supereffective|p2a: Mimikyu
|-damage|p2a: Mimikyu|0 fnt
|faint|p2a: Mimikyu
|
|-fieldend|move: Trick Room
|upkeep
|inactive|javiconb has 120 seconds left.
|
|t:|1758318816
|switch|p2a: Slowking|Slowking-Galar, F|45/100
|-damage|p2a: Slowking|32/100|[from] Stealth Rock
|turn|11
|
|t:|1758318823
|move|p1a: Haxorus|Iron Head|p2a: Slowking
|-damage|p2a: Slowking|3/100
|move|p2a: Slowking|Trick Room|p2a: Slowking
|-fieldstart|move: Trick Room|[of] p2a: Slowking
|
|upkeep
|turn|12
|
|t:|1758318830
|move|p2a: Slowking|Ice Beam|p1a: Haxorus
|-supereffective|p1a: Haxorus
|-damage|p1a: Haxorus|0 fnt
|faint|p1a: Haxorus
|-damage|p2a: Slowking|0 fnt|[from] item: Life Orb
|faint|p2a: Slowking
|
|upkeep
|inactive|javiconb has 120 seconds left.
|
|t:|1758318845
|switch|p2a: Rabsca|Rabsca, M|100/100
|switch|p1a: Coalossal|Coalossal, M|100/100
|turn|13
|
|t:|1758318853
|move|p2a: Rabsca|Future Sight|p1a: Coalossal
|-start|p2a: Rabsca|move: Future Sight
|move|p1a: Coalossal|Meteor Beam||[still]
|-prepare|p1a: Coalossal|Meteor Beam
|-boost|p1a: Coalossal|spa|1
|-enditem|p1a: Coalossal|Power Herb
|-anim|p1a: Coalossal|Meteor Beam|p2a: Rabsca
|-supereffective|p2a: Rabsca
|-damage|p2a: Rabsca|0 fnt
|faint|p2a: Rabsca
|
|upkeep
|
|t:|1758318863
|switch|p2a: Azumarill|Azumarill, F|100/100
|-damage|p2a: Azumarill|88/100|[from] Stealth Rock
|turn|14
|
|t:|1758318869
|-terastallize|p1a: Coalossal|Water
|move|p2a: Azumarill|Liquidation|p1a: Coalossal
|-resisted|p1a: Coalossal
|-damage|p1a: Coalossal|78/100
|-ability|p1a: Coalossal|Steam Engine|boost
|-boost|p1a: Coalossal|spe|6
|move|p1a: Coalossal|Power Gem|p2a: Azumarill
|-damage|p2a: Azumarill|58/100
|
|upkeep
|turn|15
|
|t:|1758318885
|move|p2a: Azumarill|Play Rough|p1a: Coalossal
|-damage|p1a: Coalossal|35/100
|move|p1a: Coalossal|Power Gem|p2a: Azumarill
|-damage|p2a: Azumarill|27/100
|
|-end|p1a: Coalossal|move: Future Sight
|-damage|p1a: Coalossal|0 fnt
|faint|p1a: Coalossal
|-fieldend|move: Trick Room
|upkeep
|
|t:|1758318900
|switch|p1a: Porygon2|Porygon2|100/100
|turn|16
|
|t:|1758318905
|move|p1a: Porygon2|Thunderbolt|p2a: Azumarill
|-supereffective|p2a: Azumarill
|-damage|p2a: Azumarill|0 fnt
|faint|p2a: Azumarill
|
|upkeep
|
|t:|1758318907
|switch|p2a: Kingambit|Kingambit, M|100/100
|-damage|p2a: Kingambit|94/100|[from] Stealth Rock
|-activate|p2a: Kingambit|ability: Supreme Overlord
|-start|p2a: Kingambit|fallen5|[silent]
|turn|17
|
|t:|1758318928
|move|p1a: Porygon2|Ice Beam|p2a: Kingambit
|-resisted|p2a: Kingambit
|-damage|p2a: Kingambit|79/100
|move|p2a: Kingambit|Swords Dance|p2a: Kingambit
|-boost|p2a: Kingambit|atk|2
|
|upkeep
|turn|18
|
|t:|1758318935
|move|p1a: Porygon2|Thunderbolt|p2a: Kingambit
|-damage|p2a: Kingambit|52/100
|move|p2a: Kingambit|Swords Dance|p2a: Kingambit
|-boost|p2a: Kingambit|atk|2
|
|upkeep
|turn|19
|
|t:|1758318941
|move|p2a: Kingambit|Sucker Punch|p1a: Porygon2
|-damage|p1a: Porygon2|0 fnt
|faint|p1a: Porygon2
|
|upkeep
|
|t:|1758318948
|switch|p1a: Slaking|Slaking, M|100/100
|turn|20
|
|t:|1758318966
|-terastallize|p2a: Kingambit|Flying
|move|p1a: Slaking|Earthquake|p2a: Kingambit
|-immune|p2a: Kingambit
|move|p2a: Kingambit|Kowtow Cleave|p1a: Slaking
|-damage|p1a: Slaking|0 fnt
|faint|p1a: Slaking
|
|upkeep
|
|t:|1758318973
|switch|p1a: Dragonite|Dragonite, M, shiny|69/100
|turn|21
|
|t:|1758318977
|move|p2a: Kingambit|Sucker Punch||[still]
|-fail|p2a: Kingambit
|move|p1a: Dragonite|Roost|p1a: Dragonite
|-heal|p1a: Dragonite|100/100
|-singleturn|p1a: Dragonite|move: Roost
|
|upkeep
|turn|22
|
|t:|1758318983
|move|p1a: Dragonite|Dragon Dance|p1a: Dragonite
|-boost|p1a: Dragonite|atk|1
|-boost|p1a: Dragonite|spe|1
|move|p2a: Kingambit|Kowtow Cleave|p1a: Dragonite
|-damage|p1a: Dragonite|0 fnt
|faint|p1a: Dragonite
|
|win|javiconb
|raw|4y2vcf6b7's rating: 1201 &rarr; <strong>1180</strong><br />(-21 for losing)
|raw|javiconb's rating: 1255 &rarr; <strong>1276</strong><br />(+21 for winning)
|l|☆javiconb
|player|p2|
|l|☆4y2vcf6b7
|player|p1|
