|j|‽SirPops
|j|☆lushlopunny
|t:|1758313834
|gametype|singles
|player|p1|SirPops|red|1119
|player|p2|lushlopunny|ash|1116
|gen|9
|tier|[Gen 9] OU
|rated|
|rule|HP Percentage Mod: HP is shown in percentages
|rule|Endless Battle Clause: Forcing endless battles is banned
|rule|Species Clause: Limit one of each Pokémon
|rule|OHKO Clause: OHKO moves are banned
|rule|Evasion Items Clause: Evasion items are banned
|rule|Evasion Moves Clause: Evasion moves are banned
|rule|Evasion Abilities Clause: Evasion abilities are banned
|rule|Sleep Moves Clause: Sleep-inducing moves are banned
|clearpoke
|poke|p1|Articuno-Galar|
|poke|p1|Moltres-Galar|
|poke|p1|Lapras, F|
|poke|p1|Banette, M|
|poke|p1|Chandelure, M|
|poke|p1|Metang|
|poke|p2|Enamorus, F|
|poke|p2|Ceruledge, F|
|poke|p2|Gholdengo|
|poke|p2|Glimmora, M|
|poke|p2|Ambipom, M|
|poke|p2|Rotom-Wash|
|teampreview
|inactive|Battle timer is ON: inactive players will automatically lose when time's up. (requested by lushlopunny)
|
|t:|1758313844
|teamsize|p1|6
|teamsize|p2|6
|start
|switch|p1a: Banette|Banette, M|100/100
|switch|p2a: Glimmora|Glimmora, M|100/100
|turn|1
|
|t:|1758313850
|move|p2a: Glimmora|Stealth Rock|p1a: Banette
|-sidestart|p1: SirPops|move: Stealth Rock
|move|p1a: Banette|Knock Off|p2a: Glimmora
|-damage|p2a: Glimmora|43/100
|-activate|p2a: Glimmora|ability: Toxic Debris
|-sidestart|p1: SirPops|move: Toxic Spikes
|-enditem|p2a: Glimmora|Focus Sash|[from] move: Knock Off|[of] p1a: Banette
|
|upkeep
|turn|2
|
|t:|1758313864
|move|p2a: Glimmora|Power Gem|p1a: Banette
|-damage|p1a: Banette|43/100
|move|p1a: Banette|Knock Off|p2a: Glimmora
|-damage|p2a: Glimmora|5/100
|-activate|p2a: Glimmora|ability: Toxic Debris
|-sidestart|p1: SirPops|move: Toxic Spikes
|
|upkeep
|turn|3
|
|t:|1758313879
|move|p2a: Glimmora|Power Gem|p1a: Banette
|-damage|p1a: Banette|0 fnt
|-start|p2a: Glimmora|Disable|Power Gem|[from] ability: Cursed Body|[of] p1a: Banette
|faint|p1a: Banette
|
|upkeep
|
|t:|1758313885
|switch|p1a: Metang|Metang, shiny|100/100
|-damage|p1a: Metang|94/100|[from] Stealth Rock
|turn|4
|
|t:|1758313891
|move|p2a: Glimmora|Earth Power|p1a: Metang
|-supereffective|p1a: Metang
|-damage|p1a: Metang|46/100
|move|p1a: Metang|Hone Claws|p1a: Metang
|-boost|p1a: Metang|atk|1
|-boost|p1a: Metang|accuracy|1
|
|upkeep
|turn|5
|c|☆lushlopunny|why is it not a metagross?
|
|t:|1758313911
|-terastallize|p1a: Metang|Flying
|move|p2a: Glimmora|Earth Power|p1a: Metang
|-immune|p1a: Metang
|move|p1a: Metang|Hone Claws|p1a: Metang
|-boost|p1a: Metang|atk|1
|-boost|p1a: Metang|accuracy|1
|
|upkeep
|turn|6
|
|t:|1758313921
|move|p2a: Glimmora|Mortal Spin|p1a: Metang
|-damage|p1a: Metang|42/100
|-status|p1a: Metang|psn
|move|p1a: Metang|Hone Claws|p1a: Metang
|-boost|p1a: Metang|atk|1
|-boost|p1a: Metang|accuracy|1
|
|-damage|p1a: Metang|30/100 psn|[from] psn
|-end|p2a: Glimmora|Disable
|upkeep
|turn|7
|
|t:|1758313945
|move|p1a: Metang|Bullet Punch|p2a: Glimmora
|-supereffective|p2a: Glimmora
|-damage|p2a: Glimmora|0 fnt
|faint|p2a: Glimmora
|
|-damage|p1a: Metang|17/100 psn|[from] psn
|upkeep
|
|t:|1758313956
|switch|p2a: Ambipom|Ambipom, M, shiny|100/100
|turn|8
|inactive|SirPops has 120 seconds left.
|
|t:|1758313981
|move|p2a: Ambipom|Fake Out|p1a: Metang
|-damage|p1a: Metang|0 fnt
|faint|p1a: Metang
|
|upkeep
|
|t:|1758313984
|switch|p1a: Chandelure|Chandelure, M|100/100
|turn|9
|
|t:|1758313990
|move|p2a: Ambipom|Knock Off|p1a: Chandelure
|-supereffective|p1a: Chandelure
|-damage|p1a: Chandelure|38/100
|-enditem|p1a: Chandelure|Heavy-Duty Boots|[from] move: Knock Off|[of] p2a: Ambipom
|move|p1a: Chandelure|Heat Wave|p2a: Ambipom
|-damage|p2a: Ambipom|2/100
|
|upkeep
|turn|10
|
|t:|1758313997
|move|p2a: Ambipom|U-turn|p1a: Chandelure
|-resisted|p1a: Chandelure
|-damage|p1a: Chandelure|32/100
|
|t:|1758314007
|switch|p2a: Rotom|Rotom-Wash, shiny|100/100|[from] U-turn
|move|p1a: Chandelure|Heat Wave|p2a: Rotom
|-resisted|p2a: Rotom
|-damage|p2a: Rotom|74/100
|
|-heal|p2a: Rotom|80/100|[from] item: Leftovers
|upkeep
|turn|11
|inactive|SirPops has 120 seconds left.
|
|t:|1758314040
|move|p2a: Rotom|Hydro Pump|p1a: Chandelure
|-supereffective|p1a: Chandelure
|-damage|p1a: Chandelure|0 fnt
|faint|p1a: Chandelure
|
|-heal|p2a: Rotom|86/100|[from] item: Leftovers
|upkeep
|inactive|SirPops has 120 seconds left.
|-message|SirPops forfeited.
|
|win|lushlopunny
|raw|SirPops's rating: 1119 &rarr; <strong>1094</strong><br />(-25 for losing)
|raw|lushlopunny's rating: 1116 &rarr; <strong>1141</strong><br />(+25 for winning)
|l|‽SirPops
|player|p1|
|l|☆lushlopunny
|player|p2|
