|j|☆08XHX
|j|☆musheng木生ovo
|t:|1758276213
|gametype|singles
|player|p1|08XHX|n|
|player|p2|musheng木生ovo|n|
|gen|9
|tier|[Gen 9] OU
|rule|HP Percentage Mod: HP is shown in percentages
|rule|Endless Battle Clause: Forcing endless battles is banned
|rule|Species Clause: Limit one of each Pokémon
|rule|OHKO Clause: OHKO moves are banned
|rule|Evasion Items Clause: Evasion items are banned
|rule|Evasion Moves Clause: Evasion moves are banned
|rule|Evasion Abilities Clause: Evasion abilities are banned
|rule|Sleep Moves Clause: Sleep-inducing moves are banned
|clearpoke
|poke|p1|Feraligatr, M|
|poke|p1|Azumarill, M|
|poke|p1|Murkrow, F|
|poke|p1|Scizor, M|
|poke|p1|Ursaring, F|
|poke|p1|Heracross, M|
|poke|p2|Espeon, F|
|poke|p2|Sableye, M|
|poke|p2|Arcanine-Hisui, M|
|poke|p2|Azumarill, F|
|poke|p2|Kingambit, M|
|poke|p2|Zapdos|
|teampreview
|inactive|Battle timer is ON: inactive players will automatically lose when time's up. (requested by 08XHX)
|
|t:|1758276228
|teamsize|p1|6
|teamsize|p2|6
|start
|switch|p1a: Murkrow|Murkrow, F|100/100
|switch|p2a: 很喜欢的宝可梦|Sableye, M|100/100
|turn|1
|
|t:|1758276240
|move|p1a: Murkrow|Tailwind|p1a: Murkrow
|-sidestart|p1: 08XHX|move: Tailwind
|move|p2a: 很喜欢的宝可梦|Drain Punch|p1a: Murkrow
|-damage|p1a: Murkrow|61/100
|
|upkeep
|turn|2
|
|t:|1758276253
|move|p1a: Murkrow|U-turn|p2a: 很喜欢的宝可梦
|-damage|p2a: 很喜欢的宝可梦|81/100
|
|t:|1758276255
|switch|p1a: Heracross|Heracross, M|100/100|[from] U-turn
|move|p2a: 很喜欢的宝可梦|Drain Punch|p1a: Heracross
|-resisted|p1a: Heracross
|-damage|p1a: Heracross|86/100
|-heal|p2a: 很喜欢的宝可梦|88/100|[from] drain|[of] p1a: Heracross
|
|upkeep
|turn|3
|
|t:|1758276271
|move|p2a: 很喜欢的宝可梦|Confuse Ray|p1a: Heracross
|-start|p1a: Heracross|confusion
|-activate|p1a: Heracross|confusion
|move|p1a: Heracross|Trailblaze|p2a: 很喜欢的宝可梦
|-damage|p2a: 很喜欢的宝可梦|64/100
|-boost|p1a: Heracross|spe|1
|
|upkeep
|turn|4
|
|t:|1758276290
|switch|p2a: Zapdos|Zapdos|100/100
|-activate|p1a: Heracross|confusion
|-damage|p1a: Heracross|68/100|[from] confusion
|
|-sideend|p1: 08XHX|move: Tailwind
|upkeep
|turn|5
|
|t:|1758276299
|-terastallize|p1a: Heracross|Steel
|-activate|p1a: Heracross|confusion
|-damage|p1a: Heracross|48/100|[from] confusion
|move|p2a: Zapdos|Thunderbolt|p1a: Heracross
|-damage|p1a: Heracross|0 fnt
|faint|p1a: Heracross
|
|upkeep
|
|t:|1758276307
|switch|p1a: Scizor|Scizor, M|100/100
|turn|6
|
|t:|1758276316
|move|p2a: Zapdos|Volt Switch|p1a: Scizor
|-damage|p1a: Scizor|52/100
|
|t:|1758276325
|switch|p2a: 很喜欢的宝可梦|Sableye, M|64/100|[from] Volt Switch
|move|p1a: Scizor|U-turn|p2a: 很喜欢的宝可梦
|-damage|p2a: 很喜欢的宝可梦|10/100
|
|t:|1758276333
|switch|p1a: Feraligatr|Feraligatr, M|100/100|[from] U-turn
|
|upkeep
|turn|7
|
|t:|1758276339
|move|p2a: 很喜欢的宝可梦|Confuse Ray|p1a: Feraligatr
|-start|p1a: Feraligatr|confusion
|-activate|p1a: Feraligatr|confusion
|-damage|p1a: Feraligatr|88/100|[from] confusion
|
|upkeep
|turn|8
|
|t:|1758276347
|-activate|p1a: Feraligatr|confusion
|move|p1a: Feraligatr|Dragon Dance|p1a: Feraligatr
|-boost|p1a: Feraligatr|atk|1
|-boost|p1a: Feraligatr|spe|1
|move|p2a: 很喜欢的宝可梦|Drain Punch|p1a: Feraligatr
|-crit|p1a: Feraligatr
|-damage|p1a: Feraligatr|55/100
|-heal|p2a: 很喜欢的宝可梦|27/100|[from] drain|[of] p1a: Feraligatr
|
|upkeep
|turn|9
|inactive|musheng木生ovo has 270 seconds left.
|
|t:|1758276399
|-end|p1a: Feraligatr|confusion
|move|p1a: Feraligatr|Liquidation|p2a: 很喜欢的宝可梦
|-damage|p2a: 很喜欢的宝可梦|0 fnt
|faint|p2a: 很喜欢的宝可梦
|
|upkeep
|inactive|musheng木生ovo has 240 seconds left.
|
|t:|1758276416
|switch|p2a: Zapdos|Zapdos|100/100
|turn|10
|
|t:|1758276423
|move|p1a: Feraligatr|Ice Punch|p2a: Zapdos
|-supereffective|p2a: Zapdos
|-damage|p2a: Zapdos|0 fnt
|faint|p2a: Zapdos
|
|upkeep
|inactive|musheng木生ovo has 240 seconds left.
|
|t:|1758276451
|switch|p2a: 太阳猫咪|Espeon, F, shiny|100/100
|turn|11
|
|t:|1758276461
|move|p1a: Feraligatr|Crunch|p2a: 太阳猫咪
|-supereffective|p2a: 太阳猫咪
|-damage|p2a: 太阳猫咪|0 fnt
|faint|p2a: 太阳猫咪
|
|upkeep
|
|t:|1758276465
|switch|p2a: 蓝色鸡蛋|Azumarill, F|100/100
|turn|12
|
|t:|1758276471
|move|p1a: Feraligatr|Liquidation|p2a: 蓝色鸡蛋
|-resisted|p2a: 蓝色鸡蛋
|-crit|p2a: 蓝色鸡蛋
|-damage|p2a: 蓝色鸡蛋|23/100
|move|p2a: 蓝色鸡蛋|Play Rough|p1a: Feraligatr
|-damage|p1a: Feraligatr|0 fnt
|faint|p1a: Feraligatr
|
|upkeep
|
|t:|1758276478
|switch|p1a: Murkrow|Murkrow, F|61/100
|turn|13
|
|t:|1758276483
|move|p1a: Murkrow|Thunder Wave|p2a: 蓝色鸡蛋
|-status|p2a: 蓝色鸡蛋|par
|move|p2a: 蓝色鸡蛋|Play Rough|p1a: Murkrow
|-supereffective|p1a: Murkrow
|-damage|p1a: Murkrow|0 fnt
|faint|p1a: Murkrow
|
|upkeep
|
|t:|1758276489
|switch|p1a: Azumarill|Azumarill, M|100/100
|turn|14
|
|t:|1758276507
|move|p1a: Azumarill|Liquidation|p2a: 蓝色鸡蛋
|-resisted|p2a: 蓝色鸡蛋
|-damage|p2a: 蓝色鸡蛋|0 fnt
|faint|p2a: 蓝色鸡蛋
|
|upkeep
|
|t:|1758276515
|switch|p2a: 地狗|Arcanine-Hisui, M|100/100
|turn|15
|
|t:|1758276519
|-terastallize|p2a: 地狗|Electric
|move|p2a: 地狗|Wild Charge|p1a: Azumarill
|-supereffective|p1a: Azumarill
|-damage|p1a: Azumarill|14/100
|move|p1a: Azumarill|Liquidation|p2a: 地狗
|-damage|p2a: 地狗|2/100
|
|upkeep
|turn|16
|
|t:|1758276527
|move|p2a: 地狗|Wild Charge|p1a: Azumarill
|-supereffective|p1a: Azumarill
|-damage|p1a: Azumarill|0 fnt
|faint|p1a: Azumarill
|
|upkeep
|
|t:|1758276528
|switch|p1a: Scizor|Scizor, M|52/100
|turn|17
|
|t:|1758276532
|move|p1a: Scizor|Bullet Punch|p2a: 地狗
|-resisted|p2a: 地狗
|-damage|p2a: 地狗|0 fnt
|faint|p2a: 地狗
|
|upkeep
|
|t:|1758276535
|switch|p2a: Kingambit|Kingambit, M|100/100
|-activate|p2a: Kingambit|ability: Supreme Overlord
|-start|p2a: Kingambit|fallen5|[silent]
|turn|18
|
|t:|1758276553
|move|p1a: Scizor|Close Combat|p2a: Kingambit
|-supereffective|p2a: Kingambit
|-damage|p2a: Kingambit|0 fnt
|-unboost|p1a: Scizor|def|1
|-unboost|p1a: Scizor|spd|1
|faint|p2a: Kingambit
|-end|p2a: Kingambit|fallen5|[silent]
|
|win|08XHX
