|j|☆EllieMinibot
|j|☆Ostenberg
|t:|1758262794
|gametype|singles
|player|p1|EllieMinibot|veteranf|1310
|player|p2|Ostenberg|266|1295
|gen|9
|tier|[Gen 9] OU
|rated|
|rule|HP Percentage Mod: HP is shown in percentages
|rule|Endless Battle Clause: Forcing endless battles is banned
|rule|Species Clause: Limit one of each Pokémon
|rule|OHKO Clause: OHKO moves are banned
|rule|Evasion Items Clause: Evasion items are banned
|rule|Evasion Moves Clause: Evasion moves are banned
|rule|Evasion Abilities Clause: Evasion abilities are banned
|rule|Sleep Moves Clause: Sleep-inducing moves are banned
|clearpoke
|poke|p1|Weezing-Galar, F|
|poke|p1|Gliscor, F|
|poke|p1|Ting-Lu|
|poke|p1|Kingambit, F|
|poke|p1|Glimmora, F|
|poke|p1|Cinderace, M|
|poke|p2|Dragonite, F|
|poke|p2|Metagross|
|poke|p2|Gyarados, F|
|poke|p2|Great Tusk|
|poke|p2|Iron Moth|
|poke|p2|Serperior, M|
|teampreview
|
|t:|1758262825
|teamsize|p1|6
|teamsize|p2|6
|start
|switch|p1a: Glimmora|Glimmora, F|100/100
|switch|p2a: Metagross|Metagross|100/100
|turn|1
|
|t:|1758262834
|move|p1a: Glimmora|Meteor Beam||[still]
|-prepare|p1a: Glimmora|Meteor Beam
|-boost|p1a: Glimmora|spa|1
|-enditem|p1a: Glimmora|Power Herb
|-anim|p1a: Glimmora|Meteor Beam|p2a: Metagross|[miss]
|-miss|p1a: Glimmora|p2a: Metagross
|move|p2a: Metagross|Heavy Slam|p1a: Glimmora
|-supereffective|p1a: Glimmora
|-damage|p1a: Glimmora|0 fnt
|-activate|p1a: Glimmora|ability: Toxic Debris
|-sidestart|p2: Ostenberg|move: Toxic Spikes
|faint|p1a: Glimmora
|
|upkeep
|
|t:|1758262845
|switch|p1a: Gliscor|Gliscor, F|100/100
|turn|2
|
|t:|1758262849
|move|p1a: Gliscor|Knock Off|p2a: Metagross
|-supereffective|p2a: Metagross
|-damage|p2a: Metagross|70/100
|-enditem|p2a: Metagross|Weakness Policy
|-boost|p2a: Metagross|atk|2|[from] item: Weakness Policy
|-boost|p2a: Metagross|spa|2|[from] item: Weakness Policy
|move|p2a: Metagross|Knock Off|p1a: Gliscor
|-damage|p1a: Gliscor|55/100
|-enditem|p1a: Gliscor|Toxic Orb|[from] move: Knock Off|[of] p2a: Metagross
|
|upkeep
|turn|3
|
|t:|1758262860
|move|p1a: Gliscor|Spikes|p2a: Metagross
|-sidestart|p2: Ostenberg|Spikes
|move|p2a: Metagross|Psychic Fangs|p1a: Gliscor
|-damage|p1a: Gliscor|0 fnt
|faint|p1a: Gliscor
|
|upkeep
|
|t:|1758262871
|switch|p1a: Cinderace|Cinderace, M|100/100
|turn|4
|
|t:|1758262877
|switch|p2a: Gyarados|Gyarados, F|100/100
|-ability|p2a: Gyarados|Intimidate|boost
|-unboost|p1a: Cinderace|atk|1
|-terastallize|p1a: Cinderace|Fire
|move|p1a: Cinderace|Pyro Ball|p2a: Gyarados
|-resisted|p2a: Gyarados
|-damage|p2a: Gyarados|72/100
|-status|p2a: Gyarados|brn
|
|-damage|p2a: Gyarados|66/100 brn|[from] brn
|upkeep
|turn|5
|
|t:|1758262890
|move|p1a: Cinderace|U-turn|p2a: Gyarados
|-resisted|p2a: Gyarados
|-damage|p2a: Gyarados|58/100 brn
|-damage|p1a: Cinderace|84/100|[from] item: Rocky Helmet|[of] p2a: Gyarados
|
|t:|1758262895
|switch|p1a: Ting-Lu|Ting-Lu|100/100|[from] U-turn
|-ability|p1a: Ting-Lu|Vessel of Ruin
|move|p2a: Gyarados|Dragon Dance|p2a: Gyarados
|-boost|p2a: Gyarados|atk|1
|-boost|p2a: Gyarados|spe|1
|
|-damage|p2a: Gyarados|52/100 brn|[from] brn
|upkeep
|turn|6
|
|t:|1758262906
|move|p2a: Gyarados|Earthquake|p1a: Ting-Lu
|-damage|p1a: Ting-Lu|86/100
|move|p1a: Ting-Lu|Stealth Rock|p2a: Gyarados
|-sidestart|p2: Ostenberg|move: Stealth Rock
|
|-heal|p1a: Ting-Lu|93/100|[from] item: Leftovers
|-damage|p2a: Gyarados|46/100 brn|[from] brn
|upkeep
|turn|7
|
|t:|1758262916
|move|p2a: Gyarados|Temper Flare|p1a: Ting-Lu
|-crit|p1a: Ting-Lu
|-damage|p1a: Ting-Lu|76/100
|move|p1a: Ting-Lu|Whirlwind|p2a: Gyarados
|drag|p2a: Metagross|Metagross|70/100
|-damage|p2a: Metagross|58/100|[from] Spikes
|-damage|p2a: Metagross|52/100|[from] Stealth Rock
|
|-heal|p1a: Ting-Lu|83/100|[from] item: Leftovers
|upkeep
|turn|8
|
|t:|1758262929
|move|p2a: Metagross|Knock Off|p1a: Ting-Lu
|-resisted|p1a: Ting-Lu
|-crit|p1a: Ting-Lu
|-damage|p1a: Ting-Lu|67/100
|-enditem|p1a: Ting-Lu|Leftovers|[from] move: Knock Off|[of] p2a: Metagross
|move|p1a: Ting-Lu|Earthquake|p2a: Metagross
|-supereffective|p2a: Metagross
|-damage|p2a: Metagross|0 fnt
|faint|p2a: Metagross
|
|upkeep
|
|t:|1758262949
|switch|p2a: Great Tusk|Great Tusk|100/100
|-status|p2a: Great Tusk|psn
|-damage|p2a: Great Tusk|88/100 psn|[from] Spikes
|-damage|p2a: Great Tusk|85/100 psn|[from] Stealth Rock
|-enditem|p2a: Great Tusk|Booster Energy
|-activate|p2a: Great Tusk|ability: Protosynthesis|[fromitem]
|-start|p2a: Great Tusk|protosynthesisatk
|turn|9
|
|t:|1758262963
|switch|p1a: Weezing|Weezing-Galar, F|100/100
|move|p2a: Great Tusk|Rapid Spin|p1a: Weezing
|-damage|p1a: Weezing|85/100
|-boost|p2a: Great Tusk|spe|1
|-sideend|p2: Ostenberg|Spikes|[from] move: Rapid Spin|[of] p2a: Great Tusk
|-sideend|p2: Ostenberg|Toxic Spikes|[from] move: Rapid Spin|[of] p2a: Great Tusk
|-sideend|p2: Ostenberg|Stealth Rock|[from] move: Rapid Spin|[of] p2a: Great Tusk
|
|-heal|p1a: Weezing|91/100|[from] item: Leftovers
|-damage|p2a: Great Tusk|73/100 psn|[from] psn
|upkeep
|turn|10
|
|t:|1758263005
|move|p2a: Great Tusk|High Horsepower|p1a: Weezing
|-immune|p1a: Weezing|[from] ability: Levitate
|move|p1a: Weezing|Toxic Spikes|p2a: Great Tusk
|-sidestart|p2: Ostenberg|move: Toxic Spikes
|
|-heal|p1a: Weezing|97/100|[from] item: Leftovers
|-damage|p2a: Great Tusk|60/100 psn|[from] psn
|upkeep
|turn|11
|
|t:|1758263033
|move|p2a: Great Tusk|Rapid Spin|p1a: Weezing
|-damage|p1a: Weezing|80/100
|-boost|p2a: Great Tusk|spe|1
|-sideend|p2: Ostenberg|Toxic Spikes|[from] move: Rapid Spin|[of] p2a: Great Tusk
|move|p1a: Weezing|Clear Smog|p2a: Great Tusk
|-resisted|p2a: Great Tusk
|-damage|p2a: Great Tusk|51/100 psn
|-clearboost|p2a: Great Tusk
|
|-heal|p1a: Weezing|86/100|[from] item: Leftovers
|-damage|p2a: Great Tusk|39/100 psn|[from] psn
|upkeep
|turn|12
|
|t:|1758263053
|move|p2a: Great Tusk|Ice Spinner|p1a: Weezing
|-damage|p1a: Weezing|61/100
|move|p1a: Weezing|Toxic Spikes|p2a: Great Tusk
|-sidestart|p2: Ostenberg|move: Toxic Spikes
|
|-heal|p1a: Weezing|67/100|[from] item: Leftovers
|-damage|p2a: Great Tusk|26/100 psn|[from] psn
|upkeep
|turn|13
|
|t:|1758263066
|move|p2a: Great Tusk|Rapid Spin|p1a: Weezing
|-damage|p1a: Weezing|50/100
|-boost|p2a: Great Tusk|spe|1
|-sideend|p2: Ostenberg|Toxic Spikes|[from] move: Rapid Spin|[of] p2a: Great Tusk
|move|p1a: Weezing|Clear Smog|p2a: Great Tusk
|-resisted|p2a: Great Tusk
|-damage|p2a: Great Tusk|18/100 psn
|-clearboost|p2a: Great Tusk
|
|-heal|p1a: Weezing|56/100|[from] item: Leftovers
|-damage|p2a: Great Tusk|5/100 psn|[from] psn
|upkeep
|turn|14
|
|t:|1758263080
|move|p2a: Great Tusk|Rapid Spin|p1a: Weezing
|-damage|p1a: Weezing|39/100
|-boost|p2a: Great Tusk|spe|1
|move|p1a: Weezing|Toxic Spikes|p2a: Great Tusk
|-sidestart|p2: Ostenberg|move: Toxic Spikes
|
|-heal|p1a: Weezing|45/100|[from] item: Leftovers
|-damage|p2a: Great Tusk|0 fnt|[from] psn
|faint|p2a: Great Tusk
|-end|p2a: Great Tusk|Protosynthesis|[silent]
|upkeep
|
|t:|1758263100
|switch|p2a: Dragonite|Dragonite, F|100/100
|turn|15
|
|t:|1758263106
|move|p2a: Dragonite|Dragon Dance|p2a: Dragonite
|-boost|p2a: Dragonite|atk|1
|-boost|p2a: Dragonite|spe|1
|move|p1a: Weezing|Toxic|p2a: Dragonite
|-status|p2a: Dragonite|tox
|
|-heal|p1a: Weezing|51/100|[from] item: Leftovers
|-damage|p2a: Dragonite|94/100 tox|[from] psn
|upkeep
|turn|16
|-message|Ostenberg forfeited.
|
|win|EllieMinibot
|raw|EllieMinibot's rating: 1310 &rarr; <strong>1329</strong><br />(+19 for winning)
|raw|Ostenberg's rating: 1295 &rarr; <strong>1271</strong><br />(-24 for losing)
|l|☆Ostenberg
|player|p2|
