|j|☆Kidday
|j|☆moyuiskl
|t:|1758372927
|gametype|singles
|player|p1|Kidday|2|1120
|player|p2|moyuiskl|dawn|1110
|gen|9
|tier|[Gen 9] OU
|rated|
|rule|HP Percentage Mod: HP is shown in percentages
|rule|Endless Battle Clause: Forcing endless battles is banned
|rule|Species Clause: Limit one of each Pokémon
|rule|OHKO Clause: OHKO moves are banned
|rule|Evasion Items Clause: Evasion items are banned
|rule|Evasion Moves Clause: Evasion moves are banned
|rule|Evasion Abilities Clause: Evasion abilities are banned
|rule|Sleep Moves Clause: Sleep-inducing moves are banned
|clearpoke
|poke|p1|Blastoise, M|
|poke|p1|Toxtricity-Low-Key, M|
|poke|p1|Golurk|
|poke|p1|Kingambit, M|
|poke|p1|Magmortar, M|
|poke|p1|Grimmsnarl, M|
|poke|p2|Gengar, M|
|poke|p2|Dondozo, M|
|poke|p2|Cinderace, F|
|poke|p2|Umbreon, F|
|poke|p2|Corviknight, M|
|poke|p2|Landorus-Therian, M|
|teampreview
|
|t:|1758372949
|teamsize|p1|6
|teamsize|p2|6
|start
|switch|p1a: Grimmi|Grimmsnarl, M, shiny|100/100
|switch|p2a: Landorus|Landorus-Therian, M|100/100
|-ability|p2a: Landorus|Intimidate|boost
|-unboost|p1a: Grimmi|atk|1
|turn|1
|
|t:|1758372962
|move|p1a: Grimmi|Reflect|p1a: Grimmi
|-sidestart|p1: Kidday|Reflect
|move|p2a: Landorus|Stealth Rock|p1a: Grimmi
|-sidestart|p1: Kidday|move: Stealth Rock
|
|upkeep
|turn|2
|
|t:|1758372972
|move|p1a: Grimmi|Parting Shot|p2a: Landorus
|-unboost|p2a: Landorus|atk|1
|-unboost|p2a: Landorus|spa|1
|
|t:|1758372988
|switch|p1a: Saitama|Golurk, shiny|100/100|[from] Parting Shot
|-damage|p1a: Saitama|94/100|[from] Stealth Rock
|move|p2a: Landorus|U-turn|p1a: Saitama
|-resisted|p1a: Saitama
|-damage|p1a: Saitama|90/100
|
|t:|1758372999
|switch|p2a: Umbreon|Umbreon, F|100/100|[from] U-turn
|
|upkeep
|turn|3
|
|t:|1758373006
|move|p2a: Umbreon|Toxic|p1a: Saitama
|-status|p1a: Saitama|tox
|move|p1a: Saitama|Poltergeist|p2a: Umbreon
|-activate|p2a: Umbreon|move: Poltergeist|Leftovers
|-resisted|p2a: Umbreon
|-damage|p2a: Umbreon|64/100
|
|-heal|p2a: Umbreon|70/100|[from] item: Leftovers
|-damage|p1a: Saitama|84/100 tox|[from] psn
|upkeep
|turn|4
|
|t:|1758373015
|switch|p1a: DisBiSharp|Kingambit, M, shiny|100/100
|-damage|p1a: DisBiSharp|94/100|[from] Stealth Rock
|move|p2a: Umbreon|Wish|p2a: Umbreon
|
|-heal|p2a: Umbreon|76/100|[from] item: Leftovers
|upkeep
|turn|5
|
|t:|1758373035
|-end|p1a: DisBiSharp|fallenundefined|[silent]
|switch|p1a: Grimmi|Grimmsnarl, M, shiny|100/100
|-damage|p1a: Grimmi|88/100|[from] Stealth Rock
|move|p2a: Umbreon|Protect||[still]
|-fail|p2a: Umbreon
|
|-heal|p2a: Umbreon|100/100|[from] move: Wish|[wisher] Umbreon
|upkeep
|turn|6
|
|t:|1758373069
|switch|p2a: Corviknight|Corviknight, M|100/100
|switch|p1a: Toxic💜|Toxtricity-Low-Key, M|100/100
|-damage|p1a: Toxic💜|88/100|[from] Stealth Rock
|
|upkeep
|turn|7
|
|t:|1758373078
|switch|p2a: Landorus|Landorus-Therian, M|100/100
|-ability|p2a: Landorus|Intimidate|boost
|-unboost|p1a: Toxic💜|atk|1
|move|p1a: Toxic💜|Volt Switch|p2a: Landorus
|-immune|p2a: Landorus
|
|upkeep
|turn|8
|
|t:|1758373095
|switch|p1a: Grimmi|Grimmsnarl, M, shiny|88/100
|-damage|p1a: Grimmi|76/100|[from] Stealth Rock
|move|p2a: Landorus|U-turn|p1a: Grimmi
|-damage|p1a: Grimmi|66/100
|
|t:|1758373106
|switch|p2a: Cinderace|Cinderace, F, shiny|100/100|[from] U-turn
|
|-sideend|p1: Kidday|Reflect
|upkeep
|turn|9
|
|t:|1758373114
|move|p1a: Grimmi|Reflect|p1a: Grimmi
|-sidestart|p1: Kidday|Reflect
|move|p2a: Cinderace|Pyro Ball|p1a: Grimmi|[miss]
|-miss|p2a: Cinderace|p1a: Grimmi
|
|upkeep
|turn|10
|
|t:|1758373119
|move|p1a: Grimmi|Parting Shot|p2a: Cinderace
|-unboost|p2a: Cinderace|atk|1
|-unboost|p2a: Cinderace|spa|1
|
|t:|1758373124
|switch|p1a: Ruby|Magmortar, M, shiny|100/100|[from] Parting Shot
|-damage|p1a: Ruby|76/100|[from] Stealth Rock
|move|p2a: Cinderace|U-turn|p1a: Ruby
|-start|p2a: Cinderace|typechange|Bug|[from] ability: Libero
|-resisted|p1a: Ruby
|-damage|p1a: Ruby|68/100
|
|t:|1758373128
|switch|p2a: Landorus|Landorus-Therian, M|100/100|[from] U-turn
|-ability|p2a: Landorus|Intimidate|boost
|-unboost|p1a: Ruby|atk|1
|
|upkeep
|turn|11
|
|t:|1758373136
|move|p2a: Landorus|Earthquake|p1a: Ruby
|-supereffective|p1a: Ruby
|-damage|p1a: Ruby|7/100
|move|p1a: Ruby|Flamethrower|p2a: Landorus
|-damage|p2a: Landorus|49/100
|-status|p2a: Landorus|brn
|
|-damage|p2a: Landorus|43/100 brn|[from] brn
|upkeep
|turn|12
|
|t:|1758373146
|move|p2a: Landorus|Earthquake|p1a: Ruby
|-supereffective|p1a: Ruby
|-damage|p1a: Ruby|0 fnt
|faint|p1a: Ruby
|
|-damage|p2a: Landorus|37/100 brn|[from] brn
|upkeep
|
|t:|1758373189
|switch|p1a: BigBlue 💙|Blastoise, M, shiny|100/100
|-damage|p1a: BigBlue 💙|88/100|[from] Stealth Rock
|turn|13
|inactive|Battle timer is ON: inactive players will automatically lose when time's up. (requested by moyuiskl)
|
|t:|1758373220
|switch|p2a: Dondozo|Dondozo, M|100/100
|switch|p1a: Toxic💜|Toxtricity-Low-Key, M|88/100
|-damage|p1a: Toxic💜|76/100|[from] Stealth Rock
|
|upkeep
|turn|14
|
|t:|1758373229
|switch|p2a: Umbreon|Umbreon, F|100/100
|move|p1a: Toxic💜|Boomburst|p2a: Umbreon
|-damage|p2a: Umbreon|67/100
|-enditem|p1a: Toxic💜|Throat Spray
|-boost|p1a: Toxic💜|spa|1|[from] item: Throat Spray
|
|-heal|p2a: Umbreon|73/100|[from] item: Leftovers
|upkeep
|turn|15
|
|t:|1758373235
|move|p1a: Toxic💜|Sludge Bomb|p2a: Umbreon
|-damage|p2a: Umbreon|38/100
|move|p2a: Umbreon|Wish|p2a: Umbreon
|
|-heal|p2a: Umbreon|44/100|[from] item: Leftovers
|upkeep
|turn|16
|
|t:|1758373240
|move|p2a: Umbreon|Protect|p2a: Umbreon
|-singleturn|p2a: Umbreon|Protect
|move|p1a: Toxic💜|Boomburst|p2a: Umbreon
|-activate|p2a: Umbreon|move: Protect
|
|-heal|p2a: Umbreon|94/100|[from] move: Wish|[wisher] Umbreon
|-heal|p2a: Umbreon|100/100|[from] item: Leftovers
|-sideend|p1: Kidday|Reflect
|upkeep
|turn|17
|
|t:|1758373246
|move|p1a: Toxic💜|Sludge Bomb|p2a: Umbreon
|-damage|p2a: Umbreon|61/100
|-status|p2a: Umbreon|psn
|-activate|p2a: Umbreon|ability: Synchronize
|-immune|p1a: Toxic💜
|move|p2a: Umbreon|Foul Play|p1a: Toxic💜
|-damage|p1a: Toxic💜|45/100
|
|-heal|p2a: Umbreon|67/100 psn|[from] item: Leftovers
|-damage|p2a: Umbreon|54/100 psn|[from] psn
|upkeep
|turn|18
|
|t:|1758373257
|move|p1a: Toxic💜|Boomburst|p2a: Umbreon
|-damage|p2a: Umbreon|5/100 psn
|move|p2a: Umbreon|Foul Play|p1a: Toxic💜
|-damage|p1a: Toxic💜|13/100
|
|-heal|p2a: Umbreon|11/100 psn|[from] item: Leftovers
|-damage|p2a: Umbreon|0 fnt|[from] psn
|faint|p2a: Umbreon
|upkeep
|
|t:|1758373262
|switch|p2a: Gengar|Gengar, M, shiny|100/100
|turn|19
|
|t:|1758373276
|move|p2a: Gengar|Shadow Ball|p1a: Toxic💜
|-damage|p1a: Toxic💜|0 fnt
|faint|p1a: Toxic💜
|
|upkeep
|
|t:|1758373286
|switch|p1a: Grimmi|Grimmsnarl, M, shiny|66/100
|-damage|p1a: Grimmi|54/100|[from] Stealth Rock
|turn|20
|
|t:|1758373298
|switch|p2a: Corviknight|Corviknight, M|100/100
|move|p1a: Grimmi|Light Screen|p1a: Grimmi
|-sidestart|p1: Kidday|move: Light Screen
|
|upkeep
|turn|21
|
|t:|1758373305
|move|p1a: Grimmi|Reflect|p1a: Grimmi
|-sidestart|p1: Kidday|Reflect
|move|p2a: Corviknight|Brave Bird|p1a: Grimmi
|-damage|p1a: Grimmi|38/100
|-damage|p2a: Corviknight|95/100|[from] Recoil
|
|-heal|p2a: Corviknight|100/100|[from] item: Leftovers
|upkeep
|turn|22
|
|t:|1758373328
|switch|p1a: Saitama|Golurk, shiny|84/100 tox
|-damage|p1a: Saitama|78/100 tox|[from] Stealth Rock
|move|p2a: Corviknight|Brave Bird|p1a: Saitama
|-damage|p1a: Saitama|58/100 tox
|-damage|p2a: Corviknight|94/100|[from] Recoil
|
|-heal|p2a: Corviknight|99/100|[from] item: Leftovers
|-damage|p1a: Saitama|52/100 tox|[from] psn
|upkeep
|turn|23
|
|t:|1758373339
|move|p2a: Corviknight|Brave Bird|p1a: Saitama
|-damage|p1a: Saitama|32/100 tox
|-damage|p2a: Corviknight|94/100|[from] Recoil
|move|p1a: Saitama|Poltergeist|p2a: Corviknight
|-activate|p2a: Corviknight|move: Poltergeist|Leftovers
|-damage|p2a: Corviknight|37/100
|
|-heal|p2a: Corviknight|43/100|[from] item: Leftovers
|-damage|p1a: Saitama|20/100 tox|[from] psn
|upkeep
|turn|24
|
|t:|1758373348
|move|p2a: Corviknight|Roost|p2a: Corviknight
|-heal|p2a: Corviknight|93/100
|-singleturn|p2a: Corviknight|move: Roost
|move|p1a: Saitama|Poltergeist|p2a: Corviknight
|-activate|p2a: Corviknight|move: Poltergeist|Leftovers
|-damage|p2a: Corviknight|43/100
|
|-heal|p2a: Corviknight|49/100|[from] item: Leftovers
|-damage|p1a: Saitama|2/100 tox|[from] psn
|upkeep
|turn|25
|
|t:|1758373358
|move|p2a: Corviknight|Roost|p2a: Corviknight
|-heal|p2a: Corviknight|99/100
|-singleturn|p2a: Corviknight|move: Roost
|move|p1a: Saitama|Poltergeist|p2a: Corviknight
|-activate|p2a: Corviknight|move: Poltergeist|Leftovers
|-damage|p2a: Corviknight|49/100
|
|-heal|p2a: Corviknight|55/100|[from] item: Leftovers
|-damage|p1a: Saitama|0 fnt|[from] psn
|faint|p1a: Saitama
|upkeep
|
|t:|1758373382
|switch|p1a: BigBlue 💙|Blastoise, M, shiny|88/100
|-damage|p1a: BigBlue 💙|76/100|[from] Stealth Rock
|turn|26
|
|t:|1758373389
|switch|p2a: Dondozo|Dondozo, M|100/100
|move|p1a: BigBlue 💙|Shell Smash|p1a: BigBlue 💙
|-unboost|p1a: BigBlue 💙|def|1
|-unboost|p1a: BigBlue 💙|spd|1
|-boost|p1a: BigBlue 💙|atk|2
|-boost|p1a: BigBlue 💙|spa|2
|-boost|p1a: BigBlue 💙|spe|2
|-enditem|p1a: BigBlue 💙|White Herb
|-clearnegativeboost|p1a: BigBlue 💙|[silent]
|
|upkeep
|turn|27
|
|t:|1758373413
|move|p1a: BigBlue 💙|Surf|p2a: Dondozo
|-resisted|p2a: Dondozo
|-damage|p2a: Dondozo|81/100
|move|p2a: Dondozo|Body Slam|p1a: BigBlue 💙
|-damage|p1a: BigBlue 💙|67/100
|
|-heal|p2a: Dondozo|88/100|[from] item: Leftovers
|-sideend|p1: Kidday|move: Light Screen
|upkeep
|turn|28
|inactive|Kidday has 120 seconds left.
|l|☆Kidday
|inactive|Kidday disconnected and has a minute to reconnect!
|player|p1|
|inactive|Kidday has 30 seconds to reconnect!
|inactive|Kidday has 20 seconds to reconnect!
|inactive|Kidday has 15 seconds to reconnect!
|inactive|Kidday has 10 seconds to reconnect!
|inactive|Kidday has 5 seconds to reconnect!
|-message|Kidday lost due to inactivity.
|
|win|moyuiskl
|raw|Kidday's rating: 1120 &rarr; <strong>1094</strong><br />(-26 for losing)
|raw|moyuiskl's rating: 1110 &rarr; <strong>1136</strong><br />(+26 for winning)
|l|☆moyuiskl
|player|p2|
