|j|‽Szpp
|j|☆lzweax
|t:|1758303581
|gametype|singles
|player|p1|Szpp|preschooler|1186
|player|p2|lzweax|1|1175
|gen|9
|tier|[Gen 9] OU
|rated|
|rule|HP Percentage Mod: HP is shown in percentages
|rule|Endless Battle Clause: Forcing endless battles is banned
|rule|Species Clause: Limit one of each Pokémon
|rule|OHKO Clause: OHKO moves are banned
|rule|Evasion Items Clause: Evasion items are banned
|rule|Evasion Moves Clause: Evasion moves are banned
|rule|Evasion Abilities Clause: Evasion abilities are banned
|rule|Sleep Moves Clause: Sleep-inducing moves are banned
|clearpoke
|poke|p1|Iron Valiant|
|poke|p1|Ogerpon-Wellspring, F|
|poke|p1|Great Tusk|
|poke|p1|Heatran, M|
|poke|p1|Weavile, M|
|poke|p1|Clefable, M|
|poke|p2|Registeel|
|poke|p2|Landorus-Therian, M|
|poke|p2|Volcanion|
|poke|p2|Pecharunt|
|poke|p2|Araquanid, M|
|poke|p2|Raging Bolt|
|teampreview
|inactive|Battle timer is ON: inactive players will automatically lose when time's up. (requested by lzweax)
|
|t:|1758303608
|teamsize|p1|6
|teamsize|p2|6
|start
|switch|p1a: Weavile|Weavile, M|100/100
|switch|p2a: Registeel|Registeel, shiny|100/100
|-ability|p1a: Weavile|Pressure
|turn|1
|
|t:|1758303623
|switch|p1a: Heatran|Heatran, M|100/100
|-item|p1a: Heatran|Air Balloon
|move|p2a: Registeel|Stealth Rock|p1a: Heatran
|-sidestart|p1: Szpp|move: Stealth Rock
|
|upkeep
|turn|2
|
|t:|1758303630
|move|p1a: Heatran|Stealth Rock|p2a: Registeel
|-sidestart|p2: lzweax|move: Stealth Rock
|move|p2a: Registeel|Body Press|p1a: Heatran
|-supereffective|p1a: Heatran
|-damage|p1a: Heatran|33/100
|-enditem|p1a: Heatran|Air Balloon
|
|upkeep
|turn|3
|
|t:|1758303637
|switch|p1a: Clefable|Clefable, M|100/100
|move|p2a: Registeel|Body Press|p1a: Clefable
|-resisted|p1a: Clefable
|-damage|p1a: Clefable|88/100
|
|upkeep
|turn|4
|
|t:|1758303647
|move|p1a: Clefable|Thunder Wave|p2a: Registeel
|-status|p2a: Registeel|par
|move|p2a: Registeel|Thunder Wave|p1a: Clefable
|-status|p1a: Clefable|par
|
|upkeep
|turn|5
|
|t:|1758303656
|switch|p2a: Pecharunt|Pecharunt|100/100
|-damage|p2a: Pecharunt|88/100|[from] Stealth Rock
|cant|p1a: Clefable|par
|
|upkeep
|turn|6
|
|t:|1758303664
|move|p2a: Pecharunt|Malignant Chain|p1a: Clefable
|-supereffective|p1a: Clefable
|-damage|p1a: Clefable|32/100 par
|move|p1a: Clefable|Thunder Wave|p2a: Pecharunt
|-status|p2a: Pecharunt|par
|
|upkeep
|turn|7
|
|t:|1758303674
|switch|p1a: Heatran|Heatran, M|33/100
|-damage|p1a: Heatran|21/100|[from] Stealth Rock
|move|p2a: Pecharunt|Poltergeist||[still]
|-fail|p2a: Pecharunt
|
|upkeep
|turn|8
|
|t:|1758303682
|move|p1a: Heatran|Magma Storm|p2a: Pecharunt
|-damage|p2a: Pecharunt|31/100 par
|-activate|p2a: Pecharunt|move: Magma Storm|[of] p1a: Heatran
|move|p2a: Pecharunt|Parting Shot|p1a: Heatran
|-unboost|p1a: Heatran|atk|1
|-unboost|p1a: Heatran|spa|1
|
|t:|1758303689
|switch|p2a: Volcanion|Volcanion|100/100|[from] Parting Shot
|
|upkeep
|turn|9
|
|t:|1758303698
|move|p1a: Heatran|Earth Power|p2a: Volcanion
|-supereffective|p2a: Volcanion
|-damage|p2a: Volcanion|57/100
|move|p2a: Volcanion|Earth Power|p1a: Heatran
|-supereffective|p1a: Heatran
|-damage|p1a: Heatran|0 fnt
|faint|p1a: Heatran
|
|upkeep
|
|t:|1758303708
|switch|p1a: Great Tusk|Great Tusk|100/100
|turn|10
|
|t:|1758303713
|move|p1a: Great Tusk|Headlong Rush|p2a: Volcanion
|-supereffective|p2a: Volcanion
|-damage|p2a: Volcanion|0 fnt
|-unboost|p1a: Great Tusk|def|1
|-unboost|p1a: Great Tusk|spd|1
|faint|p2a: Volcanion
|
|upkeep
|
|t:|1758303721
|switch|p2a: Landorus|Landorus-Therian, M, shiny|100/100
|-damage|p2a: Landorus|88/100|[from] Stealth Rock
|-ability|p2a: Landorus|Intimidate|boost
|-unboost|p1a: Great Tusk|atk|1
|turn|11
|
|t:|1758303727
|move|p2a: Landorus|Earthquake|p1a: Great Tusk
|-damage|p1a: Great Tusk|37/100
|move|p1a: Great Tusk|Rapid Spin|p2a: Landorus
|-damage|p2a: Landorus|76/100
|-boost|p1a: Great Tusk|spe|1
|-sideend|p1: Szpp|Stealth Rock|[from] move: Rapid Spin|[of] p1a: Great Tusk
|
|upkeep
|turn|12
|
|t:|1758303733
|move|p2a: Landorus|Earthquake|p1a: Great Tusk
|-damage|p1a: Great Tusk|0 fnt
|faint|p1a: Great Tusk
|-end|p1a: Great Tusk|Protosynthesis|[silent]
|
|upkeep
|
|t:|1758303761
|switch|p1a: Weavile|Weavile, M|100/100
|-ability|p1a: Weavile|Pressure
|turn|13
|
|t:|1758303768
|switch|p2a: Registeel|Registeel, shiny|100/100 par
|-damage|p2a: Registeel|95/100 par|[from] Stealth Rock
|move|p1a: Weavile|Ice Shard|p2a: Registeel
|-resisted|p2a: Registeel
|-damage|p2a: Registeel|86/100 par
|
|-heal|p2a: Registeel|92/100 par|[from] item: Leftovers
|upkeep
|turn|14
|
|t:|1758303776
|switch|p1a: Clefable|Clefable, M|32/100 par
|move|p2a: Registeel|Iron Defense|p2a: Registeel
|-boost|p2a: Registeel|def|2
|
|-heal|p2a: Registeel|98/100 par|[from] item: Leftovers
|upkeep
|turn|15
|
|t:|1758303790
|move|p1a: Clefable|Moonblast|p2a: Registeel
|-resisted|p2a: Registeel
|-damage|p2a: Registeel|88/100 par
|move|p2a: Registeel|Stealth Rock|p1a: Clefable
|-sidestart|p1: Szpp|move: Stealth Rock
|
|-heal|p2a: Registeel|94/100 par|[from] item: Leftovers
|upkeep
|turn|16
|
|t:|1758303799
|switch|p1a: Ogerpon|Ogerpon-Wellspring, F|100/100
|-damage|p1a: Ogerpon|88/100|[from] Stealth Rock
|move|p2a: Registeel|Iron Defense|p2a: Registeel
|-boost|p2a: Registeel|def|2
|
|-heal|p2a: Registeel|99/100 par|[from] item: Leftovers
|upkeep
|turn|17
|
|t:|1758303809
|move|p1a: Ogerpon|Knock Off|p2a: Registeel
|-damage|p2a: Registeel|91/100 par
|-enditem|p2a: Registeel|Leftovers|[from] move: Knock Off|[of] p1a: Ogerpon
|move|p2a: Registeel|Iron Defense|p2a: Registeel
|-boost|p2a: Registeel|def|2
|
|upkeep
|turn|18
|-message|Szpp forfeited.
|
|win|lzweax
|raw|Szpp's rating: 1186 &rarr; <strong>1160</strong><br />(-26 for losing)
|raw|lzweax's rating: 1175 &rarr; <strong>1201</strong><br />(+26 for winning)
|l|‽Szpp
|player|p1|
|l|☆lzweax
|player|p2|
