|j|☆Obito 2001
|j|☆iacidicowl
|t:|1758282068
|gametype|singles
|player|p1|Obito 2001|blue-gen3two|1786
|player|p2|iacidicowl|dahlia|1719
|gen|9
|tier|[Gen 9] OU
|rated|
|rule|HP Percentage Mod: HP is shown in percentages
|rule|Endless Battle Clause: Forcing endless battles is banned
|rule|Species Clause: Limit one of each Pokémon
|rule|OHKO Clause: OHKO moves are banned
|rule|Evasion Items Clause: Evasion items are banned
|rule|Evasion Moves Clause: Evasion moves are banned
|rule|Evasion Abilities Clause: Evasion abilities are banned
|rule|Sleep Moves Clause: Sleep-inducing moves are banned
|clearpoke
|poke|p1|Ting-Lu|
|poke|p1|Weezing-Galar, M|
|poke|p1|Ogerpon-Wellspring, F|
|poke|p1|Corviknight, F|
|poke|p1|Kyurem|
|poke|p1|Skeledirge, M|
|poke|p2|Gliscor, M|
|poke|p2|Glimmora, F|
|poke|p2|Gholdengo|
|poke|p2|Zamazenta-*|
|poke|p2|Iron Valiant|
|poke|p2|Amoonguss, M|
|teampreview
|inactive|Battle timer is ON: inactive players will automatically lose when time's up. (requested by Obito 2001)
|j| 40 crip
|
|t:|1758282089
|teamsize|p1|6
|teamsize|p2|6
|start
|switch|p1a: Ban me|Ogerpon-Wellspring, F|100/100
|switch|p2a: Gholdengo|Gholdengo|100/100
|turn|1
|
|t:|1758282098
|move|p2a: Gholdengo|Shadow Ball|p1a: Ban me
|-damage|p1a: Ban me|54/100
|move|p1a: Ban me|Knock Off|p2a: Gholdengo
|-supereffective|p2a: Gholdengo
|-damage|p2a: Gholdengo|19/100
|-enditem|p2a: Gholdengo|Choice Scarf|[from] move: Knock Off|[of] p1a: Ban me
|
|upkeep
|turn|2
|
|t:|1758282104
|switch|p2a: Amoonguss|Amoonguss, M|100/100
|move|p1a: Ban me|Knock Off|p2a: Amoonguss
|-damage|p2a: Amoonguss|71/100
|-damage|p1a: Ban me|38/100|[from] item: Rocky Helmet|[of] p2a: Amoonguss
|-enditem|p2a: Amoonguss|Rocky Helmet|[from] move: Knock Off|[of] p1a: Ban me
|
|upkeep
|turn|3
|
|t:|1758282115
|move|p1a: Ban me|U-turn|p2a: Amoonguss
|-damage|p2a: Amoonguss|49/100
|c| 40 crip|is that an AMOONGUS
|
|t:|1758282118
|switch|p1a: Ban Dragonite|Corviknight, F|100/100|[from] U-turn
|-ability|p1a: Ban Dragonite|Pressure
|move|p2a: Amoonguss|Stun Spore|p1a: Ban Dragonite
|-status|p1a: Ban Dragonite|par
|
|upkeep
|turn|4
|c| 40 crip|in this climate
|
|t:|1758282129
|switch|p2a: Gliscor|Gliscor, M|100/100
|switch|p1a: Ban Gliscor ASAP|Kyurem, shiny|100/100
|-ability|p1a: Ban Gliscor ASAP|Pressure
|
|-status|p2a: Gliscor|tox|[from] item: Toxic Orb
|upkeep
|turn|5
|
|t:|1758282144
|switch|p2a: Glimmora|Glimmora, F|100/100
|move|p1a: Ban Gliscor ASAP|Substitute|p1a: Ban Gliscor ASAP
|-start|p1a: Ban Gliscor ASAP|Substitute
|-damage|p1a: Ban Gliscor ASAP|76/100
|
|-heal|p1a: Ban Gliscor ASAP|82/100|[from] item: Leftovers
|upkeep
|turn|6
|
|t:|1758282150
|move|p1a: Ban Gliscor ASAP|Earth Power|p2a: Glimmora
|-supereffective|p2a: Glimmora
|-damage|p2a: Glimmora|0 fnt
|faint|p2a: Glimmora
|
|-heal|p1a: Ban Gliscor ASAP|88/100|[from] item: Leftovers
|upkeep
|
|t:|1758282158
|switch|p2a: Iron Valiant|Iron Valiant|100/100
|-enditem|p2a: Iron Valiant|Booster Energy
|-activate|p2a: Iron Valiant|ability: Quark Drive|[fromitem]
|-start|p2a: Iron Valiant|quarkdrivespe
|turn|7
|
|t:|1758282164
|move|p2a: Iron Valiant|Moonblast|p1a: Ban Gliscor ASAP
|-supereffective|p1a: Ban Gliscor ASAP
|-end|p1a: Ban Gliscor ASAP|Substitute
|move|p1a: Ban Gliscor ASAP|Freeze-Dry|p2a: Iron Valiant
|-damage|p2a: Iron Valiant|25/100
|
|-heal|p1a: Ban Gliscor ASAP|94/100|[from] item: Leftovers
|upkeep
|turn|8
|
|t:|1758282172
|switch|p1a: Ban Wogerpon|Skeledirge, M|100/100
|move|p2a: Iron Valiant|Moonblast|p1a: Ban Wogerpon
|-resisted|p1a: Ban Wogerpon
|-damage|p1a: Ban Wogerpon|79/100
|
|upkeep
|turn|9
|
|t:|1758282177
|move|p2a: Iron Valiant|Destiny Bond|p2a: Iron Valiant
|-singlemove|p2a: Iron Valiant|Destiny Bond
|move|p1a: Ban Wogerpon|Torch Song|p2a: Iron Valiant
|-damage|p2a: Iron Valiant|0 fnt
|-boost|p1a: Ban Wogerpon|spa|1
|faint|p2a: Iron Valiant
|-activate|p2a: Iron Valiant|move: Destiny Bond
|-end|p2a: Iron Valiant|Quark Drive|[silent]
|faint|p1a: Ban Wogerpon
|
|upkeep
|
|t:|1758282190
|switch|p2a: Zamazenta|Zamazenta|100/100
|switch|p1a: Ban me|Ogerpon-Wellspring, F|38/100
|-ability|p2a: Zamazenta|Dauntless Shield|boost
|-boost|p2a: Zamazenta|def|1
|turn|10
|
|t:|1758282197
|switch|p1a: Fk hazard noobs|Weezing-Galar, M|100/100
|-ability|p1a: Fk hazard noobs|Neutralizing Gas
|move|p2a: Zamazenta|Close Combat|p1a: Fk hazard noobs
|-resisted|p1a: Fk hazard noobs
|-damage|p1a: Fk hazard noobs|86/100
|-unboost|p2a: Zamazenta|def|1
|-unboost|p2a: Zamazenta|spd|1
|
|upkeep
|turn|11
|
|t:|1758282209
|switch|p2a: Amoonguss|Amoonguss, M|82/100
|move|p1a: Fk hazard noobs|Will-O-Wisp|p2a: Amoonguss
|-status|p2a: Amoonguss|brn
|
|-damage|p2a: Amoonguss|76/100 brn|[from] brn
|upkeep
|turn|12
|
|t:|1758282217
|move|p1a: Fk hazard noobs|Sludge Bomb|p2a: Amoonguss
|-damage|p2a: Amoonguss|50/100 brn
|move|p2a: Amoonguss|Sludge Bomb|p1a: Fk hazard noobs
|-damage|p1a: Fk hazard noobs|45/100
|
|-damage|p2a: Amoonguss|44/100 brn|[from] brn
|upkeep
|turn|13
|
|t:|1758282225
|move|p1a: Fk hazard noobs|Pain Split|p2a: Amoonguss
|-sethp|p2a: Amoonguss|40/100 brn|[from] move: Pain Split|[silent]
|-sethp|p1a: Fk hazard noobs|51/100|[from] move: Pain Split
|move|p2a: Amoonguss|Sludge Bomb|p1a: Fk hazard noobs
|-damage|p1a: Fk hazard noobs|15/100
|
|-damage|p2a: Amoonguss|34/100 brn|[from] brn
|upkeep
|turn|14
|
|t:|1758282234
|move|p1a: Fk hazard noobs|Sludge Bomb|p2a: Amoonguss
|-damage|p2a: Amoonguss|8/100 brn
|move|p2a: Amoonguss|Sludge Bomb|p1a: Fk hazard noobs
|-damage|p1a: Fk hazard noobs|0 fnt
|faint|p1a: Fk hazard noobs
|-end|p1a: Fk hazard noobs|ability: Neutralizing Gas
|
|-damage|p2a: Amoonguss|2/100 brn|[from] brn
|upkeep
|
|t:|1758282237
|switch|p1a: Ban me|Ogerpon-Wellspring, F|38/100
|turn|15
|
|t:|1758282244
|switch|p2a: Gholdengo|Gholdengo|19/100
|move|p1a: Ban me|Synthesis|p1a: Ban me
|-heal|p1a: Ban me|88/100
|
|upkeep
|turn|16
|
|t:|1758282249
|move|p1a: Ban me|Knock Off|p2a: Gholdengo
|-supereffective|p2a: Gholdengo
|-damage|p2a: Gholdengo|0 fnt
|faint|p2a: Gholdengo
|
|upkeep
|
|t:|1758282251
|switch|p2a: Zamazenta|Zamazenta|100/100
|turn|17
|
|t:|1758282257
|switch|p1a: Ban Dragonite|Corviknight, F|100/100 par
|-ability|p1a: Ban Dragonite|Pressure
|move|p2a: Zamazenta|Close Combat|p1a: Ban Dragonite
|-damage|p1a: Ban Dragonite|44/100 par
|-unboost|p2a: Zamazenta|def|1
|-unboost|p2a: Zamazenta|spd|1
|-damage|p2a: Zamazenta|84/100|[from] item: Rocky Helmet|[of] p1a: Ban Dragonite
|
|upkeep
|turn|18
|
|t:|1758282261
|move|p2a: Zamazenta|Close Combat|p1a: Ban Dragonite
|-damage|p1a: Ban Dragonite|0 fnt
|-unboost|p2a: Zamazenta|def|1
|-unboost|p2a: Zamazenta|spd|1
|-damage|p2a: Zamazenta|67/100|[from] item: Rocky Helmet|[of] p1a: Ban Dragonite
|faint|p1a: Ban Dragonite
|
|upkeep
|
|t:|1758282263
|switch|p1a: Ban Gliscor ASAP|Kyurem, shiny|94/100
|-ability|p1a: Ban Gliscor ASAP|Pressure
|turn|19
|j| wgw2333
|
|t:|1758282270
|switch|p2a: Amoonguss|Amoonguss, M|35/100 brn
|-terastallize|p1a: Ban Gliscor ASAP|Poison
|move|p1a: Ban Gliscor ASAP|Freeze-Dry|p2a: Amoonguss
|-supereffective|p2a: Amoonguss
|-damage|p2a: Amoonguss|0 fnt
|faint|p2a: Amoonguss
|
|-heal|p1a: Ban Gliscor ASAP|99/100|[from] item: Leftovers
|upkeep
|
|t:|1758282274
|switch|p2a: Gliscor|Gliscor, M|100/100 tox
|turn|20
|j| isaac_gam3r
|
|t:|1758282284
|switch|p1a: Ban me|Ogerpon-Wellspring, F|88/100
|-terastallize|p2a: Gliscor|Normal
|move|p2a: Gliscor|Facade|p1a: Ban me
|-damage|p1a: Ban me|29/100
|
|upkeep
|turn|21
|
|t:|1758282291
|move|p1a: Ban me|Ivy Cudgel|p2a: Gliscor|[anim] Ivy Cudgel Water
|-damage|p2a: Gliscor|49/100 tox
|move|p2a: Gliscor|Facade|p1a: Ban me
|-damage|p1a: Ban me|0 fnt
|faint|p1a: Ban me
|
|-heal|p2a: Gliscor|62/100 tox|[from] ability: Poison Heal
|upkeep
|j| buluofen
|
|t:|1758282299
|switch|p1a: Ban Gliscor ASAP|Kyurem, shiny, tera:Poison|99/100
|-ability|p1a: Ban Gliscor ASAP|Pressure
|turn|22
|
|t:|1758282308
|move|p1a: Ban Gliscor ASAP|Freeze-Dry|p2a: Gliscor
|-damage|p2a: Gliscor|27/100 tox
|move|p2a: Gliscor|Facade|p1a: Ban Gliscor ASAP
|-damage|p1a: Ban Gliscor ASAP|58/100
|
|-heal|p1a: Ban Gliscor ASAP|64/100|[from] item: Leftovers
|-heal|p2a: Gliscor|40/100 tox|[from] ability: Poison Heal
|upkeep
|turn|23
|
|t:|1758282332
|move|p2a: Gliscor|Protect|p2a: Gliscor
|-singleturn|p2a: Gliscor|Protect
|move|p1a: Ban Gliscor ASAP|Freeze-Dry|p2a: Gliscor
|-activate|p2a: Gliscor|move: Protect
|
|-heal|p1a: Ban Gliscor ASAP|70/100|[from] item: Leftovers
|-heal|p2a: Gliscor|52/100 tox|[from] ability: Poison Heal
|upkeep
|turn|24
|
|t:|1758282335
|move|p1a: Ban Gliscor ASAP|Freeze-Dry|p2a: Gliscor
|-damage|p2a: Gliscor|16/100 tox
|move|p2a: Gliscor|Facade|p1a: Ban Gliscor ASAP
|-damage|p1a: Ban Gliscor ASAP|29/100
|
|-heal|p1a: Ban Gliscor ASAP|35/100|[from] item: Leftovers
|-heal|p2a: Gliscor|29/100 tox|[from] ability: Poison Heal
|upkeep
|turn|25
|
|t:|1758282343
|move|p2a: Gliscor|Protect|p2a: Gliscor
|-singleturn|p2a: Gliscor|Protect
|move|p1a: Ban Gliscor ASAP|Freeze-Dry|p2a: Gliscor
|-activate|p2a: Gliscor|move: Protect
|
|-heal|p1a: Ban Gliscor ASAP|41/100|[from] item: Leftovers
|-heal|p2a: Gliscor|41/100 tox|[from] ability: Poison Heal
|upkeep
|turn|26
|
|t:|1758282345
|move|p1a: Ban Gliscor ASAP|Freeze-Dry|p2a: Gliscor
|-damage|p2a: Gliscor|7/100 tox
|move|p2a: Gliscor|Facade|p1a: Ban Gliscor ASAP
|-damage|p1a: Ban Gliscor ASAP|0 fnt
|faint|p1a: Ban Gliscor ASAP
|
|-heal|p2a: Gliscor|20/100 tox|[from] ability: Poison Heal
|upkeep
|j| Crogenius2
|
|t:|1758282352
|switch|p1a: Ban Zamazenta|Ting-Lu|100/100
|-ability|p1a: Ban Zamazenta|Vessel of Ruin
|turn|27
|l| isaac_gam3r
|c|☆iacidicowl|U know what hard agree with names
|c|☆iacidicowl|but kyurem also
|inactive|iacidicowl has 120 seconds left.
|c|☆Obito 2001|Yes true
|
|t:|1758282385
|move|p2a: Gliscor|Facade|p1a: Ban Zamazenta
|-damage|p1a: Ban Zamazenta|75/100
|move|p1a: Ban Zamazenta|Earthquake|p2a: Gliscor
|-damage|p2a: Gliscor|0 fnt
|faint|p2a: Gliscor
|
|-heal|p1a: Ban Zamazenta|81/100|[from] item: Leftovers
|upkeep
|
|t:|1758282387
|switch|p2a: Zamazenta|Zamazenta|67/100
|turn|28
|
|t:|1758282389
|move|p2a: Zamazenta|Close Combat|p1a: Ban Zamazenta
|-supereffective|p1a: Ban Zamazenta
|-damage|p1a: Ban Zamazenta|0 fnt
|-unboost|p2a: Zamazenta|def|1
|-unboost|p2a: Zamazenta|spd|1
|faint|p1a: Ban Zamazenta
|
|win|iacidicowl
|raw|Obito 2001's rating: 1786 &rarr; <strong>1762</strong><br />(-24 for losing)
|raw|iacidicowl's rating: 1719 &rarr; <strong>1743</strong><br />(+24 for winning)
|l|☆Obito 2001
|player|p1|
|l| Crogenius2
|l| buluofen
|l| wgw2333
|l| 40 crip
