|j|☆jinu55
|j|☆John Mahmoud
|t:|1758258175
|gametype|singles
|player|p1|jinu55|byron|1260
|player|p2|John Mahmoud|169|1238
|gen|9
|tier|[Gen 9] OU
|rated|
|rule|HP Percentage Mod: HP is shown in percentages
|rule|Endless Battle Clause: Forcing endless battles is banned
|rule|Species Clause: Limit one of each Pokémon
|rule|OHKO Clause: OHKO moves are banned
|rule|Evasion Items Clause: Evasion items are banned
|rule|Evasion Moves Clause: Evasion moves are banned
|rule|Evasion Abilities Clause: Evasion abilities are banned
|rule|Sleep Moves Clause: Sleep-inducing moves are banned
|clearpoke
|poke|p1|Hitmonlee, M|
|poke|p1|Azumarill, M|
|poke|p1|Blaziken, F|
|poke|p1|Meowscarada, M|
|poke|p1|Donphan, M|
|poke|p1|Dragonite, M|
|poke|p2|Great Tusk|
|poke|p2|Azumarill, F|
|poke|p2|Iron Crown|
|poke|p2|Zapdos|
|poke|p2|Cinderace, F|
|poke|p2|Dragapult, M|
|teampreview
|inactive|Battle timer is ON: inactive players will automatically lose when time's up. (requested by jinu55)
|
|t:|1758258186
|teamsize|p1|6
|teamsize|p2|6
|start
|switch|p1a: Meowscarada|Meowscarada, M|100/100
|switch|p2a: Gros corn|Great Tusk|100/100
|turn|1
|
|t:|1758258210
|-end|p2a: Gros corn|Protosynthesis|[silent]
|switch|p2a: Joe Yabuki|Zapdos|100/100
|move|p1a: Meowscarada|Flower Trick|p2a: Joe Yabuki
|-start|p1a: Meowscarada|typechange|Grass|[from] ability: Protean
|-resisted|p2a: Joe Yabuki
|-crit|p2a: Joe Yabuki
|-damage|p2a: Joe Yabuki|63/100
|
|upkeep
|turn|2
|
|t:|1758258220
|move|p1a: Meowscarada|Flower Trick|p2a: Joe Yabuki
|-resisted|p2a: Joe Yabuki
|-crit|p2a: Joe Yabuki
|-damage|p2a: Joe Yabuki|23/100
|move|p2a: Joe Yabuki|Hurricane|p1a: Meowscarada
|-supereffective|p1a: Meowscarada
|-damage|p1a: Meowscarada|0 fnt
|faint|p1a: Meowscarada
|
|upkeep
|
|t:|1758258233
|switch|p1a: Donphan|Donphan, M|100/100
|turn|3
|
|t:|1758258240
|switch|p2a: Bitenbois|Azumarill, F|100/100
|move|p1a: Donphan|Stealth Rock|p2a: Bitenbois
|-sidestart|p2: John Mahmoud|move: Stealth Rock
|
|upkeep
|turn|4
|
|t:|1758258248
|move|p1a: Donphan|Earthquake|p2a: Bitenbois
|-damage|p2a: Bitenbois|39/100
|move|p2a: Bitenbois|Knock Off|p1a: Donphan
|-damage|p1a: Donphan|52/100
|-enditem|p1a: Donphan|Heavy-Duty Boots|[from] move: Knock Off|[of] p2a: Bitenbois
|
|upkeep
|turn|5
|
|t:|1758258259
|switch|p2a: Joe Yabuki|Zapdos|23/100
|move|p1a: Donphan|Earthquake|p2a: Joe Yabuki
|-immune|p2a: Joe Yabuki
|
|upkeep
|turn|6
|
|t:|1758258266
|move|p1a: Donphan|Ice Shard|p2a: Joe Yabuki
|-supereffective|p2a: Joe Yabuki
|-damage|p2a: Joe Yabuki|0 fnt
|faint|p2a: Joe Yabuki
|
|upkeep
|
|t:|1758258272
|switch|p2a: Gros corn|Great Tusk|100/100
|-damage|p2a: Gros corn|98/100|[from] Stealth Rock
|turn|7
|
|t:|1758258284
|move|p2a: Gros corn|Ice Spinner|p1a: Donphan
|-supereffective|p1a: Donphan
|-damage|p1a: Donphan|4/100
|move|p1a: Donphan|Earthquake|p2a: Gros corn
|-damage|p2a: Gros corn|66/100
|
|upkeep
|turn|8
|
|t:|1758258291
|move|p1a: Donphan|Ice Shard|p2a: Gros corn
|-supereffective|p2a: Gros corn
|-crit|p2a: Gros corn
|-damage|p2a: Gros corn|39/100
|move|p2a: Gros corn|Rapid Spin|p1a: Donphan
|-damage|p1a: Donphan|0 fnt
|-boost|p2a: Gros corn|spe|1
|-sideend|p2: John Mahmoud|Stealth Rock|[from] move: Rapid Spin|[of] p2a: Gros corn
|faint|p1a: Donphan
|
|upkeep
|
|t:|1758258294
|switch|p1a: Azumarill|Azumarill, M|100/100
|turn|9
|
|t:|1758258311
|move|p2a: Gros corn|Earthquake|p1a: Azumarill
|-damage|p1a: Azumarill|35/100
|-enditem|p1a: Azumarill|Sitrus Berry|[eat]
|-heal|p1a: Azumarill|60/100|[from] item: Sitrus Berry
|move|p1a: Azumarill|Belly Drum|p1a: Azumarill
|-damage|p1a: Azumarill|10/100
|-setboost|p1a: Azumarill|atk|6|[from] move: Belly Drum
|
|upkeep
|turn|10
|
|t:|1758258326
|move|p1a: Azumarill|Aqua Jet|p2a: Gros corn
|-supereffective|p2a: Gros corn
|-crit|p2a: Gros corn
|-damage|p2a: Gros corn|0 fnt
|faint|p2a: Gros corn
|-end|p2a: Gros corn|Protosynthesis|[silent]
|
|upkeep
|
|t:|1758258333
|switch|p2a: Bitenbois|Azumarill, F|39/100
|turn|11
|
|t:|1758258340
|move|p1a: Azumarill|Aqua Jet|p2a: Bitenbois
|-resisted|p2a: Bitenbois
|-damage|p2a: Bitenbois|0 fnt
|faint|p2a: Bitenbois
|
|upkeep
|-message|John Mahmoud forfeited.
|
|win|jinu55
|raw|jinu55's rating: 1260 &rarr; <strong>1283</strong><br />(+23 for winning)
|raw|John Mahmoud's rating: 1238 &rarr; <strong>1215</strong><br />(-23 for losing)
|l|☆John Mahmoud
|player|p2|
|l|☆jinu55
|player|p1|
