|j|☆NormalDude1989
|j|☆LOUSINETCOKI
|t:|1758285983
|gametype|singles
|player|p1|NormalDude1989|emmet|1541
|player|p2|LOUSINETCOKI|2|1500
|gen|9
|tier|[Gen 9] OU
|rated|
|rule|HP Percentage Mod: HP is shown in percentages
|rule|Endless Battle Clause: Forcing endless battles is banned
|rule|Species Clause: Limit one of each Pokémon
|rule|OHKO Clause: OHKO moves are banned
|rule|Evasion Items Clause: Evasion items are banned
|rule|Evasion Moves Clause: Evasion moves are banned
|rule|Evasion Abilities Clause: Evasion abilities are banned
|rule|Sleep Moves Clause: Sleep-inducing moves are banned
|clearpoke
|poke|p1|Kingambit, M|
|poke|p1|Hatterene, F|
|poke|p1|Ogerpon-Wellspring, F|
|poke|p1|Great Tusk|
|poke|p1|Latios, M|
|poke|p1|Zapdos|
|poke|p2|Torkoal, M|
|poke|p2|Hatterene, F|
|poke|p2|Walking Wake|
|poke|p2|Iron Moth|
|poke|p2|Great Tusk|
|poke|p2|Lilligant-Hisui, F|
|teampreview
|inactive|Battle timer is ON: inactive players will automatically lose when time's up. (requested by LOUSINETCOKI)
|
|t:|1758286000
|teamsize|p1|6
|teamsize|p2|6
|start
|switch|p1a: Minerva|Hatterene, F|100/100
|switch|p2a: Torkoal|Torkoal, M|100/100
|-weather|SunnyDay|[from] ability: Drought|[of] p2a: Torkoal
|turn|1
|
|t:|1758286006
|switch|p2a: Hatterene|Hatterene, F|100/100
|move|p1a: Minerva|Nuzzle|p2a: Hatterene
|-damage|p2a: Hatterene|96/100
|-status|p2a: Hatterene|par
|-enditem|p2a: Hatterene|Eject Button
|
|t:|1758286018
|switch|p2a: Lilligant|Lilligant-Hisui, F|100/100
|
|-weather|SunnyDay|[upkeep]
|upkeep
|turn|2
|
|t:|1758286024
|-terastallize|p1a: Minerva|Steel
|move|p2a: Lilligant|Solar Blade||[still]
|-prepare|p2a: Lilligant|Solar Blade
|-anim|p2a: Lilligant|Solar Blade|p1a: Minerva
|-resisted|p1a: Minerva
|-damage|p1a: Minerva|58/100
|-damage|p2a: Lilligant|91/100|[from] item: Life Orb
|move|p1a: Minerva|Nuzzle|p2a: Lilligant
|-resisted|p2a: Lilligant
|-damage|p2a: Lilligant|88/100
|-status|p2a: Lilligant|par
|
|-weather|SunnyDay|[upkeep]
|upkeep
|turn|3
|
|t:|1758286041
|switch|p1a: Morpho|Zapdos|100/100
|cant|p2a: Lilligant|par
|
|-weather|SunnyDay|[upkeep]
|upkeep
|turn|4
|
|t:|1758286047
|move|p2a: Lilligant|Triple Axel|p1a: Morpho
|-supereffective|p1a: Morpho
|-damage|p1a: Morpho|88/100
|-damage|p2a: Lilligant|71/100 par|[from] item: Rocky Helmet|[of] p1a: Morpho
|-supereffective|p1a: Morpho
|-damage|p1a: Morpho|64/100
|-damage|p2a: Lilligant|55/100 par|[from] item: Rocky Helmet|[of] p1a: Morpho
|-supereffective|p1a: Morpho
|-damage|p1a: Morpho|25/100
|-damage|p2a: Lilligant|39/100 par|[from] item: Rocky Helmet|[of] p1a: Morpho
|-hitcount|p1a: Morpho|3
|-damage|p2a: Lilligant|29/100 par|[from] item: Life Orb
|move|p1a: Morpho|Roost|p1a: Morpho
|-heal|p1a: Morpho|75/100
|-singleturn|p1a: Morpho|move: Roost
|
|-weather|SunnyDay|[upkeep]
|upkeep
|turn|5
|
|t:|1758286066
|switch|p1a: Muramasa|Kingambit, M|100/100
|move|p2a: Lilligant|Solar Blade||[still]
|-prepare|p2a: Lilligant|Solar Blade
|-anim|p2a: Lilligant|Solar Blade|p1a: Muramasa
|-resisted|p1a: Muramasa
|-damage|p1a: Muramasa|74/100
|-damage|p2a: Lilligant|19/100 par|[from] item: Life Orb
|
|-weather|SunnyDay|[upkeep]
|-heal|p1a: Muramasa|80/100|[from] item: Leftovers
|upkeep
|turn|6
|
|t:|1758286076
|switch|p2a: Great Tusk|Great Tusk|100/100
|-activate|p2a: Great Tusk|ability: Protosynthesis
|-start|p2a: Great Tusk|protosynthesisspe
|move|p1a: Muramasa|Sucker Punch||[still]
|-fail|p1a: Muramasa
|
|-weather|SunnyDay|[upkeep]
|-heal|p1a: Muramasa|86/100|[from] item: Leftovers
|upkeep
|turn|7
|
|t:|1758286084
|-end|p1a: Muramasa|fallenundefined|[silent]
|switch|p1a: Ivan|Great Tusk|100/100
|-activate|p1a: Ivan|ability: Protosynthesis
|-start|p1a: Ivan|protosynthesisatk
|move|p2a: Great Tusk|Knock Off|p1a: Ivan
|-resisted|p1a: Ivan
|-damage|p1a: Ivan|91/100
|-enditem|p1a: Ivan|Leftovers|[from] move: Knock Off|[of] p2a: Great Tusk
|
|-weather|SunnyDay|[upkeep]
|upkeep
|turn|8
|
|t:|1758286094
|-end|p2a: Great Tusk|Protosynthesis|[silent]
|switch|p2a: Walking Wake|Walking Wake|100/100
|-activate|p2a: Walking Wake|ability: Protosynthesis
|-start|p2a: Walking Wake|protosynthesisspe
|move|p1a: Ivan|Bulk Up|p1a: Ivan
|-boost|p1a: Ivan|atk|1
|-boost|p1a: Ivan|def|1
|
|-weather|none
|-end|p2a: Walking Wake|Protosynthesis
|-end|p1a: Ivan|Protosynthesis
|upkeep
|turn|9
|
|t:|1758286112
|-end|p1a: Ivan|Protosynthesis|[silent]
|switch|p1a: Carly Beth|Ogerpon-Wellspring, F|100/100
|move|p2a: Walking Wake|Draco Meteor|p1a: Carly Beth
|-damage|p1a: Carly Beth|0 fnt
|-unboost|p2a: Walking Wake|spa|2
|faint|p1a: Carly Beth
|
|upkeep
|
|t:|1758286119
|switch|p1a: Muramasa|Kingambit, M|86/100
|-activate|p1a: Muramasa|ability: Supreme Overlord
|-start|p1a: Muramasa|fallen1|[silent]
|turn|10
|
|t:|1758286124
|-end|p2a: Walking Wake|Protosynthesis|[silent]
|switch|p2a: Great Tusk|Great Tusk|100/100
|move|p1a: Muramasa|Swords Dance|p1a: Muramasa
|-boost|p1a: Muramasa|atk|2
|
|-heal|p1a: Muramasa|92/100|[from] item: Leftovers
|upkeep
|turn|11
|
|t:|1758286131
|-end|p1a: Muramasa|fallen1|[silent]
|switch|p1a: Ivan|Great Tusk|91/100
|move|p2a: Great Tusk|Headlong Rush|p1a: Ivan
|-damage|p1a: Ivan|56/100
|-unboost|p2a: Great Tusk|def|1
|-unboost|p2a: Great Tusk|spd|1
|
|upkeep
|turn|12
|
|t:|1758286145
|move|p2a: Great Tusk|Ice Spinner|p1a: Ivan
|-supereffective|p1a: Ivan
|-damage|p1a: Ivan|21/100
|move|p1a: Ivan|Rapid Spin|p2a: Great Tusk
|-damage|p2a: Great Tusk|85/100
|-boost|p1a: Ivan|spe|1
|-damage|p1a: Ivan|5/100|[from] item: Rocky Helmet|[of] p2a: Great Tusk
|
|upkeep
|turn|13
|
|t:|1758286157
|move|p1a: Ivan|Headlong Rush|p2a: Great Tusk
|-damage|p2a: Great Tusk|28/100
|-unboost|p1a: Ivan|def|1
|-unboost|p1a: Ivan|spd|1
|-damage|p1a: Ivan|0 fnt|[from] item: Rocky Helmet|[of] p2a: Great Tusk
|faint|p1a: Ivan
|-end|p1a: Ivan|Protosynthesis|[silent]
|move|p2a: Great Tusk|Rapid Spin|p1: Ivan|[notarget]
|-fail|p2a: Great Tusk
|
|upkeep
|
|t:|1758286171
|switch|p1a: Azure|Latios, M|100/100
|turn|14
|
|t:|1758286178
|-end|p2a: Great Tusk|Protosynthesis|[silent]
|switch|p2a: Torkoal|Torkoal, M|100/100
|-weather|SunnyDay|[from] ability: Drought|[of] p2a: Torkoal
|move|p1a: Azure|Calm Mind|p1a: Azure
|-boost|p1a: Azure|spa|1
|-boost|p1a: Azure|spd|1
|
|-weather|SunnyDay|[upkeep]
|upkeep
|turn|15
|
|t:|1758286200
|switch|p2a: Hatterene|Hatterene, F|96/100 par
|move|p1a: Azure|Luster Purge|p2a: Hatterene
|-resisted|p2a: Hatterene
|-damage|p2a: Hatterene|65/100 par
|-unboost|p2a: Hatterene|spd|1
|
|-weather|SunnyDay|[upkeep]
|upkeep
|turn|16
|
|t:|1758286208
|move|p1a: Azure|Luster Purge|p2a: Hatterene
|-resisted|p2a: Hatterene
|-damage|p2a: Hatterene|11/100 par
|move|p2a: Hatterene|Nuzzle|p1a: Azure
|-resisted|p1a: Azure
|-damage|p1a: Azure|98/100
|-status|p1a: Azure|par
|
|-weather|SunnyDay|[upkeep]
|upkeep
|turn|17
|
|t:|1758286216
|cant|p1a: Azure|par
|move|p2a: Hatterene|Draining Kiss|p1a: Azure
|-supereffective|p1a: Azure
|-damage|p1a: Azure|65/100 par
|-heal|p2a: Hatterene|34/100 par|[from] drain|[of] p1a: Azure
|
|-weather|SunnyDay|[upkeep]
|upkeep
|turn|18
|
|t:|1758286223
|move|p1a: Azure|Luster Purge|p2a: Hatterene
|-resisted|p2a: Hatterene
|-damage|p2a: Hatterene|0 fnt
|faint|p2a: Hatterene
|
|-weather|SunnyDay|[upkeep]
|upkeep
|
|t:|1758286235
|switch|p2a: Walking Wake|Walking Wake|100/100
|-activate|p2a: Walking Wake|ability: Protosynthesis
|-start|p2a: Walking Wake|protosynthesisspe
|turn|19
|
|t:|1758286239
|move|p2a: Walking Wake|Draco Meteor|p1a: Azure
|-supereffective|p1a: Azure
|-damage|p1a: Azure|0 fnt
|-unboost|p2a: Walking Wake|spa|2
|faint|p1a: Azure
|
|-weather|SunnyDay|[upkeep]
|upkeep
|
|t:|1758286243
|switch|p1a: Minerva|Hatterene, F, tera:Steel|58/100
|turn|20
|
|t:|1758286257
|-end|p2a: Walking Wake|Protosynthesis|[silent]
|switch|p2a: Lilligant|Lilligant-Hisui, F|19/100 par
|move|p1a: Minerva|Psychic Noise|p2a: Lilligant
|-supereffective|p2a: Lilligant
|-damage|p2a: Lilligant|0 fnt
|faint|p2a: Lilligant
|
|-weather|SunnyDay|[upkeep]
|upkeep
|
|t:|1758286265
|switch|p2a: Walking Wake|Walking Wake|100/100
|-activate|p2a: Walking Wake|ability: Protosynthesis
|-start|p2a: Walking Wake|protosynthesisspe
|turn|21
|
|t:|1758286273
|move|p2a: Walking Wake|Hydro Steam|p1a: Minerva
|-damage|p1a: Minerva|0 fnt
|faint|p1a: Minerva
|
|-weather|none
|-end|p2a: Walking Wake|Protosynthesis
|upkeep
|
|t:|1758286277
|switch|p1a: Muramasa|Kingambit, M|92/100
|-activate|p1a: Muramasa|ability: Supreme Overlord
|-start|p1a: Muramasa|fallen4|[silent]
|turn|22
|
|t:|1758286284
|move|p2a: Walking Wake|Hydro Steam|p1a: Muramasa
|-damage|p1a: Muramasa|36/100
|move|p1a: Muramasa|Iron Head|p2a: Walking Wake
|-resisted|p2a: Walking Wake
|-damage|p2a: Walking Wake|65/100
|
|-heal|p1a: Muramasa|42/100|[from] item: Leftovers
|upkeep
|turn|23
|
|t:|1758286295
|move|p1a: Muramasa|Sucker Punch|p2a: Walking Wake
|-damage|p2a: Walking Wake|6/100
|move|p2a: Walking Wake|Hydro Steam|p1a: Muramasa
|-damage|p1a: Muramasa|0 fnt
|faint|p1a: Muramasa
|-end|p1a: Muramasa|fallen4|[silent]
|
|upkeep
|c|☆NormalDude1989|bg
|-message|NormalDude1989 forfeited.
|
|win|LOUSINETCOKI
|raw|NormalDude1989's rating: 1541 &rarr; <strong>1519</strong><br />(-22 for losing)
|raw|LOUSINETCOKI's rating: 1500 &rarr; <strong>1522</strong><br />(+22 for winning)
|l|☆NormalDude1989
|player|p1|
|l|☆LOUSINETCOKI
|player|p2|
