|j|☆funmochibun
|j|☆alt testing 124n
|t:|1758255136
|gametype|singles
|player|p1|funmochibun|skierf-gen4dp|1466
|player|p2|alt testing 124n|169|1528
|gen|9
|tier|[Gen 9] OU
|rated|
|rule|HP Percentage Mod: HP is shown in percentages
|rule|Endless Battle Clause: Forcing endless battles is banned
|rule|Species Clause: Limit one of each Pokémon
|rule|OHKO Clause: OHKO moves are banned
|rule|Evasion Items Clause: Evasion items are banned
|rule|Evasion Moves Clause: Evasion moves are banned
|rule|Evasion Abilities Clause: Evasion abilities are banned
|rule|Sleep Moves Clause: Sleep-inducing moves are banned
|clearpoke
|poke|p1|Latios, M|
|poke|p1|Scizor, F|
|poke|p1|Zapdos|
|poke|p1|Great Tusk|
|poke|p1|Ogerpon-Wellspring, F|
|poke|p1|Maushold|
|poke|p2|Hoopa-Unbound|
|poke|p2|Ogerpon-Wellspring, F|
|poke|p2|Great Tusk|
|poke|p2|Moltres|
|poke|p2|Hydrapple, M|
|poke|p2|Slowking-Galar, M|
|teampreview
|inactive|Battle timer is ON: inactive players will automatically lose when time's up. (requested by alt testing 124n)
|inactive|funmochibun has 120 seconds left.
|
|t:|1758255172
|teamsize|p1|6
|teamsize|p2|6
|start
|switch|p1a: Zapdos|Zapdos|100/100
|switch|p2a: Hoopa|Hoopa-Unbound|100/100
|turn|1
|
|t:|1758255187
|move|p1a: Zapdos|Thunder Wave|p2a: Hoopa
|-status|p2a: Hoopa|par
|move|p2a: Hoopa|Knock Off|p1a: Zapdos
|-damage|p1a: Zapdos|64/100
|-enditem|p1a: Zapdos|Heavy-Duty Boots|[from] move: Knock Off|[of] p2a: Hoopa
|
|upkeep
|turn|2
|
|t:|1758255197
|move|p1a: Zapdos|Roost|p1a: Zapdos
|-heal|p1a: Zapdos|100/100
|-singleturn|p1a: Zapdos|move: Roost
|move|p2a: Hoopa|Knock Off|p1a: Zapdos
|-crit|p1a: Zapdos
|-damage|p1a: Zapdos|64/100
|
|upkeep
|turn|3
|
|t:|1758255200
|move|p1a: Zapdos|Roost|p1a: Zapdos
|-heal|p1a: Zapdos|100/100
|-singleturn|p1a: Zapdos|move: Roost
|cant|p2a: Hoopa|par
|
|upkeep
|turn|4
|
|t:|1758255204
|move|p1a: Zapdos|Hurricane|p2a: Hoopa
|-damage|p2a: Hoopa|78/100 par
|move|p2a: Hoopa|Psychic Noise|p1a: Zapdos
|-damage|p1a: Zapdos|53/100
|-start|p1a: Zapdos|move: Heal Block
|
|upkeep
|turn|5
|
|t:|1758255211
|move|p1a: Zapdos|Volt Switch|p2a: Hoopa
|-damage|p2a: Hoopa|62/100 par
|
|t:|1758255234
|switch|p1a: Scizor|Scizor, F|100/100|[from] Volt Switch
|move|p2a: Hoopa|Psychic Noise|p1a: Scizor
|-resisted|p1a: Scizor
|-damage|p1a: Scizor|67/100
|-start|p1a: Scizor|move: Heal Block
|
|upkeep
|turn|6
|
|t:|1758255239
|switch|p2a: Moltres|Moltres|100/100
|move|p1a: Scizor|U-turn|p2a: Moltres
|-resisted|p2a: Moltres
|-damage|p2a: Moltres|91/100
|
|t:|1758255254
|switch|p1a: Ogerpon|Ogerpon-Wellspring, F|100/100|[from] U-turn
|
|upkeep
|turn|7
|inactive|funmochibun has 120 seconds left.
|
|t:|1758255275
|switch|p1a: Latios|Latios, M|100/100
|switch|p2a: Hydrapple|Hydrapple, M|100/100
|
|upkeep
|turn|8
|
|t:|1758255286
|-terastallize|p2a: Hydrapple|Fairy
|move|p1a: Latios|Trick|p2a: Hydrapple
|-activate|p1a: Latios|move: Trick|[of] p2a: Hydrapple
|-item|p2a: Hydrapple|Choice Scarf|[from] move: Trick
|-item|p1a: Latios|Heavy-Duty Boots|[from] move: Trick
|move|p2a: Hydrapple|Fickle Beam|p1a: Latios
|-supereffective|p1a: Latios
|-damage|p1a: Latios|30/100
|
|upkeep
|turn|9
|inactive|funmochibun has 120 seconds left.
|
|t:|1758255320
|move|p1a: Latios|Luster Purge|p2a: Hydrapple
|-damage|p2a: Hydrapple|44/100
|move|p2a: Hydrapple|Fickle Beam|p1a: Latios|[anim] Fickle Beam All Out
|-activate|p2a: Hydrapple|move: Fickle Beam
|-supereffective|p1a: Latios
|-damage|p1a: Latios|0 fnt
|faint|p1a: Latios
|
|upkeep
|
|t:|1758255330
|switch|p1a: Ogerpon|Ogerpon-Wellspring, F|100/100
|turn|10
|
|t:|1758255344
|move|p1a: Ogerpon|Swords Dance|p1a: Ogerpon
|-boost|p1a: Ogerpon|atk|2
|move|p2a: Hydrapple|Fickle Beam|p1a: Ogerpon
|-damage|p1a: Ogerpon|64/100
|
|upkeep
|turn|11
|
|t:|1758255347
|switch|p2a: Ogerpon|Ogerpon-Wellspring, F|100/100
|move|p1a: Ogerpon|Trailblaze|p2a: Ogerpon
|-crit|p2a: Ogerpon
|-damage|p2a: Ogerpon|0 fnt
|-boost|p1a: Ogerpon|spe|1
|faint|p2a: Ogerpon
|
|upkeep
|-message|alt testing 124n forfeited.
|
|win|funmochibun
|raw|funmochibun's rating: 1466 &rarr; <strong>1490</strong><br />(+24 for winning)
|raw|alt testing 124n's rating: 1528 &rarr; <strong>1504</strong><br />(-24 for losing)
|l|☆alt testing 124n
|player|p2|
|l|☆funmochibun
|player|p1|
