|j|☆NEMOASUKA
|j|☆luxgia
|t:|1758275189
|gametype|singles
|player|p1|NEMOASUKA|1|1598
|player|p2|luxgia|byron|1717
|gen|9
|tier|[Gen 9] OU
|rated|
|rule|HP Percentage Mod: HP is shown in percentages
|rule|Endless Battle Clause: Forcing endless battles is banned
|rule|Species Clause: Limit one of each Pokémon
|rule|OHKO Clause: OHKO moves are banned
|rule|Evasion Items Clause: Evasion items are banned
|rule|Evasion Moves Clause: Evasion moves are banned
|rule|Evasion Abilities Clause: Evasion abilities are banned
|rule|Sleep Moves Clause: Sleep-inducing moves are banned
|clearpoke
|poke|p1|Ribombee, M|
|poke|p1|Gholdengo|
|poke|p1|Great Tusk|
|poke|p1|Raging Bolt|
|poke|p1|Ogerpon-Cornerstone, F|
|poke|p1|Ceruledge, M|
|poke|p2|Iron Crown|
|poke|p2|Samurott-Hisui, F|
|poke|p2|Zapdos|
|poke|p2|Dragapult, M|
|poke|p2|Great Tusk|
|poke|p2|Iron Boulder|
|teampreview
|inactive|Battle timer is ON: inactive players will automatically lose when time's up. (requested by NEMOASUKA)
|
|t:|1758275202
|teamsize|p1|6
|teamsize|p2|6
|start
|switch|p1a: NEW DROP|Ribombee, M, shiny|100/100
|switch|p2a: Everytime We Touch|Samurott-Hisui, F|100/100
|turn|1
|
|t:|1758275219
|move|p2a: Everytime We Touch|Flip Turn|p1a: NEW DROP
|-damage|p1a: NEW DROP|50/100
|
|t:|1758275221
|switch|p2a: Revery|Iron Boulder|100/100|[from] Flip Turn
|-enditem|p2a: Revery|Booster Energy
|-activate|p2a: Revery|ability: Quark Drive|[fromitem]
|-start|p2a: Revery|quarkdrivespe
|move|p1a: NEW DROP|Moonblast|p2a: Revery
|-damage|p2a: Revery|58/100
|
|upkeep
|turn|2
|
|t:|1758275233
|switch|p1a: KRYPTONITE|Gholdengo, shiny|100/100
|-item|p1a: KRYPTONITE|Air Balloon
|move|p2a: Revery|Mighty Cleave|p1a: KRYPTONITE
|-resisted|p1a: KRYPTONITE
|-damage|p1a: KRYPTONITE|78/100
|-enditem|p1a: KRYPTONITE|Air Balloon
|
|upkeep
|turn|3
|
|t:|1758275247
|-end|p2a: Revery|Quark Drive|[silent]
|switch|p2a: Everytime We Touch|Samurott-Hisui, F|100/100
|move|p1a: KRYPTONITE|Focus Blast|p2a: Everytime We Touch
|-supereffective|p2a: Everytime We Touch
|-damage|p2a: Everytime We Touch|0 fnt
|faint|p2a: Everytime We Touch
|
|upkeep
|
|t:|1758275261
|switch|p2a: Pump It|Great Tusk|100/100
|turn|4
|
|t:|1758275269
|switch|p1a: NEW DROP|Ribombee, M, shiny|50/100
|move|p2a: Pump It|Stealth Rock|p1a: NEW DROP
|-sidestart|p1: NEMOASUKA|move: Stealth Rock
|
|upkeep
|turn|5
|
|t:|1758275275
|move|p1a: NEW DROP|Moonblast|p2a: Pump It
|-supereffective|p2a: Pump It
|-damage|p2a: Pump It|0 fnt
|faint|p2a: Pump It
|-end|p2a: Pump It|Protosynthesis|[silent]
|
|upkeep
|
|t:|1758275282
|switch|p2a: Parasite|Dragapult, M|100/100
|turn|6
|
|t:|1758275292
|-terastallize|p2a: Parasite|Ghost
|move|p2a: Parasite|Tera Blast|p1a: NEW DROP|[anim] Tera Blast Ghost
|-damage|p1a: NEW DROP|0 fnt
|faint|p1a: NEW DROP
|
|upkeep
|
|t:|1758275315
|switch|p1a: GREAT NECK|Raging Bolt|100/100
|-damage|p1a: GREAT NECK|88/100|[from] Stealth Rock
|-enditem|p1a: GREAT NECK|Booster Energy
|-activate|p1a: GREAT NECK|ability: Protosynthesis|[fromitem]
|-start|p1a: GREAT NECK|protosynthesisspa
|turn|7
|
|t:|1758275321
|move|p2a: Parasite|Tera Blast|p1a: GREAT NECK|[anim] Tera Blast Ghost
|-damage|p1a: GREAT NECK|18/100
|move|p1a: GREAT NECK|Thunderbolt|p2a: Parasite
|-damage|p2a: Parasite|10/100
|-status|p2a: Parasite|par
|
|upkeep
|turn|8
|
|t:|1758275328
|move|p1a: GREAT NECK|Thunderbolt|p2a: Parasite
|-damage|p2a: Parasite|0 fnt
|faint|p2a: Parasite
|
|upkeep
|
|t:|1758275337
|switch|p2a: Revery|Iron Boulder|58/100
|turn|9
|
|t:|1758275341
|move|p2a: Revery|Mighty Cleave|p1a: GREAT NECK
|-damage|p1a: GREAT NECK|0 fnt
|faint|p1a: GREAT NECK
|-end|p1a: GREAT NECK|Protosynthesis|[silent]
|
|upkeep
|
|t:|1758275354
|switch|p1a: BANDIT|Great Tusk, shiny|100/100
|-damage|p1a: BANDIT|98/100|[from] Stealth Rock
|-enditem|p1a: BANDIT|Booster Energy
|-activate|p1a: BANDIT|ability: Protosynthesis|[fromitem]
|-start|p1a: BANDIT|protosynthesisatk
|turn|10
|
|t:|1758275359
|-end|p2a: Revery|Quark Drive|[silent]
|switch|p2a: Hurikan|Zapdos|100/100
|move|p1a: BANDIT|Rapid Spin|p2a: Hurikan
|-damage|p2a: Hurikan|83/100
|-boost|p1a: BANDIT|spe|1
|-sideend|p1: NEMOASUKA|Stealth Rock|[from] move: Rapid Spin|[of] p1a: BANDIT
|
|upkeep
|turn|11
|
|t:|1758275364
|move|p1a: BANDIT|Ice Spinner|p2a: Hurikan
|-supereffective|p2a: Hurikan
|-damage|p2a: Hurikan|28/100
|move|p2a: Hurikan|Hurricane|p1a: BANDIT
|-supereffective|p1a: BANDIT
|-damage|p1a: BANDIT|0 fnt
|faint|p1a: BANDIT
|-end|p1a: BANDIT|Protosynthesis|[silent]
|
|upkeep
|
|t:|1758275369
|switch|p1a: TORE UP|Ceruledge, M, shiny|100/100
|turn|12
|
|t:|1758275371
|move|p1a: TORE UP|Swords Dance|p1a: TORE UP
|-boost|p1a: TORE UP|atk|2
|move|p2a: Hurikan|Discharge|p1a: TORE UP
|-damage|p1a: TORE UP|61/100
|
|upkeep
|turn|13
|
|t:|1758275377
|move|p1a: TORE UP|Bitter Blade|p2a: Hurikan
|-damage|p2a: Hurikan|0 fnt
|-heal|p1a: TORE UP|80/100|[from] drain|[of] p2a: Hurikan
|-status|p1a: TORE UP|par|[from] ability: Static|[of] p2a: Hurikan
|faint|p2a: Hurikan
|
|upkeep
|
|t:|1758275381
|switch|p2a: Mindreader|Iron Crown|100/100
|turn|14
|
|t:|1758275389
|move|p2a: Mindreader|Psyshock|p1a: TORE UP
|-damage|p1a: TORE UP|0 fnt
|faint|p1a: TORE UP
|
|upkeep
|
|t:|1758275395
|switch|p1a: KRYPTONITE|Gholdengo, shiny|78/100
|turn|15
|
|t:|1758275397
|-end|p2a: Mindreader|Quark Drive|[silent]
|switch|p2a: Revery|Iron Boulder|58/100
|move|p1a: KRYPTONITE|Shadow Ball|p2a: Revery
|-supereffective|p2a: Revery
|-damage|p2a: Revery|0 fnt
|faint|p2a: Revery
|-end|p2a: Revery|Quark Drive|[silent]
|
|upkeep
|
|t:|1758275399
|switch|p2a: Mindreader|Iron Crown|100/100
|turn|16
|
|t:|1758275403
|move|p2a: Mindreader|Tachyon Cutter|p1a: KRYPTONITE
|-resisted|p1a: KRYPTONITE
|-damage|p1a: KRYPTONITE|57/100
|-resisted|p1a: KRYPTONITE
|-damage|p1a: KRYPTONITE|37/100
|-hitcount|p1a: KRYPTONITE|2
|move|p1a: KRYPTONITE|Shadow Ball|p2a: Mindreader
|-supereffective|p2a: Mindreader
|-damage|p2a: Mindreader|5/100
|
|upkeep
|turn|17
|
|t:|1758275415
|move|p2a: Mindreader|Tachyon Cutter|p1a: KRYPTONITE
|-resisted|p1a: KRYPTONITE
|-damage|p1a: KRYPTONITE|17/100
|-resisted|p1a: KRYPTONITE
|-damage|p1a: KRYPTONITE|0 fnt
|faint|p1a: KRYPTONITE
|-hitcount|p1: KRYPTONITE|2
|
|upkeep
|
|t:|1758275417
|switch|p1a: BROTHER STONE|Ogerpon-Cornerstone, F|100/100
|turn|18
|
|t:|1758275419
|move|p2a: Mindreader|Tachyon Cutter|p1a: BROTHER STONE
|-supereffective|p1a: BROTHER STONE
|-damage|p1a: BROTHER STONE|8/100
|-supereffective|p1a: BROTHER STONE
|-crit|p1a: BROTHER STONE
|-damage|p1a: BROTHER STONE|0 fnt
|faint|p1a: BROTHER STONE
|-hitcount|p1: BROTHER STONE|2
|
|win|luxgia
|raw|NEMOASUKA's rating: 1598 &rarr; <strong>1585</strong><br />(-13 for losing)
|raw|luxgia's rating: 1717 &rarr; <strong>1730</strong><br />(+13 for winning)
|l|☆NEMOASUKA
|player|p1|
