|j|☆metakill4r
|j|☆gianni189
|t:|1758309159
|gametype|singles
|player|p1|metakill4r|n|1354
|player|p2|gianni189|102|1404
|gen|9
|tier|[Gen 9] OU
|rated|
|rule|HP Percentage Mod: HP is shown in percentages
|rule|Endless Battle Clause: Forcing endless battles is banned
|rule|Species Clause: Limit one of each Pokémon
|rule|OHKO Clause: OHKO moves are banned
|rule|Evasion Items Clause: Evasion items are banned
|rule|Evasion Moves Clause: Evasion moves are banned
|rule|Evasion Abilities Clause: Evasion abilities are banned
|rule|Sleep Moves Clause: Sleep-inducing moves are banned
|clearpoke
|poke|p1|Great Tusk|
|poke|p1|Slowking-Galar, F|
|poke|p1|Zapdos|
|poke|p1|Cinderace, F|
|poke|p1|Crawdaunt, F|
|poke|p1|Gholdengo|
|poke|p2|Great Tusk|
|poke|p2|Kingambit, M|
|poke|p2|Ogerpon-Wellspring, F|
|poke|p2|Iron Moth|
|poke|p2|Kyurem|
|poke|p2|Gholdengo|
|teampreview
|inactive|Battle timer is ON: inactive players will automatically lose when time's up. (requested by gianni189)
|inactive|metakill4r has 120 seconds left.
|inactive|metakill4r has 90 seconds left.
|inactive|metakill4r has 60 seconds left.
|
|t:|1758309270
|teamsize|p1|6
|teamsize|p2|6
|start
|switch|p1a: Crawdaunt|Crawdaunt, F|100/100
|switch|p2a: Great Tusk|Great Tusk|100/100
|turn|1
|inactive|gianni189 has 120 seconds left.
|
|t:|1758309315
|-end|p2a: Great Tusk|Protosynthesis|[silent]
|switch|p2a: Ogerpon|Ogerpon-Wellspring, F|100/100
|move|p1a: Crawdaunt|Crabhammer|p2a: Ogerpon
|-immune|p2a: Ogerpon|[from] ability: Water Absorb
|
|upkeep
|turn|2
|
|t:|1758309330
|switch|p1a: Zapdos|Zapdos|100/100
|move|p2a: Ogerpon|Horn Leech|p1a: Zapdos
|-resisted|p1a: Zapdos
|-damage|p1a: Zapdos|83/100
|
|upkeep
|turn|3
|
|t:|1758309339
|switch|p2a: Kyurem|Kyurem|100/100
|-ability|p2a: Kyurem|Pressure
|move|p1a: Zapdos|Volt Switch|p2a: Kyurem
|-resisted|p2a: Kyurem
|-damage|p2a: Kyurem|86/100
|
|t:|1758309347
|switch|p1a: Gholdengo|Gholdengo|100/100|[from] Volt Switch
|
|upkeep
|turn|4
|inactive|gianni189 has 120 seconds left.
|
|t:|1758309375
|switch|p2a: Iron Moth|Iron Moth|100/100
|-enditem|p2a: Iron Moth|Booster Energy
|-activate|p2a: Iron Moth|ability: Quark Drive|[fromitem]
|-start|p2a: Iron Moth|quarkdrivespe
|move|p1a: Gholdengo|Make It Rain|p2a: Iron Moth
|-resisted|p2a: Iron Moth
|-damage|p2a: Iron Moth|65/100
|-unboost|p1a: Gholdengo|spa|1
|
|upkeep
|turn|5
|
|t:|1758309391
|switch|p1a: Slowking|Slowking-Galar, F|100/100
|move|p2a: Iron Moth|Substitute|p2a: Iron Moth
|-start|p2a: Iron Moth|Substitute
|-damage|p2a: Iron Moth|40/100
|
|upkeep
|turn|6
|
|t:|1758309400
|move|p2a: Iron Moth|Fiery Dance|p1a: Slowking
|-damage|p1a: Slowking|82/100
|move|p1a: Slowking|Psyshock|p2a: Iron Moth
|-supereffective|p2a: Iron Moth
|-end|p2a: Iron Moth|Substitute
|
|upkeep
|turn|7
|
|t:|1758309412
|-end|p2a: Iron Moth|Quark Drive|[silent]
|switch|p2a: Kingambit|Kingambit, M|100/100
|move|p1a: Slowking|Psyshock|p2a: Kingambit
|-immune|p2a: Kingambit
|
|upkeep
|turn|8
|
|t:|1758309420
|switch|p1a: Great Tusk|Great Tusk|100/100
|move|p2a: Kingambit|Kowtow Cleave|p1a: Great Tusk
|-resisted|p1a: Great Tusk
|-damage|p1a: Great Tusk|84/100
|-damage|p2a: Kingambit|84/100|[from] item: Rocky Helmet|[of] p1a: Great Tusk
|
|-heal|p2a: Kingambit|90/100|[from] item: Leftovers
|upkeep
|turn|9
|
|t:|1758309431
|-end|p2a: Kingambit|fallenundefined|[silent]
|switch|p2a: Gholdengo|Gholdengo|100/100
|-item|p2a: Gholdengo|Air Balloon
|move|p1a: Great Tusk|Headlong Rush|p2a: Gholdengo
|-immune|p2a: Gholdengo
|
|upkeep
|turn|10
|
|t:|1758309444
|-end|p1a: Great Tusk|Protosynthesis|[silent]
|switch|p1a: Slowking|Slowking-Galar, F|100/100
|move|p2a: Gholdengo|Shadow Ball|p1a: Slowking
|-supereffective|p1a: Slowking
|-damage|p1a: Slowking|58/100
|
|upkeep
|turn|11
|
|t:|1758309460
|switch|p2a: Kingambit|Kingambit, M|90/100
|switch|p1a: Crawdaunt|Crawdaunt, F|100/100
|
|-heal|p2a: Kingambit|96/100|[from] item: Leftovers
|upkeep
|turn|12
|inactive|gianni189 has 90 seconds left.
|
|t:|1758309487
|move|p1a: Crawdaunt|Close Combat|p2a: Kingambit
|-supereffective|p2a: Kingambit
|-damage|p2a: Kingambit|0 fnt
|-unboost|p1a: Crawdaunt|def|1
|-unboost|p1a: Crawdaunt|spd|1
|faint|p2a: Kingambit
|-end|p2a: Kingambit|fallenundefined|[silent]
|
|upkeep
|
|t:|1758309494
|switch|p2a: Ogerpon|Ogerpon-Wellspring, F|100/100
|turn|13
|inactive|gianni189 has 90 seconds left.
|
|t:|1758309510
|switch|p1a: Zapdos|Zapdos|83/100
|move|p2a: Ogerpon|Swords Dance|p2a: Ogerpon
|-boost|p2a: Ogerpon|atk|2
|
|upkeep
|turn|14
|
|t:|1758309517
|-terastallize|p2a: Ogerpon|Water
|detailschange|p2a: Ogerpon|Ogerpon-Wellspring-Tera, F, tera:Water
|-ability|p2a: Ogerpon|Embody Aspect (Wellspring)|boost
|-boost|p2a: Ogerpon|spd|1
|move|p2a: Ogerpon|Ivy Cudgel|p1a: Zapdos|[anim] Ivy Cudgel Water
|-damage|p1a: Zapdos|0 fnt
|faint|p1a: Zapdos
|
|upkeep
|
|t:|1758309536
|switch|p1a: Great Tusk|Great Tusk|84/100
|turn|15
|inactive|gianni189 has 90 seconds left.
|
|t:|1758309550
|-terastallize|p1a: Great Tusk|Water
|move|p2a: Ogerpon|Ivy Cudgel|p1a: Great Tusk|[anim] Ivy Cudgel Water
|-resisted|p1a: Great Tusk
|-damage|p1a: Great Tusk|33/100
|move|p1a: Great Tusk|Headlong Rush|p2a: Ogerpon
|-damage|p2a: Ogerpon|34/100
|-unboost|p1a: Great Tusk|def|1
|-unboost|p1a: Great Tusk|spd|1
|
|upkeep
|turn|16
|
|t:|1758309562
|move|p2a: Ogerpon|Horn Leech|p1a: Great Tusk
|-supereffective|p1a: Great Tusk
|-damage|p1a: Great Tusk|0 fnt
|-heal|p2a: Ogerpon|57/100|[from] drain|[of] p1a: Great Tusk
|-damage|p2a: Ogerpon|41/100|[from] item: Rocky Helmet|[of] p1a: Great Tusk
|faint|p1a: Great Tusk
|-end|p1a: Great Tusk|Protosynthesis|[silent]
|
|upkeep
|
|t:|1758309569
|switch|p1a: Cinderace|Cinderace, F|100/100
|turn|17
|
|t:|1758309579
|move|p1a: Cinderace|High Jump Kick|p2a: Ogerpon
|-start|p1a: Cinderace|typechange|Fighting|[from] ability: Libero
|-damage|p2a: Ogerpon|0 fnt
|faint|p2a: Ogerpon
|detailschange|p2: Ogerpon|Ogerpon-Wellspring, F|[silent]
|
|upkeep
|inactive|gianni189 has 90 seconds left.
|
|t:|1758309605
|switch|p2a: Great Tusk|Great Tusk|100/100
|turn|18
|inactive|gianni189 has 90 seconds left.
|
|t:|1758309620
|move|p1a: Cinderace|U-turn|p2a: Great Tusk
|-resisted|p2a: Great Tusk
|-damage|p2a: Great Tusk|92/100
|
|t:|1758309622
|switch|p1a: Crawdaunt|Crawdaunt, F|100/100|[from] U-turn
|move|p2a: Great Tusk|Headlong Rush|p1a: Crawdaunt
|-damage|p1a: Crawdaunt|11/100
|-unboost|p2a: Great Tusk|def|1
|-unboost|p2a: Great Tusk|spd|1
|
|upkeep
|turn|19
|inactive|gianni189 has 90 seconds left.
|
|t:|1758309640
|-end|p2a: Great Tusk|Protosynthesis|[silent]
|switch|p2a: Kyurem|Kyurem|86/100
|-ability|p2a: Kyurem|Pressure
|move|p1a: Crawdaunt|Aqua Jet|p2a: Kyurem
|-resisted|p2a: Kyurem
|-damage|p2a: Kyurem|64/100
|
|upkeep
|turn|20
|
|t:|1758309652
|switch|p1a: Gholdengo|Gholdengo|100/100
|move|p2a: Kyurem|Earth Power|p1a: Gholdengo
|-supereffective|p1a: Gholdengo
|-damage|p1a: Gholdengo|26/100
|
|upkeep
|turn|21
|
|t:|1758309657
|move|p1a: Gholdengo|Shadow Ball|p2a: Kyurem
|-damage|p2a: Kyurem|21/100
|move|p2a: Kyurem|Earth Power|p1a: Gholdengo
|-supereffective|p1a: Gholdengo
|-damage|p1a: Gholdengo|0 fnt
|faint|p1a: Gholdengo
|
|upkeep
|
|t:|1758309669
|switch|p1a: Cinderace|Cinderace, F|100/100
|turn|22
|inactive|gianni189 has 90 seconds left.
|
|t:|1758309695
|move|p1a: Cinderace|Pyro Ball|p2a: Kyurem
|-damage|p2a: Kyurem|0 fnt
|faint|p2a: Kyurem
|
|upkeep
|inactive|gianni189 has 90 seconds left.
|
|t:|1758309703
|switch|p2a: Great Tusk|Great Tusk|92/100
|turn|23
|
|t:|1758309718
|move|p1a: Cinderace|Pyro Ball|p2a: Great Tusk
|-damage|p2a: Great Tusk|53/100
|move|p2a: Great Tusk|Headlong Rush|p1a: Cinderace
|-supereffective|p1a: Cinderace
|-damage|p1a: Cinderace|0 fnt
|-unboost|p2a: Great Tusk|def|1
|-unboost|p2a: Great Tusk|spd|1
|faint|p1a: Cinderace
|
|upkeep
|
|t:|1758309723
|switch|p1a: Crawdaunt|Crawdaunt, F|11/100
|turn|24
|
|t:|1758309731
|move|p1a: Crawdaunt|Aqua Jet|p2a: Great Tusk
|-supereffective|p2a: Great Tusk
|-damage|p2a: Great Tusk|0 fnt
|faint|p2a: Great Tusk
|-end|p2a: Great Tusk|Protosynthesis|[silent]
|
|upkeep
|inactive|gianni189 has 90 seconds left.
|
|t:|1758309760
|switch|p2a: Gholdengo|Gholdengo|100/100
|-item|p2a: Gholdengo|Air Balloon
|turn|25
|inactive|gianni189 has 90 seconds left.
|
|t:|1758309766
|move|p1a: Crawdaunt|Aqua Jet|p2a: Gholdengo
|-damage|p2a: Gholdengo|52/100
|-enditem|p2a: Gholdengo|Air Balloon
|move|p2a: Gholdengo|Shadow Ball|p1a: Crawdaunt
|-resisted|p1a: Crawdaunt
|-damage|p1a: Crawdaunt|0 fnt
|faint|p1a: Crawdaunt
|
|upkeep
|
|t:|1758309773
|switch|p1a: Slowking|Slowking-Galar, F|91/100
|turn|26
|
|t:|1758309780
|move|p2a: Gholdengo|Shadow Ball|p1a: Slowking
|-supereffective|p1a: Slowking
|-damage|p1a: Slowking|50/100
|move|p1a: Slowking|Flamethrower|p2a: Gholdengo
|-supereffective|p2a: Gholdengo
|-damage|p2a: Gholdengo|0 fnt
|faint|p2a: Gholdengo
|
|upkeep
|
|t:|1758309785
|switch|p2a: Iron Moth|Iron Moth|40/100
|turn|27
|
|t:|1758309793
|move|p2a: Iron Moth|Fiery Dance|p1a: Slowking
|-damage|p1a: Slowking|29/100
|move|p1a: Slowking|Psyshock|p2a: Iron Moth
|-supereffective|p2a: Iron Moth
|-damage|p2a: Iron Moth|0 fnt
|faint|p2a: Iron Moth
|-end|p2a: Iron Moth|Quark Drive|[silent]
|
|win|metakill4r
|raw|metakill4r's rating: 1354 &rarr; <strong>1377</strong><br />(+23 for winning)
|raw|gianni189's rating: 1404 &rarr; <strong>1381</strong><br />(-23 for losing)
|l|☆metakill4r
|player|p1|
|l|☆gianni189
|player|p2|
