|j|☆Celestial_dubkun
|j|☆SittinGamer
|t:|1758350407
|gametype|singles
|player|p1|Celestial_dubkun|hiker-gen4|1619
|player|p2|SittinGamer|dawn-gen4pt|1644
|gen|9
|tier|[Gen 9] OU
|rated|
|rule|HP Percentage Mod: HP is shown in percentages
|rule|Endless Battle Clause: Forcing endless battles is banned
|rule|Species Clause: Limit one of each Pokémon
|rule|OHKO Clause: OHKO moves are banned
|rule|Evasion Items Clause: Evasion items are banned
|rule|Evasion Moves Clause: Evasion moves are banned
|rule|Evasion Abilities Clause: Evasion abilities are banned
|rule|Sleep Moves Clause: Sleep-inducing moves are banned
|clearpoke
|poke|p1|Toxapex, M|
|poke|p1|Goodra-Hisui, M|
|poke|p1|Corviknight, M|
|poke|p1|Great Tusk|
|poke|p1|Enamorus, F|
|poke|p1|Darkrai|
|poke|p2|Infernape, M|
|poke|p2|Ogerpon-Wellspring, F|
|poke|p2|Gholdengo|
|poke|p2|Hatterene, F|
|poke|p2|Great Tusk|
|poke|p2|Zamazenta-*|
|teampreview
|
|t:|1758350433
|teamsize|p1|6
|teamsize|p2|6
|start
|switch|p1a: Enamorus|Enamorus, F|100/100
|switch|p2a: Infernape|Infernape, M|100/100
|turn|1
|
|t:|1758350445
|move|p1a: Enamorus|Moonblast|p2a: Infernape
|-enditem|p2a: Infernape|Focus Sash
|-damage|p2a: Infernape|1/100
|-unboost|p2a: Infernape|spa|1
|move|p2a: Infernape|Overheat|p1a: Enamorus
|-damage|p1a: Enamorus|18/100
|-unboost|p2a: Infernape|spa|2
|
|upkeep
|turn|2
|
|t:|1758350453
|switch|p2a: Gholdengo|Gholdengo|100/100
|move|p1a: Enamorus|Moonblast|p2a: Gholdengo
|-resisted|p2a: Gholdengo
|-damage|p2a: Gholdengo|60/100
|
|upkeep
|turn|3
|
|t:|1758350462
|switch|p1a: Goodra|Goodra-Hisui, M|100/100
|move|p2a: Gholdengo|Trick|p1a: Goodra
|-activate|p2a: Gholdengo|move: Trick|[of] p1a: Goodra
|-item|p1a: Goodra|Choice Scarf|[from] move: Trick
|-item|p2a: Gholdengo|Assault Vest|[from] move: Trick
|
|upkeep
|turn|4
|
|t:|1758350469
|switch|p2a: Great Tusk|Great Tusk|100/100
|-enditem|p2a: Great Tusk|Booster Energy
|-activate|p2a: Great Tusk|ability: Protosynthesis|[fromitem]
|-start|p2a: Great Tusk|protosynthesisatk
|move|p1a: Goodra|Knock Off|p2a: Great Tusk
|-resisted|p2a: Great Tusk
|-damage|p2a: Great Tusk|93/100
|
|upkeep
|turn|5
|
|t:|1758350477
|switch|p1a: Corviknight|Corviknight, M|100/100
|-ability|p1a: Corviknight|Pressure
|move|p2a: Great Tusk|Ice Spinner|p1a: Corviknight
|-damage|p1a: Corviknight|79/100
|-damage|p2a: Great Tusk|77/100|[from] item: Rocky Helmet|[of] p1a: Corviknight
|
|upkeep
|turn|6
|
|t:|1758350484
|move|p2a: Great Tusk|Knock Off|p1a: Corviknight
|-damage|p1a: Corviknight|49/100
|-damage|p2a: Great Tusk|60/100|[from] item: Rocky Helmet|[of] p1a: Corviknight
|-enditem|p1a: Corviknight|Rocky Helmet|[from] move: Knock Off|[of] p2a: Great Tusk
|move|p1a: Corviknight|U-turn|p2a: Great Tusk
|-resisted|p2a: Great Tusk
|-damage|p2a: Great Tusk|55/100
|
|t:|1758350488
|switch|p1a: Enamorus|Enamorus, F|18/100|[from] U-turn
|
|upkeep
|turn|7
|
|t:|1758350493
|move|p1a: Enamorus|Moonblast|p2a: Great Tusk
|-supereffective|p2a: Great Tusk
|-damage|p2a: Great Tusk|0 fnt
|faint|p2a: Great Tusk
|-end|p2a: Great Tusk|Protosynthesis|[silent]
|
|upkeep
|
|t:|1758350496
|switch|p2a: Gholdengo|Gholdengo|60/100
|turn|8
|
|t:|1758350499
|switch|p1a: Goodra|Goodra-Hisui, M|100/100
|move|p2a: Gholdengo|Shadow Ball|p1a: Goodra
|-damage|p1a: Goodra|71/100
|-unboost|p1a: Goodra|spd|1
|
|upkeep
|turn|9
|
|t:|1758350506
|move|p2a: Gholdengo|Shadow Ball|p1a: Goodra
|-damage|p1a: Goodra|30/100
|-unboost|p1a: Goodra|spd|1
|move|p1a: Goodra|Knock Off|p2a: Gholdengo
|-supereffective|p2a: Gholdengo
|-damage|p2a: Gholdengo|0 fnt
|-enditem|p2a: Gholdengo|Assault Vest|[from] move: Knock Off|[of] p1a: Goodra
|faint|p2a: Gholdengo
|
|upkeep
|
|t:|1758350509
|switch|p2a: Infernape|Infernape, M|1/100
|turn|10
|
|t:|1758350518
|move|p2a: Infernape|Stealth Rock|p1a: Goodra
|-sidestart|p1: Celestial_dubkun|move: Stealth Rock
|move|p1a: Goodra|Knock Off|p2a: Infernape
|-resisted|p2a: Infernape
|-damage|p2a: Infernape|0 fnt
|faint|p2a: Infernape
|
|upkeep
|
|t:|1758350522
|switch|p2a: Ogerpon|Ogerpon-Wellspring, F|100/100
|turn|11
|
|t:|1758350527
|switch|p1a: Toxapex|Toxapex, M|100/100
|-damage|p1a: Toxapex|88/100|[from] Stealth Rock
|move|p2a: Ogerpon|Swords Dance|p2a: Ogerpon
|-boost|p2a: Ogerpon|atk|2
|
|-heal|p1a: Toxapex|94/100|[from] item: Leftovers
|upkeep
|turn|12
|
|t:|1758350536
|move|p2a: Ogerpon|Knock Off|p1a: Toxapex
|-damage|p1a: Toxapex|43/100
|-enditem|p1a: Toxapex|Leftovers|[from] move: Knock Off|[of] p2a: Ogerpon
|move|p1a: Toxapex|Toxic|p2a: Ogerpon
|-status|p2a: Ogerpon|tox
|
|-damage|p2a: Ogerpon|95/100 tox|[from] psn
|upkeep
|turn|13
|
|t:|1758350549
|switch|p1a: Goodra|Goodra-Hisui, M|30/100
|-damage|p1a: Goodra|24/100|[from] Stealth Rock
|move|p2a: Ogerpon|Swords Dance|p2a: Ogerpon
|-boost|p2a: Ogerpon|atk|2
|
|-damage|p2a: Ogerpon|83/100 tox|[from] psn
|upkeep
|turn|14
|
|t:|1758350564
|move|p2a: Ogerpon|Knock Off|p1a: Goodra
|-damage|p1a: Goodra|0 fnt
|-enditem|p1a: Goodra|Choice Scarf|[from] move: Knock Off|[of] p2a: Ogerpon
|faint|p1a: Goodra
|
|-damage|p2a: Ogerpon|65/100 tox|[from] psn
|upkeep
|
|t:|1758350585
|switch|p1a: Toxapex|Toxapex, M|76/100
|-damage|p1a: Toxapex|64/100|[from] Stealth Rock
|turn|15
|
|t:|1758350589
|switch|p1a: Corviknight|Corviknight, M|49/100
|-damage|p1a: Corviknight|37/100|[from] Stealth Rock
|-ability|p1a: Corviknight|Pressure
|move|p2a: Ogerpon|Trailblaze|p1a: Corviknight
|-resisted|p1a: Corviknight
|-damage|p1a: Corviknight|20/100
|-boost|p2a: Ogerpon|spe|1
|
|-damage|p2a: Ogerpon|41/100 tox|[from] psn
|upkeep
|turn|16
|
|t:|1758350603
|move|p2a: Ogerpon|Ivy Cudgel|p1a: Corviknight|[anim] Ivy Cudgel Water
|-crit|p1a: Corviknight
|-damage|p1a: Corviknight|0 fnt
|faint|p1a: Corviknight
|
|-damage|p2a: Ogerpon|11/100 tox|[from] psn
|upkeep
|
|t:|1758350620
|switch|p1a: Toxapex|Toxapex, M|97/100
|-damage|p1a: Toxapex|85/100|[from] Stealth Rock
|turn|17
|
|t:|1758350624
|move|p2a: Ogerpon|Ivy Cudgel|p1a: Toxapex|[anim] Ivy Cudgel Water
|-resisted|p1a: Toxapex
|-crit|p1a: Toxapex
|-damage|p1a: Toxapex|0 fnt
|faint|p1a: Toxapex
|
|-damage|p2a: Ogerpon|0 fnt|[from] psn
|faint|p2a: Ogerpon
|upkeep
|
|t:|1758350638
|switch|p2a: Hatterene|Hatterene, F|100/100
|switch|p1a: Great Tusk|Great Tusk|100/100
|turn|18
|
|t:|1758350651
|move|p1a: Great Tusk|Rapid Spin|p2a: Hatterene
|-damage|p2a: Hatterene|85/100
|-boost|p1a: Great Tusk|spe|1
|-sideend|p1: Celestial_dubkun|Stealth Rock|[from] move: Rapid Spin|[of] p1a: Great Tusk
|move|p2a: Hatterene|Psychic Noise|p1a: Great Tusk
|-supereffective|p1a: Great Tusk
|-damage|p1a: Great Tusk|0 fnt
|faint|p1a: Great Tusk
|-end|p1a: Great Tusk|Protosynthesis|[silent]
|
|upkeep
|
|t:|1758350657
|switch|p1a: Enamorus|Enamorus, F|18/100
|turn|19
|
|t:|1758350663
|move|p1a: Enamorus|Moonblast|p2a: Hatterene
|-damage|p2a: Hatterene|27/100
|-unboost|p2a: Hatterene|spa|1
|move|p2a: Hatterene|Draining Kiss|p1a: Enamorus
|-damage|p1a: Enamorus|0 fnt
|-heal|p2a: Hatterene|41/100|[from] drain|[of] p1a: Enamorus
|faint|p1a: Enamorus
|
|upkeep
|
|t:|1758350669
|switch|p1a: Darkrai|Darkrai|100/100
|turn|20
|j| Ctannn
|
|t:|1758350672
|move|p1a: Darkrai|Dark Pulse|p2a: Hatterene
|-damage|p2a: Hatterene|9/100
|cant|p2a: Hatterene|flinch
|
|upkeep
|turn|21
|
|t:|1758350675
|move|p1a: Darkrai|Dark Pulse|p2a: Hatterene
|-damage|p2a: Hatterene|0 fnt
|faint|p2a: Hatterene
|
|upkeep
|
|t:|1758350676
|switch|p2a: Zamazenta|Zamazenta|100/100
|-ability|p2a: Zamazenta|Dauntless Shield|boost
|-boost|p2a: Zamazenta|def|1
|turn|22
|
|t:|1758350680
|-terastallize|p1a: Darkrai|Fairy
|move|p2a: Zamazenta|Iron Defense|p2a: Zamazenta
|-boost|p2a: Zamazenta|def|2
|move|p1a: Darkrai|Sludge Bomb|p2a: Zamazenta
|-damage|p2a: Zamazenta|77/100
|
|-heal|p2a: Zamazenta|83/100|[from] item: Leftovers
|upkeep
|turn|23
|
|t:|1758350689
|move|p2a: Zamazenta|Body Press|p1a: Darkrai
|-resisted|p1a: Darkrai
|-damage|p1a: Darkrai|49/100
|move|p1a: Darkrai|Sludge Bomb|p2a: Zamazenta
|-damage|p2a: Zamazenta|58/100
|-status|p2a: Zamazenta|psn
|
|-heal|p2a: Zamazenta|64/100 psn|[from] item: Leftovers
|-damage|p2a: Zamazenta|51/100 psn|[from] psn
|upkeep
|turn|24
|l| Ctannn
|
|t:|1758350697
|move|p2a: Zamazenta|Body Press|p1a: Darkrai
|-resisted|p1a: Darkrai
|-damage|p1a: Darkrai|0 fnt
|faint|p1a: Darkrai
|
|win|SittinGamer
|raw|Celestial_dubkun's rating: 1619 &rarr; <strong>1600</strong><br />(-19 for losing)
|raw|SittinGamer's rating: 1644 &rarr; <strong>1663</strong><br />(+19 for winning)
|l|☆Celestial_dubkun
|player|p1|
|l|☆SittinGamer
|player|p2|
