|j|☆lerendezvous
|j|☆mansonabuluting
|t:|1758377680
|gametype|singles
|player|p1|lerendezvous|101|1691
|player|p2|mansonabuluting|bellelba|1741
|gen|9
|tier|[Gen 9] OU
|rated|
|rule|HP Percentage Mod: HP is shown in percentages
|rule|Endless Battle Clause: Forcing endless battles is banned
|rule|Species Clause: Limit one of each Pokémon
|rule|OHKO Clause: OHKO moves are banned
|rule|Evasion Items Clause: Evasion items are banned
|rule|Evasion Moves Clause: Evasion moves are banned
|rule|Evasion Abilities Clause: Evasion abilities are banned
|rule|Sleep Moves Clause: Sleep-inducing moves are banned
|clearpoke
|poke|p1|Ogerpon-Wellspring, F|
|poke|p1|Slowking-Galar, F|
|poke|p1|Great Tusk|
|poke|p1|Moltres|
|poke|p1|Dragapult, F|
|poke|p1|Kingambit, M|
|poke|p2|Rillaboom, M|
|poke|p2|Hawlucha, M|
|poke|p2|Thundurus-Therian, M|
|poke|p2|Great Tusk|
|poke|p2|Volcanion|
|poke|p2|Goodra-Hisui, F|
|teampreview
|
|t:|1758377686
|teamsize|p1|6
|teamsize|p2|6
|start
|switch|p1a: Great Tusk|Great Tusk|100/100
|switch|p2a: Thundurus|Thundurus-Therian, M|100/100
|turn|1
|inactive|Battle timer is ON: inactive players will automatically lose when time's up. (requested by lerendezvous)
|
|t:|1758377690
|-end|p1a: Great Tusk|Protosynthesis|[silent]
|switch|p1a: Slowking|Slowking-Galar, F|100/100
|move|p2a: Thundurus|Grass Knot|p1a: Slowking
|-resisted|p1a: Slowking
|-damage|p1a: Slowking|92/100
|
|upkeep
|turn|2
|
|t:|1758377696
|switch|p2a: Rillaboom|Rillaboom, M|100/100
|-fieldstart|move: Grassy Terrain|[from] ability: Grassy Surge|[of] p2a: Rillaboom
|move|p1a: Slowking|Psyshock|p2a: Rillaboom
|-damage|p2a: Rillaboom|67/100
|
|-heal|p2a: Rillaboom|73/100|[from] Grassy Terrain
|-heal|p1a: Slowking|98/100|[from] Grassy Terrain
|upkeep
|turn|3
|
|t:|1758377702
|switch|p1a: Moltres|Moltres|100/100
|move|p2a: Rillaboom|Knock Off|p1a: Moltres
|-damage|p1a: Moltres|66/100
|-enditem|p1a: Moltres|Heavy-Duty Boots|[from] move: Knock Off|[of] p2a: Rillaboom
|
|-heal|p2a: Rillaboom|79/100|[from] Grassy Terrain
|upkeep
|turn|4
|
|t:|1758377707
|switch|p2a: Volcanion|Volcanion|100/100
|move|p1a: Moltres|U-turn|p2a: Volcanion
|-resisted|p2a: Volcanion
|-damage|p2a: Volcanion|95/100
|
|t:|1758377712
|switch|p1a: Slowking|Slowking-Galar, F|100/100|[from] U-turn
|
|-heal|p2a: Volcanion|100/100|[from] Grassy Terrain
|upkeep
|turn|5
|
|t:|1758377733
|move|p2a: Volcanion|Steam Eruption|p1a: Slowking
|-damage|p1a: Slowking|50/100
|move|p1a: Slowking|Sludge Bomb|p2a: Volcanion
|-damage|p2a: Volcanion|59/100
|
|-heal|p2a: Volcanion|65/100|[from] Grassy Terrain
|-heal|p1a: Slowking|56/100|[from] Grassy Terrain
|upkeep
|turn|6
|
|t:|1758377747
|switch|p2a: Thundurus|Thundurus-Therian, M|100/100
|switch|p1a: Ogerpon|Ogerpon-Wellspring, F|100/100
|
|-fieldend|move: Grassy Terrain
|upkeep
|turn|7
|
|t:|1758377755
|move|p2a: Thundurus|Volt Switch|p1a: Ogerpon
|-damage|p1a: Ogerpon|46/100
|
|t:|1758377759
|switch|p2a: Volcanion|Volcanion|65/100|[from] Volt Switch
|move|p1a: Ogerpon|Knock Off|p2a: Volcanion
|-damage|p2a: Volcanion|34/100
|-enditem|p2a: Volcanion|Choice Specs|[from] move: Knock Off|[of] p1a: Ogerpon
|
|upkeep
|turn|8
|
|t:|1758377764
|move|p1a: Ogerpon|Power Whip|p2a: Volcanion
|-damage|p2a: Volcanion|0 fnt
|faint|p2a: Volcanion
|
|upkeep
|
|t:|1758377767
|switch|p2a: Rillaboom|Rillaboom, M|79/100
|-fieldstart|move: Grassy Terrain|[from] ability: Grassy Surge|[of] p2a: Rillaboom
|turn|9
|
|t:|1758377771
|switch|p1a: Moltres|Moltres|66/100
|move|p2a: Rillaboom|Knock Off|p1a: Moltres
|-damage|p1a: Moltres|43/100
|
|-heal|p2a: Rillaboom|85/100|[from] Grassy Terrain
|upkeep
|turn|10
|
|t:|1758377777
|switch|p2a: Thundurus|Thundurus-Therian, M|100/100
|move|p1a: Moltres|Roost|p1a: Moltres
|-heal|p1a: Moltres|93/100
|-singleturn|p1a: Moltres|move: Roost
|
|-heal|p1a: Moltres|99/100|[from] Grassy Terrain
|upkeep
|turn|11
|
|t:|1758377783
|switch|p1a: Slowking|Slowking-Galar, F|89/100
|-terastallize|p2a: Thundurus|Flying
|move|p2a: Thundurus|Tera Blast|p1a: Slowking|[anim] Tera Blast Flying
|-damage|p1a: Slowking|58/100
|
|-heal|p1a: Slowking|64/100|[from] Grassy Terrain
|upkeep
|turn|12
|
|t:|1758377795
|switch|p2a: Goodra|Goodra-Hisui, F|100/100
|move|p1a: Slowking|Ice Beam|p2a: Goodra
|-damage|p2a: Goodra|88/100
|-status|p2a: Goodra|frz
|
|-heal|p2a: Goodra|94/100 frz|[from] Grassy Terrain
|-heal|p1a: Slowking|70/100|[from] Grassy Terrain
|upkeep
|turn|13
|
|t:|1758377803
|cant|p2a: Goodra|frz
|move|p1a: Slowking|Psyshock|p2a: Goodra
|-resisted|p2a: Goodra
|-damage|p2a: Goodra|75/100 frz
|
|-heal|p2a: Goodra|81/100 frz|[from] Grassy Terrain
|-heal|p1a: Slowking|77/100|[from] Grassy Terrain
|-fieldend|move: Grassy Terrain
|upkeep
|turn|14
|
|t:|1758377808
|cant|p2a: Goodra|frz
|move|p1a: Slowking|Psyshock|p2a: Goodra
|-resisted|p2a: Goodra
|-damage|p2a: Goodra|63/100 frz
|
|upkeep
|turn|15
|
|t:|1758377812
|-curestatus|p2a: Goodra|frz|[msg]
|move|p2a: Goodra|Flash Cannon|p1a: Slowking
|-damage|p1a: Slowking|54/100
|move|p1a: Slowking|Psyshock|p2a: Goodra
|-resisted|p2a: Goodra
|-damage|p2a: Goodra|46/100
|
|upkeep
|turn|16
|
|t:|1758377817
|move|p2a: Goodra|Flash Cannon|p1a: Slowking
|-damage|p1a: Slowking|34/100
|move|p1a: Slowking|Psyshock|p2a: Goodra
|-resisted|p2a: Goodra
|-damage|p2a: Goodra|28/100
|
|upkeep
|turn|17
|
|t:|1758377824
|switch|p1a: Ogerpon|Ogerpon-Wellspring, F|46/100
|move|p2a: Goodra|Draco Meteor|p1a: Ogerpon
|-damage|p1a: Ogerpon|0 fnt
|-unboost|p2a: Goodra|spa|2
|faint|p1a: Ogerpon
|
|upkeep
|
|t:|1758377828
|switch|p1a: Slowking|Slowking-Galar, F|67/100
|turn|18
|
|t:|1758377834
|switch|p2a: Thundurus|Thundurus-Therian, M, tera:Flying|100/100
|move|p1a: Slowking|Ice Beam|p2a: Thundurus
|-supereffective|p2a: Thundurus
|-crit|p2a: Thundurus
|-damage|p2a: Thundurus|0 fnt
|faint|p2a: Thundurus
|
|upkeep
|
|t:|1758377839
|switch|p2a: Rillaboom|Rillaboom, M|85/100
|-fieldstart|move: Grassy Terrain|[from] ability: Grassy Surge|[of] p2a: Rillaboom
|turn|19
|
|t:|1758377847
|switch|p2a: Goodra|Goodra-Hisui, F|28/100
|switch|p1a: Moltres|Moltres|99/100
|
|-heal|p2a: Goodra|34/100|[from] Grassy Terrain
|upkeep
|turn|20
|
|t:|1758377850
|move|p1a: Moltres|U-turn|p2a: Goodra
|-resisted|p2a: Goodra
|-damage|p2a: Goodra|27/100
|-ability|p2a: Goodra|Gooey
|-unboost|p1a: Moltres|spe|1
|
|t:|1758377854
|switch|p1a: Kingambit|Kingambit, M|100/100|[from] U-turn
|-activate|p1a: Kingambit|ability: Supreme Overlord
|-start|p1a: Kingambit|fallen1|[silent]
|move|p2a: Goodra|Surf|p1a: Kingambit
|-damage|p1a: Kingambit|67/100
|
|-heal|p1a: Kingambit|74/100|[from] Grassy Terrain
|-heal|p1a: Kingambit|80/100|[from] item: Leftovers
|-heal|p2a: Goodra|33/100|[from] Grassy Terrain
|upkeep
|turn|21
|
|t:|1758377858
|switch|p2a: Great Tusk|Great Tusk|100/100
|move|p1a: Kingambit|Swords Dance|p1a: Kingambit
|-boost|p1a: Kingambit|atk|2
|
|-heal|p1a: Kingambit|86/100|[from] Grassy Terrain
|-heal|p1a: Kingambit|92/100|[from] item: Leftovers
|upkeep
|turn|22
|
|t:|1758377862
|move|p2a: Great Tusk|Stealth Rock|p1a: Kingambit
|-sidestart|p1: lerendezvous|move: Stealth Rock
|move|p1a: Kingambit|Iron Head|p2a: Great Tusk
|-damage|p2a: Great Tusk|56/100
|-damage|p1a: Kingambit|76/100|[from] item: Rocky Helmet|[of] p2a: Great Tusk
|
|-heal|p2a: Great Tusk|62/100|[from] Grassy Terrain
|-heal|p1a: Kingambit|82/100|[from] Grassy Terrain
|-heal|p1a: Kingambit|88/100|[from] item: Leftovers
|upkeep
|turn|23
|
|t:|1758377867
|-end|p1a: Kingambit|fallen1|[silent]
|switch|p1a: Great Tusk|Great Tusk|100/100
|-damage|p1a: Great Tusk|98/100|[from] Stealth Rock
|move|p2a: Great Tusk|Headlong Rush|p1a: Great Tusk
|-damage|p1a: Great Tusk|58/100
|-unboost|p2a: Great Tusk|def|1
|-unboost|p2a: Great Tusk|spd|1
|-damage|p2a: Great Tusk|46/100|[from] item: Rocky Helmet|[of] p1a: Great Tusk
|
|-heal|p1a: Great Tusk|64/100|[from] Grassy Terrain
|-heal|p2a: Great Tusk|52/100|[from] Grassy Terrain
|-fieldend|move: Grassy Terrain
|upkeep
|turn|24
|
|t:|1758377879
|-end|p2a: Great Tusk|Protosynthesis|[silent]
|switch|p2a: Goodra|Goodra-Hisui, F|33/100
|move|p1a: Great Tusk|Stealth Rock|p2a: Goodra
|-sidestart|p2: mansonabuluting|move: Stealth Rock
|
|upkeep
|turn|25
|
|t:|1758377882
|move|p1a: Great Tusk|Headlong Rush|p2a: Goodra
|-supereffective|p2a: Goodra
|-damage|p2a: Goodra|0 fnt
|-unboost|p1a: Great Tusk|def|1
|-unboost|p1a: Great Tusk|spd|1
|-ability|p2a: Goodra|Gooey
|-unboost|p1a: Great Tusk|spe|1
|faint|p2a: Goodra
|
|upkeep
|
|t:|1758377886
|switch|p2a: Rillaboom|Rillaboom, M|85/100
|-damage|p2a: Rillaboom|73/100|[from] Stealth Rock
|-fieldstart|move: Grassy Terrain|[from] ability: Grassy Surge|[of] p2a: Rillaboom
|turn|26
|
|t:|1758377895
|switch|p2a: Great Tusk|Great Tusk|52/100
|-damage|p2a: Great Tusk|49/100|[from] Stealth Rock
|-end|p1a: Great Tusk|Protosynthesis|[silent]
|switch|p1a: Moltres|Moltres|99/100
|-damage|p1a: Moltres|49/100|[from] Stealth Rock
|
|-heal|p2a: Great Tusk|55/100|[from] Grassy Terrain
|upkeep
|turn|27
|
|t:|1758377899
|move|p1a: Moltres|Flamethrower|p2a: Great Tusk
|-damage|p2a: Great Tusk|8/100
|move|p2a: Great Tusk|Rapid Spin|p1a: Moltres
|-damage|p1a: Moltres|39/100
|-boost|p2a: Great Tusk|spe|1
|-sideend|p2: mansonabuluting|Stealth Rock|[from] move: Rapid Spin|[of] p2a: Great Tusk
|
|-heal|p2a: Great Tusk|15/100|[from] Grassy Terrain
|upkeep
|turn|28
|
|t:|1758377917
|-end|p2a: Great Tusk|Protosynthesis|[silent]
|switch|p2a: Hawlucha|Hawlucha, M|100/100
|-enditem|p2a: Hawlucha|Grassy Seed
|-boost|p2a: Hawlucha|def|1|[from] item: Grassy Seed
|move|p1a: Moltres|Roost|p1a: Moltres
|-heal|p1a: Moltres|89/100
|-singleturn|p1a: Moltres|move: Roost
|
|-heal|p1a: Moltres|95/100|[from] Grassy Terrain
|upkeep
|turn|29
|
|t:|1758377922
|switch|p1a: Slowking|Slowking-Galar, F|99/100
|-damage|p1a: Slowking|88/100|[from] Stealth Rock
|move|p2a: Hawlucha|Swords Dance|p2a: Hawlucha
|-boost|p2a: Hawlucha|atk|2
|
|-heal|p1a: Slowking|94/100|[from] Grassy Terrain
|upkeep
|turn|30
|
|t:|1758377928
|move|p2a: Hawlucha|Acrobatics|p1a: Slowking
|-damage|p1a: Slowking|0 fnt
|faint|p1a: Slowking
|
|-fieldend|move: Grassy Terrain
|upkeep
|
|t:|1758377937
|switch|p1a: Kingambit|Kingambit, M|88/100
|-damage|p1a: Kingambit|82/100|[from] Stealth Rock
|-activate|p1a: Kingambit|ability: Supreme Overlord
|-start|p1a: Kingambit|fallen2|[silent]
|turn|31
|
|t:|1758377949
|move|p2a: Hawlucha|Substitute|p2a: Hawlucha
|-start|p2a: Hawlucha|Substitute
|-damage|p2a: Hawlucha|76/100
|move|p1a: Kingambit|Iron Head|p2a: Hawlucha
|-end|p2a: Hawlucha|Substitute
|
|-heal|p1a: Kingambit|88/100|[from] item: Leftovers
|upkeep
|turn|32
|
|t:|1758377952
|-terastallize|p1a: Kingambit|Ghost
|move|p2a: Hawlucha|Close Combat|p1a: Kingambit
|-immune|p1a: Kingambit
|move|p1a: Kingambit|Iron Head|p2a: Hawlucha
|-damage|p2a: Hawlucha|30/100
|
|-heal|p1a: Kingambit|94/100|[from] item: Leftovers
|upkeep
|turn|33
|
|t:|1758377960
|move|p2a: Hawlucha|Acrobatics|p1a: Kingambit
|-damage|p1a: Kingambit|22/100
|move|p1a: Kingambit|Iron Head|p2a: Hawlucha
|-damage|p2a: Hawlucha|0 fnt
|faint|p2a: Hawlucha
|
|-heal|p1a: Kingambit|29/100|[from] item: Leftovers
|upkeep
|
|t:|1758377964
|switch|p2a: Rillaboom|Rillaboom, M|73/100
|-fieldstart|move: Grassy Terrain|[from] ability: Grassy Surge|[of] p2a: Rillaboom
|turn|34
|
|t:|1758377970
|move|p1a: Kingambit|Sucker Punch|p2a: Rillaboom
|-damage|p2a: Rillaboom|28/100
|move|p2a: Rillaboom|Wood Hammer|p1a: Kingambit
|-damage|p1a: Kingambit|0 fnt
|faint|p1a: Kingambit
|-end|p1a: Kingambit|fallen2|[silent]
|-damage|p2a: Rillaboom|20/100|[from] Recoil
|
|-heal|p2a: Rillaboom|26/100|[from] Grassy Terrain
|upkeep
|
|t:|1758377974
|switch|p1a: Dragapult|Dragapult, F|100/100
|turn|35
|-message|mansonabuluting forfeited.
|
|win|lerendezvous
|raw|lerendezvous's rating: 1691 &rarr; <strong>1714</strong><br />(+23 for winning)
|raw|mansonabuluting's rating: 1741 &rarr; <strong>1718</strong><br />(-23 for losing)
|l|☆mansonabuluting
|player|p2|
|l|☆lerendezvous
|player|p1|
