|j|☆Argentide
|j|☆guensama
|t:|1758274435
|gametype|singles
|player|p1|Argentide|lady|1376
|player|p2|guensama|lance|1298
|gen|9
|tier|[Gen 9] OU
|rated|
|rule|HP Percentage Mod: HP is shown in percentages
|rule|Endless Battle Clause: Forcing endless battles is banned
|rule|Species Clause: Limit one of each Pokémon
|rule|OHKO Clause: OHKO moves are banned
|rule|Evasion Items Clause: Evasion items are banned
|rule|Evasion Moves Clause: Evasion moves are banned
|rule|Evasion Abilities Clause: Evasion abilities are banned
|rule|Sleep Moves Clause: Sleep-inducing moves are banned
|clearpoke
|poke|p1|Ditto|
|poke|p1|Landorus-Therian, M|
|poke|p1|Dragonite, M|
|poke|p1|Iron Moth|
|poke|p1|Ogerpon-Wellspring, F|
|poke|p1|Scizor, M|
|poke|p2|Lokix, M|
|poke|p2|Ceruledge, M|
|poke|p2|Landorus-Therian, M|
|poke|p2|Ogerpon-Wellspring, F|
|poke|p2|Dragapult, M|
|poke|p2|Thundurus-Therian, M|
|teampreview
|inactive|Battle timer is ON: inactive players will automatically lose when time's up. (requested by guensama)
|inactive|Argentide has 120 seconds left.
|
|t:|1758274496
|teamsize|p1|6
|teamsize|p2|6
|start
|switch|p1a: Landorus|Landorus-Therian, M|100/100
|switch|p2a: Big d|Landorus-Therian, M|100/100
|-ability|p1a: Landorus|Intimidate|boost
|-unboost|p2a: Big d|atk|1
|-ability|p2a: Big d|Intimidate|boost
|-unboost|p1a: Landorus|atk|1
|turn|1
|inactive|guensama has 120 seconds left.
|
|t:|1758274526
|move|p1a: Landorus|U-turn|p2a: Big d
|-resisted|p2a: Big d
|-damage|p2a: Big d|89/100
|-damage|p1a: Landorus|84/100|[from] item: Rocky Helmet|[of] p2a: Big d
|
|t:|1758274533
|switch|p1a: Ogerpon|Ogerpon-Wellspring, F|100/100|[from] U-turn
|move|p2a: Big d|U-turn|p1a: Ogerpon
|-supereffective|p1a: Ogerpon
|-crit|p1a: Ogerpon
|-damage|p1a: Ogerpon|4/100
|
|t:|1758274539
|switch|p2a: C 19|Ceruledge, M|100/100|[from] U-turn
|
|upkeep
|turn|2
|
|t:|1758274555
|switch|p1a: Landorus|Landorus-Therian, M|84/100
|-ability|p1a: Landorus|Intimidate|boost
|-unboost|p2a: C 19|atk|1
|move|p2a: C 19|Shadow Sneak|p1a: Landorus
|-damage|p1a: Landorus|68/100
|
|upkeep
|turn|3
|inactive|guensama has 120 seconds left.
|
|t:|1758274594
|-terastallize|p1a: Landorus|Flying
|move|p1a: Landorus|Tera Blast|p2a: C 19|[anim] Tera Blast Flying
|-damage|p2a: C 19|5/100
|-ability|p2a: C 19|Weak Armor|boost
|-unboost|p2a: C 19|def|1
|-boost|p2a: C 19|spe|2
|move|p2a: C 19|Swords Dance|p2a: C 19
|-boost|p2a: C 19|atk|2
|
|upkeep
|turn|4
|
|t:|1758274610
|move|p2a: C 19|Bitter Blade|p1a: Landorus
|-damage|p1a: Landorus|0 fnt
|-heal|p2a: C 19|42/100|[from] drain|[of] p1a: Landorus
|faint|p1a: Landorus
|
|upkeep
|
|t:|1758274618
|switch|p1a: Ditto|Ditto|100/100
|-transform|p1a: Ditto|p2a: C 19|[from] ability: Imposter
|turn|5
|
|t:|1758274621
|move|p1a: Ditto|Shadow Sneak|p2a: C 19
|-supereffective|p2a: C 19
|-crit|p2a: C 19
|-damage|p2a: C 19|0 fnt
|faint|p2a: C 19
|
|upkeep
|
|t:|1758274624
|switch|p2a: Big d|Landorus-Therian, M|89/100
|-ability|p2a: Big d|Intimidate|boost
|-unboost|p1a: Ditto|atk|1
|turn|6
|
|t:|1758274636
|switch|p1a: Scizor|Scizor, M|100/100
|move|p2a: Big d|U-turn|p1a: Scizor
|-resisted|p1a: Scizor
|-damage|p1a: Scizor|88/100
|
|t:|1758274651
|switch|p2a: Emo|Dragapult, M|100/100|[from] U-turn
|
|upkeep
|turn|7
|
|t:|1758274661
|switch|p1a: Ditto|Ditto|100/100
|-transform|p1a: Ditto|p2a: Emo|[from] ability: Imposter
|move|p2a: Emo|Will-O-Wisp|p1a: Ditto
|-status|p1a: Ditto|brn
|
|-damage|p1a: Ditto|94/100 brn|[from] brn
|upkeep
|turn|8
|
|t:|1758274672
|move|p1a: Ditto|Dragon Darts|p2a: Emo
|-supereffective|p2a: Emo
|-damage|p2a: Emo|64/100
|-anim|p1a: Ditto|Dragon Darts|p2a: Emo
|-supereffective|p2a: Emo
|-damage|p2a: Emo|29/100
|move|p2a: Emo|Dragon Dance|p2a: Emo
|-boost|p2a: Emo|atk|1
|-boost|p2a: Emo|spe|1
|
|-damage|p1a: Ditto|88/100 brn|[from] brn
|upkeep
|turn|9
|
|t:|1758274690
|switch|p1a: Ogerpon|Ogerpon-Wellspring, F|4/100
|move|p2a: Emo|Dragon Darts|p1a: Ogerpon
|-damage|p1a: Ogerpon|0 fnt
|faint|p1a: Ogerpon
|-damage|p2a: Emo|19/100|[from] item: Life Orb
|
|upkeep
|
|t:|1758274693
|switch|p1a: Ditto|Ditto|88/100 brn
|-transform|p1a: Ditto|p2a: Emo|[from] ability: Imposter
|turn|10
|
|t:|1758274697
|-terastallize|p2a: Emo|Fairy
|move|p1a: Ditto|Sucker Punch|p2a: Emo
|-resisted|p2a: Emo
|-damage|p2a: Emo|7/100
|move|p2a: Emo|Dragon Darts|p1a: Ditto
|-supereffective|p1a: Ditto
|-damage|p1a: Ditto|0 fnt
|faint|p1a: Ditto
|-damage|p2a: Emo|0 fnt|[from] item: Life Orb
|faint|p2a: Emo
|
|upkeep
|
|t:|1758274710
|switch|p2a: Big d|Landorus-Therian, M|89/100
|switch|p1a: Dragonite|Dragonite, M|100/100
|-ability|p2a: Big d|Intimidate|boost
|-unboost|p1a: Dragonite|atk|1
|turn|11
|
|t:|1758274718
|move|p2a: Big d|U-turn|p1a: Dragonite
|-resisted|p1a: Dragonite
|-damage|p1a: Dragonite|93/100
|
|t:|1758274719
|switch|p2a: Thundurus|Thundurus-Therian, M|100/100|[from] U-turn
|move|p1a: Dragonite|Ice Spinner|p2a: Thundurus
|-supereffective|p2a: Thundurus
|-damage|p2a: Thundurus|13/100
|
|upkeep
|turn|12
|
|t:|1758274723
|switch|p1a: Scizor|Scizor, M|88/100
|move|p2a: Thundurus|Thunderbolt|p1a: Scizor
|-damage|p1a: Scizor|25/100
|-enditem|p1a: Scizor|Sitrus Berry|[eat]
|-heal|p1a: Scizor|50/100|[from] item: Sitrus Berry
|
|upkeep
|turn|13
|inactive|guensama has 120 seconds left.
|
|t:|1758274764
|switch|p2a: Big d|Landorus-Therian, M|89/100
|-ability|p2a: Big d|Intimidate|boost
|-unboost|p1a: Scizor|atk|1
|move|p1a: Scizor|Bullet Punch|p2a: Big d
|-damage|p2a: Big d|64/100
|-damage|p1a: Scizor|33/100|[from] item: Rocky Helmet|[of] p2a: Big d
|
|upkeep
|turn|14
|
|t:|1758274779
|move|p2a: Big d|Swords Dance|p2a: Big d
|-boost|p2a: Big d|atk|2
|move|p1a: Scizor|U-turn|p2a: Big d
|-resisted|p2a: Big d
|-damage|p2a: Big d|49/100
|-damage|p1a: Scizor|17/100|[from] item: Rocky Helmet|[of] p2a: Big d
|
|t:|1758274783
|switch|p1a: Dragonite|Dragonite, M|93/100|[from] U-turn
|
|upkeep
|turn|15
|
|t:|1758274789
|move|p1a: Dragonite|Extreme Speed|p2a: Big d
|-damage|p2a: Big d|0 fnt
|-damage|p1a: Dragonite|77/100|[from] item: Rocky Helmet|[of] p2a: Big d
|faint|p2a: Big d
|
|upkeep
|
|t:|1758274798
|switch|p2a: High iq|Lokix, M|100/100
|turn|16
|
|t:|1758274803
|move|p1a: Dragonite|Extreme Speed|p2a: High iq
|-damage|p2a: High iq|32/100
|move|p2a: High iq|Knock Off|p1a: Dragonite
|-damage|p1a: Dragonite|17/100
|-enditem|p1a: Dragonite|Choice Band|[from] move: Knock Off|[of] p2a: High iq
|
|upkeep
|turn|17
|
|t:|1758274812
|move|p1a: Dragonite|Extreme Speed|p2a: High iq
|-damage|p2a: High iq|0 fnt
|faint|p2a: High iq
|
|upkeep
|
|t:|1758274814
|switch|p2a: Gojo|Ogerpon-Wellspring, F|100/100
|turn|18
|
|t:|1758274824
|move|p1a: Dragonite|Extreme Speed|p2a: Gojo
|-damage|p2a: Gojo|61/100
|move|p2a: Gojo|Swords Dance|p2a: Gojo
|-boost|p2a: Gojo|atk|2
|
|upkeep
|turn|19
|
|t:|1758274833
|move|p1a: Dragonite|Extreme Speed|p2a: Gojo
|-damage|p2a: Gojo|21/100
|move|p2a: Gojo|Horn Leech|p1a: Dragonite
|-resisted|p1a: Dragonite
|-crit|p1a: Dragonite
|-damage|p1a: Dragonite|0 fnt
|-heal|p2a: Gojo|30/100|[from] drain|[of] p1a: Dragonite
|faint|p1a: Dragonite
|
|upkeep
|
|t:|1758274848
|switch|p1a: Iron Moth|Iron Moth|100/100
|-enditem|p1a: Iron Moth|Booster Energy
|-activate|p1a: Iron Moth|ability: Quark Drive|[fromitem]
|-start|p1a: Iron Moth|quarkdrivespe
|turn|20
|inactive|guensama has 120 seconds left.
|
|t:|1758274890
|move|p1a: Iron Moth|Sludge Wave|p2a: Gojo
|-supereffective|p2a: Gojo
|-damage|p2a: Gojo|0 fnt
|faint|p2a: Gojo
|
|upkeep
|-message|guensama forfeited.
|
|win|Argentide
|raw|Argentide's rating: 1398 &rarr; <strong>1412</strong><br />(+14 for winning)
|raw|guensama's rating: 1297 &rarr; <strong>1279</strong><br />(-18 for losing)
|l|☆guensama
|player|p2|
|l|☆Argentide
|player|p1|
