|j|☆Paofficial
|j|☆DonovanIsNotHere
|t:|1758360767
|gametype|singles
|player|p1|Paofficial|leon|1397
|player|p2|DonovanIsNotHere|170|1406
|gen|9
|tier|[Gen 9] OU
|rated|
|rule|HP Percentage Mod: HP is shown in percentages
|rule|Endless Battle Clause: Forcing endless battles is banned
|rule|Species Clause: Limit one of each Pokémon
|rule|OHKO Clause: OHKO moves are banned
|rule|Evasion Items Clause: Evasion items are banned
|rule|Evasion Moves Clause: Evasion moves are banned
|rule|Evasion Abilities Clause: Evasion abilities are banned
|rule|Sleep Moves Clause: Sleep-inducing moves are banned
|clearpoke
|poke|p1|Maushold-Four|
|poke|p1|Clawitzer, M|
|poke|p1|Tsareena, F|
|poke|p1|Armarouge, M|
|poke|p1|Corviknight, F|
|poke|p1|Garchomp, M|
|poke|p2|Dragonite, M|
|poke|p2|Gholdengo|
|poke|p2|Ting-Lu|
|poke|p2|Moltres|
|poke|p2|Samurott-Hisui, F|
|poke|p2|Cinderace, F|
|teampreview
|inactive|Battle timer is ON: inactive players will automatically lose when time's up. (requested by DonovanIsNotHere)
|
|t:|1758360793
|teamsize|p1|6
|teamsize|p2|6
|start
|switch|p1a: Garchomp|Garchomp, M|100/100
|switch|p2a: Moltres|Moltres|100/100
|turn|1
|
|t:|1758360799
|move|p1a: Garchomp|Swords Dance|p1a: Garchomp
|-boost|p1a: Garchomp|atk|2
|move|p2a: Moltres|U-turn|p1a: Garchomp
|-damage|p1a: Garchomp|84/100
|-damage|p2a: Moltres|88/100|[from] ability: Rough Skin|[of] p1a: Garchomp
|
|t:|1758360817
|switch|p2a: Cinderace|Cinderace, F|100/100|[from] U-turn
|
|upkeep
|turn|2
|
|t:|1758360826
|move|p2a: Cinderace|High Jump Kick|p1a: Garchomp
|-start|p2a: Cinderace|typechange|Fighting|[from] ability: Libero
|-damage|p1a: Garchomp|21/100
|-damage|p2a: Cinderace|88/100|[from] ability: Rough Skin|[of] p1a: Garchomp
|move|p1a: Garchomp|Scale Shot|p2a: Cinderace
|-damage|p2a: Cinderace|45/100
|-damage|p2a: Cinderace|4/100
|-damage|p2a: Cinderace|0 fnt
|faint|p2a: Cinderace
|-hitcount|p2: Cinderace|3
|-unboost|p1a: Garchomp|def|1
|-boost|p1a: Garchomp|spe|1
|
|upkeep
|
|t:|1758360832
|switch|p2a: Samurott|Samurott-Hisui, F|100/100
|turn|3
|
|t:|1758360840
|switch|p1a: Maushold|Maushold-Four|100/100
|move|p2a: Samurott|Aqua Jet|p1a: Maushold
|-damage|p1a: Maushold|56/100
|
|upkeep
|turn|4
|
|t:|1758360848
|move|p2a: Samurott|Aqua Jet|p1a: Maushold
|-damage|p1a: Maushold|6/100
|move|p1a: Maushold|Population Bomb|p2a: Samurott
|-damage|p2a: Samurott|86/100
|-damage|p2a: Samurott|72/100
|-damage|p2a: Samurott|59/100
|-damage|p2a: Samurott|44/100
|-damage|p2a: Samurott|31/100
|-damage|p2a: Samurott|16/100
|-damage|p2a: Samurott|1/100
|-damage|p2a: Samurott|0 fnt
|faint|p2a: Samurott
|-hitcount|p2: Samurott|8
|
|upkeep
|
|t:|1758360850
|switch|p2a: Django|Gholdengo|100/100
|turn|5
|
|t:|1758360854
|move|p2a: Django|Shadow Ball|p1a: Maushold
|-immune|p1a: Maushold
|move|p1a: Maushold|Bite|p2a: Django
|-supereffective|p2a: Django
|-damage|p2a: Django|54/100
|
|upkeep
|turn|6
|c|☆DonovanIsNotHere|oops
|
|t:|1758360866
|switch|p2a: Moltres|Moltres|88/100
|move|p1a: Maushold|Play Rough|p2a: Moltres
|-resisted|p2a: Moltres
|-damage|p2a: Moltres|81/100
|-status|p1a: Maushold|brn|[from] ability: Flame Body|[of] p2a: Moltres
|
|-damage|p1a: Maushold|0 fnt|[from] brn
|faint|p1a: Maushold
|upkeep
|
|t:|1758360875
|switch|p1a: Clawitzer|Clawitzer, M|100/100
|turn|7
|inactive|DonovanIsNotHere has 120 seconds left.
|
|t:|1758360910
|move|p2a: Moltres|U-turn|p1a: Clawitzer
|-damage|p1a: Clawitzer|85/100
|
|t:|1758360912
|switch|p2a: Django|Gholdengo|54/100|[from] U-turn
|move|p1a: Clawitzer|Water Pulse|p2a: Django
|-damage|p2a: Django|4/100
|
|upkeep
|turn|8
|
|t:|1758360919
|move|p2a: Django|Shadow Ball|p1a: Clawitzer
|-damage|p1a: Clawitzer|52/100
|move|p1a: Clawitzer|Water Pulse|p2a: Django
|-damage|p2a: Django|0 fnt
|faint|p2a: Django
|
|upkeep
|inactive|DonovanIsNotHere has 120 seconds left.
|
|t:|1758360934
|switch|p2a: Barney|Dragonite, M, shiny|100/100
|turn|9
|inactive|DonovanIsNotHere has 120 seconds left.
|
|t:|1758360940
|switch|p1a: Corviknight|Corviknight, F|100/100
|move|p2a: Barney|Outrage|p1a: Corviknight
|-resisted|p1a: Corviknight
|-damage|p1a: Corviknight|67/100
|-damage|p2a: Barney|84/100|[from] item: Rocky Helmet|[of] p1a: Corviknight
|
|upkeep
|turn|10
|
|t:|1758360948
|move|p2a: Barney|Outrage|p1a: Corviknight|[from] lockedmove
|-resisted|p1a: Corviknight
|-damage|p1a: Corviknight|35/100
|-damage|p2a: Barney|68/100|[from] item: Rocky Helmet|[of] p1a: Corviknight
|move|p1a: Corviknight|Brave Bird|p2a: Barney
|-crit|p2a: Barney
|-damage|p2a: Barney|19/100
|-damage|p1a: Corviknight|22/100|[from] Recoil
|
|upkeep
|turn|11
|
|t:|1758360958
|switch|p1a: Garchomp|Garchomp, M|21/100
|move|p2a: Barney|Outrage|p1a: Garchomp|[from] lockedmove
|-supereffective|p1a: Garchomp
|-damage|p1a: Garchomp|0 fnt
|-damage|p2a: Barney|7/100|[from] ability: Rough Skin|[of] p1a: Garchomp
|faint|p1a: Garchomp
|-start|p2a: Barney|confusion|[fatigue]
|
|upkeep
|
|t:|1758360970
|switch|p1a: Tsareena|Tsareena, F|100/100
|turn|12
|
|t:|1758360972
|switch|p2a: Moltres|Moltres|81/100
|move|p1a: Tsareena|Trailblaze|p2a: Moltres
|-resisted|p2a: Moltres
|-damage|p2a: Moltres|77/100
|-boost|p1a: Tsareena|spe|1
|
|upkeep
|turn|13
|
|t:|1758360978
|-terastallize|p1a: Tsareena|Fire
|move|p1a: Tsareena|Knock Off|p2a: Moltres
|-damage|p2a: Moltres|55/100
|-enditem|p2a: Moltres|Heavy-Duty Boots|[from] move: Knock Off|[of] p1a: Tsareena
|move|p2a: Moltres|U-turn|p1a: Tsareena
|-resisted|p1a: Tsareena
|-damage|p1a: Tsareena|92/100
|
|t:|1758360984
|switch|p2a: Ting-Lu|Ting-Lu|100/100|[from] U-turn
|-ability|p2a: Ting-Lu|Vessel of Ruin
|
|upkeep
|turn|14
|
|t:|1758360988
|move|p1a: Tsareena|Knock Off|p2a: Ting-Lu
|-resisted|p2a: Ting-Lu
|-damage|p2a: Ting-Lu|92/100
|-enditem|p2a: Ting-Lu|Leftovers|[from] move: Knock Off|[of] p1a: Tsareena
|move|p2a: Ting-Lu|Earthquake|p1a: Tsareena
|-supereffective|p1a: Tsareena
|-damage|p1a: Tsareena|23/100
|
|upkeep
|turn|15
|
|t:|1758360994
|move|p1a: Tsareena|Trailblaze|p2a: Ting-Lu
|-supereffective|p2a: Ting-Lu
|-damage|p2a: Ting-Lu|66/100
|-boost|p1a: Tsareena|spe|1
|move|p2a: Ting-Lu|Earthquake|p1a: Tsareena
|-supereffective|p1a: Tsareena
|-damage|p1a: Tsareena|0 fnt
|faint|p1a: Tsareena
|
|upkeep
|
|t:|1758361001
|switch|p1a: Corviknight|Corviknight, F|22/100
|turn|16
|
|t:|1758361011
|move|p1a: Corviknight|Body Press|p2a: Ting-Lu
|-supereffective|p2a: Ting-Lu
|-crit|p2a: Ting-Lu
|-damage|p2a: Ting-Lu|25/100
|move|p2a: Ting-Lu|Earthquake|p1a: Corviknight
|-immune|p1a: Corviknight
|
|upkeep
|turn|17
|
|t:|1758361015
|switch|p2a: Moltres|Moltres|55/100
|move|p1a: Corviknight|Body Press|p2a: Moltres
|-resisted|p2a: Moltres
|-damage|p2a: Moltres|48/100
|-status|p1a: Corviknight|brn|[from] ability: Flame Body|[of] p2a: Moltres
|
|-damage|p1a: Corviknight|16/100 brn|[from] brn
|upkeep
|turn|18
|
|t:|1758361022
|switch|p1a: Clawitzer|Clawitzer, M|52/100
|move|p2a: Moltres|U-turn|p1a: Clawitzer
|-damage|p1a: Clawitzer|36/100
|inactive|DonovanIsNotHere has 120 seconds left.
|
|t:|1758361056
|switch|p2a: Barney|Dragonite, M, shiny|7/100|[from] U-turn
|
|upkeep
|turn|19
|
|t:|1758361061
|switch|p2a: Moltres|Moltres|48/100
|switch|p1a: Corviknight|Corviknight, F|16/100 brn
|
|-damage|p1a: Corviknight|10/100 brn|[from] brn
|upkeep
|turn|20
|
|t:|1758361066
|move|p2a: Moltres|Flamethrower|p1a: Corviknight
|-supereffective|p1a: Corviknight
|-damage|p1a: Corviknight|0 fnt
|faint|p1a: Corviknight
|
|upkeep
|
|t:|1758361073
|switch|p1a: Clawitzer|Clawitzer, M|36/100
|turn|21
|
|t:|1758361078
|move|p2a: Moltres|U-turn|p1a: Clawitzer
|-damage|p1a: Clawitzer|22/100
|
|t:|1758361080
|switch|p2a: Ting-Lu|Ting-Lu|25/100|[from] U-turn
|-ability|p2a: Ting-Lu|Vessel of Ruin
|move|p1a: Clawitzer|Water Pulse|p2a: Ting-Lu
|-supereffective|p2a: Ting-Lu
|-damage|p2a: Ting-Lu|0 fnt
|faint|p2a: Ting-Lu
|
|upkeep
|
|t:|1758361082
|switch|p2a: Barney|Dragonite, M, shiny|7/100
|turn|22
|
|t:|1758361086
|-terastallize|p2a: Barney|Normal
|move|p2a: Barney|Extreme Speed|p1a: Clawitzer
|-damage|p1a: Clawitzer|0 fnt
|faint|p1a: Clawitzer
|
|upkeep
|
|t:|1758361089
|switch|p1a: Armarouge|Armarouge, M|100/100
|turn|23
|
|t:|1758361091
|switch|p2a: Moltres|Moltres|48/100
|move|p1a: Armarouge|Stored Power|p2a: Moltres
|-damage|p2a: Moltres|37/100
|
|upkeep
|turn|24
|
|t:|1758361102
|move|p2a: Moltres|Flamethrower|p1a: Armarouge
|-resisted|p1a: Armarouge
|-damage|p1a: Armarouge|83/100
|move|p1a: Armarouge|Energy Ball|p2a: Moltres
|-resisted|p2a: Moltres
|-damage|p2a: Moltres|30/100
|-unboost|p2a: Moltres|spd|1
|
|upkeep
|turn|25
|
|t:|1758361117
|move|p2a: Moltres|Flamethrower|p1a: Armarouge
|-resisted|p1a: Armarouge
|-damage|p1a: Armarouge|64/100
|move|p1a: Armarouge|Stored Power|p2a: Moltres
|-damage|p2a: Moltres|13/100
|
|upkeep
|turn|26
|
|t:|1758361119
|move|p2a: Moltres|Flamethrower|p1a: Armarouge
|-resisted|p1a: Armarouge
|-damage|p1a: Armarouge|44/100
|move|p1a: Armarouge|Calm Mind|p1a: Armarouge
|-boost|p1a: Armarouge|spa|1
|-boost|p1a: Armarouge|spd|1
|
|upkeep
|turn|27
|
|t:|1758361122
|move|p2a: Moltres|Flamethrower|p1a: Armarouge
|-resisted|p1a: Armarouge
|-damage|p1a: Armarouge|31/100
|move|p1a: Armarouge|Stored Power|p2a: Moltres
|-damage|p2a: Moltres|0 fnt
|faint|p2a: Moltres
|
|upkeep
|
|t:|1758361125
|switch|p2a: Barney|Dragonite, M, shiny, tera:Normal|7/100
|turn|28
|
|t:|1758361127
|move|p2a: Barney|Extreme Speed|p1a: Armarouge
|-crit|p1a: Armarouge
|-damage|p1a: Armarouge|0 fnt
|faint|p1a: Armarouge
|
|win|DonovanIsNotHere
|raw|Paofficial's rating: 1397 &rarr; <strong>1378</strong><br />(-19 for losing)
|raw|DonovanIsNotHere's rating: 1406 &rarr; <strong>1425</strong><br />(+19 for winning)
|l|☆Paofficial
|player|p1|
|l|☆DonovanIsNotHere
|player|p2|
