|j|☆dw junkie
|j|☆KinhBlorkiii
|t:|1758299099
|gametype|singles
|player|p1|dw junkie|101|1388
|player|p2|KinhBlorkiii|102|1425
|gen|9
|tier|[Gen 9] OU
|rated|
|rule|HP Percentage Mod: HP is shown in percentages
|rule|Endless Battle Clause: Forcing endless battles is banned
|rule|Species Clause: Limit one of each Pokémon
|rule|OHKO Clause: OHKO moves are banned
|rule|Evasion Items Clause: Evasion items are banned
|rule|Evasion Moves Clause: Evasion moves are banned
|rule|Evasion Abilities Clause: Evasion abilities are banned
|rule|Sleep Moves Clause: Sleep-inducing moves are banned
|clearpoke
|poke|p1|Araquanid, F|
|poke|p1|Weezing-Galar, M|
|poke|p1|Raging Bolt|
|poke|p1|Weavile, M|
|poke|p1|Breloom, F|
|poke|p1|Garganacl, F|
|poke|p2|Garganacl, F|
|poke|p2|Dragapult, F|
|poke|p2|Ogerpon-Wellspring, F|
|poke|p2|Moltres|
|poke|p2|Zamazenta-*|
|poke|p2|Iron Treads|
|teampreview
|inactive|Battle timer is ON: inactive players will automatically lose when time's up. (requested by KinhBlorkiii)
|
|t:|1758299130
|teamsize|p1|6
|teamsize|p2|6
|start
|switch|p1a: Araquanid|Araquanid, F|100/100
|switch|p2a: Garganacl|Garganacl, F|100/100
|turn|1
|
|t:|1758299137
|move|p1a: Araquanid|Liquidation|p2a: Garganacl
|-supereffective|p2a: Garganacl
|-damage|p2a: Garganacl|11/100
|-unboost|p2a: Garganacl|def|1
|move|p2a: Garganacl|Salt Cure|p1a: Araquanid
|-supereffective|p1a: Araquanid
|-damage|p1a: Araquanid|72/100
|-start|p1a: Araquanid|Salt Cure
|
|-heal|p2a: Garganacl|17/100|[from] item: Leftovers
|-damage|p1a: Araquanid|47/100|[from] Salt Cure
|upkeep
|turn|2
|
|t:|1758299150
|move|p1a: Araquanid|Lunge|p2a: Garganacl
|-damage|p2a: Garganacl|0 fnt
|faint|p2a: Garganacl
|
|-damage|p1a: Araquanid|23/100|[from] Salt Cure
|upkeep
|
|t:|1758299160
|switch|p2a: Iron Treads|Iron Treads|100/100
|turn|3
|-enditem|p1a: Araquanid|Custap Berry|[eat]
|-activate|p1a: Araquanid|item: Custap Berry|[consumed]
|
|t:|1758299165
|move|p1a: Araquanid|Liquidation|p2a: Iron Treads
|-supereffective|p2a: Iron Treads
|-damage|p2a: Iron Treads|6/100
|move|p2a: Iron Treads|Stealth Rock|p1a: Araquanid
|-sidestart|p1: dw junkie|move: Stealth Rock
|
|-heal|p2a: Iron Treads|12/100|[from] item: Leftovers
|-damage|p1a: Araquanid|0 fnt|[from] Salt Cure
|faint|p1a: Araquanid
|upkeep
|
|t:|1758299176
|switch|p1a: Breloom|Breloom, F|100/100
|-damage|p1a: Breloom|94/100|[from] Stealth Rock
|turn|4
|
|t:|1758299182
|move|p1a: Breloom|Mach Punch|p2a: Iron Treads
|-supereffective|p2a: Iron Treads
|-damage|p2a: Iron Treads|0 fnt
|faint|p2a: Iron Treads
|-end|p2a: Iron Treads|Quark Drive|[silent]
|
|upkeep
|
|t:|1758299186
|switch|p2a: Moltres|Moltres|100/100
|turn|5
|
|t:|1758299190
|-terastallize|p1a: Breloom|Rock
|move|p1a: Breloom|Rock Tomb|p2a: Moltres|[miss]
|-miss|p1a: Breloom|p2a: Moltres
|move|p2a: Moltres|Will-O-Wisp|p1a: Breloom
|-status|p1a: Breloom|brn
|
|-damage|p1a: Breloom|88/100 brn|[from] brn
|upkeep
|turn|6
|
|t:|1758299207
|switch|p2a: Ogerpon|Ogerpon-Wellspring, F|100/100
|move|p1a: Breloom|Swords Dance|p1a: Breloom
|-boost|p1a: Breloom|atk|2
|
|-damage|p1a: Breloom|82/100 brn|[from] brn
|upkeep
|turn|7
|
|t:|1758299215
|move|p1a: Breloom|Mach Punch|p2a: Ogerpon
|-crit|p2a: Ogerpon
|-damage|p2a: Ogerpon|46/100
|move|p2a: Ogerpon|Trailblaze|p1a: Breloom
|-supereffective|p1a: Breloom
|-damage|p1a: Breloom|2/100 brn
|-boost|p2a: Ogerpon|spe|1
|
|-damage|p1a: Breloom|0 fnt|[from] brn
|faint|p1a: Breloom
|upkeep
|
|t:|1758299234
|switch|p1a: Weezing|Weezing-Galar, M|100/100
|-ability|p1a: Weezing|Neutralizing Gas
|-damage|p1a: Weezing|88/100|[from] Stealth Rock
|turn|8
|
|t:|1758299241
|switch|p2a: Moltres|Moltres|100/100
|move|p1a: Weezing|Strange Steam|p2a: Moltres
|-resisted|p2a: Moltres
|-damage|p2a: Moltres|88/100
|
|-heal|p1a: Weezing|94/100|[from] item: Black Sludge
|upkeep
|turn|9
|
|t:|1758299263
|-end|p1a: Weezing|ability: Neutralizing Gas
|switch|p1a: Raging Bolt|Raging Bolt|100/100
|-damage|p1a: Raging Bolt|88/100|[from] Stealth Rock
|-enditem|p1a: Raging Bolt|Booster Energy
|-activate|p1a: Raging Bolt|ability: Protosynthesis|[fromitem]
|-start|p1a: Raging Bolt|protosynthesisspa
|move|p2a: Moltres|Roar|p1a: Raging Bolt
|-end|p1a: Raging Bolt|Protosynthesis|[silent]
|drag|p1a: Weavile|Weavile, M|100/100
|-damage|p1a: Weavile|76/100|[from] Stealth Rock
|-item|p1a: Weavile|Air Balloon
|
|upkeep
|turn|10
|
|t:|1758299276
|move|p1a: Weavile|Knock Off|p2a: Moltres
|-damage|p2a: Moltres|51/100
|-enditem|p2a: Moltres|Heavy-Duty Boots|[from] move: Knock Off|[of] p1a: Weavile
|move|p2a: Moltres|Flamethrower|p1a: Weavile
|-supereffective|p1a: Weavile
|-damage|p1a: Weavile|0 fnt
|-enditem|p1a: Weavile|Air Balloon
|faint|p1a: Weavile
|
|upkeep
|
|t:|1758299288
|switch|p1a: Raging Bolt|Raging Bolt|88/100
|-damage|p1a: Raging Bolt|76/100|[from] Stealth Rock
|turn|11
|
|t:|1758299295
|move|p1a: Raging Bolt|Volt Switch|p2a: Moltres
|-supereffective|p2a: Moltres
|-crit|p2a: Moltres
|-damage|p2a: Moltres|0 fnt
|faint|p2a: Moltres
|
|t:|1758299302
|-end|p1a: Raging Bolt|Protosynthesis|[silent]
|switch|p1a: Weezing|Weezing-Galar, M|94/100|[from] Volt Switch
|-ability|p1a: Weezing|Neutralizing Gas
|-damage|p1a: Weezing|82/100|[from] Stealth Rock
|
|-heal|p1a: Weezing|88/100|[from] item: Black Sludge
|upkeep
|
|t:|1758299305
|switch|p2a: Dragapult|Dragapult, F|100/100
|turn|12
|
|t:|1758299313
|move|p2a: Dragapult|Will-O-Wisp|p1a: Weezing
|-status|p1a: Weezing|brn
|move|p1a: Weezing|Will-O-Wisp|p2a: Dragapult
|-status|p2a: Dragapult|brn
|
|-heal|p1a: Weezing|94/100 brn|[from] item: Black Sludge
|-damage|p2a: Dragapult|95/100 brn|[from] brn
|-damage|p1a: Weezing|88/100 brn|[from] brn
|upkeep
|turn|13
|
|t:|1758299324
|move|p2a: Dragapult|Hex|p1a: Weezing
|-damage|p1a: Weezing|41/100 brn
|move|p1a: Weezing|Strange Steam|p2a: Dragapult
|-supereffective|p2a: Dragapult
|-damage|p2a: Dragapult|14/100 brn
|
|-heal|p1a: Weezing|47/100 brn|[from] item: Black Sludge
|-damage|p2a: Dragapult|8/100 brn|[from] brn
|-damage|p1a: Weezing|41/100 brn|[from] brn
|upkeep
|turn|14
|
|t:|1758299338
|move|p2a: Dragapult|Hex|p1a: Weezing
|-damage|p1a: Weezing|0 fnt
|faint|p1a: Weezing
|-end|p1a: Weezing|ability: Neutralizing Gas
|
|-damage|p2a: Dragapult|2/100 brn|[from] brn
|upkeep
|
|t:|1758299345
|switch|p1a: Garganacl|Garganacl, F|100/100
|-damage|p1a: Garganacl|88/100|[from] Stealth Rock
|turn|15
|
|t:|1758299350
|move|p1a: Garganacl|Protect|p1a: Garganacl
|-singleturn|p1a: Garganacl|Protect
|move|p2a: Dragapult|Draco Meteor|p1a: Garganacl
|-activate|p1a: Garganacl|move: Protect
|
|-heal|p1a: Garganacl|94/100|[from] item: Leftovers
|-damage|p2a: Dragapult|0 fnt|[from] brn
|faint|p2a: Dragapult
|upkeep
|
|t:|1758299353
|switch|p2a: Ogerpon|Ogerpon-Wellspring, F|46/100
|turn|16
|
|t:|1758299366
|move|p2a: Ogerpon|Ivy Cudgel|p1a: Garganacl|[anim] Ivy Cudgel Water
|-supereffective|p1a: Garganacl
|-damage|p1a: Garganacl|38/100
|move|p1a: Garganacl|Salt Cure|p2a: Ogerpon
|-damage|p2a: Ogerpon|30/100
|-start|p2a: Ogerpon|Salt Cure
|
|-heal|p1a: Garganacl|44/100|[from] item: Leftovers
|-damage|p2a: Ogerpon|5/100|[from] Salt Cure
|upkeep
|turn|17
|
|t:|1758299377
|move|p1a: Garganacl|Protect|p1a: Garganacl
|-singleturn|p1a: Garganacl|Protect
|move|p2a: Ogerpon|Synthesis|p2a: Ogerpon
|-heal|p2a: Ogerpon|55/100
|
|-heal|p1a: Garganacl|50/100|[from] item: Leftovers
|-damage|p2a: Ogerpon|30/100|[from] Salt Cure
|upkeep
|turn|18
|
|t:|1758299390
|switch|p1a: Raging Bolt|Raging Bolt|76/100
|-damage|p1a: Raging Bolt|63/100|[from] Stealth Rock
|move|p2a: Ogerpon|Ivy Cudgel|p1a: Raging Bolt|[anim] Ivy Cudgel Water
|-resisted|p1a: Raging Bolt
|-damage|p1a: Raging Bolt|41/100
|
|-damage|p2a: Ogerpon|5/100|[from] Salt Cure
|upkeep
|turn|19
|
|t:|1758299400
|move|p2a: Ogerpon|Ivy Cudgel|p1a: Raging Bolt|[anim] Ivy Cudgel Water
|-resisted|p1a: Raging Bolt
|-damage|p1a: Raging Bolt|18/100
|move|p1a: Raging Bolt|Volt Switch|p2a: Ogerpon
|-damage|p2a: Ogerpon|0 fnt
|faint|p2a: Ogerpon
|
|t:|1758299408
|-end|p1a: Raging Bolt|Protosynthesis|[silent]
|switch|p1a: Garganacl|Garganacl, F|50/100|[from] Volt Switch
|-damage|p1a: Garganacl|38/100|[from] Stealth Rock
|
|-heal|p1a: Garganacl|44/100|[from] item: Leftovers
|upkeep
|
|t:|1758299415
|switch|p2a: Zamazenta|Zamazenta|100/100
|-ability|p2a: Zamazenta|Dauntless Shield|boost
|-boost|p2a: Zamazenta|def|1
|turn|20
|
|t:|1758299422
|move|p1a: Garganacl|Protect|p1a: Garganacl
|-singleturn|p1a: Garganacl|Protect
|move|p2a: Zamazenta|Close Combat|p1a: Garganacl
|-activate|p1a: Garganacl|move: Protect
|
|-heal|p1a: Garganacl|50/100|[from] item: Leftovers
|upkeep
|turn|21
|
|t:|1758299433
|move|p2a: Zamazenta|Close Combat|p1a: Garganacl
|-supereffective|p1a: Garganacl
|-damage|p1a: Garganacl|0 fnt
|-unboost|p2a: Zamazenta|def|1
|-unboost|p2a: Zamazenta|spd|1
|faint|p1a: Garganacl
|
|upkeep
|
|t:|1758299440
|switch|p1a: Raging Bolt|Raging Bolt|18/100
|-damage|p1a: Raging Bolt|6/100|[from] Stealth Rock
|turn|22
|
|t:|1758299446
|move|p1a: Raging Bolt|Thunderclap|p2a: Zamazenta
|-damage|p2a: Zamazenta|40/100
|move|p2a: Zamazenta|Close Combat|p1a: Raging Bolt
|-damage|p1a: Raging Bolt|0 fnt
|-unboost|p2a: Zamazenta|def|1
|-unboost|p2a: Zamazenta|spd|1
|faint|p1a: Raging Bolt
|-end|p1a: Raging Bolt|Protosynthesis|[silent]
|
|win|KinhBlorkiii
|raw|dw junkie's rating: 1388 &rarr; <strong>1370</strong><br />(-18 for losing)
|raw|KinhBlorkiii's rating: 1425 &rarr; <strong>1443</strong><br />(+18 for winning)
|l|☆KinhBlorkiii
|player|p2|
|l|☆dw junkie
|player|p1|
