|j|☆xdye
|j|☆mathismathin
|t:|1758235498
|gametype|singles
|player|p1|xdye|iris-gen5bw2|1653
|player|p2|mathismathin|hilbert|1721
|gen|9
|tier|[Gen 9] OU
|rated|
|rule|HP Percentage Mod: HP is shown in percentages
|rule|Endless Battle Clause: Forcing endless battles is banned
|rule|Species Clause: Limit one of each Pokémon
|rule|OHKO Clause: OHKO moves are banned
|rule|Evasion Items Clause: Evasion items are banned
|rule|Evasion Moves Clause: Evasion moves are banned
|rule|Evasion Abilities Clause: Evasion abilities are banned
|rule|Sleep Moves Clause: Sleep-inducing moves are banned
|clearpoke
|poke|p1|Araquanid, F|
|poke|p1|Gholdengo|
|poke|p1|Thundurus-Therian, M|
|poke|p1|Iron Moth|
|poke|p1|Great Tusk|
|poke|p1|Kingambit, M|
|poke|p2|Blaziken, M|
|poke|p2|Ogerpon-Wellspring, F|
|poke|p2|Ceruledge, F|
|poke|p2|Dragonite, F|
|poke|p2|Iron Treads|
|poke|p2|Gholdengo|
|teampreview
|c|☆xdye|hf
|
|t:|1758235520
|teamsize|p1|6
|teamsize|p2|6
|start
|switch|p1a: Araquanid|Araquanid, F|100/100
|switch|p2a: Blaziken|Blaziken, M|100/100
|turn|1
|
|t:|1758235523
|move|p2a: Blaziken|Stone Edge|p1a: Araquanid
|-supereffective|p1a: Araquanid
|-damage|p1a: Araquanid|4/100
|-damage|p2a: Blaziken|91/100|[from] item: Life Orb
|move|p1a: Araquanid|Surf|p2a: Blaziken
|-supereffective|p2a: Blaziken
|-damage|p2a: Blaziken|0 fnt
|faint|p2a: Blaziken
|
|upkeep
|
|t:|1758235534
|switch|p2a: Ogerpon|Ogerpon-Wellspring, F|100/100
|turn|2
|-enditem|p1a: Araquanid|Custap Berry|[eat]
|-activate|p1a: Araquanid|item: Custap Berry|[consumed]
|
|t:|1758235550
|move|p1a: Araquanid|Lunge|p2a: Ogerpon
|-supereffective|p2a: Ogerpon
|-damage|p2a: Ogerpon|59/100
|-unboost|p2a: Ogerpon|atk|1
|move|p2a: Ogerpon|Swords Dance|p2a: Ogerpon
|-boost|p2a: Ogerpon|atk|2
|
|upkeep
|turn|3
|
|t:|1758235555
|move|p2a: Ogerpon|Trailblaze|p1a: Araquanid
|-damage|p1a: Araquanid|0 fnt
|-boost|p2a: Ogerpon|spe|1
|faint|p1a: Araquanid
|
|upkeep
|
|t:|1758235565
|switch|p1a: Kingambit|Kingambit, M|100/100
|-activate|p1a: Kingambit|ability: Supreme Overlord
|-start|p1a: Kingambit|fallen1|[silent]
|turn|4
|
|t:|1758235578
|move|p2a: Ogerpon|Ivy Cudgel|p1a: Kingambit|[anim] Ivy Cudgel Water
|-crit|p1a: Kingambit
|-damage|p1a: Kingambit|0 fnt
|faint|p1a: Kingambit
|-end|p1a: Kingambit|fallen1|[silent]
|
|upkeep
|
|t:|1758235599
|switch|p1a: Gholdengo|Gholdengo|100/100
|-item|p1a: Gholdengo|Air Balloon
|turn|5
|
|t:|1758235610
|-terastallize|p2a: Ogerpon|Water
|detailschange|p2a: Ogerpon|Ogerpon-Wellspring-Tera, F, tera:Water
|-ability|p2a: Ogerpon|Embody Aspect (Wellspring)|boost
|-boost|p2a: Ogerpon|spd|1
|move|p2a: Ogerpon|Ivy Cudgel|p1a: Gholdengo|[anim] Ivy Cudgel Water
|-damage|p1a: Gholdengo|0 fnt
|-enditem|p1a: Gholdengo|Air Balloon
|faint|p1a: Gholdengo
|
|upkeep
|
|t:|1758235612
|switch|p1a: Great Tusk|Great Tusk|100/100
|-enditem|p1a: Great Tusk|Booster Energy
|-activate|p1a: Great Tusk|ability: Protosynthesis|[fromitem]
|-start|p1a: Great Tusk|protosynthesisatk
|turn|6
|
|t:|1758235622
|-terastallize|p1a: Great Tusk|Ice
|move|p2a: Ogerpon|Synthesis|p2a: Ogerpon
|-heal|p2a: Ogerpon|100/100
|move|p1a: Great Tusk|Headlong Rush|p2a: Ogerpon
|-damage|p2a: Ogerpon|6/100
|-unboost|p1a: Great Tusk|def|1
|-unboost|p1a: Great Tusk|spd|1
|
|upkeep
|turn|7
|
|t:|1758235638
|-end|p1a: Great Tusk|Protosynthesis|[silent]
|switch|p1a: Thundurus|Thundurus-Therian, M|100/100
|move|p2a: Ogerpon|Ivy Cudgel|p1a: Thundurus|[anim] Ivy Cudgel Water
|-damage|p1a: Thundurus|0 fnt
|faint|p1a: Thundurus
|
|upkeep
|
|t:|1758235640
|switch|p1a: Great Tusk|Great Tusk, tera:Ice|100/100
|turn|8
|
|t:|1758235660
|move|p2a: Ogerpon|Ivy Cudgel|p1a: Great Tusk|[anim] Ivy Cudgel Water
|-damage|p1a: Great Tusk|19/100
|move|p1a: Great Tusk|Rapid Spin|p2a: Ogerpon
|-crit|p2a: Ogerpon
|-damage|p2a: Ogerpon|0 fnt
|-boost|p1a: Great Tusk|spe|1
|faint|p2a: Ogerpon
|detailschange|p2: Ogerpon|Ogerpon-Wellspring, F|[silent]
|
|upkeep
|
|t:|1758235668
|switch|p2a: Gholdengo|Gholdengo|100/100
|-item|p2a: Gholdengo|Air Balloon
|turn|9
|
|t:|1758235673
|move|p1a: Great Tusk|Ice Spinner|p2a: Gholdengo
|-resisted|p2a: Gholdengo
|-damage|p2a: Gholdengo|75/100
|-enditem|p2a: Gholdengo|Air Balloon
|move|p2a: Gholdengo|Shadow Ball|p1a: Great Tusk
|-damage|p1a: Great Tusk|0 fnt
|faint|p1a: Great Tusk
|-end|p1a: Great Tusk|Protosynthesis|[silent]
|
|upkeep
|
|t:|1758235675
|switch|p1a: Iron Moth|Iron Moth|100/100
|-enditem|p1a: Iron Moth|Booster Energy
|-activate|p1a: Iron Moth|ability: Quark Drive|[fromitem]
|-start|p1a: Iron Moth|quarkdrivespa
|turn|10
|
|t:|1758235684
|move|p1a: Iron Moth|Fiery Dance|p2a: Gholdengo
|-supereffective|p2a: Gholdengo
|-damage|p2a: Gholdengo|0 fnt
|faint|p2a: Gholdengo
|
|upkeep
|
|t:|1758235685
|switch|p2a: Dragonite|Dragonite, F|100/100
|turn|11
|
|t:|1758235688
|move|p1a: Iron Moth|Dazzling Gleam|p2a: Dragonite
|-supereffective|p2a: Dragonite
|-damage|p2a: Dragonite|57/100
|move|p2a: Dragonite|Earthquake|p1a: Iron Moth
|-supereffective|p1a: Iron Moth
|-damage|p1a: Iron Moth|0 fnt
|faint|p1a: Iron Moth
|-end|p1a: Iron Moth|Quark Drive|[silent]
|
|win|mathismathin
|raw|xdye's rating: 1653 &rarr; <strong>1637</strong><br />(-16 for losing)
|raw|mathismathin's rating: 1721 &rarr; <strong>1737</strong><br />(+16 for winning)
