|j|☆mqsh
|j|☆Mok3s
|inactive|Battle timer is ON: inactive players will automatically lose when time's up.
|t:|1758370293
|gametype|singles
|player|p1|mqsh|169|
|player|p2|Mok3s|ompl2025youyongdechaoduiwanjia.gif|
|teamsize|p1|6
|teamsize|p2|6
|gen|9
|tier|[Gen 9] OU
|rated|Tournament battle
|rule|HP Percentage Mod: HP is shown in percentages
|rule|Endless Battle Clause: Forcing endless battles is banned
|rule|Species Clause: Limit one of each Pokémon
|rule|OHKO Clause: OHKO moves are banned
|rule|Evasion Items Clause: Evasion items are banned
|rule|Evasion Moves Clause: Evasion moves are banned
|rule|Evasion Abilities Clause: Evasion abilities are banned
|rule|Sleep Moves Clause: Sleep-inducing moves are banned
|clearpoke
|poke|p1|Suicune|
|poke|p1|Jirachi|
|poke|p1|Krookodile, M|
|poke|p1|Cyclizar, M|
|poke|p1|Slowbro-Galar, F|
|poke|p1|Gyarados, F|
|poke|p2|Deoxys-Speed|
|poke|p2|Dragonite, F|
|poke|p2|Darkrai|
|poke|p2|Iron Moth|
|poke|p2|Scizor, F|
|poke|p2|Great Tusk|
|teampreview
|inactive|mqsh has 120 seconds left.
|c|☆mqsh|可怕的阵容请多指教
|
|t:|1758370334
|start
|switch|p1a: Jirachi|Jirachi|100/100
|switch|p2a: Deoxys|Deoxys-Speed|100/100
|-ability|p2a: Deoxys|Pressure
|turn|1
|
|t:|1758370346
|move|p2a: Deoxys|Taunt|p1a: Jirachi
|-start|p1a: Jirachi|move: Taunt
|cant|p1a: Jirachi|move: Taunt|Encore
|
|upkeep
|turn|2
|
|t:|1758370362
|move|p2a: Deoxys|Stealth Rock|p1a: Jirachi
|-sidestart|p1: mqsh|move: Stealth Rock
|move|p1a: Jirachi|U-turn|p2a: Deoxys
|-supereffective|p2a: Deoxys
|-damage|p2a: Deoxys|60/100
|-damage|p1a: Jirachi|84/100|[from] item: Rocky Helmet|[of] p2a: Deoxys
|
|t:|1758370379
|switch|p1a: Gyarados|Gyarados, F|100/100|[from] U-turn
|-ability|p1a: Gyarados|Intimidate|boost
|-unboost|p2a: Deoxys|atk|1
|
|upkeep
|turn|3
|
|t:|1758370392
|move|p2a: Deoxys|Taunt|p1a: Gyarados
|-start|p1a: Gyarados|move: Taunt
|cant|p1a: Gyarados|move: Taunt|Taunt
|
|upkeep
|turn|4
|inactive|mqsh has 120 seconds left.
|
|t:|1758370409
|move|p2a: Deoxys|Ice Beam|p1a: Gyarados
|-damage|p1a: Gyarados|75/100
|move|p1a: Gyarados|Waterfall|p2a: Deoxys
|-damage|p2a: Deoxys|14/100
|-damage|p1a: Gyarados|58/100|[from] item: Rocky Helmet|[of] p2a: Deoxys
|
|upkeep
|turn|5
|inactive|mqsh has 120 seconds left.
|
|t:|1758370422
|move|p2a: Deoxys|Psycho Boost|p1a: Gyarados
|-damage|p1a: Gyarados|0 fnt
|-unboost|p2a: Deoxys|spa|2
|faint|p1a: Gyarados
|
|upkeep
|inactive|mqsh has 120 seconds left.
|c|☆mqsh|没啥队也不太玩的明白=_=
|inactive|mqsh has 90 seconds left.
|c|☆Mok3s|（
|
|t:|1758370468
|switch|p1a: Suicune|Suicune|100/100
|-damage|p1a: Suicune|88/100|[from] Stealth Rock
|-ability|p1a: Suicune|Pressure
|turn|6
|
|t:|1758370477
|move|p2a: Deoxys|Taunt|p1a: Suicune
|-start|p1a: Suicune|move: Taunt
|cant|p1a: Suicune|move: Taunt|Substitute
|
|-heal|p1a: Suicune|94/100|[from] item: Leftovers
|upkeep
|turn|7
|inactive|mqsh has 90 seconds left.
|
|t:|1758370499
|switch|p2a: Scizor|Scizor, F|100/100
|switch|p1a: Jirachi|Jirachi|84/100
|-damage|p1a: Jirachi|78/100|[from] Stealth Rock
|
|-heal|p1a: Jirachi|84/100|[from] item: Leftovers
|upkeep
|turn|8
|inactive|mqsh has 90 seconds left.
|
|t:|1758370517
|move|p1a: Jirachi|Iron Head|p2a: Scizor
|-resisted|p2a: Scizor
|-damage|p2a: Scizor|85/100
|move|p2a: Scizor|Knock Off|p1a: Jirachi
|-supereffective|p1a: Jirachi
|-damage|p1a: Jirachi|0 fnt
|-enditem|p1a: Jirachi|Leftovers|[from] move: Knock Off|[of] p2a: Scizor
|faint|p1a: Jirachi
|
|upkeep
|
|t:|1758370528
|switch|p1a: Krookodile|Krookodile, M|100/100
|-damage|p1a: Krookodile|94/100|[from] Stealth Rock
|-ability|p1a: Krookodile|Intimidate|boost
|-unboost|p2a: Scizor|atk|1
|turn|9
|
|t:|1758370539
|switch|p2a: Deoxys|Deoxys-Speed|14/100
|-ability|p2a: Deoxys|Pressure
|move|p1a: Krookodile|Knock Off|p2a: Deoxys
|-supereffective|p2a: Deoxys
|-damage|p2a: Deoxys|0 fnt
|-damage|p1a: Krookodile|78/100|[from] item: Rocky Helmet|[of] p2a: Deoxys
|-enditem|p2a: Deoxys|Rocky Helmet|[from] move: Knock Off|[of] p1a: Krookodile
|faint|p2a: Deoxys
|
|upkeep
|
|t:|1758370546
|switch|p2a: Great Tusk|Great Tusk|100/100
|-enditem|p2a: Great Tusk|Booster Energy
|-activate|p2a: Great Tusk|ability: Protosynthesis|[fromitem]
|-start|p2a: Great Tusk|protosynthesisspe
|turn|10
|
|t:|1758370555
|switch|p1a: Slowbro|Slowbro-Galar, F|100/100
|-damage|p1a: Slowbro|88/100|[from] Stealth Rock
|move|p2a: Great Tusk|Bulk Up|p2a: Great Tusk
|-boost|p2a: Great Tusk|atk|1
|-boost|p2a: Great Tusk|def|1
|
|upkeep
|turn|11
|inactive|mqsh has 90 seconds left.
|
|t:|1758370566
|-terastallize|p1a: Slowbro|Ghost
|move|p2a: Great Tusk|Headlong Rush|p1a: Slowbro
|-damage|p1a: Slowbro|36/100
|-unboost|p2a: Great Tusk|def|1
|-unboost|p2a: Great Tusk|spd|1
|move|p1a: Slowbro|Psyshock|p2a: Great Tusk
|-supereffective|p2a: Great Tusk
|-damage|p2a: Great Tusk|63/100
|
|upkeep
|turn|12
|inactive|mqsh has 90 seconds left.
|
|t:|1758370578
|switch|p1a: Krookodile|Krookodile, M|78/100
|-damage|p1a: Krookodile|72/100|[from] Stealth Rock
|-ability|p1a: Krookodile|Intimidate|boost
|-unboost|p2a: Great Tusk|atk|1
|move|p2a: Great Tusk|Headlong Rush|p1a: Krookodile
|-damage|p1a: Krookodile|4/100
|-unboost|p2a: Great Tusk|def|1
|-unboost|p2a: Great Tusk|spd|1
|
|upkeep
|turn|13
|inactive|mqsh has 90 seconds left.
|
|t:|1758370595
|move|p2a: Great Tusk|Rapid Spin|p1a: Krookodile
|-damage|p1a: Krookodile|0 fnt
|-boost|p2a: Great Tusk|spe|1
|faint|p1a: Krookodile
|
|upkeep
|
|t:|1758370599
|switch|p1a: Cyclizar|Cyclizar, M|100/100
|-damage|p1a: Cyclizar|88/100|[from] Stealth Rock
|turn|14
|
|t:|1758370607
|move|p2a: Great Tusk|Headlong Rush|p1a: Cyclizar
|-damage|p1a: Cyclizar|2/100
|-unboost|p2a: Great Tusk|def|1
|-unboost|p2a: Great Tusk|spd|1
|move|p1a: Cyclizar|Rapid Spin|p2a: Great Tusk
|-damage|p2a: Great Tusk|43/100
|-boost|p1a: Cyclizar|spe|1
|-sideend|p1: mqsh|Stealth Rock|[from] move: Rapid Spin|[of] p1a: Cyclizar
|
|upkeep
|turn|15
|c|☆mqsh|凉了
|inactive|mqsh has 90 seconds left.
|-message|Mok3s forfeited.
|
|win|mqsh
|n|☆mqsh|mqsh
|n|☆Mok3s|mok3s
|l|☆mqsh
|player|p1|
|l|☆Mok3s
|player|p2|
|j|☆mqsh
|player|p1|mqsh|169|
