|j|☆lasg95
|j|☆londonlucariosV2
|t:|1758237047
|gametype|singles
|player|p1|lasg95|170|1256
|player|p2|londonlucariosV2|2|1237
|gen|9
|tier|[Gen 9] OU
|rated|
|rule|HP Percentage Mod: HP is shown in percentages
|rule|Endless Battle Clause: Forcing endless battles is banned
|rule|Species Clause: Limit one of each Pokémon
|rule|OHKO Clause: OHKO moves are banned
|rule|Evasion Items Clause: Evasion items are banned
|rule|Evasion Moves Clause: Evasion moves are banned
|rule|Evasion Abilities Clause: Evasion abilities are banned
|rule|Sleep Moves Clause: Sleep-inducing moves are banned
|clearpoke
|poke|p1|Dragonite, F|
|poke|p1|Charizard, F|
|poke|p1|Lapras, F|
|poke|p1|Espeon, M|
|poke|p1|Gengar, M|
|poke|p1|Venusaur, M|
|poke|p2|Kyurem|
|poke|p2|Raging Bolt|
|poke|p2|Slowking-Galar, M|
|poke|p2|Samurott-Hisui, F|
|poke|p2|Galvantula, M|
|poke|p2|Cinderace, M|
|teampreview
|
|t:|1758237086
|teamsize|p1|6
|teamsize|p2|6
|start
|switch|p1a: Venusaur|Venusaur, M|100/100
|switch|p2a: Galvantula|Galvantula, M|100/100
|turn|1
|inactive|Battle timer is ON: inactive players will automatically lose when time's up. (requested by londonlucariosV2)
|
|t:|1758237114
|-terastallize|p1a: Venusaur|Fire
|move|p2a: Galvantula|Bug Buzz|p1a: Venusaur
|-resisted|p1a: Venusaur
|-damage|p1a: Venusaur|83/100
|move|p1a: Venusaur|Leech Seed|p2a: Galvantula
|-start|p2a: Galvantula|move: Leech Seed
|
|-heal|p1a: Venusaur|89/100|[from] item: Leftovers
|-damage|p2a: Galvantula|88/100|[from] Leech Seed|[of] p1a: Venusaur
|-heal|p1a: Venusaur|98/100|[silent]
|upkeep
|turn|2
|
|t:|1758237126
|move|p2a: Galvantula|Sticky Web|p1a: Venusaur
|-sidestart|p1: lasg95|move: Sticky Web
|move|p1a: Venusaur|Sludge Bomb|p2a: Galvantula
|-damage|p2a: Galvantula|29/100
|
|-heal|p1a: Venusaur|100/100|[from] item: Leftovers
|-damage|p2a: Galvantula|17/100|[from] Leech Seed|[of] p1a: Venusaur
|upkeep
|turn|3
|
|t:|1758237137
|move|p2a: Galvantula|Thunderbolt|p1a: Venusaur
|-damage|p1a: Venusaur|61/100
|-status|p1a: Venusaur|par
|move|p1a: Venusaur|Giga Drain|p2a: Galvantula
|-resisted|p2a: Galvantula
|-damage|p2a: Galvantula|0 fnt
|-heal|p1a: Venusaur|68/100 par|[from] drain|[of] p2a: Galvantula
|faint|p2a: Galvantula
|
|-heal|p1a: Venusaur|74/100 par|[from] item: Leftovers
|upkeep
|
|t:|1758237152
|switch|p2a: Samurott|Samurott-Hisui, F|100/100
|turn|4
|
|t:|1758237163
|move|p2a: Samurott|Razor Shell|p1a: Venusaur
|-supereffective|p1a: Venusaur
|-damage|p1a: Venusaur|0 fnt
|faint|p1a: Venusaur
|
|upkeep
|
|t:|1758237172
|switch|p1a: Lapras|Lapras, F|100/100
|-activate|p1a: Lapras|move: Sticky Web
|-unboost|p1a: Lapras|spe|1
|turn|5
|
|t:|1758237178
|move|p2a: Samurott|Ceaseless Edge|p1a: Lapras
|-damage|p1a: Lapras|64/100
|-sidestart|p1: lasg95|Spikes
|move|p1a: Lapras|Freeze-Dry|p2a: Samurott
|-supereffective|p2a: Samurott
|-damage|p2a: Samurott|69/100
|
|-heal|p1a: Lapras|71/100|[from] item: Leftovers
|upkeep
|turn|6
|
|t:|1758237188
|move|p2a: Samurott|Ceaseless Edge|p1a: Lapras
|-damage|p1a: Lapras|35/100
|-sidestart|p1: lasg95|Spikes
|move|p1a: Lapras|Freeze-Dry|p2a: Samurott
|-supereffective|p2a: Samurott
|-damage|p2a: Samurott|39/100
|
|-heal|p1a: Lapras|41/100|[from] item: Leftovers
|upkeep
|turn|7
|
|t:|1758237197
|move|p2a: Samurott|Ceaseless Edge|p1a: Lapras
|-damage|p1a: Lapras|6/100
|-sidestart|p1: lasg95|Spikes
|move|p1a: Lapras|Freeze-Dry|p2a: Samurott
|-supereffective|p2a: Samurott
|-damage|p2a: Samurott|11/100
|
|-heal|p1a: Lapras|12/100|[from] item: Leftovers
|upkeep
|turn|8
|
|t:|1758237205
|move|p2a: Samurott|Knock Off|p1a: Lapras
|-damage|p1a: Lapras|0 fnt
|-enditem|p1a: Lapras|Leftovers|[from] move: Knock Off|[of] p2a: Samurott
|faint|p1a: Lapras
|
|upkeep
|
|t:|1758237217
|switch|p1a: Gengar|Gengar, M|100/100
|-activate|p1a: Gengar|move: Sticky Web
|-unboost|p1a: Gengar|spe|1
|-damage|p1a: Gengar|76/100|[from] Spikes
|turn|9
|
|t:|1758237233
|move|p1a: Gengar|Shadow Ball|p2a: Samurott
|-resisted|p2a: Samurott
|-damage|p2a: Samurott|0 fnt
|faint|p2a: Samurott
|
|upkeep
|inactive|londonlucariosV2 has 120 seconds left.
|
|t:|1758237260
|switch|p2a: Kyurem|Kyurem|100/100
|-ability|p2a: Kyurem|Pressure
|turn|10
|
|t:|1758237269
|move|p2a: Kyurem|Earth Power|p1a: Gengar
|-supereffective|p1a: Gengar
|-damage|p1a: Gengar|0 fnt
|faint|p1a: Gengar
|
|upkeep
|
|t:|1758237277
|switch|p1a: Dragonite|Dragonite, F|100/100
|turn|11
|
|t:|1758237290
|switch|p2a: Cinderace|Cinderace, M|100/100
|move|p1a: Dragonite|Dragon Dance|p1a: Dragonite
|-boost|p1a: Dragonite|atk|1
|-boost|p1a: Dragonite|spe|1
|
|upkeep
|turn|12
|
|t:|1758237303
|move|p1a: Dragonite|Earthquake|p2a: Cinderace
|-supereffective|p2a: Cinderace
|-damage|p2a: Cinderace|0 fnt
|faint|p2a: Cinderace
|
|upkeep
|
|t:|1758237307
|switch|p2a: Kyurem|Kyurem|100/100
|-ability|p2a: Kyurem|Pressure
|turn|13
|
|t:|1758237313
|-terastallize|p2a: Kyurem|Ice
|move|p2a: Kyurem|Ice Beam|p1a: Dragonite
|-supereffective|p1a: Dragonite
|-damage|p1a: Dragonite|0 fnt
|faint|p1a: Dragonite
|
|upkeep
|
|t:|1758237320
|switch|p1a: Charizard|Charizard, F|100/100
|turn|14
|
|t:|1758237345
|switch|p2a: Raging Bolt|Raging Bolt|100/100
|move|p1a: Charizard|Flamethrower|p2a: Raging Bolt
|-resisted|p2a: Raging Bolt
|-damage|p2a: Raging Bolt|90/100
|-status|p2a: Raging Bolt|brn
|
|-damage|p2a: Raging Bolt|84/100 brn|[from] brn
|upkeep
|turn|15
|
|t:|1758237357
|move|p1a: Charizard|Dragon Pulse|p2a: Raging Bolt
|-supereffective|p2a: Raging Bolt
|-damage|p2a: Raging Bolt|53/100 brn
|move|p2a: Raging Bolt|Thunderbolt|p1a: Charizard
|-supereffective|p1a: Charizard
|-damage|p1a: Charizard|0 fnt
|faint|p1a: Charizard
|
|-damage|p2a: Raging Bolt|47/100 brn|[from] brn
|upkeep
|
|t:|1758237366
|switch|p1a: Espeon|Espeon, M|100/100
|-activate|p1a: Espeon|move: Sticky Web
|-unboost|p1a: Espeon|spe|1
|-damage|p1a: Espeon|76/100|[from] Spikes
|turn|16
|
|t:|1758237375
|move|p1a: Espeon|Psychic|p2a: Raging Bolt
|-damage|p2a: Raging Bolt|17/100 brn
|move|p2a: Raging Bolt|Thunderbolt|p1a: Espeon
|-damage|p1a: Espeon|21/100
|
|-damage|p2a: Raging Bolt|11/100 brn|[from] brn
|upkeep
|turn|17
|
|t:|1758237381
|move|p2a: Raging Bolt|Thunderclap|p1a: Espeon
|-damage|p1a: Espeon|0 fnt
|faint|p1a: Espeon
|
|win|londonlucariosV2
|raw|lasg95's rating: 1256 &rarr; <strong>1230</strong><br />(-26 for losing)
|raw|londonlucariosV2's rating: 1237 &rarr; <strong>1263</strong><br />(+26 for winning)
|l|☆londonlucariosV2
|player|p2|
|l|☆lasg95
|player|p1|
