|j|☆dxBasti
|j|☆4DEF+4SPD=GG
|t:|1758327814
|gametype|singles
|player|p1|dxBasti|harlequin|1503
|player|p2|4DEF+4SPD=GG|preschooler|1494
|gen|9
|tier|[Gen 9] OU
|rated|
|rule|HP Percentage Mod: HP is shown in percentages
|rule|Endless Battle Clause: Forcing endless battles is banned
|rule|Species Clause: Limit one of each Pokémon
|rule|OHKO Clause: OHKO moves are banned
|rule|Evasion Items Clause: Evasion items are banned
|rule|Evasion Moves Clause: Evasion moves are banned
|rule|Evasion Abilities Clause: Evasion abilities are banned
|rule|Sleep Moves Clause: Sleep-inducing moves are banned
|clearpoke
|poke|p1|Indeedee, M|
|poke|p1|Hatterene, F|
|poke|p1|Ursaluna, F|
|poke|p1|Iron Hands|
|poke|p1|Hoopa-Unbound|
|poke|p1|Mimikyu, F|
|poke|p2|Tyranitar, M|
|poke|p2|Excadrill, M|
|poke|p2|Corviknight, M|
|poke|p2|Glimmora, M|
|poke|p2|Hippowdon, M|
|poke|p2|Scizor, M|
|teampreview
|inactive|Battle timer is ON: inactive players will automatically lose when time's up. (requested by 4DEF+4SPD=GG)
|
|t:|1758327822
|teamsize|p1|6
|teamsize|p2|6
|start
|switch|p1a: Iron Hands|Iron Hands|100/100
|switch|p2a: Scizor|Scizor, M|100/100
|-enditem|p1a: Iron Hands|Booster Energy
|-activate|p1a: Iron Hands|ability: Quark Drive|[fromitem]
|-start|p1a: Iron Hands|quarkdriveatk
|turn|1
|
|t:|1758327836
|move|p2a: Scizor|U-turn|p1a: Iron Hands
|-resisted|p1a: Iron Hands
|-damage|p1a: Iron Hands|78/100
|
|t:|1758327838
|switch|p2a: Hippowdon|Hippowdon, M|100/100|[from] U-turn
|-weather|Sandstorm|[from] ability: Sand Stream|[of] p2a: Hippowdon
|move|p1a: Iron Hands|Ice Punch|p2a: Hippowdon
|-supereffective|p2a: Hippowdon
|-damage|p2a: Hippowdon|56/100
|
|-weather|Sandstorm|[upkeep]
|-damage|p1a: Iron Hands|72/100|[from] Sandstorm
|upkeep
|turn|2
|
|t:|1758327843
|-terastallize|p1a: Iron Hands|Flying
|move|p1a: Iron Hands|Ice Punch|p2a: Hippowdon
|-supereffective|p2a: Hippowdon
|-damage|p2a: Hippowdon|17/100
|-status|p2a: Hippowdon|frz
|cant|p2a: Hippowdon|frz
|
|-weather|Sandstorm|[upkeep]
|-damage|p1a: Iron Hands|66/100|[from] Sandstorm
|upkeep
|turn|3
|
|t:|1758327854
|move|p1a: Iron Hands|Ice Punch|p2a: Hippowdon
|-supereffective|p2a: Hippowdon
|-damage|p2a: Hippowdon|0 fnt
|faint|p2a: Hippowdon
|
|-weather|Sandstorm|[upkeep]
|-damage|p1a: Iron Hands|60/100|[from] Sandstorm
|upkeep
|
|t:|1758327855
|switch|p2a: Glimmora|Glimmora, M|100/100
|turn|4
|
|t:|1758327863
|move|p2a: Glimmora|Meteor Beam||[still]
|-prepare|p2a: Glimmora|Meteor Beam
|-boost|p2a: Glimmora|spa|1
|-enditem|p2a: Glimmora|Power Herb
|-anim|p2a: Glimmora|Meteor Beam|p1a: Iron Hands
|-supereffective|p1a: Iron Hands
|-damage|p1a: Iron Hands|0 fnt
|faint|p1a: Iron Hands
|-end|p1a: Iron Hands|Quark Drive|[silent]
|
|-weather|Sandstorm|[upkeep]
|upkeep
|
|t:|1758327872
|switch|p1a: Indeedee|Indeedee, M|100/100
|-fieldstart|move: Psychic Terrain|[from] ability: Psychic Surge|[of] p1a: Indeedee
|turn|5
|
|t:|1758327883
|switch|p1a: Mimikyu|Mimikyu, F|100/100
|-terastallize|p2a: Glimmora|Bug
|move|p2a: Glimmora|Sludge Wave|p1a: Mimikyu
|-activate|p1a: Mimikyu|ability: Disguise
|-damage|p1a: Mimikyu|100/100
|detailschange|p1a: Mimikyu|Mimikyu-Busted, F
|-damage|p1a: Mimikyu|88/100|[from] pokemon: Mimikyu-Busted
|-enditem|p1a: Mimikyu|Red Card|[of] p2a: Glimmora
|drag|p2a: Tyranitar|Tyranitar, M|100/100
|
|-weather|Sandstorm|[upkeep]
|-damage|p1a: Mimikyu|82/100|[from] Sandstorm
|upkeep
|turn|6
|
|t:|1758327894
|switch|p1a: Hatterene|Hatterene, F|100/100
|switch|p2a: Glimmora|Glimmora, M, tera:Bug|100/100
|
|-weather|Sandstorm|[upkeep]
|-damage|p2a: Glimmora|94/100|[from] Sandstorm
|-damage|p1a: Hatterene|95/100|[from] Sandstorm
|upkeep
|turn|7
|
|t:|1758327896
|move|p2a: Glimmora|Sludge Wave|p1a: Hatterene
|-supereffective|p1a: Hatterene
|-damage|p1a: Hatterene|0 fnt
|faint|p1a: Hatterene
|
|-weather|Sandstorm|[upkeep]
|-damage|p2a: Glimmora|88/100|[from] Sandstorm
|upkeep
|
|t:|1758327904
|switch|p1a: Mimikyu|Mimikyu-Busted, F|82/100
|turn|8
|
|t:|1758327906
|move|p2a: Glimmora|Sludge Wave|p1a: Mimikyu
|-damage|p1a: Mimikyu|30/100
|move|p1a: Mimikyu|Trick Room|p1a: Mimikyu
|-fieldstart|move: Trick Room|[of] p1a: Mimikyu
|
|-weather|none
|upkeep
|turn|9
|
|t:|1758327910
|move|p1a: Mimikyu|Destiny Bond|p1a: Mimikyu
|-singlemove|p1a: Mimikyu|Destiny Bond
|move|p2a: Glimmora|Sludge Wave|p1a: Mimikyu
|-damage|p1a: Mimikyu|0 fnt
|faint|p1a: Mimikyu
|-activate|p1a: Mimikyu|move: Destiny Bond
|faint|p2a: Glimmora
|
|upkeep
|
|t:|1758327915
|switch|p1a: Hoopa|Hoopa-Unbound|100/100
|switch|p2a: Corviknight|Corviknight, M|100/100
|-enditem|p1a: Hoopa|Psychic Seed
|-boost|p1a: Hoopa|spd|1|[from] item: Psychic Seed
|turn|10
|
|t:|1758327919
|move|p2a: Corviknight|U-turn|p1a: Hoopa
|-supereffective|p1a: Hoopa
|-damage|p1a: Hoopa|31/100
|
|t:|1758327922
|switch|p2a: Tyranitar|Tyranitar, M|100/100|[from] U-turn
|-weather|Sandstorm|[from] ability: Sand Stream|[of] p2a: Tyranitar
|move|p1a: Hoopa|Expanding Force|p2a: Tyranitar
|-immune|p2a: Tyranitar
|
|-weather|Sandstorm|[upkeep]
|-damage|p1a: Hoopa|25/100|[from] Sandstorm
|upkeep
|turn|11
|
|t:|1758327924
|switch|p2a: Corviknight|Corviknight, M|100/100
|move|p1a: Hoopa|Focus Blast|p2a: Corviknight
|-damage|p2a: Corviknight|54/100
|-item|p1a: Hoopa|Rocky Helmet|[from] ability: Magician|[of] p2a: Corviknight
|
|-weather|Sandstorm|[upkeep]
|-damage|p1a: Hoopa|19/100|[from] Sandstorm
|upkeep
|turn|12
|
|t:|1758327927
|move|p2a: Corviknight|U-turn|p1a: Hoopa
|-supereffective|p1a: Hoopa
|-damage|p1a: Hoopa|0 fnt
|-damage|p2a: Corviknight|37/100|[from] item: Rocky Helmet|[of] p1a: Hoopa
|faint|p1a: Hoopa
|
|t:|1758327938
|switch|p2a: Scizor|Scizor, M|100/100|[from] U-turn
|
|-weather|Sandstorm|[upkeep]
|-fieldend|move: Trick Room
|-fieldend|move: Psychic Terrain
|upkeep
|
|t:|1758327940
|switch|p1a: Indeedee|Indeedee, M|100/100
|-fieldstart|move: Psychic Terrain|[from] ability: Psychic Surge|[of] p1a: Indeedee
|turn|13
|
|t:|1758327946
|move|p2a: Scizor|U-turn|p1a: Indeedee
|-supereffective|p1a: Indeedee
|-damage|p1a: Indeedee|0 fnt
|faint|p1a: Indeedee
|
|t:|1758327955
|switch|p2a: Corviknight|Corviknight, M|37/100|[from] U-turn
|
|-weather|Sandstorm|[upkeep]
|upkeep
|
|t:|1758327959
|switch|p1a: Ursaluna|Ursaluna, F|100/100
|turn|14
|
|t:|1758327965
|move|p2a: Corviknight|Brave Bird|p1a: Ursaluna
|-damage|p1a: Ursaluna|74/100
|-damage|p2a: Corviknight|27/100|[from] Recoil
|move|p1a: Ursaluna|Supercell Slam|p2a: Corviknight
|-supereffective|p2a: Corviknight
|-damage|p2a: Corviknight|0 fnt
|faint|p2a: Corviknight
|
|-weather|Sandstorm|[upkeep]
|-status|p1a: Ursaluna|brn|[from] item: Flame Orb
|upkeep
|
|t:|1758327970
|switch|p2a: Scizor|Scizor, M|100/100
|turn|15
|
|t:|1758327974
|move|p2a: Scizor|Close Combat|p1a: Ursaluna
|-supereffective|p1a: Ursaluna
|-damage|p1a: Ursaluna|0 fnt
|-unboost|p2a: Scizor|def|1
|-unboost|p2a: Scizor|spd|1
|faint|p1a: Ursaluna
|
|win|4DEF+4SPD=GG
|raw|dxBasti's rating: 1503 &rarr; <strong>1482</strong><br />(-21 for losing)
|raw|4DEF+4SPD=GG's rating: 1494 &rarr; <strong>1515</strong><br />(+21 for winning)
|l|☆dxBasti
|player|p1|
|l|☆4DEF+4SPD=GG
|player|p2|
