|j|☆bilfd
|j|☆Elcar Casas
|t:|1758333245
|gametype|singles
|player|p1|bilfd|miku-ghost|1252
|player|p2|Elcar Casas|red-gen7|1234
|gen|9
|tier|[Gen 9] OU
|rated|
|rule|HP Percentage Mod: HP is shown in percentages
|rule|Endless Battle Clause: Forcing endless battles is banned
|rule|Species Clause: Limit one of each Pokémon
|rule|OHKO Clause: OHKO moves are banned
|rule|Evasion Items Clause: Evasion items are banned
|rule|Evasion Moves Clause: Evasion moves are banned
|rule|Evasion Abilities Clause: Evasion abilities are banned
|rule|Sleep Moves Clause: Sleep-inducing moves are banned
|clearpoke
|poke|p1|Samurott-Hisui, M|
|poke|p1|Iron Treads|
|poke|p1|Hatterene, F|
|poke|p1|Kingambit, F|
|poke|p1|Iron Moth|
|poke|p1|Polteageist-Antique|
|poke|p2|Umbreon, M|
|poke|p2|Quaquaval, F|
|poke|p2|Meowscarada, F|
|poke|p2|Cinderace, M|
|poke|p2|Blaziken, M|
|poke|p2|Primarina, F|
|teampreview
|inactive|Battle timer is ON: inactive players will automatically lose when time's up. (requested by bilfd)
|
|t:|1758333256
|teamsize|p1|6
|teamsize|p2|6
|start
|switch|p1a: Samurott|Samurott-Hisui, M|100/100
|switch|p2a: Fuma Thurman|Meowscarada, F, shiny|100/100
|turn|1
|
|t:|1758333278
|move|p1a: Samurott|X-Scissor|p2a: Fuma Thurman
|-supereffective|p2a: Fuma Thurman
|-damage|p2a: Fuma Thurman|0 fnt
|faint|p2a: Fuma Thurman
|
|upkeep
|
|t:|1758333291
|switch|p2a: Elsa Pataso|Quaquaval, F, shiny|100/100
|turn|2
|
|t:|1758333308
|switch|p1a: Hatterene|Hatterene, F|100/100
|move|p2a: Elsa Pataso|Close Combat|p1a: Hatterene
|-resisted|p1a: Hatterene
|-damage|p1a: Hatterene|87/100
|-unboost|p2a: Elsa Pataso|def|1
|-unboost|p2a: Elsa Pataso|spd|1
|-enditem|p1a: Hatterene|Eject Button
|inactive|bilfd has 120 seconds left.
|
|t:|1758333328
|switch|p1a: Iron Moth|Iron Moth|100/100
|-enditem|p1a: Iron Moth|Booster Energy
|-activate|p1a: Iron Moth|ability: Quark Drive|[fromitem]
|-start|p1a: Iron Moth|quarkdrivespe
|
|upkeep
|turn|3
|inactive|bilfd has 120 seconds left.
|
|t:|1758333340
|move|p1a: Iron Moth|Energy Ball|p2a: Elsa Pataso
|-supereffective|p2a: Elsa Pataso
|-damage|p2a: Elsa Pataso|22/100
|move|p2a: Elsa Pataso|Aqua Step|p1a: Iron Moth
|-supereffective|p1a: Iron Moth
|-damage|p1a: Iron Moth|0 fnt
|-boost|p2a: Elsa Pataso|spe|1
|faint|p1a: Iron Moth
|-end|p1a: Iron Moth|Quark Drive|[silent]
|-ability|p2a: Elsa Pataso|Moxie|boost
|-boost|p2a: Elsa Pataso|atk|1
|
|upkeep
|inactive|bilfd has 120 seconds left.
|
|t:|1758333369
|switch|p1a: Iron Treads|Iron Treads|100/100
|-enditem|p1a: Iron Treads|Booster Energy
|-activate|p1a: Iron Treads|ability: Quark Drive|[fromitem]
|-start|p1a: Iron Treads|quarkdrivespe
|turn|4
|
|t:|1758333379
|-terastallize|p2a: Elsa Pataso|Water
|move|p1a: Iron Treads|Rapid Spin|p2a: Elsa Pataso
|-damage|p2a: Elsa Pataso|0 fnt
|-boost|p1a: Iron Treads|spe|1
|faint|p2a: Elsa Pataso
|
|upkeep
|
|t:|1758333396
|switch|p2a: Beyoncé Floatless|Primarina, F, shiny|100/100
|turn|5
|inactive|bilfd has 120 seconds left.
|
|t:|1758333410
|move|p1a: Iron Treads|Iron Head|p2a: Beyoncé Floatless
|-damage|p2a: Beyoncé Floatless|52/100
|move|p2a: Beyoncé Floatless|Hyper Voice|p1a: Iron Treads
|-supereffective|p1a: Iron Treads
|-damage|p1a: Iron Treads|0 fnt
|faint|p1a: Iron Treads
|-end|p1a: Iron Treads|Quark Drive|[silent]
|
|upkeep
|
|t:|1758333420
|switch|p1a: Hatterene|Hatterene, F|87/100
|turn|6
|
|t:|1758333426
|move|p2a: Beyoncé Floatless|Hyper Voice|p1a: Hatterene
|-damage|p1a: Hatterene|39/100
|move|p1a: Hatterene|Nuzzle|p2a: Beyoncé Floatless
|-supereffective|p2a: Beyoncé Floatless
|-damage|p2a: Beyoncé Floatless|41/100
|-status|p2a: Beyoncé Floatless|par
|
|upkeep
|turn|7
|
|t:|1758333439
|move|p1a: Hatterene|Psyshock|p2a: Beyoncé Floatless
|-damage|p2a: Beyoncé Floatless|0 fnt
|faint|p2a: Beyoncé Floatless
|
|upkeep
|
|t:|1758333456
|switch|p2a: Cindedine Cidane|Cinderace, M, shiny|100/100
|turn|8
|
|t:|1758333461
|move|p2a: Cindedine Cidane|Pyro Ball|p1a: Hatterene
|-damage|p1a: Hatterene|0 fnt
|faint|p1a: Hatterene
|
|upkeep
|
|t:|1758333464
|switch|p1a: Samurott|Samurott-Hisui, M|100/100
|turn|9
|
|t:|1758333469
|move|p1a: Samurott|Razor Shell|p2a: Cindedine Cidane
|-supereffective|p2a: Cindedine Cidane
|-damage|p2a: Cindedine Cidane|0 fnt
|faint|p2a: Cindedine Cidane
|
|upkeep
|
|t:|1758333475
|switch|p2a: Z|Umbreon, M|100/100
|turn|10
|
|t:|1758333483
|switch|p1a: Kingambit|Kingambit, F|100/100
|move|p2a: Z|Toxic|p1a: Kingambit
|-immune|p1a: Kingambit
|
|upkeep
|turn|11
|
|t:|1758333489
|move|p2a: Z|Wish|p2a: Z
|move|p1a: Kingambit|Swords Dance|p1a: Kingambit
|-boost|p1a: Kingambit|atk|2
|
|upkeep
|turn|12
|
|t:|1758333492
|move|p2a: Z|Foul Play|p1a: Kingambit
|-resisted|p1a: Kingambit
|-damage|p1a: Kingambit|58/100
|move|p1a: Kingambit|Swords Dance|p1a: Kingambit
|-boost|p1a: Kingambit|atk|2
|
|upkeep
|turn|13
|
|t:|1758333498
|switch|p1a: Samurott|Samurott-Hisui, M|100/100
|move|p2a: Z|Foul Play|p1a: Samurott
|-resisted|p1a: Samurott
|-damage|p1a: Samurott|73/100
|
|upkeep
|turn|14
|
|t:|1758333504
|move|p1a: Samurott|X-Scissor|p2a: Z
|-supereffective|p2a: Z
|-damage|p2a: Z|53/100
|move|p2a: Z|Toxic|p1a: Samurott
|-status|p1a: Samurott|tox
|
|-heal|p2a: Z|59/100|[from] item: Leftovers
|-damage|p1a: Samurott|67/100 tox|[from] psn
|upkeep
|turn|15
|
|t:|1758333509
|-terastallize|p1a: Samurott|Bug
|move|p2a: Z|Protect|p2a: Z
|-singleturn|p2a: Z|Protect
|move|p1a: Samurott|X-Scissor|p2a: Z
|-activate|p2a: Z|move: Protect
|
|-heal|p2a: Z|66/100|[from] item: Leftovers
|-damage|p1a: Samurott|54/100 tox|[from] psn
|upkeep
|turn|16
|
|t:|1758333519
|switch|p2a: Kiko Matamuros|Blaziken, M, shiny|100/100
|move|p1a: Samurott|X-Scissor|p2a: Kiko Matamuros
|-resisted|p2a: Kiko Matamuros
|-damage|p2a: Kiko Matamuros|79/100
|
|-damage|p1a: Samurott|35/100 tox|[from] psn
|upkeep
|turn|17
|
|t:|1758333523
|switch|p1a: Polteageist|Polteageist-Antique|100/100
|move|p2a: Kiko Matamuros|Protect||[still]
|-fail|p2a: Kiko Matamuros
|
|-ability|p2a: Kiko Matamuros|Speed Boost|boost
|-boost|p2a: Kiko Matamuros|spe|1
|upkeep
|turn|18
|
|t:|1758333528
|move|p2a: Kiko Matamuros|Flare Blitz|p1a: Polteageist
|-enditem|p1a: Polteageist|Focus Sash
|-damage|p1a: Polteageist|1/100
|-ability|p1a: Polteageist|Weak Armor|boost
|-unboost|p1a: Polteageist|def|1
|-boost|p1a: Polteageist|spe|2
|-damage|p2a: Kiko Matamuros|51/100|[from] Recoil
|-damage|p2a: Kiko Matamuros|41/100|[from] item: Life Orb
|move|p1a: Polteageist|Shell Smash|p1a: Polteageist
|-unboost|p1a: Polteageist|def|1
|-unboost|p1a: Polteageist|spd|1
|-boost|p1a: Polteageist|atk|2
|-boost|p1a: Polteageist|spa|2
|-boost|p1a: Polteageist|spe|2
|
|-ability|p2a: Kiko Matamuros|Speed Boost|boost
|-boost|p2a: Kiko Matamuros|spe|1
|upkeep
|turn|19
|
|t:|1758333536
|move|p2a: Kiko Matamuros|Protect|p2a: Kiko Matamuros
|-singleturn|p2a: Kiko Matamuros|Protect
|move|p1a: Polteageist|Shadow Ball|p2a: Kiko Matamuros
|-activate|p2a: Kiko Matamuros|move: Protect
|
|-ability|p2a: Kiko Matamuros|Speed Boost|boost
|-boost|p2a: Kiko Matamuros|spe|1
|upkeep
|turn|20
|
|t:|1758333539
|move|p1a: Polteageist|Shadow Ball|p2a: Kiko Matamuros
|-damage|p2a: Kiko Matamuros|0 fnt
|faint|p2a: Kiko Matamuros
|
|upkeep
|
|t:|1758333542
|switch|p2a: Z|Umbreon, M|66/100
|turn|21
|
|t:|1758333547
|move|p1a: Polteageist|Tera Blast|p2a: Z
|-damage|p2a: Z|26/100
|move|p2a: Z|Foul Play|p1a: Polteageist
|-supereffective|p1a: Polteageist
|-damage|p1a: Polteageist|0 fnt
|faint|p1a: Polteageist
|
|-heal|p2a: Z|33/100|[from] item: Leftovers
|upkeep
|
|t:|1758333552
|switch|p1a: Samurott|Samurott-Hisui, M, tera:Bug|35/100 tox
|turn|22
|
|t:|1758333555
|move|p2a: Z|Protect|p2a: Z
|-singleturn|p2a: Z|Protect
|move|p1a: Samurott|X-Scissor|p2a: Z
|-activate|p2a: Z|move: Protect
|
|-heal|p2a: Z|39/100|[from] item: Leftovers
|-damage|p1a: Samurott|29/100 tox|[from] psn
|upkeep
|turn|23
|
|t:|1758333563
|move|p2a: Z|Protect||[still]
|-fail|p2a: Z
|move|p1a: Samurott|X-Scissor|p2a: Z
|-supereffective|p2a: Z
|-damage|p2a: Z|0 fnt
|faint|p2a: Z
|
|win|bilfd
|raw|bilfd's rating: 1252 &rarr; <strong>1276</strong><br />(+24 for winning)
|raw|Elcar Casas's rating: 1234 &rarr; <strong>1210</strong><br />(-24 for losing)
