|j|☆Brock2424
|j|☆somdood
|t:|1758355588
|gametype|singles
|player|p1|Brock2424|102|1136
|player|p2|somdood|swimmerf-gen4|1212
|gen|9
|tier|[Gen 9] OU
|rated|
|rule|HP Percentage Mod: HP is shown in percentages
|rule|Endless Battle Clause: Forcing endless battles is banned
|rule|Species Clause: Limit one of each Pokémon
|rule|OHKO Clause: OHKO moves are banned
|rule|Evasion Items Clause: Evasion items are banned
|rule|Evasion Moves Clause: Evasion moves are banned
|rule|Evasion Abilities Clause: Evasion abilities are banned
|rule|Sleep Moves Clause: Sleep-inducing moves are banned
|clearpoke
|poke|p1|Hariyama, F|
|poke|p1|Kleavor, M|
|poke|p1|Lokix, F|
|poke|p1|Azumarill, M|
|poke|p1|Porygon2|
|poke|p1|Heatran, F|
|poke|p2|Greninja-*, M|
|poke|p2|Pelipper, F|
|poke|p2|Ogerpon-Wellspring, F|
|poke|p2|Iron Treads|
|poke|p2|Darkrai|
|poke|p2|Meowscarada, F|
|teampreview
|inactive|Battle timer is ON: inactive players will automatically lose when time's up. (requested by somdood)
|inactive|Brock2424 also wants the timer to be on.
|
|t:|1758355596
|teamsize|p1|6
|teamsize|p2|6
|start
|switch|p1a: Porygon2|Porygon2|100/100
|switch|p2a: Meowscarada|Meowscarada, F, shiny|100/100
|-ability|p1a: Porygon2|Download|boost
|-boost|p1a: Porygon2|atk|1
|turn|1
|
|t:|1758355608
|move|p2a: Meowscarada|U-turn|p1a: Porygon2
|-start|p2a: Meowscarada|typechange|Bug|[from] ability: Protean
|-damage|p1a: Porygon2|64/100
|
|t:|1758355612
|switch|p2a: Pelipper|Pelipper, F, shiny|100/100|[from] U-turn
|-weather|RainDance|[from] ability: Drizzle|[of] p2a: Pelipper
|move|p1a: Porygon2|Ice Beam|p2a: Pelipper
|-damage|p2a: Pelipper|59/100
|
|-weather|RainDance|[upkeep]
|upkeep
|turn|2
|
|t:|1758355622
|move|p2a: Pelipper|U-turn|p1a: Porygon2
|-damage|p1a: Porygon2|57/100
|
|t:|1758355627
|switch|p2a: Iron Treads|Iron Treads, shiny|100/100|[from] U-turn
|-enditem|p2a: Iron Treads|Booster Energy
|-activate|p2a: Iron Treads|ability: Quark Drive|[fromitem]
|-start|p2a: Iron Treads|quarkdrivespe
|move|p1a: Porygon2|Thunderbolt|p2a: Iron Treads
|-immune|p2a: Iron Treads
|
|-weather|RainDance|[upkeep]
|upkeep
|turn|3
|
|t:|1758355637
|move|p2a: Iron Treads|Earthquake|p1a: Porygon2
|-damage|p1a: Porygon2|25/100
|move|p1a: Porygon2|Trick Room|p1a: Porygon2
|-fieldstart|move: Trick Room|[of] p1a: Porygon2
|
|-weather|RainDance|[upkeep]
|upkeep
|turn|4
|
|t:|1758355645
|move|p1a: Porygon2|Ice Beam|p2a: Iron Treads
|-damage|p2a: Iron Treads|59/100
|move|p2a: Iron Treads|Earthquake|p1a: Porygon2
|-damage|p1a: Porygon2|0 fnt
|faint|p1a: Porygon2
|
|-weather|RainDance|[upkeep]
|upkeep
|
|t:|1758355652
|switch|p1a: Kleavor|Kleavor, M|100/100
|turn|5
|
|t:|1758355662
|move|p1a: Kleavor|Brick Break|p2a: Iron Treads
|-supereffective|p2a: Iron Treads
|-damage|p2a: Iron Treads|5/100
|move|p2a: Iron Treads|Earthquake|p1a: Kleavor
|-damage|p1a: Kleavor|47/100
|
|-weather|RainDance|[upkeep]
|upkeep
|turn|6
|
|t:|1758355669
|-end|p2a: Iron Treads|Quark Drive|[silent]
|switch|p2a: Pelipper|Pelipper, F, shiny|59/100
|move|p1a: Kleavor|Fury Cutter|p2a: Pelipper
|-resisted|p2a: Pelipper
|-damage|p2a: Pelipper|44/100
|
|-weather|RainDance|[upkeep]
|upkeep
|turn|7
|
|t:|1758355675
|move|p2a: Pelipper|Roost|p2a: Pelipper
|-heal|p2a: Pelipper|94/100
|-singleturn|p2a: Pelipper|move: Roost
|move|p1a: Kleavor|Stone Axe|p2a: Pelipper
|-damage|p2a: Pelipper|52/100
|-sidestart|p2: somdood|move: Stealth Rock
|
|-weather|RainDance|[upkeep]
|-fieldend|move: Trick Room
|upkeep
|turn|8
|
|t:|1758355688
|move|p1a: Kleavor|Stone Axe|p2a: Pelipper
|-supereffective|p2a: Pelipper
|-crit|p2a: Pelipper
|-damage|p2a: Pelipper|0 fnt
|faint|p2a: Pelipper
|
|-weather|none
|upkeep
|
|t:|1758355692
|switch|p2a: Iron Treads|Iron Treads, shiny|5/100
|-damage|p2a: Iron Treads|1/100|[from] Stealth Rock
|turn|9
|
|t:|1758355703
|move|p2a: Iron Treads|Rapid Spin|p1a: Kleavor
|-resisted|p1a: Kleavor
|-damage|p1a: Kleavor|39/100
|-boost|p2a: Iron Treads|spe|1
|-sideend|p2: somdood|Stealth Rock|[from] move: Rapid Spin|[of] p2a: Iron Treads
|move|p1a: Kleavor|Brick Break|p2a: Iron Treads
|-supereffective|p2a: Iron Treads
|-damage|p2a: Iron Treads|0 fnt
|faint|p2a: Iron Treads
|-end|p2a: Iron Treads|Quark Drive|[silent]
|
|upkeep
|
|t:|1758355709
|switch|p2a: Greninja|Greninja, M|100/100
|turn|10
|
|t:|1758355723
|-terastallize|p2a: Greninja|Water
|move|p2a: Greninja|Water Shuriken|p1a: Kleavor
|-supereffective|p1a: Kleavor
|-damage|p1a: Kleavor|11/100
|-supereffective|p1a: Kleavor
|-damage|p1a: Kleavor|0 fnt
|faint|p1a: Kleavor
|-ability|p2a: Greninja|Battle Bond|boost
|-boost|p2a: Greninja|atk|1
|-boost|p2a: Greninja|spa|1
|-boost|p2a: Greninja|spe|1
|-activate|p2a: Greninja|ability: Battle Bond
|-hitcount|p1: Kleavor|2
|
|upkeep
|
|t:|1758355735
|switch|p1a: Lokix|Lokix, F|100/100
|turn|11
|
|t:|1758355739
|move|p1a: Lokix|First Impression|p2a: Greninja
|-damage|p2a: Greninja|0 fnt
|faint|p2a: Greninja
|
|upkeep
|
|t:|1758355745
|switch|p2a: Darkrai|Darkrai, shiny|100/100
|turn|12
|
|t:|1758355753
|switch|p1a: Hariyama|Hariyama, F|100/100
|move|p2a: Darkrai|Dark Pulse|p1a: Hariyama
|-resisted|p1a: Hariyama
|-damage|p1a: Hariyama|70/100
|
|-status|p1a: Hariyama|brn|[from] item: Flame Orb
|upkeep
|turn|13
|-message|somdood forfeited.
|
|win|Brock2424
|raw|Brock2424's rating: 1136 &rarr; <strong>1166</strong><br />(+30 for winning)
|raw|somdood's rating: 1212 &rarr; <strong>1182</strong><br />(-30 for losing)
|l|☆somdood
|player|p2|
|l|☆Brock2424
|player|p1|
