|j|☆goatide
|j|☆cp collective
|t:|1758340844
|gametype|singles
|player|p1|goatide|265|1102
|player|p2|cp collective|eusine|1109
|gen|9
|tier|[Gen 9] OU
|rated|
|rule|HP Percentage Mod: HP is shown in percentages
|rule|Endless Battle Clause: Forcing endless battles is banned
|rule|Species Clause: Limit one of each Pokémon
|rule|OHKO Clause: OHKO moves are banned
|rule|Evasion Items Clause: Evasion items are banned
|rule|Evasion Moves Clause: Evasion moves are banned
|rule|Evasion Abilities Clause: Evasion abilities are banned
|rule|Sleep Moves Clause: Sleep-inducing moves are banned
|clearpoke
|poke|p1|Pelipper, M|
|poke|p1|Greninja-*, M|
|poke|p1|Iron Treads|
|poke|p1|Azumarill, F|
|poke|p1|Basculegion, M|
|poke|p1|Zapdos|
|poke|p2|Araquanid, F|
|poke|p2|Dragonite, M|
|poke|p2|Samurott-Hisui, M|
|poke|p2|Hoopa-Unbound|
|poke|p2|Scizor, M|
|poke|p2|Hatterene, F|
|teampreview
|
|t:|1758340878
|teamsize|p1|6
|teamsize|p2|6
|start
|switch|p1a: Pelipper|Pelipper, M|100/100
|switch|p2a: Araquanid|Araquanid, F|100/100
|-weather|RainDance|[from] ability: Drizzle|[of] p1a: Pelipper
|turn|1
|
|t:|1758340891
|move|p1a: Pelipper|Hurricane|p2a: Araquanid
|-supereffective|p2a: Araquanid
|-damage|p2a: Araquanid|40/100
|-start|p2a: Araquanid|confusion
|-activate|p2a: Araquanid|confusion
|-damage|p2a: Araquanid|35/100|[from] confusion
|
|-weather|RainDance|[upkeep]
|upkeep
|turn|2
|
|t:|1758340901
|move|p1a: Pelipper|Hurricane|p2a: Araquanid
|-supereffective|p2a: Araquanid
|-damage|p2a: Araquanid|0 fnt
|faint|p2a: Araquanid
|
|-weather|RainDance|[upkeep]
|upkeep
|
|t:|1758340905
|switch|p2a: Samurott|Samurott-Hisui, M|100/100
|turn|3
|
|t:|1758340913
|switch|p1a: Zapdos|Zapdos|100/100
|move|p2a: Samurott|Ceaseless Edge|p1a: Zapdos
|-damage|p1a: Zapdos|46/100
|-damage|p2a: Samurott|84/100|[from] item: Rocky Helmet|[of] p1a: Zapdos
|-sidestart|p1: goatide|Spikes
|
|-weather|RainDance|[upkeep]
|upkeep
|turn|4
|
|t:|1758340922
|move|p2a: Samurott|Ceaseless Edge|p1a: Zapdos
|-damage|p1a: Zapdos|0 fnt
|-damage|p2a: Samurott|67/100|[from] item: Rocky Helmet|[of] p1a: Zapdos
|-sidestart|p1: goatide|Spikes
|faint|p1a: Zapdos
|
|-weather|RainDance|[upkeep]
|upkeep
|
|t:|1758340938
|switch|p1a: Basculegion|Basculegion, M|100/100
|-damage|p1a: Basculegion|84/100|[from] Spikes
|turn|5
|
|t:|1758340956
|move|p1a: Basculegion|Ice Fang|p2a: Samurott
|-resisted|p2a: Samurott
|-damage|p2a: Samurott|47/100
|move|p2a: Samurott|Ceaseless Edge|p1a: Basculegion
|-supereffective|p1a: Basculegion
|-damage|p1a: Basculegion|0 fnt
|-sidestart|p1: goatide|Spikes
|faint|p1a: Basculegion
|
|-weather|RainDance|[upkeep]
|upkeep
|
|t:|1758340968
|switch|p1a: Iron Treads|Iron Treads|100/100
|-damage|p1a: Iron Treads|76/100|[from] Spikes
|-enditem|p1a: Iron Treads|Booster Energy
|-activate|p1a: Iron Treads|ability: Quark Drive|[fromitem]
|-start|p1a: Iron Treads|quarkdrivespe
|turn|6
|
|t:|1758340997
|switch|p2a: Scizor|Scizor, M|100/100
|move|p1a: Iron Treads|Earthquake|p2a: Scizor
|-damage|p2a: Scizor|51/100
|
|-weather|RainDance|[upkeep]
|upkeep
|turn|7
|
|t:|1758341017
|-end|p1a: Iron Treads|Quark Drive|[silent]
|switch|p1a: Pelipper|Pelipper, M|100/100
|move|p2a: Scizor|Close Combat|p1a: Pelipper
|-resisted|p1a: Pelipper
|-damage|p1a: Pelipper|62/100
|-unboost|p2a: Scizor|def|1
|-unboost|p2a: Scizor|spd|1
|
|-weather|RainDance|[upkeep]
|upkeep
|turn|8
|
|t:|1758341038
|switch|p2a: Samurott|Samurott-Hisui, M|47/100
|move|p1a: Pelipper|Hurricane|p2a: Samurott
|-damage|p2a: Samurott|0 fnt
|faint|p2a: Samurott
|
|-weather|none
|upkeep
|
|t:|1758341056
|switch|p2a: Hoopa|Hoopa-Unbound|100/100
|turn|9
|
|t:|1758341066
|switch|p1a: Iron Treads|Iron Treads|76/100
|-damage|p1a: Iron Treads|51/100|[from] Spikes
|move|p2a: Hoopa|Psychic Noise|p1a: Iron Treads
|-resisted|p1a: Iron Treads
|-damage|p1a: Iron Treads|15/100
|-start|p1a: Iron Treads|move: Heal Block
|
|upkeep
|turn|10
|
|t:|1758341075
|move|p2a: Hoopa|Psychic Noise|p1a: Iron Treads
|-resisted|p1a: Iron Treads
|-damage|p1a: Iron Treads|0 fnt
|faint|p1a: Iron Treads
|-end|p1a: Iron Treads|Quark Drive|[silent]
|
|upkeep
|
|t:|1758341082
|switch|p1a: Pelipper|Pelipper, M|62/100
|-weather|RainDance|[from] ability: Drizzle|[of] p1a: Pelipper
|turn|11
|
|t:|1758341087
|move|p2a: Hoopa|Psychic Noise|p1a: Pelipper
|-damage|p1a: Pelipper|18/100
|-start|p1a: Pelipper|move: Heal Block
|cant|p1a: Pelipper|move: Heal Block|Roost
|
|-weather|RainDance|[upkeep]
|upkeep
|turn|12
|
|t:|1758341095
|switch|p1a: Azumarill|Azumarill, F|100/100
|-damage|p1a: Azumarill|76/100|[from] Spikes
|move|p2a: Hoopa|Psychic Noise|p1a: Azumarill
|-damage|p1a: Azumarill|23/100
|-start|p1a: Azumarill|move: Heal Block
|
|-weather|RainDance|[upkeep]
|upkeep
|turn|13
|
|t:|1758341106
|move|p2a: Hoopa|Psychic Noise|p1a: Azumarill
|-damage|p1a: Azumarill|0 fnt
|faint|p1a: Azumarill
|
|-weather|RainDance|[upkeep]
|upkeep
|
|t:|1758341112
|switch|p1a: Greninja|Greninja, M|100/100
|-damage|p1a: Greninja|76/100|[from] Spikes
|turn|14
|
|t:|1758341119
|switch|p2a: Hatterene|Hatterene, F|100/100
|move|p1a: Greninja|Surf|p2a: Hatterene
|-damage|p2a: Hatterene|12/100
|-damage|p1a: Greninja|66/100|[from] item: Life Orb
|
|-weather|RainDance|[upkeep]
|upkeep
|turn|15
|
|t:|1758341127
|move|p1a: Greninja|Water Shuriken|p2a: Hatterene
|-damage|p2a: Hatterene|0 fnt
|faint|p2a: Hatterene
|-ability|p1a: Greninja|Battle Bond|boost
|-boost|p1a: Greninja|atk|1
|-boost|p1a: Greninja|spa|1
|-boost|p1a: Greninja|spe|1
|-activate|p1a: Greninja|ability: Battle Bond
|-hitcount|p2: Hatterene|1
|-damage|p1a: Greninja|56/100|[from] item: Life Orb
|
|-weather|RainDance|[upkeep]
|upkeep
|
|t:|1758341134
|switch|p2a: Dragonite|Dragonite, M|100/100
|turn|16
|
|t:|1758341139
|move|p2a: Dragonite|Extreme Speed|p1a: Greninja
|-damage|p1a: Greninja|0 fnt
|faint|p1a: Greninja
|
|-weather|RainDance|[upkeep]
|upkeep
|
|t:|1758341145
|switch|p1a: Pelipper|Pelipper, M|18/100
|turn|17
|
|t:|1758341149
|-terastallize|p2a: Dragonite|Normal
|move|p2a: Dragonite|Extreme Speed|p1a: Pelipper
|-damage|p1a: Pelipper|0 fnt
|faint|p1a: Pelipper
|
|win|cp collective
|raw|goatide's rating: 1102 &rarr; <strong>1078</strong><br />(-24 for losing)
|raw|cp collective's rating: 1109 &rarr; <strong>1133</strong><br />(+24 for winning)
|l|☆cp collective
|player|p2|
|l|☆goatide
|player|p1|
