|j|☆bailuTV
|j|☆ILOVEPECHARUNTRAH
|t:|1758379371
|gametype|singles
|player|p1|bailuTV|2|1559
|player|p2|ILOVEPECHARUNTRAH|miku-ghost|1671
|gen|9
|tier|[Gen 9] OU
|rated|
|rule|HP Percentage Mod: HP is shown in percentages
|rule|Endless Battle Clause: Forcing endless battles is banned
|rule|Species Clause: Limit one of each Pokémon
|rule|OHKO Clause: OHKO moves are banned
|rule|Evasion Items Clause: Evasion items are banned
|rule|Evasion Moves Clause: Evasion moves are banned
|rule|Evasion Abilities Clause: Evasion abilities are banned
|rule|Sleep Moves Clause: Sleep-inducing moves are banned
|clearpoke
|poke|p1|Zamazenta-*|
|poke|p1|Walking Wake|
|poke|p1|Raging Bolt|
|poke|p1|Ninetales, M|
|poke|p1|Jirachi|
|poke|p1|Torkoal, M|
|poke|p2|Deoxys-Speed|
|poke|p2|Dragonite, M|
|poke|p2|Iron Valiant|
|poke|p2|Kingambit, M|
|poke|p2|Glimmora, F|
|poke|p2|Great Tusk|
|teampreview
|
|t:|1758379388
|teamsize|p1|6
|teamsize|p2|6
|start
|switch|p1a: Torkoal|Torkoal, M|100/100
|switch|p2a: Glimmora|Glimmora, F|100/100
|-weather|SunnyDay|[from] ability: Drought|[of] p1a: Torkoal
|turn|1
|
|t:|1758379395
|move|p2a: Glimmora|Stealth Rock|p1a: Torkoal
|-sidestart|p1: bailuTV|move: Stealth Rock
|move|p1a: Torkoal|Earth Power|p2a: Glimmora
|-supereffective|p2a: Glimmora
|-damage|p2a: Glimmora|0 fnt
|faint|p2a: Glimmora
|
|-weather|SunnyDay|[upkeep]
|upkeep
|
|t:|1758379409
|switch|p2a: Dragonite|Dragonite, M|100/100
|turn|2
|
|t:|1758379414
|move|p2a: Dragonite|Substitute|p2a: Dragonite
|-start|p2a: Dragonite|Substitute
|-damage|p2a: Dragonite|76/100
|move|p1a: Torkoal|Will-O-Wisp||[still]
|-fail|p1a: Torkoal
|
|-weather|SunnyDay|[upkeep]
|-heal|p2a: Dragonite|82/100|[from] item: Leftovers
|upkeep
|turn|3
|
|t:|1758379420
|move|p2a: Dragonite|Dragon Dance|p2a: Dragonite
|-boost|p2a: Dragonite|atk|1
|-boost|p2a: Dragonite|spe|1
|move|p1a: Torkoal|Stealth Rock|p2a: Dragonite
|-sidestart|p2: ILOVEPECHARUNTRAH|move: Stealth Rock
|
|-weather|SunnyDay|[upkeep]
|-heal|p2a: Dragonite|88/100|[from] item: Leftovers
|upkeep
|turn|4
|
|t:|1758379425
|move|p2a: Dragonite|Dragon Dance|p2a: Dragonite
|-boost|p2a: Dragonite|atk|1
|-boost|p2a: Dragonite|spe|1
|move|p1a: Torkoal|Overheat|p2a: Dragonite
|-resisted|p2a: Dragonite
|-end|p2a: Dragonite|Substitute
|-unboost|p1a: Torkoal|spa|2
|-enditem|p1a: Torkoal|Eject Pack
|
|t:|1758379441
|switch|p1a: Raging Bolt|Raging Bolt|100/100
|-damage|p1a: Raging Bolt|88/100|[from] Stealth Rock
|-activate|p1a: Raging Bolt|ability: Protosynthesis
|-start|p1a: Raging Bolt|protosynthesisspa
|
|-weather|SunnyDay|[upkeep]
|-heal|p2a: Dragonite|94/100|[from] item: Leftovers
|upkeep
|turn|5
|
|t:|1758379451
|move|p2a: Dragonite|Substitute|p2a: Dragonite
|-start|p2a: Dragonite|Substitute
|-damage|p2a: Dragonite|70/100
|move|p1a: Raging Bolt|Draco Meteor|p2a: Dragonite
|-supereffective|p2a: Dragonite
|-end|p2a: Dragonite|Substitute
|-unboost|p1a: Raging Bolt|spa|2
|
|-weather|none
|-end|p1a: Raging Bolt|Protosynthesis
|-heal|p2a: Dragonite|76/100|[from] item: Leftovers
|upkeep
|turn|6
|
|t:|1758379459
|-terastallize|p1a: Raging Bolt|Fairy
|move|p2a: Dragonite|Earthquake|p1a: Raging Bolt
|-damage|p1a: Raging Bolt|21/100
|move|p1a: Raging Bolt|Draco Meteor|p2a: Dragonite
|-supereffective|p2a: Dragonite
|-crit|p2a: Dragonite
|-damage|p2a: Dragonite|0 fnt
|-unboost|p1a: Raging Bolt|spa|2
|faint|p2a: Dragonite
|
|upkeep
|
|t:|1758379473
|switch|p2a: Deoxys|Deoxys-Speed|100/100
|-damage|p2a: Deoxys|88/100|[from] Stealth Rock
|-ability|p2a: Deoxys|Pressure
|turn|7
|
|t:|1758379480
|-end|p1a: Raging Bolt|Protosynthesis|[silent]
|switch|p1a: Torkoal|Torkoal, M|100/100
|-damage|p1a: Torkoal|76/100|[from] Stealth Rock
|-weather|SunnyDay|[from] ability: Drought|[of] p1a: Torkoal
|move|p2a: Deoxys|Reflect|p2a: Deoxys
|-sidestart|p2: ILOVEPECHARUNTRAH|Reflect
|
|-weather|SunnyDay|[upkeep]
|upkeep
|turn|8
|
|t:|1758379491
|move|p2a: Deoxys|Light Screen|p2a: Deoxys
|-sidestart|p2: ILOVEPECHARUNTRAH|move: Light Screen
|move|p1a: Torkoal|Overheat|p2a: Deoxys
|-damage|p2a: Deoxys|34/100
|-unboost|p1a: Torkoal|spa|2
|
|-weather|SunnyDay|[upkeep]
|upkeep
|turn|9
|
|t:|1758379498
|move|p2a: Deoxys|Psycho Boost|p1a: Torkoal
|-damage|p1a: Torkoal|16/100
|-unboost|p2a: Deoxys|spa|2
|move|p1a: Torkoal|Overheat|p2a: Deoxys
|-damage|p2a: Deoxys|3/100
|-unboost|p1a: Torkoal|spa|2
|
|-weather|SunnyDay|[upkeep]
|upkeep
|turn|10
|
|t:|1758379518
|move|p2a: Deoxys|Taunt|p1a: Torkoal
|-start|p1a: Torkoal|move: Taunt
|move|p1a: Torkoal|Overheat|p2a: Deoxys
|-crit|p2a: Deoxys
|-damage|p2a: Deoxys|0 fnt
|-unboost|p1a: Torkoal|spa|2
|faint|p2a: Deoxys
|
|-weather|SunnyDay|[upkeep]
|upkeep
|
|t:|1758379530
|switch|p2a: Great Tusk|Great Tusk|100/100
|-damage|p2a: Great Tusk|98/100|[from] Stealth Rock
|-activate|p2a: Great Tusk|ability: Protosynthesis
|-start|p2a: Great Tusk|protosynthesisspe
|turn|11
|
|t:|1758379542
|move|p2a: Great Tusk|Bulk Up|p2a: Great Tusk
|-boost|p2a: Great Tusk|atk|1
|-boost|p2a: Great Tusk|def|1
|move|p1a: Torkoal|Overheat|p2a: Great Tusk|[miss]
|-miss|p1a: Torkoal|p2a: Great Tusk
|
|-weather|none
|-end|p2a: Great Tusk|Protosynthesis
|upkeep
|-enditem|p2a: Great Tusk|Booster Energy
|-activate|p2a: Great Tusk|ability: Protosynthesis|[fromitem]
|-start|p2a: Great Tusk|protosynthesisatk
|turn|12
|
|t:|1758379549
|switch|p1a: Jirachi|Jirachi|100/100
|-damage|p1a: Jirachi|94/100|[from] Stealth Rock
|-item|p1a: Jirachi|Air Balloon
|move|p2a: Great Tusk|Head Smash|p1a: Jirachi|[miss]
|-miss|p2a: Great Tusk|p1a: Jirachi
|
|upkeep
|turn|13
|
|t:|1758379561
|move|p1a: Jirachi|Encore|p2a: Great Tusk
|-start|p2a: Great Tusk|Encore
|move|p2a: Great Tusk|Head Smash|p1a: Jirachi
|-resisted|p1a: Jirachi
|-damage|p1a: Jirachi|51/100
|-enditem|p1a: Jirachi|Air Balloon
|-damage|p2a: Great Tusk|80/100|[from] Recoil
|
|upkeep
|turn|14
|
|t:|1758379570
|move|p1a: Jirachi|Iron Head|p2a: Great Tusk
|-damage|p2a: Great Tusk|75/100
|cant|p2a: Great Tusk|flinch
|
|-sideend|p2: ILOVEPECHARUNTRAH|Reflect
|upkeep
|turn|15
|
|t:|1758379577
|move|p1a: Jirachi|Iron Head|p2a: Great Tusk
|-damage|p2a: Great Tusk|63/100
|cant|p2a: Great Tusk|flinch
|
|-end|p2a: Great Tusk|Encore
|-sideend|p2: ILOVEPECHARUNTRAH|move: Light Screen
|upkeep
|turn|16
|
|t:|1758379594
|-end|p2a: Great Tusk|Protosynthesis|[silent]
|switch|p2a: Iron Valiant|Iron Valiant|100/100
|-damage|p2a: Iron Valiant|94/100|[from] Stealth Rock
|-enditem|p2a: Iron Valiant|Booster Energy
|-activate|p2a: Iron Valiant|ability: Quark Drive|[fromitem]
|-start|p2a: Iron Valiant|quarkdrivespe
|move|p1a: Jirachi|Encore||[still]
|-fail|p1a: Jirachi
|
|upkeep
|turn|17
|
|t:|1758379599
|switch|p1a: Torkoal|Torkoal, M|16/100
|-damage|p1a: Torkoal|0 fnt|[from] Stealth Rock
|faint|p1a: Torkoal
|move|p2a: Iron Valiant|Knock Off|p1: Torkoal|[notarget]
|-fail|p2a: Iron Valiant
|
|upkeep
|
|t:|1758379616
|switch|p1a: Raging Bolt|Raging Bolt, tera:Fairy|21/100
|-damage|p1a: Raging Bolt|9/100|[from] Stealth Rock
|turn|18
|
|t:|1758379630
|move|p1a: Raging Bolt|Thunderclap|p2a: Iron Valiant
|-damage|p2a: Iron Valiant|16/100
|move|p2a: Iron Valiant|Moonblast|p1a: Raging Bolt
|-damage|p1a: Raging Bolt|0 fnt
|faint|p1a: Raging Bolt
|-end|p1a: Raging Bolt|Protosynthesis|[silent]
|
|upkeep
|inactive|Battle timer is ON: inactive players will automatically lose when time's up. (requested by bailuTV)
|inactive|bailuTV has 120 seconds left.
|
|t:|1758379662
|switch|p1a: Zamazenta|Zamazenta|100/100
|-damage|p1a: Zamazenta|94/100|[from] Stealth Rock
|-ability|p1a: Zamazenta|Dauntless Shield|boost
|-boost|p1a: Zamazenta|def|1
|turn|19
|
|t:|1758379691
|move|p2a: Iron Valiant|Close Combat|p1a: Zamazenta
|-damage|p1a: Zamazenta|65/100
|-unboost|p2a: Iron Valiant|def|1
|-unboost|p2a: Iron Valiant|spd|1
|move|p1a: Zamazenta|Body Press|p2a: Iron Valiant
|-resisted|p2a: Iron Valiant
|-damage|p2a: Iron Valiant|0 fnt
|faint|p2a: Iron Valiant
|-end|p2a: Iron Valiant|Quark Drive|[silent]
|
|-heal|p1a: Zamazenta|71/100|[from] item: Leftovers
|upkeep
|
|t:|1758379699
|switch|p2a: Great Tusk|Great Tusk|63/100
|-damage|p2a: Great Tusk|60/100|[from] Stealth Rock
|turn|20
|
|t:|1758379707
|move|p1a: Zamazenta|Iron Defense|p1a: Zamazenta
|-boost|p1a: Zamazenta|def|2
|move|p2a: Great Tusk|Headlong Rush|p1a: Zamazenta
|-damage|p1a: Zamazenta|54/100
|-unboost|p2a: Great Tusk|def|1
|-unboost|p2a: Great Tusk|spd|1
|
|-heal|p1a: Zamazenta|60/100|[from] item: Leftovers
|upkeep
|turn|21
|-message|ILOVEPECHARUNTRAH forfeited.
|
|win|bailuTV
|raw|bailuTV's rating: 1559 &rarr; <strong>1585</strong><br />(+26 for winning)
|raw|ILOVEPECHARUNTRAH's rating: 1671 &rarr; <strong>1645</strong><br />(-26 for losing)
|l|☆ILOVEPECHARUNTRAH
|player|p2|
|l|☆bailuTV
|player|p1|
