|j|☆LordFueg
|j|☆scarfwake
|t:|1758331609
|gametype|singles
|player|p1|LordFueg|102|1484
|player|p2|scarfwake|miku-flying|1509
|gen|9
|tier|[Gen 9] OU
|rated|
|rule|HP Percentage Mod: HP is shown in percentages
|rule|Endless Battle Clause: Forcing endless battles is banned
|rule|Species Clause: Limit one of each Pokémon
|rule|OHKO Clause: OHKO moves are banned
|rule|Evasion Items Clause: Evasion items are banned
|rule|Evasion Moves Clause: Evasion moves are banned
|rule|Evasion Abilities Clause: Evasion abilities are banned
|rule|Sleep Moves Clause: Sleep-inducing moves are banned
|clearpoke
|poke|p1|Comfey, F|
|poke|p1|Whimsicott, M|
|poke|p1|Ting-Lu|
|poke|p1|Walking Wake|
|poke|p1|Great Tusk|
|poke|p1|Ninetales, F|
|poke|p2|Heatran, M|
|poke|p2|Rillaboom, F|
|poke|p2|Ogerpon-Wellspring, F|
|poke|p2|Great Tusk|
|poke|p2|Kyurem|
|poke|p2|Darkrai|
|teampreview
|inactive|Battle timer is ON: inactive players will automatically lose when time's up. (requested by LordFueg)
|
|t:|1758331627
|teamsize|p1|6
|teamsize|p2|6
|start
|switch|p1a: Ninetales|Ninetales, F|100/100
|switch|p2a: Rillaboom|Rillaboom, F|100/100
|-weather|SunnyDay|[from] ability: Drought|[of] p1a: Ninetales
|-fieldstart|move: Grassy Terrain|[from] ability: Grassy Surge|[of] p2a: Rillaboom
|turn|1
|
|t:|1758331645
|switch|p2a: Kyurem|Kyurem|100/100
|-ability|p2a: Kyurem|Pressure
|move|p1a: Ninetales|Will-O-Wisp|p2a: Kyurem
|-status|p2a: Kyurem|brn
|
|-weather|SunnyDay|[upkeep]
|-damage|p2a: Kyurem|94/100 brn|[from] brn
|upkeep
|turn|2
|
|t:|1758331661
|move|p1a: Ninetales|Weather Ball|p2a: Kyurem
|-crit|p2a: Kyurem
|-damage|p2a: Kyurem|57/100 brn
|move|p2a: Kyurem|Earth Power|p1a: Ninetales
|-supereffective|p1a: Ninetales
|-damage|p1a: Ninetales|45/100
|-unboost|p1a: Ninetales|spd|1
|
|-weather|SunnyDay|[upkeep]
|-heal|p1a: Ninetales|52/100|[from] Grassy Terrain
|-heal|p2a: Kyurem|63/100 brn|[from] Grassy Terrain
|-damage|p2a: Kyurem|57/100 brn|[from] brn
|upkeep
|turn|3
|
|t:|1758331667
|switch|p1a: Ting-Lu|Ting-Lu|100/100
|-ability|p1a: Ting-Lu|Vessel of Ruin
|move|p2a: Kyurem|Ancient Power|p1a: Ting-Lu
|-resisted|p1a: Ting-Lu
|-damage|p1a: Ting-Lu|96/100
|
|-weather|SunnyDay|[upkeep]
|-heal|p2a: Kyurem|63/100 brn|[from] Grassy Terrain
|-heal|p1a: Ting-Lu|100/100|[from] Grassy Terrain
|-damage|p2a: Kyurem|57/100 brn|[from] brn
|upkeep
|turn|4
|
|t:|1758331678
|switch|p2a: Ogerpon|Ogerpon-Wellspring, F|100/100
|move|p1a: Ting-Lu|Whirlwind|p2a: Ogerpon
|drag|p2a: Kyurem|Kyurem|57/100 brn
|-ability|p2a: Kyurem|Pressure
|
|-weather|SunnyDay|[upkeep]
|-heal|p2a: Kyurem|63/100 brn|[from] Grassy Terrain
|-damage|p2a: Kyurem|57/100 brn|[from] brn
|upkeep
|turn|5
|
|t:|1758331683
|switch|p2a: Great Tusk|Great Tusk|100/100
|-activate|p2a: Great Tusk|ability: Protosynthesis
|-start|p2a: Great Tusk|protosynthesisatk
|move|p1a: Ting-Lu|Stealth Rock|p2a: Great Tusk
|-sidestart|p2: scarfwake|move: Stealth Rock
|
|-weather|SunnyDay|[upkeep]
|upkeep
|turn|6
|
|t:|1758331689
|move|p2a: Great Tusk|Rapid Spin|p1a: Ting-Lu
|-damage|p1a: Ting-Lu|87/100
|-boost|p2a: Great Tusk|spe|1
|-sideend|p2: scarfwake|Stealth Rock|[from] move: Rapid Spin|[of] p2a: Great Tusk
|move|p1a: Ting-Lu|Ruination|p2a: Great Tusk
|-damage|p2a: Great Tusk|51/100
|
|-weather|SunnyDay|[upkeep]
|-heal|p2a: Great Tusk|57/100|[from] Grassy Terrain
|-heal|p1a: Ting-Lu|94/100|[from] Grassy Terrain
|-heal|p1a: Ting-Lu|99/100|[from] item: Leftovers
|upkeep
|turn|7
|
|t:|1758331699
|switch|p1a: Great Tusk|Great Tusk|100/100
|-activate|p1a: Great Tusk|ability: Protosynthesis
|-start|p1a: Great Tusk|protosynthesisatk
|move|p2a: Great Tusk|Stealth Rock|p1a: Great Tusk
|-sidestart|p1: LordFueg|move: Stealth Rock
|
|-weather|SunnyDay|[upkeep]
|-heal|p2a: Great Tusk|63/100|[from] Grassy Terrain
|upkeep
|turn|8
|
|t:|1758331706
|move|p2a: Great Tusk|Headlong Rush|p1a: Great Tusk
|-damage|p1a: Great Tusk|50/100
|-unboost|p2a: Great Tusk|def|1
|-unboost|p2a: Great Tusk|spd|1
|-damage|p2a: Great Tusk|47/100|[from] item: Rocky Helmet|[of] p1a: Great Tusk
|move|p1a: Great Tusk|Rapid Spin|p2a: Great Tusk
|-damage|p2a: Great Tusk|21/100
|-boost|p1a: Great Tusk|spe|1
|-sideend|p1: LordFueg|Stealth Rock|[from] move: Rapid Spin|[of] p1a: Great Tusk
|
|-weather|none
|-end|p2a: Great Tusk|Protosynthesis
|-end|p1a: Great Tusk|Protosynthesis
|-heal|p2a: Great Tusk|27/100|[from] Grassy Terrain
|-heal|p1a: Great Tusk|57/100|[from] Grassy Terrain
|-fieldend|move: Grassy Terrain
|upkeep
|turn|9
|
|t:|1758331725
|move|p2a: Great Tusk|Headlong Rush|p1a: Great Tusk
|-crit|p1a: Great Tusk
|-damage|p1a: Great Tusk|0 fnt
|-unboost|p2a: Great Tusk|def|1
|-unboost|p2a: Great Tusk|spd|1
|-damage|p2a: Great Tusk|10/100|[from] item: Rocky Helmet|[of] p1a: Great Tusk
|faint|p1a: Great Tusk
|-end|p1a: Great Tusk|Protosynthesis|[silent]
|
|upkeep
|
|t:|1758331741
|switch|p1a: Comfey|Comfey, F|100/100
|turn|10
|
|t:|1758331745
|-end|p2a: Great Tusk|Protosynthesis|[silent]
|switch|p2a: Heatran|Heatran, M|100/100
|move|p1a: Comfey|Draining Kiss|p2a: Heatran
|-resisted|p2a: Heatran
|-damage|p2a: Heatran|95/100
|-damage|p1a: Comfey|91/100|[from] item: Life Orb
|
|-heal|p2a: Heatran|100/100|[from] item: Leftovers
|upkeep
|turn|11
|
|t:|1758331754
|switch|p1a: Ting-Lu|Ting-Lu|99/100
|-ability|p1a: Ting-Lu|Vessel of Ruin
|switch|p2a: Rillaboom|Rillaboom, F|100/100
|-fieldstart|move: Grassy Terrain|[from] ability: Grassy Surge|[of] p2a: Rillaboom
|
|-heal|p1a: Ting-Lu|100/100|[from] Grassy Terrain
|upkeep
|turn|12
|
|t:|1758331761
|move|p2a: Rillaboom|U-turn|p1a: Ting-Lu
|-supereffective|p1a: Ting-Lu
|-damage|p1a: Ting-Lu|70/100
|
|t:|1758331764
|switch|p2a: Ogerpon|Ogerpon-Wellspring, F|100/100|[from] U-turn
|move|p1a: Ting-Lu|Stealth Rock|p2a: Ogerpon
|-sidestart|p2: scarfwake|move: Stealth Rock
|
|-heal|p1a: Ting-Lu|76/100|[from] Grassy Terrain
|-heal|p1a: Ting-Lu|83/100|[from] item: Leftovers
|upkeep
|turn|13
|
|t:|1758331772
|move|p2a: Ogerpon|Ivy Cudgel|p1a: Ting-Lu|[anim] Ivy Cudgel Water
|-supereffective|p1a: Ting-Lu
|-damage|p1a: Ting-Lu|14/100
|move|p1a: Ting-Lu|Ruination|p2a: Ogerpon
|-damage|p2a: Ogerpon|51/100
|
|-heal|p2a: Ogerpon|57/100|[from] Grassy Terrain
|-heal|p1a: Ting-Lu|20/100|[from] Grassy Terrain
|-heal|p1a: Ting-Lu|26/100|[from] item: Leftovers
|upkeep
|turn|14
|
|t:|1758331786
|switch|p1a: Ninetales|Ninetales, F|52/100
|-weather|SunnyDay|[from] ability: Drought|[of] p1a: Ninetales
|move|p2a: Ogerpon|Ivy Cudgel|p1a: Ninetales|[anim] Ivy Cudgel Water
|-supereffective|p1a: Ninetales
|-damage|p1a: Ninetales|0 fnt
|faint|p1a: Ninetales
|
|-weather|SunnyDay|[upkeep]
|-heal|p2a: Ogerpon|63/100|[from] Grassy Terrain
|upkeep
|
|t:|1758331815
|switch|p1a: Whimsicott|Whimsicott, M|100/100
|turn|15
|inactive|scarfwake has 120 seconds left.
|
|t:|1758331857
|move|p1a: Whimsicott|Growth|p1a: Whimsicott
|-boost|p1a: Whimsicott|atk|2
|-boost|p1a: Whimsicott|spa|2
|move|p2a: Ogerpon|Ivy Cudgel|p1a: Whimsicott|[anim] Ivy Cudgel Water
|-resisted|p1a: Whimsicott
|-damage|p1a: Whimsicott|80/100
|
|-weather|SunnyDay|[upkeep]
|-heal|p1a: Whimsicott|86/100|[from] Grassy Terrain
|-heal|p2a: Ogerpon|69/100|[from] Grassy Terrain
|upkeep
|turn|16
|
|t:|1758331869
|move|p1a: Whimsicott|Giga Drain|p2a: Ogerpon
|-damage|p2a: Ogerpon|0 fnt
|-heal|p1a: Whimsicott|100/100|[from] drain|[of] p2a: Ogerpon
|faint|p2a: Ogerpon
|-damage|p1a: Whimsicott|91/100|[from] item: Life Orb
|
|-weather|SunnyDay|[upkeep]
|-heal|p1a: Whimsicott|97/100|[from] Grassy Terrain
|upkeep
|
|t:|1758331894
|switch|p2a: Heatran|Heatran, M|100/100
|-damage|p2a: Heatran|88/100|[from] Stealth Rock
|turn|17
|
|t:|1758331908
|-terastallize|p1a: Whimsicott|Ghost
|move|p1a: Whimsicott|Shadow Ball|p2a: Heatran
|-damage|p2a: Heatran|14/100
|-damage|p1a: Whimsicott|87/100|[from] item: Life Orb
|move|p2a: Heatran|Body Press|p1a: Whimsicott
|-immune|p1a: Whimsicott
|
|-weather|SunnyDay|[upkeep]
|-heal|p1a: Whimsicott|93/100|[from] Grassy Terrain
|-heal|p2a: Heatran|20/100|[from] Grassy Terrain
|-heal|p2a: Heatran|26/100|[from] item: Leftovers
|upkeep
|turn|18
|
|t:|1758331917
|move|p1a: Whimsicott|Shadow Ball|p2a: Heatran
|-damage|p2a: Heatran|0 fnt
|faint|p2a: Heatran
|-damage|p1a: Whimsicott|83/100|[from] item: Life Orb
|
|-weather|SunnyDay|[upkeep]
|-heal|p1a: Whimsicott|90/100|[from] Grassy Terrain
|-fieldend|move: Grassy Terrain
|upkeep
|inactive|scarfwake has 90 seconds left.
|
|t:|1758331956
|switch|p2a: Great Tusk|Great Tusk|10/100
|-activate|p2a: Great Tusk|ability: Protosynthesis
|-start|p2a: Great Tusk|protosynthesisatk
|turn|19
|
|t:|1758331962
|move|p1a: Whimsicott|Giga Drain|p2a: Great Tusk
|-supereffective|p2a: Great Tusk
|-damage|p2a: Great Tusk|0 fnt
|-heal|p1a: Whimsicott|96/100|[from] drain|[of] p2a: Great Tusk
|faint|p2a: Great Tusk
|-end|p2a: Great Tusk|Protosynthesis|[silent]
|-damage|p1a: Whimsicott|86/100|[from] item: Life Orb
|
|-weather|SunnyDay|[upkeep]
|upkeep
|inactive|scarfwake has 90 seconds left.
|
|t:|1758331996
|switch|p2a: Rillaboom|Rillaboom, F|100/100
|-damage|p2a: Rillaboom|88/100|[from] Stealth Rock
|-fieldstart|move: Grassy Terrain|[from] ability: Grassy Surge|[of] p2a: Rillaboom
|turn|20
|
|t:|1758332007
|move|p2a: Rillaboom|Grassy Glide|p1a: Whimsicott
|-damage|p1a: Whimsicott|32/100
|move|p1a: Whimsicott|Moonblast|p2a: Rillaboom
|-crit|p2a: Rillaboom
|-damage|p2a: Rillaboom|0 fnt
|faint|p2a: Rillaboom
|-damage|p1a: Whimsicott|22/100|[from] item: Life Orb
|
|-weather|SunnyDay|[upkeep]
|-heal|p1a: Whimsicott|28/100|[from] Grassy Terrain
|upkeep
|
|t:|1758332012
|switch|p2a: Darkrai|Darkrai|100/100
|-damage|p2a: Darkrai|88/100|[from] Stealth Rock
|turn|21
|
|t:|1758332016
|move|p1a: Whimsicott|Giga Drain|p2a: Darkrai
|-damage|p2a: Darkrai|0 fnt
|-heal|p1a: Whimsicott|69/100|[from] drain|[of] p2a: Darkrai
|faint|p2a: Darkrai
|-damage|p1a: Whimsicott|59/100|[from] item: Life Orb
|
|-weather|none
|-heal|p1a: Whimsicott|65/100|[from] Grassy Terrain
|upkeep
|
|t:|1758332019
|switch|p2a: Kyurem|Kyurem|57/100 brn
|-damage|p2a: Kyurem|32/100 brn|[from] Stealth Rock
|-ability|p2a: Kyurem|Pressure
|turn|22
|inactive|scarfwake has 90 seconds left.
|-message|scarfwake forfeited.
|
|win|LordFueg
|raw|LordFueg's rating: 1484 &rarr; <strong>1505</strong><br />(+21 for winning)
|raw|scarfwake's rating: 1509 &rarr; <strong>1488</strong><br />(-21 for losing)
|l|☆scarfwake
|player|p2|
|l|☆LordFueg
|player|p1|
