|j|☆Ace Smith
|j|☆Andrewtre
|t:|1758258181
|gametype|singles
|player|p1|Ace Smith|102|1114
|player|p2|Andrewtre|unknown|1157
|gen|9
|tier|[Gen 9] OU
|rated|
|rule|HP Percentage Mod: HP is shown in percentages
|rule|Endless Battle Clause: Forcing endless battles is banned
|rule|Species Clause: Limit one of each Pokémon
|rule|OHKO Clause: OHKO moves are banned
|rule|Evasion Items Clause: Evasion items are banned
|rule|Evasion Moves Clause: Evasion moves are banned
|rule|Evasion Abilities Clause: Evasion abilities are banned
|rule|Sleep Moves Clause: Sleep-inducing moves are banned
|clearpoke
|poke|p1|Greninja-*, F|
|poke|p1|Conkeldurr, F|
|poke|p1|Dusknoir, F|
|poke|p1|Magnezone|
|poke|p1|Slowking, M|
|poke|p1|Cetitan, F|
|poke|p2|Arcanine, M|
|poke|p2|Excadrill, M|
|poke|p2|Pelipper, M|
|poke|p2|Ludicolo, M|
|poke|p2|Toxicroak, F|
|poke|p2|Hippowdon, M|
|teampreview
|inactive|Battle timer is ON: inactive players will automatically lose when time's up. (requested by Andrewtre)
|inactive|Ace Smith also wants the timer to be on.
|
|t:|1758258188
|teamsize|p1|6
|teamsize|p2|6
|start
|switch|p1a: Magnezone|Magnezone|100/100
|switch|p2a: Hippowdon|Hippowdon, M, shiny|100/100
|-weather|Sandstorm|[from] ability: Sand Stream|[of] p2a: Hippowdon
|turn|1
|
|t:|1758258195
|switch|p1a: Slowking|Slowking, M|100/100
|move|p2a: Hippowdon|Stealth Rock|p1a: Slowking
|-sidestart|p1: Ace Smith|move: Stealth Rock
|
|-weather|Sandstorm|[upkeep]
|-damage|p1a: Slowking|94/100|[from] Sandstorm
|-heal|p1a: Slowking|100/100|[from] item: Leftovers
|upkeep
|turn|2
|
|t:|1758258205
|-prepare|p1a: Slowking|Chilly Reception|[premajor]
|move|p1a: Slowking|Chilly Reception|p1a: Slowking
|-weather|Snowscape
|
|t:|1758258217
|switch|p1a: Cetitan|Cetitan, F|100/100|[from] Chilly Reception
|-damage|p1a: Cetitan|76/100|[from] Stealth Rock
|move|p2a: Hippowdon|Whirlwind|p1a: Cetitan
|drag|p1a: Greninja|Greninja, F|100/100
|-damage|p1a: Greninja|88/100|[from] Stealth Rock
|
|-weather|Snowscape|[upkeep]
|upkeep
|turn|3
|
|t:|1758258228
|switch|p2a: Toxicroak|Toxicroak, F, shiny|100/100
|move|p1a: Greninja|Hydro Pump|p2a: Toxicroak
|-start|p1a: Greninja|typechange|Water|[from] ability: Protean
|-immune|p2a: Toxicroak|[from] ability: Dry Skin
|
|-weather|Snowscape|[upkeep]
|upkeep
|turn|4
|
|t:|1758258240
|switch|p1a: Slowking|Slowking, M|100/100
|-damage|p1a: Slowking|88/100|[from] Stealth Rock
|move|p2a: Toxicroak|Close Combat|p1a: Slowking
|-resisted|p1a: Slowking
|-damage|p1a: Slowking|61/100
|-unboost|p2a: Toxicroak|def|1
|-unboost|p2a: Toxicroak|spd|1
|
|-weather|Snowscape|[upkeep]
|-heal|p1a: Slowking|68/100|[from] item: Leftovers
|upkeep
|turn|5
|
|t:|1758258253
|switch|p2a: Pelipper|Pelipper, M, shiny|100/100
|-weather|RainDance|[from] ability: Drizzle|[of] p2a: Pelipper
|move|p1a: Slowking|Psychic Noise|p2a: Pelipper
|-damage|p2a: Pelipper|65/100
|-start|p2a: Pelipper|move: Heal Block
|
|-weather|RainDance|[upkeep]
|-heal|p1a: Slowking|74/100|[from] item: Leftovers
|upkeep
|turn|6
|
|t:|1758258264
|move|p2a: Pelipper|U-turn|p1a: Slowking
|-supereffective|p1a: Slowking
|-damage|p1a: Slowking|55/100
|
|t:|1758258272
|switch|p2a: Toxicroak|Toxicroak, F, shiny|100/100|[from] U-turn
|-prepare|p1a: Slowking|Chilly Reception|[premajor]
|move|p1a: Slowking|Chilly Reception|p1a: Slowking
|-weather|Snowscape
|
|t:|1758258286
|switch|p1a: Dusknoir|Dusknoir, F|100/100|[from] Chilly Reception
|-damage|p1a: Dusknoir|88/100|[from] Stealth Rock
|-item|p2a: Toxicroak|Leftovers|[from] ability: Frisk|[of] p1a: Dusknoir
|
|-weather|Snowscape|[upkeep]
|-heal|p1a: Dusknoir|94/100|[from] item: Leftovers
|upkeep
|turn|7
|
|t:|1758258292
|move|p2a: Toxicroak|Gunk Shot|p1a: Dusknoir
|-resisted|p1a: Dusknoir
|-damage|p1a: Dusknoir|75/100
|move|p1a: Dusknoir|Will-O-Wisp|p2a: Toxicroak
|-status|p2a: Toxicroak|brn
|
|-weather|Snowscape|[upkeep]
|-heal|p1a: Dusknoir|81/100|[from] item: Leftovers
|-damage|p2a: Toxicroak|94/100 brn|[from] brn
|upkeep
|turn|8
|
|t:|1758258309
|switch|p1a: Slowking|Slowking, M|88/100
|-damage|p1a: Slowking|76/100|[from] Stealth Rock
|move|p2a: Toxicroak|Gunk Shot|p1a: Slowking
|-damage|p1a: Slowking|48/100
|
|-weather|Snowscape|[upkeep]
|-heal|p2a: Toxicroak|100/100 brn|[from] item: Leftovers
|-heal|p1a: Slowking|55/100|[from] item: Leftovers
|-damage|p2a: Toxicroak|94/100 brn|[from] brn
|upkeep
|turn|9
|
|t:|1758258321
|switch|p2a: Pelipper|Pelipper, M, shiny|65/100
|-weather|RainDance|[from] ability: Drizzle|[of] p2a: Pelipper
|move|p1a: Slowking|Slack Off|p1a: Slowking
|-heal|p1a: Slowking|100/100
|
|-weather|RainDance|[upkeep]
|upkeep
|turn|10
|
|t:|1758258348
|move|p2a: Pelipper|Hurricane|p1a: Slowking
|-damage|p1a: Slowking|79/100
|move|p1a: Slowking|Psychic Noise|p2a: Pelipper
|-damage|p2a: Pelipper|28/100
|-start|p2a: Pelipper|move: Heal Block
|
|-weather|RainDance|[upkeep]
|-heal|p1a: Slowking|85/100|[from] item: Leftovers
|upkeep
|turn|11
|
|t:|1758258359
|move|p2a: Pelipper|Hurricane|p1a: Slowking
|-damage|p1a: Slowking|64/100
|move|p1a: Slowking|Psychic Noise|p2a: Pelipper
|-damage|p2a: Pelipper|0 fnt
|faint|p2a: Pelipper
|
|-weather|RainDance|[upkeep]
|-heal|p1a: Slowking|71/100|[from] item: Leftovers
|upkeep
|
|t:|1758258365
|switch|p2a: Ludicolo|Ludicolo, M, shiny|100/100
|turn|12
|
|t:|1758258376
|move|p2a: Ludicolo|Giga Drain|p1a: Slowking
|-supereffective|p1a: Slowking
|-damage|p1a: Slowking|20/100
|-damage|p2a: Ludicolo|91/100|[from] item: Life Orb
|-prepare|p1a: Slowking|Chilly Reception|[premajor]
|move|p1a: Slowking|Chilly Reception|p1a: Slowking
|-weather|Snowscape
|
|t:|1758258382
|switch|p1a: Cetitan|Cetitan, F|76/100|[from] Chilly Reception
|-damage|p1a: Cetitan|51/100|[from] Stealth Rock
|
|-weather|Snowscape|[upkeep]
|upkeep
|turn|13
|
|t:|1758258387
|switch|p2a: Hippowdon|Hippowdon, M, shiny|100/100
|-weather|Sandstorm|[from] ability: Sand Stream|[of] p2a: Hippowdon
|move|p1a: Cetitan|Icicle Crash|p2a: Hippowdon
|-supereffective|p2a: Hippowdon
|-damage|p2a: Hippowdon|45/100
|
|-weather|Sandstorm|[upkeep]
|-damage|p1a: Cetitan|44/100|[from] Sandstorm
|upkeep
|turn|14
|
|t:|1758258400
|move|p1a: Cetitan|Icicle Crash|p2a: Hippowdon
|-supereffective|p2a: Hippowdon
|-damage|p2a: Hippowdon|0 fnt
|faint|p2a: Hippowdon
|
|-weather|Sandstorm|[upkeep]
|-damage|p1a: Cetitan|38/100|[from] Sandstorm
|upkeep
|
|t:|1758258403
|switch|p2a: Excadrill|Excadrill, M, shiny|100/100
|-item|p2a: Excadrill|Air Balloon
|turn|15
|
|t:|1758258418
|move|p1a: Cetitan|Ice Shard|p2a: Excadrill
|-damage|p2a: Excadrill|71/100
|-enditem|p2a: Excadrill|Air Balloon
|move|p2a: Excadrill|Earthquake|p1a: Cetitan
|-damage|p1a: Cetitan|0 fnt
|faint|p1a: Cetitan
|
|-weather|Sandstorm|[upkeep]
|upkeep
|
|t:|1758258431
|switch|p1a: Slowking|Slowking, M|54/100
|-damage|p1a: Slowking|41/100|[from] Stealth Rock
|turn|16
|
|t:|1758258436
|move|p2a: Excadrill|Iron Head|p1a: Slowking
|-resisted|p1a: Slowking
|-damage|p1a: Slowking|19/100
|-prepare|p1a: Slowking|Chilly Reception|[premajor]
|cant|p1a: Slowking|flinch
|
|-weather|Sandstorm|[upkeep]
|-damage|p1a: Slowking|13/100|[from] Sandstorm
|-heal|p1a: Slowking|19/100|[from] item: Leftovers
|upkeep
|turn|17
|
|t:|1758258447
|move|p2a: Excadrill|Iron Head|p1a: Slowking
|-resisted|p1a: Slowking
|-damage|p1a: Slowking|0 fnt
|faint|p1a: Slowking
|
|-weather|Sandstorm|[upkeep]
|upkeep
|
|t:|1758258450
|switch|p1a: Dusknoir|Dusknoir, F|81/100
|-damage|p1a: Dusknoir|69/100|[from] Stealth Rock
|turn|18
|
|t:|1758258456
|move|p2a: Excadrill|Earthquake|p1a: Dusknoir
|-damage|p1a: Dusknoir|32/100
|move|p1a: Dusknoir|Will-O-Wisp|p2a: Excadrill
|-status|p2a: Excadrill|brn
|
|-weather|Sandstorm|[upkeep]
|-damage|p1a: Dusknoir|26/100|[from] Sandstorm
|-heal|p1a: Dusknoir|32/100|[from] item: Leftovers
|-damage|p2a: Excadrill|65/100 brn|[from] brn
|upkeep
|turn|19
|inactive|Ace Smith has 120 seconds left.
|
|t:|1758258496
|move|p1a: Dusknoir|Shadow Sneak|p2a: Excadrill
|-damage|p2a: Excadrill|47/100 brn
|move|p2a: Excadrill|Earthquake|p1a: Dusknoir
|-crit|p1a: Dusknoir
|-damage|p1a: Dusknoir|6/100
|
|-weather|Sandstorm|[upkeep]
|-damage|p1a: Dusknoir|0 fnt|[from] Sandstorm
|faint|p1a: Dusknoir
|-damage|p2a: Excadrill|41/100 brn|[from] brn
|upkeep
|
|t:|1758258509
|switch|p1a: Conkeldurr|Conkeldurr, F|100/100
|-damage|p1a: Conkeldurr|94/100|[from] Stealth Rock
|turn|20
|
|t:|1758258522
|move|p1a: Conkeldurr|Mach Punch|p2a: Excadrill
|-supereffective|p2a: Excadrill
|-damage|p2a: Excadrill|0 fnt
|faint|p2a: Excadrill
|
|-weather|none
|-status|p1a: Conkeldurr|brn|[from] item: Flame Orb
|upkeep
|
|t:|1758258529
|switch|p2a: Ludicolo|Ludicolo, M, shiny|91/100
|turn|21
|
|t:|1758258532
|move|p2a: Ludicolo|Hydro Pump|p1a: Conkeldurr|[miss]
|-miss|p2a: Ludicolo|p1a: Conkeldurr
|move|p1a: Conkeldurr|Facade|p2a: Ludicolo
|-damage|p2a: Ludicolo|0 fnt
|faint|p2a: Ludicolo
|
|-damage|p1a: Conkeldurr|88/100 brn|[from] brn
|upkeep
|
|t:|1758258534
|switch|p2a: Arcanine|Arcanine, M, shiny|100/100
|-ability|p2a: Arcanine|Intimidate|boost
|-unboost|p1a: Conkeldurr|atk|1
|turn|22
|
|t:|1758258547
|switch|p2a: Toxicroak|Toxicroak, F, shiny|94/100 brn
|switch|p1a: Greninja|Greninja, F|88/100
|-damage|p1a: Greninja|76/100|[from] Stealth Rock
|
|-heal|p2a: Toxicroak|100/100 brn|[from] item: Leftovers
|-damage|p2a: Toxicroak|94/100 brn|[from] brn
|upkeep
|turn|23
|
|t:|1758258553
|move|p1a: Greninja|Dark Pulse|p2a: Toxicroak
|-start|p1a: Greninja|typechange|Dark|[from] ability: Protean
|-resisted|p2a: Toxicroak
|-damage|p2a: Toxicroak|52/100 brn
|cant|p2a: Toxicroak|flinch
|
|-heal|p2a: Toxicroak|58/100 brn|[from] item: Leftovers
|-damage|p2a: Toxicroak|52/100 brn|[from] brn
|upkeep
|turn|24
|
|t:|1758258560
|move|p1a: Greninja|Dark Pulse|p2a: Toxicroak
|-resisted|p2a: Toxicroak
|-damage|p2a: Toxicroak|10/100 brn
|cant|p2a: Toxicroak|flinch
|
|-heal|p2a: Toxicroak|16/100 brn|[from] item: Leftovers
|-damage|p2a: Toxicroak|10/100 brn|[from] brn
|upkeep
|turn|25
|
|t:|1758258574
|move|p2a: Toxicroak|Bullet Punch|p1a: Greninja
|-damage|p1a: Greninja|65/100
|move|p1a: Greninja|Dark Pulse|p2a: Toxicroak
|-resisted|p2a: Toxicroak
|-damage|p2a: Toxicroak|0 fnt
|faint|p2a: Toxicroak
|
|upkeep
|
|t:|1758258579
|switch|p2a: Arcanine|Arcanine, M, shiny|100/100
|-ability|p2a: Arcanine|Intimidate|boost
|-unboost|p1a: Greninja|atk|1
|turn|26
|
|t:|1758258581
|switch|p1a: Magnezone|Magnezone|100/100
|-damage|p1a: Magnezone|94/100|[from] Stealth Rock
|-terastallize|p2a: Arcanine|Normal
|move|p2a: Arcanine|Curse|p2a: Arcanine
|-unboost|p2a: Arcanine|spe|1
|-boost|p2a: Arcanine|atk|1
|-boost|p2a: Arcanine|def|1
|
|upkeep
|turn|27
|
|t:|1758258593
|move|p2a: Arcanine|Flare Blitz|p1a: Magnezone
|-supereffective|p1a: Magnezone
|-damage|p1a: Magnezone|0 fnt
|faint|p1a: Magnezone
|-damage|p2a: Arcanine|71/100|[from] Recoil
|
|-heal|p2a: Arcanine|77/100|[from] item: Leftovers
|upkeep
|
|t:|1758258596
|switch|p1a: Conkeldurr|Conkeldurr, F|88/100 brn
|-damage|p1a: Conkeldurr|82/100 brn|[from] Stealth Rock
|turn|28
|
|t:|1758258602
|move|p2a: Arcanine|Extreme Speed|p1a: Conkeldurr
|-damage|p1a: Conkeldurr|28/100 brn
|move|p1a: Conkeldurr|Drain Punch|p2a: Arcanine
|-supereffective|p2a: Arcanine
|-damage|p2a: Arcanine|0 fnt
|-heal|p1a: Conkeldurr|61/100 brn|[from] drain|[of] p2a: Arcanine
|faint|p2a: Arcanine
|
|win|Ace Smith
|raw|Ace Smith's rating: 1114 &rarr; <strong>1142</strong><br />(+28 for winning)
|raw|Andrewtre's rating: 1157 &rarr; <strong>1129</strong><br />(-28 for losing)
|l|☆Andrewtre
|player|p2|
|l|☆Ace Smith
|player|p1|
