|j|☆omari p
|j|☆miriasa
|t:|1758250482
|gametype|singles
|player|p1|omari p|pokemonrangerf|1759
|player|p2|miriasa|marley|1686
|gen|9
|tier|[Gen 9] OU
|rated|
|rule|HP Percentage Mod: HP is shown in percentages
|rule|Endless Battle Clause: Forcing endless battles is banned
|rule|Species Clause: Limit one of each Pokémon
|rule|OHKO Clause: OHKO moves are banned
|rule|Evasion Items Clause: Evasion items are banned
|rule|Evasion Moves Clause: Evasion moves are banned
|rule|Evasion Abilities Clause: Evasion abilities are banned
|rule|Sleep Moves Clause: Sleep-inducing moves are banned
|clearpoke
|poke|p1|Pelipper, F|
|poke|p1|Excadrill, M|
|poke|p1|Toxicroak, M|
|poke|p1|Floatzel, F|
|poke|p1|Alomomola, F|
|poke|p1|Ogerpon-Wellspring, F|
|poke|p2|Hydrapple, F|
|poke|p2|Cinderace, F|
|poke|p2|Corviknight, F|
|poke|p2|Iron Valiant|
|poke|p2|Ogerpon-Wellspring, F|
|poke|p2|Ting-Lu|
|teampreview
|j| lamebiz
|
|t:|1758250544
|teamsize|p1|6
|teamsize|p2|6
|start
|switch|p1a: Pelipper|Pelipper, F|100/100
|switch|p2a: Iron Valiant|Iron Valiant|100/100
|-weather|RainDance|[from] ability: Drizzle|[of] p1a: Pelipper
|-enditem|p2a: Iron Valiant|Booster Energy
|-activate|p2a: Iron Valiant|ability: Quark Drive|[fromitem]
|-start|p2a: Iron Valiant|quarkdrivespe
|turn|1
|inactive|Battle timer is ON: inactive players will automatically lose when time's up. (requested by miriasa)
|j| htcl
|inactive|omari p has 120 seconds left.
|j| Gyokuroo
|
|t:|1758250577
|switch|p1a: Excadrill|Excadrill, M, shiny|100/100
|-ability|p1a: Excadrill|Mold Breaker
|move|p2a: Iron Valiant|Thunderbolt|p1a: Excadrill
|-immune|p1a: Excadrill
|
|-weather|RainDance|[upkeep]
|upkeep
|turn|2
|j| Ske
|
|t:|1758250584
|-end|p2a: Iron Valiant|Quark Drive|[silent]
|switch|p2a: Hydrapple|Hydrapple, F|100/100
|move|p1a: Excadrill|Iron Head|p2a: Hydrapple
|-damage|p2a: Hydrapple|81/100
|
|-weather|RainDance|[upkeep]
|upkeep
|turn|3
|
|t:|1758250594
|move|p1a: Excadrill|Stealth Rock|p2a: Hydrapple
|-sidestart|p2: miriasa|move: Stealth Rock
|move|p2a: Hydrapple|Earth Power|p1a: Excadrill
|-supereffective|p1a: Excadrill
|-damage|p1a: Excadrill|61/100
|-enditem|p1a: Excadrill|Eject Button
|
|t:|1758250608
|switch|p1a: Toxicroak|Toxicroak, M|100/100
|
|-weather|RainDance|[upkeep]
|upkeep
|turn|4
|
|t:|1758250628
|switch|p2a: Corviknight|Corviknight, F|100/100
|-damage|p2a: Corviknight|88/100|[from] Stealth Rock
|-ability|p2a: Corviknight|Pressure
|move|p1a: Toxicroak|Close Combat|p2a: Corviknight
|-damage|p2a: Corviknight|63/100
|-unboost|p1a: Toxicroak|def|1
|-unboost|p1a: Toxicroak|spd|1
|-damage|p1a: Toxicroak|84/100|[from] item: Rocky Helmet|[of] p2a: Corviknight
|-enditem|p1a: Toxicroak|Eject Pack
|
|t:|1758250633
|switch|p1a: SSJ Tails|Floatzel, F|100/100
|
|-weather|RainDance|[upkeep]
|upkeep
|turn|5
|c|☆omari p|this is fun lmao
|
|t:|1758250651
|switch|p2a: Hydrapple|Hydrapple, F|100/100
|move|p1a: SSJ Tails|Flip Turn|p2a: Hydrapple
|-resisted|p2a: Hydrapple
|-damage|p2a: Hydrapple|92/100
|c|☆miriasa|lol
|
|t:|1758250656
|switch|p1a: Pelipper|Pelipper, F|100/100|[from] Flip Turn
|
|-weather|RainDance|[upkeep]
|upkeep
|turn|6
|
|t:|1758250665
|switch|p2a: Ting-Lu|Ting-Lu|100/100
|-damage|p2a: Ting-Lu|94/100|[from] Stealth Rock
|-ability|p2a: Ting-Lu|Vessel of Ruin
|move|p1a: Pelipper|Hurricane|p2a: Ting-Lu
|-damage|p2a: Ting-Lu|78/100
|
|-weather|RainDance|[upkeep]
|-heal|p2a: Ting-Lu|84/100|[from] item: Leftovers
|upkeep
|turn|7
|
|t:|1758250673
|move|p2a: Ting-Lu|Ruination|p1a: Pelipper
|-damage|p1a: Pelipper|51/100
|move|p1a: Pelipper|U-turn|p2a: Ting-Lu
|-supereffective|p2a: Ting-Lu
|-damage|p2a: Ting-Lu|74/100
|
|t:|1758250675
|switch|p1a: Alomomola|Alomomola, F|100/100|[from] U-turn
|
|-weather|RainDance|[upkeep]
|-heal|p2a: Ting-Lu|80/100|[from] item: Leftovers
|upkeep
|turn|8
|
|t:|1758250692
|switch|p2a: Hydrapple|Hydrapple, F|100/100
|move|p1a: Alomomola|Wish|p1a: Alomomola
|
|-weather|none
|upkeep
|turn|9
|
|t:|1758250699
|switch|p1a: Pelipper|Pelipper, F|51/100
|-weather|RainDance|[from] ability: Drizzle|[of] p1a: Pelipper
|move|p2a: Hydrapple|Fickle Beam|p1a: Pelipper
|-damage|p1a: Pelipper|2/100
|
|-weather|RainDance|[upkeep]
|-heal|p1a: Pelipper|85/100|[from] move: Wish|[wisher] Alomomola
|upkeep
|turn|10
|c| htcl|didn't get the 30%
|c| htcl|svaed
|
|t:|1758250714
|switch|p2a: Ting-Lu|Ting-Lu|80/100
|-damage|p2a: Ting-Lu|74/100|[from] Stealth Rock
|-ability|p2a: Ting-Lu|Vessel of Ruin
|move|p1a: Pelipper|U-turn|p2a: Ting-Lu
|-supereffective|p2a: Ting-Lu
|-damage|p2a: Ting-Lu|63/100
|
|t:|1758250719
|switch|p1a: Ogerpon|Ogerpon-Wellspring, F|100/100|[from] U-turn
|
|-weather|RainDance|[upkeep]
|-heal|p2a: Ting-Lu|69/100|[from] item: Leftovers
|upkeep
|turn|11
|c|☆omari p|this is devilish rain
|
|t:|1758250728
|switch|p2a: Hydrapple|Hydrapple, F|100/100
|move|p1a: Ogerpon|Swords Dance|p1a: Ogerpon
|-boost|p1a: Ogerpon|atk|2
|
|-weather|RainDance|[upkeep]
|upkeep
|turn|12
|c|☆omari p|im annoying people to death
|inactive|miriasa has 120 seconds left.
|inactive|omari p has 120 seconds left.
|inactive|miriasa has 90 seconds left.
|
|t:|1758250797
|move|p1a: Ogerpon|Play Rough|p2a: Hydrapple
|-supereffective|p2a: Hydrapple
|-damage|p2a: Hydrapple|19/100
|-unboost|p2a: Hydrapple|atk|1
|move|p2a: Hydrapple|Giga Drain|p1a: Ogerpon
|-damage|p1a: Ogerpon|63/100
|-heal|p2a: Hydrapple|33/100|[from] drain|[of] p1a: Ogerpon
|
|-weather|RainDance|[upkeep]
|upkeep
|turn|13
|
|t:|1758250804
|switch|p2a: Corviknight|Corviknight, F|63/100
|-damage|p2a: Corviknight|51/100|[from] Stealth Rock
|-ability|p2a: Corviknight|Pressure
|move|p1a: Ogerpon|Ivy Cudgel|p2a: Corviknight|[anim] Ivy Cudgel Water
|-crit|p2a: Corviknight
|-damage|p2a: Corviknight|0 fnt
|faint|p2a: Corviknight
|
|-weather|RainDance|[upkeep]
|upkeep
|
|t:|1758250807
|switch|p2a: Cinderace|Cinderace, F|100/100
|turn|14
|
|t:|1758250813
|switch|p1a: Alomomola|Alomomola, F|100/100
|move|p2a: Cinderace|Court Change|p2a: Cinderace
|-start|p2a: Cinderace|typechange|Normal|[from] ability: Libero
|-swapsideconditions
|-activate|p2a: Cinderace|move: Court Change
|
|-weather|RainDance|[upkeep]
|upkeep
|turn|15
|inactive|omari p has 120 seconds left.
|
|t:|1758250819
|move|p2a: Cinderace|U-turn|p1a: Alomomola
|-damage|p1a: Alomomola|89/100
|
|t:|1758250821
|switch|p2a: Ogerpon|Ogerpon-Wellspring, F|100/100|[from] U-turn
|move|p1a: Alomomola|Wish|p1a: Alomomola
|
|-weather|RainDance|[upkeep]
|upkeep
|turn|16
|
|t:|1758250825
|switch|p1a: Pelipper|Pelipper, F|85/100
|-damage|p1a: Pelipper|60/100|[from] Stealth Rock
|move|p2a: Ogerpon|Swords Dance|p2a: Ogerpon
|-boost|p2a: Ogerpon|atk|2
|
|-weather|none
|-heal|p1a: Pelipper|100/100|[from] move: Wish|[wisher] Alomomola
|upkeep
|turn|17
|
|t:|1758250830
|move|p2a: Ogerpon|Knock Off|p1a: Pelipper
|-damage|p1a: Pelipper|36/100
|-enditem|p1a: Pelipper|Damp Rock|[from] move: Knock Off|[of] p2a: Ogerpon
|move|p1a: Pelipper|Hurricane|p2a: Ogerpon
|-supereffective|p2a: Ogerpon
|-damage|p2a: Ogerpon|19/100
|
|upkeep
|turn|18
|c| htcl|damn it lived so easily
|
|t:|1758250842
|switch|p1a: Toxicroak|Toxicroak, M|84/100
|-damage|p1a: Toxicroak|78/100|[from] Stealth Rock
|move|p2a: Ogerpon|Horn Leech|p1a: Toxicroak
|-resisted|p1a: Toxicroak
|-damage|p1a: Toxicroak|32/100
|-heal|p2a: Ogerpon|46/100|[from] drain|[of] p1a: Toxicroak
|
|upkeep
|turn|19
|c|☆omari p|i wanna see
|c|☆omari p|how much spa i have
|c|☆omari p|bc that should not kill
|c|☆omari p|live**
|c|☆omari p|0
|
|t:|1758250869
|move|p1a: Toxicroak|Sucker Punch|p2a: Ogerpon
|-damage|p2a: Ogerpon|24/100
|move|p2a: Ogerpon|Horn Leech|p1a: Toxicroak
|-resisted|p1a: Toxicroak
|-damage|p1a: Toxicroak|0 fnt
|-heal|p2a: Ogerpon|43/100|[from] drain|[of] p1a: Toxicroak
|faint|p1a: Toxicroak
|
|upkeep
|c|☆miriasa|36 hp evs
|c| htcl|damn
|
|t:|1758250876
|switch|p1a: Pelipper|Pelipper, F|36/100
|-damage|p1a: Pelipper|11/100|[from] Stealth Rock
|-weather|RainDance|[from] ability: Drizzle|[of] p1a: Pelipper
|turn|20
|
|t:|1758250879
|move|p2a: Ogerpon|Horn Leech|p1a: Pelipper
|-damage|p1a: Pelipper|0 fnt
|-heal|p2a: Ogerpon|49/100|[from] drain|[of] p1a: Pelipper
|faint|p1a: Pelipper
|
|-weather|RainDance|[upkeep]
|upkeep
|c| htcl|max spatk kills there
|c| htcl|ngl
|
|t:|1758250882
|switch|p1a: SSJ Tails|Floatzel, F|100/100
|-damage|p1a: SSJ Tails|88/100|[from] Stealth Rock
|turn|21
|c| Ske|Yo Ban Ogerpon Wellspring
|c| htcl|idk just run offensive pelipper
|c| Ske|how tf it beat the number one counter
|c|☆miriasa|please dont im wellspring merchant
|inactive|miriasa has 120 seconds left.
|c| htcl|isn't the number one counter
|c| htcl|amoonguss
|c| htcl|or am i crazy
|c| Ske|No
|j| woairibi
|c| Ske|+2 Ivy beats amoongus
|c| htcl|does foul play not kill
|inactive|miriasa has 90 seconds left.
|
|t:|1758250952
|switch|p2a: Cinderace|Cinderace, F|100/100
|move|p1a: SSJ Tails|Ice Spinner|p2a: Cinderace
|-resisted|p2a: Cinderace
|-damage|p2a: Cinderace|72/100
|
|-weather|RainDance|[upkeep]
|upkeep
|turn|22
|inactive|miriasa has 90 seconds left.
|
|t:|1758250961
|switch|p1a: Alomomola|Alomomola, F|100/100
|move|p2a: Cinderace|U-turn|p1a: Alomomola
|-start|p2a: Cinderace|typechange|Bug|[from] ability: Libero
|-damage|p1a: Alomomola|82/100
|
|t:|1758250963
|switch|p2a: Ogerpon|Ogerpon-Wellspring, F|49/100|[from] U-turn
|
|-weather|RainDance|[upkeep]
|upkeep
|turn|23
|
|t:|1758250970
|switch|p1a: Ogerpon|Ogerpon-Wellspring, F|63/100
|-damage|p1a: Ogerpon|51/100|[from] Stealth Rock
|move|p2a: Ogerpon|Horn Leech|p1a: Ogerpon
|-damage|p1a: Ogerpon|0 fnt
|-heal|p2a: Ogerpon|73/100|[from] drain|[of] p1a: Ogerpon
|faint|p1a: Ogerpon
|
|-weather|RainDance|[upkeep]
|upkeep
|
|t:|1758250974
|switch|p1a: SSJ Tails|Floatzel, F|88/100
|-damage|p1a: SSJ Tails|76/100|[from] Stealth Rock
|turn|24
|c| Ske|That’s some bs man
|c| htcl|+2 252 Atk Wellspring Mask Ogerpon-Wellspring Ivy Cudgel vs. 248 HP / 252+ Def Amoonguss: 166-196 (38.5 - 45.4%) -- guaranteed 3HKO
|c| htcl|ur fine
|c| htcl|unless tera
|c|☆omari p|im trying my best here ske
|c| htcl|+2 252 Atk Amoonguss Foul Play vs. 0 HP / 0 Def Ogerpon-Wellspring: 226-267 (75 - 88.7%) -- guaranteed 2HKO
|inactive|miriasa has 90 seconds left.
|c| Ske|Yeah I mean Tera
|c| htcl|or u just clear smog
|c| htcl|into foul play
|
|t:|1758251010
|switch|p2a: Ting-Lu|Ting-Lu|69/100
|-ability|p2a: Ting-Lu|Vessel of Ruin
|-terastallize|p1a: SSJ Tails|Water
|move|p1a: SSJ Tails|Wave Crash|p2a: Ting-Lu
|-supereffective|p2a: Ting-Lu
|-damage|p2a: Ting-Lu|0 fnt
|faint|p2a: Ting-Lu
|-damage|p1a: SSJ Tails|38/100|[from] Recoil
|
|-weather|none
|upkeep
|c| htcl|+2 252 Atk Wellspring Mask Tera Water Ogerpon-Wellspring-Tera Ivy Cudgel vs. 248 HP / 252+ Def Amoonguss: 222-262 (51.5 - 60.7%) -- guaranteed 2HKO
|
|t:|1758251023
|switch|p2a: Ogerpon|Ogerpon-Wellspring, F|73/100
|turn|25
|
|t:|1758251027
|switch|p1a: Alomomola|Alomomola, F|100/100
|move|p2a: Ogerpon|Ivy Cudgel|p1a: Alomomola|[anim] Ivy Cudgel Water
|-resisted|p1a: Alomomola
|-damage|p1a: Alomomola|82/100
|
|upkeep
|turn|26
|c| htcl|u take 60 and then
|
|t:|1758251031
|move|p1a: Alomomola|Protect|p1a: Alomomola
|-singleturn|p1a: Alomomola|Protect
|move|p2a: Ogerpon|Swords Dance|p2a: Ogerpon
|-boost|p2a: Ogerpon|atk|2
|
|upkeep
|turn|27
|
|t:|1758251033
|move|p2a: Ogerpon|Horn Leech|p1a: Alomomola
|-supereffective|p1a: Alomomola
|-damage|p1a: Alomomola|0 fnt
|-heal|p2a: Ogerpon|100/100|[from] drain|[of] p1a: Alomomola
|faint|p1a: Alomomola
|
|upkeep
|c| Ske|Omari P The thing beat its #1 counter
|
|t:|1758251036
|switch|p1a: SSJ Tails|Floatzel, F, tera:Water|38/100
|-damage|p1a: SSJ Tails|26/100|[from] Stealth Rock
|turn|28
|
|t:|1758251041
|move|p1a: SSJ Tails|Wave Crash|p2a: Ogerpon
|-immune|p2a: Ogerpon|[from] ability: Water Absorb
|move|p2a: Ogerpon|Horn Leech|p1a: SSJ Tails
|-supereffective|p1a: SSJ Tails
|-damage|p1a: SSJ Tails|0 fnt
|faint|p1a: SSJ Tails
|
|upkeep
|c| Ske|it’s Ogerpons fault
|c| htcl|u clear smog so they do 30 next time
|j| wgw2333
|c| htcl|and u foul play
|
|t:|1758251044
|switch|p1a: Excadrill|Excadrill, M, shiny|61/100
|-damage|p1a: Excadrill|58/100|[from] Stealth Rock
|-ability|p1a: Excadrill|Mold Breaker
|turn|29
|
|t:|1758251047
|move|p2a: Ogerpon|Ivy Cudgel|p1a: Excadrill|[anim] Ivy Cudgel Water
|-supereffective|p1a: Excadrill
|-damage|p1a: Excadrill|0 fnt
|faint|p1a: Excadrill
|
|win|miriasa
|raw|omari p's rating: 1759 &rarr; <strong>1735</strong><br />(-24 for losing)
|raw|miriasa's rating: 1686 &rarr; <strong>1710</strong><br />(+24 for winning)
|c| htcl|+2 252 Atk Amoonguss Foul Play vs. 0 HP / 0 Def Tera Water Ogerpon-Wellspring-Tera: 226-267 (75 - 88.7%) -- guaranteed 2HKO
|c|☆miriasa|gg
|c|☆omari p|im going back to sun
|c|☆omari p|lol
|c| htcl|foul play doesn't kill from full but
|c|☆miriasa|lol
|c| htcl|with clear smog chip
|c| htcl|it does
|l| lamebiz
|c| htcl|0 SpA Amoonguss Clear Smog vs. 0 HP / 4 SpD Ogerpon-Wellspring: 98-116 (32.5 - 38.5%) -- 96% chance to 3HKO
|l|☆omari p
|player|p1|
|l| htcl
|l|☆miriasa
|player|p2|
|c| Ske|How much does it do in Rain
|l| Gyokuroo
|j| arreat summit
|j| htcl
|l| arreat summit
|l| wgw2333
