|j|☆saIsa23467
|j|☆highlight0
|t:|1758276297
|gametype|singles
|player|p1|saIsa23467|lass-gen4dp|1000
|player|p2|highlight0|unknown|1047
|gen|9
|tier|[Gen 9] OU
|rated|
|rule|HP Percentage Mod: HP is shown in percentages
|rule|Endless Battle Clause: Forcing endless battles is banned
|rule|Species Clause: Limit one of each Pokémon
|rule|OHKO Clause: OHKO moves are banned
|rule|Evasion Items Clause: Evasion items are banned
|rule|Evasion Moves Clause: Evasion moves are banned
|rule|Evasion Abilities Clause: Evasion abilities are banned
|rule|Sleep Moves Clause: Sleep-inducing moves are banned
|clearpoke
|poke|p1|Hoopa-Unbound, L15|
|poke|p1|Spinarak, M|
|poke|p1|Deoxys-Speed|
|poke|p1|Feebas, M|
|poke|p1|Wooper-Paldea, F|
|poke|p1|Blissey, F|
|poke|p2|Infernape, M|
|poke|p2|Gholdengo|
|poke|p2|Dragalge, F|
|poke|p2|Wo-Chien|
|poke|p2|Dragapult, M|
|poke|p2|Iron Valiant|
|teampreview
|
|t:|1758276320
|teamsize|p1|6
|teamsize|p2|6
|start
|switch|p1a: garfield|Hoopa-Unbound, L15|100/100
|switch|p2a: Wo-Chien|Wo-Chien|100/100
|-ability|p2a: Wo-Chien|Tablets of Ruin
|turn|1
|
|t:|1758276332
|-terastallize|p2a: Wo-Chien|Dark
|move|p2a: Wo-Chien|Energy Ball|p1a: garfield
|-enditem|p1a: garfield|Focus Sash
|-damage|p1a: garfield|2/100
|move|p1a: garfield|Trick Room|p1a: garfield
|-fieldstart|move: Trick Room|[of] p1a: garfield
|
|upkeep
|turn|2
|
|t:|1758276342
|move|p1a: garfield|Light Screen|p1a: garfield
|-sidestart|p1: saIsa23467|move: Light Screen
|move|p2a: Wo-Chien|Hyper Beam|p1a: garfield
|-damage|p1a: garfield|0 fnt
|-mustrecharge|p2a: Wo-Chien
|faint|p1a: garfield
|
|upkeep
|
|t:|1758276350
|switch|p1a: mike tyson|Wooper-Paldea, F|100/100
|turn|3
|
|t:|1758276355
|move|p1a: mike tyson|Stockpile|p1a: mike tyson
|-start|p1a: mike tyson|stockpile1
|-boost|p1a: mike tyson|def|1
|-boost|p1a: mike tyson|spd|1
|cant|p2a: Wo-Chien|recharge
|
|upkeep
|turn|4
|
|t:|1758276364
|move|p1a: mike tyson|Stockpile|p1a: mike tyson
|-start|p1a: mike tyson|stockpile2
|-boost|p1a: mike tyson|def|1
|-boost|p1a: mike tyson|spd|1
|move|p2a: Wo-Chien|Hyper Beam|p1a: mike tyson
|-damage|p1a: mike tyson|86/100
|-mustrecharge|p2a: Wo-Chien
|
|upkeep
|turn|5
|
|t:|1758276374
|move|p1a: mike tyson|Body Press|p2a: Wo-Chien
|-supereffective|p2a: Wo-Chien
|-crit|p2a: Wo-Chien
|-damage|p2a: Wo-Chien|36/100
|cant|p2a: Wo-Chien|recharge
|
|-fieldend|move: Trick Room
|upkeep
|turn|6
|
|t:|1758276379
|move|p2a: Wo-Chien|Body Slam|p1a: mike tyson
|-damage|p1a: mike tyson|78/100
|move|p1a: mike tyson|Body Press|p2a: Wo-Chien
|-supereffective|p2a: Wo-Chien
|-damage|p2a: Wo-Chien|0 fnt
|faint|p2a: Wo-Chien
|
|-sideend|p1: saIsa23467|move: Light Screen
|upkeep
|
|t:|1758276387
|switch|p2a: Infernape|Infernape, M|100/100
|turn|7
|
|t:|1758276399
|move|p2a: Infernape|Close Combat|p1a: mike tyson
|-resisted|p1a: mike tyson
|-damage|p1a: mike tyson|68/100
|-unboost|p2a: Infernape|def|1
|-unboost|p2a: Infernape|spd|1
|-damage|p2a: Infernape|91/100|[from] item: Life Orb
|move|p1a: mike tyson|Body Press|p2a: Infernape
|-damage|p2a: Infernape|10/100
|
|upkeep
|turn|8
|
|t:|1758276415
|switch|p2a: Dragalge|Dragalge, F|100/100
|move|p1a: mike tyson|Body Press|p2a: Dragalge
|-resisted|p2a: Dragalge
|-damage|p2a: Dragalge|77/100
|
|upkeep
|turn|9
|
|t:|1758276420
|move|p2a: Dragalge|Toxic|p1a: mike tyson
|-immune|p1a: mike tyson
|move|p1a: mike tyson|Body Press|p2a: Dragalge
|-resisted|p2a: Dragalge
|-damage|p2a: Dragalge|55/100
|
|upkeep
|turn|10
|
|t:|1758276425
|move|p2a: Dragalge|Toxic|p1a: mike tyson
|-immune|p1a: mike tyson
|move|p1a: mike tyson|Body Press|p2a: Dragalge
|-resisted|p2a: Dragalge
|-damage|p2a: Dragalge|32/100
|
|upkeep
|turn|11
|
|t:|1758276432
|switch|p2a: Gholdengo|Gholdengo|100/100
|move|p1a: mike tyson|Body Press|p2a: Gholdengo
|-immune|p2a: Gholdengo
|
|upkeep
|turn|12
|
|t:|1758276453
|switch|p1a: harry potter|Blissey, F|100/100
|move|p2a: Gholdengo|Make It Rain|p1a: harry potter
|-damage|p1a: harry potter|84/100
|-unboost|p2a: Gholdengo|spa|1
|
|upkeep
|turn|13
|inactive|Battle timer is ON: inactive players will automatically lose when time's up. (requested by highlight0)
|
|t:|1758276466
|switch|p2a: Iron Valiant|Iron Valiant|100/100
|-enditem|p2a: Iron Valiant|Booster Energy
|-activate|p2a: Iron Valiant|ability: Quark Drive|[fromitem]
|-start|p2a: Iron Valiant|quarkdriveatk
|move|p1a: harry potter|Stomping Tantrum|p2a: Iron Valiant
|-damage|p2a: Iron Valiant|90/100
|
|upkeep
|turn|14
|
|t:|1758276474
|switch|p1a: mcdonalds|Deoxys-Speed|100/100
|-ability|p1a: mcdonalds|Pressure
|move|p2a: Iron Valiant|Close Combat|p1a: mcdonalds
|-resisted|p1a: mcdonalds
|-damage|p1a: mcdonalds|54/100
|-unboost|p2a: Iron Valiant|def|1
|-unboost|p2a: Iron Valiant|spd|1
|
|upkeep
|turn|15
|
|t:|1758276485
|move|p1a: mcdonalds|Psycho Boost|p2a: Iron Valiant|[miss]
|-miss|p1a: mcdonalds|p2a: Iron Valiant
|move|p2a: Iron Valiant|Encore|p1a: mcdonalds
|-start|p1a: mcdonalds|Encore
|
|upkeep
|turn|16
|
|t:|1758276492
|move|p1a: mcdonalds|Psycho Boost|p2a: Iron Valiant
|-supereffective|p2a: Iron Valiant
|-damage|p2a: Iron Valiant|0 fnt
|-unboost|p1a: mcdonalds|spa|2
|faint|p2a: Iron Valiant
|-end|p2a: Iron Valiant|Quark Drive|[silent]
|
|upkeep
|
|t:|1758276500
|switch|p2a: Dragapult|Dragapult, M|100/100
|turn|17
|
|t:|1758276505
|switch|p1a: harry potter|Blissey, F|84/100
|move|p2a: Dragapult|U-turn|p1a: harry potter
|-damage|p1a: harry potter|65/100
|
|t:|1758276513
|switch|p2a: Gholdengo|Gholdengo|100/100|[from] U-turn
|
|upkeep
|turn|18
|
|t:|1758276520
|move|p2a: Gholdengo|Nasty Plot|p2a: Gholdengo
|-boost|p2a: Gholdengo|spa|2
|move|p1a: harry potter|Stomping Tantrum|p2a: Gholdengo
|-supereffective|p2a: Gholdengo
|-damage|p2a: Gholdengo|84/100
|
|upkeep
|turn|19
|
|t:|1758276528
|move|p2a: Gholdengo|Nasty Plot|p2a: Gholdengo
|-boost|p2a: Gholdengo|spa|2
|move|p1a: harry potter|Stomping Tantrum|p2a: Gholdengo
|-supereffective|p2a: Gholdengo
|-damage|p2a: Gholdengo|66/100
|
|upkeep
|turn|20
|
|t:|1758276536
|switch|p2a: Dragapult|Dragapult, M|100/100
|move|p1a: harry potter|Stomping Tantrum|p2a: Dragapult
|-damage|p2a: Dragapult|91/100
|
|upkeep
|turn|21
|
|t:|1758276545
|move|p2a: Dragapult|Draco Meteor|p1a: harry potter|[miss]
|-miss|p2a: Dragapult|p1a: harry potter
|move|p1a: harry potter|Avalanche|p2a: Dragapult
|-supereffective|p2a: Dragapult
|-damage|p2a: Dragapult|74/100
|
|upkeep
|turn|22
|
|t:|1758276552
|move|p2a: Dragapult|Draco Meteor|p1a: harry potter
|-damage|p1a: harry potter|49/100
|-unboost|p2a: Dragapult|spa|2
|move|p1a: harry potter|Avalanche|p2a: Dragapult
|-supereffective|p2a: Dragapult
|-damage|p2a: Dragapult|43/100
|
|upkeep
|turn|23
|
|t:|1758276559
|move|p2a: Dragapult|Draco Meteor|p1a: harry potter
|-damage|p1a: harry potter|43/100
|-unboost|p2a: Dragapult|spa|2
|move|p1a: harry potter|Avalanche|p2a: Dragapult
|-supereffective|p2a: Dragapult
|-damage|p2a: Dragapult|11/100
|
|upkeep
|turn|24
|
|t:|1758276564
|switch|p2a: Gholdengo|Gholdengo|66/100
|move|p1a: harry potter|Stomping Tantrum|p2a: Gholdengo
|-supereffective|p2a: Gholdengo
|-damage|p2a: Gholdengo|50/100
|
|upkeep
|turn|25
|
|t:|1758276569
|move|p2a: Gholdengo|Make It Rain|p1a: harry potter
|-damage|p1a: harry potter|25/100
|-unboost|p2a: Gholdengo|spa|1
|move|p1a: harry potter|Stomping Tantrum|p2a: Gholdengo
|-supereffective|p2a: Gholdengo
|-damage|p2a: Gholdengo|33/100
|
|upkeep
|turn|26
|
|t:|1758276576
|move|p2a: Gholdengo|Make It Rain|p1a: harry potter
|-damage|p1a: harry potter|15/100
|-unboost|p2a: Gholdengo|spa|1
|move|p1a: harry potter|Stomping Tantrum|p2a: Gholdengo
|-supereffective|p2a: Gholdengo
|-damage|p2a: Gholdengo|15/100
|
|upkeep
|turn|27
|
|t:|1758276583
|move|p2a: Gholdengo|Make It Rain|p1a: harry potter
|-damage|p1a: harry potter|6/100
|-unboost|p2a: Gholdengo|spa|1
|move|p1a: harry potter|Stomping Tantrum|p2a: Gholdengo
|-supereffective|p2a: Gholdengo
|-damage|p2a: Gholdengo|0 fnt
|faint|p2a: Gholdengo
|
|upkeep
|
|t:|1758276587
|switch|p2a: Dragalge|Dragalge, F|32/100
|turn|28
|
|t:|1758276593
|move|p1a: harry potter|Stomping Tantrum|p2a: Dragalge
|-supereffective|p2a: Dragalge
|-damage|p2a: Dragalge|9/100
|-status|p1a: harry potter|psn|[from] ability: Poison Point|[of] p2a: Dragalge
|move|p2a: Dragalge|Giga Impact|p1a: harry potter
|-damage|p1a: harry potter|0 fnt
|-mustrecharge|p2a: Dragalge
|faint|p1a: harry potter
|
|upkeep
|
|t:|1758276612
|switch|p1a: spider man|Spinarak, M|100/100
|turn|29
|
|t:|1758276621
|move|p1a: spider man|Shadow Sneak|p2a: Dragalge
|-damage|p2a: Dragalge|0 fnt
|faint|p2a: Dragalge
|
|upkeep
|
|t:|1758276624
|switch|p2a: Infernape|Infernape, M|10/100
|turn|30
|
|t:|1758276630
|move|p1a: spider man|Shadow Sneak|p2a: Infernape
|-damage|p2a: Infernape|0 fnt
|faint|p2a: Infernape
|
|upkeep
|
|t:|1758276633
|switch|p2a: Dragapult|Dragapult, M|11/100
|turn|31
|
|t:|1758276637
|move|p1a: spider man|Shadow Sneak|p2a: Dragapult
|-supereffective|p2a: Dragapult
|-damage|p2a: Dragapult|0 fnt
|faint|p2a: Dragapult
|
|win|saIsa23467
|raw|saIsa23467's rating: 1000 &rarr; <strong>1045</strong><br />(+45 for winning)
|raw|highlight0's rating: 1047 &rarr; <strong>1028</strong><br />(-19 for losing)
