|j|☆sushuishuisu
|j|☆gigapoophater
|t:|1758337418
|gametype|singles
|player|p1|sushuishuisu|266|1109
|player|p2|gigapoophater|pokemaniac|1099
|gen|9
|tier|[Gen 9] OU
|rated|
|rule|HP Percentage Mod: HP is shown in percentages
|rule|Endless Battle Clause: Forcing endless battles is banned
|rule|Species Clause: Limit one of each Pokémon
|rule|OHKO Clause: OHKO moves are banned
|rule|Evasion Items Clause: Evasion items are banned
|rule|Evasion Moves Clause: Evasion moves are banned
|rule|Evasion Abilities Clause: Evasion abilities are banned
|rule|Sleep Moves Clause: Sleep-inducing moves are banned
|clearpoke
|poke|p1|Milotic, M|
|poke|p1|Blissey, F|
|poke|p1|Serperior, M|
|poke|p1|Alomomola, M|
|poke|p1|Quagsire, F|
|poke|p1|Gliscor, M|
|poke|p2|Cryogonal|
|poke|p2|Bastiodon, F|
|poke|p2|Bellibolt, F|
|poke|p2|Chesnaught, M|
|poke|p2|Espeon, M|
|poke|p2|Meowscarada, M|
|teampreview
|inactive|Battle timer is ON: inactive players will automatically lose when time's up. (requested by gigapoophater)
|
|t:|1758337429
|teamsize|p1|6
|teamsize|p2|6
|start
|switch|p1a: Gliscor|Gliscor, M, shiny|100/100
|switch|p2a: Espeon|Espeon, M|100/100
|turn|1
|
|t:|1758337436
|move|p2a: Espeon|Reflect|p2a: Espeon
|-sidestart|p2: gigapoophater|Reflect
|move|p1a: Gliscor|Taunt|p2a: Espeon
|move|p2a: Espeon|Taunt|p1a: Gliscor|[from] ability: Magic Bounce
|-start|p1a: Gliscor|move: Taunt
|
|-status|p1a: Gliscor|tox|[from] item: Toxic Orb
|upkeep
|turn|2
|
|t:|1758337446
|move|p2a: Espeon|Light Screen|p2a: Espeon
|-sidestart|p2: gigapoophater|move: Light Screen
|move|p1a: Gliscor|Knock Off|p2a: Espeon
|-supereffective|p2a: Espeon
|-damage|p2a: Espeon|69/100
|-enditem|p2a: Espeon|Light Clay|[from] move: Knock Off|[of] p1a: Gliscor
|
|upkeep
|turn|3
|
|t:|1758337453
|move|p2a: Espeon|Future Sight|p1a: Gliscor
|-start|p2a: Espeon|move: Future Sight
|move|p1a: Gliscor|Knock Off|p2a: Espeon
|-supereffective|p2a: Espeon
|-damage|p2a: Espeon|48/100
|
|upkeep
|turn|4
|
|t:|1758337459
|switch|p2a: Meowscarada|Meowscarada, M|100/100
|switch|p1a: Blissey|Blissey, F, shiny|100/100
|
|upkeep
|turn|5
|
|t:|1758337466
|move|p2a: Meowscarada|Grassy Terrain|p2a: Meowscarada
|-start|p2a: Meowscarada|typechange|Grass|[from] ability: Protean
|-fieldstart|move: Grassy Terrain
|move|p1a: Blissey|Thunder Wave|p2a: Meowscarada
|-status|p2a: Meowscarada|par
|
|-end|p1a: Blissey|move: Future Sight
|-damage|p1a: Blissey|82/100
|-heal|p1a: Blissey|88/100|[from] Grassy Terrain
|-heal|p1a: Blissey|95/100|[from] item: Leftovers
|upkeep
|turn|6
|
|t:|1758337480
|switch|p2a: Chesnaught|Chesnaught, M|100/100
|move|p1a: Blissey|Calm Mind|p1a: Blissey
|-boost|p1a: Blissey|spa|1
|-boost|p1a: Blissey|spd|1
|
|-heal|p1a: Blissey|100/100|[from] Grassy Terrain
|upkeep
|turn|7
|
|t:|1758337492
|switch|p1a: Serperior|Serperior, M, shiny|100/100
|move|p2a: Chesnaught|Belly Drum|p2a: Chesnaught
|-damage|p2a: Chesnaught|50/100
|-setboost|p2a: Chesnaught|atk|6|[from] move: Belly Drum
|-enditem|p2a: Chesnaught|Sitrus Berry|[eat]
|-heal|p2a: Chesnaught|75/100|[from] item: Sitrus Berry
|
|-heal|p2a: Chesnaught|82/100|[from] Grassy Terrain
|upkeep
|turn|8
|
|t:|1758337505
|move|p1a: Serperior|Glare|p2a: Chesnaught
|-status|p2a: Chesnaught|par
|move|p2a: Chesnaught|Drain Punch|p1a: Serperior
|-damage|p1a: Serperior|0 fnt
|-heal|p2a: Chesnaught|100/100 par|[from] drain|[of] p1a: Serperior
|faint|p1a: Serperior
|
|-sideend|p2: gigapoophater|Reflect
|upkeep
|
|t:|1758337515
|switch|p1a: Quagsire|Quagsire, F|100/100
|turn|9
|
|t:|1758337520
|cant|p2a: Chesnaught|par
|move|p1a: Quagsire|Counter||[still]
|-fail|p1a: Quagsire
|
|-sideend|p2: gigapoophater|move: Light Screen
|upkeep
|turn|10
|
|t:|1758337528
|cant|p2a: Chesnaught|par
|move|p1a: Quagsire|Stockpile|p1a: Quagsire
|-start|p1a: Quagsire|stockpile1
|-boost|p1a: Quagsire|def|1
|-boost|p1a: Quagsire|spd|1
|
|upkeep
|turn|11
|
|t:|1758337535
|move|p2a: Chesnaught|Grassy Glide|p1a: Quagsire
|-supereffective|p1a: Quagsire
|-damage|p1a: Quagsire|30/100
|-damage|p2a: Chesnaught|84/100 par|[from] item: Rocky Helmet|[of] p1a: Quagsire
|move|p1a: Quagsire|Stockpile|p1a: Quagsire
|-start|p1a: Quagsire|stockpile2
|-boost|p1a: Quagsire|def|1
|-boost|p1a: Quagsire|spd|1
|
|-heal|p1a: Quagsire|37/100|[from] Grassy Terrain
|-heal|p2a: Chesnaught|90/100 par|[from] Grassy Terrain
|upkeep
|turn|12
|
|t:|1758337548
|move|p2a: Chesnaught|Grassy Glide|p1a: Quagsire
|-supereffective|p1a: Quagsire
|-damage|p1a: Quagsire|0 fnt
|-damage|p2a: Chesnaught|73/100 par|[from] item: Rocky Helmet|[of] p1a: Quagsire
|faint|p1a: Quagsire
|
|-heal|p2a: Chesnaught|79/100 par|[from] Grassy Terrain
|-fieldend|move: Grassy Terrain
|upkeep
|
|t:|1758337557
|switch|p1a: Milotic|Milotic, M, shiny|100/100
|turn|13
|
|t:|1758337562
|move|p1a: Milotic|Haze|p1a: Milotic
|-clearallboost
|cant|p2a: Chesnaught|par
|
|-status|p1a: Milotic|brn|[from] item: Flame Orb
|upkeep
|turn|14
|
|t:|1758337577
|move|p1a: Milotic|Scald|p2a: Chesnaught
|-resisted|p2a: Chesnaught
|-damage|p2a: Chesnaught|64/100 par
|move|p2a: Chesnaught|Belly Drum|p2a: Chesnaught
|-damage|p2a: Chesnaught|14/100 par
|-setboost|p2a: Chesnaught|atk|6|[from] move: Belly Drum
|
|-damage|p1a: Milotic|94/100 brn|[from] brn
|upkeep
|turn|15
|
|t:|1758337588
|move|p1a: Milotic|Haze|p1a: Milotic
|-clearallboost
|cant|p2a: Chesnaught|par
|
|-damage|p1a: Milotic|88/100 brn|[from] brn
|upkeep
|turn|16
|
|t:|1758337598
|move|p1a: Milotic|Scald|p2a: Chesnaught
|-resisted|p2a: Chesnaught
|-damage|p2a: Chesnaught|0 fnt
|faint|p2a: Chesnaught
|
|-damage|p1a: Milotic|82/100 brn|[from] brn
|upkeep
|
|t:|1758337611
|switch|p2a: Cryogonal|Cryogonal|100/100
|turn|17
|
|t:|1758337618
|move|p2a: Cryogonal|Freeze-Dry|p1a: Milotic
|-supereffective|p1a: Milotic
|-damage|p1a: Milotic|55/100 brn
|move|p1a: Milotic|Scald|p2a: Cryogonal
|-damage|p2a: Cryogonal|90/100
|-status|p2a: Cryogonal|brn
|
|-damage|p2a: Cryogonal|83/100 brn|[from] brn
|-damage|p1a: Milotic|49/100 brn|[from] brn
|upkeep
|turn|18
|
|t:|1758337628
|move|p2a: Cryogonal|Freeze-Dry|p1a: Milotic
|-supereffective|p1a: Milotic
|-damage|p1a: Milotic|19/100 brn
|move|p1a: Milotic|Recover|p1a: Milotic
|-heal|p1a: Milotic|69/100 brn
|
|-damage|p2a: Cryogonal|77/100 brn|[from] brn
|-damage|p1a: Milotic|63/100 brn|[from] brn
|upkeep
|turn|19
|
|t:|1758337638
|switch|p2a: Espeon|Espeon, M|48/100
|move|p1a: Milotic|Recover|p1a: Milotic
|-heal|p1a: Milotic|100/100 brn
|
|-damage|p1a: Milotic|94/100 brn|[from] brn
|upkeep
|turn|20
|
|t:|1758337647
|move|p2a: Espeon|Light Screen|p2a: Espeon
|-sidestart|p2: gigapoophater|move: Light Screen
|move|p1a: Milotic|Scald|p2a: Espeon
|-damage|p2a: Espeon|33/100
|-status|p2a: Espeon|brn
|
|-damage|p2a: Espeon|27/100 brn|[from] brn
|-damage|p1a: Milotic|88/100 brn|[from] brn
|upkeep
|turn|21
|
|t:|1758337658
|move|p2a: Espeon|Future Sight|p1a: Milotic
|-start|p2a: Espeon|move: Future Sight
|move|p1a: Milotic|Scald|p2a: Espeon
|-damage|p2a: Espeon|10/100 brn
|
|-damage|p2a: Espeon|4/100 brn|[from] brn
|-damage|p1a: Milotic|82/100 brn|[from] brn
|upkeep
|turn|22
|
|t:|1758337671
|move|p2a: Espeon|Reflect|p2a: Espeon
|-sidestart|p2: gigapoophater|Reflect
|move|p1a: Milotic|Scald|p2a: Espeon
|-damage|p2a: Espeon|0 fnt
|faint|p2a: Espeon
|
|-damage|p1a: Milotic|76/100 brn|[from] brn
|upkeep
|
|t:|1758337674
|switch|p2a: toadalizer|Bellibolt, F, shiny|100/100
|turn|23
|
|t:|1758337683
|switch|p1a: Blissey|Blissey, F, shiny|100/100
|move|p2a: toadalizer|Parabolic Charge|p1a: Blissey
|-damage|p1a: Blissey|81/100
|
|-end|p1a: Blissey|move: Future Sight
|-damage|p1a: Blissey|62/100
|-heal|p1a: Blissey|69/100|[from] item: Leftovers
|upkeep
|turn|24
|
|t:|1758337696
|switch|p2a: Bastiodon|Bastiodon, F|100/100
|move|p1a: Blissey|Soft-Boiled|p1a: Blissey
|-heal|p1a: Blissey|100/100
|
|-sideend|p2: gigapoophater|move: Light Screen
|upkeep
|turn|25
|
|t:|1758337709
|switch|p1a: Gliscor|Gliscor, M, shiny|100/100 tox
|move|p2a: Bastiodon|Iron Defense|p2a: Bastiodon
|-boost|p2a: Bastiodon|def|2
|
|upkeep
|turn|26
|
|t:|1758337721
|-terastallize|p2a: Bastiodon|Flying
|move|p1a: Gliscor|Taunt|p2a: Bastiodon
|-start|p2a: Bastiodon|move: Taunt
|cant|p2a: Bastiodon|move: Taunt|Stealth Rock
|
|-sideend|p2: gigapoophater|Reflect
|upkeep
|turn|27
|
|t:|1758337731
|switch|p1a: Milotic|Milotic, M, shiny|76/100 brn
|move|p2a: Bastiodon|Body Press|p1a: Milotic
|-damage|p1a: Milotic|34/100 brn
|
|-damage|p1a: Milotic|28/100 brn|[from] brn
|upkeep
|turn|28
|
|t:|1758337741
|switch|p1a: Gliscor|Gliscor, M, shiny|100/100 tox
|move|p2a: Bastiodon|Body Press|p1a: Gliscor
|-resisted|p1a: Gliscor
|-damage|p1a: Gliscor|77/100 tox
|
|-heal|p1a: Gliscor|89/100 tox|[from] ability: Poison Heal
|-end|p2a: Bastiodon|move: Taunt
|upkeep
|turn|29
|
|t:|1758337753
|move|p1a: Gliscor|Taunt|p2a: Bastiodon
|-start|p2a: Bastiodon|move: Taunt
|move|p2a: Bastiodon|Foul Play|p1a: Gliscor
|-damage|p1a: Gliscor|75/100 tox
|
|-heal|p1a: Gliscor|87/100 tox|[from] ability: Poison Heal
|upkeep
|turn|30
|
|t:|1758337771
|switch|p2a: Meowscarada|Meowscarada, M|100/100 par
|move|p1a: Gliscor|Knock Off|p2a: Meowscarada
|-resisted|p2a: Meowscarada
|-damage|p2a: Meowscarada|82/100 par
|-enditem|p2a: Meowscarada|Terrain Extender|[from] move: Knock Off|[of] p1a: Gliscor
|
|-heal|p1a: Gliscor|99/100 tox|[from] ability: Poison Heal
|upkeep
|turn|31
|
|t:|1758337787
|switch|p1a: Blissey|Blissey, F, shiny|100/100
|move|p2a: Meowscarada|Triple Axel|p1a: Blissey
|-start|p2a: Meowscarada|typechange|Ice|[from] ability: Protean
|-damage|p1a: Blissey|93/100
|-damage|p1a: Blissey|78/100
|-hitcount|p1a: Blissey|2
|
|-heal|p1a: Blissey|84/100|[from] item: Leftovers
|upkeep
|turn|32
|
|t:|1758337805
|move|p2a: Meowscarada|Knock Off|p1a: Blissey
|-damage|p1a: Blissey|58/100
|-enditem|p1a: Blissey|Leftovers|[from] move: Knock Off|[of] p2a: Meowscarada
|move|p1a: Blissey|Flamethrower|p2a: Meowscarada
|-supereffective|p2a: Meowscarada
|-damage|p2a: Meowscarada|33/100 par
|
|upkeep
|turn|33
|
|t:|1758337823
|move|p2a: Meowscarada|Triple Axel|p1a: Blissey
|-damage|p1a: Blissey|49/100
|-damage|p1a: Blissey|33/100
|-damage|p1a: Blissey|10/100
|-hitcount|p1a: Blissey|3
|move|p1a: Blissey|Soft-Boiled|p1a: Blissey
|-heal|p1a: Blissey|60/100
|
|upkeep
|turn|34
|
|t:|1758337840
|move|p2a: Meowscarada|Flower Trick|p1a: Blissey
|-crit|p1a: Blissey
|-damage|p1a: Blissey|33/100
|move|p1a: Blissey|Soft-Boiled|p1a: Blissey
|-heal|p1a: Blissey|83/100
|
|upkeep
|turn|35
|
|t:|1758337855
|switch|p2a: toadalizer|Bellibolt, F, shiny|100/100
|move|p1a: Blissey|Flamethrower|p2a: toadalizer
|-damage|p2a: toadalizer|86/100
|-start|p2a: toadalizer|Charge|Flamethrower|[from] ability: Electromorphosis
|
|upkeep
|turn|36
|
|t:|1758337865
|move|p1a: Blissey|Calm Mind|p1a: Blissey
|-boost|p1a: Blissey|spa|1
|-boost|p1a: Blissey|spd|1
|move|p2a: toadalizer|Parabolic Charge|p1a: Blissey
|-damage|p1a: Blissey|60/100
|-heal|p2a: toadalizer|100/100|[from] drain|[of] p1a: Blissey
|-end|p2a: toadalizer|Charge|[silent]
|
|upkeep
|turn|37
|
|t:|1758337876
|move|p1a: Blissey|Soft-Boiled|p1a: Blissey
|-heal|p1a: Blissey|100/100
|move|p2a: toadalizer|Parabolic Charge|p1a: Blissey
|-damage|p1a: Blissey|88/100
|
|upkeep
|turn|38
|
|t:|1758337884
|switch|p2a: Meowscarada|Meowscarada, M|33/100 par
|move|p1a: Blissey|Calm Mind|p1a: Blissey
|-boost|p1a: Blissey|spa|1
|-boost|p1a: Blissey|spd|1
|
|upkeep
|turn|39
|
|t:|1758337892
|move|p2a: Meowscarada|Flower Trick|p1a: Blissey
|-start|p2a: Meowscarada|typechange|Grass|[from] ability: Protean
|-crit|p1a: Blissey
|-damage|p1a: Blissey|46/100
|move|p1a: Blissey|Flamethrower|p2a: Meowscarada
|-supereffective|p2a: Meowscarada
|-damage|p2a: Meowscarada|0 fnt
|faint|p2a: Meowscarada
|
|upkeep
|
|t:|1758337900
|switch|p2a: Bastiodon|Bastiodon, F, tera:Flying|100/100
|turn|40
|
|t:|1758337911
|switch|p1a: Gliscor|Gliscor, M, shiny|99/100 tox
|move|p2a: Bastiodon|Body Press|p1a: Gliscor
|-resisted|p1a: Gliscor
|-damage|p1a: Gliscor|86/100 tox
|
|-heal|p1a: Gliscor|99/100 tox|[from] ability: Poison Heal
|upkeep
|turn|41
|
|t:|1758337926
|switch|p2a: Cryogonal|Cryogonal|77/100 brn
|move|p1a: Gliscor|Knock Off|p2a: Cryogonal
|-damage|p2a: Cryogonal|44/100 brn
|-enditem|p2a: Cryogonal|Assault Vest|[from] move: Knock Off|[of] p1a: Gliscor
|
|-heal|p1a: Gliscor|100/100 tox|[from] ability: Poison Heal
|-damage|p2a: Cryogonal|38/100 brn|[from] brn
|upkeep
|turn|42
|
|t:|1758337938
|switch|p1a: Alomomola|Alomomola, M, shiny|100/100
|move|p2a: Cryogonal|Freeze-Dry|p1a: Alomomola
|-supereffective|p1a: Alomomola
|-damage|p1a: Alomomola|45/100
|
|-damage|p2a: Cryogonal|32/100 brn|[from] brn
|upkeep
|turn|43
|
|t:|1758337950
|switch|p1a: Blissey|Blissey, F, shiny|46/100
|move|p2a: Cryogonal|Freeze-Dry|p1a: Blissey
|-damage|p1a: Blissey|38/100
|-status|p1a: Blissey|frz
|
|-damage|p2a: Cryogonal|26/100 brn|[from] brn
|upkeep
|turn|44
|
|t:|1758337969
|switch|p2a: Bastiodon|Bastiodon, F, tera:Flying|100/100
|cant|p1a: Blissey|frz
|
|upkeep
|turn|45
|
|t:|1758337977
|-curestatus|p1a: Blissey|frz|[from] ability: Natural Cure
|switch|p1a: Gliscor|Gliscor, M, shiny|100/100 tox
|move|p2a: Bastiodon|Stealth Rock|p1a: Gliscor
|-sidestart|p1: sushuishuisu|move: Stealth Rock
|
|upkeep
|turn|46
|
|t:|1758337992
|switch|p2a: Cryogonal|Cryogonal|26/100 brn
|move|p1a: Gliscor|Toxic Spikes|p2a: Cryogonal
|-sidestart|p2: gigapoophater|move: Toxic Spikes
|
|-damage|p2a: Cryogonal|20/100 brn|[from] brn
|upkeep
|turn|47
|
|t:|1758338003
|switch|p1a: Blissey|Blissey, F, shiny|38/100
|-damage|p1a: Blissey|25/100|[from] Stealth Rock
|move|p2a: Cryogonal|Rapid Spin|p1a: Blissey
|-damage|p1a: Blissey|23/100
|-boost|p2a: Cryogonal|spe|1
|-sideend|p2: gigapoophater|Toxic Spikes|[from] move: Rapid Spin|[of] p2a: Cryogonal
|
|-damage|p2a: Cryogonal|14/100 brn|[from] brn
|upkeep
|turn|48
|
|t:|1758338014
|move|p2a: Cryogonal|Freeze-Dry|p1a: Blissey
|-damage|p1a: Blissey|14/100
|move|p1a: Blissey|Soft-Boiled|p1a: Blissey
|-heal|p1a: Blissey|64/100
|
|-damage|p2a: Cryogonal|8/100 brn|[from] brn
|upkeep
|turn|49
|
|t:|1758338027
|switch|p2a: Bastiodon|Bastiodon, F, tera:Flying|100/100
|move|p1a: Blissey|Soft-Boiled|p1a: Blissey
|-heal|p1a: Blissey|100/100
|
|upkeep
|turn|50
|
|t:|1758338036
|switch|p1a: Gliscor|Gliscor, M, shiny|100/100 tox
|-damage|p1a: Gliscor|88/100 tox|[from] Stealth Rock
|move|p2a: Bastiodon|Iron Defense|p2a: Bastiodon
|-boost|p2a: Bastiodon|def|2
|
|-heal|p1a: Gliscor|100/100 tox|[from] ability: Poison Heal
|upkeep
|turn|51
|
|t:|1758338046
|move|p1a: Gliscor|Toxic Spikes|p2a: Bastiodon
|-sidestart|p2: gigapoophater|move: Toxic Spikes
|move|p2a: Bastiodon|Iron Defense|p2a: Bastiodon
|-boost|p2a: Bastiodon|def|2
|
|upkeep
|turn|52
|
|t:|1758338058
|move|p1a: Gliscor|Taunt|p2a: Bastiodon
|-start|p2a: Bastiodon|move: Taunt
|cant|p2a: Bastiodon|move: Taunt|Iron Defense
|
|upkeep
|turn|53
|
|t:|1758338063
|move|p1a: Gliscor|Toxic Spikes|p2a: Bastiodon
|-sidestart|p2: gigapoophater|move: Toxic Spikes
|move|p2a: Bastiodon|Body Press|p1a: Gliscor
|-resisted|p1a: Gliscor
|-damage|p1a: Gliscor|65/100 tox
|
|-heal|p1a: Gliscor|77/100 tox|[from] ability: Poison Heal
|upkeep
|turn|54
|
|t:|1758338072
|move|p1a: Gliscor|Knock Off|p2a: Bastiodon
|-damage|p2a: Bastiodon|97/100
|-damage|p1a: Gliscor|60/100 tox|[from] item: Rocky Helmet|[of] p2a: Bastiodon
|-enditem|p2a: Bastiodon|Rocky Helmet|[from] move: Knock Off|[of] p1a: Gliscor
|move|p2a: Bastiodon|Foul Play|p1a: Gliscor
|-damage|p1a: Gliscor|47/100 tox
|
|-heal|p1a: Gliscor|59/100 tox|[from] ability: Poison Heal
|-end|p2a: Bastiodon|move: Taunt
|upkeep
|turn|55
|
|t:|1758338089
|move|p1a: Gliscor|Taunt|p2a: Bastiodon
|-start|p2a: Bastiodon|move: Taunt
|move|p2a: Bastiodon|Foul Play|p1a: Gliscor
|-damage|p1a: Gliscor|46/100 tox
|
|-heal|p1a: Gliscor|59/100 tox|[from] ability: Poison Heal
|upkeep
|turn|56
|
|t:|1758338098
|move|p1a: Gliscor|Knock Off|p2a: Bastiodon
|-crit|p2a: Bastiodon
|-damage|p2a: Bastiodon|86/100
|move|p2a: Bastiodon|Foul Play|p1a: Gliscor
|-damage|p1a: Gliscor|45/100 tox
|
|-heal|p1a: Gliscor|58/100 tox|[from] ability: Poison Heal
|upkeep
|turn|57
|
|t:|1758338108
|move|p1a: Gliscor|Stealth Rock|p2a: Bastiodon
|-sidestart|p2: gigapoophater|move: Stealth Rock
|move|p2a: Bastiodon|Foul Play|p1a: Gliscor
|-damage|p1a: Gliscor|44/100 tox
|
|-heal|p1a: Gliscor|56/100 tox|[from] ability: Poison Heal
|-end|p2a: Bastiodon|move: Taunt
|upkeep
|turn|58
|
|t:|1758338128
|move|p1a: Gliscor|Taunt|p2a: Bastiodon
|-start|p2a: Bastiodon|move: Taunt
|move|p2a: Bastiodon|Body Press|p1a: Gliscor
|-resisted|p1a: Gliscor
|-damage|p1a: Gliscor|20/100 tox
|
|-heal|p1a: Gliscor|32/100 tox|[from] ability: Poison Heal
|upkeep
|turn|59
|
|t:|1758338139
|switch|p1a: Alomomola|Alomomola, M, shiny|79/100
|-damage|p1a: Alomomola|66/100|[from] Stealth Rock
|move|p2a: Bastiodon|Body Press|p1a: Alomomola
|-damage|p1a: Alomomola|5/100
|-damage|p2a: Bastiodon|69/100|[from] item: Rocky Helmet|[of] p1a: Alomomola
|
|upkeep
|turn|60
|
|t:|1758338149
|switch|p1a: Gliscor|Gliscor, M, shiny|32/100 tox
|-damage|p1a: Gliscor|20/100 tox|[from] Stealth Rock
|move|p2a: Bastiodon|Foul Play|p1a: Gliscor
|-crit|p1a: Gliscor
|-damage|p1a: Gliscor|0 fnt
|faint|p1a: Gliscor
|
|-end|p2a: Bastiodon|move: Taunt
|upkeep
|
|t:|1758338161
|switch|p1a: Milotic|Milotic, M, shiny|28/100 brn
|-damage|p1a: Milotic|15/100 brn|[from] Stealth Rock
|turn|61
|
|t:|1758338171
|move|p1a: Milotic|Recover|p1a: Milotic
|-heal|p1a: Milotic|65/100 brn
|move|p2a: Bastiodon|Body Press|p1a: Milotic
|-damage|p1a: Milotic|0 fnt
|faint|p1a: Milotic
|
|upkeep
|
|t:|1758338179
|switch|p1a: Blissey|Blissey, F, shiny|100/100
|-damage|p1a: Blissey|88/100|[from] Stealth Rock
|turn|62
|
|t:|1758338184
|move|p1a: Blissey|Thunder Wave|p2a: Bastiodon|[miss]
|-miss|p1a: Blissey|p2a: Bastiodon
|move|p2a: Bastiodon|Body Press|p1a: Blissey
|-supereffective|p1a: Blissey
|-damage|p1a: Blissey|0 fnt
|faint|p1a: Blissey
|
|upkeep
|-message|sushuishuisu forfeited.
|
|win|gigapoophater
|raw|sushuishuisu's rating: 1081 &rarr; <strong>1060</strong><br />(-21 for losing)
|raw|gigapoophater's rating: 1099 &rarr; <strong>1123</strong><br />(+24 for winning)
|l|☆sushuishuisu
|player|p1|
|c|☆gigapoophater|ggs
|c|☆gigapoophater|wow
