|j|☆Lushano
|j|☆Zcu3
|t:|1758318225
|gametype|singles
|player|p1|Lushano|cynthia-masters|1168
|player|p2|Zcu3|alder|1182
|gen|9
|tier|[Gen 9] OU
|rated|
|rule|HP Percentage Mod: HP is shown in percentages
|rule|Endless Battle Clause: Forcing endless battles is banned
|rule|Species Clause: Limit one of each Pokémon
|rule|OHKO Clause: OHKO moves are banned
|rule|Evasion Items Clause: Evasion items are banned
|rule|Evasion Moves Clause: Evasion moves are banned
|rule|Evasion Abilities Clause: Evasion abilities are banned
|rule|Sleep Moves Clause: Sleep-inducing moves are banned
|clearpoke
|poke|p1|Infernape, M|
|poke|p1|Garganacl, M|
|poke|p1|Dragapult, M|
|poke|p1|Blissey, F|
|poke|p1|Ogerpon-Wellspring, F|
|poke|p1|Enamorus, F|
|poke|p2|Porygon-Z|
|poke|p2|Avalugg-Hisui, M|
|poke|p2|Coalossal, F|
|poke|p2|Sinistcha-Masterpiece|
|poke|p2|Primeape, M|
|poke|p2|Dragalge, F|
|teampreview
|inactive|Battle timer is ON: inactive players will automatically lose when time's up. (requested by Lushano)
|inactive|Zcu3 has 120 seconds left.
|
|t:|1758318261
|teamsize|p1|6
|teamsize|p2|6
|start
|switch|p1a: Ogerpon|Ogerpon-Wellspring, F|100/100
|switch|p2a: Avalugg|Avalugg-Hisui, M|100/100
|turn|1
|
|t:|1758318270
|move|p1a: Ogerpon|Ivy Cudgel|p2a: Avalugg|[anim] Ivy Cudgel Water
|-supereffective|p2a: Avalugg
|-damage|p2a: Avalugg|26/100
|move|p2a: Avalugg|Icicle Spear|p1a: Ogerpon
|-damage|p1a: Ogerpon|83/100
|-damage|p1a: Ogerpon|66/100
|-damage|p1a: Ogerpon|50/100
|-damage|p1a: Ogerpon|35/100
|-hitcount|p1a: Ogerpon|4
|
|upkeep
|turn|2
|
|t:|1758318281
|move|p1a: Ogerpon|Ivy Cudgel|p2a: Avalugg|[anim] Ivy Cudgel Water
|-supereffective|p2a: Avalugg
|-damage|p2a: Avalugg|0 fnt
|faint|p2a: Avalugg
|
|upkeep
|
|t:|1758318289
|switch|p2a: Dragalge|Dragalge, F, shiny|100/100
|turn|3
|
|t:|1758318295
|move|p1a: Ogerpon|Ivy Cudgel|p2a: Dragalge|[anim] Ivy Cudgel Water
|-resisted|p2a: Dragalge
|-damage|p2a: Dragalge|70/100
|move|p2a: Dragalge|Toxic Spikes|p1a: Ogerpon
|-sidestart|p1: Lushano|move: Toxic Spikes
|
|upkeep
|turn|4
|
|t:|1758318301
|move|p1a: Ogerpon|Ivy Cudgel|p2a: Dragalge|[anim] Ivy Cudgel Water
|-resisted|p2a: Dragalge
|-damage|p2a: Dragalge|38/100
|move|p2a: Dragalge|Toxic Spikes|p1a: Ogerpon
|-sidestart|p1: Lushano|move: Toxic Spikes
|
|upkeep
|turn|5
|
|t:|1758318306
|move|p1a: Ogerpon|Encore|p2a: Dragalge
|-start|p2a: Dragalge|Encore
|move|p2a: Dragalge|Toxic Spikes||[still]
|-fail|p2a: Dragalge
|
|upkeep
|turn|6
|
|t:|1758318311
|switch|p2a: Sinistcha|Sinistcha-Masterpiece, shiny|100/100
|move|p1a: Ogerpon|Ivy Cudgel|p2a: Sinistcha|[anim] Ivy Cudgel Water
|-resisted|p2a: Sinistcha
|-damage|p2a: Sinistcha|80/100
|
|upkeep
|turn|7
|
|t:|1758318325
|move|p1a: Ogerpon|Ivy Cudgel|p2a: Sinistcha|[anim] Ivy Cudgel Water
|-resisted|p2a: Sinistcha
|-damage|p2a: Sinistcha|59/100
|move|p2a: Sinistcha|Matcha Gotcha|p1a: Ogerpon
|-damage|p1a: Ogerpon|0 fnt
|-heal|p2a: Sinistcha|74/100|[from] drain|[of] p1a: Ogerpon
|faint|p1a: Ogerpon
|
|upkeep
|
|t:|1758318344
|switch|p1a: Infernape|Infernape, M, shiny|100/100
|-status|p1a: Infernape|tox
|turn|8
|
|t:|1758318356
|switch|p2a: Dragalge|Dragalge, F, shiny|38/100
|move|p1a: Infernape|Swords Dance|p1a: Infernape
|-boost|p1a: Infernape|atk|2
|
|-damage|p1a: Infernape|94/100 tox|[from] psn
|upkeep
|turn|9
|
|t:|1758318381
|-terastallize|p1a: Infernape|Electric
|move|p1a: Infernape|Close Combat|p2a: Dragalge
|-resisted|p2a: Dragalge
|-damage|p2a: Dragalge|0 fnt
|-unboost|p1a: Infernape|def|1
|-unboost|p1a: Infernape|spd|1
|faint|p2a: Dragalge
|
|-damage|p1a: Infernape|82/100 tox|[from] psn
|upkeep
|inactive|Zcu3 has 120 seconds left.
|
|t:|1758318412
|switch|p2a: Sinistcha|Sinistcha-Masterpiece, shiny|74/100
|turn|10
|c|☆Lushano|Ngl you got some slow ahh pokemon
|
|t:|1758318419
|move|p1a: Infernape|Fire Punch|p2a: Sinistcha
|-supereffective|p2a: Sinistcha
|-damage|p2a: Sinistcha|22/100
|move|p2a: Sinistcha|Matcha Gotcha|p1a: Infernape
|-damage|p1a: Infernape|8/100 tox
|-heal|p2a: Sinistcha|53/100|[from] drain|[of] p1a: Infernape
|
|-damage|p1a: Infernape|0 fnt|[from] psn
|faint|p1a: Infernape
|upkeep
|
|t:|1758318430
|switch|p1a: Garganacl|Garganacl, M, shiny|100/100
|turn|11
|
|t:|1758318438
|move|p2a: Sinistcha|Calm Mind|p2a: Sinistcha
|-boost|p2a: Sinistcha|spa|1
|-boost|p2a: Sinistcha|spd|1
|move|p1a: Garganacl|Iron Defense|p1a: Garganacl
|-boost|p1a: Garganacl|def|2
|
|upkeep
|turn|12
|
|t:|1758318443
|move|p2a: Sinistcha|Matcha Gotcha|p1a: Garganacl
|-supereffective|p1a: Garganacl
|-damage|p1a: Garganacl|34/100
|-heal|p2a: Sinistcha|92/100|[from] drain|[of] p1a: Garganacl
|move|p1a: Garganacl|Salt Cure|p2a: Sinistcha
|-damage|p2a: Sinistcha|81/100
|-start|p2a: Sinistcha|Salt Cure
|
|-heal|p1a: Garganacl|41/100|[from] item: Leftovers
|-damage|p2a: Sinistcha|69/100|[from] Salt Cure
|upkeep
|turn|13
|
|t:|1758318450
|move|p2a: Sinistcha|Matcha Gotcha|p1a: Garganacl
|-supereffective|p1a: Garganacl
|-damage|p1a: Garganacl|0 fnt
|-heal|p2a: Sinistcha|92/100|[from] drain|[of] p1a: Garganacl
|faint|p1a: Garganacl
|
|-damage|p2a: Sinistcha|80/100|[from] Salt Cure
|upkeep
|
|t:|1758318460
|switch|p1a: Enamorus|Enamorus, F, shiny|100/100
|turn|14
|
|t:|1758318468
|switch|p2a: Coalossal|Coalossal, F, shiny|100/100
|move|p1a: Enamorus|Tailwind|p1a: Enamorus
|-sidestart|p1: Lushano|move: Tailwind
|
|upkeep
|turn|15
|
|t:|1758318476
|move|p1a: Enamorus|Superpower|p2a: Coalossal
|-supereffective|p2a: Coalossal
|-damage|p2a: Coalossal|39/100
|-boost|p1a: Enamorus|atk|1
|-boost|p1a: Enamorus|def|1
|-status|p1a: Enamorus|brn|[from] ability: Flame Body|[of] p2a: Coalossal
|-damage|p1a: Enamorus|90/100 brn|[from] item: Life Orb
|move|p2a: Coalossal|Fire Blast|p1a: Enamorus|[miss]
|-miss|p2a: Coalossal|p1a: Enamorus
|
|-damage|p1a: Enamorus|84/100 brn|[from] brn
|upkeep
|turn|16
|
|t:|1758318498
|-terastallize|p2a: Coalossal|Water
|move|p1a: Enamorus|Superpower|p2a: Coalossal
|-damage|p2a: Coalossal|17/100
|-boost|p1a: Enamorus|atk|1
|-boost|p1a: Enamorus|def|1
|-damage|p1a: Enamorus|74/100 brn|[from] item: Life Orb
|move|p2a: Coalossal|Fire Blast|p1a: Enamorus
|-damage|p1a: Enamorus|26/100 brn
|
|-damage|p1a: Enamorus|19/100 brn|[from] brn
|upkeep
|turn|17
|
|t:|1758318510
|move|p1a: Enamorus|Extrasensory|p2a: Coalossal
|-damage|p2a: Coalossal|0 fnt
|faint|p2a: Coalossal
|-damage|p1a: Enamorus|9/100 brn|[from] item: Life Orb
|
|-damage|p1a: Enamorus|3/100 brn|[from] brn
|-sideend|p1: Lushano|move: Tailwind
|upkeep
|
|t:|1758318517
|switch|p2a: Porygon-Z|Porygon-Z|100/100
|turn|18
|
|t:|1758318519
|move|p1a: Enamorus|Tailwind|p1a: Enamorus
|-sidestart|p1: Lushano|move: Tailwind
|move|p2a: Porygon-Z|Agility|p2a: Porygon-Z
|-boost|p2a: Porygon-Z|spe|2
|
|-damage|p1a: Enamorus|0 fnt|[from] brn
|faint|p1a: Enamorus
|upkeep
|
|t:|1758318535
|switch|p1a: Dragapult|Dragapult, M, shiny|100/100
|-status|p1a: Dragapult|tox
|turn|19
|
|t:|1758318545
|move|p1a: Dragapult|Dragon Dance|p1a: Dragapult
|-boost|p1a: Dragapult|atk|1
|-boost|p1a: Dragapult|spe|1
|move|p2a: Porygon-Z|Ice Beam|p1a: Dragapult
|-supereffective|p1a: Dragapult
|-damage|p1a: Dragapult|11/100 tox
|
|-damage|p1a: Dragapult|5/100 tox|[from] psn
|upkeep
|turn|20
|
|t:|1758318552
|move|p1a: Dragapult|Dragon Darts|p2a: Porygon-Z
|-damage|p2a: Porygon-Z|34/100
|-anim|p1a: Dragapult|Dragon Darts|p2a: Porygon-Z
|-damage|p2a: Porygon-Z|0 fnt
|faint|p2a: Porygon-Z
|-damage|p1a: Dragapult|0 fnt|[from] item: Life Orb
|faint|p1a: Dragapult
|
|upkeep
|
|t:|1758318556
|switch|p1a: Blissey|Blissey, F, shiny|100/100
|switch|p2a: Primeape|Primeape, M|100/100
|-status|p1a: Blissey|tox
|turn|21
|
|t:|1758318560
|move|p1a: Blissey|Fling|p2a: Primeape
|-resisted|p2a: Primeape
|-damage|p2a: Primeape|99/100
|-status|p2a: Primeape|psn
|-enditem|p1a: Blissey|Poison Barb|[from] move: Fling
|move|p2a: Primeape|Bulk Up|p2a: Primeape
|-boost|p2a: Primeape|atk|1
|-boost|p2a: Primeape|def|1
|
|-damage|p1a: Blissey|94/100 tox|[from] psn
|-damage|p2a: Primeape|86/100 psn|[from] psn
|-sideend|p1: Lushano|move: Tailwind
|upkeep
|turn|22
|c|☆Lushano|Gg
|
|t:|1758318571
|move|p2a: Primeape|Drain Punch|p1a: Blissey
|-supereffective|p1a: Blissey
|-damage|p1a: Blissey|0 fnt
|-heal|p2a: Primeape|100/100 psn|[from] drain|[of] p1a: Blissey
|faint|p1a: Blissey
|
|win|Zcu3
|raw|Lushano's rating: 1168 &rarr; <strong>1144</strong><br />(-24 for losing)
|raw|Zcu3's rating: 1182 &rarr; <strong>1206</strong><br />(+24 for winning)
|l|☆Lushano
|player|p1|
|l|☆Zcu3
|player|p2|
