|j|☆Rainbowcoloredtea
|j|☆holyapndx123
|t:|1758362561
|gametype|singles
|player|p1|Rainbowcoloredtea|hilda|1077
|player|p2|holyapndx123|blue|1042
|gen|9
|tier|[Gen 9] OU
|rated|
|rule|HP Percentage Mod: HP is shown in percentages
|rule|Endless Battle Clause: Forcing endless battles is banned
|rule|Species Clause: Limit one of each Pokémon
|rule|OHKO Clause: OHKO moves are banned
|rule|Evasion Items Clause: Evasion items are banned
|rule|Evasion Moves Clause: Evasion moves are banned
|rule|Evasion Abilities Clause: Evasion abilities are banned
|rule|Sleep Moves Clause: Sleep-inducing moves are banned
|clearpoke
|poke|p1|Great Tusk|
|poke|p1|Torkoal, M|
|poke|p1|Charizard, F|
|poke|p1|Landorus-Therian, M|
|poke|p1|Heatran, M|
|poke|p1|Walking Wake|
|poke|p2|Smeargle, M|
|poke|p2|Greninja-*, M|
|poke|p2|Pecharunt|
|poke|p2|Probopass, M|
|poke|p2|Ceruledge, M|
|poke|p2|Salamence, F|
|teampreview
|inactive|Battle timer is ON: inactive players will automatically lose when time's up. (requested by Rainbowcoloredtea)
|
|t:|1758362568
|teamsize|p1|6
|teamsize|p2|6
|start
|switch|p1a: Torkoal|Torkoal, M|100/100
|switch|p2a: Foster|Smeargle, M|100/100
|-weather|SunnyDay|[from] ability: Drought|[of] p1a: Torkoal
|turn|1
|-activate|p2a: Foster|item: Quick Claw
|
|t:|1758362581
|move|p2a: Foster|Stealth Rock|p1a: Torkoal
|-sidestart|p1: Rainbowcoloredtea|move: Stealth Rock
|move|p1a: Torkoal|Fire Blast|p2a: Foster
|-damage|p2a: Foster|0 fnt
|faint|p2a: Foster
|
|-weather|SunnyDay|[upkeep]
|upkeep
|
|t:|1758362605
|switch|p2a: Sheldon|Salamence, F|100/100
|-ability|p2a: Sheldon|Intimidate|boost
|-unboost|p1a: Torkoal|atk|1
|turn|2
|
|t:|1758362614
|move|p2a: Sheldon|Dragon Dance|p2a: Sheldon
|-boost|p2a: Sheldon|atk|1
|-boost|p2a: Sheldon|spe|1
|move|p1a: Torkoal|Rapid Spin|p2a: Sheldon
|-damage|p2a: Sheldon|93/100
|-boost|p1a: Torkoal|spe|1
|-sideend|p1: Rainbowcoloredtea|Stealth Rock|[from] move: Rapid Spin|[of] p1a: Torkoal
|
|-weather|SunnyDay|[upkeep]
|upkeep
|turn|3
|
|t:|1758362624
|move|p2a: Sheldon|Dragon Dance|p2a: Sheldon
|-boost|p2a: Sheldon|atk|1
|-boost|p2a: Sheldon|spe|1
|move|p1a: Torkoal|Clear Smog|p2a: Sheldon
|-damage|p2a: Sheldon|78/100
|-clearboost|p2a: Sheldon
|
|-weather|SunnyDay|[upkeep]
|upkeep
|turn|4
|
|t:|1758362637
|move|p2a: Sheldon|Crunch|p1a: Torkoal
|-damage|p1a: Torkoal|79/100
|move|p1a: Torkoal|Clear Smog|p2a: Sheldon
|-crit|p2a: Sheldon
|-damage|p2a: Sheldon|57/100
|-clearboost|p2a: Sheldon
|
|-weather|SunnyDay|[upkeep]
|upkeep
|turn|5
|
|t:|1758362659
|switch|p1a: Charizard|Charizard, F, shiny|100/100
|move|p2a: Sheldon|Dragon Claw|p1a: Charizard
|-damage|p1a: Charizard|44/100
|
|-weather|SunnyDay|[upkeep]
|-damage|p1a: Charizard|31/100|[from] ability: Solar Power|[of] p1a: Charizard
|upkeep
|turn|6
|
|t:|1758362671
|move|p1a: Charizard|Dragon Pulse|p2a: Sheldon
|-supereffective|p2a: Sheldon
|-damage|p2a: Sheldon|0 fnt
|faint|p2a: Sheldon
|
|-weather|SunnyDay|[upkeep]
|-damage|p1a: Charizard|19/100|[from] ability: Solar Power|[of] p1a: Charizard
|upkeep
|
|t:|1758362684
|switch|p2a: Greninja|Greninja, M|100/100
|turn|7
|
|t:|1758362699
|switch|p1a: Walking Wake|Walking Wake|100/100
|-activate|p1a: Walking Wake|ability: Protosynthesis
|-start|p1a: Walking Wake|protosynthesisspe
|move|p2a: Greninja|Spikes|p1a: Walking Wake
|-start|p2a: Greninja|typechange|Ground|[from] ability: Protean
|-sidestart|p1: Rainbowcoloredtea|Spikes
|
|-weather|SunnyDay|[upkeep]
|upkeep
|turn|8
|
|t:|1758362713
|move|p1a: Walking Wake|Hydro Steam|p2a: Greninja
|-supereffective|p2a: Greninja
|-damage|p2a: Greninja|0 fnt
|faint|p2a: Greninja
|-damage|p1a: Walking Wake|91/100|[from] item: Life Orb
|
|-weather|none
|-end|p1a: Walking Wake|Protosynthesis
|upkeep
|-message|holyapndx123 forfeited.
|
|win|Rainbowcoloredtea
|raw|Rainbowcoloredtea's rating: 1077 &rarr; <strong>1103</strong><br />(+26 for winning)
|raw|holyapndx123's rating: 1042 &rarr; <strong>1027</strong><br />(-15 for losing)
|l|☆holyapndx123
|player|p2|
