|j|☆cthulhuux
|j|☆mattsprojectlife
|t:|1758345979
|gametype|singles
|player|p1|cthulhuux|clemont|1131
|player|p2|mattsprojectlife|101|1130
|gen|9
|tier|[Gen 9] OU
|rated|
|rule|HP Percentage Mod: HP is shown in percentages
|rule|Endless Battle Clause: Forcing endless battles is banned
|rule|Species Clause: Limit one of each Pokémon
|rule|OHKO Clause: OHKO moves are banned
|rule|Evasion Items Clause: Evasion items are banned
|rule|Evasion Moves Clause: Evasion moves are banned
|rule|Evasion Abilities Clause: Evasion abilities are banned
|rule|Sleep Moves Clause: Sleep-inducing moves are banned
|clearpoke
|poke|p1|Iron Thorns|
|poke|p1|Skeledirge, M|
|poke|p1|Toxapex, F|
|poke|p1|Iron Jugulis|
|poke|p1|Heracross, F|
|poke|p1|Deoxys-Speed|
|poke|p2|Electivire, F|
|poke|p2|Sceptile, F|
|poke|p2|Swampert, F|
|poke|p2|Gliscor, M|
|poke|p2|Salamence, M|
|poke|p2|Gyarados, M|
|teampreview
|inactive|Battle timer is ON: inactive players will automatically lose when time's up. (requested by cthulhuux)
|
|t:|1758345998
|teamsize|p1|6
|teamsize|p2|6
|start
|switch|p1a: Buggo|Heracross, F|100/100
|switch|p2a: Swampert|Swampert, F|100/100
|turn|1
|
|t:|1758346008
|move|p1a: Buggo|Bullet Seed|p2a: Swampert
|-supereffective|p2a: Swampert
|-damage|p2a: Swampert|70/100
|-supereffective|p2a: Swampert
|-damage|p2a: Swampert|39/100
|-supereffective|p2a: Swampert
|-damage|p2a: Swampert|6/100
|-supereffective|p2a: Swampert
|-damage|p2a: Swampert|0 fnt
|faint|p2a: Swampert
|-ability|p1a: Buggo|Moxie|boost
|-boost|p1a: Buggo|atk|1
|-hitcount|p2: Swampert|4
|
|upkeep
|
|t:|1758346020
|switch|p2a: Salamence|Salamence, M|100/100
|-ability|p2a: Salamence|Intimidate|boost
|-unboost|p1a: Buggo|atk|1
|turn|2
|
|t:|1758346037
|switch|p1a: Purple Haze|Toxapex, F|100/100
|move|p2a: Salamence|Draco Meteor|p1a: Purple Haze
|-damage|p1a: Purple Haze|46/100
|-unboost|p2a: Salamence|spa|2
|
|upkeep
|turn|3
|
|t:|1758346062
|switch|p2a: Gliscor|Gliscor, M|100/100
|switch|p1a: Canti|Deoxys-Speed|100/100
|-ability|p1a: Canti|Pressure
|
|-status|p2a: Gliscor|tox|[from] item: Toxic Orb
|upkeep
|turn|4
|
|t:|1758346076
|move|p1a: Canti|Nasty Plot|p1a: Canti
|-boost|p1a: Canti|spa|2
|move|p2a: Gliscor|Poison Jab|p1a: Canti
|-damage|p1a: Canti|62/100
|-status|p1a: Canti|psn
|
|-damage|p1a: Canti|49/100 psn|[from] psn
|upkeep
|turn|5
|
|t:|1758346091
|switch|p2a: Electivire|Electivire, F|100/100
|move|p1a: Canti|Ice Beam|p2a: Electivire
|-damage|p2a: Electivire|64/100
|
|-damage|p1a: Canti|37/100 psn|[from] psn
|upkeep
|turn|6
|
|t:|1758346101
|switch|p1a: MetalGreymon|Iron Thorns, shiny|100/100
|-enditem|p1a: MetalGreymon|Booster Energy
|-activate|p1a: MetalGreymon|ability: Quark Drive|[fromitem]
|-start|p1a: MetalGreymon|quarkdriveatk
|move|p2a: Electivire|Knock Off|p1a: MetalGreymon
|-damage|p1a: MetalGreymon|79/100
|
|upkeep
|turn|7
|
|t:|1758346113
|switch|p2a: Gliscor|Gliscor, M|100/100 tox
|move|p1a: MetalGreymon|Earthquake|p2a: Gliscor
|-immune|p2a: Gliscor
|
|upkeep
|turn|8
|
|t:|1758346141
|-terastallize|p1a: MetalGreymon|Flying
|move|p1a: MetalGreymon|Ice Punch|p2a: Gliscor
|-supereffective|p2a: Gliscor
|-damage|p2a: Gliscor|0 fnt
|faint|p2a: Gliscor
|
|upkeep
|inactive|mattsprojectlife has 120 seconds left.
|
|t:|1758346177
|switch|p2a: Electivire|Electivire, F|64/100
|turn|9
|
|t:|1758346184
|move|p1a: MetalGreymon|Earthquake|p2a: Electivire
|-supereffective|p2a: Electivire
|-damage|p2a: Electivire|0 fnt
|faint|p2a: Electivire
|
|upkeep
|
|t:|1758346193
|switch|p2a: Salamence|Salamence, M|100/100
|-ability|p2a: Salamence|Intimidate|boost
|-unboost|p1a: MetalGreymon|atk|1
|turn|10
|
|t:|1758346205
|move|p2a: Salamence|Draco Meteor|p1a: MetalGreymon
|-damage|p1a: MetalGreymon|0 fnt
|-unboost|p2a: Salamence|spa|2
|faint|p1a: MetalGreymon
|-end|p1a: MetalGreymon|Quark Drive|[silent]
|
|upkeep
|
|t:|1758346215
|switch|p1a: Dual Hydranoid|Iron Jugulis|100/100
|-enditem|p1a: Dual Hydranoid|Booster Energy
|-activate|p1a: Dual Hydranoid|ability: Quark Drive|[fromitem]
|-start|p1a: Dual Hydranoid|quarkdrivespe
|turn|11
|inactive|mattsprojectlife has 120 seconds left.
|
|t:|1758346243
|switch|p2a: Sceptile|Sceptile, F|100/100
|move|p1a: Dual Hydranoid|Knock Off|p2a: Sceptile
|-damage|p2a: Sceptile|58/100
|-enditem|p2a: Sceptile|Loaded Dice|[from] move: Knock Off|[of] p1a: Dual Hydranoid
|
|upkeep
|turn|12
|
|t:|1758346261
|move|p2a: Sceptile|Drain Punch|p1a: Dual Hydranoid
|-damage|p1a: Dual Hydranoid|75/100
|-heal|p2a: Sceptile|72/100|[from] drain|[of] p1a: Dual Hydranoid
|move|p1a: Dual Hydranoid|Hurricane|p2a: Sceptile
|-supereffective|p2a: Sceptile
|-damage|p2a: Sceptile|0 fnt
|faint|p2a: Sceptile
|
|upkeep
|
|t:|1758346270
|switch|p2a: Salamence|Salamence, M|100/100
|-ability|p2a: Salamence|Intimidate|boost
|-unboost|p1a: Dual Hydranoid|atk|1
|turn|13
|
|t:|1758346278
|move|p1a: Dual Hydranoid|Knock Off|p2a: Salamence
|-damage|p2a: Salamence|80/100
|-enditem|p2a: Salamence|Choice Scarf|[from] move: Knock Off|[of] p1a: Dual Hydranoid
|move|p2a: Salamence|Draco Meteor|p1a: Dual Hydranoid
|-damage|p1a: Dual Hydranoid|0 fnt
|-unboost|p2a: Salamence|spa|2
|faint|p1a: Dual Hydranoid
|-end|p1a: Dual Hydranoid|Quark Drive|[silent]
|
|upkeep
|
|t:|1758346288
|switch|p1a: Canti|Deoxys-Speed|37/100 psn
|-ability|p1a: Canti|Pressure
|turn|14
|
|t:|1758346302
|switch|p2a: Gyarados|Gyarados, M|100/100
|-ability|p2a: Gyarados|Intimidate|boost
|-unboost|p1a: Canti|atk|1
|move|p1a: Canti|Ice Beam|p2a: Gyarados
|-damage|p2a: Gyarados|76/100
|
|-damage|p1a: Canti|25/100 psn|[from] psn
|upkeep
|turn|15
|
|t:|1758346311
|switch|p1a: Purple Haze|Toxapex, F|79/100
|move|p2a: Gyarados|Substitute|p2a: Gyarados
|-start|p2a: Gyarados|Substitute
|-damage|p2a: Gyarados|51/100
|
|upkeep
|turn|16
|inactive|mattsprojectlife has 120 seconds left.
|
|t:|1758346322
|move|p2a: Gyarados|Dragon Dance|p2a: Gyarados
|-boost|p2a: Gyarados|atk|1
|-boost|p2a: Gyarados|spe|1
|move|p1a: Purple Haze|Surf|p2a: Gyarados
|-resisted|p2a: Gyarados
|-activate|p2a: Gyarados|move: Substitute|[damage]
|
|upkeep
|turn|17
|
|t:|1758346330
|move|p2a: Gyarados|Dragon Dance|p2a: Gyarados
|-boost|p2a: Gyarados|atk|1
|-boost|p2a: Gyarados|spe|1
|move|p1a: Purple Haze|Haze|p1a: Purple Haze
|-clearallboost
|
|upkeep
|turn|18
|
|t:|1758346339
|move|p2a: Gyarados|Dragon Dance|p2a: Gyarados
|-boost|p2a: Gyarados|atk|1
|-boost|p2a: Gyarados|spe|1
|move|p1a: Purple Haze|Toxic||[still]
|-fail|p1a: Purple Haze
|
|upkeep
|turn|19
|
|t:|1758346346
|move|p2a: Gyarados|Waterfall|p1a: Purple Haze
|-resisted|p1a: Purple Haze
|-damage|p1a: Purple Haze|55/100
|-damage|p2a: Gyarados|41/100|[from] item: Life Orb
|cant|p1a: Purple Haze|flinch
|
|upkeep
|turn|20
|inactive|mattsprojectlife has 120 seconds left.
|
|t:|1758346401
|move|p2a: Gyarados|Waterfall|p1a: Purple Haze
|-resisted|p1a: Purple Haze
|-damage|p1a: Purple Haze|31/100
|-damage|p2a: Gyarados|31/100|[from] item: Life Orb
|move|p1a: Purple Haze|Haze|p1a: Purple Haze
|-clearallboost
|
|upkeep
|turn|21
|
|t:|1758346410
|switch|p2a: Salamence|Salamence, M|80/100
|-ability|p2a: Salamence|Intimidate|boost
|-unboost|p1a: Purple Haze|atk|1
|move|p1a: Purple Haze|Recover|p1a: Purple Haze
|-heal|p1a: Purple Haze|81/100
|
|upkeep
|turn|22
|
|t:|1758346419
|move|p2a: Salamence|Earthquake|p1a: Purple Haze
|-supereffective|p1a: Purple Haze
|-damage|p1a: Purple Haze|47/100
|move|p1a: Purple Haze|Toxic|p2a: Salamence
|-status|p2a: Salamence|tox
|
|-damage|p2a: Salamence|74/100 tox|[from] psn
|upkeep
|turn|23
|
|t:|1758346428
|move|p2a: Salamence|Draco Meteor|p1a: Purple Haze|[miss]
|-miss|p2a: Salamence|p1a: Purple Haze
|move|p1a: Purple Haze|Recover|p1a: Purple Haze
|-heal|p1a: Purple Haze|97/100
|
|-damage|p2a: Salamence|62/100 tox|[from] psn
|upkeep
|turn|24
|
|t:|1758346437
|move|p2a: Salamence|Earthquake|p1a: Purple Haze
|-supereffective|p1a: Purple Haze
|-damage|p1a: Purple Haze|62/100
|move|p1a: Purple Haze|Recover|p1a: Purple Haze
|-heal|p1a: Purple Haze|100/100
|
|-damage|p2a: Salamence|44/100 tox|[from] psn
|upkeep
|turn|25
|-message|mattsprojectlife forfeited.
|
|win|cthulhuux
|raw|cthulhuux's rating: 1131 &rarr; <strong>1156</strong><br />(+25 for winning)
|raw|mattsprojectlife's rating: 1130 &rarr; <strong>1105</strong><br />(-25 for losing)
|l|☆mattsprojectlife
|player|p2|
|l|☆cthulhuux
|player|p1|
