|j|☆montayo
|j|☆imapredicturmoves
|t:|1758299014
|gametype|singles
|player|p1|montayo|chuck|1144
|player|p2|imapredicturmoves|pokemaniac|1136
|gen|9
|tier|[Gen 9] OU
|rated|
|rule|HP Percentage Mod: HP is shown in percentages
|rule|Endless Battle Clause: Forcing endless battles is banned
|rule|Species Clause: Limit one of each Pokémon
|rule|OHKO Clause: OHKO moves are banned
|rule|Evasion Items Clause: Evasion items are banned
|rule|Evasion Moves Clause: Evasion moves are banned
|rule|Evasion Abilities Clause: Evasion abilities are banned
|rule|Sleep Moves Clause: Sleep-inducing moves are banned
|clearpoke
|poke|p1|Meowscarada, F|
|poke|p1|Pelipper, F|
|poke|p1|Hoopa-Unbound|
|poke|p1|Mew|
|poke|p1|Inteleon, M|
|poke|p1|Zapdos|
|poke|p2|Ceruledge, M|
|poke|p2|Glastrier|
|poke|p2|Gholdengo|
|poke|p2|Landorus-Therian, M|
|poke|p2|Hatterene, F|
|poke|p2|Kingambit, F|
|teampreview
|
|t:|1758299021
|teamsize|p1|6
|teamsize|p2|6
|start
|switch|p1a: nigachen|Pelipper, F|100/100
|switch|p2a: Hatterene|Hatterene, F|100/100
|-weather|RainDance|[from] ability: Drizzle|[of] p1a: nigachen
|turn|1
|
|t:|1758299026
|move|p1a: nigachen|Hurricane|p2a: Hatterene
|-crit|p2a: Hatterene
|-damage|p2a: Hatterene|0 fnt
|faint|p2a: Hatterene
|
|-weather|RainDance|[upkeep]
|upkeep
|
|t:|1758299032
|switch|p2a: Gholdengo|Gholdengo|100/100
|turn|2
|
|t:|1758299034
|move|p2a: Gholdengo|Thunderbolt|p1a: nigachen
|-supereffective|p1a: nigachen
|-damage|p1a: nigachen|0 fnt
|faint|p1a: nigachen
|
|-weather|RainDance|[upkeep]
|upkeep
|
|t:|1758299039
|switch|p1a: randall|Inteleon, M|100/100
|turn|3
|
|t:|1758299044
|-terastallize|p1a: randall|Water
|move|p1a: randall|Snipe Shot|p2a: Gholdengo
|-damage|p2a: Gholdengo|0 fnt
|faint|p2a: Gholdengo
|
|-weather|RainDance|[upkeep]
|upkeep
|
|t:|1758299061
|switch|p2a: Kingambit|Kingambit, F|100/100
|-activate|p2a: Kingambit|ability: Supreme Overlord
|-start|p2a: Kingambit|fallen2|[silent]
|turn|4
|
|t:|1758299066
|move|p1a: randall|Snipe Shot|p2a: Kingambit
|-damage|p2a: Kingambit|0 fnt
|faint|p2a: Kingambit
|-end|p2a: Kingambit|fallen2|[silent]
|
|-weather|RainDance|[upkeep]
|upkeep
|
|t:|1758299072
|switch|p2a: Glastrier|Glastrier|100/100
|turn|5
|
|t:|1758299079
|move|p1a: randall|Snipe Shot|p2a: Glastrier
|-damage|p2a: Glastrier|12/100
|move|p2a: Glastrier|Swords Dance|p2a: Glastrier
|-boost|p2a: Glastrier|atk|2
|
|-weather|none
|upkeep
|turn|6
|
|t:|1758299084
|move|p1a: randall|Snipe Shot|p2a: Glastrier
|-crit|p2a: Glastrier
|-damage|p2a: Glastrier|0 fnt
|faint|p2a: Glastrier
|
|upkeep
|
|t:|1758299087
|switch|p2a: Ceruledge|Ceruledge, M|100/100
|turn|7
|
|t:|1758299092
|move|p1a: randall|Snipe Shot|p2a: Ceruledge
|-supereffective|p2a: Ceruledge
|-enditem|p2a: Ceruledge|Focus Sash
|-damage|p2a: Ceruledge|1/100
|move|p2a: Ceruledge|Poltergeist|p1a: randall
|-activate|p1a: randall|move: Poltergeist|Choice Specs
|-damage|p1a: randall|8/100
|
|upkeep
|turn|8
|
|t:|1758299117
|move|p1a: randall|Snipe Shot|p2a: Ceruledge
|-supereffective|p2a: Ceruledge
|-damage|p2a: Ceruledge|0 fnt
|faint|p2a: Ceruledge
|
|upkeep
|
|t:|1758299129
|switch|p2a: Landorus|Landorus-Therian, M|100/100
|-ability|p2a: Landorus|Intimidate|boost
|-unboost|p1a: randall|atk|1
|turn|9
|
|t:|1758299136
|move|p1a: randall|Snipe Shot|p2a: Landorus
|-supereffective|p2a: Landorus
|-damage|p2a: Landorus|0 fnt
|faint|p2a: Landorus
|
|win|montayo
|raw|montayo's rating: 1144 &rarr; <strong>1168</strong><br />(+24 for winning)
|raw|imapredicturmoves's rating: 1136 &rarr; <strong>1112</strong><br />(-24 for losing)
|l|☆imapredicturmoves
|player|p2|
|l|☆montayo
|player|p1|
