|j|☆asphyxiuh
|j|☆Douglas_Evora
|t:|1758328340
|gametype|singles
|player|p1|asphyxiuh|n-masters|1325
|player|p2|Douglas_Evora|benga|1344
|gen|9
|tier|[Gen 9] OU
|rated|
|rule|HP Percentage Mod: HP is shown in percentages
|rule|Endless Battle Clause: Forcing endless battles is banned
|rule|Species Clause: Limit one of each Pokémon
|rule|OHKO Clause: OHKO moves are banned
|rule|Evasion Items Clause: Evasion items are banned
|rule|Evasion Moves Clause: Evasion moves are banned
|rule|Evasion Abilities Clause: Evasion abilities are banned
|rule|Sleep Moves Clause: Sleep-inducing moves are banned
|clearpoke
|poke|p1|Dragapult, M|
|poke|p1|Alomomola, M|
|poke|p1|Zamazenta-*|
|poke|p1|Ting-Lu|
|poke|p1|Tornadus-Therian, M|
|poke|p1|Weezing-Galar, F|
|poke|p2|Jolteon, F|
|poke|p2|Slowking-Galar, F|
|poke|p2|Great Tusk|
|poke|p2|Moltres|
|poke|p2|Kingambit, F|
|poke|p2|Hydrapple, F|
|teampreview
|inactive|Battle timer is ON: inactive players will automatically lose when time's up. (requested by asphyxiuh)
|c|☆asphyxiuh|hf
|c|☆Douglas_Evora|u2
|
|t:|1758328353
|teamsize|p1|6
|teamsize|p2|6
|start
|switch|p1a: soup bowl sunday|Ting-Lu, shiny|100/100
|switch|p2a: Slowking|Slowking-Galar, F|100/100
|-ability|p1a: soup bowl sunday|Vessel of Ruin
|turn|1
|
|t:|1758328362
|move|p1a: soup bowl sunday|Stealth Rock|p2a: Slowking
|-sidestart|p2: Douglas_Evora|move: Stealth Rock
|move|p2a: Slowking|Ice Beam|p1a: soup bowl sunday
|-supereffective|p1a: soup bowl sunday
|-damage|p1a: soup bowl sunday|78/100
|
|-heal|p1a: soup bowl sunday|84/100|[from] item: Leftovers
|upkeep
|turn|2
|
|t:|1758328369
|switch|p2a: Hydrapple|Hydrapple, F|100/100
|move|p1a: soup bowl sunday|Earthquake|p2a: Hydrapple
|-resisted|p2a: Hydrapple
|-damage|p2a: Hydrapple|90/100
|
|-heal|p1a: soup bowl sunday|90/100|[from] item: Leftovers
|upkeep
|turn|3
|
|t:|1758328377
|move|p1a: soup bowl sunday|Ruination|p2a: Hydrapple
|-damage|p2a: Hydrapple|45/100
|move|p2a: Hydrapple|Nasty Plot|p2a: Hydrapple
|-boost|p2a: Hydrapple|spa|2
|
|-heal|p1a: soup bowl sunday|96/100|[from] item: Leftovers
|upkeep
|turn|4
|
|t:|1758328383
|move|p2a: Hydrapple|Giga Drain|p1a: soup bowl sunday
|-supereffective|p1a: soup bowl sunday
|-damage|p1a: soup bowl sunday|44/100
|-heal|p2a: Hydrapple|78/100|[from] drain|[of] p1a: soup bowl sunday
|move|p1a: soup bowl sunday|Whirlwind|p2a: Hydrapple
|drag|p2a: Jolteon|Jolteon, F|100/100
|
|-heal|p1a: soup bowl sunday|50/100|[from] item: Leftovers
|upkeep
|turn|5
|
|t:|1758328395
|switch|p2a: Great Tusk|Great Tusk|100/100
|-damage|p2a: Great Tusk|98/100|[from] Stealth Rock
|move|p1a: soup bowl sunday|Earthquake|p2a: Great Tusk
|-damage|p2a: Great Tusk|80/100
|
|-heal|p1a: soup bowl sunday|56/100|[from] item: Leftovers
|upkeep
|turn|6
|
|t:|1758328405
|move|p2a: Great Tusk|Stealth Rock|p1a: soup bowl sunday
|-sidestart|p1: asphyxiuh|move: Stealth Rock
|move|p1a: soup bowl sunday|Whirlwind|p2a: Great Tusk
|-end|p2a: Great Tusk|Protosynthesis|[silent]
|drag|p2a: Moltres|Moltres|100/100
|
|-heal|p1a: soup bowl sunday|62/100|[from] item: Leftovers
|upkeep
|turn|7
|
|t:|1758328414
|switch|p1a: Satan Incarnate|Alomomola, M|100/100
|-damage|p1a: Satan Incarnate|88/100|[from] Stealth Rock
|move|p2a: Moltres|Will-O-Wisp|p1a: Satan Incarnate
|-status|p1a: Satan Incarnate|brn
|
|-damage|p1a: Satan Incarnate|82/100 brn|[from] brn
|upkeep
|turn|8
|
|t:|1758328424
|switch|p2a: Hydrapple|Hydrapple, F|100/100
|move|p1a: Satan Incarnate|Scald|p2a: Hydrapple
|-resisted|p2a: Hydrapple
|-damage|p2a: Hydrapple|97/100
|
|-damage|p1a: Satan Incarnate|76/100 brn|[from] brn
|upkeep
|turn|9
|
|t:|1758328432
|move|p2a: Hydrapple|Nasty Plot|p2a: Hydrapple
|-boost|p2a: Hydrapple|spa|2
|move|p1a: Satan Incarnate|Flip Turn|p2a: Hydrapple
|-resisted|p2a: Hydrapple
|-crit|p2a: Hydrapple
|-damage|p2a: Hydrapple|96/100
|
|t:|1758328437
|switch|p1a: Ashura Senku|Zamazenta|100/100|[from] Flip Turn
|-ability|p1a: Ashura Senku|Dauntless Shield|boost
|-boost|p1a: Ashura Senku|def|1
|
|upkeep
|turn|10
|
|t:|1758328442
|move|p1a: Ashura Senku|Ice Fang|p2a: Hydrapple
|-supereffective|p2a: Hydrapple
|-damage|p2a: Hydrapple|50/100
|cant|p2a: Hydrapple|flinch
|
|upkeep
|turn|11
|
|t:|1758328449
|move|p1a: Ashura Senku|Ice Fang|p2a: Hydrapple
|-supereffective|p2a: Hydrapple
|-damage|p2a: Hydrapple|5/100
|move|p2a: Hydrapple|Giga Drain|p1a: Ashura Senku
|-damage|p1a: Ashura Senku|44/100
|-heal|p2a: Hydrapple|29/100|[from] drain|[of] p1a: Ashura Senku
|
|upkeep
|turn|12
|
|t:|1758328458
|switch|p2a: Moltres|Moltres|100/100
|move|p1a: Ashura Senku|Ice Fang|p2a: Moltres
|-damage|p2a: Moltres|82/100
|-status|p2a: Moltres|frz
|-status|p1a: Ashura Senku|brn|[from] ability: Flame Body|[of] p2a: Moltres
|
|-damage|p1a: Ashura Senku|38/100 brn|[from] brn
|upkeep
|turn|13
|
|t:|1758328467
|move|p1a: Ashura Senku|Stone Edge|p2a: Moltres
|-supereffective|p2a: Moltres
|-damage|p2a: Moltres|28/100 frz
|cant|p2a: Moltres|frz
|
|-damage|p1a: Ashura Senku|32/100 brn|[from] brn
|upkeep
|turn|14
|
|t:|1758328475
|move|p1a: Ashura Senku|Stone Edge|p2a: Moltres
|-supereffective|p2a: Moltres
|-damage|p2a: Moltres|0 fnt
|faint|p2a: Moltres
|
|-damage|p1a: Ashura Senku|26/100 brn|[from] brn
|upkeep
|
|t:|1758328480
|switch|p2a: Hydrapple|Hydrapple, F|62/100
|turn|15
|
|t:|1758328489
|switch|p1a: heihachi mishima|Tornadus-Therian, M, shiny|100/100
|-damage|p1a: heihachi mishima|76/100|[from] Stealth Rock
|move|p2a: Hydrapple|Fickle Beam|p1a: heihachi mishima
|-damage|p1a: heihachi mishima|53/100
|
|upkeep
|turn|16
|
|t:|1758328502
|switch|p2a: Slowking|Slowking-Galar, F|100/100
|-damage|p2a: Slowking|88/100|[from] Stealth Rock
|move|p1a: heihachi mishima|Bleakwind Storm|p2a: Slowking|[miss]
|-miss|p1a: heihachi mishima|p2a: Slowking
|
|upkeep
|turn|17
|
|t:|1758328516
|switch|p2a: Hydrapple|Hydrapple, F|95/100
|move|p1a: heihachi mishima|Knock Off|p2a: Hydrapple
|-damage|p2a: Hydrapple|84/100
|-enditem|p2a: Hydrapple|Heavy-Duty Boots|[from] move: Knock Off|[of] p1a: heihachi mishima
|
|upkeep
|turn|18
|
|t:|1758328533
|switch|p2a: Jolteon|Jolteon, F|100/100
|move|p1a: heihachi mishima|U-turn|p2a: Jolteon
|-damage|p2a: Jolteon|74/100
|
|t:|1758328542
|switch|p1a: soup bowl sunday|Ting-Lu, shiny|62/100|[from] U-turn
|-damage|p1a: soup bowl sunday|56/100|[from] Stealth Rock
|-ability|p1a: soup bowl sunday|Vessel of Ruin
|
|-heal|p1a: soup bowl sunday|62/100|[from] item: Leftovers
|upkeep
|turn|19
|
|t:|1758328559
|switch|p2a: Hydrapple|Hydrapple, F|100/100
|-damage|p2a: Hydrapple|88/100|[from] Stealth Rock
|switch|p1a: heihachi mishima|Tornadus-Therian, M, shiny|86/100
|-damage|p1a: heihachi mishima|61/100|[from] Stealth Rock
|
|upkeep
|turn|20
|
|t:|1758328571
|switch|p2a: Kingambit|Kingambit, F|100/100
|-damage|p2a: Kingambit|94/100|[from] Stealth Rock
|-activate|p2a: Kingambit|ability: Supreme Overlord
|-start|p2a: Kingambit|fallen1|[silent]
|move|p1a: heihachi mishima|U-turn|p2a: Kingambit
|-damage|p2a: Kingambit|81/100
|
|t:|1758328591
|switch|p1a: single father|Dragapult, M|100/100|[from] U-turn
|
|-heal|p2a: Kingambit|87/100|[from] item: Leftovers
|upkeep
|turn|21
|inactive|Douglas_Evora has 120 seconds left.
|
|t:|1758328630
|move|p2a: Kingambit|Sucker Punch||[still]
|-fail|p2a: Kingambit
|move|p1a: single father|Will-O-Wisp|p2a: Kingambit
|-status|p2a: Kingambit|brn
|
|-heal|p2a: Kingambit|93/100 brn|[from] item: Leftovers
|-damage|p2a: Kingambit|87/100 brn|[from] brn
|upkeep
|turn|22
|inactive|Douglas_Evora has 120 seconds left.
|
|t:|1758328653
|switch|p1a: Satan Incarnate|Alomomola, M|100/100 brn
|-damage|p1a: Satan Incarnate|88/100 brn|[from] Stealth Rock
|move|p2a: Kingambit|Kowtow Cleave|p1a: Satan Incarnate
|-damage|p1a: Satan Incarnate|70/100 brn
|-damage|p2a: Kingambit|71/100 brn|[from] item: Rocky Helmet|[of] p1a: Satan Incarnate
|
|-heal|p2a: Kingambit|77/100 brn|[from] item: Leftovers
|-damage|p2a: Kingambit|71/100 brn|[from] brn
|-damage|p1a: Satan Incarnate|64/100 brn|[from] brn
|upkeep
|turn|23
|
|t:|1758328668
|-end|p2a: Kingambit|fallen1|[silent]
|switch|p2a: Hydrapple|Hydrapple, F|100/100
|-damage|p2a: Hydrapple|88/100|[from] Stealth Rock
|move|p1a: Satan Incarnate|Wish|p1a: Satan Incarnate
|
|-damage|p1a: Satan Incarnate|58/100 brn|[from] brn
|upkeep
|turn|24
|
|t:|1758328678
|move|p1a: Satan Incarnate|Protect|p1a: Satan Incarnate
|-singleturn|p1a: Satan Incarnate|Protect
|move|p2a: Hydrapple|Nasty Plot|p2a: Hydrapple
|-boost|p2a: Hydrapple|spa|2
|
|-heal|p1a: Satan Incarnate|100/100 brn|[from] move: Wish|[wisher] Satan Incarnate
|-damage|p1a: Satan Incarnate|94/100 brn|[from] brn
|upkeep
|turn|25
|
|t:|1758328687
|switch|p1a: #1 rainforest op|Weezing-Galar, F|100/100
|-ability|p1a: #1 rainforest op|Neutralizing Gas
|move|p2a: Hydrapple|Nasty Plot|p2a: Hydrapple
|-boost|p2a: Hydrapple|spa|2
|
|upkeep
|turn|26
|
|t:|1758328701
|-terastallize|p1a: #1 rainforest op|Grass
|move|p1a: #1 rainforest op|Sludge Bomb|p2a: Hydrapple
|-supereffective|p2a: Hydrapple
|-damage|p2a: Hydrapple|39/100
|-status|p2a: Hydrapple|psn
|move|p2a: Hydrapple|Earth Power|p1a: #1 rainforest op
|-resisted|p1a: #1 rainforest op
|-damage|p1a: #1 rainforest op|50/100
|
|-damage|p2a: Hydrapple|26/100 psn|[from] psn
|upkeep
|turn|27
|inactive|Douglas_Evora has 120 seconds left.
|-message|Douglas_Evora forfeited.
|
|win|asphyxiuh
|raw|asphyxiuh's rating: 1325 &rarr; <strong>1346</strong><br />(+21 for winning)
|raw|Douglas_Evora's rating: 1344 &rarr; <strong>1323</strong><br />(-21 for losing)
|l|☆Douglas_Evora
|player|p2|
|c|☆asphyxiuh|gg
