|j|☆Bagofbrokenglass
|j|☆undertalethemovie
|t:|1758378189
|gametype|singles
|player|p1|Bagofbrokenglass|pokemonbreeder|1206
|player|p2|undertalethemovie|n|1150
|gen|9
|tier|[Gen 9] OU
|rated|
|rule|HP Percentage Mod: HP is shown in percentages
|rule|Endless Battle Clause: Forcing endless battles is banned
|rule|Species Clause: Limit one of each Pokémon
|rule|OHKO Clause: OHKO moves are banned
|rule|Evasion Items Clause: Evasion items are banned
|rule|Evasion Moves Clause: Evasion moves are banned
|rule|Evasion Abilities Clause: Evasion abilities are banned
|rule|Sleep Moves Clause: Sleep-inducing moves are banned
|clearpoke
|poke|p1|Oricorio-Pom-Pom, M|
|poke|p1|Muk-Alola, F|
|poke|p1|Volbeat, M|
|poke|p1|Sawsbuck, M|
|poke|p1|Dragapult, M|
|poke|p1|Avalugg-Hisui, M|
|poke|p2|Clodsire, F|
|poke|p2|Ogerpon-Wellspring, F|
|poke|p2|Zoroark-Hisui, F|
|poke|p2|Zamazenta-*|
|poke|p2|Cinderace, F|
|poke|p2|Deoxys-Speed|
|teampreview
|inactive|Battle timer is ON: inactive players will automatically lose when time's up. (requested by Bagofbrokenglass)
|
|t:|1758378193
|teamsize|p1|6
|teamsize|p2|6
|start
|switch|p1a: Oricorio|Oricorio-Pom-Pom, M|100/100
|switch|p2a: The Writer|Ogerpon-Wellspring, F|100/100
|turn|1
|
|t:|1758378203
|-terastallize|p2a: The Writer|Water
|detailschange|p2a: The Writer|Ogerpon-Wellspring-Tera, F, tera:Water
|-ability|p2a: The Writer|Embody Aspect (Wellspring)|boost
|-boost|p2a: The Writer|spd|1
|move|p2a: The Writer|Ivy Cudgel|p1a: Oricorio|[anim] Ivy Cudgel Water
|-damage|p1a: Oricorio|0 fnt
|faint|p1a: Oricorio
|
|upkeep
|
|t:|1758378209
|switch|p1a: Sawsbuck|Sawsbuck, M|100/100
|turn|2
|
|t:|1758378213
|move|p2a: The Writer|U-turn|p1a: Sawsbuck
|-supereffective|p1a: Sawsbuck
|-damage|p1a: Sawsbuck|18/100
|
|t:|1758378217
|switch|p2a: Ingerland|Cinderace, F|100/100|[from] U-turn
|move|p1a: Sawsbuck|Horn Leech|p2a: Ingerland
|-resisted|p2a: Ingerland
|-damage|p2a: Ingerland|79/100
|-heal|p1a: Sawsbuck|29/100|[from] drain|[of] p2a: Ingerland
|
|upkeep
|turn|3
|
|t:|1758378223
|move|p2a: Ingerland|U-turn|p1a: Sawsbuck
|-start|p2a: Ingerland|typechange|Bug|[from] ability: Libero
|-supereffective|p1a: Sawsbuck
|-damage|p1a: Sawsbuck|0 fnt
|faint|p1a: Sawsbuck
|
|t:|1758378225
|switch|p2a: Mumbo|Clodsire, F|100/100|[from] U-turn
|-item|p2a: Mumbo|Air Balloon
|
|upkeep
|
|t:|1758378232
|switch|p1a: Volbeat|Volbeat, M|100/100
|turn|4
|
|t:|1758378234
|move|p1a: Volbeat|Confuse Ray|p2a: Mumbo
|-start|p2a: Mumbo|confusion
|-activate|p2a: Mumbo|confusion
|-damage|p2a: Mumbo|84/100|[from] confusion
|
|upkeep
|turn|5
|
|t:|1758378239
|-activate|p2a: Mumbo|confusion
|move|p2a: Mumbo|Will-O-Wisp|p1a: Volbeat
|-status|p1a: Volbeat|brn
|move|p1a: Volbeat|Infestation|p2a: Mumbo
|-resisted|p2a: Mumbo
|-damage|p2a: Mumbo|79/100
|-activate|p2a: Mumbo|move: Infestation|[of] p1a: Volbeat
|replace|p2a: Count St. Germain|Zoroark-Hisui, F, shiny
|-end|p2a: Count St. Germain|Illusion
|-enditem|p2a: Count St. Germain|Air Balloon
|
|-damage|p1a: Volbeat|95/100 brn|[from] brn
|-damage|p2a: Count St. Germain|63/100|[from] move: Infestation|[partiallytrapped]
|upkeep
|turn|6
|
|t:|1758378250
|move|p1a: Volbeat|Thunder Wave|p2a: Count St. Germain
|-status|p2a: Count St. Germain|par
|-activate|p2a: Count St. Germain|confusion
|-damage|p2a: Count St. Germain|47/100 par|[from] confusion
|
|-damage|p1a: Volbeat|89/100 brn|[from] brn
|-damage|p2a: Count St. Germain|31/100 par|[from] move: Infestation|[partiallytrapped]
|upkeep
|turn|7
|
|t:|1758378259
|move|p1a: Volbeat|Infestation|p2a: Count St. Germain
|-resisted|p2a: Count St. Germain
|-damage|p2a: Count St. Germain|27/100 par
|-activate|p2a: Count St. Germain|confusion
|cant|p2a: Count St. Germain|par
|
|-damage|p1a: Volbeat|83/100 brn|[from] brn
|-damage|p2a: Count St. Germain|10/100 par|[from] move: Infestation|[partiallytrapped]
|upkeep
|turn|8
|
|t:|1758378271
|move|p1a: Volbeat|U-turn|p2a: Count St. Germain
|-resisted|p2a: Count St. Germain
|-damage|p2a: Count St. Germain|2/100 par
|
|t:|1758378276
|switch|p1a: Muk|Muk-Alola, F|100/100|[from] U-turn
|-end|p2a: Count St. Germain|confusion
|cant|p2a: Count St. Germain|par
|
|-end|p2a: Count St. Germain|Infestation|[partiallytrapped]|[silent]
|upkeep
|turn|9
|
|t:|1758378284
|switch|p2a: Mumbo|Clodsire, F|100/100
|-item|p2a: Mumbo|Air Balloon
|move|p1a: Muk|Poison Fang|p2a: Mumbo
|-resisted|p2a: Mumbo
|-damage|p2a: Mumbo|96/100
|-enditem|p2a: Mumbo|Air Balloon
|
|upkeep
|turn|10
|
|t:|1758378289
|move|p1a: Muk|Knock Off|p2a: Mumbo
|-damage|p2a: Mumbo|69/100
|move|p2a: Mumbo|Toxic Spikes|p1a: Muk
|-sidestart|p1: Bagofbrokenglass|move: Toxic Spikes
|
|upkeep
|turn|11
|
|t:|1758378296
|move|p1a: Muk|Mud-Slap|p2a: Mumbo
|-supereffective|p2a: Mumbo
|-damage|p2a: Mumbo|65/100
|-unboost|p2a: Mumbo|accuracy|1
|move|p2a: Mumbo|Toxic Spikes|p1a: Muk
|-sidestart|p1: Bagofbrokenglass|move: Toxic Spikes
|
|upkeep
|turn|12
|
|t:|1758378303
|move|p1a: Muk|Mud-Slap|p2a: Mumbo
|-supereffective|p2a: Mumbo
|-damage|p2a: Mumbo|61/100
|-unboost|p2a: Mumbo|accuracy|1
|move|p2a: Mumbo|Recover|p2a: Mumbo
|-heal|p2a: Mumbo|100/100
|
|upkeep
|turn|13
|
|t:|1758378316
|switch|p1a: Volbeat|Volbeat, M|83/100 brn
|switch|p2a: The Writer|Ogerpon-Wellspring-Tera, F, tera:Water|100/100
|-ability|p2a: The Writer|Embody Aspect (Wellspring)|boost
|-boost|p2a: The Writer|spd|1
|
|-damage|p1a: Volbeat|77/100 brn|[from] brn
|upkeep
|turn|14
|
|t:|1758378319
|move|p1a: Volbeat|Thunder Wave|p2a: The Writer
|-status|p2a: The Writer|par
|move|p2a: The Writer|Ivy Cudgel|p1a: Volbeat|[anim] Ivy Cudgel Water
|-damage|p1a: Volbeat|0 fnt
|faint|p1a: Volbeat
|
|upkeep
|
|t:|1758378324
|switch|p1a: Muk|Muk-Alola, F|100/100
|-sideend|p1: Bagofbrokenglass|move: Toxic Spikes|[of] p1a: Muk
|turn|15
|
|t:|1758378328
|switch|p2a: The Writer|Ogerpon-Wellspring-Tera, F|2/100 par
|move|p1a: Muk|Knock Off|p2a: The Writer
|-supereffective|p2a: The Writer
|-damage|p2a: The Writer|0 fnt
|replace|p2a: Count St. Germain|Zoroark-Hisui, F, shiny
|-end|p2a: Count St. Germain|Illusion
|faint|p2a: Count St. Germain
|
|upkeep
|
|t:|1758378330
|switch|p2a: Mumbo|Clodsire, F|100/100
|turn|16
|
|t:|1758378333
|move|p1a: Muk|Mud-Slap|p2a: Mumbo
|-supereffective|p2a: Mumbo
|-damage|p2a: Mumbo|97/100
|-unboost|p2a: Mumbo|accuracy|1
|move|p2a: Mumbo|Toxic Spikes|p1a: Muk
|-sidestart|p1: Bagofbrokenglass|move: Toxic Spikes
|
|upkeep
|turn|17
|
|t:|1758378339
|move|p1a: Muk|Mud-Slap|p2a: Mumbo
|-supereffective|p2a: Mumbo
|-damage|p2a: Mumbo|93/100
|-unboost|p2a: Mumbo|accuracy|1
|move|p2a: Mumbo|Toxic Spikes|p1a: Muk
|-sidestart|p1: Bagofbrokenglass|move: Toxic Spikes
|
|upkeep
|turn|18
|
|t:|1758378345
|switch|p1a: Avalugg|Avalugg-Hisui, M, shiny|100/100
|switch|p2a: The Writer|Ogerpon-Wellspring-Tera, F, tera:Water|100/100 par
|-ability|p2a: The Writer|Embody Aspect (Wellspring)|boost
|-boost|p2a: The Writer|spd|1
|
|upkeep
|turn|19
|
|t:|1758378351
|-terastallize|p1a: Avalugg|Rock
|move|p2a: The Writer|Ivy Cudgel|p1a: Avalugg|[anim] Ivy Cudgel Water
|-supereffective|p1a: Avalugg
|-damage|p1a: Avalugg|15/100
|move|p1a: Avalugg|Rock Slide|p2a: The Writer
|-damage|p2a: The Writer|25/100 par
|
|upkeep
|turn|20
|
|t:|1758378359
|move|p2a: The Writer|Ivy Cudgel|p1a: Avalugg|[anim] Ivy Cudgel Water
|-supereffective|p1a: Avalugg
|-damage|p1a: Avalugg|0 fnt
|faint|p1a: Avalugg
|
|upkeep
|
|t:|1758378362
|switch|p1a: Dragapult|Dragapult, M|100/100
|-status|p1a: Dragapult|tox
|turn|21
|
|t:|1758378367
|move|p1a: Dragapult|Dragon Pulse|p2a: The Writer
|-damage|p2a: The Writer|0 fnt
|faint|p2a: The Writer
|detailschange|p2: The Writer|Ogerpon-Wellspring, F|[silent]
|
|-damage|p1a: Dragapult|95/100 tox|[from] psn
|upkeep
|
|t:|1758378370
|switch|p2a: Mumbo|Clodsire, F|93/100
|turn|22
|
|t:|1758378372
|move|p1a: Dragapult|Dragon Pulse|p2a: Mumbo
|-crit|p2a: Mumbo
|-damage|p2a: Mumbo|52/100
|move|p2a: Mumbo|Recover|p2a: Mumbo
|-heal|p2a: Mumbo|100/100
|
|-damage|p1a: Dragapult|83/100 tox|[from] psn
|upkeep
|turn|23
|
|t:|1758378374
|move|p1a: Dragapult|Dragon Pulse|p2a: Mumbo
|-damage|p2a: Mumbo|72/100
|move|p2a: Mumbo|Recover|p2a: Mumbo
|-heal|p2a: Mumbo|100/100
|
|-damage|p1a: Dragapult|65/100 tox|[from] psn
|upkeep
|turn|24
|
|t:|1758378376
|switch|p1a: Muk|Muk-Alola, F|100/100
|-sideend|p1: Bagofbrokenglass|move: Toxic Spikes|[of] p1a: Muk
|move|p2a: Mumbo|Recover||[still]
|-fail|p2a: Mumbo|heal
|
|upkeep
|turn|25
|
|t:|1758378378
|move|p1a: Muk|Mud-Slap|p2a: Mumbo
|-supereffective|p2a: Mumbo
|-damage|p2a: Mumbo|97/100
|-unboost|p2a: Mumbo|accuracy|1
|move|p2a: Mumbo|Earthquake|p1a: Muk|[miss]
|-miss|p2a: Mumbo|p1a: Muk
|
|upkeep
|turn|26
|
|t:|1758378380
|move|p1a: Muk|Mud-Slap|p2a: Mumbo
|-supereffective|p2a: Mumbo
|-damage|p2a: Mumbo|92/100
|-unboost|p2a: Mumbo|accuracy|1
|move|p2a: Mumbo|Earthquake|p1a: Muk
|-supereffective|p1a: Muk
|-damage|p1a: Muk|45/100
|
|-heal|p1a: Muk|51/100|[from] item: Black Sludge
|upkeep
|turn|27
|
|t:|1758378385
|move|p1a: Muk|Knock Off|p2a: Mumbo
|-damage|p2a: Mumbo|65/100
|move|p2a: Mumbo|Earthquake|p1a: Muk|[miss]
|-miss|p2a: Mumbo|p1a: Muk
|
|-heal|p1a: Muk|57/100|[from] item: Black Sludge
|upkeep
|turn|28
|
|t:|1758378389
|move|p1a: Muk|Knock Off|p2a: Mumbo
|-damage|p2a: Mumbo|39/100
|move|p2a: Mumbo|Earthquake|p1a: Muk
|-supereffective|p1a: Muk
|-damage|p1a: Muk|4/100
|
|-heal|p1a: Muk|10/100|[from] item: Black Sludge
|upkeep
|turn|29
|
|t:|1758378393
|move|p1a: Muk|Protect|p1a: Muk
|-singleturn|p1a: Muk|Protect
|move|p2a: Mumbo|Recover|p2a: Mumbo
|-heal|p2a: Mumbo|89/100
|
|-heal|p1a: Muk|16/100|[from] item: Black Sludge
|upkeep
|turn|30
|
|t:|1758378396
|move|p1a: Muk|Knock Off|p2a: Mumbo
|-damage|p2a: Mumbo|63/100
|move|p2a: Mumbo|Earthquake|p1a: Muk|[miss]
|-miss|p2a: Mumbo|p1a: Muk
|
|-heal|p1a: Muk|22/100|[from] item: Black Sludge
|upkeep
|turn|31
|
|t:|1758378398
|move|p1a: Muk|Knock Off|p2a: Mumbo
|-damage|p2a: Mumbo|36/100
|move|p2a: Mumbo|Earthquake|p1a: Muk|[miss]
|-miss|p2a: Mumbo|p1a: Muk
|
|-heal|p1a: Muk|29/100|[from] item: Black Sludge
|upkeep
|turn|32
|
|t:|1758378400
|move|p1a: Muk|Protect|p1a: Muk
|-singleturn|p1a: Muk|Protect
|move|p2a: Mumbo|Earthquake|p1a: Muk
|-activate|p1a: Muk|move: Protect
|
|-heal|p1a: Muk|35/100|[from] item: Black Sludge
|upkeep
|turn|33
|
|t:|1758378408
|move|p1a: Muk|Knock Off|p2a: Mumbo
|-damage|p2a: Mumbo|10/100
|move|p2a: Mumbo|Recover|p2a: Mumbo
|-heal|p2a: Mumbo|60/100
|
|-heal|p1a: Muk|41/100|[from] item: Black Sludge
|upkeep
|turn|34
|
|t:|1758378416
|move|p1a: Muk|Protect|p1a: Muk
|-singleturn|p1a: Muk|Protect
|move|p2a: Mumbo|Earthquake|p1a: Muk
|-activate|p1a: Muk|move: Protect
|
|-heal|p1a: Muk|47/100|[from] item: Black Sludge
|upkeep
|turn|35
|
|t:|1758378420
|move|p1a: Muk|Knock Off|p2a: Mumbo
|-damage|p2a: Mumbo|32/100
|move|p2a: Mumbo|Recover|p2a: Mumbo
|-heal|p2a: Mumbo|82/100
|
|-heal|p1a: Muk|53/100|[from] item: Black Sludge
|upkeep
|turn|36
|
|t:|1758378426
|move|p1a: Muk|Mud-Slap|p2a: Mumbo
|-supereffective|p2a: Mumbo
|-crit|p2a: Mumbo
|-damage|p2a: Mumbo|77/100
|-unboost|p2a: Mumbo|accuracy|1
|move|p2a: Mumbo|Recover|p2a: Mumbo
|-heal|p2a: Mumbo|100/100
|
|-heal|p1a: Muk|59/100|[from] item: Black Sludge
|upkeep
|turn|37
|
|t:|1758378429
|switch|p2a: Pokemon Shield|Zamazenta|100/100
|-ability|p2a: Pokemon Shield|Dauntless Shield|boost
|-boost|p2a: Pokemon Shield|def|1
|move|p1a: Muk|Knock Off|p2a: Pokemon Shield
|-resisted|p2a: Pokemon Shield
|-damage|p2a: Pokemon Shield|90/100
|-enditem|p2a: Pokemon Shield|Leftovers|[from] move: Knock Off|[of] p1a: Muk
|
|-heal|p1a: Muk|65/100|[from] item: Black Sludge
|upkeep
|turn|38
|
|t:|1758378433
|move|p2a: Pokemon Shield|Close Combat|p1a: Muk
|-damage|p1a: Muk|2/100
|-unboost|p2a: Pokemon Shield|def|1
|-unboost|p2a: Pokemon Shield|spd|1
|move|p1a: Muk|Poison Fang|p2a: Pokemon Shield
|-crit|p2a: Pokemon Shield
|-damage|p2a: Pokemon Shield|67/100
|-status|p2a: Pokemon Shield|tox
|
|-heal|p1a: Muk|8/100|[from] item: Black Sludge
|-damage|p2a: Pokemon Shield|61/100 tox|[from] psn
|upkeep
|turn|39
|
|t:|1758378445
|move|p1a: Muk|Protect|p1a: Muk
|-singleturn|p1a: Muk|Protect
|move|p2a: Pokemon Shield|Crunch|p1a: Muk
|-activate|p1a: Muk|move: Protect
|
|-heal|p1a: Muk|15/100|[from] item: Black Sludge
|-damage|p2a: Pokemon Shield|49/100 tox|[from] psn
|upkeep
|turn|40
|
|t:|1758378447
|move|p2a: Pokemon Shield|Crunch|p1a: Muk
|-resisted|p1a: Muk
|-damage|p1a: Muk|0 fnt
|faint|p1a: Muk
|
|-damage|p2a: Pokemon Shield|31/100 tox|[from] psn
|upkeep
|
|t:|1758378449
|switch|p1a: Dragapult|Dragapult, M|65/100 tox
|turn|41
|
|t:|1758378451
|move|p1a: Dragapult|Dragon Pulse|p2a: Pokemon Shield
|-damage|p2a: Pokemon Shield|0 fnt
|faint|p2a: Pokemon Shield
|
|-damage|p1a: Dragapult|59/100 tox|[from] psn
|upkeep
|
|t:|1758378454
|switch|p2a: Mumbo|Clodsire, F|100/100
|turn|42
|
|t:|1758378457
|move|p1a: Dragapult|Dragon Pulse|p2a: Mumbo
|-damage|p2a: Mumbo|72/100
|move|p2a: Mumbo|Toxic|p1a: Dragapult
|-fail|p1a: Dragapult|tox
|
|-damage|p1a: Dragapult|47/100 tox|[from] psn
|upkeep
|turn|43
|
|t:|1758378462
|move|p1a: Dragapult|Dragon Pulse|p2a: Mumbo
|-damage|p2a: Mumbo|42/100
|move|p2a: Mumbo|Toxic|p1a: Dragapult
|-fail|p1a: Dragapult|tox
|
|-damage|p1a: Dragapult|29/100 tox|[from] psn
|upkeep
|turn|44
|
|t:|1758378464
|move|p1a: Dragapult|Dragon Pulse|p2a: Mumbo
|-damage|p2a: Mumbo|15/100
|move|p2a: Mumbo|Toxic|p1a: Dragapult
|-fail|p1a: Dragapult|tox
|
|-damage|p1a: Dragapult|5/100 tox|[from] psn
|upkeep
|turn|45
|
|t:|1758378467
|move|p1a: Dragapult|Dragon Pulse|p2a: Mumbo
|-damage|p2a: Mumbo|0 fnt
|faint|p2a: Mumbo
|
|-damage|p1a: Dragapult|0 fnt|[from] psn
|faint|p1a: Dragapult
|
|win|undertalethemovie
|raw|Bagofbrokenglass's rating: 1206 &rarr; <strong>1177</strong><br />(-29 for losing)
|raw|undertalethemovie's rating: 1150 &rarr; <strong>1179</strong><br />(+29 for winning)
|l|☆undertalethemovie
|player|p2|
|l|☆Bagofbrokenglass
|player|p1|
