|j|☆capitolg
|j|☆413xey
|t:|1758307674
|gametype|singles
|player|p1|capitolg|bellelba|1213
|player|p2|413xey|firebreather|1277
|gen|9
|tier|[Gen 9] OU
|rated|
|rule|HP Percentage Mod: HP is shown in percentages
|rule|Endless Battle Clause: Forcing endless battles is banned
|rule|Species Clause: Limit one of each Pokémon
|rule|OHKO Clause: OHKO moves are banned
|rule|Evasion Items Clause: Evasion items are banned
|rule|Evasion Moves Clause: Evasion moves are banned
|rule|Evasion Abilities Clause: Evasion abilities are banned
|rule|Sleep Moves Clause: Sleep-inducing moves are banned
|clearpoke
|poke|p1|Masquerain, M|
|poke|p1|Articuno-Galar|
|poke|p1|Smeargle, F|
|poke|p1|Empoleon, M|
|poke|p1|Passimian, M|
|poke|p1|Chandelure, M|
|poke|p2|Sylveon, M|
|poke|p2|Ninetales, F|
|poke|p2|Walking Wake|
|poke|p2|Great Tusk|
|poke|p2|Lilligant-Hisui, F|
|poke|p2|Gliscor, F|
|teampreview
|
|t:|1758307690
|teamsize|p1|6
|teamsize|p2|6
|start
|switch|p1a: Masquerain|Masquerain, M|100/100
|switch|p2a: Mozilla|Ninetales, F, shiny|100/100
|-weather|SunnyDay|[from] ability: Drought|[of] p2a: Mozilla
|-ability|p1a: Masquerain|Intimidate|boost
|-unboost|p2a: Mozilla|atk|1
|turn|1
|
|t:|1758307693
|move|p2a: Mozilla|Weather Ball|p1a: Masquerain
|-supereffective|p1a: Masquerain
|-enditem|p1a: Masquerain|Focus Sash
|-damage|p1a: Masquerain|1/100
|move|p1a: Masquerain|Sticky Web|p2a: Mozilla
|-sidestart|p2: 413xey|move: Sticky Web
|
|-weather|SunnyDay|[upkeep]
|upkeep
|turn|2
|
|t:|1758307699
|move|p2a: Mozilla|Weather Ball|p1a: Masquerain
|-supereffective|p1a: Masquerain
|-damage|p1a: Masquerain|0 fnt
|faint|p1a: Masquerain
|
|-weather|SunnyDay|[upkeep]
|upkeep
|
|t:|1758307703
|switch|p1a: Smeargle|Smeargle, F|100/100
|turn|3
|
|t:|1758307708
|move|p2a: Mozilla|Weather Ball|p1a: Smeargle
|-damage|p1a: Smeargle|44/100
|move|p1a: Smeargle|Trick Room|p1a: Smeargle
|-fieldstart|move: Trick Room|[of] p1a: Smeargle
|
|-weather|SunnyDay|[upkeep]
|upkeep
|turn|4
|
|t:|1758307712
|move|p1a: Smeargle|Court Change|p1a: Smeargle
|-swapsideconditions
|-activate|p1a: Smeargle|move: Court Change
|move|p2a: Mozilla|Weather Ball|p1a: Smeargle
|-damage|p1a: Smeargle|0 fnt
|faint|p1a: Smeargle
|
|-weather|SunnyDay|[upkeep]
|upkeep
|
|t:|1758307716
|switch|p1a: Passimian|Passimian, M|100/100
|-activate|p1a: Passimian|move: Sticky Web
|-unboost|p1a: Passimian|spe|1
|-ability|p1a: Passimian|Defiant|boost
|-boost|p1a: Passimian|atk|2
|turn|5
|
|t:|1758307718
|move|p1a: Passimian|Earthquake|p2a: Mozilla
|-supereffective|p2a: Mozilla
|-damage|p2a: Mozilla|0 fnt
|faint|p2a: Mozilla
|
|-weather|SunnyDay|[upkeep]
|upkeep
|
|t:|1758307722
|switch|p2a: T|Sylveon, M|100/100
|turn|6
|
|t:|1758307725
|switch|p1a: Chandelure|Chandelure, M|100/100
|-activate|p1a: Chandelure|move: Sticky Web
|-unboost|p1a: Chandelure|spe|1
|move|p2a: T|Hyper Voice|p1a: Chandelure
|-resisted|p1a: Chandelure
|-damage|p1a: Chandelure|70/100
|
|-weather|SunnyDay|[upkeep]
|upkeep
|turn|7
|
|t:|1758307729
|move|p1a: Chandelure|Shadow Ball|p2a: T
|-damage|p2a: T|75/100
|move|p2a: T|Shadow Ball|p1a: Chandelure
|-supereffective|p1a: Chandelure
|-crit|p1a: Chandelure
|-damage|p1a: Chandelure|0 fnt
|faint|p1a: Chandelure
|
|-weather|SunnyDay|[upkeep]
|-fieldend|move: Trick Room
|upkeep
|
|t:|1758307734
|switch|p1a: Articuno|Articuno-Galar|100/100
|-activate|p1a: Articuno|move: Sticky Web
|-unboost|p1a: Articuno|spe|1
|-ability|p1a: Articuno|Competitive|boost
|-boost|p1a: Articuno|spa|2
|turn|8
|
|t:|1758307740
|move|p2a: T|Hyper Voice|p1a: Articuno
|-damage|p1a: Articuno|54/100
|move|p1a: Articuno|Trick Room|p1a: Articuno
|-fieldstart|move: Trick Room|[of] p1a: Articuno
|
|-weather|none
|upkeep
|turn|9
|
|t:|1758307744
|move|p1a: Articuno|Freezing Glare|p2a: T
|-damage|p2a: T|19/100
|move|p2a: T|Hyper Voice|p1a: Articuno
|-damage|p1a: Articuno|5/100
|
|upkeep
|turn|10
|
|t:|1758307746
|move|p1a: Articuno|Freezing Glare|p2a: T
|-damage|p2a: T|0 fnt
|faint|p2a: T
|
|upkeep
|
|t:|1758307748
|switch|p2a: John Tusk|Great Tusk|100/100
|turn|11
|
|t:|1758307751
|-terastallize|p2a: John Tusk|Steel
|move|p1a: Articuno|Freezing Glare|p2a: John Tusk
|-resisted|p2a: John Tusk
|-damage|p2a: John Tusk|19/100
|move|p2a: John Tusk|Rapid Spin|p1a: Articuno
|-damage|p1a: Articuno|0 fnt
|-boost|p2a: John Tusk|spe|1
|faint|p1a: Articuno
|
|upkeep
|
|t:|1758307755
|switch|p1a: Passimian|Passimian, M|100/100
|-activate|p1a: Passimian|move: Sticky Web
|-unboost|p1a: Passimian|spe|1
|-ability|p1a: Passimian|Defiant|boost
|-boost|p1a: Passimian|atk|2
|turn|12
|
|t:|1758307758
|move|p1a: Passimian|Drain Punch|p2a: John Tusk
|-supereffective|p2a: John Tusk
|-damage|p2a: John Tusk|0 fnt
|faint|p2a: John Tusk
|-end|p2a: John Tusk|Protosynthesis|[silent]
|
|-fieldend|move: Trick Room
|upkeep
|
|t:|1758307761
|switch|p2a: Suicuner|Walking Wake|100/100
|turn|13
|
|t:|1758307765
|move|p2a: Suicuner|Draco Meteor|p1a: Passimian
|-damage|p1a: Passimian|0 fnt
|-unboost|p2a: Suicuner|spa|2
|faint|p1a: Passimian
|
|upkeep
|
|t:|1758307768
|switch|p1a: Empoleon|Empoleon, M|100/100
|-activate|p1a: Empoleon|move: Sticky Web
|-unboost|p1a: Empoleon|spe|1
|-ability|p1a: Empoleon|Competitive|boost
|-boost|p1a: Empoleon|spa|2
|turn|14
|
|t:|1758307776
|move|p2a: Suicuner|Draco Meteor|p1a: Empoleon
|-resisted|p1a: Empoleon
|-damage|p1a: Empoleon|87/100
|-unboost|p2a: Suicuner|spa|2
|move|p1a: Empoleon|Ice Beam|p2a: Suicuner
|-damage|p2a: Suicuner|30/100
|-status|p2a: Suicuner|frz
|
|upkeep
|turn|15
|
|t:|1758307780
|cant|p2a: Suicuner|frz
|move|p1a: Empoleon|Ice Beam|p2a: Suicuner
|-damage|p2a: Suicuner|0 fnt
|faint|p2a: Suicuner
|-end|p2a: Suicuner|Protosynthesis|[silent]
|
|upkeep
|
|t:|1758307782
|switch|p2a: DUST TO DUST|Lilligant-Hisui, F|100/100
|turn|16
|
|t:|1758307784
|-terastallize|p1a: Empoleon|Flying
|move|p2a: DUST TO DUST|Close Combat|p1a: Empoleon
|-resisted|p1a: Empoleon
|-damage|p1a: Empoleon|50/100
|-unboost|p2a: DUST TO DUST|def|1
|-unboost|p2a: DUST TO DUST|spd|1
|-damage|p2a: DUST TO DUST|91/100|[from] item: Life Orb
|move|p1a: Empoleon|Air Slash|p2a: DUST TO DUST
|-supereffective|p2a: DUST TO DUST
|-damage|p2a: DUST TO DUST|0 fnt
|faint|p2a: DUST TO DUST
|
|upkeep
|
|t:|1758307787
|switch|p2a: Gliscor|Gliscor, F|100/100
|turn|17
|
|t:|1758307791
|move|p2a: Gliscor|Swords Dance|p2a: Gliscor
|-boost|p2a: Gliscor|atk|2
|move|p1a: Empoleon|Ice Beam|p2a: Gliscor
|-supereffective|p2a: Gliscor
|-damage|p2a: Gliscor|0 fnt
|faint|p2a: Gliscor
|
|win|capitolg
|raw|capitolg's rating: 1213 &rarr; <strong>1243</strong><br />(+30 for winning)
|raw|413xey's rating: 1277 &rarr; <strong>1247</strong><br />(-30 for losing)
|l|☆capitolg
|player|p1|
|l|☆413xey
|player|p2|
