|j|☆fadingstrawberry
|j|☆mappy621
|t:|1758260194
|gametype|singles
|player|p1|fadingstrawberry|swimmerf-gen4|1431
|player|p2|mappy621|266|1367
|gen|9
|tier|[Gen 9] OU
|rated|
|rule|HP Percentage Mod: HP is shown in percentages
|rule|Endless Battle Clause: Forcing endless battles is banned
|rule|Species Clause: Limit one of each Pokémon
|rule|OHKO Clause: OHKO moves are banned
|rule|Evasion Items Clause: Evasion items are banned
|rule|Evasion Moves Clause: Evasion moves are banned
|rule|Evasion Abilities Clause: Evasion abilities are banned
|rule|Sleep Moves Clause: Sleep-inducing moves are banned
|clearpoke
|poke|p1|Pelipper, M|
|poke|p1|Barraskewda, F|
|poke|p1|Beartic, M|
|poke|p1|Hatterene, F|
|poke|p1|Zapdos|
|poke|p1|Great Tusk|
|poke|p2|Ninetales, M|
|poke|p2|Walking Wake|
|poke|p2|Great Tusk|
|poke|p2|Raging Bolt|
|poke|p2|Weezing-Galar, M|
|poke|p2|Dragapult, F|
|teampreview
|inactive|Battle timer is ON: inactive players will automatically lose when time's up. (requested by mappy621)
|
|t:|1758260200
|teamsize|p1|6
|teamsize|p2|6
|start
|switch|p1a: Barraskewda|Barraskewda, F|100/100
|switch|p2a: Dragapult|Dragapult, F|100/100
|turn|1
|
|t:|1758260214
|switch|p1a: Great Tusk|Great Tusk|100/100
|move|p2a: Dragapult|Phantom Force||[still]
|-prepare|p2a: Dragapult|Phantom Force
|
|upkeep
|turn|2
|
|t:|1758260222
|move|p2a: Dragapult|Phantom Force|p1a: Great Tusk|[from] lockedmove
|-damage|p1a: Great Tusk|57/100
|move|p1a: Great Tusk|Knock Off|p2a: Dragapult
|-supereffective|p2a: Dragapult
|-damage|p2a: Dragapult|29/100
|-enditem|p2a: Dragapult|Choice Band|[from] move: Knock Off|[of] p1a: Great Tusk
|
|-heal|p1a: Great Tusk|63/100|[from] item: Leftovers
|upkeep
|turn|3
|
|t:|1758260238
|move|p2a: Dragapult|U-turn|p1a: Great Tusk
|-resisted|p1a: Great Tusk
|-damage|p1a: Great Tusk|55/100
|
|t:|1758260245
|switch|p2a: Ninetales|Ninetales, M|100/100|[from] U-turn
|-weather|SunnyDay|[from] ability: Drought|[of] p2a: Ninetales
|-activate|p1a: Great Tusk|ability: Protosynthesis
|-start|p1a: Great Tusk|protosynthesisspe
|move|p1a: Great Tusk|Knock Off|p2a: Ninetales
|-damage|p2a: Ninetales|67/100
|-enditem|p2a: Ninetales|Heat Rock|[from] move: Knock Off|[of] p1a: Great Tusk
|
|-weather|SunnyDay|[upkeep]
|-heal|p1a: Great Tusk|62/100|[from] item: Leftovers
|upkeep
|turn|4
|
|t:|1758260259
|-end|p1a: Great Tusk|Protosynthesis|[silent]
|switch|p1a: Pelipper|Pelipper, M|100/100
|-weather|RainDance|[from] ability: Drizzle|[of] p1a: Pelipper
|switch|p2a: Walking Wake|Walking Wake|100/100
|
|-weather|RainDance|[upkeep]
|upkeep
|turn|5
|
|t:|1758260274
|switch|p1a: Hatterene|Hatterene, F|100/100
|move|p2a: Walking Wake|Agility|p2a: Walking Wake
|-boost|p2a: Walking Wake|spe|2
|
|-weather|RainDance|[upkeep]
|upkeep
|turn|6
|
|t:|1758260283
|move|p2a: Walking Wake|Hydro Steam|p1a: Hatterene
|-damage|p1a: Hatterene|16/100
|-enditem|p1a: Hatterene|Eject Button
|-damage|p2a: Walking Wake|91/100|[from] item: Life Orb
|
|t:|1758260299
|switch|p1a: Zapdos|Zapdos|100/100
|
|-weather|RainDance|[upkeep]
|upkeep
|turn|7
|
|t:|1758260314
|move|p2a: Walking Wake|Hydro Steam|p1a: Zapdos
|-damage|p1a: Zapdos|0 fnt
|faint|p1a: Zapdos
|-damage|p2a: Walking Wake|81/100|[from] item: Life Orb
|
|-weather|RainDance|[upkeep]
|upkeep
|
|t:|1758260319
|switch|p1a: Barraskewda|Barraskewda, F|100/100
|turn|8
|
|t:|1758260325
|move|p1a: Barraskewda|Close Combat|p2a: Walking Wake
|-damage|p2a: Walking Wake|4/100
|-unboost|p1a: Barraskewda|def|1
|-unboost|p1a: Barraskewda|spd|1
|move|p2a: Walking Wake|Draco Meteor|p1a: Barraskewda
|-damage|p1a: Barraskewda|0 fnt
|-unboost|p2a: Walking Wake|spa|2
|faint|p1a: Barraskewda
|-damage|p2a: Walking Wake|0 fnt|[from] item: Life Orb
|faint|p2a: Walking Wake
|-end|p2a: Walking Wake|Protosynthesis|[silent]
|
|-weather|RainDance|[upkeep]
|upkeep
|
|t:|1758260335
|switch|p1a: Beartic|Beartic, M|100/100
|switch|p2a: Ninetales|Ninetales, M|67/100
|-weather|SunnyDay|[from] ability: Drought|[of] p2a: Ninetales
|turn|9
|
|t:|1758260339
|switch|p2a: Dragapult|Dragapult, F|29/100
|switch|p1a: Pelipper|Pelipper, M|100/100
|-weather|RainDance|[from] ability: Drizzle|[of] p1a: Pelipper
|
|-weather|RainDance|[upkeep]
|upkeep
|turn|10
|
|t:|1758260352
|move|p2a: Dragapult|Phantom Force||[still]
|-prepare|p2a: Dragapult|Phantom Force
|move|p1a: Pelipper|Hurricane|p2a: Dragapult|[miss]
|-miss|p1a: Pelipper|p2a: Dragapult
|
|-weather|RainDance|[upkeep]
|upkeep
|turn|11
|
|t:|1758260360
|move|p2a: Dragapult|Phantom Force|p1a: Pelipper|[from] lockedmove
|-damage|p1a: Pelipper|61/100
|move|p1a: Pelipper|Hurricane|p2a: Dragapult
|-damage|p2a: Dragapult|0 fnt
|faint|p2a: Dragapult
|
|-weather|RainDance|[upkeep]
|upkeep
|
|t:|1758260367
|switch|p2a: Ninetales|Ninetales, M|67/100
|-weather|SunnyDay|[from] ability: Drought|[of] p2a: Ninetales
|turn|12
|
|t:|1758260372
|switch|p2a: Weezing|Weezing-Galar, M|100/100
|-ability|p2a: Weezing|Neutralizing Gas
|move|p1a: Pelipper|U-turn|p2a: Weezing
|-resisted|p2a: Weezing
|-damage|p2a: Weezing|99/100
|-damage|p1a: Pelipper|45/100|[from] item: Rocky Helmet|[of] p2a: Weezing
|
|t:|1758260388
|switch|p1a: Beartic|Beartic, M|100/100|[from] U-turn
|
|-weather|SunnyDay|[upkeep]
|upkeep
|turn|13
|
|t:|1758260394
|switch|p1a: Hatterene|Hatterene, F|16/100
|move|p2a: Weezing|Flamethrower|p1a: Hatterene
|-damage|p1a: Hatterene|0 fnt
|faint|p1a: Hatterene
|
|-weather|SunnyDay|[upkeep]
|upkeep
|
|t:|1758260410
|switch|p1a: Great Tusk|Great Tusk|62/100
|turn|14
|
|t:|1758260415
|-terastallize|p2a: Weezing|Normal
|move|p1a: Great Tusk|Headlong Rush|p2a: Weezing
|-damage|p2a: Weezing|59/100
|-unboost|p1a: Great Tusk|def|1
|-unboost|p1a: Great Tusk|spd|1
|-damage|p1a: Great Tusk|45/100|[from] item: Rocky Helmet|[of] p2a: Weezing
|move|p2a: Weezing|Strange Steam|p1a: Great Tusk
|-supereffective|p1a: Great Tusk
|-damage|p1a: Great Tusk|0 fnt
|faint|p1a: Great Tusk
|-end|p1a: Great Tusk|Protosynthesis|[silent]
|
|-weather|SunnyDay|[upkeep]
|upkeep
|
|t:|1758260426
|switch|p1a: Beartic|Beartic, M|100/100
|turn|15
|
|t:|1758260436
|move|p1a: Beartic|Icicle Spear|p2a: Weezing
|-damage|p2a: Weezing|49/100
|-damage|p2a: Weezing|38/100
|-damage|p2a: Weezing|29/100
|-damage|p2a: Weezing|19/100
|-damage|p2a: Weezing|10/100
|-hitcount|p2a: Weezing|5
|move|p2a: Weezing|Flamethrower|p1a: Beartic
|-supereffective|p1a: Beartic
|-damage|p1a: Beartic|23/100
|-status|p1a: Beartic|brn
|
|-weather|SunnyDay|[upkeep]
|-damage|p1a: Beartic|17/100 brn|[from] brn
|upkeep
|turn|16
|-message|fadingstrawberry forfeited.
|
|win|mappy621
|raw|fadingstrawberry's rating: 1431 &rarr; <strong>1407</strong><br />(-24 for losing)
|raw|mappy621's rating: 1367 &rarr; <strong>1391</strong><br />(+24 for winning)
|l|☆fadingstrawberry
|player|p1|
|l|☆mappy621
|player|p2|
