|j|☆Navi loves L
|j|☆rookie22
|t:|1758301740
|gametype|singles
|player|p1|Navi loves L|lass-gen4|1667
|player|p2|rookie22|iris-gen5bw2|1755
|gen|9
|tier|[Gen 9] OU
|rated|
|rule|HP Percentage Mod: HP is shown in percentages
|rule|Endless Battle Clause: Forcing endless battles is banned
|rule|Species Clause: Limit one of each Pokémon
|rule|OHKO Clause: OHKO moves are banned
|rule|Evasion Items Clause: Evasion items are banned
|rule|Evasion Moves Clause: Evasion moves are banned
|rule|Evasion Abilities Clause: Evasion abilities are banned
|rule|Sleep Moves Clause: Sleep-inducing moves are banned
|clearpoke
|poke|p1|Rillaboom, F|
|poke|p1|Hawlucha, F|
|poke|p1|Glimmora, F|
|poke|p1|Kingambit, F|
|poke|p1|Serperior, F|
|poke|p1|Hatterene, F|
|poke|p2|Dragonite, F|
|poke|p2|Meowscarada, M|
|poke|p2|Keldeo|
|poke|p2|Iron Crown|
|poke|p2|Raging Bolt|
|poke|p2|Great Tusk|
|teampreview
|inactive|Battle timer is ON: inactive players will automatically lose when time's up. (requested by rookie22)
|
|t:|1758301763
|teamsize|p1|6
|teamsize|p2|6
|start
|switch|p1a: Rillaboom|Rillaboom, F|100/100
|switch|p2a: Raging Bolt|Raging Bolt|100/100
|-fieldstart|move: Grassy Terrain|[from] ability: Grassy Surge|[of] p1a: Rillaboom
|turn|1
|
|t:|1758301769
|move|p1a: Rillaboom|U-turn|p2a: Raging Bolt
|-damage|p2a: Raging Bolt|76/100
|
|t:|1758301776
|switch|p1a: Kingambit|Kingambit, F|100/100|[from] U-turn
|move|p2a: Raging Bolt|Calm Mind|p2a: Raging Bolt
|-boost|p2a: Raging Bolt|spa|1
|-boost|p2a: Raging Bolt|spd|1
|
|-heal|p2a: Raging Bolt|82/100|[from] Grassy Terrain
|-heal|p2a: Raging Bolt|89/100|[from] item: Leftovers
|upkeep
|turn|2
|
|t:|1758301799
|move|p2a: Raging Bolt|Thunderbolt|p1a: Kingambit
|-damage|p1a: Kingambit|28/100
|move|p1a: Kingambit|Kowtow Cleave|p2a: Raging Bolt
|-damage|p2a: Raging Bolt|44/100
|
|-heal|p2a: Raging Bolt|50/100|[from] Grassy Terrain
|-heal|p2a: Raging Bolt|56/100|[from] item: Leftovers
|-heal|p1a: Kingambit|34/100|[from] Grassy Terrain
|-heal|p1a: Kingambit|40/100|[from] item: Leftovers
|upkeep
|turn|3
|
|t:|1758301805
|-end|p2a: Raging Bolt|Protosynthesis|[silent]
|switch|p2a: Great Tusk|Great Tusk|100/100
|-end|p1a: Kingambit|fallenundefined|[silent]
|switch|p1a: Hawlucha|Hawlucha, F|100/100
|-enditem|p1a: Hawlucha|Grassy Seed
|-boost|p1a: Hawlucha|def|1|[from] item: Grassy Seed
|
|upkeep
|turn|4
|
|t:|1758301814
|move|p1a: Hawlucha|Swords Dance|p1a: Hawlucha
|-boost|p1a: Hawlucha|atk|2
|move|p2a: Great Tusk|Ice Spinner|p1a: Hawlucha
|-supereffective|p1a: Hawlucha
|-damage|p1a: Hawlucha|47/100
|-fieldend|move: Grassy Terrain
|
|upkeep
|turn|5
|j| wtf1900
|l| wtf1900
|inactive|rookie22 has 120 seconds left.
|
|t:|1758301849
|-end|p2a: Great Tusk|Protosynthesis|[silent]
|switch|p2a: Bene Gesserit|Iron Crown|100/100
|move|p1a: Hawlucha|Acrobatics|p2a: Bene Gesserit
|-resisted|p2a: Bene Gesserit
|-damage|p2a: Bene Gesserit|52/100
|
|upkeep
|turn|6
|j| 54 Insane Rats
|inactive|rookie22 has 120 seconds left.
|
|t:|1758301859
|-end|p2a: Bene Gesserit|Quark Drive|[silent]
|switch|p2a: Great Tusk|Great Tusk|100/100
|move|p1a: Hawlucha|Close Combat|p2a: Great Tusk
|-damage|p2a: Great Tusk|31/100
|-unboost|p1a: Hawlucha|def|1
|-unboost|p1a: Hawlucha|spd|1
|
|-heal|p2a: Great Tusk|37/100|[from] item: Leftovers
|upkeep
|turn|7
|
|t:|1758301869
|move|p1a: Hawlucha|Acrobatics|p2a: Great Tusk
|-supereffective|p2a: Great Tusk
|-damage|p2a: Great Tusk|0 fnt
|faint|p2a: Great Tusk
|-end|p2a: Great Tusk|Protosynthesis|[silent]
|
|upkeep
|inactive|rookie22 has 120 seconds left.
|
|t:|1758301894
|switch|p2a: MEGA DRAGONITE|Dragonite, F|100/100
|turn|8
|
|t:|1758301897
|move|p1a: Hawlucha|Acrobatics|p2a: MEGA DRAGONITE
|-damage|p2a: MEGA DRAGONITE|42/100
|move|p2a: MEGA DRAGONITE|Ice Spinner|p1a: Hawlucha
|-supereffective|p1a: Hawlucha
|-damage|p1a: Hawlucha|0 fnt
|faint|p1a: Hawlucha
|
|upkeep
|
|t:|1758301907
|switch|p1a: Glimmora|Glimmora, F|100/100
|turn|9
|
|t:|1758301911
|switch|p2a: Bene Gesserit|Iron Crown|52/100
|move|p1a: Glimmora|Stealth Rock|p2a: Bene Gesserit
|-sidestart|p2: rookie22|move: Stealth Rock
|
|upkeep
|turn|10
|
|t:|1758301915
|switch|p1a: Kingambit|Kingambit, F|40/100
|-activate|p1a: Kingambit|ability: Supreme Overlord
|-start|p1a: Kingambit|fallen1|[silent]
|move|p2a: Bene Gesserit|Tachyon Cutter|p1a: Kingambit
|-resisted|p1a: Kingambit
|-damage|p1a: Kingambit|28/100
|-resisted|p1a: Kingambit
|-damage|p1a: Kingambit|16/100
|-hitcount|p1a: Kingambit|2
|
|-heal|p1a: Kingambit|23/100|[from] item: Leftovers
|upkeep
|turn|11
|
|t:|1758301938
|-end|p2a: Bene Gesserit|Quark Drive|[silent]
|switch|p2a: Lisan Al Gaib|Keldeo|100/100
|-damage|p2a: Lisan Al Gaib|94/100|[from] Stealth Rock
|move|p1a: Kingambit|Kowtow Cleave|p2a: Lisan Al Gaib
|-resisted|p2a: Lisan Al Gaib
|-damage|p2a: Lisan Al Gaib|63/100
|-ability|p2a: Lisan Al Gaib|Justified|boost
|-boost|p2a: Lisan Al Gaib|atk|1
|
|-heal|p1a: Kingambit|29/100|[from] item: Leftovers
|upkeep
|turn|12
|
|t:|1758301946
|move|p1a: Kingambit|Sucker Punch|p2a: Lisan Al Gaib
|-resisted|p2a: Lisan Al Gaib
|-damage|p2a: Lisan Al Gaib|38/100
|-ability|p2a: Lisan Al Gaib|Justified|boost
|-boost|p2a: Lisan Al Gaib|atk|1
|move|p2a: Lisan Al Gaib|Surf|p1a: Kingambit
|-damage|p1a: Kingambit|0 fnt
|faint|p1a: Kingambit
|-end|p1a: Kingambit|fallen1|[silent]
|
|upkeep
|
|t:|1758301960
|switch|p1a: Rillaboom|Rillaboom, F|100/100
|-fieldstart|move: Grassy Terrain|[from] ability: Grassy Surge|[of] p1a: Rillaboom
|turn|13
|
|t:|1758301984
|switch|p2a: Raging Bolt|Raging Bolt|56/100
|-damage|p2a: Raging Bolt|44/100|[from] Stealth Rock
|move|p1a: Rillaboom|U-turn|p2a: Raging Bolt
|-damage|p2a: Raging Bolt|22/100
|
|t:|1758301988
|switch|p1a: Serperior|Serperior, F|100/100|[from] U-turn
|
|-heal|p2a: Raging Bolt|28/100|[from] Grassy Terrain
|-heal|p2a: Raging Bolt|34/100|[from] item: Leftovers
|upkeep
|turn|14
|
|t:|1758301993
|move|p1a: Serperior|Leaf Storm|p2a: Raging Bolt
|-resisted|p2a: Raging Bolt
|-damage|p2a: Raging Bolt|9/100
|-boost|p1a: Serperior|spa|2
|move|p2a: Raging Bolt|Dragon Pulse|p1a: Serperior
|-damage|p1a: Serperior|42/100
|
|-heal|p1a: Serperior|49/100|[from] Grassy Terrain
|-heal|p1a: Serperior|55/100|[from] item: Leftovers
|-heal|p2a: Raging Bolt|15/100|[from] Grassy Terrain
|-heal|p2a: Raging Bolt|21/100|[from] item: Leftovers
|upkeep
|turn|15
|
|t:|1758302006
|move|p1a: Serperior|Substitute|p1a: Serperior
|-start|p1a: Serperior|Substitute
|-damage|p1a: Serperior|30/100
|move|p2a: Raging Bolt|Dragon Pulse|p1a: Serperior
|-end|p1a: Serperior|Substitute
|
|-heal|p1a: Serperior|36/100|[from] Grassy Terrain
|-heal|p1a: Serperior|42/100|[from] item: Leftovers
|-heal|p2a: Raging Bolt|27/100|[from] Grassy Terrain
|-heal|p2a: Raging Bolt|34/100|[from] item: Leftovers
|upkeep
|turn|16
|
|t:|1758302009
|move|p1a: Serperior|Tera Blast|p2a: Raging Bolt
|-damage|p2a: Raging Bolt|0 fnt
|faint|p2a: Raging Bolt
|-end|p2a: Raging Bolt|Protosynthesis|[silent]
|
|-heal|p1a: Serperior|49/100|[from] Grassy Terrain
|-heal|p1a: Serperior|55/100|[from] item: Leftovers
|upkeep
|
|t:|1758302013
|switch|p2a: Meowscarada|Meowscarada, M|100/100
|turn|17
|
|t:|1758302019
|switch|p1a: Glimmora|Glimmora, F|100/100
|move|p2a: Meowscarada|Triple Axel|p1a: Glimmora
|-start|p2a: Meowscarada|typechange|Ice|[from] ability: Protean
|-damage|p1a: Glimmora|89/100
|-activate|p1a: Glimmora|ability: Toxic Debris
|-sidestart|p2: rookie22|move: Toxic Spikes
|-damage|p1a: Glimmora|66/100
|-activate|p1a: Glimmora|ability: Toxic Debris
|-sidestart|p2: rookie22|move: Toxic Spikes
|-damage|p1a: Glimmora|29/100
|-hitcount|p1a: Glimmora|3
|
|-heal|p1a: Glimmora|35/100|[from] Grassy Terrain
|upkeep
|turn|18
|
|t:|1758302026
|move|p1a: Glimmora|Energy Ball|p2a: Meowscarada
|-damage|p2a: Meowscarada|41/100
|move|p2a: Meowscarada|Flower Trick|p1a: Glimmora
|-crit|p1a: Glimmora
|-damage|p1a: Glimmora|0 fnt
|faint|p1a: Glimmora
|
|-heal|p2a: Meowscarada|47/100|[from] Grassy Terrain
|upkeep
|
|t:|1758302032
|switch|p1a: Rillaboom|Rillaboom, F|100/100
|turn|19
|
|t:|1758302048
|switch|p2a: Bene Gesserit|Iron Crown|52/100
|-damage|p2a: Bene Gesserit|45/100|[from] Stealth Rock
|move|p1a: Rillaboom|Grassy Glide|p2a: Bene Gesserit
|-resisted|p2a: Bene Gesserit
|-damage|p2a: Bene Gesserit|26/100
|
|-heal|p2a: Bene Gesserit|32/100|[from] Grassy Terrain
|upkeep
|turn|20
|
|t:|1758302052
|move|p2a: Bene Gesserit|Tachyon Cutter|p1a: Rillaboom
|-damage|p1a: Rillaboom|71/100
|-damage|p1a: Rillaboom|42/100
|-hitcount|p1a: Rillaboom|2
|move|p1a: Rillaboom|Knock Off|p2a: Bene Gesserit
|-supereffective|p2a: Bene Gesserit
|-damage|p2a: Bene Gesserit|0 fnt
|-enditem|p2a: Bene Gesserit|Assault Vest|[from] move: Knock Off|[of] p1a: Rillaboom
|faint|p2a: Bene Gesserit
|-end|p2a: Bene Gesserit|Quark Drive|[silent]
|
|-heal|p1a: Rillaboom|48/100|[from] Grassy Terrain
|-fieldend|move: Grassy Terrain
|upkeep
|
|t:|1758302061
|switch|p2a: MEGA DRAGONITE|Dragonite, F|42/100
|turn|21
|
|t:|1758302071
|switch|p1a: Serperior|Serperior, F|55/100
|move|p2a: MEGA DRAGONITE|Dragon Dance|p2a: MEGA DRAGONITE
|-boost|p2a: MEGA DRAGONITE|atk|1
|-boost|p2a: MEGA DRAGONITE|spe|1
|
|-heal|p1a: Serperior|61/100|[from] item: Leftovers
|upkeep
|turn|22
|inactive|Navi loves L has 120 seconds left.
|l| 54 Insane Rats
|
|t:|1758302113
|-terastallize|p2a: MEGA DRAGONITE|Flying
|-terastallize|p1a: Serperior|Ice
|move|p2a: MEGA DRAGONITE|Tera Blast|p1a: Serperior|[anim] Tera Blast Flying
|-damage|p1a: Serperior|0 fnt
|faint|p1a: Serperior
|
|upkeep
|
|t:|1758302119
|switch|p1a: Rillaboom|Rillaboom, F|48/100
|-fieldstart|move: Grassy Terrain|[from] ability: Grassy Surge|[of] p1a: Rillaboom
|turn|23
|
|t:|1758302126
|switch|p1a: Hatterene|Hatterene, F|100/100
|-enditem|p1a: Hatterene|Grassy Seed
|-boost|p1a: Hatterene|def|1|[from] item: Grassy Seed
|move|p2a: MEGA DRAGONITE|Ice Spinner|p1a: Hatterene
|-damage|p1a: Hatterene|77/100
|-fieldend|move: Grassy Terrain
|
|upkeep
|turn|24
|inactive|Navi loves L has 120 seconds left.
|
|t:|1758302135
|move|p2a: MEGA DRAGONITE|Tera Blast|p1a: Hatterene|[anim] Tera Blast Flying
|-damage|p1a: Hatterene|33/100
|move|p1a: Hatterene|Nuzzle|p2a: MEGA DRAGONITE
|-supereffective|p2a: MEGA DRAGONITE
|-damage|p2a: MEGA DRAGONITE|33/100
|-status|p2a: MEGA DRAGONITE|par
|
|upkeep
|turn|25
|
|t:|1758302139
|cant|p2a: MEGA DRAGONITE|par
|move|p1a: Hatterene|Psyshock|p2a: MEGA DRAGONITE
|-crit|p2a: MEGA DRAGONITE
|-damage|p2a: MEGA DRAGONITE|0 fnt
|faint|p2a: MEGA DRAGONITE
|
|upkeep
|
|t:|1758302145
|switch|p2a: Meowscarada|Meowscarada, M|47/100
|turn|26
|
|t:|1758302149
|move|p2a: Meowscarada|Flower Trick|p1a: Hatterene
|-start|p2a: Meowscarada|typechange|Grass|[from] ability: Protean
|-crit|p1a: Hatterene
|-damage|p1a: Hatterene|0 fnt
|faint|p1a: Hatterene
|
|upkeep
|
|t:|1758302154
|switch|p1a: Rillaboom|Rillaboom, F|48/100
|-fieldstart|move: Grassy Terrain|[from] ability: Grassy Surge|[of] p1a: Rillaboom
|turn|27
|
|t:|1758302159
|move|p1a: Rillaboom|Grassy Glide|p2a: Meowscarada
|-resisted|p2a: Meowscarada
|-damage|p2a: Meowscarada|14/100
|move|p2a: Meowscarada|Knock Off|p1a: Rillaboom
|-damage|p1a: Rillaboom|15/100
|-enditem|p1a: Rillaboom|Terrain Extender|[from] move: Knock Off|[of] p2a: Meowscarada
|
|-heal|p2a: Meowscarada|21/100|[from] Grassy Terrain
|-heal|p1a: Rillaboom|21/100|[from] Grassy Terrain
|upkeep
|turn|28
|
|t:|1758302165
|move|p1a: Rillaboom|Grassy Glide|p2a: Meowscarada
|-resisted|p2a: Meowscarada
|-damage|p2a: Meowscarada|0 fnt
|faint|p2a: Meowscarada
|
|-heal|p1a: Rillaboom|27/100|[from] Grassy Terrain
|upkeep
|
|t:|1758302168
|switch|p2a: Lisan Al Gaib|Keldeo|38/100
|-damage|p2a: Lisan Al Gaib|31/100|[from] Stealth Rock
|-status|p2a: Lisan Al Gaib|tox
|turn|29
|
|t:|1758302169
|move|p2a: Lisan Al Gaib|Vacuum Wave|p1a: Rillaboom
|-damage|p1a: Rillaboom|0 fnt
|faint|p1a: Rillaboom
|
|win|rookie22
|raw|Navi loves L's rating: 1667 &rarr; <strong>1652</strong><br />(-15 for losing)
|raw|rookie22's rating: 1755 &rarr; <strong>1770</strong><br />(+15 for winning)
|l|☆rookie22
|player|p2|
|l|☆Navi loves L
|player|p1|
