|j|☆enrique2503
|j|☆RNG Savage
|t:|1758316424
|gametype|singles
|player|p1|enrique2503|ghetsis|1165
|player|p2|RNG Savage|giovanni-gen3|1165
|gen|9
|tier|[Gen 9] OU
|rated|
|rule|HP Percentage Mod: HP is shown in percentages
|rule|Endless Battle Clause: Forcing endless battles is banned
|rule|Species Clause: Limit one of each Pokémon
|rule|OHKO Clause: OHKO moves are banned
|rule|Evasion Items Clause: Evasion items are banned
|rule|Evasion Moves Clause: Evasion moves are banned
|rule|Evasion Abilities Clause: Evasion abilities are banned
|rule|Sleep Moves Clause: Sleep-inducing moves are banned
|clearpoke
|poke|p1|Latias, F|
|poke|p1|Alomomola, F|
|poke|p1|Alcremie-Matcha-Cream, F|
|poke|p1|Tornadus-Therian, M|
|poke|p1|Slowking-Galar, M|
|poke|p1|Great Tusk|
|poke|p2|Skarmory, M|
|poke|p2|Gyarados, M|
|poke|p2|Weavile, M|
|poke|p2|Magnezone|
|poke|p2|Zoroark-Hisui, M|
|poke|p2|Electivire, M|
|teampreview
|
|t:|1758316440
|teamsize|p1|6
|teamsize|p2|6
|start
|switch|p1a: Latias|Latias, F|100/100
|switch|p2a: Skarmory|Skarmory, M, shiny|100/100
|turn|1
|
|t:|1758316448
|move|p1a: Latias|Agility|p1a: Latias
|-boost|p1a: Latias|spe|2
|move|p2a: Skarmory|Stealth Rock|p1a: Latias
|-sidestart|p1: enrique2503|move: Stealth Rock
|
|upkeep
|turn|2
|
|t:|1758316454
|move|p1a: Latias|Calm Mind|p1a: Latias
|-boost|p1a: Latias|spa|1
|-boost|p1a: Latias|spd|1
|move|p2a: Skarmory|Spikes|p1a: Latias
|-sidestart|p1: enrique2503|Spikes
|
|upkeep
|turn|3
|
|t:|1758316459
|move|p1a: Latias|Calm Mind|p1a: Latias
|-boost|p1a: Latias|spa|1
|-boost|p1a: Latias|spd|1
|move|p2a: Skarmory|Spikes|p1a: Latias
|-sidestart|p1: enrique2503|Spikes
|
|upkeep
|turn|4
|
|t:|1758316466
|move|p1a: Latias|Calm Mind|p1a: Latias
|-boost|p1a: Latias|spa|1
|-boost|p1a: Latias|spd|1
|move|p2a: Skarmory|Spikes|p1a: Latias
|-sidestart|p1: enrique2503|Spikes
|
|upkeep
|turn|5
|
|t:|1758316474
|move|p1a: Latias|Stored Power|p2a: Skarmory
|-resisted|p2a: Skarmory
|-ability|p2a: Skarmory|Sturdy
|-damage|p2a: Skarmory|1/100
|move|p2a: Skarmory|Brave Bird|p1a: Latias
|-damage|p1a: Latias|63/100
|-damage|p2a: Skarmory|0 fnt|[from] Recoil
|faint|p2a: Skarmory
|
|upkeep
|c|☆enrique2503|loool
|
|t:|1758316484
|switch|p2a: Weavile|Weavile, M|100/100
|turn|6
|
|t:|1758316490
|-terastallize|p2a: Weavile|Ghost
|move|p1a: Latias|Aura Sphere|p2a: Weavile
|-immune|p2a: Weavile
|move|p2a: Weavile|Knock Off|p1a: Latias
|-supereffective|p1a: Latias
|-damage|p1a: Latias|0 fnt
|-enditem|p1a: Latias|Weakness Policy|[from] move: Knock Off|[of] p2a: Weavile
|faint|p1a: Latias
|
|upkeep
|c|☆RNG Savage|Lol
|inactive|Battle timer is ON: inactive players will automatically lose when time's up. (requested by RNG Savage)
|c|☆RNG Savage|Hurry up :)
|
|t:|1758316555
|switch|p1a: Alcremie|Alcremie-Matcha-Cream, F|100/100
|-damage|p1a: Alcremie|88/100|[from] Stealth Rock
|-damage|p1a: Alcremie|63/100|[from] Spikes
|turn|7
|c|☆RNG Savage|Don’t slow down now…
|c|☆enrique2503|lol
|
|t:|1758316563
|move|p2a: Weavile|Triple Axel|p1a: Alcremie
|-damage|p1a: Alcremie|53/100
|-damage|p1a: Alcremie|34/100
|-damage|p1a: Alcremie|5/100
|-hitcount|p1a: Alcremie|3
|move|p1a: Alcremie|Acid Armor|p1a: Alcremie
|-boost|p1a: Alcremie|def|2
|
|-heal|p1a: Alcremie|11/100|[from] item: Leftovers
|upkeep
|turn|8
|j| amaia2503
|
|t:|1758316577
|-terastallize|p1a: Alcremie|Poison
|move|p2a: Weavile|Triple Axel|p1a: Alcremie
|-damage|p1a: Alcremie|5/100
|-damage|p1a: Alcremie|0 fnt
|faint|p1a: Alcremie
|-hitcount|p1: Alcremie|2
|
|upkeep
|-message|enrique2503 forfeited.
|
|win|RNG Savage
|raw|enrique2503's rating: 1165 &rarr; <strong>1140</strong><br />(-25 for losing)
|raw|RNG Savage's rating: 1165 &rarr; <strong>1190</strong><br />(+25 for winning)
|l|☆enrique2503
|player|p1|
|c|☆RNG Savage|Lol
|l| amaia2503
|l|☆RNG Savage
|player|p2|
