|j|☆magical leaves
|j|☆jpjurado
|t:|1758311700
|gametype|singles
|player|p1|magical leaves|aromalady|1327
|player|p2|jpjurado|265|1328
|gen|9
|tier|[Gen 9] OU
|rated|
|rule|HP Percentage Mod: HP is shown in percentages
|rule|Endless Battle Clause: Forcing endless battles is banned
|rule|Species Clause: Limit one of each Pokémon
|rule|OHKO Clause: OHKO moves are banned
|rule|Evasion Items Clause: Evasion items are banned
|rule|Evasion Moves Clause: Evasion moves are banned
|rule|Evasion Abilities Clause: Evasion abilities are banned
|rule|Sleep Moves Clause: Sleep-inducing moves are banned
|clearpoke
|poke|p1|Lilligant-Hisui, F|
|poke|p1|Thundurus, M|
|poke|p1|Ting-Lu|
|poke|p1|Blaziken, M|
|poke|p1|Walking Wake|
|poke|p1|Scizor, M|
|poke|p2|Dragapult, F|
|poke|p2|Iron Valiant|
|poke|p2|Great Tusk|
|poke|p2|Kingambit, F|
|poke|p2|Gholdengo|
|poke|p2|Cinderace, F|
|teampreview
|inactive|Battle timer is ON: inactive players will automatically lose when time's up. (requested by jpjurado)
|
|t:|1758311706
|teamsize|p1|6
|teamsize|p2|6
|start
|switch|p1a: shnow|Ting-Lu|100/100
|switch|p2a: Cinderace|Cinderace, F|100/100
|-ability|p1a: shnow|Vessel of Ruin
|turn|1
|
|t:|1758311714
|move|p2a: Cinderace|High Jump Kick|p1a: shnow|[miss]
|-start|p2a: Cinderace|typechange|Fighting|[from] ability: Libero
|-miss|p2a: Cinderace|p1a: shnow
|-damage|p2a: Cinderace|51/100|[from] highjumpkick
|move|p1a: shnow|Earthquake|p2a: Cinderace
|-damage|p2a: Cinderace|0 fnt
|faint|p2a: Cinderace
|
|upkeep
|c|☆jpjurado|wow
|
|t:|1758311729
|switch|p2a: Great Tusk|Great Tusk|100/100
|turn|2
|c|☆magical leaves|Unfortunate
|
|t:|1758311740
|move|p2a: Great Tusk|Rapid Spin|p1a: shnow
|-damage|p1a: shnow|94/100
|-boost|p2a: Great Tusk|spe|1
|move|p1a: shnow|Stealth Rock|p2a: Great Tusk
|-sidestart|p2: jpjurado|move: Stealth Rock
|
|-heal|p1a: shnow|99/100|[from] item: Leftovers
|upkeep
|turn|3
|
|t:|1758311749
|move|p2a: Great Tusk|Ice Spinner|p1a: shnow
|-supereffective|p1a: shnow
|-damage|p1a: shnow|81/100
|move|p1a: shnow|Whirlwind|p2a: Great Tusk
|-end|p2a: Great Tusk|Protosynthesis|[silent]
|drag|p2a: Iron Valiant|Iron Valiant|100/100
|-damage|p2a: Iron Valiant|94/100|[from] Stealth Rock
|-enditem|p2a: Iron Valiant|Booster Energy
|-activate|p2a: Iron Valiant|ability: Quark Drive|[fromitem]
|-start|p2a: Iron Valiant|quarkdrivespe
|
|-heal|p1a: shnow|87/100|[from] item: Leftovers
|upkeep
|turn|4
|
|t:|1758311763
|switch|p1a: raps|Scizor, M|100/100
|move|p2a: Iron Valiant|Encore||[still]
|-fail|p2a: Iron Valiant
|
|upkeep
|turn|5
|
|t:|1758311774
|-end|p2a: Iron Valiant|Quark Drive|[silent]
|switch|p2a: Great Tusk|Great Tusk|100/100
|-damage|p2a: Great Tusk|98/100|[from] Stealth Rock
|move|p1a: raps|Bullet Punch|p2a: Great Tusk
|-damage|p2a: Great Tusk|76/100
|
|-heal|p2a: Great Tusk|82/100|[from] item: Leftovers
|upkeep
|turn|6
|
|t:|1758311789
|switch|p1a: thundercat|Thundurus, M|100/100
|move|p2a: Great Tusk|Knock Off|p1a: thundercat
|-damage|p1a: thundercat|63/100
|-enditem|p1a: thundercat|Heat Rock|[from] move: Knock Off|[of] p2a: Great Tusk
|
|-heal|p2a: Great Tusk|88/100|[from] item: Leftovers
|upkeep
|turn|7
|
|t:|1758311801
|-terastallize|p2a: Great Tusk|Water
|move|p1a: thundercat|Sunny Day|p1a: thundercat
|-weather|SunnyDay
|-activate|p2a: Great Tusk|ability: Protosynthesis
|-start|p2a: Great Tusk|protosynthesisatk
|move|p2a: Great Tusk|Ice Spinner|p1a: thundercat
|-supereffective|p1a: thundercat
|-damage|p1a: thundercat|0 fnt
|faint|p1a: thundercat
|
|-weather|SunnyDay|[upkeep]
|-heal|p2a: Great Tusk|95/100|[from] item: Leftovers
|upkeep
|
|t:|1758311813
|switch|p1a: atopos|Lilligant-Hisui, F|100/100
|turn|8
|
|t:|1758311818
|move|p1a: atopos|Solar Blade||[still]
|-prepare|p1a: atopos|Solar Blade
|-anim|p1a: atopos|Solar Blade|p2a: Great Tusk
|-supereffective|p2a: Great Tusk
|-damage|p2a: Great Tusk|3/100
|-damage|p1a: atopos|91/100|[from] item: Life Orb
|move|p2a: Great Tusk|Ice Spinner|p1a: atopos
|-supereffective|p1a: atopos
|-damage|p1a: atopos|4/100
|
|-weather|SunnyDay|[upkeep]
|-heal|p2a: Great Tusk|9/100|[from] item: Leftovers
|upkeep
|turn|9
|
|t:|1758311832
|move|p1a: atopos|Tera Blast|p2a: Great Tusk
|-damage|p2a: Great Tusk|0 fnt
|faint|p2a: Great Tusk
|-end|p2a: Great Tusk|Protosynthesis|[silent]
|-damage|p1a: atopos|0 fnt|[from] item: Life Orb
|faint|p1a: atopos
|
|-weather|SunnyDay|[upkeep]
|upkeep
|
|t:|1758311844
|switch|p2a: Iron Valiant|Iron Valiant|94/100
|switch|p1a: WIDE AWAAAAAKE!|Walking Wake|100/100
|-damage|p2a: Iron Valiant|88/100|[from] Stealth Rock
|-activate|p1a: WIDE AWAAAAAKE!|ability: Protosynthesis
|-start|p1a: WIDE AWAAAAAKE!|protosynthesisspe
|turn|10
|
|t:|1758311854
|move|p1a: WIDE AWAAAAAKE!|Hydro Steam|p2a: Iron Valiant
|-damage|p2a: Iron Valiant|0 fnt
|faint|p2a: Iron Valiant
|-end|p2a: Iron Valiant|Quark Drive|[silent]
|-damage|p1a: WIDE AWAAAAAKE!|91/100|[from] item: Life Orb
|
|-weather|SunnyDay|[upkeep]
|upkeep
|
|t:|1758311860
|switch|p2a: Gholdengo|Gholdengo|100/100
|-damage|p2a: Gholdengo|94/100|[from] Stealth Rock
|turn|11
|
|t:|1758311865
|move|p1a: WIDE AWAAAAAKE!|Flamethrower|p2a: Gholdengo
|-supereffective|p2a: Gholdengo
|-damage|p2a: Gholdengo|0 fnt
|faint|p2a: Gholdengo
|-damage|p1a: WIDE AWAAAAAKE!|81/100|[from] item: Life Orb
|
|-weather|none
|-end|p1a: WIDE AWAAAAAKE!|Protosynthesis
|upkeep
|
|t:|1758311870
|switch|p2a: Dragapult|Dragapult, F|100/100
|-damage|p2a: Dragapult|88/100|[from] Stealth Rock
|turn|12
|
|t:|1758311882
|-end|p1a: WIDE AWAAAAAKE!|Protosynthesis|[silent]
|switch|p1a: raps|Scizor, M|100/100
|move|p2a: Dragapult|Dragon Darts|p1a: raps
|-resisted|p1a: raps
|-damage|p1a: raps|82/100
|-anim|p2a: Dragapult|Dragon Darts|p1a: raps
|-resisted|p1a: raps
|-damage|p1a: raps|65/100
|
|upkeep
|turn|13
|
|t:|1758311893
|move|p2a: Dragapult|Dragon Darts|p1a: raps
|-resisted|p1a: raps
|-damage|p1a: raps|45/100
|-anim|p2a: Dragapult|Dragon Darts|p1a: raps
|-resisted|p1a: raps
|-damage|p1a: raps|25/100
|move|p1a: raps|Knock Off|p2a: Dragapult
|-supereffective|p2a: Dragapult
|-damage|p2a: Dragapult|0 fnt
|-enditem|p2a: Dragapult|Choice Band|[from] move: Knock Off|[of] p1a: raps
|faint|p2a: Dragapult
|
|upkeep
|
|t:|1758311902
|switch|p2a: Kingambit|Kingambit, F|100/100
|-damage|p2a: Kingambit|94/100|[from] Stealth Rock
|-activate|p2a: Kingambit|ability: Supreme Overlord
|-start|p2a: Kingambit|fallen5|[silent]
|turn|14
|
|t:|1758311909
|move|p1a: raps|Knock Off|p2a: Kingambit
|-resisted|p2a: Kingambit
|-damage|p2a: Kingambit|80/100
|-enditem|p2a: Kingambit|Black Glasses|[from] move: Knock Off|[of] p1a: raps
|move|p2a: Kingambit|Swords Dance|p2a: Kingambit
|-boost|p2a: Kingambit|atk|2
|
|upkeep
|turn|15
|
|t:|1758311920
|move|p1a: raps|Bullet Punch|p2a: Kingambit
|-resisted|p2a: Kingambit
|-damage|p2a: Kingambit|69/100
|move|p2a: Kingambit|Swords Dance|p2a: Kingambit
|-boost|p2a: Kingambit|atk|2
|
|upkeep
|turn|16
|
|t:|1758311927
|move|p1a: raps|Bullet Punch|p2a: Kingambit
|-resisted|p2a: Kingambit
|-damage|p2a: Kingambit|57/100
|move|p2a: Kingambit|Swords Dance|p2a: Kingambit
|-boost|p2a: Kingambit|atk|2
|
|upkeep
|turn|17
|
|t:|1758311933
|move|p1a: raps|Bullet Punch|p2a: Kingambit
|-resisted|p2a: Kingambit
|-damage|p2a: Kingambit|45/100
|move|p2a: Kingambit|Kowtow Cleave|p1a: raps
|-damage|p1a: raps|0 fnt
|faint|p1a: raps
|
|upkeep
|
|t:|1758311948
|switch|p1a: shnow|Ting-Lu|87/100
|-ability|p1a: shnow|Vessel of Ruin
|turn|18
|
|t:|1758311953
|move|p2a: Kingambit|Sucker Punch|p1a: shnow
|-resisted|p1a: shnow
|-damage|p1a: shnow|36/100
|move|p1a: shnow|Earthquake|p2a: Kingambit
|-supereffective|p2a: Kingambit
|-damage|p2a: Kingambit|0 fnt
|faint|p2a: Kingambit
|-end|p2a: Kingambit|fallen5|[silent]
|
|win|magical leaves
|raw|magical leaves's rating: 1327 &rarr; <strong>1347</strong><br />(+20 for winning)
|raw|jpjurado's rating: 1328 &rarr; <strong>1308</strong><br />(-20 for losing)
|l|☆jpjurado
|player|p2|
