|j|☆angerybee
|j|☆Penguinxdd
|t:|1758329867
|gametype|singles
|player|p1|angerybee|fisherman-gen4|1269
|player|p2|Penguinxdd|veteran|1289
|gen|9
|tier|[Gen 9] OU
|rated|
|rule|HP Percentage Mod: HP is shown in percentages
|rule|Endless Battle Clause: Forcing endless battles is banned
|rule|Species Clause: Limit one of each Pokémon
|rule|OHKO Clause: OHKO moves are banned
|rule|Evasion Items Clause: Evasion items are banned
|rule|Evasion Moves Clause: Evasion moves are banned
|rule|Evasion Abilities Clause: Evasion abilities are banned
|rule|Sleep Moves Clause: Sleep-inducing moves are banned
|clearpoke
|poke|p1|Regidrago|
|poke|p1|Ogerpon-Wellspring, F|
|poke|p1|Moltres|
|poke|p1|Houndstone, M|
|poke|p1|Iron Moth|
|poke|p1|Great Tusk|
|poke|p2|Weezing-Galar, M|
|poke|p2|Iron Valiant|
|poke|p2|Gholdengo|
|poke|p2|Primarina, M|
|poke|p2|Ting-Lu|
|poke|p2|Comfey, F|
|teampreview
|
|t:|1758329893
|teamsize|p1|6
|teamsize|p2|6
|start
|switch|p1a: Iron Moth|Iron Moth|100/100
|switch|p2a: Primarina|Primarina, M|100/100
|turn|1
|
|t:|1758329899
|switch|p2a: Ting-Lu|Ting-Lu|100/100
|-ability|p2a: Ting-Lu|Vessel of Ruin
|move|p1a: Iron Moth|Sludge Wave|p2a: Ting-Lu
|-resisted|p2a: Ting-Lu
|-damage|p2a: Ting-Lu|89/100
|
|-heal|p2a: Ting-Lu|96/100|[from] item: Leftovers
|upkeep
|turn|2
|
|t:|1758329909
|-end|p1a: Iron Moth|Quark Drive|[silent]
|switch|p1a: Great Tusk|Great Tusk|100/100
|move|p2a: Ting-Lu|Stealth Rock|p1a: Great Tusk
|-sidestart|p1: angerybee|move: Stealth Rock
|
|-heal|p2a: Ting-Lu|100/100|[from] item: Leftovers
|upkeep
|turn|3
|
|t:|1758329912
|switch|p2a: Comfey|Comfey, F|100/100
|move|p1a: Great Tusk|Ice Spinner|p2a: Comfey
|-damage|p2a: Comfey|67/100
|
|upkeep
|turn|4
|
|t:|1758329918
|move|p2a: Comfey|Calm Mind|p2a: Comfey
|-boost|p2a: Comfey|spa|1
|-boost|p2a: Comfey|spd|1
|move|p1a: Great Tusk|Rapid Spin|p2a: Comfey
|-damage|p2a: Comfey|46/100
|-boost|p1a: Great Tusk|spe|1
|-sideend|p1: angerybee|Stealth Rock|[from] move: Rapid Spin|[of] p1a: Great Tusk
|
|upkeep
|turn|5
|
|t:|1758329921
|-end|p1a: Great Tusk|Protosynthesis|[silent]
|switch|p1a: Moltres|Moltres|100/100
|move|p2a: Comfey|Draining Kiss|p1a: Moltres
|-resisted|p1a: Moltres
|-damage|p1a: Moltres|85/100
|-heal|p2a: Comfey|61/100|[from] drain|[of] p1a: Moltres
|-damage|p2a: Comfey|44/100|[from] item: Rocky Helmet|[of] p1a: Moltres
|-status|p2a: Comfey|brn|[from] ability: Flame Body|[of] p1a: Moltres
|-damage|p2a: Comfey|34/100 brn|[from] item: Life Orb
|
|-damage|p2a: Comfey|28/100 brn|[from] brn
|upkeep
|turn|6
|
|t:|1758329934
|switch|p2a: Primarina|Primarina, M|100/100
|move|p1a: Moltres|Flamethrower|p2a: Primarina
|-resisted|p2a: Primarina
|-damage|p2a: Primarina|84/100
|
|-heal|p2a: Primarina|90/100|[from] item: Leftovers
|upkeep
|turn|7
|
|t:|1758329939
|switch|p1a: Ogerpon|Ogerpon-Wellspring, F|100/100
|move|p2a: Primarina|Substitute|p2a: Primarina
|-start|p2a: Primarina|Substitute
|-damage|p2a: Primarina|65/100
|
|-heal|p2a: Primarina|71/100|[from] item: Leftovers
|upkeep
|turn|8
|
|t:|1758329946
|move|p1a: Ogerpon|Trailblaze|p2a: Primarina
|-supereffective|p2a: Primarina
|-end|p2a: Primarina|Substitute
|-boost|p1a: Ogerpon|spe|1
|move|p2a: Primarina|Draining Kiss|p1a: Ogerpon
|-damage|p1a: Ogerpon|75/100
|-heal|p2a: Primarina|87/100|[from] drain|[of] p1a: Ogerpon
|
|-heal|p2a: Primarina|93/100|[from] item: Leftovers
|upkeep
|turn|9
|
|t:|1758329950
|switch|p2a: Weezing|Weezing-Galar, M|100/100
|-ability|p2a: Weezing|Neutralizing Gas
|move|p1a: Ogerpon|Swords Dance|p1a: Ogerpon
|-boost|p1a: Ogerpon|atk|2
|
|upkeep
|turn|10
|
|t:|1758329954
|-terastallize|p1a: Ogerpon|Water
|detailschange|p1a: Ogerpon|Ogerpon-Wellspring-Tera, F, tera:Water
|move|p1a: Ogerpon|Ivy Cudgel|p2a: Weezing|[anim] Ivy Cudgel Water
|-damage|p2a: Weezing|0 fnt
|faint|p2a: Weezing
|-end|p2a: Weezing|ability: Neutralizing Gas
|-ability|p1a: Ogerpon|Embody Aspect (Wellspring)|boost
|-boost|p1a: Ogerpon|spd|1
|
|upkeep
|
|t:|1758329960
|switch|p2a: Iron Valiant|Iron Valiant|100/100
|-enditem|p2a: Iron Valiant|Booster Energy
|-activate|p2a: Iron Valiant|ability: Quark Drive|[fromitem]
|-start|p2a: Iron Valiant|quarkdrivespe
|turn|11
|
|t:|1758329967
|move|p2a: Iron Valiant|Close Combat|p1a: Ogerpon
|-damage|p1a: Ogerpon|5/100
|-unboost|p2a: Iron Valiant|def|1
|-unboost|p2a: Iron Valiant|spd|1
|move|p1a: Ogerpon|Ivy Cudgel|p2a: Iron Valiant|[anim] Ivy Cudgel Water
|-damage|p2a: Iron Valiant|0 fnt
|faint|p2a: Iron Valiant
|-end|p2a: Iron Valiant|Quark Drive|[silent]
|
|upkeep
|
|t:|1758329971
|switch|p2a: Comfey|Comfey, F|28/100 brn
|turn|12
|
|t:|1758329976
|move|p2a: Comfey|Draining Kiss|p1a: Ogerpon
|-damage|p1a: Ogerpon|0 fnt
|-heal|p2a: Comfey|31/100 brn|[from] drain|[of] p1a: Ogerpon
|faint|p1a: Ogerpon
|detailschange|p1: Ogerpon|Ogerpon-Wellspring, F|[silent]
|-damage|p2a: Comfey|21/100 brn|[from] item: Life Orb
|
|-damage|p2a: Comfey|15/100 brn|[from] brn
|upkeep
|
|t:|1758329983
|switch|p1a: Iron Moth|Iron Moth|100/100
|turn|13
|
|t:|1758329986
|switch|p2a: Ting-Lu|Ting-Lu|100/100
|-ability|p2a: Ting-Lu|Vessel of Ruin
|move|p1a: Iron Moth|Fiery Dance|p2a: Ting-Lu
|-damage|p2a: Ting-Lu|81/100
|-boost|p1a: Iron Moth|spa|1
|
|-heal|p2a: Ting-Lu|87/100|[from] item: Leftovers
|upkeep
|turn|14
|
|t:|1758329991
|move|p1a: Iron Moth|Energy Ball|p2a: Ting-Lu
|-supereffective|p2a: Ting-Lu
|-damage|p2a: Ting-Lu|38/100
|move|p2a: Ting-Lu|Stealth Rock|p1a: Iron Moth
|-sidestart|p1: angerybee|move: Stealth Rock
|
|-heal|p2a: Ting-Lu|44/100|[from] item: Leftovers
|upkeep
|turn|15
|
|t:|1758330000
|-terastallize|p2a: Ting-Lu|Poison
|move|p1a: Iron Moth|Energy Ball|p2a: Ting-Lu
|-resisted|p2a: Ting-Lu
|-damage|p2a: Ting-Lu|33/100
|move|p2a: Ting-Lu|Earthquake|p1a: Iron Moth
|-supereffective|p1a: Iron Moth
|-damage|p1a: Iron Moth|0 fnt
|faint|p1a: Iron Moth
|-end|p1a: Iron Moth|Quark Drive|[silent]
|
|-heal|p2a: Ting-Lu|40/100|[from] item: Leftovers
|upkeep
|
|t:|1758330005
|switch|p1a: Great Tusk|Great Tusk|100/100
|-damage|p1a: Great Tusk|98/100|[from] Stealth Rock
|turn|16
|
|t:|1758330009
|switch|p2a: Comfey|Comfey, F|15/100 brn
|move|p1a: Great Tusk|Earthquake|p2a: Comfey
|-damage|p2a: Comfey|0 fnt
|faint|p2a: Comfey
|
|-heal|p1a: Great Tusk|100/100|[from] item: Leftovers
|upkeep
|
|t:|1758330010
|switch|p2a: Primarina|Primarina, M|93/100
|turn|17
|
|t:|1758330016
|move|p1a: Great Tusk|Rapid Spin|p2a: Primarina
|-damage|p2a: Primarina|77/100
|-boost|p1a: Great Tusk|spe|1
|-sideend|p1: angerybee|Stealth Rock|[from] move: Rapid Spin|[of] p1a: Great Tusk
|move|p2a: Primarina|Calm Mind|p2a: Primarina
|-boost|p2a: Primarina|spa|1
|-boost|p2a: Primarina|spd|1
|
|-heal|p2a: Primarina|83/100|[from] item: Leftovers
|upkeep
|turn|18
|
|t:|1758330020
|move|p1a: Great Tusk|Earthquake|p2a: Primarina
|-damage|p2a: Primarina|40/100
|move|p2a: Primarina|Psychic Noise|p1a: Great Tusk
|-supereffective|p1a: Great Tusk
|-damage|p1a: Great Tusk|0 fnt
|faint|p1a: Great Tusk
|-end|p1a: Great Tusk|Protosynthesis|[silent]
|
|-heal|p2a: Primarina|46/100|[from] item: Leftovers
|upkeep
|
|t:|1758330024
|switch|p1a: Houndstone|Houndstone, M|100/100
|turn|19
|
|t:|1758330027
|move|p1a: Houndstone|Poltergeist|p2a: Primarina
|-activate|p2a: Primarina|move: Poltergeist|Leftovers
|-damage|p2a: Primarina|11/100
|move|p2a: Primarina|Draining Kiss|p1a: Houndstone
|-damage|p1a: Houndstone|83/100
|-heal|p2a: Primarina|23/100|[from] drain|[of] p1a: Houndstone
|
|-heal|p1a: Houndstone|90/100|[from] item: Leftovers
|-heal|p2a: Primarina|29/100|[from] item: Leftovers
|upkeep
|turn|20
|
|t:|1758330031
|switch|p2a: Ting-Lu|Ting-Lu, tera:Poison|40/100
|-ability|p2a: Ting-Lu|Vessel of Ruin
|move|p1a: Houndstone|Poltergeist|p2a: Ting-Lu
|-activate|p2a: Ting-Lu|move: Poltergeist|Leftovers
|-damage|p2a: Ting-Lu|16/100
|
|-heal|p1a: Houndstone|96/100|[from] item: Leftovers
|-heal|p2a: Ting-Lu|22/100|[from] item: Leftovers
|upkeep
|turn|21
|
|t:|1758330036
|switch|p1a: Moltres|Moltres|85/100
|move|p2a: Ting-Lu|Earthquake|p1a: Moltres
|-immune|p1a: Moltres
|
|-heal|p2a: Ting-Lu|29/100|[from] item: Leftovers
|upkeep
|turn|22
|
|t:|1758330039
|move|p1a: Moltres|Flamethrower|p2a: Ting-Lu
|-damage|p2a: Ting-Lu|13/100
|move|p2a: Ting-Lu|Stealth Rock|p1a: Moltres
|-sidestart|p1: angerybee|move: Stealth Rock
|
|-heal|p2a: Ting-Lu|20/100|[from] item: Leftovers
|upkeep
|turn|23
|
|t:|1758330042
|move|p1a: Moltres|Will-O-Wisp|p2a: Ting-Lu|[miss]
|-miss|p1a: Moltres|p2a: Ting-Lu
|move|p2a: Ting-Lu|Ruination|p1a: Moltres|[miss]
|-miss|p2a: Ting-Lu|p1a: Moltres
|
|-heal|p2a: Ting-Lu|26/100|[from] item: Leftovers
|upkeep
|turn|24
|
|t:|1758330046
|move|p1a: Moltres|Will-O-Wisp|p2a: Ting-Lu
|-status|p2a: Ting-Lu|brn
|move|p2a: Ting-Lu|Ruination|p1a: Moltres
|-damage|p1a: Moltres|43/100
|
|-heal|p2a: Ting-Lu|32/100 brn|[from] item: Leftovers
|-damage|p2a: Ting-Lu|26/100 brn|[from] brn
|upkeep
|turn|25
|
|t:|1758330051
|move|p1a: Moltres|Roost|p1a: Moltres
|-heal|p1a: Moltres|93/100
|-singleturn|p1a: Moltres|move: Roost
|move|p2a: Ting-Lu|Whirlwind|p1a: Moltres
|drag|p1a: Houndstone|Houndstone, M|96/100
|-damage|p1a: Houndstone|83/100|[from] Stealth Rock
|
|-heal|p1a: Houndstone|90/100|[from] item: Leftovers
|-heal|p2a: Ting-Lu|32/100 brn|[from] item: Leftovers
|-damage|p2a: Ting-Lu|26/100 brn|[from] brn
|upkeep
|turn|26
|
|t:|1758330061
|move|p1a: Houndstone|Poltergeist|p2a: Ting-Lu
|-activate|p2a: Ting-Lu|move: Poltergeist|Leftovers
|-damage|p2a: Ting-Lu|2/100 brn
|move|p2a: Ting-Lu|Ruination|p1a: Houndstone
|-damage|p1a: Houndstone|45/100
|
|-heal|p1a: Houndstone|51/100|[from] item: Leftovers
|-heal|p2a: Ting-Lu|8/100 brn|[from] item: Leftovers
|-damage|p2a: Ting-Lu|2/100 brn|[from] brn
|upkeep
|turn|27
|
|t:|1758330065
|move|p1a: Houndstone|Shadow Sneak|p2a: Ting-Lu
|-damage|p2a: Ting-Lu|0 fnt
|faint|p2a: Ting-Lu
|
|-heal|p1a: Houndstone|57/100|[from] item: Leftovers
|upkeep
|
|t:|1758330067
|switch|p2a: Gholdengo|Gholdengo|100/100
|turn|28
|
|t:|1758330072
|move|p1a: Houndstone|Shadow Sneak|p2a: Gholdengo
|-supereffective|p2a: Gholdengo
|-damage|p2a: Gholdengo|66/100
|move|p2a: Gholdengo|Shadow Ball|p1a: Houndstone
|-supereffective|p1a: Houndstone
|-damage|p1a: Houndstone|0 fnt
|faint|p1a: Houndstone
|
|upkeep
|
|t:|1758330077
|switch|p1a: Regidrago|Regidrago|100/100
|-damage|p1a: Regidrago|88/100|[from] Stealth Rock
|turn|29
|
|t:|1758330082
|switch|p2a: Primarina|Primarina, M|29/100
|move|p1a: Regidrago|Dragon Energy|p2a: Primarina
|-immune|p2a: Primarina
|
|-heal|p2a: Primarina|35/100|[from] item: Leftovers
|upkeep
|turn|30
|
|t:|1758330087
|switch|p1a: Moltres|Moltres|93/100
|-damage|p1a: Moltres|43/100|[from] Stealth Rock
|move|p2a: Primarina|Substitute|p2a: Primarina
|-start|p2a: Primarina|Substitute
|-damage|p2a: Primarina|10/100
|
|-heal|p2a: Primarina|16/100|[from] item: Leftovers
|upkeep
|turn|31
|-message|angerybee forfeited.
|
|win|Penguinxdd
|raw|angerybee's rating: 1269 &rarr; <strong>1245</strong><br />(-24 for losing)
|raw|Penguinxdd's rating: 1289 &rarr; <strong>1313</strong><br />(+24 for winning)
|l|☆angerybee
|player|p1|
