|j|☆y_de_yuki
|j|☆EddusEatzAlot
|t:|1758306655
|gametype|singles
|player|p1|y_de_yuki|266|1446
|player|p2|EddusEatzAlot|steven|1409
|gen|9
|tier|[Gen 9] OU
|rated|
|rule|HP Percentage Mod: HP is shown in percentages
|rule|Endless Battle Clause: Forcing endless battles is banned
|rule|Species Clause: Limit one of each Pokémon
|rule|OHKO Clause: OHKO moves are banned
|rule|Evasion Items Clause: Evasion items are banned
|rule|Evasion Moves Clause: Evasion moves are banned
|rule|Evasion Abilities Clause: Evasion abilities are banned
|rule|Sleep Moves Clause: Sleep-inducing moves are banned
|clearpoke
|poke|p1|Mimikyu, F|
|poke|p1|Ogerpon-Wellspring, F|
|poke|p1|Meloetta|
|poke|p1|Raichu, M|
|poke|p1|Umbreon, M|
|poke|p1|Corviknight, M|
|poke|p2|Gliscor, M|
|poke|p2|Sinistcha-Masterpiece|
|poke|p2|Scizor, F|
|poke|p2|Heatran, F|
|poke|p2|Dragonite, F|
|poke|p2|Hatterene, F|
|teampreview
|inactive|Battle timer is ON: inactive players will automatically lose when time's up. (requested by y_de_yuki)
|
|t:|1758306668
|teamsize|p1|6
|teamsize|p2|6
|start
|switch|p1a: Garfield|Raichu, M|100/100
|switch|p2a: Heatran|Heatran, F|100/100
|turn|1
|
|t:|1758306672
|move|p1a: Garfield|Volt Switch|p2a: Heatran
|-damage|p2a: Heatran|55/100
|
|t:|1758306674
|switch|p1a: Afrodita|Ogerpon-Wellspring, F|100/100|[from] Volt Switch
|move|p2a: Heatran|Stealth Rock|p1a: Afrodita
|-sidestart|p1: y_de_yuki|move: Stealth Rock
|
|upkeep
|turn|2
|
|t:|1758306679
|switch|p2a: Matcha drinker|Sinistcha-Masterpiece|100/100
|move|p1a: Afrodita|Ivy Cudgel|p2a: Matcha drinker|[anim] Ivy Cudgel Water
|-resisted|p2a: Matcha drinker
|-damage|p2a: Matcha drinker|81/100
|
|upkeep
|turn|3
|
|t:|1758306683
|move|p1a: Afrodita|Knock Off|p2a: Matcha drinker
|-supereffective|p2a: Matcha drinker
|-damage|p2a: Matcha drinker|29/100
|-enditem|p2a: Matcha drinker|Heavy-Duty Boots|[from] move: Knock Off|[of] p1a: Afrodita
|move|p2a: Matcha drinker|Matcha Gotcha|p1a: Afrodita
|-damage|p1a: Afrodita|62/100
|-heal|p2a: Matcha drinker|46/100|[from] drain|[of] p1a: Afrodita
|
|upkeep
|turn|4
|
|t:|1758306686
|move|p1a: Afrodita|U-turn|p2a: Matcha drinker
|-damage|p2a: Matcha drinker|27/100
|
|t:|1758306691
|switch|p1a: Corvo|Corviknight, M|100/100|[from] U-turn
|-damage|p1a: Corvo|88/100|[from] Stealth Rock
|-ability|p1a: Corvo|Pressure
|move|p2a: Matcha drinker|Strength Sap|p1a: Corvo
|-unboost|p1a: Corvo|atk|1
|-heal|p2a: Matcha drinker|87/100
|
|upkeep
|turn|5
|
|t:|1758306696
|move|p2a: Matcha drinker|Shadow Ball|p1a: Corvo
|-damage|p1a: Corvo|59/100
|move|p1a: Corvo|U-turn|p2a: Matcha drinker
|-damage|p2a: Matcha drinker|81/100
|
|t:|1758306709
|switch|p1a: Jinx|Umbreon, M|100/100|[from] U-turn
|-damage|p1a: Jinx|88/100|[from] Stealth Rock
|
|-heal|p1a: Jinx|94/100|[from] item: Leftovers
|upkeep
|turn|6
|
|t:|1758306714
|switch|p2a: Glick|Gliscor, M|100/100
|move|p1a: Jinx|Toxic|p2a: Glick|[miss]
|-miss|p1a: Jinx|p2a: Glick
|
|-heal|p1a: Jinx|99/100|[from] item: Leftovers
|-status|p2a: Glick|tox|[from] item: Toxic Orb
|upkeep
|turn|7
|
|t:|1758306723
|switch|p1a: Corvo|Corviknight, M|59/100
|-damage|p1a: Corvo|46/100|[from] Stealth Rock
|-ability|p1a: Corvo|Pressure
|move|p2a: Glick|Spikes|p1a: Corvo
|-sidestart|p1: y_de_yuki|Spikes
|
|upkeep
|turn|8
|
|t:|1758306730
|switch|p2a: Heatran|Heatran, F|55/100
|move|p1a: Corvo|Roost|p1a: Corvo
|-heal|p1a: Corvo|96/100
|-singleturn|p1a: Corvo|move: Roost
|
|upkeep
|turn|9
|
|t:|1758306734
|move|p2a: Heatran|Lava Plume|p1a: Corvo
|-supereffective|p1a: Corvo
|-damage|p1a: Corvo|2/100
|move|p1a: Corvo|Defog|p2a: Heatran
|-unboost|p2a: Heatran|evasion|1
|-sideend|p1: y_de_yuki|Spikes|[from] move: Defog|[of] p1a: Corvo
|-sideend|p1: y_de_yuki|Stealth Rock|[from] move: Defog|[of] p1a: Corvo
|
|upkeep
|turn|10
|
|t:|1758306739
|switch|p1a: Afrodita|Ogerpon-Wellspring, F|62/100
|move|p2a: Heatran|Earth Power|p1a: Afrodita
|-resisted|p1a: Afrodita
|-damage|p1a: Afrodita|40/100
|
|upkeep
|turn|11
|
|t:|1758306746
|switch|p2a: Matcha drinker|Sinistcha-Masterpiece|81/100
|move|p1a: Afrodita|Ivy Cudgel|p2a: Matcha drinker|[anim] Ivy Cudgel Water
|-resisted|p2a: Matcha drinker
|-damage|p2a: Matcha drinker|62/100
|
|upkeep
|turn|12
|
|t:|1758306749
|move|p1a: Afrodita|Knock Off|p2a: Matcha drinker
|-supereffective|p2a: Matcha drinker
|-damage|p2a: Matcha drinker|25/100
|move|p2a: Matcha drinker|Strength Sap|p1a: Afrodita
|-unboost|p1a: Afrodita|atk|1
|-heal|p2a: Matcha drinker|100/100
|
|upkeep
|turn|13
|
|t:|1758306754
|move|p1a: Afrodita|U-turn|p2a: Matcha drinker
|-damage|p2a: Matcha drinker|87/100
|
|t:|1758306755
|switch|p1a: Zafiro|Meloetta|100/100|[from] U-turn
|move|p2a: Matcha drinker|Shadow Ball|p1a: Zafiro
|-immune|p1a: Zafiro
|
|upkeep
|turn|14
|
|t:|1758306760
|switch|p2a: Scizor|Scizor, F|100/100
|move|p1a: Zafiro|Psychic|p2a: Scizor
|-resisted|p2a: Scizor
|-damage|p2a: Scizor|73/100
|
|upkeep
|turn|15
|
|t:|1758306763
|switch|p1a: Corvo|Corviknight, M|2/100
|-ability|p1a: Corvo|Pressure
|move|p2a: Scizor|Bullet Punch|p1a: Corvo
|-resisted|p1a: Corvo
|-damage|p1a: Corvo|0 fnt
|-damage|p2a: Scizor|57/100|[from] item: Rocky Helmet|[of] p1a: Corvo
|faint|p1a: Corvo
|
|upkeep
|
|t:|1758306769
|switch|p1a: Afrodita|Ogerpon-Wellspring, F|40/100
|turn|16
|
|t:|1758306774
|switch|p2a: Matcha drinker|Sinistcha-Masterpiece|87/100
|move|p1a: Afrodita|Ivy Cudgel|p2a: Matcha drinker|[anim] Ivy Cudgel Water
|-resisted|p2a: Matcha drinker
|-damage|p2a: Matcha drinker|68/100
|
|upkeep
|turn|17
|
|t:|1758306779
|move|p1a: Afrodita|U-turn|p2a: Matcha drinker
|-damage|p2a: Matcha drinker|50/100
|
|t:|1758306780
|switch|p1a: Garfield|Raichu, M|100/100|[from] U-turn
|move|p2a: Matcha drinker|Strength Sap|p1a: Garfield
|-unboost|p1a: Garfield|atk|1
|-heal|p2a: Matcha drinker|100/100
|
|upkeep
|turn|18
|
|t:|1758306785
|-terastallize|p1a: Garfield|Ice
|move|p1a: Garfield|Tera Blast|p2a: Matcha drinker|[anim] Tera Blast Ice
|-supereffective|p2a: Matcha drinker
|-damage|p2a: Matcha drinker|0 fnt
|faint|p2a: Matcha drinker
|
|upkeep
|
|t:|1758306792
|switch|p2a: Heatran|Heatran, F|55/100
|turn|19
|
|t:|1758306795
|switch|p1a: Afrodita|Ogerpon-Wellspring, F|40/100
|move|p2a: Heatran|Stealth Rock|p1a: Afrodita
|-sidestart|p1: y_de_yuki|move: Stealth Rock
|
|upkeep
|turn|20
|
|t:|1758306804
|move|p1a: Afrodita|Knock Off|p2a: Heatran
|-damage|p2a: Heatran|15/100
|-enditem|p2a: Heatran|Heavy-Duty Boots|[from] move: Knock Off|[of] p1a: Afrodita
|move|p2a: Heatran|Lava Plume|p1a: Afrodita
|-damage|p1a: Afrodita|0 fnt
|faint|p1a: Afrodita
|
|upkeep
|
|t:|1758306809
|switch|p1a: Zafiro|Meloetta|100/100
|-damage|p1a: Zafiro|88/100|[from] Stealth Rock
|turn|21
|
|t:|1758306812
|move|p1a: Zafiro|Psychic|p2a: Heatran
|-resisted|p2a: Heatran
|-damage|p2a: Heatran|0 fnt
|faint|p2a: Heatran
|
|upkeep
|
|t:|1758306815
|switch|p2a: Scizor|Scizor, F|57/100
|turn|22
|
|t:|1758306818
|move|p1a: Zafiro|Psychic|p2a: Scizor
|-resisted|p2a: Scizor
|-damage|p2a: Scizor|30/100
|move|p2a: Scizor|U-turn|p1a: Zafiro
|-supereffective|p1a: Zafiro
|-crit|p1a: Zafiro
|-damage|p1a: Zafiro|0 fnt
|faint|p1a: Zafiro
|
|t:|1758306825
|switch|p2a: Hatterene|Hatterene, F|100/100|[from] U-turn
|
|upkeep
|
|t:|1758306828
|switch|p1a: Garfield|Raichu, M, tera:Ice|100/100
|-damage|p1a: Garfield|76/100|[from] Stealth Rock
|turn|23
|
|t:|1758306834
|move|p1a: Garfield|Thunderbolt|p2a: Hatterene
|-damage|p2a: Hatterene|59/100
|move|p2a: Hatterene|Mystical Fire|p1a: Garfield
|-supereffective|p1a: Garfield
|-damage|p1a: Garfield|0 fnt
|faint|p1a: Garfield
|
|upkeep
|
|t:|1758306837
|switch|p1a: Coral|Mimikyu, F, shiny|100/100
|-damage|p1a: Coral|88/100|[from] Stealth Rock
|turn|24
|
|t:|1758306839
|move|p1a: Coral|Swords Dance|p1a: Coral
|-boost|p1a: Coral|atk|2
|move|p2a: Hatterene|Nuzzle|p1a: Coral
|-activate|p1a: Coral|ability: Disguise
|-damage|p1a: Coral|88/100
|-status|p1a: Coral|par
|detailschange|p1a: Coral|Mimikyu-Busted, F, shiny
|-damage|p1a: Coral|76/100 par|[from] pokemon: Mimikyu-Busted
|
|upkeep
|turn|25
|
|t:|1758306843
|move|p1a: Coral|Swords Dance|p1a: Coral
|-boost|p1a: Coral|atk|2
|move|p2a: Hatterene|Draining Kiss|p1a: Coral
|-damage|p1a: Coral|39/100 par
|-heal|p2a: Hatterene|81/100|[from] drain|[of] p1a: Coral
|
|upkeep
|turn|26
|
|t:|1758306846
|move|p1a: Coral|Shadow Sneak|p2a: Hatterene
|-supereffective|p2a: Hatterene
|-damage|p2a: Hatterene|0 fnt
|faint|p2a: Hatterene
|-damage|p1a: Coral|29/100 par|[from] item: Life Orb
|
|upkeep
|
|t:|1758306849
|switch|p2a: Dragonite|Dragonite, F|100/100
|turn|27
|
|t:|1758306854
|-terastallize|p2a: Dragonite|Normal
|move|p2a: Dragonite|Earthquake|p1a: Coral
|-damage|p1a: Coral|0 fnt
|faint|p1a: Coral
|
|upkeep
|-message|y_de_yuki forfeited.
|
|win|EddusEatzAlot
|raw|y_de_yuki's rating: 1446 &rarr; <strong>1424</strong><br />(-22 for losing)
|raw|EddusEatzAlot's rating: 1409 &rarr; <strong>1431</strong><br />(+22 for winning)
|l|☆y_de_yuki
|player|p1|
|l|☆EddusEatzAlot
|player|p2|
