|j|☆galac yeah !
|j|☆zerononame
|t:|1758263232
|gametype|singles
|player|p1|galac yeah !|dragontamer|1398
|player|p2|zerononame|chili|1409
|gen|9
|tier|[Gen 9] OU
|rated|
|rule|HP Percentage Mod: HP is shown in percentages
|rule|Endless Battle Clause: Forcing endless battles is banned
|rule|Species Clause: Limit one of each Pokémon
|rule|OHKO Clause: OHKO moves are banned
|rule|Evasion Items Clause: Evasion items are banned
|rule|Evasion Moves Clause: Evasion moves are banned
|rule|Evasion Abilities Clause: Evasion abilities are banned
|rule|Sleep Moves Clause: Sleep-inducing moves are banned
|clearpoke
|poke|p1|Hoopa-Unbound|
|poke|p1|Enamorus, F|
|poke|p1|Garchomp, M|
|poke|p1|Pecharunt|
|poke|p1|Hatterene, F|
|poke|p1|Kingambit, M|
|poke|p2|Ribombee, F|
|poke|p2|Gholdengo|
|poke|p2|Sableye, M|
|poke|p2|Thundurus-Therian, M|
|poke|p2|Empoleon, F|
|poke|p2|Enamorus, F|
|teampreview
|inactive|Battle timer is ON: inactive players will automatically lose when time's up. (requested by galac yeah !)
|
|t:|1758263287
|teamsize|p1|6
|teamsize|p2|6
|start
|switch|p1a: Hatterene|Hatterene, F|100/100
|switch|p2a: Thundurus|Thundurus-Therian, M|100/100
|turn|1
|
|t:|1758263294
|move|p2a: Thundurus|Flash Cannon|p1a: Hatterene
|-supereffective|p1a: Hatterene
|-damage|p1a: Hatterene|28/100
|move|p1a: Hatterene|Draining Kiss|p2a: Thundurus
|-damage|p2a: Thundurus|62/100
|-heal|p1a: Hatterene|55/100|[from] drain|[of] p2a: Thundurus
|
|upkeep
|turn|2
|
|t:|1758263319
|switch|p2a: Gholdengo|Gholdengo|100/100
|-item|p2a: Gholdengo|Air Balloon
|switch|p1a: Kingambit|Kingambit, M|100/100
|
|upkeep
|turn|3
|
|t:|1758263325
|switch|p2a: Sableye|Sableye, M|100/100
|move|p1a: Kingambit|Kowtow Cleave|p2a: Sableye
|-damage|p2a: Sableye|52/100
|-damage|p1a: Kingambit|84/100|[from] item: Rocky Helmet|[of] p2a: Sableye
|
|upkeep
|turn|4
|
|t:|1758263337
|-end|p1a: Kingambit|fallenundefined|[silent]
|switch|p1a: Hatterene|Hatterene, F|55/100
|move|p2a: Sableye|Reflect|p2a: Sableye
|-sidestart|p2: zerononame|Reflect
|
|upkeep
|turn|5
|
|t:|1758263344
|switch|p2a: Empoleon|Empoleon, F|100/100
|move|p1a: Hatterene|Draining Kiss|p2a: Empoleon
|-resisted|p2a: Empoleon
|-damage|p2a: Empoleon|92/100
|-heal|p1a: Hatterene|62/100|[from] drain|[of] p2a: Empoleon
|
|upkeep
|turn|6
|
|t:|1758263354
|move|p2a: Empoleon|Flip Turn|p1a: Hatterene
|-damage|p1a: Hatterene|47/100
|
|t:|1758263358
|switch|p2a: Ribombee|Ribombee, F|100/100|[from] Flip Turn
|move|p1a: Hatterene|Nuzzle|p2a: Ribombee
|-damage|p2a: Ribombee|97/100
|
|upkeep
|turn|7
|
|t:|1758263377
|move|p2a: Ribombee|Switcheroo|p1a: Hatterene
|-activate|p2a: Ribombee|move: Trick|[of] p1a: Hatterene
|-item|p1a: Hatterene|Choice Scarf|[from] move: Switcheroo
|-item|p2a: Ribombee|Assault Vest|[from] move: Switcheroo
|move|p1a: Hatterene|Mystical Fire|p2a: Ribombee
|-supereffective|p2a: Ribombee
|-damage|p2a: Ribombee|41/100
|
|upkeep
|turn|8
|
|t:|1758263387
|switch|p2a: Empoleon|Empoleon, F|92/100
|move|p1a: Hatterene|Mystical Fire|p2a: Empoleon
|-damage|p2a: Empoleon|77/100
|-unboost|p2a: Empoleon|spa|1
|-ability|p2a: Empoleon|Competitive|boost
|-boost|p2a: Empoleon|spa|2
|
|-sideend|p2: zerononame|Reflect
|upkeep
|turn|9
|
|t:|1758263398
|move|p2a: Empoleon|Surf|p1a: Hatterene
|-damage|p1a: Hatterene|0 fnt
|faint|p1a: Hatterene
|
|upkeep
|
|t:|1758263405
|switch|p1a: Hoopa|Hoopa-Unbound|100/100
|turn|10
|
|t:|1758263409
|-terastallize|p2a: Empoleon|Water
|move|p1a: Hoopa|Hyperspace Fury|p2a: Empoleon
|-damage|p2a: Empoleon|0 fnt
|-unboost|p1a: Hoopa|def|1
|faint|p2a: Empoleon
|
|upkeep
|-message|zerononame forfeited.
|
|win|galac yeah !
|raw|galac yeah !'s rating: 1398 &rarr; <strong>1419</strong><br />(+21 for winning)
|raw|zerononame's rating: 1409 &rarr; <strong>1388</strong><br />(-21 for losing)
|l|☆zerononame
|player|p2|
|l|☆galac yeah !
|player|p1|
