|j|☆Beuhiam
|j|☆justiceforjessie
|t:|1758255084
|gametype|singles
|player|p1|Beuhiam|102|1574
|player|p2|justiceforjessie|170|1536
|gen|9
|tier|[Gen 9] OU
|rated|
|rule|HP Percentage Mod: HP is shown in percentages
|rule|Endless Battle Clause: Forcing endless battles is banned
|rule|Species Clause: Limit one of each Pokémon
|rule|OHKO Clause: OHKO moves are banned
|rule|Evasion Items Clause: Evasion items are banned
|rule|Evasion Moves Clause: Evasion moves are banned
|rule|Evasion Abilities Clause: Evasion abilities are banned
|rule|Sleep Moves Clause: Sleep-inducing moves are banned
|clearpoke
|poke|p1|Samurott-Hisui, F|
|poke|p1|Zapdos|
|poke|p1|Dragapult, M|
|poke|p1|Great Tusk|
|poke|p1|Scizor, F|
|poke|p1|Kyurem|
|poke|p2|Ninetales, F|
|poke|p2|Great Tusk|
|poke|p2|Walking Wake|
|poke|p2|Comfey, F|
|poke|p2|Venusaur, M|
|poke|p2|Gholdengo|
|teampreview
|inactive|Battle timer is ON: inactive players will automatically lose when time's up. (requested by Beuhiam)
|
|t:|1758255091
|teamsize|p1|6
|teamsize|p2|6
|start
|switch|p1a: The guy who spikes|Samurott-Hisui, F|100/100
|switch|p2a: NineGENDERS.|Ninetales, F|100/100
|-weather|SunnyDay|[from] ability: Drought|[of] p2a: NineGENDERS.
|turn|1
|
|t:|1758255100
|switch|p1a: The guy who blocks|Dragapult, M|100/100
|move|p2a: NineGENDERS.|Will-O-Wisp|p1a: The guy who blocks
|-status|p1a: The guy who blocks|brn
|
|-weather|SunnyDay|[upkeep]
|-damage|p1a: The guy who blocks|95/100 brn|[from] brn
|upkeep
|turn|2
|
|t:|1758255110
|switch|p2a: Comfey|Comfey, F|100/100
|move|p1a: The guy who blocks|Shadow Ball|p2a: Comfey
|-damage|p2a: Comfey|50/100
|
|-weather|SunnyDay|[upkeep]
|-damage|p1a: The guy who blocks|89/100 brn|[from] brn
|upkeep
|turn|3
|
|t:|1758255118
|switch|p1a: The guy who shoots|Scizor, F|100/100
|move|p2a: Comfey|Draining Kiss|p1a: The guy who shoots
|-resisted|p1a: The guy who shoots
|-damage|p1a: The guy who shoots|85/100
|-heal|p2a: Comfey|62/100|[from] drain|[of] p1a: The guy who shoots
|-damage|p2a: Comfey|52/100|[from] item: Life Orb
|
|-weather|SunnyDay|[upkeep]
|upkeep
|turn|4
|
|t:|1758255127
|-terastallize|p2a: Comfey|Fire
|move|p2a: Comfey|Tera Blast|p1a: The guy who shoots|[anim] Tera Blast Fire
|-supereffective|p1a: The guy who shoots
|-damage|p1a: The guy who shoots|0 fnt
|faint|p1a: The guy who shoots
|-damage|p2a: Comfey|43/100|[from] item: Life Orb
|
|-weather|SunnyDay|[upkeep]
|upkeep
|inactive|Beuhiam has 120 seconds left.
|inactive|Beuhiam has 90 seconds left.
|
|t:|1758255194
|switch|p1a: Fish fear me|Kyurem|100/100
|-ability|p1a: Fish fear me|Pressure
|turn|5
|
|t:|1758255204
|move|p2a: Comfey|Draining Kiss|p1a: Fish fear me
|-supereffective|p1a: Fish fear me
|-damage|p1a: Fish fear me|48/100
|-heal|p2a: Comfey|94/100|[from] drain|[of] p1a: Fish fear me
|-damage|p2a: Comfey|84/100|[from] item: Life Orb
|move|p1a: Fish fear me|Earth Power|p2a: Comfey
|-supereffective|p2a: Comfey
|-damage|p2a: Comfey|21/100
|-unboost|p2a: Comfey|spd|1
|
|-weather|SunnyDay|[upkeep]
|-heal|p1a: Fish fear me|54/100|[from] item: Leftovers
|upkeep
|turn|6
|
|t:|1758255215
|move|p2a: Comfey|Draining Kiss|p1a: Fish fear me
|-supereffective|p1a: Fish fear me
|-damage|p1a: Fish fear me|2/100
|-heal|p2a: Comfey|73/100|[from] drain|[of] p1a: Fish fear me
|-damage|p2a: Comfey|63/100|[from] item: Life Orb
|move|p1a: Fish fear me|Earth Power|p2a: Comfey
|-supereffective|p2a: Comfey
|-damage|p2a: Comfey|0 fnt
|faint|p2a: Comfey
|
|-weather|SunnyDay|[upkeep]
|-heal|p1a: Fish fear me|8/100|[from] item: Leftovers
|upkeep
|
|t:|1758255228
|switch|p2a: Walking WOKE.|Walking Wake|100/100
|-activate|p2a: Walking WOKE.|ability: Protosynthesis
|-start|p2a: Walking WOKE.|protosynthesisspe
|turn|7
|
|t:|1758255233
|move|p2a: Walking WOKE.|Hydro Steam|p1a: Fish fear me
|-resisted|p1a: Fish fear me
|-damage|p1a: Fish fear me|0 fnt
|faint|p1a: Fish fear me
|
|-weather|SunnyDay|[upkeep]
|upkeep
|
|t:|1758255237
|switch|p1a: The guy who spikes|Samurott-Hisui, F|100/100
|turn|8
|inactive|justiceforjessie has 120 seconds left.
|
|t:|1758255275
|move|p2a: Walking WOKE.|Hydro Steam|p1a: The guy who spikes
|-resisted|p1a: The guy who spikes
|-damage|p1a: The guy who spikes|44/100
|move|p1a: The guy who spikes|Ceaseless Edge|p2a: Walking WOKE.
|-damage|p2a: Walking WOKE.|24/100
|-sidestart|p2: justiceforjessie|Spikes
|
|-weather|none
|-end|p2a: Walking WOKE.|Protosynthesis
|upkeep
|turn|9
|inactive|justiceforjessie has 120 seconds left.
|
|t:|1758255285
|-end|p2a: Walking WOKE.|Protosynthesis|[silent]
|switch|p2a: Great THEY/THEM.|Great Tusk|100/100
|-damage|p2a: Great THEY/THEM.|88/100|[from] Spikes
|move|p1a: The guy who spikes|Ceaseless Edge|p2a: Great THEY/THEM.
|-resisted|p2a: Great THEY/THEM.
|-damage|p2a: Great THEY/THEM.|59/100
|-sidestart|p2: justiceforjessie|Spikes
|
|upkeep
|turn|10
|
|t:|1758255292
|switch|p1a: The guy who blocks|Dragapult, M|89/100 brn
|move|p2a: Great THEY/THEM.|Headlong Rush|p1a: The guy who blocks
|-damage|p1a: The guy who blocks|8/100 brn
|-unboost|p2a: Great THEY/THEM.|def|1
|-unboost|p2a: Great THEY/THEM.|spd|1
|-enditem|p2a: Great THEY/THEM.|Eject Pack
|
|t:|1758255300
|-end|p2a: Great THEY/THEM.|Protosynthesis|[silent]
|switch|p2a: NineGENDERS.|Ninetales, F|100/100
|-damage|p2a: NineGENDERS.|84/100|[from] Spikes
|-weather|SunnyDay|[from] ability: Drought|[of] p2a: NineGENDERS.
|
|-weather|SunnyDay|[upkeep]
|-damage|p1a: The guy who blocks|2/100 brn|[from] brn
|upkeep
|turn|11
|
|t:|1758255308
|switch|p2a: Great THEY/THEM.|Great Tusk|59/100
|-damage|p2a: Great THEY/THEM.|43/100|[from] Spikes
|-activate|p2a: Great THEY/THEM.|ability: Protosynthesis
|-start|p2a: Great THEY/THEM.|protosynthesisatk
|move|p1a: The guy who blocks|Draco Meteor|p2a: Great THEY/THEM.
|-damage|p2a: Great THEY/THEM.|0 fnt
|-unboost|p1a: The guy who blocks|spa|2
|faint|p2a: Great THEY/THEM.
|-end|p2a: Great THEY/THEM.|Protosynthesis|[silent]
|
|-weather|SunnyDay|[upkeep]
|-damage|p1a: The guy who blocks|0 fnt|[from] brn
|faint|p1a: The guy who blocks
|upkeep
|
|t:|1758255322
|switch|p1a: The guy who spikes|Samurott-Hisui, F|44/100
|switch|p2a: VenuSOROS.|Venusaur, M|100/100
|-damage|p2a: VenuSOROS.|84/100|[from] Spikes
|turn|12
|
|t:|1758255332
|move|p2a: VenuSOROS.|Giga Drain|p1a: The guy who spikes
|-supereffective|p1a: The guy who spikes
|-crit|p1a: The guy who spikes
|-damage|p1a: The guy who spikes|0 fnt
|-heal|p2a: VenuSOROS.|100/100|[from] drain|[of] p1a: The guy who spikes
|faint|p1a: The guy who spikes
|-damage|p2a: VenuSOROS.|91/100|[from] item: Life Orb
|
|-weather|SunnyDay|[upkeep]
|upkeep
|
|t:|1758255335
|switch|p1a: The guy who flies|Zapdos|100/100
|turn|13
|inactive|justiceforjessie has 120 seconds left.
|inactive|justiceforjessie has 90 seconds left.
|
|t:|1758255413
|-terastallize|p1a: The guy who flies|Fire
|move|p2a: VenuSOROS.|Weather Ball|p1a: The guy who flies
|-resisted|p1a: The guy who flies
|-damage|p1a: The guy who flies|66/100
|-damage|p2a: VenuSOROS.|81/100|[from] item: Life Orb
|move|p1a: The guy who flies|Roost|p1a: The guy who flies
|-heal|p1a: The guy who flies|100/100
|
|-weather|SunnyDay|[upkeep]
|upkeep
|turn|14
|
|t:|1758255423
|move|p2a: VenuSOROS.|Growth|p2a: VenuSOROS.
|-boost|p2a: VenuSOROS.|atk|2
|-boost|p2a: VenuSOROS.|spa|2
|move|p1a: The guy who flies|Roost||[still]
|-fail|p1a: The guy who flies|heal
|
|-weather|SunnyDay|[upkeep]
|upkeep
|turn|15
|
|t:|1758255430
|move|p2a: VenuSOROS.|Growth|p2a: VenuSOROS.
|-boost|p2a: VenuSOROS.|atk|2
|-boost|p2a: VenuSOROS.|spa|2
|move|p1a: The guy who flies|Roost||[still]
|-fail|p1a: The guy who flies|heal
|
|-weather|SunnyDay|[upkeep]
|upkeep
|turn|16
|
|t:|1758255436
|move|p2a: VenuSOROS.|Earthquake|p1a: The guy who flies
|-supereffective|p1a: The guy who flies
|-damage|p1a: The guy who flies|0 fnt
|faint|p1a: The guy who flies
|-damage|p2a: VenuSOROS.|71/100|[from] item: Life Orb
|
|-weather|SunnyDay|[upkeep]
|upkeep
|
|t:|1758255439
|switch|p1a: The guy who spins|Great Tusk|100/100
|-activate|p1a: The guy who spins|ability: Protosynthesis
|-start|p1a: The guy who spins|protosynthesisatk
|turn|17
|-message|Beuhiam forfeited.
|
|win|justiceforjessie
|raw|Beuhiam's rating: 1574 &rarr; <strong>1552</strong><br />(-22 for losing)
|raw|justiceforjessie's rating: 1536 &rarr; <strong>1558</strong><br />(+22 for winning)
|l|☆Beuhiam
|player|p1|
|c|☆justiceforjessie|gg
