|j|☆driderwebs
|j|☆Obito 2001
|t:|1758322308
|gametype|singles
|player|p1|driderwebs|101|1650
|player|p2|Obito 2001|blue-gen3two|1767
|gen|9
|tier|[Gen 9] OU
|rated|
|rule|HP Percentage Mod: HP is shown in percentages
|rule|Endless Battle Clause: Forcing endless battles is banned
|rule|Species Clause: Limit one of each Pokémon
|rule|OHKO Clause: OHKO moves are banned
|rule|Evasion Items Clause: Evasion items are banned
|rule|Evasion Moves Clause: Evasion moves are banned
|rule|Evasion Abilities Clause: Evasion abilities are banned
|rule|Sleep Moves Clause: Sleep-inducing moves are banned
|clearpoke
|poke|p1|Iron Valiant|
|poke|p1|Garganacl, M|
|poke|p1|Moltres|
|poke|p1|Iron Treads|
|poke|p1|Meowscarada, F|
|poke|p1|Araquanid, F|
|poke|p2|Masquerain, F|
|poke|p2|Arcanine-Hisui, F|
|poke|p2|Cinderace, F|
|poke|p2|Latios, M|
|poke|p2|Great Tusk|
|poke|p2|Gholdengo|
|teampreview
|inactive|Battle timer is ON: inactive players will automatically lose when time's up. (requested by Obito 2001)
|
|t:|1758322336
|teamsize|p1|6
|teamsize|p2|6
|start
|switch|p1a: Meowscarada|Meowscarada, F|100/100
|switch|p2a: BunnyGirlSenpai|Cinderace, F|100/100
|turn|1
|
|t:|1758322342
|switch|p1a: Garganacl|Garganacl, M|100/100
|move|p2a: BunnyGirlSenpai|U-turn|p1a: Garganacl
|-damage|p1a: Garganacl|90/100
|
|t:|1758322351
|switch|p2a: Gholdengo|Gholdengo|100/100|[from] U-turn
|
|-heal|p1a: Garganacl|97/100|[from] item: Leftovers
|upkeep
|turn|2
|
|t:|1758322354
|-terastallize|p1a: Garganacl|Ghost
|move|p2a: Gholdengo|Make It Rain|p1a: Garganacl
|-damage|p1a: Garganacl|0 fnt
|-unboost|p2a: Gholdengo|spa|1
|faint|p1a: Garganacl
|
|upkeep
|
|t:|1758322363
|switch|p1a: Meowscarada|Meowscarada, F|100/100
|turn|3
|
|t:|1758322371
|switch|p2a: BunnyGirlSenpai|Cinderace, F|100/100
|move|p1a: Meowscarada|Knock Off|p2a: BunnyGirlSenpai
|-start|p1a: Meowscarada|typechange|Dark|[from] ability: Protean
|-damage|p2a: BunnyGirlSenpai|11/100
|-enditem|p2a: BunnyGirlSenpai|Heavy-Duty Boots|[from] move: Knock Off|[of] p1a: Meowscarada
|
|upkeep
|turn|4
|
|t:|1758322377
|switch|p2a: Mega Donphan|Great Tusk|100/100
|move|p1a: Meowscarada|Knock Off|p2a: Mega Donphan
|-resisted|p2a: Mega Donphan
|-damage|p2a: Mega Donphan|77/100
|-enditem|p2a: Mega Donphan|Heavy-Duty Boots|[from] move: Knock Off|[of] p1a: Meowscarada
|
|upkeep
|turn|5
|
|t:|1758322382
|switch|p1a: Moltres|Moltres|100/100
|move|p2a: Mega Donphan|Stealth Rock|p1a: Moltres
|-sidestart|p1: driderwebs|move: Stealth Rock
|
|upkeep
|turn|6
|
|t:|1758322387
|-end|p2a: Mega Donphan|Protosynthesis|[silent]
|switch|p2a: Arcanine|Arcanine-Hisui, F|100/100
|move|p1a: Moltres|Hurricane|p2a: Arcanine
|-resisted|p2a: Arcanine
|-crit|p2a: Arcanine
|-damage|p2a: Arcanine|49/100
|
|upkeep
|turn|7
|
|t:|1758322397
|move|p2a: Arcanine|Head Smash|p1a: Moltres
|-supereffective|p1a: Moltres
|-damage|p1a: Moltres|0 fnt
|faint|p1a: Moltres
|
|upkeep
|
|t:|1758322416
|switch|p1a: Iron Treads|Iron Treads|100/100
|turn|8
|
|t:|1758322422
|switch|p2a: Mega Donphan|Great Tusk|77/100
|move|p1a: Iron Treads|Iron Head|p2a: Mega Donphan
|-damage|p2a: Mega Donphan|48/100
|
|upkeep
|turn|9
|
|t:|1758322429
|move|p1a: Iron Treads|Iron Head|p2a: Mega Donphan
|-damage|p2a: Mega Donphan|19/100
|move|p2a: Mega Donphan|Headlong Rush|p1a: Iron Treads
|-supereffective|p1a: Iron Treads
|-damage|p1a: Iron Treads|0 fnt
|-unboost|p2a: Mega Donphan|def|1
|-unboost|p2a: Mega Donphan|spd|1
|faint|p1a: Iron Treads
|-end|p1a: Iron Treads|Quark Drive|[silent]
|
|upkeep
|
|t:|1758322440
|switch|p1a: Meowscarada|Meowscarada, F|100/100
|-damage|p1a: Meowscarada|88/100|[from] Stealth Rock
|turn|10
|
|t:|1758322443
|move|p1a: Meowscarada|U-turn|p2a: Mega Donphan
|-start|p1a: Meowscarada|typechange|Bug|[from] ability: Protean
|-resisted|p2a: Mega Donphan
|-damage|p2a: Mega Donphan|0 fnt
|faint|p2a: Mega Donphan
|-end|p2a: Mega Donphan|Protosynthesis|[silent]
|
|t:|1758322450
|switch|p1a: Araquanid|Araquanid, F|100/100|[from] U-turn
|-damage|p1a: Araquanid|76/100|[from] Stealth Rock
|
|upkeep
|
|t:|1758322457
|switch|p2a: Arcanine|Arcanine-Hisui, F|49/100
|turn|11
|
|t:|1758322461
|move|p2a: Arcanine|Head Smash|p1a: Araquanid
|-supereffective|p1a: Araquanid
|-crit|p1a: Araquanid
|-damage|p1a: Araquanid|0 fnt
|faint|p1a: Araquanid
|
|upkeep
|
|t:|1758322463
|switch|p1a: Iron Valiant|Iron Valiant|100/100
|-damage|p1a: Iron Valiant|94/100|[from] Stealth Rock
|-enditem|p1a: Iron Valiant|Booster Energy
|-activate|p1a: Iron Valiant|ability: Quark Drive|[fromitem]
|-start|p1a: Iron Valiant|quarkdrivespe
|turn|12
|j| Nikator98
|
|t:|1758322469
|switch|p2a: BunnyGirlSenpai|Cinderace, F|11/100
|move|p1a: Iron Valiant|Aura Sphere|p2a: BunnyGirlSenpai
|-damage|p2a: BunnyGirlSenpai|0 fnt
|faint|p2a: BunnyGirlSenpai
|
|upkeep
|
|t:|1758322473
|switch|p2a: Gholdengo|Gholdengo|100/100
|turn|13
|
|t:|1758322484
|move|p1a: Iron Valiant|Destiny Bond|p1a: Iron Valiant
|-singlemove|p1a: Iron Valiant|Destiny Bond
|move|p2a: Gholdengo|Dazzling Gleam|p1a: Iron Valiant
|-supereffective|p1a: Iron Valiant
|-damage|p1a: Iron Valiant|0 fnt
|faint|p1a: Iron Valiant
|-activate|p1a: Iron Valiant|move: Destiny Bond
|-end|p1a: Iron Valiant|Quark Drive|[silent]
|faint|p2a: Gholdengo
|
|upkeep
|
|t:|1758322486
|switch|p1a: Meowscarada|Meowscarada, F|88/100
|switch|p2a: Masquerain|Masquerain, F|100/100
|-damage|p1a: Meowscarada|76/100|[from] Stealth Rock
|-ability|p2a: Masquerain|Intimidate|boost
|-unboost|p1a: Meowscarada|atk|1
|turn|14
|
|t:|1758322494
|move|p1a: Meowscarada|Knock Off|p2a: Masquerain
|-start|p1a: Meowscarada|typechange|Dark|[from] ability: Protean
|-damage|p2a: Masquerain|14/100
|-enditem|p2a: Masquerain|Focus Sash|[from] move: Knock Off|[of] p1a: Meowscarada
|move|p2a: Masquerain|Bug Buzz|p1a: Meowscarada
|-supereffective|p1a: Meowscarada
|-damage|p1a: Meowscarada|0 fnt
|faint|p1a: Meowscarada
|
|win|Obito 2001
|raw|driderwebs's rating: 1650 &rarr; <strong>1636</strong><br />(-14 for losing)
|raw|Obito 2001's rating: 1767 &rarr; <strong>1781</strong><br />(+14 for winning)
|l|☆driderwebs
|player|p1|
|l|☆Obito 2001
|player|p2|
