|j|☆rekka auto
|j|☆1shy9
|t:|1758294810
|gametype|singles
|player|p1|rekka auto|drayden|1611
|player|p2|1shy9|acetrainerf-gen4|1714
|gen|9
|tier|[Gen 9] OU
|rated|
|rule|HP Percentage Mod: HP is shown in percentages
|rule|Endless Battle Clause: Forcing endless battles is banned
|rule|Species Clause: Limit one of each Pokémon
|rule|OHKO Clause: OHKO moves are banned
|rule|Evasion Items Clause: Evasion items are banned
|rule|Evasion Moves Clause: Evasion moves are banned
|rule|Evasion Abilities Clause: Evasion abilities are banned
|rule|Sleep Moves Clause: Sleep-inducing moves are banned
|clearpoke
|poke|p1|Rotom-Wash|
|poke|p1|Meowscarada, F|
|poke|p1|Comfey, F|
|poke|p1|Okidogi, M|
|poke|p1|Dragapult, M|
|poke|p1|Ting-Lu|
|poke|p2|Iron Moth|
|poke|p2|Gholdengo|
|poke|p2|Great Tusk|
|poke|p2|Kyurem|
|poke|p2|Zamazenta-*|
|poke|p2|Dragonite, M|
|teampreview
|inactive|Battle timer is ON: inactive players will automatically lose when time's up. (requested by rekka auto)
|
|t:|1758294819
|teamsize|p1|6
|teamsize|p2|6
|start
|switch|p1a: Ting-Lu|Ting-Lu|100/100
|switch|p2a: Great Tusk|Great Tusk|100/100
|-ability|p1a: Ting-Lu|Vessel of Ruin
|turn|1
|
|t:|1758294825
|move|p2a: Great Tusk|Stealth Rock|p1a: Ting-Lu
|-sidestart|p1: rekka auto|move: Stealth Rock
|move|p1a: Ting-Lu|Stealth Rock|p2a: Great Tusk
|-sidestart|p2: 1shy9|move: Stealth Rock
|
|upkeep
|turn|2
|
|t:|1758294828
|switch|p1a: Rotom|Rotom-Wash|100/100
|-damage|p1a: Rotom|88/100|[from] Stealth Rock
|move|p2a: Great Tusk|Ice Spinner|p1a: Rotom
|-resisted|p1a: Rotom
|-damage|p1a: Rotom|77/100
|-damage|p2a: Great Tusk|84/100|[from] item: Rocky Helmet|[of] p1a: Rotom
|
|upkeep
|turn|3
|
|t:|1758294836
|move|p2a: Great Tusk|Rapid Spin|p1a: Rotom
|-damage|p1a: Rotom|64/100
|-boost|p2a: Great Tusk|spe|1
|-damage|p2a: Great Tusk|68/100|[from] item: Rocky Helmet|[of] p1a: Rotom
|-sideend|p2: 1shy9|Stealth Rock|[from] move: Rapid Spin|[of] p2a: Great Tusk
|move|p1a: Rotom|Will-O-Wisp|p2a: Great Tusk
|-status|p2a: Great Tusk|brn
|
|-damage|p2a: Great Tusk|61/100 brn|[from] brn
|upkeep
|turn|4
|
|t:|1758294841
|-end|p2a: Great Tusk|Protosynthesis|[silent]
|switch|p2a: Kyurem|Kyurem|100/100
|-ability|p2a: Kyurem|Pressure
|move|p1a: Rotom|Volt Switch|p2a: Kyurem
|-resisted|p2a: Kyurem
|-damage|p2a: Kyurem|88/100
|
|t:|1758294848
|switch|p1a: Okidogi|Okidogi, M|100/100|[from] Volt Switch
|-damage|p1a: Okidogi|94/100|[from] Stealth Rock
|
|-heal|p1a: Okidogi|100/100|[from] item: Leftovers
|upkeep
|turn|5
|
|t:|1758294856
|switch|p2a: Iron Moth|Iron Moth|100/100
|-enditem|p2a: Iron Moth|Booster Energy
|-activate|p2a: Iron Moth|ability: Quark Drive|[fromitem]
|-start|p2a: Iron Moth|quarkdrivespe
|move|p1a: Okidogi|Drain Punch|p2a: Iron Moth
|-resisted|p2a: Iron Moth
|-damage|p2a: Iron Moth|75/100
|
|upkeep
|turn|6
|
|t:|1758294860
|switch|p1a: Ting-Lu|Ting-Lu|100/100
|-damage|p1a: Ting-Lu|94/100|[from] Stealth Rock
|-ability|p1a: Ting-Lu|Vessel of Ruin
|move|p2a: Iron Moth|Fiery Dance|p1a: Ting-Lu
|-damage|p1a: Ting-Lu|78/100
|-boost|p2a: Iron Moth|spa|1
|
|-heal|p1a: Ting-Lu|85/100|[from] item: Leftovers
|upkeep
|turn|7
|
|t:|1758294866
|-end|p2a: Iron Moth|Quark Drive|[silent]
|switch|p2a: Kyurem|Kyurem|88/100
|-ability|p2a: Kyurem|Pressure
|move|p1a: Ting-Lu|Earthquake|p2a: Kyurem
|-damage|p2a: Kyurem|55/100
|
|-heal|p1a: Ting-Lu|91/100|[from] item: Leftovers
|upkeep
|turn|8
|
|t:|1758294872
|switch|p1a: Okidogi|Okidogi, M|100/100
|-damage|p1a: Okidogi|94/100|[from] Stealth Rock
|move|p2a: Kyurem|Icicle Spear|p1a: Okidogi
|-damage|p1a: Okidogi|84/100
|-damage|p1a: Okidogi|72/100
|-damage|p1a: Okidogi|62/100
|-damage|p1a: Okidogi|52/100
|-damage|p1a: Okidogi|41/100
|-hitcount|p1a: Okidogi|5
|
|-heal|p1a: Okidogi|47/100|[from] item: Leftovers
|upkeep
|turn|9
|
|t:|1758294878
|move|p2a: Kyurem|Icicle Spear|p1a: Okidogi
|-damage|p1a: Okidogi|37/100
|-damage|p1a: Okidogi|25/100
|-damage|p1a: Okidogi|14/100
|-damage|p1a: Okidogi|4/100
|-damage|p1a: Okidogi|0 fnt
|faint|p1a: Okidogi
|-hitcount|p1: Okidogi|5
|
|upkeep
|
|t:|1758294886
|switch|p1a: Meowscarada|Meowscarada, F|100/100
|-damage|p1a: Meowscarada|88/100|[from] Stealth Rock
|turn|10
|
|t:|1758294891
|move|p1a: Meowscarada|Knock Off|p2a: Kyurem
|-start|p1a: Meowscarada|typechange|Dark|[from] ability: Protean
|-damage|p2a: Kyurem|13/100
|-enditem|p2a: Kyurem|Loaded Dice|[from] move: Knock Off|[of] p1a: Meowscarada
|move|p2a: Kyurem|Freeze-Dry|p1a: Meowscarada
|-damage|p1a: Meowscarada|43/100
|-status|p1a: Meowscarada|frz
|
|upkeep
|turn|11
|
|t:|1758294897
|cant|p1a: Meowscarada|frz
|move|p2a: Kyurem|Dragon Dance|p2a: Kyurem
|-boost|p2a: Kyurem|atk|1
|-boost|p2a: Kyurem|spe|1
|
|upkeep
|turn|12
|
|t:|1758294906
|cant|p1a: Meowscarada|frz
|move|p2a: Kyurem|Dragon Dance|p2a: Kyurem
|-boost|p2a: Kyurem|atk|1
|-boost|p2a: Kyurem|spe|1
|
|upkeep
|turn|13
|
|t:|1758294910
|move|p2a: Kyurem|Icicle Spear|p1a: Meowscarada
|-damage|p1a: Meowscarada|3/100 frz
|-damage|p1a: Meowscarada|0 fnt
|faint|p1a: Meowscarada
|-hitcount|p1: Meowscarada|2
|
|upkeep
|
|t:|1758294912
|switch|p1a: Comfey|Comfey, F|100/100
|-damage|p1a: Comfey|88/100|[from] Stealth Rock
|turn|14
|
|t:|1758294919
|move|p1a: Comfey|Draining Kiss|p2a: Kyurem
|-supereffective|p2a: Kyurem
|-damage|p2a: Kyurem|0 fnt
|-heal|p1a: Comfey|99/100|[from] drain|[of] p2a: Kyurem
|faint|p2a: Kyurem
|-damage|p1a: Comfey|90/100|[from] item: Life Orb
|
|upkeep
|
|t:|1758294927
|switch|p2a: Gholdengo|Gholdengo|100/100
|-item|p2a: Gholdengo|Air Balloon
|turn|15
|
|t:|1758294931
|switch|p1a: Ting-Lu|Ting-Lu|91/100
|-damage|p1a: Ting-Lu|85/100|[from] Stealth Rock
|-ability|p1a: Ting-Lu|Vessel of Ruin
|move|p2a: Gholdengo|Make It Rain|p1a: Ting-Lu
|-damage|p1a: Ting-Lu|54/100
|-unboost|p2a: Gholdengo|spa|1
|
|-heal|p1a: Ting-Lu|60/100|[from] item: Leftovers
|upkeep
|turn|16
|
|t:|1758294941
|switch|p2a: Great Tusk|Great Tusk|61/100 brn
|switch|p1a: Dragapult|Dragapult, M|100/100
|-damage|p1a: Dragapult|88/100|[from] Stealth Rock
|
|-damage|p2a: Great Tusk|55/100 brn|[from] brn
|upkeep
|turn|17
|
|t:|1758294944
|move|p1a: Dragapult|Shadow Ball|p2a: Great Tusk
|-damage|p2a: Great Tusk|0 fnt
|faint|p2a: Great Tusk
|-end|p2a: Great Tusk|Protosynthesis|[silent]
|
|upkeep
|
|t:|1758294950
|switch|p2a: Gholdengo|Gholdengo|100/100
|-item|p2a: Gholdengo|Air Balloon
|turn|18
|
|t:|1758294954
|move|p1a: Dragapult|Shadow Ball|p2a: Gholdengo
|-supereffective|p2a: Gholdengo
|-damage|p2a: Gholdengo|0 fnt
|-enditem|p2a: Gholdengo|Air Balloon
|faint|p2a: Gholdengo
|
|upkeep
|
|t:|1758294959
|switch|p2a: Dragonite|Dragonite, M|100/100
|turn|19
|
|t:|1758294964
|switch|p1a: Rotom|Rotom-Wash|64/100
|-damage|p1a: Rotom|51/100|[from] Stealth Rock
|move|p2a: Dragonite|Dragon Dance|p2a: Dragonite
|-boost|p2a: Dragonite|atk|1
|-boost|p2a: Dragonite|spe|1
|
|upkeep
|turn|20
|
|t:|1758294975
|-terastallize|p2a: Dragonite|Flying
|-terastallize|p1a: Rotom|Steel
|move|p2a: Dragonite|Tera Blast|p1a: Rotom|[anim] Tera Blast Flying
|-resisted|p1a: Rotom
|-damage|p1a: Rotom|13/100
|move|p1a: Rotom|Will-O-Wisp|p2a: Dragonite
|-status|p2a: Dragonite|brn
|
|-damage|p2a: Dragonite|94/100 brn|[from] brn
|upkeep
|turn|21
|
|t:|1758294983
|move|p2a: Dragonite|Dragon Dance|p2a: Dragonite
|-boost|p2a: Dragonite|atk|1
|-boost|p2a: Dragonite|spe|1
|move|p1a: Rotom|Pain Split|p2a: Dragonite
|-sethp|p2a: Dragonite|53/100 brn|[from] move: Pain Split|[silent]
|-sethp|p1a: Rotom|56/100|[from] move: Pain Split
|
|-damage|p2a: Dragonite|47/100 brn|[from] brn
|upkeep
|turn|22
|
|t:|1758294987
|move|p2a: Dragonite|Roost|p2a: Dragonite
|-heal|p2a: Dragonite|97/100 brn
|-hint|If a Terastallized Pokemon uses Roost, it remains Flying-type.
|move|p1a: Rotom|Volt Switch|p2a: Dragonite
|-supereffective|p2a: Dragonite
|-damage|p2a: Dragonite|43/100 brn
|
|t:|1758294997
|switch|p1a: Ting-Lu|Ting-Lu|60/100|[from] Volt Switch
|-damage|p1a: Ting-Lu|54/100|[from] Stealth Rock
|-ability|p1a: Ting-Lu|Vessel of Ruin
|
|-heal|p1a: Ting-Lu|60/100|[from] item: Leftovers
|-damage|p2a: Dragonite|36/100 brn|[from] brn
|upkeep
|turn|23
|
|t:|1758295004
|move|p2a: Dragonite|Tera Blast|p1a: Ting-Lu|[anim] Tera Blast Flying
|-damage|p1a: Ting-Lu|27/100
|move|p1a: Ting-Lu|Whirlwind|p2a: Dragonite
|drag|p2a: Zamazenta|Zamazenta|100/100
|-ability|p2a: Zamazenta|Dauntless Shield|boost
|-boost|p2a: Zamazenta|def|1
|
|-heal|p1a: Ting-Lu|34/100|[from] item: Leftovers
|upkeep
|turn|24
|
|t:|1758295011
|switch|p1a: Comfey|Comfey, F|90/100
|-damage|p1a: Comfey|77/100|[from] Stealth Rock
|move|p2a: Zamazenta|Body Press|p1a: Comfey
|-resisted|p1a: Comfey
|-damage|p1a: Comfey|43/100
|
|upkeep
|turn|25
|
|t:|1758295016
|switch|p2a: Dragonite|Dragonite, M, tera:Flying|36/100 brn
|move|p1a: Comfey|Draining Kiss|p2a: Dragonite
|-damage|p2a: Dragonite|8/100 brn
|-heal|p1a: Comfey|65/100|[from] drain|[of] p2a: Dragonite
|-damage|p1a: Comfey|55/100|[from] item: Life Orb
|
|-damage|p2a: Dragonite|2/100 brn|[from] brn
|upkeep
|turn|26
|
|t:|1758295020
|move|p1a: Comfey|Draining Kiss|p2a: Dragonite
|-damage|p2a: Dragonite|0 fnt
|-heal|p1a: Comfey|57/100|[from] drain|[of] p2a: Dragonite
|faint|p2a: Dragonite
|-damage|p1a: Comfey|47/100|[from] item: Life Orb
|
|upkeep
|
|t:|1758295025
|switch|p2a: Iron Moth|Iron Moth|75/100
|turn|27
|
|t:|1758295040
|switch|p1a: Dragapult|Dragapult, M|88/100
|-damage|p1a: Dragapult|76/100|[from] Stealth Rock
|move|p2a: Iron Moth|Fiery Dance|p1a: Dragapult
|-resisted|p1a: Dragapult
|-damage|p1a: Dragapult|48/100
|
|upkeep
|turn|28
|
|t:|1758295050
|move|p1a: Dragapult|Shadow Ball|p2a: Iron Moth
|-damage|p2a: Iron Moth|24/100
|move|p2a: Iron Moth|Fiery Dance|p1a: Dragapult
|-resisted|p1a: Dragapult
|-damage|p1a: Dragapult|22/100
|-boost|p2a: Iron Moth|spa|1
|
|upkeep
|turn|29
|
|t:|1758295053
|move|p1a: Dragapult|Shadow Ball|p2a: Iron Moth
|-damage|p2a: Iron Moth|0 fnt
|faint|p2a: Iron Moth
|-end|p2a: Iron Moth|Quark Drive|[silent]
|
|upkeep
|
|t:|1758295055
|switch|p2a: Zamazenta|Zamazenta|100/100
|turn|30
|
|t:|1758295062
|switch|p1a: Rotom|Rotom-Wash, tera:Steel|56/100
|-damage|p1a: Rotom|50/100|[from] Stealth Rock
|move|p2a: Zamazenta|Iron Defense|p2a: Zamazenta
|-boost|p2a: Zamazenta|def|2
|
|upkeep
|turn|31
|
|t:|1758295067
|move|p2a: Zamazenta|Body Press|p1a: Rotom
|-supereffective|p1a: Rotom
|-damage|p1a: Rotom|0 fnt
|-damage|p2a: Zamazenta|84/100|[from] item: Rocky Helmet|[of] p1a: Rotom
|faint|p1a: Rotom
|
|-heal|p2a: Zamazenta|90/100|[from] item: Leftovers
|upkeep
|
|t:|1758295069
|switch|p1a: Dragapult|Dragapult, M|22/100
|-damage|p1a: Dragapult|10/100|[from] Stealth Rock
|turn|32
|
|t:|1758295075
|move|p1a: Dragapult|Draco Meteor|p2a: Zamazenta
|-damage|p2a: Zamazenta|6/100
|-unboost|p1a: Dragapult|spa|2
|move|p2a: Zamazenta|Crunch|p1a: Dragapult
|-supereffective|p1a: Dragapult
|-damage|p1a: Dragapult|0 fnt
|faint|p1a: Dragapult
|
|-heal|p2a: Zamazenta|12/100|[from] item: Leftovers
|upkeep
|
|t:|1758295079
|switch|p1a: Comfey|Comfey, F|47/100
|-damage|p1a: Comfey|34/100|[from] Stealth Rock
|turn|33
|
|t:|1758295081
|move|p1a: Comfey|Draining Kiss|p2a: Zamazenta
|-supereffective|p2a: Zamazenta
|-damage|p2a: Zamazenta|0 fnt
|-heal|p1a: Comfey|44/100|[from] drain|[of] p2a: Zamazenta
|faint|p2a: Zamazenta
|-damage|p1a: Comfey|34/100|[from] item: Life Orb
|
|win|rekka auto
|raw|rekka auto's rating: 1611 &rarr; <strong>1637</strong><br />(+26 for winning)
|raw|1shy9's rating: 1714 &rarr; <strong>1688</strong><br />(-26 for losing)
|l|☆1shy9
|player|p2|
|l|☆rekka auto
|player|p1|
