|j|☆abcdxy
|j|☆gogotoat
|t:|1758344724
|gametype|singles
|player|p1|abcdxy|lady|1424
|player|p2|gogotoat|dawn|1391
|gen|9
|tier|[Gen 9] OU
|rated|
|rule|HP Percentage Mod: HP is shown in percentages
|rule|Endless Battle Clause: Forcing endless battles is banned
|rule|Species Clause: Limit one of each Pokémon
|rule|OHKO Clause: OHKO moves are banned
|rule|Evasion Items Clause: Evasion items are banned
|rule|Evasion Moves Clause: Evasion moves are banned
|rule|Evasion Abilities Clause: Evasion abilities are banned
|rule|Sleep Moves Clause: Sleep-inducing moves are banned
|clearpoke
|poke|p1|Kyurem|
|poke|p1|Iron Moth|
|poke|p1|Kingambit, M|
|poke|p1|Landorus-Therian, M|
|poke|p1|Hatterene, F|
|poke|p1|Zamazenta-*|
|poke|p2|Cinderace, M|
|poke|p2|Quaquaval, M|
|poke|p2|Thundurus-Therian, M|
|poke|p2|Necrozma|
|poke|p2|Ogerpon-Wellspring, F|
|poke|p2|Dragapult, M|
|teampreview
|inactive|Battle timer is ON: inactive players will automatically lose when time's up. (requested by abcdxy)
|
|t:|1758344735
|teamsize|p1|6
|teamsize|p2|6
|start
|switch|p1a: Landorus|Landorus-Therian, M|100/100
|switch|p2a: Cinderace|Cinderace, M|100/100
|-ability|p1a: Landorus|Intimidate|boost
|-unboost|p2a: Cinderace|atk|1
|turn|1
|
|t:|1758344739
|move|p2a: Cinderace|U-turn|p1a: Landorus
|-start|p2a: Cinderace|typechange|Bug|[from] ability: Libero
|-resisted|p1a: Landorus
|-damage|p1a: Landorus|89/100
|-damage|p2a: Cinderace|84/100|[from] item: Rocky Helmet|[of] p1a: Landorus
|
|t:|1758344741
|switch|p2a: Quaquaval|Quaquaval, M|100/100|[from] U-turn
|move|p1a: Landorus|Earthquake|p2a: Quaquaval
|-damage|p2a: Quaquaval|53/100
|
|upkeep
|turn|2
|
|t:|1758344754
|switch|p2a: Ogerpon|Ogerpon-Wellspring, F|100/100
|move|p1a: Landorus|Grass Knot|p2a: Ogerpon
|-damage|p2a: Ogerpon|85/100
|
|upkeep
|turn|3
|
|t:|1758344760
|switch|p1a: Kyurem|Kyurem|100/100
|-ability|p1a: Kyurem|Pressure
|move|p2a: Ogerpon|Swords Dance|p2a: Ogerpon
|-boost|p2a: Ogerpon|atk|2
|
|upkeep
|turn|4
|
|t:|1758344766
|move|p2a: Ogerpon|Superpower|p1a: Kyurem
|-supereffective|p1a: Kyurem
|-damage|p1a: Kyurem|0 fnt
|-unboost|p2a: Ogerpon|atk|1
|-unboost|p2a: Ogerpon|def|1
|faint|p1a: Kyurem
|
|upkeep
|
|t:|1758344772
|switch|p1a: Landorus|Landorus-Therian, M|89/100
|-ability|p1a: Landorus|Intimidate|boost
|-unboost|p2a: Ogerpon|atk|1
|turn|5
|
|t:|1758344777
|move|p2a: Ogerpon|Ivy Cudgel|p1a: Landorus|[anim] Ivy Cudgel Water
|-supereffective|p1a: Landorus
|-crit|p1a: Landorus
|-damage|p1a: Landorus|0 fnt
|faint|p1a: Landorus
|
|upkeep
|
|t:|1758344786
|switch|p1a: Zamazenta|Zamazenta|100/100
|-ability|p1a: Zamazenta|Dauntless Shield|boost
|-boost|p1a: Zamazenta|def|1
|turn|6
|
|t:|1758344793
|switch|p2a: Necrozma|Necrozma|100/100
|move|p1a: Zamazenta|Body Press|p2a: Necrozma
|-resisted|p2a: Necrozma
|-damage|p2a: Necrozma|79/100
|
|-heal|p2a: Necrozma|85/100|[from] item: Leftovers
|upkeep
|turn|7
|
|t:|1758344801
|move|p1a: Zamazenta|Crunch|p2a: Necrozma
|-supereffective|p2a: Necrozma
|-damage|p2a: Necrozma|52/100
|move|p2a: Necrozma|Earth Power|p1a: Zamazenta
|-damage|p1a: Zamazenta|73/100
|
|-heal|p1a: Zamazenta|79/100|[from] item: Leftovers
|-heal|p2a: Necrozma|58/100|[from] item: Leftovers
|upkeep
|turn|8
|
|t:|1758344806
|move|p1a: Zamazenta|Crunch|p2a: Necrozma
|-supereffective|p2a: Necrozma
|-crit|p2a: Necrozma
|-damage|p2a: Necrozma|13/100
|move|p2a: Necrozma|Morning Sun|p2a: Necrozma
|-heal|p2a: Necrozma|63/100
|
|-heal|p1a: Zamazenta|85/100|[from] item: Leftovers
|-heal|p2a: Necrozma|69/100|[from] item: Leftovers
|upkeep
|turn|9
|
|t:|1758344812
|move|p1a: Zamazenta|Crunch|p2a: Necrozma
|-supereffective|p2a: Necrozma
|-damage|p2a: Necrozma|37/100
|move|p2a: Necrozma|Morning Sun|p2a: Necrozma
|-heal|p2a: Necrozma|87/100
|
|-heal|p1a: Zamazenta|91/100|[from] item: Leftovers
|-heal|p2a: Necrozma|93/100|[from] item: Leftovers
|upkeep
|turn|10
|
|t:|1758344816
|move|p1a: Zamazenta|Crunch|p2a: Necrozma
|-supereffective|p2a: Necrozma
|-damage|p2a: Necrozma|62/100
|move|p2a: Necrozma|Photon Geyser|p1a: Zamazenta
|-supereffective|p1a: Zamazenta
|-damage|p1a: Zamazenta|0 fnt
|faint|p1a: Zamazenta
|
|-heal|p2a: Necrozma|68/100|[from] item: Leftovers
|upkeep
|
|t:|1758344824
|switch|p1a: Kingambit|Kingambit, M|100/100
|-activate|p1a: Kingambit|ability: Supreme Overlord
|-start|p1a: Kingambit|fallen3|[silent]
|turn|11
|
|t:|1758344831
|-terastallize|p2a: Necrozma|Fighting
|move|p2a: Necrozma|Earth Power|p1a: Kingambit
|-supereffective|p1a: Kingambit
|-damage|p1a: Kingambit|32/100
|move|p1a: Kingambit|Kowtow Cleave|p2a: Necrozma
|-resisted|p2a: Necrozma
|-crit|p2a: Necrozma
|-damage|p2a: Necrozma|26/100
|
|-heal|p2a: Necrozma|32/100|[from] item: Leftovers
|-heal|p1a: Kingambit|39/100|[from] item: Leftovers
|upkeep
|turn|12
|
|t:|1758344841
|-end|p1a: Kingambit|fallen3|[silent]
|switch|p1a: Hatterene|Hatterene, F|100/100
|move|p2a: Necrozma|Morning Sun|p2a: Necrozma
|-heal|p2a: Necrozma|82/100
|
|-heal|p2a: Necrozma|88/100|[from] item: Leftovers
|upkeep
|turn|13
|
|t:|1758344850
|switch|p2a: Quaquaval|Quaquaval, M|53/100
|move|p1a: Hatterene|Psychic Noise|p2a: Quaquaval
|-supereffective|p2a: Quaquaval
|-damage|p2a: Quaquaval|0 fnt
|faint|p2a: Quaquaval
|
|upkeep
|
|t:|1758344852
|switch|p2a: Cinderace|Cinderace, M|84/100
|turn|14
|
|t:|1758344855
|move|p2a: Cinderace|Pyro Ball|p1a: Hatterene
|-damage|p1a: Hatterene|50/100
|move|p1a: Hatterene|Nuzzle|p2a: Cinderace
|-damage|p2a: Cinderace|78/100
|-status|p2a: Cinderace|par
|
|upkeep
|turn|15
|
|t:|1758344866
|switch|p1a: Iron Moth|Iron Moth|100/100
|-enditem|p1a: Iron Moth|Booster Energy
|-activate|p1a: Iron Moth|ability: Quark Drive|[fromitem]
|-start|p1a: Iron Moth|quarkdrivespe
|move|p2a: Cinderace|U-turn|p1a: Iron Moth
|-start|p2a: Cinderace|typechange|Bug|[from] ability: Libero
|-resisted|p1a: Iron Moth
|-damage|p1a: Iron Moth|88/100
|
|t:|1758344875
|switch|p2a: Dragapult|Dragapult, M|100/100|[from] U-turn
|
|upkeep
|turn|16
|
|t:|1758344881
|move|p1a: Iron Moth|Dazzling Gleam|p2a: Dragapult
|-supereffective|p2a: Dragapult
|-damage|p2a: Dragapult|31/100
|move|p2a: Dragapult|Dragon Darts|p1a: Iron Moth
|-damage|p1a: Iron Moth|30/100
|-anim|p2a: Dragapult|Dragon Darts|p1a: Iron Moth
|-damage|p1a: Iron Moth|0 fnt
|faint|p1a: Iron Moth
|-end|p1a: Iron Moth|Quark Drive|[silent]
|
|upkeep
|
|t:|1758344887
|switch|p1a: Hatterene|Hatterene, F|50/100
|turn|17
|
|t:|1758344892
|switch|p2a: Cinderace|Cinderace, M|78/100 par
|move|p1a: Hatterene|Nuzzle|p2a: Cinderace
|-damage|p2a: Cinderace|72/100 par
|
|upkeep
|turn|18
|
|t:|1758344899
|cant|p2a: Cinderace|par
|move|p1a: Hatterene|Healing Wish|p1a: Hatterene
|faint|p1a: Hatterene
|
|upkeep
|
|t:|1758344903
|switch|p1a: Kingambit|Kingambit, M|39/100
|-heal|p1a: Kingambit|100/100|[from] move: Healing Wish
|-activate|p1a: Kingambit|ability: Supreme Overlord
|-start|p1a: Kingambit|fallen5|[silent]
|turn|19
|
|t:|1758344906
|-terastallize|p1a: Kingambit|Ghost
|move|p2a: Cinderace|Pyro Ball|p1a: Kingambit
|-crit|p1a: Kingambit
|-damage|p1a: Kingambit|33/100
|move|p1a: Kingambit|Swords Dance|p1a: Kingambit
|-boost|p1a: Kingambit|atk|2
|
|-heal|p1a: Kingambit|40/100|[from] item: Leftovers
|upkeep
|turn|20
|
|t:|1758344912
|move|p2a: Cinderace|Sucker Punch|p1a: Kingambit
|-start|p2a: Cinderace|typechange|Dark|[from] ability: Libero
|-supereffective|p1a: Kingambit
|-damage|p1a: Kingambit|0 fnt
|faint|p1a: Kingambit
|-end|p1a: Kingambit|fallen5|[silent]
|
|win|gogotoat
|raw|abcdxy's rating: 1424 &rarr; <strong>1402</strong><br />(-22 for losing)
|raw|gogotoat's rating: 1391 &rarr; <strong>1413</strong><br />(+22 for winning)
|l|☆abcdxy
|player|p1|
