|j|☆kennojex
|j|☆the goobchamponing
|t:|1758299641
|gametype|singles
|player|p1|kennojex|1|1563
|player|p2|the goobchamponing|koga|1558
|gen|9
|tier|[Gen 9] OU
|rated|
|rule|HP Percentage Mod: HP is shown in percentages
|rule|Endless Battle Clause: Forcing endless battles is banned
|rule|Species Clause: Limit one of each Pokémon
|rule|OHKO Clause: OHKO moves are banned
|rule|Evasion Items Clause: Evasion items are banned
|rule|Evasion Moves Clause: Evasion moves are banned
|rule|Evasion Abilities Clause: Evasion abilities are banned
|rule|Sleep Moves Clause: Sleep-inducing moves are banned
|clearpoke
|poke|p1|Deoxys-Speed|
|poke|p1|Garganacl, M|
|poke|p1|Quaquaval, F|
|poke|p1|Kyurem|
|poke|p1|Darkrai|
|poke|p1|Cresselia, F|
|poke|p2|Ting-Lu|
|poke|p2|Ogerpon-Wellspring, F|
|poke|p2|Gholdengo|
|poke|p2|Moltres|
|poke|p2|Primarina, F|
|poke|p2|Dragapult, M|
|teampreview
|inactive|Battle timer is ON: inactive players will automatically lose when time's up. (requested by the goobchamponing)
|inactive|kennojex has 120 seconds left.
|
|t:|1758299677
|teamsize|p1|6
|teamsize|p2|6
|start
|switch|p1a: Deoxys|Deoxys-Speed|100/100
|switch|p2a: Ogerpon|Ogerpon-Wellspring, F|100/100
|-ability|p1a: Deoxys|Pressure
|turn|1
|
|t:|1758299679
|move|p1a: Deoxys|Thunder Wave|p2a: Ogerpon
|-status|p2a: Ogerpon|par
|move|p2a: Ogerpon|Swords Dance|p2a: Ogerpon
|-boost|p2a: Ogerpon|atk|2
|
|upkeep
|turn|2
|
|t:|1758299682
|move|p1a: Deoxys|Reflect|p1a: Deoxys
|-sidestart|p1: kennojex|Reflect
|move|p2a: Ogerpon|Trailblaze|p1a: Deoxys
|-damage|p1a: Deoxys|63/100
|-boost|p2a: Ogerpon|spe|1
|
|upkeep
|turn|3
|
|t:|1758299686
|move|p1a: Deoxys|Light Screen|p1a: Deoxys
|-sidestart|p1: kennojex|move: Light Screen
|move|p2a: Ogerpon|Trailblaze|p1a: Deoxys
|-damage|p1a: Deoxys|28/100
|-boost|p2a: Ogerpon|spe|1
|
|upkeep
|turn|4
|
|t:|1758299691
|move|p1a: Deoxys|Superpower|p2a: Ogerpon
|-damage|p2a: Ogerpon|64/100 par
|-unboost|p1a: Deoxys|atk|1
|-unboost|p1a: Deoxys|def|1
|cant|p2a: Ogerpon|par
|
|upkeep
|turn|5
|
|t:|1758299696
|switch|p1a: Kyurem|Kyurem|100/100
|-ability|p1a: Kyurem|Pressure
|move|p2a: Ogerpon|Synthesis|p2a: Ogerpon
|-heal|p2a: Ogerpon|100/100 par
|
|upkeep
|turn|6
|
|t:|1758299701
|switch|p2a: Gholdengo|Gholdengo|100/100
|move|p1a: Kyurem|Scale Shot|p2a: Gholdengo|[miss]
|-miss|p1a: Kyurem|p2a: Gholdengo
|
|upkeep
|turn|7
|
|t:|1758299706
|switch|p1a: Deoxys|Deoxys-Speed|28/100
|-ability|p1a: Deoxys|Pressure
|move|p2a: Gholdengo|Trick|p1a: Deoxys
|-activate|p2a: Gholdengo|move: Trick|[of] p1a: Deoxys
|-item|p1a: Deoxys|Choice Scarf|[from] move: Trick
|-item|p2a: Gholdengo|Light Clay|[from] move: Trick
|
|upkeep
|turn|8
|
|t:|1758299716
|switch|p1a: Quaquaval|Quaquaval, F|100/100
|move|p2a: Gholdengo|Shadow Ball|p1a: Quaquaval
|-damage|p1a: Quaquaval|71/100
|
|upkeep
|turn|9
|
|t:|1758299720
|switch|p2a: Primarina|Primarina, F|100/100
|move|p1a: Quaquaval|Swords Dance|p1a: Quaquaval
|-boost|p1a: Quaquaval|atk|2
|
|-sideend|p1: kennojex|Reflect
|upkeep
|turn|10
|
|t:|1758299724
|switch|p1a: Deoxys|Deoxys-Speed|28/100
|-ability|p1a: Deoxys|Pressure
|move|p2a: Primarina|Calm Mind|p2a: Primarina
|-boost|p2a: Primarina|spa|1
|-boost|p2a: Primarina|spd|1
|
|-sideend|p1: kennojex|move: Light Screen
|upkeep
|turn|11
|
|t:|1758299726
|move|p1a: Deoxys|Thunder Wave|p2a: Primarina
|-status|p2a: Primarina|par
|move|p2a: Primarina|Calm Mind|p2a: Primarina
|-boost|p2a: Primarina|spa|1
|-boost|p2a: Primarina|spd|1
|
|upkeep
|turn|12
|
|t:|1758299734
|switch|p1a: Cresselia|Cresselia, F|100/100
|move|p2a: Primarina|Surf|p1a: Cresselia
|-damage|p1a: Cresselia|51/100
|
|-heal|p1a: Cresselia|57/100|[from] item: Leftovers
|upkeep
|turn|13
|
|t:|1758299736
|move|p1a: Cresselia|Calm Mind|p1a: Cresselia
|-boost|p1a: Cresselia|spa|1
|-boost|p1a: Cresselia|spd|1
|move|p2a: Primarina|Calm Mind|p2a: Primarina
|-boost|p2a: Primarina|spa|1
|-boost|p2a: Primarina|spd|1
|
|-heal|p1a: Cresselia|63/100|[from] item: Leftovers
|upkeep
|turn|14
|
|t:|1758299738
|switch|p2a: Ting-Lu|Ting-Lu|100/100
|-ability|p2a: Ting-Lu|Vessel of Ruin
|move|p1a: Cresselia|Calm Mind|p1a: Cresselia
|-boost|p1a: Cresselia|spa|1
|-boost|p1a: Cresselia|spd|1
|
|-heal|p1a: Cresselia|69/100|[from] item: Leftovers
|upkeep
|turn|15
|
|t:|1758299739
|switch|p1a: Deoxys|Deoxys-Speed|28/100
|-ability|p1a: Deoxys|Pressure
|move|p2a: Ting-Lu|Stealth Rock|p1a: Deoxys
|-sidestart|p1: kennojex|move: Stealth Rock
|
|upkeep
|turn|16
|
|t:|1758299745
|switch|p2a: Primarina|Primarina, F|100/100 par
|move|p1a: Deoxys|Superpower|p2a: Primarina
|-resisted|p2a: Primarina
|-damage|p2a: Primarina|90/100 par
|-unboost|p1a: Deoxys|atk|1
|-unboost|p1a: Deoxys|def|1
|
|upkeep
|turn|17
|
|t:|1758299751
|switch|p1a: Garganacl|Garganacl, M|100/100
|-damage|p1a: Garganacl|88/100|[from] Stealth Rock
|move|p2a: Primarina|Calm Mind|p2a: Primarina
|-boost|p2a: Primarina|spa|1
|-boost|p2a: Primarina|spd|1
|
|-heal|p1a: Garganacl|94/100|[from] item: Leftovers
|upkeep
|turn|18
|
|t:|1758299753
|move|p1a: Garganacl|Salt Cure|p2a: Primarina
|-damage|p2a: Primarina|79/100 par
|-start|p2a: Primarina|Salt Cure
|move|p2a: Primarina|Calm Mind|p2a: Primarina
|-boost|p2a: Primarina|spa|1
|-boost|p2a: Primarina|spd|1
|
|-heal|p1a: Garganacl|100/100|[from] item: Leftovers
|-damage|p2a: Primarina|54/100 par|[from] Salt Cure
|upkeep
|turn|19
|
|t:|1758299756
|switch|p1a: Cresselia|Cresselia, F|69/100
|-damage|p1a: Cresselia|57/100|[from] Stealth Rock
|move|p2a: Primarina|Surf|p1a: Cresselia
|-damage|p1a: Cresselia|10/100
|
|-heal|p1a: Cresselia|16/100|[from] item: Leftovers
|-damage|p2a: Primarina|29/100 par|[from] Salt Cure
|upkeep
|turn|20
|
|t:|1758299759
|move|p1a: Cresselia|Moonlight|p1a: Cresselia
|-heal|p1a: Cresselia|66/100
|move|p2a: Primarina|Draining Kiss|p1a: Cresselia
|-damage|p1a: Cresselia|37/100
|-heal|p2a: Primarina|57/100 par|[from] drain|[of] p1a: Cresselia
|
|-heal|p1a: Cresselia|43/100|[from] item: Leftovers
|-damage|p2a: Primarina|32/100 par|[from] Salt Cure
|upkeep
|turn|21
|
|t:|1758299762
|switch|p2a: Gholdengo|Gholdengo|100/100
|move|p1a: Cresselia|Calm Mind|p1a: Cresselia
|-boost|p1a: Cresselia|spa|1
|-boost|p1a: Cresselia|spd|1
|
|-heal|p1a: Cresselia|49/100|[from] item: Leftovers
|upkeep
|turn|22
|
|t:|1758299765
|move|p2a: Gholdengo|Shadow Ball|p1a: Cresselia
|-supereffective|p1a: Cresselia
|-damage|p1a: Cresselia|9/100
|move|p1a: Cresselia|Moonlight|p1a: Cresselia
|-heal|p1a: Cresselia|59/100
|
|-heal|p1a: Cresselia|65/100|[from] item: Leftovers
|upkeep
|turn|23
|
|t:|1758299769
|switch|p1a: Darkrai|Darkrai|100/100
|-damage|p1a: Darkrai|88/100|[from] Stealth Rock
|move|p2a: Gholdengo|Shadow Ball|p1a: Darkrai
|-resisted|p1a: Darkrai
|-damage|p1a: Darkrai|58/100
|
|-heal|p1a: Darkrai|64/100|[from] item: Leftovers
|upkeep
|turn|24
|
|t:|1758299771
|switch|p2a: Ting-Lu|Ting-Lu|100/100
|-ability|p2a: Ting-Lu|Vessel of Ruin
|move|p1a: Darkrai|Nasty Plot|p1a: Darkrai
|-boost|p1a: Darkrai|spa|2
|
|-heal|p1a: Darkrai|70/100|[from] item: Leftovers
|upkeep
|turn|25
|
|t:|1758299773
|move|p1a: Darkrai|Ice Beam|p2a: Ting-Lu
|-supereffective|p2a: Ting-Lu
|-damage|p2a: Ting-Lu|44/100
|move|p2a: Ting-Lu|Earthquake|p1a: Darkrai
|-damage|p1a: Darkrai|24/100
|
|-heal|p1a: Darkrai|30/100|[from] item: Leftovers
|-heal|p2a: Ting-Lu|50/100|[from] item: Leftovers
|upkeep
|turn|26
|
|t:|1758299783
|switch|p2a: Primarina|Primarina, F|32/100 par
|move|p1a: Darkrai|Ice Beam|p2a: Primarina
|-resisted|p2a: Primarina
|-damage|p2a: Primarina|5/100 par
|
|-heal|p1a: Darkrai|36/100|[from] item: Leftovers
|upkeep
|turn|27
|
|t:|1758299785
|move|p1a: Darkrai|Ice Beam|p2a: Primarina
|-resisted|p2a: Primarina
|-damage|p2a: Primarina|0 fnt
|faint|p2a: Primarina
|
|-heal|p1a: Darkrai|42/100|[from] item: Leftovers
|upkeep
|
|t:|1758299787
|switch|p2a: Dragapult|Dragapult, M|100/100
|turn|28
|
|t:|1758299792
|switch|p1a: Deoxys|Deoxys-Speed|28/100
|-damage|p1a: Deoxys|16/100|[from] Stealth Rock
|-ability|p1a: Deoxys|Pressure
|move|p2a: Dragapult|Dragon Darts|p1a: Deoxys
|-crit|p1a: Deoxys
|-damage|p1a: Deoxys|0 fnt
|faint|p1a: Deoxys
|
|upkeep
|
|t:|1758299794
|switch|p1a: Garganacl|Garganacl, M|100/100
|-damage|p1a: Garganacl|88/100|[from] Stealth Rock
|turn|29
|
|t:|1758299798
|move|p2a: Dragapult|Substitute|p2a: Dragapult
|-start|p2a: Dragapult|Substitute
|-damage|p2a: Dragapult|76/100
|move|p1a: Garganacl|Iron Defense|p1a: Garganacl
|-boost|p1a: Garganacl|def|2
|
|-heal|p2a: Dragapult|82/100|[from] item: Leftovers
|-heal|p1a: Garganacl|94/100|[from] item: Leftovers
|upkeep
|turn|30
|
|t:|1758299800
|move|p2a: Dragapult|Dragon Dance|p2a: Dragapult
|-boost|p2a: Dragapult|atk|1
|-boost|p2a: Dragapult|spe|1
|move|p1a: Garganacl|Salt Cure|p2a: Dragapult
|-activate|p2a: Dragapult|move: Substitute|[damage]
|
|-heal|p2a: Dragapult|88/100|[from] item: Leftovers
|-heal|p1a: Garganacl|100/100|[from] item: Leftovers
|upkeep
|turn|31
|
|t:|1758299802
|move|p2a: Dragapult|Dragon Dance|p2a: Dragapult
|-boost|p2a: Dragapult|atk|1
|-boost|p2a: Dragapult|spe|1
|move|p1a: Garganacl|Iron Defense|p1a: Garganacl
|-boost|p1a: Garganacl|def|2
|
|-heal|p2a: Dragapult|94/100|[from] item: Leftovers
|upkeep
|turn|32
|
|t:|1758299804
|move|p2a: Dragapult|Dragon Dance|p2a: Dragapult
|-boost|p2a: Dragapult|atk|1
|-boost|p2a: Dragapult|spe|1
|move|p1a: Garganacl|Iron Defense|p1a: Garganacl
|-boost|p1a: Garganacl|def|2
|
|-heal|p2a: Dragapult|99/100|[from] item: Leftovers
|upkeep
|turn|33
|
|t:|1758299806
|move|p2a: Dragapult|Dragon Dance|p2a: Dragapult
|-boost|p2a: Dragapult|atk|1
|-boost|p2a: Dragapult|spe|1
|move|p1a: Garganacl|Salt Cure|p2a: Dragapult
|-end|p2a: Dragapult|Substitute
|
|-heal|p2a: Dragapult|100/100|[from] item: Leftovers
|upkeep
|turn|34
|
|t:|1758299808
|move|p2a: Dragapult|Substitute|p2a: Dragapult
|-start|p2a: Dragapult|Substitute
|-damage|p2a: Dragapult|76/100
|move|p1a: Garganacl|Salt Cure|p2a: Dragapult
|-activate|p2a: Dragapult|move: Substitute|[damage]
|
|-heal|p2a: Dragapult|82/100|[from] item: Leftovers
|upkeep
|turn|35
|
|t:|1758299809
|move|p2a: Dragapult|Dragon Dance|p2a: Dragapult
|-boost|p2a: Dragapult|atk|1
|-boost|p2a: Dragapult|spe|1
|move|p1a: Garganacl|Salt Cure|p2a: Dragapult
|-end|p2a: Dragapult|Substitute
|
|-heal|p2a: Dragapult|88/100|[from] item: Leftovers
|upkeep
|turn|36
|
|t:|1758299812
|move|p2a: Dragapult|Substitute|p2a: Dragapult
|-start|p2a: Dragapult|Substitute
|-damage|p2a: Dragapult|63/100
|move|p1a: Garganacl|Salt Cure|p2a: Dragapult
|-activate|p2a: Dragapult|move: Substitute|[damage]
|
|-heal|p2a: Dragapult|69/100|[from] item: Leftovers
|upkeep
|turn|37
|
|t:|1758299813
|move|p2a: Dragapult|Dragon Dance|p2a: Dragapult
|-boost|p2a: Dragapult|atk|1
|-boost|p2a: Dragapult|spe|1
|move|p1a: Garganacl|Salt Cure|p2a: Dragapult
|-end|p2a: Dragapult|Substitute
|
|-heal|p2a: Dragapult|75/100|[from] item: Leftovers
|upkeep
|turn|38
|
|t:|1758299815
|move|p2a: Dragapult|Substitute|p2a: Dragapult
|-start|p2a: Dragapult|Substitute
|-damage|p2a: Dragapult|50/100
|move|p1a: Garganacl|Salt Cure|p2a: Dragapult
|-activate|p2a: Dragapult|move: Substitute|[damage]
|
|-heal|p2a: Dragapult|56/100|[from] item: Leftovers
|upkeep
|turn|39
|
|t:|1758299816
|move|p2a: Dragapult|Dragon Darts|p1a: Garganacl
|-damage|p1a: Garganacl|83/100
|-anim|p2a: Dragapult|Dragon Darts|p1a: Garganacl
|-damage|p1a: Garganacl|63/100
|move|p1a: Garganacl|Salt Cure|p2a: Dragapult
|-end|p2a: Dragapult|Substitute
|
|-heal|p2a: Dragapult|62/100|[from] item: Leftovers
|-heal|p1a: Garganacl|69/100|[from] item: Leftovers
|upkeep
|turn|40
|
|t:|1758299818
|move|p2a: Dragapult|Substitute|p2a: Dragapult
|-start|p2a: Dragapult|Substitute
|-damage|p2a: Dragapult|37/100
|move|p1a: Garganacl|Salt Cure|p2a: Dragapult
|-activate|p2a: Dragapult|move: Substitute|[damage]
|
|-heal|p2a: Dragapult|43/100|[from] item: Leftovers
|-heal|p1a: Garganacl|75/100|[from] item: Leftovers
|upkeep
|turn|41
|
|t:|1758299819
|move|p2a: Dragapult|Dragon Darts|p1a: Garganacl
|-damage|p1a: Garganacl|56/100
|-anim|p2a: Dragapult|Dragon Darts|p1a: Garganacl
|-damage|p1a: Garganacl|37/100
|move|p1a: Garganacl|Recover|p1a: Garganacl
|-heal|p1a: Garganacl|87/100
|
|-heal|p2a: Dragapult|49/100|[from] item: Leftovers
|-heal|p1a: Garganacl|93/100|[from] item: Leftovers
|upkeep
|turn|42
|
|t:|1758299822
|move|p2a: Dragapult|Dragon Darts|p1a: Garganacl
|-damage|p1a: Garganacl|76/100
|-anim|p2a: Dragapult|Dragon Darts|p1a: Garganacl
|-damage|p1a: Garganacl|58/100
|move|p1a: Garganacl|Salt Cure|p2a: Dragapult
|-end|p2a: Dragapult|Substitute
|
|-heal|p2a: Dragapult|55/100|[from] item: Leftovers
|-heal|p1a: Garganacl|64/100|[from] item: Leftovers
|upkeep
|turn|43
|
|t:|1758299824
|move|p2a: Dragapult|Substitute|p2a: Dragapult
|-start|p2a: Dragapult|Substitute
|-damage|p2a: Dragapult|30/100
|move|p1a: Garganacl|Salt Cure|p2a: Dragapult
|-activate|p2a: Dragapult|move: Substitute|[damage]
|
|-heal|p2a: Dragapult|36/100|[from] item: Leftovers
|-heal|p1a: Garganacl|70/100|[from] item: Leftovers
|upkeep
|turn|44
|
|t:|1758299826
|move|p2a: Dragapult|Dragon Darts|p1a: Garganacl
|-damage|p1a: Garganacl|53/100
|-anim|p2a: Dragapult|Dragon Darts|p1a: Garganacl
|-damage|p1a: Garganacl|35/100
|move|p1a: Garganacl|Salt Cure|p2a: Dragapult
|-end|p2a: Dragapult|Substitute
|
|-heal|p2a: Dragapult|42/100|[from] item: Leftovers
|-heal|p1a: Garganacl|41/100|[from] item: Leftovers
|upkeep
|turn|45
|
|t:|1758299829
|move|p2a: Dragapult|Substitute|p2a: Dragapult
|-start|p2a: Dragapult|Substitute
|-damage|p2a: Dragapult|17/100
|move|p1a: Garganacl|Salt Cure|p2a: Dragapult
|-activate|p2a: Dragapult|move: Substitute|[damage]
|
|-heal|p2a: Dragapult|23/100|[from] item: Leftovers
|-heal|p1a: Garganacl|47/100|[from] item: Leftovers
|upkeep
|turn|46
|
|t:|1758299831
|move|p2a: Dragapult|Dragon Darts|p1a: Garganacl
|-damage|p1a: Garganacl|27/100
|-anim|p2a: Dragapult|Dragon Darts|p1a: Garganacl
|-damage|p1a: Garganacl|11/100
|move|p1a: Garganacl|Recover|p1a: Garganacl
|-heal|p1a: Garganacl|61/100
|
|-heal|p2a: Dragapult|29/100|[from] item: Leftovers
|-heal|p1a: Garganacl|67/100|[from] item: Leftovers
|upkeep
|turn|47
|
|t:|1758299835
|move|p2a: Dragapult|Dragon Darts|p1a: Garganacl
|-damage|p1a: Garganacl|50/100
|-anim|p2a: Dragapult|Dragon Darts|p1a: Garganacl
|-damage|p1a: Garganacl|32/100
|move|p1a: Garganacl|Salt Cure|p2a: Dragapult
|-end|p2a: Dragapult|Substitute
|
|-heal|p2a: Dragapult|35/100|[from] item: Leftovers
|-heal|p1a: Garganacl|38/100|[from] item: Leftovers
|upkeep
|turn|48
|
|t:|1758299838
|move|p2a: Dragapult|Substitute|p2a: Dragapult
|-start|p2a: Dragapult|Substitute
|-damage|p2a: Dragapult|10/100
|move|p1a: Garganacl|Recover|p1a: Garganacl
|-heal|p1a: Garganacl|88/100
|
|-heal|p2a: Dragapult|16/100|[from] item: Leftovers
|-heal|p1a: Garganacl|95/100|[from] item: Leftovers
|upkeep
|turn|49
|
|t:|1758299839
|move|p2a: Dragapult|Dragon Darts|p1a: Garganacl
|-damage|p1a: Garganacl|77/100
|-anim|p2a: Dragapult|Dragon Darts|p1a: Garganacl
|-damage|p1a: Garganacl|60/100
|move|p1a: Garganacl|Salt Cure|p2a: Dragapult
|-activate|p2a: Dragapult|move: Substitute|[damage]
|
|-heal|p2a: Dragapult|22/100|[from] item: Leftovers
|-heal|p1a: Garganacl|66/100|[from] item: Leftovers
|upkeep
|turn|50
|
|t:|1758299842
|move|p2a: Dragapult|Dragon Darts|p1a: Garganacl
|-damage|p1a: Garganacl|47/100
|-anim|p2a: Dragapult|Dragon Darts|p1a: Garganacl
|-damage|p1a: Garganacl|30/100
|move|p1a: Garganacl|Salt Cure|p2a: Dragapult
|-end|p2a: Dragapult|Substitute
|
|-heal|p2a: Dragapult|28/100|[from] item: Leftovers
|-heal|p1a: Garganacl|36/100|[from] item: Leftovers
|upkeep
|turn|51
|
|t:|1758299846
|move|p2a: Dragapult|Dragon Darts|p1a: Garganacl
|-damage|p1a: Garganacl|18/100
|-anim|p2a: Dragapult|Dragon Darts|p1a: Garganacl
|-damage|p1a: Garganacl|0 fnt
|faint|p1a: Garganacl
|
|-heal|p2a: Dragapult|34/100|[from] item: Leftovers
|upkeep
|
|t:|1758299851
|switch|p1a: Quaquaval|Quaquaval, F|71/100
|-damage|p1a: Quaquaval|65/100|[from] Stealth Rock
|turn|52
|
|t:|1758299853
|-terastallize|p1a: Quaquaval|Steel
|move|p2a: Dragapult|Dragon Darts|p1a: Quaquaval
|-resisted|p1a: Quaquaval
|-damage|p1a: Quaquaval|0 fnt
|faint|p1a: Quaquaval
|
|-heal|p2a: Dragapult|40/100|[from] item: Leftovers
|upkeep
|-message|kennojex forfeited.
|
|win|the goobchamponing
|raw|kennojex's rating: 1563 &rarr; <strong>1543</strong><br />(-20 for losing)
|raw|the goobchamponing's rating: 1558 &rarr; <strong>1578</strong><br />(+20 for winning)
|l|☆kennojex
|player|p1|
