|j|☆KingPikaPika
|j|☆SittinGamer
|t:|1758350981
|gametype|singles
|player|p1|KingPikaPika|pokekid|1764
|player|p2|SittinGamer|dawn-gen4pt|1639
|gen|9
|tier|[Gen 9] OU
|rated|
|rule|HP Percentage Mod: HP is shown in percentages
|rule|Endless Battle Clause: Forcing endless battles is banned
|rule|Species Clause: Limit one of each Pokémon
|rule|OHKO Clause: OHKO moves are banned
|rule|Evasion Items Clause: Evasion items are banned
|rule|Evasion Moves Clause: Evasion moves are banned
|rule|Evasion Abilities Clause: Evasion abilities are banned
|rule|Sleep Moves Clause: Sleep-inducing moves are banned
|clearpoke
|poke|p1|Primarina, M|
|poke|p1|Great Tusk|
|poke|p1|Kingambit, M|
|poke|p1|Slowking-Galar, M|
|poke|p1|Ogerpon, F|
|poke|p1|Enamorus, F|
|poke|p2|Infernape, F|
|poke|p2|Ogerpon-Wellspring, F|
|poke|p2|Gholdengo|
|poke|p2|Hatterene, F|
|poke|p2|Great Tusk|
|poke|p2|Zamazenta-*|
|teampreview
|
|t:|1758350988
|teamsize|p1|6
|teamsize|p2|6
|start
|switch|p1a: Gin|Enamorus, F, shiny|100/100
|switch|p2a: Infernape|Infernape, F|100/100
|turn|1
|
|t:|1758350992
|move|p1a: Gin|Earth Power|p2a: Infernape
|-supereffective|p2a: Infernape
|-enditem|p2a: Infernape|Focus Sash
|-damage|p2a: Infernape|1/100
|move|p2a: Infernape|Overheat|p1a: Gin
|-damage|p1a: Gin|0 fnt
|-unboost|p2a: Infernape|spa|2
|faint|p1a: Gin
|
|upkeep
|
|t:|1758350999
|switch|p1a: Anonymous|Ogerpon, F|100/100
|turn|2
|
|t:|1758351004
|switch|p2a: Zamazenta|Zamazenta|100/100
|-ability|p2a: Zamazenta|Dauntless Shield|boost
|-boost|p2a: Zamazenta|def|1
|move|p1a: Anonymous|Ivy Cudgel|p2a: Zamazenta
|-damage|p2a: Zamazenta|63/100
|
|-heal|p2a: Zamazenta|69/100|[from] item: Leftovers
|upkeep
|turn|3
|
|t:|1758351010
|switch|p1a: Mantra|Slowking-Galar, M, shiny|100/100
|move|p2a: Zamazenta|Crunch|p1a: Mantra
|-supereffective|p1a: Mantra
|-damage|p1a: Mantra|67/100
|
|-heal|p2a: Zamazenta|75/100|[from] item: Leftovers
|upkeep
|turn|4
|
|t:|1758351014
|move|p2a: Zamazenta|Iron Defense|p2a: Zamazenta
|-boost|p2a: Zamazenta|def|2
|move|p1a: Mantra|Psychic Noise|p2a: Zamazenta
|-supereffective|p2a: Zamazenta
|-damage|p2a: Zamazenta|28/100
|-start|p2a: Zamazenta|move: Heal Block
|
|upkeep
|turn|5
|
|t:|1758351018
|move|p2a: Zamazenta|Crunch|p1a: Mantra
|-supereffective|p1a: Mantra
|-damage|p1a: Mantra|34/100
|move|p1a: Mantra|Psychic Noise|p2a: Zamazenta
|-supereffective|p2a: Zamazenta
|-damage|p2a: Zamazenta|0 fnt
|faint|p2a: Zamazenta
|
|upkeep
|
|t:|1758351022
|switch|p2a: Infernape|Infernape, F|1/100
|turn|6
|
|t:|1758351025
|move|p2a: Infernape|Stealth Rock|p1a: Mantra
|-sidestart|p1: KingPikaPika|move: Stealth Rock
|move|p1a: Mantra|Psychic Noise|p2a: Infernape
|-supereffective|p2a: Infernape
|-damage|p2a: Infernape|0 fnt
|faint|p2a: Infernape
|
|upkeep
|
|t:|1758351027
|switch|p2a: Ogerpon|Ogerpon-Wellspring, F|100/100
|turn|7
|
|t:|1758351039
|move|p2a: Ogerpon|Swords Dance|p2a: Ogerpon
|-boost|p2a: Ogerpon|atk|2
|move|p1a: Mantra|Sludge Bomb|p2a: Ogerpon
|-supereffective|p2a: Ogerpon
|-damage|p2a: Ogerpon|26/100
|
|upkeep
|turn|8
|j| hindu's curry
|
|t:|1758351054
|switch|p1a: Celestine|Primarina, M, shiny|100/100
|-damage|p1a: Celestine|88/100|[from] Stealth Rock
|move|p2a: Ogerpon|Knock Off|p1a: Celestine
|-resisted|p1a: Celestine
|-damage|p1a: Celestine|31/100
|-enditem|p1a: Celestine|Leftovers|[from] move: Knock Off|[of] p2a: Ogerpon
|
|upkeep
|turn|9
|
|t:|1758351059
|move|p2a: Ogerpon|Trailblaze|p1a: Celestine
|-supereffective|p1a: Celestine
|-damage|p1a: Celestine|0 fnt
|-boost|p2a: Ogerpon|spe|1
|faint|p1a: Celestine
|
|upkeep
|
|t:|1758351061
|switch|p1a: Overgod|Kingambit, M, shiny|100/100
|-damage|p1a: Overgod|94/100|[from] Stealth Rock
|-activate|p1a: Overgod|ability: Supreme Overlord
|-start|p1a: Overgod|fallen2|[silent]
|turn|10
|
|t:|1758351064
|move|p1a: Overgod|Sucker Punch||[still]
|-fail|p1a: Overgod
|move|p2a: Ogerpon|Swords Dance|p2a: Ogerpon
|-boost|p2a: Ogerpon|atk|2
|
|-heal|p1a: Overgod|100/100|[from] item: Leftovers
|upkeep
|turn|11
|
|t:|1758351067
|move|p1a: Overgod|Sucker Punch||[still]
|-fail|p1a: Overgod
|move|p2a: Ogerpon|Swords Dance|p2a: Ogerpon
|-boost|p2a: Ogerpon|atk|2
|
|upkeep
|turn|12
|l| hindu's curry
|
|t:|1758351069
|move|p2a: Ogerpon|Swords Dance|p2a: Ogerpon
|-boost|p2a: Ogerpon|atk|0
|move|p1a: Overgod|Swords Dance|p1a: Overgod
|-boost|p1a: Overgod|atk|2
|
|upkeep
|turn|13
|
|t:|1758351072
|move|p1a: Overgod|Sucker Punch||[still]
|-fail|p1a: Overgod
|move|p2a: Ogerpon|Swords Dance|p2a: Ogerpon
|-boost|p2a: Ogerpon|atk|0
|
|upkeep
|turn|14
|
|t:|1758351075
|move|p1a: Overgod|Sucker Punch|p2a: Ogerpon
|-damage|p2a: Ogerpon|0 fnt
|faint|p2a: Ogerpon
|
|upkeep
|
|t:|1758351078
|switch|p2a: Great Tusk|Great Tusk|100/100
|-enditem|p2a: Great Tusk|Booster Energy
|-activate|p2a: Great Tusk|ability: Protosynthesis|[fromitem]
|-start|p2a: Great Tusk|protosynthesisatk
|turn|15
|
|t:|1758351083
|-terastallize|p1a: Overgod|Ghost
|move|p2a: Great Tusk|Headlong Rush|p1a: Overgod
|-damage|p1a: Overgod|40/100
|-unboost|p2a: Great Tusk|def|1
|-unboost|p2a: Great Tusk|spd|1
|move|p1a: Overgod|Iron Head|p2a: Great Tusk
|-damage|p2a: Great Tusk|0 fnt
|faint|p2a: Great Tusk
|-end|p2a: Great Tusk|Protosynthesis|[silent]
|
|-heal|p1a: Overgod|46/100|[from] item: Leftovers
|upkeep
|-message|SittinGamer forfeited.
|
|win|KingPikaPika
|raw|KingPikaPika's rating: 1764 &rarr; <strong>1777</strong><br />(+13 for winning)
|raw|SittinGamer's rating: 1639 &rarr; <strong>1626</strong><br />(-13 for losing)
|l|☆SittinGamer
|player|p2|
|l|☆KingPikaPika
|player|p1|
