|j|☆rdxis
|j|☆vanzman74
|t:|1758256995
|gametype|singles
|player|p1|rdxis|benga|1212
|player|p2|vanzman74|1|1208
|gen|9
|tier|[Gen 9] OU
|rated|
|rule|HP Percentage Mod: HP is shown in percentages
|rule|Endless Battle Clause: Forcing endless battles is banned
|rule|Species Clause: Limit one of each Pokémon
|rule|OHKO Clause: OHKO moves are banned
|rule|Evasion Items Clause: Evasion items are banned
|rule|Evasion Moves Clause: Evasion moves are banned
|rule|Evasion Abilities Clause: Evasion abilities are banned
|rule|Sleep Moves Clause: Sleep-inducing moves are banned
|clearpoke
|poke|p1|Cinderace, F|
|poke|p1|Landorus-Therian, M|
|poke|p1|Hatterene, F|
|poke|p1|Darkrai|
|poke|p1|Kyurem|
|poke|p1|Iron Valiant|
|poke|p2|Darkrai|
|poke|p2|Landorus-Therian, M|
|poke|p2|Slowking-Galar, M|
|poke|p2|Noivern, F|
|poke|p2|Scizor, M|
|poke|p2|Ceruledge, F|
|teampreview
|inactive|Battle timer is ON: inactive players will automatically lose when time's up. (requested by vanzman74)
|
|t:|1758257006
|teamsize|p1|6
|teamsize|p2|6
|start
|switch|p1a: Hatterene|Hatterene, F|100/100
|switch|p2a: Landorus|Landorus-Therian, M|100/100
|-ability|p2a: Landorus|Intimidate|boost
|-unboost|p1a: Hatterene|atk|1
|turn|1
|
|t:|1758257015
|switch|p1a: Landorus|Landorus-Therian, M|100/100
|-ability|p1a: Landorus|Intimidate|boost
|-unboost|p2a: Landorus|atk|1
|move|p2a: Landorus|Earth Power|p1a: Landorus
|-immune|p1a: Landorus
|
|upkeep
|turn|2
|
|t:|1758257024
|switch|p1a: Hatterene|Hatterene, F|100/100
|move|p2a: Landorus|Stealth Rock|p1a: Hatterene
|move|p1a: Hatterene|Stealth Rock|p2a: Landorus|[from] ability: Magic Bounce
|-sidestart|p2: vanzman74|move: Stealth Rock
|
|upkeep
|turn|3
|
|t:|1758257035
|move|p2a: Landorus|Earth Power|p1a: Hatterene
|-damage|p1a: Hatterene|57/100
|move|p1a: Hatterene|Psychic Noise|p2a: Landorus
|-damage|p2a: Landorus|66/100
|-start|p2a: Landorus|move: Heal Block
|
|upkeep
|turn|4
|
|t:|1758257041
|move|p2a: Landorus|Earth Power|p1a: Hatterene
|-damage|p1a: Hatterene|10/100
|move|p1a: Hatterene|Draining Kiss|p2a: Landorus
|-damage|p2a: Landorus|44/100
|-heal|p1a: Hatterene|30/100|[from] drain|[of] p2a: Landorus
|-damage|p1a: Hatterene|13/100|[from] item: Rocky Helmet|[of] p2a: Landorus
|
|-end|p2a: Landorus|move: Heal Block
|upkeep
|turn|5
|
|t:|1758257050
|switch|p1a: Kyurem|Kyurem|100/100
|-ability|p1a: Kyurem|Pressure
|move|p2a: Landorus|Earth Power|p1a: Kyurem
|-damage|p1a: Kyurem|58/100
|
|upkeep
|turn|6
|
|t:|1758257056
|move|p1a: Kyurem|Dragon Dance|p1a: Kyurem
|-boost|p1a: Kyurem|atk|1
|-boost|p1a: Kyurem|spe|1
|move|p2a: Landorus|U-turn|p1a: Kyurem
|-damage|p1a: Kyurem|46/100
|
|t:|1758257059
|switch|p2a: Scizor|Scizor, M|100/100|[from] U-turn
|-damage|p2a: Scizor|88/100|[from] Stealth Rock
|
|upkeep
|turn|7
|
|t:|1758257068
|-terastallize|p1a: Kyurem|Electric
|move|p2a: Scizor|Bullet Punch|p1a: Kyurem
|-resisted|p1a: Kyurem
|-damage|p1a: Kyurem|23/100
|move|p1a: Kyurem|Substitute|p1a: Kyurem
|-fail|p1a: Kyurem|move: Substitute|[weak]
|
|upkeep
|turn|8
|
|t:|1758257075
|move|p2a: Scizor|Bullet Punch|p1a: Kyurem
|-resisted|p1a: Kyurem
|-damage|p1a: Kyurem|0 fnt
|faint|p1a: Kyurem
|
|upkeep
|
|t:|1758257080
|switch|p1a: Cinderace|Cinderace, F|100/100
|turn|9
|
|t:|1758257090
|switch|p2a: Landorus|Landorus-Therian, M|44/100
|-damage|p2a: Landorus|31/100|[from] Stealth Rock
|-ability|p2a: Landorus|Intimidate|boost
|-unboost|p1a: Cinderace|atk|1
|move|p1a: Cinderace|Swords Dance|p1a: Cinderace
|-boost|p1a: Cinderace|atk|2
|
|upkeep
|turn|10
|
|t:|1758257097
|move|p1a: Cinderace|Pyro Ball|p2a: Landorus
|-damage|p2a: Landorus|0 fnt
|faint|p2a: Landorus
|
|upkeep
|
|t:|1758257103
|switch|p2a: Noivern|Noivern, F|100/100
|-item|p1a: Cinderace|Focus Sash|[from] ability: Frisk|[of] p2a: Noivern
|turn|11
|
|t:|1758257109
|move|p2a: Noivern|Defog|p1a: Cinderace
|-unboost|p1a: Cinderace|evasion|1
|-sideend|p2: vanzman74|Stealth Rock|[from] move: Defog|[of] p2a: Noivern
|move|p1a: Cinderace|Swords Dance|p1a: Cinderace
|-boost|p1a: Cinderace|atk|2
|
|upkeep
|turn|12
|
|t:|1758257117
|move|p2a: Noivern|Draco Meteor|p1a: Cinderace
|-damage|p1a: Cinderace|15/100
|-unboost|p2a: Noivern|spa|2
|move|p1a: Cinderace|Swords Dance|p1a: Cinderace
|-boost|p1a: Cinderace|atk|2
|
|upkeep
|turn|13
|
|t:|1758257122
|move|p2a: Noivern|Draco Meteor|p1a: Cinderace
|-damage|p1a: Cinderace|0 fnt
|-unboost|p2a: Noivern|spa|2
|faint|p1a: Cinderace
|
|upkeep
|
|t:|1758257130
|switch|p1a: Iron Valiant|Iron Valiant|100/100
|-enditem|p1a: Iron Valiant|Booster Energy
|-activate|p1a: Iron Valiant|ability: Quark Drive|[fromitem]
|-start|p1a: Iron Valiant|quarkdrivespe
|turn|14
|
|t:|1758257135
|move|p1a: Iron Valiant|Knock Off|p2a: Noivern
|-damage|p2a: Noivern|59/100
|-enditem|p2a: Noivern|Heavy-Duty Boots|[from] move: Knock Off|[of] p1a: Iron Valiant
|move|p2a: Noivern|U-turn|p1a: Iron Valiant
|-resisted|p1a: Iron Valiant
|-damage|p1a: Iron Valiant|97/100
|
|t:|1758257138
|switch|p2a: Scizor|Scizor, M|88/100|[from] U-turn
|
|upkeep
|turn|15
|
|t:|1758257143
|move|p2a: Scizor|Bullet Punch|p1a: Iron Valiant
|-supereffective|p1a: Iron Valiant
|-damage|p1a: Iron Valiant|0 fnt
|faint|p1a: Iron Valiant
|-end|p1a: Iron Valiant|Quark Drive|[silent]
|
|upkeep
|
|t:|1758257150
|switch|p1a: Landorus|Landorus-Therian, M|100/100
|-ability|p1a: Landorus|Intimidate|boost
|-unboost|p2a: Scizor|atk|1
|turn|16
|
|t:|1758257158
|switch|p2a: Darkrai|Darkrai|100/100
|move|p1a: Landorus|Stealth Rock|p2a: Darkrai
|-sidestart|p2: vanzman74|move: Stealth Rock
|
|upkeep
|turn|17
|
|t:|1758257168
|move|p2a: Darkrai|Ice Beam|p1a: Landorus
|-supereffective|p1a: Landorus
|-damage|p1a: Landorus|0 fnt
|faint|p1a: Landorus
|
|upkeep
|
|t:|1758257170
|switch|p1a: Darkrai|Darkrai|100/100
|turn|18
|
|t:|1758257191
|switch|p2a: Noivern|Noivern, F|59/100
|-damage|p2a: Noivern|34/100|[from] Stealth Rock
|-item|p1a: Darkrai|Roseli Berry|[from] ability: Frisk|[of] p2a: Noivern
|move|p1a: Darkrai|Nasty Plot|p1a: Darkrai
|-boost|p1a: Darkrai|spa|2
|
|upkeep
|turn|19
|
|t:|1758257214
|move|p1a: Darkrai|Dark Pulse|p2a: Noivern
|-damage|p2a: Noivern|0 fnt
|faint|p2a: Noivern
|
|upkeep
|
|t:|1758257219
|switch|p2a: Darkrai|Darkrai|100/100
|-damage|p2a: Darkrai|88/100|[from] Stealth Rock
|turn|20
|
|t:|1758257221
|move|p1a: Darkrai|Focus Blast|p2a: Darkrai
|-supereffective|p2a: Darkrai
|-damage|p2a: Darkrai|0 fnt
|faint|p2a: Darkrai
|
|upkeep
|
|t:|1758257227
|switch|p2a: Scizor|Scizor, M|88/100
|-damage|p2a: Scizor|76/100|[from] Stealth Rock
|turn|21
|
|t:|1758257230
|move|p2a: Scizor|Bullet Punch|p1a: Darkrai
|-damage|p1a: Darkrai|28/100
|move|p1a: Darkrai|Dark Pulse|p2a: Scizor
|-damage|p2a: Scizor|0 fnt
|faint|p2a: Scizor
|
|upkeep
|
|t:|1758257235
|switch|p2a: Ceruledge|Ceruledge, F, shiny|100/100
|-damage|p2a: Ceruledge|76/100|[from] Stealth Rock
|turn|22
|
|t:|1758257238
|-terastallize|p2a: Ceruledge|Bug
|move|p1a: Darkrai|Dark Pulse|p2a: Ceruledge
|-damage|p2a: Ceruledge|15/100
|move|p2a: Ceruledge|Bitter Blade|p1a: Darkrai
|-damage|p1a: Darkrai|0 fnt
|-heal|p2a: Ceruledge|26/100|[from] drain|[of] p1a: Darkrai
|faint|p1a: Darkrai
|
|upkeep
|
|t:|1758257242
|switch|p1a: Hatterene|Hatterene, F|13/100
|turn|23
|
|t:|1758257245
|move|p2a: Ceruledge|Shadow Sneak|p1a: Hatterene
|-supereffective|p1a: Hatterene
|-damage|p1a: Hatterene|0 fnt
|-damage|p2a: Ceruledge|10/100|[from] item: Rocky Helmet|[of] p1a: Hatterene
|faint|p1a: Hatterene
|
|win|vanzman74
|raw|rdxis's rating: 1212 &rarr; <strong>1187</strong><br />(-25 for losing)
|raw|vanzman74's rating: 1208 &rarr; <strong>1233</strong><br />(+25 for winning)
|l|☆rdxis
|player|p1|
|l|☆vanzman74
|player|p2|
