|j|☆weixingzhu
|j|☆raviolikid
|t:|1758345666
|gametype|singles
|player|p1|weixingzhu|caitlin|1610
|player|p2|raviolikid|clair|1589
|gen|9
|tier|[Gen 9] OU
|rated|
|rule|HP Percentage Mod: HP is shown in percentages
|rule|Endless Battle Clause: Forcing endless battles is banned
|rule|Species Clause: Limit one of each Pokémon
|rule|OHKO Clause: OHKO moves are banned
|rule|Evasion Items Clause: Evasion items are banned
|rule|Evasion Moves Clause: Evasion moves are banned
|rule|Evasion Abilities Clause: Evasion abilities are banned
|rule|Sleep Moves Clause: Sleep-inducing moves are banned
|clearpoke
|poke|p1|Dragonite, M|
|poke|p1|Samurott-Hisui, M|
|poke|p1|Landorus-Therian, M|
|poke|p1|Gholdengo|
|poke|p1|Kyurem|
|poke|p1|Darkrai|
|poke|p2|Garchomp, M|
|poke|p2|Iron Treads|
|poke|p2|Primarina, M|
|poke|p2|Pecharunt|
|poke|p2|Meowscarada, F|
|poke|p2|Raging Bolt|
|teampreview
|inactive|Battle timer is ON: inactive players will automatically lose when time's up. (requested by raviolikid)
|inactive|weixingzhu also wants the timer to be on.
|
|t:|1758345683
|teamsize|p1|6
|teamsize|p2|6
|start
|switch|p1a: Gholdengo|Gholdengo|100/100
|switch|p2a: Poker Face|Meowscarada, F|100/100
|-item|p1a: Gholdengo|Air Balloon
|turn|1
|
|t:|1758345691
|move|p2a: Poker Face|U-turn|p1a: Gholdengo
|-start|p2a: Poker Face|typechange|Bug|[from] ability: Protean
|-resisted|p1a: Gholdengo
|-damage|p1a: Gholdengo|94/100
|-enditem|p1a: Gholdengo|Air Balloon
|
|t:|1758345696
|switch|p2a: Venus|Raging Bolt|100/100|[from] U-turn
|move|p1a: Gholdengo|Hex|p2a: Venus
|-damage|p2a: Venus|75/100
|
|upkeep
|turn|2
|
|t:|1758345707
|switch|p1a: Landorus|Landorus-Therian, M|100/100
|-ability|p1a: Landorus|Intimidate|boost
|-unboost|p2a: Venus|atk|1
|move|p2a: Venus|Volt Switch|p1a: Landorus
|-immune|p1a: Landorus
|
|upkeep
|turn|3
|
|t:|1758345713
|-end|p2a: Venus|Protosynthesis|[silent]
|switch|p2a: Monster|Garchomp, M|100/100
|move|p1a: Landorus|Earthquake|p2a: Monster
|-damage|p2a: Monster|65/100
|
|upkeep
|turn|4
|
|t:|1758345719
|move|p1a: Landorus|Earthquake|p2a: Monster
|-damage|p2a: Monster|27/100
|move|p2a: Monster|Stealth Rock|p1a: Landorus
|-sidestart|p1: weixingzhu|move: Stealth Rock
|
|upkeep
|turn|5
|
|t:|1758345723
|switch|p2a: Disease|Pecharunt|100/100
|-item|p2a: Disease|Air Balloon
|move|p1a: Landorus|Earthquake|p2a: Disease
|-immune|p2a: Disease
|
|upkeep
|turn|6
|
|t:|1758345726
|switch|p1a: Samurott|Samurott-Hisui, M|100/100
|-damage|p1a: Samurott|88/100|[from] Stealth Rock
|move|p2a: Disease|Shadow Ball|p1a: Samurott
|-resisted|p1a: Samurott
|-damage|p1a: Samurott|76/100
|-unboost|p1a: Samurott|spd|1
|
|upkeep
|turn|7
|
|t:|1758345737
|move|p2a: Disease|Malignant Chain|p1a: Samurott
|-damage|p1a: Samurott|27/100
|move|p1a: Samurott|Ceaseless Edge|p2a: Disease
|-supereffective|p2a: Disease
|-damage|p2a: Disease|45/100
|-enditem|p2a: Disease|Air Balloon
|-sidestart|p2: raviolikid|Spikes
|
|upkeep
|turn|8
|
|t:|1758345746
|move|p2a: Disease|Malignant Chain|p1a: Samurott
|-damage|p1a: Samurott|0 fnt
|faint|p1a: Samurott
|
|upkeep
|
|t:|1758345750
|switch|p1a: Landorus|Landorus-Therian, M|100/100
|-damage|p1a: Landorus|88/100|[from] Stealth Rock
|-ability|p1a: Landorus|Intimidate|boost
|-unboost|p2a: Disease|atk|1
|turn|9
|
|t:|1758345755
|move|p1a: Landorus|Earthquake|p2a: Disease
|-supereffective|p2a: Disease
|-damage|p2a: Disease|0 fnt
|faint|p2a: Disease
|
|upkeep
|
|t:|1758345763
|switch|p2a: Poker Face|Meowscarada, F|100/100
|-damage|p2a: Poker Face|88/100|[from] Spikes
|turn|10
|inactive|weixingzhu has 120 seconds left.
|
|t:|1758345797
|switch|p1a: Gholdengo|Gholdengo|94/100
|-damage|p1a: Gholdengo|88/100|[from] Stealth Rock
|move|p2a: Poker Face|Triple Axel|p1a: Gholdengo
|-start|p2a: Poker Face|typechange|Ice|[from] ability: Protean
|-resisted|p1a: Gholdengo
|-damage|p1a: Gholdengo|84/100
|-resisted|p1a: Gholdengo
|-damage|p1a: Gholdengo|77/100
|-resisted|p1a: Gholdengo
|-damage|p1a: Gholdengo|66/100
|-hitcount|p1a: Gholdengo|3
|
|upkeep
|turn|11
|
|t:|1758345804
|switch|p2a: Monster|Garchomp, M|27/100
|-damage|p2a: Monster|15/100|[from] Spikes
|switch|p1a: Landorus|Landorus-Therian, M|88/100
|-damage|p1a: Landorus|76/100|[from] Stealth Rock
|-ability|p1a: Landorus|Intimidate|boost
|-unboost|p2a: Monster|atk|1
|
|upkeep
|turn|12
|
|t:|1758345807
|move|p1a: Landorus|Earthquake|p2a: Monster
|-damage|p2a: Monster|0 fnt
|faint|p2a: Monster
|
|upkeep
|
|t:|1758345810
|switch|p2a: Poker Face|Meowscarada, F|88/100
|-damage|p2a: Poker Face|76/100|[from] Spikes
|turn|13
|
|t:|1758345818
|switch|p1a: Gholdengo|Gholdengo|66/100
|-damage|p1a: Gholdengo|59/100|[from] Stealth Rock
|move|p2a: Poker Face|Triple Axel|p1a: Gholdengo
|-start|p2a: Poker Face|typechange|Ice|[from] ability: Protean
|-resisted|p1a: Gholdengo
|-damage|p1a: Gholdengo|56/100
|-resisted|p1a: Gholdengo
|-damage|p1a: Gholdengo|48/100
|-resisted|p1a: Gholdengo
|-damage|p1a: Gholdengo|38/100
|-hitcount|p1a: Gholdengo|3
|
|upkeep
|turn|14
|
|t:|1758345822
|switch|p2a: 1000 Doves|Primarina, M|100/100
|-damage|p2a: 1000 Doves|88/100|[from] Spikes
|move|p1a: Gholdengo|Recover|p1a: Gholdengo
|-heal|p1a: Gholdengo|88/100
|
|upkeep
|turn|15
|
|t:|1758345827
|move|p1a: Gholdengo|Thunder Wave|p2a: 1000 Doves|[miss]
|-miss|p1a: Gholdengo|p2a: 1000 Doves
|move|p2a: 1000 Doves|Surf|p1a: Gholdengo
|-damage|p1a: Gholdengo|40/100
|
|upkeep
|turn|16
|
|t:|1758345833
|move|p1a: Gholdengo|Thunder Wave|p2a: 1000 Doves
|-status|p2a: 1000 Doves|par
|move|p2a: 1000 Doves|Flip Turn|p1a: Gholdengo
|-damage|p1a: Gholdengo|29/100
|
|t:|1758345836
|switch|p2a: Heavy Metal Lover|Iron Treads|100/100|[from] Flip Turn
|
|upkeep
|turn|17
|
|t:|1758345846
|switch|p1a: Dragonite|Dragonite, M|100/100
|move|p2a: Heavy Metal Lover|Rapid Spin|p1a: Dragonite
|-damage|p1a: Dragonite|93/100
|-boost|p2a: Heavy Metal Lover|spe|1
|-sideend|p2: raviolikid|Spikes|[from] move: Rapid Spin|[of] p2a: Heavy Metal Lover
|
|upkeep
|turn|18
|
|t:|1758345855
|switch|p1a: Landorus|Landorus-Therian, M|76/100
|-damage|p1a: Landorus|64/100|[from] Stealth Rock
|-ability|p1a: Landorus|Intimidate|boost
|-unboost|p2a: Heavy Metal Lover|atk|1
|move|p2a: Heavy Metal Lover|Ice Spinner|p1a: Landorus
|-supereffective|p1a: Landorus
|-damage|p1a: Landorus|0 fnt
|faint|p1a: Landorus
|
|upkeep
|
|t:|1758345865
|switch|p1a: Darkrai|Darkrai|100/100
|-damage|p1a: Darkrai|88/100|[from] Stealth Rock
|turn|19
|
|t:|1758345868
|-end|p2a: Heavy Metal Lover|Quark Drive|[silent]
|switch|p2a: 1000 Doves|Primarina, M|88/100 par
|move|p1a: Darkrai|Will-O-Wisp||[still]
|-fail|p1a: Darkrai
|
|-heal|p1a: Darkrai|94/100|[from] item: Leftovers
|upkeep
|turn|20
|
|t:|1758345875
|move|p1a: Darkrai|Knock Off|p2a: 1000 Doves
|-resisted|p2a: 1000 Doves
|-damage|p2a: 1000 Doves|70/100 par
|-enditem|p2a: 1000 Doves|Assault Vest|[from] move: Knock Off|[of] p1a: Darkrai
|cant|p2a: 1000 Doves|par
|
|-heal|p1a: Darkrai|99/100|[from] item: Leftovers
|upkeep
|turn|21
|
|t:|1758345878
|move|p1a: Darkrai|Dark Pulse|p2a: 1000 Doves
|-resisted|p2a: 1000 Doves
|-damage|p2a: 1000 Doves|53/100 par
|move|p2a: 1000 Doves|Surf|p1a: Darkrai
|-damage|p1a: Darkrai|41/100
|
|-heal|p1a: Darkrai|48/100|[from] item: Leftovers
|upkeep
|turn|22
|
|t:|1758345882
|move|p1a: Darkrai|Dark Pulse|p2a: 1000 Doves
|-resisted|p2a: 1000 Doves
|-damage|p2a: 1000 Doves|37/100 par
|move|p2a: 1000 Doves|Draining Kiss|p1a: Darkrai
|-supereffective|p1a: Darkrai
|-damage|p1a: Darkrai|0 fnt
|-heal|p2a: 1000 Doves|75/100 par|[from] drain|[of] p1a: Darkrai
|faint|p1a: Darkrai
|
|upkeep
|
|t:|1758345893
|switch|p1a: Gholdengo|Gholdengo|29/100
|-damage|p1a: Gholdengo|23/100|[from] Stealth Rock
|turn|23
|
|t:|1758345898
|move|p1a: Gholdengo|Recover|p1a: Gholdengo
|-heal|p1a: Gholdengo|73/100
|cant|p2a: 1000 Doves|par
|
|upkeep
|turn|24
|
|t:|1758345902
|move|p1a: Gholdengo|Hex|p2a: 1000 Doves
|-damage|p2a: 1000 Doves|22/100 par
|move|p2a: 1000 Doves|Surf|p1a: Gholdengo
|-damage|p1a: Gholdengo|0 fnt
|faint|p1a: Gholdengo
|
|upkeep
|
|t:|1758345909
|switch|p1a: Kyurem|Kyurem|100/100
|-ability|p1a: Kyurem|Pressure
|turn|25
|
|t:|1758345916
|move|p1a: Kyurem|Freeze-Dry|p2a: 1000 Doves
|-supereffective|p2a: 1000 Doves
|-damage|p2a: 1000 Doves|0 fnt
|faint|p2a: 1000 Doves
|
|upkeep
|
|t:|1758345941
|switch|p2a: Heavy Metal Lover|Iron Treads|100/100
|turn|26
|
|t:|1758345954
|move|p2a: Heavy Metal Lover|Iron Head|p1a: Kyurem
|-supereffective|p1a: Kyurem
|-damage|p1a: Kyurem|39/100
|move|p1a: Kyurem|Earth Power|p2a: Heavy Metal Lover
|-supereffective|p2a: Heavy Metal Lover
|-damage|p2a: Heavy Metal Lover|19/100
|
|upkeep
|turn|27
|
|t:|1758345966
|move|p2a: Heavy Metal Lover|Iron Head|p1a: Kyurem
|-supereffective|p1a: Kyurem
|-damage|p1a: Kyurem|0 fnt
|faint|p1a: Kyurem
|
|upkeep
|
|t:|1758345968
|switch|p1a: Dragonite|Dragonite, M|93/100
|turn|28
|
|t:|1758345971
|-terastallize|p1a: Dragonite|Ghost
|move|p2a: Heavy Metal Lover|Ice Spinner|p1a: Dragonite
|-damage|p1a: Dragonite|70/100
|move|p1a: Dragonite|Dragon Dance|p1a: Dragonite
|-boost|p1a: Dragonite|atk|1
|-boost|p1a: Dragonite|spe|1
|
|upkeep
|turn|29
|
|t:|1758345983
|move|p1a: Dragonite|Encore|p2a: Heavy Metal Lover
|-start|p2a: Heavy Metal Lover|Encore
|move|p2a: Heavy Metal Lover|Ice Spinner|p1a: Dragonite
|-damage|p1a: Dragonite|46/100
|
|upkeep
|turn|30
|
|t:|1758345986
|-end|p2a: Heavy Metal Lover|Quark Drive|[silent]
|switch|p2a: Venus|Raging Bolt|75/100
|move|p1a: Dragonite|Dragon Dance|p1a: Dragonite
|-boost|p1a: Dragonite|atk|1
|-boost|p1a: Dragonite|spe|1
|
|upkeep
|turn|31
|
|t:|1758345994
|-terastallize|p2a: Venus|Flying
|move|p1a: Dragonite|Tera Blast|p2a: Venus|[anim] Tera Blast Ghost
|-damage|p2a: Venus|0 fnt
|faint|p2a: Venus
|-end|p2a: Venus|Protosynthesis|[silent]
|
|upkeep
|
|t:|1758345998
|switch|p2a: Poker Face|Meowscarada, F|76/100
|turn|32
|
|t:|1758346001
|move|p2a: Poker Face|Knock Off|p1a: Dragonite
|-start|p2a: Poker Face|typechange|Dark|[from] ability: Protean
|-supereffective|p1a: Dragonite
|-damage|p1a: Dragonite|0 fnt
|-enditem|p1a: Dragonite|Heavy-Duty Boots|[from] move: Knock Off|[of] p2a: Poker Face
|faint|p1a: Dragonite
|
|win|raviolikid
|raw|weixingzhu's rating: 1610 &rarr; <strong>1589</strong><br />(-21 for losing)
|raw|raviolikid's rating: 1589 &rarr; <strong>1610</strong><br />(+21 for winning)
|l|☆raviolikid
|player|p2|
|l|☆weixingzhu
|player|p1|
