|j|☆miamiaquatic
|j|☆Mtrfenix2999
|t:|1758241242
|gametype|singles
|player|p1|miamiaquatic|2|1227
|player|p2|Mtrfenix2999|265|1167
|gen|9
|tier|[Gen 9] OU
|rated|
|rule|HP Percentage Mod: HP is shown in percentages
|rule|Endless Battle Clause: Forcing endless battles is banned
|rule|Species Clause: Limit one of each Pokémon
|rule|OHKO Clause: OHKO moves are banned
|rule|Evasion Items Clause: Evasion items are banned
|rule|Evasion Moves Clause: Evasion moves are banned
|rule|Evasion Abilities Clause: Evasion abilities are banned
|rule|Sleep Moves Clause: Sleep-inducing moves are banned
|clearpoke
|poke|p1|Dragonite, M|
|poke|p1|Blastoise, M|
|poke|p1|Clefable, F|
|poke|p1|Scizor, M|
|poke|p1|Ceruledge, F|
|poke|p1|Raichu, M|
|poke|p2|Alomomola, M|
|poke|p2|Garganacl, F|
|poke|p2|Tropius, M|
|poke|p2|Kingambit, F|
|poke|p2|Enamorus, F|
|poke|p2|Deoxys-Speed|
|teampreview
|
|t:|1758241258
|teamsize|p1|6
|teamsize|p2|6
|start
|switch|p1a: Raichu|Raichu, M|100/100
|switch|p2a: Deoxys|Deoxys-Speed|100/100
|-ability|p2a: Deoxys|Pressure
|turn|1
|
|t:|1758241270
|move|p2a: Deoxys|Stealth Rock|p1a: Raichu
|-sidestart|p1: miamiaquatic|move: Stealth Rock
|move|p1a: Raichu|Nuzzle|p2a: Deoxys
|-damage|p2a: Deoxys|88/100
|-status|p2a: Deoxys|par
|-damage|p1a: Raichu|91/100|[from] item: Life Orb
|
|upkeep
|turn|2
|
|t:|1758241281
|move|p1a: Raichu|Thunderbolt|p2a: Deoxys
|-damage|p2a: Deoxys|9/100 par
|-damage|p1a: Raichu|81/100|[from] item: Life Orb
|cant|p2a: Deoxys|par
|
|upkeep
|turn|3
|inactive|Battle timer is ON: inactive players will automatically lose when time's up. (requested by Mtrfenix2999)
|
|t:|1758241291
|move|p1a: Raichu|Thunderbolt|p2a: Deoxys
|-damage|p2a: Deoxys|0 fnt
|faint|p2a: Deoxys
|-damage|p1a: Raichu|71/100|[from] item: Life Orb
|
|upkeep
|
|t:|1758241298
|switch|p2a: Tropius|Tropius, M|100/100
|turn|4
|
|t:|1758241303
|move|p1a: Raichu|Nuzzle|p2a: Tropius
|-damage|p2a: Tropius|93/100
|-status|p2a: Tropius|par
|-damage|p1a: Raichu|61/100|[from] item: Life Orb
|move|p2a: Tropius|Substitute|p2a: Tropius
|-start|p2a: Tropius|Substitute
|-damage|p2a: Tropius|68/100 par
|
|upkeep
|turn|5
|
|t:|1758241313
|-terastallize|p2a: Tropius|Ghost
|move|p1a: Raichu|Thunderbolt|p2a: Tropius
|-end|p2a: Tropius|Substitute
|-damage|p1a: Raichu|51/100|[from] item: Life Orb
|move|p2a: Tropius|Curse|p1a: Raichu
|-start|p1a: Raichu|Curse|[of] p2a: Tropius
|-damage|p2a: Tropius|18/100 par
|-enditem|p2a: Tropius|Sitrus Berry|[eat]
|-heal|p2a: Tropius|43/100 par|[from] item: Sitrus Berry
|
|-damage|p1a: Raichu|26/100|[from] Curse
|-item|p2a: Tropius|Sitrus Berry|[from] ability: Harvest
|upkeep
|-enditem|p2a: Tropius|Sitrus Berry|[eat]
|-heal|p2a: Tropius|67/100 par|[from] item: Sitrus Berry
|turn|6
|
|t:|1758241332
|move|p1a: Raichu|Thunderbolt|p2a: Tropius
|-damage|p2a: Tropius|24/100 par
|-damage|p1a: Raichu|16/100|[from] item: Life Orb
|move|p2a: Tropius|Substitute|p2a: Tropius
|-fail|p2a: Tropius|move: Substitute|[weak]
|
|-damage|p1a: Raichu|0 fnt|[from] Curse
|faint|p1a: Raichu
|upkeep
|
|t:|1758241339
|switch|p1a: Scizor|Scizor, M|100/100
|-damage|p1a: Scizor|88/100|[from] Stealth Rock
|turn|7
|
|t:|1758241356
|move|p1a: Scizor|Defog|p2a: Tropius
|-unboost|p2a: Tropius|evasion|1
|-sideend|p1: miamiaquatic|Stealth Rock|[from] move: Defog|[of] p1a: Scizor
|move|p2a: Tropius|Leech Seed|p1a: Scizor
|-start|p1a: Scizor|move: Leech Seed
|
|-damage|p1a: Scizor|76/100|[from] Leech Seed|[of] p2a: Tropius
|-heal|p2a: Tropius|33/100 par|[silent]
|-item|p2a: Tropius|Sitrus Berry|[from] ability: Harvest
|upkeep
|-enditem|p2a: Tropius|Sitrus Berry|[eat]
|-heal|p2a: Tropius|58/100 par|[from] item: Sitrus Berry
|turn|8
|
|t:|1758241369
|cant|p2a: Tropius|par
|move|p1a: Scizor|Swords Dance|p1a: Scizor
|-boost|p1a: Scizor|atk|2
|
|-damage|p1a: Scizor|63/100|[from] Leech Seed|[of] p2a: Tropius
|-heal|p2a: Tropius|67/100 par|[silent]
|upkeep
|turn|9
|
|t:|1758241377
|move|p2a: Tropius|Protect|p2a: Tropius
|-singleturn|p2a: Tropius|Protect
|move|p1a: Scizor|Bullet Punch|p2a: Tropius
|-activate|p2a: Tropius|move: Protect
|
|-damage|p1a: Scizor|51/100|[from] Leech Seed|[of] p2a: Tropius
|-heal|p2a: Tropius|75/100 par|[silent]
|-item|p2a: Tropius|Sitrus Berry|[from] ability: Harvest
|upkeep
|turn|10
|
|t:|1758241388
|move|p1a: Scizor|Bullet Punch|p2a: Tropius
|-damage|p2a: Tropius|2/100 par
|-enditem|p2a: Tropius|Sitrus Berry|[eat]
|-heal|p2a: Tropius|27/100 par|[from] item: Sitrus Berry
|cant|p2a: Tropius|par
|
|-damage|p1a: Scizor|38/100|[from] Leech Seed|[of] p2a: Tropius
|-heal|p2a: Tropius|36/100 par|[silent]
|upkeep
|-enditem|p1a: Scizor|Sitrus Berry|[eat]
|-heal|p1a: Scizor|63/100|[from] item: Sitrus Berry
|turn|11
|
|t:|1758241402
|move|p2a: Tropius|Protect|p2a: Tropius
|-singleturn|p2a: Tropius|Protect
|move|p1a: Scizor|Swords Dance|p1a: Scizor
|-boost|p1a: Scizor|atk|2
|
|-damage|p1a: Scizor|51/100|[from] Leech Seed|[of] p2a: Tropius
|-heal|p2a: Tropius|45/100 par|[silent]
|upkeep
|turn|12
|
|t:|1758241412
|move|p2a: Tropius|Protect|p2a: Tropius
|-singleturn|p2a: Tropius|Protect
|move|p1a: Scizor|Bullet Punch|p2a: Tropius
|-activate|p2a: Tropius|move: Protect
|
|-damage|p1a: Scizor|38/100|[from] Leech Seed|[of] p2a: Tropius
|-heal|p2a: Tropius|53/100 par|[silent]
|-item|p2a: Tropius|Sitrus Berry|[from] ability: Harvest
|upkeep
|turn|13
|
|t:|1758241425
|move|p1a: Scizor|Bullet Punch|p2a: Tropius
|-damage|p2a: Tropius|0 fnt
|faint|p2a: Tropius
|
|upkeep
|
|t:|1758241431
|switch|p2a: Alomomola|Alomomola, M|100/100
|turn|14
|
|t:|1758241438
|move|p2a: Alomomola|Protect|p2a: Alomomola
|-singleturn|p2a: Alomomola|Protect
|move|p1a: Scizor|Trailblaze|p2a: Alomomola
|-activate|p2a: Alomomola|move: Protect
|
|-damage|p1a: Scizor|26/100|[from] Leech Seed|[of] p2a: Alomomola
|upkeep
|turn|15
|
|t:|1758241449
|switch|p2a: Enamorus|Enamorus, F|100/100
|move|p1a: Scizor|Trailblaze|p2a: Enamorus
|-resisted|p2a: Enamorus
|-damage|p2a: Enamorus|29/100
|-boost|p1a: Scizor|spe|1
|
|-heal|p2a: Enamorus|35/100|[from] item: Leftovers
|-damage|p1a: Scizor|14/100|[from] Leech Seed|[of] p2a: Enamorus
|-heal|p2a: Enamorus|47/100|[silent]
|upkeep
|turn|16
|
|t:|1758241462
|switch|p2a: Alomomola|Alomomola, M|100/100
|move|p1a: Scizor|Bullet Punch|p2a: Alomomola
|-resisted|p2a: Alomomola
|-damage|p2a: Alomomola|75/100
|
|-heal|p2a: Alomomola|81/100|[from] item: Leftovers
|-damage|p1a: Scizor|1/100|[from] Leech Seed|[of] p2a: Alomomola
|-heal|p2a: Alomomola|88/100|[silent]
|upkeep
|turn|17
|
|t:|1758241473
|move|p2a: Alomomola|Protect|p2a: Alomomola
|-singleturn|p2a: Alomomola|Protect
|move|p1a: Scizor|Trailblaze|p2a: Alomomola
|-activate|p2a: Alomomola|move: Protect
|
|-heal|p2a: Alomomola|94/100|[from] item: Leftovers
|-damage|p1a: Scizor|0 fnt|[from] Leech Seed|[of] p2a: Alomomola
|-heal|p2a: Alomomola|94/100|[silent]
|faint|p1a: Scizor
|upkeep
|
|t:|1758241487
|switch|p1a: Clefable|Clefable, F|100/100
|turn|18
|
|t:|1758241494
|move|p2a: Alomomola|Wish|p2a: Alomomola
|move|p1a: Clefable|Cosmic Power|p1a: Clefable
|-boost|p1a: Clefable|def|1
|-boost|p1a: Clefable|spd|1
|
|-heal|p2a: Alomomola|99/100|[from] item: Leftovers
|upkeep
|turn|19
|
|t:|1758241504
|switch|p2a: Kingambit|Kingambit, F|100/100
|-activate|p2a: Kingambit|ability: Supreme Overlord
|-start|p2a: Kingambit|fallen2|[silent]
|move|p1a: Clefable|Cosmic Power|p1a: Clefable
|-boost|p1a: Clefable|def|1
|-boost|p1a: Clefable|spd|1
|
|upkeep
|turn|20
|
|t:|1758241514
|-terastallize|p1a: Clefable|Poison
|move|p2a: Kingambit|Swords Dance|p2a: Kingambit
|-boost|p2a: Kingambit|atk|2
|-enditem|p1a: Clefable|Mirror Herb
|-boost|p1a: Clefable|atk|2|[from] item: Mirror Herb
|move|p1a: Clefable|Cosmic Power|p1a: Clefable
|-boost|p1a: Clefable|def|1
|-boost|p1a: Clefable|spd|1
|
|upkeep
|turn|21
|
|t:|1758241524
|move|p2a: Kingambit|Iron Head|p1a: Clefable
|-damage|p1a: Clefable|72/100
|-damage|p2a: Kingambit|91/100|[from] item: Life Orb
|move|p1a: Clefable|Calm Mind|p1a: Clefable
|-boost|p1a: Clefable|spa|1
|-boost|p1a: Clefable|spd|1
|
|upkeep
|turn|22
|
|t:|1758241535
|move|p2a: Kingambit|Swords Dance|p2a: Kingambit
|-boost|p2a: Kingambit|atk|2
|move|p1a: Clefable|Draining Kiss|p2a: Kingambit
|-damage|p2a: Kingambit|61/100
|-heal|p1a: Clefable|95/100|[from] drain|[of] p2a: Kingambit
|
|upkeep
|turn|23
|
|t:|1758241546
|move|p2a: Kingambit|Kowtow Cleave|p1a: Clefable
|-damage|p1a: Clefable|68/100
|-damage|p2a: Kingambit|51/100|[from] item: Life Orb
|move|p1a: Clefable|Cosmic Power|p1a: Clefable
|-boost|p1a: Clefable|def|1
|-boost|p1a: Clefable|spd|1
|
|upkeep
|turn|24
|
|t:|1758241555
|move|p2a: Kingambit|Swords Dance|p2a: Kingambit
|-boost|p2a: Kingambit|atk|2
|move|p1a: Clefable|Draining Kiss|p2a: Kingambit
|-damage|p2a: Kingambit|22/100
|-heal|p1a: Clefable|90/100|[from] drain|[of] p2a: Kingambit
|
|upkeep
|turn|25
|
|t:|1758241563
|move|p2a: Kingambit|Iron Head|p1a: Clefable
|-damage|p1a: Clefable|67/100
|-damage|p2a: Kingambit|13/100|[from] item: Life Orb
|move|p1a: Clefable|Calm Mind|p1a: Clefable
|-boost|p1a: Clefable|spa|1
|-boost|p1a: Clefable|spd|1
|
|upkeep
|turn|26
|
|t:|1758241572
|move|p2a: Kingambit|Iron Head|p1a: Clefable
|-damage|p1a: Clefable|45/100
|-damage|p2a: Kingambit|3/100|[from] item: Life Orb
|move|p1a: Clefable|Draining Kiss|p2a: Kingambit
|-damage|p2a: Kingambit|0 fnt
|-heal|p1a: Clefable|46/100|[from] drain|[of] p2a: Kingambit
|faint|p2a: Kingambit
|-end|p2a: Kingambit|fallen2|[silent]
|
|upkeep
|
|t:|1758241587
|switch|p2a: Garganacl|Garganacl, F|100/100
|turn|27
|
|t:|1758241592
|move|p1a: Clefable|Stored Power|p2a: Garganacl
|-damage|p2a: Garganacl|0 fnt
|faint|p2a: Garganacl
|
|upkeep
|-message|Mtrfenix2999 forfeited.
|
|win|miamiaquatic
|raw|miamiaquatic's rating: 1227 &rarr; <strong>1248</strong><br />(+21 for winning)
|raw|Mtrfenix2999's rating: 1167 &rarr; <strong>1146</strong><br />(-21 for losing)
|l|☆Mtrfenix2999
|player|p2|
|l|☆miamiaquatic
|player|p1|
