|j|☆ddnsyde
|j|☆lazywarlock
|t:|1758255007
|gametype|singles
|player|p1|ddnsyde|rocketgrunt|1233
|player|p2|lazywarlock|fantina|1201
|gen|9
|tier|[Gen 9] OU
|rated|
|rule|HP Percentage Mod: HP is shown in percentages
|rule|Endless Battle Clause: Forcing endless battles is banned
|rule|Species Clause: Limit one of each Pokémon
|rule|OHKO Clause: OHKO moves are banned
|rule|Evasion Items Clause: Evasion items are banned
|rule|Evasion Moves Clause: Evasion moves are banned
|rule|Evasion Abilities Clause: Evasion abilities are banned
|rule|Sleep Moves Clause: Sleep-inducing moves are banned
|clearpoke
|poke|p1|Indeedee, M|
|poke|p1|Forretress, F|
|poke|p1|Polteageist|
|poke|p1|Metagross|
|poke|p1|Rillaboom, F|
|poke|p1|Quaquaval, F|
|poke|p2|Ogerpon-Wellspring, F|
|poke|p2|Kingambit, F|
|poke|p2|Kyurem|
|poke|p2|Dragonite, F|
|poke|p2|Garganacl, F|
|poke|p2|Weezing-Galar, M|
|teampreview
|inactive|Battle timer is ON: inactive players will automatically lose when time's up. (requested by lazywarlock)
|
|t:|1758255014
|teamsize|p1|6
|teamsize|p2|6
|start
|switch|p1a: Metagross|Metagross|100/100
|switch|p2a: ふわふわ|Dragonite, F|100/100
|turn|1
|
|t:|1758255021
|move|p2a: ふわふわ|Dragon Dance|p2a: ふわふわ
|-boost|p2a: ふわふわ|atk|1
|-boost|p2a: ふわふわ|spe|1
|move|p1a: Metagross|Stealth Rock|p2a: ふわふわ
|-sidestart|p2: lazywarlock|move: Stealth Rock
|
|upkeep
|turn|2
|
|t:|1758255028
|-terastallize|p2a: ふわふわ|Fire
|-terastallize|p1a: Metagross|Normal
|move|p2a: ふわふわ|Fire Punch|p1a: Metagross
|-damage|p1a: Metagross|54/100
|move|p1a: Metagross|Explosion|p2a: ふわふわ
|-enditem|p1a: Metagross|Normal Gem|[from] gem
|-damage|p2a: ふわふわ|0 fnt
|faint|p1a: Metagross
|faint|p2a: ふわふわ
|
|upkeep
|
|t:|1758255042
|switch|p2a: 味|Garganacl, F|100/100
|switch|p1a: Indeedee|Indeedee, M|100/100
|-fieldstart|move: Psychic Terrain|[from] ability: Psychic Surge|[of] p1a: Indeedee
|-damage|p2a: 味|88/100|[from] Stealth Rock
|turn|3
|
|t:|1758255049
|switch|p2a: 勇者|Kingambit, F, shiny|100/100
|-damage|p2a: 勇者|94/100|[from] Stealth Rock
|-activate|p2a: 勇者|ability: Supreme Overlord
|-start|p2a: 勇者|fallen1|[silent]
|move|p1a: Indeedee|Expanding Force|p2a: 勇者
|-immune|p2a: 勇者
|
|-heal|p2a: 勇者|100/100|[from] item: Leftovers
|upkeep
|turn|4
|
|t:|1758255057
|switch|p1a: Rillaboom|Rillaboom, F|100/100
|-fieldstart|move: Grassy Terrain|[from] ability: Grassy Surge|[of] p1a: Rillaboom
|move|p2a: 勇者|Swords Dance|p2a: 勇者
|-boost|p2a: 勇者|atk|2
|
|upkeep
|turn|5
|
|t:|1758255068
|move|p1a: Rillaboom|Drain Punch|p2a: 勇者
|-supereffective|p2a: 勇者
|-damage|p2a: 勇者|0 fnt
|faint|p2a: 勇者
|-end|p2a: 勇者|fallen1|[silent]
|
|upkeep
|
|t:|1758255071
|switch|p2a: bing chilling 🥶|Kyurem, shiny|100/100
|-damage|p2a: bing chilling 🥶|75/100|[from] Stealth Rock
|-ability|p2a: bing chilling 🥶|Pressure
|turn|6
|
|t:|1758255077
|move|p2a: bing chilling 🥶|Freeze-Dry|p1a: Rillaboom
|-supereffective|p1a: Rillaboom
|-damage|p1a: Rillaboom|26/100
|move|p1a: Rillaboom|Drain Punch|p2a: bing chilling 🥶
|-supereffective|p2a: bing chilling 🥶
|-damage|p2a: bing chilling 🥶|0 fnt
|-heal|p1a: Rillaboom|64/100|[from] drain|[of] p2a: bing chilling 🥶
|faint|p2a: bing chilling 🥶
|
|-heal|p1a: Rillaboom|70/100|[from] Grassy Terrain
|upkeep
|
|t:|1758255085
|switch|p2a: 空っぽ|Weezing-Galar, M|100/100
|-ability|p2a: 空っぽ|Neutralizing Gas
|turn|7
|
|t:|1758255091
|switch|p1a: Forretress|Forretress, F|100/100
|move|p2a: 空っぽ|Will-O-Wisp|p1a: Forretress
|-status|p1a: Forretress|brn
|
|-damage|p1a: Forretress|94/100 brn|[from] brn
|upkeep
|turn|8
|
|t:|1758255101
|move|p2a: 空っぽ|Strange Steam|p1a: Forretress
|-resisted|p1a: Forretress
|-damage|p1a: Forretress|73/100 brn
|move|p1a: Forretress|Explosion|p2a: 空っぽ
|-enditem|p1a: Forretress|Normal Gem|[from] gem
|-damage|p2a: 空っぽ|68/100
|faint|p1a: Forretress
|
|-heal|p2a: 空っぽ|74/100|[from] Grassy Terrain
|-fieldend|move: Grassy Terrain
|upkeep
|
|t:|1758255109
|switch|p1a: Indeedee|Indeedee, M|100/100
|turn|9
|
|t:|1758255115
|-end|p2a: 空っぽ|ability: Neutralizing Gas
|-fieldstart|move: Psychic Terrain|[from] ability: Psychic Surge|[of] p1a: Indeedee
|switch|p2a: 味|Garganacl, F|88/100
|-damage|p2a: 味|76/100|[from] Stealth Rock
|move|p1a: Indeedee|Expanding Force|p2a: 味
|-damage|p2a: 味|25/100
|
|-heal|p2a: 味|31/100|[from] item: Leftovers
|upkeep
|turn|10
|
|t:|1758255123
|move|p1a: Indeedee|Expanding Force|p2a: 味
|-damage|p2a: 味|0 fnt
|faint|p2a: 味
|
|upkeep
|
|t:|1758255125
|switch|p2a: カタオモイ|Ogerpon-Wellspring, F|100/100
|-damage|p2a: カタオモイ|88/100|[from] Stealth Rock
|turn|11
|
|t:|1758255128
|move|p2a: カタオモイ|Ivy Cudgel|p1a: Indeedee|[anim] Ivy Cudgel Water
|-damage|p1a: Indeedee|0 fnt
|faint|p1a: Indeedee
|
|upkeep
|
|t:|1758255131
|switch|p1a: Polteageist|Polteageist|100/100
|turn|12
|
|t:|1758255136
|move|p2a: カタオモイ|Knock Off|p1a: Polteageist
|-supereffective|p1a: Polteageist
|-enditem|p1a: Polteageist|Focus Sash
|-damage|p1a: Polteageist|1/100
|-ability|p1a: Polteageist|Weak Armor|boost
|-unboost|p1a: Polteageist|def|1
|-boost|p1a: Polteageist|spe|2
|move|p1a: Polteageist|Shell Smash|p1a: Polteageist
|-unboost|p1a: Polteageist|def|1
|-unboost|p1a: Polteageist|spd|1
|-boost|p1a: Polteageist|atk|2
|-boost|p1a: Polteageist|spa|2
|-boost|p1a: Polteageist|spe|2
|
|upkeep
|turn|13
|
|t:|1758255148
|move|p1a: Polteageist|Stored Power|p2a: カタオモイ
|-damage|p2a: カタオモイ|0 fnt
|faint|p2a: カタオモイ
|
|upkeep
|
|t:|1758255151
|switch|p2a: 空っぽ|Weezing-Galar, M|74/100
|-ability|p2a: 空っぽ|Neutralizing Gas
|turn|14
|
|t:|1758255153
|move|p1a: Polteageist|Stored Power|p2a: 空っぽ
|-supereffective|p2a: 空っぽ
|-damage|p2a: 空っぽ|0 fnt
|faint|p2a: 空っぽ
|-end|p2a: 空っぽ|ability: Neutralizing Gas
|
|win|ddnsyde
|raw|ddnsyde's rating: 1233 &rarr; <strong>1256</strong><br />(+23 for winning)
|raw|lazywarlock's rating: 1201 &rarr; <strong>1178</strong><br />(-23 for losing)
|l|☆ddnsyde
|player|p1|
|l|☆lazywarlock
|player|p2|
